|j|☆acmilanvgc
|j|☆Arkhamhood17
|html|acmilanvgcArkhamhood17    
|uhtml|bestof|Game 2 of a best-of-3
|t:|1782355295
|gametype|doubles
|player|p1|acmilanvgc|misty|1029
|player|p2|Arkhamhood17|101|1016
|gen|9
|tier|[Gen 9 Champions] VGC 2026 Reg M-B (Bo3)
|rated|
|rule|Species Clause: Limit one of each Pokémon
|rule|Item Clause: Limit 1 of each item
|clearpoke
|poke|p1|Sinistcha, L50|
|poke|p1|Charizard, L50, M, shiny|
|poke|p1|Sneasler, L50, M, shiny|
|poke|p1|Floette-Eternal, L50, F|
|poke|p1|Whimsicott, L50, M|
|poke|p1|Kingambit, L50, F, shiny|
|poke|p2|Lopunny, L50, F|
|poke|p2|Aerodactyl, L50, M|
|poke|p2|Salazzle, L50, F|
|poke|p2|Sinistcha-Masterpiece, L50, shiny|
|poke|p2|Alcremie-Ruby-Swirl, L50, F|
|poke|p2|Altaria, L50, M|
|teampreview|4
|showteam|p1|Sinistcha||Leftovers|Hospitality|MatchaGotcha,TrickRoom,Protect,RagePowder|Bold|||||50|]Charizard||CharizarditeY|SolarPower|HeatWave,SolarBeam,WeatherBall,Protect|Timid||M|||50|]Sneasler||WhiteHerb|Unburden|DireClaw,CloseCombat,Protect,FakeOut|Jolly||M|||50|]Floette-Eternal||Floettite|FlowerVeil|Moonblast,DazzlingGleam,LightofRuin,Protect|Modest||F|||50|]Whimsicott||FocusSash|Prankster|Moonblast,Tailwind,Encore,Protect|Modest||M|||50|]Kingambit||BlackGlasses|Defiant|KowtowCleave,SuckerPunch,SwordsDance,Protect|Adamant||F|||50|
|showteam|p2|Lopunny||Lopunnite|CuteCharm|FakeOut,CloseCombat,Uturn,Protect|Jolly||F|||50|]Aerodactyl||Aerodactylite|RockHead|IronTail,RockSlide,WideGuard,Taunt|Jolly||M|||50|]Salazzle||FocusSash|Corrosion|FakeOut,HeatWave,Toxic,WillOWisp|Timid||F|||50|]Sinistcha-Masterpiece||Leftovers|Hospitality|MatchaGotcha,StrengthSap,RagePowder,LifeDew|Bold|||||50|]Alcremie-Ruby-Swirl||SitrusBerry|AromaVeil|AcidArmor,DrainingKiss,MysticalFire,CalmMind|Modest||F|||50|]Altaria||ChoiceScarf|CloudNine|DracoMeteor,BraveBird,BreakingSwipe,Earthquake|Hasty||M|||50|
|inactive|Battle timer is ON: inactive players will automatically lose when time's up. (requested by Arkhamhood17)
|inactive|acmilanvgc has 60 seconds left.
|inactive|acmilanvgc has 30 seconds left.
|inactive|acmilanvgc has 20 seconds left.
|inactive|acmilanvgc has 15 seconds left.
|inactive|acmilanvgc has 10 seconds left.
|inactive|acmilanvgc has 5 seconds left.
|
|t:|1782355397
|teamsize|p1|4
|teamsize|p2|4
|start
|switch|p1a: Sinistcha|Sinistcha, L50|100/100
|switch|p1b: Charizard|Charizard, L50, M, shiny|100/100
|switch|p2a: Lopunny|Lopunny, L50, F|100/100
|switch|p2b: Salazzle|Salazzle, L50, F|100/100
|turn|1
|
|t:|1782355413
|detailschange|p2a: Lopunny|Lopunny-Mega, L50, F
|-mega|p2a: Lopunny|Lopunny|Lopunnite
|move|p1b: Charizard|Protect|p1b: Charizard
|-singleturn|p1b: Charizard|Protect
|move|p2a: Lopunny|Fake Out|p1a: Sinistcha
|-damage|p1a: Sinistcha|81/100
|move|p2b: Salazzle|Fake Out|p1b: Charizard
|-activate|p1b: Charizard|move: Protect
|cant|p1a: Sinistcha|flinch
|
|-heal|p1a: Sinistcha|87/100|[from] item: Leftovers
|upkeep
|turn|2
|inactive|Arkhamhood17 has 30 seconds left.
|inactive|acmilanvgc has 30 seconds left.
|
|t:|1782355448
|switch|p2b: Altaria|Altaria, L50, M|100/100
|-ability|p2b: Altaria|Cloud Nine
|switch|p1b: Floette|Floette-Eternal, L50, F|100/100
|move|p2a: Lopunny|U-turn|p1a: Sinistcha
|-damage|p1a: Sinistcha|66/100
|
|t:|1782355458
|switch|p2a: Salazzle|Salazzle, L50, F|100/100|[from] U-turn
|move|p1a: Sinistcha|Trick Room|p1a: Sinistcha
|-fieldstart|move: Trick Room|[of] p1a: Sinistcha
|
|-heal|p1a: Sinistcha|72/100|[from] item: Leftovers
|upkeep
|turn|3
|inactive|acmilanvgc has 30 seconds left.
|
|t:|1782355489
|move|p1b: Floette|Protect|p1b: Floette
|-singleturn|p1b: Floette|Protect
|move|p1a: Sinistcha|Matcha Gotcha|p2b: Altaria|[spread] p2a,p2b
|-resisted|p2a: Salazzle|2
|-resisted|p2b: Altaria|2
|-damage|p2a: Salazzle|91/100
|-heal|p1a: Sinistcha|77/100|[from] drain|[of] p2a: Salazzle
|-damage|p2b: Altaria|93/100
|-heal|p1a: Sinistcha|80/100|[from] drain|[of] p2b: Altaria
|move|p2a: Salazzle|Heat Wave|p1a: Sinistcha|[spread] p1a
|-activate|p1b: Floette|move: Protect
|-supereffective|p1a: Sinistcha|1
|-damage|p1a: Sinistcha|22/100
|move|p2b: Altaria|Brave Bird|p1a: Sinistcha
|-supereffective|p1a: Sinistcha|1
|-crit|p1a: Sinistcha
|-damage|p1a: Sinistcha|0 fnt
|faint|p1a: Sinistcha
|-damage|p2b: Altaria|84/100|[from] Recoil
|
|upkeep
|
|t:|1782355493
|switch|p1a: Charizard|Charizard, L50, M, shiny|100/100
|turn|4
|inactive|Arkhamhood17 has 30 seconds left.
|
|t:|1782355521
|switch|p2b: Lopunny|Lopunny-Mega, L50, F|100/100
|detailschange|p1b: Floette|Floette-Mega, L50, F
|-mega|p1b: Floette|Floette|Floettite
|-ability|p1b: Floette|Fairy Aura
|move|p1b: Floette|Dazzling Gleam|p2b: Lopunny|[spread] p2a,p2b
|-resisted|p2a: Salazzle|2
|-supereffective|p2b: Lopunny|1
|-damage|p2a: Salazzle|72/100
|-damage|p2b: Lopunny|0 fnt
|faint|p2b: Lopunny
|move|p1a: Charizard|Heat Wave|p2a: Salazzle|[miss]
|-miss|p1a: Charizard|p2a: Salazzle
|move|p2a: Salazzle|Toxic|p1b: Floette
|-status|p1b: Floette|tox
|
|-damage|p1b: Floette|93/100 tox|[from] psn
|upkeep
|
|t:|1782355533
|switch|p2b: Alcremie|Alcremie-Ruby-Swirl, L50, F|100/100
|turn|5
|
|t:|1782355554
|move|p2b: Alcremie|Calm Mind|p2b: Alcremie
|-boost|p2b: Alcremie|spa|1
|-boost|p2b: Alcremie|spd|1
|move|p1b: Floette|Dazzling Gleam|p2b: Alcremie|[spread] p2a,p2b
|-resisted|p2a: Salazzle|2
|-damage|p2a: Salazzle|51/100
|-damage|p2b: Alcremie|76/100
|move|p1a: Charizard|Heat Wave|p2a: Salazzle|[spread] p2a,p2b
|-resisted|p2a: Salazzle|1
|-crit|p2b: Alcremie
|-damage|p2a: Salazzle|26/100
|-damage|p2b: Alcremie|43/100
|-enditem|p2b: Alcremie|Sitrus Berry|[eat]
|-heal|p2b: Alcremie|68/100|[from] item: Sitrus Berry
|move|p2a: Salazzle|Heat Wave|p1b: Floette|[spread] p1a
|-miss|p2a: Salazzle|p1b: Floette
|-resisted|p1a: Charizard|1
|-damage|p1a: Charizard|81/100
|
|-damage|p1b: Floette|81/100 tox|[from] psn
|upkeep
|turn|6
|
|t:|1782355576
|switch|p2a: Altaria|Altaria, L50, M|84/100
|-ability|p2a: Altaria|Cloud Nine
|move|p2b: Alcremie|Calm Mind|p2b: Alcremie
|-boost|p2b: Alcremie|spa|1
|-boost|p2b: Alcremie|spd|1
|move|p1b: Floette|Dazzling Gleam|p2b: Alcremie|[spread] p2a,p2b
|-supereffective|p2a: Altaria|1
|-damage|p2a: Altaria|0 fnt
|-damage|p2b: Alcremie|48/100
|faint|p2a: Altaria
|move|p1a: Charizard|Heat Wave|p2b: Alcremie
|-damage|p2b: Alcremie|30/100
|
|-damage|p1b: Floette|63/100 tox|[from] psn
|-fieldend|move: Trick Room
|upkeep
|
|t:|1782355586
|switch|p2a: Salazzle|Salazzle, L50, F|26/100
|turn|7
|
|t:|1782355595
|move|p2a: Salazzle|Fake Out|p1b: Floette
|-damage|p1b: Floette|55/100 tox
|move|p1a: Charizard|Heat Wave|p2b: Alcremie|[spread] p2a,p2b
|-resisted|p2a: Salazzle|1
|-damage|p2a: Salazzle|3/100
|-damage|p2b: Alcremie|18/100
|cant|p1b: Floette|flinch
|move|p2b: Alcremie|Draining Kiss|p1b: Floette
|-damage|p1b: Floette|14/100 tox
|-heal|p2b: Alcremie|47/100|[from] drain|[of] p1b: Floette
|
|-damage|p1b: Floette|0 fnt|[from] psn
|faint|p1b: Floette
|upkeep
|
|t:|1782355600
|switch|p1b: Sneasler|Sneasler, L50, M, shiny|100/100
|turn|8
|
|t:|1782355617
|move|p1b: Sneasler|Dire Claw|p2b: Alcremie
|-supereffective|p2b: Alcremie|1
|-damage|p2b: Alcremie|0 fnt
|faint|p2b: Alcremie
|move|p2a: Salazzle|Will-O-Wisp|p1b: Sneasler
|-status|p1b: Sneasler|brn
|move|p1a: Charizard|Heat Wave|p2a: Salazzle|[miss]
|-miss|p1a: Charizard|p2a: Salazzle
|
|-damage|p1b: Sneasler|94/100 brn|[from] brn
|upkeep
|turn|9
|-message|Arkhamhood17 forfeited.
|
|win|acmilanvgc
|raw|acmilanvgc's rating: 1029 → 1063(+34 for winning)
|raw|Arkhamhood17's rating: 1016 → 1004(-12 for losing)
|l|☆Arkhamhood17
|player|p2|
