|j|☆myshirtisdirty
|j|☆colemarcusvgc
|html|myshirtisdirtycolemarcusvgc    
|uhtml|bestof|Game 3 of a best-of-3
|t:|1757643713
|gametype|doubles
|player|p1|myshirtisdirty|266|1093
|player|p2|colemarcusvgc|n|1045
|gen|9
|tier|[Gen 9] VGC 2025 Reg H (Bo3)
|rated|
|rule|Species Clause: Limit one of each Pokémon
|rule|Item Clause: Limit 1 of each item
|clearpoke
|poke|p1|Indeedee-F, L50, F|
|poke|p1|Gallade, L50, M|
|poke|p1|Sneasler, L50, F|
|poke|p1|Ursaluna, L50, M|
|poke|p1|Torkoal, L50, M|
|poke|p1|Hatterene, L50, F|
|poke|p2|Indeedee-F, L50, F|
|poke|p2|Hatterene, L50, F|
|poke|p2|Gallade, L50, M|
|poke|p2|Ursaluna, L50, M|
|poke|p2|Torkoal, L50, F|
|poke|p2|Zoroark-Hisui, L50, F|
|teampreview|4
|showteam|p1|Indeedee-F||SafetyGoggles|PsychicSurge|DazzlingGleam,HelpingHand,TrickRoom,FollowMe|||F|||50|,,,,,Fairy]Gallade||ClearAmulet|Sharpness|PsychoCut,SacredSword,TrickRoom,WideGuard|||M|||50|,,,,,Steel]Sneasler||PsychicSeed|Unburden|CloseCombat,DireClaw,RockSlide,Protect|||F|||50|,,,,,Rock]Ursaluna||FlameOrb|Guts|Facade,ShadowClaw,HeadlongRush,Protect|||M|||50|,,,,,Ghost]Torkoal||EjectPack|Drought|Eruption,HeatWave,Protect,Yawn|||M|||50|,,,,,Fire]Hatterene||TwistedSpoon|MagicBounce|ExpandingForce,DazzlingGleam,MysticalFire,TrickRoom|||F|||50|,,,,,Fire
|showteam|p2|Indeedee-F||PsychicSeed|PsychicSurge|TrickRoom,FollowMe,HelpingHand,DazzlingGleam|||F|||50|,,,,,Fire]Hatterene||TwistedSpoon|MagicBounce|ExpandingForce,TrickRoom,DazzlingGleam,Protect|||F|||50|,,,,,Water]Gallade||ClearAmulet|Sharpness|SacredSword,PsychoCut,TrickRoom,WideGuard|||M|||50|,,,,,Grass]Ursaluna||FlameOrb|Guts|HeadlongRush,Facade,Earthquake,Protect|||M|||50|,,,,,Ghost]Torkoal||ChoiceSpecs|Drought|Eruption,HeatWave,WeatherBall,EarthPower|||F|||50|,,,,,Fire]Zoroark-Hisui||FocusSash|Illusion|HyperVoice,BitterMalice,Snarl,Taunt|||F|||50|,,,,,Stellar
|inactive|Battle timer is ON: inactive players will automatically lose when time's up. (requested by colemarcusvgc)
|
|t:|1757643746
|teamsize|p1|4
|teamsize|p2|4
|start
|switch|p1a: Gallade|Gallade, L50, M, shiny|100/100
|switch|p1b: Hatterene|Hatterene, L50, F|100/100
|switch|p2a: Hatterene|Hatterene, L50, F|100/100
|switch|p2b: Gallade|Gallade, L50, M|100/100
|turn|1
|inactive|myshirtisdirty has 30 seconds left.
|c|☆myshirtisdirty|lol come on man
|c|☆myshirtisdirty|my head hurt
|inactive|myshirtisdirty has 20 seconds left.
|inactive|myshirtisdirty has 15 seconds left.
|
|t:|1757643790
|move|p2b: Gallade|Wide Guard|p2b: Gallade
|-singleturn|p2b: Gallade|Wide Guard
|move|p1a: Gallade|Psycho Cut|p2b: Gallade
|-damage|p2b: Gallade|23/100
|move|p1b: Hatterene|Mystical Fire|p2a: Hatterene
|-damage|p2a: Hatterene|66/100
|-unboost|p2a: Hatterene|spa|1
|move|p2a: Hatterene|Trick Room|p2a: Hatterene
|-fieldstart|move: Trick Room|[of] p2a: Hatterene
|
|upkeep
|turn|2
|c|☆colemarcusvgc|its super fun tho u gotta admit
|
|t:|1757643815
|switch|p2b: Ursaluna|Ursaluna, L50, M|100/100
|move|p2a: Hatterene|Protect|p2a: Hatterene
|-singleturn|p2a: Hatterene|Protect
|move|p1b: Hatterene|Expanding Force|p2a: Hatterene
|-activate|p2a: Hatterene|move: Protect
|move|p1a: Gallade|Psycho Cut|p2b: Ursaluna
|-damage|p2b: Ursaluna|56/100
|
|-status|p2b: Ursaluna|brn|[from] item: Flame Orb
|upkeep
|turn|3
|c|☆myshirtisdirty|lol its stressful lol
|inactive|myshirtisdirty has 30 seconds left.
|inactive|colemarcusvgc has 30 seconds left.
|inactive|colemarcusvgc has 20 seconds left.
|inactive|colemarcusvgc has 15 seconds left.
|
|t:|1757643856
|-terastallize|p2a: Hatterene|Water
|move|p1b: Hatterene|Expanding Force|p2b: Ursaluna
|-damage|p2b: Ursaluna|9/100 brn
|move|p2a: Hatterene|Dazzling Gleam|p1b: Hatterene|[spread] p1a,p1b
|-supereffective|p1a: Gallade
|-damage|p1a: Gallade|58/100
|-damage|p1b: Hatterene|74/100
|move|p2b: Ursaluna|Facade|p1b: Hatterene
|-damage|p1b: Hatterene|0 fnt
|faint|p1b: Hatterene
|move|p1a: Gallade|Psycho Cut|p2a: Hatterene
|-damage|p2a: Hatterene|1/100
|
|-damage|p2b: Ursaluna|3/100 brn|[from] brn
|upkeep
|
|t:|1757643870
|switch|p1b: Torkoal|Torkoal, L50, M, shiny|100/100
|-weather|SunnyDay|[from] ability: Drought|[of] p1b: Torkoal
|turn|4
|
|t:|1757643884
|switch|p1a: Ursaluna|Ursaluna, L50, M|100/100
|move|p1b: Torkoal|Eruption|p2a: Hatterene|[spread] p2a,p2b
|-resisted|p2a: Hatterene
|-damage|p2a: Hatterene|0 fnt
|-damage|p2b: Ursaluna|0 fnt
|faint|p2a: Hatterene
|faint|p2b: Ursaluna
|
|-weather|SunnyDay|[upkeep]
|-status|p1a: Ursaluna|brn|[from] item: Flame Orb
|upkeep
|
|t:|1757643895
|switch|p2a: Gallade|Gallade, L50, M|23/100
|switch|p2b: Zoroark|Zoroark-Hisui, L50, F|100/100
|turn|5
|inactive|colemarcusvgc has 30 seconds left.
|
|t:|1757643923
|move|p2a: Gallade|Wide Guard|p2a: Gallade
|-singleturn|p2a: Gallade|Wide Guard
|move|p1b: Torkoal|Yawn|p2a: Gallade
|-start|p2a: Gallade|move: Yawn|[of] p1b: Torkoal
|move|p1a: Ursaluna|Headlong Rush|p2b: Zoroark
|-enditem|p2b: Zoroark|Focus Sash
|-damage|p2b: Zoroark|1/100
|-unboost|p1a: Ursaluna|def|1
|-unboost|p1a: Ursaluna|spd|1
|move|p2b: Zoroark|Snarl|p1b: Torkoal|[spread] p1a,p1b
|-damage|p1a: Ursaluna|82/100 brn
|-damage|p1b: Torkoal|81/100
|-unboost|p1a: Ursaluna|spa|1
|-unboost|p1b: Torkoal|spa|1
|-enditem|p1b: Torkoal|Eject Pack
|
|t:|1757643937
|switch|p1b: Gallade|Gallade, L50, M, shiny|58/100
|
|-weather|SunnyDay|[upkeep]
|-damage|p1a: Ursaluna|76/100 brn|[from] brn
|-fieldend|move: Trick Room
|upkeep
|turn|6
|inactive|myshirtisdirty has 30 seconds left.
|inactive|myshirtisdirty has 20 seconds left.
|
|t:|1757643977
|move|p1a: Ursaluna|Protect|p1a: Ursaluna
|-singleturn|p1a: Ursaluna|Protect
|move|p2b: Zoroark|Bitter Malice|p1b: Gallade
|-supereffective|p1b: Gallade
|-damage|p1b: Gallade|0 fnt
|faint|p1b: Gallade
|move|p2a: Gallade|Sacred Sword|p1a: Ursaluna
|-activate|p1a: Ursaluna|move: Protect
|
|-weather|SunnyDay|[upkeep]
|-damage|p1a: Ursaluna|70/100 brn|[from] brn
|-end|p2a: Gallade|move: Yawn|[silent]
|-status|p2a: Gallade|slp
|upkeep
|
|t:|1757643989
|switch|p1b: Torkoal|Torkoal, L50, M, shiny|81/100
|turn|7
|c|☆colemarcusvgc|yawn is a good choice on torkoal
|inactive|myshirtisdirty has 30 seconds left.
|
|t:|1757644021
|move|p2b: Zoroark|Hyper Voice|p1a: Ursaluna|[spread] p1a,p1b
|-crit|p1b: Torkoal
|-damage|p1a: Ursaluna|23/100 brn
|-damage|p1b: Torkoal|18/100
|cant|p2a: Gallade|slp
|move|p1a: Ursaluna|Headlong Rush|p2b: Zoroark
|-crit|p2b: Zoroark
|-damage|p2b: Zoroark|0 fnt
|-unboost|p1a: Ursaluna|def|1
|-unboost|p1a: Ursaluna|spd|1
|faint|p2b: Zoroark
|move|p1b: Torkoal|Heat Wave|p2a: Gallade
|-damage|p2a: Gallade|0 fnt
|faint|p2a: Gallade
|
|win|myshirtisdirty
|raw|myshirtisdirty's rating: 1093 → 1115(+22 for winning)
|raw|colemarcusvgc's rating: 1045 → 1031(-14 for losing)
|c|☆colemarcusvgc|gg
