|j|☆PoorMonVgc
|j|☆cblonvgc
|html|PoorMonVgccblonvgc    
|uhtml|bestof|Game 2 of a best-of-3
|t:|1756720415
|gametype|doubles
|player|p1|PoorMonVgc|169|1153
|player|p2|cblonvgc|preschooler|1132
|gen|9
|tier|[Gen 9] VGC 2025 Reg H (Bo3)
|rated|
|rule|Species Clause: Limit one of each Pokémon
|rule|Item Clause: Limit 1 of each item
|clearpoke
|poke|p1|Rillaboom, L50, F|
|poke|p1|Kingambit, L50, F|
|poke|p1|Sneasler, L50, M|
|poke|p1|Volcarona, L50, M|
|poke|p1|Electabuzz, L50, F|
|poke|p1|Dragonite, L50, F|
|poke|p2|Armarouge, L50, M|
|poke|p2|Indeedee-F, L50, F|
|poke|p2|Ursaluna, L50, F|
|poke|p2|Gallade, L50, M|
|poke|p2|Torkoal, L50, F|
|poke|p2|Lilligant-Hisui, L50, F|
|teampreview|4
|showteam|p1|Rillaboom||AssaultVest|GrassySurge|FakeOut,WoodHammer,HighHorsepower,GrassyGlide|||F|||50|,,,,,Fire]Kingambit||BlackGlasses|Defiant|KowtowCleave,SuckerPunch,SwordsDance,Protect|||F|||50|,,,,,Dark]Sneasler||FocusSash|Unburden|CloseCombat,DireClaw,Coaching,FakeOut|||M|||50|,,,,,Stellar]Volcarona||CovertCloak|FlameBody|HeatWave,GigaDrain,QuiverDance,Protect|||M|||50|,,,,,Dragon]Electabuzz||Eviolite|VitalSpirit|Electroweb,FollowMe,Taunt,Protect|||F|||50|,,,,,Fairy]Dragonite||LoadedDice|Multiscale|ExtremeSpeed,ScaleShot,Haze,Protect|||F|||50|,,,,,Fairy
|showteam|p2|Armarouge||PowerHerb|FlashFire|MeteorBeam,ExpandingForce,ArmorCannon,TrickRoom|||M|||50|,,,,,Grass]Indeedee-F||RockyHelmet|PsychicSurge|FollowMe,HelpingHand,DazzlingGleam,TrickRoom|||F|||50|,,,,,Steel]Ursaluna||FlameOrb|Guts|HeadlongRush,Facade,Earthquake,Protect|||F|||50|,,,,,Ghost]Gallade||ClearAmulet|Sharpness|PsychoCut,SacredSword,TrickRoom,WideGuard|||M|||50|,,,,,Normal]Torkoal||ChoiceSpecs|Drought|Eruption,HeatWave,WeatherBall,ClearSmog|||F|||50|,,,,,Fire]Lilligant-Hisui||FocusSash|Chlorophyll|SolarBlade,CloseCombat,AfterYou,SleepPowder|||F|||50|,,,,,Ghost
|inactive|Battle timer is ON: inactive players will automatically lose when time's up. (requested by cblonvgc)
|
|t:|1756720428
|teamsize|p1|4
|teamsize|p2|4
|start
|switch|p1a: Sneasler|Sneasler, L50, M|100/100
|switch|p1b: Volcarona|Volcarona, L50, M|100/100
|switch|p2a: Indeedee|Indeedee-F, L50, F|100/100
|switch|p2b: Necrozma Dawn|Armarouge, L50, M|100/100
|-fieldstart|move: Psychic Terrain|[from] ability: Psychic Surge|[of] p2a: Indeedee
|turn|1
|
|t:|1756720436
|switch|p1b: Rillaboom|Rillaboom, L50, F|100/100
|-fieldstart|move: Grassy Terrain|[from] ability: Grassy Surge|[of] p1b: Rillaboom
|move|p1a: Sneasler|Fake Out|p2b: Necrozma Dawn
|-damage|p2b: Necrozma Dawn|86/100
|cant|p2b: Necrozma Dawn|flinch
|move|p2a: Indeedee|Trick Room|p2a: Indeedee
|-fieldstart|move: Trick Room|[of] p2a: Indeedee
|
|-heal|p2b: Necrozma Dawn|93/100|[from] Grassy Terrain
|upkeep
|turn|2
|inactive|PoorMonVgc has 30 seconds left.
|
|t:|1756720468
|switch|p2a: Ursaluna|Ursaluna, L50, F|100/100
|move|p1b: Rillaboom|Fake Out|p2b: Necrozma Dawn
|-damage|p2b: Necrozma Dawn|80/100
|cant|p2b: Necrozma Dawn|flinch
|move|p1a: Sneasler|Dire Claw|p2b: Necrozma Dawn
|-damage|p2b: Necrozma Dawn|39/100
|-status|p2b: Necrozma Dawn|psn
|
|-heal|p2b: Necrozma Dawn|45/100 psn|[from] Grassy Terrain
|-damage|p2b: Necrozma Dawn|33/100 psn|[from] psn
|-status|p2a: Ursaluna|brn|[from] item: Flame Orb
|upkeep
|turn|3
|
|t:|1756720488
|switch|p1a: Kingambit|Kingambit, L50, F|100/100
|-terastallize|p1b: Rillaboom|Fire
|move|p2a: Ursaluna|Facade|p1a: Kingambit
|-resisted|p1a: Kingambit
|-damage|p1a: Kingambit|51/100
|move|p2b: Necrozma Dawn|Expanding Force|p1a: Kingambit
|-immune|p1a: Kingambit
|move|p1b: Rillaboom|Wood Hammer|p2a: Ursaluna
|-supereffective|p2a: Ursaluna
|-damage|p2a: Ursaluna|0 fnt
|faint|p2a: Ursaluna
|-damage|p1b: Rillaboom|61/100|[from] Recoil
|
|-heal|p1a: Kingambit|57/100|[from] Grassy Terrain
|-heal|p2b: Necrozma Dawn|39/100 psn|[from] Grassy Terrain
|-heal|p1b: Rillaboom|67/100|[from] Grassy Terrain
|-damage|p2b: Necrozma Dawn|27/100 psn|[from] psn
|upkeep
|
|t:|1756720496
|switch|p2a: Torkoal|Torkoal, L50, F|100/100
|-weather|SunnyDay|[from] ability: Drought|[of] p2a: Torkoal
|turn|4
|
|t:|1756720504
|switch|p2b: Indeedee|Indeedee-F, L50, F|100/100
|-fieldstart|move: Psychic Terrain|[from] ability: Psychic Surge|[of] p2b: Indeedee
|switch|p1b: Sneasler|Sneasler, L50, M|100/100
|-terastallize|p2a: Torkoal|Fire
|move|p1a: Kingambit|Protect|p1a: Kingambit
|-singleturn|p1a: Kingambit|Protect
|move|p2a: Torkoal|Eruption|p1b: Sneasler|[spread] p1b
|-activate|p1a: Kingambit|move: Protect
|-enditem|p1b: Sneasler|Focus Sash
|-damage|p1b: Sneasler|1/100
|
|-weather|SunnyDay|[upkeep]
|upkeep
|turn|5
|
|t:|1756720516
|switch|p1a: Rillaboom|Rillaboom, L50, F, tera:Fire|67/100
|-fieldstart|move: Grassy Terrain|[from] ability: Grassy Surge|[of] p1a: Rillaboom
|move|p1b: Sneasler|Fake Out|p2a: Torkoal
|-damage|p2a: Torkoal|89/100
|cant|p2a: Torkoal|flinch
|move|p2b: Indeedee|Dazzling Gleam|p1a: Rillaboom|[spread] p1a,p1b
|-resisted|p1a: Rillaboom
|-damage|p1a: Rillaboom|62/100
|-damage|p1b: Sneasler|0 fnt
|faint|p1b: Sneasler
|
|-weather|SunnyDay|[upkeep]
|-heal|p2a: Torkoal|95/100|[from] Grassy Terrain
|-heal|p1a: Rillaboom|68/100|[from] Grassy Terrain
|-fieldend|move: Trick Room
|upkeep
|
|t:|1756720523
|switch|p1b: Kingambit|Kingambit, L50, F|57/100
|turn|6
|
|t:|1756720528
|move|p2b: Indeedee|Follow Me|p2b: Indeedee
|-singleturn|p2b: Indeedee|move: Follow Me
|move|p1a: Rillaboom|High Horsepower|p2b: Indeedee
|-damage|p2b: Indeedee|69/100
|-damage|p1a: Rillaboom|52/100|[from] item: Rocky Helmet|[of] p2b: Indeedee
|move|p1b: Kingambit|Kowtow Cleave|p2b: Indeedee
|-supereffective|p2b: Indeedee
|-damage|p2b: Indeedee|0 fnt
|-damage|p1b: Kingambit|40/100|[from] item: Rocky Helmet|[of] p2b: Indeedee
|faint|p2b: Indeedee
|move|p2a: Torkoal|Eruption|p1a: Rillaboom|[spread] p1a,p1b
|-resisted|p1a: Rillaboom
|-supereffective|p1b: Kingambit
|-damage|p1a: Rillaboom|0 fnt
|-damage|p1b: Kingambit|0 fnt
|faint|p1a: Rillaboom
|faint|p1b: Kingambit
|
|-weather|SunnyDay|[upkeep]
|-heal|p2a: Torkoal|100/100|[from] Grassy Terrain
|upkeep
|
|t:|1756720534
|switch|p2b: Necrozma Dawn|Armarouge, L50, M|27/100 psn
|switch|p1b: Volcarona|Volcarona, L50, M|100/100
|turn|7
|
|t:|1756720554
|move|p1b: Volcarona|Heat Wave|p2a: Torkoal|[spread] p2a
|-start|p2b: Necrozma Dawn|ability: Flash Fire
|-resisted|p2a: Torkoal
|-damage|p2a: Torkoal|68/100
|move|p2b: Necrozma Dawn|Meteor Beam||[still]
|-prepare|p2b: Necrozma Dawn|Meteor Beam
|-boost|p2b: Necrozma Dawn|spa|1
|-enditem|p2b: Necrozma Dawn|Power Herb
|-anim|p2b: Necrozma Dawn|Meteor Beam|p1b: Volcarona
|-supereffective|p1b: Volcarona
|-damage|p1b: Volcarona|0 fnt
|faint|p1b: Volcarona
|
|win|cblonvgc
|raw|PoorMonVgc's rating: 1153 → 1126(-27 for losing)
|raw|cblonvgc's rating: 1132 → 1159(+27 for winning)
|c|☆cblonvgc|gg
|l|☆PoorMonVgc
|player|p1|
