|j|☆Notaplaceofhonor
|j|☆bleldigs
|html|Notaplaceofhonorbleldigs    
|uhtml|bestof|Game 2 of a best-of-3
|t:|1757002808
|gametype|doubles
|player|p1|Notaplaceofhonor|juan-gen3|1177
|player|p2|bleldigs|265|1040
|gen|9
|tier|[Gen 9] VGC 2025 Reg H (Bo3)
|rated|
|rule|Species Clause: Limit one of each Pokémon
|rule|Item Clause: Limit 1 of each item
|clearpoke
|poke|p1|Ursaluna, L50, M|
|poke|p1|Incineroar, L50, F|
|poke|p1|Archaludon, L50, F|
|poke|p1|Pelipper, L50, F|
|poke|p1|Basculegion, L50, M|
|poke|p1|Sinistcha, L50|
|poke|p2|Dragonite, L50, M|
|poke|p2|Cyclizar, L50, M|
|poke|p2|Incineroar, L50, M|
|poke|p2|Ninetales-Alola, L50, F|
|poke|p2|Porygon2, L50|
|poke|p2|Ursaluna-Bloodmoon, L50, M|
|teampreview|4
|showteam|p1|Ursaluna||FlameOrb|Guts|Protect,Facade,Earthquake,HeadlongRush|||M|||50|,,,,,Ghost]Incineroar||SafetyGoggles|Intimidate|Taunt,FakeOut,KnockOff,PartingShot|||F|||50|,,,,,Ghost]Archaludon||AssaultVest|Stamina|ElectroShot,Snarl,DracoMeteor,BodyPress|||F|||50|,,,,,Grass]Pelipper||FocusSash|Drizzle|Hurricane,WeatherBall,Tailwind,Protect|||F|||50|,,,,,Ghost]Basculegion||ChoiceScarf|Adaptability|WaveCrash,LastRespects,FlipTurn,IcyWind|||M|||50|,,,,,Water]Sinistcha||SitrusBerry|Hospitality|MatchaGotcha,LifeDew,RagePowder,TrickRoom||||||50|,,,,,Water
|showteam|p2|Dragonite||LoadedDice|Multiscale|ScaleShot,ExtremeSpeed,Haze,Protect|||M|||50|,,,,,Fairy]Cyclizar||CovertCloak|Regenerator|DracoMeteor,KnockOff,ShedTail,Protect|||M|||50|,,,,,Ghost]Incineroar||SitrusBerry|Intimidate|FakeOut,PartingShot,KnockOff,FlareBlitz|||M|||50|,,,,,Grass]Ninetales-Alola||FocusSash|SnowWarning|Blizzard,AuroraVeil,Encore,Protect|||F|||50|,,,,,Ghost]Porygon2||Eviolite|Trace|TeraBlast,ShadowBall,Recover,TrickRoom||||||50|,,,,,Stellar]Ursaluna-Bloodmoon||LifeOrb|MindsEye|BloodMoon,EarthPower,HyperVoice,Protect|||M|||50|,,,,,Normal
|
|t:|1757002871
|teamsize|p1|4
|teamsize|p2|4
|start
|switch|p1a: Archaludon|Archaludon, L50, F|100/100
|switch|p1b: Pelipper|Pelipper, L50, F|100/100
|switch|p2a: Cyclizar|Cyclizar, L50, M|100/100
|switch|p2b: Porygon2|Porygon2, L50|100/100
|-weather|RainDance|[from] ability: Drizzle|[of] p1b: Pelipper
|-ability|p2b: Porygon2|Drizzle|Trace|[from] ability: Trace|[of] p1b: Pelipper
|turn|1
|
|t:|1757002908
|move|p2a: Cyclizar|Shed Tail|p2a: Cyclizar
|-start|p2a: Cyclizar|Substitute|[from] move: Shed Tail
|-damage|p2a: Cyclizar|50/100
|
|t:|1757002911
|switch|p2a: Ninetales|Ninetales-Alola, L50, F|100/100|[from] Shed Tail
|-weather|Snowscape|[from] ability: Snow Warning|[of] p2a: Ninetales
|move|p1b: Pelipper|Hurricane|p2b: Porygon2
|-damage|p2b: Porygon2|69/100
|move|p1a: Archaludon|Electro Shot||[still]
|-prepare|p1a: Archaludon|Electro Shot
|-boost|p1a: Archaludon|spa|1
|move|p2b: Porygon2|Tera Blast|p1b: Pelipper
|-damage|p1b: Pelipper|29/100
|
|-weather|Snowscape|[upkeep]
|upkeep
|turn|2
|
|t:|1757002999
|switch|p1b: Basculegion|Basculegion, L50, M|100/100
|switch|p2b: Cyclizar|Cyclizar, L50, M|83/100
|move|p2a: Ninetales|Blizzard|p1a: Archaludon|[spread] p1a,p1b
|-resisted|p1b: Basculegion
|-damage|p1a: Archaludon|79/100
|-damage|p1b: Basculegion|84/100
|-ability|p1a: Archaludon|Stamina|boost
|-boost|p1a: Archaludon|def|1
|move|p1a: Archaludon|Electro Shot|p2b: Cyclizar|[from] lockedmove
|-resisted|p2b: Cyclizar
|-damage|p2b: Cyclizar|22/100
|
|-weather|Snowscape|[upkeep]
|upkeep
|turn|3
|
|t:|1757003061
|move|p1b: Basculegion|Flip Turn|p2a: Ninetales
|-end|p2a: Ninetales|Substitute
|
|t:|1757003064
|switch|p1b: Pelipper|Pelipper, L50, F|29/100|[from] Flip Turn
|-weather|RainDance|[from] ability: Drizzle|[of] p1b: Pelipper
|move|p2b: Cyclizar|Draco Meteor|p1a: Archaludon
|-damage|p1a: Archaludon|39/100
|-unboost|p2b: Cyclizar|spa|2
|-ability|p1a: Archaludon|Stamina|boost
|-boost|p1a: Archaludon|def|1
|move|p2a: Ninetales|Blizzard|p1a: Archaludon|[spread] p1b
|-miss|p2a: Ninetales|p1a: Archaludon
|-damage|p1b: Pelipper|0 fnt
|faint|p1b: Pelipper
|move|p1a: Archaludon|Body Press|p2a: Ninetales
|-damage|p2a: Ninetales|30/100
|
|-weather|RainDance|[upkeep]
|upkeep
|
|t:|1757003081
|switch|p1b: Basculegion|Basculegion, L50, M|84/100
|turn|4
|
|t:|1757003115
|switch|p2a: Dragonite|Dragonite, L50, M, shiny|100/100
|move|p1b: Basculegion|Flip Turn|p2a: Dragonite
|-resisted|p2a: Dragonite
|-damage|p2a: Dragonite|83/100
|
|t:|1757003120
|switch|p1b: Ursaluna|Ursaluna, L50, M|100/100|[from] Flip Turn
|move|p2b: Cyclizar|Knock Off|p1b: Ursaluna
|-damage|p1b: Ursaluna|83/100
|-enditem|p1b: Ursaluna|Flame Orb|[from] move: Knock Off|[of] p2b: Cyclizar
|move|p1a: Archaludon|Electro Shot||[still]
|-prepare|p1a: Archaludon|Electro Shot
|-boost|p1a: Archaludon|spa|1
|-anim|p1a: Archaludon|Electro Shot|p2b: Cyclizar
|-resisted|p2b: Cyclizar
|-damage|p2b: Cyclizar|0 fnt
|faint|p2b: Cyclizar
|
|-weather|RainDance|[upkeep]
|upkeep
|
|t:|1757003133
|switch|p2b: Ninetales|Ninetales-Alola, L50, F|30/100
|-weather|Snowscape|[from] ability: Snow Warning|[of] p2b: Ninetales
|turn|5
|
|t:|1757003159
|-terastallize|p1b: Ursaluna|Ghost
|move|p2b: Ninetales|Encore|p1a: Archaludon
|-start|p1a: Archaludon|Encore
|move|p2a: Dragonite|Scale Shot|p1b: Ursaluna
|-damage|p1b: Ursaluna|73/100
|-damage|p1b: Ursaluna|60/100
|-damage|p1b: Ursaluna|49/100
|-damage|p1b: Ursaluna|37/100
|-hitcount|p1b: Ursaluna|4
|-unboost|p2a: Dragonite|def|1
|-boost|p2a: Dragonite|spe|1
|move|p1a: Archaludon|Electro Shot||[still]
|-prepare|p1a: Archaludon|Electro Shot
|-boost|p1a: Archaludon|spa|1
|move|p1b: Ursaluna|Facade|p2b: Ninetales
|-damage|p2b: Ninetales|0 fnt
|faint|p2b: Ninetales
|
|-weather|Snowscape|[upkeep]
|upkeep
|
|t:|1757003177
|switch|p2b: Porygon2|Porygon2, L50|69/100
|-ability|p2b: Porygon2|Guts|Trace|[from] ability: Trace|[of] p1b: Ursaluna
|turn|6
|
|t:|1757003231
|-terastallize|p2b: Porygon2|Stellar
|move|p2a: Dragonite|Scale Shot|p1b: Ursaluna
|-damage|p1b: Ursaluna|26/100
|-damage|p1b: Ursaluna|14/100
|-damage|p1b: Ursaluna|2/100
|-damage|p1b: Ursaluna|0 fnt
|faint|p1b: Ursaluna
|-hitcount|p1: Ursaluna|4
|-unboost|p2a: Dragonite|def|1
|-boost|p2a: Dragonite|spe|1
|move|p1a: Archaludon|Electro Shot|p2a: Dragonite|[from] lockedmove
|-damage|p2a: Dragonite|0 fnt
|faint|p2a: Dragonite
|move|p2b: Porygon2|Tera Blast|p1a: Archaludon|[anim] Tera Blast Stellar
|-damage|p1a: Archaludon|11/100
|-unboost|p2b: Porygon2|atk|1
|-unboost|p2b: Porygon2|spa|1
|-ability|p1a: Archaludon|Stamina|boost
|-boost|p1a: Archaludon|def|1
|
|-weather|Snowscape|[upkeep]
|upkeep
|
|t:|1757003248
|switch|p1b: Basculegion|Basculegion, L50, M|84/100
|turn|7
|
|t:|1757003256
|move|p1b: Basculegion|Wave Crash|p2b: Porygon2
|-crit|p2b: Porygon2
|-damage|p2b: Porygon2|0 fnt
|faint|p2b: Porygon2
|-damage|p1b: Basculegion|61/100|[from] Recoil
|
|win|Notaplaceofhonor
