|j|☆Rantix D Red
|j|☆leafeon03
|html|Rantix D Redleafeon03    
|uhtml|bestof|Game 2 of a best-of-3
|t:|1785416141
|gametype|doubles
|player|p1|Rantix D Red|ghetsis-gen5bw|1279
|player|p2|leafeon03|erika|1429
|gen|9
|tier|[Gen 9 Champions] VGC 2026 Reg M-B (Bo3)
|rated|
|rule|Species Clause: Limit one of each Pokémon
|rule|Item Clause: Limit 1 of each item
|clearpoke
|poke|p1|Delphox, L50, F|
|poke|p1|Blastoise, L50, M|
|poke|p1|Incineroar, L50, F|
|poke|p1|Sinistcha, L50|
|poke|p1|Sneasler, L50, M|
|poke|p1|Maushold, L50|
|poke|p2|Garchomp, L50, M, shiny|
|poke|p2|Charizard, L50, M, shiny|
|poke|p2|Whimsicott, L50, M|
|poke|p2|Floette-Eternal, L50, F|
|poke|p2|Basculegion, L50, M|
|poke|p2|Kingambit, L50, M, shiny|
|teampreview|4
|showteam|p1|Delphox||Delphoxite|Blaze|HeatWave,NastyPlot,Psyshock,Protect|Timid||F|||50|]Blastoise||Blastoisinite|RainDish|WaterSpout,DarkPulse,ShellSmash,Protect|Timid||M|||50|]Incineroar||SitrusBerry|Intimidate|FakeOut,PartingShot,Roar,FlareBlitz|Careful||F|||50|]Sinistcha||CobaBerry|Hospitality|RagePowder,MatchaGotcha,Protect,LifeDew|Bold|||||50|]Sneasler||FocusSash|PoisonTouch|QuickGuard,FakeOut,CloseCombat,DireClaw|Jolly||M|||50|]Maushold||ChopleBerry|FriendGuard|SuperFang,FollowMe,HelpingHand,Protect|Impish|||||50|
|showteam|p2|Garchomp||LifeOrb|RoughSkin|Earthquake,RockSlide,DragonClaw,Protect|Jolly||M|||50|]Charizard||CharizarditeY|Blaze|HeatWave,WeatherBall,SolarBeam,Protect|Modest||M|||50|]Whimsicott||FocusSash|Prankster|Moonblast,Tailwind,Encore,Protect|Timid||M|||50|]Floette-Eternal||Floettite|FlowerVeil|Moonblast,DazzlingGleam,LightofRuin,Protect|Modest||F|||50|]Basculegion||MysticWater|Adaptability|WaveCrash,LastRespects,AquaJet,Protect|Adamant||M|||50|]Kingambit||ChopleBerry|Defiant|KowtowCleave,SuckerPunch,IronHead,LowKick|Adamant||M|||50|
|inactive|Battle timer is ON: inactive players will automatically lose when time's up. (requested by Rantix D Red)
|
|t:|1785416186
|teamsize|p1|4
|teamsize|p2|4
|start
|switch|p1a: Delphox|Delphox, L50, F|100/100
|switch|p1b: Sinistcha|Sinistcha, L50|100/100
|switch|p2a: Garchomp|Garchomp, L50, M, shiny|100/100
|switch|p2b: Whimsicott|Whimsicott, L50, M|100/100
|turn|1
|inactive|leafeon03 has 30 seconds left.
|
|t:|1785416211
|detailschange|p1a: Delphox|Delphox-Mega, L50, F
|-mega|p1a: Delphox|Delphox|Delphoxite
|move|p2b: Whimsicott|Tailwind|p2b: Whimsicott
|-sidestart|p2: leafeon03|move: Tailwind
|move|p2a: Garchomp|Rock Slide|p1b: Sinistcha|[spread] p1a,p1b
|-supereffective|p1a: Delphox|1
|-damage|p1a: Delphox|35/100
|-damage|p1b: Sinistcha|82/100
|-damage|p2a: Garchomp|90/100|[from] item: Life Orb
|move|p1a: Delphox|Nasty Plot|p1a: Delphox
|-boost|p1a: Delphox|spa|2
|move|p1b: Sinistcha|Life Dew|p1b: Sinistcha|[spread] p1a,p1b
|-heal|p1a: Delphox|60/100
|-heal|p1b: Sinistcha|100/100
|
|upkeep
|turn|2
|inactive|Rantix D Red has 30 seconds left.
|
|t:|1785416239
|switch|p1b: Incineroar|Incineroar, L50, F|100/100
|-ability|p1b: Incineroar|Intimidate|boost
|-unboost|p2a: Garchomp|atk|1
|-unboost|p2b: Whimsicott|atk|1
|move|p1a: Delphox|Protect|p1a: Delphox
|-singleturn|p1a: Delphox|Protect
|move|p2b: Whimsicott|Encore|p1a: Delphox
|-activate|p1a: Delphox|move: Protect
|move|p2a: Garchomp|Rock Slide|p1a: Delphox|[spread] p1b
|-activate|p1a: Delphox|move: Protect
|-supereffective|p1b: Incineroar|1
|-damage|p1b: Incineroar|66/100
|-damage|p2a: Garchomp|80/100|[from] item: Life Orb
|
|upkeep
|turn|3
|
|t:|1785416255
|move|p2b: Whimsicott|Protect|p2b: Whimsicott
|-singleturn|p2b: Whimsicott|Protect
|move|p2a: Garchomp|Protect|p2a: Garchomp
|-singleturn|p2a: Garchomp|Protect
|move|p1b: Incineroar|Fake Out|p2b: Whimsicott
|-activate|p2b: Whimsicott|move: Protect
|move|p1a: Delphox|Psyshock|p2a: Garchomp
|-activate|p2a: Garchomp|move: Protect
|
|upkeep
|turn|4
|inactive|Rantix D Red has 30 seconds left.
|inactive|leafeon03 has 30 seconds left.
|
|t:|1785416286
|move|p1a: Delphox|Protect|p1a: Delphox
|-singleturn|p1a: Delphox|Protect
|move|p2b: Whimsicott|Moonblast|p1a: Delphox
|-activate|p1a: Delphox|move: Protect
|move|p2a: Garchomp|Rock Slide|p1b: Incineroar|[spread] p1b
|-activate|p1a: Delphox|move: Protect
|-supereffective|p1b: Incineroar|1
|-damage|p1b: Incineroar|33/100
|-enditem|p1b: Incineroar|Sitrus Berry|[eat]
|-heal|p1b: Incineroar|58/100|[from] item: Sitrus Berry
|-damage|p2a: Garchomp|70/100|[from] item: Life Orb
|move|p1b: Incineroar|Roar|p2b: Whimsicott
|drag|p2b: Charizard|Charizard, L50, M, shiny|100/100
|
|-sideend|p2: leafeon03|move: Tailwind
|upkeep
|turn|5
|inactive|Rantix D Red has 30 seconds left.
|inactive|leafeon03 has 30 seconds left.
|inactive|leafeon03 has 20 seconds left.
|
|t:|1785416324
|switch|p1b: Sinistcha|Sinistcha, L50|100/100
|-heal|p1a: Delphox|85/100|[from] ability: Hospitality|[of] p1b: Sinistcha
|detailschange|p2b: Charizard|Charizard-Mega-Y, L50, M, shiny
|-mega|p2b: Charizard|Charizard|Charizardite Y
|-weather|SunnyDay|[from] ability: Drought|[of] p2b: Charizard
|move|p2a: Garchomp|Protect|p2a: Garchomp
|-singleturn|p2a: Garchomp|Protect
|move|p1a: Delphox|Psyshock|p2b: Charizard
|-damage|p2b: Charizard|9/100
|move|p2b: Charizard|Heat Wave|p1b: Sinistcha|[spread] p1a,p1b
|-resisted|p1a: Delphox|1
|-supereffective|p1b: Sinistcha|1
|-damage|p1a: Delphox|56/100
|-damage|p1b: Sinistcha|0 fnt
|faint|p1b: Sinistcha
|
|-weather|SunnyDay|[upkeep]
|upkeep
|
|t:|1785416343
|switch|p1b: Incineroar|Incineroar, L50, F|58/100
|-ability|p1b: Incineroar|Intimidate|boost
|-unboost|p2a: Garchomp|atk|1
|-unboost|p2b: Charizard|atk|1
|turn|6
|
|t:|1785416367
|switch|p2a: Basculegion|Basculegion, L50, M|100/100
|move|p2b: Charizard|Protect|p2b: Charizard
|-singleturn|p2b: Charizard|Protect
|move|p1b: Incineroar|Fake Out|p2b: Charizard
|-activate|p2b: Charizard|move: Protect
|move|p1a: Delphox|Psyshock|p2a: Basculegion
|-damage|p2a: Basculegion|3/100
|
|-weather|SunnyDay|[upkeep]
|upkeep
|turn|7
|
|t:|1785416387
|switch|p1b: Maushold|Maushold, L50|100/100
|move|p2a: Basculegion|Protect|p2a: Basculegion
|-singleturn|p2a: Basculegion|Protect
|move|p1a: Delphox|Heat Wave|p2a: Basculegion|[spread] p2b
|-activate|p2a: Basculegion|move: Protect
|-resisted|p2b: Charizard|1
|-damage|p2b: Charizard|0 fnt
|faint|p2b: Charizard
|
|-weather|SunnyDay|[upkeep]
|upkeep
|
|t:|1785416401
|switch|p2b: Whimsicott|Whimsicott, L50, M|100/100
|turn|8
|
|t:|1785416418
|move|p1b: Maushold|Follow Me|p1b: Maushold
|-singleturn|p1b: Maushold|move: Follow Me
|move|p2b: Whimsicott|Tailwind|p2b: Whimsicott
|-sidestart|p2: leafeon03|move: Tailwind
|move|p2a: Basculegion|Wave Crash|p1b: Maushold
|-damage|p1b: Maushold|45/100
|-damage|p2a: Basculegion|0 fnt|[from] Recoil
|faint|p2a: Basculegion
|move|p1a: Delphox|Heat Wave|p2b: Whimsicott|[miss]
|-miss|p1a: Delphox|p2b: Whimsicott
|
|-weather|SunnyDay|[upkeep]
|upkeep
|
|t:|1785416429
|switch|p2a: Garchomp|Garchomp, L50, M, shiny|70/100
|turn|9
|inactive|leafeon03 has 30 seconds left.
|
|t:|1785416458
|move|p1b: Maushold|Follow Me|p1b: Maushold
|-singleturn|p1b: Maushold|move: Follow Me
|move|p2b: Whimsicott|Moonblast|p1b: Maushold
|-damage|p1b: Maushold|5/100
|move|p2a: Garchomp|Rock Slide|p1a: Delphox|[spread] p1a,p1b
|-supereffective|p1a: Delphox|1
|-damage|p1a: Delphox|8/100
|-damage|p1b: Maushold|0 fnt
|faint|p1b: Maushold
|-damage|p2a: Garchomp|61/100|[from] item: Life Orb
|move|p1a: Delphox|Psyshock|p2a: Garchomp
|-damage|p2a: Garchomp|0 fnt
|faint|p2a: Garchomp
|
|-weather|none
|upkeep
|
|t:|1785416470
|switch|p1b: Incineroar|Incineroar, L50, F|58/100
|-ability|p1b: Incineroar|Intimidate|boost
|-unboost|p2b: Whimsicott|atk|1
|turn|10
|
|t:|1785416493
|move|p2b: Whimsicott|Protect|p2b: Whimsicott
|-singleturn|p2b: Whimsicott|Protect
|move|p1b: Incineroar|Fake Out|p2b: Whimsicott
|-activate|p2b: Whimsicott|move: Protect
|move|p1a: Delphox|Psyshock|p2b: Whimsicott
|-activate|p2b: Whimsicott|move: Protect
|
|upkeep
|turn|11
|inactive|leafeon03 has 30 seconds left.
|inactive|leafeon03 has 20 seconds left.
|
|t:|1785416529
|move|p1a: Delphox|Protect|p1a: Delphox
|-singleturn|p1a: Delphox|Protect
|move|p2b: Whimsicott|Moonblast|p1b: Incineroar
|-damage|p1b: Incineroar|31/100
|move|p1b: Incineroar|Flare Blitz|p2b: Whimsicott
|-supereffective|p2b: Whimsicott|1
|-enditem|p2b: Whimsicott|Focus Sash
|-damage|p2b: Whimsicott|1/100
|-damage|p1b: Incineroar|8/100|[from] Recoil
|
|-sideend|p2: leafeon03|move: Tailwind
|upkeep
|turn|12
|inactive|leafeon03 has 30 seconds left.
|
|t:|1785416555
|move|p1a: Delphox|Psyshock|p2b: Whimsicott
|-damage|p2b: Whimsicott|0 fnt
|faint|p2b: Whimsicott
|
|win|Rantix D Red
||Rantix D Red is ready for game 3.
||leafeon03 is ready for game 3.
|uhtml|next|Next: Game 3 of 3
