|j|â˜†andrewisgood
|j|â˜†GuacGangster826
|html|andrewisgoodGuacGangster826    
|uhtml|bestof|Game 1 of a best-of-3
|t:|1783969425
|gametype|doubles
|player|p1|andrewisgood|veteran|
|player|p2|GuacGangster826|falkner|
|gen|9
|tier|[Gen 9 Champions] VGC 2026 Reg M-B (Bo3)
|rule|Species Clause: Limit one of each PokÃ©mon
|rule|Item Clause: Limit 1 of each item
|clearpoke
|poke|p1|Dragalge, L50, M|
|poke|p1|Armarouge, L50, M|
|poke|p1|Slowbro, L50, F|
|poke|p1|Appletun, L50, F|
|poke|p1|Maushold-Four, L50|
|poke|p1|Annihilape, L50, F|
|poke|p2|Pyroar, L50, F, shiny|
|poke|p2|Sableye, L50, F, shiny|
|poke|p2|Scrafty, L50, M|
|poke|p2|Raichu, L50, F, shiny|
|poke|p2|Floette-Eternal, L50, F|
|poke|p2|Blaziken, L50, F|
|teampreview|4
|showteam|p1|Dragalge||Dragalgite|PoisonPoint|Protect,SludgeBomb,DragonPulse,Scald|Quiet||M|||50|]Armarouge||ColburBerry|FlashFire|WillOWisp,ArmorCannon,Psychic,TrickRoom|Quiet||M|||50|]Slowbro||SitrusBerry|Regenerator|Protect,TrickRoom,Scald,Psyshock|Bold||F|||50|]Appletun||RoseliBerry|ThickFat|Protect,AppleAcid,IronHead,Recover|Sassy||F|||50|]Maushold-Four||ChopleBerry|FriendGuard|FollowMe,SuperFang,Protect,BeatUp|Timid|||||50|]Annihilape||LumBerry|Defiant|Protect,BulkUp,DrainPunch,RageFist|Careful||F|||50|
|showteam|p2|Pyroar||Pyroarite|Unnerve|HeatWave,HyperVoice,WillOWisp,Protect|Timid||F|||50|]Sableye||FocusSash|Prankster|Reflect,SunnyDay,Quash,Protect|Bold||F|||50|]Scrafty||SitrusBerry|Intimidate|FakeOut,KnockOff,HelpingHand,Protect|Careful||M|||50|]Raichu||KingsRock|Static|Electroweb,Endeavor,Nuzzle,FakeOut|Hasty||F|||50|]Floette-Eternal||ChoiceScarf|FlowerVeil|LightofRuin,DazzlingGleam,Trick,Protect|Timid||F|||50|]Blaziken||LifeOrb|SpeedBoost|FlareBlitz,CloseCombat,SwordsDance,Protect|Adamant||F|||50|
|
|t:|1783969482
|teamsize|p1|4
|teamsize|p2|4
|start
|switch|p1a: Maushold|Maushold-Four, L50|100/100
|switch|p1b: Annihilape|Annihilape, L50, F|100/100
|switch|p2a: Pyroar|Pyroar, L50, F, shiny|100/100
|switch|p2b: Sableye|Sableye, L50, F, shiny|100/100
|-ability|p2a: Pyroar|Unnerve
|turn|1
|j| Realphoenixking
|
|t:|1783969507
|detailschange|p2a: Pyroar|Pyroar-Mega, L50, F, shiny
|-mega|p2a: Pyroar|Pyroar|Pyroarite
|move|p1a: Maushold|Follow Me|p1a: Maushold
|-singleturn|p1a: Maushold|move: Follow Me
|move|p2b: Sableye|Sunny Day|p2b: Sableye
|-weather|SunnyDay
|move|p2a: Pyroar|Heat Wave|p1a: Maushold|[spread] p1a
|-miss|p2a: Pyroar|p1b: Annihilape
|-damage|p1a: Maushold|13/100
|move|p1b: Annihilape|Bulk Up|p1b: Annihilape
|-boost|p1b: Annihilape|atk|1
|-boost|p1b: Annihilape|def|1
|
|-weather|SunnyDay|[upkeep]
|upkeep
|turn|2
|c| Realphoenixking|Guys idk if you want open team sheets
|c|â˜†andrewisgood|Yeah I'm not sure how that worked there
|c| Realphoenixking|You gotta do mb not bo3 and select the bo3 option on that menu
|inactive|Battle timer is ON: inactive players will automatically lose when time's up. (requested by GuacGangster826)
|
|t:|1783969576
|move|p2b: Sableye|Reflect|p2b: Sableye
|-sidestart|p2: GuacGangster826|Reflect
|move|p2a: Pyroar|Heat Wave|p1b: Annihilape|[spread] p1a,p1b
|-damage|p1a: Maushold|0 fnt
|-damage|p1b: Annihilape|64/100
|faint|p1a: Maushold
|move|p1b: Annihilape|Drain Punch|p2a: Pyroar
|-supereffective|p2a: Pyroar|1
|-damage|p2a: Pyroar|39/100
|-heal|p1b: Annihilape|91/100|[from] drain|[of] p2a: Pyroar
|
|-weather|SunnyDay|[upkeep]
|upkeep
|l| Realphoenixking
|
|t:|1783969583
|switch|p1a: Armarouge|Armarouge, L50, M|100/100
|turn|3
|j| Realphoenixking
|l| Realphoenixking
|inactive|GuacGangster826 has 30 seconds left.
|j| Realphoenixking
|inactive|GuacGangster826 has 20 seconds left.
|inactive|GuacGangster826 has 15 seconds left.
|inactive|GuacGangster826 has 10 seconds left.
|
|t:|1783969632
|switch|p2a: Floette|Floette-Eternal, L50, F|100/100
|move|p2b: Sableye|Quash|p1b: Annihilape
|-activate|p1b: Annihilape|move: Quash
|move|p1a: Armarouge|Trick Room|p1a: Armarouge
|-fieldstart|move: Trick Room|[of] p1a: Armarouge
|move|p1b: Annihilape|Drain Punch|p2a: Floette
|-resisted|p2a: Floette|1
|-damage|p2a: Floette|76/100
|-heal|p1b: Annihilape|99/100|[from] drain|[of] p2a: Floette
|
|-weather|SunnyDay|[upkeep]
|upkeep
|turn|4
|l| Realphoenixking
|
|t:|1783969654
|move|p2b: Sableye|Quash|p1a: Armarouge
|-activate|p1a: Armarouge|move: Quash
|move|p1b: Annihilape|Rage Fist|p2b: Sableye
|-crit|p2b: Sableye
|-damage|p2b: Sableye|13/100
|move|p2a: Floette|Light of Ruin|p1b: Annihilape
|-supereffective|p1b: Annihilape|1
|-damage|p1b: Annihilape|1/100
|-damage|p2a: Floette|5/100|[from] Recoil
|move|p1a: Armarouge|Armor Cannon|p2a: Floette
|-damage|p2a: Floette|0 fnt
|-unboost|p1a: Armarouge|def|1
|-unboost|p1a: Armarouge|spd|1
|faint|p2a: Floette
|
|-weather|SunnyDay|[upkeep]
|upkeep
|
|t:|1783969678
|switch|p2a: Pyroar|Pyroar-Mega, L50, F, shiny|39/100
|turn|5
|
|t:|1783969684
|move|p2b: Sableye|Protect|p2b: Sableye
|-singleturn|p2b: Sableye|Protect
|move|p2a: Pyroar|Protect|p2a: Pyroar
|-singleturn|p2a: Pyroar|Protect
|move|p1a: Armarouge|Psychic|p2a: Pyroar
|-activate|p2a: Pyroar|move: Protect
|move|p1b: Annihilape|Rage Fist|p2b: Sableye
|-activate|p2b: Sableye|move: Protect
|
|-weather|none
|upkeep
|turn|6
|inactive|GuacGangster826 has 30 seconds left.
|inactive|GuacGangster826 has 20 seconds left.
|inactive|GuacGangster826 has 15 seconds left.
|inactive|GuacGangster826 has 10 seconds left.
|
|t:|1783969733
|move|p2b: Sableye|Quash|p1a: Armarouge
|-activate|p1a: Armarouge|move: Quash
|move|p1b: Annihilape|Rage Fist|p2b: Sableye
|-damage|p2b: Sableye|0 fnt
|faint|p2b: Sableye
|move|p2a: Pyroar|Heat Wave|p1a: Armarouge|[spread] p1b
|-start|p1a: Armarouge|ability: Flash Fire
|-damage|p1b: Annihilape|0 fnt
|faint|p1b: Annihilape
|move|p1a: Armarouge|Psychic|p2a: Pyroar
|-crit|p2a: Pyroar
|-damage|p2a: Pyroar|0 fnt
|faint|p2a: Pyroar
|
|-sideend|p2: GuacGangster826|Reflect
|upkeep
|
|t:|1783969752
|switch|p1b: Dragalge|Dragalge, L50, M|100/100
|switch|p2a: Scrafty|Scrafty, L50, M|100/100
|-ability|p2a: Scrafty|Intimidate|boost
|-unboost|p1a: Armarouge|atk|1
|-unboost|p1b: Dragalge|atk|1
|turn|7
|
|t:|1783969763
|detailschange|p1b: Dragalge|Dragalge-Mega, L50, M
|-mega|p1b: Dragalge|Dragalge|Dragalgite
|move|p1b: Dragalge|Dragon Pulse|p2a: Scrafty
|-damage|p2a: Scrafty|68/100
|move|p2a: Scrafty|Knock Off|p1a: Armarouge
|-supereffective|p1a: Armarouge|1
|-enditem|p1a: Armarouge|Colbur Berry|[eat]
|-enditem|p1a: Armarouge|Colbur Berry|[weaken]
|-damage|p1a: Armarouge|57/100
|move|p1a: Armarouge|Will-O-Wisp|p2a: Scrafty
|-status|p2a: Scrafty|brn
|
|-damage|p2a: Scrafty|62/100 brn|[from] brn
|-fieldend|move: Trick Room
|upkeep
|turn|8
|
|t:|1783969780
|move|p1a: Armarouge|Armor Cannon|p2a: Scrafty
|-damage|p2a: Scrafty|0 fnt
|-unboost|p1a: Armarouge|def|1
|-unboost|p1a: Armarouge|spd|1
|faint|p2a: Scrafty
|
|win|andrewisgood
|l|â˜†GuacGangster826
|player|p2|
||GuacGangster826 is ready for game 2.
|inactive|andrewisgood has 30 seconds to confirm battle start!
||andrewisgood is ready for game 2.
|uhtml|next|Next: Game 2 of 3
|j|â˜†GuacGangster826
|player|p2|GuacGangster826|falkner|
