|j|☆mil0battles
|j|☆Basebornrobot
|html|mil0battlesBasebornrobot    
|uhtml|bestof|Game 1 of a best-of-3
|t:|1756782529
|gametype|doubles
|player|p1|mil0battles|pokemonranger-gen4|1127
|player|p2|Basebornrobot|2|1000
|gen|9
|tier|[Gen 9] VGC 2025 Reg H (Bo3)
|rated|
|rule|Species Clause: Limit one of each Pokémon
|rule|Item Clause: Limit 1 of each item
|clearpoke
|poke|p1|Ursaluna-Bloodmoon, L50, M|
|poke|p1|Gholdengo, L50|
|poke|p1|Dragonite, L50, F|
|poke|p1|Primarina, L50, F|
|poke|p1|Amoonguss, L50, M|
|poke|p1|Incineroar, L50, F|
|poke|p2|Kingambit, L50, M|
|poke|p2|Hydrapple, L50, F|
|poke|p2|Toedscruel, L50, M|
|poke|p2|Glimmora, L50, M|
|poke|p2|Grafaiai, L50, M|
|poke|p2|Houndstone, L50, F|
|teampreview|4
|showteam|p1|Ursaluna-Bloodmoon||AssaultVest|MindsEye|BloodMoon,EarthPower,VacuumWave,HyperVoice|||M|||50|,,,,,Water]Gholdengo||LifeOrb|GoodasGold|Protect,MakeItRain,ShadowBall,NastyPlot||||||50|,,,,,Water]Dragonite||LoadedDice|Multiscale|ScaleShot,Tailwind,Haze,Protect|||F|||50|,,,,,Fairy]Primarina||ThroatSpray|LiquidVoice|HyperVoice,Moonblast,Haze,Protect|||F|||50|,,,,,Poison]Amoonguss||SitrusBerry|Regenerator|Spore,RagePowder,PollenPuff,Protect|||M|||50|,,,,,Water]Incineroar||SafetyGoggles|Intimidate|FakeOut,KnockOff,PartingShot,FlareBlitz|||F|||50|,,,,,Ghost
|showteam|p2|Kingambit||WeaknessPolicy|Defiant|SuckerPunch,SwordsDance,Protect,IronHead|||M|||50|,,,,,Ghost]Hydrapple||AssaultVest|Regenerator|FickleBeam,GigaDrain,TeraBlast,EarthPower|||F|||50|,,,,,Steel]Toedscruel||SafetyGoggles|MyceliumMight|TrickRoom,Protect,EarthPower,Spore|||M|||50|,,,,,Water]Glimmora||PowerHerb|ToxicDebris|EarthPower,SludgeWave,MeteorBeam,SpikyShield|||M|||50|,,,,,Grass]Grafaiai||ToxicOrb|Prankster|HelpingHand,GunkShot,Substitute,Encore|||M|||50|,,,,,Ghost]Houndstone||Leftovers|Fluffy|BodyPress,WillOWisp,LastRespects,HelpingHand|||F|||50|,,,,,Fighting
|
|t:|1756782614
|teamsize|p1|4
|teamsize|p2|4
|start
|switch|p1a: Incineroar|Incineroar, L50, F|100/100
|switch|p1b: Dragonite|Dragonite, L50, F|100/100
|switch|p2a: Toedscruel|Toedscruel, L50, M|100/100
|switch|p2b: Hydrapple|Hydrapple, L50, F|100/100
|-ability|p1a: Incineroar|Intimidate|boost
|-unboost|p2a: Toedscruel|atk|1
|-unboost|p2b: Hydrapple|atk|1
|turn|1
|inactive|Battle timer is ON: inactive players will automatically lose when time's up. (requested by mil0battles)
|
|t:|1756782638
|-terastallize|p1b: Dragonite|Fairy
|move|p1a: Incineroar|Fake Out|p2a: Toedscruel
|-damage|p2a: Toedscruel|87/100
|move|p1b: Dragonite|Scale Shot|p2b: Hydrapple
|-supereffective|p2b: Hydrapple
|-damage|p2b: Hydrapple|76/100
|-supereffective|p2b: Hydrapple
|-damage|p2b: Hydrapple|53/100
|-supereffective|p2b: Hydrapple
|-damage|p2b: Hydrapple|30/100
|-supereffective|p2b: Hydrapple
|-damage|p2b: Hydrapple|10/100
|-hitcount|p2b: Hydrapple|4
|-unboost|p1b: Dragonite|def|1
|-boost|p1b: Dragonite|spe|1
|move|p2b: Hydrapple|Fickle Beam|p1a: Incineroar
|-damage|p1a: Incineroar|61/100
|cant|p2a: Toedscruel|flinch
|
|upkeep
|turn|2
|inactive|mil0battles has 30 seconds left.
|inactive|Basebornrobot has 30 seconds left.
|
|t:|1756782664
|switch|p2b: Glimmora|Glimmora, L50, M|100/100
|move|p1b: Dragonite|Tailwind|p1b: Dragonite
|-sidestart|p1: mil0battles|move: Tailwind
|move|p1a: Incineroar|Flare Blitz|p2a: Toedscruel
|-supereffective|p2a: Toedscruel
|-damage|p2a: Toedscruel|0 fnt
|faint|p2a: Toedscruel
|-damage|p1a: Incineroar|35/100|[from] Recoil
|
|upkeep
|
|t:|1756782680
|switch|p2a: Kingambit|Kingambit, L50, M|100/100
|turn|3
|
|t:|1756782691
|move|p1b: Dragonite|Protect|p1b: Dragonite
|-singleturn|p1b: Dragonite|Protect
|move|p2a: Kingambit|Protect|p2a: Kingambit
|-singleturn|p2a: Kingambit|Protect
|move|p1a: Incineroar|Flare Blitz|p2a: Kingambit
|-activate|p2a: Kingambit|move: Protect
|move|p2b: Glimmora|Meteor Beam||[still]
|-prepare|p2b: Glimmora|Meteor Beam
|-boost|p2b: Glimmora|spa|1
|-enditem|p2b: Glimmora|Power Herb
|-anim|p2b: Glimmora|Meteor Beam|p1b: Dragonite
|-activate|p1b: Dragonite|move: Protect
|
|upkeep
|turn|4
|
|t:|1756782709
|-terastallize|p2a: Kingambit|Ghost
|move|p1b: Dragonite|Scale Shot|p2b: Glimmora
|-damage|p2b: Glimmora|83/100
|-activate|p2b: Glimmora|ability: Toxic Debris
|-sidestart|p1: mil0battles|move: Toxic Spikes
|-damage|p2b: Glimmora|63/100
|-activate|p2b: Glimmora|ability: Toxic Debris
|-sidestart|p1: mil0battles|move: Toxic Spikes
|-damage|p2b: Glimmora|46/100
|-crit|p2b: Glimmora
|-damage|p2b: Glimmora|19/100
|-hitcount|p2b: Glimmora|4
|-unboost|p1b: Dragonite|def|1
|-boost|p1b: Dragonite|spe|1
|move|p1a: Incineroar|Flare Blitz|p2a: Kingambit
|-damage|p2a: Kingambit|69/100
|-damage|p1a: Incineroar|26/100|[from] Recoil
|move|p2b: Glimmora|Sludge Wave|p1b: Dragonite|[spread] p2a,p1a,p1b
|-resisted|p2a: Kingambit
|-crit|p1a: Incineroar
|-supereffective|p1b: Dragonite
|-damage|p2a: Kingambit|40/100
|-damage|p1a: Incineroar|0 fnt
|-damage|p1b: Dragonite|43/100
|faint|p1a: Incineroar
|move|p2a: Kingambit|Swords Dance|p2a: Kingambit
|-boost|p2a: Kingambit|atk|2
|
|upkeep
|inactive|mil0battles has 30 seconds left.
|
|t:|1756782736
|switch|p1a: Primarina|Primarina, L50, F|100/100
|-status|p1a: Primarina|tox
|turn|5
|
|t:|1756782741
|move|p2b: Glimmora|Spiky Shield|p2b: Glimmora
|-singleturn|p2b: Glimmora|move: Protect
|move|p2a: Kingambit|Protect|p2a: Kingambit
|-singleturn|p2a: Kingambit|Protect
|move|p1b: Dragonite|Scale Shot|p2b: Glimmora
|-activate|p2b: Glimmora|move: Protect
|move|p1a: Primarina|Hyper Voice|p2a: Kingambit|[spread] 
|-activate|p2a: Kingambit|move: Protect
|-activate|p2b: Glimmora|move: Protect
|
|-damage|p1a: Primarina|95/100 tox|[from] psn
|-sideend|p1: mil0battles|move: Tailwind
|upkeep
|turn|6
|inactive|Basebornrobot has 30 seconds left.
|
|t:|1756782771
|move|p1b: Dragonite|Scale Shot|p2a: Kingambit|[miss]
|-miss|p1b: Dragonite|p2a: Kingambit
|move|p2b: Glimmora|Sludge Wave|p1a: Primarina|[spread] p2a,p1a,p1b
|-resisted|p2a: Kingambit
|-supereffective|p1a: Primarina
|-supereffective|p1b: Dragonite
|-damage|p2a: Kingambit|7/100
|-damage|p1a: Primarina|0 fnt
|-damage|p1b: Dragonite|0 fnt
|faint|p1a: Primarina
|faint|p1b: Dragonite
|move|p2a: Kingambit|Iron Head|p1: Primarina|[notarget]
|-fail|p2a: Kingambit
|
|upkeep
|
|t:|1756782790
|switch|p1b: Ursaluna|Ursaluna-Bloodmoon, L50, M|100/100
|-status|p1b: Ursaluna|tox
|turn|7
|
|t:|1756782809
|move|p2a: Kingambit|Protect|p2a: Kingambit
|-singleturn|p2a: Kingambit|Protect
|move|p2b: Glimmora|Sludge Wave|p1b: Ursaluna|[spread] p1b
|-activate|p2a: Kingambit|move: Protect
|-resisted|p1b: Ursaluna
|-damage|p1b: Ursaluna|83/100 tox
|move|p1b: Ursaluna|Hyper Voice|p2a: Kingambit|[spread] p2b
|-activate|p2a: Kingambit|move: Protect
|-resisted|p2b: Glimmora
|-damage|p2b: Glimmora|0 fnt
|faint|p2b: Glimmora
|
|-damage|p1b: Ursaluna|77/100 tox|[from] psn
|upkeep
|
|t:|1756782822
|switch|p2b: Hydrapple|Hydrapple, L50, F|43/100
|turn|8
|
|t:|1756782838
|move|p1b: Ursaluna|Hyper Voice|p2b: Hydrapple|[spread] p2a,p2b
|-damage|p2a: Kingambit|0 fnt
|-damage|p2b: Hydrapple|15/100
|faint|p2a: Kingambit
|move|p2b: Hydrapple|Giga Drain|p1b: Ursaluna
|-supereffective|p1b: Ursaluna
|-damage|p1b: Ursaluna|27/100 tox
|-heal|p2b: Hydrapple|43/100|[from] drain|[of] p1b: Ursaluna
|
|-damage|p1b: Ursaluna|15/100 tox|[from] psn
|upkeep
|turn|9
|
|t:|1756782861
|move|p1b: Ursaluna|Blood Moon|p2b: Hydrapple
|-damage|p2b: Hydrapple|0 fnt
|faint|p2b: Hydrapple
|
|win|mil0battles
