|j|☆Ossi1590
|j|☆Ian the blue fish
|html|Ossi1590Ian the blue fish    
|uhtml|bestof|Game 1 of a best-of-3
|t:|1783431864
|gametype|doubles
|player|p1|Ossi1590|colress|1278
|player|p2|Ian the blue fish|janitor|1344
|gen|9
|tier|[Gen 9 Champions] VGC 2026 Reg M-B (Bo3)
|rated|
|rule|Species Clause: Limit one of each Pokémon
|rule|Item Clause: Limit 1 of each item
|clearpoke
|poke|p1|Raichu, L50, M|
|poke|p1|Mawile, L50, F|
|poke|p1|Sinistcha, L50|
|poke|p1|Ceruledge, L50, M|
|poke|p1|Milotic, L50, F|
|poke|p1|Incineroar, L50, M|
|poke|p2|Charizard, L50, M|
|poke|p2|Farigiraf, L50, M|
|poke|p2|Sylveon, L50, F|
|poke|p2|Venusaur, L50, M|
|poke|p2|Hydreigon, L50, M|
|poke|p2|Incineroar, L50, M|
|teampreview|4
|showteam|p1|Raichu||RaichuniteY|LightningRod|ZapCannon,FocusBlast,FakeOut,Protect|Timid||M|||50|]Mawile||Mawilite|HyperCutter|PlayRough,SuckerPunch,SwordsDance,Protect|Adamant||F|||50|]Sinistcha||KasibBerry|Hospitality|MatchaGotcha,LifeDew,RagePowder,Protect|Relaxed|||||50|]Ceruledge||ColburBerry|FlashFire|BitterBlade,ShadowSneak,BulkUp,Protect|Adamant||M|||50|]Milotic||Leftovers|Competitive|MuddyWater,Coil,Hypnosis,Protect|Calm||F|||50|]Incineroar||SitrusBerry|Intimidate|FlareBlitz,ThroatChop,FakeOut,PartingShot|Impish||M|||50|
|showteam|p2|Charizard||CharizarditeY|SolarPower|AncientPower,HeatWave,WeatherBall,Protect|Modest||M|||50|]Farigiraf||ColburBerry|ArmorTail|Thunderbolt,Psychic,TrickRoom,HelpingHand|Relaxed||M|||50|]Sylveon||FairyFeather|Pixilate|HyperBeam,HyperVoice,QuickAttack,Detect|Modest||F|||50|]Venusaur||FocusSash|Chlorophyll|SleepPowder,LeafStorm,SludgeBomb,Protect|Modest||M|||50|]Hydreigon||ChoiceScarf|Levitate|EarthPower,DarkPulse,DracoMeteor,Snarl|Modest||M|||50|]Incineroar||SitrusBerry|Intimidate|FakeOut,FlareBlitz,ThroatChop,PartingShot|Careful||M|||50|
|c|☆Ian the blue fish|Glhf
|c|☆Ossi1590|u2
|
|t:|1783431938
|teamsize|p1|4
|teamsize|p2|4
|start
|switch|p1a: Incineroar|Incineroar, L50, M|100/100
|switch|p1b: Ceruledge|Ceruledge, L50, M|100/100
|switch|p2a: Charizardz|Charizard, L50, M|100/100
|switch|p2b: Venusaur|Venusaur, L50, M|100/100
|-ability|p1a: Incineroar|Intimidate|boost
|-unboost|p2a: Charizardz|atk|1
|-unboost|p2b: Venusaur|atk|1
|turn|1
|
|t:|1783431964
|switch|p2b: Farigiraf|Farigiraf, L50, M|100/100
|detailschange|p2a: Charizardz|Charizard-Mega-Y, L50, M
|-mega|p2a: Charizardz|Charizard|Charizardite Y
|-weather|SunnyDay|[from] ability: Drought|[of] p2a: Charizardz
|move|p1a: Incineroar|Fake Out||[still]
|cant|p2b: Farigiraf|ability: Armor Tail|Fake Out|[of] p1a: Incineroar
|move|p2a: Charizardz|Ancient Power|p1a: Incineroar
|-supereffective|p1a: Incineroar|1
|-damage|p1a: Incineroar|59/100
|move|p1b: Ceruledge|Bulk Up|p1b: Ceruledge
|-boost|p1b: Ceruledge|atk|1
|-boost|p1b: Ceruledge|def|1
|
|-weather|SunnyDay|[upkeep]
|upkeep
|turn|2
|
|t:|1783431987
|switch|p2b: Hydreigon|Hydreigon, L50, M|100/100
|move|p2a: Charizardz|Ancient Power|p1b: Ceruledge
|-supereffective|p1b: Ceruledge|1
|-damage|p1b: Ceruledge|55/100
|move|p1b: Ceruledge|Bitter Blade|p2b: Hydreigon
|-resisted|p2b: Hydreigon|1
|-damage|p2b: Hydreigon|36/100
|-heal|p1b: Ceruledge|85/100|[from] drain|[of] p2b: Hydreigon
|move|p1a: Incineroar|Parting Shot|p2a: Charizardz
|-unboost|p2a: Charizardz|atk|1
|-unboost|p2a: Charizardz|spa|1
|
|t:|1783432012
|switch|p1a: Raichu|Raichu, L50, M|100/100|[from] Parting Shot
|
|-weather|SunnyDay|[upkeep]
|upkeep
|turn|3
|
|t:|1783432066
|switch|p2a: Venusaur|Venusaur, L50, M|100/100
|detailschange|p1a: Raichu|Raichu-Mega-Y, L50, M
|-mega|p1a: Raichu|Raichu|Raichunite Y
|move|p1a: Raichu|Fake Out|p2b: Hydreigon
|-damage|p2b: Hydreigon|26/100
|cant|p2b: Hydreigon|flinch
|move|p1b: Ceruledge|Bitter Blade|p2b: Hydreigon
|-resisted|p2b: Hydreigon|1
|-damage|p2b: Hydreigon|0 fnt
|-heal|p1b: Ceruledge|97/100|[from] drain|[of] p2b: Hydreigon
|faint|p2b: Hydreigon
|
|-weather|SunnyDay|[upkeep]
|upkeep
|
|t:|1783432080
|switch|p2b: Charizardz|Charizard-Mega-Y, L50, M|100/100
|turn|4
|
|t:|1783432086
|move|p2a: Venusaur|Sleep Powder|p1a: Raichu
|-status|p1a: Raichu|slp|[from] move: Sleep Powder
|cant|p1a: Raichu|slp
|move|p2b: Charizardz|Ancient Power|p1b: Ceruledge
|-supereffective|p1b: Ceruledge|1
|-crit|p1b: Ceruledge
|-damage|p1b: Ceruledge|29/100
|move|p1b: Ceruledge|Bitter Blade|p2a: Venusaur
|-supereffective|p2a: Venusaur|1
|-enditem|p2a: Venusaur|Focus Sash
|-damage|p2a: Venusaur|1/100
|-heal|p1b: Ceruledge|71/100|[from] drain|[of] p2a: Venusaur
|
|-weather|SunnyDay|[upkeep]
|upkeep
|turn|5
|
|t:|1783432111
|switch|p2a: Farigiraf|Farigiraf, L50, M|100/100
|move|p1b: Ceruledge|Protect|p1b: Ceruledge
|-singleturn|p1b: Ceruledge|Protect
|cant|p1a: Raichu|slp
|move|p2b: Charizardz|Weather Ball|p1a: Raichu
|-damage|p1a: Raichu|0 fnt
|faint|p1a: Raichu
|
|-weather|none
|upkeep
|
|t:|1783432123
|switch|p1a: Sinistcha|Sinistcha, L50|100/100
|-heal|p1b: Ceruledge|96/100|[from] ability: Hospitality|[of] p1a: Sinistcha
|turn|6
|
|t:|1783432147
|switch|p2b: Venusaur|Venusaur, L50, M|1/100
|switch|p1a: Incineroar|Incineroar, L50, M|59/100
|-ability|p1a: Incineroar|Intimidate|boost
|-unboost|p2a: Farigiraf|atk|1
|-unboost|p2b: Venusaur|atk|1
|move|p1b: Ceruledge|Bitter Blade|p2b: Venusaur
|-supereffective|p2b: Venusaur|1
|-damage|p2b: Venusaur|0 fnt
|-heal|p1b: Ceruledge|97/100|[from] drain|[of] p2b: Venusaur
|faint|p2b: Venusaur
|move|p2a: Farigiraf|Psychic|p1a: Incineroar
|-immune|p1a: Incineroar
|
|upkeep
|
|t:|1783432155
|switch|p2b: Charizardz|Charizard-Mega-Y, L50, M|100/100
|-weather|SunnyDay|[from] ability: Drought|[of] p2b: Charizardz
|turn|7
|
|t:|1783432181
|move|p2a: Farigiraf|Helping Hand|p2b: Charizardz
|-singleturn|p2b: Charizardz|Helping Hand|[of] p2a: Farigiraf
|move|p2b: Charizardz|Weather Ball|p1a: Incineroar
|-resisted|p1a: Incineroar|1
|-damage|p1a: Incineroar|0 fnt
|faint|p1a: Incineroar
|move|p1b: Ceruledge|Bitter Blade|p2b: Charizardz
|-resisted|p2b: Charizardz|1
|-damage|p2b: Charizardz|35/100
|-heal|p1b: Ceruledge|100/100|[from] drain|[of] p2b: Charizardz
|
|-weather|SunnyDay|[upkeep]
|upkeep
|
|t:|1783432192
|switch|p1a: Sinistcha|Sinistcha, L50|100/100
|turn|8
|
|t:|1783432200
|move|p2a: Farigiraf|Helping Hand|p2b: Charizardz
|-singleturn|p2b: Charizardz|Helping Hand|[of] p2a: Farigiraf
|move|p1a: Sinistcha|Rage Powder|p1a: Sinistcha
|-singleturn|p1a: Sinistcha|move: Rage Powder
|move|p2b: Charizardz|Ancient Power|p1a: Sinistcha
|-damage|p1a: Sinistcha|64/100
|move|p1b: Ceruledge|Bitter Blade|p2b: Charizardz
|-resisted|p2b: Charizardz|1
|-damage|p2b: Charizardz|0 fnt
|faint|p2b: Charizardz
|
|-weather|SunnyDay|[upkeep]
|upkeep
|turn|9
|
|t:|1783432216
|move|p1b: Ceruledge|Bitter Blade|p2a: Farigiraf
|-damage|p2a: Farigiraf|16/100
|move|p1a: Sinistcha|Life Dew||[still]|[spread] p1a,p1b
|-heal|p1a: Sinistcha|89/100
|-fail|p1b: Ceruledge|heal
|move|p2a: Farigiraf|Thunderbolt|p1b: Ceruledge
|-damage|p1b: Ceruledge|77/100
|
|-weather|SunnyDay|[upkeep]
|upkeep
|turn|10
|
|t:|1783432230
|move|p1b: Ceruledge|Bitter Blade|p2a: Farigiraf
|-damage|p2a: Farigiraf|0 fnt
|-heal|p1b: Ceruledge|87/100|[from] drain|[of] p2a: Farigiraf
|faint|p2a: Farigiraf
|
|win|Ossi1590
||Ian the blue fish is ready for game 2.
||Ossi1590 is ready for game 2.
|uhtml|next|Next: Game 2 of 3
|l|☆Ian the blue fish
|player|p2|
