|j|☆strikermohamud
|j|☆TheLackluster7
|html|strikermohamudTheLackluster7    
|uhtml|bestof|Game 3 of a best-of-3
|t:|1757236658
|gametype|doubles
|player|p1|strikermohamud|unknown|1072
|player|p2|TheLackluster7|juggler|1144
|gen|9
|tier|[Gen 9] VGC 2025 Reg H (Bo3)
|rated|
|rule|Species Clause: Limit one of each Pokémon
|rule|Item Clause: Limit 1 of each item
|clearpoke
|poke|p1|Metagross, L50|
|poke|p1|Alcremie-Ruby-Swirl, L50, F|
|poke|p1|Incineroar, L50, F|
|poke|p1|Farigiraf, L50, M|
|poke|p1|Ursaluna-Bloodmoon, L50, M|
|poke|p1|Amoonguss, L50, M|
|poke|p2|Indeedee-F, L50, F|
|poke|p2|Armarouge, L50, F|
|poke|p2|Sneasler, L50, M|
|poke|p2|Ursaluna-Bloodmoon, L50, M|
|poke|p2|Incineroar, L50, F|
|poke|p2|Ninetales-Alola, L50, M|
|teampreview|4
|showteam|p1|Metagross||LifeOrb|ClearBody|PsychicFangs,HeavySlam,StompingTantrum,Protect||||||50|,,,,,Water]Alcremie-Ruby-Swirl||CovertCloak|SweetVeil|Decorate,HelpingHand,DazzlingGleam,Protect|||F|||50|,,,,,Fire]Incineroar||SafetyGoggles|Intimidate|FakeOut,KnockOff,FlareBlitz,PartingShot|||F|||50|,,,,,Bug]Farigiraf||ThroatSpray|ArmorTail|HyperVoice,Psychic,TrickRoom,Protect|||M|||50|,,,,,Fairy]Ursaluna-Bloodmoon||AssaultVest|MindsEye|HyperVoice,BloodMoon,EarthPower,VacuumWave|||M|||50|,,,,,Water]Amoonguss||MentalHerb|Regenerator|Spore,RagePowder,ClearSmog,Protect|||M|||50|,,,,,Fairy
|showteam|p2|Indeedee-F||MentalHerb|PsychicSurge|HelpingHand,Psychic,FollowMe,TrickRoom|||F|||50|,,,,,Steel]Armarouge||LifeOrb|FlashFire|ArmorCannon,ExpandingForce,AuraSphere,Protect|||F|||50|,,,,,Grass]Sneasler||PsychicSeed|Unburden|ThroatChop,DireClaw,CloseCombat,Protect|||M|||50|,,,,,Dark]Ursaluna-Bloodmoon||SilkScarf|MindsEye|Protect,BloodMoon,HyperVoice,EarthPower|||M|||50|,,,,,Ghost]Incineroar||AssaultVest|Intimidate|Snarl,Uturn,FakeOut,KnockOff|||F|||50|,,,,,Grass]Ninetales-Alola||CovertCloak|SnowWarning|AuroraVeil,Blizzard,IcyWind,FreezeDry|||M|||50|,,,,,Ghost
|
|t:|1757236674
|teamsize|p1|4
|teamsize|p2|4
|start
|switch|p1a: Metagross|Metagross, L50, shiny|100/100
|switch|p1b: Amoonguss|Amoonguss, L50, M|100/100
|switch|p2a: Ninetales|Ninetales-Alola, L50, M|100/100
|switch|p2b: Armarouge|Armarouge, L50, F|100/100
|-weather|Snowscape|[from] ability: Snow Warning|[of] p2a: Ninetales
|turn|1
|
|t:|1757236709
|switch|p1b: Incineroar|Incineroar, L50, F|100/100
|-ability|p1b: Incineroar|Intimidate|boost
|-unboost|p2a: Ninetales|atk|1
|-unboost|p2b: Armarouge|atk|1
|-terastallize|p2b: Armarouge|Grass
|move|p1a: Metagross|Protect|p1a: Metagross
|-singleturn|p1a: Metagross|Protect
|move|p2a: Ninetales|Aurora Veil|p2a: Ninetales
|-sidestart|p2: TheLackluster7|move: Aurora Veil
|move|p2b: Armarouge|Armor Cannon|p1a: Metagross
|-activate|p1a: Metagross|move: Protect
|
|-weather|Snowscape|[upkeep]
|upkeep
|turn|2
|
|t:|1757236750
|switch|p2a: Indeedee|Indeedee-F, L50, F|100/100
|-fieldstart|move: Psychic Terrain|[from] ability: Psychic Surge|[of] p2a: Indeedee
|switch|p1a: Ursaluna|Ursaluna-Bloodmoon, L50, M|100/100
|move|p2b: Armarouge|Aura Sphere|p1b: Incineroar
|-supereffective|p1b: Incineroar
|-damage|p1b: Incineroar|47/100
|-damage|p2b: Armarouge|91/100|[from] item: Life Orb
|move|p1b: Incineroar|Knock Off|p2b: Armarouge
|-damage|p2b: Armarouge|68/100
|-enditem|p2b: Armarouge|Life Orb|[from] move: Knock Off|[of] p1b: Incineroar
|
|-weather|Snowscape|[upkeep]
|upkeep
|turn|3
|
|t:|1757236773
|switch|p1a: Metagross|Metagross, L50, shiny|100/100
|move|p2a: Indeedee|Follow Me|p2a: Indeedee
|-singleturn|p2a: Indeedee|move: Follow Me
|move|p2b: Armarouge|Expanding Force|p1b: Incineroar|[spread] p1a
|-immune|p1b: Incineroar
|-resisted|p1a: Metagross
|-damage|p1a: Metagross|86/100
|move|p1b: Incineroar|Knock Off|p2a: Indeedee
|-supereffective|p2a: Indeedee
|-damage|p2a: Indeedee|51/100
|-enditem|p2a: Indeedee|Mental Herb|[from] move: Knock Off|[of] p1b: Incineroar
|
|-weather|Snowscape|[upkeep]
|upkeep
|turn|4
|
|t:|1757236788
|switch|p1b: Amoonguss|Amoonguss, L50, M|100/100
|move|p1a: Metagross|Protect|p1a: Metagross
|-singleturn|p1a: Metagross|Protect
|move|p2a: Indeedee|Follow Me|p2a: Indeedee
|-singleturn|p2a: Indeedee|move: Follow Me
|move|p2b: Armarouge|Armor Cannon|p1a: Metagross
|-activate|p1a: Metagross|move: Protect
|
|-weather|Snowscape|[upkeep]
|upkeep
|turn|5
|
|t:|1757236814
|switch|p2a: Sneasler|Sneasler, L50, M|100/100
|-enditem|p2a: Sneasler|Psychic Seed
|-boost|p2a: Sneasler|spd|1|[from] item: Psychic Seed
|move|p1b: Amoonguss|Rage Powder|p1b: Amoonguss
|-singleturn|p1b: Amoonguss|move: Rage Powder
|move|p2b: Armarouge|Armor Cannon|p1b: Amoonguss
|-supereffective|p1b: Amoonguss
|-damage|p1b: Amoonguss|0 fnt
|-unboost|p2b: Armarouge|def|1
|-unboost|p2b: Armarouge|spd|1
|faint|p1b: Amoonguss
|move|p1a: Metagross|Psychic Fangs|p2b: Armarouge
|-sideend|p2: TheLackluster7|move: Aurora Veil
|-damage|p2b: Armarouge|0 fnt
|faint|p2b: Armarouge
|-damage|p1a: Metagross|77/100|[from] item: Life Orb
|
|-weather|none
|upkeep
|
|t:|1757236834
|switch|p2b: Ninetales|Ninetales-Alola, L50, M|100/100
|switch|p1b: Incineroar|Incineroar, L50, F|47/100
|-weather|Snowscape|[from] ability: Snow Warning|[of] p2b: Ninetales
|-ability|p1b: Incineroar|Intimidate|boost
|-unboost|p2a: Sneasler|atk|1
|-unboost|p2b: Ninetales|atk|1
|turn|6
|
|t:|1757236845
|-terastallize|p1a: Metagross|Water
|move|p2a: Sneasler|Close Combat|p1b: Incineroar
|-supereffective|p1b: Incineroar
|-damage|p1b: Incineroar|0 fnt
|-unboost|p2a: Sneasler|def|1
|-unboost|p2a: Sneasler|spd|1
|faint|p1b: Incineroar
|move|p2b: Ninetales|Aurora Veil|p2b: Ninetales
|-sidestart|p2: TheLackluster7|move: Aurora Veil
|move|p1a: Metagross|Psychic Fangs|p2a: Sneasler
|-sideend|p2: TheLackluster7|move: Aurora Veil
|-supereffective|p2a: Sneasler
|-damage|p2a: Sneasler|0 fnt
|faint|p2a: Sneasler
|-damage|p1a: Metagross|67/100|[from] item: Life Orb
|
|-weather|Snowscape|[upkeep]
|-fieldend|move: Psychic Terrain
|upkeep
|
|t:|1757236858
|switch|p2a: Indeedee|Indeedee-F, L50, F|51/100
|switch|p1b: Ursaluna|Ursaluna-Bloodmoon, L50, M|100/100
|-fieldstart|move: Psychic Terrain|[from] ability: Psychic Surge|[of] p2a: Indeedee
|turn|7
|
|t:|1757236880
|move|p2b: Ninetales|Blizzard|p1a: Metagross|[spread] p1a,p1b
|-resisted|p1a: Metagross
|-supereffective|p1b: Ursaluna
|-damage|p1a: Metagross|55/100
|-damage|p1b: Ursaluna|66/100
|-status|p1b: Ursaluna|frz
|move|p2a: Indeedee|Psychic|p1b: Ursaluna
|-damage|p1b: Ursaluna|37/100 frz
|move|p1a: Metagross|Heavy Slam|p2b: Ninetales
|-supereffective|p2b: Ninetales
|-damage|p2b: Ninetales|0 fnt
|faint|p2b: Ninetales
|-damage|p1a: Metagross|45/100|[from] item: Life Orb
|-curestatus|p1b: Ursaluna|frz|[msg]
|move|p1b: Ursaluna|Hyper Voice|p2a: Indeedee
|-damage|p2a: Indeedee|0 fnt
|faint|p2a: Indeedee
|
|win|strikermohamud
|raw|strikermohamud's rating: 1072 → 1107(+35 for winning)
|raw|TheLackluster7's rating: 1144 → 1114(-30 for losing)
|l|☆TheLackluster7
|player|p2|
