|j|☆znivs
|j|☆sturmkitten69
|html|znivssturmkitten69    
|uhtml|bestof|Game 2 of a best-of-3
|t:|1782180929
|gametype|doubles
|player|p1|znivs|170|
|player|p2|sturmkitten69|fisherman-gen4|
|gen|9
|tier|[Gen 9 Champions] VGC 2026 Reg M-B (Bo3)
|rule|Species Clause: Limit one of each Pokémon
|rule|Item Clause: Limit 1 of each item
|clearpoke
|poke|p1|Eelektross, L50, F|
|poke|p1|Garchomp, L50, F|
|poke|p1|Whimsicott, L50, F|
|poke|p1|Espathra, L50, F|
|poke|p1|Incineroar, L50, F|
|poke|p1|Gholdengo, L50|
|poke|p2|Sceptile, L50, F|
|poke|p2|Rotom-Wash, L50|
|poke|p2|Talonflame, L50, F|
|poke|p2|Garchomp, L50, F|
|poke|p2|Gholdengo, L50|
|poke|p2|Sneasler, L50, F|
|teampreview|4
|showteam|p1|Eelektross||Eelektrossite|Levitate|Thunderbolt,GigaDrain,Flamethrower,Protect|Modest||F|||50|]Garchomp||LifeOrb|RoughSkin|Earthquake,RockSlide,DragonClaw,PoisonJab|Jolly||F|||50|]Whimsicott||FocusSash|Prankster|Moonblast,Tailwind,Encore,Protect|Timid||F|||50|]Espathra||SitrusBerry|SpeedBoost|LuminaCrash,CalmMind,BatonPass,Protect|Bold||F|||50|]Incineroar||PasshoBerry|Intimidate|FakeOut,PartingShot,FlareBlitz,ThroatChop|Careful||F|||50|]Gholdengo||MetalCoat|GoodasGold|MakeItRain,ShadowBall,NastyPlot,Protect|Timid|||||50|
|showteam|p2|Sceptile||Sceptilite|Overgrow|EnergyBall,DragonPulse,EarthPower,Detect|Modest||F|||50|]Rotom-Wash||ChoiceScarf|Levitate|HydroPump,Discharge,Thunderbolt,WillOWisp|Timid|||||50|]Talonflame||LifeOrb|GaleWings|BraveBird,Overheat,Tailwind,Protect|Naive||F|||50|]Garchomp||SoftSand|RoughSkin|DragonClaw,Earthquake,RockSlide,Protect|Jolly||F|||50|]Gholdengo||FocusSash|GoodasGold|MakeItRain,ShadowBall,PowerGem,Protect|Modest|||||50|]Sneasler||WhiteHerb|Unburden|CloseCombat,DireClaw,ThroatChop,Protect|Adamant||F|||50|
|
|t:|1782180955
|teamsize|p1|4
|teamsize|p2|4
|start
|switch|p1a: Espathra|Espathra, L50, F|100/100
|switch|p1b: Incineroar|Incineroar, L50, F|100/100
|switch|p2a: Talonflame|Talonflame, L50, F|100/100
|switch|p2b: Garchomp|Garchomp, L50, F|100/100
|-ability|p1b: Incineroar|Intimidate|boost
|-unboost|p2a: Talonflame|atk|1
|-unboost|p2b: Garchomp|atk|1
|turn|1
|
|t:|1782180966
|move|p2a: Talonflame|Protect|p2a: Talonflame
|-singleturn|p2a: Talonflame|Protect
|move|p1b: Incineroar|Fake Out|p2a: Talonflame
|-activate|p2a: Talonflame|move: Protect
|move|p2b: Garchomp|Earthquake|p1b: Incineroar|[spread] p1a,p1b
|-activate|p2a: Talonflame|move: Protect
|-supereffective|p1b: Incineroar|1
|-damage|p1a: Espathra|67/100
|-damage|p1b: Incineroar|40/100
|move|p1a: Espathra|Calm Mind|p1a: Espathra
|-boost|p1a: Espathra|spa|1
|-boost|p1a: Espathra|spd|1
|
|-ability|p1a: Espathra|Speed Boost|boost
|-boost|p1a: Espathra|spe|1
|upkeep
|turn|2
|
|t:|1782181004
|switch|p1b: Eelektross|Eelektross, L50, F|100/100
|move|p2a: Talonflame|Tailwind|p2a: Talonflame
|-sidestart|p2: sturmkitten69|move: Tailwind
|move|p2b: Garchomp|Earthquake|p1b: Eelektross|[spread] p1a
|-immune|p2a: Talonflame
|-immune|p1b: Eelektross|[from] ability: Levitate
|-damage|p1a: Espathra|39/100
|-enditem|p1a: Espathra|Sitrus Berry|[eat]
|-heal|p1a: Espathra|64/100|[from] item: Sitrus Berry
|move|p1a: Espathra|Calm Mind|p1a: Espathra
|-boost|p1a: Espathra|spa|1
|-boost|p1a: Espathra|spd|1
|
|-ability|p1a: Espathra|Speed Boost|boost
|-boost|p1a: Espathra|spe|1
|upkeep
|turn|3
|
|t:|1782181043
|move|p1b: Eelektross|Protect|p1b: Eelektross
|-singleturn|p1b: Eelektross|Protect
|move|p2a: Talonflame|Brave Bird|p1a: Espathra
|-damage|p1a: Espathra|26/100
|-damage|p2a: Talonflame|84/100|[from] Recoil
|-damage|p2a: Talonflame|75/100|[from] item: Life Orb
|move|p2b: Garchomp|Dragon Claw|p1b: Eelektross
|-activate|p1b: Eelektross|move: Protect
|move|p1a: Espathra|Calm Mind|p1a: Espathra
|-boost|p1a: Espathra|spa|1
|-boost|p1a: Espathra|spd|1
|
|-ability|p1a: Espathra|Speed Boost|boost
|-boost|p1a: Espathra|spe|1
|upkeep
|turn|4
|
|t:|1782181069
|switch|p1b: Incineroar|Incineroar, L50, F|40/100
|-ability|p1b: Incineroar|Intimidate|boost
|-unboost|p2a: Talonflame|atk|1
|-unboost|p2b: Garchomp|atk|1
|move|p1a: Espathra|Baton Pass|p1a: Espathra
|
|t:|1782181074
|switch|p1a: Eelektross|Eelektross, L50, F|100/100|[from] Baton Pass
|move|p2a: Talonflame|Brave Bird|p1a: Eelektross
|-resisted|p1a: Eelektross|1
|-damage|p1a: Eelektross|84/100
|-damage|p2a: Talonflame|68/100|[from] Recoil
|-damage|p2a: Talonflame|58/100|[from] item: Life Orb
|move|p2b: Garchomp|Rock Slide|p1a: Eelektross|[spread] p1a,p1b
|-supereffective|p1b: Incineroar|1
|-damage|p1a: Eelektross|75/100
|-damage|p1b: Incineroar|21/100
|
|upkeep
|turn|5
|
|t:|1782181101
|switch|p2a: Rotom|Rotom-Wash, L50|100/100
|detailschange|p1a: Eelektross|Eelektross-Mega, L50, F
|-mega|p1a: Eelektross|Eelektross|Eelektrossite
|move|p1b: Incineroar|Fake Out|p2b: Garchomp
|-damage|p2b: Garchomp|89/100
|-damage|p1b: Incineroar|9/100|[from] ability: Rough Skin|[of] p2b: Garchomp
|cant|p2b: Garchomp|flinch
|move|p1a: Eelektross|Thunderbolt|p2a: Rotom
|-damage|p2a: Rotom|0 fnt
|faint|p2a: Rotom
|-ability|p1a: Eelektross|Eelevate|boost
|-boost|p1a: Eelektross|spa|1
|
|-sideend|p2: sturmkitten69|move: Tailwind
|upkeep
|
|t:|1782181116
|switch|p2a: Sceptile|Sceptile, L50, F|100/100
|turn|6
|
|t:|1782181124
|switch|p1b: Garchomp|Garchomp, L50, F|100/100
|detailschange|p2a: Sceptile|Sceptile-Mega, L50, F
|-mega|p2a: Sceptile|Sceptile|Sceptilite
|move|p1a: Eelektross|Flamethrower|p2a: Sceptile
|-crit|p2a: Sceptile
|-damage|p2a: Sceptile|0 fnt
|faint|p2a: Sceptile
|-ability|p1a: Eelektross|Eelevate|boost
|-boost|p1a: Eelektross|spa|1
|move|p2b: Garchomp|Rock Slide|p1b: Garchomp|[spread] p1a,p1b
|-resisted|p1b: Garchomp|1
|-damage|p1a: Eelektross|65/100
|-damage|p1b: Garchomp|95/100
|
|upkeep
|
|t:|1782181141
|switch|p2a: Talonflame|Talonflame, L50, F|58/100
|turn|7
|
|t:|1782181150
|move|p2a: Talonflame|Protect|p2a: Talonflame
|-singleturn|p2a: Talonflame|Protect
|move|p1a: Eelektross|Thunderbolt|p2a: Talonflame
|-activate|p2a: Talonflame|move: Protect
|move|p1b: Garchomp|Dragon Claw|p2b: Garchomp
|-supereffective|p2b: Garchomp|1
|-damage|p2b: Garchomp|0 fnt
|-damage|p1b: Garchomp|83/100|[from] ability: Rough Skin|[of] p2b: Garchomp
|faint|p2b: Garchomp
|-damage|p1b: Garchomp|74/100|[from] item: Life Orb
|
|upkeep
|turn|8
|-message|sturmkitten69 forfeited.
|
|win|znivs
|l|☆sturmkitten69
|player|p2|
