|j|☆lindseyyy
|j|☆TenkiBD
|html|lindseyyyTenkiBD    
|uhtml|bestof|Game 1 of a best-of-3
|t:|1785008276
|gametype|doubles
|player|p1|lindseyyy|1|1177
|player|p2|TenkiBD|lucas|1130
|gen|9
|tier|[Gen 9 Champions] VGC 2026 Reg M-B (Bo3)
|rated|
|rule|Species Clause: Limit one of each Pokémon
|rule|Item Clause: Limit 1 of each item
|clearpoke
|poke|p1|Rotom-Wash, L50|
|poke|p1|Ninetales-Alola, L50, M|
|poke|p1|Kingambit, L50, M|
|poke|p1|Sneasler, L50, F|
|poke|p1|Tsareena, L50, F|
|poke|p1|Aerodactyl, L50, M|
|poke|p2|Charizard, L50, M|
|poke|p2|Floette-Eternal, L50, F|
|poke|p2|Garchomp, L50, F|
|poke|p2|Whimsicott, L50, F|
|poke|p2|Basculegion, L50, M|
|poke|p2|Kingambit, L50, M|
|teampreview|4
|showteam|p1|Rotom-Wash||Magnet|Levitate|WillOWisp,HydroPump,Thunderbolt,Protect|Modest|||||50|]Ninetales-Alola||NeverMeltIce|SnowWarning|Howl,Blizzard,IcyWind,Protect|Timid||M|||50|]Kingambit||BlackGlasses|Defiant|Protect,KowtowCleave,SuckerPunch,SwordsDance|Adamant||M|||50|]Sneasler||WhiteHerb|Unburden|CloseCombat,DireClaw,RockTomb,FakeOut|Adamant||F|||50|]Tsareena||ChoiceScarf|QueenlyMajesty|TropKick,TripleAxel,LowKick,KnockOff|Jolly||F|||50|]Aerodactyl||Aerodactylite|Unnerve|Protect,RockSlide,Tailwind,DualWingbeat|Jolly||M|||50|
|showteam|p2|Charizard||CharizarditeY|Blaze|HeatWave,SolarBeam,WeatherBall,Protect|Modest||M|||50|]Floette-Eternal||Floettite|FlowerVeil|Moonblast,DazzlingGleam,LightofRuin,Protect|Modest||F|||50|]Garchomp||LifeOrb|RoughSkin|DragonClaw,Earthquake,Protect,RockSlide|Jolly||F|||50|]Whimsicott||FocusSash|Prankster|Moonblast,Tailwind,Encore,Protect|Timid||F|||50|]Basculegion||MysticWater|Adaptability|WaveCrash,LastRespects,AquaJet,Protect|Adamant||M|||50|]Kingambit||BlackGlasses|Defiant|KowtowCleave,Protect,SuckerPunch,IronHead|Adamant||M|||50|
|inactive|Battle timer is ON: inactive players will automatically lose when time's up. (requested by lindseyyy)
|inactive|lindseyyy has 60 seconds left.
|inactive|TenkiBD has 60 seconds left.
|
|t:|1785008314
|teamsize|p1|4
|teamsize|p2|4
|start
|switch|p1a: Amanda|Sneasler, L50, F|100/100
|switch|p1b: STELLVRIS|Aerodactyl, L50, M|100/100
|switch|p2a: Whimsicott|Whimsicott, L50, F|100/100
|switch|p2b: Basculegion|Basculegion, L50, M|100/100
|-ability|p1b: STELLVRIS|Unnerve
|turn|1
|
|t:|1785008326
|detailschange|p1b: STELLVRIS|Aerodactyl-Mega, L50, M
|-mega|p1b: STELLVRIS|Aerodactyl|Aerodactylite
|move|p2a: Whimsicott|Protect|p2a: Whimsicott
|-singleturn|p2a: Whimsicott|Protect
|move|p1a: Amanda|Fake Out|p2a: Whimsicott
|-activate|p2a: Whimsicott|move: Protect
|move|p1b: STELLVRIS|Tailwind|p1b: STELLVRIS
|-sidestart|p1: lindseyyy|move: Tailwind
|move|p2b: Basculegion|Wave Crash|p1a: Amanda
|-damage|p1a: Amanda|0 fnt
|faint|p1a: Amanda
|-damage|p2b: Basculegion|73/100|[from] Recoil
|
|upkeep
|
|t:|1785008330
|switch|p1a: Regeena|Tsareena, L50, F|100/100
|turn|2
|inactive|TenkiBD has 30 seconds left.
|
|t:|1785008364
|move|p2b: Basculegion|Protect|p2b: Basculegion
|-singleturn|p2b: Basculegion|Protect
|move|p2a: Whimsicott|Tailwind|p2a: Whimsicott
|-sidestart|p2: TenkiBD|move: Tailwind
|move|p1b: STELLVRIS|Dual Wingbeat|p2a: Whimsicott
|-supereffective|p2a: Whimsicott|1
|-damage|p2a: Whimsicott|16/100
|-supereffective|p2a: Whimsicott|1
|-damage|p2a: Whimsicott|0 fnt
|faint|p2a: Whimsicott
|-hitcount|p2: Whimsicott|2
|move|p1a: Regeena|Knock Off|p2b: Basculegion
|-activate|p2b: Basculegion|move: Protect
|
|upkeep
|
|t:|1785008378
|switch|p2a: Floette|Floette-Eternal, L50, F|100/100
|turn|3
|
|t:|1785008391
|switch|p2b: Garchomp|Garchomp, L50, F|100/100
|detailschange|p2a: Floette|Floette-Mega, L50, F
|-mega|p2a: Floette|Floette|Floettite
|-ability|p2a: Floette|Fairy Aura
|move|p1b: STELLVRIS|Dual Wingbeat|p2a: Floette
|-crit|p2a: Floette
|-damage|p2a: Floette|54/100
|-damage|p2a: Floette|23/100
|-hitcount|p2a: Floette|2
|move|p1a: Regeena|Knock Off|p2a: Floette
|-resisted|p2a: Floette|1
|-damage|p2a: Floette|10/100
|move|p2a: Floette|Dazzling Gleam|p1b: STELLVRIS|[spread] p1a,p1b
|-damage|p1a: Regeena|41/100
|-damage|p1b: STELLVRIS|45/100
|
|upkeep
|turn|4
|inactive|lindseyyy has 30 seconds left.
|
|t:|1785008418
|switch|p1a: Simple&Clean|Rotom-Wash, L50|100/100
|move|p2b: Garchomp|Protect|p2b: Garchomp
|-singleturn|p2b: Garchomp|Protect
|move|p2a: Floette|Protect|p2a: Floette
|-singleturn|p2a: Floette|Protect
|move|p1b: STELLVRIS|Rock Slide|p2a: Floette|[spread] 
|-activate|p2a: Floette|move: Protect
|-activate|p2b: Garchomp|move: Protect
|
|-sideend|p1: lindseyyy|move: Tailwind
|upkeep
|turn|5
|inactive|TenkiBD has 30 seconds left.
|
|t:|1785008447
|move|p1b: STELLVRIS|Protect|p1b: STELLVRIS
|-singleturn|p1b: STELLVRIS|Protect
|move|p1a: Simple&Clean|Protect|p1a: Simple&Clean
|-singleturn|p1a: Simple&Clean|Protect
|move|p2b: Garchomp|Rock Slide|p1b: STELLVRIS|[spread] 
|-activate|p1a: Simple&Clean|move: Protect
|-activate|p1b: STELLVRIS|move: Protect
|move|p2a: Floette|Moonblast|p1a: Simple&Clean
|-activate|p1a: Simple&Clean|move: Protect
|
|-sideend|p2: TenkiBD|move: Tailwind
|upkeep
|turn|6
|inactive|TenkiBD has 30 seconds left.
|
|t:|1785008474
|move|p1b: STELLVRIS|Tailwind|p1b: STELLVRIS
|-sidestart|p1: lindseyyy|move: Tailwind
|move|p1a: Simple&Clean|Thunderbolt|p2a: Floette
|-damage|p2a: Floette|0 fnt
|faint|p2a: Floette
|move|p2b: Garchomp|Dragon Claw|p1a: Simple&Clean
|-damage|p1a: Simple&Clean|38/100
|-damage|p2b: Garchomp|90/100|[from] item: Life Orb
|
|upkeep
|
|t:|1785008482
|switch|p2a: Basculegion|Basculegion, L50, M|73/100
|turn|7
|
|t:|1785008505
|switch|p1b: Regeena|Tsareena, L50, F|41/100
|move|p1a: Simple&Clean|Protect|p1a: Simple&Clean
|-singleturn|p1a: Simple&Clean|Protect
|move|p2a: Basculegion|Aqua Jet||[still]
|cant|p1b: Regeena|ability: Queenly Majesty|Aqua Jet|[of] p2a: Basculegion
|move|p2b: Garchomp|Dragon Claw|p1a: Simple&Clean
|-activate|p1a: Simple&Clean|move: Protect
|
|upkeep
|turn|8
|
|t:|1785008522
|move|p2a: Basculegion|Protect|p2a: Basculegion
|-singleturn|p2a: Basculegion|Protect
|move|p1b: Regeena|Triple Axel|p2b: Garchomp
|-supereffective|p2b: Garchomp|2
|-damage|p2b: Garchomp|60/100
|-damage|p1b: Regeena|29/100|[from] ability: Rough Skin|[of] p2b: Garchomp
|-supereffective|p2b: Garchomp|2
|-damage|p2b: Garchomp|8/100
|-damage|p1b: Regeena|17/100|[from] ability: Rough Skin|[of] p2b: Garchomp
|-supereffective|p2b: Garchomp|2
|-damage|p2b: Garchomp|0 fnt
|-damage|p1b: Regeena|5/100|[from] ability: Rough Skin|[of] p2b: Garchomp
|faint|p2b: Garchomp
|-hitcount|p2: Garchomp|3
|move|p1a: Simple&Clean|Thunderbolt|p2a: Basculegion
|-activate|p2a: Basculegion|move: Protect
|
|upkeep
|turn|9
|
|t:|1785008535
|switch|p1b: STELLVRIS|Aerodactyl-Mega, L50, M|45/100
|move|p2a: Basculegion|Protect||[still]
|-fail|p2a: Basculegion
|move|p1a: Simple&Clean|Thunderbolt|p2a: Basculegion
|-supereffective|p2a: Basculegion|1
|-damage|p2a: Basculegion|0 fnt
|faint|p2a: Basculegion
|
|win|lindseyyy
||TenkiBD is ready for game 2.
||lindseyyy is ready for game 2.
|uhtml|next|Next: Game 2 of 3
|l|☆lindseyyy
|player|p1|
