|j|☆bcoffey1010
|j|☆archyx
|html|bcoffey1010archyx    
|uhtml|bestof|Game 3 of a best-of-3
|t:|1756311617
|gametype|doubles
|player|p1|bcoffey1010|169|1200
|player|p2|archyx|ethan|1193
|gen|9
|tier|[Gen 9] VGC 2025 Reg H (Bo3)
|rated|
|rule|Species Clause: Limit one of each Pokémon
|rule|Item Clause: Limit 1 of each item
|clearpoke
|poke|p1|Gholdengo, L50|
|poke|p1|Incineroar, L50, M|
|poke|p1|Amoonguss, L50, F|
|poke|p1|Archaludon, L50, M|
|poke|p1|Pelipper, L50, F|
|poke|p1|Basculegion, L50, M|
|poke|p2|Garchomp, L50, F|
|poke|p2|Gholdengo, L50|
|poke|p2|Sneasler, L50, M|
|poke|p2|Dragonite, L50, F|
|poke|p2|Incineroar, L50, M|
|poke|p2|Whimsicott, L50, M|
|teampreview|4
|showteam|p1|Gholdengo||LifeOrb|GoodasGold|MakeItRain,ShadowBall,NastyPlot,Protect||||||50|,,,,,Water]Incineroar||RockyHelmet|Intimidate|Taunt,KnockOff,PartingShot,FakeOut|||M|||50|,,,,,Ghost]Amoonguss||SitrusBerry|Regenerator|PollenPuff,Spore,RagePowder,Protect|||F|||50|,,,,,Water]Archaludon||AssaultVest|Stamina|DragonPulse,FlashCannon,ElectroShot,BodyPress|||M|||50|,,,,,Bug]Pelipper||FocusSash|Drizzle|WeatherBall,Hurricane,Tailwind,Protect|||F|||50|,,,,,Ground]Basculegion||ChoiceBand|SwiftSwim|WaveCrash,LastRespects,FlipTurn,AquaJet|||M|||50|,,,,,Water
|showteam|p2|Garchomp||LifeOrb|RoughSkin|Protect,Earthquake,StompingTantrum,DragonClaw|||F|||50|,,,,,Ground]Gholdengo||ChoiceSpecs|GoodasGold|Thunderbolt,MakeItRain,ShadowBall,Trick||||||50|,,,,,Steel]Sneasler||WhiteHerb|Unburden|FakeOut,Protect,CloseCombat,DireClaw|||M|||50|,,,,,Stellar]Dragonite||ChoiceBand|InnerFocus|Outrage,ExtremeSpeed,IceSpinner,StompingTantrum|||F|||50|,,,,,Normal]Incineroar||AssaultVest|Intimidate|FakeOut,KnockOff,FlareBlitz,Uturn|||M|||50|,,,,,Grass]Whimsicott||FocusSash|Prankster|Protect,Tailwind,Moonblast,Encore|||M|||50|,,,,,Ghost
|inactive|Battle timer is ON: inactive players will automatically lose when time's up. (requested by archyx)
|
|t:|1756311649
|teamsize|p1|4
|teamsize|p2|4
|start
|switch|p1a: Incineroar|Incineroar, L50, M|100/100
|switch|p1b: Pelipper|Pelipper, L50, F|100/100
|switch|p2a: Incineroar|Incineroar, L50, M|100/100
|switch|p2b: Gholdengo|Gholdengo, L50|100/100
|-weather|RainDance|[from] ability: Drizzle|[of] p1b: Pelipper
|-ability|p1a: Incineroar|Intimidate|boost
|-unboost|p2a: Incineroar|atk|1
|-unboost|p2b: Gholdengo|atk|1
|-ability|p2a: Incineroar|Intimidate|boost
|-unboost|p1a: Incineroar|atk|1
|-unboost|p1b: Pelipper|atk|1
|turn|1
|inactive|bcoffey1010 has 30 seconds left.
|inactive|archyx has 30 seconds left.
|
|t:|1756311676
|move|p1b: Pelipper|Protect|p1b: Pelipper
|-singleturn|p1b: Pelipper|Protect
|move|p2a: Incineroar|Fake Out|p1b: Pelipper
|-activate|p1b: Pelipper|move: Protect
|move|p2b: Gholdengo|Trick|p1a: Incineroar
|-activate|p2b: Gholdengo|move: Trick|[of] p1a: Incineroar
|-item|p1a: Incineroar|Choice Specs|[from] move: Trick
|-item|p2b: Gholdengo|Rocky Helmet|[from] move: Trick
|move|p1a: Incineroar|Knock Off|p2b: Gholdengo
|-supereffective|p2b: Gholdengo
|-damage|p2b: Gholdengo|33/100
|-damage|p1a: Incineroar|84/100|[from] item: Rocky Helmet|[of] p2b: Gholdengo
|-enditem|p2b: Gholdengo|Rocky Helmet|[from] move: Knock Off|[of] p1a: Incineroar
|
|-weather|RainDance|[upkeep]
|upkeep
|turn|2
|
|t:|1756311696
|switch|p2b: Whimsicott|Whimsicott, L50, M|100/100
|move|p1b: Pelipper|Tailwind|p1b: Pelipper
|-sidestart|p1: bcoffey1010|move: Tailwind
|move|p1a: Incineroar|Knock Off|p2a: Incineroar
|-resisted|p2a: Incineroar
|-damage|p2a: Incineroar|88/100
|-enditem|p2a: Incineroar|Assault Vest|[from] move: Knock Off|[of] p1a: Incineroar
|move|p2a: Incineroar|U-turn|p1b: Pelipper
|-resisted|p1b: Pelipper
|-damage|p1b: Pelipper|92/100
|
|t:|1756311709
|switch|p2a: Gholdengo|Gholdengo, L50|33/100|[from] U-turn
|
|-weather|RainDance|[upkeep]
|upkeep
|turn|3
|
|t:|1756311725
|switch|p1b: Archaludon|Archaludon, L50, M|100/100
|move|p2b: Whimsicott|Tailwind|p2b: Whimsicott
|-sidestart|p2: archyx|move: Tailwind
|move|p2a: Gholdengo|Thunderbolt|p1b: Archaludon
|-resisted|p1b: Archaludon
|-damage|p1b: Archaludon|90/100
|-ability|p1b: Archaludon|Stamina|boost
|-boost|p1b: Archaludon|def|1
|move|p1a: Incineroar|Knock Off|p2a: Gholdengo
|-supereffective|p2a: Gholdengo
|-damage|p2a: Gholdengo|0 fnt
|faint|p2a: Gholdengo
|
|-weather|RainDance|[upkeep]
|upkeep
|
|t:|1756311738
|switch|p2a: Garchomp|Garchomp, L50, F|100/100
|turn|4
|
|t:|1756311761
|switch|p1a: Pelipper|Pelipper, L50, F|92/100
|-terastallize|p2a: Garchomp|Ground
|-terastallize|p1b: Archaludon|Bug
|move|p2b: Whimsicott|Protect|p2b: Whimsicott
|-singleturn|p2b: Whimsicott|Protect
|move|p2a: Garchomp|Earthquake|p1b: Archaludon|[spread] p1b
|-activate|p2b: Whimsicott|move: Protect
|-immune|p1a: Pelipper
|-resisted|p1b: Archaludon
|-damage|p1b: Archaludon|74/100
|-ability|p1b: Archaludon|Stamina|boost
|-boost|p1b: Archaludon|def|1
|-damage|p2a: Garchomp|91/100|[from] item: Life Orb
|move|p1b: Archaludon|Flash Cannon|p2b: Whimsicott
|-activate|p2b: Whimsicott|move: Protect
|
|-weather|RainDance|[upkeep]
|upkeep
|turn|5
|
|t:|1756311785
|switch|p2b: Incineroar|Incineroar, L50, M|88/100
|-ability|p2b: Incineroar|Intimidate|boost
|-unboost|p1a: Pelipper|atk|1
|-unboost|p1b: Archaludon|atk|1
|move|p2a: Garchomp|Dragon Claw|p1a: Pelipper
|-crit|p1a: Pelipper
|-damage|p1a: Pelipper|0 fnt
|faint|p1a: Pelipper
|-damage|p2a: Garchomp|81/100|[from] item: Life Orb
|move|p1b: Archaludon|Flash Cannon|p2b: Incineroar
|-resisted|p2b: Incineroar
|-damage|p2b: Incineroar|68/100
|
|-weather|none
|-sideend|p1: bcoffey1010|move: Tailwind
|upkeep
|
|t:|1756311792
|switch|p1a: Incineroar|Incineroar, L50, M|84/100
|-ability|p1a: Incineroar|Intimidate|boost
|-unboost|p2a: Garchomp|atk|1
|-unboost|p2b: Incineroar|atk|1
|turn|6
|
|t:|1756311814
|switch|p2a: Whimsicott|Whimsicott, L50, M|100/100
|switch|p1a: Basculegion|Basculegion, L50, M|100/100
|move|p2b: Incineroar|Knock Off|p1b: Archaludon
|-damage|p1b: Archaludon|63/100
|-ability|p1b: Archaludon|Stamina|boost
|-boost|p1b: Archaludon|def|1
|-enditem|p1b: Archaludon|Assault Vest|[from] move: Knock Off|[of] p2b: Incineroar
|move|p1b: Archaludon|Body Press|p2a: Whimsicott
|-resisted|p2a: Whimsicott
|-damage|p2a: Whimsicott|61/100
|
|-sideend|p2: archyx|move: Tailwind
|upkeep
|turn|7
|
|t:|1756311835
|switch|p1a: Incineroar|Incineroar, L50, M|84/100
|-ability|p1a: Incineroar|Intimidate|boost
|-unboost|p2a: Whimsicott|atk|1
|-unboost|p2b: Incineroar|atk|1
|move|p2a: Whimsicott|Encore|p1b: Archaludon
|-start|p1b: Archaludon|Encore
|move|p1b: Archaludon|Body Press|p2a: Whimsicott
|-resisted|p2a: Whimsicott
|-damage|p2a: Whimsicott|20/100
|move|p2b: Incineroar|Knock Off|p1a: Incineroar
|-resisted|p1a: Incineroar
|-damage|p1a: Incineroar|73/100
|-enditem|p1a: Incineroar|Choice Specs|[from] move: Knock Off|[of] p2b: Incineroar
|
|upkeep
|turn|8
|
|t:|1756311857
|move|p2a: Whimsicott|Protect|p2a: Whimsicott
|-singleturn|p2a: Whimsicott|Protect
|move|p1b: Archaludon|Body Press|p2b: Incineroar
|-supereffective|p2b: Incineroar
|-damage|p2b: Incineroar|0 fnt
|faint|p2b: Incineroar
|move|p1a: Incineroar|Knock Off|p2a: Whimsicott
|-activate|p2a: Whimsicott|move: Protect
|
|upkeep
|
|t:|1756311865
|switch|p2b: Garchomp|Garchomp, L50, F, tera:Ground|81/100
|turn|9
|
|t:|1756311880
|move|p2a: Whimsicott|Moonblast|p1b: Archaludon
|-damage|p1b: Archaludon|25/100
|-ability|p1b: Archaludon|Stamina|boost
|-boost|p1b: Archaludon|def|1
|move|p2b: Garchomp|Dragon Claw|p1b: Archaludon
|-damage|p1b: Archaludon|12/100
|-ability|p1b: Archaludon|Stamina|boost
|-boost|p1b: Archaludon|def|1
|-damage|p2b: Garchomp|72/100|[from] item: Life Orb
|move|p1b: Archaludon|Body Press|p2b: Garchomp
|-damage|p2b: Garchomp|0 fnt
|-damage|p1b: Archaludon|0 fnt|[from] ability: Rough Skin|[of] p2b: Garchomp
|faint|p2b: Garchomp
|faint|p1b: Archaludon
|move|p1a: Incineroar|Parting Shot|p2a: Whimsicott
|-unboost|p2a: Whimsicott|atk|1
|-unboost|p2a: Whimsicott|spa|1
|
|t:|1756311884
|switch|p1a: Basculegion|Basculegion, L50, M|100/100|[from] Parting Shot
|
|upkeep
|
|t:|1756311886
|switch|p1b: Incineroar|Incineroar, L50, M|73/100
|-ability|p1b: Incineroar|Intimidate|boost
|-unboost|p2a: Whimsicott|atk|1
|turn|10
|-message|archyx forfeited.
|
|win|bcoffey1010
|raw|bcoffey1010's rating: 1200 → 1224(+24 for winning)
|raw|archyx's rating: 1193 → 1169(-24 for losing)
|l|☆bcoffey1010
|player|p1|
