|j|☆d1mo22
|j|☆trevyah
|html|d1mo22trevyah    
|uhtml|bestof|Game 2 of a best-of-3
|t:|1785095097
|gametype|doubles
|player|p1|d1mo22|skier|1396
|player|p2|trevyah|trevor|1361
|gen|9
|tier|[Gen 9 Champions] VGC 2026 Reg M-B (Bo3)
|rated|
|rule|Species Clause: Limit one of each Pokémon
|rule|Item Clause: Limit 1 of each item
|clearpoke
|poke|p1|Raichu, L50, F|
|poke|p1|Gyarados, L50, M, shiny|
|poke|p1|Mamoswine, L50, F|
|poke|p1|Ceruledge, L50, F|
|poke|p1|Sinistcha, L50|
|poke|p1|Kingambit, L50, M, shiny|
|poke|p2|Blaziken, L50, F, shiny|
|poke|p2|Kingambit, L50, M, shiny|
|poke|p2|Dragonite, L50, F, shiny|
|poke|p2|Ninetales-Alola, L50, M, shiny|
|poke|p2|Gengar, L50, F, shiny|
|poke|p2|Incineroar, L50, M, shiny|
|teampreview|4
|showteam|p1|Raichu||RaichuniteY|LightningRod|FakeOut,Encore,ZapCannon,FocusBlast|Timid||F|||50|]Gyarados||Gyaradosite|Intimidate|LashOut,Waterfall,DragonDance,Protect|Adamant||M|||50|]Mamoswine||LifeOrb|Oblivious|Protect,IcicleCrash,IceShard,HighHorsepower|Jolly||F|||50|]Ceruledge||ColburBerry|FlashFire|BitterBlade,ShadowSneak,BulkUp,Protect|Adamant||F|||50|]Sinistcha||SitrusBerry|Hospitality|Protect,RagePowder,MatchaGotcha,LifeDew|Bold|||||50|]Kingambit||FocusSash|Defiant|Protect,SuckerPunch,KowtowCleave,IronHead|Adamant||M|||50|
|showteam|p2|Blaziken||Blazikenite|SpeedBoost|CloseCombat,RockSlide,FlareBlitz,Detect|Adamant||F|||50|]Kingambit||LifeOrb|Defiant|KowtowCleave,IronHead,SuckerPunch,Protect|Adamant||M|||50|]Dragonite||LumBerry|InnerFocus|DragonClaw,LowKick,ExtremeSpeed,Protect|Adamant||F|||50|]Ninetales-Alola||FocusSash|SnowWarning|Blizzard,FreezeDry,Encore,Protect|Timid||M|||50|]Gengar||Gengarite|CursedBody|ShadowBall,SludgeBomb,PerishSong,Protect|Modest||F|||50|]Incineroar||SitrusBerry|Intimidate|FlareBlitz,PartingShot,FakeOut,Protect|Relaxed||M|||50|
|inactive|Battle timer is ON: inactive players will automatically lose when time's up. (requested by d1mo22)
|
|t:|1785095128
|teamsize|p1|4
|teamsize|p2|4
|start
|switch|p1a: Ceruledge|Ceruledge, L50, F|100/100
|switch|p1b: Raichu|Raichu, L50, F|100/100
|switch|p2a: my way|Blaziken, L50, F, shiny|100/100
|switch|p2b: Drop Dead|Kingambit, L50, M, shiny|100/100
|turn|1
|
|t:|1785095147
|detailschange|p2a: my way|Blaziken-Mega, L50, F, shiny
|-mega|p2a: my way|Blaziken|Blazikenite
|move|p1b: Raichu|Fake Out|p2b: Drop Dead
|-resisted|p2b: Drop Dead|1
|-damage|p2b: Drop Dead|97/100
|move|p2a: my way|Rock Slide|p1a: Ceruledge|[spread] p1a,p1b
|-supereffective|p1a: Ceruledge|1
|-damage|p1a: Ceruledge|39/100
|-damage|p1b: Raichu|61/100
|move|p1a: Ceruledge|Bulk Up|p1a: Ceruledge
|-boost|p1a: Ceruledge|atk|1
|-boost|p1a: Ceruledge|def|1
|cant|p2b: Drop Dead|flinch
|
|-ability|p2a: my way|Speed Boost|boost
|-boost|p2a: my way|spe|1
|upkeep
|turn|2
|
|t:|1785095172
|move|p1a: Ceruledge|Protect|p1a: Ceruledge
|-singleturn|p1a: Ceruledge|Protect
|move|p2b: Drop Dead|Sucker Punch||[still]
|-fail|p2b: Drop Dead
|move|p2a: my way|Flare Blitz|p1b: Raichu
|-damage|p1b: Raichu|0 fnt
|faint|p1b: Raichu
|-damage|p2a: my way|78/100|[from] Recoil
|
|-ability|p2a: my way|Speed Boost|boost
|-boost|p2a: my way|spe|1
|upkeep
|
|t:|1785095184
|switch|p1b: Mamoswine|Mamoswine, L50, F|100/100
|turn|3
|
|t:|1785095192
|move|p1b: Mamoswine|Ice Shard|p2a: my way
|-resisted|p2a: my way|1
|-damage|p2a: my way|59/100
|-damage|p1b: Mamoswine|90/100|[from] item: Life Orb
|move|p1a: Ceruledge|Shadow Sneak|p2a: my way
|-crit|p2a: my way
|-damage|p2a: my way|0 fnt
|faint|p2a: my way
|move|p2b: Drop Dead|Sucker Punch||[still]
|-fail|p2b: Drop Dead
|
|upkeep
|
|t:|1785095200
|switch|p2a: Begged|Incineroar, L50, M, shiny|100/100
|-ability|p2a: Begged|Intimidate|boost
|-unboost|p1a: Ceruledge|atk|1
|-fail|p1b: Mamoswine|unboost|Attack|[from] ability: Oblivious|[of] p1b: Mamoswine
|turn|4
|
|t:|1785095208
|move|p1b: Mamoswine|Protect|p1b: Mamoswine
|-singleturn|p1b: Mamoswine|Protect
|move|p2a: Begged|Fake Out|p1b: Mamoswine
|-activate|p1b: Mamoswine|move: Protect
|move|p1a: Ceruledge|Bulk Up|p1a: Ceruledge
|-boost|p1a: Ceruledge|atk|1
|-boost|p1a: Ceruledge|def|1
|move|p2b: Drop Dead|Kowtow Cleave|p1a: Ceruledge
|-supereffective|p1a: Ceruledge|1
|-enditem|p1a: Ceruledge|Colbur Berry|[eat]
|-enditem|p1a: Ceruledge|Colbur Berry|[weaken]
|-damage|p1a: Ceruledge|4/100
|-damage|p2b: Drop Dead|87/100|[from] item: Life Orb
|
|upkeep
|turn|5
|inactive|d1mo22 has 30 seconds left.
|
|t:|1785095236
|move|p1a: Ceruledge|Protect|p1a: Ceruledge
|-singleturn|p1a: Ceruledge|Protect
|move|p2b: Drop Dead|Protect|p2b: Drop Dead
|-singleturn|p2b: Drop Dead|Protect
|move|p1b: Mamoswine|High Horsepower|p2b: Drop Dead
|-activate|p2b: Drop Dead|move: Protect
|move|p2a: Begged|Flare Blitz|p1b: Mamoswine
|-supereffective|p1b: Mamoswine|1
|-damage|p1b: Mamoswine|0 fnt
|faint|p1b: Mamoswine
|-damage|p2a: Begged|72/100|[from] Recoil
|
|upkeep
|
|t:|1785095242
|switch|p1b: Gyarados|Gyarados, L50, M, shiny|100/100
|-ability|p1b: Gyarados|Intimidate|boost
|-unboost|p2a: Begged|atk|1
|-unboost|p2b: Drop Dead|atk|1
|-ability|p2b: Drop Dead|Defiant|boost
|-boost|p2b: Drop Dead|atk|2
|turn|6
|
|t:|1785095261
|move|p1b: Gyarados|Waterfall|p2a: Begged
|-supereffective|p2a: Begged|1
|-crit|p2a: Begged
|-damage|p2a: Begged|0 fnt
|faint|p2a: Begged
|move|p1a: Ceruledge|Bitter Blade|p2b: Drop Dead
|-supereffective|p2b: Drop Dead|1
|-damage|p2b: Drop Dead|0 fnt
|-heal|p1a: Ceruledge|54/100|[from] drain|[of] p2b: Drop Dead
|faint|p2b: Drop Dead
|
|upkeep
|-message|trevyah forfeited.
|
|win|d1mo22
||trevyah is ready for game 3.
