|j|☆Dre18
|j|☆Luke693VGC
|html|Dre18Luke693VGC    
|uhtml|bestof|Game 3 of a best-of-3
|t:|1757004523
|gametype|doubles
|player|p1|Dre18|lucas|1075
|player|p2|Luke693VGC|cyclist-gen4|1177
|gen|9
|tier|[Gen 9] VGC 2025 Reg H (Bo3)
|rated|
|rule|Species Clause: Limit one of each Pokémon
|rule|Item Clause: Limit 1 of each item
|clearpoke
|poke|p1|Volcarona, L50, M|
|poke|p1|Rillaboom, L50, M|
|poke|p1|Annihilape, L50, M|
|poke|p1|Ninetales-Alola, L50, F|
|poke|p1|Electabuzz, L50, M|
|poke|p1|Gyarados, L50, F|
|poke|p2|Archaludon, L50, F|
|poke|p2|Pelipper, L50, F|
|poke|p2|Basculegion, L50, M|
|poke|p2|Amoonguss, L50, F|
|poke|p2|Incineroar, L50, F|
|poke|p2|Gholdengo, L50|
|teampreview|4
|showteam|p1|Volcarona||CovertCloak|FlameBody|HeatWave,TeraBlast,QuiverDance,Protect|||M|||50|,,,,,Fairy]Rillaboom||AssaultVest|GrassySurge|FakeOut,GrassyGlide,Uturn,WoodHammer|||M|||50|,,,,,Fire]Annihilape||SafetyGoggles|Defiant|RageFist,DrainPunch,BulkUp,Protect|||M|||50|,,,,,Water]Ninetales-Alola||LightClay|SnowWarning|Blizzard,IcicleSpear,AuroraVeil,Encore|||F|||50|,,,,,Ghost]Electabuzz||Eviolite|VitalSpirit|Electroweb,FollowMe,Taunt,Protect|||M|||50|,,,,,Ghost]Gyarados||RockyHelmet|Intimidate|Waterfall,IronHead,ThunderWave,Protect|||F|||50|,,,,,Steel
|showteam|p2|Archaludon||AssaultVest|Stamina|DragonPulse,ElectroShot,FlashCannon,BodyPress|||F|||50|,,,,,Grass]Pelipper||FocusSash|Drizzle|WeatherBall,Hurricane,Tailwind,Protect|||F|||50|,,,,,Stellar]Basculegion||ChoiceBand|SwiftSwim|WaveCrash,LastRespects,AquaJet,FlipTurn|||M|||50|,,,,,Water]Amoonguss||SitrusBerry|Regenerator|PollenPuff,RagePowder,Spore,Protect|||F|||50|,,,,,Water]Incineroar||SafetyGoggles|Intimidate|KnockOff,FakeOut,PartingShot,Taunt|||F|||50|,,,,,Ghost]Gholdengo||LifeOrb|GoodasGold|MakeItRain,ShadowBall,NastyPlot,Protect||||||50|,,,,,Water
|inactive|Battle timer is ON: inactive players will automatically lose when time's up. (requested by Dre18)
|
|t:|1757004544
|teamsize|p1|4
|teamsize|p2|4
|start
|switch|p1a: Annihilape|Annihilape, L50, M|100/100
|switch|p1b: Ninetales|Ninetales-Alola, L50, F|100/100
|switch|p2a: Gholdengo|Gholdengo, L50|100/100
|switch|p2b: Incineroar|Incineroar, L50, F|100/100
|-weather|Snowscape|[from] ability: Snow Warning|[of] p1b: Ninetales
|-ability|p2b: Incineroar|Intimidate|boost
|-unboost|p1a: Annihilape|atk|1
|-ability|p1a: Annihilape|Defiant|boost
|-boost|p1a: Annihilape|atk|2
|-unboost|p1b: Ninetales|atk|1
|turn|1
|inactive|Dre18 has 30 seconds left.
|inactive|Luke693VGC has 30 seconds left.
|inactive|Dre18 has 20 seconds left.
|inactive|Luke693VGC has 20 seconds left.
|inactive|Luke693VGC has 15 seconds left.
|
|t:|1757004585
|move|p1a: Annihilape|Protect|p1a: Annihilape
|-singleturn|p1a: Annihilape|Protect
|move|p2b: Incineroar|Fake Out|p1b: Ninetales
|-damage|p1b: Ninetales|91/100
|cant|p1b: Ninetales|flinch
|move|p2a: Gholdengo|Nasty Plot|p2a: Gholdengo
|-boost|p2a: Gholdengo|spa|2
|
|-weather|Snowscape|[upkeep]
|upkeep
|turn|2
|inactive|Dre18 has 30 seconds left.
|inactive|Luke693VGC has 30 seconds left.
|inactive|Dre18 has 20 seconds left.
|inactive|Dre18 has 15 seconds left.
|inactive|Dre18 has 10 seconds left.
|inactive|Dre18 has 5 seconds left.
|
|t:|1757004636
|-terastallize|p2a: Gholdengo|Water
|-terastallize|p1a: Annihilape|Water
|move|p1b: Ninetales|Encore|p2b: Incineroar
|-start|p2b: Incineroar|Encore
|move|p2a: Gholdengo|Make It Rain|p1a: Annihilape|[spread] p1a,p1b
|-resisted|p1a: Annihilape
|-supereffective|p1b: Ninetales
|-damage|p1a: Annihilape|46/100
|-damage|p1b: Ninetales|0 fnt
|-unboost|p2a: Gholdengo|spa|1
|faint|p1b: Ninetales
|-damage|p2a: Gholdengo|91/100|[from] item: Life Orb
|move|p1a: Annihilape|Rage Fist|p2a: Gholdengo
|-damage|p2a: Gholdengo|5/100
|move|p2b: Incineroar|Fake Out||[still]
|-hint|Fake Out only works on your first turn out.
|-fail|p2b: Incineroar
|
|-weather|Snowscape|[upkeep]
|upkeep
|
|t:|1757004659
|switch|p1b: Rillaboom|Rillaboom, L50, M|100/100
|-fieldstart|move: Grassy Terrain|[from] ability: Grassy Surge|[of] p1b: Rillaboom
|turn|3
|
|t:|1757004683
|switch|p2b: Archaludon|Archaludon, L50, F|100/100
|move|p1b: Rillaboom|Fake Out|p2a: Gholdengo
|-damage|p2a: Gholdengo|0 fnt
|faint|p2a: Gholdengo
|move|p1a: Annihilape|Drain Punch|p2b: Archaludon
|-supereffective|p2b: Archaludon
|-damage|p2b: Archaludon|17/100
|-heal|p1a: Annihilape|87/100|[from] drain|[of] p2b: Archaludon
|-ability|p2b: Archaludon|Stamina|boost
|-boost|p2b: Archaludon|def|1
|
|-weather|Snowscape|[upkeep]
|-heal|p1a: Annihilape|93/100|[from] Grassy Terrain
|-heal|p2b: Archaludon|23/100|[from] Grassy Terrain
|upkeep
|
|t:|1757004698
|switch|p2a: Incineroar|Incineroar, L50, F|100/100
|-ability|p2a: Incineroar|Intimidate|boost
|-unboost|p1a: Annihilape|atk|1
|-ability|p1a: Annihilape|Defiant|boost
|-boost|p1a: Annihilape|atk|2
|-unboost|p1b: Rillaboom|atk|1
|turn|4
|inactive|Dre18 has 30 seconds left.
|inactive|Luke693VGC has 30 seconds left.
|inactive|Dre18 has 20 seconds left.
|inactive|Dre18 has 15 seconds left.
|inactive|Dre18 has 10 seconds left.
|inactive|Dre18 has 5 seconds left.
|
|t:|1757004748
|move|p1a: Annihilape|Protect|p1a: Annihilape
|-singleturn|p1a: Annihilape|Protect
|move|p2a: Incineroar|Fake Out|p1a: Annihilape
|-activate|p1a: Annihilape|move: Protect
|move|p2b: Archaludon|Body Press|p1a: Annihilape
|-activate|p1a: Annihilape|move: Protect
|move|p1b: Rillaboom|Wood Hammer|p2b: Archaludon
|-resisted|p2b: Archaludon
|-damage|p2b: Archaludon|16/100
|-ability|p2b: Archaludon|Stamina|boost
|-boost|p2b: Archaludon|def|1
|-damage|p1b: Rillaboom|98/100|[from] Recoil
|
|-weather|Snowscape|[upkeep]
|-heal|p1a: Annihilape|99/100|[from] Grassy Terrain
|-heal|p2b: Archaludon|22/100|[from] Grassy Terrain
|-heal|p1b: Rillaboom|100/100|[from] Grassy Terrain
|upkeep
|turn|5
|inactive|Dre18 has 30 seconds left.
|inactive|Luke693VGC has 30 seconds left.
|
|t:|1757004781
|move|p1a: Annihilape|Drain Punch|p2a: Incineroar
|-supereffective|p2a: Incineroar
|-damage|p2a: Incineroar|0 fnt
|-heal|p1a: Annihilape|100/100|[from] drain|[of] p2a: Incineroar
|faint|p2a: Incineroar
|move|p2b: Archaludon|Body Press|p1a: Annihilape
|-damage|p1a: Annihilape|53/100
|move|p1b: Rillaboom|U-turn|p2b: Archaludon
|-resisted|p2b: Archaludon
|-damage|p2b: Archaludon|19/100
|-ability|p2b: Archaludon|Stamina|boost
|-boost|p2b: Archaludon|def|1
|
|t:|1757004791
|switch|p1b: Volcarona|Volcarona, L50, M|100/100|[from] U-turn
|
|-weather|none
|-heal|p1a: Annihilape|59/100|[from] Grassy Terrain
|-heal|p2b: Archaludon|25/100|[from] Grassy Terrain
|upkeep
|
|t:|1757004796
|switch|p2a: Pelipper|Pelipper, L50, F|100/100
|-weather|RainDance|[from] ability: Drizzle|[of] p2a: Pelipper
|turn|6
|
|t:|1757004818
|move|p1b: Volcarona|Heat Wave|p2b: Archaludon|[spread] p2a,p2b
|-resisted|p2a: Pelipper
|-damage|p2a: Pelipper|86/100
|-damage|p2b: Archaludon|14/100
|-status|p2a: Pelipper|brn
|-ability|p2b: Archaludon|Stamina|boost
|-boost|p2b: Archaludon|def|1
|move|p2a: Pelipper|Weather Ball|p1b: Volcarona
|-supereffective|p1b: Volcarona
|-damage|p1b: Volcarona|0 fnt
|faint|p1b: Volcarona
|move|p1a: Annihilape|Rage Fist|p2a: Pelipper
|-damage|p2a: Pelipper|0 fnt
|faint|p2a: Pelipper
|move|p2b: Archaludon|Body Press|p1a: Annihilape
|-damage|p1a: Annihilape|0 fnt
|faint|p1a: Annihilape
|
|-weather|RainDance|[upkeep]
|-heal|p2b: Archaludon|20/100|[from] Grassy Terrain
|upkeep
|
|t:|1757004837
|switch|p1a: Rillaboom|Rillaboom, L50, M|100/100
|turn|7
|
|t:|1757004846
|move|p2b: Archaludon|Body Press|p1a: Rillaboom
|-crit|p1a: Rillaboom
|-damage|p1a: Rillaboom|0 fnt
|faint|p1a: Rillaboom
|
|win|Luke693VGC
|raw|Dre18's rating: 1075 → 1060(-15 for losing)
|raw|Luke693VGC's rating: 1177 → 1195(+18 for winning)
|c|☆Dre18|gg
