|j|☆laut1
|j|☆tmjp01
|html|laut1tmjp01    
|uhtml|bestof|Game 2 of a best-of-3
|t:|1782499914
|gametype|doubles
|player|p1|laut1|supernerd|1180
|player|p2|tmjp01|102|1231
|gen|9
|tier|[Gen 9 Champions] VGC 2026 Reg M-B (Bo3)
|rated|
|rule|Species Clause: Limit one of each Pokémon
|rule|Item Clause: Limit 1 of each item
|clearpoke
|poke|p1|Kingambit, L50, F, shiny|
|poke|p1|Garchomp, L50, M|
|poke|p1|Incineroar, L50, M|
|poke|p1|Sylveon, L50, M, shiny|
|poke|p1|Charizard, L50, F|
|poke|p1|Aerodactyl, L50, M, shiny|
|poke|p2|Corviknight, L50, M|
|poke|p2|Tyranitar, L50, F|
|poke|p2|Hydreigon, L50, F|
|poke|p2|Froslass, L50, F|
|poke|p2|Garchomp, L50, F|
|poke|p2|Arcanine-Hisui, L50, F|
|teampreview|4
|showteam|p1|Kingambit||ChopleBerry|Defiant|Protect,KowtowCleave,LowKick,SuckerPunch|Adamant||F|||50|]Garchomp||LifeOrb|RoughSkin|Protect,Earthquake,DragonClaw,StompingTantrum|Jolly||M|||50|]Incineroar||SitrusBerry|Intimidate|FakeOut,FlareBlitz,Taunt,PartingShot|Sassy||M|||50|]Sylveon||FairyFeather|Pixilate|Detect,HyperVoice,QuickAttack,HyperBeam|Modest||M|||50|]Charizard||CharizarditeY|Blaze|Protect,HeatWave,WeatherBall,SolarBeam|Modest||F|||50|]Aerodactyl||Aerodactylite|Unnerve|Tailwind,DualWingbeat,RockSlide,WideGuard|Jolly||M|||50|
|showteam|p2|Corviknight||OccaBerry|MirrorArmor|BraveBird,Protect,IronHead,Tailwind|Adamant||M|||50|]Tyranitar||Tyranitarite|SandStream|Protect,KnockOff,RockSlide,DragonDance|Adamant||F|||50|]Hydreigon||ChoiceScarf|Levitate|DarkPulse,DracoMeteor,EarthPower,ZenHeadbutt|Timid||F|||50|]Froslass||Froslassite|CursedBody|Blizzard,Protect,ShadowBall,WeatherBall|Timid||F|||50|]Garchomp||LifeOrb|RoughSkin|Protect,DragonClaw,RockSlide,Earthquake|Jolly||F|||50|]Arcanine-Hisui||FocusSash|RockHead|Protect,HeadSmash,ExtremeSpeed,FlareBlitz|Adamant||F|||50|
|l|☆laut1
|player|p1|
|inactive|Battle timer is ON: inactive players will automatically lose when time's up. (requested by tmjp01)
|inactive|laut1 has 30 seconds to reconnect!
|j|☆laut1
|inactive|laut1 reconnected and has 55 seconds left.
|player|p1|laut1|supernerd|
|inactive|laut1 has 30 seconds left.
|
|t:|1782500007
|teamsize|p1|4
|teamsize|p2|4
|start
|switch|p1a: Garchomp|Garchomp, L50, M|100/100
|switch|p1b: Incineroar|Incineroar, L50, M|100/100
|switch|p2a: Corviknight|Corviknight, L50, M|100/100
|switch|p2b: Arcanine|Arcanine-Hisui, L50, F|100/100
|-ability|p1b: Incineroar|Intimidate|boost
|-ability|p2a: Corviknight|Mirror Armor
|-unboost|p1b: Incineroar|atk|1
|-unboost|p2b: Arcanine|atk|1
|turn|1
|
|t:|1782500030
|move|p2b: Arcanine|Protect|p2b: Arcanine
|-singleturn|p2b: Arcanine|Protect
|move|p1a: Garchomp|Dragon Claw|p2a: Corviknight
|-resisted|p2a: Corviknight|1
|-damage|p2a: Corviknight|79/100
|-damage|p1a: Garchomp|90/100|[from] item: Life Orb
|move|p2a: Corviknight|Tailwind|p2a: Corviknight
|-sidestart|p2: tmjp01|move: Tailwind
|move|p1b: Incineroar|Flare Blitz|p2a: Corviknight
|-supereffective|p2a: Corviknight|1
|-enditem|p2a: Corviknight|Occa Berry|[eat]
|-enditem|p2a: Corviknight|Occa Berry|[weaken]
|-damage|p2a: Corviknight|51/100
|-status|p2a: Corviknight|brn
|-damage|p1b: Incineroar|90/100|[from] Recoil
|
|-damage|p2a: Corviknight|45/100 brn|[from] brn
|upkeep
|turn|2
|inactive|laut1 has 30 seconds left.
|inactive|laut1 has 20 seconds left.
|inactive|laut1 has 15 seconds left.
|inactive|laut1 has 10 seconds left.
|inactive|laut1 has 5 seconds left.
|
|t:|1782500081
|move|p2b: Arcanine|Head Smash|p1b: Incineroar
|-supereffective|p1b: Incineroar|1
|-damage|p1b: Incineroar|1/100
|-enditem|p1b: Incineroar|Sitrus Berry|[eat]
|-heal|p1b: Incineroar|26/100|[from] item: Sitrus Berry
|move|p2a: Corviknight|Brave Bird|p1b: Incineroar
|-damage|p1b: Incineroar|8/100
|-damage|p2a: Corviknight|39/100 brn|[from] Recoil
|move|p1a: Garchomp|Stomping Tantrum|p2b: Arcanine
|-supereffective|p2b: Arcanine|2
|-enditem|p2b: Arcanine|Focus Sash
|-damage|p2b: Arcanine|1/100
|-damage|p1a: Garchomp|80/100|[from] item: Life Orb
|move|p1b: Incineroar|Parting Shot|p2b: Arcanine
|-unboost|p2b: Arcanine|atk|1
|-unboost|p2b: Arcanine|spa|1
|inactive|laut1 has 30 seconds left.
|
|t:|1782500113
|switch|p1b: Kingambit|Kingambit, L50, F, shiny|100/100|[from] Parting Shot
|
|-damage|p2a: Corviknight|33/100 brn|[from] brn
|upkeep
|turn|3
|inactive|laut1 has 30 seconds left.
|inactive|tmjp01 has 30 seconds left.
|inactive|laut1 has 20 seconds left.
|inactive|laut1 has 15 seconds left.
|
|t:|1782500153
|move|p1b: Kingambit|Protect|p1b: Kingambit
|-singleturn|p1b: Kingambit|Protect
|move|p2b: Arcanine|Extreme Speed|p1b: Kingambit
|-activate|p1b: Kingambit|move: Protect
|move|p2a: Corviknight|Iron Head|p1b: Kingambit
|-activate|p1b: Kingambit|move: Protect
|move|p1a: Garchomp|Stomping Tantrum|p2b: Arcanine
|-supereffective|p2b: Arcanine|2
|-damage|p2b: Arcanine|0 fnt
|faint|p2b: Arcanine
|-damage|p1a: Garchomp|70/100|[from] item: Life Orb
|
|-damage|p2a: Corviknight|27/100 brn|[from] brn
|upkeep
|
|t:|1782500159
|switch|p2b: Garchomp|Garchomp, L50, F|100/100
|turn|4
|inactive|laut1 has 30 seconds left.
|inactive|laut1 has 20 seconds left.
|inactive|laut1 has 15 seconds left.
|
|t:|1782500200
|move|p2b: Garchomp|Earthquake|p1b: Kingambit|[spread] p1a,p1b
|-immune|p2a: Corviknight
|-supereffective|p1b: Kingambit|1
|-damage|p1a: Garchomp|18/100
|-damage|p1b: Kingambit|26/100
|-damage|p2b: Garchomp|90/100|[from] item: Life Orb
|move|p2a: Corviknight|Brave Bird|p1a: Garchomp
|-damage|p1a: Garchomp|0 fnt
|-damage|p2a: Corviknight|15/100 brn|[from] ability: Rough Skin|[of] p1a: Garchomp
|faint|p1a: Garchomp
|-damage|p2a: Corviknight|10/100 brn|[from] Recoil
|move|p1b: Kingambit|Kowtow Cleave|p2b: Garchomp
|-damage|p2b: Garchomp|47/100
|-damage|p1b: Kingambit|13/100|[from] ability: Rough Skin|[of] p2b: Garchomp
|
|-damage|p2a: Corviknight|4/100 brn|[from] brn
|-sideend|p2: tmjp01|move: Tailwind
|upkeep
|
|t:|1782500217
|switch|p1a: Incineroar|Incineroar, L50, M|8/100
|-ability|p1a: Incineroar|Intimidate|boost
|-ability|p2a: Corviknight|Mirror Armor
|-unboost|p1a: Incineroar|atk|1
|-unboost|p2b: Garchomp|atk|1
|turn|5
|
|t:|1782500239
|move|p2b: Garchomp|Protect|p2b: Garchomp
|-singleturn|p2b: Garchomp|Protect
|move|p1b: Kingambit|Protect|p1b: Kingambit
|-singleturn|p1b: Kingambit|Protect
|move|p1a: Incineroar|Fake Out|p2a: Corviknight
|-resisted|p2a: Corviknight|1
|-damage|p2a: Corviknight|1/100 brn
|cant|p2a: Corviknight|flinch
|
|-damage|p2a: Corviknight|0 fnt|[from] brn
|faint|p2a: Corviknight
|upkeep
|
|t:|1782500249
|switch|p2a: Froslass|Froslass, L50, F|100/100
|turn|6
|inactive|laut1 has 30 seconds left.
|inactive|laut1 has 20 seconds left.
|inactive|laut1 has 15 seconds left.
|inactive|laut1 has 10 seconds left.
|
|t:|1782500294
|move|p2a: Froslass|Protect|p2a: Froslass
|-singleturn|p2a: Froslass|Protect
|move|p1b: Kingambit|Sucker Punch|p2b: Garchomp
|-damage|p2b: Garchomp|12/100
|-damage|p1b: Kingambit|1/100|[from] ability: Rough Skin|[of] p2b: Garchomp
|move|p2b: Garchomp|Earthquake|p1a: Incineroar|[spread] p1a,p1b
|-activate|p2a: Froslass|move: Protect
|-supereffective|p1a: Incineroar|1
|-supereffective|p1b: Kingambit|1
|-damage|p1a: Incineroar|0 fnt
|-damage|p1b: Kingambit|0 fnt
|faint|p1a: Incineroar
|faint|p1b: Kingambit
|-damage|p2b: Garchomp|2/100|[from] item: Life Orb
|
|upkeep
|
|t:|1782500305
|switch|p1a: Sylveon|Sylveon, L50, M, shiny|100/100
|turn|7
|
|t:|1782500326
|detailschange|p2a: Froslass|Froslass-Mega, L50, F
|-mega|p2a: Froslass|Froslass|Froslassite
|-weather|Snowscape|[from] ability: Snow Warning|[of] p2a: Froslass
|move|p1a: Sylveon|Detect|p1a: Sylveon
|-singleturn|p1a: Sylveon|Protect
|move|p2a: Froslass|Blizzard|p1a: Sylveon
|-activate|p1a: Sylveon|move: Protect
|move|p2b: Garchomp|Rock Slide|p1a: Sylveon
|-activate|p1a: Sylveon|move: Protect
|
|-weather|Snowscape|[upkeep]
|upkeep
|turn|8
|
|t:|1782500336
|move|p1a: Sylveon|Quick Attack|p2b: Garchomp
|-supereffective|p2b: Garchomp|1
|-damage|p2b: Garchomp|0 fnt
|-damage|p1a: Sylveon|87/100|[from] ability: Rough Skin|[of] p2b: Garchomp
|faint|p2b: Garchomp
|move|p2a: Froslass|Blizzard|p1a: Sylveon
|-damage|p1a: Sylveon|40/100
|
|-weather|Snowscape|[upkeep]
|upkeep
|turn|9
|
|t:|1782500357
|move|p1a: Sylveon|Detect|p1a: Sylveon
|-singleturn|p1a: Sylveon|Protect
|move|p2a: Froslass|Blizzard|p1a: Sylveon
|-activate|p1a: Sylveon|move: Protect
|
|-weather|Snowscape|[upkeep]
|upkeep
|turn|10
|
|t:|1782500366
|move|p2a: Froslass|Blizzard|p1a: Sylveon
|-damage|p1a: Sylveon|0 fnt
|faint|p1a: Sylveon
|
|win|tmjp01
|raw|laut1's rating: 1180 → 1159(-21 for losing)
|raw|tmjp01's rating: 1231 → 1252(+21 for winning)
|l|☆laut1
|player|p1|
