|j|☆ncnxx
|j|☆Mestremarkusme
|html|ncnxxMestremarkusme    
|uhtml|bestof|Game 3 of a best-of-3
|t:|1785180808
|gametype|doubles
|player|p1|ncnxx|170|1269
|player|p2|Mestremarkusme|hiker-gen4|1159
|gen|9
|tier|[Gen 9 Champions] VGC 2026 Reg M-B (Bo3)
|rated|
|rule|Species Clause: Limit one of each Pokémon
|rule|Item Clause: Limit 1 of each item
|clearpoke
|poke|p1|Charizard, L50, M|
|poke|p1|Floette-Eternal, L50, F|
|poke|p1|Whimsicott, L50, M|
|poke|p1|Garchomp, L50, F|
|poke|p1|Basculegion, L50, M|
|poke|p1|Kingambit, L50, F|
|poke|p2|Incineroar, L50, F|
|poke|p2|Kingambit, L50, F|
|poke|p2|Sinistcha, L50|
|poke|p2|Sneasler, L50, M|
|poke|p2|Blastoise, L50, F|
|poke|p2|Delphox, L50, F|
|teampreview|4
|showteam|p1|Charizard||CharizarditeY|Blaze|HeatWave,WeatherBall,SolarBeam,Protect|Modest||M|||50|]Floette-Eternal||Floettite|FlowerVeil|DazzlingGleam,Moonblast,LightofRuin,Protect|Modest||F|||50|]Whimsicott||FocusSash|Prankster|Tailwind,Moonblast,Encore,Protect|Timid||M|||50|]Garchomp||SitrusBerry|RoughSkin|StompingTantrum,RockSlide,DragonTail,PoisonJab|Adamant||F|||50|]Basculegion||ChoiceScarf|Adaptability|LastRespects,WaveCrash,FlipTurn,AquaJet|Jolly||M|||50|]Kingambit||LifeOrb|Defiant|SuckerPunch,KowtowCleave,IronHead,LowKick|Adamant||F|||50|
|showteam|p2|Incineroar||SitrusBerry|Intimidate|FakeOut,FlareBlitz,ThroatChop,PartingShot|Impish||F|||50|]Kingambit||BlackGlasses|Defiant|KowtowCleave,SuckerPunch,SwordsDance,Protect|Adamant||F|||50|]Sinistcha||OccaBerry|Hospitality|MatchaGotcha,RagePowder,TrickRoom,Protect|Relaxed|||||50|]Sneasler||FocusSash|PoisonTouch|FakeOut,CloseCombat,PoisonJab,QuickGuard|Jolly||M|||50|]Blastoise||Blastoisinite|RainDish|WaterSpout,DarkPulse,ShellSmash,Protect|Modest||F|||50|]Delphox||Delphoxite|Blaze|HeatWave,Psychic,NastyPlot,Protect|Timid||F|||50|
|inactive|Battle timer is ON: inactive players will automatically lose when time's up. (requested by Mestremarkusme)
|
|t:|1785180841
|teamsize|p1|4
|teamsize|p2|4
|start
|switch|p1a: Whimsicott|Whimsicott, L50, M|100/100
|switch|p1b: Charizard|Charizard, L50, M|100/100
|switch|p2a: Delphox|Delphox, L50, F|100/100
|switch|p2b: Kingambit|Kingambit, L50, F|100/100
|turn|1
|
|t:|1785180863
|switch|p2b: Incineroar|Incineroar, L50, F|100/100
|-ability|p2b: Incineroar|Intimidate|boost
|-unboost|p1a: Whimsicott|atk|1
|-unboost|p1b: Charizard|atk|1
|detailschange|p2a: Delphox|Delphox-Mega, L50, F
|-mega|p2a: Delphox|Delphox|Delphoxite
|detailschange|p1b: Charizard|Charizard-Mega-Y, L50, M
|-mega|p1b: Charizard|Charizard|Charizardite Y
|-weather|SunnyDay|[from] ability: Drought|[of] p1b: Charizard
|move|p1a: Whimsicott|Tailwind|p1a: Whimsicott
|-sidestart|p1: ncnxx|move: Tailwind
|move|p1b: Charizard|Heat Wave|p2b: Incineroar|[spread] p2a,p2b
|-resisted|p2a: Delphox|1
|-resisted|p2b: Incineroar|1
|-damage|p2a: Delphox|74/100
|-damage|p2b: Incineroar|73/100
|move|p2a: Delphox|Nasty Plot|p2a: Delphox
|-boost|p2a: Delphox|spa|2
|
|-weather|SunnyDay|[upkeep]
|upkeep
|turn|2
|
|t:|1785180884
|switch|p1b: Kingambit|Kingambit, L50, F|100/100
|move|p2b: Incineroar|Fake Out|p1a: Whimsicott
|-damage|p1a: Whimsicott|82/100
|cant|p1a: Whimsicott|flinch
|move|p2a: Delphox|Psychic|p1b: Kingambit
|-immune|p1b: Kingambit
|
|-weather|SunnyDay|[upkeep]
|upkeep
|turn|3
|
|t:|1785180900
|switch|p1b: Garchomp|Garchomp, L50, F|100/100
|switch|p2b: Sinistcha|Sinistcha, L50|100/100
|-heal|p2a: Delphox|99/100|[from] ability: Hospitality|[of] p2b: Sinistcha
|move|p1a: Whimsicott|Moonblast|p2a: Delphox
|-resisted|p2a: Delphox|1
|-damage|p2a: Delphox|82/100
|move|p2a: Delphox|Heat Wave|p1a: Whimsicott|[spread] p1b
|-miss|p2a: Delphox|p1a: Whimsicott
|-resisted|p1b: Garchomp|1
|-damage|p1b: Garchomp|46/100
|-enditem|p1b: Garchomp|Sitrus Berry|[eat]
|-heal|p1b: Garchomp|71/100|[from] item: Sitrus Berry
|
|-weather|SunnyDay|[upkeep]
|upkeep
|turn|4
|
|t:|1785180923
|switch|p1a: Charizard|Charizard-Mega-Y, L50, M|100/100
|switch|p2b: Incineroar|Incineroar, L50, F|73/100
|-ability|p2b: Incineroar|Intimidate|boost
|-unboost|p1a: Charizard|atk|1
|-unboost|p1b: Garchomp|atk|1
|move|p1b: Garchomp|Poison Jab|p2b: Incineroar
|-crit|p2b: Incineroar
|-damage|p2b: Incineroar|35/100
|-status|p2b: Incineroar|psn
|-enditem|p2b: Incineroar|Sitrus Berry|[eat]
|-heal|p2b: Incineroar|59/100 psn|[from] item: Sitrus Berry
|move|p2a: Delphox|Heat Wave|p1a: Charizard|[spread] p1a,p1b
|-resisted|p1a: Charizard|1
|-resisted|p1b: Garchomp|1
|-damage|p1a: Charizard|52/100
|-damage|p1b: Garchomp|21/100
|
|-weather|SunnyDay|[upkeep]
|-damage|p2b: Incineroar|47/100 psn|[from] psn
|-sideend|p1: ncnxx|move: Tailwind
|upkeep
|turn|5
|
|t:|1785180940
|switch|p1b: Whimsicott|Whimsicott, L50, M|82/100
|move|p1a: Charizard|Protect|p1a: Charizard
|-singleturn|p1a: Charizard|Protect
|move|p2b: Incineroar|Fake Out|p1a: Charizard
|-activate|p1a: Charizard|move: Protect
|move|p2a: Delphox|Heat Wave|p1a: Charizard|[spread] p1b
|-activate|p1a: Charizard|move: Protect
|-supereffective|p1b: Whimsicott|1
|-damage|p1b: Whimsicott|0 fnt
|faint|p1b: Whimsicott
|
|-weather|none
|-damage|p2b: Incineroar|35/100 psn|[from] psn
|upkeep
|
|t:|1785180944
|switch|p1b: Kingambit|Kingambit, L50, F|100/100
|turn|6
|
|t:|1785180955
|move|p2a: Delphox|Protect|p2a: Delphox
|-singleturn|p2a: Delphox|Protect
|move|p1b: Kingambit|Sucker Punch||[still]
|-fail|p1b: Kingambit
|move|p1a: Charizard|Heat Wave|p2a: Delphox|[spread] 
|-activate|p2a: Delphox|move: Protect
|-miss|p1a: Charizard|p2b: Incineroar
|move|p2b: Incineroar|Flare Blitz|p1b: Kingambit
|-supereffective|p1b: Kingambit|1
|-damage|p1b: Kingambit|25/100
|-damage|p2b: Incineroar|13/100 psn|[from] Recoil
|
|-damage|p2b: Incineroar|1/100 psn|[from] psn
|upkeep
|turn|7
|
|t:|1785180973
|switch|p2b: Sinistcha|Sinistcha, L50|100/100
|-heal|p2a: Delphox|100/100|[from] ability: Hospitality|[of] p2b: Sinistcha
|move|p1b: Kingambit|Sucker Punch|p2a: Delphox
|-supereffective|p2a: Delphox|1
|-damage|p2a: Delphox|0 fnt
|faint|p2a: Delphox
|-damage|p1b: Kingambit|15/100|[from] item: Life Orb
|move|p1a: Charizard|Heat Wave|p2b: Sinistcha
|-supereffective|p2b: Sinistcha|1
|-enditem|p2b: Sinistcha|Occa Berry|[eat]
|-enditem|p2b: Sinistcha|Occa Berry|[weaken]
|-damage|p2b: Sinistcha|42/100
|
|upkeep
|
|t:|1785180982
|switch|p2a: Kingambit|Kingambit, L50, F|100/100
|turn|8
|inactive|Mestremarkusme has 30 seconds left.
|
|t:|1785181009
|move|p2a: Kingambit|Sucker Punch|p1b: Kingambit
|-resisted|p1b: Kingambit|1
|-damage|p1b: Kingambit|0 fnt
|faint|p1b: Kingambit
|move|p1a: Charizard|Heat Wave|p2b: Sinistcha|[spread] p2a,p2b
|-supereffective|p2a: Kingambit|1
|-supereffective|p2b: Sinistcha|1
|-damage|p2a: Kingambit|36/100
|-damage|p2b: Sinistcha|0 fnt
|faint|p2b: Sinistcha
|
|upkeep
|
|t:|1785181017
|switch|p1b: Garchomp|Garchomp, L50, F|21/100
|switch|p2b: Incineroar|Incineroar, L50, F|1/100 psn
|-ability|p2b: Incineroar|Intimidate|boost
|-unboost|p1a: Charizard|atk|1
|-unboost|p1b: Garchomp|atk|1
|turn|9
|
|t:|1785181026
|move|p1a: Charizard|Protect|p1a: Charizard
|-singleturn|p1a: Charizard|Protect
|move|p2b: Incineroar|Fake Out|p1a: Charizard
|-activate|p1a: Charizard|move: Protect
|move|p2a: Kingambit|Sucker Punch|p1b: Garchomp
|-damage|p1b: Garchomp|0 fnt
|-damage|p2a: Kingambit|24/100|[from] ability: Rough Skin|[of] p1b: Garchomp
|faint|p1b: Garchomp
|
|-damage|p2b: Incineroar|0 fnt|[from] psn
|faint|p2b: Incineroar
|upkeep
|turn|10
|
|t:|1785181037
|move|p2a: Kingambit|Sucker Punch|p1a: Charizard
|-damage|p1a: Charizard|15/100
|move|p1a: Charizard|Heat Wave|p2a: Kingambit
|-supereffective|p2a: Kingambit|1
|-damage|p2a: Kingambit|0 fnt
|faint|p2a: Kingambit
|
|win|ncnxx
|raw|ncnxx's rating: 1269 → 1286(+17 for winning)
|raw|Mestremarkusme's rating: 1159 → 1142(-17 for losing)
