|j|☆pokemonlegend5
|j|☆xMiQux
|html|pokemonlegend5xMiQux    
|uhtml|bestof|Game 1 of a best-of-3
|t:|1782417326
|gametype|doubles
|player|p1|pokemonlegend5|266|1000
|player|p2|xMiQux|red|1014
|gen|9
|tier|[Gen 9 Champions] VGC 2026 Reg M-B (Bo3)
|rated|
|rule|Species Clause: Limit one of each Pokémon
|rule|Item Clause: Limit 1 of each item
|clearpoke
|poke|p1|Raichu, L50, M, shiny|
|poke|p1|Basculegion, L50, M, shiny|
|poke|p1|Whimsicott, L50, M, shiny|
|poke|p1|Gholdengo, L50, shiny|
|poke|p1|Floette-Eternal, L50, F|
|poke|p1|Garchomp, L50, M, shiny|
|poke|p2|Staraptor, L50, M, shiny|
|poke|p2|Whimsicott, L50, F|
|poke|p2|Basculegion, L50, M|
|poke|p2|Garchomp, L50, F|
|poke|p2|Raichu, L50, F, shiny|
|poke|p2|Espathra, L50, F|
|teampreview|4
|showteam|p1|Raichu||RaichuniteY|LightningRod|FakeOut,FocusBlast,ZapCannon,Protect|Modest||M|||50|]Basculegion||MysticWater|Adaptability|Protect,WaveCrash,LastRespects,AquaJet|Adamant||M|||50|]Whimsicott||FocusSash|Prankster|Protect,Moonblast,Tailwind,Encore|Timid||M|||50|]Gholdengo||LifeOrb|GoodasGold|MakeItRain,Protect,ShadowBall,NastyPlot|Modest|||||50|]Floette-Eternal||Floettite|FlowerVeil|Protect,Moonblast,LightofRuin,DazzlingGleam|Timid||F|||50|]Garchomp||SitrusBerry|RoughSkin|DragonClaw,RockSlide,StompingTantrum,Protect|Adamant||M|||50|
|showteam|p2|Staraptor||Staraptite|Intimidate|CloseCombat,Protect,SteelWing,AerialAce|Jolly||M|||50|]Whimsicott||FocusSash|Prankster|Charm,Tailwind,Protect,Moonblast|Timid||F|||50|]Basculegion||ChoiceScarf|Adaptability|WaveCrash,AquaJet,FlipTurn,LastRespects|Adamant||M|||50|]Garchomp||LifeOrb|RoughSkin|DragonClaw,Crunch,RockSlide,Earthquake|Adamant||F|||50|]Raichu||Leftovers|LightningRod|VoltSwitch,FakeOut,IronTail,Nuzzle|Jolly||F|||50|]Espathra||LightClay|Frisk|Reflect,Hypnosis,LightScreen,SkillSwap|Timid||F|||50|
|
|t:|1782417360
|teamsize|p1|4
|teamsize|p2|4
|start
|switch|p1a: Whimsicott|Whimsicott, L50, M, shiny|100/100
|switch|p1b: Garchomp|Garchomp, L50, M, shiny|100/100
|switch|p2a: Basculegion|Basculegion, L50, M|100/100
|switch|p2b: Whimsicott|Whimsicott, L50, F|100/100
|turn|1
|
|t:|1782417379
|move|p1a: Whimsicott|Tailwind|p1a: Whimsicott
|-sidestart|p1: pokemonlegend5|move: Tailwind
|move|p2b: Whimsicott|Tailwind|p2b: Whimsicott
|-sidestart|p2: xMiQux|move: Tailwind
|move|p2a: Basculegion|Wave Crash|p1b: Garchomp
|-damage|p1b: Garchomp|28/100
|-damage|p2a: Basculegion|87/100|[from] ability: Rough Skin|[of] p1b: Garchomp
|-enditem|p1b: Garchomp|Sitrus Berry|[eat]
|-heal|p1b: Garchomp|53/100|[from] item: Sitrus Berry
|-damage|p2a: Basculegion|63/100|[from] Recoil
|move|p1b: Garchomp|Rock Slide|p2a: Basculegion|[spread] p2a,p2b
|-crit|p2a: Basculegion
|-damage|p2a: Basculegion|27/100
|-damage|p2b: Whimsicott|80/100
|
|upkeep
|turn|2
|
|t:|1782417404
|move|p1b: Garchomp|Protect|p1b: Garchomp
|-singleturn|p1b: Garchomp|Protect
|move|p2a: Basculegion|Wave Crash|p1b: Garchomp
|-activate|p1b: Garchomp|move: Protect
|move|p1a: Whimsicott|Moonblast|p2a: Basculegion
|-crit|p2a: Basculegion
|-damage|p2a: Basculegion|0 fnt
|faint|p2a: Basculegion
|move|p2b: Whimsicott|Moonblast|p1b: Garchomp
|-activate|p1b: Garchomp|move: Protect
|
|upkeep
|
|t:|1782417419
|switch|p2a: Garchomp|Garchomp, L50, F|100/100
|turn|3
|
|t:|1782417446
|switch|p1b: Gholdengo|Gholdengo, L50, shiny|100/100
|move|p2b: Whimsicott|Protect|p2b: Whimsicott
|-singleturn|p2b: Whimsicott|Protect
|move|p1a: Whimsicott|Encore|p2b: Whimsicott
|-activate|p2b: Whimsicott|move: Protect
|move|p2a: Garchomp|Rock Slide|p1b: Gholdengo|[spread] p1a,p1b
|-resisted|p1b: Gholdengo|1
|-damage|p1a: Whimsicott|59/100
|-damage|p1b: Gholdengo|87/100
|-damage|p2a: Garchomp|90/100|[from] item: Life Orb
|
|upkeep
|turn|4
|
|t:|1782417462
|switch|p2b: Staraptor|Staraptor, L50, M, shiny|100/100
|-ability|p2b: Staraptor|Intimidate|boost
|-unboost|p1a: Whimsicott|atk|1
|-unboost|p1b: Gholdengo|atk|1
|move|p1a: Whimsicott|Encore||[still]
|-fail|p1a: Whimsicott
|move|p2a: Garchomp|Earthquake|p1a: Whimsicott|[spread] p1a,p1b
|-immune|p2b: Staraptor
|-resisted|p1a: Whimsicott|1
|-supereffective|p1b: Gholdengo|1
|-damage|p1a: Whimsicott|18/100
|-damage|p1b: Gholdengo|0 fnt
|faint|p1b: Gholdengo
|-damage|p2a: Garchomp|80/100|[from] item: Life Orb
|
|-sideend|p1: pokemonlegend5|move: Tailwind
|-sideend|p2: xMiQux|move: Tailwind
|upkeep
|
|t:|1782417469
|switch|p1b: Garchomp|Garchomp, L50, M, shiny|53/100
|turn|5
|
|t:|1782417482
|switch|p2a: Whimsicott|Whimsicott, L50, F|80/100
|detailschange|p2b: Staraptor|Staraptor-Mega, L50, M, shiny
|-mega|p2b: Staraptor|Staraptor|Staraptite
|move|p2b: Staraptor|Protect|p2b: Staraptor
|-singleturn|p2b: Staraptor|Protect
|move|p1a: Whimsicott|Tailwind|p1a: Whimsicott
|-sidestart|p1: pokemonlegend5|move: Tailwind
|move|p1b: Garchomp|Dragon Claw|p2a: Whimsicott
|-immune|p2a: Whimsicott
|
|upkeep
|turn|6
|
|t:|1782417516
|move|p2a: Whimsicott|Tailwind|p2a: Whimsicott
|-sidestart|p2: xMiQux|move: Tailwind
|move|p1a: Whimsicott|Moonblast|p2b: Staraptor
|-supereffective|p2b: Staraptor|1
|-damage|p2b: Staraptor|12/100
|move|p2b: Staraptor|Close Combat|p1b: Garchomp
|-damage|p1b: Garchomp|0 fnt
|-boost|p2b: Staraptor|def|1
|-boost|p2b: Staraptor|spd|1
|-damage|p2b: Staraptor|0 fnt|[from] ability: Rough Skin|[of] p1b: Garchomp
|faint|p1b: Garchomp
|faint|p2b: Staraptor
|
|upkeep
|
|t:|1782417528
|switch|p2b: Garchomp|Garchomp, L50, F|80/100
|switch|p1b: Raichu|Raichu, L50, M, shiny|100/100
|turn|7
|
|t:|1782417542
|detailschange|p1b: Raichu|Raichu-Mega-Y, L50, M, shiny
|-mega|p1b: Raichu|Raichu|Raichunite Y
|move|p1b: Raichu|Fake Out|p2b: Garchomp
|-damage|p2b: Garchomp|71/100
|-damage|p1b: Raichu|88/100|[from] ability: Rough Skin|[of] p2b: Garchomp
|move|p1a: Whimsicott|Moonblast|p2b: Garchomp
|-supereffective|p2b: Garchomp|1
|-damage|p2b: Garchomp|0 fnt
|faint|p2b: Garchomp
|move|p2a: Whimsicott|Moonblast|p1a: Whimsicott
|-damage|p1a: Whimsicott|0 fnt
|faint|p1a: Whimsicott
|
|upkeep
|turn|8
|
|t:|1782417556
|move|p1b: Raichu|Zap Cannon|p2a: Whimsicott
|-resisted|p2a: Whimsicott|1
|-damage|p2a: Whimsicott|31/100
|-status|p2a: Whimsicott|par
|move|p2a: Whimsicott|Moonblast|p1b: Raichu
|-damage|p1b: Raichu|52/100
|-unboost|p1b: Raichu|spa|1
|
|-sideend|p1: pokemonlegend5|move: Tailwind
|upkeep
|turn|9
|
|t:|1782417567
|move|p2a: Whimsicott|Protect|p2a: Whimsicott
|-singleturn|p2a: Whimsicott|Protect
|move|p1b: Raichu|Zap Cannon|p2a: Whimsicott
|-activate|p2a: Whimsicott|move: Protect
|
|-sideend|p2: xMiQux|move: Tailwind
|upkeep
|turn|10
|
|t:|1782417577
|move|p1b: Raichu|Zap Cannon|p2a: Whimsicott
|-resisted|p2a: Whimsicott|1
|-damage|p2a: Whimsicott|0 fnt
|faint|p2a: Whimsicott
|
|win|pokemonlegend5
||pokemonlegend5 is ready for game 2.
