|j|☆fokkos
|j|☆WestyLiam
|html|fokkosWestyLiam    
|uhtml|bestof|Game 1 of a best-of-3
|t:|1784656781
|gametype|doubles
|player|p1|fokkos|2|
|player|p2|WestyLiam|galacticgrunt|
|gen|9
|tier|[Gen 9 Champions] VGC 2026 Reg M-B (Bo3)
|rule|Species Clause: Limit one of each Pokémon
|rule|Item Clause: Limit 1 of each item
|clearpoke
|poke|p1|Sneasler, L50, M|
|poke|p1|Blastoise, L50, M|
|poke|p1|Kingambit, L50, M|
|poke|p1|Incineroar, L50, M|
|poke|p1|Delphox, L50, F|
|poke|p1|Sinistcha, L50|
|poke|p2|Delphox, L50, M|
|poke|p2|Incineroar, L50, F|
|poke|p2|Floette-Eternal, L50, F|
|poke|p2|Kingambit, L50, F|
|poke|p2|Sinistcha, L50|
|poke|p2|Sneasler, L50, M|
|teampreview|4
|showteam|p1|Sneasler||FocusSash|PoisonTouch|PoisonJab,CloseCombat,FakeOut,QuickGuard|Jolly||M|||50|]Blastoise||Blastoisinite|RainDish|DarkPulse,WaterSpout,ShellSmash,Protect|Modest||M|||50|]Kingambit||BlackGlasses|Defiant|KowtowCleave,SuckerPunch,SwordsDance,Protect|Adamant||M|||50|]Incineroar||SitrusBerry|Intimidate|FlareBlitz,HelpingHand,PartingShot,FakeOut|Careful||M|||50|]Delphox||Delphoxite|Blaze|HeatWave,NastyPlot,Psyshock,Protect|Modest||F|||50|]Sinistcha||KasibBerry|Hospitality|MatchaGotcha,RagePowder,TrickRoom,Protect|Bold|||||50|
|showteam|p2|Delphox||Delphoxite|Blaze|HeatWave,Psyshock,NastyPlot,Protect|Timid||M|||50|]Incineroar||SitrusBerry|Intimidate|FlareBlitz,DarkestLariat,FakeOut,PartingShot|Careful||F|||50|]Floette-Eternal||Floettite|FlowerVeil|DazzlingGleam,DrainingKiss,CalmMind,Protect|Bold||F|||50|]Kingambit||BlackGlasses|Defiant|KowtowCleave,SuckerPunch,SwordsDance,Protect|Adamant||F|||50|]Sinistcha||OccaBerry|Hospitality|MatchaGotcha,RagePowder,TrickRoom,Protect|Bold|||||50|]Sneasler||FocusSash|PoisonTouch|CloseCombat,PoisonJab,FakeOut,QuickGuard|Jolly||M|||50|
|inactive|Battle timer is ON: inactive players will automatically lose when time's up. (requested by WestyLiam)
|inactiveoff|Battle timer is now OFF.
|c|☆fokkos|gl hf!
|c|☆WestyLiam|u2
|j| MeaghanEvolution
|j| PokeReplaysVGC
|l| PokeReplaysVGC
|
|t:|1784656900
|teamsize|p1|4
|teamsize|p2|4
|start
|switch|p1a: Sneasler|Sneasler, L50, M|100/100
|switch|p1b: Blastoise|Blastoise, L50, M|100/100
|switch|p2a: Sinistcha|Sinistcha, L50|100/100
|switch|p2b: Floette|Floette-Eternal, L50, F|100/100
|turn|1
|j| PokeReplaysVGC
|
|t:|1784656983
|detailschange|p1b: Blastoise|Blastoise-Mega, L50, M
|-mega|p1b: Blastoise|Blastoise|Blastoisinite
|detailschange|p2b: Floette|Floette-Mega, L50, F
|-mega|p2b: Floette|Floette|Floettite
|-ability|p2b: Floette|Fairy Aura
|move|p1a: Sneasler|Fake Out|p2b: Floette
|-damage|p2b: Floette|87/100
|-status|p2b: Floette|psn|[from] ability: Poison Touch|[of] p1a: Sneasler
|cant|p2b: Floette|flinch
|move|p1b: Blastoise|Dark Pulse|p2a: Sinistcha
|-supereffective|p2a: Sinistcha|1
|-damage|p2a: Sinistcha|7/100
|move|p2a: Sinistcha|Trick Room|p2a: Sinistcha
|-fieldstart|move: Trick Room|[of] p2a: Sinistcha
|
|-damage|p2b: Floette|75/100 psn|[from] psn
|upkeep
|turn|2
|j| samuroleon
|inactive|Battle timer is ON: inactive players will automatically lose when time's up. (requested by WestyLiam)
|inactive|fokkos has 30 seconds left.
|inactive|fokkos has 20 seconds left.
|
|t:|1784657103
|switch|p1a: Sinistcha|Sinistcha, L50|100/100
|move|p2a: Sinistcha|Matcha Gotcha|p1b: Blastoise|[spread] p1a,p1b
|-resisted|p1a: Sinistcha|1
|-supereffective|p1b: Blastoise|1
|-damage|p1a: Sinistcha|88/100
|-heal|p2a: Sinistcha|13/100|[from] drain|[of] p1a: Sinistcha
|-damage|p1b: Blastoise|52/100
|-heal|p2a: Sinistcha|34/100|[from] drain|[of] p1b: Blastoise
|-status|p1b: Blastoise|brn
|move|p1b: Blastoise|Water Spout|p2a: Sinistcha|[spread] p2a,p2b
|-resisted|p2a: Sinistcha|1
|-damage|p2a: Sinistcha|17/100
|-damage|p2b: Floette|52/100 psn
|move|p2b: Floette|Dazzling Gleam|p1b: Blastoise|[spread] p1a,p1b
|-damage|p1a: Sinistcha|51/100
|-damage|p1b: Blastoise|7/100 brn
|
|-damage|p2b: Floette|40/100 psn|[from] psn
|-damage|p1b: Blastoise|1/100 brn|[from] brn
|upkeep
|turn|3
|inactive|fokkos has 30 seconds left.
|inactive|fokkos has 20 seconds left.
|inactive|fokkos has 15 seconds left.
|inactive|WestyLiam has 30 seconds left.
|
|t:|1784657149
|move|p1a: Sinistcha|Protect|p1a: Sinistcha
|-singleturn|p1a: Sinistcha|Protect
|move|p2a: Sinistcha|Matcha Gotcha|p1a: Sinistcha|[spread] p1b
|-activate|p1a: Sinistcha|move: Protect
|-supereffective|p1b: Blastoise|1
|-damage|p1b: Blastoise|0 fnt
|-heal|p2a: Sinistcha|19/100|[from] drain|[of] p1b: Blastoise
|faint|p1b: Blastoise
|move|p2b: Floette|Calm Mind|p2b: Floette
|-boost|p2b: Floette|spa|1
|-boost|p2b: Floette|spd|1
|
|-damage|p2b: Floette|28/100 psn|[from] psn
|upkeep
|
|t:|1784657160
|switch|p1b: Sneasler|Sneasler, L50, M|100/100
|turn|4
|inactive|fokkos has 30 seconds left.
|l| PokeReplaysVGC
|
|t:|1784657193
|switch|p2a: Incineroar|Incineroar, L50, F|100/100
|-ability|p2a: Incineroar|Intimidate|boost
|-unboost|p1a: Sinistcha|atk|1
|-unboost|p1b: Sneasler|atk|1
|move|p2b: Floette|Protect|p2b: Floette
|-singleturn|p2b: Floette|Protect
|move|p1b: Sneasler|Poison Jab|p2b: Floette
|-activate|p2b: Floette|move: Protect
|move|p1a: Sinistcha|Trick Room|p1a: Sinistcha
|-fieldend|move: Trick Room
|
|-damage|p2b: Floette|16/100 psn|[from] psn
|upkeep
|turn|5
|inactive|fokkos has 30 seconds left.
|inactive|fokkos has 20 seconds left.
|inactive|fokkos has 15 seconds left.
|
|t:|1784657234
|switch|p1b: Kingambit|Kingambit, L50, M|100/100
|move|p2a: Incineroar|Fake Out|p1b: Kingambit
|-resisted|p1b: Kingambit|1
|-damage|p1b: Kingambit|96/100
|move|p2b: Floette|Draining Kiss|p1b: Kingambit
|-damage|p1b: Kingambit|55/100
|-heal|p2b: Floette|53/100 psn|[from] drain|[of] p1b: Kingambit
|move|p1a: Sinistcha|Matcha Gotcha|p2a: Incineroar|[spread] p2a,p2b
|-resisted|p2a: Incineroar|1
|-damage|p2a: Incineroar|91/100
|-heal|p1a: Sinistcha|56/100|[from] drain|[of] p2a: Incineroar
|-damage|p2b: Floette|41/100 psn
|-heal|p1a: Sinistcha|62/100|[from] drain|[of] p2b: Floette
|
|-damage|p2b: Floette|29/100 psn|[from] psn
|upkeep
|turn|6
|inactive|fokkos has 30 seconds left.
|inactive|fokkos has 20 seconds left.
|inactive|fokkos has 15 seconds left.
|inactive|fokkos has 10 seconds left.
|
|t:|1784657282
|switch|p2a: Sinistcha|Sinistcha, L50|19/100
|-heal|p2b: Floette|53/100 psn|[from] ability: Hospitality|[of] p2a: Sinistcha
|switch|p1b: Sneasler|Sneasler, L50, M|100/100
|move|p1a: Sinistcha|Protect|p1a: Sinistcha
|-singleturn|p1a: Sinistcha|Protect
|move|p2b: Floette|Dazzling Gleam|p1a: Sinistcha|[spread] p1b
|-activate|p1a: Sinistcha|move: Protect
|-damage|p1b: Sneasler|19/100
|
|-damage|p2b: Floette|41/100 psn|[from] psn
|upkeep
|turn|7
|j| celaerity
|inactive|fokkos has 30 seconds left.
|
|t:|1784657314
|switch|p1a: Kingambit|Kingambit, L50, M|55/100
|move|p2b: Floette|Protect|p2b: Floette
|-singleturn|p2b: Floette|Protect
|move|p1b: Sneasler|Poison Jab|p2b: Floette
|-activate|p2b: Floette|move: Protect
|move|p2a: Sinistcha|Matcha Gotcha|p1b: Sneasler|[spread] p1a,p1b
|-resisted|p1a: Kingambit|1
|-resisted|p1b: Sneasler|1
|-damage|p1a: Kingambit|45/100
|-heal|p2a: Sinistcha|24/100|[from] drain|[of] p1a: Kingambit
|-damage|p1b: Sneasler|1/100
|-heal|p2a: Sinistcha|32/100|[from] drain|[of] p1b: Sneasler
|
|-damage|p2b: Floette|29/100 psn|[from] psn
|upkeep
|turn|8
|inactive|fokkos has 30 seconds left.
|
|t:|1784657341
|move|p1a: Kingambit|Protect|p1a: Kingambit
|-singleturn|p1a: Kingambit|Protect
|move|p2a: Sinistcha|Rage Powder|p2a: Sinistcha
|-singleturn|p2a: Sinistcha|move: Rage Powder
|move|p1b: Sneasler|Poison Jab|p2a: Sinistcha
|-damage|p2a: Sinistcha|0 fnt
|faint|p2a: Sinistcha
|move|p2b: Floette|Dazzling Gleam|p1b: Sneasler|[spread] p1b
|-activate|p1a: Kingambit|move: Protect
|-damage|p1b: Sneasler|0 fnt
|faint|p1b: Sneasler
|
|-damage|p2b: Floette|17/100 psn|[from] psn
|upkeep
|
|t:|1784657351
|switch|p1b: Sinistcha|Sinistcha, L50|62/100
|switch|p2a: Kingambit|Kingambit, L50, F|100/100
|-heal|p1a: Kingambit|70/100|[from] ability: Hospitality|[of] p1b: Sinistcha
|turn|9
|
|t:|1784657368
|move|p2b: Floette|Dazzling Gleam|p1a: Kingambit|[spread] p1a,p1b
|-damage|p1a: Kingambit|19/100
|-damage|p1b: Sinistcha|6/100
|move|p1b: Sinistcha|Matcha Gotcha|p2a: Kingambit|[spread] p2a,p2b
|-resisted|p2a: Kingambit|1
|-crit|p2a: Kingambit
|-damage|p2a: Kingambit|84/100
|-heal|p1b: Sinistcha|16/100|[from] drain|[of] p2a: Kingambit
|-damage|p2b: Floette|6/100 psn
|-heal|p1b: Sinistcha|21/100|[from] drain|[of] p2b: Floette
|move|p2a: Kingambit|Kowtow Cleave|p1b: Sinistcha
|-supereffective|p1b: Sinistcha|1
|-damage|p1b: Sinistcha|0 fnt
|faint|p1b: Sinistcha
|move|p1a: Kingambit|Swords Dance|p1a: Kingambit
|-boost|p1a: Kingambit|atk|2
|
|-damage|p2b: Floette|0 fnt|[from] psn
|faint|p2b: Floette
|upkeep
|
|t:|1784657370
|switch|p2b: Incineroar|Incineroar, L50, F|91/100
|-ability|p2b: Incineroar|Intimidate|boost
|-unboost|p1a: Kingambit|atk|1
|-ability|p1a: Kingambit|Defiant|boost
|-boost|p1a: Kingambit|atk|2
|turn|10
|
|t:|1784657377
|move|p2b: Incineroar|Fake Out|p1a: Kingambit
|-resisted|p1a: Kingambit|1
|-damage|p1a: Kingambit|15/100
|cant|p1a: Kingambit|flinch
|move|p2a: Kingambit|Swords Dance|p2a: Kingambit
|-boost|p2a: Kingambit|atk|2
|
|upkeep
|turn|11
|
|t:|1784657382
|move|p2b: Incineroar|Flare Blitz|p1a: Kingambit
|-supereffective|p1a: Kingambit|1
|-damage|p1a: Kingambit|0 fnt
|faint|p1a: Kingambit
|-damage|p2b: Incineroar|85/100|[from] Recoil
|
|win|WestyLiam
||WestyLiam is ready for game 2.
||fokkos is ready for game 2.
|uhtml|next|Next: Game 2 of 3
|j| PokeReplaysVGC
|j| DmanVGC
|l| MeaghanEvolution
|l|☆WestyLiam
|player|p2|
