|j|☆KudenaVGC
|j|☆Chknadobovgc
|html|KudenaVGCChknadobovgc    
|uhtml|bestof|Game 1 of a best-of-3
|t:|1756903878
|gametype|doubles
|player|p1|KudenaVGC|ethan|1295
|player|p2|Chknadobovgc|2|1237
|gen|9
|tier|[Gen 9] VGC 2025 Reg H (Bo3)
|rated|
|rule|Species Clause: Limit one of each Pokémon
|rule|Item Clause: Limit 1 of each item
|clearpoke
|poke|p1|Dragonite, L50, M|
|poke|p1|Gholdengo, L50|
|poke|p1|Rillaboom, L50, M|
|poke|p1|Ursaluna-Bloodmoon, L50, M|
|poke|p1|Maushold-Four, L50|
|poke|p1|Annihilape, L50, M|
|poke|p2|Indeedee, L50, M|
|poke|p2|Sneasler, L50, F|
|poke|p2|Excadrill, L50, M|
|poke|p2|Annihilape, L50, M|
|poke|p2|Corviknight, L50, F|
|poke|p2|Tyranitar, L50, M|
|teampreview|4
|showteam|p1|Dragonite||LoadedDice|Multiscale|Tailwind,Haze,Protect,ScaleShot|||M|||50|,,,,,Fairy]Gholdengo||LifeOrb|GoodasGold|MakeItRain,ShadowBall,NastyPlot,Protect||||||50|,,,,,Water]Rillaboom||MiracleSeed|GrassySurge|WoodHammer,GrassyGlide,FakeOut,HighHorsepower|||M|||50|,,,,,Fire]Ursaluna-Bloodmoon||AssaultVest|MindsEye|BloodMoon,EarthPower,HyperVoice,VacuumWave|||M|||50|,,,,,Water]Maushold-Four||FocusSash|FriendGuard|Taunt,FollowMe,BeatUp,Protect||||||50|,,,,,Ghost]Annihilape||SitrusBerry|Defiant|RageFist,DrainPunch,BulkUp,Protect|||M|||50|,,,,,Fire
|showteam|p2|Indeedee||ChoiceScarf|PsychicSurge|ExpandingForce,TeraBlast,Trick,Protect|||M|||50|,,,,,Psychic]Sneasler||PsychicSeed|Unburden|CloseCombat,DireClaw,ThroatChop,Protect|||F|||50|,,,,,Dark]Excadrill||FocusSash|SandRush|Earthquake,IronHead,HighHorsepower,Protect|||M|||50|,,,,,Stellar]Annihilape||SafetyGoggles|Defiant|CloseCombat,RageFist,Taunt,FinalGambit|||M|||50|,,,,,Water]Corviknight||Leftovers|MirrorArmor|BraveBird,Tailwind,BulkUp,Roost|||F|||50|,,,,,Dragon]Tyranitar||AssaultVest|SandStream|RockSlide,KnockOff,LowKick,TeraBlast|||M|||50|,,,,,Flying
|inactive|Battle timer is ON: inactive players will automatically lose when time's up. (requested by KudenaVGC)
|
|t:|1756903925
|teamsize|p1|4
|teamsize|p2|4
|start
|switch|p1a: Dragonite|Dragonite, L50, M|100/100
|switch|p1b: Gholdengo|Gholdengo, L50|100/100
|switch|p2a: Annihilape|Annihilape, L50, M, shiny|100/100
|switch|p2b: Sneasler|Sneasler, L50, F, shiny|100/100
|turn|1
|
|t:|1756903946
|move|p2b: Sneasler|Protect|p2b: Sneasler
|-singleturn|p2b: Sneasler|Protect
|move|p1a: Dragonite|Protect|p1a: Dragonite
|-singleturn|p1a: Dragonite|Protect
|move|p2a: Annihilape|Final Gambit|p1a: Dragonite
|-activate|p1a: Dragonite|move: Protect
|move|p1b: Gholdengo|Nasty Plot|p1b: Gholdengo
|-boost|p1b: Gholdengo|spa|2
|
|upkeep
|turn|2
|inactive|KudenaVGC has 30 seconds left.
|
|t:|1756903977
|switch|p1a: Ursaluna|Ursaluna-Bloodmoon, L50, M|100/100
|-terastallize|p2b: Sneasler|Dark
|move|p2b: Sneasler|Throat Chop|p1b: Gholdengo
|-supereffective|p1b: Gholdengo
|-damage|p1b: Gholdengo|0 fnt
|faint|p1b: Gholdengo
|move|p2a: Annihilape|Final Gambit|p1a: Ursaluna
|-damage|p1a: Ursaluna|0 fnt
|faint|p2a: Annihilape
|faint|p1a: Ursaluna
|
|upkeep
|
|t:|1756903990
|switch|p2a: Indeedee|Indeedee, L50, M|100/100
|switch|p1b: Dragonite|Dragonite, L50, M|100/100
|switch|p1a: Rillaboom|Rillaboom, L50, M|100/100
|-fieldstart|move: Psychic Terrain|[from] ability: Psychic Surge|[of] p2a: Indeedee
|-enditem|p2b: Sneasler|Psychic Seed
|-boost|p2b: Sneasler|spd|1|[from] item: Psychic Seed
|-fieldstart|move: Grassy Terrain|[from] ability: Grassy Surge|[of] p1a: Rillaboom
|turn|3
|
|t:|1756904006
|switch|p2a: Tyranitar|Tyranitar, L50, M, shiny|100/100
|-weather|Sandstorm|[from] ability: Sand Stream|[of] p2a: Tyranitar
|move|p2b: Sneasler|Protect|p2b: Sneasler
|-singleturn|p2b: Sneasler|Protect
|move|p1a: Rillaboom|Fake Out|p2b: Sneasler
|-activate|p2b: Sneasler|move: Protect
|move|p1b: Dragonite|Scale Shot|p2a: Tyranitar
|-damage|p2a: Tyranitar|88/100
|-damage|p2a: Tyranitar|75/100
|-damage|p2a: Tyranitar|62/100
|-damage|p2a: Tyranitar|50/100
|-damage|p2a: Tyranitar|39/100
|-hitcount|p2a: Tyranitar|5
|-unboost|p1b: Dragonite|def|1
|-boost|p1b: Dragonite|spe|1
|
|-weather|Sandstorm|[upkeep]
|-damage|p2b: Sneasler|95/100|[from] Sandstorm
|-damage|p1b: Dragonite|95/100|[from] Sandstorm
|-damage|p1a: Rillaboom|95/100|[from] Sandstorm
|-heal|p2b: Sneasler|100/100|[from] Grassy Terrain
|-heal|p1a: Rillaboom|100/100|[from] Grassy Terrain
|-heal|p2a: Tyranitar|45/100|[from] Grassy Terrain
|upkeep
|turn|4
|inactive|KudenaVGC has 30 seconds left.
|
|t:|1756904039
|move|p1b: Dragonite|Protect|p1b: Dragonite
|-singleturn|p1b: Dragonite|Protect
|move|p2b: Sneasler|Dire Claw|p1a: Rillaboom
|-supereffective|p1a: Rillaboom
|-damage|p1a: Rillaboom|11/100
|-status|p1a: Rillaboom|psn
|move|p1a: Rillaboom|Wood Hammer|p2b: Sneasler
|-damage|p2b: Sneasler|0 fnt
|faint|p2b: Sneasler
|-damage|p1a: Rillaboom|0 fnt|[from] Recoil
|faint|p1a: Rillaboom
|move|p2a: Tyranitar|Rock Slide|p1b: Dragonite
|-activate|p1b: Dragonite|move: Protect
|
|-weather|Sandstorm|[upkeep]
|-damage|p1b: Dragonite|89/100|[from] Sandstorm
|-heal|p2a: Tyranitar|50/100|[from] Grassy Terrain
|upkeep
|
|t:|1756904043
|switch|p2b: Indeedee|Indeedee, L50, M|100/100
|-fieldstart|move: Psychic Terrain|[from] ability: Psychic Surge|[of] p2b: Indeedee
|turn|5
|
|t:|1756904059
|-terastallize|p1b: Dragonite|Fairy
|move|p2b: Indeedee|Expanding Force|p1b: Dragonite
|-damage|p1b: Dragonite|0 fnt
|faint|p1b: Dragonite
|
|win|Chknadobovgc
||KudenaVGC is ready for game 2.
||Chknadobovgc is ready for game 2.
|uhtml|next|Next: Game 2 of 3
