|j|☆squirrelsarge
|j|☆WaluigiVGC
|html|squirrelsargeWaluigiVGC    
|uhtml|bestof|Game 2 of a best-of-3
|t:|1757025857
|gametype|doubles
|player|p1|squirrelsarge|170|1086
|player|p2|WaluigiVGC|169|1171
|gen|9
|tier|[Gen 9] VGC 2025 Reg H (Bo3)
|rated|
|rule|Species Clause: Limit one of each Pokémon
|rule|Item Clause: Limit 1 of each item
|clearpoke
|poke|p1|Volcarona, L50, F|
|poke|p1|Gholdengo, L50|
|poke|p1|Rillaboom, L50, M|
|poke|p1|Sneasler, L50, M|
|poke|p1|Palafin, L50, F|
|poke|p1|Dragapult, L50, F|
|poke|p2|Sneasler, L50, F|
|poke|p2|Indeedee, L50, M|
|poke|p2|Whimsicott, L50, F|
|poke|p2|Ursaluna-Bloodmoon, L50, M|
|poke|p2|Tatsugiri, L50, F|
|poke|p2|Dondozo, L50, M|
|teampreview|4
|showteam|p1|Volcarona||RockyHelmet|FlameBody|QuiverDance,GigaDrain,HeatWave,Protect|||F|||50|,,,,,Ghost]Gholdengo||LifeOrb|GoodasGold|MakeItRain,ShadowBall,Protect,NastyPlot||||||50|,,,,,Steel]Rillaboom||AssaultVest|GrassySurge|FakeOut,GrassyGlide,KnockOff,Uturn|||M|||50|,,,,,Fire]Sneasler||GrassySeed|Unburden|CloseCombat,DireClaw,Protect,Acrobatics|||M|||50|,,,,,Ghost]Palafin||MysticWater|ZerotoHero|JetPunch,WaveCrash,ThroatChop,Protect|||F|||50|,,,,,Water]Dragapult||ChoiceBand|Infiltrator|DragonDarts,Uturn,PhantomForce,PsychicFangs|||F|||50|,,,,,Steel
|showteam|p2|Sneasler||PsychicSeed|Unburden|DireClaw,CloseCombat,ThroatChop,Protect|||F|||50|,,,,,Dark]Indeedee||FocusSash|PsychicSurge|ExpandingForce,TeraBlast,HelpingHand,Protect|||M|||50|,,,,,Psychic]Whimsicott||CovertCloak|Prankster|Moonblast,Tailwind,HelpingHand,LightScreen|||F|||50|,,,,,Poison]Ursaluna-Bloodmoon||SilkScarf|MindsEye|BloodMoon,HyperVoice,EarthPower,Protect|||M|||50|,,,,,Normal]Tatsugiri||SafetyGoggles|Commander|DracoMeteor,MuddyWater,HelpingHand,Protect|||F|||50|,,,,,Normal]Dondozo||Leftovers|Unaware|WaveCrash,Earthquake,OrderUp,Protect|||M|||50|,,,,,Grass
|
|t:|1757025926
|teamsize|p1|4
|teamsize|p2|4
|start
|switch|p1a: Sneasler|Sneasler, L50, M|100/100
|switch|p1b: Rillaboom|Rillaboom, L50, M|100/100
|switch|p2a: Dondozo|Dondozo, L50, M|100/100
|switch|p2b: Tatsugiri|Tatsugiri, L50, F|100/100
|-fieldstart|move: Grassy Terrain|[from] ability: Grassy Surge|[of] p1b: Rillaboom
|-enditem|p1a: Sneasler|Grassy Seed
|-boost|p1a: Sneasler|def|1|[from] item: Grassy Seed
|-activate|p2b: Tatsugiri|ability: Commander|[of] p2a: Dondozo
|-boost|p2a: Dondozo|atk|2
|-boost|p2a: Dondozo|spa|2
|-boost|p2a: Dondozo|spe|2
|-boost|p2a: Dondozo|def|2
|-boost|p2a: Dondozo|spd|2
|turn|1
|
|t:|1757025945
|move|p2a: Dondozo|Protect|p2a: Dondozo
|-singleturn|p2a: Dondozo|Protect
|move|p1b: Rillaboom|Fake Out|p2a: Dondozo
|-activate|p2a: Dondozo|move: Protect
|move|p1a: Sneasler|Dire Claw|p2a: Dondozo
|-activate|p2a: Dondozo|move: Protect
|
|upkeep
|turn|2
|
|t:|1757025959
|move|p1a: Sneasler|Dire Claw|p2a: Dondozo
|-damage|p2a: Dondozo|86/100
|move|p2a: Dondozo|Order Up|p1b: Rillaboom
|-damage|p1b: Rillaboom|62/100
|-boost|p2a: Dondozo|atk|1
|move|p1b: Rillaboom|Knock Off|p2a: Dondozo
|-damage|p2a: Dondozo|74/100
|-enditem|p2a: Dondozo|Leftovers|[from] move: Knock Off|[of] p1b: Rillaboom
|
|-heal|p2a: Dondozo|80/100|[from] Grassy Terrain
|-heal|p1b: Rillaboom|68/100|[from] Grassy Terrain
|upkeep
|turn|3
|
|t:|1757025980
|move|p1b: Rillaboom|Grassy Glide|p2a: Dondozo
|-supereffective|p2a: Dondozo
|-damage|p2a: Dondozo|53/100
|move|p1a: Sneasler|Dire Claw|p2a: Dondozo
|-crit|p2a: Dondozo
|-damage|p2a: Dondozo|6/100
|move|p2a: Dondozo|Order Up|p1a: Sneasler
|-damage|p1a: Sneasler|13/100
|-boost|p2a: Dondozo|atk|1
|
|-heal|p1a: Sneasler|19/100|[from] Grassy Terrain
|-heal|p2a: Dondozo|12/100|[from] Grassy Terrain
|-heal|p1b: Rillaboom|74/100|[from] Grassy Terrain
|upkeep
|turn|4
|
|t:|1757025997
|move|p2a: Dondozo|Protect|p2a: Dondozo
|-singleturn|p2a: Dondozo|Protect
|move|p1b: Rillaboom|Grassy Glide|p2a: Dondozo
|-activate|p2a: Dondozo|move: Protect
|move|p1a: Sneasler|Dire Claw|p2a: Dondozo
|-activate|p2a: Dondozo|move: Protect
|
|-heal|p1a: Sneasler|25/100|[from] Grassy Terrain
|-heal|p2a: Dondozo|18/100|[from] Grassy Terrain
|-heal|p1b: Rillaboom|80/100|[from] Grassy Terrain
|upkeep
|turn|5
|
|t:|1757026021
|move|p1b: Rillaboom|Grassy Glide|p2a: Dondozo
|-supereffective|p2a: Dondozo
|-damage|p2a: Dondozo|0 fnt
|faint|p2a: Dondozo
|move|p1a: Sneasler|Dire Claw|p2b: Tatsugiri
|-damage|p2b: Tatsugiri|21/100
|
|-heal|p1a: Sneasler|31/100|[from] Grassy Terrain
|-heal|p2b: Tatsugiri|28/100|[from] Grassy Terrain
|-heal|p1b: Rillaboom|86/100|[from] Grassy Terrain
|-fieldend|move: Grassy Terrain
|upkeep
|
|t:|1757026035
|switch|p2a: Indeedee|Indeedee, L50, M|100/100
|-fieldstart|move: Psychic Terrain|[from] ability: Psychic Surge|[of] p2a: Indeedee
|turn|6
|
|t:|1757026053
|switch|p1b: Gholdengo|Gholdengo, L50|100/100
|-terastallize|p2a: Indeedee|Psychic
|move|p2b: Tatsugiri|Protect|p2b: Tatsugiri
|-singleturn|p2b: Tatsugiri|Protect
|move|p1a: Sneasler|Dire Claw|p2b: Tatsugiri
|-activate|p2b: Tatsugiri|move: Protect
|move|p2a: Indeedee|Expanding Force|p1a: Sneasler|[spread] p1a,p1b
|-supereffective|p1a: Sneasler
|-resisted|p1b: Gholdengo
|-damage|p1a: Sneasler|0 fnt
|-damage|p1b: Gholdengo|55/100
|faint|p1a: Sneasler
|
|upkeep
|
|t:|1757026066
|switch|p1a: Rillaboom|Rillaboom, L50, M|86/100
|-fieldstart|move: Grassy Terrain|[from] ability: Grassy Surge|[of] p1a: Rillaboom
|turn|7
|
|t:|1757026097
|move|p1a: Rillaboom|Fake Out|p2b: Tatsugiri
|-damage|p2b: Tatsugiri|3/100
|move|p2a: Indeedee|Expanding Force|p1b: Gholdengo
|-resisted|p1b: Gholdengo
|-damage|p1b: Gholdengo|28/100
|cant|p2b: Tatsugiri|flinch
|move|p1b: Gholdengo|Shadow Ball|p2a: Indeedee
|-supereffective|p2a: Indeedee
|-enditem|p2a: Indeedee|Focus Sash
|-damage|p2a: Indeedee|1/100
|-damage|p1b: Gholdengo|18/100|[from] item: Life Orb
|
|-heal|p2a: Indeedee|7/100|[from] Grassy Terrain
|-heal|p2b: Tatsugiri|10/100|[from] Grassy Terrain
|-heal|p1b: Gholdengo|24/100|[from] Grassy Terrain
|-heal|p1a: Rillaboom|91/100|[from] Grassy Terrain
|upkeep
|turn|8
|
|t:|1757026124
|move|p1a: Rillaboom|Grassy Glide|p2b: Tatsugiri
|-damage|p2b: Tatsugiri|0 fnt
|faint|p2b: Tatsugiri
|move|p2a: Indeedee|Expanding Force|p1b: Gholdengo
|-resisted|p1b: Gholdengo
|-damage|p1b: Gholdengo|0 fnt
|faint|p1b: Gholdengo
|
|-heal|p2a: Indeedee|13/100|[from] Grassy Terrain
|-heal|p1a: Rillaboom|97/100|[from] Grassy Terrain
|upkeep
|
|t:|1757026134
|switch|p2b: Sneasler|Sneasler, L50, F, shiny|100/100
|switch|p1b: Palafin|Palafin, L50, F|100/100
|turn|9
|
|t:|1757026156
|move|p2a: Indeedee|Helping Hand|p2b: Sneasler
|-singleturn|p2b: Sneasler|Helping Hand|[of] p2a: Indeedee
|move|p1b: Palafin|Jet Punch|p2b: Sneasler
|-damage|p2b: Sneasler|56/100
|move|p1a: Rillaboom|Grassy Glide|p2a: Indeedee
|-damage|p2a: Indeedee|0 fnt
|faint|p2a: Indeedee
|move|p2b: Sneasler|Dire Claw|p1a: Rillaboom
|-supereffective|p1a: Rillaboom
|-damage|p1a: Rillaboom|0 fnt
|faint|p1a: Rillaboom
|
|-heal|p2b: Sneasler|62/100|[from] Grassy Terrain
|upkeep
|turn|10
|
|t:|1757026182
|-terastallize|p1b: Palafin|Water
|move|p1b: Palafin|Jet Punch|p2b: Sneasler
|-damage|p2b: Sneasler|0 fnt
|faint|p2b: Sneasler
|
|win|squirrelsarge
|raw|squirrelsarge's rating: 1086 → 1120(+34 for winning)
|raw|WaluigiVGC's rating: 1171 → 1140(-31 for losing)
