|j|☆dreepy_volador1
|j|☆certified urgl
|html|dreepy_volador1certified urgl    
|uhtml|bestof|Game 1 of a best-of-3
|t:|1756549615
|gametype|doubles
|player|p1|dreepy_volador1|102|1268
|player|p2|certified urgl|102|1318
|gen|9
|tier|[Gen 9] VGC 2025 Reg H (Bo3)
|rated|
|rule|Species Clause: Limit one of each Pokémon
|rule|Item Clause: Limit 1 of each item
|clearpoke
|poke|p1|Dragapult, L50, M|
|poke|p1|Whimsicott, L50, M|
|poke|p1|Sneasler, L50, M|
|poke|p1|Indeedee, L50, M|
|poke|p1|Annihilape, L50, M|
|poke|p1|Primarina, L50, M|
|poke|p2|Gholdengo, L50|
|poke|p2|Sneasler, L50, M|
|poke|p2|Rillaboom, L50, M|
|poke|p2|Dragonite, L50, F|
|poke|p2|Ninetales-Alola, L50, F|
|poke|p2|Arcanine-Hisui, L50, M|
|teampreview|4
|showteam|p1|Dragapult||ChoiceSpecs|ClearBody|DracoMeteor,DragonPulse,ShadowBall,Flamethrower|||M|||50|,,,,,Ghost]Whimsicott||CovertCloak|Prankster|Tailwind,Taunt,Moonblast,BeatUp|||M|||50|,,,,,Fire]Sneasler||PsychicSeed|Unburden|DireClaw,CloseCombat,ThroatChop,Protect|||M|||50|,,,,,Dark]Indeedee||FocusSash|PsychicSurge|ExpandingForce,TeraBlast,Imprison,TrickRoom|||M|||50|,,,,,Psychic]Annihilape||SafetyGoggles|Defiant|RageFist,DrainPunch,BulkUp,Protect|||M|||50|,,,,,Fire]Primarina||LifeOrb|LiquidVoice|HyperVoice,Moonblast,Haze,Protect|||M|||50|,,,,,Poison
|showteam|p2|Gholdengo||GrassySeed|GoodasGold|NastyPlot,MakeItRain,ShadowBall,Protect||||||50|,,,,,Water]Sneasler||WhiteHerb|Unburden|CloseCombat,DireClaw,Coaching,Protect|||M|||50|,,,,,Ghost]Rillaboom||AssaultVest|GrassySurge|FakeOut,GrassyGlide,DrumBeating,HighHorsepower|||M|||50|,,,,,Fire]Dragonite||LoadedDice|Multiscale|ScaleShot,StompingTantrum,Tailwind,Protect|||F|||50|,,,,,Ground]Ninetales-Alola||FocusSash|SnowWarning|Blizzard,IcyWind,Encore,AuroraVeil|||F|||50|,,,,,Ghost]Arcanine-Hisui||ClearAmulet|Intimidate|RockSlide,FlareBlitz,ExtremeSpeed,Protect|||M|||50|,,,,,Water
|inactive|Battle timer is ON: inactive players will automatically lose when time's up. (requested by certified urgl)
|inactive|dreepy_volador1 also wants the timer to be on.
|inactive|dreepy_volador1 has 60 seconds left.
|inactive|certified urgl has 60 seconds left.
|
|t:|1756549655
|teamsize|p1|4
|teamsize|p2|4
|start
|switch|p1a: PitufoMoreno|Whimsicott, L50, M, shiny|100/100
|switch|p1b: Annihilape|Annihilape, L50, M|100/100
|switch|p2a: Ninetales|Ninetales-Alola, L50, F|100/100
|switch|p2b: Dragonite|Dragonite, L50, F|100/100
|-weather|Snowscape|[from] ability: Snow Warning|[of] p2a: Ninetales
|turn|1
|inactive|dreepy_volador1 has 30 seconds left.
|
|t:|1756549689
|move|p1a: PitufoMoreno|Moonblast|p2a: Ninetales
|-damage|p2a: Ninetales|70/100
|move|p2a: Ninetales|Encore||[still]
|-fail|p2a: Ninetales
|move|p1b: Annihilape|Rage Fist|p2a: Ninetales
|-crit|p2a: Ninetales
|-damage|p2a: Ninetales|41/100
|move|p2b: Dragonite|Tailwind|p2b: Dragonite
|-sidestart|p2: certified urgl|move: Tailwind
|
|-weather|Snowscape|[upkeep]
|upkeep
|turn|2
|
|t:|1756549708
|move|p1a: PitufoMoreno|Tailwind|p1a: PitufoMoreno
|-sidestart|p1: dreepy_volador1|move: Tailwind
|move|p2a: Ninetales|Blizzard|p1b: Annihilape|[spread] p1a,p1b
|-supereffective|p1a: PitufoMoreno
|-damage|p1a: PitufoMoreno|25/100
|-damage|p1b: Annihilape|71/100
|move|p1b: Annihilape|Bulk Up|p1b: Annihilape
|-boost|p1b: Annihilape|atk|1
|-boost|p1b: Annihilape|def|1
|move|p2b: Dragonite|Scale Shot|p1b: Annihilape|[miss]
|-miss|p2b: Dragonite|p1b: Annihilape
|
|-weather|Snowscape|[upkeep]
|upkeep
|turn|3
|
|t:|1756549726
|move|p1a: PitufoMoreno|Taunt|p2a: Ninetales
|-start|p2a: Ninetales|move: Taunt
|move|p2a: Ninetales|Blizzard|p1b: Annihilape|[spread] p1a,p1b
|-supereffective|p1a: PitufoMoreno
|-damage|p1a: PitufoMoreno|0 fnt
|-damage|p1b: Annihilape|43/100
|faint|p1a: PitufoMoreno
|move|p1b: Annihilape|Rage Fist|p2b: Dragonite
|-damage|p2b: Dragonite|52/100
|move|p2b: Dragonite|Scale Shot|p1b: Annihilape
|-damage|p1b: Annihilape|34/100
|-damage|p1b: Annihilape|25/100
|-damage|p1b: Annihilape|14/100
|-damage|p1b: Annihilape|5/100
|-damage|p1b: Annihilape|0 fnt
|faint|p1b: Annihilape
|-hitcount|p1: Annihilape|5
|-unboost|p2b: Dragonite|def|1
|-boost|p2b: Dragonite|spe|1
|
|-weather|Snowscape|[upkeep]
|upkeep
|
|t:|1756549747
|switch|p1a: Indeedee|Indeedee, L50, M|100/100
|switch|p1b: Dragapult|Dragapult, L50, M, shiny|100/100
|-fieldstart|move: Psychic Terrain|[from] ability: Psychic Surge|[of] p1a: Indeedee
|turn|4
|
|t:|1756549764
|-terastallize|p1b: Dragapult|Ghost
|move|p2b: Dragonite|Scale Shot|p1a: Indeedee
|-damage|p1a: Indeedee|71/100
|-damage|p1a: Indeedee|38/100
|-damage|p1a: Indeedee|3/100
|-damage|p1a: Indeedee|0 fnt
|faint|p1a: Indeedee
|-hitcount|p1: Indeedee|4
|-unboost|p2b: Dragonite|def|1
|-boost|p2b: Dragonite|spe|1
|move|p1b: Dragapult|Shadow Ball|p2b: Dragonite
|-damage|p2b: Dragonite|0 fnt
|faint|p2b: Dragonite
|move|p2a: Ninetales|Blizzard|p1b: Dragapult
|-damage|p1b: Dragapult|45/100
|
|-weather|Snowscape|[upkeep]
|-sideend|p2: certified urgl|move: Tailwind
|upkeep
|
|t:|1756549778
|switch|p2b: Rillaboom|Rillaboom, L50, M|100/100
|-fieldstart|move: Grassy Terrain|[from] ability: Grassy Surge|[of] p2b: Rillaboom
|turn|5
|
|t:|1756549785
|move|p1b: Dragapult|Shadow Ball|p2a: Ninetales
|-damage|p2a: Ninetales|0 fnt
|faint|p2a: Ninetales
|move|p2b: Rillaboom|Drum Beating|p1b: Dragapult
|-crit|p1b: Dragapult
|-damage|p1b: Dragapult|0 fnt
|faint|p1b: Dragapult
|
|win|certified urgl
