|j|☆primarinamasona
|j|☆Iceman5687
|html|primarinamasonaIceman5687    
|uhtml|bestof|Game 2 of a best-of-3
|t:|1754836703
|gametype|doubles
|player|p1|primarinamasona|artist-gen4|1306
|player|p2|Iceman5687|101|1225
|gen|9
|tier|[Gen 9] VGC 2025 Reg H (Bo3)
|rated|
|rule|Species Clause: Limit one of each Pokémon
|rule|Item Clause: Limit 1 of each item
|clearpoke
|poke|p1|Tyranitar, L50, F|
|poke|p1|Excadrill, L50, M|
|poke|p1|Indeedee, L50, M|
|poke|p1|Sneasler, L50, F|
|poke|p1|Kilowattrel, L50, F|
|poke|p1|Primarina, L50, F|
|poke|p2|Garchomp, L50, F|
|poke|p2|Kilowattrel, L50, F|
|poke|p2|Gholdengo, L50|
|poke|p2|Tyranitar, L50, M|
|poke|p2|Incineroar, L50, F|
|poke|p2|Amoonguss, L50, M|
|teampreview|4
|showteam|p1|Tyranitar||AssaultVest|SandStream|RockSlide,KnockOff,LowKick,TeraBlast|||F|||50|,,,,,Flying]Excadrill||FocusSash|SandRush|HighHorsepower,Earthquake,IronHead,Protect|||M|||50|,,,,,Ground]Indeedee||ChoiceScarf|PsychicSurge|ExpandingForce,TeraBlast,Imprison,TrickRoom|||M|||50|,,,,,Psychic]Sneasler||PsychicSeed|Unburden|DireClaw,CloseCombat,ThroatChop,Protect|||F|||50|,,,,,Dark]Kilowattrel||ChoiceSpecs|Competitive|Thunderbolt,VoltSwitch,AirSlash,Discharge|||F|||50|,,,,,Electric]Primarina||SafetyGoggles|LiquidVoice|HyperVoice,Moonblast,Haze,Protect|||F|||50|,,,,,Water
|showteam|p2|Garchomp||LifeOrb|SandVeil|DragonClaw,StompingTantrum,Earthquake,Protect|||F|||50|,,,,,Fire]Kilowattrel||FocusSash|Competitive|Thunderbolt,AirSlash,Tailwind,Protect|||F|||50|,,,,,Ghost]Gholdengo||MetalCoat|GoodasGold|MakeItRain,ShadowBall,NastyPlot,Protect||||||50|,,,,,Flying]Tyranitar||AssaultVest|SandStream|KnockOff,RockSlide,TeraBlast,LowKick|||M|||50|,,,,,Flying]Incineroar||SafetyGoggles|Intimidate|FakeOut,KnockOff,FlareBlitz,PartingShot|||F|||50|,,,,,Grass]Amoonguss||SitrusBerry|Regenerator|PollenPuff,Spore,RagePowder,Protect|||M|||50|,,,,,Water
|
|t:|1754836768
|teamsize|p1|4
|teamsize|p2|4
|start
|switch|p1a: Morcilla|Excadrill, L50, M|100/100
|switch|p1b: Kebab|Kilowattrel, L50, F|100/100
|switch|p2a: Kilowattrel|Kilowattrel, L50, F|100/100
|switch|p2b: Garchomp|Garchomp, L50, F|100/100
|turn|1
|
|t:|1754836785
|move|p2b: Garchomp|Protect|p2b: Garchomp
|-singleturn|p2b: Garchomp|Protect
|move|p2a: Kilowattrel|Thunderbolt|p1b: Kebab
|-crit|p1b: Kebab
|-damage|p1b: Kebab|0 fnt
|faint|p1b: Kebab
|move|p1a: Morcilla|High Horsepower|p2b: Garchomp
|-activate|p2b: Garchomp|move: Protect
|
|upkeep
|c|☆primarinamasona|oh
|
|t:|1754836796
|switch|p1b: Gordibuena|Tyranitar, L50, F|100/100
|-weather|Sandstorm|[from] ability: Sand Stream|[of] p1b: Gordibuena
|turn|2
|
|t:|1754836810
|-terastallize|p1a: Morcilla|Ground
|move|p1a: Morcilla|High Horsepower|p2b: Garchomp
|-damage|p2b: Garchomp|18/100
|move|p2a: Kilowattrel|Tailwind|p2a: Kilowattrel
|-sidestart|p2: Iceman5687|move: Tailwind
|move|p2b: Garchomp|Earthquake|p1b: Gordibuena|[spread] p1a,p1b
|-immune|p2a: Kilowattrel
|-supereffective|p1b: Gordibuena
|-damage|p1a: Morcilla|12/100
|-damage|p1b: Gordibuena|3/100
|-damage|p2b: Garchomp|8/100|[from] item: Life Orb
|move|p1b: Gordibuena|Rock Slide|p2a: Kilowattrel|[spread] p2a
|-miss|p1b: Gordibuena|p2b: Garchomp
|-supereffective|p2a: Kilowattrel
|-enditem|p2a: Kilowattrel|Focus Sash
|-damage|p2a: Kilowattrel|1/100
|
|-weather|Sandstorm|[upkeep]
|-damage|p2a: Kilowattrel|0 fnt|[from] Sandstorm
|faint|p2a: Kilowattrel
|upkeep
|
|t:|1754836827
|switch|p2a: Gholdengo|Gholdengo, L50|100/100
|turn|3
|
|t:|1754836839
|-terastallize|p2a: Gholdengo|Flying
|move|p1a: Morcilla|Protect|p1a: Morcilla
|-singleturn|p1a: Morcilla|Protect
|move|p2b: Garchomp|Earthquake|p1b: Gordibuena|[spread] p1b
|-activate|p1a: Morcilla|move: Protect
|-immune|p2a: Gholdengo
|-supereffective|p1b: Gordibuena
|-damage|p1b: Gordibuena|0 fnt
|faint|p1b: Gordibuena
|-damage|p2b: Garchomp|0 fnt|[from] item: Life Orb
|faint|p2b: Garchomp
|move|p2a: Gholdengo|Make It Rain|p1a: Morcilla
|-activate|p1a: Morcilla|move: Protect
|
|-weather|Sandstorm|[upkeep]
|-damage|p2a: Gholdengo|94/100|[from] Sandstorm
|upkeep
|
|t:|1754836847
|switch|p2b: Tyranitar|Tyranitar, L50, M|100/100
|switch|p1b: Cachorrita|Primarina, L50, F|100/100
|turn|4
|
|t:|1754836864
|move|p1a: Morcilla|High Horsepower|p2b: Tyranitar
|-supereffective|p2b: Tyranitar
|-damage|p2b: Tyranitar|0 fnt
|faint|p2b: Tyranitar
|move|p2a: Gholdengo|Make It Rain|p1b: Cachorrita|[spread] p1a,p1b
|-damage|p1a: Morcilla|0 fnt
|-damage|p1b: Cachorrita|50/100
|-unboost|p2a: Gholdengo|spa|1
|faint|p1a: Morcilla
|move|p1b: Cachorrita|Moonblast|p2a: Gholdengo
|-damage|p2a: Gholdengo|38/100
|
|-weather|Sandstorm|[upkeep]
|-damage|p2a: Gholdengo|32/100|[from] Sandstorm
|upkeep
|turn|5
|
|t:|1754836884
|move|p2a: Gholdengo|Make It Rain|p1b: Cachorrita
|-damage|p1b: Cachorrita|4/100
|-unboost|p2a: Gholdengo|spa|1
|move|p1b: Cachorrita|Moonblast|p2a: Gholdengo
|-damage|p2a: Gholdengo|0 fnt
|faint|p2a: Gholdengo
|
|win|primarinamasona
|raw|primarinamasona's rating: 1306 → 1321(+15 for winning)
|raw|Iceman5687's rating: 1225 → 1206(-19 for losing)
