|j|☆TemporalDonut
|j|☆dahdbod
|html|TemporalDonutdahdbod    
|uhtml|bestof|Game 2 of a best-of-3
|t:|1783900405
|gametype|doubles
|player|p1|TemporalDonut|ingo|
|player|p2|dahdbod|petrel|
|gen|9
|tier|[Gen 9 Champions] VGC 2026 Reg M-B (Bo3)
|rule|Species Clause: Limit one of each Pokémon
|rule|Item Clause: Limit 1 of each item
|clearpoke
|poke|p1|Gengar, L50, F|
|poke|p1|Maushold, L50|
|poke|p1|Incineroar, L50, M|
|poke|p1|Altaria, L50, M|
|poke|p1|Blaziken, L50, F|
|poke|p1|Kingambit, L50, M|
|poke|p2|Swampert, L50, M, shiny|
|poke|p2|Pelipper, L50, M|
|poke|p2|Archaludon, L50, M|
|poke|p2|Overqwil, L50, F|
|poke|p2|Grimmsnarl, L50, M|
|poke|p2|Sinistcha, L50, shiny|
|teampreview|4
|showteam|p1|Gengar||Gengarite|CursedBody|ShadowBall,PerishSong,Disable,Protect|Timid||F|||50|]Maushold||ChopleBerry|FriendGuard|SuperFang,FollowMe,Encore,Protect|Jolly|||||50|]Incineroar||Leftovers|Intimidate|ThroatChop,PartingShot,FakeOut,Protect|Sassy||M|||50|]Altaria||SitrusBerry|CloudNine|BreakingSwipe,WillOWisp,PerishSong,Protect|Relaxed||M|||50|]Blaziken||Blazikenite|SpeedBoost|FlareBlitz,CloseCombat,RockSlide,Protect|Adamant||F|||50|]Kingambit||FocusSash|Defiant|KowtowCleave,SuckerPunch,Protect,SwordsDance|Adamant||M|||50|
|showteam|p2|Swampert||Swampertite|Torrent|WaveCrash,HighHorsepower,IcePunch,Protect|Adamant||M|||50|]Pelipper||LifeOrb|Drizzle|Hurricane,WeatherBall,Tailwind,Protect|Timid||M|||50|]Archaludon||Leftovers|Stamina|FlashCannon,DragonPulse,ElectroShot,Protect|Modest||M|||50|]Overqwil||FocusSash|SwiftSwim|GunkShot,RainDance,Crunch,Protect|Adamant||F|||50|]Grimmsnarl||LightClay|Prankster|SpiritBreak,PartingShot,LightScreen,Reflect|Careful||M|||50|]Sinistcha||KasibBerry|Hospitality|MatchaGotcha,RagePowder,LifeDew,TrickRoom|Bold|||||50|
|j| 5-3 merchant
|j| lemonancy
|j| vrocehpalon
|j| the crimson tedidn
|j| ShrimplyaSapphic
|j| thebigmacky
|
|t:|1783900448
|teamsize|p1|4
|teamsize|p2|4
|start
|switch|p1a: Gengar|Gengar, L50, F|100/100
|switch|p1b: Maushold|Maushold, L50|100/100
|switch|p2a: Sinistcha|Sinistcha, L50, shiny|100/100
|switch|p2b: Overqwil|Overqwil, L50, F|100/100
|turn|1
|
|t:|1783900485
|detailschange|p1a: Gengar|Gengar-Mega, L50, F
|-mega|p1a: Gengar|Gengar|Gengarite
|move|p1b: Maushold|Follow Me|p1b: Maushold
|-singleturn|p1b: Maushold|move: Follow Me
|move|p2a: Sinistcha|Rage Powder|p2a: Sinistcha
|-singleturn|p2a: Sinistcha|move: Rage Powder
|move|p1a: Gengar|Shadow Ball|p2a: Sinistcha
|-supereffective|p2a: Sinistcha|1
|-enditem|p2a: Sinistcha|Kasib Berry|[eat]
|-enditem|p2a: Sinistcha|Kasib Berry|[weaken]
|-damage|p2a: Sinistcha|48/100
|-unboost|p2a: Sinistcha|spd|1
|move|p2b: Overqwil|Crunch|p1b: Maushold
|-damage|p1b: Maushold|46/100
|
|upkeep
|turn|2
|
|t:|1783900520
|switch|p2a: Pelipper|Pelipper, L50, M|100/100
|-weather|RainDance|[from] ability: Drizzle|[of] p2a: Pelipper
|move|p1b: Maushold|Follow Me|p1b: Maushold
|-singleturn|p1b: Maushold|move: Follow Me
|move|p2b: Overqwil|Crunch|p1b: Maushold
|-damage|p1b: Maushold|0 fnt
|faint|p1b: Maushold
|move|p1a: Gengar|Shadow Ball|p2a: Pelipper
|-damage|p2a: Pelipper|13/100
|-unboost|p2a: Pelipper|spd|1
|
|-weather|RainDance|[upkeep]
|upkeep
|
|t:|1783900535
|switch|p1b: Altaria|Altaria, L50, M|100/100
|-ability|p1b: Altaria|Cloud Nine
|turn|3
|j| triziateam
|
|t:|1783900571
|move|p1a: Gengar|Protect|p1a: Gengar
|-singleturn|p1a: Gengar|Protect
|move|p2b: Overqwil|Crunch|p1a: Gengar
|-activate|p1a: Gengar|move: Protect
|move|p2a: Pelipper|Tailwind|p2a: Pelipper
|-sidestart|p2: dahdbod|move: Tailwind
|move|p1b: Altaria|Breaking Swipe|p2b: Overqwil|[spread] p2a,p2b
|-damage|p2a: Pelipper|0 fnt
|-damage|p2b: Overqwil|87/100
|-unboost|p2b: Overqwil|atk|1
|faint|p2a: Pelipper
|
|-weather|RainDance|[upkeep]
|upkeep
|
|t:|1783900577
|switch|p2a: Sinistcha|Sinistcha, L50, shiny|48/100
|-heal|p2b: Overqwil|100/100|[from] ability: Hospitality|[of] p2a: Sinistcha
|turn|4
|
|t:|1783900601
|switch|p1a: Incineroar|Incineroar, L50, M|100/100
|-ability|p1a: Incineroar|Intimidate|boost
|-unboost|p2a: Sinistcha|atk|1
|-unboost|p2b: Overqwil|atk|1
|move|p2b: Overqwil|Crunch|p1a: Incineroar
|-resisted|p1a: Incineroar|1
|-damage|p1a: Incineroar|90/100
|-unboost|p1a: Incineroar|def|1
|move|p2a: Sinistcha|Life Dew||[still]|[spread] p2a,p2b
|-heal|p2a: Sinistcha|73/100
|-fail|p2b: Overqwil|heal
|move|p1b: Altaria|Perish Song|p1b: Altaria
|-start|p1a: Incineroar|perish3|[silent]
|-start|p1b: Altaria|perish3|[silent]
|-start|p2a: Sinistcha|perish3|[silent]
|-start|p2b: Overqwil|perish3|[silent]
|-fieldactivate|move: Perish Song
|
|-weather|RainDance|[upkeep]
|-heal|p1a: Incineroar|96/100|[from] item: Leftovers
|-start|p2b: Overqwil|perish3
|-start|p2a: Sinistcha|perish3
|-start|p1b: Altaria|perish3
|-start|p1a: Incineroar|perish3
|upkeep
|turn|5
|
|t:|1783900626
|switch|p2b: Swampert|Swampert, L50, M, shiny|100/100
|move|p1a: Incineroar|Fake Out|p2b: Swampert
|-damage|p2b: Swampert|88/100
|move|p2a: Sinistcha|Life Dew|p2a: Sinistcha|[spread] p2a,p2b
|-heal|p2a: Sinistcha|98/100
|-heal|p2b: Swampert|100/100
|move|p1b: Altaria|Will-O-Wisp|p2a: Sinistcha|[miss]
|-miss|p1b: Altaria|p2a: Sinistcha
|
|-weather|RainDance|[upkeep]
|-heal|p1a: Incineroar|100/100|[from] item: Leftovers
|-start|p2a: Sinistcha|perish2
|-start|p1b: Altaria|perish2
|-start|p1a: Incineroar|perish2
|upkeep
|turn|6
|
|t:|1783900668
|detailschange|p2b: Swampert|Swampert-Mega, L50, M, shiny
|-mega|p2b: Swampert|Swampert|Swampertite
|move|p1a: Incineroar|Protect|p1a: Incineroar
|-singleturn|p1a: Incineroar|Protect
|move|p2b: Swampert|High Horsepower|p1a: Incineroar
|-activate|p1a: Incineroar|move: Protect
|move|p2a: Sinistcha|Matcha Gotcha|p1a: Incineroar|[spread] p1b
|-activate|p1a: Incineroar|move: Protect
|-resisted|p1b: Altaria|2
|-damage|p1b: Altaria|94/100
|-heal|p2a: Sinistcha|100/100|[from] drain|[of] p1b: Altaria
|move|p1b: Altaria|Will-O-Wisp|p2b: Swampert|[miss]
|-miss|p1b: Altaria|p2b: Swampert
|
|-weather|none
|-start|p2a: Sinistcha|perish1
|-start|p1b: Altaria|perish1
|-start|p1a: Incineroar|perish1
|-sideend|p2: dahdbod|move: Tailwind
|upkeep
|turn|7
|
|t:|1783900697
|switch|p2a: Overqwil|Overqwil, L50, F|100/100
|switch|p1b: Gengar|Gengar-Mega, L50, F|100/100
|move|p2b: Swampert|Ice Punch|p1b: Gengar
|-damage|p1b: Gengar|62/100
|move|p1a: Incineroar|Parting Shot|p2b: Swampert
|-unboost|p2b: Swampert|atk|1
|-unboost|p2b: Swampert|spa|1
|
|t:|1783900707
|switch|p1a: Altaria|Altaria, L50, M|94/100|[from] Parting Shot
|-ability|p1a: Altaria|Cloud Nine
|
|upkeep
|turn|8
|j| raineyatwork
|
|t:|1783900735
|move|p1b: Gengar|Protect|p1b: Gengar
|-singleturn|p1b: Gengar|Protect
|move|p2a: Overqwil|Crunch|p1b: Gengar
|-activate|p1b: Gengar|move: Protect
|move|p2b: Swampert|Ice Punch|p1a: Altaria
|-supereffective|p1a: Altaria|2
|-damage|p1a: Altaria|28/100
|-enditem|p1a: Altaria|Sitrus Berry|[eat]
|-heal|p1a: Altaria|53/100|[from] item: Sitrus Berry
|move|p1a: Altaria|Breaking Swipe|p2a: Overqwil|[spread] p2a,p2b
|-damage|p2a: Overqwil|86/100
|-damage|p2b: Swampert|89/100
|-unboost|p2a: Overqwil|atk|1
|-unboost|p2b: Swampert|atk|1
|
|upkeep
|turn|9
|
|t:|1783900773
|switch|p1b: Incineroar|Incineroar, L50, M|100/100
|-ability|p1b: Incineroar|Intimidate|boost
|-unboost|p2a: Overqwil|atk|1
|-unboost|p2b: Swampert|atk|1
|move|p2a: Overqwil|Protect|p2a: Overqwil
|-singleturn|p2a: Overqwil|Protect
|move|p1a: Altaria|Protect|p1a: Altaria
|-singleturn|p1a: Altaria|Protect
|move|p2b: Swampert|High Horsepower|p1b: Incineroar
|-supereffective|p1b: Incineroar|1
|-damage|p1b: Incineroar|57/100
|
|-heal|p1b: Incineroar|63/100|[from] item: Leftovers
|upkeep
|turn|10
|
|t:|1783900830
|switch|p2a: Sinistcha|Sinistcha, L50, shiny|100/100
|-heal|p2b: Swampert|100/100|[from] ability: Hospitality|[of] p2a: Sinistcha
|move|p2b: Swampert|Wave Crash|p1b: Incineroar
|-supereffective|p1b: Incineroar|1
|-damage|p1b: Incineroar|8/100
|-damage|p2b: Swampert|79/100|[from] Recoil
|move|p1a: Altaria|Perish Song|p1a: Altaria
|-start|p1a: Altaria|perish3|[silent]
|-start|p1b: Incineroar|perish3|[silent]
|-start|p2a: Sinistcha|perish3|[silent]
|-start|p2b: Swampert|perish3|[silent]
|-fieldactivate|move: Perish Song
|move|p1b: Incineroar|Parting Shot|p2a: Sinistcha
|-unboost|p2a: Sinistcha|atk|1
|-unboost|p2a: Sinistcha|spa|1
|
|t:|1783900841
|switch|p1b: Gengar|Gengar-Mega, L50, F|62/100|[from] Parting Shot
|
|-start|p2b: Swampert|perish3
|-start|p1a: Altaria|perish3
|-start|p2a: Sinistcha|perish3
|upkeep
|turn|11
|
|t:|1783900873
|move|p1b: Gengar|Shadow Ball|p2a: Sinistcha
|-supereffective|p2a: Sinistcha|1
|-damage|p2a: Sinistcha|2/100
|-unboost|p2a: Sinistcha|spd|1
|move|p2b: Swampert|High Horsepower|p1b: Gengar
|-supereffective|p1b: Gengar|1
|-damage|p1b: Gengar|5/100
|move|p2a: Sinistcha|Life Dew|p2a: Sinistcha|[spread] p2a,p2b
|-heal|p2a: Sinistcha|28/100
|-heal|p2b: Swampert|100/100
|move|p1a: Altaria|Will-O-Wisp|p2b: Swampert
|-status|p2b: Swampert|brn
|
|-damage|p2b: Swampert|94/100 brn|[from] brn
|-start|p2b: Swampert|perish2
|-start|p2a: Sinistcha|perish2
|-start|p1a: Altaria|perish2
|upkeep
|turn|12
|
|t:|1783900920
|move|p1b: Gengar|Protect|p1b: Gengar
|-singleturn|p1b: Gengar|Protect
|move|p2b: Swampert|Ice Punch|p1a: Altaria
|-supereffective|p1a: Altaria|2
|-crit|p1a: Altaria
|-damage|p1a: Altaria|0 fnt
|faint|p1a: Altaria
|move|p2a: Sinistcha|Life Dew|p2a: Sinistcha|[spread] p2a,p2b
|-heal|p2a: Sinistcha|53/100
|-heal|p2b: Swampert|100/100 brn
|
|-damage|p2b: Swampert|94/100 brn|[from] brn
|-start|p2b: Swampert|perish1
|-start|p2a: Sinistcha|perish1
|upkeep
|
|t:|1783900934
|switch|p1a: Incineroar|Incineroar, L50, M|8/100
|-ability|p1a: Incineroar|Intimidate|boost
|-unboost|p2a: Sinistcha|atk|1
|-unboost|p2b: Swampert|atk|1
|turn|13
|
|t:|1783900960
|switch|p2a: Overqwil|Overqwil, L50, F|86/100
|move|p1a: Incineroar|Fake Out|p2b: Swampert
|-damage|p2b: Swampert|84/100 brn
|move|p1b: Gengar|Shadow Ball|p2a: Overqwil
|-resisted|p2a: Overqwil|1
|-damage|p2a: Overqwil|53/100
|cant|p2b: Swampert|flinch
|
|-heal|p1a: Incineroar|14/100|[from] item: Leftovers
|-damage|p2b: Swampert|78/100 brn|[from] brn
|-start|p2b: Swampert|perish0
|upkeep
|faint|p2b: Swampert
|
|t:|1783900972
|switch|p2b: Sinistcha|Sinistcha, L50, shiny|53/100
|-heal|p2a: Overqwil|77/100|[from] ability: Hospitality|[of] p2b: Sinistcha
|turn|14
|
|t:|1783901001
|move|p1b: Gengar|Protect|p1b: Gengar
|-singleturn|p1b: Gengar|Protect
|move|p2a: Overqwil|Crunch|p1a: Incineroar
|-resisted|p1a: Incineroar|1
|-damage|p1a: Incineroar|0 fnt
|faint|p1a: Incineroar
|move|p2b: Sinistcha|Life Dew|p2b: Sinistcha|[spread] p2a,p2b
|-heal|p2a: Overqwil|100/100
|-heal|p2b: Sinistcha|78/100
|
|upkeep
|turn|15
|
|t:|1783901014
|move|p1b: Gengar|Disable|p2a: Overqwil
|-start|p2a: Overqwil|Disable|Crunch
|cant|p2a: Overqwil|Disable|Crunch
|move|p2b: Sinistcha|Matcha Gotcha|p1b: Gengar|[miss]
|-miss|p2b: Sinistcha|p1b: Gengar
|
|upkeep
|turn|16
|
|t:|1783901024
|move|p1b: Gengar|Shadow Ball|p2b: Sinistcha
|-supereffective|p2b: Sinistcha|1
|-damage|p2b: Sinistcha|0 fnt
|faint|p2b: Sinistcha
|move|p2a: Overqwil|Gunk Shot|p1b: Gengar
|-resisted|p1b: Gengar|2
|-damage|p1b: Gengar|0 fnt
|faint|p1b: Gengar
|
|win|dahdbod
||TemporalDonut is ready for game 3.
|j| Lepotatochip
|inactive|dahdbod has 30 seconds to confirm battle start!
||dahdbod is ready for game 3.
|uhtml|next|Next: Game 3 of 3
|j| PackOfCamelBlues
|j| LittleScreenGarby
|l| raineyatwork
|l| LittleScreenGarby
|l| triziateam
|l| PackOfCamelBlues
|j| LittleScreenGarby
|l| LittleScreenGarby
|l| 5-3 merchant
|j| ZardiCharVGC
|l| vrocehpalon
|l| Lepotatochip
|l| ZardiCharVGC
