|j|☆No.1AnicredibleFan
|j|☆zy0ne
|html|No.1AnicredibleFanzy0ne    
|uhtml|bestof|Game 1 of a best-of-3
|t:|1756421338
|gametype|doubles
|player|p1|No.1AnicredibleFan|hilbert|1074
|player|p2|zy0ne|hilbert-wonderlauncher|1000
|gen|9
|tier|[Gen 9] VGC 2025 Reg H (Bo3)
|rated|
|rule|Species Clause: Limit one of each Pokémon
|rule|Item Clause: Limit 1 of each item
|clearpoke
|poke|p1|Baxcalibur, L50, F|
|poke|p1|Ursaluna-Bloodmoon, L50, M|
|poke|p1|Farigiraf, L50, F|
|poke|p1|Murkrow, L50, M|
|poke|p1|Arcanine-Hisui, L50, F|
|poke|p1|Amoonguss, L50, F|
|poke|p2|Kingambit, L50, F|
|poke|p2|Rillaboom, L50, F|
|poke|p2|Sneasler, L50, F|
|poke|p2|Electabuzz, L50, M|
|poke|p2|Garchomp, L50, F|
|poke|p2|Primarina, L50, M|
|teampreview|4
|showteam|p1|Baxcalibur||LoadedDice|ThermalExchange|Protect,SwordsDance,ScaleShot,IcicleSpear|||F|||50|,,,,,Poison]Ursaluna-Bloodmoon||LifeOrb|MindsEye|Protect,EarthPower,HyperVoice,BloodMoon|||M|||50|,,,,,Normal]Farigiraf||ThroatSpray|ArmorTail|Protect,TrickRoom,HyperVoice,Psychic|||F|||50|,,,,,Grass]Murkrow||Eviolite|Prankster|Protect,Tailwind,Snarl,Haze|||M|||50|,,,,,Ghost]Arcanine-Hisui||ChoiceBand|Intimidate|FlareBlitz,RockSlide,ExtremeSpeed,WildCharge|||F|||50|,,,,,Grass]Amoonguss||SitrusBerry|Regenerator|Protect,RagePowder,PollenPuff,Spore|||F|||50|,,,,,Water
|showteam|p2|Kingambit||BlackGlasses|Defiant|Protect,KowtowCleave,SuckerPunch,SwordsDance|||F|||50|,,,,,Dark]Rillaboom||AssaultVest|GrassySurge|FakeOut,WoodHammer,GrassyGlide,Uturn|||F|||50|,,,,,Fire]Sneasler||GrassySeed|Unburden|Protect,DireClaw,CloseCombat,Coaching|||F|||50|,,,,,Stellar]Electabuzz||Eviolite|VitalSpirit|Protect,FollowMe,Electroweb,Taunt|||M|||50|,,,,,Dragon]Garchomp||LifeOrb|RoughSkin|Protect,StompingTantrum,DragonClaw,RockSlide|||F|||50|,,,,,Steel]Primarina||ThroatSpray|LiquidVoice|Protect,HyperVoice,Moonblast,Haze|||M|||50|,,,,,Poison
|
|t:|1756421375
|teamsize|p1|4
|teamsize|p2|4
|start
|switch|p1a: Amoonguss|Amoonguss, L50, F|100/100
|switch|p1b: Baxcalibur|Baxcalibur, L50, F|100/100
|switch|p2a: Electabuzz|Electabuzz, L50, M|100/100
|switch|p2b: Kingambit|Kingambit, L50, F|100/100
|turn|1
|inactive|Battle timer is ON: inactive players will automatically lose when time's up. (requested by No.1AnicredibleFan)
|
|t:|1756421426
|move|p2a: Electabuzz|Follow Me|p2a: Electabuzz
|-singleturn|p2a: Electabuzz|move: Follow Me
|move|p1b: Baxcalibur|Swords Dance|p1b: Baxcalibur
|-boost|p1b: Baxcalibur|atk|2
|move|p2b: Kingambit|Swords Dance|p2b: Kingambit
|-boost|p2b: Kingambit|atk|2
|move|p1a: Amoonguss|Pollen Puff|p2a: Electabuzz
|-damage|p2a: Electabuzz|86/100
|
|upkeep
|turn|2
|inactive|No.1AnicredibleFan has 30 seconds left.
|inactive|zy0ne has 30 seconds left.
|inactive|zy0ne has 20 seconds left.
|inactive|zy0ne has 15 seconds left.
|inactive|No.1AnicredibleFan has 20 seconds left.
|inactive|zy0ne has 10 seconds left.
|
|t:|1756421476
|move|p2a: Electabuzz|Follow Me|p2a: Electabuzz
|-singleturn|p2a: Electabuzz|move: Follow Me
|move|p1a: Amoonguss|Rage Powder|p1a: Amoonguss
|-singleturn|p1a: Amoonguss|move: Rage Powder
|move|p1b: Baxcalibur|Icicle Spear|p2a: Electabuzz
|-damage|p2a: Electabuzz|68/100
|-damage|p2a: Electabuzz|49/100
|-damage|p2a: Electabuzz|28/100
|-damage|p2a: Electabuzz|7/100
|-damage|p2a: Electabuzz|0 fnt
|faint|p2a: Electabuzz
|-hitcount|p2: Electabuzz|5
|move|p2b: Kingambit|Kowtow Cleave|p1a: Amoonguss
|-damage|p1a: Amoonguss|0 fnt
|faint|p1a: Amoonguss
|
|upkeep
|inactive|zy0ne has 30 seconds left.
|inactive|zy0ne has 20 seconds left.
|inactive|zy0ne has 15 seconds left.
|inactive|zy0ne has 10 seconds left.
|inactive|zy0ne has 5 seconds left.
|inactiveoff|Battle timer is now OFF.
|l|☆zy0ne
|player|p2|
|j|☆zy0ne
|player|p2|zy0ne|hilbert-wonderlauncher|
|
|t:|1756421544
|switch|p2a: Primarina|Primarina, L50, M|100/100
|switch|p1a: Ursaluna|Ursaluna-Bloodmoon, L50, M|100/100
|turn|3
|
|t:|1756421618
|-terastallize|p1a: Ursaluna|Normal
|-terastallize|p2b: Kingambit|Dark
|move|p2b: Kingambit|Protect|p2b: Kingambit
|-singleturn|p2b: Kingambit|Protect
|move|p1b: Baxcalibur|Swords Dance|p1b: Baxcalibur
|-boost|p1b: Baxcalibur|atk|2
|move|p2a: Primarina|Haze|p2a: Primarina
|-clearallboost
|move|p1a: Ursaluna|Blood Moon|p2b: Kingambit
|-activate|p2b: Kingambit|move: Protect
|
|upkeep
|turn|4
|
|t:|1756421650
|switch|p2b: Sneasler|Sneasler, L50, F|100/100
|move|p1b: Baxcalibur|Swords Dance|p1b: Baxcalibur
|-boost|p1b: Baxcalibur|atk|2
|move|p2a: Primarina|Moonblast|p1b: Baxcalibur
|-supereffective|p1b: Baxcalibur
|-damage|p1b: Baxcalibur|18/100
|move|p1a: Ursaluna|Hyper Voice|p2a: Primarina|[spread] p2a,p2b
|-damage|p2a: Primarina|49/100
|-damage|p2b: Sneasler|23/100
|-damage|p1a: Ursaluna|91/100|[from] item: Life Orb
|
|upkeep
|turn|5
|
|t:|1756421745
|move|p2b: Sneasler|Protect|p2b: Sneasler
|-singleturn|p2b: Sneasler|Protect
|move|p1a: Ursaluna|Protect|p1a: Ursaluna
|-singleturn|p1a: Ursaluna|Protect
|move|p1b: Baxcalibur|Icicle Spear|p2b: Sneasler
|-activate|p2b: Sneasler|move: Protect
|move|p2a: Primarina|Hyper Voice|p1b: Baxcalibur|[spread] p1b
|-activate|p1a: Ursaluna|move: Protect
|-resisted|p1b: Baxcalibur
|-damage|p1b: Baxcalibur|2/100
|-enditem|p2a: Primarina|Throat Spray
|-boost|p2a: Primarina|spa|1|[from] item: Throat Spray
|
|upkeep
|turn|6
|inactive|Battle timer is ON: inactive players will automatically lose when time's up. (requested by No.1AnicredibleFan)
|
|t:|1756421784
|switch|p1a: Murkrow|Murkrow, L50, M|100/100
|move|p2a: Primarina|Protect|p2a: Primarina
|-singleturn|p2a: Primarina|Protect
|move|p2b: Sneasler|Dire Claw|p1b: Baxcalibur
|-damage|p1b: Baxcalibur|0 fnt
|faint|p1b: Baxcalibur
|
|upkeep
|
|t:|1756421791
|switch|p1b: Ursaluna|Ursaluna-Bloodmoon, L50, M, tera:Normal|91/100
|turn|7
|inactive|zy0ne has 30 seconds left.
|inactive|No.1AnicredibleFan has 30 seconds left.
|inactive|No.1AnicredibleFan has 20 seconds left.
|inactive|zy0ne has 20 seconds left.
|inactive|No.1AnicredibleFan has 15 seconds left.
|inactive|No.1AnicredibleFan has 10 seconds left.
|
|t:|1756421847
|move|p1a: Murkrow|Tailwind|p1a: Murkrow
|-sidestart|p1: No.1AnicredibleFan|move: Tailwind
|move|p1b: Ursaluna|Hyper Voice|p2b: Sneasler|[spread] p2a,p2b
|-damage|p2a: Primarina|0 fnt
|-damage|p2b: Sneasler|0 fnt
|faint|p2a: Primarina
|faint|p2b: Sneasler
|-damage|p1b: Ursaluna|81/100|[from] item: Life Orb
|
|upkeep
|
|t:|1756421859
|switch|p2a: Kingambit|Kingambit, L50, F, tera:Dark|100/100
|turn|8
|
|t:|1756421875
|move|p1a: Murkrow|Haze|p1a: Murkrow
|-clearallboost
|move|p2a: Kingambit|Sucker Punch|p1b: Ursaluna
|-damage|p1b: Ursaluna|38/100
|move|p1b: Ursaluna|Blood Moon|p2a: Kingambit
|-damage|p2a: Kingambit|0 fnt
|faint|p2a: Kingambit
|-damage|p1b: Ursaluna|28/100|[from] item: Life Orb
|
|win|No.1AnicredibleFan
|c|☆No.1AnicredibleFan|gg
