|j|☆memeberserk
|j|☆abadanriyi92
|html|memeberserkabadanriyi92    
|uhtml|bestof|Game 1 of a best-of-3
|t:|1784601216
|gametype|doubles
|player|p1|memeberserk|lance|1267
|player|p2|abadanriyi92|colress|1241
|gen|9
|tier|[Gen 9 Champions] VGC 2026 Reg M-B (Bo3)
|rated|
|rule|Species Clause: Limit one of each Pokémon
|rule|Item Clause: Limit 1 of each item
|clearpoke
|poke|p1|Raichu, L50, M|
|poke|p1|Corviknight, L50, F|
|poke|p1|Sylveon, L50, M|
|poke|p1|Basculegion, L50, M|
|poke|p1|Mamoswine, L50, M|
|poke|p1|Tyranitar, L50, F|
|poke|p2|Venusaur, L50, M|
|poke|p2|Grimmsnarl, L50, M|
|poke|p2|Politoed, L50, F|
|poke|p2|Archaludon, L50, M|
|poke|p2|Kingambit, L50, F|
|poke|p2|Aerodactyl, L50, M|
|teampreview|4
|showteam|p1|Raichu||RaichuniteY|LightningRod|ZapCannon,FocusBlast,FakeOut,Protect|Timid||M|||50|]Corviknight||Leftovers|Unnerve|BraveBird,IronHead,Tailwind,Protect|Careful||F|||50|]Sylveon||FairyFeather|Pixilate|HyperVoice,QuickAttack,Protect,Yawn|Modest||M|||50|]Basculegion||MysticWater|SwiftSwim|WaveCrash,LastRespects,AquaJet,Protect|Adamant||M|||50|]Mamoswine||LifeOrb|Oblivious|HighHorsepower,IceShard,IcicleCrash,Protect|Adamant||M|||50|]Tyranitar||FocusSash|SandStream|RockSlide,KnockOff,Superpower,Protect|Adamant||F|||50|
|showteam|p2|Venusaur||Venusaurite|Chlorophyll|GigaDrain,SludgeBomb,EarthPower,Protect|Modest||M|||50|]Grimmsnarl||LightClay|Prankster|PartingShot,Reflect,LightScreen,FoulPlay|Relaxed||M|||50|]Politoed||SitrusBerry|Drizzle|WeatherBall,PerishSong,Encore,Protect|Sassy||F|||50|]Archaludon||Leftovers|Stamina|ElectroShot,FlashCannon,DracoMeteor,Protect|Modest||M|||50|]Kingambit||BlackGlasses|Defiant|KowtowCleave,SuckerPunch,SwordsDance,Protect|Brave||F|||50|]Aerodactyl||Aerodactylite|Unnerve|RockSlide,DualWingbeat,Tailwind,Protect|Jolly||M|||50|
|inactive|Battle timer is ON: inactive players will automatically lose when time's up. (requested by memeberserk)
|
|t:|1784601252
|teamsize|p1|4
|teamsize|p2|4
|start
|switch|p1a: Corviknight|Corviknight, L50, F|100/100
|switch|p1b: Raichu|Raichu, L50, M|100/100
|switch|p2a: Kingambit|Kingambit, L50, F|100/100
|switch|p2b: Venusaur|Venusaur, L50, M|100/100
|-ability|p1a: Corviknight|Unnerve
|turn|1
|inactive|memeberserk has 30 seconds left.
|inactive|abadanriyi92 has 30 seconds left.
|inactive|memeberserk has 20 seconds left.
|inactive|memeberserk has 15 seconds left.
|inactive|abadanriyi92 has 20 seconds left.
|inactive|abadanriyi92 has 15 seconds left.
|
|t:|1784601297
|detailschange|p1b: Raichu|Raichu-Mega-Y, L50, M
|-mega|p1b: Raichu|Raichu|Raichunite Y
|detailschange|p2b: Venusaur|Venusaur-Mega, L50, M
|-mega|p2b: Venusaur|Venusaur|Venusaurite
|move|p2a: Kingambit|Sucker Punch|p1b: Raichu
|-damage|p1b: Raichu|3/100
|move|p1b: Raichu|Focus Blast|p2a: Kingambit
|-supereffective|p2a: Kingambit|2
|-damage|p2a: Kingambit|0 fnt
|faint|p2a: Kingambit
|move|p2b: Venusaur|Giga Drain|p1b: Raichu
|-damage|p1b: Raichu|0 fnt
|faint|p1b: Raichu
|move|p1a: Corviknight|Tailwind|p1a: Corviknight
|-sidestart|p1: memeberserk|move: Tailwind
|
|upkeep
|
|t:|1784601313
|switch|p1b: Tyranitar|Tyranitar, L50, F|100/100
|switch|p2a: Archaludon|Archaludon, L50, M|100/100
|-weather|Sandstorm|[from] ability: Sand Stream|[of] p1b: Tyranitar
|turn|2
|
|t:|1784601331
|move|p2a: Archaludon|Protect|p2a: Archaludon
|-singleturn|p2a: Archaludon|Protect
|move|p1b: Tyranitar|Knock Off|p2b: Venusaur
|-damage|p2b: Venusaur|69/100
|move|p1a: Corviknight|Brave Bird|p2b: Venusaur
|-supereffective|p2b: Venusaur|1
|-damage|p2b: Venusaur|5/100
|-damage|p1a: Corviknight|80/100|[from] Recoil
|move|p2b: Venusaur|Giga Drain|p1b: Tyranitar
|-supereffective|p1b: Tyranitar|1
|-damage|p1b: Tyranitar|47/100
|-heal|p2b: Venusaur|29/100|[from] drain|[of] p1b: Tyranitar
|
|-weather|Sandstorm|[upkeep]
|-damage|p2b: Venusaur|24/100|[from] Sandstorm
|-heal|p1a: Corviknight|86/100|[from] item: Leftovers
|upkeep
|turn|3
|
|t:|1784601357
|switch|p2b: Politoed|Politoed, L50, F|100/100
|-weather|RainDance|[from] ability: Drizzle|[of] p2b: Politoed
|move|p1b: Tyranitar|Superpower|p2a: Archaludon
|-supereffective|p2a: Archaludon|1
|-damage|p2a: Archaludon|35/100
|-unboost|p1b: Tyranitar|atk|1
|-unboost|p1b: Tyranitar|def|1
|-ability|p2a: Archaludon|Stamina|boost
|-boost|p2a: Archaludon|def|1
|move|p1a: Corviknight|Brave Bird|p2b: Politoed
|-damage|p2b: Politoed|62/100
|-damage|p1a: Corviknight|74/100|[from] Recoil
|move|p2a: Archaludon|Electro Shot||[still]
|-prepare|p2a: Archaludon|Electro Shot
|-boost|p2a: Archaludon|spa|1
|-anim|p2a: Archaludon|Electro Shot|p1a: Corviknight
|-supereffective|p1a: Corviknight|1
|-damage|p1a: Corviknight|0 fnt
|faint|p1a: Corviknight
|
|-weather|RainDance|[upkeep]
|-heal|p2a: Archaludon|41/100|[from] item: Leftovers
|upkeep
|
|t:|1784601377
|switch|p1a: Sylveon|Sylveon, L50, M|100/100
|turn|4
|
|t:|1784601399
|move|p2a: Archaludon|Protect|p2a: Archaludon
|-singleturn|p2a: Archaludon|Protect
|move|p2b: Politoed|Protect|p2b: Politoed
|-singleturn|p2b: Politoed|Protect
|move|p1b: Tyranitar|Knock Off|p2b: Politoed
|-activate|p2b: Politoed|move: Protect
|move|p1a: Sylveon|Hyper Voice|p2b: Politoed|[spread] 
|-activate|p2a: Archaludon|move: Protect
|-activate|p2b: Politoed|move: Protect
|
|-weather|RainDance|[upkeep]
|-heal|p2a: Archaludon|47/100|[from] item: Leftovers
|-sideend|p1: memeberserk|move: Tailwind
|upkeep
|turn|5
|
|t:|1784601422
|move|p1b: Tyranitar|Rock Slide|p2b: Politoed|[spread] p2a,p2b
|-resisted|p2a: Archaludon|1
|-damage|p2a: Archaludon|41/100
|-damage|p2b: Politoed|41/100
|-ability|p2a: Archaludon|Stamina|boost
|-boost|p2a: Archaludon|def|1
|-enditem|p2b: Politoed|Sitrus Berry|[eat]
|-heal|p2b: Politoed|65/100|[from] item: Sitrus Berry
|move|p2a: Archaludon|Flash Cannon|p1b: Tyranitar
|-supereffective|p1b: Tyranitar|1
|-damage|p1b: Tyranitar|0 fnt
|faint|p1b: Tyranitar
|move|p1a: Sylveon|Hyper Voice|p2b: Politoed|[spread] p2a,p2b
|-damage|p2a: Archaludon|0 fnt
|-damage|p2b: Politoed|30/100
|faint|p2a: Archaludon
|cant|p2b: Politoed|flinch
|
|-weather|RainDance|[upkeep]
|upkeep
|
|t:|1784601437
|switch|p2a: Venusaur|Venusaur-Mega, L50, M|24/100
|turn|6
|
|t:|1784601453
|move|p2a: Venusaur|Giga Drain|p1a: Sylveon
|-damage|p1a: Sylveon|68/100
|-heal|p2a: Venusaur|39/100|[from] drain|[of] p1a: Sylveon
|move|p1a: Sylveon|Hyper Voice|p2a: Venusaur|[spread] p2a,p2b
|-resisted|p2a: Venusaur|1
|-damage|p2a: Venusaur|21/100
|-damage|p2b: Politoed|0 fnt
|faint|p2b: Politoed
|
|-weather|RainDance|[upkeep]
|upkeep
|turn|7
|
|t:|1784601464
|move|p1a: Sylveon|Protect|p1a: Sylveon
|-singleturn|p1a: Sylveon|Protect
|move|p2a: Venusaur|Sludge Bomb|p1a: Sylveon
|-activate|p1a: Sylveon|move: Protect
|
|-weather|none
|upkeep
|turn|8
|
|t:|1784601471
|move|p2a: Venusaur|Sludge Bomb|p1a: Sylveon
|-supereffective|p1a: Sylveon|1
|-damage|p1a: Sylveon|0 fnt
|faint|p1a: Sylveon
|
|win|abadanriyi92
||memeberserk is ready for game 2.
|inactive|abadanriyi92 has 30 seconds to confirm battle start!
|inactive|abadanriyi92 has 20 seconds to confirm battle start!
|inactive|abadanriyi92 has 10 seconds to confirm battle start!
|uhtml|next|Next: Game 2 of 3
