|j|☆PRLT1 Jurrasicz
|j|☆carolchanning
|html|PRLT1 Jurrasiczcarolchanning    
|uhtml|bestof|Game 3 of a best-of-3
|t:|1783627715
|gametype|doubles
|player|p1|PRLT1 Jurrasicz|pokemaniac|1320
|player|p2|carolchanning|101|1312
|gen|9
|tier|[Gen 9 Champions] VGC 2026 Reg M-B (Bo3)
|rated|
|rule|Species Clause: Limit one of each Pokémon
|rule|Item Clause: Limit 1 of each item
|clearpoke
|poke|p1|Charizard, L50, F|
|poke|p1|Whimsicott, L50, M|
|poke|p1|Floette-Eternal, L50, F|
|poke|p1|Basculegion, L50, M|
|poke|p1|Garchomp, L50, F|
|poke|p1|Kingambit, L50, F, shiny|
|poke|p2|Charizard, L50, M|
|poke|p2|Garchomp, L50, M|
|poke|p2|Incineroar, L50, F|
|poke|p2|Sylveon, L50, M|
|poke|p2|Farigiraf, L50, F|
|poke|p2|Aerodactyl, L50, F|
|teampreview|4
|showteam|p1|Charizard||CharizarditeY|Blaze|HeatWave,SolarBeam,WeatherBall,Protect|Modest||F|||50|]Whimsicott||FocusSash|Prankster|Moonblast,Encore,Tailwind,Protect|Timid||M|||50|]Floette-Eternal||Floettite|FlowerVeil|Moonblast,DazzlingGleam,LightofRuin,Protect|Modest||F|||50|]Basculegion||MysticWater|Adaptability|WaveCrash,AquaJet,LastRespects,Protect|Adamant||M|||50|]Garchomp||LifeOrb|RoughSkin|DragonClaw,Earthquake,RockSlide,Protect|Jolly||F|||50|]Kingambit||OccaBerry|Defiant|KowtowCleave,SuckerPunch,IronHead,Protect|Adamant||F|||50|
|showteam|p2|Charizard||CharizarditeY|Blaze|HeatWave,WeatherBall,SolarBeam,Protect|Modest||M|||50|]Garchomp||LifeOrb|RoughSkin|Earthquake,DragonClaw,StompingTantrum,Protect|Jolly||M|||50|]Incineroar||Charcoal|Intimidate|FakeOut,PartingShot,DarkestLariat,FlareBlitz|Brave||F|||50|]Sylveon||FairyFeather|Pixilate|HyperVoice,QuickAttack,Yawn,Protect|Modest||M|||50|]Farigiraf||SitrusBerry|ArmorTail|Psyshock,HelpingHand,TrickRoom,Protect|Calm||F|||50|]Aerodactyl||FocusSash|Unnerve|RockSlide,Tailwind,WideGuard,Protect|Jolly||F|||50|
|inactive|Battle timer is ON: inactive players will automatically lose when time's up. (requested by carolchanning)
|
|t:|1783627733
|teamsize|p1|4
|teamsize|p2|4
|start
|switch|p1a: Whimsicott|Whimsicott, L50, M|100/100
|switch|p1b: Basculegion|Basculegion, L50, M|100/100
|switch|p2a: Sylveon|Sylveon, L50, M|100/100
|switch|p2b: Incineroar|Incineroar, L50, F|100/100
|-ability|p2b: Incineroar|Intimidate|boost
|-unboost|p1a: Whimsicott|atk|1
|-unboost|p1b: Basculegion|atk|1
|turn|1
|inactive|PRLT1 Jurrasicz has 30 seconds left.
|
|t:|1783627758
|switch|p2b: Farigiraf|Farigiraf, L50, F|100/100
|move|p1a: Whimsicott|Protect|p1a: Whimsicott
|-singleturn|p1a: Whimsicott|Protect
|move|p1b: Basculegion|Wave Crash|p2b: Farigiraf
|-damage|p2b: Farigiraf|55/100
|-damage|p1b: Basculegion|83/100|[from] Recoil
|move|p2a: Sylveon|Hyper Voice|p1b: Basculegion|[spread] p1b
|-activate|p1a: Whimsicott|move: Protect
|-damage|p1b: Basculegion|42/100
|
|upkeep
|turn|2
|
|t:|1783627777
|move|p1a: Whimsicott|Moonblast|p2b: Farigiraf
|-damage|p2b: Farigiraf|24/100
|-enditem|p2b: Farigiraf|Sitrus Berry|[eat]
|-heal|p2b: Farigiraf|49/100|[from] item: Sitrus Berry
|move|p1b: Basculegion|Wave Crash|p2b: Farigiraf
|-damage|p2b: Farigiraf|1/100
|-damage|p1b: Basculegion|25/100|[from] Recoil
|move|p2a: Sylveon|Hyper Voice|p1a: Whimsicott|[spread] p1a,p1b
|-damage|p1a: Whimsicott|23/100
|-damage|p1b: Basculegion|0 fnt
|faint|p1b: Basculegion
|move|p2b: Farigiraf|Trick Room|p2b: Farigiraf
|-fieldstart|move: Trick Room|[of] p2b: Farigiraf
|
|upkeep
|
|t:|1783627788
|switch|p1b: Kingambit|Kingambit, L50, F, shiny|100/100
|turn|3
|
|t:|1783627812
|move|p1a: Whimsicott|Protect|p1a: Whimsicott
|-singleturn|p1a: Whimsicott|Protect
|move|p2b: Farigiraf|Protect|p2b: Farigiraf
|-singleturn|p2b: Farigiraf|Protect
|move|p1b: Kingambit|Iron Head|p2a: Sylveon
|-supereffective|p2a: Sylveon|1
|-damage|p2a: Sylveon|1/100
|move|p2a: Sylveon|Hyper Voice|p1b: Kingambit|[spread] p1b
|-activate|p1a: Whimsicott|move: Protect
|-damage|p1b: Kingambit|56/100
|
|upkeep
|turn|4
|
|t:|1783627835
|move|p1b: Kingambit|Kowtow Cleave|p2b: Farigiraf
|-supereffective|p2b: Farigiraf|1
|-damage|p2b: Farigiraf|0 fnt
|faint|p2b: Farigiraf
|move|p2a: Sylveon|Hyper Voice|p1b: Kingambit|[spread] p1a,p1b
|-damage|p1a: Whimsicott|0 fnt
|-damage|p1b: Kingambit|11/100
|faint|p1a: Whimsicott
|
|upkeep
|
|t:|1783627844
|switch|p2b: Charizard|Charizard, L50, M|100/100
|switch|p1a: Floette|Floette-Eternal, L50, F|100/100
|turn|5
|inactive|PRLT1 Jurrasicz has 30 seconds left.
|inactive|PRLT1 Jurrasicz has 20 seconds left.
|inactive|PRLT1 Jurrasicz has 15 seconds left.
|inactive|PRLT1 Jurrasicz has 10 seconds left.
|
|t:|1783627894
|detailschange|p2b: Charizard|Charizard-Mega-Y, L50, M
|-mega|p2b: Charizard|Charizard|Charizardite Y
|-weather|SunnyDay|[from] ability: Drought|[of] p2b: Charizard
|detailschange|p1a: Floette|Floette-Mega, L50, F
|-mega|p1a: Floette|Floette|Floettite
|-ability|p1a: Floette|Fairy Aura
|move|p1b: Kingambit|Protect|p1b: Kingambit
|-singleturn|p1b: Kingambit|Protect
|move|p2a: Sylveon|Hyper Voice|p1b: Kingambit|[spread] p1a
|-activate|p1b: Kingambit|move: Protect
|-damage|p1a: Floette|50/100y
|move|p2b: Charizard|Weather Ball|p1b: Kingambit
|-activate|p1b: Kingambit|move: Protect
|move|p1a: Floette|Dazzling Gleam|p2a: Sylveon|[spread] p2a,p2b
|-resisted|p2b: Charizard|1
|-damage|p2a: Sylveon|0 fnt
|-damage|p2b: Charizard|76/100
|faint|p2a: Sylveon
|
|-weather|SunnyDay|[upkeep]
|upkeep
|
|t:|1783627910
|switch|p2a: Incineroar|Incineroar, L50, F|100/100
|-ability|p2a: Incineroar|Intimidate|boost
|-unboost|p1a: Floette|atk|1
|-unboost|p1b: Kingambit|atk|1
|-ability|p1b: Kingambit|Defiant|boost
|-boost|p1b: Kingambit|atk|2
|turn|6
|
|t:|1783627925
|move|p2a: Incineroar|Fake Out|p1b: Kingambit
|-resisted|p1b: Kingambit|1
|-damage|p1b: Kingambit|6/100
|cant|p1b: Kingambit|flinch
|move|p2b: Charizard|Weather Ball|p1b: Kingambit
|-supereffective|p1b: Kingambit|1
|-enditem|p1b: Kingambit|Occa Berry|[eat]
|-enditem|p1b: Kingambit|Occa Berry|[weaken]
|-damage|p1b: Kingambit|0 fnt
|faint|p1b: Kingambit
|move|p1a: Floette|Light of Ruin|p2a: Incineroar
|-damage|p2a: Incineroar|0 fnt
|faint|p2a: Incineroar
|-damage|p1a: Floette|0 fnt|[from] Recoil
|faint|p1a: Floette
|
|win|carolchanning
|raw|PRLT1 Jurrasicz's rating: 1320 → 1300(-20 for losing)
|raw|carolchanning's rating: 1312 → 1332(+20 for winning)
|l|☆carolchanning
|player|p2|
|l|☆PRLT1 Jurrasicz
|player|p1|
|j|☆PRLT1 Jurrasicz
|player|p1|PRLT1 Jurrasicz|pokemaniac|
