|j|☆naibot2814
|j|☆SamP_64
|html|naibot2814SamP_64    
|uhtml|bestof|Game 3 of a best-of-3
|t:|1756845394
|gametype|doubles
|player|p1|naibot2814|ghetsis|1137
|player|p2|SamP_64|cyrus|1040
|gen|9
|tier|[Gen 9] VGC 2025 Reg H (Bo3)
|rated|
|rule|Species Clause: Limit one of each Pokémon
|rule|Item Clause: Limit 1 of each item
|clearpoke
|poke|p1|Gholdengo, L50|
|poke|p1|Porygon2, L50|
|poke|p1|Ursaluna, L50, M|
|poke|p1|Annihilape, L50, M|
|poke|p1|Amoonguss, L50, M|
|poke|p1|Incineroar, L50, M|
|poke|p2|Indeedee, L50, M|
|poke|p2|Drifblim, L50, M|
|poke|p2|Volcarona, L50, F|
|poke|p2|Kommo-o, L50, M|
|poke|p2|Toxtricity, L50, M|
|poke|p2|Hydreigon, L50, M|
|teampreview|4
|showteam|p1|Gholdengo||LifeOrb|GoodasGold|MakeItRain,NastyPlot,Protect,ShadowBall||||||50|,,,,,Fairy]Porygon2||Eviolite|Download|TeraBlast,Recover,TrickRoom,IceBeam||||||50|,,,,,Fighting]Ursaluna||FlameOrb|Guts|Earthquake,Protect,Facade,HeadlongRush|||M|||50|,,,,,Ghost]Annihilape||SitrusBerry|Defiant|RageFist,Coaching,FinalGambit,DrainPunch|||M|||50|,,,,,Water]Amoonguss||CovertCloak|Regenerator|PollenPuff,RagePowder,Spore,ClearSmog|||M|||50|,,,,,Fairy]Incineroar||SafetyGoggles|Intimidate|FlareBlitz,FakeOut,PartingShot,KnockOff|||M|||50|,,,,,Ghost
|showteam|p2|Indeedee||FocusSash|PsychicSurge|ExpandingForce,TeraBlast,Imprison,TrickRoom|||M|||50|,,,,,Ground]Drifblim||PsychicSeed|Unburden|Acrobatics,WillOWisp,StrengthSap,Tailwind|||M|||50|,,,,,Grass]Volcarona||LifeOrb|FlameBody|BugBuzz,HeatWave,TeraBlast,Protect|||F|||50|,,,,,Fairy]Kommo-o||Leftovers|Soundproof|BodyPress,Flamethrower,IronDefense,Protect|||M|||50|,,,,,Fire]Toxtricity||ChoiceSpecs|PunkRock|Overdrive,SludgeBomb,Boomburst,VoltSwitch|||M|||50|,,,,,Normal]Hydreigon||AssaultVest|Levitate|DarkPulse,DracoMeteor,EarthPower,Snarl|||M|||50|,,,,,Ghost
|inactive|Battle timer is ON: inactive players will automatically lose when time's up. (requested by SamP_64)
|inactive|SamP_64 has 60 seconds left.
|inactive|SamP_64 has 30 seconds left.
|
|t:|1756845460
|teamsize|p1|4
|teamsize|p2|4
|start
|switch|p1a: Incineroar|Incineroar, L50, M|100/100
|switch|p1b: Porygon2|Porygon2, L50|100/100
|switch|p2a: Hydreigon|Hydreigon, L50, M|100/100
|switch|p2b: Kommo-o|Kommo-o, L50, M|100/100
|-ability|p1a: Incineroar|Intimidate|boost
|-unboost|p2a: Hydreigon|atk|1
|-unboost|p2b: Kommo-o|atk|1
|-ability|p1b: Porygon2|Download|boost
|-boost|p1b: Porygon2|spa|1
|turn|1
|inactive|naibot2814 has 30 seconds left.
|
|t:|1756845485
|move|p2a: Hydreigon|Snarl|p1b: Porygon2|[spread] p1a,p1b
|-resisted|p1a: Incineroar
|-damage|p1a: Incineroar|93/100
|-damage|p1b: Porygon2|88/100
|-unboost|p1a: Incineroar|spa|1
|-unboost|p1b: Porygon2|spa|1
|move|p2b: Kommo-o|Iron Defense|p2b: Kommo-o
|-boost|p2b: Kommo-o|def|2
|move|p1a: Incineroar|Parting Shot|p2a: Hydreigon
|-unboost|p2a: Hydreigon|atk|1
|-unboost|p2a: Hydreigon|spa|1
|
|t:|1756845501
|switch|p1a: Amoonguss|Amoonguss, L50, M|100/100|[from] Parting Shot
|move|p1b: Porygon2|Trick Room|p1b: Porygon2
|-fieldstart|move: Trick Room|[of] p1b: Porygon2
|
|upkeep
|turn|2
|inactive|SamP_64 has 30 seconds left.
|
|t:|1756845532
|switch|p1b: Ursaluna|Ursaluna, L50, M, shiny|100/100
|-terastallize|p2b: Kommo-o|Fire
|move|p1a: Amoonguss|Spore|p2b: Kommo-o
|-status|p2b: Kommo-o|slp|[from] move: Spore
|cant|p2b: Kommo-o|slp
|move|p2a: Hydreigon|Snarl|p1a: Amoonguss|[spread] p1a,p1b
|-damage|p1a: Amoonguss|90/100
|-damage|p1b: Ursaluna|90/100
|-unboost|p1b: Ursaluna|spa|1
|
|-status|p1b: Ursaluna|brn|[from] item: Flame Orb
|upkeep
|turn|3
|inactive|SamP_64 has 30 seconds left.
|
|t:|1756845560
|cant|p2b: Kommo-o|slp
|move|p1a: Amoonguss|Spore|p2a: Hydreigon
|-status|p2a: Hydreigon|slp|[from] move: Spore
|move|p1b: Ursaluna|Facade|p2b: Kommo-o
|-damage|p2b: Kommo-o|59/100 slp
|cant|p2a: Hydreigon|slp
|
|-heal|p2b: Kommo-o|65/100 slp|[from] item: Leftovers
|-damage|p1b: Ursaluna|84/100 brn|[from] brn
|upkeep
|turn|4
|
|t:|1756845580
|cant|p2b: Kommo-o|slp
|move|p1a: Amoonguss|Pollen Puff|p1b: Ursaluna
|-heal|p1b: Ursaluna|100/100 brn
|move|p1b: Ursaluna|Headlong Rush|p2b: Kommo-o
|-supereffective|p2b: Kommo-o
|-damage|p2b: Kommo-o|0 fnt
|-unboost|p1b: Ursaluna|def|1
|-unboost|p1b: Ursaluna|spd|1
|faint|p2b: Kommo-o
|-curestatus|p2a: Hydreigon|slp|[msg]
|move|p2a: Hydreigon|Draco Meteor|p1a: Amoonguss
|-damage|p1a: Amoonguss|58/100
|-unboost|p2a: Hydreigon|spa|2
|
|-damage|p1b: Ursaluna|95/100 brn|[from] brn
|upkeep
|
|t:|1756845597
|switch|p2b: Volcarona|Volcarona, L50, F|100/100
|turn|5
|
|t:|1756845613
|switch|p1b: Porygon2|Porygon2, L50|88/100
|-ability|p1b: Porygon2|Download|boost
|-boost|p1b: Porygon2|atk|1
|move|p2b: Volcarona|Protect|p2b: Volcarona
|-singleturn|p2b: Volcarona|Protect
|move|p1a: Amoonguss|Spore|p2a: Hydreigon
|-status|p2a: Hydreigon|slp|[from] move: Spore
|cant|p2a: Hydreigon|slp
|
|-fieldend|move: Trick Room
|upkeep
|turn|6
|inactive|SamP_64 has 30 seconds left.
|inactive|SamP_64 has 20 seconds left.
|inactive|SamP_64 has 15 seconds left.
|
|t:|1756845657
|switch|p2a: Indeedee|Indeedee, L50, M|100/100
|-fieldstart|move: Psychic Terrain|[from] ability: Psychic Surge|[of] p2a: Indeedee
|switch|p1a: Ursaluna|Ursaluna, L50, M, shiny|95/100 brn
|move|p2b: Volcarona|Heat Wave|p1a: Ursaluna|[spread] p1a,p1b
|-damage|p1a: Ursaluna|57/100 brn
|-damage|p1b: Porygon2|58/100
|-damage|p2b: Volcarona|91/100|[from] item: Life Orb
|move|p1b: Porygon2|Trick Room|p1b: Porygon2
|-fieldstart|move: Trick Room|[of] p1b: Porygon2
|
|-damage|p1a: Ursaluna|51/100 brn|[from] brn
|upkeep
|turn|7
|inactive|SamP_64 has 30 seconds left.
|
|t:|1756845686
|move|p1a: Ursaluna|Facade|p2a: Indeedee
|-enditem|p2a: Indeedee|Focus Sash
|-damage|p2a: Indeedee|1/100
|move|p1b: Porygon2|Tera Blast|p2a: Indeedee
|-damage|p2a: Indeedee|0 fnt
|faint|p2a: Indeedee
|move|p2b: Volcarona|Heat Wave|p1a: Ursaluna|[spread] p1a,p1b
|-crit|p1a: Ursaluna
|-damage|p1a: Ursaluna|0 fnt
|-damage|p1b: Porygon2|30/100
|faint|p1a: Ursaluna
|-damage|p2b: Volcarona|81/100|[from] item: Life Orb
|
|upkeep
|
|t:|1756845701
|switch|p1a: Amoonguss|Amoonguss, L50, M|91/100
|switch|p2a: Hydreigon|Hydreigon, L50, M|100/100 slp
|turn|8
|
|t:|1756845714
|move|p2b: Volcarona|Protect|p2b: Volcarona
|-singleturn|p2b: Volcarona|Protect
|move|p1a: Amoonguss|Spore|p2b: Volcarona
|-activate|p2b: Volcarona|move: Protect
|move|p1b: Porygon2|Ice Beam|p2a: Hydreigon
|-supereffective|p2a: Hydreigon
|-damage|p2a: Hydreigon|62/100 slp
|cant|p2a: Hydreigon|slp
|
|upkeep
|turn|9
|
|t:|1756845735
|move|p1a: Amoonguss|Spore|p2b: Volcarona
|-status|p2b: Volcarona|slp|[from] move: Spore
|move|p1b: Porygon2|Recover|p1b: Porygon2
|-heal|p1b: Porygon2|80/100
|cant|p2a: Hydreigon|slp
|cant|p2b: Volcarona|slp
|
|upkeep
|turn|10
|
|t:|1756845756
|switch|p1a: Incineroar|Incineroar, L50, M|93/100
|-ability|p1a: Incineroar|Intimidate|boost
|-unboost|p2a: Hydreigon|atk|1
|-unboost|p2b: Volcarona|atk|1
|-terastallize|p1b: Porygon2|Fighting
|move|p1b: Porygon2|Tera Blast|p2a: Hydreigon|[anim] Tera Blast Fighting
|-supereffective|p2a: Hydreigon
|-damage|p2a: Hydreigon|13/100 slp
|-curestatus|p2a: Hydreigon|slp|[msg]
|move|p2a: Hydreigon|Snarl|p1b: Porygon2|[spread] p1a,p1b
|-resisted|p1a: Incineroar
|-resisted|p1b: Porygon2
|-damage|p1a: Incineroar|85/100
|-damage|p1b: Porygon2|74/100
|-unboost|p1a: Incineroar|spa|1
|-unboost|p1b: Porygon2|spa|1
|cant|p2b: Volcarona|slp
|
|-fieldend|move: Trick Room
|-fieldend|move: Psychic Terrain
|upkeep
|turn|11
|inactive|naibot2814 has 30 seconds left.
|inactive|SamP_64 has 30 seconds left.
|
|t:|1756845784
|cant|p2b: Volcarona|slp
|move|p2a: Hydreigon|Draco Meteor|p1b: Porygon2
|-damage|p1b: Porygon2|35/100
|-unboost|p2a: Hydreigon|spa|2
|move|p1a: Incineroar|Parting Shot|p2b: Volcarona
|-unboost|p2b: Volcarona|atk|1
|-unboost|p2b: Volcarona|spa|1
|
|t:|1756845792
|switch|p1a: Amoonguss|Amoonguss, L50, M|100/100|[from] Parting Shot
|move|p1b: Porygon2|Trick Room|p1b: Porygon2
|-fieldstart|move: Trick Room|[of] p1b: Porygon2
|
|upkeep
|turn|12
|
|t:|1756845800
|move|p1a: Amoonguss|Pollen Puff|p1b: Porygon2
|-heal|p1b: Porygon2|85/100
|move|p1b: Porygon2|Tera Blast|p2a: Hydreigon|[anim] Tera Blast Fighting
|-supereffective|p2a: Hydreigon
|-damage|p2a: Hydreigon|0 fnt
|faint|p2a: Hydreigon
|-curestatus|p2b: Volcarona|slp|[msg]
|move|p2b: Volcarona|Heat Wave|p1b: Porygon2|[spread] p1a,p1b
|-supereffective|p1a: Amoonguss
|-damage|p1a: Amoonguss|42/100
|-damage|p1b: Porygon2|64/100
|-damage|p2b: Volcarona|72/100|[from] item: Life Orb
|
|upkeep
|turn|13
|
|t:|1756845810
|switch|p1b: Incineroar|Incineroar, L50, M|85/100
|-ability|p1b: Incineroar|Intimidate|boost
|-unboost|p2b: Volcarona|atk|1
|move|p2b: Volcarona|Protect|p2b: Volcarona
|-singleturn|p2b: Volcarona|Protect
|move|p1a: Amoonguss|Spore|p2b: Volcarona
|-activate|p2b: Volcarona|move: Protect
|
|upkeep
|turn|14
|-message|SamP_64 forfeited.
|raw|naibot2814's rating: 1137 → 1155(+18 for winning)
|raw|SamP_64's rating: 1040 → 1028(-12 for losing)
|
|win|naibot2814
|l|☆SamP_64
|player|p2|
