|j|☆Invoker Kuzan
|j|☆mattderu5784
|html|Invoker Kuzanmattderu5784    
|uhtml|bestof|Game 2 of a best-of-3
|t:|1756245435
|gametype|doubles
|player|p1|Invoker Kuzan|marnie-masters3|1047
|player|p2|mattderu5784|ash|1085
|gen|9
|tier|[Gen 9] VGC 2025 Reg H (Bo3)
|rated|
|rule|Species Clause: Limit one of each Pokémon
|rule|Item Clause: Limit 1 of each item
|clearpoke
|poke|p1|Indeedee-F, L50, F|
|poke|p1|Hatterene, L50, F|
|poke|p1|Gallade, L50, M|
|poke|p1|Ursaluna, L50, M|
|poke|p1|Lilligant-Hisui, L50, F|
|poke|p1|Torkoal, L50, M|
|poke|p2|Indeedee, L50, M|
|poke|p2|Sneasler, L50, F|
|poke|p2|Greninja-*, L50, F|
|poke|p2|Sinistcha, L50|
|poke|p2|Archaludon, L50, F|
|poke|p2|Pelipper, L50, M|
|teampreview|4
|showteam|p1|Indeedee-F||PsychicSeed|PsychicSurge|TrickRoom,FollowMe,HelpingHand,DazzlingGleam|||F|||50|,,,,,Fire]Hatterene||LifeOrb|MagicBounce|ExpandingForce,TrickRoom,DazzlingGleam,Protect|||F|||50|,,,,,Psychic]Gallade||ClearAmulet|Sharpness|PsychoCut,TrickRoom,SacredSword,WideGuard|||M|||50|,,,,,Grass]Ursaluna||FlameOrb|Guts|HeadlongRush,Facade,SwordsDance,Protect|||M|||50|,,,,,Ghost]Lilligant-Hisui||FocusSash|Chlorophyll|SolarBlade,SleepPowder,CloseCombat,AfterYou|||F|||50|,,,,,Ghost]Torkoal||ChoiceSpecs|Drought|Eruption,HeatWave,WeatherBall,EarthPower|||M|||50|,,,,,Fire
|showteam|p2|Indeedee||ChoiceScarf|PsychicSurge|ExpandingForce,HyperVoice,Trick,TeraBlast|||M|||50|,,,,,Psychic]Sneasler||PsychicSeed|Unburden|Protect,ThroatChop,CloseCombat,DireClaw|||F|||50|,,,,,Dark]Greninja||LoadedDice|Torrent|WaterShuriken,Haze,DarkPulse,RainDance|||F|||50|,,,,,Ghost]Sinistcha||RockyHelmet|Hospitality|RagePowder,MatchaGotcha,LifeDew,TrickRoom||||||50|,,,,,Fairy]Archaludon||AssaultVest|Stamina|ElectroShot,BodyPress,DracoMeteor,FlashCannon|||F|||50|,,,,,Bug]Pelipper||FocusSash|Drizzle|Protect,WideGuard,WeatherBall,Hurricane|||M|||50|,,,,,Stellar
|inactive|Battle timer is ON: inactive players will automatically lose when time's up. (requested by Invoker Kuzan)
|inactive|mattderu5784 has 60 seconds left.
|inactive|mattderu5784 has 30 seconds left.
|inactive|mattderu5784 has 20 seconds left.
|inactive|mattderu5784 has 15 seconds left.
|inactive|mattderu5784 has 10 seconds left.
|inactive|mattderu5784 has 5 seconds left.
|
|t:|1756245541
|teamsize|p1|4
|teamsize|p2|4
|start
|switch|p1a: Indeedee|Indeedee-F, L50, F, shiny|100/100
|switch|p1b: Gallade|Gallade, L50, M, shiny|100/100
|switch|p2a: Sneasler|Sneasler, L50, F|100/100
|switch|p2b: Indeedee|Indeedee, L50, M|100/100
|-fieldstart|move: Psychic Terrain|[from] ability: Psychic Surge|[of] p2b: Indeedee
|-enditem|p2a: Sneasler|Psychic Seed
|-boost|p2a: Sneasler|spd|1|[from] item: Psychic Seed
|-enditem|p1a: Indeedee|Psychic Seed
|-boost|p1a: Indeedee|spd|1|[from] item: Psychic Seed
|turn|1
|
|t:|1756245555
|-terastallize|p2b: Indeedee|Psychic
|move|p1a: Indeedee|Follow Me|p1a: Indeedee
|-singleturn|p1a: Indeedee|move: Follow Me
|move|p2a: Sneasler|Throat Chop|p1a: Indeedee
|-supereffective|p1a: Indeedee
|-damage|p1a: Indeedee|41/100
|-start|p1a: Indeedee|Throat Chop|[silent]
|move|p2b: Indeedee|Tera Blast|p1a: Indeedee|[anim] Tera Blast Psychic
|-resisted|p1a: Indeedee
|-damage|p1a: Indeedee|19/100
|move|p1b: Gallade|Trick Room|p1b: Gallade
|-fieldstart|move: Trick Room|[of] p1b: Gallade
|
|upkeep
|turn|2
|
|t:|1756245577
|switch|p2a: Archaludon|Archaludon, L50, F|100/100
|move|p1a: Indeedee|Dazzling Gleam|p2b: Indeedee|[spread] p2a,p2b
|-damage|p2a: Archaludon|91/100
|-damage|p2b: Indeedee|83/100
|-ability|p2a: Archaludon|Stamina|boost
|-boost|p2a: Archaludon|def|1
|move|p1b: Gallade|Psycho Cut|p2a: Archaludon
|-resisted|p2a: Archaludon
|-damage|p2a: Archaludon|74/100
|-ability|p2a: Archaludon|Stamina|boost
|-boost|p2a: Archaludon|def|1
|move|p2b: Indeedee|Tera Blast|p1b: Gallade|[anim] Tera Blast Psychic
|-damage|p1b: Gallade|39/100
|
|-end|p1a: Indeedee|Throat Chop|[silent]
|upkeep
|turn|3
|inactive|mattderu5784 has 30 seconds left.
|
|t:|1756245608
|move|p1a: Indeedee|Helping Hand|p1b: Gallade
|-singleturn|p1b: Gallade|Helping Hand|[of] p1a: Indeedee
|move|p1b: Gallade|Sacred Sword|p2a: Archaludon
|-supereffective|p2a: Archaludon
|-damage|p2a: Archaludon|0 fnt
|faint|p2a: Archaludon
|move|p2b: Indeedee|Tera Blast|p1b: Gallade|[anim] Tera Blast Psychic
|-damage|p1b: Gallade|0 fnt
|faint|p1b: Gallade
|
|upkeep
|
|t:|1756245632
|switch|p1b: Ursaluna|Ursaluna, L50, M, shiny|100/100
|switch|p2a: Pelipper|Pelipper, L50, M|100/100
|-weather|RainDance|[from] ability: Drizzle|[of] p2a: Pelipper
|turn|4
|inactive|Invoker Kuzan has 30 seconds left.
|
|t:|1756245662
|move|p1b: Ursaluna|Protect|p1b: Ursaluna
|-singleturn|p1b: Ursaluna|Protect
|move|p2a: Pelipper|Protect|p2a: Pelipper
|-singleturn|p2a: Pelipper|Protect
|move|p1a: Indeedee|Dazzling Gleam|p2b: Indeedee|[spread] p2b
|-activate|p2a: Pelipper|move: Protect
|-damage|p2b: Indeedee|63/100
|move|p2b: Indeedee|Tera Blast|p1a: Indeedee|[anim] Tera Blast Psychic
|-resisted|p1a: Indeedee
|-damage|p1a: Indeedee|0 fnt
|faint|p1a: Indeedee
|
|-weather|RainDance|[upkeep]
|-status|p1b: Ursaluna|brn|[from] item: Flame Orb
|upkeep
|
|t:|1756245668
|switch|p1a: Hatterene|Hatterene, L50, F, shiny|100/100
|turn|5
|inactive|Invoker Kuzan has 30 seconds left.
|inactive|mattderu5784 has 30 seconds left.
|inactive|Invoker Kuzan has 20 seconds left.
|inactive|mattderu5784 has 20 seconds left.
|inactive|Invoker Kuzan has 15 seconds left.
|
|t:|1756245712
|switch|p2a: Sneasler|Sneasler, L50, F|100/100
|-terastallize|p1b: Ursaluna|Ghost
|move|p1a: Hatterene|Expanding Force|p2b: Indeedee|[spread] p2a,p2b
|-supereffective|p2a: Sneasler
|-resisted|p2b: Indeedee
|-damage|p2a: Sneasler|0 fnt
|-damage|p2b: Indeedee|1/100
|faint|p2a: Sneasler
|-damage|p1a: Hatterene|91/100|[from] item: Life Orb
|move|p1b: Ursaluna|Facade|p2b: Indeedee
|-damage|p2b: Indeedee|0 fnt
|faint|p2b: Indeedee
|
|-weather|RainDance|[upkeep]
|-damage|p1b: Ursaluna|95/100 brn|[from] brn
|-fieldend|move: Trick Room
|-fieldend|move: Psychic Terrain
|upkeep
|
|t:|1756245723
|switch|p2b: Pelipper|Pelipper, L50, M|100/100
|turn|6
|
|t:|1756245730
|move|p1b: Ursaluna|Protect|p1b: Ursaluna
|-singleturn|p1b: Ursaluna|Protect
|move|p2b: Pelipper|Weather Ball|p1a: Hatterene
|-damage|p1a: Hatterene|9/100
|move|p1a: Hatterene|Trick Room|p1a: Hatterene
|-fieldstart|move: Trick Room|[of] p1a: Hatterene
|
|-weather|RainDance|[upkeep]
|-damage|p1b: Ursaluna|89/100 brn|[from] brn
|upkeep
|turn|7
|
|t:|1756245739
|move|p1a: Hatterene|Expanding Force|p2b: Pelipper
|-enditem|p2b: Pelipper|Focus Sash
|-damage|p2b: Pelipper|1/100
|-damage|p1a: Hatterene|0 fnt|[from] item: Life Orb
|faint|p1a: Hatterene
|move|p1b: Ursaluna|Facade|p2b: Pelipper
|-damage|p2b: Pelipper|0 fnt
|faint|p2b: Pelipper
|
|win|Invoker Kuzan
|raw|Invoker Kuzan's rating: 1047 → 1084(+37 for winning)
|raw|mattderu5784's rating: 1085 → 1060(-25 for losing)
|l|☆mattderu5784
|player|p2|
