|j|☆onescoopmann
|j|☆snailboss
|html|onescoopmannsnailboss    
|uhtml|bestof|Game 3 of a best-of-3
|t:|1756421298
|gametype|doubles
|player|p1|onescoopmann|1|1189
|player|p2|snailboss|hilda-wonderlauncher|1195
|gen|9
|tier|[Gen 9] VGC 2025 Reg H (Bo3)
|rated|
|rule|Species Clause: Limit one of each Pokémon
|rule|Item Clause: Limit 1 of each item
|clearpoke
|poke|p1|Indeedee-F, L50, F|
|poke|p1|Hatterene, L50, F|
|poke|p1|Torkoal, L50, F|
|poke|p1|Lilligant-Hisui, L50, F|
|poke|p1|Ursaluna, L50, M|
|poke|p1|Gallade, L50, M|
|poke|p2|Tyranitar, L50, M|
|poke|p2|Excadrill, L50, F|
|poke|p2|Indeedee-F, L50, F|
|poke|p2|Zoroark-Hisui, L50, M|
|poke|p2|Corviknight, L50, F|
|poke|p2|Amoonguss, L50, F|
|teampreview|4
|showteam|p1|Indeedee-F||PsychicSeed|PsychicSurge|FollowMe,Psychic,HelpingHand,TrickRoom|||F|||50|,,,,,Grass]Hatterene||LifeOrb|MagicBounce|ExpandingForce,DazzlingGleam,TrickRoom,Protect|||F|||50|,,,,,Fire]Torkoal||Charcoal|Drought|Eruption,WeatherBall,HeatWave,Protect|||F|||50|,,,,,Fire]Lilligant-Hisui||FocusSash|Chlorophyll|SleepPowder,AfterYou,LeafBlade,CloseCombat|||F|||50|,,,,,Ghost]Ursaluna||FlameOrb|Guts|HeadlongRush,Facade,SwordsDance,Protect|||M|||50|,,,,,Normal]Gallade||ClearAmulet|Sharpness|SacredSword,PsychoCut,WideGuard,TrickRoom|||M|||50|,,,,,Grass
|showteam|p2|Tyranitar||AssaultVest|SandStream|RockSlide,KnockOff,LowKick,TeraBlast|||M|||50|,,,,,Flying]Excadrill||FocusSash|SandRush|IronHead,Protect,SwordsDance,Earthquake|||F|||50|,,,,,Ground]Indeedee-F||SafetyGoggles|PsychicSurge|TrickRoom,FollowMe,Psychic,HelpingHand|||F|||50|,,,,,Fairy]Zoroark-Hisui||ChoiceSpecs|Illusion|HyperVoice,ShadowBall,HyperBeam,Flamethrower|||M|||50|,,,,,Normal]Corviknight||PsychicSeed|MirrorArmor|BraveBird,PowerTrip,BulkUp,Roost|||F|||50|,,,,,Rock]Amoonguss||SitrusBerry|Regenerator|Spore,RagePowder,Protect,ClearSmog|||F|||50|,,,,,Water
|
|t:|1756421319
|teamsize|p1|4
|teamsize|p2|4
|start
|switch|p1a: Indeedee|Indeedee-F, L50, F|100/100
|switch|p1b: Gallade|Gallade, L50, M|100/100
|switch|p2a: Excadrill|Excadrill, L50, F|100/100
|switch|p2b: Amoonguss|Amoonguss, L50, F|100/100
|-fieldstart|move: Psychic Terrain|[from] ability: Psychic Surge|[of] p1a: Indeedee
|-enditem|p1a: Indeedee|Psychic Seed
|-boost|p1a: Indeedee|spd|1|[from] item: Psychic Seed
|turn|1
|
|t:|1756421348
|-terastallize|p2a: Excadrill|Normal
|-terastallize|p1a: Indeedee|Grass
|move|p1a: Indeedee|Follow Me|p1a: Indeedee
|-singleturn|p1a: Indeedee|move: Follow Me
|move|p2a: Excadrill|Hyper Beam|p1a: Indeedee
|-damage|p1a: Indeedee|0 fnt
|-mustrecharge|p2a: Excadrill
|faint|p1a: Indeedee
|move|p2b: Amoonguss|Spore|p1b: Gallade
|-status|p1b: Gallade|slp|[from] move: Spore
|cant|p1b: Gallade|slp
|
|upkeep
|
|t:|1756421362
|switch|p1a: Hatterene|Hatterene, L50, F|100/100
|turn|2
|
|t:|1756421404
|switch|p2b: Tyranitar|Tyranitar, L50, M|100/100
|-weather|Sandstorm|[from] ability: Sand Stream|[of] p2b: Tyranitar
|cant|p2a: Excadrill|recharge
|move|p1a: Hatterene|Expanding Force|p2b: Tyranitar|[spread] p2a
|-immune|p2b: Tyranitar
|-damage|p2a: Excadrill|0 fnt
|replace|p2a: Zoroark|Zoroark-Hisui, L50, M
|-end|p2a: Zoroark|Illusion
|faint|p2a: Zoroark
|-damage|p1a: Hatterene|91/100|[from] item: Life Orb
|-curestatus|p1b: Gallade|slp|[msg]
|move|p1b: Gallade|Trick Room|p1b: Gallade
|-fieldstart|move: Trick Room|[of] p1b: Gallade
|
|-weather|Sandstorm|[upkeep]
|-damage|p1a: Hatterene|85/100|[from] Sandstorm
|-damage|p1b: Gallade|95/100|[from] Sandstorm
|upkeep
|
|t:|1756421420
|switch|p2a: Amoonguss|Amoonguss, L50, F|100/100
|turn|3
|j| chestnaughtgamings
|
|t:|1756421445
|move|p1b: Gallade|Wide Guard|p1b: Gallade
|-singleturn|p1b: Gallade|Wide Guard
|move|p1a: Hatterene|Dazzling Gleam|p2b: Tyranitar|[spread] p2a,p2b
|-resisted|p2a: Amoonguss
|-supereffective|p2b: Tyranitar
|-damage|p2a: Amoonguss|81/100
|-damage|p2b: Tyranitar|56/100
|-damage|p1a: Hatterene|76/100|[from] item: Life Orb
|move|p2a: Amoonguss|Spore|p1b: Gallade
|-status|p1b: Gallade|slp|[from] move: Spore
|move|p2b: Tyranitar|Knock Off|p1a: Hatterene
|-damage|p1a: Hatterene|19/100
|-enditem|p1a: Hatterene|Life Orb|[from] move: Knock Off|[of] p2b: Tyranitar
|
|-weather|Sandstorm|[upkeep]
|-damage|p1a: Hatterene|14/100|[from] Sandstorm
|-damage|p2a: Amoonguss|75/100|[from] Sandstorm
|-damage|p1b: Gallade|89/100 slp|[from] Sandstorm
|upkeep
|turn|4
|
|t:|1756421462
|switch|p2b: Excadrill|Excadrill, L50, F|100/100
|cant|p1b: Gallade|slp
|move|p1a: Hatterene|Expanding Force|p2a: Amoonguss|[spread] p2a,p2b
|-supereffective|p2a: Amoonguss
|-resisted|p2b: Excadrill
|-damage|p2a: Amoonguss|0 fnt
|-damage|p2b: Excadrill|55/100
|faint|p2a: Amoonguss
|
|-weather|Sandstorm|[upkeep]
|-damage|p1a: Hatterene|8/100|[from] Sandstorm
|-damage|p1b: Gallade|83/100 slp|[from] Sandstorm
|upkeep
|
|t:|1756421476
|switch|p2a: Tyranitar|Tyranitar, L50, M|56/100
|turn|5
|
|t:|1756421495
|move|p1a: Hatterene|Expanding Force|p2a: Tyranitar|[spread] p2b
|-immune|p2a: Tyranitar
|-resisted|p2b: Excadrill
|-damage|p2b: Excadrill|10/100
|cant|p1b: Gallade|slp
|move|p2a: Tyranitar|Rock Slide|p1b: Gallade|[spread] p1a,p1b
|-resisted|p1b: Gallade
|-damage|p1a: Hatterene|0 fnt
|-damage|p1b: Gallade|64/100 slp
|faint|p1a: Hatterene
|move|p2b: Excadrill|Swords Dance|p2b: Excadrill
|-boost|p2b: Excadrill|atk|2
|
|-weather|Sandstorm|[upkeep]
|-damage|p1b: Gallade|58/100 slp|[from] Sandstorm
|-fieldend|move: Psychic Terrain
|upkeep
|
|t:|1756421508
|switch|p1a: Torkoal|Torkoal, L50, F|100/100
|-weather|SunnyDay|[from] ability: Drought|[of] p1a: Torkoal
|turn|6
|
|t:|1756421534
|move|p2b: Excadrill|Protect|p2b: Excadrill
|-singleturn|p2b: Excadrill|Protect
|move|p1a: Torkoal|Eruption|p2b: Excadrill|[spread] p2a
|-activate|p2b: Excadrill|move: Protect
|-resisted|p2a: Tyranitar
|-damage|p2a: Tyranitar|27/100
|cant|p1b: Gallade|slp
|move|p2a: Tyranitar|Knock Off|p1b: Gallade
|-crit|p1b: Gallade
|-damage|p1b: Gallade|0 fnt
|-enditem|p1b: Gallade|Clear Amulet|[from] move: Knock Off|[of] p2a: Tyranitar
|faint|p1b: Gallade
|
|-weather|SunnyDay|[upkeep]
|-fieldend|move: Trick Room
|upkeep
|turn|7
|
|t:|1756421556
|move|p2b: Excadrill|Earthquake|p1a: Torkoal|[spread] p2a,p1a
|-supereffective|p2a: Tyranitar
|-supereffective|p1a: Torkoal
|-damage|p2a: Tyranitar|0 fnt
|-damage|p1a: Torkoal|0 fnt
|faint|p2a: Tyranitar
|faint|p1a: Torkoal
|
|win|snailboss
|raw|onescoopmann's rating: 1189 → 1164(-25 for losing)
|raw|snailboss's rating: 1195 → 1220(+25 for winning)
