|j|☆billbig
|j|☆Scoseb
|html|billbigScoseb    
|uhtml|bestof|Game 1 of a best-of-3
|t:|1783503158
|gametype|doubles
|player|p1|billbig|265|1104
|player|p2|Scoseb|brycenman|1171
|gen|9
|tier|[Gen 9 Champions] VGC 2026 Reg M-B (Bo3)
|rated|
|rule|Species Clause: Limit one of each Pokémon
|rule|Item Clause: Limit 1 of each item
|clearpoke
|poke|p1|Palafin, L50, F|
|poke|p1|Sylveon, L50, F|
|poke|p1|Gengar, L50, M|
|poke|p1|Arcanine, L50, M|
|poke|p1|Raichu, L50, F|
|poke|p1|Politoed, L50, M|
|poke|p2|Staraptor, L50, M|
|poke|p2|Zoroark-Hisui, L50, M|
|poke|p2|Gholdengo, L50|
|poke|p2|Whimsicott, L50, M|
|poke|p2|Incineroar, L50, F|
|poke|p2|Drampa, L50, F|
|teampreview|4
|showteam|p1|Palafin||MysticWater|ZerotoHero|Protect,WaveCrash,JetPunch,CloseCombat|Adamant||F|||50|]Sylveon||FairyFeather|Pixilate|Detect,HyperVoice,QuickAttack,Moonblast|Modest||F|||50|]Gengar||ChoiceScarf|CursedBody|ShadowBall,SludgeBomb,IcyWind,Taunt|Timid||M|||50|]Arcanine||SitrusBerry|Intimidate|Protect,ExtremeSpeed,FlareBlitz,WillOWisp|Adamant||M|||50|]Raichu||FocusSash|LightningRod|FakeOut,VoltTackle,Encore,Protect|Jolly||F|||50|]Politoed||Leftovers|Drizzle|Protect,WeatherBall,HelpingHand,IcyWind|Calm||M|||50|
|showteam|p2|Staraptor||Staraptite|Reckless|CloseCombat,Protect,BraveBird,Roost|Jolly||M|||50|]Zoroark-Hisui||FocusSash|Illusion|BitterMalice,IcyWind,Taunt,FakeTears|Timid||M|||50|]Gholdengo||LifeOrb|GoodasGold|MakeItRain,ShadowBall,Protect,PowerGem|Modest|||||50|]Whimsicott||FairyFeather|Prankster|Tailwind,Moonblast,Charm,Protect|Timid||M|||50|]Incineroar||SitrusBerry|Intimidate|FakeOut,PartingShot,FlareBlitz,DarkestLariat|Careful||F|||50|]Drampa||Drampanite|CloudNine|HyperVoice,DragonPulse,Protect,CalmMind|Timid||F|||50|
|inactive|Battle timer is ON: inactive players will automatically lose when time's up. (requested by Scoseb)
|inactive|billbig also wants the timer to be on.
|inactive|billbig has 60 seconds left.
|inactive|Scoseb has 60 seconds left.
|inactive|Scoseb has 30 seconds left.
|
|t:|1783503223
|teamsize|p1|4
|teamsize|p2|4
|start
|switch|p1a: Palafin|Palafin, L50, F|100/100
|switch|p1b: Gengar|Gengar, L50, M|100/100
|switch|p2a: Drampa|Drampa, L50, F|100/100
|switch|p2b: Gholdengo|Gholdengo, L50|100/100
|turn|1
|inactive|billbig has 30 seconds left.
|
|t:|1783503253
|move|p2b: Gholdengo|Protect|p2b: Gholdengo
|-singleturn|p2b: Gholdengo|Protect
|move|p1b: Gengar|Shadow Ball|p2b: Gholdengo
|-activate|p2b: Gholdengo|move: Protect
|move|p2a: Drampa|Icy Wind|p1a: Palafin|[spread] p1a,p1b
|-resisted|p1a: Palafin|1
|-damage|p1a: Palafin|92/100
|-damage|p1b: Gengar|78/100
|-unboost|p1a: Palafin|spe|1
|-unboost|p1b: Gengar|spe|1
|-start|p2a: Drampa|Disable|Icy Wind|[from] ability: Cursed Body|[of] p1b: Gengar
|move|p1a: Palafin|Close Combat|p2a: Drampa
|-immune|p2a: Drampa
|
|upkeep
|turn|2
|inactive|billbig has 30 seconds left.
|
|t:|1783503280
|switch|p2b: Incineroar|Incineroar, L50, F|100/100
|-ability|p2b: Incineroar|Intimidate|boost
|-unboost|p1a: Palafin|atk|1
|-unboost|p1b: Gengar|atk|1
|detailschange|p1a: Palafin|Palafin-Hero, L50, F
|switch|p1a: Politoed|Politoed, L50, M|100/100
|-weather|RainDance|[from] ability: Drizzle|[of] p1a: Politoed
|move|p2a: Drampa|Bitter Malice|p1b: Gengar
|-supereffective|p1b: Gengar|1
|-damage|p1b: Gengar|0 fnt
|faint|p1b: Gengar
|
|-weather|RainDance|[upkeep]
|upkeep
|
|t:|1783503297
|switch|p1b: Palafin|Palafin-Hero, L50, F|92/100
|-activate|p1b: Palafin|ability: Zero to Hero
|turn|3
|
|t:|1783503309
|move|p1b: Palafin|Protect|p1b: Palafin
|-singleturn|p1b: Palafin|Protect
|move|p1a: Politoed|Protect|p1a: Politoed
|-singleturn|p1a: Politoed|Protect
|move|p2b: Incineroar|Fake Out|p1b: Palafin
|-activate|p1b: Palafin|move: Protect
|move|p2a: Drampa|Bitter Malice|p1b: Palafin
|-activate|p1b: Palafin|move: Protect
|
|-weather|RainDance|[upkeep]
|upkeep
|turn|4
|
|t:|1783503330
|switch|p2b: Gholdengo|Gholdengo, L50|100/100
|move|p2a: Drampa|Bitter Malice|p1b: Palafin
|-damage|p1b: Palafin|57/100
|-unboost|p1b: Palafin|atk|1
|move|p1b: Palafin|Wave Crash|p2a: Drampa
|-enditem|p2a: Drampa|Focus Sash
|-damage|p2a: Drampa|1/100
|replace|p2a: Zoroark|Zoroark-Hisui, L50, M
|-end|p2a: Zoroark|Illusion
|-damage|p1b: Palafin|36/100|[from] Recoil
|move|p1a: Politoed|Icy Wind|p2a: Zoroark|[spread] p2a,p2b
|-resisted|p2b: Gholdengo|1
|-damage|p2a: Zoroark|0 fnt
|-damage|p2b: Gholdengo|93/100
|-unboost|p2b: Gholdengo|spe|1
|faint|p2a: Zoroark
|
|-weather|RainDance|[upkeep]
|upkeep
|
|t:|1783503351
|switch|p2a: Incineroar|Incineroar, L50, F|100/100
|-ability|p2a: Incineroar|Intimidate|boost
|-unboost|p1a: Politoed|atk|1
|-unboost|p1b: Palafin|atk|1
|turn|5
|
|t:|1783503366
|switch|p1b: Raichu|Raichu, L50, F|100/100
|switch|p2b: Drampa|Drampa, L50, F|100/100
|-ability|p2b: Drampa|Cloud Nine
|move|p1a: Politoed|Protect|p1a: Politoed
|-singleturn|p1a: Politoed|Protect
|move|p2a: Incineroar|Fake Out|p1b: Raichu
|-damage|p1b: Raichu|76/100
|
|-weather|RainDance|[upkeep]
|upkeep
|turn|6
|
|t:|1783503383
|move|p1b: Raichu|Fake Out|p2b: Drampa
|-crit|p2b: Drampa
|-damage|p2b: Drampa|77/100
|cant|p2b: Drampa|flinch
|move|p1a: Politoed|Icy Wind|p2b: Drampa|[spread] p2a,p2b
|-resisted|p2a: Incineroar|1
|-supereffective|p2b: Drampa|1
|-damage|p2a: Incineroar|96/100
|-damage|p2b: Drampa|47/100
|-unboost|p2a: Incineroar|spe|1
|-unboost|p2b: Drampa|spe|1
|move|p2a: Incineroar|Parting Shot|p1a: Politoed
|-unboost|p1a: Politoed|atk|1
|-unboost|p1a: Politoed|spa|1
|
|t:|1783503395
|switch|p2a: Gholdengo|Gholdengo, L50|93/100|[from] Parting Shot
|
|-weather|none
|upkeep
|turn|7
|inactive|billbig has 30 seconds left.
|inactive|billbig has 20 seconds left.
|inactive|billbig has 15 seconds left.
|
|t:|1783503436
|switch|p2b: Incineroar|Incineroar, L50, F|96/100
|-ability|p2b: Incineroar|Intimidate|boost
|-unboost|p1a: Politoed|atk|1
|-unboost|p1b: Raichu|atk|1
|move|p1b: Raichu|Volt Tackle|p2a: Gholdengo
|-damage|p2a: Gholdengo|57/100
|-damage|p1b: Raichu|62/100|[from] Recoil
|move|p2a: Gholdengo|Shadow Ball|p1b: Raichu
|-damage|p1b: Raichu|0 fnt
|faint|p1b: Raichu
|-damage|p2a: Gholdengo|47/100|[from] item: Life Orb
|move|p1a: Politoed|Icy Wind|p2b: Incineroar|[spread] p2a,p2b
|-resisted|p2a: Gholdengo|1
|-resisted|p2b: Incineroar|1
|-damage|p2a: Gholdengo|42/100
|-damage|p2b: Incineroar|93/100
|-unboost|p2a: Gholdengo|spe|1
|-unboost|p2b: Incineroar|spe|1
|
|upkeep
|
|t:|1783503450
|switch|p1b: Palafin|Palafin-Hero, L50, F|36/100
|turn|8
|
|t:|1783503466
|switch|p2b: Drampa|Drampa, L50, F|47/100
|-ability|p2b: Drampa|Cloud Nine
|move|p1b: Palafin|Protect|p1b: Palafin
|-singleturn|p1b: Palafin|Protect
|move|p1a: Politoed|Protect|p1a: Politoed
|-singleturn|p1a: Politoed|Protect
|move|p2a: Gholdengo|Shadow Ball|p1b: Palafin
|-activate|p1b: Palafin|move: Protect
|
|upkeep
|turn|9
|
|t:|1783503487
|detailschange|p2b: Drampa|Drampa-Mega, L50, F
|-mega|p2b: Drampa|Drampa|Drampanite
|move|p1a: Politoed|Helping Hand|p1b: Palafin
|-singleturn|p1b: Palafin|Helping Hand|[of] p1a: Politoed
|move|p1b: Palafin|Jet Punch|p2a: Gholdengo
|-damage|p2a: Gholdengo|0 fnt
|faint|p2a: Gholdengo
|move|p2b: Drampa|Hyper Voice|p1b: Palafin|[spread] p1a,p1b
|-damage|p1a: Politoed|71/100
|-damage|p1b: Palafin|0 fnt
|faint|p1b: Palafin
|
|-heal|p1a: Politoed|77/100|[from] item: Leftovers
|upkeep
|
|t:|1783503498
|switch|p2a: Incineroar|Incineroar, L50, F|93/100
|-ability|p2a: Incineroar|Intimidate|boost
|-unboost|p1a: Politoed|atk|1
|turn|10
|
|t:|1783503513
|move|p1a: Politoed|Protect|p1a: Politoed
|-singleturn|p1a: Politoed|Protect
|move|p2a: Incineroar|Fake Out|p1a: Politoed
|-activate|p1a: Politoed|move: Protect
|move|p2b: Drampa|Calm Mind|p2b: Drampa
|-boost|p2b: Drampa|spa|1
|-boost|p2b: Drampa|spd|1
|
|-heal|p1a: Politoed|83/100|[from] item: Leftovers
|upkeep
|turn|11
|
|t:|1783503523
|move|p2b: Drampa|Hyper Voice|p1a: Politoed
|-damage|p1a: Politoed|19/100
|move|p1a: Politoed|Weather Ball|p2b: Drampa
|-damage|p2b: Drampa|42/100
|move|p2a: Incineroar|Parting Shot|p1a: Politoed
|-unboost|p1a: Politoed|atk|1
|-unboost|p1a: Politoed|spa|1
|
|-heal|p1a: Politoed|25/100|[from] item: Leftovers
|upkeep
|turn|12
|-message|billbig forfeited.
|
|win|Scoseb
|l|☆billbig
|player|p1|
||billbig is ready for game 2.
||Scoseb is ready for game 2.
|uhtml|next|Next: Game 2 of 3
