|j|☆Mashuno
|j|☆PShine
|html|MashunoPShine    
|uhtml|bestof|Game 2 of a best-of-3
|t:|1784074585
|gametype|doubles
|player|p1|Mashuno|harlequin|
|player|p2|PShine|169|
|gen|9
|tier|[Gen 9 Champions] VGC 2026 Reg M-B (Bo3)
|rule|Species Clause: Limit one of each Pokémon
|rule|Item Clause: Limit 1 of each item
|clearpoke
|poke|p1|Pelipper, L50, F|
|poke|p1|Archaludon, L50, F|
|poke|p1|Blastoise, L50, F|
|poke|p1|Sinistcha, L50|
|poke|p1|Sableye, L50, M|
|poke|p1|Sneasler, L50, F|
|poke|p2|Pelipper, L50, F|
|poke|p2|Salazzle, L50, F|
|poke|p2|Basculegion, L50, M|
|poke|p2|Meganium, L50, M|
|poke|p2|Rotom-Wash, L50|
|poke|p2|Garchomp, L50, M|
|teampreview|4
|showteam|p1|Pelipper||FocusSash|Drizzle|WeatherBall,Hurricane,Tailwind,RainDance|Modest||F|||50|]Archaludon||Leftovers|Stamina|Protect,DracoMeteor,FlashCannon,ElectroShot|Modest||F|||50|]Blastoise||Blastoisinite|RainDish|Protect,FakeOut,WaterSpout,DarkPulse|Modest||F|||50|]Sinistcha||SitrusBerry|Hospitality|MatchaGotcha,RagePowder,LifeDew,TrickRoom|Bold|||||50|]Sableye||LightClay|Prankster|FoulPlay,LightScreen,Reflect,RainDance|Impish||M|||50|]Sneasler||WhiteHerb|Unburden|FakeOut,DireClaw,CloseCombat,RockSlide|Jolly||F|||50|
|showteam|p2|Pelipper||Leftovers|Drizzle|Hurricane,WeatherBall,Tailwind,Protect|Modest||F|||50|]Salazzle||FocusSash|Oblivious|SludgeBomb,FakeOut,Protect,WillOWisp|Timid||F|||50|]Basculegion||ChoiceScarf|Adaptability|LastRespects,WaveCrash,FlipTurn,AquaJet|Jolly||M|||50|]Meganium||Meganiumite|LeafGuard|WeatherBall,SolarBeam,DazzlingGleam,Protect|Modest||M|||50|]Rotom-Wash||SitrusBerry|Levitate|HydroPump,Electroweb,LightScreen,Protect|Modest|||||50|]Garchomp||LifeOrb|RoughSkin|DragonClaw,StompingTantrum,Protect,RockSlide|Jolly||M|||50|
|inactive|Battle timer is ON: inactive players will automatically lose when time's up. (requested by PShine)
|
|t:|1784074630
|teamsize|p1|4
|teamsize|p2|4
|start
|switch|p1a: Junketsu|Archaludon, L50, F|100/100
|switch|p1b: Sableye|Sableye, L50, M|100/100
|switch|p2a: Washer|Rotom-Wash, L50|100/100
|switch|p2b: Park|Garchomp, L50, M|100/100
|turn|1
|
|t:|1784074646
|move|p1a: Junketsu|Protect|p1a: Junketsu
|-singleturn|p1a: Junketsu|Protect
|move|p1b: Sableye|Reflect|p1b: Sableye
|-sidestart|p1: Mashuno|Reflect
|move|p2b: Park|Stomping Tantrum|p1a: Junketsu
|-activate|p1a: Junketsu|move: Protect
|move|p2a: Washer|Light Screen|p2a: Washer
|-sidestart|p2: PShine|move: Light Screen
|
|upkeep
|turn|2
|inactive|Mashuno has 30 seconds left.
|inactive|Mashuno has 20 seconds left.
|
|t:|1784074683
|switch|p2a: Herb|Meganium, L50, M|100/100
|move|p1b: Sableye|Light Screen|p1b: Sableye
|-sidestart|p1: Mashuno|move: Light Screen
|move|p2b: Park|Stomping Tantrum|p1a: Junketsu
|-supereffective|p1a: Junketsu|1
|-damage|p1a: Junketsu|47/100
|-ability|p1a: Junketsu|Stamina|boost
|-boost|p1a: Junketsu|def|1
|-damage|p2b: Park|90/100|[from] item: Life Orb
|move|p1a: Junketsu|Draco Meteor|p2b: Park
|-supereffective|p2b: Park|1
|-damage|p2b: Park|0 fnt
|-unboost|p1a: Junketsu|spa|2
|faint|p2b: Park
|
|-heal|p1a: Junketsu|53/100|[from] item: Leftovers
|upkeep
|
|t:|1784074699
|switch|p2b: Washer|Rotom-Wash, L50|100/100
|turn|3
|inactive|Mashuno has 30 seconds left.
|inactive|Mashuno has 20 seconds left.
|inactive|Mashuno has 15 seconds left.
|inactive|Mashuno has 10 seconds left.
|
|t:|1784074745
|detailschange|p2a: Herb|Meganium-Mega, L50, M
|-mega|p2a: Herb|Meganium|Meganiumite
|move|p1a: Junketsu|Protect|p1a: Junketsu
|-singleturn|p1a: Junketsu|Protect
|move|p1b: Sableye|Rain Dance|p1b: Sableye
|-weather|RainDance
|move|p2a: Herb|Weather Ball|p1a: Junketsu
|-activate|p1a: Junketsu|move: Protect
|move|p2b: Washer|Hydro Pump|p1b: Sableye
|-damage|p1b: Sableye|43/100
|
|-weather|RainDance|[upkeep]
|-heal|p1a: Junketsu|59/100|[from] item: Leftovers
|upkeep
|turn|4
|
|t:|1784074772
|switch|p1b: Iroh|Sinistcha, L50|100/100
|-heal|p1a: Junketsu|84/100|[from] ability: Hospitality|[of] p1b: Iroh
|move|p1a: Junketsu|Electro Shot||[still]
|-prepare|p1a: Junketsu|Electro Shot
|-boost|p1a: Junketsu|spa|1
|-anim|p1a: Junketsu|Electro Shot|p2b: Washer
|-damage|p2b: Washer|81/100
|move|p2a: Herb|Weather Ball|p1a: Junketsu
|-damage|p1a: Junketsu|34/100
|-ability|p1a: Junketsu|Stamina|boost
|-boost|p1a: Junketsu|def|1
|move|p2b: Washer|Hydro Pump|p1a: Junketsu
|-resisted|p1a: Junketsu|1
|-damage|p1a: Junketsu|3/100
|-ability|p1a: Junketsu|Stamina|boost
|-boost|p1a: Junketsu|def|1
|
|-weather|RainDance|[upkeep]
|-heal|p1a: Junketsu|9/100|[from] item: Leftovers
|upkeep
|turn|5
|inactive|Mashuno has 30 seconds left.
|
|t:|1784074806
|move|p1a: Junketsu|Electro Shot||[still]
|-prepare|p1a: Junketsu|Electro Shot
|-boost|p1a: Junketsu|spa|1
|-anim|p1a: Junketsu|Electro Shot|p2b: Washer
|-damage|p2b: Washer|50/100g
|move|p2a: Herb|Weather Ball|p1b: Iroh
|-supereffective|p1b: Iroh|1
|-damage|p1b: Iroh|12/100
|-enditem|p1b: Iroh|Sitrus Berry|[eat]
|-heal|p1b: Iroh|37/100|[from] item: Sitrus Berry
|move|p2b: Washer|Hydro Pump|p1a: Junketsu
|-resisted|p1a: Junketsu|1
|-damage|p1a: Junketsu|0 fnt
|faint|p1a: Junketsu
|move|p1b: Iroh|Matcha Gotcha|p2a: Herb|[spread] p2a,p2b
|-resisted|p2a: Herb|1
|-supereffective|p2b: Washer|1
|-damage|p2a: Herb|93/100
|-heal|p1b: Iroh|41/100|[from] drain|[of] p2a: Herb
|-damage|p2b: Washer|17/100
|-heal|p1b: Iroh|55/100|[from] drain|[of] p2b: Washer
|-status|p2a: Herb|brn
|-enditem|p2b: Washer|Sitrus Berry|[eat]
|-heal|p2b: Washer|42/100|[from] item: Sitrus Berry
|
|-weather|RainDance|[upkeep]
|-damage|p2a: Herb|87/100 brn|[from] brn
|-sideend|p2: PShine|move: Light Screen
|upkeep
|inactive|Mashuno has 30 seconds left.
|c|☆Mashuno|sorry for the burn :(((
|inactive|Mashuno has 20 seconds left.
|c|☆PShine|it happens
|c|☆PShine|dw
|inactive|Mashuno has 15 seconds left.
|inactive|Mashuno has 10 seconds left.
|
|t:|1784074851
|switch|p1a: Kocho|Sneasler, L50, F|100/100
|turn|6
|
|t:|1784074865
|move|p2a: Herb|Protect|p2a: Herb
|-singleturn|p2a: Herb|Protect
|move|p1b: Iroh|Rage Powder|p1b: Iroh
|-singleturn|p1b: Iroh|move: Rage Powder
|move|p1a: Kocho|Dire Claw|p2a: Herb
|-activate|p2a: Herb|move: Protect
|move|p2b: Washer|Hydro Pump|p1b: Iroh
|-resisted|p1b: Iroh|1
|-damage|p1b: Iroh|30/100
|
|-weather|RainDance|[upkeep]
|-damage|p2a: Herb|81/100 brn|[from] brn
|upkeep
|turn|7
|inactive|Mashuno has 30 seconds left.
|inactive|PShine has 30 seconds left.
|inactive|PShine has 20 seconds left.
|inactive|PShine has 15 seconds left.
|inactive|PShine has 10 seconds left.
|
|t:|1784074911
|switch|p1a: Sableye|Sableye, L50, M|43/100
|move|p2a: Herb|Weather Ball|p1b: Iroh
|-supereffective|p1b: Iroh|1
|-damage|p1b: Iroh|0 fnt
|faint|p1b: Iroh
|move|p2b: Washer|Hydro Pump|p1a: Sableye|[miss]
|-miss|p2b: Washer|p1a: Sableye
|
|-weather|none
|-damage|p2a: Herb|76/100 brn|[from] brn
|upkeep
|c|☆Mashuno|I THOUGHT YOUD SWITCH
|inactive|Mashuno has 30 seconds left.
|
|t:|1784074939
|switch|p1b: Kocho|Sneasler, L50, F|100/100
|turn|8
|c|☆PShine|pffff
|c|☆PShine|I just accept like
|c|☆PShine|"I should sacrifice here"
|inactive|Mashuno has 30 seconds left.
|inactive|Mashuno has 20 seconds left.
|
|t:|1784074977
|move|p1b: Kocho|Fake Out|p2b: Washer
|-damage|p2b: Washer|26/100
|move|p2a: Herb|Dazzling Gleam|p1a: Sableye|[spread] p1a,p1b
|-supereffective|p1a: Sableye|1
|-damage|p1a: Sableye|0 fnt
|-damage|p1b: Kocho|65/100
|faint|p1a: Sableye
|cant|p2b: Washer|flinch
|
|-damage|p2a: Herb|70/100 brn|[from] brn
|-sideend|p1: Mashuno|Reflect
|upkeep
|turn|9
|
|t:|1784074989
|move|p1b: Kocho|Dire Claw|p2a: Herb
|-supereffective|p2a: Herb|2
|-damage|p2a: Herb|0 fnt
|-fail|p2a: Herb
|faint|p2a: Herb
|move|p2b: Washer|Hydro Pump|p1b: Kocho
|-damage|p1b: Kocho|22/100
|
|-sideend|p1: Mashuno|move: Light Screen
|upkeep
|
|t:|1784074997
|switch|p2a: Ancien|Basculegion, L50, M|100/100
|turn|10
|c|☆Mashuno|you had that in the back!?!?!?!
|c|☆PShine|gg
|c|☆PShine|pffff yeah
|c|☆Mashuno|ggs, you cooked me
|c|☆PShine|it is a tricky thing to switch In
|-message|Mashuno forfeited.
|
|win|PShine
||PShine is ready for game 3.
|inactive|Mashuno has 30 seconds to confirm battle start!
|l|☆PShine
|player|p2|
|inactive|Mashuno has 20 seconds to confirm battle start!
||Mashuno is ready for game 3.
|uhtml|next|Next: Game 3 of 3
