|j|☆RegiSIXSEVEN
|j|☆max54day
|html|RegiSIXSEVENmax54day    
|uhtml|bestof|Game 1 of a best-of-3
|t:|1782413183
|gametype|doubles
|player|p1|RegiSIXSEVEN|steven|1143
|player|p2|max54day|crasherwake|1164
|gen|9
|tier|[Gen 9 Champions] VGC 2026 Reg M-B (Bo3)
|rated|
|rule|Species Clause: Limit one of each Pokémon
|rule|Item Clause: Limit 1 of each item
|clearpoke
|poke|p1|Dragalge, L50, M, shiny|
|poke|p1|Farigiraf, L50, F, shiny|
|poke|p1|Staraptor, L50, M, shiny|
|poke|p1|Grimmsnarl, L50, M, shiny|
|poke|p1|Kingambit, L50, M, shiny|
|poke|p1|Kangaskhan, L50, F, shiny|
|poke|p2|Staraptor, L50, F|
|poke|p2|Whimsicott, L50, F, shiny|
|poke|p2|Tsareena, L50, F|
|poke|p2|Garchomp, L50, M|
|poke|p2|Metagross, L50|
|poke|p2|Maushold, L50|
|teampreview|4
|showteam|p1|Dragalge||Dragalgite|Adaptability|SludgeBomb,DracoMeteor,FlipTurn,HydroPump|Quiet||M|||50|]Farigiraf||ColburBerry|ArmorTail|Psychic,TrickRoom,HelpingHand,Protect|Calm||F|||50|]Staraptor||ChoiceScarf|Intimidate|FinalGambit,CloseCombat,DualWingbeat,Uturn|Adamant||M|||50|]Grimmsnarl||LightClay|Prankster|SpiritBreak,Reflect,PartingShot,FoulPlay|Careful||M|||50|]Kingambit||BlackGlasses|Defiant|KowtowCleave,SuckerPunch,SwordsDance,Protect|Adamant||M|||50|]Kangaskhan||Kangaskhanite|Scrappy|FakeOut,DoubleEdge,DrainPunch,IcePunch|Adamant||F|||50|
|showteam|p2|Staraptor||Staraptite|Intimidate|CloseCombat,BraveBird,Protect,Roost|Adamant||F|||50|]Whimsicott||FocusSash|Prankster|Tailwind,Charm,Encore,Moonblast|Calm||F|||50|]Tsareena||WideLens|QueenlyMajesty|TripleAxel,TropKick,Protect,Uturn|Adamant||F|||50|]Garchomp||LifeOrb|RoughSkin|RockSlide,DragonClaw,Earthquake,Protect|Adamant||M|||50|]Metagross||Metagrossite|ClearBody|IronHead,StompingTantrum,PsychicFangs,Protect|Adamant|||||50|]Maushold||SilkScarf|FriendGuard|FollowMe,PopulationBomb,Protect,SuperFang|Serious|||||50|
|inactive|Battle timer is ON: inactive players will automatically lose when time's up. (requested by RegiSIXSEVEN)
|inactive|RegiSIXSEVEN has 60 seconds left.
|inactive|max54day has 60 seconds left.
|
|t:|1782413242
|teamsize|p1|4
|teamsize|p2|4
|start
|switch|p1a: Kangaskhan|Kangaskhan, L50, F, shiny|100/100
|switch|p1b: Staraptor|Staraptor, L50, M, shiny|100/100
|switch|p2a: Metagross|Metagross, L50|100/100
|switch|p2b: Whimsicott|Whimsicott, L50, F, shiny|100/100
|-ability|p1b: Staraptor|Intimidate|boost
|-fail|p2a: Metagross|unboost|[from] ability: Clear Body|[of] p2a: Metagross
|-unboost|p2b: Whimsicott|atk|1
|turn|1
|
|t:|1782413259
|detailschange|p1a: Kangaskhan|Kangaskhan-Mega, L50, F, shiny
|-mega|p1a: Kangaskhan|Kangaskhan|Kangaskhanite
|move|p2a: Metagross|Protect|p2a: Metagross
|-singleturn|p2a: Metagross|Protect
|move|p1a: Kangaskhan|Fake Out|p2b: Whimsicott
|-damage|p2b: Whimsicott|73/100
|-damage|p2b: Whimsicott|67/100
|-hitcount|p2b: Whimsicott|2
|cant|p2b: Whimsicott|flinch
|move|p1b: Staraptor|Final Gambit|p2a: Metagross
|-activate|p2a: Metagross|move: Protect
|
|upkeep
|turn|2
|inactive|RegiSIXSEVEN has 30 seconds left.
|inactive|max54day has 30 seconds left.
|inactive|max54day has 20 seconds left.
|inactive|max54day has 15 seconds left.
|
|t:|1782413305
|switch|p1b: Kingambit|Kingambit, L50, M, shiny|100/100
|detailschange|p2a: Metagross|Metagross-Mega, L50
|-mega|p2a: Metagross|Metagross|Metagrossite
|move|p2b: Whimsicott|Tailwind|p2b: Whimsicott
|-sidestart|p2: max54day|move: Tailwind
|move|p2a: Metagross|Psychic Fangs|p1a: Kangaskhan
|-damage|p1a: Kangaskhan|45/100
|move|p1a: Kangaskhan|Ice Punch|p2b: Whimsicott
|-supereffective|p2b: Whimsicott|1
|-damage|p2b: Whimsicott|2/100
|-status|p2b: Whimsicott|frz
|-supereffective|p2b: Whimsicott|1
|-damage|p2b: Whimsicott|0 fnt
|faint|p2b: Whimsicott
|-hitcount|p2: Whimsicott|2
|
|upkeep
|
|t:|1782413324
|switch|p2b: Garchomp|Garchomp, L50, M|100/100
|turn|3
|
|t:|1782413342
|move|p2a: Metagross|Protect|p2a: Metagross
|-singleturn|p2a: Metagross|Protect
|move|p1b: Kingambit|Sucker Punch||[still]
|-fail|p1b: Kingambit
|move|p2b: Garchomp|Earthquake|p1a: Kangaskhan|[spread] p1a,p1b
|-activate|p2a: Metagross|move: Protect
|-supereffective|p1b: Kingambit|1
|-damage|p1a: Kangaskhan|2/100
|-damage|p1b: Kingambit|13/100
|-damage|p2b: Garchomp|90/100|[from] item: Life Orb
|move|p1a: Kangaskhan|Ice Punch|p2b: Garchomp
|-supereffective|p2b: Garchomp|2
|-crit|p2b: Garchomp
|-damage|p2b: Garchomp|0 fnt
|-damage|p1a: Kangaskhan|0 fnt|[from] ability: Rough Skin|[of] p2b: Garchomp
|faint|p2b: Garchomp
|faint|p1a: Kangaskhan
|
|upkeep
|
|t:|1782413357
|switch|p2b: Maushold|Maushold, L50|100/100
|switch|p1a: Farigiraf|Farigiraf, L50, F, shiny|100/100
|turn|4
|inactive|max54day has 30 seconds left.
|
|t:|1782413383
|move|p2a: Metagross|Protect||[still]
|-fail|p2a: Metagross
|move|p1a: Farigiraf|Protect|p1a: Farigiraf
|-singleturn|p1a: Farigiraf|Protect
|move|p1b: Kingambit|Protect|p1b: Kingambit
|-singleturn|p1b: Kingambit|Protect
|move|p2b: Maushold|Super Fang|p1a: Farigiraf
|-activate|p1a: Farigiraf|move: Protect
|
|upkeep
|turn|5
|
|t:|1782413394
|move|p2a: Metagross|Protect|p2a: Metagross
|-singleturn|p2a: Metagross|Protect
|move|p1b: Kingambit|Sucker Punch|p2b: Maushold
|-damage|p2b: Maushold|39/100
|move|p2b: Maushold|Super Fang|p1a: Farigiraf
|-damage|p1a: Farigiraf|50/100y
|move|p1a: Farigiraf|Psychic|p2b: Maushold
|-damage|p2b: Maushold|0 fnt
|faint|p2b: Maushold
|
|-sideend|p2: max54day|move: Tailwind
|upkeep
|turn|6
|
|t:|1782413410
|move|p1b: Kingambit|Sucker Punch|p2a: Metagross
|-supereffective|p2a: Metagross|1
|-damage|p2a: Metagross|17/100
|move|p2a: Metagross|Stomping Tantrum|p1b: Kingambit
|-supereffective|p1b: Kingambit|1
|-damage|p1b: Kingambit|0 fnt
|faint|p1b: Kingambit
|move|p1a: Farigiraf|Trick Room|p1a: Farigiraf
|-fieldstart|move: Trick Room|[of] p1a: Farigiraf
|
|upkeep
|
|t:|1782413413
|switch|p1b: Staraptor|Staraptor, L50, M, shiny|100/100
|-ability|p1b: Staraptor|Intimidate|boost
|-unboost|p2a: Metagross|atk|1
|turn|7
|-message|max54day forfeited.
|
|win|RegiSIXSEVEN
