|j|☆gahaku
|j|☆JonoTv
|html|gahakuJonoTv    
|uhtml|bestof|Game 2 of a best-of-3
|t:|1783997195
|gametype|doubles
|player|p1|gahaku|#smogonxnpa2024draftee2|
|player|p2|JonoTv|benga|
|gen|9
|tier|[Gen 9 Champions] VGC 2026 Reg M-B (Bo3)
|rule|Species Clause: Limit one of each Pokémon
|rule|Item Clause: Limit 1 of each item
|clearpoke
|poke|p1|Toxapex, L50, F, shiny|
|poke|p1|Incineroar, L50, F|
|poke|p1|Charizard, L50, F|
|poke|p1|Garchomp, L50, F|
|poke|p1|Venusaur, L50, M|
|poke|p1|Hydreigon, L50, M|
|poke|p2|Kleavor, L50, M|
|poke|p2|Whimsicott, L50, F|
|poke|p2|Basculegion, L50, M|
|poke|p2|Kingambit, L50, M|
|poke|p2|Floette-Eternal, L50, F|
|poke|p2|Sneasler, L50, M|
|teampreview|4
|showteam|p1|Toxapex||Leftovers|Regenerator|BanefulBunker,Toxic,Infestation,WideGuard|Bold||F|||50|]Incineroar||SitrusBerry|Intimidate|FakeOut,PartingShot,FlareBlitz,Protect|Impish||F|||50|]Charizard||CharizarditeY|Blaze|Protect,HeatWave,HelpingHand,WeatherBall|Modest||F|||50|]Garchomp||ChoiceScarf|RoughSkin|Earthquake,DragonClaw,RockSlide,StompingTantrum|Jolly||F|||50|]Venusaur||LifeOrb|Chlorophyll|SolarBeam,SludgeBomb,EarthPower,Protect|Modest||M|||50|]Hydreigon||HabanBerry|Levitate|DarkPulse,Snarl,DracoMeteor,Protect|Modest||M|||50|
|showteam|p2|Kleavor||FocusSash|Sharpness|StoneAxe,XScissor,CloseCombat,Protect|Jolly||M|||50|]Whimsicott||FairyFeather|Prankster|Moonblast,Tailwind,Encore,Protect|Timid||F|||50|]Basculegion||ChoiceScarf|Adaptability|WaveCrash,FlipTurn,AquaJet,LastRespects|Jolly||M|||50|]Kingambit||BlackGlasses|Defiant|KowtowCleave,SuckerPunch,LowKick,Protect|Adamant||M|||50|]Floette-Eternal||Floettite|FlowerVeil|Moonblast,DazzlingGleam,Psychic,Protect|Timid||F|||50|]Sneasler||WhiteHerb|Unburden|DireClaw,CloseCombat,FakeOut,Coaching|Jolly||M|||50|
|j| Vikram chan
|j| Tekagt
|j|+Radio Free C-Side
|j| templevgc
|j| Code
|j| Pd0nZ
|j| CICCIOTT fan
|
|t:|1783997304
|teamsize|p1|4
|teamsize|p2|4
|start
|switch|p1a: Charizard|Charizard, L50, F|100/100
|switch|p1b: Venusaur|Venusaur, L50, M|100/100
|switch|p2a: Kleavor|Kleavor, L50, M|100/100
|switch|p2b: Whimsicott|Whimsicott, L50, F|100/100
|turn|1
|
|t:|1783997351
|detailschange|p1a: Charizard|Charizard-Mega-Y, L50, F
|-mega|p1a: Charizard|Charizard|Charizardite Y
|-weather|SunnyDay|[from] ability: Drought|[of] p1a: Charizard
|move|p2b: Whimsicott|Tailwind|p2b: Whimsicott
|-sidestart|p2: JonoTv|move: Tailwind
|move|p2a: Kleavor|Stone Axe|p1a: Charizard
|-supereffective|p1a: Charizard|2
|-damage|p1a: Charizard|0 fnt
|-sidestart|p1: gahaku|move: Stealth Rock
|faint|p1a: Charizard
|move|p1b: Venusaur|Solar Beam||[still]
|-prepare|p1b: Venusaur|Solar Beam
|-anim|p1b: Venusaur|Solar Beam|p2a: Kleavor
|-enditem|p2a: Kleavor|Focus Sash
|-damage|p2a: Kleavor|1/100
|-damage|p1b: Venusaur|90/100|[from] item: Life Orb
|
|-weather|SunnyDay|[upkeep]
|upkeep
|
|t:|1783997368
|switch|p1a: Toxapex|Toxapex, L50, F, shiny|100/100
|-damage|p1a: Toxapex|87/100|[from] Stealth Rock
|turn|2
|
|t:|1783997405
|move|p2b: Whimsicott|Encore|p1b: Venusaur
|-start|p1b: Venusaur|Encore
|move|p2a: Kleavor|Stone Axe|p1a: Toxapex
|-damage|p1a: Toxapex|50/100g
|move|p1b: Venusaur|Solar Beam||[still]
|-prepare|p1b: Venusaur|Solar Beam
|-anim|p1b: Venusaur|Solar Beam|p2a: Kleavor
|-damage|p2a: Kleavor|0 fnt
|faint|p2a: Kleavor
|-damage|p1b: Venusaur|80/100|[from] item: Life Orb
|move|p1a: Toxapex|Toxic|p2b: Whimsicott
|-status|p2b: Whimsicott|tox
|
|-weather|SunnyDay|[upkeep]
|-heal|p1a: Toxapex|56/100|[from] item: Leftovers
|-damage|p2b: Whimsicott|94/100 tox|[from] psn
|upkeep
|
|t:|1783997412
|switch|p2a: Floette|Floette-Eternal, L50, F|100/100
|turn|3
|j| Galahad Excalibur
|
|t:|1783997456
|switch|p1b: Incineroar|Incineroar, L50, F|100/100
|-damage|p1b: Incineroar|75/100|[from] Stealth Rock
|-ability|p1b: Incineroar|Intimidate|boost
|-unboost|p2a: Floette|atk|1
|-block|p2b: Whimsicott|ability: Flower Veil|[of] p2a: Floette
|detailschange|p2a: Floette|Floette-Mega, L50, F
|-mega|p2a: Floette|Floette|Floettite
|-ability|p2a: Floette|Fairy Aura
|move|p2b: Whimsicott|Moonblast|p1a: Toxapex
|-resisted|p1a: Toxapex|1
|-damage|p1a: Toxapex|36/100
|move|p2a: Floette|Psychic|p1a: Toxapex
|-supereffective|p1a: Toxapex|1
|-damage|p1a: Toxapex|0 fnt
|faint|p1a: Toxapex
|
|-weather|SunnyDay|[upkeep]
|-damage|p2b: Whimsicott|82/100 tox|[from] psn
|upkeep
|
|t:|1783997471
|switch|p1a: Venusaur|Venusaur, L50, M|80/100
|-damage|p1a: Venusaur|68/100|[from] Stealth Rock
|turn|4
|
|t:|1783997480
|move|p2b: Whimsicott|Protect|p2b: Whimsicott
|-singleturn|p2b: Whimsicott|Protect
|move|p2a: Floette|Protect|p2a: Floette
|-singleturn|p2a: Floette|Protect
|move|p1a: Venusaur|Sludge Bomb|p2b: Whimsicott
|-activate|p2b: Whimsicott|move: Protect
|move|p1b: Incineroar|Flare Blitz|p2a: Floette
|-activate|p2a: Floette|move: Protect
|
|-weather|SunnyDay|[upkeep]
|-damage|p2b: Whimsicott|64/100 tox|[from] psn
|-sideend|p2: JonoTv|move: Tailwind
|upkeep
|turn|5
|j| Bxgzhshdhd
|
|t:|1783997490
|move|p2b: Whimsicott|Tailwind|p2b: Whimsicott
|-sidestart|p2: JonoTv|move: Tailwind
|move|p2a: Floette|Psychic|p1a: Venusaur
|-supereffective|p1a: Venusaur|1
|-crit|p1a: Venusaur
|-damage|p1a: Venusaur|0 fnt
|faint|p1a: Venusaur
|move|p1b: Incineroar|Flare Blitz|p2a: Floette
|-damage|p2a: Floette|8/100
|-damage|p1b: Incineroar|52/100|[from] Recoil
|
|-weather|none
|-damage|p2b: Whimsicott|41/100 tox|[from] psn
|upkeep
|turn|6
|l| Tekagt
|l| Vikram chan
|c|☆gahaku|ggs
|-message|gahaku forfeited.
|
|win|JonoTv
|c|☆JonoTv|ggs
|l|+Radio Free C-Side
|l| Galahad Excalibur
|l| Bxgzhshdhd
|j| Mogo
|l| Code
|l|☆JonoTv
|player|p2|
|j|☆JonoTv
|player|p2|JonoTv|benga|
