|j|☆actuary97
|j|☆C.blaze
|html|actuary97C.blaze    
|uhtml|bestof|Game 2 of a best-of-3
|t:|1757794354
|gametype|doubles
|player|p1|actuary97|sabrina-frlg|1454
|player|p2|C.blaze|265|1378
|gen|9
|tier|[Gen 9] VGC 2025 Reg H (Bo3)
|rated|
|rule|Species Clause: Limit one of each Pokémon
|rule|Item Clause: Limit 1 of each item
|clearpoke
|poke|p1|Whimsicott, L50, F|
|poke|p1|Gallade, L50, M|
|poke|p1|Malamar, L50, F|
|poke|p1|Indeedee, L50, M|
|poke|p1|Drifblim, L50, M|
|poke|p1|Archaludon, L50, F|
|poke|p2|Tyranitar, L50, M|
|poke|p2|Gholdengo, L50|
|poke|p2|Salamence, L50, F|
|poke|p2|Amoonguss, L50, M|
|poke|p2|Porygon2, L50|
|poke|p2|Tauros-Paldea-Blaze, L50, M|
|teampreview|4
|showteam|p1|Whimsicott||FocusSash|Prankster|Moonblast,BeatUp,Taunt,Tailwind|||F|||50|,,,,,Ghost]Gallade||ScopeLens|Sharpness|PsychoCut,SacredSword,LeafBlade,Protect|||M|||50|,,,,,Grass]Malamar||SitrusBerry|Contrary|Superpower,KnockOff,TrickRoom,TopsyTurvy|||F|||50|,,,,,Fire]Indeedee||ChoiceSpecs|PsychicSurge|ExpandingForce,DazzlingGleam,TeraBlast,Trick|||M|||50|,,,,,Fire]Drifblim||PsychicSeed|Unburden|AirSlash,IcyWind,StrengthSap,WillOWisp|||M|||50|,,,,,Flying]Archaludon||AssaultVest|Stamina|ElectroShot,FlashCannon,Snarl,BodyPress|||F|||50|,,,,,Grass
|showteam|p2|Tyranitar||AssaultVest|SandStream|RockSlide,KnockOff,TeraBlast,LowKick|||M|||50|,,,,,Flying]Gholdengo||LifeOrb|GoodasGold|MakeItRain,ShadowBall,Protect,NastyPlot||||||50|,,,,,Water]Salamence||CovertCloak|Intimidate|DracoMeteor,Flamethrower,Protect,Tailwind|||F|||50|,,,,,Steel]Amoonguss||MentalHerb|Regenerator|ClearSmog,PollenPuff,Spore,RagePowder|||M|||50|,,,,,Water]Porygon2||Eviolite|Download|TeraBlast,IceBeam,Recover,TrickRoom||||||50|,,,,,Fighting]Tauros-Paldea-Blaze||SafetyGoggles|Intimidate|RagingBull,WillOWisp,Protect,CloseCombat|||M|||50|,,,,,Water
|inactive|Battle timer is ON: inactive players will automatically lose when time's up. (requested by C.blaze)
|
|t:|1757794381
|teamsize|p1|4
|teamsize|p2|4
|start
|switch|p1a: Indeedee|Indeedee, L50, M, shiny|100/100
|switch|p1b: Gallade|Gallade, L50, M, shiny|100/100
|switch|p2a: Porygon2|Porygon2, L50|100/100
|switch|p2b: Amoonguss|Amoonguss, L50, M|100/100
|-fieldstart|move: Psychic Terrain|[from] ability: Psychic Surge|[of] p1a: Indeedee
|-ability|p2a: Porygon2|Download|boost
|-boost|p2a: Porygon2|atk|1
|turn|1
|inactive|actuary97 has 30 seconds left.
|
|t:|1757794412
|switch|p2a: Gholdengo|Gholdengo, L50|100/100
|-terastallize|p1b: Gallade|Grass
|-terastallize|p2b: Amoonguss|Water
|move|p1a: Indeedee|Expanding Force|p2a: Gholdengo|[spread] p2a,p2b
|-resisted|p2a: Gholdengo
|-damage|p2a: Gholdengo|60/100
|-damage|p2b: Amoonguss|46/100
|move|p1b: Gallade|Psycho Cut|p2a: Gholdengo
|-resisted|p2a: Gholdengo
|-damage|p2a: Gholdengo|24/100
|move|p2b: Amoonguss|Spore|p1a: Indeedee
|-status|p1a: Indeedee|slp|[from] move: Spore
|
|upkeep
|turn|2
|
|t:|1757794436
|switch|p2b: Porygon2|Porygon2, L50|100/100
|-ability|p2b: Porygon2|Download|boost
|-boost|p2b: Porygon2|atk|1
|cant|p1a: Indeedee|slp
|move|p1b: Gallade|Leaf Blade|p2b: Porygon2
|-damage|p2b: Porygon2|50/100
|move|p2a: Gholdengo|Make It Rain|p1a: Indeedee|[spread] p1a,p1b
|-damage|p1a: Indeedee|6/100 slp
|-damage|p1b: Gallade|37/100
|-unboost|p2a: Gholdengo|spa|1
|-damage|p2a: Gholdengo|14/100|[from] item: Life Orb
|
|upkeep
|turn|3
|
|t:|1757794448
|cant|p1a: Indeedee|slp
|move|p1b: Gallade|Sacred Sword|p2b: Porygon2
|-supereffective|p2b: Porygon2
|-crit|p2b: Porygon2
|-damage|p2b: Porygon2|0 fnt
|faint|p2b: Porygon2
|move|p2a: Gholdengo|Make It Rain|p1a: Indeedee|[spread] p1a,p1b
|-damage|p1a: Indeedee|0 fnt
|-damage|p1b: Gallade|0 fnt
|-unboost|p2a: Gholdengo|spa|1
|faint|p1a: Indeedee
|faint|p1b: Gallade
|-damage|p2a: Gholdengo|4/100|[from] item: Life Orb
|
|upkeep
|
|t:|1757794463
|switch|p1a: Bridget|Archaludon, L50, F, shiny|100/100
|switch|p1b: Malamother|Malamar, L50, F, shiny|100/100
|switch|p2b: Amoonguss|Amoonguss, L50, M, tera:Water|79/100
|turn|4
|
|t:|1757794477
|move|p1a: Bridget|Snarl|p2b: Amoonguss|[spread] p2a
|-miss|p1a: Bridget|p2b: Amoonguss
|-supereffective|p2a: Gholdengo
|-damage|p2a: Gholdengo|0 fnt
|faint|p2a: Gholdengo
|move|p1b: Malamother|Superpower|p2b: Amoonguss
|-damage|p2b: Amoonguss|47/100
|-boost|p1b: Malamother|atk|1
|-boost|p1b: Malamother|def|1
|move|p2b: Amoonguss|Spore|p1b: Malamother
|-status|p1b: Malamother|slp|[from] move: Spore
|
|upkeep
|
|t:|1757794480
|switch|p2a: Tyranitar|Tyranitar, L50, M|100/100
|-weather|Sandstorm|[from] ability: Sand Stream|[of] p2a: Tyranitar
|turn|5
|
|t:|1757794491
|move|p1a: Bridget|Body Press|p2a: Tyranitar
|-supereffective|p2a: Tyranitar
|-damage|p2a: Tyranitar|31/100
|cant|p1b: Malamother|slp
|move|p2a: Tyranitar|Low Kick|p1a: Bridget
|-supereffective|p1a: Bridget
|-damage|p1a: Bridget|59/100
|-ability|p1a: Bridget|Stamina|boost
|-boost|p1a: Bridget|def|1
|move|p2b: Amoonguss|Spore|p1a: Bridget
|-status|p1a: Bridget|slp|[from] move: Spore
|
|-weather|Sandstorm|[upkeep]
|-damage|p1b: Malamother|94/100 slp|[from] Sandstorm
|-damage|p2b: Amoonguss|41/100|[from] Sandstorm
|-fieldend|move: Psychic Terrain
|upkeep
|turn|6
|
|t:|1757794501
|cant|p1a: Bridget|slp
|cant|p1b: Malamother|slp
|move|p2a: Tyranitar|Knock Off|p1b: Malamother
|-damage|p1b: Malamother|56/100 slp
|-enditem|p1b: Malamother|Sitrus Berry|[from] move: Knock Off|[of] p2a: Tyranitar
|move|p2b: Amoonguss|Clear Smog|p1b: Malamother
|-crit|p1b: Malamother
|-damage|p1b: Malamother|32/100 slp
|-clearboost|p1b: Malamother
|
|-weather|Sandstorm|[upkeep]
|-damage|p1b: Malamother|25/100 slp|[from] Sandstorm
|-damage|p2b: Amoonguss|35/100|[from] Sandstorm
|upkeep
|turn|7
|
|t:|1757794517
|-curestatus|p1a: Bridget|slp|[msg]
|move|p1a: Bridget|Body Press|p2a: Tyranitar
|-supereffective|p2a: Tyranitar
|-damage|p2a: Tyranitar|0 fnt
|faint|p2a: Tyranitar
|-curestatus|p1b: Malamother|slp|[msg]
|move|p1b: Malamother|Superpower|p2b: Amoonguss
|-damage|p2b: Amoonguss|4/100
|-boost|p1b: Malamother|atk|1
|-boost|p1b: Malamother|def|1
|move|p2b: Amoonguss|Pollen Puff|p2: Tyranitar|[notarget]
|-fail|p2b: Amoonguss
|
|-weather|Sandstorm|[upkeep]
|-damage|p1b: Malamother|19/100|[from] Sandstorm
|-damage|p2b: Amoonguss|0 fnt|[from] Sandstorm
|faint|p2b: Amoonguss
|
|win|actuary97
||C.blaze is ready for game 3.
||C.blaze is ready for game 3.
||actuary97 is ready for game 3.
|uhtml|next|Next: Game 3 of 3
|l|☆C.blaze
|player|p2|
