|j|‽emboar's bacon
|j|☆AviDotWav
|html|emboar's baconAviDotWav    
|uhtml|bestof|Game 3 of a best-of-3
|t:|1783552518
|gametype|doubles
|player|p1|emboar's bacon|wattson|1101
|player|p2|AviDotWav|jacinthe|1096
|gen|9
|tier|[Gen 9 Champions] VGC 2026 Reg M-B (Bo3)
|rated|
|rule|Species Clause: Limit one of each Pokémon
|rule|Item Clause: Limit 1 of each item
|clearpoke
|poke|p1|Azumarill, L50, F|
|poke|p1|Raichu, L50, F|
|poke|p1|Maushold-Four, L50|
|poke|p1|Sinistcha, L50|
|poke|p1|Diggersby, L50, F|
|poke|p1|Hawlucha, L50, M|
|poke|p2|Audino, L50, F|
|poke|p2|Annihilape, L50, M|
|poke|p2|Staraptor, L50, F|
|poke|p2|Incineroar, L50, M|
|poke|p2|Swampert, L50, F|
|poke|p2|Pelipper, L50, M|
|teampreview|4
|showteam|p1|Azumarill||SitrusBerry|SapSipper|BellyDrum,AquaJet,Protect,PlayRough|Adamant||F|||50|]Raichu||RaichuniteY|LightningRod|FakeOut,ZapCannon,FocusBlast,VoltSwitch|Hasty||F|||50|]Maushold-Four||KingsRock|Technician|FollowMe,PopulationBomb,BeatUp,Protect|Jolly|||||50|]Sinistcha||BigRoot|Hospitality|RagePowder,StrengthSap,GigaDrain,ShadowBall|Modest|||||50|]Diggersby||ExpertBelt|HugePower|Uturn,HighHorsepower,QuickAttack,Protect|Careful||F|||50|]Hawlucha||Hawluchanite|MoldBreaker|FlyingPress,RockSlide,ThroatChop,Protect|Jolly||M|||50|
|showteam|p2|Audino||Audinite|Healer|Protect,TrickRoom,LifeDew,DazzlingGleam|Relaxed||F|||50|]Annihilape||Leftovers|Defiant|Protect,BulkUp,DrainPunch,RageFist|Brave||M|||50|]Staraptor||ChoiceScarf|Intimidate|FinalGambit,Uturn,BraveBird,CloseCombat|Jolly||F|||50|]Incineroar||PasshoBerry|Intimidate|FakeOut,ThroatChop,PartingShot,FlareBlitz|Adamant||M|||50|]Swampert||Swampertite|Torrent|Protect,WaveCrash,HighHorsepower,IcePunch|Adamant||F|||50|]Pelipper||SitrusBerry|Drizzle|Protect,Hurricane,WeatherBall,HelpingHand|Bold||M|||50|
|inactive|Battle timer is ON: inactive players will automatically lose when time's up. (requested by AviDotWav)
|
|t:|1783552531
|teamsize|p1|4
|teamsize|p2|4
|start
|switch|p1a: Raichu|Raichu, L50, F|100/100
|switch|p1b: Maushold|Maushold-Four, L50|100/100
|switch|p2a: Audino|Audino, L50, F|100/100
|switch|p2b: Staraptor|Staraptor, L50, F|100/100
|-ability|p2b: Staraptor|Intimidate|boost
|-unboost|p1a: Raichu|atk|1
|-unboost|p1b: Maushold|atk|1
|turn|1
|
|t:|1783552547
|detailschange|p2a: Audino|Audino-Mega, L50, F
|-mega|p2a: Audino|Audino|Audinite
|move|p1a: Raichu|Fake Out|p2b: Staraptor
|-damage|p2b: Staraptor|92/100
|cant|p2b: Staraptor|flinch
|move|p1b: Maushold|Population Bomb|p2a: Audino
|-damage|p2a: Audino|95/100
|-damage|p2a: Audino|90/100
|-damage|p2a: Audino|86/100
|-damage|p2a: Audino|81/100
|-crit|p2a: Audino
|-damage|p2a: Audino|70/100
|-damage|p2a: Audino|67/100
|-damage|p2a: Audino|62/100
|-damage|p2a: Audino|58/100
|-damage|p2a: Audino|53/100
|-hitcount|p2a: Audino|9
|move|p2a: Audino|Trick Room|p2a: Audino
|-fieldstart|move: Trick Room|[of] p2a: Audino
|
|upkeep
|turn|2
|inactive|emboar's bacon has 30 seconds left.
|inactive|emboar's bacon has 20 seconds left.
|
|t:|1783552585
|switch|p1a: Sinistcha|Sinistcha, L50|100/100
|switch|p2b: Incineroar|Incineroar, L50, M|100/100
|-ability|p2b: Incineroar|Intimidate|boost
|-unboost|p1a: Sinistcha|atk|1
|-unboost|p1b: Maushold|atk|1
|move|p2a: Audino|Dazzling Gleam|p1a: Sinistcha|[spread] p1a,p1b
|-crit|p1a: Sinistcha
|-damage|p1a: Sinistcha|69/100
|-damage|p1b: Maushold|75/100
|move|p1b: Maushold|Population Bomb|p2a: Audino
|-damage|p2a: Audino|50/100y
|-damage|p2a: Audino|46/100
|-damage|p2a: Audino|43/100
|-damage|p2a: Audino|38/100
|-damage|p2a: Audino|35/100
|-damage|p2a: Audino|31/100
|-damage|p2a: Audino|28/100
|-damage|p2a: Audino|24/100
|-damage|p2a: Audino|21/100
|-damage|p2a: Audino|17/100
|-hitcount|p2a: Audino|10
|
|upkeep
|turn|3
|
|t:|1783552599
|switch|p1a: Diggersby|Diggersby, L50, F|100/100
|move|p2b: Incineroar|Fake Out|p1b: Maushold
|-damage|p1b: Maushold|58/100
|move|p2a: Audino|Life Dew||[still]|[spread] p2a,p2b
|-heal|p2a: Audino|42/100
|-fail|p2b: Incineroar|heal
|cant|p1b: Maushold|flinch
|
|upkeep
|turn|4
|
|t:|1783552606
|move|p1b: Maushold|Follow Me|p1b: Maushold
|-singleturn|p1b: Maushold|move: Follow Me
|move|p2a: Audino|Life Dew||[still]|[spread] p2a,p2b
|-heal|p2a: Audino|67/100
|-fail|p2b: Incineroar|heal
|move|p2b: Incineroar|Parting Shot|p1b: Maushold
|-unboost|p1b: Maushold|atk|1
|-unboost|p1b: Maushold|spa|1
|
|t:|1783552609
|switch|p2b: Annihilape|Annihilape, L50, M|100/100|[from] Parting Shot
|move|p1a: Diggersby|High Horsepower|p2b: Annihilape|[miss]
|-miss|p1a: Diggersby|p2b: Annihilape
|
|upkeep
|turn|5
|
|t:|1783552626
|switch|p1b: Sinistcha|Sinistcha, L50|69/100
|move|p1a: Diggersby|Protect|p1a: Diggersby
|-singleturn|p1a: Diggersby|Protect
|move|p2a: Audino|Life Dew||[still]|[spread] p2a,p2b
|-heal|p2a: Audino|92/100
|-fail|p2b: Annihilape|heal
|move|p2b: Annihilape|Bulk Up|p2b: Annihilape
|-boost|p2b: Annihilape|atk|1
|-boost|p2b: Annihilape|def|1
|
|-fieldend|move: Trick Room
|upkeep
|turn|6
|inactive|emboar's bacon has 30 seconds left.
|inactive|emboar's bacon has 20 seconds left.
|
|t:|1783552662
|move|p2b: Annihilape|Bulk Up|p2b: Annihilape
|-boost|p2b: Annihilape|atk|1
|-boost|p2b: Annihilape|def|1
|move|p1a: Diggersby|High Horsepower|p2a: Audino
|-damage|p2a: Audino|61/100
|move|p1b: Sinistcha|Strength Sap|p2b: Annihilape
|-unboost|p2b: Annihilape|atk|1
|-ability|p2b: Annihilape|Defiant|boost
|-boost|p2b: Annihilape|atk|2
|-heal|p1b: Sinistcha|100/100
|move|p2a: Audino|Trick Room|p2a: Audino
|-fieldstart|move: Trick Room|[of] p2a: Audino
|
|upkeep
|turn|7
|
|t:|1783552677
|move|p1b: Sinistcha|Rage Powder|p1b: Sinistcha
|-singleturn|p1b: Sinistcha|move: Rage Powder
|move|p1a: Diggersby|Quick Attack|p2b: Annihilape
|-immune|p2b: Annihilape
|move|p2a: Audino|Life Dew||[still]|[spread] p2a,p2b
|-heal|p2a: Audino|86/100
|-fail|p2b: Annihilape|heal
|move|p2b: Annihilape|Drain Punch|p1b: Sinistcha
|-immune|p1b: Sinistcha
|
|upkeep
|turn|8
|
|t:|1783552690
|move|p2a: Audino|Life Dew||[still]|[spread] p2a,p2b
|-heal|p2a: Audino|100/100
|-fail|p2b: Annihilape|heal
|move|p1b: Sinistcha|Shadow Ball|p2b: Annihilape
|-supereffective|p2b: Annihilape|1
|-damage|p2b: Annihilape|29/100
|move|p1a: Diggersby|High Horsepower|p2b: Annihilape|[miss]
|-miss|p1a: Diggersby|p2b: Annihilape
|move|p2b: Annihilape|Rage Fist|p1b: Sinistcha
|-supereffective|p1b: Sinistcha|1
|-damage|p1b: Sinistcha|0 fnt
|faint|p1b: Sinistcha
|
|-heal|p2b: Annihilape|35/100|[from] item: Leftovers
|upkeep
|
|t:|1783552704
|switch|p1b: Raichu|Raichu, L50, F|100/100
|turn|9
|
|t:|1783552710
|switch|p2a: Incineroar|Incineroar, L50, M|100/100
|-ability|p2a: Incineroar|Intimidate|boost
|-unboost|p1a: Diggersby|atk|1
|-unboost|p1b: Raichu|atk|1
|move|p1b: Raichu|Fake Out|p2b: Annihilape
|-immune|p2b: Annihilape
|move|p1a: Diggersby|High Horsepower|p2b: Annihilape
|-damage|p2b: Annihilape|16/100
|move|p2b: Annihilape|Drain Punch|p1b: Raichu
|-damage|p1b: Raichu|0 fnt
|-heal|p2b: Annihilape|47/100|[from] drain|[of] p1b: Raichu
|faint|p1b: Raichu
|
|-heal|p2b: Annihilape|53/100|[from] item: Leftovers
|upkeep
|
|t:|1783552720
|switch|p1b: Maushold|Maushold-Four, L50|58/100
|turn|10
|-message|emboar's bacon forfeited.
|raw|emboar's bacon's rating: 1101 → 1076(-25 for losing)
|raw|AviDotWav's rating: 1096 → 1122(+26 for winning)
|
|win|AviDotWav
