|j|☆Gvanz
|j|☆MajorDomo0001
|html|GvanzMajorDomo0001    
|uhtml|bestof|Game 3 of a best-of-3
|t:|1757804506
|gametype|doubles
|player|p1|Gvanz|1|1118
|player|p2|MajorDomo0001|steven|1109
|gen|9
|tier|[Gen 9] VGC 2025 Reg H (Bo3)
|rated|
|rule|Species Clause: Limit one of each Pokémon
|rule|Item Clause: Limit 1 of each item
|clearpoke
|poke|p1|Archaludon, L50, F|
|poke|p1|Basculegion, L50, M|
|poke|p1|Pelipper, L50, M|
|poke|p1|Amoonguss, L50, F|
|poke|p1|Gholdengo, L50|
|poke|p1|Sneasler, L50, F|
|poke|p2|Charizard, L50, F|
|poke|p2|Torkoal, L50, M|
|poke|p2|Porygon2, L50|
|poke|p2|Incineroar, L50, F|
|poke|p2|Jumpluff, L50, M|
|poke|p2|Ursaluna, L50, F|
|teampreview|4
|showteam|p1|Archaludon||AssaultVest|Stamina|DracoMeteor,FlashCannon,ElectroShot,BodyPress|||F|||50|,,,,,Bug]Basculegion||ChoiceBand|SwiftSwim|WaveCrash,FlipTurn,LastRespects,AquaJet|||M|||50|,,,,,Water]Pelipper||CovertCloak|Drizzle|WeatherBall,Hurricane,Tailwind,Protect|||M|||50|,,,,,Steel]Amoonguss||SitrusBerry|Regenerator|PollenPuff,Spore,RagePowder,Protect|||F|||50|,,,,,Fairy]Gholdengo||LifeOrb|GoodasGold|MakeItRain,ShadowBall,NastyPlot,Protect||||||50|,,,,,Water]Sneasler||FocusSash|PoisonTouch|CloseCombat,DireClaw,FakeOut,Protect|||F|||50|,,,,,Ghost
|showteam|p2|Charizard||ChoiceSpecs|SolarPower|HeatWave,Overheat,WeatherBall,DragonPulse|||F|||50|,,,,,Ghost]Torkoal||EjectPack|Drought|Eruption,Overheat,HelpingHand,Protect|||M|||50|,,,,,Fire]Porygon2||Eviolite|Download|TeraBlast,IceBeam,Recover,TrickRoom||||||50|,,,,,Fighting]Incineroar||SitrusBerry|Intimidate|FlareBlitz,KnockOff,FakeOut,PartingShot|||F|||50|,,,,,Ghost]Jumpluff||CovertCloak|Chlorophyll|SleepPowder,SunnyDay,RagePowder,Tailwind|||M|||50|,,,,,Water]Ursaluna||FlameOrb|Guts|HeadlongRush,Facade,Earthquake,Protect|||F|||50|,,,,,Ghost
|inactive|Battle timer is ON: inactive players will automatically lose when time's up. (requested by Gvanz)
|
|t:|1757804528
|teamsize|p1|4
|teamsize|p2|4
|start
|switch|p1a: Gholdengo|Gholdengo, L50|100/100
|switch|p1b: Sneasler|Sneasler, L50, F|100/100
|switch|p2a: Incineroar|Incineroar, L50, F|100/100
|switch|p2b: Porygon2|Porygon2, L50|100/100
|-ability|p2a: Incineroar|Intimidate|boost
|-unboost|p1a: Gholdengo|atk|1
|-unboost|p1b: Sneasler|atk|1
|-ability|p2b: Porygon2|Download|boost
|-boost|p2b: Porygon2|atk|1
|turn|1
|
|t:|1757804549
|-terastallize|p1a: Gholdengo|Water
|move|p1b: Sneasler|Fake Out|p2b: Porygon2
|-damage|p2b: Porygon2|94/100
|-status|p2b: Porygon2|psn|[from] ability: Poison Touch|[of] p1b: Sneasler
|move|p1a: Gholdengo|Nasty Plot|p1a: Gholdengo
|-boost|p1a: Gholdengo|spa|2
|move|p2a: Incineroar|Flare Blitz|p1a: Gholdengo
|-resisted|p1a: Gholdengo
|-damage|p1a: Gholdengo|74/100
|-damage|p2a: Incineroar|93/100|[from] Recoil
|cant|p2b: Porygon2|flinch
|
|-damage|p2b: Porygon2|81/100 psn|[from] psn
|upkeep
|turn|2
|
|t:|1757804574
|move|p1b: Sneasler|Close Combat|p2a: Incineroar
|-supereffective|p2a: Incineroar
|-damage|p2a: Incineroar|17/100
|-unboost|p1b: Sneasler|def|1
|-unboost|p1b: Sneasler|spd|1
|-enditem|p2a: Incineroar|Sitrus Berry|[eat]
|-heal|p2a: Incineroar|42/100|[from] item: Sitrus Berry
|move|p1a: Gholdengo|Shadow Ball|p2b: Porygon2
|-immune|p2b: Porygon2
|move|p2a: Incineroar|Knock Off|p1a: Gholdengo
|-damage|p1a: Gholdengo|33/100
|-enditem|p1a: Gholdengo|Life Orb|[from] move: Knock Off|[of] p2a: Incineroar
|move|p2b: Porygon2|Trick Room|p2b: Porygon2
|-fieldstart|move: Trick Room|[of] p2b: Porygon2
|
|-damage|p2b: Porygon2|69/100 psn|[from] psn
|upkeep
|turn|3
|inactive|MajorDomo0001 has 30 seconds left.
|
|t:|1757804607
|move|p1a: Gholdengo|Protect|p1a: Gholdengo
|-singleturn|p1a: Gholdengo|Protect
|move|p1b: Sneasler|Protect|p1b: Sneasler
|-singleturn|p1b: Sneasler|Protect
|move|p2b: Porygon2|Tera Blast|p1a: Gholdengo
|-activate|p1a: Gholdengo|move: Protect
|move|p2a: Incineroar|Flare Blitz|p1b: Sneasler
|-activate|p1b: Sneasler|move: Protect
|
|-damage|p2b: Porygon2|56/100 psn|[from] psn
|upkeep
|turn|4
|inactive|Gvanz has 30 seconds left.
|inactive|Gvanz has 20 seconds left.
|inactive|Gvanz has 15 seconds left.
|
|t:|1757804650
|switch|p1a: Basculegion|Basculegion, L50, M|100/100
|switch|p1b: Pelipper|Pelipper, L50, M|100/100
|-weather|RainDance|[from] ability: Drizzle|[of] p1b: Pelipper
|move|p2b: Porygon2|Tera Blast|p1a: Basculegion
|-immune|p1a: Basculegion
|move|p2a: Incineroar|Flare Blitz|p1b: Pelipper
|-resisted|p1b: Pelipper
|-damage|p1b: Pelipper|88/100
|-damage|p2a: Incineroar|39/100|[from] Recoil
|
|-weather|RainDance|[upkeep]
|-damage|p2b: Porygon2|44/100 psn|[from] psn
|upkeep
|turn|5
|
|t:|1757804673
|switch|p2a: Torkoal|Torkoal, L50, M|100/100
|-weather|SunnyDay|[from] ability: Drought|[of] p2a: Torkoal
|switch|p1a: Gholdengo|Gholdengo, L50, tera:Water|33/100
|move|p1b: Pelipper|Protect|p1b: Pelipper
|-singleturn|p1b: Pelipper|Protect
|move|p2b: Porygon2|Recover|p2b: Porygon2
|-heal|p2b: Porygon2|94/100 psn
|
|-weather|SunnyDay|[upkeep]
|-damage|p2b: Porygon2|81/100 psn|[from] psn
|upkeep
|turn|6
|
|t:|1757804691
|switch|p1b: Sneasler|Sneasler, L50, F|100/100
|move|p1a: Gholdengo|Protect|p1a: Gholdengo
|-singleturn|p1a: Gholdengo|Protect
|move|p2a: Torkoal|Eruption|p1a: Gholdengo|[spread] p1b
|-activate|p1a: Gholdengo|move: Protect
|-enditem|p1b: Sneasler|Focus Sash
|-damage|p1b: Sneasler|1/100
|move|p2b: Porygon2|Recover|p2b: Porygon2
|-heal|p2b: Porygon2|100/100 psn
|
|-weather|SunnyDay|[upkeep]
|-damage|p2b: Porygon2|88/100 psn|[from] psn
|-fieldend|move: Trick Room
|upkeep
|turn|7
|
|t:|1757804711
|-terastallize|p2b: Porygon2|Fighting
|move|p2a: Torkoal|Protect|p2a: Torkoal
|-singleturn|p2a: Torkoal|Protect
|move|p1b: Sneasler|Close Combat|p2b: Porygon2
|-damage|p2b: Porygon2|45/100 psn
|-unboost|p1b: Sneasler|def|1
|-unboost|p1b: Sneasler|spd|1
|move|p1a: Gholdengo|Make It Rain|p2a: Torkoal|[spread] p2b
|-activate|p2a: Torkoal|move: Protect
|-damage|p2b: Porygon2|18/100 psn
|-unboost|p1a: Gholdengo|spa|1
|move|p2b: Porygon2|Trick Room|p2b: Porygon2
|-fieldstart|move: Trick Room|[of] p2b: Porygon2
|
|-weather|SunnyDay|[upkeep]
|-damage|p2b: Porygon2|6/100 psn|[from] psn
|upkeep
|turn|8
|
|t:|1757804732
|move|p1a: Gholdengo|Protect|p1a: Gholdengo
|-singleturn|p1a: Gholdengo|Protect
|move|p1b: Sneasler|Protect|p1b: Sneasler
|-singleturn|p1b: Sneasler|Protect
|move|p2a: Torkoal|Eruption|p1b: Sneasler|[spread] 
|-activate|p1a: Gholdengo|move: Protect
|-activate|p1b: Sneasler|move: Protect
|move|p2b: Porygon2|Recover|p2b: Porygon2
|-heal|p2b: Porygon2|56/100 psn
|
|-weather|SunnyDay|[upkeep]
|-damage|p2b: Porygon2|43/100 psn|[from] psn
|upkeep
|turn|9
|
|t:|1757804755
|switch|p1b: Pelipper|Pelipper, L50, M|88/100
|-weather|RainDance|[from] ability: Drizzle|[of] p1b: Pelipper
|move|p2a: Torkoal|Eruption|p1b: Pelipper|[spread] p1a,p1b
|-resisted|p1a: Gholdengo
|-resisted|p1b: Pelipper
|-damage|p1a: Gholdengo|20/100
|-damage|p1b: Pelipper|74/100
|move|p2b: Porygon2|Recover|p2b: Porygon2
|-heal|p2b: Porygon2|93/100 psn
|move|p1a: Gholdengo|Nasty Plot|p1a: Gholdengo
|-boost|p1a: Gholdengo|spa|2
|
|-weather|RainDance|[upkeep]
|-damage|p2b: Porygon2|81/100 psn|[from] psn
|upkeep
|turn|10
|
|t:|1757804775
|switch|p2a: Incineroar|Incineroar, L50, F|39/100
|-ability|p2a: Incineroar|Intimidate|boost
|-unboost|p1a: Gholdengo|atk|1
|-unboost|p1b: Pelipper|atk|1
|switch|p1b: Sneasler|Sneasler, L50, F|1/100
|move|p1a: Gholdengo|Protect|p1a: Gholdengo
|-singleturn|p1a: Gholdengo|Protect
|move|p2b: Porygon2|Tera Blast|p1a: Gholdengo|[anim] Tera Blast Fighting
|-activate|p1a: Gholdengo|move: Protect
|
|-weather|RainDance|[upkeep]
|-damage|p2b: Porygon2|68/100 psn|[from] psn
|upkeep
|turn|11
|inactive|Gvanz has 30 seconds left.
|inactive|Gvanz has 20 seconds left.
|
|t:|1757804812
|switch|p1a: Basculegion|Basculegion, L50, M|100/100
|move|p1b: Sneasler|Fake Out|p2a: Incineroar
|-damage|p2a: Incineroar|26/100
|-status|p2a: Incineroar|psn|[from] ability: Poison Touch|[of] p1b: Sneasler
|move|p2b: Porygon2|Recover|p2b: Porygon2
|-heal|p2b: Porygon2|100/100 psn
|cant|p2a: Incineroar|flinch
|
|-weather|RainDance|[upkeep]
|-damage|p2b: Porygon2|88/100 psn|[from] psn
|-damage|p2a: Incineroar|13/100 psn|[from] psn
|-fieldend|move: Trick Room
|upkeep
|turn|12
|
|t:|1757804837
|switch|p2a: Torkoal|Torkoal, L50, M|100/100
|-weather|SunnyDay|[from] ability: Drought|[of] p2a: Torkoal
|move|p1b: Sneasler|Dire Claw|p2b: Porygon2
|-damage|p2b: Porygon2|61/100 psn
|move|p1a: Basculegion|Wave Crash|p2b: Porygon2
|-damage|p2b: Porygon2|33/100 psn
|-damage|p1a: Basculegion|91/100|[from] Recoil
|move|p2b: Porygon2|Trick Room|p2b: Porygon2
|-fieldstart|move: Trick Room|[of] p2b: Porygon2
|
|-weather|SunnyDay|[upkeep]
|-damage|p2b: Porygon2|20/100 psn|[from] psn
|upkeep
|turn|13
|
|t:|1757804854
|switch|p1b: Pelipper|Pelipper, L50, M|74/100
|-weather|RainDance|[from] ability: Drizzle|[of] p1b: Pelipper
|move|p2a: Torkoal|Eruption|p1a: Basculegion|[spread] p1a,p1b
|-resisted|p1a: Basculegion
|-resisted|p1b: Pelipper
|-damage|p1a: Basculegion|78/100
|-damage|p1b: Pelipper|57/100
|move|p2b: Porygon2|Recover|p2b: Porygon2
|-heal|p2b: Porygon2|70/100 psn
|move|p1a: Basculegion|Wave Crash|p2a: Torkoal
|-supereffective|p2a: Torkoal
|-damage|p2a: Torkoal|0 fnt
|faint|p2a: Torkoal
|-damage|p1a: Basculegion|48/100|[from] Recoil
|
|-weather|RainDance|[upkeep]
|-damage|p2b: Porygon2|58/100 psn|[from] psn
|upkeep
|
|t:|1757804861
|switch|p2a: Ursaluna|Ursaluna, L50, F|100/100
|turn|14
|
|t:|1757804876
|move|p2a: Ursaluna|Protect|p2a: Ursaluna
|-singleturn|p2a: Ursaluna|Protect
|move|p2b: Porygon2|Recover|p2b: Porygon2
|-heal|p2b: Porygon2|100/100 psn
|move|p1b: Pelipper|Hurricane|p2b: Porygon2
|-supereffective|p2b: Porygon2
|-damage|p2b: Porygon2|41/100 psn
|move|p1a: Basculegion|Wave Crash|p2a: Ursaluna
|-activate|p2a: Ursaluna|move: Protect
|
|-weather|RainDance|[upkeep]
|-damage|p2b: Porygon2|29/100 psn|[from] psn
|-status|p2a: Ursaluna|brn|[from] item: Flame Orb
|upkeep
|turn|15
|inactive|Gvanz has 30 seconds left.
|
|t:|1757804908
|switch|p2b: Incineroar|Incineroar, L50, F|13/100 psn
|-ability|p2b: Incineroar|Intimidate|boost
|-unboost|p1a: Basculegion|atk|1
|-unboost|p1b: Pelipper|atk|1
|switch|p1b: Sneasler|Sneasler, L50, F|1/100
|move|p2a: Ursaluna|Earthquake|p1b: Sneasler|[spread] p2b,p1a,p1b
|-supereffective|p2b: Incineroar
|-supereffective|p1b: Sneasler
|-damage|p2b: Incineroar|0 fnt
|-damage|p1a: Basculegion|0 fnt
|-damage|p1b: Sneasler|0 fnt
|faint|p2b: Incineroar
|faint|p1a: Basculegion
|faint|p1b: Sneasler
|
|-weather|RainDance|[upkeep]
|-damage|p2a: Ursaluna|95/100 brn|[from] brn
|upkeep
|
|t:|1757804918
|switch|p2b: Porygon2|Porygon2, L50, tera:Fighting|29/100 psn
|switch|p1a: Pelipper|Pelipper, L50, M|57/100
|switch|p1b: Gholdengo|Gholdengo, L50, tera:Water|20/100
|-ability|p2b: Porygon2|Download|boost
|-boost|p2b: Porygon2|spa|1
|turn|16
|
|t:|1757804933
|move|p1a: Pelipper|Protect|p1a: Pelipper
|-singleturn|p1a: Pelipper|Protect
|move|p1b: Gholdengo|Protect|p1b: Gholdengo
|-singleturn|p1b: Gholdengo|Protect
|move|p2b: Porygon2|Recover|p2b: Porygon2
|-heal|p2b: Porygon2|79/100 psn
|move|p2a: Ursaluna|Facade|p1a: Pelipper
|-activate|p1a: Pelipper|move: Protect
|
|-weather|RainDance|[upkeep]
|-damage|p2b: Porygon2|66/100 psn|[from] psn
|-damage|p2a: Ursaluna|89/100 brn|[from] brn
|-fieldend|move: Trick Room
|upkeep
|turn|17
|
|t:|1757804953
|move|p2a: Ursaluna|Protect|p2a: Ursaluna
|-singleturn|p2a: Ursaluna|Protect
|move|p1b: Gholdengo|Make It Rain|p2a: Ursaluna|[spread] p2b
|-activate|p2a: Ursaluna|move: Protect
|-damage|p2b: Porygon2|36/100 psn
|-unboost|p1b: Gholdengo|spa|1
|move|p1a: Pelipper|Hurricane|p2b: Porygon2
|-supereffective|p2b: Porygon2
|-damage|p2b: Porygon2|0 fnt
|faint|p2b: Porygon2
|
|-weather|none
|-damage|p2a: Ursaluna|83/100 brn|[from] brn
|upkeep
|turn|18
|
|t:|1757804973
|move|p1b: Gholdengo|Nasty Plot|p1b: Gholdengo
|-boost|p1b: Gholdengo|spa|2
|move|p1a: Pelipper|Weather Ball|p2a: Ursaluna
|-damage|p2a: Ursaluna|70/100 brn
|move|p2a: Ursaluna|Facade|p1a: Pelipper
|-damage|p1a: Pelipper|0 fnt
|faint|p1a: Pelipper
|
|-damage|p2a: Ursaluna|65/100 brn|[from] brn
|upkeep
|turn|19
|
|t:|1757804988
|move|p2a: Ursaluna|Protect|p2a: Ursaluna
|-singleturn|p2a: Ursaluna|Protect
|move|p1b: Gholdengo|Make It Rain|p2a: Ursaluna
|-activate|p2a: Ursaluna|move: Protect
|
|-damage|p2a: Ursaluna|59/100 brn|[from] brn
|upkeep
|turn|20
|
|t:|1757804998
|move|p1b: Gholdengo|Protect|p1b: Gholdengo
|-singleturn|p1b: Gholdengo|Protect
|move|p2a: Ursaluna|Facade|p1b: Gholdengo
|-activate|p1b: Gholdengo|move: Protect
|
|-damage|p2a: Ursaluna|53/100 brn|[from] brn
|upkeep
|turn|21
|c|☆Gvanz|Gg
|
|t:|1757805013
|move|p1b: Gholdengo|Make It Rain|p2a: Ursaluna
|-damage|p2a: Ursaluna|0 fnt
|-unboost|p1b: Gholdengo|spa|1
|faint|p2a: Ursaluna
|
|win|Gvanz
|raw|Gvanz's rating: 1118 → 1142(+24 for winning)
|raw|MajorDomo0001's rating: 1109 → 1085(-24 for losing)
|l|☆MajorDomo0001
|player|p2|
