|j|☆Heliosan
|j|☆Riptide_Lupa
|html|HeliosanRiptide_Lupa    
|uhtml|bestof|Game 2 of a best-of-3
|t:|1757802773
|gametype|doubles
|player|p1|Heliosan|101|1079
|player|p2|Riptide_Lupa|hilbert-wonderlauncher|1165
|gen|9
|tier|[Gen 9] VGC 2025 Reg H (Bo3)
|rated|
|rule|Species Clause: Limit one of each Pokémon
|rule|Item Clause: Limit 1 of each item
|clearpoke
|poke|p1|Annihilape, L50, M|
|poke|p1|Rillaboom, L50, F|
|poke|p1|Gholdengo, L50|
|poke|p1|Ursaluna-Bloodmoon, L50, M|
|poke|p1|Incineroar, L50, M|
|poke|p1|Dragonite, L50, F|
|poke|p2|Dondozo, L50, M|
|poke|p2|Tatsugiri-Stretchy, L50, M|
|poke|p2|Grimmsnarl, L50, M|
|poke|p2|Incineroar, L50, F|
|poke|p2|Gholdengo, L50|
|poke|p2|Whimsicott, L50, M|
|teampreview|4
|showteam|p1|Annihilape||SafetyGoggles|Defiant|CloseCombat,RageFist,FinalGambit,Taunt|||M|||50|,,,,,Water]Rillaboom||AssaultVest|GrassySurge|WoodHammer,GrassyGlide,HighHorsepower,FakeOut|||F|||50|,,,,,Fire]Gholdengo||LifeOrb|GoodasGold|MakeItRain,ShadowBall,NastyPlot,Protect||||||50|,,,,,Water]Ursaluna-Bloodmoon||FocusSash|MindsEye|HyperVoice,BloodMoon,EarthPower,Protect|||M|||50|,,,,,Normal]Incineroar||SitrusBerry|Intimidate|FlareBlitz,KnockOff,PartingShot,FakeOut|||M|||50|,,,,,Ghost]Dragonite||LoadedDice|Multiscale|ScaleShot,Haze,Tailwind,Protect|||F|||50|,,,,,Steel
|showteam|p2|Dondozo||Leftovers|Unaware|OrderUp,Protect,Waterfall,BodyPress|||M|||50|,,,,,Grass]Tatsugiri-Stretchy||FocusSash|Commander|NastyPlot,Protect,IcyWind,DracoMeteor|||M|||50|,,,,,Dragon]Grimmsnarl||LightClay|Prankster|LightScreen,Reflect,ThunderWave,SpiritBreak|||M|||50|,,,,,Steel]Incineroar||MirrorHerb|Intimidate|PartingShot,FakeOut,FlareBlitz,KnockOff|||F|||50|,,,,,Bug]Gholdengo||LifeOrb|GoodasGold|NastyPlot,Protect,MakeItRain,ShadowBall||||||50|,,,,,Steel]Whimsicott||CovertCloak|Prankster|LeechSeed,Moonblast,Tailwind,Protect|||M|||50|,,,,,Grass
|inactive|Battle timer is ON: inactive players will automatically lose when time's up. (requested by Heliosan)
|
|t:|1757802809
|teamsize|p1|4
|teamsize|p2|4
|start
|switch|p1a: Annihilape|Annihilape, L50, M|100/100
|switch|p1b: Gholdengo|Gholdengo, L50|100/100
|switch|p2a: Incineroar|Incineroar, L50, F|100/100
|switch|p2b: Whimsicott|Whimsicott, L50, M|100/100
|-ability|p2a: Incineroar|Intimidate|boost
|-unboost|p1a: Annihilape|atk|1
|-ability|p1a: Annihilape|Defiant|boost
|-boost|p1a: Annihilape|atk|2
|-unboost|p1b: Gholdengo|atk|1
|-enditem|p2a: Incineroar|Mirror Herb
|-boost|p2a: Incineroar|atk|2|[from] item: Mirror Herb
|turn|1
|inactive|Heliosan has 30 seconds left.
|inactive|Riptide_Lupa has 30 seconds left.
|inactive|Riptide_Lupa has 20 seconds left.
|inactive|Riptide_Lupa has 15 seconds left.
|
|t:|1757802852
|-terastallize|p1b: Gholdengo|Water
|-terastallize|p2a: Incineroar|Bug
|move|p2b: Whimsicott|Tailwind|p2b: Whimsicott
|-sidestart|p2: Riptide_Lupa|move: Tailwind
|move|p2a: Incineroar|Flare Blitz|p1a: Annihilape
|-damage|p1a: Annihilape|0 fnt
|faint|p1a: Annihilape
|-damage|p2a: Incineroar|60/100|[from] Recoil
|move|p1b: Gholdengo|Nasty Plot|p1b: Gholdengo
|-boost|p1b: Gholdengo|spa|2
|
|upkeep
|
|t:|1757802872
|switch|p1a: Rillaboom|Rillaboom, L50, F|100/100
|-fieldstart|move: Grassy Terrain|[from] ability: Grassy Surge|[of] p1a: Rillaboom
|turn|2
|
|t:|1757802883
|move|p2b: Whimsicott|Protect|p2b: Whimsicott
|-singleturn|p2b: Whimsicott|Protect
|move|p1a: Rillaboom|Fake Out|p2a: Incineroar
|-damage|p2a: Incineroar|46/100
|cant|p2a: Incineroar|flinch
|move|p1b: Gholdengo|Make It Rain|p2b: Whimsicott|[spread] p2a
|-activate|p2b: Whimsicott|move: Protect
|-damage|p2a: Incineroar|0 fnt
|-unboost|p1b: Gholdengo|spa|1
|faint|p2a: Incineroar
|-damage|p1b: Gholdengo|91/100|[from] item: Life Orb
|
|-heal|p1b: Gholdengo|97/100|[from] Grassy Terrain
|upkeep
|
|t:|1757802896
|switch|p2a: Dondozo|Dondozo, L50, M|100/100
|turn|3
|inactive|Riptide_Lupa has 30 seconds left.
|inactive|Riptide_Lupa has 20 seconds left.
|
|t:|1757802931
|switch|p2b: Tatsugiri|Tatsugiri-Stretchy, L50, M|100/100
|-activate|p2b: Tatsugiri|ability: Commander|[of] p2a: Dondozo
|-boost|p2a: Dondozo|atk|2
|-boost|p2a: Dondozo|spa|2
|-boost|p2a: Dondozo|spe|2
|-boost|p2a: Dondozo|def|2
|-boost|p2a: Dondozo|spd|2
|switch|p1a: Dragonite|Dragonite, L50, F|100/100
|move|p2a: Dondozo|Order Up|p1a: Dragonite
|-supereffective|p1a: Dragonite
|-damage|p1a: Dragonite|44/100
|-boost|p2a: Dondozo|spe|1
|move|p1b: Gholdengo|Nasty Plot|p1b: Gholdengo
|-boost|p1b: Gholdengo|spa|2
|
|-heal|p1b: Gholdengo|100/100|[from] Grassy Terrain
|upkeep
|turn|4
|inactive|Heliosan has 30 seconds left.
|inactive|Riptide_Lupa has 30 seconds left.
|
|t:|1757802967
|move|p1b: Gholdengo|Protect|p1b: Gholdengo
|-singleturn|p1b: Gholdengo|Protect
|move|p1a: Dragonite|Protect|p1a: Dragonite
|-singleturn|p1a: Dragonite|Protect
|move|p2a: Dondozo|Order Up|p1a: Dragonite
|-activate|p1a: Dragonite|move: Protect
|
|-sideend|p2: Riptide_Lupa|move: Tailwind
|upkeep
|turn|5
|
|t:|1757802981
|switch|p1a: Rillaboom|Rillaboom, L50, F|100/100
|move|p2a: Dondozo|Protect|p2a: Dondozo
|-singleturn|p2a: Dondozo|Protect
|move|p1b: Gholdengo|Shadow Ball|p2a: Dondozo
|-activate|p2a: Dondozo|move: Protect
|
|upkeep
|turn|6
|
|t:|1757802994
|move|p1a: Rillaboom|Fake Out|p2a: Dondozo
|-damage|p2a: Dondozo|96/100
|move|p1b: Gholdengo|Shadow Ball|p2a: Dondozo
|-damage|p2a: Dondozo|74/100
|-damage|p1b: Gholdengo|91/100|[from] item: Life Orb
|cant|p2a: Dondozo|flinch
|
|-heal|p1b: Gholdengo|97/100|[from] Grassy Terrain
|-heal|p2a: Dondozo|81/100|[from] Grassy Terrain
|-heal|p2a: Dondozo|87/100|[from] item: Leftovers
|-fieldend|move: Grassy Terrain
|upkeep
|turn|7
|
|t:|1757803011
|move|p1b: Gholdengo|Shadow Ball|p2a: Dondozo
|-damage|p2a: Dondozo|69/100
|-damage|p1b: Gholdengo|88/100|[from] item: Life Orb
|move|p2a: Dondozo|Order Up|p1a: Rillaboom
|-damage|p1a: Rillaboom|59/100
|-boost|p2a: Dondozo|spe|1
|move|p1a: Rillaboom|Wood Hammer|p2a: Dondozo
|-supereffective|p2a: Dondozo
|-damage|p2a: Dondozo|27/100
|-damage|p1a: Rillaboom|43/100|[from] Recoil
|
|-heal|p2a: Dondozo|33/100|[from] item: Leftovers
|upkeep
|turn|8
|inactive|Riptide_Lupa has 30 seconds left.
|
|t:|1757803043
|move|p2a: Dondozo|Body Press|p1a: Rillaboom
|-damage|p1a: Rillaboom|6/100
|move|p1b: Gholdengo|Nasty Plot|p1b: Gholdengo
|-boost|p1b: Gholdengo|spa|2
|move|p1a: Rillaboom|Wood Hammer|p2a: Dondozo
|-supereffective|p2a: Dondozo
|-damage|p2a: Dondozo|0 fnt
|faint|p2a: Dondozo
|-damage|p1a: Rillaboom|0 fnt|[from] Recoil
|faint|p1a: Rillaboom
|
|upkeep
|
|t:|1757803056
|switch|p1a: Dragonite|Dragonite, L50, F|44/100
|switch|p2a: Whimsicott|Whimsicott, L50, M|100/100
|turn|9
|
|t:|1757803073
|move|p2a: Whimsicott|Tailwind|p2a: Whimsicott
|-sidestart|p2: Riptide_Lupa|move: Tailwind
|move|p2b: Tatsugiri|Icy Wind|p1a: Dragonite|[spread] p1a,p1b
|-supereffective|p1a: Dragonite
|-resisted|p1b: Gholdengo
|-damage|p1a: Dragonite|0 fnt
|-damage|p1b: Gholdengo|80/100
|-unboost|p1b: Gholdengo|spe|1
|faint|p1a: Dragonite
|move|p1b: Gholdengo|Make It Rain|p2b: Tatsugiri|[spread] p2a,p2b
|-supereffective|p2a: Whimsicott
|-resisted|p2b: Tatsugiri
|-damage|p2a: Whimsicott|0 fnt
|-enditem|p2b: Tatsugiri|Focus Sash
|-damage|p2b: Tatsugiri|1/100
|-unboost|p1b: Gholdengo|spa|1
|faint|p2a: Whimsicott
|-damage|p1b: Gholdengo|71/100|[from] item: Life Orb
|
|upkeep
|turn|10
|
|t:|1757803089
|move|p2b: Tatsugiri|Draco Meteor|p1b: Gholdengo
|-damage|p1b: Gholdengo|0 fnt
|-unboost|p2b: Tatsugiri|spa|2
|faint|p1b: Gholdengo
|
|win|Riptide_Lupa
||Riptide_Lupa is ready for game 3.
