|j|☆chocokoala vgc
|j|☆richardpyt
|html|chocokoala vgcrichardpyt    
|uhtml|bestof|Game 2 of a best-of-3
|t:|1784826007
|gametype|doubles
|player|p1|chocokoala vgc|benga|1236
|player|p2|richardpyt|266|1155
|gen|9
|tier|[Gen 9 Champions] VGC 2026 Reg M-B (Bo3)
|rated|
|rule|Species Clause: Limit one of each Pokémon
|rule|Item Clause: Limit 1 of each item
|clearpoke
|poke|p1|Slowbro, L50, M|
|poke|p1|Appletun, L50, M|
|poke|p1|Incineroar, L50, F|
|poke|p1|Conkeldurr, L50, F|
|poke|p1|Gholdengo, L50|
|poke|p1|Aerodactyl, L50, F|
|poke|p2|Volcarona, L50, F|
|poke|p2|Sinistcha-Masterpiece, L50|
|poke|p2|Incineroar, L50, M|
|poke|p2|Charizard, L50, M, shiny|
|poke|p2|Raichu, L50, F|
|poke|p2|Staraptor, L50, F|
|teampreview|4
|showteam|p1|Slowbro||Slowbronite|Regenerator|Psychic,Scald,Protect,TrickRoom|Modest||M|||50|]Appletun||Leftovers|ThickFat|AppleAcid,DragonPulse,Protect,LeechSeed|Sassy||M|||50|]Incineroar||SitrusBerry|Intimidate|FakeOut,PartingShot,FlareBlitz,DarkestLariat|Careful||F|||50|]Conkeldurr||LifeOrb|IronFist|MachPunch,DrainPunch,Protect,KnockOff|Brave||F|||50|]Gholdengo|||GoodasGold|MakeItRain,ShadowBall,Protect,NastyPlot|Modest|||||50|]Aerodactyl||Aerodactylite|Unnerve|RockSlide,DualWingbeat,Protect,Tailwind|Jolly||F|||50|
|showteam|p2|Volcarona||Leftovers|FlameBody|Protect,HeatWave,GigaDrain,QuiverDance|Bold||F|||50|]Sinistcha-Masterpiece||CobaBerry|Hospitality|Protect,MatchaGotcha,GrassyTerrain,RagePowder|Calm|||||50|]Incineroar||SitrusBerry|Intimidate|FakeOut,Snarl,DarkestLariat,PartingShot|Sassy||M|||50|]Charizard||CharizarditeY|Blaze|Protect,HeatWave,SolarBeam,BreakingSwipe|Bold||M|||50|]Raichu||RaichuniteX|LightningRod|FakeOut,RisingVoltage,VoltSwitch,HelpingHand|Calm||F|||50|]Staraptor||ChoiceScarf|Intimidate|BraveBird,Uturn,FinalGambit,CloseCombat|Adamant||F|||50|
|inactive|Battle timer is ON: inactive players will automatically lose when time's up. (requested by chocokoala vgc)
|
|t:|1784826029
|teamsize|p1|4
|teamsize|p2|4
|start
|switch|p1a: Aerodactyl|Aerodactyl, L50, F|100/100
|switch|p1b: Conkeldurr|Conkeldurr, L50, F|100/100
|switch|p2a: Volcarona|Volcarona, L50, F|100/100
|switch|p2b: Incineroar|Incineroar, L50, M|100/100
|-ability|p1a: Aerodactyl|Unnerve
|-ability|p2b: Incineroar|Intimidate|boost
|-unboost|p1a: Aerodactyl|atk|1
|-unboost|p1b: Conkeldurr|atk|1
|turn|1
|
|t:|1784826048
|detailschange|p1a: Aerodactyl|Aerodactyl-Mega, L50, F
|-mega|p1a: Aerodactyl|Aerodactyl|Aerodactylite
|move|p2b: Incineroar|Fake Out|p1a: Aerodactyl
|-resisted|p1a: Aerodactyl|1
|-damage|p1a: Aerodactyl|92/100
|cant|p1a: Aerodactyl|flinch
|move|p2a: Volcarona|Quiver Dance|p2a: Volcarona
|-boost|p2a: Volcarona|spa|1
|-boost|p2a: Volcarona|spd|1
|-boost|p2a: Volcarona|spe|1
|move|p1b: Conkeldurr|Drain Punch|p2b: Incineroar
|-supereffective|p2b: Incineroar|1
|-damage|p2b: Incineroar|5/100
|-enditem|p2b: Incineroar|Sitrus Berry|[eat]
|-heal|p2b: Incineroar|30/100|[from] item: Sitrus Berry
|-damage|p1b: Conkeldurr|90/100|[from] item: Life Orb
|
|upkeep
|turn|2
|
|t:|1784826069
|switch|p2b: Raichu|Raichu, L50, F|100/100
|move|p2a: Volcarona|Protect|p2a: Volcarona
|-singleturn|p2a: Volcarona|Protect
|move|p1b: Conkeldurr|Mach Punch|p2b: Raichu
|-damage|p2b: Raichu|55/100
|-damage|p1b: Conkeldurr|80/100|[from] item: Life Orb
|move|p1a: Aerodactyl|Rock Slide|p2b: Raichu|[spread] p2b
|-activate|p2a: Volcarona|move: Protect
|-damage|p2b: Raichu|20/100y
|
|upkeep
|turn|3
|
|t:|1784826087
|detailschange|p2b: Raichu|Raichu-Mega-X, L50, F
|-mega|p2b: Raichu|Raichu|Raichunite X
|-fieldstart|move: Electric Terrain|[from] ability: Electric Surge|[of] p2b: Raichu
|move|p2b: Raichu|Fake Out|p1a: Aerodactyl
|-resisted|p1a: Aerodactyl|1
|-damage|p1a: Aerodactyl|85/100
|move|p1b: Conkeldurr|Mach Punch|p2b: Raichu
|-damage|p2b: Raichu|0 fnt
|faint|p2b: Raichu
|-damage|p1b: Conkeldurr|70/100|[from] item: Life Orb
|cant|p1a: Aerodactyl|flinch
|move|p2a: Volcarona|Quiver Dance|p2a: Volcarona
|-boost|p2a: Volcarona|spa|1
|-boost|p2a: Volcarona|spd|1
|-boost|p2a: Volcarona|spe|1
|
|upkeep
|
|t:|1784826101
|switch|p2b: Incineroar|Incineroar, L50, M|30/100
|-ability|p2b: Incineroar|Intimidate|boost
|-unboost|p1a: Aerodactyl|atk|1
|-unboost|p1b: Conkeldurr|atk|1
|turn|4
|
|t:|1784826108
|switch|p1b: Incineroar|Incineroar, L50, F|100/100
|-ability|p1b: Incineroar|Intimidate|boost
|-unboost|p2a: Volcarona|atk|1
|-unboost|p2b: Incineroar|atk|1
|move|p1a: Aerodactyl|Protect|p1a: Aerodactyl
|-singleturn|p1a: Aerodactyl|Protect
|move|p2b: Incineroar|Fake Out|p1a: Aerodactyl
|-activate|p1a: Aerodactyl|move: Protect
|move|p2a: Volcarona|Heat Wave|p1b: Incineroar|[spread] p1b
|-activate|p1a: Aerodactyl|move: Protect
|-resisted|p1b: Incineroar|1
|-damage|p1b: Incineroar|73/100
|
|upkeep
|turn|5
|
|t:|1784826125
|switch|p2b: Sinistcha|Sinistcha-Masterpiece, L50|100/100
|move|p2a: Volcarona|Protect|p2a: Volcarona
|-singleturn|p2a: Volcarona|Protect
|move|p1b: Incineroar|Fake Out|p2a: Volcarona
|-activate|p2a: Volcarona|move: Protect
|move|p1a: Aerodactyl|Tailwind|p1a: Aerodactyl
|-sidestart|p1: chocokoala vgc|move: Tailwind
|
|upkeep
|turn|6
|
|t:|1784826136
|switch|p1a: Appletun|Appletun, L50, M|100/100
|switch|p2b: Incineroar|Incineroar, L50, M|30/100
|-ability|p2b: Incineroar|Intimidate|boost
|-unboost|p1a: Appletun|atk|1
|-unboost|p1b: Incineroar|atk|1
|move|p2a: Volcarona|Heat Wave|p1a: Appletun|[spread] p1a,p1b
|-resisted|p1b: Incineroar|1
|-damage|p1a: Appletun|74/100
|-damage|p1b: Incineroar|48/100
|-enditem|p1b: Incineroar|Sitrus Berry|[eat]
|-heal|p1b: Incineroar|73/100|[from] item: Sitrus Berry
|move|p1b: Incineroar|Parting Shot|p2b: Incineroar
|-unboost|p2b: Incineroar|atk|1
|-unboost|p2b: Incineroar|spa|1
|
|t:|1784826150
|switch|p1b: Aerodactyl|Aerodactyl-Mega, L50, F|85/100|[from] Parting Shot
|
|-heal|p1a: Appletun|80/100|[from] item: Leftovers
|upkeep
|turn|7
|
|t:|1784826162
|move|p1b: Aerodactyl|Protect|p1b: Aerodactyl
|-singleturn|p1b: Aerodactyl|Protect
|move|p2b: Incineroar|Fake Out|p1b: Aerodactyl
|-activate|p1b: Aerodactyl|move: Protect
|move|p2a: Volcarona|Quiver Dance|p2a: Volcarona
|-boost|p2a: Volcarona|spa|1
|-boost|p2a: Volcarona|spd|1
|-boost|p2a: Volcarona|spe|1
|move|p1a: Appletun|Leech Seed|p2a: Volcarona
|-start|p2a: Volcarona|move: Leech Seed
|
|-heal|p1a: Appletun|86/100|[from] item: Leftovers
|-damage|p2a: Volcarona|87/100|[from] Leech Seed|[of] p1a: Appletun
|-heal|p1a: Appletun|97/100|[silent]
|-fieldend|move: Electric Terrain
|upkeep
|turn|8
|
|t:|1784826178
|switch|p1a: Incineroar|Incineroar, L50, F|73/100
|-ability|p1a: Incineroar|Intimidate|boost
|-unboost|p2a: Volcarona|atk|1
|-unboost|p2b: Incineroar|atk|1
|switch|p2b: Sinistcha|Sinistcha-Masterpiece, L50|100/100
|-heal|p2a: Volcarona|100/100|[from] ability: Hospitality|[of] p2b: Sinistcha
|move|p1b: Aerodactyl|Rock Slide|p2a: Volcarona|[spread] p2a
|-miss|p1b: Aerodactyl|p2b: Sinistcha
|-supereffective|p2a: Volcarona|2
|-damage|p2a: Volcarona|0 fnt
|faint|p2a: Volcarona
|
|-sideend|p1: chocokoala vgc|move: Tailwind
|upkeep
|-message|richardpyt forfeited.
|
|win|chocokoala vgc
|raw|chocokoala vgc's rating: 1236 → 1255(+19 for winning)
|raw|richardpyt's rating: 1155 → 1136(-19 for losing)
