|j|☆hugoggg
|j|☆botito
|html|hugogggbotito    
|uhtml|bestof|Game 1 of a best-of-3
|t:|1786047900
|gametype|doubles
|player|p1|hugoggg|102|1173
|player|p2|botito|cynthia-gen4|1017
|gen|9
|tier|[Gen 9 Champions] VGC 2026 Reg M-B (Bo3)
|rated|
|rule|Species Clause: Limit one of each Pokémon
|rule|Item Clause: Limit 1 of each item
|clearpoke
|poke|p1|Froslass, L50, F|
|poke|p1|Dragonite, L50, F, shiny|
|poke|p1|Sneasler, L50, F|
|poke|p1|Arcanine-Hisui, L50, F|
|poke|p1|Gholdengo, L50|
|poke|p1|Kingambit, L50, F|
|poke|p2|Floette-Eternal, L50, F|
|poke|p2|Incineroar, L50, F|
|poke|p2|Sinistcha, L50|
|poke|p2|Gholdengo, L50|
|poke|p2|Malamar, L50, M|
|poke|p2|Whimsicott, L50, M|
|teampreview|4
|showteam|p1|Froslass||Froslassite|CursedBody|Blizzard,ShadowBall,AuroraVeil,Protect|Modest||F|||50|]Dragonite||DragonFang|Multiscale|ScaleShot,Haze,Tailwind,Protect|Adamant||F|||50|]Sneasler||WhiteHerb|Unburden|CloseCombat,GunkShot,FakeOut,Protect|Adamant||F|||50|]Arcanine-Hisui||FocusSash|RockHead|HeadSmash,FlareBlitz,ExtremeSpeed,Protect|Adamant||F|||50|]Gholdengo||ChoiceScarf|GoodasGold|MakeItRain,ShadowBall,PowerGem,Trick|Modest|||||50|]Kingambit||LifeOrb|Defiant|KowtowCleave,SuckerPunch,SwordsDance,Protect|Adamant||F|||50|
|showteam|p2|Floette-Eternal||Floettite|Symbiosis|CalmMind,Copycat,DazzlingGleam,Protect|Timid||F|||50|]Incineroar||SitrusBerry|Intimidate|PartingShot,FlareBlitz,FakeOut,WillOWisp|Careful||F|||50|]Sinistcha||Leftovers|Hospitality|MatchaGotcha,StrengthSap,RagePowder,Scald|Modest|||||50|]Gholdengo||WhiteHerb|GoodasGold|ShadowBall,NastyPlot,Protect,MakeItRain|Timid|||||50|]Malamar||Malamarite|Contrary|TopsyTurvy,Superpower,PsychoCut,Protect|Jolly||M|||50|]Whimsicott||FocusSash|Prankster|Tailwind,Charm,LeechSeed,Moonblast|Bold||M|||50|
|
|t:|1786047975
|teamsize|p1|4
|teamsize|p2|4
|start
|switch|p1a: Rollin girl|Dragonite, L50, F, shiny|100/100
|switch|p1b: Flop era|Gholdengo, L50|100/100
|switch|p2a: Whimsicott|Whimsicott, L50, M|100/100
|switch|p2b: Malamar|Malamar, L50, M|100/100
|turn|1
|
|t:|1786048019
|detailschange|p2b: Malamar|Malamar-Mega, L50, M
|-mega|p2b: Malamar|Malamar|Malamarite
|move|p2a: Whimsicott|Tailwind|p2a: Whimsicott
|-sidestart|p2: botito|move: Tailwind
|move|p2b: Malamar|Superpower|p1a: Rollin girl
|-resisted|p1a: Rollin girl|1
|-damage|p1a: Rollin girl|90/100
|-boost|p2b: Malamar|atk|1
|-boost|p2b: Malamar|def|1
|move|p1b: Flop era|Make It Rain|p2b: Malamar|[spread] p2a,p2b
|-supereffective|p2a: Whimsicott|1
|-enditem|p2a: Whimsicott|Focus Sash
|-damage|p2a: Whimsicott|1/100
|-damage|p2b: Malamar|51/100
|-unboost|p1b: Flop era|spa|2
|move|p1a: Rollin girl|Scale Shot|p2b: Malamar
|-damage|p2b: Malamar|36/100
|-damage|p2b: Malamar|21/100
|-hitcount|p2b: Malamar|2
|-unboost|p1a: Rollin girl|def|1
|-boost|p1a: Rollin girl|spe|1
|
|upkeep
|turn|2
|
|t:|1786048056
|move|p2a: Whimsicott|Charm|p1a: Rollin girl
|-unboost|p1a: Rollin girl|atk|2
|move|p2b: Malamar|Psycho Cut|p1a: Rollin girl
|-crit|p1a: Rollin girl
|-damage|p1a: Rollin girl|0 fnt
|faint|p1a: Rollin girl
|move|p1b: Flop era|Make It Rain|p2a: Whimsicott|[spread] p2b
|-miss|p1b: Flop era|p2a: Whimsicott
|-damage|p2b: Malamar|0 fnt
|-unboost|p1b: Flop era|spa|2
|faint|p2b: Malamar
|
|upkeep
|
|t:|1786048085
|switch|p2b: Gholdengo|Gholdengo, L50|100/100
|switch|p1a: Streetcat|Sneasler, L50, F|100/100
|turn|3
|
|t:|1786048098
|switch|p2a: Sinistcha|Sinistcha, L50|100/100
|switch|p1b: Animal|Arcanine-Hisui, L50, F|100/100
|move|p1a: Streetcat|Fake Out|p2a: Sinistcha
|-immune|p2a: Sinistcha
|move|p2b: Gholdengo|Nasty Plot|p2b: Gholdengo
|-boost|p2b: Gholdengo|spa|2
|
|upkeep
|turn|4
|
|t:|1786048128
|move|p1b: Animal|Protect|p1b: Animal
|-singleturn|p1b: Animal|Protect
|move|p2b: Gholdengo|Make It Rain|p1b: Animal|[spread] p1a
|-activate|p1b: Animal|move: Protect
|-damage|p1a: Streetcat|0 fnt
|-unboost|p2b: Gholdengo|spa|2
|faint|p1a: Streetcat
|move|p2a: Sinistcha|Matcha Gotcha|p1b: Animal
|-activate|p1b: Animal|move: Protect
|
|-sideend|p2: botito|move: Tailwind
|upkeep
|
|t:|1786048143
|switch|p1a: Flop era|Gholdengo, L50|100/100
|turn|5
|
|t:|1786048156
|move|p2b: Gholdengo|Protect|p2b: Gholdengo
|-singleturn|p2b: Gholdengo|Protect
|move|p1a: Flop era|Shadow Ball|p2a: Sinistcha
|-supereffective|p2a: Sinistcha|1
|-damage|p2a: Sinistcha|0 fnt
|faint|p2a: Sinistcha
|move|p1b: Animal|Flare Blitz|p2b: Gholdengo
|-activate|p2b: Gholdengo|move: Protect
|
|upkeep
|
|t:|1786048165
|switch|p2a: Whimsicott|Whimsicott, L50, M|1/100
|turn|6
|
|t:|1786048176
|move|p1b: Animal|Extreme Speed|p2a: Whimsicott
|-damage|p2a: Whimsicott|0 fnt
|faint|p2a: Whimsicott
|move|p1a: Flop era|Shadow Ball|p2b: Gholdengo
|-supereffective|p2b: Gholdengo|1
|-damage|p2b: Gholdengo|0 fnt
|faint|p2b: Gholdengo
|
|win|hugoggg
|l|☆botito
|player|p2|
||botito is ready for game 2.
||hugoggg is ready for game 2.
|uhtml|next|Next: Game 2 of 3
