|j|☆ImClarenceClaymore
|j|☆BBnoCrit$
|html|ImClarenceClaymoreBBnoCrit$    
|uhtml|bestof|Game 3 of a best-of-3
|t:|1756336779
|gametype|doubles
|player|p1|ImClarenceClaymore|pokemaniac|1110
|player|p2|BBnoCrit$|burglar|1148
|gen|9
|tier|[Gen 9] VGC 2025 Reg H (Bo3)
|rated|
|rule|Species Clause: Limit one of each Pokémon
|rule|Item Clause: Limit 1 of each item
|clearpoke
|poke|p1|Kingambit, L50, M|
|poke|p1|Sneasler, L50, F|
|poke|p1|Dragonite, L50, F|
|poke|p1|Volcarona, L50, F|
|poke|p1|Ursaluna-Bloodmoon, L50, M|
|poke|p1|Sinistcha-Masterpiece, L50|
|poke|p2|Smeargle, L50, M|
|poke|p2|Ursaluna-Bloodmoon, L50, M|
|poke|p2|Kingambit, L50, M|
|poke|p2|Volcarona, L50, F|
|poke|p2|Weezing-Galar, L50, F|
|poke|p2|Incineroar, L50, F|
|teampreview|4
|showteam|p1|Kingambit||BlackGlasses|Defiant|Protect,KowtowCleave,SwordsDance,SuckerPunch|||M|||50|,,,,,Dark]Sneasler||FocusSash|Unburden|FakeOut,CloseCombat,DireClaw,Coaching|||F|||50|,,,,,Stellar]Dragonite||LoadedDice|Multiscale|Protect,ScaleShot,Tailwind,Haze|||F|||50|,,,,,Dragon]Volcarona||Leftovers|FlameBody|Protect,QuiverDance,GigaDrain,FieryDance|||F|||50|,,,,,Grass]Ursaluna-Bloodmoon||LifeOrb|MindsEye|Protect,BloodMoon,EarthPower,HyperVoice|||M|||50|,,,,,Ghost]Sinistcha-Masterpiece||SitrusBerry|Hospitality|Protect,MatchaGotcha,RagePowder,TrickRoom||||||50|,,,,,Fairy
|showteam|p2|Smeargle||FocusSash|Moody|Spore,FollowMe,FakeOut,SpikyShield|||M|||50|,,,,,Ghost]Ursaluna-Bloodmoon||AssaultVest|MindsEye|HyperVoice,EarthPower,BloodMoon,Protect|||M|||50|,,,,,Normal]Kingambit||LifeOrb|Defiant|SuckerPunch,IronHead,KowtowCleave,Protect|||M|||50|,,,,,Dark]Volcarona||Leftovers|FlameBody|QuiverDance,HeatWave,GigaDrain,Protect|||F|||50|,,,,,Dragon]Weezing-Galar||SitrusBerry|MistySurge|DazzlingGleam,Taunt,ClearSmog,Protect|||F|||50|,,,,,Grass]Incineroar||SafetyGoggles|Intimidate|KnockOff,FlareBlitz,PartingShot,FakeOut|||F|||50|,,,,,Ghost
|
|t:|1756336813
|teamsize|p1|4
|teamsize|p2|4
|start
|switch|p1a: Sneasler|Sneasler, L50, F|100/100
|switch|p1b: Dragonite|Dragonite, L50, F|100/100
|switch|p2a: Weezing|Weezing-Galar, L50, F|100/100
|switch|p2b: Smeargle|Smeargle, L50, M|100/100
|-fieldstart|move: Misty Terrain|[from] ability: Misty Surge|[of] p2a: Weezing
|turn|1
|
|t:|1756336860
|move|p2b: Smeargle|Spiky Shield|p2b: Smeargle
|-singleturn|p2b: Smeargle|move: Protect
|move|p1a: Sneasler|Fake Out|p2a: Weezing
|-damage|p2a: Weezing|89/100
|move|p1b: Dragonite|Scale Shot|p2b: Smeargle
|-activate|p2b: Smeargle|move: Protect
|cant|p2a: Weezing|flinch
|
|-ability|p2b: Smeargle|Moody|boost
|-boost|p2b: Smeargle|atk|2
|-unboost|p2b: Smeargle|spd|1
|upkeep
|turn|2
|
|t:|1756336908
|switch|p2b: Incineroar|Incineroar, L50, F|100/100
|-ability|p2b: Incineroar|Intimidate|boost
|-unboost|p1a: Sneasler|atk|1
|-unboost|p1b: Dragonite|atk|1
|move|p1a: Sneasler|Dire Claw|p2a: Weezing
|-damage|p2a: Weezing|67/100
|move|p1b: Dragonite|Scale Shot|p2b: Incineroar
|-damage|p2b: Incineroar|96/100
|-damage|p2b: Incineroar|91/100
|-damage|p2b: Incineroar|87/100
|-damage|p2b: Incineroar|82/100
|-hitcount|p2b: Incineroar|4
|-unboost|p1b: Dragonite|def|1
|-boost|p1b: Dragonite|spe|1
|move|p2a: Weezing|Dazzling Gleam|p1b: Dragonite|[spread] p1a,p1b
|-supereffective|p1b: Dragonite
|-damage|p1a: Sneasler|77/100
|-damage|p1b: Dragonite|80/100
|
|upkeep
|turn|3
|inactive|Battle timer is ON: inactive players will automatically lose when time's up. (requested by BBnoCrit$)
|
|t:|1756336957
|move|p2b: Incineroar|Fake Out|p1a: Sneasler
|-damage|p1a: Sneasler|54/100
|move|p1b: Dragonite|Haze|p1b: Dragonite
|-clearallboost
|cant|p1a: Sneasler|flinch
|move|p2a: Weezing|Dazzling Gleam|p1b: Dragonite|[spread] p1a,p1b
|-supereffective|p1b: Dragonite
|-damage|p1a: Sneasler|31/100
|-damage|p1b: Dragonite|39/100
|
|upkeep
|turn|4
|inactive|ImClarenceClaymore has 30 seconds left.
|inactive|ImClarenceClaymore has 20 seconds left.
|
|t:|1756336993
|switch|p1a: Volcarona|Volcarona, L50, F|100/100
|move|p1b: Dragonite|Protect|p1b: Dragonite
|-singleturn|p1b: Dragonite|Protect
|move|p2b: Incineroar|Parting Shot|p1b: Dragonite
|-activate|p1b: Dragonite|move: Protect
|move|p2a: Weezing|Dazzling Gleam|p1b: Dragonite|[spread] p1a
|-activate|p1b: Dragonite|move: Protect
|-resisted|p1a: Volcarona
|-damage|p1a: Volcarona|93/100
|
|-heal|p1a: Volcarona|99/100|[from] item: Leftovers
|upkeep
|turn|5
|inactive|ImClarenceClaymore has 30 seconds left.
|inactive|ImClarenceClaymore has 20 seconds left.
|inactive|ImClarenceClaymore has 15 seconds left.
|inactive|ImClarenceClaymore has 10 seconds left.
|
|t:|1756337043
|move|p1b: Dragonite|Scale Shot|p2b: Incineroar
|-damage|p2b: Incineroar|76/100
|-damage|p2b: Incineroar|70/100
|-damage|p2b: Incineroar|63/100
|-damage|p2b: Incineroar|56/100
|-hitcount|p2b: Incineroar|4
|-unboost|p1b: Dragonite|def|1
|-boost|p1b: Dragonite|spe|1
|move|p1a: Volcarona|Fiery Dance|p2b: Incineroar
|-resisted|p2b: Incineroar
|-damage|p2b: Incineroar|37/100
|move|p2b: Incineroar|Parting Shot|p1a: Volcarona
|-unboost|p1a: Volcarona|atk|1
|-unboost|p1a: Volcarona|spa|1
|
|t:|1756337057
|switch|p2b: Smeargle|Smeargle, L50, M|100/100|[from] Parting Shot
|move|p2a: Weezing|Dazzling Gleam|p1b: Dragonite|[spread] p1a,p1b
|-resisted|p1a: Volcarona
|-supereffective|p1b: Dragonite
|-damage|p1a: Volcarona|92/100
|-damage|p1b: Dragonite|0 fnt
|faint|p1b: Dragonite
|
|-heal|p1a: Volcarona|98/100|[from] item: Leftovers
|-fieldend|Misty Terrain
|-ability|p2b: Smeargle|Moody|boost
|-boost|p2b: Smeargle|atk|2
|-unboost|p2b: Smeargle|spe|1
|upkeep
|
|t:|1756337073
|switch|p1b: Sneasler|Sneasler, L50, F|31/100
|turn|6
|inactive|ImClarenceClaymore has 30 seconds left.
|
|t:|1756337107
|switch|p2a: Incineroar|Incineroar, L50, F|37/100
|-ability|p2a: Incineroar|Intimidate|boost
|-unboost|p1a: Volcarona|atk|1
|-unboost|p1b: Sneasler|atk|1
|-terastallize|p1a: Volcarona|Grass
|move|p2b: Smeargle|Spiky Shield|p2b: Smeargle
|-singleturn|p2b: Smeargle|move: Protect
|move|p1b: Sneasler|Fake Out|p2b: Smeargle
|-activate|p2b: Smeargle|move: Protect
|-damage|p1b: Sneasler|19/100|[from] Spiky Shield|[of] p2b: Smeargle
|move|p1a: Volcarona|Quiver Dance|p1a: Volcarona
|-boost|p1a: Volcarona|spa|1
|-boost|p1a: Volcarona|spd|1
|-boost|p1a: Volcarona|spe|1
|
|-heal|p1a: Volcarona|100/100|[from] item: Leftovers
|-ability|p2b: Smeargle|Moody|boost
|-boost|p2b: Smeargle|spd|2
|-unboost|p2b: Smeargle|spa|1
|upkeep
|turn|7
|inactive|ImClarenceClaymore has 30 seconds left.
|inactive|BBnoCrit$ has 30 seconds left.
|
|t:|1756337140
|switch|p1b: Sinistcha|Sinistcha-Masterpiece, L50|100/100
|move|p2b: Smeargle|Follow Me|p2b: Smeargle
|-singleturn|p2b: Smeargle|move: Follow Me
|move|p1a: Volcarona|Quiver Dance|p1a: Volcarona
|-boost|p1a: Volcarona|spa|1
|-boost|p1a: Volcarona|spd|1
|-boost|p1a: Volcarona|spe|1
|move|p2a: Incineroar|Flare Blitz|p1a: Volcarona
|-supereffective|p1a: Volcarona
|-damage|p1a: Volcarona|0 fnt
|faint|p1a: Volcarona
|-damage|p2a: Incineroar|6/100|[from] Recoil
|
|-ability|p2b: Smeargle|Moody|boost
|-boost|p2b: Smeargle|def|2
|-unboost|p2b: Smeargle|spd|1
|upkeep
|
|t:|1756337161
|switch|p1a: Sneasler|Sneasler, L50, F|19/100
|turn|8
|
|t:|1756337177
|switch|p2a: Weezing|Weezing-Galar, L50, F|67/100
|-fieldstart|move: Misty Terrain|[from] ability: Misty Surge|[of] p2a: Weezing
|move|p2b: Smeargle|Spiky Shield|p2b: Smeargle
|-singleturn|p2b: Smeargle|move: Protect
|move|p1b: Sinistcha|Rage Powder|p1b: Sinistcha
|-singleturn|p1b: Sinistcha|move: Rage Powder
|move|p1a: Sneasler|Dire Claw|p2a: Weezing
|-damage|p2a: Weezing|33/100
|-enditem|p2a: Weezing|Sitrus Berry|[eat]
|-heal|p2a: Weezing|58/100|[from] item: Sitrus Berry
|
|-ability|p2b: Smeargle|Moody|boost
|-boost|p2b: Smeargle|spd|2
|-unboost|p2b: Smeargle|spe|1
|upkeep
|turn|9
|inactive|ImClarenceClaymore has 30 seconds left.
|
|t:|1756337211
|move|p2b: Smeargle|Follow Me|p2b: Smeargle
|-singleturn|p2b: Smeargle|move: Follow Me
|move|p1a: Sneasler|Dire Claw|p2b: Smeargle
|-damage|p2b: Smeargle|50/100
|move|p2a: Weezing|Dazzling Gleam|p1b: Sinistcha|[spread] p1a,p1b
|-damage|p1a: Sneasler|0 fnt
|-damage|p1b: Sinistcha|80/100
|faint|p1a: Sneasler
|move|p1b: Sinistcha|Matcha Gotcha|p2a: Weezing|[spread] p2a,p2b
|-resisted|p2a: Weezing
|-damage|p2a: Weezing|44/100
|-heal|p1b: Sinistcha|87/100|[from] drain|[of] p2a: Weezing
|-damage|p2b: Smeargle|30/100
|-heal|p1b: Sinistcha|97/100|[from] drain|[of] p2b: Smeargle
|
|-ability|p2b: Smeargle|Moody|boost
|-boost|p2b: Smeargle|def|2
|-unboost|p2b: Smeargle|spd|1
|upkeep
|turn|10
|
|t:|1756337234
|move|p2b: Smeargle|Spiky Shield|p2b: Smeargle
|-singleturn|p2b: Smeargle|move: Protect
|move|p2a: Weezing|Clear Smog|p1b: Sinistcha
|-damage|p1b: Sinistcha|76/100
|-clearboost|p1b: Sinistcha
|move|p1b: Sinistcha|Matcha Gotcha|p2b: Smeargle|[spread] p2a
|-activate|p2b: Smeargle|move: Protect
|-resisted|p2a: Weezing
|-damage|p2a: Weezing|30/100
|-heal|p1b: Sinistcha|84/100|[from] drain|[of] p2a: Weezing
|
|-ability|p2b: Smeargle|Moody|boost
|-boost|p2b: Smeargle|def|2
|-unboost|p2b: Smeargle|atk|1
|upkeep
|turn|11
|
|t:|1756337253
|switch|p2b: Volcarona|Volcarona, L50, F|100/100
|move|p2a: Weezing|Clear Smog|p1b: Sinistcha
|-damage|p1b: Sinistcha|65/100
|-clearboost|p1b: Sinistcha
|move|p1b: Sinistcha|Matcha Gotcha|p2a: Weezing|[spread] p2a,p2b
|-resisted|p2a: Weezing
|-resisted|p2b: Volcarona
|-damage|p2a: Weezing|17/100
|-heal|p1b: Sinistcha|71/100|[from] drain|[of] p2a: Weezing
|-damage|p2b: Volcarona|96/100
|-heal|p1b: Sinistcha|74/100|[from] drain|[of] p2b: Volcarona
|
|-heal|p2b: Volcarona|100/100|[from] item: Leftovers
|upkeep
|turn|12
|
|t:|1756337271
|move|p2b: Volcarona|Heat Wave|p1b: Sinistcha
|-supereffective|p1b: Sinistcha
|-damage|p1b: Sinistcha|0 fnt
|faint|p1b: Sinistcha
|
|win|BBnoCrit$
|raw|ImClarenceClaymore's rating: 1110 → 1088(-22 for losing)
|raw|BBnoCrit$'s rating: 1148 → 1170(+22 for winning)
|l|☆BBnoCrit$
|player|p2|
