|j|☆klophaffed
|j|☆Pzdns99
|html|klophaffedPzdns99    
|uhtml|bestof|Game 2 of a best-of-3
|t:|1756868748
|gametype|doubles
|player|p1|klophaffed|169|1037
|player|p2|Pzdns99|grimsley|1144
|gen|9
|tier|[Gen 9] VGC 2025 Reg H (Bo3)
|rated|
|rule|Species Clause: Limit one of each Pokémon
|rule|Item Clause: Limit 1 of each item
|clearpoke
|poke|p1|Maushold-Four, L50|
|poke|p1|Annihilape, L50, F|
|poke|p1|Hydrapple, L50, F|
|poke|p1|Dragonite, L50, F|
|poke|p1|Ampharos, L50, F|
|poke|p1|Pelipper, L50, F|
|poke|p2|Lumineon, L50, M|
|poke|p2|Pelipper, L50, F|
|poke|p2|Archaludon, L50, F|
|poke|p2|Amoonguss, L50, M|
|poke|p2|Annihilape, L50, M|
|poke|p2|Weavile, L50, F|
|teampreview|4
|showteam|p1|Maushold-Four||SafetyGoggles|FriendGuard|BeatUp,FollowMe,SuperFang,Feint||||||50|,,,,,Ghost]Annihilape||PunchingGlove|Defiant|RageFist,DrainPunch,BulkUp,Protect|||F|||50|,,,,,Steel]Hydrapple||ScopeLens|SupersweetSyrup|LeafStorm,DracoMeteor,HydroPump,Protect|||F|||50|,,,,,Water]Dragonite||RazorClaw|InnerFocus|DragonClaw,ExtremeSpeed,IceSpinner,Protect|||F|||50|,,,,,Normal]Ampharos||LightClay|Static|Reflect,LightScreen,DragonCheer,Electroweb|||F|||50|,,,,,Flying]Pelipper||FocusSash|Drizzle|Tailwind,Hurricane,WeatherBall,Protect|||F|||50|,,,,,Stellar
|showteam|p2|Lumineon||CovertCloak|SwiftSwim|FlipTurn,Tailwind,Encore,RainDance|||M|||50|,,,,,Grass]Pelipper||ChoiceSpecs|Drizzle|Hurricane,MuddyWater,WeatherBall,Uturn|||F|||50|,,,,,Ghost]Archaludon||AssaultVest|Stamina|ElectroShot,BodyPress,Snarl,DracoMeteor|||F|||50|,,,,,Grass]Amoonguss||SitrusBerry|Regenerator|PollenPuff,Protect,RagePowder,Spore|||M|||50|,,,,,Psychic]Annihilape||SafetyGoggles|Defiant|DrainPunch,RageFist,BulkUp,Taunt|||M|||50|,,,,,Water]Weavile||FocusSash|Pickpocket|BeatUp,TripleAxel,KnockOff,Protect|||F|||50|,,,,,Ghost
|c|☆klophaffed|i was sneezing so much
|c|☆klophaffed|you got lucky
|c|☆Pzdns99|lead maus ape Plz? i need practice into that
|c|☆klophaffed|im down
|c|☆klophaffed|but only if you say you like my personality
|c|☆klophaffed|U
|c|☆klophaffed|w
|c|☆klophaffed|u
|c|☆Pzdns99|you use the apple im a big apple guy your good in my books
|inactive|Battle timer is ON: inactive players will automatically lose when time's up. (requested by Pzdns99)
|c|☆klophaffed|okay we play again after this
|c|☆Pzdns99|sure
|inactive|klophaffed has 60 seconds left.
|c|☆klophaffed|this lead i wont do the maus, but next match we go maus
|
|t:|1756868888
|teamsize|p1|4
|teamsize|p2|4
|start
|switch|p1a: Ampharos|Ampharos, L50, F|100/100
|switch|p1b: Dragonite|Dragonite, L50, F|100/100
|switch|p2a: Archaludon|Archaludon, L50, F|100/100
|switch|p2b: Weavile|Weavile, L50, F|100/100
|turn|1
|inactive|klophaffed has 30 seconds left.
|inactive|Pzdns99 has 30 seconds left.
|inactive|klophaffed has 20 seconds left.
|inactive|Pzdns99 has 20 seconds left.
|inactive|klophaffed has 15 seconds left.
|inactive|Pzdns99 has 15 seconds left.
|inactive|klophaffed has 10 seconds left.
|
|t:|1756868934
|-terastallize|p2b: Weavile|Ghost
|move|p1b: Dragonite|Protect|p1b: Dragonite
|-singleturn|p1b: Dragonite|Protect
|move|p2b: Weavile|Triple Axel|p1b: Dragonite
|-activate|p1b: Dragonite|move: Protect
|move|p2a: Archaludon|Body Press|p1b: Dragonite
|-activate|p1b: Dragonite|move: Protect
|move|p1a: Ampharos|Reflect|p1a: Ampharos
|-sidestart|p1: klophaffed|Reflect
|
|upkeep
|turn|2
|inactive|klophaffed has 30 seconds left.
|inactive|klophaffed has 20 seconds left.
|inactive|klophaffed has 15 seconds left.
|inactive|klophaffed has 10 seconds left.
|inactive|klophaffed has 5 seconds left.
|
|t:|1756868986
|-terastallize|p1b: Dragonite|Normal
|move|p2b: Weavile|Triple Axel|p1b: Dragonite
|-damage|p1b: Dragonite|93/100
|-damage|p1b: Dragonite|79/100
|-damage|p1b: Dragonite|57/100
|-hitcount|p1b: Dragonite|3
|move|p2a: Archaludon|Body Press|p1b: Dragonite
|-supereffective|p1b: Dragonite
|-damage|p1b: Dragonite|26/100
|move|p1b: Dragonite|Dragon Claw|p2a: Archaludon
|-damage|p2a: Archaludon|63/100
|-ability|p2a: Archaludon|Stamina|boost
|-boost|p2a: Archaludon|def|1
|move|p1a: Ampharos|Dragon Cheer|p1b: Dragonite
|-start|p1b: Dragonite|move: Dragon Cheer
|
|upkeep
|turn|3
|inactive|klophaffed has 30 seconds left.
|
|t:|1756869021
|move|p1b: Dragonite|Protect|p1b: Dragonite
|-singleturn|p1b: Dragonite|Protect
|move|p2b: Weavile|Beat Up|p2a: Archaludon
|-damage|p2a: Archaludon|59/100
|-ability|p2a: Archaludon|Stamina|boost
|-boost|p2a: Archaludon|def|1
|-damage|p2a: Archaludon|55/100
|-ability|p2a: Archaludon|Stamina|boost
|-boost|p2a: Archaludon|def|1
|-damage|p2a: Archaludon|53/100
|-ability|p2a: Archaludon|Stamina|boost
|-boost|p2a: Archaludon|def|1
|-damage|p2a: Archaludon|51/100
|-ability|p2a: Archaludon|Stamina|boost
|-boost|p2a: Archaludon|def|1
|-hitcount|p2a: Archaludon|4
|move|p2a: Archaludon|Body Press|p1b: Dragonite
|-activate|p1b: Dragonite|move: Protect
|move|p1a: Ampharos|Electroweb|p2b: Weavile|[spread] p2a
|-miss|p1a: Ampharos|p2b: Weavile
|-resisted|p2a: Archaludon
|-damage|p2a: Archaludon|43/100
|-unboost|p2a: Archaludon|spe|1
|-ability|p2a: Archaludon|Stamina|boost
|-boost|p2a: Archaludon|def|1
|
|upkeep
|turn|4
|inactive|klophaffed has 30 seconds left.
|inactive|Pzdns99 has 30 seconds left.
|inactive|klophaffed has 20 seconds left.
|inactive|klophaffed has 15 seconds left.
|inactive|klophaffed has 10 seconds left.
|
|t:|1756869068
|move|p2b: Weavile|Knock Off|p1b: Dragonite
|-damage|p1b: Dragonite|0 fnt
|-enditem|p1b: Dragonite|Razor Claw|[from] move: Knock Off|[of] p2b: Weavile
|faint|p1b: Dragonite
|move|p1a: Ampharos|Electroweb|p2a: Archaludon|[spread] p2a,p2b
|-resisted|p2a: Archaludon
|-damage|p2a: Archaludon|36/100
|-damage|p2b: Weavile|74/100
|-unboost|p2a: Archaludon|spe|1
|-unboost|p2b: Weavile|spe|1
|move|p2a: Archaludon|Body Press|p1a: Ampharos
|-damage|p1a: Ampharos|44/100
|
|upkeep
|inactive|klophaffed has 30 seconds left.
|
|t:|1756869098
|switch|p1b: Annihilape|Annihilape, L50, F|100/100
|turn|5
|inactive|klophaffed has 30 seconds left.
|
|t:|1756869132
|switch|p2b: Amoonguss|Amoonguss, L50, M|100/100
|move|p1b: Annihilape|Drain Punch|p2a: Archaludon
|-supereffective|p2a: Archaludon
|-damage|p2a: Archaludon|22/100
|move|p1a: Ampharos|Dragon Cheer|p1b: Annihilape
|-start|p1b: Annihilape|move: Dragon Cheer
|move|p2a: Archaludon|Body Press|p1a: Ampharos
|-damage|p1a: Ampharos|0 fnt
|-status|p2a: Archaludon|par|[from] ability: Static|[of] p1a: Ampharos
|faint|p1a: Ampharos
|
|upkeep
|
|t:|1756869144
|switch|p1a: Maushold|Maushold-Four, L50|100/100
|turn|6
|inactive|klophaffed has 30 seconds left.
|inactive|Pzdns99 has 30 seconds left.
|inactive|klophaffed has 20 seconds left.
|inactive|klophaffed has 15 seconds left.
|
|t:|1756869187
|move|p1a: Maushold|Super Fang|p2b: Amoonguss
|-damage|p2b: Amoonguss|50/100
|-enditem|p2b: Amoonguss|Sitrus Berry|[eat]
|-heal|p2b: Amoonguss|75/100|[from] item: Sitrus Berry
|move|p1b: Annihilape|Rage Fist|p2b: Amoonguss
|-damage|p2b: Amoonguss|56/100
|move|p2b: Amoonguss|Spore|p1b: Annihilape
|-status|p1b: Annihilape|slp|[from] move: Spore
|move|p2a: Archaludon|Body Press|p1a: Maushold
|-supereffective|p1a: Maushold
|-damage|p1a: Maushold|0 fnt
|faint|p1a: Maushold
|
|upkeep
|turn|7
|
|t:|1756869209
|cant|p1b: Annihilape|slp
|move|p2b: Amoonguss|Pollen Puff|p2a: Archaludon
|-heal|p2a: Archaludon|72/100 par
|move|p2a: Archaludon|Electro Shot||[still]
|-prepare|p2a: Archaludon|Electro Shot
|-boost|p2a: Archaludon|spa|1
|
|upkeep
|turn|8
|
|t:|1756869218
|cant|p1b: Annihilape|slp
|move|p2b: Amoonguss|Pollen Puff|p2a: Archaludon
|-heal|p2a: Archaludon|100/100 par
|move|p2a: Archaludon|Electro Shot|p1b: Annihilape|[from] lockedmove
|-damage|p1b: Annihilape|41/100 slp
|
|-sideend|p1: klophaffed|Reflect
|upkeep
|turn|9
|-message|klophaffed forfeited.
|
|win|Pzdns99
|raw|klophaffed's rating: 1037 → 1026(-11 for losing)
|raw|Pzdns99's rating: 1144 → 1162(+18 for winning)
|l|☆klophaffed
|player|p1|
