|j|☆Mongoos19
|j|‽Chimazuru
|html|Mongoos19Chimazuru    
|uhtml|bestof|Game 3 of a best-of-3
|t:|1756570137
|gametype|doubles
|player|p1|Mongoos19|1|1098
|player|p2|Chimazuru|lady-gen4|1000
|gen|9
|tier|[Gen 9] VGC 2025 Reg H (Bo3)
|rated|
|rule|Species Clause: Limit one of each Pokémon
|rule|Item Clause: Limit 1 of each item
|clearpoke
|poke|p1|Rillaboom, L50, M|
|poke|p1|Incineroar, L50, M|
|poke|p1|Tauros-Paldea-Aqua, L50, M|
|poke|p1|Yanmega, L50, F|
|poke|p1|Glimmora, L50, F|
|poke|p1|Porygon-Z, L50|
|poke|p2|Armarouge, L50, F|
|poke|p2|Torkoal, L50, F|
|poke|p2|Ursaluna, L50, M|
|poke|p2|Indeedee-F, L50, F|
|poke|p2|Lilligant-Hisui, L50, F|
|poke|p2|Annihilape, L50, M|
|teampreview|4
|showteam|p1|Rillaboom||AssaultVest|GrassySurge|FakeOut,WoodHammer,GrassyGlide,Uturn|||M|||50|,,,,,Fire]Incineroar||SafetyGoggles|Intimidate|FakeOut,FlareBlitz,KnockOff,PartingShot|||M|||50|,,,,,Ghost]Tauros-Paldea-Aqua||MirrorHerb|Intimidate|WaveCrash,CloseCombat,WildCharge,Protect|||M|||50|,,,,,Fire]Yanmega||FocusSash|SpeedBoost|BugBuzz,AirSlash,Tailwind,Protect|||F|||50|,,,,,Ghost]Glimmora||PowerHerb|ToxicDebris|SludgeBomb,EarthPower,MeteorBeam,SpikyShield|||F|||50|,,,,,Grass]Porygon-Z||LifeOrb|Adaptability|TeraBlast,HyperBeam,IcyWind,Protect||||||50|,,,,,Fighting
|showteam|p2|Armarouge||LifeOrb|FlashFire|ExpandingForce,ArmorCannon,TrickRoom,Protect|||F|||50|,,,,,Grass]Torkoal||Charcoal|Drought|Protect,ClearSmog,WeatherBall,Eruption|||F|||50|,,,,,Fire]Ursaluna||FlameOrb|Guts|Facade,Protect,Earthquake,HeadlongRush|||M|||50|,,,,,Ghost]Indeedee-F||RockyHelmet|PsychicSurge|FollowMe,HelpingHand,TrickRoom,Psychic|||F|||50|,,,,,Psychic]Lilligant-Hisui||FocusSash|Chlorophyll|LeafBlade,CloseCombat,SleepPowder,AfterYou|||F|||50|,,,,,Ghost]Annihilape||SafetyGoggles|Defiant|FinalGambit,Protect,Taunt,CloseCombat|||M|||50|,,,,,Fire
|inactive|Battle timer is ON: inactive players will automatically lose when time's up. (requested by Mongoos19)
|
|t:|1756570160
|teamsize|p1|4
|teamsize|p2|4
|start
|switch|p1a: Jackie Chan|Rillaboom, L50, M|100/100
|switch|p1b: Tauros|Tauros-Paldea-Aqua, L50, M|100/100
|switch|p2a: Indeedee|Indeedee-F, L50, F|100/100
|switch|p2b: Armarouge|Armarouge, L50, F|100/100
|-ability|p1b: Tauros|Intimidate|boost
|-unboost|p2a: Indeedee|atk|1
|-unboost|p2b: Armarouge|atk|1
|-fieldstart|move: Grassy Terrain|[from] ability: Grassy Surge|[of] p1a: Jackie Chan
|-fieldstart|move: Psychic Terrain|[from] ability: Psychic Surge|[of] p2a: Indeedee
|turn|1
|
|t:|1756570176
|move|p2a: Indeedee|Follow Me|p2a: Indeedee
|-singleturn|p2a: Indeedee|move: Follow Me
|move|p1b: Tauros|Wave Crash|p2a: Indeedee
|-damage|p2a: Indeedee|51/100
|-damage|p1b: Tauros|84/100|[from] item: Rocky Helmet|[of] p2a: Indeedee
|-damage|p1b: Tauros|64/100|[from] Recoil
|move|p1a: Jackie Chan|U-turn|p2a: Indeedee
|-supereffective|p2a: Indeedee
|-damage|p2a: Indeedee|10/100
|-damage|p1a: Jackie Chan|84/100|[from] item: Rocky Helmet|[of] p2a: Indeedee
|
|t:|1756570186
|switch|p1a: Incineroar|Incineroar, L50, M, shiny|100/100|[from] U-turn
|-ability|p1a: Incineroar|Intimidate|boost
|-unboost|p2a: Indeedee|atk|1
|-unboost|p2b: Armarouge|atk|1
|move|p2b: Armarouge|Trick Room|p2b: Armarouge
|-fieldstart|move: Trick Room|[of] p2b: Armarouge
|
|upkeep
|turn|2
|inactive|Chimazuru has 30 seconds left.
|
|t:|1756570212
|switch|p2a: Torkoal|Torkoal, L50, F|100/100
|-weather|SunnyDay|[from] ability: Drought|[of] p2a: Torkoal
|switch|p1b: Jackie Chan|Rillaboom, L50, M|84/100
|-fieldstart|move: Grassy Terrain|[from] ability: Grassy Surge|[of] p1b: Jackie Chan
|move|p2b: Armarouge|Protect|p2b: Armarouge
|-singleturn|p2b: Armarouge|Protect
|move|p1a: Incineroar|Parting Shot|p2b: Armarouge
|-activate|p2b: Armarouge|move: Protect
|
|-weather|SunnyDay|[upkeep]
|-heal|p1b: Jackie Chan|90/100|[from] Grassy Terrain
|upkeep
|turn|3
|
|t:|1756570237
|-terastallize|p1b: Jackie Chan|Fire
|move|p2a: Torkoal|Weather Ball|p1b: Jackie Chan
|-resisted|p1b: Jackie Chan
|-damage|p1b: Jackie Chan|63/100
|move|p1a: Incineroar|Parting Shot|p2b: Armarouge
|-unboost|p2b: Armarouge|atk|1
|-unboost|p2b: Armarouge|spa|1
|
|t:|1756570246
|switch|p1a: Tauros|Tauros-Paldea-Aqua, L50, M|64/100|[from] Parting Shot
|-ability|p1a: Tauros|Intimidate|boost
|-unboost|p2a: Torkoal|atk|1
|-unboost|p2b: Armarouge|atk|1
|move|p2b: Armarouge|Armor Cannon|p1a: Tauros
|-resisted|p1a: Tauros
|-damage|p1a: Tauros|0 fnt
|-unboost|p2b: Armarouge|def|1
|-unboost|p2b: Armarouge|spd|1
|faint|p1a: Tauros
|-damage|p2b: Armarouge|91/100|[from] item: Life Orb
|move|p1b: Jackie Chan|U-turn|p2b: Armarouge
|-damage|p2b: Armarouge|62/100
|
|t:|1756570255
|switch|p1b: Incineroar|Incineroar, L50, M, shiny|100/100|[from] U-turn
|-ability|p1b: Incineroar|Intimidate|boost
|-unboost|p2a: Torkoal|atk|1
|-unboost|p2b: Armarouge|atk|1
|
|-weather|SunnyDay|[upkeep]
|-heal|p2b: Armarouge|68/100|[from] Grassy Terrain
|upkeep
|
|t:|1756570256
|switch|p1a: Jackie Chan|Rillaboom, L50, M, tera:Fire|63/100
|turn|4
|
|t:|1756570280
|move|p2a: Torkoal|Protect|p2a: Torkoal
|-singleturn|p2a: Torkoal|Protect
|move|p1b: Incineroar|Knock Off|p2a: Torkoal
|-activate|p2a: Torkoal|move: Protect
|move|p2b: Armarouge|Expanding Force|p1a: Jackie Chan
|-damage|p1a: Jackie Chan|39/100
|-damage|p2b: Armarouge|58/100|[from] item: Life Orb
|move|p1a: Jackie Chan|U-turn|p2b: Armarouge
|-damage|p2b: Armarouge|26/100
|
|t:|1756570291
|switch|p1a: Glimmora|Glimmora, L50, F|100/100|[from] U-turn
|
|-weather|SunnyDay|[upkeep]
|-heal|p2b: Armarouge|32/100|[from] Grassy Terrain
|upkeep
|turn|5
|
|t:|1756570315
|move|p1a: Glimmora|Spiky Shield|p1a: Glimmora
|-singleturn|p1a: Glimmora|move: Protect
|move|p2a: Torkoal|Eruption|p1a: Glimmora|[spread] p1b
|-activate|p1a: Glimmora|move: Protect
|-resisted|p1b: Incineroar
|-damage|p1b: Incineroar|65/100
|move|p1b: Incineroar|Knock Off|p2a: Torkoal
|-damage|p2a: Torkoal|70/100
|-enditem|p2a: Torkoal|Charcoal|[from] move: Knock Off|[of] p1b: Incineroar
|move|p2b: Armarouge|Expanding Force|p1a: Glimmora
|-activate|p1a: Glimmora|move: Protect
|
|-weather|SunnyDay|[upkeep]
|-heal|p2a: Torkoal|76/100|[from] Grassy Terrain
|-heal|p1b: Incineroar|71/100|[from] Grassy Terrain
|-heal|p2b: Armarouge|38/100|[from] Grassy Terrain
|-fieldend|move: Trick Room
|upkeep
|turn|6
|inactive|Chimazuru has 30 seconds left.
|
|t:|1756570347
|move|p2a: Torkoal|Protect|p2a: Torkoal
|-singleturn|p2a: Torkoal|Protect
|move|p1a: Glimmora|Meteor Beam||[still]
|-prepare|p1a: Glimmora|Meteor Beam
|-boost|p1a: Glimmora|spa|1
|-enditem|p1a: Glimmora|Power Herb
|-anim|p1a: Glimmora|Meteor Beam|p2a: Torkoal
|-activate|p2a: Torkoal|move: Protect
|move|p2b: Armarouge|Expanding Force|p1a: Glimmora
|-supereffective|p1a: Glimmora
|-damage|p1a: Glimmora|0 fnt
|faint|p1a: Glimmora
|-damage|p2b: Armarouge|28/100|[from] item: Life Orb
|move|p1b: Incineroar|Knock Off|p2b: Armarouge
|-supereffective|p2b: Armarouge
|-damage|p2b: Armarouge|0 fnt
|-enditem|p2b: Armarouge|Life Orb|[from] move: Knock Off|[of] p1b: Incineroar
|faint|p2b: Armarouge
|
|-weather|none
|-heal|p1b: Incineroar|77/100|[from] Grassy Terrain
|-heal|p2a: Torkoal|82/100|[from] Grassy Terrain
|-fieldend|move: Grassy Terrain
|upkeep
|
|t:|1756570367
|switch|p1a: Jackie Chan|Rillaboom, L50, M, tera:Fire|39/100
|switch|p2b: Indeedee|Indeedee-F, L50, F|10/100
|-fieldstart|move: Grassy Terrain|[from] ability: Grassy Surge|[of] p1a: Jackie Chan
|-fieldstart|move: Psychic Terrain|[from] ability: Psychic Surge|[of] p2b: Indeedee
|turn|7
|
|t:|1756570389
|move|p2b: Indeedee|Helping Hand|p2a: Torkoal
|-singleturn|p2a: Torkoal|Helping Hand|[of] p2b: Indeedee
|move|p1a: Jackie Chan|U-turn|p2b: Indeedee
|-supereffective|p2b: Indeedee
|-crit|p2b: Indeedee
|-damage|p2b: Indeedee|0 fnt
|-damage|p1a: Jackie Chan|22/100|[from] item: Rocky Helmet|[of] p2b: Indeedee
|faint|p2b: Indeedee
|move|p1b: Incineroar|Parting Shot|p2a: Torkoal
|-unboost|p2a: Torkoal|atk|1
|-unboost|p2a: Torkoal|spa|1
|move|p2a: Torkoal|Eruption|p1a: Jackie Chan|[spread] p1a,p1b
|-resisted|p1a: Jackie Chan
|-resisted|p1b: Incineroar
|-damage|p1a: Jackie Chan|9/100
|-damage|p1b: Incineroar|60/100
|
|upkeep
|
|t:|1756570402
|switch|p2b: Lilligant|Lilligant-Hisui, L50, F|100/100
|turn|8
|
|t:|1756570414
|move|p2a: Torkoal|Protect|p2a: Torkoal
|-singleturn|p2a: Torkoal|Protect
|move|p2b: Lilligant|Close Combat|p1b: Incineroar
|-supereffective|p1b: Incineroar
|-damage|p1b: Incineroar|0 fnt
|-unboost|p2b: Lilligant|def|1
|-unboost|p2b: Lilligant|spd|1
|faint|p1b: Incineroar
|move|p1a: Jackie Chan|U-turn|p2b: Lilligant
|-damage|p2b: Lilligant|49/100
|
|upkeep
|turn|9
|
|t:|1756570432
|move|p2b: Lilligant|Leaf Blade|p1a: Jackie Chan
|-resisted|p1a: Jackie Chan
|-damage|p1a: Jackie Chan|0 fnt
|faint|p1a: Jackie Chan
|
|win|Chimazuru
|raw|Mongoos19's rating: 1098 → 1067(-31 for losing)
|raw|Chimazuru's rating: 1000 → 1051(+51 for winning)
|l|☆Mongoos19
|player|p1|
