|j|☆BLUEYELLOWYAOI
|j|☆sapo relajao
|html|BLUEYELLOWYAOIsapo relajao    
|uhtml|bestof|Game 1 of a best-of-3
|t:|1783029058
|gametype|doubles
|player|p1|BLUEYELLOWYAOI|clay|1141
|player|p2|sapo relajao|1|1204
|gen|9
|tier|[Gen 9 Champions] VGC 2026 Reg M-B (Bo3)
|rated|
|rule|Species Clause: Limit one of each Pokémon
|rule|Item Clause: Limit 1 of each item
|clearpoke
|poke|p1|Gholdengo, L50|
|poke|p1|Tyranitar, L50, F|
|poke|p1|Kommo-o, L50, M|
|poke|p1|Corviknight, L50, F|
|poke|p1|Maushold, L50|
|poke|p1|Scovillain, L50, F|
|poke|p2|Delphox, L50, F|
|poke|p2|Incineroar, L50, F|
|poke|p2|Sinistcha, L50|
|poke|p2|Blastoise, L50, F|
|poke|p2|Sneasler, L50, F|
|poke|p2|Kingambit, L50, M|
|teampreview|4
|showteam|p1|Gholdengo||MetalCoat|GoodasGold|MakeItRain,NastyPlot,Protect,ShadowBall|Modest|||||50|]Tyranitar||Tyranitarite|SandStream|RockSlide,KnockOff,Protect,IcePunch|Adamant||F|||50|]Kommo-o||Leftovers|Overcoat|DrainPunch,ClangorousSoul,Protect,ClangingScales|Rash||M|||50|]Corviknight||SitrusBerry|MirrorArmor|BraveBird,Roost,Tailwind,Taunt|Careful||F|||50|]Maushold||ChopleBerry|FriendGuard|SuperFang,FollowMe,Protect,Encore|Jolly|||||50|]Scovillain||Scovillainite|Moody|Overheat,LeechSeed,RagePowder,Protect|Bold||F|||50|
|showteam|p2|Delphox||Delphoxite|Blaze|HeatWave,Psyshock,NastyPlot,Protect|Timid||F|||50|]Incineroar||SitrusBerry|Intimidate|FlareBlitz,FakeOut,DarkestLariat,PartingShot|Impish||F|||50|]Sinistcha||KasibBerry|Hospitality|Protect,MatchaGotcha,RagePowder,LifeDew|Bold|||||50|]Blastoise||Blastoisinite|Torrent|WaterSpout,DarkPulse,ShellSmash,Protect|Modest||F|||50|]Sneasler||FocusSash|PoisonTouch|Protect,FakeOut,PoisonJab,CloseCombat|Jolly||F|||50|]Kingambit||BlackGlasses|Defiant|KowtowCleave,SuckerPunch,SwordsDance,Protect|Adamant||M|||50|
|
|t:|1783029089
|teamsize|p1|4
|teamsize|p2|4
|start
|switch|p1a: Kommo-o|Kommo-o, L50, M|100/100
|switch|p1b: Maushold|Maushold, L50|100/100
|switch|p2a: Blastoise|Blastoise, L50, F|100/100
|switch|p2b: Incineroar|Incineroar, L50, F|100/100
|-ability|p2b: Incineroar|Intimidate|boost
|-unboost|p1a: Kommo-o|atk|1
|-unboost|p1b: Maushold|atk|1
|turn|1
|inactive|Battle timer is ON: inactive players will automatically lose when time's up. (requested by sapo relajao)
|
|t:|1783029100
|detailschange|p2a: Blastoise|Blastoise-Mega, L50, F
|-mega|p2a: Blastoise|Blastoise|Blastoisinite
|move|p2b: Incineroar|Fake Out|p1a: Kommo-o
|-damage|p1a: Kommo-o|93/100
|move|p1b: Maushold|Super Fang|p2a: Blastoise
|-damage|p2a: Blastoise|50/100y
|cant|p1a: Kommo-o|flinch
|move|p2a: Blastoise|Shell Smash|p2a: Blastoise
|-unboost|p2a: Blastoise|def|1
|-unboost|p2a: Blastoise|spd|1
|-boost|p2a: Blastoise|atk|2
|-boost|p2a: Blastoise|spa|2
|-boost|p2a: Blastoise|spe|2
|
|-heal|p1a: Kommo-o|99/100|[from] item: Leftovers
|upkeep
|turn|2
|
|t:|1783029124
|switch|p2b: Sinistcha|Sinistcha, L50|100/100
|-heal|p2a: Blastoise|75/100|[from] ability: Hospitality|[of] p2b: Sinistcha
|move|p2a: Blastoise|Water Spout|p1a: Kommo-o|[spread] p1a,p1b
|-resisted|p1a: Kommo-o|1
|-damage|p1a: Kommo-o|55/100
|-damage|p1b: Maushold|0 fnt
|faint|p1b: Maushold
|move|p1a: Kommo-o|Clanging Scales|p2a: Blastoise|[spread] p2a,p2b
|-damage|p2a: Blastoise|23/100
|-damage|p2b: Sinistcha|65/100
|-unboost|p1a: Kommo-o|def|1
|
|-heal|p1a: Kommo-o|61/100|[from] item: Leftovers
|upkeep
|
|t:|1783029127
|switch|p1b: Tyranitar|Tyranitar, L50, F|100/100
|-weather|Sandstorm|[from] ability: Sand Stream|[of] p1b: Tyranitar
|turn|3
|
|t:|1783029136
|move|p2a: Blastoise|Protect|p2a: Blastoise
|-singleturn|p2a: Blastoise|Protect
|move|p1a: Kommo-o|Clangorous Soul|p1a: Kommo-o
|-boost|p1a: Kommo-o|atk|1
|-boost|p1a: Kommo-o|def|1
|-boost|p1a: Kommo-o|spa|1
|-boost|p1a: Kommo-o|spd|1
|-boost|p1a: Kommo-o|spe|1
|-damage|p1a: Kommo-o|28/100
|move|p1b: Tyranitar|Rock Slide|p2b: Sinistcha|[spread] p2b
|-activate|p2a: Blastoise|move: Protect
|-damage|p2b: Sinistcha|38/100
|move|p2b: Sinistcha|Life Dew|p2b: Sinistcha|[spread] p2a,p2b
|-heal|p2a: Blastoise|48/100
|-heal|p2b: Sinistcha|64/100
|
|-weather|Sandstorm|[upkeep]
|-damage|p2a: Blastoise|42/100|[from] Sandstorm
|-damage|p2b: Sinistcha|57/100|[from] Sandstorm
|-heal|p1a: Kommo-o|35/100|[from] item: Leftovers
|upkeep
|turn|4
|
|t:|1783029157
|switch|p2b: Incineroar|Incineroar, L50, F|100/100
|-ability|p2b: Incineroar|Intimidate|boost
|-unboost|p1a: Kommo-o|atk|1
|-unboost|p1b: Tyranitar|atk|1
|move|p1b: Tyranitar|Protect|p1b: Tyranitar
|-singleturn|p1b: Tyranitar|Protect
|move|p2a: Blastoise|Water Spout|p1b: Tyranitar|[spread] p1a
|-activate|p1b: Tyranitar|move: Protect
|-resisted|p1a: Kommo-o|1
|-damage|p1a: Kommo-o|10/100
|move|p1a: Kommo-o|Clanging Scales|p2b: Incineroar|[spread] p2a,p2b
|-damage|p2a: Blastoise|0 fnt
|-damage|p2b: Incineroar|54/100
|faint|p2a: Blastoise
|-unboost|p1a: Kommo-o|def|1
|
|-weather|Sandstorm|[upkeep]
|-damage|p2b: Incineroar|49/100|[from] Sandstorm
|-enditem|p2b: Incineroar|Sitrus Berry|[eat]
|-heal|p2b: Incineroar|73/100|[from] item: Sitrus Berry
|-heal|p1a: Kommo-o|16/100|[from] item: Leftovers
|upkeep
|
|t:|1783029163
|switch|p2a: Sneasler|Sneasler, L50, F|100/100
|turn|5
|
|t:|1783029187
|switch|p2a: Sinistcha|Sinistcha, L50|57/100
|-heal|p2b: Incineroar|98/100|[from] ability: Hospitality|[of] p2a: Sinistcha
|switch|p1b: Corviknight|Corviknight, L50, F|100/100
|move|p1a: Kommo-o|Clanging Scales|p2b: Incineroar|[spread] p2a,p2b
|-damage|p2a: Sinistcha|6/100
|-damage|p2b: Incineroar|45/100
|-unboost|p1a: Kommo-o|def|1
|move|p2b: Incineroar|Flare Blitz|p1b: Corviknight
|-supereffective|p1b: Corviknight|1
|-damage|p1b: Corviknight|21/100
|-enditem|p1b: Corviknight|Sitrus Berry|[eat]
|-heal|p1b: Corviknight|46/100|[from] item: Sitrus Berry
|-damage|p2b: Incineroar|19/100|[from] Recoil
|
|-weather|Sandstorm|[upkeep]
|-damage|p2a: Sinistcha|1/100|[from] Sandstorm
|-damage|p2b: Incineroar|13/100|[from] Sandstorm
|-heal|p1a: Kommo-o|23/100|[from] item: Leftovers
|upkeep
|turn|6
|
|t:|1783029212
|move|p1a: Kommo-o|Clanging Scales|p2a: Sinistcha|[spread] p2a,p2b
|-damage|p2a: Sinistcha|0 fnt
|-damage|p2b: Incineroar|0 fnt
|faint|p2a: Sinistcha
|faint|p2b: Incineroar
|-unboost|p1a: Kommo-o|def|1
|move|p1b: Corviknight|Tailwind|p1b: Corviknight
|-sidestart|p1: BLUEYELLOWYAOI|move: Tailwind
|
|-weather|Sandstorm|[upkeep]
|-heal|p1a: Kommo-o|29/100|[from] item: Leftovers
|upkeep
|-message|sapo relajao forfeited.
|
|win|BLUEYELLOWYAOI
||sapo relajao is ready for game 2.
