|j|☆HADES055
|j|☆Capitan-N
|html|HADES055Capitan-N    
|uhtml|bestof|Game 1 of a best-of-3
|t:|1757739169
|gametype|doubles
|player|p1|HADES055|pokemaniac|1143
|player|p2|Capitan-N|n|1105
|gen|9
|tier|[Gen 9] VGC 2025 Reg H (Bo3)
|rated|
|rule|Species Clause: Limit one of each Pokémon
|rule|Item Clause: Limit 1 of each item
|clearpoke
|poke|p1|Gholdengo, L50|
|poke|p1|Sneasler, L50, M|
|poke|p1|Rillaboom, L50, F|
|poke|p1|Dragonite, L50, M|
|poke|p1|Ninetales-Alola, L50, F|
|poke|p1|Arcanine-Hisui, L50, M|
|poke|p2|Morpeko, L50, M|
|poke|p2|Toucannon, L50, F|
|poke|p2|Tinkaton, L50, F|
|poke|p2|Arcanine, L50, M|
|poke|p2|Dragonite, L50, M|
|poke|p2|Annihilape, L50, F|
|teampreview|4
|showteam|p1|Gholdengo||GrassySeed|GoodasGold|NastyPlot,MakeItRain,ShadowBall,Protect||||||50|,,,,,Water]Sneasler||WhiteHerb|Unburden|CloseCombat,DireClaw,Coaching,Protect|||M|||50|,,,,,Ghost]Rillaboom||AssaultVest|GrassySurge|FakeOut,GrassyGlide,DrumBeating,HighHorsepower|||F|||50|,,,,,Fire]Dragonite||LoadedDice|Multiscale|ScaleShot,StompingTantrum,Tailwind,Protect|||M|||50|,,,,,Ground]Ninetales-Alola||FocusSash|SnowWarning|Blizzard,IcyWind,Encore,AuroraVeil|||F|||50|,,,,,Ghost]Arcanine-Hisui||ClearAmulet|Intimidate|RockSlide,FlareBlitz,ExtremeSpeed,Protect|||M|||50|,,,,,Water
|showteam|p2|Morpeko||FocusSash|HungerSwitch|AuraWheel,FakeOut,Protect,Taunt|||M|||50|,,,,,Ghost]Toucannon||CovertCloak|SkillLink|BeakBlast,BulletSeed,Protect,RockBlast|||F|||50|,,,,,Grass]Tinkaton||ClearAmulet|MoldBreaker|KnockOff,Protect,GigatonHammer,PlayRough|||F|||50|,,,,,Dark]Arcanine||AssaultVest|Intimidate|Flamethrower,ScorchingSands,DragonPulse,Snarl|||M|||50|,,,,,Dragon]Dragonite||LoadedDice|InnerFocus|Protect,ScaleShot,StompingTantrum,Encore|||M|||50|,,,,,Fairy]Annihilape||ChoiceScarf|Defiant|CloseCombat,PhantomForce,Uturn,FinalGambit|||F|||50|,,,,,Fire
|inactive|Battle timer is ON: inactive players will automatically lose when time's up. (requested by HADES055)
|inactive|HADES055 has 60 seconds left.
|
|t:|1757739207
|teamsize|p1|4
|teamsize|p2|4
|start
|switch|p1a: Ninetales|Ninetales-Alola, L50, F|100/100
|switch|p1b: Dragonite|Dragonite, L50, M|100/100
|switch|p2a: Toucannon|Toucannon, L50, F, shiny|100/100
|switch|p2b: Annihilape|Annihilape, L50, F, shiny|100/100
|-weather|Snowscape|[from] ability: Snow Warning|[of] p1a: Ninetales
|turn|1
|
|t:|1757739230
|move|p1b: Dragonite|Protect|p1b: Dragonite
|-singleturn|p1b: Dragonite|Protect
|move|p2b: Annihilape|Phantom Force||[still]
|-prepare|p2b: Annihilape|Phantom Force
|move|p1a: Ninetales|Aurora Veil|p1a: Ninetales
|-sidestart|p1: HADES055|move: Aurora Veil
|move|p2a: Toucannon|Rock Blast|p1a: Ninetales
|-supereffective|p1a: Ninetales
|-damage|p1a: Ninetales|88/100
|-supereffective|p1a: Ninetales
|-damage|p1a: Ninetales|74/100
|-supereffective|p1a: Ninetales
|-damage|p1a: Ninetales|63/100
|-supereffective|p1a: Ninetales
|-damage|p1a: Ninetales|52/100
|-supereffective|p1a: Ninetales
|-damage|p1a: Ninetales|39/100
|-hitcount|p1a: Ninetales|5
|
|-weather|Snowscape|[upkeep]
|upkeep
|turn|2
|
|t:|1757739254
|switch|p2a: Arcanine|Arcanine, L50, M|100/100
|-ability|p2a: Arcanine|Intimidate|boost
|-unboost|p1a: Ninetales|atk|1
|-unboost|p1b: Dragonite|atk|1
|move|p2b: Annihilape|Phantom Force|p1b: Dragonite|[from] lockedmove
|-damage|p1b: Dragonite|83/100
|move|p1a: Ninetales|Blizzard|p2a: Arcanine|[spread] p2a,p2b
|-resisted|p2a: Arcanine
|-crit|p2a: Arcanine
|-damage|p2a: Arcanine|84/100
|-damage|p2b: Annihilape|69/100
|move|p1b: Dragonite|Tailwind|p1b: Dragonite
|-sidestart|p1: HADES055|move: Tailwind
|
|-weather|Snowscape|[upkeep]
|upkeep
|turn|3
|inactive|HADES055 has 30 seconds left.
|
|t:|1757739280
|switch|p2b: Tinkaton|Tinkaton, L50, F, shiny|100/100
|-ability|p2b: Tinkaton|Mold Breaker
|move|p1a: Ninetales|Blizzard|p2a: Arcanine|[spread] p2a,p2b
|-resisted|p2a: Arcanine
|-resisted|p2b: Tinkaton
|-damage|p2a: Arcanine|75/100
|-damage|p2b: Tinkaton|87/100
|move|p1b: Dragonite|Scale Shot|p2a: Arcanine
|-damage|p2a: Arcanine|64/100
|-damage|p2a: Arcanine|53/100
|-damage|p2a: Arcanine|43/100
|-damage|p2a: Arcanine|32/100
|-hitcount|p2a: Arcanine|4
|-unboost|p1b: Dragonite|def|1
|-boost|p1b: Dragonite|spe|1
|move|p2a: Arcanine|Flamethrower|p1a: Ninetales
|-supereffective|p1a: Ninetales
|-damage|p1a: Ninetales|0 fnt
|faint|p1a: Ninetales
|
|-weather|Snowscape|[upkeep]
|upkeep
|
|t:|1757739300
|switch|p1a: Rillaboom|Rillaboom, L50, F|100/100
|-fieldstart|move: Grassy Terrain|[from] ability: Grassy Surge|[of] p1a: Rillaboom
|turn|4
|
|t:|1757739319
|switch|p2a: Toucannon|Toucannon, L50, F, shiny|100/100
|move|p1b: Dragonite|Stomping Tantrum|p2b: Tinkaton
|-supereffective|p2b: Tinkaton
|-damage|p2b: Tinkaton|37/100
|move|p1a: Rillaboom|High Horsepower|p2a: Toucannon
|-immune|p2a: Toucannon
|move|p2b: Tinkaton|Knock Off|p1b: Dragonite
|-damage|p1b: Dragonite|53/100
|-enditem|p1b: Dragonite|Loaded Dice|[from] move: Knock Off|[of] p2b: Tinkaton
|
|-weather|Snowscape|[upkeep]
|-heal|p2b: Tinkaton|42/100|[from] Grassy Terrain
|upkeep
|turn|5
|
|t:|1757739339
|move|p2b: Tinkaton|Protect|p2b: Tinkaton
|-singleturn|p2b: Tinkaton|Protect
|move|p2a: Toucannon|Protect|p2a: Toucannon
|-singleturn|p2a: Toucannon|Protect
|move|p1b: Dragonite|Stomping Tantrum|p2b: Tinkaton
|-activate|p2b: Tinkaton|move: Protect
|move|p1a: Rillaboom|Drum Beating|p2a: Toucannon
|-activate|p2a: Toucannon|move: Protect
|
|-weather|none
|-heal|p2b: Tinkaton|48/100|[from] Grassy Terrain
|-sideend|p1: HADES055|move: Tailwind
|-sideend|p1: HADES055|move: Aurora Veil
|upkeep
|turn|6
|
|t:|1757739355
|switch|p2b: Arcanine|Arcanine, L50, M|32/100
|-ability|p2b: Arcanine|Intimidate|boost
|-unboost|p1a: Rillaboom|atk|1
|-unboost|p1b: Dragonite|atk|1
|-singleturn|p2a: Toucannon|move: Beak Blast
|move|p1b: Dragonite|Scale Shot|p2a: Toucannon
|-damage|p2a: Toucannon|89/100
|-damage|p2a: Toucannon|79/100
|-damage|p2a: Toucannon|67/100
|-hitcount|p2a: Toucannon|3
|-unboost|p1b: Dragonite|def|1
|-boost|p1b: Dragonite|spe|1
|move|p1a: Rillaboom|High Horsepower|p2b: Arcanine
|-supereffective|p2b: Arcanine
|-damage|p2b: Arcanine|0 fnt
|faint|p2b: Arcanine
|move|p2a: Toucannon|Beak Blast|p1a: Rillaboom
|-supereffective|p1a: Rillaboom
|-damage|p1a: Rillaboom|0 fnt
|faint|p1a: Rillaboom
|
|upkeep
|
|t:|1757739377
|switch|p1a: Gholdengo|Gholdengo, L50|100/100
|switch|p2b: Annihilape|Annihilape, L50, F, shiny|69/100
|-enditem|p1a: Gholdengo|Grassy Seed
|-boost|p1a: Gholdengo|def|1|[from] item: Grassy Seed
|turn|7
|
|t:|1757739389
|switch|p2b: Tinkaton|Tinkaton, L50, F, shiny|48/100
|-ability|p2b: Tinkaton|Mold Breaker
|move|p1b: Dragonite|Tailwind|p1b: Dragonite
|-sidestart|p1: HADES055|move: Tailwind
|move|p1a: Gholdengo|Shadow Ball|p2b: Tinkaton
|-damage|p2b: Tinkaton|6/100
|move|p2a: Toucannon|Rock Blast|p1b: Dragonite
|-supereffective|p1b: Dragonite
|-damage|p1b: Dragonite|12/100
|-supereffective|p1b: Dragonite
|-damage|p1b: Dragonite|0 fnt
|faint|p1b: Dragonite
|-hitcount|p1: Dragonite|2
|
|-heal|p2b: Tinkaton|12/100|[from] Grassy Terrain
|upkeep
|turn|8
|inactive|Capitan-N has 30 seconds left.
|
|t:|1757739418
|-terastallize|p1a: Gholdengo|Water
|-singleturn|p2a: Toucannon|move: Beak Blast
|move|p1a: Gholdengo|Nasty Plot|p1a: Gholdengo
|-boost|p1a: Gholdengo|spa|2
|move|p2b: Tinkaton|Knock Off|p1a: Gholdengo
|-damage|p1a: Gholdengo|90/100
|move|p2a: Toucannon|Beak Blast|p1a: Gholdengo
|-damage|p1a: Gholdengo|57/100
|
|-heal|p1a: Gholdengo|63/100|[from] Grassy Terrain
|-heal|p2b: Tinkaton|18/100|[from] Grassy Terrain
|-fieldend|move: Grassy Terrain
|upkeep
|turn|9
|c|☆HADES055|!dt beak blast
|raw|Beak Blast  Power100 Accuracy100% PP24 Burns on contact with the user before it moves. 
|raw|Priority: -3 |  Gen: 7 |  ✓ Bullet |  Z-Power: 180 |  Target: One Adjacent Pokémon

|inactive|HADES055 has 30 seconds left.
|
|t:|1757739449
|move|p2b: Tinkaton|Protect|p2b: Tinkaton
|-singleturn|p2b: Tinkaton|Protect
|move|p1a: Gholdengo|Make It Rain|p2a: Toucannon|[spread] p2a
|-activate|p2b: Tinkaton|move: Protect
|-damage|p2a: Toucannon|0 fnt
|-unboost|p1a: Gholdengo|spa|1
|faint|p2a: Toucannon
|
|upkeep
|
|t:|1757739458
|switch|p2a: Annihilape|Annihilape, L50, F, shiny|69/100
|turn|10
|inactive|Capitan-N has 30 seconds left.
|
|t:|1757739484
|-terastallize|p2a: Annihilape|Fire
|move|p1a: Gholdengo|Shadow Ball|p2a: Annihilape
|-damage|p2a: Annihilape|16/100
|-unboost|p2a: Annihilape|spd|1
|-ability|p2a: Annihilape|Defiant|boost
|-boost|p2a: Annihilape|atk|2
|move|p2a: Annihilape|Phantom Force||[still]
|-prepare|p2a: Annihilape|Phantom Force
|move|p2b: Tinkaton|Play Rough|p1a: Gholdengo
|-damage|p1a: Gholdengo|41/100
|
|-sideend|p1: HADES055|move: Tailwind
|upkeep
|turn|11
|
|t:|1757739503
|move|p2a: Annihilape|Phantom Force|p1a: Gholdengo|[from] lockedmove
|-damage|p1a: Gholdengo|0 fnt
|faint|p1a: Gholdengo
|
|win|Capitan-N
||HADES055 is ready for game 2.
|l|☆Capitan-N
|player|p2|
||Capitan-N is ready for game 2.
|uhtml|next|Next: Game 2 of 3
