|j|Ōśåtriskili
|j|ŌśåSILVESTRON
|html|triskiliSILVESTRON    
|uhtml|bestof|Game 1 of a best-of-3
|t:|1785685223
|gametype|doubles
|player|p1|triskili|flannery|
|player|p2|SILVESTRON|266|
|gen|9
|tier|[Gen 9 Champions] VGC 2026 Reg M-B (Bo3)
|rule|Species Clause: Limit one of each Pok├®mon
|rule|Item Clause: Limit 1 of each item
|clearpoke
|poke|p1|Charizard, L50, M|
|poke|p1|Venusaur, L50, M|
|poke|p1|Mamoswine, L50, F|
|poke|p1|Garchomp, L50, M|
|poke|p1|Incineroar, L50, M|
|poke|p1|Toxapex, L50, M|
|poke|p2|Sinistcha, L50|
|poke|p2|Dragapult, L50, F, shiny|
|poke|p2|Camerupt, L50, F|
|poke|p2|Aggron, L50, M, shiny|
|poke|p2|Incineroar, L50, M|
|poke|p2|Azumarill, L50, M, shiny|
|teampreview|4
|showteam|p1|Charizard||CharizarditeY|Blaze|HeatWave,WeatherBall,HelpingHand,Protect|Modest||M|||50|]Venusaur||LifeOrb|Chlorophyll|LeafStorm,SludgeBomb,EarthPower,Protect|Modest||M|||50|]Mamoswine||FocusSash|Oblivious|HighHorsepower,RockTomb,IceShard,Protect|Jolly||F|||50|]Garchomp||ChoiceScarf|RoughSkin|DragonClaw,Earthquake,RockSlide,StompingTantrum|Adamant||M|||50|]Incineroar||SitrusBerry|Intimidate|FlareBlitz,ThroatChop,PartingShot,FakeOut|Impish||M|||50|]Toxapex||Leftovers|Regenerator|Toxic,Infestation,WideGuard,BanefulBunker|Bold||M|||50|
|showteam|p2|Sinistcha||SitrusBerry|Hospitality|RagePowder,MatchaGotcha,ShadowBall,TrickRoom|Relaxed|||||50|]Dragapult||MentalHerb|Infiltrator|WillOWisp,DragonDarts,Hex,LightScreen|Hasty||F|||50|]Camerupt||Cameruptite|SolidRock|Eruption,FireBlast,EarthPower,Protect|Quiet||F|||50|]Aggron||Aggronite|Sturdy|Curse,BodyPress,HeavySlam,Protect|Careful||M|||50|]Incineroar||PasshoBerry|Intimidate|FakeOut,PartingShot,FlareBlitz,ThroatChop|Adamant||M|||50|]Azumarill||LifeOrb|HugePower|Liquidation,AquaJet,PlayRough,IceSpinner|Adamant||M|||50|
|c|ŌśåSILVESTRON|GLHF
|c|Ōśåtriskili|GLHF
|c|Ōśåtriskili|.....April Fools Day sprites strikes me again
|c|ŌśåSILVESTRON|lmaoo
|
|t:|1785685300
|teamsize|p1|4
|teamsize|p2|4
|start
|switch|p1a: Incineroar|Incineroar, L50, M|100/100
|switch|p1b: Mamoswine|Mamoswine, L50, F|100/100
|switch|p2a: This is my OC!|Incineroar, L50, M|100/100
|switch|p2b: Performative Ghost|Sinistcha, L50|100/100
|-ability|p1a: Incineroar|Intimidate|boost
|-unboost|p2a: This is my OC!|atk|1
|-unboost|p2b: Performative Ghost|atk|1
|-ability|p2a: This is my OC!|Intimidate|boost
|-unboost|p1a: Incineroar|atk|1
|-fail|p1b: Mamoswine|unboost|Attack|[from] ability: Oblivious|[of] p1b: Mamoswine
|turn|1
|
|t:|1785685341
|move|p1b: Mamoswine|Protect|p1b: Mamoswine
|-singleturn|p1b: Mamoswine|Protect
|move|p1a: Incineroar|Fake Out|p2a: This is my OC!
|-damage|p2a: This is my OC!|93/100
|cant|p2a: This is my OC!|flinch
|move|p2b: Performative Ghost|Trick Room|p2b: Performative Ghost
|-fieldstart|move: Trick Room|[of] p2b: Performative Ghost
|
|upkeep
|turn|2
|
|t:|1785685368
|move|p1b: Mamoswine|Ice Shard|p2b: Performative Ghost
|-supereffective|p2b: Performative Ghost|1
|-crit|p2b: Performative Ghost
|-damage|p2b: Performative Ghost|41/100
|-enditem|p2b: Performative Ghost|Sitrus Berry|[eat]
|-heal|p2b: Performative Ghost|66/100|[from] item: Sitrus Berry
|move|p2b: Performative Ghost|Matcha Gotcha|p1b: Mamoswine|[spread] p1a,p1b
|-resisted|p1a: Incineroar|1
|-supereffective|p1b: Mamoswine|1
|-crit|p1b: Mamoswine
|-damage|p1a: Incineroar|89/100
|-heal|p2b: Performative Ghost|72/100|[from] drain|[of] p1a: Incineroar
|-enditem|p1b: Mamoswine|Focus Sash
|-damage|p1b: Mamoswine|1/100
|-heal|p2b: Performative Ghost|100/100|[from] drain|[of] p1b: Mamoswine
|move|p2a: This is my OC!|Flare Blitz|p1b: Mamoswine
|-supereffective|p1b: Mamoswine|1
|-damage|p1b: Mamoswine|0 fnt
|faint|p1b: Mamoswine
|-damage|p2a: This is my OC!|92/100|[from] Recoil
|move|p1a: Incineroar|Throat Chop|p2b: Performative Ghost
|-supereffective|p2b: Performative Ghost|1
|-damage|p2b: Performative Ghost|61/100
|-start|p2b: Performative Ghost|Throat Chop|[silent]
|
|upkeep
|
|t:|1785685393
|switch|p1b: Charizard|Charizard, L50, M|100/100
|turn|3
|
|t:|1785685412
|detailschange|p1b: Charizard|Charizard-Mega-Y, L50, M
|-mega|p1b: Charizard|Charizard|Charizardite Y
|-weather|SunnyDay|[from] ability: Drought|[of] p1b: Charizard
|move|p1b: Charizard|Protect|p1b: Charizard
|-singleturn|p1b: Charizard|Protect
|move|p2b: Performative Ghost|Shadow Ball|p1b: Charizard
|-activate|p1b: Charizard|move: Protect
|move|p2a: This is my OC!|Parting Shot|p1a: Incineroar
|-unboost|p1a: Incineroar|atk|1
|-unboost|p1a: Incineroar|spa|1
|
|t:|1785685418
|switch|p2a: bababooey|Camerupt, L50, F|100/100|[from] Parting Shot
|move|p1a: Incineroar|Flare Blitz|p2b: Performative Ghost
|-supereffective|p2b: Performative Ghost|1
|-damage|p2b: Performative Ghost|4/100
|-damage|p1a: Incineroar|72/100|[from] Recoil
|
|-weather|SunnyDay|[upkeep]
|-end|p2b: Performative Ghost|Throat Chop|[silent]
|upkeep
|turn|4
|
|t:|1785685437
|detailschange|p2a: bababooey|Camerupt-Mega, L50, F
|-mega|p2a: bababooey|Camerupt|Cameruptite
|move|p2a: bababooey|Eruption|p1b: Charizard|[spread] p1a,p1b
|-resisted|p1a: Incineroar|1
|-resisted|p1b: Charizard|1
|-damage|p1a: Incineroar|24/100
|-damage|p1b: Charizard|56/100
|-enditem|p1a: Incineroar|Sitrus Berry|[eat]
|-heal|p1a: Incineroar|49/100|[from] item: Sitrus Berry
|move|p2b: Performative Ghost|Shadow Ball|p1b: Charizard
|-damage|p1b: Charizard|30/100
|move|p1a: Incineroar|Parting Shot|p2a: bababooey
|-unboost|p2a: bababooey|atk|1
|-unboost|p2a: bababooey|spa|1
|
|t:|1785685450
|switch|p1a: Toxapex|Toxapex, L50, M|100/100|[from] Parting Shot
|move|p1b: Charizard|Heat Wave|p2b: Performative Ghost|[spread] p2a,p2b
|-resisted|p2a: bababooey|1
|-supereffective|p2b: Performative Ghost|1
|-damage|p2a: bababooey|68/100
|-damage|p2b: Performative Ghost|0 fnt
|faint|p2b: Performative Ghost
|
|-weather|SunnyDay|[upkeep]
|upkeep
|
|t:|1785685457
|switch|p2b: This is my OC!|Incineroar, L50, M|92/100
|-ability|p2b: This is my OC!|Intimidate|boost
|-unboost|p1a: Toxapex|atk|1
|-unboost|p1b: Charizard|atk|1
|turn|5
|
|t:|1785685477
|move|p1b: Charizard|Protect|p1b: Charizard
|-singleturn|p1b: Charizard|Protect
|move|p2b: This is my OC!|Fake Out|p1b: Charizard
|-activate|p1b: Charizard|move: Protect
|move|p2a: bababooey|Earth Power|p1a: Toxapex
|-supereffective|p1a: Toxapex|1
|-damage|p1a: Toxapex|22/100
|move|p1a: Toxapex|Toxic|p2b: This is my OC!
|-status|p2b: This is my OC!|tox
|
|-weather|SunnyDay|[upkeep]
|-heal|p1a: Toxapex|28/100|[from] item: Leftovers
|-damage|p2b: This is my OC!|86/100 tox|[from] psn
|-fieldend|move: Trick Room
|upkeep
|turn|6
|
|t:|1785685514
|move|p1b: Charizard|Weather Ball|p2a: bababooey
|-resisted|p2a: bababooey|1
|-damage|p2a: bababooey|24/100
|move|p2b: This is my OC!|Flare Blitz|p1b: Charizard
|-resisted|p1b: Charizard|1
|-damage|p1b: Charizard|0 fnt
|faint|p1b: Charizard
|-damage|p2b: This is my OC!|77/100 tox|[from] Recoil
|move|p1a: Toxapex|Infestation|p2b: This is my OC!
|-damage|p2b: This is my OC!|74/100 tox
|-activate|p2b: This is my OC!|move: Infestation|[of] p1a: Toxapex
|move|p2a: bababooey|Earth Power|p1a: Toxapex
|-supereffective|p1a: Toxapex|1
|-damage|p1a: Toxapex|0 fnt
|faint|p1a: Toxapex
|
|-weather|SunnyDay|[upkeep]
|-damage|p2b: This is my OC!|62/100 tox|[from] psn
|-end|p2b: This is my OC!|Infestation|[partiallytrapped]|[silent]
|upkeep
|
|t:|1785685532
|switch|p1b: Incineroar|Incineroar, L50, M|49/100
|-ability|p1b: Incineroar|Intimidate|boost
|-unboost|p2a: bababooey|atk|1
|-unboost|p2b: This is my OC!|atk|1
|turn|7
|
|t:|1785685542
|move|p1b: Incineroar|Flare Blitz|p2a: bababooey
|-resisted|p2a: bababooey|1
|-crit|p2a: bababooey
|-damage|p2a: bababooey|0 fnt
|faint|p2a: bababooey
|-damage|p1b: Incineroar|42/100|[from] Recoil
|move|p2b: This is my OC!|Flare Blitz|p1b: Incineroar
|-resisted|p1b: Incineroar|1
|-damage|p1b: Incineroar|18/100
|-damage|p2b: This is my OC!|54/100 tox|[from] Recoil
|
|-weather|none
|-damage|p2b: This is my OC!|36/100 tox|[from] psn
|upkeep
|
|t:|1785685549
|switch|p2a: how did i get here|Azumarill, L50, M, shiny|100/100
|turn|8
|
|t:|1785685556
|move|p2a: how did i get here|Aqua Jet|p1b: Incineroar
|-supereffective|p1b: Incineroar|1
|-damage|p1b: Incineroar|0 fnt
|faint|p1b: Incineroar
|-damage|p2a: how did i get here|90/100|[from] item: Life Orb
|
|win|SILVESTRON
|c|ŌśåSILVESTRON|GG1
||SILVESTRON is ready for game 2.
|inactive|triskili has 30 seconds to confirm battle start!
|c|Ōśåtriskili|geegee
||triskili is ready for game 2.
|uhtml|next|Next: Game 2 of 3
|l|ŌśåSILVESTRON
|player|p2|
