|j|☆gokturkxd
|j|☆maikage
|html|gokturkxdmaikage    
|uhtml|bestof|Game 1 of a best-of-3
|t:|1757632594
|gametype|doubles
|player|p1|gokturkxd|n-masters3|1103
|player|p2|maikage|firebreather|1104
|gen|9
|tier|[Gen 9] VGC 2025 Reg H (Bo3)
|rated|
|rule|Species Clause: Limit one of each Pokémon
|rule|Item Clause: Limit 1 of each item
|clearpoke
|poke|p1|Kommo-o, L50, M|
|poke|p1|Drifblim, L50, F|
|poke|p1|Hydreigon, L50, F|
|poke|p1|Toxtricity, L50, M|
|poke|p1|Volcarona, L50, M|
|poke|p1|Indeedee, L50, M|
|poke|p2|Maushold, L50|
|poke|p2|Annihilape, L50, F|
|poke|p2|Incineroar, L50, F|
|poke|p2|Rillaboom, L50, F|
|poke|p2|Dragonite, L50, F|
|poke|p2|Gholdengo, L50|
|teampreview|4
|showteam|p1|Kommo-o||Leftovers|Soundproof|BodyPress,Flamethrower,IronDefense,Protect|||M|||50|,,,,,Fire]Drifblim||PsychicSeed|Unburden|Acrobatics,WillOWisp,StrengthSap,Tailwind|||F|||50|,,,,,Grass]Hydreigon||AssaultVest|Levitate|DarkPulse,DracoMeteor,EarthPower,Snarl|||F|||50|,,,,,Ghost]Toxtricity||ChoiceSpecs|PunkRock|VoltSwitch,SludgeBomb,Boomburst,Overdrive|||M|||50|,,,,,Normal]Volcarona||CovertCloak|FlameBody|QuiverDance,HeatWave,TeraBlast,Protect|||M|||50|,,,,,Fairy]Indeedee||FocusSash|PsychicSurge|ExpandingForce,TeraBlast,Imprison,TrickRoom|||M|||50|,,,,,Fighting
|showteam|p2|Maushold||WideLens|Technician|PopulationBomb,BeatUp,Protect,FollowMe||||||50|,,,,,Ghost]Annihilape||Leftovers|Defiant|RageFist,DrainPunch,Protect,BulkUp|||F|||50|,,,,,Fire]Incineroar||SitrusBerry|Intimidate|FakeOut,KnockOff,PartingShot,FlareBlitz|||F|||50|,,,,,Grass]Rillaboom||AssaultVest|GrassySurge|FakeOut,GrassyGlide,Uturn,WoodHammer|||F|||50|,,,,,Fire]Dragonite||LoadedDice|Multiscale|ScaleShot,Tailwind,Protect,Haze|||F|||50|,,,,,Fairy]Gholdengo||LifeOrb|GoodasGold|MakeItRain,ShadowBall,Protect,NastyPlot||||||50|,,,,,Water
|inactive|Battle timer is ON: inactive players will automatically lose when time's up. (requested by maikage)
|inactive|gokturkxd has 60 seconds left.
|inactive|gokturkxd has 30 seconds left.
|inactive|gokturkxd has 20 seconds left.
|inactive|gokturkxd has 15 seconds left.
|
|t:|1757632670
|teamsize|p1|4
|teamsize|p2|4
|start
|switch|p1a: Drifblim|Drifblim, L50, F|100/100
|switch|p1b: Kommo-o|Kommo-o, L50, M|100/100
|switch|p2a: capitalism|Gholdengo, L50|100/100
|switch|p2b: homosexual monkey|Rillaboom, L50, F|100/100
|-fieldstart|move: Grassy Terrain|[from] ability: Grassy Surge|[of] p2b: homosexual monkey
|turn|1
|inactive|gokturkxd has 30 seconds left.
|inactive|maikage has 30 seconds left.
|
|t:|1757632701
|switch|p1b: Indeedee|Indeedee, L50, M|100/100
|-fieldstart|move: Psychic Terrain|[from] ability: Psychic Surge|[of] p1b: Indeedee
|-enditem|p1a: Drifblim|Psychic Seed
|-boost|p1a: Drifblim|spd|1|[from] item: Psychic Seed
|move|p1a: Drifblim|Acrobatics|p2b: homosexual monkey
|-supereffective|p2b: homosexual monkey
|-damage|p2b: homosexual monkey|40/100
|move|p2a: capitalism|Shadow Ball|p1a: Drifblim
|-supereffective|p1a: Drifblim
|-damage|p1a: Drifblim|19/100
|-unboost|p1a: Drifblim|spd|1
|-damage|p2a: capitalism|91/100|[from] item: Life Orb
|move|p2b: homosexual monkey|U-turn|p1a: Drifblim
|-resisted|p1a: Drifblim
|-damage|p1a: Drifblim|13/100
|
|t:|1757632719
|switch|p2b: transsexual cat|Incineroar, L50, F|100/100|[from] U-turn
|-ability|p2b: transsexual cat|Intimidate|boost
|-unboost|p1a: Drifblim|atk|1
|-unboost|p1b: Indeedee|atk|1
|
|upkeep
|turn|2
|inactive|gokturkxd has 30 seconds left.
|
|t:|1757632744
|move|p2a: capitalism|Protect|p2a: capitalism
|-singleturn|p2a: capitalism|Protect
|move|p1a: Drifblim|Strength Sap|p2b: transsexual cat
|-unboost|p2b: transsexual cat|atk|1
|-heal|p1a: Drifblim|81/100
|move|p1b: Indeedee|Expanding Force|p2b: transsexual cat|[spread] 
|-activate|p2a: capitalism|move: Protect
|-immune|p2b: transsexual cat
|move|p2b: transsexual cat|Parting Shot|p1b: Indeedee
|-unboost|p1b: Indeedee|atk|1
|-unboost|p1b: Indeedee|spa|1
|
|t:|1757632756
|switch|p2b: homosexual monkey|Rillaboom, L50, F|40/100|[from] Parting Shot
|-fieldstart|move: Grassy Terrain|[from] ability: Grassy Surge|[of] p2b: homosexual monkey
|
|-heal|p2a: capitalism|97/100|[from] Grassy Terrain
|-heal|p2b: homosexual monkey|45/100|[from] Grassy Terrain
|upkeep
|turn|3
|inactive|gokturkxd has 30 seconds left.
|
|t:|1757632785
|move|p2b: homosexual monkey|Fake Out|p1b: Indeedee
|-damage|p1b: Indeedee|72/100
|move|p1a: Drifblim|Tailwind|p1a: Drifblim
|-sidestart|p1: gokturkxd|move: Tailwind
|cant|p1b: Indeedee|flinch
|move|p2a: capitalism|Shadow Ball|p1a: Drifblim
|-supereffective|p1a: Drifblim
|-damage|p1a: Drifblim|0 fnt
|faint|p1a: Drifblim
|-damage|p2a: capitalism|87/100|[from] item: Life Orb
|
|-heal|p1b: Indeedee|78/100|[from] Grassy Terrain
|-heal|p2a: capitalism|93/100|[from] Grassy Terrain
|-heal|p2b: homosexual monkey|51/100|[from] Grassy Terrain
|upkeep
|
|t:|1757632807
|switch|p1a: Kommo-o|Kommo-o, L50, M|100/100
|turn|4
|inactive|maikage has 30 seconds left.
|
|t:|1757632838
|-terastallize|p1a: Kommo-o|Fire
|-terastallize|p2a: capitalism|Water
|move|p1b: Indeedee|Tera Blast|p2b: homosexual monkey
|-damage|p2b: homosexual monkey|34/100
|move|p1a: Kommo-o|Iron Defense|p1a: Kommo-o
|-boost|p1a: Kommo-o|def|2
|move|p2a: capitalism|Make It Rain|p1b: Indeedee|[spread] p1a,p1b
|-resisted|p1a: Kommo-o
|-damage|p1a: Kommo-o|76/100
|-damage|p1b: Indeedee|5/100
|-unboost|p2a: capitalism|spa|1
|-damage|p2a: capitalism|84/100|[from] item: Life Orb
|move|p2b: homosexual monkey|U-turn|p1b: Indeedee
|-supereffective|p1b: Indeedee
|-damage|p1b: Indeedee|0 fnt
|faint|p1b: Indeedee
|
|t:|1757632854
|switch|p2b: transsexual cat|Incineroar, L50, F|100/100|[from] U-turn
|-ability|p2b: transsexual cat|Intimidate|boost
|-unboost|p1a: Kommo-o|atk|1
|
|-heal|p1a: Kommo-o|82/100|[from] Grassy Terrain
|-heal|p1a: Kommo-o|89/100|[from] item: Leftovers
|-heal|p2a: capitalism|90/100|[from] Grassy Terrain
|upkeep
|
|t:|1757632856
|switch|p1b: Toxtricity|Toxtricity, L50, M, shiny|100/100
|turn|5
|
|t:|1757632877
|move|p2b: transsexual cat|Fake Out|p1a: Kommo-o
|-damage|p1a: Kommo-o|83/100
|move|p1b: Toxtricity|Overdrive|p2b: transsexual cat|[spread] p2a,p2b
|-supereffective|p2a: capitalism
|-damage|p2a: capitalism|0 fnt
|-damage|p2b: transsexual cat|53/100
|faint|p2a: capitalism
|cant|p1a: Kommo-o|flinch
|
|-heal|p1a: Kommo-o|89/100|[from] Grassy Terrain
|-heal|p1a: Kommo-o|95/100|[from] item: Leftovers
|-heal|p2b: transsexual cat|59/100|[from] Grassy Terrain
|upkeep
|
|t:|1757632889
|switch|p2a: homosexual dog|Dragonite, L50, F|100/100
|turn|6
|
|t:|1757632901
|move|p2a: homosexual dog|Protect|p2a: homosexual dog
|-singleturn|p2a: homosexual dog|Protect
|move|p1b: Toxtricity|Overdrive|p2a: homosexual dog|[spread] p2b
|-activate|p2a: homosexual dog|move: Protect
|-damage|p2b: transsexual cat|8/100
|-enditem|p2b: transsexual cat|Sitrus Berry|[eat]
|-heal|p2b: transsexual cat|33/100|[from] item: Sitrus Berry
|move|p1a: Kommo-o|Body Press|p2b: transsexual cat
|-supereffective|p2b: transsexual cat
|-damage|p2b: transsexual cat|0 fnt
|faint|p2b: transsexual cat
|
|-heal|p1a: Kommo-o|100/100|[from] Grassy Terrain
|-sideend|p1: gokturkxd|move: Tailwind
|-fieldend|move: Grassy Terrain
|upkeep
|
|t:|1757632914
|switch|p2b: homosexual monkey|Rillaboom, L50, F|34/100
|-fieldstart|move: Grassy Terrain|[from] ability: Grassy Surge|[of] p2b: homosexual monkey
|turn|7
|
|t:|1757632926
|move|p2b: homosexual monkey|Fake Out|p1b: Toxtricity
|-damage|p1b: Toxtricity|78/100
|cant|p1b: Toxtricity|flinch
|move|p2a: homosexual dog|Scale Shot|p1a: Kommo-o
|-damage|p1a: Kommo-o|95/100
|-damage|p1a: Kommo-o|89/100
|-damage|p1a: Kommo-o|83/100
|-crit|p1a: Kommo-o
|-damage|p1a: Kommo-o|66/100
|-damage|p1a: Kommo-o|61/100
|-hitcount|p1a: Kommo-o|5
|-unboost|p2a: homosexual dog|def|1
|-boost|p2a: homosexual dog|spe|1
|move|p1a: Kommo-o|Body Press|p2a: homosexual dog
|-resisted|p2a: homosexual dog
|-damage|p2a: homosexual dog|71/100
|
|-heal|p1b: Toxtricity|84/100|[from] Grassy Terrain
|-heal|p1a: Kommo-o|67/100|[from] Grassy Terrain
|-heal|p1a: Kommo-o|73/100|[from] item: Leftovers
|-heal|p2b: homosexual monkey|40/100|[from] Grassy Terrain
|upkeep
|turn|8
|inactive|gokturkxd has 30 seconds left.
|inactive|maikage has 30 seconds left.
|
|t:|1757632954
|move|p2a: homosexual dog|Scale Shot|p1b: Toxtricity
|-damage|p1b: Toxtricity|61/100
|-damage|p1b: Toxtricity|38/100
|-damage|p1b: Toxtricity|16/100
|-damage|p1b: Toxtricity|0 fnt
|faint|p1b: Toxtricity
|-hitcount|p1: Toxtricity|4
|-unboost|p2a: homosexual dog|def|1
|-boost|p2a: homosexual dog|spe|1
|move|p1a: Kommo-o|Body Press|p2b: homosexual monkey
|-damage|p2b: homosexual monkey|0 fnt
|faint|p2b: homosexual monkey
|
|-heal|p1a: Kommo-o|79/100|[from] Grassy Terrain
|-heal|p1a: Kommo-o|86/100|[from] item: Leftovers
|upkeep
|turn|9
|
|t:|1757632977
|move|p2a: homosexual dog|Haze|p2a: homosexual dog
|-clearallboost
|move|p1a: Kommo-o|Body Press|p2a: homosexual dog
|-resisted|p2a: homosexual dog
|-damage|p2a: homosexual dog|51/100
|
|-heal|p1a: Kommo-o|92/100|[from] Grassy Terrain
|-heal|p1a: Kommo-o|98/100|[from] item: Leftovers
|upkeep
|turn|10
|
|t:|1757632987
|move|p1a: Kommo-o|Protect|p1a: Kommo-o
|-singleturn|p1a: Kommo-o|Protect
|move|p2a: homosexual dog|Scale Shot|p1a: Kommo-o
|-activate|p1a: Kommo-o|move: Protect
|
|-heal|p1a: Kommo-o|100/100|[from] Grassy Terrain
|upkeep
|turn|11
|
|t:|1757633002
|move|p2a: homosexual dog|Protect|p2a: homosexual dog
|-singleturn|p2a: homosexual dog|Protect
|move|p1a: Kommo-o|Flamethrower|p2a: homosexual dog
|-activate|p2a: homosexual dog|move: Protect
|
|-fieldend|move: Grassy Terrain
|upkeep
|turn|12
|
|t:|1757633008
|move|p2a: homosexual dog|Scale Shot|p1a: Kommo-o
|-damage|p1a: Kommo-o|89/100
|-damage|p1a: Kommo-o|78/100
|-damage|p1a: Kommo-o|67/100
|-damage|p1a: Kommo-o|56/100
|-damage|p1a: Kommo-o|45/100
|-hitcount|p1a: Kommo-o|5
|-unboost|p2a: homosexual dog|def|1
|-boost|p2a: homosexual dog|spe|1
|move|p1a: Kommo-o|Flamethrower|p2a: homosexual dog
|-resisted|p2a: homosexual dog
|-damage|p2a: homosexual dog|33/100
|
|-heal|p1a: Kommo-o|52/100|[from] item: Leftovers
|upkeep
|turn|13
|
|t:|1757633023
|move|p1a: Kommo-o|Protect|p1a: Kommo-o
|-singleturn|p1a: Kommo-o|Protect
|move|p2a: homosexual dog|Scale Shot|p1a: Kommo-o
|-activate|p1a: Kommo-o|move: Protect
|
|-heal|p1a: Kommo-o|58/100|[from] item: Leftovers
|upkeep
|turn|14
|
|t:|1757633031
|move|p2a: homosexual dog|Scale Shot|p1a: Kommo-o
|-damage|p1a: Kommo-o|46/100
|-damage|p1a: Kommo-o|34/100
|-damage|p1a: Kommo-o|24/100
|-damage|p1a: Kommo-o|13/100
|-damage|p1a: Kommo-o|2/100
|-hitcount|p1a: Kommo-o|5
|-unboost|p2a: homosexual dog|def|1
|-boost|p2a: homosexual dog|spe|1
|move|p1a: Kommo-o|Body Press|p2a: homosexual dog
|-resisted|p2a: homosexual dog
|-damage|p2a: homosexual dog|0 fnt
|faint|p2a: homosexual dog
|
|win|gokturkxd
|l|☆maikage
|player|p2|
||gokturkxd is ready for game 2.
||maikage is ready for game 2.
|uhtml|next|Next: Game 2 of 3
