|j|☆MEGA FRAUD
|j|☆Il Mule
|html|MEGA FRAUDIl Mule    
|uhtml|bestof|Game 1 of a best-of-3
|t:|1785334703
|gametype|doubles
|player|p1|MEGA FRAUD|266|1368
|player|p2|Il Mule|salvatore|1523
|gen|9
|tier|[Gen 9 Champions] VGC 2026 Reg M-B (Bo3)
|rated|
|rule|Species Clause: Limit one of each Pokémon
|rule|Item Clause: Limit 1 of each item
|clearpoke
|poke|p1|Tyranitar, L50, F|
|poke|p1|Excadrill, L50, M|
|poke|p1|Milotic, L50, F|
|poke|p1|Sinistcha, L50|
|poke|p1|Staraptor, L50, M|
|poke|p1|Gholdengo, L50|
|poke|p2|Excadrill, L50, M|
|poke|p2|Tyranitar, L50, M|
|poke|p2|Sneasler, L50, M|
|poke|p2|Incineroar, L50, F|
|poke|p2|Froslass, L50, F|
|poke|p2|Sinistcha, L50|
|teampreview|4
|showteam|p1|Tyranitar||Tyranitarite|SandStream|KnockOff,RockSlide,LowKick,Protect|Jolly||F|||50|]Excadrill||FocusSash|SandRush|HighHorsepower,IronHead,RockSlide,Protect|Adamant||M|||50|]Milotic||SitrusBerry|Competitive|Scald,IcyWind,IceBeam,Protect|Calm||F|||50|]Sinistcha||ColburBerry|Hospitality|MatchaGotcha,ShadowBall,Protect,RagePowder|Bold|||||50|]Staraptor||Staraptite|Intimidate|CloseCombat,BraveBird,Tailwind,Protect|Jolly||M|||50|]Gholdengo||LifeOrb|GoodasGold|MakeItRain,ShadowBall,NastyPlot,Protect|Modest|||||50|
|showteam|p2|Excadrill||FocusSash|SandRush|HighHorsepower,RockSlide,IronHead,Protect|Adamant||M|||50|]Tyranitar||Tyranitarite|SandStream|KnockOff,RockSlide,DragonDance,Protect|Adamant||M|||50|]Sneasler||WhiteHerb|Unburden|CloseCombat,DireClaw,Coaching,FakeOut|Jolly||M|||50|]Incineroar||SitrusBerry|Intimidate|FlareBlitz,HelpingHand,PartingShot,FakeOut|Impish||F|||50|]Froslass||Froslassite|CursedBody|Blizzard,ShadowBall,NastyPlot,Protect|Timid||F|||50|]Sinistcha||ColburBerry|Hospitality|ShadowBall,LeafStorm,RagePowder,Protect|Bold|||||50|
|j| goldaniga
|
|t:|1785334752
|teamsize|p1|4
|teamsize|p2|4
|start
|switch|p1a: Excadrill|Excadrill, L50, M|100/100
|switch|p1b: Tyranitar|Tyranitar, L50, F|100/100
|switch|p2a: Gervasoni|Excadrill, L50, M|100/100
|switch|p2b: odi et amo|Froslass, L50, F|100/100
|-weather|Sandstorm|[from] ability: Sand Stream|[of] p1b: Tyranitar
|turn|1
|inactive|Battle timer is ON: inactive players will automatically lose when time's up. (requested by MEGA FRAUD)
|
|t:|1785334774
|switch|p2b: Sidy|Incineroar, L50, F|100/100
|-ability|p2b: Sidy|Intimidate|boost
|-unboost|p1a: Excadrill|atk|1
|-unboost|p1b: Tyranitar|atk|1
|move|p2a: Gervasoni|Protect|p2a: Gervasoni
|-singleturn|p2a: Gervasoni|Protect
|move|p1a: Excadrill|Protect|p1a: Excadrill
|-singleturn|p1a: Excadrill|Protect
|move|p1b: Tyranitar|Protect||[still]
|-fail|p1b: Tyranitar
|
|-weather|Sandstorm|[upkeep]
|-damage|p2b: Sidy|94/100|[from] Sandstorm
|upkeep
|turn|2
|j| estupinanthepuledr
|
|t:|1785334794
|move|p2a: Gervasoni|High Horsepower|p1b: Tyranitar
|-supereffective|p1b: Tyranitar|1
|-damage|p1b: Tyranitar|9/100
|move|p1a: Excadrill|High Horsepower|p2a: Gervasoni
|-supereffective|p2a: Gervasoni|1
|-enditem|p2a: Gervasoni|Focus Sash
|-damage|p2a: Gervasoni|1/100
|move|p1b: Tyranitar|Rock Slide|p2a: Gervasoni|[spread] p2a,p2b
|-resisted|p2a: Gervasoni|2
|-supereffective|p2b: Sidy|1
|-damage|p2a: Gervasoni|0 fnt
|-damage|p2b: Sidy|64/100
|faint|p2a: Gervasoni
|move|p2b: Sidy|Parting Shot|p1a: Excadrill
|-unboost|p1a: Excadrill|atk|1
|-unboost|p1a: Excadrill|spa|1
|
|t:|1785334808
|switch|p2b: odi et amo|Froslass, L50, F|100/100|[from] Parting Shot
|
|-weather|Sandstorm|[upkeep]
|-damage|p2b: odi et amo|93/100|[from] Sandstorm
|upkeep
|c|☆Il Mule|temo g2
|j| lakaka siuuu
|c|☆Il Mule|ero certo buttasse staraptor
|c| lakaka siuuu|frode fiscale
|
|t:|1785334820
|switch|p2a: Sidy|Incineroar, L50, F|64/100
|-ability|p2a: Sidy|Intimidate|boost
|-unboost|p1a: Excadrill|atk|1
|-unboost|p1b: Tyranitar|atk|1
|turn|3
|l| goldaniga
|
|t:|1785334842
|switch|p1a: Gholdengo|Gholdengo, L50|100/100
|move|p1b: Tyranitar|Protect|p1b: Tyranitar
|-singleturn|p1b: Tyranitar|Protect
|move|p2a: Sidy|Fake Out|p1a: Gholdengo
|-immune|p1a: Gholdengo
|move|p2b: odi et amo|Nasty Plot|p2b: odi et amo
|-boost|p2b: odi et amo|spa|2
|
|-weather|Sandstorm|[upkeep]
|-damage|p2b: odi et amo|87/100|[from] Sandstorm
|-damage|p2a: Sidy|58/100|[from] Sandstorm
|upkeep
|turn|4
|j| goldaniga
|l| goldaniga
|j| goldaniga
|inactive|Il Mule has 30 seconds left.
|inactive|Il Mule has 20 seconds left.
|inactive|Il Mule has 15 seconds left.
|
|t:|1785334885
|detailschange|p1b: Tyranitar|Tyranitar-Mega, L50, F
|-mega|p1b: Tyranitar|Tyranitar|Tyranitarite
|move|p2a: Sidy|Helping Hand|p2b: odi et amo
|-singleturn|p2b: odi et amo|Helping Hand|[of] p2a: Sidy
|move|p2b: odi et amo|Shadow Ball|p1a: Gholdengo
|-supereffective|p1a: Gholdengo|1
|-damage|p1a: Gholdengo|0 fnt
|faint|p1a: Gholdengo
|move|p1b: Tyranitar|Rock Slide|p2b: odi et amo|[spread] p2a,p2b
|-supereffective|p2a: Sidy|1
|-supereffective|p2b: odi et amo|1
|-damage|p2a: Sidy|31/100
|-damage|p2b: odi et amo|40/100
|-enditem|p2a: Sidy|Sitrus Berry|[eat]
|-heal|p2a: Sidy|56/100|[from] item: Sitrus Berry
|
|-weather|Sandstorm|[upkeep]
|-damage|p2b: odi et amo|33/100|[from] Sandstorm
|-damage|p2a: Sidy|50/100g|[from] Sandstorm
|upkeep
|
|t:|1785334897
|switch|p1a: Excadrill|Excadrill, L50, M|100/100
|turn|5
|l| goldaniga
|
|t:|1785334914
|switch|p1b: Sinistcha|Sinistcha, L50|100/100
|switch|p2a: Las brulè|Sinistcha, L50|100/100
|-heal|p2b: odi et amo|58/100|[from] ability: Hospitality|[of] p2a: Las brulè
|move|p1a: Excadrill|Protect|p1a: Excadrill
|-singleturn|p1a: Excadrill|Protect
|move|p2b: odi et amo|Protect||[still]
|-fail|p2b: odi et amo
|
|-weather|none
|upkeep
|turn|6
|j| goldaniga
|l| goldaniga
|
|t:|1785334936
|switch|p2a: Sidy|Incineroar, L50, F|50/100g
|-ability|p2a: Sidy|Intimidate|boost
|-unboost|p1a: Excadrill|atk|1
|-unboost|p1b: Sinistcha|atk|1
|detailschange|p2b: odi et amo|Froslass-Mega, L50, F
|-mega|p2b: odi et amo|Froslass|Froslassite
|-weather|Snowscape|[from] ability: Snow Warning|[of] p2b: odi et amo
|move|p2b: odi et amo|Blizzard|p1b: Sinistcha|[spread] p1a,p1b
|-supereffective|p1b: Sinistcha|1
|-enditem|p1a: Excadrill|Focus Sash
|-damage|p1a: Excadrill|1/100
|-damage|p1b: Sinistcha|0 fnt
|faint|p1b: Sinistcha
|move|p1a: Excadrill|Rock Slide|p2b: odi et amo|[spread] p2a,p2b
|-supereffective|p2a: Sidy|1
|-crit|p2a: Sidy
|-supereffective|p2b: odi et amo|1
|-damage|p2a: Sidy|2/100
|-damage|p2b: odi et amo|33/100
|
|-weather|Snowscape|[upkeep]
|upkeep
|j| goldaniga
|
|t:|1785334940
|switch|p1b: Tyranitar|Tyranitar-Mega, L50, F|9/100
|-weather|Sandstorm|[from] ability: Sand Stream|[of] p1b: Tyranitar
|turn|7
|l| goldaniga
|
|t:|1785334958
|switch|p2b: Las brulè|Sinistcha, L50|100/100
|-heal|p2a: Sidy|27/100|[from] ability: Hospitality|[of] p2b: Las brulè
|move|p2a: Sidy|Fake Out|p1a: Excadrill
|-resisted|p1a: Excadrill|1
|-damage|p1a: Excadrill|0 fnt
|faint|p1a: Excadrill
|move|p1b: Tyranitar|Knock Off|p2a: Sidy
|-resisted|p2a: Sidy|1
|-damage|p2a: Sidy|12/100
|
|-weather|Sandstorm|[upkeep]
|-damage|p2b: Las brulè|93/100|[from] Sandstorm
|-damage|p2a: Sidy|6/100|[from] Sandstorm
|upkeep
|turn|8
|j| goldaniga
|-message|MEGA FRAUD forfeited.
|
|win|Il Mule
||Il Mule is ready for game 2.
||MEGA FRAUD is ready for game 2.
|uhtml|next|Next: Game 2 of 3
|j| armor jail
|l| armorjail
|l| goldaniga
|j| rovesciaporci
|l|☆Il Mule
|player|p2|
|l| rovesciaporci
|l| lakaka siuuu
