|j|☆Lightning7157
|j|☆Alolan Kamina
|html|Lightning7157Alolan Kamina    
|uhtml|bestof|Game 2 of a best-of-3
|t:|1783323862
|gametype|doubles
|player|p1|Lightning7157|lucas|1051
|player|p2|Alolan Kamina|1|1084
|gen|9
|tier|[Gen 9 Champions] VGC 2026 Reg M-B (Bo3)
|rated|
|rule|Species Clause: Limit one of each Pokémon
|rule|Item Clause: Limit 1 of each item
|clearpoke
|poke|p1|Ninetales-Alola, L50, M|
|poke|p1|Beedrill, L50, M|
|poke|p1|Grimmsnarl, L50, M|
|poke|p1|Garchomp, L50, M|
|poke|p1|Aegislash, L50, F|
|poke|p1|Rotom-Heat, L50|
|poke|p2|Kingambit, L50, M|
|poke|p2|Charizard, L50, M|
|poke|p2|Aerodactyl, L50, F|
|poke|p2|Farigiraf, L50, M|
|poke|p2|Garchomp, L50, F|
|poke|p2|Sylveon, L50, F|
|teampreview|4
|showteam|p1|Ninetales-Alola||IcyRock|SnowWarning|Blizzard,AuroraVeil,Protect,Encore|Bold||M|||50|]Beedrill||Beedrillite|Sniper|PoisonJab,Uturn,PinMissile,Protect|Adamant||M|||50|]Grimmsnarl||LightClay|Prankster|Reflect,LightScreen,FakeOut,SpiritBreak|Serious||M|||50|]Garchomp||LifeOrb|RoughSkin|RockSlide,DragonClaw,StompingTantrum,Protect|Serious||M|||50|]Aegislash||SitrusBerry|StanceChange|KingsShield,Poltergeist,ShadowSneak,IronHead|Serious||F|||50|]Rotom-Heat||WideLens|Levitate|Overheat,Thunderbolt,VoltSwitch,Trick|Timid|||||50|
|showteam|p2|Kingambit||FocusSash|Defiant|KowtowCleave,IronHead,SuckerPunch,LowKick|Adamant||M|||50|]Charizard||CharizarditeY|Blaze|HeatWave,SolarBeam,WeatherBall,Protect|Modest||M|||50|]Aerodactyl||Aerodactylite|Unnerve|RockSlide,DualWingbeat,IceFang,Tailwind|Jolly||F|||50|]Farigiraf||SitrusBerry|ArmorTail|Psychic,Thunderbolt,TrickRoom,Protect|Bold||M|||50|]Garchomp||LifeOrb|RoughSkin|Earthquake,DragonClaw,StompingTantrum,Protect|Jolly||F|||50|]Sylveon||FairyFeather|Pixilate|HyperVoice,HyperBeam,QuickAttack,Protect|Modest||F|||50|
|inactive|Battle timer is ON: inactive players will automatically lose when time's up. (requested by Lightning7157)
|
|t:|1783323917
|teamsize|p1|4
|teamsize|p2|4
|start
|switch|p1a: Rotom|Rotom-Heat, L50|100/100
|switch|p1b: Ninetales|Ninetales-Alola, L50, M|100/100
|switch|p2a: Aerodactyl|Aerodactyl, L50, F|100/100
|switch|p2b: Garchomp|Garchomp, L50, F|100/100
|-ability|p2a: Aerodactyl|Unnerve
|-weather|Snowscape|[from] ability: Snow Warning|[of] p1b: Ninetales
|turn|1
|inactive|Alolan Kamina has 30 seconds left.
|inactive|Alolan Kamina has 20 seconds left.
|
|t:|1783323956
|detailschange|p2a: Aerodactyl|Aerodactyl-Mega, L50, F
|-mega|p2a: Aerodactyl|Aerodactyl|Aerodactylite
|move|p2a: Aerodactyl|Tailwind|p2a: Aerodactyl
|-sidestart|p2: Alolan Kamina|move: Tailwind
|move|p2b: Garchomp|Dragon Claw|p1a: Rotom
|-damage|p1a: Rotom|25/100
|-damage|p2b: Garchomp|90/100|[from] item: Life Orb
|move|p1b: Ninetales|Aurora Veil|p1b: Ninetales
|-sidestart|p1: Lightning7157|move: Aurora Veil
|move|p1a: Rotom|Volt Switch|p2a: Aerodactyl
|-supereffective|p2a: Aerodactyl|1
|-damage|p2a: Aerodactyl|30/100
|
|t:|1783323966
|switch|p1a: Beedrill|Beedrill, L50, M|100/100|[from] Volt Switch
|
|-weather|Snowscape|[upkeep]
|upkeep
|turn|2
|
|t:|1783323981
|detailschange|p1a: Beedrill|Beedrill-Mega, L50, M
|-mega|p1a: Beedrill|Beedrill|Beedrillite
|move|p1a: Beedrill|Protect|p1a: Beedrill
|-singleturn|p1a: Beedrill|Protect
|move|p2a: Aerodactyl|Rock Slide|p1b: Ninetales|[spread] p1b
|-activate|p1a: Beedrill|move: Protect
|-supereffective|p1b: Ninetales|1
|-damage|p1b: Ninetales|72/100
|move|p2b: Garchomp|Earthquake|p1a: Beedrill|[spread] p1b
|-activate|p1a: Beedrill|move: Protect
|-immune|p2a: Aerodactyl
|-damage|p1b: Ninetales|49/100
|-damage|p2b: Garchomp|80/100|[from] item: Life Orb
|cant|p1b: Ninetales|flinch
|
|-weather|Snowscape|[upkeep]
|upkeep
|turn|3
|
|t:|1783324004
|switch|p1a: Rotom|Rotom-Heat, L50|25/100
|move|p2a: Aerodactyl|Rock Slide|p1a: Rotom|[spread] p1a,p1b
|-supereffective|p1a: Rotom|1
|-supereffective|p1b: Ninetales|1
|-damage|p1a: Rotom|0 fnt
|-damage|p1b: Ninetales|22/100
|faint|p1a: Rotom
|move|p2b: Garchomp|Earthquake|p1b: Ninetales|[spread] p1b
|-immune|p2a: Aerodactyl
|-damage|p1b: Ninetales|0 fnt
|faint|p1b: Ninetales
|-damage|p2b: Garchomp|70/100|[from] item: Life Orb
|
|-weather|Snowscape|[upkeep]
|upkeep
|
|t:|1783324018
|switch|p1b: Beedrill|Beedrill-Mega, L50, M|100/100
|switch|p1a: Grimmsnarl|Grimmsnarl, L50, M|100/100
|turn|4
|inactive|Alolan Kamina has 30 seconds left.
|inactive|Alolan Kamina has 20 seconds left.
|inactive|Alolan Kamina has 15 seconds left.
|
|t:|1783324060
|move|p1a: Grimmsnarl|Fake Out|p2a: Aerodactyl
|-resisted|p2a: Aerodactyl|1
|-damage|p2a: Aerodactyl|22/100
|cant|p2a: Aerodactyl|flinch
|move|p2b: Garchomp|Earthquake|p1b: Beedrill|[spread] p1a,p1b
|-immune|p2a: Aerodactyl
|-damage|p1a: Grimmsnarl|57/100
|-damage|p1b: Beedrill|22/100
|-damage|p2b: Garchomp|61/100|[from] item: Life Orb
|move|p1b: Beedrill|Pin Missile|p2b: Garchomp
|-damage|p2b: Garchomp|38/100
|-damage|p2b: Garchomp|13/100
|-damage|p2b: Garchomp|0 fnt
|faint|p2b: Garchomp
|-hitcount|p2: Garchomp|3
|
|-weather|Snowscape|[upkeep]
|-sideend|p2: Alolan Kamina|move: Tailwind
|upkeep
|
|t:|1783324073
|switch|p2b: Kingambit|Kingambit, L50, M|100/100
|turn|5
|
|t:|1783324085
|move|p1b: Beedrill|Protect|p1b: Beedrill
|-singleturn|p1b: Beedrill|Protect
|move|p2a: Aerodactyl|Rock Slide|p1b: Beedrill|[spread] p1a
|-activate|p1b: Beedrill|move: Protect
|-damage|p1a: Grimmsnarl|34/100
|move|p2b: Kingambit|Iron Head|p1a: Grimmsnarl
|-supereffective|p1a: Grimmsnarl|1
|-damage|p1a: Grimmsnarl|0 fnt
|faint|p1a: Grimmsnarl
|
|-weather|Snowscape|[upkeep]
|-sideend|p1: Lightning7157|move: Aurora Veil
|upkeep
|turn|6
|
|t:|1783324101
|move|p2b: Kingambit|Sucker Punch|p1b: Beedrill
|-damage|p1b: Beedrill|0 fnt
|faint|p1b: Beedrill
|
|win|Alolan Kamina
|raw|Lightning7157's rating: 1051 → 1035(-16 for losing)
|raw|Alolan Kamina's rating: 1084 → 1109(+25 for winning)
