|j|☆NathanaelW19
|j|☆TobiYume
|html|NathanaelW19TobiYume    
|uhtml|bestof|Game 1 of a best-of-3
|t:|1783522713
|gametype|doubles
|player|p1|NathanaelW19|265|1088
|player|p2|TobiYume|cheren-gen5bw2|1108
|gen|9
|tier|[Gen 9 Champions] VGC 2026 Reg M-B (Bo3)
|rated|
|rule|Species Clause: Limit one of each Pokémon
|rule|Item Clause: Limit 1 of each item
|clearpoke
|poke|p1|Scrafty, L50, F|
|poke|p1|Farigiraf, L50, M, shiny|
|poke|p1|Houndoom, L50, M, shiny|
|poke|p1|Torkoal, L50, M|
|poke|p1|Aerodactyl, L50, F, shiny|
|poke|p1|Garchomp, L50, M, shiny|
|poke|p2|Tyranitar, L50, M|
|poke|p2|Garchomp, L50, M|
|poke|p2|Corviknight, L50, M, shiny|
|poke|p2|Rotom-Wash, L50|
|poke|p2|Sneasler, L50, F|
|poke|p2|Froslass, L50, F|
|teampreview|4
|showteam|p1|Scrafty||Scraftinite|Intimidate|Curse,FakeOut,DrainPunch,KnockOff|Brave||F|||50|]Farigiraf||ColburBerry|ArmorTail|TrickRoom,TwinBeam,AllySwitch,Protect|Calm||M|||50|]Houndoom||Houndoominite|Unnerve|SolarBeam,Overheat,DarkPulse,HeatWave|Timid||M|||50|]Torkoal||Charcoal|Drought|Eruption,EarthPower,WeatherBall,Protect|Quiet||M|||50|]Aerodactyl||FocusSash|Unnerve|RockSlide,WideGuard,Tailwind,Protect|Jolly||F|||50|]Garchomp||LifeOrb|RoughSkin|Earthquake,StompingTantrum,DragonClaw,Protect|Jolly||M|||50|
|showteam|p2|Tyranitar||Tyranitarite|SandStream|RockSlide,KnockOff,LowKick,Protect|Adamant||M|||50|]Garchomp||LifeOrb|RoughSkin|DragonClaw,Earthquake,RockSlide,Protect|Jolly||M|||50|]Corviknight||Leftovers|MirrorArmor|BraveBird,BulkUp,Roost,Tailwind|Careful||M|||50|]Rotom-Wash||ChoiceScarf|Levitate|Thunderbolt,HydroPump,Electroweb,Trick|Timid|||||50|]Sneasler||WhiteHerb|Unburden|FakeOut,DireClaw,CloseCombat,Protect|Adamant||F|||50|]Froslass||Froslassite|CursedBody|Blizzard,ShadowBall,AuroraVeil,Protect|Timid||F|||50|
|inactive|Battle timer is ON: inactive players will automatically lose when time's up. (requested by NathanaelW19)
|c|☆NathanaelW19|glhf
|inactive|NathanaelW19 has 60 seconds left.
|inactive|TobiYume has 60 seconds left.
|
|t:|1783522755
|teamsize|p1|4
|teamsize|p2|4
|start
|switch|p1a: Houndoom|Houndoom, L50, M, shiny|100/100
|switch|p1b: Aerodactyl|Aerodactyl, L50, F, shiny|100/100
|switch|p2a: Corviknight|Corviknight, L50, M, shiny|100/100
|switch|p2b: Sneasler|Sneasler, L50, F|100/100
|-ability|p1b: Aerodactyl|Unnerve
|-ability|p1a: Houndoom|Unnerve
|turn|1
|inactive|TobiYume has 30 seconds left.
|
|t:|1783522784
|switch|p2a: Garchomp|Garchomp, L50, M|100/100
|detailschange|p1a: Houndoom|Houndoom-Mega, L50, M, shiny
|-mega|p1a: Houndoom|Houndoom|Houndoominite
|move|p1b: Aerodactyl|Tailwind|p1b: Aerodactyl
|-sidestart|p1: NathanaelW19|move: Tailwind
|move|p1a: Houndoom|Overheat|p2a: Garchomp
|-resisted|p2a: Garchomp|1
|-damage|p2a: Garchomp|57/100
|-unboost|p1a: Houndoom|spa|2
|move|p2b: Sneasler|Close Combat|p1a: Houndoom
|-supereffective|p1a: Houndoom|1
|-damage|p1a: Houndoom|0 fnt
|-unboost|p2b: Sneasler|def|1
|-unboost|p2b: Sneasler|spd|1
|faint|p1a: Houndoom
|-enditem|p2b: Sneasler|White Herb
|-clearnegativeboost|p2b: Sneasler|[silent]
|
|upkeep
|
|t:|1783522790
|switch|p1a: Farigiraf|Farigiraf, L50, M, shiny|100/100
|turn|2
|
|t:|1783522814
|move|p1b: Aerodactyl|Rock Slide|p2b: Sneasler|[spread] p2a,p2b
|-resisted|p2a: Garchomp|1
|-crit|p2a: Garchomp
|-resisted|p2b: Sneasler|1
|-damage|p2a: Garchomp|39/100
|-damage|p2b: Sneasler|78/100
|cant|p2b: Sneasler|flinch
|move|p2a: Garchomp|Dragon Claw|p1a: Farigiraf
|-damage|p1a: Farigiraf|51/100
|-damage|p2a: Garchomp|29/100|[from] item: Life Orb
|move|p1a: Farigiraf|Twin Beam|p2b: Sneasler
|-supereffective|p2b: Sneasler|2
|-damage|p2b: Sneasler|0 fnt
|faint|p2b: Sneasler
|-hitcount|p2: Sneasler|1
|
|upkeep
|
|t:|1783522826
|switch|p2b: Corviknight|Corviknight, L50, M, shiny|100/100
|turn|3
|
|t:|1783522837
|move|p2a: Garchomp|Protect|p2a: Garchomp
|-singleturn|p2a: Garchomp|Protect
|move|p1b: Aerodactyl|Rock Slide|p2a: Garchomp|[spread] p2b
|-activate|p2a: Garchomp|move: Protect
|-damage|p2b: Corviknight|79/100
|move|p1a: Farigiraf|Twin Beam|p2a: Garchomp
|-activate|p2a: Garchomp|move: Protect
|move|p2b: Corviknight|Bulk Up|p2b: Corviknight
|-boost|p2b: Corviknight|atk|1
|-boost|p2b: Corviknight|def|1
|
|-heal|p2b: Corviknight|85/100|[from] item: Leftovers
|upkeep
|turn|4
|
|t:|1783522855
|move|p1b: Aerodactyl|Rock Slide|p2b: Corviknight|[spread] p2a,p2b
|-resisted|p2a: Garchomp|1
|-damage|p2a: Garchomp|16/100
|-damage|p2b: Corviknight|71/100
|cant|p2a: Garchomp|flinch
|move|p2b: Corviknight|Bulk Up|p2b: Corviknight
|-boost|p2b: Corviknight|atk|1
|-boost|p2b: Corviknight|def|1
|move|p1a: Farigiraf|Trick Room|p1a: Farigiraf
|-fieldstart|move: Trick Room|[of] p1a: Farigiraf
|
|-heal|p2b: Corviknight|77/100|[from] item: Leftovers
|-sideend|p1: NathanaelW19|move: Tailwind
|upkeep
|turn|5
|
|t:|1783522879
|switch|p1b: Torkoal|Torkoal, L50, M|100/100
|-weather|SunnyDay|[from] ability: Drought|[of] p1b: Torkoal
|move|p1a: Farigiraf|Twin Beam|p2a: Garchomp
|-damage|p2a: Garchomp|0 fnt
|faint|p2a: Garchomp
|-hitcount|p2: Garchomp|1
|move|p2b: Corviknight|Brave Bird|p1b: Torkoal
|-damage|p1b: Torkoal|38/100
|-damage|p2b: Corviknight|59/100|[from] Recoil
|
|-weather|SunnyDay|[upkeep]
|-heal|p2b: Corviknight|65/100|[from] item: Leftovers
|upkeep
|
|t:|1783522889
|switch|p2a: Froslass|Froslass, L50, F|100/100
|turn|6
|
|t:|1783522905
|switch|p1b: Aerodactyl|Aerodactyl, L50, F, shiny|100/100
|-ability|p1b: Aerodactyl|Unnerve
|detailschange|p2a: Froslass|Froslass-Mega, L50, F
|-mega|p2a: Froslass|Froslass|Froslassite
|-weather|Snowscape|[from] ability: Snow Warning|[of] p2a: Froslass
|move|p1a: Farigiraf|Twin Beam|p2a: Froslass
|-damage|p2a: Froslass|82/100
|-damage|p2a: Froslass|63/100
|-hitcount|p2a: Froslass|2
|move|p2b: Corviknight|Roost|p2b: Corviknight
|-heal|p2b: Corviknight|100/100
|-singleturn|p2b: Corviknight|move: Roost
|move|p2a: Froslass|Shadow Ball|p1b: Aerodactyl
|-damage|p1b: Aerodactyl|42/100
|
|-weather|Snowscape|[upkeep]
|upkeep
|turn|7
|
|t:|1783522930
|move|p1b: Aerodactyl|Wide Guard|p1b: Aerodactyl
|-singleturn|p1b: Aerodactyl|Wide Guard
|move|p1a: Farigiraf|Twin Beam|p2a: Froslass
|-damage|p2a: Froslass|44/100
|-damage|p2a: Froslass|26/100
|-hitcount|p2a: Froslass|2
|move|p2b: Corviknight|Brave Bird|p1b: Aerodactyl
|-resisted|p1b: Aerodactyl|1
|-damage|p1b: Aerodactyl|0 fnt
|faint|p1b: Aerodactyl
|-damage|p2b: Corviknight|89/100|[from] Recoil
|move|p2a: Froslass|Blizzard|p1a: Farigiraf
|-activate|p1a: Farigiraf|move: Wide Guard
|
|-weather|Snowscape|[upkeep]
|-heal|p2b: Corviknight|95/100|[from] item: Leftovers
|upkeep
|
|t:|1783522944
|switch|p1b: Torkoal|Torkoal, L50, M|38/100
|-weather|SunnyDay|[from] ability: Drought|[of] p1b: Torkoal
|turn|8
|
|t:|1783522955
|move|p2a: Froslass|Protect|p2a: Froslass
|-singleturn|p2a: Froslass|Protect
|move|p1a: Farigiraf|Ally Switch|p1a: Farigiraf
|swap|p1a: Farigiraf|1|[from] move: Ally Switch
|move|p1a: Torkoal|Weather Ball|p2b: Corviknight
|-supereffective|p2b: Corviknight|1
|-damage|p2b: Corviknight|0 fnt
|faint|p2b: Corviknight
|
|-weather|SunnyDay|[upkeep]
|-fieldend|move: Trick Room
|upkeep
|turn|9
|
|t:|1783522966
|move|p2a: Froslass|Shadow Ball|p1b: Farigiraf
|-immune|p1b: Farigiraf
|move|p1b: Farigiraf|Twin Beam|p2a: Froslass
|-damage|p2a: Froslass|8/100
|-damage|p2a: Froslass|0 fnt
|faint|p2a: Froslass
|-hitcount|p2: Froslass|2
|
|win|NathanaelW19
||TobiYume is ready for game 2.
|inactive|NathanaelW19 has 30 seconds to confirm battle start!
||NathanaelW19 is ready for game 2.
|uhtml|next|Next: Game 2 of 3
|l|☆TobiYume
|player|p2|
