|j|☆puigdoubleplay
|j|☆VOVOMAXBEN10
|html|puigdoubleplayVOVOMAXBEN10    
|uhtml|bestof|Game 2 of a best-of-3
|t:|1785354522
|gametype|doubles
|player|p1|puigdoubleplay|waiter-gen4dp|1477
|player|p2|VOVOMAXBEN10|wattson|1587
|gen|9
|tier|[Gen 9 Champions] VGC 2026 Reg M-B (Bo3)
|rated|
|rule|Species Clause: Limit one of each Pokémon
|rule|Item Clause: Limit 1 of each item
|clearpoke
|poke|p1|Charizard, L50, F|
|poke|p1|Floette-Eternal, L50, F|
|poke|p1|Basculegion, L50, M|
|poke|p1|Whimsicott, L50, F|
|poke|p1|Garchomp, L50, M|
|poke|p1|Kingambit, L50, M|
|poke|p2|Gardevoir, L50, M|
|poke|p2|Basculegion, L50, M|
|poke|p2|Talonflame, L50, F|
|poke|p2|Maushold, L50|
|poke|p2|Kommo-o, L50, M|
|poke|p2|Kingambit, L50, M|
|teampreview|4
|showteam|p1|Charizard||CharizarditeY|Blaze|HeatWave,SolarBeam,Protect,WeatherBall|Modest||F|||50|]Floette-Eternal||Floettite|FlowerVeil|Moonblast,DazzlingGleam,LightofRuin,Protect|Timid||F|||50|]Basculegion||LifeOrb|Adaptability|WaveCrash,AquaJet,Protect,LastRespects|Adamant||M|||50|]Whimsicott||FocusSash|Prankster|Moonblast,Tailwind,Protect,Encore|Timid||F|||50|]Garchomp||SitrusBerry|RoughSkin|RockTomb,DragonClaw,Protect,Earthquake|Adamant||M|||50|]Kingambit||ChopleBerry|Defiant|KowtowCleave,IronHead,SuckerPunch,LowKick|Adamant||M|||50|
|showteam|p2|Gardevoir||Gardevoirite|Trace|HyperVoice,Psychic,Thunderbolt,Protect|Modest||M|||50|]Basculegion||ChoiceScarf|Adaptability|WaveCrash,LastRespects,FlipTurn,AquaJet|Jolly||M|||50|]Talonflame||SharpBeak|GaleWings|DualWingbeat,FlareBlitz,Tailwind,Protect|Jolly||F|||50|]Maushold||FocusSash|FriendGuard|SuperFang,Feint,FollowMe,Protect|Jolly|||||50|]Kommo-o||LifeOrb|Soundproof|ClangingScales,DracoMeteor,AuraSphere,Protect|Modest||M|||50|]Kingambit||ExpertBelt|Defiant|KowtowCleave,SuckerPunch,IronHead,LowKick|Jolly||M|||50|
|inactive|Battle timer is ON: inactive players will automatically lose when time's up. (requested by puigdoubleplay)
|
|t:|1785354546
|teamsize|p1|4
|teamsize|p2|4
|start
|switch|p1a: Whimsicott|Whimsicott, L50, F|100/100
|switch|p1b: Charizard|Charizard, L50, F|100/100
|switch|p2a: Gardevoir|Gardevoir, L50, M|100/100
|switch|p2b: Talonflame|Talonflame, L50, F|100/100
|-ability|p2a: Gardevoir|Blaze|Trace|[from] ability: Trace|[of] p1b: Charizard
|turn|1
|
|t:|1785354559
|detailschange|p2a: Gardevoir|Gardevoir-Mega, L50, M
|-mega|p2a: Gardevoir|Gardevoir|Gardevoirite
|detailschange|p1b: Charizard|Charizard-Mega-Y, L50, F
|-mega|p1b: Charizard|Charizard|Charizardite Y
|-weather|SunnyDay|[from] ability: Drought|[of] p1b: Charizard
|move|p1a: Whimsicott|Protect|p1a: Whimsicott
|-singleturn|p1a: Whimsicott|Protect
|move|p2b: Talonflame|Tailwind|p2b: Talonflame
|-sidestart|p2: VOVOMAXBEN10|move: Tailwind
|move|p2a: Gardevoir|Thunderbolt|p1b: Charizard
|-supereffective|p1b: Charizard|1
|-damage|p1b: Charizard|27/100
|move|p1b: Charizard|Heat Wave|p2b: Talonflame|[spread] p2a,p2b
|-resisted|p2b: Talonflame|1
|-damage|p2a: Gardevoir|41/100
|-damage|p2b: Talonflame|57/100
|
|-weather|SunnyDay|[upkeep]
|upkeep
|turn|2
|
|t:|1785354584
|move|p1a: Whimsicott|Encore|p2b: Talonflame
|-start|p2b: Talonflame|Encore
|move|p2b: Talonflame|Tailwind||[still]
|-fail|p2b: Talonflame
|move|p2a: Gardevoir|Psychic|p1b: Charizard
|-damage|p1b: Charizard|0 fnt
|faint|p1b: Charizard
|
|-weather|SunnyDay|[upkeep]
|upkeep
|
|t:|1785354599
|switch|p1b: Kingambit|Kingambit, L50, M|100/100
|turn|3
|
|t:|1785354614
|switch|p2b: Maushold|Maushold, L50|100/100
|move|p1a: Whimsicott|Tailwind|p1a: Whimsicott
|-sidestart|p1: puigdoubleplay|move: Tailwind
|move|p2a: Gardevoir|Hyper Voice|p1a: Whimsicott|[spread] p1a,p1b
|-crit|p1b: Kingambit
|-damage|p1a: Whimsicott|3/100
|-damage|p1b: Kingambit|2/100
|move|p1b: Kingambit|Kowtow Cleave|p2b: Maushold
|-damage|p2b: Maushold|35/100
|
|-weather|SunnyDay|[upkeep]
|upkeep
|turn|4
|inactive|puigdoubleplay has 30 seconds left.
|
|t:|1785354645
|switch|p1a: Basculegion|Basculegion, L50, M|100/100
|move|p2b: Maushold|Feint|p1b: Kingambit
|-resisted|p1b: Kingambit|1
|-damage|p1b: Kingambit|0 fnt
|faint|p1b: Kingambit
|move|p2a: Gardevoir|Hyper Voice|p1a: Basculegion
|-damage|p1a: Basculegion|20/100r
|
|-weather|SunnyDay|[upkeep]
|-sideend|p2: VOVOMAXBEN10|move: Tailwind
|upkeep
|
|t:|1785354654
|switch|p1b: Whimsicott|Whimsicott, L50, F|3/100
|turn|5
|
|t:|1785354662
|move|p2a: Gardevoir|Protect|p2a: Gardevoir
|-singleturn|p2a: Gardevoir|Protect
|move|p2b: Maushold|Feint|p1b: Whimsicott
|-damage|p1b: Whimsicott|0 fnt
|faint|p1b: Whimsicott
|move|p1a: Basculegion|Last Respects|p2a: Gardevoir
|-activate|p2a: Gardevoir|move: Protect
|
|-weather|none
|upkeep
|turn|6
|-message|puigdoubleplay forfeited.
|raw|puigdoubleplay's rating: 1477 → 1463(-14 for losing)
|raw|VOVOMAXBEN10's rating: 1587 → 1601(+14 for winning)
|
|win|VOVOMAXBEN10
|l|☆puigdoubleplay
|player|p1|
