|j|☆goatdengo77
|j|☆Bruthathechosen
|html|goatdengo77Bruthathechosen    
|uhtml|bestof|Game 2 of a best-of-3
|t:|1756583616
|gametype|doubles
|player|p1|goatdengo77|2|1029
|player|p2|Bruthathechosen|lady-gen4|1078
|gen|9
|tier|[Gen 9] VGC 2025 Reg H (Bo3)
|rated|
|rule|Species Clause: Limit one of each Pokémon
|rule|Item Clause: Limit 1 of each item
|clearpoke
|poke|p1|Indeedee, L50, M|
|poke|p1|Corviknight, L50, F|
|poke|p1|Toedscruel, L50, M|
|poke|p1|Tyranitar, L50, M|
|poke|p1|Garchomp, L50, F|
|poke|p1|Incineroar, L50, F|
|poke|p2|Annihilape, L50, F|
|poke|p2|Maushold, L50|
|poke|p2|Incineroar, L50, M|
|poke|p2|Sinistcha-Masterpiece, L50|
|poke|p2|Inteleon, L50, M|
|poke|p2|Hydreigon, L50, F|
|teampreview|4
|showteam|p1|Indeedee||ChoiceScarf|PsychicSurge|ExpandingForce,TeraBlast,HyperVoice,Trick|||M|||50|,,,,,Psychic]Corviknight||PsychicSeed|MirrorArmor|BraveBird,PowerTrip,BulkUp,Roost|||F|||50|,,,,,Water]Toedscruel||FocusSash|MyceliumMight|EarthPower,EnergyBall,Spore,RagePowder|||M|||50|,,,,,Ghost]Tyranitar||AssaultVest|SandStream|KnockOff,RockSlide,DragonClaw,IcePunch|||M|||50|,,,,,Fairy]Garchomp||ClearAmulet|SandVeil|DragonClaw,StompingTantrum,Earthquake,Protect|||F|||50|,,,,,Fire]Incineroar||SafetyGoggles|Intimidate|FakeOut,FlareBlitz,KnockOff,PartingShot|||F|||50|,,,,,Bug
|showteam|p2|Annihilape||Leftovers|Defiant|BulkUp,RageFist,DrainPunch,Protect|||F|||50|,,,,,Fire]Maushold||SafetyGoggles|FriendGuard|Taunt,BeatUp,FollowMe,Protect||||||50|,,,,,Ghost]Incineroar||AssaultVest|Intimidate|FakeOut,FlareBlitz,KnockOff,Uturn|||M|||50|,,,,,Grass]Sinistcha-Masterpiece||RockyHelmet|Hospitality|MatchaGotcha,RagePowder,TrickRoom,Protect||||||50|,,,,,Water]Inteleon||FocusSash|Torrent|MuddyWater,IceBeam,Uturn,Protect|||M|||50|,,,,,Ghost]Hydreigon||SitrusBerry|Levitate|Snarl,DracoMeteor,Tailwind,Protect|||F|||50|,,,,,Ghost
|inactive|Battle timer is ON: inactive players will automatically lose when time's up. (requested by goatdengo77)
|
|t:|1756583638
|teamsize|p1|4
|teamsize|p2|4
|start
|switch|p1a: Corviknight|Corviknight, L50, F|100/100
|switch|p1b: Toedscruel|Toedscruel, L50, M|100/100
|switch|p2a: Annihilape|Annihilape, L50, F|100/100
|switch|p2b: Maushold|Maushold, L50|100/100
|turn|1
|
|t:|1756583660
|-terastallize|p1a: Corviknight|Water
|move|p2b: Maushold|Taunt|p1b: Toedscruel
|-start|p1b: Toedscruel|move: Taunt
|move|p2a: Annihilape|Bulk Up|p2a: Annihilape
|-boost|p2a: Annihilape|atk|1
|-boost|p2a: Annihilape|def|1
|move|p1a: Corviknight|Bulk Up|p1a: Corviknight
|-boost|p1a: Corviknight|atk|1
|-boost|p1a: Corviknight|def|1
|cant|p1b: Toedscruel|move: Taunt|Spore
|
|upkeep
|turn|2
|inactive|goatdengo77 has 30 seconds left.
|
|t:|1756583692
|-terastallize|p2a: Annihilape|Fire
|move|p2b: Maushold|Beat Up|p2a: Annihilape
|-damage|p2a: Annihilape|98/100
|-damage|p2a: Annihilape|97/100
|-damage|p2a: Annihilape|95/100
|-damage|p2a: Annihilape|93/100
|-hitcount|p2a: Annihilape|4
|move|p1b: Toedscruel|Earth Power|p2a: Annihilape
|-supereffective|p2a: Annihilape
|-damage|p2a: Annihilape|53/100
|move|p2a: Annihilape|Rage Fist|p1a: Corviknight
|-damage|p1a: Corviknight|0 fnt
|faint|p1a: Corviknight
|
|-heal|p2a: Annihilape|59/100|[from] item: Leftovers
|upkeep
|
|t:|1756583709
|switch|p1a: Indeedee|Indeedee, L50, M|100/100
|-fieldstart|move: Psychic Terrain|[from] ability: Psychic Surge|[of] p1a: Indeedee
|turn|3
|
|t:|1756583724
|switch|p2b: Sinistcha|Sinistcha-Masterpiece, L50|100/100
|-heal|p2a: Annihilape|84/100|[from] ability: Hospitality|[of] p2b: Sinistcha
|move|p2a: Annihilape|Protect|p2a: Annihilape
|-singleturn|p2a: Annihilape|Protect
|move|p1a: Indeedee|Expanding Force|p2a: Annihilape|[spread] p2b
|-activate|p2a: Annihilape|move: Protect
|-crit|p2b: Sinistcha
|-damage|p2b: Sinistcha|21/100
|move|p1b: Toedscruel|Earth Power|p2a: Annihilape
|-activate|p2a: Annihilape|move: Protect
|
|-heal|p2a: Annihilape|89/100|[from] item: Leftovers
|-end|p1b: Toedscruel|move: Taunt
|upkeep
|turn|4
|inactive|Bruthathechosen has 30 seconds left.
|
|t:|1756583751
|switch|p2a: Incineroar|Incineroar, L50, M|100/100
|-ability|p2a: Incineroar|Intimidate|boost
|-unboost|p1a: Indeedee|atk|1
|-unboost|p1b: Toedscruel|atk|1
|move|p2b: Sinistcha|Protect|p2b: Sinistcha
|-singleturn|p2b: Sinistcha|Protect
|move|p1a: Indeedee|Expanding Force|p2a: Incineroar|[spread] 
|-activate|p2b: Sinistcha|move: Protect
|-immune|p2a: Incineroar
|move|p1b: Toedscruel|Earth Power|p2a: Incineroar
|-supereffective|p2a: Incineroar
|-damage|p2a: Incineroar|53/100
|
|upkeep
|turn|5
|inactive|goatdengo77 has 30 seconds left.
|
|t:|1756583780
|switch|p2b: Maushold|Maushold, L50|100/100
|move|p1a: Indeedee|Expanding Force|p2b: Maushold|[spread] p2b
|-immune|p2a: Incineroar
|-damage|p2b: Maushold|37/100
|move|p1b: Toedscruel|Earth Power|p2a: Incineroar
|-supereffective|p2a: Incineroar
|-damage|p2a: Incineroar|22/100
|move|p2a: Incineroar|Knock Off|p1a: Indeedee
|-supereffective|p1a: Indeedee
|-damage|p1a: Indeedee|0 fnt
|-enditem|p1a: Indeedee|Choice Scarf|[from] move: Knock Off|[of] p2a: Incineroar
|faint|p1a: Indeedee
|
|upkeep
|
|t:|1756583789
|switch|p1a: Tyranitar|Tyranitar, L50, M|100/100
|-weather|Sandstorm|[from] ability: Sand Stream|[of] p1a: Tyranitar
|turn|6
|
|t:|1756583800
|move|p2b: Maushold|Follow Me|p2b: Maushold
|-singleturn|p2b: Maushold|move: Follow Me
|move|p1a: Tyranitar|Rock Slide|p2b: Maushold|[spread] p2b
|-miss|p1a: Tyranitar|p2a: Incineroar
|-damage|p2b: Maushold|0 fnt
|faint|p2b: Maushold
|move|p2a: Incineroar|U-turn|p1b: Toedscruel
|-supereffective|p1b: Toedscruel
|-damage|p1b: Toedscruel|22/100
|
|t:|1756583813
|switch|p2a: Sinistcha|Sinistcha-Masterpiece, L50|21/100|[from] U-turn
|move|p1b: Toedscruel|Spore|p2a: Sinistcha
|-immune|p2a: Sinistcha
|
|-weather|Sandstorm|[upkeep]
|-damage|p2a: Sinistcha|15/100|[from] Sandstorm
|upkeep
|
|t:|1756583823
|switch|p2b: Incineroar|Incineroar, L50, M|22/100
|-ability|p2b: Incineroar|Intimidate|boost
|-unboost|p1a: Tyranitar|atk|1
|-unboost|p1b: Toedscruel|atk|1
|turn|7
|
|t:|1756583844
|move|p1b: Toedscruel|Earth Power|p2b: Incineroar
|-supereffective|p2b: Incineroar
|-damage|p2b: Incineroar|0 fnt
|faint|p2b: Incineroar
|move|p2a: Sinistcha|Matcha Gotcha|p1b: Toedscruel|[spread] p1a
|-miss|p2a: Sinistcha|p1b: Toedscruel
|-supereffective|p1a: Tyranitar
|-damage|p1a: Tyranitar|83/100
|-heal|p2a: Sinistcha|27/100|[from] drain|[of] p1a: Tyranitar
|-status|p1a: Tyranitar|brn
|move|p1a: Tyranitar|Rock Slide|p2a: Sinistcha
|-damage|p2a: Sinistcha|15/100
|
|-weather|Sandstorm|[upkeep]
|-damage|p2a: Sinistcha|9/100|[from] Sandstorm
|-damage|p1a: Tyranitar|77/100 brn|[from] brn
|-fieldend|move: Psychic Terrain
|upkeep
|
|t:|1756583859
|switch|p2b: Annihilape|Annihilape, L50, F, tera:Fire|89/100
|turn|8
|
|t:|1756583865
|move|p1b: Toedscruel|Earth Power|p2b: Annihilape
|-supereffective|p2b: Annihilape
|-damage|p2b: Annihilape|32/100
|move|p2b: Annihilape|Drain Punch|p1b: Toedscruel
|-damage|p1b: Toedscruel|0 fnt
|-heal|p2b: Annihilape|41/100|[from] drain|[of] p1b: Toedscruel
|faint|p1b: Toedscruel
|move|p2a: Sinistcha|Matcha Gotcha|p1a: Tyranitar
|-supereffective|p1a: Tyranitar
|-damage|p1a: Tyranitar|48/100 brn
|-heal|p2a: Sinistcha|29/100|[from] drain|[of] p1a: Tyranitar
|move|p1a: Tyranitar|Rock Slide|p2b: Annihilape|[spread] p2a,p2b
|-supereffective|p2b: Annihilape
|-damage|p2a: Sinistcha|20/100
|-damage|p2b: Annihilape|17/100
|
|-weather|Sandstorm|[upkeep]
|-damage|p2b: Annihilape|11/100|[from] Sandstorm
|-damage|p2a: Sinistcha|14/100|[from] Sandstorm
|-heal|p2b: Annihilape|17/100|[from] item: Leftovers
|-damage|p1a: Tyranitar|43/100 brn|[from] brn
|upkeep
|turn|9
|
|t:|1756583888
|move|p2b: Annihilape|Drain Punch|p1a: Tyranitar
|-supereffective|p1a: Tyranitar
|-damage|p1a: Tyranitar|0 fnt
|-heal|p2b: Annihilape|40/100|[from] drain|[of] p1a: Tyranitar
|faint|p1a: Tyranitar
|
|win|Bruthathechosen
||goatdengo77 is ready for game 3.
||Bruthathechosen is ready for game 3.
|uhtml|next|Next: Game 3 of 3
|l|☆goatdengo77
|player|p1|
