|j|☆Chatter Mane
|j|☆AGreatRobot
|html|Chatter ManeAGreatRobot    
|uhtml|bestof|Game 3 of a best-of-3
|t:|1783203120
|gametype|doubles
|player|p1|Chatter Mane|zinnia|
|player|p2|AGreatRobot|medium|
|gen|9
|tier|[Gen 9 Champions] VGC 2026 Reg M-B (Bo3)
|rule|Species Clause: Limit one of each Pokémon
|rule|Item Clause: Limit 1 of each item
|clearpoke
|poke|p1|Froslass, L50, F, shiny|
|poke|p1|Scovillain, L50, F, shiny|
|poke|p1|Rotom-Wash, L50, shiny|
|poke|p1|Glimmora, L50, M, shiny|
|poke|p1|Aegislash, L50, M, shiny|
|poke|p1|Kommo-o, L50, F|
|poke|p2|Annihilape, L50, F|
|poke|p2|Aerodactyl, L50, M|
|poke|p2|Blaziken, L50, M|
|poke|p2|Roserade, L50, M|
|poke|p2|Rotom-Wash, L50|
|poke|p2|Scizor, L50, F|
|teampreview|4
|showteam|p1|Froslass||Froslassite|CursedBody|Blizzard,ShadowBall,AuroraVeil,Protect|Modest||F|||50|]Scovillain||Scovillainite|Moody|Overheat,GigaDrain,RagePowder,Protect|Calm||F|||50|]Rotom-Wash||ChoiceScarf|Levitate|HydroPump,Thunderbolt,Electroweb,Trick|Timid|||||50|]Glimmora||FocusSash|ToxicDebris|SludgeBomb,PowerGem,EarthPower,SpikyShield|Modest||M|||50|]Aegislash||LifeOrb|StanceChange|Poltergeist,IronHead,ShadowSneak,KingsShield|Adamant||M|||50|]Kommo-o||Leftovers|Bulletproof|ClangingScales,AuraSphere,ClangorousSoul,Protect|Modest||F|||50|
|showteam|p2|Annihilape||SitrusBerry|Defiant|RageFist,DrainPunch,BulkUp,Protect|Careful||F|||50|]Aerodactyl||FocusSash|Pressure|RockSlide,WideGuard,Tailwind,Taunt|Jolly||M|||50|]Blaziken||Blazikenite|SpeedBoost|FlareBlitz,CloseCombat,SwordsDance,Detect|Adamant||M|||50|]Roserade||WideLens|PoisonPoint|PinMissile,SleepPowder,LifeDew,LeafStorm|Timid||M|||50|]Rotom-Wash||ChoiceScarf|Levitate|HydroPump,Electroweb,VoltSwitch,Thunderbolt|Modest|||||50|]Scizor||LifeOrb|Technician|Assurance,BulletPunch,Uturn,Protect|Adamant||F|||50|
|
|t:|1783203153
|teamsize|p1|4
|teamsize|p2|4
|start
|switch|p1a: Froslass|Froslass, L50, F, shiny|100/100
|switch|p1b: Scovillain|Scovillain, L50, F, shiny|100/100
|switch|p2a: Scizor|Scizor, L50, F|100/100
|switch|p2b: Blaziken|Blaziken, L50, M|100/100
|turn|1
|
|t:|1783203176
|detailschange|p1a: Froslass|Froslass-Mega, L50, F, shiny
|-mega|p1a: Froslass|Froslass|Froslassite
|-weather|Snowscape|[from] ability: Snow Warning|[of] p1a: Froslass
|detailschange|p2b: Blaziken|Blaziken-Mega, L50, M
|-mega|p2b: Blaziken|Blaziken|Blazikenite
|move|p2a: Scizor|Bullet Punch|p1a: Froslass
|-supereffective|p1a: Froslass|1
|-damage|p1a: Froslass|24/100
|-damage|p2a: Scizor|90/100|[from] item: Life Orb
|move|p1a: Froslass|Aurora Veil|p1a: Froslass
|-sidestart|p1: Chatter Mane|move: Aurora Veil
|move|p2b: Blaziken|Swords Dance|p2b: Blaziken
|-boost|p2b: Blaziken|atk|2
|move|p1b: Scovillain|Overheat|p2a: Scizor
|-supereffective|p2a: Scizor|2
|-damage|p2a: Scizor|0 fnt
|-unboost|p1b: Scovillain|spa|2
|faint|p2a: Scizor
|
|-weather|Snowscape|[upkeep]
|-ability|p2b: Blaziken|Speed Boost|boost
|-boost|p2b: Blaziken|spe|1
|-ability|p1b: Scovillain|Moody|boost
|-boost|p1b: Scovillain|spd|2
|-unboost|p1b: Scovillain|atk|1
|upkeep
|
|t:|1783203189
|switch|p2a: Rotom|Rotom-Wash, L50|100/100
|turn|2
|
|t:|1783203196
|move|p1b: Scovillain|Protect|p1b: Scovillain
|-singleturn|p1b: Scovillain|Protect
|move|p2b: Blaziken|Flare Blitz|p1b: Scovillain
|-activate|p1b: Scovillain|move: Protect
|move|p2a: Rotom|Thunderbolt|p1a: Froslass
|-damage|p1a: Froslass|0 fnt
|faint|p1a: Froslass
|
|-weather|Snowscape|[upkeep]
|-ability|p2b: Blaziken|Speed Boost|boost
|-boost|p2b: Blaziken|spe|1
|-ability|p1b: Scovillain|Moody|boost
|-boost|p1b: Scovillain|atk|2
|-unboost|p1b: Scovillain|spa|1
|upkeep
|
|t:|1783203205
|switch|p1a: Kommo-o|Kommo-o, L50, F|100/100
|turn|3
|
|t:|1783203222
|switch|p2a: Annihilape|Annihilape, L50, F|100/100
|move|p1b: Scovillain|Rage Powder|p1b: Scovillain
|-singleturn|p1b: Scovillain|move: Rage Powder
|move|p2b: Blaziken|Flare Blitz|p1b: Scovillain
|-crit|p1b: Scovillain
|-damage|p1b: Scovillain|0 fnt
|faint|p1b: Scovillain
|-damage|p2b: Blaziken|63/100|[from] Recoil
|move|p1a: Kommo-o|Clangorous Soul|p1a: Kommo-o
|-boost|p1a: Kommo-o|atk|1
|-boost|p1a: Kommo-o|def|1
|-boost|p1a: Kommo-o|spa|1
|-boost|p1a: Kommo-o|spd|1
|-boost|p1a: Kommo-o|spe|1
|-damage|p1a: Kommo-o|67/100
|
|-weather|Snowscape|[upkeep]
|-heal|p1a: Kommo-o|73/100|[from] item: Leftovers
|-ability|p2b: Blaziken|Speed Boost|boost
|-boost|p2b: Blaziken|spe|1
|upkeep
|
|t:|1783203224
|switch|p1b: Rotom|Rotom-Wash, L50, shiny|100/100
|turn|4
|
|t:|1783203249
|move|p2b: Blaziken|Detect|p2b: Blaziken
|-singleturn|p2b: Blaziken|Protect
|move|p1b: Rotom|Thunderbolt|p2a: Annihilape
|-damage|p2a: Annihilape|69/100
|move|p1a: Kommo-o|Clanging Scales|p2b: Blaziken|[spread] p2a
|-activate|p2b: Blaziken|move: Protect
|-damage|p2a: Annihilape|28/100
|-enditem|p2a: Annihilape|Sitrus Berry|[eat]
|-heal|p2a: Annihilape|52/100|[from] item: Sitrus Berry
|-unboost|p1a: Kommo-o|def|1
|move|p2a: Annihilape|Rage Fist|p1a: Kommo-o
|-damage|p1a: Kommo-o|37/100
|
|-weather|Snowscape|[upkeep]
|-heal|p1a: Kommo-o|43/100|[from] item: Leftovers
|-ability|p2b: Blaziken|Speed Boost|boost
|-boost|p2b: Blaziken|spe|1
|upkeep
|turn|5
|
|t:|1783203268
|move|p2b: Blaziken|Close Combat|p1a: Kommo-o
|-damage|p1a: Kommo-o|0 fnt
|-unboost|p2b: Blaziken|def|1
|-unboost|p2b: Blaziken|spd|1
|faint|p1a: Kommo-o
|move|p1b: Rotom|Thunderbolt|p2a: Annihilape
|-damage|p2a: Annihilape|26/100
|move|p2a: Annihilape|Rage Fist|p1b: Rotom
|-damage|p1b: Rotom|25/100
|
|-weather|none
|-sideend|p1: Chatter Mane|move: Aurora Veil
|-ability|p2b: Blaziken|Speed Boost|boost
|-boost|p2b: Blaziken|spe|1
|upkeep
|turn|6
|c|☆Chatter Mane|Gg
|-message|Chatter Mane forfeited.
|
|win|AGreatRobot
|l|☆Chatter Mane
|player|p1|
|c|☆AGreatRobot|Ggs
