|j|☆MaxUtrecht
|j|☆palle synchro
|html|MaxUtrechtpalle synchro    
|uhtml|bestof|Game 1 of a best-of-3
|t:|1783421839
|gametype|doubles
|player|p1|MaxUtrecht|lucas|1187
|player|p2|palle synchro|volkner|1269
|gen|9
|tier|[Gen 9 Champions] VGC 2026 Reg M-B (Bo3)
|rated|
|rule|Species Clause: Limit one of each Pokémon
|rule|Item Clause: Limit 1 of each item
|clearpoke
|poke|p1|Floette-Eternal, L50, F|
|poke|p1|Aerodactyl, L50, M|
|poke|p1|Charizard, L50, M|
|poke|p1|Aegislash, L50, F|
|poke|p1|Maushold-Four, L50|
|poke|p1|Sinistcha-Masterpiece, L50|
|poke|p2|Swampert, L50, F|
|poke|p2|Pelipper, L50, M|
|poke|p2|Archaludon, L50, F|
|poke|p2|Venusaur, L50, F|
|poke|p2|Maushold-Four, L50|
|poke|p2|Gholdengo, L50|
|teampreview|4
|showteam|p1|Floette-Eternal||Floettite|FlowerVeil|Moonblast,DazzlingGleam,CalmMind,Protect|Timid||F|||50|]Aerodactyl||FocusSash|Unnerve|DualWingbeat,RockSlide,Tailwind,WideGuard|Jolly||M|||50|]Charizard||CharizarditeY|SolarPower|HeatWave,SolarBeam,AirSlash,Protect|Timid||M|||50|]Aegislash||Leftovers|StanceChange|Poltergeist,IronHead,ShadowSneak,KingsShield|Adamant||F|||50|]Maushold-Four||SitrusBerry|FriendGuard|SuperFang,FollowMe,Encore,Protect|Timid|||||50|]Sinistcha-Masterpiece||KasibBerry|Hospitality|MatchaGotcha,RagePowder,TrickRoom,ShadowBall|Relaxed|||||50|
|showteam|p2|Swampert||Swampertite|Torrent|WaveCrash,HighHorsepower,IcePunch,Protect|Adamant||F|||50|]Pelipper||SitrusBerry|Drizzle|WeatherBall,Hurricane,Tailwind,WideGuard|Modest||M|||50|]Archaludon||Leftovers|Stamina|ElectroShot,DragonPulse,FlashCannon,Protect|Calm||F|||50|]Venusaur||Venusaurite|Chlorophyll|GigaDrain,EarthPower,SludgeBomb,Protect|Modest||F|||50|]Maushold-Four||FocusSash|FriendGuard|FollowMe,SuperFang,RainDance,Protect|Timid|||||50|]Gholdengo||LifeOrb|GoodasGold|MakeItRain,ShadowBall,NastyPlot,Protect|Modest|||||50|
|inactive|Battle timer is ON: inactive players will automatically lose when time's up. (requested by palle synchro)
|inactive|palle synchro has 60 seconds left.
|
|t:|1783421877
|teamsize|p1|4
|teamsize|p2|4
|start
|switch|p1a: Aegislash|Aegislash, L50, F|100/100
|switch|p1b: Sinistcha|Sinistcha-Masterpiece, L50|100/100
|switch|p2a: Venusaur|Venusaur, L50, F|100/100
|switch|p2b: Maushold|Maushold-Four, L50|100/100
|turn|1
|inactive|MaxUtrecht has 30 seconds left.
|
|t:|1783421912
|detailschange|p2a: Venusaur|Venusaur-Mega, L50, F
|-mega|p2a: Venusaur|Venusaur|Venusaurite
|move|p2b: Maushold|Follow Me|p2b: Maushold
|-singleturn|p2b: Maushold|move: Follow Me
|move|p2a: Venusaur|Earth Power|p1a: Aegislash
|-supereffective|p1a: Aegislash|1
|-damage|p1a: Aegislash|52/100
|move|p1b: Sinistcha|Matcha Gotcha|p2a: Venusaur|[spread] p2a,p2b
|-resisted|p2a: Venusaur|2
|-damage|p2a: Venusaur|96/100
|-damage|p2b: Maushold|69/100
|-status|p2a: Venusaur|brn
|-status|p2b: Maushold|brn
|-formechange|p1a: Aegislash|Aegislash-Blade|
|move|p1a: Aegislash|Iron Head|p2b: Maushold
|-damage|p2b: Maushold|9/100 brn
|
|-heal|p1a: Aegislash|58/100|[from] item: Leftovers
|-damage|p2b: Maushold|3/100 brn|[from] brn
|-damage|p2a: Venusaur|90/100 brn|[from] brn
|upkeep
|turn|2
|
|t:|1783421936
|switch|p2b: Archaludon|Archaludon, L50, F|100/100
|-formechange|p1a: Aegislash|Aegislash|
|move|p1a: Aegislash|King's Shield|p1a: Aegislash
|-singleturn|p1a: Aegislash|Protect
|move|p2a: Venusaur|Earth Power|p1a: Aegislash
|-activate|p1a: Aegislash|move: Protect
|move|p1b: Sinistcha|Matcha Gotcha|p2b: Archaludon|[spread] p2a
|-miss|p1b: Sinistcha|p2b: Archaludon
|-resisted|p2a: Venusaur|2
|-damage|p2a: Venusaur|85/100 brn
|
|-heal|p1a: Aegislash|64/100|[from] item: Leftovers
|-damage|p2a: Venusaur|79/100 brn|[from] brn
|upkeep
|turn|3
|
|t:|1783421957
|move|p2a: Venusaur|Earth Power|p1a: Aegislash
|-supereffective|p1a: Aegislash|1
|-damage|p1a: Aegislash|13/100
|move|p2b: Archaludon|Dragon Pulse|p1a: Aegislash
|-resisted|p1a: Aegislash|1
|-damage|p1a: Aegislash|1/100
|move|p1b: Sinistcha|Shadow Ball|p2a: Venusaur
|-damage|p2a: Venusaur|53/100 brn
|-formechange|p1a: Aegislash|Aegislash-Blade|
|move|p1a: Aegislash|Poltergeist|p2b: Archaludon
|-activate|p2b: Archaludon|move: Poltergeist|Leftovers
|-damage|p2b: Archaludon|52/100
|-ability|p2b: Archaludon|Stamina|boost
|-boost|p2b: Archaludon|def|1
|
|-heal|p2b: Archaludon|58/100|[from] item: Leftovers
|-heal|p1a: Aegislash|6/100|[from] item: Leftovers
|-damage|p2a: Venusaur|47/100 brn|[from] brn
|upkeep
|turn|4
|
|t:|1783421978
|switch|p2a: Pelipper|Pelipper, L50, M|100/100
|-weather|RainDance|[from] ability: Drizzle|[of] p2a: Pelipper
|move|p1a: Aegislash|Shadow Sneak|p2a: Pelipper
|-damage|p2a: Pelipper|72/100
|move|p2b: Archaludon|Electro Shot||[still]
|-prepare|p2b: Archaludon|Electro Shot
|-boost|p2b: Archaludon|spa|1
|-anim|p2b: Archaludon|Electro Shot|p1b: Sinistcha
|-resisted|p1b: Sinistcha|1
|-damage|p1b: Sinistcha|72/100
|move|p1b: Sinistcha|Shadow Ball|p2a: Pelipper
|-damage|p2a: Pelipper|30/100
|-unboost|p2a: Pelipper|spd|1
|-enditem|p2a: Pelipper|Sitrus Berry|[eat]
|-heal|p2a: Pelipper|55/100|[from] item: Sitrus Berry
|
|-weather|RainDance|[upkeep]
|-heal|p2b: Archaludon|65/100|[from] item: Leftovers
|-heal|p1a: Aegislash|12/100|[from] item: Leftovers
|upkeep
|turn|5
|inactive|MaxUtrecht has 30 seconds left.
|
|t:|1783422003
|move|p1b: Sinistcha|Rage Powder|p1b: Sinistcha
|-singleturn|p1b: Sinistcha|move: Rage Powder
|move|p2b: Archaludon|Electro Shot||[still]
|-prepare|p2b: Archaludon|Electro Shot
|-boost|p2b: Archaludon|spa|1
|-anim|p2b: Archaludon|Electro Shot|p1b: Sinistcha
|-resisted|p1b: Sinistcha|1
|-damage|p1b: Sinistcha|30/100
|move|p2a: Pelipper|Tailwind|p2a: Pelipper
|-sidestart|p2: palle synchro|move: Tailwind
|move|p1a: Aegislash|Poltergeist|p2b: Archaludon
|-activate|p2b: Archaludon|move: Poltergeist|Leftovers
|-damage|p2b: Archaludon|30/100
|-ability|p2b: Archaludon|Stamina|boost
|-boost|p2b: Archaludon|def|1
|
|-weather|RainDance|[upkeep]
|-heal|p2b: Archaludon|36/100|[from] item: Leftovers
|-heal|p1a: Aegislash|18/100|[from] item: Leftovers
|upkeep
|turn|6
|
|t:|1783422023
|move|p1a: Aegislash|Shadow Sneak|p2a: Pelipper
|-damage|p2a: Pelipper|29/100
|move|p2b: Archaludon|Electro Shot||[still]
|-prepare|p2b: Archaludon|Electro Shot
|-boost|p2b: Archaludon|spa|1
|-anim|p2b: Archaludon|Electro Shot|p1b: Sinistcha
|-resisted|p1b: Sinistcha|1
|-damage|p1b: Sinistcha|0 fnt
|faint|p1b: Sinistcha
|move|p2a: Pelipper|Hurricane|p1a: Aegislash
|-resisted|p1a: Aegislash|1
|-damage|p1a: Aegislash|0 fnt
|faint|p1a: Aegislash
|
|-weather|RainDance|[upkeep]
|-heal|p2b: Archaludon|43/100|[from] item: Leftovers
|upkeep
|
|t:|1783422039
|switch|p1b: Maushold|Maushold-Four, L50|100/100
|switch|p1a: Floette|Floette-Eternal, L50, F|100/100
|turn|7
|
|t:|1783422047
|detailschange|p1a: Floette|Floette-Mega, L50, F
|-mega|p1a: Floette|Floette|Floettite
|-ability|p1a: Floette|Fairy Aura
|move|p1b: Maushold|Follow Me|p1b: Maushold
|-singleturn|p1b: Maushold|move: Follow Me
|move|p2b: Archaludon|Flash Cannon|p1b: Maushold
|-damage|p1b: Maushold|6/100
|-enditem|p1b: Maushold|Sitrus Berry|[eat]
|-heal|p1b: Maushold|31/100|[from] item: Sitrus Berry
|move|p2a: Pelipper|Weather Ball|p1b: Maushold
|-damage|p1b: Maushold|0 fnt
|faint|p1b: Maushold
|move|p1a: Floette|Dazzling Gleam|p2b: Archaludon|[spread] p2a,p2b
|-damage|p2a: Pelipper|0 fnt
|-damage|p2b: Archaludon|0 fnt
|faint|p2a: Pelipper
|faint|p2b: Archaludon
|
|-weather|RainDance|[upkeep]
|upkeep
|
|t:|1783422054
|switch|p2b: Venusaur|Venusaur-Mega, L50, F|47/100 brn
|switch|p2a: Maushold|Maushold-Four, L50|3/100 brn
|turn|8
|
|t:|1783422066
|move|p1a: Floette|Protect|p1a: Floette
|-singleturn|p1a: Floette|Protect
|move|p2a: Maushold|Super Fang|p1a: Floette
|-activate|p1a: Floette|move: Protect
|move|p2b: Venusaur|Sludge Bomb|p1a: Floette
|-activate|p1a: Floette|move: Protect
|
|-weather|none
|-damage|p2a: Maushold|0 fnt|[from] brn
|faint|p2a: Maushold
|-damage|p2b: Venusaur|41/100 brn|[from] brn
|-sideend|p2: palle synchro|move: Tailwind
|upkeep
|turn|9
|
|t:|1783422080
|move|p1a: Floette|Moonblast|p2b: Venusaur
|-resisted|p2b: Venusaur|1
|-damage|p2b: Venusaur|10/100 brn
|move|p2b: Venusaur|Sludge Bomb|p1a: Floette
|-supereffective|p1a: Floette|1
|-damage|p1a: Floette|27/100
|-status|p1a: Floette|psn
|
|-damage|p1a: Floette|15/100 psn|[from] psn
|-damage|p2b: Venusaur|4/100 brn|[from] brn
|upkeep
|turn|10
|
|t:|1783422090
|move|p1a: Floette|Protect|p1a: Floette
|-singleturn|p1a: Floette|Protect
|move|p2b: Venusaur|Sludge Bomb|p1a: Floette
|-activate|p1a: Floette|move: Protect
|
|-damage|p1a: Floette|3/100 psn|[from] psn
|-damage|p2b: Venusaur|0 fnt|[from] brn
|faint|p2b: Venusaur
|
|win|MaxUtrecht
