|j|☆Roncolaenjoyer
|j|☆mikewwm8
|html|Roncolaenjoyermikewwm8    
|uhtml|bestof|Game 3 of a best-of-3
|t:|1783871187
|gametype|doubles
|player|p1|Roncolaenjoyer|nate|1484
|player|p2|mikewwm8|266|1370
|gen|9
|tier|[Gen 9 Champions] VGC 2026 Reg M-B (Bo3)
|rated|
|rule|Species Clause: Limit one of each Pokémon
|rule|Item Clause: Limit 1 of each item
|clearpoke
|poke|p1|Blastoise, L50, F|
|poke|p1|Delphox, L50, M|
|poke|p1|Sneasler, L50, M|
|poke|p1|Incineroar, L50, F|
|poke|p1|Kingambit, L50, M|
|poke|p1|Sinistcha, L50|
|poke|p2|Raichu, L50, M|
|poke|p2|Mawile, L50, M|
|poke|p2|Sinistcha, L50, shiny|
|poke|p2|Ceruledge, L50, F|
|poke|p2|Milotic, L50, F, shiny|
|poke|p2|Incineroar, L50, M|
|teampreview|4
|showteam|p1|Blastoise||Blastoisinite|RainDish|WaterSpout,DarkPulse,ShellSmash,Protect|Modest||F|||50|]Delphox||Delphoxite|Blaze|HeatWave,Psyshock,NastyPlot,Protect|Timid||M|||50|]Sneasler||FocusSash|PoisonTouch|FakeOut,CloseCombat,DireClaw,QuickGuard|Jolly||M|||50|]Incineroar||SitrusBerry|Intimidate|FakeOut,FlareBlitz,PartingShot,HelpingHand|Impish||F|||50|]Kingambit||BlackGlasses|Defiant|KowtowCleave,SuckerPunch,SwordsDance,Protect|Adamant||M|||50|]Sinistcha||OccaBerry|Hospitality|MatchaGotcha,RagePowder,TrickRoom,Protect|Bold|||||50|
|showteam|p2|Raichu||RaichuniteY|LightningRod|ZapCannon,FocusBlast,FakeOut,Protect|Timid||M|||50|]Mawile||Mawilite|HyperCutter|PlayRough,SuckerPunch,SwordsDance,Protect|Adamant||M|||50|]Sinistcha||KasibBerry|Hospitality|MatchaGotcha,LifeDew,RagePowder,Protect|Relaxed|||||50|]Ceruledge||ColburBerry|FlashFire|BitterBlade,ShadowSneak,BulkUp,Protect|Adamant||F|||50|]Milotic||Leftovers|Competitive|MuddyWater,Coil,Hypnosis,Protect|Calm||F|||50|]Incineroar||SitrusBerry|Intimidate|FlareBlitz,ThroatChop,FakeOut,PartingShot|Impish||M|||50|
|inactive|Battle timer is ON: inactive players will automatically lose when time's up. (requested by Roncolaenjoyer)
|inactive|mikewwm8 has 60 seconds left.
|
|t:|1783871231
|teamsize|p1|4
|teamsize|p2|4
|start
|switch|p1a: Blastoise|Blastoise, L50, F|100/100
|switch|p1b: Sinistcha|Sinistcha, L50|100/100
|switch|p2a: Ceruledge|Ceruledge, L50, F|100/100
|switch|p2b: Milotic|Milotic, L50, F, shiny|100/100
|turn|1
|
|t:|1783871248
|detailschange|p1a: Blastoise|Blastoise-Mega, L50, F
|-mega|p1a: Blastoise|Blastoise|Blastoisinite
|move|p2a: Ceruledge|Protect|p2a: Ceruledge
|-singleturn|p2a: Ceruledge|Protect
|move|p1a: Blastoise|Water Spout|p2a: Ceruledge|[spread] p2b
|-activate|p2a: Ceruledge|move: Protect
|-resisted|p2b: Milotic|1
|-damage|p2b: Milotic|80/100
|move|p2b: Milotic|Coil|p2b: Milotic
|-boost|p2b: Milotic|atk|1
|-boost|p2b: Milotic|def|1
|-boost|p2b: Milotic|accuracy|1
|move|p1b: Sinistcha|Matcha Gotcha|p2a: Ceruledge|[spread] p2b
|-activate|p2a: Ceruledge|move: Protect
|-supereffective|p2b: Milotic|1
|-damage|p2b: Milotic|46/100
|-status|p2b: Milotic|brn
|
|-heal|p2b: Milotic|52/100 brn|[from] item: Leftovers
|-damage|p2b: Milotic|46/100 brn|[from] brn
|upkeep
|turn|2
|inactive|Roncolaenjoyer has 30 seconds left.
|
|t:|1783871275
|switch|p2a: Sinistcha|Sinistcha, L50, shiny|100/100
|-heal|p2b: Milotic|71/100 brn|[from] ability: Hospitality|[of] p2a: Sinistcha
|move|p1a: Blastoise|Protect|p1a: Blastoise
|-singleturn|p1a: Blastoise|Protect
|move|p2b: Milotic|Hypnosis|p1a: Blastoise
|-activate|p1a: Blastoise|move: Protect
|move|p1b: Sinistcha|Matcha Gotcha|p2b: Milotic|[spread] p2a,p2b
|-resisted|p2a: Sinistcha|1
|-supereffective|p2b: Milotic|1
|-damage|p2a: Sinistcha|88/100
|-damage|p2b: Milotic|37/100 brn
|
|-heal|p2b: Milotic|43/100 brn|[from] item: Leftovers
|-damage|p2b: Milotic|37/100 brn|[from] brn
|upkeep
|turn|3
|inactive|Roncolaenjoyer has 30 seconds left.
|
|t:|1783871301
|switch|p1a: Incineroar|Incineroar, L50, F|100/100
|-ability|p1a: Incineroar|Intimidate|boost
|-unboost|p2a: Sinistcha|atk|1
|-unboost|p2b: Milotic|atk|1
|-ability|p2b: Milotic|Competitive|boost
|-boost|p2b: Milotic|spa|2
|move|p2b: Milotic|Hypnosis|p1a: Incineroar
|-status|p1a: Incineroar|slp|[from] move: Hypnosis
|move|p1b: Sinistcha|Matcha Gotcha|p2b: Milotic|[spread] p2a,p2b
|-resisted|p2a: Sinistcha|1
|-supereffective|p2b: Milotic|1
|-damage|p2a: Sinistcha|76/100
|-damage|p2b: Milotic|3/100 brn
|move|p2a: Sinistcha|Matcha Gotcha|p1a: Incineroar|[spread] p1a,p1b
|-resisted|p1a: Incineroar|1
|-resisted|p1b: Sinistcha|1
|-crit|p1b: Sinistcha
|-damage|p1a: Incineroar|88/100 slp
|-heal|p2a: Sinistcha|83/100|[from] drain|[of] p1a: Incineroar
|-damage|p1b: Sinistcha|82/100
|-heal|p2a: Sinistcha|92/100|[from] drain|[of] p1b: Sinistcha
|
|-heal|p2b: Milotic|9/100 brn|[from] item: Leftovers
|-damage|p2b: Milotic|3/100 brn|[from] brn
|upkeep
|turn|4
|inactive|Roncolaenjoyer has 30 seconds left.
|
|t:|1783871327
|switch|p2a: Ceruledge|Ceruledge, L50, F|100/100
|move|p2b: Milotic|Muddy Water|p1a: Incineroar|[spread] p1a,p1b
|-supereffective|p1a: Incineroar|1
|-resisted|p1b: Sinistcha|1
|-damage|p1a: Incineroar|0 fnt
|-damage|p1b: Sinistcha|57/100
|faint|p1a: Incineroar
|move|p1b: Sinistcha|Matcha Gotcha|p2b: Milotic|[spread] p2a,p2b
|-resisted|p2a: Ceruledge|1
|-supereffective|p2b: Milotic|1
|-damage|p2a: Ceruledge|87/100
|-heal|p1b: Sinistcha|64/100|[from] drain|[of] p2a: Ceruledge
|-damage|p2b: Milotic|0 fnt
|-heal|p1b: Sinistcha|66/100|[from] drain|[of] p2b: Milotic
|faint|p2b: Milotic
|
|upkeep
|
|t:|1783871342
|switch|p2b: Sinistcha|Sinistcha, L50, shiny|92/100
|switch|p1a: Blastoise|Blastoise-Mega, L50, F|100/100
|-heal|p2a: Ceruledge|100/100|[from] ability: Hospitality|[of] p2b: Sinistcha
|turn|5
|
|t:|1783871365
|move|p2a: Ceruledge|Shadow Sneak|p1b: Sinistcha
|-supereffective|p1b: Sinistcha|1
|-crit|p1b: Sinistcha
|-damage|p1b: Sinistcha|18/100
|move|p1a: Blastoise|Dark Pulse|p2b: Sinistcha
|-supereffective|p2b: Sinistcha|1
|-damage|p2b: Sinistcha|6/100
|move|p1b: Sinistcha|Matcha Gotcha|p2a: Ceruledge|[spread] p2a,p2b
|-resisted|p2a: Ceruledge|1
|-resisted|p2b: Sinistcha|1
|-damage|p2a: Ceruledge|88/100
|-heal|p1b: Sinistcha|24/100|[from] drain|[of] p2a: Ceruledge
|-damage|p2b: Sinistcha|0 fnt
|-heal|p1b: Sinistcha|27/100|[from] drain|[of] p2b: Sinistcha
|faint|p2b: Sinistcha
|
|upkeep
|
|t:|1783871375
|switch|p2b: Mawile|Mawile, L50, M|100/100
|turn|6
|
|t:|1783871391
|detailschange|p2b: Mawile|Mawile-Mega, L50, M
|-mega|p2b: Mawile|Mawile|Mawilite
|move|p2a: Ceruledge|Protect|p2a: Ceruledge
|-singleturn|p2a: Ceruledge|Protect
|move|p1b: Sinistcha|Rage Powder|p1b: Sinistcha
|-singleturn|p1b: Sinistcha|move: Rage Powder
|move|p1a: Blastoise|Water Spout|p2b: Mawile|[spread] p2b
|-activate|p2a: Ceruledge|move: Protect
|-damage|p2b: Mawile|36/100
|move|p2b: Mawile|Play Rough|p1b: Sinistcha
|-damage|p1b: Sinistcha|0 fnt
|faint|p1b: Sinistcha
|
|upkeep
|
|t:|1783871403
|switch|p1b: Kingambit|Kingambit, L50, M|100/100
|turn|7
|inactive|Roncolaenjoyer has 30 seconds left.
|
|t:|1783871429
|move|p1a: Blastoise|Water Spout|p2b: Mawile|[spread] p2a,p2b
|-supereffective|p2a: Ceruledge|1
|-crit|p2b: Mawile
|-damage|p2a: Ceruledge|0 fnt
|-damage|p2b: Mawile|0 fnt
|faint|p2a: Ceruledge
|faint|p2b: Mawile
|
|win|Roncolaenjoyer
|raw|Roncolaenjoyer's rating: 1484 → 1498(+14 for winning)
|raw|mikewwm8's rating: 1370 → 1356(-14 for losing)
