|j|☆marcosdeltasena31
|j|☆Hemz0 0
|html|marcosdeltasena31Hemz0 0    
|uhtml|bestof|Game 2 of a best-of-3
|t:|1756614130
|gametype|doubles
|player|p1|marcosdeltasena31|hilbert|1340
|player|p2|Hemz0 0|depotagent|1214
|gen|9
|tier|[Gen 9] VGC 2025 Reg H (Bo3)
|rated|
|rule|Species Clause: Limit one of each Pokémon
|rule|Item Clause: Limit 1 of each item
|clearpoke
|poke|p1|Dragonite, L50, F|
|poke|p1|Sneasler, L50, F|
|poke|p1|Volcarona, L50, M|
|poke|p1|Rillaboom, L50, M|
|poke|p1|Kingambit, L50, F|
|poke|p1|Electabuzz, L50, F|
|poke|p2|Pelipper, L50, M|
|poke|p2|Archaludon, L50, F|
|poke|p2|Incineroar, L50, F|
|poke|p2|Sneasler, L50, F|
|poke|p2|Rillaboom, L50, M|
|poke|p2|Gholdengo, L50|
|teampreview|4
|showteam|p1|Dragonite||LoadedDice|Multiscale|ScaleShot,ExtremeSpeed,Haze,Protect|||F|||50|,,,,,Fairy]Sneasler||FocusSash|PoisonTouch|DireClaw,CloseCombat,FakeOut,Coaching|||F|||50|,,,,,Ghost]Volcarona||CovertCloak|FlameBody|HeatWave,TeraBlast,QuiverDance,Protect|||M|||50|,,,,,Fairy]Rillaboom||AssaultVest|GrassySurge|WoodHammer,FakeOut,GrassyGlide,HighHorsepower|||M|||50|,,,,,Fire]Kingambit||BlackGlasses|Defiant|KowtowCleave,SwordsDance,SuckerPunch,Protect|||F|||50|,,,,,Dark]Electabuzz||Eviolite|VitalSpirit|Electroweb,FollowMe,Taunt,Protect|||F|||50|,,,,,Ghost
|showteam|p2|Pelipper||ChoiceScarf|Drizzle|WeatherBall,Hurricane,Tailwind,Uturn|||M|||50|,,,,,Ghost]Archaludon||PowerHerb|Sturdy|ElectroShot,DragonPulse,FlashCannon,Protect|||F|||50|,,,,,Electric]Incineroar||SafetyGoggles|Intimidate|Taunt,FakeOut,KnockOff,PartingShot|||F|||50|,,,,,Ghost]Sneasler||GrassySeed|Unburden|CloseCombat,DireClaw,ThroatChop,Protect|||F|||50|,,,,,Dark]Rillaboom||AssaultVest|GrassySurge|WoodHammer,GrassyGlide,FakeOut,HighHorsepower|||M|||50|,,,,,Fire]Gholdengo||MetalCoat|GoodasGold|ShadowBall,MakeItRain,NastyPlot,Protect||||||50|,,,,,Fighting
|
|t:|1756614144
|teamsize|p1|4
|teamsize|p2|4
|start
|switch|p1a: Dragonite|Dragonite, L50, F|100/100
|switch|p1b: Sneasler|Sneasler, L50, F|100/100
|switch|p2a: Sabzi Wala|Rillaboom, L50, M, shiny|100/100
|switch|p2b: Archaludon|Archaludon, L50, F|100/100
|-fieldstart|move: Grassy Terrain|[from] ability: Grassy Surge|[of] p2a: Sabzi Wala
|turn|1
|
|t:|1756614154
|move|p1b: Sneasler|Fake Out|p2a: Sabzi Wala
|-damage|p2a: Sabzi Wala|87/100
|move|p2b: Archaludon|Dragon Pulse|p1a: Dragonite
|-supereffective|p1a: Dragonite
|-damage|p1a: Dragonite|52/100
|move|p1a: Dragonite|Scale Shot|p2b: Archaludon
|-crit|p2b: Archaludon
|-damage|p2b: Archaludon|81/100
|-damage|p2b: Archaludon|66/100
|-damage|p2b: Archaludon|55/100
|-damage|p2b: Archaludon|42/100
|-hitcount|p2b: Archaludon|4
|-unboost|p1a: Dragonite|def|1
|-boost|p1a: Dragonite|spe|1
|cant|p2a: Sabzi Wala|flinch
|
|-heal|p2b: Archaludon|48/100|[from] Grassy Terrain
|-heal|p2a: Sabzi Wala|93/100|[from] Grassy Terrain
|upkeep
|turn|2
|
|t:|1756614173
|move|p1a: Dragonite|Scale Shot|p2a: Sabzi Wala|[miss]
|-miss|p1a: Dragonite|p2a: Sabzi Wala
|move|p1b: Sneasler|Close Combat|p2b: Archaludon
|-supereffective|p2b: Archaludon
|-damage|p2b: Archaludon|0 fnt
|-unboost|p1b: Sneasler|def|1
|-unboost|p1b: Sneasler|spd|1
|faint|p2b: Archaludon
|move|p2a: Sabzi Wala|High Horsepower|p1b: Sneasler
|-supereffective|p1b: Sneasler
|-enditem|p1b: Sneasler|Focus Sash
|-damage|p1b: Sneasler|1/100
|
|-heal|p1b: Sneasler|7/100|[from] Grassy Terrain
|-heal|p2a: Sabzi Wala|99/100|[from] Grassy Terrain
|upkeep
|
|t:|1756614189
|switch|p2b: Gholdengo|Gholdengo, L50|100/100
|turn|3
|
|t:|1756614194
|move|p2a: Sabzi Wala|Grassy Glide|p1b: Sneasler
|-resisted|p1b: Sneasler
|-crit|p1b: Sneasler
|-damage|p1b: Sneasler|0 fnt
|faint|p1b: Sneasler
|move|p1a: Dragonite|Scale Shot|p2a: Sabzi Wala
|-damage|p2a: Sabzi Wala|85/100
|-damage|p2a: Sabzi Wala|72/100
|-damage|p2a: Sabzi Wala|58/100
|-damage|p2a: Sabzi Wala|43/100
|-hitcount|p2a: Sabzi Wala|4
|-unboost|p1a: Dragonite|def|1
|-boost|p1a: Dragonite|spe|1
|move|p2b: Gholdengo|Nasty Plot|p2b: Gholdengo
|-boost|p2b: Gholdengo|spa|2
|
|-heal|p2a: Sabzi Wala|49/100|[from] Grassy Terrain
|upkeep
|
|t:|1756614204
|switch|p1b: Kingambit|Kingambit, L50, F|100/100
|turn|4
|
|t:|1756614224
|-terastallize|p2b: Gholdengo|Fighting
|move|p1a: Dragonite|Haze|p1a: Dragonite
|-clearallboost
|move|p2b: Gholdengo|Make It Rain|p1a: Dragonite|[spread] p1a,p1b
|-resisted|p1b: Kingambit
|-damage|p1a: Dragonite|0 fnt
|-damage|p1b: Kingambit|76/100
|-unboost|p2b: Gholdengo|spa|1
|faint|p1a: Dragonite
|move|p2a: Sabzi Wala|High Horsepower|p1b: Kingambit
|-supereffective|p1b: Kingambit
|-damage|p1b: Kingambit|30/100
|move|p1b: Kingambit|Kowtow Cleave|p2b: Gholdengo
|-resisted|p2b: Gholdengo
|-damage|p2b: Gholdengo|74/100
|
|-heal|p2b: Gholdengo|80/100|[from] Grassy Terrain
|-heal|p2a: Sabzi Wala|55/100|[from] Grassy Terrain
|-heal|p1b: Kingambit|36/100|[from] Grassy Terrain
|upkeep
|
|t:|1756614232
|switch|p1a: Electabuzz|Electabuzz, L50, F|100/100
|turn|5
|
|t:|1756614245
|move|p1b: Kingambit|Protect|p1b: Kingambit
|-singleturn|p1b: Kingambit|Protect
|move|p1a: Electabuzz|Electroweb|p2a: Sabzi Wala|[spread] p2a,p2b
|-resisted|p2a: Sabzi Wala
|-damage|p2a: Sabzi Wala|51/100
|-damage|p2b: Gholdengo|67/100
|-unboost|p2a: Sabzi Wala|spe|1
|-unboost|p2b: Gholdengo|spe|1
|move|p2b: Gholdengo|Nasty Plot|p2b: Gholdengo
|-boost|p2b: Gholdengo|spa|2
|move|p2a: Sabzi Wala|High Horsepower|p1a: Electabuzz
|-supereffective|p1a: Electabuzz
|-damage|p1a: Electabuzz|51/100
|
|-heal|p1a: Electabuzz|57/100|[from] Grassy Terrain
|-heal|p2b: Gholdengo|73/100|[from] Grassy Terrain
|-heal|p2a: Sabzi Wala|57/100|[from] Grassy Terrain
|-heal|p1b: Kingambit|42/100|[from] Grassy Terrain
|-fieldend|move: Grassy Terrain
|upkeep
|turn|6
|
|t:|1756614288
|switch|p2a: Pelipper|Pelipper, L50, M|100/100
|-weather|RainDance|[from] ability: Drizzle|[of] p2a: Pelipper
|move|p1a: Electabuzz|Electroweb|p2a: Pelipper|[spread] p2a,p2b
|-supereffective|p2a: Pelipper
|-damage|p2a: Pelipper|0 fnt
|-damage|p2b: Gholdengo|61/100
|-unboost|p2b: Gholdengo|spe|1
|faint|p2a: Pelipper
|move|p1b: Kingambit|Kowtow Cleave|p2b: Gholdengo
|-resisted|p2b: Gholdengo
|-damage|p2b: Gholdengo|34/100
|move|p2b: Gholdengo|Nasty Plot|p2b: Gholdengo
|-boost|p2b: Gholdengo|spa|2
|
|-weather|RainDance|[upkeep]
|upkeep
|
|t:|1756614295
|switch|p2a: Sabzi Wala|Rillaboom, L50, M, shiny|57/100
|-fieldstart|move: Grassy Terrain|[from] ability: Grassy Surge|[of] p2a: Sabzi Wala
|turn|7
|
|t:|1756614319
|move|p1a: Electabuzz|Protect|p1a: Electabuzz
|-singleturn|p1a: Electabuzz|Protect
|move|p1b: Kingambit|Protect|p1b: Kingambit
|-singleturn|p1b: Kingambit|Protect
|move|p2a: Sabzi Wala|Fake Out|p1b: Kingambit
|-activate|p1b: Kingambit|move: Protect
|move|p2b: Gholdengo|Make It Rain|p1b: Kingambit|[spread] 
|-activate|p1a: Electabuzz|move: Protect
|-activate|p1b: Kingambit|move: Protect
|
|-weather|RainDance|[upkeep]
|-heal|p1a: Electabuzz|63/100|[from] Grassy Terrain
|-heal|p2a: Sabzi Wala|62/100|[from] Grassy Terrain
|-heal|p1b: Kingambit|48/100|[from] Grassy Terrain
|-heal|p2b: Gholdengo|41/100|[from] Grassy Terrain
|upkeep
|turn|8
|
|t:|1756614333
|-terastallize|p1b: Kingambit|Dark
|move|p2b: Gholdengo|Protect|p2b: Gholdengo
|-singleturn|p2b: Gholdengo|Protect
|move|p1a: Electabuzz|Electroweb|p2a: Sabzi Wala|[spread] p2a
|-activate|p2b: Gholdengo|move: Protect
|-resisted|p2a: Sabzi Wala
|-damage|p2a: Sabzi Wala|58/100
|-unboost|p2a: Sabzi Wala|spe|1
|move|p2a: Sabzi Wala|Wood Hammer|p1a: Electabuzz
|-damage|p1a: Electabuzz|0 fnt
|faint|p1a: Electabuzz
|-damage|p2a: Sabzi Wala|41/100|[from] Recoil
|move|p1b: Kingambit|Kowtow Cleave|p2b: Gholdengo
|-activate|p2b: Gholdengo|move: Protect
|
|-weather|RainDance|[upkeep]
|-heal|p2a: Sabzi Wala|47/100|[from] Grassy Terrain
|-heal|p1b: Kingambit|54/100|[from] Grassy Terrain
|-heal|p2b: Gholdengo|47/100|[from] Grassy Terrain
|upkeep
|turn|9
|
|t:|1756614357
|move|p2a: Sabzi Wala|Wood Hammer|p1b: Kingambit
|-damage|p1b: Kingambit|0 fnt
|faint|p1b: Kingambit
|-damage|p2a: Sabzi Wala|29/100|[from] Recoil
|
|win|Hemz0 0
||Hemz0 0 is ready for game 3.
||marcosdeltasena31 is ready for game 3.
|uhtml|next|Next: Game 3 of 3
|l|☆marcosdeltasena31
|player|p1|
