|j|☆lujanray
|j|☆ToastedArt
|html|lujanrayToastedArt    
|uhtml|bestof|Game 2 of a best-of-3
|t:|1784500869
|gametype|doubles
|player|p1|lujanray|blue|1089
|player|p2|ToastedArt|iris|1097
|gen|9
|tier|[Gen 9 Champions] VGC 2026 Reg M-B (Bo3)
|rated|
|rule|Species Clause: Limit one of each Pokémon
|rule|Item Clause: Limit 1 of each item
|clearpoke
|poke|p1|Gholdengo, L50|
|poke|p1|Hatterene, L50, F|
|poke|p1|Kingambit, L50, M|
|poke|p1|Farigiraf, L50, F|
|poke|p1|Primarina, L50, M|
|poke|p1|Camerupt, L50, M|
|poke|p2|Falinks, L50, shiny|
|poke|p2|Incineroar, L50, M|
|poke|p2|Basculegion, L50, M|
|poke|p2|Sneasler, L50, F|
|poke|p2|Vanilluxe, L50, F, shiny|
|poke|p2|Dragonite, L50, M|
|teampreview|4
|showteam|p1|Gholdengo||ChoiceScarf|GoodasGold|MakeItRain,ShadowBall,PowerGem,SteelBeam|Modest|||||50|]Hatterene||FocusSash|MagicBounce|Psychic,TrickRoom,Protect,DazzlingGleam|Quiet||F|||50|]Kingambit||ChopleBerry|Defiant|KowtowCleave,SwordsDance,SuckerPunch,Protect|Brave||M|||50|]Farigiraf||SitrusBerry|ArmorTail|GrassKnot,TrickRoom,HelpingHand,Thunderbolt|Bold||F|||50|]Primarina||LifeOrb|LiquidVoice|HyperVoice,CalmMind,DrainingKiss,Protect|Modest||M|||50|]Camerupt||Cameruptite|SolidRock|HeatWave,EarthPower,AncientPower,Protect|Quiet||M|||50|
|showteam|p2|Falinks||Falinksite|Defiant|NoRetreat,CloseCombat,RockSlide,Protect|Adamant|||||50|]Incineroar||PasshoBerry|Intimidate|FakeOut,FlareBlitz,ThroatChop,PartingShot|Impish||M|||50|]Basculegion||SitrusBerry|Adaptability|WaveCrash,LastRespects,AquaJet,Protect|Adamant||M|||50|]Sneasler||FocusSash|PoisonTouch|PoisonJab,CloseCombat,FakeOut,Coaching|Jolly||F|||50|]Vanilluxe||ChoiceScarf|SnowWarning|Blizzard,FreezeDry,IcyWind,SheerCold|Modest||F|||50|]Dragonite||LifeOrb|InnerFocus|DragonClaw,ExtremeSpeed,FirePunch,Tailwind|Adamant||M|||50|
|inactive|Battle timer is ON: inactive players will automatically lose when time's up. (requested by ToastedArt)
|inactive|ToastedArt has 60 seconds left.
|
|t:|1784500914
|teamsize|p1|4
|teamsize|p2|4
|start
|switch|p1a: Gholdengo|Gholdengo, L50|100/100
|switch|p1b: Farigiraf|Farigiraf, L50, F|100/100
|switch|p2a: Basculegion|Basculegion, L50, M|100/100
|switch|p2b: Sneasler|Sneasler, L50, F|100/100
|turn|1
|inactive|lujanray has 30 seconds left.
|inactive|ToastedArt has 30 seconds left.
|
|t:|1784500942
|switch|p2a: Incineroar|Incineroar, L50, M|100/100
|-ability|p2a: Incineroar|Intimidate|boost
|-unboost|p1a: Gholdengo|atk|1
|-unboost|p1b: Farigiraf|atk|1
|move|p1a: Gholdengo|Make It Rain|p2b: Sneasler|[spread] p2a,p2b
|-resisted|p2a: Incineroar|1
|-damage|p2a: Incineroar|75/100
|-damage|p2b: Sneasler|28/100
|-unboost|p1a: Gholdengo|spa|2
|move|p2b: Sneasler|Coaching|p2a: Incineroar
|-boost|p2a: Incineroar|atk|1
|-boost|p2a: Incineroar|def|1
|move|p1b: Farigiraf|Trick Room|p1b: Farigiraf
|-fieldstart|move: Trick Room|[of] p1b: Farigiraf
|
|upkeep
|turn|2
|
|t:|1784500960
|switch|p1a: Camerupt|Camerupt, L50, M|100/100
|move|p1b: Farigiraf|Thunderbolt|p2b: Sneasler
|-damage|p2b: Sneasler|0 fnt
|faint|p2b: Sneasler
|move|p2a: Incineroar|Throat Chop|p1a: Camerupt
|-damage|p1a: Camerupt|33/100
|-start|p1a: Camerupt|Throat Chop|[silent]
|
|upkeep
|
|t:|1784500969
|switch|p2b: Falinks|Falinks, L50, shiny|100/100
|turn|3
|
|t:|1784500984
|switch|p1b: Primarina|Primarina, L50, M|100/100
|detailschange|p1a: Camerupt|Camerupt-Mega, L50, M
|-mega|p1a: Camerupt|Camerupt|Cameruptite
|detailschange|p2b: Falinks|Falinks-Mega, L50, shiny
|-mega|p2b: Falinks|Falinks|Falinksite
|move|p2b: Falinks|Protect|p2b: Falinks
|-singleturn|p2b: Falinks|Protect
|move|p1a: Camerupt|Earth Power|p2a: Incineroar
|-supereffective|p2a: Incineroar|1
|-damage|p2a: Incineroar|0 fnt
|faint|p2a: Incineroar
|
|-end|p1a: Camerupt|Throat Chop|[silent]
|upkeep
|
|t:|1784500994
|switch|p2a: Basculegion|Basculegion, L50, M|100/100
|turn|4
|
|t:|1784501010
|move|p1a: Camerupt|Earth Power|p2b: Falinks
|-damage|p2b: Falinks|4/100
|move|p1b: Primarina|Draining Kiss|p2b: Falinks
|-supereffective|p2b: Falinks|1
|-damage|p2b: Falinks|0 fnt
|faint|p2b: Falinks
|-damage|p1b: Primarina|90/100|[from] item: Life Orb
|move|p2a: Basculegion|Wave Crash|p1a: Camerupt
|-supereffective|p1a: Camerupt|2
|-damage|p1a: Camerupt|0 fnt
|faint|p1a: Camerupt
|-damage|p2a: Basculegion|91/100|[from] Recoil
|
|upkeep
|
|t:|1784501032
|switch|p1a: Farigiraf|Farigiraf, L50, F|100/100
|turn|5
|
|t:|1784501045
|move|p2a: Basculegion|Protect|p2a: Basculegion
|-singleturn|p2a: Basculegion|Protect
|move|p1a: Farigiraf|Grass Knot|p2a: Basculegion
|-activate|p2a: Basculegion|move: Protect
|move|p1b: Primarina|Draining Kiss|p2a: Basculegion
|-activate|p2a: Basculegion|move: Protect
|
|-fieldend|move: Trick Room
|upkeep
|turn|6
|
|t:|1784501056
|move|p1b: Primarina|Protect|p1b: Primarina
|-singleturn|p1b: Primarina|Protect
|move|p2a: Basculegion|Wave Crash|p1a: Farigiraf
|-damage|p1a: Farigiraf|34/100
|-enditem|p1a: Farigiraf|Sitrus Berry|[eat]
|-heal|p1a: Farigiraf|59/100|[from] item: Sitrus Berry
|-damage|p2a: Basculegion|68/100|[from] Recoil
|move|p1a: Farigiraf|Trick Room|p1a: Farigiraf
|-fieldstart|move: Trick Room|[of] p1a: Farigiraf
|
|upkeep
|turn|7
|
|t:|1784501066
|move|p1b: Primarina|Draining Kiss|p2a: Basculegion
|-damage|p2a: Basculegion|31/100
|-heal|p1b: Primarina|100/100|[from] drain|[of] p2a: Basculegion
|-enditem|p2a: Basculegion|Sitrus Berry|[eat]
|-heal|p2a: Basculegion|56/100|[from] item: Sitrus Berry
|-damage|p1b: Primarina|90/100|[from] item: Life Orb
|move|p1a: Farigiraf|Grass Knot|p2a: Basculegion
|-supereffective|p2a: Basculegion|1
|-damage|p2a: Basculegion|4/100
|move|p2a: Basculegion|Last Respects|p1b: Primarina
|-damage|p1b: Primarina|0 fnt
|faint|p1b: Primarina
|
|upkeep
|
|t:|1784501078
|switch|p1b: Gholdengo|Gholdengo, L50|100/100
|turn|8
|
|t:|1784501082
|move|p1a: Farigiraf|Grass Knot|p2a: Basculegion
|-supereffective|p2a: Basculegion|1
|-damage|p2a: Basculegion|0 fnt
|faint|p2a: Basculegion
|
|win|lujanray
