|j|â˜†meknomancer
|j|â˜†DarkWizardMyk
|html|meknomancerDarkWizardMyk    
|uhtml|bestof|Game 3 of a best-of-3
|t:|1784750000
|gametype|doubles
|player|p1|meknomancer|allister|
|player|p2|DarkWizardMyk|steven|
|gen|9
|tier|[Gen 9 Champions] VGC 2026 Reg M-B (Bo3)
|rule|Species Clause: Limit one of each PokÃ©mon
|rule|Item Clause: Limit 1 of each item
|clearpoke
|poke|p1|Kingambit, L50, M|
|poke|p1|Aerodactyl, L50, M|
|poke|p1|Sableye, L50, M|
|poke|p1|Krookodile, L50, M|
|poke|p1|Clefable, L50, F|
|poke|p1|Manectric, L50, F|
|poke|p2|Archaludon, L50, M|
|poke|p2|Dedenne, L50, M|
|poke|p2|Pelipper, L50, F|
|poke|p2|Feraligatr, L50, F|
|poke|p2|Slowking-Galar, L50, M|
|poke|p2|Camerupt, L50, M|
|teampreview|4
|showteam|p1|Kingambit||LifeOrb|SupremeOverlord|IronHead,LowKick,SuckerPunch,Protect|Adamant||M|||50|]Aerodactyl||Aerodactylite|Pressure|RockSlide,DualWingbeat,Tailwind,WideGuard|Adamant||M|||50|]Sableye||Leftovers|Prankster|FakeOut,KnockOff,Encore,ThunderWave|Impish||M|||50|]Krookodile||SoftSand|Intimidate|Earthquake,Crunch,HighHorsepower,Protect|Jolly||M|||50|]Clefable||SitrusBerry|Unaware|Moonblast,FollowMe,IceBeam,Protect|Modest||F|||50|]Manectric||Manectite|LightningRod|VoltSwitch,Discharge,Thunder,Protect|Modest||F|||50|
|showteam|p2|Archaludon||ChopleBerry|Stamina|FlashCannon,ElectroShot,DracoMeteor,Protect|Modest||M|||50|]Dedenne||SitrusBerry|CheekPouch|Nuzzle,DazzlingGleam,SuperFang,VoltSwitch|Timid||M|||50|]Pelipper||FocusSash|Drizzle|WeatherBall,RainDance,Tailwind,WideGuard|Timid||F|||50|]Feraligatr||Feraligite|Torrent|Liquidation,AquaJet,IceFang,SwordsDance|Adamant||F|||50|]Slowking-Galar||ColburBerry|Regenerator|TrickRoom,ChillyReception,SludgeBomb,Psychic|Quiet||M|||50|]Camerupt||ExpertBelt|SolidRock|HeatWave,EarthPower,Protect,RockSlide|Modest||M|||50|
|j| Terrycat
|c|â˜†meknomancer|ok that was really bad wow
|c| Terrycat|Oh dang
|c| Terrycat|Myk could just achieve what I couldnâ€™t lol
|c|â˜†DarkWizardMyk|I fucking missclicked and now I'm fucked
|
|t:|1784750040
|teamsize|p1|4
|teamsize|p2|4
|start
|switch|p1a: Big Clef|Clefable, L50, F|100/100
|switch|p1b: Don Krokodilo|Krookodile, L50, M|100/100
|switch|p2a: Camerupt|Camerupt, L50, M|100/100
|switch|p2b: Dedenne|Dedenne, L50, M|100/100
|-ability|p1b: Don Krokodilo|Intimidate|boost
|-unboost|p2a: Camerupt|atk|1
|-unboost|p2b: Dedenne|atk|1
|turn|1
|
|t:|1784750062
|move|p1a: Big Clef|Protect|p1a: Big Clef
|-singleturn|p1a: Big Clef|Protect
|move|p2b: Dedenne|Dazzling Gleam|p1b: Don Krokodilo|[spread] p1b
|-activate|p1a: Big Clef|move: Protect
|-supereffective|p1b: Don Krokodilo|1
|-damage|p1b: Don Krokodilo|37/100
|move|p1b: Don Krokodilo|Earthquake|p2b: Dedenne|[spread] p2a,p2b
|-activate|p1a: Big Clef|move: Protect
|-supereffective|p2a: Camerupt|1
|-supereffective|p2b: Dedenne|1
|-damage|p2a: Camerupt|18/100
|-damage|p2b: Dedenne|0 fnt
|faint|p2b: Dedenne
|move|p2a: Camerupt|Heat Wave|p1b: Don Krokodilo|[spread] p1b
|-activate|p1a: Big Clef|move: Protect
|-damage|p1b: Don Krokodilo|0 fnt
|faint|p1b: Don Krokodilo
|
|upkeep
|
|t:|1784750085
|switch|p2b: DA BRIDGE|Archaludon, L50, M|100/100
|switch|p1b: WANNA BE CRAZY|Kingambit, L50, M|100/100
|-activate|p1b: WANNA BE CRAZY|ability: Supreme Overlord
|-start|p1b: WANNA BE CRAZY|fallen1|[silent]
|turn|2
|c|â˜†DarkWizardMyk|You'll see the missclick that fucked me
|
|t:|1784750110
|move|p2b: DA BRIDGE|Flash Cannon|p1a: Big Clef
|-supereffective|p1a: Big Clef|1
|-damage|p1a: Big Clef|16/100
|-enditem|p1a: Big Clef|Sitrus Berry|[eat]
|-heal|p1a: Big Clef|41/100|[from] item: Sitrus Berry
|move|p1a: Big Clef|Moonblast|p2a: Camerupt
|-resisted|p2a: Camerupt|1
|-damage|p2a: Camerupt|0 fnt
|faint|p2a: Camerupt
|move|p1b: WANNA BE CRAZY|Low Kick|p2b: DA BRIDGE
|-supereffective|p2b: DA BRIDGE|1
|-enditem|p2b: DA BRIDGE|Chople Berry|[eat]
|-enditem|p2b: DA BRIDGE|Chople Berry|[weaken]
|-damage|p2b: DA BRIDGE|69/100
|-ability|p2b: DA BRIDGE|Stamina|boost
|-boost|p2b: DA BRIDGE|def|1
|-damage|p1b: WANNA BE CRAZY|90/100|[from] item: Life Orb
|
|upkeep
|
|t:|1784750124
|switch|p2a: Feraligatr|Feraligatr, L50, F|100/100
|turn|3
|c|â˜†DarkWizardMyk|Ther eit is
|
|t:|1784750143
|detailschange|p2a: Feraligatr|Feraligatr-Mega, L50, F
|-mega|p2a: Feraligatr|Feraligatr|Feraligite
|move|p2a: Feraligatr|Aqua Jet|p1b: WANNA BE CRAZY
|-damage|p1b: WANNA BE CRAZY|72/100
|move|p2b: DA BRIDGE|Flash Cannon|p1a: Big Clef
|-supereffective|p1a: Big Clef|1
|-damage|p1a: Big Clef|0 fnt
|faint|p1a: Big Clef
|move|p1b: WANNA BE CRAZY|Low Kick|p2b: DA BRIDGE
|-supereffective|p2b: DA BRIDGE|1
|-damage|p2b: DA BRIDGE|21/100
|-ability|p2b: DA BRIDGE|Stamina|boost
|-boost|p2b: DA BRIDGE|def|1
|-damage|p1b: WANNA BE CRAZY|62/100|[from] item: Life Orb
|
|upkeep
|c| Terrycat|I could have swore it was Dedenne tbh
|
|t:|1784750156
|switch|p1a: Sparky|Manectric, L50, F|100/100
|turn|4
|c|â˜†DarkWizardMyk|Nope
|
|t:|1784750171
|detailschange|p1a: Sparky|Manectric-Mega, L50, F
|-mega|p1a: Sparky|Manectric|Manectite
|-ability|p1a: Sparky|Intimidate|boost
|-unboost|p2a: Feraligatr|atk|1
|-unboost|p2b: DA BRIDGE|atk|1
|move|p1b: WANNA BE CRAZY|Sucker Punch|p2a: Feraligatr
|-damage|p2a: Feraligatr|50/100g
|-damage|p1b: WANNA BE CRAZY|53/100|[from] item: Life Orb
|move|p1a: Sparky|Discharge|p2a: Feraligatr|[spread] p1b,p2a,p2b
|-resisted|p2b: DA BRIDGE|1
|-crit|p2b: DA BRIDGE
|-damage|p1b: WANNA BE CRAZY|18/100
|-damage|p2a: Feraligatr|15/100
|-damage|p2b: DA BRIDGE|0 fnt
|faint|p2b: DA BRIDGE
|move|p2a: Feraligatr|Ice Fang|p1b: WANNA BE CRAZY
|-resisted|p1b: WANNA BE CRAZY|1
|-damage|p1b: WANNA BE CRAZY|11/100
|
|upkeep
|turn|5
|
|t:|1784750194
|move|p1b: WANNA BE CRAZY|Sucker Punch|p2a: Feraligatr
|-damage|p2a: Feraligatr|0 fnt
|faint|p2a: Feraligatr
|-damage|p1b: WANNA BE CRAZY|1/100|[from] item: Life Orb
|
|win|meknomancer
|c|â˜†DarkWizardMyk|gg
|c|â˜†meknomancer|gg
|l|â˜†DarkWizardMyk
|player|p2|
