|j|☆Legend7354
|j|☆dolphin629
|html|Legend7354dolphin629    
|uhtml|bestof|Game 2 of a best-of-3
|t:|1784219978
|gametype|doubles
|player|p1|Legend7354|169|1121
|player|p2|dolphin629|170|1046
|gen|9
|tier|[Gen 9 Champions] VGC 2026 Reg M-B (Bo3)
|rated|
|rule|Species Clause: Limit one of each Pokémon
|rule|Item Clause: Limit 1 of each item
|clearpoke
|poke|p1|Froslass, L50, F|
|poke|p1|Glimmora, L50, F|
|poke|p1|Kingambit, L50, M|
|poke|p1|Sneasler, L50, M|
|poke|p1|Basculegion, L50, M|
|poke|p1|Dragonite, L50, M|
|poke|p2|Rotom-Heat, L50|
|poke|p2|Staraptor, L50, F|
|poke|p2|Garchomp, L50, M|
|poke|p2|Grimmsnarl, L50, M|
|poke|p2|Basculegion, L50, M|
|poke|p2|Gholdengo, L50|
|teampreview|4
|showteam|p1|Froslass||Froslassite|CursedBody|Blizzard,ShadowBall,AuroraVeil,Protect|Timid||F|||50|]Glimmora||Glimmoranite|ToxicDebris|SludgeBomb,PowerGem,EarthPower,SpikyShield|Modest||F|||50|]Kingambit||BlackGlasses|Defiant|SuckerPunch,KowtowCleave,SwordsDance,Protect|Adamant||M|||50|]Sneasler||WhiteHerb|Unburden|FakeOut,CloseCombat,DireClaw,Protect|Adamant||M|||50|]Basculegion||ChoiceScarf|Adaptability|LastRespects,FlipTurn,AquaJet,WaveCrash|Jolly||M|||50|]Dragonite||LifeOrb|InnerFocus|ExtremeSpeed,DragonClaw,BrickBreak,Tailwind|Adamant||M|||50|
|showteam|p2|Rotom-Heat||SitrusBerry|Levitate|Thunderbolt,Overheat,WillOWisp,Protect|Serious|||||50|]Staraptor||Staraptite|Intimidate|BraveBird,CloseCombat,Roost,Protect|Jolly||F|||50|]Garchomp||LifeOrb|RoughSkin|Earthquake,DragonClaw,RockSlide,Protect|Jolly||M|||50|]Grimmsnarl||LightBall|Prankster|SpiritBreak,PartingShot,Reflect,LightScreen|Serious||M|||50|]Basculegion||ChoiceScarf|Adaptability|WaveCrash,FlipTurn,AquaJet,LastRespects|Jolly||M|||50|]Gholdengo||MetalCoat|GoodasGold|NastyPlot,MakeItRain,ShadowBall,Protect|Serious|||||50|
|
|t:|1784219998
|teamsize|p1|4
|teamsize|p2|4
|start
|switch|p1a: Kingambit|Kingambit, L50, M|100/100
|switch|p1b: Dragonite|Dragonite, L50, M|100/100
|switch|p2a: Staraptor|Staraptor, L50, F|100/100
|switch|p2b: Rotom|Rotom-Heat, L50|100/100
|-ability|p2a: Staraptor|Intimidate|boost
|-unboost|p1a: Kingambit|atk|1
|-ability|p1a: Kingambit|Defiant|boost
|-boost|p1a: Kingambit|atk|2
|-fail|p1b: Dragonite|unboost|Attack|[from] ability: Inner Focus|[of] p1b: Dragonite
|turn|1
|
|t:|1784220018
|switch|p1a: Froslass|Froslass, L50, F|100/100
|detailschange|p2a: Staraptor|Staraptor-Mega, L50, F
|-mega|p2a: Staraptor|Staraptor|Staraptite
|move|p2a: Staraptor|Close Combat|p1a: Froslass
|-immune|p1a: Froslass
|move|p1b: Dragonite|Dragon Claw|p2a: Staraptor
|-damage|p2a: Staraptor|31/100
|-damage|p1b: Dragonite|90/100|[from] item: Life Orb
|move|p2b: Rotom|Will-O-Wisp|p1b: Dragonite
|-status|p1b: Dragonite|brn
|
|-damage|p1b: Dragonite|84/100 brn|[from] brn
|upkeep
|turn|2
|
|t:|1784220042
|detailschange|p1a: Froslass|Froslass-Mega, L50, F
|-mega|p1a: Froslass|Froslass|Froslassite
|-weather|Snowscape|[from] ability: Snow Warning|[of] p1a: Froslass
|move|p2a: Staraptor|Protect|p2a: Staraptor
|-singleturn|p2a: Staraptor|Protect
|move|p1a: Froslass|Blizzard|p2b: Rotom|[spread] p2b
|-activate|p2a: Staraptor|move: Protect
|-resisted|p2b: Rotom|1
|-damage|p2b: Rotom|77/100
|move|p1b: Dragonite|Tailwind|p1b: Dragonite
|-sidestart|p1: Legend7354|move: Tailwind
|move|p2b: Rotom|Overheat|p1a: Froslass
|-supereffective|p1a: Froslass|1
|-damage|p1a: Froslass|0 fnt
|-unboost|p2b: Rotom|spa|2
|faint|p1a: Froslass
|
|-weather|Snowscape|[upkeep]
|-damage|p1b: Dragonite|78/100 brn|[from] brn
|upkeep
|
|t:|1784220060
|switch|p1a: Basculegion|Basculegion, L50, M|100/100
|turn|3
|
|t:|1784220073
|switch|p2a: Grimmsnarl|Grimmsnarl, L50, M|100/100
|move|p2b: Rotom|Protect|p2b: Rotom
|-singleturn|p2b: Rotom|Protect
|move|p1a: Basculegion|Last Respects|p2b: Rotom
|-activate|p2b: Rotom|move: Protect
|move|p1b: Dragonite|Dragon Claw|p2a: Grimmsnarl
|-immune|p2a: Grimmsnarl
|
|-weather|Snowscape|[upkeep]
|-damage|p1b: Dragonite|72/100 brn|[from] brn
|upkeep
|turn|4
|
|t:|1784220090
|move|p2a: Grimmsnarl|Reflect|p2a: Grimmsnarl
|-sidestart|p2: dolphin629|Reflect
|move|p1a: Basculegion|Last Respects|p2b: Rotom
|-damage|p2b: Rotom|36/100
|-enditem|p2b: Rotom|Sitrus Berry|[eat]
|-heal|p2b: Rotom|61/100|[from] item: Sitrus Berry
|move|p1b: Dragonite|Brick Break|p2b: Rotom
|-sideend|p2: dolphin629|Reflect
|-damage|p2b: Rotom|42/100
|-damage|p1b: Dragonite|63/100 brn|[from] item: Life Orb
|move|p2b: Rotom|Will-O-Wisp|p1a: Basculegion
|-status|p1a: Basculegion|brn
|
|-weather|Snowscape|[upkeep]
|-damage|p1a: Basculegion|93/100 brn|[from] brn
|-damage|p1b: Dragonite|57/100 brn|[from] brn
|upkeep
|turn|5
|
|t:|1784220106
|switch|p1b: Kingambit|Kingambit, L50, M|100/100
|move|p2a: Grimmsnarl|Reflect|p2a: Grimmsnarl
|-sidestart|p2: dolphin629|Reflect
|move|p1a: Basculegion|Last Respects|p2b: Rotom
|-damage|p2b: Rotom|24/100
|move|p2b: Rotom|Thunderbolt|p1b: Kingambit
|-damage|p1b: Kingambit|84/100
|
|-weather|Snowscape|[upkeep]
|-damage|p1a: Basculegion|87/100 brn|[from] brn
|-sideend|p1: Legend7354|move: Tailwind
|upkeep
|turn|6
|
|t:|1784220120
|move|p2a: Grimmsnarl|Parting Shot|p1a: Basculegion
|-unboost|p1a: Basculegion|atk|1
|-unboost|p1a: Basculegion|spa|1
|
|t:|1784220123
|switch|p2a: Gholdengo|Gholdengo, L50|100/100|[from] Parting Shot
|move|p1a: Basculegion|Last Respects|p2b: Rotom
|-damage|p2b: Rotom|12/100
|move|p2b: Rotom|Will-O-Wisp|p1b: Kingambit|[miss]
|-miss|p2b: Rotom|p1b: Kingambit
|move|p1b: Kingambit|Swords Dance|p1b: Kingambit
|-boost|p1b: Kingambit|atk|2
|
|-weather|none
|-damage|p1a: Basculegion|81/100 brn|[from] brn
|upkeep
|turn|7
|
|t:|1784220139
|move|p1b: Kingambit|Sucker Punch|p2a: Gholdengo
|-supereffective|p2a: Gholdengo|1
|-damage|p2a: Gholdengo|0 fnt
|faint|p2a: Gholdengo
|move|p1a: Basculegion|Last Respects|p2b: Rotom
|-damage|p2b: Rotom|0 fnt
|faint|p2b: Rotom
|
|-damage|p1a: Basculegion|75/100 brn|[from] brn
|upkeep
|
|t:|1784220146
|switch|p2b: Grimmsnarl|Grimmsnarl, L50, M|100/100
|switch|p2a: Staraptor|Staraptor-Mega, L50, F|31/100
|turn|8
|
|t:|1784220168
|move|p2b: Grimmsnarl|Parting Shot|p1a: Basculegion
|-unboost|p1a: Basculegion|atk|1
|-unboost|p1a: Basculegion|spa|1
|move|p1b: Kingambit|Sucker Punch||[still]
|-fail|p1b: Kingambit
|move|p1a: Basculegion|Last Respects|p2b: Grimmsnarl
|-resisted|p2b: Grimmsnarl|1
|-damage|p2b: Grimmsnarl|95/100
|move|p2a: Staraptor|Roost|p2a: Staraptor
|-heal|p2a: Staraptor|81/100
|-singleturn|p2a: Staraptor|move: Roost
|
|-damage|p1a: Basculegion|69/100 brn|[from] brn
|upkeep
|turn|9
|
|t:|1784220182
|switch|p1a: Dragonite|Dragonite, L50, M|57/100 brn
|move|p1b: Kingambit|Protect|p1b: Kingambit
|-singleturn|p1b: Kingambit|Protect
|move|p2a: Staraptor|Close Combat|p1b: Kingambit
|-activate|p1b: Kingambit|move: Protect
|move|p2b: Grimmsnarl|Spirit Break|p1a: Dragonite
|-supereffective|p1a: Dragonite|1
|-damage|p1a: Dragonite|0 fnt
|faint|p1a: Dragonite
|
|-sideend|p2: dolphin629|Reflect
|upkeep
|
|t:|1784220194
|switch|p1a: Basculegion|Basculegion, L50, M|69/100 brn
|turn|10
|
|t:|1784220199
|move|p2b: Grimmsnarl|Reflect|p2b: Grimmsnarl
|-sidestart|p2: dolphin629|Reflect
|move|p1b: Kingambit|Sucker Punch|p2a: Staraptor
|-resisted|p2a: Staraptor|1
|-damage|p2a: Staraptor|45/100
|move|p1a: Basculegion|Last Respects|p2a: Staraptor
|-damage|p2a: Staraptor|14/100
|move|p2a: Staraptor|Brave Bird|p1a: Basculegion
|-damage|p1a: Basculegion|0 fnt
|faint|p1a: Basculegion
|-damage|p2a: Staraptor|0 fnt|[from] Recoil
|faint|p2a: Staraptor
|
|upkeep
|turn|11
|
|t:|1784220212
|move|p2b: Grimmsnarl|Spirit Break|p1b: Kingambit
|-damage|p1b: Kingambit|62/100
|-unboost|p1b: Kingambit|spa|1
|-ability|p1b: Kingambit|Defiant|boost
|-boost|p1b: Kingambit|atk|2
|move|p1b: Kingambit|Kowtow Cleave|p2b: Grimmsnarl
|-resisted|p2b: Grimmsnarl|2
|-damage|p2b: Grimmsnarl|61/100
|
|upkeep
|turn|12
|
|t:|1784220222
|move|p2b: Grimmsnarl|Spirit Break|p1b: Kingambit
|-damage|p1b: Kingambit|37/100
|-unboost|p1b: Kingambit|spa|1
|-ability|p1b: Kingambit|Defiant|boost
|-boost|p1b: Kingambit|atk|2
|move|p1b: Kingambit|Kowtow Cleave|p2b: Grimmsnarl
|-resisted|p2b: Grimmsnarl|2
|-damage|p2b: Grimmsnarl|21/100
|
|upkeep
|turn|13
|
|t:|1784220231
|move|p1b: Kingambit|Sucker Punch|p2b: Grimmsnarl
|-resisted|p2b: Grimmsnarl|2
|-damage|p2b: Grimmsnarl|0 fnt
|faint|p2b: Grimmsnarl
|
|win|Legend7354
|raw|Legend7354's rating: 1121 → 1141(+20 for winning)
|raw|dolphin629's rating: 1046 → 1033(-13 for losing)
|l|☆dolphin629
|player|p2|
