|j|☆ShabazXVGC
|j|☆hellsbell24
|html|ShabazXVGChellsbell24    
|uhtml|bestof|Game 1 of a best-of-3
|t:|1757729203
|gametype|doubles
|player|p1|ShabazXVGC|marlon|1108
|player|p2|hellsbell24|1|1180
|gen|9
|tier|[Gen 9] VGC 2025 Reg H (Bo3)
|rated|
|rule|Species Clause: Limit one of each Pokémon
|rule|Item Clause: Limit 1 of each item
|clearpoke
|poke|p1|Rillaboom, L50, F|
|poke|p1|Pelipper, L50, M|
|poke|p1|Archaludon, L50, M|
|poke|p1|Bellibolt, L50, M|
|poke|p1|Palafin, L50, M|
|poke|p1|Overqwil, L50, M|
|poke|p2|Glimmora, L50, M|
|poke|p2|Dondozo, L50, F|
|poke|p2|Tatsugiri, L50, M|
|poke|p2|Dragonite, L50, F|
|poke|p2|Gholdengo, L50|
|poke|p2|Talonflame, L50, M|
|teampreview|4
|showteam|p1|Rillaboom||GrassySeed|GrassySurge|FakeOut,HighHorsepower,GrassyGlide,WoodHammer|||F|||50|,,,,,Fire]Pelipper||FocusSash|Drizzle|Hurricane,Protect,Tailwind,WeatherBall|||M|||50|,,,,,Flying]Archaludon||SitrusBerry|Stamina|FlashCannon,DracoMeteor,ElectroShot,BodyPress|||M|||50|,,,,,Grass]Bellibolt||AssaultVest|Electromorphosis|ParabolicCharge,ChillingWater,VoltSwitch,Electroweb|||M|||50|,,,,,Water]Palafin||ChoiceScarf|ZerotoHero|JetPunch,FlipTurn,WaveCrash,ZenHeadbutt|||M|||50|,,,,,Water]Overqwil||LifeOrb|SwiftSwim|PoisonJab,Crunch,Liquidation,SwordsDance|||M|||50|,,,,,Water
|showteam|p2|Glimmora||PowerHerb|ToxicDebris|MeteorBeam,EarthPower,SludgeBomb,SpikyShield|||M|||50|,,,,,Dark]Dondozo||Leftovers|Unaware|Protect,OrderUp,WaveCrash,Earthquake|||F|||50|,,,,,Grass]Tatsugiri||ChoiceScarf|Commander|MuddyWater,DracoMeteor,HyperBeam,IcyWind|||M|||50|,,,,,Dragon]Dragonite||LoadedDice|Multiscale|ScaleShot,ExtremeSpeed,Haze,Protect|||F|||50|,,,,,Steel]Gholdengo||LifeOrb|GoodasGold|MakeItRain,ShadowBall,NastyPlot,Protect||||||50|,,,,,Water]Talonflame||CovertCloak|GaleWings|Tailwind,BraveBird,FlareBlitz,WillOWisp|||M|||50|,,,,,Fire
|
|t:|1757729226
|teamsize|p1|4
|teamsize|p2|4
|start
|switch|p1a: Bellibolt|Bellibolt, L50, M|100/100
|switch|p1b: Palafin|Palafin, L50, M|100/100
|switch|p2a: Talonflame|Talonflame, L50, M|100/100
|switch|p2b: Glimmora|Glimmora, L50, M|100/100
|turn|1
|inactive|Battle timer is ON: inactive players will automatically lose when time's up. (requested by ShabazXVGC)
|
|t:|1757729260
|move|p2b: Glimmora|Spiky Shield|p2b: Glimmora
|-singleturn|p2b: Glimmora|move: Protect
|move|p2a: Talonflame|Tailwind|p2a: Talonflame
|-sidestart|p2: hellsbell24|move: Tailwind
|move|p1b: Palafin|Flip Turn|p2a: Talonflame
|-supereffective|p2a: Talonflame
|-damage|p2a: Talonflame|25/100
|
|t:|1757729271
|detailschange|p1b: Palafin|Palafin-Hero, L50, M
|switch|p1b: Big News|Pelipper, L50, M|100/100|[from] Flip Turn
|-weather|RainDance|[from] ability: Drizzle|[of] p1b: Big News
|move|p1a: Bellibolt|Electroweb|p2b: Glimmora|[spread] p2a
|-activate|p2b: Glimmora|move: Protect
|-supereffective|p2a: Talonflame
|-damage|p2a: Talonflame|0 fnt
|faint|p2a: Talonflame
|
|-weather|RainDance|[upkeep]
|upkeep
|
|t:|1757729285
|switch|p2a: Dondozo|Dondozo, L50, F|100/100
|turn|2
|
|t:|1757729297
|move|p2a: Dondozo|Protect|p2a: Dondozo
|-singleturn|p2a: Dondozo|Protect
|move|p2b: Glimmora|Meteor Beam||[still]
|-prepare|p2b: Glimmora|Meteor Beam
|-boost|p2b: Glimmora|spa|1
|-enditem|p2b: Glimmora|Power Herb
|-anim|p2b: Glimmora|Meteor Beam|p1b: Big News
|-supereffective|p1b: Big News
|-enditem|p1b: Big News|Focus Sash
|-damage|p1b: Big News|1/100
|move|p1b: Big News|Tailwind|p1b: Big News
|-sidestart|p1: ShabazXVGC|move: Tailwind
|move|p1a: Bellibolt|Electroweb|p2a: Dondozo|[spread] p2b
|-activate|p2a: Dondozo|move: Protect
|-damage|p2b: Glimmora|74/100
|-unboost|p2b: Glimmora|spe|1
|
|-weather|RainDance|[upkeep]
|upkeep
|turn|3
|inactive|ShabazXVGC has 30 seconds left.
|inactive|hellsbell24 has 30 seconds left.
|inactive|hellsbell24 has 20 seconds left.
|
|t:|1757729335
|switch|p1b: Franky|Archaludon, L50, M|100/100
|-terastallize|p2a: Dondozo|Grass
|move|p2b: Glimmora|Earth Power|p1a: Bellibolt
|-supereffective|p1a: Bellibolt
|-damage|p1a: Bellibolt|45/100
|-start|p1a: Bellibolt|Charge|Earth Power|[from] ability: Electromorphosis
|move|p2a: Dondozo|Order Up|p1b: Franky
|-damage|p1b: Franky|82/100
|-ability|p1b: Franky|Stamina|boost
|-boost|p1b: Franky|def|1
|move|p1a: Bellibolt|Chilling Water|p2b: Glimmora
|-supereffective|p2b: Glimmora
|-damage|p2b: Glimmora|9/100
|-unboost|p2b: Glimmora|atk|1
|
|-weather|RainDance|[upkeep]
|upkeep
|turn|4
|inactive|ShabazXVGC has 30 seconds left.
|inactive|hellsbell24 has 30 seconds left.
|
|t:|1757729363
|switch|p2b: Tatsugiri|Tatsugiri, L50, M|100/100
|-activate|p2b: Tatsugiri|ability: Commander|[of] p2a: Dondozo
|-boost|p2a: Dondozo|atk|2
|-boost|p2a: Dondozo|spa|2
|-boost|p2a: Dondozo|spe|2
|-boost|p2a: Dondozo|def|2
|-boost|p2a: Dondozo|spd|2
|-terastallize|p1b: Franky|Grass
|move|p2a: Dondozo|Earthquake|p1a: Bellibolt|[spread] p1a,p1b
|-miss|p2a: Dondozo|p2b: Tatsugiri
|-supereffective|p1a: Bellibolt
|-resisted|p1b: Franky
|-damage|p1a: Bellibolt|0 fnt
|-damage|p1b: Franky|67/100
|-ability|p1b: Franky|Stamina|boost
|-boost|p1b: Franky|def|1
|faint|p1a: Bellibolt
|move|p1b: Franky|Body Press|p2a: Dondozo
|-crit|p2a: Dondozo
|-damage|p2a: Dondozo|77/100
|
|-weather|RainDance|[upkeep]
|-heal|p2a: Dondozo|83/100|[from] item: Leftovers
|-sideend|p2: hellsbell24|move: Tailwind
|upkeep
|
|t:|1757729370
|switch|p1a: Big News|Pelipper, L50, M|1/100
|turn|5
|
|t:|1757729389
|move|p1b: Franky|Electro Shot||[still]
|-prepare|p1b: Franky|Electro Shot
|-boost|p1b: Franky|spa|1
|-anim|p1b: Franky|Electro Shot|p2a: Dondozo
|-resisted|p2a: Dondozo
|-damage|p2a: Dondozo|74/100
|move|p1a: Big News|Hurricane|p2a: Dondozo
|-supereffective|p2a: Dondozo
|-damage|p2a: Dondozo|35/100
|move|p2a: Dondozo|Order Up|p1b: Franky
|-damage|p1b: Franky|36/100
|-ability|p1b: Franky|Stamina|boost
|-boost|p1b: Franky|def|1
|-enditem|p1b: Franky|Sitrus Berry|[eat]
|-heal|p1b: Franky|61/100|[from] item: Sitrus Berry
|-boost|p2a: Dondozo|atk|1
|
|-weather|none
|-heal|p2a: Dondozo|42/100|[from] item: Leftovers
|-sideend|p1: ShabazXVGC|move: Tailwind
|upkeep
|turn|6
|inactive|hellsbell24 has 30 seconds left.
|inactive|hellsbell24 has 20 seconds left.
|inactive|hellsbell24 has 15 seconds left.
|inactive|hellsbell24 has 10 seconds left.
|
|t:|1757729437
|switch|p1a: Palafin|Palafin-Hero, L50, M|100/100
|-activate|p1a: Palafin|ability: Zero to Hero
|move|p2a: Dondozo|Order Up|p1a: Palafin
|-damage|p1a: Palafin|39/100
|-boost|p2a: Dondozo|atk|1
|move|p1b: Franky|Draco Meteor|p2a: Dondozo
|-crit|p2a: Dondozo
|-damage|p2a: Dondozo|0 fnt
|-unboost|p1b: Franky|spa|2
|faint|p2a: Dondozo
|
|upkeep
|
|t:|1757729451
|switch|p2a: Glimmora|Glimmora, L50, M|9/100
|turn|7
|
|t:|1757729467
|switch|p1a: Big News|Pelipper, L50, M|1/100
|-weather|RainDance|[from] ability: Drizzle|[of] p1a: Big News
|move|p2a: Glimmora|Spiky Shield|p2a: Glimmora
|-singleturn|p2a: Glimmora|move: Protect
|move|p2b: Tatsugiri|Icy Wind|p1b: Franky|[spread] p1a,p1b
|-supereffective|p1b: Franky
|-damage|p1a: Big News|0 fnt
|-damage|p1b: Franky|30/100
|-unboost|p1b: Franky|spe|1
|-ability|p1b: Franky|Stamina|boost
|-boost|p1b: Franky|def|1
|faint|p1a: Big News
|move|p1b: Franky|Draco Meteor|p2b: Tatsugiri
|-supereffective|p2b: Tatsugiri
|-damage|p2b: Tatsugiri|0 fnt
|-unboost|p1b: Franky|spa|2
|faint|p2b: Tatsugiri
|
|-weather|RainDance|[upkeep]
|upkeep
|
|t:|1757729484
|switch|p1a: Palafin|Palafin-Hero, L50, M|39/100
|turn|8
|
|t:|1757729493
|move|p1a: Palafin|Jet Punch|p2a: Glimmora
|-supereffective|p2a: Glimmora
|-damage|p2a: Glimmora|0 fnt
|-activate|p2a: Glimmora|ability: Toxic Debris
|-sidestart|p1: ShabazXVGC|move: Toxic Spikes
|faint|p2a: Glimmora
|
|win|ShabazXVGC
|l|☆hellsbell24
|player|p2|
||ShabazXVGC is ready for game 2.
|inactive|hellsbell24 has 30 seconds to confirm battle start!
|inactive|hellsbell24 has 20 seconds to confirm battle start!
|inactive|hellsbell24 has 10 seconds to confirm battle start!
|uhtml|next|Next: Game 2 of 3
