|j|â˜†endk649
|j|â˜†PippoLungoCalzino
|html|endk649PippoLungoCalzino    
|uhtml|bestof|Game 3 of a best-of-3
|t:|1756224595
|gametype|doubles
|player|p1|endk649|gambler|1112
|player|p2|PippoLungoCalzino|1|1143
|gen|9
|tier|[Gen 9] VGC 2025 Reg H (Bo3)
|rated|
|rule|Species Clause: Limit one of each PokÃ©mon
|rule|Item Clause: Limit 1 of each item
|clearpoke
|poke|p1|Feraligatr, L50, F|
|poke|p1|Gholdengo, L50|
|poke|p1|Pelipper, L50, F|
|poke|p1|Amoonguss, L50, M|
|poke|p1|Rillaboom, L50, M|
|poke|p1|Incineroar, L50, M|
|poke|p2|Dragonite, L50, M|
|poke|p2|Gholdengo, L50|
|poke|p2|Sneasler, L50, F|
|poke|p2|Talonflame, L50, M|
|poke|p2|Archaludon, L50, F|
|poke|p2|Garchomp, L50, M|
|teampreview|4
|showteam|p1|Feraligatr||LifeOrb|SheerForce|Liquidation,Crunch,DragonDance,Protect|||F|||50|,,,,,Dark]Gholdengo||Leftovers|GoodasGold|MakeItRain,ShadowBall,NastyPlot,Protect||||||50|,,,,,Water]Pelipper||FocusSash|Drizzle|WeatherBall,Hurricane,Tailwind,Protect|||F|||50|,,,,,Stellar]Amoonguss||CovertCloak|Regenerator|PollenPuff,Spore,RagePowder,Protect|||M|||50|,,,,,Water]Rillaboom||AssaultVest|GrassySurge|WoodHammer,GrassyGlide,FakeOut,Uturn|||M|||50|,,,,,Fire]Incineroar||SafetyGoggles|Intimidate|KnockOff,FakeOut,Taunt,PartingShot|||M|||50|,,,,,Ghost
|showteam|p2|Dragonite||LoadedDice|Multiscale|ScaleShot,ExtremeSpeed,IceSpinner,Haze|||M|||50|,,,,,Fairy]Gholdengo||ChoiceSpecs|GoodasGold|MakeItRain,ShadowBall,PowerGem,Thunderbolt||||||50|,,,,,Steel]Sneasler||FocusSash|Unburden|CloseCombat,DireClaw,FakeOut,Coaching|||F|||50|,,,,,Stellar]Talonflame||CovertCloak|GaleWings|BraveBird,Tailwind,WillOWisp,Taunt|||M|||50|,,,,,Grass]Archaludon||PowerHerb|Sturdy|FlashCannon,DracoMeteor,ElectroShot,Protect|||F|||50|,,,,,Flying]Garchomp||LifeOrb|RoughSkin|DragonClaw,StompingTantrum,Earthquake,Protect|||M|||50|,,,,,Ground
|inactive|Battle timer is ON: inactive players will automatically lose when time's up. (requested by endk649)
|
|t:|1756224619
|teamsize|p1|4
|teamsize|p2|4
|start
|switch|p1a: Incineroar|Incineroar, L50, M, shiny|100/100
|switch|p1b: Gholdengo|Gholdengo, L50|100/100
|switch|p2a: Sneasler|Sneasler, L50, F|100/100
|switch|p2b: Garchomp|Garchomp, L50, M|100/100
|-ability|p1a: Incineroar|Intimidate|boost
|-unboost|p2a: Sneasler|atk|1
|-unboost|p2b: Garchomp|atk|1
|turn|1
|inactive|endk649 has 30 seconds left.
|
|t:|1756224652
|-terastallize|p1b: Gholdengo|Water
|move|p1a: Incineroar|Fake Out|p2a: Sneasler
|-damage|p2a: Sneasler|82/100
|cant|p2a: Sneasler|flinch
|move|p2b: Garchomp|Stomping Tantrum|p1b: Gholdengo
|-damage|p1b: Gholdengo|63/100
|-damage|p2b: Garchomp|91/100|[from] item: Life Orb
|move|p1b: Gholdengo|Nasty Plot|p1b: Gholdengo
|-boost|p1b: Gholdengo|spa|2
|
|-heal|p1b: Gholdengo|69/100|[from] item: Leftovers
|upkeep
|turn|2
|
|t:|1756224676
|move|p1b: Gholdengo|Protect|p1b: Gholdengo
|-singleturn|p1b: Gholdengo|Protect
|move|p2a: Sneasler|Dire Claw|p1a: Incineroar
|-damage|p1a: Incineroar|74/100
|move|p2b: Garchomp|Stomping Tantrum|p1a: Incineroar
|-supereffective|p1a: Incineroar
|-damage|p1a: Incineroar|20/100
|-damage|p2b: Garchomp|81/100|[from] item: Life Orb
|move|p1a: Incineroar|Parting Shot|p2a: Sneasler
|-unboost|p2a: Sneasler|atk|1
|-unboost|p2a: Sneasler|spa|1
|
|t:|1756224684
|switch|p1a: Rillaboom|Rillaboom, L50, M, shiny|100/100|[from] Parting Shot
|-fieldstart|move: Grassy Terrain|[from] ability: Grassy Surge|[of] p1a: Rillaboom
|
|-heal|p2a: Sneasler|88/100|[from] Grassy Terrain
|-heal|p2b: Garchomp|87/100|[from] Grassy Terrain
|-heal|p1b: Gholdengo|75/100|[from] Grassy Terrain
|-heal|p1b: Gholdengo|82/100|[from] item: Leftovers
|upkeep
|turn|3
|
|t:|1756224704
|move|p2b: Garchomp|Protect|p2b: Garchomp
|-singleturn|p2b: Garchomp|Protect
|move|p1a: Rillaboom|Fake Out|p2a: Sneasler
|-damage|p2a: Sneasler|65/100
|cant|p2a: Sneasler|flinch
|move|p1b: Gholdengo|Make It Rain|p2a: Sneasler|[spread] p2a
|-activate|p2b: Garchomp|move: Protect
|-damage|p2a: Sneasler|0 fnt
|-unboost|p1b: Gholdengo|spa|1
|faint|p2a: Sneasler
|
|-heal|p2b: Garchomp|93/100|[from] Grassy Terrain
|-heal|p1b: Gholdengo|88/100|[from] Grassy Terrain
|-heal|p1b: Gholdengo|94/100|[from] item: Leftovers
|upkeep
|
|t:|1756224713
|switch|p2a: Dragonite|Dragonite, L50, M|100/100
|turn|4
|
|t:|1756224738
|switch|p2b: Gholdengo|Gholdengo, L50|100/100
|move|p1a: Rillaboom|Grassy Glide|p2a: Dragonite
|-resisted|p2a: Dragonite
|-damage|p2a: Dragonite|95/100
|move|p1b: Gholdengo|Make It Rain|p2b: Gholdengo|[spread] p2a,p2b
|-resisted|p2b: Gholdengo
|-damage|p2a: Dragonite|14/100
|-damage|p2b: Gholdengo|61/100
|-unboost|p1b: Gholdengo|spa|1
|move|p2a: Dragonite|Ice Spinner|p1a: Rillaboom
|-supereffective|p1a: Rillaboom
|-damage|p1a: Rillaboom|39/100
|-fieldend|move: Grassy Terrain
|
|-heal|p1b: Gholdengo|100/100|[from] item: Leftovers
|upkeep
|turn|5
|inactive|endk649 has 30 seconds left.
|
|t:|1756224766
|switch|p1a: Incineroar|Incineroar, L50, M, shiny|20/100
|-ability|p1a: Incineroar|Intimidate|boost
|-unboost|p2a: Dragonite|atk|1
|-unboost|p2b: Gholdengo|atk|1
|-terastallize|p2b: Gholdengo|Steel
|move|p1b: Gholdengo|Protect|p1b: Gholdengo
|-singleturn|p1b: Gholdengo|Protect
|move|p2b: Gholdengo|Make It Rain|p1b: Gholdengo|[spread] p1a
|-activate|p1b: Gholdengo|move: Protect
|-resisted|p1a: Incineroar
|-damage|p1a: Incineroar|0 fnt
|-unboost|p2b: Gholdengo|spa|1
|faint|p1a: Incineroar
|move|p2a: Dragonite|Scale Shot|p1b: Gholdengo
|-activate|p1b: Gholdengo|move: Protect
|
|upkeep
|
|t:|1756224769
|switch|p1a: Rillaboom|Rillaboom, L50, M, shiny|39/100
|-fieldstart|move: Grassy Terrain|[from] ability: Grassy Surge|[of] p1a: Rillaboom
|turn|6
|inactive|endk649 has 30 seconds left.
|inactive|endk649 has 20 seconds left.
|
|t:|1756224806
|switch|p2b: Garchomp|Garchomp, L50, M|93/100
|move|p1b: Gholdengo|Make It Rain|p2a: Dragonite|[spread] p2a,p2b
|-damage|p2a: Dragonite|0 fnt
|-damage|p2b: Garchomp|39/100
|-unboost|p1b: Gholdengo|spa|1
|faint|p2a: Dragonite
|move|p1a: Rillaboom|U-turn|p2b: Garchomp
|-damage|p2b: Garchomp|16/100
|-damage|p1a: Rillaboom|27/100|[from] ability: Rough Skin|[of] p2b: Garchomp
|
|t:|1756224812
|switch|p1a: Pelipper|Pelipper, L50, F, shiny|100/100|[from] U-turn
|-weather|RainDance|[from] ability: Drizzle|[of] p1a: Pelipper
|
|-weather|RainDance|[upkeep]
|-heal|p2b: Garchomp|22/100|[from] Grassy Terrain
|upkeep
|
|t:|1756224815
|switch|p2a: Gholdengo|Gholdengo, L50, tera:Steel|61/100
|turn|7
|
|t:|1756224837
|move|p2b: Garchomp|Dragon Claw|p1a: Pelipper
|-damage|p1a: Pelipper|33/100
|-damage|p2b: Garchomp|12/100|[from] item: Life Orb
|move|p2a: Gholdengo|Make It Rain|p1b: Gholdengo|[spread] p1a,p1b
|-resisted|p1a: Pelipper
|-resisted|p1b: Gholdengo
|-damage|p1a: Pelipper|0 fnt
|-damage|p1b: Gholdengo|49/100
|-unboost|p2a: Gholdengo|spa|1
|faint|p1a: Pelipper
|move|p1b: Gholdengo|Shadow Ball|p2a: Gholdengo
|-damage|p2a: Gholdengo|27/100
|-unboost|p2a: Gholdengo|spd|1
|
|-weather|RainDance|[upkeep]
|-heal|p2b: Garchomp|18/100|[from] Grassy Terrain
|-heal|p2a: Gholdengo|33/100|[from] Grassy Terrain
|-heal|p1b: Gholdengo|56/100|[from] Grassy Terrain
|-heal|p1b: Gholdengo|62/100|[from] item: Leftovers
|upkeep
|
|t:|1756224840
|switch|p1a: Rillaboom|Rillaboom, L50, M, shiny|27/100
|turn|8
|inactive|endk649 has 30 seconds left.
|inactive|PippoLungoCalzino has 30 seconds left.
|
|t:|1756224870
|move|p1a: Rillaboom|Fake Out|p2a: Gholdengo
|-resisted|p2a: Gholdengo
|-damage|p2a: Gholdengo|26/100
|move|p2b: Garchomp|Stomping Tantrum|p1b: Gholdengo
|-damage|p1b: Gholdengo|11/100
|-damage|p2b: Garchomp|8/100|[from] item: Life Orb
|cant|p2a: Gholdengo|flinch
|move|p1b: Gholdengo|Make It Rain|p2a: Gholdengo|[spread] p2a,p2b
|-resisted|p2a: Gholdengo
|-damage|p2a: Gholdengo|0 fnt
|-damage|p2b: Garchomp|0 fnt
|-unboost|p1b: Gholdengo|spa|1
|faint|p2a: Gholdengo
|faint|p2b: Garchomp
|
|win|endk649
|raw|endk649's rating: 1112 → 1139(+27 for winning)
|raw|PippoLungoCalzino's rating: 1143 → 1116(-27 for losing)
|l|â˜†endk649
|player|p1|
