|j|☆dambro222
|j|☆Jj18697
|html|dambro222Jj18697    
|uhtml|bestof|Game 1 of a best-of-3
|t:|1756814246
|gametype|doubles
|player|p1|dambro222|ethan|1082
|player|p2|Jj18697|265|1061
|gen|9
|tier|[Gen 9] VGC 2025 Reg H (Bo3)
|rated|
|rule|Species Clause: Limit one of each Pokémon
|rule|Item Clause: Limit 1 of each item
|clearpoke
|poke|p1|Dragonite, L50, M|
|poke|p1|Volcarona, L50, F|
|poke|p1|Sneasler, L50, M|
|poke|p1|Rillaboom, L50, M|
|poke|p1|Electabuzz, L50, M|
|poke|p1|Kingambit, L50, M|
|poke|p2|Gholdengo, L50|
|poke|p2|Dragonite, L50, F|
|poke|p2|Ninetales-Alola, L50, M|
|poke|p2|Rillaboom, L50, M|
|poke|p2|Arcanine-Hisui, L50, F|
|poke|p2|Sneasler, L50, M|
|teampreview|4
|showteam|p1|Dragonite||LoadedDice|Multiscale|ScaleShot,ExtremeSpeed,Haze,Protect|||M|||50|,,,,,Fairy]Volcarona||CovertCloak|FlameBody|HeatWave,TeraBlast,QuiverDance,Protect|||F|||50|,,,,,Fairy]Sneasler||FocusSash|Unburden|CloseCombat,DireClaw,RockSlide,Protect|||M|||50|,,,,,Stellar]Rillaboom||AssaultVest|GrassySurge|WoodHammer,GrassyGlide,HighHorsepower,FakeOut|||M|||50|,,,,,Water]Electabuzz||Eviolite|VitalSpirit|Electroweb,FollowMe,Taunt,Protect|||M|||50|,,,,,Ghost]Kingambit||BlackGlasses|Defiant|KowtowCleave,SuckerPunch,SwordsDance,Protect|||M|||50|,,,,,Dark
|showteam|p2|Gholdengo||GrassySeed|GoodasGold|MakeItRain,ShadowBall,NastyPlot,Protect||||||50|,,,,,Water]Dragonite||LoadedDice|Multiscale|ScaleShot,Tailwind,Haze,Protect|||F|||50|,,,,,Fairy]Ninetales-Alola||FocusSash|SnowWarning|AuroraVeil,IcyWind,FreezeDry,Encore|||M|||50|,,,,,Ghost]Rillaboom||AssaultVest|GrassySurge|FakeOut,WoodHammer,GrassyGlide,Uturn|||M|||50|,,,,,Fire]Arcanine-Hisui||ClearAmulet|Intimidate|RockSlide,FlareBlitz,ExtremeSpeed,Protect|||F|||50|,,,,,Water]Sneasler||WhiteHerb|Unburden|DireClaw,CloseCombat,Coaching,Protect|||M|||50|,,,,,Stellar
|inactive|Battle timer is ON: inactive players will automatically lose when time's up. (requested by Jj18697)
|inactive|dambro222 also wants the timer to be on.
|inactive|dambro222 has 60 seconds left.
|
|t:|1756814287
|teamsize|p1|4
|teamsize|p2|4
|start
|switch|p1a: Kingambit|Kingambit, L50, M, shiny|100/100
|switch|p1b: Electabuzz|Electabuzz, L50, M|100/100
|switch|p2a: Arcanine|Arcanine-Hisui, L50, F, shiny|100/100
|switch|p2b: Sneasler|Sneasler, L50, M|100/100
|-ability|p2a: Arcanine|Intimidate|boost
|-unboost|p1a: Kingambit|atk|1
|-ability|p1a: Kingambit|Defiant|boost
|-boost|p1a: Kingambit|atk|2
|-unboost|p1b: Electabuzz|atk|1
|turn|1
|
|t:|1756814310
|switch|p2a: Ninetales|Ninetales-Alola, L50, M|100/100
|-weather|Snowscape|[from] ability: Snow Warning|[of] p2a: Ninetales
|move|p1b: Electabuzz|Protect|p1b: Electabuzz
|-singleturn|p1b: Electabuzz|Protect
|move|p1a: Kingambit|Sucker Punch||[still]
|-fail|p1a: Kingambit
|move|p2b: Sneasler|Dire Claw|p1b: Electabuzz
|-activate|p1b: Electabuzz|move: Protect
|
|-weather|Snowscape|[upkeep]
|upkeep
|turn|2
|
|t:|1756814323
|move|p1b: Electabuzz|Follow Me|p1b: Electabuzz
|-singleturn|p1b: Electabuzz|move: Follow Me
|move|p2a: Ninetales|Aurora Veil|p2a: Ninetales
|-sidestart|p2: Jj18697|move: Aurora Veil
|move|p2b: Sneasler|Dire Claw|p1b: Electabuzz
|-damage|p1b: Electabuzz|69/100
|-status|p1b: Electabuzz|psn
|move|p1a: Kingambit|Swords Dance|p1a: Kingambit
|-boost|p1a: Kingambit|atk|2
|
|-weather|Snowscape|[upkeep]
|-damage|p1b: Electabuzz|57/100 psn|[from] psn
|upkeep
|turn|3
|inactive|Jj18697 has 30 seconds left.
|
|t:|1756814352
|move|p1b: Electabuzz|Follow Me|p1b: Electabuzz
|-singleturn|p1b: Electabuzz|move: Follow Me
|move|p2a: Ninetales|Encore|p1b: Electabuzz
|-start|p1b: Electabuzz|Encore
|move|p2b: Sneasler|Dire Claw|p1b: Electabuzz
|-damage|p1b: Electabuzz|23/100 psn
|move|p1a: Kingambit|Kowtow Cleave|p2b: Sneasler
|-resisted|p2b: Sneasler
|-damage|p2b: Sneasler|37/100
|
|-weather|Snowscape|[upkeep]
|-damage|p1b: Electabuzz|11/100 psn|[from] psn
|upkeep
|turn|4
|inactive|dambro222 has 30 seconds left.
|inactive|dambro222 has 20 seconds left.
|inactive|dambro222 has 15 seconds left.
|inactive|dambro222 has 10 seconds left.
|
|t:|1756814398
|switch|p2a: Dragonite|Dragonite, L50, F|100/100
|move|p1b: Electabuzz|Follow Me|p1b: Electabuzz
|-singleturn|p1b: Electabuzz|move: Follow Me
|move|p2b: Sneasler|Coaching|p2a: Dragonite
|-boost|p2a: Dragonite|atk|1
|-boost|p2a: Dragonite|def|1
|move|p1a: Kingambit|Kowtow Cleave|p2a: Dragonite
|-damage|p2a: Dragonite|63/100
|
|-weather|Snowscape|[upkeep]
|-damage|p1b: Electabuzz|0 fnt|[from] psn
|faint|p1b: Electabuzz
|upkeep
|
|t:|1756814412
|switch|p1b: Rillaboom|Rillaboom, L50, M|100/100
|-fieldstart|move: Grassy Terrain|[from] ability: Grassy Surge|[of] p1b: Rillaboom
|turn|5
|inactive|dambro222 has 30 seconds left.
|
|t:|1756814439
|move|p2a: Dragonite|Protect|p2a: Dragonite
|-singleturn|p2a: Dragonite|Protect
|move|p1b: Rillaboom|Fake Out|p2b: Sneasler
|-damage|p2b: Sneasler|24/100
|cant|p2b: Sneasler|flinch
|move|p1a: Kingambit|Kowtow Cleave|p2a: Dragonite
|-activate|p2a: Dragonite|move: Protect
|
|-weather|none
|-heal|p2b: Sneasler|30/100|[from] Grassy Terrain
|upkeep
|turn|6
|inactive|dambro222 has 30 seconds left.
|
|t:|1756814468
|move|p1b: Rillaboom|Grassy Glide|p2b: Sneasler
|-resisted|p2b: Sneasler
|-damage|p2b: Sneasler|13/100
|move|p1a: Kingambit|Sucker Punch|p2b: Sneasler
|-resisted|p2b: Sneasler
|-damage|p2b: Sneasler|0 fnt
|faint|p2b: Sneasler
|move|p2a: Dragonite|Haze|p2a: Dragonite
|-clearallboost
|
|-sideend|p2: Jj18697|move: Aurora Veil
|upkeep
|
|t:|1756814478
|switch|p2b: Arcanine|Arcanine-Hisui, L50, F, shiny|100/100
|-ability|p2b: Arcanine|Intimidate|boost
|-unboost|p1a: Kingambit|atk|1
|-ability|p1a: Kingambit|Defiant|boost
|-boost|p1a: Kingambit|atk|2
|-unboost|p1b: Rillaboom|atk|1
|turn|7
|inactive|dambro222 has 30 seconds left.
|inactive|dambro222 has 20 seconds left.
|inactive|dambro222 has 15 seconds left.
|inactive|dambro222 has 10 seconds left.
|inactive|dambro222 has 5 seconds left.
|
|t:|1756814532
|-terastallize|p1b: Rillaboom|Water
|move|p1b: Rillaboom|Grassy Glide|p2b: Arcanine
|-damage|p2b: Arcanine|67/100
|move|p1a: Kingambit|Sucker Punch|p2b: Arcanine
|-damage|p2b: Arcanine|0 fnt
|faint|p2b: Arcanine
|move|p2a: Dragonite|Scale Shot|p1a: Kingambit
|-resisted|p1a: Kingambit
|-damage|p1a: Kingambit|95/100
|-resisted|p1a: Kingambit
|-damage|p1a: Kingambit|90/100
|-resisted|p1a: Kingambit
|-damage|p1a: Kingambit|85/100
|-resisted|p1a: Kingambit
|-crit|p1a: Kingambit
|-damage|p1a: Kingambit|76/100
|-resisted|p1a: Kingambit
|-damage|p1a: Kingambit|71/100
|-hitcount|p1a: Kingambit|5
|-unboost|p2a: Dragonite|def|1
|-boost|p2a: Dragonite|spe|1
|
|-heal|p1a: Kingambit|76/100|[from] Grassy Terrain
|upkeep
|
|t:|1756814539
|switch|p2b: Ninetales|Ninetales-Alola, L50, M|100/100
|-weather|Snowscape|[from] ability: Snow Warning|[of] p2b: Ninetales
|turn|8
|
|t:|1756814561
|move|p2a: Dragonite|Scale Shot|p1a: Kingambit
|-resisted|p1a: Kingambit
|-damage|p1a: Kingambit|71/100
|-resisted|p1a: Kingambit
|-damage|p1a: Kingambit|65/100
|-resisted|p1a: Kingambit
|-damage|p1a: Kingambit|59/100
|-resisted|p1a: Kingambit
|-damage|p1a: Kingambit|54/100
|-resisted|p1a: Kingambit
|-damage|p1a: Kingambit|49/100
|-hitcount|p1a: Kingambit|5
|-unboost|p2a: Dragonite|def|1
|-boost|p2a: Dragonite|spe|1
|move|p2b: Ninetales|Aurora Veil|p2b: Ninetales
|-sidestart|p2: Jj18697|move: Aurora Veil
|move|p1b: Rillaboom|Wood Hammer|p2b: Ninetales
|-damage|p2b: Ninetales|73/100
|-damage|p1b: Rillaboom|93/100|[from] Recoil
|move|p1a: Kingambit|Kowtow Cleave|p2a: Dragonite
|-damage|p2a: Dragonite|0 fnt
|faint|p2a: Dragonite
|
|-weather|Snowscape|[upkeep]
|-heal|p2b: Ninetales|79/100|[from] Grassy Terrain
|-heal|p1b: Rillaboom|99/100|[from] Grassy Terrain
|-heal|p1a: Kingambit|55/100|[from] Grassy Terrain
|upkeep
|turn|9
|inactive|Jj18697 has 30 seconds left.
|
|t:|1756814588
|move|p1b: Rillaboom|Grassy Glide|p2b: Ninetales
|-damage|p2b: Ninetales|64/100
|move|p1a: Kingambit|Sucker Punch|p2b: Ninetales
|-resisted|p2b: Ninetales
|-damage|p2b: Ninetales|45/100
|move|p2b: Ninetales|Freeze-Dry|p1a: Kingambit
|-resisted|p1a: Kingambit
|-damage|p1a: Kingambit|44/100
|
|-weather|Snowscape|[upkeep]
|-heal|p2b: Ninetales|51/100|[from] Grassy Terrain
|-heal|p1b: Rillaboom|100/100|[from] Grassy Terrain
|-heal|p1a: Kingambit|50/100|[from] Grassy Terrain
|-fieldend|move: Grassy Terrain
|upkeep
|turn|10
|
|t:|1756814607
|move|p2b: Ninetales|Freeze-Dry|p1b: Rillaboom
|-supereffective|p1b: Rillaboom
|-damage|p1b: Rillaboom|66/100
|move|p1b: Rillaboom|Wood Hammer|p2b: Ninetales
|-damage|p2b: Ninetales|29/100
|-damage|p1b: Rillaboom|60/100|[from] Recoil
|move|p1a: Kingambit|Kowtow Cleave|p2b: Ninetales
|-resisted|p2b: Ninetales
|-damage|p2b: Ninetales|5/100
|
|-weather|Snowscape|[upkeep]
|upkeep
|turn|11
|
|t:|1756814620
|move|p1a: Kingambit|Sucker Punch|p2b: Ninetales
|-resisted|p2b: Ninetales
|-damage|p2b: Ninetales|0 fnt
|faint|p2b: Ninetales
|
|win|dambro222
||dambro222 is ready for game 2.
|inactive|Jj18697 has 30 seconds to confirm battle start!
|inactive|Jj18697 has 20 seconds to confirm battle start!
|inactive|Jj18697 has 10 seconds to confirm battle start!
|uhtml|next|Next: Game 2 of 3
|l|☆Jj18697
|player|p2|
