|j|☆zimozimo
|j|☆sbhaga34
|html|zimozimosbhaga34    
|uhtml|bestof|Game 1 of a best-of-3
|t:|1784174264
|gametype|doubles
|player|p1|zimozimo|pokemaniac|1026
|player|p2|sbhaga34|hugh|1168
|gen|9
|tier|[Gen 9 Champions] VGC 2026 Reg M-B (Bo3)
|rated|
|rule|Species Clause: Limit one of each Pokémon
|rule|Item Clause: Limit 1 of each item
|clearpoke
|poke|p1|Sceptile, L50, F|
|poke|p1|Gyarados, L50, F|
|poke|p1|Incineroar, L50, M|
|poke|p1|Aegislash, L50, M|
|poke|p1|Rotom, L50|
|poke|p1|Volcarona, L50, F|
|poke|p2|Excadrill, L50, F|
|poke|p2|Tyranitar, L50, M|
|poke|p2|Corviknight, L50, M|
|poke|p2|Rotom-Wash, L50|
|poke|p2|Mimikyu, L50, F|
|poke|p2|Scovillain, L50, M|
|teampreview|4
|showteam|p1|Sceptile||Sceptilite|Overgrow|Protect,DragonPulse,LeafStorm,EarthPower|Timid||F|||50|]Gyarados||Gyaradosite|Intimidate|DragonDance,Earthquake,Waterfall,Protect|Adamant||F|||50|]Incineroar||SitrusBerry|Intimidate|PartingShot,FlareBlitz,FakeOut,WillOWisp|Serious||M|||50|]Aegislash||FocusSash|StanceChange|Poltergeist,ShadowSneak,CloseCombat,IronHead|Adamant||M|||50|]Rotom||ChoiceScarf|Levitate|Discharge,Trick,WillOWisp,Electroweb|Timid|||||50|]Volcarona||ChartiBerry|FlameBody|Tailwind,RagePowder,Protect,HeatWave|Serious||F|||50|
|showteam|p2|Excadrill||FocusSash|SandRush|Earthquake,IronHead,SwordsDance,Protect|Adamant||F|||50|]Tyranitar||Tyranitarite|SandStream|RockSlide,KnockOff,LowKick,Protect|Adamant||M|||50|]Corviknight||SharpBeak|MirrorArmor|BraveBird,Tailwind,BulkUp,Roost|Careful||M|||50|]Rotom-Wash||ChoiceScarf|Levitate|VoltSwitch,Thunderbolt,Electroweb,HydroPump|Timid|||||50|]Mimikyu||FairyFeather|Disguise|PlayRough,ShadowSneak,TrickRoom,ShadowClaw|Adamant||F|||50|]Scovillain||Scovillainite|Chlorophyll|RagePowder,Overheat,GigaDrain,Protect|Calm||M|||50|
|inactive|Battle timer is ON: inactive players will automatically lose when time's up. (requested by sbhaga34)
|inactive|sbhaga34 has 60 seconds left.
|
|t:|1784174352
|teamsize|p1|4
|teamsize|p2|4
|start
|switch|p1a: Gyarados|Gyarados, L50, F|100/100
|switch|p1b: Incineroar|Incineroar, L50, M|100/100
|switch|p2a: Rotom|Rotom-Wash, L50|100/100
|switch|p2b: Corviknight|Corviknight, L50, M|100/100
|-ability|p1a: Gyarados|Intimidate|boost
|-unboost|p2a: Rotom|atk|1
|-ability|p2b: Corviknight|Mirror Armor
|-unboost|p1a: Gyarados|atk|1
|-ability|p1b: Incineroar|Intimidate|boost
|-unboost|p2a: Rotom|atk|1
|-ability|p2b: Corviknight|Mirror Armor
|-unboost|p1b: Incineroar|atk|1
|turn|1
|inactive|zimozimo has 30 seconds left.
|inactive|sbhaga34 has 30 seconds left.
|
|t:|1784174382
|detailschange|p1a: Gyarados|Gyarados-Mega, L50, F
|-mega|p1a: Gyarados|Gyarados|Gyaradosite
|-ability|p1a: Gyarados|Mold Breaker
|move|p1b: Incineroar|Fake Out|p2a: Rotom
|-damage|p2a: Rotom|92/100
|cant|p2a: Rotom|flinch
|move|p2b: Corviknight|Tailwind|p2b: Corviknight
|-sidestart|p2: sbhaga34|move: Tailwind
|move|p1a: Gyarados|Dragon Dance|p1a: Gyarados
|-boost|p1a: Gyarados|atk|1
|-boost|p1a: Gyarados|spe|1
|
|upkeep
|turn|2
|inactive|zimozimo has 30 seconds left.
|inactive|zimozimo has 20 seconds left.
|inactive|zimozimo has 15 seconds left.
|inactive|zimozimo has 10 seconds left.
|
|t:|1784174427
|move|p1a: Gyarados|Protect|p1a: Gyarados
|-singleturn|p1a: Gyarados|Protect
|move|p2a: Rotom|Thunderbolt|p1a: Gyarados
|-activate|p1a: Gyarados|move: Protect
|move|p2b: Corviknight|Brave Bird|p1b: Incineroar
|-damage|p1b: Incineroar|53/100
|-damage|p2b: Corviknight|84/100|[from] Recoil
|move|p1b: Incineroar|Parting Shot|p2a: Rotom
|-unboost|p2a: Rotom|atk|1
|-unboost|p2a: Rotom|spa|1
|
|t:|1784174439
|switch|p1b: Volcarona|Volcarona, L50, F|100/100|[from] Parting Shot
|
|upkeep
|turn|3
|
|t:|1784174454
|move|p2a: Rotom|Thunderbolt|p1a: Gyarados
|-supereffective|p1a: Gyarados|1
|-damage|p1a: Gyarados|66/100
|move|p2b: Corviknight|Brave Bird|p1b: Volcarona
|-supereffective|p1b: Volcarona|1
|-damage|p1b: Volcarona|3/100
|-status|p2b: Corviknight|brn|[from] ability: Flame Body|[of] p1b: Volcarona
|-damage|p2b: Corviknight|54/100 brn|[from] Recoil
|move|p1a: Gyarados|Dragon Dance|p1a: Gyarados
|-boost|p1a: Gyarados|atk|1
|-boost|p1a: Gyarados|spe|1
|move|p1b: Volcarona|Tailwind|p1b: Volcarona
|-sidestart|p1: zimozimo|move: Tailwind
|
|-damage|p2b: Corviknight|48/100 brn|[from] brn
|upkeep
|turn|4
|
|t:|1784174476
|switch|p2b: Tyranitar|Tyranitar, L50, M|100/100
|-weather|Sandstorm|[from] ability: Sand Stream|[of] p2b: Tyranitar
|move|p1b: Volcarona|Protect|p1b: Volcarona
|-singleturn|p1b: Volcarona|Protect
|move|p1a: Gyarados|Earthquake|p2b: Tyranitar|[spread] p2a,p2b
|-activate|p1b: Volcarona|move: Protect
|-supereffective|p2a: Rotom|1
|-supereffective|p2b: Tyranitar|1
|-damage|p2a: Rotom|0 fnt
|-damage|p2b: Tyranitar|29/100
|faint|p2a: Rotom
|
|-weather|Sandstorm|[upkeep]
|-damage|p1a: Gyarados|60/100|[from] Sandstorm
|-damage|p1b: Volcarona|0 fnt|[from] Sandstorm
|faint|p1b: Volcarona
|-sideend|p2: sbhaga34|move: Tailwind
|upkeep
|inactive|sbhaga34 has 30 seconds left.
|
|t:|1784174502
|switch|p2a: Corviknight|Corviknight, L50, M|48/100 brn
|switch|p1b: Incineroar|Incineroar, L50, M|53/100
|-ability|p1b: Incineroar|Intimidate|boost
|-ability|p2a: Corviknight|Mirror Armor
|-unboost|p1b: Incineroar|atk|1
|-unboost|p2b: Tyranitar|atk|1
|turn|5
|
|t:|1784174519
|move|p2b: Tyranitar|Protect|p2b: Tyranitar
|-singleturn|p2b: Tyranitar|Protect
|move|p1b: Incineroar|Fake Out|p2b: Tyranitar
|-activate|p2b: Tyranitar|move: Protect
|move|p1a: Gyarados|Waterfall|p2a: Corviknight
|-damage|p2a: Corviknight|0 fnt
|faint|p2a: Corviknight
|
|-weather|Sandstorm|[upkeep]
|-damage|p1a: Gyarados|54/100|[from] Sandstorm
|-damage|p1b: Incineroar|48/100|[from] Sandstorm
|-enditem|p1b: Incineroar|Sitrus Berry|[eat]
|-heal|p1b: Incineroar|72/100|[from] item: Sitrus Berry
|upkeep
|
|t:|1784174527
|switch|p2a: Excadrill|Excadrill, L50, F|100/100
|turn|6
|inactive|zimozimo has 30 seconds left.
|inactive|zimozimo has 20 seconds left.
|inactive|zimozimo has 15 seconds left.
|
|t:|1784174569
|detailschange|p2b: Tyranitar|Tyranitar-Mega, L50, M
|-mega|p2b: Tyranitar|Tyranitar|Tyranitarite
|move|p1a: Gyarados|Waterfall|p2b: Tyranitar
|-supereffective|p2b: Tyranitar|1
|-damage|p2b: Tyranitar|0 fnt
|faint|p2b: Tyranitar
|move|p2a: Excadrill|Swords Dance|p2a: Excadrill
|-boost|p2a: Excadrill|atk|2
|move|p1b: Incineroar|Flare Blitz|p2a: Excadrill
|-supereffective|p2a: Excadrill|1
|-damage|p2a: Excadrill|14/100
|-damage|p1b: Incineroar|47/100|[from] Recoil
|
|-weather|Sandstorm|[upkeep]
|-damage|p1a: Gyarados|48/100|[from] Sandstorm
|-damage|p1b: Incineroar|41/100|[from] Sandstorm
|-sideend|p1: zimozimo|move: Tailwind
|upkeep
|turn|7
|
|t:|1784174593
|move|p2a: Excadrill|Earthquake|p1b: Incineroar|[spread] p1a,p1b
|-supereffective|p1b: Incineroar|1
|-damage|p1a: Gyarados|0 fnt
|-damage|p1b: Incineroar|0 fnt
|faint|p1a: Gyarados
|faint|p1b: Incineroar
|
|-weather|Sandstorm|[upkeep]
|upkeep
|
|t:|1784174601
|switch|p1b: Aegislash|Aegislash, L50, M|100/100
|turn|8
|
|t:|1784174608
|move|p2a: Excadrill|Earthquake|p1b: Aegislash
|-supereffective|p1b: Aegislash|1
|-enditem|p1b: Aegislash|Focus Sash
|-damage|p1b: Aegislash|1/100
|-formechange|p1b: Aegislash|Aegislash-Blade|
|move|p1b: Aegislash|Close Combat|p2a: Excadrill
|-supereffective|p2a: Excadrill|1
|-damage|p2a: Excadrill|0 fnt
|-unboost|p1b: Aegislash|def|1
|-unboost|p1b: Aegislash|spd|1
|faint|p2a: Excadrill
|
|win|zimozimo
