|j|☆edhen
|j|☆Gholden Ghladiator
|html|edhenGholden Ghladiator    
|uhtml|bestof|Game 1 of a best-of-3
|t:|1757908015
|gametype|doubles
|player|p1|edhen|clair|1250
|player|p2|Gholden Ghladiator|fisherman-gen4|1264
|gen|9
|tier|[Gen 9] VGC 2025 Reg H (Bo3)
|rated|
|rule|Species Clause: Limit one of each Pokémon
|rule|Item Clause: Limit 1 of each item
|clearpoke
|poke|p1|Politoed, L50, M|
|poke|p1|Archaludon, L50, F|
|poke|p1|Comfey, L50, F|
|poke|p1|Rillaboom, L50, M|
|poke|p1|Basculegion, L50, M|
|poke|p1|Talonflame, L50, F|
|poke|p2|Ninetales-Alola, L50, F|
|poke|p2|Incineroar, L50, M|
|poke|p2|Rillaboom, L50, M|
|poke|p2|Sneasler, L50, F|
|poke|p2|Gholdengo, L50|
|poke|p2|Ursaluna-Bloodmoon, L50, M|
|teampreview|4
|showteam|p1|Politoed||Leftovers|Drizzle|Protect,MuddyWater,Haze,Hypnosis|||M|||50|,,,,,Grass]Archaludon||AssaultVest|Stamina|ElectroShot,BodyPress,FlashCannon,DracoMeteor|||F|||50|,,,,,Grass]Comfey||WikiBerry|Triage|Protect,FloralHealing,DrainingKiss,Taunt|||F|||50|,,,,,Steel]Rillaboom||LoadedDice|GrassySurge|BulletSeed,GrassyGlide,FakeOut,HighHorsepower|||M|||50|,,,,,Fire]Basculegion||ChoiceBand|SwiftSwim|LastRespects,WaveCrash,AquaJet,FlipTurn|||M|||50|,,,,,Water]Talonflame||CovertCloak|GaleWings|Tailwind,WillOWisp,DualWingbeat,Taunt|||F|||50|,,,,,Ghost
|showteam|p2|Ninetales-Alola||FocusSash|SnowWarning|Blizzard,IcyWind,Protect,Disable|||F|||50|,,,,,Ghost]Incineroar||SafetyGoggles|Intimidate|FlareBlitz,KnockOff,FakeOut,PartingShot|||M|||50|,,,,,Ghost]Rillaboom||AssaultVest|GrassySurge|WoodHammer,GrassyGlide,HighHorsepower,FakeOut|||M|||50|,,,,,Water]Sneasler||GrassySeed|Unburden|CloseCombat,Acrobatics,Protect,SwordsDance|||F|||50|,,,,,Flying]Gholdengo||LifeOrb|GoodasGold|MakeItRain,ShadowBall,Protect,NastyPlot||||||50|,,,,,Water]Ursaluna-Bloodmoon||Leftovers|MindsEye|BloodMoon,EarthPower,Protect,Yawn|||M|||50|,,,,,Electric
|inactive|Battle timer is ON: inactive players will automatically lose when time's up. (requested by Gholden Ghladiator)
|
|t:|1757908045
|teamsize|p1|4
|teamsize|p2|4
|start
|switch|p1a: Politoed|Politoed, L50, M|100/100
|switch|p1b: Basculegion|Basculegion, L50, M|100/100
|switch|p2a: Incineroar|Incineroar, L50, M|100/100
|switch|p2b: Ursaluna|Ursaluna-Bloodmoon, L50, M|100/100
|-weather|RainDance|[from] ability: Drizzle|[of] p1a: Politoed
|-ability|p2a: Incineroar|Intimidate|boost
|-unboost|p1a: Politoed|atk|1
|-unboost|p1b: Basculegion|atk|1
|turn|1
|inactive|edhen has 30 seconds left.
|inactive|Gholden Ghladiator has 30 seconds left.
|inactive|edhen has 20 seconds left.
|inactive|Gholden Ghladiator has 20 seconds left.
|
|t:|1757908086
|-terastallize|p2b: Ursaluna|Electric
|move|p2a: Incineroar|Fake Out|p1a: Politoed
|-crit|p1a: Politoed
|-damage|p1a: Politoed|85/100
|move|p1b: Basculegion|Flip Turn|p2a: Incineroar
|-supereffective|p2a: Incineroar
|-damage|p2a: Incineroar|28/100
|
|t:|1757908092
|switch|p1b: Archaludon|Archaludon, L50, F|100/100|[from] Flip Turn
|cant|p1a: Politoed|flinch
|move|p2b: Ursaluna|Blood Moon|p1b: Archaludon
|-resisted|p1b: Archaludon
|-damage|p1b: Archaludon|73/100
|-ability|p1b: Archaludon|Stamina|boost
|-boost|p1b: Archaludon|def|1
|
|-weather|RainDance|[upkeep]
|-heal|p1a: Politoed|91/100|[from] item: Leftovers
|upkeep
|turn|2
|
|t:|1757908117
|switch|p2a: Ninetales|Ninetales-Alola, L50, F|100/100
|-weather|Snowscape|[from] ability: Snow Warning|[of] p2a: Ninetales
|move|p1b: Archaludon|Electro Shot||[still]
|-prepare|p1b: Archaludon|Electro Shot
|-boost|p1b: Archaludon|spa|1
|move|p1a: Politoed|Hypnosis|p2b: Ursaluna|[miss]
|-miss|p1a: Politoed|p2b: Ursaluna
|move|p2b: Ursaluna|Earth Power|p1b: Archaludon
|-supereffective|p1b: Archaludon
|-damage|p1b: Archaludon|2/100
|-ability|p1b: Archaludon|Stamina|boost
|-boost|p1b: Archaludon|def|1
|
|-weather|Snowscape|[upkeep]
|-heal|p1a: Politoed|97/100|[from] item: Leftovers
|upkeep
|turn|3
|
|t:|1757908137
|move|p2a: Ninetales|Icy Wind|p1b: Archaludon|[spread] p1a,p1b
|-resisted|p1a: Politoed
|-damage|p1a: Politoed|91/100
|-damage|p1b: Archaludon|0 fnt
|-unboost|p1a: Politoed|spe|1
|faint|p1b: Archaludon
|move|p2b: Ursaluna|Yawn|p1a: Politoed
|-start|p1a: Politoed|move: Yawn|[of] p2b: Ursaluna
|move|p1a: Politoed|Hypnosis|p2b: Ursaluna|[miss]
|-miss|p1a: Politoed|p2b: Ursaluna
|
|-weather|Snowscape|[upkeep]
|-heal|p1a: Politoed|97/100|[from] item: Leftovers
|upkeep
|
|t:|1757908152
|switch|p1b: Basculegion|Basculegion, L50, M|100/100
|turn|4
|
|t:|1757908171
|switch|p1a: Talonflame|Talonflame, L50, F|100/100
|-terastallize|p1b: Basculegion|Water
|move|p2a: Ninetales|Protect|p2a: Ninetales
|-singleturn|p2a: Ninetales|Protect
|move|p2b: Ursaluna|Protect|p2b: Ursaluna
|-singleturn|p2b: Ursaluna|Protect
|move|p1b: Basculegion|Wave Crash|p2b: Ursaluna
|-activate|p2b: Ursaluna|move: Protect
|
|-weather|Snowscape|[upkeep]
|upkeep
|turn|5
|
|t:|1757908188
|switch|p1a: Politoed|Politoed, L50, M|97/100
|-weather|RainDance|[from] ability: Drizzle|[of] p1a: Politoed
|switch|p2b: Incineroar|Incineroar, L50, M|28/100
|-ability|p2b: Incineroar|Intimidate|boost
|-unboost|p1a: Politoed|atk|1
|-unboost|p1b: Basculegion|atk|1
|move|p1b: Basculegion|Wave Crash|p2b: Incineroar
|-supereffective|p2b: Incineroar
|-damage|p2b: Incineroar|0 fnt
|faint|p2b: Incineroar
|-damage|p1b: Basculegion|91/100|[from] Recoil
|move|p2a: Ninetales|Disable|p1b: Basculegion
|-start|p1b: Basculegion|Disable|Wave Crash
|
|-weather|RainDance|[upkeep]
|-heal|p1a: Politoed|100/100|[from] item: Leftovers
|upkeep
|
|t:|1757908191
|switch|p2b: Rillaboom|Rillaboom, L50, M|100/100
|-fieldstart|move: Grassy Terrain|[from] ability: Grassy Surge|[of] p2b: Rillaboom
|turn|6
|
|t:|1757908208
|switch|p1a: Talonflame|Talonflame, L50, F|100/100
|-activate|p1b: Basculegion|move: Struggle
|move|p1b: Basculegion|Struggle|p2b: Rillaboom
|-damage|p2b: Rillaboom|84/100
|-damage|p1b: Basculegion|66/100|[from] recoil
|move|p2a: Ninetales|Blizzard|p1b: Basculegion|[spread] p1a,p1b
|-resisted|p1b: Basculegion
|-damage|p1a: Talonflame|49/100
|-damage|p1b: Basculegion|47/100
|move|p2b: Rillaboom|Wood Hammer|p1a: Talonflame
|-resisted|p1a: Talonflame
|-damage|p1a: Talonflame|21/100
|-damage|p2b: Rillaboom|77/100|[from] Recoil
|
|-weather|RainDance|[upkeep]
|-heal|p1b: Basculegion|53/100|[from] Grassy Terrain
|-heal|p2b: Rillaboom|83/100|[from] Grassy Terrain
|upkeep
|turn|7
|
|t:|1757908231
|switch|p1b: Politoed|Politoed, L50, M|100/100
|move|p2b: Rillaboom|Grassy Glide|p1b: Politoed
|-supereffective|p1b: Politoed
|-damage|p1b: Politoed|36/100
|move|p1a: Talonflame|Will-O-Wisp|p2b: Rillaboom
|-status|p2b: Rillaboom|brn
|move|p2a: Ninetales|Blizzard|p1b: Politoed|[spread] p1a,p1b
|-resisted|p1b: Politoed
|-damage|p1a: Talonflame|0 fnt
|-damage|p1b: Politoed|24/100
|faint|p1a: Talonflame
|
|-weather|RainDance|[upkeep]
|-heal|p2b: Rillaboom|88/100 brn|[from] Grassy Terrain
|-heal|p1b: Politoed|30/100|[from] Grassy Terrain
|-heal|p1b: Politoed|36/100|[from] item: Leftovers
|-damage|p2b: Rillaboom|83/100 brn|[from] brn
|upkeep
|
|t:|1757908233
|switch|p1a: Basculegion|Basculegion, L50, M, tera:Water|53/100
|turn|8
|
|t:|1757908248
|move|p2b: Rillaboom|Grassy Glide|p1a: Basculegion
|-supereffective|p1a: Basculegion
|-crit|p1a: Basculegion
|-damage|p1a: Basculegion|0 fnt
|faint|p1a: Basculegion
|move|p2a: Ninetales|Icy Wind|p1b: Politoed
|-resisted|p1b: Politoed
|-damage|p1b: Politoed|26/100
|-unboost|p1b: Politoed|spe|1
|move|p1b: Politoed|Muddy Water|p2b: Rillaboom|[spread] p2a,p2b
|-resisted|p2b: Rillaboom
|-crit|p2b: Rillaboom
|-damage|p2a: Ninetales|60/100
|-damage|p2b: Rillaboom|67/100 brn
|
|-weather|RainDance|[upkeep]
|-heal|p2a: Ninetales|66/100|[from] Grassy Terrain
|-heal|p2b: Rillaboom|72/100 brn|[from] Grassy Terrain
|-heal|p1b: Politoed|32/100|[from] Grassy Terrain
|-heal|p1b: Politoed|39/100|[from] item: Leftovers
|-damage|p2b: Rillaboom|67/100 brn|[from] brn
|upkeep
|turn|9
|-message|edhen forfeited.
|
|win|Gholden Ghladiator
|l|☆edhen
|player|p1|
||Gholden Ghladiator is ready for game 2.
||edhen is ready for game 2.
|uhtml|next|Next: Game 2 of 3
