|j|☆rgp253
|j|☆b(R)2
|html|rgp253b(R)2    
|uhtml|bestof|Game 2 of a best-of-3
|t:|1756706106
|gametype|doubles
|player|p1|rgp253|acetrainer-gen4dp|1085
|player|p2|b(R)2|pryce|1048
|gen|9
|tier|[Gen 9] VGC 2025 Reg H (Bo3)
|rated|
|rule|Species Clause: Limit one of each Pokémon
|rule|Item Clause: Limit 1 of each item
|clearpoke
|poke|p1|Tauros-Paldea-Blaze, L50, M|
|poke|p1|Rillaboom, L50, M|
|poke|p1|Amoonguss, L50, F|
|poke|p1|Dragonite, L50, M|
|poke|p1|Gholdengo, L50|
|poke|p1|Electabuzz, L50, M|
|poke|p2|Pelipper, L50, M|
|poke|p2|Basculegion, L50, M|
|poke|p2|Gholdengo, L50|
|poke|p2|Amoonguss, L50, M|
|poke|p2|Archaludon, L50, M|
|poke|p2|Incineroar, L50, F|
|teampreview|4
|showteam|p1|Tauros-Paldea-Blaze||LifeOrb|Intimidate|Protect,RagingBull,CloseCombat,Trailblaze|||M|||50|,,,,,Grass]Rillaboom||AssaultVest|GrassySurge|FakeOut,GrassyGlide,WoodHammer,HighHorsepower|||M|||50|,,,,,Grass]Amoonguss||CovertCloak|Regenerator|Protect,RagePowder,Spore,SludgeBomb|||F|||50|,,,,,Water]Dragonite||LoadedDice|InnerFocus|Tailwind,ScaleShot,ExtremeSpeed,Haze|||M|||50|,,,,,Normal]Gholdengo||FocusSash|GoodasGold|Protect,MakeItRain,ShadowBall,NastyPlot||||||50|,,,,,Steel]Electabuzz||Eviolite|VitalSpirit|Protect,FollowMe,Thunderbolt,Taunt|||M|||50|,,,,,Ghost
|showteam|p2|Pelipper||FocusSash|Drizzle|WeatherBall,Hurricane,Tailwind,Protect|||M|||50|,,,,,Dark]Basculegion||ChoiceBand|SwiftSwim|LastRespects,WaveCrash,AquaJet,FlipTurn|||M|||50|,,,,,Water]Gholdengo||ChoiceSpecs|GoodasGold|MakeItRain,ShadowBall,FocusBlast,Trick||||||50|,,,,,Steel]Amoonguss||SitrusBerry|Regenerator|RagePowder,Spore,PollenPuff,ClearSmog|||M|||50|,,,,,Water]Archaludon||AssaultVest|Stamina|DracoMeteor,ElectroShot,FlashCannon,BodyPress|||M|||50|,,,,,Grass]Incineroar||SafetyGoggles|Intimidate|PartingShot,FlareBlitz,KnockOff,FakeOut|||F|||50|,,,,,Ghost
|inactive|Battle timer is ON: inactive players will automatically lose when time's up. (requested by b(R)2)
|inactive|rgp253 has 60 seconds left.
|inactive|rgp253 has 30 seconds left.
|inactive|rgp253 has 20 seconds left.
|inactive|rgp253 has 15 seconds left.
|
|t:|1756706228
|teamsize|p1|4
|teamsize|p2|4
|start
|switch|p1a: Rillaboom|Rillaboom, L50, M|100/100
|switch|p1b: Amoonguss|Amoonguss, L50, F|100/100
|switch|p2a: Amoonguss|Amoonguss, L50, M|100/100
|switch|p2b: Incineroar|Incineroar, L50, F|100/100
|-fieldstart|move: Grassy Terrain|[from] ability: Grassy Surge|[of] p1a: Rillaboom
|-ability|p2b: Incineroar|Intimidate|boost
|-unboost|p1a: Rillaboom|atk|1
|-unboost|p1b: Amoonguss|atk|1
|turn|1
|inactive|b(R)2 has 30 seconds left.
|inactive|rgp253 has 30 seconds left.
|inactive|b(R)2 has 20 seconds left.
|inactive|rgp253 has 20 seconds left.
|inactive|rgp253 has 15 seconds left.
|
|t:|1756706274
|switch|p1b: Tauros|Tauros-Paldea-Blaze, L50, M|100/100
|-ability|p1b: Tauros|Intimidate|boost
|-unboost|p2a: Amoonguss|atk|1
|-unboost|p2b: Incineroar|atk|1
|move|p1a: Rillaboom|Fake Out|p2b: Incineroar
|-damage|p2b: Incineroar|90/100
|cant|p2b: Incineroar|flinch
|move|p2a: Amoonguss|Pollen Puff|p1a: Rillaboom
|-supereffective|p1a: Rillaboom
|-damage|p1a: Rillaboom|73/100
|
|-heal|p1a: Rillaboom|79/100|[from] Grassy Terrain
|-heal|p2b: Incineroar|96/100|[from] Grassy Terrain
|upkeep
|turn|2
|
|t:|1756706295
|switch|p1a: Electabuzz|Electabuzz, L50, M|100/100
|-terastallize|p2a: Amoonguss|Water
|move|p1b: Tauros|Protect|p1b: Tauros
|-singleturn|p1b: Tauros|Protect
|move|p2b: Incineroar|Flare Blitz|p1b: Tauros
|-activate|p1b: Tauros|move: Protect
|move|p2a: Amoonguss|Spore|p1b: Tauros
|-activate|p1b: Tauros|move: Protect
|
|-heal|p2b: Incineroar|100/100|[from] Grassy Terrain
|upkeep
|turn|3
|inactive|b(R)2 has 30 seconds left.
|
|t:|1756706321
|switch|p2a: Archaludon|Archaludon, L50, M|100/100
|-terastallize|p1b: Tauros|Grass
|move|p1a: Electabuzz|Follow Me|p1a: Electabuzz
|-singleturn|p1a: Electabuzz|move: Follow Me
|move|p1b: Tauros|Trailblaze|p2a: Archaludon
|-resisted|p2a: Archaludon
|-damage|p2a: Archaludon|93/100
|-boost|p1b: Tauros|spe|1
|-ability|p2a: Archaludon|Stamina|boost
|-boost|p2a: Archaludon|def|1
|-damage|p1b: Tauros|90/100|[from] item: Life Orb
|move|p2b: Incineroar|Parting Shot|p1a: Electabuzz
|-unboost|p1a: Electabuzz|atk|1
|-unboost|p1a: Electabuzz|spa|1
|
|t:|1756706341
|switch|p2b: Pelipper|Pelipper, L50, M|100/100|[from] Parting Shot
|-weather|RainDance|[from] ability: Drizzle|[of] p2b: Pelipper
|
|-weather|RainDance|[upkeep]
|-heal|p1b: Tauros|96/100|[from] Grassy Terrain
|-heal|p2a: Archaludon|99/100|[from] Grassy Terrain
|upkeep
|turn|4
|inactive|rgp253 has 30 seconds left.
|
|t:|1756706367
|move|p1b: Tauros|Protect|p1b: Tauros
|-singleturn|p1b: Tauros|Protect
|move|p2b: Pelipper|Protect|p2b: Pelipper
|-singleturn|p2b: Pelipper|Protect
|move|p2a: Archaludon|Electro Shot||[still]
|-prepare|p2a: Archaludon|Electro Shot
|-boost|p2a: Archaludon|spa|1
|-anim|p2a: Archaludon|Electro Shot|p1a: Electabuzz
|-resisted|p1a: Electabuzz
|-damage|p1a: Electabuzz|77/100
|move|p1a: Electabuzz|Taunt|p2b: Pelipper
|-activate|p2b: Pelipper|move: Protect
|
|-weather|RainDance|[upkeep]
|-heal|p1b: Tauros|100/100|[from] Grassy Terrain
|-heal|p2a: Archaludon|100/100|[from] Grassy Terrain
|-heal|p1a: Electabuzz|82/100|[from] Grassy Terrain
|upkeep
|turn|5
|inactive|rgp253 has 30 seconds left.
|inactive|b(R)2 has 30 seconds left.
|
|t:|1756706398
|switch|p1a: Rillaboom|Rillaboom, L50, M|79/100
|switch|p2b: Incineroar|Incineroar, L50, F|100/100
|-ability|p2b: Incineroar|Intimidate|boost
|-unboost|p1a: Rillaboom|atk|1
|-unboost|p1b: Tauros|atk|1
|move|p1b: Tauros|Close Combat|p2a: Archaludon
|-supereffective|p2a: Archaludon
|-damage|p2a: Archaludon|44/100
|-unboost|p1b: Tauros|def|1
|-unboost|p1b: Tauros|spd|1
|-ability|p2a: Archaludon|Stamina|boost
|-boost|p2a: Archaludon|def|1
|-damage|p1b: Tauros|90/100|[from] item: Life Orb
|move|p2a: Archaludon|Electro Shot||[still]
|-prepare|p2a: Archaludon|Electro Shot
|-boost|p2a: Archaludon|spa|1
|-anim|p2a: Archaludon|Electro Shot|p1a: Rillaboom
|-resisted|p1a: Rillaboom
|-damage|p1a: Rillaboom|46/100
|
|-weather|RainDance|[upkeep]
|-heal|p1b: Tauros|96/100|[from] Grassy Terrain
|-heal|p2a: Archaludon|50/100|[from] Grassy Terrain
|-heal|p1a: Rillaboom|52/100|[from] Grassy Terrain
|-fieldend|move: Grassy Terrain
|upkeep
|turn|6
|inactive|rgp253 has 30 seconds left.
|inactive|b(R)2 has 30 seconds left.
|inactive|rgp253 has 20 seconds left.
|inactive|b(R)2 has 20 seconds left.
|inactive|rgp253 has 15 seconds left.
|inactive|b(R)2 has 15 seconds left.
|inactive|b(R)2 has 10 seconds left.
|inactive|b(R)2 has 5 seconds left.
|
|t:|1756706453
|switch|p1b: Amoonguss|Amoonguss, L50, F|100/100
|move|p1a: Rillaboom|Fake Out|p2a: Archaludon
|-resisted|p2a: Archaludon
|-damage|p2a: Archaludon|48/100
|-ability|p2a: Archaludon|Stamina|boost
|-boost|p2a: Archaludon|def|1
|cant|p2a: Archaludon|flinch
|move|p2b: Incineroar|Parting Shot|p1a: Rillaboom
|-unboost|p1a: Rillaboom|atk|1
|-unboost|p1a: Rillaboom|spa|1
|
|t:|1756706470
|switch|p2b: Amoonguss|Amoonguss, L50, M, tera:Water|100/100|[from] Parting Shot
|
|-weather|RainDance|[upkeep]
|upkeep
|turn|7
|inactive|rgp253 has 30 seconds left.
|
|t:|1756706499
|move|p2a: Archaludon|Draco Meteor|p1b: Amoonguss
|-damage|p1b: Amoonguss|0 fnt
|-unboost|p2a: Archaludon|spa|2
|faint|p1b: Amoonguss
|move|p1a: Rillaboom|Wood Hammer|p2b: Amoonguss
|-supereffective|p2b: Amoonguss
|-damage|p2b: Amoonguss|48/100
|-enditem|p2b: Amoonguss|Sitrus Berry|[eat]
|-heal|p2b: Amoonguss|73/100|[from] item: Sitrus Berry
|-damage|p1a: Rillaboom|33/100|[from] Recoil
|move|p2b: Amoonguss|Pollen Puff|p2a: Archaludon
|-heal|p2a: Archaludon|98/100
|
|-weather|none
|upkeep
|
|t:|1756706517
|switch|p1b: Tauros|Tauros-Paldea-Blaze, L50, M, tera:Grass|96/100
|-ability|p1b: Tauros|Intimidate|boost
|-unboost|p2a: Archaludon|atk|1
|-unboost|p2b: Amoonguss|atk|1
|turn|8
|inactive|b(R)2 has 30 seconds left.
|
|t:|1756706545
|switch|p2b: Pelipper|Pelipper, L50, M|100/100
|-weather|RainDance|[from] ability: Drizzle|[of] p2b: Pelipper
|move|p1b: Tauros|Close Combat|p2a: Archaludon
|-supereffective|p2a: Archaludon
|-damage|p2a: Archaludon|46/100
|-unboost|p1b: Tauros|def|1
|-unboost|p1b: Tauros|spd|1
|-ability|p2a: Archaludon|Stamina|boost
|-boost|p2a: Archaludon|def|1
|-damage|p1b: Tauros|86/100|[from] item: Life Orb
|move|p2a: Archaludon|Electro Shot||[still]
|-prepare|p2a: Archaludon|Electro Shot
|-boost|p2a: Archaludon|spa|1
|-anim|p2a: Archaludon|Electro Shot|p1a: Rillaboom
|-resisted|p1a: Rillaboom
|-damage|p1a: Rillaboom|10/100
|move|p1a: Rillaboom|High Horsepower|p2a: Archaludon
|-supereffective|p2a: Archaludon
|-damage|p2a: Archaludon|36/100
|-ability|p2a: Archaludon|Stamina|boost
|-boost|p2a: Archaludon|def|1
|
|-weather|RainDance|[upkeep]
|upkeep
|turn|9
|inactive|rgp253 has 30 seconds left.
|inactive|b(R)2 has 30 seconds left.
|inactive|rgp253 has 20 seconds left.
|inactive|b(R)2 has 20 seconds left.
|inactive|rgp253 has 15 seconds left.
|
|t:|1756706590
|switch|p2b: Incineroar|Incineroar, L50, F|100/100
|-ability|p2b: Incineroar|Intimidate|boost
|-unboost|p1a: Rillaboom|atk|1
|-unboost|p1b: Tauros|atk|1
|move|p1b: Tauros|Protect|p1b: Tauros
|-singleturn|p1b: Tauros|Protect
|move|p2a: Archaludon|Draco Meteor|p1b: Tauros
|-activate|p1b: Tauros|move: Protect
|move|p1a: Rillaboom|Grassy Glide|p2b: Incineroar
|-resisted|p2b: Incineroar
|-damage|p2b: Incineroar|94/100
|
|-weather|RainDance|[upkeep]
|upkeep
|turn|10
|inactive|rgp253 has 30 seconds left.
|inactive|rgp253 has 20 seconds left.
|inactive|rgp253 has 15 seconds left.
|inactive|rgp253 has 10 seconds left.
|inactive|rgp253 has 5 seconds left.
|
|t:|1756706641
|switch|p2b: Amoonguss|Amoonguss, L50, M, tera:Water|100/100
|move|p1b: Tauros|Protect||[still]
|-fail|p1b: Tauros
|move|p2a: Archaludon|Electro Shot||[still]
|-prepare|p2a: Archaludon|Electro Shot
|-boost|p2a: Archaludon|spa|1
|-anim|p2a: Archaludon|Electro Shot|p1a: Rillaboom
|-resisted|p1a: Rillaboom
|-damage|p1a: Rillaboom|0 fnt
|faint|p1a: Rillaboom
|
|-weather|RainDance|[upkeep]
|upkeep
|
|t:|1756706655
|switch|p1a: Electabuzz|Electabuzz, L50, M|82/100
|turn|11
|
|t:|1756706674
|move|p1b: Tauros|Close Combat|p2a: Archaludon
|-supereffective|p2a: Archaludon
|-damage|p2a: Archaludon|15/100
|-unboost|p1b: Tauros|def|1
|-unboost|p1b: Tauros|spd|1
|-ability|p2a: Archaludon|Stamina|boost
|-boost|p2a: Archaludon|def|1
|-damage|p1b: Tauros|76/100|[from] item: Life Orb
|move|p2a: Archaludon|Body Press|p1a: Electabuzz
|-damage|p1a: Electabuzz|8/100
|move|p1a: Electabuzz|Thunderbolt|p2a: Archaludon
|-resisted|p2a: Archaludon
|-damage|p2a: Archaludon|2/100
|-status|p2a: Archaludon|par
|move|p2b: Amoonguss|Pollen Puff|p2a: Archaludon
|-heal|p2a: Archaludon|52/100 par
|
|-weather|RainDance|[upkeep]
|upkeep
|turn|12
|
|t:|1756706698
|move|p1a: Electabuzz|Protect|p1a: Electabuzz
|-singleturn|p1a: Electabuzz|Protect
|move|p1b: Tauros|Close Combat|p2a: Archaludon
|-supereffective|p2a: Archaludon
|-damage|p2a: Archaludon|31/100 par
|-unboost|p1b: Tauros|def|1
|-unboost|p1b: Tauros|spd|1
|-damage|p1b: Tauros|66/100|[from] item: Life Orb
|cant|p2a: Archaludon|par
|move|p2b: Amoonguss|Pollen Puff|p2a: Archaludon
|-heal|p2a: Archaludon|81/100 par
|
|-weather|none
|upkeep
|turn|13
|
|t:|1756706720
|move|p1b: Tauros|Close Combat|p2a: Archaludon
|-supereffective|p2a: Archaludon
|-damage|p2a: Archaludon|59/100 par
|-unboost|p1b: Tauros|def|1
|-unboost|p1b: Tauros|spd|1
|-damage|p1b: Tauros|56/100|[from] item: Life Orb
|move|p1a: Electabuzz|Thunderbolt|p2b: Amoonguss
|-supereffective|p2b: Amoonguss
|-damage|p2b: Amoonguss|48/100
|cant|p2a: Archaludon|par
|move|p2b: Amoonguss|Pollen Puff|p2a: Archaludon
|-heal|p2a: Archaludon|100/100 par
|
|upkeep
|turn|14
|
|t:|1756706738
|switch|p2b: Incineroar|Incineroar, L50, F|94/100
|-ability|p2b: Incineroar|Intimidate|boost
|-unboost|p1a: Electabuzz|atk|1
|-unboost|p1b: Tauros|atk|1
|move|p1b: Tauros|Close Combat|p2a: Archaludon
|-supereffective|p2a: Archaludon
|-damage|p2a: Archaludon|84/100 par
|-unboost|p1b: Tauros|def|1
|-unboost|p1b: Tauros|spd|1
|-damage|p1b: Tauros|46/100|[from] item: Life Orb
|move|p1a: Electabuzz|Thunderbolt|p2b: Incineroar
|-damage|p2b: Incineroar|66/100
|cant|p2a: Archaludon|par
|
|upkeep
|turn|15
|inactive|rgp253 has 30 seconds left.
|-message|rgp253 forfeited.
|
|win|b(R)2
|raw|rgp253's rating: 1085 → 1060(-25 for losing)
|raw|b(R)2's rating: 1048 → 1084(+36 for winning)
|l|☆rgp253
|player|p1|
