|j|☆carrotvg
|j|☆mrjanitor67
|html|carrotvgmrjanitor67    
|uhtml|bestof|Game 1 of a best-of-3
|t:|1757906223
|gametype|doubles
|player|p1|carrotvg|265|1442
|player|p2|mrjanitor67|wattson|1454
|gen|9
|tier|[Gen 9] VGC 2025 Reg H (Bo3)
|rated|
|rule|Species Clause: Limit one of each Pokémon
|rule|Item Clause: Limit 1 of each item
|clearpoke
|poke|p1|Sinistcha, L50|
|poke|p1|Archaludon, L50, F|
|poke|p1|Pelipper, L50, M|
|poke|p1|Dragonite, L50, F|
|poke|p1|Ursaluna, L50, F|
|poke|p1|Gholdengo, L50|
|poke|p2|Dondozo, L50, F|
|poke|p2|Baxcalibur, L50, F|
|poke|p2|Rillaboom, L50, M|
|poke|p2|Sneasler, L50, M|
|poke|p2|Magmar, L50, M|
|poke|p2|Kingambit, L50, M|
|teampreview|4
|showteam|p1|Sinistcha||SitrusBerry|Hospitality|MatchaGotcha,RagePowder,LifeDew,TrickRoom||||||50|,,,,,Dark]Archaludon||AssaultVest|Stamina|BodyPress,ElectroShot,FlashCannon,Snarl|||F|||50|,,,,,Fighting]Pelipper||SafetyGoggles|Drizzle|WeatherBall,Hurricane,WideGuard,Protect|||M|||50|,,,,,Steel]Dragonite||LoadedDice|Multiscale|ScaleShot,Tailwind,Haze,Protect|||F|||50|,,,,,Fairy]Ursaluna||FlameOrb|Guts|HeadlongRush,Earthquake,Facade,Protect|||F|||50|,,,,,Ghost]Gholdengo||ChoiceScarf|GoodasGold|MakeItRain,ShadowBall,TeraBlast,Trick||||||50|,,,,,Flying
|showteam|p2|Dondozo||Leftovers|Unaware|Yawn,Fissure,WaveCrash,Protect|||F|||50|,,,,,Poison]Baxcalibur||LoadedDice|ThermalExchange|ScaleShot,IcicleSpear,IceShard,Protect|||F|||50|,,,,,Ghost]Rillaboom||AssaultVest|GrassySurge|WoodHammer,GrassyGlide,HighHorsepower,FakeOut|||M|||50|,,,,,Fire]Sneasler||FocusSash|Unburden|CloseCombat,DireClaw,Coaching,Protect|||M|||50|,,,,,Stellar]Magmar||Eviolite|VitalSpirit|WillOWisp,FollowMe,Overheat,Protect|||M|||50|,,,,,Ghost]Kingambit||BlackGlasses|Defiant|KowtowCleave,SwordsDance,SuckerPunch,Protect|||M|||50|,,,,,Ghost
|inactive|Battle timer is ON: inactive players will automatically lose when time's up. (requested by mrjanitor67)
|
|t:|1757906244
|teamsize|p1|4
|teamsize|p2|4
|start
|switch|p1a: Ursaluna|Ursaluna, L50, F|100/100
|switch|p1b: Dragonite|Dragonite, L50, F|100/100
|switch|p2a: Sneasler|Sneasler, L50, M|100/100
|switch|p2b: Kingambit|Kingambit, L50, M|100/100
|turn|1
|
|t:|1757906257
|-terastallize|p2b: Kingambit|Ghost
|move|p2a: Sneasler|Dire Claw|p1b: Dragonite
|-damage|p1b: Dragonite|80/100
|move|p1b: Dragonite|Tailwind|p1b: Dragonite
|-sidestart|p1: carrotvg|move: Tailwind
|move|p1a: Ursaluna|Earthquake|p2a: Sneasler|[spread] p2a,p2b
|-immune|p1b: Dragonite
|-supereffective|p2a: Sneasler
|-enditem|p2a: Sneasler|Focus Sash
|-damage|p2a: Sneasler|1/100
|-damage|p2b: Kingambit|65/100
|move|p2b: Kingambit|Kowtow Cleave|p1b: Dragonite
|-damage|p1b: Dragonite|19/100
|
|-status|p1a: Ursaluna|brn|[from] item: Flame Orb
|upkeep
|turn|2
|inactive|carrotvg has 30 seconds left.
|inactive|mrjanitor67 has 30 seconds left.
|inactive|carrotvg has 20 seconds left.
|inactive|carrotvg has 15 seconds left.
|inactive|carrotvg has 10 seconds left.
|
|t:|1757906304
|switch|p1b: Gholdengo|Gholdengo, L50|100/100
|move|p1a: Ursaluna|Protect|p1a: Ursaluna
|-singleturn|p1a: Ursaluna|Protect
|move|p2b: Kingambit|Sucker Punch||[still]
|-fail|p2b: Kingambit
|move|p2a: Sneasler|Close Combat|p1a: Ursaluna
|-activate|p1a: Ursaluna|move: Protect
|
|-damage|p1a: Ursaluna|95/100 brn|[from] brn
|upkeep
|turn|3
|inactive|carrotvg has 30 seconds left.
|inactive|carrotvg has 20 seconds left.
|
|t:|1757906342
|-terastallize|p1a: Ursaluna|Ghost
|move|p2b: Kingambit|Protect|p2b: Kingambit
|-singleturn|p2b: Kingambit|Protect
|move|p1b: Gholdengo|Make It Rain|p2a: Sneasler|[spread] p2a
|-activate|p2b: Kingambit|move: Protect
|-damage|p2a: Sneasler|0 fnt
|-unboost|p1b: Gholdengo|spa|1
|faint|p2a: Sneasler
|move|p1a: Ursaluna|Headlong Rush|p2b: Kingambit
|-activate|p2b: Kingambit|move: Protect
|
|-damage|p1a: Ursaluna|89/100 brn|[from] brn
|upkeep
|
|t:|1757906352
|switch|p2a: Rillaboom|Rillaboom, L50, M|100/100
|-fieldstart|move: Grassy Terrain|[from] ability: Grassy Surge|[of] p2a: Rillaboom
|turn|4
|
|t:|1757906361
|switch|p1b: Dragonite|Dragonite, L50, F|19/100
|move|p2a: Rillaboom|Grassy Glide|p1a: Ursaluna
|-damage|p1a: Ursaluna|60/100 brn
|move|p2b: Kingambit|Sucker Punch|p1a: Ursaluna
|-supereffective|p1a: Ursaluna
|-damage|p1a: Ursaluna|0 fnt
|faint|p1a: Ursaluna
|
|-heal|p2b: Kingambit|71/100|[from] Grassy Terrain
|-sideend|p1: carrotvg|move: Tailwind
|upkeep
|
|t:|1757906369
|switch|p1a: Archaludon|Archaludon, L50, F|100/100
|turn|5
|
|t:|1757906384
|switch|p2b: Dondozo|Dondozo, L50, F|100/100
|move|p1b: Dragonite|Scale Shot|p1a: Archaludon
|-damage|p1a: Archaludon|93/100
|-ability|p1a: Archaludon|Stamina|boost
|-boost|p1a: Archaludon|def|1
|-damage|p1a: Archaludon|88/100
|-ability|p1a: Archaludon|Stamina|boost
|-boost|p1a: Archaludon|def|1
|-damage|p1a: Archaludon|83/100
|-ability|p1a: Archaludon|Stamina|boost
|-boost|p1a: Archaludon|def|1
|-damage|p1a: Archaludon|80/100
|-ability|p1a: Archaludon|Stamina|boost
|-boost|p1a: Archaludon|def|1
|-hitcount|p1a: Archaludon|4
|-unboost|p1b: Dragonite|def|1
|-boost|p1b: Dragonite|spe|1
|move|p2a: Rillaboom|Wood Hammer|p1b: Dragonite
|-resisted|p1b: Dragonite
|-damage|p1b: Dragonite|0 fnt
|faint|p1b: Dragonite
|-damage|p2a: Rillaboom|94/100|[from] Recoil
|move|p1a: Archaludon|Body Press|p2a: Rillaboom
|-damage|p2a: Rillaboom|17/100
|
|-heal|p2a: Rillaboom|23/100|[from] Grassy Terrain
|-heal|p1a: Archaludon|86/100|[from] Grassy Terrain
|upkeep
|
|t:|1757906402
|switch|p1b: Gholdengo|Gholdengo, L50|100/100
|turn|6
|inactive|carrotvg has 30 seconds left.
|
|t:|1757906433
|move|p2a: Rillaboom|Grassy Glide|p1b: Gholdengo
|-resisted|p1b: Gholdengo
|-damage|p1b: Gholdengo|80/100
|move|p1b: Gholdengo|Trick|p2b: Dondozo
|-activate|p1b: Gholdengo|move: Trick|[of] p2b: Dondozo
|-item|p2b: Dondozo|Choice Scarf|[from] move: Trick
|-item|p1b: Gholdengo|Leftovers|[from] move: Trick
|move|p1a: Archaludon|Body Press|p2a: Rillaboom
|-damage|p2a: Rillaboom|0 fnt
|faint|p2a: Rillaboom
|move|p2b: Dondozo|Yawn|p1a: Archaludon
|-start|p1a: Archaludon|move: Yawn|[of] p2b: Dondozo
|
|-heal|p1b: Gholdengo|86/100|[from] Grassy Terrain
|-heal|p1b: Gholdengo|92/100|[from] item: Leftovers
|-heal|p1a: Archaludon|92/100|[from] Grassy Terrain
|upkeep
|
|t:|1757906440
|switch|p2a: Kingambit|Kingambit, L50, M, tera:Ghost|71/100
|turn|7
|inactive|mrjanitor67 has 30 seconds left.
|
|t:|1757906469
|move|p2a: Kingambit|Sucker Punch||[still]
|-fail|p2a: Kingambit
|move|p1b: Gholdengo|Trick|p1a: Archaludon
|-activate|p1b: Gholdengo|move: Trick|[of] p1a: Archaludon
|-item|p1a: Archaludon|Leftovers|[from] move: Trick
|-item|p1b: Gholdengo|Assault Vest|[from] move: Trick
|move|p1a: Archaludon|Flash Cannon|p2a: Kingambit
|-damage|p2a: Kingambit|40/100
|move|p2b: Dondozo|Yawn||[still]
|-fail|p2b: Dondozo
|
|-heal|p1b: Gholdengo|98/100|[from] Grassy Terrain
|-heal|p1a: Archaludon|98/100|[from] Grassy Terrain
|-heal|p1a: Archaludon|100/100|[from] item: Leftovers
|-heal|p2a: Kingambit|46/100|[from] Grassy Terrain
|-end|p1a: Archaludon|move: Yawn|[silent]
|-status|p1a: Archaludon|slp
|upkeep
|turn|8
|
|t:|1757906485
|move|p1b: Gholdengo|Shadow Ball|p2a: Kingambit
|-supereffective|p2a: Kingambit
|-damage|p2a: Kingambit|0 fnt
|faint|p2a: Kingambit
|cant|p1a: Archaludon|slp
|move|p2b: Dondozo|Yawn||[still]
|-fail|p2b: Dondozo
|
|-heal|p1b: Gholdengo|100/100|[from] Grassy Terrain
|-fieldend|move: Grassy Terrain
|upkeep
|turn|9
|-message|mrjanitor67 forfeited.
|
|win|carrotvg
||mrjanitor67 is ready for game 2.
|l|☆carrotvg
|player|p1|
||carrotvg is ready for game 2.
|uhtml|next|Next: Game 2 of 3
