|j|☆Shrub_01
|j|☆priviteran
|html|Shrub_01priviteran    
|uhtml|bestof|Game 1 of a best-of-3
|t:|1757760719
|gametype|doubles
|player|p1|Shrub_01|norman|1131
|player|p2|priviteran|169|1098
|gen|9
|tier|[Gen 9] VGC 2025 Reg H (Bo3)
|rated|
|rule|Species Clause: Limit one of each Pokémon
|rule|Item Clause: Limit 1 of each item
|clearpoke
|poke|p1|Amoonguss, L50, F|
|poke|p1|Incineroar, L50, F|
|poke|p1|Porygon2, L50|
|poke|p1|Ursaluna, L50, M|
|poke|p1|Gholdengo, L50|
|poke|p1|Dragonite, L50, M|
|poke|p2|Gholdengo, L50|
|poke|p2|Incineroar, L50, F|
|poke|p2|Amoonguss, L50, M|
|poke|p2|Garchomp, L50, M|
|poke|p2|Kilowattrel, L50, F|
|poke|p2|Tyranitar, L50, M|
|teampreview|4
|showteam|p1|Amoonguss||SitrusBerry|Regenerator|PollenPuff,Spore,RagePowder,Protect|||F|||50|,,,,,Water]Incineroar||SafetyGoggles|Intimidate|FakeOut,KnockOff,FlareBlitz,PartingShot|||F|||50|,,,,,Ghost]Porygon2||Eviolite|Download|TeraBlast,IceBeam,Recover,TrickRoom||||||50|,,,,,Fighting]Ursaluna||FlameOrb|Guts|Facade,Earthquake,HeadlongRush,Protect|||M|||50|,,,,,Ghost]Gholdengo||LifeOrb|GoodasGold|MakeItRain,ShadowBall,NastyPlot,Protect||||||50|,,,,,Water]Dragonite||LoadedDice|Multiscale|ScaleShot,Haze,Tailwind,Protect|||M|||50|,,,,,Steel
|showteam|p2|Gholdengo||MetalCoat|GoodasGold|MakeItRain,NastyPlot,ShadowBall,Protect||||||50|,,,,,Flying]Incineroar||SafetyGoggles|Intimidate|FakeOut,FlareBlitz,PartingShot,KnockOff|||F|||50|,,,,,Grass]Amoonguss||SitrusBerry|Regenerator|Spore,RagePowder,PollenPuff,Protect|||M|||50|,,,,,Water]Garchomp||LifeOrb|RoughSkin|DragonClaw,StompingTantrum,Earthquake,Protect|||M|||50|,,,,,Fire]Kilowattrel||CovertCloak|Competitive|AirSlash,Tailwind,Thunderbolt,Protect|||F|||50|,,,,,Fairy]Tyranitar||AssaultVest|SandStream|RockSlide,KnockOff,LowKick,TeraBlast|||M|||50|,,,,,Flying
|inactive|Battle timer is ON: inactive players will automatically lose when time's up. (requested by Shrub_01)
|inactive|Shrub_01 has 60 seconds left.
|inactive|priviteran has 60 seconds left.
|
|t:|1757760779
|teamsize|p1|4
|teamsize|p2|4
|start
|switch|p1a: Porygon42|Porygon2, L50|100/100
|switch|p1b: Ursaluma|Ursaluna, L50, M|100/100
|switch|p2a: Kilowattrel|Kilowattrel, L50, F|100/100
|switch|p2b: Tyranitar|Tyranitar, L50, M|100/100
|-weather|Sandstorm|[from] ability: Sand Stream|[of] p2b: Tyranitar
|-ability|p1a: Porygon42|Download|boost
|-boost|p1a: Porygon42|spa|1
|turn|1
|inactive|Shrub_01 has 30 seconds left.
|inactive|priviteran has 30 seconds left.
|inactive|Shrub_01 has 20 seconds left.
|inactive|priviteran has 20 seconds left.
|
|t:|1757760822
|move|p2a: Kilowattrel|Air Slash|p1b: Ursaluma
|-damage|p1b: Ursaluma|72/100
|move|p2b: Tyranitar|Knock Off|p1a: Porygon42
|-damage|p1a: Porygon42|67/100
|-enditem|p1a: Porygon42|Eviolite|[from] move: Knock Off|[of] p2b: Tyranitar
|move|p1a: Porygon42|Ice Beam|p2b: Tyranitar
|-damage|p2b: Tyranitar|87/100
|move|p1b: Ursaluma|Headlong Rush|p2b: Tyranitar
|-supereffective|p2b: Tyranitar
|-damage|p2b: Tyranitar|0 fnt
|-unboost|p1b: Ursaluma|def|1
|-unboost|p1b: Ursaluma|spd|1
|faint|p2b: Tyranitar
|
|-weather|Sandstorm|[upkeep]
|-damage|p2a: Kilowattrel|94/100|[from] Sandstorm
|-damage|p1a: Porygon42|61/100|[from] Sandstorm
|-status|p1b: Ursaluma|brn|[from] item: Flame Orb
|upkeep
|
|t:|1757760833
|switch|p2b: Garchomp|Garchomp, L50, M|100/100
|turn|2
|
|t:|1757760857
|move|p1b: Ursaluma|Protect|p1b: Ursaluma
|-singleturn|p1b: Ursaluma|Protect
|move|p2a: Kilowattrel|Air Slash|p1b: Ursaluma
|-activate|p1b: Ursaluma|move: Protect
|move|p2b: Garchomp|Earthquake|p1a: Porygon42|[spread] p1a
|-activate|p1b: Ursaluma|move: Protect
|-immune|p2a: Kilowattrel
|-damage|p1a: Porygon42|14/100
|-damage|p2b: Garchomp|91/100|[from] item: Life Orb
|move|p1a: Porygon42|Trick Room|p1a: Porygon42
|-fieldstart|move: Trick Room|[of] p1a: Porygon42
|
|-weather|Sandstorm|[upkeep]
|-damage|p1a: Porygon42|8/100|[from] Sandstorm
|-damage|p2a: Kilowattrel|88/100|[from] Sandstorm
|-damage|p1b: Ursaluma|66/100 brn|[from] brn
|upkeep
|turn|3
|inactive|Shrub_01 has 30 seconds left.
|
|t:|1757760890
|move|p2b: Garchomp|Protect|p2b: Garchomp
|-singleturn|p2b: Garchomp|Protect
|move|p1b: Ursaluma|Facade|p2a: Kilowattrel
|-damage|p2a: Kilowattrel|0 fnt
|faint|p2a: Kilowattrel
|move|p1a: Porygon42|Recover|p1a: Porygon42
|-heal|p1a: Porygon42|58/100
|
|-weather|Sandstorm|[upkeep]
|-damage|p1a: Porygon42|52/100|[from] Sandstorm
|-damage|p1b: Ursaluma|60/100 brn|[from] brn
|upkeep
|
|t:|1757760897
|switch|p2a: Incineroar|Incineroar, L50, F|100/100
|-ability|p2a: Incineroar|Intimidate|boost
|-unboost|p1a: Porygon42|atk|1
|-unboost|p1b: Ursaluma|atk|1
|turn|4
|
|t:|1757760921
|-terastallize|p1b: Ursaluma|Ghost
|move|p1b: Ursaluma|Facade|p2a: Incineroar
|-damage|p2a: Incineroar|18/100
|move|p1a: Porygon42|Recover|p1a: Porygon42
|-heal|p1a: Porygon42|100/100
|move|p2a: Incineroar|Flare Blitz|p1b: Ursaluma
|-damage|p1b: Ursaluma|0 fnt
|faint|p1b: Ursaluma
|-damage|p2a: Incineroar|0 fnt|[from] Recoil
|faint|p2a: Incineroar
|move|p2b: Garchomp|Dragon Claw|p1a: Porygon42
|-damage|p1a: Porygon42|48/100
|-damage|p2b: Garchomp|81/100|[from] item: Life Orb
|
|-weather|Sandstorm|[upkeep]
|-damage|p1a: Porygon42|42/100|[from] Sandstorm
|upkeep
|
|t:|1757760939
|switch|p1b: Incinesoar|Incineroar, L50, F|100/100
|-ability|p1b: Incinesoar|Intimidate|boost
|-unboost|p2b: Garchomp|atk|1
|turn|5
|
|t:|1757760955
|move|p2b: Garchomp|Protect|p2b: Garchomp
|-singleturn|p2b: Garchomp|Protect
|move|p1b: Incinesoar|Fake Out|p2b: Garchomp
|-activate|p2b: Garchomp|move: Protect
|move|p1a: Porygon42|Ice Beam|p2b: Garchomp
|-activate|p2b: Garchomp|move: Protect
|
|-weather|none
|upkeep
|turn|6
|
|t:|1757760966
|-terastallize|p2b: Garchomp|Fire
|move|p1a: Porygon42|Ice Beam|p2b: Garchomp
|-resisted|p2b: Garchomp
|-damage|p2b: Garchomp|64/100
|move|p1b: Incinesoar|Knock Off|p2b: Garchomp
|-damage|p2b: Garchomp|14/100
|-damage|p1b: Incinesoar|88/100|[from] ability: Rough Skin|[of] p2b: Garchomp
|-enditem|p2b: Garchomp|Life Orb|[from] move: Knock Off|[of] p1b: Incinesoar
|move|p2b: Garchomp|Earthquake|p1b: Incinesoar|[spread] p1a,p1b
|-supereffective|p1b: Incinesoar
|-damage|p1a: Porygon42|17/100
|-damage|p1b: Incinesoar|34/100
|
|-fieldend|move: Trick Room
|upkeep
|turn|7
|inactive|Shrub_01 has 30 seconds left.
|inactive|Shrub_01 has 20 seconds left.
|
|t:|1757761001
|move|p2b: Garchomp|Earthquake|p1b: Incinesoar|[spread] p1a,p1b
|-supereffective|p1b: Incinesoar
|-damage|p1a: Porygon42|0 fnt
|-damage|p1b: Incinesoar|0 fnt
|faint|p1a: Porygon42
|faint|p1b: Incinesoar
|
|upkeep
|
|t:|1757761008
|switch|p1a: Amonguss|Amoonguss, L50, F, shiny|100/100
|turn|8
|
|t:|1757761030
|move|p2b: Garchomp|Earthquake|p1a: Amonguss
|-damage|p1a: Amonguss|65/100
|move|p1a: Amonguss|Spore|p2b: Garchomp
|-status|p2b: Garchomp|slp|[from] move: Spore
|
|upkeep
|turn|9
|
|t:|1757761037
|cant|p2b: Garchomp|slp
|move|p1a: Amonguss|Pollen Puff|p2b: Garchomp
|-resisted|p2b: Garchomp
|-damage|p2b: Garchomp|4/100 slp
|
|upkeep
|turn|10
|
|t:|1757761043
|cant|p2b: Garchomp|slp
|move|p1a: Amonguss|Pollen Puff|p2b: Garchomp
|-resisted|p2b: Garchomp
|-damage|p2b: Garchomp|0 fnt
|faint|p2b: Garchomp
|
|win|Shrub_01
||priviteran is ready for game 2.
||Shrub_01 is ready for game 2.
|uhtml|next|Next: Game 2 of 3
