|j|☆Reckzz
|j|☆new mental
|html|Reckzznew mental    
|uhtml|bestof|Game 2 of a best-of-3
|t:|1784712009
|gametype|doubles
|player|p1|Reckzz|101|1200
|player|p2|new mental|volkner|1246
|gen|9
|tier|[Gen 9 Champions] VGC 2026 Reg M-B (Bo3)
|rated|
|rule|Species Clause: Limit one of each Pokémon
|rule|Item Clause: Limit 1 of each item
|clearpoke
|poke|p1|Tyranitar, L50, M|
|poke|p1|Excadrill, L50, M|
|poke|p1|Milotic, L50, M|
|poke|p1|Sinistcha, L50|
|poke|p1|Staraptor, L50, M|
|poke|p1|Gholdengo, L50|
|poke|p2|Aerodactyl, L50, F|
|poke|p2|Garchomp, L50, F|
|poke|p2|Kingambit, L50, F|
|poke|p2|Charizard, L50, F|
|poke|p2|Sylveon, L50, F|
|poke|p2|Farigiraf, L50, F|
|teampreview|4
|showteam|p1|Tyranitar||Tyranitarite|SandStream|KnockOff,RockSlide,HighHorsepower,Protect|Jolly||M|||50|]Excadrill||FocusSash|SandRush|Earthquake,IronHead,RockSlide,Protect|Adamant||M|||50|]Milotic||SitrusBerry|Competitive|Scald,IcyWind,Haze,Protect|Calm||M|||50|]Sinistcha||ColburBerry|Hospitality|MatchaGotcha,ShadowBall,Protect,RagePowder|Bold|||||50|]Staraptor||Staraptite|Intimidate|CloseCombat,BraveBird,Tailwind,Protect|Jolly||M|||50|]Gholdengo||LifeOrb|GoodasGold|MakeItRain,ShadowBall,NastyPlot,Protect|Modest|||||50|
|showteam|p2|Aerodactyl||Aerodactylite|Unnerve|IceFang,RockSlide,Tailwind,DualWingbeat|Jolly||F|||50|]Garchomp||LifeOrb|RoughSkin|DragonClaw,RockSlide,Earthquake,Protect|Jolly||F|||50|]Kingambit||FocusSash|Defiant|SuckerPunch,KowtowCleave,IronHead,LowKick|Adamant||F|||50|]Charizard||CharizarditeY|SolarPower|Protect,WeatherBall,HeatWave,SolarBeam|Modest||F|||50|]Sylveon||FairyFeather|Pixilate|Protect,HyperVoice,HyperBeam,QuickAttack|Modest||F|||50|]Farigiraf||SitrusBerry|ArmorTail|TrickRoom,Thunderbolt,Roar,Psychic|Bold||F|||50|
|inactive|Battle timer is ON: inactive players will automatically lose when time's up. (requested by new mental)
|
|t:|1784712036
|teamsize|p1|4
|teamsize|p2|4
|start
|switch|p1a: Milotic|Milotic, L50, M|100/100
|switch|p1b: Gholdengo|Gholdengo, L50|100/100
|switch|p2a: Charizard|Charizard, L50, F|100/100
|switch|p2b: Garchomp|Garchomp, L50, F|100/100
|turn|1
|
|t:|1784712060
|switch|p2b: Sylveon|Sylveon, L50, F|100/100
|switch|p1b: Staraptor|Staraptor, L50, M|100/100
|-ability|p1b: Staraptor|Intimidate|boost
|-unboost|p2a: Charizard|atk|1
|-unboost|p2b: Sylveon|atk|1
|detailschange|p2a: Charizard|Charizard-Mega-Y, L50, F
|-mega|p2a: Charizard|Charizard|Charizardite Y
|-weather|SunnyDay|[from] ability: Drought|[of] p2a: Charizard
|move|p2a: Charizard|Heat Wave|p1b: Staraptor|[spread] p1a,p1b
|-resisted|p1a: Milotic|1
|-damage|p1a: Milotic|80/100
|-damage|p1b: Staraptor|21/100
|move|p1a: Milotic|Scald|p2a: Charizard
|-supereffective|p2a: Charizard|1
|-damage|p2a: Charizard|77/100
|
|-weather|SunnyDay|[upkeep]
|upkeep
|turn|2
|inactive|Reckzz has 30 seconds left.
|
|t:|1784712090
|switch|p1b: Tyranitar|Tyranitar, L50, M|100/100
|-weather|Sandstorm|[from] ability: Sand Stream|[of] p1b: Tyranitar
|move|p2a: Charizard|Heat Wave|p1b: Tyranitar|[spread] p1a,p1b
|-resisted|p1a: Milotic|1
|-resisted|p1b: Tyranitar|1
|-damage|p1a: Milotic|67/100
|-damage|p1b: Tyranitar|88/100
|move|p1a: Milotic|Icy Wind|p2b: Sylveon|[spread] p2a,p2b
|-damage|p2a: Charizard|67/100
|-damage|p2b: Sylveon|92/100
|-unboost|p2a: Charizard|spe|1
|-unboost|p2b: Sylveon|spe|1
|move|p2b: Sylveon|Hyper Voice|p1b: Tyranitar|[spread] p1a,p1b
|-supereffective|p1b: Tyranitar|1
|-damage|p1a: Milotic|37/100
|-damage|p1b: Tyranitar|30/100
|-enditem|p1a: Milotic|Sitrus Berry|[eat]
|-heal|p1a: Milotic|62/100|[from] item: Sitrus Berry
|
|-weather|Sandstorm|[upkeep]
|-damage|p1a: Milotic|56/100|[from] Sandstorm
|-damage|p2a: Charizard|61/100|[from] Sandstorm
|-damage|p2b: Sylveon|86/100|[from] Sandstorm
|upkeep
|turn|3
|
|t:|1784712114
|switch|p1b: Staraptor|Staraptor, L50, M|21/100
|-ability|p1b: Staraptor|Intimidate|boost
|-unboost|p2a: Charizard|atk|1
|-unboost|p2b: Sylveon|atk|1
|switch|p2a: Kingambit|Kingambit, L50, F|100/100
|move|p1a: Milotic|Protect|p1a: Milotic
|-singleturn|p1a: Milotic|Protect
|move|p2b: Sylveon|Hyper Voice|p1a: Milotic|[spread] p1b
|-activate|p1a: Milotic|move: Protect
|-damage|p1b: Staraptor|0 fnt
|faint|p1b: Staraptor
|
|-weather|Sandstorm|[upkeep]
|-damage|p1a: Milotic|51/100|[from] Sandstorm
|-damage|p2b: Sylveon|80/100|[from] Sandstorm
|upkeep
|
|t:|1784712126
|switch|p1b: Gholdengo|Gholdengo, L50|100/100
|turn|4
|
|t:|1784712131
|move|p1a: Milotic|Scald|p2a: Kingambit
|-damage|p2a: Kingambit|65/100
|-status|p2a: Kingambit|brn
|move|p1b: Gholdengo|Make It Rain|p2a: Kingambit|[spread] p2a,p2b
|-resisted|p2a: Kingambit|1
|-supereffective|p2b: Sylveon|1
|-damage|p2a: Kingambit|33/100 brn
|-damage|p2b: Sylveon|0 fnt
|-unboost|p1b: Gholdengo|spa|2
|faint|p2b: Sylveon
|-damage|p1b: Gholdengo|90/100|[from] item: Life Orb
|move|p2a: Kingambit|Kowtow Cleave|p1b: Gholdengo
|-supereffective|p1b: Gholdengo|1
|-damage|p1b: Gholdengo|47/100
|
|-weather|Sandstorm|[upkeep]
|-damage|p1a: Milotic|45/100|[from] Sandstorm
|-damage|p2a: Kingambit|27/100 brn|[from] brn
|upkeep
|inactive|new mental has 30 seconds left.
|
|t:|1784712157
|switch|p2b: Charizard|Charizard-Mega-Y, L50, F|61/100
|-weather|SunnyDay|[from] ability: Drought|[of] p2b: Charizard
|turn|5
|
|t:|1784712165
|switch|p1b: Tyranitar|Tyranitar, L50, M|30/100
|-weather|Sandstorm|[from] ability: Sand Stream|[of] p1b: Tyranitar
|move|p1a: Milotic|Protect|p1a: Milotic
|-singleturn|p1a: Milotic|Protect
|move|p2b: Charizard|Heat Wave|p1a: Milotic|[spread] p1b
|-activate|p1a: Milotic|move: Protect
|-resisted|p1b: Tyranitar|1
|-damage|p1b: Tyranitar|18/100
|move|p2a: Kingambit|Low Kick|p1b: Tyranitar
|-supereffective|p1b: Tyranitar|2
|-damage|p1b: Tyranitar|0 fnt
|faint|p1b: Tyranitar
|
|-weather|Sandstorm|[upkeep]
|-damage|p2b: Charizard|55/100|[from] Sandstorm
|-damage|p1a: Milotic|39/100|[from] Sandstorm
|-damage|p2a: Kingambit|21/100 brn|[from] brn
|upkeep
|c|☆new mental|its crazy
|
|t:|1784712173
|switch|p1b: Gholdengo|Gholdengo, L50|47/100
|turn|6
|
|t:|1784712185
|move|p1b: Gholdengo|Protect|p1b: Gholdengo
|-singleturn|p1b: Gholdengo|Protect
|move|p2b: Charizard|Heat Wave|p1b: Gholdengo|[spread] p1a
|-activate|p1b: Gholdengo|move: Protect
|-resisted|p1a: Milotic|1
|-damage|p1a: Milotic|26/100
|move|p1a: Milotic|Icy Wind|p2b: Charizard|[spread] p2a,p2b
|-resisted|p2a: Kingambit|1
|-damage|p2a: Kingambit|15/100 brn
|-damage|p2b: Charizard|45/100
|-unboost|p2a: Kingambit|spe|1
|-ability|p2a: Kingambit|Defiant|boost
|-boost|p2a: Kingambit|atk|2
|-unboost|p2b: Charizard|spe|1
|move|p2a: Kingambit|Kowtow Cleave|p1b: Gholdengo
|-activate|p1b: Gholdengo|move: Protect
|
|-weather|Sandstorm|[upkeep]
|-damage|p1a: Milotic|21/100|[from] Sandstorm
|-damage|p2b: Charizard|39/100|[from] Sandstorm
|-damage|p2a: Kingambit|9/100 brn|[from] brn
|upkeep
|turn|7
|
|t:|1784712209
|move|p2a: Kingambit|Sucker Punch|p1a: Milotic
|-damage|p1a: Milotic|0 fnt
|faint|p1a: Milotic
|move|p1b: Gholdengo|Nasty Plot|p1b: Gholdengo
|-boost|p1b: Gholdengo|spa|2
|move|p2b: Charizard|Heat Wave|p1b: Gholdengo
|-supereffective|p1b: Gholdengo|1
|-damage|p1b: Gholdengo|0 fnt
|faint|p1b: Gholdengo
|
|win|new mental
