|j|☆teyvgc
|j|☆VgcUSUM
|html|teyvgcVgcUSUM    
|uhtml|bestof|Game 1 of a best-of-3
|t:|1785887861
|gametype|doubles
|player|p1|teyvgc|rood|1142
|player|p2|VgcUSUM|cynthia|1131
|gen|9
|tier|[Gen 9 Champions] VGC 2026 Reg M-B (Bo3)
|rated|
|rule|Species Clause: Limit one of each Pokémon
|rule|Item Clause: Limit 1 of each item
|clearpoke
|poke|p1|Staraptor, L50, M|
|poke|p1|Metagross, L50|
|poke|p1|Farigiraf, L50, F|
|poke|p1|Whimsicott, L50, F|
|poke|p1|Garchomp, L50, F|
|poke|p1|Ceruledge, L50, M|
|poke|p2|Kingambit, L50, F|
|poke|p2|Garchomp, L50, F|
|poke|p2|Scizor, L50, F|
|poke|p2|Corviknight, L50, F|
|poke|p2|Tyranitar, L50, M|
|poke|p2|Ceruledge, L50, F, shiny|
|teampreview|4
|showteam|p1|Staraptor||Staraptite|Intimidate|Protect,CloseCombat,BraveBird,Roost|Jolly||M|||50|]Metagross||Metagrossite|ClearBody|Protect,IronHead,PsychicFangs,StompingTantrum|Adamant|||||50|]Farigiraf||SitrusBerry|ArmorTail|HelpingHand,Psychic,Thunderbolt,TrickRoom|Calm||F|||50|]Whimsicott||FocusSash|Prankster|Moonblast,Tailwind,Charm,Encore|Timid||F|||50|]Garchomp||LifeOrb|RoughSkin|Protect,StompingTantrum,RockSlide,DragonClaw|Jolly||F|||50|]Ceruledge||ColburBerry|FlashFire|Protect,ShadowSneak,BulkUp,BitterBlade|Adamant||M|||50|
|showteam|p2|Kingambit||ChopleBerry|Defiant|Protect,SwordsDance,KowtowCleave,SuckerPunch|Adamant||F|||50|]Garchomp||Garchompite|SandVeil|Protect,EarthPower,DracoMeteor,PowerGem|Modest||F|||50|]Scizor||LifeOrb|Technician|BulletPunch,Protect,BugBite,SwordsDance|Adamant||F|||50|]Corviknight||Leftovers|MirrorArmor|Protect,Tailwind,IronHead,DualWingbeat|Adamant||F|||50|]Tyranitar||ChoiceScarf|SandStream|IcePunch,KnockOff,RockSlide,LowKick|Jolly||M|||50|]Ceruledge||FocusSash|FlashFire|BitterBlade,Protect,ShadowSneak,BulkUp|Adamant||F|||50|
|inactive|Battle timer is ON: inactive players will automatically lose when time's up. (requested by VgcUSUM)
|inactive|teyvgc has 60 seconds left.
|
|t:|1785888020
|teamsize|p1|4
|teamsize|p2|4
|start
|switch|p1a: 747|Staraptor, L50, M|100/100
|switch|p1b: No Hands|Garchomp, L50, F|100/100
|switch|p2a: Corviknight|Corviknight, L50, F|100/100
|switch|p2b: Garchomp|Garchomp, L50, F|100/100
|-ability|p1a: 747|Intimidate|boost
|-ability|p2a: Corviknight|Mirror Armor
|-unboost|p1a: 747|atk|1
|-unboost|p2b: Garchomp|atk|1
|turn|1
|inactive|teyvgc has 30 seconds left.
|inactive|VgcUSUM has 30 seconds left.
|inactive|teyvgc has 20 seconds left.
|inactive|teyvgc has 15 seconds left.
|inactive|teyvgc has 10 seconds left.
|inactive|teyvgc has 5 seconds left.
|
|t:|1785888075
|detailschange|p2b: Garchomp|Garchomp-Mega, L50, F
|-mega|p2b: Garchomp|Garchomp|Garchompite
|move|p1b: No Hands|Protect|p1b: No Hands
|-singleturn|p1b: No Hands|Protect
|move|p1a: 747|Protect|p1a: 747
|-singleturn|p1a: 747|Protect
|move|p2b: Garchomp|Draco Meteor|p1b: No Hands
|-activate|p1b: No Hands|move: Protect
|move|p2a: Corviknight|Tailwind|p2a: Corviknight
|-sidestart|p2: VgcUSUM|move: Tailwind
|
|upkeep
|turn|2
|inactive|teyvgc has 30 seconds left.
|
|t:|1785888101
|switch|p1b: Trick Room Hater|Whimsicott, L50, F|100/100
|detailschange|p1a: 747|Staraptor-Mega, L50, M
|-mega|p1a: 747|Staraptor|Staraptite
|move|p2b: Garchomp|Draco Meteor|p1b: Trick Room Hater
|-immune|p1b: Trick Room Hater
|move|p2a: Corviknight|Dual Wingbeat|p1a: 747
|-supereffective|p1a: 747|1
|-damage|p1a: 747|67/100
|-supereffective|p1a: 747|1
|-damage|p1a: 747|36/100
|-hitcount|p1a: 747|2
|move|p1a: 747|Close Combat|p2a: Corviknight
|-damage|p2a: Corviknight|68/100
|-boost|p1a: 747|def|1
|-boost|p1a: 747|spd|1
|
|-heal|p2a: Corviknight|74/100|[from] item: Leftovers
|upkeep
|turn|3
|inactive|teyvgc has 30 seconds left.
|
|t:|1785888135
|move|p1b: Trick Room Hater|Tailwind|p1b: Trick Room Hater
|-sidestart|p1: teyvgc|move: Tailwind
|move|p1a: 747|Roost|p1a: 747
|-heal|p1a: 747|86/100
|-singleturn|p1a: 747|move: Roost
|move|p2b: Garchomp|Earth Power|p1b: Trick Room Hater
|-resisted|p1b: Trick Room Hater|1
|-crit|p1b: Trick Room Hater
|-damage|p1b: Trick Room Hater|40/100
|move|p2a: Corviknight|Iron Head|p1b: Trick Room Hater
|-supereffective|p1b: Trick Room Hater|1
|-damage|p1b: Trick Room Hater|0 fnt
|faint|p1b: Trick Room Hater
|
|-heal|p2a: Corviknight|80/100|[from] item: Leftovers
|upkeep
|
|t:|1785888150
|switch|p1b: No Hands|Garchomp, L50, F|100/100
|turn|4
|inactive|teyvgc has 30 seconds left.
|
|t:|1785888180
|move|p2b: Garchomp|Protect|p2b: Garchomp
|-singleturn|p2b: Garchomp|Protect
|move|p1a: 747|Close Combat|p2a: Corviknight
|-damage|p2a: Corviknight|46/100
|-boost|p1a: 747|def|1
|-boost|p1a: 747|spd|1
|move|p1b: No Hands|Dragon Claw|p2b: Garchomp
|-activate|p2b: Garchomp|move: Protect
|move|p2a: Corviknight|Dual Wingbeat|p1a: 747
|-supereffective|p1a: 747|1
|-crit|p1a: 747
|-damage|p1a: 747|41/100
|-supereffective|p1a: 747|1
|-damage|p1a: 747|26/100
|-hitcount|p1a: 747|2
|
|-heal|p2a: Corviknight|52/100|[from] item: Leftovers
|-sideend|p2: VgcUSUM|move: Tailwind
|upkeep
|turn|5
|
|t:|1785888205
|switch|p2b: Kingambit|Kingambit, L50, F|100/100
|move|p1a: 747|Roost|p1a: 747
|-heal|p1a: 747|76/100
|-singleturn|p1a: 747|move: Roost
|move|p1b: No Hands|Dragon Claw|p2b: Kingambit
|-resisted|p2b: Kingambit|1
|-damage|p2b: Kingambit|80/100
|-damage|p1b: No Hands|90/100|[from] item: Life Orb
|move|p2a: Corviknight|Dual Wingbeat|p1a: 747
|-supereffective|p1a: 747|1
|-damage|p1a: 747|59/100
|-supereffective|p1a: 747|1
|-damage|p1a: 747|43/100
|-hitcount|p1a: 747|2
|
|-heal|p2a: Corviknight|58/100|[from] item: Leftovers
|upkeep
|turn|6
|
|t:|1785888229
|move|p2b: Kingambit|Protect|p2b: Kingambit
|-singleturn|p2b: Kingambit|Protect
|move|p1a: 747|Close Combat|p2a: Corviknight
|-damage|p2a: Corviknight|27/100
|-boost|p1a: 747|def|1
|-boost|p1a: 747|spd|1
|move|p1b: No Hands|Stomping Tantrum|p2b: Kingambit
|-activate|p2b: Kingambit|move: Protect
|move|p2a: Corviknight|Tailwind|p2a: Corviknight
|-sidestart|p2: VgcUSUM|move: Tailwind
|
|-heal|p2a: Corviknight|33/100|[from] item: Leftovers
|-sideend|p1: teyvgc|move: Tailwind
|upkeep
|turn|7
|inactive|teyvgc has 30 seconds left.
|inactive|VgcUSUM has 30 seconds left.
|
|t:|1785888256
|move|p2a: Corviknight|Dual Wingbeat|p1a: 747
|-supereffective|p1a: 747|1
|-damage|p1a: 747|30/100
|-supereffective|p1a: 747|1
|-damage|p1a: 747|16/100
|-hitcount|p1a: 747|2
|move|p1a: 747|Roost|p1a: 747
|-heal|p1a: 747|66/100
|-singleturn|p1a: 747|move: Roost
|move|p1b: No Hands|Stomping Tantrum|p2b: Kingambit
|-supereffective|p2b: Kingambit|1
|-damage|p2b: Kingambit|5/100
|-damage|p1b: No Hands|80/100|[from] item: Life Orb
|move|p2b: Kingambit|Kowtow Cleave|p1a: 747
|-resisted|p1a: 747|1
|-damage|p1a: 747|56/100
|
|-heal|p2a: Corviknight|39/100|[from] item: Leftovers
|upkeep
|turn|8
|inactive|teyvgc has 30 seconds left.
|inactive|teyvgc has 20 seconds left.
|inactive|teyvgc has 15 seconds left.
|inactive|teyvgc has 10 seconds left.
|inactive|teyvgc has 5 seconds left.
|
|t:|1785888307
|move|p2b: Kingambit|Sucker Punch|p1b: No Hands
|-damage|p1b: No Hands|42/100
|-damage|p2b: Kingambit|0 fnt|[from] ability: Rough Skin|[of] p1b: No Hands
|faint|p2b: Kingambit
|move|p2a: Corviknight|Dual Wingbeat|p1a: 747
|-supereffective|p1a: 747|1
|-damage|p1a: 747|41/100
|-supereffective|p1a: 747|1
|-damage|p1a: 747|28/100
|-hitcount|p1a: 747|2
|move|p1a: 747|Close Combat|p2a: Corviknight
|-damage|p2a: Corviknight|6/100
|-boost|p1a: 747|def|1
|-boost|p1a: 747|spd|1
|move|p1b: No Hands|Rock Slide|p2a: Corviknight
|-damage|p2a: Corviknight|0 fnt
|faint|p2a: Corviknight
|-damage|p1b: No Hands|32/100|[from] item: Life Orb
|
|upkeep
|
|t:|1785888325
|switch|p2a: Garchomp|Garchomp-Mega, L50, F|100/100
|switch|p2b: Tyranitar|Tyranitar, L50, M|100/100
|-weather|Sandstorm|[from] ability: Sand Stream|[of] p2b: Tyranitar
|turn|9
|
|t:|1785888343
|move|p1a: 747|Protect|p1a: 747
|-singleturn|p1a: 747|Protect
|move|p1b: No Hands|Protect|p1b: No Hands
|-singleturn|p1b: No Hands|Protect
|move|p2b: Tyranitar|Ice Punch|p1a: 747
|-activate|p1a: 747|move: Protect
|move|p2a: Garchomp|Earth Power|p1b: No Hands
|-activate|p1b: No Hands|move: Protect
|
|-weather|Sandstorm|[upkeep]
|-damage|p1a: 747|22/100|[from] Sandstorm
|-sideend|p2: VgcUSUM|move: Tailwind
|upkeep
|turn|10
|
|t:|1785888364
|move|p2a: Garchomp|Protect|p2a: Garchomp
|-singleturn|p2a: Garchomp|Protect
|move|p2b: Tyranitar|Ice Punch|p1a: 747
|-supereffective|p1a: 747|1
|-damage|p1a: 747|4/100
|move|p1a: 747|Roost|p1a: 747
|-heal|p1a: 747|54/100
|-singleturn|p1a: 747|move: Roost
|move|p1b: No Hands|Dragon Claw|p2a: Garchomp
|-activate|p2a: Garchomp|move: Protect
|
|-weather|Sandstorm|[upkeep]
|-damage|p1a: 747|48/100|[from] Sandstorm
|upkeep
|turn|11
|inactive|teyvgc has 30 seconds left.
|inactive|teyvgc has 20 seconds left.
|inactive|teyvgc has 15 seconds left.
|inactive|teyvgc has 10 seconds left.
|inactive|teyvgc has 5 seconds left.
|
|t:|1785888415
|move|p2b: Tyranitar|Ice Punch|p1b: No Hands
|-supereffective|p1b: No Hands|2
|-damage|p1b: No Hands|0 fnt
|-damage|p2b: Tyranitar|87/100|[from] ability: Rough Skin|[of] p1b: No Hands
|faint|p1b: No Hands
|move|p1a: 747|Roost|p1a: 747
|-heal|p1a: 747|98/100
|-singleturn|p1a: 747|move: Roost
|move|p2a: Garchomp|Draco Meteor|p1a: 747
|-damage|p1a: 747|73/100
|-unboost|p2a: Garchomp|spa|2
|
|-weather|Sandstorm|[upkeep]
|-damage|p1a: 747|67/100|[from] Sandstorm
|upkeep
|
|t:|1785888426
|switch|p1b: SwagTastic|Ceruledge, L50, M|100/100
|turn|12
|-message|VgcUSUM forfeited.
|
|win|teyvgc
