|j|☆ssnpokemon11
|j|☆Mortipherus
|html|ssnpokemon11Mortipherus    
|uhtml|bestof|Game 2 of a best-of-3
|t:|1757137055
|gametype|doubles
|player|p1|ssnpokemon11|102|1000
|player|p2|Mortipherus|biker-gen4|1094
|gen|9
|tier|[Gen 9] VGC 2025 Reg H (Bo3)
|rated|
|rule|Species Clause: Limit one of each Pokémon
|rule|Item Clause: Limit 1 of each item
|clearpoke
|poke|p1|Porygon2, L50|
|poke|p1|Incineroar, L50, M|
|poke|p1|Amoonguss, L50, M|
|poke|p1|Ursaluna, L50, F|
|poke|p1|Pelipper, L50, M|
|poke|p1|Archaludon, L50, F|
|poke|p2|Hydrapple, L50, M|
|poke|p2|Arcanine-Hisui, L50, M|
|poke|p2|Gholdengo, L50|
|poke|p2|Electabuzz, L50, M|
|poke|p2|Indeedee, L50, M|
|poke|p2|Sneasler, L50, M|
|teampreview|4
|showteam|p1|Porygon2||Eviolite|Download|TeraBlast,IceBeam,Recover,TrickRoom||||||50|,,,,,Fairy]Incineroar||SafetyGoggles|Intimidate|FakeOut,PartingShot,KnockOff,FlareBlitz|||M|||50|,,,,,Ghost]Amoonguss||SitrusBerry|Regenerator|PollenPuff,Spore,RagePowder,ClearSmog|||M|||50|,,,,,Dark]Ursaluna||FlameOrb|Guts|Facade,HeadlongRush,Substitute,Protect|||F|||50|,,,,,Dragon]Pelipper||LifeOrb|Drizzle|WeatherBall,Hurricane,WideGuard,Protect|||M|||50|,,,,,Ghost]Archaludon||AssaultVest|Stamina|ElectroShot,DracoMeteor,FlashCannon,BodyPress|||F|||50|,,,,,Grass
|showteam|p2|Hydrapple||AssaultVest|Regenerator|FickleBeam,EnergyBall,EarthPower,BreakingSwipe|||M|||50|,,,,,Ground]Arcanine-Hisui||ClearAmulet|Intimidate|Protect,ExtremeSpeed,FlareBlitz,RockSlide|||M|||50|,,,,,Grass]Gholdengo||LifeOrb|GoodasGold|Protect,NastyPlot,MakeItRain,ShadowBall||||||50|,,,,,Water]Electabuzz||Eviolite|VitalSpirit|Protect,FollowMe,Taunt,Electroweb|||M|||50|,,,,,Dragon]Indeedee||FocusSash|PsychicSurge|Protect,TrickRoom,ExpandingForce,TeraBlast|||M|||50|,,,,,Ground]Sneasler||PsychicSeed|Unburden|Protect,ThroatChop,DireClaw,CloseCombat|||M|||50|,,,,,Dark
|inactive|Battle timer is ON: inactive players will automatically lose when time's up. (requested by ssnpokemon11)
|
|t:|1757137085
|teamsize|p1|4
|teamsize|p2|4
|start
|switch|p1a: Porygon2|Porygon2, L50|100/100
|switch|p1b: Incineroar|Incineroar, L50, M|100/100
|switch|p2a: Sauerkraut|Electabuzz, L50, M|100/100
|switch|p2b: Hot Dog|Arcanine-Hisui, L50, M|100/100
|-ability|p2b: Hot Dog|Intimidate|boost
|-unboost|p1a: Porygon2|atk|1
|-unboost|p1b: Incineroar|atk|1
|-ability|p1b: Incineroar|Intimidate|boost
|-unboost|p2a: Sauerkraut|atk|1
|-fail|p2b: Hot Dog|unboost|[from] item: Clear Amulet|[of] p2b: Hot Dog
|-ability|p1a: Porygon2|Download|boost
|-boost|p1a: Porygon2|atk|1
|turn|1
|inactive|ssnpokemon11 has 30 seconds left.
|inactive|Mortipherus has 30 seconds left.
|
|t:|1757137111
|move|p1b: Incineroar|Fake Out|p2b: Hot Dog
|-resisted|p2b: Hot Dog
|-damage|p2b: Hot Dog|97/100
|cant|p2b: Hot Dog|flinch
|move|p2a: Sauerkraut|Taunt|p1a: Porygon2
|-start|p1a: Porygon2|move: Taunt
|cant|p1a: Porygon2|move: Taunt|Trick Room
|
|upkeep
|turn|2
|inactive|ssnpokemon11 has 30 seconds left.
|
|t:|1757137141
|switch|p1a: Amoonguss|Amoonguss, L50, M|100/100
|move|p2b: Hot Dog|Rock Slide|p1b: Incineroar|[spread] p1a,p1b
|-supereffective|p1b: Incineroar
|-damage|p1a: Amoonguss|81/100
|-damage|p1b: Incineroar|57/100
|move|p2a: Sauerkraut|Taunt|p1b: Incineroar
|-start|p1b: Incineroar|move: Taunt
|cant|p1b: Incineroar|move: Taunt|Parting Shot
|
|upkeep
|turn|3
|
|t:|1757137160
|move|p2b: Hot Dog|Flare Blitz|p1a: Amoonguss
|-supereffective|p1a: Amoonguss
|-damage|p1a: Amoonguss|0 fnt
|faint|p1a: Amoonguss
|-damage|p2b: Hot Dog|66/100|[from] Recoil
|move|p2a: Sauerkraut|Taunt||[still]
|-fail|p2a: Sauerkraut
|move|p1b: Incineroar|Flare Blitz|p2b: Hot Dog
|-resisted|p2b: Hot Dog
|-damage|p2b: Hot Dog|57/100
|-damage|p1b: Incineroar|54/100|[from] Recoil
|
|upkeep
|
|t:|1757137164
|switch|p1a: Ursaluna|Ursaluna, L50, F, shiny|100/100
|turn|4
|
|t:|1757137175
|switch|p2b: Apple Pie|Hydrapple, L50, M|100/100
|switch|p1b: Porygon2|Porygon2, L50|100/100
|-ability|p1b: Porygon2|Download|boost
|-boost|p1b: Porygon2|spa|1
|move|p2a: Sauerkraut|Protect|p2a: Sauerkraut
|-singleturn|p2a: Sauerkraut|Protect
|move|p1a: Ursaluna|Protect||[still]
|-fail|p1a: Ursaluna
|
|-status|p1a: Ursaluna|brn|[from] item: Flame Orb
|upkeep
|turn|5
|
|t:|1757137201
|move|p2a: Sauerkraut|Follow Me|p2a: Sauerkraut
|-singleturn|p2a: Sauerkraut|move: Follow Me
|move|p1a: Ursaluna|Substitute|p1a: Ursaluna
|-start|p1a: Ursaluna|Substitute
|-damage|p1a: Ursaluna|76/100 brn
|move|p2b: Apple Pie|Breaking Swipe|p1b: Porygon2|[spread] p1a,p1b
|-activate|p1a: Ursaluna|move: Substitute|[damage]
|-damage|p1b: Porygon2|92/100
|-unboost|p1b: Porygon2|atk|1
|move|p1b: Porygon2|Trick Room|p1b: Porygon2
|-fieldstart|move: Trick Room|[of] p1b: Porygon2
|
|-damage|p1a: Ursaluna|69/100 brn|[from] brn
|upkeep
|turn|6
|
|t:|1757137225
|switch|p2a: Hot Dog|Arcanine-Hisui, L50, M|57/100
|-ability|p2a: Hot Dog|Intimidate|boost
|-immune|p1a: Ursaluna
|-unboost|p1b: Porygon2|atk|1
|move|p2b: Apple Pie|Energy Ball|p1a: Ursaluna
|-supereffective|p1a: Ursaluna
|-end|p1a: Ursaluna|Substitute
|move|p1a: Ursaluna|Headlong Rush|p2a: Hot Dog
|-supereffective|p2a: Hot Dog
|-damage|p2a: Hot Dog|0 fnt
|-unboost|p1a: Ursaluna|def|1
|-unboost|p1a: Ursaluna|spd|1
|faint|p2a: Hot Dog
|move|p1b: Porygon2|Ice Beam|p2b: Apple Pie
|-supereffective|p2b: Apple Pie
|-damage|p2b: Apple Pie|0 fnt
|faint|p2b: Apple Pie
|
|-damage|p1a: Ursaluna|63/100 brn|[from] brn
|upkeep
|
|t:|1757137246
|switch|p2b: Stew|Sneasler, L50, M|100/100
|switch|p2a: Sauerkraut|Electabuzz, L50, M|100/100
|turn|7
|
|t:|1757137262
|-terastallize|p1b: Porygon2|Fairy
|-terastallize|p2b: Stew|Dark
|move|p2a: Sauerkraut|Follow Me|p2a: Sauerkraut
|-singleturn|p2a: Sauerkraut|move: Follow Me
|move|p1a: Ursaluna|Headlong Rush|p2a: Sauerkraut
|-supereffective|p2a: Sauerkraut
|-damage|p2a: Sauerkraut|0 fnt
|-unboost|p1a: Ursaluna|def|1
|-unboost|p1a: Ursaluna|spd|1
|faint|p2a: Sauerkraut
|move|p1b: Porygon2|Tera Blast|p2b: Stew|[anim] Tera Blast Fairy
|-supereffective|p2b: Stew
|-damage|p2b: Stew|0 fnt
|faint|p2b: Stew
|
|win|ssnpokemon11
|raw|ssnpokemon11's rating: 1000 → 1051(+51 for winning)
|raw|Mortipherus's rating: 1094 → 1064(-30 for losing)
|l|☆ssnpokemon11
|player|p1|
