|j|☆Siperpaco
|j|☆viatles
|html|Siperpacoviatles    
|uhtml|bestof|Game 1 of a best-of-3
|t:|1756750193
|gametype|doubles
|player|p1|Siperpaco|266|1050
|player|p2|viatles|hiker|1098
|gen|9
|tier|[Gen 9] VGC 2025 Reg H (Bo3)
|rated|
|rule|Species Clause: Limit one of each Pokémon
|rule|Item Clause: Limit 1 of each item
|clearpoke
|poke|p1|Annihilape, L50, M|
|poke|p1|Grimmsnarl, L50, M|
|poke|p1|Arcanine, L50, M|
|poke|p1|Amoonguss, L50, M|
|poke|p1|Garchomp, L50, M|
|poke|p1|Malamar, L50, M|
|poke|p2|Oricorio-Sensu, L50, F|
|poke|p2|Volcarona, L50, M|
|poke|p2|Garchomp, L50, F|
|poke|p2|Scizor, L50, F|
|poke|p2|Mienshao, L50, M|
|poke|p2|Milotic, L50, M|
|teampreview|4
|showteam|p1|Annihilape||Leftovers|Defiant|RageFist,BulkUp,DrainPunch,Protect|||M|||50|,,,,,Water]Grimmsnarl||LightClay|Prankster|Reflect,LightScreen,SpiritBreak,Taunt|||M|||50|,,,,,Steel]Arcanine||SafetyGoggles|Intimidate|FlareBlitz,WillOWisp,Snarl,Protect|||M|||50|,,,,,Grass]Amoonguss||RockyHelmet|Regenerator|Spore,RagePowder,Protect,PollenPuff|||M|||50|,,,,,Water]Garchomp||ClearAmulet|RoughSkin|Earthquake,RockSlide,SwordsDance,Protect|||M|||50|,,,,,Ground]Malamar||SitrusBerry|Contrary|BatonPass,CalmMind,Lunge,Superpower|||M|||50|,,,,,Fighting
|showteam|p2|Oricorio-Sensu||FocusSash|Dancer|QuiverDance,BatonPass,RevelationDance,Protect|||F|||50|,,,,,Fighting]Volcarona||SitrusBerry|FlameBody|QuiverDance,GigaDrain,FieryDance,Protect|||M|||50|,,,,,Grass]Garchomp||ClearAmulet|RoughSkin|IronHead,DracoMeteor,RockSlide,Earthquake|||F|||50|,,,,,Steel]Scizor||AssaultVest|Technician|BulletPunch,BugBite,DualWingbeat,Thief|||F|||50|,,,,,Bug]Mienshao||SafetyGoggles|InnerFocus|FakeOut,CloseCombat,TripleAxel,WideGuard|||M|||50|,,,,,Fire]Milotic||Leftovers|Competitive|Scald,Protect,IcyWind,LifeDew|||M|||50|,,,,,Grass
|c|☆viatles|gl hf
|inactive|Battle timer is ON: inactive players will automatically lose when time's up. (requested by viatles)
|inactive|Siperpaco has 60 seconds left.
|inactive|viatles has 60 seconds left.
|
|t:|1756750239
|teamsize|p1|4
|teamsize|p2|4
|start
|switch|p1a: Amoonguss|Amoonguss, L50, M|100/100
|switch|p1b: Malamar|Malamar, L50, M|100/100
|switch|p2a: Milotic|Milotic, L50, M|100/100
|switch|p2b: Mienshao|Mienshao, L50, M|100/100
|turn|1
|inactive|Siperpaco has 30 seconds left.
|
|t:|1756750267
|move|p2a: Milotic|Protect|p2a: Milotic
|-singleturn|p2a: Milotic|Protect
|move|p2b: Mienshao|Fake Out|p1b: Malamar
|-damage|p1b: Malamar|84/100
|cant|p1b: Malamar|flinch
|move|p1a: Amoonguss|Spore|p2a: Milotic
|-activate|p2a: Milotic|move: Protect
|
|upkeep
|turn|2
|
|t:|1756750288
|-terastallize|p2a: Milotic|Grass
|move|p2b: Mienshao|Triple Axel|p1a: Amoonguss
|-supereffective|p1a: Amoonguss
|-damage|p1a: Amoonguss|91/100
|-damage|p2b: Mienshao|84/100|[from] item: Rocky Helmet|[of] p1a: Amoonguss
|-supereffective|p1a: Amoonguss
|-damage|p1a: Amoonguss|69/100
|-damage|p2b: Mienshao|68/100|[from] item: Rocky Helmet|[of] p1a: Amoonguss
|-supereffective|p1a: Amoonguss
|-damage|p1a: Amoonguss|35/100
|-damage|p2b: Mienshao|51/100|[from] item: Rocky Helmet|[of] p1a: Amoonguss
|-hitcount|p1a: Amoonguss|3
|move|p1b: Malamar|Superpower|p2a: Milotic
|-damage|p2a: Milotic|71/100
|-boost|p1b: Malamar|atk|1
|-boost|p1b: Malamar|def|1
|move|p2a: Milotic|Icy Wind|p1a: Amoonguss|[spread] p1a,p1b
|-supereffective|p1a: Amoonguss
|-damage|p1a: Amoonguss|15/100
|-damage|p1b: Malamar|73/100
|-unboost|p1a: Amoonguss|spe|1
|-boost|p1b: Malamar|spe|1
|move|p1a: Amoonguss|Spore|p2a: Milotic
|-immune|p2a: Milotic
|
|-heal|p2a: Milotic|77/100|[from] item: Leftovers
|upkeep
|turn|3
|inactive|Siperpaco has 30 seconds left.
|inactive|viatles has 30 seconds left.
|
|t:|1756750319
|move|p1b: Malamar|Lunge|p2a: Milotic
|-supereffective|p2a: Milotic
|-damage|p2a: Milotic|27/100
|-unboost|p2a: Milotic|atk|1
|-ability|p2a: Milotic|Competitive|boost
|-boost|p2a: Milotic|spa|2
|move|p2b: Mienshao|Close Combat|p1b: Malamar
|-damage|p1b: Malamar|23/100
|-unboost|p2b: Mienshao|def|1
|-unboost|p2b: Mienshao|spd|1
|-enditem|p1b: Malamar|Sitrus Berry|[eat]
|-heal|p1b: Malamar|48/100|[from] item: Sitrus Berry
|move|p2a: Milotic|Life Dew|p2a: Milotic|[spread] p2a,p2b
|-heal|p2a: Milotic|52/100
|-heal|p2b: Mienshao|76/100
|move|p1a: Amoonguss|Spore|p2b: Mienshao
|-activate|p2b: Mienshao|item: Safety Goggles|Spore
|
|-heal|p2a: Milotic|58/100|[from] item: Leftovers
|upkeep
|turn|4
|inactive|Siperpaco has 30 seconds left.
|inactive|viatles has 30 seconds left.
|inactive|viatles has 20 seconds left.
|inactive|Siperpaco has 20 seconds left.
|
|t:|1756750363
|switch|p2b: Volcarona|Volcarona, L50, M|100/100
|move|p1b: Malamar|Baton Pass|p1b: Malamar
|
|t:|1756750378
|switch|p1b: Arcanine|Arcanine, L50, M|100/100|[from] Baton Pass
|-ability|p1b: Arcanine|Intimidate|boost
|-unboost|p2a: Milotic|atk|1
|-ability|p2a: Milotic|Competitive|boost
|-boost|p2a: Milotic|spa|2
|-unboost|p2b: Volcarona|atk|1
|move|p2a: Milotic|Life Dew||[still]|[spread] p2a,p2b
|-heal|p2a: Milotic|83/100
|-fail|p2b: Volcarona|heal
|move|p1a: Amoonguss|Spore|p2a: Milotic
|-immune|p2a: Milotic
|
|-heal|p2a: Milotic|89/100|[from] item: Leftovers
|upkeep
|turn|5
|inactive|Siperpaco has 30 seconds left.
|inactive|viatles has 30 seconds left.
|
|t:|1756750410
|move|p2a: Milotic|Protect|p2a: Milotic
|-singleturn|p2a: Milotic|Protect
|move|p1b: Arcanine|Flare Blitz|p2a: Milotic
|-activate|p2a: Milotic|move: Protect
|move|p2b: Volcarona|Fiery Dance|p1a: Amoonguss
|-supereffective|p1a: Amoonguss
|-damage|p1a: Amoonguss|0 fnt
|-boost|p2b: Volcarona|spa|1
|faint|p1a: Amoonguss
|
|-heal|p2a: Milotic|95/100|[from] item: Leftovers
|upkeep
|
|t:|1756750414
|switch|p1a: Malamar|Malamar, L50, M|48/100
|turn|6
|
|t:|1756750437
|move|p1b: Arcanine|Flare Blitz|p2a: Milotic
|-supereffective|p2a: Milotic
|-damage|p2a: Milotic|0 fnt
|faint|p2a: Milotic
|-damage|p1b: Arcanine|69/100|[from] Recoil
|move|p1a: Malamar|Calm Mind|p1a: Malamar
|-unboost|p1a: Malamar|spa|1
|-unboost|p1a: Malamar|spd|1
|move|p2b: Volcarona|Giga Drain|p1a: Malamar
|-damage|p1a: Malamar|0 fnt
|faint|p1a: Malamar
|
|upkeep
|
|t:|1756750451
|switch|p1a: Annihilape|Annihilape, L50, M|100/100
|switch|p2a: Oricorio|Oricorio-Sensu, L50, F|100/100
|turn|7
|inactive|viatles has 30 seconds left.
|
|t:|1756750477
|move|p2b: Volcarona|Protect|p2b: Volcarona
|-singleturn|p2b: Volcarona|Protect
|move|p1a: Annihilape|Protect|p1a: Annihilape
|-singleturn|p1a: Annihilape|Protect
|move|p1b: Arcanine|Flare Blitz|p2a: Oricorio
|-enditem|p2a: Oricorio|Focus Sash
|-damage|p2a: Oricorio|1/100
|-damage|p1b: Arcanine|43/100|[from] Recoil
|move|p2a: Oricorio|Revelation Dance|p1b: Arcanine
|-damage|p1b: Arcanine|2/100
|
|upkeep
|turn|8
|inactive|Siperpaco has 30 seconds left.
|
|t:|1756750504
|move|p2a: Oricorio|Protect|p2a: Oricorio
|-singleturn|p2a: Oricorio|Protect
|move|p1b: Arcanine|Flare Blitz|p2b: Volcarona
|-damage|p2b: Volcarona|25/100
|-enditem|p2b: Volcarona|Sitrus Berry|[eat]
|-heal|p2b: Volcarona|49/100|[from] item: Sitrus Berry
|-damage|p1b: Arcanine|0 fnt|[from] Recoil
|faint|p1b: Arcanine
|move|p2b: Volcarona|Fiery Dance|p1a: Annihilape
|-damage|p1a: Annihilape|63/100
|-activate|p2a: Oricorio|ability: Dancer
|move|p2a: Oricorio|Fiery Dance|p1a: Annihilape|[from] ability: Dancer
|-damage|p1a: Annihilape|50/100
|move|p1a: Annihilape|Bulk Up|p1a: Annihilape
|-boost|p1a: Annihilape|atk|1
|-boost|p1a: Annihilape|def|1
|
|-heal|p1a: Annihilape|56/100|[from] item: Leftovers
|upkeep
|turn|9
|inactive|Siperpaco has 30 seconds left.
|
|t:|1756750535
|move|p2a: Oricorio|Revelation Dance|p1a: Annihilape
|-supereffective|p1a: Annihilape
|-damage|p1a: Annihilape|9/100
|move|p2b: Volcarona|Fiery Dance|p1a: Annihilape
|-damage|p1a: Annihilape|0 fnt
|faint|p1a: Annihilape
|-activate|p2a: Oricorio|ability: Dancer
|move|p2a: Oricorio|Fiery Dance|p1: Annihilape|[from] ability: Dancer|[notarget]
|-fail|p2a: Oricorio
|
|win|viatles
