|j|☆Axo of DOOM
|j|☆exessvgc
|html|Axo of DOOMexessvgc    
|uhtml|bestof|Game 1 of a best-of-3
|t:|1784928189
|gametype|doubles
|player|p1|Axo of DOOM|crasherwake|1318
|player|p2|exessvgc|2|1391
|gen|9
|tier|[Gen 9 Champions] VGC 2026 Reg M-B (Bo3)
|rated|
|rule|Species Clause: Limit one of each Pokémon
|rule|Item Clause: Limit 1 of each item
|clearpoke
|poke|p1|Sinistcha, L50, shiny|
|poke|p1|Incineroar, L50, F|
|poke|p1|Milotic, L50, F, shiny|
|poke|p1|Raichu, L50, M|
|poke|p1|Floette-Eternal, L50, F|
|poke|p1|Ceruledge, L50, F, shiny|
|poke|p2|Farigiraf, L50, M, shiny|
|poke|p2|Aerodactyl, L50, M, shiny|
|poke|p2|Kingambit, L50, F, shiny|
|poke|p2|Garchomp, L50, M, shiny|
|poke|p2|Charizard, L50, M, shiny|
|poke|p2|Ninetales-Alola, L50, F|
|teampreview|4
|showteam|p1|Sinistcha||KasibBerry|Hospitality|MatchaGotcha,LifeDew,RagePowder,Protect|Relaxed|||||50|]Incineroar||SitrusBerry|Intimidate|FlareBlitz,ThroatChop,FakeOut,PartingShot|Impish||F|||50|]Milotic||Leftovers|Competitive|MuddyWater,Coil,Hypnosis,Protect|Calm||F|||50|]Raichu||RaichuniteY|LightningRod|ZapCannon,FocusBlast,FakeOut,Protect|Timid||M|||50|]Floette-Eternal||Floettite|FlowerVeil|DazzlingGleam,DrainingKiss,CalmMind,Protect|Timid||F|||50|]Ceruledge||ColburBerry|FlashFire|BitterBlade,ShadowSneak,BulkUp,Protect|Adamant||F|||50|
|showteam|p2|Farigiraf||SitrusBerry|ArmorTail|TrickRoom,TwinBeam,HelpingHand,Thunderbolt|Bold||M|||50|]Aerodactyl||Aerodactylite|Unnerve|RockSlide,Protect,Tailwind,Taunt|Jolly||M|||50|]Kingambit||FocusSash|Defiant|IronHead,SuckerPunch,LowKick,Protect|Adamant||F|||50|]Garchomp||LifeOrb|RoughSkin|DragonClaw,Earthquake,StompingTantrum,Protect|Adamant||M|||50|]Charizard||CharizarditeY|Blaze|WeatherBall,HeatWave,SolarBeam,Protect|Modest||M|||50|]Ninetales-Alola||NeverMeltIce|SnowWarning|Blizzard,FreezeDry,Moonblast,Protect|Timid||F|||50|
|j| alazubb
|l| alazubb
|
|t:|1784928283
|teamsize|p1|4
|teamsize|p2|4
|start
|switch|p1a: Milotic|Milotic, L50, F, shiny|100/100
|switch|p1b: Ceruledge|Ceruledge, L50, F, shiny|100/100
|switch|p2a: Chompy|Garchomp, L50, M, shiny|100/100
|switch|p2b: NO METEO PLS|Ninetales-Alola, L50, F|100/100
|-weather|Snowscape|[from] ability: Snow Warning|[of] p2b: NO METEO PLS
|turn|1
|inactive|Battle timer is ON: inactive players will automatically lose when time's up. (requested by exessvgc)
|inactive|exessvgc has 60 seconds left.
|
|t:|1784928320
|switch|p1a: Incineroar|Incineroar, L50, F|100/100
|-ability|p1a: Incineroar|Intimidate|boost
|-unboost|p2a: Chompy|atk|1
|-unboost|p2b: NO METEO PLS|atk|1
|move|p1b: Ceruledge|Protect|p1b: Ceruledge
|-singleturn|p1b: Ceruledge|Protect
|move|p2b: NO METEO PLS|Freeze-Dry|p1a: Incineroar
|-resisted|p1a: Incineroar|1
|-damage|p1a: Incineroar|87/100
|move|p2a: Chompy|Stomping Tantrum|p1b: Ceruledge
|-activate|p1b: Ceruledge|move: Protect
|
|-weather|Snowscape|[upkeep]
|upkeep
|turn|2
|
|t:|1784928342
|switch|p2b: LA GIRAFFA|Farigiraf, L50, M, shiny|100/100
|move|p1a: Incineroar|Fake Out||[still]
|cant|p2b: LA GIRAFFA|ability: Armor Tail|Fake Out|[of] p1a: Incineroar
|move|p2a: Chompy|Stomping Tantrum|p1b: Ceruledge
|-supereffective|p1b: Ceruledge|1
|-damage|p1b: Ceruledge|16/100
|-damage|p2a: Chompy|90/100|[from] item: Life Orb
|move|p1b: Ceruledge|Bulk Up|p1b: Ceruledge
|-boost|p1b: Ceruledge|atk|1
|-boost|p1b: Ceruledge|def|1
|
|-weather|Snowscape|[upkeep]
|upkeep
|turn|3
|inactive|exessvgc has 30 seconds left.
|inactive|exessvgc has 20 seconds left.
|inactive|exessvgc has 15 seconds left.
|inactive|exessvgc has 10 seconds left.
|inactive|exessvgc has 5 seconds left.
|
|t:|1784928395
|switch|p2b: FONO DALFONICO|Charizard, L50, M, shiny|100/100
|move|p2a: Chompy|Protect|p2a: Chompy
|-singleturn|p2a: Chompy|Protect
|move|p1b: Ceruledge|Protect|p1b: Ceruledge
|-singleturn|p1b: Ceruledge|Protect
|move|p1a: Incineroar|Parting Shot|p2b: FONO DALFONICO
|-unboost|p2b: FONO DALFONICO|atk|1
|-unboost|p2b: FONO DALFONICO|spa|1
|
|t:|1784928405
|switch|p1a: Sinistcha|Sinistcha, L50, shiny|100/100|[from] Parting Shot
|-heal|p1b: Ceruledge|41/100|[from] ability: Hospitality|[of] p1a: Sinistcha
|
|-weather|Snowscape|[upkeep]
|upkeep
|turn|4
|inactive|exessvgc has 30 seconds left.
|
|t:|1784928433
|switch|p1a: Incineroar|Incineroar, L50, F|87/100
|-ability|p1a: Incineroar|Intimidate|boost
|-unboost|p2a: Chompy|atk|1
|-unboost|p2b: FONO DALFONICO|atk|1
|detailschange|p2b: FONO DALFONICO|Charizard-Mega-Y, L50, M, shiny
|-mega|p2b: FONO DALFONICO|Charizard|Charizardite Y
|-weather|SunnyDay|[from] ability: Drought|[of] p2b: FONO DALFONICO
|move|p2a: Chompy|Earthquake|p1a: Incineroar|[spread] p1a,p1b
|-immune|p2b: FONO DALFONICO
|-supereffective|p1a: Incineroar|1
|-supereffective|p1b: Ceruledge|1
|-damage|p1a: Incineroar|47/100
|-damage|p1b: Ceruledge|1/100
|-enditem|p1a: Incineroar|Sitrus Berry|[eat]
|-heal|p1a: Incineroar|71/100|[from] item: Sitrus Berry
|-damage|p2a: Chompy|80/100|[from] item: Life Orb
|move|p2b: FONO DALFONICO|Weather Ball|p1a: Incineroar
|-resisted|p1a: Incineroar|1
|-damage|p1a: Incineroar|45/100
|move|p1b: Ceruledge|Bitter Blade|p2a: Chompy
|-resisted|p2a: Chompy|1
|-damage|p2a: Chompy|28/100
|-heal|p1b: Ceruledge|28/100|[from] drain|[of] p2a: Chompy
|-damage|p1b: Ceruledge|16/100|[from] ability: Rough Skin|[of] p2a: Chompy
|
|-weather|SunnyDay|[upkeep]
|upkeep
|turn|5
|inactive|Axo of DOOM has 30 seconds left.
|inactive|exessvgc has 30 seconds left.
|inactive|exessvgc has 20 seconds left.
|inactive|exessvgc has 15 seconds left.
|inactive|exessvgc has 10 seconds left.
|inactive|exessvgc has 5 seconds left.
|
|t:|1784928487
|switch|p2a: LA GIRAFFA|Farigiraf, L50, M, shiny|100/100
|move|p1a: Incineroar|Fake Out||[still]
|cant|p2a: LA GIRAFFA|ability: Armor Tail|Fake Out|[of] p1a: Incineroar
|move|p2b: FONO DALFONICO|Weather Ball|p1a: Incineroar
|-resisted|p1a: Incineroar|1
|-damage|p1a: Incineroar|18/100
|move|p1b: Ceruledge|Bulk Up|p1b: Ceruledge
|-boost|p1b: Ceruledge|atk|1
|-boost|p1b: Ceruledge|def|1
|
|-weather|SunnyDay|[upkeep]
|upkeep
|turn|6
|inactive|exessvgc has 30 seconds left.
|inactive|exessvgc has 20 seconds left.
|inactive|exessvgc has 15 seconds left.
|inactive|exessvgc has 10 seconds left.
|inactive|Axo of DOOM has 30 seconds left.
|
|t:|1784928537
|switch|p1a: Milotic|Milotic, L50, F, shiny|100/100
|move|p2a: LA GIRAFFA|Helping Hand|p2b: FONO DALFONICO
|-singleturn|p2b: FONO DALFONICO|Helping Hand|[of] p2a: LA GIRAFFA
|move|p2b: FONO DALFONICO|Solar Beam||[still]
|-prepare|p2b: FONO DALFONICO|Solar Beam
|-anim|p2b: FONO DALFONICO|Solar Beam|p1b: Ceruledge
|-resisted|p1b: Ceruledge|1
|-damage|p1b: Ceruledge|0 fnt
|faint|p1b: Ceruledge
|
|-weather|SunnyDay|[upkeep]
|upkeep
|-message|Axo of DOOM forfeited.
|
|win|exessvgc
||Axo of DOOM is ready for game 2.
||exessvgc is ready for game 2.
|uhtml|next|Next: Game 2 of 3
|l|☆Axo of DOOM
|player|p1|
