|j|☆Mortipherus
|j|☆furnoz
|html|Mortipherusfurnoz    
|uhtml|bestof|Game 2 of a best-of-3
|t:|1756682944
|gametype|doubles
|player|p1|Mortipherus|biker-gen4|1212
|player|p2|furnoz|wallace|1212
|gen|9
|tier|[Gen 9] VGC 2025 Reg H (Bo3)
|rated|
|rule|Species Clause: Limit one of each Pokémon
|rule|Item Clause: Limit 1 of each item
|clearpoke
|poke|p1|Hydrapple, L50, F|
|poke|p1|Arcanine-Hisui, L50, M|
|poke|p1|Gholdengo, L50|
|poke|p1|Electabuzz, L50, F|
|poke|p1|Indeedee, L50, M|
|poke|p1|Sneasler, L50, F|
|poke|p2|Weezing-Galar, L50, M|
|poke|p2|Dragapult, L50, M|
|poke|p2|Indeedee-F, L50, F|
|poke|p2|Typhlosion-Hisui, L50, M|
|poke|p2|Whimsicott, L50, M|
|poke|p2|Espeon, L50, F|
|teampreview|4
|showteam|p1|Hydrapple||AssaultVest|Regenerator|FickleBeam,EnergyBall,EarthPower,BreakingSwipe|||F|||50|,,,,,Ground]Arcanine-Hisui||ClearAmulet|Intimidate|Protect,ExtremeSpeed,FlareBlitz,RockSlide|||M|||50|,,,,,Grass]Gholdengo||LifeOrb|GoodasGold|Protect,NastyPlot,MakeItRain,ShadowBall||||||50|,,,,,Flying]Electabuzz||Eviolite|VitalSpirit|Protect,FollowMe,Taunt,Electroweb|||F|||50|,,,,,Dragon]Indeedee||FocusSash|PsychicSurge|Protect,TrickRoom,ExpandingForce,TeraBlast|||M|||50|,,,,,Ground]Sneasler||PsychicSeed|Unburden|Protect,ThroatChop,DireClaw,CloseCombat|||F|||50|,,,,,Dark
|showteam|p2|Weezing-Galar||FocusSash|NeutralizingGas|Protect,Taunt,SludgeBomb,WillOWisp|||M|||50|,,,,,Poison]Dragapult||ChoiceBand|ClearBody|DragonDarts,Uturn,PhantomForce,Outrage|||M|||50|,,,,,Dragon]Indeedee-F||PsychicSeed|PsychicSurge|FollowMe,TrickRoom,HelpingHand,DazzlingGleam|||F|||50|,,,,,Psychic]Typhlosion-Hisui||ChoiceScarf|Blaze|Eruption,Flamethrower,ShadowBall,BurningJealousy|||M|||50|,,,,,Fire]Whimsicott||CovertCloak|Prankster|Tailwind,Moonblast,SunnyDay,Encore|||M|||50|,,,,,Steel]Espeon||TwistedSpoon|Synchronize|ExpandingForce,Psychic,Protect,DazzlingGleam|||F|||50|,,,,,Psychic
|
|t:|1756682955
|teamsize|p1|4
|teamsize|p2|4
|start
|switch|p1a: Arcanine|Arcanine-Hisui, L50, M|100/100
|switch|p1b: Gholdengo|Gholdengo, L50|100/100
|switch|p2a: Whimsicott|Whimsicott, L50, M|100/100
|switch|p2b: Typhlosion|Typhlosion-Hisui, L50, M|100/100
|-ability|p1a: Arcanine|Intimidate|boost
|-unboost|p2a: Whimsicott|atk|1
|-unboost|p2b: Typhlosion|atk|1
|turn|1
|
|t:|1756682972
|switch|p2b: Dragapult|Dragapult, L50, M|100/100
|move|p1b: Gholdengo|Protect|p1b: Gholdengo
|-singleturn|p1b: Gholdengo|Protect
|move|p2a: Whimsicott|Tailwind|p2a: Whimsicott
|-sidestart|p2: furnoz|move: Tailwind
|move|p1a: Arcanine|Rock Slide|p2b: Dragapult|[spread] p2a,p2b
|-damage|p2a: Whimsicott|77/100
|-damage|p2b: Dragapult|62/100
|
|upkeep
|turn|2
|
|t:|1756683016
|switch|p1a: Electabuzz|Electabuzz, L50, F|100/100
|move|p2b: Dragapult|Outrage|p1b: Gholdengo
|-resisted|p1b: Gholdengo
|-damage|p1b: Gholdengo|59/100
|move|p2a: Whimsicott|Moonblast|p1a: Electabuzz
|-damage|p1a: Electabuzz|83/100
|move|p1b: Gholdengo|Nasty Plot|p1b: Gholdengo
|-boost|p1b: Gholdengo|spa|2
|
|upkeep
|turn|3
|
|t:|1756683035
|move|p1a: Electabuzz|Follow Me|p1a: Electabuzz
|-singleturn|p1a: Electabuzz|move: Follow Me
|move|p2a: Whimsicott|Sunny Day|p2a: Whimsicott
|-weather|SunnyDay
|move|p2b: Dragapult|Outrage|p1a: Electabuzz|[from] lockedmove
|-damage|p1a: Electabuzz|9/100
|-start|p2b: Dragapult|confusion|[fatigue]
|move|p1b: Gholdengo|Make It Rain|p2a: Whimsicott|[spread] p2a,p2b
|-supereffective|p2a: Whimsicott
|-damage|p2a: Whimsicott|0 fnt
|-damage|p2b: Dragapult|0 fnt
|-unboost|p1b: Gholdengo|spa|1
|faint|p2a: Whimsicott
|faint|p2b: Dragapult
|-damage|p1b: Gholdengo|49/100|[from] item: Life Orb
|
|-weather|SunnyDay|[upkeep]
|upkeep
|
|t:|1756683045
|switch|p2b: Espeon|Espeon, L50, F|100/100
|switch|p2a: Typhlosion|Typhlosion-Hisui, L50, M|100/100
|turn|4
|
|t:|1756683084
|-terastallize|p2a: Typhlosion|Fire
|move|p1b: Gholdengo|Protect|p1b: Gholdengo
|-singleturn|p1b: Gholdengo|Protect
|move|p2a: Typhlosion|Eruption|p1a: Electabuzz|[spread] p1a
|-activate|p1b: Gholdengo|move: Protect
|-damage|p1a: Electabuzz|0 fnt
|faint|p1a: Electabuzz
|move|p2b: Espeon|Expanding Force|p1b: Gholdengo
|-activate|p1b: Gholdengo|move: Protect
|
|-weather|SunnyDay|[upkeep]
|-sideend|p2: furnoz|move: Tailwind
|upkeep
|
|t:|1756683090
|switch|p1a: Arcanine|Arcanine-Hisui, L50, M|100/100
|-ability|p1a: Arcanine|Intimidate|boost
|-unboost|p2a: Typhlosion|atk|1
|-unboost|p2b: Espeon|atk|1
|turn|5
|
|t:|1756683102
|move|p1b: Gholdengo|Protect|p1b: Gholdengo
|-singleturn|p1b: Gholdengo|Protect
|move|p2a: Typhlosion|Eruption|p1b: Gholdengo|[spread] p1a
|-activate|p1b: Gholdengo|move: Protect
|-resisted|p1a: Arcanine
|-damage|p1a: Arcanine|65/100
|move|p2b: Espeon|Psychic|p1a: Arcanine
|-damage|p1a: Arcanine|0 fnt
|faint|p1a: Arcanine
|
|-weather|SunnyDay|[upkeep]
|upkeep
|
|t:|1756683111
|switch|p1a: Sneasler|Sneasler, L50, F|100/100
|turn|6
|
|t:|1756683120
|-terastallize|p1a: Sneasler|Dark
|move|p2a: Typhlosion|Eruption|p1b: Gholdengo|[spread] p1a,p1b
|-supereffective|p1b: Gholdengo
|-damage|p1a: Sneasler|0 fnt
|-damage|p1b: Gholdengo|0 fnt
|faint|p1a: Sneasler
|faint|p1b: Gholdengo
|
|win|furnoz
||furnoz is ready for game 3.
