|j|☆kodehue
|j|☆viatles
|html|kodehueviatles    
|uhtml|bestof|Game 2 of a best-of-3
|t:|1784061637
|gametype|doubles
|player|p1|kodehue|2|1000
|player|p2|viatles|hiker|1100
|gen|9
|tier|[Gen 9 Champions] VGC 2026 Reg M-B (Bo3)
|rated|
|rule|Species Clause: Limit one of each Pokémon
|rule|Item Clause: Limit 1 of each item
|clearpoke
|poke|p1|Malamar, L50, M|
|poke|p1|Whimsicott, L50, F|
|poke|p1|Kangaskhan, L50, F|
|poke|p1|Vivillon, L50, F|
|poke|p1|Lopunny, L50, F|
|poke|p1|Aerodactyl, L50, M|
|poke|p2|Beedrill, L50, F, shiny|
|poke|p2|Milotic, L50, M, shiny|
|poke|p2|Ceruledge, L50, F|
|poke|p2|Sinistcha, L50|
|poke|p2|Hydreigon, L50, M|
|poke|p2|Meowscarada, L50, F|
|teampreview|4
|showteam|p1|Malamar||Malamarite|Contrary|Superpower,ThroatChop,PsychoCut,Liquidation|Adamant||M|||50|]Whimsicott||MentalHerb|Prankster|Tailwind,Encore,Moonblast,Protect|Timid||F|||50|]Kangaskhan||ExpertBelt|Scrappy|FakeOut,IcePunch,BodySlam,FirePunch|Adamant||F|||50|]Vivillon||FocusSash|CompoundEyes|SleepPowder,Hurricane,PollenPuff,Protect|Timid||F|||50|]Lopunny||Lopunnite|CuteCharm|FakeOut,FirePunch,ThunderPunch,HighJumpKick|Jolly||F|||50|]Aerodactyl||Aerodactylite|Unnerve|Tailwind,Taunt,Earthquake,RockSlide|Jolly||M|||50|
|showteam|p2|Beedrill||Beedrillite|Swarm|Uturn,DrillRun,PoisonJab,Protect|Jolly||F|||50|]Milotic||Leftovers|Competitive|IcyWind,Scald,Protect,LifeDew|Bold||M|||50|]Ceruledge||ColburBerry|FlashFire|Protect,BitterBlade,BulkUp,ShadowSneak|Adamant||F|||50|]Sinistcha||SitrusBerry|Hospitality|MatchaGotcha,RagePowder,Imprison,TrickRoom|Bold|||||50|]Hydreigon||ChoiceScarf|Levitate|DracoMeteor,DarkPulse,HeatWave,EarthPower|Modest||M|||50|]Meowscarada||FocusSash|Overgrow|TripleAxel,KnockOff,FlowerTrick,Protect|Jolly||F|||50|
|inactive|Battle timer is ON: inactive players will automatically lose when time's up. (requested by kodehue)
|inactive|kodehue has 60 seconds left.
|
|t:|1784061689
|teamsize|p1|4
|teamsize|p2|4
|start
|switch|p1a: Vivillon|Vivillon, L50, F|100/100
|switch|p1b: Lopunny|Lopunny, L50, F|100/100
|switch|p2a: Hydreigon|Hydreigon, L50, M|100/100
|switch|p2b: Pentious|Milotic, L50, M, shiny|100/100
|turn|1
|
|t:|1784061711
|move|p1b: Lopunny|Fake Out|p2b: Pentious
|-damage|p2b: Pentious|86/100
|move|p2a: Hydreigon|Heat Wave|p1a: Vivillon|[spread] p1a,p1b
|-supereffective|p1a: Vivillon|1
|-enditem|p1a: Vivillon|Focus Sash
|-damage|p1a: Vivillon|1/100
|-damage|p1b: Lopunny|66/100
|move|p1a: Vivillon|Sleep Powder|p2a: Hydreigon
|-status|p2a: Hydreigon|slp|[from] move: Sleep Powder
|cant|p2b: Pentious|flinch
|
|-heal|p2b: Pentious|93/100|[from] item: Leftovers
|upkeep
|turn|2
|inactive|kodehue has 30 seconds left.
|
|t:|1784061738
|move|p2b: Pentious|Protect|p2b: Pentious
|-singleturn|p2b: Pentious|Protect
|cant|p2a: Hydreigon|slp
|move|p1b: Lopunny|High Jump Kick|p2a: Hydreigon
|-supereffective|p2a: Hydreigon|1
|-damage|p2a: Hydreigon|25/100 slp
|move|p1a: Vivillon|Sleep Powder|p2b: Pentious
|-activate|p2b: Pentious|move: Protect
|
|-heal|p2b: Pentious|99/100|[from] item: Leftovers
|upkeep
|turn|3
|inactive|kodehue has 30 seconds left.
|
|t:|1784061763
|detailschange|p1b: Lopunny|Lopunny-Mega, L50, F
|-mega|p1b: Lopunny|Lopunny|Lopunnite
|-curestatus|p2a: Hydreigon|slp|[msg]
|move|p2a: Hydreigon|Heat Wave|p1a: Vivillon|[spread] p1b
|-miss|p2a: Hydreigon|p1a: Vivillon
|-damage|p1b: Lopunny|32/100
|move|p1b: Lopunny|High Jump Kick|p2a: Hydreigon
|-supereffective|p2a: Hydreigon|1
|-damage|p2a: Hydreigon|0 fnt
|faint|p2a: Hydreigon
|move|p1a: Vivillon|Sleep Powder|p2b: Pentious
|-status|p2b: Pentious|slp|[from] move: Sleep Powder
|cant|p2b: Pentious|slp
|
|-heal|p2b: Pentious|100/100 slp|[from] item: Leftovers
|upkeep
|
|t:|1784061779
|switch|p2a: Malsumas|Beedrill, L50, F, shiny|100/100
|turn|4
|
|t:|1784061791
|detailschange|p2a: Malsumas|Beedrill-Mega, L50, F, shiny
|-mega|p2a: Malsumas|Beedrill|Beedrillite
|move|p1a: Vivillon|Protect|p1a: Vivillon
|-singleturn|p1a: Vivillon|Protect
|move|p2a: Malsumas|U-turn|p1a: Vivillon
|-activate|p1a: Vivillon|move: Protect
|move|p1b: Lopunny|Fire Punch|p2a: Malsumas
|-supereffective|p2a: Malsumas|1
|-damage|p2a: Malsumas|0 fnt
|faint|p2a: Malsumas
|cant|p2b: Pentious|slp
|
|upkeep
|
|t:|1784061802
|switch|p2a: Ceruledge|Ceruledge, L50, F|100/100
|turn|5
|
|t:|1784061816
|move|p2a: Ceruledge|Shadow Sneak|p1a: Vivillon
|-damage|p1a: Vivillon|0 fnt
|faint|p1a: Vivillon
|move|p1b: Lopunny|Thunder Punch|p2b: Pentious
|-supereffective|p2b: Pentious|1
|-damage|p2b: Pentious|53/100 slp
|-curestatus|p2b: Pentious|slp|[msg]
|move|p2b: Pentious|Scald|p1b: Lopunny
|-damage|p1b: Lopunny|0 fnt
|faint|p1b: Lopunny
|
|-heal|p2b: Pentious|59/100|[from] item: Leftovers
|upkeep
|
|t:|1784061829
|switch|p1b: Kangaskhan|Kangaskhan, L50, F|100/100
|switch|p1a: Malamar|Malamar, L50, M|100/100
|turn|6
|inactive|kodehue has 30 seconds left.
|inactive|kodehue has 20 seconds left.
|inactive|kodehue has 15 seconds left.
|
|t:|1784061872
|move|p2a: Ceruledge|Protect|p2a: Ceruledge
|-singleturn|p2a: Ceruledge|Protect
|move|p2b: Pentious|Protect|p2b: Pentious
|-singleturn|p2b: Pentious|Protect
|move|p1b: Kangaskhan|Fake Out|p2b: Pentious
|-activate|p2b: Pentious|move: Protect
|move|p1a: Malamar|Throat Chop|p2a: Ceruledge
|-activate|p2a: Ceruledge|move: Protect
|
|-heal|p2b: Pentious|65/100|[from] item: Leftovers
|upkeep
|turn|7
|inactive|kodehue has 30 seconds left.
|
|t:|1784061900
|move|p1b: Kangaskhan|Body Slam|p2a: Ceruledge
|-damage|p2a: Ceruledge|60/100
|move|p1a: Malamar|Throat Chop|p2a: Ceruledge
|-supereffective|p2a: Ceruledge|1
|-enditem|p2a: Ceruledge|Colbur Berry|[eat]
|-enditem|p2a: Ceruledge|Colbur Berry|[weaken]
|-damage|p2a: Ceruledge|19/100
|-start|p2a: Ceruledge|Throat Chop|[silent]
|move|p2a: Ceruledge|Bitter Blade|p1a: Malamar
|-damage|p1a: Malamar|39/100
|-heal|p2a: Ceruledge|46/100|[from] drain|[of] p1a: Malamar
|move|p2b: Pentious|Scald|p1a: Malamar
|-crit|p1a: Malamar
|-damage|p1a: Malamar|0 fnt
|faint|p1a: Malamar
|
|-heal|p2b: Pentious|71/100|[from] item: Leftovers
|upkeep
|turn|8
|
|t:|1784061924
|move|p2a: Ceruledge|Protect|p2a: Ceruledge
|-singleturn|p2a: Ceruledge|Protect
|move|p1b: Kangaskhan|Body Slam|p2a: Ceruledge
|-activate|p2a: Ceruledge|move: Protect
|move|p2b: Pentious|Icy Wind|p1b: Kangaskhan
|-damage|p1b: Kangaskhan|84/100
|-unboost|p1b: Kangaskhan|spe|1
|
|-heal|p2b: Pentious|78/100|[from] item: Leftovers
|-end|p2a: Ceruledge|Throat Chop|[silent]
|upkeep
|turn|9
|
|t:|1784061938
|move|p2a: Ceruledge|Bitter Blade|p1b: Kangaskhan
|-damage|p1b: Kangaskhan|28/100
|-heal|p2a: Ceruledge|76/100|[from] drain|[of] p1b: Kangaskhan
|move|p2b: Pentious|Life Dew|p2b: Pentious|[spread] p2a,p2b
|-heal|p2a: Ceruledge|100/100
|-heal|p2b: Pentious|100/100
|move|p1b: Kangaskhan|Body Slam|p2a: Ceruledge
|-damage|p2a: Ceruledge|58/100
|
|upkeep
|turn|10
|-message|kodehue forfeited.
|
|win|viatles
|raw|kodehue's rating: 1000 → 1000(+0 for losing)
|raw|viatles's rating: 1100 → 1118(+18 for winning)
|l|☆kodehue
|player|p1|
|c|☆viatles|ggs wp
