|j|☆slopmachine
|j|☆TipoLucha
|html|slopmachineTipoLucha    
|uhtml|bestof|Game 1 of a best-of-3
|t:|1785742570
|gametype|doubles
|player|p1|slopmachine|medium|1040
|player|p2|TipoLucha|2|1212
|gen|9
|tier|[Gen 9 Champions] VGC 2026 Reg M-B (Bo3)
|rated|
|rule|Species Clause: Limit one of each Pokémon
|rule|Item Clause: Limit 1 of each item
|clearpoke
|poke|p1|Floette-Eternal, L50, F|
|poke|p1|Whimsicott, L50, F|
|poke|p1|Charizard, L50, M|
|poke|p1|Basculegion, L50, M|
|poke|p1|Garchomp, L50, F|
|poke|p1|Incineroar, L50, M|
|poke|p2|Whimsicott, L50, M|
|poke|p2|Froslass, L50, F|
|poke|p2|Scizor, L50, F|
|poke|p2|Sneasler, L50, M|
|poke|p2|Tsareena, L50, F|
|poke|p2|Milotic, L50, M|
|teampreview|4
|showteam|p1|Floette-Eternal||Floettite|FlowerVeil|Protect,DazzlingGleam,DrainingKiss,CalmMind|Modest||F|||50|]Whimsicott||FocusSash|Prankster|Protect,Moonblast,Tailwind,Encore|Timid||F|||50|]Charizard||CharizarditeY|Blaze|Protect,WeatherBall,SolarBeam,HeatWave|Modest||M|||50|]Basculegion||ChoiceScarf|Adaptability|FlipTurn,WaveCrash,LastRespects,AquaJet|Jolly||M|||50|]Garchomp||LifeOrb|RoughSkin|Protect,Earthquake,DragonClaw,RockSlide|Jolly||F|||50|]Incineroar||SitrusBerry|Intimidate|FlareBlitz,ThroatChop,FakeOut,PartingShot|Careful||M|||50|
|showteam|p2|Whimsicott||FocusSash|Prankster|Tailwind,FakeTears,Moonblast,EnergyBall|Timid||M|||50|]Froslass||Froslassite|SnowCloak|Blizzard,ShadowBall,Protect,Psychic|Timid||F|||50|]Scizor||Scizorite|Technician|BugBite,BulletPunch,BrickBreak,Protect|Adamant||F|||50|]Sneasler||WhiteHerb|Unburden|CloseCombat,RockSlide,DireClaw,FakeOut|Adamant||M|||50|]Tsareena||SitrusBerry|QueenlyMajesty|TropKick,LowKick,TripleAxel,Protect|Adamant||F|||50|]Milotic||MysticWater|Competitive|Scald,IceBeam,Protect,IcyWind|Modest||M|||50|
|inactive|Battle timer is ON: inactive players will automatically lose when time's up. (requested by TipoLucha)
|
|t:|1785742671
|teamsize|p1|4
|teamsize|p2|4
|start
|switch|p1a: Whimsicott|Whimsicott, L50, F|100/100
|switch|p1b: Charizard|Charizard, L50, M|100/100
|switch|p2a: Sneasler|Sneasler, L50, M|100/100
|switch|p2b: Milotic|Milotic, L50, M|100/100
|turn|1
|inactive|TipoLucha has 30 seconds left.
|
|t:|1785742697
|move|p1b: Charizard|Protect|p1b: Charizard
|-singleturn|p1b: Charizard|Protect
|move|p1a: Whimsicott|Tailwind|p1a: Whimsicott
|-sidestart|p1: slopmachine|move: Tailwind
|move|p2a: Sneasler|Rock Slide|p1b: Charizard|[spread] p1a
|-activate|p1b: Charizard|move: Protect
|-damage|p1a: Whimsicott|66/100
|move|p2b: Milotic|Icy Wind|p1a: Whimsicott|[spread] p1a
|-activate|p1b: Charizard|move: Protect
|-supereffective|p1a: Whimsicott|1
|-damage|p1a: Whimsicott|24/100
|-unboost|p1a: Whimsicott|spe|1
|
|upkeep
|turn|2
|inactive|slopmachine has 30 seconds left.
|
|t:|1785742726
|switch|p2a: Whimsicott|Whimsicott, L50, M|100/100
|detailschange|p1b: Charizard|Charizard-Mega-Y, L50, M
|-mega|p1b: Charizard|Charizard|Charizardite Y
|-weather|SunnyDay|[from] ability: Drought|[of] p1b: Charizard
|move|p1b: Charizard|Weather Ball|p2a: Whimsicott
|-supereffective|p2a: Whimsicott|1
|-enditem|p2a: Whimsicott|Focus Sash
|-damage|p2a: Whimsicott|1/100
|move|p1a: Whimsicott|Moonblast|p2a: Whimsicott
|-damage|p2a: Whimsicott|0 fnt
|faint|p2a: Whimsicott
|move|p2b: Milotic|Icy Wind|p1b: Charizard|[spread] p1a,p1b
|-supereffective|p1a: Whimsicott|1
|-damage|p1a: Whimsicott|0 fnt
|-damage|p1b: Charizard|88/100
|-unboost|p1b: Charizard|spe|1
|faint|p1a: Whimsicott
|
|-weather|SunnyDay|[upkeep]
|upkeep
|inactive|slopmachine has 30 seconds left.
|
|t:|1785742753
|switch|p2a: Sneasler|Sneasler, L50, M|100/100
|switch|p1a: Incineroar|Incineroar, L50, M|100/100
|-ability|p1a: Incineroar|Intimidate|boost
|-unboost|p2a: Sneasler|atk|1
|-unboost|p2b: Milotic|atk|1
|-ability|p2b: Milotic|Competitive|boost
|-boost|p2b: Milotic|spa|2
|-enditem|p2a: Sneasler|White Herb
|-clearnegativeboost|p2a: Sneasler|[silent]
|turn|3
|
|t:|1785742777
|move|p2a: Sneasler|Fake Out|p1b: Charizard
|-damage|p1b: Charizard|74/100
|move|p1a: Incineroar|Fake Out|p2a: Sneasler
|-damage|p2a: Sneasler|80/100
|cant|p1b: Charizard|flinch
|move|p2b: Milotic|Scald|p1a: Incineroar
|-supereffective|p1a: Incineroar|1
|-damage|p1a: Incineroar|22/100
|-enditem|p1a: Incineroar|Sitrus Berry|[eat]
|-heal|p1a: Incineroar|47/100|[from] item: Sitrus Berry
|
|-weather|SunnyDay|[upkeep]
|upkeep
|turn|4
|inactive|slopmachine has 30 seconds left.
|inactive|slopmachine has 20 seconds left.
|inactive|slopmachine has 15 seconds left.
|
|t:|1785742821
|move|p2a: Sneasler|Rock Slide|p1a: Incineroar|[spread] p1a,p1b
|-supereffective|p1a: Incineroar|1
|-supereffective|p1b: Charizard|2
|-damage|p1a: Incineroar|8/100
|-damage|p1b: Charizard|0 fnt
|faint|p1b: Charizard
|move|p1a: Incineroar|Flare Blitz|p2a: Sneasler
|-damage|p2a: Sneasler|0 fnt
|faint|p2a: Sneasler
|-damage|p1a: Incineroar|0 fnt|[from] Recoil
|faint|p1a: Incineroar
|move|p2b: Milotic|Scald|p1: Incineroar|[notarget]
|-fail|p2b: Milotic
|
|-weather|SunnyDay|[upkeep]
|-sideend|p1: slopmachine|move: Tailwind
|upkeep
|
|t:|1785742835
|switch|p2a: Froslass|Froslass, L50, F|100/100
|switch|p1b: Basculegion|Basculegion, L50, M|100/100
|turn|5
|
|t:|1785742856
|detailschange|p2a: Froslass|Froslass-Mega, L50, F
|-mega|p2a: Froslass|Froslass|Froslassite
|-weather|Snowscape|[from] ability: Snow Warning|[of] p2a: Froslass
|move|p2a: Froslass|Protect|p2a: Froslass
|-singleturn|p2a: Froslass|Protect
|move|p1b: Basculegion|Last Respects|p2a: Froslass
|-activate|p2a: Froslass|move: Protect
|move|p2b: Milotic|Scald|p1b: Basculegion
|-resisted|p1b: Basculegion|1
|-damage|p1b: Basculegion|47/100
|
|-weather|Snowscape|[upkeep]
|upkeep
|turn|6
|
|t:|1785742867
|move|p1b: Basculegion|Last Respects|p2a: Froslass
|-supereffective|p2a: Froslass|1
|-damage|p2a: Froslass|0 fnt
|faint|p2a: Froslass
|move|p2b: Milotic|Scald|p1b: Basculegion
|-resisted|p1b: Basculegion|1
|-damage|p1b: Basculegion|0 fnt
|faint|p1b: Basculegion
|
|win|TipoLucha
||slopmachine is ready for game 2.
||TipoLucha is ready for game 2.
|uhtml|next|Next: Game 2 of 3
|l|☆TipoLucha
|player|p2|
