|j|☆sundinza
|j|☆B South
|html|sundinzaB South    
|uhtml|bestof|Game 1 of a best-of-3
|t:|1757634472
|gametype|doubles
|player|p1|sundinza|266|1094
|player|p2|B South|2|1040
|gen|9
|tier|[Gen 9] VGC 2025 Reg H (Bo3)
|rated|
|rule|Species Clause: Limit one of each Pokémon
|rule|Item Clause: Limit 1 of each item
|clearpoke
|poke|p1|Hydreigon, L50, M|
|poke|p1|Primarina, L50, M|
|poke|p1|Incineroar, L50, F|
|poke|p1|Annihilape, L50, M|
|poke|p1|Sneasler, L50, M|
|poke|p1|Porygon2, L50|
|poke|p2|Torkoal, L50, M|
|poke|p2|Indeedee-F, L50, F|
|poke|p2|Jumpluff, L50, F|
|poke|p2|Ursaluna, L50, M|
|poke|p2|Hatterene, L50, F|
|poke|p2|Morgrem, L50, M|
|teampreview|4
|showteam|p1|Hydreigon||CovertCloak|Levitate|Snarl,DragonPulse,Tailwind,HeatWave|||M|||50|,,,,,Fairy]Primarina||LifeOrb|LiquidVoice|HyperVoice,Moonblast,IcyWind,Protect|||M|||50|,,,,,Steel]Incineroar||RockyHelmet|Intimidate|FakeOut,KnockOff,WillOWisp,PartingShot|||F|||50|,,,,,Grass]Annihilape||SitrusBerry|Defiant|DrainPunch,RageFist,BulkUp,Protect|||M|||50|,,,,,Fire]Sneasler||FocusSash|Unburden|CloseCombat,DireClaw,FakeOut,ThroatChop|||M|||50|,,,,,Fire]Porygon2||Eviolite|Trace|FoulPlay,IceBeam,TrickRoom,Recover||||||50|,,,,,Fairy
|showteam|p2|Torkoal||Charcoal|Drought|Eruption,HeatWave,Overheat,Protect|||M|||50|,,,,,Fire]Indeedee-F||MentalHerb|PsychicSurge|TrickRoom,FollowMe,LightScreen,Reflect|||F|||50|,,,,,Grass]Jumpluff||WideLens|Chlorophyll|SleepPowder,Uturn,RagePowder,PollenPuff|||F|||50|,,,,,Grass]Ursaluna||FlameOrb|Guts|HeadlongRush,Facade,Earthquake,Protect|||M|||50|,,,,,Ground]Hatterene||ChoiceSpecs|MagicBounce|ExpandingForce,DazzlingGleam,PsychicNoise,TrickRoom|||F|||50|,,,,,Psychic]Morgrem||Eviolite|Prankster|FoulPlay,LightScreen,Reflect,PartingShot|||M|||50|,,,,,Dark
|inactive|Battle timer is ON: inactive players will automatically lose when time's up. (requested by sundinza)
|
|t:|1757634522
|teamsize|p1|4
|teamsize|p2|4
|start
|switch|p1a: Incineroar|Incineroar, L50, F|100/100
|switch|p1b: Hydreigon|Hydreigon, L50, M|100/100
|switch|p2a: Per'kele|Indeedee-F, L50, F|100/100
|switch|p2b: Vinushka|Jumpluff, L50, F|100/100
|-fieldstart|move: Psychic Terrain|[from] ability: Psychic Surge|[of] p2a: Per'kele
|-ability|p1a: Incineroar|Intimidate|boost
|-unboost|p2a: Per'kele|atk|1
|-unboost|p2b: Vinushka|atk|1
|turn|1
|inactive|sundinza has 30 seconds left.
|
|t:|1757634548
|move|p2b: Vinushka|Rage Powder|p2b: Vinushka
|-singleturn|p2b: Vinushka|move: Rage Powder
|move|p1b: Hydreigon|Heat Wave|p2a: Per'kele|[spread] p2a,p2b
|-supereffective|p2b: Vinushka
|-damage|p2a: Per'kele|76/100
|-damage|p2b: Vinushka|48/100
|move|p1a: Incineroar|Knock Off|p2b: Vinushka
|-damage|p2b: Vinushka|0 fnt
|-enditem|p2b: Vinushka|Wide Lens|[from] move: Knock Off|[of] p1a: Incineroar
|faint|p2b: Vinushka
|move|p2a: Per'kele|Trick Room|p2a: Per'kele
|-fieldstart|move: Trick Room|[of] p2a: Per'kele
|
|upkeep
|
|t:|1757634560
|switch|p2b: Rher|Ursaluna, L50, M|100/100
|turn|2
|
|t:|1757634574
|move|p2a: Per'kele|Follow Me|p2a: Per'kele
|-singleturn|p2a: Per'kele|move: Follow Me
|move|p2b: Rher|Headlong Rush|p1a: Incineroar
|-supereffective|p1a: Incineroar
|-damage|p1a: Incineroar|0 fnt
|-unboost|p2b: Rher|def|1
|-unboost|p2b: Rher|spd|1
|-damage|p2b: Rher|84/100|[from] item: Rocky Helmet|[of] p1a: Incineroar
|faint|p1a: Incineroar
|move|p1b: Hydreigon|Snarl|p2b: Rher|[spread] p2a,p2b
|-supereffective|p2a: Per'kele
|-damage|p2a: Per'kele|35/100
|-damage|p2b: Rher|55/100
|-unboost|p2a: Per'kele|spa|1
|-unboost|p2b: Rher|spa|1
|
|-status|p2b: Rher|brn|[from] item: Flame Orb
|upkeep
|
|t:|1757634592
|switch|p1a: Primarina|Primarina, L50, M|100/100
|turn|3
|
|t:|1757634602
|-terastallize|p1a: Primarina|Steel
|move|p2b: Rher|Facade|p1a: Primarina
|-resisted|p1a: Primarina
|-damage|p1a: Primarina|32/100
|move|p2a: Per'kele|Light Screen|p2a: Per'kele
|-sidestart|p2: B South|move: Light Screen
|move|p1a: Primarina|Hyper Voice|p2b: Rher|[spread] p2a,p2b
|-supereffective|p2b: Rher
|-damage|p2a: Per'kele|4/100
|-damage|p2b: Rher|0 fnt
|faint|p2b: Rher
|-damage|p1a: Primarina|22/100|[from] item: Life Orb
|move|p1b: Hydreigon|Snarl|p2a: Per'kele
|-supereffective|p2a: Per'kele
|-damage|p2a: Per'kele|0 fnt
|faint|p2a: Per'kele
|
|upkeep
|
|t:|1757634620
|switch|p2a: Gro'-Goroth|Torkoal, L50, M|100/100
|-weather|SunnyDay|[from] ability: Drought|[of] p2a: Gro'-Goroth
|turn|4
|
|t:|1757634633
|-terastallize|p2a: Gro'-Goroth|Fire
|move|p2a: Gro'-Goroth|Eruption|p1b: Hydreigon|[spread] p1a,p1b
|-supereffective|p1a: Primarina
|-resisted|p1b: Hydreigon
|-damage|p1a: Primarina|0 fnt
|-damage|p1b: Hydreigon|36/100
|faint|p1a: Primarina
|move|p1b: Hydreigon|Snarl|p2a: Gro'-Goroth
|-damage|p2a: Gro'-Goroth|74/100
|-unboost|p2a: Gro'-Goroth|spa|1
|
|-weather|SunnyDay|[upkeep]
|upkeep
|
|t:|1757634644
|switch|p1a: Annihilape|Annihilape, L50, M|100/100
|turn|5
|
|t:|1757634660
|move|p2a: Gro'-Goroth|Eruption|p1b: Hydreigon|[spread] p1a,p1b
|-resisted|p1b: Hydreigon
|-damage|p1a: Annihilape|52/100
|-damage|p1b: Hydreigon|2/100
|move|p1a: Annihilape|Drain Punch|p2a: Gro'-Goroth
|-damage|p2a: Gro'-Goroth|46/100
|-heal|p1a: Annihilape|63/100|[from] drain|[of] p2a: Gro'-Goroth
|move|p1b: Hydreigon|Snarl|p2a: Gro'-Goroth
|-damage|p2a: Gro'-Goroth|21/100
|-unboost|p2a: Gro'-Goroth|spa|1
|
|-weather|SunnyDay|[upkeep]
|-fieldend|move: Trick Room
|-fieldend|move: Psychic Terrain
|upkeep
|turn|6
|-message|B South forfeited.
|
|win|sundinza
|l|☆B South
|player|p2|
||B South is ready for game 2.
||sundinza is ready for game 2.
|uhtml|next|Next: Game 2 of 3
|l|☆sundinza
|player|p1|
|j|☆B South
|player|p2|B South|2|
