|j|☆scovillain1soldier
|j|☆SmolivStayStrong<3
|html|scovillain1soldierSmolivStayStrong<3    
|uhtml|bestof|Game 1 of a best-of-3
|t:|1783687993
|gametype|doubles
|player|p1|scovillain1soldier|schoolkidf|1235
|player|p2|SmolivStayStrong<3|miku-flying|1146
|gen|9
|tier|[Gen 9 Champions] VGC 2026 Reg M-B (Bo3)
|rated|
|rule|Species Clause: Limit one of each Pokémon
|rule|Item Clause: Limit 1 of each item
|clearpoke
|poke|p1|Swampert, L50, F|
|poke|p1|Raichu, L50, F|
|poke|p1|Archaludon, L50, M|
|poke|p1|Pelipper, L50, M|
|poke|p1|Tsareena, L50, F|
|poke|p1|Sableye, L50, M|
|poke|p2|Mawile, L50, F|
|poke|p2|Farigiraf, L50, M, shiny|
|poke|p2|Incineroar, L50, M|
|poke|p2|Garchomp, L50, M|
|poke|p2|Charizard, L50, M|
|poke|p2|Venusaur, L50, F, shiny|
|teampreview|4
|showteam|p1|Swampert||Swampertite|Torrent|WaveCrash,HighHorsepower,IcePunch,Protect|Adamant||F|||50|]Raichu||RaichuniteY|LightningRod|ZapCannon,FocusBlast,VoltSwitch,Protect|Timid||F|||50|]Archaludon||Leftovers|Stamina|ElectroShot,DragonPulse,FlashCannon,Protect|Modest||M|||50|]Pelipper||SitrusBerry|Drizzle|WeatherBall,Tailwind,Hurricane,WideGuard|Modest||M|||50|]Tsareena||ChoiceScarf|QueenlyMajesty|TropKick,TripleAxel,LowKick,Uturn|Jolly||F|||50|]Sableye||LightClay|Prankster|WillOWisp,LightScreen,RainDance,Reflect|Sassy||M|||50|
|showteam|p2|Mawile||Mawilite|Intimidate|Protect,PlayRough,IronHead,SuckerPunch|Brave||F|||50|]Farigiraf||SitrusBerry|ArmorTail|Psychic,EnergyBall,Protect,TrickRoom|Modest||M|||50|]Incineroar||PasshoBerry|Intimidate|FakeOut,FlareBlitz,DarkestLariat,PartingShot|Adamant||M|||50|]Garchomp||LifeOrb|RoughSkin|DragonClaw,Earthquake,RockSlide,Protect|Jolly||M|||50|]Charizard||CharizarditeY|Blaze|HeatWave,WeatherBall,SolarBeam,Protect|Timid||M|||50|]Venusaur||FocusSash|Chlorophyll|EarthPower,SleepPowder,SludgeBomb,GigaDrain|Timid||F|||50|
|inactive|Battle timer is ON: inactive players will automatically lose when time's up. (requested by SmolivStayStrong<3)
|inactive|scovillain1soldier has 60 seconds left.
|inactive|SmolivStayStrong<3 has 60 seconds left.
|
|t:|1783688033
|teamsize|p1|4
|teamsize|p2|4
|start
|switch|p1a: Archaludon|Archaludon, L50, M|100/100
|switch|p1b: Sableye|Sableye, L50, M|100/100
|switch|p2a: Venusaur|Venusaur, L50, F, shiny|100/100
|switch|p2b: Garchomp|Garchomp, L50, M|100/100
|turn|1
|
|t:|1783688046
|move|p1a: Archaludon|Protect|p1a: Archaludon
|-singleturn|p1a: Archaludon|Protect
|move|p1b: Sableye|Reflect|p1b: Sableye
|-sidestart|p1: scovillain1soldier|Reflect
|move|p2b: Garchomp|Dragon Claw|p1b: Sableye
|-damage|p1b: Sableye|52/100
|-damage|p2b: Garchomp|90/100|[from] item: Life Orb
|move|p2a: Venusaur|Sleep Powder|p1a: Archaludon
|-activate|p1a: Archaludon|move: Protect
|
|upkeep
|turn|2
|
|t:|1783688071
|switch|p1a: Pelipper|Pelipper, L50, M|100/100
|-weather|RainDance|[from] ability: Drizzle|[of] p1a: Pelipper
|move|p1b: Sableye|Will-O-Wisp|p2b: Garchomp
|-status|p2b: Garchomp|brn
|move|p2b: Garchomp|Dragon Claw|p1b: Sableye
|-damage|p1b: Sableye|31/100
|-damage|p2b: Garchomp|80/100 brn|[from] item: Life Orb
|move|p2a: Venusaur|Sleep Powder|p1a: Pelipper
|-status|p1a: Pelipper|slp|[from] move: Sleep Powder
|
|-weather|RainDance|[upkeep]
|-damage|p2b: Garchomp|74/100 brn|[from] brn
|upkeep
|turn|3
|
|t:|1783688092
|move|p1b: Sableye|Light Screen|p1b: Sableye
|-sidestart|p1: scovillain1soldier|move: Light Screen
|move|p2b: Garchomp|Dragon Claw|p1a: Pelipper
|-damage|p1a: Pelipper|80/100 slp
|-damage|p2b: Garchomp|64/100 brn|[from] item: Life Orb
|move|p2a: Venusaur|Earth Power|p1b: Sableye
|-damage|p1b: Sableye|10/100
|cant|p1a: Pelipper|slp
|
|-weather|RainDance|[upkeep]
|-damage|p2b: Garchomp|58/100 brn|[from] brn
|upkeep
|turn|4
|
|t:|1783688115
|switch|p1b: Swampert|Swampert, L50, F|100/100
|move|p2b: Garchomp|Rock Slide|p1a: Pelipper|[spread] p1a,p1b
|-supereffective|p1a: Pelipper|1
|-resisted|p1b: Swampert|1
|-damage|p1a: Pelipper|63/100 slp
|-damage|p1b: Swampert|96/100
|-damage|p2b: Garchomp|48/100 brn|[from] item: Life Orb
|move|p2a: Venusaur|Earth Power|p1b: Swampert
|-damage|p1b: Swampert|78/100
|cant|p1a: Pelipper|slp
|
|-weather|RainDance|[upkeep]
|-damage|p2b: Garchomp|42/100 brn|[from] brn
|upkeep
|turn|5
|inactive|SmolivStayStrong<3 has 30 seconds left.
|
|t:|1783688148
|switch|p2b: Incineroar|Incineroar, L50, M|100/100
|-ability|p2b: Incineroar|Intimidate|boost
|-unboost|p1a: Pelipper|atk|1
|-unboost|p1b: Swampert|atk|1
|move|p1b: Swampert|Protect|p1b: Swampert
|-singleturn|p1b: Swampert|Protect
|move|p2a: Venusaur|Giga Drain|p1b: Swampert
|-activate|p1b: Swampert|move: Protect
|-curestatus|p1a: Pelipper|slp|[msg]
|move|p1a: Pelipper|Hurricane|p2a: Venusaur
|-supereffective|p2a: Venusaur|1
|-damage|p2a: Venusaur|4/100
|-start|p2a: Venusaur|confusion
|
|-weather|RainDance|[upkeep]
|upkeep
|turn|6
|inactive|SmolivStayStrong<3 has 30 seconds left.
|
|t:|1783688173
|switch|p1b: Archaludon|Archaludon, L50, M|100/100
|move|p2b: Incineroar|Fake Out|p1b: Archaludon
|-resisted|p1b: Archaludon|1
|-damage|p1b: Archaludon|96/100
|-ability|p1b: Archaludon|Stamina|boost
|-boost|p1b: Archaludon|def|1
|-activate|p2a: Venusaur|confusion
|move|p2a: Venusaur|Giga Drain|p1b: Archaludon
|-resisted|p1b: Archaludon|2
|-damage|p1b: Archaludon|91/100
|-heal|p2a: Venusaur|8/100|[from] drain|[of] p1b: Archaludon
|-ability|p1b: Archaludon|Stamina|boost
|-boost|p1b: Archaludon|def|1
|move|p1a: Pelipper|Weather Ball|p2b: Incineroar
|-supereffective|p2b: Incineroar|1
|-enditem|p2b: Incineroar|Passho Berry|[eat]
|-enditem|p2b: Incineroar|Passho Berry|[weaken]
|-damage|p2b: Incineroar|46/100
|
|-weather|none
|-heal|p1b: Archaludon|97/100|[from] item: Leftovers
|upkeep
|turn|7
|inactive|SmolivStayStrong<3 has 30 seconds left.
|
|t:|1783688203
|switch|p2a: Charizard|Charizard, L50, M|100/100
|switch|p1a: Sableye|Sableye, L50, M|10/100
|move|p1b: Archaludon|Dragon Pulse|p2a: Charizard
|-damage|p2a: Charizard|55/100
|move|p2b: Incineroar|Darkest Lariat|p1a: Sableye
|-damage|p1a: Sableye|0 fnt
|faint|p1a: Sableye
|
|-heal|p1b: Archaludon|100/100|[from] item: Leftovers
|upkeep
|
|t:|1783688213
|switch|p1a: Swampert|Swampert, L50, F|78/100
|turn|8
|
|t:|1783688225
|switch|p2b: Garchomp|Garchomp, L50, M|42/100 brn
|detailschange|p1a: Swampert|Swampert-Mega, L50, F
|-mega|p1a: Swampert|Swampert|Swampertite
|move|p2a: Charizard|Protect|p2a: Charizard
|-singleturn|p2a: Charizard|Protect
|move|p1a: Swampert|Wave Crash|p2a: Charizard
|-activate|p2a: Charizard|move: Protect
|move|p1b: Archaludon|Dragon Pulse|p2b: Garchomp
|-supereffective|p2b: Garchomp|1
|-damage|p2b: Garchomp|0 fnt
|faint|p2b: Garchomp
|
|-sideend|p1: scovillain1soldier|Reflect
|upkeep
|
|t:|1783688241
|switch|p2b: Venusaur|Venusaur, L50, F, shiny|8/100
|turn|9
|
|t:|1783688258
|detailschange|p2a: Charizard|Charizard-Mega-Y, L50, M
|-mega|p2a: Charizard|Charizard|Charizardite Y
|-weather|SunnyDay|[from] ability: Drought|[of] p2a: Charizard
|move|p1a: Swampert|Protect|p1a: Swampert
|-singleturn|p1a: Swampert|Protect
|move|p2b: Venusaur|Sleep Powder|p1b: Archaludon
|-status|p1b: Archaludon|slp|[from] move: Sleep Powder
|move|p2a: Charizard|Solar Beam||[still]
|-prepare|p2a: Charizard|Solar Beam
|-anim|p2a: Charizard|Solar Beam|p1a: Swampert
|-activate|p1a: Swampert|move: Protect
|cant|p1b: Archaludon|slp
|
|-weather|SunnyDay|[upkeep]
|upkeep
|turn|10
|
|t:|1783688272
|switch|p2a: Incineroar|Incineroar, L50, M|46/100
|-ability|p2a: Incineroar|Intimidate|boost
|-unboost|p1a: Swampert|atk|1
|-unboost|p1b: Archaludon|atk|1
|switch|p1a: Pelipper|Pelipper, L50, M|63/100
|-weather|RainDance|[from] ability: Drizzle|[of] p1a: Pelipper
|move|p2b: Venusaur|Giga Drain|p1a: Pelipper
|-crit|p1a: Pelipper
|-damage|p1a: Pelipper|7/100
|-heal|p2b: Venusaur|38/100|[from] drain|[of] p1a: Pelipper
|-enditem|p1a: Pelipper|Sitrus Berry|[eat]
|-heal|p1a: Pelipper|31/100|[from] item: Sitrus Berry
|cant|p1b: Archaludon|slp
|
|-weather|RainDance|[upkeep]
|-sideend|p1: scovillain1soldier|move: Light Screen
|upkeep
|turn|11
|
|t:|1783688297
|switch|p1a: Swampert|Swampert-Mega, L50, F|78/100
|move|p2a: Incineroar|Fake Out|p1b: Archaludon
|-resisted|p1b: Archaludon|1
|-damage|p1b: Archaludon|97/100 slp
|-ability|p1b: Archaludon|Stamina|boost
|-boost|p1b: Archaludon|def|1
|move|p2b: Venusaur|Giga Drain|p1a: Swampert
|-supereffective|p1a: Swampert|2
|-damage|p1a: Swampert|0 fnt
|-heal|p2b: Venusaur|86/100|[from] drain|[of] p1a: Swampert
|faint|p1a: Swampert
|-curestatus|p1b: Archaludon|slp|[msg]
|cant|p1b: Archaludon|flinch
|
|-weather|RainDance|[upkeep]
|-heal|p1b: Archaludon|100/100|[from] item: Leftovers
|upkeep
|-message|scovillain1soldier forfeited.
|
|win|SmolivStayStrong<3
|l|☆scovillain1soldier
|player|p1|
||scovillain1soldier is ready for game 2.
||SmolivStayStrong<3 is ready for game 2.
|uhtml|next|Next: Game 2 of 3
