|j|☆upoiuz
|j|☆testdigi
|html|upoiuztestdigi    
|uhtml|bestof|Game 1 of a best-of-3
|t:|1785153328
|gametype|doubles
|player|p1|upoiuz|hilbert|1121
|player|p2|testdigi|169|1196
|gen|9
|tier|[Gen 9 Champions] VGC 2026 Reg M-B (Bo3)
|rated|
|rule|Species Clause: Limit one of each Pokémon
|rule|Item Clause: Limit 1 of each item
|clearpoke
|poke|p1|Incineroar, L50, F|
|poke|p1|Archaludon, L50, F|
|poke|p1|Pelipper, L50, F|
|poke|p1|Meganium, L50, F|
|poke|p1|Garchomp, L50, M|
|poke|p1|Swampert, L50, F|
|poke|p2|Raichu, L50, M|
|poke|p2|Toxapex, L50, F|
|poke|p2|Mamoswine, L50, F|
|poke|p2|Sylveon, L50, M|
|poke|p2|Corviknight, L50, F|
|poke|p2|Basculegion, L50, M|
|teampreview|4
|showteam|p1|Incineroar||SitrusBerry|Intimidate|FakeOut,PartingShot,FlareBlitz,ThroatChop|Calm||F|||50|]Archaludon||WhiteHerb|Stamina|DracoMeteor,ElectroShot,FlashCannon,Protect|Modest||F|||50|]Pelipper||Leftovers|Drizzle|Hurricane,Tailwind,Protect,MuddyWater|Timid||F|||50|]Meganium||Meganiumite|Overgrow|WeatherBall,SolarBeam,Protect,DazzlingGleam|Modest||F|||50|]Garchomp||ChoiceScarf|RoughSkin|DragonClaw,StompingTantrum,Earthquake,RockSlide|Jolly||M|||50|]Swampert||Swampertite|Torrent|Earthquake,WaveCrash,IcePunch,Protect|Adamant||F|||50|
|showteam|p2|Raichu||RaichuniteY|LightningRod|ZapCannon,FocusBlast,FakeOut,Protect|Timid||M|||50|]Toxapex||Leftovers|Regenerator|Infestation,Toxic,Recover,BanefulBunker|Relaxed||F|||50|]Mamoswine||LifeOrb|Oblivious|StompingTantrum,IceShard,RockSlide,Protect|Adamant||F|||50|]Sylveon||FairyFeather|Pixilate|HyperVoice,QuickAttack,Yawn,Detect|Modest||M|||50|]Corviknight||OccaBerry|MirrorArmor|IronHead,BraveBird,Tailwind,Protect|Adamant||F|||50|]Basculegion||FocusSash|Adaptability|LastRespects,Liquidation,AquaJet,Protect|Jolly||M|||50|
|inactive|Battle timer is ON: inactive players will automatically lose when time's up. (requested by upoiuz)
|inactive|testdigi has 60 seconds left.
|
|t:|1785153364
|teamsize|p1|4
|teamsize|p2|4
|start
|switch|p1a: Archaludon|Archaludon, L50, F|100/100
|switch|p1b: Swampert|Swampert, L50, F|100/100
|switch|p2a: Sylveon|Sylveon, L50, M|100/100
|switch|p2b: Raichu|Raichu, L50, M|100/100
|turn|1
|inactive|upoiuz has 30 seconds left.
|
|t:|1785153389
|move|p2b: Raichu|Fake Out|p1a: Archaludon
|-resisted|p1a: Archaludon|1
|-damage|p1a: Archaludon|97/100
|-ability|p1a: Archaludon|Stamina|boost
|-boost|p1a: Archaludon|def|1
|move|p1b: Swampert|Wave Crash|p2b: Raichu
|-damage|p2b: Raichu|15/100
|-damage|p1b: Swampert|74/100|[from] Recoil
|cant|p1a: Archaludon|flinch
|move|p2a: Sylveon|Yawn|p1b: Swampert
|-start|p1b: Swampert|move: Yawn|[of] p2a: Sylveon
|
|upkeep
|turn|2
|
|t:|1785153413
|switch|p1b: Incineroar|Incineroar, L50, F|100/100
|-ability|p1b: Incineroar|Intimidate|boost
|-unboost|p2a: Sylveon|atk|1
|-unboost|p2b: Raichu|atk|1
|detailschange|p2b: Raichu|Raichu-Mega-Y, L50, M
|-mega|p2b: Raichu|Raichu|Raichunite Y
|move|p2a: Sylveon|Detect|p2a: Sylveon
|-singleturn|p2a: Sylveon|Protect
|move|p2b: Raichu|Focus Blast|p1a: Archaludon
|-supereffective|p1a: Archaludon|1
|-damage|p1a: Archaludon|1/100
|-ability|p1a: Archaludon|Stamina|boost
|-boost|p1a: Archaludon|def|1
|move|p1a: Archaludon|Flash Cannon|p2a: Sylveon
|-activate|p2a: Sylveon|move: Protect
|
|upkeep
|turn|3
|
|t:|1785153433
|move|p2b: Raichu|Protect|p2b: Raichu
|-singleturn|p2b: Raichu|Protect
|move|p1b: Incineroar|Fake Out|p2b: Raichu
|-activate|p2b: Raichu|move: Protect
|move|p2a: Sylveon|Quick Attack|p1a: Archaludon
|-damage|p1a: Archaludon|0 fnt
|faint|p1a: Archaludon
|
|upkeep
|
|t:|1785153442
|switch|p1a: Swampert|Swampert, L50, F|74/100
|turn|4
|
|t:|1785153456
|switch|p1b: Pelipper|Pelipper, L50, F|100/100
|-weather|RainDance|[from] ability: Drizzle|[of] p1b: Pelipper
|detailschange|p1a: Swampert|Swampert-Mega, L50, F
|-mega|p1a: Swampert|Swampert|Swampertite
|move|p1a: Swampert|Earthquake|p2a: Sylveon|[spread] p2a,p2b
|-immune|p1b: Pelipper
|-supereffective|p2b: Raichu|1
|-damage|p2a: Sylveon|50/100g
|-damage|p2b: Raichu|0 fnt
|faint|p2b: Raichu
|move|p2a: Sylveon|Yawn|p1a: Swampert
|-start|p1a: Swampert|move: Yawn|[of] p2a: Sylveon
|
|-weather|RainDance|[upkeep]
|upkeep
|
|t:|1785153466
|switch|p2b: Basculegion|Basculegion, L50, M|100/100
|turn|5
|
|t:|1785153481
|switch|p1a: Incineroar|Incineroar, L50, F|100/100
|-ability|p1a: Incineroar|Intimidate|boost
|-unboost|p2a: Sylveon|atk|1
|-unboost|p2b: Basculegion|atk|1
|move|p2b: Basculegion|Liquidation|p1a: Incineroar
|-supereffective|p1a: Incineroar|1
|-damage|p1a: Incineroar|8/100
|-enditem|p1a: Incineroar|Sitrus Berry|[eat]
|-heal|p1a: Incineroar|33/100|[from] item: Sitrus Berry
|move|p1b: Pelipper|Hurricane|p2b: Basculegion
|-damage|p2b: Basculegion|46/100
|move|p2a: Sylveon|Yawn|p1b: Pelipper
|-start|p1b: Pelipper|move: Yawn|[of] p2a: Sylveon
|
|-weather|RainDance|[upkeep]
|upkeep
|turn|6
|
|t:|1785153506
|move|p2b: Basculegion|Protect|p2b: Basculegion
|-singleturn|p2b: Basculegion|Protect
|move|p2a: Sylveon|Detect|p2a: Sylveon
|-singleturn|p2a: Sylveon|Protect
|move|p1a: Incineroar|Fake Out|p2a: Sylveon
|-activate|p2a: Sylveon|move: Protect
|move|p1b: Pelipper|Hurricane|p2b: Basculegion
|-activate|p2b: Basculegion|move: Protect
|
|-weather|RainDance|[upkeep]
|-end|p1b: Pelipper|move: Yawn|[silent]
|-status|p1b: Pelipper|slp
|upkeep
|turn|7
|
|t:|1785153526
|move|p2b: Basculegion|Liquidation|p1a: Incineroar
|-supereffective|p1a: Incineroar|1
|-damage|p1a: Incineroar|0 fnt
|faint|p1a: Incineroar
|cant|p1b: Pelipper|slp
|move|p2a: Sylveon|Hyper Voice|p1b: Pelipper
|-damage|p1b: Pelipper|2/100 slp
|
|-weather|RainDance|[upkeep]
|-heal|p1b: Pelipper|8/100 slp|[from] item: Leftovers
|upkeep
|
|t:|1785153536
|switch|p1a: Swampert|Swampert-Mega, L50, F|74/100
|turn|8
|
|t:|1785153551
|move|p2a: Sylveon|Detect|p2a: Sylveon
|-singleturn|p2a: Sylveon|Protect
|move|p2b: Basculegion|Aqua Jet|p1b: Pelipper
|-resisted|p1b: Pelipper|1
|-damage|p1b: Pelipper|0 fnt
|faint|p1b: Pelipper
|move|p1a: Swampert|Earthquake|p2a: Sylveon|[spread] p2b
|-activate|p2a: Sylveon|move: Protect
|-damage|p2b: Basculegion|0 fnt
|faint|p2b: Basculegion
|
|-weather|none
|upkeep
|
|t:|1785153556
|switch|p2b: Mamoswine|Mamoswine, L50, F|100/100
|turn|9
|
|t:|1785153571
|move|p2b: Mamoswine|Stomping Tantrum|p1a: Swampert
|-crit|p1a: Swampert
|-damage|p1a: Swampert|0 fnt
|faint|p1a: Swampert
|-damage|p2b: Mamoswine|90/100|[from] item: Life Orb
|
|win|testdigi
||upoiuz is ready for game 2.
||testdigi is ready for game 2.
|uhtml|next|Next: Game 2 of 3
