|j|☆nologrey
|j|‽Boltz916
|html|nologreyBoltz916    
|uhtml|bestof|Game 2 of a best-of-3
|t:|1785897056
|gametype|doubles
|player|p1|nologrey|102|
|player|p2|Boltz916|2|
|gen|9
|tier|[Gen 9 Champions] VGC 2026 Reg M-B (Bo3)
|rule|Species Clause: Limit one of each Pokémon
|rule|Item Clause: Limit 1 of each item
|clearpoke
|poke|p1|Garganacl, L50, M|
|poke|p1|Machamp, L50, M|
|poke|p1|Audino, L50, F|
|poke|p1|Slowbro, L50, M|
|poke|p1|Decidueye-Hisui, L50, M|
|poke|p1|Vileplume, L50, M|
|poke|p2|Staraptor, L50, F|
|poke|p2|Garchomp, L50, F|
|poke|p2|Whimsicott, L50, F|
|poke|p2|Delphox, L50, M|
|poke|p2|Glimmora, L50, M|
|poke|p2|Kingambit, L50, F|
|teampreview|4
|showteam|p1|Garganacl||Leftovers|PurifyingSalt|IronDefense,BodyPress,Protect,SaltCure|Relaxed||M|||50|]Machamp||LifeOrb|NoGuard|DynamicPunch,RockSlide,DrainPunch,BulletPunch|Brave||M|||50|]Audino||SilkScarf|Regenerator|TrickRoom,Protect,LifeDew,HyperVoice|Quiet||F|||50|]Slowbro||BrightPowder|Regenerator|BodyPress,IronDefense,SlackOff,HealPulse|Sassy||M|||50|]Decidueye-Hisui||FocusSash|Scrappy|TripleArrows,LeafBlade,Protect,SuckerPunch|Brave||M|||50|]Vileplume||MentalHerb|EffectSpore|Protect,Toxic,StrengthSap,LeechSeed|Quiet||M|||50|
|showteam|p2|Staraptor||Staraptite|Intimidate|Protect,Roost,CloseCombat,BraveBird|Jolly||F|||50|]Garchomp||LifeOrb|RoughSkin|Protect,RockSlide,Earthquake,DragonClaw|Jolly||F|||50|]Whimsicott||OccaBerry|Prankster|Moonblast,Tailwind,Charm,LightScreen|Timid||F|||50|]Delphox||Delphoxite|Blaze|Protect,Psychic,HeatWave,Substitute|Modest||M|||50|]Glimmora||FocusSash|ToxicDebris|SpikyShield,EarthPower,PowerGem,SludgeBomb|Timid||M|||50|]Kingambit||ChopleBerry|Defiant|KowtowCleave,IronHead,SuckerPunch,LowKick|Adamant||F|||50|
|
|t:|1785897078
|teamsize|p1|4
|teamsize|p2|4
|start
|switch|p1a: Audino|Audino, L50, F|100/100
|switch|p1b: Slowbro|Slowbro, L50, M|100/100
|switch|p2a: Delphox|Delphox, L50, M|100/100
|switch|p2b: Whimsicott|Whimsicott, L50, F|100/100
|turn|1
|
|t:|1785897113
|detailschange|p2a: Delphox|Delphox-Mega, L50, M
|-mega|p2a: Delphox|Delphox|Delphoxite
|move|p2b: Whimsicott|Light Screen|p2b: Whimsicott
|-sidestart|p2: Boltz916|move: Light Screen
|move|p2a: Delphox|Heat Wave|p1a: Audino|[spread] p1a,p1b
|-resisted|p1b: Slowbro|1
|-damage|p1a: Audino|61/100
|-damage|p1b: Slowbro|76/100
|move|p1b: Slowbro|Iron Defense|p1b: Slowbro
|-boost|p1b: Slowbro|def|2
|move|p1a: Audino|Trick Room|p1a: Audino
|-fieldstart|move: Trick Room|[of] p1a: Audino
|
|upkeep
|turn|2
|
|t:|1785897158
|switch|p2b: Garchomp|Garchomp, L50, F|100/100
|move|p1b: Slowbro|Iron Defense|p1b: Slowbro
|-boost|p1b: Slowbro|def|2
|move|p1a: Audino|Life Dew|p1a: Audino|[spread] p1a,p1b
|-heal|p1a: Audino|86/100
|-heal|p1b: Slowbro|100/100
|move|p2a: Delphox|Psychic|p1a: Audino
|-damage|p1a: Audino|39/100
|
|upkeep
|turn|3
|
|t:|1785897188
|move|p1b: Slowbro|Body Press|p2a: Delphox
|-resisted|p2a: Delphox|1
|-damage|p2a: Delphox|39/100
|move|p1a: Audino|Hyper Voice|p2b: Garchomp|[spread] p2a,p2b
|-damage|p2a: Delphox|26/100
|-damage|p2b: Garchomp|85/100
|move|p2b: Garchomp|Rock Slide|p1a: Audino|[spread] 
|-miss|p2b: Garchomp|p1a: Audino
|-miss|p2b: Garchomp|p1b: Slowbro
|move|p2a: Delphox|Heat Wave|p1b: Slowbro|[spread] p1a,p1b
|-resisted|p1b: Slowbro|1
|-damage|p1a: Audino|0 fnt
|-damage|p1b: Slowbro|76/100
|faint|p1a: Audino
|
|upkeep
|
|t:|1785897204
|switch|p1a: Vileplume|Vileplume, L50, M|100/100
|turn|4
|
|t:|1785897223
|move|p1b: Slowbro|Body Press|p2a: Delphox
|-resisted|p2a: Delphox|1
|-damage|p2a: Delphox|0 fnt
|faint|p2a: Delphox
|move|p1a: Vileplume|Strength Sap|p2b: Garchomp
|-unboost|p2b: Garchomp|atk|1
|move|p2b: Garchomp|Rock Slide|p1b: Slowbro|[spread] p1a
|-miss|p2b: Garchomp|p1b: Slowbro
|-damage|p1a: Vileplume|80/100
|-damage|p2b: Garchomp|76/100|[from] item: Life Orb
|
|upkeep
|
|t:|1785897235
|switch|p2a: Glimmora|Glimmora, L50, M|100/100
|turn|5
|
|t:|1785897277
|move|p1b: Slowbro|Iron Defense|p1b: Slowbro
|-boost|p1b: Slowbro|def|2
|move|p1a: Vileplume|Leech Seed|p2a: Glimmora|[miss]
|-miss|p1a: Vileplume|p2a: Glimmora
|move|p2a: Glimmora|Sludge Bomb|p1b: Slowbro
|-damage|p1b: Slowbro|27/100
|move|p2b: Garchomp|Rock Slide|p1b: Slowbro|[spread] p1b
|-miss|p2b: Garchomp|p1a: Vileplume
|-damage|p1b: Slowbro|24/100
|-damage|p2b: Garchomp|66/100|[from] item: Life Orb
|
|-sideend|p2: Boltz916|move: Light Screen
|-fieldend|move: Trick Room
|upkeep
|turn|6
|
|t:|1785897376
|move|p2b: Garchomp|Rock Slide|p1b: Slowbro|[spread] p1a,p1b
|-damage|p1a: Vileplume|60/100
|-damage|p1b: Slowbro|20/100y
|-damage|p2b: Garchomp|56/100|[from] item: Life Orb
|move|p2a: Glimmora|Sludge Bomb|p1b: Slowbro
|-damage|p1b: Slowbro|0 fnt
|faint|p1b: Slowbro
|move|p1a: Vileplume|Toxic|p2b: Garchomp
|-status|p2b: Garchomp|tox
|
|-damage|p2b: Garchomp|50/100g tox|[from] psn
|upkeep
|
|t:|1785897388
|switch|p1b: Garganacl|Garganacl, L50, M|100/100
|turn|7
|
|t:|1785897407
|move|p2b: Garchomp|Rock Slide|p1a: Vileplume|[spread] p1a,p1b
|-damage|p1a: Vileplume|42/100
|-damage|p1b: Garganacl|89/100
|-damage|p2b: Garchomp|41/100 tox|[from] item: Life Orb
|move|p2a: Glimmora|Earth Power|p1b: Garganacl
|-supereffective|p1b: Garganacl|1
|-crit|p1b: Garganacl
|-damage|p1b: Garganacl|18/100
|move|p1a: Vileplume|Strength Sap|p2b: Garchomp
|-unboost|p2b: Garchomp|atk|1
|-heal|p1a: Vileplume|100/100
|move|p1b: Garganacl|Iron Defense|p1b: Garganacl
|-boost|p1b: Garganacl|def|2
|
|-heal|p1b: Garganacl|24/100|[from] item: Leftovers
|-damage|p2b: Garchomp|29/100 tox|[from] psn
|upkeep
|turn|8
|
|t:|1785897447
|move|p1b: Garganacl|Protect|p1b: Garganacl
|-singleturn|p1b: Garganacl|Protect
|move|p2b: Garchomp|Rock Slide|p1b: Garganacl|[spread] p1a
|-activate|p1b: Garganacl|move: Protect
|-damage|p1a: Vileplume|85/100
|-damage|p2b: Garchomp|19/100 tox|[from] item: Life Orb
|move|p2a: Glimmora|Earth Power|p1b: Garganacl
|-activate|p1b: Garganacl|move: Protect
|move|p1a: Vileplume|Leech Seed|p2a: Glimmora|[miss]
|-miss|p1a: Vileplume|p2a: Glimmora
|
|-heal|p1b: Garganacl|29/100|[from] item: Leftovers
|-damage|p2b: Garchomp|1/100 tox|[from] psn
|upkeep
|turn|9
|
|t:|1785897475
|move|p1b: Garganacl|Protect||[still]
|-fail|p1b: Garganacl
|move|p2b: Garchomp|Rock Slide|p1b: Garganacl|[spread] p1a,p1b
|-damage|p1a: Vileplume|71/100
|-damage|p1b: Garganacl|26/100
|-damage|p2b: Garchomp|0 fnt|[from] item: Life Orb
|faint|p2b: Garchomp
|move|p2a: Glimmora|Earth Power|p1b: Garganacl
|-supereffective|p1b: Garganacl|1
|-damage|p1b: Garganacl|0 fnt
|faint|p1b: Garganacl
|move|p1a: Vileplume|Leech Seed|p2a: Glimmora
|-start|p2a: Glimmora|move: Leech Seed
|
|-damage|p2a: Glimmora|87/100|[from] Leech Seed|[of] p1a: Vileplume
|-heal|p1a: Vileplume|82/100|[silent]
|upkeep
|
|t:|1785897489
|switch|p2b: Whimsicott|Whimsicott, L50, F|100/100
|turn|10
|
|t:|1785897513
|move|p2b: Whimsicott|Moonblast|p1a: Vileplume
|-resisted|p1a: Vileplume|1
|-damage|p1a: Vileplume|61/100
|move|p2a: Glimmora|Earth Power|p1a: Vileplume
|-damage|p1a: Vileplume|26/100
|move|p1a: Vileplume|Toxic|p2b: Whimsicott
|-status|p2b: Whimsicott|tox
|
|-damage|p2a: Glimmora|75/100|[from] Leech Seed|[of] p1a: Vileplume
|-heal|p1a: Vileplume|37/100|[silent]
|-damage|p2b: Whimsicott|94/100 tox|[from] psn
|upkeep
|turn|11
|
|t:|1785897536
|move|p1a: Vileplume|Protect|p1a: Vileplume
|-singleturn|p1a: Vileplume|Protect
|move|p2b: Whimsicott|Charm|p2a: Glimmora
|-unboost|p2a: Glimmora|atk|2
|move|p2a: Glimmora|Earth Power|p1a: Vileplume
|-activate|p1a: Vileplume|move: Protect
|
|-damage|p2a: Glimmora|62/100|[from] Leech Seed|[of] p1a: Vileplume
|-heal|p1a: Vileplume|48/100|[silent]
|-damage|p2b: Whimsicott|82/100 tox|[from] psn
|upkeep
|turn|12
|
|t:|1785897579
|move|p1a: Vileplume|Protect|p1a: Vileplume
|-singleturn|p1a: Vileplume|Protect
|move|p2b: Whimsicott|Moonblast|p1a: Vileplume
|-activate|p1a: Vileplume|move: Protect
|move|p2a: Glimmora|Earth Power|p1a: Vileplume
|-activate|p1a: Vileplume|move: Protect
|
|-damage|p2a: Glimmora|50/100y|[from] Leech Seed|[of] p1a: Vileplume
|-heal|p1a: Vileplume|59/100|[silent]
|-damage|p2b: Whimsicott|64/100 tox|[from] psn
|upkeep
|turn|13
|
|t:|1785897595
|move|p2b: Whimsicott|Moonblast|p1a: Vileplume
|-resisted|p1a: Vileplume|1
|-damage|p1a: Vileplume|39/100
|move|p2a: Glimmora|Earth Power|p1a: Vileplume
|-damage|p1a: Vileplume|7/100
|move|p1a: Vileplume|Strength Sap|p2b: Whimsicott
|-unboost|p2b: Whimsicott|atk|1
|-heal|p1a: Vileplume|50/100g
|
|-damage|p2a: Glimmora|37/100|[from] Leech Seed|[of] p1a: Vileplume
|-heal|p1a: Vileplume|61/100|[silent]
|-damage|p2b: Whimsicott|41/100 tox|[from] psn
|upkeep
|turn|14
|
|t:|1785897616
|move|p1a: Vileplume|Protect|p1a: Vileplume
|-singleturn|p1a: Vileplume|Protect
|move|p2b: Whimsicott|Moonblast|p1a: Vileplume
|-activate|p1a: Vileplume|move: Protect
|move|p2a: Glimmora|Earth Power|p1a: Vileplume
|-activate|p1a: Vileplume|move: Protect
|
|-damage|p2a: Glimmora|25/100|[from] Leech Seed|[of] p1a: Vileplume
|-heal|p1a: Vileplume|72/100|[silent]
|-damage|p2b: Whimsicott|12/100 tox|[from] psn
|upkeep
|turn|15
|
|t:|1785897634
|move|p2b: Whimsicott|Moonblast|p1a: Vileplume
|-resisted|p1a: Vileplume|1
|-damage|p1a: Vileplume|53/100
|move|p2a: Glimmora|Earth Power|p1a: Vileplume
|-crit|p1a: Vileplume
|-damage|p1a: Vileplume|1/100
|move|p1a: Vileplume|Strength Sap|p2b: Whimsicott
|-unboost|p2b: Whimsicott|atk|1
|-heal|p1a: Vileplume|30/100
|
|-damage|p2a: Glimmora|12/100|[from] Leech Seed|[of] p1a: Vileplume
|-heal|p1a: Vileplume|41/100|[silent]
|-damage|p2b: Whimsicott|0 fnt|[from] psn
|faint|p2b: Whimsicott
|upkeep
|turn|16
|
|t:|1785897667
|move|p2a: Glimmora|Spiky Shield|p2a: Glimmora
|-singleturn|p2a: Glimmora|move: Protect
|move|p1a: Vileplume|Protect||[still]
|-fail|p1a: Vileplume
|
|-damage|p2a: Glimmora|0 fnt|[from] Leech Seed|[of] p1a: Vileplume
|-heal|p1a: Vileplume|52/100|[silent]
|faint|p2a: Glimmora
|
|win|nologrey
|inactive|nologrey has 30 seconds to confirm battle start!
|inactive|Boltz916 has 30 seconds to confirm battle start!
