|j|☆Rodolfus
|j|☆rooofe
|html|Rodolfusrooofe    
|uhtml|bestof|Game 3 of a best-of-3
|t:|1786050838
|gametype|doubles
|player|p1|Rodolfus|102|
|player|p2|rooofe|1|
|gen|9
|tier|[Gen 9 Champions] VGC 2026 Reg M-B (Bo3)
|rule|Species Clause: Limit one of each Pokémon
|rule|Item Clause: Limit 1 of each item
|clearpoke
|poke|p1|Swampert, L50, M|
|poke|p1|Pelipper, L50, M|
|poke|p1|Talonflame, L50, M|
|poke|p1|Pinsir, L50, M|
|poke|p1|Hydreigon, L50, M|
|poke|p1|Archaludon, L50, M|
|poke|p2|Sceptile, L50, M|
|poke|p2|Basculegion, L50, M|
|poke|p2|Aerodactyl, L50, M|
|poke|p2|Rotom-Heat, L50|
|poke|p2|Zoroark-Hisui, L50, M|
|poke|p2|Hippowdon, L50, F|
|teampreview|4
|showteam|p1|Swampert||Swampertite|Torrent|Liquidation,Earthquake,RockSlide,Protect|Adamant||M|||50|]Pelipper||FocusSash|Drizzle|Surf,Hurricane,Protect,Tailwind|Serious||M|||50|]Talonflame||LifeOrb|GaleWings|Tailwind,Protect,FlareBlitz,BraveBird|Adamant||M|||50|]Pinsir||Pinsirite|HyperCutter|RockSlide,BodySlam,Protect,Lunge|Jolly||M|||50|]Hydreigon||ChoiceScarf|Levitate|DracoMeteor,DarkPulse,Flamethrower,FocusBlast|Modest||M|||50|]Archaludon||Leftovers|Stamina|FlashCannon,Protect,ElectroShot,DracoMeteor|Modest||M|||50|
|showteam|p2|Sceptile||Sceptilite|Overgrow|GrassKnot,DragonPulse,EarthPower,Detect|Timid||M|||50|]Basculegion||SitrusBerry|SwiftSwim|LastRespects,WaveCrash,Protect,AquaJet|Hasty||M|||50|]Aerodactyl||FocusSash|Unnerve|RockSlide,DualWingbeat,Tailwind,Protect|Jolly||M|||50|]Rotom-Heat||ChoiceScarf|Levitate|Overheat,Thunderbolt,VoltSwitch,Discharge|Timid|||||50|]Zoroark-Hisui||Leftovers|Illusion|ShadowBall,DarkPulse,ConfuseRay,Detect|Timid||M|||50|]Hippowdon||LifeOrb|SandStream|HighHorsepower,RockSlide,Protect,Yawn|Careful||F|||50|
|
|t:|1786050886
|teamsize|p1|4
|teamsize|p2|4
|start
|switch|p1a: Hydreigon|Hydreigon, L50, M|100/100
|switch|p1b: Swampert|Swampert, L50, M|100/100
|switch|p2a: Hippowdon|Hippowdon, L50, F|100/100
|switch|p2b: Aerodactyl|Aerodactyl, L50, M|100/100
|-ability|p2b: Aerodactyl|Unnerve
|-weather|Sandstorm|[from] ability: Sand Stream|[of] p2a: Hippowdon
|turn|1
|
|t:|1786050911
|switch|p1a: Pelipper|Pelipper, L50, M|100/100
|-weather|RainDance|[from] ability: Drizzle|[of] p1a: Pelipper
|detailschange|p1b: Swampert|Swampert-Mega, L50, M
|-mega|p1b: Swampert|Swampert|Swampertite
|move|p2a: Hippowdon|Protect|p2a: Hippowdon
|-singleturn|p2a: Hippowdon|Protect
|move|p1b: Swampert|Liquidation|p2a: Hippowdon
|-activate|p2a: Hippowdon|move: Protect
|move|p2b: Aerodactyl|Tailwind|p2b: Aerodactyl
|-sidestart|p2: rooofe|move: Tailwind
|
|-weather|RainDance|[upkeep]
|upkeep
|turn|2
|
|t:|1786050983
|switch|p2b: Sceptile|Sceptile, L50, M|100/100
|switch|p2a: Basculegion|Basculegion, L50, M|100/100
|switch|p1a: Archaludon|Archaludon, L50, M|100/100
|move|p1b: Swampert|Liquidation|p2a: Basculegion
|-resisted|p2a: Basculegion|1
|-damage|p2a: Basculegion|36/100
|-enditem|p2a: Basculegion|Sitrus Berry|[eat]
|-heal|p2a: Basculegion|61/100|[from] item: Sitrus Berry
|
|-weather|RainDance|[upkeep]
|upkeep
|turn|3
|
|t:|1786051040
|switch|p2a: Hippowdon|Hippowdon, L50, F|100/100
|-weather|Sandstorm|[from] ability: Sand Stream|[of] p2a: Hippowdon
|detailschange|p2b: Sceptile|Sceptile-Mega, L50, M
|-mega|p2b: Sceptile|Sceptile|Sceptilite
|move|p1b: Swampert|Protect|p1b: Swampert
|-singleturn|p1b: Swampert|Protect
|move|p2b: Sceptile|Grass Knot|p1b: Swampert
|-activate|p1b: Swampert|move: Protect
|move|p1a: Archaludon|Draco Meteor|p2b: Sceptile
|-supereffective|p2b: Sceptile|1
|-damage|p2b: Sceptile|0 fnt
|-unboost|p1a: Archaludon|spa|2
|faint|p2b: Sceptile
|
|-weather|Sandstorm|[upkeep]
|upkeep
|
|t:|1786051063
|switch|p2b: Basculegion|Basculegion, L50, M|61/100
|turn|4
|
|t:|1786051078
|switch|p1a: Pelipper|Pelipper, L50, M|100/100
|-weather|RainDance|[from] ability: Drizzle|[of] p1a: Pelipper
|move|p2b: Basculegion|Last Respects|p1b: Swampert
|-damage|p1b: Swampert|57/100
|move|p1b: Swampert|Earthquake|p2b: Basculegion|[spread] p2a,p2b
|-immune|p1a: Pelipper
|-damage|p2a: Hippowdon|58/100
|-damage|p2b: Basculegion|0 fnt
|faint|p2b: Basculegion
|move|p2a: Hippowdon|High Horsepower|p1a: Pelipper
|-immune|p1a: Pelipper
|
|-weather|RainDance|[upkeep]
|-sideend|p2: rooofe|move: Tailwind
|upkeep
|
|t:|1786051093
|switch|p2b: Aerodactyl|Aerodactyl, L50, M|100/100
|-ability|p2b: Aerodactyl|Unnerve
|turn|5
|
|t:|1786051121
|move|p2a: Hippowdon|Protect|p2a: Hippowdon
|-singleturn|p2a: Hippowdon|Protect
|move|p1b: Swampert|Liquidation|p2a: Hippowdon
|-activate|p2a: Hippowdon|move: Protect
|move|p2b: Aerodactyl|Rock Slide|p1b: Swampert|[spread] p1a,p1b
|-supereffective|p1a: Pelipper|1
|-resisted|p1b: Swampert|1
|-damage|p1a: Pelipper|42/100
|-damage|p1b: Swampert|45/100
|move|p1a: Pelipper|Surf|p2b: Aerodactyl|[spread] p1b,p2b
|-activate|p2a: Hippowdon|move: Protect
|-supereffective|p2b: Aerodactyl|1
|-damage|p1b: Swampert|11/100
|-enditem|p2b: Aerodactyl|Focus Sash
|-damage|p2b: Aerodactyl|1/100
|
|-weather|RainDance|[upkeep]
|upkeep
|turn|6
|
|t:|1786051148
|move|p1b: Swampert|Liquidation|p2a: Hippowdon
|-supereffective|p2a: Hippowdon|1
|-crit|p2a: Hippowdon
|-damage|p2a: Hippowdon|0 fnt
|faint|p2a: Hippowdon
|move|p2b: Aerodactyl|Rock Slide|p1b: Swampert|[spread] p1a,p1b
|-supereffective|p1a: Pelipper|1
|-resisted|p1b: Swampert|1
|-damage|p1a: Pelipper|0 fnt
|-damage|p1b: Swampert|0 fnt
|faint|p1a: Pelipper
|faint|p1b: Swampert
|
|-weather|RainDance|[upkeep]
|upkeep
|
|t:|1786051161
|switch|p1b: Hydreigon|Hydreigon, L50, M|100/100
|switch|p1a: Archaludon|Archaludon, L50, M|100/100
|turn|7
|
|t:|1786051173
|move|p1b: Hydreigon|Dark Pulse|p2b: Aerodactyl
|-damage|p2b: Aerodactyl|0 fnt
|faint|p2b: Aerodactyl
|
|win|Rodolfus
