|j|☆Traindelpivgc
|j|☆DCallsD
|html|TraindelpivgcDCallsD    
|uhtml|bestof|Game 2 of a best-of-3
|t:|1756383563
|gametype|doubles
|player|p1|Traindelpivgc|hilbert-wonderlauncher|1158
|player|p2|DCallsD|acetrainercouple|1179
|gen|9
|tier|[Gen 9] VGC 2025 Reg H (Bo3)
|rated|
|rule|Species Clause: Limit one of each Pokémon
|rule|Item Clause: Limit 1 of each item
|clearpoke
|poke|p1|Incineroar, L50, F|
|poke|p1|Amoonguss, L50, M|
|poke|p1|Ursaluna-Bloodmoon, L50, M|
|poke|p1|Sneasler, L50, M|
|poke|p1|Gholdengo, L50|
|poke|p1|Dragonite, L50, M|
|poke|p2|Kingambit, L50, M|
|poke|p2|Sneasler, L50, F|
|poke|p2|Magmar, L50, M|
|poke|p2|Rillaboom, L50, M|
|poke|p2|Primarina, L50, F|
|poke|p2|Salamence, L50, M|
|teampreview|4
|showteam|p1|Incineroar||SafetyGoggles|Intimidate|FlareBlitz,KnockOff,PartingShot,FakeOut|||F|||50|,,,,,Ghost]Amoonguss||SitrusBerry|Regenerator|Spore,RagePowder,PollenPuff,Protect|||M|||50|,,,,,Psychic]Ursaluna-Bloodmoon||AssaultVest|MindsEye|HyperVoice,BloodMoon,EarthPower,VacuumWave|||M|||50|,,,,,Water]Sneasler||FocusSash|Unburden|CloseCombat,DireClaw,ThroatChop,Protect|||M|||50|,,,,,Stellar]Gholdengo||LifeOrb|GoodasGold|MakeItRain,ShadowBall,NastyPlot,Protect||||||50|,,,,,Water]Dragonite||LoadedDice|Multiscale|ScaleShot,Tailwind,Haze,Protect|||M|||50|,,,,,Fairy
|showteam|p2|Kingambit||BlackGlasses|Defiant|Protect,SuckerPunch,SwordsDance,KowtowCleave|||M|||50|,,,,,Ghost]Sneasler||FocusSash|Unburden|Protect,FakeOut,DireClaw,CloseCombat|||F|||50|,,,,,Stellar]Magmar||Eviolite|VitalSpirit|Protect,Overheat,FollowMe,WillOWisp|||M|||50|,,,,,Ghost]Rillaboom||AssaultVest|GrassySurge|FakeOut,GrassyGlide,WoodHammer,HighHorsepower|||M|||50|,,,,,Fire]Primarina||SitrusBerry|LiquidVoice|Haze,Protect,Moonblast,HyperVoice|||F|||50|,,,,,Poison]Salamence||SafetyGoggles|Intimidate|Protect,Tailwind,DracoMeteor,DualWingbeat|||M|||50|,,,,,Steel
|inactive|Battle timer is ON: inactive players will automatically lose when time's up. (requested by DCallsD)
|
|t:|1756383586
|teamsize|p1|4
|teamsize|p2|4
|start
|switch|p1a: Sneasler|Sneasler, L50, M|100/100
|switch|p1b: Dragonite|Dragonite, L50, M|100/100
|switch|p2a: Magmar|Magmar, L50, M|100/100
|switch|p2b: Kingambit|Kingambit, L50, M, shiny|100/100
|turn|1
|inactive|Traindelpivgc has 30 seconds left.
|
|t:|1756383614
|switch|p1a: Incineroar|Incineroar, L50, F|100/100
|-ability|p1a: Incineroar|Intimidate|boost
|-unboost|p2a: Magmar|atk|1
|-unboost|p2b: Kingambit|atk|1
|-ability|p2b: Kingambit|Defiant|boost
|-boost|p2b: Kingambit|atk|2
|switch|p2b: Salamence|Salamence, L50, M|100/100
|-ability|p2b: Salamence|Intimidate|boost
|-unboost|p1a: Incineroar|atk|1
|-unboost|p1b: Dragonite|atk|1
|move|p1b: Dragonite|Scale Shot|p2a: Magmar
|-damage|p2a: Magmar|92/100
|-damage|p2a: Magmar|83/100
|-damage|p2a: Magmar|74/100
|-damage|p2a: Magmar|66/100
|-hitcount|p2a: Magmar|4
|-unboost|p1b: Dragonite|def|1
|-boost|p1b: Dragonite|spe|1
|move|p2a: Magmar|Will-O-Wisp|p1b: Dragonite
|-status|p1b: Dragonite|brn
|
|-damage|p1b: Dragonite|95/100 brn|[from] brn
|upkeep
|turn|2
|inactive|Traindelpivgc has 30 seconds left.
|inactive|DCallsD has 30 seconds left.
|inactive|Traindelpivgc has 20 seconds left.
|
|t:|1756383651
|switch|p2a: Primarina|Primarina, L50, F, shiny|100/100
|move|p1b: Dragonite|Tailwind|p1b: Dragonite
|-sidestart|p1: Traindelpivgc|move: Tailwind
|move|p1a: Incineroar|Parting Shot|p2b: Salamence
|-unboost|p2b: Salamence|atk|1
|-unboost|p2b: Salamence|spa|1
|
|t:|1756383661
|switch|p1a: Gholdengo|Gholdengo, L50|100/100|[from] Parting Shot
|move|p2b: Salamence|Tailwind|p2b: Salamence
|-sidestart|p2: DCallsD|move: Tailwind
|
|-damage|p1b: Dragonite|89/100 brn|[from] brn
|upkeep
|turn|3
|
|t:|1756383679
|switch|p1b: Incineroar|Incineroar, L50, F|100/100
|-ability|p1b: Incineroar|Intimidate|boost
|-unboost|p2a: Primarina|atk|1
|-unboost|p2b: Salamence|atk|1
|switch|p2b: Kingambit|Kingambit, L50, M, shiny|100/100
|move|p1a: Gholdengo|Nasty Plot|p1a: Gholdengo
|-boost|p1a: Gholdengo|spa|2
|move|p2a: Primarina|Hyper Voice|p1a: Gholdengo|[spread] p1a,p1b
|-supereffective|p1b: Incineroar
|-damage|p1a: Gholdengo|68/100
|-damage|p1b: Incineroar|50/100
|
|upkeep
|turn|4
|inactive|Traindelpivgc has 30 seconds left.
|
|t:|1756383712
|-terastallize|p1a: Gholdengo|Water
|move|p1b: Incineroar|Fake Out|p2b: Kingambit
|-resisted|p2b: Kingambit
|-damage|p2b: Kingambit|96/100
|cant|p2b: Kingambit|flinch
|move|p1a: Gholdengo|Make It Rain|p2b: Kingambit|[spread] p2a,p2b
|-resisted|p2b: Kingambit
|-damage|p2a: Primarina|0 fnt
|-damage|p2b: Kingambit|43/100
|-unboost|p1a: Gholdengo|spa|1
|faint|p2a: Primarina
|-damage|p1a: Gholdengo|59/100|[from] item: Life Orb
|
|upkeep
|
|t:|1756383726
|switch|p2a: Salamence|Salamence, L50, M|100/100
|-ability|p2a: Salamence|Intimidate|boost
|-unboost|p1a: Gholdengo|atk|1
|-unboost|p1b: Incineroar|atk|1
|turn|5
|inactive|DCallsD has 30 seconds left.
|inactive|DCallsD has 20 seconds left.
|
|t:|1756383762
|switch|p2b: Magmar|Magmar, L50, M|66/100
|move|p1a: Gholdengo|Protect|p1a: Gholdengo
|-singleturn|p1a: Gholdengo|Protect
|move|p2a: Salamence|Draco Meteor|p1a: Gholdengo
|-activate|p1a: Gholdengo|move: Protect
|move|p1b: Incineroar|Parting Shot|p2a: Salamence
|-unboost|p2a: Salamence|atk|1
|-unboost|p2a: Salamence|spa|1
|inactive|Traindelpivgc has 30 seconds left.
|
|t:|1756383791
|switch|p1b: Dragonite|Dragonite, L50, M|89/100 brn|[from] Parting Shot
|
|-damage|p1b: Dragonite|83/100 brn|[from] brn
|-sideend|p1: Traindelpivgc|move: Tailwind
|-sideend|p2: DCallsD|move: Tailwind
|upkeep
|turn|6
|
|t:|1756383809
|move|p2a: Salamence|Draco Meteor|p1a: Gholdengo
|-damage|p1a: Gholdengo|19/100
|-unboost|p2a: Salamence|spa|2
|move|p1a: Gholdengo|Shadow Ball|p2a: Salamence
|-damage|p2a: Salamence|11/100
|-damage|p1a: Gholdengo|10/100|[from] item: Life Orb
|move|p1b: Dragonite|Tailwind|p1b: Dragonite
|-sidestart|p1: Traindelpivgc|move: Tailwind
|move|p2b: Magmar|Overheat|p1a: Gholdengo
|-resisted|p1a: Gholdengo
|-damage|p1a: Gholdengo|0 fnt
|-unboost|p2b: Magmar|spa|2
|faint|p1a: Gholdengo
|
|-damage|p1b: Dragonite|77/100 brn|[from] brn
|upkeep
|inactive|Traindelpivgc has 30 seconds left.
|
|t:|1756383842
|switch|p1a: Incineroar|Incineroar, L50, F|50/100
|-ability|p1a: Incineroar|Intimidate|boost
|-unboost|p2a: Salamence|atk|1
|-unboost|p2b: Magmar|atk|1
|turn|7
|
|t:|1756383859
|move|p2b: Magmar|Protect|p2b: Magmar
|-singleturn|p2b: Magmar|Protect
|move|p1b: Dragonite|Scale Shot|p2a: Salamence
|-supereffective|p2a: Salamence
|-damage|p2a: Salamence|0 fnt
|faint|p2a: Salamence
|-hitcount|p2: Salamence|1
|-unboost|p1b: Dragonite|def|1
|-boost|p1b: Dragonite|spe|1
|move|p1a: Incineroar|Knock Off|p2b: Magmar
|-activate|p2b: Magmar|move: Protect
|
|-damage|p1b: Dragonite|71/100 brn|[from] brn
|upkeep
|
|t:|1756383862
|switch|p2a: Kingambit|Kingambit, L50, M, shiny|43/100
|turn|8
|inactive|DCallsD has 30 seconds left.
|inactive|DCallsD has 20 seconds left.
|
|t:|1756383898
|move|p1b: Dragonite|Protect|p1b: Dragonite
|-singleturn|p1b: Dragonite|Protect
|move|p2b: Magmar|Follow Me|p2b: Magmar
|-singleturn|p2b: Magmar|move: Follow Me
|move|p1a: Incineroar|Knock Off|p2b: Magmar
|-damage|p2b: Magmar|31/100
|-enditem|p2b: Magmar|Eviolite|[from] move: Knock Off|[of] p1a: Incineroar
|move|p2a: Kingambit|Kowtow Cleave|p1a: Incineroar
|-resisted|p1a: Incineroar
|-damage|p1a: Incineroar|24/100
|
|-damage|p1b: Dragonite|65/100 brn|[from] brn
|upkeep
|turn|9
|inactive|DCallsD has 30 seconds left.
|inactive|Traindelpivgc has 30 seconds left.
|
|t:|1756383935
|switch|p1b: Sneasler|Sneasler, L50, M|100/100
|move|p2b: Magmar|Protect|p2b: Magmar
|-singleturn|p2b: Magmar|Protect
|move|p1a: Incineroar|Parting Shot|p2b: Magmar
|-activate|p2b: Magmar|move: Protect
|move|p2a: Kingambit|Kowtow Cleave|p1a: Incineroar
|-resisted|p1a: Incineroar
|-damage|p1a: Incineroar|0 fnt
|faint|p1a: Incineroar
|
|-sideend|p1: Traindelpivgc|move: Tailwind
|upkeep
|
|t:|1756383946
|switch|p1a: Dragonite|Dragonite, L50, M|65/100 brn
|turn|10
|
|t:|1756383967
|move|p1b: Sneasler|Protect|p1b: Sneasler
|-singleturn|p1b: Sneasler|Protect
|move|p2b: Magmar|Follow Me|p2b: Magmar
|-singleturn|p2b: Magmar|move: Follow Me
|move|p1a: Dragonite|Scale Shot|p2b: Magmar
|-crit|p2b: Magmar
|-damage|p2b: Magmar|19/100
|-damage|p2b: Magmar|10/100
|-damage|p2b: Magmar|1/100
|-damage|p2b: Magmar|0 fnt
|faint|p2b: Magmar
|-hitcount|p2: Magmar|4
|-unboost|p1a: Dragonite|def|1
|-boost|p1a: Dragonite|spe|1
|move|p2a: Kingambit|Kowtow Cleave|p1b: Sneasler
|-activate|p1b: Sneasler|move: Protect
|
|-damage|p1a: Dragonite|59/100 brn|[from] brn
|upkeep
|turn|11
|-message|DCallsD forfeited.
|
|win|Traindelpivgc
|raw|Traindelpivgc's rating: 1158 → 1185(+27 for winning)
|raw|DCallsD's rating: 1179 → 1152(-27 for losing)
|l|☆DCallsD
|player|p2|
