|j|☆chefbenboyrd
|j|☆mega sneasler real
|html|chefbenboyrdmega sneasler real    
|uhtml|bestof|Game 1 of a best-of-3
|t:|1757022382
|gametype|doubles
|player|p1|chefbenboyrd|brawly|1157
|player|p2|mega sneasler real|palmer|1142
|gen|9
|tier|[Gen 9] VGC 2025 Reg H (Bo3)
|rated|
|rule|Species Clause: Limit one of each Pokémon
|rule|Item Clause: Limit 1 of each item
|clearpoke
|poke|p1|Whimsicott, L50, F|
|poke|p1|Hydreigon, L50, F|
|poke|p1|Incineroar, L50, F|
|poke|p1|Gholdengo, L50|
|poke|p1|Annihilape, L50, F|
|poke|p1|Basculegion, L50, M|
|poke|p2|Sneasler, L50, F|
|poke|p2|Rillaboom, L50, M|
|poke|p2|Ninetales-Alola, L50, M|
|poke|p2|Incineroar, L50, M|
|poke|p2|Kingambit, L50, F|
|poke|p2|Magmar, L50, M|
|teampreview|4
|showteam|p1|Whimsicott||FocusSash|Prankster|SunnyDay,Encore,Tailwind,Moonblast|||F|||50|,,,,,Ghost]Hydreigon||ChoiceSpecs|Levitate|HeatWave,DracoMeteor,Snarl,DarkPulse|||F|||50|,,,,,Fire]Incineroar||SafetyGoggles|Intimidate|KnockOff,FakeOut,PartingShot,FlareBlitz|||F|||50|,,,,,Ghost]Gholdengo||LifeOrb|GoodasGold|Protect,MakeItRain,ShadowBall,NastyPlot||||||50|,,,,,Water]Annihilape||SitrusBerry|Defiant|Protect,Taunt,RageFist,DrainPunch|||F|||50|,,,,,Fire]Basculegion||ChoiceScarf|Adaptability|LastRespects,WaveCrash,AquaJet,FlipTurn|||M|||50|,,,,,Water
|showteam|p2|Sneasler||GrassySeed|Unburden|Acrobatics,CloseCombat,SwordsDance,Protect|||F|||50|,,,,,Flying]Rillaboom||AssaultVest|GrassySurge|WoodHammer,GrassyGlide,Uturn,FakeOut|||M|||50|,,,,,Ghost]Ninetales-Alola||FocusSash|SnowWarning|Encore,AuroraVeil,Blizzard,Protect|||M|||50|,,,,,Ghost]Incineroar||SafetyGoggles|Intimidate|FakeOut,KnockOff,FlareBlitz,PartingShot|||M|||50|,,,,,Ghost]Kingambit||BlackGlasses|Defiant|SuckerPunch,KowtowCleave,SwordsDance,Protect|||F|||50|,,,,,Dark]Magmar||Eviolite|VitalSpirit|HeatWave,WillOWisp,FollowMe,Protect|||M|||50|,,,,,Ghost
|
|t:|1757022432
|teamsize|p1|4
|teamsize|p2|4
|start
|switch|p1a: Whimsicott|Whimsicott, L50, F|100/100
|switch|p1b: Hydreigon|Hydreigon, L50, F|100/100
|switch|p2a: Sneasler|Sneasler, L50, F|100/100
|switch|p2b: Rillaboom|Rillaboom, L50, M|100/100
|-fieldstart|move: Grassy Terrain|[from] ability: Grassy Surge|[of] p2b: Rillaboom
|-enditem|p2a: Sneasler|Grassy Seed
|-boost|p2a: Sneasler|def|1|[from] item: Grassy Seed
|turn|1
|inactive|Battle timer is ON: inactive players will automatically lose when time's up. (requested by chefbenboyrd)
|
|t:|1757022458
|switch|p1b: Incineroar|Incineroar, L50, F|100/100
|-ability|p1b: Incineroar|Intimidate|boost
|-unboost|p2a: Sneasler|atk|1
|-unboost|p2b: Rillaboom|atk|1
|-terastallize|p1a: Whimsicott|Ghost
|move|p2b: Rillaboom|Fake Out|p1a: Whimsicott
|-immune|p1a: Whimsicott
|move|p1a: Whimsicott|Tailwind|p1a: Whimsicott
|-sidestart|p1: chefbenboyrd|move: Tailwind
|move|p2a: Sneasler|Acrobatics|p1a: Whimsicott
|-damage|p1a: Whimsicott|61/100
|
|-heal|p1a: Whimsicott|67/100|[from] Grassy Terrain
|upkeep
|turn|2
|
|t:|1757022483
|switch|p2a: Kingambit|Kingambit, L50, F|100/100
|switch|p2b: Incineroar|Incineroar, L50, M|100/100
|-ability|p2b: Incineroar|Intimidate|boost
|-unboost|p1a: Whimsicott|atk|1
|-unboost|p1b: Incineroar|atk|1
|move|p1a: Whimsicott|Moonblast|p2a: Kingambit
|-damage|p2a: Kingambit|67/100
|move|p1b: Incineroar|Flare Blitz|p2b: Incineroar
|-resisted|p2b: Incineroar
|-damage|p2b: Incineroar|82/100
|-damage|p1b: Incineroar|95/100|[from] Recoil
|
|-heal|p1a: Whimsicott|73/100|[from] Grassy Terrain
|-heal|p1b: Incineroar|100/100|[from] Grassy Terrain
|-heal|p2b: Incineroar|88/100|[from] Grassy Terrain
|-heal|p2a: Kingambit|73/100|[from] Grassy Terrain
|upkeep
|turn|3
|
|t:|1757022507
|switch|p1a: Hydreigon|Hydreigon, L50, F|100/100
|move|p2b: Incineroar|Fake Out|p1b: Incineroar
|-damage|p1b: Incineroar|89/100
|cant|p1b: Incineroar|flinch
|move|p2a: Kingambit|Kowtow Cleave|p1a: Hydreigon
|-resisted|p1a: Hydreigon
|-damage|p1a: Hydreigon|64/100
|
|-heal|p1b: Incineroar|95/100|[from] Grassy Terrain
|-heal|p2b: Incineroar|94/100|[from] Grassy Terrain
|-heal|p2a: Kingambit|80/100|[from] Grassy Terrain
|upkeep
|turn|4
|
|t:|1757022523
|move|p2a: Kingambit|Protect|p2a: Kingambit
|-singleturn|p2a: Kingambit|Protect
|move|p1a: Hydreigon|Heat Wave|p2a: Kingambit|[spread] p2b
|-activate|p2a: Kingambit|move: Protect
|-resisted|p2b: Incineroar
|-damage|p2b: Incineroar|74/100
|move|p1b: Incineroar|Flare Blitz|p2a: Kingambit
|-activate|p2a: Kingambit|move: Protect
|move|p2b: Incineroar|Parting Shot|p1a: Hydreigon
|-unboost|p1a: Hydreigon|atk|1
|-unboost|p1a: Hydreigon|spa|1
|
|t:|1757022534
|switch|p2b: Sneasler|Sneasler, L50, F|100/100|[from] Parting Shot
|
|-heal|p1b: Incineroar|100/100|[from] Grassy Terrain
|-heal|p2a: Kingambit|86/100|[from] Grassy Terrain
|-sideend|p1: chefbenboyrd|move: Tailwind
|upkeep
|turn|5
|
|t:|1757022550
|switch|p1a: Gholdengo|Gholdengo, L50|100/100
|switch|p2a: Incineroar|Incineroar, L50, M|74/100
|-ability|p2a: Incineroar|Intimidate|boost
|-unboost|p1a: Gholdengo|atk|1
|-unboost|p1b: Incineroar|atk|1
|move|p2b: Sneasler|Close Combat|p1b: Incineroar
|-supereffective|p1b: Incineroar
|-damage|p1b: Incineroar|0 fnt
|-unboost|p2b: Sneasler|def|1
|-unboost|p2b: Sneasler|spd|1
|faint|p1b: Incineroar
|
|-heal|p2a: Incineroar|80/100|[from] Grassy Terrain
|-fieldend|move: Grassy Terrain
|upkeep
|
|t:|1757022563
|switch|p1b: Whimsicott|Whimsicott, L50, F, tera:Ghost|73/100
|turn|6
|
|t:|1757022573
|switch|p2b: Rillaboom|Rillaboom, L50, M|100/100
|-fieldstart|move: Grassy Terrain|[from] ability: Grassy Surge|[of] p2b: Rillaboom
|move|p1a: Gholdengo|Protect|p1a: Gholdengo
|-singleturn|p1a: Gholdengo|Protect
|move|p1b: Whimsicott|Encore||[still]
|-fail|p1b: Whimsicott
|move|p2a: Incineroar|Flare Blitz|p1a: Gholdengo
|-activate|p1a: Gholdengo|move: Protect
|
|-heal|p1b: Whimsicott|78/100|[from] Grassy Terrain
|-heal|p2a: Incineroar|86/100|[from] Grassy Terrain
|upkeep
|turn|7
|
|t:|1757022596
|switch|p1a: Hydreigon|Hydreigon, L50, F|64/100
|move|p1b: Whimsicott|Moonblast|p2a: Incineroar
|-damage|p2a: Incineroar|50/100
|-unboost|p2a: Incineroar|spa|1
|move|p2b: Rillaboom|Wood Hammer|p1b: Whimsicott
|-damage|p1b: Whimsicott|0 fnt
|faint|p1b: Whimsicott
|-damage|p2b: Rillaboom|83/100|[from] Recoil
|move|p2a: Incineroar|Flare Blitz|p1a: Hydreigon
|-resisted|p1a: Hydreigon
|-damage|p1a: Hydreigon|36/100
|-damage|p2a: Incineroar|42/100|[from] Recoil
|
|-heal|p2b: Rillaboom|89/100|[from] Grassy Terrain
|-heal|p2a: Incineroar|48/100|[from] Grassy Terrain
|upkeep
|
|t:|1757022611
|switch|p1b: Gholdengo|Gholdengo, L50|100/100
|turn|8
|
|t:|1757022626
|-terastallize|p2b: Rillaboom|Ghost
|move|p2b: Rillaboom|Grassy Glide|p1a: Hydreigon
|-resisted|p1a: Hydreigon
|-damage|p1a: Hydreigon|12/100
|move|p1a: Hydreigon|Draco Meteor|p2a: Incineroar
|-damage|p2a: Incineroar|0 fnt
|-unboost|p1a: Hydreigon|spa|2
|faint|p2a: Incineroar
|move|p1b: Gholdengo|Nasty Plot|p1b: Gholdengo
|-boost|p1b: Gholdengo|spa|2
|
|-heal|p2b: Rillaboom|95/100|[from] Grassy Terrain
|upkeep
|
|t:|1757022634
|switch|p2a: Kingambit|Kingambit, L50, F|86/100
|turn|9
|
|t:|1757022647
|move|p1b: Gholdengo|Protect|p1b: Gholdengo
|-singleturn|p1b: Gholdengo|Protect
|move|p2b: Rillaboom|Grassy Glide|p1a: Hydreigon
|-resisted|p1a: Hydreigon
|-damage|p1a: Hydreigon|0 fnt
|faint|p1a: Hydreigon
|move|p2a: Kingambit|Sucker Punch||[still]
|-fail|p2a: Kingambit
|
|-heal|p2b: Rillaboom|100/100|[from] Grassy Terrain
|-heal|p2a: Kingambit|92/100|[from] Grassy Terrain
|upkeep
|turn|10
|
|t:|1757022656
|switch|p2b: Sneasler|Sneasler, L50, F|100/100
|move|p2a: Kingambit|Sucker Punch|p1b: Gholdengo
|-supereffective|p1b: Gholdengo
|-crit|p1b: Gholdengo
|-damage|p1b: Gholdengo|0 fnt
|faint|p1b: Gholdengo
|
|win|mega sneasler real
||mega sneasler real is ready for game 2.
