|j|鈽哋vershieldVGC
|j|鈽唖anloco07
|html|OvershieldVGCsanloco07    
|uhtml|bestof|Game 1 of a best-of-3
|t:|1785207594
|gametype|doubles
|player|p1|OvershieldVGC|plasmagrunt-gen5bw|
|player|p2|sanloco07|169|
|gen|9
|tier|[Gen 9 Champions] VGC 2026 Reg M-B (Bo3)
|rule|Species Clause: Limit one of each Pok茅mon
|rule|Item Clause: Limit 1 of each item
|clearpoke
|poke|p1|Charizard, L50, M|
|poke|p1|Venusaur, L50, M|
|poke|p1|Mamoswine, L50, F|
|poke|p1|Garchomp, L50, M|
|poke|p1|Incineroar, L50, M|
|poke|p1|Toxapex, L50, M|
|poke|p2|Garchomp, L50, M|
|poke|p2|Farigiraf, L50, F|
|poke|p2|Kingambit, L50, M|
|poke|p2|Charizard, L50, F|
|poke|p2|Sylveon, L50, M|
|poke|p2|Aerodactyl, L50, M|
|teampreview|4
|showteam|p1|Charizard||CharizarditeY|Blaze|HeatWave,WeatherBall,HelpingHand,Protect|Modest||M|||50|]Venusaur||LifeOrb|Chlorophyll|LeafStorm,SludgeBomb,EarthPower,Protect|Modest||M|||50|]Mamoswine||FocusSash|Oblivious|HighHorsepower,RockTomb,IceShard,Protect|Jolly||F|||50|]Garchomp||ChoiceScarf|RoughSkin|DragonClaw,Earthquake,RockSlide,StompingTantrum|Adamant||M|||50|]Incineroar||SitrusBerry|Intimidate|FlareBlitz,ThroatChop,PartingShot,FakeOut|Impish||M|||50|]Toxapex||Leftovers|Regenerator|Toxic,Infestation,WideGuard,BanefulBunker|Bold||M|||50|
|showteam|p2|Garchomp||FocusSash|RoughSkin|Earthquake,DragonClaw,RockSlide,Protect|Jolly||M|||50|]Farigiraf||SitrusBerry|ArmorTail|Psychic,HelpingHand,TrickRoom,Protect|Bold||F|||50|]Kingambit||ChopleBerry|Defiant|LowKick,KowtowCleave,SuckerPunch,Protect|Adamant||M|||50|]Charizard||CharizarditeY|Blaze|WeatherBall,SolarBeam,HeatWave,Protect|Timid||F|||50|]Sylveon||FairyFeather|Pixilate|HyperVoice,Protect,Yawn,HyperBeam|Modest||M|||50|]Aerodactyl||Aerodactylite|RockHead|RockSlide,Tailwind,DualWingbeat,Protect|Jolly||M|||50|
|
|t:|1785207699
|teamsize|p1|4
|teamsize|p2|4
|start
|switch|p1a: Incineroar|Incineroar, L50, M|100/100
|switch|p1b: Toxapex|Toxapex, L50, M|100/100
|switch|p2a: Farigiraf|Farigiraf, L50, F|100/100
|switch|p2b: Charizard|Charizard, L50, F|100/100
|-ability|p1a: Incineroar|Intimidate|boost
|-unboost|p2a: Farigiraf|atk|1
|-unboost|p2b: Charizard|atk|1
|turn|1
|
|t:|1785207752
|detailschange|p2b: Charizard|Charizard-Mega-Y, L50, F
|-mega|p2b: Charizard|Charizard|Charizardite Y
|-weather|SunnyDay|[from] ability: Drought|[of] p2b: Charizard
|move|p1b: Toxapex|Baneful Bunker|p1b: Toxapex
|-singleturn|p1b: Toxapex|move: Protect
|move|p2b: Charizard|Solar Beam||[still]
|-prepare|p2b: Charizard|Solar Beam
|-anim|p2b: Charizard|Solar Beam|p1b: Toxapex
|-activate|p1b: Toxapex|move: Protect
|move|p1a: Incineroar|Throat Chop|p2a: Farigiraf
|-supereffective|p2a: Farigiraf|1
|-damage|p2a: Farigiraf|47/100
|-start|p2a: Farigiraf|Throat Chop|[silent]
|-enditem|p2a: Farigiraf|Sitrus Berry|[eat]
|-heal|p2a: Farigiraf|72/100|[from] item: Sitrus Berry
|move|p2a: Farigiraf|Psychic|p1b: Toxapex
|-activate|p1b: Toxapex|move: Protect
|
|-weather|SunnyDay|[upkeep]
|upkeep
|turn|2
|
|t:|1785207815
|switch|p1b: Charizard|Charizard, L50, M|100/100
|move|p2a: Farigiraf|Helping Hand|p2b: Charizard
|-singleturn|p2b: Charizard|Helping Hand|[of] p2a: Farigiraf
|move|p2b: Charizard|Solar Beam||[still]
|-prepare|p2b: Charizard|Solar Beam
|-anim|p2b: Charizard|Solar Beam|p1b: Charizard
|-resisted|p1b: Charizard|2
|-damage|p1b: Charizard|81/100
|move|p1a: Incineroar|Parting Shot|p2b: Charizard
|-unboost|p2b: Charizard|atk|1
|-unboost|p2b: Charizard|spa|1
|
|t:|1785207833
|switch|p1a: Toxapex|Toxapex, L50, M|100/100|[from] Parting Shot
|
|-weather|SunnyDay|[upkeep]
|-end|p2a: Farigiraf|Throat Chop|[silent]
|upkeep
|turn|3
|
|t:|1785207893
|detailschange|p1b: Charizard|Charizard-Mega-Y, L50, M
|-mega|p1b: Charizard|Charizard|Charizardite Y
|move|p2b: Charizard|Protect|p2b: Charizard
|-singleturn|p2b: Charizard|Protect
|move|p1b: Charizard|Weather Ball|p2b: Charizard
|-activate|p2b: Charizard|move: Protect
|move|p1a: Toxapex|Toxic|p2b: Charizard
|-activate|p2b: Charizard|move: Protect
|move|p2a: Farigiraf|Trick Room|p2a: Farigiraf
|-fieldstart|move: Trick Room|[of] p2a: Farigiraf
|
|-weather|SunnyDay|[upkeep]
|upkeep
|turn|4
|
|t:|1785207927
|switch|p1b: Incineroar|Incineroar, L50, M|100/100
|-ability|p1b: Incineroar|Intimidate|boost
|-unboost|p2a: Farigiraf|atk|1
|-unboost|p2b: Charizard|atk|1
|switch|p2b: Garchomp|Garchomp, L50, M|100/100
|move|p1a: Toxapex|Infestation|p2a: Farigiraf
|-supereffective|p2a: Farigiraf|1
|-damage|p2a: Farigiraf|66/100
|-activate|p2a: Farigiraf|move: Infestation|[of] p1a: Toxapex
|move|p2a: Farigiraf|Psychic|p1a: Toxapex
|-supereffective|p1a: Toxapex|1
|-damage|p1a: Toxapex|45/100
|
|-weather|SunnyDay|[upkeep]
|-heal|p1a: Toxapex|50/100g|[from] item: Leftovers
|-damage|p2a: Farigiraf|54/100|[from] move: Infestation|[partiallytrapped]
|upkeep
|turn|5
|
|t:|1785207953
|move|p2a: Farigiraf|Helping Hand|p2b: Garchomp
|-singleturn|p2b: Garchomp|Helping Hand|[of] p2a: Farigiraf
|move|p1a: Toxapex|Baneful Bunker|p1a: Toxapex
|-singleturn|p1a: Toxapex|move: Protect
|move|p1b: Incineroar|Parting Shot|p2b: Garchomp
|-unboost|p2b: Garchomp|atk|1
|-unboost|p2b: Garchomp|spa|1
|
|t:|1785207961
|switch|p1b: Charizard|Charizard-Mega-Y, L50, M|81/100|[from] Parting Shot
|move|p2b: Garchomp|Earthquake|p1b: Charizard|[spread] p2a
|-activate|p1a: Toxapex|move: Protect
|-immune|p1b: Charizard
|-damage|p2a: Farigiraf|24/100
|
|-weather|none
|-heal|p1a: Toxapex|56/100|[from] item: Leftovers
|-damage|p2a: Farigiraf|12/100|[from] move: Infestation|[partiallytrapped]
|upkeep
|turn|6
|
|t:|1785207988
|switch|p1b: Incineroar|Incineroar, L50, M|100/100
|-ability|p1b: Incineroar|Intimidate|boost
|-unboost|p2a: Farigiraf|atk|1
|-unboost|p2b: Garchomp|atk|1
|move|p2a: Farigiraf|Helping Hand|p2b: Garchomp
|-singleturn|p2b: Garchomp|Helping Hand|[of] p2a: Farigiraf
|move|p1a: Toxapex|Wide Guard|p1a: Toxapex
|-singleturn|p1a: Toxapex|Wide Guard
|move|p2b: Garchomp|Rock Slide|p1a: Toxapex|[spread] 
|-activate|p1a: Toxapex|move: Wide Guard
|-activate|p1b: Incineroar|move: Wide Guard
|
|-heal|p1a: Toxapex|62/100|[from] item: Leftovers
|-damage|p2a: Farigiraf|0 fnt|[from] move: Infestation|[partiallytrapped]
|faint|p2a: Farigiraf
|upkeep
|
|t:|1785208005
|switch|p2a: Sylveon|Sylveon, L50, M|100/100
|turn|7
|
|t:|1785208025
|switch|p2b: Charizard|Charizard-Mega-Y, L50, F|100/100
|-weather|SunnyDay|[from] ability: Drought|[of] p2b: Charizard
|move|p2a: Sylveon|Protect|p2a: Sylveon
|-singleturn|p2a: Sylveon|Protect
|move|p1a: Toxapex|Toxic|p2a: Sylveon
|-activate|p2a: Sylveon|move: Protect
|move|p1b: Incineroar|Parting Shot|p2a: Sylveon
|-activate|p2a: Sylveon|move: Protect
|
|-weather|SunnyDay|[upkeep]
|-heal|p1a: Toxapex|68/100|[from] item: Leftovers
|-fieldend|move: Trick Room
|upkeep
|turn|8
|
|t:|1785208051
|move|p1a: Toxapex|Baneful Bunker|p1a: Toxapex
|-singleturn|p1a: Toxapex|move: Protect
|move|p2b: Charizard|Solar Beam||[still]
|-prepare|p2b: Charizard|Solar Beam
|-anim|p2b: Charizard|Solar Beam|p1a: Toxapex
|-activate|p1a: Toxapex|move: Protect
|move|p2a: Sylveon|Hyper Voice|p1b: Incineroar|[spread] p1b
|-activate|p1a: Toxapex|move: Protect
|-damage|p1b: Incineroar|56/100
|move|p1b: Incineroar|Parting Shot|p2b: Charizard
|-unboost|p2b: Charizard|atk|1
|-unboost|p2b: Charizard|spa|1
|
|t:|1785208078
|switch|p1b: Charizard|Charizard-Mega-Y, L50, M|81/100|[from] Parting Shot
|
|-weather|SunnyDay|[upkeep]
|-heal|p1a: Toxapex|73/100|[from] item: Leftovers
|upkeep
|turn|9
|
|t:|1785208090
|switch|p2b: Garchomp|Garchomp, L50, M|100/100
|-heal|p1a: Toxapex|100/100|[from] ability: Regenerator|[silent]
|switch|p1a: Incineroar|Incineroar, L50, M|56/100
|-ability|p1a: Incineroar|Intimidate|boost
|-unboost|p2a: Sylveon|atk|1
|-unboost|p2b: Garchomp|atk|1
|move|p1b: Charizard|Heat Wave|p2a: Sylveon|[spread] p2a,p2b
|-resisted|p2b: Garchomp|1
|-crit|p2b: Garchomp
|-damage|p2a: Sylveon|45/100
|-damage|p2b: Garchomp|50/100g
|move|p2a: Sylveon|Yawn|p1b: Charizard
|-start|p1b: Charizard|move: Yawn|[of] p2a: Sylveon
|
|-weather|SunnyDay|[upkeep]
|upkeep
|turn|10
|
|t:|1785208127
|switch|p1b: Toxapex|Toxapex, L50, M|100/100
|move|p2b: Garchomp|Rock Slide|p1b: Toxapex|[spread] p1a,p1b
|-supereffective|p1a: Incineroar|1
|-damage|p1a: Incineroar|36/100
|-damage|p1b: Toxapex|91/100
|-enditem|p1a: Incineroar|Sitrus Berry|[eat]
|-heal|p1a: Incineroar|60/100|[from] item: Sitrus Berry
|move|p2a: Sylveon|Hyper Voice|p1a: Incineroar|[spread] p1a,p1b
|-resisted|p1b: Toxapex|1
|-damage|p1a: Incineroar|23/100
|-damage|p1b: Toxapex|75/100
|cant|p1a: Incineroar|flinch
|
|-weather|SunnyDay|[upkeep]
|-heal|p1b: Toxapex|81/100|[from] item: Leftovers
|upkeep
|turn|11
|
|t:|1785208169
|switch|p2a: Charizard|Charizard-Mega-Y, L50, F|100/100
|move|p1b: Toxapex|Wide Guard|p1b: Toxapex
|-singleturn|p1b: Toxapex|Wide Guard
|move|p2b: Garchomp|Rock Slide|p1b: Toxapex|[spread] 
|-activate|p1a: Incineroar|move: Wide Guard
|-activate|p1b: Toxapex|move: Wide Guard
|move|p1a: Incineroar|Parting Shot|p2b: Garchomp
|-unboost|p2b: Garchomp|atk|1
|-unboost|p2b: Garchomp|spa|1
|
|t:|1785208204
|switch|p1a: Charizard|Charizard-Mega-Y, L50, M|81/100|[from] Parting Shot
|
|-weather|none
|-heal|p1b: Toxapex|87/100|[from] item: Leftovers
|upkeep
|turn|12
|c|鈽唖anloco07|I can't think of a way to beat your team. I didn't get the best answer in this case lol
|c|鈽哋vershieldVGC|hhaha yeah toxipex is wild
|
|t:|1785208257
|switch|p2b: Sylveon|Sylveon, L50, M|45/100
|switch|p1a: Incineroar|Incineroar, L50, M|23/100
|-ability|p1a: Incineroar|Intimidate|boost
|-unboost|p2a: Charizard|atk|1
|-unboost|p2b: Sylveon|atk|1
|move|p2a: Charizard|Heat Wave|p1a: Incineroar|[spread] p1a,p1b
|-resisted|p1a: Incineroar|1
|-resisted|p1b: Toxapex|1
|-damage|p1a: Incineroar|3/100
|-damage|p1b: Toxapex|68/100
|move|p1b: Toxapex|Infestation|p2a: Charizard
|-resisted|p2a: Charizard|2
|-damage|p2a: Charizard|99/100
|-activate|p2a: Charizard|move: Infestation|[of] p1b: Toxapex
|
|-heal|p1b: Toxapex|74/100|[from] item: Leftovers
|-damage|p2a: Charizard|86/100|[from] move: Infestation|[partiallytrapped]
|upkeep
|turn|13
|
|t:|1785208308
|move|p1a: Incineroar|Fake Out|p2a: Charizard
|-damage|p2a: Charizard|72/100
|cant|p2a: Charizard|flinch
|move|p2b: Sylveon|Hyper Voice|p1a: Incineroar|[spread] p1a,p1b
|-resisted|p1b: Toxapex|1
|-damage|p1a: Incineroar|0 fnt
|-damage|p1b: Toxapex|56/100
|faint|p1a: Incineroar
|move|p1b: Toxapex|Infestation|p2b: Sylveon
|-resisted|p2b: Sylveon|1
|-damage|p2b: Sylveon|44/100
|-activate|p2b: Sylveon|move: Infestation|[of] p1b: Toxapex
|
|-heal|p1b: Toxapex|61/100|[from] item: Leftovers
|-damage|p2a: Charizard|60/100|[from] move: Infestation|[partiallytrapped]
|-damage|p2b: Sylveon|32/100|[from] move: Infestation|[partiallytrapped]
|upkeep
|c|鈽唖anloco07|oh no
|c|鈽唖anloco07|5
|c|鈽唖anloco07|Oh no
|c|鈽哋vershieldVGC|hehe
|
|t:|1785208330
|switch|p1a: Charizard|Charizard-Mega-Y, L50, M|81/100
|-weather|SunnyDay|[from] ability: Drought|[of] p1a: Charizard
|turn|14
|
|t:|1785208345
|move|p2a: Charizard|Protect|p2a: Charizard
|-singleturn|p2a: Charizard|Protect
|move|p1b: Toxapex|Wide Guard|p1b: Toxapex
|-singleturn|p1b: Toxapex|Wide Guard
|move|p1a: Charizard|Heat Wave|p2a: Charizard|[spread] p2b
|-activate|p2a: Charizard|move: Protect
|-damage|p2b: Sylveon|0 fnt
|faint|p2b: Sylveon
|
|-weather|SunnyDay|[upkeep]
|-heal|p1b: Toxapex|67/100|[from] item: Leftovers
|-damage|p2a: Charizard|47/100|[from] move: Infestation|[partiallytrapped]
|upkeep
|c|鈽哋vershieldVGC|ill send u this team
|
|t:|1785208353
|switch|p2b: Garchomp|Garchomp, L50, M|50/100g
|turn|15
|c|鈽哋vershieldVGC|so u can have some fun
|
|t:|1785208370
|move|p1b: Toxapex|Wide Guard|p1b: Toxapex
|-singleturn|p1b: Toxapex|Wide Guard
|move|p2b: Garchomp|Rock Slide|p1b: Toxapex|[spread] 
|-activate|p1a: Charizard|move: Wide Guard
|-activate|p1b: Toxapex|move: Wide Guard
|move|p2a: Charizard|Heat Wave|p1b: Toxapex|[spread] 
|-activate|p1a: Charizard|move: Wide Guard
|-activate|p1b: Toxapex|move: Wide Guard
|move|p1a: Charizard|Weather Ball|p2a: Charizard
|-resisted|p2a: Charizard|1
|-damage|p2a: Charizard|4/100
|
|-weather|SunnyDay|[upkeep]
|-heal|p1b: Toxapex|73/100|[from] item: Leftovers
|-damage|p2a: Charizard|0 fnt|[from] move: Infestation|[partiallytrapped]
|faint|p2a: Charizard
|upkeep
|turn|16
|
|t:|1785208391
|-heal|p1b: Toxapex|100/100|[from] ability: Regenerator|[silent]
|switch|p1b: Venusaur|Venusaur, L50, M|100/100
|move|p1a: Charizard|Protect|p1a: Charizard
|-singleturn|p1a: Charizard|Protect
|move|p2b: Garchomp|Rock Slide|p1a: Charizard|[spread] p1b
|-activate|p1a: Charizard|move: Protect
|-damage|p1b: Venusaur|73/100
|
|-weather|SunnyDay|[upkeep]
|upkeep
|turn|17
|c|鈽哋vershieldVGC|:D
|c|鈽唖anloco07|>:(
|
|t:|1785208416
|move|p1a: Charizard|Helping Hand|p1b: Venusaur
|-singleturn|p1b: Venusaur|Helping Hand|[of] p1a: Charizard
|move|p1b: Venusaur|Leaf Storm|p2b: Garchomp
|-damage|p2b: Garchomp|0 fnt
|-unboost|p1b: Venusaur|spa|2
|faint|p2b: Garchomp
|-damage|p1b: Venusaur|63/100|[from] item: Life Orb
|
|win|OvershieldVGC
|c|鈽唖anloco07|xd
|inactive|OvershieldVGC has 30 seconds to confirm battle start!
|inactive|sanloco07 has 30 seconds to confirm battle start!
