|j|☆mister.ludicolo
|j|☆spellbreakvgc
|html|mister.ludicolospellbreakvgc    
|uhtml|bestof|Game 3 of a best-of-3
|t:|1757927481
|gametype|doubles
|player|p1|mister.ludicolo|waiter-gen4dp|1052
|player|p2|spellbreakvgc|lance|1025
|gen|9
|tier|[Gen 9] VGC 2025 Reg H (Bo3)
|rated|
|rule|Species Clause: Limit one of each Pokémon
|rule|Item Clause: Limit 1 of each item
|clearpoke
|poke|p1|Ludicolo, L50, F|
|poke|p1|Archaludon, L50, M|
|poke|p1|Politoed, L50, M|
|poke|p1|Incineroar, L50, F|
|poke|p1|Whimsicott, L50, F|
|poke|p1|Annihilape, L50, M|
|poke|p2|Garganacl, L50, M|
|poke|p2|Sylveon, L50, F|
|poke|p2|Gholdengo, L50|
|poke|p2|Incineroar, L50, F|
|poke|p2|Ninetales-Alola, L50, F|
|poke|p2|Scyther, L50, F|
|teampreview|4
|showteam|p1|Ludicolo||LoadedDice|SwiftSwim|FakeOut,IceSpinner,BulletSeed,WeatherBall|||F|||50|,,,,,Poison]Archaludon||AssaultVest|Stamina|ElectroShot,BodyPress,DracoMeteor,FlashCannon|||M|||50|,,,,,Grass]Politoed||ChoiceSpecs|Drizzle|IceBeam,EarthPower,WeatherBall,Surf|||M|||50|,,,,,Grass]Incineroar||SitrusBerry|Intimidate|FakeOut,Uturn,KnockOff,HelpingHand|||F|||50|,,,,,Ghost]Whimsicott||CovertCloak|Prankster|Tailwind,LightScreen,BeatUp,Moonblast|||F|||50|,,,,,Steel]Annihilape||SafetyGoggles|Defiant|Protect,FinalGambit,CloseCombat,RageFist|||M|||50|,,,,,Fairy
|showteam|p2|Garganacl||MarangaBerry|PurifyingSalt|SaltCure,StealthRock,Protect,Recover|||M|||50|,,,,,Flying]Sylveon||ThroatSpray|Pixilate|HyperVoice,Wish,Yawn,Protect|||F|||50|,,,,,Fairy]Gholdengo||ChoiceScarf|GoodasGold|MakeItRain,ShadowBall,Trick,PowerGem||||||50|,,,,,Steel]Incineroar||AssaultVest|Intimidate|FlareBlitz,KnockOff,FakeOut,Uturn|||F|||50|,,,,,Fire]Ninetales-Alola||FocusSash|SnowWarning|Blizzard,FreezeDry,Protect,AuroraVeil|||F|||50|,,,,,Ice]Scyther||Eviolite|Technician|DualWingbeat,CloseCombat,Uturn,Protect|||F|||50|,,,,,Steel
|inactive|Battle timer is ON: inactive players will automatically lose when time's up. (requested by mister.ludicolo)
|inactive|spellbreakvgc has 60 seconds left.
|
|t:|1757927522
|teamsize|p1|4
|teamsize|p2|4
|start
|switch|p1a: Whimsicott|Whimsicott, L50, F|100/100
|switch|p1b: Annihilape|Annihilape, L50, M|100/100
|switch|p2a: Garganacl|Garganacl, L50, M, shiny|100/100
|switch|p2b: Sylveon|Sylveon, L50, F, shiny|100/100
|turn|1
|inactive|mister.ludicolo has 30 seconds left.
|inactive|spellbreakvgc has 30 seconds left.
|
|t:|1757927549
|-terastallize|p2a: Garganacl|Flying
|move|p1b: Annihilape|Protect|p1b: Annihilape
|-singleturn|p1b: Annihilape|Protect
|move|p1a: Whimsicott|Tailwind|p1a: Whimsicott
|-sidestart|p1: mister.ludicolo|move: Tailwind
|move|p2b: Sylveon|Hyper Voice|p1a: Whimsicott|[spread] p1a
|-activate|p1b: Annihilape|move: Protect
|-damage|p1a: Whimsicott|59/100
|-enditem|p2b: Sylveon|Throat Spray
|-boost|p2b: Sylveon|spa|1|[from] item: Throat Spray
|move|p2a: Garganacl|Salt Cure|p1b: Annihilape
|-activate|p1b: Annihilape|move: Protect
|
|upkeep
|turn|2
|inactive|mister.ludicolo has 30 seconds left.
|inactive|mister.ludicolo has 20 seconds left.
|
|t:|1757927586
|-terastallize|p1b: Annihilape|Fairy
|move|p1a: Whimsicott|Beat Up|p1b: Annihilape
|-resisted|p1b: Annihilape
|-damage|p1b: Annihilape|99/100
|-resisted|p1b: Annihilape
|-damage|p1b: Annihilape|98/100
|-resisted|p1b: Annihilape
|-damage|p1b: Annihilape|97/100
|-resisted|p1b: Annihilape
|-damage|p1b: Annihilape|95/100
|-hitcount|p1b: Annihilape|4
|move|p1b: Annihilape|Rage Fist|p2a: Garganacl
|-damage|p2a: Garganacl|64/100
|move|p2b: Sylveon|Hyper Voice|p1a: Whimsicott|[spread] p1a,p1b
|-damage|p1a: Whimsicott|0 fnt
|-damage|p1b: Annihilape|48/100
|faint|p1a: Whimsicott
|move|p2a: Garganacl|Salt Cure|p1b: Annihilape
|-damage|p1b: Annihilape|30/100
|-start|p1b: Annihilape|Salt Cure
|
|-damage|p1b: Annihilape|18/100|[from] Salt Cure
|upkeep
|
|t:|1757927606
|switch|p1a: Politoed|Politoed, L50, M, shiny|100/100
|-weather|RainDance|[from] ability: Drizzle|[of] p1a: Politoed
|turn|3
|
|t:|1757927627
|switch|p1b: Archaludon|Archaludon, L50, M, shiny|100/100
|move|p1a: Politoed|Ice Beam|p2a: Garganacl
|-supereffective|p2a: Garganacl
|-damage|p2a: Garganacl|0 fnt
|faint|p2a: Garganacl
|move|p2b: Sylveon|Hyper Voice|p1a: Politoed|[spread] p1a,p1b
|-damage|p1a: Politoed|59/100
|-damage|p1b: Archaludon|70/100
|-ability|p1b: Archaludon|Stamina|boost
|-boost|p1b: Archaludon|def|1
|
|-weather|RainDance|[upkeep]
|upkeep
|
|t:|1757927639
|switch|p2a: Ninetales|Ninetales-Alola, L50, F|100/100
|-weather|Snowscape|[from] ability: Snow Warning|[of] p2a: Ninetales
|turn|4
|
|t:|1757927651
|switch|p1a: Annihilape|Annihilape, L50, M, tera:Fairy|18/100
|move|p1b: Archaludon|Flash Cannon|p2a: Ninetales
|-supereffective|p2a: Ninetales
|-enditem|p2a: Ninetales|Focus Sash
|-damage|p2a: Ninetales|1/100
|move|p2a: Ninetales|Aurora Veil|p2a: Ninetales
|-sidestart|p2: spellbreakvgc|move: Aurora Veil
|move|p2b: Sylveon|Hyper Voice|p1a: Annihilape|[spread] p1a,p1b
|-damage|p1a: Annihilape|0 fnt
|-damage|p1b: Archaludon|39/100
|-ability|p1b: Archaludon|Stamina|boost
|-boost|p1b: Archaludon|def|1
|faint|p1a: Annihilape
|
|-weather|Snowscape|[upkeep]
|-sideend|p1: mister.ludicolo|move: Tailwind
|upkeep
|
|t:|1757927664
|switch|p1a: Politoed|Politoed, L50, M, shiny|59/100
|-weather|RainDance|[from] ability: Drizzle|[of] p1a: Politoed
|turn|5
|
|t:|1757927684
|switch|p2a: Scyther|Scyther, L50, F, shiny|100/100
|move|p2b: Sylveon|Protect|p2b: Sylveon
|-singleturn|p2b: Sylveon|Protect
|move|p1b: Archaludon|Flash Cannon|p2b: Sylveon
|-activate|p2b: Sylveon|move: Protect
|move|p1a: Politoed|Ice Beam|p2a: Scyther
|-supereffective|p2a: Scyther
|-damage|p2a: Scyther|51/100
|
|-weather|RainDance|[upkeep]
|upkeep
|turn|6
|
|t:|1757927697
|move|p2a: Scyther|Close Combat|p1b: Archaludon
|-supereffective|p1b: Archaludon
|-damage|p1b: Archaludon|10/100
|-unboost|p2a: Scyther|def|1
|-unboost|p2a: Scyther|spd|1
|-ability|p1b: Archaludon|Stamina|boost
|-boost|p1b: Archaludon|def|1
|move|p1b: Archaludon|Flash Cannon|p2b: Sylveon
|-supereffective|p2b: Sylveon
|-damage|p2b: Sylveon|70/100
|move|p1a: Politoed|Ice Beam|p2a: Scyther
|-supereffective|p2a: Scyther
|-damage|p2a: Scyther|0 fnt
|faint|p2a: Scyther
|move|p2b: Sylveon|Hyper Voice|p1a: Politoed|[spread] p1a,p1b
|-damage|p1a: Politoed|19/100
|-damage|p1b: Archaludon|0 fnt
|faint|p1b: Archaludon
|
|-weather|RainDance|[upkeep]
|upkeep
|
|t:|1757927708
|switch|p2a: Ninetales|Ninetales-Alola, L50, F|1/100
|-weather|Snowscape|[from] ability: Snow Warning|[of] p2a: Ninetales
|turn|7
|j| GiselleSaintClaire
|-message|mister.ludicolo forfeited.
|
|win|spellbreakvgc
