|j|‽CaratroncoSun
|j|☆i miss my miraidon
|html|CaratroncoSuni miss my miraidon    
|uhtml|bestof|Game 1 of a best-of-3
|t:|1784809360
|gametype|doubles
|player|p1|CaratroncoSun|1|1352
|player|p2|i miss my miraidon|2|1316
|gen|9
|tier|[Gen 9 Champions] VGC 2026 Reg M-B (Bo3)
|rated|
|rule|Species Clause: Limit one of each Pokémon
|rule|Item Clause: Limit 1 of each item
|clearpoke
|poke|p1|Charizard, L50, M, shiny|
|poke|p1|Venusaur, L50, F, shiny|
|poke|p1|Whimsicott, L50, M, shiny|
|poke|p1|Basculegion, L50, M|
|poke|p1|Tyranitar, L50, M|
|poke|p1|Mamoswine, L50, M|
|poke|p2|Charizard, L50, M|
|poke|p2|Garchomp, L50, F|
|poke|p2|Kingambit, L50, M|
|poke|p2|Basculegion, L50, M|
|poke|p2|Whimsicott, L50, F|
|poke|p2|Floette-Eternal, L50, F|
|teampreview|4
|showteam|p1|Charizard||CharizarditeY|Blaze|Protect,SolarBeam,HeatWave,AirSlash|Modest||M|||50|]Venusaur||WideLens|Chlorophyll|Protect,GigaDrain,EarthPower,SleepPowder|Modest||F|||50|]Whimsicott||FocusSash|Prankster|Protect,Moonblast,Tailwind,Encore|Timid||M|||50|]Basculegion||MysticWater|Adaptability|Protect,AquaJet,WaveCrash,LastRespects|Adamant||M|||50|]Tyranitar||Tyranitarite|SandStream|Protect,RockSlide,KnockOff,LowKick|Adamant||M|||50|]Mamoswine||LifeOrb|Oblivious|Protect,HighHorsepower,RockSlide,IceShard|Adamant||M|||50|
|showteam|p2|Charizard||CharizarditeY|Blaze|HeatWave,SolarBeam,WeatherBall,Protect|Modest||M|||50|]Garchomp||RoseliBerry|RoughSkin|PoisonJab,DragonClaw,Earthquake,RockSlide|Adamant||F|||50|]Kingambit||OccaBerry|Defiant|KowtowCleave,SuckerPunch,LowKick,IronHead|Adamant||M|||50|]Basculegion||LifeOrb|Adaptability|WaveCrash,LastRespects,AquaJet,Protect|Jolly||M|||50|]Whimsicott||FocusSash|Prankster|Moonblast,Tailwind,Encore,Protect|Modest||F|||50|]Floette-Eternal||Floettite|FlowerVeil|DazzlingGleam,Moonblast,LightofRuin,Protect|Timid||F|||50|
|
|t:|1784809408
|teamsize|p1|4
|teamsize|p2|4
|start
|switch|p1a: Whimsicott|Whimsicott, L50, M, shiny|100/100
|switch|p1b: Mamoswine|Mamoswine, L50, M|100/100
|switch|p2a: Charizard|Charizard, L50, M|100/100
|switch|p2b: Whimsicott|Whimsicott, L50, F|100/100
|turn|1
|
|t:|1784809445
|detailschange|p2a: Charizard|Charizard-Mega-Y, L50, M
|-mega|p2a: Charizard|Charizard|Charizardite Y
|-weather|SunnyDay|[from] ability: Drought|[of] p2a: Charizard
|move|p1b: Mamoswine|Protect|p1b: Mamoswine
|-singleturn|p1b: Mamoswine|Protect
|move|p2b: Whimsicott|Tailwind|p2b: Whimsicott
|-sidestart|p2: i miss my miraidon|move: Tailwind
|move|p2a: Charizard|Heat Wave|p1a: Whimsicott|[spread] p1a
|-activate|p1b: Mamoswine|move: Protect
|-supereffective|p1a: Whimsicott|1
|-enditem|p1a: Whimsicott|Focus Sash
|-damage|p1a: Whimsicott|1/100
|move|p1a: Whimsicott|Moonblast|p2b: Whimsicott
|-damage|p2b: Whimsicott|41/100
|
|-weather|SunnyDay|[upkeep]
|upkeep
|turn|2
|
|t:|1784809468
|move|p2b: Whimsicott|Encore|p1b: Mamoswine
|-start|p1b: Mamoswine|Encore
|move|p1b: Mamoswine|Protect||[still]
|-fail|p1b: Mamoswine
|move|p1a: Whimsicott|Tailwind|p1a: Whimsicott
|-sidestart|p1: CaratroncoSun|move: Tailwind
|move|p2a: Charizard|Heat Wave|p1a: Whimsicott|[spread] p1a,p1b
|-supereffective|p1a: Whimsicott|1
|-supereffective|p1b: Mamoswine|1
|-damage|p1a: Whimsicott|0 fnt
|-damage|p1b: Mamoswine|0 fnt
|faint|p1a: Whimsicott
|faint|p1b: Mamoswine
|
|-weather|SunnyDay|[upkeep]
|upkeep
|
|t:|1784809481
|switch|p1a: Charizard|Charizard, L50, M, shiny|100/100
|switch|p1b: Venusaur|Venusaur, L50, F, shiny|100/100
|turn|3
|
|t:|1784809490
|move|p2b: Whimsicott|Protect|p2b: Whimsicott
|-singleturn|p2b: Whimsicott|Protect
|move|p1b: Venusaur|Sleep Powder|p2a: Charizard
|-status|p2a: Charizard|slp|[from] move: Sleep Powder
|move|p1a: Charizard|Heat Wave|p2b: Whimsicott|[spread] p2a
|-activate|p2b: Whimsicott|move: Protect
|-resisted|p2a: Charizard|1
|-crit|p2a: Charizard
|-damage|p2a: Charizard|68/100 slp
|cant|p2a: Charizard|slp
|
|-weather|SunnyDay|[upkeep]
|upkeep
|turn|4
|
|t:|1784809507
|move|p2b: Whimsicott|Encore|p1b: Venusaur
|-start|p1b: Venusaur|Encore
|move|p1b: Venusaur|Sleep Powder|p2a: Charizard
|-fail|p2a: Charizard|slp
|move|p1a: Charizard|Heat Wave|p2a: Charizard|[spread] p2a,p2b
|-resisted|p2a: Charizard|1
|-supereffective|p2b: Whimsicott|1
|-damage|p2a: Charizard|46/100 slp
|-damage|p2b: Whimsicott|0 fnt
|faint|p2b: Whimsicott
|-curestatus|p2a: Charizard|slp|[msg]
|move|p2a: Charizard|Heat Wave|p1a: Charizard|[spread] p1a,p1b
|-resisted|p1a: Charizard|1
|-supereffective|p1b: Venusaur|1
|-damage|p1a: Charizard|64/100
|-damage|p1b: Venusaur|0 fnt
|faint|p1b: Venusaur
|
|-weather|SunnyDay|[upkeep]
|-sideend|p2: i miss my miraidon|move: Tailwind
|upkeep
|
|t:|1784809516
|switch|p2b: Garchomp|Garchomp, L50, F|100/100
|turn|5
|
|t:|1784809527
|move|p2a: Charizard|Protect|p2a: Charizard
|-singleturn|p2a: Charizard|Protect
|move|p1a: Charizard|Heat Wave|p2a: Charizard|[spread] p2b
|-activate|p2a: Charizard|move: Protect
|-resisted|p2b: Garchomp|1
|-damage|p2b: Garchomp|72/100
|move|p2b: Garchomp|Dragon Claw|p1a: Charizard
|-damage|p1a: Charizard|14/100
|
|-weather|none
|-sideend|p1: CaratroncoSun|move: Tailwind
|upkeep
|turn|6
|
|t:|1784809540
|detailschange|p1a: Charizard|Charizard-Mega-Y, L50, M, shiny
|-mega|p1a: Charizard|Charizard|Charizardite Y
|-weather|SunnyDay|[from] ability: Drought|[of] p1a: Charizard
|move|p2b: Garchomp|Dragon Claw|p1a: Charizard
|-damage|p1a: Charizard|0 fnt
|faint|p1a: Charizard
|
|win|i miss my miraidon
