|j|☆jomivgc
|j|☆plsbringregi
|html|jomivgcplsbringregi    
|uhtml|bestof|Game 2 of a best-of-3
|t:|1784206839
|gametype|doubles
|player|p1|jomivgc|falkner-gen2|1228
|player|p2|plsbringregi|170|1352
|gen|9
|tier|[Gen 9 Champions] VGC 2026 Reg M-B (Bo3)
|rated|
|rule|Species Clause: Limit one of each Pokémon
|rule|Item Clause: Limit 1 of each item
|clearpoke
|poke|p1|Charizard, L50, M|
|poke|p1|Pelipper, L50, M|
|poke|p1|Archaludon, L50, F|
|poke|p1|Grimmsnarl, L50, M|
|poke|p1|Basculegion, L50, M|
|poke|p1|Venusaur, L50, M|
|poke|p2|Mudsdale, L50, F|
|poke|p2|Maushold, L50|
|poke|p2|Gardevoir, L50, F, shiny|
|poke|p2|Sneasler, L50, M|
|poke|p2|Incineroar, L50, M|
|poke|p2|Basculegion, L50, M|
|teampreview|4
|showteam|p1|Charizard||CharizarditeY|Blaze|Protect,HeatWave,SolarBeam,WeatherBall|Modest||M|||50|]Pelipper||SitrusBerry|Drizzle|Hurricane,WeatherBall,Tailwind,WideGuard|Modest||M|||50|]Archaludon||Leftovers|Stamina|ElectroShot,FlashCannon,Protect,DragonPulse|Calm||F|||50|]Grimmsnarl||LightClay|Prankster|LightScreen,PartingShot,Reflect,SpiritBreak|Careful||M|||50|]Basculegion||ChoiceScarf|Adaptability|LastRespects,AquaJet,WaveCrash,FlipTurn|Adamant||M|||50|]Venusaur||FocusSash|Chlorophyll|SludgeBomb,Protect,EarthPower,SleepPowder|Modest||M|||50|
|showteam|p2|Mudsdale||Leftovers|InnerFocus|HighHorsepower,RockSlide,Protect,Curse|Adamant||F|||50|]Maushold||ChopleBerry|FriendGuard|SuperFang,FollowMe,Feint,Protect|Jolly|||||50|]Gardevoir||Gardevoirite|Trace|HyperVoice,Psychic,Protect,TrickRoom|Modest||F|||50|]Sneasler||FocusSash|PoisonTouch|DireClaw,CloseCombat,FakeOut,Protect|Jolly||M|||50|]Incineroar||SitrusBerry|Intimidate|FakeOut,FlareBlitz,PartingShot,ThroatChop|Impish||M|||50|]Basculegion||MysticWater|Adaptability|LastRespects,WaveCrash,AquaJet,Protect|Adamant||M|||50|
|inactive|Battle timer is ON: inactive players will automatically lose when time's up. (requested by jomivgc)
|
|t:|1784206865
|teamsize|p1|4
|teamsize|p2|4
|start
|switch|p1a: Charizard|Charizard, L50, M|100/100
|switch|p1b: Venusaur|Venusaur, L50, M|100/100
|switch|p2a: Gardevoir|Gardevoir, L50, F, shiny|100/100
|switch|p2b: Sneasler|Sneasler, L50, M|100/100
|-ability|p2a: Gardevoir|Blaze|Trace|[from] ability: Trace|[of] p1a: Charizard
|turn|1
|inactive|jomivgc has 30 seconds left.
|inactive|plsbringregi has 30 seconds left.
|
|t:|1784206899
|detailschange|p1a: Charizard|Charizard-Mega-Y, L50, M
|-mega|p1a: Charizard|Charizard|Charizardite Y
|-weather|SunnyDay|[from] ability: Drought|[of] p1a: Charizard
|detailschange|p2a: Gardevoir|Gardevoir-Mega, L50, F, shiny
|-mega|p2a: Gardevoir|Gardevoir|Gardevoirite
|move|p1b: Venusaur|Sleep Powder|p2a: Gardevoir
|-status|p2a: Gardevoir|slp|[from] move: Sleep Powder
|move|p2b: Sneasler|Dire Claw|p1a: Charizard
|-damage|p1a: Charizard|57/100
|-status|p1a: Charizard|psn
|move|p1a: Charizard|Heat Wave|p2b: Sneasler|[spread] p2a,p2b
|-damage|p2a: Gardevoir|52/100 slp
|-damage|p2b: Sneasler|19/100
|cant|p2a: Gardevoir|slp
|
|-weather|SunnyDay|[upkeep]
|-damage|p1a: Charizard|44/100 psn|[from] psn
|upkeep
|turn|2
|
|t:|1784206918
|move|p2b: Sneasler|Protect|p2b: Sneasler
|-singleturn|p2b: Sneasler|Protect
|move|p1b: Venusaur|Earth Power|p2b: Sneasler
|-activate|p2b: Sneasler|move: Protect
|move|p1a: Charizard|Weather Ball|p2a: Gardevoir
|-damage|p2a: Gardevoir|0 fnt
|faint|p2a: Gardevoir
|
|-weather|SunnyDay|[upkeep]
|-damage|p1a: Charizard|32/100 psn|[from] psn
|upkeep
|
|t:|1784206930
|switch|p2a: Maushold|Maushold, L50|100/100
|turn|3
|
|t:|1784206948
|move|p2a: Maushold|Follow Me|p2a: Maushold
|-singleturn|p2a: Maushold|move: Follow Me
|move|p1b: Venusaur|Sleep Powder|p2a: Maushold
|-status|p2a: Maushold|slp|[from] move: Sleep Powder
|move|p2b: Sneasler|Dire Claw|p1a: Charizard
|-damage|p1a: Charizard|0 fnt
|faint|p1a: Charizard
|
|-weather|SunnyDay|[upkeep]
|upkeep
|
|t:|1784206961
|switch|p1a: Archaludon|Archaludon, L50, F|100/100
|turn|4
|
|t:|1784206969
|move|p2b: Sneasler|Protect|p2b: Sneasler
|-singleturn|p2b: Sneasler|Protect
|move|p1a: Archaludon|Protect|p1a: Archaludon
|-singleturn|p1a: Archaludon|Protect
|move|p1b: Venusaur|Earth Power|p2b: Sneasler
|-activate|p2b: Sneasler|move: Protect
|cant|p2a: Maushold|slp
|
|-weather|SunnyDay|[upkeep]
|upkeep
|turn|5
|inactive|jomivgc has 30 seconds left.
|
|t:|1784206999
|-curestatus|p2a: Maushold|slp|[msg]
|move|p2a: Maushold|Follow Me|p2a: Maushold
|-singleturn|p2a: Maushold|move: Follow Me
|move|p1b: Venusaur|Earth Power|p2a: Maushold
|-damage|p2a: Maushold|63/100
|move|p2b: Sneasler|Close Combat|p1a: Archaludon
|-supereffective|p1a: Archaludon|1
|-damage|p1a: Archaludon|10/100
|-unboost|p2b: Sneasler|def|1
|-unboost|p2b: Sneasler|spd|1
|-ability|p1a: Archaludon|Stamina|boost
|-boost|p1a: Archaludon|def|1
|move|p1a: Archaludon|Flash Cannon|p2a: Maushold
|-damage|p2a: Maushold|19/100
|
|-weather|none
|-heal|p1a: Archaludon|16/100|[from] item: Leftovers
|upkeep
|turn|6
|inactive|jomivgc has 30 seconds left.
|
|t:|1784207025
|move|p1a: Archaludon|Protect|p1a: Archaludon
|-singleturn|p1a: Archaludon|Protect
|move|p2b: Sneasler|Close Combat|p1a: Archaludon
|-activate|p1a: Archaludon|move: Protect
|move|p2a: Maushold|Super Fang|p1b: Venusaur
|-damage|p1b: Venusaur|50/100g
|move|p1b: Venusaur|Earth Power|p2a: Maushold
|-damage|p2a: Maushold|0 fnt
|faint|p2a: Maushold
|
|-heal|p1a: Archaludon|22/100|[from] item: Leftovers
|upkeep
|
|t:|1784207028
|switch|p2a: Basculegion|Basculegion, L50, M|100/100
|turn|7
|inactive|jomivgc has 30 seconds left.
|inactive|jomivgc has 20 seconds left.
|inactive|jomivgc has 15 seconds left.
|
|t:|1784207070
|move|p2b: Sneasler|Dire Claw|p1b: Venusaur
|-damage|p1b: Venusaur|0 fnt
|faint|p1b: Venusaur
|move|p2a: Basculegion|Last Respects|p1a: Archaludon
|-damage|p1a: Archaludon|0 fnt
|faint|p1a: Archaludon
|
|upkeep
|
|t:|1784207076
|switch|p1a: Pelipper|Pelipper, L50, M|100/100
|-weather|RainDance|[from] ability: Drizzle|[of] p1a: Pelipper
|turn|8
|
|t:|1784207094
|move|p2b: Sneasler|Dire Claw|p1a: Pelipper
|-damage|p1a: Pelipper|56/100
|-status|p1a: Pelipper|par
|move|p2a: Basculegion|Last Respects|p1a: Pelipper
|-damage|p1a: Pelipper|0 fnt
|faint|p1a: Pelipper
|
|win|plsbringregi
||plsbringregi is ready for game 3.
