|j|☆The.JuanMa
|j|☆bubu45
|html|The.JuanMabubu45    
|uhtml|bestof|Game 1 of a best-of-3
|t:|1786053055
|gametype|doubles
|player|p1|The.JuanMa|265|1109
|player|p2|bubu45|roughneck-gen4|1051
|gen|9
|tier|[Gen 9 Champions] VGC 2026 Reg M-B (Bo3)
|rated|
|rule|Species Clause: Limit one of each Pokémon
|rule|Item Clause: Limit 1 of each item
|clearpoke
|poke|p1|Whimsicott, L50, M, shiny|
|poke|p1|Floette-Eternal, L50, F|
|poke|p1|Charizard, L50, M, shiny|
|poke|p1|Basculegion, L50, M|
|poke|p1|Glimmora, L50, M, shiny|
|poke|p1|Garchomp, L50, F|
|poke|p2|Spiritomb, L50, F|
|poke|p2|Blastoise, L50, F|
|poke|p2|Torkoal, L50, F|
|poke|p2|Hatterene, L50, F|
|poke|p2|Sableye, L50, M|
|poke|p2|Abomasnow, L50, M|
|teampreview|4
|showteam|p1|Whimsicott||FairyFeather|Prankster|Protect,Encore,Tailwind,Moonblast|Timid||M|||50|]Floette-Eternal||Floettite|FlowerVeil|Moonblast,DazzlingGleam,LightofRuin,Protect|Modest||F|||50|]Charizard||CharizarditeY|Blaze|Protect,HeatWave,SolarBeam,WeatherBall|Modest||M|||50|]Basculegion||ColburBerry|Adaptability|Protect,WaveCrash,LastRespects,AquaJet|Adamant||M|||50|]Glimmora||FocusSash|ToxicDebris|SpikyShield,PowerGem,SludgeBomb,EarthPower|Modest||M|||50|]Garchomp||SitrusBerry|RoughSkin|StompingTantrum,DragonClaw,Earthquake,Protect|Adamant||F|||50|
|showteam|p2|Spiritomb||RoseliBerry|Infiltrator|TrickRoom,WillOWisp,Protect,Hex|Modest||F|||50|]Blastoise||Blastoisinite|Torrent|MuddyWater,Protect,ShellSmash,DarkPulse|Modest||F|||50|]Torkoal||Charcoal|Drought|HeatWave,Eruption,Protect,EarthPower|Modest||F|||50|]Hatterene||Leftovers|MagicBounce|Psychic,TrickRoom,DazzlingGleam,Protect|Calm||F|||50|]Sableye||SitrusBerry|Prankster|Snarl,FakeOut,RainDance,Quash|Serious||M|||50|]Abomasnow||Abomasite|SnowWarning|Blizzard,AuroraVeil,GigaDrain,Protect|Quiet||M|||50|
|inactive|Battle timer is ON: inactive players will automatically lose when time's up. (requested by bubu45)
|inactive|The.JuanMa has 60 seconds left.
|
|t:|1786053101
|teamsize|p1|4
|teamsize|p2|4
|start
|switch|p1a: Algodoncio|Whimsicott, L50, M, shiny|100/100
|switch|p1b: Alcachofa|Glimmora, L50, M, shiny|100/100
|switch|p2a: Blastoise|Blastoise, L50, F|100/100
|switch|p2b: Sableye|Sableye, L50, M|100/100
|turn|1
|
|t:|1786053126
|detailschange|p2a: Blastoise|Blastoise-Mega, L50, F
|-mega|p2a: Blastoise|Blastoise|Blastoisinite
|move|p1a: Algodoncio|Protect|p1a: Algodoncio
|-singleturn|p1a: Algodoncio|Protect
|move|p1b: Alcachofa|Spiky Shield|p1b: Alcachofa
|-singleturn|p1b: Alcachofa|move: Protect
|move|p2b: Sableye|Fake Out|p1b: Alcachofa
|-activate|p1b: Alcachofa|move: Protect
|-damage|p2b: Sableye|87/100|[from] Spiky Shield|[of] p1b: Alcachofa
|move|p2a: Blastoise|Shell Smash|p2a: Blastoise
|-unboost|p2a: Blastoise|def|1
|-unboost|p2a: Blastoise|spd|1
|-boost|p2a: Blastoise|atk|2
|-boost|p2a: Blastoise|spa|2
|-boost|p2a: Blastoise|spe|2
|
|upkeep
|turn|2
|inactive|The.JuanMa has 30 seconds left.
|inactive|The.JuanMa has 20 seconds left.
|
|t:|1786053162
|move|p1a: Algodoncio|Tailwind|p1a: Algodoncio
|-sidestart|p1: The.JuanMa|move: Tailwind
|move|p2b: Sableye|Quash||[still]
|-fail|p2b: Sableye
|move|p1b: Alcachofa|Power Gem|p2a: Blastoise
|-damage|p2a: Blastoise|43/100
|move|p2a: Blastoise|Muddy Water|p1b: Alcachofa|[spread] p1a,p1b
|-resisted|p1a: Algodoncio|1
|-supereffective|p1b: Alcachofa|1
|-damage|p1a: Algodoncio|31/100
|-enditem|p1b: Alcachofa|Focus Sash
|-damage|p1b: Alcachofa|1/100
|
|upkeep
|turn|3
|inactive|The.JuanMa has 30 seconds left.
|
|t:|1786053187
|move|p2a: Blastoise|Protect|p2a: Blastoise
|-singleturn|p2a: Blastoise|Protect
|move|p1a: Algodoncio|Moonblast|p2b: Sableye
|-supereffective|p2b: Sableye|1
|-damage|p2b: Sableye|0 fnt
|faint|p2b: Sableye
|move|p1b: Alcachofa|Power Gem|p2a: Blastoise
|-activate|p2a: Blastoise|move: Protect
|
|upkeep
|
|t:|1786053199
|switch|p2b: Hatterene|Hatterene, L50, F|100/100
|turn|4
|
|t:|1786053214
|move|p1a: Algodoncio|Moonblast|p2b: Hatterene
|-damage|p2b: Hatterene|61/100
|move|p1b: Alcachofa|Power Gem|p2a: Blastoise
|-damage|p2a: Blastoise|0 fnt
|faint|p2a: Blastoise
|move|p2b: Hatterene|Dazzling Gleam|p1a: Algodoncio|[spread] p1a,p1b
|-resisted|p1b: Alcachofa|1
|-damage|p1a: Algodoncio|0 fnt
|-damage|p1b: Alcachofa|0 fnt
|faint|p1a: Algodoncio
|faint|p1b: Alcachofa
|
|-heal|p2b: Hatterene|67/100|[from] item: Leftovers
|upkeep
|
|t:|1786053226
|switch|p1a: Vampirim|Charizard, L50, M, shiny|100/100
|switch|p1b: Tiburoncin|Garchomp, L50, F|100/100
|switch|p2a: Torkoal|Torkoal, L50, F|100/100
|-weather|SunnyDay|[from] ability: Drought|[of] p2a: Torkoal
|turn|5
|inactive|The.JuanMa has 30 seconds left.
|
|t:|1786053252
|detailschange|p1a: Vampirim|Charizard-Mega-Y, L50, M, shiny
|-mega|p1a: Vampirim|Charizard|Charizardite Y
|move|p1b: Tiburoncin|Earthquake|p2b: Hatterene|[spread] p2a,p2b
|-immune|p1a: Vampirim
|-supereffective|p2a: Torkoal|1
|-damage|p2a: Torkoal|34/100
|-damage|p2b: Hatterene|14/100
|move|p1a: Vampirim|Weather Ball|p2b: Hatterene
|-damage|p2b: Hatterene|0 fnt
|faint|p2b: Hatterene
|move|p2a: Torkoal|Eruption|p1a: Vampirim|[spread] p1a,p1b
|-resisted|p1a: Vampirim|1
|-resisted|p1b: Tiburoncin|1
|-crit|p1b: Tiburoncin
|-damage|p1a: Vampirim|85/100
|-damage|p1b: Tiburoncin|77/100
|
|-weather|SunnyDay|[upkeep]
|-sideend|p1: The.JuanMa|move: Tailwind
|upkeep
|turn|6
|inactive|The.JuanMa has 30 seconds left.
|
|t:|1786053280
|move|p1b: Tiburoncin|Earthquake|p2a: Torkoal|[spread] p2a
|-immune|p1a: Vampirim
|-supereffective|p2a: Torkoal|1
|-damage|p2a: Torkoal|0 fnt
|faint|p2a: Torkoal
|
|win|The.JuanMa
||bubu45 is ready for game 2.
||The.JuanMa is ready for game 2.
|uhtml|next|Next: Game 2 of 3
|l|☆bubu45
|player|p2|
