|j|☆x5414
|j|☆25th_mang
|html|x541425th_mang    
|uhtml|bestof|Game 2 of a best-of-3
|t:|1782456974
|gametype|doubles
|player|p1|x5414|102|1190
|player|p2|25th_mang|ballguy|1205
|gen|9
|tier|[Gen 9 Champions] VGC 2026 Reg M-B (Bo3)
|rated|
|rule|Species Clause: Limit one of each Pokémon
|rule|Item Clause: Limit 1 of each item
|clearpoke
|poke|p1|Pelipper, L50, M|
|poke|p1|Basculegion, L50, M|
|poke|p1|Incineroar, L50, M|
|poke|p1|Raichu, L50, F|
|poke|p1|Scizor, L50, F|
|poke|p1|Sinistcha, L50|
|poke|p2|Crabominable, L50, M|
|poke|p2|Farigiraf, L50, M|
|poke|p2|Incineroar, L50, M|
|poke|p2|Archaludon, L50, M|
|poke|p2|Pelipper, L50, F|
|poke|p2|Sinistcha, L50|
|teampreview|4
|showteam|p1|Pelipper||FocusSash|Drizzle|Hurricane,Tailwind,WeatherBall,Protect|Timid||M|||50|]Basculegion||ChoiceScarf|Adaptability|FlipTurn,LastRespects,WaveCrash,AquaJet|Jolly||M|||50|]Incineroar||SitrusBerry|Intimidate|FlareBlitz,PartingShot,FakeOut,DarkestLariat|Relaxed||M|||50|]Raichu||RaichuniteY|LightningRod|Encore,FocusBlast,ZapCannon,Protect|Timid||F|||50|]Scizor||Leftovers|Technician|Curse,Protect,BugBite,BulletPunch|Adamant||F|||50|]Sinistcha||OccaBerry|Hospitality|MatchaGotcha,RagePowder,TrickRoom,LifeDew|Sassy|||||50|
|showteam|p2|Crabominable||Crabominite|HyperCutter|IceHammer,DrainPunch,Protect,ThunderPunch|Brave||M|||50|]Farigiraf||MentalHerb|ArmorTail|TrickRoom,Psychic,HyperVoice,HelpingHand|Relaxed||M|||50|]Incineroar||Charcoal|Intimidate|FakeOut,FlareBlitz,Assurance,Snarl|Adamant||M|||50|]Archaludon||Leftovers|Stamina|ElectroShot,AuraSphere,FlashCannon,Protect|Quiet||M|||50|]Pelipper||SharpBeak|Drizzle|Hurricane,WeatherBall,WideGuard,Protect|Modest||F|||50|]Sinistcha||SitrusBerry|Hospitality|MatchaGotcha,RagePowder,LifeDew,TrickRoom|Relaxed|||||50|
|inactive|Battle timer is ON: inactive players will automatically lose when time's up. (requested by 25th_mang)
|
|t:|1782456988
|teamsize|p1|4
|teamsize|p2|4
|start
|switch|p1a: Incineroar|Incineroar, L50, M|100/100
|switch|p1b: Raichu|Raichu, L50, F|100/100
|switch|p2a: My1stFlip|Farigiraf, L50, M|100/100
|switch|p2b: My1stRoar|Incineroar, L50, M|100/100
|-ability|p2b: My1stRoar|Intimidate|boost
|-unboost|p1a: Incineroar|atk|1
|-unboost|p1b: Raichu|atk|1
|-ability|p1a: Incineroar|Intimidate|boost
|-unboost|p2a: My1stFlip|atk|1
|-unboost|p2b: My1stRoar|atk|1
|turn|1
|
|t:|1782456999
|detailschange|p1b: Raichu|Raichu-Mega-Y, L50, F
|-mega|p1b: Raichu|Raichu|Raichunite Y
|move|p2b: My1stRoar|Fake Out|p1b: Raichu
|-damage|p1b: Raichu|81/100
|cant|p1b: Raichu|flinch
|move|p1a: Incineroar|Parting Shot|p2b: My1stRoar
|-unboost|p2b: My1stRoar|atk|1
|-unboost|p2b: My1stRoar|spa|1
|
|t:|1782457005
|switch|p1a: Basculegion|Basculegion, L50, M|100/100|[from] Parting Shot
|move|p2a: My1stFlip|Trick Room|p2a: My1stFlip
|-fieldstart|move: Trick Room|[of] p2a: My1stFlip
|
|upkeep
|turn|2
|
|t:|1782457029
|switch|p1b: Incineroar|Incineroar, L50, M|100/100
|-ability|p1b: Incineroar|Intimidate|boost
|-unboost|p2a: My1stFlip|atk|1
|-unboost|p2b: My1stRoar|atk|1
|move|p2a: My1stFlip|Psychic|p1a: Basculegion
|-damage|p1a: Basculegion|60/100
|move|p2b: My1stRoar|Assurance|p1a: Basculegion
|-supereffective|p1a: Basculegion|1
|-damage|p1a: Basculegion|1/100
|move|p1a: Basculegion|Flip Turn|p2b: My1stRoar
|-supereffective|p2b: My1stRoar|1
|-damage|p2b: My1stRoar|35/100
|
|t:|1782457043
|switch|p1a: Raichu|Raichu-Mega-Y, L50, F|81/100|[from] Flip Turn
|
|upkeep
|turn|3
|
|t:|1782457057
|move|p1a: Raichu|Protect|p1a: Raichu
|-singleturn|p1a: Raichu|Protect
|move|p2a: My1stFlip|Psychic|p1a: Raichu
|-activate|p1a: Raichu|move: Protect
|move|p1b: Incineroar|Darkest Lariat|p2a: My1stFlip
|-supereffective|p2a: My1stFlip|1
|-damage|p2a: My1stFlip|45/100
|move|p2b: My1stRoar|Assurance|p1a: Raichu
|-activate|p1a: Raichu|move: Protect
|
|upkeep
|turn|4
|inactive|x5414 has 30 seconds left.
|
|t:|1782457085
|switch|p2b: My Direction|Sinistcha, L50|100/100
|-heal|p2a: My1stFlip|70/100|[from] ability: Hospitality|[of] p2b: My Direction
|switch|p1a: Scizor|Scizor, L50, F|100/100
|move|p1b: Incineroar|Parting Shot|p2b: My Direction
|-unboost|p2b: My Direction|atk|1
|-unboost|p2b: My Direction|spa|1
|
|t:|1782457089
|switch|p1b: Raichu|Raichu-Mega-Y, L50, F|81/100|[from] Parting Shot
|move|p2a: My1stFlip|Psychic|p1a: Scizor
|-resisted|p1a: Scizor|1
|-damage|p1a: Scizor|79/100
|
|-heal|p1a: Scizor|85/100|[from] item: Leftovers
|upkeep
|turn|5
|
|t:|1782457109
|move|p1a: Scizor|Curse|p1a: Scizor
|-unboost|p1a: Scizor|spe|1
|-boost|p1a: Scizor|atk|1
|-boost|p1a: Scizor|def|1
|move|p1b: Raichu|Zap Cannon|p2a: My1stFlip
|-damage|p2a: My1stFlip|6/100
|-status|p2a: My1stFlip|par
|move|p2a: My1stFlip|Trick Room|p2a: My1stFlip
|-fieldend|move: Trick Room
|move|p2b: My Direction|Trick Room|p2b: My Direction
|-fieldstart|move: Trick Room|[of] p2b: My Direction
|
|-heal|p1a: Scizor|92/100|[from] item: Leftovers
|upkeep
|turn|6
|inactive|x5414 has 30 seconds left.
|inactive|25th_mang has 30 seconds left.
|
|t:|1782457137
|switch|p2b: My1stRoar|Incineroar, L50, M|35/100
|-ability|p2b: My1stRoar|Intimidate|boost
|-unboost|p1a: Scizor|atk|1
|-unboost|p1b: Raichu|atk|1
|switch|p1b: Incineroar|Incineroar, L50, M|100/100
|-ability|p1b: Incineroar|Intimidate|boost
|-unboost|p2a: My1stFlip|atk|1
|-unboost|p2b: My1stRoar|atk|1
|move|p2a: My1stFlip|Hyper Voice|p1a: Scizor|[spread] p1a,p1b
|-resisted|p1a: Scizor|1
|-damage|p1a: Scizor|76/100
|-damage|p1b: Incineroar|78/100
|move|p1a: Scizor|Bug Bite|p2a: My1stFlip
|-supereffective|p2a: My1stFlip|1
|-damage|p2a: My1stFlip|0 fnt
|faint|p2a: My1stFlip
|
|-heal|p1a: Scizor|83/100|[from] item: Leftovers
|upkeep
|
|t:|1782457157
|switch|p2a: My Direction|Sinistcha, L50|100/100
|-heal|p2b: My1stRoar|60/100|[from] ability: Hospitality|[of] p2a: My Direction
|turn|7
|
|t:|1782457163
|move|p1b: Incineroar|Fake Out|p2b: My1stRoar
|-damage|p2b: My1stRoar|49/100
|move|p1a: Scizor|Bug Bite|p2b: My1stRoar
|-damage|p2b: My1stRoar|3/100
|move|p2a: My Direction|Life Dew||[still]|[spread] p2a,p2b
|-fail|p2a: My Direction|heal
|-heal|p2b: My1stRoar|28/100
|cant|p2b: My1stRoar|flinch
|
|-heal|p1a: Scizor|89/100|[from] item: Leftovers
|upkeep
|turn|8
|
|t:|1782457179
|move|p1a: Scizor|Protect|p1a: Scizor
|-singleturn|p1a: Scizor|Protect
|move|p2a: My Direction|Rage Powder|p2a: My Direction
|-singleturn|p2a: My Direction|move: Rage Powder
|move|p1b: Incineroar|Darkest Lariat|p2a: My Direction
|-supereffective|p2a: My Direction|1
|-damage|p2a: My Direction|46/100
|-enditem|p2a: My Direction|Sitrus Berry|[eat]
|-heal|p2a: My Direction|70/100|[from] item: Sitrus Berry
|move|p2b: My1stRoar|Flare Blitz|p1a: Scizor
|-activate|p1a: Scizor|move: Protect
|
|-heal|p1a: Scizor|95/100|[from] item: Leftovers
|upkeep
|turn|9
|
|t:|1782457193
|move|p1a: Scizor|Bullet Punch|p2a: My Direction
|-damage|p2a: My Direction|43/100
|move|p1b: Incineroar|Darkest Lariat|p2a: My Direction
|-supereffective|p2a: My Direction|1
|-damage|p2a: My Direction|0 fnt
|faint|p2a: My Direction
|move|p2b: My1stRoar|Assurance|p1a: Scizor
|-damage|p1a: Scizor|83/100
|
|-heal|p1a: Scizor|89/100|[from] item: Leftovers
|-fieldend|move: Trick Room
|upkeep
|
|t:|1782457199
|switch|p2a: Hockey Rivalry|Crabominable, L50, M|100/100
|turn|10
|
|t:|1782457219
|move|p1a: Scizor|Bullet Punch|p2b: My1stRoar
|-resisted|p2b: My1stRoar|1
|-damage|p2b: My1stRoar|12/100
|move|p2b: My1stRoar|Flare Blitz|p1a: Scizor
|-supereffective|p1a: Scizor|2
|-damage|p1a: Scizor|0 fnt
|faint|p1a: Scizor
|-damage|p2b: My1stRoar|0 fnt|[from] Recoil
|faint|p2b: My1stRoar
|move|p1b: Incineroar|Flare Blitz|p2a: Hockey Rivalry
|-supereffective|p2a: Hockey Rivalry|1
|-damage|p2a: Hockey Rivalry|7/100
|-damage|p1b: Incineroar|48/100|[from] Recoil
|-enditem|p1b: Incineroar|Sitrus Berry|[eat]
|-heal|p1b: Incineroar|73/100|[from] item: Sitrus Berry
|move|p2a: Hockey Rivalry|Drain Punch|p1b: Incineroar
|-supereffective|p1b: Incineroar|1
|-damage|p1b: Incineroar|3/100
|-heal|p2a: Hockey Rivalry|42/100|[from] drain|[of] p1b: Incineroar
|
|upkeep
|
|t:|1782457238
|switch|p1a: Raichu|Raichu-Mega-Y, L50, F|81/100
|turn|11
|
|t:|1782457243
|move|p1a: Raichu|Zap Cannon|p2a: Hockey Rivalry
|-damage|p2a: Hockey Rivalry|0 fnt
|faint|p2a: Hockey Rivalry
|
|win|x5414
||x5414 is ready for game 3.
|l|☆25th_mang
|player|p2|
||25th_mang is ready for game 3.
|uhtml|next|Next: Game 3 of 3
|l|☆x5414
|player|p1|
|j|☆25th_mang
|player|p2|25th_mang|ballguy|
