|j|☆kethhhhhh
|j|☆eklyst
|html|kethhhhhheklyst    
|uhtml|bestof|Game 1 of a best-of-3
|t:|1785646053
|gametype|doubles
|player|p1|kethhhhhh|lady|1090
|player|p2|eklyst|pokemaniac|1153
|gen|9
|tier|[Gen 9 Champions] VGC 2026 Reg M-B (Bo3)
|rated|
|rule|Species Clause: Limit one of each Pokémon
|rule|Item Clause: Limit 1 of each item
|clearpoke
|poke|p1|Aerodactyl, L50, M|
|poke|p1|Lopunny, L50, F|
|poke|p1|Altaria, L50, F|
|poke|p1|Blaziken, L50, M|
|poke|p1|Kingambit, L50, M|
|poke|p1|Rotom-Wash, L50|
|poke|p2|Metagross, L50|
|poke|p2|Floette-Eternal, L50, F|
|poke|p2|Garchomp, L50, M|
|poke|p2|Aerodactyl, L50, F|
|poke|p2|Sinistcha, L50|
|poke|p2|Incineroar, L50, F|
|teampreview|4
|showteam|p1|Aerodactyl||Aerodactylite|Unnerve|DualWingbeat,RockSlide,IceFang,Protect|Jolly||M|||50|]Lopunny||Lopunnite|Limber|FakeOut,Uturn,CloseCombat,Protect|Jolly||F|||50|]Altaria||SitrusBerry|CloudNine|Haze,Tailwind,BraveBird,Roost|Impish||F|||50|]Blaziken||ExpertBelt|SpeedBoost|CloseCombat,FlareBlitz,RockSlide,Protect|Adamant||M|||50|]Kingambit||LifeOrb|Defiant|SuckerPunch,KowtowCleave,IronHead,Protect|Adamant||M|||50|]Rotom-Wash||Leftovers|Levitate|HydroPump,Thunderbolt,VoltSwitch,ThunderWave|Modest|||||50|
|showteam|p2|Metagross||Metagrossite|ClearBody|PsychicFangs,IronHead,BulletPunch,Protect|Adamant|||||50|]Floette-Eternal||Floettite|FlowerVeil|DazzlingGleam,Moonblast,CalmMind,Protect|Modest||F|||50|]Garchomp||LifeOrb|RoughSkin|RockSlide,StompingTantrum,DragonClaw,Protect|Jolly||M|||50|]Aerodactyl||FocusSash|Unnerve|RockSlide,DualWingbeat,Tailwind,Protect|Jolly||F|||50|]Sinistcha||KasibBerry|Hospitality|MatchaGotcha,TrickRoom,RagePowder,Protect|Relaxed|||||50|]Incineroar||SitrusBerry|Intimidate|FakeOut,FlareBlitz,Taunt,PartingShot|Adamant||F|||50|
|inactive|Battle timer is ON: inactive players will automatically lose when time's up. (requested by eklyst)
|inactive|kethhhhhh has 60 seconds left.
|inactive|eklyst has 60 seconds left.
|
|t:|1785646104
|teamsize|p1|4
|teamsize|p2|4
|start
|switch|p1a: Altaria|Altaria, L50, F|100/100
|switch|p1b: Aerodactyl|Aerodactyl, L50, M|100/100
|switch|p2a: Sinistcha|Sinistcha, L50|100/100
|switch|p2b: Incineroar|Incineroar, L50, F|100/100
|-ability|p1b: Aerodactyl|Unnerve
|-ability|p1a: Altaria|Cloud Nine
|-ability|p2b: Incineroar|Intimidate|boost
|-unboost|p1a: Altaria|atk|1
|-unboost|p1b: Aerodactyl|atk|1
|turn|1
|inactive|kethhhhhh has 30 seconds left.
|
|t:|1785646133
|detailschange|p1b: Aerodactyl|Aerodactyl-Mega, L50, M
|-mega|p1b: Aerodactyl|Aerodactyl|Aerodactylite
|move|p2b: Incineroar|Fake Out|p1b: Aerodactyl
|-resisted|p1b: Aerodactyl|1
|-damage|p1b: Aerodactyl|91/100
|cant|p1b: Aerodactyl|flinch
|move|p1a: Altaria|Tailwind|p1a: Altaria
|-sidestart|p1: kethhhhhh|move: Tailwind
|move|p2a: Sinistcha|Trick Room|p2a: Sinistcha
|-fieldstart|move: Trick Room|[of] p2a: Sinistcha
|
|upkeep
|turn|2
|
|t:|1785646148
|move|p2a: Sinistcha|Matcha Gotcha|p1a: Altaria|[spread] p1a,p1b
|-resisted|p1a: Altaria|2
|-damage|p1a: Altaria|94/100
|-damage|p1b: Aerodactyl|62/100
|move|p2b: Incineroar|Parting Shot|p1a: Altaria
|-unboost|p1a: Altaria|atk|1
|-unboost|p1a: Altaria|spa|1
|
|t:|1785646155
|switch|p2b: Floette|Floette-Eternal, L50, F|100/100|[from] Parting Shot
|move|p1a: Altaria|Haze|p1a: Altaria
|-clearallboost
|move|p1b: Aerodactyl|Rock Slide|p2a: Sinistcha|[spread] p2a
|-miss|p1b: Aerodactyl|p2b: Floette
|-damage|p2a: Sinistcha|76/100
|
|upkeep
|turn|3
|
|t:|1785646173
|switch|p2a: Incineroar|Incineroar, L50, F|100/100
|-ability|p2a: Incineroar|Intimidate|boost
|-unboost|p1a: Altaria|atk|1
|-unboost|p1b: Aerodactyl|atk|1
|detailschange|p2b: Floette|Floette-Mega, L50, F
|-mega|p2b: Floette|Floette|Floettite
|-ability|p2b: Floette|Fairy Aura
|move|p2b: Floette|Dazzling Gleam|p1a: Altaria|[spread] p1a,p1b
|-supereffective|p1a: Altaria|1
|-damage|p1a: Altaria|5/100
|-damage|p1b: Aerodactyl|8/100
|-enditem|p1a: Altaria|Sitrus Berry|[eat]
|-heal|p1a: Altaria|29/100|[from] item: Sitrus Berry
|move|p1a: Altaria|Haze|p1a: Altaria
|-clearallboost
|move|p1b: Aerodactyl|Dual Wingbeat|p2b: Floette
|-damage|p2b: Floette|75/100
|-damage|p2b: Floette|45/100
|-hitcount|p2b: Floette|2
|
|upkeep
|turn|4
|
|t:|1785646197
|switch|p2a: Sinistcha|Sinistcha, L50|76/100
|-heal|p2b: Floette|70/100|[from] ability: Hospitality|[of] p2a: Sinistcha
|move|p1b: Aerodactyl|Protect|p1b: Aerodactyl
|-singleturn|p1b: Aerodactyl|Protect
|move|p2b: Floette|Dazzling Gleam|p1a: Altaria|[spread] p1a
|-activate|p1b: Aerodactyl|move: Protect
|-supereffective|p1a: Altaria|1
|-damage|p1a: Altaria|0 fnt
|faint|p1a: Altaria
|
|-sideend|p1: kethhhhhh|move: Tailwind
|upkeep
|
|t:|1785646206
|switch|p1a: Kingambit|Kingambit, L50, M|100/100
|turn|5
|
|t:|1785646217
|move|p2a: Sinistcha|Rage Powder|p2a: Sinistcha
|-singleturn|p2a: Sinistcha|move: Rage Powder
|move|p1a: Kingambit|Kowtow Cleave|p2a: Sinistcha
|-supereffective|p2a: Sinistcha|1
|-damage|p2a: Sinistcha|0 fnt
|faint|p2a: Sinistcha
|-damage|p1a: Kingambit|90/100|[from] item: Life Orb
|move|p2b: Floette|Dazzling Gleam|p1b: Aerodactyl|[spread] p1a,p1b
|-damage|p1a: Kingambit|40/100
|-damage|p1b: Aerodactyl|0 fnt
|faint|p1b: Aerodactyl
|
|-fieldend|move: Trick Room
|upkeep
|
|t:|1785646226
|switch|p1b: Blaziken|Blaziken, L50, M|100/100
|switch|p2a: Garchomp|Garchomp, L50, M|100/100
|turn|6
|
|t:|1785646245
|move|p1b: Blaziken|Protect|p1b: Blaziken
|-singleturn|p1b: Blaziken|Protect
|move|p1a: Kingambit|Protect|p1a: Kingambit
|-singleturn|p1a: Kingambit|Protect
|move|p2a: Garchomp|Stomping Tantrum|p1a: Kingambit
|-activate|p1a: Kingambit|move: Protect
|move|p2b: Floette|Dazzling Gleam|p1b: Blaziken|[spread] 
|-activate|p1a: Kingambit|move: Protect
|-activate|p1b: Blaziken|move: Protect
|
|-ability|p1b: Blaziken|Speed Boost|boost
|-boost|p1b: Blaziken|spe|1
|upkeep
|turn|7
|
|t:|1785646263
|switch|p2b: Incineroar|Incineroar, L50, F|100/100
|-ability|p2b: Incineroar|Intimidate|boost
|-unboost|p1a: Kingambit|atk|1
|-ability|p1a: Kingambit|Defiant|boost
|-boost|p1a: Kingambit|atk|2
|-unboost|p1b: Blaziken|atk|1
|move|p1a: Kingambit|Sucker Punch|p2a: Garchomp
|-damage|p2a: Garchomp|11/100
|-damage|p1a: Kingambit|28/100|[from] ability: Rough Skin|[of] p2a: Garchomp
|-damage|p1a: Kingambit|18/100|[from] item: Life Orb
|move|p1b: Blaziken|Close Combat|p2a: Garchomp
|-damage|p2a: Garchomp|0 fnt
|-unboost|p1b: Blaziken|def|1
|-unboost|p1b: Blaziken|spd|1
|-damage|p1b: Blaziken|87/100|[from] ability: Rough Skin|[of] p2a: Garchomp
|faint|p2a: Garchomp
|
|-ability|p1b: Blaziken|Speed Boost|boost
|-boost|p1b: Blaziken|spe|1
|upkeep
|
|t:|1785646278
|switch|p2a: Floette|Floette-Mega, L50, F|70/100
|-ability|p2a: Floette|Fairy Aura
|turn|8
|
|t:|1785646286
|move|p1b: Blaziken|Protect|p1b: Blaziken
|-singleturn|p1b: Blaziken|Protect
|move|p1a: Kingambit|Protect|p1a: Kingambit
|-singleturn|p1a: Kingambit|Protect
|move|p2b: Incineroar|Fake Out|p1b: Blaziken
|-activate|p1b: Blaziken|move: Protect
|move|p2a: Floette|Dazzling Gleam|p1a: Kingambit|[spread] 
|-activate|p1a: Kingambit|move: Protect
|-activate|p1b: Blaziken|move: Protect
|
|-ability|p1b: Blaziken|Speed Boost|boost
|-boost|p1b: Blaziken|spe|1
|upkeep
|turn|9
|
|t:|1785646302
|move|p1a: Kingambit|Sucker Punch|p2b: Incineroar
|-resisted|p2b: Incineroar|1
|-damage|p2b: Incineroar|59/100
|-damage|p1a: Kingambit|9/100|[from] item: Life Orb
|move|p1b: Blaziken|Flare Blitz|p2a: Floette
|-damage|p2a: Floette|27/100
|-damage|p1b: Blaziken|71/100|[from] Recoil
|move|p2a: Floette|Dazzling Gleam|p1a: Kingambit|[spread] p1a,p1b
|-damage|p1a: Kingambit|0 fnt
|-damage|p1b: Blaziken|0 fnt
|faint|p1a: Kingambit
|faint|p1b: Blaziken
|
|win|eklyst
||kethhhhhh is ready for game 2.
|l|☆kethhhhhh
|player|p1|
|inactive|eklyst has 30 seconds to confirm battle start!
||eklyst is ready for game 2.
|uhtml|next|Next: Game 2 of 3
