|j|☆ChrisJHall12
|j|☆NON CRITTARMI BRO
|html|ChrisJHall12NON CRITTARMI BRO    
|uhtml|bestof|Game 2 of a best-of-3
|t:|1782652351
|gametype|doubles
|player|p1|ChrisJHall12|102|1216
|player|p2|NON CRITTARMI BRO|170|1297
|gen|9
|tier|[Gen 9 Champions] VGC 2026 Reg M-B (Bo3)
|rated|
|rule|Species Clause: Limit one of each Pokémon
|rule|Item Clause: Limit 1 of each item
|clearpoke
|poke|p1|Mawile, L50, F|
|poke|p1|Farigiraf, L50, M|
|poke|p1|Charizard, L50, F|
|poke|p1|Garchomp, L50, F|
|poke|p1|Incineroar, L50, M|
|poke|p1|Aerodactyl, L50, M|
|poke|p2|Incineroar, L50, M|
|poke|p2|Sinistcha, L50|
|poke|p2|Staraptor, L50, F|
|poke|p2|Basculegion, L50, M|
|poke|p2|Kingambit, L50, F|
|poke|p2|Sneasler, L50, M|
|teampreview|4
|showteam|p1|Mawile||Mawilite|HyperCutter|SwordsDance,PlayRough,SuckerPunch,Protect|Adamant||F|||50|]Farigiraf||SitrusBerry|ArmorTail|TrickRoom,PsychicNoise,GrassKnot,SunnyDay|Bold||M|||50|]Charizard||CharizarditeY|Blaze|WeatherBall,HeatWave,SolarBeam,Protect|Modest||F|||50|]Garchomp||LifeOrb|RoughSkin|RockSlide,DragonClaw,Earthquake,Protect|Adamant||F|||50|]Incineroar||Leftovers|Intimidate|FakeOut,ThroatChop,FlareBlitz,PartingShot|Impish||M|||50|]Aerodactyl||FocusSash|Unnerve|Tailwind,SunnyDay,RockSlide,WideGuard|Jolly||M|||50|
|showteam|p2|Incineroar||PasshoBerry|Intimidate|FlareBlitz,ThroatChop,PartingShot,FakeOut|Impish||M|||50|]Sinistcha||KasibBerry|Hospitality|Protect,TrickRoom,MatchaGotcha,RagePowder|Relaxed|||||50|]Staraptor||Staraptite|Intimidate|CloseCombat,BraveBird,Roost,Protect|Adamant||F|||50|]Basculegion||ChoiceScarf|Adaptability|FlipTurn,AquaJet,LastRespects,WaveCrash|Jolly||M|||50|]Kingambit||BlackGlasses|Defiant|Protect,KowtowCleave,SuckerPunch,SwordsDance|Adamant||F|||50|]Sneasler||WhiteHerb|Unburden|Protect,GunkShot,CloseCombat,FakeOut|Jolly||M|||50|
|
|t:|1782652363
|teamsize|p1|4
|teamsize|p2|4
|start
|switch|p1a: Mawile|Mawile, L50, F|100/100
|switch|p1b: Farigiraf|Farigiraf, L50, M|100/100
|switch|p2a: Kingambit|Kingambit, L50, F|100/100
|switch|p2b: Sneasler|Sneasler, L50, M|100/100
|turn|1
|
|t:|1782652391
|move|p2b: Sneasler|Close Combat|p1a: Mawile
|-crit|p1a: Mawile
|-damage|p1a: Mawile|0 fnt
|-unboost|p2b: Sneasler|def|1
|-unboost|p2b: Sneasler|spd|1
|faint|p1a: Mawile
|-enditem|p2b: Sneasler|White Herb
|-clearnegativeboost|p2b: Sneasler|[silent]
|move|p1b: Farigiraf|Psychic Noise|p2b: Sneasler
|-supereffective|p2b: Sneasler|2
|-damage|p2b: Sneasler|0 fnt
|faint|p2b: Sneasler
|move|p2a: Kingambit|Swords Dance|p2a: Kingambit
|-boost|p2a: Kingambit|atk|2
|
|upkeep
|
|t:|1782652405
|switch|p2b: Sinistcha|Sinistcha, L50|100/100
|switch|p1a: Garchomp|Garchomp, L50, F|100/100
|turn|2
|
|t:|1782652411
|switch|p2b: Incineroar|Incineroar, L50, M|100/100
|-ability|p2b: Incineroar|Intimidate|boost
|-unboost|p1a: Garchomp|atk|1
|-unboost|p1b: Farigiraf|atk|1
|move|p1a: Garchomp|Earthquake|p2b: Incineroar|[spread] p1b,p2a,p2b
|-crit|p1b: Farigiraf
|-supereffective|p2a: Kingambit|1
|-supereffective|p2b: Incineroar|1
|-damage|p1b: Farigiraf|39/100
|-damage|p2a: Kingambit|47/100
|-damage|p2b: Incineroar|44/100
|-enditem|p1b: Farigiraf|Sitrus Berry|[eat]
|-heal|p1b: Farigiraf|64/100|[from] item: Sitrus Berry
|-damage|p1a: Garchomp|90/100|[from] item: Life Orb
|move|p1b: Farigiraf|Grass Knot|p2a: Kingambit
|-resisted|p2a: Kingambit|1
|-damage|p2a: Kingambit|35/100
|move|p2a: Kingambit|Kowtow Cleave|p1a: Garchomp
|-damage|p1a: Garchomp|0 fnt
|-damage|p2a: Kingambit|23/100|[from] ability: Rough Skin|[of] p1a: Garchomp
|faint|p1a: Garchomp
|
|upkeep
|
|t:|1782652426
|switch|p1a: Incineroar|Incineroar, L50, M|100/100
|-ability|p1a: Incineroar|Intimidate|boost
|-unboost|p2a: Kingambit|atk|1
|-ability|p2a: Kingambit|Defiant|boost
|-boost|p2a: Kingambit|atk|2
|-unboost|p2b: Incineroar|atk|1
|turn|3
|
|t:|1782652436
|switch|p2b: Sinistcha|Sinistcha, L50|100/100
|-heal|p2a: Kingambit|47/100|[from] ability: Hospitality|[of] p2b: Sinistcha
|move|p2a: Kingambit|Protect|p2a: Kingambit
|-singleturn|p2a: Kingambit|Protect
|move|p1a: Incineroar|Flare Blitz|p2b: Sinistcha
|-supereffective|p2b: Sinistcha|1
|-damage|p2b: Sinistcha|39/100
|-damage|p1a: Incineroar|82/100|[from] Recoil
|move|p1b: Farigiraf|Sunny Day|p1b: Farigiraf
|-weather|SunnyDay
|
|-weather|SunnyDay|[upkeep]
|-heal|p1a: Incineroar|88/100|[from] item: Leftovers
|upkeep
|turn|4
|
|t:|1782652456
|move|p2b: Sinistcha|Rage Powder|p2b: Sinistcha
|-singleturn|p2b: Sinistcha|move: Rage Powder
|move|p1a: Incineroar|Flare Blitz|p2b: Sinistcha
|-supereffective|p2b: Sinistcha|1
|-crit|p2b: Sinistcha
|-damage|p2b: Sinistcha|0 fnt
|faint|p2b: Sinistcha
|-damage|p1a: Incineroar|76/100|[from] Recoil
|move|p1b: Farigiraf|Psychic Noise|p2a: Kingambit
|-immune|p2a: Kingambit
|move|p2a: Kingambit|Kowtow Cleave|p1b: Farigiraf
|-supereffective|p1b: Farigiraf|1
|-damage|p1b: Farigiraf|0 fnt
|faint|p1b: Farigiraf
|
|-weather|SunnyDay|[upkeep]
|-heal|p1a: Incineroar|82/100|[from] item: Leftovers
|upkeep
|
|t:|1782652466
|switch|p2b: Incineroar|Incineroar, L50, M|44/100
|-ability|p2b: Incineroar|Intimidate|boost
|-unboost|p1a: Incineroar|atk|1
|turn|5
|
|t:|1782652470
|move|p2b: Incineroar|Fake Out|p1a: Incineroar
|-damage|p1a: Incineroar|75/100
|cant|p1a: Incineroar|flinch
|move|p2a: Kingambit|Kowtow Cleave|p1a: Incineroar
|-resisted|p1a: Incineroar|1
|-damage|p1a: Incineroar|19/100
|
|-weather|SunnyDay|[upkeep]
|-heal|p1a: Incineroar|25/100|[from] item: Leftovers
|upkeep
|turn|6
|
|t:|1782652481
|move|p2a: Kingambit|Sucker Punch|p1a: Incineroar
|-resisted|p1a: Incineroar|1
|-crit|p1a: Incineroar
|-damage|p1a: Incineroar|0 fnt
|faint|p1a: Incineroar
|
|win|NON CRITTARMI BRO
||ChrisJHall12 is ready for game 3.
||NON CRITTARMI BRO is ready for game 3.
|uhtml|next|Next: Game 3 of 3
|l|☆NON CRITTARMI BRO
|player|p2|
