|j|☆Daniw9
|j|☆palle synchro
|html|Daniw9palle synchro    
|uhtml|bestof|Game 3 of a best-of-3
|t:|1754749968
|gametype|doubles
|player|p1|Daniw9|265|1202
|player|p2|palle synchro|volkner|1408
|gen|9
|tier|[Gen 9] VGC 2025 Reg H (Bo3)
|rated|
|rule|Species Clause: Limit one of each Pokémon
|rule|Item Clause: Limit 1 of each item
|clearpoke
|poke|p1|Porygon2, L50|
|poke|p1|Ursaluna, L50, M|
|poke|p1|Amoonguss, L50, F|
|poke|p1|Rillaboom, L50, F|
|poke|p1|Sneasler, L50, M|
|poke|p1|Kingambit, L50, M|
|poke|p2|Whimsicott, L50, F|
|poke|p2|Dragonite, L50, M|
|poke|p2|Indeedee, L50, M|
|poke|p2|Sneasler, L50, M|
|poke|p2|Ursaluna-Bloodmoon, L50, M|
|poke|p2|Archaludon, L50, M|
|teampreview|4
|showteam|p1|Porygon2||Eviolite|Download|TeraBlast,TrickRoom,Recover,IceBeam||||||50|,,,,,Fighting]Ursaluna||FlameOrb|Guts|Facade,HeadlongRush,SwordsDance,Protect|||M|||50|,,,,,Ghost]Amoonguss||RockyHelmet|Regenerator|Spore,PollenPuff,ClearSmog,RagePowder|||F|||50|,,,,,Water]Rillaboom||AssaultVest|GrassySurge|Uturn,WoodHammer,GrassyGlide,FakeOut|||F|||50|,,,,,Fire]Sneasler||GrassySeed|Unburden|DireClaw,CloseCombat,Acrobatics,Protect|||M|||50|,,,,,Flying]Kingambit||SafetyGoggles|Defiant|SuckerPunch,KowtowCleave,Protect,SwordsDance|||M|||50|,,,,,Ghost
|showteam|p2|Whimsicott||CovertCloak|Prankster|Moonblast,Taunt,Tailwind,FakeTears|||F|||50|,,,,,Water]Dragonite||LoadedDice|Multiscale|ScaleShot,StompingTantrum,Haze,Protect|||M|||50|,,,,,Steel]Indeedee||FocusSash|PsychicSurge|ExpandingForce,TeraBlast,Imprison,TrickRoom|||M|||50|,,,,,Psychic]Sneasler||PsychicSeed|Unburden|CloseCombat,DireClaw,ThroatChop,Protect|||M|||50|,,,,,Dark]Ursaluna-Bloodmoon||LifeOrb|MindsEye|HyperVoice,BloodMoon,EarthPower,Protect|||M|||50|,,,,,Normal]Archaludon||PowerHerb|Stalwart|ElectroShot,DragonPulse,Thunderbolt,Protect|||M|||50|,,,,,Electric
|inactive|Battle timer is ON: inactive players will automatically lose when time's up. (requested by palle synchro)
|inactive|palle synchro has 60 seconds left.
|
|t:|1754750012
|teamsize|p1|4
|teamsize|p2|4
|start
|switch|p1a: Rillaboom|Rillaboom, L50, F|100/100
|switch|p1b: Sneasler|Sneasler, L50, M|100/100
|switch|p2a: Whimsicott|Whimsicott, L50, F|100/100
|switch|p2b: Archaludon|Archaludon, L50, M|100/100
|-fieldstart|move: Grassy Terrain|[from] ability: Grassy Surge|[of] p1a: Rillaboom
|-enditem|p1b: Sneasler|Grassy Seed
|-boost|p1b: Sneasler|def|1|[from] item: Grassy Seed
|turn|1
|
|t:|1754750032
|-terastallize|p2b: Archaludon|Electric
|move|p1b: Sneasler|Protect|p1b: Sneasler
|-singleturn|p1b: Sneasler|Protect
|move|p2a: Whimsicott|Tailwind|p2a: Whimsicott
|-sidestart|p2: palle synchro|move: Tailwind
|move|p2b: Archaludon|Electro Shot||[still]
|-prepare|p2b: Archaludon|Electro Shot
|-boost|p2b: Archaludon|spa|1
|-enditem|p2b: Archaludon|Power Herb
|-anim|p2b: Archaludon|Electro Shot|p1b: Sneasler
|-activate|p1b: Sneasler|move: Protect
|move|p1a: Rillaboom|U-turn|p2a: Whimsicott
|-damage|p2a: Whimsicott|67/100
|
|t:|1754750044
|switch|p1a: Porygon2|Porygon2, L50|100/100|[from] U-turn
|-ability|p1a: Porygon2|Download|boost
|-boost|p1a: Porygon2|spa|1
|
|-heal|p2a: Whimsicott|73/100|[from] Grassy Terrain
|upkeep
|turn|2
|
|t:|1754750054
|switch|p1a: Rillaboom|Rillaboom, L50, F|100/100
|move|p2a: Whimsicott|Taunt|p1a: Rillaboom
|-start|p1a: Rillaboom|move: Taunt
|move|p1b: Sneasler|Dire Claw|p2a: Whimsicott
|-supereffective|p2a: Whimsicott
|-damage|p2a: Whimsicott|0 fnt
|faint|p2a: Whimsicott
|move|p2b: Archaludon|Dragon Pulse|p1b: Sneasler
|-damage|p1b: Sneasler|2/100
|
|-heal|p1b: Sneasler|8/100|[from] Grassy Terrain
|upkeep
|
|t:|1754750075
|switch|p2a: Indeedee|Indeedee, L50, M|100/100
|-fieldstart|move: Psychic Terrain|[from] ability: Psychic Surge|[of] p2a: Indeedee
|turn|3
|
|t:|1754750091
|switch|p1a: Kingambit|Kingambit, L50, M|100/100
|move|p1b: Sneasler|Protect|p1b: Sneasler
|-singleturn|p1b: Sneasler|Protect
|move|p2a: Indeedee|Expanding Force|p1b: Sneasler|[spread] 
|-activate|p1b: Sneasler|move: Protect
|-immune|p1a: Kingambit
|move|p2b: Archaludon|Thunderbolt|p1a: Kingambit
|-damage|p1a: Kingambit|33/100
|
|upkeep
|turn|4
|
|t:|1754750112
|switch|p2a: Sneasler|Sneasler, L50, M|100/100
|-enditem|p2a: Sneasler|Psychic Seed
|-boost|p2a: Sneasler|spd|1|[from] item: Psychic Seed
|switch|p1a: Rillaboom|Rillaboom, L50, F|100/100
|-fieldstart|move: Grassy Terrain|[from] ability: Grassy Surge|[of] p1a: Rillaboom
|move|p1b: Sneasler|Dire Claw|p2a: Sneasler
|-resisted|p2a: Sneasler
|-damage|p2a: Sneasler|67/100
|move|p2b: Archaludon|Dragon Pulse|p1b: Sneasler
|-damage|p1b: Sneasler|0 fnt
|faint|p1b: Sneasler
|
|-heal|p2a: Sneasler|73/100|[from] Grassy Terrain
|-sideend|p2: palle synchro|move: Tailwind
|upkeep
|
|t:|1754750125
|switch|p1b: Porygon2|Porygon2, L50|100/100
|-ability|p1b: Porygon2|Download|boost
|-boost|p1b: Porygon2|spa|1
|turn|5
|
|t:|1754750140
|switch|p2a: Indeedee|Indeedee, L50, M|100/100
|-fieldstart|move: Psychic Terrain|[from] ability: Psychic Surge|[of] p2a: Indeedee
|-terastallize|p1b: Porygon2|Fighting
|move|p1a: Rillaboom|Fake Out|p2a: Indeedee
|-activate|p2a: Indeedee|move: Psychic Terrain
|move|p2b: Archaludon|Dragon Pulse|p1b: Porygon2
|-damage|p1b: Porygon2|55/100
|move|p1b: Porygon2|Trick Room|p1b: Porygon2
|-fieldstart|move: Trick Room|[of] p1b: Porygon2
|
|upkeep
|turn|6
|
|t:|1754750162
|move|p1b: Porygon2|Ice Beam|p2a: Indeedee
|-damage|p2a: Indeedee|53/100
|move|p1a: Rillaboom|U-turn|p2a: Indeedee
|-supereffective|p2a: Indeedee
|-damage|p2a: Indeedee|0 fnt
|faint|p2a: Indeedee
|
|t:|1754750167
|switch|p1a: Kingambit|Kingambit, L50, M|33/100|[from] U-turn
|move|p2b: Archaludon|Dragon Pulse|p1b: Porygon2
|-damage|p1b: Porygon2|11/100
|
|upkeep
|
|t:|1754750170
|switch|p2a: Sneasler|Sneasler, L50, M|73/100
|turn|7
|
|t:|1754750187
|move|p2b: Archaludon|Protect|p2b: Archaludon
|-singleturn|p2b: Archaludon|Protect
|move|p1b: Porygon2|Tera Blast|p2b: Archaludon|[anim] Tera Blast Fighting
|-activate|p2b: Archaludon|move: Protect
|move|p1a: Kingambit|Kowtow Cleave|p2b: Archaludon
|-activate|p2b: Archaludon|move: Protect
|move|p2a: Sneasler|Close Combat|p1a: Kingambit
|-supereffective|p1a: Kingambit
|-damage|p1a: Kingambit|0 fnt
|-unboost|p2a: Sneasler|def|1
|-unboost|p2a: Sneasler|spd|1
|faint|p1a: Kingambit
|
|upkeep
|
|t:|1754750191
|switch|p1a: Rillaboom|Rillaboom, L50, F|100/100
|-fieldstart|move: Grassy Terrain|[from] ability: Grassy Surge|[of] p1a: Rillaboom
|turn|8
|inactive|palle synchro has 30 seconds left.
|
|t:|1754750219
|move|p2a: Sneasler|Protect|p2a: Sneasler
|-singleturn|p2a: Sneasler|Protect
|move|p1b: Porygon2|Tera Blast|p2b: Archaludon|[anim] Tera Blast Fighting
|-damage|p2b: Archaludon|29/100
|move|p1a: Rillaboom|Wood Hammer|p2a: Sneasler
|-activate|p2a: Sneasler|move: Protect
|move|p2b: Archaludon|Dragon Pulse|p1b: Porygon2
|-damage|p1b: Porygon2|0 fnt
|faint|p1b: Porygon2
|
|-heal|p2b: Archaludon|35/100|[from] Grassy Terrain
|-heal|p2a: Sneasler|79/100|[from] Grassy Terrain
|upkeep
|turn|9
|
|t:|1754750235
|move|p2a: Sneasler|Protect||[still]
|-fail|p2a: Sneasler
|move|p1a: Rillaboom|Wood Hammer|p2a: Sneasler
|-resisted|p2a: Sneasler
|-damage|p2a: Sneasler|0 fnt
|faint|p2a: Sneasler
|-damage|p1a: Rillaboom|79/100|[from] Recoil
|move|p2b: Archaludon|Dragon Pulse|p1a: Rillaboom
|-damage|p1a: Rillaboom|19/100
|
|-heal|p1a: Rillaboom|25/100|[from] Grassy Terrain
|-heal|p2b: Archaludon|41/100|[from] Grassy Terrain
|-fieldend|move: Trick Room
|upkeep
|turn|10
|
|t:|1754750245
|move|p2b: Archaludon|Dragon Pulse|p1a: Rillaboom
|-damage|p1a: Rillaboom|0 fnt
|faint|p1a: Rillaboom
|
|win|palle synchro
|raw|Daniw9's rating: 1202 → 1190(-12 for losing)
|raw|palle synchro's rating: 1408 → 1417(+9 for winning)
