|j|☆sadnessvgc
|j|☆Adriatic Tides
|html|sadnessvgcAdriatic Tides    
|uhtml|bestof|Game 3 of a best-of-3
|t:|1786160958
|gametype|doubles
|player|p1|sadnessvgc|brock-gen1rb|1387
|player|p2|Adriatic Tides|leon|1273
|gen|9
|tier|[Gen 9 Champions] VGC 2026 Reg M-B (Bo3)
|rated|
|rule|Species Clause: Limit one of each Pokémon
|rule|Item Clause: Limit 1 of each item
|clearpoke
|poke|p1|Staraptor, L50, F, shiny|
|poke|p1|Raichu, L50, M, shiny|
|poke|p1|Arcanine-Hisui, L50, F, shiny|
|poke|p1|Kingambit, L50, F, shiny|
|poke|p1|Sylveon, L50, M, shiny|
|poke|p1|Farigiraf, L50, M, shiny|
|poke|p2|Tyranitar, L50, M|
|poke|p2|Excadrill, L50, M|
|poke|p2|Delphox, L50, F|
|poke|p2|Sinistcha, L50|
|poke|p2|Rotom-Wash, L50|
|poke|p2|Incineroar, L50, F|
|teampreview|4
|showteam|p1|Staraptor||Staraptite|Intimidate|BraveBird,CloseCombat,Tailwind,Protect|Jolly||F|||50|]Raichu||RaichuniteY|LightningRod|ZapCannon,FocusBlast,FakeOut,Protect|Timid||M|||50|]Arcanine-Hisui||FocusSash|RockHead|FlareBlitz,HeadSmash,ExtremeSpeed,Protect|Jolly||F|||50|]Kingambit||LifeOrb|Defiant|KowtowCleave,SuckerPunch,SwordsDance,Protect|Adamant||F|||50|]Sylveon||FairyFeather|Pixilate|HyperVoice,HyperBeam,QuickAttack,Detect|Modest||M|||50|]Farigiraf||SitrusBerry|ArmorTail|Psychic,HelpingHand,TrickRoom,Protect|Calm||M|||50|
|showteam|p2|Tyranitar||Tyranitarite|SandStream|KnockOff,RockSlide,Protect,LowKick|Adamant||M|||50|]Excadrill||FocusSash|SandRush|Protect,Earthquake,IronHead,RockSlide|Jolly||M|||50|]Delphox||Delphoxite|Blaze|NastyPlot,HeatWave,Psyshock,Protect|Timid||F|||50|]Sinistcha||ColburBerry|Hospitality|TrickRoom,MatchaGotcha,Protect,RagePowder|Bold|||||50|]Rotom-Wash||Leftovers|Levitate|Electroweb,HydroPump,Protect,Thunderbolt|Timid|||||50|]Incineroar||SitrusBerry|Intimidate|FakeOut,FlareBlitz,PartingShot,ThroatChop|Careful||F|||50|
|inactive|Battle timer is ON: inactive players will automatically lose when time's up. (requested by sadnessvgc)
|
|t:|1786160981
|teamsize|p1|4
|teamsize|p2|4
|start
|switch|p1a: Raichu|Raichu, L50, M, shiny|100/100
|switch|p1b: Kingambit|Kingambit, L50, F, shiny|100/100
|switch|p2a: Delphox|Delphox, L50, F|100/100
|switch|p2b: Sinistcha|Sinistcha, L50|100/100
|turn|1
|
|t:|1786160990
|switch|p2a: Excadrill|Excadrill, L50, M|100/100
|move|p1a: Raichu|Fake Out|p2a: Excadrill
|-resisted|p2a: Excadrill|1
|-damage|p2a: Excadrill|94/100
|move|p2b: Sinistcha|Matcha Gotcha|p1a: Raichu|[spread] p1a
|-miss|p2b: Sinistcha|p1b: Kingambit
|-damage|p1a: Raichu|64/100
|move|p1b: Kingambit|Swords Dance|p1b: Kingambit
|-boost|p1b: Kingambit|atk|2
|
|upkeep
|turn|2
|
|t:|1786161012
|switch|p1a: Staraptor|Staraptor, L50, F, shiny|100/100
|-ability|p1a: Staraptor|Intimidate|boost
|-unboost|p2a: Excadrill|atk|1
|-unboost|p2b: Sinistcha|atk|1
|switch|p2b: Rotom|Rotom-Wash, L50|100/100
|move|p2a: Excadrill|Earthquake|p1b: Kingambit|[spread] p1b
|-immune|p2b: Rotom|[from] ability: Levitate
|-immune|p1a: Staraptor
|-supereffective|p1b: Kingambit|1
|-damage|p1b: Kingambit|60/100
|move|p1b: Kingambit|Kowtow Cleave|p2b: Rotom
|-damage|p2b: Rotom|0 fnt
|faint|p2b: Rotom
|-damage|p1b: Kingambit|51/100|[from] item: Life Orb
|
|upkeep
|
|t:|1786161026
|switch|p2b: Sinistcha|Sinistcha, L50|100/100
|-heal|p2a: Excadrill|100/100|[from] ability: Hospitality|[of] p2b: Sinistcha
|turn|3
|inactive|sadnessvgc has 30 seconds left.
|inactive|sadnessvgc has 20 seconds left.
|
|t:|1786161064
|detailschange|p1a: Staraptor|Staraptor-Mega, L50, F, shiny
|-mega|p1a: Staraptor|Staraptor|Staraptite
|move|p1b: Kingambit|Protect|p1b: Kingambit
|-singleturn|p1b: Kingambit|Protect
|move|p2b: Sinistcha|Rage Powder|p2b: Sinistcha
|-singleturn|p2b: Sinistcha|move: Rage Powder
|move|p1a: Staraptor|Tailwind|p1a: Staraptor
|-sidestart|p1: sadnessvgc|move: Tailwind
|move|p2a: Excadrill|Earthquake|p1a: Staraptor|[spread] p2b
|-activate|p1b: Kingambit|move: Protect
|-immune|p1a: Staraptor
|-resisted|p2b: Sinistcha|1
|-damage|p2b: Sinistcha|91/100
|
|upkeep
|turn|4
|
|t:|1786161081
|move|p2b: Sinistcha|Rage Powder|p2b: Sinistcha
|-singleturn|p2b: Sinistcha|move: Rage Powder
|move|p1a: Staraptor|Brave Bird|p2b: Sinistcha
|-supereffective|p2b: Sinistcha|1
|-damage|p2b: Sinistcha|6/100
|-damage|p1a: Staraptor|73/100|[from] Recoil
|move|p2a: Excadrill|Earthquake|p1b: Kingambit|[spread] p2b,p1b
|-immune|p1a: Staraptor
|-resisted|p2b: Sinistcha|1
|-supereffective|p1b: Kingambit|1
|-damage|p2b: Sinistcha|0 fnt
|-damage|p1b: Kingambit|5/100
|faint|p2b: Sinistcha
|move|p1b: Kingambit|Kowtow Cleave|p2a: Excadrill
|-enditem|p2a: Excadrill|Focus Sash
|-damage|p2a: Excadrill|1/100
|-damage|p1b: Kingambit|0 fnt|[from] item: Life Orb
|faint|p1b: Kingambit
|
|upkeep
|
|t:|1786161104
|switch|p2b: Delphox|Delphox, L50, F|100/100
|switch|p1b: Arcanine|Arcanine-Hisui, L50, F, shiny|100/100
|turn|5
|
|t:|1786161118
|detailschange|p2b: Delphox|Delphox-Mega, L50, F
|-mega|p2b: Delphox|Delphox|Delphoxite
|move|p1a: Staraptor|Close Combat|p2a: Excadrill
|-supereffective|p2a: Excadrill|1
|-damage|p2a: Excadrill|0 fnt
|-boost|p1a: Staraptor|def|1
|-boost|p1a: Staraptor|spd|1
|faint|p2a: Excadrill
|move|p1b: Arcanine|Head Smash|p2b: Delphox
|-supereffective|p2b: Delphox|1
|-damage|p2b: Delphox|0 fnt
|faint|p2b: Delphox
|
|win|sadnessvgc
|raw|sadnessvgc's rating: 1387 → 1401(+14 for winning)
|raw|Adriatic Tides's rating: 1273 → 1256(-17 for losing)
|c|☆Adriatic Tides|gg
|c|☆sadnessvgc|gg
|l|☆sadnessvgc
|player|p1|
