|j|☆d1mo22
|j|☆Sizzle2466
|html|d1mo22Sizzle2466    
|uhtml|bestof|Game 1 of a best-of-3
|t:|1784663700
|gametype|doubles
|player|p1|d1mo22|skier|1298
|player|p2|Sizzle2466|169|1242
|gen|9
|tier|[Gen 9 Champions] VGC 2026 Reg M-B (Bo3)
|rated|
|rule|Species Clause: Limit one of each Pokémon
|rule|Item Clause: Limit 1 of each item
|clearpoke
|poke|p1|Raichu, L50, F|
|poke|p1|Gyarados, L50, M, shiny|
|poke|p1|Mamoswine, L50, F|
|poke|p1|Ceruledge, L50, F|
|poke|p1|Sinistcha, L50|
|poke|p1|Kingambit, L50, M, shiny|
|poke|p2|Raichu, L50, M|
|poke|p2|Kommo-o, L50, F|
|poke|p2|Incineroar, L50, F|
|poke|p2|Sinistcha, L50|
|poke|p2|Floette-Eternal, L50, F|
|poke|p2|Basculegion, L50, M|
|teampreview|4
|showteam|p1|Raichu||RaichuniteY|LightningRod|FakeOut,Encore,ZapCannon,FocusBlast|Timid||F|||50|]Gyarados||Gyaradosite|Intimidate|LashOut,Waterfall,DragonDance,Protect|Adamant||M|||50|]Mamoswine||LifeOrb|Oblivious|Protect,IcicleCrash,IceShard,HighHorsepower|Jolly||F|||50|]Ceruledge||ColburBerry|FlashFire|BitterBlade,ShadowSneak,BulkUp,Protect|Adamant||F|||50|]Sinistcha||SitrusBerry|Hospitality|Protect,RagePowder,MatchaGotcha,LifeDew|Bold|||||50|]Kingambit||FocusSash|Defiant|Protect,SuckerPunch,KowtowCleave,IronHead|Adamant||M|||50|
|showteam|p2|Raichu||RaichuniteY|Static|FakeOut,ZapCannon,FocusBlast,Protect|Timid||M|||50|]Kommo-o||Leftovers|Overcoat|IronDefense,BodyPress,Flamethrower,Protect|Bold||F|||50|]Incineroar||SitrusBerry|Intimidate|FakeOut,FlareBlitz,Taunt,Protect|Careful||F|||50|]Sinistcha||CobaBerry|Hospitality|MatchaGotcha,RagePowder,TrickRoom,Protect|Sassy|||||50|]Floette-Eternal||Floettite|FlowerVeil|CalmMind,DazzlingGleam,Moonblast,Protect|Modest||F|||50|]Basculegion||LifeOrb|Adaptability|WaveCrash,LastRespects,AquaJet,Protect|Adamant||M|||50|
|inactive|Battle timer is ON: inactive players will automatically lose when time's up. (requested by d1mo22)
|inactive|d1mo22 has 60 seconds left.
|inactive|Sizzle2466 has 60 seconds left.
|inactive|d1mo22 has 30 seconds left.
|
|t:|1784663768
|teamsize|p1|4
|teamsize|p2|4
|start
|switch|p1a: Kingambit|Kingambit, L50, M, shiny|100/100
|switch|p1b: Raichu|Raichu, L50, F|100/100
|switch|p2a: Raichu|Raichu, L50, M|100/100
|switch|p2b: Kommo-o|Kommo-o, L50, F|100/100
|turn|1
|inactive|d1mo22 has 30 seconds left.
|
|t:|1784663795
|switch|p1a: Ceruledge|Ceruledge, L50, F|100/100
|detailschange|p2a: Raichu|Raichu-Mega-Y, L50, M
|-mega|p2a: Raichu|Raichu|Raichunite Y
|detailschange|p1b: Raichu|Raichu-Mega-Y, L50, F
|-mega|p1b: Raichu|Raichu|Raichunite Y
|move|p2a: Raichu|Fake Out|p1a: Ceruledge
|-immune|p1a: Ceruledge
|move|p1b: Raichu|Fake Out|p2a: Raichu
|-damage|p2a: Raichu|86/100
|move|p2b: Kommo-o|Iron Defense|p2b: Kommo-o
|-boost|p2b: Kommo-o|def|2
|
|upkeep
|turn|2
|inactive|d1mo22 has 30 seconds left.
|inactive|Sizzle2466 has 30 seconds left.
|inactive|d1mo22 has 20 seconds left.
|inactive|Sizzle2466 has 20 seconds left.
|inactive|d1mo22 has 15 seconds left.
|
|t:|1784663840
|move|p2a: Raichu|Zap Cannon|p1a: Ceruledge
|-damage|p1a: Ceruledge|40/100
|-status|p1a: Ceruledge|par
|move|p1b: Raichu|Zap Cannon|p2b: Kommo-o
|-resisted|p2b: Kommo-o|1
|-damage|p2b: Kommo-o|73/100
|-status|p2b: Kommo-o|par
|move|p2b: Kommo-o|Body Press|p1b: Raichu
|-damage|p1b: Raichu|0 fnt
|faint|p1b: Raichu
|cant|p1a: Ceruledge|par
|
|-heal|p2b: Kommo-o|79/100 par|[from] item: Leftovers
|upkeep
|
|t:|1784663853
|switch|p1b: Sinistcha|Sinistcha, L50|100/100
|-heal|p1a: Ceruledge|64/100 par|[from] ability: Hospitality|[of] p1b: Sinistcha
|turn|3
|
|t:|1784663871
|switch|p2a: Basculegion|Basculegion, L50, M|100/100
|move|p1b: Sinistcha|Protect|p1b: Sinistcha
|-singleturn|p1b: Sinistcha|Protect
|move|p1a: Ceruledge|Bitter Blade|p2a: Basculegion
|-resisted|p2a: Basculegion|1
|-damage|p2a: Basculegion|74/100
|-heal|p1a: Ceruledge|79/100 par|[from] drain|[of] p2a: Basculegion
|move|p2b: Kommo-o|Flamethrower|p1b: Sinistcha
|-activate|p1b: Sinistcha|move: Protect
|
|-heal|p2b: Kommo-o|85/100 par|[from] item: Leftovers
|upkeep
|turn|4
|
|t:|1784663887
|move|p2a: Basculegion|Protect|p2a: Basculegion
|-singleturn|p2a: Basculegion|Protect
|move|p1b: Sinistcha|Rage Powder|p1b: Sinistcha
|-singleturn|p1b: Sinistcha|move: Rage Powder
|move|p2b: Kommo-o|Flamethrower|p1b: Sinistcha
|-supereffective|p1b: Sinistcha|1
|-damage|p1b: Sinistcha|54/100
|move|p1a: Ceruledge|Bulk Up|p1a: Ceruledge
|-boost|p1a: Ceruledge|atk|1
|-boost|p1a: Ceruledge|def|1
|
|-heal|p2b: Kommo-o|91/100 par|[from] item: Leftovers
|upkeep
|turn|5
|
|t:|1784663910
|switch|p2a: Raichu|Raichu-Mega-Y, L50, M|86/100
|move|p1a: Ceruledge|Shadow Sneak|p2a: Raichu
|-damage|p2a: Raichu|34/100
|move|p1b: Sinistcha|Life Dew|p1b: Sinistcha|[spread] p1a,p1b
|-heal|p1a: Ceruledge|100/100 par
|-heal|p1b: Sinistcha|79/100
|move|p2b: Kommo-o|Flamethrower|p1b: Sinistcha
|-supereffective|p1b: Sinistcha|1
|-damage|p1b: Sinistcha|35/100
|-enditem|p1b: Sinistcha|Sitrus Berry|[eat]
|-heal|p1b: Sinistcha|60/100|[from] item: Sitrus Berry
|
|-heal|p2b: Kommo-o|97/100 par|[from] item: Leftovers
|upkeep
|turn|6
|inactive|d1mo22 has 30 seconds left.
|
|t:|1784663936
|move|p1b: Sinistcha|Rage Powder|p1b: Sinistcha
|-singleturn|p1b: Sinistcha|move: Rage Powder
|move|p2a: Raichu|Zap Cannon|p1b: Sinistcha
|-resisted|p1b: Sinistcha|1
|-damage|p1b: Sinistcha|30/100
|-status|p1b: Sinistcha|par
|move|p1a: Ceruledge|Bulk Up|p1a: Ceruledge
|-boost|p1a: Ceruledge|atk|1
|-boost|p1a: Ceruledge|def|1
|move|p2b: Kommo-o|Flamethrower|p1b: Sinistcha
|-supereffective|p1b: Sinistcha|1
|-damage|p1b: Sinistcha|0 fnt
|faint|p1b: Sinistcha
|
|-heal|p2b: Kommo-o|100/100 par|[from] item: Leftovers
|upkeep
|
|t:|1784663949
|switch|p1b: Kingambit|Kingambit, L50, M, shiny|100/100
|turn|7
|
|t:|1784663960
|move|p1b: Kingambit|Protect|p1b: Kingambit
|-singleturn|p1b: Kingambit|Protect
|move|p1a: Ceruledge|Shadow Sneak|p2a: Raichu
|-damage|p2a: Raichu|0 fnt
|faint|p2a: Raichu
|move|p2b: Kommo-o|Body Press|p1b: Kingambit
|-activate|p1b: Kingambit|move: Protect
|
|upkeep
|
|t:|1784663969
|switch|p2a: Sinistcha|Sinistcha, L50|100/100
|turn|8
|
|t:|1784663976
|move|p1b: Kingambit|Kowtow Cleave|p2a: Sinistcha
|-supereffective|p2a: Sinistcha|1
|-damage|p2a: Sinistcha|14/100
|move|p2a: Sinistcha|Matcha Gotcha|p1a: Ceruledge|[spread] p1a,p1b
|-resisted|p1a: Ceruledge|1
|-resisted|p1b: Kingambit|1
|-damage|p1a: Ceruledge|90/100 par
|-heal|p2a: Sinistcha|19/100|[from] drain|[of] p1a: Ceruledge
|-damage|p1b: Kingambit|85/100
|-heal|p2a: Sinistcha|26/100|[from] drain|[of] p1b: Kingambit
|-status|p1b: Kingambit|brn
|move|p1a: Ceruledge|Bitter Blade|p2b: Kommo-o
|-resisted|p2b: Kommo-o|1
|-damage|p2b: Kommo-o|84/100 par
|-heal|p1a: Ceruledge|97/100 par|[from] drain|[of] p2b: Kommo-o
|move|p2b: Kommo-o|Body Press|p1b: Kingambit
|-supereffective|p1b: Kingambit|2
|-damage|p1b: Kingambit|0 fnt
|faint|p1b: Kingambit
|
|-heal|p2b: Kommo-o|90/100 par|[from] item: Leftovers
|upkeep
|turn|9
|inactive|Sizzle2466 has 30 seconds left.
|
|t:|1784664004
|move|p2a: Sinistcha|Matcha Gotcha|p1a: Ceruledge
|-resisted|p1a: Ceruledge|1
|-damage|p1a: Ceruledge|84/100 par
|-heal|p2a: Sinistcha|34/100|[from] drain|[of] p1a: Ceruledge
|move|p1a: Ceruledge|Bulk Up|p1a: Ceruledge
|-boost|p1a: Ceruledge|atk|1
|-boost|p1a: Ceruledge|def|1
|move|p2b: Kommo-o|Iron Defense|p2b: Kommo-o
|-boost|p2b: Kommo-o|def|2
|
|-heal|p2b: Kommo-o|96/100 par|[from] item: Leftovers
|upkeep
|turn|10
|
|t:|1784664019
|move|p2a: Sinistcha|Matcha Gotcha|p1a: Ceruledge
|-resisted|p1a: Ceruledge|1
|-damage|p1a: Ceruledge|70/100 par
|-heal|p2a: Sinistcha|41/100|[from] drain|[of] p1a: Ceruledge
|move|p2b: Kommo-o|Iron Defense|p2b: Kommo-o
|-boost|p2b: Kommo-o|def|2
|move|p1a: Ceruledge|Bulk Up|p1a: Ceruledge
|-boost|p1a: Ceruledge|atk|1
|-boost|p1a: Ceruledge|def|1
|
|-heal|p2b: Kommo-o|100/100 par|[from] item: Leftovers
|upkeep
|turn|11
|
|t:|1784664034
|move|p2a: Sinistcha|Matcha Gotcha|p1a: Ceruledge
|-resisted|p1a: Ceruledge|1
|-damage|p1a: Ceruledge|54/100 par
|-heal|p2a: Sinistcha|50/100y|[from] drain|[of] p1a: Ceruledge
|move|p2b: Kommo-o|Iron Defense|p2b: Kommo-o
|-boost|p2b: Kommo-o|def|0
|move|p1a: Ceruledge|Bitter Blade|p2a: Sinistcha
|-supereffective|p2a: Sinistcha|1
|-damage|p2a: Sinistcha|0 fnt
|-heal|p1a: Ceruledge|79/100 par|[from] drain|[of] p2a: Sinistcha
|faint|p2a: Sinistcha
|
|upkeep
|
|t:|1784664047
|switch|p2a: Basculegion|Basculegion, L50, M|74/100
|turn|12
|
|t:|1784664061
|move|p2a: Basculegion|Aqua Jet|p1a: Ceruledge
|-supereffective|p1a: Ceruledge|1
|-damage|p1a: Ceruledge|47/100 par
|-damage|p2a: Basculegion|64/100|[from] item: Life Orb
|move|p1a: Ceruledge|Shadow Sneak|p2a: Basculegion
|-supereffective|p2a: Basculegion|1
|-damage|p2a: Basculegion|0 fnt
|faint|p2a: Basculegion
|move|p2b: Kommo-o|Body Press|p1a: Ceruledge
|-immune|p1a: Ceruledge
|
|upkeep
|turn|13
|
|t:|1784664072
|move|p1a: Ceruledge|Bitter Blade|p2b: Kommo-o
|-resisted|p2b: Kommo-o|1
|-damage|p2b: Kommo-o|87/100 par
|-heal|p1a: Ceruledge|53/100 par|[from] drain|[of] p2b: Kommo-o
|move|p2b: Kommo-o|Body Press|p1a: Ceruledge
|-immune|p1a: Ceruledge
|
|-heal|p2b: Kommo-o|93/100 par|[from] item: Leftovers
|upkeep
|turn|14
|-message|Sizzle2466 forfeited.
|
|win|d1mo22
||Sizzle2466 is ready for game 2.
