|j|☆giraldo576
|j|☆OhNoValentine
|html|giraldo576OhNoValentine    
|uhtml|bestof|Game 2 of a best-of-3
|t:|1756399345
|gametype|doubles
|player|p1|giraldo576|102|1095
|player|p2|OhNoValentine|101|1084
|gen|9
|tier|[Gen 9] VGC 2025 Reg H (Bo3)
|rated|
|rule|Species Clause: Limit one of each Pokémon
|rule|Item Clause: Limit 1 of each item
|clearpoke
|poke|p1|Incineroar, L50, M|
|poke|p1|Amoonguss, L50, F|
|poke|p1|Indeedee-F, L50, F|
|poke|p1|Sylveon, L50, F|
|poke|p1|Archaludon, L50, F|
|poke|p1|Pelipper, L50, M|
|poke|p2|Primarina, L50, M|
|poke|p2|Garchomp, L50, F|
|poke|p2|Gholdengo, L50|
|poke|p2|Talonflame, L50, F|
|poke|p2|Tyranitar, L50, M|
|poke|p2|Amoonguss, L50, F|
|teampreview|4
|showteam|p1|Incineroar||SafetyGoggles|Intimidate|FakeOut,PartingShot,KnockOff,FlareBlitz|||M|||50|,,,,,Fire]Amoonguss||MentalHerb|Regenerator|Spore,RagePowder,SludgeBomb,Protect|||F|||50|,,,,,Water]Indeedee-F||PsychicSeed|PsychicSurge|FollowMe,TrickRoom,Psychic,HelpingHand|||F|||50|,,,,,Grass]Sylveon||ChoiceSpecs|Pixilate|HyperVoice,HyperBeam,TeraBlast,Psychic|||F|||50|,,,,,Fairy]Archaludon||AssaultVest|Stamina|ElectroShot,DragonPulse,BodyPress,FlashCannon|||F|||50|,,,,,Grass]Pelipper||DampRock|Drizzle|Protect,Tailwind,WeatherBall,Hurricane|||M|||50|,,,,,Dragon
|showteam|p2|Primarina||ThroatSpray|LiquidVoice|Haze,Moonblast,Protect,HyperVoice|||M|||50|,,,,,Steel]Garchomp||LifeOrb|SandVeil|Protect,Earthquake,StompingTantrum,DragonClaw|||F|||50|,,,,,Fire]Gholdengo||MetalCoat|GoodasGold|Protect,NastyPlot,ShadowBall,MakeItRain||||||50|,,,,,Flying]Talonflame||CovertCloak|GaleWings|BraveBird,Tailwind,WillOWisp,Taunt|||F|||50|,,,,,Flying]Tyranitar||AssaultVest|SandStream|KnockOff,TeraBlast,LowKick,RockSlide|||M|||50|,,,,,Flying]Amoonguss||SitrusBerry|Regenerator|RagePowder,Spore,PollenPuff,Protect|||F|||50|,,,,,Water
|inactive|Battle timer is ON: inactive players will automatically lose when time's up. (requested by giraldo576)
|
|t:|1756399365
|teamsize|p1|4
|teamsize|p2|4
|start
|switch|p1a: Incineroar|Incineroar, L50, M|100/100
|switch|p1b: Indeedee|Indeedee-F, L50, F|100/100
|switch|p2a: Gholdengo|Gholdengo, L50|100/100
|switch|p2b: Amoonguss|Amoonguss, L50, F|100/100
|-fieldstart|move: Psychic Terrain|[from] ability: Psychic Surge|[of] p1b: Indeedee
|-enditem|p1b: Indeedee|Psychic Seed
|-boost|p1b: Indeedee|spd|1|[from] item: Psychic Seed
|-ability|p1a: Incineroar|Intimidate|boost
|-unboost|p2a: Gholdengo|atk|1
|-unboost|p2b: Amoonguss|atk|1
|turn|1
|
|t:|1756399381
|-terastallize|p2a: Gholdengo|Flying
|move|p2a: Gholdengo|Nasty Plot|p2a: Gholdengo
|-boost|p2a: Gholdengo|spa|2
|move|p1b: Indeedee|Psychic|p2a: Gholdengo
|-damage|p2a: Gholdengo|51/100
|move|p1a: Incineroar|Flare Blitz|p2a: Gholdengo
|-damage|p2a: Gholdengo|0 fnt
|faint|p2a: Gholdengo
|-damage|p1a: Incineroar|86/100|[from] Recoil
|move|p2b: Amoonguss|Pollen Puff|p2: Gholdengo|[notarget]
|-fail|p2b: Amoonguss
|
|upkeep
|
|t:|1756399399
|switch|p2a: Garchomp|Garchomp, L50, F|100/100
|turn|2
|
|t:|1756399408
|-terastallize|p1b: Indeedee|Grass
|move|p2a: Garchomp|Earthquake|p1b: Indeedee|[spread] p2b,p1a,p1b
|-supereffective|p1a: Incineroar
|-resisted|p1b: Indeedee
|-damage|p2b: Amoonguss|61/100
|-damage|p1a: Incineroar|0 fnt
|-damage|p1b: Indeedee|62/100
|faint|p1a: Incineroar
|-damage|p2a: Garchomp|91/100|[from] item: Life Orb
|move|p2b: Amoonguss|Pollen Puff|p1b: Indeedee
|-supereffective|p1b: Indeedee
|-damage|p1b: Indeedee|43/100
|move|p1b: Indeedee|Trick Room|p1b: Indeedee
|-fieldstart|move: Trick Room|[of] p1b: Indeedee
|
|upkeep
|
|t:|1756399424
|switch|p1a: Sylveon|Sylveon, L50, F|100/100
|turn|3
|
|t:|1756399430
|switch|p2a: Tyranitar|Tyranitar, L50, M|100/100
|-weather|Sandstorm|[from] ability: Sand Stream|[of] p2a: Tyranitar
|move|p2b: Amoonguss|Pollen Puff|p1b: Indeedee
|-supereffective|p1b: Indeedee
|-damage|p1b: Indeedee|24/100
|move|p1a: Sylveon|Hyper Voice|p2a: Tyranitar|[spread] p2a,p2b
|-supereffective|p2a: Tyranitar
|-resisted|p2b: Amoonguss
|-damage|p2a: Tyranitar|52/100
|-damage|p2b: Amoonguss|37/100
|-enditem|p2b: Amoonguss|Sitrus Berry|[eat]
|-heal|p2b: Amoonguss|62/100|[from] item: Sitrus Berry
|move|p1b: Indeedee|Psychic|p2b: Amoonguss
|-supereffective|p2b: Amoonguss
|-damage|p2b: Amoonguss|1/100
|
|-weather|Sandstorm|[upkeep]
|-damage|p2b: Amoonguss|0 fnt|[from] Sandstorm
|-damage|p1a: Sylveon|95/100|[from] Sandstorm
|-damage|p1b: Indeedee|18/100|[from] Sandstorm
|faint|p2b: Amoonguss
|upkeep
|
|t:|1756399440
|switch|p2b: Garchomp|Garchomp, L50, F|91/100
|turn|4
|
|t:|1756399450
|move|p2b: Garchomp|Protect|p2b: Garchomp
|-singleturn|p2b: Garchomp|Protect
|move|p1b: Indeedee|Follow Me|p1b: Indeedee
|-singleturn|p1b: Indeedee|move: Follow Me
|move|p1a: Sylveon|Hyper Voice|p2b: Garchomp|[spread] p2a
|-activate|p2b: Garchomp|move: Protect
|-supereffective|p2a: Tyranitar
|-damage|p2a: Tyranitar|4/100
|move|p2a: Tyranitar|Rock Slide|p1b: Indeedee|[spread] p1a,p1b
|-damage|p1a: Sylveon|56/100
|-damage|p1b: Indeedee|0 fnt
|faint|p1b: Indeedee
|
|-weather|Sandstorm|[upkeep]
|-damage|p1a: Sylveon|50/100|[from] Sandstorm
|upkeep
|
|t:|1756399459
|switch|p1b: Archaludon|Archaludon, L50, F|100/100
|turn|5
|
|t:|1756399463
|move|p1a: Sylveon|Hyper Voice|p2a: Tyranitar|[spread] p2a
|-miss|p1a: Sylveon|p2b: Garchomp
|-supereffective|p2a: Tyranitar
|-damage|p2a: Tyranitar|0 fnt
|faint|p2a: Tyranitar
|move|p1b: Archaludon|Dragon Pulse|p2b: Garchomp
|-supereffective|p2b: Garchomp
|-damage|p2b: Garchomp|0 fnt
|faint|p2b: Garchomp
|
|win|giraldo576
