|j|â˜†coggs's
|j|â˜†FtPlyr
|html|coggs'sFtPlyr    
|uhtml|bestof|Game 1 of a best-of-3
|t:|1783380711
|gametype|doubles
|player|p1|coggs's|madame-gen4|
|player|p2|FtPlyr|hilbert|
|gen|9
|tier|[Gen 9 Champions] VGC 2026 Reg M-B (Bo3)
|rule|Species Clause: Limit one of each PokÃ©mon
|rule|Item Clause: Limit 1 of each item
|clearpoke
|poke|p1|Swampert, L50, M|
|poke|p1|Sableye, L50, M|
|poke|p1|Pelipper, L50, M|
|poke|p1|Archaludon, L50, M|
|poke|p1|Basculegion, L50, M|
|poke|p1|Venusaur, L50, M|
|poke|p2|Raichu, L50, M|
|poke|p2|Pelipper, L50, F|
|poke|p2|Palafin, L50, M|
|poke|p2|Araquanid, L50, M|
|poke|p2|Archaludon, L50, M|
|poke|p2|Primarina, L50, M|
|teampreview|4
|showteam|p1|Swampert||Swampertite|Damp|WaveCrash,Earthquake,IcePunch,Protect|Adamant||M|||50|]Sableye||RoseliBerry|Prankster|Encore,RainDance,WillOWisp,LightScreen|Careful||M|||50|]Pelipper||SitrusBerry|Drizzle|Hurricane,Tailwind,WeatherBall,RainDance|Bold||M|||50|]Archaludon||Leftovers|Stamina|ElectroShot,DragonPulse,FlashCannon,Protect|Modest||M|||50|]Basculegion||ChoiceScarf|Adaptability|LastRespects,WaveCrash,PsychicFangs,FlipTurn|Jolly||M|||50|]Venusaur||Venusaurite|Chlorophyll|Protect,GigaDrain,SludgeBomb,EarthPower|Modest||M|||50|
|showteam|p2|Raichu||RaichuniteX|LightningRod|FocusBlast,IronTail,Trailblaze,Wish|Hasty||M|||50|]Pelipper||DampRock|Drizzle|WeatherBall,Hurricane,GunkShot,Roost|Relaxed||F|||50|]Palafin||ChoiceScarf|ZerotoHero|FlipTurn,AquaTail,Outrage,ZenHeadbutt|Jolly||M|||50|]Araquanid||Leftovers|WaterBubble|Liquidation,AquaRing,Substitute,Trailblaze|Careful||M|||50|]Archaludon||WhiteHerb|Stamina|ElectroShot,FlashCannon,DracoMeteor,BrickBreak|Naive||M|||50|]Primarina||LumBerry|LiquidVoice|AlluringVoice,SparklingAria,Rest,CalmMind|Modest||M|||50|
|c|â˜†coggs's|glhf
|
|t:|1783380741
|teamsize|p1|4
|teamsize|p2|4
|start
|switch|p1a: Venusaur|Venusaur, L50, M|100/100
|switch|p1b: Sableye|Sableye, L50, M|100/100
|switch|p2a: Archaludon|Archaludon, L50, M|100/100
|switch|p2b: Palafin|Palafin, L50, M|100/100
|turn|1
|c|â˜†FtPlyr|glhf
|
|t:|1783380765
|detailschange|p1a: Venusaur|Venusaur-Mega, L50, M
|-mega|p1a: Venusaur|Venusaur|Venusaurite
|move|p1b: Sableye|Light Screen|p1b: Sableye
|-sidestart|p1: coggs's|move: Light Screen
|move|p2b: Palafin|Flip Turn|p1b: Sableye
|-damage|p1b: Sableye|75/100
|
|t:|1783380773
|detailschange|p2b: Palafin|Palafin-Hero, L50, M
|switch|p2b: Primarina|Primarina, L50, M|100/100|[from] Flip Turn
|move|p2a: Archaludon|Flash Cannon|p1a: Venusaur
|-damage|p1a: Venusaur|77/100
|move|p1a: Venusaur|Earth Power|p2a: Archaludon
|-supereffective|p2a: Archaludon|1
|-damage|p2a: Archaludon|0 fnt
|faint|p2a: Archaludon
|
|upkeep
|
|t:|1783380784
|switch|p2a: Palafin|Palafin-Hero, L50, M|100/100
|-activate|p2a: Palafin|ability: Zero to Hero
|turn|2
|
|t:|1783380797
|move|p1a: Venusaur|Protect|p1a: Venusaur
|-singleturn|p1a: Venusaur|Protect
|move|p1b: Sableye|Will-O-Wisp|p2a: Palafin
|-status|p2a: Palafin|brn
|move|p2a: Palafin|Zen Headbutt|p1a: Venusaur
|-activate|p1a: Venusaur|move: Protect
|move|p2b: Primarina|Alluring Voice|p1b: Sableye
|-damage|p1b: Sableye|36/100
|
|-damage|p2a: Palafin|93/100 brn|[from] brn
|upkeep
|turn|3
|
|t:|1783380819
|switch|p1a: Archaludon|Archaludon, L50, M|100/100
|move|p1b: Sableye|Rain Dance|p1b: Sableye
|-weather|RainDance
|move|p2a: Palafin|Zen Headbutt|p1a: Archaludon
|-resisted|p1a: Archaludon|1
|-damage|p1a: Archaludon|93/100
|-ability|p1a: Archaludon|Stamina|boost
|-boost|p1a: Archaludon|def|1
|move|p2b: Primarina|Alluring Voice|p1b: Sableye
|-damage|p1b: Sableye|0 fnt
|faint|p1b: Sableye
|
|-weather|RainDance|[upkeep]
|-heal|p1a: Archaludon|100/100|[from] item: Leftovers
|-damage|p2a: Palafin|87/100 brn|[from] brn
|upkeep
|
|t:|1783380830
|switch|p1b: Basculegion|Basculegion, L50, M|100/100
|turn|4
|
|t:|1783380853
|move|p2a: Palafin|Zen Headbutt|p1b: Basculegion
|-damage|p1b: Basculegion|82/100
|move|p1b: Basculegion|Wave Crash|p2b: Primarina
|-resisted|p2b: Primarina|1
|-crit|p2b: Primarina
|-damage|p2b: Primarina|10/100
|-damage|p1b: Basculegion|54/100|[from] Recoil
|move|p1a: Archaludon|Dragon Pulse|p2a: Palafin
|-damage|p2a: Palafin|44/100 brn
|move|p2b: Primarina|Calm Mind|p2b: Primarina
|-boost|p2b: Primarina|spa|1
|-boost|p2b: Primarina|spd|1
|
|-weather|RainDance|[upkeep]
|-damage|p2a: Palafin|38/100 brn|[from] brn
|upkeep
|turn|5
|
|t:|1783380877
|move|p2a: Palafin|Zen Headbutt|p1b: Basculegion
|-damage|p1b: Basculegion|38/100
|move|p1b: Basculegion|Wave Crash|p2a: Palafin
|-resisted|p2a: Palafin|1
|-damage|p2a: Palafin|0 fnt
|faint|p2a: Palafin
|-damage|p1b: Basculegion|27/100|[from] Recoil
|move|p1a: Archaludon|Flash Cannon|p2b: Primarina
|-damage|p2b: Primarina|0 fnt
|faint|p2b: Primarina
|
|-weather|RainDance|[upkeep]
|-sideend|p1: coggs's|move: Light Screen
|upkeep
|
|t:|1783380892
|switch|p2b: Araquanid|Araquanid, L50, M|100/100
|turn|6
|
|t:|1783380899
|move|p1b: Basculegion|Wave Crash|p2b: Araquanid
|-resisted|p2b: Araquanid|1
|-damage|p2b: Araquanid|48/100
|-damage|p1b: Basculegion|12/100|[from] Recoil
|move|p1a: Archaludon|Electro Shot||[still]
|-prepare|p1a: Archaludon|Electro Shot
|-boost|p1a: Archaludon|spa|1
|-anim|p1a: Archaludon|Electro Shot|p2b: Araquanid
|-supereffective|p2b: Araquanid|1
|-damage|p2b: Araquanid|0 fnt
|faint|p2b: Araquanid
|
|win|coggs's
||FtPlyr is ready for game 2.
|c|â˜†coggs's|ggs
|c|â˜†FtPlyr|gg
||coggs's is ready for game 2.
|uhtml|next|Next: Game 2 of 3
