|j|☆DilluVGC
|j|☆gaha ah
|html|DilluVGCgaha ah    
|uhtml|bestof|Game 1 of a best-of-3
|t:|1784144882
|gametype|doubles
|player|p1|DilluVGC|byron|1109
|player|p2|gaha ah|265|1000
|gen|9
|tier|[Gen 9 Champions] VGC 2026 Reg M-B (Bo3)
|rated|
|rule|Species Clause: Limit one of each Pokémon
|rule|Item Clause: Limit 1 of each item
|clearpoke
|poke|p1|Gengar, L50, M|
|poke|p1|Archaludon, L50, M|
|poke|p1|Politoed, L50, F|
|poke|p1|Swampert, L50, M|
|poke|p1|Vivillon, L50, F|
|poke|p1|Incineroar, L50, F|
|poke|p2|Staraptor, L50, M|
|poke|p2|Tyranitar, L50, M|
|poke|p2|Sinistcha, L50|
|poke|p2|Incineroar, L50, M, shiny|
|poke|p2|Excadrill, L50, M|
|poke|p2|Sylveon, L50, F, shiny|
|teampreview|4
|showteam|p1|Gengar||Gengarite|CursedBody|ShadowBall,SludgeBomb,PerishSong,Protect|Modest||M|||50|]Archaludon||Leftovers|Stamina|ElectroShot,DragonPulse,FlashCannon,Protect|Bold||M|||50|]Politoed||SitrusBerry|Drizzle|WeatherBall,Hypnosis,PerishSong,Protect|Calm||F|||50|]Swampert||Swampertite|Torrent|WaveCrash,Earthquake,IcePunch,Protect|Adamant||M|||50|]Vivillon||FocusSash|CompoundEyes|Hurricane,SleepPowder,RagePowder,Protect|Timid||F|||50|]Incineroar||PasshoBerry|Intimidate|ThroatChop,FakeOut,PartingShot,Protect|Impish||F|||50|
|showteam|p2|Staraptor||Staraptite|Intimidate|BraveBird,CloseCombat,Tailwind,Protect|Jolly||M|||50|]Tyranitar||Tyranitarite|SandStream|RockSlide,KnockOff,DragonDance,Protect|Jolly||M|||50|]Sinistcha||KasibBerry|Hospitality|MatchaGotcha,RagePowder,TrickRoom,Protect|Bold|||||50|]Incineroar||PasshoBerry|Intimidate|FakeOut,FlareBlitz,PartingShot,ThroatChop|Impish||M|||50|]Excadrill||FocusSash|SandRush|IronHead,Earthquake,RockSlide,Protect|Adamant||M|||50|]Sylveon||FairyFeather|Pixilate|HyperVoice,HyperBeam,QuickAttack,Protect|Modest||F|||50|
|
|t:|1784144925
|teamsize|p1|4
|teamsize|p2|4
|start
|switch|p1a: Incineroar|Incineroar, L50, F|100/100
|switch|p1b: Politoed|Politoed, L50, F|100/100
|switch|p2a: Sinistcha|Sinistcha, L50|100/100
|switch|p2b: Sylveon|Sylveon, L50, F, shiny|100/100
|-weather|RainDance|[from] ability: Drizzle|[of] p1b: Politoed
|-ability|p1a: Incineroar|Intimidate|boost
|-unboost|p2a: Sinistcha|atk|1
|-unboost|p2b: Sylveon|atk|1
|turn|1
|
|t:|1784144949
|move|p2b: Sylveon|Protect|p2b: Sylveon
|-singleturn|p2b: Sylveon|Protect
|move|p2a: Sinistcha|Matcha Gotcha|p1b: Politoed|[spread] p1a,p1b
|-resisted|p1a: Incineroar|1
|-supereffective|p1b: Politoed|1
|-damage|p1a: Incineroar|91/100
|-damage|p1b: Politoed|66/100
|move|p1b: Politoed|Perish Song|p1b: Politoed
|-start|p1a: Incineroar|perish3|[silent]
|-start|p1b: Politoed|perish3|[silent]
|-start|p2a: Sinistcha|perish3|[silent]
|-start|p2b: Sylveon|perish3|[silent]
|-fieldactivate|move: Perish Song
|move|p1a: Incineroar|Throat Chop|p2b: Sylveon
|-activate|p2b: Sylveon|move: Protect
|
|-weather|RainDance|[upkeep]
|-start|p2a: Sinistcha|perish3
|-start|p1b: Politoed|perish3
|-start|p2b: Sylveon|perish3
|-start|p1a: Incineroar|perish3
|upkeep
|turn|2
|
|t:|1784144979
|switch|p1b: Gengar|Gengar, L50, M|100/100
|move|p2b: Sylveon|Hyper Voice|p1b: Gengar|[spread] p1a,p1b
|-resisted|p1b: Gengar|1
|-damage|p1a: Incineroar|57/100
|-damage|p1b: Gengar|80/100
|-start|p2b: Sylveon|Disable|Hyper Voice|[from] ability: Cursed Body|[of] p1b: Gengar
|move|p1a: Incineroar|Throat Chop|p2b: Sylveon
|-resisted|p2b: Sylveon|1
|-damage|p2b: Sylveon|78/100
|-start|p2b: Sylveon|Throat Chop|[silent]
|move|p2a: Sinistcha|Trick Room|p2a: Sinistcha
|-fieldstart|move: Trick Room|[of] p2a: Sinistcha
|
|-weather|RainDance|[upkeep]
|-start|p2b: Sylveon|perish2
|-start|p1a: Incineroar|perish2
|-start|p2a: Sinistcha|perish2
|upkeep
|turn|3
|
|t:|1784145035
|detailschange|p1b: Gengar|Gengar-Mega, L50, M
|-mega|p1b: Gengar|Gengar|Gengarite
|move|p1a: Incineroar|Protect|p1a: Incineroar
|-singleturn|p1a: Incineroar|Protect
|move|p2a: Sinistcha|Protect|p2a: Sinistcha
|-singleturn|p2a: Sinistcha|Protect
|move|p1b: Gengar|Protect|p1b: Gengar
|-singleturn|p1b: Gengar|Protect
|move|p2b: Sylveon|Hyper Beam|p1a: Incineroar
|-activate|p1a: Incineroar|move: Protect
|
|-weather|RainDance|[upkeep]
|-end|p2b: Sylveon|Throat Chop|[silent]
|-start|p2b: Sylveon|perish1
|-start|p1a: Incineroar|perish1
|-start|p2a: Sinistcha|perish1
|upkeep
|turn|4
|
|t:|1784145062
|switch|p1b: Politoed|Politoed, L50, F|66/100
|move|p2b: Sylveon|Quick Attack|p1a: Incineroar
|-damage|p1a: Incineroar|51/100
|move|p1a: Incineroar|Parting Shot|p2b: Sylveon
|-unboost|p2b: Sylveon|atk|1
|-unboost|p2b: Sylveon|spa|1
|
|t:|1784145070
|switch|p1a: Gengar|Gengar-Mega, L50, M|80/100|[from] Parting Shot
|move|p2a: Sinistcha|Matcha Gotcha|p1b: Politoed|[spread] p1a,p1b
|-resisted|p1a: Gengar|1
|-supereffective|p1b: Politoed|1
|-damage|p1a: Gengar|69/100
|-damage|p1b: Politoed|28/100
|-enditem|p1b: Politoed|Sitrus Berry|[eat]
|-heal|p1b: Politoed|53/100|[from] item: Sitrus Berry
|
|-weather|RainDance|[upkeep]
|-start|p2b: Sylveon|perish0
|-start|p2a: Sinistcha|perish0
|faint|p2b: Sylveon
|faint|p2a: Sinistcha
|upkeep
|
|t:|1784145084
|switch|p2b: Tyranitar|Tyranitar, L50, M|100/100
|switch|p2a: Staraptor|Staraptor, L50, M|100/100
|-weather|Sandstorm|[from] ability: Sand Stream|[of] p2b: Tyranitar
|-ability|p2a: Staraptor|Intimidate|boost
|-unboost|p1a: Gengar|atk|1
|-unboost|p1b: Politoed|atk|1
|turn|5
|inactive|Battle timer is ON: inactive players will automatically lose when time's up. (requested by DilluVGC)
|inactive|gaha ah has 60 seconds left.
|l|☆gaha ah
|inactive|gaha ah disconnected and has a minute to reconnect!
|player|p2|
|inactive|gaha ah has 30 seconds left.
|inactive|gaha ah has 20 seconds left.
|inactive|gaha ah has 15 seconds left.
|inactive|gaha ah has 10 seconds left.
|inactive|gaha ah has 5 seconds left.
|-message|gaha ah lost due to inactivity.
|
|win|DilluVGC
