|j|☆Crying Flurmels
|j|☆Harry Koekenpan
|html|Crying FlurmelsHarry Koekenpan    
|uhtml|bestof|Game 1 of a best-of-3
|t:|1756317738
|gametype|doubles
|player|p1|Crying Flurmels|102|
|player|p2|Harry Koekenpan|1|
|gen|9
|tier|[Gen 9] VGC 2025 Reg H (Bo3)
|rule|Species Clause: Limit one of each Pokémon
|rule|Item Clause: Limit 1 of each item
|clearpoke
|poke|p1|Murkrow, L50, F|
|poke|p1|Volcarona, L50, M|
|poke|p1|Sneasler, L50, F|
|poke|p1|Kingambit, L50, F|
|poke|p1|Dragonite, L50, M|
|poke|p1|Rillaboom, L50, M|
|poke|p2|Toedscruel, L50, F|
|poke|p2|Weezing-Galar, L50, F|
|poke|p2|Garchomp, L50, F|
|poke|p2|Kilowattrel, L50, M|
|poke|p2|Typhlosion-Hisui, L50, M|
|poke|p2|Conkeldurr, L50, M|
|teampreview|4
|showteam|p1|Murkrow||Eviolite|Prankster|FoulPlay,Tailwind,Haze,Taunt|||F|||50|,,,,,Ghost]Volcarona||CovertCloak|FlameBody|HeatWave,TeraBlast,QuiverDance,Protect|||M|||50|,,,,,Water]Sneasler||GrassySeed|Unburden|DireClaw,CloseCombat,Protect,Coaching|||F|||50|,,,,,Stellar]Kingambit||BlackGlasses|Defiant|KowtowCleave,SuckerPunch,SwordsDance,Protect|||F|||50|,,,,,Dark]Dragonite||ChoiceBand|InnerFocus|Outrage,StompingTantrum,LowKick,ExtremeSpeed|||M|||50|,,,,,Normal]Rillaboom||MiracleSeed|GrassySurge|WoodHammer,GrassyGlide,Uturn,FakeOut|||M|||50|,,,,,Fire
|showteam|p2|Toedscruel||CovertCloak|MyceliumMight|Spore,RagePowder,AcidSpray,EarthPower|||F|||50|,,,,,Water]Weezing-Galar||ChoiceSpecs|NeutralizingGas|DazzlingGleam,SludgeBomb,StrangeSteam,TeraBlast|||F|||50|,,,,,Water]Garchomp||LifeOrb|RoughSkin|Protect,Earthquake,DragonClaw,StompingTantrum|||F|||50|,,,,,Ground]Kilowattrel||FocusSash|Competitive|Discharge,AirSlash,Tailwind,Protect|||M|||50|,,,,,Ghost]Typhlosion-Hisui||ChoiceScarf|Blaze|Eruption,HeatWave,ShadowBall,SleepTalk|||M|||50|,,,,,Fire]Conkeldurr||AssaultVest|IronFist|MachPunch,DrainPunch,KnockOff,IcePunch|||M|||50|,,,,,Grass
|c|☆Harry Koekenpan|glhf
|c|☆Crying Flurmels|glhf
|inactive|Battle timer is ON: inactive players will automatically lose when time's up. (requested by Harry Koekenpan)
|
|t:|1756317771
|teamsize|p1|4
|teamsize|p2|4
|start
|switch|p1a: Sneasler|Sneasler, L50, F|100/100
|switch|p1b: Dragonite|Dragonite, L50, M|100/100
|switch|p2a: Weezing|Weezing-Galar, L50, F|100/100
|switch|p2b: Kilowattrel|Kilowattrel, L50, M|100/100
|-ability|p2a: Weezing|Neutralizing Gas
|turn|1
|
|t:|1756317790
|move|p2b: Kilowattrel|Tailwind|p2b: Kilowattrel
|-sidestart|p2: Harry Koekenpan|move: Tailwind
|move|p1a: Sneasler|Dire Claw|p2b: Kilowattrel
|-damage|p2b: Kilowattrel|18/100
|-status|p2b: Kilowattrel|slp
|move|p2a: Weezing|Dazzling Gleam|p1b: Dragonite|[spread] p1a,p1b
|-crit|p1a: Sneasler
|-supereffective|p1b: Dragonite
|-damage|p1a: Sneasler|31/100
|-damage|p1b: Dragonite|24/100
|move|p1b: Dragonite|Stomping Tantrum|p2a: Weezing
|-supereffective|p2a: Weezing
|-damage|p2a: Weezing|25/100
|
|upkeep
|turn|2
|
|t:|1756317813
|switch|p1b: Kingambit|Kingambit, L50, F|100/100
|cant|p2b: Kilowattrel|slp
|move|p1a: Sneasler|Dire Claw|p2a: Weezing
|-damage|p2a: Weezing|0 fnt
|faint|p2a: Weezing
|-end|p2a: Weezing|ability: Neutralizing Gas
|
|upkeep
|
|t:|1756317820
|switch|p2a: Conkeldurr|Conkeldurr, L50, M|100/100
|turn|3
|
|t:|1756317835
|move|p1b: Kingambit|Protect|p1b: Kingambit
|-singleturn|p1b: Kingambit|Protect
|cant|p2b: Kilowattrel|slp
|move|p1a: Sneasler|Coaching|p1b: Kingambit
|-boost|p1b: Kingambit|atk|1
|-boost|p1b: Kingambit|def|1
|move|p2a: Conkeldurr|Drain Punch|p1b: Kingambit
|-activate|p1b: Kingambit|move: Protect
|
|upkeep
|turn|4
|
|t:|1756317856
|-terastallize|p1b: Kingambit|Dark
|move|p1b: Kingambit|Sucker Punch|p2b: Kilowattrel
|-damage|p2b: Kilowattrel|0 fnt
|faint|p2b: Kilowattrel
|move|p1a: Sneasler|Coaching|p1b: Kingambit
|-boost|p1b: Kingambit|atk|1
|-boost|p1b: Kingambit|def|1
|move|p2a: Conkeldurr|Drain Punch|p1b: Kingambit
|-supereffective|p1b: Kingambit
|-damage|p1b: Kingambit|58/100
|
|-sideend|p2: Harry Koekenpan|move: Tailwind
|upkeep
|
|t:|1756317867
|switch|p2b: Garchomp|Garchomp, L50, F|100/100
|turn|5
|
|t:|1756317890
|move|p1b: Kingambit|Protect|p1b: Kingambit
|-singleturn|p1b: Kingambit|Protect
|move|p2a: Conkeldurr|Mach Punch|p1b: Kingambit
|-activate|p1b: Kingambit|move: Protect
|move|p1a: Sneasler|Dire Claw|p2a: Conkeldurr
|-damage|p2a: Conkeldurr|62/100
|-status|p2a: Conkeldurr|slp
|move|p2b: Garchomp|Stomping Tantrum|p1a: Sneasler
|-supereffective|p1a: Sneasler
|-damage|p1a: Sneasler|0 fnt
|faint|p1a: Sneasler
|-damage|p2b: Garchomp|91/100|[from] item: Life Orb
|
|upkeep
|
|t:|1756317902
|switch|p1a: Dragonite|Dragonite, L50, M|24/100
|turn|6
|
|t:|1756317924
|move|p2b: Garchomp|Protect|p2b: Garchomp
|-singleturn|p2b: Garchomp|Protect
|move|p1a: Dragonite|Extreme Speed|p2a: Conkeldurr
|-damage|p2a: Conkeldurr|22/100 slp
|move|p1b: Kingambit|Sucker Punch||[still]
|-fail|p1b: Kingambit
|cant|p2a: Conkeldurr|slp
|
|upkeep
|turn|7
|inactive|Harry Koekenpan has 30 seconds left.
|
|t:|1756317954
|-terastallize|p2b: Garchomp|Ground
|move|p1a: Dragonite|Extreme Speed|p2a: Conkeldurr
|-damage|p2a: Conkeldurr|0 fnt
|faint|p2a: Conkeldurr
|move|p1b: Kingambit|Sucker Punch|p2b: Garchomp
|-damage|p2b: Garchomp|0 fnt
|-damage|p1b: Kingambit|46/100|[from] ability: Rough Skin|[of] p2b: Garchomp
|faint|p2b: Garchomp
|
|win|Crying Flurmels
||Harry Koekenpan is ready for game 2.
|inactive|Crying Flurmels has 30 seconds to confirm battle start!
||Crying Flurmels is ready for game 2.
|uhtml|next|Next: Game 2 of 3
|l|☆Crying Flurmels
|player|p1|
|j|☆Crying Flurmels
|player|p1|Crying Flurmels|102|
|l|☆Crying Flurmels
|player|p1|
|j|☆Crying Flurmels
|player|p1|Crying Flurmels|102|
