|j|☆ThierryVGC
|j|☆Njstinks
|html|ThierryVGCNjstinks    
|uhtml|bestof|Game 2 of a best-of-3
|t:|1756950937
|gametype|doubles
|player|p1|ThierryVGC|101|1236
|player|p2|Njstinks|169|1350
|gen|9
|tier|[Gen 9] VGC 2025 Reg H (Bo3)
|rated|
|rule|Species Clause: Limit one of each Pokémon
|rule|Item Clause: Limit 1 of each item
|clearpoke
|poke|p1|Porygon2, L50|
|poke|p1|Ursaluna, L50, M|
|poke|p1|Amoonguss, L50, F|
|poke|p1|Incineroar, L50, M|
|poke|p1|Pelipper, L50, M|
|poke|p1|Archaludon, L50, M|
|poke|p2|Sneasler, L50, M|
|poke|p2|Dondozo, L50, M|
|poke|p2|Tatsugiri, L50, M|
|poke|p2|Indeedee, L50, M|
|poke|p2|Talonflame, L50, F|
|poke|p2|Ursaluna-Bloodmoon, L50, M|
|teampreview|4
|showteam|p1|Porygon2||Eviolite|Download|IceBeam,TeraBlast,Recover,TrickRoom||||||50|,,,,,Fighting]Ursaluna||FlameOrb|Guts|Facade,Earthquake,HeadlongRush,Protect|||M|||50|,,,,,Fairy]Amoonguss||CovertCloak|Regenerator|PollenPuff,ClearSmog,RagePowder,Spore|||F|||50|,,,,,Dark]Incineroar||SafetyGoggles|Intimidate|KnockOff,PartingShot,Taunt,FakeOut|||M|||50|,,,,,Ghost]Pelipper||LifeOrb|Drizzle|Hurricane,Protect,WeatherBall,Tailwind|||M|||50|,,,,,Stellar]Archaludon||AssaultVest|Stamina|FlashCannon,DragonPulse,ElectroShot,BodyPress|||M|||50|,,,,,Grass
|showteam|p2|Sneasler||PsychicSeed|Unburden|DireClaw,CloseCombat,Protect,ThroatChop|||M|||50|,,,,,Dark]Dondozo||Leftovers|Unaware|WaveCrash,HeavySlam,OrderUp,Protect|||M|||50|,,,,,Grass]Tatsugiri||ChoiceScarf|Commander|DracoMeteor,MuddyWater,IcyWind,DragonPulse|||M|||50|,,,,,Water]Indeedee||FocusSash|PsychicSurge|ExpandingForce,HelpingHand,TrickRoom,Protect|||M|||50|,,,,,Psychic]Talonflame||CovertCloak|GaleWings|BraveBird,FlareBlitz,Tailwind,WillOWisp|||F|||50|,,,,,Ghost]Ursaluna-Bloodmoon||LifeOrb|MindsEye|HyperVoice,BloodMoon,EarthPower,Protect|||M|||50|,,,,,Normal
|j| teamthief420
|inactive|Battle timer is ON: inactive players will automatically lose when time's up. (requested by ThierryVGC)
|
|t:|1756950987
|teamsize|p1|4
|teamsize|p2|4
|start
|switch|p1a: Porygon2|Porygon2, L50|100/100
|switch|p1b: Incineroar|Incineroar, L50, M|100/100
|switch|p2a: Sneasler|Sneasler, L50, M|100/100
|switch|p2b: Indeedee|Indeedee, L50, M|100/100
|-fieldstart|move: Psychic Terrain|[from] ability: Psychic Surge|[of] p2b: Indeedee
|-enditem|p2a: Sneasler|Psychic Seed
|-boost|p2a: Sneasler|spd|1|[from] item: Psychic Seed
|-ability|p1b: Incineroar|Intimidate|boost
|-unboost|p2a: Sneasler|atk|1
|-unboost|p2b: Indeedee|atk|1
|-ability|p1a: Porygon2|Download|boost
|-boost|p1a: Porygon2|atk|1
|turn|1
|
|t:|1756951003
|move|p2b: Indeedee|Helping Hand|p2a: Sneasler
|-singleturn|p2a: Sneasler|Helping Hand|[of] p2b: Indeedee
|move|p2a: Sneasler|Close Combat|p1b: Incineroar
|-supereffective|p1b: Incineroar
|-damage|p1b: Incineroar|0 fnt
|-unboost|p2a: Sneasler|def|1
|-unboost|p2a: Sneasler|spd|1
|faint|p1b: Incineroar
|move|p1a: Porygon2|Trick Room|p1a: Porygon2
|-fieldstart|move: Trick Room|[of] p1a: Porygon2
|
|upkeep
|
|t:|1756951013
|switch|p1b: Ursaluna|Ursaluna, L50, M|100/100
|turn|2
|
|t:|1756951023
|move|p2b: Indeedee|Protect|p2b: Indeedee
|-singleturn|p2b: Indeedee|Protect
|move|p2a: Sneasler|Protect|p2a: Sneasler
|-singleturn|p2a: Sneasler|Protect
|move|p1a: Porygon2|Tera Blast|p2b: Indeedee
|-activate|p2b: Indeedee|move: Protect
|move|p1b: Ursaluna|Earthquake|p2a: Sneasler|[spread] p1a
|-activate|p2a: Sneasler|move: Protect
|-activate|p2b: Indeedee|move: Protect
|-damage|p1a: Porygon2|74/100
|
|-status|p1b: Ursaluna|brn|[from] item: Flame Orb
|upkeep
|turn|3
|
|t:|1756951033
|switch|p1a: Amoonguss|Amoonguss, L50, F|100/100
|switch|p2b: Tatsugiri|Tatsugiri, L50, M|100/100
|switch|p2a: Dondozo|Dondozo, L50, M|100/100
|-activate|p2b: Tatsugiri|ability: Commander|[of] p2a: Dondozo
|-boost|p2a: Dondozo|atk|2
|-boost|p2a: Dondozo|spa|2
|-boost|p2a: Dondozo|spe|2
|-boost|p2a: Dondozo|def|2
|-boost|p2a: Dondozo|spd|2
|move|p1b: Ursaluna|Earthquake|p2a: Dondozo|[spread] p1a,p2a
|-miss|p1b: Ursaluna|p2b: Tatsugiri
|-damage|p1a: Amoonguss|49/100
|-damage|p2a: Dondozo|78/100
|
|-heal|p2a: Dondozo|84/100|[from] item: Leftovers
|-damage|p1b: Ursaluna|95/100 brn|[from] brn
|upkeep
|turn|4
|
|t:|1756951044
|move|p2a: Dondozo|Protect|p2a: Dondozo
|-singleturn|p2a: Dondozo|Protect
|move|p1a: Amoonguss|Clear Smog|p2a: Dondozo
|-activate|p2a: Dondozo|move: Protect
|move|p1b: Ursaluna|Facade|p2a: Dondozo
|-activate|p2a: Dondozo|move: Protect
|
|-heal|p2a: Dondozo|90/100|[from] item: Leftovers
|-damage|p1b: Ursaluna|89/100 brn|[from] brn
|upkeep
|turn|5
|inactive|Njstinks has 30 seconds left.
|
|t:|1756951076
|move|p1a: Amoonguss|Clear Smog|p2a: Dondozo
|-damage|p2a: Dondozo|82/100
|-clearboost|p2a: Dondozo
|move|p2a: Dondozo|Wave Crash|p1b: Ursaluna
|-supereffective|p1b: Ursaluna
|-damage|p1b: Ursaluna|5/100 brn
|-damage|p2a: Dondozo|55/100|[from] Recoil
|move|p1b: Ursaluna|Facade|p2a: Dondozo
|-damage|p2a: Dondozo|0 fnt
|faint|p2a: Dondozo
|
|-damage|p1b: Ursaluna|0 fnt|[from] brn
|faint|p1b: Ursaluna
|-fieldend|move: Trick Room
|-fieldend|move: Psychic Terrain
|upkeep
|
|t:|1756951085
|switch|p1b: Porygon2|Porygon2, L50|74/100
|switch|p2a: Indeedee|Indeedee, L50, M|100/100
|-fieldstart|move: Psychic Terrain|[from] ability: Psychic Surge|[of] p2a: Indeedee
|-ability|p1b: Porygon2|Download|boost
|-boost|p1b: Porygon2|atk|1
|turn|6
|
|t:|1756951107
|-terastallize|p2b: Tatsugiri|Water
|-terastallize|p1a: Amoonguss|Dark
|move|p2b: Tatsugiri|Muddy Water|p1b: Porygon2|[spread] p1a,p1b
|-damage|p1a: Amoonguss|11/100
|-damage|p1b: Porygon2|47/100
|move|p2a: Indeedee|Expanding Force|p1b: Porygon2|[spread] p1b
|-immune|p1a: Amoonguss
|-damage|p1b: Porygon2|14/100
|move|p1a: Amoonguss|Spore|p2a: Indeedee
|-status|p2a: Indeedee|slp|[from] move: Spore
|move|p1b: Porygon2|Trick Room|p1b: Porygon2
|-fieldstart|move: Trick Room|[of] p1b: Porygon2
|
|upkeep
|turn|7
|
|t:|1756951121
|move|p1a: Amoonguss|Spore|p2b: Tatsugiri
|-status|p2b: Tatsugiri|slp|[from] move: Spore
|move|p1b: Porygon2|Recover|p1b: Porygon2
|-heal|p1b: Porygon2|64/100
|cant|p2a: Indeedee|slp
|cant|p2b: Tatsugiri|slp
|
|upkeep
|turn|8
|inactive|ThierryVGC has 30 seconds left.
|
|t:|1756951147
|move|p1a: Amoonguss|Pollen Puff|p2a: Indeedee
|-supereffective|p2a: Indeedee
|-damage|p2a: Indeedee|48/100 slp
|move|p1b: Porygon2|Recover|p1b: Porygon2
|-heal|p1b: Porygon2|100/100
|-curestatus|p2a: Indeedee|slp|[msg]
|move|p2a: Indeedee|Expanding Force|p1b: Porygon2|[spread] p1b
|-immune|p1a: Amoonguss
|-damage|p1b: Porygon2|68/100
|-curestatus|p2b: Tatsugiri|slp|[msg]
|move|p2b: Tatsugiri|Muddy Water|p1a: Amoonguss|[spread] p1a,p1b
|-damage|p1a: Amoonguss|0 fnt
|-damage|p1b: Porygon2|40/100
|faint|p1a: Amoonguss
|
|upkeep
|turn|9
|
|t:|1756951160
|move|p2a: Indeedee|Helping Hand|p2b: Tatsugiri
|-singleturn|p2b: Tatsugiri|Helping Hand|[of] p2a: Indeedee
|move|p1b: Porygon2|Tera Blast|p2a: Indeedee
|-crit|p2a: Indeedee
|-damage|p2a: Indeedee|0 fnt
|faint|p2a: Indeedee
|move|p2b: Tatsugiri|Muddy Water|p1b: Porygon2
|-damage|p1b: Porygon2|0 fnt
|faint|p1b: Porygon2
|
|win|Njstinks
|raw|ThierryVGC's rating: 1236 → 1219(-17 for losing)
|raw|Njstinks's rating: 1350 → 1364(+14 for winning)
|c|☆Njstinks|Gg
|c|☆ThierryVGC|Gg
|l|☆ThierryVGC
|player|p1|
|l| teamthief420
