|j|☆FeelTheIceBro
|j|☆Mandy's cendy
|html|FeelTheIceBroMandy's cendy    
|uhtml|bestof|Game 2 of a best-of-3
|t:|1756744693
|gametype|doubles
|player|p1|FeelTheIceBro|1|1073
|player|p2|Mandy's cendy|iris-gen5bw2|1096
|gen|9
|tier|[Gen 9] VGC 2025 Reg H (Bo3)
|rated|
|rule|Species Clause: Limit one of each Pokémon
|rule|Item Clause: Limit 1 of each item
|clearpoke
|poke|p1|Gholdengo, L50|
|poke|p1|Electabuzz, L50, M|
|poke|p1|Ursaluna, L50, M|
|poke|p1|Dragonite, L50, F|
|poke|p1|Ninetales-Alola, L50, F|
|poke|p1|Farigiraf, L50, F|
|poke|p2|Charizard, L50, M|
|poke|p2|Torkoal, L50, F|
|poke|p2|Porygon2, L50|
|poke|p2|Incineroar, L50, F|
|poke|p2|Jumpluff, L50, F|
|poke|p2|Ursaluna, L50, F|
|teampreview|4
|showteam|p1|Gholdengo||LifeOrb|GoodasGold|MakeItRain,ShadowBall,NastyPlot,Protect||||||50|,,,,,Water]Electabuzz||Eviolite|VitalSpirit|Thunderbolt,Taunt,FollowMe,Protect|||M|||50|,,,,,Dragon]Ursaluna||FlameOrb|Guts|Facade,HeadlongRush,Earthquake,Protect|||M|||50|,,,,,Fairy]Dragonite||LoadedDice|Multiscale|ScaleShot,Haze,Tailwind,Protect|||F|||50|,,,,,Fairy]Ninetales-Alola||FocusSash|SnowWarning|Blizzard,FreezeDry,Encore,Protect|||F|||50|,,,,,Ghost]Farigiraf||ThroatSpray|ArmorTail|HyperVoice,Psychic,TrickRoom,Protect|||F|||50|,,,,,Water
|showteam|p2|Charizard||ChoiceSpecs|SolarPower|HeatWave,Overheat,WeatherBall,AirSlash|||M|||50|,,,,,Ghost]Torkoal||EjectPack|Drought|Eruption,Overheat,HelpingHand,Protect|||F|||50|,,,,,Fire]Porygon2||Eviolite|Download|TeraBlast,IceBeam,Recover,TrickRoom||||||50|,,,,,Fighting]Incineroar||SitrusBerry|Intimidate|FlareBlitz,KnockOff,FakeOut,PartingShot|||F|||50|,,,,,Ghost]Jumpluff||CovertCloak|Chlorophyll|SleepPowder,SunnyDay,RagePowder,Tailwind|||F|||50|,,,,,Water]Ursaluna||FlameOrb|Guts|HeadlongRush,Facade,Earthquake,Protect|||F|||50|,,,,,Ghost
|inactive|Battle timer is ON: inactive players will automatically lose when time's up. (requested by Mandy's cendy)
|inactive|FeelTheIceBro has 60 seconds left.
|inactive|Mandy's cendy has 60 seconds left.
|
|t:|1756744730
|teamsize|p1|4
|teamsize|p2|4
|start
|switch|p1a: Electabuzz|Electabuzz, L50, M, shiny|100/100
|switch|p1b: Farigiraf|Farigiraf, L50, F|100/100
|switch|p2a: Jumpluff|Jumpluff, L50, F|100/100
|switch|p2b: Ursaluna|Ursaluna, L50, F|100/100
|turn|1
|inactive|Mandy's cendy has 30 seconds left.
|
|t:|1756744757
|-terastallize|p1a: Electabuzz|Dragon
|move|p2a: Jumpluff|Sleep Powder|p1b: Farigiraf|[miss]
|-miss|p2a: Jumpluff|p1b: Farigiraf
|move|p1a: Electabuzz|Taunt|p2a: Jumpluff
|-start|p2a: Jumpluff|move: Taunt
|move|p1b: Farigiraf|Hyper Voice|p2b: Ursaluna|[spread] p2a,p2b
|-damage|p2a: Jumpluff|70/100
|-damage|p2b: Ursaluna|72/100
|-enditem|p1b: Farigiraf|Throat Spray
|-boost|p1b: Farigiraf|spa|1|[from] item: Throat Spray
|move|p2b: Ursaluna|Earthquake|p1a: Electabuzz|[spread] p1a,p1b
|-immune|p2a: Jumpluff
|-damage|p1a: Electabuzz|63/100
|-damage|p1b: Farigiraf|52/100
|
|-status|p2b: Ursaluna|brn|[from] item: Flame Orb
|upkeep
|turn|2
|inactive|FeelTheIceBro has 30 seconds left.
|
|t:|1756744790
|switch|p2a: Incineroar|Incineroar, L50, F|100/100
|-ability|p2a: Incineroar|Intimidate|boost
|-unboost|p1a: Electabuzz|atk|1
|-unboost|p1b: Farigiraf|atk|1
|move|p2b: Ursaluna|Protect|p2b: Ursaluna
|-singleturn|p2b: Ursaluna|Protect
|move|p1a: Electabuzz|Follow Me|p1a: Electabuzz
|-singleturn|p1a: Electabuzz|move: Follow Me
|move|p1b: Farigiraf|Psychic|p2a: Incineroar
|-immune|p2a: Incineroar
|
|-damage|p2b: Ursaluna|66/100 brn|[from] brn
|upkeep
|turn|3
|
|t:|1756744810
|switch|p2b: Jumpluff|Jumpluff, L50, F|70/100
|move|p1a: Electabuzz|Follow Me|p1a: Electabuzz
|-singleturn|p1a: Electabuzz|move: Follow Me
|move|p2a: Incineroar|Flare Blitz|p1a: Electabuzz
|-resisted|p1a: Electabuzz
|-damage|p1a: Electabuzz|39/100
|-damage|p2a: Incineroar|94/100|[from] Recoil
|move|p1b: Farigiraf|Hyper Voice|p2a: Incineroar|[spread] p2a,p2b
|-damage|p2a: Incineroar|50/100
|-damage|p2b: Jumpluff|21/100
|-enditem|p2a: Incineroar|Sitrus Berry|[eat]
|-heal|p2a: Incineroar|75/100|[from] item: Sitrus Berry
|
|upkeep
|turn|4
|
|t:|1756744831
|move|p1a: Electabuzz|Follow Me|p1a: Electabuzz
|-singleturn|p1a: Electabuzz|move: Follow Me
|move|p2b: Jumpluff|Sunny Day|p2b: Jumpluff
|-weather|SunnyDay
|move|p2a: Incineroar|Parting Shot|p1a: Electabuzz
|-unboost|p1a: Electabuzz|atk|1
|-unboost|p1a: Electabuzz|spa|1
|
|t:|1756744838
|switch|p2a: Charizard|Charizard, L50, M|100/100|[from] Parting Shot
|move|p1b: Farigiraf|Trick Room|p1b: Farigiraf
|-fieldstart|move: Trick Room|[of] p1b: Farigiraf
|
|-weather|SunnyDay|[upkeep]
|-damage|p2a: Charizard|88/100|[from] ability: Solar Power|[of] p2a: Charizard
|upkeep
|turn|5
|inactive|Mandy's cendy has 30 seconds left.
|
|t:|1756744871
|-terastallize|p2a: Charizard|Ghost
|move|p2b: Jumpluff|Rage Powder|p2b: Jumpluff
|-singleturn|p2b: Jumpluff|move: Rage Powder
|move|p1b: Farigiraf|Psychic|p2b: Jumpluff
|-damage|p2b: Jumpluff|0 fnt
|faint|p2b: Jumpluff
|move|p1a: Electabuzz|Thunderbolt|p2a: Charizard
|-damage|p2a: Charizard|64/100
|move|p2a: Charizard|Heat Wave|p1b: Farigiraf|[spread] p1a,p1b
|-resisted|p1a: Electabuzz
|-damage|p1a: Electabuzz|0 fnt
|-damage|p1b: Farigiraf|0 fnt
|faint|p1a: Electabuzz
|faint|p1b: Farigiraf
|
|-weather|SunnyDay|[upkeep]
|-damage|p2a: Charizard|51/100|[from] ability: Solar Power|[of] p2a: Charizard
|upkeep
|inactive|Mandy's cendy has 30 seconds left.
|
|t:|1756744903
|switch|p1b: Ursaluna|Ursaluna, L50, M, shiny|100/100
|switch|p1a: Gholdengo|Gholdengo, L50, shiny|100/100
|switch|p2b: Ursaluna|Ursaluna, L50, F|66/100 brn
|turn|6
|
|t:|1756744912
|move|p1b: Ursaluna|Protect|p1b: Ursaluna
|-singleturn|p1b: Ursaluna|Protect
|move|p1a: Gholdengo|Protect|p1a: Gholdengo
|-singleturn|p1a: Gholdengo|Protect
|move|p2b: Ursaluna|Headlong Rush|p1a: Gholdengo
|-activate|p1a: Gholdengo|move: Protect
|move|p2a: Charizard|Heat Wave|p1a: Gholdengo|[spread] 
|-activate|p1a: Gholdengo|move: Protect
|-activate|p1b: Ursaluna|move: Protect
|
|-weather|SunnyDay|[upkeep]
|-damage|p2a: Charizard|39/100|[from] ability: Solar Power|[of] p2a: Charizard
|-damage|p2b: Ursaluna|60/100 brn|[from] brn
|-status|p1b: Ursaluna|brn|[from] item: Flame Orb
|upkeep
|turn|7
|
|t:|1756744927
|switch|p2a: Incineroar|Incineroar, L50, F|75/100
|-ability|p2a: Incineroar|Intimidate|boost
|-unboost|p1a: Gholdengo|atk|1
|-unboost|p1b: Ursaluna|atk|1
|move|p1a: Gholdengo|Protect|p1a: Gholdengo
|-singleturn|p1a: Gholdengo|Protect
|move|p2b: Ursaluna|Headlong Rush|p1a: Gholdengo
|-activate|p1a: Gholdengo|move: Protect
|move|p1b: Ursaluna|Earthquake|p2b: Ursaluna|[spread] p2a,p2b
|-activate|p1a: Gholdengo|move: Protect
|-supereffective|p2a: Incineroar
|-damage|p2a: Incineroar|0 fnt
|-damage|p2b: Ursaluna|25/100 brn
|faint|p2a: Incineroar
|
|-weather|SunnyDay|[upkeep]
|-damage|p2b: Ursaluna|19/100 brn|[from] brn
|-damage|p1b: Ursaluna|95/100 brn|[from] brn
|upkeep
|c|☆Mandy's cendy|man, go buy a lottery ticket
|c|☆Mandy's cendy|idk
|
|t:|1756744946
|switch|p2a: Charizard|Charizard, L50, M, tera:Ghost|39/100
|turn|8
|c|☆FeelTheIceBro|is the game bro i have to do it
|inactive|Mandy's cendy has 30 seconds left.
|c|☆FeelTheIceBro|gg wp
|inactive|Mandy's cendy has 20 seconds left.
|inactive|Mandy's cendy has 15 seconds left.
|
|t:|1756744996
|move|p2b: Ursaluna|Headlong Rush|p1a: Gholdengo
|-supereffective|p1a: Gholdengo
|-damage|p1a: Gholdengo|0 fnt
|-unboost|p2b: Ursaluna|def|1
|-unboost|p2b: Ursaluna|spd|1
|faint|p1a: Gholdengo
|move|p1b: Ursaluna|Earthquake|p2b: Ursaluna|[spread] p2a,p2b
|-damage|p2a: Charizard|0 fnt
|-damage|p2b: Ursaluna|0 fnt
|faint|p2a: Charizard
|faint|p2b: Ursaluna
|
|win|FeelTheIceBro
|raw|FeelTheIceBro's rating: 1073 → 1104(+31 for winning)
|raw|Mandy's cendy's rating: 1096 → 1070(-26 for losing)
|l|☆FeelTheIceBro
|player|p1|
