|j|☆lolgz
|j|☆al.fo1234
|html|lolgzal.fo1234    
|uhtml|bestof|Game 1 of a best-of-3
|t:|1783511291
|gametype|doubles
|player|p1|lolgz|dawn|1083
|player|p2|al.fo1234|acetrainer-gen4dp|1184
|gen|9
|tier|[Gen 9 Champions] VGC 2026 Reg M-B (Bo3)
|rated|
|rule|Species Clause: Limit one of each Pokémon
|rule|Item Clause: Limit 1 of each item
|clearpoke
|poke|p1|Scrafty, L50, M|
|poke|p1|Vivillon, L50, M|
|poke|p1|Incineroar, L50, M|
|poke|p1|Sinistcha, L50|
|poke|p1|Kingambit, L50, F|
|poke|p1|Delphox, L50, M|
|poke|p2|Charizard, L50, M, shiny|
|poke|p2|Venusaur, L50, F|
|poke|p2|Sylveon, L50, M|
|poke|p2|Farigiraf, L50, M|
|poke|p2|Incineroar, L50, M|
|poke|p2|Garchomp, L50, F|
|teampreview|4
|showteam|p1|Scrafty||Scraftinite|Intimidate|DrainPunch,KnockOff,Protect,DragonDance|Jolly||M|||50|]Vivillon||ChoiceScarf|CompoundEyes|SleepPowder,Hurricane,RagePowder,Tailwind|Timid||M|||50|]Incineroar||PasshoBerry|Intimidate|PartingShot,FakeOut,ThroatChop,FlareBlitz|Careful||M|||50|]Sinistcha||KasibBerry|Hospitality|MatchaGotcha,RagePowder,TrickRoom,Protect|Serious|||||50|]Kingambit||BlackGlasses|Defiant|SuckerPunch,KowtowCleave,Protect,SwordsDance|Adamant||F|||50|]Delphox||Delphoxite|Blaze|HeatWave,Psychic,Protect,NastyPlot|Timid||M|||50|
|showteam|p2|Charizard||CharizarditeY|Blaze|Protect,WeatherBall,HeatWave,SolarBeam|Serious||M|||50|]Venusaur||FocusSash|Chlorophyll|SludgeBomb,EnergyBall,SleepPowder,Protect|Modest||F|||50|]Sylveon||FairyFeather|Pixilate|Protect,HyperBeam,HyperVoice,Yawn|Modest||M|||50|]Farigiraf||ColburBerry|ArmorTail|TrickRoom,Thunderbolt,Psychic,HelpingHand|Quiet||M|||50|]Incineroar||Charcoal|Intimidate|PartingShot,FlareBlitz,ThroatChop,FakeOut|Brave||M|||50|]Garchomp||LifeOrb|RoughSkin|Protect,Earthquake,RockSlide,DragonClaw|Jolly||F|||50|
|inactive|Battle timer is ON: inactive players will automatically lose when time's up. (requested by lolgz)
|inactive|al.fo1234 has 60 seconds left.
|
|t:|1783511347
|teamsize|p1|4
|teamsize|p2|4
|start
|switch|p1a: Vivillon|Vivillon, L50, M|100/100
|switch|p1b: Incineroar|Incineroar, L50, M|100/100
|switch|p2a: Incineroar|Incineroar, L50, M|100/100
|switch|p2b: Sylveon|Sylveon, L50, M|100/100
|-ability|p1b: Incineroar|Intimidate|boost
|-unboost|p2a: Incineroar|atk|1
|-unboost|p2b: Sylveon|atk|1
|-ability|p2a: Incineroar|Intimidate|boost
|-unboost|p1a: Vivillon|atk|1
|-unboost|p1b: Incineroar|atk|1
|turn|1
|inactive|al.fo1234 has 30 seconds left.
|
|t:|1783511380
|move|p1a: Vivillon|Sleep Powder|p2b: Sylveon
|-status|p2b: Sylveon|slp|[from] move: Sleep Powder
|move|p1b: Incineroar|Parting Shot|p2a: Incineroar
|-unboost|p2a: Incineroar|atk|1
|-unboost|p2a: Incineroar|spa|1
|
|t:|1783511383
|switch|p1b: Delphox|Delphox, L50, M|100/100|[from] Parting Shot
|cant|p2b: Sylveon|slp
|move|p2a: Incineroar|Flare Blitz|p1a: Vivillon
|-supereffective|p1a: Vivillon|1
|-damage|p1a: Vivillon|0 fnt
|faint|p1a: Vivillon
|-damage|p2a: Incineroar|74/100|[from] Recoil
|
|upkeep
|
|t:|1783511385
|switch|p1a: Incineroar|Incineroar, L50, M|100/100
|-ability|p1a: Incineroar|Intimidate|boost
|-unboost|p2a: Incineroar|atk|1
|-unboost|p2b: Sylveon|atk|1
|turn|2
|
|t:|1783511402
|switch|p2a: Garchomp|Garchomp, L50, F|100/100
|detailschange|p1b: Delphox|Delphox-Mega, L50, M
|-mega|p1b: Delphox|Delphox|Delphoxite
|move|p1a: Incineroar|Fake Out|p2a: Garchomp
|-damage|p2a: Garchomp|89/100
|-damage|p1a: Incineroar|87/100|[from] ability: Rough Skin|[of] p2a: Garchomp
|move|p1b: Delphox|Nasty Plot|p1b: Delphox
|-boost|p1b: Delphox|spa|2
|cant|p2b: Sylveon|slp
|
|upkeep
|turn|3
|
|t:|1783511419
|move|p1b: Delphox|Psychic|p2a: Garchomp
|-damage|p2a: Garchomp|0 fnt
|faint|p2a: Garchomp
|move|p1a: Incineroar|Parting Shot|p2b: Sylveon
|-unboost|p2b: Sylveon|atk|1
|-unboost|p2b: Sylveon|spa|1
|
|t:|1783511422
|switch|p1a: Kingambit|Kingambit, L50, F|100/100|[from] Parting Shot
|-curestatus|p2b: Sylveon|slp|[msg]
|move|p2b: Sylveon|Yawn|p1b: Delphox
|-start|p1b: Delphox|move: Yawn|[of] p2b: Sylveon
|
|upkeep
|
|t:|1783511432
|switch|p2a: Charizard|Charizard, L50, M, shiny|100/100
|turn|4
|
|t:|1783511444
|move|p2a: Charizard|Protect|p2a: Charizard
|-singleturn|p2a: Charizard|Protect
|move|p1b: Delphox|Psychic|p2a: Charizard
|-activate|p2a: Charizard|move: Protect
|move|p2b: Sylveon|Yawn|p1a: Kingambit
|-start|p1a: Kingambit|move: Yawn|[of] p2b: Sylveon
|move|p1a: Kingambit|Swords Dance|p1a: Kingambit
|-boost|p1a: Kingambit|atk|2
|
|-end|p1b: Delphox|move: Yawn|[silent]
|-status|p1b: Delphox|slp
|upkeep
|turn|5
|inactive|al.fo1234 has 30 seconds left.
|inactive|al.fo1234 has 20 seconds left.
|inactive|al.fo1234 has 15 seconds left.
|inactive|al.fo1234 has 10 seconds left.
|
|t:|1783511492
|detailschange|p2a: Charizard|Charizard-Mega-Y, L50, M, shiny
|-mega|p2a: Charizard|Charizard|Charizardite Y
|-weather|SunnyDay|[from] ability: Drought|[of] p2a: Charizard
|move|p1a: Kingambit|Sucker Punch|p2a: Charizard
|-damage|p2a: Charizard|11/100
|cant|p1b: Delphox|slp
|move|p2a: Charizard|Weather Ball|p1a: Kingambit
|-supereffective|p1a: Kingambit|1
|-damage|p1a: Kingambit|0 fnt
|faint|p1a: Kingambit
|move|p2b: Sylveon|Hyper Voice|p1b: Delphox
|-resisted|p1b: Delphox|1
|-damage|p1b: Delphox|84/100 slp
|
|-weather|SunnyDay|[upkeep]
|upkeep
|
|t:|1783511497
|switch|p1a: Incineroar|Incineroar, L50, M|87/100
|-ability|p1a: Incineroar|Intimidate|boost
|-unboost|p2a: Charizard|atk|1
|-unboost|p2b: Sylveon|atk|1
|turn|6
|
|t:|1783511516
|switch|p2a: Incineroar|Incineroar, L50, M|74/100
|-ability|p2a: Incineroar|Intimidate|boost
|-unboost|p1a: Incineroar|atk|1
|-unboost|p1b: Delphox|atk|1
|move|p1a: Incineroar|Fake Out|p2a: Incineroar
|-damage|p2a: Incineroar|68/100
|cant|p1b: Delphox|slp
|move|p2b: Sylveon|Yawn|p1a: Incineroar
|-start|p1a: Incineroar|move: Yawn|[of] p2b: Sylveon
|
|-weather|SunnyDay|[upkeep]
|upkeep
|turn|7
|inactive|al.fo1234 has 30 seconds left.
|inactive|al.fo1234 has 20 seconds left.
|
|t:|1783511554
|-curestatus|p1b: Delphox|slp|[msg]
|move|p1b: Delphox|Heat Wave|p2a: Incineroar|[spread] p2a,p2b
|-resisted|p2a: Incineroar|1
|-damage|p2a: Incineroar|18/100
|-damage|p2b: Sylveon|11/100
|move|p1a: Incineroar|Flare Blitz|p2a: Incineroar
|-resisted|p2a: Incineroar|1
|-damage|p2a: Incineroar|0 fnt
|faint|p2a: Incineroar
|-damage|p1a: Incineroar|81/100|[from] Recoil
|move|p2b: Sylveon|Yawn|p1b: Delphox
|-start|p1b: Delphox|move: Yawn|[of] p2b: Sylveon
|
|-weather|SunnyDay|[upkeep]
|-end|p1a: Incineroar|move: Yawn|[silent]
|-status|p1a: Incineroar|slp
|upkeep
|
|t:|1783511567
|switch|p2a: Charizard|Charizard-Mega-Y, L50, M, shiny|11/100
|turn|8
|
|t:|1783511572
|move|p2a: Charizard|Protect|p2a: Charizard
|-singleturn|p2a: Charizard|Protect
|move|p2b: Sylveon|Protect|p2b: Sylveon
|-singleturn|p2b: Sylveon|Protect
|move|p1b: Delphox|Heat Wave|p2a: Charizard|[spread] 
|-activate|p2a: Charizard|move: Protect
|-activate|p2b: Sylveon|move: Protect
|cant|p1a: Incineroar|slp
|
|-weather|SunnyDay|[upkeep]
|-end|p1b: Delphox|move: Yawn|[silent]
|-status|p1b: Delphox|slp
|upkeep
|turn|9
|
|t:|1783511591
|cant|p1b: Delphox|slp
|move|p2a: Charizard|Weather Ball|p1a: Incineroar
|-resisted|p1a: Incineroar|1
|-crit|p1a: Incineroar
|-damage|p1a: Incineroar|39/100 slp
|cant|p1a: Incineroar|slp
|move|p2b: Sylveon|Hyper Beam|p1a: Incineroar
|-damage|p1a: Incineroar|0 fnt
|-mustrecharge|p2b: Sylveon
|faint|p1a: Incineroar
|
|-weather|none
|upkeep
|turn|10
|
|t:|1783511604
|cant|p1b: Delphox|slp
|move|p2a: Charizard|Heat Wave|p1b: Delphox|[miss]
|-miss|p2a: Charizard|p1b: Delphox
|cant|p2b: Sylveon|recharge
|
|upkeep
|turn|11
|
|t:|1783511619
|-curestatus|p1b: Delphox|slp|[msg]
|move|p1b: Delphox|Heat Wave|p2a: Charizard|[spread] p2a,p2b
|-resisted|p2a: Charizard|1
|-damage|p2a: Charizard|0 fnt
|-damage|p2b: Sylveon|0 fnt
|faint|p2a: Charizard
|faint|p2b: Sylveon
|
|win|lolgz
