|j|☆ryanpowneyissoslay
|j|☆marcosdeltasena31
|html|ryanpowneyissoslaymarcosdeltasena31    
|uhtml|bestof|Game 2 of a best-of-3
|t:|1754859827
|gametype|doubles
|player|p1|ryanpowneyissoslay|ghetsis|1324
|player|p2|marcosdeltasena31|hilbert|1235
|gen|9
|tier|[Gen 9] VGC 2025 Reg H (Bo3)
|rated|
|rule|Species Clause: Limit one of each Pokémon
|rule|Item Clause: Limit 1 of each item
|clearpoke
|poke|p1|Annihilape, L50, F|
|poke|p1|Rillaboom, L50, F|
|poke|p1|Dragonite, L50, M|
|poke|p1|Incineroar, L50, M|
|poke|p1|Volcarona, L50, M|
|poke|p1|Electabuzz, L50, F|
|poke|p2|Dragonite, L50, F|
|poke|p2|Sneasler, L50, F|
|poke|p2|Volcarona, L50, F|
|poke|p2|Rillaboom, L50, M|
|poke|p2|Kingambit, L50, F|
|poke|p2|Electabuzz, L50, F|
|teampreview|4
|showteam|p1|Annihilape||FocusSash|Defiant|CloseCombat,Protect,RageFist,Taunt|||F|||50|,,,,,Stellar]Rillaboom||AssaultVest|GrassySurge|GrassyGlide,FakeOut,WoodHammer,HighHorsepower|||F|||50|,,,,,Fire]Dragonite||LoadedDice|Multiscale|Protect,ScaleShot,Haze,Tailwind|||M|||50|,,,,,Fairy]Incineroar||SafetyGoggles|Intimidate|FlareBlitz,KnockOff,PartingShot,FakeOut|||M|||50|,,,,,Ghost]Volcarona||CovertCloak|FlameBody|HeatWave,TeraBlast,QuiverDance,Protect|||M|||50|,,,,,Fairy]Electabuzz||Eviolite|VitalSpirit|FollowMe,Electroweb,Taunt,Protect|||F|||50|,,,,,Electric
|showteam|p2|Dragonite||LoadedDice|Multiscale|ScaleShot,ExtremeSpeed,Haze,Protect|||F|||50|,,,,,Fairy]Sneasler||FocusSash|PoisonTouch|DireClaw,CloseCombat,FakeOut,Coaching|||F|||50|,,,,,Ghost]Volcarona||CovertCloak|FlameBody|HeatWave,TeraBlast,QuiverDance,Protect|||F|||50|,,,,,Fairy]Rillaboom||AssaultVest|GrassySurge|WoodHammer,FakeOut,GrassyGlide,HighHorsepower|||M|||50|,,,,,Fire]Kingambit||BlackGlasses|Defiant|KowtowCleave,SwordsDance,SuckerPunch,Protect|||F|||50|,,,,,Dark]Electabuzz||Eviolite|VitalSpirit|Electroweb,FollowMe,Taunt,Protect|||F|||50|,,,,,Ghost
|inactive|Battle timer is ON: inactive players will automatically lose when time's up. (requested by ryanpowneyissoslay)
|
|t:|1754859836
|teamsize|p1|4
|teamsize|p2|4
|start
|switch|p1a: Volcarona|Volcarona, L50, M|100/100
|switch|p1b: Rillaboom|Rillaboom, L50, F|100/100
|switch|p2a: Volcarona|Volcarona, L50, F|100/100
|switch|p2b: Electabuzz|Electabuzz, L50, F|100/100
|-fieldstart|move: Grassy Terrain|[from] ability: Grassy Surge|[of] p1b: Rillaboom
|turn|1
|
|t:|1754859844
|move|p1b: Rillaboom|Fake Out|p2b: Electabuzz
|-damage|p2b: Electabuzz|91/100
|move|p2a: Volcarona|Quiver Dance|p2a: Volcarona
|-boost|p2a: Volcarona|spa|1
|-boost|p2a: Volcarona|spd|1
|-boost|p2a: Volcarona|spe|1
|cant|p2b: Electabuzz|flinch
|move|p1a: Volcarona|Quiver Dance|p1a: Volcarona
|-boost|p1a: Volcarona|spa|1
|-boost|p1a: Volcarona|spd|1
|-boost|p1a: Volcarona|spe|1
|
|-heal|p2b: Electabuzz|96/100|[from] Grassy Terrain
|upkeep
|turn|2
|
|t:|1754859866
|-terastallize|p1b: Rillaboom|Fire
|move|p2a: Volcarona|Heat Wave|p1b: Rillaboom|[spread] p1a,p1b
|-resisted|p1b: Rillaboom
|-damage|p1a: Volcarona|69/100
|-damage|p1b: Rillaboom|80/100
|move|p1a: Volcarona|Heat Wave|p2b: Electabuzz|[spread] p2a,p2b
|-damage|p2a: Volcarona|64/100
|-damage|p2b: Electabuzz|53/100
|move|p2b: Electabuzz|Taunt|p1a: Volcarona
|-start|p1a: Volcarona|move: Taunt
|move|p1b: Rillaboom|High Horsepower|p2a: Volcarona
|-damage|p2a: Volcarona|28/100
|
|-heal|p2a: Volcarona|34/100|[from] Grassy Terrain
|-heal|p1a: Volcarona|75/100|[from] Grassy Terrain
|-heal|p2b: Electabuzz|58/100|[from] Grassy Terrain
|-heal|p1b: Rillaboom|86/100|[from] Grassy Terrain
|upkeep
|turn|3
|inactive|marcosdeltasena31 has 30 seconds left.
|
|t:|1754859893
|move|p2a: Volcarona|Heat Wave|p1b: Rillaboom|[spread] p1a,p1b
|-resisted|p1b: Rillaboom
|-damage|p1a: Volcarona|42/100
|-damage|p1b: Rillaboom|63/100
|move|p1a: Volcarona|Heat Wave|p2a: Volcarona|[spread] p2a,p2b
|-damage|p2a: Volcarona|0 fnt
|-damage|p2b: Electabuzz|16/100
|faint|p2a: Volcarona
|move|p2b: Electabuzz|Electroweb|p1b: Rillaboom|[spread] p1a,p1b
|-crit|p1a: Volcarona
|-damage|p1a: Volcarona|23/100
|-damage|p1b: Rillaboom|53/100
|-unboost|p1b: Rillaboom|spe|1
|move|p1b: Rillaboom|Wood Hammer|p2b: Electabuzz
|-damage|p2b: Electabuzz|0 fnt
|faint|p2b: Electabuzz
|-damage|p1b: Rillaboom|48/100|[from] Recoil
|
|-heal|p1a: Volcarona|29/100|[from] Grassy Terrain
|-heal|p1b: Rillaboom|54/100|[from] Grassy Terrain
|upkeep
|
|t:|1754859901
|switch|p2a: Sneasler|Sneasler, L50, F|100/100
|switch|p2b: Dragonite|Dragonite, L50, F|100/100
|turn|4
|
|t:|1754859916
|move|p2a: Sneasler|Fake Out|p1b: Rillaboom
|-crit|p1b: Rillaboom
|-damage|p1b: Rillaboom|37/100
|-status|p1b: Rillaboom|psn|[from] ability: Poison Touch|[of] p2a: Sneasler
|cant|p1b: Rillaboom|flinch
|move|p1a: Volcarona|Heat Wave|p2a: Sneasler|[spread] p2a,p2b
|-resisted|p2b: Dragonite
|-damage|p2a: Sneasler|24/100
|-damage|p2b: Dragonite|85/100
|move|p2b: Dragonite|Scale Shot|p1a: Volcarona
|-damage|p1a: Volcarona|11/100
|-crit|p1a: Volcarona
|-damage|p1a: Volcarona|0 fnt
|faint|p1a: Volcarona
|-hitcount|p1: Volcarona|2
|-unboost|p2b: Dragonite|def|1
|-boost|p2b: Dragonite|spe|1
|
|-heal|p2a: Sneasler|30/100|[from] Grassy Terrain
|-heal|p1b: Rillaboom|42/100 psn|[from] Grassy Terrain
|-damage|p1b: Rillaboom|30/100 psn|[from] psn
|upkeep
|
|t:|1754859926
|switch|p1a: Annihilape|Annihilape, L50, F|100/100
|turn|5
|
|t:|1754859937
|move|p2b: Dragonite|Extreme Speed|p1b: Rillaboom
|-damage|p1b: Rillaboom|2/100 psn
|move|p1b: Rillaboom|Grassy Glide|p2a: Sneasler
|-resisted|p2a: Sneasler
|-damage|p2a: Sneasler|1/100
|move|p2a: Sneasler|Coaching|p2b: Dragonite
|-boost|p2b: Dragonite|atk|1
|-boost|p2b: Dragonite|def|1
|move|p1a: Annihilape|Rage Fist|p2b: Dragonite
|-damage|p2b: Dragonite|59/100
|
|-heal|p2a: Sneasler|7/100|[from] Grassy Terrain
|-heal|p1b: Rillaboom|8/100 psn|[from] Grassy Terrain
|-damage|p1b: Rillaboom|0 fnt|[from] psn
|faint|p1b: Rillaboom
|-fieldend|move: Grassy Terrain
|upkeep
|
|t:|1754859943
|switch|p1b: Electabuzz|Electabuzz, L50, F|100/100
|turn|6
|inactive|marcosdeltasena31 has 30 seconds left.
|
|t:|1754859970
|move|p1b: Electabuzz|Protect|p1b: Electabuzz
|-singleturn|p1b: Electabuzz|Protect
|move|p2b: Dragonite|Scale Shot|p1b: Electabuzz
|-activate|p1b: Electabuzz|move: Protect
|move|p2a: Sneasler|Close Combat|p1b: Electabuzz
|-activate|p1b: Electabuzz|move: Protect
|move|p1a: Annihilape|Rage Fist|p2a: Sneasler
|-damage|p2a: Sneasler|0 fnt
|faint|p2a: Sneasler
|
|upkeep
|turn|7
|
|t:|1754859990
|move|p1b: Electabuzz|Follow Me|p1b: Electabuzz
|-singleturn|p1b: Electabuzz|move: Follow Me
|move|p2b: Dragonite|Scale Shot|p1b: Electabuzz
|-damage|p1b: Electabuzz|79/100
|-damage|p1b: Electabuzz|56/100
|-damage|p1b: Electabuzz|35/100
|-damage|p1b: Electabuzz|10/100
|-damage|p1b: Electabuzz|0 fnt
|faint|p1b: Electabuzz
|-hitcount|p1: Electabuzz|5
|-unboost|p2b: Dragonite|def|1
|-boost|p2b: Dragonite|spe|1
|move|p1a: Annihilape|Rage Fist|p2b: Dragonite
|-damage|p2b: Dragonite|20/100
|
|upkeep
|turn|8
|
|t:|1754860002
|move|p2b: Dragonite|Scale Shot|p1a: Annihilape
|-damage|p1a: Annihilape|75/100
|-damage|p1a: Annihilape|50/100
|-damage|p1a: Annihilape|24/100
|-damage|p1a: Annihilape|0 fnt
|faint|p1a: Annihilape
|-hitcount|p1: Annihilape|4
|
|win|marcosdeltasena31
|raw|ryanpowneyissoslay's rating: 1324 → 1299(-25 for losing)
|raw|marcosdeltasena31's rating: 1235 → 1266(+31 for winning)
|c|☆ryanpowneyissoslay|Ggs
|l|☆ryanpowneyissoslay
|player|p1|
