|j|☆Declan777
|j|‽pikajah12
|html|Declan777pikajah12    
|uhtml|bestof|Game 1 of a best-of-3
|t:|1784049571
|gametype|doubles
|player|p1|Declan777|unknown|1040
|player|p2|pikajah12|gambler|1028
|gen|9
|tier|[Gen 9 Champions] VGC 2026 Reg M-B (Bo3)
|rated|
|rule|Species Clause: Limit one of each Pokémon
|rule|Item Clause: Limit 1 of each item
|clearpoke
|poke|p1|Ampharos, L50, F|
|poke|p1|Sinistcha, L50|
|poke|p1|Metagross, L50, shiny|
|poke|p1|Toxapex, L50, F|
|poke|p1|Ceruledge, L50, F|
|poke|p1|Tauros-Paldea-Aqua, L50, M|
|poke|p2|Farigiraf, L50, F|
|poke|p2|Camerupt, L50, F|
|poke|p2|Meowscarada, L50, M|
|poke|p2|Torkoal, L50, M|
|poke|p2|Kangaskhan, L50, F|
|poke|p2|Rampardos, L50, M|
|teampreview|4
|showteam|p1|Ampharos||Ampharosite|Static|CottonGuard,Thunderbolt,DragonPulse,Protect|Modest||F|||50|]Sinistcha||SitrusBerry|Hospitality|TrickRoom,MatchaGotcha,LifeDew,Protect|Bold|||||50|]Metagross||Metagrossite|ClearBody|IronHead,BulletPunch,PsychicFangs,Protect|Jolly|||||50|]Toxapex||Leftovers|Regenerator|Toxic,BanefulBunker,Infestation,WideGuard|Sassy||F|||50|]Ceruledge||ColburBerry|FlashFire|BitterBlade,BulkUp,ShadowSneak,Protect|Jolly||F|||50|]Tauros-Paldea-Aqua||LifeOrb|Intimidate|AquaJet,CloseCombat,WaveCrash,Protect|Jolly||M|||50|
|showteam|p2|Farigiraf||SitrusBerry|ArmorTail|Psychic,Thunderbolt,TrickRoom,HelpingHand|Sassy||F|||50|]Camerupt||Cameruptite|SolidRock|Eruption,HeatWave,EarthPower,Protect|Quiet||F|||50|]Meowscarada||ChoiceScarf|Protean|FlowerTrick,TripleAxel,KnockOff,Uturn|Jolly||M|||50|]Torkoal||Charcoal|Drought|Eruption,HeatWave,SolarBeam,HelpingHand|Quiet||M|||50|]Kangaskhan||Kangaskhanite|InnerFocus|FakeOut,DoubleEdge,SuckerPunch,RockSlide|Brave||F|||50|]Rampardos||LifeOrb|SheerForce|RockSlide,FirePunch,BrickBreak,DragonClaw|Brave||M|||50|
|
|t:|1784049620
|teamsize|p1|4
|teamsize|p2|4
|start
|switch|p1a: Ampharos|Ampharos, L50, F|100/100
|switch|p1b: Sinistcha|Sinistcha, L50|100/100
|switch|p2a: Farigiraf|Farigiraf, L50, F|100/100
|switch|p2b: Meowscarada|Meowscarada, L50, M|100/100
|turn|1
|inactive|Battle timer is ON: inactive players will automatically lose when time's up. (requested by Declan777)
|inactive|pikajah12 has 60 seconds left.
|
|t:|1784049658
|detailschange|p1a: Ampharos|Ampharos-Mega, L50, F
|-mega|p1a: Ampharos|Ampharos|Ampharosite
|-ability|p1a: Ampharos|Mold Breaker
|move|p2a: Farigiraf|Helping Hand|p2b: Meowscarada
|-singleturn|p2b: Meowscarada|Helping Hand|[of] p2a: Farigiraf
|move|p1b: Sinistcha|Protect|p1b: Sinistcha
|-singleturn|p1b: Sinistcha|Protect
|move|p1a: Ampharos|Protect|p1a: Ampharos
|-singleturn|p1a: Ampharos|Protect
|move|p2b: Meowscarada|Triple Axel|p1a: Ampharos
|-start|p2b: Meowscarada|typechange|Ice|[from] ability: Protean
|-activate|p1a: Ampharos|move: Protect
|
|upkeep
|turn|2
|inactive|Declan777 has 30 seconds left.
|inactive|Declan777 has 20 seconds left.
|inactive|Declan777 has 15 seconds left.
|
|t:|1784049698
|switch|p1a: Toxapex|Toxapex, L50, F|100/100
|move|p2b: Meowscarada|Triple Axel|p1b: Sinistcha
|-supereffective|p1b: Sinistcha|1
|-damage|p1b: Sinistcha|85/100
|-supereffective|p1b: Sinistcha|1
|-damage|p1b: Sinistcha|55/100
|-supereffective|p1b: Sinistcha|1
|-damage|p1b: Sinistcha|14/100
|-enditem|p1b: Sinistcha|Sitrus Berry|[eat]
|-heal|p1b: Sinistcha|39/100|[from] item: Sitrus Berry
|-hitcount|p1b: Sinistcha|3
|move|p1b: Sinistcha|Matcha Gotcha|p2b: Meowscarada|[spread] p2a,p2b
|-damage|p2a: Farigiraf|76/100
|-heal|p1b: Sinistcha|53/100|[from] drain|[of] p2a: Farigiraf
|-damage|p2b: Meowscarada|58/100
|-heal|p1b: Sinistcha|71/100|[from] drain|[of] p2b: Meowscarada
|-status|p2a: Farigiraf|brn
|-status|p2b: Meowscarada|brn
|move|p2a: Farigiraf|Trick Room|p2a: Farigiraf
|-fieldstart|move: Trick Room|[of] p2a: Farigiraf
|
|-damage|p2a: Farigiraf|70/100 brn|[from] brn
|-damage|p2b: Meowscarada|52/100 brn|[from] brn
|upkeep
|turn|3
|inactive|Declan777 has 30 seconds left.
|inactive|Declan777 has 20 seconds left.
|inactive|Declan777 has 15 seconds left.
|inactive|Declan777 has 10 seconds left.
|inactive|Declan777 has 5 seconds left.
|
|t:|1784049750
|switch|p2a: Camerupt|Camerupt, L50, F|100/100
|switch|p2b: Rampardos|Rampardos, L50, M|100/100
|move|p1a: Toxapex|Infestation|p2a: Camerupt
|-resisted|p2a: Camerupt|1
|-damage|p2a: Camerupt|98/100
|-activate|p2a: Camerupt|move: Infestation|[of] p1a: Toxapex
|move|p1b: Sinistcha|Matcha Gotcha|p2a: Camerupt|[spread] p2a,p2b
|-supereffective|p2b: Rampardos|1
|-damage|p2a: Camerupt|66/100
|-heal|p1b: Sinistcha|88/100|[from] drain|[of] p2a: Camerupt
|-damage|p2b: Rampardos|23/100
|-heal|p1b: Sinistcha|100/100|[from] drain|[of] p2b: Rampardos
|
|-damage|p2a: Camerupt|53/100|[from] move: Infestation|[partiallytrapped]
|upkeep
|turn|4
|inactive|Declan777 has 30 seconds left.
|inactive|pikajah12 has 30 seconds left.
|inactive|Declan777 has 20 seconds left.
|inactive|pikajah12 has 20 seconds left.
|
|t:|1784049790
|detailschange|p2a: Camerupt|Camerupt-Mega, L50, F
|-mega|p2a: Camerupt|Camerupt|Cameruptite
|move|p1a: Toxapex|Wide Guard|p1a: Toxapex
|-singleturn|p1a: Toxapex|Wide Guard
|move|p2a: Camerupt|Heat Wave|p1b: Sinistcha|[spread] 
|-activate|p1a: Toxapex|move: Wide Guard
|-activate|p1b: Sinistcha|move: Wide Guard
|move|p2b: Rampardos|Rock Slide|p1b: Sinistcha|[spread] 
|-activate|p1a: Toxapex|move: Wide Guard
|-activate|p1b: Sinistcha|move: Wide Guard
|move|p1b: Sinistcha|Matcha Gotcha|p2a: Camerupt|[spread] p2a
|-miss|p1b: Sinistcha|p2b: Rampardos
|-damage|p2a: Camerupt|29/100
|
|-damage|p2a: Camerupt|17/100|[from] move: Infestation|[partiallytrapped]
|upkeep
|turn|5
|-message|pikajah12 forfeited.
|
|win|Declan777
