|j|☆homerj71
|j|☆Bay13
|html|homerj71Bay13    
|uhtml|bestof|Game 1 of a best-of-3
|t:|1782409730
|gametype|doubles
|player|p1|homerj71|266|1209
|player|p2|Bay13|2|1179
|gen|9
|tier|[Gen 9 Champions] VGC 2026 Reg M-B (Bo3)
|rated|
|rule|Species Clause: Limit one of each Pokémon
|rule|Item Clause: Limit 1 of each item
|clearpoke
|poke|p1|Charizard, L50, F|
|poke|p1|Garchomp, L50, M|
|poke|p1|Whimsicott, L50, M|
|poke|p1|Basculegion, L50, M|
|poke|p1|Kingambit, L50, M|
|poke|p1|Floette-Eternal, L50, F|
|poke|p2|Gengar, L50, M|
|poke|p2|Archaludon, L50, F|
|poke|p2|Politoed, L50, F|
|poke|p2|Blastoise, L50, M|
|poke|p2|Espathra, L50, F|
|poke|p2|Farigiraf, L50, M|
|teampreview|4
|showteam|p1|Charizard||CharizarditeY|Blaze|HeatWave,SolarBeam,WeatherBall,Protect|Modest||F|||50|]Garchomp||SitrusBerry|RoughSkin|DragonClaw,Earthquake,RockSlide,PoisonJab|Jolly||M|||50|]Whimsicott||FocusSash|Prankster|Moonblast,Tailwind,Encore,Protect|Timid||M|||50|]Basculegion||LifeOrb|Adaptability|WaveCrash,AquaJet,Protect,LastRespects|Adamant||M|||50|]Kingambit||BlackGlasses|Defiant|KowtowCleave,SuckerPunch,IronHead,Protect|Adamant||M|||50|]Floette-Eternal||Floettite|FlowerVeil|Moonblast,DazzlingGleam,LightofRuin,Protect|Timid||F|||50|
|showteam|p2|Gengar||Gengarite|CursedBody|SludgeBomb,ShadowBall,Taunt,Protect|Timid||M|||50|]Archaludon||ChopleBerry|Stalwart|ElectroShot,DracoMeteor,FlashCannon,Protect|Modest||F|||50|]Politoed||SitrusBerry|Drizzle|IcyWind,PerishSong,Encore,Protect|Calm||F|||50|]Blastoise||Blastoisinite|Torrent|FakeOut,WaterSpout,IceBeam,Protect|Quiet||M|||50|]Espathra||FocusSash|SpeedBoost|LuminaCrash,CalmMind,BatonPass,Protect|Modest||F|||50|]Farigiraf||MentalHerb|ArmorTail|Psychic,HyperVoice,TrickRoom,Protect|Sassy||M|||50|
|inactive|Battle timer is ON: inactive players will automatically lose when time's up. (requested by homerj71)
|inactive|Bay13 has 60 seconds left.
|
|t:|1782409763
|teamsize|p1|4
|teamsize|p2|4
|start
|switch|p1a: Whimsicott|Whimsicott, L50, M|100/100
|switch|p1b: Garchomp|Garchomp, L50, M|100/100
|switch|p2a: Gengar|Gengar, L50, M|100/100
|switch|p2b: Espathra|Espathra, L50, F|100/100
|turn|1
|
|t:|1782409774
|detailschange|p2a: Gengar|Gengar-Mega, L50, M
|-mega|p2a: Gengar|Gengar|Gengarite
|move|p2a: Gengar|Protect|p2a: Gengar
|-singleturn|p2a: Gengar|Protect
|move|p2b: Espathra|Protect|p2b: Espathra
|-singleturn|p2b: Espathra|Protect
|move|p1a: Whimsicott|Moonblast|p2b: Espathra
|-activate|p2b: Espathra|move: Protect
|move|p1b: Garchomp|Earthquake|p2b: Espathra|[spread] p1a
|-activate|p2a: Gengar|move: Protect
|-activate|p2b: Espathra|move: Protect
|-resisted|p1a: Whimsicott|1
|-damage|p1a: Whimsicott|72/100
|
|-ability|p2b: Espathra|Speed Boost|boost
|-boost|p2b: Espathra|spe|1
|upkeep
|turn|2
|
|t:|1782409797
|switch|p2a: Politoed|Politoed, L50, F|100/100
|-weather|RainDance|[from] ability: Drizzle|[of] p2a: Politoed
|move|p1a: Whimsicott|Tailwind|p1a: Whimsicott
|-sidestart|p1: homerj71|move: Tailwind
|move|p1b: Garchomp|Earthquake|p2b: Espathra|[spread] p1a,p2a,p2b
|-resisted|p1a: Whimsicott|1
|-crit|p1a: Whimsicott
|-damage|p1a: Whimsicott|35/100
|-damage|p2a: Politoed|55/100
|-damage|p2b: Espathra|43/100
|move|p2b: Espathra|Lumina Crash|p1b: Garchomp
|-damage|p1b: Garchomp|60/100
|-unboost|p1b: Garchomp|spd|2
|
|-weather|RainDance|[upkeep]
|-ability|p2b: Espathra|Speed Boost|boost
|-boost|p2b: Espathra|spe|1
|upkeep
|turn|3
|
|t:|1782409812
|switch|p1b: Basculegion|Basculegion, L50, M|100/100
|move|p2b: Espathra|Protect|p2b: Espathra
|-singleturn|p2b: Espathra|Protect
|move|p1a: Whimsicott|Moonblast|p2b: Espathra
|-activate|p2b: Espathra|move: Protect
|move|p2a: Politoed|Icy Wind|p1b: Basculegion|[spread] p1a,p1b
|-supereffective|p1a: Whimsicott|1
|-resisted|p1b: Basculegion|1
|-damage|p1a: Whimsicott|4/100
|-damage|p1b: Basculegion|94/100
|-unboost|p1a: Whimsicott|spe|1
|-unboost|p1b: Basculegion|spe|1
|
|-weather|RainDance|[upkeep]
|-ability|p2b: Espathra|Speed Boost|boost
|-boost|p2b: Espathra|spe|1
|upkeep
|turn|4
|
|t:|1782409829
|move|p1b: Basculegion|Aqua Jet|p2b: Espathra
|-damage|p2b: Espathra|0 fnt
|faint|p2b: Espathra
|-damage|p1b: Basculegion|85/100|[from] item: Life Orb
|move|p1a: Whimsicott|Moonblast|p2a: Politoed
|-damage|p2a: Politoed|30/100
|-enditem|p2a: Politoed|Sitrus Berry|[eat]
|-heal|p2a: Politoed|55/100|[from] item: Sitrus Berry
|move|p2a: Politoed|Icy Wind|p1a: Whimsicott|[spread] p1a,p1b
|-supereffective|p1a: Whimsicott|1
|-resisted|p1b: Basculegion|1
|-damage|p1a: Whimsicott|0 fnt
|-damage|p1b: Basculegion|80/100
|-unboost|p1b: Basculegion|spe|1
|faint|p1a: Whimsicott
|
|-weather|RainDance|[upkeep]
|upkeep
|
|t:|1782409843
|switch|p1a: Garchomp|Garchomp, L50, M|60/100
|switch|p2b: Gengar|Gengar-Mega, L50, M|100/100
|turn|5
|
|t:|1782409857
|switch|p2a: Archaludon|Archaludon, L50, F|100/100
|move|p2b: Gengar|Protect|p2b: Gengar
|-singleturn|p2b: Gengar|Protect
|move|p1a: Garchomp|Earthquake|p2b: Gengar|[spread] p1b,p2a
|-activate|p2b: Gengar|move: Protect
|-supereffective|p2a: Archaludon|1
|-damage|p1b: Basculegion|46/100
|-damage|p2a: Archaludon|45/100
|move|p1b: Basculegion|Last Respects|p2a: Archaludon
|-damage|p2a: Archaludon|0 fnt
|faint|p2a: Archaludon
|-damage|p1b: Basculegion|36/100|[from] item: Life Orb
|
|-weather|RainDance|[upkeep]
|-sideend|p1: homerj71|move: Tailwind
|upkeep
|
|t:|1782409868
|switch|p2a: Politoed|Politoed, L50, F|55/100
|turn|6
|
|t:|1782409874
|move|p1b: Basculegion|Aqua Jet|p2b: Gengar
|-damage|p2b: Gengar|21/100
|-damage|p1b: Basculegion|27/100|[from] item: Life Orb
|move|p2b: Gengar|Shadow Ball|p1b: Basculegion
|-supereffective|p1b: Basculegion|1
|-damage|p1b: Basculegion|0 fnt
|faint|p1b: Basculegion
|move|p1a: Garchomp|Earthquake|p2a: Politoed|[spread] p2a,p2b
|-supereffective|p2b: Gengar|1
|-damage|p2a: Politoed|17/100
|-damage|p2b: Gengar|0 fnt
|faint|p2b: Gengar
|move|p2a: Politoed|Icy Wind|p1a: Garchomp
|-supereffective|p1a: Garchomp|2
|-damage|p1a: Garchomp|11/100
|-unboost|p1a: Garchomp|spe|1
|-enditem|p1a: Garchomp|Sitrus Berry|[eat]
|-heal|p1a: Garchomp|36/100|[from] item: Sitrus Berry
|
|-weather|none
|upkeep
|
|t:|1782409883
|switch|p1b: Floette|Floette-Eternal, L50, F|100/100
|turn|7
|
|t:|1782409885
|detailschange|p1b: Floette|Floette-Mega, L50, F
|-mega|p1b: Floette|Floette|Floettite
|-ability|p1b: Floette|Fairy Aura
|move|p1b: Floette|Moonblast|p2a: Politoed
|-damage|p2a: Politoed|0 fnt
|faint|p2a: Politoed
|
|win|homerj71
