|j|☆BeatrizPinzon64
|j|☆VGCsoul
|html|BeatrizPinzon64VGCsoul    
|uhtml|bestof|Game 1 of a best-of-3
|t:|1782429844
|gametype|doubles
|player|p1|BeatrizPinzon64|clerkf|1098
|player|p2|VGCsoul|101|1000
|gen|9
|tier|[Gen 9 Champions] VGC 2026 Reg M-B (Bo3)
|rated|
|rule|Species Clause: Limit one of each Pokémon
|rule|Item Clause: Limit 1 of each item
|clearpoke
|poke|p1|Metagross, L50|
|poke|p1|Floette-Eternal, L50, F|
|poke|p1|Whimsicott, L50, M|
|poke|p1|Garchomp, L50, F|
|poke|p1|Kingambit, L50, M|
|poke|p1|Sneasler, L50, M|
|poke|p2|Farigiraf, L50, M|
|poke|p2|Torkoal, L50, M|
|poke|p2|Vileplume, L50, M|
|poke|p2|Clefable, L50, M|
|poke|p2|Kingambit, L50, M|
|poke|p2|Tyrantrum, L50, M|
|teampreview|4
|showteam|p1|Metagross||Metagrossite|ClearBody|IcePunch,IronHead,PsychicFangs,Protect|Jolly|||||50|]Floette-Eternal||Floettite|FlowerVeil|LightofRuin,Moonblast,DazzlingGleam,Protect|Timid||F|||50|]Whimsicott||FocusSash|Prankster|Moonblast,Tailwind,EnergyBall,Encore|Timid||M|||50|]Garchomp||LifeOrb|RoughSkin|DragonClaw,RockTomb,StompingTantrum,Protect|Jolly||F|||50|]Kingambit||ChopleBerry|Defiant|SuckerPunch,KowtowCleave,IronHead,Protect|Adamant||M|||50|]Sneasler||WhiteHerb|Unburden|CloseCombat,DireClaw,FakeOut,Protect|Jolly||M|||50|
|showteam|p2|Farigiraf||SitrusBerry|ArmorTail|TwinBeam,HyperVoice,TrickRoom,HelpingHand|Quiet||M|||50|]Torkoal||Charcoal|Drought|Eruption,HeatWave,SolarBeam,WeatherBall|Modest||M|||50|]Vileplume||FocusSash|EffectSpore|AfterYou,SleepPowder,SolarBeam,PollenPuff|Modest||M|||50|]Clefable||Clefablite|CuteCharm|FollowMe,DazzlingGleam,Thunderbolt,Encore|Relaxed||M|||50|]Kingambit||ChopleBerry|SupremeOverlord|IronHead,KowtowCleave,SuckerPunch,Protect|Adamant||M|||50|]Tyrantrum||ExpertBelt|StrongJaw|Crunch,RockSlide,DragonClaw,IceFang|Adamant||M|||50|
|
|t:|1782429966
|teamsize|p1|4
|teamsize|p2|4
|start
|switch|p1a: Whimsicott|Whimsicott, L50, M|100/100
|switch|p1b: Garchomp|Garchomp, L50, F|100/100
|switch|p2a: Torkoal|Torkoal, L50, M|100/100
|switch|p2b: Clefable|Clefable, L50, M|100/100
|-weather|SunnyDay|[from] ability: Drought|[of] p2a: Torkoal
|turn|1
|
|t:|1782429996
|switch|p2a: Farigiraf|Farigiraf, L50, M|100/100
|detailschange|p2b: Clefable|Clefable-Mega, L50, M
|-mega|p2b: Clefable|Clefable|Clefablite
|move|p1a: Whimsicott|Moonblast|p2b: Clefable
|-damage|p2b: Clefable|73/100
|move|p1b: Garchomp|Stomping Tantrum|p2a: Farigiraf
|-damage|p2a: Farigiraf|48/100
|-enditem|p2a: Farigiraf|Sitrus Berry|[eat]
|-heal|p2a: Farigiraf|72/100|[from] item: Sitrus Berry
|-damage|p1b: Garchomp|90/100|[from] item: Life Orb
|move|p2b: Clefable|Dazzling Gleam|p1b: Garchomp|[spread] p1a,p1b
|-supereffective|p1b: Garchomp|1
|-damage|p1a: Whimsicott|51/100
|-damage|p1b: Garchomp|33/100
|
|-weather|SunnyDay|[upkeep]
|upkeep
|turn|2
|
|t:|1782430026
|move|p2b: Clefable|Follow Me|p2b: Clefable
|-singleturn|p2b: Clefable|move: Follow Me
|move|p1a: Whimsicott|Moonblast|p2b: Clefable
|-damage|p2b: Clefable|46/100
|move|p1b: Garchomp|Stomping Tantrum|p2b: Clefable
|-immune|p2b: Clefable
|move|p2a: Farigiraf|Trick Room|p2a: Farigiraf
|-fieldstart|move: Trick Room|[of] p2a: Farigiraf
|
|-weather|SunnyDay|[upkeep]
|upkeep
|turn|3
|
|t:|1782430055
|move|p2a: Farigiraf|Hyper Voice|p1a: Whimsicott|[spread] p1a,p1b
|-damage|p1a: Whimsicott|0 fnt
|-damage|p1b: Garchomp|0 fnt
|faint|p1a: Whimsicott
|faint|p1b: Garchomp
|move|p2b: Clefable|Dazzling Gleam|p1: Whimsicott|[notarget]
|-fail|p2b: Clefable
|
|-weather|SunnyDay|[upkeep]
|upkeep
|
|t:|1782430061
|switch|p1b: Kingambit|Kingambit, L50, M|100/100
|switch|p1a: Floette|Floette-Eternal, L50, F|100/100
|turn|4
|
|t:|1782430109
|switch|p2a: Torkoal|Torkoal, L50, M|100/100
|detailschange|p1a: Floette|Floette-Mega, L50, F
|-mega|p1a: Floette|Floette|Floettite
|-ability|p1a: Floette|Fairy Aura
|move|p2b: Clefable|Follow Me|p2b: Clefable
|-singleturn|p2b: Clefable|move: Follow Me
|move|p1b: Kingambit|Iron Head|p2b: Clefable
|-supereffective|p2b: Clefable|1
|-crit|p2b: Clefable
|-damage|p2b: Clefable|0 fnt
|faint|p2b: Clefable
|move|p1a: Floette|Moonblast|p2a: Torkoal
|-resisted|p2a: Torkoal|1
|-damage|p2a: Torkoal|55/100
|
|-weather|SunnyDay|[upkeep]
|upkeep
|
|t:|1782430123
|switch|p2b: Vileplume|Vileplume, L50, M|100/100
|turn|5
|
|t:|1782430145
|move|p1b: Kingambit|Protect|p1b: Kingambit
|-singleturn|p1b: Kingambit|Protect
|move|p1a: Floette|Protect|p1a: Floette
|-singleturn|p1a: Floette|Protect
|move|p2a: Torkoal|Eruption|p1b: Kingambit|[spread] 
|-activate|p1a: Floette|move: Protect
|-activate|p1b: Kingambit|move: Protect
|move|p2b: Vileplume|After You||[still]
|-fail|p2b: Vileplume
|
|-weather|none
|upkeep
|turn|6
|
|t:|1782430174
|switch|p2a: Farigiraf|Farigiraf, L50, M|72/100
|move|p2b: Vileplume|Sleep Powder|p1b: Kingambit
|-status|p1b: Kingambit|slp|[from] move: Sleep Powder
|cant|p1b: Kingambit|slp
|move|p1a: Floette|Dazzling Gleam|p2b: Vileplume|[spread] p2a,p2b
|-resisted|p2b: Vileplume|1
|-damage|p2a: Farigiraf|27/100
|-damage|p2b: Vileplume|76/100
|
|-fieldend|move: Trick Room
|upkeep
|turn|7
|
|t:|1782430198
|move|p1a: Floette|Moonblast|p2a: Farigiraf
|-damage|p2a: Farigiraf|0 fnt
|faint|p2a: Farigiraf
|cant|p1b: Kingambit|slp
|move|p2b: Vileplume|Sleep Powder|p1a: Floette
|-status|p1a: Floette|slp|[from] move: Sleep Powder
|
|upkeep
|
|t:|1782430206
|switch|p2a: Torkoal|Torkoal, L50, M|55/100
|-weather|SunnyDay|[from] ability: Drought|[of] p2a: Torkoal
|turn|8
|
|t:|1782430214
|-curestatus|p1b: Kingambit|slp|[msg]
|move|p1b: Kingambit|Sucker Punch|p2a: Torkoal
|-damage|p2a: Torkoal|22/100
|cant|p1a: Floette|slp
|move|p2b: Vileplume|After You|p2a: Torkoal
|-activate|p2a: Torkoal|move: After You
|move|p2a: Torkoal|Eruption|p1b: Kingambit|[spread] p1a,p1b
|-supereffective|p1b: Kingambit|1
|-damage|p1a: Floette|83/100 slp
|-damage|p1b: Kingambit|61/100
|
|-weather|SunnyDay|[upkeep]
|upkeep
|turn|9
|
|t:|1782430236
|move|p1b: Kingambit|Sucker Punch|p2a: Torkoal
|-damage|p2a: Torkoal|0 fnt
|faint|p2a: Torkoal
|cant|p1a: Floette|slp
|move|p2b: Vileplume|Sleep Powder|p1b: Kingambit
|-status|p1b: Kingambit|slp|[from] move: Sleep Powder
|
|-weather|SunnyDay|[upkeep]
|upkeep
|turn|10
|
|t:|1782430252
|-curestatus|p1a: Floette|slp|[msg]
|move|p1a: Floette|Moonblast|p2b: Vileplume
|-resisted|p2b: Vileplume|1
|-damage|p2b: Vileplume|37/100
|cant|p1b: Kingambit|slp
|move|p2b: Vileplume|Solar Beam||[still]
|-prepare|p2b: Vileplume|Solar Beam
|-anim|p2b: Vileplume|Solar Beam|p1a: Floette
|-damage|p1a: Floette|39/100
|
|-weather|SunnyDay|[upkeep]
|upkeep
|turn|11
|
|t:|1782430265
|move|p1a: Floette|Moonblast|p2b: Vileplume
|-resisted|p2b: Vileplume|1
|-damage|p2b: Vileplume|1/100
|move|p2b: Vileplume|Solar Beam||[still]
|-prepare|p2b: Vileplume|Solar Beam
|-anim|p2b: Vileplume|Solar Beam|p1a: Floette
|-damage|p1a: Floette|0 fnt
|faint|p1a: Floette
|-curestatus|p1b: Kingambit|slp|[msg]
|move|p1b: Kingambit|Kowtow Cleave|p2b: Vileplume
|-damage|p2b: Vileplume|0 fnt
|faint|p2b: Vileplume
|
|win|BeatrizPinzon64
||BeatrizPinzon64 is ready for game 2.
|inactive|VGCsoul has 30 seconds to confirm battle start!
||VGCsoul is ready for game 2.
|uhtml|next|Next: Game 2 of 3
