|j|☆lolgz
|j|☆luffby
|html|lolgzluffby    
|uhtml|bestof|Game 2 of a best-of-3
|t:|1782384073
|gametype|doubles
|player|p1|lolgz|dawn|1144
|player|p2|luffby|170|1082
|gen|9
|tier|[Gen 9 Champions] VGC 2026 Reg M-B (Bo3)
|rated|
|rule|Species Clause: Limit one of each Pokémon
|rule|Item Clause: Limit 1 of each item
|clearpoke
|poke|p1|Torkoal, L50, M|
|poke|p1|Vileplume, L50, F|
|poke|p1|Farigiraf, L50, F|
|poke|p1|Scrafty, L50, M|
|poke|p1|Gallade, L50, M|
|poke|p1|Mawile, L50, M|
|poke|p2|Charizard, L50, F|
|poke|p2|Garchomp, L50, F|
|poke|p2|Sylveon, L50, F|
|poke|p2|Farigiraf, L50, M|
|poke|p2|Kingambit, L50, F|
|poke|p2|Aerodactyl, L50, F|
|teampreview|4
|showteam|p1|Torkoal||Charcoal|Drought|Eruption,WeatherBall,EarthPower,Protect|Quiet||M|||50|]Vileplume||FocusSash|Chlorophyll|EnergyBall,SludgeBomb,SleepPowder,AfterYou|Timid||F|||50|]Farigiraf||SitrusBerry|ArmorTail|TrickRoom,Protect,Psychic,HelpingHand|Bold||F|||50|]Scrafty||Scraftinite|Intimidate|FakeOut,CloseCombat,KnockOff,RockSlide|Brave||M|||50|]Gallade||IronBall|Sharpness|SacredSword,PsychoCut,WideGuard,TrickRoom|Brave||M|||50|]Mawile||Mawilite|HyperCutter|SuckerPunch,PlayRough,SwordsDance,Protect|Brave||M|||50|
|showteam|p2|Charizard||CharizarditeY|Blaze|Protect,HeatWave,WeatherBall,SolarBeam|Timid||F|||50|]Garchomp||LifeOrb|RoughSkin|Protect,DragonClaw,StompingTantrum,Earthquake|Jolly||F|||50|]Sylveon||FairyFeather|Pixilate|Detect,QuickAttack,HyperVoice,HyperBeam|Modest||F|||50|]Farigiraf||SitrusBerry|ArmorTail|TwinBeam,Thunderbolt,Roar,TrickRoom|Bold||M|||50|]Kingambit||FocusSash|Defiant|KowtowCleave,IronHead,SuckerPunch,LowKick|Adamant||F|||50|]Aerodactyl||Aerodactylite|RockHead|RockSlide,DualWingbeat,IceFang,Tailwind|Jolly||F|||50|
|inactive|Battle timer is ON: inactive players will automatically lose when time's up. (requested by lolgz)
|inactive|luffby has 60 seconds left.
|
|t:|1782384107
|teamsize|p1|4
|teamsize|p2|4
|start
|switch|p1a: Vileplume|Vileplume, L50, F|100/100
|switch|p1b: Torkoal|Torkoal, L50, M|100/100
|switch|p2a: Kingambit|Kingambit, L50, F|100/100
|switch|p2b: Sylveon|Sylveon, L50, F|100/100
|-weather|SunnyDay|[from] ability: Drought|[of] p1b: Torkoal
|turn|1
|inactive|luffby has 30 seconds left.
|
|t:|1782384141
|move|p2b: Sylveon|Detect|p2b: Sylveon
|-singleturn|p2b: Sylveon|Protect
|move|p2a: Kingambit|Sucker Punch|p1b: Torkoal
|-damage|p1b: Torkoal|68/100
|move|p1a: Vileplume|Sleep Powder|p2b: Sylveon
|-activate|p2b: Sylveon|move: Protect
|move|p1b: Torkoal|Weather Ball|p2a: Kingambit
|-supereffective|p2a: Kingambit|1
|-enditem|p2a: Kingambit|Focus Sash
|-damage|p2a: Kingambit|1/100
|
|-weather|SunnyDay|[upkeep]
|upkeep
|turn|2
|inactive|luffby has 30 seconds left.
|
|t:|1782384173
|switch|p2b: Farigiraf|Farigiraf, L50, M|100/100
|move|p1b: Torkoal|Protect|p1b: Torkoal
|-singleturn|p1b: Torkoal|Protect
|move|p2a: Kingambit|Sucker Punch||[still]
|-fail|p2a: Kingambit
|move|p1a: Vileplume|Sleep Powder|p2b: Farigiraf
|-status|p2b: Farigiraf|slp|[from] move: Sleep Powder
|
|-weather|SunnyDay|[upkeep]
|upkeep
|turn|3
|
|t:|1782384185
|move|p2a: Kingambit|Sucker Punch|p1b: Torkoal
|-damage|p1b: Torkoal|38/100
|move|p1a: Vileplume|Sleep Powder|p2a: Kingambit
|-status|p2a: Kingambit|slp|[from] move: Sleep Powder
|cant|p2b: Farigiraf|slp
|move|p1b: Torkoal|Weather Ball|p2b: Farigiraf
|-damage|p2b: Farigiraf|28/100 slp
|-enditem|p2b: Farigiraf|Sitrus Berry|[eat]
|-heal|p2b: Farigiraf|53/100 slp|[from] item: Sitrus Berry
|
|-weather|SunnyDay|[upkeep]
|upkeep
|turn|4
|
|t:|1782384209
|cant|p2a: Kingambit|slp
|move|p1a: Vileplume|Energy Ball|p2a: Kingambit
|-resisted|p2a: Kingambit|1
|-crit|p2a: Kingambit
|-damage|p2a: Kingambit|0 fnt
|faint|p2a: Kingambit
|-curestatus|p2b: Farigiraf|slp|[msg]
|move|p2b: Farigiraf|Twin Beam|p1a: Vileplume
|-supereffective|p1a: Vileplume|1
|-damage|p1a: Vileplume|59/100
|-supereffective|p1a: Vileplume|1
|-damage|p1a: Vileplume|22/100
|-hitcount|p1a: Vileplume|2
|move|p1b: Torkoal|Weather Ball|p2b: Farigiraf
|-damage|p2b: Farigiraf|0 fnt
|faint|p2b: Farigiraf
|
|-weather|SunnyDay|[upkeep]
|upkeep
|
|t:|1782384223
|switch|p2a: Charizard|Charizard, L50, F|100/100
|switch|p2b: Sylveon|Sylveon, L50, F|100/100
|turn|5
|
|t:|1782384235
|move|p2a: Charizard|Protect|p2a: Charizard
|-singleturn|p2a: Charizard|Protect
|move|p2b: Sylveon|Detect|p2b: Sylveon
|-singleturn|p2b: Sylveon|Protect
|move|p1a: Vileplume|Sleep Powder|p2a: Charizard
|-activate|p2a: Charizard|move: Protect
|move|p1b: Torkoal|Weather Ball|p2b: Sylveon
|-activate|p2b: Sylveon|move: Protect
|
|-weather|none
|upkeep
|turn|6
|
|t:|1782384248
|move|p2a: Charizard|Heat Wave|p1b: Torkoal|[spread] p1a,p1b
|-supereffective|p1a: Vileplume|1
|-resisted|p1b: Torkoal|1
|-damage|p1a: Vileplume|0 fnt
|-damage|p1b: Torkoal|20/100y
|faint|p1a: Vileplume
|move|p2b: Sylveon|Hyper Voice|p1b: Torkoal
|-resisted|p1b: Torkoal|1
|-damage|p1b: Torkoal|0 fnt
|faint|p1b: Torkoal
|
|upkeep
|
|t:|1782384250
|switch|p1a: Farigiraf|Farigiraf, L50, F|100/100
|switch|p1b: Mawile|Mawile, L50, M|100/100
|turn|7
|
|t:|1782384268
|detailschange|p2a: Charizard|Charizard-Mega-Y, L50, F
|-mega|p2a: Charizard|Charizard|Charizardite Y
|-weather|SunnyDay|[from] ability: Drought|[of] p2a: Charizard
|move|p1a: Farigiraf|Protect|p1a: Farigiraf
|-singleturn|p1a: Farigiraf|Protect
|move|p1b: Mawile|Protect|p1b: Mawile
|-singleturn|p1b: Mawile|Protect
|move|p2a: Charizard|Weather Ball|p1a: Farigiraf
|-activate|p1a: Farigiraf|move: Protect
|move|p2b: Sylveon|Hyper Voice|p1b: Mawile|[spread] 
|-activate|p1a: Farigiraf|move: Protect
|-activate|p1b: Mawile|move: Protect
|
|-weather|SunnyDay|[upkeep]
|upkeep
|turn|8
|
|t:|1782384285
|detailschange|p1b: Mawile|Mawile-Mega, L50, M
|-mega|p1b: Mawile|Mawile|Mawilite
|move|p1a: Farigiraf|Helping Hand|p1b: Mawile
|-singleturn|p1b: Mawile|Helping Hand|[of] p1a: Farigiraf
|move|p1b: Mawile|Sucker Punch|p2a: Charizard
|-crit|p2a: Charizard
|-damage|p2a: Charizard|0 fnt
|faint|p2a: Charizard
|move|p2b: Sylveon|Hyper Voice|p1b: Mawile|[spread] p1a,p1b
|-resisted|p1b: Mawile|1
|-damage|p1a: Farigiraf|54/100
|-damage|p1b: Mawile|73/100
|
|-weather|SunnyDay|[upkeep]
|upkeep
|turn|9
|
|t:|1782384297
|move|p2b: Sylveon|Hyper Beam|p1b: Mawile
|-resisted|p1b: Mawile|1
|-damage|p1b: Mawile|14/100
|-mustrecharge|p2b: Sylveon
|move|p1b: Mawile|Play Rough|p2b: Sylveon
|-damage|p2b: Sylveon|1/100
|move|p1a: Farigiraf|Trick Room|p1a: Farigiraf
|-fieldstart|move: Trick Room|[of] p1a: Farigiraf
|
|-weather|SunnyDay|[upkeep]
|upkeep
|turn|10
|
|t:|1782384305
|move|p1b: Mawile|Play Rough|p2b: Sylveon
|-damage|p2b: Sylveon|0 fnt
|faint|p2b: Sylveon
|
|win|lolgz
