|j|☆PyreAeroVGC
|j|☆my team was genned
|html|PyreAeroVGCmy team was genned    
|uhtml|bestof|Game 2 of a best-of-3
|t:|1757173664
|gametype|doubles
|player|p1|PyreAeroVGC|101|1233
|player|p2|my team was genned|2|1197
|gen|9
|tier|[Gen 9] VGC 2025 Reg H (Bo3)
|rated|
|rule|Species Clause: Limit one of each Pokémon
|rule|Item Clause: Limit 1 of each item
|clearpoke
|poke|p1|Politoed, L50, M|
|poke|p1|Gothitelle, L50, M|
|poke|p1|Incineroar, L50, M|
|poke|p1|Amoonguss, L50, F|
|poke|p1|Kingdra, L50, F|
|poke|p1|Archaludon, L50, F|
|poke|p2|Azumarill, L50, M|
|poke|p2|Gothitelle, L50, F|
|poke|p2|Torkoal, L50, M|
|poke|p2|Charizard, L50, M|
|poke|p2|Incineroar, L50, M|
|poke|p2|Ursaluna-Bloodmoon, L50, M|
|teampreview|4
|showteam|p1|Politoed||Leftovers|Drizzle|Protect,WeatherBall,PerishSong,Encore|||M|||50|,,,,,Grass]Gothitelle||SitrusBerry|ShadowTag|Protect,Psychic,FakeOut,TrickRoom|||M|||50|,,,,,Dark]Incineroar||SafetyGoggles|Intimidate|Protect,KnockOff,FakeOut,PartingShot|||M|||50|,,,,,Ghost]Amoonguss||EjectButton|Regenerator|Protect,RagePowder,PollenPuff,Spore|||F|||50|,,,,,Fairy]Kingdra||LifeOrb|SwiftSwim|Protect,WeatherBall,DracoMeteor,MuddyWater|||F|||50|,,,,,Stellar]Archaludon||PowerHerb|Sturdy|Protect,ElectroShot,DragonPulse,FlashCannon|||F|||50|,,,,,Electric
|showteam|p2|Azumarill||MentalHerb|SapSipper|AquaJet,PerishSong,Encore,Protect|||M|||50|,,,,,Ground]Gothitelle||SitrusBerry|ShadowTag|Psychic,TrickRoom,FakeOut,Protect|||F|||50|,,,,,Dark]Torkoal||EjectPack|Drought|Overheat,Eruption,HelpingHand,Protect|||M|||50|,,,,,Fire]Charizard||ChoiceSpecs|SolarPower|HeatWave,Overheat,WeatherBall,Protect|||M|||50|,,,,,Ghost]Incineroar||ChopleBerry|Intimidate|KnockOff,PartingShot,FakeOut,Protect|||M|||50|,,,,,Grass]Ursaluna-Bloodmoon||LifeOrb|MindsEye|BloodMoon,HyperVoice,EarthPower,Protect|||M|||50|,,,,,Water
|inactive|Battle timer is ON: inactive players will automatically lose when time's up. (requested by my team was genned)
|inactive|PyreAeroVGC also wants the timer to be on.
|inactive|PyreAeroVGC has 60 seconds left.
|inactive|PyreAeroVGC has 30 seconds left.
|inactive|PyreAeroVGC has 20 seconds left.
|
|t:|1757173738
|teamsize|p1|4
|teamsize|p2|4
|start
|switch|p1a: Gothitelle|Gothitelle, L50, M|100/100
|switch|p1b: Kingdra|Kingdra, L50, F|100/100
|switch|p2a: Azumarill|Azumarill, L50, M|100/100
|switch|p2b: Torkoal|Torkoal, L50, M|100/100
|-weather|SunnyDay|[from] ability: Drought|[of] p2b: Torkoal
|turn|1
|inactive|PyreAeroVGC has 30 seconds left.
|inactive|PyreAeroVGC has 20 seconds left.
|
|t:|1757173777
|move|p1a: Gothitelle|Fake Out|p2a: Azumarill
|-damage|p2a: Azumarill|95/100
|move|p1b: Kingdra|Draco Meteor|p2b: Torkoal
|-damage|p2b: Torkoal|3/100
|-unboost|p1b: Kingdra|spa|2
|-damage|p1b: Kingdra|91/100|[from] item: Life Orb
|cant|p2a: Azumarill|flinch
|move|p2b: Torkoal|Overheat|p1a: Gothitelle
|-damage|p1a: Gothitelle|36/100
|-unboost|p2b: Torkoal|spa|2
|-enditem|p1a: Gothitelle|Sitrus Berry|[eat]
|-heal|p1a: Gothitelle|61/100|[from] item: Sitrus Berry
|-enditem|p2b: Torkoal|Eject Pack
|
|t:|1757173789
|switch|p2b: Gothitelle|Gothitelle, L50, F|100/100
|
|-weather|SunnyDay|[upkeep]
|upkeep
|turn|2
|inactive|PyreAeroVGC has 30 seconds left.
|
|t:|1757173823
|switch|p1a: Incineroar|Incineroar, L50, M|100/100
|-ability|p1a: Incineroar|Intimidate|boost
|-unboost|p2a: Azumarill|atk|1
|-unboost|p2b: Gothitelle|atk|1
|move|p1b: Kingdra|Weather Ball|p2b: Gothitelle
|-damage|p2b: Gothitelle|78/100
|-damage|p1b: Kingdra|81/100|[from] item: Life Orb
|move|p2a: Azumarill|Perish Song|p2a: Azumarill
|-start|p1a: Incineroar|perish3|[silent]
|-start|p1b: Kingdra|perish3|[silent]
|-start|p2a: Azumarill|perish3|[silent]
|-start|p2b: Gothitelle|perish3|[silent]
|-fieldactivate|move: Perish Song
|move|p2b: Gothitelle|Trick Room|p2b: Gothitelle
|-fieldstart|move: Trick Room|[of] p2b: Gothitelle
|
|-weather|SunnyDay|[upkeep]
|-start|p1a: Incineroar|perish3
|-start|p2a: Azumarill|perish3
|-start|p2b: Gothitelle|perish3
|-start|p1b: Kingdra|perish3
|upkeep
|turn|3
|inactive|my team was genned has 30 seconds left.
|
|t:|1757173849
|move|p2a: Azumarill|Protect|p2a: Azumarill
|-singleturn|p2a: Azumarill|Protect
|move|p2b: Gothitelle|Protect|p2b: Gothitelle
|-singleturn|p2b: Gothitelle|Protect
|move|p1a: Incineroar|Parting Shot|p2a: Azumarill
|-activate|p2a: Azumarill|move: Protect
|move|p1b: Kingdra|Muddy Water|p2a: Azumarill|[spread] 
|-activate|p2a: Azumarill|move: Protect
|-activate|p2b: Gothitelle|move: Protect
|
|-weather|SunnyDay|[upkeep]
|-start|p1a: Incineroar|perish2
|-start|p2a: Azumarill|perish2
|-start|p2b: Gothitelle|perish2
|-start|p1b: Kingdra|perish2
|upkeep
|turn|4
|inactive|my team was genned has 30 seconds left.
|inactive|my team was genned has 20 seconds left.
|
|t:|1757173886
|switch|p2b: Torkoal|Torkoal, L50, M|3/100
|move|p2a: Azumarill|Protect||[still]
|-fail|p2a: Azumarill
|move|p1a: Incineroar|Parting Shot|p2a: Azumarill
|-unboost|p2a: Azumarill|atk|1
|-unboost|p2a: Azumarill|spa|1
|
|t:|1757173901
|switch|p1a: Gothitelle|Gothitelle, L50, M|61/100|[from] Parting Shot
|move|p1b: Kingdra|Muddy Water|p2a: Azumarill|[spread] p2a,p2b
|-resisted|p2a: Azumarill
|-supereffective|p2b: Torkoal
|-damage|p2a: Azumarill|91/100
|-damage|p2b: Torkoal|0 fnt
|faint|p2b: Torkoal
|-damage|p1b: Kingdra|71/100|[from] item: Life Orb
|
|-weather|SunnyDay|[upkeep]
|-start|p2a: Azumarill|perish1
|-start|p1b: Kingdra|perish1
|upkeep
|
|t:|1757173906
|switch|p2b: Gothitelle|Gothitelle, L50, F|78/100
|turn|5
|inactive|PyreAeroVGC has 30 seconds left.
|inactive|PyreAeroVGC has 20 seconds left.
|
|t:|1757173945
|move|p1a: Gothitelle|Fake Out|p2b: Gothitelle
|-damage|p2b: Gothitelle|73/100
|cant|p2b: Gothitelle|flinch
|move|p2a: Azumarill|Perish Song|p2a: Azumarill
|-start|p1a: Gothitelle|perish3|[silent]
|-start|p2b: Gothitelle|perish3|[silent]
|-fieldactivate|move: Perish Song
|move|p1b: Kingdra|Draco Meteor|p2b: Gothitelle|[miss]
|-miss|p1b: Kingdra|p2b: Gothitelle
|
|-weather|none
|-start|p1a: Gothitelle|perish3
|-start|p2a: Azumarill|perish0
|-start|p2b: Gothitelle|perish3
|faint|p2a: Azumarill
|-start|p1b: Kingdra|perish0
|faint|p1b: Kingdra
|upkeep
|
|t:|1757173965
|switch|p2a: Ursaluna|Ursaluna-Bloodmoon, L50, M|100/100
|switch|p1b: Incineroar|Incineroar, L50, M|100/100
|-ability|p1b: Incineroar|Intimidate|boost
|-unboost|p2a: Ursaluna|atk|1
|-unboost|p2b: Gothitelle|atk|1
|turn|6
|
|t:|1757173986
|move|p1b: Incineroar|Fake Out|p2a: Ursaluna
|-damage|p2a: Ursaluna|93/100
|cant|p2a: Ursaluna|flinch
|move|p2b: Gothitelle|Psychic|p1a: Gothitelle
|-resisted|p1a: Gothitelle
|-crit|p1a: Gothitelle
|-damage|p1a: Gothitelle|45/100
|move|p1a: Gothitelle|Trick Room|p1a: Gothitelle
|-fieldend|move: Trick Room
|
|-start|p2b: Gothitelle|perish2
|-start|p1a: Gothitelle|perish2
|upkeep
|turn|7
|
|t:|1757174007
|move|p1a: Gothitelle|Protect|p1a: Gothitelle
|-singleturn|p1a: Gothitelle|Protect
|move|p1b: Incineroar|Protect|p1b: Incineroar
|-singleturn|p1b: Incineroar|Protect
|move|p2b: Gothitelle|Psychic|p1a: Gothitelle
|-activate|p1a: Gothitelle|move: Protect
|move|p2a: Ursaluna|Earth Power|p1b: Incineroar
|-activate|p1b: Incineroar|move: Protect
|
|-start|p2b: Gothitelle|perish1
|-start|p1a: Gothitelle|perish1
|upkeep
|turn|8
|
|t:|1757174025
|switch|p1a: Politoed|Politoed, L50, M|100/100
|-weather|RainDance|[from] ability: Drizzle|[of] p1a: Politoed
|-terastallize|p1b: Incineroar|Ghost
|move|p2b: Gothitelle|Psychic|p1a: Politoed
|-damage|p1a: Politoed|78/100
|-unboost|p1a: Politoed|spd|1
|move|p2a: Ursaluna|Blood Moon|p1a: Politoed
|-damage|p1a: Politoed|0 fnt
|faint|p1a: Politoed
|-damage|p2a: Ursaluna|84/100|[from] item: Life Orb
|move|p1b: Incineroar|Parting Shot|p2a: Ursaluna
|-unboost|p2a: Ursaluna|atk|1
|-unboost|p2a: Ursaluna|spa|1
|
|t:|1757174041
|switch|p1b: Gothitelle|Gothitelle, L50, M|45/100|[from] Parting Shot
|
|-weather|RainDance|[upkeep]
|-start|p2b: Gothitelle|perish0
|upkeep
|faint|p2b: Gothitelle
|
|t:|1757174049
|switch|p1a: Incineroar|Incineroar, L50, M, tera:Ghost|100/100
|-ability|p1a: Incineroar|Intimidate|boost
|-unboost|p2a: Ursaluna|atk|1
|turn|9
|
|t:|1757174053
|move|p2a: Ursaluna|Protect|p2a: Ursaluna
|-singleturn|p2a: Ursaluna|Protect
|move|p1a: Incineroar|Fake Out|p2a: Ursaluna
|-activate|p2a: Ursaluna|move: Protect
|move|p1b: Gothitelle|Trick Room|p1b: Gothitelle
|-fieldstart|move: Trick Room|[of] p1b: Gothitelle
|
|-weather|RainDance|[upkeep]
|upkeep
|turn|10
|
|t:|1757174071
|move|p1a: Incineroar|Knock Off|p2a: Ursaluna
|-damage|p2a: Ursaluna|55/100
|-enditem|p2a: Ursaluna|Life Orb|[from] move: Knock Off|[of] p1a: Incineroar
|move|p1b: Gothitelle|Psychic|p2a: Ursaluna
|-damage|p2a: Ursaluna|17/100
|move|p2a: Ursaluna|Blood Moon|p1b: Gothitelle
|-damage|p1b: Gothitelle|3/100
|
|-weather|RainDance|[upkeep]
|upkeep
|turn|11
|-message|my team was genned forfeited.
|
|win|PyreAeroVGC
|raw|PyreAeroVGC's rating: 1233 → 1255(+22 for winning)
|raw|my team was genned's rating: 1197 → 1175(-22 for losing)
|l|☆my team was genned
|player|p2|
|c|☆PyreAeroVGC|gg wp
