|j|☆Oonnayram
|j|☆endK649
|html|OonnayramendK649    
|uhtml|bestof|Game 3 of a best-of-3
|t:|1756946165
|gametype|doubles
|player|p1|Oonnayram|beauty|1045
|player|p2|endK649|gambler|1093
|gen|9
|tier|[Gen 9] VGC 2025 Reg H (Bo3)
|rated|
|rule|Species Clause: Limit one of each Pokémon
|rule|Item Clause: Limit 1 of each item
|clearpoke
|poke|p1|Glaceon, L50, M|
|poke|p1|Ninetales-Alola, L50, M|
|poke|p1|Indeedee-F, L50, F|
|poke|p1|Slowking, L50, F|
|poke|p1|Rillaboom, L50, F|
|poke|p1|Volcarona, L50, M|
|poke|p2|Feraligatr, L50, F|
|poke|p2|Kommo-o, L50, M|
|poke|p2|Politoed, L50, M|
|poke|p2|Rillaboom, L50, F|
|poke|p2|Incineroar, L50, F|
|poke|p2|Electabuzz, L50, F|
|teampreview|4
|showteam|p1|Glaceon||Leftovers|IceBody|CalmMind,Blizzard,Protect,FreezeDry|||M|||50|,,,,,Fairy]Ninetales-Alola||FocusSash|SnowWarning|Blizzard,AuroraVeil,FreezeDry,Protect|||M|||50|,,,,,Ice]Indeedee-F||PsychicSeed|PsychicSurge|FollowMe,HelpingHand,TrickRoom,Psychic|||F|||50|,,,,,Water]Slowking||SafetyGoggles|Oblivious|ChillyReception,ExpandingForce,MuddyWater,TrickRoom|||F|||50|,,,,,Dark]Rillaboom||AssaultVest|GrassySurge|FakeOut,GrassyGlide,WoodHammer,KnockOff|||F|||50|,,,,,Grass]Volcarona||CovertCloak|FlameBody|Protect,QuiverDance,GigaDrain,FieryDance|||M|||50|,,,,,Grass
|showteam|p2|Feraligatr||LifeOrb|SheerForce|Liquidation,Crunch,DragonDance,Protect|||F|||50|,,,,,Dark]Kommo-o||ThroatSpray|Overcoat|ClangingScales,AuraSphere,ClangorousSoul,Protect|||M|||50|,,,,,Fairy]Politoed||SitrusBerry|Drizzle|WeatherBall,IcyWind,Haze,Protect|||M|||50|,,,,,Grass]Rillaboom||AssaultVest|GrassySurge|WoodHammer,GrassyGlide,FakeOut,Uturn|||F|||50|,,,,,Fire]Incineroar||SafetyGoggles|Intimidate|KnockOff,FakeOut,HelpingHand,PartingShot|||F|||50|,,,,,Ghost]Electabuzz||Eviolite|VitalSpirit|Electroweb,Taunt,FollowMe,VoltSwitch|||F|||50|,,,,,Ghost
|inactive|Battle timer is ON: inactive players will automatically lose when time's up. (requested by endK649)
|
|t:|1756946194
|teamsize|p1|4
|teamsize|p2|4
|start
|switch|p1a: Glaceon|Glaceon, L50, M|100/100
|switch|p1b: Slowking|Slowking, L50, F|100/100
|switch|p2a: Feraligatr|Feraligatr, L50, F, shiny|100/100
|switch|p2b: Electabuzz|Electabuzz, L50, F, shiny|100/100
|turn|1
|inactive|Oonnayram has 30 seconds left.
|
|t:|1756946227
|-terastallize|p2a: Feraligatr|Dark
|move|p2b: Electabuzz|Taunt|p1b: Slowking
|-immune|p1b: Slowking|[from] ability: Oblivious
|move|p2a: Feraligatr|Dragon Dance|p2a: Feraligatr
|-boost|p2a: Feraligatr|atk|1
|-boost|p2a: Feraligatr|spe|1
|move|p1a: Glaceon|Calm Mind|p1a: Glaceon
|-boost|p1a: Glaceon|spa|1
|-boost|p1a: Glaceon|spd|1
|move|p1b: Slowking|Trick Room|p1b: Slowking
|-fieldstart|move: Trick Room|[of] p1b: Slowking
|
|upkeep
|turn|2
|inactive|Oonnayram has 30 seconds left.
|inactive|endK649 has 30 seconds left.
|
|t:|1756946259
|switch|p1b: Ninetales|Ninetales-Alola, L50, M|100/100
|-weather|Snowscape|[from] ability: Snow Warning|[of] p1b: Ninetales
|switch|p2b: Politoed|Politoed, L50, M|100/100
|-weather|RainDance|[from] ability: Drizzle|[of] p2b: Politoed
|move|p1a: Glaceon|Blizzard|p2a: Feraligatr|[spread] p2a,p2b
|-resisted|p2b: Politoed
|-damage|p2a: Feraligatr|15/100
|-damage|p2b: Politoed|66/100
|-status|p2b: Politoed|frz
|move|p2a: Feraligatr|Liquidation|p1a: Glaceon
|-damage|p1a: Glaceon|0 fnt
|faint|p1a: Glaceon
|
|-weather|RainDance|[upkeep]
|upkeep
|
|t:|1756946276
|switch|p1a: Indeedee|Indeedee-F, L50, F|100/100
|-fieldstart|move: Psychic Terrain|[from] ability: Psychic Surge|[of] p1a: Indeedee
|-enditem|p1a: Indeedee|Psychic Seed
|-boost|p1a: Indeedee|spd|1|[from] item: Psychic Seed
|turn|3
|
|t:|1756946289
|switch|p2b: Rillaboom|Rillaboom, L50, F, shiny|100/100
|-fieldstart|move: Grassy Terrain|[from] ability: Grassy Surge|[of] p2b: Rillaboom
|move|p2a: Feraligatr|Protect|p2a: Feraligatr
|-singleturn|p2a: Feraligatr|Protect
|move|p1a: Indeedee|Psychic|p2b: Rillaboom
|-damage|p2b: Rillaboom|78/100
|move|p1b: Ninetales|Aurora Veil||[still]
|-fail|p1b: Ninetales
|
|-weather|RainDance|[upkeep]
|-heal|p2b: Rillaboom|84/100|[from] Grassy Terrain
|-heal|p2a: Feraligatr|21/100|[from] Grassy Terrain
|upkeep
|turn|4
|inactive|Oonnayram has 30 seconds left.
|inactive|endK649 has 30 seconds left.
|inactive|Oonnayram has 20 seconds left.
|
|t:|1756946327
|switch|p1b: Slowking|Slowking, L50, F|100/100
|move|p2b: Rillaboom|Fake Out|p1b: Slowking
|-damage|p1b: Slowking|88/100
|move|p1a: Indeedee|Psychic|p2b: Rillaboom
|-damage|p2b: Rillaboom|63/100
|move|p2a: Feraligatr|Crunch|p1b: Slowking
|-supereffective|p1b: Slowking
|-damage|p1b: Slowking|0 fnt
|faint|p1b: Slowking
|
|-weather|RainDance|[upkeep]
|-heal|p2b: Rillaboom|69/100|[from] Grassy Terrain
|-heal|p2a: Feraligatr|27/100|[from] Grassy Terrain
|upkeep
|
|t:|1756946332
|switch|p1b: Ninetales|Ninetales-Alola, L50, M|100/100
|-weather|Snowscape|[from] ability: Snow Warning|[of] p1b: Ninetales
|turn|5
|
|t:|1756946346
|switch|p2b: Politoed|Politoed, L50, M|66/100 frz
|-weather|RainDance|[from] ability: Drizzle|[of] p2b: Politoed
|-terastallize|p1b: Ninetales|Ice
|move|p1a: Indeedee|Helping Hand|p1b: Ninetales
|-singleturn|p1b: Ninetales|Helping Hand|[of] p1a: Indeedee
|move|p2a: Feraligatr|Protect|p2a: Feraligatr
|-singleturn|p2a: Feraligatr|Protect
|move|p1b: Ninetales|Blizzard|p2b: Politoed|[spread] p2b
|-activate|p2a: Feraligatr|move: Protect
|-resisted|p2b: Politoed
|-damage|p2b: Politoed|33/100 frz
|-enditem|p2b: Politoed|Sitrus Berry|[eat]
|-heal|p2b: Politoed|58/100 frz|[from] item: Sitrus Berry
|
|-weather|RainDance|[upkeep]
|-heal|p2b: Politoed|65/100 frz|[from] Grassy Terrain
|-heal|p2a: Feraligatr|32/100|[from] Grassy Terrain
|-fieldend|move: Trick Room
|upkeep
|turn|6
|inactive|endK649 has 30 seconds left.
|
|t:|1756946373
|move|p1a: Indeedee|Helping Hand|p1b: Ninetales
|-singleturn|p1b: Ninetales|Helping Hand|[of] p1a: Indeedee
|move|p2a: Feraligatr|Liquidation|p1a: Indeedee
|-damage|p1a: Indeedee|0 fnt
|faint|p1a: Indeedee
|move|p1b: Ninetales|Blizzard|p2a: Feraligatr|[spread] p2a,p2b
|-resisted|p2b: Politoed
|-damage|p2a: Feraligatr|0 fnt
|-damage|p2b: Politoed|32/100 frz
|faint|p2a: Feraligatr
|cant|p2b: Politoed|frz
|
|-weather|RainDance|[upkeep]
|-heal|p2b: Politoed|38/100 frz|[from] Grassy Terrain
|upkeep
|
|t:|1756946380
|switch|p2a: Electabuzz|Electabuzz, L50, F, shiny|100/100
|turn|7
|
|t:|1756946388
|move|p1b: Ninetales|Freeze-Dry|p2b: Politoed
|-supereffective|p2b: Politoed
|-damage|p2b: Politoed|0 fnt
|faint|p2b: Politoed
|move|p2a: Electabuzz|Electroweb|p1b: Ninetales
|-damage|p1b: Ninetales|78/100
|-unboost|p1b: Ninetales|spe|1
|
|-weather|RainDance|[upkeep]
|-heal|p1b: Ninetales|84/100|[from] Grassy Terrain
|-fieldend|move: Grassy Terrain
|upkeep
|
|t:|1756946390
|switch|p2b: Rillaboom|Rillaboom, L50, F, shiny|69/100
|-fieldstart|move: Grassy Terrain|[from] ability: Grassy Surge|[of] p2b: Rillaboom
|turn|8
|
|t:|1756946406
|move|p1b: Ninetales|Protect|p1b: Ninetales
|-singleturn|p1b: Ninetales|Protect
|move|p2b: Rillaboom|Fake Out|p1b: Ninetales
|-activate|p1b: Ninetales|move: Protect
|move|p2a: Electabuzz|Electroweb|p1b: Ninetales
|-activate|p1b: Ninetales|move: Protect
|
|-weather|RainDance|[upkeep]
|-heal|p2b: Rillaboom|75/100|[from] Grassy Terrain
|-heal|p1b: Ninetales|90/100|[from] Grassy Terrain
|upkeep
|turn|9
|
|t:|1756946416
|move|p2a: Electabuzz|Follow Me|p2a: Electabuzz
|-singleturn|p2a: Electabuzz|move: Follow Me
|move|p2b: Rillaboom|Wood Hammer|p1b: Ninetales
|-damage|p1b: Ninetales|0 fnt
|faint|p1b: Ninetales
|-damage|p2b: Rillaboom|54/100|[from] Recoil
|
|win|endK649
|raw|Oonnayram's rating: 1045 → 1031(-14 for losing)
|raw|endK649's rating: 1093 → 1115(+22 for winning)
|l|☆Oonnayram
|player|p1|
