|j|☆sturmkitten69
|j|☆Huntail_Biden711
|html|sturmkitten69Huntail_Biden711    
|uhtml|bestof|Game 3 of a best-of-3
|t:|1784625118
|gametype|doubles
|player|p1|sturmkitten69|fisherman-gen4|1148
|player|p2|Huntail_Biden711|blue|1228
|gen|9
|tier|[Gen 9 Champions] VGC 2026 Reg M-B (Bo3)
|rated|
|rule|Species Clause: Limit one of each Pokémon
|rule|Item Clause: Limit 1 of each item
|clearpoke
|poke|p1|Incineroar, L50, M, shiny|
|poke|p1|Rotom-Wash, L50, shiny|
|poke|p1|Delphox, L50, M|
|poke|p1|Altaria, L50, F|
|poke|p1|Sinistcha, L50|
|poke|p1|Basculegion, L50, M|
|poke|p2|Pelipper, L50, F|
|poke|p2|Charizard, L50, F|
|poke|p2|Basculegion, L50, M|
|poke|p2|Venusaur, L50, M|
|poke|p2|Archaludon, L50, M|
|poke|p2|Grimmsnarl, L50, M|
|teampreview|4
|showteam|p1|Incineroar||PasshoBerry|Intimidate|FakeOut,PartingShot,ThroatChop,FlareBlitz|Impish||M|||50|]Rotom-Wash||ChoiceScarf|Levitate|VoltSwitch,Electroweb,WillOWisp,HydroPump|Timid|||||50|]Delphox||Delphoxite|Blaze|HeatWave,CalmMind,Psychic,Protect|Timid||M|||50|]Altaria||RoseliBerry|CloudNine|Tailwind,Roost,WillOWisp,DragonPulse|Timid||F|||50|]Sinistcha||SitrusBerry|Hospitality|Protect,RagePowder,LifeDew,MatchaGotcha|Bold|||||50|]Basculegion||LifeOrb|Adaptability|LastRespects,WaveCrash,Protect,AquaJet|Adamant||M|||50|
|showteam|p2|Pelipper||SitrusBerry|Drizzle|Tailwind,WeatherBall,Hurricane,WideGuard|Modest||F|||50|]Charizard||CharizarditeY|Blaze|WeatherBall,HeatWave,SolarBeam,Protect|Timid||F|||50|]Basculegion||ChoiceScarf|Adaptability|LastRespects,WaveCrash,FlipTurn,AquaJet|Jolly||M|||50|]Venusaur||FocusSash|Chlorophyll|Protect,SludgeBomb,SleepPowder,EarthPower|Modest||M|||50|]Archaludon||Leftovers|Stamina|ElectroShot,Protect,DragonPulse,FlashCannon|Modest||M|||50|]Grimmsnarl||LightClay|Prankster|SpiritBreak,PartingShot,Reflect,LightScreen|Careful||M|||50|
|inactive|Battle timer is ON: inactive players will automatically lose when time's up. (requested by Huntail_Biden711)
|
|t:|1784625144
|teamsize|p1|4
|teamsize|p2|4
|start
|switch|p1a: Rotom|Rotom-Wash, L50, shiny|100/100
|switch|p1b: Delphox|Delphox, L50, M|100/100
|switch|p2a: Archaludon|Archaludon, L50, M|100/100
|switch|p2b: Pelipper|Pelipper, L50, F|100/100
|-weather|RainDance|[from] ability: Drizzle|[of] p2b: Pelipper
|turn|1
|
|t:|1784625165
|switch|p2b: Grimmsnarl|Grimmsnarl, L50, M|100/100
|move|p1a: Rotom|Volt Switch|p2b: Grimmsnarl
|-damage|p2b: Grimmsnarl|74/100
|
|t:|1784625177
|switch|p1a: Altaria|Altaria, L50, F|100/100|[from] Volt Switch
|-ability|p1a: Altaria|Cloud Nine
|move|p1b: Delphox|Calm Mind|p1b: Delphox
|-boost|p1b: Delphox|spa|1
|-boost|p1b: Delphox|spd|1
|move|p2a: Archaludon|Dragon Pulse|p1b: Delphox
|-damage|p1b: Delphox|66/100
|
|-weather|RainDance|[upkeep]
|upkeep
|turn|2
|
|t:|1784625197
|switch|p1a: Sinistcha|Sinistcha, L50|100/100
|-heal|p1b: Delphox|91/100|[from] ability: Hospitality|[of] p1a: Sinistcha
|switch|p2a: Charizard|Charizard, L50, F|100/100
|detailschange|p1b: Delphox|Delphox-Mega, L50, M
|-mega|p1b: Delphox|Delphox|Delphoxite
|move|p1b: Delphox|Protect|p1b: Delphox
|-singleturn|p1b: Delphox|Protect
|move|p2b: Grimmsnarl|Spirit Break|p1b: Delphox
|-activate|p1b: Delphox|move: Protect
|
|-weather|RainDance|[upkeep]
|upkeep
|turn|3
|inactive|sturmkitten69 has 30 seconds left.
|
|t:|1784625228
|move|p1a: Sinistcha|Rage Powder|p1a: Sinistcha
|-singleturn|p1a: Sinistcha|move: Rage Powder
|move|p2b: Grimmsnarl|Light Screen|p2b: Grimmsnarl
|-sidestart|p2: Huntail_Biden711|move: Light Screen
|move|p1b: Delphox|Psychic|p2a: Charizard
|-damage|p2a: Charizard|41/100
|move|p2a: Charizard|Weather Ball|p1a: Sinistcha
|-resisted|p1a: Sinistcha|1
|-damage|p1a: Sinistcha|74/100
|
|-weather|RainDance|[upkeep]
|upkeep
|turn|4
|
|t:|1784625242
|detailschange|p2a: Charizard|Charizard-Mega-Y, L50, F
|-mega|p2a: Charizard|Charizard|Charizardite Y
|-weather|SunnyDay|[from] ability: Drought|[of] p2a: Charizard
|move|p1a: Sinistcha|Rage Powder|p1a: Sinistcha
|-singleturn|p1a: Sinistcha|move: Rage Powder
|move|p2b: Grimmsnarl|Parting Shot|p1a: Sinistcha
|-unboost|p1a: Sinistcha|atk|1
|-unboost|p1a: Sinistcha|spa|1
|
|t:|1784625249
|switch|p2b: Archaludon|Archaludon, L50, M|100/100|[from] Parting Shot
|move|p1b: Delphox|Calm Mind|p1b: Delphox
|-boost|p1b: Delphox|spa|1
|-boost|p1b: Delphox|spd|1
|move|p2a: Charizard|Heat Wave|p1a: Sinistcha|[spread] p1a,p1b
|-supereffective|p1a: Sinistcha|1
|-resisted|p1b: Delphox|1
|-damage|p1a: Sinistcha|0 fnt
|-damage|p1b: Delphox|75/100
|faint|p1a: Sinistcha
|
|-weather|SunnyDay|[upkeep]
|upkeep
|
|t:|1784625263
|switch|p1a: Altaria|Altaria, L50, F|100/100
|-ability|p1a: Altaria|Cloud Nine
|turn|5
|
|t:|1784625279
|switch|p2a: Grimmsnarl|Grimmsnarl, L50, M|74/100
|move|p1b: Delphox|Heat Wave|p2b: Archaludon|[spread] p2a,p2b
|-damage|p2a: Grimmsnarl|34/100
|-damage|p2b: Archaludon|37/100
|-status|p2b: Archaludon|brn
|-ability|p2b: Archaludon|Stamina|boost
|-boost|p2b: Archaludon|def|1
|move|p1a: Altaria|Tailwind|p1a: Altaria
|-sidestart|p1: sturmkitten69|move: Tailwind
|move|p2b: Archaludon|Dragon Pulse|p1a: Altaria
|-supereffective|p1a: Altaria|1
|-damage|p1a: Altaria|14/100
|
|-weather|SunnyDay|[upkeep]
|-heal|p2b: Archaludon|43/100 brn|[from] item: Leftovers
|-damage|p2b: Archaludon|37/100 brn|[from] brn
|upkeep
|turn|6
|inactive|Huntail_Biden711 has 30 seconds left.
|
|t:|1784625313
|switch|p1a: Rotom|Rotom-Wash, L50, shiny|100/100
|move|p2b: Archaludon|Protect|p2b: Archaludon
|-singleturn|p2b: Archaludon|Protect
|move|p1b: Delphox|Heat Wave|p2a: Grimmsnarl|[spread] 
|-activate|p2b: Archaludon|move: Protect
|-miss|p1b: Delphox|p2a: Grimmsnarl
|move|p2a: Grimmsnarl|Spirit Break|p1a: Rotom
|-damage|p1a: Rotom|57/100
|-unboost|p1a: Rotom|spa|1
|
|-weather|SunnyDay|[upkeep]
|-heal|p2b: Archaludon|43/100 brn|[from] item: Leftovers
|-damage|p2b: Archaludon|37/100 brn|[from] brn
|upkeep
|turn|7
|
|t:|1784625332
|move|p2a: Grimmsnarl|Parting Shot|p1b: Delphox
|-unboost|p1b: Delphox|atk|1
|-unboost|p1b: Delphox|spa|1
|
|t:|1784625336
|switch|p2a: Pelipper|Pelipper, L50, F|100/100|[from] Parting Shot
|-weather|RainDance|[from] ability: Drizzle|[of] p2a: Pelipper
|move|p1a: Rotom|Volt Switch|p2a: Pelipper
|-supereffective|p2a: Pelipper|2
|-damage|p2a: Pelipper|18/100
|-enditem|p2a: Pelipper|Sitrus Berry|[eat]
|-heal|p2a: Pelipper|43/100|[from] item: Sitrus Berry
|
|t:|1784625345
|switch|p1a: Altaria|Altaria, L50, F|14/100|[from] Volt Switch
|-ability|p1a: Altaria|Cloud Nine
|move|p1b: Delphox|Heat Wave|p2b: Archaludon|[spread] p2b
|-miss|p1b: Delphox|p2a: Pelipper
|-damage|p2b: Archaludon|0 fnt
|faint|p2b: Archaludon
|
|-weather|RainDance|[upkeep]
|upkeep
|
|t:|1784625358
|switch|p2b: Grimmsnarl|Grimmsnarl, L50, M|34/100
|turn|8
|
|t:|1784625367
|switch|p2a: Charizard|Charizard-Mega-Y, L50, F|41/100
|-weather|SunnyDay|[from] ability: Drought|[of] p2a: Charizard
|move|p1b: Delphox|Psychic|p2a: Charizard
|-damage|p2a: Charizard|0 fnt
|faint|p2a: Charizard
|move|p1a: Altaria|Roost|p1a: Altaria
|-heal|p1a: Altaria|64/100
|-singleturn|p1a: Altaria|move: Roost
|move|p2b: Grimmsnarl|Spirit Break|p1a: Altaria
|-supereffective|p1a: Altaria|1
|-enditem|p1a: Altaria|Roseli Berry|[eat]
|-enditem|p1a: Altaria|Roseli Berry|[weaken]
|-damage|p1a: Altaria|35/100
|-unboost|p1a: Altaria|spa|1
|
|-weather|SunnyDay|[upkeep]
|-sideend|p1: sturmkitten69|move: Tailwind
|upkeep
|
|t:|1784625383
|switch|p2a: Pelipper|Pelipper, L50, F|43/100
|-weather|RainDance|[from] ability: Drizzle|[of] p2a: Pelipper
|turn|9
|-message|Huntail_Biden711 forfeited.
|
|win|sturmkitten69
|raw|sturmkitten69's rating: 1148 → 1179(+31 for winning)
|raw|Huntail_Biden711's rating: 1228 → 1197(-31 for losing)
|l|☆Huntail_Biden711
|player|p2|
