|j|☆DuckiiVG
|j|☆trace
|html|DuckiiVGtrace    
|uhtml|bestof|Game 2 of a best-of-3
|t:|1783775139
|gametype|doubles
|player|p1|DuckiiVG|kieran-festival|
|player|p2|trace|#trace3|
|gen|9
|tier|[Gen 9 Champions] VGC 2026 Reg M-B (Bo3)
|rule|Species Clause: Limit one of each Pokémon
|rule|Item Clause: Limit 1 of each item
|clearpoke
|poke|p1|Garchomp, L50, F|
|poke|p1|Basculegion, L50, M|
|poke|p1|Kingambit, L50, F|
|poke|p1|Whimsicott, L50, M|
|poke|p1|Floette-Eternal, L50, F|
|poke|p1|Charizard, L50, M|
|poke|p2|Charizard, L50, M|
|poke|p2|Aerodactyl, L50, F|
|poke|p2|Incineroar, L50, F|
|poke|p2|Kingambit, L50, M|
|poke|p2|Sylveon, L50, M|
|poke|p2|Garchomp, L50, F|
|teampreview|4
|showteam|p1|Garchomp||LifeOrb|RoughSkin|Earthquake,DragonClaw,RockSlide,Protect|Jolly||F|||50|]Basculegion||MysticWater|Adaptability|WaveCrash,LastRespects,AquaJet,Protect|Adamant||M|||50|]Kingambit||ChopleBerry|Defiant|KowtowCleave,IronHead,SuckerPunch,LowKick|Adamant||F|||50|]Whimsicott||FocusSash|Prankster|Moonblast,Tailwind,Encore,Protect|Timid||M|||50|]Floette-Eternal||Floettite|FlowerVeil|DazzlingGleam,Moonblast,LightofRuin,Protect|Modest||F|||50|]Charizard||CharizarditeY|SolarPower|HeatWave,WeatherBall,SolarBeam,Protect|Modest||M|||50|
|showteam|p2|Charizard||CharizarditeY|Blaze|Protect,HeatWave,SolarBeam,WeatherBall|Modest||M|||50|]Aerodactyl||Aerodactylite|Unnerve|RockSlide,IceFang,Tailwind,WideGuard|Jolly||F|||50|]Incineroar||SitrusBerry|Intimidate|DarkestLariat,FlareBlitz,FakeOut,PartingShot|Impish||F|||50|]Kingambit||FocusSash|Defiant|KowtowCleave,SuckerPunch,IronHead,Protect|Adamant||M|||50|]Sylveon||FairyFeather|Pixilate|Detect,HyperVoice,HyperBeam,QuickAttack|Modest||M|||50|]Garchomp||LifeOrb|RoughSkin|Earthquake,DragonClaw,StompingTantrum,Protect|Jolly||F|||50|
|j| pls be kind to me
|
|t:|1783775188
|teamsize|p1|4
|teamsize|p2|4
|start
|switch|p1a: Whimsicott|Whimsicott, L50, M|100/100
|switch|p1b: Floette|Floette-Eternal, L50, F|100/100
|switch|p2a: Incineroar|Incineroar, L50, F|100/100
|switch|p2b: Charizard|Charizard, L50, M|100/100
|-ability|p2a: Incineroar|Intimidate|boost
|-block|p1a: Whimsicott|ability: Flower Veil|[of] p1b: Floette
|-unboost|p1b: Floette|atk|1
|turn|1
|j| Mezzaluca
|j| Akram Hamdi
|
|t:|1783775226
|switch|p1a: Garchomp|Garchomp, L50, F|100/100
|detailschange|p1b: Floette|Floette-Mega, L50, F
|-mega|p1b: Floette|Floette|Floettite
|-ability|p1b: Floette|Fairy Aura
|detailschange|p2b: Charizard|Charizard-Mega-Y, L50, M
|-mega|p2b: Charizard|Charizard|Charizardite Y
|-weather|SunnyDay|[from] ability: Drought|[of] p2b: Charizard
|move|p2a: Incineroar|Fake Out|p1b: Floette
|-damage|p1b: Floette|88/100
|cant|p1b: Floette|flinch
|move|p2b: Charizard|Heat Wave|p1b: Floette|[spread] p1a,p1b
|-resisted|p1a: Garchomp|1
|-damage|p1a: Garchomp|63/100
|-damage|p1b: Floette|31/100
|
|-weather|SunnyDay|[upkeep]
|upkeep
|turn|2
|
|t:|1783775256
|switch|p2a: Garchomp|Garchomp, L50, F|100/100
|move|p2b: Charizard|Protect|p2b: Charizard
|-singleturn|p2b: Charizard|Protect
|move|p1a: Garchomp|Rock Slide|p2a: Garchomp|[spread] 
|-activate|p2b: Charizard|move: Protect
|-miss|p1a: Garchomp|p2a: Garchomp
|move|p1b: Floette|Dazzling Gleam|p2b: Charizard|[spread] p2a
|-activate|p2b: Charizard|move: Protect
|-supereffective|p2a: Garchomp|1
|-damage|p2a: Garchomp|0 fnt
|faint|p2a: Garchomp
|
|-weather|SunnyDay|[upkeep]
|upkeep
|
|t:|1783775260
|switch|p2a: Incineroar|Incineroar, L50, F|100/100
|-ability|p2a: Incineroar|Intimidate|boost
|-unboost|p1a: Garchomp|atk|1
|-unboost|p1b: Floette|atk|1
|turn|3
|j| A Regu1ar Guy
|j| ColinMochrieVGC
|
|t:|1783775268
|switch|p2b: Sylveon|Sylveon, L50, M|100/100
|move|p1a: Garchomp|Protect|p1a: Garchomp
|-singleturn|p1a: Garchomp|Protect
|move|p1b: Floette|Protect|p1b: Floette
|-singleturn|p1b: Floette|Protect
|move|p2a: Incineroar|Fake Out|p1b: Floette
|-activate|p1b: Floette|move: Protect
|
|-weather|SunnyDay|[upkeep]
|upkeep
|turn|4
|j| bubele
|
|t:|1783775280
|switch|p1a: Basculegion|Basculegion, L50, M|100/100
|move|p1b: Floette|Light of Ruin|p2a: Incineroar|[miss]
|-miss|p1b: Floette|p2a: Incineroar
|move|p2b: Sylveon|Hyper Voice|p1b: Floette|[spread] p1a,p1b
|-crit|p1b: Floette
|-damage|p1a: Basculegion|48/100
|-damage|p1b: Floette|0 fnt
|faint|p1b: Floette
|move|p2a: Incineroar|Parting Shot|p1a: Basculegion
|-unboost|p1a: Basculegion|atk|1
|-unboost|p1a: Basculegion|spa|1
|l| A Regu1ar Guy
|
|t:|1783775286
|switch|p2a: Charizard|Charizard-Mega-Y, L50, M|100/100|[from] Parting Shot
|
|-weather|SunnyDay|[upkeep]
|upkeep
|j| A Regu1ar Guy
|
|t:|1783775294
|switch|p1b: Garchomp|Garchomp, L50, F|63/100
|turn|5
|l| A Regu1ar Guy
|
|t:|1783775308
|switch|p2a: Incineroar|Incineroar, L50, F|100/100
|-ability|p2a: Incineroar|Intimidate|boost
|-unboost|p1a: Basculegion|atk|1
|-unboost|p1b: Garchomp|atk|1
|move|p2b: Sylveon|Detect|p2b: Sylveon
|-singleturn|p2b: Sylveon|Protect
|move|p1b: Garchomp|Rock Slide|p2a: Incineroar|[spread] p2a
|-activate|p2b: Sylveon|move: Protect
|-supereffective|p2a: Incineroar|1
|-damage|p2a: Incineroar|78/100
|-damage|p1b: Garchomp|54/100|[from] item: Life Orb
|move|p1a: Basculegion|Wave Crash|p2a: Incineroar
|-supereffective|p2a: Incineroar|1
|-damage|p2a: Incineroar|50/100g
|-damage|p1a: Basculegion|39/100|[from] Recoil
|
|-weather|none
|upkeep
|turn|6
|
|t:|1783775335
|switch|p1b: Whimsicott|Whimsicott, L50, M|100/100
|move|p1a: Basculegion|Wave Crash|p2a: Incineroar
|-supereffective|p2a: Incineroar|1
|-damage|p2a: Incineroar|0 fnt
|faint|p2a: Incineroar
|-damage|p1a: Basculegion|22/100|[from] Recoil
|move|p2b: Sylveon|Hyper Voice|p1a: Basculegion|[spread] p1a,p1b
|-damage|p1a: Basculegion|0 fnt
|-damage|p1b: Whimsicott|18/100
|faint|p1a: Basculegion
|
|upkeep
|
|t:|1783775346
|switch|p1a: Garchomp|Garchomp, L50, F|54/100
|switch|p2a: Charizard|Charizard-Mega-Y, L50, M|100/100
|-weather|SunnyDay|[from] ability: Drought|[of] p2a: Charizard
|turn|7
|
|t:|1783775354
|move|p1b: Whimsicott|Moonblast|p2b: Sylveon
|-damage|p2b: Sylveon|74/100
|move|p1a: Garchomp|Rock Slide|p2b: Sylveon|[spread] p2a,p2b
|-supereffective|p2a: Charizard|2
|-damage|p2a: Charizard|0 fnt
|-damage|p2b: Sylveon|42/100
|faint|p2a: Charizard
|-damage|p1a: Garchomp|44/100|[from] item: Life Orb
|move|p2b: Sylveon|Hyper Voice|p1b: Whimsicott|[spread] p1a,p1b
|-supereffective|p1a: Garchomp|1
|-damage|p1a: Garchomp|0 fnt
|-damage|p1b: Whimsicott|0 fnt
|faint|p1a: Garchomp
|faint|p1b: Whimsicott
|
|win|trace
||DuckiiVG is ready for game 3.
||trace is ready for game 3.
|uhtml|next|Next: Game 3 of 3
|l| ColinMochrieVGC
|j| tanobaum
|j| LogIce
|j| A Regu1ar Guy
|l| bubele
|l| LogIce
|l| A Regu1ar Guy
