|j|☆pakaan64
|j|☆freudianbreath
|html|pakaan64freudianbreath    
|uhtml|bestof|Game 1 of a best-of-3
|t:|1756319954
|gametype|doubles
|player|p1|pakaan64|1|1147
|player|p2|freudianbreath|170|1045
|gen|9
|tier|[Gen 9] VGC 2025 Reg H (Bo3)
|rated|
|rule|Species Clause: Limit one of each Pokémon
|rule|Item Clause: Limit 1 of each item
|clearpoke
|poke|p1|Ursaluna, L50, F|
|poke|p1|Farigiraf, L50, M|
|poke|p1|Torkoal, L50, F|
|poke|p1|Dragapult, L50, F|
|poke|p1|Whimsicott, L50, F|
|poke|p1|Amoonguss, L50, M|
|poke|p2|Incineroar, L50, M|
|poke|p2|Dragonite, L50, M|
|poke|p2|Gholdengo, L50|
|poke|p2|Breloom, L50, F|
|poke|p2|Arcanine-Hisui, L50, F|
|poke|p2|Rillaboom, L50, M|
|teampreview|4
|showteam|p1|Ursaluna||FlameOrb|Guts|Facade,Protect,HeadlongRush,Earthquake|||F|||50|,,,,,Ghost]Farigiraf||ColburBerry|ArmorTail|TrickRoom,Protect,HyperVoice,Psychic|||M|||50|,,,,,Grass]Torkoal||EjectButton|Drought|Eruption,Protect,HeatWave,ClearSmog|||F|||50|,,,,,Fire]Dragapult||FocusSash|ClearBody|DragonDarts,Uturn,PhantomForce,Protect|||F|||50|,,,,,Dragon]Whimsicott||CovertCloak|Prankster|Tailwind,Encore,Moonblast,Protect|||F|||50|,,,,,Water]Amoonguss||Leftovers|Regenerator|Protect,Spore,RagePowder,PollenPuff|||M|||50|,,,,,Fairy
|showteam|p2|Incineroar||SafetyGoggles|Intimidate|FakeOut,KnockOff,WillOWisp,PartingShot|||M|||50|,,,,,Ghost]Dragonite||SilkScarf|Multiscale|Protect,ExtremeSpeed,Tailwind,StompingTantrum|||M|||50|,,,,,Fairy]Gholdengo||LifeOrb|GoodasGold|MakeItRain,ShadowBall,NastyPlot,Protect||||||50|,,,,,Dragon]Breloom||LoadedDice|Technician|BulletSeed,MachPunch,Protect,Spore|||F|||50|,,,,,Fire]Arcanine-Hisui||ChoiceBand|Intimidate|ExtremeSpeed,FlareBlitz,RockSlide,HeadSmash|||F|||50|,,,,,Normal]Rillaboom||AssaultVest|GrassySurge|WoodHammer,GrassyGlide,FakeOut,HighHorsepower|||M|||50|,,,,,Fire
|inactive|Battle timer is ON: inactive players will automatically lose when time's up. (requested by pakaan64)
|l|☆pakaan64
|inactive|pakaan64 disconnected and has a minute to reconnect!
|player|p1|
|inactive|freudianbreath has 60 seconds left.
|j|☆pakaan64
|inactive|pakaan64 reconnected.
|player|p1|pakaan64|1|
|inactive|freudianbreath has 30 seconds left.
|inactive|freudianbreath has 20 seconds left.
|inactive|freudianbreath has 15 seconds left.
|
|t:|1756320095
|teamsize|p1|4
|teamsize|p2|4
|start
|switch|p1a: Dragapult|Dragapult, L50, F|100/100
|switch|p1b: Farigiraf|Farigiraf, L50, M|100/100
|switch|p2a: Rillaboom|Rillaboom, L50, M|100/100
|switch|p2b: Incineroar|Incineroar, L50, M|100/100
|-fieldstart|move: Grassy Terrain|[from] ability: Grassy Surge|[of] p2a: Rillaboom
|-ability|p2b: Incineroar|Intimidate|boost
|-fail|p1a: Dragapult|unboost|[from] ability: Clear Body|[of] p1a: Dragapult
|-unboost|p1b: Farigiraf|atk|1
|turn|1
|inactive|pakaan64 has 30 seconds left.
|inactive|freudianbreath has 30 seconds left.
|inactive|freudianbreath has 20 seconds left.
|inactive|freudianbreath has 15 seconds left.
|inactive|freudianbreath has 10 seconds left.
|
|t:|1756320144
|move|p1a: Dragapult|U-turn|p2a: Rillaboom
|-supereffective|p2a: Rillaboom
|-damage|p2a: Rillaboom|56/100
|
|t:|1756320148
|switch|p1a: Ursaluna|Ursaluna, L50, F|100/100|[from] U-turn
|move|p2a: Rillaboom|Wood Hammer|p1b: Farigiraf
|-damage|p1b: Farigiraf|12/100
|-damage|p2a: Rillaboom|24/100|[from] Recoil
|move|p2b: Incineroar|Will-O-Wisp|p1a: Ursaluna
|-status|p1a: Ursaluna|brn
|move|p1b: Farigiraf|Trick Room|p1b: Farigiraf
|-fieldstart|move: Trick Room|[of] p1b: Farigiraf
|
|-heal|p1b: Farigiraf|18/100|[from] Grassy Terrain
|-heal|p2a: Rillaboom|30/100|[from] Grassy Terrain
|-damage|p1a: Ursaluna|94/100 brn|[from] brn
|upkeep
|turn|2
|inactive|freudianbreath has 30 seconds left.
|inactive|freudianbreath has 20 seconds left.
|inactive|freudianbreath has 15 seconds left.
|inactive|freudianbreath has 10 seconds left.
|inactive|freudianbreath has 5 seconds left.
|
|t:|1756320202
|-terastallize|p2b: Incineroar|Ghost
|move|p1b: Farigiraf|Psychic|p2a: Rillaboom
|-damage|p2a: Rillaboom|7/100
|move|p2b: Incineroar|Knock Off|p1a: Ursaluna
|-damage|p1a: Ursaluna|64/100 brn
|-enditem|p1a: Ursaluna|Flame Orb|[from] move: Knock Off|[of] p2b: Incineroar
|move|p1a: Ursaluna|Headlong Rush|p2b: Incineroar
|-damage|p2b: Incineroar|7/100
|-unboost|p1a: Ursaluna|def|1
|-unboost|p1a: Ursaluna|spd|1
|move|p2a: Rillaboom|Wood Hammer|p1b: Farigiraf
|-damage|p1b: Farigiraf|0 fnt
|faint|p1b: Farigiraf
|-damage|p2a: Rillaboom|0 fnt|[from] Recoil
|faint|p2a: Rillaboom
|
|-heal|p2b: Incineroar|13/100|[from] Grassy Terrain
|-heal|p1a: Ursaluna|70/100 brn|[from] Grassy Terrain
|-damage|p1a: Ursaluna|64/100 brn|[from] brn
|upkeep
|inactive|freudianbreath has 30 seconds left.
|inactive|freudianbreath has 20 seconds left.
|
|t:|1756320240
|switch|p1b: Whimsicott|Whimsicott, L50, F|100/100
|switch|p2a: Arcanine|Arcanine-Hisui, L50, F|100/100
|-ability|p2a: Arcanine|Intimidate|boost
|-unboost|p1a: Ursaluna|atk|1
|-unboost|p1b: Whimsicott|atk|1
|turn|3
|inactive|pakaan64 has 30 seconds left.
|inactive|freudianbreath has 30 seconds left.
|inactive|freudianbreath has 20 seconds left.
|inactive|freudianbreath has 15 seconds left.
|inactive|freudianbreath has 10 seconds left.
|inactive|freudianbreath has 5 seconds left.
|
|t:|1756320291
|switch|p2b: Dragonite|Dragonite, L50, M|100/100
|-terastallize|p1a: Ursaluna|Ghost
|move|p1b: Whimsicott|Protect|p1b: Whimsicott
|-singleturn|p1b: Whimsicott|Protect
|move|p1a: Ursaluna|Earthquake|p2a: Arcanine|[spread] p2a
|-activate|p1b: Whimsicott|move: Protect
|-immune|p2b: Dragonite
|-supereffective|p2a: Arcanine
|-damage|p2a: Arcanine|0 fnt
|faint|p2a: Arcanine
|
|-heal|p1a: Ursaluna|70/100 brn|[from] Grassy Terrain
|-damage|p1a: Ursaluna|64/100 brn|[from] brn
|upkeep
|
|t:|1756320302
|switch|p2a: Incineroar|Incineroar, L50, M, tera:Ghost|13/100
|-ability|p2a: Incineroar|Intimidate|boost
|-unboost|p1a: Ursaluna|atk|1
|-unboost|p1b: Whimsicott|atk|1
|turn|4
|inactive|freudianbreath has 30 seconds left.
|
|t:|1756320335
|move|p2a: Incineroar|Knock Off|p1a: Ursaluna
|-supereffective|p1a: Ursaluna
|-damage|p1a: Ursaluna|7/100 brn
|move|p1a: Ursaluna|Facade|p2b: Dragonite
|-crit|p2b: Dragonite
|-damage|p2b: Dragonite|11/100
|move|p2b: Dragonite|Stomping Tantrum|p1a: Ursaluna
|-damage|p1a: Ursaluna|0 fnt
|faint|p1a: Ursaluna
|move|p1b: Whimsicott|Moonblast|p2b: Dragonite
|-supereffective|p2b: Dragonite
|-damage|p2b: Dragonite|0 fnt
|faint|p2b: Dragonite
|
|-heal|p2a: Incineroar|19/100|[from] Grassy Terrain
|upkeep
|
|t:|1756320345
|switch|p1a: Dragapult|Dragapult, L50, F|100/100
|turn|5
|
|t:|1756320360
|move|p2a: Incineroar|Will-O-Wisp|p1a: Dragapult
|-status|p1a: Dragapult|brn
|move|p1b: Whimsicott|Moonblast|p2a: Incineroar
|-damage|p2a: Incineroar|0 fnt
|faint|p2a: Incineroar
|
|win|pakaan64
||pakaan64 is ready for game 2.
