|j|☆s!dd_1
|j|☆p1ch1pichi
|html|s!dd_1p1ch1pichi    
|uhtml|bestof|Game 1 of a best-of-3
|t:|1784992512
|gametype|doubles
|player|p1|s!dd_1|flannery-gen6|1506
|player|p2|p1ch1pichi|n|1247
|gen|9
|tier|[Gen 9 Champions] VGC 2026 Reg M-B (Bo3)
|rated|
|rule|Species Clause: Limit one of each Pokémon
|rule|Item Clause: Limit 1 of each item
|clearpoke
|poke|p1|Raichu, L50, M|
|poke|p1|Mamoswine, L50, M|
|poke|p1|Maushold, L50|
|poke|p1|Sylveon, L50, M|
|poke|p1|Arcanine-Hisui, L50, F|
|poke|p1|Meowscarada, L50, F|
|poke|p2|Blastoise, L50, M, shiny|
|poke|p2|Delphox, L50, M|
|poke|p2|Sneasler, L50, F|
|poke|p2|Incineroar, L50, M|
|poke|p2|Sinistcha, L50|
|poke|p2|Kingambit, L50, F|
|teampreview|4
|showteam|p1|Raichu||RaichuniteY|LightningRod|ZapCannon,FocusBlast,FakeOut,Protect|Timid||M|||50|]Mamoswine||LifeOrb|Oblivious|HighHorsepower,IcicleCrash,IceShard,Protect|Adamant||M|||50|]Maushold||FocusSash|FriendGuard|SuperFang,AfterYou,FollowMe,Protect|Timid|||||50|]Sylveon||FairyFeather|Pixilate|HyperVoice,HyperBeam,CalmMind,Detect|Modest||M|||50|]Arcanine-Hisui||WhiteHerb|Intimidate|FlareBlitz,RockSlide,ExtremeSpeed,Protect|Adamant||F|||50|]Meowscarada||ChoiceScarf|Protean|FlowerTrick,KnockOff,TripleAxel,AerialAce|Jolly||F|||50|
|showteam|p2|Blastoise||Blastoisinite|RainDish|Protect,WaterSpout,DarkPulse,ShellSmash|Modest||M|||50|]Delphox||Delphoxite|Blaze|Protect,HeatWave,Psyshock,NastyPlot|Modest||M|||50|]Sneasler||FocusSash|PoisonTouch|QuickGuard,FakeOut,PoisonJab,CloseCombat|Jolly||F|||50|]Incineroar||SitrusBerry|Intimidate|PartingShot,FakeOut,FlareBlitz,HelpingHand|Careful||M|||50|]Sinistcha||KasibBerry|Hospitality|Protect,MatchaGotcha,RagePowder,TrickRoom|Bold|||||50|]Kingambit||BlackGlasses|Defiant|Protect,KowtowCleave,SuckerPunch,SwordsDance|Adamant||F|||50|
|inactive|Battle timer is ON: inactive players will automatically lose when time's up. (requested by p1ch1pichi)
|inactive|s!dd_1 also wants the timer to be on.
|inactive|p1ch1pichi has 60 seconds left.
|
|t:|1784992555
|teamsize|p1|4
|teamsize|p2|4
|start
|switch|p1a: Grabbitz|Raichu, L50, M|100/100
|switch|p1b: Tame Impala|Sylveon, L50, M|100/100
|switch|p2a: Incineroar|Incineroar, L50, M|100/100
|switch|p2b: Delphox|Delphox, L50, M|100/100
|-ability|p2a: Incineroar|Intimidate|boost
|-unboost|p1a: Grabbitz|atk|1
|-unboost|p1b: Tame Impala|atk|1
|turn|1
|
|t:|1784992572
|switch|p1b: Skillet|Arcanine-Hisui, L50, F|100/100
|-ability|p1b: Skillet|Intimidate|boost
|-unboost|p2a: Incineroar|atk|1
|-unboost|p2b: Delphox|atk|1
|detailschange|p1a: Grabbitz|Raichu-Mega-Y, L50, M
|-mega|p1a: Grabbitz|Raichu|Raichunite Y
|detailschange|p2b: Delphox|Delphox-Mega, L50, M
|-mega|p2b: Delphox|Delphox|Delphoxite
|move|p2b: Delphox|Protect|p2b: Delphox
|-singleturn|p2b: Delphox|Protect
|move|p1a: Grabbitz|Fake Out|p2b: Delphox
|-activate|p2b: Delphox|move: Protect
|move|p2a: Incineroar|Fake Out|p1a: Grabbitz
|-damage|p1a: Grabbitz|88/100
|
|upkeep
|turn|2
|inactive|p1ch1pichi has 30 seconds left.
|
|t:|1784992602
|switch|p2b: Sinistcha|Sinistcha, L50|100/100
|move|p1a: Grabbitz|Zap Cannon|p2b: Sinistcha
|-resisted|p2b: Sinistcha|1
|-damage|p2b: Sinistcha|71/100
|-status|p2b: Sinistcha|par
|move|p1b: Skillet|Rock Slide|p2b: Sinistcha|[spread] p2a,p2b
|-supereffective|p2a: Incineroar|1
|-damage|p2a: Incineroar|46/100
|-damage|p2b: Sinistcha|47/100 par
|-enditem|p2a: Incineroar|Sitrus Berry|[eat]
|-heal|p2a: Incineroar|71/100|[from] item: Sitrus Berry
|move|p2a: Incineroar|Parting Shot|p1a: Grabbitz
|-unboost|p1a: Grabbitz|atk|1
|-unboost|p1a: Grabbitz|spa|1
|
|t:|1784992616
|switch|p2a: Delphox|Delphox-Mega, L50, M|100/100|[from] Parting Shot
|
|upkeep
|turn|3
|j| mynamegrassgreen
|
|t:|1784992632
|move|p2b: Sinistcha|Rage Powder|p2b: Sinistcha
|-singleturn|p2b: Sinistcha|move: Rage Powder
|move|p1a: Grabbitz|Zap Cannon|p2b: Sinistcha
|-resisted|p2b: Sinistcha|1
|-damage|p2b: Sinistcha|29/100 par
|move|p2a: Delphox|Nasty Plot|p2a: Delphox
|-boost|p2a: Delphox|spa|2
|move|p1b: Skillet|Rock Slide|p2a: Delphox|[spread] p2a,p2b
|-supereffective|p2a: Delphox|1
|-damage|p2a: Delphox|30/100
|-damage|p2b: Sinistcha|3/100 par
|
|upkeep
|turn|4
|inactive|p1ch1pichi has 30 seconds left.
|
|t:|1784992657
|switch|p2b: Incineroar|Incineroar, L50, M|71/100
|-ability|p2b: Incineroar|Intimidate|boost
|-unboost|p1a: Grabbitz|atk|1
|-unboost|p1b: Skillet|atk|1
|-enditem|p1b: Skillet|White Herb
|-clearnegativeboost|p1b: Skillet|[silent]
|move|p2a: Delphox|Protect|p2a: Delphox
|-singleturn|p2a: Delphox|Protect
|move|p1b: Skillet|Extreme Speed|p2a: Delphox
|-activate|p2a: Delphox|move: Protect
|move|p1a: Grabbitz|Zap Cannon|p2b: Incineroar
|-damage|p2b: Incineroar|34/100
|-status|p2b: Incineroar|par
|
|upkeep
|turn|5
|inactive|p1ch1pichi has 30 seconds left.
|
|t:|1784992684
|cant|p2b: Incineroar|par
|move|p1b: Skillet|Extreme Speed|p2a: Delphox
|-damage|p2a: Delphox|0 fnt
|faint|p2a: Delphox
|move|p1a: Grabbitz|Zap Cannon|p2b: Incineroar
|-damage|p2b: Incineroar|0 fnt
|faint|p2b: Incineroar
|
|upkeep
|
|t:|1784992694
|switch|p2a: Sneasler|Sneasler, L50, F|100/100
|switch|p2b: Sinistcha|Sinistcha, L50|3/100 par
|turn|6
|
|t:|1784992707
|switch|p1a: Tame Impala|Sylveon, L50, M|100/100
|move|p1b: Skillet|Extreme Speed|p2a: Sneasler
|-damage|p2a: Sneasler|50/100g
|move|p2b: Sinistcha|Rage Powder|p2b: Sinistcha
|-singleturn|p2b: Sinistcha|move: Rage Powder
|move|p2a: Sneasler|Close Combat|p1b: Skillet
|-supereffective|p1b: Skillet|1
|-damage|p1b: Skillet|0 fnt
|-unboost|p2a: Sneasler|def|1
|-unboost|p2a: Sneasler|spd|1
|faint|p1b: Skillet
|
|upkeep
|
|t:|1784992717
|switch|p1b: Grabbitz|Raichu-Mega-Y, L50, M|88/100
|turn|7
|
|t:|1784992726
|move|p1b: Grabbitz|Fake Out|p2a: Sneasler
|-damage|p2a: Sneasler|30/100
|cant|p2a: Sneasler|flinch
|move|p1a: Tame Impala|Hyper Voice|p2a: Sneasler|[spread] p2a,p2b
|-crit|p2a: Sneasler
|-damage|p2a: Sneasler|0 fnt
|-damage|p2b: Sinistcha|0 fnt
|faint|p2a: Sneasler
|faint|p2b: Sinistcha
|
|win|s!dd_1
||p1ch1pichi is ready for game 2.
|inactive|s!dd_1 has 30 seconds to confirm battle start!
||s!dd_1 is ready for game 2.
|uhtml|next|Next: Game 2 of 3
|l| mynamegrassgreen
