|j|☆andiom123
|j|☆FotiniP
|html|andiom123FotiniP    
|uhtml|bestof|Game 2 of a best-of-3
|t:|1783186282
|gametype|doubles
|player|p1|andiom123|red|1122
|player|p2|FotiniP|102|1164
|gen|9
|tier|[Gen 9 Champions] VGC 2026 Reg M-B (Bo3)
|rated|
|rule|Species Clause: Limit one of each Pokémon
|rule|Item Clause: Limit 1 of each item
|clearpoke
|poke|p1|Incineroar, L50, F|
|poke|p1|Farigiraf, L50, M|
|poke|p1|Sylveon, L50, F|
|poke|p1|Torkoal, L50, F|
|poke|p1|Kangaskhan, L50, F|
|poke|p1|Mawile, L50, M|
|poke|p2|Farigiraf, L50, M|
|poke|p2|Charizard, L50, F|
|poke|p2|Incineroar, L50, M|
|poke|p2|Venusaur, L50, M, shiny|
|poke|p2|Garchomp, L50, M|
|poke|p2|Basculegion, L50, M, shiny|
|teampreview|4
|showteam|p1|Incineroar||MuscleBand|Intimidate|ThroatChop,FlareBlitz,FakeOut,PartingShot|Brave||F|||50|]Farigiraf||SitrusBerry|ArmorTail|FoulPlay,PsychicNoise,TrickRoom,HelpingHand|Relaxed||M|||50|]Sylveon||LifeOrb|Pixilate|HyperVoice,HyperBeam,QuickAttack,Detect|Modest||F|||50|]Torkoal||Charcoal|Drought|Eruption,EarthPower,Flamethrower,Protect|Quiet||F|||50|]Kangaskhan||Kangaskhanite|Scrappy|DoubleEdge,FakeOut,IcePunch,HammerArm|Brave||F|||50|]Mawile||Mawilite|HyperCutter|RockSlide,PlayRough,SuckerPunch,Protect|Brave||M|||50|
|showteam|p2|Farigiraf||ColburBerry|ArmorTail|Psychic,Thunderbolt,Protect,TrickRoom|Modest||M|||50|]Charizard||CharizarditeY|Blaze|HeatWave,WeatherBall,SolarBeam,Protect|Modest||F|||50|]Incineroar||SitrusBerry|Intimidate|FlareBlitz,DarkestLariat,PartingShot,FakeOut|Careful||M|||50|]Venusaur||FocusSash|Chlorophyll|LeafStorm,SludgeBomb,SleepPowder,Protect|Modest||M|||50|]Garchomp||LifeOrb|RoughSkin|RockSlide,DragonClaw,Earthquake,Protect|Adamant||M|||50|]Basculegion||ChoiceScarf|Adaptability|AquaJet,LastRespects,WaveCrash,FlipTurn|Jolly||M|||50|
|inactive|Battle timer is ON: inactive players will automatically lose when time's up. (requested by FotiniP)
|inactive|FotiniP has 60 seconds left.
|
|t:|1783186327
|teamsize|p1|4
|teamsize|p2|4
|start
|switch|p1a: Kangaskhan|Kangaskhan, L50, F|100/100
|switch|p1b: Incineroar|Incineroar, L50, F|100/100
|switch|p2a: Charizard|Charizard, L50, F|100/100
|switch|p2b: Venusaur|Venusaur, L50, M, shiny|100/100
|-ability|p1b: Incineroar|Intimidate|boost
|-unboost|p2a: Charizard|atk|1
|-unboost|p2b: Venusaur|atk|1
|turn|1
|inactive|andiom123 has 30 seconds left.
|
|t:|1783186352
|detailschange|p1a: Kangaskhan|Kangaskhan-Mega, L50, F
|-mega|p1a: Kangaskhan|Kangaskhan|Kangaskhanite
|move|p2b: Venusaur|Protect|p2b: Venusaur
|-singleturn|p2b: Venusaur|Protect
|move|p2a: Charizard|Protect|p2a: Charizard
|-singleturn|p2a: Charizard|Protect
|move|p1b: Incineroar|Fake Out|p2a: Charizard
|-activate|p2a: Charizard|move: Protect
|move|p1a: Kangaskhan|Double-Edge|p2b: Venusaur
|-activate|p2b: Venusaur|move: Protect
|
|upkeep
|turn|2
|
|t:|1783186372
|detailschange|p2a: Charizard|Charizard-Mega-Y, L50, F
|-mega|p2a: Charizard|Charizard|Charizardite Y
|-weather|SunnyDay|[from] ability: Drought|[of] p2a: Charizard
|move|p2b: Venusaur|Sleep Powder|p1b: Incineroar
|-status|p1b: Incineroar|slp|[from] move: Sleep Powder
|move|p2a: Charizard|Heat Wave|p1b: Incineroar|[spread] p1a,p1b
|-resisted|p1b: Incineroar|1
|-damage|p1a: Kangaskhan|40/100
|-damage|p1b: Incineroar|66/100 slp
|move|p1a: Kangaskhan|Double-Edge|p2b: Venusaur
|-damage|p2b: Venusaur|15/100
|-damage|p2b: Venusaur|0 fnt
|faint|p2b: Venusaur
|-hitcount|p2: Venusaur|2
|-damage|p1a: Kangaskhan|15/100|[from] Recoil
|cant|p1b: Incineroar|slp
|
|-weather|SunnyDay|[upkeep]
|upkeep
|
|t:|1783186383
|switch|p2b: Incineroar|Incineroar, L50, M|100/100
|-ability|p2b: Incineroar|Intimidate|boost
|-unboost|p1a: Kangaskhan|atk|1
|-unboost|p1b: Incineroar|atk|1
|turn|3
|
|t:|1783186403
|move|p2b: Incineroar|Fake Out|p1a: Kangaskhan
|-damage|p1a: Kangaskhan|6/100
|move|p2a: Charizard|Heat Wave|p1b: Incineroar|[spread] p1a,p1b
|-resisted|p1b: Incineroar|1
|-damage|p1a: Kangaskhan|0 fnt
|-damage|p1b: Incineroar|32/100 slp
|faint|p1a: Kangaskhan
|-curestatus|p1b: Incineroar|slp|[msg]
|move|p1b: Incineroar|Parting Shot|p2a: Charizard
|-unboost|p2a: Charizard|atk|1
|-unboost|p2a: Charizard|spa|1
|
|t:|1783186419
|switch|p1b: Farigiraf|Farigiraf, L50, M|100/100|[from] Parting Shot
|
|-weather|SunnyDay|[upkeep]
|upkeep
|
|t:|1783186423
|switch|p1a: Incineroar|Incineroar, L50, F|32/100
|-ability|p1a: Incineroar|Intimidate|boost
|-unboost|p2a: Charizard|atk|1
|-unboost|p2b: Incineroar|atk|1
|turn|4
|
|t:|1783186452
|move|p2a: Charizard|Weather Ball|p1b: Farigiraf
|-damage|p1b: Farigiraf|32/100
|-enditem|p1b: Farigiraf|Sitrus Berry|[eat]
|-heal|p1b: Farigiraf|57/100|[from] item: Sitrus Berry
|move|p2b: Incineroar|Darkest Lariat|p1b: Farigiraf
|-supereffective|p1b: Farigiraf|1
|-damage|p1b: Farigiraf|20/100y
|move|p1a: Incineroar|Throat Chop|p2b: Incineroar
|-resisted|p2b: Incineroar|1
|-damage|p2b: Incineroar|79/100
|-start|p2b: Incineroar|Throat Chop|[silent]
|move|p1b: Farigiraf|Trick Room|p1b: Farigiraf
|-fieldstart|move: Trick Room|[of] p1b: Farigiraf
|
|-weather|SunnyDay|[upkeep]
|upkeep
|turn|5
|inactive|andiom123 has 30 seconds left.
|
|t:|1783186477
|move|p1b: Farigiraf|Helping Hand|p1a: Incineroar
|-singleturn|p1a: Incineroar|Helping Hand|[of] p1b: Farigiraf
|move|p1a: Incineroar|Flare Blitz|p2b: Incineroar
|-resisted|p2b: Incineroar|1
|-damage|p2b: Incineroar|10/100
|-enditem|p2b: Incineroar|Sitrus Berry|[eat]
|-heal|p2b: Incineroar|35/100|[from] item: Sitrus Berry
|-damage|p1a: Incineroar|9/100|[from] Recoil
|move|p2b: Incineroar|Darkest Lariat|p1b: Farigiraf
|-supereffective|p1b: Farigiraf|1
|-damage|p1b: Farigiraf|0 fnt
|faint|p1b: Farigiraf
|move|p2a: Charizard|Heat Wave|p1a: Incineroar
|-resisted|p1a: Incineroar|1
|-damage|p1a: Incineroar|0 fnt
|faint|p1a: Incineroar
|
|-weather|SunnyDay|[upkeep]
|-end|p2b: Incineroar|Throat Chop|[silent]
|upkeep
|
|t:|1783186499
|switch|p1b: Sylveon|Sylveon, L50, F|100/100
|turn|6
|
|t:|1783186508
|move|p1b: Sylveon|Hyper Voice|p2b: Incineroar|[spread] p2a,p2b
|-resisted|p2a: Charizard|1
|-damage|p2a: Charizard|73/100
|-damage|p2b: Incineroar|0 fnt
|faint|p2b: Incineroar
|-damage|p1b: Sylveon|90/100|[from] item: Life Orb
|move|p2a: Charizard|Solar Beam||[still]
|-prepare|p2a: Charizard|Solar Beam
|-anim|p2a: Charizard|Solar Beam|p1b: Sylveon
|-damage|p1b: Sylveon|61/100
|
|-weather|none
|upkeep
|
|t:|1783186517
|switch|p2b: Garchomp|Garchomp, L50, M|100/100
|turn|7
|
|t:|1783186527
|move|p1b: Sylveon|Hyper Voice|p2a: Charizard|[spread] p2a,p2b
|-resisted|p2a: Charizard|1
|-supereffective|p2b: Garchomp|1
|-damage|p2a: Charizard|50/100y
|-damage|p2b: Garchomp|3/100
|-damage|p1b: Sylveon|52/100|[from] item: Life Orb
|move|p2a: Charizard|Heat Wave|p1b: Sylveon
|-damage|p1b: Sylveon|23/100
|move|p2b: Garchomp|Earthquake|p1b: Sylveon|[spread] p1b
|-immune|p2a: Charizard
|-damage|p1b: Sylveon|0 fnt
|faint|p1b: Sylveon
|-damage|p2b: Garchomp|0 fnt|[from] item: Life Orb
|faint|p2b: Garchomp
|
|win|FotiniP
|raw|andiom123's rating: 1122 → 1100(-22 for losing)
|raw|FotiniP's rating: 1164 → 1186(+22 for winning)
|l|☆FotiniP
|player|p2|
