|j|☆FreezyPop439
|j|☆pom123123123
|html|FreezyPop439pom123123123    
|uhtml|bestof|Game 2 of a best-of-3
|t:|1782383827
|gametype|doubles
|player|p1|FreezyPop439|collector|1342
|player|p2|pom123123123|wattson|1255
|gen|9
|tier|[Gen 9 Champions] VGC 2026 Reg M-B (Bo3)
|rated|
|rule|Species Clause: Limit one of each Pokémon
|rule|Item Clause: Limit 1 of each item
|clearpoke
|poke|p1|Garchomp, L50, M|
|poke|p1|Staraptor, L50, M|
|poke|p1|Grimmsnarl, L50, M|
|poke|p1|Gholdengo, L50|
|poke|p1|Maushold-Four, L50|
|poke|p1|Volcarona, L50, F|
|poke|p2|Dragalge, L50, M|
|poke|p2|Sinistcha, L50|
|poke|p2|Incineroar, L50, F|
|poke|p2|Rotom-Wash, L50|
|poke|p2|Pelipper, L50, F|
|poke|p2|Swampert, L50, M|
|teampreview|4
|showteam|p1|Garchomp||LifeOrb|RoughSkin|Earthquake,DragonClaw,RockSlide,Protect|Jolly||M|||50|]Staraptor||Staraptite|Intimidate|BraveBird,CloseCombat,Roost,Protect|Jolly||M|||50|]Grimmsnarl||LightClay|Prankster|SpiritBreak,LightScreen,Reflect,PartingShot|Careful||M|||50|]Gholdengo||MetalCoat|GoodasGold|MakeItRain,ShadowBall,NastyPlot,Protect|Modest|||||50|]Maushold-Four||FocusSash|FriendGuard|FollowMe,Charm,SuperFang,Protect|Jolly|||||50|]Volcarona||ChartiBerry|FlameBody|HeatWave,StruggleBug,RagePowder,Tailwind|Timid||F|||50|
|showteam|p2|Dragalge||Dragalgite|Adaptability|SludgeBomb,DracoMeteor,Haze,Protect|Quiet||M|||50|]Sinistcha||KasibBerry|Hospitality|MatchaGotcha,RagePowder,TrickRoom,Protect|Relaxed|||||50|]Incineroar||ShucaBerry|Intimidate|FlareBlitz,DarkestLariat,PartingShot,FakeOut|Impish||F|||50|]Rotom-Wash||SitrusBerry|Levitate|Thunder,HydroPump,WillOWisp,Protect|Modest|||||50|]Pelipper||FocusSash|Drizzle|WeatherBall,Hurricane,Tailwind,Protect|Modest||F|||50|]Swampert||Swampertite|Torrent|Earthquake,WaveCrash,IcePunch,Protect|Adamant||M|||50|
|inactive|Battle timer is ON: inactive players will automatically lose when time's up. (requested by pom123123123)
|
|t:|1782383855
|teamsize|p1|4
|teamsize|p2|4
|start
|switch|p1a: Staraptor|Staraptor, L50, M|100/100
|switch|p1b: Maushold|Maushold-Four, L50|100/100
|switch|p2a: Miso|Incineroar, L50, F|100/100
|switch|p2b: Lawine|Pelipper, L50, F|100/100
|-ability|p1a: Staraptor|Intimidate|boost
|-unboost|p2a: Miso|atk|1
|-unboost|p2b: Lawine|atk|1
|-weather|RainDance|[from] ability: Drizzle|[of] p2b: Lawine
|-ability|p2a: Miso|Intimidate|boost
|-unboost|p1a: Staraptor|atk|1
|-unboost|p1b: Maushold|atk|1
|turn|1
|
|t:|1782383862
|switch|p1a: Gholdengo|Gholdengo, L50|100/100
|move|p1b: Maushold|Protect|p1b: Maushold
|-singleturn|p1b: Maushold|Protect
|move|p2a: Miso|Fake Out|p1b: Maushold
|-activate|p1b: Maushold|move: Protect
|move|p2b: Lawine|Tailwind|p2b: Lawine
|-sidestart|p2: pom123123123|move: Tailwind
|
|-weather|RainDance|[upkeep]
|upkeep
|turn|2
|inactive|FreezyPop439 has 30 seconds left.
|inactive|FreezyPop439 has 20 seconds left.
|inactive|FreezyPop439 has 15 seconds left.
|
|t:|1782383904
|move|p1b: Maushold|Follow Me|p1b: Maushold
|-singleturn|p1b: Maushold|move: Follow Me
|move|p2b: Lawine|Weather Ball|p1b: Maushold
|-damage|p1b: Maushold|8/100
|move|p2a: Miso|Darkest Lariat|p1b: Maushold
|-damage|p1b: Maushold|0 fnt
|faint|p1b: Maushold
|move|p1a: Gholdengo|Nasty Plot|p1a: Gholdengo
|-boost|p1a: Gholdengo|spa|2
|
|-weather|RainDance|[upkeep]
|upkeep
|
|t:|1782383914
|switch|p1b: Staraptor|Staraptor, L50, M|100/100
|-ability|p1b: Staraptor|Intimidate|boost
|-unboost|p2a: Miso|atk|1
|-unboost|p2b: Lawine|atk|1
|turn|3
|
|t:|1782383933
|detailschange|p1b: Staraptor|Staraptor-Mega, L50, M
|-mega|p1b: Staraptor|Staraptor|Staraptite
|move|p1b: Staraptor|Protect|p1b: Staraptor
|-singleturn|p1b: Staraptor|Protect
|move|p1a: Gholdengo|Protect|p1a: Gholdengo
|-singleturn|p1a: Gholdengo|Protect
|move|p2b: Lawine|Hurricane|p1b: Staraptor
|-activate|p1b: Staraptor|move: Protect
|move|p2a: Miso|Darkest Lariat|p1a: Gholdengo
|-activate|p1a: Gholdengo|move: Protect
|
|-weather|RainDance|[upkeep]
|upkeep
|turn|4
|
|t:|1782383954
|move|p2b: Lawine|Weather Ball|p1a: Gholdengo
|-damage|p1a: Gholdengo|31/100
|move|p1b: Staraptor|Close Combat|p2b: Lawine
|-resisted|p2b: Lawine|1
|-crit|p2b: Lawine
|-damage|p2b: Lawine|43/100
|-boost|p1b: Staraptor|def|1
|-boost|p1b: Staraptor|spd|1
|move|p2a: Miso|Darkest Lariat|p1a: Gholdengo
|-supereffective|p1a: Gholdengo|1
|-damage|p1a: Gholdengo|0 fnt
|faint|p1a: Gholdengo
|
|-weather|RainDance|[upkeep]
|-sideend|p2: pom123123123|move: Tailwind
|upkeep
|
|t:|1782383964
|switch|p1a: Garchomp|Garchomp, L50, M|100/100
|turn|5
|
|t:|1782383979
|switch|p2b: Sashimi|Swampert, L50, M|100/100
|move|p1b: Staraptor|Close Combat|p2a: Miso
|-supereffective|p2a: Miso|1
|-damage|p2a: Miso|17/100
|-boost|p1b: Staraptor|def|1
|-boost|p1b: Staraptor|spd|1
|move|p1a: Garchomp|Rock Slide|p2a: Miso|[spread] p2b
|-miss|p1a: Garchomp|p2a: Miso
|-resisted|p2b: Sashimi|1
|-damage|p2b: Sashimi|86/100
|-damage|p1a: Garchomp|90/100|[from] item: Life Orb
|move|p2a: Miso|Parting Shot|p1a: Garchomp
|-unboost|p1a: Garchomp|atk|1
|-unboost|p1a: Garchomp|spa|1
|
|t:|1782383991
|switch|p2a: Rotom|Rotom-Wash, L50|100/100|[from] Parting Shot
|
|-weather|none
|upkeep
|turn|6
|inactive|FreezyPop439 has 30 seconds left.
|inactive|pom123123123 has 30 seconds left.
|
|t:|1782384023
|detailschange|p2b: Sashimi|Swampert-Mega, L50, M
|-mega|p2b: Sashimi|Swampert|Swampertite
|move|p1b: Staraptor|Close Combat|p2a: Rotom
|-damage|p2a: Rotom|40/100
|-boost|p1b: Staraptor|def|1
|-boost|p1b: Staraptor|spd|1
|-enditem|p2a: Rotom|Sitrus Berry|[eat]
|-heal|p2a: Rotom|65/100|[from] item: Sitrus Berry
|move|p1a: Garchomp|Rock Slide|p2b: Sashimi|[spread] p2a,p2b
|-resisted|p2b: Sashimi|1
|-damage|p2a: Rotom|48/100
|-damage|p2b: Sashimi|79/100
|-damage|p1a: Garchomp|80/100|[from] item: Life Orb
|move|p2b: Sashimi|Ice Punch|p1a: Garchomp
|-supereffective|p1a: Garchomp|2
|-damage|p1a: Garchomp|0 fnt
|-damage|p2b: Sashimi|67/100|[from] ability: Rough Skin|[of] p1a: Garchomp
|faint|p1a: Garchomp
|move|p2a: Rotom|Will-O-Wisp|p1b: Staraptor
|-status|p1b: Staraptor|brn
|
|-damage|p1b: Staraptor|93/100 brn|[from] brn
|upkeep
|turn|7
|inactive|pom123123123 has 30 seconds left.
|
|t:|1782384056
|switch|p2a: Lawine|Pelipper, L50, F|43/100
|-weather|RainDance|[from] ability: Drizzle|[of] p2a: Lawine
|move|p2b: Sashimi|Wave Crash|p1b: Staraptor
|-damage|p1b: Staraptor|46/100 brn
|-damage|p2b: Sashimi|52/100|[from] Recoil
|move|p1b: Staraptor|Close Combat|p2a: Lawine
|-resisted|p2a: Lawine|1
|-damage|p2a: Lawine|25/100
|-boost|p1b: Staraptor|def|1
|-boost|p1b: Staraptor|spd|1
|
|-weather|RainDance|[upkeep]
|-damage|p1b: Staraptor|40/100 brn|[from] brn
|upkeep
|turn|8
|
|t:|1782384070
|move|p2b: Sashimi|Wave Crash|p1b: Staraptor
|-damage|p1b: Staraptor|3/100 brn
|-damage|p2b: Sashimi|40/100|[from] Recoil
|move|p1b: Staraptor|Roost|p1b: Staraptor
|-heal|p1b: Staraptor|53/100 brn
|-singleturn|p1b: Staraptor|move: Roost
|move|p2a: Lawine|Tailwind|p2a: Lawine
|-sidestart|p2: pom123123123|move: Tailwind
|
|-weather|RainDance|[upkeep]
|-damage|p1b: Staraptor|47/100 brn|[from] brn
|upkeep
|turn|9
|
|t:|1782384081
|move|p2b: Sashimi|Wave Crash|p1b: Staraptor
|-damage|p1b: Staraptor|5/100 brn
|-damage|p2b: Sashimi|26/100|[from] Recoil
|move|p2a: Lawine|Hurricane|p1b: Staraptor
|-supereffective|p1b: Staraptor|1
|-damage|p1b: Staraptor|0 fnt
|faint|p1b: Staraptor
|
|win|pom123123123
|raw|FreezyPop439's rating: 1342 → 1317(-25 for losing)
|raw|pom123123123's rating: 1255 → 1286(+31 for winning)
