|j|☆Kojay
|j|☆Forcho
|html|KojayForcho    
|uhtml|bestof|Game 2 of a best-of-3
|t:|1782570820
|gametype|doubles
|player|p1|Kojay|drayton|
|player|p2|Forcho|265|
|gen|9
|tier|[Gen 9 Champions] VGC 2026 Reg M-B (Bo3)
|rule|Species Clause: Limit one of each Pokémon
|rule|Item Clause: Limit 1 of each item
|clearpoke
|poke|p1|Mawile, L50, M|
|poke|p1|Garchomp, L50, F|
|poke|p1|Farigiraf, L50, M|
|poke|p1|Venusaur, L50, F|
|poke|p1|Charizard, L50, F|
|poke|p1|Incineroar, L50, F|
|poke|p2|Archaludon, L50, M|
|poke|p2|Swampert, L50, F|
|poke|p2|Maushold-Four, L50|
|poke|p2|Gholdengo, L50|
|poke|p2|Venusaur, L50, F|
|poke|p2|Pelipper, L50, M|
|teampreview|4
|showteam|p1|Mawile||Mawilite|Intimidate|IronHead,PlayRough,SuckerPunch,Protect|Brave||M|||50|]Garchomp||ChoiceScarf|RoughSkin|Earthquake,DragonClaw,StompingTantrum,RockSlide|Adamant||F|||50|]Farigiraf||SitrusBerry|ArmorTail|HelpingHand,TrickRoom,Psychic,Protect|Calm||M|||50|]Venusaur||FocusSash|Chlorophyll|SleepPowder,EarthPower,SludgeBomb,Protect|Timid||F|||50|]Charizard||CharizarditeY|Blaze|WeatherBall,HeatWave,SolarBeam,Protect|Modest||F|||50|]Incineroar||PasshoBerry|Intimidate|FlareBlitz,ThroatChop,PartingShot,FakeOut|Adamant||F|||50|
|showteam|p2|Archaludon||Leftovers|Stamina|Protect,ElectroShot,DragonPulse,FlashCannon|Modest||M|||50|]Swampert||Swampertite|Torrent|Protect,IcePunch,HighHorsepower,WaveCrash|Adamant||F|||50|]Maushold-Four||FocusSash|FriendGuard|Protect,FollowMe,SuperFang,RainDance|Jolly|||||50|]Gholdengo||LifeOrb|GoodasGold|Protect,NastyPlot,MakeItRain,ShadowBall|Timid|||||50|]Venusaur||Venusaurite|Chlorophyll|Protect,SludgeBomb,GigaDrain,EarthPower|Modest||F|||50|]Pelipper||SitrusBerry|Drizzle|Hurricane,WeatherBall,WideGuard,Tailwind|Bold||M|||50|
|j| blindfishptsd
|j| BouncyJoltik
|j| x-0 EUIC
|j| DutchTurtleVGC
|j| Carneyasada
|
|t:|1782570854
|teamsize|p1|4
|teamsize|p2|4
|start
|switch|p1a: Venusaur|Venusaur, L50, F|100/100
|switch|p1b: Charizard|Charizard, L50, F|100/100
|switch|p2a: Venusaur|Venusaur, L50, F|100/100
|switch|p2b: Maushold|Maushold-Four, L50|100/100
|turn|1
|j| A Regu1ar Guy
|inactive|Battle timer is ON: inactive players will automatically lose when time's up. (requested by Forcho)
|
|t:|1782570871
|detailschange|p2a: Venusaur|Venusaur-Mega, L50, F
|-mega|p2a: Venusaur|Venusaur|Venusaurite
|move|p1b: Charizard|Protect|p1b: Charizard
|-singleturn|p1b: Charizard|Protect
|move|p1a: Venusaur|Protect|p1a: Venusaur
|-singleturn|p1a: Venusaur|Protect
|move|p2b: Maushold|Super Fang|p1a: Venusaur
|-activate|p1a: Venusaur|move: Protect
|move|p2a: Venusaur|Sludge Bomb|p1a: Venusaur
|-activate|p1a: Venusaur|move: Protect
|
|upkeep
|turn|2
|j| argentinateraghost
|inactive|Kojay has 30 seconds left.
|inactive|Forcho has 30 seconds left.
|inactive|Forcho has 20 seconds left.
|inactive|Kojay has 20 seconds left.
|j| ryanogiggs11
|
|t:|1782570915
|switch|p1a: Incineroar|Incineroar, L50, F|100/100
|-ability|p1a: Incineroar|Intimidate|boost
|-unboost|p2a: Venusaur|atk|1
|-unboost|p2b: Maushold|atk|1
|move|p2b: Maushold|Super Fang|p1b: Charizard
|-damage|p1b: Charizard|50/100y
|move|p1b: Charizard|Heat Wave|p2b: Maushold|[spread] p2a,p2b
|-supereffective|p2a: Venusaur|1
|-damage|p2a: Venusaur|83/100
|-damage|p2b: Maushold|64/100
|move|p2a: Venusaur|Sludge Bomb|p1b: Charizard
|-damage|p1b: Charizard|0 fnt
|faint|p1b: Charizard
|
|upkeep
|j| Gurrasnurra5
|j| PaniniWeenie
|inactive|Kojay has 30 seconds left.
|inactive|Kojay has 20 seconds left.
|
|t:|1782570954
|switch|p1b: Garchomp|Garchomp, L50, F|100/100
|turn|3
|j| ParlayPrinceWins
|
|t:|1782570967
|switch|p1a: Venusaur|Venusaur, L50, F|100/100
|move|p2b: Maushold|Protect|p2b: Maushold
|-singleturn|p2b: Maushold|Protect
|move|p2a: Venusaur|Protect|p2a: Venusaur
|-singleturn|p2a: Venusaur|Protect
|move|p1b: Garchomp|Stomping Tantrum|p2b: Maushold
|-activate|p2b: Maushold|move: Protect
|
|upkeep
|turn|4
|inactive|Forcho has 30 seconds left.
|l| blindfishptsd
|
|t:|1782570993
|move|p1b: Garchomp|Stomping Tantrum|p2b: Maushold
|-damage|p2b: Maushold|7/100
|move|p2b: Maushold|Super Fang|p1a: Venusaur
|-damage|p1a: Venusaur|50/100g
|move|p1a: Venusaur|Sleep Powder|p2b: Maushold
|-status|p2b: Maushold|slp|[from] move: Sleep Powder
|move|p2a: Venusaur|Sludge Bomb|p1a: Venusaur
|-damage|p1a: Venusaur|3/100
|
|upkeep
|turn|5
|j| pls be kind to me
|
|t:|1782571012
|move|p2a: Venusaur|Protect|p2a: Venusaur
|-singleturn|p2a: Venusaur|Protect
|move|p1b: Garchomp|Stomping Tantrum|p2b: Maushold
|-damage|p2b: Maushold|0 fnt
|faint|p2b: Maushold
|move|p1a: Venusaur|Sludge Bomb|p2a: Venusaur
|-activate|p2a: Venusaur|move: Protect
|
|upkeep
|
|t:|1782571021
|switch|p2b: Pelipper|Pelipper, L50, M|100/100
|-weather|RainDance|[from] ability: Drizzle|[of] p2b: Pelipper
|turn|6
|l| pls be kind to me
|
|t:|1782571043
|move|p1b: Garchomp|Stomping Tantrum|p2a: Venusaur
|-damage|p2a: Venusaur|52/100
|move|p1a: Venusaur|Sleep Powder|p2b: Pelipper
|-status|p2b: Pelipper|slp|[from] move: Sleep Powder
|move|p2a: Venusaur|Earth Power|p1a: Venusaur
|-damage|p1a: Venusaur|0 fnt
|faint|p1a: Venusaur
|cant|p2b: Pelipper|slp
|
|-weather|RainDance|[upkeep]
|upkeep
|l| PaniniWeenie
|
|t:|1782571049
|switch|p1a: Incineroar|Incineroar, L50, F|100/100
|-ability|p1a: Incineroar|Intimidate|boost
|-unboost|p2a: Venusaur|atk|1
|-unboost|p2b: Pelipper|atk|1
|turn|7
|j| Yoshiandlugia
|
|t:|1782571064
|switch|p2b: Archaludon|Archaludon, L50, M|100/100
|move|p2a: Venusaur|Protect|p2a: Venusaur
|-singleturn|p2a: Venusaur|Protect
|move|p1b: Garchomp|Stomping Tantrum|p2b: Archaludon
|-supereffective|p2b: Archaludon|1
|-damage|p2b: Archaludon|44/100
|-ability|p2b: Archaludon|Stamina|boost
|-boost|p2b: Archaludon|def|1
|move|p1a: Incineroar|Throat Chop|p2b: Archaludon
|-damage|p2b: Archaludon|25/100
|-start|p2b: Archaludon|Throat Chop|[silent]
|-ability|p2b: Archaludon|Stamina|boost
|-boost|p2b: Archaludon|def|1
|
|-weather|RainDance|[upkeep]
|-heal|p2b: Archaludon|31/100|[from] item: Leftovers
|upkeep
|turn|8
|j| pls be kind to me
|inactive|Kojay has 30 seconds left.
|
|t:|1782571094
|move|p2b: Archaludon|Protect|p2b: Archaludon
|-singleturn|p2b: Archaludon|Protect
|move|p1b: Garchomp|Stomping Tantrum|p2a: Venusaur
|-damage|p2a: Venusaur|18/100
|move|p2a: Venusaur|Giga Drain|p1b: Garchomp
|-damage|p1b: Garchomp|58/100
|-heal|p2a: Venusaur|38/100|[from] drain|[of] p1b: Garchomp
|move|p1a: Incineroar|Throat Chop|p2a: Venusaur
|-damage|p2a: Venusaur|7/100
|-start|p2a: Venusaur|Throat Chop|[silent]
|
|-weather|RainDance|[upkeep]
|-heal|p2b: Archaludon|38/100|[from] item: Leftovers
|-end|p2b: Archaludon|Throat Chop|[silent]
|upkeep
|turn|9
|j| PaniniWeenie
|
|t:|1782571118
|move|p1b: Garchomp|Stomping Tantrum|p2b: Archaludon
|-supereffective|p2b: Archaludon|1
|-damage|p2b: Archaludon|7/100
|-ability|p2b: Archaludon|Stamina|boost
|-boost|p2b: Archaludon|def|1
|move|p2a: Venusaur|Earth Power|p1a: Incineroar
|-supereffective|p1a: Incineroar|1
|-damage|p1a: Incineroar|39/100
|move|p2b: Archaludon|Dragon Pulse|p1a: Incineroar
|-damage|p1a: Incineroar|1/100
|move|p1a: Incineroar|Throat Chop|p2a: Venusaur
|-damage|p2a: Venusaur|0 fnt
|faint|p2a: Venusaur
|
|-weather|RainDance|[upkeep]
|-heal|p2b: Archaludon|13/100|[from] item: Leftovers
|upkeep
|l| Gurrasnurra5
|l| x-0 EUIC
|
|t:|1782571132
|switch|p2a: Pelipper|Pelipper, L50, M|100/100 slp
|turn|10
|
|t:|1782571139
|move|p2b: Archaludon|Protect|p2b: Archaludon
|-singleturn|p2b: Archaludon|Protect
|move|p1b: Garchomp|Stomping Tantrum|p2b: Archaludon
|-activate|p2b: Archaludon|move: Protect
|move|p1a: Incineroar|Throat Chop|p2a: Pelipper
|-damage|p2a: Pelipper|59/100 slp
|-start|p2a: Pelipper|Throat Chop|[silent]
|-curestatus|p2a: Pelipper|slp|[msg]
|move|p2a: Pelipper|Weather Ball|p1a: Incineroar
|-supereffective|p1a: Incineroar|1
|-enditem|p1a: Incineroar|Passho Berry|[eat]
|-enditem|p1a: Incineroar|Passho Berry|[weaken]
|-damage|p1a: Incineroar|0 fnt
|faint|p1a: Incineroar
|
|-weather|none
|-heal|p2b: Archaludon|19/100|[from] item: Leftovers
|upkeep
|turn|11
|
|t:|1782571153
|move|p1b: Garchomp|Stomping Tantrum|p2b: Archaludon
|-supereffective|p2b: Archaludon|1
|-damage|p2b: Archaludon|0 fnt
|faint|p2b: Archaludon
|move|p2a: Pelipper|Hurricane|p1b: Garchomp
|-damage|p1b: Garchomp|13/100
|
|-end|p2a: Pelipper|Throat Chop|[silent]
|upkeep
|turn|12
|
|t:|1782571158
|move|p1b: Garchomp|Stomping Tantrum|p2a: Pelipper
|-immune|p2a: Pelipper
|move|p2a: Pelipper|Weather Ball|p1b: Garchomp
|-damage|p1b: Garchomp|1/100
|
|upkeep
|turn|13
|
|t:|1782571162
|move|p1b: Garchomp|Stomping Tantrum|p2a: Pelipper
|-immune|p2a: Pelipper
|move|p2a: Pelipper|Weather Ball|p1b: Garchomp
|-damage|p1b: Garchomp|0 fnt
|faint|p1b: Garchomp
|
|win|Forcho
|c|☆Kojay|gg's
|l| pls be kind to me
|c|☆Forcho|Gg
|l| PaniniWeenie
|l| Yoshiandlugia
|l| Carneyasada
|l|☆Forcho
|player|p2|
|l| BouncyJoltik
|j|☆Forcho
|player|p2|Forcho|265|
|l|☆Forcho
|player|p2|
|l| argentinateraghost
|l| ryanogiggs11
|l| DutchTurtleVGC
|l| A Regu1ar Guy
|l|☆Kojay
|player|p1|
|n| ParlayPrinceWins|parlayprincewins
