|j|‽Slackermaru
|j|☆Wooperdooperpooper
|html|SlackermaruWooperdooperpooper    
|uhtml|bestof|Game 3 of a best-of-3
|t:|1754520043
|gametype|doubles
|player|p1|Slackermaru|workerice|1316
|player|p2|Wooperdooperpooper|102|1209
|gen|9
|tier|[Gen 9] VGC 2025 Reg H (Bo3)
|rated|
|rule|Species Clause: Limit one of each Pokémon
|rule|Item Clause: Limit 1 of each item
|clearpoke
|poke|p1|Porygon2, L50|
|poke|p1|Hydreigon, L50, F|
|poke|p1|Incineroar, L50, M|
|poke|p1|Garchomp, L50, F|
|poke|p1|Amoonguss, L50, F|
|poke|p1|Gholdengo, L50|
|poke|p2|Charizard, L50, F|
|poke|p2|Indeedee-F, L50, F|
|poke|p2|Ursaluna, L50, M|
|poke|p2|Torkoal, L50, F|
|poke|p2|Gallade, L50, M|
|poke|p2|Hatterene, L50, F|
|teampreview|4
|showteam|p1|Porygon2||Eviolite|Download|TeraBlast,IceBeam,TrickRoom,Recover||||||50|,,,,,Fighting]Hydreigon||SafetyGoggles|Levitate|Snarl,DracoMeteor,Tailwind,Protect|||F|||50|,,,,,Ghost]Incineroar||SitrusBerry|Intimidate|FlareBlitz,KnockOff,PartingShot,FakeOut|||M|||50|,,,,,Grass]Garchomp||LoadedDice|RoughSkin|ScaleShot,Earthquake,StompingTantrum,Protect|||F|||50|,,,,,Fire]Amoonguss||CovertCloak|Regenerator|PollenPuff,Spore,RagePowder,Protect|||F|||50|,,,,,Fire]Gholdengo||MetalCoat|GoodasGold|MakeItRain,ShadowBall,NastyPlot,Protect||||||50|,,,,,Flying
|showteam|p2|Charizard||ChoiceScarf|SolarPower|HeatWave,Overheat,WeatherBall,ScorchingSands|||F|||50|,,,,,Fire]Indeedee-F||SafetyGoggles|PsychicSurge|DazzlingGleam,FollowMe,TrickRoom,HelpingHand|||F|||50|,,,,,Fairy]Ursaluna||FlameOrb|Guts|HeadlongRush,Facade,RockSlide,Protect|||M|||50|,,,,,Dragon]Torkoal||Charcoal|Drought|Eruption,Overheat,HelpingHand,Protect|||F|||50|,,,,,Fire]Gallade||ClearAmulet|Sharpness|SacredSword,PsychoCut,TrickRoom,WideGuard|||M|||50|,,,,,Grass]Hatterene||LifeOrb|MagicBounce|ExpandingForce,DazzlingGleam,TrickRoom,Protect|||F|||50|,,,,,Water
|inactive|Battle timer is ON: inactive players will automatically lose when time's up. (requested by Wooperdooperpooper)
|
|t:|1754520050
|teamsize|p1|4
|teamsize|p2|4
|start
|switch|p1a: Incineroar|Incineroar, L50, M, shiny|100/100
|switch|p1b: Gholdengo|Gholdengo, L50|100/100
|switch|p2a: Gallade|Gallade, L50, M|100/100
|switch|p2b: Indeedee|Indeedee-F, L50, F|100/100
|-ability|p1a: Incineroar|Intimidate|boost
|-fail|p2a: Gallade|unboost|[from] item: Clear Amulet|[of] p2a: Gallade
|-unboost|p2b: Indeedee|atk|1
|-fieldstart|move: Psychic Terrain|[from] ability: Psychic Surge|[of] p2b: Indeedee
|turn|1
|
|t:|1754520064
|move|p2b: Indeedee|Follow Me|p2b: Indeedee
|-singleturn|p2b: Indeedee|move: Follow Me
|move|p1a: Incineroar|Flare Blitz|p2b: Indeedee
|-crit|p2b: Indeedee
|-damage|p2b: Indeedee|28/100
|-damage|p1a: Incineroar|79/100|[from] Recoil
|move|p1b: Gholdengo|Nasty Plot|p1b: Gholdengo
|-boost|p1b: Gholdengo|spa|2
|move|p2a: Gallade|Trick Room|p2a: Gallade
|-fieldstart|move: Trick Room|[of] p2a: Gallade
|
|upkeep
|turn|2
|
|t:|1754520085
|switch|p2b: Hatterene|Hatterene, L50, F|100/100
|switch|p1a: Amoonguss|Amoonguss, L50, F, shiny|100/100
|move|p2a: Gallade|Wide Guard|p2a: Gallade
|-singleturn|p2a: Gallade|Wide Guard
|move|p1b: Gholdengo|Shadow Ball|p2a: Gallade
|-supereffective|p2a: Gallade
|-damage|p2a: Gallade|0 fnt
|faint|p2a: Gallade
|
|upkeep
|
|t:|1754520094
|switch|p2a: Torkoal|Torkoal, L50, F|100/100
|-weather|SunnyDay|[from] ability: Drought|[of] p2a: Torkoal
|turn|3
|
|t:|1754520112
|switch|p1b: Incineroar|Incineroar, L50, M, shiny|79/100
|-ability|p1b: Incineroar|Intimidate|boost
|-unboost|p2a: Torkoal|atk|1
|-unboost|p2b: Hatterene|atk|1
|-terastallize|p2a: Torkoal|Fire
|move|p1a: Amoonguss|Protect|p1a: Amoonguss
|-singleturn|p1a: Amoonguss|Protect
|move|p2a: Torkoal|Eruption|p1b: Incineroar|[spread] p1b
|-activate|p1a: Amoonguss|move: Protect
|-resisted|p1b: Incineroar
|-damage|p1b: Incineroar|22/100
|-enditem|p1b: Incineroar|Sitrus Berry|[eat]
|-heal|p1b: Incineroar|47/100|[from] item: Sitrus Berry
|move|p2b: Hatterene|Dazzling Gleam|p1a: Amoonguss|[spread] p1b
|-activate|p1a: Amoonguss|move: Protect
|-damage|p1b: Incineroar|4/100
|-damage|p2b: Hatterene|91/100|[from] item: Life Orb
|
|-weather|SunnyDay|[upkeep]
|upkeep
|turn|4
|inactive|Slackermaru has 30 seconds left.
|inactive|Slackermaru has 20 seconds left.
|inactive|Slackermaru has 15 seconds left.
|inactive|Slackermaru has 10 seconds left.
|
|t:|1754520163
|switch|p2b: Indeedee|Indeedee-F, L50, F|28/100
|move|p2a: Torkoal|Eruption|p1b: Incineroar|[spread] p1a,p1b
|-supereffective|p1a: Amoonguss
|-resisted|p1b: Incineroar
|-damage|p1a: Amoonguss|0 fnt
|-damage|p1b: Incineroar|0 fnt
|faint|p1a: Amoonguss
|faint|p1b: Incineroar
|
|-weather|SunnyDay|[upkeep]
|upkeep
|
|t:|1754520173
|switch|p1a: Gholdengo|Gholdengo, L50|100/100
|switch|p1b: Garchomp|Garchomp, L50, F, shiny|100/100
|turn|5
|
|t:|1754520186
|move|p1a: Gholdengo|Protect|p1a: Gholdengo
|-singleturn|p1a: Gholdengo|Protect
|move|p1b: Garchomp|Protect|p1b: Garchomp
|-singleturn|p1b: Garchomp|Protect
|move|p2a: Torkoal|Overheat|p1a: Gholdengo
|-activate|p1a: Gholdengo|move: Protect
|move|p2b: Indeedee|Dazzling Gleam|p1b: Garchomp|[spread] 
|-activate|p1a: Gholdengo|move: Protect
|-activate|p1b: Garchomp|move: Protect
|
|-weather|SunnyDay|[upkeep]
|-fieldend|move: Trick Room
|-fieldend|move: Psychic Terrain
|upkeep
|turn|6
|
|t:|1754520202
|-terastallize|p1a: Gholdengo|Flying
|move|p2b: Indeedee|Follow Me|p2b: Indeedee
|-singleturn|p2b: Indeedee|move: Follow Me
|move|p1b: Garchomp|Earthquake|p2a: Torkoal|[spread] p2a,p2b
|-immune|p1a: Gholdengo
|-supereffective|p2a: Torkoal
|-damage|p2a: Torkoal|39/100
|-damage|p2b: Indeedee|0 fnt
|faint|p2b: Indeedee
|move|p1a: Gholdengo|Shadow Ball|p2a: Torkoal
|-damage|p2a: Torkoal|0 fnt
|faint|p2a: Torkoal
|
|-weather|SunnyDay|[upkeep]
|upkeep
|-message|Wooperdooperpooper forfeited.
|
|win|Slackermaru
|raw|Slackermaru's rating: 1316 → 1330(+14 for winning)
|raw|Wooperdooperpooper's rating: 1209 → 1191(-18 for losing)
|l|☆Wooperdooperpooper
|player|p2|
