|j|☆Sissazione
|j|☆Roberto492
|html|SissazioneRoberto492    
|uhtml|bestof|Game 1 of a best-of-3
|t:|1757712916
|gametype|doubles
|player|p1|Sissazione|bellelba|
|player|p2|Roberto492|102|
|gen|9
|tier|[Gen 9] VGC 2025 Reg H (Bo3)
|rule|Species Clause: Limit one of each Pokémon
|rule|Item Clause: Limit 1 of each item
|clearpoke
|poke|p1|Pelipper, L50, F|
|poke|p1|Archaludon, L50, F|
|poke|p1|Basculegion, L50, M|
|poke|p1|Toxicroak, L50, F|
|poke|p1|Incineroar, L50, F|
|poke|p1|Amoonguss, L50, F|
|poke|p2|Ursaluna-Bloodmoon, L50, M|
|poke|p2|Sneasler, L50, M|
|poke|p2|Incineroar, L50, F|
|poke|p2|Rillaboom, L50, F|
|poke|p2|Whimsicott, L50, F|
|poke|p2|Indeedee, L50, M|
|teampreview|4
|showteam|p1|Pelipper||FocusSash|Drizzle|WeatherBall,Hurricane,Tailwind,Protect|||F|||50|,,,,,Ghost]Archaludon||AssaultVest|Stamina|ElectroShot,BodyPress,DracoMeteor,FlashCannon|||F|||50|,,,,,Grass]Basculegion||ChoiceBand|SwiftSwim|WaveCrash,FlipTurn,LastRespects,AquaJet|||M|||50|,,,,,Water]Toxicroak||ClearAmulet|DrySkin|GunkShot,CloseCombat,SuckerPunch,FakeOut|||F|||50|,,,,,Dark]Incineroar||SafetyGoggles|Intimidate|FakeOut,KnockOff,Taunt,PartingShot|||F|||50|,,,,,Ghost]Amoonguss||SitrusBerry|Regenerator|PollenPuff,Spore,RagePowder,ClearSmog|||F|||50|,,,,,Water
|showteam|p2|Ursaluna-Bloodmoon||LifeOrb|MindsEye|HyperVoice,EarthPower,BloodMoon,Protect|||M|||50|,,,,,Normal]Sneasler||FocusSash|PoisonTouch|DireClaw,CloseCombat,ShadowClaw,FakeOut|||M|||50|,,,,,Stellar]Incineroar||SitrusBerry|Intimidate|KnockOff,FlareBlitz,PartingShot,FakeOut|||F|||50|,,,,,Water]Rillaboom||AssaultVest|GrassySurge|GrassyGlide,WoodHammer,FakeOut,HighHorsepower|||F|||50|,,,,,Fire]Whimsicott||CovertCloak|Prankster|Moonblast,Tailwind,Encore,HelpingHand|||F|||50|,,,,,Steel]Indeedee||ChoiceScarf|PsychicSurge|ExpandingForce,Protect,Trick,TeraBlast|||M|||50|,,,,,Psychic
|inactive|Battle timer is ON: inactive players will automatically lose when time's up. (requested by Sissazione)
|inactive|Sissazione has 60 seconds left.
|inactive|Roberto492 has 60 seconds left.
|inactive|Sissazione has 30 seconds left.
|inactive|Sissazione has 20 seconds left.
|inactive|Sissazione has 15 seconds left.
|
|t:|1757712992
|teamsize|p1|4
|teamsize|p2|4
|start
|switch|p1a: Pelipper|Pelipper, L50, F|100/100
|switch|p1b: Basculegion|Basculegion, L50, M|100/100
|switch|p2a: Ursaluna|Ursaluna-Bloodmoon, L50, M|100/100
|switch|p2b: Indeedee|Indeedee, L50, M|100/100
|-fieldstart|move: Psychic Terrain|[from] ability: Psychic Surge|[of] p2b: Indeedee
|-weather|RainDance|[from] ability: Drizzle|[of] p1a: Pelipper
|turn|1
|inactive|Sissazione has 30 seconds left.
|inactive|Roberto492 has 30 seconds left.
|inactive|Sissazione has 20 seconds left.
|inactive|Roberto492 has 20 seconds left.
|inactive|Sissazione has 15 seconds left.
|inactive|Sissazione has 10 seconds left.
|inactive|Sissazione has 5 seconds left.
|
|t:|1757713043
|switch|p2a: Rillaboom|Rillaboom, L50, F|100/100
|-fieldstart|move: Grassy Terrain|[from] ability: Grassy Surge|[of] p2a: Rillaboom
|move|p1b: Basculegion|Wave Crash|p2b: Indeedee
|-damage|p2b: Indeedee|0 fnt
|faint|p2b: Indeedee
|-damage|p1b: Basculegion|77/100|[from] Recoil
|move|p1a: Pelipper|Hurricane|p2a: Rillaboom
|-supereffective|p2a: Rillaboom
|-damage|p2a: Rillaboom|17/100
|
|-weather|RainDance|[upkeep]
|-heal|p1b: Basculegion|84/100|[from] Grassy Terrain
|-heal|p2a: Rillaboom|23/100|[from] Grassy Terrain
|upkeep
|
|t:|1757713062
|switch|p2b: Sneasler|Sneasler, L50, M|100/100
|turn|2
|inactive|Sissazione has 30 seconds left.
|inactive|Sissazione has 20 seconds left.
|inactive|Sissazione has 15 seconds left.
|inactive|Sissazione has 10 seconds left.
|inactive|Sissazione has 5 seconds left.
|
|t:|1757713115
|move|p1a: Pelipper|Protect|p1a: Pelipper
|-singleturn|p1a: Pelipper|Protect
|move|p2a: Rillaboom|Grassy Glide|p1b: Basculegion
|-supereffective|p1b: Basculegion
|-damage|p1b: Basculegion|0 fnt
|faint|p1b: Basculegion
|move|p2b: Sneasler|Shadow Claw|p1a: Pelipper
|-activate|p1a: Pelipper|move: Protect
|
|-weather|RainDance|[upkeep]
|-heal|p2a: Rillaboom|29/100|[from] Grassy Terrain
|upkeep
|
|t:|1757713139
|switch|p1b: Toxicroak|Toxicroak, L50, F|100/100
|turn|3
|inactive|Sissazione has 30 seconds left.
|inactive|Roberto492 has 30 seconds left.
|
|t:|1757713171
|move|p1b: Toxicroak|Fake Out|p2b: Sneasler
|-damage|p2b: Sneasler|79/100
|cant|p2b: Sneasler|flinch
|move|p2a: Rillaboom|High Horsepower|p1b: Toxicroak
|-supereffective|p1b: Toxicroak
|-damage|p1b: Toxicroak|7/100
|move|p1a: Pelipper|Hurricane|p2a: Rillaboom
|-supereffective|p2a: Rillaboom
|-damage|p2a: Rillaboom|0 fnt
|faint|p2a: Rillaboom
|
|-weather|RainDance|[upkeep]
|-heal|p1b: Toxicroak|20/100|[from] ability: Dry Skin
|-heal|p2b: Sneasler|85/100|[from] Grassy Terrain
|-heal|p1b: Toxicroak|26/100|[from] Grassy Terrain
|upkeep
|
|t:|1757713184
|switch|p2a: Ursaluna|Ursaluna-Bloodmoon, L50, M|100/100
|turn|4
|inactive|Roberto492 has 30 seconds left.
|inactive|Roberto492 has 20 seconds left.
|
|t:|1757713221
|-terastallize|p2a: Ursaluna|Normal
|move|p2b: Sneasler|Dire Claw|p1b: Toxicroak
|-resisted|p1b: Toxicroak
|-damage|p1b: Toxicroak|0 fnt
|faint|p1b: Toxicroak
|move|p1a: Pelipper|Hurricane|p2b: Sneasler
|-supereffective|p2b: Sneasler
|-damage|p2b: Sneasler|0 fnt
|faint|p2b: Sneasler
|move|p2a: Ursaluna|Blood Moon|p1a: Pelipper
|-enditem|p1a: Pelipper|Focus Sash
|-damage|p1a: Pelipper|1/100
|-damage|p2a: Ursaluna|91/100|[from] item: Life Orb
|
|-weather|RainDance|[upkeep]
|-heal|p2a: Ursaluna|97/100|[from] Grassy Terrain
|upkeep
|
|t:|1757713241
|switch|p1b: Amoonguss|Amoonguss, L50, F|100/100
|turn|5
|inactive|Sissazione has 30 seconds left.
|
|t:|1757713270
|move|p1a: Pelipper|Protect|p1a: Pelipper
|-singleturn|p1a: Pelipper|Protect
|move|p2a: Ursaluna|Hyper Voice|p1b: Amoonguss|[spread] p1b
|-activate|p1a: Pelipper|move: Protect
|-damage|p1b: Amoonguss|46/100
|-enditem|p1b: Amoonguss|Sitrus Berry|[eat]
|-heal|p1b: Amoonguss|71/100|[from] item: Sitrus Berry
|-damage|p2a: Ursaluna|87/100|[from] item: Life Orb
|move|p1b: Amoonguss|Spore|p2a: Ursaluna
|-status|p2a: Ursaluna|slp|[from] move: Spore
|
|-weather|none
|-heal|p2a: Ursaluna|93/100 slp|[from] Grassy Terrain
|-heal|p1b: Amoonguss|77/100|[from] Grassy Terrain
|-fieldend|move: Grassy Terrain
|upkeep
|turn|6
|inactive|Sissazione has 30 seconds left.
|
|t:|1757713295
|move|p1a: Pelipper|Hurricane|p2a: Ursaluna
|-damage|p2a: Ursaluna|38/100 slp
|cant|p2a: Ursaluna|slp
|move|p1b: Amoonguss|Pollen Puff|p1a: Pelipper
|-heal|p1a: Pelipper|51/100
|
|upkeep
|turn|7
|
|t:|1757713317
|move|p1a: Pelipper|Hurricane|p2a: Ursaluna
|-damage|p2a: Ursaluna|0 fnt
|faint|p2a: Ursaluna
|
|win|Sissazione
|l|☆Sissazione
|player|p1|
||Sissazione is ready for game 2.
||Roberto492 is ready for game 2.
|uhtml|next|Next: Game 2 of 3
