|j|‽deusptolemy
|j|☆ferchoxx
|html|deusptolemyferchoxx    
|uhtml|bestof|Game 2 of a best-of-3
|t:|1785696205
|gametype|doubles
|player|p1|deusptolemy|2|1095
|player|p2|ferchoxx|ghetsis|1256
|gen|9
|tier|[Gen 9 Champions] VGC 2026 Reg M-B (Bo3)
|rated|
|rule|Species Clause: Limit one of each Pokémon
|rule|Item Clause: Limit 1 of each item
|clearpoke
|poke|p1|Palafin, L50, F|
|poke|p1|Pelipper, L50, F|
|poke|p1|Incineroar, L50, F|
|poke|p1|Venusaur, L50, F|
|poke|p1|Sneasler, L50, F|
|poke|p1|Hydreigon, L50, M|
|poke|p2|Tyranitar, L50, F|
|poke|p2|Staraptor, L50, F|
|poke|p2|Excadrill, L50, M|
|poke|p2|Gholdengo, L50|
|poke|p2|Milotic, L50, M|
|poke|p2|Sinistcha, L50|
|teampreview|4
|showteam|p1|Palafin||MysticWater|ZerotoHero|FlipTurn,JetPunch,WaveCrash,CloseCombat|Jolly||F|||50|]Pelipper||SharpBeak|Drizzle|WeatherBall,Tailwind,Hurricane,WideGuard|Bold||F|||50|]Incineroar||SitrusBerry|Intimidate|FakeOut,DarkestLariat,FlareBlitz,PartingShot|Adamant||F|||50|]Venusaur||Venusaurite|Chlorophyll|GigaDrain,SleepPowder,EarthPower,SludgeBomb|Modest||F|||50|]Sneasler||WhiteHerb|Unburden|CloseCombat,DireClaw,Taunt,Protect|Adamant||F|||50|]Hydreigon||BlackGlasses|Levitate|DarkPulse,DragonPulse,NastyPlot,Protect|Timid||M|||50|
|showteam|p2|Tyranitar||Tyranitarite|SandStream|RockSlide,KnockOff,HighHorsepower,Protect|Adamant||F|||50|]Staraptor||Staraptite|Intimidate|BraveBird,CloseCombat,Tailwind,Protect|Jolly||F|||50|]Excadrill||FocusSash|SandRush|HighHorsepower,IronHead,RockSlide,Protect|Jolly||M|||50|]Gholdengo||LifeOrb|GoodasGold|MakeItRain,ShadowBall,NastyPlot,Protect|Timid|||||50|]Milotic||SitrusBerry|Competitive|Protect,IceBeam,Scald,IcyWind|Bold||M|||50|]Sinistcha||ColburBerry|Hospitality|MatchaGotcha,RagePowder,TrickRoom,Protect|Bold|||||50|
|inactive|Battle timer is ON: inactive players will automatically lose when time's up. (requested by deusptolemy)
|inactive|ferchoxx also wants the timer to be on.
|inactive|ferchoxx has 60 seconds left.
|
|t:|1785696265
|teamsize|p1|4
|teamsize|p2|4
|start
|switch|p1a: Pelipper|Pelipper, L50, F|100/100
|switch|p1b: Venusaur|Venusaur, L50, F|100/100
|switch|p2a: Milotic|Milotic, L50, M|100/100
|switch|p2b: Excadrill|Excadrill, L50, M|100/100
|-weather|RainDance|[from] ability: Drizzle|[of] p1a: Pelipper
|turn|1
|
|t:|1785696288
|switch|p2a: Gholdengo|Gholdengo, L50|100/100
|detailschange|p1b: Venusaur|Venusaur-Mega, L50, F
|-mega|p1b: Venusaur|Venusaur|Venusaurite
|move|p2b: Excadrill|Rock Slide|p1b: Venusaur|[spread] p1a,p1b
|-supereffective|p1a: Pelipper|1
|-damage|p1a: Pelipper|58/100
|-damage|p1b: Venusaur|81/100
|cant|p1b: Venusaur|flinch
|move|p1a: Pelipper|Tailwind|p1a: Pelipper
|-sidestart|p1: deusptolemy|move: Tailwind
|
|-weather|RainDance|[upkeep]
|upkeep
|turn|2
|
|t:|1785696304
|move|p1b: Venusaur|Earth Power|p2a: Gholdengo
|-supereffective|p2a: Gholdengo|1
|-damage|p2a: Gholdengo|30/100
|move|p1a: Pelipper|Weather Ball|p2b: Excadrill
|-supereffective|p2b: Excadrill|1
|-enditem|p2b: Excadrill|Focus Sash
|-damage|p2b: Excadrill|1/100
|move|p2b: Excadrill|High Horsepower|p1b: Venusaur
|-damage|p1b: Venusaur|33/100
|move|p2a: Gholdengo|Shadow Ball|p1b: Venusaur
|-damage|p1b: Venusaur|0 fnt
|faint|p1b: Venusaur
|-damage|p2a: Gholdengo|20/100y|[from] item: Life Orb
|
|-weather|RainDance|[upkeep]
|upkeep
|
|t:|1785696326
|switch|p1b: Hydreigon|Hydreigon, L50, M|100/100
|turn|3
|
|t:|1785696343
|move|p2b: Excadrill|Protect|p2b: Excadrill
|-singleturn|p2b: Excadrill|Protect
|move|p2a: Gholdengo|Protect|p2a: Gholdengo
|-singleturn|p2a: Gholdengo|Protect
|move|p1b: Hydreigon|Dark Pulse|p2a: Gholdengo
|-activate|p2a: Gholdengo|move: Protect
|move|p1a: Pelipper|Weather Ball|p2b: Excadrill
|-activate|p2b: Excadrill|move: Protect
|
|-weather|RainDance|[upkeep]
|upkeep
|turn|4
|
|t:|1785696363
|move|p1b: Hydreigon|Dark Pulse|p2a: Gholdengo
|-supereffective|p2a: Gholdengo|1
|-damage|p2a: Gholdengo|0 fnt
|faint|p2a: Gholdengo
|move|p1a: Pelipper|Weather Ball|p2b: Excadrill
|-supereffective|p2b: Excadrill|1
|-damage|p2b: Excadrill|0 fnt
|faint|p2b: Excadrill
|
|-weather|RainDance|[upkeep]
|-sideend|p1: deusptolemy|move: Tailwind
|upkeep
|
|t:|1785696372
|switch|p2b: Milotic|Milotic, L50, M|100/100
|switch|p2a: Staraptor|Staraptor, L50, F|100/100
|-ability|p2a: Staraptor|Intimidate|boost
|-unboost|p1a: Pelipper|atk|1
|-unboost|p1b: Hydreigon|atk|1
|turn|5
|
|t:|1785696393
|detailschange|p2a: Staraptor|Staraptor-Mega, L50, F
|-mega|p2a: Staraptor|Staraptor|Staraptite
|move|p1b: Hydreigon|Protect|p1b: Hydreigon
|-singleturn|p1b: Hydreigon|Protect
|move|p2a: Staraptor|Brave Bird|p1a: Pelipper
|-damage|p1a: Pelipper|0 fnt
|faint|p1a: Pelipper
|-damage|p2a: Staraptor|82/100|[from] Recoil
|move|p2b: Milotic|Ice Beam|p1b: Hydreigon
|-activate|p1b: Hydreigon|move: Protect
|
|-weather|none
|upkeep
|
|t:|1785696399
|switch|p1a: Sneasler|Sneasler, L50, F|100/100
|turn|6
|
|t:|1785696420
|move|p2a: Staraptor|Brave Bird|p1a: Sneasler
|-supereffective|p1a: Sneasler|1
|-damage|p1a: Sneasler|0 fnt
|faint|p1a: Sneasler
|-damage|p2a: Staraptor|52/100|[from] Recoil
|move|p1b: Hydreigon|Dragon Pulse|p2a: Staraptor
|-damage|p2a: Staraptor|1/100
|move|p2b: Milotic|Ice Beam|p1b: Hydreigon
|-supereffective|p1b: Hydreigon|1
|-damage|p1b: Hydreigon|49/100
|
|upkeep
|turn|7
|-message|deusptolemy forfeited.
|
|win|ferchoxx
|raw|deusptolemy's rating: 1095 → 1081(-14 for losing)
|raw|ferchoxx's rating: 1256 → 1270(+14 for winning)
|l|‽deusptolemy
|player|p1|
