|j|☆Olciax34
|j|☆dragonite0618
|html|Olciax34dragonite0618    
|uhtml|bestof|Game 1 of a best-of-3
|t:|1782341771
|gametype|doubles
|player|p1|Olciax34|clair|1194
|player|p2|dragonite0618|pokemonranger-gen4|1105
|gen|9
|tier|[Gen 9 Champions] VGC 2026 Reg M-B (Bo3)
|rated|
|rule|Species Clause: Limit one of each Pokémon
|rule|Item Clause: Limit 1 of each item
|clearpoke
|poke|p1|Charizard, L50, M|
|poke|p1|Whimsicott, L50, F|
|poke|p1|Garchomp, L50, F|
|poke|p1|Gholdengo, L50|
|poke|p1|Kangaskhan, L50, F|
|poke|p1|Incineroar, L50, F|
|poke|p2|Mawile, L50, M|
|poke|p2|Farigiraf, L50, F|
|poke|p2|Torkoal, L50, F|
|poke|p2|Rotom-Wash, L50|
|poke|p2|Kangaskhan, L50, F|
|poke|p2|Golurk, L50|
|teampreview|4
|showteam|p1|Charizard||CharizarditeY|SolarPower|HeatWave,WeatherBall,SolarBeam,Protect|Modest||M|||50|]Whimsicott||FocusSash|Prankster|Moonblast,Tailwind,Encore,Protect|Timid||F|||50|]Garchomp||LifeOrb|RoughSkin|Earthquake,DragonClaw,RockSlide,Protect|Jolly||F|||50|]Gholdengo||SpellTag|GoodasGold|MakeItRain,ShadowBall,NastyPlot,Protect|Modest|||||50|]Kangaskhan||Kangaskhanite|Scrappy|DoubleEdge,IcePunch,LowKick,FakeOut|Adamant||F|||50|]Incineroar||SitrusBerry|Intimidate|FakeOut,ThroatChop,FlareBlitz,PartingShot|Careful||F|||50|
|showteam|p2|Mawile||Mawilite|Intimidate|Protect,IronHead,PlayRough,SuckerPunch|Brave||M|||50|]Farigiraf||SitrusBerry|ArmorTail|Protect,TrickRoom,Psychic,HelpingHand|Relaxed||F|||50|]Torkoal||LifeOrb|Drought|Protect,HeatWave,SolarBeam,EarthPower|Quiet||F|||50|]Rotom-Wash||Leftovers|Levitate|Protect,WillOWisp,Thunderbolt,HydroPump|Modest|||||50|]Kangaskhan||SilkScarf|Scrappy|FakeOut,LastResort|Brave||F|||50|]Golurk||Golurkite|IronFist|Protect,HeadlongRush,RockSlide,Poltergeist|Brave|||||50|
|inactive|Battle timer is ON: inactive players will automatically lose when time's up. (requested by Olciax34)
|inactive|Olciax34 has 60 seconds left.
|inactive|dragonite0618 has 60 seconds left.
|
|t:|1782341831
|teamsize|p1|4
|teamsize|p2|4
|start
|switch|p1a: Incineroar|Incineroar, L50, F|100/100
|switch|p1b: Kangaskhan|Kangaskhan, L50, F|100/100
|switch|p2a: Farigiraf|Farigiraf, L50, F|100/100
|switch|p2b: Rotom|Rotom-Wash, L50|100/100
|-ability|p1a: Incineroar|Intimidate|boost
|-unboost|p2a: Farigiraf|atk|1
|-unboost|p2b: Rotom|atk|1
|turn|1
|
|t:|1782341855
|move|p2b: Rotom|Protect|p2b: Rotom
|-singleturn|p2b: Rotom|Protect
|move|p2a: Farigiraf|Protect|p2a: Farigiraf
|-singleturn|p2a: Farigiraf|Protect
|move|p1b: Kangaskhan|Double-Edge|p2b: Rotom
|-activate|p2b: Rotom|move: Protect
|move|p1a: Incineroar|Throat Chop|p2b: Rotom
|-activate|p2b: Rotom|move: Protect
|
|upkeep
|turn|2
|
|t:|1782341876
|move|p1b: Kangaskhan|Double-Edge|p2a: Farigiraf
|-damage|p2a: Farigiraf|60/100
|-damage|p1b: Kangaskhan|85/100|[from] Recoil
|move|p2b: Rotom|Will-O-Wisp|p1b: Kangaskhan
|-status|p1b: Kangaskhan|brn
|move|p1a: Incineroar|Throat Chop|p2a: Farigiraf
|-supereffective|p2a: Farigiraf|1
|-damage|p2a: Farigiraf|7/100
|-start|p2a: Farigiraf|Throat Chop|[silent]
|-enditem|p2a: Farigiraf|Sitrus Berry|[eat]
|-heal|p2a: Farigiraf|32/100|[from] item: Sitrus Berry
|move|p2a: Farigiraf|Trick Room|p2a: Farigiraf
|-fieldstart|move: Trick Room|[of] p2a: Farigiraf
|
|-damage|p1b: Kangaskhan|79/100 brn|[from] brn
|upkeep
|turn|3
|inactive|dragonite0618 has 30 seconds left.
|
|t:|1782341907
|switch|p2a: Torkoal|Torkoal, L50, F|100/100
|-weather|SunnyDay|[from] ability: Drought|[of] p2a: Torkoal
|move|p1a: Incineroar|Throat Chop|p2b: Rotom
|-damage|p2b: Rotom|63/100
|-start|p2b: Rotom|Throat Chop|[silent]
|move|p2b: Rotom|Hydro Pump|p1a: Incineroar
|-supereffective|p1a: Incineroar|1
|-damage|p1a: Incineroar|60/100
|move|p1b: Kangaskhan|Double-Edge|p2b: Rotom
|-damage|p2b: Rotom|33/100
|-damage|p1b: Kangaskhan|72/100 brn|[from] Recoil
|
|-weather|SunnyDay|[upkeep]
|-heal|p2b: Rotom|39/100|[from] item: Leftovers
|-damage|p1b: Kangaskhan|66/100 brn|[from] brn
|upkeep
|turn|4
|
|t:|1782341927
|move|p2a: Torkoal|Heat Wave|p1a: Incineroar|[spread] p1a,p1b
|-resisted|p1a: Incineroar|1
|-damage|p1a: Incineroar|39/100
|-damage|p1b: Kangaskhan|3/100 brn
|-enditem|p1a: Incineroar|Sitrus Berry|[eat]
|-heal|p1a: Incineroar|63/100|[from] item: Sitrus Berry
|-damage|p2a: Torkoal|90/100|[from] item: Life Orb
|move|p1a: Incineroar|Parting Shot|p2a: Torkoal
|-unboost|p2a: Torkoal|atk|1
|-unboost|p2a: Torkoal|spa|1
|
|t:|1782341937
|switch|p1a: Garchomp|Garchomp, L50, F|100/100|[from] Parting Shot
|move|p2b: Rotom|Thunderbolt|p1a: Garchomp
|-immune|p1a: Garchomp
|move|p1b: Kangaskhan|Double-Edge|p2a: Torkoal
|-damage|p2a: Torkoal|70/100
|-damage|p1b: Kangaskhan|0 fnt|[from] Recoil
|faint|p1b: Kangaskhan
|
|-weather|SunnyDay|[upkeep]
|-heal|p2b: Rotom|45/100|[from] item: Leftovers
|-end|p2b: Rotom|Throat Chop|[silent]
|upkeep
|
|t:|1782341948
|switch|p1b: Charizard|Charizard, L50, M|100/100
|turn|5
|inactive|Olciax34 has 30 seconds left.
|
|t:|1782341979
|switch|p1a: Incineroar|Incineroar, L50, F|63/100
|-ability|p1a: Incineroar|Intimidate|boost
|-unboost|p2a: Torkoal|atk|1
|-unboost|p2b: Rotom|atk|1
|detailschange|p1b: Charizard|Charizard-Mega-Y, L50, M
|-mega|p1b: Charizard|Charizard|Charizardite Y
|move|p2a: Torkoal|Solar Beam||[still]
|-prepare|p2a: Torkoal|Solar Beam
|-anim|p2a: Torkoal|Solar Beam|p1a: Incineroar
|-resisted|p1a: Incineroar|1
|-damage|p1a: Incineroar|51/100
|-damage|p2a: Torkoal|61/100|[from] item: Life Orb
|move|p2b: Rotom|Thunderbolt|p1b: Charizard
|-supereffective|p1b: Charizard|1
|-damage|p1b: Charizard|24/100
|move|p1b: Charizard|Heat Wave|p2b: Rotom|[spread] p2a,p2b
|-resisted|p2a: Torkoal|1
|-resisted|p2b: Rotom|1
|-crit|p2b: Rotom
|-damage|p2a: Torkoal|16/100
|-damage|p2b: Rotom|0 fnt
|faint|p2b: Rotom
|
|-weather|SunnyDay|[upkeep]
|upkeep
|
|t:|1782341997
|switch|p2b: Mawile|Mawile, L50, M|100/100
|-ability|p2b: Mawile|Intimidate|boost
|-unboost|p1a: Incineroar|atk|1
|-unboost|p1b: Charizard|atk|1
|turn|6
|inactive|Olciax34 has 30 seconds left.
|
|t:|1782342024
|detailschange|p2b: Mawile|Mawile-Mega, L50, M
|-mega|p2b: Mawile|Mawile|Mawilite
|move|p1b: Charizard|Protect|p1b: Charizard
|-singleturn|p1b: Charizard|Protect
|move|p2b: Mawile|Sucker Punch||[still]
|-fail|p2b: Mawile
|move|p2a: Torkoal|Earth Power|p1a: Incineroar
|-supereffective|p1a: Incineroar|1
|-damage|p1a: Incineroar|16/100
|-damage|p2a: Torkoal|6/100|[from] item: Life Orb
|move|p1a: Incineroar|Flare Blitz|p2b: Mawile
|-supereffective|p2b: Mawile|1
|-damage|p2b: Mawile|1/100
|-damage|p1a: Incineroar|0 fnt|[from] Recoil
|faint|p1a: Incineroar
|
|-weather|SunnyDay|[upkeep]
|-fieldend|move: Trick Room
|upkeep
|
|t:|1782342038
|switch|p1a: Garchomp|Garchomp, L50, F|100/100
|turn|7
|
|t:|1782342056
|move|p2b: Mawile|Sucker Punch|p1b: Charizard
|-damage|p1b: Charizard|0 fnt
|faint|p1b: Charizard
|move|p1a: Garchomp|Earthquake|p2a: Torkoal|[spread] p2a,p2b
|-supereffective|p2a: Torkoal|1
|-supereffective|p2b: Mawile|1
|-damage|p2a: Torkoal|0 fnt
|-damage|p2b: Mawile|0 fnt
|faint|p2a: Torkoal
|faint|p2b: Mawile
|-damage|p1a: Garchomp|90/100|[from] item: Life Orb
|
|-weather|none
|upkeep
|
|t:|1782342072
|switch|p2b: Farigiraf|Farigiraf, L50, F|32/100
|turn|8
|
|t:|1782342077
|move|p1a: Garchomp|Earthquake|p2b: Farigiraf
|-damage|p2b: Farigiraf|0 fnt
|faint|p2b: Farigiraf
|-damage|p1a: Garchomp|80/100|[from] item: Life Orb
|
|win|Olciax34
