|j|☆reynicotrolli
|j|☆daelien
|html|reynicotrollidaelien    
|uhtml|bestof|Game 2 of a best-of-3
|t:|1757685594
|gametype|doubles
|player|p1|reynicotrolli|265|1260
|player|p2|daelien|266|1263
|gen|9
|tier|[Gen 9] VGC 2025 Reg H (Bo3)
|rated|
|rule|Species Clause: Limit one of each Pokémon
|rule|Item Clause: Limit 1 of each item
|clearpoke
|poke|p1|Incineroar, L50, M|
|poke|p1|Amoonguss, L50, M|
|poke|p1|Archaludon, L50, M|
|poke|p1|Pelipper, L50, M|
|poke|p1|Gholdengo, L50|
|poke|p1|Basculegion, L50, M|
|poke|p2|Cyclizar, L50, F|
|poke|p2|Rillaboom, L50, M|
|poke|p2|Incineroar, L50, F|
|poke|p2|Palafin, L50, F|
|poke|p2|Kingambit, L50, F|
|poke|p2|Sneasler, L50, F|
|teampreview|4
|showteam|p1|Incineroar||SafetyGoggles|Intimidate|KnockOff,FlareBlitz,FakeOut,PartingShot|||M|||50|,,,,,Water]Amoonguss||SitrusBerry|Regenerator|Protect,PollenPuff,RagePowder,Spore|||M|||50|,,,,,Psychic]Archaludon||AssaultVest|Stamina|ElectroShot,BodyPress,DragonPulse,FlashCannon|||M|||50|,,,,,Bug]Pelipper||FocusSash|Drizzle|Hurricane,WeatherBall,Protect,Tailwind|||M|||50|,,,,,Ground]Gholdengo||LifeOrb|GoodasGold|MakeItRain,ShadowBall,NastyPlot,Protect||||||50|,,,,,Dragon]Basculegion||ChoiceBand|SwiftSwim|FlipTurn,WaveCrash,LastRespects,AquaJet|||M|||50|,,,,,Water
|showteam|p2|Cyclizar||SitrusBerry|Regenerator|BreakingSwipe,ShedTail,MudShot,DracoMeteor|||F|||50|,,,,,Ghost]Rillaboom||AssaultVest|GrassySurge|FakeOut,Uturn,GrassyGlide,WoodHammer|||M|||50|,,,,,Fire]Incineroar||SafetyGoggles|Intimidate|FakeOut,FlareBlitz,Taunt,PartingShot|||F|||50|,,,,,Bug]Palafin||MysticWater|ZerotoHero|JetPunch,WaveCrash,Haze,Protect|||F|||50|,,,,,Water]Kingambit||BlackGlasses|Defiant|KowtowCleave,SwordsDance,SuckerPunch,Protect|||F|||50|,,,,,Dark]Sneasler||FocusSash|Unburden|DireClaw,CloseCombat,Coaching,Protect|||F|||50|,,,,,Ghost
|inactive|Battle timer is ON: inactive players will automatically lose when time's up. (requested by daelien)
|
|t:|1757685621
|teamsize|p1|4
|teamsize|p2|4
|start
|switch|p1a: Archaludon|Archaludon, L50, M|100/100
|switch|p1b: Pelipper|Pelipper, L50, M|100/100
|switch|p2a: Cyclizar|Cyclizar, L50, F|100/100
|switch|p2b: Sneasler|Sneasler, L50, F|100/100
|-weather|RainDance|[from] ability: Drizzle|[of] p1b: Pelipper
|turn|1
|
|t:|1757685635
|-terastallize|p1a: Archaludon|Bug
|move|p2a: Cyclizar|Shed Tail|p2a: Cyclizar
|-start|p2a: Cyclizar|Substitute|[from] move: Shed Tail
|-damage|p2a: Cyclizar|50/100
|-enditem|p2a: Cyclizar|Sitrus Berry|[eat]
|-heal|p2a: Cyclizar|75/100|[from] item: Sitrus Berry
|
|t:|1757685641
|switch|p2a: Kingambit|Kingambit, L50, F|100/100|[from] Shed Tail
|move|p2b: Sneasler|Coaching|p2a: Kingambit
|-boost|p2a: Kingambit|atk|1
|-boost|p2a: Kingambit|def|1
|move|p1a: Archaludon|Electro Shot||[still]
|-prepare|p1a: Archaludon|Electro Shot
|-boost|p1a: Archaludon|spa|1
|-anim|p1a: Archaludon|Electro Shot|p2a: Kingambit
|-end|p2a: Kingambit|Substitute
|move|p1b: Pelipper|Tailwind|p1b: Pelipper
|-sidestart|p1: reynicotrolli|move: Tailwind
|
|-weather|RainDance|[upkeep]
|upkeep
|turn|2
|inactive|reynicotrolli has 30 seconds left.
|
|t:|1757685667
|switch|p1b: Basculegion|Basculegion, L50, M|100/100
|move|p2b: Sneasler|Protect|p2b: Sneasler
|-singleturn|p2b: Sneasler|Protect
|move|p1a: Archaludon|Electro Shot||[still]
|-prepare|p1a: Archaludon|Electro Shot
|-boost|p1a: Archaludon|spa|1
|-anim|p1a: Archaludon|Electro Shot|p2a: Kingambit
|-damage|p2a: Kingambit|19/100
|move|p2a: Kingambit|Swords Dance|p2a: Kingambit
|-boost|p2a: Kingambit|atk|2
|
|-weather|RainDance|[upkeep]
|upkeep
|turn|3
|
|t:|1757685686
|switch|p2b: Rillaboom|Rillaboom, L50, M|100/100
|-fieldstart|move: Grassy Terrain|[from] ability: Grassy Surge|[of] p2b: Rillaboom
|move|p2a: Kingambit|Protect|p2a: Kingambit
|-singleturn|p2a: Kingambit|Protect
|move|p1b: Basculegion|Aqua Jet|p2a: Kingambit
|-activate|p2a: Kingambit|move: Protect
|move|p1a: Archaludon|Electro Shot||[still]
|-prepare|p1a: Archaludon|Electro Shot
|-boost|p1a: Archaludon|spa|1
|-anim|p1a: Archaludon|Electro Shot|p2b: Rillaboom
|-resisted|p2b: Rillaboom
|-damage|p2b: Rillaboom|60/100
|
|-weather|RainDance|[upkeep]
|-heal|p2b: Rillaboom|66/100|[from] Grassy Terrain
|-heal|p2a: Kingambit|25/100|[from] Grassy Terrain
|upkeep
|turn|4
|
|t:|1757685704
|switch|p2a: Cyclizar|Cyclizar, L50, F|100/100
|move|p1b: Basculegion|Aqua Jet|p2a: Cyclizar
|-resisted|p2a: Cyclizar
|-damage|p2a: Cyclizar|59/100
|move|p1a: Archaludon|Dragon Pulse|p2b: Rillaboom
|-damage|p2b: Rillaboom|0 fnt
|faint|p2b: Rillaboom
|
|-weather|RainDance|[upkeep]
|-heal|p2a: Cyclizar|66/100|[from] Grassy Terrain
|-sideend|p1: reynicotrolli|move: Tailwind
|upkeep
|
|t:|1757685714
|switch|p2b: Sneasler|Sneasler, L50, F|100/100
|turn|5
|
|t:|1757685726
|move|p1b: Basculegion|Aqua Jet|p2a: Cyclizar
|-resisted|p2a: Cyclizar
|-damage|p2a: Cyclizar|24/100
|move|p2a: Cyclizar|Shed Tail|p2a: Cyclizar
|-fail|p2a: Cyclizar|move: Shed Tail|[weak]
|move|p2b: Sneasler|Dire Claw|p1a: Archaludon
|-damage|p1a: Archaludon|69/100
|-ability|p1a: Archaludon|Stamina|boost
|-boost|p1a: Archaludon|def|1
|move|p1a: Archaludon|Dragon Pulse|p2b: Sneasler
|-enditem|p2b: Sneasler|Focus Sash
|-damage|p2b: Sneasler|1/100
|
|-weather|none
|-heal|p2b: Sneasler|7/100|[from] Grassy Terrain
|-heal|p2a: Cyclizar|30/100|[from] Grassy Terrain
|-heal|p1a: Archaludon|75/100|[from] Grassy Terrain
|upkeep
|turn|6
|
|t:|1757685740
|move|p1b: Basculegion|Aqua Jet|p2b: Sneasler
|-damage|p2b: Sneasler|0 fnt
|faint|p2b: Sneasler
|move|p2a: Cyclizar|Draco Meteor|p1a: Archaludon
|-damage|p1a: Archaludon|27/100
|-unboost|p2a: Cyclizar|spa|2
|-ability|p1a: Archaludon|Stamina|boost
|-boost|p1a: Archaludon|def|1
|move|p1a: Archaludon|Dragon Pulse|p2a: Cyclizar
|-supereffective|p2a: Cyclizar
|-damage|p2a: Cyclizar|0 fnt
|faint|p2a: Cyclizar
|
|-heal|p1a: Archaludon|33/100|[from] Grassy Terrain
|upkeep
|
|t:|1757685743
|switch|p2a: Kingambit|Kingambit, L50, F|25/100
|turn|7
|-message|daelien forfeited.
|
|win|reynicotrolli
|l|☆daelien
|player|p2|
||daelien is ready for game 3.
||reynicotrolli is ready for game 3.
|uhtml|next|Next: Game 3 of 3
