|j|☆LookBackInBanger
|j|☆mysteriousmeatman
|html|LookBackInBangermysteriousmeatman    
|uhtml|bestof|Game 2 of a best-of-3
|t:|1756223199
|gametype|doubles
|player|p1|LookBackInBanger|roxie|1098
|player|p2|mysteriousmeatman|266|1020
|gen|9
|tier|[Gen 9] VGC 2025 Reg H (Bo3)
|rated|
|rule|Species Clause: Limit one of each Pokémon
|rule|Item Clause: Limit 1 of each item
|clearpoke
|poke|p1|Dragonite, L50, F|
|poke|p1|Electabuzz, L50, M|
|poke|p1|Indeedee, L50, M|
|poke|p1|Sneasler, L50, F|
|poke|p1|Talonflame, L50, F|
|poke|p1|Ursaluna-Bloodmoon, L50, M|
|poke|p2|Palafin, L50, M|
|poke|p2|Pelipper, L50, M|
|poke|p2|Incineroar, L50, F|
|poke|p2|Amoonguss, L50, M|
|poke|p2|Meowscarada, L50, F|
|poke|p2|Milotic, L50, M|
|teampreview|4
|showteam|p1|Dragonite||LoadedDice|Multiscale|ScaleShot,StompingTantrum,Haze,Protect|||F|||50|,,,,,Fairy]Electabuzz||Eviolite|VitalSpirit|Electroweb,FollowMe,Taunt,Protect|||M|||50|,,,,,Dragon]Indeedee||FocusSash|PsychicSurge|ExpandingForce,HelpingHand,TrickRoom,Imprison|||M|||50|,,,,,Psychic]Sneasler||PsychicSeed|Unburden|DireClaw,CloseCombat,ThroatChop,Protect|||F|||50|,,,,,Stellar]Talonflame||CovertCloak|GaleWings|FlareBlitz,DualWingbeat,WillOWisp,Tailwind|||F|||50|,,,,,Stellar]Ursaluna-Bloodmoon||LifeOrb|MindsEye|BloodMoon,HyperVoice,EarthPower,Protect|||M|||50|,,,,,Normal
|showteam|p2|Palafin||ChoiceScarf|ZerotoHero|FlipTurn,JetPunch,WaveCrash,DrainPunch|||M|||50|,,,,,Grass]Pelipper||EjectButton|Drizzle|HydroPump,Hurricane,Tailwind,Protect|||M|||50|,,,,,Ground]Incineroar||SafetyGoggles|Intimidate|FakeOut,KnockOff,PartingShot,Protect|||F|||50|,,,,,Ghost]Amoonguss||RedCard|Regenerator|SludgeBomb,GigaDrain,PollenPuff,Protect|||M|||50|,,,,,Dark]Meowscarada||FocusSash|Protean|FlowerTrick,KnockOff,SkillSwap,Protect|||F|||50|,,,,,Grass]Milotic||ChestoBerry|Competitive|Surf,IcyWind,Rest,Protect|||M|||50|,,,,,Steel
|inactive|Battle timer is ON: inactive players will automatically lose when time's up. (requested by mysteriousmeatman)
|inactive|LookBackInBanger has 60 seconds left.
|
|t:|1756223233
|teamsize|p1|4
|teamsize|p2|4
|start
|switch|p1a: Indeedee|Indeedee, L50, M|100/100
|switch|p1b: Sneasler|Sneasler, L50, F|100/100
|switch|p2a: Incineroar|Incineroar, L50, F, shiny|100/100
|switch|p2b: Meowscarada|Meowscarada, L50, F, shiny|100/100
|-fieldstart|move: Psychic Terrain|[from] ability: Psychic Surge|[of] p1a: Indeedee
|-enditem|p1b: Sneasler|Psychic Seed
|-boost|p1b: Sneasler|spd|1|[from] item: Psychic Seed
|-ability|p2a: Incineroar|Intimidate|boost
|-unboost|p1a: Indeedee|atk|1
|-unboost|p1b: Sneasler|atk|1
|turn|1
|inactive|LookBackInBanger has 30 seconds left.
|inactive|mysteriousmeatman has 30 seconds left.
|inactive|LookBackInBanger has 20 seconds left.
|inactive|LookBackInBanger has 15 seconds left.
|inactive|mysteriousmeatman has 20 seconds left.
|inactive|LookBackInBanger has 10 seconds left.
|inactive|LookBackInBanger has 5 seconds left.
|
|t:|1756223285
|switch|p1a: Dragonite|Dragonite, L50, F|100/100
|move|p1b: Sneasler|Protect|p1b: Sneasler
|-singleturn|p1b: Sneasler|Protect
|move|p2b: Meowscarada|Knock Off|p1a: Dragonite
|-start|p2b: Meowscarada|typechange|Dark|[from] ability: Protean
|-damage|p1a: Dragonite|73/100
|-enditem|p1a: Dragonite|Loaded Dice|[from] move: Knock Off|[of] p2b: Meowscarada
|move|p2a: Incineroar|Parting Shot|p1b: Sneasler
|-activate|p1b: Sneasler|move: Protect
|
|upkeep
|turn|2
|inactive|LookBackInBanger has 30 seconds left.
|inactive|mysteriousmeatman has 30 seconds left.
|inactive|LookBackInBanger has 20 seconds left.
|inactive|LookBackInBanger has 15 seconds left.
|
|t:|1756223331
|switch|p2b: Pelipper|Pelipper, L50, M, shiny|100/100
|-weather|RainDance|[from] ability: Drizzle|[of] p2b: Pelipper
|move|p1b: Sneasler|Close Combat|p2a: Incineroar
|-supereffective|p2a: Incineroar
|-damage|p2a: Incineroar|23/100
|-unboost|p1b: Sneasler|def|1
|-unboost|p1b: Sneasler|spd|1
|move|p1a: Dragonite|Stomping Tantrum|p2a: Incineroar
|-supereffective|p2a: Incineroar
|-crit|p2a: Incineroar
|-damage|p2a: Incineroar|0 fnt
|faint|p2a: Incineroar
|
|-weather|RainDance|[upkeep]
|upkeep
|
|t:|1756223348
|switch|p2a: Amoonguss|Amoonguss, L50, M, shiny|100/100
|turn|3
|inactive|LookBackInBanger has 30 seconds left.
|inactive|LookBackInBanger has 20 seconds left.
|inactive|LookBackInBanger has 15 seconds left.
|inactive|LookBackInBanger has 10 seconds left.
|
|t:|1756223396
|move|p2b: Pelipper|Protect|p2b: Pelipper
|-singleturn|p2b: Pelipper|Protect
|move|p1b: Sneasler|Dire Claw|p2a: Amoonguss
|-damage|p2a: Amoonguss|70/100
|-enditem|p2a: Amoonguss|Red Card|[of] p1b: Sneasler
|drag|p1b: Ursaluna|Ursaluna-Bloodmoon, L50, M|100/100
|move|p1a: Dragonite|Scale Shot|p2a: Amoonguss
|-damage|p2a: Amoonguss|53/100
|-damage|p2a: Amoonguss|38/100
|-damage|p2a: Amoonguss|21/100
|-damage|p2a: Amoonguss|6/100
|-hitcount|p2a: Amoonguss|4
|-unboost|p1a: Dragonite|def|1
|-boost|p1a: Dragonite|spe|1
|move|p2a: Amoonguss|Sludge Bomb|p1a: Dragonite
|-damage|p1a: Dragonite|32/100
|-status|p1a: Dragonite|psn
|
|-weather|RainDance|[upkeep]
|-damage|p1a: Dragonite|20/100 psn|[from] psn
|upkeep
|turn|4
|inactive|LookBackInBanger has 30 seconds left.
|inactive|LookBackInBanger has 20 seconds left.
|inactive|LookBackInBanger has 15 seconds left.
|inactive|LookBackInBanger has 10 seconds left.
|
|t:|1756223447
|-terastallize|p1b: Ursaluna|Normal
|move|p2a: Amoonguss|Protect|p2a: Amoonguss
|-singleturn|p2a: Amoonguss|Protect
|move|p1a: Dragonite|Scale Shot|p2b: Pelipper
|-damage|p2b: Pelipper|89/100
|-damage|p2b: Pelipper|78/100
|-damage|p2b: Pelipper|66/100
|-hitcount|p2b: Pelipper|3
|-enditem|p2b: Pelipper|Eject Button
|-unboost|p1a: Dragonite|def|1
|-boost|p1a: Dragonite|spe|1
|
|t:|1756223461
|switch|p2b: Meowscarada|Meowscarada, L50, F, shiny|100/100
|move|p1b: Ursaluna|Hyper Voice|p2b: Meowscarada|[spread] p2b
|-activate|p2a: Amoonguss|move: Protect
|-enditem|p2b: Meowscarada|Focus Sash
|-damage|p2b: Meowscarada|1/100
|-damage|p1b: Ursaluna|91/100|[from] item: Life Orb
|
|-weather|RainDance|[upkeep]
|-damage|p1a: Dragonite|8/100 psn|[from] psn
|upkeep
|turn|5
|inactive|LookBackInBanger has 30 seconds left.
|
|t:|1756223495
|switch|p2a: Pelipper|Pelipper, L50, M, shiny|66/100
|move|p1a: Dragonite|Stomping Tantrum|p2b: Meowscarada
|-resisted|p2b: Meowscarada
|-damage|p2b: Meowscarada|0 fnt
|faint|p2b: Meowscarada
|move|p1b: Ursaluna|Hyper Voice|p2a: Pelipper
|-damage|p2a: Pelipper|0 fnt
|faint|p2a: Pelipper
|-damage|p1b: Ursaluna|81/100|[from] item: Life Orb
|
|-weather|RainDance|[upkeep]
|-damage|p1a: Dragonite|0 fnt|[from] psn
|faint|p1a: Dragonite
|-fieldend|move: Psychic Terrain
|upkeep
|-message|mysteriousmeatman forfeited.
|raw|LookBackInBanger's rating: 1098 → 1118(+20 for winning)
|raw|mysteriousmeatman's rating: 1020 → 1010(-10 for losing)
|
|win|LookBackInBanger
|l|☆mysteriousmeatman
|player|p2|
|c|☆LookBackInBanger|ggs!
