|j|☆exessvgc
|j|☆breloomb01
|html|exessvgcbreloomb01    
|uhtml|bestof|Game 1 of a best-of-3
|t:|1783086600
|gametype|doubles
|player|p1|exessvgc|1|1307
|player|p2|breloomb01|roughneck|1278
|gen|9
|tier|[Gen 9 Champions] VGC 2026 Reg M-B (Bo3)
|rated|
|rule|Species Clause: Limit one of each Pokémon
|rule|Item Clause: Limit 1 of each item
|clearpoke
|poke|p1|Charizard, L50, F|
|poke|p1|Sneasler, L50, M|
|poke|p1|Farigiraf, L50, M|
|poke|p1|Aerodactyl, L50, M|
|poke|p1|Sylveon, L50, F|
|poke|p1|Venusaur, L50, M|
|poke|p2|Gengar, L50, M, shiny|
|poke|p2|Swampert, L50, F, shiny|
|poke|p2|Incineroar, L50, F, shiny|
|poke|p2|Politoed, L50, F, shiny|
|poke|p2|Archaludon, L50, F, shiny|
|poke|p2|Vivillon-Polar, L50, M|
|teampreview|4
|showteam|p1|Charizard||CharizarditeX|Blaze|DragonDance,DragonClaw,FlareBlitz,Protect|Jolly||F|||50|]Sneasler||WhiteHerb|Unburden|FakeOut,Protect,CloseCombat,DireClaw|Jolly||M|||50|]Farigiraf||SitrusBerry|ArmorTail|TrickRoom,PsychicNoise,HelpingHand,GrassKnot|Bold||M|||50|]Aerodactyl||FocusSash|Unnerve|RockSlide,Tailwind,SunnyDay,Taunt|Jolly||M|||50|]Sylveon||FairyFeather|Pixilate|HyperVoice,HyperBeam,Protect,ShadowBall|Modest||F|||50|]Venusaur||WideLens|Chlorophyll|SludgeBomb,EarthPower,SleepPowder,Protect|Modest||M|||50|
|showteam|p2|Gengar||Gengarite|CursedBody|ShadowBall,PerishSong,SludgeBomb,Protect|Timid||M|||50|]Swampert||Swampertite|Torrent|WaveCrash,Earthquake,IcePunch,Protect|Adamant||F|||50|]Incineroar||PasshoBerry|Intimidate|ThroatChop,PartingShot,FakeOut,Protect|Sassy||F|||50|]Politoed||SitrusBerry|Drizzle|WeatherBall,PerishSong,Encore,Protect|Calm||F|||50|]Archaludon||Leftovers|Stamina|DragonPulse,FlashCannon,ElectroShot,Protect|Bold||F|||50|]Vivillon-Polar||FocusSash|CompoundEyes|Hurricane,SleepPowder,RagePowder,Protect|Timid||M|||50|
|
|t:|1783086657
|teamsize|p1|4
|teamsize|p2|4
|start
|switch|p1a: DINOSAUVO|Aerodactyl, L50, M|100/100
|switch|p1b: Frank|Venusaur, L50, M|100/100
|switch|p2a: Gengar|Gengar, L50, M, shiny|100/100
|switch|p2b: Incineroar|Incineroar, L50, F, shiny|100/100
|-ability|p1a: DINOSAUVO|Unnerve
|-ability|p2b: Incineroar|Intimidate|boost
|-unboost|p1a: DINOSAUVO|atk|1
|-unboost|p1b: Frank|atk|1
|turn|1
|
|t:|1783086700
|switch|p1b: LA GIRAFFA|Farigiraf, L50, M|100/100
|detailschange|p2a: Gengar|Gengar-Mega, L50, M, shiny
|-mega|p2a: Gengar|Gengar|Gengarite
|move|p2b: Incineroar|Fake Out||[still]
|cant|p1b: LA GIRAFFA|ability: Armor Tail|Fake Out|[of] p2b: Incineroar
|move|p1a: DINOSAUVO|Taunt|p2a: Gengar
|-start|p2a: Gengar|move: Taunt
|cant|p2a: Gengar|move: Taunt|Perish Song
|
|upkeep
|turn|2
|
|t:|1783086744
|move|p1a: DINOSAUVO|Taunt|p2b: Incineroar
|-start|p2b: Incineroar|move: Taunt
|move|p2a: Gengar|Sludge Bomb|p1b: LA GIRAFFA
|-damage|p1b: LA GIRAFFA|55/100
|-status|p1b: LA GIRAFFA|psn
|move|p1b: LA GIRAFFA|Psychic Noise|p2b: Incineroar
|-immune|p2b: Incineroar
|move|p2b: Incineroar|Throat Chop|p1b: LA GIRAFFA
|-supereffective|p1b: LA GIRAFFA|1
|-damage|p1b: LA GIRAFFA|0 fnt
|faint|p1b: LA GIRAFFA
|
|upkeep
|l|☆breloomb01
|player|p2|
|
|t:|1783086774
|switch|p1b: Frank|Venusaur, L50, M|100/100
|turn|3
|j|☆breloomb01
|player|p2|breloomb01|roughneck|
|
|t:|1783086800
|move|p1a: DINOSAUVO|Rock Slide|p2b: Incineroar|[spread] p2a,p2b
|-supereffective|p2b: Incineroar|1
|-damage|p2a: Gengar|82/100
|-damage|p2b: Incineroar|70/100
|cant|p2a: Gengar|flinch
|move|p1b: Frank|Sleep Powder|p2a: Gengar
|-status|p2a: Gengar|slp|[from] move: Sleep Powder
|move|p2b: Incineroar|Throat Chop|p1b: Frank
|-crit|p1b: Frank
|-damage|p1b: Frank|31/100
|-start|p1b: Frank|Throat Chop|[silent]
|
|-end|p2a: Gengar|move: Taunt
|upkeep
|turn|4
|
|t:|1783086826
|move|p1a: DINOSAUVO|Rock Slide|p2b: Incineroar|[spread] p2a,p2b
|-supereffective|p2b: Incineroar|1
|-damage|p2a: Gengar|64/100 slp
|-damage|p2b: Incineroar|40/100
|cant|p2a: Gengar|slp
|move|p1b: Frank|Earth Power|p2a: Gengar
|-supereffective|p2a: Gengar|1
|-damage|p2a: Gengar|5/100 slp
|move|p2b: Incineroar|Throat Chop|p1b: Frank
|-damage|p1b: Frank|0 fnt
|faint|p1b: Frank
|
|-end|p2b: Incineroar|move: Taunt
|upkeep
|
|t:|1783086839
|switch|p1b: Marianela|Sylveon, L50, F|100/100
|turn|5
|
|t:|1783086858
|switch|p2b: Politoed|Politoed, L50, F, shiny|100/100
|-weather|RainDance|[from] ability: Drizzle|[of] p2b: Politoed
|cant|p2a: Gengar|slp
|move|p1a: DINOSAUVO|Taunt|p2a: Gengar
|-start|p2a: Gengar|move: Taunt
|move|p1b: Marianela|Hyper Voice|p2b: Politoed|[spread] p2a,p2b
|-resisted|p2a: Gengar|1
|-damage|p2a: Gengar|0 fnt
|-damage|p2b: Politoed|59/100
|faint|p2a: Gengar
|
|-weather|RainDance|[upkeep]
|upkeep
|
|t:|1783086862
|switch|p2a: Incineroar|Incineroar, L50, F, shiny|40/100
|-ability|p2a: Incineroar|Intimidate|boost
|-unboost|p1a: DINOSAUVO|atk|1
|-unboost|p1b: Marianela|atk|1
|turn|6
|
|t:|1783086895
|move|p2a: Incineroar|Fake Out|p1a: DINOSAUVO
|-resisted|p1a: DINOSAUVO|1
|-damage|p1a: DINOSAUVO|91/100
|cant|p1a: DINOSAUVO|flinch
|move|p1b: Marianela|Hyper Voice|p2b: Politoed|[spread] p2a,p2b
|-damage|p2a: Incineroar|3/100
|-damage|p2b: Politoed|24/100
|move|p2b: Politoed|Perish Song|p2b: Politoed
|-start|p1a: DINOSAUVO|perish3|[silent]
|-start|p1b: Marianela|perish3|[silent]
|-start|p2a: Incineroar|perish3|[silent]
|-start|p2b: Politoed|perish3|[silent]
|-fieldactivate|move: Perish Song
|
|-weather|RainDance|[upkeep]
|-start|p1a: DINOSAUVO|perish3
|-start|p1b: Marianela|perish3
|-start|p2b: Politoed|perish3
|-start|p2a: Incineroar|perish3
|upkeep
|turn|7
|
|t:|1783086915
|move|p2b: Politoed|Protect|p2b: Politoed
|-singleturn|p2b: Politoed|Protect
|move|p2a: Incineroar|Protect|p2a: Incineroar
|-singleturn|p2a: Incineroar|Protect
|move|p1a: DINOSAUVO|Sunny Day|p1a: DINOSAUVO
|-weather|SunnyDay
|move|p1b: Marianela|Hyper Voice|p2b: Politoed|[spread] 
|-activate|p2a: Incineroar|move: Protect
|-activate|p2b: Politoed|move: Protect
|
|-weather|SunnyDay|[upkeep]
|-start|p1a: DINOSAUVO|perish2
|-start|p1b: Marianela|perish2
|-start|p2b: Politoed|perish2
|-start|p2a: Incineroar|perish2
|upkeep
|turn|8
|
|t:|1783086932
|switch|p2b: Archaludon|Archaludon, L50, F, shiny|100/100
|move|p1a: DINOSAUVO|Rock Slide|p2a: Incineroar|[spread] p2a,p2b
|-supereffective|p2a: Incineroar|1
|-resisted|p2b: Archaludon|1
|-damage|p2a: Incineroar|0 fnt
|-damage|p2b: Archaludon|95/100
|-ability|p2b: Archaludon|Stamina|boost
|-boost|p2b: Archaludon|def|1
|faint|p2a: Incineroar
|move|p1b: Marianela|Hyper Beam|p2b: Archaludon
|-damage|p2b: Archaludon|0 fnt
|-mustrecharge|p1b: Marianela
|faint|p2b: Archaludon
|
|-weather|SunnyDay|[upkeep]
|-start|p1a: DINOSAUVO|perish1
|-start|p1b: Marianela|perish1
|upkeep
|
|t:|1783086935
|switch|p2b: Politoed|Politoed, L50, F, shiny|24/100
|-weather|RainDance|[from] ability: Drizzle|[of] p2b: Politoed
|turn|9
|-message|exessvgc forfeited.
|
|win|breloomb01
|l|☆exessvgc
|player|p1|
||exessvgc is ready for game 2.
||breloomb01 is ready for game 2.
|uhtml|next|Next: Game 2 of 3
|j|☆exessvgc
|player|p1|exessvgc|1|
|l|☆exessvgc
|player|p1|
