|j|☆WASHINGTONGARGACHA
|j|☆Paul Kalkbrenner
|html|WASHINGTONGARGACHAPaul Kalkbrenner    
|uhtml|bestof|Game 1 of a best-of-3
|t:|1756463458
|gametype|doubles
|player|p1|WASHINGTONGARGACHA|265|1118
|player|p2|Paul Kalkbrenner|266|1054
|gen|9
|tier|[Gen 9] VGC 2025 Reg H (Bo3)
|rated|
|rule|Species Clause: Limit one of each Pokémon
|rule|Item Clause: Limit 1 of each item
|clearpoke
|poke|p1|Gholdengo, L50|
|poke|p1|Ursaluna, L50, M|
|poke|p1|Archaludon, L50, M|
|poke|p1|Murkrow, L50, M|
|poke|p1|Farigiraf, L50, M|
|poke|p1|Palafin, L50, M|
|poke|p2|Gholdengo, L50|
|poke|p2|Whimsicott, L50, F|
|poke|p2|Incineroar, L50, M|
|poke|p2|Indeedee-F, L50, F|
|poke|p2|Dragonite, L50, F|
|poke|p2|Rillaboom, L50, M|
|teampreview|4
|showteam|p1|Gholdengo||SitrusBerry|GoodasGold|ShadowBall,MakeItRain,NastyPlot,Protect||||||50|,,,,,Water]Ursaluna||FlameOrb|Guts|Facade,Earthquake,Protect,HeadlongRush|||M|||50|,,,,,Ghost]Archaludon||PowerHerb|Stamina|ElectroShot,FlashCannon,DracoMeteor,Protect|||M|||50|,,,,,Grass]Murkrow||Eviolite|Prankster|Tailwind,RainDance,FoulPlay,Haze|||M|||50|,,,,,Dark]Farigiraf||ThroatSpray|ArmorTail|HyperVoice,TrickRoom,Psychic,Protect|||M|||50|,,,,,Fairy]Palafin||MysticWater|ZerotoHero|FlipTurn,Protect,JetPunch,WaveCrash|||M|||50|,,,,,Water
|showteam|p2|Gholdengo||Leftovers|GoodasGold|NastyPlot,MakeItRain,ShadowBall,Protect||||||50|,,,,,Steel]Whimsicott||FocusSash|Prankster|Tailwind,Encore,Moonblast,LightScreen|||F|||50|,,,,,Ghost]Incineroar||SitrusBerry|Intimidate|FakeOut,FlareBlitz,KnockOff,PartingShot|||M|||50|,,,,,Grass]Indeedee-F||RockyHelmet|PsychicSurge|Psychic,FollowMe,TrickRoom,Imprison|||F|||50|,,,,,Fairy]Dragonite||LifeOrb|InnerFocus|ExtremeSpeed,DragonClaw,AerialAce,Protect|||F|||50|,,,,,Normal]Rillaboom||AssaultVest|GrassySurge|FakeOut,GrassyGlide,WoodHammer,HighHorsepower|||M|||50|,,,,,Fire
|inactive|Battle timer is ON: inactive players will automatically lose when time's up. (requested by WASHINGTONGARGACHA)
|
|t:|1756463532
|teamsize|p1|4
|teamsize|p2|4
|start
|switch|p1a: Ursaluna|Ursaluna, L50, M|100/100
|switch|p1b: Palafin|Palafin, L50, M|100/100
|switch|p2a: Whimsicott|Whimsicott, L50, F|100/100
|switch|p2b: Incineroar|Incineroar, L50, M|100/100
|-ability|p2b: Incineroar|Intimidate|boost
|-unboost|p1a: Ursaluna|atk|1
|-unboost|p1b: Palafin|atk|1
|turn|1
|
|t:|1756463551
|switch|p1a: Farigiraf|Farigiraf, L50, M|100/100
|move|p1b: Palafin|Flip Turn|p2b: Incineroar
|-supereffective|p2b: Incineroar
|-damage|p2b: Incineroar|64/100
|
|t:|1756463557
|detailschange|p1b: Palafin|Palafin-Hero, L50, M
|switch|p1b: Ursaluna|Ursaluna, L50, M|100/100|[from] Flip Turn
|move|p2a: Whimsicott|Moonblast|p1b: Ursaluna
|-damage|p1b: Ursaluna|73/100
|-unboost|p1b: Ursaluna|spa|1
|move|p2b: Incineroar|Parting Shot|p1b: Ursaluna
|-unboost|p1b: Ursaluna|atk|1
|-unboost|p1b: Ursaluna|spa|1
|inactive|Paul Kalkbrenner has 30 seconds left.
|
|t:|1756463585
|switch|p2b: Rillaboom|Rillaboom, L50, M|100/100|[from] Parting Shot
|-fieldstart|move: Grassy Terrain|[from] ability: Grassy Surge|[of] p2b: Rillaboom
|
|-heal|p1b: Ursaluna|79/100|[from] Grassy Terrain
|-status|p1b: Ursaluna|brn|[from] item: Flame Orb
|upkeep
|turn|2
|
|t:|1756463599
|move|p1a: Farigiraf|Protect|p1a: Farigiraf
|-singleturn|p1a: Farigiraf|Protect
|move|p2a: Whimsicott|Moonblast|p1a: Farigiraf
|-activate|p1a: Farigiraf|move: Protect
|move|p2b: Rillaboom|Wood Hammer|p1a: Farigiraf
|-activate|p1a: Farigiraf|move: Protect
|move|p1b: Ursaluna|Facade|p2b: Rillaboom
|-damage|p2b: Rillaboom|19/100
|
|-heal|p2b: Rillaboom|25/100|[from] Grassy Terrain
|-heal|p1b: Ursaluna|85/100 brn|[from] Grassy Terrain
|-damage|p1b: Ursaluna|79/100 brn|[from] brn
|upkeep
|turn|3
|inactive|WASHINGTONGARGACHA has 30 seconds left.
|inactive|Paul Kalkbrenner has 30 seconds left.
|inactive|WASHINGTONGARGACHA has 20 seconds left.
|inactive|WASHINGTONGARGACHA has 15 seconds left.
|
|t:|1756463640
|switch|p2b: Incineroar|Incineroar, L50, M|64/100
|-ability|p2b: Incineroar|Intimidate|boost
|-unboost|p1a: Farigiraf|atk|1
|-unboost|p1b: Ursaluna|atk|1
|move|p1b: Ursaluna|Protect|p1b: Ursaluna
|-singleturn|p1b: Ursaluna|Protect
|move|p2a: Whimsicott|Encore||[still]
|cant|p1a: Farigiraf|ability: Armor Tail|Encore|[of] p2a: Whimsicott
|move|p1a: Farigiraf|Trick Room|p1a: Farigiraf
|-fieldstart|move: Trick Room|[of] p1a: Farigiraf
|
|-heal|p2b: Incineroar|70/100|[from] Grassy Terrain
|-heal|p1b: Ursaluna|85/100 brn|[from] Grassy Terrain
|-damage|p1b: Ursaluna|79/100 brn|[from] brn
|upkeep
|turn|4
|inactive|WASHINGTONGARGACHA has 30 seconds left.
|inactive|Paul Kalkbrenner has 30 seconds left.
|
|t:|1756463668
|move|p2b: Incineroar|Knock Off|p1b: Ursaluna
|-crit|p1b: Ursaluna
|-damage|p1b: Ursaluna|29/100 brn
|-enditem|p1b: Ursaluna|Flame Orb|[from] move: Knock Off|[of] p2b: Incineroar
|move|p1a: Farigiraf|Hyper Voice|p2b: Incineroar|[spread] p2a,p2b
|-crit|p2a: Whimsicott
|-damage|p2a: Whimsicott|52/100
|-damage|p2b: Incineroar|44/100
|-enditem|p2b: Incineroar|Sitrus Berry|[eat]
|-heal|p2b: Incineroar|69/100|[from] item: Sitrus Berry
|-enditem|p1a: Farigiraf|Throat Spray
|-boost|p1a: Farigiraf|spa|1|[from] item: Throat Spray
|move|p1b: Ursaluna|Headlong Rush|p2b: Incineroar
|-supereffective|p2b: Incineroar
|-damage|p2b: Incineroar|0 fnt
|-unboost|p1b: Ursaluna|def|1
|-unboost|p1b: Ursaluna|spd|1
|faint|p2b: Incineroar
|move|p2a: Whimsicott|Moonblast|p1b: Ursaluna
|-damage|p1b: Ursaluna|0 fnt
|faint|p1b: Ursaluna
|
|-heal|p2a: Whimsicott|58/100|[from] Grassy Terrain
|upkeep
|
|t:|1756463691
|switch|p2b: Gholdengo|Gholdengo, L50|100/100
|switch|p1b: Archaludon|Archaludon, L50, M|100/100
|turn|5
|
|t:|1756463709
|-terastallize|p2b: Gholdengo|Steel
|move|p2a: Whimsicott|Light Screen|p2a: Whimsicott
|-sidestart|p2: Paul Kalkbrenner|move: Light Screen
|move|p1a: Farigiraf|Psychic|p2a: Whimsicott
|-damage|p2a: Whimsicott|17/100
|move|p2b: Gholdengo|Make It Rain|p1b: Archaludon|[spread] p1a,p1b
|-resisted|p1b: Archaludon
|-damage|p1a: Farigiraf|46/100
|-damage|p1b: Archaludon|52/100
|-unboost|p2b: Gholdengo|spa|1
|-ability|p1b: Archaludon|Stamina|boost
|-boost|p1b: Archaludon|def|1
|move|p1b: Archaludon|Electro Shot||[still]
|-prepare|p1b: Archaludon|Electro Shot
|-boost|p1b: Archaludon|spa|1
|-enditem|p1b: Archaludon|Power Herb
|-anim|p1b: Archaludon|Electro Shot|p2b: Gholdengo
|-damage|p2b: Gholdengo|59/100
|
|-heal|p1a: Farigiraf|52/100|[from] Grassy Terrain
|-heal|p2b: Gholdengo|65/100|[from] Grassy Terrain
|-heal|p2b: Gholdengo|71/100|[from] item: Leftovers
|-heal|p2a: Whimsicott|23/100|[from] Grassy Terrain
|-heal|p1b: Archaludon|58/100|[from] Grassy Terrain
|-fieldend|move: Grassy Terrain
|upkeep
|turn|6
|inactive|WASHINGTONGARGACHA has 30 seconds left.
|inactive|Paul Kalkbrenner has 30 seconds left.
|inactive|WASHINGTONGARGACHA has 20 seconds left.
|inactive|WASHINGTONGARGACHA has 15 seconds left.
|inactive|Paul Kalkbrenner has 20 seconds left.
|inactive|Paul Kalkbrenner has 15 seconds left.
|
|t:|1756463757
|move|p1b: Archaludon|Protect|p1b: Archaludon
|-singleturn|p1b: Archaludon|Protect
|move|p1a: Farigiraf|Psychic|p2a: Whimsicott
|-damage|p2a: Whimsicott|0 fnt
|faint|p2a: Whimsicott
|move|p2b: Gholdengo|Make It Rain|p1a: Farigiraf|[spread] p1a
|-activate|p1b: Archaludon|move: Protect
|-damage|p1a: Farigiraf|17/100
|-unboost|p2b: Gholdengo|spa|1
|
|-heal|p2b: Gholdengo|78/100|[from] item: Leftovers
|upkeep
|
|t:|1756463762
|switch|p2a: Rillaboom|Rillaboom, L50, M|25/100
|-fieldstart|move: Grassy Terrain|[from] ability: Grassy Surge|[of] p2a: Rillaboom
|turn|7
|inactive|WASHINGTONGARGACHA has 30 seconds left.
|inactive|Paul Kalkbrenner has 30 seconds left.
|
|t:|1756463790
|move|p1a: Farigiraf|Psychic|p2a: Rillaboom
|-damage|p2a: Rillaboom|3/100
|move|p2a: Rillaboom|High Horsepower|p1b: Archaludon
|-supereffective|p1b: Archaludon
|-damage|p1b: Archaludon|20/100
|-ability|p1b: Archaludon|Stamina|boost
|-boost|p1b: Archaludon|def|1
|move|p2b: Gholdengo|Nasty Plot|p2b: Gholdengo
|-boost|p2b: Gholdengo|spa|2
|move|p1b: Archaludon|Draco Meteor|p2b: Gholdengo
|-resisted|p2b: Gholdengo
|-damage|p2b: Gholdengo|45/100
|-unboost|p1b: Archaludon|spa|2
|
|-heal|p1a: Farigiraf|23/100|[from] Grassy Terrain
|-heal|p2a: Rillaboom|9/100|[from] Grassy Terrain
|-heal|p2b: Gholdengo|51/100|[from] Grassy Terrain
|-heal|p2b: Gholdengo|57/100|[from] item: Leftovers
|-heal|p1b: Archaludon|27/100|[from] Grassy Terrain
|-fieldend|move: Trick Room
|upkeep
|turn|8
|inactive|WASHINGTONGARGACHA has 30 seconds left.
|inactive|Paul Kalkbrenner has 30 seconds left.
|inactive|Paul Kalkbrenner has 20 seconds left.
|
|t:|1756463826
|move|p1b: Archaludon|Flash Cannon|p2a: Rillaboom
|-damage|p2a: Rillaboom|0 fnt
|faint|p2a: Rillaboom
|move|p2b: Gholdengo|Make It Rain|p1a: Farigiraf|[spread] p1a,p1b
|-resisted|p1b: Archaludon
|-damage|p1a: Farigiraf|0 fnt
|-damage|p1b: Archaludon|0 fnt
|-unboost|p2b: Gholdengo|spa|1
|faint|p1a: Farigiraf
|faint|p1b: Archaludon
|
|-heal|p2b: Gholdengo|63/100|[from] Grassy Terrain
|-heal|p2b: Gholdengo|69/100|[from] item: Leftovers
|upkeep
|
|t:|1756463839
|switch|p1b: Palafin|Palafin-Hero, L50, M|100/100
|-activate|p1b: Palafin|ability: Zero to Hero
|turn|9
|
|t:|1756463847
|-terastallize|p1b: Palafin|Water
|move|p2b: Gholdengo|Protect|p2b: Gholdengo
|-singleturn|p2b: Gholdengo|Protect
|move|p1b: Palafin|Wave Crash|p2b: Gholdengo
|-activate|p2b: Gholdengo|move: Protect
|
|-heal|p2b: Gholdengo|76/100|[from] Grassy Terrain
|-heal|p2b: Gholdengo|82/100|[from] item: Leftovers
|-sideend|p2: Paul Kalkbrenner|move: Light Screen
|upkeep
|turn|10
|inactive|Paul Kalkbrenner has 30 seconds left.
|
|t:|1756463873
|move|p1b: Palafin|Wave Crash|p2b: Gholdengo
|-damage|p2b: Gholdengo|0 fnt
|faint|p2b: Gholdengo
|-damage|p1b: Palafin|71/100|[from] Recoil
|
|win|WASHINGTONGARGACHA
