|j|☆gundnub
|j|☆audrith
|html|gundnubaudrith    
|uhtml|bestof|Game 2 of a best-of-3
|t:|1783294866
|gametype|doubles
|player|p1|gundnub|pokemonranger-gen4|
|player|p2|audrith|266|
|gen|9
|tier|[Gen 9 Champions] VGC 2026 Reg M-B (Bo3)
|rule|Species Clause: Limit one of each Pokémon
|rule|Item Clause: Limit 1 of each item
|clearpoke
|poke|p1|Arcanine, L50, F|
|poke|p1|Toxicroak, L50, F|
|poke|p1|Krookodile, L50, M|
|poke|p1|Pidgeot, L50, M|
|poke|p1|Floette-Eternal, L50, F|
|poke|p1|Rotom-Mow, L50|
|poke|p2|Floette-Eternal, L50, F|
|poke|p2|Chandelure, L50, F|
|poke|p2|Noivern, L50, M|
|poke|p2|Liepard, L50, F|
|poke|p2|Goodra-Hisui, L50, M|
|poke|p2|Skarmory, L50, F|
|teampreview|4
|showteam|p1|Arcanine||SitrusBerry|Intimidate|FlareBlitz,ExtremeSpeed,HelpingHand,Roar|Careful||F|||50|]Toxicroak||WhiteHerb|DrySkin|Protect,PoisonJab,CloseCombat,FakeOut|Adamant||F|||50|]Krookodile||RoseliBerry|Intimidate|Protect,Earthquake,LashOut,RockSlide|Adamant||M|||50|]Pidgeot||Pidgeotite|KeenEye|Protect,Hurricane,HeatWave,Tailwind|Timid||M|||50|]Floette-Eternal||LifeOrb|FlowerVeil|Protect,Moonblast,DazzlingGleam,LightofRuin|Timid||F|||50|]Rotom-Mow||ChoiceScarf|Levitate|Electroweb,VoltSwitch,LeafStorm,Trick|Timid|||||50|
|showteam|p2|Floette-Eternal||ChoiceScarf|FlowerVeil|DazzlingGleam,EnergyBall,LightofRuin,Psychic|Modest||F|||50|]Chandelure||Chandelurite|FlashFire|HeatWave,ShadowBall,TrickRoom,Protect|Serious||F|||50|]Noivern||WhiteHerb|Frisk|Tailwind,Taunt,SunnyDay,DracoMeteor|Timid||M|||50|]Liepard||SitrusBerry|Prankster|FakeOut,Encore,FoulPlay,FakeTears|Impish||F|||50|]Goodra-Hisui||LifeOrb|Gooey|ChillingWater,FlashCannon,DragonPulse,Protect|Modest||M|||50|]Skarmory||Skarmorite|KeenEye|BraveBird,IronHead,Tailwind,BodyPress|Impish||F|||50|
|inactive|Battle timer is ON: inactive players will automatically lose when time's up. (requested by gundnub)
|c|☆audrith|that krookodiles is tough fo rme haha
|c|☆audrith|hmmm
|inactive|gundnub has 60 seconds left.
|inactive|audrith has 60 seconds left.
|
|t:|1783294916
|teamsize|p1|4
|teamsize|p2|4
|start
|switch|p1a: Pidgeot|Pidgeot, L50, M|100/100
|switch|p1b: Arcanine|Arcanine, L50, F|100/100
|switch|p2a: Floette|Floette-Eternal, L50, F|100/100
|switch|p2b: Skarmory|Skarmory, L50, F|100/100
|-ability|p1b: Arcanine|Intimidate|boost
|-unboost|p2a: Floette|atk|1
|-unboost|p2b: Skarmory|atk|1
|turn|1
|inactive|audrith has 30 seconds left.
|inactive|audrith has 20 seconds left.
|inactive|audrith has 15 seconds left.
|inactive|gundnub has 30 seconds left.
|
|t:|1783294967
|detailschange|p1a: Pidgeot|Pidgeot-Mega, L50, M
|-mega|p1a: Pidgeot|Pidgeot|Pidgeotite
|detailschange|p2b: Skarmory|Skarmory-Mega, L50, F
|-mega|p2b: Skarmory|Skarmory|Skarmorite
|move|p2a: Floette|Dazzling Gleam|p1b: Arcanine|[spread] p1a,p1b
|-resisted|p1b: Arcanine|1
|-damage|p1a: Pidgeot|58/100
|-damage|p1b: Arcanine|86/100
|move|p1a: Pidgeot|Tailwind|p1a: Pidgeot
|-sidestart|p1: gundnub|move: Tailwind
|move|p1b: Arcanine|Flare Blitz|p2b: Skarmory
|-supereffective|p2b: Skarmory|1
|-damage|p2b: Skarmory|24/100
|-damage|p1b: Arcanine|65/100|[from] Recoil
|move|p2b: Skarmory|Brave Bird|p1b: Arcanine
|-damage|p1b: Arcanine|12/100
|-enditem|p1b: Arcanine|Sitrus Berry|[eat]
|-heal|p1b: Arcanine|37/100|[from] item: Sitrus Berry
|-damage|p2b: Skarmory|2/100|[from] Recoil
|
|upkeep
|turn|2
|inactive|audrith has 30 seconds left.
|inactive|audrith has 20 seconds left.
|inactive|audrith has 15 seconds left.
|
|t:|1783295012
|move|p1a: Pidgeot|Heat Wave|p2b: Skarmory|[spread] p2a,p2b
|-supereffective|p2b: Skarmory|1
|-damage|p2a: Floette|80/100
|-damage|p2b: Skarmory|0 fnt
|faint|p2b: Skarmory
|move|p1b: Arcanine|Flare Blitz|p2a: Floette
|-damage|p2a: Floette|6/100
|-damage|p1b: Arcanine|18/100|[from] Recoil
|move|p2a: Floette|Dazzling Gleam|p1a: Pidgeot|[spread] p1a,p1b
|-resisted|p1b: Arcanine|1
|-damage|p1a: Pidgeot|19/100
|-damage|p1b: Arcanine|4/100
|
|upkeep
|
|t:|1783295029
|switch|p2b: Noivern|Noivern, L50, M|100/100
|-item|p1a: Pidgeot|Pidgeotite|[from] ability: Frisk|[of] p2b: Noivern
|turn|3
|
|t:|1783295047
|move|p1b: Arcanine|Extreme Speed|p2a: Floette
|-damage|p2a: Floette|0 fnt
|faint|p2a: Floette
|move|p1a: Pidgeot|Hurricane|p2b: Noivern
|-damage|p2b: Noivern|42/100
|move|p2b: Noivern|Tailwind|p2b: Noivern
|-sidestart|p2: audrith|move: Tailwind
|
|upkeep
|
|t:|1783295055
|switch|p2a: Goodra|Goodra-Hisui, L50, M|100/100
|turn|4
|inactive|gundnub has 30 seconds left.
|inactive|audrith has 30 seconds left.
|inactive|gundnub has 20 seconds left.
|
|t:|1783295092
|move|p2a: Goodra|Protect|p2a: Goodra
|-singleturn|p2a: Goodra|Protect
|move|p1b: Arcanine|Extreme Speed|p2b: Noivern
|-damage|p2b: Noivern|19/100
|move|p2b: Noivern|Taunt|p1b: Arcanine
|-start|p1b: Arcanine|move: Taunt
|move|p1a: Pidgeot|Hurricane|p2b: Noivern
|-damage|p2b: Noivern|0 fnt
|faint|p2b: Noivern
|
|-sideend|p1: gundnub|move: Tailwind
|upkeep
|turn|5
|
|t:|1783295109
|move|p2a: Goodra|Chilling Water|p1b: Arcanine
|-supereffective|p1b: Arcanine|1
|-damage|p1b: Arcanine|0 fnt
|faint|p1b: Arcanine
|-damage|p2a: Goodra|90/100|[from] item: Life Orb
|move|p1a: Pidgeot|Tailwind|p1a: Pidgeot
|-sidestart|p1: gundnub|move: Tailwind
|
|upkeep
|
|t:|1783295115
|switch|p1b: Krookodile|Krookodile, L50, M|100/100
|-ability|p1b: Krookodile|Intimidate|boost
|-unboost|p2a: Goodra|atk|1
|turn|6
|c|☆audrith|damn i fumbled haha
|
|t:|1783295125
|move|p1a: Pidgeot|Heat Wave|p2a: Goodra
|-damage|p2a: Goodra|64/100
|move|p1b: Krookodile|Earthquake|p2a: Goodra|[spread] p2a
|-immune|p1a: Pidgeot
|-supereffective|p2a: Goodra|1
|-damage|p2a: Goodra|0 fnt
|faint|p2a: Goodra
|
|win|gundnub
