|j|☆Togepi Trinity
|j|☆Frakub
|html|Togepi TrinityFrakub    
|uhtml|bestof|Game 2 of a best-of-3
|t:|1756725473
|gametype|doubles
|player|p1|Togepi Trinity|unknown|1262
|player|p2|Frakub|acetrainer-gen4dp|1318
|gen|9
|tier|[Gen 9] VGC 2025 Reg H (Bo3)
|rated|
|rule|Species Clause: Limit one of each Pokémon
|rule|Item Clause: Limit 1 of each item
|clearpoke
|poke|p1|Annihilape, L50, F|
|poke|p1|Maushold, L50|
|poke|p1|Pelipper, L50, M|
|poke|p1|Archaludon, L50, M|
|poke|p1|Sinistcha, L50|
|poke|p1|Basculegion, L50, M|
|poke|p2|Kingambit, L50, F|
|poke|p2|Rillaboom, L50, M|
|poke|p2|Ninetales-Alola, L50, F|
|poke|p2|Dragonite, L50, F|
|poke|p2|Magmar, L50, M|
|poke|p2|Sneasler, L50, F|
|teampreview|4
|showteam|p1|Annihilape||LumBerry|Defiant|Protect,RageFist,DrainPunch,BulkUp|||F|||50|,,,,,Fire]Maushold||WideLens|Technician|Protect,PopulationBomb,FollowMe,BeatUp||||||50|,,,,,Ghost]Pelipper||FocusSash|Drizzle|Protect,WeatherBall,Hurricane,Tailwind|||M|||50|,,,,,Ghost]Archaludon||AssaultVest|Stamina|ElectroShot,DracoMeteor,Snarl,BodyPress|||M|||50|,,,,,Grass]Sinistcha||SitrusBerry|Hospitality|LifeDew,RagePowder,StrengthSap,MatchaGotcha||||||50|,,,,,Fairy]Basculegion||ChoiceBand|SwiftSwim|WaveCrash,FlipTurn,LastRespects,AquaJet|||M|||50|,,,,,Grass
|showteam|p2|Kingambit||BlackGlasses|Defiant|KowtowCleave,SuckerPunch,SwordsDance,Protect|||F|||50|,,,,,Dark]Rillaboom||AssaultVest|GrassySurge|WoodHammer,GrassyGlide,HighHorsepower,FakeOut|||M|||50|,,,,,Fire]Ninetales-Alola||LightClay|SnowWarning|Blizzard,FreezeDry,Protect,AuroraVeil|||F|||50|,,,,,Ghost]Dragonite||LoadedDice|Multiscale|ScaleShot,ExtremeSpeed,Haze,Protect|||F|||50|,,,,,Steel]Magmar||Eviolite|VitalSpirit|Taunt,Overheat,FollowMe,Protect|||M|||50|,,,,,Ghost]Sneasler||FocusSash|PoisonTouch|FakeOut,DireClaw,CloseCombat,Protect|||F|||50|,,,,,Ghost
|inactive|Battle timer is ON: inactive players will automatically lose when time's up. (requested by Frakub)
|inactive|Frakub has 60 seconds left.
|
|t:|1756725520
|teamsize|p1|4
|teamsize|p2|4
|start
|switch|p1a: Maushold|Maushold, L50|100/100
|switch|p1b: Annihilape|Annihilape, L50, F|100/100
|switch|p2a: Kingambit|Kingambit, L50, F|100/100
|switch|p2b: Magmar|Magmar, L50, M|100/100
|turn|1
|
|t:|1756725539
|move|p2b: Magmar|Follow Me|p2b: Magmar
|-singleturn|p2b: Magmar|move: Follow Me
|move|p1a: Maushold|Beat Up|p2b: Magmar
|-damage|p2b: Magmar|96/100
|-damage|p2b: Magmar|91/100
|-damage|p2b: Magmar|88/100
|-damage|p2b: Magmar|85/100
|-hitcount|p2b: Magmar|4
|move|p1b: Annihilape|Bulk Up|p1b: Annihilape
|-boost|p1b: Annihilape|atk|1
|-boost|p1b: Annihilape|def|1
|move|p2a: Kingambit|Swords Dance|p2a: Kingambit
|-boost|p2a: Kingambit|atk|2
|
|upkeep
|turn|2
|
|t:|1756725553
|-terastallize|p2a: Kingambit|Dark
|move|p2b: Magmar|Follow Me|p2b: Magmar
|-singleturn|p2b: Magmar|move: Follow Me
|move|p1a: Maushold|Population Bomb|p2b: Magmar
|-damage|p2b: Magmar|75/100
|-damage|p2b: Magmar|67/100
|-damage|p2b: Magmar|58/100
|-damage|p2b: Magmar|49/100
|-damage|p2b: Magmar|39/100
|-damage|p2b: Magmar|30/100
|-damage|p2b: Magmar|21/100
|-damage|p2b: Magmar|12/100
|-damage|p2b: Magmar|3/100
|-damage|p2b: Magmar|0 fnt
|faint|p2b: Magmar
|-hitcount|p2: Magmar|10
|move|p1b: Annihilape|Drain Punch|p2a: Kingambit
|-supereffective|p2a: Kingambit
|-damage|p2a: Kingambit|18/100
|move|p2a: Kingambit|Kowtow Cleave|p1b: Annihilape
|-damage|p1b: Annihilape|0 fnt
|faint|p1b: Annihilape
|
|upkeep
|
|t:|1756725575
|switch|p1b: Pelipper|Pelipper, L50, M|100/100
|switch|p2b: Rillaboom|Rillaboom, L50, M|100/100
|-weather|RainDance|[from] ability: Drizzle|[of] p1b: Pelipper
|-fieldstart|move: Grassy Terrain|[from] ability: Grassy Surge|[of] p2b: Rillaboom
|turn|3
|
|t:|1756725593
|move|p1a: Maushold|Protect|p1a: Maushold
|-singleturn|p1a: Maushold|Protect
|move|p1b: Pelipper|Protect|p1b: Pelipper
|-singleturn|p1b: Pelipper|Protect
|move|p2a: Kingambit|Protect|p2a: Kingambit
|-singleturn|p2a: Kingambit|Protect
|move|p2b: Rillaboom|Grassy Glide|p1b: Pelipper
|-activate|p1b: Pelipper|move: Protect
|
|-weather|RainDance|[upkeep]
|-heal|p2a: Kingambit|24/100|[from] Grassy Terrain
|upkeep
|turn|4
|
|t:|1756725607
|move|p1a: Maushold|Follow Me|p1a: Maushold
|-singleturn|p1a: Maushold|move: Follow Me
|move|p2b: Rillaboom|Grassy Glide|p1a: Maushold
|-damage|p1a: Maushold|45/100
|move|p2a: Kingambit|Sucker Punch||[still]
|-fail|p2a: Kingambit
|move|p1b: Pelipper|Hurricane|p2a: Kingambit
|-damage|p2a: Kingambit|0 fnt
|faint|p2a: Kingambit
|
|-weather|RainDance|[upkeep]
|-heal|p1a: Maushold|52/100|[from] Grassy Terrain
|upkeep
|
|t:|1756725610
|switch|p2a: Ninetales|Ninetales-Alola, L50, F|100/100
|-weather|Snowscape|[from] ability: Snow Warning|[of] p2a: Ninetales
|turn|5
|
|t:|1756725627
|switch|p1b: Sinistcha|Sinistcha, L50|100/100
|-heal|p1a: Maushold|76/100|[from] ability: Hospitality|[of] p1b: Sinistcha
|move|p2b: Rillaboom|Grassy Glide|p1b: Sinistcha
|-resisted|p1b: Sinistcha
|-damage|p1b: Sinistcha|85/100
|move|p1a: Maushold|Population Bomb|p2b: Rillaboom
|-damage|p2b: Rillaboom|90/100
|-hitcount|p2b: Rillaboom|1
|move|p2a: Ninetales|Blizzard|p1a: Maushold|[spread] p1a,p1b
|-supereffective|p1b: Sinistcha
|-damage|p1a: Maushold|27/100
|-damage|p1b: Sinistcha|27/100
|-enditem|p1b: Sinistcha|Sitrus Berry|[eat]
|-heal|p1b: Sinistcha|52/100|[from] item: Sitrus Berry
|
|-weather|Snowscape|[upkeep]
|-heal|p1a: Maushold|33/100|[from] Grassy Terrain
|-heal|p2b: Rillaboom|96/100|[from] Grassy Terrain
|-heal|p1b: Sinistcha|58/100|[from] Grassy Terrain
|upkeep
|turn|6
|
|t:|1756725644
|switch|p1b: Pelipper|Pelipper, L50, M|100/100
|-weather|RainDance|[from] ability: Drizzle|[of] p1b: Pelipper
|move|p1a: Maushold|Protect|p1a: Maushold
|-singleturn|p1a: Maushold|Protect
|move|p2b: Rillaboom|Grassy Glide|p1a: Maushold
|-activate|p1a: Maushold|move: Protect
|move|p2a: Ninetales|Blizzard|p1a: Maushold|[spread] p1b
|-activate|p1a: Maushold|move: Protect
|-damage|p1b: Pelipper|48/100
|
|-weather|RainDance|[upkeep]
|-heal|p1a: Maushold|39/100|[from] Grassy Terrain
|-heal|p2b: Rillaboom|100/100|[from] Grassy Terrain
|upkeep
|turn|7
|
|t:|1756725669
|switch|p1b: Sinistcha|Sinistcha, L50|58/100
|-heal|p1a: Maushold|64/100|[from] ability: Hospitality|[of] p1b: Sinistcha
|move|p2b: Rillaboom|Grassy Glide|p1a: Maushold
|-damage|p1a: Maushold|9/100
|move|p1a: Maushold|Population Bomb|p2b: Rillaboom
|-damage|p2b: Rillaboom|90/100
|-damage|p2b: Rillaboom|80/100
|-damage|p2b: Rillaboom|70/100
|-damage|p2b: Rillaboom|59/100
|-damage|p2b: Rillaboom|48/100
|-damage|p2b: Rillaboom|38/100
|-damage|p2b: Rillaboom|27/100
|-damage|p2b: Rillaboom|18/100
|-damage|p2b: Rillaboom|7/100
|-damage|p2b: Rillaboom|0 fnt
|faint|p2b: Rillaboom
|-hitcount|p2: Rillaboom|10
|move|p2a: Ninetales|Freeze-Dry|p1b: Sinistcha
|-supereffective|p1b: Sinistcha
|-damage|p1b: Sinistcha|4/100
|
|-weather|RainDance|[upkeep]
|-heal|p1a: Maushold|15/100|[from] Grassy Terrain
|-heal|p1b: Sinistcha|10/100|[from] Grassy Terrain
|-fieldend|move: Grassy Terrain
|upkeep
|turn|8
|
|t:|1756725694
|move|p1b: Sinistcha|Rage Powder|p1b: Sinistcha
|-singleturn|p1b: Sinistcha|move: Rage Powder
|move|p1a: Maushold|Population Bomb|p2a: Ninetales
|-damage|p2a: Ninetales|82/100
|-damage|p2a: Ninetales|66/100
|-damage|p2a: Ninetales|48/100
|-damage|p2a: Ninetales|32/100
|-damage|p2a: Ninetales|16/100
|-damage|p2a: Ninetales|0 fnt
|faint|p2a: Ninetales
|-hitcount|p2: Ninetales|6
|
|win|Togepi Trinity
|raw|Togepi Trinity's rating: 1262 → 1291(+29 for winning)
|raw|Frakub's rating: 1318 → 1295(-23 for losing)
|c|☆Frakub|gg
|c|☆Togepi Trinity|gg
