|j|☆Ferran Tiburon
|j|☆MR. HEROW
|html|Ferran TiburonMR. HEROW    
|uhtml|bestof|Game 2 of a best-of-3
|t:|1784748351
|gametype|doubles
|player|p1|Ferran Tiburon|2|1222
|player|p2|MR. HEROW|hilbert-wonderlauncher|1133
|gen|9
|tier|[Gen 9 Champions] VGC 2026 Reg M-B (Bo3)
|rated|
|rule|Species Clause: Limit one of each Pokémon
|rule|Item Clause: Limit 1 of each item
|clearpoke
|poke|p1|Charizard, L50, M|
|poke|p1|Garchomp, L50, M|
|poke|p1|Incineroar, L50, F|
|poke|p1|Venusaur, L50, M|
|poke|p1|Toxapex, L50, F|
|poke|p1|Sylveon, L50, F|
|poke|p2|Starmie, L50|
|poke|p2|Meowstic, L50, M|
|poke|p2|Overqwil, L50, M|
|poke|p2|Klefki, L50, F|
|poke|p2|Sinistcha, L50|
|poke|p2|Sneasler, L50, F|
|teampreview|4
|showteam|p1|Charizard||CharizarditeY|SolarPower|WeatherBall,HeatWave,AncientPower,Protect|Modest||M|||50|]Garchomp||ChoiceScarf|RoughSkin|RockSlide,DragonClaw,Earthquake,StompingTantrum|Adamant||M|||50|]Incineroar||SitrusBerry|Intimidate|FlareBlitz,FakeOut,Taunt,PartingShot|Impish||F|||50|]Venusaur||LifeOrb|Chlorophyll|SludgeBomb,LeafStorm,EarthPower,Protect|Modest||M|||50|]Toxapex||Leftovers|Regenerator|Infestation,Toxic,WideGuard,BanefulBunker|Bold||F|||50|]Sylveon||FairyFeather|Pixilate|HyperVoice,QuickAttack,Yawn,Detect|Modest||F|||50|
|showteam|p2|Starmie||Starminite|Illuminate|Minimize,Protect,CosmicPower,Liquidation|Impish|||||50|]Meowstic||BrightPowder|Prankster|Yawn,SunnyDay,SkillSwap,FakeOut|Impish||M|||50|]Overqwil||Leftovers|Intimidate|BarbBarrage,Stockpile,Minimize,Protect|Careful||M|||50|]Klefki||SitrusBerry|Prankster|DrainingKiss,Substitute,CalmMind,PsychUp|Calm||F|||50|]Sinistcha||CobaBerry|Hospitality|MatchaGotcha,RagePowder,ShadowBall,Protect|Calm|||||50|]Sneasler||FocusSash|Unburden|CloseCombat,Protect,DireClaw,FakeOut|Jolly||F|||50|
|inactive|Battle timer is ON: inactive players will automatically lose when time's up. (requested by MR. HEROW)
|
|t:|1784748375
|teamsize|p1|4
|teamsize|p2|4
|start
|switch|p1a: Incineroar|Incineroar, L50, F|100/100
|switch|p1b: Toxapex|Toxapex, L50, F|100/100
|switch|p2a: Overqwil|Overqwil, L50, M|100/100
|switch|p2b: Meowstic|Meowstic, L50, M|100/100
|-ability|p2a: Overqwil|Intimidate|boost
|-unboost|p1a: Incineroar|atk|1
|-unboost|p1b: Toxapex|atk|1
|-ability|p1a: Incineroar|Intimidate|boost
|-unboost|p2a: Overqwil|atk|1
|-unboost|p2b: Meowstic|atk|1
|turn|1
|
|t:|1784748390
|move|p2b: Meowstic|Fake Out|p1a: Incineroar
|-damage|p1a: Incineroar|97/100
|move|p2a: Overqwil|Stockpile|p2a: Overqwil
|-start|p2a: Overqwil|stockpile1
|-boost|p2a: Overqwil|def|1
|-boost|p2a: Overqwil|spd|1
|cant|p1a: Incineroar|flinch
|move|p1b: Toxapex|Infestation|p2a: Overqwil
|-damage|p2a: Overqwil|97/100
|-activate|p2a: Overqwil|move: Infestation|[of] p1b: Toxapex
|
|-heal|p2a: Overqwil|100/100|[from] item: Leftovers
|-damage|p2a: Overqwil|87/100|[from] move: Infestation|[partiallytrapped]
|upkeep
|turn|2
|
|t:|1784748400
|move|p2a: Overqwil|Protect|p2a: Overqwil
|-singleturn|p2a: Overqwil|Protect
|move|p2b: Meowstic|Yawn|p1b: Toxapex
|-start|p1b: Toxapex|move: Yawn|[of] p2b: Meowstic
|move|p1a: Incineroar|Taunt|p2a: Overqwil
|-activate|p2a: Overqwil|move: Protect
|move|p1b: Toxapex|Toxic|p2b: Meowstic
|-status|p2b: Meowstic|tox
|
|-heal|p2a: Overqwil|93/100|[from] item: Leftovers
|-damage|p2b: Meowstic|93/100 tox|[from] psn
|-damage|p2a: Overqwil|81/100|[from] move: Infestation|[partiallytrapped]
|upkeep
|turn|3
|
|t:|1784748411
|switch|p1b: Garchomp|Garchomp, L50, M|100/100
|move|p2b: Meowstic|Skill Swap|p2a: Overqwil
|-activate|p2b: Meowstic|Skill Swap|||[of] p2a: Overqwil
|-ability|p2b: Meowstic|Intimidate|boost
|-unboost|p1a: Incineroar|atk|1
|-unboost|p1b: Garchomp|atk|1
|move|p2a: Overqwil|Minimize|p2a: Overqwil
|-boost|p2a: Overqwil|evasion|2
|move|p1a: Incineroar|Taunt|p2a: Overqwil|[miss]
|-miss|p1a: Incineroar|p2a: Overqwil
|
|-heal|p2a: Overqwil|87/100|[from] item: Leftovers
|-damage|p2b: Meowstic|81/100 tox|[from] psn
|-end|p2a: Overqwil|Infestation|[partiallytrapped]|[silent]
|upkeep
|turn|4
|
|t:|1784748422
|move|p2a: Overqwil|Stockpile|p2a: Overqwil
|-start|p2a: Overqwil|stockpile2
|-boost|p2a: Overqwil|def|1
|-boost|p2a: Overqwil|spd|1
|move|p1b: Garchomp|Stomping Tantrum|p2a: Overqwil
|-supereffective|p2a: Overqwil|1
|-damage|p2a: Overqwil|59/100
|move|p2b: Meowstic|Yawn|p1a: Incineroar
|-start|p1a: Incineroar|move: Yawn|[of] p2b: Meowstic
|move|p1a: Incineroar|Flare Blitz|p2b: Meowstic|[miss]
|-miss|p1a: Incineroar|p2b: Meowstic
|
|-heal|p2a: Overqwil|65/100|[from] item: Leftovers
|-damage|p2b: Meowstic|63/100 tox|[from] psn
|upkeep
|turn|5
|
|t:|1784748444
|move|p2a: Overqwil|Stockpile|p2a: Overqwil
|-start|p2a: Overqwil|stockpile3
|-boost|p2a: Overqwil|def|1
|-boost|p2a: Overqwil|spd|1
|move|p1b: Garchomp|Stomping Tantrum|p2a: Overqwil
|-supereffective|p2a: Overqwil|1
|-crit|p2a: Overqwil
|-damage|p2a: Overqwil|0 fnt
|faint|p2a: Overqwil
|move|p2b: Meowstic|Yawn|p1b: Garchomp
|-start|p1b: Garchomp|move: Yawn|[of] p2b: Meowstic
|move|p1a: Incineroar|Parting Shot|p2b: Meowstic
|-unboost|p2b: Meowstic|atk|1
|-unboost|p2b: Meowstic|spa|1
|
|t:|1784748451
|switch|p1a: Toxapex|Toxapex, L50, F|100/100|[from] Parting Shot
|
|-damage|p2b: Meowstic|39/100 tox|[from] psn
|upkeep
|
|t:|1784748466
|switch|p2a: Sinistcha|Sinistcha, L50|100/100
|-heal|p2b: Meowstic|64/100 tox|[from] ability: Hospitality|[of] p2a: Sinistcha
|turn|6
|c|☆MR. HEROW|Tío gg
|inactive|MR. HEROW has 30 seconds left.
|-message|MR. HEROW forfeited.
|
|win|Ferran Tiburon
|raw|Ferran Tiburon's rating: 1222 → 1241(+19 for winning)
|raw|MR. HEROW's rating: 1133 → 1114(-19 for losing)
|c|☆Ferran Tiburon|español tenias k ser kbron
|c|☆Ferran Tiburon|JAJAJAJAJA
|c|☆MR. HEROW|JAJA sí
|c|☆Ferran Tiburon|vaya guarrada me llevas
|c|☆Ferran Tiburon|ueno, full for fun
|c|☆Ferran Tiburon|mola
