|j|☆hopiumoncrack
|j|☆tacoman007
|html|hopiumoncracktacoman007    
|uhtml|bestof|Game 2 of a best-of-3
|t:|1784573763
|gametype|doubles
|player|p1|hopiumoncrack|2|1108
|player|p2|tacoman007|102|1094
|gen|9
|tier|[Gen 9 Champions] VGC 2026 Reg M-B (Bo3)
|rated|
|rule|Species Clause: Limit one of each Pokémon
|rule|Item Clause: Limit 1 of each item
|clearpoke
|poke|p1|Incineroar, L50, F, shiny|
|poke|p1|Farigiraf, L50, M, shiny|
|poke|p1|Mawile, L50, F, shiny|
|poke|p1|Basculegion, L50, M, shiny|
|poke|p1|Ninetales-Alola, L50, M|
|poke|p1|Dragonite, L50, M|
|poke|p2|Lopunny, L50, F|
|poke|p2|Gholdengo, L50|
|poke|p2|Talonflame, L50, M|
|poke|p2|Farigiraf, L50, M|
|poke|p2|Araquanid, L50, M|
|poke|p2|Ampharos, L50, F|
|teampreview|4
|showteam|p1|Incineroar||PasshoBerry|Intimidate|FakeOut,FlareBlitz,ThroatChop,PartingShot|Brave||F|||50|]Farigiraf||ColburBerry|ArmorTail|Protect,HelpingHand,Psychic,TrickRoom|Bold||M|||50|]Mawile||Mawilite|HyperCutter|Protect,PlayRough,SuckerPunch,SwordsDance|Brave||F|||50|]Basculegion||ChoiceScarf|Adaptability|WaveCrash,LastRespects,AquaJet,FlipTurn|Jolly||M|||50|]Ninetales-Alola||FocusSash|SnowWarning|Protect,Blizzard,FreezeDry,Moonblast|Timid||M|||50|]Dragonite||Dragoninite|InnerFocus|Protect,DragonPulse,Thunderbolt,HeatWave|Modest||M|||50|
|showteam|p2|Lopunny||Lopunnite|CuteCharm|FakeOut,CloseCombat,SwordsDance,Protect|Jolly||F|||50|]Gholdengo||ChoiceScarf|GoodasGold|FlashCannon,ShadowBall,PowerGem,Psychic|Modest|||||50|]Talonflame||FocusSash|GaleWings|BraveBird,Tailwind,Taunt,Protect|Jolly||M|||50|]Farigiraf||ColburBerry|ArmorTail|HyperVoice,TrickRoom,Imprison,Protect|Quiet||M|||50|]Araquanid||MysticWater|WaterBubble|Liquidation,LeechLife,WideGuard,Protect|Brave||M|||50|]Ampharos||Ampharosite|Static|VoltSwitch,Thunderbolt,DragonPulse,Protect|Quiet||F|||50|
|
|t:|1784573804
|teamsize|p1|4
|teamsize|p2|4
|start
|switch|p1a: Basculegion|Basculegion, L50, M, shiny|100/100
|switch|p1b: Farigiraf|Farigiraf, L50, M, shiny|100/100
|switch|p2a: Ampharos|Ampharos, L50, F|100/100
|switch|p2b: Lopunny|Lopunny, L50, F|100/100
|turn|1
|l|☆tacoman007
|player|p2|
|inactive|Battle timer is ON: inactive players will automatically lose when time's up. (requested by hopiumoncrack)
|j|☆tacoman007
|inactive|tacoman007 reconnected and has 70 seconds left.
|player|p2|tacoman007|102|
|inactive|tacoman007 has 60 seconds left.
|
|t:|1784573863
|switch|p2b: Farigiraf|Farigiraf, L50, M|100/100
|move|p1a: Basculegion|Flip Turn|p2a: Ampharos
|-damage|p2a: Ampharos|63/100
|
|t:|1784573869
|switch|p1a: Incineroar|Incineroar, L50, F, shiny|100/100|[from] Flip Turn
|-ability|p1a: Incineroar|Intimidate|boost
|-unboost|p2a: Ampharos|atk|1
|-unboost|p2b: Farigiraf|atk|1
|move|p2a: Ampharos|Thunderbolt|p1a: Incineroar
|-damage|p1a: Incineroar|62/100
|move|p1b: Farigiraf|Trick Room|p1b: Farigiraf
|-fieldstart|move: Trick Room|[of] p1b: Farigiraf
|
|upkeep
|turn|2
|inactive|hopiumoncrack has 30 seconds left.
|inactive|tacoman007 has 30 seconds left.
|inactive|hopiumoncrack has 20 seconds left.
|inactive|tacoman007 has 20 seconds left.
|inactive|hopiumoncrack has 15 seconds left.
|inactive|tacoman007 has 15 seconds left.
|inactive|hopiumoncrack has 10 seconds left.
|inactive|tacoman007 has 10 seconds left.
|
|t:|1784573922
|detailschange|p2a: Ampharos|Ampharos-Mega, L50, F
|-mega|p2a: Ampharos|Ampharos|Ampharosite
|-ability|p2a: Ampharos|Mold Breaker
|move|p2a: Ampharos|Thunderbolt|p1a: Incineroar
|-damage|p1a: Incineroar|11/100
|move|p1a: Incineroar|Flare Blitz|p2b: Farigiraf
|-damage|p2b: Farigiraf|38/100
|-damage|p1a: Incineroar|0 fnt|[from] Recoil
|faint|p1a: Incineroar
|move|p2b: Farigiraf|Hyper Voice|p1b: Farigiraf
|-damage|p1b: Farigiraf|55/100
|move|p1b: Farigiraf|Psychic|p2b: Farigiraf
|-resisted|p2b: Farigiraf|1
|-damage|p2b: Farigiraf|22/100
|
|upkeep
|
|t:|1784573936
|switch|p1a: Mawile|Mawile, L50, F, shiny|100/100
|turn|3
|inactive|hopiumoncrack has 30 seconds left.
|inactive|tacoman007 has 30 seconds left.
|inactive|hopiumoncrack has 20 seconds left.
|inactive|tacoman007 has 20 seconds left.
|
|t:|1784573977
|detailschange|p1a: Mawile|Mawile-Mega, L50, F, shiny
|-mega|p1a: Mawile|Mawile|Mawilite
|move|p1b: Farigiraf|Protect|p1b: Farigiraf
|-singleturn|p1b: Farigiraf|Protect
|move|p2a: Ampharos|Thunderbolt|p1a: Mawile
|-damage|p1a: Mawile|22/100
|move|p1a: Mawile|Play Rough|p2b: Farigiraf
|-damage|p2b: Farigiraf|0 fnt
|faint|p2b: Farigiraf
|
|upkeep
|inactive|tacoman007 has 30 seconds left.
|
|t:|1784574003
|switch|p2b: Gholdengo|Gholdengo, L50|100/100
|turn|4
|
|t:|1784574019
|move|p1b: Farigiraf|Helping Hand|p1a: Mawile
|-singleturn|p1a: Mawile|Helping Hand|[of] p1b: Farigiraf
|move|p1a: Mawile|Sucker Punch|p2a: Ampharos
|-damage|p2a: Ampharos|7/100
|move|p2a: Ampharos|Thunderbolt|p1b: Farigiraf
|-damage|p1b: Farigiraf|2/100
|move|p2b: Gholdengo|Flash Cannon|p1a: Mawile
|-damage|p1a: Mawile|0 fnt
|faint|p1a: Mawile
|
|upkeep
|
|t:|1784574035
|switch|p1a: Basculegion|Basculegion, L50, M, shiny|100/100
|turn|5
|inactive|tacoman007 has 30 seconds left.
|
|t:|1784574069
|switch|p2a: Lopunny|Lopunny, L50, F|100/100
|move|p1a: Basculegion|Aqua Jet|p2a: Lopunny
|-damage|p2a: Lopunny|65/100
|move|p1b: Farigiraf|Psychic|p2b: Gholdengo
|-resisted|p2b: Gholdengo|1
|-damage|p2b: Gholdengo|80/100
|move|p2b: Gholdengo|Flash Cannon|p1b: Farigiraf
|-damage|p1b: Farigiraf|0 fnt
|faint|p1b: Farigiraf
|
|-fieldend|move: Trick Room
|upkeep
|turn|6
|inactive|tacoman007 has 30 seconds left.
|
|t:|1784574098
|move|p1a: Basculegion|Aqua Jet|p2b: Gholdengo
|-damage|p2b: Gholdengo|48/100
|move|p2b: Gholdengo|Flash Cannon|p1a: Basculegion
|-resisted|p1a: Basculegion|1
|-crit|p1a: Basculegion
|-damage|p1a: Basculegion|56/100
|move|p2a: Lopunny|Close Combat|p1a: Basculegion
|-immune|p1a: Basculegion
|
|upkeep
|turn|7
|
|t:|1784574108
|switch|p2a: Ampharos|Ampharos-Mega, L50, F|7/100
|-ability|p2a: Ampharos|Mold Breaker
|move|p1a: Basculegion|Aqua Jet|p2b: Gholdengo
|-crit|p2b: Gholdengo
|-damage|p2b: Gholdengo|7/100
|move|p2b: Gholdengo|Flash Cannon|p1a: Basculegion
|-resisted|p1a: Basculegion|1
|-damage|p1a: Basculegion|32/100
|
|upkeep
|turn|8
|
|t:|1784574121
|move|p1a: Basculegion|Aqua Jet|p2a: Ampharos
|-resisted|p2a: Ampharos|1
|-damage|p2a: Ampharos|0 fnt
|faint|p2a: Ampharos
|move|p2b: Gholdengo|Flash Cannon|p1a: Basculegion
|-resisted|p1a: Basculegion|1
|-crit|p1a: Basculegion
|-damage|p1a: Basculegion|0 fnt
|faint|p1a: Basculegion
|
|win|tacoman007
