|j|☆D_Bastial
|j|☆i still have it
|html|D_Bastiali still have it    
|uhtml|bestof|Game 1 of a best-of-3
|t:|1757809578
|gametype|doubles
|player|p1|D_Bastial|clay|1238
|player|p2|i still have it|169|1319
|gen|9
|tier|[Gen 9] VGC 2025 Reg H (Bo3)
|rated|
|rule|Species Clause: Limit one of each Pokémon
|rule|Item Clause: Limit 1 of each item
|clearpoke
|poke|p1|Weezing, L50, M|
|poke|p1|Slaking, L50, F|
|poke|p1|Dondozo, L50, F|
|poke|p1|Tatsugiri-Droopy, L50, M|
|poke|p1|Kilowattrel, L50, M|
|poke|p1|Mamoswine, L50, F|
|poke|p2|Sneasler, L50, M|
|poke|p2|Rillaboom, L50, M|
|poke|p2|Kingambit, L50, M|
|poke|p2|Incineroar, L50, M|
|poke|p2|Ninetales-Alola, L50, M|
|poke|p2|Dondozo, L50, F|
|teampreview|4
|showteam|p1|Weezing||CovertCloak|NeutralizingGas|Protect,WillOWisp,ToxicSpikes,SludgeBomb|||M|||50|,,,,,Flying]Slaking||LifeOrb|Truant|SuckerPunch,DoubleEdge,HighHorsepower,Protect|||F|||50|,,,,,Ghost]Dondozo||Leftovers|Unaware|Protect,WaveCrash,Substitute,Earthquake|||F|||50|,,,,,Ground]Tatsugiri-Droopy||AssaultVest|Commander|MirrorCoat,DracoMeteor,IcyWind,MuddyWater|||M|||50|,,,,,Steel]Kilowattrel||ChoiceSpecs|Competitive|Discharge,AirSlash,VoltSwitch,Thunderbolt|||M|||50|,,,,,Ghost]Mamoswine||FocusSash|Oblivious|IceShard,Protect,IcicleCrash,Earthquake|||F|||50|,,,,,Ghost
|showteam|p2|Sneasler||FocusSash|PoisonTouch|CloseCombat,DireClaw,Coaching,Protect|||M|||50|,,,,,Stellar]Rillaboom||AssaultVest|GrassySurge|WoodHammer,HighHorsepower,FakeOut,GrassyGlide|||M|||50|,,,,,Fire]Kingambit||DreadPlate|Defiant|KowtowCleave,SwordsDance,SuckerPunch,Protect|||M|||50|,,,,,Dark]Incineroar||SafetyGoggles|Intimidate|FlareBlitz,KnockOff,FakeOut,PartingShot|||M|||50|,,,,,Ghost]Ninetales-Alola||CovertCloak|SnowWarning|Blizzard,AuroraVeil,FreezeDry,Protect|||M|||50|,,,,,Ghost]Dondozo||Leftovers|Unaware|WaveCrash,Fissure,Yawn,Protect|||F|||50|,,,,,Poison
|
|t:|1757809748
|teamsize|p1|4
|teamsize|p2|4
|start
|switch|p1a: Weezing|Weezing, L50, M|100/100
|switch|p1b: Slaking|Slaking, L50, F|100/100
|switch|p2a: Incineroar|Incineroar, L50, M|100/100
|switch|p2b: Kingambit|Kingambit, L50, M|100/100
|-ability|p1a: Weezing|Neutralizing Gas
|turn|1
|inactive|Battle timer is ON: inactive players will automatically lose when time's up. (requested by i still have it)
|
|t:|1757809769
|move|p2b: Kingambit|Protect|p2b: Kingambit
|-singleturn|p2b: Kingambit|Protect
|move|p1b: Slaking|High Horsepower|p2a: Incineroar|[miss]
|-miss|p1b: Slaking|p2a: Incineroar
|move|p2a: Incineroar|Knock Off|p1a: Weezing
|-damage|p1a: Weezing|60/100
|-enditem|p1a: Weezing|Covert Cloak|[from] move: Knock Off|[of] p2a: Incineroar
|move|p1a: Weezing|Will-O-Wisp|p2b: Kingambit
|-activate|p2b: Kingambit|move: Protect
|
|upkeep
|turn|2
|inactive|D_Bastial has 30 seconds left.
|
|t:|1757809795
|-terastallize|p2b: Kingambit|Dark
|move|p1b: Slaking|High Horsepower|p2a: Incineroar
|-supereffective|p2a: Incineroar
|-damage|p2a: Incineroar|0 fnt
|faint|p2a: Incineroar
|-damage|p1b: Slaking|91/100|[from] item: Life Orb
|move|p1a: Weezing|Will-O-Wisp|p2b: Kingambit|[miss]
|-miss|p1a: Weezing|p2b: Kingambit
|move|p2b: Kingambit|Kowtow Cleave|p1b: Slaking
|-damage|p1b: Slaking|31/100
|
|upkeep
|
|t:|1757809815
|switch|p2a: Rillaboom|Rillaboom, L50, M|100/100
|turn|3
|inactive|D_Bastial has 30 seconds left.
|inactive|D_Bastial has 20 seconds left.
|
|t:|1757809854
|move|p1b: Slaking|Protect|p1b: Slaking
|-singleturn|p1b: Slaking|Protect
|move|p1a: Weezing|Protect|p1a: Weezing
|-singleturn|p1a: Weezing|Protect
|move|p2b: Kingambit|Sucker Punch||[still]
|-fail|p2b: Kingambit
|move|p2a: Rillaboom|High Horsepower|p1a: Weezing
|-activate|p1a: Weezing|move: Protect
|
|upkeep
|turn|4
|
|t:|1757809872
|-terastallize|p1a: Weezing|Flying
|move|p1b: Slaking|Sucker Punch|p2a: Rillaboom
|-damage|p2a: Rillaboom|59/100
|-damage|p1b: Slaking|22/100|[from] item: Life Orb
|move|p2b: Kingambit|Sucker Punch||[still]
|-fail|p2b: Kingambit
|move|p2a: Rillaboom|High Horsepower|p1a: Weezing
|-immune|p1a: Weezing
|move|p1a: Weezing|Will-O-Wisp|p2b: Kingambit
|-status|p2b: Kingambit|brn
|
|-damage|p2b: Kingambit|94/100 brn|[from] brn
|upkeep
|turn|5
|
|t:|1757809887
|move|p1b: Slaking|Sucker Punch|p2a: Rillaboom
|-damage|p2a: Rillaboom|19/100
|-damage|p1b: Slaking|12/100|[from] item: Life Orb
|move|p2a: Rillaboom|Wood Hammer|p1b: Slaking
|-damage|p1b: Slaking|0 fnt
|faint|p1b: Slaking
|-damage|p2a: Rillaboom|15/100|[from] Recoil
|move|p1a: Weezing|Sludge Bomb|p2a: Rillaboom
|-supereffective|p2a: Rillaboom
|-damage|p2a: Rillaboom|0 fnt
|faint|p2a: Rillaboom
|move|p2b: Kingambit|Swords Dance|p2b: Kingambit
|-boost|p2b: Kingambit|atk|2
|
|-damage|p2b: Kingambit|88/100 brn|[from] brn
|upkeep
|
|t:|1757809902
|switch|p1b: Dondozo|Dondozo, L50, F|100/100
|switch|p2a: Ninetales|Ninetales-Alola, L50, M|100/100
|turn|6
|
|t:|1757809916
|move|p1b: Dondozo|Protect|p1b: Dondozo
|-singleturn|p1b: Dondozo|Protect
|move|p2a: Ninetales|Freeze-Dry|p1b: Dondozo
|-activate|p1b: Dondozo|move: Protect
|move|p1a: Weezing|Sludge Bomb|p2a: Ninetales
|-supereffective|p2a: Ninetales
|-damage|p2a: Ninetales|45/100
|move|p2b: Kingambit|Kowtow Cleave|p1b: Dondozo
|-activate|p1b: Dondozo|move: Protect
|
|-damage|p2b: Kingambit|82/100 brn|[from] brn
|upkeep
|turn|7
|-message|i still have it forfeited.
|
|win|D_Bastial
||i still have it is ready for game 2.
||D_Bastial is ready for game 2.
|uhtml|next|Next: Game 2 of 3
