|j|☆TheLeoj
|j|☆GS Barnabe
|html|TheLeojGS Barnabe    
|uhtml|bestof|Game 2 of a best-of-3
|t:|1783987938
|gametype|doubles
|player|p1|TheLeoj|1|
|player|p2|GS Barnabe|barry|
|gen|9
|tier|[Gen 9 Champions] VGC 2026 Reg M-B (Bo3)
|rule|Species Clause: Limit one of each Pokémon
|rule|Item Clause: Limit 1 of each item
|clearpoke
|poke|p1|Politoed, L50, F, shiny|
|poke|p1|Incineroar, L50, M, shiny|
|poke|p1|Gengar, L50, M, shiny|
|poke|p1|Archaludon, L50, F, shiny|
|poke|p1|Swampert, L50, M, shiny|
|poke|p1|Vivillon-Elegant, L50, M, shiny|
|poke|p2|Aerodactyl, L50, M|
|poke|p2|Floette-Eternal, L50, F|
|poke|p2|Tyranitar, L50, F|
|poke|p2|Houndstone, L50, M|
|poke|p2|Decidueye-Hisui, L50, M|
|poke|p2|Metagross, L50|
|teampreview|4
|showteam|p1|Politoed||SitrusBerry|Drizzle|WeatherBall,Encore,PerishSong,Protect|Calm||F|||50|]Incineroar||PasshoBerry|Intimidate|ThroatChop,FakeOut,PartingShot,Protect|Sassy||M|||50|]Gengar||Gengarite|CursedBody|ShadowBall,SludgeBomb,PerishSong,Protect|Timid||M|||50|]Archaludon||Leftovers|Stamina|ElectroShot,FlashCannon,DragonPulse,Protect|Bold||F|||50|]Swampert||Swampertite|Torrent|WaveCrash,Earthquake,IcePunch,Protect|Adamant||M|||50|]Vivillon-Elegant||FocusSash|CompoundEyes|Hurricane,SleepPowder,RagePowder,Protect|Timid||M|||50|
|showteam|p2|Aerodactyl||FocusSash|Unnerve|RockSlide,Tailwind,WideGuard,Protect|Jolly||M|||50|]Floette-Eternal||Floettite|FlowerVeil|LightofRuin,DazzlingGleam,Moonblast,Protect|Modest||F|||50|]Tyranitar||ChoiceScarf|SandStream|RockSlide,KnockOff,HighHorsepower,LowKick|Jolly||F|||50|]Houndstone||SitrusBerry|SandRush|LastRespects,WillOWisp,AllySwitch,Protect|Adamant||M|||50|]Decidueye-Hisui||ScopeLens|Scrappy|LeafBlade,TripleArrows,SuckerPunch,Protect|Adamant||M|||50|]Metagross||Metagrossite|ClearBody|IronHead,PsychicFangs,IcePunch,Protect|Adamant|||||50|
|inactive|Battle timer is ON: inactive players will automatically lose when time's up. (requested by TheLeoj)
|inactive|TheLeoj has 60 seconds left.
|
|t:|1783987983
|teamsize|p1|4
|teamsize|p2|4
|start
|switch|p1a: Incineroar|Incineroar, L50, M, shiny|100/100
|switch|p1b: Politoed|Politoed, L50, F, shiny|100/100
|switch|p2a: Tyranitar|Tyranitar, L50, F|100/100
|switch|p2b: Aerodactyl|Aerodactyl, L50, M|100/100
|-ability|p2b: Aerodactyl|Unnerve
|-weather|Sandstorm|[from] ability: Sand Stream|[of] p2a: Tyranitar
|-weather|RainDance|[from] ability: Drizzle|[of] p1b: Politoed
|-ability|p1a: Incineroar|Intimidate|boost
|-unboost|p2a: Tyranitar|atk|1
|-unboost|p2b: Aerodactyl|atk|1
|turn|1
|inactive|GS Barnabe has 30 seconds left.
|
|t:|1783988017
|switch|p2a: Houndstone|Houndstone, L50, M|100/100
|move|p2b: Aerodactyl|Protect|p2b: Aerodactyl
|-singleturn|p2b: Aerodactyl|Protect
|move|p1a: Incineroar|Fake Out|p2b: Aerodactyl
|-activate|p2b: Aerodactyl|move: Protect
|move|p1b: Politoed|Perish Song|p1b: Politoed
|-start|p1a: Incineroar|perish3|[silent]
|-start|p1b: Politoed|perish3|[silent]
|-start|p2a: Houndstone|perish3|[silent]
|-start|p2b: Aerodactyl|perish3|[silent]
|-fieldactivate|move: Perish Song
|
|-weather|RainDance|[upkeep]
|-start|p2b: Aerodactyl|perish3
|-start|p2a: Houndstone|perish3
|-start|p1b: Politoed|perish3
|-start|p1a: Incineroar|perish3
|upkeep
|turn|2
|inactive|TheLeoj has 30 seconds left.
|inactive|GS Barnabe has 30 seconds left.
|
|t:|1783988052
|move|p2b: Aerodactyl|Rock Slide|p1b: Politoed|[spread] p1a,p1b
|-supereffective|p1a: Incineroar|1
|-damage|p1a: Incineroar|69/100
|-damage|p1b: Politoed|84/100
|move|p2a: Houndstone|Will-O-Wisp|p1b: Politoed
|-status|p1b: Politoed|brn
|move|p1b: Politoed|Encore|p2a: Houndstone
|-start|p2a: Houndstone|Encore
|move|p1a: Incineroar|Parting Shot|p2a: Houndstone
|-unboost|p2a: Houndstone|atk|1
|-unboost|p2a: Houndstone|spa|1
|
|t:|1783988066
|switch|p1a: Gengar|Gengar, L50, M, shiny|100/100|[from] Parting Shot
|
|-weather|RainDance|[upkeep]
|-damage|p1b: Politoed|78/100 brn|[from] brn
|-start|p2b: Aerodactyl|perish2
|-start|p2a: Houndstone|perish2
|-start|p1b: Politoed|perish2
|upkeep
|turn|3
|
|t:|1783988087
|switch|p1b: Incineroar|Incineroar, L50, M, shiny|69/100
|-ability|p1b: Incineroar|Intimidate|boost
|-unboost|p2a: Houndstone|atk|1
|-unboost|p2b: Aerodactyl|atk|1
|detailschange|p1a: Gengar|Gengar-Mega, L50, M, shiny
|-mega|p1a: Gengar|Gengar|Gengarite
|move|p1a: Gengar|Sludge Bomb|p2a: Houndstone
|-resisted|p2a: Houndstone|1
|-damage|p2a: Houndstone|68/100
|move|p2b: Aerodactyl|Rock Slide|p1b: Incineroar|[spread] p1a,p1b
|-supereffective|p1b: Incineroar|1
|-damage|p1a: Gengar|78/100
|-damage|p1b: Incineroar|47/100
|move|p2a: Houndstone|Will-O-Wisp|p1a: Gengar
|-status|p1a: Gengar|brn
|
|-weather|RainDance|[upkeep]
|-damage|p1a: Gengar|72/100 brn|[from] brn
|-start|p2b: Aerodactyl|perish1
|-start|p2a: Houndstone|perish1
|upkeep
|turn|4
|inactive|GS Barnabe has 30 seconds left.
|
|t:|1783988113
|move|p1a: Gengar|Protect|p1a: Gengar
|-singleturn|p1a: Gengar|Protect
|move|p1b: Incineroar|Protect|p1b: Incineroar
|-singleturn|p1b: Incineroar|Protect
|move|p2b: Aerodactyl|Rock Slide|p1a: Gengar|[spread] 
|-activate|p1a: Gengar|move: Protect
|-activate|p1b: Incineroar|move: Protect
|move|p2a: Houndstone|Will-O-Wisp|p1b: Incineroar
|-activate|p1b: Incineroar|move: Protect
|
|-weather|RainDance|[upkeep]
|-damage|p1a: Gengar|66/100 brn|[from] brn
|-start|p2b: Aerodactyl|perish0
|-start|p2a: Houndstone|perish0
|faint|p2b: Aerodactyl
|faint|p2a: Houndstone
|upkeep
|
|t:|1783988129
|switch|p2b: Tyranitar|Tyranitar, L50, F|100/100
|switch|p2a: Metagross|Metagross, L50|100/100
|-weather|Sandstorm|[from] ability: Sand Stream|[of] p2b: Tyranitar
|turn|5
|
|t:|1783988151
|switch|p1a: Politoed|Politoed, L50, F, shiny|78/100 brn
|-weather|RainDance|[from] ability: Drizzle|[of] p1a: Politoed
|move|p2a: Metagross|Protect|p2a: Metagross
|-singleturn|p2a: Metagross|Protect
|move|p2b: Tyranitar|Rock Slide|p1b: Incineroar|[spread] p1a,p1b
|-supereffective|p1b: Incineroar|1
|-damage|p1a: Politoed|52/100 brn
|-damage|p1b: Incineroar|0 fnt
|faint|p1b: Incineroar
|
|-weather|RainDance|[upkeep]
|-damage|p1a: Politoed|45/100 brn|[from] brn
|upkeep
|-enditem|p1a: Politoed|Sitrus Berry|[eat]
|-heal|p1a: Politoed|70/100 brn|[from] item: Sitrus Berry
|
|t:|1783988176
|switch|p1b: Gengar|Gengar-Mega, L50, M, shiny|66/100 brn
|turn|6
|
|t:|1783988187
|detailschange|p2a: Metagross|Metagross-Mega, L50
|-mega|p2a: Metagross|Metagross|Metagrossite
|move|p1b: Gengar|Perish Song|p1b: Gengar
|-start|p1a: Politoed|perish3|[silent]
|-start|p1b: Gengar|perish3|[silent]
|-start|p2a: Metagross|perish3|[silent]
|-start|p2b: Tyranitar|perish3|[silent]
|-fieldactivate|move: Perish Song
|move|p2b: Tyranitar|Rock Slide|p1b: Gengar|[spread] p1a,p1b
|-damage|p1a: Politoed|41/100 brn
|-damage|p1b: Gengar|16/100 brn
|move|p2a: Metagross|Psychic Fangs|p1b: Gengar
|-supereffective|p1b: Gengar|1
|-damage|p1b: Gengar|0 fnt
|faint|p1b: Gengar
|move|p1a: Politoed|Weather Ball|p2b: Tyranitar
|-supereffective|p2b: Tyranitar|1
|-damage|p2b: Tyranitar|0 fnt
|faint|p2b: Tyranitar
|
|-weather|RainDance|[upkeep]
|-damage|p1a: Politoed|35/100 brn|[from] brn
|-start|p2a: Metagross|perish3
|-start|p1a: Politoed|perish3
|upkeep
|
|t:|1783988201
|switch|p1b: Archaludon|Archaludon, L50, F, shiny|100/100
|turn|7
|inactive|GS Barnabe has 30 seconds left.
|inactive|GS Barnabe has 20 seconds left.
|inactive|GS Barnabe has 15 seconds left.
|inactive|GS Barnabe has 10 seconds left.
|inactive|GS Barnabe has 5 seconds left.
|
|t:|1783988252
|move|p1b: Archaludon|Protect|p1b: Archaludon
|-singleturn|p1b: Archaludon|Protect
|move|p2a: Metagross|Psychic Fangs|p1b: Archaludon
|-activate|p1b: Archaludon|move: Protect
|move|p1a: Politoed|Weather Ball|p2a: Metagross
|-damage|p2a: Metagross|52/100
|
|-weather|RainDance|[upkeep]
|-damage|p1a: Politoed|29/100 brn|[from] brn
|-start|p2a: Metagross|perish2
|-start|p1a: Politoed|perish2
|upkeep
|turn|8
|
|t:|1783988272
|move|p2a: Metagross|Iron Head|p1b: Archaludon
|-resisted|p1b: Archaludon|1
|-damage|p1b: Archaludon|80/100
|-ability|p1b: Archaludon|Stamina|boost
|-boost|p1b: Archaludon|def|1
|move|p1b: Archaludon|Electro Shot||[still]
|-prepare|p1b: Archaludon|Electro Shot
|-boost|p1b: Archaludon|spa|1
|-anim|p1b: Archaludon|Electro Shot|p2a: Metagross
|-damage|p2a: Metagross|2/100
|move|p1a: Politoed|Weather Ball|p2a: Metagross
|-damage|p2a: Metagross|0 fnt
|faint|p2a: Metagross
|
|win|TheLeoj
|inactive|TheLeoj has 30 seconds to confirm battle start!
|inactive|GS Barnabe has 30 seconds to confirm battle start!
||TheLeoj is ready for game 3.
|inactive|GS Barnabe has 20 seconds to confirm battle start!
