|j|☆Nazuwu
|j|☆Faabow
|html|NazuwuFaabow    
|uhtml|bestof|Game 1 of a best-of-3
|t:|1757789738
|gametype|doubles
|player|p1|Nazuwu|roxie|
|player|p2|Faabow|102|
|gen|9
|tier|[Gen 9] VGC 2025 Reg H (Bo3)
|rule|Species Clause: Limit one of each Pokémon
|rule|Item Clause: Limit 1 of each item
|clearpoke
|poke|p1|Kingambit, L50, M|
|poke|p1|Primarina, L50, F|
|poke|p1|Sneasler, L50, F|
|poke|p1|Magmar, L50, M|
|poke|p1|Rillaboom, L50, F|
|poke|p1|Dragapult, L50, F|
|poke|p2|Sinistcha, L50|
|poke|p2|Ninetales-Alola, L50, F|
|poke|p2|Gyarados, L50, F|
|poke|p2|Metagross, L50|
|poke|p2|Houndoom, L50, M|
|poke|p2|Annihilape, L50, M|
|teampreview|4
|showteam|p1|Kingambit||BlackGlasses|Defiant|KowtowCleave,SuckerPunch,SwordsDance,Protect|||M|||50|,,,,,Dark]Primarina||SitrusBerry|LiquidVoice|HyperVoice,Moonblast,Haze,Protect|||F|||50|,,,,,Poison]Sneasler||FocusSash|PoisonTouch|CloseCombat,DireClaw,FakeOut,Protect|||F|||50|,,,,,Ghost]Magmar||Eviolite|VitalSpirit|Overheat,WillOWisp,FollowMe,Protect|||M|||50|,,,,,Ghost]Rillaboom||AssaultVest|GrassySurge|WoodHammer,GrassyGlide,HighHorsepower,FakeOut|||F|||50|,,,,,Fire]Dragapult||ChoiceBand|ClearBody|DragonDarts,PhantomForce,Outrage,Uturn|||F|||50|,,,,,Dragon
|showteam|p2|Sinistcha||RockyHelmet|Hospitality|MatchaGotcha,ShadowBall,RagePowder,TrickRoom||||||50|,,,,,Water]Ninetales-Alola||ChoiceSpecs|SnowWarning|AuroraVeil,FreezeDry,Blizzard,Moonblast|||F|||50|,,,,,Ghost]Gyarados||SitrusBerry|Intimidate|Waterfall,ThunderWave,Taunt,Protect|||F|||50|,,,,,Grass]Metagross||MetalCoat|ClearBody|BulletPunch,HeavySlam,PsychicFangs,Protect||||||50|,,,,,Steel]Houndoom||AssaultVest|FlashFire|Flamethrower,BeatUp,DarkPulse,Snarl|||M|||50|,,,,,Ghost]Annihilape||Leftovers|Defiant|BulkUp,RageFist,DrainPunch,Protect|||M|||50|,,,,,Fire
|j| luggi8787
|inactive|Battle timer is ON: inactive players will automatically lose when time's up. (requested by Faabow)
|
|t:|1757789814
|teamsize|p1|4
|teamsize|p2|4
|start
|switch|p1a: Dragapult|Dragapult, L50, F|100/100
|switch|p1b: Primarina|Primarina, L50, F|100/100
|switch|p2a: Michael|Annihilape, L50, M|100/100
|switch|p2b: Dodo|Houndoom, L50, M, shiny|100/100
|turn|1
|inactive|Nazuwu has 30 seconds left.
|inactive|Faabow has 30 seconds left.
|
|t:|1757789841
|move|p2a: Michael|Protect|p2a: Michael
|-singleturn|p2a: Michael|Protect
|move|p1a: Dragapult|U-turn|p2a: Michael
|-activate|p2a: Michael|move: Protect
|move|p2b: Dodo|Dark Pulse|p1a: Dragapult
|-supereffective|p1a: Dragapult
|-damage|p1a: Dragapult|5/100
|move|p1b: Primarina|Moonblast|p2a: Michael
|-activate|p2a: Michael|move: Protect
|
|upkeep
|turn|2
|
|t:|1757789865
|-terastallize|p2a: Michael|Fire
|move|p1a: Dragapult|U-turn|p2b: Dodo
|-damage|p2b: Dodo|26/100
|
|t:|1757789872
|switch|p1a: Sneasler|Sneasler, L50, F|100/100|[from] U-turn
|move|p2b: Dodo|Snarl|p1a: Sneasler|[spread] p1a,p1b
|-resisted|p1a: Sneasler
|-resisted|p1b: Primarina
|-damage|p1a: Sneasler|88/100
|-damage|p1b: Primarina|92/100
|-unboost|p1a: Sneasler|spa|1
|-unboost|p1b: Primarina|spa|1
|move|p2a: Michael|Rage Fist|p1b: Primarina
|-damage|p1b: Primarina|71/100
|move|p1b: Primarina|Hyper Voice|p2b: Dodo|[spread] p2a,p2b
|-supereffective|p2a: Michael
|-supereffective|p2b: Dodo
|-damage|p2a: Michael|66/100
|-damage|p2b: Dodo|0 fnt
|faint|p2b: Dodo
|
|-heal|p2a: Michael|73/100|[from] item: Leftovers
|upkeep
|
|t:|1757789892
|switch|p2b: EimerArthur|Sinistcha, L50|100/100
|-heal|p2a: Michael|97/100|[from] ability: Hospitality|[of] p2b: EimerArthur
|turn|3
|inactive|Faabow has 30 seconds left.
|
|t:|1757789920
|move|p1a: Sneasler|Fake Out|p2a: Michael
|-damage|p2a: Michael|83/100
|cant|p2a: Michael|flinch
|move|p1b: Primarina|Moonblast|p2b: EimerArthur
|-damage|p2b: EimerArthur|70/100
|move|p2b: EimerArthur|Matcha Gotcha|p1a: Sneasler|[spread] p1a,p1b
|-resisted|p1a: Sneasler
|-crit|p1a: Sneasler
|-supereffective|p1b: Primarina
|-damage|p1a: Sneasler|58/100
|-heal|p2b: EimerArthur|83/100|[from] drain|[of] p1a: Sneasler
|-damage|p1b: Primarina|21/100
|-heal|p2b: EimerArthur|100/100|[from] drain|[of] p1b: Primarina
|-status|p1a: Sneasler|brn
|-status|p1b: Primarina|brn
|-enditem|p1b: Primarina|Sitrus Berry|[eat]
|-heal|p1b: Primarina|46/100 brn|[from] item: Sitrus Berry
|
|-heal|p2a: Michael|89/100|[from] item: Leftovers
|-damage|p1a: Sneasler|52/100 brn|[from] brn
|-damage|p1b: Primarina|40/100 brn|[from] brn
|upkeep
|turn|4
|inactive|Nazuwu has 30 seconds left.
|inactive|Faabow has 30 seconds left.
|inactive|Nazuwu has 20 seconds left.
|inactive|Nazuwu has 15 seconds left.
|inactive|Nazuwu has 10 seconds left.
|
|t:|1757789969
|move|p1b: Primarina|Protect|p1b: Primarina
|-singleturn|p1b: Primarina|Protect
|move|p1a: Sneasler|Dire Claw|p2b: EimerArthur
|-damage|p2b: EimerArthur|83/100
|-damage|p1a: Sneasler|36/100 brn|[from] item: Rocky Helmet|[of] p2b: EimerArthur
|move|p2a: Michael|Bulk Up|p2a: Michael
|-boost|p2a: Michael|atk|1
|-boost|p2a: Michael|def|1
|move|p2b: EimerArthur|Matcha Gotcha|p1a: Sneasler|[spread] p1a
|-activate|p1b: Primarina|move: Protect
|-resisted|p1a: Sneasler
|-damage|p1a: Sneasler|17/100 brn
|-heal|p2b: EimerArthur|91/100|[from] drain|[of] p1a: Sneasler
|
|-heal|p2a: Michael|95/100|[from] item: Leftovers
|-damage|p1a: Sneasler|11/100 brn|[from] brn
|-damage|p1b: Primarina|34/100 brn|[from] brn
|upkeep
|turn|5
|inactive|Nazuwu has 30 seconds left.
|
|t:|1757790001
|move|p1a: Sneasler|Close Combat|p2a: Michael
|-damage|p2a: Michael|71/100
|-unboost|p1a: Sneasler|def|1
|-unboost|p1a: Sneasler|spd|1
|move|p2a: Michael|Rage Fist|p1b: Primarina
|-damage|p1b: Primarina|0 fnt
|faint|p1b: Primarina
|move|p2b: EimerArthur|Matcha Gotcha|p1a: Sneasler
|-resisted|p1a: Sneasler
|-damage|p1a: Sneasler|0 fnt
|-heal|p2b: EimerArthur|95/100|[from] drain|[of] p1a: Sneasler
|faint|p1a: Sneasler
|
|-heal|p2a: Michael|77/100|[from] item: Leftovers
|upkeep
|
|t:|1757790017
|switch|p1a: Dragapult|Dragapult, L50, F|5/100
|switch|p1b: Kingambit|Kingambit, L50, M|100/100
|turn|6
|inactive|Nazuwu has 30 seconds left.
|inactive|Nazuwu has 20 seconds left.
|
|t:|1757790053
|-terastallize|p1b: Kingambit|Dark
|move|p2a: Michael|Protect|p2a: Michael
|-singleturn|p2a: Michael|Protect
|move|p1a: Dragapult|Phantom Force||[still]
|-prepare|p1a: Dragapult|Phantom Force
|move|p1b: Kingambit|Kowtow Cleave|p2a: Michael
|-activate|p2a: Michael|move: Protect
|move|p2b: EimerArthur|Trick Room|p2b: EimerArthur
|-fieldstart|move: Trick Room|[of] p2b: EimerArthur
|
|-heal|p2a: Michael|83/100|[from] item: Leftovers
|upkeep
|turn|7
|
|t:|1757790070
|move|p1b: Kingambit|Protect|p1b: Kingambit
|-singleturn|p1b: Kingambit|Protect
|move|p2b: EimerArthur|Rage Powder|p2b: EimerArthur
|-singleturn|p2b: EimerArthur|move: Rage Powder
|move|p2a: Michael|Bulk Up|p2a: Michael
|-boost|p2a: Michael|atk|1
|-boost|p2a: Michael|def|1
|move|p1a: Dragapult|Phantom Force|p2b: EimerArthur|[from] lockedmove
|-supereffective|p2b: EimerArthur
|-damage|p2b: EimerArthur|0 fnt
|-damage|p1a: Dragapult|0 fnt|[from] item: Rocky Helmet|[of] p2b: EimerArthur
|faint|p2b: EimerArthur
|faint|p1a: Dragapult
|
|-heal|p2a: Michael|89/100|[from] item: Leftovers
|upkeep
|
|t:|1757790083
|switch|p2b: Violet|Ninetales-Alola, L50, F, shiny|100/100
|-weather|Snowscape|[from] ability: Snow Warning|[of] p2b: Violet
|turn|8
|
|t:|1757790093
|move|p1b: Kingambit|Kowtow Cleave|p2a: Michael
|-damage|p2a: Michael|44/100
|move|p2a: Michael|Drain Punch|p1b: Kingambit
|-supereffective|p1b: Kingambit
|-crit|p1b: Kingambit
|-damage|p1b: Kingambit|0 fnt
|-heal|p2a: Michael|97/100|[from] drain|[of] p1b: Kingambit
|faint|p1b: Kingambit
|
|win|Faabow
||Nazuwu is ready for game 2.
|inactive|Faabow has 30 seconds to confirm battle start!
||Faabow is ready for game 2.
|uhtml|next|Next: Game 2 of 3
