|j|☆winner9630
|j|☆Obsida
|html|winner9630Obsida    
|uhtml|bestof|Game 2 of a best-of-3
|t:|1757205957
|gametype|doubles
|player|p1|winner9630|266|1043
|player|p2|Obsida|backpacker|1078
|gen|9
|tier|[Gen 9] VGC 2025 Reg H (Bo3)
|rated|
|rule|Species Clause: Limit one of each Pokémon
|rule|Item Clause: Limit 1 of each item
|clearpoke
|poke|p1|Kingambit, L50, M|
|poke|p1|Basculegion, L50, M|
|poke|p1|Archaludon, L50, F|
|poke|p1|Rillaboom, L50, M|
|poke|p1|Sinistcha, L50|
|poke|p1|Pelipper, L50, F|
|poke|p2|Porygon2, L50|
|poke|p2|Incineroar, L50, M|
|poke|p2|Ursaluna, L50, F|
|poke|p2|Jumpluff, L50, F|
|poke|p2|Charizard, L50, M|
|poke|p2|Torkoal, L50, M|
|teampreview|4
|showteam|p1|Kingambit||SafetyGoggles|Defiant|SuckerPunch,KowtowCleave,SwordsDance,Protect|||M|||50|,,,,,Flying]Basculegion||ChoiceScarf|Adaptability|WaveCrash,LastRespects,AquaJet,FlipTurn|||M|||50|,,,,,Water]Archaludon||AssaultVest|Stamina|ElectroShot,Snarl,BodyPress,FlashCannon|||F|||50|,,,,,Grass]Rillaboom||LoadedDice|GrassySurge|BulletSeed,GrassyGlide,FakeOut,KnockOff|||M|||50|,,,,,Fire]Sinistcha||SitrusBerry|Hospitality|Curse,MatchaGotcha,RagePowder,LifeDew||||||50|,,,,,Water]Pelipper||FocusSash|Drizzle|MuddyWater,Hurricane,Protect,HelpingHand|||F|||50|,,,,,Ground
|showteam|p2|Porygon2||Eviolite|Download|TeraBlast,IceBeam,TrickRoom,Recover||||||50|,,,,,Fighting]Incineroar||SitrusBerry|Intimidate|FakeOut,KnockOff,FlareBlitz,PartingShot|||M|||50|,,,,,Ghost]Ursaluna||FlameOrb|Guts|HeadlongRush,Facade,Earthquake,Protect|||F|||50|,,,,,Ghost]Jumpluff||CovertCloak|Chlorophyll|RagePowder,SunnyDay,Tailwind,SleepPowder|||F|||50|,,,,,Fire]Charizard||ChoiceSpecs|SolarPower|HeatWave,ScorchingSands,WeatherBall,DragonPulse|||M|||50|,,,,,Ghost]Torkoal||EjectPack|Drought|Overheat,Eruption,HelpingHand,Protect|||M|||50|,,,,,Fire
|inactive|Battle timer is ON: inactive players will automatically lose when time's up. (requested by Obsida)
|
|t:|1757205981
|teamsize|p1|4
|teamsize|p2|4
|start
|switch|p1a: Basculegion|Basculegion, L50, M|100/100
|switch|p1b: Kingambit|Kingambit, L50, M|100/100
|switch|p2a: Sidhe|Jumpluff, L50, F|100/100
|switch|p2b: Callisto|Ursaluna, L50, F|100/100
|turn|1
|inactive|Obsida has 30 seconds left.
|
|t:|1757206007
|move|p2b: Callisto|Protect|p2b: Callisto
|-singleturn|p2b: Callisto|Protect
|move|p1a: Basculegion|Flip Turn|p2b: Callisto
|-activate|p2b: Callisto|move: Protect
|move|p2a: Sidhe|Sunny Day|p2a: Sidhe
|-weather|SunnyDay
|move|p1b: Kingambit|Swords Dance|p1b: Kingambit
|-boost|p1b: Kingambit|atk|2
|
|-weather|SunnyDay|[upkeep]
|-status|p2b: Callisto|brn|[from] item: Flame Orb
|upkeep
|turn|2
|inactive|Obsida has 30 seconds left.
|inactive|Obsida has 20 seconds left.
|
|t:|1757206046
|switch|p2b: Zuko|Charizard, L50, M|100/100
|move|p1b: Kingambit|Protect|p1b: Kingambit
|-singleturn|p1b: Kingambit|Protect
|move|p2a: Sidhe|Sleep Powder|p1a: Basculegion
|-status|p1a: Basculegion|slp|[from] move: Sleep Powder
|cant|p1a: Basculegion|slp
|
|-weather|SunnyDay|[upkeep]
|-damage|p2b: Zuko|88/100|[from] ability: Solar Power|[of] p2b: Zuko
|upkeep
|turn|3
|inactive|winner9630 has 30 seconds left.
|inactive|Obsida has 30 seconds left.
|
|t:|1757206079
|-terastallize|p1b: Kingambit|Flying
|move|p2a: Sidhe|Rage Powder|p2a: Sidhe
|-singleturn|p2a: Sidhe|move: Rage Powder
|move|p1b: Kingambit|Sucker Punch|p2b: Zuko
|-damage|p2b: Zuko|0 fnt
|faint|p2b: Zuko
|cant|p1a: Basculegion|slp
|
|-weather|SunnyDay|[upkeep]
|upkeep
|
|t:|1757206088
|switch|p2b: Callisto|Ursaluna, L50, F|100/100 brn
|turn|4
|
|t:|1757206106
|move|p1b: Kingambit|Protect|p1b: Kingambit
|-singleturn|p1b: Kingambit|Protect
|move|p2a: Sidhe|Rage Powder|p2a: Sidhe
|-singleturn|p2a: Sidhe|move: Rage Powder
|cant|p1a: Basculegion|slp
|move|p2b: Callisto|Facade|p1b: Kingambit
|-activate|p1b: Kingambit|move: Protect
|
|-weather|SunnyDay|[upkeep]
|-damage|p2b: Callisto|95/100 brn|[from] brn
|upkeep
|turn|5
|
|t:|1757206127
|move|p1b: Kingambit|Sucker Punch|p2b: Callisto
|-damage|p2b: Callisto|33/100 brn
|move|p2a: Sidhe|Tailwind|p2a: Sidhe
|-sidestart|p2: Obsida|move: Tailwind
|-curestatus|p1a: Basculegion|slp|[msg]
|move|p1a: Basculegion|Flip Turn|p2b: Callisto
|-supereffective|p2b: Callisto
|-damage|p2b: Callisto|0 fnt
|faint|p2b: Callisto
|
|t:|1757206136
|switch|p1a: Sinistcha|Sinistcha, L50|100/100|[from] Flip Turn
|
|-weather|none
|upkeep
|
|t:|1757206140
|switch|p2b: Hephaestus|Torkoal, L50, M|100/100
|-weather|SunnyDay|[from] ability: Drought|[of] p2b: Hephaestus
|turn|6
|
|t:|1757206151
|switch|p1a: Pelipper|Pelipper, L50, F|100/100
|-weather|RainDance|[from] ability: Drizzle|[of] p1a: Pelipper
|-terastallize|p2b: Hephaestus|Fire
|move|p2a: Sidhe|Rage Powder|p2a: Sidhe
|-singleturn|p2a: Sidhe|move: Rage Powder
|move|p1b: Kingambit|Kowtow Cleave|p2b: Hephaestus
|-damage|p2b: Hephaestus|21/100
|move|p2b: Hephaestus|Eruption|p1a: Pelipper|[spread] p1a,p1b
|-resisted|p1a: Pelipper
|-damage|p1a: Pelipper|95/100
|-damage|p1b: Kingambit|95/100
|
|-weather|RainDance|[upkeep]
|upkeep
|turn|7
|c|☆Obsida|ggs
|-message|Obsida forfeited.
|
|win|winner9630
|raw|winner9630's rating: 1043 → 1080(+37 for winning)
|raw|Obsida's rating: 1078 → 1054(-24 for losing)
|c|☆winner9630|I have safety goggles on my king
|l|☆Obsida
|player|p2|
|c|☆winner9630|ggs
