|j|☆Vagrahb
|j|☆DamoVGC
|html|VagrahbDamoVGC    
|uhtml|bestof|Game 1 of a best-of-3
|t:|1784379793
|gametype|doubles
|player|p1|Vagrahb|170|
|player|p2|DamoVGC|2|
|gen|9
|tier|[Gen 9 Champions] VGC 2026 Reg M-B (Bo3)
|rule|Species Clause: Limit one of each Pokémon
|rule|Item Clause: Limit 1 of each item
|clearpoke
|poke|p1|Blastoise, L50, M|
|poke|p1|Meowscarada, L50, M|
|poke|p1|Meowstic, L50, M|
|poke|p1|Araquanid, L50, M|
|poke|p1|Sceptile, L50, F|
|poke|p1|Bellibolt, L50, F|
|poke|p2|Grimmsnarl, L50, M|
|poke|p2|Swampert, L50, F|
|poke|p2|Pelipper, L50, F|
|poke|p2|Archaludon, L50, M|
|poke|p2|Sinistcha, L50|
|poke|p2|Floette-Eternal, L50, F|
|teampreview|4
|showteam|p1|Blastoise||WhiteHerb|RainDish|WaterSpout,Protect,IceBeam,ShellSmash|Modest||M|||50|]Meowscarada||WideLens|Protean|FlowerTrick,TripleAxel,ThroatChop,BrickBreak|Adamant||M|||50|]Meowstic||FocusBand|Prankster|FakeOut,RainDance,TrickRoom,Psychic|Bold||M|||50|]Araquanid||MysticWater|WaterBubble|Liquidation,Soak,WideGuard,Protect|Adamant||M|||50|]Sceptile||Sceptilite|Overgrow|EnergyBall,Detect,EarthPower,UpperHand|Modest||F|||50|]Bellibolt||SitrusBerry|Electromorphosis|ParabolicCharge,Soak,AcidSpray,Protect|Modest||F|||50|
|showteam|p2|Grimmsnarl||RoseliBerry|Prankster|FoulPlay,PartingShot,Reflect,LightScreen|Careful||M|||50|]Swampert||Swampertite|Damp|WaveCrash,Earthquake,IcePunch,Protect|Adamant||F|||50|]Pelipper||SitrusBerry|Drizzle|Hurricane,WeatherBall,Tailwind,WideGuard|Modest||F|||50|]Archaludon||Leftovers|Stamina|ElectroShot,DragonPulse,FlashCannon,Protect|Modest||M|||50|]Sinistcha||CobaBerry|Hospitality|MatchaGotcha,RagePowder,LifeDew,Protect|Relaxed|||||50|]Floette-Eternal||Floettite|FlowerVeil|Moonblast,DazzlingGleam,CalmMind,Protect|Modest||F|||50|
|c|☆DamoVGC|Gl hf
|c|☆DamoVGC|Wanna change band to sash?
|
|t:|1784379907
|teamsize|p1|4
|teamsize|p2|4
|start
|switch|p1a: Meowstic|Meowstic, L50, M|100/100
|switch|p1b: Blastoise|Blastoise, L50, M|100/100
|switch|p2a: Grimmsnarl|Grimmsnarl, L50, M|100/100
|switch|p2b: Pelipper|Pelipper, L50, F|100/100
|-weather|RainDance|[from] ability: Drizzle|[of] p2b: Pelipper
|turn|1
|
|t:|1784379938
|move|p1a: Meowstic|Fake Out|p2a: Grimmsnarl
|-damage|p2a: Grimmsnarl|94/100
|cant|p2a: Grimmsnarl|flinch
|move|p1b: Blastoise|Shell Smash|p1b: Blastoise
|-unboost|p1b: Blastoise|def|1
|-unboost|p1b: Blastoise|spd|1
|-boost|p1b: Blastoise|atk|2
|-boost|p1b: Blastoise|spa|2
|-boost|p1b: Blastoise|spe|2
|-enditem|p1b: Blastoise|White Herb
|-clearnegativeboost|p1b: Blastoise|[silent]
|move|p2b: Pelipper|Hurricane|p1b: Blastoise
|-damage|p1b: Blastoise|53/100
|-start|p1b: Blastoise|confusion
|
|-weather|RainDance|[upkeep]
|-heal|p1b: Blastoise|58/100|[from] ability: Rain Dish
|upkeep
|turn|2
|
|t:|1784379969
|move|p2b: Pelipper|Wide Guard|p2b: Pelipper
|-singleturn|p2b: Pelipper|Wide Guard
|move|p2a: Grimmsnarl|Parting Shot|p1b: Blastoise
|-unboost|p1b: Blastoise|atk|1
|-unboost|p1b: Blastoise|spa|1
|
|t:|1784379974
|switch|p2a: Archaludon|Archaludon, L50, M|100/100|[from] Parting Shot
|-activate|p1b: Blastoise|confusion
|move|p1b: Blastoise|Ice Beam|p2b: Pelipper
|-damage|p2b: Pelipper|49/100
|-enditem|p2b: Pelipper|Sitrus Berry|[eat]
|-heal|p2b: Pelipper|74/100|[from] item: Sitrus Berry
|move|p1a: Meowstic|Psychic|p2b: Pelipper
|-damage|p2b: Pelipper|39/100
|
|-weather|RainDance|[upkeep]
|-heal|p1b: Blastoise|64/100|[from] ability: Rain Dish
|upkeep
|turn|3
|
|t:|1784380019
|switch|p2b: Grimmsnarl|Grimmsnarl, L50, M|94/100
|-activate|p1b: Blastoise|confusion
|-damage|p1b: Blastoise|51/100|[from] confusion
|move|p1a: Meowstic|Psychic|p2b: Grimmsnarl
|-immune|p2b: Grimmsnarl
|move|p2a: Archaludon|Electro Shot||[still]
|-prepare|p2a: Archaludon|Electro Shot
|-boost|p2a: Archaludon|spa|1
|-anim|p2a: Archaludon|Electro Shot|p1b: Blastoise
|-supereffective|p1b: Blastoise|1
|-damage|p1b: Blastoise|0 fnt
|faint|p1b: Blastoise
|
|-weather|RainDance|[upkeep]
|upkeep
|
|t:|1784380039
|switch|p1b: Bellibolt|Bellibolt, L50, F|100/100
|turn|4
|
|t:|1784380052
|move|p1a: Meowstic|Psychic|p2a: Archaludon
|-resisted|p2a: Archaludon|1
|-damage|p2a: Archaludon|87/100
|-unboost|p2a: Archaludon|spd|1
|-ability|p2a: Archaludon|Stamina|boost
|-boost|p2a: Archaludon|def|1
|move|p2a: Archaludon|Dragon Pulse|p1b: Bellibolt
|-damage|p1b: Bellibolt|44/100
|-start|p1b: Bellibolt|Charge|Dragon Pulse|[from] ability: Electromorphosis
|-enditem|p1b: Bellibolt|Sitrus Berry|[eat]
|-heal|p1b: Bellibolt|69/100|[from] item: Sitrus Berry
|move|p2b: Grimmsnarl|Foul Play|p1b: Bellibolt
|-damage|p1b: Bellibolt|49/100
|-start|p1b: Bellibolt|Charge|Foul Play|[from] ability: Electromorphosis
|move|p1b: Bellibolt|Soak|p2a: Archaludon
|-start|p2a: Archaludon|typechange|Water
|
|-weather|RainDance|[upkeep]
|-heal|p2a: Archaludon|93/100|[from] item: Leftovers
|upkeep
|turn|5
|
|t:|1784380076
|switch|p2a: Sinistcha|Sinistcha, L50|100/100
|-heal|p2b: Grimmsnarl|100/100|[from] ability: Hospitality|[of] p2a: Sinistcha
|move|p2b: Grimmsnarl|Parting Shot|p1a: Meowstic
|-unboost|p1a: Meowstic|atk|1
|-unboost|p1a: Meowstic|spa|1
|
|t:|1784380083
|switch|p2b: Archaludon|Archaludon, L50, M|93/100|[from] Parting Shot
|move|p1a: Meowstic|Psychic|p2a: Sinistcha
|-damage|p2a: Sinistcha|83/100
|move|p1b: Bellibolt|Parabolic Charge|p2a: Sinistcha|[spread] p1a,p2a,p2b
|-resisted|p2a: Sinistcha|1
|-resisted|p2b: Archaludon|1
|-damage|p1a: Meowstic|54/100
|-heal|p1b: Bellibolt|68/100|[from] drain|[of] p1a: Meowstic
|-damage|p2a: Sinistcha|62/100
|-heal|p1b: Bellibolt|78/100|[from] drain|[of] p2a: Sinistcha
|-damage|p2b: Archaludon|75/100
|-heal|p1b: Bellibolt|88/100|[from] drain|[of] p2b: Archaludon
|-ability|p2b: Archaludon|Stamina|boost
|-boost|p2b: Archaludon|def|1
|-end|p1b: Bellibolt|Charge|[silent]
|
|-weather|none
|-heal|p2b: Archaludon|81/100|[from] item: Leftovers
|upkeep
|turn|6
|
|t:|1784380106
|move|p1a: Meowstic|Psychic|p2a: Sinistcha
|-damage|p2a: Sinistcha|45/100
|move|p2b: Archaludon|Dragon Pulse|p1b: Bellibolt
|-damage|p1b: Bellibolt|55/100
|-start|p1b: Bellibolt|Charge|Dragon Pulse|[from] ability: Electromorphosis
|move|p2a: Sinistcha|Matcha Gotcha|p1b: Bellibolt|[spread] p1a,p1b
|-damage|p1a: Meowstic|28/100
|-heal|p2a: Sinistcha|56/100|[from] drain|[of] p1a: Meowstic
|-damage|p1b: Bellibolt|31/100
|-heal|p2a: Sinistcha|69/100|[from] drain|[of] p1b: Bellibolt
|-start|p1b: Bellibolt|Charge|Matcha Gotcha|[from] ability: Electromorphosis
|move|p1b: Bellibolt|Soak|p2b: Archaludon
|-start|p2b: Archaludon|typechange|Water
|
|-heal|p2b: Archaludon|87/100|[from] item: Leftovers
|upkeep
|turn|7
|n|☆Vagrahb|vagrahb
|
|t:|1784380156
|move|p1b: Bellibolt|Protect|p1b: Bellibolt
|-singleturn|p1b: Bellibolt|Protect
|move|p1a: Meowstic|Psychic|p2a: Sinistcha
|-damage|p2a: Sinistcha|52/100
|move|p2b: Archaludon|Dragon Pulse|p1b: Bellibolt
|-activate|p1b: Bellibolt|move: Protect
|move|p2a: Sinistcha|Matcha Gotcha|p1b: Bellibolt|[spread] p1a
|-activate|p1b: Bellibolt|move: Protect
|-damage|p1a: Meowstic|1/100
|-heal|p2a: Sinistcha|63/100|[from] drain|[of] p1a: Meowstic
|
|-heal|p2b: Archaludon|93/100|[from] item: Leftovers
|upkeep
|turn|8
|
|t:|1784380178
|move|p1a: Meowstic|Psychic|p2a: Sinistcha
|-damage|p2a: Sinistcha|46/100
|move|p2b: Archaludon|Dragon Pulse|p1b: Bellibolt
|-damage|p1b: Bellibolt|5/100
|-start|p1b: Bellibolt|Charge|Dragon Pulse|[from] ability: Electromorphosis
|move|p2a: Sinistcha|Matcha Gotcha|p1b: Bellibolt|[spread] p1a,p1b
|-damage|p1a: Meowstic|0 fnt
|-heal|p2a: Sinistcha|47/100|[from] drain|[of] p1a: Meowstic
|-damage|p1b: Bellibolt|0 fnt
|-heal|p2a: Sinistcha|50/100g|[from] drain|[of] p1b: Bellibolt
|faint|p1a: Meowstic
|faint|p1b: Bellibolt
|
|-heal|p2b: Archaludon|99/100|[from] item: Leftovers
|upkeep
|
|t:|1784380199
|switch|p1a: Araquanid|Araquanid, L50, M|100/100
|turn|9
|
|t:|1784380247
|switch|p2a: Pelipper|Pelipper, L50, F|39/100
|-weather|RainDance|[from] ability: Drizzle|[of] p2a: Pelipper
|move|p2b: Archaludon|Electro Shot||[still]
|-prepare|p2b: Archaludon|Electro Shot
|-boost|p2b: Archaludon|spa|1
|-anim|p2b: Archaludon|Electro Shot|p1a: Araquanid
|-supereffective|p1a: Araquanid|1
|-damage|p1a: Araquanid|0 fnt
|faint|p1a: Araquanid
|
|win|DamoVGC
