|j|☆SoundsGoodra
|j|☆testdigi
|html|SoundsGoodratestdigi    
|uhtml|bestof|Game 2 of a best-of-3
|t:|1785174280
|gametype|doubles
|player|p1|SoundsGoodra|dragontamer|1208
|player|p2|testdigi|169|1175
|gen|9
|tier|[Gen 9 Champions] VGC 2026 Reg M-B (Bo3)
|rated|
|rule|Species Clause: Limit one of each Pokémon
|rule|Item Clause: Limit 1 of each item
|clearpoke
|poke|p1|Raichu, L50, M, shiny|
|poke|p1|Sinistcha, L50, shiny|
|poke|p1|Incineroar, L50, M, shiny|
|poke|p1|Sylveon, L50, F, shiny|
|poke|p1|Metagross, L50, shiny|
|poke|p1|Hydreigon, L50, M, shiny|
|poke|p2|Raichu, L50, M|
|poke|p2|Toxapex, L50, F|
|poke|p2|Mamoswine, L50, F|
|poke|p2|Sylveon, L50, M|
|poke|p2|Corviknight, L50, F|
|poke|p2|Basculegion, L50, M|
|teampreview|4
|showteam|p1|Raichu||RaichuniteY|LightningRod|ZapCannon,FocusBlast,FakeOut,Protect|Timid||M|||50|]Sinistcha||SitrusBerry|Hospitality|MatchaGotcha,RagePowder,TrickRoom,Protect|Bold|||||50|]Incineroar||ShucaBerry|Intimidate|FlareBlitz,DarkestLariat,PartingShot,FakeOut|Careful||M|||50|]Sylveon||FairyFeather|Pixilate|HyperVoice,Moonblast,CalmMind,Protect|Modest||F|||50|]Metagross||Metagrossite|ClearBody|HardPress,PsychicFangs,BodyPress,Protect|Adamant|||||50|]Hydreigon||ChoiceScarf|Levitate|DracoMeteor,DarkPulse,EarthPower,Snarl|Modest||M|||50|
|showteam|p2|Raichu||RaichuniteY|LightningRod|ZapCannon,FocusBlast,FakeOut,Protect|Timid||M|||50|]Toxapex||Leftovers|Regenerator|Infestation,Toxic,WideGuard,BanefulBunker|Relaxed||F|||50|]Mamoswine||LifeOrb|Oblivious|StompingTantrum,IceShard,RockSlide,Protect|Adamant||F|||50|]Sylveon||FairyFeather|Pixilate|HyperVoice,QuickAttack,Yawn,Detect|Modest||M|||50|]Corviknight||OccaBerry|MirrorArmor|IronHead,BraveBird,Tailwind,Protect|Adamant||F|||50|]Basculegion||FocusSash|Adaptability|LastRespects,Liquidation,AquaJet,Protect|Adamant||M|||50|
|
|t:|1785174307
|teamsize|p1|4
|teamsize|p2|4
|start
|switch|p1a: Raichu|Raichu, L50, M, shiny|100/100
|switch|p1b: Sylveon|Sylveon, L50, F, shiny|100/100
|switch|p2a: Sylveon|Sylveon, L50, M|100/100
|switch|p2b: Raichu|Raichu, L50, M|100/100
|turn|1
|inactive|Battle timer is ON: inactive players will automatically lose when time's up. (requested by SoundsGoodra)
|
|t:|1785174326
|move|p2b: Raichu|Protect|p2b: Raichu
|-singleturn|p2b: Raichu|Protect
|move|p2a: Sylveon|Detect|p2a: Sylveon
|-singleturn|p2a: Sylveon|Protect
|move|p1a: Raichu|Fake Out|p2a: Sylveon
|-activate|p2a: Sylveon|move: Protect
|move|p1b: Sylveon|Hyper Voice|p2b: Raichu|[spread] 
|-activate|p2a: Sylveon|move: Protect
|-activate|p2b: Raichu|move: Protect
|
|upkeep
|turn|2
|
|t:|1785174341
|switch|p2b: Corviknight|Corviknight, L50, F|100/100
|move|p1a: Raichu|Focus Blast|p2b: Corviknight|[miss]
|-miss|p1a: Raichu|p2b: Corviknight
|move|p1b: Sylveon|Hyper Voice|p2a: Sylveon|[spread] p2a,p2b
|-resisted|p2b: Corviknight|1
|-damage|p2a: Sylveon|67/100
|-damage|p2b: Corviknight|76/100
|move|p2a: Sylveon|Yawn|p1b: Sylveon
|-start|p1b: Sylveon|move: Yawn|[of] p2a: Sylveon
|
|upkeep
|turn|3
|
|t:|1785174358
|switch|p1b: Metagross|Metagross, L50, shiny|100/100
|move|p1a: Raichu|Focus Blast|p2b: Corviknight|[miss]
|-miss|p1a: Raichu|p2b: Corviknight
|move|p2b: Corviknight|Tailwind|p2b: Corviknight
|-sidestart|p2: testdigi|move: Tailwind
|move|p2a: Sylveon|Hyper Voice|p1a: Raichu|[spread] p1a,p1b
|-resisted|p1b: Metagross|1
|-crit|p1b: Metagross
|-damage|p1a: Raichu|46/100
|-damage|p1b: Metagross|67/100
|
|upkeep
|turn|4
|
|t:|1785174376
|detailschange|p1b: Metagross|Metagross-Mega, L50, shiny
|-mega|p1b: Metagross|Metagross|Metagrossite
|move|p1a: Raichu|Protect|p1a: Raichu
|-singleturn|p1a: Raichu|Protect
|move|p2b: Corviknight|Brave Bird|p1a: Raichu
|-activate|p1a: Raichu|move: Protect
|move|p2a: Sylveon|Yawn|p1b: Metagross
|-start|p1b: Metagross|move: Yawn|[of] p2a: Sylveon
|move|p1b: Metagross|Hard Press|p2a: Sylveon
|-supereffective|p2a: Sylveon|1
|-damage|p2a: Sylveon|0 fnt
|faint|p2a: Sylveon
|
|upkeep
|
|t:|1785174389
|switch|p2a: Raichu|Raichu, L50, M|100/100
|turn|5
|
|t:|1785174400
|switch|p1b: Sylveon|Sylveon, L50, F, shiny|100/100
|detailschange|p2a: Raichu|Raichu-Mega-Y, L50, M
|-mega|p2a: Raichu|Raichu|Raichunite Y
|move|p2a: Raichu|Fake Out|p1b: Sylveon
|-damage|p1b: Sylveon|88/100
|move|p2b: Corviknight|Brave Bird|p1a: Raichu
|-resisted|p1a: Raichu|1
|-damage|p1a: Raichu|10/100
|-damage|p2b: Corviknight|66/100|[from] Recoil
|move|p1a: Raichu|Focus Blast|p2a: Raichu
|-damage|p2a: Raichu|67/100
|
|upkeep
|turn|6
|
|t:|1785174415
|move|p1b: Sylveon|Protect|p1b: Sylveon
|-singleturn|p1b: Sylveon|Protect
|move|p2a: Raichu|Focus Blast|p1a: Raichu
|-crit|p1a: Raichu
|-damage|p1a: Raichu|0 fnt
|faint|p1a: Raichu
|move|p2b: Corviknight|Iron Head|p1b: Sylveon
|-activate|p1b: Sylveon|move: Protect
|
|-sideend|p2: testdigi|move: Tailwind
|upkeep
|
|t:|1785174421
|switch|p1a: Hydreigon|Hydreigon, L50, M, shiny|100/100
|turn|7
|
|t:|1785174431
|move|p2a: Raichu|Protect|p2a: Raichu
|-singleturn|p2a: Raichu|Protect
|move|p1a: Hydreigon|Dark Pulse|p2b: Corviknight
|-damage|p2b: Corviknight|22/100
|move|p1b: Sylveon|Hyper Voice|p2a: Raichu|[spread] p2b
|-activate|p2a: Raichu|move: Protect
|-resisted|p2b: Corviknight|1
|-damage|p2b: Corviknight|1/100
|move|p2b: Corviknight|Tailwind|p2b: Corviknight
|-sidestart|p2: testdigi|move: Tailwind
|
|upkeep
|turn|8
|
|t:|1785174448
|move|p1b: Sylveon|Protect|p1b: Sylveon
|-singleturn|p1b: Sylveon|Protect
|move|p2a: Raichu|Focus Blast|p1a: Hydreigon
|-supereffective|p1a: Hydreigon|1
|-damage|p1a: Hydreigon|4/100
|move|p1a: Hydreigon|Dark Pulse|p2b: Corviknight
|-damage|p2b: Corviknight|0 fnt
|faint|p2b: Corviknight
|
|upkeep
|
|t:|1785174451
|switch|p2b: Basculegion|Basculegion, L50, M|100/100
|turn|9
|
|t:|1785174464
|move|p2b: Basculegion|Aqua Jet|p1a: Hydreigon
|-resisted|p1a: Hydreigon|1
|-damage|p1a: Hydreigon|0 fnt
|faint|p1a: Hydreigon
|move|p2a: Raichu|Zap Cannon|p1b: Sylveon
|-damage|p1b: Sylveon|46/100
|-status|p1b: Sylveon|par
|cant|p1b: Sylveon|par
|
|upkeep
|
|t:|1785174473
|switch|p1a: Metagross|Metagross-Mega, L50, shiny|67/100
|turn|10
|
|t:|1785174482
|move|p1a: Metagross|Protect|p1a: Metagross
|-singleturn|p1a: Metagross|Protect
|move|p1b: Sylveon|Protect|p1b: Sylveon
|-singleturn|p1b: Sylveon|Protect
|move|p2a: Raichu|Zap Cannon|p1b: Sylveon
|-activate|p1b: Sylveon|move: Protect
|move|p2b: Basculegion|Last Respects|p1a: Metagross
|-activate|p1a: Metagross|move: Protect
|
|-sideend|p2: testdigi|move: Tailwind
|upkeep
|turn|11
|
|t:|1785174503
|move|p2a: Raichu|Zap Cannon|p1b: Sylveon
|-damage|p1b: Sylveon|5/100 par
|move|p1a: Metagross|Psychic Fangs|p2b: Basculegion
|-damage|p2b: Basculegion|11/100
|move|p2b: Basculegion|Last Respects|p1a: Metagross
|-supereffective|p1a: Metagross|1
|-damage|p1a: Metagross|0 fnt
|faint|p1a: Metagross
|move|p1b: Sylveon|Hyper Voice|p2b: Basculegion|[spread] p2a,p2b
|-damage|p2a: Raichu|0 fnt
|-damage|p2b: Basculegion|0 fnt
|faint|p2a: Raichu
|faint|p2b: Basculegion
|
|win|SoundsGoodra
