|j|☆The Zamazenta user
|j|☆Reubz123
|html|The Zamazenta userReubz123    
|uhtml|bestof|Game 3 of a best-of-3
|t:|1757626654
|gametype|doubles
|player|p1|The Zamazenta user|lucas-gen4pt|1047
|player|p2|Reubz123|265|1107
|gen|9
|tier|[Gen 9] VGC 2025 Reg H (Bo3)
|rated|
|rule|Species Clause: Limit one of each Pokémon
|rule|Item Clause: Limit 1 of each item
|clearpoke
|poke|p1|Gholdengo, L50|
|poke|p1|Dragonite, L50, F|
|poke|p1|Primarina, L50, M|
|poke|p1|Incineroar, L50, M|
|poke|p1|Gallade, L50, M|
|poke|p1|Rillaboom, L50, M|
|poke|p2|Archaludon, L50, F|
|poke|p2|Weavile, L50, M|
|poke|p2|Pelipper, L50, M|
|poke|p2|Basculegion, L50, M|
|poke|p2|Farigiraf, L50, M|
|poke|p2|Amoonguss, L50, M|
|teampreview|4
|showteam|p1|Gholdengo||GrassySeed|GoodasGold|MakeItRain,ShadowBall,Protect,NastyPlot||||||50|,,,,,Fire]Dragonite||LifeOrb|InnerFocus|TeraBlast,DragonClaw,DragonDance,Protect|||F|||50|,,,,,Flying]Primarina||ThroatSpray|LiquidVoice|HyperVoice,Moonblast,Protect,IcyWind|||M|||50|,,,,,Steel]Incineroar||SafetyGoggles|Intimidate|FlareBlitz,KnockOff,PartingShot,FakeOut|||M|||50|,,,,,Bug]Gallade||FocusSash|Sharpness|NightSlash,SacredSword,PsychoCut,Protect|||M|||50|,,,,,Stellar]Rillaboom||MiracleSeed|GrassySurge|WoodHammer,GrassyGlide,FakeOut,Protect|||M|||50|,,,,,Grass
|showteam|p2|Archaludon||AssaultVest|Stamina|ElectroShot,BodyPress,DracoMeteor,FlashCannon|||F|||50|,,,,,Bug]Weavile||FocusSash|Pickpocket|FakeOut,Snarl,IceSpinner,BeatUp|||M|||50|,,,,,Ghost]Pelipper||CovertCloak|Drizzle|Hurricane,WeatherBall,WideGuard,Tailwind|||M|||50|,,,,,Grass]Basculegion||ChoiceBand|SwiftSwim|WaveCrash,FlipTurn,AquaJet,LastRespects|||M|||50|,,,,,Water]Farigiraf||SafetyGoggles|ArmorTail|TwinBeam,HelpingHand,TrickRoom,Imprison|||M|||50|,,,,,Fairy]Amoonguss||SitrusBerry|Regenerator|Spore,RagePowder,PollenPuff,Protect|||M|||50|,,,,,Water
|inactive|Battle timer is ON: inactive players will automatically lose when time's up. (requested by The Zamazenta user)
|inactive|The Zamazenta user has 60 seconds left.
|c|☆Reubz123|gl
|
|t:|1757626697
|teamsize|p1|4
|teamsize|p2|4
|start
|switch|p1a: Gallade|Gallade, L50, M|100/100
|switch|p1b: Gholdengo|Gholdengo, L50|100/100
|switch|p2a: Archaludon|Archaludon, L50, F|100/100
|switch|p2b: Pelipper|Pelipper, L50, M|100/100
|-weather|RainDance|[from] ability: Drizzle|[of] p2b: Pelipper
|turn|1
|inactive|Reubz123 has 30 seconds left.
|inactive|Reubz123 has 20 seconds left.
|inactive|Reubz123 has 15 seconds left.
|inactive|Reubz123 has 10 seconds left.
|
|t:|1757626746
|switch|p2a: Basculegion|Basculegion, L50, M|100/100
|move|p1a: Gallade|Protect|p1a: Gallade
|-singleturn|p1a: Gallade|Protect
|move|p1b: Gholdengo|Nasty Plot|p1b: Gholdengo
|-boost|p1b: Gholdengo|spa|2
|move|p2b: Pelipper|Hurricane|p1a: Gallade
|-activate|p1a: Gallade|move: Protect
|
|-weather|RainDance|[upkeep]
|upkeep
|turn|2
|
|t:|1757626768
|-terastallize|p2a: Basculegion|Water
|move|p1b: Gholdengo|Protect|p1b: Gholdengo
|-singleturn|p1b: Gholdengo|Protect
|move|p2a: Basculegion|Wave Crash|p1b: Gholdengo
|-activate|p1b: Gholdengo|move: Protect
|move|p1a: Gallade|Psycho Cut|p2b: Pelipper
|-damage|p2b: Pelipper|36/100
|move|p2b: Pelipper|Hurricane|p1a: Gallade
|-supereffective|p1a: Gallade
|-enditem|p1a: Gallade|Focus Sash
|-damage|p1a: Gallade|1/100
|
|-weather|RainDance|[upkeep]
|upkeep
|turn|3
|inactive|The Zamazenta user has 30 seconds left.
|
|t:|1757626794
|move|p1b: Gholdengo|Protect||[still]
|-fail|p1b: Gholdengo
|move|p2a: Basculegion|Wave Crash|p1b: Gholdengo
|-damage|p1b: Gholdengo|0 fnt
|faint|p1b: Gholdengo
|-damage|p2a: Basculegion|73/100|[from] Recoil
|move|p1a: Gallade|Sacred Sword|p2a: Basculegion
|-damage|p2a: Basculegion|0 fnt
|faint|p2a: Basculegion
|move|p2b: Pelipper|Hurricane|p1a: Gallade
|-supereffective|p1a: Gallade
|-damage|p1a: Gallade|0 fnt
|faint|p1a: Gallade
|
|-weather|RainDance|[upkeep]
|upkeep
|
|t:|1757626803
|switch|p1a: Primarina|Primarina, L50, M|100/100
|switch|p1b: Rillaboom|Rillaboom, L50, M|100/100
|switch|p2a: Farigiraf|Farigiraf, L50, M|100/100
|-fieldstart|move: Grassy Terrain|[from] ability: Grassy Surge|[of] p1b: Rillaboom
|turn|4
|
|t:|1757626818
|switch|p2b: Archaludon|Archaludon, L50, F|100/100
|move|p1b: Rillaboom|Protect|p1b: Rillaboom
|-singleturn|p1b: Rillaboom|Protect
|move|p1a: Primarina|Hyper Voice|p2a: Farigiraf|[spread] p2a,p2b
|-resisted|p2b: Archaludon
|-damage|p2a: Farigiraf|44/100
|-damage|p2b: Archaludon|84/100
|-ability|p2b: Archaludon|Stamina|boost
|-boost|p2b: Archaludon|def|1
|-enditem|p1a: Primarina|Throat Spray
|-boost|p1a: Primarina|spa|1|[from] item: Throat Spray
|move|p2a: Farigiraf|Trick Room|p2a: Farigiraf
|-fieldstart|move: Trick Room|[of] p2a: Farigiraf
|
|-weather|RainDance|[upkeep]
|-heal|p2a: Farigiraf|50/100|[from] Grassy Terrain
|-heal|p2b: Archaludon|90/100|[from] Grassy Terrain
|upkeep
|turn|5
|inactive|The Zamazenta user has 30 seconds left.
|
|t:|1757626851
|-terastallize|p1a: Primarina|Steel
|move|p2a: Farigiraf|Helping Hand|p2b: Archaludon
|-singleturn|p2b: Archaludon|Helping Hand|[of] p2a: Farigiraf
|move|p2b: Archaludon|Electro Shot||[still]
|-prepare|p2b: Archaludon|Electro Shot
|-boost|p2b: Archaludon|spa|1
|-anim|p2b: Archaludon|Electro Shot|p1a: Primarina
|-damage|p1a: Primarina|7/100
|move|p1a: Primarina|Moonblast|p2b: Archaludon
|-damage|p2b: Archaludon|42/100
|-ability|p2b: Archaludon|Stamina|boost
|-boost|p2b: Archaludon|def|1
|move|p1b: Rillaboom|Wood Hammer|p2b: Archaludon
|-resisted|p2b: Archaludon
|-damage|p2b: Archaludon|32/100
|-ability|p2b: Archaludon|Stamina|boost
|-boost|p2b: Archaludon|def|1
|-damage|p1b: Rillaboom|97/100|[from] Recoil
|
|-weather|none
|-heal|p2a: Farigiraf|56/100|[from] Grassy Terrain
|-heal|p2b: Archaludon|39/100|[from] Grassy Terrain
|-heal|p1a: Primarina|14/100|[from] Grassy Terrain
|-heal|p1b: Rillaboom|100/100|[from] Grassy Terrain
|upkeep
|turn|6
|
|t:|1757626866
|move|p2a: Farigiraf|Twin Beam|p1b: Rillaboom
|-damage|p1b: Rillaboom|80/100
|-damage|p1b: Rillaboom|60/100
|-hitcount|p1b: Rillaboom|2
|move|p2b: Archaludon|Body Press|p1a: Primarina
|-supereffective|p1a: Primarina
|-damage|p1a: Primarina|0 fnt
|faint|p1a: Primarina
|move|p1b: Rillaboom|Wood Hammer|p2a: Farigiraf
|-damage|p2a: Farigiraf|0 fnt
|faint|p2a: Farigiraf
|-damage|p1b: Rillaboom|37/100|[from] Recoil
|
|-heal|p2b: Archaludon|45/100|[from] Grassy Terrain
|-heal|p1b: Rillaboom|43/100|[from] Grassy Terrain
|upkeep
|
|t:|1757626870
|switch|p2a: Pelipper|Pelipper, L50, M|36/100
|-weather|RainDance|[from] ability: Drizzle|[of] p2a: Pelipper
|turn|7
|c|☆Reubz123|gg
|-message|The Zamazenta user forfeited.
|raw|The Zamazenta user's rating: 1047 → 1033(-14 for losing)
|raw|Reubz123's rating: 1107 → 1128(+21 for winning)
|
|win|Reubz123
|l|☆The Zamazenta user
|player|p1|
