|j|☆burbujina
|j|☆indigo dye
|html|burbujinaindigo dye    
|uhtml|bestof|Game 3 of a best-of-3
|t:|1755761961
|gametype|doubles
|player|p1|burbujina|clemont|1322
|player|p2|indigo dye|266|1287
|gen|9
|tier|[Gen 9] VGC 2025 Reg H (Bo3)
|rated|
|rule|Species Clause: Limit one of each Pokémon
|rule|Item Clause: Limit 1 of each item
|clearpoke
|poke|p1|Indeedee, L50, M|
|poke|p1|Kommo-o, L50, M|
|poke|p1|Incineroar, L50, F|
|poke|p1|Sneasler, L50, F|
|poke|p1|Sinistcha, L50|
|poke|p1|Kingambit, L50, M|
|poke|p2|Gholdengo, L50|
|poke|p2|Sneasler, L50, M|
|poke|p2|Rillaboom, L50, M|
|poke|p2|Dragonite, L50, F|
|poke|p2|Ninetales-Alola, L50, F|
|poke|p2|Arcanine-Hisui, L50, F|
|teampreview|4
|showteam|p1|Indeedee||FocusSash|PsychicSurge|ExpandingForce,TrickRoom,TeraBlast,Protect|||M|||50|,,,,,Fairy]Kommo-o||Leftovers|Overcoat|ClangorousSoul,ClangingScales,Flamethrower,Protect|||M|||50|,,,,,Fire]Incineroar||RockyHelmet|Intimidate|FakeOut,KnockOff,PartingShot,HelpingHand|||F|||50|,,,,,Ghost]Sneasler||PsychicSeed|Unburden|CloseCombat,DireClaw,ThroatChop,Protect|||F|||50|,,,,,Dark]Sinistcha||SitrusBerry|Hospitality|RagePowder,MatchaGotcha,TrickRoom,Protect||||||50|,,,,,Dark]Kingambit||BlackGlasses|Defiant|KowtowCleave,SuckerPunch,SwordsDance,Protect|||M|||50|,,,,,Dark
|showteam|p2|Gholdengo||GrassySeed|GoodasGold|NastyPlot,MakeItRain,ShadowBall,Protect||||||50|,,,,,Water]Sneasler||WhiteHerb|Unburden|CloseCombat,DireClaw,Coaching,Protect|||M|||50|,,,,,Ghost]Rillaboom||AssaultVest|GrassySurge|FakeOut,GrassyGlide,DrumBeating,HighHorsepower|||M|||50|,,,,,Fire]Dragonite||LoadedDice|Multiscale|ScaleShot,StompingTantrum,Tailwind,Protect|||F|||50|,,,,,Ground]Ninetales-Alola||FocusSash|SnowWarning|Blizzard,IcyWind,Encore,AuroraVeil|||F|||50|,,,,,Ghost]Arcanine-Hisui||ClearAmulet|Intimidate|RockSlide,FlareBlitz,ExtremeSpeed,Protect|||F|||50|,,,,,Water
|
|t:|1755761980
|teamsize|p1|4
|teamsize|p2|4
|start
|switch|p1a: Hiroshi|Incineroar, L50, F|100/100
|switch|p1b: Shin Chan|Kingambit, L50, M|100/100
|switch|p2a: Sneasler|Sneasler, L50, M|100/100
|switch|p2b: Arcanine|Arcanine-Hisui, L50, F|100/100
|-ability|p2b: Arcanine|Intimidate|boost
|-unboost|p1a: Hiroshi|atk|1
|-unboost|p1b: Shin Chan|atk|1
|-ability|p1b: Shin Chan|Defiant|boost
|-boost|p1b: Shin Chan|atk|2
|-ability|p1a: Hiroshi|Intimidate|boost
|-unboost|p2a: Sneasler|atk|1
|-fail|p2b: Arcanine|unboost|[from] item: Clear Amulet|[of] p2b: Arcanine
|-enditem|p2a: Sneasler|White Herb
|-clearnegativeboost|p2a: Sneasler|[silent]
|turn|1
|
|t:|1755762004
|move|p2b: Arcanine|Protect|p2b: Arcanine
|-singleturn|p2b: Arcanine|Protect
|move|p1b: Shin Chan|Protect|p1b: Shin Chan
|-singleturn|p1b: Shin Chan|Protect
|move|p2a: Sneasler|Coaching|p2b: Arcanine
|-boost|p2b: Arcanine|atk|1
|-boost|p2b: Arcanine|def|1
|move|p1a: Hiroshi|Parting Shot|p2a: Sneasler
|-unboost|p2a: Sneasler|atk|1
|-unboost|p2a: Sneasler|spa|1
|
|t:|1755762019
|switch|p1a: Himawari|Sinistcha, L50|100/100|[from] Parting Shot
|
|upkeep
|turn|2
|
|t:|1755762039
|move|p1a: Himawari|Rage Powder|p1a: Himawari
|-singleturn|p1a: Himawari|move: Rage Powder
|move|p2a: Sneasler|Close Combat|p1a: Himawari
|-immune|p1a: Himawari
|move|p2b: Arcanine|Flare Blitz|p1a: Himawari
|-supereffective|p1a: Himawari
|-damage|p1a: Himawari|0 fnt
|faint|p1a: Himawari
|-damage|p2b: Arcanine|66/100|[from] Recoil
|move|p1b: Shin Chan|Kowtow Cleave|p2a: Sneasler
|-resisted|p2a: Sneasler
|-damage|p2a: Sneasler|49/100
|
|upkeep
|
|t:|1755762054
|switch|p1a: Hiroshi|Incineroar, L50, F|100/100
|-ability|p1a: Hiroshi|Intimidate|boost
|-unboost|p2a: Sneasler|atk|1
|-fail|p2b: Arcanine|unboost|[from] item: Clear Amulet|[of] p2b: Arcanine
|turn|3
|
|t:|1755762068
|-terastallize|p1b: Shin Chan|Dark
|move|p2b: Arcanine|Protect|p2b: Arcanine
|-singleturn|p2b: Arcanine|Protect
|move|p1a: Hiroshi|Fake Out|p2b: Arcanine
|-activate|p2b: Arcanine|move: Protect
|move|p2a: Sneasler|Coaching|p2b: Arcanine
|-boost|p2b: Arcanine|atk|1
|-boost|p2b: Arcanine|def|1
|move|p1b: Shin Chan|Swords Dance|p1b: Shin Chan
|-boost|p1b: Shin Chan|atk|2
|
|upkeep
|turn|4
|
|t:|1755762106
|move|p1b: Shin Chan|Protect|p1b: Shin Chan
|-singleturn|p1b: Shin Chan|Protect
|move|p2b: Arcanine|Extreme Speed|p1b: Shin Chan
|-activate|p1b: Shin Chan|move: Protect
|move|p2a: Sneasler|Close Combat|p1b: Shin Chan
|-activate|p1b: Shin Chan|move: Protect
|move|p1a: Hiroshi|Parting Shot|p2a: Sneasler
|-unboost|p2a: Sneasler|atk|1
|-unboost|p2a: Sneasler|spa|1
|
|t:|1755762118
|switch|p1a: Ultra Heroe|Kommo-o, L50, M|100/100|[from] Parting Shot
|
|upkeep
|turn|5
|
|t:|1755762130
|move|p2b: Arcanine|Protect|p2b: Arcanine
|-singleturn|p2b: Arcanine|Protect
|move|p2a: Sneasler|Close Combat|p1b: Shin Chan
|-supereffective|p1b: Shin Chan
|-damage|p1b: Shin Chan|65/100
|-unboost|p2a: Sneasler|def|1
|-unboost|p2a: Sneasler|spd|1
|move|p1a: Ultra Heroe|Clanging Scales|p2b: Arcanine|[spread] p2a
|-activate|p2b: Arcanine|move: Protect
|-damage|p2a: Sneasler|0 fnt
|faint|p2a: Sneasler
|-unboost|p1a: Ultra Heroe|def|1
|move|p1b: Shin Chan|Kowtow Cleave|p2b: Arcanine
|-activate|p2b: Arcanine|move: Protect
|
|upkeep
|
|t:|1755762138
|switch|p2a: Rillaboom|Rillaboom, L50, M|100/100
|-fieldstart|move: Grassy Terrain|[from] ability: Grassy Surge|[of] p2a: Rillaboom
|turn|6
|
|t:|1755762152
|switch|p1a: Hiroshi|Incineroar, L50, F|100/100
|-ability|p1a: Hiroshi|Intimidate|boost
|-unboost|p2a: Rillaboom|atk|1
|-fail|p2b: Arcanine|unboost|[from] item: Clear Amulet|[of] p2b: Arcanine
|move|p1b: Shin Chan|Protect|p1b: Shin Chan
|-singleturn|p1b: Shin Chan|Protect
|move|p2a: Rillaboom|Fake Out|p1a: Hiroshi
|-damage|p1a: Hiroshi|95/100
|-damage|p2a: Rillaboom|84/100|[from] item: Rocky Helmet|[of] p1a: Hiroshi
|move|p2b: Arcanine|Extreme Speed|p1b: Shin Chan
|-activate|p1b: Shin Chan|move: Protect
|
|-heal|p2b: Arcanine|72/100|[from] Grassy Terrain
|-heal|p2a: Rillaboom|90/100|[from] Grassy Terrain
|-heal|p1a: Hiroshi|100/100|[from] Grassy Terrain
|-heal|p1b: Shin Chan|71/100|[from] Grassy Terrain
|upkeep
|turn|7
|
|t:|1755762173
|move|p2b: Arcanine|Protect|p2b: Arcanine
|-singleturn|p2b: Arcanine|Protect
|move|p1a: Hiroshi|Fake Out|p2b: Arcanine
|-activate|p2b: Arcanine|move: Protect
|move|p2a: Rillaboom|Grassy Glide|p1b: Shin Chan
|-damage|p1b: Shin Chan|53/100
|move|p1b: Shin Chan|Kowtow Cleave|p2a: Rillaboom
|-damage|p2a: Rillaboom|0 fnt
|faint|p2a: Rillaboom
|
|-heal|p2b: Arcanine|78/100|[from] Grassy Terrain
|-heal|p1b: Shin Chan|58/100|[from] Grassy Terrain
|upkeep
|
|t:|1755762177
|switch|p2a: Gholdengo|Gholdengo, L50|100/100
|-enditem|p2a: Gholdengo|Grassy Seed
|-boost|p2a: Gholdengo|def|1|[from] item: Grassy Seed
|turn|8
|
|t:|1755762205
|-terastallize|p2a: Gholdengo|Water
|move|p1b: Shin Chan|Protect|p1b: Shin Chan
|-singleturn|p1b: Shin Chan|Protect
|move|p2b: Arcanine|Extreme Speed|p1b: Shin Chan
|-activate|p1b: Shin Chan|move: Protect
|move|p2a: Gholdengo|Make It Rain|p1b: Shin Chan|[spread] p1a
|-activate|p1b: Shin Chan|move: Protect
|-resisted|p1a: Hiroshi
|-damage|p1a: Hiroshi|81/100
|-unboost|p2a: Gholdengo|spa|1
|move|p1a: Hiroshi|Knock Off|p2b: Arcanine
|-damage|p2b: Arcanine|55/100
|-enditem|p2b: Arcanine|Clear Amulet|[from] move: Knock Off|[of] p1a: Hiroshi
|
|-heal|p2b: Arcanine|61/100|[from] Grassy Terrain
|-heal|p1a: Hiroshi|87/100|[from] Grassy Terrain
|-heal|p1b: Shin Chan|64/100|[from] Grassy Terrain
|upkeep
|turn|9
|
|t:|1755762229
|move|p2b: Arcanine|Extreme Speed|p1b: Shin Chan
|-crit|p1b: Shin Chan
|-damage|p1b: Shin Chan|5/100
|move|p1b: Shin Chan|Sucker Punch||[still]
|-fail|p1b: Shin Chan
|move|p2a: Gholdengo|Nasty Plot|p2a: Gholdengo
|-boost|p2a: Gholdengo|spa|2
|move|p1a: Hiroshi|Parting Shot|p2b: Arcanine
|-unboost|p2b: Arcanine|atk|1
|-unboost|p2b: Arcanine|spa|1
|
|t:|1755762241
|switch|p1a: Ultra Heroe|Kommo-o, L50, M|100/100|[from] Parting Shot
|
|-heal|p2b: Arcanine|67/100|[from] Grassy Terrain
|-heal|p1b: Shin Chan|11/100|[from] Grassy Terrain
|upkeep
|turn|10
|
|t:|1755762254
|move|p1b: Shin Chan|Sucker Punch|p2a: Gholdengo
|-damage|p2a: Gholdengo|2/100
|move|p2b: Arcanine|Rock Slide|p1a: Ultra Heroe|[spread] p1a,p1b
|-resisted|p1a: Ultra Heroe
|-damage|p1a: Ultra Heroe|84/100
|-damage|p1b: Shin Chan|0 fnt
|faint|p1b: Shin Chan
|move|p2a: Gholdengo|Make It Rain|p1a: Ultra Heroe
|-damage|p1a: Ultra Heroe|0 fnt
|-unboost|p2a: Gholdengo|spa|1
|faint|p1a: Ultra Heroe
|
|-heal|p2b: Arcanine|72/100|[from] Grassy Terrain
|-heal|p2a: Gholdengo|8/100|[from] Grassy Terrain
|-fieldend|move: Grassy Terrain
|upkeep
|-message|burbujina forfeited.
|
|win|indigo dye
|raw|burbujina's rating: 1322 → 1300(-22 for losing)
|raw|indigo dye's rating: 1287 → 1315(+28 for winning)
|l|☆burbujina
|player|p1|
