|j|☆Mumu 1406
|j|☆sicizi
|html|Mumu 1406sicizi    
|uhtml|bestof|Game 2 of a best-of-3
|t:|1756937793
|gametype|doubles
|player|p1|Mumu 1406|2|1040
|player|p2|sicizi|1|1040
|gen|9
|tier|[Gen 9] VGC 2025 Reg H (Bo3)
|rated|
|rule|Species Clause: Limit one of each Pokémon
|rule|Item Clause: Limit 1 of each item
|clearpoke
|poke|p1|Dragonite, L50, M|
|poke|p1|Gholdengo, L50|
|poke|p1|Ursaluna-Bloodmoon, L50, M|
|poke|p1|Annihilape, L50, M|
|poke|p1|Magmar, L50, M|
|poke|p1|Ninetales-Alola, L50, M|
|poke|p2|Charizard, L50, M|
|poke|p2|Torkoal, L50, M|
|poke|p2|Porygon2, L50|
|poke|p2|Incineroar, L50, F|
|poke|p2|Jumpluff, L50, F|
|poke|p2|Ursaluna, L50, M|
|teampreview|4
|showteam|p1|Dragonite||LoadedDice|Multiscale|ScaleShot,IceSpinner,Haze,Protect|||M|||50|,,,,,Fairy]Gholdengo||MetalCoat|GoodasGold|MakeItRain,ShadowBall,NastyPlot,Protect||||||50|,,,,,Water]Ursaluna-Bloodmoon||AssaultVest|MindsEye|BloodMoon,HyperVoice,VacuumWave,EarthPower|||M|||50|,,,,,Poison]Annihilape||Leftovers|Defiant|DrainPunch,RageFist,BulkUp,Protect|||M|||50|,,,,,Water]Magmar||Eviolite|VitalSpirit|BurningJealousy,Taunt,FollowMe,Protect|||M|||50|,,,,,Ghost]Ninetales-Alola||LightClay|SnowWarning|Blizzard,FreezeDry,AuroraVeil,Protect|||M|||50|,,,,,Ghost
|showteam|p2|Charizard||ChoiceSpecs|SolarPower|HeatWave,Overheat,WeatherBall,AirSlash|||M|||50|,,,,,Ghost]Torkoal||EjectPack|Drought|Eruption,Overheat,HelpingHand,Protect|||M|||50|,,,,,Fire]Porygon2||Eviolite|Download|IceBeam,TeraBlast,TrickRoom,Recover||||||50|,,,,,Fighting]Incineroar||SitrusBerry|Intimidate|FlareBlitz,KnockOff,FakeOut,PartingShot|||F|||50|,,,,,Ghost]Jumpluff||CovertCloak|Chlorophyll|SleepPowder,SunnyDay,RagePowder,Tailwind|||F|||50|,,,,,Water]Ursaluna||FlameOrb|Guts|HeadlongRush,Facade,Earthquake,Protect|||M|||50|,,,,,Ghost
|inactive|Battle timer is ON: inactive players will automatically lose when time's up. (requested by Mumu 1406)
|inactive|Mumu 1406 has 60 seconds left.
|inactive|sicizi has 60 seconds left.
|inactive|Mumu 1406 has 30 seconds left.
|
|t:|1756937856
|teamsize|p1|4
|teamsize|p2|4
|start
|switch|p1a: Magmar|Magmar, L50, M|100/100
|switch|p1b: Annihilape|Annihilape, L50, M|100/100
|switch|p2a: Torkoal|Torkoal, L50, M|100/100
|switch|p2b: Jumpluff|Jumpluff, L50, F|100/100
|-weather|SunnyDay|[from] ability: Drought|[of] p2a: Torkoal
|turn|1
|
|t:|1756937874
|move|p1b: Annihilape|Protect|p1b: Annihilape
|-singleturn|p1b: Annihilape|Protect
|move|p2b: Jumpluff|Tailwind|p2b: Jumpluff
|-sidestart|p2: sicizi|move: Tailwind
|move|p1a: Magmar|Taunt|p2b: Jumpluff
|-start|p2b: Jumpluff|move: Taunt
|move|p2a: Torkoal|Eruption|p1b: Annihilape|[spread] p1a
|-activate|p1b: Annihilape|move: Protect
|-resisted|p1a: Magmar
|-damage|p1a: Magmar|73/100
|
|-weather|SunnyDay|[upkeep]
|upkeep
|turn|2
|inactive|Mumu 1406 has 30 seconds left.
|inactive|sicizi has 30 seconds left.
|inactive|Mumu 1406 has 20 seconds left.
|inactive|Mumu 1406 has 15 seconds left.
|inactive|Mumu 1406 has 10 seconds left.
|inactive|Mumu 1406 has 5 seconds left.
|
|t:|1756937925
|switch|p2b: Ursaluna|Ursaluna, L50, M|100/100
|-terastallize|p1b: Annihilape|Water
|move|p1b: Annihilape|Drain Punch|p2a: Torkoal
|-damage|p2a: Torkoal|78/100
|move|p1a: Magmar|Burning Jealousy|p2b: Ursaluna|[spread] p2a,p2b
|-resisted|p2a: Torkoal
|-damage|p2a: Torkoal|56/100
|-damage|p2b: Ursaluna|74/100
|move|p2a: Torkoal|Eruption|p1a: Magmar|[spread] p1a,p1b
|-resisted|p1a: Magmar
|-resisted|p1b: Annihilape
|-damage|p1a: Magmar|57/100
|-damage|p1b: Annihilape|81/100
|
|-weather|SunnyDay|[upkeep]
|-heal|p1b: Annihilape|88/100|[from] item: Leftovers
|-status|p2b: Ursaluna|brn|[from] item: Flame Orb
|upkeep
|turn|3
|inactive|Mumu 1406 has 30 seconds left.
|
|t:|1756937955
|move|p1b: Annihilape|Protect|p1b: Annihilape
|-singleturn|p1b: Annihilape|Protect
|move|p1a: Magmar|Protect|p1a: Magmar
|-singleturn|p1a: Magmar|Protect
|move|p2a: Torkoal|Protect|p2a: Torkoal
|-singleturn|p2a: Torkoal|Protect
|move|p2b: Ursaluna|Earthquake|p1b: Annihilape|[spread] 
|-activate|p2a: Torkoal|move: Protect
|-activate|p1a: Magmar|move: Protect
|-activate|p1b: Annihilape|move: Protect
|
|-weather|SunnyDay|[upkeep]
|-heal|p1b: Annihilape|94/100|[from] item: Leftovers
|-damage|p2b: Ursaluna|68/100 brn|[from] brn
|upkeep
|turn|4
|inactive|Mumu 1406 has 30 seconds left.
|
|t:|1756937986
|switch|p1b: Dragonite|Dragonite, L50, M|100/100
|switch|p2a: Jumpluff|Jumpluff, L50, F|100/100
|move|p2b: Ursaluna|Earthquake|p1a: Magmar|[spread] p1a
|-immune|p2a: Jumpluff
|-immune|p1b: Dragonite
|-supereffective|p1a: Magmar
|-damage|p1a: Magmar|0 fnt
|faint|p1a: Magmar
|
|-weather|SunnyDay|[upkeep]
|-damage|p2b: Ursaluna|62/100 brn|[from] brn
|-sideend|p2: sicizi|move: Tailwind
|upkeep
|
|t:|1756938002
|switch|p1a: Ursaluna|Ursaluna-Bloodmoon, L50, M|100/100
|turn|5
|inactive|Mumu 1406 has 30 seconds left.
|
|t:|1756938033
|move|p2b: Ursaluna|Protect|p2b: Ursaluna
|-singleturn|p2b: Ursaluna|Protect
|move|p2a: Jumpluff|Sleep Powder|p1a: Ursaluna
|-status|p1a: Ursaluna|slp|[from] move: Sleep Powder
|move|p1b: Dragonite|Scale Shot|p2a: Jumpluff
|-damage|p2a: Jumpluff|82/100
|-damage|p2a: Jumpluff|67/100
|-damage|p2a: Jumpluff|50/100
|-crit|p2a: Jumpluff
|-damage|p2a: Jumpluff|26/100
|-hitcount|p2a: Jumpluff|4
|-unboost|p1b: Dragonite|def|1
|-boost|p1b: Dragonite|spe|1
|cant|p1a: Ursaluna|slp
|
|-weather|none
|-damage|p2b: Ursaluna|56/100 brn|[from] brn
|upkeep
|turn|6
|inactive|sicizi has 30 seconds left.
|
|t:|1756938063
|switch|p2a: Torkoal|Torkoal, L50, M|56/100
|-weather|SunnyDay|[from] ability: Drought|[of] p2a: Torkoal
|move|p1b: Dragonite|Ice Spinner|p2a: Torkoal
|-resisted|p2a: Torkoal
|-damage|p2a: Torkoal|43/100
|move|p2b: Ursaluna|Facade|p1a: Ursaluna
|-damage|p1a: Ursaluna|11/100 slp
|-curestatus|p1a: Ursaluna|slp|[msg]
|move|p1a: Ursaluna|Hyper Voice|p2b: Ursaluna|[spread] p2a,p2b
|-damage|p2a: Torkoal|0 fnt
|-damage|p2b: Ursaluna|19/100 brn
|faint|p2a: Torkoal
|
|-weather|SunnyDay|[upkeep]
|-damage|p2b: Ursaluna|14/100 brn|[from] brn
|upkeep
|
|t:|1756938066
|switch|p2a: Jumpluff|Jumpluff, L50, F|26/100
|turn|7
|inactive|Mumu 1406 has 30 seconds left.
|inactive|Mumu 1406 has 20 seconds left.
|
|t:|1756938101
|move|p2a: Jumpluff|Tailwind|p2a: Jumpluff
|-sidestart|p2: sicizi|move: Tailwind
|move|p1b: Dragonite|Ice Spinner|p2a: Jumpluff
|-supereffective|p2a: Jumpluff
|-damage|p2a: Jumpluff|0 fnt
|faint|p2a: Jumpluff
|move|p2b: Ursaluna|Facade|p1b: Dragonite
|-damage|p1b: Dragonite|0 fnt
|faint|p1b: Dragonite
|move|p1a: Ursaluna|Hyper Voice|p2b: Ursaluna
|-damage|p2b: Ursaluna|0 fnt
|faint|p2b: Ursaluna
|
|-weather|SunnyDay|[upkeep]
|upkeep
|
|t:|1756938111
|switch|p1b: Annihilape|Annihilape, L50, M, tera:Water|94/100
|switch|p2b: Charizard|Charizard, L50, M|100/100
|turn|8
|
|t:|1756938134
|-terastallize|p2b: Charizard|Ghost
|move|p1b: Annihilape|Protect|p1b: Annihilape
|-singleturn|p1b: Annihilape|Protect
|move|p1a: Ursaluna|Vacuum Wave|p2b: Charizard
|-damage|p2b: Charizard|78/100
|move|p2b: Charizard|Heat Wave|p1b: Annihilape|[spread] 
|-activate|p1b: Annihilape|move: Protect
|-miss|p2b: Charizard|p1a: Ursaluna
|
|-weather|SunnyDay|[upkeep]
|-damage|p2b: Charizard|66/100|[from] ability: Solar Power|[of] p2b: Charizard
|-heal|p1b: Annihilape|99/100|[from] item: Leftovers
|upkeep
|turn|9
|
|t:|1756938153
|move|p1a: Ursaluna|Vacuum Wave|p2b: Charizard
|-damage|p2b: Charizard|46/100
|move|p2b: Charizard|Heat Wave|p1a: Ursaluna|[spread] p1a,p1b
|-resisted|p1b: Annihilape
|-damage|p1a: Ursaluna|0 fnt
|-damage|p1b: Annihilape|48/100
|faint|p1a: Ursaluna
|move|p1b: Annihilape|Rage Fist|p2b: Charizard
|-supereffective|p2b: Charizard
|-damage|p2b: Charizard|0 fnt
|faint|p2b: Charizard
|
|win|Mumu 1406
|raw|Mumu 1406's rating: 1040 → 1074(+34 for winning)
|raw|sicizi's rating: 1040 → 1024(-16 for losing)
|l|☆sicizi
|player|p2|
