|j|☆Axo of DOOM
|j|☆eklyst
|html|Axo of DOOMeklyst    
|uhtml|bestof|Game 3 of a best-of-3
|t:|1785612722
|gametype|doubles
|player|p1|Axo of DOOM|crasherwake|1267
|player|p2|eklyst|pokemaniac|1171
|gen|9
|tier|[Gen 9 Champions] VGC 2026 Reg M-B (Bo3)
|rated|
|rule|Species Clause: Limit one of each Pokémon
|rule|Item Clause: Limit 1 of each item
|clearpoke
|poke|p1|Tyranitar, L50, M|
|poke|p1|Excadrill, L50, F|
|poke|p1|Milotic, L50, M|
|poke|p1|Sinistcha, L50|
|poke|p1|Staraptor, L50, M|
|poke|p1|Gholdengo, L50|
|poke|p2|Metagross, L50|
|poke|p2|Floette-Eternal, L50, F|
|poke|p2|Garchomp, L50, F|
|poke|p2|Aerodactyl, L50, F|
|poke|p2|Sinistcha, L50|
|poke|p2|Incineroar, L50, F|
|teampreview|4
|showteam|p1|Tyranitar||Tyranitarite|SandStream|KnockOff,RockSlide,LowKick,Protect|Jolly||M|||50|]Excadrill||FocusSash|SandRush|HighHorsepower,IronHead,RockSlide,Protect|Adamant||F|||50|]Milotic||SitrusBerry|Competitive|Scald,IcyWind,IceBeam,Protect|Calm||M|||50|]Sinistcha||ColburBerry|Hospitality|MatchaGotcha,ShadowBall,Protect,RagePowder|Bold|||||50|]Staraptor||Staraptite|Intimidate|CloseCombat,BraveBird,Tailwind,Protect|Jolly||M|||50|]Gholdengo||LifeOrb|GoodasGold|MakeItRain,ShadowBall,NastyPlot,Protect|Modest|||||50|
|showteam|p2|Metagross||Metagrossite|ClearBody|PsychicFangs,IronHead,BulletPunch,Protect|Adamant|||||50|]Floette-Eternal||Floettite|FlowerVeil|DazzlingGleam,Moonblast,CalmMind,Protect|Modest||F|||50|]Garchomp||LifeOrb|RoughSkin|RockSlide,StompingTantrum,DragonClaw,Protect|Jolly||F|||50|]Aerodactyl||FocusSash|Unnerve|RockSlide,DualWingbeat,Tailwind,Protect|Jolly||F|||50|]Sinistcha||KasibBerry|Hospitality|MatchaGotcha,TrickRoom,RagePowder,Protect|Relaxed|||||50|]Incineroar||SitrusBerry|Intimidate|FakeOut,FlareBlitz,Taunt,PartingShot|Adamant||F|||50|
|inactive|Battle timer is ON: inactive players will automatically lose when time's up. (requested by eklyst)
|inactive|Axo of DOOM has 60 seconds left.
|
|t:|1785612768
|teamsize|p1|4
|teamsize|p2|4
|start
|switch|p1a: Staraptor|Staraptor, L50, M|100/100
|switch|p1b: Gholdengo|Gholdengo, L50|100/100
|switch|p2a: Floette|Floette-Eternal, L50, F|100/100
|switch|p2b: Sinistcha|Sinistcha, L50|100/100
|-ability|p1a: Staraptor|Intimidate|boost
|-unboost|p2a: Floette|atk|1
|-block|p2b: Sinistcha|ability: Flower Veil|[of] p2a: Floette
|turn|1
|inactive|Axo of DOOM has 30 seconds left.
|
|t:|1785612802
|switch|p2a: Incineroar|Incineroar, L50, F|100/100
|-ability|p2a: Incineroar|Intimidate|boost
|-unboost|p1a: Staraptor|atk|1
|-unboost|p1b: Gholdengo|atk|1
|detailschange|p1a: Staraptor|Staraptor-Mega, L50, M
|-mega|p1a: Staraptor|Staraptor|Staraptite
|move|p1a: Staraptor|Brave Bird|p2b: Sinistcha
|-supereffective|p2b: Sinistcha|1
|-damage|p2b: Sinistcha|38/100
|-damage|p1a: Staraptor|80/100|[from] Recoil
|move|p1b: Gholdengo|Nasty Plot|p1b: Gholdengo
|-boost|p1b: Gholdengo|spa|2
|move|p2b: Sinistcha|Trick Room|p2b: Sinistcha
|-fieldstart|move: Trick Room|[of] p2b: Sinistcha
|
|upkeep
|turn|2
|inactive|Axo of DOOM has 30 seconds left.
|inactive|eklyst has 30 seconds left.
|inactive|Axo of DOOM has 20 seconds left.
|inactive|Axo of DOOM has 15 seconds left.
|
|t:|1785612845
|switch|p2b: Floette|Floette-Eternal, L50, F|100/100
|switch|p1b: Milotic|Milotic, L50, M|100/100
|move|p2a: Incineroar|Fake Out|p1a: Staraptor
|-damage|p1a: Staraptor|68/100
|cant|p1a: Staraptor|flinch
|
|upkeep
|turn|3
|
|t:|1785612866
|switch|p2a: Sinistcha|Sinistcha, L50|38/100
|switch|p1a: Gholdengo|Gholdengo, L50|100/100
|detailschange|p2b: Floette|Floette-Mega, L50, F
|-mega|p2b: Floette|Floette|Floettite
|-ability|p2b: Floette|Fairy Aura
|move|p1b: Milotic|Scald|p2b: Floette
|-damage|p2b: Floette|81/100
|move|p2b: Floette|Dazzling Gleam|p1b: Milotic|[spread] p1a,p1b
|-resisted|p1a: Gholdengo|1
|-damage|p1a: Gholdengo|75/100
|-damage|p1b: Milotic|71/100
|
|upkeep
|turn|4
|
|t:|1785612888
|switch|p2a: Incineroar|Incineroar, L50, F|100/100
|-ability|p2a: Incineroar|Intimidate|boost
|-unboost|p1a: Gholdengo|atk|1
|-unboost|p1b: Milotic|atk|1
|-ability|p1b: Milotic|Competitive|boost
|-boost|p1b: Milotic|spa|2
|switch|p1b: Sinistcha|Sinistcha, L50|100/100
|-heal|p1a: Gholdengo|100/100|[from] ability: Hospitality|[of] p1b: Sinistcha
|move|p2b: Floette|Protect|p2b: Floette
|-singleturn|p2b: Floette|Protect
|move|p1a: Gholdengo|Nasty Plot|p1a: Gholdengo
|-boost|p1a: Gholdengo|spa|2
|
|upkeep
|turn|5
|inactive|Axo of DOOM has 30 seconds left.
|
|t:|1785612919
|switch|p2b: Sinistcha|Sinistcha, L50|38/100
|move|p1b: Sinistcha|Rage Powder|p1b: Sinistcha
|-singleturn|p1b: Sinistcha|move: Rage Powder
|move|p2a: Incineroar|Flare Blitz|p1b: Sinistcha
|-supereffective|p1b: Sinistcha|1
|-damage|p1b: Sinistcha|13/100
|-status|p1b: Sinistcha|brn
|-damage|p2a: Incineroar|75/100|[from] Recoil
|move|p1a: Gholdengo|Shadow Ball|p2b: Sinistcha
|-supereffective|p2b: Sinistcha|1
|-enditem|p2b: Sinistcha|Kasib Berry|[eat]
|-enditem|p2b: Sinistcha|Kasib Berry|[weaken]
|-damage|p2b: Sinistcha|0 fnt
|faint|p2b: Sinistcha
|-damage|p1a: Gholdengo|90/100|[from] item: Life Orb
|
|-damage|p1b: Sinistcha|7/100 brn|[from] brn
|-fieldend|move: Trick Room
|upkeep
|
|t:|1785612932
|switch|p2b: Garchomp|Garchomp, L50, F|100/100
|turn|6
|
|t:|1785612943
|move|p2b: Garchomp|Protect|p2b: Garchomp
|-singleturn|p2b: Garchomp|Protect
|move|p1a: Gholdengo|Protect|p1a: Gholdengo
|-singleturn|p1a: Gholdengo|Protect
|move|p1b: Sinistcha|Matcha Gotcha|p2a: Incineroar|[spread] 
|-activate|p2b: Garchomp|move: Protect
|-miss|p1b: Sinistcha|p2a: Incineroar
|move|p2a: Incineroar|Flare Blitz|p1a: Gholdengo
|-activate|p1a: Gholdengo|move: Protect
|
|-damage|p1b: Sinistcha|1/100 brn|[from] brn
|upkeep
|turn|7
|inactive|Axo of DOOM has 30 seconds left.
|
|t:|1785612974
|move|p1b: Sinistcha|Rage Powder|p1b: Sinistcha
|-singleturn|p1b: Sinistcha|move: Rage Powder
|move|p2b: Garchomp|Rock Slide|p1a: Gholdengo|[spread] p1a
|-miss|p2b: Garchomp|p1b: Sinistcha
|-resisted|p1a: Gholdengo|1
|-damage|p1a: Gholdengo|76/100
|-damage|p2b: Garchomp|90/100|[from] item: Life Orb
|cant|p1a: Gholdengo|flinch
|move|p2a: Incineroar|Flare Blitz|p1b: Sinistcha
|-supereffective|p1b: Sinistcha|1
|-damage|p1b: Sinistcha|0 fnt
|faint|p1b: Sinistcha
|-damage|p2a: Incineroar|74/100|[from] Recoil
|
|upkeep
|
|t:|1785612987
|switch|p1b: Staraptor|Staraptor-Mega, L50, M|68/100
|turn|8
|
|t:|1785613009
|move|p1a: Gholdengo|Protect|p1a: Gholdengo
|-singleturn|p1a: Gholdengo|Protect
|move|p1b: Staraptor|Tailwind|p1b: Staraptor
|-sidestart|p1: Axo of DOOM|move: Tailwind
|move|p2b: Garchomp|Stomping Tantrum|p1a: Gholdengo
|-activate|p1a: Gholdengo|move: Protect
|move|p2a: Incineroar|Flare Blitz|p1b: Staraptor
|-damage|p1b: Staraptor|14/100
|-damage|p2a: Incineroar|58/100|[from] Recoil
|
|upkeep
|turn|9
|
|t:|1785613025
|move|p1b: Staraptor|Close Combat|p2a: Incineroar
|-supereffective|p2a: Incineroar|1
|-damage|p2a: Incineroar|0 fnt
|-boost|p1b: Staraptor|def|1
|-boost|p1b: Staraptor|spd|1
|faint|p2a: Incineroar
|move|p1a: Gholdengo|Make It Rain|p2b: Garchomp
|-damage|p2b: Garchomp|0 fnt
|-unboost|p1a: Gholdengo|spa|2
|faint|p2b: Garchomp
|-damage|p1a: Gholdengo|67/100|[from] item: Life Orb
|
|upkeep
|
|t:|1785613035
|switch|p2b: Floette|Floette-Mega, L50, F|81/100
|-ability|p2b: Floette|Fairy Aura
|turn|10
|
|t:|1785613040
|move|p1b: Staraptor|Close Combat|p2b: Floette
|-resisted|p2b: Floette|1
|-damage|p2b: Floette|55/100
|-boost|p1b: Staraptor|def|1
|-boost|p1b: Staraptor|spd|1
|move|p1a: Gholdengo|Make It Rain|p2b: Floette
|-supereffective|p2b: Floette|1
|-damage|p2b: Floette|0 fnt
|-unboost|p1a: Gholdengo|spa|2
|faint|p2b: Floette
|-damage|p1a: Gholdengo|57/100|[from] item: Life Orb
|
|win|Axo of DOOM
|raw|Axo of DOOM's rating: 1267 → 1285(+18 for winning)
|raw|eklyst's rating: 1171 → 1153(-18 for losing)
