|j|☆MEGA FRAUD
|j|☆s!dd_1
|html|MEGA FRAUDs!dd_1    
|uhtml|bestof|Game 3 of a best-of-3
|t:|1785322712
|gametype|doubles
|player|p1|MEGA FRAUD|266|1324
|player|p2|s!dd_1|flannery-gen6|1367
|gen|9
|tier|[Gen 9 Champions] VGC 2026 Reg M-B (Bo3)
|rated|
|rule|Species Clause: Limit one of each Pokémon
|rule|Item Clause: Limit 1 of each item
|clearpoke
|poke|p1|Tyranitar, L50, F|
|poke|p1|Excadrill, L50, M|
|poke|p1|Milotic, L50, M|
|poke|p1|Sinistcha, L50|
|poke|p1|Staraptor, L50, F|
|poke|p1|Gholdengo, L50|
|poke|p2|Raichu, L50, M|
|poke|p2|Mamoswine, L50, M|
|poke|p2|Whimsicott, L50, F|
|poke|p2|Sylveon, L50, M|
|poke|p2|Arcanine-Hisui, L50, M|
|poke|p2|Meowscarada, L50, M|
|teampreview|4
|showteam|p1|Tyranitar||Tyranitarite|SandStream|KnockOff,RockSlide,LowKick,Protect|Jolly||F|||50|]Excadrill||FocusSash|SandRush|HighHorsepower,IronHead,RockSlide,Protect|Adamant||M|||50|]Milotic||SitrusBerry|Competitive|Scald,IcyWind,IceBeam,Protect|Calm||M|||50|]Sinistcha||ColburBerry|Hospitality|MatchaGotcha,ShadowBall,Protect,RagePowder|Bold|||||50|]Staraptor||Staraptite|Intimidate|CloseCombat,BraveBird,Tailwind,Protect|Jolly||F|||50|]Gholdengo||LifeOrb|GoodasGold|MakeItRain,ShadowBall,NastyPlot,Protect|Modest|||||50|
|showteam|p2|Raichu||RaichuniteY|LightningRod|ZapCannon,FocusBlast,FakeOut,Protect|Timid||M|||50|]Mamoswine||LifeOrb|Oblivious|HighHorsepower,IcicleCrash,IceShard,Protect|Adamant||M|||50|]Whimsicott||FairyFeather|Prankster|Moonblast,Encore,Tailwind,Protect|Timid||F|||50|]Sylveon||SitrusBerry|Pixilate|HyperVoice,HyperBeam,CalmMind,Detect|Modest||M|||50|]Arcanine-Hisui||FocusSash|Intimidate|FlareBlitz,RockSlide,ExtremeSpeed,Protect|Adamant||M|||50|]Meowscarada||ChoiceScarf|Protean|FlowerTrick,KnockOff,TripleAxel,AerialAce|Jolly||M|||50|
|inactive|Battle timer is ON: inactive players will automatically lose when time's up. (requested by s!dd_1)
|
|t:|1785322735
|teamsize|p1|4
|teamsize|p2|4
|start
|switch|p1a: Tyranitar|Tyranitar, L50, F|100/100
|switch|p1b: Excadrill|Excadrill, L50, M|100/100
|switch|p2a: Raichu|Raichu, L50, M|100/100
|switch|p2b: Whimsicott|Whimsicott, L50, F|100/100
|-weather|Sandstorm|[from] ability: Sand Stream|[of] p1a: Tyranitar
|turn|1
|
|t:|1785322745
|detailschange|p2a: Raichu|Raichu-Mega-Y, L50, M
|-mega|p2a: Raichu|Raichu|Raichunite Y
|move|p2a: Raichu|Fake Out|p1b: Excadrill
|-resisted|p1b: Excadrill|1
|-damage|p1b: Excadrill|94/100
|move|p2b: Whimsicott|Tailwind|p2b: Whimsicott
|-sidestart|p2: s!dd_1|move: Tailwind
|cant|p1b: Excadrill|flinch
|move|p1a: Tyranitar|Rock Slide|p2b: Whimsicott|[spread] p2a,p2b
|-damage|p2a: Raichu|55/100
|-damage|p2b: Whimsicott|54/100
|
|-weather|Sandstorm|[upkeep]
|-damage|p2a: Raichu|49/100|[from] Sandstorm
|-damage|p2b: Whimsicott|48/100|[from] Sandstorm
|upkeep
|turn|2
|inactive|MEGA FRAUD has 30 seconds left.
|
|t:|1785322773
|move|p2a: Raichu|Focus Blast|p1b: Excadrill
|-supereffective|p1b: Excadrill|1
|-damage|p1b: Excadrill|0 fnt
|faint|p1b: Excadrill
|move|p2b: Whimsicott|Moonblast|p1a: Tyranitar
|-supereffective|p1a: Tyranitar|1
|-damage|p1a: Tyranitar|42/100
|move|p1a: Tyranitar|Rock Slide|p2a: Raichu|[spread] p2a,p2b
|-damage|p2a: Raichu|2/100
|-damage|p2b: Whimsicott|3/100
|
|-weather|Sandstorm|[upkeep]
|-damage|p2a: Raichu|0 fnt|[from] Sandstorm
|-damage|p2b: Whimsicott|0 fnt|[from] Sandstorm
|faint|p2a: Raichu
|faint|p2b: Whimsicott
|upkeep
|
|t:|1785322791
|switch|p2a: Mamoswine|Mamoswine, L50, M|100/100
|switch|p2b: Meowscarada|Meowscarada, L50, M|100/100
|switch|p1b: Staraptor|Staraptor, L50, F|100/100
|-ability|p1b: Staraptor|Intimidate|boost
|-fail|p2a: Mamoswine|unboost|Attack|[from] ability: Oblivious|[of] p2a: Mamoswine
|-unboost|p2b: Meowscarada|atk|1
|turn|3
|inactive|s!dd_1 has 30 seconds left.
|
|t:|1785322818
|detailschange|p1b: Staraptor|Staraptor-Mega, L50, F
|-mega|p1b: Staraptor|Staraptor|Staraptite
|move|p1b: Staraptor|Protect|p1b: Staraptor
|-singleturn|p1b: Staraptor|Protect
|move|p1a: Tyranitar|Protect|p1a: Tyranitar
|-singleturn|p1a: Tyranitar|Protect
|move|p2b: Meowscarada|Flower Trick|p1a: Tyranitar
|-start|p2b: Meowscarada|typechange|Grass|[from] ability: Protean
|-activate|p1a: Tyranitar|move: Protect
|move|p2a: Mamoswine|Icicle Crash|p1b: Staraptor
|-activate|p1b: Staraptor|move: Protect
|
|-weather|Sandstorm|[upkeep]
|-damage|p2b: Meowscarada|94/100|[from] Sandstorm
|-damage|p1b: Staraptor|94/100|[from] Sandstorm
|upkeep
|turn|4
|
|t:|1785322831
|switch|p1b: Milotic|Milotic, L50, M|100/100
|move|p2b: Meowscarada|Flower Trick|p1a: Tyranitar
|-supereffective|p1a: Tyranitar|1
|-crit|p1a: Tyranitar
|-damage|p1a: Tyranitar|0 fnt
|faint|p1a: Tyranitar
|move|p2a: Mamoswine|Icicle Crash|p1b: Milotic
|-resisted|p1b: Milotic|1
|-damage|p1b: Milotic|72/100
|-damage|p2a: Mamoswine|90/100|[from] item: Life Orb
|
|-weather|Sandstorm|[upkeep]
|-damage|p2b: Meowscarada|88/100|[from] Sandstorm
|-damage|p1b: Milotic|66/100|[from] Sandstorm
|-sideend|p2: s!dd_1|move: Tailwind
|upkeep
|
|t:|1785322836
|switch|p1a: Staraptor|Staraptor-Mega, L50, F|94/100
|turn|5
|
|t:|1785322846
|move|p1b: Milotic|Protect|p1b: Milotic
|-singleturn|p1b: Milotic|Protect
|move|p2b: Meowscarada|Flower Trick|p1b: Milotic
|-activate|p1b: Milotic|move: Protect
|move|p1a: Staraptor|Close Combat|p2a: Mamoswine
|-supereffective|p2a: Mamoswine|1
|-damage|p2a: Mamoswine|0 fnt
|-boost|p1a: Staraptor|def|1
|-boost|p1a: Staraptor|spd|1
|faint|p2a: Mamoswine
|
|-weather|none
|upkeep
|turn|6
|-message|s!dd_1 forfeited.
|raw|MEGA FRAUD's rating: 1324 → 1346(+22 for winning)
|raw|s!dd_1's rating: 1367 → 1345(-22 for losing)
|
|win|MEGA FRAUD
|l|☆s!dd_1
|player|p2|
