|badge|p2|bronze|gen9doublesou|100-6
|uhtml|medal-msg|Curious what those medals under the avatar are? PS now has Ladder Seasons! For more information, check out the thread on Smogon.
|j|☆M0ckingEJ
|j|☆genesis77
|html|M0ckingEJgenesis77    
|uhtml|bestof|Game 2 of a best-of-3
|t:|1756707610
|gametype|doubles
|player|p1|M0ckingEJ|n|
|player|p2|genesis77|blaine|
|gen|9
|tier|[Gen 9] VGC 2025 Reg H (Bo3)
|rule|Species Clause: Limit one of each Pokémon
|rule|Item Clause: Limit 1 of each item
|clearpoke
|poke|p1|Pelipper, L50, F|
|poke|p1|Archaludon, L50, F|
|poke|p1|Amoonguss, L50, F|
|poke|p1|Kingambit, L50, F|
|poke|p1|Ursaluna, L50, F|
|poke|p1|Overqwil, L50, M|
|poke|p2|Politoed, L50, F|
|poke|p2|Gothitelle, L50, F|
|poke|p2|Kingdra, L50, F|
|poke|p2|Archaludon, L50, F|
|poke|p2|Amoonguss, L50, F|
|poke|p2|Incineroar, L50, F|
|teampreview|4
|showteam|p1|Pelipper||ChoiceScarf|Drizzle|WeatherBall,Hurricane,Surf,Tailwind|||F|||50|,,,,,Flying]Archaludon||AssaultVest|Stamina|FlashCannon,ElectroShot,DracoMeteor,Snarl|||F|||50|,,,,,Grass]Amoonguss||SitrusBerry|Regenerator|Spore,RagePowder,PollenPuff,Protect|||F|||50|,,,,,Fairy]Kingambit||LifeOrb|Defiant|LowKick,SwordsDance,Protect,KowtowCleave|||F|||50|,,,,,Flying]Ursaluna||FlameOrb|Guts|Earthquake,Facade,Protect,HeadlongRush|||F|||50|,,,,,Poison]Overqwil||ClearAmulet|SwiftSwim|GunkShot,Liquidation,ThroatChop,Protect|||M|||50|,,,,,Water
|showteam|p2|Politoed||Leftovers|Drizzle|Protect,WeatherBall,Encore,PerishSong|||F|||50|,,,,,Grass]Gothitelle||SitrusBerry|ShadowTag|Protect,Psychic,TrickRoom,FakeOut|||F|||50|,,,,,Dark]Kingdra||LifeOrb|SwiftSwim|Protect,DracoMeteor,WeatherBall,MuddyWater|||F|||50|,,,,,Stellar]Archaludon||PowerHerb|Sturdy|Protect,ElectroShot,DragonPulse,FlashCannon|||F|||50|,,,,,Electric]Amoonguss||EjectButton|Regenerator|Protect,Spore,RagePowder,PollenPuff|||F|||50|,,,,,Fairy]Incineroar||SafetyGoggles|Intimidate|Protect,FakeOut,KnockOff,PartingShot|||F|||50|,,,,,Ghost
|inactive|Battle timer is ON: inactive players will automatically lose when time's up. (requested by genesis77)
|inactive|M0ckingEJ has 60 seconds left.
|
|t:|1756707667
|teamsize|p1|4
|teamsize|p2|4
|start
|switch|p1a: Pelipper|Pelipper, L50, F, shiny|100/100
|switch|p1b: Archaludon|Archaludon, L50, F, shiny|100/100
|switch|p2a: Gothitelle|Gothitelle, L50, F|100/100
|switch|p2b: Politoed|Politoed, L50, F|100/100
|-weather|RainDance|[from] ability: Drizzle|[of] p1a: Pelipper
|turn|1
|inactive|M0ckingEJ has 30 seconds left.
|inactive|M0ckingEJ has 20 seconds left.
|inactive|M0ckingEJ has 15 seconds left.
|inactive|M0ckingEJ has 10 seconds left.
|
|t:|1756707715
|move|p2a: Gothitelle|Fake Out|p1b: Archaludon
|-resisted|p1b: Archaludon
|-damage|p1b: Archaludon|98/100
|-ability|p1b: Archaludon|Stamina|boost
|-boost|p1b: Archaludon|def|1
|move|p1a: Pelipper|Hurricane|p2b: Politoed
|-damage|p2b: Politoed|66/100
|-start|p2b: Politoed|confusion
|cant|p1b: Archaludon|flinch
|-activate|p2b: Politoed|confusion
|move|p2b: Politoed|Perish Song|p2b: Politoed
|-start|p1a: Pelipper|perish3|[silent]
|-start|p1b: Archaludon|perish3|[silent]
|-start|p2a: Gothitelle|perish3|[silent]
|-start|p2b: Politoed|perish3|[silent]
|-fieldactivate|move: Perish Song
|
|-weather|RainDance|[upkeep]
|-heal|p2b: Politoed|73/100|[from] item: Leftovers
|-start|p1a: Pelipper|perish3
|-start|p1b: Archaludon|perish3
|-start|p2b: Politoed|perish3
|-start|p2a: Gothitelle|perish3
|upkeep
|turn|2
|inactive|M0ckingEJ has 30 seconds left.
|
|t:|1756707746
|switch|p2b: Incineroar|Incineroar, L50, F|100/100
|-ability|p2b: Incineroar|Intimidate|boost
|-unboost|p1a: Pelipper|atk|1
|-unboost|p1b: Archaludon|atk|1
|move|p2a: Gothitelle|Protect|p2a: Gothitelle
|-singleturn|p2a: Gothitelle|Protect
|move|p1a: Pelipper|Hurricane|p2b: Incineroar
|-damage|p2b: Incineroar|67/100
|move|p1b: Archaludon|Electro Shot||[still]
|-prepare|p1b: Archaludon|Electro Shot
|-boost|p1b: Archaludon|spa|1
|-anim|p1b: Archaludon|Electro Shot|p2a: Gothitelle
|-activate|p2a: Gothitelle|move: Protect
|
|-weather|RainDance|[upkeep]
|-start|p1a: Pelipper|perish2
|-start|p1b: Archaludon|perish2
|-start|p2a: Gothitelle|perish2
|upkeep
|turn|3
|inactive|M0ckingEJ has 30 seconds left.
|inactive|M0ckingEJ has 20 seconds left.
|
|t:|1756707784
|-terastallize|p1a: Pelipper|Flying
|move|p2b: Incineroar|Fake Out|p1b: Archaludon
|-resisted|p1b: Archaludon
|-damage|p1b: Archaludon|95/100
|-ability|p1b: Archaludon|Stamina|boost
|-boost|p1b: Archaludon|def|1
|move|p1a: Pelipper|Hurricane|p2a: Gothitelle
|-damage|p2a: Gothitelle|52/100
|cant|p1b: Archaludon|flinch
|move|p2a: Gothitelle|Trick Room|p2a: Gothitelle
|-fieldstart|move: Trick Room|[of] p2a: Gothitelle
|
|-weather|RainDance|[upkeep]
|-start|p2a: Gothitelle|perish1
|-start|p1b: Archaludon|perish1
|-start|p1a: Pelipper|perish1
|upkeep
|turn|4
|
|t:|1756707807
|switch|p2a: Amoonguss|Amoonguss, L50, F|100/100
|move|p2b: Incineroar|Parting Shot|p1b: Archaludon
|-unboost|p1b: Archaludon|atk|1
|-unboost|p1b: Archaludon|spa|1
|
|t:|1756707813
|switch|p2b: Gothitelle|Gothitelle, L50, F|52/100|[from] Parting Shot
|move|p1b: Archaludon|Electro Shot||[still]
|-prepare|p1b: Archaludon|Electro Shot
|-boost|p1b: Archaludon|spa|1
|-anim|p1b: Archaludon|Electro Shot|p2b: Gothitelle
|-damage|p2b: Gothitelle|4/100
|-enditem|p2b: Gothitelle|Sitrus Berry|[eat]
|-heal|p2b: Gothitelle|29/100|[from] item: Sitrus Berry
|move|p1a: Pelipper|Hurricane|p2a: Amoonguss
|-supereffective|p2a: Amoonguss
|-damage|p2a: Amoonguss|0 fnt
|faint|p2a: Amoonguss
|
|-weather|RainDance|[upkeep]
|-start|p1b: Archaludon|perish0
|-start|p1a: Pelipper|perish0
|faint|p1b: Archaludon
|faint|p1a: Pelipper
|upkeep
|inactive|M0ckingEJ has 30 seconds left.
|inactive|M0ckingEJ has 20 seconds left.
|inactive|M0ckingEJ has 15 seconds left.
|
|t:|1756707857
|switch|p2a: Politoed|Politoed, L50, F|73/100
|switch|p1a: Ursaluna|Ursaluna, L50, F, shiny|100/100
|switch|p1b: Overqwil|Overqwil, L50, M, shiny|100/100
|turn|5
|inactive|M0ckingEJ has 30 seconds left.
|inactive|M0ckingEJ has 20 seconds left.
|inactive|M0ckingEJ has 15 seconds left.
|inactive|M0ckingEJ has 10 seconds left.
|inactive|M0ckingEJ has 5 seconds left.
|
|t:|1756707907
|move|p2b: Gothitelle|Fake Out|p1a: Ursaluna
|-damage|p1a: Ursaluna|95/100
|cant|p1a: Ursaluna|flinch
|move|p2a: Politoed|Perish Song|p2a: Politoed
|-start|p1a: Ursaluna|perish3|[silent]
|-start|p1b: Overqwil|perish3|[silent]
|-start|p2a: Politoed|perish3|[silent]
|-start|p2b: Gothitelle|perish3|[silent]
|-fieldactivate|move: Perish Song
|move|p1b: Overqwil|Gunk Shot|p2a: Politoed
|-crit|p2a: Politoed
|-damage|p2a: Politoed|0 fnt
|faint|p2a: Politoed
|
|-weather|none
|-start|p2b: Gothitelle|perish3
|-start|p1a: Ursaluna|perish3
|-start|p1b: Overqwil|perish3
|-status|p1a: Ursaluna|brn|[from] item: Flame Orb
|upkeep
|
|t:|1756707922
|switch|p2a: Incineroar|Incineroar, L50, F|67/100
|-ability|p2a: Incineroar|Intimidate|boost
|-unboost|p1a: Ursaluna|atk|1
|-fail|p1b: Overqwil|unboost|[from] item: Clear Amulet|[of] p1b: Overqwil
|turn|6
|inactive|M0ckingEJ has 30 seconds left.
|inactive|genesis77 has 30 seconds left.
|inactive|M0ckingEJ has 20 seconds left.
|inactive|genesis77 has 20 seconds left.
|inactive|M0ckingEJ has 15 seconds left.
|
|t:|1756707966
|move|p2a: Incineroar|Fake Out|p1a: Ursaluna
|-damage|p1a: Ursaluna|87/100 brn
|move|p2b: Gothitelle|Psychic|p1a: Ursaluna
|-damage|p1a: Ursaluna|56/100 brn
|cant|p1a: Ursaluna|flinch
|move|p1b: Overqwil|Throat Chop|p2b: Gothitelle
|-supereffective|p2b: Gothitelle
|-damage|p2b: Gothitelle|0 fnt
|faint|p2b: Gothitelle
|
|-damage|p1a: Ursaluna|50/100 brn|[from] brn
|-start|p1a: Ursaluna|perish2
|-start|p1b: Overqwil|perish2
|upkeep
|turn|7
|inactive|M0ckingEJ has 30 seconds left.
|
|t:|1756707998
|move|p2a: Incineroar|Protect|p2a: Incineroar
|-singleturn|p2a: Incineroar|Protect
|move|p1a: Ursaluna|Headlong Rush|p2a: Incineroar
|-activate|p2a: Incineroar|move: Protect
|move|p1b: Overqwil|Throat Chop|p2a: Incineroar
|-activate|p2a: Incineroar|move: Protect
|
|-damage|p1a: Ursaluna|44/100 brn|[from] brn
|-start|p1a: Ursaluna|perish1
|-start|p1b: Overqwil|perish1
|-fieldend|move: Trick Room
|upkeep
|turn|8
|
|t:|1756708020
|move|p2a: Incineroar|Protect|p2a: Incineroar
|-singleturn|p2a: Incineroar|Protect
|move|p1b: Overqwil|Throat Chop|p2a: Incineroar
|-activate|p2a: Incineroar|move: Protect
|move|p1a: Ursaluna|Headlong Rush|p2a: Incineroar
|-activate|p2a: Incineroar|move: Protect
|
|-damage|p1a: Ursaluna|37/100 brn|[from] brn
|-start|p1b: Overqwil|perish0
|-start|p1a: Ursaluna|perish0
|faint|p1b: Overqwil
|faint|p1a: Ursaluna
|
|win|genesis77
