|j|☆walterkamp
|j|☆p1ch1pichi
|html|walterkampp1ch1pichi    
|uhtml|bestof|Game 1 of a best-of-3
|t:|1784110639
|gametype|doubles
|player|p1|walterkamp|102|1000
|player|p2|p1ch1pichi|n|1069
|gen|9
|tier|[Gen 9 Champions] VGC 2026 Reg M-B (Bo3)
|rated|
|rule|Species Clause: Limit one of each Pokémon
|rule|Item Clause: Limit 1 of each item
|clearpoke
|poke|p1|Toxapex, L50, F|
|poke|p1|Politoed, L50, F|
|poke|p1|Sableye, L50, F|
|poke|p1|Grimmsnarl, L50, M|
|poke|p1|Charizard, L50, F|
|poke|p1|Gengar, L50, F|
|poke|p2|Ampharos, L50, F, shiny|
|poke|p2|Farigiraf, L50, M, shiny|
|poke|p2|Incineroar, L50, F|
|poke|p2|Vivillon, L50, M|
|poke|p2|Vanilluxe, L50, F|
|poke|p2|Aggron, L50, F, shiny|
|teampreview|4
|showteam|p1|Toxapex||MentalHerb|Merciless|Infestation,BanefulBunker,Venoshock,Haze|Modest||F|||50|]Politoed||FocusSash|Drizzle|IceBeam,PerishSong,Protect,ChillingWater|Modest||F|||50|]Sableye||Leftovers|KeenEye|FakeOut,Quash,Disable,Encore|Sassy||F|||50|]Grimmsnarl||LightClay|Prankster|LightScreen,Reflect,SpiritBreak,FakeOut|Impish||M|||50|]Charizard||CharizarditeY|Blaze|HeatWave,SolarBeam,Protect,WeatherBall|Timid||F|||50|]Gengar||Gengarite|CursedBody|PerishSong,SludgeBomb,ShadowBall,Protect|Timid||F|||50|
|showteam|p2|Ampharos||Ampharosite|Static|DragonPulse,Thunderbolt,PowerGem,Protect|Quiet||F|||50|]Farigiraf||ColburBerry|ArmorTail|Psychic,TrickRoom,HelpingHand,Protect|Relaxed||M|||50|]Incineroar||SitrusBerry|Intimidate|FlareBlitz,FakeOut,PartingShot,ThroatChop|Careful||F|||50|]Vivillon||FocusSash|CompoundEyes|Protect,SleepPowder,Tailwind,Hurricane|Timid||M|||50|]Vanilluxe||NeverMeltIce|SnowWarning|Protect,Blizzard,FreezeDry,AuroraVeil|Quiet||F|||50|]Aggron||Aggronite|HeavyMetal|BodyPress,HeavySlam,Protect,IronDefense|Sassy||F|||50|
|inactive|Battle timer is ON: inactive players will automatically lose when time's up. (requested by p1ch1pichi)
|inactive|walterkamp has 60 seconds left.
|inactive|p1ch1pichi has 60 seconds left.
|
|t:|1784110678
|teamsize|p1|4
|teamsize|p2|4
|start
|switch|p1a: Grimmsnarl|Grimmsnarl, L50, M|100/100
|switch|p1b: Charizard|Charizard, L50, F|100/100
|switch|p2a: Incineroar|Incineroar, L50, F|100/100
|switch|p2b: Farigiraf|Farigiraf, L50, M, shiny|100/100
|-ability|p2a: Incineroar|Intimidate|boost
|-unboost|p1a: Grimmsnarl|atk|1
|-unboost|p1b: Charizard|atk|1
|turn|1
|inactive|walterkamp has 30 seconds left.
|
|t:|1784110707
|detailschange|p1b: Charizard|Charizard-Mega-Y, L50, F
|-mega|p1b: Charizard|Charizard|Charizardite Y
|-weather|SunnyDay|[from] ability: Drought|[of] p1b: Charizard
|move|p2a: Incineroar|Fake Out|p1b: Charizard
|-damage|p1b: Charizard|84/100
|move|p1a: Grimmsnarl|Light Screen|p1a: Grimmsnarl
|-sidestart|p1: walterkamp|move: Light Screen
|cant|p1b: Charizard|flinch
|move|p2b: Farigiraf|Trick Room|p2b: Farigiraf
|-fieldstart|move: Trick Room|[of] p2b: Farigiraf
|
|-weather|SunnyDay|[upkeep]
|upkeep
|turn|2
|inactive|walterkamp has 30 seconds left.
|
|t:|1784110734
|switch|p1b: Politoed|Politoed, L50, F|100/100
|-weather|RainDance|[from] ability: Drizzle|[of] p1b: Politoed
|move|p2b: Farigiraf|Protect|p2b: Farigiraf
|-singleturn|p2b: Farigiraf|Protect
|move|p1a: Grimmsnarl|Reflect|p1a: Grimmsnarl
|-sidestart|p1: walterkamp|Reflect
|move|p2a: Incineroar|Parting Shot|p1b: Politoed
|-unboost|p1b: Politoed|atk|1
|-unboost|p1b: Politoed|spa|1
|
|t:|1784110744
|switch|p2a: Vanilluxe|Vanilluxe, L50, F|100/100|[from] Parting Shot
|-weather|Snowscape|[from] ability: Snow Warning|[of] p2a: Vanilluxe
|
|-weather|Snowscape|[upkeep]
|upkeep
|turn|3
|inactive|walterkamp has 30 seconds left.
|inactive|p1ch1pichi has 30 seconds left.
|
|t:|1784110779
|switch|p1a: Toxapex|Toxapex, L50, F|100/100
|move|p1b: Politoed|Protect|p1b: Politoed
|-singleturn|p1b: Politoed|Protect
|move|p2b: Farigiraf|Psychic|p1b: Politoed
|-activate|p1b: Politoed|move: Protect
|move|p2a: Vanilluxe|Freeze-Dry|p1b: Politoed
|-activate|p1b: Politoed|move: Protect
|
|-weather|Snowscape|[upkeep]
|upkeep
|turn|4
|
|t:|1784110797
|switch|p1b: Charizard|Charizard-Mega-Y, L50, F|84/100
|-weather|SunnyDay|[from] ability: Drought|[of] p1b: Charizard
|move|p2b: Farigiraf|Helping Hand|p2a: Vanilluxe
|-singleturn|p2a: Vanilluxe|Helping Hand|[of] p2b: Farigiraf
|move|p1a: Toxapex|Infestation|p2b: Farigiraf
|-supereffective|p2b: Farigiraf|1
|-damage|p2b: Farigiraf|92/100
|-activate|p2b: Farigiraf|move: Infestation|[of] p1a: Toxapex
|move|p2a: Vanilluxe|Freeze-Dry|p1a: Toxapex
|-supereffective|p1a: Toxapex|1
|-damage|p1a: Toxapex|26/100
|
|-weather|SunnyDay|[upkeep]
|-damage|p2b: Farigiraf|80/100|[from] move: Infestation|[partiallytrapped]
|upkeep
|turn|5
|
|t:|1784110817
|switch|p2a: Incineroar|Incineroar, L50, F|100/100
|-ability|p2a: Incineroar|Intimidate|boost
|-unboost|p1a: Toxapex|atk|1
|-unboost|p1b: Charizard|atk|1
|move|p1a: Toxapex|Baneful Bunker|p1a: Toxapex
|-singleturn|p1a: Toxapex|move: Protect
|move|p2b: Farigiraf|Psychic|p1b: Charizard
|-damage|p1b: Charizard|59/100
|move|p1b: Charizard|Heat Wave|p2a: Incineroar|[spread] p2a,p2b
|-resisted|p2a: Incineroar|1
|-crit|p2b: Farigiraf
|-damage|p2a: Incineroar|75/100
|-damage|p2b: Farigiraf|0 fnt
|faint|p2b: Farigiraf
|
|-weather|SunnyDay|[upkeep]
|-fieldend|move: Trick Room
|upkeep
|
|t:|1784110832
|switch|p2b: Vanilluxe|Vanilluxe, L50, F|100/100
|-weather|Snowscape|[from] ability: Snow Warning|[of] p2b: Vanilluxe
|turn|6
|
|t:|1784110853
|switch|p1b: Grimmsnarl|Grimmsnarl, L50, M|100/100
|switch|p1a: Politoed|Politoed, L50, F|100/100
|-weather|RainDance|[from] ability: Drizzle|[of] p1a: Politoed
|move|p2a: Incineroar|Fake Out|p1b: Grimmsnarl
|-damage|p1b: Grimmsnarl|93/100
|move|p2b: Vanilluxe|Freeze-Dry|p1a: Politoed
|-supereffective|p1a: Politoed|1
|-damage|p1a: Politoed|47/100
|
|-weather|RainDance|[upkeep]
|upkeep
|turn|7
|inactive|walterkamp has 30 seconds left.
|inactive|p1ch1pichi has 30 seconds left.
|
|t:|1784110884
|move|p1a: Politoed|Protect|p1a: Politoed
|-singleturn|p1a: Politoed|Protect
|move|p1b: Grimmsnarl|Fake Out|p2b: Vanilluxe
|-damage|p2b: Vanilluxe|88/100
|cant|p2b: Vanilluxe|flinch
|move|p2a: Incineroar|Parting Shot|p1b: Grimmsnarl
|-unboost|p1b: Grimmsnarl|atk|1
|-unboost|p1b: Grimmsnarl|spa|1
|
|t:|1784110892
|switch|p2a: Ampharos|Ampharos, L50, F, shiny|100/100|[from] Parting Shot
|
|-weather|RainDance|[upkeep]
|upkeep
|turn|8
|
|t:|1784110911
|switch|p2b: Incineroar|Incineroar, L50, F|75/100
|-ability|p2b: Incineroar|Intimidate|boost
|-unboost|p1a: Politoed|atk|1
|-unboost|p1b: Grimmsnarl|atk|1
|detailschange|p2a: Ampharos|Ampharos-Mega, L50, F, shiny
|-mega|p2a: Ampharos|Ampharos|Ampharosite
|-ability|p2a: Ampharos|Mold Breaker
|move|p2a: Ampharos|Protect|p2a: Ampharos
|-singleturn|p2a: Ampharos|Protect
|move|p1a: Politoed|Ice Beam|p2a: Ampharos
|-activate|p2a: Ampharos|move: Protect
|move|p1b: Grimmsnarl|Spirit Break|p2a: Ampharos
|-activate|p2a: Ampharos|move: Protect
|
|-weather|RainDance|[upkeep]
|-sideend|p1: walterkamp|move: Light Screen
|upkeep
|turn|9
|
|t:|1784110936
|move|p1a: Politoed|Protect|p1a: Politoed
|-singleturn|p1a: Politoed|Protect
|move|p2b: Incineroar|Fake Out|p1b: Grimmsnarl
|-damage|p1b: Grimmsnarl|86/100
|cant|p1b: Grimmsnarl|flinch
|move|p2a: Ampharos|Thunderbolt|p1a: Politoed
|-activate|p1a: Politoed|move: Protect
|
|-weather|RainDance|[upkeep]
|-sideend|p1: walterkamp|Reflect
|upkeep
|turn|10
|
|t:|1784110953
|switch|p2a: Vanilluxe|Vanilluxe, L50, F|88/100
|-weather|Snowscape|[from] ability: Snow Warning|[of] p2a: Vanilluxe
|move|p1b: Grimmsnarl|Light Screen|p1b: Grimmsnarl
|-sidestart|p1: walterkamp|move: Light Screen
|move|p1a: Politoed|Perish Song|p1a: Politoed
|-start|p1a: Politoed|perish3|[silent]
|-start|p1b: Grimmsnarl|perish3|[silent]
|-start|p2a: Vanilluxe|perish3|[silent]
|-start|p2b: Incineroar|perish3|[silent]
|-fieldactivate|move: Perish Song
|move|p2b: Incineroar|Flare Blitz|p1b: Grimmsnarl
|-damage|p1b: Grimmsnarl|44/100
|-damage|p2b: Incineroar|63/100|[from] Recoil
|
|-weather|Snowscape|[upkeep]
|-start|p1a: Politoed|perish3
|-start|p2a: Vanilluxe|perish3
|-start|p2b: Incineroar|perish3
|-start|p1b: Grimmsnarl|perish3
|upkeep
|turn|11
|
|t:|1784110974
|move|p1a: Politoed|Protect|p1a: Politoed
|-singleturn|p1a: Politoed|Protect
|move|p1b: Grimmsnarl|Reflect|p1b: Grimmsnarl
|-sidestart|p1: walterkamp|Reflect
|move|p2a: Vanilluxe|Blizzard|p1b: Grimmsnarl|[spread] p1b
|-activate|p1a: Politoed|move: Protect
|-damage|p1b: Grimmsnarl|11/100
|move|p2b: Incineroar|Parting Shot|p1b: Grimmsnarl
|-unboost|p1b: Grimmsnarl|atk|1
|-unboost|p1b: Grimmsnarl|spa|1
|
|t:|1784110984
|switch|p2b: Ampharos|Ampharos-Mega, L50, F, shiny|100/100|[from] Parting Shot
|-ability|p2b: Ampharos|Mold Breaker
|
|-weather|Snowscape|[upkeep]
|-start|p1a: Politoed|perish2
|-start|p2a: Vanilluxe|perish2
|-start|p1b: Grimmsnarl|perish2
|upkeep
|turn|12
|
|t:|1784111007
|switch|p2a: Incineroar|Incineroar, L50, F|63/100
|-ability|p2a: Incineroar|Intimidate|boost
|-unboost|p1a: Politoed|atk|1
|-unboost|p1b: Grimmsnarl|atk|1
|switch|p1b: Charizard|Charizard-Mega-Y, L50, F|59/100
|-weather|SunnyDay|[from] ability: Drought|[of] p1b: Charizard
|move|p2b: Ampharos|Protect|p2b: Ampharos
|-singleturn|p2b: Ampharos|Protect
|move|p1a: Politoed|Ice Beam|p2b: Ampharos
|-activate|p2b: Ampharos|move: Protect
|
|-weather|SunnyDay|[upkeep]
|-start|p1a: Politoed|perish1
|upkeep
|turn|13
|inactive|p1ch1pichi has 30 seconds left.
|
|t:|1784111033
|switch|p1a: Grimmsnarl|Grimmsnarl, L50, M|11/100
|switch|p2b: Vanilluxe|Vanilluxe, L50, F|88/100
|-weather|Snowscape|[from] ability: Snow Warning|[of] p2b: Vanilluxe
|move|p2a: Incineroar|Fake Out|p1b: Charizard
|-damage|p1b: Charizard|49/100
|cant|p1b: Charizard|flinch
|
|-weather|Snowscape|[upkeep]
|upkeep
|turn|14
|inactive|p1ch1pichi has 30 seconds left.
|
|t:|1784111059
|switch|p1b: Toxapex|Toxapex, L50, F|26/100
|move|p1a: Grimmsnarl|Fake Out|p2b: Vanilluxe
|-damage|p2b: Vanilluxe|79/100
|cant|p2b: Vanilluxe|flinch
|move|p2a: Incineroar|Flare Blitz|p1a: Grimmsnarl
|-damage|p1a: Grimmsnarl|0 fnt
|faint|p1a: Grimmsnarl
|-damage|p2a: Incineroar|60/100|[from] Recoil
|
|-weather|Snowscape|[upkeep]
|upkeep
|
|t:|1784111073
|switch|p1a: Politoed|Politoed, L50, F|47/100
|-weather|RainDance|[from] ability: Drizzle|[of] p1a: Politoed
|turn|15
|
|t:|1784111084
|move|p2b: Vanilluxe|Protect|p2b: Vanilluxe
|-singleturn|p2b: Vanilluxe|Protect
|move|p1a: Politoed|Chilling Water|p2a: Incineroar
|-supereffective|p2a: Incineroar|1
|-damage|p2a: Incineroar|12/100
|-unboost|p2a: Incineroar|atk|1
|-enditem|p2a: Incineroar|Sitrus Berry|[eat]
|-heal|p2a: Incineroar|37/100|[from] item: Sitrus Berry
|move|p2a: Incineroar|Parting Shot|p1a: Politoed
|-unboost|p1a: Politoed|atk|1
|-unboost|p1a: Politoed|spa|1
|
|t:|1784111094
|switch|p2a: Ampharos|Ampharos-Mega, L50, F, shiny|100/100|[from] Parting Shot
|-ability|p2a: Ampharos|Mold Breaker
|move|p1b: Toxapex|Infestation|p2b: Vanilluxe
|-activate|p2b: Vanilluxe|move: Protect
|
|-weather|RainDance|[upkeep]
|upkeep
|turn|16
|
|t:|1784111109
|switch|p2b: Incineroar|Incineroar, L50, F|37/100
|-ability|p2b: Incineroar|Intimidate|boost
|-unboost|p1a: Politoed|atk|1
|-unboost|p1b: Toxapex|atk|1
|move|p1b: Toxapex|Baneful Bunker|p1b: Toxapex
|-singleturn|p1b: Toxapex|move: Protect
|move|p1a: Politoed|Ice Beam|p2a: Ampharos
|-supereffective|p2a: Ampharos|1
|-damage|p2a: Ampharos|72/100
|move|p2a: Ampharos|Thunderbolt|p1a: Politoed
|-supereffective|p1a: Politoed|1
|-damage|p1a: Politoed|0 fnt
|faint|p1a: Politoed
|
|-weather|RainDance|[upkeep]
|upkeep
|
|t:|1784111125
|switch|p1a: Charizard|Charizard-Mega-Y, L50, F|49/100
|-weather|SunnyDay|[from] ability: Drought|[of] p1a: Charizard
|turn|17
|
|t:|1784111140
|move|p1a: Charizard|Protect|p1a: Charizard
|-singleturn|p1a: Charizard|Protect
|move|p2b: Incineroar|Fake Out|p1a: Charizard
|-activate|p1a: Charizard|move: Protect
|move|p2a: Ampharos|Power Gem|p1a: Charizard
|-activate|p1a: Charizard|move: Protect
|move|p1b: Toxapex|Infestation|p2a: Ampharos
|-damage|p2a: Ampharos|69/100
|-activate|p2a: Ampharos|move: Infestation|[of] p1b: Toxapex
|
|-weather|SunnyDay|[upkeep]
|-damage|p2a: Ampharos|57/100|[from] move: Infestation|[partiallytrapped]
|-sideend|p1: walterkamp|move: Light Screen
|upkeep
|turn|18
|inactive|walterkamp has 30 seconds left.
|
|t:|1784111165
|switch|p2b: Vanilluxe|Vanilluxe, L50, F|79/100
|-weather|Snowscape|[from] ability: Snow Warning|[of] p2b: Vanilluxe
|move|p1a: Charizard|Heat Wave|p2b: Vanilluxe|[spread] p2a,p2b
|-resisted|p2a: Ampharos|1
|-supereffective|p2b: Vanilluxe|1
|-damage|p2a: Ampharos|40/100
|-damage|p2b: Vanilluxe|0 fnt
|faint|p2b: Vanilluxe
|move|p2a: Ampharos|Power Gem|p1a: Charizard
|-supereffective|p1a: Charizard|2
|-damage|p1a: Charizard|0 fnt
|faint|p1a: Charizard
|move|p1b: Toxapex|Infestation|p2a: Ampharos
|-damage|p2a: Ampharos|37/100
|
|-weather|Snowscape|[upkeep]
|-damage|p2a: Ampharos|25/100|[from] move: Infestation|[partiallytrapped]
|-sideend|p1: walterkamp|Reflect
|upkeep
|
|t:|1784111180
|switch|p2b: Incineroar|Incineroar, L50, F|37/100
|-ability|p2b: Incineroar|Intimidate|boost
|-unboost|p1b: Toxapex|atk|1
|turn|19
|
|t:|1784111189
|move|p1b: Toxapex|Baneful Bunker|p1b: Toxapex
|-singleturn|p1b: Toxapex|move: Protect
|move|p2b: Incineroar|Parting Shot|p1b: Toxapex
|-activate|p1b: Toxapex|move: Protect
|move|p2a: Ampharos|Thunderbolt|p1b: Toxapex
|-activate|p1b: Toxapex|move: Protect
|
|-weather|Snowscape|[upkeep]
|-damage|p2a: Ampharos|13/100|[from] move: Infestation|[partiallytrapped]
|upkeep
|turn|20
|
|t:|1784111206
|move|p1b: Toxapex|Baneful Bunker||[still]
|-fail|p1b: Toxapex
|move|p2b: Incineroar|Throat Chop|p1b: Toxapex
|-damage|p1b: Toxapex|0 fnt
|faint|p1b: Toxapex
|
|win|p1ch1pichi
