|j|☆DINOLONK
|j|☆blackstormgames
|html|DINOLONKblackstormgames    
|uhtml|bestof|Game 2 of a best-of-3
|t:|1782575432
|gametype|doubles
|player|p1|DINOLONK|parasollady-gen4|1150
|player|p2|blackstormgames|lance|1211
|gen|9
|tier|[Gen 9 Champions] VGC 2026 Reg M-B (Bo3)
|rated|
|rule|Species Clause: Limit one of each Pokémon
|rule|Item Clause: Limit 1 of each item
|clearpoke
|poke|p1|Hydreigon, L50, M|
|poke|p1|Garchomp, L50, F|
|poke|p1|Metagross, L50|
|poke|p1|Charizard, L50, M|
|poke|p1|Grimmsnarl, L50, M|
|poke|p1|Toxapex, L50, F|
|poke|p2|Blaziken, L50, F|
|poke|p2|Kingambit, L50, M|
|poke|p2|Basculegion, L50, M|
|poke|p2|Sylveon, L50, M|
|poke|p2|Torkoal, L50, F|
|poke|p2|Whimsicott, L50, F|
|teampreview|4
|showteam|p1|Hydreigon||ChoiceScarf|Levitate|HeatWave,DarkPulse,DracoMeteor,Snarl|Modest||M|||50|]Garchomp||SitrusBerry|RoughSkin|Earthquake,RockSlide,DragonClaw,Protect|Adamant||F|||50|]Metagross||Metagrossite|ClearBody|IronHead,HammerArm,BulletPunch,Protect|Adamant|||||50|]Charizard||CharizarditeY|Blaze|Protect,HeatWave,SolarBeam,WeatherBall|Timid||M|||50|]Grimmsnarl||RoseliBerry|Prankster|FakeOut,FoulPlay,Reflect,PartingShot|Sassy||M|||50|]Toxapex||Leftovers|Regenerator|Infestation,Toxic,BanefulBunker,WideGuard|Bold||F|||50|
|showteam|p2|Blaziken||Blazikenite|SpeedBoost|FlareBlitz,CloseCombat,RockSlide,Protect|Adamant||F|||50|]Kingambit||LifeOrb|Defiant|KowtowCleave,SuckerPunch,IronHead,Protect|Adamant||M|||50|]Basculegion||FocusSash|Adaptability|Liquidation,AquaJet,LastRespects,Protect|Adamant||M|||50|]Sylveon||FairyFeather|Pixilate|HyperVoice,HyperBeam,QuickAttack,Detect|Modest||M|||50|]Torkoal||Leftovers|Drought|Eruption,Yawn,WeatherBall,Protect|Quiet||F|||50|]Whimsicott||CobaBerry|Prankster|Moonblast,Tailwind,Encore,Protect|Bold||F|||50|
|inactive|Battle timer is ON: inactive players will automatically lose when time's up. (requested by DINOLONK)
|
|t:|1782575456
|teamsize|p1|4
|teamsize|p2|4
|start
|switch|p1a: Garchomp|Garchomp, L50, F|100/100
|switch|p1b: Hydreigon|Hydreigon, L50, M|100/100
|switch|p2a: Sylveon|Sylveon, L50, M|100/100
|switch|p2b: Whimsicott|Whimsicott, L50, F|100/100
|turn|1
|
|t:|1782575474
|switch|p1b: Toxapex|Toxapex, L50, F|100/100
|switch|p1a: Charizard|Charizard, L50, M|100/100
|move|p2b: Whimsicott|Tailwind|p2b: Whimsicott
|-sidestart|p2: blackstormgames|move: Tailwind
|move|p2a: Sylveon|Hyper Voice|p1b: Toxapex|[spread] p1a,p1b
|-resisted|p1a: Charizard|1
|-resisted|p1b: Toxapex|1
|-damage|p1a: Charizard|72/100
|-damage|p1b: Toxapex|82/100
|
|-heal|p1b: Toxapex|88/100|[from] item: Leftovers
|upkeep
|turn|2
|
|t:|1782575497
|detailschange|p1a: Charizard|Charizard-Mega-Y, L50, M
|-mega|p1a: Charizard|Charizard|Charizardite Y
|-weather|SunnyDay|[from] ability: Drought|[of] p1a: Charizard
|move|p2b: Whimsicott|Protect|p2b: Whimsicott
|-singleturn|p2b: Whimsicott|Protect
|move|p2a: Sylveon|Hyper Voice|p1a: Charizard|[spread] p1a,p1b
|-resisted|p1a: Charizard|1
|-resisted|p1b: Toxapex|1
|-damage|p1a: Charizard|50/100g
|-damage|p1b: Toxapex|69/100
|move|p1a: Charizard|Heat Wave|p2b: Whimsicott|[spread] 
|-activate|p2b: Whimsicott|move: Protect
|-miss|p1a: Charizard|p2a: Sylveon
|move|p1b: Toxapex|Infestation|p2a: Sylveon
|-resisted|p2a: Sylveon|1
|-damage|p2a: Sylveon|98/100
|-activate|p2a: Sylveon|move: Infestation|[of] p1b: Toxapex
|
|-weather|SunnyDay|[upkeep]
|-heal|p1b: Toxapex|75/100|[from] item: Leftovers
|-damage|p2a: Sylveon|86/100|[from] move: Infestation|[partiallytrapped]
|upkeep
|turn|3
|
|t:|1782575522
|switch|p2b: Basculegion|Basculegion, L50, M|100/100
|move|p1b: Toxapex|Baneful Bunker|p1b: Toxapex
|-singleturn|p1b: Toxapex|move: Protect
|move|p2a: Sylveon|Hyper Beam|p1a: Charizard
|-resisted|p1a: Charizard|1
|-damage|p1a: Charizard|0 fnt
|-mustrecharge|p2a: Sylveon
|faint|p1a: Charizard
|
|-weather|SunnyDay|[upkeep]
|-heal|p1b: Toxapex|80/100|[from] item: Leftovers
|-damage|p2a: Sylveon|74/100|[from] move: Infestation|[partiallytrapped]
|upkeep
|
|t:|1782575528
|switch|p1a: Hydreigon|Hydreigon, L50, M|100/100
|turn|4
|
|t:|1782575544
|switch|p2b: Blaziken|Blaziken, L50, F|100/100
|move|p1a: Hydreigon|Draco Meteor|p2b: Blaziken
|-damage|p2b: Blaziken|0 fnt
|-unboost|p1a: Hydreigon|spa|2
|faint|p2b: Blaziken
|cant|p2a: Sylveon|recharge
|move|p1b: Toxapex|Toxic|p2a: Sylveon
|-status|p2a: Sylveon|tox
|
|-weather|SunnyDay|[upkeep]
|-heal|p1b: Toxapex|86/100|[from] item: Leftovers
|-damage|p2a: Sylveon|68/100 tox|[from] psn
|-damage|p2a: Sylveon|56/100 tox|[from] move: Infestation|[partiallytrapped]
|-sideend|p2: blackstormgames|move: Tailwind
|upkeep
|
|t:|1782575560
|switch|p2b: Whimsicott|Whimsicott, L50, F|100/100
|turn|5
|-message|blackstormgames forfeited.
|
|win|DINOLONK
|raw|DINOLONK's rating: 1150 → 1179(+29 for winning)
|raw|blackstormgames's rating: 1211 → 1182(-29 for losing)
