|j|☆nomikidvgc
|j|‽MolluskVGC
|html|nomikidvgcMolluskVGC    
|uhtml|bestof|Game 2 of a best-of-3
|t:|1785604164
|gametype|doubles
|player|p1|nomikidvgc|101|
|player|p2|MolluskVGC|hiker-gen4|
|gen|9
|tier|[Gen 9 Champions] VGC 2026 Reg M-B (Bo3)
|rule|Species Clause: Limit one of each Pokémon
|rule|Item Clause: Limit 1 of each item
|clearpoke
|poke|p1|Tyranitar, L50, F|
|poke|p1|Staraptor, L50, M|
|poke|p1|Gholdengo, L50|
|poke|p1|Excadrill, L50, M|
|poke|p1|Sinistcha, L50|
|poke|p1|Milotic, L50, M|
|poke|p2|Staraptor, L50, M, shiny|
|poke|p2|Garchomp, L50, M|
|poke|p2|Whimsicott, L50, M|
|poke|p2|Delphox, L50, F, shiny|
|poke|p2|Glimmora, L50, F|
|poke|p2|Kingambit, L50, M, shiny|
|teampreview|4
|showteam|p1|Tyranitar||Tyranitarite|SandStream|KnockOff,RockSlide,Protect,LowKick|Jolly||F|||50|]Staraptor||Staraptite|Intimidate|DualWingbeat,CloseCombat,Protect,Tailwind|Jolly||M|||50|]Gholdengo||LifeOrb|GoodasGold|MakeItRain,NastyPlot,Protect,ShadowBall|Timid|||||50|]Excadrill||FocusSash|SandRush|HighHorsepower,IronHead,RockSlide,Protect|Adamant||M|||50|]Sinistcha||SitrusBerry|Hospitality|MatchaGotcha,RagePowder,ShadowBall,Protect|Calm|||||50|]Milotic||Leftovers|Competitive|Scald,IcyWind,Protect,IceBeam|Modest||M|||50|
|showteam|p2|Staraptor||Staraptite|Intimidate|Protect,Roost,CloseCombat,BraveBird|Jolly||M|||50|]Garchomp||LifeOrb|RoughSkin|Protect,RockSlide,Earthquake,DragonClaw|Jolly||M|||50|]Whimsicott||OccaBerry|Prankster|Moonblast,Tailwind,Charm,LightScreen|Timid||M|||50|]Delphox||Delphoxite|Magician|Protect,Psychic,HeatWave,Substitute|Modest||F|||50|]Glimmora||FocusSash|ToxicDebris|SpikyShield,EarthPower,PowerGem,SludgeBomb|Timid||F|||50|]Kingambit||ChopleBerry|Defiant|KowtowCleave,IronHead,SuckerPunch,LowKick|Adamant||M|||50|
|inactive|Battle timer is ON: inactive players will automatically lose when time's up. (requested by MolluskVGC)
|
|t:|1785604184
|teamsize|p1|4
|teamsize|p2|4
|start
|switch|p1a: Tyranitar|Tyranitar, L50, F|100/100
|switch|p1b: Excadrill|Excadrill, L50, M|100/100
|switch|p2a: Kingambit|Kingambit, L50, M, shiny|100/100
|switch|p2b: Delphox|Delphox, L50, F, shiny|100/100
|-weather|Sandstorm|[from] ability: Sand Stream|[of] p1a: Tyranitar
|turn|1
|inactive|MolluskVGC has 30 seconds left.
|inactive|MolluskVGC has 20 seconds left.
|
|t:|1785604222
|detailschange|p2b: Delphox|Delphox-Mega, L50, F, shiny
|-mega|p2b: Delphox|Delphox|Delphoxite
|detailschange|p1a: Tyranitar|Tyranitar-Mega, L50, F
|-mega|p1a: Tyranitar|Tyranitar|Tyranitarite
|move|p1b: Excadrill|Rock Slide|p2b: Delphox|[spread] p2a,p2b
|-resisted|p2a: Kingambit|1
|-supereffective|p2b: Delphox|1
|-damage|p2a: Kingambit|92/100
|-damage|p2b: Delphox|38/100
|move|p2b: Delphox|Heat Wave|p1b: Excadrill|[spread] p1a,p1b
|-resisted|p1a: Tyranitar|1
|-supereffective|p1b: Excadrill|1
|-damage|p1a: Tyranitar|88/100
|-enditem|p1b: Excadrill|Focus Sash
|-damage|p1b: Excadrill|1/100
|move|p1a: Tyranitar|Low Kick|p2a: Kingambit
|-supereffective|p2a: Kingambit|2
|-enditem|p2a: Kingambit|Chople Berry|[eat]
|-enditem|p2a: Kingambit|Chople Berry|[weaken]
|-damage|p2a: Kingambit|34/100
|cant|p2a: Kingambit|flinch
|
|-weather|Sandstorm|[upkeep]
|-damage|p2b: Delphox|33/100|[from] Sandstorm
|upkeep
|turn|2
|inactive|nomikidvgc has 30 seconds left.
|inactive|MolluskVGC has 30 seconds left.
|
|t:|1785604256
|switch|p2b: Garchomp|Garchomp, L50, M|100/100
|move|p1b: Excadrill|Protect|p1b: Excadrill
|-singleturn|p1b: Excadrill|Protect
|move|p1a: Tyranitar|Low Kick|p2a: Kingambit
|-supereffective|p2a: Kingambit|2
|-damage|p2a: Kingambit|0 fnt
|faint|p2a: Kingambit
|
|-weather|Sandstorm|[upkeep]
|upkeep
|
|t:|1785604259
|switch|p2a: Whimsicott|Whimsicott, L50, M|100/100
|turn|3
|
|t:|1785604275
|switch|p1a: Sinistcha|Sinistcha, L50|100/100
|-heal|p1b: Excadrill|25/100|[from] ability: Hospitality|[of] p1a: Sinistcha
|move|p2a: Whimsicott|Tailwind|p2a: Whimsicott
|-sidestart|p2: MolluskVGC|move: Tailwind
|move|p2b: Garchomp|Earthquake|p1b: Excadrill|[spread] p2a,p1a,p1b
|-resisted|p2a: Whimsicott|1
|-resisted|p1a: Sinistcha|1
|-supereffective|p1b: Excadrill|1
|-crit|p1b: Excadrill
|-damage|p2a: Whimsicott|74/100
|-damage|p1a: Sinistcha|77/100
|-damage|p1b: Excadrill|0 fnt
|faint|p1b: Excadrill
|-damage|p2b: Garchomp|90/100|[from] item: Life Orb
|
|-weather|Sandstorm|[upkeep]
|-damage|p2a: Whimsicott|68/100|[from] Sandstorm
|-damage|p1a: Sinistcha|71/100|[from] Sandstorm
|upkeep
|
|t:|1785604283
|switch|p1b: Milotic|Milotic, L50, M|100/100
|turn|4
|
|t:|1785604307
|move|p2a: Whimsicott|Light Screen|p2a: Whimsicott
|-sidestart|p2: MolluskVGC|move: Light Screen
|move|p2b: Garchomp|Dragon Claw|p1b: Milotic
|-damage|p1b: Milotic|50/100y
|-damage|p2b: Garchomp|80/100|[from] item: Life Orb
|move|p1b: Milotic|Icy Wind|p2b: Garchomp|[spread] p2a,p2b
|-supereffective|p2a: Whimsicott|1
|-supereffective|p2b: Garchomp|2
|-damage|p2a: Whimsicott|47/100
|-damage|p2b: Garchomp|44/100
|-unboost|p2a: Whimsicott|spe|1
|-unboost|p2b: Garchomp|spe|1
|move|p1a: Sinistcha|Matcha Gotcha|p2b: Garchomp|[spread] p2a,p2b
|-resisted|p2a: Whimsicott|1
|-damage|p2a: Whimsicott|36/100
|-heal|p1a: Sinistcha|76/100|[from] drain|[of] p2a: Whimsicott
|-damage|p2b: Garchomp|25/100
|-heal|p1a: Sinistcha|87/100|[from] drain|[of] p2b: Garchomp
|
|-weather|Sandstorm|[upkeep]
|-damage|p2a: Whimsicott|30/100|[from] Sandstorm
|-damage|p1b: Milotic|44/100|[from] Sandstorm
|-damage|p1a: Sinistcha|80/100|[from] Sandstorm
|-heal|p1b: Milotic|50/100y|[from] item: Leftovers
|upkeep
|turn|5
|j| cos(wt)
|
|t:|1785604327
|move|p1b: Milotic|Protect|p1b: Milotic
|-singleturn|p1b: Milotic|Protect
|move|p2a: Whimsicott|Moonblast|p1b: Milotic
|-activate|p1b: Milotic|move: Protect
|move|p2b: Garchomp|Earthquake|p1a: Sinistcha|[spread] p2a,p1a
|-activate|p1b: Milotic|move: Protect
|-resisted|p2a: Whimsicott|1
|-resisted|p1a: Sinistcha|1
|-damage|p2a: Whimsicott|3/100
|-damage|p1a: Sinistcha|59/100
|-damage|p2b: Garchomp|15/100|[from] item: Life Orb
|move|p1a: Sinistcha|Shadow Ball|p2b: Garchomp
|-damage|p2b: Garchomp|0 fnt
|faint|p2b: Garchomp
|
|-weather|none
|-heal|p1b: Milotic|55/100|[from] item: Leftovers
|upkeep
|
|t:|1785604331
|switch|p2b: Delphox|Delphox-Mega, L50, F, shiny|33/100
|turn|6
|
|t:|1785604347
|switch|p1a: Tyranitar|Tyranitar-Mega, L50, F|88/100
|-weather|Sandstorm|[from] ability: Sand Stream|[of] p1a: Tyranitar
|move|p2b: Delphox|Heat Wave|p1b: Milotic|[spread] p1a,p1b
|-resisted|p1a: Tyranitar|1
|-resisted|p1b: Milotic|1
|-damage|p1a: Tyranitar|77/100
|-damage|p1b: Milotic|40/100
|move|p2a: Whimsicott|Moonblast|p1b: Milotic
|-damage|p1b: Milotic|20/100y
|move|p1b: Milotic|Scald|p2b: Delphox
|-supereffective|p2b: Delphox|1
|-damage|p2b: Delphox|0 fnt
|faint|p2b: Delphox
|
|-weather|Sandstorm|[upkeep]
|-damage|p2a: Whimsicott|0 fnt|[from] Sandstorm
|-damage|p1b: Milotic|14/100|[from] Sandstorm
|faint|p2a: Whimsicott
|
|win|nomikidvgc
|c|☆nomikidvgc|gg
|l|‽MolluskVGC
|player|p2|
|l| cos(wt)
