|j|☆SlobCat47
|j|☆bananabread1398
|html|SlobCat47bananabread1398    
|uhtml|bestof|Game 3 of a best-of-3
|t:|1785604274
|gametype|doubles
|player|p1|SlobCat47|170|
|player|p2|bananabread1398|2|
|gen|9
|tier|[Gen 9 Champions] VGC 2026 Reg M-B (Bo3)
|rule|Species Clause: Limit one of each Pokémon
|rule|Item Clause: Limit 1 of each item
|clearpoke
|poke|p1|Serperior, L50, F|
|poke|p1|Ninetales-Alola, L50, F|
|poke|p1|Garchomp, L50, F|
|poke|p1|Staraptor, L50, F|
|poke|p1|Lucario, L50, M|
|poke|p1|Klefki, L50, F|
|poke|p2|Raichu, L50, F|
|poke|p2|Whimsicott, L50, M|
|poke|p2|Lopunny, L50, F|
|poke|p2|Malamar, L50, M|
|poke|p2|Flapple, L50, M|
|poke|p2|Golurk, L50|
|teampreview|4
|showteam|p1|Serperior||ChoiceScarf|Contrary|LeafStorm,Protect,EnergyBall,Coil|Modest||F|||50|]Ninetales-Alola||LightClay|SnowWarning|AuroraVeil,FreezeDry,Protect,Blizzard|Timid||F|||50|]Garchomp||LifeOrb|RoughSkin|Earthquake,Protect,DragonClaw,StompingTantrum|Jolly||F|||50|]Staraptor||Staraptite|Intimidate|BrickBreak,CloseCombat,BraveBird,Protect|Jolly||F|||50|]Lucario||Lucarionite|InnerFocus|AuraSphere,Detect,FlashCannon,VacuumWave|Timid||M|||50|]Klefki||MentalHerb|Prankster|MetalSound,Protect,MagicRoom,Spikes|Bold||F|||50|
|showteam|p2|Raichu||RaichuniteY|LightningRod|FakeOut,ZapCannon,FocusBlast,Protect|Timid||F|||50|]Whimsicott||BrightPowder|Prankster|Encore,Moonblast,Tailwind,Protect|Bold||M|||50|]Lopunny||Lopunnite|CuteCharm|Protect,CloseCombat,FakeOut,IcePunch|Jolly||F|||50|]Malamar||FocusSash|Contrary|TrickRoom,ZenHeadbutt,Reflect,SkillSwap|Impish||M|||50|]Flapple||LifeOrb|Hustle|GravApple,DragonRush,Protect,SuckerPunch|Adamant||M|||50|]Golurk||Leftovers|IronFist|Poltergeist,Gravity,BrickBreak,DrainPunch|Adamant|||||50|
|j| applejuice1738
|j| PJG4487
|j| PsychedelicDawgII
|
|t:|1785604331
|teamsize|p1|4
|teamsize|p2|4
|start
|switch|p1a: BIRD|Staraptor, L50, F|100/100
|switch|p1b: Sneaky Snake|Serperior, L50, F|100/100
|switch|p2a: Bun|Lopunny, L50, F|100/100
|switch|p2b: Uno|Malamar, L50, M|100/100
|-ability|p1a: BIRD|Intimidate|boost
|-unboost|p2a: Bun|atk|1
|-boost|p2b: Uno|atk|1
|turn|1
|
|t:|1785604392
|detailschange|p2a: Bun|Lopunny-Mega, L50, F
|-mega|p2a: Bun|Lopunny|Lopunnite
|detailschange|p1a: BIRD|Staraptor-Mega, L50, F
|-mega|p1a: BIRD|Staraptor|Staraptite
|move|p1b: Sneaky Snake|Protect|p1b: Sneaky Snake
|-singleturn|p1b: Sneaky Snake|Protect
|move|p2a: Bun|Protect|p2a: Bun
|-singleturn|p2a: Bun|Protect
|move|p1a: BIRD|Protect|p1a: BIRD
|-singleturn|p1a: BIRD|Protect
|move|p2b: Uno|Trick Room|p2b: Uno
|-fieldstart|move: Trick Room|[of] p2b: Uno
|
|upkeep
|turn|2
|
|t:|1785604418
|switch|p2a: Sloptimus|Golurk, L50|100/100
|switch|p1b: Glacèon|Ninetales-Alola, L50, F|100/100
|-weather|Snowscape|[from] ability: Snow Warning|[of] p1b: Glacèon
|move|p2b: Uno|Reflect|p2b: Uno
|-sidestart|p2: bananabread1398|Reflect
|move|p1a: BIRD|Close Combat|p2a: Sloptimus
|-immune|p2a: Sloptimus
|
|-weather|Snowscape|[upkeep]
|upkeep
|turn|3
|
|t:|1785604448
|move|p2a: Sloptimus|Gravity|p2a: Sloptimus
|-fieldstart|move: Gravity
|move|p2b: Uno|Zen Headbutt|p1b: Glacèon
|-damage|p1b: Glacèon|70/100
|move|p1b: Glacèon|Aurora Veil|p1b: Glacèon
|-sidestart|p1: SlobCat47|move: Aurora Veil
|move|p1a: BIRD|Close Combat|p2b: Uno
|-damage|p2b: Uno|65/100
|-boost|p1a: BIRD|def|1
|-boost|p1a: BIRD|spd|1
|
|-weather|Snowscape|[upkeep]
|upkeep
|turn|4
|
|t:|1785604465
|move|p2a: Sloptimus|Drain Punch|p1b: Glacèon
|-damage|p1b: Glacèon|53/100
|move|p2b: Uno|Zen Headbutt|p1b: Glacèon
|-damage|p1b: Glacèon|31/100
|move|p1b: Glacèon|Blizzard|p2b: Uno|[spread] p2a,p2b
|-supereffective|p2a: Sloptimus|1
|-damage|p2a: Sloptimus|50/100y
|-damage|p2b: Uno|40/100
|move|p1a: BIRD|Close Combat|p2b: Uno
|-damage|p2b: Uno|10/100
|-boost|p1a: BIRD|def|1
|-boost|p1a: BIRD|spd|1
|
|-weather|Snowscape|[upkeep]
|-heal|p2a: Sloptimus|56/100|[from] item: Leftovers
|upkeep
|turn|5
|
|t:|1785604500
|move|p1b: Glacèon|Protect|p1b: Glacèon
|-singleturn|p1b: Glacèon|Protect
|move|p2a: Sloptimus|Drain Punch|p1b: Glacèon
|-activate|p1b: Glacèon|move: Protect
|move|p2b: Uno|Zen Headbutt|p1a: BIRD
|-supereffective|p1a: BIRD|1
|-damage|p1a: BIRD|72/100
|move|p1a: BIRD|Brave Bird|p2b: Uno
|-damage|p2b: Uno|0 fnt
|faint|p2b: Uno
|-damage|p1a: BIRD|67/100|[from] Recoil
|
|-weather|Snowscape|[upkeep]
|-heal|p2a: Sloptimus|62/100|[from] item: Leftovers
|-fieldend|move: Trick Room
|upkeep
|
|t:|1785604516
|switch|p2b: Bun|Lopunny-Mega, L50, F|100/100
|turn|6
|
|t:|1785604539
|move|p2b: Bun|Fake Out|p1a: BIRD
|-damage|p1a: BIRD|59/100
|cant|p1a: BIRD|flinch
|move|p1b: Glacèon|Blizzard|p2b: Bun|[spread] p2a,p2b
|-supereffective|p2a: Sloptimus|1
|-damage|p2a: Sloptimus|13/100
|-damage|p2b: Bun|66/100
|move|p2a: Sloptimus|Brick Break|p1b: Glacèon
|-sideend|p1: SlobCat47|move: Aurora Veil
|-damage|p1b: Glacèon|6/100
|
|-weather|none
|-heal|p2a: Sloptimus|19/100|[from] item: Leftovers
|-sideend|p2: bananabread1398|Reflect
|upkeep
|turn|7
|
|t:|1785604568
|move|p2b: Bun|Protect|p2b: Bun
|-singleturn|p2b: Bun|Protect
|move|p1a: BIRD|Close Combat|p2b: Bun
|-activate|p2b: Bun|move: Protect
|move|p1b: Glacèon|Freeze-Dry|p2a: Sloptimus
|-supereffective|p2a: Sloptimus|1
|-damage|p2a: Sloptimus|0 fnt
|faint|p2a: Sloptimus
|
|-fieldend|move: Gravity
|upkeep
|
|t:|1785604580
|switch|p2a: Newton|Flapple, L50, M|100/100
|turn|8
|
|t:|1785604593
|move|p2a: Newton|Sucker Punch|p1a: BIRD
|-resisted|p1a: BIRD|1
|-damage|p1a: BIRD|46/100
|-damage|p2a: Newton|90/100|[from] item: Life Orb
|move|p2b: Bun|Close Combat|p1b: Glacèon
|-damage|p1b: Glacèon|0 fnt
|-unboost|p2b: Bun|def|1
|-unboost|p2b: Bun|spd|1
|faint|p1b: Glacèon
|move|p1a: BIRD|Close Combat|p2b: Bun
|-supereffective|p2b: Bun|1
|-damage|p2b: Bun|0 fnt
|-boost|p1a: BIRD|def|1
|-boost|p1a: BIRD|spd|1
|faint|p2b: Bun
|
|upkeep
|
|t:|1785604608
|switch|p1b: BONK|Garchomp, L50, F|100/100
|turn|9
|
|t:|1785604625
|move|p1a: BIRD|Brave Bird|p2a: Newton
|-supereffective|p2a: Newton|1
|-crit|p2a: Newton
|-damage|p2a: Newton|0 fnt
|faint|p2a: Newton
|-damage|p1a: BIRD|13/100|[from] Recoil
|
|win|SlobCat47
