|j|☆Chelicerate1
|j|☆xxbawsestmanxx1
|html|Chelicerate1xxbawsestmanxx1    
|uhtml|bestof|Game 1 of a best-of-3
|t:|1783337612
|gametype|doubles
|player|p1|Chelicerate1|ethan|1153
|player|p2|xxbawsestmanxx1|ryuki|1135
|gen|9
|tier|[Gen 9 Champions] VGC 2026 Reg M-B (Bo3)
|rated|
|rule|Species Clause: Limit one of each Pokémon
|rule|Item Clause: Limit 1 of each item
|clearpoke
|poke|p1|Charizard, L50, M, shiny|
|poke|p1|Gholdengo, L50, shiny|
|poke|p1|Incineroar, L50, M, shiny|
|poke|p1|Floette-Eternal, L50, F|
|poke|p1|Sinistcha-Masterpiece, L50, shiny|
|poke|p1|Garchomp, L50, M, shiny|
|poke|p2|Gholdengo, L50, shiny|
|poke|p2|Tinkaton, L50, F, shiny|
|poke|p2|Glimmora, L50, M|
|poke|p2|Runerigus, L50, M|
|poke|p2|Incineroar, L50, F|
|poke|p2|Staraptor, L50, M|
|teampreview|4
|showteam|p1|Charizard||CharizarditeY|SolarPower|HeatWave,WeatherBall,SolarBeam,Protect|Modest||M|||50|]Gholdengo||ChoiceScarf|GoodasGold|MakeItRain,Psychic,ShadowBall,Trick|Timid|||||50|]Incineroar||SitrusBerry|Intimidate|FakeOut,ThroatChop,PartingShot,FlareBlitz|Careful||M|||50|]Floette-Eternal||Floettite|FlowerVeil|Moonblast,DazzlingGleam,CalmMind,Protect|Modest||F|||50|]Sinistcha-Masterpiece||KasibBerry|Hospitality|MatchaGotcha,RagePowder,LifeDew,Protect|Bold|||||50|]Garchomp||LifeOrb|RoughSkin|DragonClaw,RockSlide,Earthquake,Protect|Adamant||M|||50|
|showteam|p2|Gholdengo||ChoiceScarf|GoodasGold|ShadowBall,MakeItRain,Thunderbolt,PowerGem|Timid|||||50|]Tinkaton||OccaBerry|MoldBreaker|SkillSwap,BabyDollEyes,FakeOut,Encore|Jolly||F|||50|]Glimmora||FocusSash|ToxicDebris|EarthPower,SludgeBomb,SpikyShield,EnergyBall|Modest||M|||50|]Runerigus||SitrusBerry|WanderingSpirit|Poltergeist,TrickRoom,WillOWisp,Protect|Sassy||M|||50|]Incineroar||ChopleBerry|Intimidate|CloseCombat,FlareBlitz,PartingShot,FakeOut|Adamant||F|||50|]Staraptor||Staraptite|Intimidate|CloseCombat,BraveBird,Roost,Protect|Adamant||M|||50|
|inactive|Battle timer is ON: inactive players will automatically lose when time's up. (requested by Chelicerate1)
|inactive|xxbawsestmanxx1 has 60 seconds left.
|inactive|xxbawsestmanxx1 has 30 seconds left.
|inactive|xxbawsestmanxx1 has 20 seconds left.
|inactive|xxbawsestmanxx1 has 15 seconds left.
|
|t:|1783337690
|teamsize|p1|4
|teamsize|p2|4
|start
|switch|p1a: Charizard|Charizard, L50, M, shiny|100/100
|switch|p1b: Garchomp|Garchomp, L50, M, shiny|100/100
|switch|p2a: Gholdengo|Gholdengo, L50, shiny|100/100
|switch|p2b: Runerigus|Runerigus, L50, M|100/100
|turn|1
|inactive|Chelicerate1 has 30 seconds left.
|
|t:|1783337723
|switch|p2a: Staraptor|Staraptor, L50, M|100/100
|-ability|p2a: Staraptor|Intimidate|boost
|-unboost|p1a: Charizard|atk|1
|-unboost|p1b: Garchomp|atk|1
|detailschange|p1a: Charizard|Charizard-Mega-Y, L50, M, shiny
|-mega|p1a: Charizard|Charizard|Charizardite Y
|-weather|SunnyDay|[from] ability: Drought|[of] p1a: Charizard
|move|p1b: Garchomp|Earthquake|p2b: Runerigus|[spread] p2b
|-immune|p1a: Charizard
|-immune|p2a: Staraptor
|-damage|p2b: Runerigus|68/100
|-damage|p1b: Garchomp|90/100|[from] item: Life Orb
|move|p1a: Charizard|Heat Wave|p2a: Staraptor|[spread] p2a,p2b
|-damage|p2a: Staraptor|21/100
|-damage|p2b: Runerigus|24/100
|-enditem|p2b: Runerigus|Sitrus Berry|[eat]
|-heal|p2b: Runerigus|49/100|[from] item: Sitrus Berry
|move|p2b: Runerigus|Trick Room|p2b: Runerigus
|-fieldstart|move: Trick Room|[of] p2b: Runerigus
|
|-weather|SunnyDay|[upkeep]
|upkeep
|turn|2
|inactive|Chelicerate1 has 30 seconds left.
|
|t:|1783337753
|detailschange|p2a: Staraptor|Staraptor-Mega, L50, M
|-mega|p2a: Staraptor|Staraptor|Staraptite
|move|p1b: Garchomp|Protect|p1b: Garchomp
|-singleturn|p1b: Garchomp|Protect
|move|p2b: Runerigus|Poltergeist|p1a: Charizard
|-activate|p1a: Charizard|move: Poltergeist|Charizardite Y
|-damage|p1a: Charizard|62/100
|move|p2a: Staraptor|Close Combat|p1a: Charizard
|-resisted|p1a: Charizard|1
|-damage|p1a: Charizard|24/100
|-boost|p2a: Staraptor|def|1
|-boost|p2a: Staraptor|spd|1
|move|p1a: Charizard|Heat Wave|p2b: Runerigus|[spread] p2b
|-miss|p1a: Charizard|p2a: Staraptor
|-damage|p2b: Runerigus|6/100
|-status|p2b: Runerigus|brn
|
|-weather|SunnyDay|[upkeep]
|-damage|p2b: Runerigus|0 fnt|[from] brn
|faint|p2b: Runerigus
|upkeep
|
|t:|1783337761
|switch|p2b: Incineroar|Incineroar, L50, F|100/100
|-ability|p2b: Incineroar|Intimidate|boost
|-unboost|p1a: Charizard|atk|1
|-unboost|p1b: Garchomp|atk|1
|turn|3
|
|t:|1783337776
|switch|p1b: Sinistcha|Sinistcha-Masterpiece, L50, shiny|100/100
|-heal|p1a: Charizard|49/100|[from] ability: Hospitality|[of] p1b: Sinistcha
|move|p1a: Charizard|Protect|p1a: Charizard
|-singleturn|p1a: Charizard|Protect
|move|p2b: Incineroar|Fake Out|p1b: Sinistcha
|-immune|p1b: Sinistcha
|move|p2a: Staraptor|Close Combat|p1a: Charizard
|-activate|p1a: Charizard|move: Protect
|
|-weather|SunnyDay|[upkeep]
|upkeep
|turn|4
|
|t:|1783337798
|move|p1b: Sinistcha|Rage Powder|p1b: Sinistcha
|-singleturn|p1b: Sinistcha|move: Rage Powder
|move|p2b: Incineroar|Flare Blitz|p1b: Sinistcha
|-supereffective|p1b: Sinistcha|1
|-damage|p1b: Sinistcha|0 fnt
|faint|p1b: Sinistcha
|-damage|p2b: Incineroar|71/100|[from] Recoil
|move|p2a: Staraptor|Roost|p2a: Staraptor
|-heal|p2a: Staraptor|71/100
|-singleturn|p2a: Staraptor|move: Roost
|move|p1a: Charizard|Heat Wave|p2b: Incineroar|[spread] p2a,p2b
|-resisted|p2b: Incineroar|1
|-damage|p2a: Staraptor|30/100
|-damage|p2b: Incineroar|42/100
|
|-weather|SunnyDay|[upkeep]
|upkeep
|
|t:|1783337814
|switch|p1b: Garchomp|Garchomp, L50, M, shiny|90/100
|turn|5
|
|t:|1783337830
|move|p2b: Incineroar|Parting Shot|p1b: Garchomp
|-unboost|p1b: Garchomp|atk|1
|-unboost|p1b: Garchomp|spa|1
|
|t:|1783337831
|switch|p2b: Gholdengo|Gholdengo, L50, shiny|100/100|[from] Parting Shot
|move|p2a: Staraptor|Roost|p2a: Staraptor
|-heal|p2a: Staraptor|81/100
|-singleturn|p2a: Staraptor|move: Roost
|move|p1a: Charizard|Weather Ball|p2a: Staraptor
|-damage|p2a: Staraptor|26/100
|move|p1b: Garchomp|Earthquake|p2a: Staraptor|[spread] p2a,p2b
|-immune|p1a: Charizard
|-supereffective|p2b: Gholdengo|1
|-damage|p2a: Staraptor|5/100
|-damage|p2b: Gholdengo|12/100
|-damage|p1b: Garchomp|80/100|[from] item: Life Orb
|
|-weather|none
|-fieldend|move: Trick Room
|upkeep
|turn|6
|
|t:|1783337855
|move|p1a: Charizard|Protect|p1a: Charizard
|-singleturn|p1a: Charizard|Protect
|move|p2b: Gholdengo|Shadow Ball|p1a: Charizard
|-activate|p1a: Charizard|move: Protect
|move|p1b: Garchomp|Dragon Claw|p2a: Staraptor
|-damage|p2a: Staraptor|0 fnt
|faint|p2a: Staraptor
|-damage|p1b: Garchomp|71/100|[from] item: Life Orb
|
|upkeep
|
|t:|1783337865
|switch|p2a: Incineroar|Incineroar, L50, F|42/100
|-ability|p2a: Incineroar|Intimidate|boost
|-unboost|p1a: Charizard|atk|1
|-unboost|p1b: Garchomp|atk|1
|turn|7
|
|t:|1783337871
|move|p2a: Incineroar|Fake Out|p1b: Garchomp
|-damage|p1b: Garchomp|57/100
|-damage|p2a: Incineroar|30/100|[from] ability: Rough Skin|[of] p1b: Garchomp
|move|p2b: Gholdengo|Shadow Ball|p1a: Charizard
|-crit|p1a: Charizard
|-damage|p1a: Charizard|0 fnt
|faint|p1a: Charizard
|cant|p1b: Garchomp|flinch
|
|upkeep
|
|t:|1783337881
|switch|p1a: Gholdengo|Gholdengo, L50, shiny|100/100
|turn|8
|
|t:|1783337897
|move|p1a: Gholdengo|Make It Rain|p2b: Gholdengo|[spread] p2a,p2b
|-resisted|p2a: Incineroar|1
|-resisted|p2b: Gholdengo|1
|-damage|p2a: Incineroar|5/100
|-damage|p2b: Gholdengo|0 fnt
|-unboost|p1a: Gholdengo|spa|2
|faint|p2b: Gholdengo
|move|p1b: Garchomp|Dragon Claw|p2a: Incineroar
|-damage|p2a: Incineroar|0 fnt
|faint|p2a: Incineroar
|-damage|p1b: Garchomp|47/100|[from] item: Life Orb
|
|win|Chelicerate1
||xxbawsestmanxx1 is ready for game 2.
