|j|☆LanternComic
|j|☆SunshineTufo
|html|LanternComicSunshineTufo    
|uhtml|bestof|Game 1 of a best-of-3
|t:|1785439668
|gametype|doubles
|player|p1|LanternComic|silver-masters|1349
|player|p2|SunshineTufo|li|1294
|gen|9
|tier|[Gen 9 Champions] VGC 2026 Reg M-B (Bo3)
|rated|
|rule|Species Clause: Limit one of each Pokémon
|rule|Item Clause: Limit 1 of each item
|clearpoke
|poke|p1|Staraptor, L50, M, shiny|
|poke|p1|Delphox, L50, M|
|poke|p1|Whimsicott, L50, M|
|poke|p1|Rotom-Wash, L50|
|poke|p1|Kingambit, L50, F, shiny|
|poke|p1|Sneasler, L50, M, shiny|
|poke|p2|Charizard, L50, M, shiny|
|poke|p2|Incineroar, L50, M, shiny|
|poke|p2|Sylveon, L50, M, shiny|
|poke|p2|Aerodactyl, L50, M, shiny|
|poke|p2|Garchomp, L50, M, shiny|
|poke|p2|Farigiraf, L50, M, shiny|
|teampreview|4
|showteam|p1|Staraptor||Staraptite|Intimidate|BraveBird,CloseCombat,Roost,Protect|Adamant||M|||50|]Delphox||Delphoxite|Blaze|HeatWave,Psychic,Encore,Protect|Timid||M|||50|]Whimsicott||FocusSash|Prankster|Moonblast,Charm,Tailwind,FakeTears|Timid||M|||50|]Rotom-Wash||SitrusBerry|Levitate|Thunderbolt,HydroPump,WillOWisp,Protect|Modest|||||50|]Kingambit||BlackGlasses|Defiant|KowtowCleave,SuckerPunch,IronHead,Protect|Adamant||F|||50|]Sneasler||WhiteHerb|Unburden|CloseCombat,DireClaw,FakeOut,Protect|Jolly||M|||50|
|showteam|p2|Charizard||CharizarditeY|SolarPower|HeatWave,WeatherBall,SolarBeam,Protect|Modest||M|||50|]Incineroar||Charcoal|Intimidate|FlareBlitz,DarkestLariat,FakeOut,PartingShot|Brave||M|||50|]Sylveon||FairyFeather|Pixilate|HyperVoice,QuickAttack,HyperBeam,Detect|Modest||M|||50|]Aerodactyl||Aerodactylite|Unnerve|WideGuard,RockSlide,DualWingbeat,Tailwind|Jolly||M|||50|]Garchomp||LifeOrb|RoughSkin|Protect,StompingTantrum,DragonClaw,Earthquake|Adamant||M|||50|]Farigiraf||SitrusBerry|ArmorTail|SunnyDay,PsychicFangs,Thunderbolt,TrickRoom|Relaxed||M|||50|
|inactive|Battle timer is ON: inactive players will automatically lose when time's up. (requested by SunshineTufo)
|inactive|LanternComic has 60 seconds left.
|inactive|SunshineTufo has 60 seconds left.
|
|t:|1785439699
|teamsize|p1|4
|teamsize|p2|4
|start
|switch|p1a: Frank|Whimsicott, L50, M|100/100
|switch|p1b: Fawkes|Staraptor, L50, M, shiny|100/100
|switch|p2a: Incineroar|Incineroar, L50, M, shiny|100/100
|switch|p2b: Farigiraf|Farigiraf, L50, M, shiny|100/100
|-ability|p1b: Fawkes|Intimidate|boost
|-unboost|p2a: Incineroar|atk|1
|-unboost|p2b: Farigiraf|atk|1
|-ability|p2a: Incineroar|Intimidate|boost
|-unboost|p1a: Frank|atk|1
|-unboost|p1b: Fawkes|atk|1
|turn|1
|inactive|SunshineTufo has 30 seconds left.
|
|t:|1785439725
|switch|p1a: Tatsu|Kingambit, L50, F, shiny|100/100
|detailschange|p1b: Fawkes|Staraptor-Mega, L50, M, shiny
|-mega|p1b: Fawkes|Staraptor|Staraptite
|move|p2a: Incineroar|Fake Out|p1b: Fawkes
|-damage|p1b: Fawkes|90/100
|cant|p1b: Fawkes|flinch
|move|p2b: Farigiraf|Trick Room|p2b: Farigiraf
|-fieldstart|move: Trick Room|[of] p2b: Farigiraf
|
|upkeep
|turn|2
|
|t:|1785439737
|move|p2b: Farigiraf|Sunny Day|p2b: Farigiraf
|-weather|SunnyDay
|move|p2a: Incineroar|Flare Blitz|p1a: Tatsu
|-supereffective|p1a: Tatsu|1
|-crit|p1a: Tatsu
|-damage|p1a: Tatsu|0 fnt
|faint|p1a: Tatsu
|-damage|p2a: Incineroar|67/100|[from] Recoil
|move|p1b: Fawkes|Close Combat|p2a: Incineroar
|-supereffective|p2a: Incineroar|1
|-damage|p2a: Incineroar|0 fnt
|-boost|p1b: Fawkes|def|1
|-boost|p1b: Fawkes|spd|1
|faint|p2a: Incineroar
|
|-weather|SunnyDay|[upkeep]
|upkeep
|
|t:|1785439744
|switch|p2a: Sylveon|Sylveon, L50, M, shiny|100/100
|switch|p1a: Frank|Whimsicott, L50, M|100/100
|turn|3
|
|t:|1785439751
|move|p1a: Frank|Fake Tears|p1b: Fawkes
|-boost|p1b: Fawkes|spd|2
|move|p2b: Farigiraf|Psychic Fangs|p1b: Fawkes
|-supereffective|p1b: Fawkes|1
|-damage|p1b: Fawkes|62/100
|move|p2a: Sylveon|Hyper Voice|p1a: Frank|[spread] p1a,p1b
|-supereffective|p1b: Fawkes|1
|-damage|p1a: Frank|16/100
|-damage|p1b: Fawkes|18/100
|move|p1b: Fawkes|Close Combat|p2b: Farigiraf
|-damage|p2b: Farigiraf|62/100
|-boost|p1b: Fawkes|def|1
|-boost|p1b: Fawkes|spd|1
|
|-weather|SunnyDay|[upkeep]
|upkeep
|turn|4
|
|t:|1785439764
|move|p1b: Fawkes|Protect|p1b: Fawkes
|-singleturn|p1b: Fawkes|Protect
|move|p2b: Farigiraf|Psychic Fangs|p1b: Fawkes
|-activate|p1b: Fawkes|move: Protect
|move|p2a: Sylveon|Hyper Voice|p1b: Fawkes|[spread] p1a
|-activate|p1b: Fawkes|move: Protect
|-damage|p1a: Frank|0 fnt
|faint|p1a: Frank
|
|-weather|SunnyDay|[upkeep]
|upkeep
|
|t:|1785439770
|switch|p1a: Ghostmaker|Sneasler, L50, M, shiny|100/100
|turn|5
|
|t:|1785439773
|move|p1b: Fawkes|Protect|p1b: Fawkes
|-singleturn|p1b: Fawkes|Protect
|move|p1a: Ghostmaker|Protect|p1a: Ghostmaker
|-singleturn|p1a: Ghostmaker|Protect
|move|p2b: Farigiraf|Sunny Day||[still]
|-fail|p2b: Farigiraf
|move|p2a: Sylveon|Hyper Voice|p1a: Ghostmaker|[spread] 
|-activate|p1a: Ghostmaker|move: Protect
|-activate|p1b: Fawkes|move: Protect
|
|-weather|SunnyDay|[upkeep]
|-fieldend|move: Trick Room
|upkeep
|turn|6
|
|t:|1785439793
|switch|p2a: Garchomp|Garchomp, L50, M, shiny|100/100
|move|p1a: Ghostmaker|Close Combat|p2b: Farigiraf
|-crit|p2b: Farigiraf
|-damage|p2b: Farigiraf|0 fnt
|-unboost|p1a: Ghostmaker|def|1
|-unboost|p1a: Ghostmaker|spd|1
|faint|p2b: Farigiraf
|-enditem|p1a: Ghostmaker|White Herb
|-clearnegativeboost|p1a: Ghostmaker|[silent]
|move|p1b: Fawkes|Close Combat|p2a: Garchomp
|-damage|p2a: Garchomp|57/100
|-boost|p1b: Fawkes|def|1
|-boost|p1b: Fawkes|spd|1
|-damage|p1b: Fawkes|6/100|[from] ability: Rough Skin|[of] p2a: Garchomp
|
|-weather|none
|upkeep
|
|t:|1785439795
|switch|p2b: Sylveon|Sylveon, L50, M, shiny|100/100
|turn|7
|
|t:|1785439808
|move|p1b: Fawkes|Protect|p1b: Fawkes
|-singleturn|p1b: Fawkes|Protect
|move|p2b: Sylveon|Detect|p2b: Sylveon
|-singleturn|p2b: Sylveon|Protect
|move|p1a: Ghostmaker|Close Combat|p2a: Garchomp
|-damage|p2a: Garchomp|4/100
|-unboost|p1a: Ghostmaker|def|1
|-unboost|p1a: Ghostmaker|spd|1
|-damage|p1a: Ghostmaker|87/100|[from] ability: Rough Skin|[of] p2a: Garchomp
|move|p2a: Garchomp|Stomping Tantrum|p1a: Ghostmaker
|-supereffective|p1a: Ghostmaker|1
|-damage|p1a: Ghostmaker|0 fnt
|faint|p1a: Ghostmaker
|-damage|p2a: Garchomp|0 fnt|[from] item: Life Orb
|faint|p2a: Garchomp
|
|upkeep
|turn|8
|
|t:|1785439817
|move|p2b: Sylveon|Quick Attack|p1b: Fawkes
|-supereffective|p1b: Fawkes|1
|-damage|p1b: Fawkes|0 fnt
|faint|p1b: Fawkes
|
|win|SunshineTufo
