|j|☆BaumgartenVGC
|j|☆Twin_kai
|html|BaumgartenVGCTwin_kai    
|uhtml|bestof|Game 1 of a best-of-3
|t:|1757757605
|gametype|doubles
|player|p1|BaumgartenVGC|101|1040
|player|p2|Twin_kai|266|1014
|gen|9
|tier|[Gen 9] VGC 2025 Reg H (Bo3)
|rated|
|rule|Species Clause: Limit one of each Pokémon
|rule|Item Clause: Limit 1 of each item
|clearpoke
|poke|p1|Tyranitar, L50, M|
|poke|p1|Murkrow, L50, M|
|poke|p1|Volcarona, L50, F|
|poke|p1|Rillaboom, L50, M|
|poke|p1|Gholdengo, L50|
|poke|p1|Annihilape, L50, M|
|poke|p2|Pelipper, L50, F|
|poke|p2|Archaludon, L50, F|
|poke|p2|Forretress, L50, M|
|poke|p2|Ursaluna-Bloodmoon, L50, M|
|poke|p2|Sinistcha, L50|
|poke|p2|Sylveon, L50, M|
|teampreview|4
|showteam|p1|Tyranitar||AssaultVest|SandStream|KnockOff,RockSlide,TeraBlast,LowKick|||M|||50|,,,,,Ghost]Murkrow||Eviolite|Prankster|Quash,Snarl,Taunt,Haze|||M|||50|,,,,,Dark]Volcarona||SafetyGoggles|FlameBody|RagePowder,Tailwind,Overheat,WillOWisp|||F|||50|,,,,,Grass]Rillaboom||MiracleSeed|GrassySurge|WoodHammer,GrassyGlide,FakeOut,Uturn|||M|||50|,,,,,Water]Gholdengo||LifeOrb|GoodasGold|Protect,MakeItRain,ShadowBall,NastyPlot||||||50|,,,,,Water]Annihilape||FocusSash|Defiant|CloseCombat,RageFist,Protect,FinalGambit|||M|||50|,,,,,Fighting
|showteam|p2|Pelipper||FocusSash|Drizzle|Tailwind,WeatherBall,Hurricane,Protect|||F|||50|,,,,,Ghost]Archaludon||AssaultVest|Stamina|ElectroShot,BodyPress,FlashCannon,DragonPulse|||F|||50|,,,,,Grass]Forretress||RockyHelmet|Overcoat|Lunge,StruggleBug,HelpingHand,Protect|||M|||50|,,,,,Fire]Ursaluna-Bloodmoon||LifeOrb|MindsEye|BloodMoon,HyperVoice,Protect,EarthPower|||M|||50|,,,,,Normal]Sinistcha||SitrusBerry|Hospitality|RagePowder,MatchaGotcha,TrickRoom,Protect||||||50|,,,,,Water]Sylveon||ThroatSpray|Pixilate|HyperBeam,HyperVoice,TeraBlast,Detect|||M|||50|,,,,,Fire
|inactive|Battle timer is ON: inactive players will automatically lose when time's up. (requested by Twin_kai)
|inactive|Twin_kai has 60 seconds left.
|inactive|Twin_kai has 30 seconds left.
|inactive|Twin_kai has 20 seconds left.
|inactive|Twin_kai has 15 seconds left.
|inactive|Twin_kai has 10 seconds left.
|inactive|Twin_kai has 5 seconds left.
|
|t:|1757757691
|teamsize|p1|4
|teamsize|p2|4
|start
|switch|p1a: Volcarona|Volcarona, L50, F|100/100
|switch|p1b: Rillaboom|Rillaboom, L50, M|100/100
|switch|p2a: Forretress|Forretress, L50, M, shiny|100/100
|switch|p2b: Sinistcha|Sinistcha, L50|100/100
|-fieldstart|move: Grassy Terrain|[from] ability: Grassy Surge|[of] p1b: Rillaboom
|turn|1
|inactive|BaumgartenVGC has 30 seconds left.
|inactive|Twin_kai has 30 seconds left.
|inactive|BaumgartenVGC has 20 seconds left.
|inactive|BaumgartenVGC has 15 seconds left.
|
|t:|1757757732
|-terastallize|p2b: Sinistcha|Water
|move|p2a: Forretress|Protect|p2a: Forretress
|-singleturn|p2a: Forretress|Protect
|move|p1a: Volcarona|Overheat|p2b: Sinistcha
|-resisted|p2b: Sinistcha
|-damage|p2b: Sinistcha|75/100
|-unboost|p1a: Volcarona|spa|2
|move|p1b: Rillaboom|Wood Hammer|p2b: Sinistcha
|-supereffective|p2b: Sinistcha
|-damage|p2b: Sinistcha|0 fnt
|faint|p2b: Sinistcha
|-damage|p1b: Rillaboom|79/100|[from] Recoil
|
|-heal|p1b: Rillaboom|85/100|[from] Grassy Terrain
|upkeep
|inactive|Twin_kai has 30 seconds left.
|
|t:|1757757758
|switch|p2b: Archaludon|Archaludon, L50, F|100/100
|turn|2
|inactive|BaumgartenVGC has 30 seconds left.
|inactive|Twin_kai has 30 seconds left.
|
|t:|1757757792
|move|p1a: Volcarona|Overheat|p2a: Forretress
|-supereffective|p2a: Forretress
|-damage|p2a: Forretress|0 fnt
|-unboost|p1a: Volcarona|spa|2
|faint|p2a: Forretress
|move|p1b: Rillaboom|U-turn|p2b: Archaludon
|-resisted|p2b: Archaludon
|-damage|p2b: Archaludon|93/100
|-ability|p2b: Archaludon|Stamina|boost
|-boost|p2b: Archaludon|def|1
|
|t:|1757757805
|switch|p1b: Gholdengo|Gholdengo, L50|100/100|[from] U-turn
|move|p2b: Archaludon|Dragon Pulse|p1b: Gholdengo
|-resisted|p1b: Gholdengo
|-damage|p1b: Gholdengo|78/100
|
|-heal|p1b: Gholdengo|85/100|[from] Grassy Terrain
|-heal|p2b: Archaludon|98/100|[from] Grassy Terrain
|upkeep
|
|t:|1757757815
|switch|p2a: Pelipper|Pelipper, L50, F|100/100
|-weather|RainDance|[from] ability: Drizzle|[of] p2a: Pelipper
|turn|3
|inactive|Twin_kai has 30 seconds left.
|
|t:|1757757849
|switch|p1a: Tyranitar|Tyranitar, L50, M|100/100
|-weather|Sandstorm|[from] ability: Sand Stream|[of] p1a: Tyranitar
|move|p1b: Gholdengo|Nasty Plot|p1b: Gholdengo
|-boost|p1b: Gholdengo|spa|2
|move|p2a: Pelipper|Weather Ball|p1a: Tyranitar
|-damage|p1a: Tyranitar|89/100
|move|p2b: Archaludon|Body Press|p1b: Gholdengo
|-immune|p1b: Gholdengo
|
|-weather|Sandstorm|[upkeep]
|-damage|p2a: Pelipper|95/100|[from] Sandstorm
|-heal|p1b: Gholdengo|91/100|[from] Grassy Terrain
|-heal|p2b: Archaludon|100/100|[from] Grassy Terrain
|-heal|p1a: Tyranitar|95/100|[from] Grassy Terrain
|upkeep
|turn|4
|inactive|Twin_kai has 30 seconds left.
|inactive|BaumgartenVGC has 30 seconds left.
|inactive|Twin_kai has 20 seconds left.
|inactive|Twin_kai has 15 seconds left.
|
|t:|1757757891
|move|p1b: Gholdengo|Make It Rain|p2b: Archaludon|[spread] p2a,p2b
|-resisted|p2a: Pelipper
|-resisted|p2b: Archaludon
|-damage|p2a: Pelipper|1/100
|-damage|p2b: Archaludon|62/100
|-unboost|p1b: Gholdengo|spa|1
|-ability|p2b: Archaludon|Stamina|boost
|-boost|p2b: Archaludon|def|1
|-damage|p1b: Gholdengo|81/100|[from] item: Life Orb
|move|p2a: Pelipper|Weather Ball|p1a: Tyranitar
|-damage|p1a: Tyranitar|82/100
|move|p2b: Archaludon|Flash Cannon|p1b: Gholdengo
|-resisted|p1b: Gholdengo
|-damage|p1b: Gholdengo|63/100
|move|p1a: Tyranitar|Knock Off|p2b: Archaludon
|-damage|p2b: Archaludon|44/100
|-ability|p2b: Archaludon|Stamina|boost
|-boost|p2b: Archaludon|def|1
|-enditem|p2b: Archaludon|Assault Vest|[from] move: Knock Off|[of] p1a: Tyranitar
|
|-weather|Sandstorm|[upkeep]
|-damage|p2a: Pelipper|0 fnt|[from] Sandstorm
|faint|p2a: Pelipper
|-heal|p1b: Gholdengo|69/100|[from] Grassy Terrain
|-heal|p2b: Archaludon|50/100|[from] Grassy Terrain
|-heal|p1a: Tyranitar|88/100|[from] Grassy Terrain
|upkeep
|turn|5
|inactive|BaumgartenVGC has 30 seconds left.
|inactive|Twin_kai has 30 seconds left.
|
|t:|1757757919
|-terastallize|p1a: Tyranitar|Ghost
|move|p1b: Gholdengo|Make It Rain|p2b: Archaludon
|-resisted|p2b: Archaludon
|-damage|p2b: Archaludon|0 fnt
|-unboost|p1b: Gholdengo|spa|1
|faint|p2b: Archaludon
|-damage|p1b: Gholdengo|59/100|[from] item: Life Orb
|
|win|BaumgartenVGC
||BaumgartenVGC is ready for game 2.
|inactive|Twin_kai has 30 seconds to confirm battle start!
|inactive|Twin_kai has 20 seconds to confirm battle start!
||Twin_kai is ready for game 2.
|uhtml|next|Next: Game 2 of 3
|l|☆BaumgartenVGC
|player|p1|
