|j|☆desertstorm868
|j|☆Senli
|html|desertstorm868Senli    
|uhtml|bestof|Game 1 of a best-of-3
|t:|1786029253
|gametype|doubles
|player|p1|desertstorm868|hilbert|1084
|player|p2|Senli|florian-bb|1195
|gen|9
|tier|[Gen 9 Champions] VGC 2026 Reg M-B (Bo3)
|rated|
|rule|Species Clause: Limit one of each Pokémon
|rule|Item Clause: Limit 1 of each item
|clearpoke
|poke|p1|Tyranitar, L50, M|
|poke|p1|Excadrill, L50, F|
|poke|p1|Staraptor, L50, F|
|poke|p1|Milotic, L50, F|
|poke|p1|Gholdengo, L50|
|poke|p1|Sinistcha-Masterpiece, L50|
|poke|p2|Staraptor, L50, M, shiny|
|poke|p2|Glimmora, L50, F, shiny|
|poke|p2|Kingambit, L50, M, shiny|
|poke|p2|Whimsicott, L50, F, shiny|
|poke|p2|Delphox, L50, M, shiny|
|poke|p2|Garchomp, L50, F, shiny|
|teampreview|4
|showteam|p1|Tyranitar||Tyranitarite|SandStream|RockSlide,KnockOff,LowKick,Protect|Adamant||M|||50|]Excadrill||FocusSash|SandRush|HighHorsepower,IronHead,RockSlide,Protect|Adamant||F|||50|]Staraptor||Staraptite|Intimidate|BraveBird,CloseCombat,Tailwind,Protect|Jolly||F|||50|]Milotic||SitrusBerry|Competitive|Scald,IceBeam,Recover,Protect|Modest||F|||50|]Gholdengo||LifeOrb|GoodasGold|MakeItRain,ShadowBall,NastyPlot,Protect|Modest|||||50|]Sinistcha-Masterpiece||ColburBerry|Hospitality|MatchaGotcha,RagePowder,TrickRoom,Protect|Relaxed|||||50|
|showteam|p2|Staraptor||Staraptite|Intimidate|CloseCombat,BraveBird,Roost,Protect|Jolly||M|||50|]Glimmora||FocusSash|ToxicDebris|PowerGem,SludgeBomb,EarthPower,SpikyShield|Timid||F|||50|]Kingambit||ChopleBerry|Defiant|KowtowCleave,IronHead,LowKick,SuckerPunch|Adamant||M|||50|]Whimsicott||OccaBerry|Prankster|Tailwind,Moonblast,Charm,LightScreen|Timid||F|||50|]Delphox||Delphoxite|Blaze|HeatWave,Psychic,Substitute,Protect|Timid||M|||50|]Garchomp||ChoiceScarf|RoughSkin|DragonClaw,RockSlide,Earthquake,StompingTantrum|Jolly||F|||50|
|inactive|Battle timer is ON: inactive players will automatically lose when time's up. (requested by Senli)
|inactive|Senli has 60 seconds left.
|
|t:|1786029299
|teamsize|p1|4
|teamsize|p2|4
|start
|switch|p1a: Milotic|Milotic, L50, F|100/100
|switch|p1b: Excadrill|Excadrill, L50, F|100/100
|switch|p2a: Kingambit|Kingambit, L50, M, shiny|100/100
|switch|p2b: Glimmora|Glimmora, L50, F, shiny|100/100
|turn|1
|inactive|Senli has 30 seconds left.
|
|t:|1786029326
|switch|p1a: Tyranitar|Tyranitar, L50, M|100/100
|-weather|Sandstorm|[from] ability: Sand Stream|[of] p1a: Tyranitar
|move|p1b: Excadrill|High Horsepower|p2a: Kingambit
|-supereffective|p2a: Kingambit|1
|-damage|p2a: Kingambit|13/100
|move|p2b: Glimmora|Earth Power|p1b: Excadrill
|-supereffective|p1b: Excadrill|1
|-damage|p1b: Excadrill|20/100r
|move|p2a: Kingambit|Low Kick|p1b: Excadrill
|-supereffective|p1b: Excadrill|1
|-damage|p1b: Excadrill|0 fnt
|faint|p1b: Excadrill
|
|-weather|Sandstorm|[upkeep]
|upkeep
|
|t:|1786029343
|switch|p1b: Milotic|Milotic, L50, F|100/100
|turn|2
|
|t:|1786029355
|detailschange|p1a: Tyranitar|Tyranitar-Mega, L50, M
|-mega|p1a: Tyranitar|Tyranitar|Tyranitarite
|move|p2b: Glimmora|Earth Power|p1a: Tyranitar
|-supereffective|p1a: Tyranitar|1
|-damage|p1a: Tyranitar|66/100
|move|p1a: Tyranitar|Low Kick|p2a: Kingambit
|-supereffective|p2a: Kingambit|2
|-enditem|p2a: Kingambit|Chople Berry|[eat]
|-enditem|p2a: Kingambit|Chople Berry|[weaken]
|-damage|p2a: Kingambit|0 fnt
|faint|p2a: Kingambit
|move|p1b: Milotic|Scald|p2b: Glimmora
|-supereffective|p2b: Glimmora|1
|-damage|p2b: Glimmora|45/100
|-status|p2b: Glimmora|brn
|
|-weather|Sandstorm|[upkeep]
|-damage|p1b: Milotic|94/100|[from] Sandstorm
|-damage|p2b: Glimmora|40/100 brn|[from] brn
|upkeep
|
|t:|1786029367
|switch|p2a: Whimsicott|Whimsicott, L50, F, shiny|100/100
|turn|3
|
|t:|1786029384
|move|p1a: Tyranitar|Protect|p1a: Tyranitar
|-singleturn|p1a: Tyranitar|Protect
|move|p2a: Whimsicott|Tailwind|p2a: Whimsicott
|-sidestart|p2: Senli|move: Tailwind
|move|p2b: Glimmora|Sludge Bomb|p1b: Milotic
|-damage|p1b: Milotic|61/100
|-status|p1b: Milotic|psn
|move|p1b: Milotic|Scald|p2b: Glimmora
|-supereffective|p2b: Glimmora|1
|-damage|p2b: Glimmora|0 fnt
|faint|p2b: Glimmora
|
|-weather|Sandstorm|[upkeep]
|-damage|p2a: Whimsicott|94/100|[from] Sandstorm
|-damage|p1b: Milotic|55/100 psn|[from] Sandstorm
|-damage|p1b: Milotic|43/100 psn|[from] psn
|upkeep
|-enditem|p1b: Milotic|Sitrus Berry|[eat]
|-heal|p1b: Milotic|67/100 psn|[from] item: Sitrus Berry
|
|t:|1786029395
|switch|p2b: Delphox|Delphox, L50, M, shiny|100/100
|turn|4
|
|t:|1786029410
|detailschange|p2b: Delphox|Delphox-Mega, L50, M, shiny
|-mega|p2b: Delphox|Delphox|Delphoxite
|move|p2b: Delphox|Heat Wave|p1b: Milotic|[spread] p1a,p1b
|-resisted|p1a: Tyranitar|1
|-resisted|p1b: Milotic|1
|-damage|p1a: Tyranitar|56/100
|-damage|p1b: Milotic|53/100 psn
|move|p2a: Whimsicott|Moonblast|p1a: Tyranitar
|-supereffective|p1a: Tyranitar|1
|-damage|p1a: Tyranitar|24/100
|move|p1a: Tyranitar|Rock Slide|p2b: Delphox|[spread] p2a,p2b
|-supereffective|p2b: Delphox|1
|-damage|p2a: Whimsicott|47/100
|-damage|p2b: Delphox|11/100
|move|p1b: Milotic|Scald|p2b: Delphox
|-supereffective|p2b: Delphox|1
|-damage|p2b: Delphox|0 fnt
|faint|p2b: Delphox
|
|-weather|Sandstorm|[upkeep]
|-damage|p2a: Whimsicott|41/100|[from] Sandstorm
|-damage|p1b: Milotic|47/100 psn|[from] Sandstorm
|-damage|p1b: Milotic|35/100 psn|[from] psn
|upkeep
|turn|5
|inactive|desertstorm868 has 30 seconds left.
|
|t:|1786029437
|move|p2a: Whimsicott|Moonblast|p1a: Tyranitar
|-supereffective|p1a: Tyranitar|1
|-damage|p1a: Tyranitar|0 fnt
|faint|p1a: Tyranitar
|move|p1b: Milotic|Ice Beam|p2a: Whimsicott
|-supereffective|p2a: Whimsicott|1
|-damage|p2a: Whimsicott|0 fnt
|faint|p2a: Whimsicott
|
|win|desertstorm868
||Senli is ready for game 2.
|inactive|desertstorm868 has 30 seconds to confirm battle start!
|inactive|desertstorm868 has 20 seconds to confirm battle start!
|inactive|desertstorm868 has 10 seconds to confirm battle start!
||desertstorm868 is ready for game 2.
|uhtml|next|Next: Game 2 of 3
