|j|‽Dr3ntel
|j|☆ChestnutsRoastin
|html|Dr3ntelChestnutsRoastin    
|uhtml|bestof|Game 1 of a best-of-3
|t:|1783662143
|gametype|doubles
|player|p1|Dr3ntel|265|1190
|player|p2|ChestnutsRoastin|veteranf|1252
|gen|9
|tier|[Gen 9 Champions] VGC 2026 Reg M-B (Bo3)
|rated|
|rule|Species Clause: Limit one of each Pokémon
|rule|Item Clause: Limit 1 of each item
|clearpoke
|poke|p1|Delphox, L50, F|
|poke|p1|Hydreigon, L50, F|
|poke|p1|Garchomp, L50, F|
|poke|p1|Incineroar, L50, M|
|poke|p1|Mawile, L50, F|
|poke|p1|Sinistcha, L50|
|poke|p2|Incineroar, L50, F|
|poke|p2|Kingambit, L50, M|
|poke|p2|Sinistcha, L50|
|poke|p2|Sneasler, L50, F|
|poke|p2|Blastoise, L50, M|
|poke|p2|Delphox, L50, F|
|teampreview|4
|showteam|p1|Delphox||Delphoxite|Blaze|NastyPlot,HeatWave,Psychic,Protect|Timid||F|||50|]Hydreigon||LifeOrb|Levitate|DracoMeteor,DarkPulse,Flamethrower,Protect|Timid||F|||50|]Garchomp||ChoiceScarf|RoughSkin|Earthquake,DragonClaw,RockSlide,SunnyDay|Jolly||F|||50|]Incineroar||SitrusBerry|Intimidate|FakeOut,ThroatChop,FlareBlitz,PartingShot|Impish||M|||50|]Mawile||Mawilite|HyperCutter|PlayRough,SwordsDance,SuckerPunch,Protect|Adamant||F|||50|]Sinistcha||KasibBerry|Hospitality|MatchaGotcha,RagePowder,Protect,TrickRoom|Bold|||||50|
|showteam|p2|Incineroar||SitrusBerry|Intimidate|FakeOut,ThroatChop,Taunt,PartingShot|Impish||F|||50|]Kingambit||BlackGlasses|Defiant|SwordsDance,SuckerPunch,KowtowCleave,Protect|Adamant||M|||50|]Sinistcha||OccaBerry|Hospitality|MatchaGotcha,RagePowder,TrickRoom,Protect|Bold|||||50|]Sneasler||WhiteHerb|Unburden|CloseCombat,FakeOut,DireClaw,QuickGuard|Adamant||F|||50|]Blastoise||Blastoisinite|Torrent|WaterSpout,DarkPulse,ShellSmash,Protect|Modest||M|||50|]Delphox||Delphoxite|Blaze|HeatWave,NastyPlot,Psyshock,Protect|Timid||F|||50|
|inactive|Battle timer is ON: inactive players will automatically lose when time's up. (requested by Dr3ntel)
|inactive|Dr3ntel has 60 seconds left.
|inactive|Dr3ntel has 30 seconds left.
|inactive|Dr3ntel has 20 seconds left.
|inactive|Dr3ntel has 15 seconds left.
|inactive|Dr3ntel has 10 seconds left.
|inactive|Dr3ntel has 5 seconds left.
|
|t:|1783662237
|teamsize|p1|4
|teamsize|p2|4
|start
|switch|p1a: Delphox|Delphox, L50, F|100/100
|switch|p1b: Hydreigon|Hydreigon, L50, F|100/100
|switch|p2a: Incineroar|Incineroar, L50, F|100/100
|switch|p2b: Blastoise|Blastoise, L50, M|100/100
|-ability|p2a: Incineroar|Intimidate|boost
|-unboost|p1a: Delphox|atk|1
|-unboost|p1b: Hydreigon|atk|1
|turn|1
|
|t:|1783662257
|detailschange|p1a: Delphox|Delphox-Mega, L50, F
|-mega|p1a: Delphox|Delphox|Delphoxite
|detailschange|p2b: Blastoise|Blastoise-Mega, L50, M
|-mega|p2b: Blastoise|Blastoise|Blastoisinite
|move|p2a: Incineroar|Fake Out|p1b: Hydreigon
|-damage|p1b: Hydreigon|87/100
|move|p1a: Delphox|Psychic|p2b: Blastoise
|-damage|p2b: Blastoise|49/100
|cant|p1b: Hydreigon|flinch
|move|p2b: Blastoise|Shell Smash|p2b: Blastoise
|-unboost|p2b: Blastoise|def|1
|-unboost|p2b: Blastoise|spd|1
|-boost|p2b: Blastoise|atk|2
|-boost|p2b: Blastoise|spa|2
|-boost|p2b: Blastoise|spe|2
|
|upkeep
|turn|2
|
|t:|1783662278
|move|p2b: Blastoise|Protect|p2b: Blastoise
|-singleturn|p2b: Blastoise|Protect
|move|p1a: Delphox|Protect|p1a: Delphox
|-singleturn|p1a: Delphox|Protect
|move|p1b: Hydreigon|Dark Pulse|p2b: Blastoise
|-activate|p2b: Blastoise|move: Protect
|move|p2a: Incineroar|Parting Shot|p1b: Hydreigon
|-unboost|p1b: Hydreigon|atk|1
|-unboost|p1b: Hydreigon|spa|1
|
|t:|1783662302
|switch|p2a: Sneasler|Sneasler, L50, F|100/100|[from] Parting Shot
|
|upkeep
|turn|3
|
|t:|1783662322
|switch|p1a: Incineroar|Incineroar, L50, M|100/100
|-ability|p1a: Incineroar|Intimidate|boost
|-unboost|p2a: Sneasler|atk|1
|-unboost|p2b: Blastoise|atk|1
|-enditem|p2a: Sneasler|White Herb
|-clearnegativeboost|p2a: Sneasler|[silent]
|move|p1b: Hydreigon|Protect|p1b: Hydreigon
|-singleturn|p1b: Hydreigon|Protect
|move|p2a: Sneasler|Close Combat|p1b: Hydreigon
|-activate|p1b: Hydreigon|move: Protect
|move|p2b: Blastoise|Dark Pulse|p1a: Incineroar
|-resisted|p1a: Incineroar|1
|-damage|p1a: Incineroar|53/100
|
|upkeep
|turn|4
|inactive|Dr3ntel has 30 seconds left.
|inactive|Dr3ntel has 20 seconds left.
|
|t:|1783662360
|switch|p1b: Delphox|Delphox-Mega, L50, F|100/100
|switch|p1a: Garchomp|Garchomp, L50, F|100/100
|move|p2b: Blastoise|Protect|p2b: Blastoise
|-singleturn|p2b: Blastoise|Protect
|move|p2a: Sneasler|Close Combat|p1b: Delphox
|-resisted|p1b: Delphox|1
|-damage|p1b: Delphox|44/100
|-unboost|p2a: Sneasler|def|1
|-unboost|p2a: Sneasler|spd|1
|
|upkeep
|turn|5
|inactive|ChestnutsRoastin has 30 seconds left.
|
|t:|1783662394
|switch|p2b: Sinistcha|Sinistcha, L50|100/100
|move|p1b: Delphox|Protect|p1b: Delphox
|-singleturn|p1b: Delphox|Protect
|move|p2a: Sneasler|Close Combat|p1a: Garchomp
|-damage|p1a: Garchomp|25/100
|-unboost|p2a: Sneasler|def|1
|-unboost|p2a: Sneasler|spd|1
|-damage|p2a: Sneasler|87/100|[from] ability: Rough Skin|[of] p1a: Garchomp
|move|p1a: Garchomp|Earthquake|p2a: Sneasler|[spread] p2a,p2b
|-activate|p1b: Delphox|move: Protect
|-supereffective|p2a: Sneasler|1
|-resisted|p2b: Sinistcha|1
|-damage|p2a: Sneasler|0 fnt
|-damage|p2b: Sinistcha|84/100
|faint|p2a: Sneasler
|
|upkeep
|
|t:|1783662398
|switch|p2a: Incineroar|Incineroar, L50, F|100/100
|-ability|p2a: Incineroar|Intimidate|boost
|-unboost|p1a: Garchomp|atk|1
|-unboost|p1b: Delphox|atk|1
|turn|6
|
|t:|1783662421
|switch|p1a: Incineroar|Incineroar, L50, M|53/100
|-ability|p1a: Incineroar|Intimidate|boost
|-unboost|p2a: Incineroar|atk|1
|-unboost|p2b: Sinistcha|atk|1
|switch|p1b: Hydreigon|Hydreigon, L50, F|87/100
|move|p2a: Incineroar|Fake Out|p1b: Hydreigon
|-damage|p1b: Hydreigon|78/100
|move|p2b: Sinistcha|Trick Room|p2b: Sinistcha
|-fieldstart|move: Trick Room|[of] p2b: Sinistcha
|
|upkeep
|turn|7
|inactive|Dr3ntel has 30 seconds left.
|
|t:|1783662451
|move|p1a: Incineroar|Parting Shot|p2a: Incineroar
|-unboost|p2a: Incineroar|atk|1
|-unboost|p2a: Incineroar|spa|1
|
|t:|1783662457
|switch|p1a: Garchomp|Garchomp, L50, F|25/100|[from] Parting Shot
|move|p2b: Sinistcha|Matcha Gotcha|p1b: Hydreigon|[spread] p1a,p1b
|-resisted|p1b: Hydreigon|1
|-damage|p1a: Garchomp|0 fnt
|-heal|p2b: Sinistcha|98/100|[from] drain|[of] p1a: Garchomp
|-damage|p1b: Hydreigon|63/100
|-heal|p2b: Sinistcha|100/100|[from] drain|[of] p1b: Hydreigon
|faint|p1a: Garchomp
|move|p2a: Incineroar|Parting Shot|p1b: Hydreigon
|-unboost|p1b: Hydreigon|atk|1
|-unboost|p1b: Hydreigon|spa|1
|
|t:|1783662465
|switch|p2a: Blastoise|Blastoise-Mega, L50, M|49/100|[from] Parting Shot
|move|p1b: Hydreigon|Dark Pulse|p2b: Sinistcha
|-supereffective|p2b: Sinistcha|1
|-damage|p2b: Sinistcha|28/100
|-damage|p1b: Hydreigon|53/100|[from] item: Life Orb
|
|upkeep
|
|t:|1783662478
|switch|p1a: Incineroar|Incineroar, L50, M|53/100
|-ability|p1a: Incineroar|Intimidate|boost
|-unboost|p2a: Blastoise|atk|1
|-unboost|p2b: Sinistcha|atk|1
|turn|8
|inactive|Dr3ntel has 30 seconds left.
|
|t:|1783662507
|switch|p2b: Incineroar|Incineroar, L50, F|100/100
|-ability|p2b: Incineroar|Intimidate|boost
|-unboost|p1a: Incineroar|atk|1
|-unboost|p1b: Hydreigon|atk|1
|switch|p1b: Delphox|Delphox-Mega, L50, F|44/100
|move|p2a: Blastoise|Protect|p2a: Blastoise
|-singleturn|p2a: Blastoise|Protect
|move|p1a: Incineroar|Parting Shot|p2b: Incineroar
|-unboost|p2b: Incineroar|atk|1
|-unboost|p2b: Incineroar|spa|1
|
|t:|1783662528
|switch|p1a: Hydreigon|Hydreigon, L50, F|53/100|[from] Parting Shot
|
|upkeep
|turn|9
|
|t:|1783662544
|switch|p1b: Incineroar|Incineroar, L50, M|53/100
|-ability|p1b: Incineroar|Intimidate|boost
|-unboost|p2a: Blastoise|atk|1
|-unboost|p2b: Incineroar|atk|1
|move|p2b: Incineroar|Fake Out|p1a: Hydreigon
|-damage|p1a: Hydreigon|47/100
|move|p2a: Blastoise|Shell Smash|p2a: Blastoise
|-unboost|p2a: Blastoise|def|1
|-unboost|p2a: Blastoise|spd|1
|-boost|p2a: Blastoise|atk|2
|-boost|p2a: Blastoise|spa|2
|-boost|p2a: Blastoise|spe|2
|cant|p1a: Hydreigon|flinch
|
|upkeep
|turn|10
|inactive|Dr3ntel has 30 seconds left.
|inactive|Dr3ntel has 20 seconds left.
|inactive|Dr3ntel has 15 seconds left.
|inactive|Dr3ntel has 10 seconds left.
|
|t:|1783662592
|switch|p2b: Sinistcha|Sinistcha, L50|28/100
|-heal|p2a: Blastoise|74/100|[from] ability: Hospitality|[of] p2b: Sinistcha
|move|p2a: Blastoise|Protect|p2a: Blastoise
|-singleturn|p2a: Blastoise|Protect
|move|p1b: Incineroar|Fake Out|p2b: Sinistcha
|-immune|p2b: Sinistcha
|move|p1a: Hydreigon|Dark Pulse|p2a: Blastoise
|-activate|p2a: Blastoise|move: Protect
|
|-fieldend|move: Trick Room
|upkeep
|turn|11
|
|t:|1783662606
|switch|p1b: Delphox|Delphox-Mega, L50, F|44/100
|move|p2b: Sinistcha|Rage Powder|p2b: Sinistcha
|-singleturn|p2b: Sinistcha|move: Rage Powder
|move|p2a: Blastoise|Water Spout|p1b: Delphox|[spread] p1a,p1b
|-resisted|p1a: Hydreigon|1
|-supereffective|p1b: Delphox|1
|-damage|p1a: Hydreigon|0 fnt
|-damage|p1b: Delphox|0 fnt
|faint|p1a: Hydreigon
|faint|p1b: Delphox
|
|upkeep
|c|☆ChestnutsRoastin|ggwp
|-message|Dr3ntel forfeited.
|
|win|ChestnutsRoastin
||Dr3ntel is ready for game 2.
||ChestnutsRoastin is ready for game 2.
|uhtml|next|Next: Game 2 of 3
|l|‽Dr3ntel
|player|p1|
