|j|☆bearlover997
|j|☆glofer
|html|bearlover997glofer    
|uhtml|bestof|Game 2 of a best-of-3
|t:|1786188770
|gametype|doubles
|player|p1|bearlover997|sage|1044
|player|p2|glofer|blackbelt|1119
|gen|9
|tier|[Gen 9 Champions] VGC 2026 Reg M-B (Bo3)
|rated|
|rule|Species Clause: Limit one of each Pokémon
|rule|Item Clause: Limit 1 of each item
|clearpoke
|poke|p1|Dragalge, L50, M, shiny|
|poke|p1|Sinistcha, L50|
|poke|p1|Incineroar, L50, F|
|poke|p1|Grimmsnarl, L50, M|
|poke|p1|Lopunny, L50, F, shiny|
|poke|p1|Tyrantrum, L50, F, shiny|
|poke|p2|Sandaconda, L50, F|
|poke|p2|Mamoswine, L50, M|
|poke|p2|Garchomp, L50, F|
|poke|p2|Steelix, L50, F|
|poke|p2|Krookodile, L50, M|
|poke|p2|Gliscor, L50, F|
|teampreview|4
|showteam|p1|Dragalge||Dragalgite|PoisonPoint|DracoMeteor,SludgeBomb,FlipTurn,Toxic|Calm||M|||50|]Sinistcha||ColburBerry|Hospitality|MatchaGotcha,StrengthSap,RagePowder,Protect|Bold|||||50|]Incineroar||SitrusBerry|Intimidate|FakeOut,PartingShot,WillOWisp,FlareBlitz|Adamant||F|||50|]Grimmsnarl||LightClay|Prankster|LightScreen,Reflect,PartingShot,SpiritBreak|Careful||M|||50|]Lopunny||Lopunnite|Limber|CloseCombat,Encore,FakeOut,Uturn|Jolly||F|||50|]Tyrantrum||LifeOrb|RockHead|HeadSmash,DragonDance,DragonClaw,Protect|Adamant||F|||50|
|showteam|p2|Sandaconda||Leftovers|SandSpit|SandTomb,DragonRush,Coil,Protect|Careful||F|||50|]Mamoswine||LifeOrb|Oblivious|HighHorsepower,IcicleCrash,IceShard,Protect|Adamant||M|||50|]Garchomp||Garchompite|RoughSkin|EarthPower,DracoMeteor,RockSlide,Protect|Quiet||F|||50|]Steelix||Steelixite|Sturdy|DrillRun,HeavySlam,BodyPress,WideGuard|Adamant||F|||50|]Krookodile||ExpertBelt|Intimidate|Earthquake,KnockOff,SmackDown,Protect|Impish||M|||50|]Gliscor||FocusSash|HyperCutter|Bulldoze,DualWingbeat,Tailwind,Protect|Adamant||F|||50|
|inactive|Battle timer is ON: inactive players will automatically lose when time's up. (requested by bearlover997)
|
|t:|1786188790
|teamsize|p1|4
|teamsize|p2|4
|start
|switch|p1a: Incineroar|Incineroar, L50, F|100/100
|switch|p1b: Grimmsnarl|Grimmsnarl, L50, M|100/100
|switch|p2a: Mamoswine|Mamoswine, L50, M|100/100
|switch|p2b: Gliscor|Gliscor, L50, F|100/100
|-ability|p1a: Incineroar|Intimidate|boost
|-fail|p2a: Mamoswine|unboost|Attack|[from] ability: Oblivious|[of] p2a: Mamoswine
|-fail|p2b: Gliscor|unboost|Attack|[from] ability: Hyper Cutter|[of] p2b: Gliscor
|turn|1
|
|t:|1786188804
|move|p2a: Mamoswine|Protect|p2a: Mamoswine
|-singleturn|p2a: Mamoswine|Protect
|move|p1a: Incineroar|Fake Out|p2a: Mamoswine
|-activate|p2a: Mamoswine|move: Protect
|move|p1b: Grimmsnarl|Reflect|p1b: Grimmsnarl
|-sidestart|p1: bearlover997|Reflect
|move|p2b: Gliscor|Bulldoze|p1a: Incineroar|[spread] p1a,p1b
|-activate|p2a: Mamoswine|move: Protect
|-supereffective|p1a: Incineroar|1
|-damage|p1a: Incineroar|72/100
|-damage|p1b: Grimmsnarl|83/100
|-unboost|p1a: Incineroar|spe|1
|-unboost|p1b: Grimmsnarl|spe|1
|
|upkeep
|turn|2
|
|t:|1786188822
|move|p1b: Grimmsnarl|Parting Shot|p2a: Mamoswine
|-unboost|p2a: Mamoswine|atk|1
|-unboost|p2a: Mamoswine|spa|1
|
|t:|1786188825
|switch|p1b: Sinistcha|Sinistcha, L50|100/100|[from] Parting Shot
|-heal|p1a: Incineroar|97/100|[from] ability: Hospitality|[of] p1b: Sinistcha
|move|p2b: Gliscor|Dual Wingbeat|p1a: Incineroar
|-damage|p1a: Incineroar|86/100
|-damage|p1a: Incineroar|74/100
|-hitcount|p1a: Incineroar|2
|move|p2a: Mamoswine|High Horsepower|p1a: Incineroar
|-supereffective|p1a: Incineroar|1
|-damage|p1a: Incineroar|14/100
|-enditem|p1a: Incineroar|Sitrus Berry|[eat]
|-heal|p1a: Incineroar|39/100|[from] item: Sitrus Berry
|-damage|p2a: Mamoswine|90/100|[from] item: Life Orb
|move|p1a: Incineroar|Will-O-Wisp|p2b: Gliscor
|-status|p2b: Gliscor|brn
|
|-damage|p2b: Gliscor|94/100 brn|[from] brn
|upkeep
|turn|3
|
|t:|1786188845
|switch|p1a: Grimmsnarl|Grimmsnarl, L50, M|83/100
|move|p2b: Gliscor|Dual Wingbeat|p1b: Sinistcha
|-supereffective|p1b: Sinistcha|1
|-damage|p1b: Sinistcha|91/100
|-supereffective|p1b: Sinistcha|1
|-damage|p1b: Sinistcha|82/100
|-hitcount|p1b: Sinistcha|2
|move|p2a: Mamoswine|Icicle Crash|p1b: Sinistcha
|-supereffective|p1b: Sinistcha|1
|-damage|p1b: Sinistcha|43/100
|-damage|p2a: Mamoswine|80/100|[from] item: Life Orb
|move|p1b: Sinistcha|Matcha Gotcha|p2b: Gliscor|[spread] p2a,p2b
|-supereffective|p2a: Mamoswine|1
|-damage|p2a: Mamoswine|5/100
|-heal|p1b: Sinistcha|82/100|[from] drain|[of] p2a: Mamoswine
|-damage|p2b: Gliscor|60/100 brn
|-heal|p1b: Sinistcha|97/100|[from] drain|[of] p2b: Gliscor
|
|-damage|p2b: Gliscor|54/100 brn|[from] brn
|upkeep
|turn|4
|inactive|bearlover997 has 30 seconds left.
|
|t:|1786188870
|move|p2b: Gliscor|Dual Wingbeat|p1b: Sinistcha
|-supereffective|p1b: Sinistcha|1
|-damage|p1b: Sinistcha|88/100
|-supereffective|p1b: Sinistcha|1
|-damage|p1b: Sinistcha|79/100
|-hitcount|p1b: Sinistcha|2
|move|p2a: Mamoswine|Icicle Crash|p1b: Sinistcha
|-supereffective|p1b: Sinistcha|1
|-damage|p1b: Sinistcha|40/100
|-damage|p2a: Mamoswine|0 fnt|[from] item: Life Orb
|faint|p2a: Mamoswine
|cant|p1b: Sinistcha|flinch
|move|p1a: Grimmsnarl|Spirit Break|p2b: Gliscor
|-damage|p2b: Gliscor|25/100 brn
|-unboost|p2b: Gliscor|spa|1
|
|-damage|p2b: Gliscor|19/100 brn|[from] brn
|upkeep
|
|t:|1786188880
|switch|p2a: Krookodile|Krookodile, L50, M|100/100
|-ability|p2a: Krookodile|Intimidate|boost
|-unboost|p1a: Grimmsnarl|atk|1
|-unboost|p1b: Sinistcha|atk|1
|turn|5
|
|t:|1786188901
|switch|p1b: Incineroar|Incineroar, L50, F|39/100
|-ability|p1b: Incineroar|Intimidate|boost
|-unboost|p2a: Krookodile|atk|1
|-fail|p2b: Gliscor|unboost|Attack|[from] ability: Hyper Cutter|[of] p2b: Gliscor
|move|p2b: Gliscor|Tailwind|p2b: Gliscor
|-sidestart|p2: glofer|move: Tailwind
|move|p2a: Krookodile|Knock Off|p1b: Incineroar
|-resisted|p1b: Incineroar|1
|-damage|p1b: Incineroar|32/100
|move|p1a: Grimmsnarl|Spirit Break|p2a: Krookodile
|-supereffective|p2a: Krookodile|1
|-damage|p2a: Krookodile|58/100
|-unboost|p2a: Krookodile|spa|1
|
|-damage|p2b: Gliscor|13/100 brn|[from] brn
|upkeep
|turn|6
|
|t:|1786188920
|switch|p2a: Garchomp|Garchomp, L50, F|100/100
|move|p1b: Incineroar|Fake Out|p2a: Garchomp
|-damage|p2a: Garchomp|88/100
|-damage|p1b: Incineroar|19/100|[from] ability: Rough Skin|[of] p2a: Garchomp
|move|p2b: Gliscor|Dual Wingbeat|p1b: Incineroar
|-damage|p1b: Incineroar|13/100
|-damage|p1b: Incineroar|7/100
|-hitcount|p1b: Incineroar|2
|move|p1a: Grimmsnarl|Spirit Break|p2b: Gliscor
|-damage|p2b: Gliscor|0 fnt
|faint|p2b: Gliscor
|
|upkeep
|
|t:|1786188933
|switch|p2b: Krookodile|Krookodile, L50, M|58/100
|-ability|p2b: Krookodile|Intimidate|boost
|-unboost|p1a: Grimmsnarl|atk|1
|-unboost|p1b: Incineroar|atk|1
|turn|7
|
|t:|1786188946
|switch|p1b: Sinistcha|Sinistcha, L50|40/100
|-heal|p1a: Grimmsnarl|100/100|[from] ability: Hospitality|[of] p1b: Sinistcha
|detailschange|p2a: Garchomp|Garchomp-Mega, L50, F
|-mega|p2a: Garchomp|Garchomp|Garchompite
|move|p2a: Garchomp|Protect|p2a: Garchomp
|-singleturn|p2a: Garchomp|Protect
|move|p1a: Grimmsnarl|Parting Shot|p2a: Garchomp
|-activate|p2a: Garchomp|move: Protect
|move|p2b: Krookodile|Earthquake|p1a: Grimmsnarl|[spread] p1a,p1b
|-activate|p2a: Garchomp|move: Protect
|-resisted|p1b: Sinistcha|1
|-damage|p1a: Grimmsnarl|71/100
|-damage|p1b: Sinistcha|31/100
|
|upkeep
|turn|8
|inactive|glofer has 30 seconds left.
|
|t:|1786188977
|move|p1a: Grimmsnarl|Parting Shot|p2a: Garchomp
|-unboost|p2a: Garchomp|atk|1
|-unboost|p2a: Garchomp|spa|1
|
|t:|1786188980
|switch|p1a: Incineroar|Incineroar, L50, F|7/100|[from] Parting Shot
|-ability|p1a: Incineroar|Intimidate|boost
|-unboost|p2a: Garchomp|atk|1
|-unboost|p2b: Krookodile|atk|1
|move|p2b: Krookodile|Knock Off|p1a: Incineroar
|-resisted|p1a: Incineroar|1
|-damage|p1a: Incineroar|1/100
|move|p2a: Garchomp|Draco Meteor|p1b: Sinistcha
|-damage|p1b: Sinistcha|0 fnt
|-unboost|p2a: Garchomp|spa|2
|faint|p1b: Sinistcha
|
|-sideend|p1: bearlover997|Reflect
|-sideend|p2: glofer|move: Tailwind
|upkeep
|
|t:|1786188992
|switch|p1b: Lopunny|Lopunny, L50, F, shiny|100/100
|turn|9
|
|t:|1786188996
|detailschange|p1b: Lopunny|Lopunny-Mega, L50, F, shiny
|-mega|p1b: Lopunny|Lopunny|Lopunnite
|move|p2b: Krookodile|Protect|p2b: Krookodile
|-singleturn|p2b: Krookodile|Protect
|move|p2a: Garchomp|Protect|p2a: Garchomp
|-singleturn|p2a: Garchomp|Protect
|move|p1b: Lopunny|Fake Out|p2a: Garchomp
|-activate|p2a: Garchomp|move: Protect
|move|p1a: Incineroar|Fake Out|p2b: Krookodile
|-activate|p2b: Krookodile|move: Protect
|
|upkeep
|turn|10
|
|t:|1786189011
|move|p1b: Lopunny|Encore|p2a: Garchomp
|-start|p2a: Garchomp|Encore
|move|p2a: Garchomp|Protect||[still]
|-fail|p2a: Garchomp
|move|p2b: Krookodile|Earthquake|p1b: Lopunny|[spread] p2a,p1a,p1b
|-supereffective|p1a: Incineroar|1
|-damage|p2a: Garchomp|70/100
|-damage|p1a: Incineroar|0 fnt
|-damage|p1b: Lopunny|68/100
|faint|p1a: Incineroar
|
|upkeep
|
|t:|1786189021
|switch|p1a: Grimmsnarl|Grimmsnarl, L50, M|71/100
|turn|11
|
|t:|1786189026
|move|p2a: Garchomp|Protect|p2a: Garchomp
|-singleturn|p2a: Garchomp|Protect
|move|p1a: Grimmsnarl|Reflect|p1a: Grimmsnarl
|-sidestart|p1: bearlover997|Reflect
|move|p1b: Lopunny|Close Combat|p2b: Krookodile
|-supereffective|p2b: Krookodile|1
|-damage|p2b: Krookodile|0 fnt
|-unboost|p1b: Lopunny|def|1
|-unboost|p1b: Lopunny|spd|1
|faint|p2b: Krookodile
|
|upkeep
|turn|12
|c|☆glofer|Gg
|inactive|glofer has 30 seconds left.
|-message|glofer forfeited.
|raw|bearlover997's rating: 1044 → 1085(+41 for winning)
|raw|glofer's rating: 1119 → 1089(-30 for losing)
|
|win|bearlover997
