|j|☆stevie.bot
|j|☆shieeeee
|html|stevie.botshieeeee    
|uhtml|bestof|Game 2 of a best-of-3
|t:|1756933341
|gametype|doubles
|player|p1|stevie.bot|liza|1359
|player|p2|shieeeee|266|1280
|gen|9
|tier|[Gen 9] VGC 2025 Reg H (Bo3)
|rated|
|rule|Species Clause: Limit one of each Pokémon
|rule|Item Clause: Limit 1 of each item
|clearpoke
|poke|p1|Sneasler, L50, F|
|poke|p1|Dragapult, L50, M|
|poke|p1|Primarina, L50, F|
|poke|p1|Rillaboom, L50, F|
|poke|p1|Kingambit, L50, M|
|poke|p1|Magmar, L50, M|
|poke|p2|Whimsicott, L50, M|
|poke|p2|Garchomp, L50, M|
|poke|p2|Gholdengo, L50|
|poke|p2|Incineroar, L50, F|
|poke|p2|Sneasler, L50, F|
|poke|p2|Dragonite, L50, M|
|teampreview|4
|showteam|p1|Sneasler||FocusSash|PoisonTouch|CloseCombat,DireClaw,FakeOut,Protect|||F|||50|,,,,,Stellar]Dragapult||ChoiceBand|ClearBody|DragonDarts,TeraBlast,PhantomForce,Uturn|||M|||50|,,,,,Ghost]Primarina||SitrusBerry|LiquidVoice|HyperVoice,Moonblast,Haze,Protect|||F|||50|,,,,,Water]Rillaboom||AssaultVest|GrassySurge|WoodHammer,GrassyGlide,HighHorsepower,FakeOut|||F|||50|,,,,,Fire]Kingambit||BlackGlasses|Defiant|KowtowCleave,SuckerPunch,SwordsDance,Protect|||M|||50|,,,,,Ghost]Magmar||Eviolite|VitalSpirit|Overheat,WillOWisp,FollowMe,Protect|||M|||50|,,,,,Fairy
|showteam|p2|Whimsicott||FocusSash|Prankster|Moonblast,Tailwind,Encore,Protect|||M|||50|,,,,,Ghost]Garchomp||LifeOrb|RoughSkin|Earthquake,DragonClaw,StompingTantrum,Protect|||M|||50|,,,,,Ground]Gholdengo||ChoiceSpecs|GoodasGold|MakeItRain,ShadowBall,Trick,Protect||||||50|,,,,,Steel]Incineroar||AssaultVest|Intimidate|FlareBlitz,FakeOut,KnockOff,Uturn|||F|||50|,,,,,Grass]Sneasler||WhiteHerb|Unburden|FakeOut,DireClaw,CloseCombat,Protect|||F|||50|,,,,,Stellar]Dragonite||ChoiceBand|InnerFocus|ExtremeSpeed,Outrage,IceSpinner,StompingTantrum|||M|||50|,,,,,Normal
|inactive|Battle timer is ON: inactive players will automatically lose when time's up. (requested by shieeeee)
|inactive|shieeeee has 60 seconds left.
|
|t:|1756933403
|teamsize|p1|4
|teamsize|p2|4
|start
|switch|p1a: Dragapult|Dragapult, L50, M|100/100
|switch|p1b: Sneasler|Sneasler, L50, F|100/100
|switch|p2a: Whimsicott|Whimsicott, L50, M, shiny|100/100
|switch|p2b: Garchomp|Garchomp, L50, M, shiny|100/100
|turn|1
|inactive|shieeeee has 30 seconds left.
|inactive|shieeeee has 20 seconds left.
|
|t:|1756933439
|-terastallize|p2a: Whimsicott|Ghost
|move|p2b: Garchomp|Protect|p2b: Garchomp
|-singleturn|p2b: Garchomp|Protect
|move|p1b: Sneasler|Fake Out|p2b: Garchomp
|-activate|p2b: Garchomp|move: Protect
|move|p2a: Whimsicott|Tailwind|p2a: Whimsicott
|-sidestart|p2: shieeeee|move: Tailwind
|move|p1a: Dragapult|U-turn|p2a: Whimsicott
|-resisted|p2a: Whimsicott
|-damage|p2a: Whimsicott|74/100
|
|t:|1756933449
|switch|p1a: Rillaboom|Rillaboom, L50, F|100/100|[from] U-turn
|-fieldstart|move: Grassy Terrain|[from] ability: Grassy Surge|[of] p1a: Rillaboom
|
|-heal|p2a: Whimsicott|80/100|[from] Grassy Terrain
|upkeep
|turn|2
|inactive|shieeeee has 30 seconds left.
|inactive|shieeeee has 20 seconds left.
|inactive|shieeeee has 15 seconds left.
|
|t:|1756933491
|switch|p2b: Gholdengo|Gholdengo, L50|100/100
|switch|p1b: Primarina|Primarina, L50, F|100/100
|move|p2a: Whimsicott|Moonblast|p1b: Primarina
|-damage|p1b: Primarina|72/100
|move|p1a: Rillaboom|Wood Hammer|p2b: Gholdengo
|-resisted|p2b: Gholdengo
|-damage|p2b: Gholdengo|53/100
|-damage|p1a: Rillaboom|88/100|[from] Recoil
|
|-heal|p2a: Whimsicott|86/100|[from] Grassy Terrain
|-heal|p2b: Gholdengo|59/100|[from] Grassy Terrain
|-heal|p1a: Rillaboom|94/100|[from] Grassy Terrain
|-heal|p1b: Primarina|78/100|[from] Grassy Terrain
|upkeep
|turn|3
|inactive|shieeeee has 30 seconds left.
|inactive|shieeeee has 20 seconds left.
|
|t:|1756933530
|-terastallize|p1b: Primarina|Water
|move|p2a: Whimsicott|Moonblast|p1b: Primarina
|-damage|p1b: Primarina|47/100
|-enditem|p1b: Primarina|Sitrus Berry|[eat]
|-heal|p1b: Primarina|72/100|[from] item: Sitrus Berry
|move|p2b: Gholdengo|Make It Rain|p1a: Rillaboom|[spread] p1a,p1b
|-resisted|p1b: Primarina
|-damage|p1a: Rillaboom|43/100
|-damage|p1b: Primarina|41/100
|-unboost|p2b: Gholdengo|spa|1
|move|p1a: Rillaboom|Wood Hammer|p2a: Whimsicott
|-damage|p2a: Whimsicott|0 fnt
|faint|p2a: Whimsicott
|-damage|p1a: Rillaboom|24/100|[from] Recoil
|move|p1b: Primarina|Hyper Voice|p2b: Gholdengo
|-damage|p2b: Gholdengo|0 fnt
|faint|p2b: Gholdengo
|
|-heal|p1a: Rillaboom|30/100|[from] Grassy Terrain
|-heal|p1b: Primarina|47/100|[from] Grassy Terrain
|upkeep
|
|t:|1756933537
|switch|p2a: Sneasler|Sneasler, L50, F|100/100
|switch|p2b: Garchomp|Garchomp, L50, M, shiny|100/100
|turn|4
|inactive|stevie.bot has 30 seconds left.
|inactive|shieeeee has 30 seconds left.
|
|t:|1756933572
|move|p1b: Primarina|Protect|p1b: Primarina
|-singleturn|p1b: Primarina|Protect
|move|p1a: Rillaboom|Grassy Glide|p2a: Sneasler
|-resisted|p2a: Sneasler
|-damage|p2a: Sneasler|68/100
|move|p2a: Sneasler|Dire Claw|p1a: Rillaboom
|-supereffective|p1a: Rillaboom
|-damage|p1a: Rillaboom|0 fnt
|faint|p1a: Rillaboom
|move|p2b: Garchomp|Dragon Claw|p1b: Primarina
|-activate|p1b: Primarina|move: Protect
|
|-heal|p2a: Sneasler|74/100|[from] Grassy Terrain
|-heal|p1b: Primarina|53/100|[from] Grassy Terrain
|-sideend|p2: shieeeee|move: Tailwind
|upkeep
|
|t:|1756933585
|switch|p1a: Dragapult|Dragapult, L50, M|100/100
|turn|5
|-message|shieeeee forfeited.
|
|win|stevie.bot
||shieeeee is ready for game 3.
||stevie.bot is ready for game 3.
|uhtml|next|Next: Game 3 of 3
|l|☆stevie.bot
|player|p1|
