|j|☆Shaboogles
|j|☆SmolivStayStrong<3
|html|ShabooglesSmolivStayStrong<3    
|uhtml|bestof|Game 2 of a best-of-3
|t:|1783649464
|gametype|doubles
|player|p1|Shaboogles|rosa|
|player|p2|SmolivStayStrong<3|miku-flying|
|gen|9
|tier|[Gen 9 Champions] VGC 2026 Reg M-B (Bo3)
|rule|Species Clause: Limit one of each Pokémon
|rule|Item Clause: Limit 1 of each item
|clearpoke
|poke|p1|Chandelure, L50, M|
|poke|p1|Garganacl, L50, M|
|poke|p1|Greninja, L50, M|
|poke|p1|Rotom-Mow, L50|
|poke|p1|Krookodile, L50, M|
|poke|p1|Ariados, L50, F|
|poke|p2|Chesnaught, L50, M, shiny|
|poke|p2|Blastoise, L50, M|
|poke|p2|Chandelure, L50, M|
|poke|p2|Jolteon, L50, M|
|poke|p2|Floette-Eternal, L50, F|
|poke|p2|Klefki, L50, F, shiny|
|teampreview|4
|showteam|p1|Chandelure||Chandelurite|Infiltrator|HeatWave,ShadowBall,TrickRoom,Protect|Modest||M|||50|]Garganacl||Leftovers|PurifyingSalt|WideGuard,SaltCure,Recover,Protect|Sassy||M|||50|]Greninja||Greninjite|Torrent|IcyWind,Protect,HydroPump,DarkPulse|Timid||M|||50|]Rotom-Mow||ChoiceScarf|Levitate|Thunderbolt,LeafStorm,Electroweb,Trick|Timid|||||50|]Krookodile||PasshoBerry|Intimidate|Crunch,Taunt,Protect,HighHorsepower|Adamant||M|||50|]Ariados||ScopeLens|Sniper|CrossPoison,Protect,RagePowder,KnockOff|Impish||F|||50|
|showteam|p2|Chesnaught||Chesnaughtite|Bulletproof|BodyPress,SpikyShield,WideGuard,SeedBomb|Adamant||M|||50|]Blastoise||SitrusBerry|RainDish|FakeOut,WaveCrash,Yawn,FlipTurn|Adamant||M|||50|]Chandelure||FocusSash|FlashFire|HeatWave,ShadowBall,Protect,TrickRoom|Modest||M|||50|]Jolteon||ChoiceScarf|VoltAbsorb|VoltSwitch,Thunderbolt,Electroweb,AlluringVoice|Modest||M|||50|]Floette-Eternal||Leftovers|FlowerVeil|CalmMind,Moonblast,DazzlingGleam,Protect|Bold||F|||50|]Klefki||LightClay|Prankster|FlashCannon,ThunderWave,FoulPlay,LightScreen|Bold||F|||50|
|inactive|Battle timer is ON: inactive players will automatically lose when time's up. (requested by SmolivStayStrong<3)
|
|t:|1783649491
|teamsize|p1|4
|teamsize|p2|4
|start
|switch|p1a: Chandelure|Chandelure, L50, M|100/100
|switch|p1b: Rotom|Rotom-Mow, L50|100/100
|switch|p2a: Blastoise|Blastoise, L50, M|100/100
|switch|p2b: Jolteon|Jolteon, L50, M|100/100
|turn|1
|
|t:|1783649514
|detailschange|p1a: Chandelure|Chandelure-Mega, L50, M
|-mega|p1a: Chandelure|Chandelure|Chandelurite
|move|p2a: Blastoise|Fake Out|p1b: Rotom
|-damage|p1b: Rotom|84/100
|move|p2b: Jolteon|Electroweb|p1a: Chandelure|[spread] p1a,p1b
|-resisted|p1b: Rotom|2
|-damage|p1a: Chandelure|79/100
|-damage|p1b: Rotom|76/100
|-unboost|p1a: Chandelure|spe|1
|-unboost|p1b: Rotom|spe|1
|cant|p1b: Rotom|flinch
|move|p1a: Chandelure|Heat Wave|p2b: Jolteon|[spread] p2a,p2b
|-resisted|p2a: Blastoise|1
|-damage|p2a: Blastoise|77/100
|-damage|p2b: Jolteon|36/100
|
|upkeep
|turn|2
|inactive|Shaboogles has 30 seconds left.
|
|t:|1783649542
|switch|p1a: Garganacl|Garganacl, L50, M|100/100
|move|p2b: Jolteon|Electroweb|p1b: Rotom|[spread] p1a,p1b
|-crit|p1a: Garganacl
|-resisted|p1b: Rotom|2
|-damage|p1a: Garganacl|79/100
|-damage|p1b: Rotom|70/100
|-unboost|p1a: Garganacl|spe|1
|-unboost|p1b: Rotom|spe|1
|move|p1b: Rotom|Thunderbolt|p2a: Blastoise
|-supereffective|p2a: Blastoise|1
|-damage|p2a: Blastoise|9/100
|-enditem|p2a: Blastoise|Sitrus Berry|[eat]
|-heal|p2a: Blastoise|33/100|[from] item: Sitrus Berry
|move|p2a: Blastoise|Wave Crash|p1b: Rotom
|-resisted|p1b: Rotom|1
|-damage|p1b: Rotom|34/100
|-damage|p2a: Blastoise|25/100|[from] Recoil
|
|-heal|p1a: Garganacl|85/100|[from] item: Leftovers
|upkeep
|turn|3
|inactive|Shaboogles has 30 seconds left.
|inactive|SmolivStayStrong<3 has 30 seconds left.
|
|t:|1783649575
|switch|p2b: Chandelure|Chandelure, L50, M|100/100
|switch|p2a: Chesnaught|Chesnaught, L50, M, shiny|100/100
|move|p1b: Rotom|Thunderbolt|p2a: Chesnaught
|-resisted|p2a: Chesnaught|1
|-damage|p2a: Chesnaught|80/100
|-status|p2a: Chesnaught|par
|move|p1a: Garganacl|Salt Cure|p2b: Chandelure
|-supereffective|p2b: Chandelure|1
|-damage|p2b: Chandelure|63/100
|-start|p2b: Chandelure|Salt Cure
|
|-heal|p1a: Garganacl|91/100|[from] item: Leftovers
|-damage|p2b: Chandelure|57/100|[from] Salt Cure
|upkeep
|turn|4
|
|t:|1783649599
|switch|p1b: Greninja|Greninja, L50, M|100/100
|detailschange|p2a: Chesnaught|Chesnaught-Mega, L50, M, shiny
|-mega|p2a: Chesnaught|Chesnaught|Chesnaughtite
|move|p1a: Garganacl|Protect|p1a: Garganacl
|-singleturn|p1a: Garganacl|Protect
|move|p2a: Chesnaught|Body Press|p1b: Greninja
|-supereffective|p1b: Greninja|1
|-damage|p1b: Greninja|0 fnt
|faint|p1b: Greninja
|move|p2b: Chandelure|Trick Room|p2b: Chandelure
|-fieldstart|move: Trick Room|[of] p2b: Chandelure
|
|-heal|p1a: Garganacl|97/100|[from] item: Leftovers
|-damage|p2b: Chandelure|50/100g|[from] Salt Cure
|upkeep
|
|t:|1783649613
|switch|p1b: Chandelure|Chandelure-Mega, L50, M|79/100
|turn|5
|
|t:|1783649630
|move|p2a: Chesnaught|Body Press|p1a: Garganacl
|-supereffective|p1a: Garganacl|1
|-damage|p1a: Garganacl|35/100
|move|p1a: Garganacl|Salt Cure|p2b: Chandelure
|-supereffective|p2b: Chandelure|1
|-crit|p2b: Chandelure
|-damage|p2b: Chandelure|1/100
|move|p1b: Chandelure|Heat Wave|p2a: Chesnaught|[spread] p2a
|-start|p2b: Chandelure|ability: Flash Fire
|-supereffective|p2a: Chesnaught|1
|-damage|p2a: Chesnaught|9/100 par
|move|p2b: Chandelure|Shadow Ball|p1b: Chandelure
|-supereffective|p1b: Chandelure|1
|-damage|p1b: Chandelure|0 fnt
|faint|p1b: Chandelure
|
|-heal|p1a: Garganacl|41/100|[from] item: Leftovers
|-damage|p2b: Chandelure|0 fnt|[from] Salt Cure
|faint|p2b: Chandelure
|upkeep
|c|☆SmolivStayStrong<3|cannot believe a critical hit salt cure has mattered today
|inactive|SmolivStayStrong<3 has 30 seconds left.
|
|t:|1783649658
|switch|p1b: Rotom|Rotom-Mow, L50|34/100
|switch|p2b: Blastoise|Blastoise, L50, M|25/100
|turn|6
|
|t:|1783649674
|move|p2b: Blastoise|Fake Out|p1a: Garganacl
|-resisted|p1a: Garganacl|1
|-damage|p1a: Garganacl|37/100
|cant|p1a: Garganacl|flinch
|move|p2a: Chesnaught|Body Press|p1b: Rotom
|-damage|p1b: Rotom|0 fnt
|faint|p1b: Rotom
|
|-heal|p1a: Garganacl|42/100|[from] item: Leftovers
|upkeep
|turn|7
|
|t:|1783649690
|move|p2a: Chesnaught|Body Press|p1a: Garganacl
|-supereffective|p1a: Garganacl|1
|-damage|p1a: Garganacl|0 fnt
|faint|p1a: Garganacl
|
|win|SmolivStayStrong<3
||SmolivStayStrong<3 is ready for game 3.
||Shaboogles is ready for game 3.
|uhtml|next|Next: Game 3 of 3
|l|☆Shaboogles
|player|p1|
|j|☆Shaboogles
|player|p1|Shaboogles|rosa|
