|j|☆testdigi
|j|☆fili53
|html|testdigifili53    
|uhtml|bestof|Game 2 of a best-of-3
|t:|1785499036
|gametype|doubles
|player|p1|testdigi|266|1159
|player|p2|fili53|101|1232
|gen|9
|tier|[Gen 9 Champions] VGC 2026 Reg M-B (Bo3)
|rated|
|rule|Species Clause: Limit one of each Pokémon
|rule|Item Clause: Limit 1 of each item
|clearpoke
|poke|p1|Tyranitar, L50, F|
|poke|p1|Excadrill, L50, F|
|poke|p1|Milotic, L50, F|
|poke|p1|Sinistcha, L50|
|poke|p1|Staraptor, L50, F|
|poke|p1|Gholdengo, L50|
|poke|p2|Glimmora, L50, M|
|poke|p2|Ninetales-Alola, L50, F|
|poke|p2|Vivillon-Fancy, L50, F|
|poke|p2|Kingambit, L50, M|
|poke|p2|Garchomp, L50, F|
|poke|p2|Blaziken, L50, F|
|teampreview|4
|showteam|p1|Tyranitar||Tyranitarite|SandStream|RockSlide,Protect,KnockOff,LowKick|Jolly||F|||50|]Excadrill||FocusSash|SandRush|RockSlide,Protect,HighHorsepower,IronHead|Jolly||F|||50|]Milotic||Leftovers|Competitive|Scald,Protect,IcyWind,Haze|Modest||F|||50|]Sinistcha||ColburBerry|Hospitality|MatchaGotcha,RagePowder,ShadowBall,TrickRoom|Relaxed|||||50|]Staraptor||Staraptite|Intimidate|BraveBird,Protect,CloseCombat,Tailwind|Jolly||F|||50|]Gholdengo||LifeOrb|GoodasGold|MakeItRain,Protect,NastyPlot,ShadowBall|Modest|||||50|
|showteam|p2|Glimmora||Glimmoranite|ToxicDebris|SpikyShield,SludgeBomb,EarthPower,PowerGem|Modest||M|||50|]Ninetales-Alola||NeverMeltIce|SnowWarning|Blizzard,FreezeDry,Encore,Protect|Timid||F|||50|]Vivillon-Fancy||ChoiceScarf|CompoundEyes|Hurricane,SleepPowder,Tailwind,PollenPuff|Timid||F|||50|]Kingambit||ChopleBerry|Defiant|KowtowCleave,SuckerPunch,LowKick,Protect|Adamant||M|||50|]Garchomp||LifeOrb|RoughSkin|DragonClaw,RockSlide,Earthquake,Protect|Jolly||F|||50|]Blaziken||Blazikenite|SpeedBoost|CloseCombat,FlareBlitz,BraveBird,Protect|Adamant||F|||50|
|inactive|Battle timer is ON: inactive players will automatically lose when time's up. (requested by fili53)
|
|t:|1785499064
|teamsize|p1|4
|teamsize|p2|4
|start
|switch|p1a: Staraptor|Staraptor, L50, F|100/100
|switch|p1b: Excadrill|Excadrill, L50, F|100/100
|switch|p2a: Vivillon|Vivillon-Fancy, L50, F|100/100
|switch|p2b: Garchomp|Garchomp, L50, F|100/100
|-ability|p1a: Staraptor|Intimidate|boost
|-unboost|p2a: Vivillon|atk|1
|-unboost|p2b: Garchomp|atk|1
|turn|1
|inactive|testdigi has 30 seconds left.
|inactive|fili53 has 30 seconds left.
|inactive|fili53 has 20 seconds left.
|
|t:|1785499103
|detailschange|p1a: Staraptor|Staraptor-Mega, L50, F
|-mega|p1a: Staraptor|Staraptor|Staraptite
|move|p1b: Excadrill|Protect|p1b: Excadrill
|-singleturn|p1b: Excadrill|Protect
|move|p2a: Vivillon|Hurricane|p1a: Staraptor
|-supereffective|p1a: Staraptor|1
|-damage|p1a: Staraptor|2/100
|move|p1a: Staraptor|Tailwind|p1a: Staraptor
|-sidestart|p1: testdigi|move: Tailwind
|move|p2b: Garchomp|Earthquake|p1a: Staraptor|[spread] 
|-activate|p1b: Excadrill|move: Protect
|-immune|p2a: Vivillon
|-immune|p1a: Staraptor
|
|upkeep
|turn|2
|
|t:|1785499128
|move|p1a: Staraptor|Brave Bird|p2b: Garchomp
|-damage|p2b: Garchomp|44/100
|-damage|p1a: Staraptor|0 fnt|[from] ability: Rough Skin|[of] p2b: Garchomp
|faint|p1a: Staraptor
|move|p1b: Excadrill|Rock Slide|p2a: Vivillon|[spread] p2a,p2b
|-supereffective|p2a: Vivillon|2
|-resisted|p2b: Garchomp|1
|-damage|p2a: Vivillon|0 fnt
|-damage|p2b: Garchomp|35/100
|faint|p2a: Vivillon
|cant|p2b: Garchomp|flinch
|
|upkeep
|
|t:|1785499136
|switch|p1a: Tyranitar|Tyranitar, L50, F|100/100
|switch|p2a: Blaziken|Blaziken, L50, F|100/100
|-weather|Sandstorm|[from] ability: Sand Stream|[of] p1a: Tyranitar
|turn|3
|
|t:|1785499151
|detailschange|p2a: Blaziken|Blaziken-Mega, L50, F
|-mega|p2a: Blaziken|Blaziken|Blazikenite
|move|p2b: Garchomp|Protect|p2b: Garchomp
|-singleturn|p2b: Garchomp|Protect
|move|p2a: Blaziken|Protect|p2a: Blaziken
|-singleturn|p2a: Blaziken|Protect
|move|p1b: Excadrill|Rock Slide|p2b: Garchomp|[spread] 
|-activate|p2a: Blaziken|move: Protect
|-activate|p2b: Garchomp|move: Protect
|move|p1a: Tyranitar|Rock Slide|p2b: Garchomp|[spread] 
|-activate|p2a: Blaziken|move: Protect
|-activate|p2b: Garchomp|move: Protect
|
|-weather|Sandstorm|[upkeep]
|-damage|p2a: Blaziken|94/100|[from] Sandstorm
|-ability|p2a: Blaziken|Speed Boost|boost
|-boost|p2a: Blaziken|spe|1
|upkeep
|turn|4
|inactive|fili53 has 30 seconds left.
|
|t:|1785499181
|switch|p2b: Ninetales|Ninetales-Alola, L50, F|100/100
|-weather|Snowscape|[from] ability: Snow Warning|[of] p2b: Ninetales
|move|p1b: Excadrill|Rock Slide|p2a: Blaziken|[spread] p2a,p2b
|-supereffective|p2b: Ninetales|1
|-damage|p2a: Blaziken|65/100
|-damage|p2b: Ninetales|60/100
|move|p1a: Tyranitar|Rock Slide|p2a: Blaziken|[spread] p2a,p2b
|-supereffective|p2b: Ninetales|1
|-damage|p2a: Blaziken|23/100
|-damage|p2b: Ninetales|8/100
|move|p2a: Blaziken|Close Combat|p1a: Tyranitar
|-supereffective|p1a: Tyranitar|2
|-damage|p1a: Tyranitar|0 fnt
|-unboost|p2a: Blaziken|def|1
|-unboost|p2a: Blaziken|spd|1
|faint|p1a: Tyranitar
|
|-weather|Snowscape|[upkeep]
|-sideend|p1: testdigi|move: Tailwind
|-ability|p2a: Blaziken|Speed Boost|boost
|-boost|p2a: Blaziken|spe|1
|upkeep
|
|t:|1785499186
|switch|p1a: Milotic|Milotic, L50, F|100/100
|turn|5
|inactive|testdigi has 30 seconds left.
|
|t:|1785499213
|move|p1b: Excadrill|Protect|p1b: Excadrill
|-singleturn|p1b: Excadrill|Protect
|move|p2a: Blaziken|Close Combat|p1a: Milotic
|-damage|p1a: Milotic|23/100
|-unboost|p2a: Blaziken|def|1
|-unboost|p2a: Blaziken|spd|1
|move|p2b: Ninetales|Blizzard|p1a: Milotic|[spread] p1a
|-activate|p1b: Excadrill|move: Protect
|-resisted|p1a: Milotic|1
|-damage|p1a: Milotic|10/100
|move|p1a: Milotic|Scald|p2a: Blaziken
|-supereffective|p2a: Blaziken|1
|-damage|p2a: Blaziken|0 fnt
|faint|p2a: Blaziken
|
|-weather|Snowscape|[upkeep]
|-heal|p1a: Milotic|16/100|[from] item: Leftovers
|upkeep
|
|t:|1785499218
|switch|p2a: Garchomp|Garchomp, L50, F|35/100
|turn|6
|
|t:|1785499239
|move|p2b: Ninetales|Blizzard|p1b: Excadrill|[spread] p1a,p1b
|-resisted|p1a: Milotic|1
|-damage|p1a: Milotic|5/100
|-damage|p1b: Excadrill|47/100
|move|p2a: Garchomp|Earthquake|p1a: Milotic|[spread] p2b,p1a,p1b
|-supereffective|p1b: Excadrill|1
|-damage|p2b: Ninetales|0 fnt
|-damage|p1a: Milotic|0 fnt
|-damage|p1b: Excadrill|0 fnt
|faint|p2b: Ninetales
|faint|p1a: Milotic
|faint|p1b: Excadrill
|-damage|p2a: Garchomp|25/100|[from] item: Life Orb
|
|win|fili53
