|j|☆higigig
|j|☆Jakz
|html|higigigJakz    
|uhtml|bestof|Game 3 of a best-of-3
|t:|1756783100
|gametype|doubles
|player|p1|higigig|sisandbro|1136
|player|p2|Jakz|skier|1143
|gen|9
|tier|[Gen 9] VGC 2025 Reg H (Bo3)
|rated|
|rule|Species Clause: Limit one of each Pokémon
|rule|Item Clause: Limit 1 of each item
|clearpoke
|poke|p1|Sneasler, L50, M|
|poke|p1|Gholdengo, L50|
|poke|p1|Amoonguss, L50, F|
|poke|p1|Incineroar, L50, F|
|poke|p1|Ursaluna-Bloodmoon, L50, M|
|poke|p1|Farigiraf, L50, F|
|poke|p2|Porygon2, L50|
|poke|p2|Talonflame, L50, F|
|poke|p2|Incineroar, L50, F|
|poke|p2|Ursaluna-Bloodmoon, L50, M|
|poke|p2|Amoonguss, L50, M|
|poke|p2|Gholdengo, L50|
|teampreview|4
|showteam|p1|Sneasler||ClearAmulet|PoisonTouch|FakeOut,CloseCombat,DireClaw,Protect|||M|||50|,,,,,Water]Gholdengo||LifeOrb|GoodasGold|NastyPlot,MakeItRain,ShadowBall,Protect||||||50|,,,,,Water]Amoonguss||MentalHerb|Regenerator|Spore,RagePowder,PollenPuff,Protect|||F|||50|,,,,,Water]Incineroar||SafetyGoggles|Intimidate|FakeOut,FlareBlitz,KnockOff,PartingShot|||F|||50|,,,,,Ghost]Ursaluna-Bloodmoon||SilkScarf|MindsEye|CalmMind,HyperVoice,EarthPower,BloodMoon|||M|||50|,,,,,Poison]Farigiraf||ThroatSpray|ArmorTail|HyperVoice,Psychic,TrickRoom,Protect|||F|||50|,,,,,Dragon
|showteam|p2|Porygon2||Eviolite|Download|TeraBlast,IceBeam,TrickRoom,Recover||||||50|,,,,,Fighting]Talonflame||CovertCloak|GaleWings|Tailwind,BraveBird,Taunt,SunnyDay|||F|||50|,,,,,Grass]Incineroar||SitrusBerry|Intimidate|FlareBlitz,KnockOff,PartingShot,FakeOut|||F|||50|,,,,,Grass]Ursaluna-Bloodmoon||AssaultVest|MindsEye|BloodMoon,HyperVoice,EarthPower,Snarl|||M|||50|,,,,,Ghost]Amoonguss||RockyHelmet|Regenerator|PollenPuff,Spore,RagePowder,Protect|||M|||50|,,,,,Fire]Gholdengo||MetalCoat|GoodasGold|MakeItRain,ShadowBall,NastyPlot,Protect||||||50|,,,,,Dragon
|inactive|Battle timer is ON: inactive players will automatically lose when time's up. (requested by higigig)
|inactive|higigig has 60 seconds left.
|inactive|Jakz has 60 seconds left.
|inactive|higigig has 30 seconds left.
|inactive|higigig has 20 seconds left.
|inactive|higigig has 15 seconds left.
|
|t:|1756783176
|teamsize|p1|4
|teamsize|p2|4
|start
|switch|p1a: Incineroar|Incineroar, L50, F|100/100
|switch|p1b: Ursaluna|Ursaluna-Bloodmoon, L50, M|100/100
|switch|p2a: Talonflame|Talonflame, L50, F, shiny|100/100
|switch|p2b: Gholdengo|Gholdengo, L50, shiny|100/100
|-ability|p1a: Incineroar|Intimidate|boost
|-unboost|p2a: Talonflame|atk|1
|-unboost|p2b: Gholdengo|atk|1
|turn|1
|inactive|higigig has 30 seconds left.
|inactive|Jakz has 30 seconds left.
|inactive|Jakz has 20 seconds left.
|
|t:|1756783213
|switch|p2a: Incineroar|Incineroar, L50, F, shiny|100/100
|-ability|p2a: Incineroar|Intimidate|boost
|-unboost|p1a: Incineroar|atk|1
|-unboost|p1b: Ursaluna|atk|1
|move|p2b: Gholdengo|Nasty Plot|p2b: Gholdengo
|-boost|p2b: Gholdengo|spa|2
|move|p1b: Ursaluna|Calm Mind|p1b: Ursaluna
|-boost|p1b: Ursaluna|spa|1
|-boost|p1b: Ursaluna|spd|1
|move|p1a: Incineroar|Parting Shot|p2a: Incineroar
|-unboost|p2a: Incineroar|atk|1
|-unboost|p2a: Incineroar|spa|1
|inactive|higigig has 30 seconds left.
|
|t:|1756783242
|switch|p1a: Farigiraf|Farigiraf, L50, F|100/100|[from] Parting Shot
|
|upkeep
|turn|2
|inactive|higigig has 30 seconds left.
|
|t:|1756783269
|move|p1a: Farigiraf|Protect|p1a: Farigiraf
|-singleturn|p1a: Farigiraf|Protect
|move|p2a: Incineroar|Knock Off|p1b: Ursaluna
|-damage|p1b: Ursaluna|80/100
|-enditem|p1b: Ursaluna|Silk Scarf|[from] move: Knock Off|[of] p2a: Incineroar
|move|p2b: Gholdengo|Make It Rain|p1a: Farigiraf|[spread] p1b
|-activate|p1a: Farigiraf|move: Protect
|-crit|p1b: Ursaluna
|-damage|p1b: Ursaluna|0 fnt
|-unboost|p2b: Gholdengo|spa|1
|faint|p1b: Ursaluna
|
|upkeep
|
|t:|1756783280
|switch|p1b: Incineroar|Incineroar, L50, F|100/100
|-ability|p1b: Incineroar|Intimidate|boost
|-unboost|p2a: Incineroar|atk|1
|-unboost|p2b: Gholdengo|atk|1
|turn|3
|
|t:|1756783295
|switch|p2a: Ursaluna|Ursaluna-Bloodmoon, L50, M|100/100
|move|p2b: Gholdengo|Protect|p2b: Gholdengo
|-singleturn|p2b: Gholdengo|Protect
|move|p1b: Incineroar|Fake Out|p2a: Ursaluna
|-damage|p2a: Ursaluna|92/100
|move|p1a: Farigiraf|Trick Room|p1a: Farigiraf
|-fieldstart|move: Trick Room|[of] p1a: Farigiraf
|
|upkeep
|turn|4
|inactive|Jakz has 30 seconds left.
|
|t:|1756783321
|-terastallize|p2b: Gholdengo|Dragon
|move|p1a: Farigiraf|Hyper Voice|p2a: Ursaluna|[spread] p2a,p2b
|-damage|p2a: Ursaluna|70/100
|-damage|p2b: Gholdengo|69/100
|-enditem|p1a: Farigiraf|Throat Spray
|-boost|p1a: Farigiraf|spa|1|[from] item: Throat Spray
|move|p2a: Ursaluna|Earth Power|p1b: Incineroar
|-supereffective|p1b: Incineroar
|-damage|p1b: Incineroar|4/100
|move|p1b: Incineroar|Knock Off|p2b: Gholdengo
|-damage|p2b: Gholdengo|29/100
|-enditem|p2b: Gholdengo|Metal Coat|[from] move: Knock Off|[of] p1b: Incineroar
|move|p2b: Gholdengo|Make It Rain|p1b: Incineroar|[spread] p1a,p1b
|-resisted|p1b: Incineroar
|-damage|p1a: Farigiraf|26/100
|-damage|p1b: Incineroar|0 fnt
|-unboost|p2b: Gholdengo|spa|1
|faint|p1b: Incineroar
|
|upkeep
|
|t:|1756783334
|switch|p1b: Gholdengo|Gholdengo, L50|100/100
|turn|5
|
|t:|1756783352
|-terastallize|p1b: Gholdengo|Water
|move|p1a: Farigiraf|Hyper Voice|p2a: Ursaluna|[spread] p2a,p2b
|-damage|p2a: Ursaluna|34/100
|-damage|p2b: Gholdengo|0 fnt
|faint|p2b: Gholdengo
|move|p2a: Ursaluna|Snarl|p1b: Gholdengo|[spread] p1a,p1b
|-supereffective|p1a: Farigiraf
|-damage|p1a: Farigiraf|0 fnt
|-damage|p1b: Gholdengo|83/100
|-unboost|p1b: Gholdengo|spa|1
|faint|p1a: Farigiraf
|move|p1b: Gholdengo|Make It Rain|p2a: Ursaluna
|-damage|p2a: Ursaluna|0 fnt
|-unboost|p1b: Gholdengo|spa|1
|faint|p2a: Ursaluna
|-damage|p1b: Gholdengo|74/100|[from] item: Life Orb
|
|upkeep
|
|t:|1756783369
|switch|p2a: Incineroar|Incineroar, L50, F, shiny|100/100
|switch|p2b: Talonflame|Talonflame, L50, F, shiny|100/100
|-ability|p2a: Incineroar|Intimidate|boost
|-unboost|p1b: Gholdengo|atk|1
|turn|6
|
|t:|1756783377
|move|p1b: Gholdengo|Protect|p1b: Gholdengo
|-singleturn|p1b: Gholdengo|Protect
|move|p2a: Incineroar|Fake Out|p1b: Gholdengo
|-activate|p1b: Gholdengo|move: Protect
|move|p2b: Talonflame|Brave Bird|p1b: Gholdengo
|-activate|p1b: Gholdengo|move: Protect
|
|upkeep
|turn|7
|
|t:|1756783390
|move|p2b: Talonflame|Brave Bird|p1b: Gholdengo
|-damage|p1b: Gholdengo|26/100
|-damage|p2b: Talonflame|80/100|[from] Recoil
|move|p1b: Gholdengo|Nasty Plot|p1b: Gholdengo
|-boost|p1b: Gholdengo|spa|2
|move|p2a: Incineroar|Knock Off|p1b: Gholdengo
|-damage|p1b: Gholdengo|0 fnt
|-enditem|p1b: Gholdengo|Life Orb|[from] move: Knock Off|[of] p2a: Incineroar
|faint|p1b: Gholdengo
|
|win|Jakz
|raw|higigig's rating: 1136 → 1112(-24 for losing)
|raw|Jakz's rating: 1143 → 1167(+24 for winning)
