|j|☆InkynVG
|j|☆Cristante terabug
|html|InkynVGCristante terabug    
|uhtml|bestof|Game 2 of a best-of-3
|t:|1754921442
|gametype|doubles
|player|p1|InkynVG|shadowtriad|1323
|player|p2|Cristante terabug|kieran-champion|1207
|gen|9
|tier|[Gen 9] VGC 2025 Reg H (Bo3)
|rated|
|rule|Species Clause: Limit one of each Pokémon
|rule|Item Clause: Limit 1 of each item
|clearpoke
|poke|p1|Volcarona, L50, F|
|poke|p1|Sneasler, L50, F|
|poke|p1|Rillaboom, L50, M|
|poke|p1|Maushold-Four, L50|
|poke|p1|Kingambit, L50, F|
|poke|p1|Dragonite, L50, F|
|poke|p2|Grimmsnarl, L50, M|
|poke|p2|Pelipper, L50, M|
|poke|p2|Archaludon, L50, M|
|poke|p2|Dragonite, L50, M|
|poke|p2|Sinistcha, L50|
|poke|p2|Ursaluna, L50, M|
|teampreview|4
|showteam|p1|Volcarona||Leftovers|FlameBody|HeatWave,TeraBlast,QuiverDance,Protect|||F|||50|,,,,,Fairy]Sneasler||FocusSash|PoisonTouch|FakeOut,CloseCombat,DireClaw,Coaching|||F|||50|,,,,,Ghost]Rillaboom||AssaultVest|GrassySurge|FakeOut,GrassyGlide,WoodHammer,Uturn|||M|||50|,,,,,Fire]Maushold-Four||WideLens|Technician|FollowMe,PopulationBomb,Taunt,Protect||||||50|,,,,,Ghost]Kingambit||BlackGlasses|Defiant|KowtowCleave,SuckerPunch,SwordsDance,Protect|||F|||50|,,,,,Dark]Dragonite||LoadedDice|Multiscale|ScaleShot,Tailwind,Haze,Protect|||F|||50|,,,,,Fairy
|showteam|p2|Grimmsnarl||LightBall|Prankster|MistyTerrain,LightScreen,Reflect,SpiritBreak|||M|||50|,,,,,Dark]Pelipper||FocusSash|Drizzle|Hurricane,MuddyWater,Tailwind,Protect|||M|||50|,,,,,Ghost]Archaludon||AssaultVest|Stamina|ElectroShot,Snarl,FlashCannon,BodyPress|||M|||50|,,,,,Bug]Dragonite||LoadedDice|Multiscale|ScaleShot,Tailwind,Haze,Protect|||M|||50|,,,,,Fairy]Sinistcha||SitrusBerry|Hospitality|MatchaGotcha,RagePowder,LifeDew,TrickRoom||||||50|,,,,,Dark]Ursaluna||FlameOrb|Guts|Earthquake,Facade,HeadlongRush,Protect|||M|||50|,,,,,Ghost
|j| k3951
|inactive|Battle timer is ON: inactive players will automatically lose when time's up. (requested by InkynVG)
|inactive|Cristante terabug has 60 seconds left.
|
|t:|1754921499
|teamsize|p1|4
|teamsize|p2|4
|start
|switch|p1a: Maushold|Maushold-Four, L50|100/100
|switch|p1b: Volcarona|Volcarona, L50, F|100/100
|switch|p2a: Sinistcha|Sinistcha, L50, shiny|100/100
|switch|p2b: Archaludon|Archaludon, L50, M|100/100
|turn|1
|inactive|Cristante terabug has 30 seconds left.
|
|t:|1754921530
|switch|p2a: Pelipper|Pelipper, L50, M, shiny|100/100
|-weather|RainDance|[from] ability: Drizzle|[of] p2a: Pelipper
|move|p1a: Maushold|Taunt|p2a: Pelipper
|-start|p2a: Pelipper|move: Taunt
|move|p1b: Volcarona|Quiver Dance|p1b: Volcarona
|-boost|p1b: Volcarona|spa|1
|-boost|p1b: Volcarona|spd|1
|-boost|p1b: Volcarona|spe|1
|move|p2b: Archaludon|Electro Shot||[still]
|-prepare|p2b: Archaludon|Electro Shot
|-boost|p2b: Archaludon|spa|1
|-anim|p2b: Archaludon|Electro Shot|p1b: Volcarona
|-damage|p1b: Volcarona|64/100
|
|-weather|RainDance|[upkeep]
|-heal|p1b: Volcarona|70/100|[from] item: Leftovers
|upkeep
|turn|2
|inactive|InkynVG has 30 seconds left.
|
|t:|1754921559
|-terastallize|p1b: Volcarona|Fairy
|-terastallize|p2a: Pelipper|Ghost
|move|p1b: Volcarona|Quiver Dance|p1b: Volcarona
|-boost|p1b: Volcarona|spa|1
|-boost|p1b: Volcarona|spd|1
|-boost|p1b: Volcarona|spe|1
|move|p1a: Maushold|Population Bomb|p2a: Pelipper
|-immune|p2a: Pelipper
|move|p2b: Archaludon|Body Press|p1a: Maushold
|-supereffective|p1a: Maushold
|-damage|p1a: Maushold|14/100
|move|p2a: Pelipper|Muddy Water|p1b: Volcarona|[spread] p1a,p1b
|-damage|p1a: Maushold|0 fnt
|-damage|p1b: Volcarona|51/100
|faint|p1a: Maushold
|
|-weather|RainDance|[upkeep]
|-heal|p1b: Volcarona|57/100|[from] item: Leftovers
|upkeep
|
|t:|1754921570
|switch|p1a: Dragonite|Dragonite, L50, F|100/100
|turn|3
|
|t:|1754921586
|move|p1b: Volcarona|Tera Blast|p2b: Archaludon|[anim] Tera Blast Fairy
|-damage|p2b: Archaludon|32/100
|-ability|p2b: Archaludon|Stamina|boost
|-boost|p2b: Archaludon|def|1
|move|p1a: Dragonite|Scale Shot|p2a: Pelipper
|-damage|p2a: Pelipper|81/100
|-damage|p2a: Pelipper|62/100
|-damage|p2a: Pelipper|44/100
|-damage|p2a: Pelipper|23/100
|-damage|p2a: Pelipper|3/100
|-hitcount|p2a: Pelipper|5
|-unboost|p1a: Dragonite|def|1
|-boost|p1a: Dragonite|spe|1
|move|p2b: Archaludon|Flash Cannon|p1a: Dragonite
|-damage|p1a: Dragonite|74/100
|move|p2a: Pelipper|Muddy Water|p1b: Volcarona|[spread] p1a,p1b
|-resisted|p1a: Dragonite
|-damage|p1a: Dragonite|49/100
|-damage|p1b: Volcarona|37/100
|-unboost|p1a: Dragonite|accuracy|1
|
|-weather|RainDance|[upkeep]
|-heal|p1b: Volcarona|43/100|[from] item: Leftovers
|-end|p2a: Pelipper|move: Taunt
|upkeep
|turn|4
|inactive|Cristante terabug has 30 seconds left.
|
|t:|1754921613
|switch|p1a: Sneasler|Sneasler, L50, F|100/100
|switch|p2a: Sinistcha|Sinistcha, L50, shiny|100/100
|-heal|p2b: Archaludon|57/100|[from] ability: Hospitality|[of] p2a: Sinistcha
|move|p1b: Volcarona|Heat Wave|p2a: Sinistcha|[spread] p2a,p2b
|-supereffective|p2a: Sinistcha
|-damage|p2a: Sinistcha|36/100
|-damage|p2b: Archaludon|23/100
|-ability|p2b: Archaludon|Stamina|boost
|-boost|p2b: Archaludon|def|1
|-enditem|p2a: Sinistcha|Sitrus Berry|[eat]
|-heal|p2a: Sinistcha|61/100|[from] item: Sitrus Berry
|move|p2b: Archaludon|Flash Cannon|p1b: Volcarona
|-supereffective|p1b: Volcarona
|-damage|p1b: Volcarona|0 fnt
|faint|p1b: Volcarona
|
|-weather|RainDance|[upkeep]
|upkeep
|
|t:|1754921628
|switch|p1b: Dragonite|Dragonite, L50, F|49/100
|turn|5
|
|t:|1754921647
|move|p1a: Sneasler|Fake Out|p2b: Archaludon
|-resisted|p2b: Archaludon
|-damage|p2b: Archaludon|20/100
|-ability|p2b: Archaludon|Stamina|boost
|-boost|p2b: Archaludon|def|1
|move|p2a: Sinistcha|Rage Powder|p2a: Sinistcha
|-singleturn|p2a: Sinistcha|move: Rage Powder
|move|p1b: Dragonite|Scale Shot|p2a: Sinistcha
|-crit|p2a: Sinistcha
|-damage|p2a: Sinistcha|41/100
|-damage|p2a: Sinistcha|27/100
|-damage|p2a: Sinistcha|14/100
|-damage|p2a: Sinistcha|0 fnt
|faint|p2a: Sinistcha
|-hitcount|p2: Sinistcha|4
|-unboost|p1b: Dragonite|def|1
|-boost|p1b: Dragonite|spe|1
|cant|p2b: Archaludon|flinch
|
|-weather|none
|upkeep
|
|t:|1754921651
|switch|p2a: Pelipper|Pelipper, L50, M, shiny, tera:Ghost|3/100
|-weather|RainDance|[from] ability: Drizzle|[of] p2a: Pelipper
|turn|6
|inactive|InkynVG has 30 seconds left.
|inactive|InkynVG has 20 seconds left.
|inactive|InkynVG has 15 seconds left.
|inactive|InkynVG has 10 seconds left.
|inactive|InkynVG has 5 seconds left.
|
|t:|1754921701
|move|p1b: Dragonite|Scale Shot|p2a: Pelipper|[miss]
|-miss|p1b: Dragonite|p2a: Pelipper
|move|p1a: Sneasler|Dire Claw|p2b: Archaludon
|-immune|p2b: Archaludon
|move|p2b: Archaludon|Flash Cannon|p1b: Dragonite
|-damage|p1b: Dragonite|0 fnt
|faint|p1b: Dragonite
|move|p2a: Pelipper|Hurricane|p1a: Sneasler
|-supereffective|p1a: Sneasler
|-enditem|p1a: Sneasler|Focus Sash
|-damage|p1a: Sneasler|1/100
|-start|p1a: Sneasler|confusion
|
|-weather|RainDance|[upkeep]
|upkeep
|turn|7
|l| k3951
|inactive|Cristante terabug has 30 seconds left.
|inactive|Cristante terabug has 20 seconds left.
|
|t:|1754921737
|-activate|p1a: Sneasler|confusion
|-damage|p1a: Sneasler|0 fnt|[from] confusion
|faint|p1a: Sneasler
|
|win|Cristante terabug
|raw|InkynVG's rating: 1323 → 1297(-26 for losing)
|raw|Cristante terabug's rating: 1207 → 1240(+33 for winning)
|l|☆InkynVG
|player|p1|
