|j|☆nontelo
|j|☆naibot2814
|html|nontelonaibot2814    
|uhtml|bestof|Game 1 of a best-of-3
|t:|1785847629
|gametype|doubles
|player|p1|nontelo|cress|1389
|player|p2|naibot2814|ghetsis|1521
|gen|9
|tier|[Gen 9 Champions] VGC 2026 Reg M-B (Bo3)
|rated|
|rule|Species Clause: Limit one of each Pokémon
|rule|Item Clause: Limit 1 of each item
|clearpoke
|poke|p1|Farigiraf, L50, F|
|poke|p1|Kangaskhan, L50, F|
|poke|p1|Camerupt, L50, M|
|poke|p1|Sinistcha, L50|
|poke|p1|Sneasler, L50, F|
|poke|p1|Primarina, L50, F|
|poke|p2|Blastoise, L50, M|
|poke|p2|Incineroar, L50, M|
|poke|p2|Sneasler, L50, M|
|poke|p2|Sinistcha, L50|
|poke|p2|Kingambit, L50, M, shiny|
|poke|p2|Delphox, L50, F|
|teampreview|4
|showteam|p1|Farigiraf||ColburBerry|ArmorTail|Psychic,TrickRoom,Thunderbolt,HelpingHand|Quiet||F|||50|]Kangaskhan||SilkScarf|Scrappy|LastResort,FakeOut|Brave||F|||50|]Camerupt||Cameruptite|SolidRock|HeatWave,EarthPower,AncientPower,Protect|Quiet||M|||50|]Sinistcha||SitrusBerry|Hospitality|MatchaGotcha,TrickRoom,RagePowder,Protect|Relaxed|||||50|]Sneasler||IronBall|Unburden|CloseCombat,DireClaw,FakeOut,Fling|Brave||F|||50|]Primarina||LifeOrb|LiquidVoice|Moonblast,AquaJet,HyperVoice,Protect|Quiet||F|||50|
|showteam|p2|Blastoise||Blastoisinite|Torrent|WaterSpout,DarkPulse,ShellSmash,Protect|Modest||M|||50|]Incineroar||SitrusBerry|Intimidate|FakeOut,FlareBlitz,DarkestLariat,PartingShot|Careful||M|||50|]Sneasler||FocusSash|PoisonTouch|FakeOut,CloseCombat,PoisonJab,QuickGuard|Jolly||M|||50|]Sinistcha||KasibBerry|Hospitality|MatchaGotcha,TrickRoom,RagePowder,Protect|Bold|||||50|]Kingambit||BlackGlasses|Defiant|KowtowCleave,SuckerPunch,SwordsDance,Protect|Adamant||M|||50|]Delphox||Delphoxite|Blaze|HeatWave,Psyshock,NastyPlot,Protect|Timid||F|||50|
|inactive|Battle timer is ON: inactive players will automatically lose when time's up. (requested by nontelo)
|inactive|nontelo has 60 seconds left.
|inactive|naibot2814 has 60 seconds left.
|inactive|naibot2814 has 30 seconds left.
|inactive|naibot2814 has 20 seconds left.
|
|t:|1785847709
|teamsize|p1|4
|teamsize|p2|4
|start
|switch|p1a: Farigiraf|Farigiraf, L50, F|100/100
|switch|p1b: Sneasler|Sneasler, L50, F|100/100
|switch|p2a: Blastoise|Blastoise, L50, M|100/100
|switch|p2b: Sneasler|Sneasler, L50, M|100/100
|turn|1
|
|t:|1785847732
|detailschange|p2a: Blastoise|Blastoise-Mega, L50, M
|-mega|p2a: Blastoise|Blastoise|Blastoisinite
|move|p2b: Sneasler|Quick Guard|p2b: Sneasler
|-singleturn|p2b: Sneasler|Quick Guard
|move|p1b: Sneasler|Fake Out|p2a: Blastoise
|-activate|p2a: Blastoise|move: Quick Guard
|move|p2a: Blastoise|Water Spout|p1b: Sneasler|[spread] p1a,p1b
|-damage|p1a: Farigiraf|43/100
|-damage|p1b: Sneasler|28/100
|move|p1a: Farigiraf|Trick Room|p1a: Farigiraf
|-fieldstart|move: Trick Room|[of] p1a: Farigiraf
|
|upkeep
|turn|2
|
|t:|1785847757
|switch|p2b: Sinistcha|Sinistcha, L50|100/100
|move|p2a: Blastoise|Protect|p2a: Blastoise
|-singleturn|p2a: Blastoise|Protect
|move|p1b: Sneasler|Close Combat|p2b: Sinistcha
|-immune|p2b: Sinistcha
|move|p1a: Farigiraf|Thunderbolt|p2a: Blastoise
|-activate|p2a: Blastoise|move: Protect
|
|upkeep
|turn|3
|
|t:|1785847780
|switch|p1b: Sinistcha|Sinistcha, L50|100/100
|-heal|p1a: Farigiraf|68/100|[from] ability: Hospitality|[of] p1b: Sinistcha
|move|p2b: Sinistcha|Rage Powder|p2b: Sinistcha
|-singleturn|p2b: Sinistcha|move: Rage Powder
|move|p1a: Farigiraf|Psychic|p2b: Sinistcha
|-damage|p2b: Sinistcha|64/100
|move|p2a: Blastoise|Water Spout|p1a: Farigiraf|[spread] p1a,p1b
|-resisted|p1b: Sinistcha|1
|-damage|p1a: Farigiraf|15/100
|-damage|p1b: Sinistcha|66/100
|
|upkeep
|turn|4
|
|t:|1785847798
|switch|p2b: Incineroar|Incineroar, L50, M|100/100
|-ability|p2b: Incineroar|Intimidate|boost
|-unboost|p1a: Farigiraf|atk|1
|-unboost|p1b: Sinistcha|atk|1
|move|p2a: Blastoise|Protect|p2a: Blastoise
|-singleturn|p2a: Blastoise|Protect
|move|p1a: Farigiraf|Psychic|p2b: Incineroar
|-immune|p2b: Incineroar
|move|p1b: Sinistcha|Matcha Gotcha|p2b: Incineroar|[spread] p2b
|-activate|p2a: Blastoise|move: Protect
|-resisted|p2b: Incineroar|1
|-damage|p2b: Incineroar|90/100
|-heal|p1b: Sinistcha|72/100|[from] drain|[of] p2b: Incineroar
|
|upkeep
|turn|5
|inactive|naibot2814 has 30 seconds left.
|
|t:|1785847823
|switch|p2a: Sneasler|Sneasler, L50, M|100/100
|move|p1b: Sinistcha|Protect|p1b: Sinistcha
|-singleturn|p1b: Sinistcha|Protect
|move|p1a: Farigiraf|Thunderbolt|p2a: Sneasler
|-damage|p2a: Sneasler|61/100
|move|p2b: Incineroar|Flare Blitz|p1b: Sinistcha
|-activate|p1b: Sinistcha|move: Protect
|
|-fieldend|move: Trick Room
|upkeep
|turn|6
|inactive|naibot2814 has 30 seconds left.
|
|t:|1785847855
|switch|p2b: Sinistcha|Sinistcha, L50|64/100
|-heal|p2a: Sneasler|85/100|[from] ability: Hospitality|[of] p2b: Sinistcha
|switch|p1b: Primarina|Primarina, L50, F|100/100
|move|p2a: Sneasler|Poison Jab|p1b: Primarina
|-supereffective|p1b: Primarina|1
|-damage|p1b: Primarina|9/100
|-status|p1b: Primarina|psn
|move|p1a: Farigiraf|Psychic|p2a: Sneasler
|-supereffective|p2a: Sneasler|2
|-damage|p2a: Sneasler|0 fnt
|faint|p2a: Sneasler
|
|-damage|p1b: Primarina|0 fnt|[from] psn
|faint|p1b: Primarina
|upkeep
|
|t:|1785847872
|switch|p2a: Blastoise|Blastoise-Mega, L50, M|100/100
|switch|p1b: Sinistcha|Sinistcha, L50|72/100
|-heal|p1a: Farigiraf|40/100|[from] ability: Hospitality|[of] p1b: Sinistcha
|turn|7
|
|t:|1785847889
|move|p1a: Farigiraf|Helping Hand|p1b: Sinistcha
|-singleturn|p1b: Sinistcha|Helping Hand|[of] p1a: Farigiraf
|move|p2a: Blastoise|Dark Pulse|p1b: Sinistcha
|-supereffective|p1b: Sinistcha|1
|-damage|p1b: Sinistcha|0 fnt
|faint|p1b: Sinistcha
|move|p2b: Sinistcha|Matcha Gotcha|p1a: Farigiraf
|-damage|p1a: Farigiraf|13/100
|-heal|p2b: Sinistcha|80/100|[from] drain|[of] p1a: Farigiraf
|
|upkeep
|-message|nontelo forfeited.
|
|win|naibot2814
|l|☆nontelo
|player|p1|
||nontelo is ready for game 2.
||naibot2814 is ready for game 2.
|uhtml|next|Next: Game 2 of 3
