|j|☆LeonardPlayz
|j|☆Welwitchia
|html|LeonardPlayzWelwitchia    
|uhtml|bestof|Game 2 of a best-of-3
|t:|1783667246
|gametype|doubles
|player|p1|LeonardPlayz|hilbert-wonderlauncher|1088
|player|p2|Welwitchia|pokemonbreeder-gen4|1065
|gen|9
|tier|[Gen 9 Champions] VGC 2026 Reg M-B (Bo3)
|rated|
|rule|Species Clause: Limit one of each Pokémon
|rule|Item Clause: Limit 1 of each item
|clearpoke
|poke|p1|Froslass, L50, F|
|poke|p1|Excadrill, L50, F|
|poke|p1|Tyranitar, L50, M|
|poke|p1|Vivillon, L50, M|
|poke|p1|Incineroar, L50, M|
|poke|p1|Sinistcha, L50|
|poke|p2|Banette, L50, F, shiny|
|poke|p2|Umbreon, L50, M|
|poke|p2|Blastoise, L50, F, shiny|
|poke|p2|Charizard, L50, M|
|poke|p2|Hatterene, L50, F, shiny|
|poke|p2|Venusaur, L50, M|
|teampreview|4
|showteam|p1|Froslass||Froslassite|CursedBody|NastyPlot,Blizzard,ShadowBall,Protect|Timid||F|||50|]Excadrill||Excadrite|SandRush|IronHead,HighHorsepower,RockSlide,Protect|Jolly||F|||50|]Tyranitar||LifeOrb|SandStream|RockSlide,Crunch,LowKick,Protect|Adamant||M|||50|]Vivillon||FocusSash|CompoundEyes|Tailwind,Hurricane,SleepPowder,Protect|Timid||M|||50|]Incineroar||SitrusBerry|Intimidate|FakeOut,ThroatChop,FlareBlitz,PartingShot|Careful||M|||50|]Sinistcha||ColburBerry|Hospitality|RagePowder,MatchaGotcha,ShadowBall,Protect|Modest|||||50|
|showteam|p2|Banette||Banettite|CursedBody|SkitterSmack,Disable,FoulPlay,DestinyBond|Careful||F|||50|]Umbreon||MentalHerb|InnerFocus|FoulPlay,Swagger,Toxic,Tickle|Calm||M|||50|]Blastoise||MysticWater|RainDish|MuddyWater,FakeOut,IceBeam,AquaJet|Quiet||F|||50|]Charizard||CharizarditeY|Blaze|AirSlash,SolarBeam,HeatWave,RockSlide|Hasty||M|||50|]Hatterene||FairyFeather|MagicBounce|MagicPowder,TrickRoom,DazzlingGleam,LifeDew|Sassy||F|||50|]Venusaur||Leftovers|Chlorophyll|WorrySeed,SweetScent,SleepPowder,AcidSpray|Timid||M|||50|
|inactive|Battle timer is ON: inactive players will automatically lose when time's up. (requested by LeonardPlayz)
|inactive|Welwitchia has 60 seconds left.
|
|t:|1783667278
|teamsize|p1|4
|teamsize|p2|4
|start
|switch|p1a: Vivillon|Vivillon, L50, M|100/100
|switch|p1b: Tom|Incineroar, L50, M|100/100
|switch|p2a: Blastoise|Blastoise, L50, F, shiny|100/100
|switch|p2b: Umbreon|Umbreon, L50, M|100/100
|-ability|p1b: Tom|Intimidate|boost
|-unboost|p2a: Blastoise|atk|1
|-fail|p2b: Umbreon|unboost|Attack|[from] ability: Inner Focus|[of] p2b: Umbreon
|turn|1
|
|t:|1783667303
|move|p1a: Vivillon|Protect|p1a: Vivillon
|-singleturn|p1a: Vivillon|Protect
|move|p2a: Blastoise|Fake Out|p1a: Vivillon
|-activate|p1a: Vivillon|move: Protect
|move|p1b: Tom|Fake Out|p2a: Blastoise
|-damage|p2a: Blastoise|90/100
|move|p2b: Umbreon|Toxic|p1b: Tom
|-status|p1b: Tom|tox
|
|-damage|p1b: Tom|94/100 tox|[from] psn
|upkeep
|turn|2
|
|t:|1783667325
|switch|p2a: Hatterene|Hatterene, L50, F, shiny|100/100
|move|p1a: Vivillon|Sleep Powder|p2b: Umbreon
|-status|p2b: Umbreon|slp|[from] move: Sleep Powder
|move|p1b: Tom|Parting Shot|p2a: Hatterene
|move|p2a: Hatterene|Parting Shot|p1b: Tom|[from] ability: Magic Bounce
|-unboost|p1b: Tom|atk|1
|-unboost|p1b: Tom|spa|1
|
|t:|1783667340
|switch|p2a: Blastoise|Blastoise, L50, F, shiny|90/100|[from] Parting Shot
|cant|p2b: Umbreon|slp
|
|-damage|p1b: Tom|82/100 tox|[from] psn
|upkeep
|turn|3
|
|t:|1783667353
|move|p2a: Blastoise|Fake Out|p1a: Vivillon
|-damage|p1a: Vivillon|84/100
|cant|p1a: Vivillon|flinch
|move|p1b: Tom|Parting Shot|p2b: Umbreon
|-unboost|p2b: Umbreon|atk|1
|-unboost|p2b: Umbreon|spa|1
|
|t:|1783667359
|switch|p1b: Hot To Go|Sinistcha, L50|100/100|[from] Parting Shot
|-heal|p1a: Vivillon|100/100|[from] ability: Hospitality|[of] p1b: Hot To Go
|-curestatus|p2b: Umbreon|slp|[msg]
|move|p2b: Umbreon|Foul Play|p1a: Vivillon
|-damage|p1a: Vivillon|67/100
|
|upkeep
|turn|4
|
|t:|1783667375
|move|p1a: Vivillon|Sleep Powder|p2b: Umbreon
|-status|p2b: Umbreon|slp|[from] move: Sleep Powder
|move|p1b: Hot To Go|Matcha Gotcha|p2b: Umbreon|[spread] p2a,p2b
|-supereffective|p2a: Blastoise|1
|-crit|p2b: Umbreon
|-damage|p2a: Blastoise|37/100
|-damage|p2b: Umbreon|77/100 slp
|move|p2a: Blastoise|Muddy Water|p1a: Vivillon|[spread] p1a,p1b
|-resisted|p1b: Hot To Go|1
|-damage|p1a: Vivillon|4/100
|-damage|p1b: Hot To Go|82/100
|cant|p2b: Umbreon|slp
|
|upkeep
|turn|5
|
|t:|1783667398
|move|p2a: Blastoise|Aqua Jet|p1a: Vivillon
|-damage|p1a: Vivillon|0 fnt
|faint|p1a: Vivillon
|move|p1b: Hot To Go|Matcha Gotcha|p2a: Blastoise|[spread] p2a,p2b
|-supereffective|p2a: Blastoise|1
|-damage|p2a: Blastoise|0 fnt
|-heal|p1b: Hot To Go|100/100|[from] drain|[of] p2a: Blastoise
|-damage|p2b: Umbreon|61/100 slp
|faint|p2a: Blastoise
|cant|p2b: Umbreon|slp
|
|upkeep
|
|t:|1783667414
|switch|p1a: Excadrill|Excadrill, L50, F|100/100
|switch|p2a: Hatterene|Hatterene, L50, F, shiny|100/100
|turn|6
|
|t:|1783667427
|detailschange|p1a: Excadrill|Excadrill-Mega, L50, F
|-mega|p1a: Excadrill|Excadrill|Excadrite
|move|p1a: Excadrill|Iron Head|p2a: Hatterene
|-supereffective|p2a: Hatterene|1
|-damage|p2a: Hatterene|0 fnt
|faint|p2a: Hatterene
|move|p1b: Hot To Go|Matcha Gotcha|p2b: Umbreon
|-damage|p2b: Umbreon|40/100 slp
|-curestatus|p2b: Umbreon|slp|[msg]
|move|p2b: Umbreon|Foul Play|p1a: Excadrill
|-damage|p1a: Excadrill|44/100
|
|upkeep
|
|t:|1783667432
|switch|p2a: Banette|Banette, L50, F, shiny|100/100
|turn|7
|
|t:|1783667448
|detailschange|p2a: Banette|Banette-Mega, L50, F, shiny
|-mega|p2a: Banette|Banette|Banettite
|move|p1a: Excadrill|High Horsepower|p2b: Umbreon
|-damage|p2b: Umbreon|0 fnt
|faint|p2b: Umbreon
|move|p2a: Banette|Foul Play|p1a: Excadrill
|-damage|p1a: Excadrill|6/100
|move|p1b: Hot To Go|Shadow Ball|p2a: Banette
|-supereffective|p2a: Banette|1
|-damage|p2a: Banette|35/100
|
|upkeep
|turn|8
|c|☆LeonardPlayz|gg
|
|t:|1783667464
|move|p2a: Banette|Disable|p1a: Excadrill
|-start|p1a: Excadrill|Disable|High Horsepower
|cant|p1a: Excadrill|Disable|High Horsepower
|move|p1b: Hot To Go|Shadow Ball|p2a: Banette
|-supereffective|p2a: Banette|1
|-damage|p2a: Banette|0 fnt
|faint|p2a: Banette
|
|win|LeonardPlayz
|raw|LeonardPlayz's rating: 1088 → 1113(+25 for winning)
|raw|Welwitchia's rating: 1065 → 1047(-18 for losing)
