|j|☆washingtongargacha
|j|☆fosa25
|html|washingtongargachafosa25    
|uhtml|bestof|Game 3 of a best-of-3
|t:|1756939183
|gametype|doubles
|player|p1|washingtongargacha|265|1154
|player|p2|fosa25|psychicf|1231
|gen|9
|tier|[Gen 9] VGC 2025 Reg H (Bo3)
|rated|
|rule|Species Clause: Limit one of each Pokémon
|rule|Item Clause: Limit 1 of each item
|clearpoke
|poke|p1|Talonflame, L50, M|
|poke|p1|Gholdengo, L50|
|poke|p1|Dragonite, L50, M|
|poke|p1|Archaludon, L50, M|
|poke|p1|Tyranitar, L50, F|
|poke|p1|Garchomp, L50, M|
|poke|p2|Gholdengo, L50|
|poke|p2|Magmar, L50, M|
|poke|p2|Dragonite, L50, F|
|poke|p2|Dondozo, L50, M|
|poke|p2|Rillaboom, L50, F|
|poke|p2|Annihilape, L50, F|
|teampreview|4
|showteam|p1|Talonflame||CovertCloak|GaleWings|Tailwind,BraveBird,Taunt,WillOWisp|||M|||50|,,,,,Ghost]Gholdengo||ChoiceSpecs|GoodasGold|MakeItRain,SteelBeam,ShadowBall,PowerGem||||||50|,,,,,Steel]Dragonite||LoadedDice|Multiscale|ScaleShot,IceSpinner,Haze,Protect|||M|||50|,,,,,Steel]Archaludon||PowerHerb|Sturdy|FlashCannon,ElectroShot,DracoMeteor,Protect|||M|||50|,,,,,Flying]Tyranitar||AssaultVest|SandStream|KnockOff,RockSlide,TeraBlast,LowKick|||F|||50|,,,,,Flying]Garchomp||LifeOrb|RoughSkin|DragonClaw,StompingTantrum,Earthquake,Protect|||M|||50|,,,,,Steel
|showteam|p2|Gholdengo||LifeOrb|GoodasGold|Protect,NastyPlot,MakeItRain,ShadowBall||||||50|,,,,,Water]Magmar||Eviolite|VitalSpirit|Taunt,WillOWisp,FollowMe,HeatWave|||M|||50|,,,,,Ghost]Dragonite||LoadedDice|Multiscale|Protect,Haze,Tailwind,ScaleShot|||F|||50|,,,,,Fairy]Dondozo||Leftovers|Unaware|Protect,Yawn,WaveCrash,Fissure|||M|||50|,,,,,Fairy]Rillaboom||AssaultVest|GrassySurge|FakeOut,GrassyGlide,WoodHammer,Uturn|||F|||50|,,,,,Fire]Annihilape||SafetyGoggles|Defiant|Protect,BulkUp,RageFist,DrainPunch|||F|||50|,,,,,Steel
|inactive|Battle timer is ON: inactive players will automatically lose when time's up. (requested by fosa25)
|inactive|washingtongargacha has 60 seconds left.
|
|t:|1756939215
|teamsize|p1|4
|teamsize|p2|4
|start
|switch|p1a: Talonflame|Talonflame, L50, M|100/100
|switch|p1b: Gholdengo|Gholdengo, L50|100/100
|switch|p2a: Gholdengo|Gholdengo, L50|100/100
|switch|p2b: Magmar|Magmar, L50, M|100/100
|turn|1
|
|t:|1756939229
|move|p2b: Magmar|Follow Me|p2b: Magmar
|-singleturn|p2b: Magmar|move: Follow Me
|move|p1a: Talonflame|Taunt|p2b: Magmar
|-start|p2b: Magmar|move: Taunt
|move|p2a: Gholdengo|Shadow Ball|p1b: Gholdengo
|-supereffective|p1b: Gholdengo
|-damage|p1b: Gholdengo|0 fnt
|faint|p1b: Gholdengo
|-damage|p2a: Gholdengo|91/100|[from] item: Life Orb
|
|upkeep
|
|t:|1756939242
|switch|p1b: Archaludon|Archaludon, L50, M|100/100
|turn|2
|
|t:|1756939258
|move|p1b: Archaludon|Protect|p1b: Archaludon
|-singleturn|p1b: Archaludon|Protect
|move|p2a: Gholdengo|Protect|p2a: Gholdengo
|-singleturn|p2a: Gholdengo|Protect
|move|p1a: Talonflame|Brave Bird|p2a: Gholdengo
|-activate|p2a: Gholdengo|move: Protect
|move|p2b: Magmar|Heat Wave|p1b: Archaludon|[spread] p1a
|-activate|p1b: Archaludon|move: Protect
|-resisted|p1a: Talonflame
|-damage|p1a: Talonflame|84/100
|
|upkeep
|turn|3
|
|t:|1756939283
|switch|p2a: Annihilape|Annihilape, L50, F|100/100
|move|p1a: Talonflame|Brave Bird|p2a: Annihilape
|-supereffective|p2a: Annihilape
|-damage|p2a: Annihilape|29/100
|-damage|p1a: Talonflame|58/100|[from] Recoil
|move|p1b: Archaludon|Electro Shot||[still]
|-prepare|p1b: Archaludon|Electro Shot
|-boost|p1b: Archaludon|spa|1
|-enditem|p1b: Archaludon|Power Herb
|-anim|p1b: Archaludon|Electro Shot|p2a: Annihilape
|-damage|p2a: Annihilape|0 fnt
|faint|p2a: Annihilape
|move|p2b: Magmar|Heat Wave|p1a: Talonflame|[spread] p1a,p1b
|-resisted|p1a: Talonflame
|-crit|p1b: Archaludon
|-damage|p1a: Talonflame|43/100
|-damage|p1b: Archaludon|44/100
|
|upkeep
|
|t:|1756939297
|switch|p2a: Gholdengo|Gholdengo, L50|91/100
|turn|4
|
|t:|1756939311
|move|p1b: Archaludon|Protect|p1b: Archaludon
|-singleturn|p1b: Archaludon|Protect
|move|p1a: Talonflame|Tailwind|p1a: Talonflame
|-sidestart|p1: washingtongargacha|move: Tailwind
|move|p2a: Gholdengo|Shadow Ball|p1a: Talonflame
|-damage|p1a: Talonflame|0 fnt
|faint|p1a: Talonflame
|-damage|p2a: Gholdengo|82/100|[from] item: Life Orb
|move|p2b: Magmar|Heat Wave|p1b: Archaludon
|-activate|p1b: Archaludon|move: Protect
|
|-end|p2b: Magmar|move: Taunt
|upkeep
|
|t:|1756939323
|switch|p1a: Garchomp|Garchomp, L50, M|100/100
|turn|5
|inactive|fosa25 has 30 seconds left.
|
|t:|1756939352
|-terastallize|p1b: Archaludon|Flying
|-terastallize|p2b: Magmar|Ghost
|move|p1a: Garchomp|Earthquake|p2a: Gholdengo|[spread] p2a,p2b
|-immune|p1b: Archaludon
|-supereffective|p2a: Gholdengo
|-damage|p2a: Gholdengo|0 fnt
|-damage|p2b: Magmar|55/100
|faint|p2a: Gholdengo
|-damage|p1a: Garchomp|91/100|[from] item: Life Orb
|move|p1b: Archaludon|Draco Meteor|p2b: Magmar
|-damage|p2b: Magmar|0 fnt
|-unboost|p1b: Archaludon|spa|2
|faint|p2b: Magmar
|
|upkeep
|
|t:|1756939359
|switch|p2b: Dragonite|Dragonite, L50, F|100/100
|turn|6
|
|t:|1756939377
|move|p2b: Dragonite|Protect|p2b: Dragonite
|-singleturn|p2b: Dragonite|Protect
|move|p1a: Garchomp|Dragon Claw|p2b: Dragonite
|-activate|p2b: Dragonite|move: Protect
|move|p1b: Archaludon|Draco Meteor|p2b: Dragonite
|-activate|p2b: Dragonite|move: Protect
|
|upkeep
|turn|7
|
|t:|1756939390
|move|p2b: Dragonite|Protect||[still]
|-fail|p2b: Dragonite
|move|p1a: Garchomp|Dragon Claw|p2b: Dragonite
|-supereffective|p2b: Dragonite
|-crit|p2b: Dragonite
|-damage|p2b: Dragonite|11/100
|-damage|p1a: Garchomp|81/100|[from] item: Life Orb
|move|p1b: Archaludon|Draco Meteor|p2b: Dragonite
|-supereffective|p2b: Dragonite
|-crit|p2b: Dragonite
|-damage|p2b: Dragonite|0 fnt
|-unboost|p1b: Archaludon|spa|2
|faint|p2b: Dragonite
|
|win|washingtongargacha
|raw|washingtongargacha's rating: 1154 → 1184(+30 for winning)
|raw|fosa25's rating: 1231 → 1201(-30 for losing)
