|j|☆Sazandoramx
|j|☆MidoMidori
|html|SazandoramxMidoMidori    
|uhtml|bestof|Game 3 of a best-of-3
|t:|1755630043
|gametype|doubles
|player|p1|Sazandoramx|102|1145
|player|p2|MidoMidori|roxanne-gen6|1217
|gen|9
|tier|[Gen 9] VGC 2025 Reg H (Bo3)
|rated|
|rule|Species Clause: Limit one of each Pokémon
|rule|Item Clause: Limit 1 of each item
|clearpoke
|poke|p1|Armarouge, L50, M|
|poke|p1|Ursaluna, L50, F|
|poke|p1|Indeedee-F, L50, F|
|poke|p1|Annihilape, L50, M|
|poke|p1|Hatterene, L50, F|
|poke|p1|Torkoal, L50, M|
|poke|p2|Annihilape, L50, M|
|poke|p2|Maushold, L50|
|poke|p2|Sinistcha, L50|
|poke|p2|Ninetales-Alola, L50, M|
|poke|p2|Garchomp, L50, M|
|poke|p2|Klefki, L50, M|
|teampreview|4
|showteam|p1|Armarouge||PowerHerb|FlashFire|ArmorCannon,ExpandingForce,MeteorBeam,TrickRoom|||M|||50|,,,,,Grass]Ursaluna||FlameOrb|Guts|Facade,HeadlongRush,Substitute,Protect|||F|||50|,,,,,Ghost]Indeedee-F||RockyHelmet|PsychicSurge|Psychic,FollowMe,TrickRoom,HelpingHand|||F|||50|,,,,,Grass]Annihilape||ChoiceScarf|Defiant|CloseCombat,ShadowClaw,FinalGambit,Uturn|||M|||50|,,,,,Stellar]Hatterene||LifeOrb|MagicBounce|ExpandingForce,DazzlingGleam,TrickRoom,Protect|||F|||50|,,,,,Water]Torkoal||ChoiceSpecs|Drought|Eruption,EarthPower,WeatherBall,HeatWave|||M|||50|,,,,,Fire
|showteam|p2|Annihilape||Leftovers|Defiant|RageFist,DrainPunch,BulkUp,Protect|||M|||50|,,,,,Fire]Maushold||SafetyGoggles|FriendGuard|FollowMe,BeatUp,Taunt,Protect||||||50|,,,,,Ghost]Sinistcha||SitrusBerry|Hospitality|MatchaGotcha,ShadowBall,TrickRoom,RagePowder||||||50|,,,,,Fire]Ninetales-Alola||FocusSash|SnowWarning|Encore,Blizzard,FreezeDry,Protect|||M|||50|,,,,,Ice]Garchomp||ClearAmulet|RoughSkin|StompingTantrum,DragonClaw,SwordsDance,Protect|||M|||50|,,,,,Water]Klefki||LightClay|Prankster|Reflect,LightScreen,MistyTerrain,FoulPlay|||M|||50|,,,,,Ghost
|
|t:|1755630089
|teamsize|p1|4
|teamsize|p2|4
|start
|switch|p1a: Hatterene|Hatterene, L50, F|100/100
|switch|p1b: Indeedee|Indeedee-F, L50, F|100/100
|switch|p2a: Annihilape|Annihilape, L50, M|100/100
|switch|p2b: Maushold|Maushold, L50|100/100
|-fieldstart|move: Psychic Terrain|[from] ability: Psychic Surge|[of] p1b: Indeedee
|turn|1
|
|t:|1755630115
|switch|p2b: Klefki|Klefki, L50, M|100/100
|switch|p1b: Annihilape|Annihilape, L50, M|100/100
|move|p2a: Annihilape|Bulk Up|p2a: Annihilape
|-boost|p2a: Annihilape|atk|1
|-boost|p2a: Annihilape|def|1
|move|p1a: Hatterene|Expanding Force|p2a: Annihilape|[spread] p2a,p2b
|-supereffective|p2a: Annihilape
|-resisted|p2b: Klefki
|-damage|p2a: Annihilape|0 fnt
|-damage|p2b: Klefki|57/100
|faint|p2a: Annihilape
|-damage|p1a: Hatterene|91/100|[from] item: Life Orb
|
|upkeep
|
|t:|1755630118
|switch|p2a: Sinistcha|Sinistcha, L50|100/100
|-heal|p2b: Klefki|82/100|[from] ability: Hospitality|[of] p2a: Sinistcha
|turn|2
|c|☆MidoMidori|Wow bold
|c|☆MidoMidori|Wp
|
|t:|1755630189
|-terastallize|p1b: Annihilape|Stellar
|move|p2b: Klefki|Reflect|p2b: Klefki
|-sidestart|p2: MidoMidori|Reflect
|move|p1b: Annihilape|Shadow Claw|p2a: Sinistcha
|-supereffective|p2a: Sinistcha
|-damage|p2a: Sinistcha|36/100
|-enditem|p2a: Sinistcha|Sitrus Berry|[eat]
|-heal|p2a: Sinistcha|60/100|[from] item: Sitrus Berry
|move|p2a: Sinistcha|Matcha Gotcha|p1a: Hatterene|[spread] p1a,p1b
|-damage|p1a: Hatterene|62/100
|-heal|p2a: Sinistcha|74/100|[from] drain|[of] p1a: Hatterene
|-damage|p1b: Annihilape|74/100
|-heal|p2a: Sinistcha|91/100|[from] drain|[of] p1b: Annihilape
|-status|p1b: Annihilape|brn
|move|p1a: Hatterene|Trick Room|p1a: Hatterene
|-fieldstart|move: Trick Room|[of] p1a: Hatterene
|
|-damage|p1b: Annihilape|69/100 brn|[from] brn
|upkeep
|turn|3
|
|t:|1755630218
|switch|p1b: Torkoal|Torkoal, L50, M|100/100
|-weather|SunnyDay|[from] ability: Drought|[of] p1b: Torkoal
|move|p1a: Hatterene|Protect|p1a: Hatterene
|-singleturn|p1a: Hatterene|Protect
|move|p2b: Klefki|Light Screen|p2b: Klefki
|-sidestart|p2: MidoMidori|move: Light Screen
|move|p2a: Sinistcha|Shadow Ball|p1a: Hatterene
|-activate|p1a: Hatterene|move: Protect
|
|-weather|SunnyDay|[upkeep]
|upkeep
|turn|4
|
|t:|1755630233
|switch|p2b: Maushold|Maushold, L50|100/100
|-terastallize|p2a: Sinistcha|Fire
|move|p1b: Torkoal|Eruption|p2a: Sinistcha|[spread] p2a,p2b
|-resisted|p2a: Sinistcha
|-damage|p2a: Sinistcha|67/100
|-damage|p2b: Maushold|14/100
|move|p1a: Hatterene|Expanding Force|p2a: Sinistcha|[spread] p2a,p2b
|-damage|p2a: Sinistcha|25/100
|-damage|p2b: Maushold|0 fnt
|faint|p2b: Maushold
|-damage|p1a: Hatterene|53/100|[from] item: Life Orb
|move|p2a: Sinistcha|Shadow Ball|p1b: Torkoal
|-damage|p1b: Torkoal|56/100
|-unboost|p1b: Torkoal|spd|1
|
|-weather|SunnyDay|[upkeep]
|upkeep
|
|t:|1755630236
|switch|p2b: Klefki|Klefki, L50, M|82/100
|turn|5
|
|t:|1755630256
|move|p2b: Klefki|Misty Terrain|p2b: Klefki
|-fieldstart|move: Misty Terrain
|move|p1b: Torkoal|Eruption|p2b: Klefki|[spread] p2a,p2b
|-resisted|p2a: Sinistcha
|-supereffective|p2b: Klefki
|-damage|p2a: Sinistcha|7/100
|-damage|p2b: Klefki|0 fnt
|faint|p2b: Klefki
|move|p1a: Hatterene|Expanding Force|p2a: Sinistcha
|-damage|p2a: Sinistcha|0 fnt
|faint|p2a: Sinistcha
|-damage|p1a: Hatterene|43/100|[from] item: Life Orb
|
|win|Sazandoramx
|raw|Sazandoramx's rating: 1145 → 1175(+30 for winning)
|raw|MidoMidori's rating: 1217 → 1187(-30 for losing)
|c|☆MidoMidori|Gg cool plays
