|j|☆Baxter1357924680
|j|☆Cheery Cinccino
|html|Baxter1357924680Cheery Cinccino    
|uhtml|bestof|Game 2 of a best-of-3
|t:|1783382742
|gametype|doubles
|player|p1|Baxter1357924680|101|
|player|p2|Cheery Cinccino|1|
|gen|9
|tier|[Gen 9 Champions] VGC 2026 Reg M-B (Bo3)
|rule|Species Clause: Limit one of each Pokémon
|rule|Item Clause: Limit 1 of each item
|clearpoke
|poke|p1|Aegislash, L50, M, shiny|
|poke|p1|Lucario, L50, M, shiny|
|poke|p1|Dragonite, L50, M, shiny|
|poke|p1|Ditto, L50, shiny|
|poke|p1|Annihilape, L50, M, shiny|
|poke|p1|Greninja, L50, M, shiny|
|poke|p2|Raichu, L50, F|
|poke|p2|Sceptile, L50, F|
|poke|p2|Metagross, L50|
|poke|p2|Staraptor, L50, F|
|poke|p2|Eelektross, L50, F|
|poke|p2|Dragalge, L50, M|
|teampreview|4
|showteam|p1|Aegislash||Leftovers|StanceChange|RockSlide,SacredSword,AirSlash,CloseCombat|Serious||M|||50|]Lucario||Lucarionite|InnerFocus|Agility,CrossChop,ThunderPunch,BlazeKick|Serious||M|||50|]Dragonite||Dragoninite|Multiscale|DracoMeteor,Flamethrower,Superpower,StoneEdge|Serious||M|||50|]Ditto||ExpertBelt|Imposter|Transform|Serious|||||50|]Annihilape||ChoiceScarf|VitalSpirit|BrickBreak,CloseCombat,CrossChop,RockSlide|Serious||M|||50|]Greninja||Greninjite|Protean|Liquidation,WaterShuriken,QuickAttack,FlipTurn|Serious||M|||50|
|showteam|p2|Raichu|||Static|VoltSwitch,FocusBlast,Agility,FakeOut|Mild||F|||50|]Sceptile|||Overgrow|DragonPulse,LeafBlade,SwordsDance,Acrobatics|Serious||F|||50|]Metagross||Metagrossite|ClearBody|Psychic,Earthquake,IronHead,Explosion|Serious|||||50|]Staraptor||SitrusBerry|Intimidate|AirSlash,CloseCombat,BraveBird,Agility|Serious||F|||50|]Eelektross|||Levitate|Thunderbolt,Flamethrower,Uturn,Crunch|Serious||F|||50|]Dragalge||Leftovers|PoisonPoint|AcidArmor,SludgeBomb,ToxicSpikes,DragonTail|Serious||M|||50|
|
|t:|1783382804
|teamsize|p1|4
|teamsize|p2|4
|start
|switch|p1a: Annihilape|Annihilape, L50, M, shiny|100/100
|switch|p1b: Aegislash|Aegislash, L50, M, shiny|100/100
|switch|p2a: Zoro|Sceptile, L50, F|100/100
|switch|p2b: Caesar Salad|Dragalge, L50, M|100/100
|turn|1
|
|t:|1783382849
|move|p1a: Annihilape|Rock Slide|p2b: Caesar Salad|[spread] p2a,p2b
|-damage|p2a: Zoro|73/100
|-damage|p2b: Caesar Salad|79/100
|move|p2a: Zoro|Dragon Pulse|p1a: Annihilape
|-damage|p1a: Annihilape|82/100
|move|p2b: Caesar Salad|Toxic Spikes|p1b: Aegislash
|-sidestart|p1: Baxter1357924680|move: Toxic Spikes
|-formechange|p1b: Aegislash|Aegislash-Blade|
|move|p1b: Aegislash|Air Slash|p2a: Zoro
|-supereffective|p2a: Zoro|1
|-damage|p2a: Zoro|2/100
|
|-heal|p2b: Caesar Salad|85/100|[from] item: Leftovers
|upkeep
|turn|2
|
|t:|1783382876
|move|p1a: Annihilape|Rock Slide|p2a: Zoro|[spread] p2b
|-miss|p1a: Annihilape|p2a: Zoro
|-damage|p2b: Caesar Salad|62/100
|move|p2a: Zoro|Acrobatics|p1a: Annihilape
|-supereffective|p1a: Annihilape|1
|-damage|p1a: Annihilape|38/100
|move|p1b: Aegislash|Rock Slide|p2a: Zoro|[spread] p2a,p2b
|-damage|p2a: Zoro|0 fnt
|-damage|p2b: Caesar Salad|37/100
|faint|p2a: Zoro
|cant|p2b: Caesar Salad|flinch
|
|-heal|p2b: Caesar Salad|43/100|[from] item: Leftovers
|upkeep
|
|t:|1783382891
|switch|p2a: Tidal Wave|Eelektross, L50, F|100/100
|turn|3
|
|t:|1783382912
|move|p1a: Annihilape|Rock Slide|p2a: Tidal Wave|[spread] p2b
|-miss|p1a: Annihilape|p2a: Tidal Wave
|-damage|p2b: Caesar Salad|21/100
|move|p2b: Caesar Salad|Acid Armor|p2b: Caesar Salad
|-boost|p2b: Caesar Salad|def|2
|move|p1b: Aegislash|Rock Slide|p2a: Tidal Wave|[spread] p2b
|-miss|p1b: Aegislash|p2a: Tidal Wave
|-damage|p2b: Caesar Salad|8/100
|move|p2a: Tidal Wave|Flamethrower|p1b: Aegislash
|-supereffective|p1b: Aegislash|1
|-damage|p1b: Aegislash|15/100
|
|-heal|p2b: Caesar Salad|14/100|[from] item: Leftovers
|-heal|p1b: Aegislash|21/100|[from] item: Leftovers
|upkeep
|turn|4
|
|t:|1783382946
|move|p1a: Annihilape|Rock Slide|p2b: Caesar Salad|[spread] p2a,p2b
|-damage|p2a: Tidal Wave|83/100
|-damage|p2b: Caesar Salad|4/100
|cant|p2b: Caesar Salad|flinch
|move|p1b: Aegislash|Rock Slide|p2a: Tidal Wave|[spread] p2a,p2b
|-damage|p2a: Tidal Wave|64/100
|-damage|p2b: Caesar Salad|0 fnt
|faint|p2b: Caesar Salad
|move|p2a: Tidal Wave|Flamethrower|p1b: Aegislash
|-supereffective|p1b: Aegislash|1
|-damage|p1b: Aegislash|0 fnt
|faint|p1b: Aegislash
|
|upkeep
|
|t:|1783382966
|switch|p2b: Metatron|Metagross, L50|100/100
|switch|p1b: Ditto|Ditto, L50, shiny|100/100
|-status|p1b: Ditto|psn
|-transform|p1b: Ditto|p2a: Tidal Wave|[from] ability: Imposter
|turn|5
|
|t:|1783383000
|detailschange|p2b: Metatron|Metagross-Mega, L50
|-mega|p2b: Metatron|Metagross|Metagrossite
|move|p1a: Annihilape|Rock Slide|p2b: Metatron|[spread] p2a,p2b
|-resisted|p2b: Metatron|1
|-damage|p2a: Tidal Wave|45/100
|-damage|p2b: Metatron|93/100
|move|p2b: Metatron|Iron Head|p1b: Ditto
|-resisted|p1b: Ditto|1
|-damage|p1b: Ditto|67/100 psn
|move|p2a: Tidal Wave|Thunderbolt|p1a: Annihilape
|-damage|p1a: Annihilape|7/100
|move|p1b: Ditto|Flamethrower|p2b: Metatron
|-supereffective|p2b: Metatron|1
|-damage|p2b: Metatron|31/100
|
|-damage|p1b: Ditto|55/100 psn|[from] psn
|upkeep
|turn|6
|
|t:|1783383037
|move|p1a: Annihilape|Rock Slide|p2b: Metatron|[spread] p2a,p2b
|-crit|p2a: Tidal Wave
|-resisted|p2b: Metatron|1
|-damage|p2a: Tidal Wave|20/100r
|-damage|p2b: Metatron|25/100
|cant|p2b: Metatron|flinch
|move|p1b: Ditto|Flamethrower|p2b: Metatron
|-supereffective|p2b: Metatron|1
|-damage|p2b: Metatron|0 fnt
|faint|p2b: Metatron
|move|p2a: Tidal Wave|Flamethrower|p1b: Ditto
|-damage|p1b: Ditto|24/100 psn
|
|-damage|p1b: Ditto|12/100 psn|[from] psn
|upkeep
|turn|7
|
|t:|1783383062
|move|p1a: Annihilape|Rock Slide|p2a: Tidal Wave|[miss]
|-miss|p1a: Annihilape|p2a: Tidal Wave
|move|p1b: Ditto|Flamethrower|p2a: Tidal Wave
|-damage|p2a: Tidal Wave|0 fnt
|faint|p2a: Tidal Wave
|
|win|Baxter1357924680
||Baxter1357924680 is ready for game 3.
|inactive|Cheery Cinccino has 30 seconds to confirm battle start!
|l|☆Cheery Cinccino
|player|p2|
|inactive|Cheery Cinccino has 20 seconds to confirm battle start!
|inactive|Cheery Cinccino has 10 seconds to confirm battle start!
|j|☆Cheery Cinccino
|player|p2|Cheery Cinccino|1|
|uhtml|next|Next: Game 3 of 3
