|j|☆Greninja11234
|j|☆Bad rain team guy
|html|Greninja11234Bad rain team guy    
|uhtml|bestof|Game 3 of a best-of-3
|t:|1757650394
|gametype|doubles
|player|p1|Greninja11234|2|1052
|player|p2|Bad rain team guy|elesa|1021
|gen|9
|tier|[Gen 9] VGC 2025 Reg H (Bo3)
|rated|
|rule|Species Clause: Limit one of each Pokémon
|rule|Item Clause: Limit 1 of each item
|clearpoke
|poke|p1|Garchomp, L50, M|
|poke|p1|Porygon-Z, L50|
|poke|p1|Braviary, L50, M|
|poke|p1|Milotic, L50, M|
|poke|p1|Lucario, L50, M|
|poke|p1|Eelektross, L50, F|
|poke|p2|Volcarona, L50, F|
|poke|p2|Rillaboom, L50, M|
|poke|p2|Electabuzz, L50, F|
|poke|p2|Dragonite, L50, F|
|poke|p2|Kingambit, L50, F|
|poke|p2|Sneasler, L50, F|
|teampreview|4
|showteam|p1|Garchomp||LifeOrb|RoughSkin|DragonClaw,Earthquake,Protect,SwordsDance|||M|||50|,,,,,Steel]Porygon-Z||ChoiceScarf|Analytic|DarkPulse,IceBeam,Thunderbolt,TeraBlast||||||50|,,,,,Ghost]Braviary||Leftovers|Defiant|BraveBird,Tailwind,Protect,DoubleEdge|||M|||50|,,,,,Normal]Milotic||SitrusBerry|Competitive|Scald,Haze,LifeDew,Protect|||M|||50|,,,,,Poison]Lucario||FocusSash|InnerFocus|MeteorMash,CloseCombat,Coaching,Protect|||M|||50|,,,,,Poison]Eelektross||AssaultVest|Levitate|Electroweb,Flamethrower,VoltSwitch,Discharge|||F|||50|,,,,,Electric
|showteam|p2|Volcarona||Leftovers|FlameBody|HeatWave,TeraBlast,QuiverDance,Protect|||F|||50|,,,,,Fairy]Rillaboom||AssaultVest|GrassySurge|WoodHammer,GrassyGlide,HighHorsepower,FakeOut|||M|||50|,,,,,Fire]Electabuzz||Eviolite|VitalSpirit|Thunderbolt,FollowMe,Taunt,Protect|||F|||50|,,,,,Ghost]Dragonite||LoadedDice|Multiscale|ScaleShot,ExtremeSpeed,Haze,Protect|||F|||50|,,,,,Steel]Kingambit||BlackGlasses|Defiant|KowtowCleave,SuckerPunch,SwordsDance,Protect|||F|||50|,,,,,Dark]Sneasler||FocusSash|Unburden|CloseCombat,DireClaw,Coaching,Protect|||F|||50|,,,,,Stellar
|inactive|Battle timer is ON: inactive players will automatically lose when time's up. (requested by Bad rain team guy)
|
|t:|1757650410
|teamsize|p1|4
|teamsize|p2|4
|start
|switch|p1a: Braviary|Braviary, L50, M|100/100
|switch|p1b: Lucario|Lucario, L50, M|100/100
|switch|p2a: Rillaboom|Rillaboom, L50, M|100/100
|switch|p2b: Electabuzz|Electabuzz, L50, F|100/100
|-fieldstart|move: Grassy Terrain|[from] ability: Grassy Surge|[of] p2a: Rillaboom
|turn|1
|
|t:|1757650426
|move|p1b: Lucario|Protect|p1b: Lucario
|-singleturn|p1b: Lucario|Protect
|move|p1a: Braviary|Protect|p1a: Braviary
|-singleturn|p1a: Braviary|Protect
|move|p2a: Rillaboom|Fake Out|p1b: Lucario
|-activate|p1b: Lucario|move: Protect
|move|p2b: Electabuzz|Thunderbolt|p1a: Braviary
|-activate|p1a: Braviary|move: Protect
|
|upkeep
|turn|2
|
|t:|1757650446
|-terastallize|p2a: Rillaboom|Fire
|-terastallize|p1a: Braviary|Normal
|move|p1b: Lucario|Coaching|p1a: Braviary
|-boost|p1a: Braviary|atk|1
|-boost|p1a: Braviary|def|1
|move|p2b: Electabuzz|Thunderbolt|p1a: Braviary
|-damage|p1a: Braviary|70/100
|move|p2a: Rillaboom|High Horsepower|p1b: Lucario
|-supereffective|p1b: Lucario
|-damage|p1b: Lucario|1/100
|move|p1a: Braviary|Brave Bird|p2a: Rillaboom
|-damage|p2a: Rillaboom|24/100
|-damage|p1a: Braviary|43/100|[from] Recoil
|
|-heal|p1b: Lucario|7/100|[from] Grassy Terrain
|-heal|p2a: Rillaboom|30/100|[from] Grassy Terrain
|-heal|p1a: Braviary|49/100|[from] Grassy Terrain
|-heal|p1a: Braviary|55/100|[from] item: Leftovers
|upkeep
|turn|3
|inactive|Bad rain team guy has 30 seconds left.
|
|t:|1757650476
|move|p2a: Rillaboom|Grassy Glide|p1b: Lucario
|-resisted|p1b: Lucario
|-damage|p1b: Lucario|0 fnt
|faint|p1b: Lucario
|move|p2b: Electabuzz|Taunt|p1a: Braviary
|-start|p1a: Braviary|move: Taunt
|move|p1a: Braviary|Double-Edge|p2b: Electabuzz
|-damage|p2b: Electabuzz|21/100
|-damage|p1a: Braviary|31/100|[from] Recoil
|
|-heal|p2b: Electabuzz|27/100|[from] Grassy Terrain
|-heal|p2a: Rillaboom|36/100|[from] Grassy Terrain
|-heal|p1a: Braviary|37/100|[from] Grassy Terrain
|-heal|p1a: Braviary|43/100|[from] item: Leftovers
|upkeep
|
|t:|1757650491
|switch|p1b: Garchomp|Garchomp, L50, M|100/100
|turn|4
|
|t:|1757650503
|move|p2a: Rillaboom|Grassy Glide|p1b: Garchomp
|-damage|p1b: Garchomp|61/100
|-damage|p2a: Rillaboom|23/100|[from] ability: Rough Skin|[of] p1b: Garchomp
|move|p1b: Garchomp|Earthquake|p2b: Electabuzz|[spread] p1a,p2a,p2b
|-supereffective|p2a: Rillaboom
|-supereffective|p2b: Electabuzz
|-damage|p1a: Braviary|24/100
|-damage|p2a: Rillaboom|0 fnt
|-damage|p2b: Electabuzz|0 fnt
|faint|p2a: Rillaboom
|faint|p2b: Electabuzz
|-damage|p1b: Garchomp|51/100|[from] item: Life Orb
|move|p1a: Braviary|Brave Bird|p2: Rillaboom|[notarget]
|-fail|p1a: Braviary
|
|-heal|p1b: Garchomp|57/100|[from] Grassy Terrain
|-heal|p1a: Braviary|30/100|[from] Grassy Terrain
|-heal|p1a: Braviary|36/100|[from] item: Leftovers
|upkeep
|
|t:|1757650522
|switch|p2b: Volcarona|Volcarona, L50, F|100/100
|switch|p2a: Kingambit|Kingambit, L50, F|100/100
|turn|5
|
|t:|1757650536
|move|p2a: Kingambit|Sucker Punch|p1b: Garchomp
|-damage|p1b: Garchomp|10/100
|-damage|p2a: Kingambit|88/100|[from] ability: Rough Skin|[of] p1b: Garchomp
|move|p1b: Garchomp|Earthquake|p2a: Kingambit|[spread] p1a,p2a,p2b
|-supereffective|p2a: Kingambit
|-damage|p1a: Braviary|19/100
|-damage|p2a: Kingambit|49/100
|-damage|p2b: Volcarona|69/100
|-damage|p1b: Garchomp|0 fnt|[from] item: Life Orb
|faint|p1b: Garchomp
|move|p2b: Volcarona|Heat Wave|p1a: Braviary
|-damage|p1a: Braviary|0 fnt
|faint|p1a: Braviary
|
|-heal|p2b: Volcarona|76/100|[from] Grassy Terrain
|-heal|p2b: Volcarona|82/100|[from] item: Leftovers
|-heal|p2a: Kingambit|55/100|[from] Grassy Terrain
|-fieldend|move: Grassy Terrain
|upkeep
|
|t:|1757650559
|switch|p1a: Porygon-Z|Porygon-Z, L50, shiny|100/100
|turn|6
|
|t:|1757650566
|move|p1a: Porygon-Z|Thunderbolt|p2a: Kingambit
|-damage|p2a: Kingambit|25/100
|move|p2b: Volcarona|Quiver Dance|p2b: Volcarona
|-boost|p2b: Volcarona|spa|1
|-boost|p2b: Volcarona|spd|1
|-boost|p2b: Volcarona|spe|1
|move|p2a: Kingambit|Swords Dance|p2a: Kingambit
|-boost|p2a: Kingambit|atk|2
|
|-heal|p2b: Volcarona|88/100|[from] item: Leftovers
|upkeep
|turn|7
|-message|Greninja11234 forfeited.
|raw|Greninja11234's rating: 1052 → 1033(-19 for losing)
|raw|Bad rain team guy's rating: 1021 → 1061(+40 for winning)
|
|win|Bad rain team guy
|l|☆Greninja11234
|player|p1|
|l|☆Bad rain team guy
|player|p2|
