|j|☆BlastLuvr67
|j|☆MaxwellBaker
|html|BlastLuvr67MaxwellBaker    
|uhtml|bestof|Game 2 of a best-of-3
|t:|1785268837
|gametype|doubles
|player|p1|BlastLuvr67|102|1100
|player|p2|MaxwellBaker|102|1149
|gen|9
|tier|[Gen 9 Champions] VGC 2026 Reg M-B (Bo3)
|rated|
|rule|Species Clause: Limit one of each Pokémon
|rule|Item Clause: Limit 1 of each item
|clearpoke
|poke|p1|Incineroar, L50, M, shiny|
|poke|p1|Sneasler, L50, M|
|poke|p1|Delphox, L50, F, shiny|
|poke|p1|Sinistcha, L50|
|poke|p1|Kingambit, L50, M, shiny|
|poke|p1|Floette-Eternal, L50, F|
|poke|p2|Decidueye-Hisui, L50, M|
|poke|p2|Florges, L50, F|
|poke|p2|Raichu, L50, M|
|poke|p2|Incineroar, L50, M|
|poke|p2|Aerodactyl, L50, M|
|poke|p2|Milotic, L50, F|
|teampreview|4
|showteam|p1|Incineroar||SitrusBerry|Intimidate|FlareBlitz,FakeOut,HelpingHand,PartingShot|Impish||M|||50|]Sneasler||FocusSash|PoisonTouch|CloseCombat,PoisonJab,FakeOut,QuickGuard|Jolly||M|||50|]Delphox||Delphoxite|Blaze|HeatWave,Psychic,NastyPlot,Protect|Timid||F|||50|]Sinistcha||KasibBerry|Hospitality|MatchaGotcha,RagePowder,TrickRoom,Protect|Bold|||||50|]Kingambit||LifeOrb|Defiant|KowtowCleave,SuckerPunch,SwordsDance,Protect|Adamant||M|||50|]Floette-Eternal||Floettite|FlowerVeil|DazzlingGleam,DrainingKiss,CalmMind,Protect|Modest||F|||50|
|showteam|p2|Decidueye-Hisui||ScopeLens|Scrappy|TripleArrows,LeafBlade,SuckerPunch,Protect|Adamant||M|||50|]Florges||LifeOrb|FlowerVeil|Moonblast,Psychic,PollenPuff,Protect|Modest||F|||50|]Raichu||RaichuniteY|LightningRod|FakeOut,ZapCannon,FocusBlast,Protect|Timid||M|||50|]Incineroar||SitrusBerry|Intimidate|FakeOut,FlareBlitz,ThroatChop,PartingShot|Careful||M|||50|]Aerodactyl||Aerodactylite|RockHead|RockSlide,DualWingbeat,Tailwind,WideGuard|Jolly||M|||50|]Milotic||Leftovers|Competitive|Scald,IceBeam,Haze,Protect|Bold||F|||50|
|inactive|Battle timer is ON: inactive players will automatically lose when time's up. (requested by BlastLuvr67)
|
|t:|1785268858
|teamsize|p1|4
|teamsize|p2|4
|start
|switch|p1a: drop dead|Kingambit, L50, M, shiny|100/100
|switch|p1b: honeybee|Sneasler, L50, M|100/100
|switch|p2a: Decidueye|Decidueye-Hisui, L50, M|100/100
|switch|p2b: Incineroar|Incineroar, L50, M|100/100
|-ability|p2b: Incineroar|Intimidate|boost
|-unboost|p1a: drop dead|atk|1
|-ability|p1a: drop dead|Defiant|boost
|-boost|p1a: drop dead|atk|2
|-unboost|p1b: honeybee|atk|1
|turn|1
|
|t:|1785268878
|switch|p1a: begged|Floette-Eternal, L50, F|100/100
|move|p1b: honeybee|Fake Out|p2a: Decidueye
|-damage|p2a: Decidueye|86/100
|-status|p2a: Decidueye|psn|[from] ability: Poison Touch|[of] p1b: honeybee
|move|p2b: Incineroar|Fake Out|p1a: begged
|-damage|p1a: begged|84/100
|cant|p2a: Decidueye|flinch
|
|-damage|p2a: Decidueye|74/100 psn|[from] psn
|upkeep
|turn|2
|inactive|MaxwellBaker has 30 seconds left.
|inactive|MaxwellBaker has 20 seconds left.
|inactive|MaxwellBaker has 15 seconds left.
|
|t:|1785268918
|detailschange|p1a: begged|Floette-Mega, L50, F
|-mega|p1a: begged|Floette|Floettite
|-ability|p1a: begged|Fairy Aura
|move|p1a: begged|Protect|p1a: begged
|-singleturn|p1a: begged|Protect
|move|p2a: Decidueye|Protect|p2a: Decidueye
|-singleturn|p2a: Decidueye|Protect
|move|p1b: honeybee|Close Combat|p2b: Incineroar
|-supereffective|p2b: Incineroar|1
|-damage|p2b: Incineroar|27/100
|-unboost|p1b: honeybee|def|1
|-unboost|p1b: honeybee|spd|1
|-enditem|p2b: Incineroar|Sitrus Berry|[eat]
|-heal|p2b: Incineroar|52/100|[from] item: Sitrus Berry
|move|p2b: Incineroar|Flare Blitz|p1b: honeybee
|-enditem|p1b: honeybee|Focus Sash
|-damage|p1b: honeybee|1/100
|-status|p1b: honeybee|brn
|-damage|p2b: Incineroar|27/100|[from] Recoil
|
|-damage|p2a: Decidueye|62/100 psn|[from] psn
|-damage|p1b: honeybee|0 fnt|[from] brn
|faint|p1b: honeybee
|upkeep
|
|t:|1785268927
|switch|p1b: drop dead|Kingambit, L50, M, shiny|100/100
|turn|3
|c|☆BlastLuvr67|Huge burn
|c|☆MaxwellBaker|oof
|inactive|MaxwellBaker has 30 seconds left.
|
|t:|1785268953
|switch|p2a: Florges|Florges, L50, F|100/100
|move|p1a: begged|Dazzling Gleam|p2b: Incineroar|[spread] p2a,p2b
|-damage|p2a: Florges|60/100
|-damage|p2b: Incineroar|0 fnt
|faint|p2b: Incineroar
|move|p1b: drop dead|Swords Dance|p1b: drop dead
|-boost|p1b: drop dead|atk|2
|
|upkeep
|
|t:|1785268962
|switch|p2b: Aerodactyl|Aerodactyl, L50, M|100/100
|turn|4
|
|t:|1785268973
|detailschange|p2b: Aerodactyl|Aerodactyl-Mega, L50, M
|-mega|p2b: Aerodactyl|Aerodactyl|Aerodactylite
|move|p1b: drop dead|Sucker Punch|p2b: Aerodactyl
|-damage|p2b: Aerodactyl|0 fnt
|faint|p2b: Aerodactyl
|-damage|p1b: drop dead|90/100|[from] item: Life Orb
|move|p1a: begged|Dazzling Gleam|p2a: Florges
|-damage|p2a: Florges|11/100
|move|p2a: Florges|Moonblast|p1b: drop dead
|-damage|p1b: drop dead|4/100
|-unboost|p1b: drop dead|spa|1
|-ability|p1b: drop dead|Defiant|boost
|-boost|p1b: drop dead|atk|2
|-damage|p2a: Florges|1/100|[from] item: Life Orb
|
|upkeep
|c|☆BlastLuvr67|ggwp
|c|☆MaxwellBaker|ggwp
|
|t:|1785268989
|switch|p2b: Decidueye|Decidueye-Hisui, L50, M|62/100 psn
|turn|5
|
|t:|1785268997
|move|p2b: Decidueye|Sucker Punch|p1b: drop dead
|-resisted|p1b: drop dead|1
|-damage|p1b: drop dead|0 fnt
|faint|p1b: drop dead
|move|p1a: begged|Dazzling Gleam|p2b: Decidueye|[spread] p2a,p2b
|-supereffective|p2b: Decidueye|1
|-damage|p2a: Florges|0 fnt
|-damage|p2b: Decidueye|0 fnt
|faint|p2a: Florges
|faint|p2b: Decidueye
|
|win|BlastLuvr67
|raw|BlastLuvr67's rating: 1100 → 1129(+29 for winning)
|raw|MaxwellBaker's rating: 1149 → 1120(-29 for losing)
