|j|☆sn000p
|j|☆p1ch1pichi
|html|sn000pp1ch1pichi    
|uhtml|bestof|Game 1 of a best-of-3
|t:|1784199852
|gametype|doubles
|player|p1|sn000p|2|1190
|player|p2|p1ch1pichi|n|1130
|gen|9
|tier|[Gen 9 Champions] VGC 2026 Reg M-B (Bo3)
|rated|
|rule|Species Clause: Limit one of each Pokémon
|rule|Item Clause: Limit 1 of each item
|clearpoke
|poke|p1|Floette-Eternal, L50, F|
|poke|p1|Whimsicott, L50, M|
|poke|p1|Staraptor, L50, M|
|poke|p1|Hydreigon, L50, M|
|poke|p1|Conkeldurr, L50, M|
|poke|p1|Basculegion, L50, M|
|poke|p2|Ampharos, L50, M, shiny|
|poke|p2|Farigiraf, L50, F, shiny|
|poke|p2|Incineroar, L50, M|
|poke|p2|Vivillon, L50, M, shiny|
|poke|p2|Vanilluxe, L50, M|
|poke|p2|Aggron, L50, M, shiny|
|teampreview|4
|showteam|p1|Floette-Eternal||Floettite|FlowerVeil|DazzlingGleam,LightofRuin,Protect,CalmMind|Serious||F|||50|]Whimsicott||FocusSash|Prankster|Moonblast,Tailwind,Protect,Encore|Timid||M|||50|]Staraptor||Staraptite|Intimidate|CloseCombat,BraveBird,Protect,Roost|Jolly||M|||50|]Hydreigon||BlackGlasses|Levitate|Snarl,DracoMeteor,Protect,EarthPower|Modest||M|||50|]Conkeldurr||BlackBelt|IronFist|DrainPunch,MachPunch,IcePunch,Protect|Adamant||M|||50|]Basculegion||ChoiceScarf|Adaptability|WaveCrash,LastRespects,FlipTurn,AquaJet|Jolly||M|||50|
|showteam|p2|Ampharos||Ampharosite|Static|DragonPulse,Thunderbolt,PowerGem,Protect|Quiet||M|||50|]Farigiraf||ColburBerry|ArmorTail|Psychic,TrickRoom,HelpingHand,Protect|Relaxed||F|||50|]Incineroar||ShucaBerry|Intimidate|PartingShot,FakeOut,FlareBlitz,ThroatChop|Adamant||M|||50|]Vivillon||FocusSash|CompoundEyes|Protect,SleepPowder,StruggleBug,Hurricane|Timid||M|||50|]Vanilluxe||NeverMeltIce|SnowWarning|Protect,Blizzard,FreezeDry,AuroraVeil|Quiet||M|||50|]Aggron||Aggronite|HeavyMetal|BodyPress,HeavySlam,Protect,IronDefense|Sassy||M|||50|
|inactive|Battle timer is ON: inactive players will automatically lose when time's up. (requested by p1ch1pichi)
|inactive|p1ch1pichi has 60 seconds left.
|
|t:|1784199894
|teamsize|p1|4
|teamsize|p2|4
|start
|switch|p1a: Conkeldurr|Conkeldurr, L50, M|100/100
|switch|p1b: Staraptor|Staraptor, L50, M|100/100
|switch|p2a: Coke|Incineroar, L50, M|100/100
|switch|p2b: Float|Farigiraf, L50, F, shiny|100/100
|-ability|p1b: Staraptor|Intimidate|boost
|-unboost|p2a: Coke|atk|1
|-unboost|p2b: Float|atk|1
|-ability|p2a: Coke|Intimidate|boost
|-unboost|p1a: Conkeldurr|atk|1
|-unboost|p1b: Staraptor|atk|1
|turn|1
|
|t:|1784199918
|detailschange|p1b: Staraptor|Staraptor-Mega, L50, M
|-mega|p1b: Staraptor|Staraptor|Staraptite
|move|p1b: Staraptor|Protect|p1b: Staraptor
|-singleturn|p1b: Staraptor|Protect
|move|p2a: Coke|Fake Out|p1b: Staraptor
|-activate|p1b: Staraptor|move: Protect
|move|p1a: Conkeldurr|Drain Punch|p2a: Coke
|-supereffective|p2a: Coke|1
|-damage|p2a: Coke|29/100
|move|p2b: Float|Trick Room|p2b: Float
|-fieldstart|move: Trick Room|[of] p2b: Float
|
|upkeep
|turn|2
|inactive|sn000p has 30 seconds left.
|
|t:|1784199952
|move|p1a: Conkeldurr|Drain Punch|p2a: Coke
|-supereffective|p2a: Coke|1
|-damage|p2a: Coke|0 fnt
|faint|p2a: Coke
|move|p2b: Float|Psychic|p1b: Staraptor
|-supereffective|p1b: Staraptor|1
|-damage|p1b: Staraptor|23/100
|move|p1b: Staraptor|Close Combat|p2b: Float
|-damage|p2b: Float|65/100
|-boost|p1b: Staraptor|def|1
|-boost|p1b: Staraptor|spd|1
|
|upkeep
|
|t:|1784199964
|switch|p2a: Yoghurt|Ampharos, L50, M, shiny|100/100
|turn|3
|
|t:|1784199982
|detailschange|p2a: Yoghurt|Ampharos-Mega, L50, M, shiny
|-mega|p2a: Yoghurt|Ampharos|Ampharosite
|-ability|p2a: Yoghurt|Mold Breaker
|move|p2a: Yoghurt|Thunderbolt|p1b: Staraptor
|-supereffective|p1b: Staraptor|1
|-crit|p1b: Staraptor
|-damage|p1b: Staraptor|0 fnt
|faint|p1b: Staraptor
|move|p1a: Conkeldurr|Drain Punch|p2a: Yoghurt
|-damage|p2a: Yoghurt|65/100
|move|p2b: Float|Psychic|p1a: Conkeldurr
|-supereffective|p1a: Conkeldurr|1
|-crit|p1a: Conkeldurr
|-damage|p1a: Conkeldurr|0 fnt
|faint|p1a: Conkeldurr
|
|upkeep
|
|t:|1784200003
|switch|p1a: Hydreigon|Hydreigon, L50, M|100/100
|switch|p1b: Basculegion|Basculegion, L50, M|100/100
|turn|4
|
|t:|1784200018
|move|p2b: Float|Helping Hand|p2a: Yoghurt
|-singleturn|p2a: Yoghurt|Helping Hand|[of] p2b: Float
|move|p2a: Yoghurt|Thunderbolt|p1b: Basculegion
|-supereffective|p1b: Basculegion|1
|-damage|p1b: Basculegion|0 fnt
|faint|p1b: Basculegion
|move|p1a: Hydreigon|Snarl|p2b: Float|[spread] p2a,p2b
|-supereffective|p2b: Float|1
|-enditem|p2b: Float|Colbur Berry|[eat]
|-enditem|p2b: Float|Colbur Berry|[weaken]
|-damage|p2a: Yoghurt|44/100
|-damage|p2b: Float|39/100
|-unboost|p2a: Yoghurt|spa|1
|-unboost|p2b: Float|spa|1
|
|upkeep
|turn|5
|
|t:|1784200037
|move|p2b: Float|Helping Hand|p2a: Yoghurt
|-singleturn|p2a: Yoghurt|Helping Hand|[of] p2b: Float
|move|p1a: Hydreigon|Protect|p1a: Hydreigon
|-singleturn|p1a: Hydreigon|Protect
|move|p2a: Yoghurt|Dragon Pulse|p1a: Hydreigon
|-activate|p1a: Hydreigon|move: Protect
|
|-fieldend|move: Trick Room
|upkeep
|turn|6
|
|t:|1784200046
|move|p2a: Yoghurt|Protect|p2a: Yoghurt
|-singleturn|p2a: Yoghurt|Protect
|move|p1a: Hydreigon|Snarl|p2b: Float|[spread] p2b
|-activate|p2a: Yoghurt|move: Protect
|-supereffective|p2b: Float|1
|-damage|p2b: Float|0 fnt
|faint|p2b: Float
|
|upkeep
|
|t:|1784200054
|switch|p2b: Ben&Jerry|Vanilluxe, L50, M|100/100
|-weather|Snowscape|[from] ability: Snow Warning|[of] p2b: Ben&Jerry
|turn|7
|
|t:|1784200062
|move|p1a: Hydreigon|Snarl|p2b: Ben&Jerry|[spread] p2a,p2b
|-crit|p2a: Yoghurt
|-damage|p2a: Yoghurt|10/100
|-damage|p2b: Ben&Jerry|70/100
|-unboost|p2a: Yoghurt|spa|1
|-unboost|p2b: Ben&Jerry|spa|1
|move|p2b: Ben&Jerry|Blizzard|p1a: Hydreigon
|-supereffective|p1a: Hydreigon|1
|-damage|p1a: Hydreigon|0 fnt
|faint|p1a: Hydreigon
|
|win|p1ch1pichi
|l|☆sn000p
|player|p1|
||sn000p is ready for game 2.
||p1ch1pichi is ready for game 2.
|uhtml|next|Next: Game 2 of 3
