|j|☆spellbreakvgc
|j|☆PoorMonVgc
|html|spellbreakvgcPoorMonVgc    
|uhtml|bestof|Game 1 of a best-of-3
|t:|1756721173
|gametype|doubles
|player|p1|spellbreakvgc|lance|1190
|player|p2|PoorMonVgc|169|1166
|gen|9
|tier|[Gen 9] VGC 2025 Reg H (Bo3)
|rated|
|rule|Species Clause: Limit one of each Pokémon
|rule|Item Clause: Limit 1 of each item
|clearpoke
|poke|p1|Typhlosion-Hisui, L50, F|
|poke|p1|Dragapult, L50, M|
|poke|p1|Sneasler, L50, F|
|poke|p1|Indeedee, L50, M|
|poke|p1|Ursaluna-Bloodmoon, L50, M|
|poke|p1|Talonflame, L50, F|
|poke|p2|Sneasler, L50, M|
|poke|p2|Magmar, L50, M|
|poke|p2|Rillaboom, L50, M|
|poke|p2|Espathra, L50, M|
|poke|p2|Kingambit, L50, F|
|poke|p2|Arcanine-Hisui, L50, F|
|teampreview|4
|showteam|p1|Typhlosion-Hisui||ChoiceSpecs|Blaze|Eruption,HeatWave,ShadowBall,FocusBlast|||F|||50|,,,,,Fire]Dragapult||ChoiceBand|ClearBody|DragonDarts,Outrage,PhantomForce,Uturn|||M|||50|,,,,,Dragon]Sneasler||PsychicSeed|Unburden|DireClaw,CloseCombat,ThroatChop,Protect|||F|||50|,,,,,Dark]Indeedee||FocusSash|PsychicSurge|ExpandingForce,TeraBlast,TrickRoom,Imprison|||M|||50|,,,,,Psychic]Ursaluna-Bloodmoon||LifeOrb|MindsEye|BloodMoon,HyperVoice,EarthPower,Protect|||M|||50|,,,,,Normal]Talonflame||CovertCloak|GaleWings|Tailwind,Taunt,WillOWisp,BraveBird|||F|||50|,,,,,Ghost
|showteam|p2|Sneasler||FocusSash|Unburden|FakeOut,CloseCombat,DireClaw,Coaching|||M|||50|,,,,,Ghost]Magmar||Eviolite|VitalSpirit|FollowMe,HeatWave,Taunt,Protect|||M|||50|,,,,,Dragon]Rillaboom||AssaultVest|GrassySurge|FakeOut,WoodHammer,GrassyGlide,HighHorsepower|||M|||50|,,,,,Fire]Espathra||GrassySeed|SpeedBoost|StoredPower,TeraBlast,CalmMind,Protect|||M|||50|,,,,,Fighting]Kingambit||SafetyGoggles|Defiant|KowtowCleave,SuckerPunch,SwordsDance,Protect|||F|||50|,,,,,Dark]Arcanine-Hisui||LoadedDice|Intimidate|FlareBlitz,RockBlast,ExtremeSpeed,Protect|||F|||50|,,,,,Ghost
|inactive|Battle timer is ON: inactive players will automatically lose when time's up. (requested by spellbreakvgc)
|inactive|spellbreakvgc has 60 seconds left.
|
|t:|1756721234
|teamsize|p1|4
|teamsize|p2|4
|start
|switch|p1a: Talonflame|Talonflame, L50, F|100/100
|switch|p1b: Dragapult|Dragapult, L50, M|100/100
|switch|p2a: Espathra|Espathra, L50, M, shiny|100/100
|switch|p2b: Magmar|Magmar, L50, M|100/100
|turn|1
|inactive|spellbreakvgc has 30 seconds left.
|
|t:|1756721266
|switch|p1a: Indeedee|Indeedee, L50, M|100/100
|-fieldstart|move: Psychic Terrain|[from] ability: Psychic Surge|[of] p1a: Indeedee
|-terastallize|p1b: Dragapult|Dragon
|move|p2b: Magmar|Follow Me|p2b: Magmar
|-singleturn|p2b: Magmar|move: Follow Me
|move|p1b: Dragapult|Outrage|p2b: Magmar
|-damage|p2b: Magmar|0 fnt
|faint|p2b: Magmar
|move|p2a: Espathra|Calm Mind|p2a: Espathra
|-boost|p2a: Espathra|spa|1
|-boost|p2a: Espathra|spd|1
|
|-ability|p2a: Espathra|Speed Boost|boost
|-boost|p2a: Espathra|spe|1
|upkeep
|
|t:|1756721279
|switch|p2b: Rillaboom|Rillaboom, L50, M|100/100
|-fieldstart|move: Grassy Terrain|[from] ability: Grassy Surge|[of] p2b: Rillaboom
|-enditem|p2a: Espathra|Grassy Seed
|-boost|p2a: Espathra|def|1|[from] item: Grassy Seed
|turn|2
|
|t:|1756721293
|switch|p1a: Sneasler|Sneasler, L50, F|100/100
|move|p2b: Rillaboom|Fake Out|p1b: Dragapult
|-damage|p1b: Dragapult|80/100
|cant|p1b: Dragapult|flinch
|move|p2a: Espathra|Stored Power|p1a: Sneasler
|-supereffective|p1a: Sneasler
|-damage|p1a: Sneasler|0 fnt
|faint|p1a: Sneasler
|
|-heal|p1b: Dragapult|86/100|[from] Grassy Terrain
|-ability|p2a: Espathra|Speed Boost|boost
|-boost|p2a: Espathra|spe|1
|upkeep
|
|t:|1756721305
|switch|p1a: Talonflame|Talonflame, L50, F|100/100
|turn|3
|
|t:|1756721326
|move|p1a: Talonflame|Tailwind|p1a: Talonflame
|-sidestart|p1: spellbreakvgc|move: Tailwind
|move|p2b: Rillaboom|Grassy Glide|p1b: Dragapult
|-resisted|p1b: Dragapult
|-damage|p1b: Dragapult|62/100
|move|p1b: Dragapult|Outrage|p2b: Rillaboom
|-damage|p2b: Rillaboom|0 fnt
|faint|p2b: Rillaboom
|move|p2a: Espathra|Stored Power|p1b: Dragapult
|-damage|p1b: Dragapult|0 fnt
|faint|p1b: Dragapult
|
|-ability|p2a: Espathra|Speed Boost|boost
|-boost|p2a: Espathra|spe|1
|upkeep
|
|t:|1756721340
|switch|p1b: Indeedee|Indeedee, L50, M|100/100
|switch|p2b: Arcanine|Arcanine-Hisui, L50, F|100/100
|-fieldstart|move: Psychic Terrain|[from] ability: Psychic Surge|[of] p1b: Indeedee
|-ability|p2b: Arcanine|Intimidate|boost
|-unboost|p1a: Talonflame|atk|1
|-unboost|p1b: Indeedee|atk|1
|turn|4
|inactive|PoorMonVgc has 30 seconds left.
|inactive|PoorMonVgc has 20 seconds left.
|inactive|PoorMonVgc has 15 seconds left.
|inactive|PoorMonVgc has 10 seconds left.
|
|t:|1756721388
|move|p2a: Espathra|Protect|p2a: Espathra
|-singleturn|p2a: Espathra|Protect
|move|p2b: Arcanine|Protect|p2b: Arcanine
|-singleturn|p2b: Arcanine|Protect
|move|p1a: Talonflame|Brave Bird|p2a: Espathra
|-activate|p2a: Espathra|move: Psychic Terrain
|move|p1b: Indeedee|Expanding Force|p2a: Espathra|[spread] 
|-activate|p2a: Espathra|move: Protect
|-activate|p2b: Arcanine|move: Protect
|
|-ability|p2a: Espathra|Speed Boost|boost
|-boost|p2a: Espathra|spe|1
|upkeep
|turn|5
|
|t:|1756721402
|move|p1a: Talonflame|Brave Bird|p2a: Espathra
|-activate|p2a: Espathra|move: Psychic Terrain
|move|p2a: Espathra|Stored Power|p1b: Indeedee
|-resisted|p1b: Indeedee
|-damage|p1b: Indeedee|6/100
|move|p1b: Indeedee|Expanding Force|p2a: Espathra|[spread] p2a,p2b
|-resisted|p2a: Espathra
|-damage|p2a: Espathra|79/100
|-damage|p2b: Arcanine|42/100
|move|p2b: Arcanine|Rock Blast|p1a: Talonflame
|-supereffective|p1a: Talonflame
|-damage|p1a: Talonflame|20/100
|-supereffective|p1a: Talonflame
|-damage|p1a: Talonflame|0 fnt
|faint|p1a: Talonflame
|-hitcount|p1: Talonflame|2
|
|-ability|p2a: Espathra|Speed Boost|boost
|-boost|p2a: Espathra|spe|1
|upkeep
|turn|6
|-message|spellbreakvgc forfeited.
|
|win|PoorMonVgc
