|j|☆snekr1994
|j|☆liludragonbossetti
|html|snekr1994liludragonbossetti    
|uhtml|bestof|Game 2 of a best-of-3
|t:|1756843685
|gametype|doubles
|player|p1|snekr1994|266|1405
|player|p2|liludragonbossetti|interviewers|1452
|gen|9
|tier|[Gen 9] VGC 2025 Reg H (Bo3)
|rated|
|rule|Species Clause: Limit one of each Pokémon
|rule|Item Clause: Limit 1 of each item
|clearpoke
|poke|p1|Kingambit, L50, M|
|poke|p1|Sneasler, L50, F|
|poke|p1|Electabuzz, L50, M|
|poke|p1|Dragonite, L50, F|
|poke|p1|Volcarona, L50, M|
|poke|p1|Rillaboom, L50, M|
|poke|p2|Gholdengo, L50|
|poke|p2|Sneasler, L50, M|
|poke|p2|Rillaboom, L50, M|
|poke|p2|Dragonite, L50, F|
|poke|p2|Ninetales-Alola, L50, M|
|poke|p2|Arcanine-Hisui, L50, M|
|teampreview|4
|showteam|p1|Kingambit||SafetyGoggles|Defiant|KowtowCleave,SuckerPunch,SwordsDance,Protect|||M|||50|,,,,,Dark]Sneasler||FocusSash|PoisonTouch|DireClaw,CloseCombat,Coaching,FakeOut|||F|||50|,,,,,Stellar]Electabuzz||Eviolite|VitalSpirit|Thunderbolt,FollowMe,Taunt,Protect|||M|||50|,,,,,Dragon]Dragonite||LoadedDice|Multiscale|ScaleShot,ExtremeSpeed,Haze,Protect|||F|||50|,,,,,Steel]Volcarona||CovertCloak|FlameBody|HeatWave,TeraBlast,QuiverDance,Protect|||M|||50|,,,,,Fairy]Rillaboom||AssaultVest|GrassySurge|WoodHammer,GrassyGlide,HighHorsepower,FakeOut|||M|||50|,,,,,Fire
|showteam|p2|Gholdengo||GrassySeed|GoodasGold|NastyPlot,MakeItRain,ShadowBall,Protect||||||50|,,,,,Water]Sneasler||WhiteHerb|Unburden|CloseCombat,DireClaw,Coaching,Protect|||M|||50|,,,,,Ghost]Rillaboom||AssaultVest|GrassySurge|FakeOut,GrassyGlide,DrumBeating,HighHorsepower|||M|||50|,,,,,Fire]Dragonite||LoadedDice|Multiscale|ScaleShot,Haze,StompingTantrum,Protect|||F|||50|,,,,,Ground]Ninetales-Alola||FocusSash|SnowWarning|Blizzard,IcyWind,Encore,AuroraVeil|||M|||50|,,,,,Ghost]Arcanine-Hisui||ClearAmulet|Intimidate|RockSlide,FlareBlitz,ExtremeSpeed,Protect|||M|||50|,,,,,Water
|inactive|Battle timer is ON: inactive players will automatically lose when time's up. (requested by liludragonbossetti)
|
|t:|1756843724
|teamsize|p1|4
|teamsize|p2|4
|start
|switch|p1a: Kingambit|Kingambit, L50, M|100/100
|switch|p1b: Sneasler|Sneasler, L50, F|100/100
|switch|p2a: Sneasler|Sneasler, L50, M|100/100
|switch|p2b: Dragonite|Dragonite, L50, F|100/100
|turn|1
|
|t:|1756843737
|switch|p1a: Volcarona|Volcarona, L50, M|100/100
|move|p1b: Sneasler|Fake Out|p2b: Dragonite
|-damage|p2b: Dragonite|93/100
|move|p2a: Sneasler|Close Combat|p1a: Volcarona
|-resisted|p1a: Volcarona
|-damage|p1a: Volcarona|67/100
|-unboost|p2a: Sneasler|def|1
|-unboost|p2a: Sneasler|spd|1
|-enditem|p2a: Sneasler|White Herb
|-clearnegativeboost|p2a: Sneasler|[silent]
|cant|p2b: Dragonite|flinch
|
|upkeep
|turn|2
|inactive|snekr1994 has 30 seconds left.
|inactive|liludragonbossetti has 30 seconds left.
|inactive|snekr1994 has 20 seconds left.
|inactive|snekr1994 has 15 seconds left.
|inactive|liludragonbossetti has 20 seconds left.
|
|t:|1756843780
|-terastallize|p1b: Sneasler|Stellar
|-terastallize|p2b: Dragonite|Ground
|move|p2a: Sneasler|Dire Claw|p1b: Sneasler
|-resisted|p1b: Sneasler
|-damage|p1b: Sneasler|70/100
|-status|p1b: Sneasler|par
|move|p1a: Volcarona|Heat Wave|p2b: Dragonite|[spread] p2a,p2b
|-crit|p2b: Dragonite
|-damage|p2a: Sneasler|63/100
|-damage|p2b: Dragonite|33/100
|-status|p2b: Dragonite|brn
|move|p2b: Dragonite|Stomping Tantrum|p1a: Volcarona
|-damage|p1a: Volcarona|18/100
|cant|p1b: Sneasler|par
|
|-damage|p2b: Dragonite|27/100 brn|[from] brn
|upkeep
|turn|3
|c|☆liludragonbossetti|more?
|inactive|snekr1994 has 30 seconds left.
|inactive|liludragonbossetti has 30 seconds left.
|inactive|liludragonbossetti has 20 seconds left.
|
|t:|1756843815
|switch|p1b: Rillaboom|Rillaboom, L50, M|100/100
|-fieldstart|move: Grassy Terrain|[from] ability: Grassy Surge|[of] p1b: Rillaboom
|move|p1a: Volcarona|Protect|p1a: Volcarona
|-singleturn|p1a: Volcarona|Protect
|move|p2a: Sneasler|Dire Claw|p1a: Volcarona
|-activate|p1a: Volcarona|move: Protect
|move|p2b: Dragonite|Scale Shot|p1b: Rillaboom
|-damage|p1b: Rillaboom|93/100
|-damage|p1b: Rillaboom|86/100
|-damage|p1b: Rillaboom|78/100
|-damage|p1b: Rillaboom|71/100
|-damage|p1b: Rillaboom|64/100
|-hitcount|p1b: Rillaboom|5
|-unboost|p2b: Dragonite|def|1
|-boost|p2b: Dragonite|spe|1
|
|-heal|p2a: Sneasler|69/100|[from] Grassy Terrain
|-heal|p2b: Dragonite|33/100 brn|[from] Grassy Terrain
|-heal|p1a: Volcarona|24/100|[from] Grassy Terrain
|-heal|p1b: Rillaboom|70/100|[from] Grassy Terrain
|-damage|p2b: Dragonite|27/100 brn|[from] brn
|upkeep
|turn|4
|inactive|snekr1994 has 30 seconds left.
|inactive|snekr1994 has 20 seconds left.
|
|t:|1756843853
|switch|p1a: Kingambit|Kingambit, L50, M|100/100
|move|p2a: Sneasler|Dire Claw|p1b: Rillaboom
|-supereffective|p1b: Rillaboom
|-damage|p1b: Rillaboom|0 fnt
|faint|p1b: Rillaboom
|move|p2b: Dragonite|Scale Shot|p1a: Kingambit
|-resisted|p1a: Kingambit
|-damage|p1a: Kingambit|98/100
|-resisted|p1a: Kingambit
|-damage|p1a: Kingambit|95/100
|-resisted|p1a: Kingambit
|-damage|p1a: Kingambit|93/100
|-resisted|p1a: Kingambit
|-damage|p1a: Kingambit|90/100
|-hitcount|p1a: Kingambit|4
|-unboost|p2b: Dragonite|def|1
|-boost|p2b: Dragonite|spe|1
|
|-heal|p2a: Sneasler|75/100|[from] Grassy Terrain
|-heal|p2b: Dragonite|33/100 brn|[from] Grassy Terrain
|-heal|p1a: Kingambit|96/100|[from] Grassy Terrain
|-damage|p2b: Dragonite|27/100 brn|[from] brn
|upkeep
|
|t:|1756843865
|switch|p1b: Sneasler|Sneasler, L50, F, tera:Stellar|70/100 par
|turn|5
|
|t:|1756843878
|move|p1b: Sneasler|Fake Out|p2a: Sneasler
|-damage|p2a: Sneasler|54/100
|cant|p2a: Sneasler|flinch
|move|p2b: Dragonite|Scale Shot|p1b: Sneasler
|-damage|p1b: Sneasler|59/100 par
|-damage|p1b: Sneasler|48/100 par
|-damage|p1b: Sneasler|37/100 par
|-damage|p1b: Sneasler|24/100 par
|-damage|p1b: Sneasler|13/100 par
|-hitcount|p1b: Sneasler|5
|-unboost|p2b: Dragonite|def|1
|-boost|p2b: Dragonite|spe|1
|move|p1a: Kingambit|Swords Dance|p1a: Kingambit
|-boost|p1a: Kingambit|atk|2
|
|-heal|p2b: Dragonite|33/100 brn|[from] Grassy Terrain
|-heal|p2a: Sneasler|60/100|[from] Grassy Terrain
|-heal|p1b: Sneasler|19/100 par|[from] Grassy Terrain
|-heal|p1a: Kingambit|100/100|[from] Grassy Terrain
|-damage|p2b: Dragonite|27/100 brn|[from] brn
|upkeep
|turn|6
|
|t:|1756843901
|move|p2a: Sneasler|Protect|p2a: Sneasler
|-singleturn|p2a: Sneasler|Protect
|move|p1a: Kingambit|Sucker Punch||[still]
|-fail|p1a: Kingambit
|move|p2b: Dragonite|Haze|p2b: Dragonite
|-clearallboost
|cant|p1b: Sneasler|par
|
|-heal|p2a: Sneasler|66/100|[from] Grassy Terrain
|-heal|p2b: Dragonite|33/100 brn|[from] Grassy Terrain
|-heal|p1b: Sneasler|25/100 par|[from] Grassy Terrain
|-damage|p2b: Dragonite|27/100 brn|[from] brn
|upkeep
|turn|7
|inactive|snekr1994 has 30 seconds left.
|inactive|snekr1994 has 20 seconds left.
|
|t:|1756843938
|switch|p1a: Volcarona|Volcarona, L50, M|24/100
|move|p2a: Sneasler|Close Combat|p1a: Volcarona
|-resisted|p1a: Volcarona
|-damage|p1a: Volcarona|0 fnt
|-unboost|p2a: Sneasler|def|1
|-unboost|p2a: Sneasler|spd|1
|-status|p2a: Sneasler|brn|[from] ability: Flame Body|[of] p1a: Volcarona
|faint|p1a: Volcarona
|move|p2b: Dragonite|Stomping Tantrum|p1b: Sneasler
|-supereffective|p1b: Sneasler
|-damage|p1b: Sneasler|0 fnt
|faint|p1b: Sneasler
|
|-heal|p2a: Sneasler|72/100 brn|[from] Grassy Terrain
|-heal|p2b: Dragonite|33/100 brn|[from] Grassy Terrain
|-damage|p2a: Sneasler|66/100 brn|[from] brn
|-damage|p2b: Dragonite|27/100 brn|[from] brn
|-fieldend|move: Grassy Terrain
|upkeep
|
|t:|1756843943
|switch|p1b: Kingambit|Kingambit, L50, M|100/100
|turn|8
|-message|snekr1994 forfeited.
|
|win|liludragonbossetti
||snekr1994 is ready for game 3.
||liludragonbossetti is ready for game 3.
|uhtml|next|Next: Game 3 of 3
|l|☆liludragonbossetti
|player|p2|
