|j|‽Chewe_60111
|j|☆theboyparris
|html|Chewe_60111theboyparris    
|uhtml|bestof|Game 2 of a best-of-3
|t:|1785972220
|gametype|doubles
|player|p1|Chewe_60111|102|1202
|player|p2|theboyparris|102|1329
|gen|9
|tier|[Gen 9 Champions] VGC 2026 Reg M-B (Bo3)
|rated|
|rule|Species Clause: Limit one of each Pokémon
|rule|Item Clause: Limit 1 of each item
|clearpoke
|poke|p1|Staraptor, L50, F|
|poke|p1|Arcanine-Hisui, L50, F|
|poke|p1|Kingambit, L50, F|
|poke|p1|Raichu, L50, M|
|poke|p1|Farigiraf, L50, M|
|poke|p1|Sylveon, L50, M|
|poke|p2|Metagross, L50|
|poke|p2|Ceruledge, L50, F|
|poke|p2|Kommo-o, L50, F|
|poke|p2|Serperior, L50, M|
|poke|p2|Weavile, L50, M|
|poke|p2|Swampert, L50, F|
|teampreview|4
|showteam|p1|Staraptor||Staraptite|Intimidate|DualWingbeat,CloseCombat,Protect,Tailwind|Jolly||F|||50|]Arcanine-Hisui||FocusSash|RockHead|HeadSmash,FlareBlitz,ExtremeSpeed,Protect|Adamant||F|||50|]Kingambit||LifeOrb|Defiant|SuckerPunch,KowtowCleave,SwordsDance,Protect|Adamant||F|||50|]Raichu||RaichuniteY|LightningRod|ZapCannon,Protect,FakeOut,VoltSwitch|Timid||M|||50|]Farigiraf||SitrusBerry|ArmorTail|Psychic,TrickRoom,Protect,HelpingHand|Bold||M|||50|]Sylveon||FairyFeather|Pixilate|HyperVoice,HyperBeam,QuickAttack,Detect|Modest||M|||50|
|showteam|p2|Metagross||Metagrossite|ClearBody|HardPress,BodyPress,PsychicFangs,Protect|Jolly|||||50|]Ceruledge||LifeOrb|FlashFire|BitterBlade,ShadowSneak,BulkUp,Protect|Adamant||F|||50|]Kommo-o||DragonFang|Bulletproof|ClangingScales,Flamethrower,ClangorousSoul,Protect|Timid||F|||50|]Serperior||WideLens|Contrary|LeafStorm,LightScreen,Reflect,Glare|Timid||M|||50|]Weavile||FocusSash|Pickpocket|KnockOff,IceSpinner,LowKick,FakeOut|Jolly||M|||50|]Swampert||SitrusBerry|Damp|HighHorsepower,WaveCrash,WideGuard,Yawn|Adamant||F|||50|
|inactive|Battle timer is ON: inactive players will automatically lose when time's up. (requested by theboyparris)
|inactive|theboyparris has 60 seconds left.
|
|t:|1785972250
|teamsize|p1|4
|teamsize|p2|4
|start
|switch|p1a: Raichu|Raichu, L50, M|100/100
|switch|p1b: Staraptor|Staraptor, L50, F|100/100
|switch|p2a: Swampert|Swampert, L50, F|100/100
|switch|p2b: Kommo-o|Kommo-o, L50, F|100/100
|-ability|p1b: Staraptor|Intimidate|boost
|-unboost|p2a: Swampert|atk|1
|-unboost|p2b: Kommo-o|atk|1
|turn|1
|inactive|Chewe_60111 has 30 seconds left.
|inactive|Chewe_60111 has 20 seconds left.
|inactive|theboyparris has 30 seconds left.
|inactive|Chewe_60111 has 15 seconds left.
|inactive|Chewe_60111 has 10 seconds left.
|inactive|Chewe_60111 has 5 seconds left.
|
|t:|1785972303
|detailschange|p1b: Staraptor|Staraptor-Mega, L50, F
|-mega|p1b: Staraptor|Staraptor|Staraptite
|move|p1a: Raichu|Fake Out|p2a: Swampert
|-damage|p2a: Swampert|92/100
|move|p1b: Staraptor|Close Combat|p2b: Kommo-o
|-damage|p2b: Kommo-o|38/100
|-boost|p1b: Staraptor|def|1
|-boost|p1b: Staraptor|spd|1
|move|p2b: Kommo-o|Clanging Scales|p1a: Raichu|[spread] p1a,p1b
|-damage|p1a: Raichu|36/100
|-damage|p1b: Staraptor|64/100
|-unboost|p2b: Kommo-o|def|1
|cant|p2a: Swampert|flinch
|
|upkeep
|turn|2
|inactive|theboyparris has 30 seconds left.
|
|t:|1785972332
|move|p1b: Staraptor|Close Combat|p2a: Swampert
|-damage|p2a: Swampert|26/100
|-boost|p1b: Staraptor|def|1
|-boost|p1b: Staraptor|spd|1
|-enditem|p2a: Swampert|Sitrus Berry|[eat]
|-heal|p2a: Swampert|50/100g|[from] item: Sitrus Berry
|move|p1a: Raichu|Volt Switch|p2b: Kommo-o
|-resisted|p2b: Kommo-o|1
|-damage|p2b: Kommo-o|22/100
|
|t:|1785972343
|switch|p1a: Sylveon|Sylveon, L50, M|100/100|[from] Volt Switch
|move|p2b: Kommo-o|Clanging Scales|p1a: Sylveon|[spread] p1b
|-immune|p1a: Sylveon
|-damage|p1b: Staraptor|39/100
|-unboost|p2b: Kommo-o|def|1
|move|p2a: Swampert|Yawn|p1b: Staraptor
|-start|p1b: Staraptor|move: Yawn|[of] p2a: Swampert
|
|upkeep
|turn|3
|inactive|Chewe_60111 has 30 seconds left.
|inactive|theboyparris has 30 seconds left.
|inactive|Chewe_60111 has 20 seconds left.
|inactive|Chewe_60111 has 15 seconds left.
|
|t:|1785972387
|switch|p2b: Ceruledge|Ceruledge, L50, F|100/100
|switch|p2a: Metagross|Metagross, L50|100/100
|move|p1a: Sylveon|Quick Attack|p2b: Ceruledge
|-resisted|p2b: Ceruledge|1
|-damage|p2b: Ceruledge|94/100
|move|p1b: Staraptor|Close Combat|p2a: Metagross
|-damage|p2a: Metagross|50/100g
|-boost|p1b: Staraptor|def|1
|-boost|p1b: Staraptor|spd|1
|
|-end|p1b: Staraptor|move: Yawn|[silent]
|-status|p1b: Staraptor|slp
|upkeep
|turn|4
|inactive|Chewe_60111 has 30 seconds left.
|inactive|Chewe_60111 has 20 seconds left.
|
|t:|1785972426
|detailschange|p2a: Metagross|Metagross-Mega, L50
|-mega|p2a: Metagross|Metagross|Metagrossite
|cant|p1b: Staraptor|slp
|move|p2a: Metagross|Psychic Fangs|p1b: Staraptor
|-supereffective|p1b: Staraptor|1
|-damage|p1b: Staraptor|0 fnt
|faint|p1b: Staraptor
|move|p2b: Ceruledge|Bitter Blade|p1a: Sylveon
|-damage|p1a: Sylveon|30/100
|-heal|p2b: Ceruledge|100/100|[from] drain|[of] p1a: Sylveon
|-damage|p2b: Ceruledge|90/100|[from] item: Life Orb
|move|p1a: Sylveon|Hyper Voice|p2a: Metagross|[spread] p2a,p2b
|-resisted|p2a: Metagross|1
|-resisted|p2b: Ceruledge|1
|-damage|p2a: Metagross|24/100
|-damage|p2b: Ceruledge|67/100
|
|upkeep
|inactive|Chewe_60111 has 30 seconds left.
|
|t:|1785972453
|switch|p1b: Kingambit|Kingambit, L50, F|100/100
|turn|5
|
|t:|1785972468
|move|p1a: Sylveon|Detect|p1a: Sylveon
|-singleturn|p1a: Sylveon|Protect
|move|p1b: Kingambit|Sucker Punch|p2b: Ceruledge
|-supereffective|p2b: Ceruledge|1
|-damage|p2b: Ceruledge|0 fnt
|faint|p2b: Ceruledge
|-damage|p1b: Kingambit|90/100|[from] item: Life Orb
|move|p2a: Metagross|Body Press|p1b: Kingambit
|-supereffective|p1b: Kingambit|2
|-damage|p1b: Kingambit|0 fnt
|faint|p1b: Kingambit
|
|upkeep
|
|t:|1785972486
|switch|p2b: Kommo-o|Kommo-o, L50, F|22/100
|switch|p1b: Raichu|Raichu, L50, M|36/100
|turn|6
|
|t:|1785972506
|move|p2a: Metagross|Protect|p2a: Metagross
|-singleturn|p2a: Metagross|Protect
|move|p2b: Kommo-o|Protect|p2b: Kommo-o
|-singleturn|p2b: Kommo-o|Protect
|move|p1b: Raichu|Fake Out|p2a: Metagross
|-activate|p2a: Metagross|move: Protect
|move|p1a: Sylveon|Quick Attack|p2b: Kommo-o
|-activate|p2b: Kommo-o|move: Protect
|
|upkeep
|turn|7
|
|t:|1785972529
|move|p1a: Sylveon|Quick Attack|p2b: Kommo-o
|-supereffective|p2b: Kommo-o|2
|-damage|p2b: Kommo-o|0 fnt
|faint|p2b: Kommo-o
|move|p1b: Raichu|Volt Switch|p2a: Metagross
|-damage|p2a: Metagross|0 fnt
|faint|p2a: Metagross
|
|upkeep
|
|t:|1785972536
|switch|p2b: Swampert|Swampert, L50, F|50/100g
|turn|8
|inactive|Chewe_60111 has 30 seconds left.
|inactive|Chewe_60111 has 20 seconds left.
|inactive|Chewe_60111 has 15 seconds left.
|
|t:|1785972577
|move|p1b: Raichu|Protect|p1b: Raichu
|-singleturn|p1b: Raichu|Protect
|move|p2b: Swampert|Wave Crash|p1a: Sylveon
|-damage|p1a: Sylveon|0 fnt
|faint|p1a: Sylveon
|-damage|p2b: Swampert|41/100|[from] Recoil
|
|upkeep
|turn|9
|-message|Chewe_60111 forfeited.
|
|win|theboyparris
||Chewe_60111 is ready for game 3.
||theboyparris is ready for game 3.
|uhtml|next|Next: Game 3 of 3
