|j|☆baarboo
|j|☆trompavieja
|html|baarbootrompavieja    
|uhtml|bestof|Game 2 of a best-of-3
|t:|1782991836
|gametype|doubles
|player|p1|baarboo|169|1332
|player|p2|trompavieja|tate|1362
|gen|9
|tier|[Gen 9 Champions] VGC 2026 Reg M-B (Bo3)
|rated|
|rule|Species Clause: Limit one of each Pokémon
|rule|Item Clause: Limit 1 of each item
|clearpoke
|poke|p1|Charizard, L50, M|
|poke|p1|Kingambit, L50, F|
|poke|p1|Sylveon, L50, M|
|poke|p1|Farigiraf, L50, F|
|poke|p1|Garchomp, L50, F|
|poke|p1|Aerodactyl, L50, F|
|poke|p2|Garchomp, L50, M|
|poke|p2|Aerodactyl, L50, F|
|poke|p2|Kingambit, L50, M|
|poke|p2|Farigiraf, L50, M|
|poke|p2|Sylveon, L50, F|
|poke|p2|Charizard, L50, M|
|teampreview|4
|showteam|p1|Charizard||CharizarditeY|SolarPower|SolarBeam,WeatherBall,Protect,HeatWave|Modest||M|||50|]Kingambit||FocusSash|Defiant|KowtowCleave,SuckerPunch,LowKick,IronHead|Adamant||F|||50|]Sylveon||FairyFeather|Pixilate|Protect,HyperBeam,HyperVoice,QuickAttack|Modest||M|||50|]Farigiraf||SitrusBerry|ArmorTail|TrickRoom,TwinBeam,GrassKnot,Thunderbolt|Bold||F|||50|]Garchomp||LifeOrb|RoughSkin|Protect,Earthquake,DragonClaw,StompingTantrum|Jolly||F|||50|]Aerodactyl||Aerodactylite|Unnerve|RockSlide,IceFang,Tailwind,DualWingbeat|Jolly||F|||50|
|showteam|p2|Garchomp||LifeOrb|RoughSkin|StompingTantrum,Earthquake,DragonClaw,Protect|Jolly||M|||50|]Aerodactyl||Aerodactylite|Unnerve|Tailwind,DualWingbeat,RockSlide,IceFang|Jolly||F|||50|]Kingambit||FocusSash|Defiant|SuckerPunch,KowtowCleave,LowKick,IronHead|Adamant||M|||50|]Farigiraf||SitrusBerry|ArmorTail|TwinBeam,Thunderbolt,TrickRoom,HelpingHand|Bold||M|||50|]Sylveon||FairyFeather|Pixilate|Detect,HyperVoice,QuickAttack,HyperBeam|Modest||F|||50|]Charizard||CharizarditeY|Blaze|HeatWave,SolarBeam,WeatherBall,Protect|Modest||M|||50|
|inactive|Battle timer is ON: inactive players will automatically lose when time's up. (requested by baarboo)
|
|t:|1782991859
|teamsize|p1|4
|teamsize|p2|4
|start
|switch|p1a: Aerodactyl|Aerodactyl, L50, F|100/100
|switch|p1b: Kingambit|Kingambit, L50, F|100/100
|switch|p2a: Aerodactyl|Aerodactyl, L50, F|100/100
|switch|p2b: Kingambit|Kingambit, L50, M|100/100
|-ability|p2a: Aerodactyl|Unnerve
|-ability|p1a: Aerodactyl|Unnerve
|turn|1
|
|t:|1782991878
|detailschange|p1a: Aerodactyl|Aerodactyl-Mega, L50, F
|-mega|p1a: Aerodactyl|Aerodactyl|Aerodactylite
|detailschange|p2a: Aerodactyl|Aerodactyl-Mega, L50, F
|-mega|p2a: Aerodactyl|Aerodactyl|Aerodactylite
|move|p1a: Aerodactyl|Tailwind|p1a: Aerodactyl
|-sidestart|p1: baarboo|move: Tailwind
|move|p2a: Aerodactyl|Rock Slide|p1b: Kingambit|[spread] p1a,p1b
|-supereffective|p1a: Aerodactyl|1
|-resisted|p1b: Kingambit|1
|-damage|p1a: Aerodactyl|35/100
|-damage|p1b: Kingambit|88/100
|move|p1b: Kingambit|Low Kick|p2b: Kingambit
|-supereffective|p2b: Kingambit|2
|-enditem|p2b: Kingambit|Focus Sash
|-damage|p2b: Kingambit|1/100
|move|p2b: Kingambit|Low Kick|p1b: Kingambit
|-supereffective|p1b: Kingambit|2
|-damage|p1b: Kingambit|0 fnt
|faint|p1b: Kingambit
|
|upkeep
|
|t:|1782991881
|switch|p1b: Sylveon|Sylveon, L50, M|100/100
|turn|2
|
|t:|1782991894
|switch|p1a: Farigiraf|Farigiraf, L50, F|100/100
|move|p2b: Kingambit|Sucker Punch||[still]
|cant|p1a: Farigiraf|ability: Armor Tail|Sucker Punch|[of] p2b: Kingambit
|move|p2a: Aerodactyl|Tailwind|p2a: Aerodactyl
|-sidestart|p2: trompavieja|move: Tailwind
|move|p1b: Sylveon|Hyper Voice|p2b: Kingambit|[spread] p2a,p2b
|-damage|p2a: Aerodactyl|50/100g
|-damage|p2b: Kingambit|0 fnt
|faint|p2b: Kingambit
|
|upkeep
|
|t:|1782991899
|switch|p2b: Sylveon|Sylveon, L50, F|100/100
|turn|3
|
|t:|1782991908
|move|p2a: Aerodactyl|Rock Slide|p1b: Sylveon|[spread] p1a,p1b
|-damage|p1a: Farigiraf|80/100
|-damage|p1b: Sylveon|67/100
|move|p1b: Sylveon|Hyper Voice|p2a: Aerodactyl|[spread] p2a,p2b
|-damage|p2a: Aerodactyl|4/100
|-damage|p2b: Sylveon|59/100
|move|p2b: Sylveon|Hyper Voice|p1b: Sylveon|[spread] p1a,p1b
|-crit|p1a: Farigiraf
|-damage|p1a: Farigiraf|15/100
|-damage|p1b: Sylveon|30/100
|-enditem|p1a: Farigiraf|Sitrus Berry|[eat]
|-heal|p1a: Farigiraf|40/100|[from] item: Sitrus Berry
|cant|p1a: Farigiraf|flinch
|
|upkeep
|turn|4
|
|t:|1782991927
|move|p1b: Sylveon|Quick Attack|p2a: Aerodactyl
|-damage|p2a: Aerodactyl|0 fnt
|faint|p2a: Aerodactyl
|move|p2b: Sylveon|Hyper Voice|p1a: Farigiraf|[spread] p1a,p1b
|-damage|p1a: Farigiraf|0 fnt
|-damage|p1b: Sylveon|0 fnt
|faint|p1a: Farigiraf
|faint|p1b: Sylveon
|
|-sideend|p1: baarboo|move: Tailwind
|upkeep
|
|t:|1782991930
|switch|p2a: Garchomp|Garchomp, L50, M|100/100
|switch|p1b: Aerodactyl|Aerodactyl-Mega, L50, F|35/100
|turn|5
|
|t:|1782991934
|move|p2a: Garchomp|Dragon Claw|p1b: Aerodactyl
|-damage|p1b: Aerodactyl|0 fnt
|faint|p1b: Aerodactyl
|-damage|p2a: Garchomp|90/100|[from] item: Life Orb
|
|win|trompavieja
||baarboo is ready for game 3.
|inactive|trompavieja has 30 seconds to confirm battle start!
|l|☆baarboo
|player|p1|
|j|☆baarboo
|player|p1|baarboo|169|
||trompavieja is ready for game 3.
|uhtml|next|Next: Game 3 of 3
|l|☆baarboo
|player|p1|
