|j|☆hungry hillo
|j|☆Dr.Bejan
|html|hungry hilloDr.Bejan    
|uhtml|bestof|Game 1 of a best-of-3
|t:|1756598668
|gametype|doubles
|player|p1|hungry hillo|n|1161
|player|p2|Dr.Bejan|ballguy|1103
|gen|9
|tier|[Gen 9] VGC 2025 Reg H (Bo3)
|rated|
|rule|Species Clause: Limit one of each Pokémon
|rule|Item Clause: Limit 1 of each item
|clearpoke
|poke|p1|Sneasler, L50, F|
|poke|p1|Clefable, L50, M|
|poke|p1|Gholdengo, L50|
|poke|p1|Rillaboom, L50, M|
|poke|p1|Dragapult, L50, F|
|poke|p1|Incineroar, L50, M|
|poke|p2|Archaludon, L50, F|
|poke|p2|Maushold, L50|
|poke|p2|Pelipper, L50, F|
|poke|p2|Basculegion, L50, M|
|poke|p2|Incineroar, L50, F|
|poke|p2|Sneasler, L50, M|
|teampreview|4
|showteam|p1|Sneasler||FocusSash|Unburden|CloseCombat,DireClaw,Protect,ThroatChop|||F|||50|,,,,,Dark]Clefable||RockyHelmet|Unaware|Moonblast,IcyWind,FollowMe,Protect|||M|||50|,,,,,Steel]Gholdengo||LifeOrb|GoodasGold|MakeItRain,ShadowBall,NastyPlot,Protect||||||50|,,,,,Water]Rillaboom||AssaultVest|GrassySurge|WoodHammer,GrassyGlide,HighHorsepower,FakeOut|||M|||50|,,,,,Fire]Dragapult||ChoiceSpecs|ClearBody|ShadowBall,Flamethrower,Thunderbolt,DracoMeteor|||F|||50|,,,,,Fire]Incineroar||SitrusBerry|Intimidate|FakeOut,KnockOff,PartingShot,FlareBlitz|||M|||50|,,,,,Bug
|showteam|p2|Archaludon||AssaultVest|Stamina|ElectroShot,DragonPulse,Snarl,BodyPress|||F|||50|,,,,,Bug]Maushold||WideLens|FriendGuard|Encore,FollowMe,PopulationBomb,Protect||||||50|,,,,,Ghost]Pelipper||FocusSash|Drizzle|WeatherBall,Hurricane,Tailwind,WideGuard|||F|||50|,,,,,Ghost]Basculegion||LifeOrb|SwiftSwim|WaveCrash,LastRespects,AquaJet,Protect|||M|||50|,,,,,Water]Incineroar||SafetyGoggles|Intimidate|FakeOut,KnockOff,PartingShot,Taunt|||F|||50|,,,,,Ghost]Sneasler||WhiteHerb|Unburden|DireClaw,CloseCombat,RainDance,Protect|||M|||50|,,,,,Stellar
|inactive|Battle timer is ON: inactive players will automatically lose when time's up. (requested by hungry hillo)
|
|t:|1756598712
|teamsize|p1|4
|teamsize|p2|4
|start
|switch|p1a: Dragapult|Dragapult, L50, F|100/100
|switch|p1b: ƁºƁ|Sneasler, L50, F|100/100
|switch|p2a: THE BRIDGE|Archaludon, L50, F, shiny|100/100
|switch|p2b: FEESH|Basculegion, L50, M, shiny|100/100
|turn|1
|
|t:|1756598732
|switch|p2a: I’m Scawey|Incineroar, L50, F, shiny|100/100
|-ability|p2a: I’m Scawey|Intimidate|boost
|-fail|p1a: Dragapult|unboost|[from] ability: Clear Body|[of] p1a: Dragapult
|-unboost|p1b: ƁºƁ|atk|1
|-terastallize|p1b: ƁºƁ|Dark
|move|p2b: FEESH|Aqua Jet|p1b: ƁºƁ
|-crit|p1b: ƁºƁ
|-damage|p1b: ƁºƁ|30/100
|-damage|p2b: FEESH|91/100|[from] item: Life Orb
|move|p1a: Dragapult|Flamethrower|p2a: I’m Scawey
|-resisted|p2a: I’m Scawey
|-damage|p2a: I’m Scawey|85/100
|move|p1b: ƁºƁ|Throat Chop|p2b: FEESH
|-supereffective|p2b: FEESH
|-damage|p2b: FEESH|13/100
|-start|p2b: FEESH|Throat Chop|[silent]
|
|upkeep
|turn|2
|inactive|Dr.Bejan has 30 seconds left.
|
|t:|1756598761
|move|p1b: ƁºƁ|Protect|p1b: ƁºƁ
|-singleturn|p1b: ƁºƁ|Protect
|move|p2b: FEESH|Protect|p2b: FEESH
|-singleturn|p2b: FEESH|Protect
|move|p1a: Dragapult|Flamethrower|p2b: FEESH
|-activate|p2b: FEESH|move: Protect
|move|p2a: I’m Scawey|Knock Off|p1a: Dragapult
|-supereffective|p1a: Dragapult
|-damage|p1a: Dragapult|0 fnt
|-enditem|p1a: Dragapult|Choice Specs|[from] move: Knock Off|[of] p2a: I’m Scawey
|faint|p1a: Dragapult
|
|-end|p2b: FEESH|Throat Chop|[silent]
|upkeep
|
|t:|1756598771
|switch|p1a: Devil|Clefable, L50, M, shiny|100/100
|turn|3
|
|t:|1756598782
|switch|p2a: Big Gulp|Pelipper, L50, F|100/100
|-weather|RainDance|[from] ability: Drizzle|[of] p2a: Big Gulp
|move|p1a: Devil|Follow Me|p1a: Devil
|-singleturn|p1a: Devil|move: Follow Me
|move|p2b: FEESH|Wave Crash|p1a: Devil
|-crit|p1a: Devil
|-damage|p1a: Devil|0 fnt
|-damage|p2b: FEESH|0 fnt|[from] item: Rocky Helmet|[of] p1a: Devil
|faint|p1a: Devil
|faint|p2b: FEESH
|move|p1b: ƁºƁ|Close Combat|p2a: Big Gulp
|-resisted|p2a: Big Gulp
|-damage|p2a: Big Gulp|68/100
|-unboost|p1b: ƁºƁ|def|1
|-unboost|p1b: ƁºƁ|spd|1
|
|-weather|RainDance|[upkeep]
|upkeep
|
|t:|1756598793
|switch|p2b: I’m Scawey|Incineroar, L50, F, shiny|85/100
|switch|p1a: Mr krabe|Gholdengo, L50|100/100
|-ability|p2b: I’m Scawey|Intimidate|boost
|-unboost|p1a: Mr krabe|atk|1
|-unboost|p1b: ƁºƁ|atk|1
|turn|4
|
|t:|1756598801
|move|p1b: ƁºƁ|Protect|p1b: ƁºƁ
|-singleturn|p1b: ƁºƁ|Protect
|move|p1a: Mr krabe|Protect|p1a: Mr krabe
|-singleturn|p1a: Mr krabe|Protect
|move|p2b: I’m Scawey|Fake Out|p1b: ƁºƁ
|-activate|p1b: ƁºƁ|move: Protect
|move|p2a: Big Gulp|Tailwind|p2a: Big Gulp
|-sidestart|p2: Dr.Bejan|move: Tailwind
|
|-weather|RainDance|[upkeep]
|upkeep
|turn|5
|
|t:|1756598809
|move|p2a: Big Gulp|Weather Ball|p1b: ƁºƁ
|-damage|p1b: ƁºƁ|0 fnt
|faint|p1b: ƁºƁ
|move|p2b: I’m Scawey|Knock Off|p1a: Mr krabe
|-supereffective|p1a: Mr krabe
|-damage|p1a: Mr krabe|26/100
|-enditem|p1a: Mr krabe|Life Orb|[from] move: Knock Off|[of] p2b: I’m Scawey
|move|p1a: Mr krabe|Make It Rain|p2a: Big Gulp|[spread] p2a,p2b
|-resisted|p2a: Big Gulp
|-resisted|p2b: I’m Scawey
|-damage|p2a: Big Gulp|31/100
|-damage|p2b: I’m Scawey|70/100
|-unboost|p1a: Mr krabe|spa|1
|
|-weather|RainDance|[upkeep]
|upkeep
|turn|6
|
|t:|1756598819
|move|p2a: Big Gulp|Weather Ball|p1a: Mr krabe
|-damage|p1a: Mr krabe|0 fnt
|faint|p1a: Mr krabe
|
|win|Dr.Bejan
||Dr.Bejan is ready for game 2.
|l|☆Dr.Bejan
|player|p2|
||hungry hillo is ready for game 2.
|uhtml|next|Next: Game 2 of 3
|l|☆hungry hillo
|player|p1|
|j|☆hungry hillo
|player|p1|hungry hillo|n|
