|j|☆Welosethose!
|j|☆ChinoTV
|html|Welosethose!ChinoTV    
|uhtml|bestof|Game 1 of a best-of-3
|t:|1757003310
|gametype|doubles
|player|p1|Welosethose!|hilbert|1165
|player|p2|ChinoTV|red|1199
|gen|9
|tier|[Gen 9] VGC 2025 Reg H (Bo3)
|rated|
|rule|Species Clause: Limit one of each Pokémon
|rule|Item Clause: Limit 1 of each item
|clearpoke
|poke|p1|Kingambit, L50, M|
|poke|p1|Electabuzz, L50, M|
|poke|p1|Sneasler, L50, F|
|poke|p1|Tyranitar, L50, F|
|poke|p1|Annihilape, L50, M|
|poke|p1|Dragonite, L50, M|
|poke|p2|Politoed, L50, M|
|poke|p2|Kingdra, L50, M|
|poke|p2|Gothitelle, L50, F|
|poke|p2|Amoonguss, L50, M|
|poke|p2|Incineroar, L50, F|
|poke|p2|Archaludon, L50, M|
|teampreview|4
|showteam|p1|Kingambit||SafetyGoggles|Defiant|KowtowCleave,SuckerPunch,SwordsDance,Protect|||M|||50|,,,,,Dark]Electabuzz||Eviolite|VitalSpirit|Electroweb,FollowMe,Taunt,Protect|||M|||50|,,,,,Ghost]Sneasler||FocusSash|Unburden|FakeOut,CloseCombat,DireClaw,Protect|||F|||50|,,,,,Stellar]Tyranitar||AssaultVest|SandStream|RockSlide,KnockOff,LowKick,TeraBlast|||F|||50|,,,,,Flying]Annihilape||Leftovers|Defiant|RageFist,DrainPunch,BulkUp,Protect|||M|||50|,,,,,Fire]Dragonite||LoadedDice|Multiscale|ScaleShot,ExtremeSpeed,Haze,Protect|||M|||50|,,,,,Fairy
|showteam|p2|Politoed||Leftovers|Drizzle|Protect,PerishSong,WeatherBall,Encore|||M|||50|,,,,,Grass]Kingdra||LifeOrb|SwiftSwim|Protect,DracoMeteor,WeatherBall,MuddyWater|||M|||50|,,,,,Stellar]Gothitelle||SitrusBerry|ShadowTag|FakeOut,TrickRoom,Psychic,Protect|||F|||50|,,,,,Dark]Amoonguss||EjectButton|Regenerator|PollenPuff,Spore,RagePowder,Protect|||M|||50|,,,,,Fairy]Incineroar||SafetyGoggles|Intimidate|FakeOut,KnockOff,Protect,PartingShot|||F|||50|,,,,,Ghost]Archaludon||PowerHerb|Sturdy|ElectroShot,Protect,DragonPulse,FlashCannon|||M|||50|,,,,,Electric
|inactive|Battle timer is ON: inactive players will automatically lose when time's up. (requested by Welosethose!)
|
|t:|1757003390
|teamsize|p1|4
|teamsize|p2|4
|start
|switch|p1a: Sneasler|Sneasler, L50, F|100/100
|switch|p1b: Electabuzz|Electabuzz, L50, M|100/100
|switch|p2a: Kingdra|Kingdra, L50, M|100/100
|switch|p2b: Gothitelle|Gothitelle, L50, F|100/100
|turn|1
|
|t:|1757003413
|move|p2a: Kingdra|Protect|p2a: Kingdra
|-singleturn|p2a: Kingdra|Protect
|move|p1a: Sneasler|Fake Out|p2a: Kingdra
|-activate|p2a: Kingdra|move: Protect
|move|p1b: Electabuzz|Electroweb|p2b: Gothitelle|[spread] p2b
|-activate|p2a: Kingdra|move: Protect
|-damage|p2b: Gothitelle|90/100
|-unboost|p2b: Gothitelle|spe|1
|move|p2b: Gothitelle|Psychic|p1a: Sneasler
|-supereffective|p1a: Sneasler
|-enditem|p1a: Sneasler|Focus Sash
|-damage|p1a: Sneasler|1/100
|
|upkeep
|turn|2
|
|t:|1757003427
|switch|p2b: Politoed|Politoed, L50, M|100/100
|-weather|RainDance|[from] ability: Drizzle|[of] p2b: Politoed
|move|p1a: Sneasler|Protect|p1a: Sneasler
|-singleturn|p1a: Sneasler|Protect
|move|p2a: Kingdra|Muddy Water|p1a: Sneasler|[spread] p1b
|-activate|p1a: Sneasler|move: Protect
|-damage|p1b: Electabuzz|55/100
|-damage|p2a: Kingdra|91/100|[from] item: Life Orb
|move|p1b: Electabuzz|Electroweb|p2b: Politoed|[spread] p2a,p2b
|-supereffective|p2b: Politoed
|-damage|p2a: Kingdra|74/100
|-damage|p2b: Politoed|78/100
|-unboost|p2a: Kingdra|spe|1
|-unboost|p2b: Politoed|spe|1
|
|-weather|RainDance|[upkeep]
|-heal|p2b: Politoed|84/100|[from] item: Leftovers
|upkeep
|turn|3
|inactive|Welosethose! has 30 seconds left.
|
|t:|1757003459
|switch|p1a: Annihilape|Annihilape, L50, M|100/100
|move|p2a: Kingdra|Protect|p2a: Kingdra
|-singleturn|p2a: Kingdra|Protect
|move|p1b: Electabuzz|Taunt|p2b: Politoed
|-start|p2b: Politoed|move: Taunt
|move|p2b: Politoed|Weather Ball|p1a: Annihilape
|-crit|p1a: Annihilape
|-damage|p1a: Annihilape|31/100
|
|-weather|RainDance|[upkeep]
|-heal|p1a: Annihilape|37/100|[from] item: Leftovers
|-heal|p2b: Politoed|90/100|[from] item: Leftovers
|upkeep
|turn|4
|
|t:|1757003476
|switch|p2a: Amoonguss|Amoonguss, L50, M|100/100
|move|p1a: Annihilape|Protect|p1a: Annihilape
|-singleturn|p1a: Annihilape|Protect
|move|p1b: Electabuzz|Electroweb|p2a: Amoonguss|[spread] p2a,p2b
|-resisted|p2a: Amoonguss
|-supereffective|p2b: Politoed
|-damage|p2a: Amoonguss|95/100
|-damage|p2b: Politoed|71/100
|-unboost|p2a: Amoonguss|spe|1
|-unboost|p2b: Politoed|spe|1
|-enditem|p2a: Amoonguss|Eject Button
|
|t:|1757003496
|switch|p2a: Kingdra|Kingdra, L50, M|74/100
|move|p2b: Politoed|Weather Ball|p1a: Annihilape
|-activate|p1a: Annihilape|move: Protect
|
|-weather|RainDance|[upkeep]
|-heal|p1a: Annihilape|43/100|[from] item: Leftovers
|-heal|p2b: Politoed|77/100|[from] item: Leftovers
|upkeep
|turn|5
|
|t:|1757003517
|switch|p2b: Amoonguss|Amoonguss, L50, M|100/100
|move|p2a: Kingdra|Muddy Water|p1b: Electabuzz|[spread] p1a,p1b
|-damage|p1a: Annihilape|0 fnt
|-damage|p1b: Electabuzz|12/100
|faint|p1a: Annihilape
|-damage|p2a: Kingdra|64/100|[from] item: Life Orb
|move|p1b: Electabuzz|Electroweb|p2b: Amoonguss|[spread] p2a,p2b
|-resisted|p2b: Amoonguss
|-damage|p2a: Kingdra|48/100
|-damage|p2b: Amoonguss|94/100
|-unboost|p2a: Kingdra|spe|1
|-unboost|p2b: Amoonguss|spe|1
|
|-weather|RainDance|[upkeep]
|upkeep
|
|t:|1757003524
|switch|p1a: Kingambit|Kingambit, L50, M|100/100
|turn|6
|
|t:|1757003540
|move|p1b: Electabuzz|Protect|p1b: Electabuzz
|-singleturn|p1b: Electabuzz|Protect
|move|p2b: Amoonguss|Rage Powder|p2b: Amoonguss
|-singleturn|p2b: Amoonguss|move: Rage Powder
|move|p1a: Kingambit|Sucker Punch|p2a: Kingdra
|-damage|p2a: Kingdra|0 fnt
|faint|p2a: Kingdra
|
|-weather|none
|upkeep
|
|t:|1757003551
|switch|p2a: Politoed|Politoed, L50, M|77/100
|-weather|RainDance|[from] ability: Drizzle|[of] p2a: Politoed
|turn|7
|
|t:|1757003563
|move|p2b: Amoonguss|Rage Powder|p2b: Amoonguss
|-singleturn|p2b: Amoonguss|move: Rage Powder
|move|p1b: Electabuzz|Taunt|p2b: Amoonguss
|-start|p2b: Amoonguss|move: Taunt
|move|p2a: Politoed|Perish Song|p2a: Politoed
|-start|p1a: Kingambit|perish3|[silent]
|-start|p1b: Electabuzz|perish3|[silent]
|-start|p2a: Politoed|perish3|[silent]
|-start|p2b: Amoonguss|perish3|[silent]
|-fieldactivate|move: Perish Song
|move|p1a: Kingambit|Swords Dance|p1a: Kingambit
|-boost|p1a: Kingambit|atk|2
|
|-weather|RainDance|[upkeep]
|-heal|p2a: Politoed|83/100|[from] item: Leftovers
|-start|p1b: Electabuzz|perish3
|-start|p2a: Politoed|perish3
|-start|p1a: Kingambit|perish3
|-start|p2b: Amoonguss|perish3
|upkeep
|turn|8
|inactive|Welosethose! has 30 seconds left.
|inactive|ChinoTV has 30 seconds left.
|
|t:|1757003596
|move|p1b: Electabuzz|Electroweb|p2a: Politoed|[spread] p2a,p2b
|-supereffective|p2a: Politoed
|-resisted|p2b: Amoonguss
|-damage|p2a: Politoed|61/100
|-damage|p2b: Amoonguss|88/100
|-unboost|p2a: Politoed|spe|1
|-unboost|p2b: Amoonguss|spe|1
|move|p1a: Kingambit|Kowtow Cleave|p2b: Amoonguss
|-damage|p2b: Amoonguss|9/100
|move|p2a: Politoed|Encore|p1a: Kingambit
|-start|p1a: Kingambit|Encore
|move|p2b: Amoonguss|Pollen Puff|p2a: Politoed
|-heal|p2a: Politoed|100/100
|
|-weather|RainDance|[upkeep]
|-start|p1b: Electabuzz|perish2
|-start|p1a: Kingambit|perish2
|-start|p2a: Politoed|perish2
|-start|p2b: Amoonguss|perish2
|upkeep
|turn|9
|
|t:|1757003623
|switch|p1a: Sneasler|Sneasler, L50, F|1/100
|switch|p2a: Gothitelle|Gothitelle, L50, F|90/100
|move|p1b: Electabuzz|Electroweb|p2a: Gothitelle|[spread] p2a,p2b
|-resisted|p2b: Amoonguss
|-damage|p2a: Gothitelle|80/100
|-damage|p2b: Amoonguss|3/100
|-unboost|p2a: Gothitelle|spe|1
|-unboost|p2b: Amoonguss|spe|1
|move|p2b: Amoonguss|Pollen Puff|p1b: Electabuzz
|-damage|p1b: Electabuzz|0 fnt
|faint|p1b: Electabuzz
|
|-weather|RainDance|[upkeep]
|-start|p2b: Amoonguss|perish1
|upkeep
|
|t:|1757003629
|switch|p1b: Kingambit|Kingambit, L50, M|100/100
|turn|10
|
|t:|1757003652
|switch|p2b: Politoed|Politoed, L50, M|100/100
|move|p1a: Sneasler|Protect|p1a: Sneasler
|-singleturn|p1a: Sneasler|Protect
|move|p2a: Gothitelle|Protect|p2a: Gothitelle
|-singleturn|p2a: Gothitelle|Protect
|move|p1b: Kingambit|Kowtow Cleave|p2a: Gothitelle
|-activate|p2a: Gothitelle|move: Protect
|
|-weather|RainDance|[upkeep]
|upkeep
|turn|11
|inactive|ChinoTV has 30 seconds left.
|inactive|ChinoTV has 20 seconds left.
|
|t:|1757003692
|-terastallize|p1a: Sneasler|Stellar
|move|p1a: Sneasler|Dire Claw|p2b: Politoed
|-damage|p2b: Politoed|36/100
|move|p2b: Politoed|Perish Song|p2b: Politoed
|-start|p1a: Sneasler|perish3|[silent]
|-start|p1b: Kingambit|perish3|[silent]
|-start|p2a: Gothitelle|perish3|[silent]
|-start|p2b: Politoed|perish3|[silent]
|-fieldactivate|move: Perish Song
|move|p1b: Kingambit|Kowtow Cleave|p2b: Politoed
|-crit|p2b: Politoed
|-damage|p2b: Politoed|0 fnt
|faint|p2b: Politoed
|move|p2a: Gothitelle|Trick Room|p2a: Gothitelle
|-fieldstart|move: Trick Room|[of] p2a: Gothitelle
|
|-weather|none
|-start|p2a: Gothitelle|perish3
|-start|p1b: Kingambit|perish3
|-start|p1a: Sneasler|perish3
|upkeep
|
|t:|1757003706
|switch|p2b: Amoonguss|Amoonguss, L50, M|36/100
|turn|12
|inactive|ChinoTV has 30 seconds left.
|
|t:|1757003740
|move|p2b: Amoonguss|Protect|p2b: Amoonguss
|-singleturn|p2b: Amoonguss|Protect
|move|p1a: Sneasler|Protect|p1a: Sneasler
|-singleturn|p1a: Sneasler|Protect
|move|p2a: Gothitelle|Psychic|p1a: Sneasler
|-activate|p1a: Sneasler|move: Protect
|move|p1b: Kingambit|Kowtow Cleave|p2a: Gothitelle
|-supereffective|p2a: Gothitelle
|-damage|p2a: Gothitelle|0 fnt
|faint|p2a: Gothitelle
|
|-start|p1b: Kingambit|perish2
|-start|p1a: Sneasler|perish2
|upkeep
|turn|13
|
|t:|1757003760
|move|p2b: Amoonguss|Pollen Puff|p1a: Sneasler
|-resisted|p1a: Sneasler
|-crit|p1a: Sneasler
|-damage|p1a: Sneasler|0 fnt
|faint|p1a: Sneasler
|move|p1b: Kingambit|Kowtow Cleave|p2b: Amoonguss
|-damage|p2b: Amoonguss|0 fnt
|faint|p2b: Amoonguss
|
|win|Welosethose!
||Welosethose! is ready for game 2.
|inactive|ChinoTV has 30 seconds to confirm battle start!
|inactive|ChinoTV has 20 seconds to confirm battle start!
|inactive|ChinoTV has 10 seconds to confirm battle start!
||ChinoTV is ready for game 2.
|uhtml|next|Next: Game 2 of 3
