|j|☆FALL3N_DWN
|j|☆The median voter
|html|FALL3N_DWNThe median voter    
|uhtml|bestof|Game 1 of a best-of-3
|t:|1757025338
|gametype|doubles
|player|p1|FALL3N_DWN|carmine-festival|1170
|player|p2|The median voter|scientist-gen4dp|1224
|gen|9
|tier|[Gen 9] VGC 2025 Reg H (Bo3)
|rated|
|rule|Species Clause: Limit one of each Pokémon
|rule|Item Clause: Limit 1 of each item
|clearpoke
|poke|p1|Electabuzz, L50, F|
|poke|p1|Kingambit, L50, F|
|poke|p1|Volcarona, L50, M|
|poke|p1|Dragonite, L50, F|
|poke|p1|Sneasler, L50, F|
|poke|p1|Rillaboom, L50, M|
|poke|p2|Sneasler, L50, M|
|poke|p2|Indeedee, L50, M|
|poke|p2|Volcarona, L50, F|
|poke|p2|Annihilape, L50, M|
|poke|p2|Tyranitar, L50, M|
|poke|p2|Excadrill, L50, F|
|teampreview|4
|showteam|p1|Electabuzz||Eviolite|VitalSpirit|FollowMe,Thunderbolt,Taunt,Protect|||F|||50|,,,,,Ghost]Kingambit||BlackGlasses|Defiant|KowtowCleave,SuckerPunch,SwordsDance,Protect|||F|||50|,,,,,Dark]Volcarona||Leftovers|FlameBody|HeatWave,TeraBlast,QuiverDance,Protect|||M|||50|,,,,,Fairy]Dragonite||LoadedDice|Multiscale|ScaleShot,ExtremeSpeed,Haze,Protect|||F|||50|,,,,,Fairy]Sneasler||FocusSash|Unburden|DireClaw,CloseCombat,Coaching,FakeOut|||F|||50|,,,,,Stellar]Rillaboom||AssaultVest|GrassySurge|FakeOut,WoodHammer,GrassyGlide,HighHorsepower|||M|||50|,,,,,Fire
|showteam|p2|Sneasler||PsychicSeed|Unburden|CloseCombat,DireClaw,ThroatChop,Protect|||M|||50|,,,,,Dark]Indeedee||ChoiceScarf|PsychicSurge|ExpandingForce,TeraBlast,Trick,SleepTalk|||M|||50|,,,,,Psychic]Volcarona||SitrusBerry|FlameBody|Overheat,StruggleBug,RagePowder,Tailwind|||F|||50|,,,,,Grass]Annihilape||SafetyGoggles|Defiant|CloseCombat,RageFist,Taunt,FinalGambit|||M|||50|,,,,,Flying]Tyranitar||AssaultVest|SandStream|RockSlide,KnockOff,TeraBlast,IcePunch|||M|||50|,,,,,Flying]Excadrill||FocusSash|SandRush|IronHead,Protect,Earthquake,HighHorsepower|||F|||50|,,,,,Ground
|l|☆The median voter
|player|p2|
|j|☆The median voter
|player|p2|The median voter|scientist-gen4dp|
|l|☆The median voter
|player|p2|
|j|☆The median voter
|player|p2|The median voter|scientist-gen4dp|
|inactive|Battle timer is ON: inactive players will automatically lose when time's up. (requested by The median voter)
|inactive|FALL3N_DWN has 60 seconds left.
|inactive|FALL3N_DWN has 30 seconds left.
|l|☆The median voter
|inactive|The median voter disconnected and has a minute to reconnect!
|player|p2|
|inactive|FALL3N_DWN has 20 seconds left.
|inactive|FALL3N_DWN has 15 seconds left.
|inactive|FALL3N_DWN has 10 seconds left.
|
|t:|1757025493
|teamsize|p1|4
|teamsize|p2|4
|start
|switch|p1a: Volcarona|Volcarona, L50, M|100/100
|switch|p1b: Rillaboom|Rillaboom, L50, M|100/100
|switch|p2a: Indeedee|Indeedee, L50, M|100/100
|switch|p2b: Sneasler|Sneasler, L50, M|100/100
|-fieldstart|move: Psychic Terrain|[from] ability: Psychic Surge|[of] p2a: Indeedee
|-enditem|p2b: Sneasler|Psychic Seed
|-boost|p2b: Sneasler|spd|1|[from] item: Psychic Seed
|-fieldstart|move: Grassy Terrain|[from] ability: Grassy Surge|[of] p1b: Rillaboom
|turn|1
|j|☆The median voter
|inactive|The median voter reconnected and has 40 seconds left.
|player|p2|The median voter|scientist-gen4dp|
|inactive|FALL3N_DWN has 30 seconds left.
|inactive|The median voter has 30 seconds left.
|inactive|FALL3N_DWN has 20 seconds left.
|
|t:|1757025529
|move|p1b: Rillaboom|Fake Out|p2b: Sneasler
|-damage|p2b: Sneasler|79/100
|cant|p2b: Sneasler|flinch
|move|p2a: Indeedee|Trick|p1b: Rillaboom
|-activate|p2a: Indeedee|move: Trick|[of] p1b: Rillaboom
|-item|p1b: Rillaboom|Choice Scarf|[from] move: Trick
|-item|p2a: Indeedee|Assault Vest|[from] move: Trick
|move|p1a: Volcarona|Quiver Dance|p1a: Volcarona
|-boost|p1a: Volcarona|spa|1
|-boost|p1a: Volcarona|spd|1
|-boost|p1a: Volcarona|spe|1
|
|-heal|p2b: Sneasler|84/100|[from] Grassy Terrain
|upkeep
|turn|2
|l|☆The median voter
|inactive|The median voter disconnected and has a minute to reconnect!
|player|p2|
|inactive|FALL3N_DWN has 30 seconds left.
|j|☆The median voter
|inactive|The median voter reconnected.
|player|p2|The median voter|scientist-gen4dp|
|inactive|FALL3N_DWN has 20 seconds left.
|inactive|FALL3N_DWN has 15 seconds left.
|inactive|FALL3N_DWN has 10 seconds left.
|
|t:|1757025574
|switch|p1b: Electabuzz|Electabuzz, L50, F|100/100
|switch|p2a: Tyranitar|Tyranitar, L50, M|100/100
|-weather|Sandstorm|[from] ability: Sand Stream|[of] p2a: Tyranitar
|move|p2b: Sneasler|Dire Claw|p1a: Volcarona
|-damage|p1a: Volcarona|53/100
|-status|p1a: Volcarona|psn
|-status|p2b: Sneasler|brn|[from] ability: Flame Body|[of] p1a: Volcarona
|move|p1a: Volcarona|Heat Wave|p2a: Tyranitar|[spread] p2b
|-miss|p1a: Volcarona|p2a: Tyranitar
|-damage|p2b: Sneasler|33/100 brn
|
|-weather|Sandstorm|[upkeep]
|-damage|p2b: Sneasler|28/100 brn|[from] Sandstorm
|-damage|p1a: Volcarona|47/100 psn|[from] Sandstorm
|-damage|p1b: Electabuzz|95/100|[from] Sandstorm
|-heal|p2b: Sneasler|33/100 brn|[from] Grassy Terrain
|-heal|p1a: Volcarona|53/100 psn|[from] Grassy Terrain
|-heal|p1a: Volcarona|59/100 psn|[from] item: Leftovers
|-heal|p1b: Electabuzz|100/100|[from] Grassy Terrain
|-damage|p1a: Volcarona|47/100 psn|[from] psn
|-damage|p2b: Sneasler|28/100 brn|[from] brn
|upkeep
|turn|3
|inactive|FALL3N_DWN has 30 seconds left.
|inactive|FALL3N_DWN has 20 seconds left.
|inactive|FALL3N_DWN has 15 seconds left.
|inactive|FALL3N_DWN has 10 seconds left.
|inactive|FALL3N_DWN has 5 seconds left.
|
|t:|1757025629
|move|p1b: Electabuzz|Follow Me|p1b: Electabuzz
|-singleturn|p1b: Electabuzz|move: Follow Me
|move|p2b: Sneasler|Dire Claw|p1b: Electabuzz
|-damage|p1b: Electabuzz|83/100
|move|p1a: Volcarona|Heat Wave|p2b: Sneasler|[spread] p2a,p2b
|-resisted|p2a: Tyranitar
|-damage|p2a: Tyranitar|90/100
|-damage|p2b: Sneasler|0 fnt
|faint|p2b: Sneasler
|move|p2a: Tyranitar|Rock Slide|p1a: Volcarona|[spread] p1a,p1b
|-supereffective|p1a: Volcarona
|-damage|p1a: Volcarona|0 fnt
|-damage|p1b: Electabuzz|57/100
|faint|p1a: Volcarona
|
|-weather|Sandstorm|[upkeep]
|-damage|p1b: Electabuzz|51/100|[from] Sandstorm
|-heal|p1b: Electabuzz|57/100|[from] Grassy Terrain
|-heal|p2a: Tyranitar|96/100|[from] Grassy Terrain
|upkeep
|
|t:|1757025639
|switch|p2b: Volcarona|Volcarona, L50, F|100/100
|switch|p1a: Rillaboom|Rillaboom, L50, M|100/100
|turn|4
|
|t:|1757025658
|-terastallize|p1a: Rillaboom|Fire
|-terastallize|p2a: Tyranitar|Flying
|move|p1a: Rillaboom|Wood Hammer|p2a: Tyranitar
|-resisted|p2a: Tyranitar
|-damage|p2a: Tyranitar|60/100
|-damage|p1a: Rillaboom|90/100|[from] Recoil
|move|p2b: Volcarona|Tailwind|p2b: Volcarona
|-sidestart|p2: The median voter|move: Tailwind
|move|p2a: Tyranitar|Rock Slide|p1b: Electabuzz|[spread] p1a,p1b
|-supereffective|p1a: Rillaboom
|-damage|p1a: Rillaboom|29/100
|-damage|p1b: Electabuzz|32/100
|move|p1b: Electabuzz|Taunt|p2b: Volcarona
|-start|p2b: Volcarona|move: Taunt
|
|-weather|Sandstorm|[upkeep]
|-damage|p2b: Volcarona|94/100|[from] Sandstorm
|-damage|p2a: Tyranitar|55/100|[from] Sandstorm
|-damage|p1a: Rillaboom|23/100|[from] Sandstorm
|-damage|p1b: Electabuzz|26/100|[from] Sandstorm
|-heal|p2b: Volcarona|100/100|[from] Grassy Terrain
|-heal|p1a: Rillaboom|29/100|[from] Grassy Terrain
|-heal|p1b: Electabuzz|32/100|[from] Grassy Terrain
|upkeep
|turn|5
|inactive|FALL3N_DWN has 30 seconds left.
|inactive|FALL3N_DWN has 20 seconds left.
|
|t:|1757025694
|move|p1b: Electabuzz|Protect|p1b: Electabuzz
|-singleturn|p1b: Electabuzz|Protect
|move|p2b: Volcarona|Struggle Bug|p1a: Rillaboom|[spread] p1a
|-activate|p1b: Electabuzz|move: Protect
|-resisted|p1a: Rillaboom
|-damage|p1a: Rillaboom|20/100
|-unboost|p1a: Rillaboom|spa|1
|move|p2a: Tyranitar|Rock Slide|p1b: Electabuzz|[spread] p1a
|-activate|p1b: Electabuzz|move: Protect
|-supereffective|p1a: Rillaboom
|-damage|p1a: Rillaboom|0 fnt
|faint|p1a: Rillaboom
|
|-weather|Sandstorm|[upkeep]
|-damage|p2b: Volcarona|94/100|[from] Sandstorm
|-damage|p2a: Tyranitar|49/100|[from] Sandstorm
|-damage|p1b: Electabuzz|26/100|[from] Sandstorm
|-heal|p2b: Volcarona|100/100|[from] Grassy Terrain
|-heal|p1b: Electabuzz|32/100|[from] Grassy Terrain
|-fieldend|move: Grassy Terrain
|upkeep
|
|t:|1757025705
|switch|p1a: Dragonite|Dragonite, L50, F|100/100
|turn|6
|inactive|FALL3N_DWN has 30 seconds left.
|
|t:|1757025731
|move|p1a: Dragonite|Protect|p1a: Dragonite
|-singleturn|p1a: Dragonite|Protect
|move|p2b: Volcarona|Struggle Bug|p1a: Dragonite|[spread] p1b
|-activate|p1a: Dragonite|move: Protect
|-damage|p1b: Electabuzz|20/100
|-unboost|p1b: Electabuzz|spa|1
|move|p2a: Tyranitar|Rock Slide|p1a: Dragonite|[spread] p1b
|-activate|p1a: Dragonite|move: Protect
|-damage|p1b: Electabuzz|0 fnt
|faint|p1b: Electabuzz
|
|-weather|none
|upkeep
|turn|7
|
|t:|1757025742
|move|p2b: Volcarona|Struggle Bug|p1a: Dragonite
|-resisted|p1a: Dragonite
|-damage|p1a: Dragonite|95/100
|-unboost|p1a: Dragonite|spa|1
|move|p2a: Tyranitar|Rock Slide|p1a: Dragonite
|-supereffective|p1a: Dragonite
|-damage|p1a: Dragonite|0 fnt
|faint|p1a: Dragonite
|
|win|The median voter
||FALL3N_DWN is ready for game 2.
||The median voter is ready for game 2.
|uhtml|next|Next: Game 2 of 3
|l|☆The median voter
|player|p2|
