|j|☆SnowyPex
|j|☆lettitripppp
|html|SnowyPexlettitripppp    
|uhtml|bestof|Game 1 of a best-of-3
|t:|1783366877
|gametype|doubles
|player|p1|SnowyPex|volkner|1258
|player|p2|lettitripppp|lucas|1318
|gen|9
|tier|[Gen 9 Champions] VGC 2026 Reg M-B (Bo3)
|rated|
|rule|Species Clause: Limit one of each Pokémon
|rule|Item Clause: Limit 1 of each item
|clearpoke
|poke|p1|Froslass, L50, F|
|poke|p1|Toxapex, L50, F|
|poke|p1|Kingambit, L50, F|
|poke|p1|Sneasler, L50, F|
|poke|p1|Garchomp, L50, M|
|poke|p1|Talonflame, L50, F|
|poke|p2|Charizard, L50, F|
|poke|p2|Basculegion, L50, M|
|poke|p2|Whimsicott, L50, M, shiny|
|poke|p2|Garchomp, L50, F, shiny|
|poke|p2|Floette-Eternal, L50, F|
|poke|p2|Kingambit, L50, F, shiny|
|teampreview|4
|showteam|p1|Froslass||Froslassite|SnowCloak|Blizzard,ShadowBall,AuroraVeil,Protect|Modest||F|||50|]Toxapex||Leftovers|Regenerator|Toxic,Infestation,WideGuard,BanefulBunker|Calm||F|||50|]Kingambit||ChopleBerry|Defiant|KowtowCleave,SuckerPunch,LowKick,Protect|Adamant||F|||50|]Sneasler||WhiteHerb|Unburden|DireClaw,CloseCombat,FakeOut,Protect|Jolly||F|||50|]Garchomp||SitrusBerry|RoughSkin|StompingTantrum,DragonClaw,RockSlide,Protect|Adamant||M|||50|]Talonflame||FocusSash|GaleWings|Protect,Tailwind,DualWingbeat,WillOWisp|Jolly||F|||50|
|showteam|p2|Charizard||CharizarditeY|Blaze|WeatherBall,SolarBeam,HeatWave,Protect|Modest||F|||50|]Basculegion||MysticWater|Adaptability|LastRespects,WaveCrash,AquaJet,Protect|Adamant||M|||50|]Whimsicott||FocusSash|Prankster|Moonblast,Tailwind,Encore,Protect|Timid||M|||50|]Garchomp||LifeOrb|RoughSkin|DragonClaw,Earthquake,RockSlide,Protect|Jolly||F|||50|]Floette-Eternal||Floettite|FlowerVeil|DazzlingGleam,LightofRuin,Moonblast,Protect|Modest||F|||50|]Kingambit||ChopleBerry|Defiant|KowtowCleave,SuckerPunch,IronHead,LowKick|Adamant||F|||50|
|inactive|Battle timer is ON: inactive players will automatically lose when time's up. (requested by lettitripppp)
|inactive|SnowyPex also wants the timer to be on.
|inactive|SnowyPex has 60 seconds left.
|inactive|lettitripppp has 60 seconds left.
|
|t:|1783366924
|teamsize|p1|4
|teamsize|p2|4
|start
|switch|p1a: Sneasler|Sneasler, L50, F|100/100
|switch|p1b: Toxapex|Toxapex, L50, F|100/100
|switch|p2a: GHOSTWAVE|Basculegion, L50, M|100/100
|switch|p2b: LETS GO GO|Whimsicott, L50, M, shiny|100/100
|turn|1
|
|t:|1783366936
|move|p2b: LETS GO GO|Protect|p2b: LETS GO GO
|-singleturn|p2b: LETS GO GO|Protect
|move|p1a: Sneasler|Dire Claw|p2b: LETS GO GO
|-activate|p2b: LETS GO GO|move: Protect
|move|p2a: GHOSTWAVE|Wave Crash|p1a: Sneasler
|-damage|p1a: Sneasler|0 fnt
|faint|p1a: Sneasler
|-damage|p2a: GHOSTWAVE|75/100|[from] Recoil
|move|p1b: Toxapex|Toxic|p2a: GHOSTWAVE
|-status|p2a: GHOSTWAVE|tox
|
|-damage|p2a: GHOSTWAVE|69/100 tox|[from] psn
|upkeep
|
|t:|1783366941
|switch|p1a: Talonflame|Talonflame, L50, F|100/100
|turn|2
|
|t:|1783366954
|move|p1a: Talonflame|Tailwind|p1a: Talonflame
|-sidestart|p1: SnowyPex|move: Tailwind
|move|p2b: LETS GO GO|Tailwind|p2b: LETS GO GO
|-sidestart|p2: lettitripppp|move: Tailwind
|move|p2a: GHOSTWAVE|Aqua Jet|p1a: Talonflame
|-supereffective|p1a: Talonflame|1
|-damage|p1a: Talonflame|14/100
|move|p1b: Toxapex|Infestation|p2a: GHOSTWAVE
|-resisted|p2a: GHOSTWAVE|1
|-damage|p2a: GHOSTWAVE|67/100 tox
|-activate|p2a: GHOSTWAVE|move: Infestation|[of] p1b: Toxapex
|
|-damage|p2a: GHOSTWAVE|55/100 tox|[from] psn
|-damage|p2a: GHOSTWAVE|42/100 tox|[from] move: Infestation|[partiallytrapped]
|upkeep
|turn|3
|
|t:|1783366969
|move|p1a: Talonflame|Protect|p1a: Talonflame
|-singleturn|p1a: Talonflame|Protect
|move|p2b: LETS GO GO|Encore|p1a: Talonflame
|-activate|p1a: Talonflame|move: Protect
|move|p2a: GHOSTWAVE|Aqua Jet|p1a: Talonflame
|-activate|p1a: Talonflame|move: Protect
|move|p1b: Toxapex|Infestation|p2b: LETS GO GO
|-damage|p2b: LETS GO GO|95/100
|-activate|p2b: LETS GO GO|move: Infestation|[of] p1b: Toxapex
|
|-damage|p2a: GHOSTWAVE|24/100 tox|[from] psn
|-damage|p2b: LETS GO GO|82/100|[from] move: Infestation|[partiallytrapped]
|-damage|p2a: GHOSTWAVE|11/100 tox|[from] move: Infestation|[partiallytrapped]
|upkeep
|turn|4
|
|t:|1783366976
|switch|p1a: Froslass|Froslass, L50, F|100/100
|move|p2b: LETS GO GO|Moonblast|p1a: Froslass
|-damage|p1a: Froslass|55/100
|move|p2a: GHOSTWAVE|Wave Crash|p1a: Froslass
|-damage|p1a: Froslass|0 fnt
|faint|p1a: Froslass
|-damage|p2a: GHOSTWAVE|0 fnt|[from] Recoil
|faint|p2a: GHOSTWAVE
|move|p1b: Toxapex|Toxic|p2b: LETS GO GO
|-status|p2b: LETS GO GO|tox
|
|-damage|p2b: LETS GO GO|77/100 tox|[from] psn
|-damage|p2b: LETS GO GO|65/100 tox|[from] move: Infestation|[partiallytrapped]
|upkeep
|
|t:|1783366985
|switch|p1a: Talonflame|Talonflame, L50, F|14/100
|switch|p2a: AGNI|Charizard, L50, F|100/100
|turn|5
|
|t:|1783366992
|detailschange|p2a: AGNI|Charizard-Mega-Y, L50, F
|-mega|p2a: AGNI|Charizard|Charizardite Y
|-weather|SunnyDay|[from] ability: Drought|[of] p2a: AGNI
|move|p1a: Talonflame|Dual Wingbeat|p2a: AGNI
|-damage|p2a: AGNI|82/100
|-damage|p2a: AGNI|67/100
|-hitcount|p2a: AGNI|2
|move|p2b: LETS GO GO|Moonblast|p1a: Talonflame
|-resisted|p1a: Talonflame|1
|-damage|p1a: Talonflame|0 fnt
|faint|p1a: Talonflame
|move|p2a: AGNI|Solar Beam||[still]
|-prepare|p2a: AGNI|Solar Beam
|-anim|p2a: AGNI|Solar Beam|p1b: Toxapex
|-damage|p1b: Toxapex|63/100
|move|p1b: Toxapex|Toxic|p2a: AGNI
|-status|p2a: AGNI|tox
|
|-weather|SunnyDay|[upkeep]
|-heal|p1b: Toxapex|68/100|[from] item: Leftovers
|-damage|p2b: LETS GO GO|53/100 tox|[from] psn
|-damage|p2a: AGNI|60/100 tox|[from] psn
|-damage|p2b: LETS GO GO|41/100 tox|[from] move: Infestation|[partiallytrapped]
|-sideend|p1: SnowyPex|move: Tailwind
|-sideend|p2: lettitripppp|move: Tailwind
|upkeep
|turn|6
|inactive|SnowyPex has 30 seconds left.
|
|t:|1783367020
|move|p1b: Toxapex|Baneful Bunker|p1b: Toxapex
|-singleturn|p1b: Toxapex|move: Protect
|move|p2b: LETS GO GO|Encore|p1b: Toxapex
|-activate|p1b: Toxapex|move: Protect
|move|p2a: AGNI|Solar Beam||[still]
|-prepare|p2a: AGNI|Solar Beam
|-anim|p2a: AGNI|Solar Beam|p1b: Toxapex
|-activate|p1b: Toxapex|move: Protect
|
|-weather|SunnyDay|[upkeep]
|-heal|p1b: Toxapex|74/100|[from] item: Leftovers
|-damage|p2b: LETS GO GO|24/100 tox|[from] psn
|-damage|p2a: AGNI|48/100 tox|[from] psn
|-damage|p2b: LETS GO GO|12/100 tox|[from] move: Infestation|[partiallytrapped]
|upkeep
|turn|7
|
|t:|1783367025
|move|p1b: Toxapex|Baneful Bunker|p1b: Toxapex
|-singleturn|p1b: Toxapex|move: Protect
|move|p2b: LETS GO GO|Encore|p1b: Toxapex
|-activate|p1b: Toxapex|move: Protect
|move|p2a: AGNI|Solar Beam||[still]
|-prepare|p2a: AGNI|Solar Beam
|-anim|p2a: AGNI|Solar Beam|p1b: Toxapex
|-activate|p1b: Toxapex|move: Protect
|
|-weather|SunnyDay|[upkeep]
|-heal|p1b: Toxapex|80/100|[from] item: Leftovers
|-damage|p2b: LETS GO GO|0 fnt|[from] psn
|faint|p2b: LETS GO GO
|-damage|p2a: AGNI|29/100 tox|[from] psn
|upkeep
|
|t:|1783367028
|switch|p2b: CRUSH SHARK|Garchomp, L50, F, shiny|100/100
|turn|8
|
|t:|1783367036
|move|p2b: CRUSH SHARK|Earthquake|p1b: Toxapex|[spread] p1b
|-immune|p2a: AGNI
|-supereffective|p1b: Toxapex|1
|-damage|p1b: Toxapex|8/100
|-damage|p2b: CRUSH SHARK|90/100|[from] item: Life Orb
|move|p2a: AGNI|Solar Beam||[still]
|-prepare|p2a: AGNI|Solar Beam
|-anim|p2a: AGNI|Solar Beam|p1b: Toxapex
|-damage|p1b: Toxapex|0 fnt
|faint|p1b: Toxapex
|
|win|lettitripppp
||SnowyPex is ready for game 2.
