|j|ŌśåOnyxburst
|j|Ōśågundnub
|html|Onyxburstgundnub    
|uhtml|bestof|Game 1 of a best-of-3
|t:|1783289254
|gametype|doubles
|player|p1|Onyxburst|266|
|player|p2|gundnub|pokemonranger-gen4|
|gen|9
|tier|[Gen 9 Champions] VGC 2026 Reg M-B (Bo3)
|rule|Species Clause: Limit one of each Pok├®mon
|rule|Item Clause: Limit 1 of each item
|clearpoke
|poke|p1|Pinsir, L50, F, shiny|
|poke|p1|Rotom-Mow, L50|
|poke|p1|Liepard, L50, M|
|poke|p1|Klefki, L50, F, shiny|
|poke|p1|Starmie, L50, shiny|
|poke|p1|Arcanine, L50, M|
|poke|p2|Arcanine, L50, M|
|poke|p2|Serperior, L50, M|
|poke|p2|Altaria, L50, M|
|poke|p2|Toxicroak, L50, M|
|poke|p2|Krookodile, L50, F|
|poke|p2|Pidgeot, L50, F|
|teampreview|4
|showteam|p1|Pinsir||Pinsirite|HyperCutter|BugBite,BodySlam,QuickAttack,Guillotine|Jolly||F|||50|]Rotom-Mow||ChoiceScarf|Levitate|Thunder,LeafStorm,Electroweb,Trick|Timid|||||50|]Liepard||FocusSash|Prankster|FakeOut,Encore,ThunderWave,RainDance|Careful||M|||50|]Klefki||LightClay|Prankster|LightScreen,Reflect,Torment,RainDance|Bold||F|||50|]Starmie||Starminite|NaturalCure|AquaJet,Liquidation,ZenHeadbutt,Recover|Jolly|||||50|]Arcanine||SitrusBerry|Intimidate|WillOWisp,Snarl,HelpingHand,Protect|Calm||M|||50|
|showteam|p2|Arcanine||SitrusBerry|Intimidate|FlareBlitz,ExtremeSpeed,Snarl,HelpingHand|Careful||M|||50|]Serperior||LightClay|Contrary|LeafStorm,Reflect,LightScreen,Glare|Timid||M|||50|]Altaria||Altarianite|CloudNine|Protect,HyperVoice,DragonPulse,Roost|Modest||M|||50|]Toxicroak||WhiteHerb|DrySkin|Protect,PoisonJab,CloseCombat,FakeOut|Adamant||M|||50|]Krookodile||ChoiceScarf|Intimidate|Earthquake,HighHorsepower,LashOut,RockSlide|Jolly||F|||50|]Pidgeot||Pidgeotite|KeenEye|Protect,Hurricane,HeatWave,Tailwind|Timid||F|||50|
|inactive|Battle timer is ON: inactive players will automatically lose when time's up. (requested by gundnub)
|c|Ōśågundnub|glhf
|c|ŌśåOnyxburst|u2!
|inactive|Onyxburst has 60 seconds left.
|inactive|gundnub has 60 seconds left.
|inactive|gundnub has 30 seconds left.
|
|t:|1783289317
|teamsize|p1|4
|teamsize|p2|4
|start
|switch|p1a: Arcanine|Arcanine, L50, M|100/100
|switch|p1b: Pinsir|Pinsir, L50, F, shiny|100/100
|switch|p2a: Pidgeot|Pidgeot, L50, F|100/100
|switch|p2b: Krookodile|Krookodile, L50, F|100/100
|-ability|p2b: Krookodile|Intimidate|boost
|-unboost|p1a: Arcanine|atk|1
|-fail|p1b: Pinsir|unboost|Attack|[from] ability: Hyper Cutter|[of] p1b: Pinsir
|-ability|p1a: Arcanine|Intimidate|boost
|-unboost|p2a: Pidgeot|atk|1
|-unboost|p2b: Krookodile|atk|1
|turn|1
|c|ŌśåOnyxburst|Any major threats jumping out at you so far?
|c|Ōśågundnub|on your team or the current meta?
|inactive|gundnub has 30 seconds left.
|
|t:|1783289344
|switch|p1b: Rotom|Rotom-Mow, L50|100/100
|detailschange|p2a: Pidgeot|Pidgeot-Mega, L50, F
|-mega|p2a: Pidgeot|Pidgeot|Pidgeotite
|move|p2b: Krookodile|Earthquake|p1a: Arcanine|[spread] p1a
|-immune|p2a: Pidgeot
|-immune|p1b: Rotom|[from] ability: Levitate
|-supereffective|p1a: Arcanine|1
|-damage|p1a: Arcanine|48/100
|-enditem|p1a: Arcanine|Sitrus Berry|[eat]
|-heal|p1a: Arcanine|73/100|[from] item: Sitrus Berry
|move|p2a: Pidgeot|Hurricane|p1b: Rotom
|-damage|p1b: Rotom|24/100
|-start|p1b: Rotom|confusion
|move|p1a: Arcanine|Will-O-Wisp|p2b: Krookodile
|-status|p2b: Krookodile|brn
|
|-damage|p2b: Krookodile|94/100 brn|[from] brn
|upkeep
|turn|2
|c|ŌśåOnyxburst|Current meta
|inactive|Onyxburst has 30 seconds left.
|c|Ōśågundnub|not at the moment
|c|ŌśåOnyxburst|My team feels like it can go somewhere, but is heavily undercooked
|inactive|Onyxburst has 20 seconds left.
|c|Ōśågundnub|its mostly feel like mega houndoom or mega starmie
|inactive|Onyxburst has 15 seconds left.
|
|t:|1783289387
|move|p1a: Arcanine|Helping Hand|p1b: Rotom
|-singleturn|p1b: Rotom|Helping Hand|[of] p1a: Arcanine
|move|p2b: Krookodile|Earthquake|p1b: Rotom|[spread] p1a
|-immune|p2a: Pidgeot
|-immune|p1b: Rotom|[from] ability: Levitate
|-supereffective|p1a: Arcanine|1
|-damage|p1a: Arcanine|48/100
|-activate|p1b: Rotom|confusion
|move|p1b: Rotom|Leaf Storm|p2b: Krookodile
|-supereffective|p2b: Krookodile|1
|-damage|p2b: Krookodile|0 fnt
|-unboost|p1b: Rotom|spa|2
|faint|p2b: Krookodile
|move|p2a: Pidgeot|Hurricane|p1b: Rotom
|-damage|p1b: Rotom|0 fnt
|faint|p1b: Rotom
|
|upkeep
|c|Ōśågundnub|or some hard trick room teams
|
|t:|1783289406
|switch|p2b: Serperior|Serperior, L50, M|100/100
|switch|p1b: Pinsir|Pinsir, L50, F, shiny|100/100
|turn|3
|
|t:|1783289416
|switch|p2b: Arcanine|Arcanine, L50, M|100/100
|-ability|p2b: Arcanine|Intimidate|boost
|-unboost|p1a: Arcanine|atk|1
|-fail|p1b: Pinsir|unboost|Attack|[from] ability: Hyper Cutter|[of] p1b: Pinsir
|detailschange|p1b: Pinsir|Pinsir-Mega, L50, F, shiny
|-mega|p1b: Pinsir|Pinsir|Pinsirite
|move|p1a: Arcanine|Protect|p1a: Arcanine
|-singleturn|p1a: Arcanine|Protect
|move|p2a: Pidgeot|Tailwind|p2a: Pidgeot
|-sidestart|p2: gundnub|move: Tailwind
|move|p1b: Pinsir|Guillotine|p2a: Pidgeot
|-damage|p2a: Pidgeot|0 fnt
|faint|p2a: Pidgeot
|-ohko
|
|upkeep
|
|t:|1783289426
|switch|p2a: Serperior|Serperior, L50, M|100/100
|turn|4
|
|t:|1783289445
|move|p1a: Arcanine|Helping Hand|p1b: Pinsir
|-singleturn|p1b: Pinsir|Helping Hand|[of] p1a: Arcanine
|move|p2a: Serperior|Reflect|p2a: Serperior
|-sidestart|p2: gundnub|Reflect
|move|p2b: Arcanine|Flare Blitz|p1a: Arcanine
|-resisted|p1a: Arcanine|1
|-damage|p1a: Arcanine|23/100
|-damage|p2b: Arcanine|91/100|[from] Recoil
|move|p1b: Pinsir|Body Slam|p2a: Serperior
|-supereffective|p2a: Serperior|1
|-damage|p2a: Serperior|0 fnt
|faint|p2a: Serperior
|
|upkeep
|turn|5
|
|t:|1783289460
|move|p1a: Arcanine|Helping Hand|p1b: Pinsir
|-singleturn|p1b: Pinsir|Helping Hand|[of] p1a: Arcanine
|move|p2b: Arcanine|Flare Blitz|p1b: Pinsir
|-supereffective|p1b: Pinsir|1
|-damage|p1b: Pinsir|0 fnt
|faint|p1b: Pinsir
|-damage|p2b: Arcanine|67/100|[from] Recoil
|
|upkeep
|
|t:|1783289465
|switch|p1b: Klefki|Klefki, L50, F, shiny|100/100
|turn|6
|
|t:|1783289474
|move|p1b: Klefki|Rain Dance|p1b: Klefki
|-weather|RainDance
|move|p2b: Arcanine|Flare Blitz|p1b: Klefki
|-supereffective|p1b: Klefki|1
|-damage|p1b: Klefki|67/100
|-damage|p2b: Arcanine|58/100|[from] Recoil
|move|p1a: Arcanine|Snarl|p2b: Arcanine
|-damage|p2b: Arcanine|47/100
|-unboost|p2b: Arcanine|spa|1
|-enditem|p2b: Arcanine|Sitrus Berry|[eat]
|-heal|p2b: Arcanine|72/100|[from] item: Sitrus Berry
|
|-weather|RainDance|[upkeep]
|-sideend|p2: gundnub|move: Tailwind
|upkeep
|turn|7
|
|t:|1783289483
|move|p1b: Klefki|Reflect|p1b: Klefki
|-sidestart|p1: Onyxburst|Reflect
|move|p2b: Arcanine|Flare Blitz|p1b: Klefki
|-supereffective|p1b: Klefki|1
|-damage|p1b: Klefki|42/100
|-damage|p2b: Arcanine|65/100|[from] Recoil
|move|p1a: Arcanine|Snarl|p2b: Arcanine
|-damage|p2b: Arcanine|55/100
|-unboost|p2b: Arcanine|spa|1
|
|-weather|RainDance|[upkeep]
|upkeep
|turn|8
|
|t:|1783289490
|move|p1b: Klefki|Reflect||[still]
|-fail|p1b: Klefki
|move|p2b: Arcanine|Flare Blitz|p1b: Klefki
|-supereffective|p1b: Klefki|1
|-damage|p1b: Klefki|15/100
|-damage|p2b: Arcanine|47/100|[from] Recoil
|move|p1a: Arcanine|Snarl|p2b: Arcanine
|-damage|p2b: Arcanine|37/100
|-unboost|p2b: Arcanine|spa|1
|
|-weather|RainDance|[upkeep]
|upkeep
|turn|9
|
|t:|1783289498
|move|p2b: Arcanine|Extreme Speed|p1a: Arcanine
|-damage|p1a: Arcanine|8/100
|move|p1b: Klefki|Reflect||[still]
|-fail|p1b: Klefki
|move|p1a: Arcanine|Snarl|p2b: Arcanine
|-damage|p2b: Arcanine|26/100
|-unboost|p2b: Arcanine|spa|1
|
|-weather|RainDance|[upkeep]
|upkeep
|turn|10
|
|t:|1783289504
|move|p1a: Arcanine|Protect|p1a: Arcanine
|-singleturn|p1a: Arcanine|Protect
|move|p2b: Arcanine|Extreme Speed|p1a: Arcanine
|-activate|p1a: Arcanine|move: Protect
|move|p1b: Klefki|Torment|p2b: Arcanine
|-start|p2b: Arcanine|Torment
|
|-weather|none
|upkeep
|turn|11
|
|t:|1783289511
|move|p1b: Klefki|Rain Dance|p1b: Klefki
|-weather|RainDance
|move|p2b: Arcanine|Flare Blitz|p1a: Arcanine
|-resisted|p1a: Arcanine|1
|-damage|p1a: Arcanine|1/100
|-damage|p2b: Arcanine|23/100|[from] Recoil
|move|p1a: Arcanine|Snarl|p2b: Arcanine
|-damage|p2b: Arcanine|12/100
|-unboost|p2b: Arcanine|spa|1
|
|-weather|RainDance|[upkeep]
|-sideend|p2: gundnub|Reflect
|upkeep
|turn|12
|
|t:|1783289528
|move|p2b: Arcanine|Extreme Speed|p1a: Arcanine
|-damage|p1a: Arcanine|0 fnt
|faint|p1a: Arcanine
|move|p1b: Klefki|Reflect||[still]
|-fail|p1b: Klefki
|
|-weather|RainDance|[upkeep]
|upkeep
|turn|13
|
|t:|1783289532
|move|p1b: Klefki|Reflect||[still]
|-fail|p1b: Klefki
|move|p2b: Arcanine|Flare Blitz|p1b: Klefki
|-supereffective|p1b: Klefki|1
|-damage|p1b: Klefki|0 fnt
|faint|p1b: Klefki
|-damage|p2b: Arcanine|7/100|[from] Recoil
|
|win|gundnub
