|j|☆strikermohamud
|j|☆Pescragon 55
|html|strikermohamudPescragon 55    
|uhtml|bestof|Game 2 of a best-of-3
|t:|1757232341
|gametype|doubles
|player|p1|strikermohamud|unknown|1064
|player|p2|Pescragon 55|102|1040
|gen|9
|tier|[Gen 9] VGC 2025 Reg H (Bo3)
|rated|
|rule|Species Clause: Limit one of each Pokémon
|rule|Item Clause: Limit 1 of each item
|clearpoke
|poke|p1|Metagross, L50|
|poke|p1|Alcremie-Ruby-Swirl, L50, F|
|poke|p1|Incineroar, L50, F|
|poke|p1|Farigiraf, L50, M|
|poke|p1|Ursaluna-Bloodmoon, L50, M|
|poke|p1|Amoonguss, L50, F|
|poke|p2|Murkrow, L50, M|
|poke|p2|Gothitelle, L50, M|
|poke|p2|Incineroar, L50, F|
|poke|p2|Torkoal, L50, M|
|poke|p2|Venusaur, L50, F|
|poke|p2|Dragapult, L50, M|
|teampreview|4
|showteam|p1|Metagross||LifeOrb|ClearBody|PsychicFangs,HeavySlam,StompingTantrum,Protect||||||50|,,,,,Water]Alcremie-Ruby-Swirl||CovertCloak|SweetVeil|Decorate,HelpingHand,DazzlingGleam,Protect|||F|||50|,,,,,Fire]Incineroar||SafetyGoggles|Intimidate|FakeOut,KnockOff,FlareBlitz,PartingShot|||F|||50|,,,,,Bug]Farigiraf||ThroatSpray|ArmorTail|HyperVoice,Psychic,TrickRoom,Protect|||M|||50|,,,,,Fairy]Ursaluna-Bloodmoon||AssaultVest|MindsEye|HyperVoice,BloodMoon,EarthPower,VacuumWave|||M|||50|,,,,,Water]Amoonguss||MentalHerb|Regenerator|Spore,RagePowder,ClearSmog,Protect|||F|||50|,,,,,Fairy
|showteam|p2|Murkrow||Eviolite|Prankster|Protect,BraveBird,PerishSong,Tailwind|||M|||50|,,,,,Ground]Gothitelle||Leftovers|ShadowTag|Protect,FakeOut,Psychic,TrickRoom|||M|||50|,,,,,Dark]Incineroar||SafetyGoggles|Intimidate|Protect,FakeOut,FlareBlitz,PartingShot|||F|||50|,,,,,Bug]Torkoal||SitrusBerry|Drought|HeatWave,HelpingHand,EarthPower,Protect|||M|||50|,,,,,Fire]Venusaur||LifeOrb|Chlorophyll|Protect,SludgeBomb,EnergyBall,SleepPowder|||F|||50|,,,,,Dark]Dragapult||FocusSash|ClearBody|PhantomForce,TeraBlast,DragonDarts,Protect|||M|||50|,,,,,Ghost
|inactive|Battle timer is ON: inactive players will automatically lose when time's up. (requested by Pescragon 55)
|
|t:|1757232373
|teamsize|p1|4
|teamsize|p2|4
|start
|switch|p1a: Incineroar|Incineroar, L50, F|100/100
|switch|p1b: Ursaluna|Ursaluna-Bloodmoon, L50, M|100/100
|switch|p2a: Dragapult|Dragapult, L50, M|100/100
|switch|p2b: Incineroar|Incineroar, L50, F|100/100
|-ability|p1a: Incineroar|Intimidate|boost
|-fail|p2a: Dragapult|unboost|[from] ability: Clear Body|[of] p2a: Dragapult
|-unboost|p2b: Incineroar|atk|1
|-ability|p2b: Incineroar|Intimidate|boost
|-unboost|p1a: Incineroar|atk|1
|-unboost|p1b: Ursaluna|atk|1
|turn|1
|
|t:|1757232397
|switch|p2a: Torkoal|Torkoal, L50, M|100/100
|-weather|SunnyDay|[from] ability: Drought|[of] p2a: Torkoal
|move|p2b: Incineroar|Fake Out|p1b: Ursaluna
|-damage|p1b: Ursaluna|95/100
|move|p1a: Incineroar|Knock Off|p2a: Torkoal
|-damage|p2a: Torkoal|80/100
|-enditem|p2a: Torkoal|Sitrus Berry|[from] move: Knock Off|[of] p1a: Incineroar
|cant|p1b: Ursaluna|flinch
|
|-weather|SunnyDay|[upkeep]
|upkeep
|turn|2
|
|t:|1757232416
|move|p1a: Incineroar|Flare Blitz|p2a: Torkoal
|-resisted|p2a: Torkoal
|-damage|p2a: Torkoal|63/100
|-damage|p1a: Incineroar|96/100|[from] Recoil
|move|p2b: Incineroar|Flare Blitz|p1b: Ursaluna
|-damage|p1b: Ursaluna|61/100
|-damage|p2b: Incineroar|89/100|[from] Recoil
|move|p1b: Ursaluna|Earth Power|p2a: Torkoal
|-supereffective|p2a: Torkoal
|-crit|p2a: Torkoal
|-damage|p2a: Torkoal|0 fnt
|faint|p2a: Torkoal
|
|-weather|SunnyDay|[upkeep]
|upkeep
|
|t:|1757232426
|switch|p2a: Venusaur|Venusaur, L50, F|100/100
|turn|3
|
|t:|1757232441
|switch|p1b: Alcremie|Alcremie-Ruby-Swirl, L50, F|100/100
|move|p2a: Venusaur|Energy Ball|p1b: Alcremie
|-damage|p1b: Alcremie|57/100
|-damage|p2a: Venusaur|91/100|[from] item: Life Orb
|move|p1a: Incineroar|Flare Blitz|p2a: Venusaur
|-supereffective|p2a: Venusaur
|-damage|p2a: Venusaur|0 fnt
|faint|p2a: Venusaur
|-damage|p1a: Incineroar|69/100|[from] Recoil
|move|p2b: Incineroar|Parting Shot|p1a: Incineroar
|-unboost|p1a: Incineroar|atk|1
|-unboost|p1a: Incineroar|spa|1
|
|t:|1757232451
|switch|p2b: Dragapult|Dragapult, L50, M|100/100|[from] Parting Shot
|
|-weather|SunnyDay|[upkeep]
|upkeep
|
|t:|1757232454
|switch|p2a: Incineroar|Incineroar, L50, F|89/100
|-ability|p2a: Incineroar|Intimidate|boost
|-unboost|p1a: Incineroar|atk|1
|-unboost|p1b: Alcremie|atk|1
|turn|4
|
|t:|1757232466
|move|p1b: Alcremie|Protect|p1b: Alcremie
|-singleturn|p1b: Alcremie|Protect
|move|p2b: Dragapult|Dragon Darts|p1a: Incineroar
|-damage|p1a: Incineroar|44/100
|-anim|p2b: Dragapult|Dragon Darts|p1a: Incineroar
|-damage|p1a: Incineroar|17/100
|move|p1a: Incineroar|Knock Off|p2b: Dragapult
|-supereffective|p2b: Dragapult
|-damage|p2b: Dragapult|57/100
|-enditem|p2b: Dragapult|Focus Sash|[from] move: Knock Off|[of] p1a: Incineroar
|move|p2a: Incineroar|Flare Blitz|p1b: Alcremie
|-activate|p1b: Alcremie|move: Protect
|
|-weather|SunnyDay|[upkeep]
|upkeep
|turn|5
|inactive|Pescragon 55 has 30 seconds left.
|
|t:|1757232498
|switch|p1a: Metagross|Metagross, L50, shiny|100/100
|-terastallize|p1b: Alcremie|Fire
|move|p2b: Dragapult|Dragon Darts|p1a: Metagross
|-resisted|p1a: Metagross
|-damage|p1a: Metagross|90/100
|-anim|p2b: Dragapult|Dragon Darts|p1b: Alcremie
|-damage|p1b: Alcremie|29/100
|move|p1b: Alcremie|Decorate|p1a: Metagross
|-boost|p1a: Metagross|atk|2
|-boost|p1a: Metagross|spa|2
|move|p2a: Incineroar|Flare Blitz|p1b: Alcremie
|-resisted|p1b: Alcremie
|-damage|p1b: Alcremie|0 fnt
|faint|p1b: Alcremie
|-damage|p2a: Incineroar|81/100|[from] Recoil
|
|-weather|none
|upkeep
|
|t:|1757232519
|switch|p1b: Ursaluna|Ursaluna-Bloodmoon, L50, M|61/100
|turn|6
|
|t:|1757232538
|switch|p1b: Incineroar|Incineroar, L50, F|17/100
|-ability|p1b: Incineroar|Intimidate|boost
|-unboost|p2a: Incineroar|atk|1
|-fail|p2b: Dragapult|unboost|[from] ability: Clear Body|[of] p2b: Dragapult
|-terastallize|p2b: Dragapult|Ghost
|move|p2b: Dragapult|Tera Blast|p1a: Metagross|[anim] Tera Blast Ghost
|-supereffective|p1a: Metagross
|-damage|p1a: Metagross|0 fnt
|faint|p1a: Metagross
|move|p2a: Incineroar|Flare Blitz|p1b: Incineroar
|-resisted|p1b: Incineroar
|-damage|p1b: Incineroar|4/100
|-damage|p2a: Incineroar|77/100|[from] Recoil
|
|upkeep
|
|t:|1757232548
|switch|p1a: Ursaluna|Ursaluna-Bloodmoon, L50, M|61/100
|turn|7
|
|t:|1757232557
|move|p1b: Incineroar|Fake Out|p2a: Incineroar
|-damage|p2a: Incineroar|67/100
|move|p2b: Dragapult|Dragon Darts|p1a: Ursaluna
|-damage|p1a: Ursaluna|40/100
|-anim|p2b: Dragapult|Dragon Darts|p1b: Incineroar
|-damage|p1b: Incineroar|0 fnt
|faint|p1b: Incineroar
|cant|p2a: Incineroar|flinch
|move|p1a: Ursaluna|Blood Moon|p2b: Dragapult
|-damage|p2b: Dragapult|0 fnt
|faint|p2b: Dragapult
|
|upkeep
|turn|8
|
|t:|1757232572
|move|p2a: Incineroar|Flare Blitz|p1a: Ursaluna
|-damage|p1a: Ursaluna|17/100
|-damage|p2a: Incineroar|60/100|[from] Recoil
|move|p1a: Ursaluna|Earth Power|p2a: Incineroar
|-supereffective|p2a: Incineroar
|-damage|p2a: Incineroar|0 fnt
|faint|p2a: Incineroar
|
|win|strikermohamud
