|j|☆felasmiguel
|j|☆Daniw9
|html|felasmiguelDaniw9    
|uhtml|bestof|Game 1 of a best-of-3
|t:|1756522038
|gametype|doubles
|player|p1|felasmiguel|scientist|1176
|player|p2|Daniw9|170|1178
|gen|9
|tier|[Gen 9] VGC 2025 Reg H (Bo3)
|rated|
|rule|Species Clause: Limit one of each Pokémon
|rule|Item Clause: Limit 1 of each item
|clearpoke
|poke|p1|Metagross, L50|
|poke|p1|Mienshao, L50, F|
|poke|p1|Sinistcha, L50|
|poke|p1|Frosmoth, L50, F|
|poke|p1|Glimmora, L50, F|
|poke|p1|Zoroark-Hisui, L50, M|
|poke|p2|Garchomp, L50, M|
|poke|p2|Tyranitar, L50, F|
|poke|p2|Delphox, L50, M|
|poke|p2|Indeedee-F, L50, F|
|poke|p2|Gallade, L50, M|
|poke|p2|Whimsicott, L50, F|
|teampreview|4
|showteam|p1|Metagross||AssaultVest|ClearBody|HardPress,PsychicFangs,BulletPunch,StompingTantrum||||||50|,,,,,Dragon]Mienshao||FocusSash|InnerFocus|CloseCombat,WideGuard,Taunt,Coaching|||F|||50|,,,,,Fighting]Sinistcha||RockyHelmet|Hospitality|LifeDew,MatchaGotcha,RagePowder,TrickRoom||||||50|,,,,,Water]Frosmoth||SafetyGoggles|IceScales|QuiverDance,IceBeam,TeraBlast,Protect|||F|||50|,,,,,Electric]Glimmora||PowerHerb|Corrosion|MeteorBeam,Toxic,SpikyShield,EarthPower|||F|||50|,,,,,Grass]Zoroark-Hisui||ChoiceScarf|Illusion|IcyWind,ShadowBall,HyperVoice,Trick|||M|||50|,,,,,Stellar
|showteam|p2|Garchomp||LifeOrb|SandVeil|Earthquake,StompingTantrum,Protect,DragonClaw|||M|||50|,,,,,Steel]Tyranitar||AssaultVest|SandStream|RockSlide,TeraBlast,KnockOff,LowKick|||F|||50|,,,,,Flying]Delphox||PsychicSeed|Magician|ExpandingForce,HeatWave,TeraBlast,Protect|||M|||50|,,,,,Fairy]Indeedee-F||SafetyGoggles|PsychicSurge|DazzlingGleam,TrickRoom,FollowMe,HelpingHand|||F|||50|,,,,,Water]Gallade||ClearAmulet|Sharpness|SacredSword,PsychoCut,TrickRoom,Protect|||M|||50|,,,,,Grass]Whimsicott||CovertCloak|Prankster|Moonblast,Tailwind,Encore,Protect|||F|||50|,,,,,Ghost
|inactive|Battle timer is ON: inactive players will automatically lose when time's up. (requested by Daniw9)
|
|t:|1756522098
|teamsize|p1|4
|teamsize|p2|4
|start
|switch|p1a: Frosmoth|Frosmoth, L50, F|100/100
|switch|p1b: Mienshao|Mienshao, L50, F|100/100
|switch|p2a: Delphox|Delphox, L50, M|100/100
|switch|p2b: Garchomp|Garchomp, L50, M|100/100
|turn|1
|inactive|felasmiguel has 30 seconds left.
|
|t:|1756522132
|switch|p2b: Tyranitar|Tyranitar, L50, F|100/100
|-weather|Sandstorm|[from] ability: Sand Stream|[of] p2b: Tyranitar
|move|p1a: Frosmoth|Protect|p1a: Frosmoth
|-singleturn|p1a: Frosmoth|Protect
|move|p1b: Mienshao|Coaching|p1a: Frosmoth
|-boost|p1a: Frosmoth|atk|1
|-boost|p1a: Frosmoth|def|1
|move|p2a: Delphox|Expanding Force|p1b: Mienshao
|-supereffective|p1b: Mienshao
|-enditem|p1b: Mienshao|Focus Sash
|-damage|p1b: Mienshao|1/100
|
|-weather|Sandstorm|[upkeep]
|-damage|p1b: Mienshao|0 fnt|[from] Sandstorm
|-damage|p2a: Delphox|95/100|[from] Sandstorm
|faint|p1b: Mienshao
|upkeep
|
|t:|1756522142
|switch|p1b: Metagross|Metagross, L50|100/100
|turn|2
|
|t:|1756522158
|-terastallize|p1a: Frosmoth|Electric
|-terastallize|p2b: Tyranitar|Flying
|move|p2a: Delphox|Heat Wave|p1a: Frosmoth|[spread] p1a,p1b
|-supereffective|p1b: Metagross
|-damage|p1a: Frosmoth|80/100
|-damage|p1b: Metagross|55/100
|move|p1a: Frosmoth|Quiver Dance|p1a: Frosmoth
|-boost|p1a: Frosmoth|spa|1
|-boost|p1a: Frosmoth|spd|1
|-boost|p1a: Frosmoth|spe|1
|move|p2b: Tyranitar|Rock Slide|p1a: Frosmoth|[spread] p1a,p1b
|-resisted|p1b: Metagross
|-damage|p1a: Frosmoth|55/100
|-damage|p1b: Metagross|42/100
|move|p1b: Metagross|Hard Press|p2b: Tyranitar
|-damage|p2b: Tyranitar|51/100
|
|-weather|Sandstorm|[upkeep]
|-damage|p2a: Delphox|89/100|[from] Sandstorm
|-damage|p2b: Tyranitar|45/100|[from] Sandstorm
|upkeep
|turn|3
|inactive|felasmiguel has 30 seconds left.
|inactive|Daniw9 has 30 seconds left.
|inactive|felasmiguel has 20 seconds left.
|inactive|felasmiguel has 15 seconds left.
|inactive|felasmiguel has 10 seconds left.
|inactive|felasmiguel has 5 seconds left.
|
|t:|1756522210
|switch|p2b: Indeedee|Indeedee-F, L50, F|100/100
|-fieldstart|move: Psychic Terrain|[from] ability: Psychic Surge|[of] p2b: Indeedee
|-enditem|p2a: Delphox|Psychic Seed
|-boost|p2a: Delphox|spd|1|[from] item: Psychic Seed
|move|p1b: Metagross|Bullet Punch|p2a: Delphox
|-activate|p2a: Delphox|move: Psychic Terrain
|move|p2a: Delphox|Heat Wave|p1b: Metagross|[spread] p1a,p1b
|-supereffective|p1b: Metagross
|-damage|p1a: Frosmoth|43/100
|-damage|p1b: Metagross|0 fnt
|faint|p1b: Metagross
|-item|p2a: Delphox|Safety Goggles|[from] ability: Magician|[of] p1a: Frosmoth
|move|p1a: Frosmoth|Ice Beam|p2b: Indeedee
|-damage|p2b: Indeedee|45/100
|
|-weather|Sandstorm|[upkeep]
|-damage|p1a: Frosmoth|37/100|[from] Sandstorm
|upkeep
|
|t:|1756522212
|switch|p1b: Sinistcha|Sinistcha, L50|100/100
|-heal|p1a: Frosmoth|62/100|[from] ability: Hospitality|[of] p1b: Sinistcha
|turn|4
|
|t:|1756522233
|move|p2b: Indeedee|Helping Hand|p2a: Delphox
|-singleturn|p2a: Delphox|Helping Hand|[of] p2b: Indeedee
|move|p2a: Delphox|Heat Wave|p1a: Frosmoth|[spread] p1a,p1b
|-supereffective|p1b: Sinistcha
|-damage|p1a: Frosmoth|44/100
|-damage|p1b: Sinistcha|0 fnt
|faint|p1b: Sinistcha
|move|p1a: Frosmoth|Tera Blast|p2b: Indeedee|[anim] Tera Blast Electric
|-damage|p2b: Indeedee|0 fnt
|faint|p2b: Indeedee
|
|-weather|Sandstorm|[upkeep]
|-damage|p1a: Frosmoth|38/100|[from] Sandstorm
|upkeep
|
|t:|1756522242
|switch|p2b: Garchomp|Garchomp, L50, M|100/100
|turn|5
|
|t:|1756522257
|move|p2b: Garchomp|Protect|p2b: Garchomp
|-singleturn|p2b: Garchomp|Protect
|move|p2a: Delphox|Expanding Force|p1a: Frosmoth
|-damage|p1a: Frosmoth|11/100
|move|p1a: Frosmoth|Ice Beam|p2b: Garchomp
|-activate|p2b: Garchomp|move: Protect
|
|-weather|none
|upkeep
|turn|6
|-message|felasmiguel forfeited.
|
|win|Daniw9
|l|☆felasmiguel
|player|p1|
||felasmiguel is ready for game 2.
||Daniw9 is ready for game 2.
|uhtml|next|Next: Game 2 of 3
