|j|☆FavonDe
|j|☆FRD DecK
|html|FavonDeFRD DecK    
|uhtml|bestof|Game 2 of a best-of-3
|t:|1785611906
|gametype|doubles
|player|p1|FavonDe|1|
|player|p2|FRD DecK|cheren-gen5bw2|
|gen|9
|tier|[Gen 9 Champions] VGC 2026 Reg M-B (Bo3)
|rule|Species Clause: Limit one of each Pokémon
|rule|Item Clause: Limit 1 of each item
|clearpoke
|poke|p1|Emboar, L50, M, shiny|
|poke|p1|Scolipede, L50, F|
|poke|p1|Bellibolt, L50, F|
|poke|p1|Scrafty, L50, M|
|poke|p1|Mimikyu, L50, M|
|poke|p1|Corviknight, L50, F|
|poke|p2|Alakazam, L50, M|
|poke|p2|Meowstic, L50, M|
|poke|p2|Volcarona, L50, F|
|poke|p2|Scrafty, L50, M|
|poke|p2|Gardevoir, L50, F|
|poke|p2|Conkeldurr, L50, M|
|teampreview|4
|showteam|p1|Emboar||Emboarite|Reckless|CloseCombat,FlareBlitz,HighHorsepower,Protect|Adamant||M|||50|]Scolipede||FocusSash|SpeedBoost|PoisonJab,SwordsDance,BatonPass,Protect|Adamant||F|||50|]Bellibolt||Magnet|Electromorphosis|ParabolicCharge,Thunderbolt,MuddyWater,Protect|Modest||F|||50|]Scrafty||SitrusBerry|Intimidate|DrainPunch,KnockOff,FakeOut,Detect|Careful||M|||50|]Mimikyu||LifeOrb|Disguise|PlayRough,ShadowSneak,ShadowClaw,TrickRoom|Adamant||M|||50|]Corviknight||Leftovers|MirrorArmor|BraveBird,IronHead,Roost,Tailwind|Adamant||F|||50|
|showteam|p2|Alakazam||Alakazite|Synchronize|ExpandingForce,DazzlingGleam,Substitute,Protect|Timid||M|||50|]Meowstic||FocusSash|Prankster|PsychicTerrain,HelpingHand,ThunderWave,Psychic|Modest||M|||50|]Volcarona||Leftovers|FlameBody|HeatWave,RagePowder,WillOWisp,Protect|Modest||F|||50|]Scrafty||SitrusBerry|Intimidate|CloseCombat,Snarl,KnockOff,FakeOut|Careful||M|||50|]Gardevoir||Gardevoirite|Trace|HyperVoice,ExpandingForce,TrickRoom,Protect|Quiet||F|||50|]Conkeldurr||LifeOrb|SheerForce|BodySlam,HammerArm,RockSlide,Protect|Brave||M|||50|
|inactive|Battle timer is ON: inactive players will automatically lose when time's up. (requested by FRD DecK)
|inactive|FavonDe has 60 seconds left.
|inactive|FRD DecK has 60 seconds left.
|
|t:|1785611969
|teamsize|p1|4
|teamsize|p2|4
|start
|switch|p1a: Mike Muscala|Scolipede, L50, F|100/100
|switch|p1b: Abete|Scrafty, L50, M|100/100
|switch|p2a: Meowstic|Meowstic, L50, M|100/100
|switch|p2b: Volcarona|Volcarona, L50, F|100/100
|-ability|p1b: Abete|Intimidate|boost
|-unboost|p2a: Meowstic|atk|1
|-unboost|p2b: Volcarona|atk|1
|turn|1
|inactive|FavonDe has 30 seconds left.
|
|t:|1785612003
|move|p1b: Abete|Fake Out|p2b: Volcarona
|-damage|p2b: Volcarona|90/100
|-status|p1b: Abete|brn|[from] ability: Flame Body|[of] p2b: Volcarona
|move|p2a: Meowstic|Thunder Wave|p1a: Mike Muscala
|-status|p1a: Mike Muscala|par
|cant|p2b: Volcarona|flinch
|cant|p1a: Mike Muscala|par
|
|-heal|p2b: Volcarona|96/100|[from] item: Leftovers
|-damage|p1b: Abete|94/100 brn|[from] brn
|-ability|p1a: Mike Muscala|Speed Boost|boost
|-boost|p1a: Mike Muscala|spe|1
|upkeep
|turn|2
|inactive|FavonDe has 30 seconds left.
|c|☆FRD DecK|Mb
|inactive|FavonDe has 20 seconds left.
|inactive|FavonDe has 15 seconds left.
|inactive|FavonDe has 10 seconds left.
|
|t:|1785612050
|move|p2a: Meowstic|Helping Hand|p2b: Volcarona
|-singleturn|p2b: Volcarona|Helping Hand|[of] p2a: Meowstic
|move|p1a: Mike Muscala|Protect|p1a: Mike Muscala
|-singleturn|p1a: Mike Muscala|Protect
|move|p2b: Volcarona|Heat Wave|p1b: Abete|[spread] p1b
|-activate|p1a: Mike Muscala|move: Protect
|-crit|p1b: Abete
|-damage|p1b: Abete|31/100 brn
|-enditem|p1b: Abete|Sitrus Berry|[eat]
|-heal|p1b: Abete|56/100 brn|[from] item: Sitrus Berry
|move|p1b: Abete|Knock Off|p2a: Meowstic
|-supereffective|p2a: Meowstic|1
|-damage|p2a: Meowstic|57/100
|-enditem|p2a: Meowstic|Focus Sash|[from] move: Knock Off|[of] p1b: Abete
|
|-heal|p2b: Volcarona|100/100|[from] item: Leftovers
|-damage|p1b: Abete|50/100g brn|[from] brn
|-ability|p1a: Mike Muscala|Speed Boost|boost
|-boost|p1a: Mike Muscala|spe|1
|upkeep
|turn|3
|inactive|FavonDe has 30 seconds left.
|inactive|FavonDe has 20 seconds left.
|inactive|FavonDe has 15 seconds left.
|inactive|FavonDe has 10 seconds left.
|inactive|FavonDe has 5 seconds left.
|
|t:|1785612100
|switch|p1b: Melagoodo|Mimikyu, L50, M|100/100
|move|p1a: Mike Muscala|Poison Jab|p2b: Volcarona
|-damage|p2b: Volcarona|60/100
|move|p2a: Meowstic|Psychic|p1a: Mike Muscala
|-supereffective|p1a: Mike Muscala|1
|-crit|p1a: Mike Muscala
|-enditem|p1a: Mike Muscala|Focus Sash
|-damage|p1a: Mike Muscala|1/100 par
|-unboost|p1a: Mike Muscala|spd|1
|move|p2b: Volcarona|Heat Wave|p1a: Mike Muscala|[spread] p1a,p1b
|-supereffective|p1a: Mike Muscala|1
|-damage|p1a: Mike Muscala|0 fnt
|-activate|p1b: Melagoodo|ability: Disguise
|-damage|p1b: Melagoodo|100/100
|detailschange|p1b: Melagoodo|Mimikyu-Busted, L50, M
|-damage|p1b: Melagoodo|87/100|[from] pokemon: Mimikyu-Busted
|faint|p1a: Mike Muscala
|
|-heal|p2b: Volcarona|67/100|[from] item: Leftovers
|upkeep
|inactive|FavonDe has 30 seconds left.
|inactive|FavonDe has 20 seconds left.
|inactive|FavonDe has 15 seconds left.
|
|t:|1785612144
|switch|p1a: Mela Goduta|Corviknight, L50, F|100/100
|turn|4
|inactive|FavonDe has 30 seconds left.
|
|t:|1785612171
|move|p2a: Meowstic|Helping Hand|p2b: Volcarona
|-singleturn|p2b: Volcarona|Helping Hand|[of] p2a: Meowstic
|move|p2b: Volcarona|Heat Wave|p1a: Mela Goduta|[spread] p1a,p1b
|-supereffective|p1a: Mela Goduta|1
|-damage|p1a: Mela Goduta|0 fnt
|-damage|p1b: Melagoodo|33/100
|-status|p1b: Melagoodo|brn
|faint|p1a: Mela Goduta
|move|p1b: Melagoodo|Shadow Claw|p2b: Volcarona
|-crit|p2b: Volcarona
|-damage|p2b: Volcarona|33/100
|-damage|p1b: Melagoodo|23/100 brn|[from] item: Life Orb
|
|-heal|p2b: Volcarona|39/100|[from] item: Leftovers
|-damage|p1b: Melagoodo|17/100 brn|[from] brn
|upkeep
|c|☆FRD DecK|Mb
|
|t:|1785612189
|switch|p1a: Abete|Scrafty, L50, M|50/100g brn
|-ability|p1a: Abete|Intimidate|boost
|-unboost|p2a: Meowstic|atk|1
|-unboost|p2b: Volcarona|atk|1
|turn|5
|-message|FavonDe forfeited.
|
|win|FRD DecK
|l|☆FavonDe
|player|p1|
