|j|☆AbadanRiyi92
|j|☆B0mb3r6969
|html|AbadanRiyi92B0mb3r6969    
|uhtml|bestof|Game 1 of a best-of-3
|t:|1785296836
|gametype|doubles
|player|p1|AbadanRiyi92|colress|1071
|player|p2|B0mb3r6969|cynthia-gen4|1054
|gen|9
|tier|[Gen 9 Champions] VGC 2026 Reg M-B (Bo3)
|rated|
|rule|Species Clause: Limit one of each Pokémon
|rule|Item Clause: Limit 1 of each item
|clearpoke
|poke|p1|Gengar, L50, M, shiny|
|poke|p1|Maushold-Four, L50|
|poke|p1|Annihilape, L50, F|
|poke|p1|Incineroar, L50, M|
|poke|p1|Politoed, L50, F, shiny|
|poke|p1|Archaludon, L50, M|
|poke|p2|Araquanid, L50, M|
|poke|p2|Sinistcha-Masterpiece, L50|
|poke|p2|Delphox, L50, M|
|poke|p2|Swampert, L50, F|
|poke|p2|Venusaur, L50, M|
|poke|p2|Meowstic, L50, M|
|teampreview|4
|showteam|p1|Gengar||Gengarite|CursedBody|ShadowBall,Disable,PerishSong,Protect|Timid||M|||50|]Maushold-Four||FocusSash|FriendGuard|FollowMe,Encore,BeatUp,Protect|Jolly|||||50|]Annihilape||RoseliBerry|Defiant|RageFist,DrainPunch,BulkUp,Protect|Adamant||F|||50|]Incineroar||PasshoBerry|Intimidate|PartingShot,ThroatChop,Protect,FakeOut|Sassy||M|||50|]Politoed||SitrusBerry|Drizzle|WeatherBall,Encore,PerishSong,Protect|Calm||F|||50|]Archaludon||Leftovers|Stamina|DragonPulse,FlashCannon,ElectroShot,Protect|Bold||M|||50|
|showteam|p2|Araquanid||Leftovers|WaterBubble|SkitterSmack,LeechLife,Liquidation,Protect|Adamant||M|||50|]Sinistcha-Masterpiece||ColburBerry|Hospitality|MatchaGotcha,ShadowBall,StrengthSap,LifeDew|Bold|||||50|]Delphox||Delphoxite|Blaze|Protect,ExpandingForce,NastyPlot,HeatWave|Timid||M|||50|]Swampert||Swampertite|Damp|HighHorsepower,IcePunch,Liquidation,PoisonJab|Adamant||F|||50|]Venusaur||CobaBerry|Chlorophyll|SleepPowder,SludgeBomb,WeatherBall,Protect|Calm||M|||50|]Meowstic||ScopeLens|Prankster|Reflect,Charm,ExpandingForce,PsychicTerrain|Bold||M|||50|
|inactive|Battle timer is ON: inactive players will automatically lose when time's up. (requested by B0mb3r6969)
|inactive|AbadanRiyi92 has 60 seconds left.
|inactive|B0mb3r6969 has 60 seconds left.
|inactive|AbadanRiyi92 has 30 seconds left.
|
|t:|1785296903
|teamsize|p1|4
|teamsize|p2|4
|start
|switch|p1a: Gengar|Gengar, L50, M, shiny|100/100
|switch|p1b: Archaludon|Archaludon, L50, M|100/100
|switch|p2a: Meowstic|Meowstic, L50, M|100/100
|switch|p2b: Sinistcha|Sinistcha-Masterpiece, L50|100/100
|turn|1
|inactive|AbadanRiyi92 has 30 seconds left.
|
|t:|1785296935
|detailschange|p1a: Gengar|Gengar-Mega, L50, M, shiny
|-mega|p1a: Gengar|Gengar|Gengarite
|move|p2a: Meowstic|Psychic Terrain|p2a: Meowstic
|-fieldstart|move: Psychic Terrain
|move|p1a: Gengar|Shadow Ball|p2b: Sinistcha
|-supereffective|p2b: Sinistcha|1
|-damage|p2b: Sinistcha|8/100
|-unboost|p2b: Sinistcha|spd|1
|move|p1b: Archaludon|Dragon Pulse|p2b: Sinistcha
|-damage|p2b: Sinistcha|0 fnt
|faint|p2b: Sinistcha
|
|upkeep
|
|t:|1785296947
|switch|p2b: Delphox|Delphox, L50, M|100/100
|turn|2
|
|t:|1785296969
|switch|p1b: Incineroar|Incineroar, L50, M|100/100
|-ability|p1b: Incineroar|Intimidate|boost
|-unboost|p2a: Meowstic|atk|1
|-unboost|p2b: Delphox|atk|1
|move|p2b: Delphox|Protect|p2b: Delphox
|-singleturn|p2b: Delphox|Protect
|move|p1a: Gengar|Protect|p1a: Gengar
|-singleturn|p1a: Gengar|Protect
|move|p2a: Meowstic|Expanding Force|p1a: Gengar|[spread] 
|-activate|p1a: Gengar|move: Protect
|-immune|p1b: Incineroar
|
|upkeep
|turn|3
|inactive|AbadanRiyi92 has 30 seconds left.
|
|t:|1785297003
|detailschange|p2b: Delphox|Delphox-Mega, L50, M
|-mega|p2b: Delphox|Delphox|Delphoxite
|move|p1b: Incineroar|Fake Out|p2b: Delphox
|-hint|Psychic Terrain doesn't affect airborne Pokémon.
|-crit|p2b: Delphox
|-damage|p2b: Delphox|76/100
|cant|p2b: Delphox|flinch
|move|p1a: Gengar|Shadow Ball|p2a: Meowstic
|-supereffective|p2a: Meowstic|1
|-damage|p2a: Meowstic|6/100
|move|p2a: Meowstic|Expanding Force|p1b: Incineroar|[spread] p1a
|-immune|p1b: Incineroar
|-supereffective|p1a: Gengar|1
|-crit|p1a: Gengar
|-damage|p1a: Gengar|5/100
|
|upkeep
|turn|4
|
|t:|1785297023
|move|p2b: Delphox|Protect|p2b: Delphox
|-singleturn|p2b: Delphox|Protect
|move|p1a: Gengar|Protect|p1a: Gengar
|-singleturn|p1a: Gengar|Protect
|move|p2a: Meowstic|Expanding Force|p1b: Incineroar|[spread] 
|-activate|p1a: Gengar|move: Protect
|-immune|p1b: Incineroar
|move|p1b: Incineroar|Parting Shot|p2b: Delphox
|-activate|p2b: Delphox|move: Protect
|
|upkeep
|turn|5
|
|t:|1785297041
|switch|p1a: Politoed|Politoed, L50, F, shiny|100/100
|-weather|RainDance|[from] ability: Drizzle|[of] p1a: Politoed
|move|p2b: Delphox|Nasty Plot|p2b: Delphox
|-boost|p2b: Delphox|spa|2
|move|p2a: Meowstic|Expanding Force|p1a: Politoed|[spread] p1a
|-immune|p1b: Incineroar
|-damage|p1a: Politoed|73/100
|move|p1b: Incineroar|Throat Chop|p2b: Delphox
|-supereffective|p2b: Delphox|1
|-damage|p2b: Delphox|0 fnt
|faint|p2b: Delphox
|
|-weather|RainDance|[upkeep]
|-fieldend|move: Psychic Terrain
|upkeep
|-message|B0mb3r6969 forfeited.
|raw|AbadanRiyi92's rating: 1071 → 1099(+28 for winning)
|raw|B0mb3r6969's rating: 1054 → 1037(-17 for losing)
|
|win|AbadanRiyi92
|l|☆B0mb3r6969
|player|p2|
