|j|☆smalltownkirlia
|j|☆eltsurito
|html|smalltownkirliaeltsurito    
|uhtml|bestof|Game 2 of a best-of-3
|t:|1756957045
|gametype|doubles
|player|p1|smalltownkirlia|whitney|
|player|p2|eltsurito|2|
|gen|9
|tier|[Gen 9] VGC 2025 Reg H (Bo3)
|rule|Species Clause: Limit one of each Pokémon
|rule|Item Clause: Limit 1 of each item
|clearpoke
|poke|p1|Sneasler, L50, M|
|poke|p1|Indeedee, L50, M|
|poke|p1|Volcarona, L50, F|
|poke|p1|Ursaluna-Bloodmoon, L50, M|
|poke|p1|Annihilape, L50, M|
|poke|p1|Tyranitar, L50, M|
|poke|p2|Sneasler, L50, M|
|poke|p2|Indeedee, L50, M|
|poke|p2|Volcarona, L50, M|
|poke|p2|Ursaluna-Bloodmoon, L50, M|
|poke|p2|Annihilape, L50, M|
|poke|p2|Tyranitar, L50, M|
|teampreview|4
|showteam|p1|Sneasler||PsychicSeed|Unburden|CloseCombat,DireClaw,ThroatChop,Protect|||M|||50|,,,,,Dark]Indeedee||ChoiceScarf|PsychicSurge|ExpandingForce,TeraBlast,Trick,Protect|||M|||50|,,,,,Psychic]Volcarona||SitrusBerry|FlameBody|Overheat,StruggleBug,RagePowder,Tailwind|||F|||50|,,,,,Grass]Ursaluna-Bloodmoon||LifeOrb|MindsEye|BloodMoon,HyperVoice,EarthPower,Protect|||M|||50|,,,,,Normal]Annihilape||SafetyGoggles|Defiant|CloseCombat,RageFist,Taunt,FinalGambit|||M|||50|,,,,,Fairy]Tyranitar||AssaultVest|SandStream|RockSlide,KnockOff,TeraBlast,LowKick|||M|||50|,,,,,Flying
|showteam|p2|Sneasler||PsychicSeed|Unburden|CloseCombat,DireClaw,ThroatChop,Protect|||M|||50|,,,,,Dark]Indeedee||ChoiceScarf|PsychicSurge|ExpandingForce,TeraBlast,Trick,Protect|||M|||50|,,,,,Psychic]Volcarona||SitrusBerry|FlameBody|Overheat,StruggleBug,RagePowder,Tailwind|||M|||50|,,,,,Grass]Ursaluna-Bloodmoon||LifeOrb|MindsEye|BloodMoon,HyperVoice,EarthPower,Protect|||M|||50|,,,,,Normal]Annihilape||SafetyGoggles|Defiant|CloseCombat,RageFist,Taunt,FinalGambit|||M|||50|,,,,,Fairy]Tyranitar||AssaultVest|SandStream|RockSlide,KnockOff,TeraBlast,LowKick|||M|||50|,,,,,Flying
|inactive|Battle timer is ON: inactive players will automatically lose when time's up. (requested by smalltownkirlia)
|inactive|smalltownkirlia has 60 seconds left.
|inactive|eltsurito has 60 seconds left.
|inactive|smalltownkirlia has 30 seconds left.
|inactive|smalltownkirlia has 20 seconds left.
|
|t:|1756957120
|teamsize|p1|4
|teamsize|p2|4
|start
|switch|p1a: Sneasler|Sneasler, L50, M|100/100
|switch|p1b: Indeedee|Indeedee, L50, M|100/100
|switch|p2a: Sneasler|Sneasler, L50, M|100/100
|switch|p2b: Volcarona|Volcarona, L50, M|100/100
|-fieldstart|move: Psychic Terrain|[from] ability: Psychic Surge|[of] p1b: Indeedee
|-enditem|p2a: Sneasler|Psychic Seed
|-boost|p2a: Sneasler|spd|1|[from] item: Psychic Seed
|-enditem|p1a: Sneasler|Psychic Seed
|-boost|p1a: Sneasler|spd|1|[from] item: Psychic Seed
|turn|1
|inactive|smalltownkirlia has 30 seconds left.
|inactive|eltsurito has 30 seconds left.
|inactive|smalltownkirlia has 20 seconds left.
|inactive|smalltownkirlia has 15 seconds left.
|inactive|smalltownkirlia has 10 seconds left.
|inactive|smalltownkirlia has 5 seconds left.
|
|t:|1756957174
|move|p2a: Sneasler|Protect|p2a: Sneasler
|-singleturn|p2a: Sneasler|Protect
|move|p1a: Sneasler|Close Combat|p2a: Sneasler
|-activate|p2a: Sneasler|move: Protect
|move|p1b: Indeedee|Trick|p2b: Volcarona
|-activate|p1b: Indeedee|move: Trick|[of] p2b: Volcarona
|-item|p2b: Volcarona|Choice Scarf|[from] move: Trick
|-item|p1b: Indeedee|Sitrus Berry|[from] move: Trick
|move|p2b: Volcarona|Struggle Bug|p1a: Sneasler|[spread] p1a,p1b
|-resisted|p1a: Sneasler
|-supereffective|p1b: Indeedee
|-damage|p1a: Sneasler|97/100
|-damage|p1b: Indeedee|56/100
|-unboost|p1a: Sneasler|spa|1
|-unboost|p1b: Indeedee|spa|1
|
|upkeep
|turn|2
|inactive|smalltownkirlia has 30 seconds left.
|inactive|eltsurito has 30 seconds left.
|inactive|eltsurito has 20 seconds left.
|inactive|eltsurito has 15 seconds left.
|inactive|eltsurito has 10 seconds left.
|
|t:|1756957219
|switch|p1b: Annihilape|Annihilape, L50, M|100/100
|-terastallize|p2a: Sneasler|Dark
|move|p2a: Sneasler|Throat Chop|p1a: Sneasler
|-resisted|p1a: Sneasler
|-damage|p1a: Sneasler|60/100
|-start|p1a: Sneasler|Throat Chop|[silent]
|move|p1a: Sneasler|Dire Claw|p2a: Sneasler
|-crit|p2a: Sneasler
|-damage|p2a: Sneasler|0 fnt
|faint|p2a: Sneasler
|move|p2b: Volcarona|Struggle Bug|p1b: Annihilape|[spread] p1a,p1b
|-resisted|p1a: Sneasler
|-resisted|p1b: Annihilape
|-damage|p1a: Sneasler|57/100
|-damage|p1b: Annihilape|97/100
|-unboost|p1a: Sneasler|spa|1
|-unboost|p1b: Annihilape|spa|1
|-ability|p1b: Annihilape|Defiant|boost
|-boost|p1b: Annihilape|atk|2
|
|upkeep
|inactive|eltsurito has 30 seconds left.
|
|t:|1756957250
|switch|p2a: Annihilape|Annihilape, L50, M|100/100
|turn|3
|
|t:|1756957268
|switch|p2b: Tyranitar|Tyranitar, L50, M|100/100
|-weather|Sandstorm|[from] ability: Sand Stream|[of] p2b: Tyranitar
|move|p1a: Sneasler|Dire Claw|p2a: Annihilape
|-resisted|p2a: Annihilape
|-damage|p2a: Annihilape|76/100
|-status|p2a: Annihilape|slp
|cant|p2a: Annihilape|slp
|move|p1b: Annihilape|Rage Fist|p2a: Annihilape
|-supereffective|p2a: Annihilape
|-damage|p2a: Annihilape|0 fnt
|faint|p2a: Annihilape
|
|-weather|Sandstorm|[upkeep]
|-damage|p1a: Sneasler|51/100|[from] Sandstorm
|-end|p1a: Sneasler|Throat Chop|[silent]
|upkeep
|
|t:|1756957283
|switch|p2a: Volcarona|Volcarona, L50, M|100/100
|turn|4
|
|t:|1756957303
|-terastallize|p1b: Annihilape|Fairy
|move|p1a: Sneasler|Dire Claw|p2a: Volcarona
|-damage|p2a: Volcarona|45/100
|-status|p2a: Volcarona|par
|move|p1b: Annihilape|Close Combat|p2b: Tyranitar
|-supereffective|p2b: Tyranitar
|-damage|p2b: Tyranitar|0 fnt
|-unboost|p1b: Annihilape|def|1
|-unboost|p1b: Annihilape|spd|1
|faint|p2b: Tyranitar
|cant|p2a: Volcarona|par
|
|-weather|Sandstorm|[upkeep]
|-damage|p1a: Sneasler|45/100|[from] Sandstorm
|-damage|p2a: Volcarona|39/100 par|[from] Sandstorm
|upkeep
|turn|5
|
|t:|1756957319
|move|p1a: Sneasler|Dire Claw|p2a: Volcarona
|-damage|p2a: Volcarona|0 fnt
|-status|p1a: Sneasler|brn|[from] ability: Flame Body|[of] p2a: Volcarona
|faint|p2a: Volcarona
|
|win|smalltownkirlia
||eltsurito is ready for game 3.
||smalltownkirlia is ready for game 3.
|uhtml|next|Next: Game 3 of 3
