|j|☆pitoune901
|j|☆uyyyyyyjji
|html|pitoune901uyyyyyyjji    
|uhtml|bestof|Game 1 of a best-of-3
|t:|1785844210
|gametype|doubles
|player|p1|pitoune901|canari|1154
|player|p2|uyyyyyyjji|red|1040
|gen|9
|tier|[Gen 9 Champions] VGC 2026 Reg M-B (Bo3)
|rated|
|rule|Species Clause: Limit one of each Pokémon
|rule|Item Clause: Limit 1 of each item
|clearpoke
|poke|p1|Metagross, L50|
|poke|p1|Sableye, L50, M|
|poke|p1|Quaquaval, L50, F, shiny|
|poke|p1|Delphox, L50, M, shiny|
|poke|p1|Raichu, L50, M|
|poke|p1|Sneasler, L50, F|
|poke|p2|Charizard, L50, F, shiny|
|poke|p2|Gallade, L50, M, shiny|
|poke|p2|Garchomp, L50, M|
|poke|p2|Incineroar, L50, M, shiny|
|poke|p2|Hatterene, L50, F, shiny|
|poke|p2|Tyranitar, L50, M|
|teampreview|4
|showteam|p1|Metagross||LifeOrb|ClearBody|Protect,Explosion,MeteorMash,BulletPunch|Adamant|||||50|]Sableye||LightClay|Prankster|Reflect,LightScreen,Disable,Protect|Bold||M|||50|]Quaquaval||SitrusBerry|Moxie|AquaStep,CloseCombat,TripleAxel,Protect|Jolly||F|||50|]Delphox||Delphoxite|Blaze|Protect,HeatWave,FocusBlast,Psyshock|Timid||M|||50|]Raichu||RaichuniteY|Static|ZapCannon,FocusBlast,GrassKnot,Protect|Timid||M|||50|]Sneasler||WhiteHerb|Unburden|CloseCombat,DireClaw,FakeOut,Acrobatics|Adamant||F|||50|
|showteam|p2|Charizard||CharizarditeY|Blaze|SolarBeam,Overheat,Protect,WeatherBall|Modest||F|||50|]Gallade||ExpertBelt|Sharpness|PsychoCut,SacredSword,SolarBlade,SwordsDance|Adamant||M|||50|]Garchomp||Garchompite|RoughSkin|DragonClaw,Earthquake,SwordsDance,IronHead|Adamant||M|||50|]Incineroar||Leftovers|Intimidate|FakeOut,PartingShot,FlareBlitz,Facade|Adamant||M|||50|]Hatterene||FocusSash|MagicBounce|DazzlingGleam,DrainingKiss,TrickRoom,Psychic|Modest||F|||50|]Tyranitar||SitrusBerry|SandStream|Curse,KnockOff,Roar,ThunderWave|Serious||M|||50|
|inactive|Battle timer is ON: inactive players will automatically lose when time's up. (requested by pitoune901)
|inactive|pitoune901 has 60 seconds left.
|
|t:|1785844242
|teamsize|p1|4
|teamsize|p2|4
|start
|switch|p1a: Metagross|Metagross, L50|100/100
|switch|p1b: Sableye|Sableye, L50, M|100/100
|switch|p2a: Charizard|Charizard, L50, F, shiny|100/100
|switch|p2b: Gallade|Gallade, L50, M, shiny|100/100
|turn|1
|
|t:|1785844263
|detailschange|p2a: Charizard|Charizard-Mega-Y, L50, F, shiny
|-mega|p2a: Charizard|Charizard|Charizardite Y
|-weather|SunnyDay|[from] ability: Drought|[of] p2a: Charizard
|move|p1a: Metagross|Protect|p1a: Metagross
|-singleturn|p1a: Metagross|Protect
|move|p1b: Sableye|Reflect|p1b: Sableye
|-sidestart|p1: pitoune901|Reflect
|move|p2a: Charizard|Weather Ball|p1a: Metagross
|-activate|p1a: Metagross|move: Protect
|move|p2b: Gallade|Swords Dance|p2b: Gallade
|-boost|p2b: Gallade|atk|2
|
|-weather|SunnyDay|[upkeep]
|upkeep
|turn|2
|
|t:|1785844283
|move|p1b: Sableye|Disable|p2a: Charizard
|-start|p2a: Charizard|Disable|Weather Ball
|cant|p2a: Charizard|Disable|Weather Ball
|move|p2b: Gallade|Solar Blade||[still]
|-prepare|p2b: Gallade|Solar Blade
|-anim|p2b: Gallade|Solar Blade|p1b: Sableye
|-damage|p1b: Sableye|10/100
|move|p1a: Metagross|Explosion|p2a: Charizard|[spread] p2a,p2b
|-immune|p1b: Sableye
|-damage|p2a: Charizard|0 fnt
|-damage|p2b: Gallade|0 fnt
|faint|p1a: Metagross
|faint|p2a: Charizard
|faint|p2b: Gallade
|
|-weather|SunnyDay|[upkeep]
|upkeep
|
|t:|1785844300
|switch|p2a: Hatterene|Hatterene, L50, F, shiny|100/100
|switch|p2b: Incineroar|Incineroar, L50, M, shiny|100/100
|switch|p1a: Raichu|Raichu, L50, M|100/100
|-ability|p2b: Incineroar|Intimidate|boost
|-unboost|p1a: Raichu|atk|1
|-unboost|p1b: Sableye|atk|1
|turn|3
|
|t:|1785844312
|detailschange|p1a: Raichu|Raichu-Mega-Y, L50, M
|-mega|p1a: Raichu|Raichu|Raichunite Y
|move|p2b: Incineroar|Fake Out|p1a: Raichu
|-damage|p1a: Raichu|81/100
|move|p1b: Sableye|Light Screen|p1b: Sableye
|-sidestart|p1: pitoune901|move: Light Screen
|cant|p1a: Raichu|flinch
|move|p2a: Hatterene|Trick Room|p2a: Hatterene
|-fieldstart|move: Trick Room|[of] p2a: Hatterene
|
|-weather|SunnyDay|[upkeep]
|upkeep
|turn|4
|
|t:|1785844341
|move|p1b: Sableye|Light Screen||[still]
|-fail|p1b: Sableye
|move|p2a: Hatterene|Dazzling Gleam|p1b: Sableye|[spread] p1a,p1b
|-supereffective|p1b: Sableye|1
|-damage|p1a: Raichu|46/100
|-damage|p1b: Sableye|0 fnt
|faint|p1b: Sableye
|move|p2b: Incineroar|Flare Blitz|p1a: Raichu
|-damage|p1a: Raichu|0 fnt
|faint|p1a: Raichu
|-damage|p2b: Incineroar|88/100|[from] Recoil
|
|-weather|SunnyDay|[upkeep]
|-heal|p2b: Incineroar|94/100|[from] item: Leftovers
|upkeep
|
|t:|1785844349
|switch|p1a: Quaquaval|Quaquaval, L50, F, shiny|100/100
|turn|5
|
|t:|1785844370
|move|p2a: Hatterene|Psychic|p1a: Quaquaval
|-supereffective|p1a: Quaquaval|1
|-damage|p1a: Quaquaval|0 fnt
|faint|p1a: Quaquaval
|
|win|uyyyyyyjji
||pitoune901 is ready for game 2.
|inactive|uyyyyyyjji has 30 seconds to confirm battle start!
|raw|pitoune901's rating: 1154 → 1171(+17 for winning)
|raw|uyyyyyyjji's rating: 1040 → 1029(-11 for losing)
|l|☆uyyyyyyjji
|player|p2|
