|j|☆ZephyrBreezy
|j|☆entei enthusiast
|html|ZephyrBreezyentei enthusiast    
|uhtml|bestof|Game 2 of a best-of-3
|t:|1783021410
|gametype|doubles
|player|p1|ZephyrBreezy|miku-water|1027
|player|p2|entei enthusiast|kamado-armor|1045
|gen|9
|tier|[Gen 9 Champions] VGC 2026 Reg M-B (Bo3)
|rated|
|rule|Species Clause: Limit one of each Pokémon
|rule|Item Clause: Limit 1 of each item
|clearpoke
|poke|p1|Chandelure, L50, F|
|poke|p1|Staraptor, L50, M|
|poke|p1|Annihilape, L50, M|
|poke|p1|Maushold, L50|
|poke|p1|Aerodactyl, L50, F|
|poke|p1|Farigiraf, L50, F|
|poke|p2|Gyarados, L50, M, shiny|
|poke|p2|Floette-Eternal, L50, F|
|poke|p2|Sneasler, L50, F|
|poke|p2|Sinistcha, L50|
|poke|p2|Garchomp, L50, F|
|poke|p2|Incineroar, L50, F|
|teampreview|4
|showteam|p1|Chandelure||Chandelurite|FlashFire|HeatWave,ShadowBall,CalmMind,Protect|Modest||F|||50|]Staraptor||ChoiceScarf|Intimidate|FinalGambit,BraveBird,CloseCombat,DoubleEdge|Jolly||M|||50|]Annihilape||Leftovers|Defiant|RageFist,DrainPunch,BulkUp,Protect|Adamant||M|||50|]Maushold||FocusSash|FriendGuard|FollowMe,HelpingHand,BeatUp,SuperFang|Jolly|||||50|]Aerodactyl||Aerodactylite|Unnerve|RockSlide,Tailwind,WideGuard,DualWingbeat|Jolly||F|||50|]Farigiraf||ColburBerry|ArmorTail|TwinBeam,TrickRoom,HelpingHand,HyperVoice|Modest||F|||50|
|showteam|p2|Gyarados||Gyaradosite|Intimidate|Waterfall,LashOut,DragonDance,Protect|Adamant||M|||50|]Floette-Eternal||Floettite|FlowerVeil|DrainingKiss,DazzlingGleam,CalmMind,Protect|Timid||F|||50|]Sneasler||FocusSash|PoisonTouch|CloseCombat,DireClaw,FakeOut,Coaching|Jolly||F|||50|]Sinistcha||SitrusBerry|Hospitality|MatchaGotcha,LifeDew,RagePowder,Protect|Calm|||||50|]Garchomp||LifeOrb|RoughSkin|DragonClaw,RockSlide,Earthquake,Protect|Jolly||F|||50|]Incineroar||PasshoBerry|Intimidate|FlareBlitz,FakeOut,PartingShot,Taunt|Careful||F|||50|
|inactive|Battle timer is ON: inactive players will automatically lose when time's up. (requested by ZephyrBreezy)
|inactive|entei enthusiast has 60 seconds left.
|
|t:|1783021447
|teamsize|p1|4
|teamsize|p2|4
|start
|switch|p1a: Chandelure|Chandelure, L50, F|100/100
|switch|p1b: Aerodactyl|Aerodactyl, L50, F|100/100
|switch|p2a: Floette|Floette-Eternal, L50, F|100/100
|switch|p2b: Sinistcha|Sinistcha, L50|100/100
|-ability|p1b: Aerodactyl|Unnerve
|turn|1
|
|t:|1783021463
|switch|p2b: Garchomp|Garchomp, L50, F|100/100
|detailschange|p2a: Floette|Floette-Mega, L50, F
|-mega|p2a: Floette|Floette|Floettite
|-ability|p2a: Floette|Fairy Aura
|move|p1b: Aerodactyl|Rock Slide|p2a: Floette|[spread] p2a
|-miss|p1b: Aerodactyl|p2b: Garchomp
|-damage|p2a: Floette|70/100
|cant|p2a: Floette|flinch
|move|p1a: Chandelure|Calm Mind|p1a: Chandelure
|-boost|p1a: Chandelure|spa|1
|-boost|p1a: Chandelure|spd|1
|
|upkeep
|turn|2
|inactive|ZephyrBreezy has 30 seconds left.
|inactive|entei enthusiast has 30 seconds left.
|inactive|ZephyrBreezy has 20 seconds left.
|
|t:|1783021503
|detailschange|p1a: Chandelure|Chandelure-Mega, L50, F
|-mega|p1a: Chandelure|Chandelure|Chandelurite
|move|p2b: Garchomp|Protect|p2b: Garchomp
|-singleturn|p2b: Garchomp|Protect
|move|p1b: Aerodactyl|Wide Guard|p1b: Aerodactyl
|-singleturn|p1b: Aerodactyl|Wide Guard
|move|p2a: Floette|Calm Mind|p2a: Floette
|-boost|p2a: Floette|spa|1
|-boost|p2a: Floette|spd|1
|move|p1a: Chandelure|Heat Wave|p2b: Garchomp|[spread] p2a
|-activate|p2b: Garchomp|move: Protect
|-damage|p2a: Floette|36/100
|
|upkeep
|turn|3
|
|t:|1783021521
|switch|p2b: Sinistcha|Sinistcha, L50|100/100
|-heal|p2a: Floette|61/100|[from] ability: Hospitality|[of] p2b: Sinistcha
|move|p1b: Aerodactyl|Wide Guard|p1b: Aerodactyl
|-singleturn|p1b: Aerodactyl|Wide Guard
|move|p2a: Floette|Draining Kiss|p1b: Aerodactyl
|-damage|p1b: Aerodactyl|21/100
|-heal|p2a: Floette|100/100|[from] drain|[of] p1b: Aerodactyl
|move|p1a: Chandelure|Heat Wave|p2a: Floette|[spread] p2a,p2b
|-supereffective|p2b: Sinistcha|1
|-damage|p2a: Floette|66/100
|-damage|p2b: Sinistcha|0 fnt
|faint|p2b: Sinistcha
|
|upkeep
|
|t:|1783021532
|switch|p2b: Garchomp|Garchomp, L50, F|100/100
|turn|4
|
|t:|1783021554
|move|p1a: Chandelure|Protect|p1a: Chandelure
|-singleturn|p1a: Chandelure|Protect
|move|p1b: Aerodactyl|Tailwind|p1b: Aerodactyl
|-sidestart|p1: ZephyrBreezy|move: Tailwind
|move|p2b: Garchomp|Rock Slide|p1b: Aerodactyl|[spread] p1b
|-activate|p1a: Chandelure|move: Protect
|-supereffective|p1b: Aerodactyl|1
|-damage|p1b: Aerodactyl|0 fnt
|faint|p1b: Aerodactyl
|-damage|p2b: Garchomp|90/100|[from] item: Life Orb
|move|p2a: Floette|Draining Kiss|p1a: Chandelure
|-activate|p1a: Chandelure|move: Protect
|
|upkeep
|inactive|ZephyrBreezy has 30 seconds left.
|
|t:|1783021582
|switch|p1b: Staraptor|Staraptor, L50, M|100/100
|-ability|p1b: Staraptor|Intimidate|boost
|-unboost|p2a: Floette|atk|1
|-unboost|p2b: Garchomp|atk|1
|turn|5
|
|t:|1783021602
|move|p2a: Floette|Protect|p2a: Floette
|-singleturn|p2a: Floette|Protect
|move|p1b: Staraptor|Final Gambit|p2a: Floette
|-activate|p2a: Floette|move: Protect
|move|p1a: Chandelure|Calm Mind|p1a: Chandelure
|-boost|p1a: Chandelure|spa|1
|-boost|p1a: Chandelure|spd|1
|move|p2b: Garchomp|Earthquake|p1a: Chandelure|[spread] p1a
|-activate|p2a: Floette|move: Protect
|-immune|p1b: Staraptor
|-supereffective|p1a: Chandelure|1
|-damage|p1a: Chandelure|38/100
|-damage|p2b: Garchomp|80/100|[from] item: Life Orb
|
|upkeep
|turn|6
|inactive|entei enthusiast has 30 seconds left.
|inactive|entei enthusiast has 20 seconds left.
|inactive|entei enthusiast has 15 seconds left.
|
|t:|1783021645
|switch|p2a: Sneasler|Sneasler, L50, F|100/100
|move|p1b: Staraptor|Final Gambit|p2a: Sneasler
|-enditem|p2a: Sneasler|Focus Sash
|-damage|p2a: Sneasler|1/100
|faint|p1b: Staraptor
|move|p1a: Chandelure|Shadow Ball|p2b: Garchomp
|-damage|p2b: Garchomp|0 fnt
|faint|p2b: Garchomp
|
|upkeep
|
|t:|1783021657
|switch|p2b: Floette|Floette-Mega, L50, F|66/100
|switch|p1b: Maushold|Maushold, L50|100/100
|-ability|p2b: Floette|Fairy Aura
|turn|7
|inactive|entei enthusiast has 30 seconds left.
|
|t:|1783021683
|move|p2b: Floette|Protect|p2b: Floette
|-singleturn|p2b: Floette|Protect
|move|p2a: Sneasler|Fake Out|p1b: Maushold
|-damage|p1b: Maushold|80/100
|cant|p1b: Maushold|flinch
|move|p1a: Chandelure|Heat Wave|p2b: Floette|[spread] p2a
|-activate|p2b: Floette|move: Protect
|-damage|p2a: Sneasler|0 fnt
|faint|p2a: Sneasler
|
|-sideend|p1: ZephyrBreezy|move: Tailwind
|upkeep
|turn|8
|
|t:|1783021707
|move|p1b: Maushold|Helping Hand|p1a: Chandelure
|-singleturn|p1a: Chandelure|Helping Hand|[of] p1b: Maushold
|move|p2b: Floette|Dazzling Gleam|p1a: Chandelure|[spread] p1a,p1b
|-resisted|p1a: Chandelure|1
|-damage|p1a: Chandelure|31/100
|-damage|p1b: Maushold|32/100
|move|p1a: Chandelure|Shadow Ball|p2b: Floette
|-damage|p2b: Floette|0 fnt
|faint|p2b: Floette
|
|win|ZephyrBreezy
||ZephyrBreezy is ready for game 3.
|inactive|entei enthusiast has 30 seconds to confirm battle start!
||entei enthusiast is ready for game 3.
|uhtml|next|Next: Game 3 of 3
