|j|☆elmono11
|j|☆oscraft89
|html|elmono11oscraft89    
|uhtml|bestof|Game 1 of a best-of-3
|t:|1785702583
|gametype|doubles
|player|p1|elmono11|2|1382
|player|p2|oscraft89|ethan|1349
|gen|9
|tier|[Gen 9 Champions] VGC 2026 Reg M-B (Bo3)
|rated|
|rule|Species Clause: Limit one of each Pokémon
|rule|Item Clause: Limit 1 of each item
|clearpoke
|poke|p1|Kingambit, L50, F|
|poke|p1|Sneasler, L50, M|
|poke|p1|Froslass, L50, F|
|poke|p1|Lycanroc-Dusk, L50, M|
|poke|p1|Basculegion, L50, M|
|poke|p1|Scovillain, L50, M|
|poke|p2|Excadrill, L50, F|
|poke|p2|Tyranitar, L50, M|
|poke|p2|Sneasler, L50, M|
|poke|p2|Incineroar, L50, M|
|poke|p2|Froslass, L50, F|
|poke|p2|Sinistcha, L50|
|teampreview|4
|showteam|p1|Kingambit||LifeOrb|Defiant|KowtowCleave,SuckerPunch,SwordsDance,Protect|Adamant||F|||50|]Sneasler||WhiteHerb|Unburden|FakeOut,CloseCombat,DireClaw,Protect|Adamant||M|||50|]Froslass||Froslassite|SnowCloak|Blizzard,ShadowBall,Thunderbolt,Protect|Modest||F|||50|]Lycanroc-Dusk||FocusSash|ToughClaws|CloseCombat,RockSlide,Accelerock,Protect|Adamant||M|||50|]Basculegion||MysticWater|Adaptability|LastRespects,AquaJet,WaveCrash,Protect|Adamant||M|||50|]Scovillain||Scovillainite|Moody|Overheat,GigaDrain,RagePowder,Protect|Bold||M|||50|
|showteam|p2|Excadrill||FocusSash|SandRush|HighHorsepower,IronHead,RockSlide,Protect|Adamant||F|||50|]Tyranitar||Tyranitarite|SandStream|RockSlide,KnockOff,DragonDance,Protect|Adamant||M|||50|]Sneasler||WhiteHerb|Unburden|CloseCombat,DireClaw,FakeOut,Coaching|Jolly||M|||50|]Incineroar||SitrusBerry|Intimidate|FlareBlitz,FakeOut,PartingShot,HelpingHand|Impish||M|||50|]Froslass||Froslassite|CursedBody|Blizzard,ShadowBall,NastyPlot,Protect|Timid||F|||50|]Sinistcha||ColburBerry|Hospitality|LeafStorm,ShadowBall,RagePowder,Protect|Bold|||||50|
|inactive|Battle timer is ON: inactive players will automatically lose when time's up. (requested by elmono11)
|inactive|elmono11 has 60 seconds left.
|inactive|oscraft89 has 60 seconds left.
|
|t:|1785702641
|teamsize|p1|4
|teamsize|p2|4
|start
|switch|p1a: Sneasler|Sneasler, L50, M|100/100
|switch|p1b: Basculegion|Basculegion, L50, M|100/100
|switch|p2a: Sneasler|Sneasler, L50, M|100/100
|switch|p2b: Froslass|Froslass, L50, F|100/100
|turn|1
|
|t:|1785702662
|detailschange|p2b: Froslass|Froslass-Mega, L50, F
|-mega|p2b: Froslass|Froslass|Froslassite
|-weather|Snowscape|[from] ability: Snow Warning|[of] p2b: Froslass
|move|p2a: Sneasler|Fake Out|p1a: Sneasler
|-damage|p1a: Sneasler|85/100
|cant|p1a: Sneasler|flinch
|move|p2b: Froslass|Shadow Ball|p1b: Basculegion
|-supereffective|p1b: Basculegion|1
|-damage|p1b: Basculegion|18/100
|move|p1b: Basculegion|Wave Crash|p2b: Froslass
|-damage|p2b: Froslass|23/100
|-damage|p1b: Basculegion|0 fnt|[from] Recoil
|faint|p1b: Basculegion
|
|-weather|Snowscape|[upkeep]
|upkeep
|
|t:|1785702671
|switch|p1b: Lycanroc|Lycanroc-Dusk, L50, M|100/100
|turn|2
|inactive|oscraft89 has 30 seconds left.
|inactive|oscraft89 has 20 seconds left.
|
|t:|1785702710
|move|p2b: Froslass|Protect|p2b: Froslass
|-singleturn|p2b: Froslass|Protect
|move|p2a: Sneasler|Close Combat|p1b: Lycanroc
|-supereffective|p1b: Lycanroc|1
|-enditem|p1b: Lycanroc|Focus Sash
|-damage|p1b: Lycanroc|1/100
|-unboost|p2a: Sneasler|def|1
|-unboost|p2a: Sneasler|spd|1
|-enditem|p2a: Sneasler|White Herb
|-clearnegativeboost|p2a: Sneasler|[silent]
|move|p1b: Lycanroc|Rock Slide|p2b: Froslass|[spread] p2a
|-activate|p2b: Froslass|move: Protect
|-resisted|p2a: Sneasler|1
|-damage|p2a: Sneasler|79/100
|move|p1a: Sneasler|Close Combat|p2a: Sneasler
|-resisted|p2a: Sneasler|1
|-damage|p2a: Sneasler|38/100
|-unboost|p1a: Sneasler|def|1
|-unboost|p1a: Sneasler|spd|1
|-enditem|p1a: Sneasler|White Herb
|-clearnegativeboost|p1a: Sneasler|[silent]
|
|-weather|Snowscape|[upkeep]
|upkeep
|turn|3
|inactive|oscraft89 has 30 seconds left.
|inactive|oscraft89 has 20 seconds left.
|inactive|oscraft89 has 15 seconds left.
|inactive|oscraft89 has 10 seconds left.
|
|t:|1785702756
|switch|p2b: Tyranitar|Tyranitar, L50, M|100/100
|-weather|Sandstorm|[from] ability: Sand Stream|[of] p2b: Tyranitar
|move|p1b: Lycanroc|Accelerock|p2b: Tyranitar
|-damage|p2b: Tyranitar|78/100
|move|p2a: Sneasler|Dire Claw|p1b: Lycanroc
|-resisted|p1b: Lycanroc|1
|-damage|p1b: Lycanroc|0 fnt
|faint|p1b: Lycanroc
|move|p1a: Sneasler|Close Combat|p2a: Sneasler
|-resisted|p2a: Sneasler|1
|-damage|p2a: Sneasler|0 fnt
|-unboost|p1a: Sneasler|def|1
|-unboost|p1a: Sneasler|spd|1
|faint|p2a: Sneasler
|
|-weather|Sandstorm|[upkeep]
|-damage|p1a: Sneasler|79/100|[from] Sandstorm
|upkeep
|
|t:|1785702764
|switch|p2a: Excadrill|Excadrill, L50, F|100/100
|switch|p1b: Scovillain|Scovillain, L50, M|100/100
|turn|4
|inactive|oscraft89 has 30 seconds left.
|inactive|oscraft89 has 20 seconds left.
|
|t:|1785702802
|detailschange|p1b: Scovillain|Scovillain-Mega, L50, M
|-mega|p1b: Scovillain|Scovillain|Scovillainite
|move|p1a: Sneasler|Protect|p1a: Sneasler
|-singleturn|p1a: Sneasler|Protect
|move|p2a: Excadrill|High Horsepower|p1a: Sneasler
|-activate|p1a: Sneasler|move: Protect
|move|p2b: Tyranitar|Rock Slide|p1b: Scovillain|[spread] p1b
|-activate|p1a: Sneasler|move: Protect
|-supereffective|p1b: Scovillain|1
|-damage|p1b: Scovillain|47/100
|-status|p2b: Tyranitar|brn|[from] ability: Spicy Spray|[of] p1b: Scovillain
|move|p1b: Scovillain|Giga Drain|p2b: Tyranitar
|-supereffective|p2b: Tyranitar|1
|-damage|p2b: Tyranitar|34/100 brn
|-heal|p1b: Scovillain|73/100|[from] drain|[of] p2b: Tyranitar
|
|-weather|Sandstorm|[upkeep]
|-damage|p1a: Sneasler|73/100|[from] Sandstorm
|-damage|p1b: Scovillain|68/100|[from] Sandstorm
|-damage|p2b: Tyranitar|28/100 brn|[from] brn
|upkeep
|turn|5
|inactive|oscraft89 has 30 seconds left.
|
|t:|1785702834
|move|p1b: Scovillain|Rage Powder|p1b: Scovillain
|-singleturn|p1b: Scovillain|move: Rage Powder
|move|p1a: Sneasler|Close Combat|p2a: Excadrill
|-supereffective|p2a: Excadrill|1
|-enditem|p2a: Excadrill|Focus Sash
|-damage|p2a: Excadrill|1/100
|-unboost|p1a: Sneasler|def|1
|-unboost|p1a: Sneasler|spd|1
|move|p2a: Excadrill|High Horsepower|p1b: Scovillain
|-damage|p1b: Scovillain|23/100
|-status|p2a: Excadrill|brn|[from] ability: Spicy Spray|[of] p1b: Scovillain
|move|p2b: Tyranitar|Rock Slide|p1a: Sneasler|[spread] p1a,p1b
|-resisted|p1a: Sneasler|1
|-supereffective|p1b: Scovillain|1
|-damage|p1a: Sneasler|56/100
|-damage|p1b: Scovillain|1/100
|
|-weather|Sandstorm|[upkeep]
|-damage|p1a: Sneasler|50/100g|[from] Sandstorm
|-damage|p1b: Scovillain|0 fnt|[from] Sandstorm
|faint|p1b: Scovillain
|-damage|p2a: Excadrill|0 fnt|[from] brn
|faint|p2a: Excadrill
|-damage|p2b: Tyranitar|22/100 brn|[from] brn
|upkeep
|
|t:|1785702838
|switch|p2a: Froslass|Froslass-Mega, L50, F|23/100
|-weather|Snowscape|[from] ability: Snow Warning|[of] p2a: Froslass
|turn|6
|
|t:|1785702845
|move|p1a: Sneasler|Dire Claw|p2a: Froslass
|-resisted|p2a: Froslass|1
|-damage|p2a: Froslass|5/100
|-status|p2a: Froslass|par
|move|p2b: Tyranitar|Knock Off|p1a: Sneasler
|-resisted|p1a: Sneasler|1
|-damage|p1a: Sneasler|31/100
|cant|p2a: Froslass|par
|
|-weather|Snowscape|[upkeep]
|-damage|p2b: Tyranitar|16/100 brn|[from] brn
|upkeep
|turn|7
|
|t:|1785702868
|move|p1a: Sneasler|Protect|p1a: Sneasler
|-singleturn|p1a: Sneasler|Protect
|move|p2a: Froslass|Protect|p2a: Froslass
|-singleturn|p2a: Froslass|Protect
|move|p2b: Tyranitar|Knock Off|p1a: Sneasler
|-activate|p1a: Sneasler|move: Protect
|
|-weather|Snowscape|[upkeep]
|-damage|p2b: Tyranitar|10/100 brn|[from] brn
|upkeep
|turn|8
|inactive|oscraft89 has 30 seconds left.
|
|t:|1785702902
|move|p1a: Sneasler|Dire Claw|p2a: Froslass
|-resisted|p2a: Froslass|1
|-damage|p2a: Froslass|0 fnt
|faint|p2a: Froslass
|move|p2b: Tyranitar|Knock Off|p1a: Sneasler
|-resisted|p1a: Sneasler|1
|-damage|p1a: Sneasler|12/100
|
|-weather|Snowscape|[upkeep]
|-damage|p2b: Tyranitar|4/100 brn|[from] brn
|upkeep
|turn|9
|
|t:|1785702907
|move|p1a: Sneasler|Close Combat|p2b: Tyranitar
|-supereffective|p2b: Tyranitar|2
|-damage|p2b: Tyranitar|0 fnt
|-unboost|p1a: Sneasler|def|1
|-unboost|p1a: Sneasler|spd|1
|faint|p2b: Tyranitar
|
|win|elmono11
