|j|☆Trejox
|j|☆toxicwofl
|html|Trejoxtoxicwofl    
|uhtml|bestof|Game 1 of a best-of-3
|t:|1756150360
|gametype|doubles
|player|p1|Trejox|265|1084
|player|p2|toxicwofl|cynthia|1018
|gen|9
|tier|[Gen 9] VGC 2025 Reg H (Bo3)
|rated|
|rule|Species Clause: Limit one of each Pokémon
|rule|Item Clause: Limit 1 of each item
|clearpoke
|poke|p1|Vikavolt, L50, M|
|poke|p1|Ursaluna, L50, F|
|poke|p1|Porygon2, L50|
|poke|p1|Incineroar, L50, M|
|poke|p1|Lilligant-Hisui, L50, F|
|poke|p1|Torkoal, L50, M|
|poke|p2|Volcarona, L50, F|
|poke|p2|Oricorio, L50, M|
|poke|p2|Amoonguss, L50, F|
|poke|p2|Indeedee-F, L50, F|
|poke|p2|Sneasler, L50, M|
|poke|p2|Armarouge, L50, F|
|teampreview|4
|showteam|p1|Vikavolt||ChoiceSpecs|Levitate|Discharge,BugBuzz,AirSlash,VoltSwitch|||M|||50|,,,,,Electric]Ursaluna||FlameOrb|Guts|Facade,Earthquake,Roar,Protect|||F|||50|,,,,,Normal]Porygon2||Eviolite|Download|IceBeam,TeraBlast,Recover,TrickRoom||||||50|,,,,,Fighting]Incineroar||SafetyGoggles|Intimidate|FakeOut,KnockOff,Taunt,PartingShot|||M|||50|,,,,,Ghost]Lilligant-Hisui||FocusSash|Chlorophyll|SolarBlade,CloseCombat,SleepPowder,AfterYou|||F|||50|,,,,,Ghost]Torkoal||Charcoal|Drought|Eruption,EarthPower,WeatherBall,Protect|||M|||50|,,,,,Fire
|showteam|p2|Volcarona||Leftovers|FlameBody|QuiverDance,FieryDance,StruggleBug,Protect|||F|||50|,,,,,Grass]Oricorio||FocusSash|Dancer|RevelationDance,QuiverDance,BatonPass,Protect|||M|||50|,,,,,Ghost]Amoonguss||RockyHelmet|Regenerator|PollenPuff,Spore,RagePowder,GigaDrain|||F|||50|,,,,,Grass]Indeedee-F||SitrusBerry|PsychicSurge|TrickRoom,FollowMe,Psychic,HelpingHand|||F|||50|,,,,,Fairy]Sneasler||PsychicSeed|Unburden|DireClaw,CloseCombat,Protect,FakeOut|||M|||50|,,,,,Poison]Armarouge||LifeOrb|FlashFire|ExpandingForce,ArmorCannon,Protect,TeraBlast|||F|||50|,,,,,Steel
|
|t:|1756150375
|teamsize|p1|4
|teamsize|p2|4
|start
|switch|p1a: Porygon2|Porygon2, L50, shiny|100/100
|switch|p1b: Incineroar|Incineroar, L50, M|100/100
|switch|p2a: Volcarona|Volcarona, L50, F, shiny|100/100
|switch|p2b: Oricorio|Oricorio, L50, M, shiny|100/100
|-ability|p1b: Incineroar|Intimidate|boost
|-unboost|p2a: Volcarona|atk|1
|-unboost|p2b: Oricorio|atk|1
|-ability|p1a: Porygon2|Download|boost
|-boost|p1a: Porygon2|atk|1
|turn|1
|
|t:|1756150392
|move|p2b: Oricorio|Protect|p2b: Oricorio
|-singleturn|p2b: Oricorio|Protect
|move|p1b: Incineroar|Fake Out|p2a: Volcarona
|-damage|p2a: Volcarona|90/100
|cant|p2a: Volcarona|flinch
|move|p1a: Porygon2|Trick Room|p1a: Porygon2
|-fieldstart|move: Trick Room|[of] p1a: Porygon2
|
|-heal|p2a: Volcarona|96/100|[from] item: Leftovers
|upkeep
|turn|2
|
|t:|1756150416
|switch|p2b: Indeedee|Indeedee-F, L50, F, shiny|100/100
|-fieldstart|move: Psychic Terrain|[from] ability: Psychic Surge|[of] p2b: Indeedee
|move|p1a: Porygon2|Ice Beam|p2b: Indeedee
|-damage|p2b: Indeedee|74/100
|move|p1b: Incineroar|Parting Shot|p2a: Volcarona
|-unboost|p2a: Volcarona|atk|1
|-unboost|p2a: Volcarona|spa|1
|
|t:|1756150426
|switch|p1b: Vikavolt|Vikavolt, L50, M, shiny|100/100|[from] Parting Shot
|move|p2a: Volcarona|Quiver Dance|p2a: Volcarona
|-boost|p2a: Volcarona|spa|1
|-boost|p2a: Volcarona|spd|1
|-boost|p2a: Volcarona|spe|1
|
|-heal|p2a: Volcarona|100/100|[from] item: Leftovers
|upkeep
|turn|3
|
|t:|1756150440
|switch|p1a: Ursaluna|Ursaluna, L50, F, shiny|100/100
|-terastallize|p1b: Vikavolt|Electric
|move|p2b: Indeedee|Follow Me|p2b: Indeedee
|-singleturn|p2b: Indeedee|move: Follow Me
|move|p1b: Vikavolt|Discharge|p2a: Volcarona|[spread] p2a,p2b
|-immune|p1a: Ursaluna
|-crit|p2a: Volcarona
|-damage|p2a: Volcarona|16/100
|-damage|p2b: Indeedee|4/100
|-status|p2a: Volcarona|par
|-enditem|p2b: Indeedee|Sitrus Berry|[eat]
|-heal|p2b: Indeedee|29/100|[from] item: Sitrus Berry
|move|p2a: Volcarona|Struggle Bug|p1a: Ursaluna|[spread] p1a,p1b
|-damage|p1a: Ursaluna|85/100
|-damage|p1b: Vikavolt|79/100
|-unboost|p1a: Ursaluna|spa|1
|-unboost|p1b: Vikavolt|spa|1
|
|-heal|p2a: Volcarona|22/100 par|[from] item: Leftovers
|-status|p1a: Ursaluna|brn|[from] item: Flame Orb
|upkeep
|turn|4
|inactive|Battle timer is ON: inactive players will automatically lose when time's up. (requested by Trejox)
|
|t:|1756150472
|move|p2a: Volcarona|Protect|p2a: Volcarona
|-singleturn|p2a: Volcarona|Protect
|move|p1b: Vikavolt|Discharge|p2b: Indeedee|[spread] p2b
|-activate|p2a: Volcarona|move: Protect
|-immune|p1a: Ursaluna
|-damage|p2b: Indeedee|0 fnt
|faint|p2b: Indeedee
|move|p1a: Ursaluna|Earthquake|p2a: Volcarona|[spread] 
|-activate|p2a: Volcarona|move: Protect
|-immune|p1b: Vikavolt|[from] ability: Levitate
|
|-heal|p2a: Volcarona|29/100 par|[from] item: Leftovers
|-damage|p1a: Ursaluna|79/100 brn|[from] brn
|upkeep
|
|t:|1756150487
|switch|p2b: Sneasler|Sneasler, L50, M, shiny|100/100
|-enditem|p2b: Sneasler|Psychic Seed
|-boost|p2b: Sneasler|spd|1|[from] item: Psychic Seed
|turn|5
|
|t:|1756150502
|move|p2b: Sneasler|Fake Out|p1a: Ursaluna
|-activate|p1a: Ursaluna|move: Psychic Terrain
|move|p1b: Vikavolt|Discharge|p2a: Volcarona|[spread] p2a,p2b
|-immune|p1a: Ursaluna
|-damage|p2a: Volcarona|4/100 par
|-damage|p2b: Sneasler|57/100
|-status|p2b: Sneasler|par
|move|p1a: Ursaluna|Earthquake|p2b: Sneasler|[spread] p2a,p2b
|-immune|p1b: Vikavolt|[from] ability: Levitate
|-supereffective|p2b: Sneasler
|-damage|p2a: Volcarona|0 fnt
|-damage|p2b: Sneasler|0 fnt
|faint|p2a: Volcarona
|faint|p2b: Sneasler
|
|-damage|p1a: Ursaluna|73/100 brn|[from] brn
|-fieldend|move: Trick Room
|upkeep
|-message|toxicwofl forfeited.
|
|win|Trejox
|l|☆toxicwofl
|player|p2|
|raw|Trejox's rating: 1084 → 1106(+22 for winning)
|raw|toxicwofl's rating: 1018 → 1008(-10 for losing)
