|j|☆WumblesNSuch
|j|☆PaiBrazdoswing
|html|WumblesNSuchPaiBrazdoswing    
|uhtml|bestof|Game 3 of a best-of-3
|t:|1755388929
|gametype|doubles
|player|p1|WumblesNSuch|blue|1217
|player|p2|PaiBrazdoswing|bugcatcher-gen4dp|1256
|gen|9
|tier|[Gen 9] VGC 2025 Reg H (Bo3)
|rated|
|rule|Species Clause: Limit one of each Pokémon
|rule|Item Clause: Limit 1 of each item
|clearpoke
|poke|p1|Delphox, L50, M|
|poke|p1|Indeedee-F, L50, F|
|poke|p1|Ursaluna, L50, M|
|poke|p1|Sneasler, L50, F|
|poke|p1|Hydreigon, L50, M|
|poke|p2|Sneasler, L50, M|
|poke|p2|Baxcalibur, L50, F|
|poke|p2|Magmar, L50, F|
|poke|p2|Rillaboom, L50, F|
|poke|p2|Kingambit, L50, M|
|poke|p2|Dondozo, L50, F|
|teampreview|4
|showteam|p1|Delphox||LifeOrb|Blaze|Overheat,HeatWave,ExpandingForce,Protect|||M|||50|,,,,,Fire]Indeedee-F||RockyHelmet|PsychicSurge|DazzlingGleam,FollowMe,HelpingHand,TrickRoom|||F|||50|,,,,,Fairy]Ursaluna||FlameOrb|Guts|HeadlongRush,Earthquake,Facade,Protect|||M|||50|,,,,,Water]Sneasler||PsychicSeed|Unburden|CloseCombat,DireClaw,ThroatChop,Protect|||F|||50|,,,,,Dark]Hydreigon||SitrusBerry|Levitate|DracoMeteor,DarkPulse,Snarl,Tailwind|||M|||50|,,,,,Dark
|showteam|p2|Sneasler||FocusSash|PoisonTouch|Protect,CloseCombat,DireClaw,Coaching|||M|||50|,,,,,Stellar]Baxcalibur||LoadedDice|ThermalExchange|Protect,IceShard,ScaleShot,IcicleSpear|||F|||50|,,,,,Ghost]Magmar||Eviolite|VitalSpirit|BurningJealousy,ClearSmog,FollowMe,Protect|||F|||50|,,,,,Fairy]Rillaboom||AssaultVest|GrassySurge|GrassyGlide,FakeOut,HighHorsepower,WoodHammer|||F|||50|,,,,,Fire]Kingambit||SafetyGoggles|Defiant|Protect,SwordsDance,SuckerPunch,KowtowCleave|||M|||50|,,,,,Flying]Dondozo||Leftovers|Unaware|WaveCrash,Fissure,Yawn,Protect|||F|||50|,,,,,Grass
|
|t:|1755388951
|teamsize|p1|4
|teamsize|p2|4
|start
|switch|p1a: Delphox|Delphox, L50, M|100/100
|switch|p1b: Ursaluna|Ursaluna, L50, M|100/100
|switch|p2a: Magmar|Magmar, L50, F|100/100
|switch|p2b: Baxcalibur|Baxcalibur, L50, F|100/100
|turn|1
|
|t:|1755388981
|-terastallize|p2b: Baxcalibur|Ghost
|-terastallize|p1b: Ursaluna|Water
|move|p1a: Delphox|Expanding Force|p2b: Baxcalibur
|-damage|p2b: Baxcalibur|50/100
|-damage|p1a: Delphox|90/100|[from] item: Life Orb
|move|p2b: Baxcalibur|Scale Shot|p1a: Delphox
|-damage|p1a: Delphox|68/100
|-damage|p1a: Delphox|45/100
|-damage|p1a: Delphox|21/100
|-damage|p1a: Delphox|0 fnt
|faint|p1a: Delphox
|-hitcount|p1: Delphox|4
|-unboost|p2b: Baxcalibur|def|1
|-boost|p2b: Baxcalibur|spe|1
|move|p2a: Magmar|Burning Jealousy|p1b: Ursaluna
|-resisted|p1b: Ursaluna
|-damage|p1b: Ursaluna|88/100
|move|p1b: Ursaluna|Headlong Rush|p2a: Magmar
|-supereffective|p2a: Magmar
|-damage|p2a: Magmar|0 fnt
|-unboost|p1b: Ursaluna|def|1
|-unboost|p1b: Ursaluna|spd|1
|faint|p2a: Magmar
|
|-status|p1b: Ursaluna|brn|[from] item: Flame Orb
|upkeep
|
|t:|1755389006
|switch|p1a: Sneasler|Sneasler, L50, F|100/100
|switch|p2a: Sneasler|Sneasler, L50, M|100/100
|turn|2
|
|t:|1755389027
|switch|p1b: Indeedee|Indeedee-F, L50, F|100/100
|-fieldstart|move: Psychic Terrain|[from] ability: Psychic Surge|[of] p1b: Indeedee
|-enditem|p1a: Sneasler|Psychic Seed
|-boost|p1a: Sneasler|spd|1|[from] item: Psychic Seed
|move|p2b: Baxcalibur|Protect|p2b: Baxcalibur
|-singleturn|p2b: Baxcalibur|Protect
|move|p1a: Sneasler|Throat Chop|p2b: Baxcalibur
|-activate|p2b: Baxcalibur|move: Protect
|move|p2a: Sneasler|Coaching|p2b: Baxcalibur
|-boost|p2b: Baxcalibur|atk|1
|-boost|p2b: Baxcalibur|def|1
|
|upkeep
|turn|3
|
|t:|1755389049
|move|p1b: Indeedee|Helping Hand|p1a: Sneasler
|-singleturn|p1a: Sneasler|Helping Hand|[of] p1b: Indeedee
|move|p1a: Sneasler|Throat Chop|p2b: Baxcalibur
|-supereffective|p2b: Baxcalibur
|-damage|p2b: Baxcalibur|0 fnt
|faint|p2b: Baxcalibur
|move|p2a: Sneasler|Dire Claw|p1a: Sneasler
|-resisted|p1a: Sneasler
|-damage|p1a: Sneasler|62/100
|-status|p1a: Sneasler|par
|
|upkeep
|
|t:|1755389055
|switch|p2b: Rillaboom|Rillaboom, L50, F|100/100
|-fieldstart|move: Grassy Terrain|[from] ability: Grassy Surge|[of] p2b: Rillaboom
|turn|4
|
|t:|1755389072
|move|p2a: Sneasler|Close Combat|p1b: Indeedee
|-damage|p1b: Indeedee|39/100
|-unboost|p2a: Sneasler|def|1
|-unboost|p2a: Sneasler|spd|1
|-damage|p2a: Sneasler|84/100|[from] item: Rocky Helmet|[of] p1b: Indeedee
|-status|p1b: Indeedee|psn|[from] ability: Poison Touch|[of] p2a: Sneasler
|move|p1a: Sneasler|Dire Claw|p2b: Rillaboom
|-supereffective|p2b: Rillaboom
|-damage|p2b: Rillaboom|16/100
|move|p2b: Rillaboom|Wood Hammer|p1b: Indeedee
|-damage|p1b: Indeedee|0 fnt
|-damage|p2b: Rillaboom|0 fnt|[from] item: Rocky Helmet|[of] p1b: Indeedee
|faint|p1b: Indeedee
|faint|p2b: Rillaboom
|
|-heal|p2a: Sneasler|90/100|[from] Grassy Terrain
|-heal|p1a: Sneasler|68/100 par|[from] Grassy Terrain
|upkeep
|
|t:|1755389083
|switch|p1b: Ursaluna|Ursaluna, L50, M, tera:Water|88/100 brn
|turn|5
|
|t:|1755389093
|move|p2a: Sneasler|Protect|p2a: Sneasler
|-singleturn|p2a: Sneasler|Protect
|cant|p1a: Sneasler|par
|move|p1b: Ursaluna|Headlong Rush|p2a: Sneasler
|-activate|p2a: Sneasler|move: Protect
|
|-heal|p2a: Sneasler|95/100|[from] Grassy Terrain
|-heal|p1a: Sneasler|73/100 par|[from] Grassy Terrain
|-heal|p1b: Ursaluna|94/100 brn|[from] Grassy Terrain
|-damage|p1b: Ursaluna|88/100 brn|[from] brn
|upkeep
|turn|6
|
|t:|1755389103
|move|p2a: Sneasler|Close Combat|p1b: Ursaluna
|-damage|p1b: Ursaluna|42/100 brn
|-unboost|p2a: Sneasler|def|1
|-unboost|p2a: Sneasler|spd|1
|move|p1a: Sneasler|Close Combat|p2a: Sneasler
|-resisted|p2a: Sneasler
|-damage|p2a: Sneasler|0 fnt
|-unboost|p1a: Sneasler|def|1
|-unboost|p1a: Sneasler|spd|1
|faint|p2a: Sneasler
|
|win|WumblesNSuch
|raw|WumblesNSuch's rating: 1217 → 1245(+28 for winning)
|raw|PaiBrazdoswing's rating: 1256 → 1228(-28 for losing)
