|j|☆b(r)2
|j|☆KermiTTJR
|html|b(r)2KermiTTJR    
|uhtml|bestof|Game 1 of a best-of-3
|t:|1783633178
|gametype|doubles
|player|p1|b(r)2|170|1143
|player|p2|KermiTTJR|dancer|1038
|gen|9
|tier|[Gen 9 Champions] VGC 2026 Reg M-B (Bo3)
|rated|
|rule|Species Clause: Limit one of each Pokémon
|rule|Item Clause: Limit 1 of each item
|clearpoke
|poke|p1|Blastoise, L50, M|
|poke|p1|Delphox, L50, F|
|poke|p1|Incineroar, L50, M|
|poke|p1|Sneasler, L50, F|
|poke|p1|Sinistcha, L50|
|poke|p1|Kingambit, L50, M|
|poke|p2|Hydreigon, L50, F, shiny|
|poke|p2|Garchomp, L50, M, shiny|
|poke|p2|Metagross, L50, shiny|
|poke|p2|Charizard, L50, F, shiny|
|poke|p2|Grimmsnarl, L50, M, shiny|
|poke|p2|Toxapex, L50, M, shiny|
|teampreview|4
|showteam|p1|Blastoise||Blastoisinite|RainDish|WaterSpout,DarkPulse,ShellSmash,Protect|Modest||M|||50|]Delphox||Delphoxite|Blaze|HeatWave,Psyshock,NastyPlot,Protect|Timid||F|||50|]Incineroar||SitrusBerry|Intimidate|FakeOut,FlareBlitz,ThroatChop,PartingShot|Impish||M|||50|]Sneasler||FocusSash|PoisonTouch|FakeOut,CloseCombat,DireClaw,QuickGuard|Jolly||F|||50|]Sinistcha||OccaBerry|Hospitality|MatchaGotcha,TrickRoom,RagePowder,Protect|Bold|||||50|]Kingambit||LifeOrb|Defiant|KowtowCleave,LowKick,SuckerPunch,Protect|Adamant||M|||50|
|showteam|p2|Hydreigon||ChoiceScarf|Levitate|HeatWave,DarkPulse,DracoMeteor,Snarl|Modest||F|||50|]Garchomp||SitrusBerry|RoughSkin|Earthquake,DragonClaw,RockSlide,Protect|Adamant||M|||50|]Metagross||Metagrossite|ClearBody|IronHead,HammerArm,BulletPunch,Protect|Adamant|||||50|]Charizard||CharizarditeY|Blaze|Protect,HeatWave,SolarBeam,WeatherBall|Calm||F|||50|]Grimmsnarl||LightClay|Prankster|FakeOut,FoulPlay,Reflect,NastyPlot|Sassy||M|||50|]Toxapex||Leftovers|Regenerator|Infestation,Toxic,BanefulBunker,WideGuard|Bold||M|||50|
|
|t:|1783633230
|teamsize|p1|4
|teamsize|p2|4
|start
|switch|p1a: Delphox|Delphox, L50, F|100/100
|switch|p1b: Sneasler|Sneasler, L50, F|100/100
|switch|p2a: Grimmsnarl|Grimmsnarl, L50, M, shiny|100/100
|switch|p2b: Charizard|Charizard, L50, F, shiny|100/100
|turn|1
|
|t:|1783633262
|detailschange|p1a: Delphox|Delphox-Mega, L50, F
|-mega|p1a: Delphox|Delphox|Delphoxite
|detailschange|p2b: Charizard|Charizard-Mega-Y, L50, F, shiny
|-mega|p2b: Charizard|Charizard|Charizardite Y
|-weather|SunnyDay|[from] ability: Drought|[of] p2b: Charizard
|move|p2b: Charizard|Protect|p2b: Charizard
|-singleturn|p2b: Charizard|Protect
|move|p1b: Sneasler|Fake Out|p2a: Grimmsnarl
|-damage|p2a: Grimmsnarl|85/100
|-status|p2a: Grimmsnarl|psn|[from] ability: Poison Touch|[of] p1b: Sneasler
|cant|p2a: Grimmsnarl|flinch
|move|p1a: Delphox|Nasty Plot|p1a: Delphox
|-boost|p1a: Delphox|spa|2
|
|-weather|SunnyDay|[upkeep]
|-damage|p2a: Grimmsnarl|72/100 psn|[from] psn
|upkeep
|turn|2
|
|t:|1783633288
|switch|p2b: Garchomp|Garchomp, L50, M, shiny|100/100
|move|p1a: Delphox|Psyshock|p2b: Garchomp
|-damage|p2b: Garchomp|34/100
|-enditem|p2b: Garchomp|Sitrus Berry|[eat]
|-heal|p2b: Garchomp|58/100|[from] item: Sitrus Berry
|move|p1b: Sneasler|Dire Claw|p2a: Grimmsnarl
|-supereffective|p2a: Grimmsnarl|1
|-damage|p2a: Grimmsnarl|0 fnt
|faint|p2a: Grimmsnarl
|
|-weather|SunnyDay|[upkeep]
|upkeep
|
|t:|1783633301
|switch|p2a: Hydreigon|Hydreigon, L50, F, shiny|100/100
|turn|3
|
|t:|1783633320
|move|p1a: Delphox|Protect|p1a: Delphox
|-singleturn|p1a: Delphox|Protect
|move|p2a: Hydreigon|Dark Pulse|p1a: Delphox
|-activate|p1a: Delphox|move: Protect
|move|p1b: Sneasler|Close Combat|p2a: Hydreigon
|-supereffective|p2a: Hydreigon|1
|-damage|p2a: Hydreigon|0 fnt
|-unboost|p1b: Sneasler|def|1
|-unboost|p1b: Sneasler|spd|1
|faint|p2a: Hydreigon
|move|p2b: Garchomp|Rock Slide|p1a: Delphox|[spread] p1b
|-activate|p1a: Delphox|move: Protect
|-resisted|p1b: Sneasler|1
|-damage|p1b: Sneasler|74/100
|
|-weather|SunnyDay|[upkeep]
|upkeep
|
|t:|1783633334
|switch|p2a: Charizard|Charizard-Mega-Y, L50, F, shiny|100/100
|turn|4
|
|t:|1783633359
|switch|p1a: Incineroar|Incineroar, L50, M|100/100
|-ability|p1a: Incineroar|Intimidate|boost
|-unboost|p2a: Charizard|atk|1
|-unboost|p2b: Garchomp|atk|1
|move|p1b: Sneasler|Close Combat|p2b: Garchomp
|-damage|p2b: Garchomp|2/100
|-unboost|p1b: Sneasler|def|1
|-unboost|p1b: Sneasler|spd|1
|-damage|p1b: Sneasler|62/100|[from] ability: Rough Skin|[of] p2b: Garchomp
|-status|p2b: Garchomp|psn|[from] ability: Poison Touch|[of] p1b: Sneasler
|move|p2a: Charizard|Heat Wave|p1a: Incineroar|[spread] p1a,p1b
|-resisted|p1a: Incineroar|1
|-damage|p1a: Incineroar|74/100
|-damage|p1b: Sneasler|0 fnt
|faint|p1b: Sneasler
|move|p2b: Garchomp|Rock Slide|p1a: Incineroar
|-supereffective|p1a: Incineroar|1
|-damage|p1a: Incineroar|49/100
|-enditem|p1a: Incineroar|Sitrus Berry|[eat]
|-heal|p1a: Incineroar|74/100|[from] item: Sitrus Berry
|
|-weather|SunnyDay|[upkeep]
|-damage|p2b: Garchomp|0 fnt|[from] psn
|faint|p2b: Garchomp
|upkeep
|
|t:|1783633379
|switch|p1b: Delphox|Delphox-Mega, L50, F|100/100
|turn|5
|-message|KermiTTJR forfeited.
|
|win|b(r)2
|l|☆KermiTTJR
|player|p2|
||b(r)2 is ready for game 2.
|inactive|KermiTTJR has 30 seconds to confirm battle start!
|inactive|KermiTTJR has 20 seconds to confirm battle start!
|inactive|KermiTTJR has 10 seconds to confirm battle start!
|uhtml|next|Next: Game 2 of 3
