|j|☆drczech
|j|☆A Regu1ar Guy
|html|drczechA Regu1ar Guy    
|uhtml|bestof|Game 1 of a best-of-3
|t:|1783014984
|gametype|doubles
|player|p1|drczech|fisherman-gen4|
|player|p2|A Regu1ar Guy|elesa|
|gen|9
|tier|[Gen 9 Champions] VGC 2026 Reg M-B (Bo3)
|rule|Species Clause: Limit one of each Pokémon
|rule|Item Clause: Limit 1 of each item
|clearpoke
|poke|p1|Froslass, L50, F|
|poke|p1|Scovillain, L50, M|
|poke|p1|Sneasler, L50, M|
|poke|p1|Basculegion, L50, M|
|poke|p1|Kingambit, L50, M|
|poke|p1|Lycanroc-Dusk, L50, M|
|poke|p2|Delphox, L50, F|
|poke|p2|Blastoise, L50, F|
|poke|p2|Sneasler, L50, F|
|poke|p2|Incineroar, L50, F|
|poke|p2|Sinistcha, L50|
|poke|p2|Maushold, L50|
|teampreview|4
|showteam|p1|Froslass||Froslassite|CursedBody|Blizzard,ShadowBall,AuroraVeil,Protect|Modest||F|||50|]Scovillain||Scovillainite|Moody|Overheat,GigaDrain,RagePowder,Protect|Bold||M|||50|]Sneasler||WhiteHerb|Unburden|CloseCombat,GunkShot,FakeOut,Protect|Adamant||M|||50|]Basculegion||SitrusBerry|Adaptability|WaveCrash,LastRespects,AquaJet,Protect|Adamant||M|||50|]Kingambit||BlackGlasses|Defiant|KowtowCleave,SuckerPunch,SwordsDance,Protect|Adamant||M|||50|]Lycanroc-Dusk||FocusSash|ToughClaws|RockSlide,Accelerock,CloseCombat,Protect|Adamant||M|||50|
|showteam|p2|Delphox||Delphoxite|Blaze|HeatWave,Psyshock,NastyPlot,Protect|Timid||F|||50|]Blastoise||Blastoisinite|RainDish|WaterSpout,DarkPulse,ShellSmash,Protect|Modest||F|||50|]Sneasler||FocusSash|PoisonTouch|DireClaw,CloseCombat,FakeOut,QuickGuard|Jolly||F|||50|]Incineroar||SitrusBerry|Intimidate|FlareBlitz,DarkestLariat,FakeOut,PartingShot|Impish||F|||50|]Sinistcha||OccaBerry|Hospitality|MatchaGotcha,RagePowder,TrickRoom,Protect|Relaxed|||||50|]Maushold||ChopleBerry|FriendGuard|SuperFang,Feint,FollowMe,Protect|Jolly|||||50|
|inactive|Battle timer is ON: inactive players will automatically lose when time's up. (requested by A Regu1ar Guy)
|inactiveoff|Battle timer is now OFF.
|c|☆A Regu1ar Guy|alright I'll just send out the links
|l|☆drczech
|player|p1|
|j|☆drczech
|player|p1|drczech|fisherman-gen4|
|c|☆drczech|Same one sec
|l|☆drczech
|player|p1|
|j| PandaMan7567
|j|☆drczech
|player|p1|drczech|fisherman-gen4|
|j| Sudoz zen fan
|j| 2thyfor
|j| Mr.Andersonkungfoo
|j| kidturtle
|j| ryanogiggs11
|l| ryanogiggs11
|j| Snorlaxpikachu1
|j| epom158
|j| ryanogiggs11
|c|☆drczech|Glhf
|
|t:|1783015098
|teamsize|p1|4
|teamsize|p2|4
|start
|switch|p1a: Froslass|Froslass, L50, F|100/100
|switch|p1b: Sneasler|Sneasler, L50, M|100/100
|switch|p2a: Blastoise|Blastoise, L50, F|100/100
|switch|p2b: Incineroar|Incineroar, L50, F|100/100
|-ability|p2b: Incineroar|Intimidate|boost
|-unboost|p1a: Froslass|atk|1
|-unboost|p1b: Sneasler|atk|1
|-enditem|p1b: Sneasler|White Herb
|-clearnegativeboost|p1b: Sneasler|[silent]
|turn|1
|c|☆A Regu1ar Guy|glhf
|inactive|Battle timer is ON: inactive players will automatically lose when time's up. (requested by A Regu1ar Guy)
|l| ryanogiggs11
|inactive|drczech has 30 seconds left.
|
|t:|1783015130
|detailschange|p1a: Froslass|Froslass-Mega, L50, F
|-mega|p1a: Froslass|Froslass|Froslassite
|-weather|Snowscape|[from] ability: Snow Warning|[of] p1a: Froslass
|detailschange|p2a: Blastoise|Blastoise-Mega, L50, F
|-mega|p2a: Blastoise|Blastoise|Blastoisinite
|move|p1b: Sneasler|Fake Out|p2a: Blastoise
|-damage|p2a: Blastoise|86/100
|move|p1a: Froslass|Aurora Veil|p1a: Froslass
|-sidestart|p1: drczech|move: Aurora Veil
|cant|p2a: Blastoise|flinch
|move|p2b: Incineroar|Parting Shot|p1a: Froslass
|-unboost|p1a: Froslass|atk|1
|-unboost|p1a: Froslass|spa|1
|
|t:|1783015140
|switch|p2b: Sinistcha|Sinistcha, L50|100/100|[from] Parting Shot
|-heal|p2a: Blastoise|100/100|[from] ability: Hospitality|[of] p2b: Sinistcha
|
|-weather|Snowscape|[upkeep]
|upkeep
|turn|2
|
|t:|1783015147
|move|p2b: Sinistcha|Rage Powder|p2b: Sinistcha
|-singleturn|p2b: Sinistcha|move: Rage Powder
|move|p1b: Sneasler|Gunk Shot|p2b: Sinistcha
|-damage|p2b: Sinistcha|51/100
|move|p1a: Froslass|Blizzard|p2b: Sinistcha|[spread] p2a,p2b
|-resisted|p2a: Blastoise|1
|-supereffective|p2b: Sinistcha|1
|-damage|p2a: Blastoise|84/100
|-damage|p2b: Sinistcha|0 fnt
|faint|p2b: Sinistcha
|move|p2a: Blastoise|Shell Smash|p2a: Blastoise
|-unboost|p2a: Blastoise|def|1
|-unboost|p2a: Blastoise|spd|1
|-boost|p2a: Blastoise|atk|2
|-boost|p2a: Blastoise|spa|2
|-boost|p2a: Blastoise|spe|2
|
|-weather|Snowscape|[upkeep]
|upkeep
|
|t:|1783015152
|switch|p2b: Maushold|Maushold, L50|100/100
|turn|3
|
|t:|1783015169
|move|p2b: Maushold|Follow Me|p2b: Maushold
|-singleturn|p2b: Maushold|move: Follow Me
|move|p1b: Sneasler|Close Combat|p2b: Maushold
|-supereffective|p2b: Maushold|1
|-enditem|p2b: Maushold|Chople Berry|[eat]
|-enditem|p2b: Maushold|Chople Berry|[weaken]
|-damage|p2b: Maushold|26/100
|-unboost|p1b: Sneasler|def|1
|-unboost|p1b: Sneasler|spd|1
|move|p2a: Blastoise|Water Spout|p1a: Froslass|[spread] p1a,p1b
|-crit|p1b: Sneasler
|-damage|p1a: Froslass|26/100
|-damage|p1b: Sneasler|0 fnt
|faint|p1b: Sneasler
|move|p1a: Froslass|Blizzard|p2a: Blastoise|[spread] p2a,p2b
|-resisted|p2a: Blastoise|1
|-damage|p2a: Blastoise|68/100
|-damage|p2b: Maushold|0 fnt
|faint|p2b: Maushold
|
|-weather|Snowscape|[upkeep]
|upkeep
|l| kidturtle
|j| Kharlie chim
|
|t:|1783015187
|switch|p2b: Incineroar|Incineroar, L50, F|100/100
|switch|p1b: Basculegion|Basculegion, L50, M|100/100
|-ability|p2b: Incineroar|Intimidate|boost
|-unboost|p1a: Froslass|atk|1
|-unboost|p1b: Basculegion|atk|1
|turn|4
|
|t:|1783015207
|move|p2a: Blastoise|Dark Pulse|p1b: Basculegion
|-supereffective|p1b: Basculegion|1
|-damage|p1b: Basculegion|0 fnt
|faint|p1b: Basculegion
|move|p1a: Froslass|Shadow Ball|p2a: Blastoise
|-damage|p2a: Blastoise|28/100
|move|p2b: Incineroar|Darkest Lariat|p1a: Froslass
|-supereffective|p1a: Froslass|1
|-damage|p1a: Froslass|0 fnt
|faint|p1a: Froslass
|
|-weather|Snowscape|[upkeep]
|upkeep
|
|t:|1783015210
|switch|p1b: Lycanroc|Lycanroc-Dusk, L50, M|100/100
|turn|5
|
|t:|1783015223
|move|p2a: Blastoise|Protect|p2a: Blastoise
|-singleturn|p2a: Blastoise|Protect
|move|p1b: Lycanroc|Rock Slide|p2b: Incineroar|[spread] p2b
|-activate|p2a: Blastoise|move: Protect
|-supereffective|p2b: Incineroar|1
|-damage|p2b: Incineroar|52/100
|move|p2b: Incineroar|Parting Shot|p1b: Lycanroc
|-unboost|p1b: Lycanroc|atk|1
|-unboost|p1b: Lycanroc|spa|1
|
|-weather|none
|-sideend|p1: drczech|move: Aurora Veil
|upkeep
|turn|6
|
|t:|1783015230
|move|p2a: Blastoise|Water Spout|p1b: Lycanroc
|-supereffective|p1b: Lycanroc|1
|-enditem|p1b: Lycanroc|Focus Sash
|-damage|p1b: Lycanroc|1/100
|move|p1b: Lycanroc|Rock Slide|p2a: Blastoise|[spread] p2a,p2b
|-supereffective|p2b: Incineroar|1
|-damage|p2a: Blastoise|0 fnt
|-damage|p2b: Incineroar|22/100
|-enditem|p2b: Incineroar|Sitrus Berry|[eat]
|-heal|p2b: Incineroar|47/100|[from] item: Sitrus Berry
|faint|p2a: Blastoise
|cant|p2b: Incineroar|flinch
|
|upkeep
|turn|7
|
|t:|1783015236
|move|p1b: Lycanroc|Close Combat|p2b: Incineroar
|-supereffective|p2b: Incineroar|1
|-damage|p2b: Incineroar|0 fnt
|-unboost|p1b: Lycanroc|def|1
|-unboost|p1b: Lycanroc|spd|1
|faint|p2b: Incineroar
|
|win|drczech
||A Regu1ar Guy is ready for game 2.
|inactive|drczech has 30 seconds to confirm battle start!
|j| kidturtle
|j| ryanogiggs11
||drczech is ready for game 2.
|uhtml|next|Next: Game 2 of 3
|j| unovarydrake
|l| kidturtle
|l| ryanogiggs11
|l|☆A Regu1ar Guy
|player|p2|
|l| Mr.Andersonkungfoo
|l|☆drczech
|player|p1|
|l| Sudoz zen fan
|l| PandaMan7567
|l| epom158
|l| Kharlie chim
|l| Snorlaxpikachu1
|j|☆A Regu1ar Guy
|player|p2|A Regu1ar Guy|elesa|
