|j|☆Uniursh
|j|☆sloth diesel
|html|Uniurshsloth diesel    
|uhtml|bestof|Game 1 of a best-of-3
|t:|1757100257
|gametype|doubles
|player|p1|Uniursh|ingo|1013
|player|p2|sloth diesel|archie-usum|1119
|gen|9
|tier|[Gen 9] VGC 2025 Reg H (Bo3)
|rated|
|rule|Species Clause: Limit one of each Pokémon
|rule|Item Clause: Limit 1 of each item
|clearpoke
|poke|p1|Lilligant-Hisui, L50, F|
|poke|p1|Umbreon, L50, M|
|poke|p1|Volcarona, L50, M|
|poke|p1|Ninetales, L50, M|
|poke|p1|Jumpluff, L50, F|
|poke|p1|Ursaluna-Bloodmoon, L50, M|
|poke|p2|Tyranitar, L50, F|
|poke|p2|Corviknight, L50, M|
|poke|p2|Arcanine-Hisui, L50, F|
|poke|p2|Whimsicott, L50, F|
|poke|p2|Dragonite, L50, M|
|poke|p2|Ursaluna-Bloodmoon, L50, M|
|teampreview|4
|showteam|p1|Lilligant-Hisui||WideLens|Chlorophyll|SolarBlade,CloseCombat,SleepPowder,TripleAxel|||F|||50|,,,,,Ghost]Umbreon||Leftovers|InnerFocus|FoulPlay,Snarl,Taunt,SkillSwap|||M|||50|,,,,,Water]Volcarona||SafetyGoggles|FlameBody|QuiverDance,FieryDance,BugBuzz,Protect|||M|||50|,,,,,Ghost]Ninetales||BlunderPolicy|Drought|WillOWisp,SolarBeam,HeatWave,SunnyDay|||M|||50|,,,,,Grass]Jumpluff||CovertCloak|Chlorophyll|Tailwind,SleepPowder,RagePowder,Encore|||F|||50|,,,,,Dark]Ursaluna-Bloodmoon||AssaultVest|MindsEye|EarthPower,BloodMoon,HyperVoice,VacuumWave|||M|||50|,,,,,Normal
|showteam|p2|Tyranitar||AssaultVest|SandStream|RockSlide,KnockOff,LowKick,TeraBlast|||F|||50|,,,,,Grass]Corviknight||SitrusBerry|MirrorArmor|BraveBird,PowerTrip,BulkUp,Roost|||M|||50|,,,,,Water]Arcanine-Hisui||ClearAmulet|Intimidate|RockSlide,ExtremeSpeed,FlareBlitz,Protect|||F|||50|,,,,,Water]Whimsicott||CovertCloak|Prankster|Moonblast,Tailwind,Tickle,Taunt|||F|||50|,,,,,Steel]Dragonite||LoadedDice|Multiscale|ScaleShot,StompingTantrum,Protect,Haze|||M|||50|,,,,,Ground]Ursaluna-Bloodmoon||LifeOrb|MindsEye|HyperVoice,EarthPower,BloodMoon,Protect|||M|||50|,,,,,Normal
|c|☆Uniursh|glhf
|
|t:|1757100308
|teamsize|p1|4
|teamsize|p2|4
|start
|switch|p1a: Vulcanus|Volcarona, L50, M|100/100
|switch|p1b: Benadryl|Jumpluff, L50, F|100/100
|switch|p2a: Whimsicott|Whimsicott, L50, F, shiny|100/100
|switch|p2b: Arcanine|Arcanine-Hisui, L50, F|100/100
|-ability|p2b: Arcanine|Intimidate|boost
|-unboost|p1a: Vulcanus|atk|1
|-unboost|p1b: Benadryl|atk|1
|turn|1
|
|t:|1757100330
|move|p1a: Vulcanus|Protect|p1a: Vulcanus
|-singleturn|p1a: Vulcanus|Protect
|move|p2a: Whimsicott|Tailwind|p2a: Whimsicott
|-sidestart|p2: sloth diesel|move: Tailwind
|move|p2b: Arcanine|Rock Slide|p1a: Vulcanus|[spread] p1b
|-activate|p1a: Vulcanus|move: Protect
|-supereffective|p1b: Benadryl
|-damage|p1b: Benadryl|30/100
|move|p1b: Benadryl|Tailwind|p1b: Benadryl
|-sidestart|p1: Uniursh|move: Tailwind
|
|upkeep
|turn|2
|
|t:|1757100374
|switch|p1a: FullMetalAlchemist|Ursaluna-Bloodmoon, L50, M|100/100
|move|p2b: Arcanine|Extreme Speed|p1b: Benadryl
|-crit|p1b: Benadryl
|-damage|p1b: Benadryl|0 fnt
|faint|p1b: Benadryl
|move|p2a: Whimsicott|Taunt|p1a: FullMetalAlchemist
|-start|p1a: FullMetalAlchemist|move: Taunt
|
|upkeep
|
|t:|1757100385
|switch|p1b: Miles|Ninetales, L50, M|100/100
|-weather|SunnyDay|[from] ability: Drought|[of] p1b: Miles
|turn|3
|
|t:|1757100412
|move|p2a: Whimsicott|Tickle|p1b: Miles
|-unboost|p1b: Miles|atk|1
|-unboost|p1b: Miles|def|1
|move|p1b: Miles|Solar Beam||[still]
|-prepare|p1b: Miles|Solar Beam
|-anim|p1b: Miles|Solar Beam|p2b: Arcanine
|-damage|p2b: Arcanine|68/100
|move|p2b: Arcanine|Rock Slide|p1b: Miles|[spread] p1a,p1b
|-resisted|p1a: FullMetalAlchemist
|-supereffective|p1b: Miles
|-damage|p1a: FullMetalAlchemist|91/100
|-damage|p1b: Miles|0 fnt
|faint|p1b: Miles
|move|p1a: FullMetalAlchemist|Earth Power|p2b: Arcanine
|-supereffective|p2b: Arcanine
|-damage|p2b: Arcanine|0 fnt
|faint|p2b: Arcanine
|
|-weather|SunnyDay|[upkeep]
|upkeep
|
|t:|1757100436
|switch|p1b: Vulcanus|Volcarona, L50, M|100/100
|switch|p2b: Tyranitar|Tyranitar, L50, F|100/100
|-weather|Sandstorm|[from] ability: Sand Stream|[of] p2b: Tyranitar
|turn|4
|
|t:|1757100466
|move|p2a: Whimsicott|Tickle|p1a: FullMetalAlchemist
|-unboost|p1a: FullMetalAlchemist|atk|1
|-unboost|p1a: FullMetalAlchemist|def|1
|move|p1b: Vulcanus|Fiery Dance|p2a: Whimsicott
|-supereffective|p2a: Whimsicott
|-damage|p2a: Whimsicott|0 fnt
|-boost|p1b: Vulcanus|spa|1
|faint|p2a: Whimsicott
|move|p2b: Tyranitar|Low Kick|p1a: FullMetalAlchemist
|-supereffective|p1a: FullMetalAlchemist
|-damage|p1a: FullMetalAlchemist|0 fnt
|faint|p1a: FullMetalAlchemist
|
|-weather|Sandstorm|[upkeep]
|-sideend|p1: Uniursh|move: Tailwind
|-sideend|p2: sloth diesel|move: Tailwind
|upkeep
|
|t:|1757100479
|switch|p2a: Dragonite|Dragonite, L50, M|100/100
|turn|5
|
|t:|1757100486
|move|p1b: Vulcanus|Bug Buzz|p2b: Tyranitar
|-supereffective|p2b: Tyranitar
|-damage|p2b: Tyranitar|30/100
|move|p2a: Dragonite|Scale Shot|p1b: Vulcanus
|-damage|p1b: Vulcanus|76/100
|-damage|p1b: Vulcanus|54/100
|-damage|p1b: Vulcanus|30/100
|-damage|p1b: Vulcanus|7/100
|-hitcount|p1b: Vulcanus|4
|-unboost|p2a: Dragonite|def|1
|-boost|p2a: Dragonite|spe|1
|move|p2b: Tyranitar|Rock Slide|p1b: Vulcanus
|-supereffective|p1b: Vulcanus
|-damage|p1b: Vulcanus|0 fnt
|faint|p1b: Vulcanus
|
|win|sloth diesel
||Uniursh is ready for game 2.
|inactive|sloth diesel has 30 seconds to confirm battle start!
||sloth diesel is ready for game 2.
|uhtml|next|Next: Game 2 of 3
