|j|☆TeyVgc
|j|☆BoloinaBox
|html|TeyVgcBoloinaBox    
|uhtml|bestof|Game 2 of a best-of-3
|t:|1757109822
|gametype|doubles
|player|p1|TeyVgc|101|1274
|player|p2|BoloinaBox|170|1202
|gen|9
|tier|[Gen 9] VGC 2025 Reg H (Bo3)
|rated|
|rule|Species Clause: Limit one of each Pokémon
|rule|Item Clause: Limit 1 of each item
|clearpoke
|poke|p1|Gholdengo, L50|
|poke|p1|Dragonite, L50, M|
|poke|p1|Sneasler, L50, M|
|poke|p1|Incineroar, L50, F|
|poke|p1|Indeedee, L50, M|
|poke|p1|Gastrodon, L50, M|
|poke|p2|Annihilape, L50, F|
|poke|p2|Sinistcha, L50|
|poke|p2|Maushold-Four, L50|
|poke|p2|Klefki, L50, F|
|poke|p2|Ursaluna-Bloodmoon, L50, M|
|poke|p2|Ninetales-Alola, L50, F|
|teampreview|4
|showteam|p1|Gholdengo||LifeOrb|GoodasGold|Protect,MakeItRain,ShadowBall,NastyPlot||||||50|,,,,,Water]Dragonite||LoadedDice|Multiscale|ScaleShot,Tailwind,Haze,Protect|||M|||50|,,,,,Fairy]Sneasler||PsychicSeed|Unburden|Protect,DireClaw,CloseCombat,ThroatChop|||M|||50|,,,,,Dark]Incineroar||SafetyGoggles|Intimidate|KnockOff,PartingShot,FlareBlitz,FakeOut|||F|||50|,,,,,Ghost]Indeedee||FocusSash|PsychicSurge|ExpandingForce,TrickRoom,Imprison,TeraBlast|||M|||50|,,,,,Fighting]Gastrodon||Leftovers|StormDrain|EarthPower,Yawn,Recover,IceBeam|||M|||50|,,,,,Poison
|showteam|p2|Annihilape||Leftovers|Defiant|Protect,BulkUp,DrainPunch,RageFist|||F|||50|,,,,,Fire]Sinistcha||SitrusBerry|Hospitality|MatchaGotcha,TrickRoom,LifeDew,RagePowder||||||50|,,,,,Water]Maushold-Four||SafetyGoggles|FriendGuard|FollowMe,Taunt,BeatUp,Protect||||||50|,,,,,Ghost]Klefki||LightClay|Prankster|Reflect,LightScreen,MistyTerrain,DazzlingGleam|||F|||50|,,,,,Ghost]Ursaluna-Bloodmoon||AssaultVest|MindsEye|BloodMoon,HyperVoice,EarthPower,VacuumWave|||M|||50|,,,,,Water]Ninetales-Alola||FocusSash|SnowWarning|Protect,Encore,FreezeDry,Blizzard|||F|||50|,,,,,Ghost
|inactive|Battle timer is ON: inactive players will automatically lose when time's up. (requested by BoloinaBox)
|inactive|TeyVgc has 60 seconds left.
|inactive|BoloinaBox has 60 seconds left.
|inactive|BoloinaBox has 30 seconds left.
|
|t:|1757109882
|teamsize|p1|4
|teamsize|p2|4
|start
|switch|p1a: Gholdengo|Gholdengo, L50|100/100
|switch|p1b: Dragonite|Dragonite, L50, M|100/100
|switch|p2a: Annihilape|Annihilape, L50, F, shiny|100/100
|switch|p2b: Maushold|Maushold-Four, L50|100/100
|turn|1
|
|t:|1757109909
|switch|p1a: Indeedee|Indeedee, L50, M|100/100
|-fieldstart|move: Psychic Terrain|[from] ability: Psychic Surge|[of] p1a: Indeedee
|-terastallize|p2a: Annihilape|Fire
|move|p2b: Maushold|Taunt|p1b: Dragonite
|-start|p1b: Dragonite|move: Taunt
|move|p2a: Annihilape|Bulk Up|p2a: Annihilape
|-boost|p2a: Annihilape|atk|1
|-boost|p2a: Annihilape|def|1
|move|p1b: Dragonite|Scale Shot|p2b: Maushold
|-damage|p2b: Maushold|82/100
|-damage|p2b: Maushold|64/100
|-damage|p2b: Maushold|47/100
|-damage|p2b: Maushold|27/100
|-hitcount|p2b: Maushold|4
|-unboost|p1b: Dragonite|def|1
|-boost|p1b: Dragonite|spe|1
|
|upkeep
|turn|2
|inactive|TeyVgc has 30 seconds left.
|inactive|BoloinaBox has 30 seconds left.
|inactive|BoloinaBox has 20 seconds left.
|inactive|BoloinaBox has 15 seconds left.
|
|t:|1757109952
|move|p2b: Maushold|Protect|p2b: Maushold
|-singleturn|p2b: Maushold|Protect
|move|p1b: Dragonite|Scale Shot|p2b: Maushold
|-activate|p2b: Maushold|move: Protect
|move|p1a: Indeedee|Expanding Force|p2b: Maushold|[spread] p2a
|-activate|p2b: Maushold|move: Protect
|-damage|p2a: Annihilape|67/100
|move|p2a: Annihilape|Drain Punch|p1a: Indeedee
|-damage|p1a: Indeedee|14/100
|-heal|p2a: Annihilape|95/100|[from] drain|[of] p1a: Indeedee
|
|-heal|p2a: Annihilape|100/100|[from] item: Leftovers
|upkeep
|turn|3
|inactive|BoloinaBox has 30 seconds left.
|inactive|BoloinaBox has 20 seconds left.
|inactive|BoloinaBox has 15 seconds left.
|inactive|BoloinaBox has 10 seconds left.
|
|t:|1757109997
|switch|p2b: Ursaluna|Ursaluna-Bloodmoon, L50, M|100/100
|switch|p1a: Gholdengo|Gholdengo, L50|100/100
|move|p1b: Dragonite|Scale Shot|p2b: Ursaluna
|-damage|p2b: Ursaluna|90/100
|-damage|p2b: Ursaluna|80/100
|-damage|p2b: Ursaluna|70/100
|-damage|p2b: Ursaluna|59/100
|-damage|p2b: Ursaluna|48/100
|-hitcount|p2b: Ursaluna|5
|-unboost|p1b: Dragonite|def|1
|-boost|p1b: Dragonite|spe|1
|move|p2a: Annihilape|Drain Punch|p1a: Gholdengo
|-immune|p1a: Gholdengo
|
|-end|p1b: Dragonite|move: Taunt
|upkeep
|turn|4
|inactive|TeyVgc has 30 seconds left.
|inactive|BoloinaBox has 30 seconds left.
|inactive|TeyVgc has 20 seconds left.
|inactive|BoloinaBox has 20 seconds left.
|inactive|TeyVgc has 15 seconds left.
|inactive|TeyVgc has 10 seconds left.
|inactive|BoloinaBox has 15 seconds left.
|inactive|TeyVgc has 5 seconds left.
|
|t:|1757110054
|move|p1a: Gholdengo|Protect|p1a: Gholdengo
|-singleturn|p1a: Gholdengo|Protect
|move|p1b: Dragonite|Tailwind|p1b: Dragonite
|-sidestart|p1: TeyVgc|move: Tailwind
|move|p2a: Annihilape|Rage Fist|p1a: Gholdengo
|-activate|p1a: Gholdengo|move: Protect
|move|p2b: Ursaluna|Hyper Voice|p1b: Dragonite|[spread] p1b
|-activate|p1a: Gholdengo|move: Protect
|-damage|p1b: Dragonite|81/100
|
|upkeep
|turn|5
|inactive|TeyVgc has 30 seconds left.
|inactive|BoloinaBox has 30 seconds left.
|
|t:|1757110085
|switch|p1a: Indeedee|Indeedee, L50, M|14/100
|switch|p2b: Sinistcha|Sinistcha, L50|100/100
|move|p1b: Dragonite|Scale Shot|p2b: Sinistcha
|-damage|p2b: Sinistcha|90/100
|-damage|p2b: Sinistcha|78/100
|-damage|p2b: Sinistcha|66/100
|-damage|p2b: Sinistcha|54/100
|-hitcount|p2b: Sinistcha|4
|-unboost|p1b: Dragonite|def|1
|-boost|p1b: Dragonite|spe|1
|move|p2a: Annihilape|Bulk Up|p2a: Annihilape
|-boost|p2a: Annihilape|atk|1
|-boost|p2a: Annihilape|def|1
|
|-fieldend|move: Psychic Terrain
|upkeep
|turn|6
|inactive|TeyVgc has 30 seconds left.
|inactive|BoloinaBox has 30 seconds left.
|
|t:|1757110115
|move|p1b: Dragonite|Scale Shot|p2b: Sinistcha
|-damage|p2b: Sinistcha|42/100
|-enditem|p2b: Sinistcha|Sitrus Berry|[eat]
|-heal|p2b: Sinistcha|67/100|[from] item: Sitrus Berry
|-damage|p2b: Sinistcha|53/100
|-damage|p2b: Sinistcha|43/100
|-damage|p2b: Sinistcha|30/100
|-hitcount|p2b: Sinistcha|4
|-unboost|p1b: Dragonite|def|1
|-boost|p1b: Dragonite|spe|1
|move|p1a: Indeedee|Expanding Force|p2b: Sinistcha
|-damage|p2b: Sinistcha|0 fnt
|faint|p2b: Sinistcha
|move|p2a: Annihilape|Rage Fist|p1b: Dragonite
|-damage|p1b: Dragonite|0 fnt
|faint|p1b: Dragonite
|
|upkeep
|
|t:|1757110138
|switch|p1b: Sneasler|Sneasler, L50, M|100/100
|switch|p2b: Maushold|Maushold-Four, L50|27/100
|turn|7
|inactive|BoloinaBox has 30 seconds left.
|inactive|BoloinaBox has 20 seconds left.
|
|t:|1757110176
|switch|p1a: Gholdengo|Gholdengo, L50|100/100
|move|p1b: Sneasler|Protect|p1b: Sneasler
|-singleturn|p1b: Sneasler|Protect
|move|p2b: Maushold|Protect|p2b: Maushold
|-singleturn|p2b: Maushold|Protect
|move|p2a: Annihilape|Rage Fist|p1b: Sneasler
|-activate|p1b: Sneasler|move: Protect
|
|-sideend|p1: TeyVgc|move: Tailwind
|upkeep
|turn|8
|inactive|TeyVgc has 30 seconds left.
|inactive|BoloinaBox has 30 seconds left.
|inactive|BoloinaBox has 20 seconds left.
|inactive|BoloinaBox has 15 seconds left.
|
|t:|1757110219
|switch|p1a: Indeedee|Indeedee, L50, M|14/100
|-fieldstart|move: Psychic Terrain|[from] ability: Psychic Surge|[of] p1a: Indeedee
|-enditem|p1b: Sneasler|Psychic Seed
|-boost|p1b: Sneasler|spd|1|[from] item: Psychic Seed
|move|p2b: Maushold|Follow Me|p2b: Maushold
|-singleturn|p2b: Maushold|move: Follow Me
|move|p1b: Sneasler|Dire Claw|p2b: Maushold
|-damage|p2b: Maushold|0 fnt
|faint|p2b: Maushold
|move|p2a: Annihilape|Rage Fist|p1b: Sneasler
|-damage|p1b: Sneasler|0 fnt
|faint|p1b: Sneasler
|
|upkeep
|
|t:|1757110228
|switch|p1b: Gholdengo|Gholdengo, L50|100/100
|switch|p2b: Ursaluna|Ursaluna-Bloodmoon, L50, M|48/100
|turn|9
|
|t:|1757110252
|-terastallize|p1b: Gholdengo|Water
|move|p1a: Indeedee|Expanding Force|p2a: Annihilape|[spread] p2a,p2b
|-damage|p2a: Annihilape|50/100
|-damage|p2b: Ursaluna|17/100
|move|p2a: Annihilape|Rage Fist|p1b: Gholdengo
|-damage|p1b: Gholdengo|0 fnt
|faint|p1b: Gholdengo
|move|p2b: Ursaluna|Hyper Voice|p1a: Indeedee
|-damage|p1a: Indeedee|0 fnt
|faint|p1a: Indeedee
|
|win|BoloinaBox
