|j|☆rredl
|j|☆TsukiiVGC
|html|rredlTsukiiVGC    
|uhtml|bestof|Game 3 of a best-of-3
|t:|1757776667
|gametype|doubles
|player|p1|rredl|lucas|1160
|player|p2|TsukiiVGC|riley|1075
|gen|9
|tier|[Gen 9] VGC 2025 Reg H (Bo3)
|rated|
|rule|Species Clause: Limit one of each Pokémon
|rule|Item Clause: Limit 1 of each item
|clearpoke
|poke|p1|Volcarona, L50, F|
|poke|p1|Baxcalibur, L50, M|
|poke|p1|Dondozo, L50, F|
|poke|p1|Sneasler, L50, F|
|poke|p1|Ninetales-Alola, L50, M|
|poke|p1|Rillaboom, L50, M|
|poke|p2|Garchomp, L50, F|
|poke|p2|Gardevoir, L50, F|
|poke|p2|Talonflame, L50, F|
|poke|p2|Toxtricity, L50, M|
|poke|p2|Tsareena, L50, F|
|poke|p2|Basculegion, L50, M|
|teampreview|4
|showteam|p1|Volcarona||CovertCloak|FlameBody|FieryDance,RagePowder,WillOWisp,Protect|||F|||50|,,,,,Fairy]Baxcalibur||LoadedDice|ThermalExchange|ScaleShot,IcicleSpear,IceShard,Protect|||M|||50|,,,,,Fairy]Dondozo||Leftovers|Unaware|Liquidation,Fissure,Yawn,Protect|||F|||50|,,,,,Poison]Sneasler||FocusSash|Unburden|DireClaw,CloseCombat,Coaching,Protect|||F|||50|,,,,,Fighting]Ninetales-Alola||ChoiceScarf|SnowWarning|Blizzard,Moonblast,FreezeDry,IcyWind|||M|||50|,,,,,Ice]Rillaboom||AssaultVest|GrassySurge|WoodHammer,GrassyGlide,FakeOut,Uturn|||M|||50|,,,,,Fire
|showteam|p2|Garchomp||ClearAmulet|RoughSkin|Protect,Earthquake,DragonClaw,StompingTantrum|||F|||50|,,,,,Steel]Gardevoir||FocusSash|Telepathy|Protect,Psychic,TrickRoom,Imprison|||F|||50|,,,,,Ghost]Talonflame||SharpBeak|GaleWings|Protect,BraveBird,WillOWisp,Tailwind|||F|||50|,,,,,Ghost]Toxtricity||ChoiceSpecs|PunkRock|Overdrive,Boomburst,SludgeBomb,VoltSwitch|||M|||50|,,,,,Normal]Tsareena||WideLens|QueenlyMajesty|Protect,PowerWhip,TripleAxel,Taunt|||F|||50|,,,,,Ghost]Basculegion||ChoiceScarf|Adaptability|WaveCrash,LastRespects,FlipTurn,AquaJet|||M|||50|,,,,,Water
|inactive|Battle timer is ON: inactive players will automatically lose when time's up. (requested by rredl)
|inactive|rredl has 60 seconds left.
|
|t:|1757776715
|teamsize|p1|4
|teamsize|p2|4
|start
|switch|p1a: Volcarona|Volcarona, L50, F|100/100
|switch|p1b: Dondozo|Dondozo, L50, F|100/100
|switch|p2a: Garchomp|Garchomp, L50, F|100/100
|switch|p2b: Tsareena|Tsareena, L50, F|100/100
|turn|1
|inactive|TsukiiVGC has 30 seconds left.
|inactive|TsukiiVGC has 20 seconds left.
|
|t:|1757776750
|move|p1b: Dondozo|Protect|p1b: Dondozo
|-singleturn|p1b: Dondozo|Protect
|move|p2a: Garchomp|Stomping Tantrum|p1a: Volcarona
|-damage|p1a: Volcarona|69/100
|-status|p2a: Garchomp|brn|[from] ability: Flame Body|[of] p1a: Volcarona
|move|p2b: Tsareena|Taunt|p1b: Dondozo
|-activate|p1b: Dondozo|move: Protect
|move|p1a: Volcarona|Fiery Dance|p2b: Tsareena
|-supereffective|p2b: Tsareena
|-damage|p2b: Tsareena|16/100
|-boost|p1a: Volcarona|spa|1
|
|-damage|p2a: Garchomp|94/100 brn|[from] brn
|upkeep
|turn|2
|c|☆TsukiiVGC|you got it bro
|c|☆TsukiiVGC|gg
|inactive|TsukiiVGC has 30 seconds left.
|
|t:|1757776780
|switch|p1b: Baxcalibur|Baxcalibur, L50, M|100/100
|move|p2a: Garchomp|Stomping Tantrum|p1a: Volcarona
|-damage|p1a: Volcarona|52/100
|move|p2b: Tsareena|Power Whip|p1b: Baxcalibur
|-resisted|p1b: Baxcalibur
|-damage|p1b: Baxcalibur|68/100
|move|p1a: Volcarona|Fiery Dance|p2b: Tsareena
|-supereffective|p2b: Tsareena
|-damage|p2b: Tsareena|0 fnt
|-boost|p1a: Volcarona|spa|1
|faint|p2b: Tsareena
|
|-damage|p2a: Garchomp|88/100 brn|[from] brn
|upkeep
|
|t:|1757776790
|switch|p2b: Toxtricity|Toxtricity, L50, M|100/100
|turn|3
|
|t:|1757776808
|switch|p2a: Basculegion|Basculegion, L50, M|100/100
|-terastallize|p2b: Toxtricity|Normal
|move|p1a: Volcarona|Rage Powder|p1a: Volcarona
|-singleturn|p1a: Volcarona|move: Rage Powder
|move|p1b: Baxcalibur|Scale Shot|p2b: Toxtricity
|-damage|p2b: Toxtricity|79/100
|-damage|p2b: Toxtricity|55/100
|-damage|p2b: Toxtricity|32/100
|-damage|p2b: Toxtricity|12/100
|-hitcount|p2b: Toxtricity|4
|-unboost|p1b: Baxcalibur|def|1
|-boost|p1b: Baxcalibur|spe|1
|move|p2b: Toxtricity|Boomburst|p1b: Baxcalibur|[spread] p1a,p1b
|-immune|p2a: Basculegion
|-damage|p1a: Volcarona|0 fnt
|-damage|p1b: Baxcalibur|0 fnt
|faint|p1a: Volcarona
|faint|p1b: Baxcalibur
|
|upkeep
|
|t:|1757776829
|switch|p1b: Sneasler|Sneasler, L50, F|100/100
|switch|p1a: Dondozo|Dondozo, L50, F|100/100
|turn|4
|inactive|TsukiiVGC has 30 seconds left.
|
|t:|1757776865
|move|p1b: Sneasler|Protect|p1b: Sneasler
|-singleturn|p1b: Sneasler|Protect
|move|p2a: Basculegion|Last Respects|p1a: Dondozo
|-damage|p1a: Dondozo|58/100
|move|p2b: Toxtricity|Boomburst|p1b: Sneasler|[spread] p1a
|-activate|p1b: Sneasler|move: Protect
|-immune|p2a: Basculegion
|-damage|p1a: Dondozo|0 fnt
|faint|p1a: Dondozo
|
|upkeep
|turn|5
|
|t:|1757776881
|switch|p2a: Garchomp|Garchomp, L50, F|88/100 brn
|move|p1b: Sneasler|Dire Claw|p2b: Toxtricity
|-damage|p2b: Toxtricity|0 fnt
|faint|p2b: Toxtricity
|
|-damage|p2a: Garchomp|82/100 brn|[from] brn
|upkeep
|
|t:|1757776883
|switch|p2b: Basculegion|Basculegion, L50, M|100/100
|turn|6
|c|☆TsukiiVGC|you literally suck so bad
|
|t:|1757776904
|move|p2b: Basculegion|Wave Crash|p1b: Sneasler
|-enditem|p1b: Sneasler|Focus Sash
|-damage|p1b: Sneasler|1/100
|-damage|p2b: Basculegion|74/100|[from] Recoil
|move|p1b: Sneasler|Dire Claw|p2b: Basculegion
|-resisted|p2b: Basculegion
|-damage|p2b: Basculegion|47/100
|-status|p2b: Basculegion|par
|move|p2a: Garchomp|Stomping Tantrum|p1b: Sneasler
|-supereffective|p1b: Sneasler
|-damage|p1b: Sneasler|0 fnt
|faint|p1b: Sneasler
|
|win|TsukiiVGC
|raw|rredl's rating: 1160 → 1129(-31 for losing)
|raw|TsukiiVGC's rating: 1075 → 1111(+36 for winning)
|l|☆rredl
|player|p1|
|c|☆TsukiiVGC|3 straight burns
|c|☆TsukiiVGC|and you lost
