|j|☆corndog7
|j|☆spellbreakvgc
|html|corndog7spellbreakvgc    
|uhtml|bestof|Game 2 of a best-of-3
|t:|1756799826
|gametype|doubles
|player|p1|corndog7|roughneck|1281
|player|p2|spellbreakvgc|lance|1181
|gen|9
|tier|[Gen 9] VGC 2025 Reg H (Bo3)
|rated|
|rule|Species Clause: Limit one of each Pokémon
|rule|Item Clause: Limit 1 of each item
|clearpoke
|poke|p1|Gholdengo, L50|
|poke|p1|Sneasler, L50, M|
|poke|p1|Rillaboom, L50, F|
|poke|p1|Volcarona, L50, M|
|poke|p1|Milotic, L50, F|
|poke|p1|Hydreigon, L50, M|
|poke|p2|Garchomp, L50, F|
|poke|p2|Weezing-Galar, L50, F|
|poke|p2|Archaludon, L50, F|
|poke|p2|Gholdengo, L50|
|poke|p2|Talonflame, L50, M|
|poke|p2|Annihilape, L50, F|
|teampreview|4
|showteam|p1|Gholdengo||LifeOrb|GoodasGold|MakeItRain,ShadowBall,NastyPlot,Protect||||||50|,,,,,Dragon]Sneasler||FocusSash|Unburden|FakeOut,DireClaw,CloseCombat,Protect|||M|||50|,,,,,Fairy]Rillaboom||AssaultVest|GrassySurge|FakeOut,GrassyGlide,WoodHammer,HighHorsepower|||F|||50|,,,,,Ground]Volcarona||CovertCloak|FlameBody|HeatWave,StruggleBug,RagePowder,Tailwind|||M|||50|,,,,,Dragon]Milotic||SitrusBerry|Competitive|Scald,MuddyWater,IcyWind,Protect|||F|||50|,,,,,Dragon]Hydreigon||SafetyGoggles|Levitate|DracoMeteor,Snarl,Taunt,Protect|||M|||50|,,,,,Ghost
|showteam|p2|Garchomp||LifeOrb|RoughSkin|DragonClaw,Earthquake,StompingTantrum,Protect|||F|||50|,,,,,Ground]Weezing-Galar||FocusSash|NeutralizingGas|Protect,SludgeBomb,Taunt,StrangeSteam|||F|||50|,,,,,Flying]Archaludon||PowerHerb|Sturdy|ElectroShot,Thunderbolt,DracoMeteor,Protect|||F|||50|,,,,,Electric]Gholdengo||ChoiceSpecs|GoodasGold|ShadowBall,DazzlingGleam,PowerGem,MakeItRain||||||50|,,,,,Fairy]Talonflame||CovertCloak|GaleWings|Tailwind,DualWingbeat,WillOWisp,FlareBlitz|||M|||50|,,,,,Stellar]Annihilape||AssaultVest|Defiant|CloseCombat,RageFist,FinalGambit,IcePunch|||F|||50|,,,,,Grass
|inactive|Battle timer is ON: inactive players will automatically lose when time's up. (requested by corndog7)
|
|t:|1756799853
|teamsize|p1|4
|teamsize|p2|4
|start
|switch|p1a: Milotic|Milotic, L50, F|100/100
|switch|p1b: Volcarona|Volcarona, L50, M|100/100
|switch|p2a: Weezing|Weezing-Galar, L50, F|100/100
|switch|p2b: Archaludon|Archaludon, L50, F|100/100
|-ability|p2a: Weezing|Neutralizing Gas
|turn|1
|
|t:|1756799866
|move|p1a: Milotic|Protect|p1a: Milotic
|-singleturn|p1a: Milotic|Protect
|move|p2b: Archaludon|Electro Shot||[still]
|-prepare|p2b: Archaludon|Electro Shot
|-boost|p2b: Archaludon|spa|1
|-enditem|p2b: Archaludon|Power Herb
|-anim|p2b: Archaludon|Electro Shot|p1a: Milotic
|-activate|p1a: Milotic|move: Protect
|move|p1b: Volcarona|Struggle Bug|p2a: Weezing|[spread] p2a,p2b
|-resisted|p2a: Weezing
|-resisted|p2b: Archaludon
|-damage|p2a: Weezing|94/100
|-damage|p2b: Archaludon|88/100
|-unboost|p2a: Weezing|spa|1
|-unboost|p2b: Archaludon|spa|1
|move|p2a: Weezing|Taunt|p1b: Volcarona
|-start|p1b: Volcarona|move: Taunt
|
|upkeep
|turn|2
|inactive|corndog7 has 30 seconds left.
|inactive|corndog7 has 20 seconds left.
|
|t:|1756799902
|switch|p1a: Rillaboom|Rillaboom, L50, F|100/100
|move|p2b: Archaludon|Thunderbolt|p1a: Rillaboom
|-resisted|p1a: Rillaboom
|-damage|p1a: Rillaboom|90/100
|move|p1b: Volcarona|Heat Wave|p2a: Weezing|[spread] p2a
|-miss|p1b: Volcarona|p2b: Archaludon
|-damage|p2a: Weezing|44/100
|move|p2a: Weezing|Strange Steam|p1a: Rillaboom
|-damage|p1a: Rillaboom|71/100
|
|upkeep
|turn|3
|
|t:|1756799920
|move|p2b: Archaludon|Draco Meteor|p1b: Volcarona
|-damage|p1b: Volcarona|41/100
|-unboost|p2b: Archaludon|spa|2
|move|p1b: Volcarona|Heat Wave|p2a: Weezing|[spread] p2a,p2b
|-damage|p2a: Weezing|0 fnt
|-damage|p2b: Archaludon|38/100
|faint|p2a: Weezing
|-end|p2a: Weezing|ability: Neutralizing Gas
|-fieldstart|move: Grassy Terrain|[from] ability: Grassy Surge|[of] p1a: Rillaboom
|move|p1a: Rillaboom|High Horsepower|p2b: Archaludon
|-supereffective|p2b: Archaludon
|-damage|p2b: Archaludon|0 fnt
|faint|p2b: Archaludon
|
|-heal|p1b: Volcarona|47/100|[from] Grassy Terrain
|-heal|p1a: Rillaboom|78/100|[from] Grassy Terrain
|upkeep
|
|t:|1756799927
|switch|p2b: Garchomp|Garchomp, L50, F|100/100
|switch|p2a: Talonflame|Talonflame, L50, M|100/100
|turn|4
|
|t:|1756799943
|move|p2a: Talonflame|Dual Wingbeat|p1a: Rillaboom
|-supereffective|p1a: Rillaboom
|-damage|p1a: Rillaboom|48/100
|-supereffective|p1a: Rillaboom
|-damage|p1a: Rillaboom|14/100
|-hitcount|p1a: Rillaboom|2
|move|p1a: Rillaboom|Grassy Glide|p2b: Garchomp
|-damage|p2b: Garchomp|66/100
|-damage|p1a: Rillaboom|2/100|[from] ability: Rough Skin|[of] p2b: Garchomp
|move|p2b: Garchomp|Earthquake|p1a: Rillaboom|[spread] p1a,p1b
|-immune|p2a: Talonflame
|-resisted|p1a: Rillaboom
|-damage|p1a: Rillaboom|0 fnt
|-damage|p1b: Volcarona|20/100
|faint|p1a: Rillaboom
|-damage|p2b: Garchomp|56/100|[from] item: Life Orb
|move|p1b: Volcarona|Heat Wave|p2b: Garchomp|[spread] p2a,p2b
|-resisted|p2a: Talonflame
|-crit|p2a: Talonflame
|-resisted|p2b: Garchomp
|-damage|p2a: Talonflame|59/100
|-damage|p2b: Garchomp|40/100
|
|-heal|p2b: Garchomp|46/100|[from] Grassy Terrain
|-heal|p1b: Volcarona|27/100|[from] Grassy Terrain
|-end|p1b: Volcarona|move: Taunt
|upkeep
|
|t:|1756799956
|switch|p1a: Milotic|Milotic, L50, F|100/100
|turn|5
|
|t:|1756799970
|move|p1b: Volcarona|Rage Powder|p1b: Volcarona
|-singleturn|p1b: Volcarona|move: Rage Powder
|move|p2a: Talonflame|Dual Wingbeat|p1b: Volcarona
|-supereffective|p1b: Volcarona
|-damage|p1b: Volcarona|0 fnt
|faint|p1b: Volcarona
|-hitcount|p1: Volcarona|1
|move|p2b: Garchomp|Dragon Claw|p1a: Milotic
|-damage|p1a: Milotic|51/100
|-damage|p2b: Garchomp|36/100|[from] item: Life Orb
|move|p1a: Milotic|Icy Wind|p2b: Garchomp|[spread] p2a,p2b
|-supereffective|p2b: Garchomp
|-damage|p2a: Talonflame|41/100
|-damage|p2b: Garchomp|0 fnt
|faint|p2b: Garchomp
|
|-heal|p1a: Milotic|57/100|[from] Grassy Terrain
|upkeep
|
|t:|1756799975
|switch|p1b: Sneasler|Sneasler, L50, M|100/100
|turn|6
|
|t:|1756799985
|move|p1b: Sneasler|Protect|p1b: Sneasler
|-singleturn|p1b: Sneasler|Protect
|move|p2a: Talonflame|Dual Wingbeat|p1b: Sneasler
|-activate|p1b: Sneasler|move: Protect
|move|p1a: Milotic|Scald|p2a: Talonflame
|-supereffective|p2a: Talonflame
|-damage|p2a: Talonflame|0 fnt
|faint|p2a: Talonflame
|
|win|corndog7
