|j|☆RegiSIXSEVEN
|j|☆ChikoRanium
|html|RegiSIXSEVENChikoRanium    
|uhtml|bestof|Game 1 of a best-of-3
|t:|1782372874
|gametype|doubles
|player|p1|RegiSIXSEVEN|steven|1110
|player|p2|ChikoRanium|n-masters3|1304
|gen|9
|tier|[Gen 9 Champions] VGC 2026 Reg M-B (Bo3)
|rated|
|rule|Species Clause: Limit one of each Pokémon
|rule|Item Clause: Limit 1 of each item
|clearpoke
|poke|p1|Blaziken, L50, M, shiny|
|poke|p1|Kingambit, L50, M, shiny|
|poke|p1|Froslass, L50, F, shiny|
|poke|p1|Aerodactyl, L50, M, shiny|
|poke|p1|Sinistcha, L50, shiny|
|poke|p1|Garchomp, L50, M, shiny|
|poke|p2|Blaziken, L50, F|
|poke|p2|Kingambit, L50, F|
|poke|p2|Aerodactyl, L50, M|
|poke|p2|Basculegion, L50, M|
|poke|p2|Sylveon, L50, F|
|poke|p2|Venusaur, L50, F|
|teampreview|4
|showteam|p1|Blaziken||FocusSash|SpeedBoost|HeatWave,AuraSphere,Coaching,Protect|Jolly||M|||50|]Kingambit||ChopleBerry|Defiant|SuckerPunch,KowtowCleave,IronHead,Protect|Adamant||M|||50|]Froslass||Froslassite|SnowCloak|Blizzard,ShadowBall,AuroraVeil,Protect|Timid||F|||50|]Aerodactyl||Aerodactylite|RockHead|RockSlide,DualWingbeat,Tailwind,WideGuard|Jolly||M|||50|]Sinistcha||KasibBerry|Hospitality|MatchaGotcha,RagePowder,TrickRoom,Protect|Bold|||||50|]Garchomp||LifeOrb|RoughSkin|DragonClaw,StompingTantrum,RockSlide,Protect|Jolly||M|||50|
|showteam|p2|Blaziken||Blazikenite|SpeedBoost|FlareBlitz,CloseCombat,RockSlide,Protect|Adamant||F|||50|]Kingambit||BlackGlasses|Defiant|KowtowCleave,SuckerPunch,SwordsDance,Protect|Adamant||F|||50|]Aerodactyl||FocusSash|Unnerve|Tailwind,RockSlide,WideGuard,Protect|Jolly||M|||50|]Basculegion||LifeOrb|Adaptability|Protect,AquaJet,Liquidation,LastRespects|Adamant||M|||50|]Sylveon||FairyFeather|Pixilate|HyperBeam,HyperVoice,QuickAttack,Protect|Modest||F|||50|]Venusaur||Venusaurite|Chlorophyll|GigaDrain,SludgeBomb,EarthPower,Protect|Modest||F|||50|
|inactive|Battle timer is ON: inactive players will automatically lose when time's up. (requested by ChikoRanium)
|inactive|RegiSIXSEVEN also wants the timer to be on.
|inactive|RegiSIXSEVEN has 60 seconds left.
|inactive|ChikoRanium has 60 seconds left.
|inactive|ChikoRanium has 30 seconds left.
|inactive|ChikoRanium has 20 seconds left.
|inactive|ChikoRanium has 15 seconds left.
|inactive|ChikoRanium has 10 seconds left.
|inactive|ChikoRanium has 5 seconds left.
|
|t:|1782372963
|teamsize|p1|4
|teamsize|p2|4
|start
|switch|p1a: Blaziken|Blaziken, L50, M, shiny|100/100
|switch|p1b: Aerodactyl|Aerodactyl, L50, M, shiny|100/100
|switch|p2a: Sylveon|Sylveon, L50, F|100/100
|switch|p2b: Basculegion|Basculegion, L50, M|100/100
|turn|1
|
|t:|1782372984
|detailschange|p1b: Aerodactyl|Aerodactyl-Mega, L50, M, shiny
|-mega|p1b: Aerodactyl|Aerodactyl|Aerodactylite
|move|p2b: Basculegion|Aqua Jet|p1b: Aerodactyl
|-supereffective|p1b: Aerodactyl|1
|-damage|p1b: Aerodactyl|6/100
|-damage|p2b: Basculegion|90/100|[from] item: Life Orb
|move|p1b: Aerodactyl|Rock Slide|p2b: Basculegion|[spread] p2a
|-miss|p1b: Aerodactyl|p2b: Basculegion
|-crit|p2a: Sylveon
|-damage|p2a: Sylveon|53/100
|move|p1a: Blaziken|Coaching|p1b: Aerodactyl
|-boost|p1b: Aerodactyl|atk|1
|-boost|p1b: Aerodactyl|def|1
|move|p2a: Sylveon|Hyper Beam|p1a: Blaziken
|-enditem|p1a: Blaziken|Focus Sash
|-damage|p1a: Blaziken|1/100
|-mustrecharge|p2a: Sylveon
|
|-ability|p1a: Blaziken|Speed Boost|boost
|-boost|p1a: Blaziken|spe|1
|upkeep
|turn|2
|inactive|RegiSIXSEVEN has 30 seconds left.
|inactive|ChikoRanium has 30 seconds left.
|
|t:|1782373017
|switch|p1b: Sinistcha|Sinistcha, L50, shiny|100/100
|-heal|p1a: Blaziken|25/100|[from] ability: Hospitality|[of] p1b: Sinistcha
|move|p2b: Basculegion|Aqua Jet|p1b: Sinistcha
|-resisted|p1b: Sinistcha|1
|-damage|p1b: Sinistcha|85/100
|-damage|p2b: Basculegion|80/100|[from] item: Life Orb
|move|p1a: Blaziken|Heat Wave|p2a: Sylveon|[spread] p2a
|-miss|p1a: Blaziken|p2b: Basculegion
|-damage|p2a: Sylveon|35/100
|cant|p2a: Sylveon|recharge
|
|-ability|p1a: Blaziken|Speed Boost|boost
|-boost|p1a: Blaziken|spe|1
|upkeep
|turn|3
|
|t:|1782373044
|move|p1a: Blaziken|Protect|p1a: Blaziken
|-singleturn|p1a: Blaziken|Protect
|move|p2b: Basculegion|Last Respects|p1b: Sinistcha
|-supereffective|p1b: Sinistcha|1
|-enditem|p1b: Sinistcha|Kasib Berry|[eat]
|-enditem|p1b: Sinistcha|Kasib Berry|[weaken]
|-damage|p1b: Sinistcha|46/100
|-damage|p2b: Basculegion|71/100|[from] item: Life Orb
|move|p2a: Sylveon|Hyper Voice|p1a: Blaziken|[spread] p1b
|-activate|p1a: Blaziken|move: Protect
|-damage|p1b: Sinistcha|1/100
|move|p1b: Sinistcha|Matcha Gotcha|p2b: Basculegion|[spread] p2a
|-miss|p1b: Sinistcha|p2b: Basculegion
|-damage|p2a: Sylveon|16/100
|-heal|p1b: Sinistcha|10/100|[from] drain|[of] p2a: Sylveon
|-status|p2a: Sylveon|brn
|
|-damage|p2a: Sylveon|10/100 brn|[from] brn
|-ability|p1a: Blaziken|Speed Boost|boost
|-boost|p1a: Blaziken|spe|1
|upkeep
|turn|4
|inactive|RegiSIXSEVEN has 30 seconds left.
|inactive|ChikoRanium has 30 seconds left.
|inactive|ChikoRanium has 20 seconds left.
|inactive|ChikoRanium has 15 seconds left.
|inactive|ChikoRanium has 10 seconds left.
|
|t:|1782373092
|move|p1a: Blaziken|Heat Wave|p2a: Sylveon|[spread] p2a,p2b
|-resisted|p2b: Basculegion|1
|-damage|p2a: Sylveon|0 fnt
|-damage|p2b: Basculegion|58/100
|faint|p2a: Sylveon
|move|p2b: Basculegion|Last Respects|p1b: Sinistcha
|-supereffective|p1b: Sinistcha|1
|-damage|p1b: Sinistcha|0 fnt
|faint|p1b: Sinistcha
|-damage|p2b: Basculegion|48/100|[from] item: Life Orb
|
|-ability|p1a: Blaziken|Speed Boost|boost
|-boost|p1a: Blaziken|spe|1
|upkeep
|
|t:|1782373099
|switch|p2a: Aerodactyl|Aerodactyl, L50, M|100/100
|switch|p1b: Garchomp|Garchomp, L50, M, shiny|100/100
|-ability|p2a: Aerodactyl|Unnerve
|turn|5
|
|t:|1782373114
|move|p2b: Basculegion|Aqua Jet|p1a: Blaziken
|-supereffective|p1a: Blaziken|1
|-damage|p1a: Blaziken|0 fnt
|faint|p1a: Blaziken
|-damage|p2b: Basculegion|39/100|[from] item: Life Orb
|move|p2a: Aerodactyl|Tailwind|p2a: Aerodactyl
|-sidestart|p2: ChikoRanium|move: Tailwind
|move|p1b: Garchomp|Dragon Claw|p2b: Basculegion
|-damage|p2b: Basculegion|0 fnt
|faint|p2b: Basculegion
|-damage|p1b: Garchomp|90/100|[from] item: Life Orb
|
|upkeep
|
|t:|1782373126
|switch|p1a: Aerodactyl|Aerodactyl-Mega, L50, M, shiny|6/100
|switch|p2b: Blaziken|Blaziken, L50, F|100/100
|turn|6
|
|t:|1782373135
|detailschange|p2b: Blaziken|Blaziken-Mega, L50, F
|-mega|p2b: Blaziken|Blaziken|Blazikenite
|move|p1a: Aerodactyl|Wide Guard|p1a: Aerodactyl
|-singleturn|p1a: Aerodactyl|Wide Guard
|move|p2a: Aerodactyl|Rock Slide|p1a: Aerodactyl|[spread] 
|-activate|p1a: Aerodactyl|move: Wide Guard
|-activate|p1b: Garchomp|move: Wide Guard
|move|p2b: Blaziken|Flare Blitz|p1a: Aerodactyl
|-resisted|p1a: Aerodactyl|1
|-damage|p1a: Aerodactyl|0 fnt
|faint|p1a: Aerodactyl
|-damage|p2b: Blaziken|97/100|[from] Recoil
|move|p1b: Garchomp|Stomping Tantrum|p2b: Blaziken
|-supereffective|p2b: Blaziken|1
|-damage|p2b: Blaziken|0 fnt
|faint|p2b: Blaziken
|-damage|p1b: Garchomp|80/100|[from] item: Life Orb
|
|upkeep
|turn|7
|
|t:|1782373150
|move|p2a: Aerodactyl|Rock Slide|p1b: Garchomp
|-resisted|p1b: Garchomp|1
|-damage|p1b: Garchomp|63/100
|move|p1b: Garchomp|Dragon Claw|p2a: Aerodactyl
|-crit|p2a: Aerodactyl
|-enditem|p2a: Aerodactyl|Focus Sash
|-damage|p2a: Aerodactyl|1/100
|-damage|p1b: Garchomp|53/100|[from] item: Life Orb
|
|upkeep
|turn|8
|
|t:|1782373159
|move|p2a: Aerodactyl|Rock Slide|p1b: Garchomp
|-resisted|p1b: Garchomp|1
|-damage|p1b: Garchomp|35/100
|move|p1b: Garchomp|Dragon Claw|p2a: Aerodactyl
|-damage|p2a: Aerodactyl|0 fnt
|faint|p2a: Aerodactyl
|-damage|p1b: Garchomp|26/100|[from] item: Life Orb
|
|win|RegiSIXSEVEN
