|j|☆mangeurdetopcut
|j|☆umbreoffxd
|html|mangeurdetopcutumbreoffxd    
|uhtml|bestof|Game 2 of a best-of-3
|t:|1756667520
|gametype|doubles
|player|p1|mangeurdetopcut|170|1000
|player|p2|umbreoffxd|ingo-hisui|1080
|gen|9
|tier|[Gen 9] VGC 2025 Reg H (Bo3)
|rated|
|rule|Species Clause: Limit one of each Pokémon
|rule|Item Clause: Limit 1 of each item
|clearpoke
|poke|p1|Sneasler, L50, F|
|poke|p1|Indeedee, L50, M|
|poke|p1|Volcarona, L50, F|
|poke|p1|Ursaluna-Bloodmoon, L50, M|
|poke|p1|Annihilape, L50, F|
|poke|p1|Tyranitar, L50, M|
|poke|p2|Ninetales-Alola, L50, F|
|poke|p2|Ursaluna-Bloodmoon, L50, M|
|poke|p2|Baxcalibur, L50, M|
|poke|p2|Incineroar, L50, F|
|poke|p2|Whimsicott, L50, M|
|poke|p2|Gholdengo, L50|
|teampreview|4
|showteam|p1|Sneasler||PsychicSeed|Unburden|CloseCombat,DireClaw,ThroatChop,Protect|||F|||50|,,,,,Dark]Indeedee||ChoiceScarf|PsychicSurge|ExpandingForce,TeraBlast,Trick,Protect|||M|||50|,,,,,Psychic]Volcarona||SitrusBerry|FlameBody|Overheat,StruggleBug,RagePowder,Tailwind|||F|||50|,,,,,Grass]Ursaluna-Bloodmoon||LifeOrb|MindsEye|BloodMoon,HyperVoice,EarthPower,Protect|||M|||50|,,,,,Normal]Annihilape||SafetyGoggles|Defiant|CloseCombat,RageFist,Taunt,FinalGambit|||F|||50|,,,,,Fairy]Tyranitar||AssaultVest|SandStream|RockSlide,KnockOff,TeraBlast,LowKick|||M|||50|,,,,,Flying
|showteam|p2|Ninetales-Alola||FocusSash|SnowWarning|FreezeDry,Blizzard,AuroraVeil,Protect|||F|||50|,,,,,Ghost]Ursaluna-Bloodmoon||SilkScarf|MindsEye|BloodMoon,EarthPower,HyperVoice,Protect|||M|||50|,,,,,Water]Baxcalibur||LoadedDice|ThermalExchange|IcicleSpear,ScaleShot,IceShard,Protect|||M|||50|,,,,,Ghost]Incineroar||AssaultVest|Intimidate|Uturn,FakeOut,FlareBlitz,KnockOff|||F|||50|,,,,,Ghost]Whimsicott||CovertCloak|Prankster|Moonblast,Encore,Tailwind,MistyTerrain|||M|||50|,,,,,Steel]Gholdengo||LifeOrb|GoodasGold|MakeItRain,ShadowBall,NastyPlot,Protect||||||50|,,,,,Water
|inactive|Battle timer is ON: inactive players will automatically lose when time's up. (requested by mangeurdetopcut)
|
|t:|1756667547
|teamsize|p1|4
|teamsize|p2|4
|start
|switch|p1a: Volcarona|Volcarona, L50, F|100/100
|switch|p1b: Tyranitar|Tyranitar, L50, M|100/100
|switch|p2a: Whimsicott|Whimsicott, L50, M, shiny|100/100
|switch|p2b: Baxcalibur|Baxcalibur, L50, M, shiny|100/100
|-weather|Sandstorm|[from] ability: Sand Stream|[of] p1b: Tyranitar
|turn|1
|
|t:|1756667566
|-terastallize|p1b: Tyranitar|Flying
|move|p2a: Whimsicott|Tailwind|p2a: Whimsicott
|-sidestart|p2: umbreoffxd|move: Tailwind
|move|p2b: Baxcalibur|Scale Shot|p1a: Volcarona
|-damage|p1a: Volcarona|82/100
|-damage|p1a: Volcarona|63/100
|-damage|p1a: Volcarona|44/100
|-enditem|p1a: Volcarona|Sitrus Berry|[eat]
|-heal|p1a: Volcarona|69/100|[from] item: Sitrus Berry
|-damage|p1a: Volcarona|49/100
|-crit|p1a: Volcarona
|-damage|p1a: Volcarona|17/100
|-hitcount|p1a: Volcarona|5
|-unboost|p2b: Baxcalibur|def|1
|-boost|p2b: Baxcalibur|spe|1
|move|p1a: Volcarona|Overheat|p2b: Baxcalibur
|-damage|p2b: Baxcalibur|34/100
|-unboost|p1a: Volcarona|spa|2
|-ability|p2b: Baxcalibur|Thermal Exchange|boost
|-boost|p2b: Baxcalibur|atk|1
|move|p1b: Tyranitar|Rock Slide|p2a: Whimsicott|[spread] p2b
|-miss|p1b: Tyranitar|p2a: Whimsicott
|-supereffective|p2b: Baxcalibur
|-damage|p2b: Baxcalibur|0 fnt
|faint|p2b: Baxcalibur
|
|-weather|Sandstorm|[upkeep]
|-damage|p2a: Whimsicott|95/100|[from] Sandstorm
|-damage|p1a: Volcarona|11/100|[from] Sandstorm
|-damage|p1b: Tyranitar|95/100|[from] Sandstorm
|upkeep
|
|t:|1756667590
|switch|p2b: Ursaluna|Ursaluna-Bloodmoon, L50, M|100/100
|turn|2
|
|t:|1756667601
|move|p2a: Whimsicott|Encore|p1b: Tyranitar
|-start|p1b: Tyranitar|Encore
|move|p2b: Ursaluna|Hyper Voice|p1b: Tyranitar|[spread] p1a,p1b
|-damage|p1a: Volcarona|0 fnt
|-damage|p1b: Tyranitar|69/100
|faint|p1a: Volcarona
|move|p1b: Tyranitar|Rock Slide|p2a: Whimsicott|[spread] p2a,p2b
|-resisted|p2b: Ursaluna
|-damage|p2a: Whimsicott|59/100
|-damage|p2b: Ursaluna|89/100
|
|-weather|Sandstorm|[upkeep]
|-damage|p2a: Whimsicott|53/100|[from] Sandstorm
|-damage|p1b: Tyranitar|63/100|[from] Sandstorm
|upkeep
|
|t:|1756667615
|switch|p1a: Sneasler|Sneasler, L50, F|100/100
|turn|3
|inactive|umbreoffxd has 30 seconds left.
|inactive|umbreoffxd has 20 seconds left.
|
|t:|1756667654
|-terastallize|p2b: Ursaluna|Water
|move|p1a: Sneasler|Protect|p1a: Sneasler
|-singleturn|p1a: Sneasler|Protect
|move|p2a: Whimsicott|Misty Terrain|p2a: Whimsicott
|-fieldstart|move: Misty Terrain
|move|p2b: Ursaluna|Earth Power|p1a: Sneasler
|-activate|p1a: Sneasler|move: Protect
|move|p1b: Tyranitar|Rock Slide|p2a: Whimsicott|[spread] p2a,p2b
|-damage|p2a: Whimsicott|16/100
|-damage|p2b: Ursaluna|65/100
|
|-weather|Sandstorm|[upkeep]
|-damage|p2a: Whimsicott|10/100|[from] Sandstorm
|-damage|p2b: Ursaluna|59/100|[from] Sandstorm
|-damage|p1a: Sneasler|95/100|[from] Sandstorm
|-damage|p1b: Tyranitar|57/100|[from] Sandstorm
|upkeep
|turn|4
|
|t:|1756667674
|switch|p2a: Gholdengo|Gholdengo, L50|100/100
|switch|p1a: Annihilape|Annihilape, L50, F|100/100
|move|p2b: Ursaluna|Earth Power|p1a: Annihilape
|-damage|p1a: Annihilape|56/100
|move|p1b: Tyranitar|Rock Slide|p2a: Gholdengo|[spread] p2a,p2b
|-resisted|p2a: Gholdengo
|-damage|p2a: Gholdengo|83/100
|-damage|p2b: Ursaluna|37/100
|
|-weather|Sandstorm|[upkeep]
|-damage|p2b: Ursaluna|31/100|[from] Sandstorm
|-damage|p1b: Tyranitar|52/100|[from] Sandstorm
|-end|p1b: Tyranitar|Encore
|-sideend|p2: umbreoffxd|move: Tailwind
|upkeep
|turn|5
|inactive|umbreoffxd has 30 seconds left.
|
|t:|1756667701
|move|p1a: Annihilape|Rage Fist|p2a: Gholdengo
|-supereffective|p2a: Gholdengo
|-damage|p2a: Gholdengo|0 fnt
|faint|p2a: Gholdengo
|move|p1b: Tyranitar|Tera Blast|p2b: Ursaluna|[anim] Tera Blast Flying
|-crit|p2b: Ursaluna
|-damage|p2b: Ursaluna|0 fnt
|faint|p2b: Ursaluna
|
|-weather|none
|upkeep
|
|t:|1756667707
|switch|p2b: Whimsicott|Whimsicott, L50, M, shiny|10/100
|turn|6
|
|t:|1756667716
|move|p2b: Whimsicott|Moonblast|p1a: Annihilape
|-supereffective|p1a: Annihilape
|-damage|p1a: Annihilape|7/100
|move|p1a: Annihilape|Rage Fist|p2b: Whimsicott
|-damage|p2b: Whimsicott|0 fnt
|faint|p2b: Whimsicott
|
|win|mangeurdetopcut
||umbreoffxd is ready for game 3.
||mangeurdetopcut is ready for game 3.
|uhtml|next|Next: Game 3 of 3
