|j|☆OreXis945
|j|☆Slackermaru
|html|OreXis945Slackermaru    
|uhtml|bestof|Game 2 of a best-of-3
|t:|1757859572
|gametype|doubles
|player|p1|OreXis945|101|1319
|player|p2|Slackermaru|workerice|1359
|gen|9
|tier|[Gen 9] VGC 2025 Reg H (Bo3)
|rated|
|rule|Species Clause: Limit one of each Pokémon
|rule|Item Clause: Limit 1 of each item
|clearpoke
|poke|p1|Politoed, L50, F|
|poke|p1|Incineroar, L50, F|
|poke|p1|Gothitelle, L50, M|
|poke|p1|Kingdra, L50, M|
|poke|p1|Archaludon, L50, M|
|poke|p1|Amoonguss, L50, M|
|poke|p2|Ursaluna, L50, M|
|poke|p2|Porygon2, L50|
|poke|p2|Incineroar, L50, M|
|poke|p2|Vivillon-Fancy, L50, F|
|poke|p2|Archaludon, L50, M|
|poke|p2|Primarina, L50, F|
|teampreview|4
|showteam|p1|Politoed||Leftovers|Drizzle|WeatherBall,Encore,PerishSong,Protect|||F|||50|,,,,,Grass]Incineroar||SafetyGoggles|Intimidate|KnockOff,PartingShot,FakeOut,Protect|||F|||50|,,,,,Ghost]Gothitelle||SitrusBerry|ShadowTag|Psychic,TrickRoom,FakeOut,Protect|||M|||50|,,,,,Dark]Kingdra||LifeOrb|SwiftSwim|MuddyWater,WeatherBall,DracoMeteor,Protect|||M|||50|,,,,,Stellar]Archaludon||PowerHerb|Sturdy|ElectroShot,DragonPulse,FlashCannon,Protect|||M|||50|,,,,,Electric]Amoonguss||EjectButton|Regenerator|PollenPuff,Spore,RagePowder,Protect|||M|||50|,,,,,Fairy
|showteam|p2|Ursaluna||FlameOrb|Guts|Protect,Earthquake,Facade,HeadlongRush|||M|||50|,,,,,Ghost]Porygon2||Eviolite|Download|TeraBlast,IceBeam,Recover,TrickRoom||||||50|,,,,,Fighting]Incineroar||AssaultVest|Intimidate|FlareBlitz,KnockOff,Uturn,FakeOut|||M|||50|,,,,,Grass]Vivillon-Fancy||FocusSash|CompoundEyes|Protect,Hurricane,Tailwind,SleepPowder|||F|||50|,,,,,Ghost]Archaludon||PowerHerb|Sturdy|Protect,ElectroShot,Thunderbolt,DragonPulse|||M|||50|,,,,,Electric]Primarina||LifeOrb|LiquidVoice|Protect,HyperVoice,Moonblast,Haze|||F|||50|,,,,,Bug
|
|t:|1757859660
|teamsize|p1|4
|teamsize|p2|4
|start
|switch|p1a: Politoed|Politoed, L50, F|100/100
|switch|p1b: Amoonguss|Amoonguss, L50, M|100/100
|switch|p2a: Incineroar|Incineroar, L50, M|100/100
|switch|p2b: Archaludon|Archaludon, L50, M|100/100
|-weather|RainDance|[from] ability: Drizzle|[of] p1a: Politoed
|-ability|p2a: Incineroar|Intimidate|boost
|-unboost|p1a: Politoed|atk|1
|-unboost|p1b: Amoonguss|atk|1
|turn|1
|
|t:|1757859679
|move|p1b: Amoonguss|Rage Powder|p1b: Amoonguss
|-singleturn|p1b: Amoonguss|move: Rage Powder
|move|p2b: Archaludon|Electro Shot||[still]
|-prepare|p2b: Archaludon|Electro Shot
|-boost|p2b: Archaludon|spa|1
|-anim|p2b: Archaludon|Electro Shot|p1b: Amoonguss
|-resisted|p1b: Amoonguss
|-damage|p1b: Amoonguss|72/100
|-enditem|p1b: Amoonguss|Eject Button
|
|t:|1757859684
|switch|p1b: Gothitelle|Gothitelle, L50, M|100/100
|move|p1a: Politoed|Perish Song|p1a: Politoed
|-start|p1a: Politoed|perish3|[silent]
|-start|p1b: Gothitelle|perish3|[silent]
|-start|p2a: Incineroar|perish3|[silent]
|-start|p2b: Archaludon|perish3|[silent]
|-fieldactivate|move: Perish Song
|move|p2a: Incineroar|U-turn|p1b: Gothitelle
|-supereffective|p1b: Gothitelle
|-damage|p1b: Gothitelle|62/100
|
|t:|1757859696
|switch|p2a: Vivillon|Vivillon-Fancy, L50, F|100/100|[from] U-turn
|
|-weather|RainDance|[upkeep]
|-start|p2b: Archaludon|perish3
|-start|p1a: Politoed|perish3
|-start|p1b: Gothitelle|perish3
|upkeep
|turn|2
|
|t:|1757859710
|switch|p1a: Incineroar|Incineroar, L50, F|100/100
|-ability|p1a: Incineroar|Intimidate|boost
|-unboost|p2a: Vivillon|atk|1
|-unboost|p2b: Archaludon|atk|1
|move|p1b: Gothitelle|Fake Out|p2b: Archaludon
|-resisted|p2b: Archaludon
|-damage|p2b: Archaludon|98/100
|move|p2a: Vivillon|Hurricane|p1a: Incineroar
|-damage|p1a: Incineroar|71/100
|cant|p2b: Archaludon|flinch
|
|-weather|RainDance|[upkeep]
|-start|p2b: Archaludon|perish2
|-start|p1b: Gothitelle|perish2
|upkeep
|turn|3
|
|t:|1757859747
|move|p1a: Incineroar|Fake Out|p2b: Archaludon
|-resisted|p2b: Archaludon
|-damage|p2b: Archaludon|94/100
|move|p2a: Vivillon|Hurricane|p1a: Incineroar
|-damage|p1a: Incineroar|38/100
|cant|p2b: Archaludon|flinch
|move|p1b: Gothitelle|Trick Room|p1b: Gothitelle
|-fieldstart|move: Trick Room|[of] p1b: Gothitelle
|
|-weather|RainDance|[upkeep]
|-start|p1b: Gothitelle|perish1
|-start|p2b: Archaludon|perish1
|upkeep
|turn|4
|
|t:|1757859769
|switch|p1b: Amoonguss|Amoonguss, L50, M|100/100
|move|p1a: Incineroar|Protect|p1a: Incineroar
|-singleturn|p1a: Incineroar|Protect
|move|p2b: Archaludon|Electro Shot||[still]
|-prepare|p2b: Archaludon|Electro Shot
|-boost|p2b: Archaludon|spa|1
|-anim|p2b: Archaludon|Electro Shot|p1b: Amoonguss
|-resisted|p1b: Amoonguss
|-damage|p1b: Amoonguss|65/100
|move|p2a: Vivillon|Sleep Powder|p1b: Amoonguss
|-immune|p1b: Amoonguss
|
|-weather|RainDance|[upkeep]
|-start|p2b: Archaludon|perish0
|faint|p2b: Archaludon
|upkeep
|
|t:|1757859784
|switch|p2b: Ursaluna|Ursaluna, L50, M|100/100
|turn|5
|
|t:|1757859801
|move|p2b: Ursaluna|Protect|p2b: Ursaluna
|-singleturn|p2b: Ursaluna|Protect
|move|p2a: Vivillon|Protect|p2a: Vivillon
|-singleturn|p2a: Vivillon|Protect
|move|p1b: Amoonguss|Spore|p2a: Vivillon
|-activate|p2a: Vivillon|move: Protect
|move|p1a: Incineroar|Parting Shot|p2b: Ursaluna
|-activate|p2b: Ursaluna|move: Protect
|
|-weather|none
|-status|p2b: Ursaluna|brn|[from] item: Flame Orb
|upkeep
|turn|6
|
|t:|1757859826
|move|p1b: Amoonguss|Spore|p2a: Vivillon
|-status|p2a: Vivillon|slp|[from] move: Spore
|move|p1a: Incineroar|Parting Shot|p2b: Ursaluna
|-unboost|p2b: Ursaluna|atk|1
|-unboost|p2b: Ursaluna|spa|1
|
|t:|1757859846
|switch|p1a: Gothitelle|Gothitelle, L50, M|62/100|[from] Parting Shot
|move|p2b: Ursaluna|Facade|p1b: Amoonguss
|-damage|p1b: Amoonguss|0 fnt
|faint|p1b: Amoonguss
|cant|p2a: Vivillon|slp
|
|-damage|p2b: Ursaluna|94/100 brn|[from] brn
|upkeep
|
|t:|1757859854
|switch|p1b: Politoed|Politoed, L50, F|100/100
|-weather|RainDance|[from] ability: Drizzle|[of] p1b: Politoed
|turn|7
|
|t:|1757859891
|-terastallize|p2b: Ursaluna|Ghost
|move|p1a: Gothitelle|Psychic|p2a: Vivillon
|-damage|p2a: Vivillon|42/100 slp
|move|p2b: Ursaluna|Earthquake|p1b: Politoed|[spread] p1a,p1b
|-immune|p2a: Vivillon
|-damage|p1a: Gothitelle|18/100
|-damage|p1b: Politoed|57/100
|-enditem|p1a: Gothitelle|Sitrus Berry|[eat]
|-heal|p1a: Gothitelle|43/100|[from] item: Sitrus Berry
|move|p1b: Politoed|Weather Ball|p2a: Vivillon
|-damage|p2a: Vivillon|0 fnt
|faint|p2a: Vivillon
|
|-weather|RainDance|[upkeep]
|-heal|p1b: Politoed|63/100|[from] item: Leftovers
|-damage|p2b: Ursaluna|88/100 brn|[from] brn
|-fieldend|move: Trick Room
|upkeep
|
|t:|1757859907
|switch|p2a: Incineroar|Incineroar, L50, M|100/100
|-ability|p2a: Incineroar|Intimidate|boost
|-unboost|p1a: Gothitelle|atk|1
|-unboost|p1b: Politoed|atk|1
|turn|8
|
|t:|1757859949
|move|p1b: Politoed|Protect|p1b: Politoed
|-singleturn|p1b: Politoed|Protect
|move|p1a: Gothitelle|Protect|p1a: Gothitelle
|-singleturn|p1a: Gothitelle|Protect
|move|p2a: Incineroar|Fake Out|p1b: Politoed
|-activate|p1b: Politoed|move: Protect
|move|p2b: Ursaluna|Facade|p1a: Gothitelle
|-activate|p1a: Gothitelle|move: Protect
|
|-weather|RainDance|[upkeep]
|-heal|p1b: Politoed|70/100|[from] item: Leftovers
|-damage|p2b: Ursaluna|82/100 brn|[from] brn
|upkeep
|turn|9
|
|t:|1757859976
|switch|p1b: Incineroar|Incineroar, L50, F|38/100
|-ability|p1b: Incineroar|Intimidate|boost
|-unboost|p2a: Incineroar|atk|1
|-unboost|p2b: Ursaluna|atk|1
|move|p2b: Ursaluna|Facade|p1b: Incineroar
|-damage|p1b: Incineroar|0 fnt
|faint|p1b: Incineroar
|move|p2a: Incineroar|Knock Off|p1a: Gothitelle
|-supereffective|p1a: Gothitelle
|-damage|p1a: Gothitelle|9/100
|move|p1a: Gothitelle|Psychic|p2b: Ursaluna
|-damage|p2b: Ursaluna|51/100 brn
|
|-weather|RainDance|[upkeep]
|-damage|p2b: Ursaluna|45/100 brn|[from] brn
|upkeep
|
|t:|1757859989
|switch|p1b: Politoed|Politoed, L50, F|70/100
|turn|10
|
|t:|1757860009
|move|p1b: Politoed|Weather Ball|p2b: Ursaluna
|-damage|p2b: Ursaluna|0 fnt
|faint|p2b: Ursaluna
|move|p2a: Incineroar|Knock Off|p1a: Gothitelle
|-supereffective|p1a: Gothitelle
|-damage|p1a: Gothitelle|0 fnt
|faint|p1a: Gothitelle
|
|-weather|RainDance|[upkeep]
|-heal|p1b: Politoed|76/100|[from] item: Leftovers
|upkeep
|turn|11
|
|t:|1757860032
|move|p1b: Politoed|Perish Song|p1b: Politoed
|-start|p1b: Politoed|perish3|[silent]
|-start|p2a: Incineroar|perish3|[silent]
|-fieldactivate|move: Perish Song
|move|p2a: Incineroar|Knock Off|p1b: Politoed
|-damage|p1b: Politoed|45/100
|-enditem|p1b: Politoed|Leftovers|[from] move: Knock Off|[of] p2a: Incineroar
|
|-weather|none
|-start|p1b: Politoed|perish3
|-start|p2a: Incineroar|perish3
|upkeep
|turn|12
|
|t:|1757860043
|move|p1b: Politoed|Weather Ball|p2a: Incineroar
|-damage|p2a: Incineroar|95/100
|move|p2a: Incineroar|Knock Off|p1b: Politoed
|-damage|p1b: Politoed|23/100
|
|-start|p1b: Politoed|perish2
|-start|p2a: Incineroar|perish2
|upkeep
|turn|13
|-message|OreXis945 forfeited.
|
|win|Slackermaru
||Slackermaru is ready for game 3.
|inactive|OreXis945 has 30 seconds to confirm battle start!
|inactive|OreXis945 has 20 seconds to confirm battle start!
|inactive|OreXis945 has 10 seconds to confirm battle start!
|uhtml|next|Next: Game 3 of 3
|l|☆Slackermaru
|player|p2|
