|j|☆teyvgc
|j|☆Naya314
|html|teyvgcNaya314    
|uhtml|bestof|Game 3 of a best-of-3
|t:|1783201895
|gametype|doubles
|player|p1|teyvgc|1|1207
|player|p2|Naya314|candice|1303
|gen|9
|tier|[Gen 9 Champions] VGC 2026 Reg M-B (Bo3)
|rated|
|rule|Species Clause: Limit one of each Pokémon
|rule|Item Clause: Limit 1 of each item
|clearpoke
|poke|p1|Excadrill, L50, M|
|poke|p1|Tyranitar, L50, M|
|poke|p1|Staraptor, L50, F|
|poke|p1|Sinistcha, L50|
|poke|p1|Milotic, L50, F|
|poke|p1|Gholdengo, L50|
|poke|p2|Scizor, L50, M|
|poke|p2|Charizard, L50, M|
|poke|p2|Garchomp, L50, F|
|poke|p2|Basculegion, L50, M|
|poke|p2|Whimsicott, L50, F|
|poke|p2|Floette-Eternal, L50, F|
|teampreview|4
|showteam|p1|Excadrill||FocusSash|SandRush|Earthquake,IronHead,RockSlide,Protect|Adamant||M|||50|]Tyranitar||Tyranitarite|SandStream|RockSlide,KnockOff,DragonDance,Protect|Adamant||M|||50|]Staraptor||Staraptite|Intimidate|BraveBird,CloseCombat,Tailwind,Protect|Jolly||F|||50|]Sinistcha||SitrusBerry|Hospitality|MatchaGotcha,RagePowder,LifeDew,TrickRoom|Calm|||||50|]Milotic||Leftovers|Competitive|Scald,IceBeam,Recover,Protect|Modest||F|||50|]Gholdengo||LifeOrb|GoodasGold|MakeItRain,ShadowBall,NastyPlot,Protect|Modest|||||50|
|showteam|p2|Scizor||ExpertBelt|Technician|BugBite,BulletPunch,CloseCombat,Protect|Adamant||M|||50|]Charizard||CharizarditeY|Blaze|HeatWave,SolarBeam,WeatherBall,Protect|Modest||M|||50|]Garchomp||LifeOrb|RoughSkin|Earthquake,DragonClaw,RockSlide,Protect|Jolly||F|||50|]Basculegion||ChoiceScarf|Adaptability|LastRespects,WaveCrash,AquaJet,FlipTurn|Adamant||M|||50|]Whimsicott||FocusSash|Prankster|Moonblast,Tailwind,Encore,Protect|Timid||F|||50|]Floette-Eternal||Floettite|FlowerVeil|DazzlingGleam,EnergyBall,Moonblast,Protect|Modest||F|||50|
|inactive|Battle timer is ON: inactive players will automatically lose when time's up. (requested by Naya314)
|inactive|teyvgc has 60 seconds left.
|inactive|Naya314 has 60 seconds left.
|
|t:|1783201932
|teamsize|p1|4
|teamsize|p2|4
|start
|switch|p1a: Staraptor|Staraptor, L50, F|100/100
|switch|p1b: Milotic|Milotic, L50, F|100/100
|switch|p2a: Basculegion|Basculegion, L50, M|100/100
|switch|p2b: Scizor|Scizor, L50, M|100/100
|-ability|p1a: Staraptor|Intimidate|boost
|-unboost|p2a: Basculegion|atk|1
|-unboost|p2b: Scizor|atk|1
|turn|1
|inactive|teyvgc has 30 seconds left.
|inactive|Naya314 has 30 seconds left.
|inactive|teyvgc has 20 seconds left.
|inactive|teyvgc has 15 seconds left.
|
|t:|1783201975
|detailschange|p1a: Staraptor|Staraptor-Mega, L50, F
|-mega|p1a: Staraptor|Staraptor|Staraptite
|move|p2b: Scizor|Bullet Punch|p1a: Staraptor
|-damage|p1a: Staraptor|78/100
|move|p2a: Basculegion|Flip Turn|p1a: Staraptor
|-damage|p1a: Staraptor|48/100
|
|t:|1783201985
|switch|p2a: Charizard|Charizard, L50, M|100/100|[from] Flip Turn
|move|p1a: Staraptor|Tailwind|p1a: Staraptor
|-sidestart|p1: teyvgc|move: Tailwind
|move|p1b: Milotic|Scald|p2b: Scizor
|-damage|p2b: Scizor|52/100
|-status|p2b: Scizor|brn
|
|-damage|p2b: Scizor|46/100 brn|[from] brn
|upkeep
|turn|2
|inactive|teyvgc has 30 seconds left.
|inactive|Naya314 has 30 seconds left.
|
|t:|1783202011
|detailschange|p2a: Charizard|Charizard-Mega-Y, L50, M
|-mega|p2a: Charizard|Charizard|Charizardite Y
|-weather|SunnyDay|[from] ability: Drought|[of] p2a: Charizard
|move|p1a: Staraptor|Protect|p1a: Staraptor
|-singleturn|p1a: Staraptor|Protect
|move|p2b: Scizor|Protect|p2b: Scizor
|-singleturn|p2b: Scizor|Protect
|move|p1b: Milotic|Scald|p2a: Charizard
|-supereffective|p2a: Charizard|1
|-damage|p2a: Charizard|69/100
|move|p2a: Charizard|Weather Ball|p1a: Staraptor
|-activate|p1a: Staraptor|move: Protect
|
|-weather|SunnyDay|[upkeep]
|-damage|p2b: Scizor|41/100 brn|[from] brn
|upkeep
|turn|3
|inactive|Naya314 has 30 seconds left.
|
|t:|1783202039
|switch|p1a: Tyranitar|Tyranitar, L50, M|100/100
|-weather|Sandstorm|[from] ability: Sand Stream|[of] p1a: Tyranitar
|switch|p2b: Basculegion|Basculegion, L50, M|100/100
|move|p1b: Milotic|Scald|p2a: Charizard
|-supereffective|p2a: Charizard|1
|-damage|p2a: Charizard|7/100
|move|p2a: Charizard|Weather Ball|p1a: Tyranitar
|-damage|p1a: Tyranitar|75/100
|
|-weather|Sandstorm|[upkeep]
|-damage|p1b: Milotic|94/100|[from] Sandstorm
|-damage|p2b: Basculegion|93/100|[from] Sandstorm
|-damage|p2a: Charizard|1/100|[from] Sandstorm
|-heal|p1b: Milotic|100/100|[from] item: Leftovers
|upkeep
|turn|4
|inactive|teyvgc has 30 seconds left.
|inactive|Naya314 has 30 seconds left.
|
|t:|1783202068
|switch|p2a: Scizor|Scizor, L50, M|41/100 brn
|move|p1a: Tyranitar|Protect|p1a: Tyranitar
|-singleturn|p1a: Tyranitar|Protect
|move|p1b: Milotic|Scald|p2b: Basculegion
|-resisted|p2b: Basculegion|1
|-damage|p2b: Basculegion|73/100
|move|p2b: Basculegion|Wave Crash|p1a: Tyranitar
|-activate|p1a: Tyranitar|move: Protect
|
|-weather|Sandstorm|[upkeep]
|-damage|p1b: Milotic|94/100|[from] Sandstorm
|-damage|p2b: Basculegion|67/100|[from] Sandstorm
|-heal|p1b: Milotic|100/100|[from] item: Leftovers
|-damage|p2a: Scizor|35/100 brn|[from] brn
|-sideend|p1: teyvgc|move: Tailwind
|upkeep
|turn|5
|
|t:|1783202092
|switch|p1a: Excadrill|Excadrill, L50, M|100/100
|move|p2a: Scizor|Bullet Punch|p1a: Excadrill
|-resisted|p1a: Excadrill|1
|-damage|p1a: Excadrill|88/100
|move|p2b: Basculegion|Wave Crash|p1a: Excadrill
|-supereffective|p1a: Excadrill|1
|-damage|p1a: Excadrill|0 fnt
|faint|p1a: Excadrill
|-damage|p2b: Basculegion|40/100|[from] Recoil
|move|p1b: Milotic|Scald|p2b: Basculegion
|-resisted|p2b: Basculegion|1
|-damage|p2b: Basculegion|20/100y
|
|-weather|Sandstorm|[upkeep]
|-damage|p2b: Basculegion|14/100|[from] Sandstorm
|-damage|p1b: Milotic|94/100|[from] Sandstorm
|-heal|p1b: Milotic|100/100|[from] item: Leftovers
|-damage|p2a: Scizor|29/100 brn|[from] brn
|upkeep
|inactive|teyvgc has 30 seconds left.
|
|t:|1783202124
|switch|p1a: Staraptor|Staraptor-Mega, L50, F|48/100
|turn|6
|inactive|Naya314 has 30 seconds left.
|
|t:|1783202159
|switch|p2b: Garchomp|Garchomp, L50, F|100/100
|move|p1a: Staraptor|Protect|p1a: Staraptor
|-singleturn|p1a: Staraptor|Protect
|move|p2a: Scizor|Bullet Punch|p1a: Staraptor
|-activate|p1a: Staraptor|move: Protect
|move|p1b: Milotic|Scald|p2b: Garchomp
|-damage|p2b: Garchomp|61/100
|
|-weather|Sandstorm|[upkeep]
|-damage|p1a: Staraptor|42/100|[from] Sandstorm
|-damage|p1b: Milotic|94/100|[from] Sandstorm
|-heal|p1b: Milotic|100/100|[from] item: Leftovers
|-damage|p2a: Scizor|24/100 brn|[from] brn
|upkeep
|turn|7
|inactive|teyvgc has 30 seconds left.
|inactive|teyvgc has 20 seconds left.
|
|t:|1783202197
|move|p2a: Scizor|Bullet Punch|p1a: Staraptor
|-damage|p1a: Staraptor|27/100
|move|p1a: Staraptor|Close Combat|p2b: Garchomp
|-damage|p2b: Garchomp|7/100
|-boost|p1a: Staraptor|def|1
|-boost|p1a: Staraptor|spd|1
|-damage|p1a: Staraptor|14/100|[from] ability: Rough Skin|[of] p2b: Garchomp
|move|p2b: Garchomp|Dragon Claw|p1a: Staraptor
|-damage|p1a: Staraptor|0 fnt
|faint|p1a: Staraptor
|-damage|p2b: Garchomp|0 fnt|[from] item: Life Orb
|faint|p2b: Garchomp
|move|p1b: Milotic|Scald|p2a: Scizor
|-damage|p2a: Scizor|0 fnt
|faint|p2a: Scizor
|
|-weather|none
|upkeep
|
|t:|1783202218
|switch|p1a: Tyranitar|Tyranitar, L50, M|75/100
|switch|p2b: Basculegion|Basculegion, L50, M|14/100
|switch|p2a: Charizard|Charizard-Mega-Y, L50, M|1/100
|-weather|SunnyDay|[from] ability: Drought|[of] p2a: Charizard
|-weather|Sandstorm|[from] ability: Sand Stream|[of] p1a: Tyranitar
|turn|8
|inactive|Naya314 has 30 seconds left.
|
|t:|1783202245
|move|p1b: Milotic|Protect|p1b: Milotic
|-singleturn|p1b: Milotic|Protect
|move|p1a: Tyranitar|Protect|p1a: Tyranitar
|-singleturn|p1a: Tyranitar|Protect
|move|p2b: Basculegion|Last Respects|p1b: Milotic
|-activate|p1b: Milotic|move: Protect
|move|p2a: Charizard|Solar Beam||[still]
|-prepare|p2a: Charizard|Solar Beam
|
|-weather|Sandstorm|[upkeep]
|-damage|p2b: Basculegion|8/100|[from] Sandstorm
|-damage|p2a: Charizard|0 fnt|[from] Sandstorm
|-damage|p1b: Milotic|94/100|[from] Sandstorm
|faint|p2a: Charizard
|-heal|p1b: Milotic|100/100|[from] item: Leftovers
|upkeep
|turn|9
|-message|Naya314 forfeited.
|
|win|teyvgc
|raw|teyvgc's rating: 1207 → 1239(+32 for winning)
|raw|Naya314's rating: 1303 → 1278(-25 for losing)
