|j|☆MalchirVGC
|j|☆lolgz
|html|MalchirVGClolgz    
|uhtml|bestof|Game 1 of a best-of-3
|t:|1784040393
|gametype|doubles
|player|p1|MalchirVGC|pokemonbreeder|1154
|player|p2|lolgz|dawn|1193
|gen|9
|tier|[Gen 9 Champions] VGC 2026 Reg M-B (Bo3)
|rated|
|rule|Species Clause: Limit one of each Pokémon
|rule|Item Clause: Limit 1 of each item
|clearpoke
|poke|p1|Charizard, L50, M|
|poke|p1|Basculegion, L50, M|
|poke|p1|Venusaur, L50, F|
|poke|p1|Grimmsnarl, L50, M|
|poke|p1|Pelipper, L50, F|
|poke|p1|Archaludon, L50, M|
|poke|p2|Delphox, L50, M|
|poke|p2|Incineroar, L50, M|
|poke|p2|Vivillon, L50, M|
|poke|p2|Sinistcha, L50|
|poke|p2|Blastoise, L50, F|
|poke|p2|Maushold, L50|
|teampreview|4
|showteam|p1|Charizard||CharizarditeY|Blaze|Protect,HeatWave,WeatherBall,SolarBeam|Timid||M|||50|]Basculegion||ChoiceScarf|Adaptability|FlipTurn,WaveCrash,AquaJet,LastRespects|Jolly||M|||50|]Venusaur||FocusSash|Chlorophyll|Protect,SleepPowder,SludgeBomb,EarthPower|Modest||F|||50|]Grimmsnarl||LightClay|Prankster|SpiritBreak,PartingShot,Reflect,LightScreen|Careful||M|||50|]Pelipper||SitrusBerry|Drizzle|Hurricane,WideGuard,Tailwind,WeatherBall|Modest||F|||50|]Archaludon||Leftovers|Stamina|ElectroShot,DragonPulse,FlashCannon,Protect|Modest||M|||50|
|showteam|p2|Delphox||Delphoxite|Blaze|HeatWave,Psychic,NastyPlot,Protect|Timid||M|||50|]Incineroar||SitrusBerry|Intimidate|FakeOut,PartingShot,FlareBlitz,ThroatChop|Impish||M|||50|]Vivillon||ChoiceScarf|CompoundEyes|SleepPowder,Hurricane,RagePowder,Tailwind|Timid||M|||50|]Sinistcha||KasibBerry|Hospitality|MatchaGotcha,RagePowder,Protect,TrickRoom|Bold|||||50|]Blastoise||Blastoisinite|RainDish|Protect,WaterSpout,DarkPulse,ShellSmash|Modest||F|||50|]Maushold||FocusSash|FriendGuard|FollowMe,Protect,SuperFang,HelpingHand|Jolly|||||50|
|inactive|Battle timer is ON: inactive players will automatically lose when time's up. (requested by lolgz)
|inactive|MalchirVGC has 60 seconds left.
|inactive|lolgz has 60 seconds left.
|inactive|MalchirVGC has 30 seconds left.
|inactive|MalchirVGC has 20 seconds left.
|inactive|MalchirVGC has 15 seconds left.
|inactive|MalchirVGC has 10 seconds left.
|
|t:|1784040475
|teamsize|p1|4
|teamsize|p2|4
|start
|switch|p1a: Basculegion|Basculegion, L50, M|100/100
|switch|p1b: Charizard|Charizard, L50, M|100/100
|switch|p2a: Vivillon|Vivillon, L50, M|100/100
|switch|p2b: Blastoise|Blastoise, L50, F|100/100
|turn|1
|inactive|MalchirVGC has 30 seconds left.
|inactive|MalchirVGC has 20 seconds left.
|
|t:|1784040515
|detailschange|p2b: Blastoise|Blastoise-Mega, L50, F
|-mega|p2b: Blastoise|Blastoise|Blastoisinite
|move|p2b: Blastoise|Protect|p2b: Blastoise
|-singleturn|p2b: Blastoise|Protect
|move|p2a: Vivillon|Sleep Powder|p1b: Charizard
|-status|p1b: Charizard|slp|[from] move: Sleep Powder
|move|p1a: Basculegion|Wave Crash|p2a: Vivillon
|-damage|p2a: Vivillon|0 fnt
|faint|p2a: Vivillon
|-damage|p1a: Basculegion|74/100|[from] Recoil
|cant|p1b: Charizard|slp
|
|upkeep
|
|t:|1784040537
|switch|p2a: Sinistcha|Sinistcha, L50|100/100
|turn|2
|inactive|MalchirVGC has 30 seconds left.
|inactive|MalchirVGC has 20 seconds left.
|inactive|MalchirVGC has 15 seconds left.
|
|t:|1784040582
|switch|p1a: Grimmsnarl|Grimmsnarl, L50, M|100/100
|switch|p1b: Venusaur|Venusaur, L50, F|100/100
|move|p2a: Sinistcha|Rage Powder|p2a: Sinistcha
|-singleturn|p2a: Sinistcha|move: Rage Powder
|move|p2b: Blastoise|Shell Smash|p2b: Blastoise
|-unboost|p2b: Blastoise|def|1
|-unboost|p2b: Blastoise|spd|1
|-boost|p2b: Blastoise|atk|2
|-boost|p2b: Blastoise|spa|2
|-boost|p2b: Blastoise|spe|2
|
|upkeep
|turn|3
|inactive|MalchirVGC has 30 seconds left.
|
|t:|1784040611
|switch|p2a: Incineroar|Incineroar, L50, M|100/100
|-ability|p2a: Incineroar|Intimidate|boost
|-unboost|p1a: Grimmsnarl|atk|1
|-unboost|p1b: Venusaur|atk|1
|move|p2b: Blastoise|Protect|p2b: Blastoise
|-singleturn|p2b: Blastoise|Protect
|move|p1a: Grimmsnarl|Light Screen|p1a: Grimmsnarl
|-sidestart|p1: MalchirVGC|move: Light Screen
|move|p1b: Venusaur|Sludge Bomb|p2b: Blastoise
|-activate|p2b: Blastoise|move: Protect
|
|upkeep
|turn|4
|
|t:|1784040631
|move|p2a: Incineroar|Fake Out|p1b: Venusaur
|-damage|p1b: Venusaur|84/100
|move|p1a: Grimmsnarl|Parting Shot|p2b: Blastoise
|-unboost|p2b: Blastoise|atk|1
|-unboost|p2b: Blastoise|spa|1
|
|t:|1784040636
|switch|p1a: Basculegion|Basculegion, L50, M|74/100|[from] Parting Shot
|move|p2b: Blastoise|Water Spout|p1b: Venusaur|[spread] p1a,p1b
|-resisted|p1a: Basculegion|1
|-resisted|p1b: Venusaur|1
|-damage|p1a: Basculegion|39/100
|-damage|p1b: Venusaur|43/100
|cant|p1b: Venusaur|flinch
|
|upkeep
|turn|5
|
|t:|1784040661
|switch|p2a: Sinistcha|Sinistcha, L50|100/100
|move|p2b: Blastoise|Protect|p2b: Blastoise
|-singleturn|p2b: Blastoise|Protect
|move|p1b: Venusaur|Protect|p1b: Venusaur
|-singleturn|p1b: Venusaur|Protect
|move|p1a: Basculegion|Flip Turn|p2a: Sinistcha
|-resisted|p2a: Sinistcha|1
|-damage|p2a: Sinistcha|84/100
|
|t:|1784040670
|switch|p1a: Charizard|Charizard, L50, M|100/100 slp|[from] Flip Turn
|
|upkeep
|turn|6
|inactive|MalchirVGC has 30 seconds left.
|
|t:|1784040701
|switch|p2a: Incineroar|Incineroar, L50, M|100/100
|-ability|p2a: Incineroar|Intimidate|boost
|-unboost|p1a: Charizard|atk|1
|-unboost|p1b: Venusaur|atk|1
|detailschange|p1a: Charizard|Charizard-Mega-Y, L50, M
|-mega|p1a: Charizard|Charizard|Charizardite Y
|-weather|SunnyDay|[from] ability: Drought|[of] p1a: Charizard
|move|p2b: Blastoise|Dark Pulse|p1b: Venusaur
|-damage|p1b: Venusaur|0 fnt
|faint|p1b: Venusaur
|-curestatus|p1a: Charizard|slp|[msg]
|move|p1a: Charizard|Heat Wave|p2a: Incineroar|[spread] p2a,p2b
|-resisted|p2a: Incineroar|1
|-resisted|p2b: Blastoise|1
|-damage|p2a: Incineroar|61/100
|-damage|p2b: Blastoise|47/100
|
|-weather|SunnyDay|[upkeep]
|upkeep
|inactive|MalchirVGC has 30 seconds left.
|inactive|MalchirVGC has 20 seconds left.
|
|t:|1784040740
|switch|p1b: Grimmsnarl|Grimmsnarl, L50, M|100/100
|turn|7
|
|t:|1784040749
|move|p1a: Charizard|Protect|p1a: Charizard
|-singleturn|p1a: Charizard|Protect
|move|p2a: Incineroar|Fake Out|p1a: Charizard
|-activate|p1a: Charizard|move: Protect
|move|p1b: Grimmsnarl|Parting Shot|p2b: Blastoise
|-unboost|p2b: Blastoise|atk|1
|-unboost|p2b: Blastoise|spa|1
|-message|lolgz forfeited.
|raw|MalchirVGC's rating: 1154 → 1182(+28 for winning)
|raw|lolgz's rating: 1193 → 1165(-28 for losing)
|
|win|MalchirVGC
