|j|☆BoloinaBox
|j|☆Rexolboy
|html|BoloinaBoxRexolboy    
|uhtml|bestof|Game 2 of a best-of-3
|t:|1756547344
|gametype|doubles
|player|p1|BoloinaBox|2|1185
|player|p2|Rexolboy|266|1079
|gen|9
|tier|[Gen 9] VGC 2025 Reg H (Bo3)
|rated|
|rule|Species Clause: Limit one of each Pokémon
|rule|Item Clause: Limit 1 of each item
|clearpoke
|poke|p1|Ceruledge, L50, F|
|poke|p1|Sneasler, L50, F|
|poke|p1|Whimsicott, L50, M|
|poke|p1|Gastrodon, L50, M|
|poke|p1|Dragonite, L50, F|
|poke|p1|Kingambit, L50, F|
|poke|p2|Archaludon, L50, F|
|poke|p2|Incineroar, L50, M|
|poke|p2|Whimsicott, L50, F|
|poke|p2|Ursaluna, L50, F|
|poke|p2|Indeedee-F, L50, F|
|poke|p2|Armarouge, L50, M|
|teampreview|4
|showteam|p1|Ceruledge||ClearAmulet|FlashFire|BitterBlade,Poltergeist,BulkUp,Protect|||F|||50|,,,,,Ghost]Sneasler||GrassySeed|Unburden|CloseCombat,DireClaw,Coaching,FakeOut|||F|||50|,,,,,Ghost]Whimsicott||FocusSash|Prankster|Moonblast,LightScreen,Tailwind,SunnyDay|||M|||50|,,,,,Ghost]Gastrodon||SitrusBerry|StormDrain|IceBeam,EarthPower,Yawn,Protect|||M|||50|,,,,,Fairy]Dragonite||LoadedDice|Multiscale|ScaleShot,Haze,Tailwind,Protect|||F|||50|,,,,,Dragon]Kingambit||AssaultVest|Defiant|SuckerPunch,KowtowCleave,IronHead,LowKick|||F|||50|,,,,,Dark
|showteam|p2|Archaludon||PowerHerb|Stalwart|ElectroShot,FlashCannon,DragonPulse,Protect|||F|||50|,,,,,Electric]Incineroar||SitrusBerry|Intimidate|FlareBlitz,KnockOff,FakeOut,PartingShot|||M|||50|,,,,,Ghost]Whimsicott||CovertCloak|Prankster|Moonblast,Encore,LightScreen,Tailwind|||F|||50|,,,,,Water]Ursaluna||FlameOrb|Guts|Facade,RainDance,HeadlongRush,Protect|||F|||50|,,,,,Ghost]Indeedee-F||SafetyGoggles|PsychicSurge|DazzlingGleam,HelpingHand,FollowMe,TrickRoom|||F|||50|,,,,,Fairy]Armarouge||LifeOrb|FlashFire|ExpandingForce,ArmorCannon,EnergyBall,Protect|||M|||50|,,,,,Stellar
|inactive|Battle timer is ON: inactive players will automatically lose when time's up. (requested by BoloinaBox)
|
|t:|1756547369
|teamsize|p1|4
|teamsize|p2|4
|start
|switch|p1a: Sneasler|Sneasler, L50, F|100/100
|switch|p1b: Ceruledge|Ceruledge, L50, F|100/100
|switch|p2a: Whimsicott|Whimsicott, L50, F|100/100
|switch|p2b: Armarouge|Armarouge, L50, M|100/100
|turn|1
|inactive|BoloinaBox has 30 seconds left.
|
|t:|1756547403
|move|p2b: Armarouge|Protect|p2b: Armarouge
|-singleturn|p2b: Armarouge|Protect
|move|p1a: Sneasler|Fake Out|p2b: Armarouge
|-activate|p2b: Armarouge|move: Protect
|move|p2a: Whimsicott|Tailwind|p2a: Whimsicott
|-sidestart|p2: Rexolboy|move: Tailwind
|move|p1b: Ceruledge|Bitter Blade|p2a: Whimsicott
|-supereffective|p2a: Whimsicott
|-damage|p2a: Whimsicott|2/100
|
|upkeep
|turn|2
|
|t:|1756547419
|switch|p2a: Indeedee|Indeedee-F, L50, F|100/100
|-fieldstart|move: Psychic Terrain|[from] ability: Psychic Surge|[of] p2a: Indeedee
|switch|p1a: Dragonite|Dragonite, L50, F|100/100
|move|p2b: Armarouge|Expanding Force|p1a: Dragonite|[spread] p1a,p1b
|-damage|p1a: Dragonite|65/100
|-damage|p1b: Ceruledge|27/100
|-damage|p2b: Armarouge|91/100|[from] item: Life Orb
|move|p1b: Ceruledge|Poltergeist|p2b: Armarouge
|-activate|p2b: Armarouge|move: Poltergeist|Life Orb
|-supereffective|p2b: Armarouge
|-damage|p2b: Armarouge|0 fnt
|faint|p2b: Armarouge
|
|upkeep
|
|t:|1756547430
|switch|p2b: Archaludon|Archaludon, L50, F|100/100
|turn|3
|inactive|BoloinaBox has 30 seconds left.
|inactive|Rexolboy has 30 seconds left.
|
|t:|1756547462
|switch|p1b: Kingambit|Kingambit, L50, F|100/100
|-terastallize|p2a: Indeedee|Fairy
|move|p2a: Indeedee|Follow Me|p2a: Indeedee
|-singleturn|p2a: Indeedee|move: Follow Me
|move|p2b: Archaludon|Electro Shot||[still]
|-prepare|p2b: Archaludon|Electro Shot
|-boost|p2b: Archaludon|spa|1
|-enditem|p2b: Archaludon|Power Herb
|-anim|p2b: Archaludon|Electro Shot|p1a: Dragonite
|-damage|p1a: Dragonite|6/100
|move|p1a: Dragonite|Tailwind|p1a: Dragonite
|-sidestart|p1: BoloinaBox|move: Tailwind
|
|upkeep
|turn|4
|inactive|Rexolboy has 30 seconds left.
|
|t:|1756547491
|move|p2b: Archaludon|Dragon Pulse|p1b: Kingambit
|-resisted|p1b: Kingambit
|-damage|p1b: Kingambit|83/100
|move|p1a: Dragonite|Haze|p1a: Dragonite
|-clearallboost
|move|p2a: Indeedee|Dazzling Gleam|p1b: Kingambit|[spread] p1a,p1b
|-supereffective|p1a: Dragonite
|-damage|p1a: Dragonite|0 fnt
|-damage|p1b: Kingambit|74/100
|faint|p1a: Dragonite
|move|p1b: Kingambit|Iron Head|p2a: Indeedee
|-supereffective|p2a: Indeedee
|-damage|p2a: Indeedee|21/100
|
|-sideend|p2: Rexolboy|move: Tailwind
|upkeep
|
|t:|1756547505
|switch|p1a: Sneasler|Sneasler, L50, F|100/100
|turn|5
|
|t:|1756547528
|move|p2a: Indeedee|Follow Me|p2a: Indeedee
|-singleturn|p2a: Indeedee|move: Follow Me
|move|p1a: Sneasler|Coaching|p1b: Kingambit
|-boost|p1b: Kingambit|atk|1
|-boost|p1b: Kingambit|def|1
|move|p2b: Archaludon|Dragon Pulse|p1a: Sneasler
|-damage|p1a: Sneasler|38/100
|move|p1b: Kingambit|Iron Head|p2a: Indeedee
|-supereffective|p2a: Indeedee
|-crit|p2a: Indeedee
|-damage|p2a: Indeedee|0 fnt
|faint|p2a: Indeedee
|
|upkeep
|
|t:|1756547534
|switch|p2a: Whimsicott|Whimsicott, L50, F|2/100
|turn|6
|inactive|BoloinaBox has 30 seconds left.
|
|t:|1756547564
|move|p1a: Sneasler|Coaching|p1b: Kingambit
|-boost|p1b: Kingambit|atk|1
|-boost|p1b: Kingambit|def|1
|move|p2b: Archaludon|Electro Shot||[still]
|-prepare|p2b: Archaludon|Electro Shot
|-boost|p2b: Archaludon|spa|1
|move|p2a: Whimsicott|Moonblast|p1a: Sneasler
|-damage|p1a: Sneasler|1/100
|-unboost|p1a: Sneasler|spa|1
|move|p1b: Kingambit|Low Kick|p2b: Archaludon
|-supereffective|p2b: Archaludon
|-damage|p2b: Archaludon|2/100
|
|-sideend|p1: BoloinaBox|move: Tailwind
|-fieldend|move: Psychic Terrain
|upkeep
|turn|7
|
|t:|1756547582
|move|p2a: Whimsicott|Encore|p1a: Sneasler
|-start|p1a: Sneasler|Encore
|move|p1b: Kingambit|Sucker Punch|p2b: Archaludon
|-damage|p2b: Archaludon|0 fnt
|faint|p2b: Archaludon
|move|p1a: Sneasler|Coaching|p1b: Kingambit
|-boost|p1b: Kingambit|atk|1
|-boost|p1b: Kingambit|def|1
|
|upkeep
|turn|8
|-message|Rexolboy forfeited.
|
|win|BoloinaBox
|l|☆Rexolboy
|player|p2|
|j|☆Rexolboy
|player|p2|Rexolboy|266|
||BoloinaBox is ready for game 3.
||Rexolboy is ready for game 3.
|uhtml|next|Next: Game 3 of 3
