|j|☆p1ch1pichi
|j|☆Irnfkgngng
|html|p1ch1pichiIrnfkgngng    
|uhtml|bestof|Game 2 of a best-of-3
|t:|1784190737
|gametype|doubles
|player|p1|p1ch1pichi|n|1117
|player|p2|Irnfkgngng|101|1000
|gen|9
|tier|[Gen 9 Champions] VGC 2026 Reg M-B (Bo3)
|rated|
|rule|Species Clause: Limit one of each Pokémon
|rule|Item Clause: Limit 1 of each item
|clearpoke
|poke|p1|Ampharos, L50, F, shiny|
|poke|p1|Farigiraf, L50, M, shiny|
|poke|p1|Incineroar, L50, M|
|poke|p1|Vivillon, L50, M|
|poke|p1|Vanilluxe, L50, F|
|poke|p1|Aggron, L50, M, shiny|
|poke|p2|Rotom-Heat, L50|
|poke|p2|Ninetales-Alola, L50, M|
|poke|p2|Politoed, L50, M|
|poke|p2|Annihilape, L50, F|
|poke|p2|Scovillain, L50, M|
|poke|p2|Sableye, L50, F|
|teampreview|4
|showteam|p1|Ampharos||Ampharosite|Static|DragonPulse,Thunderbolt,PowerGem,Protect|Quiet||F|||50|]Farigiraf||ColburBerry|ArmorTail|Psychic,TrickRoom,HelpingHand,Protect|Relaxed||M|||50|]Incineroar||SitrusBerry|Intimidate|FlareBlitz,FakeOut,PartingShot,ThroatChop|Careful||M|||50|]Vivillon||FocusSash|CompoundEyes|Protect,SleepPowder,Tailwind,Hurricane|Timid||M|||50|]Vanilluxe||NeverMeltIce|SnowWarning|Protect,Blizzard,FreezeDry,AuroraVeil|Quiet||F|||50|]Aggron||Aggronite|HeavyMetal|BodyPress,HeavySlam,Protect,IronDefense|Sassy||M|||50|
|showteam|p2|Rotom-Heat||FocusSash|Levitate|NastyPlot,Thunder,Overheat,VoltSwitch|Timid|||||50|]Ninetales-Alola||LightClay|SnowWarning|Blizzard,FreezeDry,AuroraVeil,DazzlingGleam|Modest||M|||50|]Politoed||MysticWater|Drizzle|Protect,Haze,WeatherBall,MuddyWater|Bold||M|||50|]Annihilape||ChoiceScarf|Defiant|NightSlash,PoisonJab,CloseCombat,BrickBreak|Adamant||F|||50|]Scovillain||Scovillainite|Moody|GigaDrain,RagePowder,Protect,BurningJealousy|Bold||M|||50|]Sableye||Leftovers|Prankster|Encore,LightScreen,Reflect,Snarl|Calm||F|||50|
|inactive|Battle timer is ON: inactive players will automatically lose when time's up. (requested by p1ch1pichi)
|
|t:|1784190766
|teamsize|p1|4
|teamsize|p2|4
|start
|switch|p1a: Vivillon|Vivillon, L50, M|100/100
|switch|p1b: Farigiraf|Farigiraf, L50, M, shiny|100/100
|switch|p2a: Sableye|Sableye, L50, F|100/100
|switch|p2b: Rotom|Rotom-Heat, L50|100/100
|turn|1
|
|t:|1784190781
|move|p1a: Vivillon|Sleep Powder|p2b: Rotom
|-status|p2b: Rotom|slp|[from] move: Sleep Powder
|cant|p2b: Rotom|slp
|move|p2a: Sableye|Snarl|p1b: Farigiraf|[spread] p1a,p1b
|-supereffective|p1b: Farigiraf|1
|-enditem|p1b: Farigiraf|Colbur Berry|[eat]
|-enditem|p1b: Farigiraf|Colbur Berry|[weaken]
|-damage|p1a: Vivillon|80/100
|-damage|p1b: Farigiraf|90/100
|-unboost|p1a: Vivillon|spa|1
|-unboost|p1b: Farigiraf|spa|1
|move|p1b: Farigiraf|Trick Room|p1b: Farigiraf
|-fieldstart|move: Trick Room|[of] p1b: Farigiraf
|
|upkeep
|turn|2
|
|t:|1784190803
|switch|p1a: Aggron|Aggron, L50, M, shiny|100/100
|move|p1b: Farigiraf|Protect|p1b: Farigiraf
|-singleturn|p1b: Farigiraf|Protect
|move|p2a: Sableye|Snarl|p1a: Aggron|[spread] p1a
|-activate|p1b: Farigiraf|move: Protect
|-damage|p1a: Aggron|89/100
|-unboost|p1a: Aggron|spa|1
|-curestatus|p2b: Rotom|slp|[msg]
|move|p2b: Rotom|Overheat|p1a: Aggron
|-damage|p1a: Aggron|31/100
|-unboost|p2b: Rotom|spa|2
|
|upkeep
|turn|3
|
|t:|1784190826
|detailschange|p1a: Aggron|Aggron-Mega, L50, M, shiny
|-mega|p1a: Aggron|Aggron|Aggronite
|move|p1b: Farigiraf|Helping Hand|p1a: Aggron
|-singleturn|p1a: Aggron|Helping Hand|[of] p1b: Farigiraf
|move|p1a: Aggron|Body Press|p2b: Rotom
|-damage|p2b: Rotom|26/100
|move|p2a: Sableye|Snarl|p1b: Farigiraf|[spread] p1a,p1b
|-supereffective|p1b: Farigiraf|1
|-damage|p1a: Aggron|22/100
|-damage|p1b: Farigiraf|70/100
|-unboost|p1a: Aggron|spa|1
|-unboost|p1b: Farigiraf|spa|1
|move|p2b: Rotom|Nasty Plot|p2b: Rotom
|-boost|p2b: Rotom|spa|2
|
|upkeep
|turn|4
|inactive|Irnfkgngng has 30 seconds left.
|inactive|Irnfkgngng has 20 seconds left.
|inactive|Irnfkgngng has 15 seconds left.
|inactive|Irnfkgngng has 10 seconds left.
|inactive|Irnfkgngng has 5 seconds left.
|
|t:|1784190878
|move|p2a: Sableye|Reflect|p2a: Sableye
|-sidestart|p2: Irnfkgngng|Reflect
|move|p1a: Aggron|Body Press|p2b: Rotom
|-damage|p2b: Rotom|0 fnt
|faint|p2b: Rotom
|move|p1b: Farigiraf|Psychic|p2a: Sableye
|-immune|p2a: Sableye
|
|upkeep
|
|t:|1784190892
|switch|p2b: Scovillain|Scovillain, L50, M|100/100
|turn|5
|inactive|Irnfkgngng has 30 seconds left.
|
|t:|1784190920
|detailschange|p2b: Scovillain|Scovillain-Mega, L50, M
|-mega|p2b: Scovillain|Scovillain|Scovillainite
|move|p1a: Aggron|Protect|p1a: Aggron
|-singleturn|p1a: Aggron|Protect
|move|p1b: Farigiraf|Protect|p1b: Farigiraf
|-singleturn|p1b: Farigiraf|Protect
|move|p2a: Sableye|Snarl|p1a: Aggron|[spread] 
|-activate|p1a: Aggron|move: Protect
|-activate|p1b: Farigiraf|move: Protect
|move|p2b: Scovillain|Burning Jealousy|p1a: Aggron|[spread] 
|-activate|p1a: Aggron|move: Protect
|-activate|p1b: Farigiraf|move: Protect
|
|-fieldend|move: Trick Room
|upkeep
|turn|6
|
|t:|1784190944
|switch|p1a: Vanilluxe|Vanilluxe, L50, F|100/100
|-weather|Snowscape|[from] ability: Snow Warning|[of] p1a: Vanilluxe
|move|p2b: Scovillain|Burning Jealousy|p1b: Farigiraf|[spread] p1a,p1b
|-supereffective|p1a: Vanilluxe|1
|-damage|p1a: Vanilluxe|51/100
|-damage|p1b: Farigiraf|46/100
|move|p2a: Sableye|Snarl|p1a: Vanilluxe|[spread] p1a,p1b
|-supereffective|p1b: Farigiraf|1
|-damage|p1a: Vanilluxe|41/100
|-damage|p1b: Farigiraf|25/100
|-unboost|p1a: Vanilluxe|spa|1
|-unboost|p1b: Farigiraf|spa|1
|move|p1b: Farigiraf|Trick Room|p1b: Farigiraf
|-fieldstart|move: Trick Room|[of] p1b: Farigiraf
|
|-weather|Snowscape|[upkeep]
|upkeep
|turn|7
|
|t:|1784190962
|switch|p1b: Aggron|Aggron-Mega, L50, M, shiny|22/100
|move|p2a: Sableye|Snarl|p1a: Vanilluxe|[spread] p1a,p1b
|-damage|p1a: Vanilluxe|30/100
|-damage|p1b: Aggron|13/100
|-unboost|p1a: Vanilluxe|spa|1
|-unboost|p1b: Aggron|spa|1
|move|p1a: Vanilluxe|Aurora Veil|p1a: Vanilluxe
|-sidestart|p1: p1ch1pichi|move: Aurora Veil
|move|p2b: Scovillain|Burning Jealousy|p1a: Vanilluxe|[spread] p1a,p1b
|-supereffective|p1a: Vanilluxe|1
|-supereffective|p1b: Aggron|1
|-damage|p1a: Vanilluxe|0 fnt
|-damage|p1b: Aggron|0 fnt
|faint|p1a: Vanilluxe
|faint|p1b: Aggron
|
|-weather|Snowscape|[upkeep]
|upkeep
|
|t:|1784190978
|switch|p1b: Farigiraf|Farigiraf, L50, M, shiny|25/100
|switch|p1a: Vivillon|Vivillon, L50, M|80/100
|turn|8
|
|t:|1784190988
|move|p1a: Vivillon|Protect|p1a: Vivillon
|-singleturn|p1a: Vivillon|Protect
|move|p2a: Sableye|Snarl|p1b: Farigiraf|[spread] p1b
|-activate|p1a: Vivillon|move: Protect
|-supereffective|p1b: Farigiraf|1
|-damage|p1b: Farigiraf|13/100
|-unboost|p1b: Farigiraf|spa|1
|move|p2b: Scovillain|Burning Jealousy|p1a: Vivillon|[spread] p1b
|-activate|p1a: Vivillon|move: Protect
|-damage|p1b: Farigiraf|0 fnt
|faint|p1b: Farigiraf
|
|-weather|Snowscape|[upkeep]
|-sideend|p2: Irnfkgngng|Reflect
|upkeep
|turn|9
|
|t:|1784191010
|move|p2a: Sableye|Light Screen|p2a: Sableye
|-sidestart|p2: Irnfkgngng|move: Light Screen
|move|p2b: Scovillain|Burning Jealousy|p1a: Vivillon
|-supereffective|p1a: Vivillon|1
|-damage|p1a: Vivillon|0 fnt
|faint|p1a: Vivillon
|
|win|Irnfkgngng
||p1ch1pichi is ready for game 3.
|l|☆Irnfkgngng
|player|p2|
|inactive|Irnfkgngng has 30 seconds to confirm battle start!
|inactive|Irnfkgngng has 20 seconds to confirm battle start!
|inactive|Irnfkgngng has 10 seconds to confirm battle start!
|uhtml|next|Next: Game 3 of 3
