|j|☆AnnoyingFish
|j|‽Aaronist
|html|AnnoyingFishAaronist    
|uhtml|bestof|Game 2 of a best-of-3
|t:|1784313204
|gametype|doubles
|player|p1|AnnoyingFish|preschooler|1187
|player|p2|Aaronist|hugh|1109
|gen|9
|tier|[Gen 9 Champions] VGC 2026 Reg M-B (Bo3)
|rated|
|rule|Species Clause: Limit one of each Pokémon
|rule|Item Clause: Limit 1 of each item
|clearpoke
|poke|p1|Garchomp, L50, M|
|poke|p1|Venusaur, L50, F|
|poke|p1|Incineroar, L50, F|
|poke|p1|Charizard, L50, F|
|poke|p1|Toxapex, L50, M|
|poke|p1|Annihilape, L50, F|
|poke|p2|Scolipede, L50, F|
|poke|p2|Pelipper, L50, F|
|poke|p2|Basculegion-F, L50, F|
|poke|p2|Sinistcha, L50|
|poke|p2|Primarina, L50, F|
|poke|p2|Swampert, L50, M|
|teampreview|4
|showteam|p1|Garchomp||ChoiceScarf|RoughSkin|Earthquake,RockSlide,DragonClaw,StompingTantrum|Adamant||M|||50|]Venusaur||LifeOrb|Chlorophyll|SludgeBomb,LeafStorm,EarthPower,Protect|Modest||F|||50|]Incineroar||SitrusBerry|Intimidate|FakeOut,FlareBlitz,ThroatChop,PartingShot|Impish||F|||50|]Charizard||CharizarditeY|Blaze|HeatWave,WeatherBall,Protect,HelpingHand|Modest||F|||50|]Toxapex||Leftovers|Regenerator|Infestation,Toxic,WideGuard,BanefulBunker|Impish||M|||50|]Annihilape||FocusSash|Defiant|CloseCombat,PhantomForce,RockTomb,Protect|Jolly||F|||50|
|showteam|p2|Scolipede||Scolipite|SpeedBoost|Protect,SwordsDance,LeechLife,PoisonJab|Adamant||F|||50|]Pelipper||SitrusBerry|Drizzle|Tailwind,Hurricane,RainDance,WeatherBall|Modest||F|||50|]Basculegion-F||LifeOrb|SwiftSwim|AquaJet,LastRespects,WaveCrash,FlipTurn|Adamant||F|||50|]Sinistcha||ColburBerry|Hospitality|MatchaGotcha,TrickRoom,ShadowBall,Memento|Quiet|||||50|]Primarina||Leftovers|LiquidVoice|HyperVoice,DrainingKiss,CalmMind,AquaJet|Quiet||F|||50|]Swampert||Swampertite|Torrent|Earthquake,RockSlide,WaveCrash,FlipTurn|Adamant||M|||50|
|inactive|Battle timer is ON: inactive players will automatically lose when time's up. (requested by Aaronist)
|
|t:|1784313239
|teamsize|p1|4
|teamsize|p2|4
|start
|switch|p1a: Charizard|Charizard, L50, F|100/100
|switch|p1b: Venusaur|Venusaur, L50, F|100/100
|switch|p2a: Pelipper|Pelipper, L50, F|100/100
|switch|p2b: Scolipede|Scolipede, L50, F|100/100
|-weather|RainDance|[from] ability: Drizzle|[of] p2a: Pelipper
|turn|1
|inactive|Aaronist has 30 seconds left.
|inactive|Aaronist has 20 seconds left.
|
|t:|1784313276
|detailschange|p1a: Charizard|Charizard-Mega-Y, L50, F
|-mega|p1a: Charizard|Charizard|Charizardite Y
|-weather|SunnyDay|[from] ability: Drought|[of] p1a: Charizard
|move|p2b: Scolipede|Protect|p2b: Scolipede
|-singleturn|p2b: Scolipede|Protect
|move|p1b: Venusaur|Sludge Bomb|p2a: Pelipper
|-damage|p2a: Pelipper|18/100
|-enditem|p2a: Pelipper|Sitrus Berry|[eat]
|-heal|p2a: Pelipper|43/100|[from] item: Sitrus Berry
|-damage|p1b: Venusaur|90/100|[from] item: Life Orb
|move|p1a: Charizard|Heat Wave|p2b: Scolipede|[spread] p2a
|-activate|p2b: Scolipede|move: Protect
|-resisted|p2a: Pelipper|1
|-damage|p2a: Pelipper|4/100
|move|p2a: Pelipper|Tailwind|p2a: Pelipper
|-sidestart|p2: Aaronist|move: Tailwind
|
|-weather|SunnyDay|[upkeep]
|-ability|p2b: Scolipede|Speed Boost|boost
|-boost|p2b: Scolipede|spe|1
|upkeep
|turn|2
|inactive|AnnoyingFish has 30 seconds left.
|inactive|Aaronist has 30 seconds left.
|inactive|AnnoyingFish has 20 seconds left.
|
|t:|1784313316
|switch|p1b: Toxapex|Toxapex, L50, M|100/100
|switch|p2a: Sinistcha|Sinistcha, L50|100/100
|detailschange|p2b: Scolipede|Scolipede-Mega, L50, F
|-mega|p2b: Scolipede|Scolipede|Scolipite
|move|p2b: Scolipede|Poison Jab|p1a: Charizard
|-damage|p1a: Charizard|55/100
|-status|p1a: Charizard|psn
|move|p1a: Charizard|Weather Ball|p2a: Sinistcha
|-supereffective|p2a: Sinistcha|1
|-damage|p2a: Sinistcha|0 fnt
|faint|p2a: Sinistcha
|
|-weather|SunnyDay|[upkeep]
|-damage|p1a: Charizard|43/100 psn|[from] psn
|upkeep
|
|t:|1784313330
|switch|p2a: Pelipper|Pelipper, L50, F|4/100
|-weather|RainDance|[from] ability: Drizzle|[of] p2a: Pelipper
|turn|3
|inactive|AnnoyingFish has 30 seconds left.
|
|t:|1784313364
|switch|p2a: Basculegion|Basculegion-F, L50, F|100/100
|switch|p1a: Venusaur|Venusaur, L50, F|90/100
|move|p2b: Scolipede|Swords Dance|p2b: Scolipede
|-boost|p2b: Scolipede|atk|2
|move|p1b: Toxapex|Infestation|p2a: Basculegion
|-resisted|p2a: Basculegion|1
|-damage|p2a: Basculegion|98/100
|-activate|p2a: Basculegion|move: Infestation|[of] p1b: Toxapex
|
|-weather|RainDance|[upkeep]
|-damage|p2a: Basculegion|86/100|[from] move: Infestation|[partiallytrapped]
|upkeep
|turn|4
|inactive|Aaronist has 30 seconds left.
|
|t:|1784313393
|switch|p1b: Charizard|Charizard-Mega-Y, L50, F|43/100 psn
|-weather|SunnyDay|[from] ability: Drought|[of] p1b: Charizard
|move|p2b: Scolipede|Leech Life|p1b: Charizard
|-resisted|p1b: Charizard|2
|-damage|p1b: Charizard|20/100y psn
|move|p2a: Basculegion|Last Respects|p1b: Charizard
|-damage|p1b: Charizard|0 fnt
|faint|p1b: Charizard
|-damage|p2a: Basculegion|76/100|[from] item: Life Orb
|move|p1a: Venusaur|Leaf Storm|p2a: Basculegion
|-supereffective|p2a: Basculegion|1
|-crit|p2a: Basculegion
|-damage|p2a: Basculegion|0 fnt
|-unboost|p1a: Venusaur|spa|2
|faint|p2a: Basculegion
|-damage|p1a: Venusaur|81/100|[from] item: Life Orb
|
|-weather|SunnyDay|[upkeep]
|-sideend|p2: Aaronist|move: Tailwind
|upkeep
|inactive|AnnoyingFish has 30 seconds left.
|
|t:|1784313419
|switch|p1b: Annihilape|Annihilape, L50, F|100/100
|switch|p2a: Pelipper|Pelipper, L50, F|4/100
|-weather|RainDance|[from] ability: Drizzle|[of] p2a: Pelipper
|turn|5
|
|t:|1784313438
|move|p2b: Scolipede|Leech Life|p1a: Venusaur
|-damage|p1a: Venusaur|0 fnt
|faint|p1a: Venusaur
|move|p1b: Annihilape|Phantom Force||[still]
|-prepare|p1b: Annihilape|Phantom Force
|move|p2a: Pelipper|Tailwind|p2a: Pelipper
|-sidestart|p2: Aaronist|move: Tailwind
|
|-weather|RainDance|[upkeep]
|upkeep
|
|t:|1784313448
|switch|p1a: Toxapex|Toxapex, L50, M|100/100
|turn|6
|
|t:|1784313464
|move|p2b: Scolipede|Swords Dance|p2b: Scolipede
|-boost|p2b: Scolipede|atk|2
|move|p2a: Pelipper|Hurricane|p1a: Toxapex
|-damage|p1a: Toxapex|61/100
|-start|p1a: Toxapex|confusion
|move|p1b: Annihilape|Phantom Force|p2b: Scolipede|[from] lockedmove
|-damage|p2b: Scolipede|56/100
|-activate|p1a: Toxapex|confusion
|move|p1a: Toxapex|Infestation|p2a: Pelipper
|-resisted|p2a: Pelipper|1
|-damage|p2a: Pelipper|2/100
|-activate|p2a: Pelipper|move: Infestation|[of] p1a: Toxapex
|
|-weather|RainDance|[upkeep]
|-heal|p1a: Toxapex|67/100|[from] item: Leftovers
|-damage|p2a: Pelipper|0 fnt|[from] move: Infestation|[partiallytrapped]
|faint|p2a: Pelipper
|upkeep
|turn|7
|
|t:|1784313489
|move|p2b: Scolipede|Leech Life|p1b: Annihilape
|-resisted|p1b: Annihilape|2
|-damage|p1b: Annihilape|57/100
|-heal|p2b: Scolipede|84/100|[from] drain|[of] p1b: Annihilape
|move|p1b: Annihilape|Phantom Force||[still]
|-prepare|p1b: Annihilape|Phantom Force
|-activate|p1a: Toxapex|confusion
|move|p1a: Toxapex|Infestation|p2b: Scolipede
|-resisted|p2b: Scolipede|1
|-damage|p2b: Scolipede|83/100
|-activate|p2b: Scolipede|move: Infestation|[of] p1a: Toxapex
|
|-weather|RainDance|[upkeep]
|-heal|p1a: Toxapex|73/100|[from] item: Leftovers
|-damage|p2b: Scolipede|70/100|[from] move: Infestation|[partiallytrapped]
|upkeep
|turn|8
|
|t:|1784313505
|-activate|p1a: Toxapex|confusion
|move|p1a: Toxapex|Baneful Bunker|p1a: Toxapex
|-singleturn|p1a: Toxapex|move: Protect
|move|p2b: Scolipede|Leech Life|p1a: Toxapex
|-activate|p1a: Toxapex|move: Protect
|move|p1b: Annihilape|Phantom Force|p2b: Scolipede|[from] lockedmove
|-damage|p2b: Scolipede|29/100
|
|-weather|RainDance|[upkeep]
|-heal|p1a: Toxapex|78/100|[from] item: Leftovers
|-damage|p2b: Scolipede|16/100|[from] move: Infestation|[partiallytrapped]
|-sideend|p2: Aaronist|move: Tailwind
|upkeep
|turn|9
|
|t:|1784313525
|move|p2b: Scolipede|Leech Life|p1a: Toxapex
|-resisted|p1a: Toxapex|1
|-damage|p1a: Toxapex|27/100
|-heal|p2b: Scolipede|46/100|[from] drain|[of] p1a: Toxapex
|move|p1b: Annihilape|Phantom Force||[still]
|-prepare|p1b: Annihilape|Phantom Force
|-activate|p1a: Toxapex|confusion
|-damage|p1a: Toxapex|22/100|[from] confusion
|
|-weather|none
|-heal|p1a: Toxapex|28/100|[from] item: Leftovers
|-damage|p2b: Scolipede|34/100|[from] move: Infestation|[partiallytrapped]
|upkeep
|turn|10
|
|t:|1784313536
|move|p2b: Scolipede|Protect|p2b: Scolipede
|-singleturn|p2b: Scolipede|Protect
|-end|p1a: Toxapex|confusion
|move|p1a: Toxapex|Baneful Bunker|p1a: Toxapex
|-singleturn|p1a: Toxapex|move: Protect
|move|p1b: Annihilape|Phantom Force|p2b: Scolipede|[from] lockedmove
|-activate|p2b: Scolipede|move: Phantom Force|[broken]
|-damage|p2b: Scolipede|0 fnt
|faint|p2b: Scolipede
|
|win|AnnoyingFish
|raw|AnnoyingFish's rating: 1187 → 1206(+19 for winning)
|raw|Aaronist's rating: 1109 → 1090(-19 for losing)
|l|‽Aaronist
|player|p2|
