|j|☆GabrielMartiniVGC
|j|☆Togepi Trinity
|html|GabrielMartiniVGCTogepi Trinity    
|uhtml|bestof|Game 1 of a best-of-3
|t:|1756921703
|gametype|doubles
|player|p1|GabrielMartiniVGC|biker-gen4|
|player|p2|Togepi Trinity|unknown|
|gen|9
|tier|[Gen 9] VGC 2025 Reg H (Bo3)
|rule|Species Clause: Limit one of each Pokémon
|rule|Item Clause: Limit 1 of each item
|clearpoke
|poke|p1|Archaludon, L50, M|
|poke|p1|Rillaboom, L50, M|
|poke|p1|Basculegion, L50, M|
|poke|p1|Kingambit, L50, M|
|poke|p1|Pelipper, L50, M|
|poke|p1|Electabuzz, L50, M|
|poke|p2|Annihilape, L50, F|
|poke|p2|Maushold, L50|
|poke|p2|Pelipper, L50, F|
|poke|p2|Archaludon, L50, F|
|poke|p2|Sinistcha, L50|
|poke|p2|Basculegion, L50, M|
|teampreview|4
|showteam|p1|Archaludon||AssaultVest|Stamina|ElectroShot,DracoMeteor,FlashCannon,BodyPress|||M|||50|,,,,,Bug]Rillaboom||LoadedDice|GrassySurge|BulletSeed,GrassyGlide,FakeOut,HighHorsepower|||M|||50|,,,,,Fire]Basculegion||ChoiceBand|SwiftSwim|WaveCrash,LastRespects,FlipTurn,AquaJet|||M|||50|,,,,,Grass]Kingambit||BlackGlasses|Defiant|KowtowCleave,SuckerPunch,SwordsDance,Protect|||M|||50|,,,,,Dark]Pelipper||FocusSash|Drizzle|WeatherBall,Hurricane,Tailwind,Protect|||M|||50|,,,,,Ghost]Electabuzz||Eviolite|VitalSpirit|Electroweb,Taunt,FollowMe,Protect|||M|||50|,,,,,Ghost
|showteam|p2|Annihilape||LumBerry|Defiant|Protect,RageFist,DrainPunch,BulkUp|||F|||50|,,,,,Fire]Maushold||SafetyGoggles|FriendGuard|Protect,BeatUp,FollowMe,Taunt||||||50|,,,,,Ghost]Pelipper||FocusSash|Drizzle|Protect,WeatherBall,Hurricane,Tailwind|||F|||50|,,,,,Stellar]Archaludon||AssaultVest|Stamina|ElectroShot,DracoMeteor,Snarl,BodyPress|||F|||50|,,,,,Grass]Sinistcha||SitrusBerry|Hospitality|LifeDew,RagePowder,StrengthSap,MatchaGotcha||||||50|,,,,,Fairy]Basculegion||ChoiceBand|SwiftSwim|WaveCrash,FlipTurn,LastRespects,AquaJet|||M|||50|,,,,,Grass
|c|☆GabrielMartiniVGC|glhf
|c|☆Togepi Trinity|u2
|
|t:|1756921796
|teamsize|p1|4
|teamsize|p2|4
|start
|switch|p1a: Pelipper|Pelipper, L50, M|100/100
|switch|p1b: Basculegion|Basculegion, L50, M|100/100
|switch|p2a: Maushold|Maushold, L50|100/100
|switch|p2b: Annihilape|Annihilape, L50, F|100/100
|-weather|RainDance|[from] ability: Drizzle|[of] p1a: Pelipper
|turn|1
|
|t:|1756921842
|move|p2a: Maushold|Follow Me|p2a: Maushold
|-singleturn|p2a: Maushold|move: Follow Me
|move|p1b: Basculegion|Wave Crash|p2a: Maushold
|-damage|p2a: Maushold|0 fnt
|faint|p2a: Maushold
|-damage|p1b: Basculegion|70/100|[from] Recoil
|move|p2b: Annihilape|Bulk Up|p2b: Annihilape
|-boost|p2b: Annihilape|atk|1
|-boost|p2b: Annihilape|def|1
|move|p1a: Pelipper|Tailwind|p1a: Pelipper
|-sidestart|p1: GabrielMartiniVGC|move: Tailwind
|
|-weather|RainDance|[upkeep]
|upkeep
|
|t:|1756921849
|switch|p2a: Sinistcha|Sinistcha, L50|100/100
|turn|2
|
|t:|1756921889
|move|p2b: Annihilape|Protect|p2b: Annihilape
|-singleturn|p2b: Annihilape|Protect
|move|p1b: Basculegion|Wave Crash|p2a: Sinistcha
|-resisted|p2a: Sinistcha
|-damage|p2a: Sinistcha|35/100
|-enditem|p2a: Sinistcha|Sitrus Berry|[eat]
|-heal|p2a: Sinistcha|60/100|[from] item: Sitrus Berry
|-damage|p1b: Basculegion|50/100|[from] Recoil
|move|p1a: Pelipper|Hurricane|p2a: Sinistcha
|-supereffective|p2a: Sinistcha
|-damage|p2a: Sinistcha|0 fnt
|faint|p2a: Sinistcha
|
|-weather|RainDance|[upkeep]
|upkeep
|
|t:|1756921900
|switch|p2a: Archaludon|Archaludon, L50, F|100/100
|turn|3
|
|t:|1756921926
|move|p2b: Annihilape|Protect||[still]
|-fail|p2b: Annihilape
|move|p1b: Basculegion|Wave Crash|p2b: Annihilape
|-damage|p2b: Annihilape|0 fnt
|faint|p2b: Annihilape
|-damage|p1b: Basculegion|18/100|[from] Recoil
|move|p1a: Pelipper|Weather Ball|p2a: Archaludon
|-resisted|p2a: Archaludon
|-damage|p2a: Archaludon|76/100
|-ability|p2a: Archaludon|Stamina|boost
|-boost|p2a: Archaludon|def|1
|move|p2a: Archaludon|Electro Shot||[still]
|-prepare|p2a: Archaludon|Electro Shot
|-boost|p2a: Archaludon|spa|1
|-anim|p2a: Archaludon|Electro Shot|p1b: Basculegion
|-supereffective|p1b: Basculegion
|-damage|p1b: Basculegion|0 fnt
|faint|p1b: Basculegion
|
|-weather|RainDance|[upkeep]
|upkeep
|
|t:|1756921948
|switch|p1b: Archaludon|Archaludon, L50, M|100/100
|turn|4
|
|t:|1756921958
|move|p1b: Archaludon|Draco Meteor|p2a: Archaludon
|-damage|p2a: Archaludon|42/100
|-unboost|p1b: Archaludon|spa|2
|-ability|p2a: Archaludon|Stamina|boost
|-boost|p2a: Archaludon|def|1
|move|p1a: Pelipper|Weather Ball|p2a: Archaludon
|-resisted|p2a: Archaludon
|-damage|p2a: Archaludon|18/100
|-ability|p2a: Archaludon|Stamina|boost
|-boost|p2a: Archaludon|def|1
|move|p2a: Archaludon|Snarl|p1a: Pelipper|[spread] p1a,p1b
|-damage|p1a: Pelipper|64/100
|-damage|p1b: Archaludon|87/100
|-unboost|p1a: Pelipper|spa|1
|-unboost|p1b: Archaludon|spa|1
|-ability|p1b: Archaludon|Stamina|boost
|-boost|p1b: Archaludon|def|1
|
|-weather|RainDance|[upkeep]
|-sideend|p1: GabrielMartiniVGC|move: Tailwind
|upkeep
|turn|5
|
|t:|1756921982
|move|p1b: Archaludon|Body Press|p2a: Archaludon
|-supereffective|p2a: Archaludon
|-damage|p2a: Archaludon|0 fnt
|faint|p2a: Archaludon
|
|win|GabrielMartiniVGC
||Togepi Trinity is ready for game 2.
||GabrielMartiniVGC is ready for game 2.
|uhtml|next|Next: Game 2 of 3
|l|☆Togepi Trinity
|player|p2|
