|j|☆EXHOUL
|j|☆Ribombees believer
|html|EXHOULRibombees believer    
|uhtml|bestof|Game 3 of a best-of-3
|t:|1756735655
|gametype|doubles
|player|p1|EXHOUL|shadowtriad|1401
|player|p2|Ribombees believer|skier|1409
|gen|9
|tier|[Gen 9] VGC 2025 Reg H (Bo3)
|rated|
|rule|Species Clause: Limit one of each Pokémon
|rule|Item Clause: Limit 1 of each item
|clearpoke
|poke|p1|Torkoal, L50, F|
|poke|p1|Lilligant-Hisui, L50, F|
|poke|p1|Armarouge, L50, F|
|poke|p1|Indeedee-F, L50, F|
|poke|p1|Incineroar, L50, M|
|poke|p1|Ursaluna, L50, F|
|poke|p2|Dondozo, L50, M|
|poke|p2|Tatsugiri, L50, M|
|poke|p2|Indeedee, L50, M|
|poke|p2|Dragapult, L50, F|
|poke|p2|Ribombee, L50, F|
|poke|p2|Gholdengo, L50|
|teampreview|4
|showteam|p1|Torkoal||Charcoal|Drought|Eruption,Flamethrower,ClearSmog,Protect|||F|||50|,,,,,Fire]Lilligant-Hisui||FocusSash|Chlorophyll|SleepPowder,CloseCombat,Encore,AfterYou|||F|||50|,,,,,Ghost]Armarouge||LifeOrb|FlashFire|ExpandingForce,ArmorCannon,WideGuard,TrickRoom|||F|||50|,,,,,Grass]Indeedee-F||RockyHelmet|PsychicSurge|FollowMe,HelpingHand,DazzlingGleam,TrickRoom|||F|||50|,,,,,Steel]Incineroar||SafetyGoggles|Intimidate|FakeOut,PartingShot,KnockOff,FlareBlitz|||M|||50|,,,,,Ghost]Ursaluna||FlameOrb|Guts|Facade,HeadlongRush,Earthquake,Protect|||F|||50|,,,,,Ghost
|showteam|p2|Dondozo||Leftovers|Unaware|WaveCrash,Earthquake,OrderUp,Protect|||M|||50|,,,,,Grass]Tatsugiri||ChoiceScarf|Commander|MuddyWater,DracoMeteor,DragonPulse,TeraBlast|||M|||50|,,,,,Fairy]Indeedee||FocusSash|PsychicSurge|ExpandingForce,TeraBlast,HyperVoice,Protect|||M|||50|,,,,,Fighting]Dragapult||ChoiceBand|ClearBody|DragonDarts,Outrage,PhantomForce,Uturn|||F|||50|,,,,,Dragon]Ribombee||ChoiceSpecs|ShieldDust|Moonblast,PollenPuff,DazzlingGleam,TeraBlast|||F|||50|,,,,,Ground]Gholdengo||LifeOrb|GoodasGold|MakeItRain,ShadowBall,Thunderbolt,Protect||||||50|,,,,,Water
|inactive|Battle timer is ON: inactive players will automatically lose when time's up. (requested by EXHOUL)
|inactive|Ribombees believer also wants the timer to be on.
|inactive|Ribombees believer has 60 seconds left.
|
|t:|1756735694
|teamsize|p1|4
|teamsize|p2|4
|start
|switch|p1a: Indeedee|Indeedee-F, L50, F|100/100
|switch|p1b: Armarouge|Armarouge, L50, F|100/100
|switch|p2a: ilaunchmybro|Dragapult, L50, F|100/100
|switch|p2b: Gholdengo|Gholdengo, L50|100/100
|-fieldstart|move: Psychic Terrain|[from] ability: Psychic Surge|[of] p1a: Indeedee
|turn|1
|
|t:|1756735715
|-terastallize|p2a: ilaunchmybro|Dragon
|move|p1a: Indeedee|Follow Me|p1a: Indeedee
|-singleturn|p1a: Indeedee|move: Follow Me
|move|p2a: ilaunchmybro|Dragon Darts|p1a: Indeedee
|-damage|p1a: Indeedee|41/100
|-anim|p2a: ilaunchmybro|Dragon Darts|p1a: Indeedee
|-damage|p1a: Indeedee|0 fnt
|faint|p1a: Indeedee
|move|p2b: Gholdengo|Thunderbolt|p1b: Armarouge
|-damage|p1b: Armarouge|52/100
|-damage|p2b: Gholdengo|91/100|[from] item: Life Orb
|move|p1b: Armarouge|Trick Room|p1b: Armarouge
|-fieldstart|move: Trick Room|[of] p1b: Armarouge
|
|upkeep
|
|t:|1756735728
|switch|p1a: Torkoal|Torkoal, L50, F|100/100
|-weather|SunnyDay|[from] ability: Drought|[of] p1a: Torkoal
|turn|2
|
|t:|1756735737
|switch|p2b: Big Back|Dondozo, L50, M|100/100
|switch|p2a: Alaskan Roll|Tatsugiri, L50, M|100/100
|-activate|p2a: Alaskan Roll|ability: Commander|[of] p2b: Big Back
|-boost|p2b: Big Back|atk|2
|-boost|p2b: Big Back|spa|2
|-boost|p2b: Big Back|spe|2
|-boost|p2b: Big Back|def|2
|-boost|p2b: Big Back|spd|2
|move|p1a: Torkoal|Eruption|p2a: Alaskan Roll|[spread] p2b
|-miss|p1a: Torkoal|p2a: Alaskan Roll
|-resisted|p2b: Big Back
|-damage|p2b: Big Back|76/100
|move|p1b: Armarouge|Expanding Force|p2a: Alaskan Roll|[spread] p2b
|-miss|p1b: Armarouge|p2a: Alaskan Roll
|-damage|p2b: Big Back|30/100
|-damage|p1b: Armarouge|43/100|[from] item: Life Orb
|
|-weather|SunnyDay|[upkeep]
|-heal|p2b: Big Back|36/100|[from] item: Leftovers
|upkeep
|turn|3
|
|t:|1756735756
|-terastallize|p1b: Armarouge|Grass
|move|p2b: Big Back|Protect|p2b: Big Back
|-singleturn|p2b: Big Back|Protect
|move|p1a: Torkoal|Clear Smog|p2b: Big Back
|-activate|p2b: Big Back|move: Protect
|move|p1b: Armarouge|Expanding Force|p2b: Big Back|[spread] 
|-miss|p1b: Armarouge|p2a: Alaskan Roll
|-activate|p2b: Big Back|move: Protect
|
|-weather|SunnyDay|[upkeep]
|-heal|p2b: Big Back|42/100|[from] item: Leftovers
|upkeep
|turn|4
|j| itestatwork
|
|t:|1756735779
|switch|p1b: Ursaluna|Ursaluna, L50, F|100/100
|move|p1a: Torkoal|Clear Smog|p2b: Big Back
|-damage|p2b: Big Back|33/100
|-clearboost|p2b: Big Back
|move|p2b: Big Back|Order Up|p1b: Ursaluna
|-damage|p1b: Ursaluna|84/100
|-boost|p2b: Big Back|atk|1
|
|-weather|SunnyDay|[upkeep]
|-heal|p2b: Big Back|39/100|[from] item: Leftovers
|-status|p1b: Ursaluna|brn|[from] item: Flame Orb
|upkeep
|turn|5
|
|t:|1756735794
|switch|p1b: Armarouge|Armarouge, L50, F, tera:Grass|43/100
|move|p1a: Torkoal|Flamethrower|p2b: Big Back
|-resisted|p2b: Big Back
|-damage|p2b: Big Back|4/100
|move|p2b: Big Back|Order Up|p1b: Armarouge
|-damage|p1b: Armarouge|3/100
|-boost|p2b: Big Back|atk|1
|
|-weather|SunnyDay|[upkeep]
|-heal|p2b: Big Back|10/100|[from] item: Leftovers
|-fieldend|move: Trick Room
|-fieldend|move: Psychic Terrain
|upkeep
|turn|6
|
|t:|1756735808
|switch|p1b: Ursaluna|Ursaluna, L50, F|84/100 brn
|move|p2b: Big Back|Order Up|p1b: Ursaluna
|-damage|p1b: Ursaluna|52/100 brn
|-boost|p2b: Big Back|atk|1
|move|p1a: Torkoal|Clear Smog|p2b: Big Back
|-damage|p2b: Big Back|0 fnt
|-clearboost|p2b: Big Back
|faint|p2b: Big Back
|
|-weather|none
|-damage|p1b: Ursaluna|46/100 brn|[from] brn
|upkeep
|inactive|Ribombees believer has 30 seconds left.
|
|t:|1756735833
|switch|p2b: Gholdengo|Gholdengo, L50|91/100
|turn|7
|
|t:|1756735849
|switch|p1a: Armarouge|Armarouge, L50, F, tera:Grass|3/100
|move|p1b: Ursaluna|Protect|p1b: Ursaluna
|-singleturn|p1b: Ursaluna|Protect
|move|p2a: Alaskan Roll|Dragon Pulse|p1a: Armarouge
|-damage|p1a: Armarouge|0 fnt
|faint|p1a: Armarouge
|move|p2b: Gholdengo|Make It Rain|p1b: Ursaluna
|-activate|p1b: Ursaluna|move: Protect
|
|-damage|p1b: Ursaluna|40/100 brn|[from] brn
|upkeep
|
|t:|1756735859
|switch|p1a: Torkoal|Torkoal, L50, F|100/100
|-weather|SunnyDay|[from] ability: Drought|[of] p1a: Torkoal
|turn|8
|
|t:|1756735864
|move|p2a: Alaskan Roll|Dragon Pulse|p1a: Torkoal
|-damage|p1a: Torkoal|48/100
|move|p2b: Gholdengo|Make It Rain|p1b: Ursaluna|[spread] p1a,p1b
|-resisted|p1a: Torkoal
|-damage|p1a: Torkoal|2/100
|-damage|p1b: Ursaluna|0 fnt
|-unboost|p2b: Gholdengo|spa|1
|faint|p1b: Ursaluna
|-damage|p2b: Gholdengo|81/100|[from] item: Life Orb
|move|p1a: Torkoal|Flamethrower|p2b: Gholdengo
|-supereffective|p2b: Gholdengo
|-damage|p2b: Gholdengo|0 fnt
|faint|p2b: Gholdengo
|
|-weather|SunnyDay|[upkeep]
|upkeep
|-message|EXHOUL forfeited.
|
|win|Ribombees believer
|raw|EXHOUL's rating: 1401 → 1381(-20 for losing)
|raw|Ribombees believer's rating: 1409 → 1429(+20 for winning)
|l|☆EXHOUL
|player|p1|
