|j|☆lettitripppp
|j|☆lanagram
|html|lettitripppplanagram    
|uhtml|bestof|Game 2 of a best-of-3
|t:|1783028976
|gametype|doubles
|player|p1|lettitripppp|lucas|1160
|player|p2|lanagram|265|1105
|gen|9
|tier|[Gen 9 Champions] VGC 2026 Reg M-B (Bo3)
|rated|
|rule|Species Clause: Limit one of each Pokémon
|rule|Item Clause: Limit 1 of each item
|clearpoke
|poke|p1|Charizard, L50, F|
|poke|p1|Floette-Eternal, L50, F|
|poke|p1|Basculegion, L50, M, shiny|
|poke|p1|Garchomp, L50, M|
|poke|p1|Whimsicott, L50, F, shiny|
|poke|p1|Kingambit, L50, F|
|poke|p2|Floette-Eternal, L50, F|
|poke|p2|Basculegion, L50, M|
|poke|p2|Incineroar, L50, F|
|poke|p2|Maushold, L50|
|poke|p2|Chandelure, L50, F|
|poke|p2|Vivillon, L50, F|
|teampreview|4
|showteam|p1|Charizard||CharizarditeY|Blaze|WeatherBall,SolarBeam,HeatWave,Protect|Modest||F|||50|]Floette-Eternal||Floettite|FlowerVeil|DazzlingGleam,LightofRuin,Moonblast,Protect|Timid||F|||50|]Basculegion||MysticWater|Adaptability|LastRespects,WaveCrash,AquaJet,Protect|Adamant||M|||50|]Garchomp||LifeOrb|RoughSkin|DragonClaw,Earthquake,RockSlide,Protect|Jolly||M|||50|]Whimsicott||FocusSash|Prankster|Moonblast,Tailwind,Encore,Protect|Timid||F|||50|]Kingambit||ChopleBerry|Defiant|KowtowCleave,SuckerPunch,IronHead,LowKick|Adamant||F|||50|
|showteam|p2|Floette-Eternal||Floettite|FlowerVeil|DazzlingGleam,DrainingKiss,CalmMind,Protect|Modest||F|||50|]Basculegion||ChoiceScarf|Adaptability|WaveCrash,LastRespects,FlipTurn,AquaJet|Jolly||M|||50|]Incineroar||SitrusBerry|Intimidate|FlareBlitz,DarkestLariat,PartingShot,FakeOut|Adamant||F|||50|]Maushold||WideLens|FriendGuard|PopulationBomb,FollowMe,Encore,Protect|Jolly|||||50|]Chandelure||Chandelurite|Infiltrator|CalmMind,ShadowBall,HeatWave,Protect|Modest||F|||50|]Vivillon||FocusSash|CompoundEyes|SleepPowder,RagePowder,Tailwind,Hurricane|Timid||F|||50|
|inactive|Battle timer is ON: inactive players will automatically lose when time's up. (requested by lettitripppp)
|inactive|lanagram has 60 seconds left.
|inactive|lanagram has 30 seconds left.
|inactive|lanagram has 20 seconds left.
|inactive|lanagram has 15 seconds left.
|inactive|lanagram has 10 seconds left.
|inactive|lanagram has 5 seconds left.
|
|t:|1783029067
|teamsize|p1|4
|teamsize|p2|4
|start
|switch|p1a: AGNI|Charizard, L50, F|100/100
|switch|p1b: LETS GO GO|Whimsicott, L50, F, shiny|100/100
|switch|p2a: Floette|Floette-Eternal, L50, F|100/100
|switch|p2b: Basculegion|Basculegion, L50, M|100/100
|turn|1
|
|t:|1783029084
|detailschange|p1a: AGNI|Charizard-Mega-Y, L50, F
|-mega|p1a: AGNI|Charizard|Charizardite Y
|-weather|SunnyDay|[from] ability: Drought|[of] p1a: AGNI
|move|p1b: LETS GO GO|Tailwind|p1b: LETS GO GO
|-sidestart|p1: lettitripppp|move: Tailwind
|move|p1a: AGNI|Solar Beam||[still]
|-prepare|p1a: AGNI|Solar Beam
|-anim|p1a: AGNI|Solar Beam|p2b: Basculegion
|-supereffective|p2b: Basculegion|1
|-damage|p2b: Basculegion|0 fnt
|faint|p2b: Basculegion
|move|p2a: Floette|Calm Mind|p2a: Floette
|-boost|p2a: Floette|spa|1
|-boost|p2a: Floette|spd|1
|
|-weather|SunnyDay|[upkeep]
|upkeep
|inactive|lanagram has 30 seconds left.
|inactive|lanagram has 20 seconds left.
|inactive|lanagram has 15 seconds left.
|inactive|lanagram has 10 seconds left.
|inactive|lanagram has 5 seconds left.
|
|t:|1783029139
|switch|p2b: Maushold|Maushold, L50|100/100
|turn|2
|
|t:|1783029151
|detailschange|p2a: Floette|Floette-Mega, L50, F
|-mega|p2a: Floette|Floette|Floettite
|-ability|p2a: Floette|Fairy Aura
|move|p2b: Maushold|Follow Me|p2b: Maushold
|-singleturn|p2b: Maushold|move: Follow Me
|move|p1b: LETS GO GO|Moonblast|p2b: Maushold
|-damage|p2b: Maushold|44/100
|-unboost|p2b: Maushold|spa|1
|move|p1a: AGNI|Heat Wave|p2a: Floette|[spread] p2a,p2b
|-crit|p2b: Maushold
|-damage|p2a: Floette|76/100
|-damage|p2b: Maushold|0 fnt
|faint|p2b: Maushold
|move|p2a: Floette|Dazzling Gleam|p1b: LETS GO GO|[spread] p1a,p1b
|-resisted|p1a: AGNI|1
|-damage|p1a: AGNI|70/100
|-enditem|p1b: LETS GO GO|Focus Sash
|-damage|p1b: LETS GO GO|1/100
|
|-weather|SunnyDay|[upkeep]
|upkeep
|inactive|lanagram has 30 seconds left.
|inactive|lanagram has 20 seconds left.
|
|t:|1783029187
|switch|p2b: Incineroar|Incineroar, L50, F|100/100
|-ability|p2b: Incineroar|Intimidate|boost
|-unboost|p1a: AGNI|atk|1
|-unboost|p1b: LETS GO GO|atk|1
|turn|3
|
|t:|1783029197
|switch|p1b: GHOSTWAVE|Basculegion, L50, M, shiny|100/100
|move|p2b: Incineroar|Fake Out|p1a: AGNI
|-damage|p1a: AGNI|56/100
|cant|p1a: AGNI|flinch
|move|p2a: Floette|Dazzling Gleam|p1b: GHOSTWAVE|[spread] p1a,p1b
|-resisted|p1a: AGNI|1
|-damage|p1a: AGNI|25/100
|-damage|p1b: GHOSTWAVE|30/100
|
|-weather|SunnyDay|[upkeep]
|upkeep
|turn|4
|inactive|lettitripppp has 30 seconds left.
|inactive|lanagram has 30 seconds left.
|inactive|lanagram has 20 seconds left.
|inactive|lanagram has 15 seconds left.
|inactive|lanagram has 10 seconds left.
|inactive|lanagram has 5 seconds left.
|
|t:|1783029252
|move|p1a: AGNI|Weather Ball|p2b: Incineroar
|-resisted|p2b: Incineroar|1
|-damage|p2b: Incineroar|54/100
|move|p1b: GHOSTWAVE|Wave Crash|p2b: Incineroar
|-supereffective|p2b: Incineroar|1
|-crit|p2b: Incineroar
|-damage|p2b: Incineroar|0 fnt
|faint|p2b: Incineroar
|-damage|p1b: GHOSTWAVE|12/100|[from] Recoil
|move|p2a: Floette|Dazzling Gleam|p1a: AGNI|[spread] p1a,p1b
|-resisted|p1a: AGNI|1
|-damage|p1a: AGNI|0 fnt
|-damage|p1b: GHOSTWAVE|0 fnt
|faint|p1a: AGNI
|faint|p1b: GHOSTWAVE
|
|-weather|SunnyDay|[upkeep]
|-sideend|p1: lettitripppp|move: Tailwind
|upkeep
|
|t:|1783029264
|switch|p1a: CRUSH SHARK|Garchomp, L50, M|100/100
|switch|p1b: LETS GO GO|Whimsicott, L50, F, shiny|1/100
|turn|5
|
|t:|1783029280
|move|p1a: CRUSH SHARK|Protect|p1a: CRUSH SHARK
|-singleturn|p1a: CRUSH SHARK|Protect
|move|p1b: LETS GO GO|Moonblast|p2a: Floette
|-damage|p2a: Floette|57/100
|move|p2a: Floette|Dazzling Gleam|p1a: CRUSH SHARK|[spread] p1b
|-activate|p1a: CRUSH SHARK|move: Protect
|-crit|p1b: LETS GO GO
|-damage|p1b: LETS GO GO|0 fnt
|faint|p1b: LETS GO GO
|
|-weather|none
|upkeep
|turn|6
|
|t:|1783029293
|move|p1a: CRUSH SHARK|Earthquake|p2a: Floette
|-damage|p2a: Floette|0 fnt
|faint|p2a: Floette
|-damage|p1a: CRUSH SHARK|90/100|[from] item: Life Orb
|
|win|lettitripppp
||lettitripppp is ready for game 3.
|inactive|lanagram has 30 seconds to confirm battle start!
|inactive|lanagram has 20 seconds to confirm battle start!
|inactive|lanagram has 10 seconds to confirm battle start!
|uhtml|next|Next: Game 3 of 3
