|j|☆daniw9
|j|☆Pakaan64
|html|daniw9Pakaan64    
|uhtml|bestof|Game 2 of a best-of-3
|t:|1784370038
|gametype|doubles
|player|p1|daniw9|169|1095
|player|p2|Pakaan64|266|1232
|gen|9
|tier|[Gen 9 Champions] VGC 2026 Reg M-B (Bo3)
|rated|
|rule|Species Clause: Limit one of each Pokémon
|rule|Item Clause: Limit 1 of each item
|clearpoke
|poke|p1|Ninetales-Alola, L50, F|
|poke|p1|Sneasler, L50, M|
|poke|p1|Eelektross, L50, M|
|poke|p1|Kingambit, L50, M|
|poke|p1|Sinistcha-Masterpiece, L50|
|poke|p1|Basculegion, L50, M|
|poke|p2|Sneasler, L50, F, shiny|
|poke|p2|Metagross, L50|
|poke|p2|Tsareena, L50, F|
|poke|p2|Pelipper, L50, M|
|poke|p2|Swampert, L50, F|
|poke|p2|Ceruledge, L50, M|
|teampreview|4
|showteam|p1|Ninetales-Alola||LightClay|SnowWarning|Blizzard,AuroraVeil,IcyWind,Protect|Timid||F|||50|]Sneasler||WhiteHerb|Unburden|CloseCombat,DireClaw,FakeOut,Protect|Jolly||M|||50|]Eelektross||Eelektrossite|Levitate|Thunderbolt,GigaDrain,Flamethrower,Protect|Modest||M|||50|]Kingambit||BlackGlasses|Defiant|KowtowCleave,SuckerPunch,IronHead,Protect|Adamant||M|||50|]Sinistcha-Masterpiece||KasibBerry|Hospitality|MatchaGotcha,StrengthSap,TrickRoom,RagePowder|Sassy|||||50|]Basculegion||ChoiceScarf|SwiftSwim|LastRespects,WaveCrash,AquaJet,FlipTurn|Jolly||M|||50|
|showteam|p2|Sneasler||FocusSash|Unburden|DireClaw,CloseCombat,Coaching,FakeOut|Adamant||F|||50|]Metagross||Metagrossite|ClearBody|PsychicFangs,IronHead,Protect,BulletPunch|Jolly|||||50|]Tsareena||ChoiceScarf|QueenlyMajesty|LowKick,TripleAxel,TropKick,Uturn|Jolly||F|||50|]Pelipper||SitrusBerry|Drizzle|Tailwind,HelpingHand,WeatherBall,Hurricane|Bold||M|||50|]Swampert||Swampertite|Torrent|HighHorsepower,WaveCrash,Protect,IcePunch|Adamant||F|||50|]Ceruledge||ColburBerry|FlashFire|BitterBlade,ShadowSneak,Protect,BulkUp|Adamant||M|||50|
|inactive|Battle timer is ON: inactive players will automatically lose when time's up. (requested by Pakaan64)
|inactive|daniw9 has 60 seconds left.
|inactive|Pakaan64 has 60 seconds left.
|inactive|Pakaan64 has 30 seconds left.
|
|t:|1784370102
|teamsize|p1|4
|teamsize|p2|4
|start
|switch|p1a: Basculegion|Basculegion, L50, M|100/100
|switch|p1b: Eelektross|Eelektross, L50, M|100/100
|switch|p2a: Swampert|Swampert, L50, F|100/100
|switch|p2b: Tsareena|Tsareena, L50, F|100/100
|turn|1
|
|t:|1784370125
|detailschange|p1b: Eelektross|Eelektross-Mega, L50, M
|-mega|p1b: Eelektross|Eelektross|Eelektrossite
|move|p1b: Eelektross|Protect|p1b: Eelektross
|-singleturn|p1b: Eelektross|Protect
|move|p2a: Swampert|Protect|p2a: Swampert
|-singleturn|p2a: Swampert|Protect
|move|p1a: Basculegion|Flip Turn|p2b: Tsareena
|-resisted|p2b: Tsareena|1
|-damage|p2b: Tsareena|81/100
|
|t:|1784370134
|switch|p1a: Sinistcha|Sinistcha-Masterpiece, L50|100/100|[from] Flip Turn
|move|p2b: Tsareena|Trop Kick|p1a: Sinistcha
|-resisted|p1a: Sinistcha|1
|-damage|p1a: Sinistcha|79/100
|-unboost|p1a: Sinistcha|atk|1
|
|upkeep
|turn|2
|
|t:|1784370144
|switch|p2a: Pelipper|Pelipper, L50, M|100/100
|-weather|RainDance|[from] ability: Drizzle|[of] p2a: Pelipper
|move|p1a: Sinistcha|Rage Powder|p1a: Sinistcha
|-singleturn|p1a: Sinistcha|move: Rage Powder
|move|p2b: Tsareena|Trop Kick|p1b: Eelektross
|-damage|p1b: Eelektross|47/100
|-unboost|p1b: Eelektross|atk|1
|move|p1b: Eelektross|Giga Drain|p2a: Pelipper
|-damage|p2a: Pelipper|67/100
|-heal|p1b: Eelektross|63/100|[from] drain|[of] p2a: Pelipper
|
|-weather|RainDance|[upkeep]
|upkeep
|turn|3
|inactive|Pakaan64 has 30 seconds left.
|
|t:|1784370178
|switch|p2a: Sneasler|Sneasler, L50, F, shiny|100/100
|switch|p1a: Ninetales|Ninetales-Alola, L50, F|100/100
|-weather|Snowscape|[from] ability: Snow Warning|[of] p1a: Ninetales
|move|p1b: Eelektross|Protect|p1b: Eelektross
|-singleturn|p1b: Eelektross|Protect
|move|p2b: Tsareena|Trop Kick|p1b: Eelektross
|-activate|p1b: Eelektross|move: Protect
|
|-weather|Snowscape|[upkeep]
|upkeep
|turn|4
|inactive|Pakaan64 has 30 seconds left.
|
|t:|1784370204
|switch|p2b: Pelipper|Pelipper, L50, M|67/100
|-weather|RainDance|[from] ability: Drizzle|[of] p2b: Pelipper
|switch|p1a: Sinistcha|Sinistcha-Masterpiece, L50|79/100
|-heal|p1b: Eelektross|88/100|[from] ability: Hospitality|[of] p1a: Sinistcha
|switch|p1b: Basculegion|Basculegion, L50, M|100/100
|move|p2a: Sneasler|Close Combat|p1b: Basculegion
|-immune|p1b: Basculegion
|
|-weather|RainDance|[upkeep]
|upkeep
|turn|5
|inactive|daniw9 has 30 seconds left.
|inactive|Pakaan64 has 30 seconds left.
|inactive|daniw9 has 20 seconds left.
|
|t:|1784370240
|switch|p2a: Tsareena|Tsareena, L50, F|81/100
|move|p1b: Basculegion|Flip Turn|p2a: Tsareena
|-resisted|p2a: Tsareena|1
|-damage|p2a: Tsareena|54/100
|
|t:|1784370246
|switch|p1b: Ninetales|Ninetales-Alola, L50, F|100/100|[from] Flip Turn
|-weather|Snowscape|[from] ability: Snow Warning|[of] p1b: Ninetales
|move|p2b: Pelipper|Hurricane|p1a: Sinistcha|[miss]
|-miss|p2b: Pelipper|p1a: Sinistcha
|move|p1a: Sinistcha|Matcha Gotcha|p2b: Pelipper|[spread] p2a,p2b
|-resisted|p2a: Tsareena|1
|-damage|p2a: Tsareena|39/100
|-heal|p1a: Sinistcha|85/100|[from] drain|[of] p2a: Tsareena
|-damage|p2b: Pelipper|40/100
|-heal|p1a: Sinistcha|98/100|[from] drain|[of] p2b: Pelipper
|-enditem|p2b: Pelipper|Sitrus Berry|[eat]
|-heal|p2b: Pelipper|64/100|[from] item: Sitrus Berry
|
|-weather|Snowscape|[upkeep]
|upkeep
|turn|6
|
|t:|1784370270
|switch|p2b: Sneasler|Sneasler, L50, F, shiny|100/100
|switch|p1a: Eelektross|Eelektross-Mega, L50, M|88/100
|move|p2a: Tsareena|U-turn|p1a: Eelektross
|-damage|p1a: Eelektross|57/100
|
|t:|1784370280
|switch|p2a: Pelipper|Pelipper, L50, M|64/100|[from] U-turn
|-weather|RainDance|[from] ability: Drizzle|[of] p2a: Pelipper
|move|p1b: Ninetales|Icy Wind|p2a: Pelipper|[spread] p2a,p2b
|-damage|p2a: Pelipper|51/100
|-damage|p2b: Sneasler|82/100
|-unboost|p2a: Pelipper|spe|1
|-unboost|p2b: Sneasler|spe|1
|
|-weather|RainDance|[upkeep]
|upkeep
|turn|7
|
|t:|1784370292
|switch|p1b: Sinistcha|Sinistcha-Masterpiece, L50|98/100
|-heal|p1a: Eelektross|82/100|[from] ability: Hospitality|[of] p1b: Sinistcha
|switch|p2a: Swampert|Swampert, L50, F|100/100
|move|p1a: Eelektross|Protect|p1a: Eelektross
|-singleturn|p1a: Eelektross|Protect
|move|p2b: Sneasler|Close Combat|p1a: Eelektross
|-activate|p1a: Eelektross|move: Protect
|
|-weather|RainDance|[upkeep]
|upkeep
|turn|8
|inactive|Pakaan64 has 30 seconds left.
|inactive|Pakaan64 has 20 seconds left.
|inactive|Pakaan64 has 15 seconds left.
|
|t:|1784370336
|move|p2a: Swampert|Protect|p2a: Swampert
|-singleturn|p2a: Swampert|Protect
|move|p1b: Sinistcha|Rage Powder|p1b: Sinistcha
|-singleturn|p1b: Sinistcha|move: Rage Powder
|move|p1a: Eelektross|Thunderbolt|p2b: Sneasler
|-damage|p2b: Sneasler|10/100
|move|p2b: Sneasler|Dire Claw|p1b: Sinistcha
|-damage|p1b: Sinistcha|54/100
|-status|p1b: Sinistcha|psn
|
|-weather|RainDance|[upkeep]
|-damage|p1b: Sinistcha|42/100 psn|[from] psn
|upkeep
|turn|9
|
|t:|1784370357
|switch|p2a: Tsareena|Tsareena, L50, F|39/100
|switch|p1b: Ninetales|Ninetales-Alola, L50, F|100/100
|-weather|Snowscape|[from] ability: Snow Warning|[of] p1b: Ninetales
|move|p1a: Eelektross|Giga Drain|p2a: Tsareena
|-resisted|p2a: Tsareena|1
|-damage|p2a: Tsareena|20/100y
|-heal|p1a: Eelektross|90/100|[from] drain|[of] p2a: Tsareena
|move|p2b: Sneasler|Dire Claw|p1b: Ninetales
|-supereffective|p1b: Ninetales|1
|-damage|p1b: Ninetales|19/100
|
|-weather|Snowscape|[upkeep]
|upkeep
|turn|10
|inactive|daniw9 has 30 seconds left.
|
|t:|1784370383
|switch|p1b: Basculegion|Basculegion, L50, M|100/100
|move|p2a: Tsareena|Trop Kick|p1b: Basculegion
|-supereffective|p1b: Basculegion|1
|-damage|p1b: Basculegion|0 fnt
|faint|p1b: Basculegion
|move|p1a: Eelektross|Giga Drain|p2b: Sneasler
|-resisted|p2b: Sneasler|1
|-damage|p2b: Sneasler|0 fnt
|-heal|p1a: Eelektross|96/100|[from] drain|[of] p2b: Sneasler
|faint|p2b: Sneasler
|-ability|p1a: Eelektross|Eelevate|boost
|-boost|p1a: Eelektross|spa|1
|
|-weather|Snowscape|[upkeep]
|upkeep
|
|t:|1784370406
|switch|p2b: Pelipper|Pelipper, L50, M|51/100
|switch|p1b: Sinistcha|Sinistcha-Masterpiece, L50|42/100 psn
|-weather|RainDance|[from] ability: Drizzle|[of] p2b: Pelipper
|-heal|p1a: Eelektross|100/100|[from] ability: Hospitality|[of] p1b: Sinistcha
|turn|11
|
|t:|1784370419
|switch|p1b: Ninetales|Ninetales-Alola, L50, F|19/100
|-weather|Snowscape|[from] ability: Snow Warning|[of] p1b: Ninetales
|move|p2a: Tsareena|Trop Kick|p1a: Eelektross
|-damage|p1a: Eelektross|45/100
|-unboost|p1a: Eelektross|atk|1
|move|p1a: Eelektross|Thunderbolt|p2b: Pelipper
|-supereffective|p2b: Pelipper|2
|-damage|p2b: Pelipper|0 fnt
|faint|p2b: Pelipper
|-ability|p1a: Eelektross|Eelevate|boost
|-boost|p1a: Eelektross|spa|1
|
|-weather|Snowscape|[upkeep]
|upkeep
|
|t:|1784370430
|switch|p2b: Swampert|Swampert, L50, F|100/100
|turn|12
|inactive|Pakaan64 has 30 seconds left.
|
|t:|1784370461
|detailschange|p2b: Swampert|Swampert-Mega, L50, F
|-mega|p2b: Swampert|Swampert|Swampertite
|move|p1a: Eelektross|Protect|p1a: Eelektross
|-singleturn|p1a: Eelektross|Protect
|move|p2a: Tsareena|Trop Kick|p1b: Ninetales
|-damage|p1b: Ninetales|0 fnt
|faint|p1b: Ninetales
|move|p2b: Swampert|Wave Crash|p1a: Eelektross
|-activate|p1a: Eelektross|move: Protect
|
|-weather|Snowscape|[upkeep]
|upkeep
|
|t:|1784370471
|switch|p1b: Sinistcha|Sinistcha-Masterpiece, L50|42/100 psn
|-heal|p1a: Eelektross|70/100|[from] ability: Hospitality|[of] p1b: Sinistcha
|turn|13
|
|t:|1784370482
|move|p2a: Tsareena|Trop Kick|p1a: Eelektross
|-damage|p1a: Eelektross|15/100
|-unboost|p1a: Eelektross|atk|1
|move|p1a: Eelektross|Giga Drain|p2b: Swampert
|-supereffective|p2b: Swampert|2
|-damage|p2b: Swampert|0 fnt
|-heal|p1a: Eelektross|69/100|[from] drain|[of] p2b: Swampert
|faint|p2b: Swampert
|-ability|p1a: Eelektross|Eelevate|boost
|-boost|p1a: Eelektross|spa|1
|move|p1b: Sinistcha|Trick Room|p1b: Sinistcha
|-fieldstart|move: Trick Room|[of] p1b: Sinistcha
|
|-weather|Snowscape|[upkeep]
|-damage|p1b: Sinistcha|29/100 psn|[from] psn
|upkeep
|turn|14
|
|t:|1784370494
|move|p1b: Sinistcha|Matcha Gotcha|p2a: Tsareena
|-resisted|p2a: Tsareena|1
|-crit|p2a: Tsareena
|-damage|p2a: Tsareena|0 fnt
|-heal|p1b: Sinistcha|38/100 psn|[from] drain|[of] p2a: Tsareena
|faint|p2a: Tsareena
|
|win|daniw9
|raw|daniw9's rating: 1095 → 1130(+35 for winning)
|raw|Pakaan64's rating: 1232 → 1198(-34 for losing)
|l|☆Pakaan64
|player|p2|
