|j|☆bomabflat
|j|☆caballero plateado
|html|bomabflatcaballero plateado    
|uhtml|bestof|Game 1 of a best-of-3
|t:|1785609977
|gametype|doubles
|player|p1|bomabflat|101|1086
|player|p2|caballero plateado|169|1000
|gen|9
|tier|[Gen 9 Champions] VGC 2026 Reg M-B (Bo3)
|rated|
|rule|Species Clause: Limit one of each Pokémon
|rule|Item Clause: Limit 1 of each item
|clearpoke
|poke|p1|Spiritomb, L50, F|
|poke|p1|Farigiraf, L50, M|
|poke|p1|Musharna, L50, M|
|poke|p1|Mawile, L50, M|
|poke|p1|Torkoal, L50, M|
|poke|p1|Drampa, L50, M|
|poke|p2|Dragonite, L50, M|
|poke|p2|Sylveon, L50, F|
|poke|p2|Slowking, L50, M|
|poke|p2|Crabominable, L50, M|
|poke|p2|Torkoal, L50, F|
|poke|p2|Tsareena, L50, F|
|teampreview|4
|showteam|p1|Spiritomb||RoseliBerry|Pressure|TrickRoom,FoulPlay,DestinyBond,Protect|Relaxed||F|||50|]Farigiraf||ColburBerry|ArmorTail|HyperVoice,TrickRoom,TwinBeam,Protect|Quiet||M|||50|]Musharna||SitrusBerry|Telepathy|TrickRoom,Protect,HelpingHand,Psychic|Relaxed||M|||50|]Mawile||Mawilite|HyperCutter|PlayRough,IronHead,ThunderPunch,Protect|Brave||M|||50|]Torkoal||Charcoal|Drought|Eruption,SolarBeam,Protect,EarthPower|Quiet||M|||50|]Drampa||WideLens|CloudNine|DragonPulse,HydroPump,FireBlast,Protect|Quiet||M|||50|
|showteam|p2|Dragonite||LumBerry|InnerFocus|IronHead,LowKick,Tailwind,ExtremeSpeed|Adamant||M|||50|]Sylveon||FairyFeather|Pixilate|HyperVoice,HelpingHand,Detect,Moonblast|Calm||F|||50|]Slowking||SitrusBerry|Oblivious|ChillyReception,TrickRoom,SlackOff,Scald|Rash||M|||50|]Crabominable||Crabominite|HyperCutter|IceHammer,MachPunch,Protect,DrainPunch|Adamant||M|||50|]Torkoal||Charcoal|Drought|Eruption,WeatherBall,Protect,EarthPower|Quiet||F|||50|]Tsareena||FocusBand|QueenlyMajesty|TropKick,Protect,LowKick,HelpingHand|Adamant||F|||50|
|c|☆bomabflat|niche trick user after my own heart <3
|c|☆bomabflat|glhf
|inactive|Battle timer is ON: inactive players will automatically lose when time's up. (requested by caballero plateado)
|
|t:|1785610025
|teamsize|p1|4
|teamsize|p2|4
|start
|switch|p1a: Paul McCartney|Farigiraf, L50, M|100/100
|switch|p1b: Ringo Starr|Mawile, L50, M|100/100
|switch|p2a: Crabominable|Crabominable, L50, M|100/100
|switch|p2b: Tsareena|Tsareena, L50, F|100/100
|turn|1
|inactive|caballero plateado has 30 seconds left.
|c|☆bomabflat|im lwk shaking in my boots
|
|t:|1785610058
|detailschange|p2a: Crabominable|Crabominable-Mega, L50, M
|-mega|p2a: Crabominable|Crabominable|Crabominite
|move|p2b: Tsareena|Helping Hand|p2a: Crabominable
|-singleturn|p2a: Crabominable|Helping Hand|[of] p2b: Tsareena
|move|p1b: Ringo Starr|Protect|p1b: Ringo Starr
|-singleturn|p1b: Ringo Starr|Protect
|move|p2a: Crabominable|Ice Hammer|p1a: Paul McCartney
|-damage|p1a: Paul McCartney|0 fnt
|-unboost|p2a: Crabominable|spe|1
|faint|p1a: Paul McCartney
|
|upkeep
|
|t:|1785610073
|switch|p1a: John Lennon|Spiritomb, L50, F|100/100
|-ability|p1a: John Lennon|Pressure
|turn|2
|inactive|bomabflat has 30 seconds left.
|
|t:|1785610100
|detailschange|p1b: Ringo Starr|Mawile-Mega, L50, M
|-mega|p1b: Ringo Starr|Mawile|Mawilite
|move|p1a: John Lennon|Protect|p1a: John Lennon
|-singleturn|p1a: John Lennon|Protect
|move|p2a: Crabominable|Protect|p2a: Crabominable
|-singleturn|p2a: Crabominable|Protect
|move|p2b: Tsareena|Trop Kick|p1b: Ringo Starr
|-resisted|p1b: Ringo Starr|1
|-damage|p1b: Ringo Starr|78/100
|-unboost|p1b: Ringo Starr|atk|1
|move|p1b: Ringo Starr|Play Rough|p2a: Crabominable
|-activate|p2a: Crabominable|move: Protect
|
|upkeep
|turn|3
|c|☆bomabflat|gg
|c|☆bomabflat|ur cooking my ass
|inactive|caballero plateado has 30 seconds left.
|inactive|caballero plateado has 20 seconds left.
|inactive|caballero plateado has 15 seconds left.
|inactive|caballero plateado has 10 seconds left.
|
|t:|1785610145
|move|p1b: Ringo Starr|Protect|p1b: Ringo Starr
|-singleturn|p1b: Ringo Starr|Protect
|move|p2b: Tsareena|Trop Kick|p1b: Ringo Starr
|-activate|p1b: Ringo Starr|move: Protect
|move|p2a: Crabominable|Ice Hammer|p1b: Ringo Starr
|-activate|p1b: Ringo Starr|move: Protect
|move|p1a: John Lennon|Trick Room|p1a: John Lennon
|-fieldstart|move: Trick Room|[of] p1a: John Lennon
|
|upkeep
|turn|4
|
|t:|1785610167
|move|p2a: Crabominable|Ice Hammer|p1b: Ringo Starr
|-resisted|p1b: Ringo Starr|1
|-damage|p1b: Ringo Starr|44/100
|-unboost|p2a: Crabominable|spe|1
|move|p1a: John Lennon|Destiny Bond|p1a: John Lennon
|-singlemove|p1a: John Lennon|Destiny Bond
|move|p1b: Ringo Starr|Play Rough|p2a: Crabominable
|-supereffective|p2a: Crabominable|1
|-damage|p2a: Crabominable|11/100
|move|p2b: Tsareena|Trop Kick|p1b: Ringo Starr
|-resisted|p1b: Ringo Starr|1
|-damage|p1b: Ringo Starr|21/100
|-unboost|p1b: Ringo Starr|atk|1
|
|upkeep
|turn|5
|inactive|bomabflat has 30 seconds left.
|
|t:|1785610198
|switch|p1b: George Harrison|Drampa, L50, M|100/100
|-ability|p1b: George Harrison|Cloud Nine
|move|p2b: Tsareena|Helping Hand|p2a: Crabominable
|-singleturn|p2a: Crabominable|Helping Hand|[of] p2b: Tsareena
|move|p2a: Crabominable|Mach Punch|p1b: George Harrison
|-supereffective|p1b: George Harrison|1
|-damage|p1b: George Harrison|0 fnt
|faint|p1b: George Harrison
|move|p1a: John Lennon|Trick Room|p1a: John Lennon
|-fieldend|move: Trick Room
|
|upkeep
|
|t:|1785610206
|switch|p1b: Ringo Starr|Mawile-Mega, L50, M|21/100
|turn|6
|-message|bomabflat forfeited.
|
|win|caballero plateado
|l|☆bomabflat
|player|p1|
||bomabflat is ready for game 2.
|inactive|caballero plateado has 30 seconds to confirm battle start!
