|j|☆sam0el
|j|☆jeanryupr
|html|sam0eljeanryupr    
|uhtml|bestof|Game 2 of a best-of-3
|t:|1756585212
|gametype|doubles
|player|p1|sam0el|veteran|1144
|player|p2|jeanryupr|101|1099
|gen|9
|tier|[Gen 9] VGC 2025 Reg H (Bo3)
|rated|
|rule|Species Clause: Limit one of each Pokémon
|rule|Item Clause: Limit 1 of each item
|clearpoke
|poke|p1|Hatterene, L50, F|
|poke|p1|Indeedee-F, L50, F|
|poke|p1|Gallade, L50, M|
|poke|p1|Torkoal, L50, M|
|poke|p1|Zoroark-Hisui, L50, M|
|poke|p1|Ursaluna-Bloodmoon, L50, M|
|poke|p2|Incineroar, L50, M|
|poke|p2|Amoonguss, L50, F|
|poke|p2|Rillaboom, L50, M|
|poke|p2|Sylveon, L50, M|
|poke|p2|Dragonite, L50, M|
|poke|p2|Gholdengo, L50|
|teampreview|4
|showteam|p1|Hatterene||MindPlate|MagicBounce|ExpandingForce,DazzlingGleam,Protect,TrickRoom|||F|||50|,,,,,Fire]Indeedee-F||PsychicSeed|PsychicSurge|FollowMe,HelpingHand,TrickRoom,HealPulse|||F|||50|,,,,,Water]Gallade||ClearAmulet|Sharpness|SacredSword,PsychoCut,WideGuard,TrickRoom|||M|||50|,,,,,Grass]Torkoal||ChoiceSpecs|Drought|Eruption,HeatWave,WeatherBall,EarthPower|||M|||50|,,,,,Fire]Zoroark-Hisui||LifeOrb|Illusion|HyperBeam,ShadowBall,Protect,Flamethrower|||M|||50|,,,,,Stellar]Ursaluna-Bloodmoon||SilkScarf|MindsEye|EarthPower,BloodMoon,HyperVoice,HyperBeam|||M|||50|,,,,,Normal
|showteam|p2|Incineroar||SafetyGoggles|Intimidate|FakeOut,FlareBlitz,PartingShot,KnockOff|||M|||50|,,,,,Water]Amoonguss||RockyHelmet|Regenerator|RagePowder,Spore,PollenPuff,Protect|||F|||50|,,,,,Water]Rillaboom||AssaultVest|GrassySurge|GrassyGlide,WoodHammer,FakeOut,Uturn|||M|||50|,,,,,Fire]Sylveon||ThroatSpray|Pixilate|HyperVoice,TeraBlast,Protect,QuickAttack|||M|||50|,,,,,Fire]Dragonite||LoadedDice|InnerFocus|ScaleShot,Haze,IceSpinner,ExtremeSpeed|||M|||50|,,,,,Normal]Gholdengo||Leftovers|GoodasGold|MakeItRain,ShadowBall,Protect,NastyPlot||||||50|,,,,,Steel
|
|t:|1756585232
|teamsize|p1|4
|teamsize|p2|4
|start
|switch|p1a: Indeedee|Indeedee-F, L50, F|100/100
|switch|p1b: Hatterene|Hatterene, L50, F|100/100
|switch|p2a: Gholdengo|Gholdengo, L50|100/100
|switch|p2b: Dragonite|Dragonite, L50, M|100/100
|-fieldstart|move: Psychic Terrain|[from] ability: Psychic Surge|[of] p1a: Indeedee
|-enditem|p1a: Indeedee|Psychic Seed
|-boost|p1a: Indeedee|spd|1|[from] item: Psychic Seed
|turn|1
|
|t:|1756585254
|-terastallize|p1b: Hatterene|Stellar
|-terastallize|p2a: Gholdengo|Steel
|move|p1b: Hatterene|Shadow Ball|p2a: Gholdengo
|-damage|p2a: Gholdengo|13/100
|-damage|p1b: Hatterene|90/100|[from] item: Life Orb
|move|p2a: Gholdengo|Make It Rain|p1a: Indeedee|[spread] p1a,p1b
|-damage|p1a: Indeedee|63/100
|-damage|p1b: Hatterene|0 fnt
|-unboost|p2a: Gholdengo|spa|1
|replace|p1b: Zoroark|Zoroark-Hisui, L50, M
|-end|p1b: Zoroark|Illusion
|faint|p1b: Zoroark
|move|p2b: Dragonite|Ice Spinner|p1a: Indeedee
|-crit|p1a: Indeedee
|-damage|p1a: Indeedee|22/100
|-fieldend|move: Psychic Terrain
|move|p1a: Indeedee|Trick Room|p1a: Indeedee
|-fieldstart|move: Trick Room|[of] p1a: Indeedee
|
|-heal|p2a: Gholdengo|19/100|[from] item: Leftovers
|upkeep
|
|t:|1756585276
|switch|p1b: Torkoal|Torkoal, L50, M|100/100
|-weather|SunnyDay|[from] ability: Drought|[of] p1b: Torkoal
|turn|2
|
|t:|1756585292
|switch|p2a: Sylveon|Sylveon, L50, M|100/100
|move|p1a: Indeedee|Helping Hand|p1b: Torkoal
|-singleturn|p1b: Torkoal|Helping Hand|[of] p1a: Indeedee
|move|p2b: Dragonite|Extreme Speed|p1b: Torkoal
|-damage|p1b: Torkoal|78/100
|move|p1b: Torkoal|Eruption|p2b: Dragonite|[spread] p2a,p2b
|-resisted|p2b: Dragonite
|-damage|p2a: Sylveon|11/100
|-damage|p2b: Dragonite|38/100
|
|-weather|SunnyDay|[upkeep]
|upkeep
|turn|3
|
|t:|1756585312
|move|p2a: Sylveon|Protect|p2a: Sylveon
|-singleturn|p2a: Sylveon|Protect
|move|p1b: Torkoal|Eruption|p2a: Sylveon|[spread] p2b
|-activate|p2a: Sylveon|move: Protect
|-resisted|p2b: Dragonite
|-damage|p2b: Dragonite|0 fnt
|faint|p2b: Dragonite
|move|p1a: Indeedee|Heal Pulse|p1b: Torkoal
|-heal|p1b: Torkoal|100/100
|
|-weather|SunnyDay|[upkeep]
|upkeep
|
|t:|1756585320
|switch|p2b: Rillaboom|Rillaboom, L50, M|100/100
|-fieldstart|move: Grassy Terrain|[from] ability: Grassy Surge|[of] p2b: Rillaboom
|turn|4
|
|t:|1756585340
|switch|p1b: Hatterene|Hatterene, L50, F|100/100
|move|p2b: Rillaboom|Fake Out|p1b: Hatterene
|-damage|p1b: Hatterene|83/100
|move|p2a: Sylveon|Hyper Voice|p1a: Indeedee|[spread] p1a,p1b
|-damage|p1a: Indeedee|0 fnt
|-damage|p1b: Hatterene|45/100
|faint|p1a: Indeedee
|-enditem|p2a: Sylveon|Throat Spray
|-boost|p2a: Sylveon|spa|1|[from] item: Throat Spray
|
|-weather|SunnyDay|[upkeep]
|-heal|p1b: Hatterene|51/100|[from] Grassy Terrain
|-heal|p2a: Sylveon|17/100|[from] Grassy Terrain
|upkeep
|
|t:|1756585356
|switch|p1a: Torkoal|Torkoal, L50, M|100/100
|turn|5
|
|t:|1756585367
|move|p2a: Sylveon|Protect|p2a: Sylveon
|-singleturn|p2a: Sylveon|Protect
|move|p2b: Rillaboom|Grassy Glide|p1b: Hatterene
|-damage|p1b: Hatterene|7/100
|move|p1a: Torkoal|Heat Wave|p2a: Sylveon|[spread] p2b
|-activate|p2a: Sylveon|move: Protect
|-supereffective|p2b: Rillaboom
|-damage|p2b: Rillaboom|7/100
|move|p1b: Hatterene|Dazzling Gleam|p2a: Sylveon|[spread] p2b
|-activate|p2a: Sylveon|move: Protect
|-damage|p2b: Rillaboom|0 fnt
|faint|p2b: Rillaboom
|
|-weather|SunnyDay|[upkeep]
|-heal|p1b: Hatterene|13/100|[from] Grassy Terrain
|-heal|p2a: Sylveon|23/100|[from] Grassy Terrain
|-fieldend|move: Trick Room
|upkeep
|
|t:|1756585373
|switch|p2b: Gholdengo|Gholdengo, L50, tera:Steel|19/100
|turn|6
|
|t:|1756585393
|move|p2b: Gholdengo|Shadow Ball|p1a: Torkoal
|-damage|p1a: Torkoal|50/100
|move|p2a: Sylveon|Hyper Voice|p1a: Torkoal|[spread] p1a,p1b
|-resisted|p1a: Torkoal
|-crit|p1b: Hatterene
|-damage|p1a: Torkoal|11/100
|-damage|p1b: Hatterene|0 fnt
|faint|p1b: Hatterene
|move|p1a: Torkoal|Heat Wave|p2b: Gholdengo|[spread] p2a,p2b
|-crit|p2a: Sylveon
|-supereffective|p2b: Gholdengo
|-crit|p2b: Gholdengo
|-damage|p2a: Sylveon|0 fnt
|-damage|p2b: Gholdengo|0 fnt
|faint|p2a: Sylveon
|faint|p2b: Gholdengo
|
|win|sam0el
