|j|☆Rat Rizzo
|j|☆Miguedeth
|html|Rat RizzoMiguedeth    
|uhtml|bestof|Game 1 of a best-of-3
|t:|1756621417
|gametype|doubles
|player|p1|Rat Rizzo|266|1185
|player|p2|Miguedeth|102|1164
|gen|9
|tier|[Gen 9] VGC 2025 Reg H (Bo3)
|rated|
|rule|Species Clause: Limit one of each Pokémon
|rule|Item Clause: Limit 1 of each item
|clearpoke
|poke|p1|Dragonite, L50, M|
|poke|p1|Gholdengo, L50|
|poke|p1|Incineroar, L50, M|
|poke|p1|Amoonguss, L50, M|
|poke|p1|Sneasler, L50, M|
|poke|p1|Ursaluna-Bloodmoon, L50, M|
|poke|p2|Ursaluna, L50, F|
|poke|p2|Sinistcha, L50|
|poke|p2|Dragonite, L50, M|
|poke|p2|Incineroar, L50, M|
|poke|p2|Sneasler, L50, M|
|poke|p2|Volcarona, L50, M|
|teampreview|4
|showteam|p1|Dragonite||LoadedDice|Multiscale|Protect,Haze,ScaleShot,IceSpinner|||M|||50|,,,,,Fairy]Gholdengo||Leftovers|GoodasGold|Protect,NastyPlot,ShadowBall,MakeItRain||||||50|,,,,,Dragon]Incineroar||SafetyGoggles|Intimidate|FakeOut,FlareBlitz,KnockOff,PartingShot|||M|||50|,,,,,Ghost]Amoonguss||RockyHelmet|Regenerator|PollenPuff,Protect,Spore,RagePowder|||M|||50|,,,,,Water]Sneasler||FocusSash|PoisonTouch|Protect,DireClaw,ThroatChop,CloseCombat|||M|||50|,,,,,Ghost]Ursaluna-Bloodmoon||LifeOrb|MindsEye|BloodMoon,EarthPower,HyperVoice,Protect|||M|||50|,,,,,Normal
|showteam|p2|Ursaluna||FlameOrb|Guts|Earthquake,Facade,TeraBlast,Protect|||F|||50|,,,,,Fairy]Sinistcha||RockyHelmet|Hospitality|MatchaGotcha,LifeDew,TrickRoom,RagePowder||||||50|,,,,,Dark]Dragonite||LoadedDice|Multiscale|Tailwind,ExtremeSpeed,ScaleShot,Haze|||M|||50|,,,,,Fairy]Incineroar||MirrorHerb|Intimidate|FakeOut,KnockOff,FlareBlitz,PartingShot|||M|||50|,,,,,Ghost]Sneasler||FocusSash|Unburden|DireClaw,CloseCombat,FakeOut,Protect|||M|||50|,,,,,Stellar]Volcarona||CovertCloak|FlameBody|QuiverDance,TeraBlast,HeatWave,Protect|||M|||50|,,,,,Fairy
|inactive|Battle timer is ON: inactive players will automatically lose when time's up. (requested by Rat Rizzo)
|inactive|Rat Rizzo has 60 seconds left.
|inactive|Miguedeth has 60 seconds left.
|inactive|Rat Rizzo has 30 seconds left.
|inactive|Rat Rizzo has 20 seconds left.
|inactive|Rat Rizzo has 15 seconds left.
|inactive|Rat Rizzo has 10 seconds left.
|inactive|Rat Rizzo has 5 seconds left.
|
|t:|1756621504
|teamsize|p1|4
|teamsize|p2|4
|start
|switch|p1a: Gholdengo|Gholdengo, L50|100/100
|switch|p1b: Sneasler|Sneasler, L50, M|100/100
|switch|p2a: Volcarona|Volcarona, L50, M, shiny|100/100
|switch|p2b: Sneasler|Sneasler, L50, M|100/100
|turn|1
|inactive|Rat Rizzo has 30 seconds left.
|inactive|Rat Rizzo has 20 seconds left.
|
|t:|1756621540
|switch|p1b: Incineroar|Incineroar, L50, M|100/100
|-ability|p1b: Incineroar|Intimidate|boost
|-unboost|p2a: Volcarona|atk|1
|-unboost|p2b: Sneasler|atk|1
|move|p2b: Sneasler|Dire Claw|p1b: Incineroar
|-damage|p1b: Incineroar|74/100
|-status|p1b: Incineroar|slp
|move|p2a: Volcarona|Heat Wave|p1a: Gholdengo|[spread] p1a,p1b
|-supereffective|p1a: Gholdengo
|-resisted|p1b: Incineroar
|-damage|p1a: Gholdengo|29/100
|-damage|p1b: Incineroar|59/100 slp
|move|p1a: Gholdengo|Nasty Plot|p1a: Gholdengo
|-boost|p1a: Gholdengo|spa|2
|
|-heal|p1a: Gholdengo|36/100|[from] item: Leftovers
|upkeep
|turn|2
|inactive|Rat Rizzo has 30 seconds left.
|inactive|Rat Rizzo has 20 seconds left.
|
|t:|1756621577
|switch|p2b: Dragonite|Dragonite, L50, M|100/100
|switch|p1b: Amoonguss|Amoonguss, L50, M|100/100
|-terastallize|p1a: Gholdengo|Dragon
|move|p2a: Volcarona|Heat Wave|p1b: Amoonguss|[spread] p1a,p1b
|-resisted|p1a: Gholdengo
|-supereffective|p1b: Amoonguss
|-damage|p1a: Gholdengo|15/100
|-damage|p1b: Amoonguss|31/100
|-status|p1a: Gholdengo|brn
|move|p1a: Gholdengo|Make It Rain|p2a: Volcarona|[spread] p2a,p2b
|-resisted|p2a: Volcarona
|-damage|p2a: Volcarona|55/100
|-damage|p2b: Dragonite|55/100
|-unboost|p1a: Gholdengo|spa|1
|
|-heal|p1a: Gholdengo|22/100 brn|[from] item: Leftovers
|-damage|p1a: Gholdengo|15/100 brn|[from] brn
|upkeep
|turn|3
|
|t:|1756621602
|switch|p1a: Incineroar|Incineroar, L50, M|59/100 slp
|-ability|p1a: Incineroar|Intimidate|boost
|-unboost|p2a: Volcarona|atk|1
|-unboost|p2b: Dragonite|atk|1
|move|p1b: Amoonguss|Protect|p1b: Amoonguss
|-singleturn|p1b: Amoonguss|Protect
|move|p2a: Volcarona|Heat Wave|p1b: Amoonguss|[spread] 
|-activate|p1b: Amoonguss|move: Protect
|-miss|p2a: Volcarona|p1a: Incineroar
|move|p2b: Dragonite|Scale Shot|p1b: Amoonguss
|-activate|p1b: Amoonguss|move: Protect
|
|upkeep
|turn|4
|inactive|Rat Rizzo has 30 seconds left.
|inactive|Rat Rizzo has 20 seconds left.
|
|t:|1756621639
|move|p1b: Amoonguss|Protect||[still]
|-fail|p1b: Amoonguss
|move|p2a: Volcarona|Heat Wave|p1b: Amoonguss|[spread] p1a,p1b
|-resisted|p1a: Incineroar
|-supereffective|p1b: Amoonguss
|-damage|p1a: Incineroar|43/100 slp
|-damage|p1b: Amoonguss|0 fnt
|faint|p1b: Amoonguss
|move|p2b: Dragonite|Tailwind|p2b: Dragonite
|-sidestart|p2: Miguedeth|move: Tailwind
|cant|p1a: Incineroar|slp
|
|upkeep
|
|t:|1756621641
|switch|p1b: Sneasler|Sneasler, L50, M|100/100
|turn|5
|
|t:|1756621654
|move|p2a: Volcarona|Heat Wave|p1b: Sneasler|[spread] p1b
|-miss|p2a: Volcarona|p1a: Incineroar
|-damage|p1b: Sneasler|50/100
|move|p2b: Dragonite|Scale Shot|p1b: Sneasler
|-damage|p1b: Sneasler|33/100
|-damage|p1b: Sneasler|17/100
|-damage|p1b: Sneasler|0 fnt
|faint|p1b: Sneasler
|-hitcount|p1: Sneasler|3
|-unboost|p2b: Dragonite|def|1
|-boost|p2b: Dragonite|spe|1
|-curestatus|p1a: Incineroar|slp|[msg]
|move|p1a: Incineroar|Knock Off|p2b: Dragonite
|-damage|p2b: Dragonite|0 fnt
|-enditem|p2b: Dragonite|Loaded Dice|[from] move: Knock Off|[of] p1a: Incineroar
|faint|p2b: Dragonite
|
|upkeep
|-message|Rat Rizzo forfeited.
|
|win|Miguedeth
