|j|☆namboyVGC
|j|☆Spasio
|html|namboyVGCSpasio    
|uhtml|bestof|Game 2 of a best-of-3
|t:|1756325323
|gametype|doubles
|player|p1|namboyVGC|pokemonranger-gen4|
|player|p2|Spasio|n|
|gen|9
|tier|[Gen 9] VGC 2025 Reg H (Bo3)
|rule|Species Clause: Limit one of each Pokémon
|rule|Item Clause: Limit 1 of each item
|clearpoke
|poke|p1|Sneasler, L50, F|
|poke|p1|Indeedee, L50, M|
|poke|p1|Annihilape, L50, M|
|poke|p1|Tyranitar, L50, M|
|poke|p1|Excadrill, L50, M|
|poke|p1|Hydreigon, L50, F|
|poke|p2|Gholdengo, L50|
|poke|p2|Sneasler, L50, M|
|poke|p2|Rillaboom, L50, M|
|poke|p2|Dragonite, L50, F|
|poke|p2|Ninetales-Alola, L50, M|
|poke|p2|Arcanine-Hisui, L50, M|
|teampreview|4
|showteam|p1|Sneasler||PsychicSeed|Unburden|CloseCombat,DireClaw,ThroatChop,Protect|||F|||50|,,,,,Dark]Indeedee||ChoiceScarf|PsychicSurge|ExpandingForce,TeraBlast,Trick,DazzlingGleam|||M|||50|,,,,,Fire]Annihilape||SafetyGoggles|Defiant|CloseCombat,RageFist,Taunt,FinalGambit|||M|||50|,,,,,Water]Tyranitar||AssaultVest|SandStream|RockSlide,KnockOff,TeraBlast,LowKick|||M|||50|,,,,,Flying]Excadrill||FocusSash|SandRush|HighHorsepower,Earthquake,IronHead,Protect|||M|||50|,,,,,Stellar]Hydreigon||CovertCloak|Levitate|Snarl,DracoMeteor,Tailwind,Roar|||F|||50|,,,,,Ghost
|showteam|p2|Gholdengo||GrassySeed|GoodasGold|NastyPlot,MakeItRain,ShadowBall,Protect||||||50|,,,,,Water]Sneasler||WhiteHerb|Unburden|CloseCombat,DireClaw,Coaching,Protect|||M|||50|,,,,,Ghost]Rillaboom||AssaultVest|GrassySurge|FakeOut,GrassyGlide,DrumBeating,HighHorsepower|||M|||50|,,,,,Fire]Dragonite||LoadedDice|Multiscale|ScaleShot,StompingTantrum,Tailwind,Protect|||F|||50|,,,,,Ground]Ninetales-Alola||FocusSash|SnowWarning|Blizzard,IcyWind,Encore,AuroraVeil|||M|||50|,,,,,Ghost]Arcanine-Hisui||ClearAmulet|Intimidate|RockSlide,FlareBlitz,ExtremeSpeed,Protect|||M|||50|,,,,,Water
|inactive|Battle timer is ON: inactive players will automatically lose when time's up. (requested by namboyVGC)
|inactive|Spasio also wants the timer to be on.
|
|t:|1756325349
|teamsize|p1|4
|teamsize|p2|4
|start
|switch|p1a: Tyranitar|Tyranitar, L50, M|100/100
|switch|p1b: Excadrill|Excadrill, L50, M|100/100
|switch|p2a: Gholdengo|Gholdengo, L50|100/100
|switch|p2b: Ninetales|Ninetales-Alola, L50, M|100/100
|-weather|Snowscape|[from] ability: Snow Warning|[of] p2b: Ninetales
|-weather|Sandstorm|[from] ability: Sand Stream|[of] p1a: Tyranitar
|turn|1
|inactive|Spasio has 30 seconds left.
|inactive|Spasio has 20 seconds left.
|
|t:|1756325389
|-terastallize|p2a: Gholdengo|Water
|-terastallize|p1a: Tyranitar|Flying
|move|p1b: Excadrill|High Horsepower|p2a: Gholdengo
|-damage|p2a: Gholdengo|45/100
|move|p2b: Ninetales|Icy Wind|p1b: Excadrill|[spread] p1a,p1b
|-supereffective|p1a: Tyranitar
|-damage|p1a: Tyranitar|82/100
|-damage|p1b: Excadrill|80/100
|-unboost|p1a: Tyranitar|spe|1
|-unboost|p1b: Excadrill|spe|1
|move|p2a: Gholdengo|Nasty Plot|p2a: Gholdengo
|-boost|p2a: Gholdengo|spa|2
|move|p1a: Tyranitar|Tera Blast|p2b: Ninetales|[anim] Tera Blast Flying
|-damage|p2b: Ninetales|25/100
|
|-weather|Sandstorm|[upkeep]
|-damage|p2b: Ninetales|19/100|[from] Sandstorm
|-damage|p2a: Gholdengo|39/100|[from] Sandstorm
|-damage|p1a: Tyranitar|76/100|[from] Sandstorm
|upkeep
|turn|2
|inactive|namboyVGC has 30 seconds left.
|
|t:|1756325417
|switch|p1b: Indeedee|Indeedee, L50, M|100/100
|-fieldstart|move: Psychic Terrain|[from] ability: Psychic Surge|[of] p1b: Indeedee
|switch|p1a: Sneasler|Sneasler, L50, F|100/100
|-enditem|p1a: Sneasler|Psychic Seed
|-boost|p1a: Sneasler|spd|1|[from] item: Psychic Seed
|move|p2b: Ninetales|Blizzard|p1b: Indeedee|[spread] p1b
|-miss|p2b: Ninetales|p1a: Sneasler
|-damage|p1b: Indeedee|60/100
|move|p2a: Gholdengo|Make It Rain|p1a: Sneasler|[spread] p1a,p1b
|-damage|p1a: Sneasler|11/100
|-damage|p1b: Indeedee|0 fnt
|-unboost|p2a: Gholdengo|spa|1
|faint|p1b: Indeedee
|
|-weather|Sandstorm|[upkeep]
|-damage|p1a: Sneasler|6/100|[from] Sandstorm
|-damage|p2b: Ninetales|13/100|[from] Sandstorm
|-damage|p2a: Gholdengo|33/100|[from] Sandstorm
|upkeep
|
|t:|1756325433
|switch|p1b: Excadrill|Excadrill, L50, M|80/100
|turn|3
|
|t:|1756325440
|switch|p2b: Rillaboom|Rillaboom, L50, M|100/100
|-fieldstart|move: Grassy Terrain|[from] ability: Grassy Surge|[of] p2b: Rillaboom
|-enditem|p2a: Gholdengo|Grassy Seed
|-boost|p2a: Gholdengo|def|1|[from] item: Grassy Seed
|move|p2a: Gholdengo|Protect|p2a: Gholdengo
|-singleturn|p2a: Gholdengo|Protect
|move|p1a: Sneasler|Dire Claw|p2b: Rillaboom
|-supereffective|p2b: Rillaboom
|-damage|p2b: Rillaboom|5/100
|-status|p2b: Rillaboom|psn
|move|p1b: Excadrill|High Horsepower|p2a: Gholdengo
|-activate|p2a: Gholdengo|move: Protect
|
|-weather|Sandstorm|[upkeep]
|-damage|p1a: Sneasler|0 fnt|[from] Sandstorm
|-damage|p2b: Rillaboom|0 fnt|[from] Sandstorm
|-damage|p2a: Gholdengo|27/100|[from] Sandstorm
|faint|p1a: Sneasler
|faint|p2b: Rillaboom
|-heal|p1b: Excadrill|85/100|[from] Grassy Terrain
|-heal|p2a: Gholdengo|33/100|[from] Grassy Terrain
|upkeep
|
|t:|1756325461
|switch|p1a: Tyranitar|Tyranitar, L50, M, tera:Flying|76/100
|switch|p2b: Dragonite|Dragonite, L50, F|100/100
|turn|4
|
|t:|1756325478
|move|p2a: Gholdengo|Protect||[still]
|-fail|p2a: Gholdengo
|move|p1b: Excadrill|Iron Head|p2b: Dragonite
|-damage|p2b: Dragonite|74/100
|move|p2b: Dragonite|Scale Shot|p1a: Tyranitar
|-damage|p1a: Tyranitar|63/100
|-damage|p1a: Tyranitar|49/100
|-damage|p1a: Tyranitar|36/100
|-damage|p1a: Tyranitar|22/100
|-damage|p1a: Tyranitar|9/100
|-hitcount|p1a: Tyranitar|5
|-unboost|p2b: Dragonite|def|1
|-boost|p2b: Dragonite|spe|1
|move|p1a: Tyranitar|Rock Slide|p2b: Dragonite|[spread] p2a
|-miss|p1a: Tyranitar|p2b: Dragonite
|-damage|p2a: Gholdengo|14/100
|
|-weather|Sandstorm|[upkeep]
|-damage|p2b: Dragonite|68/100|[from] Sandstorm
|-damage|p2a: Gholdengo|7/100|[from] Sandstorm
|-damage|p1a: Tyranitar|3/100|[from] Sandstorm
|-heal|p1b: Excadrill|91/100|[from] Grassy Terrain
|-heal|p2a: Gholdengo|14/100|[from] Grassy Terrain
|upkeep
|turn|5
|inactive|namboyVGC has 30 seconds left.
|
|t:|1756325507
|move|p1b: Excadrill|Iron Head|p2b: Dragonite
|-damage|p2b: Dragonite|0 fnt
|faint|p2b: Dragonite
|move|p2a: Gholdengo|Make It Rain|p1a: Tyranitar|[spread] p1a,p1b
|-resisted|p1b: Excadrill
|-damage|p1a: Tyranitar|0 fnt
|-damage|p1b: Excadrill|44/100
|-unboost|p2a: Gholdengo|spa|1
|faint|p1a: Tyranitar
|
|-weather|none
|-heal|p1b: Excadrill|50/100|[from] Grassy Terrain
|-heal|p2a: Gholdengo|20/100|[from] Grassy Terrain
|upkeep
|
|t:|1756325513
|switch|p2b: Ninetales|Ninetales-Alola, L50, M|13/100
|-weather|Snowscape|[from] ability: Snow Warning|[of] p2b: Ninetales
|turn|6
|
|t:|1756325524
|move|p2b: Ninetales|Blizzard|p1b: Excadrill
|-damage|p1b: Excadrill|0 fnt
|faint|p1b: Excadrill
|
|win|Spasio
|c|☆namboyVGC|ggs
|c|☆Spasio|ggs!
