|j|☆kyzito
|j|☆sebtct
|html|kyzitosebtct    
|uhtml|bestof|Game 2 of a best-of-3
|t:|1782339469
|gametype|doubles
|player|p1|kyzito|byron|1207
|player|p2|sebtct|101|1152
|gen|9
|tier|[Gen 9 Champions] VGC 2026 Reg M-B (Bo3)
|rated|
|rule|Species Clause: Limit one of each Pokémon
|rule|Item Clause: Limit 1 of each item
|clearpoke
|poke|p1|Swampert, L50, F|
|poke|p1|Pelipper, L50, F|
|poke|p1|Archaludon, L50, F|
|poke|p1|Scrafty, L50, F|
|poke|p1|Farigiraf, L50, F|
|poke|p1|Sylveon, L50, F|
|poke|p2|Raichu, L50, M|
|poke|p2|Basculegion, L50, M|
|poke|p2|Incineroar, L50, F|
|poke|p2|Sinistcha-Masterpiece, L50|
|poke|p2|Mawile, L50, M|
|poke|p2|Pelipper, L50, M|
|teampreview|4
|showteam|p1|Swampert||Swampertite|Torrent|Protect,WaveCrash,Liquidation,HighHorsepower|Adamant||F|||50|]Pelipper||SitrusBerry|Drizzle|WideGuard,Tailwind,WeatherBall,Hurricane|Modest||F|||50|]Archaludon||Leftovers|Stamina|Protect,ElectroShot,DragonPulse,FlashCannon|Calm||F|||50|]Scrafty||Scraftinite|Intimidate|FakeOut,DrainPunch,ThroatChop,BulkUp|Adamant||F|||50|]Farigiraf||TwistedSpoon|ArmorTail|Roar,TrickRoom,TwinBeam,Protect|Modest||F|||50|]Sylveon||LifeOrb|Pixilate|HyperVoice,HyperBeam,QuickAttack,Detect|Modest||F|||50|
|showteam|p2|Raichu||RaichuniteY|LightningRod|ZapCannon,VoltSwitch,FocusBlast,Protect|Timid||M|||50|]Basculegion||ChoiceScarf|Adaptability|AquaJet,WaveCrash,LastRespects,FlipTurn|Jolly||M|||50|]Incineroar||SitrusBerry|Intimidate|FakeOut,FlareBlitz,DarkestLariat,PartingShot|Adamant||F|||50|]Sinistcha-Masterpiece||OccaBerry|Hospitality|MatchaGotcha,RagePowder,ShadowBall,TrickRoom|Sassy|||||50|]Mawile||Mawilite|Intimidate|IronHead,PlayRough,SuckerPunch,Protect|Brave||M|||50|]Pelipper||FocusSash|Drizzle|WeatherBall,Hurricane,Tailwind,Protect|Timid||M|||50|
|inactive|Battle timer is ON: inactive players will automatically lose when time's up. (requested by kyzito)
|inactive|kyzito has 30 seconds left.
|inactive|sebtct has 60 seconds left.
|inactive|kyzito has 20 seconds left.
|inactive|kyzito has 15 seconds left.
|inactive|sebtct has 30 seconds left.
|inactive|kyzito has 10 seconds left.
|inactive|kyzito has 5 seconds left.
|
|t:|1782339549
|teamsize|p1|4
|teamsize|p2|4
|start
|switch|p1a: Scrafty|Scrafty, L50, F|100/100
|switch|p1b: Farigiraf|Farigiraf, L50, F|100/100
|switch|p2a: Incineroar|Incineroar, L50, F|100/100
|switch|p2b: Raichu|Raichu, L50, M|100/100
|-ability|p2a: Incineroar|Intimidate|boost
|-unboost|p1a: Scrafty|atk|1
|-unboost|p1b: Farigiraf|atk|1
|-ability|p1a: Scrafty|Intimidate|boost
|-unboost|p2a: Incineroar|atk|1
|-unboost|p2b: Raichu|atk|1
|turn|1
|inactive|sebtct has 30 seconds left.
|inactive|sebtct has 20 seconds left.
|inactive|sebtct has 15 seconds left.
|
|t:|1782339591
|switch|p2b: Mawile|Mawile, L50, M|100/100
|-ability|p2b: Mawile|Intimidate|boost
|-unboost|p1a: Scrafty|atk|1
|-unboost|p1b: Farigiraf|atk|1
|detailschange|p1a: Scrafty|Scrafty-Mega, L50, F
|-mega|p1a: Scrafty|Scrafty|Scraftinite
|-ability|p1a: Scrafty|Intimidate|boost
|-unboost|p2a: Incineroar|atk|1
|-unboost|p2b: Mawile|atk|1
|move|p1a: Scrafty|Fake Out|p2b: Mawile
|-resisted|p2b: Mawile|1
|-damage|p2b: Mawile|94/100
|move|p2a: Incineroar|Parting Shot|p1a: Scrafty
|-unboost|p1a: Scrafty|atk|1
|-unboost|p1a: Scrafty|spa|1
|
|t:|1782339606
|switch|p2a: Sinistcha|Sinistcha-Masterpiece, L50|100/100|[from] Parting Shot
|-heal|p2b: Mawile|100/100|[from] ability: Hospitality|[of] p2a: Sinistcha
|move|p1b: Farigiraf|Trick Room|p1b: Farigiraf
|-fieldstart|move: Trick Room|[of] p1b: Farigiraf
|
|upkeep
|turn|2
|inactive|kyzito has 30 seconds left.
|inactive|kyzito has 20 seconds left.
|inactive|kyzito has 15 seconds left.
|inactive|kyzito has 10 seconds left.
|
|t:|1782339655
|switch|p2b: Incineroar|Incineroar, L50, F|100/100
|-ability|p2b: Incineroar|Intimidate|boost
|-unboost|p1a: Scrafty|atk|1
|-unboost|p1b: Farigiraf|atk|1
|switch|p1a: Pelipper|Pelipper, L50, F|100/100
|-weather|RainDance|[from] ability: Drizzle|[of] p1a: Pelipper
|move|p2a: Sinistcha|Matcha Gotcha|p1a: Pelipper|[spread] p1a,p1b
|-damage|p1a: Pelipper|72/100
|-damage|p1b: Farigiraf|74/100
|-status|p1a: Pelipper|brn
|move|p1b: Farigiraf|Roar|p1a: Pelipper
|drag|p1a: Scrafty|Scrafty-Mega, L50, F|100/100
|-ability|p1a: Scrafty|Intimidate|boost
|-unboost|p2a: Sinistcha|atk|1
|-unboost|p2b: Incineroar|atk|1
|
|-weather|RainDance|[upkeep]
|upkeep
|turn|3
|inactive|kyzito has 30 seconds left.
|
|t:|1782339688
|move|p1b: Farigiraf|Twin Beam|p2a: Sinistcha
|-damage|p2a: Sinistcha|80/100
|-damage|p2a: Sinistcha|60/100
|-hitcount|p2a: Sinistcha|2
|move|p2a: Sinistcha|Matcha Gotcha|p1b: Farigiraf|[spread] p1a,p1b
|-damage|p1a: Scrafty|80/100
|-heal|p2a: Sinistcha|70/100|[from] drain|[of] p1a: Scrafty
|-damage|p1b: Farigiraf|51/100
|-heal|p2a: Sinistcha|84/100|[from] drain|[of] p1b: Farigiraf
|-status|p1b: Farigiraf|brn
|move|p1a: Scrafty|Throat Chop|p2a: Sinistcha
|-supereffective|p2a: Sinistcha|1
|-damage|p2a: Sinistcha|3/100
|-start|p2a: Sinistcha|Throat Chop|[silent]
|move|p2b: Incineroar|Parting Shot|p1a: Scrafty
|-unboost|p1a: Scrafty|atk|1
|-unboost|p1a: Scrafty|spa|1
|
|t:|1782339706
|switch|p2b: Mawile|Mawile, L50, M|100/100|[from] Parting Shot
|-ability|p2b: Mawile|Intimidate|boost
|-unboost|p1a: Scrafty|atk|1
|-unboost|p1b: Farigiraf|atk|1
|
|-weather|RainDance|[upkeep]
|-damage|p1b: Farigiraf|45/100 brn|[from] brn
|upkeep
|turn|4
|inactive|kyzito has 30 seconds left.
|inactive|sebtct has 30 seconds left.
|inactive|kyzito has 20 seconds left.
|
|t:|1782339744
|switch|p1a: Pelipper|Pelipper, L50, F|72/100 brn
|detailschange|p2b: Mawile|Mawile-Mega, L50, M
|-mega|p2b: Mawile|Mawile|Mawilite
|move|p2b: Mawile|Iron Head|p1b: Farigiraf
|-damage|p1b: Farigiraf|0 fnt
|faint|p1b: Farigiraf
|move|p2a: Sinistcha|Matcha Gotcha|p1a: Pelipper
|-damage|p1a: Pelipper|36/100 brn
|-heal|p2a: Sinistcha|21/100|[from] drain|[of] p1a: Pelipper
|-enditem|p1a: Pelipper|Sitrus Berry|[eat]
|-heal|p1a: Pelipper|60/100 brn|[from] item: Sitrus Berry
|
|-weather|RainDance|[upkeep]
|-damage|p1a: Pelipper|54/100 brn|[from] brn
|-end|p2a: Sinistcha|Throat Chop|[silent]
|upkeep
|
|t:|1782339759
|switch|p1b: Scrafty|Scrafty-Mega, L50, F|80/100
|-ability|p1b: Scrafty|Intimidate|boost
|-unboost|p2a: Sinistcha|atk|1
|-unboost|p2b: Mawile|atk|1
|turn|5
|inactive|sebtct has 30 seconds left.
|
|t:|1782339791
|switch|p2b: Raichu|Raichu, L50, M|100/100
|switch|p2a: Incineroar|Incineroar, L50, F|100/100
|-ability|p2a: Incineroar|Intimidate|boost
|-unboost|p1a: Pelipper|atk|1
|-unboost|p1b: Scrafty|atk|1
|move|p1b: Scrafty|Fake Out|p2b: Raichu
|-damage|p2b: Raichu|79/100
|move|p1a: Pelipper|Tailwind|p1a: Pelipper
|-sidestart|p1: kyzito|move: Tailwind
|
|-weather|RainDance|[upkeep]
|-damage|p1a: Pelipper|48/100 brn|[from] brn
|-fieldend|move: Trick Room
|upkeep
|turn|6
|
|t:|1782339814
|move|p2a: Incineroar|Fake Out|p1b: Scrafty
|-damage|p1b: Scrafty|70/100
|move|p1a: Pelipper|Weather Ball|p2a: Incineroar
|-supereffective|p2a: Incineroar|1
|-damage|p2a: Incineroar|0 fnt
|faint|p2a: Incineroar
|move|p2b: Raichu|Volt Switch|p1a: Pelipper
|-supereffective|p1a: Pelipper|2
|-damage|p1a: Pelipper|0 fnt
|faint|p1a: Pelipper
|
|t:|1782339826
|switch|p2b: Sinistcha|Sinistcha-Masterpiece, L50|21/100|[from] Volt Switch
|cant|p1b: Scrafty|flinch
|
|-weather|none
|upkeep
|
|t:|1782339839
|switch|p1a: Sylveon|Sylveon, L50, F|100/100
|switch|p2a: Mawile|Mawile-Mega, L50, M|100/100
|turn|7
|inactive|sebtct has 30 seconds left.
|
|t:|1782339870
|move|p1a: Sylveon|Detect|p1a: Sylveon
|-singleturn|p1a: Sylveon|Protect
|move|p2b: Sinistcha|Rage Powder|p2b: Sinistcha
|-singleturn|p2b: Sinistcha|move: Rage Powder
|move|p1b: Scrafty|Throat Chop|p2b: Sinistcha
|-supereffective|p2b: Sinistcha|1
|-crit|p2b: Sinistcha
|-damage|p2b: Sinistcha|0 fnt
|faint|p2b: Sinistcha
|move|p2a: Mawile|Play Rough|p1b: Scrafty
|-supereffective|p1b: Scrafty|2
|-damage|p1b: Scrafty|0 fnt
|faint|p1b: Scrafty
|
|upkeep
|
|t:|1782339877
|switch|p2b: Raichu|Raichu, L50, M|79/100
|turn|8
|
|t:|1782339888
|move|p1a: Sylveon|Hyper Voice|p2a: Mawile|[spread] p2a,p2b
|-resisted|p2a: Mawile|1
|-damage|p2a: Mawile|70/100
|-damage|p2b: Raichu|0 fnt
|faint|p2b: Raichu
|-damage|p1a: Sylveon|90/100|[from] item: Life Orb
|move|p2a: Mawile|Iron Head|p1a: Sylveon
|-supereffective|p1a: Sylveon|1
|-damage|p1a: Sylveon|0 fnt
|faint|p1a: Sylveon
|
|win|sebtct
||kyzito is ready for game 3.
|inactive|sebtct has 30 seconds to confirm battle start!
||sebtct is ready for game 3.
|uhtml|next|Next: Game 3 of 3
|l|☆kyzito
|player|p1|
|l|☆sebtct
|player|p2|
|j|☆sebtct
|player|p2|sebtct|101|
