|j|☆CrazyyBoi
|j|☆CommunistGuy293
|html|CrazyyBoiCommunistGuy293    
|uhtml|bestof|Game 2 of a best-of-3
|t:|1757756126
|gametype|doubles
|player|p1|CrazyyBoi|266|1121
|player|p2|CommunistGuy293|scientist-gen4|1192
|gen|9
|tier|[Gen 9] VGC 2025 Reg H (Bo3)
|rated|
|rule|Species Clause: Limit one of each Pokémon
|rule|Item Clause: Limit 1 of each item
|clearpoke
|poke|p1|Meowscarada, L50, F|
|poke|p1|Sableye, L50, M|
|poke|p1|Gothitelle, L50, F|
|poke|p1|Kommo-o, L50, F|
|poke|p1|Incineroar, L50, M|
|poke|p1|Primarina, L50, M|
|poke|p2|Archaludon, L50, F|
|poke|p2|Maushold-Four, L50|
|poke|p2|Annihilape, L50, F|
|poke|p2|Primarina, L50, M|
|poke|p2|Pelipper, L50, F|
|poke|p2|Amoonguss, L50, F|
|teampreview|4
|showteam|p1|Meowscarada||ClearAmulet|Overgrow|FlowerTrick,SuckerPunch,ThroatChop,Protect|||F|||50|,,,,,Fire]Sableye||MentalHerb|Prankster|WillOWisp,Quash,Disable,Encore|||M|||50|,,,,,Grass]Gothitelle||SitrusBerry|ShadowTag|FakeOut,Psychic,TrickRoom,Protect|||F|||50|,,,,,Steel]Kommo-o||ThroatSpray|Overcoat|ClangorousSoul,ClangingScales,Protect,AuraSphere|||F|||50|,,,,,Steel]Incineroar||SafetyGoggles|Intimidate|FakeOut,PartingShot,KnockOff,Taunt|||M|||50|,,,,,Ghost]Primarina||LifeOrb|LiquidVoice|HyperVoice,Moonblast,PerishSong,Protect|||M|||50|,,,,,Dragon
|showteam|p2|Archaludon||AssaultVest|Stamina|ElectroShot,FlashCannon,DragonPulse,BodyPress|||F|||50|,,,,,Electric]Maushold-Four||CovertCloak|FriendGuard|BeatUp,FollowMe,Taunt,Protect||||||50|,,,,,Ghost]Annihilape||SafetyGoggles|Defiant|RageFist,DrainPunch,BulkUp,Protect|||F|||50|,,,,,Steel]Primarina||LifeOrb|LiquidVoice|HyperVoice,Moonblast,Haze,Protect|||M|||50|,,,,,Steel]Pelipper||FocusSash|Drizzle|Hurricane,WeatherBall,Tailwind,Protect|||F|||50|,,,,,Grass]Amoonguss||MentalHerb|Regenerator|Spore,PollenPuff,RagePowder,Protect|||F|||50|,,,,,Water
|inactive|Battle timer is ON: inactive players will automatically lose when time's up. (requested by CommunistGuy293)
|inactive|CrazyyBoi has 60 seconds left.
|inactive|CommunistGuy293 has 60 seconds left.
|
|t:|1757756175
|teamsize|p1|4
|teamsize|p2|4
|start
|switch|p1a: Sableye|Sableye, L50, M|100/100
|switch|p1b: Gothitelle|Gothitelle, L50, F|100/100
|switch|p2a: Archaludon|Archaludon, L50, F|100/100
|switch|p2b: Pelipper|Pelipper, L50, F|100/100
|-weather|RainDance|[from] ability: Drizzle|[of] p2b: Pelipper
|turn|1
|inactive|CommunistGuy293 has 30 seconds left.
|
|t:|1757756204
|move|p1a: Sableye|Will-O-Wisp|p2b: Pelipper
|-status|p2b: Pelipper|brn
|move|p2a: Archaludon|Electro Shot||[still]
|-prepare|p2a: Archaludon|Electro Shot
|-boost|p2a: Archaludon|spa|1
|-anim|p2a: Archaludon|Electro Shot|p1a: Sableye
|-damage|p1a: Sableye|42/100
|move|p2b: Pelipper|Hurricane|p1a: Sableye
|-damage|p1a: Sableye|0 fnt
|faint|p1a: Sableye
|move|p1b: Gothitelle|Trick Room|p1b: Gothitelle
|-fieldstart|move: Trick Room|[of] p1b: Gothitelle
|
|-weather|RainDance|[upkeep]
|-damage|p2b: Pelipper|94/100 brn|[from] brn
|upkeep
|
|t:|1757756221
|switch|p1a: Kommo-o|Kommo-o, L50, F|100/100
|turn|2
|
|t:|1757756244
|-terastallize|p1a: Kommo-o|Steel
|-terastallize|p2a: Archaludon|Electric
|move|p1b: Gothitelle|Psychic|p2b: Pelipper
|-damage|p2b: Pelipper|43/100 brn
|move|p2b: Pelipper|Hurricane|p1a: Kommo-o
|-resisted|p1a: Kommo-o
|-crit|p1a: Kommo-o
|-damage|p1a: Kommo-o|66/100
|move|p1a: Kommo-o|Clanging Scales|p2b: Pelipper|[spread] p2a,p2b
|-damage|p2a: Archaludon|69/100
|-damage|p2b: Pelipper|0 fnt
|-ability|p2a: Archaludon|Stamina|boost
|-boost|p2a: Archaludon|def|1
|faint|p2b: Pelipper
|-unboost|p1a: Kommo-o|def|1
|-enditem|p1a: Kommo-o|Throat Spray
|-boost|p1a: Kommo-o|spa|1|[from] item: Throat Spray
|move|p2a: Archaludon|Electro Shot||[still]
|-prepare|p2a: Archaludon|Electro Shot
|-boost|p2a: Archaludon|spa|1
|-anim|p2a: Archaludon|Electro Shot|p1a: Kommo-o
|-damage|p1a: Kommo-o|0 fnt
|faint|p1a: Kommo-o
|
|-weather|RainDance|[upkeep]
|upkeep
|
|t:|1757756266
|switch|p2b: Primarina|Primarina, L50, M|100/100
|switch|p1a: Primarina|Primarina, L50, M|100/100
|turn|3
|
|t:|1757756289
|move|p1b: Gothitelle|Psychic|p2a: Archaludon
|-damage|p2a: Archaludon|45/100
|-ability|p2a: Archaludon|Stamina|boost
|-boost|p2a: Archaludon|def|1
|move|p1a: Primarina|Hyper Voice|p2a: Archaludon|[spread] p2a,p2b
|-resisted|p2b: Primarina
|-damage|p2a: Archaludon|0 fnt
|-damage|p2b: Primarina|69/100
|faint|p2a: Archaludon
|-damage|p1a: Primarina|91/100|[from] item: Life Orb
|move|p2b: Primarina|Moonblast|p1a: Primarina
|-damage|p1a: Primarina|38/100
|-damage|p2b: Primarina|59/100|[from] item: Life Orb
|
|-weather|RainDance|[upkeep]
|upkeep
|
|t:|1757756296
|switch|p2a: Annihilape|Annihilape, L50, F|100/100
|turn|4
|
|t:|1757756318
|move|p2b: Primarina|Protect|p2b: Primarina
|-singleturn|p2b: Primarina|Protect
|move|p1b: Gothitelle|Psychic|p2a: Annihilape
|-supereffective|p2a: Annihilape
|-damage|p2a: Annihilape|38/100
|move|p1a: Primarina|Moonblast|p2b: Primarina
|-activate|p2b: Primarina|move: Protect
|move|p2a: Annihilape|Rage Fist|p1a: Primarina
|-damage|p1a: Primarina|0 fnt
|faint|p1a: Primarina
|
|-weather|RainDance|[upkeep]
|upkeep
|turn|5
|
|t:|1757756330
|move|p2a: Annihilape|Protect|p2a: Annihilape
|-singleturn|p2a: Annihilape|Protect
|move|p1b: Gothitelle|Psychic|p2b: Primarina
|-damage|p2b: Primarina|34/100
|move|p2b: Primarina|Hyper Voice|p1b: Gothitelle
|-damage|p1b: Gothitelle|25/100
|-enditem|p1b: Gothitelle|Sitrus Berry|[eat]
|-heal|p1b: Gothitelle|50/100|[from] item: Sitrus Berry
|-damage|p2b: Primarina|24/100|[from] item: Life Orb
|
|-weather|none
|-fieldend|move: Trick Room
|upkeep
|turn|6
|
|t:|1757756339
|move|p2a: Annihilape|Rage Fist|p1b: Gothitelle
|-supereffective|p1b: Gothitelle
|-damage|p1b: Gothitelle|0 fnt
|faint|p1b: Gothitelle
|
|win|CommunistGuy293
||CommunistGuy293 is ready for game 3.
||CrazyyBoi is ready for game 3.
|uhtml|next|Next: Game 3 of 3
|l|☆CommunistGuy293
|player|p2|
