|j|☆MidoMidori
|j|☆A Regu1ar Guy
|html|MidoMidoriA Regu1ar Guy    
|uhtml|bestof|Game 1 of a best-of-3
|t:|1756644853
|gametype|doubles
|player|p1|MidoMidori|roxanne-gen6|1236
|player|p2|A Regu1ar Guy|elesa|1455
|gen|9
|tier|[Gen 9] VGC 2025 Reg H (Bo3)
|rated|
|rule|Species Clause: Limit one of each Pokémon
|rule|Item Clause: Limit 1 of each item
|clearpoke
|poke|p1|Sneasler, L50, F|
|poke|p1|Indeedee, L50, M|
|poke|p1|Volcarona, L50, M|
|poke|p1|Ursaluna-Bloodmoon, L50, M|
|poke|p1|Annihilape, L50, F|
|poke|p1|Tyranitar, L50, M|
|poke|p2|Volcarona, L50, M|
|poke|p2|Rillaboom, L50, F|
|poke|p2|Electabuzz, L50, M|
|poke|p2|Tauros-Paldea-Aqua, L50, M|
|poke|p2|Dragonite, L50, M|
|poke|p2|Ninetales-Alola, L50, F|
|teampreview|4
|showteam|p1|Sneasler||PsychicSeed|Unburden|CloseCombat,DireClaw,ThroatChop,Protect|||F|||50|,,,,,Dark]Indeedee||FocusSash|PsychicSurge|ExpandingForce,TeraBlast,TrickRoom,Protect|||M|||50|,,,,,Fighting]Volcarona||SitrusBerry|FlameBody|Overheat,StruggleBug,RagePowder,Tailwind|||M|||50|,,,,,Grass]Ursaluna-Bloodmoon||LifeOrb|MindsEye|BloodMoon,HyperVoice,EarthPower,Protect|||M|||50|,,,,,Normal]Annihilape||SafetyGoggles|Defiant|CloseCombat,RageFist,Taunt,FinalGambit|||F|||50|,,,,,Fairy]Tyranitar||AssaultVest|SandStream|RockSlide,KnockOff,TeraBlast,LowKick|||M|||50|,,,,,Flying
|showteam|p2|Volcarona||GrassySeed|FlameBody|HeatWave,GigaDrain,QuiverDance,Protect|||M|||50|,,,,,Grass]Rillaboom||AssaultVest|GrassySurge|FakeOut,WoodHammer,GrassyGlide,HighHorsepower|||F|||50|,,,,,Fire]Electabuzz||Eviolite|VitalSpirit|Thunderbolt,FollowMe,Taunt,Protect|||M|||50|,,,,,Ghost]Tauros-Paldea-Aqua||MirrorHerb|Intimidate|WaveCrash,AquaJet,CloseCombat,Protect|||M|||50|,,,,,Water]Dragonite||LoadedDice|Multiscale|ScaleShot,ExtremeSpeed,Haze,Protect|||M|||50|,,,,,Fairy]Ninetales-Alola||FocusSash|SnowWarning|Blizzard,IcyWind,Mist,AuroraVeil|||F|||50|,,,,,Ghost
|j| PetFer
|
|t:|1756644879
|teamsize|p1|4
|teamsize|p2|4
|start
|switch|p1a: Indeedee|Indeedee, L50, M|100/100
|switch|p1b: Sneasler|Sneasler, L50, F|100/100
|switch|p2a: Volcarona|Volcarona, L50, M, shiny|100/100
|switch|p2b: Tauros|Tauros-Paldea-Aqua, L50, M|100/100
|-ability|p2b: Tauros|Intimidate|boost
|-unboost|p1a: Indeedee|atk|1
|-unboost|p1b: Sneasler|atk|1
|-fieldstart|move: Psychic Terrain|[from] ability: Psychic Surge|[of] p1a: Indeedee
|-enditem|p1b: Sneasler|Psychic Seed
|-boost|p1b: Sneasler|spd|1|[from] item: Psychic Seed
|-enditem|p2b: Tauros|Mirror Herb
|-boost|p2b: Tauros|spd|1|[from] item: Mirror Herb
|turn|1
|l| PetFer
|
|t:|1756644919
|switch|p1a: Volcarona|Volcarona, L50, M|100/100
|switch|p2a: Rillaboom|Rillaboom, L50, F|100/100
|-fieldstart|move: Grassy Terrain|[from] ability: Grassy Surge|[of] p2a: Rillaboom
|-terastallize|p2b: Tauros|Water
|move|p1b: Sneasler|Dire Claw|p2b: Tauros
|-damage|p2b: Tauros|68/100
|move|p2b: Tauros|Wave Crash|p1b: Sneasler
|-damage|p1b: Sneasler|0 fnt
|faint|p1b: Sneasler
|-damage|p2b: Tauros|36/100|[from] Recoil
|
|-heal|p2b: Tauros|42/100|[from] Grassy Terrain
|upkeep
|
|t:|1756644938
|switch|p1b: Indeedee|Indeedee, L50, M|100/100
|-fieldstart|move: Psychic Terrain|[from] ability: Psychic Surge|[of] p1b: Indeedee
|turn|2
|j| Arkhept
|
|t:|1756644951
|switch|p2a: Volcarona|Volcarona, L50, M, shiny|100/100
|-terastallize|p1a: Volcarona|Grass
|move|p1a: Volcarona|Tailwind|p1a: Volcarona
|-sidestart|p1: MidoMidori|move: Tailwind
|move|p1b: Indeedee|Expanding Force|p2b: Tauros|[spread] p2a,p2b
|-damage|p2a: Volcarona|50/100
|-damage|p2b: Tauros|0 fnt
|faint|p2b: Tauros
|
|upkeep
|
|t:|1756644955
|switch|p2b: Rillaboom|Rillaboom, L50, F|100/100
|-fieldstart|move: Grassy Terrain|[from] ability: Grassy Surge|[of] p2b: Rillaboom
|-enditem|p2a: Volcarona|Grassy Seed
|-boost|p2a: Volcarona|def|1|[from] item: Grassy Seed
|turn|3
|
|t:|1756644959
|move|p2b: Rillaboom|Fake Out|p1b: Indeedee
|-damage|p1b: Indeedee|70/100
|move|p1a: Volcarona|Overheat|p2a: Volcarona
|-damage|p2a: Volcarona|0 fnt
|-unboost|p1a: Volcarona|spa|2
|faint|p2a: Volcarona
|cant|p1b: Indeedee|flinch
|
|-heal|p1b: Indeedee|75/100|[from] Grassy Terrain
|upkeep
|
|t:|1756644964
|switch|p2a: Ninetales|Ninetales-Alola, L50, F|100/100
|-weather|Snowscape|[from] ability: Snow Warning|[of] p2a: Ninetales
|turn|4
|
|t:|1756644982
|switch|p1a: Tyranitar|Tyranitar, L50, M|100/100
|-weather|Sandstorm|[from] ability: Sand Stream|[of] p1a: Tyranitar
|move|p1b: Indeedee|Protect|p1b: Indeedee
|-singleturn|p1b: Indeedee|Protect
|move|p2a: Ninetales|Blizzard|p1a: Tyranitar|[spread] p1a
|-activate|p1b: Indeedee|move: Protect
|-damage|p1a: Tyranitar|86/100
|-status|p1a: Tyranitar|frz
|move|p2b: Rillaboom|Wood Hammer|p1b: Indeedee
|-activate|p1b: Indeedee|move: Protect
|
|-weather|Sandstorm|[upkeep]
|-damage|p1b: Indeedee|70/100|[from] Sandstorm
|-damage|p2a: Ninetales|94/100|[from] Sandstorm
|-damage|p2b: Rillaboom|95/100|[from] Sandstorm
|-heal|p1b: Indeedee|75/100|[from] Grassy Terrain
|-heal|p1a: Tyranitar|92/100 frz|[from] Grassy Terrain
|-heal|p2a: Ninetales|100/100|[from] Grassy Terrain
|-heal|p2b: Rillaboom|100/100|[from] Grassy Terrain
|upkeep
|turn|5
|
|t:|1756644991
|move|p1b: Indeedee|Expanding Force|p2a: Ninetales
|-damage|p2a: Ninetales|54/100
|cant|p1a: Tyranitar|frz
|move|p2a: Ninetales|Blizzard|p1b: Indeedee|[spread] p1b
|-miss|p2a: Ninetales|p1a: Tyranitar
|-damage|p1b: Indeedee|35/100
|move|p2b: Rillaboom|Wood Hammer|p1a: Tyranitar
|-supereffective|p1a: Tyranitar
|-damage|p1a: Tyranitar|0 fnt
|faint|p1a: Tyranitar
|-damage|p2b: Rillaboom|73/100|[from] Recoil
|
|-weather|Sandstorm|[upkeep]
|-damage|p1b: Indeedee|29/100|[from] Sandstorm
|-damage|p2a: Ninetales|47/100|[from] Sandstorm
|-damage|p2b: Rillaboom|67/100|[from] Sandstorm
|-heal|p1b: Indeedee|35/100|[from] Grassy Terrain
|-heal|p2a: Ninetales|54/100|[from] Grassy Terrain
|-heal|p2b: Rillaboom|73/100|[from] Grassy Terrain
|-sideend|p1: MidoMidori|move: Tailwind
|upkeep
|
|t:|1756644994
|switch|p1a: Volcarona|Volcarona, L50, M, tera:Grass|100/100
|turn|6
|
|t:|1756645001
|move|p1b: Indeedee|Protect|p1b: Indeedee
|-singleturn|p1b: Indeedee|Protect
|move|p2a: Ninetales|Blizzard|p1b: Indeedee|[spread] p1a
|-activate|p1b: Indeedee|move: Protect
|-supereffective|p1a: Volcarona
|-damage|p1a: Volcarona|40/100
|-enditem|p1a: Volcarona|Sitrus Berry|[eat]
|-heal|p1a: Volcarona|65/100|[from] item: Sitrus Berry
|move|p1a: Volcarona|Overheat|p2b: Rillaboom|[miss]
|-miss|p1a: Volcarona|p2b: Rillaboom
|move|p2b: Rillaboom|Wood Hammer|p1a: Volcarona
|-resisted|p1a: Volcarona
|-damage|p1a: Volcarona|13/100
|-status|p2b: Rillaboom|brn|[from] ability: Flame Body|[of] p1a: Volcarona
|-damage|p2b: Rillaboom|58/100 brn|[from] Recoil
|
|-weather|Sandstorm|[upkeep]
|-damage|p2a: Ninetales|47/100|[from] Sandstorm
|-damage|p1a: Volcarona|7/100|[from] Sandstorm
|-damage|p1b: Indeedee|29/100|[from] Sandstorm
|-damage|p2b: Rillaboom|52/100 brn|[from] Sandstorm
|-heal|p2a: Ninetales|54/100|[from] Grassy Terrain
|-heal|p1a: Volcarona|13/100|[from] Grassy Terrain
|-heal|p1b: Indeedee|35/100|[from] Grassy Terrain
|-heal|p2b: Rillaboom|58/100 brn|[from] Grassy Terrain
|-damage|p2b: Rillaboom|52/100 brn|[from] brn
|upkeep
|turn|7
|
|t:|1756645016
|move|p2a: Ninetales|Icy Wind|p1b: Indeedee|[spread] p1a,p1b
|-supereffective|p1a: Volcarona
|-damage|p1a: Volcarona|0 fnt
|-damage|p1b: Indeedee|12/100
|-unboost|p1b: Indeedee|spe|1
|faint|p1a: Volcarona
|move|p2b: Rillaboom|Wood Hammer|p1b: Indeedee
|-damage|p1b: Indeedee|0 fnt
|faint|p1b: Indeedee
|-damage|p2b: Rillaboom|50/100 brn|[from] Recoil
|
|win|A Regu1ar Guy
||MidoMidori is ready for game 2.
||A Regu1ar Guy is ready for game 2.
|uhtml|next|Next: Game 2 of 3
