|j|☆Llama_Llord
|j|☆Testing mic 123456
|html|Llama_LlordTesting mic 123456    
|uhtml|bestof|Game 1 of a best-of-3
|t:|1757030936
|gametype|doubles
|player|p1|Llama_Llord|170|1155
|player|p2|Testing mic 123456|102|1115
|gen|9
|tier|[Gen 9] VGC 2025 Reg H (Bo3)
|rated|
|rule|Species Clause: Limit one of each Pokémon
|rule|Item Clause: Limit 1 of each item
|clearpoke
|poke|p1|Talonflame, L50, M|
|poke|p1|Garchomp, L50, F|
|poke|p1|Gholdengo, L50|
|poke|p1|Tyranitar, L50, M|
|poke|p1|Amoonguss, L50, F|
|poke|p1|Milotic, L50, F|
|poke|p2|Basculegion, L50, M|
|poke|p2|Archaludon, L50, M|
|poke|p2|Pelipper, L50, M|
|poke|p2|Ursaluna, L50, M|
|poke|p2|Sinistcha, L50|
|poke|p2|Incineroar, L50, M|
|teampreview|4
|showteam|p1|Talonflame||CovertCloak|GaleWings|Tailwind,BraveBird,WillOWisp,Taunt|||M|||50|,,,,,Grass]Garchomp||LifeOrb|RoughSkin|Earthquake,DragonClaw,StompingTantrum,Protect|||F|||50|,,,,,Fairy]Gholdengo||ChoiceSpecs|GoodasGold|MakeItRain,ShadowBall,Thunderbolt,PowerGem||||||50|,,,,,Steel]Tyranitar||AssaultVest|SandStream|RockSlide,KnockOff,TeraBlast,LowKick|||M|||50|,,,,,Flying]Amoonguss||SitrusBerry|Regenerator|PollenPuff,Spore,RagePowder,Protect|||F|||50|,,,,,Water]Milotic||SafetyGoggles|Competitive|Scald,IcyWind,Haze,Protect|||F|||50|,,,,,Dragon
|showteam|p2|Basculegion||ChoiceBand|SwiftSwim|FlipTurn,LastRespects,WaveCrash,ZenHeadbutt|||M|||50|,,,,,Water]Archaludon||PowerHerb|Sturdy|ElectroShot,FlashCannon,Protect,DragonPulse|||M|||50|,,,,,Electric]Pelipper||FocusSash|Drizzle|Hurricane,WeatherBall,Tailwind,Protect|||M|||50|,,,,,Ghost]Ursaluna||FlameOrb|Guts|Facade,Protect,HeadlongRush,Earthquake|||M|||50|,,,,,Ghost]Sinistcha||SitrusBerry|Hospitality|RagePowder,MatchaGotcha,TrickRoom,Imprison||||||50|,,,,,Water]Incineroar||SafetyGoggles|Intimidate|FakeOut,KnockOff,HelpingHand,PartingShot|||M|||50|,,,,,Ghost
|inactive|Battle timer is ON: inactive players will automatically lose when time's up. (requested by Llama_Llord)
|inactive|Llama_Llord has 60 seconds left.
|inactive|Testing mic 123456 has 60 seconds left.
|
|t:|1757030978
|teamsize|p1|4
|teamsize|p2|4
|start
|switch|p1a: Talonflame|Talonflame, L50, M|100/100
|switch|p1b: Gholdengo|Gholdengo, L50|100/100
|switch|p2a: Incineroar|Incineroar, L50, M|100/100
|switch|p2b: Basculegion|Basculegion, L50, M|100/100
|-ability|p2a: Incineroar|Intimidate|boost
|-unboost|p1a: Talonflame|atk|1
|-unboost|p1b: Gholdengo|atk|1
|turn|1
|inactive|Testing mic 123456 has 30 seconds left.
|
|t:|1757031011
|-terastallize|p2b: Basculegion|Water
|move|p2a: Incineroar|Helping Hand|p2b: Basculegion
|-singleturn|p2b: Basculegion|Helping Hand|[of] p2a: Incineroar
|move|p1a: Talonflame|Tailwind|p1a: Talonflame
|-sidestart|p1: Llama_Llord|move: Tailwind
|move|p1b: Gholdengo|Shadow Ball|p2b: Basculegion
|-damage|p2b: Basculegion|30/100
|move|p2b: Basculegion|Flip Turn|p1b: Gholdengo
|-damage|p1b: Gholdengo|0 fnt
|faint|p1b: Gholdengo
|
|t:|1757031024
|switch|p2b: Archaludon|Archaludon, L50, M|100/100|[from] Flip Turn
|
|upkeep
|
|t:|1757031030
|switch|p1b: Garchomp|Garchomp, L50, F|100/100
|turn|2
|inactive|Llama_Llord has 30 seconds left.
|
|t:|1757031057
|move|p1a: Talonflame|Taunt|p2a: Incineroar
|-start|p2a: Incineroar|move: Taunt
|move|p1b: Garchomp|Stomping Tantrum|p2b: Archaludon
|-supereffective|p2b: Archaludon
|-damage|p2b: Archaludon|16/100
|-damage|p1b: Garchomp|91/100|[from] item: Life Orb
|move|p2b: Archaludon|Electro Shot||[still]
|-prepare|p2b: Archaludon|Electro Shot
|-boost|p2b: Archaludon|spa|1
|-enditem|p2b: Archaludon|Power Herb
|-anim|p2b: Archaludon|Electro Shot|p1a: Talonflame
|-supereffective|p1a: Talonflame
|-damage|p1a: Talonflame|0 fnt
|faint|p1a: Talonflame
|cant|p2a: Incineroar|move: Taunt|Parting Shot
|
|upkeep
|
|t:|1757031066
|switch|p1a: Tyranitar|Tyranitar, L50, M|100/100
|-weather|Sandstorm|[from] ability: Sand Stream|[of] p1a: Tyranitar
|turn|3
|
|t:|1757031084
|switch|p2a: Pelipper|Pelipper, L50, M|100/100
|-weather|RainDance|[from] ability: Drizzle|[of] p2a: Pelipper
|-terastallize|p1a: Tyranitar|Flying
|move|p1b: Garchomp|Earthquake|p2b: Archaludon|[spread] p2b
|-immune|p1a: Tyranitar
|-immune|p2a: Pelipper
|-supereffective|p2b: Archaludon
|-damage|p2b: Archaludon|0 fnt
|faint|p2b: Archaludon
|-damage|p1b: Garchomp|81/100|[from] item: Life Orb
|move|p1a: Tyranitar|Rock Slide|p2a: Pelipper
|-supereffective|p2a: Pelipper
|-enditem|p2a: Pelipper|Focus Sash
|-damage|p2a: Pelipper|1/100
|
|-weather|RainDance|[upkeep]
|upkeep
|
|t:|1757031107
|switch|p2b: Incineroar|Incineroar, L50, M|100/100
|-ability|p2b: Incineroar|Intimidate|boost
|-unboost|p1a: Tyranitar|atk|1
|-unboost|p1b: Garchomp|atk|1
|turn|4
|
|t:|1757031121
|move|p2a: Pelipper|Protect|p2a: Pelipper
|-singleturn|p2a: Pelipper|Protect
|move|p1b: Garchomp|Dragon Claw|p2a: Pelipper
|-activate|p2a: Pelipper|move: Protect
|move|p1a: Tyranitar|Rock Slide|p2b: Incineroar|[spread] p2b
|-activate|p2a: Pelipper|move: Protect
|-supereffective|p2b: Incineroar
|-damage|p2b: Incineroar|68/100
|move|p2b: Incineroar|Parting Shot|p1a: Tyranitar
|-unboost|p1a: Tyranitar|atk|1
|-unboost|p1a: Tyranitar|spa|1
|
|t:|1757031133
|switch|p2b: Basculegion|Basculegion, L50, M, tera:Water|30/100|[from] Parting Shot
|
|-weather|RainDance|[upkeep]
|-sideend|p1: Llama_Llord|move: Tailwind
|upkeep
|turn|5
|inactive|Testing mic 123456 has 30 seconds left.
|
|t:|1757031162
|switch|p2a: Incineroar|Incineroar, L50, M|68/100
|-ability|p2a: Incineroar|Intimidate|boost
|-unboost|p1a: Tyranitar|atk|1
|-unboost|p1b: Garchomp|atk|1
|move|p2b: Basculegion|Flip Turn|p1a: Tyranitar
|-damage|p1a: Tyranitar|16/100
|
|t:|1757031169
|switch|p2b: Pelipper|Pelipper, L50, M|1/100|[from] Flip Turn
|move|p1b: Garchomp|Dragon Claw|p2b: Pelipper
|-damage|p2b: Pelipper|0 fnt
|faint|p2b: Pelipper
|-damage|p1b: Garchomp|71/100|[from] item: Life Orb
|move|p1a: Tyranitar|Rock Slide|p2a: Incineroar
|-supereffective|p2a: Incineroar
|-damage|p2a: Incineroar|40/100
|
|-weather|RainDance|[upkeep]
|upkeep
|inactive|Testing mic 123456 has 30 seconds left.
|
|t:|1757031198
|switch|p2b: Basculegion|Basculegion, L50, M, tera:Water|30/100
|turn|6
|inactive|Testing mic 123456 has 30 seconds left.
|
|t:|1757031228
|move|p2a: Incineroar|Fake Out|p1a: Tyranitar
|-damage|p1a: Tyranitar|5/100
|move|p2b: Basculegion|Last Respects|p1b: Garchomp
|-damage|p1b: Garchomp|0 fnt
|faint|p1b: Garchomp
|cant|p1a: Tyranitar|flinch
|
|-weather|RainDance|[upkeep]
|upkeep
|turn|7
|
|t:|1757031240
|move|p2b: Basculegion|Last Respects|p1a: Tyranitar
|-damage|p1a: Tyranitar|0 fnt
|faint|p1a: Tyranitar
|
|win|Testing mic 123456
||Testing mic 123456 is ready for game 2.
