|j|☆k8mck
|j|☆ColustrioVGC
|html|k8mckColustrioVGC    
|uhtml|bestof|Game 1 of a best-of-3
|t:|1756929613
|gametype|doubles
|player|p1|k8mck|2|
|player|p2|ColustrioVGC|265|
|gen|9
|tier|[Gen 9] VGC 2025 Reg H (Bo3)
|rule|Species Clause: Limit one of each Pokémon
|rule|Item Clause: Limit 1 of each item
|clearpoke
|poke|p1|Sneasler, L50, M|
|poke|p1|Ursaluna-Bloodmoon, L50, M|
|poke|p1|Volcarona, L50, M|
|poke|p1|Whimsicott, L50, M|
|poke|p1|Indeedee, L50, M|
|poke|p1|Typhlosion-Hisui, L50, M|
|poke|p2|Indeedee-F, L50, F|
|poke|p2|Hatterene, L50, F|
|poke|p2|Gallade, L50, M|
|poke|p2|Ursaluna-Bloodmoon, L50, M|
|poke|p2|Torkoal, L50, F|
|poke|p2|Sneasler, L50, M|
|teampreview|4
|showteam|p1|Sneasler||PsychicSeed|Unburden|Protect,Taunt,DireClaw,CloseCombat|||M|||50|,,,,,Dark]Ursaluna-Bloodmoon||LifeOrb|MindsEye|EarthPower,BloodMoon,Protect,HyperVoice|||M|||50|,,,,,Normal]Volcarona||SitrusBerry|FlameBody|FieryDance,GigaDrain,RagePowder,Protect|||M|||50|,,,,,Water]Whimsicott||CovertCloak|Prankster|SunnyDay,HelpingHand,Tailwind,Moonblast|||M|||50|,,,,,Poison]Indeedee||FocusSash|PsychicSurge|Protect,Imprison,TrickRoom,ExpandingForce|||M|||50|,,,,,Fairy]Typhlosion-Hisui||ChoiceSpecs|Blaze|Eruption,HeatWave,Overheat,ShadowBall|||M|||50|,,,,,Fire
|showteam|p2|Indeedee-F||RockyHelmet|PsychicSurge|TrickRoom,Protect,FollowMe,Psychic|||F|||50|,,,,,Fairy]Hatterene||LifeOrb|MagicBounce|ExpandingForce,DazzlingGleam,TrickRoom,Protect|||F|||50|,,,,,Fire]Gallade||ClearAmulet|Sharpness|SacredSword,PsychoCut,WideGuard,TrickRoom|||M|||50|,,,,,Fire]Ursaluna-Bloodmoon||AssaultVest|MindsEye|BloodMoon,HyperVoice,Moonblast,EarthPower|||M|||50|,,,,,Normal]Torkoal||EjectPack|Drought|Eruption,Overheat,HeatWave,Protect|||F|||50|,,,,,Fire]Sneasler||PsychicSeed|Unburden|DireClaw,CloseCombat,Protect,ThroatChop|||M|||50|,,,,,Dark
|inactive|Battle timer is ON: inactive players will automatically lose when time's up. (requested by ColustrioVGC)
|inactive|k8mck has 60 seconds left.
|inactive|ColustrioVGC has 60 seconds left.
|
|t:|1756929660
|teamsize|p1|4
|teamsize|p2|4
|start
|switch|p1a: Indeedee|Indeedee, L50, M|100/100
|switch|p1b: Typhlosion|Typhlosion-Hisui, L50, M|100/100
|switch|p2a: Indeedee|Indeedee-F, L50, F|100/100
|switch|p2b: Gallade|Gallade, L50, M, shiny|100/100
|-fieldstart|move: Psychic Terrain|[from] ability: Psychic Surge|[of] p1a: Indeedee
|turn|1
|inactive|k8mck has 30 seconds left.
|
|t:|1756929687
|move|p2b: Gallade|Wide Guard|p2b: Gallade
|-singleturn|p2b: Gallade|Wide Guard
|move|p1b: Typhlosion|Shadow Ball|p2b: Gallade
|-supereffective|p2b: Gallade
|-damage|p2b: Gallade|0 fnt
|faint|p2b: Gallade
|move|p1a: Indeedee|Imprison|p1a: Indeedee
|-start|p1a: Indeedee|move: Imprison
|move|p2a: Indeedee|Psychic|p1b: Typhlosion
|-damage|p1b: Typhlosion|45/100
|
|upkeep
|
|t:|1756929698
|switch|p2b: Hatterene|Hatterene, L50, F, shiny|100/100
|turn|2
|
|t:|1756929712
|move|p2a: Indeedee|Follow Me|p2a: Indeedee
|-singleturn|p2a: Indeedee|move: Follow Me
|move|p1a: Indeedee|Expanding Force|p2a: Indeedee|[spread] p2a,p2b
|-resisted|p2a: Indeedee
|-resisted|p2b: Hatterene
|-damage|p2a: Indeedee|80/100
|-damage|p2b: Hatterene|73/100
|move|p1b: Typhlosion|Shadow Ball|p2a: Indeedee
|-immune|p2a: Indeedee
|move|p2b: Hatterene|Dazzling Gleam|p1b: Typhlosion|[spread] p1a,p1b
|-resisted|p1b: Typhlosion
|-damage|p1a: Indeedee|45/100
|-damage|p1b: Typhlosion|15/100
|-damage|p2b: Hatterene|64/100|[from] item: Life Orb
|
|upkeep
|turn|3
|inactive|k8mck has 30 seconds left.
|inactive|ColustrioVGC has 30 seconds left.
|
|t:|1756929741
|move|p1a: Indeedee|Protect|p1a: Indeedee
|-singleturn|p1a: Indeedee|Protect
|move|p2a: Indeedee|Follow Me|p2a: Indeedee
|-singleturn|p2a: Indeedee|move: Follow Me
|move|p1b: Typhlosion|Shadow Ball|p2a: Indeedee
|-immune|p2a: Indeedee
|move|p2b: Hatterene|Dazzling Gleam|p1b: Typhlosion|[spread] p1b
|-activate|p1a: Indeedee|move: Protect
|-resisted|p1b: Typhlosion
|-damage|p1b: Typhlosion|0 fnt
|faint|p1b: Typhlosion
|-damage|p2b: Hatterene|54/100|[from] item: Life Orb
|
|upkeep
|
|t:|1756929758
|switch|p1b: Sneasler|Sneasler, L50, M|100/100
|-enditem|p1b: Sneasler|Psychic Seed
|-boost|p1b: Sneasler|spd|1|[from] item: Psychic Seed
|turn|4
|
|t:|1756929772
|-terastallize|p2b: Hatterene|Fire
|move|p1b: Sneasler|Protect|p1b: Sneasler
|-singleturn|p1b: Sneasler|Protect
|move|p1a: Indeedee|Expanding Force|p2a: Indeedee|[spread] p2a,p2b
|-resisted|p2a: Indeedee
|-damage|p2a: Indeedee|60/100
|-damage|p2b: Hatterene|1/100
|move|p2a: Indeedee|Psychic|p1b: Sneasler
|-activate|p1b: Sneasler|move: Protect
|move|p2b: Hatterene|Dazzling Gleam|p1a: Indeedee|[spread] p1a
|-activate|p1b: Sneasler|move: Protect
|-damage|p1a: Indeedee|0 fnt
|faint|p1a: Indeedee
|-damage|p2b: Hatterene|0 fnt|[from] item: Life Orb
|faint|p2b: Hatterene
|
|upkeep
|
|t:|1756929786
|switch|p1a: Volcarona|Volcarona, L50, M|100/100
|switch|p2b: Torkie Poo|Torkoal, L50, F|100/100
|-weather|SunnyDay|[from] ability: Drought|[of] p2b: Torkie Poo
|turn|5
|
|t:|1756929810
|-terastallize|p1b: Sneasler|Dark
|move|p2a: Indeedee|Follow Me|p2a: Indeedee
|-singleturn|p2a: Indeedee|move: Follow Me
|move|p1b: Sneasler|Close Combat|p2a: Indeedee
|-damage|p2a: Indeedee|0 fnt
|-unboost|p1b: Sneasler|def|1
|-unboost|p1b: Sneasler|spd|1
|-damage|p1b: Sneasler|84/100|[from] item: Rocky Helmet|[of] p2a: Indeedee
|faint|p2a: Indeedee
|move|p1a: Volcarona|Fiery Dance|p2b: Torkie Poo
|-resisted|p2b: Torkie Poo
|-damage|p2b: Torkie Poo|62/100
|-boost|p1a: Volcarona|spa|1
|move|p2b: Torkie Poo|Eruption|p1b: Sneasler|[spread] p1a,p1b
|-damage|p1a: Volcarona|57/100
|-damage|p1b: Sneasler|24/100
|
|-weather|SunnyDay|[upkeep]
|-fieldend|move: Psychic Terrain
|upkeep
|turn|6
|
|t:|1756929831
|move|p1b: Sneasler|Close Combat|p2b: Torkie Poo
|-damage|p2b: Torkie Poo|9/100
|-unboost|p1b: Sneasler|def|1
|-unboost|p1b: Sneasler|spd|1
|move|p1a: Volcarona|Fiery Dance|p2b: Torkie Poo
|-resisted|p2b: Torkie Poo
|-damage|p2b: Torkie Poo|0 fnt
|-boost|p1a: Volcarona|spa|1
|faint|p2b: Torkie Poo
|
|win|k8mck
||k8mck is ready for game 2.
|l|☆ColustrioVGC
|player|p2|
