|j|☆Chirpin' Chatots
|j|☆pokemytle
|html|Chirpin' Chatotspokemytle    
|uhtml|bestof|Game 3 of a best-of-3
|t:|1783642990
|gametype|doubles
|player|p1|Chirpin' Chatots|2|
|player|p2|pokemytle|170|
|gen|9
|tier|[Gen 9 Champions] VGC 2026 Reg M-B (Bo3)
|rule|Species Clause: Limit one of each Pokémon
|rule|Item Clause: Limit 1 of each item
|clearpoke
|poke|p1|Orthworm, L50, M, shiny|
|poke|p1|Jolteon, L50, M|
|poke|p1|Audino, L50, F, shiny|
|poke|p1|Sinistcha, L50, shiny|
|poke|p1|Klefki, L50, M|
|poke|p1|Charizard, L50, F, shiny|
|poke|p2|Archaludon, L50, M|
|poke|p2|Basculegion, L50, M|
|poke|p2|Pelipper, L50, M|
|poke|p2|Maushold, L50|
|poke|p2|Swampert, L50, F|
|poke|p2|Talonflame, L50, F|
|teampreview|4
|showteam|p1|Orthworm||SitrusBerry|EarthEater|ShedTail,IronDefense,BodyPress,RockSlide|Careful||M|||50|]Jolteon||ChoiceScarf|VoltAbsorb|Discharge,Thunderbolt,VoltSwitch,HelpingHand|Rash||M|||50|]Audino||BrightPowder|Healer|Yawn,GrassKnot,HelpingHand,HealPulse|Bold||F|||50|]Sinistcha||WideLens|Hospitality|MatchaGotcha,LifeDew,CalmMind,IronDefense|Bold|||||50|]Klefki||MentalHerb|Prankster|SunnyDay,LightScreen,ThunderWave,Torment|Relaxed||M|||50|]Charizard||CharizarditeX|SolarPower|HelpingHand,HeatWave,SolarBeam,Bulldoze|Modest||F|||50|
|showteam|p2|Archaludon||SitrusBerry|Stamina|DracoMeteor,FlashCannon,DragonTail,ElectroShot|Naive||M|||50|]Basculegion||ChoiceScarf|Adaptability|WaveCrash,LastRespects,FlipTurn,AquaJet|Jolly||M|||50|]Pelipper||FocusSash|Drizzle|Tailwind,Surf,WeatherBall,Hurricane|Modest||M|||50|]Maushold||Leftovers|FriendGuard|Encore,Taunt,FollowMe,HelpingHand|Timid|||||50|]Swampert||Swampertite|Torrent|Earthquake,RockSlide,WaveCrash,Liquidation|Adamant||F|||50|]Talonflame||LifeOrb|FlameBody|BraveBird,FlameCharge,FlareBlitz,RainDance|Jolly||F|||50|
|c|☆Chirpin' Chatots|hype atm
|
|t:|1783643029
|teamsize|p1|4
|teamsize|p2|4
|start
|switch|p1a: Keigo Asano|Klefki, L50, M|100/100
|switch|p1b: Yasutora Sado|Orthworm, L50, M, shiny|100/100
|switch|p2a: Pelipper|Pelipper, L50, M|100/100
|switch|p2b: Archaludon|Archaludon, L50, M|100/100
|-weather|RainDance|[from] ability: Drizzle|[of] p2a: Pelipper
|turn|1
|
|t:|1783643085
|move|p1a: Keigo Asano|Sunny Day|p1a: Keigo Asano
|-weather|SunnyDay
|move|p2b: Archaludon|Electro Shot||[still]
|-prepare|p2b: Archaludon|Electro Shot
|-boost|p2b: Archaludon|spa|1
|move|p1b: Yasutora Sado|Iron Defense|p1b: Yasutora Sado
|-boost|p1b: Yasutora Sado|def|2
|move|p2a: Pelipper|Tailwind|p2a: Pelipper
|-sidestart|p2: pokemytle|move: Tailwind
|
|-weather|SunnyDay|[upkeep]
|upkeep
|turn|2
|
|t:|1783643116
|move|p1a: Keigo Asano|Torment|p2b: Archaludon
|-start|p2b: Archaludon|Torment
|move|p2b: Archaludon|Electro Shot|p1b: Yasutora Sado|[from] lockedmove
|-damage|p1b: Yasutora Sado|25/100
|-enditem|p1b: Yasutora Sado|Sitrus Berry|[eat]
|-heal|p1b: Yasutora Sado|50/100y|[from] item: Sitrus Berry
|move|p2a: Pelipper|Weather Ball|p1a: Keigo Asano
|-supereffective|p1a: Keigo Asano|1
|-damage|p1a: Keigo Asano|0 fnt
|faint|p1a: Keigo Asano
|move|p1b: Yasutora Sado|Iron Defense|p1b: Yasutora Sado
|-boost|p1b: Yasutora Sado|def|2
|
|-weather|SunnyDay|[upkeep]
|upkeep
|c|☆Chirpin' Chatots|it still goes through?
|c|☆Chirpin' Chatots|RIP
|
|t:|1783643134
|switch|p1a: Malsumis|Sinistcha, L50, shiny|100/100
|-heal|p1b: Yasutora Sado|74/100|[from] ability: Hospitality|[of] p1a: Malsumis
|turn|3
|
|t:|1783643159
|switch|p2a: Swampert|Swampert, L50, F|100/100
|move|p1a: Malsumis|Life Dew||[still]|[spread] p1a,p1b
|-fail|p1a: Malsumis|heal
|-heal|p1b: Yasutora Sado|100/100
|move|p1b: Yasutora Sado|Body Press|p2b: Archaludon
|-supereffective|p2b: Archaludon|1
|-damage|p2b: Archaludon|0 fnt
|faint|p2b: Archaludon
|
|-weather|SunnyDay|[upkeep]
|upkeep
|
|t:|1783643171
|switch|p2b: Pelipper|Pelipper, L50, M|100/100
|-weather|RainDance|[from] ability: Drizzle|[of] p2b: Pelipper
|turn|4
|c|☆Chirpin' Chatots|CHAD
|
|t:|1783643209
|detailschange|p2a: Swampert|Swampert-Mega, L50, F
|-mega|p2a: Swampert|Swampert|Swampertite
|move|p2a: Swampert|Earthquake|p1b: Yasutora Sado|[spread] p1a
|-immune|p1b: Yasutora Sado|[from] ability: Earth Eater
|-immune|p2b: Pelipper
|-resisted|p1a: Malsumis|1
|-damage|p1a: Malsumis|84/100
|move|p2b: Pelipper|Hurricane|p1a: Malsumis
|-supereffective|p1a: Malsumis|1
|-damage|p1a: Malsumis|0 fnt
|faint|p1a: Malsumis
|move|p1b: Yasutora Sado|Rock Slide|p2a: Swampert|[spread] p2a,p2b
|-resisted|p2a: Swampert|1
|-supereffective|p2b: Pelipper|1
|-damage|p2a: Swampert|93/100
|-damage|p2b: Pelipper|74/100
|
|-weather|RainDance|[upkeep]
|-sideend|p2: pokemytle|move: Tailwind
|upkeep
|
|t:|1783643224
|switch|p1a: La Muerte|Jolteon, L50, M|100/100
|turn|5
|
|t:|1783643254
|move|p1a: La Muerte|Thunderbolt|p2b: Pelipper
|-supereffective|p2b: Pelipper|2
|-damage|p2b: Pelipper|0 fnt
|faint|p2b: Pelipper
|move|p2a: Swampert|Earthquake|p1b: Yasutora Sado|[spread] p1a
|-immune|p1b: Yasutora Sado|[from] ability: Earth Eater
|-supereffective|p1a: La Muerte|1
|-damage|p1a: La Muerte|0 fnt
|faint|p1a: La Muerte
|move|p1b: Yasutora Sado|Body Press|p2a: Swampert
|-damage|p2a: Swampert|12/100
|
|-weather|RainDance|[upkeep]
|upkeep
|
|t:|1783643265
|switch|p2b: Basculegion|Basculegion, L50, M|100/100
|turn|6
|c|☆Chirpin' Chatots|GG
|
|t:|1783643283
|move|p2a: Swampert|Earthquake|p1b: Yasutora Sado|[spread] p2b
|-immune|p1b: Yasutora Sado|[from] ability: Earth Eater
|-damage|p2b: Basculegion|35/100
|move|p2b: Basculegion|Last Respects|p1b: Yasutora Sado
|-damage|p1b: Yasutora Sado|77/100
|move|p1b: Yasutora Sado|Rock Slide|p2a: Swampert|[spread] p2a,p2b
|-resisted|p2a: Swampert|1
|-damage|p2a: Swampert|7/100
|-damage|p2b: Basculegion|21/100
|
|-weather|RainDance|[upkeep]
|upkeep
|turn|7
|
|t:|1783643297
|move|p2a: Swampert|Wave Crash|p1b: Yasutora Sado
|-damage|p1b: Yasutora Sado|50/100y
|-damage|p2a: Swampert|0 fnt|[from] Recoil
|faint|p2a: Swampert
|move|p2b: Basculegion|Last Respects|p1b: Yasutora Sado
|-damage|p1b: Yasutora Sado|18/100
|move|p1b: Yasutora Sado|Rock Slide|p2b: Basculegion
|-damage|p2b: Basculegion|1/100
|
|-weather|RainDance|[upkeep]
|upkeep
|turn|8
|
|t:|1783643312
|move|p2b: Basculegion|Last Respects|p1b: Yasutora Sado
|-crit|p1b: Yasutora Sado
|-damage|p1b: Yasutora Sado|0 fnt
|faint|p1b: Yasutora Sado
|
|win|pokemytle
|c|☆Chirpin' Chatots|insane
