|j|☆martinezgg
|j|☆kst kampfi
|html|martinezggkst kampfi    
|uhtml|bestof|Game 1 of a best-of-3
|t:|1783751492
|gametype|doubles
|player|p1|martinezgg|bruno|1040
|player|p2|kst kampfi|colress|1055
|gen|9
|tier|[Gen 9 Champions] VGC 2026 Reg M-B (Bo3)
|rated|
|rule|Species Clause: Limit one of each Pokémon
|rule|Item Clause: Limit 1 of each item
|clearpoke
|poke|p1|Excadrill, L50, F, shiny|
|poke|p1|Tyranitar, L50, F, shiny|
|poke|p1|Corviknight, L50, M, shiny|
|poke|p1|Hydreigon, L50, M, shiny|
|poke|p1|Scovillain, L50, M, shiny|
|poke|p1|Houndstone, L50, M, shiny|
|poke|p2|Floette-Eternal, L50, F|
|poke|p2|Sneasler, L50, F|
|poke|p2|Sinistcha, L50|
|poke|p2|Grimmsnarl, L50, M|
|poke|p2|Incineroar, L50, F|
|poke|p2|Rotom-Wash, L50|
|teampreview|4
|showteam|p1|Excadrill||FocusSash|SandRush|Earthquake,IronHead,RockSlide,Protect|Adamant||F|||50|]Tyranitar||Tyranitarite|SandStream|RockSlide,KnockOff,LowKick,Protect|Adamant||F|||50|]Corviknight||Leftovers|MirrorArmor|BraveBird,BulkUp,Roost,Tailwind|Careful||M|||50|]Hydreigon||ChoiceScarf|Levitate|DracoMeteor,DarkPulse,HeatWave,Snarl|Modest||M|||50|]Scovillain||Scovillainite|Moody|Overheat,GigaDrain,RagePowder,Protect|Calm||M|||50|]Houndstone||LifeOrb|SandRush|LastRespects,Disable,ShadowSneak,Protect|Adamant||M|||50|
|showteam|p2|Floette-Eternal||Floettite|FlowerVeil|DazzlingGleam,DrainingKiss,CalmMind,Protect|Bold||F|||50|]Sneasler||FocusSash|Unburden|DireClaw,CloseCombat,Coaching,FakeOut|Jolly||F|||50|]Sinistcha||OccaBerry|Hospitality|MatchaGotcha,LifeDew,RagePowder,TrickRoom|Calm|||||50|]Grimmsnarl||LightClay|Prankster|FoulPlay,PartingShot,LightScreen,ScaryFace|Calm||M|||50|]Incineroar||SitrusBerry|Intimidate|FlareBlitz,Taunt,FakeOut,PartingShot|Careful||F|||50|]Rotom-Wash||Magnet|Levitate|HydroPump,Thunderbolt,Protect,VoltSwitch|Modest|||||50|
|inactive|Battle timer is ON: inactive players will automatically lose when time's up. (requested by kst kampfi)
|inactive|martinezgg has 60 seconds left.
|inactive|kst kampfi has 60 seconds left.
|inactive|martinezgg has 30 seconds left.
|
|t:|1783751562
|teamsize|p1|4
|teamsize|p2|4
|start
|switch|p1a: Corviknight|Corviknight, L50, M, shiny|100/100
|switch|p1b: Scovillain|Scovillain, L50, M, shiny|100/100
|switch|p2a: Floette|Floette-Eternal, L50, F|100/100
|switch|p2b: Sneasler|Sneasler, L50, F|100/100
|turn|1
|
|t:|1783751584
|detailschange|p2a: Floette|Floette-Mega, L50, F
|-mega|p2a: Floette|Floette|Floettite
|-ability|p2a: Floette|Fairy Aura
|move|p1b: Scovillain|Protect|p1b: Scovillain
|-singleturn|p1b: Scovillain|Protect
|move|p2b: Sneasler|Fake Out|p1a: Corviknight
|-resisted|p1a: Corviknight|1
|-damage|p1a: Corviknight|94/100
|move|p2a: Floette|Calm Mind|p2a: Floette
|-boost|p2a: Floette|spa|1
|-boost|p2a: Floette|spd|1
|cant|p1a: Corviknight|flinch
|
|-heal|p1a: Corviknight|100/100|[from] item: Leftovers
|-ability|p1b: Scovillain|Moody|boost
|-boost|p1b: Scovillain|spe|2
|-unboost|p1b: Scovillain|def|1
|upkeep
|turn|2
|inactive|kst kampfi has 30 seconds left.
|
|t:|1783751611
|move|p1b: Scovillain|Overheat|p2a: Floette
|-damage|p2a: Floette|76/100
|-unboost|p1b: Scovillain|spa|2
|move|p2b: Sneasler|Coaching|p2a: Floette
|-boost|p2a: Floette|atk|1
|-boost|p2a: Floette|def|1
|move|p2a: Floette|Calm Mind|p2a: Floette
|-boost|p2a: Floette|spa|1
|-boost|p2a: Floette|spd|1
|move|p1a: Corviknight|Brave Bird|p2b: Sneasler
|-supereffective|p2b: Sneasler|1
|-enditem|p2b: Sneasler|Focus Sash
|-damage|p2b: Sneasler|1/100
|-damage|p1a: Corviknight|74/100|[from] Recoil
|
|-heal|p1a: Corviknight|80/100|[from] item: Leftovers
|-ability|p1b: Scovillain|Moody|boost
|-boost|p1b: Scovillain|spa|2
|-unboost|p1b: Scovillain|spe|1
|upkeep
|turn|3
|inactive|martinezgg has 30 seconds left.
|inactive|kst kampfi has 30 seconds left.
|inactive|martinezgg has 20 seconds left.
|inactive|martinezgg has 15 seconds left.
|
|t:|1783751654
|switch|p2b: Rotom|Rotom-Wash, L50|100/100
|switch|p1b: Tyranitar|Tyranitar, L50, F, shiny|100/100
|-weather|Sandstorm|[from] ability: Sand Stream|[of] p1b: Tyranitar
|move|p2a: Floette|Calm Mind|p2a: Floette
|-boost|p2a: Floette|spa|1
|-boost|p2a: Floette|spd|1
|move|p1a: Corviknight|Bulk Up|p1a: Corviknight
|-boost|p1a: Corviknight|atk|1
|-boost|p1a: Corviknight|def|1
|
|-weather|Sandstorm|[upkeep]
|-damage|p2a: Floette|70/100|[from] Sandstorm
|-damage|p2b: Rotom|94/100|[from] Sandstorm
|-heal|p1a: Corviknight|86/100|[from] item: Leftovers
|upkeep
|turn|4
|
|t:|1783751673
|move|p2a: Floette|Draining Kiss|p1b: Tyranitar
|-supereffective|p1b: Tyranitar|1
|-damage|p1b: Tyranitar|2/100
|-heal|p2a: Floette|100/100|[from] drain|[of] p1b: Tyranitar
|move|p1a: Corviknight|Bulk Up|p1a: Corviknight
|-boost|p1a: Corviknight|atk|1
|-boost|p1a: Corviknight|def|1
|move|p2b: Rotom|Thunderbolt|p1a: Corviknight
|-supereffective|p1a: Corviknight|1
|-damage|p1a: Corviknight|4/100
|move|p1b: Tyranitar|Rock Slide|p2a: Floette|[spread] p2a,p2b
|-damage|p2a: Floette|82/100
|-damage|p2b: Rotom|62/100
|
|-weather|Sandstorm|[upkeep]
|-damage|p2a: Floette|76/100|[from] Sandstorm
|-damage|p2b: Rotom|56/100|[from] Sandstorm
|-heal|p1a: Corviknight|10/100|[from] item: Leftovers
|upkeep
|turn|5
|inactive|martinezgg has 30 seconds left.
|inactive|kst kampfi has 30 seconds left.
|
|t:|1783751705
|switch|p2b: Incineroar|Incineroar, L50, F|100/100
|-ability|p2b: Incineroar|Intimidate|boost
|-ability|p1a: Corviknight|Mirror Armor
|-unboost|p2b: Incineroar|atk|1
|-unboost|p1b: Tyranitar|atk|1
|move|p2a: Floette|Dazzling Gleam|p1a: Corviknight|[spread] p1a,p1b
|-resisted|p1a: Corviknight|1
|-supereffective|p1b: Tyranitar|1
|-crit|p1b: Tyranitar
|-damage|p1a: Corviknight|0 fnt
|-damage|p1b: Tyranitar|0 fnt
|faint|p1a: Corviknight
|faint|p1b: Tyranitar
|
|-weather|Sandstorm|[upkeep]
|-damage|p2a: Floette|70/100|[from] Sandstorm
|-damage|p2b: Incineroar|94/100|[from] Sandstorm
|upkeep
|
|t:|1783751725
|switch|p1a: Excadrill|Excadrill, L50, F, shiny|100/100
|switch|p1b: Scovillain|Scovillain, L50, M, shiny|100/100
|turn|6
|
|t:|1783751739
|detailschange|p1b: Scovillain|Scovillain-Mega, L50, M, shiny
|-mega|p1b: Scovillain|Scovillain|Scovillainite
|move|p2b: Incineroar|Fake Out|p1a: Excadrill
|-resisted|p1a: Excadrill|1
|-damage|p1a: Excadrill|94/100
|move|p1b: Scovillain|Rage Powder|p1b: Scovillain
|-singleturn|p1b: Scovillain|move: Rage Powder
|cant|p1a: Excadrill|flinch
|move|p2a: Floette|Dazzling Gleam|p1a: Excadrill|[spread] p1a,p1b
|-resisted|p1a: Excadrill|1
|-resisted|p1b: Scovillain|1
|-damage|p1a: Excadrill|25/100
|-damage|p1b: Scovillain|49/100
|-status|p2a: Floette|brn|[from] ability: Spicy Spray|[of] p1b: Scovillain
|
|-weather|Sandstorm|[upkeep]
|-damage|p2a: Floette|64/100 brn|[from] Sandstorm
|-damage|p1b: Scovillain|43/100|[from] Sandstorm
|-damage|p2b: Incineroar|88/100|[from] Sandstorm
|-damage|p2a: Floette|58/100 brn|[from] brn
|upkeep
|turn|7
|
|t:|1783751754
|switch|p2b: Rotom|Rotom-Wash, L50|56/100
|move|p2a: Floette|Protect|p2a: Floette
|-singleturn|p2a: Floette|Protect
|move|p1b: Scovillain|Protect|p1b: Scovillain
|-singleturn|p1b: Scovillain|Protect
|move|p1a: Excadrill|Earthquake|p2a: Floette|[spread] 
|-activate|p1b: Scovillain|move: Protect
|-activate|p2a: Floette|move: Protect
|-immune|p2b: Rotom|[from] ability: Levitate
|
|-weather|none
|-damage|p2a: Floette|52/100 brn|[from] brn
|upkeep
|turn|8
|-message|martinezgg forfeited.
|
|win|kst kampfi
|l|☆martinezgg
|player|p1|
