|j|☆FinalIHave
|j|☆Luisnm01
|html|FinalIHaveLuisnm01    
|uhtml|bestof|Game 2 of a best-of-3
|t:|1785933803
|gametype|doubles
|player|p1|FinalIHave|blackbelt-gen4dp|1000
|player|p2|Luisnm01|265|1073
|gen|9
|tier|[Gen 9 Champions] VGC 2026 Reg M-B (Bo3)
|rated|
|rule|Species Clause: Limit one of each Pokémon
|rule|Item Clause: Limit 1 of each item
|clearpoke
|poke|p1|Krookodile, L50, M|
|poke|p1|Raichu, L50, F|
|poke|p1|Ninetales-Alola, L50, F|
|poke|p1|Starmie, L50|
|poke|p1|Rotom-Heat, L50|
|poke|p1|Talonflame, L50, M|
|poke|p2|Archaludon, L50, M|
|poke|p2|Pelipper, L50, F|
|poke|p2|Swampert, L50, F|
|poke|p2|Sinistcha, L50|
|poke|p2|Sableye, L50, F|
|poke|p2|Primarina, L50, M|
|teampreview|4
|showteam|p1|Krookodile||Leftovers|Intimidate|Earthquake,HighHorsepower,KnockOff,Protect|Adamant||M|||50|]Raichu||RaichuniteX|LightningRod|RisingVoltage,DazzlingGleam,FakeOut,Protect|Timid||F|||50|]Ninetales-Alola||LightClay|SnowWarning|Blizzard,DazzlingGleam,AuroraVeil,Protect|Timid||F|||50|]Starmie||MysticWater|NaturalCure|HydroPump,Blizzard,TrickRoom,Protect|Timid|||||50|]Rotom-Heat||WhiteHerb|Levitate|RisingVoltage,Overheat,VoltSwitch,Protect|Timid|||||50|]Talonflame||SitrusBerry|GaleWings|BraveBird,Tailwind,Uturn,Protect|Jolly||M|||50|
|showteam|p2|Archaludon||Leftovers|Stamina|Protect,ElectroShot,FlashCannon,DragonPulse|Modest||M|||50|]Pelipper||LifeOrb|Drizzle|Protect,Hurricane,WeatherBall,Tailwind|Timid||F|||50|]Swampert||Swampertite|Torrent|Protect,Earthquake,WaveCrash,FlipTurn|Adamant||F|||50|]Sinistcha||KasibBerry|Hospitality|RagePowder,MatchaGotcha,LifeDew,TrickRoom|Bold|||||50|]Sableye||LightClay|Prankster|LightScreen,Reflect,RainDance,Encore|Calm||F|||50|]Primarina||SitrusBerry|LiquidVoice|Protect,HyperVoice,Moonblast,CalmMind|Modest||M|||50|
|inactive|Battle timer is ON: inactive players will automatically lose when time's up. (requested by FinalIHave)
|inactive|Luisnm01 has 60 seconds left.
|
|t:|1785933877
|teamsize|p1|4
|teamsize|p2|4
|start
|switch|p1a: Talonflame|Talonflame, L50, M|100/100
|switch|p1b: Starmie|Starmie, L50|100/100
|switch|p2a: Sableye|Sableye, L50, F|100/100
|switch|p2b: Swampert|Swampert, L50, F|100/100
|turn|1
|inactive|FinalIHave has 30 seconds left.
|inactive|Luisnm01 has 30 seconds left.
|inactive|FinalIHave has 20 seconds left.
|inactive|FinalIHave has 15 seconds left.
|
|t:|1785933917
|detailschange|p2b: Swampert|Swampert-Mega, L50, F
|-mega|p2b: Swampert|Swampert|Swampertite
|move|p1a: Talonflame|Tailwind|p1a: Talonflame
|-sidestart|p1: FinalIHave|move: Tailwind
|move|p2a: Sableye|Reflect|p2a: Sableye
|-sidestart|p2: Luisnm01|Reflect
|move|p1b: Starmie|Hydro Pump|p2b: Swampert
|-damage|p2b: Swampert|45/100
|move|p2b: Swampert|Flip Turn|p1b: Starmie
|-resisted|p1b: Starmie|1
|-damage|p1b: Starmie|72/100
|
|t:|1785933925
|switch|p2b: Archaludon|Archaludon, L50, M|100/100|[from] Flip Turn
|
|upkeep
|turn|2
|
|t:|1785933947
|switch|p1a: Raichu|Raichu, L50, F|100/100
|move|p2a: Sableye|Rain Dance|p2a: Sableye
|-weather|RainDance
|move|p1b: Starmie|Hydro Pump|p2a: Sableye|[miss]
|-miss|p1b: Starmie|p2a: Sableye
|move|p2b: Archaludon|Electro Shot||[still]
|-activate|p1a: Raichu|ability: Lightning Rod
|-prepare|p2b: Archaludon|Electro Shot
|-boost|p2b: Archaludon|spa|1
|-anim|p2b: Archaludon|Electro Shot|p1a: Raichu
|-ability|p1a: Raichu|Lightning Rod|boost
|-boost|p1a: Raichu|spa|1
|
|-weather|RainDance|[upkeep]
|upkeep
|turn|3
|inactive|FinalIHave has 30 seconds left.
|inactive|Luisnm01 has 30 seconds left.
|inactive|FinalIHave has 20 seconds left.
|inactive|Luisnm01 has 20 seconds left.
|inactive|FinalIHave has 15 seconds left.
|
|t:|1785933989
|switch|p1b: Krookodile|Krookodile, L50, M|100/100
|-ability|p1b: Krookodile|Intimidate|boost
|-unboost|p2a: Sableye|atk|1
|-unboost|p2b: Archaludon|atk|1
|detailschange|p1a: Raichu|Raichu-Mega-X, L50, F
|-mega|p1a: Raichu|Raichu|Raichunite X
|-fieldstart|move: Electric Terrain|[from] ability: Electric Surge|[of] p1a: Raichu
|move|p2a: Sableye|Encore|p1b: Krookodile
|-hint|Since gen 7, Dark is immune to Prankster moves.
|-immune|p1b: Krookodile
|move|p1a: Raichu|Rising Voltage|p2a: Sableye
|-hint|Rising Voltage's BP doubled on grounded target.
|-damage|p2a: Sableye|0 fnt
|faint|p2a: Sableye
|move|p2b: Archaludon|Dragon Pulse|p1a: Raichu
|-damage|p1a: Raichu|12/100
|
|-weather|RainDance|[upkeep]
|upkeep
|
|t:|1785934014
|switch|p2a: Pelipper|Pelipper, L50, F|100/100
|turn|4
|inactive|FinalIHave has 30 seconds left.
|inactive|FinalIHave has 20 seconds left.
|
|t:|1785934050
|switch|p2a: Swampert|Swampert-Mega, L50, F|45/100
|move|p1a: Raichu|Rising Voltage|p2a: Swampert
|-immune|p2a: Swampert
|move|p1b: Krookodile|Earthquake|p2a: Swampert|[spread] p1a,p2a,p2b
|-supereffective|p1a: Raichu|1
|-supereffective|p2b: Archaludon|1
|-damage|p1a: Raichu|0 fnt
|-damage|p2a: Swampert|19/100
|-damage|p2b: Archaludon|60/100
|-ability|p2b: Archaludon|Stamina|boost
|-boost|p2b: Archaludon|def|1
|faint|p1a: Raichu
|move|p2b: Archaludon|Flash Cannon|p1b: Krookodile
|-damage|p1b: Krookodile|37/100
|
|-weather|RainDance|[upkeep]
|-heal|p1b: Krookodile|43/100|[from] item: Leftovers
|-heal|p2b: Archaludon|67/100|[from] item: Leftovers
|-sideend|p1: FinalIHave|move: Tailwind
|upkeep
|
|t:|1785934062
|switch|p1a: Starmie|Starmie, L50|72/100
|turn|5
|inactive|FinalIHave has 30 seconds left.
|inactive|Luisnm01 has 30 seconds left.
|inactive|FinalIHave has 20 seconds left.
|inactive|Luisnm01 has 20 seconds left.
|
|t:|1785934102
|move|p2a: Swampert|Protect|p2a: Swampert
|-singleturn|p2a: Swampert|Protect
|move|p1a: Starmie|Protect|p1a: Starmie
|-singleturn|p1a: Starmie|Protect
|move|p1b: Krookodile|Earthquake|p2b: Archaludon|[spread] p2b
|-activate|p1a: Starmie|move: Protect
|-activate|p2a: Swampert|move: Protect
|-supereffective|p2b: Archaludon|1
|-crit|p2b: Archaludon
|-damage|p2b: Archaludon|0 fnt
|faint|p2b: Archaludon
|
|-weather|RainDance|[upkeep]
|-heal|p1b: Krookodile|49/100|[from] item: Leftovers
|upkeep
|
|t:|1785934114
|switch|p2b: Pelipper|Pelipper, L50, F|100/100
|turn|6
|inactive|FinalIHave has 30 seconds left.
|inactive|FinalIHave has 20 seconds left.
|inactive|FinalIHave has 15 seconds left.
|
|t:|1785934158
|move|p1a: Starmie|Protect||[still]
|-fail|p1a: Starmie
|move|p2a: Swampert|Wave Crash|p1b: Krookodile
|-supereffective|p1b: Krookodile|1
|-damage|p1b: Krookodile|0 fnt
|faint|p1b: Krookodile
|-damage|p2a: Swampert|1/100|[from] Recoil
|move|p2b: Pelipper|Tailwind|p2b: Pelipper
|-sidestart|p2: Luisnm01|move: Tailwind
|
|-weather|none
|upkeep
|
|t:|1785934162
|switch|p1b: Talonflame|Talonflame, L50, M|100/100
|turn|7
|
|t:|1785934187
|move|p2a: Swampert|Protect|p2a: Swampert
|-singleturn|p2a: Swampert|Protect
|move|p1b: Talonflame|Brave Bird|p2a: Swampert
|-activate|p2a: Swampert|move: Protect
|move|p2b: Pelipper|Hurricane|p1a: Starmie
|-damage|p1a: Starmie|0 fnt
|faint|p1a: Starmie
|-damage|p2b: Pelipper|90/100|[from] item: Life Orb
|
|-fieldend|move: Electric Terrain
|upkeep
|turn|8
|
|t:|1785934201
|move|p1b: Talonflame|Brave Bird|p2a: Swampert
|-damage|p2a: Swampert|0 fnt
|faint|p2a: Swampert
|-damage|p1b: Talonflame|99/100|[from] Recoil
|move|p2b: Pelipper|Hurricane|p1b: Talonflame
|-damage|p1b: Talonflame|19/100
|-enditem|p1b: Talonflame|Sitrus Berry|[eat]
|-heal|p1b: Talonflame|44/100|[from] item: Sitrus Berry
|-damage|p2b: Pelipper|81/100|[from] item: Life Orb
|
|-sideend|p2: Luisnm01|Reflect
|upkeep
|turn|9
|
|t:|1785934211
|move|p2b: Pelipper|Hurricane|p1b: Talonflame
|-damage|p1b: Talonflame|0 fnt
|faint|p1b: Talonflame
|-damage|p2b: Pelipper|71/100|[from] item: Life Orb
|
|win|Luisnm01
|raw|FinalIHave's rating: 1000 → 1000(+0 for losing)
|raw|Luisnm01's rating: 1073 → 1096(+23 for winning)
