|j|☆EllaNoDejoDeCreer
|j|☆captantan
|html|EllaNoDejoDeCreercaptantan    
|uhtml|bestof|Game 2 of a best-of-3
|t:|1756223356
|gametype|doubles
|player|p1|EllaNoDejoDeCreer|266|1150
|player|p2|captantan|102|1133
|gen|9
|tier|[Gen 9] VGC 2025 Reg H (Bo3)
|rated|
|rule|Species Clause: Limit one of each Pokémon
|rule|Item Clause: Limit 1 of each item
|clearpoke
|poke|p1|Indeedee-F, L50, F|
|poke|p1|Hatterene, L50, F|
|poke|p1|Torkoal, L50, M|
|poke|p1|Lilligant-Hisui, L50, F|
|poke|p1|Armarouge, L50, F|
|poke|p1|Ursaluna, L50, F|
|poke|p2|Sinistcha, L50|
|poke|p2|Dragonite, L50, M|
|poke|p2|Pelipper, L50, F|
|poke|p2|Gholdengo, L50|
|poke|p2|Ursaluna, L50, M|
|poke|p2|Archaludon, L50, M|
|teampreview|4
|showteam|p1|Indeedee-F||PsychicSeed|PsychicSurge|Psychic,HelpingHand,FollowMe,TrickRoom|||F|||50|,,,,,Grass]Hatterene||LifeOrb|MagicBounce|ExpandingForce,DazzlingGleam,TrickRoom,Protect|||F|||50|,,,,,Psychic]Torkoal||Charcoal|Drought|Eruption,WeatherBall,EarthPower,Protect|||M|||50|,,,,,Fire]Lilligant-Hisui||FocusSash|Chlorophyll|SolarBlade,CloseCombat,SleepPowder,AfterYou|||F|||50|,,,,,Ghost]Armarouge||PowerHerb|FlashFire|ExpandingForce,ArmorCannon,MeteorBeam,TrickRoom|||F|||50|,,,,,Grass]Ursaluna||FlameOrb|Guts|Facade,HeadlongRush,Substitute,Protect|||F|||50|,,,,,Ghost
|showteam|p2|Sinistcha||SitrusBerry|Hospitality|LifeDew,RagePowder,TrickRoom,MatchaGotcha||||||50|,,,,,Dark]Dragonite||LoadedDice|Multiscale|ScaleShot,Haze,Tailwind,Protect|||M|||50|,,,,,Fairy]Pelipper||FocusSash|Drizzle|Protect,Hurricane,Tailwind,MuddyWater|||F|||50|,,,,,Ghost]Gholdengo||ChoiceScarf|GoodasGold|Trick,Protect,MakeItRain,ShadowBall||||||50|,,,,,Flying]Ursaluna||FlameOrb|Guts|Facade,HeadlongRush,Earthquake,Protect|||M|||50|,,,,,Ghost]Archaludon||AssaultVest|Stamina|FlashCannon,Snarl,ElectroShot,BodyPress|||M|||50|,,,,,Fighting
|
|t:|1756223374
|teamsize|p1|4
|teamsize|p2|4
|start
|switch|p1a: Indeedee|Indeedee-F, L50, F|100/100
|switch|p1b: Armarouge|Armarouge, L50, F|100/100
|switch|p2a: Gholdengo|Gholdengo, L50|100/100
|switch|p2b: Archaludon|Archaludon, L50, M|100/100
|-fieldstart|move: Psychic Terrain|[from] ability: Psychic Surge|[of] p1a: Indeedee
|-enditem|p1a: Indeedee|Psychic Seed
|-boost|p1a: Indeedee|spd|1|[from] item: Psychic Seed
|turn|1
|
|t:|1756223393
|move|p2a: Gholdengo|Make It Rain|p1a: Indeedee|[spread] p1a,p1b
|-resisted|p1b: Armarouge
|-damage|p1a: Indeedee|70/100
|-damage|p1b: Armarouge|70/100
|-unboost|p2a: Gholdengo|spa|1
|move|p2b: Archaludon|Snarl|p1a: Indeedee|[spread] p1b
|-miss|p2b: Archaludon|p1a: Indeedee
|-supereffective|p1b: Armarouge
|-damage|p1b: Armarouge|42/100
|-unboost|p1b: Armarouge|spa|1
|move|p1b: Armarouge|Meteor Beam||[still]
|-prepare|p1b: Armarouge|Meteor Beam
|-boost|p1b: Armarouge|spa|1
|-enditem|p1b: Armarouge|Power Herb
|-anim|p1b: Armarouge|Meteor Beam|p2a: Gholdengo
|-resisted|p2a: Gholdengo
|-damage|p2a: Gholdengo|73/100
|move|p1a: Indeedee|Trick Room|p1a: Indeedee
|-fieldstart|move: Trick Room|[of] p1a: Indeedee
|
|upkeep
|turn|2
|
|t:|1756223444
|switch|p2a: Ursaluna|Ursaluna, L50, M|100/100
|move|p1a: Indeedee|Helping Hand|p1b: Armarouge
|-singleturn|p1b: Armarouge|Helping Hand|[of] p1a: Indeedee
|move|p1b: Armarouge|Expanding Force|p2a: Ursaluna|[spread] p2a,p2b
|-resisted|p2b: Archaludon
|-damage|p2a: Ursaluna|0 fnt
|-damage|p2b: Archaludon|63/100
|-ability|p2b: Archaludon|Stamina|boost
|-boost|p2b: Archaludon|def|1
|faint|p2a: Ursaluna
|move|p2b: Archaludon|Snarl|p1b: Armarouge|[spread] p1a,p1b
|-supereffective|p1a: Indeedee
|-supereffective|p1b: Armarouge
|-damage|p1a: Indeedee|52/100
|-damage|p1b: Armarouge|12/100
|-unboost|p1a: Indeedee|spa|1
|-unboost|p1b: Armarouge|spa|1
|
|upkeep
|
|t:|1756223472
|switch|p2a: Pelipper|Pelipper, L50, F|100/100
|-weather|RainDance|[from] ability: Drizzle|[of] p2a: Pelipper
|turn|3
|
|t:|1756223510
|switch|p1a: Torkoal|Torkoal, L50, M|100/100
|-weather|SunnyDay|[from] ability: Drought|[of] p1a: Torkoal
|move|p1b: Armarouge|Armor Cannon|p2b: Archaludon
|-damage|p2b: Archaludon|9/100
|-unboost|p1b: Armarouge|def|1
|-unboost|p1b: Armarouge|spd|1
|-ability|p2b: Archaludon|Stamina|boost
|-boost|p2b: Archaludon|def|1
|move|p2a: Pelipper|Muddy Water|p1a: Torkoal|[spread] p1a,p1b
|-supereffective|p1a: Torkoal
|-supereffective|p1b: Armarouge
|-damage|p1a: Torkoal|62/100
|-damage|p1b: Armarouge|0 fnt
|faint|p1b: Armarouge
|move|p2b: Archaludon|Snarl|p1a: Torkoal
|-damage|p1a: Torkoal|41/100
|-unboost|p1a: Torkoal|spa|1
|
|-weather|SunnyDay|[upkeep]
|upkeep
|
|t:|1756223529
|switch|p1b: Ursaluna|Ursaluna, L50, F|100/100
|turn|4
|
|t:|1756223549
|switch|p2a: Gholdengo|Gholdengo, L50|73/100
|move|p1a: Torkoal|Eruption|p2b: Archaludon|[spread] p2a,p2b
|-supereffective|p2a: Gholdengo
|-damage|p2a: Gholdengo|20/100
|-damage|p2b: Archaludon|0 fnt
|faint|p2b: Archaludon
|move|p1b: Ursaluna|Facade|p2a: Gholdengo
|-immune|p2a: Gholdengo
|
|-weather|SunnyDay|[upkeep]
|-status|p1b: Ursaluna|brn|[from] item: Flame Orb
|upkeep
|
|t:|1756223558
|switch|p2b: Pelipper|Pelipper, L50, F|100/100
|-weather|RainDance|[from] ability: Drizzle|[of] p2b: Pelipper
|turn|5
|
|t:|1756223580
|switch|p1a: Indeedee|Indeedee-F, L50, F|52/100
|-terastallize|p1b: Ursaluna|Ghost
|move|p1b: Ursaluna|Substitute|p1b: Ursaluna
|-start|p1b: Ursaluna|Substitute
|-damage|p1b: Ursaluna|76/100 brn
|move|p2b: Pelipper|Muddy Water|p1a: Indeedee|[spread] p1a
|-miss|p2b: Pelipper|p1b: Ursaluna
|-damage|p1a: Indeedee|5/100
|move|p2a: Gholdengo|Make It Rain|p1b: Ursaluna|[spread] p1a,p1b
|-end|p1b: Ursaluna|Substitute
|-damage|p1a: Indeedee|0 fnt
|-unboost|p2a: Gholdengo|spa|1
|faint|p1a: Indeedee
|
|-weather|RainDance|[upkeep]
|-damage|p1b: Ursaluna|70/100 brn|[from] brn
|-fieldend|move: Trick Room
|-fieldend|move: Psychic Terrain
|upkeep
|
|t:|1756223598
|switch|p1a: Torkoal|Torkoal, L50, M|41/100
|-weather|SunnyDay|[from] ability: Drought|[of] p1a: Torkoal
|turn|6
|c|☆EllaNoDejoDeCreer|gg
|c|☆captantan|not over yet
|c|☆captantan|well i guess this would prob be last turn
|c|☆captantan|ggs either way
|
|t:|1756223643
|move|p2a: Gholdengo|Make It Rain|p1a: Torkoal|[spread] p1a,p1b
|-resisted|p1a: Torkoal
|-damage|p1a: Torkoal|19/100
|-damage|p1b: Ursaluna|44/100 brn
|-unboost|p2a: Gholdengo|spa|1
|move|p2b: Pelipper|Muddy Water|p1b: Ursaluna|[spread] p1b
|-miss|p2b: Pelipper|p1a: Torkoal
|-damage|p1b: Ursaluna|33/100 brn
|move|p1b: Ursaluna|Headlong Rush|p2a: Gholdengo
|-supereffective|p2a: Gholdengo
|-damage|p2a: Gholdengo|0 fnt
|-unboost|p1b: Ursaluna|def|1
|-unboost|p1b: Ursaluna|spd|1
|faint|p2a: Gholdengo
|move|p1a: Torkoal|Eruption|p2b: Pelipper
|-resisted|p2b: Pelipper
|-damage|p2b: Pelipper|83/100
|
|-weather|SunnyDay|[upkeep]
|-damage|p1b: Ursaluna|27/100 brn|[from] brn
|upkeep
|turn|7
|
|t:|1756223668
|move|p2b: Pelipper|Protect|p2b: Pelipper
|-singleturn|p2b: Pelipper|Protect
|move|p1b: Ursaluna|Facade|p2b: Pelipper
|-activate|p2b: Pelipper|move: Protect
|move|p1a: Torkoal|Weather Ball|p2b: Pelipper
|-activate|p2b: Pelipper|move: Protect
|
|-weather|SunnyDay|[upkeep]
|-damage|p1b: Ursaluna|21/100 brn|[from] brn
|upkeep
|turn|8
|
|t:|1756223681
|-terastallize|p2b: Pelipper|Ghost
|move|p2b: Pelipper|Muddy Water|p1b: Ursaluna|[spread] p1a
|-miss|p2b: Pelipper|p1b: Ursaluna
|-supereffective|p1a: Torkoal
|-damage|p1a: Torkoal|0 fnt
|faint|p1a: Torkoal
|move|p1b: Ursaluna|Facade|p2b: Pelipper
|-immune|p2b: Pelipper
|
|-weather|SunnyDay|[upkeep]
|-damage|p1b: Ursaluna|15/100 brn|[from] brn
|upkeep
|turn|9
|
|t:|1756223695
|move|p2b: Pelipper|Protect|p2b: Pelipper
|-singleturn|p2b: Pelipper|Protect
|move|p1b: Ursaluna|Headlong Rush|p2b: Pelipper
|-activate|p2b: Pelipper|move: Protect
|
|-weather|SunnyDay|[upkeep]
|-damage|p1b: Ursaluna|9/100 brn|[from] brn
|upkeep
|turn|10
|
|t:|1756223697
|move|p2b: Pelipper|Muddy Water|p1b: Ursaluna
|-damage|p1b: Ursaluna|0 fnt
|faint|p1b: Ursaluna
|
|win|captantan
|raw|EllaNoDejoDeCreer's rating: 1150 → 1124(-26 for losing)
|raw|captantan's rating: 1133 → 1159(+26 for winning)
|l|☆EllaNoDejoDeCreer
|player|p1|
|c|☆captantan|ggs
