|j|☆WowieKazowee
|j|☆Island_Bandit34
|html|WowieKazoweeIsland_Bandit34    
|uhtml|bestof|Game 2 of a best-of-3
|t:|1757147855
|gametype|doubles
|player|p1|WowieKazowee|idol|1116
|player|p2|Island_Bandit34|102|1000
|gen|9
|tier|[Gen 9] VGC 2025 Reg H (Bo3)
|rated|
|rule|Species Clause: Limit one of each Pokémon
|rule|Item Clause: Limit 1 of each item
|clearpoke
|poke|p1|Politoed, L50, M|
|poke|p1|Archaludon, L50, F|
|poke|p1|Basculegion, L50, M|
|poke|p1|Farigiraf, L50, M|
|poke|p1|Ursaluna, L50, M|
|poke|p1|Amoonguss, L50, M|
|poke|p2|Clefairy, L50, F|
|poke|p2|Typhlosion-Hisui, L50, M|
|poke|p2|Whimsicott, L50, F|
|poke|p2|Gholdengo, L50|
|poke|p2|Tyranitar, L50, M|
|poke|p2|Excadrill, L50, M|
|teampreview|4
|showteam|p1|Politoed||Leftovers|Drizzle|WeatherBall,HelpingHand,RainDance,Protect|||M|||50|,,,,,Grass]Archaludon||AssaultVest|Stamina|ElectroShot,DracoMeteor,FlashCannon,BodyPress|||F|||50|,,,,,Grass]Basculegion||MysticWater|SwiftSwim|WaveCrash,LastRespects,AquaJet,Protect|||M|||50|,,,,,Water]Farigiraf||MentalHerb|ArmorTail|FoulPlay,TrickRoom,HelpingHand,Protect|||M|||50|,,,,,Dark]Ursaluna||FlameOrb|Guts|Facade,HeadlongRush,SwordsDance,Protect|||M|||50|,,,,,Ghost]Amoonguss||RockyHelmet|Regenerator|Spore,RagePowder,PollenPuff,ClearSmog|||M|||50|,,,,,Water
|showteam|p2|Clefairy||FocusSash|FriendGuard|FollowMe,Encore,HelpingHand,Protect|||F|||50|,,,,,Electric]Typhlosion-Hisui||ChoiceSpecs|Frisk|Eruption,Overheat,HeatWave,ShadowBall|||M|||50|,,,,,Fire]Whimsicott||CovertCloak|Prankster|Moonblast,Encore,Tailwind,LightScreen|||F|||50|,,,,,Fire]Gholdengo||RockyHelmet|GoodasGold|MakeItRain,NastyPlot,Protect,ShadowBall||||||50|,,,,,Water]Tyranitar||AssaultVest|SandStream|RockSlide,LowKick,KnockOff,TeraBlast|||M|||50|,,,,,Flying]Excadrill||Leftovers|SandRush|StealthRock,Earthquake,IronHead,RapidSpin|||M|||50|,,,,,Dragon
|
|t:|1757147877
|teamsize|p1|4
|teamsize|p2|4
|start
|switch|p1a: Politoed|Politoed, L50, M|100/100
|switch|p1b: Basculegion|Basculegion, L50, M|100/100
|switch|p2a: Gholdengo|Gholdengo, L50|100/100
|switch|p2b: Clefairy|Clefairy, L50, F|100/100
|-weather|RainDance|[from] ability: Drizzle|[of] p1a: Politoed
|turn|1
|
|t:|1757147891
|move|p1a: Politoed|Helping Hand|p1b: Basculegion
|-singleturn|p1b: Basculegion|Helping Hand|[of] p1a: Politoed
|move|p2b: Clefairy|Follow Me|p2b: Clefairy
|-singleturn|p2b: Clefairy|move: Follow Me
|move|p1b: Basculegion|Wave Crash|p2b: Clefairy
|-crit|p2b: Clefairy
|-enditem|p2b: Clefairy|Focus Sash
|-damage|p2b: Clefairy|1/100
|-damage|p1b: Basculegion|71/100|[from] Recoil
|move|p2a: Gholdengo|Nasty Plot|p2a: Gholdengo
|-boost|p2a: Gholdengo|spa|2
|
|-weather|RainDance|[upkeep]
|upkeep
|turn|2
|
|t:|1757147905
|move|p1b: Basculegion|Protect|p1b: Basculegion
|-singleturn|p1b: Basculegion|Protect
|move|p2b: Clefairy|Follow Me|p2b: Clefairy
|-singleturn|p2b: Clefairy|move: Follow Me
|move|p2a: Gholdengo|Make It Rain|p1a: Politoed|[spread] p1a
|-activate|p1b: Basculegion|move: Protect
|-resisted|p1a: Politoed
|-damage|p1a: Politoed|66/100
|-unboost|p2a: Gholdengo|spa|1
|move|p1a: Politoed|Weather Ball|p2b: Clefairy
|-damage|p2b: Clefairy|0 fnt
|faint|p2b: Clefairy
|
|-weather|RainDance|[upkeep]
|-heal|p1a: Politoed|72/100|[from] item: Leftovers
|upkeep
|
|t:|1757147922
|switch|p2b: Tyranitar|Tyranitar, L50, M|100/100
|-weather|Sandstorm|[from] ability: Sand Stream|[of] p2b: Tyranitar
|turn|3
|
|t:|1757147937
|-terastallize|p1b: Basculegion|Water
|-terastallize|p2b: Tyranitar|Flying
|move|p1b: Basculegion|Wave Crash|p2a: Gholdengo
|-crit|p2a: Gholdengo
|-damage|p2a: Gholdengo|0 fnt
|-damage|p1b: Basculegion|54/100|[from] item: Rocky Helmet|[of] p2a: Gholdengo
|faint|p2a: Gholdengo
|-damage|p1b: Basculegion|22/100|[from] Recoil
|move|p1a: Politoed|Rain Dance|p1a: Politoed
|-weather|RainDance
|move|p2b: Tyranitar|Tera Blast|p1a: Politoed|[anim] Tera Blast Flying
|-damage|p1a: Politoed|28/100
|
|-weather|RainDance|[upkeep]
|-heal|p1a: Politoed|34/100|[from] item: Leftovers
|upkeep
|
|t:|1757147951
|switch|p2a: Excadrill|Excadrill, L50, M|100/100
|turn|4
|
|t:|1757147969
|move|p1b: Basculegion|Wave Crash|p2a: Excadrill
|-supereffective|p2a: Excadrill
|-damage|p2a: Excadrill|0 fnt
|faint|p2a: Excadrill
|-damage|p1b: Basculegion|0 fnt|[from] Recoil
|faint|p1b: Basculegion
|move|p1a: Politoed|Weather Ball|p2b: Tyranitar
|-damage|p2b: Tyranitar|64/100
|move|p2b: Tyranitar|Rock Slide|p1a: Politoed
|-damage|p1a: Politoed|0 fnt
|faint|p1a: Politoed
|
|-weather|RainDance|[upkeep]
|upkeep
|
|t:|1757147982
|switch|p1b: Archaludon|Archaludon, L50, F|100/100
|switch|p1a: Farigiraf|Farigiraf, L50, M|100/100
|turn|5
|
|t:|1757147989
|move|p1b: Archaludon|Electro Shot||[still]
|-prepare|p1b: Archaludon|Electro Shot
|-boost|p1b: Archaludon|spa|1
|-anim|p1b: Archaludon|Electro Shot|p2b: Tyranitar
|-supereffective|p2b: Tyranitar
|-damage|p2b: Tyranitar|0 fnt
|faint|p2b: Tyranitar
|
|win|WowieKazowee
|raw|WowieKazowee's rating: 1116 → 1133(+17 for winning)
|raw|Island_Bandit34's rating: 1000 → 1000(+0 for losing)
|l|☆Island_Bandit34
|player|p2|
