|j|☆BelinVGC
|j|☆SharpedoHero
|html|BelinVGCSharpedoHero    
|uhtml|bestof|Game 1 of a best-of-3
|t:|1784300228
|gametype|doubles
|player|p1|BelinVGC|265|1219
|player|p2|SharpedoHero|101|1254
|gen|9
|tier|[Gen 9 Champions] VGC 2026 Reg M-B (Bo3)
|rated|
|rule|Species Clause: Limit one of each Pokémon
|rule|Item Clause: Limit 1 of each item
|clearpoke
|poke|p1|Swampert, L50, M|
|poke|p1|Pelipper, L50, M|
|poke|p1|Archaludon, L50, M|
|poke|p1|Venusaur, L50, F|
|poke|p1|Maushold-Four, L50|
|poke|p1|Gholdengo, L50|
|poke|p2|Archaludon, L50, F|
|poke|p2|Staraptor, L50, M|
|poke|p2|Grimmsnarl, L50, M, shiny|
|poke|p2|Sinistcha-Masterpiece, L50|
|poke|p2|Pelipper, L50, F|
|poke|p2|Garchomp, L50, F|
|teampreview|4
|showteam|p1|Swampert||Swampertite|Torrent|WaveCrash,HighHorsepower,IcePunch,Protect|Adamant||M|||50|]Pelipper||SitrusBerry|Drizzle|WeatherBall,Hurricane,Tailwind,WideGuard|Modest||M|||50|]Archaludon||Leftovers|Stamina|ElectroShot,DragonPulse,FlashCannon,Protect|Calm||M|||50|]Venusaur||Venusaurite|Chlorophyll|GigaDrain,EarthPower,SludgeBomb,Protect|Modest||F|||50|]Maushold-Four||FocusSash|FriendGuard|FollowMe,SuperFang,RainDance,Protect|Timid|||||50|]Gholdengo||LifeOrb|GoodasGold|MakeItRain,ShadowBall,NastyPlot,Protect|Modest|||||50|
|showteam|p2|Archaludon||Leftovers|Stamina|Protect,ElectroShot,DragonPulse,FlashCannon|Modest||F|||50|]Staraptor||Staraptite|Intimidate|Protect,CloseCombat,BraveBird,Roost|Adamant||M|||50|]Grimmsnarl||LightClay|Prankster|PartingShot,SpiritBreak,LightScreen,Reflect|Relaxed||M|||50|]Sinistcha-Masterpiece||SitrusBerry|Hospitality|RagePowder,MatchaGotcha,TrickRoom,LifeDew|Bold|||||50|]Pelipper||FocusSash|Drizzle|Protect,WeatherBall,Hurricane,Tailwind|Modest||F|||50|]Garchomp||LifeOrb|RoughSkin|Protect,Earthquake,DragonClaw,RockSlide|Jolly||F|||50|
|
|t:|1784300320
|teamsize|p1|4
|teamsize|p2|4
|start
|switch|p1a: Gholdengo|Gholdengo, L50|100/100
|switch|p1b: Maushold|Maushold-Four, L50|100/100
|switch|p2a: Grimmsnarl|Grimmsnarl, L50, M, shiny|100/100
|switch|p2b: Staraptor|Staraptor, L50, M|100/100
|-ability|p2b: Staraptor|Intimidate|boost
|-unboost|p1a: Gholdengo|atk|1
|-unboost|p1b: Maushold|atk|1
|turn|1
|
|t:|1784300333
|detailschange|p2b: Staraptor|Staraptor-Mega, L50, M
|-mega|p2b: Staraptor|Staraptor|Staraptite
|move|p2a: Grimmsnarl|Light Screen|p2a: Grimmsnarl
|-sidestart|p2: SharpedoHero|move: Light Screen
|move|p1b: Maushold|Super Fang|p2b: Staraptor
|-damage|p2b: Staraptor|50/100y
|move|p2b: Staraptor|Close Combat|p1b: Maushold
|-supereffective|p1b: Maushold|1
|-enditem|p1b: Maushold|Focus Sash
|-damage|p1b: Maushold|1/100
|-boost|p2b: Staraptor|def|1
|-boost|p2b: Staraptor|spd|1
|move|p1a: Gholdengo|Nasty Plot|p1a: Gholdengo
|-boost|p1a: Gholdengo|spa|2
|
|upkeep
|turn|2
|
|t:|1784300351
|move|p1b: Maushold|Protect|p1b: Maushold
|-singleturn|p1b: Maushold|Protect
|move|p2b: Staraptor|Protect|p2b: Staraptor
|-singleturn|p2b: Staraptor|Protect
|move|p1a: Gholdengo|Nasty Plot|p1a: Gholdengo
|-boost|p1a: Gholdengo|spa|2
|move|p2a: Grimmsnarl|Spirit Break|p1a: Gholdengo
|-resisted|p1a: Gholdengo|1
|-damage|p1a: Gholdengo|88/100
|-unboost|p1a: Gholdengo|spa|1
|
|upkeep
|turn|3
|
|t:|1784300372
|switch|p1b: Pelipper|Pelipper, L50, M|100/100
|-weather|RainDance|[from] ability: Drizzle|[of] p1b: Pelipper
|move|p2a: Grimmsnarl|Parting Shot|p1b: Pelipper
|-unboost|p1b: Pelipper|atk|1
|-unboost|p1b: Pelipper|spa|1
|
|t:|1784300376
|switch|p2a: Sinistcha|Sinistcha-Masterpiece, L50|100/100|[from] Parting Shot
|-heal|p2b: Staraptor|75/100|[from] ability: Hospitality|[of] p2a: Sinistcha
|move|p2b: Staraptor|Close Combat|p1b: Pelipper
|-resisted|p1b: Pelipper|1
|-damage|p1b: Pelipper|58/100
|-boost|p2b: Staraptor|def|1
|-boost|p2b: Staraptor|spd|1
|move|p1a: Gholdengo|Shadow Ball|p2b: Staraptor
|-damage|p2b: Staraptor|17/100
|-boost|p2b: Staraptor|spd|1
|-damage|p1a: Gholdengo|79/100|[from] item: Life Orb
|
|-weather|RainDance|[upkeep]
|upkeep
|turn|4
|
|t:|1784300399
|move|p2b: Staraptor|Roost|p2b: Staraptor
|-heal|p2b: Staraptor|67/100
|-singleturn|p2b: Staraptor|move: Roost
|move|p1a: Gholdengo|Make It Rain|p2b: Staraptor|[spread] p2a,p2b
|-damage|p2a: Sinistcha|7/100
|-damage|p2b: Staraptor|17/100
|-unboost|p1a: Gholdengo|spa|2
|-enditem|p2a: Sinistcha|Sitrus Berry|[eat]
|-heal|p2a: Sinistcha|32/100|[from] item: Sitrus Berry
|-damage|p1a: Gholdengo|69/100|[from] item: Life Orb
|move|p1b: Pelipper|Tailwind|p1b: Pelipper
|-sidestart|p1: BelinVGC|move: Tailwind
|move|p2a: Sinistcha|Life Dew|p2a: Sinistcha|[spread] p2a,p2b
|-heal|p2a: Sinistcha|57/100
|-heal|p2b: Staraptor|42/100
|
|-weather|RainDance|[upkeep]
|upkeep
|turn|5
|
|t:|1784300421
|move|p2b: Staraptor|Protect|p2b: Staraptor
|-singleturn|p2b: Staraptor|Protect
|move|p1a: Gholdengo|Nasty Plot|p1a: Gholdengo
|-boost|p1a: Gholdengo|spa|2
|move|p1b: Pelipper|Hurricane|p2a: Sinistcha
|-supereffective|p2a: Sinistcha|1
|-damage|p2a: Sinistcha|19/100
|-start|p2a: Sinistcha|confusion
|-activate|p2a: Sinistcha|confusion
|move|p2a: Sinistcha|Trick Room|p2a: Sinistcha
|-fieldstart|move: Trick Room|[of] p2a: Sinistcha
|
|-weather|RainDance|[upkeep]
|upkeep
|turn|6
|
|t:|1784300443
|move|p1b: Pelipper|Wide Guard|p1b: Pelipper
|-singleturn|p1b: Pelipper|Wide Guard
|-activate|p2a: Sinistcha|confusion
|move|p2a: Sinistcha|Matcha Gotcha|p1a: Gholdengo|[spread] 
|-activate|p1a: Gholdengo|move: Wide Guard
|-activate|p1b: Pelipper|move: Wide Guard
|move|p2b: Staraptor|Roost|p2b: Staraptor
|-heal|p2b: Staraptor|92/100
|-singleturn|p2b: Staraptor|move: Roost
|move|p1a: Gholdengo|Nasty Plot|p1a: Gholdengo
|-boost|p1a: Gholdengo|spa|2
|
|-weather|RainDance|[upkeep]
|upkeep
|turn|7
|
|t:|1784300462
|move|p1b: Pelipper|Wide Guard|p1b: Pelipper
|-singleturn|p1b: Pelipper|Wide Guard
|-activate|p2a: Sinistcha|confusion
|move|p2a: Sinistcha|Life Dew|p2a: Sinistcha|[spread] p2a,p2b
|-heal|p2a: Sinistcha|44/100
|-heal|p2b: Staraptor|100/100
|move|p2b: Staraptor|Close Combat|p1b: Pelipper
|-resisted|p1b: Pelipper|1
|-damage|p1b: Pelipper|22/100
|-boost|p2b: Staraptor|def|1
|-boost|p2b: Staraptor|spd|1
|-enditem|p1b: Pelipper|Sitrus Berry|[eat]
|-heal|p1b: Pelipper|47/100|[from] item: Sitrus Berry
|move|p1a: Gholdengo|Shadow Ball|p2b: Staraptor
|-damage|p2b: Staraptor|47/100
|-damage|p1a: Gholdengo|60/100|[from] item: Life Orb
|
|-weather|none
|-sideend|p1: BelinVGC|move: Tailwind
|upkeep
|turn|8
|
|t:|1784300488
|switch|p1b: Maushold|Maushold-Four, L50|1/100
|move|p2b: Staraptor|Protect|p2b: Staraptor
|-singleturn|p2b: Staraptor|Protect
|-activate|p2a: Sinistcha|confusion
|-damage|p2a: Sinistcha|39/100|[from] confusion
|move|p1a: Gholdengo|Make It Rain|p2a: Sinistcha|[spread] p2a
|-activate|p2b: Staraptor|move: Protect
|-damage|p2a: Sinistcha|0 fnt
|-unboost|p1a: Gholdengo|spa|2
|faint|p2a: Sinistcha
|-damage|p1a: Gholdengo|50/100g|[from] item: Life Orb
|
|-sideend|p2: SharpedoHero|move: Light Screen
|upkeep
|
|t:|1784300494
|switch|p2a: Grimmsnarl|Grimmsnarl, L50, M, shiny|100/100
|turn|9
|
|t:|1784300506
|switch|p1b: Pelipper|Pelipper, L50, M|47/100
|-weather|RainDance|[from] ability: Drizzle|[of] p1b: Pelipper
|move|p2b: Staraptor|Protect||[still]
|-fail|p2b: Staraptor
|move|p2a: Grimmsnarl|Spirit Break|p1b: Pelipper
|-damage|p1b: Pelipper|15/100
|-unboost|p1b: Pelipper|spa|1
|move|p1a: Gholdengo|Make It Rain|p2b: Staraptor|[spread] p2a,p2b
|-supereffective|p2a: Grimmsnarl|1
|-damage|p2a: Grimmsnarl|0 fnt
|-damage|p2b: Staraptor|0 fnt
|-unboost|p1a: Gholdengo|spa|2
|faint|p2a: Grimmsnarl
|faint|p2b: Staraptor
|-damage|p1a: Gholdengo|41/100|[from] item: Life Orb
|
|-weather|RainDance|[upkeep]
|-fieldend|move: Trick Room
|upkeep
|
|t:|1784300511
|switch|p2b: Garchomp|Garchomp, L50, F|100/100
|turn|10
|
|t:|1784300523
|move|p1a: Gholdengo|Protect|p1a: Gholdengo
|-singleturn|p1a: Gholdengo|Protect
|move|p2b: Garchomp|Dragon Claw|p1b: Pelipper
|-damage|p1b: Pelipper|0 fnt
|faint|p1b: Pelipper
|-damage|p2b: Garchomp|90/100|[from] item: Life Orb
|
|-weather|RainDance|[upkeep]
|upkeep
|
|t:|1784300526
|switch|p1b: Swampert|Swampert, L50, M|100/100
|turn|11
|
|t:|1784300532
|detailschange|p1b: Swampert|Swampert-Mega, L50, M
|-mega|p1b: Swampert|Swampert|Swampertite
|move|p2b: Garchomp|Protect|p2b: Garchomp
|-singleturn|p2b: Garchomp|Protect
|move|p1b: Swampert|Ice Punch|p2b: Garchomp
|-activate|p2b: Garchomp|move: Protect
|move|p1a: Gholdengo|Shadow Ball|p2b: Garchomp
|-activate|p2b: Garchomp|move: Protect
|
|-weather|RainDance|[upkeep]
|upkeep
|turn|12
|
|t:|1784300539
|move|p1b: Swampert|Ice Punch|p2b: Garchomp
|-supereffective|p2b: Garchomp|2
|-damage|p2b: Garchomp|0 fnt
|-damage|p1b: Swampert|87/100|[from] ability: Rough Skin|[of] p2b: Garchomp
|faint|p2b: Garchomp
|
|win|BelinVGC
||BelinVGC is ready for game 2.
||SharpedoHero is ready for game 2.
|uhtml|next|Next: Game 2 of 3
|l|☆SharpedoHero
|player|p2|
