|j|☆clare_chan1738
|j|☆InfiniKnight
|html|clare_chan1738InfiniKnight    
|uhtml|bestof|Game 3 of a best-of-3
|t:|1783730564
|gametype|doubles
|player|p1|clare_chan1738|dawn-gen4pt|
|player|p2|InfiniKnight|gambler|
|gen|9
|tier|[Gen 9 Champions] VGC 2026 Reg M-B (Bo3)
|rule|Species Clause: Limit one of each Pokémon
|rule|Item Clause: Limit 1 of each item
|clearpoke
|poke|p1|Aerodactyl, L50, M|
|poke|p1|Decidueye-Hisui, L50, M|
|poke|p1|Sneasler, L50, M, shiny|
|poke|p1|Volcarona, L50, F|
|poke|p1|Hatterene, L50, F, shiny|
|poke|p1|Banette, L50, F, shiny|
|poke|p2|Staraptor, L50, M, shiny|
|poke|p2|Kommo-o, L50, M, shiny|
|poke|p2|Oranguru, L50, M, shiny|
|poke|p2|Floette-Eternal, L50, F|
|poke|p2|Garganacl, L50, F, shiny|
|poke|p2|Annihilape, L50, M, shiny|
|teampreview|4
|showteam|p1|Aerodactyl||Aerodactylite|Unnerve|DualWingbeat,RockSlide,Tailwind,Protect|Jolly||M|||50|]Decidueye-Hisui||ScopeLens|Scrappy|TripleArrows,LeafBlade,SuckerPunch,Protect|Jolly||M|||50|]Sneasler||WhiteHerb|Unburden|FakeOut,DireClaw,CloseCombat,Protect|Adamant||M|||50|]Volcarona||FocusSash|FlameBody|QuiverDance,FieryDance,BugBuzz,Protect|Timid||F|||50|]Hatterene||QuickClaw|MagicBounce|Psychic,DazzlingGleam,ShadowBall,Protect|Modest||F|||50|]Banette||Banettite|CursedBody|DestinyBond,Encore,Disable,Poltergeist|Adamant||F|||50|
|showteam|p2|Staraptor||ChoiceScarf|Intimidate|Tailwind,DualWingbeat,FinalGambit,Uturn|Jolly||M|||50|]Kommo-o||DragonFang|Soundproof|AuraSphere,ClangingScales,ClangorousSoul,Protect|Bold||M|||50|]Oranguru||MentalHerb|InnerFocus|Instruct,Psychic,TrickRoom,Protect|Sassy||M|||50|]Floette-Eternal||Floettite|FlowerVeil|Protect,DazzlingGleam,Moonblast,LightofRuin|Timid||F|||50|]Garganacl||Leftovers|PurifyingSalt|SaltCure,Recover,Protect,HeavySlam|Impish||F|||50|]Annihilape||SitrusBerry|Defiant|RageFist,Protect,DrainPunch,BulkUp|Adamant||M|||50|
|j| budster16
|
|t:|1783730596
|teamsize|p1|4
|teamsize|p2|4
|start
|switch|p1a: Sneasler|Sneasler, L50, M, shiny|100/100
|switch|p1b: Aerodactyl|Aerodactyl, L50, M|100/100
|switch|p2a: Oranguru u glad?|Oranguru, L50, M, shiny|100/100
|switch|p2b: Garganacl|Garganacl, L50, F, shiny|100/100
|-ability|p1b: Aerodactyl|Unnerve
|turn|1
|
|t:|1783730623
|detailschange|p1b: Aerodactyl|Aerodactyl-Mega, L50, M
|-mega|p1b: Aerodactyl|Aerodactyl|Aerodactylite
|move|p1a: Sneasler|Protect|p1a: Sneasler
|-singleturn|p1a: Sneasler|Protect
|move|p1b: Aerodactyl|Tailwind|p1b: Aerodactyl
|-sidestart|p1: clare_chan1738|move: Tailwind
|move|p2b: Garganacl|Salt Cure|p1b: Aerodactyl
|-supereffective|p1b: Aerodactyl|1
|-damage|p1b: Aerodactyl|65/100
|-start|p1b: Aerodactyl|Salt Cure
|move|p2a: Oranguru u glad?|Trick Room|p2a: Oranguru u glad?
|-fieldstart|move: Trick Room|[of] p2a: Oranguru u glad?
|
|-damage|p1b: Aerodactyl|60/100|[from] Salt Cure
|upkeep
|turn|2
|
|t:|1783730649
|switch|p1a: Hatterene|Hatterene, L50, F, shiny|100/100
|move|p2b: Garganacl|Heavy Slam|p1b: Aerodactyl
|-supereffective|p1b: Aerodactyl|1
|-damage|p1b: Aerodactyl|15/100
|move|p2a: Oranguru u glad?|Psychic|p1a: Hatterene
|-resisted|p1a: Hatterene|1
|-damage|p1a: Hatterene|86/100
|move|p1b: Aerodactyl|Rock Slide|p2b: Garganacl|[spread] p2a
|-miss|p1b: Aerodactyl|p2b: Garganacl
|-damage|p2a: Oranguru u glad?|72/100
|
|-damage|p1b: Aerodactyl|10/100|[from] Salt Cure
|upkeep
|turn|3
|
|t:|1783730684
|move|p1b: Aerodactyl|Protect|p1b: Aerodactyl
|-singleturn|p1b: Aerodactyl|Protect
|move|p2b: Garganacl|Heavy Slam|p1a: Hatterene
|-supereffective|p1a: Hatterene|1
|-damage|p1a: Hatterene|25/100
|move|p2a: Oranguru u glad?|Instruct|p2b: Garganacl
|-singleturn|p2b: Garganacl|move: Instruct|[of] p2a: Oranguru u glad?
|move|p2b: Garganacl|Heavy Slam|p1a: Hatterene
|-supereffective|p1a: Hatterene|1
|-damage|p1a: Hatterene|0 fnt
|faint|p1a: Hatterene
|
|-damage|p1b: Aerodactyl|4/100|[from] Salt Cure
|upkeep
|
|t:|1783730696
|switch|p1a: Rock Immune|Volcarona, L50, F|100/100
|turn|4
|
|t:|1783730711
|move|p1a: Rock Immune|Protect|p1a: Rock Immune
|-singleturn|p1a: Rock Immune|Protect
|move|p2b: Garganacl|Salt Cure|p1a: Rock Immune
|-activate|p1a: Rock Immune|move: Protect
|move|p2a: Oranguru u glad?|Instruct|p2b: Garganacl
|-singleturn|p2b: Garganacl|move: Instruct|[of] p2a: Oranguru u glad?
|move|p2b: Garganacl|Salt Cure|p1a: Rock Immune
|-activate|p1a: Rock Immune|move: Protect
|move|p1b: Aerodactyl|Rock Slide|p2a: Oranguru u glad?|[spread] p2a,p2b
|-damage|p2a: Oranguru u glad?|40/100
|-damage|p2b: Garganacl|85/100
|
|-heal|p2b: Garganacl|90/100|[from] item: Leftovers
|-damage|p1b: Aerodactyl|0 fnt|[from] Salt Cure
|faint|p1b: Aerodactyl
|-sideend|p1: clare_chan1738|move: Tailwind
|upkeep
|
|t:|1783730726
|switch|p1b: Sneasler|Sneasler, L50, M, shiny|100/100
|turn|5
|
|t:|1783730737
|move|p1b: Sneasler|Fake Out|p2b: Garganacl
|-resisted|p2b: Garganacl|1
|-damage|p2b: Garganacl|86/100
|cant|p2b: Garganacl|flinch
|move|p2a: Oranguru u glad?|Psychic|p1b: Sneasler
|-supereffective|p1b: Sneasler|2
|-damage|p1b: Sneasler|0 fnt
|faint|p1b: Sneasler
|move|p1a: Rock Immune|Quiver Dance|p1a: Rock Immune
|-boost|p1a: Rock Immune|spa|1
|-boost|p1a: Rock Immune|spd|1
|-boost|p1a: Rock Immune|spe|1
|
|-heal|p2b: Garganacl|92/100|[from] item: Leftovers
|-fieldend|move: Trick Room
|upkeep
|turn|6
|
|t:|1783730760
|move|p1a: Rock Immune|Fiery Dance|p2b: Garganacl
|-resisted|p2b: Garganacl|1
|-damage|p2b: Garganacl|65/100
|move|p2a: Oranguru u glad?|Instruct|p2b: Garganacl
|-singleturn|p2b: Garganacl|move: Instruct|[of] p2a: Oranguru u glad?
|move|p2b: Garganacl|Salt Cure|p1a: Rock Immune
|-supereffective|p1a: Rock Immune|2
|-damage|p1a: Rock Immune|16/100
|-start|p1a: Rock Immune|Salt Cure
|move|p2b: Garganacl|Salt Cure|p1a: Rock Immune
|-supereffective|p1a: Rock Immune|2
|-damage|p1a: Rock Immune|0 fnt
|faint|p1a: Rock Immune
|
|win|InfiniKnight
|l|☆clare_chan1738
|player|p1|
