|j|☆stanhoff
|j|☆Latios66
|html|stanhoffLatios66    
|uhtml|bestof|Game 2 of a best-of-3
|t:|1757790657
|gametype|doubles
|player|p1|stanhoff|falkner|1122
|player|p2|Latios66|2|1084
|gen|9
|tier|[Gen 9] VGC 2025 Reg H (Bo3)
|rated|
|rule|Species Clause: Limit one of each Pokémon
|rule|Item Clause: Limit 1 of each item
|clearpoke
|poke|p1|Hatterene, L50, F|
|poke|p1|Indeedee-F, L50, F|
|poke|p1|Sneasler, L50, F|
|poke|p1|Excadrill, L50, M|
|poke|p1|Tyranitar, L50, M|
|poke|p1|Amoonguss, L50, F|
|poke|p2|Tyranitar, L50, M|
|poke|p2|Blaziken, L50, F|
|poke|p2|Excadrill, L50, M|
|poke|p2|Salamence, L50, M|
|poke|p2|Sinistcha-Masterpiece, L50|
|poke|p2|Annihilape, L50, M|
|teampreview|4
|showteam|p1|Hatterene||LifeOrb|MagicBounce|Protect,TrickRoom,ExpandingForce,DazzlingGleam|||F|||50|,,,,,Psychic]Indeedee-F||SafetyGoggles|PsychicSurge|FollowMe,HelpingHand,Psychic,TrickRoom|||F|||50|,,,,,Fairy]Sneasler||PsychicSeed|Unburden|DireClaw,CloseCombat,ThroatChop,Protect|||F|||50|,,,,,Dark]Excadrill||FocusSash|SandRush|Earthquake,IronHead,HighHorsepower,Protect|||M|||50|,,,,,Ground]Tyranitar||AirBalloon|SandStream|RockSlide,LowKick,KnockOff,Protect|||M|||50|,,,,,Flying]Amoonguss||RockyHelmet|Regenerator|Spore,RagePowder,SludgeBomb,ClearSmog|||F|||50|,,,,,Water
|showteam|p2|Tyranitar||ClearAmulet|SandStream|RockSlide,KnockOff,Protect,DragonDance|||M|||50|,,,,,Grass]Blaziken||CovertCloak|SpeedBoost|AuraSphere,HeatWave,Coaching,WillOWisp|||F|||50|,,,,,Dragon]Excadrill||AssaultVest|SandRush|RockSlide,HighHorsepower,IronHead,Earthquake|||M|||50|,,,,,Ghost]Salamence||LifeOrb|Intimidate|AirSlash,Tailwind,DracoMeteor,Protect|||M|||50|,,,,,Ghost]Sinistcha-Masterpiece||SitrusBerry|Hospitality|ShadowBall,MatchaGotcha,RagePowder,Protect||||||50|,,,,,Dark]Annihilape||ChoiceScarf|Defiant|FinalGambit,Uturn,CloseCombat,ShadowClaw|||M|||50|,,,,,Grass
|
|t:|1757790682
|teamsize|p1|4
|teamsize|p2|4
|start
|switch|p1a: Hatterene|Hatterene, L50, F|100/100
|switch|p1b: Indeedee|Indeedee-F, L50, F|100/100
|switch|p2a: Annihilape|Annihilape, L50, M|100/100
|switch|p2b: Excadrill|Excadrill, L50, M|100/100
|-fieldstart|move: Psychic Terrain|[from] ability: Psychic Surge|[of] p1b: Indeedee
|turn|1
|inactive|Battle timer is ON: inactive players will automatically lose when time's up. (requested by stanhoff)
|
|t:|1757790702
|move|p1b: Indeedee|Follow Me|p1b: Indeedee
|-singleturn|p1b: Indeedee|move: Follow Me
|move|p2a: Annihilape|Final Gambit|p1b: Indeedee
|-damage|p1b: Indeedee|0 fnt
|faint|p2a: Annihilape
|faint|p1b: Indeedee
|move|p2b: Excadrill|Iron Head|p1a: Hatterene
|-supereffective|p1a: Hatterene
|-damage|p1a: Hatterene|0 fnt
|faint|p1a: Hatterene
|
|upkeep
|
|t:|1757790711
|switch|p2a: Tyranitar|Tyranitar, L50, M|100/100
|switch|p1b: Sneasler|Sneasler, L50, F|100/100
|switch|p1a: Amoonguss|Amoonguss, L50, F|100/100
|-weather|Sandstorm|[from] ability: Sand Stream|[of] p2a: Tyranitar
|-enditem|p1b: Sneasler|Psychic Seed
|-boost|p1b: Sneasler|spd|1|[from] item: Psychic Seed
|turn|2
|
|t:|1757790725
|-terastallize|p2b: Excadrill|Ghost
|move|p1b: Sneasler|Protect|p1b: Sneasler
|-singleturn|p1b: Sneasler|Protect
|move|p2a: Tyranitar|Protect|p2a: Tyranitar
|-singleturn|p2a: Tyranitar|Protect
|move|p2b: Excadrill|Earthquake|p1b: Sneasler|[spread] p1a
|-activate|p2a: Tyranitar|move: Protect
|-activate|p1b: Sneasler|move: Protect
|-damage|p1a: Amoonguss|68/100
|move|p1a: Amoonguss|Spore|p2b: Excadrill
|-status|p2b: Excadrill|slp|[from] move: Spore
|
|-weather|Sandstorm|[upkeep]
|-damage|p1b: Sneasler|95/100|[from] Sandstorm
|-damage|p1a: Amoonguss|62/100|[from] Sandstorm
|upkeep
|turn|3
|
|t:|1757790748
|switch|p2a: Salamence|Salamence, L50, M|100/100
|-ability|p2a: Salamence|Intimidate|boost
|-unboost|p1a: Amoonguss|atk|1
|-unboost|p1b: Sneasler|atk|1
|move|p1b: Sneasler|Close Combat|p2a: Salamence
|-resisted|p2a: Salamence
|-damage|p2a: Salamence|73/100
|-unboost|p1b: Sneasler|def|1
|-unboost|p1b: Sneasler|spd|1
|cant|p2b: Excadrill|slp
|move|p1a: Amoonguss|Spore|p2a: Salamence
|-status|p2a: Salamence|slp|[from] move: Spore
|
|-weather|Sandstorm|[upkeep]
|-damage|p1b: Sneasler|89/100|[from] Sandstorm
|-damage|p2a: Salamence|67/100 slp|[from] Sandstorm
|-damage|p1a: Amoonguss|56/100|[from] Sandstorm
|upkeep
|turn|4
|
|t:|1757790771
|move|p1b: Sneasler|Dire Claw|p2a: Salamence
|-damage|p2a: Salamence|33/100 slp
|-curestatus|p2b: Excadrill|slp|[msg]
|move|p2b: Excadrill|Rock Slide|p1a: Amoonguss|[spread] p1a,p1b
|-resisted|p1b: Sneasler
|-damage|p1a: Amoonguss|37/100
|-damage|p1b: Sneasler|61/100
|cant|p2a: Salamence|slp
|move|p1a: Amoonguss|Sludge Bomb|p2a: Salamence
|-damage|p2a: Salamence|3/100 slp
|
|-weather|Sandstorm|[upkeep]
|-damage|p1b: Sneasler|55/100|[from] Sandstorm
|-damage|p2a: Salamence|0 fnt|[from] Sandstorm
|-damage|p1a: Amoonguss|31/100|[from] Sandstorm
|faint|p2a: Salamence
|upkeep
|
|t:|1757790786
|switch|p2a: Tyranitar|Tyranitar, L50, M|100/100
|turn|5
|inactive|stanhoff has 30 seconds left.
|inactive|stanhoff has 20 seconds left.
|
|t:|1757790822
|move|p1b: Sneasler|Protect|p1b: Sneasler
|-singleturn|p1b: Sneasler|Protect
|move|p2b: Excadrill|Earthquake|p1b: Sneasler|[spread] p2a,p1a
|-activate|p1b: Sneasler|move: Protect
|-supereffective|p2a: Tyranitar
|-crit|p2a: Tyranitar
|-damage|p2a: Tyranitar|0 fnt
|-damage|p1a: Amoonguss|0 fnt
|faint|p2a: Tyranitar
|faint|p1a: Amoonguss
|
|-weather|Sandstorm|[upkeep]
|-damage|p1b: Sneasler|49/100|[from] Sandstorm
|-fieldend|move: Psychic Terrain
|upkeep
|turn|6
|
|t:|1757790833
|-terastallize|p1b: Sneasler|Dark
|move|p1b: Sneasler|Throat Chop|p2b: Excadrill
|-supereffective|p2b: Excadrill
|-damage|p2b: Excadrill|12/100
|-start|p2b: Excadrill|Throat Chop|[silent]
|move|p2b: Excadrill|Earthquake|p1b: Sneasler
|-damage|p1b: Sneasler|0 fnt
|faint|p1b: Sneasler
|
|win|Latios66
||stanhoff is ready for game 3.
||Latios66 is ready for game 3.
|uhtml|next|Next: Game 3 of 3
