|j|☆fuggdafogg
|j|☆dysincanto
|html|fuggdafoggdysincanto    
|uhtml|bestof|Game 1 of a best-of-3
|t:|1756732429
|gametype|doubles
|player|p1|fuggdafogg|gordie|1160
|player|p2|dysincanto|marshal|1173
|gen|9
|tier|[Gen 9] VGC 2025 Reg H (Bo3)
|rated|
|rule|Species Clause: Limit one of each Pokémon
|rule|Item Clause: Limit 1 of each item
|clearpoke
|poke|p1|Kingambit, L50, F|
|poke|p1|Sneasler, L50, M|
|poke|p1|Basculegion, L50, M|
|poke|p1|Rillaboom, L50, F|
|poke|p1|Volcarona, L50, F|
|poke|p1|Electabuzz, L50, M|
|poke|p2|Ursaluna, L50, M|
|poke|p2|Porygon2, L50|
|poke|p2|Gholdengo, L50|
|poke|p2|Incineroar, L50, M|
|poke|p2|Amoonguss, L50, M|
|poke|p2|Hydreigon, L50, M|
|teampreview|4
|showteam|p1|Kingambit||SafetyGoggles|Defiant|Protect,KowtowCleave,SuckerPunch,SwordsDance|||F|||50|,,,,,Dark]Sneasler||FocusSash|PoisonTouch|Protect,DireClaw,CloseCombat,FakeOut|||M|||50|,,,,,Stellar]Basculegion||ChoiceScarf|Adaptability|FlipTurn,WaveCrash,LastRespects,AquaJet|||M|||50|,,,,,Water]Rillaboom||AssaultVest|GrassySurge|WoodHammer,GrassyGlide,HighHorsepower,FakeOut|||F|||50|,,,,,Fire]Volcarona||SitrusBerry|FlameBody|HeatWave,TeraBlast,QuiverDance,Protect|||F|||50|,,,,,Fairy]Electabuzz||Eviolite|VitalSpirit|FollowMe,Protect,Thunderbolt,Taunt|||M|||50|,,,,,Ghost
|showteam|p2|Ursaluna||FlameOrb|Guts|Facade,HeadlongRush,Earthquake,Protect|||M|||50|,,,,,Ghost]Porygon2||Eviolite|Download|TeraBlast,IceBeam,TrickRoom,Recover||||||50|,,,,,Fighting]Gholdengo||MetalCoat|GoodasGold|MakeItRain,ShadowBall,NastyPlot,Protect||||||50|,,,,,Water]Incineroar||SitrusBerry|Intimidate|FlareBlitz,KnockOff,PartingShot,FakeOut|||M|||50|,,,,,Ghost]Amoonguss||RockyHelmet|Regenerator|PollenPuff,Spore,RagePowder,Protect|||M|||50|,,,,,Fairy]Hydreigon||SafetyGoggles|Levitate|DracoMeteor,Snarl,Tailwind,Protect|||M|||50|,,,,,Ghost
|
|t:|1756732517
|teamsize|p1|4
|teamsize|p2|4
|start
|switch|p1a: Kingambit|Kingambit, L50, F|100/100
|switch|p1b: Rillaboom|Rillaboom, L50, F|100/100
|switch|p2a: Hydreigon|Hydreigon, L50, M|100/100
|switch|p2b: Porygon2|Porygon2, L50|100/100
|-fieldstart|move: Grassy Terrain|[from] ability: Grassy Surge|[of] p1b: Rillaboom
|-ability|p2b: Porygon2|Download|boost
|-boost|p2b: Porygon2|spa|1
|turn|1
|inactive|Battle timer is ON: inactive players will automatically lose when time's up. (requested by fuggdafogg)
|
|t:|1756732578
|-terastallize|p2b: Porygon2|Fighting
|move|p1b: Rillaboom|Fake Out|p2b: Porygon2
|-crit|p2b: Porygon2
|-damage|p2b: Porygon2|87/100
|move|p2a: Hydreigon|Tailwind|p2a: Hydreigon
|-sidestart|p2: dysincanto|move: Tailwind
|cant|p2b: Porygon2|flinch
|move|p1a: Kingambit|Kowtow Cleave|p2b: Porygon2
|-resisted|p2b: Porygon2
|-damage|p2b: Porygon2|73/100
|
|-heal|p2b: Porygon2|80/100|[from] Grassy Terrain
|upkeep
|turn|2
|inactive|dysincanto has 30 seconds left.
|
|t:|1756732608
|switch|p2a: Ursaluna|Ursaluna, L50, M|100/100
|switch|p1a: Volcarona|Volcarona, L50, F|100/100
|move|p2b: Porygon2|Tera Blast|p1a: Volcarona|[anim] Tera Blast Fighting
|-resisted|p1a: Volcarona
|-damage|p1a: Volcarona|79/100
|move|p1b: Rillaboom|Wood Hammer|p2a: Ursaluna
|-supereffective|p2a: Ursaluna
|-damage|p2a: Ursaluna|0 fnt
|faint|p2a: Ursaluna
|-damage|p1b: Rillaboom|65/100|[from] Recoil
|
|-heal|p1a: Volcarona|85/100|[from] Grassy Terrain
|-heal|p2b: Porygon2|86/100|[from] Grassy Terrain
|-heal|p1b: Rillaboom|71/100|[from] Grassy Terrain
|upkeep
|
|t:|1756732618
|switch|p2a: Hydreigon|Hydreigon, L50, M|100/100
|turn|3
|inactive|fuggdafogg has 30 seconds left.
|
|t:|1756732644
|-terastallize|p1a: Volcarona|Fairy
|move|p2a: Hydreigon|Snarl|p1a: Volcarona|[spread] p1a,p1b
|-resisted|p1a: Volcarona
|-damage|p1a: Volcarona|78/100
|-damage|p1b: Rillaboom|59/100
|-unboost|p1a: Volcarona|spa|1
|-unboost|p1b: Rillaboom|spa|1
|move|p1a: Volcarona|Quiver Dance|p1a: Volcarona
|-boost|p1a: Volcarona|spa|1
|-boost|p1a: Volcarona|spd|1
|-boost|p1a: Volcarona|spe|1
|move|p2b: Porygon2|Tera Blast|p1b: Rillaboom|[anim] Tera Blast Fighting
|-damage|p1b: Rillaboom|24/100
|move|p1b: Rillaboom|Wood Hammer|p2b: Porygon2
|-damage|p2b: Porygon2|37/100
|-damage|p1b: Rillaboom|9/100|[from] Recoil
|
|-heal|p1a: Volcarona|84/100|[from] Grassy Terrain
|-heal|p2b: Porygon2|43/100|[from] Grassy Terrain
|-heal|p1b: Rillaboom|15/100|[from] Grassy Terrain
|upkeep
|turn|4
|
|t:|1756732666
|switch|p1b: Kingambit|Kingambit, L50, F|100/100
|move|p2a: Hydreigon|Snarl|p1b: Kingambit|[spread] p1a,p1b
|-resisted|p1a: Volcarona
|-resisted|p1b: Kingambit
|-damage|p1a: Volcarona|78/100
|-damage|p1b: Kingambit|92/100
|-unboost|p1a: Volcarona|spa|1
|-unboost|p1b: Kingambit|spa|1
|-ability|p1b: Kingambit|Defiant|boost
|-boost|p1b: Kingambit|atk|2
|move|p1a: Volcarona|Tera Blast|p2b: Porygon2|[anim] Tera Blast Fairy
|-supereffective|p2b: Porygon2
|-damage|p2b: Porygon2|11/100
|move|p2b: Porygon2|Recover|p2b: Porygon2
|-heal|p2b: Porygon2|61/100
|
|-heal|p1a: Volcarona|84/100|[from] Grassy Terrain
|-heal|p2b: Porygon2|67/100|[from] Grassy Terrain
|-heal|p1b: Kingambit|98/100|[from] Grassy Terrain
|-sideend|p2: dysincanto|move: Tailwind
|upkeep
|turn|5
|inactive|fuggdafogg has 30 seconds left.
|inactive|fuggdafogg has 20 seconds left.
|inactive|fuggdafogg has 15 seconds left.
|
|t:|1756732707
|move|p2a: Hydreigon|Protect|p2a: Hydreigon
|-singleturn|p2a: Hydreigon|Protect
|move|p1a: Volcarona|Tera Blast|p2a: Hydreigon|[anim] Tera Blast Fairy
|-activate|p2a: Hydreigon|move: Protect
|move|p1b: Kingambit|Kowtow Cleave|p2b: Porygon2
|-resisted|p2b: Porygon2
|-damage|p2b: Porygon2|40/100
|move|p2b: Porygon2|Trick Room|p2b: Porygon2
|-fieldstart|move: Trick Room|[of] p2b: Porygon2
|
|-heal|p2b: Porygon2|46/100|[from] Grassy Terrain
|-heal|p1b: Kingambit|100/100|[from] Grassy Terrain
|-heal|p1a: Volcarona|90/100|[from] Grassy Terrain
|-fieldend|move: Grassy Terrain
|upkeep
|turn|6
|
|t:|1756732728
|switch|p2a: Gholdengo|Gholdengo, L50|100/100
|move|p2b: Porygon2|Tera Blast|p1b: Kingambit|[anim] Tera Blast Fighting
|-supereffective|p1b: Kingambit
|-damage|p1b: Kingambit|0 fnt
|faint|p1b: Kingambit
|move|p1a: Volcarona|Tera Blast|p2a: Gholdengo|[anim] Tera Blast Fairy
|-resisted|p2a: Gholdengo
|-damage|p2a: Gholdengo|87/100
|
|upkeep
|inactive|fuggdafogg has 30 seconds left.
|
|t:|1756732756
|switch|p1b: Rillaboom|Rillaboom, L50, F|15/100
|-fieldstart|move: Grassy Terrain|[from] ability: Grassy Surge|[of] p1b: Rillaboom
|turn|7
|inactive|fuggdafogg has 30 seconds left.
|
|t:|1756732782
|move|p2b: Porygon2|Recover|p2b: Porygon2
|-heal|p2b: Porygon2|96/100
|move|p1b: Rillaboom|High Horsepower|p2a: Gholdengo
|-supereffective|p2a: Gholdengo
|-damage|p2a: Gholdengo|28/100
|move|p2a: Gholdengo|Make It Rain|p1b: Rillaboom|[spread] p1a,p1b
|-supereffective|p1a: Volcarona
|-damage|p1a: Volcarona|23/100
|-damage|p1b: Rillaboom|0 fnt
|-unboost|p2a: Gholdengo|spa|1
|-enditem|p1a: Volcarona|Sitrus Berry|[eat]
|-heal|p1a: Volcarona|48/100|[from] item: Sitrus Berry
|faint|p1b: Rillaboom
|move|p1a: Volcarona|Heat Wave|p2b: Porygon2|[spread] p2a,p2b
|-supereffective|p2a: Gholdengo
|-damage|p2a: Gholdengo|0 fnt
|-damage|p2b: Porygon2|82/100
|faint|p2a: Gholdengo
|
|-heal|p2b: Porygon2|88/100|[from] Grassy Terrain
|-heal|p1a: Volcarona|54/100|[from] Grassy Terrain
|upkeep
|
|t:|1756732791
|switch|p1b: Electabuzz|Electabuzz, L50, M|100/100
|switch|p2a: Hydreigon|Hydreigon, L50, M|100/100
|turn|8
|
|t:|1756732809
|move|p2b: Porygon2|Ice Beam|p1a: Volcarona
|-damage|p1a: Volcarona|32/100
|move|p1b: Electabuzz|Taunt|p2b: Porygon2
|-start|p2b: Porygon2|move: Taunt
|move|p2a: Hydreigon|Snarl|p1b: Electabuzz|[spread] p1a,p1b
|-resisted|p1a: Volcarona
|-damage|p1a: Volcarona|25/100
|-damage|p1b: Electabuzz|86/100
|-unboost|p1a: Volcarona|spa|1
|-unboost|p1b: Electabuzz|spa|1
|move|p1a: Volcarona|Quiver Dance|p1a: Volcarona
|-boost|p1a: Volcarona|spa|1
|-boost|p1a: Volcarona|spd|1
|-boost|p1a: Volcarona|spe|1
|
|-heal|p2b: Porygon2|94/100|[from] Grassy Terrain
|-heal|p1b: Electabuzz|92/100|[from] Grassy Terrain
|-heal|p1a: Volcarona|32/100|[from] Grassy Terrain
|upkeep
|turn|9
|
|t:|1756732828
|move|p1b: Electabuzz|Protect|p1b: Electabuzz
|-singleturn|p1b: Electabuzz|Protect
|move|p1a: Volcarona|Protect|p1a: Volcarona
|-singleturn|p1a: Volcarona|Protect
|move|p2b: Porygon2|Ice Beam|p1b: Electabuzz
|-activate|p1b: Electabuzz|move: Protect
|move|p2a: Hydreigon|Snarl|p1b: Electabuzz|[spread] 
|-activate|p1a: Volcarona|move: Protect
|-activate|p1b: Electabuzz|move: Protect
|
|-heal|p2b: Porygon2|100/100|[from] Grassy Terrain
|-heal|p1b: Electabuzz|98/100|[from] Grassy Terrain
|-heal|p1a: Volcarona|38/100|[from] Grassy Terrain
|-fieldend|move: Trick Room
|upkeep
|turn|10
|
|t:|1756732841
|move|p1b: Electabuzz|Follow Me|p1b: Electabuzz
|-singleturn|p1b: Electabuzz|move: Follow Me
|move|p1a: Volcarona|Tera Blast|p2a: Hydreigon|[anim] Tera Blast Fairy
|-supereffective|p2a: Hydreigon
|-damage|p2a: Hydreigon|10/100
|move|p2a: Hydreigon|Snarl|p1b: Electabuzz|[spread] p1a,p1b
|-resisted|p1a: Volcarona
|-damage|p1a: Volcarona|34/100
|-damage|p1b: Electabuzz|85/100
|-unboost|p1a: Volcarona|spa|1
|-unboost|p1b: Electabuzz|spa|1
|move|p2b: Porygon2|Ice Beam|p1b: Electabuzz
|-damage|p1b: Electabuzz|56/100
|
|-heal|p1a: Volcarona|40/100|[from] Grassy Terrain
|-heal|p1b: Electabuzz|62/100|[from] Grassy Terrain
|upkeep
|turn|11
|
|t:|1756732861
|move|p1a: Volcarona|Quiver Dance|p1a: Volcarona
|-boost|p1a: Volcarona|spa|1
|-boost|p1a: Volcarona|spd|1
|-boost|p1a: Volcarona|spe|1
|move|p2a: Hydreigon|Snarl|p1b: Electabuzz|[spread] p1a,p1b
|-resisted|p1a: Volcarona
|-damage|p1a: Volcarona|37/100
|-damage|p1b: Electabuzz|48/100
|-unboost|p1a: Volcarona|spa|1
|-unboost|p1b: Electabuzz|spa|1
|move|p1b: Electabuzz|Thunderbolt|p2a: Hydreigon
|-resisted|p2a: Hydreigon
|-damage|p2a: Hydreigon|5/100
|move|p2b: Porygon2|Ice Beam|p1a: Volcarona
|-damage|p1a: Volcarona|20/100
|
|-heal|p1a: Volcarona|27/100|[from] Grassy Terrain
|-heal|p1b: Electabuzz|54/100|[from] Grassy Terrain
|-end|p2b: Porygon2|move: Taunt
|-fieldend|move: Grassy Terrain
|upkeep
|turn|12
|
|t:|1756732876
|move|p1b: Electabuzz|Follow Me|p1b: Electabuzz
|-singleturn|p1b: Electabuzz|move: Follow Me
|move|p1a: Volcarona|Heat Wave|p2a: Hydreigon|[spread] p2a,p2b
|-resisted|p2a: Hydreigon
|-damage|p2a: Hydreigon|0 fnt
|-damage|p2b: Porygon2|91/100
|faint|p2a: Hydreigon
|move|p2b: Porygon2|Ice Beam|p1b: Electabuzz
|-damage|p1b: Electabuzz|23/100
|
|upkeep
|turn|13
|
|t:|1756732884
|move|p1a: Volcarona|Quiver Dance|p1a: Volcarona
|-boost|p1a: Volcarona|spa|1
|-boost|p1a: Volcarona|spd|1
|-boost|p1a: Volcarona|spe|1
|move|p1b: Electabuzz|Taunt|p2b: Porygon2
|-start|p2b: Porygon2|move: Taunt
|move|p2b: Porygon2|Ice Beam|p1a: Volcarona
|-damage|p1a: Volcarona|15/100
|
|upkeep
|turn|14
|
|t:|1756732899
|move|p1b: Electabuzz|Protect|p1b: Electabuzz
|-singleturn|p1b: Electabuzz|Protect
|move|p1a: Volcarona|Quiver Dance|p1a: Volcarona
|-boost|p1a: Volcarona|spa|1
|-boost|p1a: Volcarona|spd|1
|-boost|p1a: Volcarona|spe|1
|move|p2b: Porygon2|Ice Beam|p1a: Volcarona
|-damage|p1a: Volcarona|5/100
|
|upkeep
|turn|15
|
|t:|1756732907
|move|p1b: Electabuzz|Follow Me|p1b: Electabuzz
|-singleturn|p1b: Electabuzz|move: Follow Me
|move|p1a: Volcarona|Tera Blast|p2b: Porygon2|[anim] Tera Blast Fairy
|-supereffective|p2b: Porygon2
|-damage|p2b: Porygon2|47/100
|move|p2b: Porygon2|Ice Beam|p1b: Electabuzz
|-damage|p1b: Electabuzz|0 fnt
|faint|p1b: Electabuzz
|
|-end|p2b: Porygon2|move: Taunt
|upkeep
|turn|16
|
|t:|1756732924
|move|p1a: Volcarona|Tera Blast|p2b: Porygon2|[anim] Tera Blast Fairy
|-supereffective|p2b: Porygon2
|-damage|p2b: Porygon2|0 fnt
|faint|p2b: Porygon2
|
|win|fuggdafogg
||dysincanto is ready for game 2.
||fuggdafogg is ready for game 2.
|uhtml|next|Next: Game 2 of 3
|l|☆dysincanto
|player|p2|
