|j|☆thedelybird
|j|☆PTP_VGC
|html|thedelybirdPTP_VGC    
|uhtml|bestof|Game 2 of a best-of-3
|t:|1756672628
|gametype|doubles
|player|p1|thedelybird|101|1345
|player|p2|PTP_VGC|266|1344
|gen|9
|tier|[Gen 9] VGC 2025 Reg H (Bo3)
|rated|
|rule|Species Clause: Limit one of each Pokémon
|rule|Item Clause: Limit 1 of each item
|clearpoke
|poke|p1|Basculegion, L50, M|
|poke|p1|Pelipper, L50, M|
|poke|p1|Archaludon, L50, M|
|poke|p1|Gholdengo, L50|
|poke|p1|Whimsicott, L50, M|
|poke|p1|Incineroar, L50, M|
|poke|p2|Arcanine-Hisui, L50, F|
|poke|p2|Weezing, L50, M|
|poke|p2|Porygon2, L50|
|poke|p2|Weavile, L50, M|
|poke|p2|Pawmot, L50, F|
|poke|p2|Toedscruel, L50, F|
|teampreview|4
|showteam|p1|Basculegion||MysticWater|SwiftSwim|LastRespects,WaveCrash,AquaJet,Protect|||M|||50|,,,,,Water]Pelipper||FocusSash|Drizzle|Hurricane,WeatherBall,WideGuard,Tailwind|||M|||50|,,,,,Ghost]Archaludon||AssaultVest|Stamina|ElectroShot,BodyPress,DracoMeteor,FlashCannon|||M|||50|,,,,,Fairy]Gholdengo||MetalCoat|GoodasGold|MakeItRain,ShadowBall,NastyPlot,Protect||||||50|,,,,,Water]Whimsicott||CovertCloak|Prankster|Moonblast,Taunt,BeatUp,Tailwind|||M|||50|,,,,,Steel]Incineroar||SafetyGoggles|Intimidate|FakeOut,FlareBlitz,KnockOff,PartingShot|||M|||50|,,,,,Ghost
|showteam|p2|Arcanine-Hisui||AbilityShield|Intimidate|FlareBlitz,RockSlide,ExtremeSpeed,Protect|||F|||50|,,,,,Ghost]Weezing||SitrusBerry|NeutralizingGas|SludgeBomb,WillOWisp,Taunt,Protect|||M|||50|,,,,,Grass]Porygon2||Eviolite|Download|TeraBlast,IceBeam,Recover,TrickRoom||||||50|,,,,,Water]Weavile||WideLens|Pressure|KnockOff,TripleAxel,FakeOut,Protect|||M|||50|,,,,,Stellar]Pawmot||FocusSash|NaturalCure|DoubleShock,CloseCombat,RevivalBlessing,Protect|||F|||50|,,,,,Stellar]Toedscruel||LifeOrb|MyceliumMight|EarthPower,EnergyBall,Spore,RagePowder|||F|||50|,,,,,Water
|inactive|Battle timer is ON: inactive players will automatically lose when time's up. (requested by PTP_VGC)
|inactive|PTP_VGC has 60 seconds left.
|
|t:|1756672669
|teamsize|p1|4
|teamsize|p2|4
|start
|switch|p1a: Incineroar|Incineroar, L50, M|100/100
|switch|p1b: Gholdengo|Gholdengo, L50|100/100
|switch|p2a: gbombsz|Toedscruel, L50, F|100/100
|switch|p2b: Adr. & Adr.|Weezing, L50, M|100/100
|-ability|p2b: Adr. & Adr.|Neutralizing Gas
|turn|1
|inactive|thedelybird has 30 seconds left.
|inactive|thedelybird has 20 seconds left.
|
|t:|1756672709
|move|p1a: Incineroar|Fake Out|p2a: gbombsz
|-damage|p2a: gbombsz|77/100
|cant|p2a: gbombsz|flinch
|move|p1b: Gholdengo|Make It Rain|p2a: gbombsz|[spread] p2a,p2b
|-damage|p2a: gbombsz|25/100
|-damage|p2b: Adr. & Adr.|37/100
|-unboost|p1b: Gholdengo|spa|1
|-enditem|p2b: Adr. & Adr.|Sitrus Berry|[eat]
|-heal|p2b: Adr. & Adr.|62/100|[from] item: Sitrus Berry
|move|p2b: Adr. & Adr.|Taunt|p1b: Gholdengo
|-start|p1b: Gholdengo|move: Taunt
|
|upkeep
|turn|2
|inactive|thedelybird has 30 seconds left.
|inactive|PTP_VGC has 30 seconds left.
|
|t:|1756672743
|move|p2a: gbombsz|Earth Power|p1a: Incineroar
|-supereffective|p1a: Incineroar
|-damage|p1a: Incineroar|18/100
|-damage|p2a: gbombsz|15/100|[from] item: Life Orb
|move|p1b: Gholdengo|Make It Rain|p2b: Adr. & Adr.|[spread] p2a,p2b
|-crit|p2b: Adr. & Adr.
|-damage|p2a: gbombsz|0 fnt
|-damage|p2b: Adr. & Adr.|0 fnt
|-unboost|p1b: Gholdengo|spa|1
|faint|p2a: gbombsz
|faint|p2b: Adr. & Adr.
|-end|p2b: Adr. & Adr.|ability: Neutralizing Gas
|move|p1a: Incineroar|Flare Blitz|p2: gbombsz|[notarget]
|-fail|p1a: Incineroar
|
|upkeep
|
|t:|1756672749
|switch|p2a: Back Pocket|Pawmot, L50, F|100/100
|switch|p2b: Speedwalker|Weavile, L50, M|100/100
|-ability|p2b: Speedwalker|Pressure
|turn|3
|
|t:|1756672771
|switch|p1a: Pelipper|Pelipper, L50, M|100/100
|-weather|RainDance|[from] ability: Drizzle|[of] p1a: Pelipper
|move|p2b: Speedwalker|Knock Off|p1b: Gholdengo
|-supereffective|p1b: Gholdengo
|-damage|p1b: Gholdengo|0 fnt
|-enditem|p1b: Gholdengo|Metal Coat|[from] move: Knock Off|[of] p2b: Speedwalker
|faint|p1b: Gholdengo
|move|p2a: Back Pocket|Close Combat|p1a: Pelipper
|-resisted|p1a: Pelipper
|-damage|p1a: Pelipper|66/100
|-unboost|p2a: Back Pocket|def|1
|-unboost|p2a: Back Pocket|spd|1
|
|-weather|RainDance|[upkeep]
|upkeep
|
|t:|1756672782
|switch|p1b: Incineroar|Incineroar, L50, M|18/100
|-ability|p1b: Incineroar|Intimidate|boost
|-unboost|p2a: Back Pocket|atk|1
|-unboost|p2b: Speedwalker|atk|1
|turn|4
|inactive|PTP_VGC has 30 seconds left.
|
|t:|1756672813
|-terastallize|p2b: Speedwalker|Stellar
|move|p2a: Back Pocket|Protect|p2a: Back Pocket
|-singleturn|p2a: Back Pocket|Protect
|move|p1b: Incineroar|Fake Out|p2a: Back Pocket
|-activate|p2a: Back Pocket|move: Protect
|move|p2b: Speedwalker|Triple Axel|p1a: Pelipper
|-damage|p1a: Pelipper|53/100
|-damage|p1a: Pelipper|29/100
|-damage|p1a: Pelipper|0 fnt
|faint|p1a: Pelipper
|-hitcount|p1: Pelipper|3
|
|-weather|RainDance|[upkeep]
|upkeep
|
|t:|1756672822
|switch|p1a: Basculegion|Basculegion, L50, M|100/100
|turn|5
|inactive|thedelybird has 30 seconds left.
|inactive|PTP_VGC has 30 seconds left.
|
|t:|1756672855
|move|p1a: Basculegion|Protect|p1a: Basculegion
|-singleturn|p1a: Basculegion|Protect
|move|p2b: Speedwalker|Knock Off|p1b: Incineroar
|-resisted|p1b: Incineroar
|-crit|p1b: Incineroar
|-damage|p1b: Incineroar|0 fnt
|-enditem|p1b: Incineroar|Safety Goggles|[from] move: Knock Off|[of] p2b: Speedwalker
|faint|p1b: Incineroar
|move|p2a: Back Pocket|Revival Blessing|p2a: Back Pocket
|inactive|PTP_VGC has 30 seconds left.
|
|t:|1756672886
|-heal|p2: Adr. & Adr.|50/100|[from] move: Revival Blessing
|
|-weather|RainDance|[upkeep]
|upkeep
|turn|6
|
|t:|1756672909
|-terastallize|p1a: Basculegion|Water
|move|p1a: Basculegion|Wave Crash|p2b: Speedwalker
|-damage|p2b: Speedwalker|0 fnt
|faint|p2b: Speedwalker
|-damage|p1a: Basculegion|76/100|[from] Recoil
|move|p2a: Back Pocket|Double Shock|p1a: Basculegion
|-supereffective|p1a: Basculegion
|-damage|p1a: Basculegion|0 fnt
|-start|p2a: Back Pocket|typechange|???/Fighting|[from] move: Double Shock
|faint|p1a: Basculegion
|
|win|PTP_VGC
|raw|thedelybird's rating: 1345 → 1325(-20 for losing)
|raw|PTP_VGC's rating: 1344 → 1364(+20 for winning)
