|j|☆zhakuma
|j|☆natsukivgc
|html|zhakumanatsukivgc    
|uhtml|bestof|Game 1 of a best-of-3
|t:|1785922890
|gametype|doubles
|player|p1|zhakuma|lucas|1160
|player|p2|natsukivgc|169|1200
|gen|9
|tier|[Gen 9 Champions] VGC 2026 Reg M-B (Bo3)
|rated|
|rule|Species Clause: Limit one of each Pokémon
|rule|Item Clause: Limit 1 of each item
|clearpoke
|poke|p1|Aggron, L50, F|
|poke|p1|Farigiraf, L50, M|
|poke|p1|Camerupt, L50, F|
|poke|p1|Torkoal, L50, M|
|poke|p1|Staraptor, L50, F|
|poke|p1|Kingambit, L50, M|
|poke|p2|Hydreigon, L50, M|
|poke|p2|Garchomp, L50, F|
|poke|p2|Metagross, L50|
|poke|p2|Charizard, L50, M|
|poke|p2|Grimmsnarl, L50, M|
|poke|p2|Toxapex, L50, M|
|teampreview|4
|showteam|p1|Aggron||Aggronite|Sturdy|BodyPress,IronDefense,HeavySlam,Protect|Careful||F|||50|]Farigiraf||SitrusBerry|ArmorTail|HelpingHand,TwinBeam,TrickRoom,Thunderbolt|Calm||M|||50|]Camerupt||Cameruptite|MagmaArmor|HeatWave,EarthPower,AncientPower,Protect|Quiet||F|||50|]Torkoal||Charcoal|Drought|Eruption,HeatWave,SolarBeam,Protect|Quiet||M|||50|]Staraptor||ChoiceScarf|Intimidate|FinalGambit,BraveBird,CloseCombat,Uturn|Adamant||F|||50|]Kingambit||LifeOrb|Defiant|KowtowCleave,SuckerPunch,LowKick,Protect|Brave||M|||50|
|showteam|p2|Hydreigon||ChoiceScarf|Levitate|HeatWave,DarkPulse,DracoMeteor,Snarl|Modest||M|||50|]Garchomp||SitrusBerry|RoughSkin|Earthquake,RockSlide,DragonClaw,Protect|Adamant||F|||50|]Metagross||Metagrossite|ClearBody|IronHead,HammerArm,BulletPunch,Protect|Adamant|||||50|]Charizard||CharizarditeY|Blaze|Protect,HeatWave,SolarBeam,WeatherBall|Timid||M|||50|]Grimmsnarl||RoseliBerry|Prankster|FakeOut,FoulPlay,Reflect,PartingShot|Sassy||M|||50|]Toxapex||Leftovers|Regenerator|Infestation,Toxic,BanefulBunker,WideGuard|Bold||M|||50|
|inactive|Battle timer is ON: inactive players will automatically lose when time's up. (requested by zhakuma)
|inactive|natsukivgc has 60 seconds left.
|inactive|natsukivgc has 30 seconds left.
|
|t:|1785922951
|teamsize|p1|4
|teamsize|p2|4
|start
|switch|p1a: Farigiraf|Farigiraf, L50, M|100/100
|switch|p1b: Staraptor|Staraptor, L50, F|100/100
|switch|p2a: Metagross|Metagross, L50|100/100
|switch|p2b: Garchomp|Garchomp, L50, F|100/100
|-ability|p1b: Staraptor|Intimidate|boost
|-fail|p2a: Metagross|unboost|[from] ability: Clear Body|[of] p2a: Metagross
|-unboost|p2b: Garchomp|atk|1
|turn|1
|inactive|natsukivgc has 30 seconds left.
|
|t:|1785922980
|detailschange|p2a: Metagross|Metagross-Mega, L50
|-mega|p2a: Metagross|Metagross|Metagrossite
|move|p1b: Staraptor|Final Gambit|p2b: Garchomp
|-damage|p2b: Garchomp|10/100
|-enditem|p2b: Garchomp|Sitrus Berry|[eat]
|-heal|p2b: Garchomp|35/100|[from] item: Sitrus Berry
|faint|p1b: Staraptor
|move|p2b: Garchomp|Rock Slide|p1a: Farigiraf
|-damage|p1a: Farigiraf|85/100
|move|p2a: Metagross|Iron Head|p1a: Farigiraf
|-damage|p1a: Farigiraf|25/100
|-enditem|p1a: Farigiraf|Sitrus Berry|[eat]
|-heal|p1a: Farigiraf|49/100|[from] item: Sitrus Berry
|move|p1a: Farigiraf|Trick Room|p1a: Farigiraf
|-fieldstart|move: Trick Room|[of] p1a: Farigiraf
|
|upkeep
|
|t:|1785922993
|switch|p1b: Camerupt|Camerupt, L50, F|100/100
|turn|2
|inactive|natsukivgc has 30 seconds left.
|
|t:|1785923025
|switch|p1a: Torkoal|Torkoal, L50, M|100/100
|-weather|SunnyDay|[from] ability: Drought|[of] p1a: Torkoal
|detailschange|p1b: Camerupt|Camerupt-Mega, L50, F
|-mega|p1b: Camerupt|Camerupt|Cameruptite
|move|p2a: Metagross|Protect|p2a: Metagross
|-singleturn|p2a: Metagross|Protect
|move|p2b: Garchomp|Protect|p2b: Garchomp
|-singleturn|p2b: Garchomp|Protect
|move|p1b: Camerupt|Heat Wave|p2a: Metagross|[spread] 
|-activate|p2a: Metagross|move: Protect
|-activate|p2b: Garchomp|move: Protect
|
|-weather|SunnyDay|[upkeep]
|upkeep
|turn|3
|inactive|natsukivgc has 30 seconds left.
|inactive|natsukivgc has 20 seconds left.
|
|t:|1785923060
|switch|p2b: Toxapex|Toxapex, L50, M|100/100
|move|p2a: Metagross|Bullet Punch|p1a: Torkoal
|-resisted|p1a: Torkoal|1
|-damage|p1a: Torkoal|88/100
|move|p1a: Torkoal|Eruption|p2b: Toxapex|[spread] p2a,p2b
|-supereffective|p2a: Metagross|1
|-resisted|p2b: Toxapex|1
|-damage|p2a: Metagross|0 fnt
|-damage|p2b: Toxapex|71/100
|faint|p2a: Metagross
|move|p1b: Camerupt|Heat Wave|p2b: Toxapex
|-resisted|p2b: Toxapex|1
|-damage|p2b: Toxapex|29/100
|
|-weather|SunnyDay|[upkeep]
|-heal|p2b: Toxapex|35/100|[from] item: Leftovers
|upkeep
|
|t:|1785923084
|switch|p2a: Garchomp|Garchomp, L50, F|35/100
|turn|4
|
|t:|1785923095
|move|p2b: Toxapex|Baneful Bunker|p2b: Toxapex
|-singleturn|p2b: Toxapex|move: Protect
|move|p2a: Garchomp|Protect|p2a: Garchomp
|-singleturn|p2a: Garchomp|Protect
|move|p1b: Camerupt|Earth Power|p2a: Garchomp
|-activate|p2a: Garchomp|move: Protect
|move|p1a: Torkoal|Solar Beam||[still]
|-prepare|p1a: Torkoal|Solar Beam
|-anim|p1a: Torkoal|Solar Beam|p2b: Toxapex
|-activate|p2b: Toxapex|move: Protect
|
|-weather|SunnyDay|[upkeep]
|-heal|p2b: Toxapex|40/100|[from] item: Leftovers
|upkeep
|turn|5
|inactive|natsukivgc has 30 seconds left.
|inactive|natsukivgc has 20 seconds left.
|inactive|natsukivgc has 15 seconds left.
|inactive|natsukivgc has 10 seconds left.
|
|t:|1785923140
|switch|p2a: Grimmsnarl|Grimmsnarl, L50, M|100/100
|move|p1a: Torkoal|Solar Beam||[still]
|-prepare|p1a: Torkoal|Solar Beam
|-anim|p1a: Torkoal|Solar Beam|p2b: Toxapex
|-damage|p2b: Toxapex|14/100
|move|p1b: Camerupt|Earth Power|p2a: Grimmsnarl
|-damage|p2a: Grimmsnarl|35/100
|move|p2b: Toxapex|Toxic|p1b: Camerupt
|-status|p1b: Camerupt|tox
|
|-weather|SunnyDay|[upkeep]
|-heal|p2b: Toxapex|20/100y|[from] item: Leftovers
|-damage|p1b: Camerupt|93/100 tox|[from] psn
|-fieldend|move: Trick Room
|upkeep
|turn|6
|inactive|zhakuma has 30 seconds left.
|inactive|natsukivgc has 30 seconds left.
|inactive|natsukivgc has 20 seconds left.
|inactive|natsukivgc has 15 seconds left.
|
|t:|1785923182
|switch|p2a: Garchomp|Garchomp, L50, F|35/100
|move|p2b: Toxapex|Toxic|p1a: Torkoal
|-status|p1a: Torkoal|tox
|move|p1a: Torkoal|Solar Beam||[still]
|-prepare|p1a: Torkoal|Solar Beam
|-anim|p1a: Torkoal|Solar Beam|p2a: Garchomp
|-damage|p2a: Garchomp|1/100
|move|p1b: Camerupt|Earth Power|p2b: Toxapex
|-supereffective|p2b: Toxapex|1
|-damage|p2b: Toxapex|0 fnt
|faint|p2b: Toxapex
|
|-weather|none
|-damage|p1b: Camerupt|81/100 tox|[from] psn
|-damage|p1a: Torkoal|81/100 tox|[from] psn
|upkeep
|
|t:|1785923195
|switch|p2b: Grimmsnarl|Grimmsnarl, L50, M|35/100
|turn|7
|
|t:|1785923217
|move|p2b: Grimmsnarl|Fake Out|p1a: Torkoal
|-damage|p1a: Torkoal|72/100 tox
|move|p2a: Garchomp|Earthquake|p1b: Camerupt|[spread] p2b,p1a,p1b
|-supereffective|p1a: Torkoal|1
|-supereffective|p1b: Camerupt|1
|-damage|p2b: Grimmsnarl|0 fnt
|-damage|p1a: Torkoal|17/100 tox
|-damage|p1b: Camerupt|5/100 tox
|faint|p2b: Grimmsnarl
|move|p1b: Camerupt|Heat Wave|p2a: Garchomp
|-resisted|p2a: Garchomp|1
|-damage|p2a: Garchomp|0 fnt
|faint|p2a: Garchomp
|
|win|zhakuma
