|j|☆JoJoel&Jesus
|j|☆eaturmum
|html|JoJoel&Jesuseaturmum    
|uhtml|bestof|Game 2 of a best-of-3
|t:|1782621133
|gametype|doubles
|player|p1|JoJoel&Jesus|roughneck-gen4|1109
|player|p2|eaturmum|102|1107
|gen|9
|tier|[Gen 9 Champions] VGC 2026 Reg M-B (Bo3)
|rated|
|rule|Species Clause: Limit one of each Pokémon
|rule|Item Clause: Limit 1 of each item
|clearpoke
|poke|p1|Farigiraf, L50, F|
|poke|p1|Garchomp, L50, F|
|poke|p1|Gholdengo, L50|
|poke|p1|Kangaskhan, L50, F|
|poke|p1|Gyarados, L50, M|
|poke|p1|Zoroark-Hisui, L50, M|
|poke|p2|Swampert, L50, F, shiny|
|poke|p2|Pelipper, L50, M|
|poke|p2|Archaludon, L50, M|
|poke|p2|Basculegion, L50, M|
|poke|p2|Sinistcha, L50|
|poke|p2|Altaria, L50, M|
|teampreview|4
|showteam|p1|Farigiraf||Leftovers|ArmorTail|HelpingHand,Roar,TrickRoom,TwinBeam|Bold||F|||50|]Garchomp||SitrusBerry|RoughSkin|SwordsDance,Earthquake,DragonClaw,RockSlide|Brave||F|||50|]Gholdengo||LifeOrb|GoodasGold|MakeItRain,ShadowBall,Thunderbolt,Protect|Quiet|||||50|]Kangaskhan||SilkScarf|Scrappy|DoubleEdge,FakeOut,IcePunch,HammerArm|Adamant||F|||50|]Gyarados||Gyaradosite|Intimidate|Waterfall,Crunch,Taunt,Protect|Brave||M|||50|]Zoroark-Hisui||FocusSash|Illusion|Snarl,BitterMalice,Protect,SludgeBomb|Serious||M|||50|
|showteam|p2|Swampert||Swampertite|Damp|Waterfall,Protect,IcePunch,Earthquake|Adamant||F|||50|]Pelipper||FocusSash|Drizzle|Hurricane,Tailwind,RainDance,MuddyWater|Timid||M|||50|]Archaludon||ShucaBerry|Stamina|ElectroShot,DracoMeteor,Protect,FlashCannon|Timid||M|||50|]Basculegion||MysticWater|SwiftSwim|WaveCrash,Protect,LastRespects,FlipTurn|Adamant||M|||50|]Sinistcha||SitrusBerry|Hospitality|RagePowder,TrickRoom,LifeDew,MatchaGotcha|Sassy|||||50|]Altaria||Leftovers|CloudNine|Protect,Tailwind,Hurricane,WillOWisp|Calm||M|||50|
|
|t:|1782621183
|teamsize|p1|4
|teamsize|p2|4
|start
|switch|p1a: Gyarados|Gyarados, L50, M|100/100
|switch|p1b: Kangaskhan|Kangaskhan, L50, F|100/100
|switch|p2a: Fatass|Swampert, L50, F, shiny|100/100
|switch|p2b: Fat man|Archaludon, L50, M|100/100
|-ability|p1a: Gyarados|Intimidate|boost
|-unboost|p2a: Fatass|atk|1
|-unboost|p2b: Fat man|atk|1
|turn|1
|
|t:|1782621201
|detailschange|p2a: Fatass|Swampert-Mega, L50, F, shiny
|-mega|p2a: Fatass|Swampert|Swampertite
|detailschange|p1a: Gyarados|Gyarados-Mega, L50, M
|-mega|p1a: Gyarados|Gyarados|Gyaradosite
|-ability|p1a: Gyarados|Mold Breaker
|move|p2b: Fat man|Protect|p2b: Fat man
|-singleturn|p2b: Fat man|Protect
|move|p2a: Fatass|Protect|p2a: Fatass
|-singleturn|p2a: Fatass|Protect
|move|p1a: Gyarados|Protect|p1a: Gyarados
|-singleturn|p1a: Gyarados|Protect
|move|p1b: Kangaskhan|Bitter Malice|p2a: Fatass
|-activate|p2a: Fatass|move: Protect
|
|upkeep
|turn|2
|
|t:|1782621226
|switch|p2a: Benjamin Franklin|Pelipper, L50, M|100/100
|-weather|RainDance|[from] ability: Drizzle|[of] p2a: Benjamin Franklin
|move|p2b: Fat man|Electro Shot||[still]
|-prepare|p2b: Fat man|Electro Shot
|-boost|p2b: Fat man|spa|1
|-anim|p2b: Fat man|Electro Shot|p1a: Gyarados
|-supereffective|p1a: Gyarados|1
|-damage|p1a: Gyarados|1/100
|move|p1b: Kangaskhan|Snarl|p2a: Benjamin Franklin|[spread] p2a,p2b
|-damage|p2a: Benjamin Franklin|81/100
|-damage|p2b: Fat man|80/100
|-unboost|p2a: Benjamin Franklin|spa|1
|-unboost|p2b: Fat man|spa|1
|-ability|p2b: Fat man|Stamina|boost
|-boost|p2b: Fat man|def|1
|move|p1a: Gyarados|Taunt|p2b: Fat man
|-start|p2b: Fat man|move: Taunt
|
|-weather|RainDance|[upkeep]
|upkeep
|turn|3
|
|t:|1782621244
|move|p1a: Gyarados|Protect|p1a: Gyarados
|-singleturn|p1a: Gyarados|Protect
|move|p2b: Fat man|Electro Shot||[still]
|-prepare|p2b: Fat man|Electro Shot
|-boost|p2b: Fat man|spa|1
|-anim|p2b: Fat man|Electro Shot|p1b: Kangaskhan
|-enditem|p1b: Kangaskhan|Focus Sash
|-damage|p1b: Kangaskhan|1/100
|replace|p1b: Zoroark|Zoroark-Hisui, L50, M
|-end|p1b: Zoroark|Illusion
|move|p1b: Zoroark|Snarl|p2b: Fat man|[spread] p2a,p2b
|-damage|p2a: Benjamin Franklin|62/100
|-damage|p2b: Fat man|58/100
|-unboost|p2a: Benjamin Franklin|spa|1
|-unboost|p2b: Fat man|spa|1
|-ability|p2b: Fat man|Stamina|boost
|-boost|p2b: Fat man|def|1
|move|p2a: Benjamin Franklin|Tailwind|p2a: Benjamin Franklin
|-sidestart|p2: eaturmum|move: Tailwind
|
|-weather|RainDance|[upkeep]
|upkeep
|turn|4
|
|t:|1782621282
|move|p2b: Fat man|Electro Shot||[still]
|-prepare|p2b: Fat man|Electro Shot
|-boost|p2b: Fat man|spa|1
|-anim|p2b: Fat man|Electro Shot|p1a: Gyarados
|-supereffective|p1a: Gyarados|1
|-damage|p1a: Gyarados|0 fnt
|faint|p1a: Gyarados
|move|p2a: Benjamin Franklin|Muddy Water|p1b: Zoroark
|-damage|p1b: Zoroark|0 fnt
|faint|p1b: Zoroark
|
|-weather|RainDance|[upkeep]
|upkeep
|
|t:|1782621287
|switch|p1b: Guts|Farigiraf, L50, F|100/100
|switch|p1a: Kangaskhan|Kangaskhan, L50, F|100/100
|turn|5
|
|t:|1782621301
|move|p1a: Kangaskhan|Fake Out|p2b: Fat man
|-resisted|p2b: Fat man|1
|-crit|p2b: Fat man
|-damage|p2b: Fat man|43/100
|-ability|p2b: Fat man|Stamina|boost
|-boost|p2b: Fat man|def|1
|cant|p2b: Fat man|flinch
|move|p2a: Benjamin Franklin|Hurricane|p1b: Guts
|-damage|p1b: Guts|84/100
|move|p1b: Guts|Trick Room|p1b: Guts
|-fieldstart|move: Trick Room|[of] p1b: Guts
|
|-weather|RainDance|[upkeep]
|-heal|p1b: Guts|90/100|[from] item: Leftovers
|-end|p2b: Fat man|move: Taunt
|upkeep
|turn|6
|
|t:|1782621316
|move|p1b: Guts|Helping Hand|p1a: Kangaskhan
|-singleturn|p1a: Kangaskhan|Helping Hand|[of] p1b: Guts
|move|p1a: Kangaskhan|Hammer Arm|p2b: Fat man
|-supereffective|p2b: Fat man|1
|-damage|p2b: Fat man|11/100
|-unboost|p1a: Kangaskhan|spe|1
|-ability|p2b: Fat man|Stamina|boost
|-boost|p2b: Fat man|def|1
|move|p2a: Benjamin Franklin|Muddy Water|p1b: Guts|[spread] p1a
|-miss|p2a: Benjamin Franklin|p1b: Guts
|-damage|p1a: Kangaskhan|83/100
|move|p2b: Fat man|Electro Shot||[still]
|-prepare|p2b: Fat man|Electro Shot
|-boost|p2b: Fat man|spa|1
|-anim|p2b: Fat man|Electro Shot|p1b: Guts
|-damage|p1b: Guts|5/100
|
|-weather|none
|-heal|p1b: Guts|11/100|[from] item: Leftovers
|-sideend|p2: eaturmum|move: Tailwind
|upkeep
|turn|7
|
|t:|1782621342
|move|p2b: Fat man|Protect|p2b: Fat man
|-singleturn|p2b: Fat man|Protect
|move|p1a: Kangaskhan|Double-Edge|p2a: Benjamin Franklin
|-crit|p2a: Benjamin Franklin
|-damage|p2a: Benjamin Franklin|0 fnt
|faint|p2a: Benjamin Franklin
|-damage|p1a: Kangaskhan|64/100|[from] Recoil
|move|p1b: Guts|Twin Beam|p2b: Fat man
|-activate|p2b: Fat man|move: Protect
|
|-heal|p1b: Guts|17/100|[from] item: Leftovers
|upkeep
|
|t:|1782621356
|switch|p2a: Little boy|Basculegion, L50, M|100/100
|turn|8
|
|t:|1782621366
|move|p1a: Kangaskhan|Double-Edge|p2a: Little boy
|-damage|p2a: Little boy|17/100
|-damage|p1a: Kangaskhan|35/100|[from] Recoil
|move|p1b: Guts|Twin Beam|p2b: Fat man
|-resisted|p2b: Fat man|1
|-damage|p2b: Fat man|0 fnt
|faint|p2b: Fat man
|-hitcount|p2: Fat man|1
|move|p2a: Little boy|Wave Crash|p1a: Kangaskhan
|-damage|p1a: Kangaskhan|0 fnt
|faint|p1a: Kangaskhan
|-damage|p2a: Little boy|6/100|[from] Recoil
|
|-heal|p1b: Guts|23/100|[from] item: Leftovers
|upkeep
|
|t:|1782621378
|switch|p2b: Fatass|Swampert-Mega, L50, F, shiny|100/100
|turn|9
|inactive|Battle timer is ON: inactive players will automatically lose when time's up. (requested by eaturmum)
|inactive|JoJoel&Jesus has 60 seconds left.
|l|☆JoJoel&Jesus
|inactive|JoJoel&Jesus disconnected and has a minute to reconnect!
|player|p1|
|inactive|JoJoel&Jesus has 30 seconds left.
|inactive|JoJoel&Jesus has 20 seconds left.
|inactive|JoJoel&Jesus has 15 seconds left.
|inactive|JoJoel&Jesus has 10 seconds left.
|inactive|JoJoel&Jesus has 5 seconds left.
|n|!eaturmum|eaturmum
|-message|JoJoel&Jesus lost due to inactivity.
|
|win|eaturmum
