|j|☆dambro222
|j|☆Pati_Patout
|html|dambro222Pati_Patout    
|uhtml|bestof|Game 1 of a best-of-3
|t:|1756394599
|gametype|doubles
|player|p1|dambro222|102|1092
|player|p2|Pati_Patout|unknown|1121
|gen|9
|tier|[Gen 9] VGC 2025 Reg H (Bo3)
|rated|
|rule|Species Clause: Limit one of each Pokémon
|rule|Item Clause: Limit 1 of each item
|clearpoke
|poke|p1|Dragonite, L50, M|
|poke|p1|Volcarona, L50, F|
|poke|p1|Sneasler, L50, M|
|poke|p1|Rillaboom, L50, M|
|poke|p1|Electabuzz, L50, M|
|poke|p1|Kingambit, L50, M|
|poke|p2|Dragonite, L50, M|
|poke|p2|Ursaluna-Bloodmoon, L50, M|
|poke|p2|Gholdengo, L50|
|poke|p2|Incineroar, L50, F|
|poke|p2|Rillaboom, L50, F|
|poke|p2|Dondozo, L50, F|
|teampreview|4
|showteam|p1|Dragonite||LoadedDice|Multiscale|ScaleShot,ExtremeSpeed,Haze,Protect|||M|||50|,,,,,Fairy]Volcarona||CovertCloak|FlameBody|HeatWave,TeraBlast,QuiverDance,Protect|||F|||50|,,,,,Fairy]Sneasler||FocusSash|Unburden|CloseCombat,DireClaw,RockSlide,Protect|||M|||50|,,,,,Stellar]Rillaboom||AssaultVest|GrassySurge|WoodHammer,GrassyGlide,HighHorsepower,FakeOut|||M|||50|,,,,,Water]Electabuzz||Eviolite|VitalSpirit|Electroweb,FollowMe,Taunt,Protect|||M|||50|,,,,,Ghost]Kingambit||BlackGlasses|Defiant|KowtowCleave,SuckerPunch,SwordsDance,Protect|||M|||50|,,,,,Dark
|showteam|p2|Dragonite||LoadedDice|Multiscale|Protect,ScaleShot,ExtremeSpeed,Tailwind|||M|||50|,,,,,Steel]Ursaluna-Bloodmoon||LifeOrb|MindsEye|Protect,EarthPower,HyperVoice,BloodMoon|||M|||50|,,,,,Normal]Gholdengo||MetalCoat|GoodasGold|Protect,MakeItRain,ShadowBall,NastyPlot||||||50|,,,,,Water]Incineroar||SafetyGoggles|Intimidate|FlareBlitz,KnockOff,FakeOut,PartingShot|||F|||50|,,,,,Ghost]Rillaboom||AssaultVest|GrassySurge|WoodHammer,GrassyGlide,FakeOut,Uturn|||F|||50|,,,,,Fire]Dondozo||Leftovers|Unaware|Protect,WaveCrash,Fissure,Yawn|||F|||50|,,,,,Bug
|inactive|Battle timer is ON: inactive players will automatically lose when time's up. (requested by dambro222)
|inactive|dambro222 has 60 seconds left.
|inactive|Pati_Patout has 60 seconds left.
|inactive|Pati_Patout has 30 seconds left.
|inactive|Pati_Patout has 20 seconds left.
|inactive|Pati_Patout has 15 seconds left.
|inactive|Pati_Patout has 10 seconds left.
|
|t:|1756394684
|teamsize|p1|4
|teamsize|p2|4
|start
|switch|p1a: Volcarona|Volcarona, L50, F|100/100
|switch|p1b: Electabuzz|Electabuzz, L50, M|100/100
|switch|p2a: Dondozo|Dondozo, L50, F|100/100
|switch|p2b: Gholdengo|Gholdengo, L50|100/100
|turn|1
|inactive|dambro222 has 30 seconds left.
|
|t:|1756394712
|switch|p2b: Incineroar|Incineroar, L50, F|100/100
|-ability|p2b: Incineroar|Intimidate|boost
|-unboost|p1a: Volcarona|atk|1
|-unboost|p1b: Electabuzz|atk|1
|move|p1b: Electabuzz|Follow Me|p1b: Electabuzz
|-singleturn|p1b: Electabuzz|move: Follow Me
|move|p1a: Volcarona|Quiver Dance|p1a: Volcarona
|-boost|p1a: Volcarona|spa|1
|-boost|p1a: Volcarona|spd|1
|-boost|p1a: Volcarona|spe|1
|move|p2a: Dondozo|Fissure|p1b: Electabuzz|[miss]
|-miss|p2a: Dondozo|p1b: Electabuzz
|
|upkeep
|turn|2
|inactive|Pati_Patout has 30 seconds left.
|inactive|Pati_Patout has 20 seconds left.
|inactive|Pati_Patout has 15 seconds left.
|inactive|Pati_Patout has 10 seconds left.
|inactive|Pati_Patout has 5 seconds left.
|
|t:|1756394763
|move|p1a: Volcarona|Protect|p1a: Volcarona
|-singleturn|p1a: Volcarona|Protect
|move|p1b: Electabuzz|Protect|p1b: Electabuzz
|-singleturn|p1b: Electabuzz|Protect
|move|p2b: Incineroar|Knock Off|p1b: Electabuzz
|-activate|p1b: Electabuzz|move: Protect
|move|p2a: Dondozo|Wave Crash|p1a: Volcarona
|-activate|p1a: Volcarona|move: Protect
|
|upkeep
|turn|3
|inactive|dambro222 has 30 seconds left.
|
|t:|1756394794
|-terastallize|p1a: Volcarona|Fairy
|move|p1b: Electabuzz|Follow Me|p1b: Electabuzz
|-singleturn|p1b: Electabuzz|move: Follow Me
|move|p1a: Volcarona|Tera Blast|p2a: Dondozo|[anim] Tera Blast Fairy
|-damage|p2a: Dondozo|69/100
|move|p2b: Incineroar|Knock Off|p1b: Electabuzz
|-damage|p1b: Electabuzz|67/100
|-enditem|p1b: Electabuzz|Eviolite|[from] move: Knock Off|[of] p2b: Incineroar
|move|p2a: Dondozo|Fissure|p1b: Electabuzz|[miss]
|-miss|p2a: Dondozo|p1b: Electabuzz
|
|-heal|p2a: Dondozo|75/100|[from] item: Leftovers
|upkeep
|turn|4
|inactive|dambro222 has 30 seconds left.
|
|t:|1756394823
|move|p2a: Dondozo|Protect|p2a: Dondozo
|-singleturn|p2a: Dondozo|Protect
|move|p1b: Electabuzz|Follow Me|p1b: Electabuzz
|-singleturn|p1b: Electabuzz|move: Follow Me
|move|p1a: Volcarona|Quiver Dance|p1a: Volcarona
|-boost|p1a: Volcarona|spa|1
|-boost|p1a: Volcarona|spd|1
|-boost|p1a: Volcarona|spe|1
|move|p2b: Incineroar|Flare Blitz|p1b: Electabuzz
|-damage|p1b: Electabuzz|4/100
|-damage|p2b: Incineroar|82/100|[from] Recoil
|
|-heal|p2a: Dondozo|82/100|[from] item: Leftovers
|upkeep
|turn|5
|
|t:|1756394845
|move|p1b: Electabuzz|Follow Me|p1b: Electabuzz
|-singleturn|p1b: Electabuzz|move: Follow Me
|move|p1a: Volcarona|Tera Blast|p2b: Incineroar|[anim] Tera Blast Fairy
|-damage|p2b: Incineroar|14/100
|move|p2b: Incineroar|Knock Off|p1b: Electabuzz
|-damage|p1b: Electabuzz|0 fnt
|faint|p1b: Electabuzz
|move|p2a: Dondozo|Yawn|p1a: Volcarona
|-start|p1a: Volcarona|move: Yawn|[of] p2a: Dondozo
|
|-heal|p2a: Dondozo|88/100|[from] item: Leftovers
|upkeep
|
|t:|1756394856
|switch|p1b: Rillaboom|Rillaboom, L50, M|100/100
|-fieldstart|move: Grassy Terrain|[from] ability: Grassy Surge|[of] p1b: Rillaboom
|turn|6
|
|t:|1756394877
|switch|p2b: Gholdengo|Gholdengo, L50|100/100
|move|p2a: Dondozo|Protect|p2a: Dondozo
|-singleturn|p2a: Dondozo|Protect
|move|p1a: Volcarona|Quiver Dance|p1a: Volcarona
|-boost|p1a: Volcarona|spa|1
|-boost|p1a: Volcarona|spd|1
|-boost|p1a: Volcarona|spe|1
|move|p1b: Rillaboom|High Horsepower|p2b: Gholdengo|[miss]
|-miss|p1b: Rillaboom|p2b: Gholdengo
|
|-heal|p2a: Dondozo|94/100|[from] Grassy Terrain
|-heal|p2a: Dondozo|100/100|[from] item: Leftovers
|-end|p1a: Volcarona|move: Yawn|[silent]
|-status|p1a: Volcarona|slp
|upkeep
|turn|7
|
|t:|1756394902
|switch|p2a: Incineroar|Incineroar, L50, F|14/100
|-ability|p2a: Incineroar|Intimidate|boost
|-unboost|p1a: Volcarona|atk|1
|-unboost|p1b: Rillaboom|atk|1
|cant|p1a: Volcarona|slp
|move|p2b: Gholdengo|Nasty Plot|p2b: Gholdengo
|-boost|p2b: Gholdengo|spa|2
|move|p1b: Rillaboom|High Horsepower|p2b: Gholdengo
|-supereffective|p2b: Gholdengo
|-damage|p2b: Gholdengo|55/100
|
|-heal|p2b: Gholdengo|62/100|[from] Grassy Terrain
|-heal|p2a: Incineroar|20/100|[from] Grassy Terrain
|upkeep
|turn|8
|
|t:|1756394917
|move|p2a: Incineroar|Fake Out|p1a: Volcarona
|-damage|p1a: Volcarona|84/100 slp
|-curestatus|p1a: Volcarona|slp|[msg]
|move|p1a: Volcarona|Heat Wave|p2b: Gholdengo|[spread] p2a,p2b
|-resisted|p2a: Incineroar
|-supereffective|p2b: Gholdengo
|-damage|p2a: Incineroar|0 fnt
|-damage|p2b: Gholdengo|0 fnt
|faint|p2a: Incineroar
|faint|p2b: Gholdengo
|move|p1b: Rillaboom|High Horsepower|p2: Incineroar|[notarget]
|-fail|p1b: Rillaboom
|
|-heal|p1a: Volcarona|90/100|[from] Grassy Terrain
|upkeep
|
|t:|1756394931
|switch|p2b: Dragonite|Dragonite, L50, M|100/100
|switch|p2a: Dondozo|Dondozo, L50, F|100/100
|turn|9
|inactive|Pati_Patout has 30 seconds left.
|
|t:|1756394962
|-terastallize|p2a: Dondozo|Bug
|move|p1a: Volcarona|Protect|p1a: Volcarona
|-singleturn|p1a: Volcarona|Protect
|move|p2b: Dragonite|Scale Shot|p1b: Rillaboom
|-damage|p1b: Rillaboom|86/100
|-damage|p1b: Rillaboom|71/100
|-damage|p1b: Rillaboom|56/100
|-damage|p1b: Rillaboom|41/100
|-hitcount|p1b: Rillaboom|4
|-unboost|p2b: Dragonite|def|1
|-boost|p2b: Dragonite|spe|1
|move|p1b: Rillaboom|Wood Hammer|p2a: Dondozo
|-resisted|p2a: Dondozo
|-damage|p2a: Dondozo|76/100
|-damage|p1b: Rillaboom|31/100|[from] Recoil
|move|p2a: Dondozo|Yawn|p1a: Volcarona
|-activate|p1a: Volcarona|move: Protect
|
|-heal|p1a: Volcarona|97/100|[from] Grassy Terrain
|-heal|p1b: Rillaboom|37/100|[from] Grassy Terrain
|-heal|p2a: Dondozo|83/100|[from] Grassy Terrain
|-heal|p2a: Dondozo|89/100|[from] item: Leftovers
|upkeep
|turn|10
|inactive|Pati_Patout has 30 seconds left.
|
|t:|1756394988
|move|p2b: Dragonite|Protect|p2b: Dragonite
|-singleturn|p2b: Dragonite|Protect
|move|p1b: Rillaboom|Grassy Glide|p2b: Dragonite
|-activate|p2b: Dragonite|move: Protect
|move|p1a: Volcarona|Heat Wave|p2b: Dragonite|[spread] p2a
|-activate|p2b: Dragonite|move: Protect
|-supereffective|p2a: Dondozo
|-damage|p2a: Dondozo|39/100
|-status|p2a: Dondozo|brn
|move|p2a: Dondozo|Fissure|p1a: Volcarona|[miss]
|-miss|p2a: Dondozo|p1a: Volcarona
|
|-heal|p1a: Volcarona|100/100|[from] Grassy Terrain
|-heal|p1b: Rillaboom|44/100|[from] Grassy Terrain
|-heal|p2a: Dondozo|45/100 brn|[from] Grassy Terrain
|-heal|p2a: Dondozo|51/100 brn|[from] item: Leftovers
|-damage|p2a: Dondozo|45/100 brn|[from] brn
|-fieldend|move: Grassy Terrain
|upkeep
|turn|11
|inactive|dambro222 has 30 seconds left.
|inactive|Pati_Patout has 30 seconds left.
|
|t:|1756395020
|switch|p1b: Sneasler|Sneasler, L50, M|100/100
|move|p1a: Volcarona|Protect|p1a: Volcarona
|-singleturn|p1a: Volcarona|Protect
|move|p2b: Dragonite|Protect||[still]
|-fail|p2b: Dragonite
|move|p2a: Dondozo|Fissure|p1a: Volcarona
|-activate|p1a: Volcarona|move: Protect
|
|-heal|p2a: Dondozo|51/100 brn|[from] item: Leftovers
|-damage|p2a: Dondozo|45/100 brn|[from] brn
|upkeep
|turn|12
|inactive|Pati_Patout has 30 seconds left.
|
|t:|1756395047
|move|p1a: Volcarona|Heat Wave|p2b: Dragonite|[spread] p2a,p2b
|-supereffective|p2a: Dondozo
|-resisted|p2b: Dragonite
|-crit|p2b: Dragonite
|-damage|p2a: Dondozo|0 fnt
|-damage|p2b: Dragonite|65/100
|faint|p2a: Dondozo
|move|p2b: Dragonite|Scale Shot|p1b: Sneasler
|-damage|p1b: Sneasler|76/100
|-damage|p1b: Sneasler|49/100
|-damage|p1b: Sneasler|25/100
|-damage|p1b: Sneasler|0 fnt
|faint|p1b: Sneasler
|-hitcount|p1: Sneasler|4
|-unboost|p2b: Dragonite|def|1
|-boost|p2b: Dragonite|spe|1
|
|upkeep
|
|t:|1756395055
|switch|p1b: Rillaboom|Rillaboom, L50, M|44/100
|-fieldstart|move: Grassy Terrain|[from] ability: Grassy Surge|[of] p1b: Rillaboom
|turn|13
|
|t:|1756395063
|move|p1b: Rillaboom|Fake Out|p2b: Dragonite
|-damage|p2b: Dragonite|31/100
|cant|p2b: Dragonite|flinch
|move|p1a: Volcarona|Quiver Dance|p1a: Volcarona
|-boost|p1a: Volcarona|spa|1
|-boost|p1a: Volcarona|spd|1
|-boost|p1a: Volcarona|spe|1
|
|-heal|p1b: Rillaboom|50/100|[from] Grassy Terrain
|upkeep
|turn|14
|-message|Pati_Patout forfeited.
|
|win|dambro222
||Pati_Patout is ready for game 2.
||dambro222 is ready for game 2.
|uhtml|next|Next: Game 2 of 3
|l|☆Pati_Patout
|player|p2|
