|j|☆elmono11
|j|☆siamocucinatidoc
|html|elmono11siamocucinatidoc    
|uhtml|bestof|Game 2 of a best-of-3
|t:|1783896232
|gametype|doubles
|player|p1|elmono11|101|1243
|player|p2|siamocucinatidoc|170|1285
|gen|9
|tier|[Gen 9 Champions] VGC 2026 Reg M-B (Bo3)
|rated|
|rule|Species Clause: Limit one of each Pokémon
|rule|Item Clause: Limit 1 of each item
|clearpoke
|poke|p1|Blaziken, L50, F|
|poke|p1|Venusaur, L50, F|
|poke|p1|Ninetales-Alola, L50, M|
|poke|p1|Lycanroc-Dusk, L50, F|
|poke|p1|Kingambit, L50, M|
|poke|p1|Basculegion, L50, M|
|poke|p2|Gholdengo, L50|
|poke|p2|Aerodactyl, L50, F|
|poke|p2|Incineroar, L50, F|
|poke|p2|Sinistcha-Masterpiece, L50|
|poke|p2|Kommo-o, L50, M|
|poke|p2|Charizard, L50, F|
|teampreview|4
|showteam|p1|Blaziken||Blazikenite|SpeedBoost|CloseCombat,FlareBlitz,StoneEdge,Detect|Adamant||F|||50|]Venusaur||Venusaurite|Chlorophyll|GigaDrain,SludgeBomb,EarthPower,Protect|Modest||F|||50|]Ninetales-Alola||NeverMeltIce|SnowWarning|Blizzard,FreezeDry,Encore,Protect|Timid||M|||50|]Lycanroc-Dusk||FocusSash|ToughClaws|Accelerock,RockSlide,CloseCombat,Protect|Adamant||F|||50|]Kingambit||LifeOrb|Defiant|KowtowCleave,SuckerPunch,IronHead,Protect|Adamant||M|||50|]Basculegion||ChoiceScarf|Adaptability|WaveCrash,LastRespects,FlipTurn,AquaJet|Jolly||M|||50|
|showteam|p2|Gholdengo||ColburBerry|GoodasGold|MakeItRain,ShadowBall,NastyPlot,Protect|Modest|||||50|]Aerodactyl||Aerodactylite|Unnerve|Tailwind,RockSlide,DualWingbeat,WideGuard|Jolly||F|||50|]Incineroar||SitrusBerry|Intimidate|FakeOut,FlareBlitz,ThroatChop,PartingShot|Careful||F|||50|]Sinistcha-Masterpiece||KasibBerry|Hospitality|MatchaGotcha,RagePowder,TrickRoom,LifeDew|Bold|||||50|]Kommo-o||Leftovers|Soundproof|ClangingScales,AuraSphere,ClangorousSoul,Protect|Timid||M|||50|]Charizard||CharizarditeY|SolarPower|HeatWave,WeatherBall,SolarBeam,Protect|Modest||F|||50|
|
|t:|1783896277
|teamsize|p1|4
|teamsize|p2|4
|start
|switch|p1a: Kingambit|Kingambit, L50, M|100/100
|switch|p1b: Lycanroc|Lycanroc-Dusk, L50, F|100/100
|switch|p2a: Kommo-o|Kommo-o, L50, M|100/100
|switch|p2b: Charizard|Charizard, L50, F|100/100
|turn|1
|
|t:|1783896302
|move|p2b: Charizard|Protect|p2b: Charizard
|-singleturn|p2b: Charizard|Protect
|move|p1b: Lycanroc|Rock Slide|p2a: Kommo-o|[spread] p2a
|-activate|p2b: Charizard|move: Protect
|-resisted|p2a: Kommo-o|1
|-damage|p2a: Kommo-o|86/100
|move|p2a: Kommo-o|Clangorous Soul|p2a: Kommo-o
|-boost|p2a: Kommo-o|atk|1
|-boost|p2a: Kommo-o|def|1
|-boost|p2a: Kommo-o|spa|1
|-boost|p2a: Kommo-o|spd|1
|-boost|p2a: Kommo-o|spe|1
|-damage|p2a: Kommo-o|54/100
|move|p1a: Kingambit|Iron Head|p2a: Kommo-o
|-damage|p2a: Kommo-o|18/100
|-damage|p1a: Kingambit|90/100|[from] item: Life Orb
|
|-heal|p2a: Kommo-o|24/100|[from] item: Leftovers
|upkeep
|turn|2
|
|t:|1783896335
|switch|p2b: Sinistcha|Sinistcha-Masterpiece, L50|100/100
|-heal|p2a: Kommo-o|49/100|[from] ability: Hospitality|[of] p2b: Sinistcha
|switch|p1a: Basculegion|Basculegion, L50, M|100/100
|move|p2a: Kommo-o|Protect|p2a: Kommo-o
|-singleturn|p2a: Kommo-o|Protect
|move|p1b: Lycanroc|Rock Slide|p2a: Kommo-o|[spread] p2b
|-activate|p2a: Kommo-o|move: Protect
|-damage|p2b: Sinistcha|73/100
|
|-heal|p2a: Kommo-o|55/100|[from] item: Leftovers
|upkeep
|turn|3
|
|t:|1783896356
|switch|p1a: Kingambit|Kingambit, L50, M|90/100
|switch|p2b: Incineroar|Incineroar, L50, F|100/100
|-ability|p2b: Incineroar|Intimidate|boost
|-unboost|p1a: Kingambit|atk|1
|-ability|p1a: Kingambit|Defiant|boost
|-boost|p1a: Kingambit|atk|2
|-unboost|p1b: Lycanroc|atk|1
|move|p2a: Kommo-o|Aura Sphere|p1b: Lycanroc
|-supereffective|p1b: Lycanroc|1
|-enditem|p1b: Lycanroc|Focus Sash
|-damage|p1b: Lycanroc|1/100
|move|p1b: Lycanroc|Rock Slide|p2a: Kommo-o|[spread] p2a,p2b
|-resisted|p2a: Kommo-o|1
|-supereffective|p2b: Incineroar|1
|-damage|p2a: Kommo-o|50/100y
|-damage|p2b: Incineroar|60/100
|
|-heal|p2a: Kommo-o|56/100|[from] item: Leftovers
|upkeep
|turn|4
|
|t:|1783896387
|move|p1a: Kingambit|Protect|p1a: Kingambit
|-singleturn|p1a: Kingambit|Protect
|move|p2b: Incineroar|Fake Out|p1a: Kingambit
|-activate|p1a: Kingambit|move: Protect
|move|p2a: Kommo-o|Clangorous Soul|p2a: Kommo-o
|-boost|p2a: Kommo-o|atk|1
|-boost|p2a: Kommo-o|def|1
|-boost|p2a: Kommo-o|spa|1
|-boost|p2a: Kommo-o|spd|1
|-boost|p2a: Kommo-o|spe|1
|-damage|p2a: Kommo-o|23/100
|move|p1b: Lycanroc|Rock Slide|p2a: Kommo-o|[spread] p2a,p2b
|-resisted|p2a: Kommo-o|1
|-supereffective|p2b: Incineroar|1
|-damage|p2a: Kommo-o|19/100
|-damage|p2b: Incineroar|24/100
|-enditem|p2b: Incineroar|Sitrus Berry|[eat]
|-heal|p2b: Incineroar|49/100|[from] item: Sitrus Berry
|
|-heal|p2a: Kommo-o|25/100|[from] item: Leftovers
|upkeep
|turn|5
|
|t:|1783896402
|switch|p1b: Ninetales|Ninetales-Alola, L50, M|100/100
|-weather|Snowscape|[from] ability: Snow Warning|[of] p1b: Ninetales
|move|p2a: Kommo-o|Protect|p2a: Kommo-o
|-singleturn|p2a: Kommo-o|Protect
|move|p1a: Kingambit|Sucker Punch||[still]
|-fail|p1a: Kingambit
|move|p2b: Incineroar|Parting Shot|p1b: Ninetales
|-unboost|p1b: Ninetales|atk|1
|-unboost|p1b: Ninetales|spa|1
|
|t:|1783896414
|switch|p2b: Sinistcha|Sinistcha-Masterpiece, L50|73/100|[from] Parting Shot
|-heal|p2a: Kommo-o|50/100g|[from] ability: Hospitality|[of] p2b: Sinistcha
|
|-weather|Snowscape|[upkeep]
|-heal|p2a: Kommo-o|56/100|[from] item: Leftovers
|upkeep
|turn|6
|
|t:|1783896432
|move|p1a: Kingambit|Protect|p1a: Kingambit
|-singleturn|p1a: Kingambit|Protect
|move|p2a: Kommo-o|Aura Sphere|p1b: Ninetales
|-damage|p1b: Ninetales|29/100
|move|p1b: Ninetales|Blizzard|p2a: Kommo-o|[spread] p2a,p2b
|-supereffective|p2a: Kommo-o|1
|-supereffective|p2b: Sinistcha|1
|-damage|p2a: Kommo-o|36/100
|-damage|p2b: Sinistcha|35/100
|move|p2b: Sinistcha|Matcha Gotcha|p1b: Ninetales|[spread] p1b
|-activate|p1a: Kingambit|move: Protect
|-damage|p1b: Ninetales|4/100
|-heal|p2b: Sinistcha|47/100|[from] drain|[of] p1b: Ninetales
|
|-weather|Snowscape|[upkeep]
|-heal|p2a: Kommo-o|43/100|[from] item: Leftovers
|upkeep
|turn|7
|
|t:|1783896473
|switch|p1b: Lycanroc|Lycanroc-Dusk, L50, F|1/100
|move|p2a: Kommo-o|Aura Sphere|p1b: Lycanroc
|-supereffective|p1b: Lycanroc|1
|-damage|p1b: Lycanroc|0 fnt
|faint|p1b: Lycanroc
|move|p2b: Sinistcha|Life Dew|p2b: Sinistcha|[spread] p2a,p2b
|-heal|p2a: Kommo-o|68/100
|-heal|p2b: Sinistcha|73/100
|move|p1a: Kingambit|Iron Head|p2a: Kommo-o
|-damage|p2a: Kommo-o|24/100
|-damage|p1a: Kingambit|80/100|[from] item: Life Orb
|
|-weather|Snowscape|[upkeep]
|-heal|p2a: Kommo-o|30/100|[from] item: Leftovers
|upkeep
|
|t:|1783896487
|switch|p1b: Ninetales|Ninetales-Alola, L50, M|4/100
|turn|8
|
|t:|1783896499
|move|p2b: Sinistcha|Rage Powder|p2b: Sinistcha
|-singleturn|p2b: Sinistcha|move: Rage Powder
|move|p2a: Kommo-o|Aura Sphere|p1b: Ninetales
|-damage|p1b: Ninetales|0 fnt
|faint|p1b: Ninetales
|move|p1a: Kingambit|Kowtow Cleave|p2b: Sinistcha
|-supereffective|p2b: Sinistcha|1
|-damage|p2b: Sinistcha|0 fnt
|faint|p2b: Sinistcha
|-damage|p1a: Kingambit|71/100|[from] item: Life Orb
|
|-weather|Snowscape|[upkeep]
|-heal|p2a: Kommo-o|36/100|[from] item: Leftovers
|upkeep
|
|t:|1783896508
|switch|p1b: Basculegion|Basculegion, L50, M|100/100
|switch|p2b: Charizard|Charizard, L50, F|100/100
|turn|9
|
|t:|1783896530
|move|p2a: Kommo-o|Protect|p2a: Kommo-o
|-singleturn|p2a: Kommo-o|Protect
|move|p2b: Charizard|Protect|p2b: Charizard
|-singleturn|p2b: Charizard|Protect
|move|p1a: Kingambit|Protect|p1a: Kingambit
|-singleturn|p1a: Kingambit|Protect
|move|p1b: Basculegion|Last Respects|p2a: Kommo-o
|-activate|p2a: Kommo-o|move: Protect
|
|-weather|none
|-heal|p2a: Kommo-o|43/100|[from] item: Leftovers
|upkeep
|turn|10
|
|t:|1783896549
|detailschange|p2b: Charizard|Charizard-Mega-Y, L50, F
|-mega|p2b: Charizard|Charizard|Charizardite Y
|-weather|SunnyDay|[from] ability: Drought|[of] p2b: Charizard
|move|p1a: Kingambit|Sucker Punch|p2a: Kommo-o
|-resisted|p2a: Kommo-o|1
|-damage|p2a: Kommo-o|23/100
|-damage|p1a: Kingambit|61/100|[from] item: Life Orb
|move|p2a: Kommo-o|Aura Sphere|p1a: Kingambit
|-supereffective|p1a: Kingambit|2
|-damage|p1a: Kingambit|0 fnt
|faint|p1a: Kingambit
|move|p1b: Basculegion|Last Respects|p2b: Charizard
|-damage|p2b: Charizard|0 fnt
|faint|p2b: Charizard
|
|-weather|SunnyDay|[upkeep]
|-heal|p2a: Kommo-o|30/100|[from] item: Leftovers
|upkeep
|
|t:|1783896564
|switch|p2b: Incineroar|Incineroar, L50, F|49/100
|-ability|p2b: Incineroar|Intimidate|boost
|-unboost|p1b: Basculegion|atk|1
|turn|11
|
|t:|1783896569
|move|p2a: Kommo-o|Clanging Scales|p1b: Basculegion
|-damage|p1b: Basculegion|0 fnt
|faint|p1b: Basculegion
|
|win|siamocucinatidoc
|raw|elmono11's rating: 1243 → 1221(-22 for losing)
|raw|siamocucinatidoc's rating: 1285 → 1307(+22 for winning)
|l|☆elmono11
|player|p1|
|c|☆siamocucinatidoc|Ggs
