|j|☆Revuelta2008
|j|☆Jojo_Z.ro1015
|html|Revuelta2008Jojo_Z.ro1015    
|uhtml|bestof|Game 2 of a best-of-3
|t:|1785352814
|gametype|doubles
|player|p1|Revuelta2008|101|1112
|player|p2|Jojo_Z.ro1015|cynthia|1068
|gen|9
|tier|[Gen 9 Champions] VGC 2026 Reg M-B (Bo3)
|rated|
|rule|Species Clause: Limit one of each Pokémon
|rule|Item Clause: Limit 1 of each item
|clearpoke
|poke|p1|Blaziken, L50, M, shiny|
|poke|p1|Vivillon-Pokeball, L50, M|
|poke|p1|Sableye, L50, M|
|poke|p1|Tsareena, L50, F, shiny|
|poke|p1|Aerodactyl, L50, M|
|poke|p1|Farigiraf, L50, M|
|poke|p2|Sceptile, L50, M, shiny|
|poke|p2|Jolteon, L50, M|
|poke|p2|Staraptor, L50, M, shiny|
|poke|p2|Talonflame, L50, M, shiny|
|poke|p2|Sinistcha-Masterpiece, L50|
|poke|p2|Garchomp, L50, M, shiny|
|teampreview|4
|showteam|p1|Blaziken||Blazikenite|SpeedBoost|Detect,CloseCombat,FlareBlitz,ThunderPunch|Adamant||M|||50|]Vivillon-Pokeball||FocusSash|CompoundEyes|SleepPowder,Tailwind,Hurricane,Protect|Timid||M|||50|]Sableye||RoseliBerry|Prankster|FakeOut,Quash,FoulPlay,Encore|Impish||M|||50|]Tsareena||ChoiceScarf|QueenlyMajesty|TropKick,TripleAxel,Uturn,HighJumpKick|Jolly||F|||50|]Aerodactyl||Aerodactylite|Unnerve|Protect,IceFang,RockSlide,DualWingbeat|Jolly||M|||50|]Farigiraf||SitrusBerry|ArmorTail|TrickRoom,TwinBeam,HyperVoice,Protect|Calm||M|||50|
|showteam|p2|Sceptile||Sceptilite|Unburden|DragonPulse,EnergyBall,Detect,EarthPower|Modest||M|||50|]Jolteon||ChoiceScarf|VoltAbsorb|Protect,Discharge,AlluringVoice,Thunderbolt|Timid||M|||50|]Staraptor||Staraptite|Intimidate|CloseCombat,BraveBird,Tailwind,Roost|Adamant||M|||50|]Talonflame|||GaleWings|Tailwind,Acrobatics,BlazeKick,Protect|Jolly||M|||50|]Sinistcha-Masterpiece||SitrusBerry|Hospitality|StrengthSap,MatchaGotcha,RagePowder,LifeDew|Bold|||||50|]Garchomp||YacheBerry|RoughSkin|DragonClaw,SwordsDance,FireFang,Earthquake|Jolly||M|||50|
|inactive|Battle timer is ON: inactive players will automatically lose when time's up. (requested by Jojo_Z.ro1015)
|inactive|Revuelta2008 has 60 seconds left.
|
|t:|1785352853
|teamsize|p1|4
|teamsize|p2|4
|start
|switch|p1a: Tsareena|Tsareena, L50, F, shiny|100/100
|switch|p1b: Sableye|Sableye, L50, M|100/100
|switch|p2a: Talonflame|Talonflame, L50, M, shiny|100/100
|switch|p2b: Sinistcha|Sinistcha-Masterpiece, L50|100/100
|turn|1
|j| fleau2143
|inactive|Jojo_Z.ro1015 has 30 seconds left.
|
|t:|1785352878
|move|p2a: Talonflame|Protect|p2a: Talonflame
|-singleturn|p2a: Talonflame|Protect
|move|p1b: Sableye|Fake Out|p2a: Talonflame
|-activate|p2a: Talonflame|move: Protect
|move|p1a: Tsareena|Triple Axel|p2b: Sinistcha
|-supereffective|p2b: Sinistcha|1
|-damage|p2b: Sinistcha|91/100
|-supereffective|p2b: Sinistcha|1
|-damage|p2b: Sinistcha|70/100
|-supereffective|p2b: Sinistcha|1
|-damage|p2b: Sinistcha|42/100
|-enditem|p2b: Sinistcha|Sitrus Berry|[eat]
|-heal|p2b: Sinistcha|67/100|[from] item: Sitrus Berry
|-hitcount|p2b: Sinistcha|3
|move|p2b: Sinistcha|Strength Sap|p1a: Tsareena
|-unboost|p1a: Tsareena|atk|1
|-heal|p2b: Sinistcha|100/100
|
|upkeep
|turn|2
|
|t:|1785352901
|switch|p1a: Aerodactyl|Aerodactyl, L50, M|100/100
|-ability|p1a: Aerodactyl|Unnerve
|move|p2a: Talonflame|Tailwind|p2a: Talonflame
|-sidestart|p2: Jojo_Z.ro1015|move: Tailwind
|move|p1b: Sableye|Encore|p2a: Talonflame
|-start|p2a: Talonflame|Encore
|move|p2b: Sinistcha|Matcha Gotcha|p1a: Aerodactyl|[spread] p1a,p1b
|-damage|p1a: Aerodactyl|67/100
|-damage|p1b: Sableye|57/100
|
|upkeep
|turn|3
|
|t:|1785352919
|switch|p2a: Jolteon|Jolteon, L50, M|100/100
|move|p1a: Aerodactyl|Rock Slide|p2b: Sinistcha|[spread] p2a,p2b
|-damage|p2a: Jolteon|52/100
|-damage|p2b: Sinistcha|83/100
|move|p2b: Sinistcha|Matcha Gotcha|p1b: Sableye|[spread] p1a,p1b
|-damage|p1a: Aerodactyl|35/100
|-heal|p2b: Sinistcha|97/100|[from] drain|[of] p1a: Aerodactyl
|-damage|p1b: Sableye|19/100
|-heal|p2b: Sinistcha|100/100|[from] drain|[of] p1b: Sableye
|move|p1b: Sableye|Foul Play|p2b: Sinistcha
|-supereffective|p2b: Sinistcha|1
|-damage|p2b: Sinistcha|73/100
|
|upkeep
|turn|4
|
|t:|1785352944
|switch|p2a: Talonflame|Talonflame, L50, M, shiny|100/100
|move|p1a: Aerodactyl|Protect|p1a: Aerodactyl
|-singleturn|p1a: Aerodactyl|Protect
|move|p2b: Sinistcha|Rage Powder|p2b: Sinistcha
|-singleturn|p2b: Sinistcha|move: Rage Powder
|move|p1b: Sableye|Foul Play|p2b: Sinistcha
|-supereffective|p2b: Sinistcha|1
|-damage|p2b: Sinistcha|42/100
|
|upkeep
|turn|5
|
|t:|1785352961
|move|p2a: Talonflame|Protect|p2a: Talonflame
|-singleturn|p2a: Talonflame|Protect
|move|p1b: Sableye|Quash|p2a: Talonflame
|-activate|p2a: Talonflame|move: Protect
|move|p1a: Aerodactyl|Rock Slide|p2b: Sinistcha|[spread] p2b
|-activate|p2a: Talonflame|move: Protect
|-damage|p2b: Sinistcha|25/100
|move|p2b: Sinistcha|Matcha Gotcha|p1a: Aerodactyl|[spread] p1a,p1b
|-crit|p1a: Aerodactyl
|-damage|p1a: Aerodactyl|0 fnt
|-heal|p2b: Sinistcha|41/100|[from] drain|[of] p1a: Aerodactyl
|-damage|p1b: Sableye|0 fnt
|-heal|p2b: Sinistcha|50/100y|[from] drain|[of] p1b: Sableye
|faint|p1a: Aerodactyl
|faint|p1b: Sableye
|
|-sideend|p2: Jojo_Z.ro1015|move: Tailwind
|upkeep
|
|t:|1785352973
|switch|p1a: Blaziken|Blaziken, L50, M, shiny|100/100
|switch|p1b: Tsareena|Tsareena, L50, F, shiny|100/100
|turn|6
|
|t:|1785352988
|detailschange|p1a: Blaziken|Blaziken-Mega, L50, M, shiny
|-mega|p1a: Blaziken|Blaziken|Blazikenite
|move|p1a: Blaziken|Detect|p1a: Blaziken
|-singleturn|p1a: Blaziken|Protect
|move|p2b: Sinistcha|Rage Powder|p2b: Sinistcha
|-singleturn|p2b: Sinistcha|move: Rage Powder
|move|p2a: Talonflame|Tailwind|p2a: Talonflame
|-sidestart|p2: Jojo_Z.ro1015|move: Tailwind
|move|p1b: Tsareena|Triple Axel|p2a: Talonflame
|-damage|p2a: Talonflame|89/100
|-damage|p2a: Talonflame|69/100
|-damage|p2a: Talonflame|38/100
|-hitcount|p2a: Talonflame|3
|
|-ability|p1a: Blaziken|Speed Boost|boost
|-boost|p1a: Blaziken|spe|1
|upkeep
|turn|7
|
|t:|1785353012
|move|p2a: Talonflame|Acrobatics|p1b: Tsareena
|-supereffective|p1b: Tsareena|1
|-damage|p1b: Tsareena|0 fnt
|faint|p1b: Tsareena
|move|p1a: Blaziken|Thunder Punch|p2a: Talonflame
|-supereffective|p2a: Talonflame|1
|-damage|p2a: Talonflame|0 fnt
|faint|p2a: Talonflame
|move|p2b: Sinistcha|Matcha Gotcha|p1a: Blaziken
|-resisted|p1a: Blaziken|1
|-damage|p1a: Blaziken|77/100
|-heal|p2b: Sinistcha|60/100|[from] drain|[of] p1a: Blaziken
|
|-ability|p1a: Blaziken|Speed Boost|boost
|-boost|p1a: Blaziken|spe|1
|upkeep
|
|t:|1785353023
|switch|p2a: Jolteon|Jolteon, L50, M|52/100
|turn|8
|
|t:|1785353032
|move|p2a: Jolteon|Protect|p2a: Jolteon
|-singleturn|p2a: Jolteon|Protect
|move|p1a: Blaziken|Detect|p1a: Blaziken
|-singleturn|p1a: Blaziken|Protect
|move|p2b: Sinistcha|Strength Sap|p1a: Blaziken
|-activate|p1a: Blaziken|move: Protect
|
|-ability|p1a: Blaziken|Speed Boost|boost
|-boost|p1a: Blaziken|spe|1
|upkeep
|turn|9
|
|t:|1785353046
|switch|p2a: Sceptile|Sceptile, L50, M, shiny|100/100
|move|p2b: Sinistcha|Rage Powder|p2b: Sinistcha
|-singleturn|p2b: Sinistcha|move: Rage Powder
|move|p1a: Blaziken|Flare Blitz|p2b: Sinistcha
|-supereffective|p2b: Sinistcha|1
|-damage|p2b: Sinistcha|0 fnt
|faint|p2b: Sinistcha
|-damage|p1a: Blaziken|54/100|[from] Recoil
|
|-sideend|p2: Jojo_Z.ro1015|move: Tailwind
|-ability|p1a: Blaziken|Speed Boost|boost
|-boost|p1a: Blaziken|spe|1
|upkeep
|
|t:|1785353056
|switch|p2b: Jolteon|Jolteon, L50, M|52/100
|turn|10
|j| tedidn
|
|t:|1785353069
|detailschange|p2a: Sceptile|Sceptile-Mega, L50, M, shiny
|-mega|p2a: Sceptile|Sceptile|Sceptilite
|move|p1a: Blaziken|Flare Blitz|p2b: Jolteon
|-damage|p2b: Jolteon|0 fnt
|faint|p2b: Jolteon
|-damage|p1a: Blaziken|38/100|[from] Recoil
|move|p2a: Sceptile|Earth Power|p1a: Blaziken
|-supereffective|p1a: Blaziken|1
|-damage|p1a: Blaziken|0 fnt
|faint|p1a: Blaziken
|
|win|Jojo_Z.ro1015
|raw|Revuelta2008's rating: 1112 → 1084(-28 for losing)
|raw|Jojo_Z.ro1015's rating: 1068 → 1102(+34 for winning)
