|j|☆TobiYume
|j|☆Pauliii23
|html|TobiYumePauliii23    
|uhtml|bestof|Game 1 of a best-of-3
|t:|1756903557
|gametype|doubles
|player|p1|TobiYume|miku-fire|1145
|player|p2|Pauliii23|smasher|1184
|gen|9
|tier|[Gen 9] VGC 2025 Reg H (Bo3)
|rated|
|rule|Species Clause: Limit one of each Pokémon
|rule|Item Clause: Limit 1 of each item
|clearpoke
|poke|p1|Decidueye-Hisui, L50, F|
|poke|p1|Sylveon, L50, F|
|poke|p1|Talonflame, L50, F|
|poke|p1|Tyranitar, L50, M|
|poke|p1|Garchomp, L50, M|
|poke|p1|Gholdengo, L50|
|poke|p2|Archaludon, L50, M|
|poke|p2|Pelipper, L50, M|
|poke|p2|Basculegion, L50, M|
|poke|p2|Dragapult, L50, M|
|poke|p2|Sinistcha, L50|
|poke|p2|Ursaluna-Bloodmoon, L50, M|
|teampreview|4
|showteam|p1|Decidueye-Hisui||RazorClaw|Scrappy|TripleArrows,LeafBlade,SuckerPunch,Protect|||F|||50|,,,,,Fire]Sylveon||ThroatSpray|Pixilate|HyperVoice,HyperBeam,TeraBlast,Protect|||F|||50|,,,,,Water]Talonflame||CovertCloak|GaleWings|Tailwind,WillOWisp,BraveBird,Taunt|||F|||50|,,,,,Grass]Tyranitar||AssaultVest|SandStream|RockSlide,KnockOff,TeraBlast,LowKick|||M|||50|,,,,,Flying]Garchomp||LifeOrb|RoughSkin|DragonClaw,StompingTantrum,Earthquake,Protect|||M|||50|,,,,,Steel]Gholdengo||Leftovers|GoodasGold|MakeItRain,ShadowBall,NastyPlot,Protect||||||50|,,,,,Dragon
|showteam|p2|Archaludon||AssaultVest|Stamina|ElectroShot,FlashCannon,BodyPress,DracoMeteor|||M|||50|,,,,,Grass]Pelipper||FocusSash|Drizzle|Hurricane,WeatherBall,WideGuard,Tailwind|||M|||50|,,,,,Ghost]Basculegion||MysticWater|SwiftSwim|LastRespects,Protect,WaveCrash,AquaJet|||M|||50|,,,,,Water]Dragapult||ChoiceBand|ClearBody|DragonDarts,Outrage,PhantomForce,Uturn|||M|||50|,,,,,Dragon]Sinistcha||SitrusBerry|Hospitality|TrickRoom,MatchaGotcha,LifeDew,RagePowder||||||50|,,,,,Steel]Ursaluna-Bloodmoon||LifeOrb|MindsEye|HyperVoice,BloodMoon,EarthPower,Protect|||M|||50|,,,,,Grass
|inactive|Battle timer is ON: inactive players will automatically lose when time's up. (requested by TobiYume)
|
|t:|1756903600
|teamsize|p1|4
|teamsize|p2|4
|start
|switch|p1a: Talonflame|Talonflame, L50, F|100/100
|switch|p1b: Decidueye|Decidueye-Hisui, L50, F|100/100
|switch|p2a: PelipperLP|Pelipper, L50, M|100/100
|switch|p2b: Privatsache|Archaludon, L50, M|100/100
|-weather|RainDance|[from] ability: Drizzle|[of] p2a: PelipperLP
|turn|1
|
|t:|1756903618
|switch|p1b: Tyranitar|Tyranitar, L50, M|100/100
|-weather|Sandstorm|[from] ability: Sand Stream|[of] p1b: Tyranitar
|move|p1a: Talonflame|Taunt|p2a: PelipperLP
|-start|p2a: PelipperLP|move: Taunt
|move|p2a: PelipperLP|Hurricane|p1b: Tyranitar
|-resisted|p1b: Tyranitar
|-damage|p1b: Tyranitar|92/100
|move|p2b: Privatsache|Electro Shot||[still]
|-prepare|p2b: Privatsache|Electro Shot
|-boost|p2b: Privatsache|spa|1
|
|-weather|Sandstorm|[upkeep]
|-damage|p1a: Talonflame|94/100|[from] Sandstorm
|-damage|p2a: PelipperLP|95/100|[from] Sandstorm
|upkeep
|turn|2
|
|t:|1756903639
|switch|p1a: Decidueye|Decidueye-Hisui, L50, F|100/100
|switch|p2a: Muddy|Basculegion, L50, M|100/100
|move|p2b: Privatsache|Electro Shot|p1a: Decidueye|[from] lockedmove
|-resisted|p1a: Decidueye
|-damage|p1a: Decidueye|68/100
|move|p1b: Tyranitar|Knock Off|p2a: Muddy
|-supereffective|p2a: Muddy
|-damage|p2a: Muddy|0 fnt
|-enditem|p2a: Muddy|Mystic Water|[from] move: Knock Off|[of] p1b: Tyranitar
|faint|p2a: Muddy
|
|-weather|Sandstorm|[upkeep]
|-damage|p1a: Decidueye|62/100|[from] Sandstorm
|upkeep
|
|t:|1756903642
|switch|p2a: PelipperLP|Pelipper, L50, M|95/100
|-weather|RainDance|[from] ability: Drizzle|[of] p2a: PelipperLP
|turn|3
|inactive|Pauliii23 has 30 seconds left.
|
|t:|1756903670
|move|p2a: PelipperLP|Hurricane|p1a: Decidueye
|-supereffective|p1a: Decidueye
|-damage|p1a: Decidueye|0 fnt
|faint|p1a: Decidueye
|move|p2b: Privatsache|Body Press|p1b: Tyranitar
|-supereffective|p1b: Tyranitar
|-crit|p1b: Tyranitar
|-damage|p1b: Tyranitar|0 fnt
|faint|p1b: Tyranitar
|
|-weather|RainDance|[upkeep]
|upkeep
|
|t:|1756903680
|switch|p1a: Gholdengo|Gholdengo, L50|100/100
|switch|p1b: Talonflame|Talonflame, L50, F|94/100
|turn|4
|inactive|Pauliii23 has 30 seconds left.
|
|t:|1756903706
|move|p1b: Talonflame|Tailwind|p1b: Talonflame
|-sidestart|p1: TobiYume|move: Tailwind
|move|p1a: Gholdengo|Nasty Plot|p1a: Gholdengo
|-boost|p1a: Gholdengo|spa|2
|move|p2a: PelipperLP|Tailwind|p2a: PelipperLP
|-sidestart|p2: Pauliii23|move: Tailwind
|move|p2b: Privatsache|Electro Shot||[still]
|-prepare|p2b: Privatsache|Electro Shot
|-boost|p2b: Privatsache|spa|1
|-anim|p2b: Privatsache|Electro Shot|p1b: Talonflame
|-supereffective|p1b: Talonflame
|-damage|p1b: Talonflame|0 fnt
|faint|p1b: Talonflame
|
|-weather|RainDance|[upkeep]
|upkeep
|turn|5
|
|t:|1756903725
|move|p1a: Gholdengo|Shadow Ball|p2b: Privatsache
|-damage|p2b: Privatsache|44/100
|-ability|p2b: Privatsache|Stamina|boost
|-boost|p2b: Privatsache|def|1
|move|p2a: PelipperLP|Hurricane|p1a: Gholdengo
|-resisted|p1a: Gholdengo
|-damage|p1a: Gholdengo|77/100
|move|p2b: Privatsache|Electro Shot||[still]
|-prepare|p2b: Privatsache|Electro Shot
|-boost|p2b: Privatsache|spa|1
|-anim|p2b: Privatsache|Electro Shot|p1a: Gholdengo
|-damage|p1a: Gholdengo|0 fnt
|faint|p1a: Gholdengo
|
|win|Pauliii23
||TobiYume is ready for game 2.
||Pauliii23 is ready for game 2.
|uhtml|next|Next: Game 2 of 3
|l|☆Pauliii23
|player|p2|
