|j|☆Mortimerd
|j|☆conte di Cavour
|html|Mortimerdconte di Cavour    
|uhtml|bestof|Game 1 of a best-of-3
|t:|1757930379
|gametype|doubles
|player|p1|Mortimerd|drayden|1204
|player|p2|conte di Cavour|volkner|1222
|gen|9
|tier|[Gen 9] VGC 2025 Reg H (Bo3)
|rated|
|rule|Species Clause: Limit one of each Pokémon
|rule|Item Clause: Limit 1 of each item
|clearpoke
|poke|p1|Torkoal, L50, F|
|poke|p1|Gallade, L50, M|
|poke|p1|Exeggutor, L50, F|
|poke|p1|Indeedee-F, L50, F|
|poke|p1|Ursaluna, L50, F|
|poke|p1|Annihilape, L50, M|
|poke|p2|Altaria, L50, M|
|poke|p2|Gothitelle, L50, M|
|poke|p2|Incineroar, L50, F|
|poke|p2|Amoonguss, L50, M|
|poke|p2|Archaludon, L50, M|
|poke|p2|Primarina, L50, F|
|teampreview|4
|showteam|p1|Torkoal||Charcoal|Drought|Eruption,WeatherBall,EarthPower,Protect|||F|||50|,,,,,Fire]Gallade||ClearAmulet|Steadfast|SacredSword,PsychoCut,WideGuard,TrickRoom|||M|||50|,,,,,Dragon]Exeggutor||FocusSash|Chlorophyll|SleepPowder,TrickRoom,ExpandingForce,EnergyBall|||F|||50|,,,,,Ghost]Indeedee-F||PsychicSeed|PsychicSurge|FollowMe,TrickRoom,HelpingHand|||F|||50|,,,,,Grass]Ursaluna||FlameOrb|Guts|Earthquake,HeadlongRush,Facade,Protect|||F|||50|,,,,,Ghost]Annihilape||ChoiceScarf|Defiant|FinalGambit,CloseCombat,RageFist,Uturn|||M|||50|,,,,,Grass
|showteam|p2|Altaria||MentalHerb|CloudNine|Protect,PerishSong,HelpingHand,BreakingSwipe|||M|||50|,,,,,Steel]Gothitelle||SitrusBerry|ShadowTag|Protect,FakeOut,TrickRoom,Psychic|||M|||50|,,,,,Water]Incineroar||SafetyGoggles|Intimidate|Protect,PartingShot,KnockOff,FakeOut|||F|||50|,,,,,Ghost]Amoonguss||EjectButton|Regenerator|Protect,RagePowder,PollenPuff,Spore|||M|||50|,,,,,Fairy]Archaludon||PowerHerb|Stalwart|Protect,ElectroShot,DragonPulse,TeraBlast|||M|||50|,,,,,Fire]Primarina||ThroatSpray|LiquidVoice|Protect,HyperVoice,PerishSong,Moonblast|||F|||50|,,,,,Poison
|
|t:|1757930442
|teamsize|p1|4
|teamsize|p2|4
|start
|switch|p1a: Annihilape|Annihilape, L50, M|100/100
|switch|p1b: Gallade|Gallade, L50, M|100/100
|switch|p2a: Incineroar|Incineroar, L50, F|100/100
|switch|p2b: Altaria|Altaria, L50, M, shiny|100/100
|-ability|p2b: Altaria|Cloud Nine
|-ability|p2a: Incineroar|Intimidate|boost
|-unboost|p1a: Annihilape|atk|1
|-ability|p1a: Annihilape|Defiant|boost
|-boost|p1a: Annihilape|atk|2
|-fail|p1b: Gallade|unboost|[from] item: Clear Amulet|[of] p1b: Gallade
|turn|1
|
|t:|1757930493
|move|p2a: Incineroar|Protect|p2a: Incineroar
|-singleturn|p2a: Incineroar|Protect
|move|p1a: Annihilape|Final Gambit|p2b: Altaria
|-damage|p2b: Altaria|0 fnt
|faint|p1a: Annihilape
|faint|p2b: Altaria
|move|p1b: Gallade|Trick Room|p1b: Gallade
|-fieldstart|move: Trick Room|[of] p1b: Gallade
|
|upkeep
|
|t:|1757930502
|switch|p2b: Primarina|Primarina, L50, F|100/100
|switch|p1a: Torkoal|Torkoal, L50, F|100/100
|-weather|SunnyDay|[from] ability: Drought|[of] p1a: Torkoal
|turn|2
|
|t:|1757930524
|-terastallize|p1a: Torkoal|Fire
|move|p1a: Torkoal|Eruption|p2b: Primarina|[spread] p2a,p2b
|-resisted|p2a: Incineroar
|-resisted|p2b: Primarina
|-damage|p2a: Incineroar|63/100
|-damage|p2b: Primarina|47/100
|move|p2a: Incineroar|Parting Shot|p1a: Torkoal
|-unboost|p1a: Torkoal|atk|1
|-unboost|p1a: Torkoal|spa|1
|
|t:|1757930533
|switch|p2a: Gothitelle|Gothitelle, L50, M|100/100|[from] Parting Shot
|move|p2b: Primarina|Hyper Voice|p1a: Torkoal|[spread] p1a,p1b
|-supereffective|p1a: Torkoal
|-damage|p1a: Torkoal|46/100
|-damage|p1b: Gallade|86/100
|-enditem|p2b: Primarina|Throat Spray
|-boost|p2b: Primarina|spa|1|[from] item: Throat Spray
|move|p1b: Gallade|Psycho Cut|p2a: Gothitelle
|-resisted|p2a: Gothitelle
|-crit|p2a: Gothitelle
|-damage|p2a: Gothitelle|72/100
|
|-weather|SunnyDay|[upkeep]
|upkeep
|turn|3
|
|t:|1757930546
|-terastallize|p2a: Gothitelle|Water
|move|p2b: Primarina|Protect|p2b: Primarina
|-singleturn|p2b: Primarina|Protect
|move|p1a: Torkoal|Weather Ball|p2a: Gothitelle
|-resisted|p2a: Gothitelle
|-damage|p2a: Gothitelle|46/100
|-enditem|p2a: Gothitelle|Sitrus Berry|[eat]
|-heal|p2a: Gothitelle|71/100|[from] item: Sitrus Berry
|move|p1b: Gallade|Psycho Cut|p2b: Primarina
|-activate|p2b: Primarina|move: Protect
|move|p2a: Gothitelle|Trick Room|p2a: Gothitelle
|-fieldend|move: Trick Room
|
|-weather|SunnyDay|[upkeep]
|upkeep
|turn|4
|
|t:|1757930565
|move|p1b: Gallade|Sacred Sword|p2a: Gothitelle
|-damage|p2a: Gothitelle|23/100
|move|p2b: Primarina|Moonblast|p1b: Gallade
|-supereffective|p1b: Gallade
|-damage|p1b: Gallade|0 fnt
|faint|p1b: Gallade
|move|p2a: Gothitelle|Psychic|p1a: Torkoal
|-damage|p1a: Torkoal|4/100
|move|p1a: Torkoal|Earth Power|p2a: Gothitelle
|-damage|p2a: Gothitelle|9/100
|
|-weather|SunnyDay|[upkeep]
|upkeep
|l|☆Mortimerd
|player|p1|
|j|☆Mortimerd
|player|p1|Mortimerd|drayden|
|
|t:|1757930579
|switch|p1b: Ursaluna|Ursaluna, L50, F|100/100
|turn|5
|
|t:|1757930591
|switch|p2a: Incineroar|Incineroar, L50, F|63/100
|-ability|p2a: Incineroar|Intimidate|boost
|-unboost|p1a: Torkoal|atk|1
|-unboost|p1b: Ursaluna|atk|1
|move|p2b: Primarina|Hyper Voice|p1a: Torkoal|[spread] p1a,p1b
|-supereffective|p1a: Torkoal
|-supereffective|p1b: Ursaluna
|-damage|p1a: Torkoal|0 fnt
|-damage|p1b: Ursaluna|54/100
|faint|p1a: Torkoal
|move|p1b: Ursaluna|Earthquake|p2b: Primarina|[spread] p2a,p2b
|-supereffective|p2a: Incineroar
|-damage|p2a: Incineroar|4/100
|-damage|p2b: Primarina|13/100
|
|-weather|SunnyDay|[upkeep]
|-status|p1b: Ursaluna|brn|[from] item: Flame Orb
|upkeep
|turn|6
|
|t:|1757930607
|move|p1b: Ursaluna|Protect|p1b: Ursaluna
|-singleturn|p1b: Ursaluna|Protect
|move|p2a: Incineroar|Fake Out|p1b: Ursaluna
|-activate|p1b: Ursaluna|move: Protect
|move|p2b: Primarina|Hyper Voice|p1b: Ursaluna
|-activate|p1b: Ursaluna|move: Protect
|
|-weather|none
|-damage|p1b: Ursaluna|48/100 brn|[from] brn
|upkeep
|turn|7
|-message|Mortimerd forfeited.
|
|win|conte di Cavour
|l|☆Mortimerd
|player|p1|
||Mortimerd is ready for game 2.
||conte di Cavour is ready for game 2.
|uhtml|next|Next: Game 2 of 3
|l|☆conte di Cavour
|player|p2|
