|j|☆jiaco5
|j|☆execute order 222
|html|jiaco5execute order 222    
|uhtml|bestof|Game 2 of a best-of-3
|t:|1784000409
|gametype|doubles
|player|p1|jiaco5|102|1260
|player|p2|execute order 222|courtney|1321
|gen|9
|tier|[Gen 9 Champions] VGC 2026 Reg M-B (Bo3)
|rated|
|rule|Species Clause: Limit one of each Pokémon
|rule|Item Clause: Limit 1 of each item
|clearpoke
|poke|p1|Blastoise, L50, M|
|poke|p1|Sinistcha, L50|
|poke|p1|Delphox, L50, M|
|poke|p1|Sneasler, L50, M|
|poke|p1|Incineroar, L50, F|
|poke|p1|Kingambit, L50, M|
|poke|p2|Charizard, L50, M|
|poke|p2|Garchomp, L50, F, shiny|
|poke|p2|Farigiraf, L50, F|
|poke|p2|Aerodactyl, L50, F|
|poke|p2|Kingambit, L50, F|
|poke|p2|Sylveon, L50, F|
|teampreview|4
|showteam|p1|Blastoise||Blastoisinite|RainDish|WaterSpout,DarkPulse,ShellSmash,Protect|Modest||M|||50|]Sinistcha||OccaBerry|Hospitality|MatchaGotcha,TrickRoom,RagePowder,Protect|Relaxed|||||50|]Delphox||Delphoxite|Blaze|HeatWave,Psyshock,NastyPlot,Protect|Timid||M|||50|]Sneasler||FocusSash|PoisonTouch|CloseCombat,DireClaw,FakeOut,QuickGuard|Jolly||M|||50|]Incineroar||SitrusBerry|Intimidate|FlareBlitz,FakeOut,ThroatChop,PartingShot|Impish||F|||50|]Kingambit||BlackGlasses|Defiant|KowtowCleave,SuckerPunch,SwordsDance,Protect|Adamant||M|||50|
|showteam|p2|Charizard||CharizarditeY|SolarPower|HeatWave,SolarBeam,WeatherBall,Protect|Modest||M|||50|]Garchomp||LifeOrb|RoughSkin|StompingTantrum,DragonClaw,Earthquake,Protect|Jolly||F|||50|]Farigiraf||SitrusBerry|ArmorTail|Psychic,Thunderbolt,HelpingHand,TrickRoom|Relaxed||F|||50|]Aerodactyl||Aerodactylite|Unnerve|RockSlide,DualWingbeat,IceFang,Tailwind|Jolly||F|||50|]Kingambit||FocusSash|Defiant|KowtowCleave,IronHead,SuckerPunch,LowKick|Adamant||F|||50|]Sylveon||FairyFeather|Pixilate|HyperVoice,HyperBeam,QuickAttack,Detect|Modest||F|||50|
|
|t:|1784000458
|teamsize|p1|4
|teamsize|p2|4
|start
|switch|p1a: Sneasler|Sneasler, L50, M|100/100
|switch|p1b: Blastoise|Blastoise, L50, M|100/100
|switch|p2a: Charizard|Charizard, L50, M|100/100
|switch|p2b: Farigiraf|Farigiraf, L50, F|100/100
|turn|1
|
|t:|1784000479
|detailschange|p2a: Charizard|Charizard-Mega-Y, L50, M
|-mega|p2a: Charizard|Charizard|Charizardite Y
|-weather|SunnyDay|[from] ability: Drought|[of] p2a: Charizard
|detailschange|p1b: Blastoise|Blastoise-Mega, L50, M
|-mega|p1b: Blastoise|Blastoise|Blastoisinite
|move|p1b: Blastoise|Protect|p1b: Blastoise
|-singleturn|p1b: Blastoise|Protect
|move|p1a: Sneasler|Dire Claw|p2a: Charizard
|-damage|p2a: Charizard|57/100
|move|p2a: Charizard|Solar Beam||[still]
|-prepare|p2a: Charizard|Solar Beam
|-anim|p2a: Charizard|Solar Beam|p1b: Blastoise
|-activate|p1b: Blastoise|move: Protect
|move|p2b: Farigiraf|Trick Room|p2b: Farigiraf
|-fieldstart|move: Trick Room|[of] p2b: Farigiraf
|
|-weather|SunnyDay|[upkeep]
|upkeep
|turn|2
|
|t:|1784000511
|switch|p1a: Incineroar|Incineroar, L50, F|100/100
|-ability|p1a: Incineroar|Intimidate|boost
|-unboost|p2a: Charizard|atk|1
|-unboost|p2b: Farigiraf|atk|1
|move|p2b: Farigiraf|Thunderbolt|p1b: Blastoise
|-supereffective|p1b: Blastoise|1
|-crit|p1b: Blastoise
|-damage|p1b: Blastoise|31/100
|move|p1b: Blastoise|Water Spout|p2b: Farigiraf|[spread] p2a,p2b
|-supereffective|p2a: Charizard|1
|-damage|p2a: Charizard|38/100
|-damage|p2b: Farigiraf|90/100
|move|p2a: Charizard|Heat Wave|p1a: Incineroar|[spread] p1a,p1b
|-resisted|p1a: Incineroar|1
|-resisted|p1b: Blastoise|1
|-damage|p1a: Incineroar|68/100
|-damage|p1b: Blastoise|1/100
|
|-weather|SunnyDay|[upkeep]
|upkeep
|turn|3
|
|t:|1784000559
|switch|p1b: Sinistcha|Sinistcha, L50|100/100
|-heal|p1a: Incineroar|93/100|[from] ability: Hospitality|[of] p1b: Sinistcha
|move|p2b: Farigiraf|Thunderbolt|p1b: Sinistcha
|-resisted|p1b: Sinistcha|1
|-damage|p1b: Sinistcha|89/100
|-status|p1b: Sinistcha|par
|move|p1a: Incineroar|Flare Blitz|p2a: Charizard
|-resisted|p2a: Charizard|1
|-damage|p2a: Charizard|3/100
|-damage|p1a: Incineroar|83/100|[from] Recoil
|move|p2a: Charizard|Weather Ball|p1a: Incineroar
|-resisted|p1a: Incineroar|1
|-damage|p1a: Incineroar|43/100
|-enditem|p1a: Incineroar|Sitrus Berry|[eat]
|-heal|p1a: Incineroar|67/100|[from] item: Sitrus Berry
|
|-weather|SunnyDay|[upkeep]
|upkeep
|turn|4
|
|t:|1784000580
|switch|p2a: Kingambit|Kingambit, L50, F|100/100
|move|p1b: Sinistcha|Matcha Gotcha|p2a: Kingambit|[spread] p2a,p2b
|-resisted|p2a: Kingambit|1
|-damage|p2a: Kingambit|87/100
|-heal|p1b: Sinistcha|96/100 par|[from] drain|[of] p2a: Kingambit
|-damage|p2b: Farigiraf|68/100
|-heal|p1b: Sinistcha|100/100 par|[from] drain|[of] p2b: Farigiraf
|move|p2b: Farigiraf|Psychic|p1b: Sinistcha
|-crit|p1b: Sinistcha
|-damage|p1b: Sinistcha|55/100 par
|move|p1a: Incineroar|Flare Blitz|p2b: Farigiraf
|-damage|p2b: Farigiraf|19/100
|-enditem|p2b: Farigiraf|Sitrus Berry|[eat]
|-heal|p2b: Farigiraf|43/100|[from] item: Sitrus Berry
|-damage|p1a: Incineroar|49/100|[from] Recoil
|
|-weather|SunnyDay|[upkeep]
|upkeep
|turn|5
|
|t:|1784000621
|switch|p1b: Blastoise|Blastoise-Mega, L50, M|1/100
|switch|p2a: Sylveon|Sylveon, L50, F|100/100
|move|p2b: Farigiraf|Thunderbolt|p1a: Incineroar
|-damage|p1a: Incineroar|28/100
|move|p1a: Incineroar|Flare Blitz|p2a: Sylveon
|-damage|p2a: Sylveon|21/100
|-damage|p1a: Incineroar|4/100|[from] Recoil
|
|-weather|none
|-fieldend|move: Trick Room
|upkeep
|turn|6
|
|t:|1784000647
|switch|p1a: Sinistcha|Sinistcha, L50|55/100 par
|-heal|p1b: Blastoise|25/100|[from] ability: Hospitality|[of] p1a: Sinistcha
|move|p2a: Sylveon|Quick Attack|p1b: Blastoise
|-damage|p1b: Blastoise|11/100
|move|p1b: Blastoise|Dark Pulse|p2b: Farigiraf
|-supereffective|p2b: Farigiraf|1
|-damage|p2b: Farigiraf|0 fnt
|faint|p2b: Farigiraf
|
|upkeep
|
|t:|1784000656
|switch|p2b: Charizard|Charizard-Mega-Y, L50, M|3/100
|-weather|SunnyDay|[from] ability: Drought|[of] p2b: Charizard
|turn|7
|
|t:|1784000668
|move|p1a: Sinistcha|Protect|p1a: Sinistcha
|-singleturn|p1a: Sinistcha|Protect
|move|p2b: Charizard|Heat Wave|p1b: Blastoise|[spread] 
|-activate|p1a: Sinistcha|move: Protect
|-miss|p2b: Charizard|p1b: Blastoise
|move|p1b: Blastoise|Dark Pulse|p2b: Charizard
|-damage|p2b: Charizard|0 fnt
|faint|p2b: Charizard
|move|p2a: Sylveon|Hyper Voice|p1b: Blastoise|[spread] p1b
|-activate|p1a: Sinistcha|move: Protect
|-damage|p1b: Blastoise|0 fnt
|faint|p1b: Blastoise
|
|-weather|SunnyDay|[upkeep]
|upkeep
|
|t:|1784000682
|switch|p2b: Kingambit|Kingambit, L50, F|87/100
|switch|p1b: Sneasler|Sneasler, L50, M|100/100
|turn|8
|
|t:|1784000712
|switch|p1a: Incineroar|Incineroar, L50, F|4/100
|-ability|p1a: Incineroar|Intimidate|boost
|-unboost|p2a: Sylveon|atk|1
|-unboost|p2b: Kingambit|atk|1
|-ability|p2b: Kingambit|Defiant|boost
|-boost|p2b: Kingambit|atk|2
|move|p2b: Kingambit|Sucker Punch|p1b: Sneasler
|-resisted|p1b: Sneasler|1
|-damage|p1b: Sneasler|51/100
|move|p1b: Sneasler|Close Combat|p2b: Kingambit
|-supereffective|p2b: Kingambit|2
|-damage|p2b: Kingambit|0 fnt
|-unboost|p1b: Sneasler|def|1
|-unboost|p1b: Sneasler|spd|1
|faint|p2b: Kingambit
|move|p2a: Sylveon|Hyper Voice|p1b: Sneasler|[spread] p1a,p1b
|-damage|p1a: Incineroar|0 fnt
|-damage|p1b: Sneasler|0 fnt
|faint|p1a: Incineroar
|faint|p1b: Sneasler
|
|-weather|SunnyDay|[upkeep]
|upkeep
|
|t:|1784000720
|switch|p1b: Sinistcha|Sinistcha, L50|55/100 par
|turn|9
|
|t:|1784000730
|move|p2a: Sylveon|Hyper Beam|p1b: Sinistcha
|-damage|p1b: Sinistcha|0 fnt
|-mustrecharge|p2a: Sylveon
|faint|p1b: Sinistcha
|
|win|execute order 222
||execute order 222 is ready for game 3.
