|j|☆top1bo3100%real
|j|☆toughlogvgc
|html|top1bo3100%realtoughlogvgc    
|uhtml|bestof|Game 2 of a best-of-3
|t:|1783801083
|gametype|doubles
|player|p1|top1bo3100%real|lucas|1171
|player|p2|toughlogvgc|169|1171
|gen|9
|tier|[Gen 9 Champions] VGC 2026 Reg M-B (Bo3)
|rated|
|rule|Species Clause: Limit one of each Pokémon
|rule|Item Clause: Limit 1 of each item
|clearpoke
|poke|p1|Blaziken, L50, F|
|poke|p1|Venusaur, L50, F|
|poke|p1|Ninetales-Alola, L50, M|
|poke|p1|Lycanroc-Dusk, L50, M|
|poke|p1|Kingambit, L50, F|
|poke|p1|Basculegion, L50, M|
|poke|p2|Charizard, L50, M|
|poke|p2|Garchomp, L50, M|
|poke|p2|Basculegion, L50, M|
|poke|p2|Whimsicott, L50, F|
|poke|p2|Kingambit, L50, F|
|poke|p2|Floette-Eternal, L50, F|
|teampreview|4
|showteam|p1|Blaziken||Blazikenite|SpeedBoost|CloseCombat,FlareBlitz,RockSlide,Detect|Adamant||F|||50|]Venusaur||Venusaurite|Chlorophyll|GigaDrain,SludgeBomb,EarthPower,Protect|Modest||F|||50|]Ninetales-Alola||NeverMeltIce|SnowWarning|Blizzard,FreezeDry,Encore,Protect|Timid||M|||50|]Lycanroc-Dusk||FocusSash|ToughClaws|Accelerock,RockSlide,CloseCombat,Protect|Adamant||M|||50|]Kingambit||LifeOrb|Defiant|KowtowCleave,SuckerPunch,IronHead,Protect|Adamant||F|||50|]Basculegion||ChoiceScarf|Adaptability|WaveCrash,LastRespects,FlipTurn,AquaJet|Jolly||M|||50|
|showteam|p2|Charizard||CharizarditeY|Blaze|HeatWave,SolarBeam,Protect,WeatherBall|Modest||M|||50|]Garchomp||LifeOrb|RoughSkin|DragonClaw,Earthquake,RockSlide,Protect|Jolly||M|||50|]Basculegion||ChoiceScarf|Adaptability|WaveCrash,AquaJet,FlipTurn,LastRespects|Adamant||M|||50|]Whimsicott||FocusSash|Prankster|Moonblast,Tailwind,Protect,Encore|Timid||F|||50|]Kingambit||BlackGlasses|Defiant|IronHead,KowtowCleave,Protect,SuckerPunch|Adamant||F|||50|]Floette-Eternal||Floettite|FlowerVeil|Moonblast,LightofRuin,DazzlingGleam,Protect|Modest||F|||50|
|inactive|Battle timer is ON: inactive players will automatically lose when time's up. (requested by top1bo3100%real)
|
|t:|1783801111
|teamsize|p1|4
|teamsize|p2|4
|start
|switch|p1a: Kingambit|Kingambit, L50, F|100/100
|switch|p1b: Ninetales|Ninetales-Alola, L50, M|100/100
|switch|p2a: Whimsicott|Whimsicott, L50, F|100/100
|switch|p2b: Floette|Floette-Eternal, L50, F|100/100
|-weather|Snowscape|[from] ability: Snow Warning|[of] p1b: Ninetales
|turn|1
|
|t:|1783801133
|detailschange|p2b: Floette|Floette-Mega, L50, F
|-mega|p2b: Floette|Floette|Floettite
|-ability|p2b: Floette|Fairy Aura
|move|p2a: Whimsicott|Tailwind|p2a: Whimsicott
|-sidestart|p2: toughlogvgc|move: Tailwind
|move|p2b: Floette|Light of Ruin|p1a: Kingambit
|-damage|p1a: Kingambit|0 fnt
|faint|p1a: Kingambit
|-damage|p2b: Floette|37/100|[from] Recoil
|move|p1b: Ninetales|Blizzard|p2a: Whimsicott|[spread] p2a,p2b
|-supereffective|p2a: Whimsicott|1
|-enditem|p2a: Whimsicott|Focus Sash
|-damage|p2a: Whimsicott|1/100
|-damage|p2b: Floette|10/100
|
|-weather|Snowscape|[upkeep]
|upkeep
|
|t:|1783801148
|switch|p1a: Lycanroc|Lycanroc-Dusk, L50, M|100/100
|turn|2
|inactive|toughlogvgc has 30 seconds left.
|inactive|toughlogvgc has 20 seconds left.
|inactive|toughlogvgc has 15 seconds left.
|
|t:|1783801188
|move|p1a: Lycanroc|Accelerock|p2b: Floette
|-damage|p2b: Floette|0 fnt
|faint|p2b: Floette
|move|p2a: Whimsicott|Moonblast|p1b: Ninetales
|-damage|p1b: Ninetales|60/100
|move|p1b: Ninetales|Blizzard|p2a: Whimsicott
|-supereffective|p2a: Whimsicott|1
|-damage|p2a: Whimsicott|0 fnt
|faint|p2a: Whimsicott
|
|-weather|Snowscape|[upkeep]
|upkeep
|
|t:|1783801200
|switch|p2a: Garchomp|Garchomp, L50, M|100/100
|switch|p2b: Basculegion|Basculegion, L50, M|100/100
|turn|3
|
|t:|1783801218
|move|p1b: Ninetales|Protect|p1b: Ninetales
|-singleturn|p1b: Ninetales|Protect
|move|p1a: Lycanroc|Protect|p1a: Lycanroc
|-singleturn|p1a: Lycanroc|Protect
|move|p2b: Basculegion|Last Respects|p1b: Ninetales
|-activate|p1b: Ninetales|move: Protect
|move|p2a: Garchomp|Rock Slide|p1b: Ninetales|[spread] 
|-activate|p1a: Lycanroc|move: Protect
|-activate|p1b: Ninetales|move: Protect
|
|-weather|Snowscape|[upkeep]
|upkeep
|turn|4
|
|t:|1783801240
|switch|p1b: Blaziken|Blaziken, L50, F|100/100
|move|p2b: Basculegion|Last Respects|p1b: Blaziken
|-damage|p1b: Blaziken|0 fnt
|faint|p1b: Blaziken
|move|p2a: Garchomp|Rock Slide|p1a: Lycanroc
|-damage|p1a: Lycanroc|48/100
|-damage|p2a: Garchomp|90/100|[from] item: Life Orb
|move|p1a: Lycanroc|Close Combat|p2a: Garchomp
|-damage|p2a: Garchomp|34/100
|-unboost|p1a: Lycanroc|def|1
|-unboost|p1a: Lycanroc|spd|1
|-damage|p1a: Lycanroc|36/100|[from] ability: Rough Skin|[of] p2a: Garchomp
|
|-weather|Snowscape|[upkeep]
|-sideend|p2: toughlogvgc|move: Tailwind
|upkeep
|
|t:|1783801256
|switch|p1b: Ninetales|Ninetales-Alola, L50, M|60/100
|turn|5
|
|t:|1783801278
|move|p2b: Basculegion|Last Respects|p1b: Ninetales
|-damage|p1b: Ninetales|0 fnt
|faint|p1b: Ninetales
|move|p2a: Garchomp|Dragon Claw|p1a: Lycanroc
|-damage|p1a: Lycanroc|0 fnt
|faint|p1a: Lycanroc
|-damage|p2a: Garchomp|25/100|[from] item: Life Orb
|
|win|toughlogvgc
||top1bo3100%real is ready for game 3.
|inactive|toughlogvgc has 30 seconds to confirm battle start!
