|j|☆upernatural
|j|☆redclover2973
|html|upernaturalredclover2973    
|uhtml|bestof|Game 1 of a best-of-3
|t:|1783977602
|gametype|doubles
|player|p1|upernatural|101|
|player|p2|redclover2973|265|
|gen|9
|tier|[Gen 9 Champions] VGC 2026 Reg M-B (Bo3)
|rule|Species Clause: Limit one of each Pokémon
|rule|Item Clause: Limit 1 of each item
|clearpoke
|poke|p1|Gengar, L50, M, shiny|
|poke|p1|Kangaskhan, L50, F, shiny|
|poke|p1|Zoroark-Hisui, L50, M, shiny|
|poke|p1|Incineroar, L50, M, shiny|
|poke|p1|Spiritomb, L50, M, shiny|
|poke|p1|Flareon, L50, M, shiny|
|poke|p2|Charizard, L50, M|
|poke|p2|Sylveon, L50, F|
|poke|p2|Noivern, L50, F|
|poke|p2|Kangaskhan, L50, F|
|poke|p2|Gliscor, L50, M|
|poke|p2|Tauros-Paldea-Aqua, L50, M|
|teampreview|4
|showteam|p1|Gengar||Gengarite|CursedBody|ShadowBall,SludgeBomb,Psychic,DazzlingGleam|Timid||M|||50|]Kangaskhan||Kangaskhanite|EarlyBird|FakeOut,DoubleEdge,DrainPunch,Crunch|Adamant||F|||50|]Zoroark-Hisui||FocusSash|Illusion|BitterMalice,HyperVoice,IcyWind,Protect|Timid||M|||50|]Incineroar||SitrusBerry|Intimidate|FakeOut,PartingShot,FlareBlitz,Protect|Impish||M|||50|]Spiritomb||Leftovers|Pressure|IcyWind,FoulPlay,SkillSwap,PainSplit|Calm||M|||50|]Flareon||LifeOrb|FlashFire|FlareBlitz,DoubleEdge,QuickAttack,Trailblaze|Adamant||M|||50|
|showteam|p2|Charizard||CharizarditeY|Blaze|Protect,HeatWave,SolarBeam,WeatherBall|Timid||M|||50|]Sylveon||FairyFeather|Pixilate|HyperVoice,QuickAttack,HyperBeam,Detect|Sassy||F|||50|]Noivern||FocusSash|Frisk|Protect,Tailwind,DracoMeteor,AirSlash|Timid||F|||50|]Kangaskhan||SilkScarf|Scrappy|FakeOut,DoubleEdge,Protect,SuckerPunch|Jolly||F|||50|]Gliscor||SitrusBerry|HyperCutter|Protect,HighHorsepower,DualWingbeat,Tailwind|Jolly||M|||50|]Tauros-Paldea-Aqua||LifeOrb|Intimidate|CloseCombat,RagingBull,Protect,AquaJet|Jolly||M|||50|
|j| TMTMTL SAO
|
|t:|1783977711
|teamsize|p1|4
|teamsize|p2|4
|start
|switch|p1a: Kangaskhan|Kangaskhan, L50, F, shiny|100/100
|switch|p1b: Incineroar|Incineroar, L50, M, shiny|100/100
|switch|p2a: Tauros|Tauros-Paldea-Aqua, L50, M|100/100
|switch|p2b: Noivern|Noivern, L50, F|100/100
|-item|p1a: Kangaskhan|Kangaskhanite|[from] ability: Frisk|[of] p2b: Noivern
|-item|p1b: Incineroar|Sitrus Berry|[from] ability: Frisk|[of] p2b: Noivern
|-ability|p2a: Tauros|Intimidate|boost
|-unboost|p1a: Kangaskhan|atk|1
|-unboost|p1b: Incineroar|atk|1
|-ability|p1b: Incineroar|Intimidate|boost
|-unboost|p2a: Tauros|atk|1
|-unboost|p2b: Noivern|atk|1
|turn|1
|
|t:|1783977736
|detailschange|p1a: Kangaskhan|Kangaskhan-Mega, L50, F, shiny
|-mega|p1a: Kangaskhan|Kangaskhan|Kangaskhanite
|move|p2b: Noivern|Protect|p2b: Noivern
|-singleturn|p2b: Noivern|Protect
|move|p2a: Tauros|Protect|p2a: Tauros
|-singleturn|p2a: Tauros|Protect
|move|p1a: Kangaskhan|Fake Out|p2b: Noivern
|-activate|p2b: Noivern|move: Protect
|move|p1b: Incineroar|Fake Out|p2a: Tauros
|-activate|p2a: Tauros|move: Protect
|
|upkeep
|turn|2
|
|t:|1783977760
|move|p2b: Noivern|Tailwind|p2b: Noivern
|-sidestart|p2: redclover2973|move: Tailwind
|move|p2a: Tauros|Close Combat|p1a: Kangaskhan
|-supereffective|p1a: Kangaskhan|1
|-damage|p1a: Kangaskhan|11/100
|-unboost|p2a: Tauros|def|1
|-unboost|p2a: Tauros|spd|1
|-damage|p2a: Tauros|90/100|[from] item: Life Orb
|move|p1a: Kangaskhan|Crunch|p2a: Tauros
|-resisted|p2a: Tauros|1
|-damage|p2a: Tauros|74/100
|-resisted|p2a: Tauros|1
|-damage|p2a: Tauros|70/100
|-hitcount|p2a: Tauros|2
|move|p1b: Incineroar|Parting Shot|p2b: Noivern
|-unboost|p2b: Noivern|atk|1
|-unboost|p2b: Noivern|spa|1
|
|t:|1783977777
|switch|p1b: Gengar|Gengar, L50, M, shiny|100/100|[from] Parting Shot
|
|upkeep
|turn|3
|
|t:|1783977788
|switch|p1a: Incineroar|Incineroar, L50, M, shiny|100/100
|-ability|p1a: Incineroar|Intimidate|boost
|-unboost|p2a: Tauros|atk|1
|-unboost|p2b: Noivern|atk|1
|move|p1b: Gengar|Protect|p1b: Gengar
|-singleturn|p1b: Gengar|Protect
|move|p2a: Tauros|Aqua Jet|p1a: Incineroar
|-supereffective|p1a: Incineroar|1
|-damage|p1a: Incineroar|83/100
|-damage|p2a: Tauros|60/100|[from] item: Life Orb
|move|p2b: Noivern|Draco Meteor|p1b: Gengar
|-activate|p1b: Gengar|move: Protect
|
|upkeep
|turn|4
|
|t:|1783977815
|switch|p2a: Kangaskhan|Kangaskhan, L50, F|100/100
|move|p2b: Noivern|Protect|p2b: Noivern
|-singleturn|p2b: Noivern|Protect
|move|p1a: Incineroar|Fake Out|p2a: Kangaskhan
|-damage|p2a: Kangaskhan|86/100
|move|p1b: Gengar|Hyper Voice|p2a: Kangaskhan|[spread] p2a
|-activate|p2b: Noivern|move: Protect
|-damage|p2a: Kangaskhan|48/100
|
|upkeep
|turn|5
|l| TMTMTL SAO
|
|t:|1783977840
|move|p2a: Kangaskhan|Fake Out|p1b: Gengar
|-damage|p1b: Gengar|56/100
|replace|p1b: Zoroark|Zoroark-Hisui, L50, M, shiny
|-end|p1b: Zoroark|Illusion
|move|p2b: Noivern|Draco Meteor|p1b: Zoroark
|-damage|p1b: Zoroark|0 fnt
|-unboost|p2b: Noivern|spa|2
|faint|p1b: Zoroark
|move|p1a: Incineroar|Flare Blitz|p2a: Kangaskhan
|-damage|p2a: Kangaskhan|0 fnt
|faint|p2a: Kangaskhan
|-damage|p1a: Incineroar|68/100|[from] Recoil
|
|-sideend|p2: redclover2973|move: Tailwind
|upkeep
|
|t:|1783977860
|switch|p1b: Gengar|Gengar, L50, M, shiny|100/100
|switch|p2a: Tauros|Tauros-Paldea-Aqua, L50, M|60/100
|-ability|p2a: Tauros|Intimidate|boost
|-unboost|p1a: Incineroar|atk|1
|-unboost|p1b: Gengar|atk|1
|turn|6
|
|t:|1783977874
|move|p2a: Tauros|Protect|p2a: Tauros
|-singleturn|p2a: Tauros|Protect
|move|p1a: Incineroar|Protect|p1a: Incineroar
|-singleturn|p1a: Incineroar|Protect
|move|p2b: Noivern|Tailwind|p2b: Noivern
|-sidestart|p2: redclover2973|move: Tailwind
|move|p1b: Gengar|Dazzling Gleam|p2a: Tauros|[spread] p2b
|-activate|p2a: Tauros|move: Protect
|-supereffective|p2b: Noivern|1
|-damage|p2b: Noivern|47/100
|
|upkeep
|turn|7
|j| TMTMTL SAO
|
|t:|1783977895
|switch|p2b: Charizard|Charizard, L50, M|100/100
|move|p2a: Tauros|Raging Bull|p1b: Gengar
|-damage|p1b: Gengar|0 fnt
|faint|p1b: Gengar
|-damage|p2a: Tauros|50/100g|[from] item: Life Orb
|move|p1a: Incineroar|Parting Shot|p2a: Tauros
|-unboost|p2a: Tauros|atk|1
|-unboost|p2a: Tauros|spa|1
|
|t:|1783977906
|switch|p1a: Kangaskhan|Kangaskhan-Mega, L50, F, shiny|11/100|[from] Parting Shot
|
|upkeep
|
|t:|1783977910
|switch|p1b: Incineroar|Incineroar, L50, M, shiny|68/100
|-ability|p1b: Incineroar|Intimidate|boost
|-unboost|p2a: Tauros|atk|1
|-unboost|p2b: Charizard|atk|1
|turn|8
|
|t:|1783977921
|switch|p2a: Noivern|Noivern, L50, F|47/100
|-item|p1a: Kangaskhan|Kangaskhanite|[from] ability: Frisk|[of] p2a: Noivern
|-item|p1b: Incineroar|Sitrus Berry|[from] ability: Frisk|[of] p2a: Noivern
|detailschange|p2b: Charizard|Charizard-Mega-Y, L50, M
|-mega|p2b: Charizard|Charizard|Charizardite Y
|-weather|SunnyDay|[from] ability: Drought|[of] p2b: Charizard
|move|p2b: Charizard|Protect|p2b: Charizard
|-singleturn|p2b: Charizard|Protect
|move|p1a: Kangaskhan|Fake Out|p2a: Noivern
|-damage|p2a: Noivern|19/100
|-damage|p2a: Noivern|12/100
|-hitcount|p2a: Noivern|2
|move|p1b: Incineroar|Fake Out|p2b: Charizard
|-activate|p2b: Charizard|move: Protect
|
|-weather|SunnyDay|[upkeep]
|upkeep
|turn|9
|
|t:|1783977945
|move|p2a: Noivern|Draco Meteor|p1b: Incineroar
|-damage|p1b: Incineroar|24/100
|-unboost|p2a: Noivern|spa|2
|-enditem|p1b: Incineroar|Sitrus Berry|[eat]
|-heal|p1b: Incineroar|49/100|[from] item: Sitrus Berry
|move|p2b: Charizard|Heat Wave|p1b: Incineroar|[spread] p1a,p1b
|-resisted|p1b: Incineroar|1
|-damage|p1a: Kangaskhan|0 fnt
|-damage|p1b: Incineroar|22/100
|faint|p1a: Kangaskhan
|move|p1b: Incineroar|Flare Blitz|p2a: Noivern
|-resisted|p2a: Noivern|1
|-damage|p2a: Noivern|0 fnt
|faint|p2a: Noivern
|-damage|p1b: Incineroar|19/100|[from] Recoil
|
|-weather|SunnyDay|[upkeep]
|-sideend|p2: redclover2973|move: Tailwind
|upkeep
|
|t:|1783977956
|switch|p2a: Tauros|Tauros-Paldea-Aqua, L50, M|50/100g
|-ability|p2a: Tauros|Intimidate|boost
|-unboost|p1b: Incineroar|atk|1
|turn|10
|
|t:|1783977966
|move|p1b: Incineroar|Protect|p1b: Incineroar
|-singleturn|p1b: Incineroar|Protect
|move|p2a: Tauros|Raging Bull|p1b: Incineroar
|-activate|p1b: Incineroar|move: Protect
|move|p2b: Charizard|Weather Ball|p1b: Incineroar
|-activate|p1b: Incineroar|move: Protect
|
|-weather|SunnyDay|[upkeep]
|upkeep
|turn|11
|
|t:|1783977978
|move|p2b: Charizard|Weather Ball|p1b: Incineroar
|-resisted|p1b: Incineroar|1
|-damage|p1b: Incineroar|0 fnt
|faint|p1b: Incineroar
|
|win|redclover2973
|inactive|upernatural has 30 seconds to confirm battle start!
|inactive|redclover2973 has 30 seconds to confirm battle start!
