|j|☆ildrarVGC
|j|☆liamvgc1
|html|ildrarVGCliamvgc1    
|uhtml|bestof|Game 2 of a best-of-3
|t:|1755969098
|gametype|doubles
|player|p1|ildrarVGC|101|1352
|player|p2|liamvgc1|red|1365
|gen|9
|tier|[Gen 9] VGC 2025 Reg H (Bo3)
|rated|
|rule|Species Clause: Limit one of each Pokémon
|rule|Item Clause: Limit 1 of each item
|clearpoke
|poke|p1|Dragonite, L50, F|
|poke|p1|Incineroar, L50, M|
|poke|p1|Amoonguss, L50, M|
|poke|p1|Porygon2, L50|
|poke|p1|Ursaluna, L50, M|
|poke|p1|Annihilape, L50, M|
|poke|p2|Typhlosion-Hisui, L50, M|
|poke|p2|Whimsicott, L50, F|
|poke|p2|Garchomp, L50, F|
|poke|p2|Dragonite, L50, F|
|poke|p2|Annihilape, L50, F|
|poke|p2|Amoonguss, L50, M|
|teampreview|4
|showteam|p1|Dragonite||LoadedDice|Multiscale|ScaleShot,Haze,Tailwind,Protect|||F|||50|,,,,,Steel]Incineroar||AssaultVest|Intimidate|FlareBlitz,KnockOff,FakeOut,Uturn|||M|||50|,,,,,Grass]Amoonguss||SitrusBerry|Regenerator|Spore,RagePowder,Protect,SludgeBomb|||M|||50|,,,,,Water]Porygon2||Eviolite|Download|TeraBlast,IceBeam,TrickRoom,Recover||||||50|,,,,,Fighting]Ursaluna||FlameOrb|Guts|Facade,Earthquake,HeadlongRush,Protect|||M|||50|,,,,,Ghost]Annihilape||FocusSash|Defiant|CloseCombat,RageFist,Coaching,Taunt|||M|||50|,,,,,Stellar
|showteam|p2|Typhlosion-Hisui||ChoiceSpecs|Blaze|Eruption,HeatWave,Flamethrower,ShadowBall|||M|||50|,,,,,Fire]Whimsicott||CovertCloak|Prankster|SunnyDay,Tailwind,Encore,Moonblast|||F|||50|,,,,,Dark]Garchomp||LifeOrb|RoughSkin|Earthquake,StompingTantrum,DragonClaw,Protect|||F|||50|,,,,,Fire]Dragonite||ChoiceBand|InnerFocus|ExtremeSpeed,AerialAce,Outrage,IceSpinner|||F|||50|,,,,,Normal]Annihilape||SafetyGoggles|Defiant|CloseCombat,ShadowClaw,FinalGambit,Protect|||F|||50|,,,,,Water]Amoonguss||SitrusBerry|EffectSpore|RagePowder,Spore,Protect,SludgeBomb|||M|||50|,,,,,Ghost
|inactive|Battle timer is ON: inactive players will automatically lose when time's up. (requested by liamvgc1)
|inactive|ildrarVGC has 60 seconds left.
|
|t:|1755969154
|teamsize|p1|4
|teamsize|p2|4
|start
|switch|p1a: Annihilape|Annihilape, L50, M|100/100
|switch|p1b: Amoonguss|Amoonguss, L50, M|100/100
|switch|p2a: Typhlosion|Typhlosion-Hisui, L50, M|100/100
|switch|p2b: Whimsicott|Whimsicott, L50, F|100/100
|turn|1
|inactive|ildrarVGC has 30 seconds left.
|inactive|ildrarVGC has 20 seconds left.
|
|t:|1755969191
|switch|p1a: Incineroar|Incineroar, L50, M|100/100
|-ability|p1a: Incineroar|Intimidate|boost
|-unboost|p2a: Typhlosion|atk|1
|-unboost|p2b: Whimsicott|atk|1
|-terastallize|p2a: Typhlosion|Fire
|-terastallize|p1b: Amoonguss|Water
|move|p2b: Whimsicott|Sunny Day|p2b: Whimsicott
|-weather|SunnyDay
|move|p2a: Typhlosion|Eruption|p1a: Incineroar|[spread] p1a,p1b
|-resisted|p1a: Incineroar
|-resisted|p1b: Amoonguss
|-damage|p1a: Incineroar|56/100
|-damage|p1b: Amoonguss|42/100
|-enditem|p1b: Amoonguss|Sitrus Berry|[eat]
|-heal|p1b: Amoonguss|66/100|[from] item: Sitrus Berry
|move|p1b: Amoonguss|Spore|p2a: Typhlosion
|-status|p2a: Typhlosion|slp|[from] move: Spore
|
|-weather|SunnyDay|[upkeep]
|upkeep
|turn|2
|inactive|ildrarVGC has 30 seconds left.
|inactive|ildrarVGC has 20 seconds left.
|
|t:|1755969230
|switch|p1b: Porygon2|Porygon2, L50|100/100
|-ability|p1b: Porygon2|Download|boost
|-boost|p1b: Porygon2|atk|1
|move|p2b: Whimsicott|Tailwind|p2b: Whimsicott
|-sidestart|p2: liamvgc1|move: Tailwind
|cant|p2a: Typhlosion|slp
|move|p1a: Incineroar|U-turn|p2b: Whimsicott
|-damage|p2b: Whimsicott|75/100
|
|t:|1755969241
|switch|p1a: Amoonguss|Amoonguss, L50, M, tera:Water|99/100|[from] U-turn
|
|-weather|SunnyDay|[upkeep]
|upkeep
|turn|3
|
|t:|1755969248
|cant|p2a: Typhlosion|slp
|move|p2b: Whimsicott|Moonblast|p1b: Porygon2
|-damage|p1b: Porygon2|83/100
|move|p1a: Amoonguss|Sludge Bomb|p2b: Whimsicott
|-supereffective|p2b: Whimsicott
|-damage|p2b: Whimsicott|0 fnt
|faint|p2b: Whimsicott
|move|p1b: Porygon2|Trick Room|p1b: Porygon2
|-fieldstart|move: Trick Room|[of] p1b: Porygon2
|
|-weather|SunnyDay|[upkeep]
|upkeep
|
|t:|1755969264
|switch|p2b: Dragonite|Dragonite, L50, F|100/100
|turn|4
|
|t:|1755969275
|move|p2b: Dragonite|Extreme Speed|p1a: Amoonguss
|-crit|p1a: Amoonguss
|-damage|p1a: Amoonguss|28/100
|move|p1a: Amoonguss|Spore|p2b: Dragonite
|-status|p2b: Dragonite|slp|[from] move: Spore
|move|p1b: Porygon2|Tera Blast|p2a: Typhlosion
|-damage|p2a: Typhlosion|50/100 slp
|cant|p2a: Typhlosion|slp
|
|-weather|SunnyDay|[upkeep]
|upkeep
|turn|5
|inactive|ildrarVGC has 30 seconds left.
|inactive|ildrarVGC has 20 seconds left.
|inactive|ildrarVGC has 15 seconds left.
|
|t:|1755969318
|switch|p2a: Annihilape|Annihilape, L50, F|100/100
|cant|p2b: Dragonite|slp
|move|p1a: Amoonguss|Sludge Bomb|p2a: Annihilape
|-resisted|p2a: Annihilape
|-damage|p2a: Annihilape|89/100
|-status|p2a: Annihilape|psn
|move|p1b: Porygon2|Ice Beam|p2b: Dragonite
|-supereffective|p2b: Dragonite
|-damage|p2b: Dragonite|0 fnt
|faint|p2b: Dragonite
|
|-weather|none
|-damage|p2a: Annihilape|77/100 psn|[from] psn
|-sideend|p2: liamvgc1|move: Tailwind
|upkeep
|
|t:|1755969329
|switch|p2b: Typhlosion|Typhlosion-Hisui, L50, M, tera:Fire|50/100 slp
|turn|6
|
|t:|1755969347
|move|p1a: Amoonguss|Sludge Bomb|p2b: Typhlosion
|-damage|p2b: Typhlosion|13/100 slp
|move|p1b: Porygon2|Tera Blast|p2b: Typhlosion
|-damage|p2b: Typhlosion|0 fnt
|faint|p2b: Typhlosion
|move|p2a: Annihilape|Close Combat|p1b: Porygon2
|-supereffective|p1b: Porygon2
|-crit|p1b: Porygon2
|-damage|p1b: Porygon2|0 fnt
|-unboost|p2a: Annihilape|def|1
|-unboost|p2a: Annihilape|spd|1
|faint|p1b: Porygon2
|
|-damage|p2a: Annihilape|64/100 psn|[from] psn
|upkeep
|
|t:|1755969371
|switch|p1b: Incineroar|Incineroar, L50, M|56/100
|-ability|p1b: Incineroar|Intimidate|boost
|-unboost|p2a: Annihilape|atk|1
|-ability|p2a: Annihilape|Defiant|boost
|-boost|p2a: Annihilape|atk|2
|turn|7
|
|t:|1755969385
|switch|p1a: Annihilape|Annihilape, L50, M|100/100
|move|p2a: Annihilape|Protect|p2a: Annihilape
|-singleturn|p2a: Annihilape|Protect
|move|p1b: Incineroar|Flare Blitz|p2a: Annihilape
|-activate|p2a: Annihilape|move: Protect
|
|-damage|p2a: Annihilape|52/100 psn|[from] psn
|-fieldend|move: Trick Room
|upkeep
|turn|8
|-message|liamvgc1 forfeited.
|
|win|ildrarVGC
|raw|ildrarVGC's rating: 1352 → 1373(+21 for winning)
|raw|liamvgc1's rating: 1365 → 1344(-21 for losing)
|l|☆liamvgc1
|player|p2|
