|j|☆winRARfreetrial2
|j|☆stupid (crftu)
|html|winRARfreetrial2stupid (crftu)    
|uhtml|bestof|Game 1 of a best-of-3
|t:|1784089147
|gametype|doubles
|player|p1|winRARfreetrial2|266|1098
|player|p2|stupid (crftu)|2|1073
|gen|9
|tier|[Gen 9 Champions] VGC 2026 Reg M-B (Bo3)
|rated|
|rule|Species Clause: Limit one of each Pokémon
|rule|Item Clause: Limit 1 of each item
|clearpoke
|poke|p1|Raichu, L50, F|
|poke|p1|Archaludon, L50, F|
|poke|p1|Pelipper, L50, M|
|poke|p1|Grimmsnarl, L50, M|
|poke|p1|Venusaur, L50, F|
|poke|p1|Basculegion, L50, M|
|poke|p2|Aurorus, L50, F|
|poke|p2|Farigiraf, L50, F|
|poke|p2|Kangaskhan, L50, F|
|poke|p2|Archaludon, L50, M|
|poke|p2|Floette-Eternal, L50, F|
|poke|p2|Torkoal, L50, F|
|teampreview|4
|showteam|p1|Raichu||RaichuniteX|LightningRod|Protect,VoltTackle,VoltSwitch,Encore|Jolly||F|||50|]Archaludon||Leftovers|Stamina|Protect,FlashCannon,DragonPulse,ElectroShot|Modest||F|||50|]Pelipper||SitrusBerry|Drizzle|WeatherBall,Hurricane,Tailwind,WideGuard|Modest||M|||50|]Grimmsnarl||LightClay|Prankster|Reflect,LightScreen,SpiritBreak,PartingShot|Careful||M|||50|]Venusaur||Venusaurite|Chlorophyll|Protect,GigaDrain,SludgeBomb,EarthPower|Modest||F|||50|]Basculegion||LifeOrb|SwiftSwim|Protect,WaveCrash,AquaJet,LastRespects|Adamant||M|||50|
|showteam|p2|Aurorus||LifeOrb|Refrigerate|HyperVoice,AncientPower,FreezeDry,Protect|Quiet||F|||50|]Farigiraf||SitrusBerry|ArmorTail|PsychicFangs,TrickRoom,LowKick,Protect|Relaxed||F|||50|]Kangaskhan||Kangaskhanite|Scrappy|FakeOut,DoubleEdge,HammerArm,Protect|Adamant||F|||50|]Archaludon||Leftovers|Stamina|FlashCannon,DracoMeteor,AuraSphere,Protect|Modest||M|||50|]Floette-Eternal||Floettite|FlowerVeil|Moonblast,DazzlingGleam,LightofRuin,Protect|Modest||F|||50|]Torkoal||Charcoal|Drought|Eruption,HeatWave,EarthPower,Protect|Modest||F|||50|
|inactive|Battle timer is ON: inactive players will automatically lose when time's up. (requested by stupid (crftu))
|
|t:|1784089218
|teamsize|p1|4
|teamsize|p2|4
|start
|switch|p1a: Grimmsnarl|Grimmsnarl, L50, M|100/100
|switch|p1b: Venusaur|Venusaur, L50, F|100/100
|switch|p2a: Farigiraf|Farigiraf, L50, F|100/100
|switch|p2b: Kangaskhan|Kangaskhan, L50, F|100/100
|turn|1
|
|t:|1784089239
|switch|p1b: Archaludon|Archaludon, L50, F|100/100
|detailschange|p2b: Kangaskhan|Kangaskhan-Mega, L50, F
|-mega|p2b: Kangaskhan|Kangaskhan|Kangaskhanite
|move|p2b: Kangaskhan|Fake Out|p1b: Archaludon
|-resisted|p1b: Archaludon|1
|-damage|p1b: Archaludon|91/100
|-ability|p1b: Archaludon|Stamina|boost
|-boost|p1b: Archaludon|def|1
|-resisted|p1b: Archaludon|1
|-damage|p1b: Archaludon|90/100
|-ability|p1b: Archaludon|Stamina|boost
|-boost|p1b: Archaludon|def|1
|-hitcount|p1b: Archaludon|2
|move|p1a: Grimmsnarl|Light Screen|p1a: Grimmsnarl
|-sidestart|p1: winRARfreetrial2|move: Light Screen
|move|p2a: Farigiraf|Trick Room|p2a: Farigiraf
|-fieldstart|move: Trick Room|[of] p2a: Farigiraf
|
|-heal|p1b: Archaludon|96/100|[from] item: Leftovers
|upkeep
|turn|2
|inactive|winRARfreetrial2 has 30 seconds left.
|inactive|winRARfreetrial2 has 20 seconds left.
|inactive|winRARfreetrial2 has 15 seconds left.
|inactive|winRARfreetrial2 has 10 seconds left.
|inactive|winRARfreetrial2 has 5 seconds left.
|
|t:|1784089294
|move|p1b: Archaludon|Protect|p1b: Archaludon
|-singleturn|p1b: Archaludon|Protect
|move|p1a: Grimmsnarl|Reflect|p1a: Grimmsnarl
|-sidestart|p1: winRARfreetrial2|Reflect
|move|p2a: Farigiraf|Psychic Fangs|p1b: Archaludon
|-activate|p1b: Archaludon|move: Protect
|move|p2b: Kangaskhan|Double-Edge|p1a: Grimmsnarl
|-damage|p1a: Grimmsnarl|52/100
|-damage|p1a: Grimmsnarl|41/100
|-hitcount|p1a: Grimmsnarl|2
|-damage|p2b: Kangaskhan|81/100|[from] Recoil
|
|-heal|p1b: Archaludon|100/100|[from] item: Leftovers
|upkeep
|turn|3
|inactive|winRARfreetrial2 has 30 seconds left.
|inactive|stupid (crftu) has 30 seconds left.
|inactive|winRARfreetrial2 has 20 seconds left.
|inactive|winRARfreetrial2 has 15 seconds left.
|
|t:|1784089339
|switch|p1a: Pelipper|Pelipper, L50, M|100/100
|-weather|RainDance|[from] ability: Drizzle|[of] p1a: Pelipper
|move|p2a: Farigiraf|Psychic Fangs|p1b: Archaludon
|-sideend|p1: winRARfreetrial2|Reflect
|-sideend|p1: winRARfreetrial2|move: Light Screen
|-resisted|p1b: Archaludon|1
|-damage|p1b: Archaludon|95/100
|-ability|p1b: Archaludon|Stamina|boost
|-boost|p1b: Archaludon|def|1
|move|p1b: Archaludon|Electro Shot||[still]
|-prepare|p1b: Archaludon|Electro Shot
|-boost|p1b: Archaludon|spa|1
|-anim|p1b: Archaludon|Electro Shot|p2a: Farigiraf
|-damage|p2a: Farigiraf|39/100
|-enditem|p2a: Farigiraf|Sitrus Berry|[eat]
|-heal|p2a: Farigiraf|64/100|[from] item: Sitrus Berry
|move|p2b: Kangaskhan|Double-Edge|p1a: Pelipper
|-damage|p1a: Pelipper|26/100
|-enditem|p1a: Pelipper|Sitrus Berry|[eat]
|-heal|p1a: Pelipper|51/100|[from] item: Sitrus Berry
|-damage|p1a: Pelipper|33/100
|-hitcount|p1a: Pelipper|2
|-damage|p2b: Kangaskhan|60/100|[from] Recoil
|
|-weather|RainDance|[upkeep]
|-heal|p1b: Archaludon|100/100|[from] item: Leftovers
|upkeep
|turn|4
|inactive|winRARfreetrial2 has 30 seconds left.
|inactive|stupid (crftu) has 30 seconds left.
|inactive|winRARfreetrial2 has 20 seconds left.
|inactive|stupid (crftu) has 20 seconds left.
|
|t:|1784089383
|switch|p1a: Grimmsnarl|Grimmsnarl, L50, M|41/100
|switch|p2b: Torkoal|Torkoal, L50, F|100/100
|-weather|SunnyDay|[from] ability: Drought|[of] p2b: Torkoal
|move|p2a: Farigiraf|Psychic Fangs|p1a: Grimmsnarl
|-immune|p1a: Grimmsnarl
|move|p1b: Archaludon|Dragon Pulse|p2a: Farigiraf
|-damage|p2a: Farigiraf|3/100
|
|-weather|SunnyDay|[upkeep]
|upkeep
|turn|5
|inactive|winRARfreetrial2 has 30 seconds left.
|inactive|winRARfreetrial2 has 20 seconds left.
|
|t:|1784089418
|switch|p2a: Kangaskhan|Kangaskhan-Mega, L50, F|60/100
|switch|p1a: Pelipper|Pelipper, L50, M|33/100
|-weather|RainDance|[from] ability: Drizzle|[of] p1a: Pelipper
|move|p2b: Torkoal|Earth Power|p1b: Archaludon
|-supereffective|p1b: Archaludon|1
|-damage|p1b: Archaludon|49/100
|-unboost|p1b: Archaludon|spd|1
|-ability|p1b: Archaludon|Stamina|boost
|-boost|p1b: Archaludon|def|1
|move|p1b: Archaludon|Dragon Pulse|p2b: Torkoal
|-damage|p2b: Torkoal|18/100
|
|-weather|RainDance|[upkeep]
|-heal|p1b: Archaludon|55/100|[from] item: Leftovers
|-fieldend|move: Trick Room
|upkeep
|turn|6
|inactive|winRARfreetrial2 has 30 seconds left.
|inactive|stupid (crftu) has 30 seconds left.
|
|t:|1784089454
|switch|p1a: Grimmsnarl|Grimmsnarl, L50, M|41/100
|move|p2a: Kangaskhan|Double-Edge|p1a: Grimmsnarl
|-damage|p1a: Grimmsnarl|0 fnt
|faint|p1a: Grimmsnarl
|-damage|p2a: Kangaskhan|47/100|[from] Recoil
|move|p1b: Archaludon|Electro Shot||[still]
|-prepare|p1b: Archaludon|Electro Shot
|-boost|p1b: Archaludon|spa|1
|-anim|p1b: Archaludon|Electro Shot|p2a: Kangaskhan
|-damage|p2a: Kangaskhan|0 fnt
|faint|p2a: Kangaskhan
|move|p2b: Torkoal|Earth Power|p1b: Archaludon
|-supereffective|p1b: Archaludon|1
|-damage|p1b: Archaludon|0 fnt
|faint|p1b: Archaludon
|
|-weather|RainDance|[upkeep]
|upkeep
|l|☆stupid (crftu)
|inactive|stupid (crftu) disconnected and has a minute to reconnect!
|player|p2|
|inactive|stupid (crftu) has 30 seconds left.
|inactive|stupid (crftu) has 20 seconds left.
|inactive|stupid (crftu) has 15 seconds left.
|inactive|stupid (crftu) has 10 seconds left.
|inactive|stupid (crftu) has 5 seconds left.
|-message|stupid (crftu) lost due to inactivity.
|
|win|winRARfreetrial2
