|j|☆Anazawa Nizimi
|j|☆abadanriyi92
|html|Anazawa Nizimiabadanriyi92    
|uhtml|bestof|Game 2 of a best-of-3
|t:|1786073564
|gametype|doubles
|player|p1|Anazawa Nizimi|265|1395
|player|p2|abadanriyi92|colress|1328
|gen|9
|tier|[Gen 9 Champions] VGC 2026 Reg M-B (Bo3)
|rated|
|rule|Species Clause: Limit one of each Pokémon
|rule|Item Clause: Limit 1 of each item
|clearpoke
|poke|p1|Froslass, L50, F|
|poke|p1|Dragonite, L50, M|
|poke|p1|Kingambit, L50, M|
|poke|p1|Sneasler, L50, F|
|poke|p1|Garchomp, L50, M|
|poke|p1|Basculegion, L50, M|
|poke|p2|Charizard, L50, M|
|poke|p2|Floette-Eternal, L50, F|
|poke|p2|Basculegion, L50, M|
|poke|p2|Garchomp, L50, M|
|poke|p2|Kingambit, L50, M|
|poke|p2|Whimsicott, L50, M|
|teampreview|4
|showteam|p1|Froslass||Froslassite|CursedBody|Blizzard,ShadowBall,AuroraVeil,Protect|Timid||F|||50|]Dragonite||Dragoninite|InnerFocus|DragonPulse,HeatWave,Thunderbolt,Tailwind|Modest||M|||50|]Kingambit||ChopleBerry|Defiant|KowtowCleave,SuckerPunch,IronHead,Protect|Adamant||M|||50|]Sneasler||WhiteHerb|Unburden|DireClaw,CloseCombat,FakeOut,Coaching|Adamant||F|||50|]Garchomp||ChoiceScarf|RoughSkin|RockSlide,DragonClaw,StompingTantrum,Earthquake|Adamant||M|||50|]Basculegion||SitrusBerry|Adaptability|LastRespects,WaveCrash,AquaJet,Protect|Adamant||M|||50|
|showteam|p2|Charizard||CharizarditeY|Blaze|HeatWave,SolarBeam,WeatherBall,Protect|Modest||M|||50|]Floette-Eternal||Floettite|FlowerVeil|Moonblast,DazzlingGleam,LightofRuin,Protect|Timid||F|||50|]Basculegion||LifeOrb|Adaptability|WaveCrash,AquaJet,LastRespects,Protect|Adamant||M|||50|]Garchomp||SitrusBerry|RoughSkin|Earthquake,RockSlide,Protect,DragonClaw|Adamant||M|||50|]Kingambit||ChopleBerry|Defiant|KowtowCleave,IronHead,SuckerPunch,LowKick|Adamant||M|||50|]Whimsicott||FocusSash|Prankster|Moonblast,Tailwind,Encore,Protect|Timid||M|||50|
|
|t:|1786073615
|teamsize|p1|4
|teamsize|p2|4
|start
|switch|p1a: Froslass|Froslass, L50, F|100/100
|switch|p1b: Garchomp|Garchomp, L50, M|100/100
|switch|p2a: Charizard|Charizard, L50, M|100/100
|switch|p2b: Garchomp|Garchomp, L50, M|100/100
|turn|1
|
|t:|1786073636
|move|p1a: Froslass|Protect|p1a: Froslass
|-singleturn|p1a: Froslass|Protect
|move|p2a: Charizard|Protect|p2a: Charizard
|-singleturn|p2a: Charizard|Protect
|move|p1b: Garchomp|Rock Slide|p2b: Garchomp|[spread] 
|-activate|p2a: Charizard|move: Protect
|-miss|p1b: Garchomp|p2b: Garchomp
|move|p2b: Garchomp|Dragon Claw|p1b: Garchomp
|-supereffective|p1b: Garchomp|1
|-damage|p1b: Garchomp|21/100
|-damage|p2b: Garchomp|87/100|[from] ability: Rough Skin|[of] p1b: Garchomp
|
|upkeep
|turn|2
|
|t:|1786073661
|switch|p2a: Kingambit|Kingambit, L50, M|100/100
|move|p1b: Garchomp|Rock Slide|p2a: Kingambit|[spread] p2a,p2b
|-resisted|p2a: Kingambit|1
|-resisted|p2b: Garchomp|1
|-damage|p2a: Kingambit|91/100
|-damage|p2b: Garchomp|78/100
|move|p1a: Froslass|Blizzard|p2b: Garchomp|[spread] p2a
|-miss|p1a: Froslass|p2b: Garchomp
|-resisted|p2a: Kingambit|1
|-damage|p2a: Kingambit|80/100
|cant|p2b: Garchomp|flinch
|
|upkeep
|turn|3
|
|t:|1786073707
|switch|p1b: Basculegion|Basculegion, L50, M|100/100
|detailschange|p1a: Froslass|Froslass-Mega, L50, F
|-mega|p1a: Froslass|Froslass|Froslassite
|-weather|Snowscape|[from] ability: Snow Warning|[of] p1a: Froslass
|move|p2a: Kingambit|Sucker Punch||[still]
|-fail|p2a: Kingambit
|move|p1a: Froslass|Aurora Veil|p1a: Froslass
|-sidestart|p1: Anazawa Nizimi|move: Aurora Veil
|move|p2b: Garchomp|Rock Slide|p1b: Basculegion|[spread] p1a,p1b
|-supereffective|p1a: Froslass|1
|-damage|p1a: Froslass|80/100
|-damage|p1b: Basculegion|87/100
|
|-weather|Snowscape|[upkeep]
|upkeep
|turn|4
|
|t:|1786073729
|switch|p2b: Whimsicott|Whimsicott, L50, M|100/100
|move|p2a: Kingambit|Sucker Punch|p1a: Froslass
|-supereffective|p1a: Froslass|1
|-damage|p1a: Froslass|38/100
|move|p1a: Froslass|Blizzard|p2a: Kingambit|[spread] p2a,p2b
|-resisted|p2a: Kingambit|1
|-supereffective|p2b: Whimsicott|1
|-damage|p2a: Kingambit|60/100
|-enditem|p2b: Whimsicott|Focus Sash
|-damage|p2b: Whimsicott|1/100
|-status|p2a: Kingambit|frz
|move|p1b: Basculegion|Wave Crash|p2a: Kingambit
|-damage|p2a: Kingambit|4/100 frz
|-damage|p1b: Basculegion|70/100|[from] Recoil
|
|-weather|Snowscape|[upkeep]
|upkeep
|turn|5
|c|☆abadanriyi92|dat frz
|
|t:|1786073760
|move|p2b: Whimsicott|Tailwind|p2b: Whimsicott
|-sidestart|p2: abadanriyi92|move: Tailwind
|cant|p2a: Kingambit|frz
|move|p1a: Froslass|Blizzard|p2a: Kingambit|[spread] p2a,p2b
|-resisted|p2a: Kingambit|1
|-supereffective|p2b: Whimsicott|1
|-damage|p2a: Kingambit|0 fnt
|-damage|p2b: Whimsicott|0 fnt
|faint|p2a: Kingambit
|faint|p2b: Whimsicott
|move|p1b: Basculegion|Wave Crash|p2: Kingambit|[notarget]
|-fail|p1b: Basculegion
|
|-weather|Snowscape|[upkeep]
|upkeep
|
|t:|1786073773
|switch|p2b: Garchomp|Garchomp, L50, M|78/100
|switch|p2a: Charizard|Charizard, L50, M|100/100
|turn|6
|
|t:|1786073827
|switch|p1a: Kingambit|Kingambit, L50, M|100/100
|detailschange|p2a: Charizard|Charizard-Mega-Y, L50, M
|-mega|p2a: Charizard|Charizard|Charizardite Y
|-weather|SunnyDay|[from] ability: Drought|[of] p2a: Charizard
|move|p1b: Basculegion|Protect|p1b: Basculegion
|-singleturn|p1b: Basculegion|Protect
|move|p2b: Garchomp|Rock Slide|p1b: Basculegion|[spread] p1a
|-activate|p1b: Basculegion|move: Protect
|-resisted|p1a: Kingambit|1
|-damage|p1a: Kingambit|95/100
|move|p2a: Charizard|Solar Beam||[still]
|-prepare|p2a: Charizard|Solar Beam
|-anim|p2a: Charizard|Solar Beam|p1b: Basculegion
|-activate|p1b: Basculegion|move: Protect
|
|-weather|SunnyDay|[upkeep]
|upkeep
|turn|7
|
|t:|1786073859
|move|p2b: Garchomp|Earthquake|p1b: Basculegion|[spread] p1a,p1b
|-immune|p2a: Charizard
|-supereffective|p1a: Kingambit|1
|-damage|p1a: Kingambit|60/100
|-damage|p1b: Basculegion|44/100
|-enditem|p1b: Basculegion|Sitrus Berry|[eat]
|-heal|p1b: Basculegion|69/100|[from] item: Sitrus Berry
|move|p2a: Charizard|Heat Wave|p1b: Basculegion|[spread] p1a,p1b
|-supereffective|p1a: Kingambit|1
|-resisted|p1b: Basculegion|1
|-damage|p1a: Kingambit|0 fnt
|-damage|p1b: Basculegion|49/100
|-status|p1b: Basculegion|brn
|faint|p1a: Kingambit
|move|p1b: Basculegion|Wave Crash|p2a: Charizard
|-supereffective|p2a: Charizard|1
|-damage|p2a: Charizard|65/100
|-damage|p1b: Basculegion|39/100 brn|[from] Recoil
|
|-weather|SunnyDay|[upkeep]
|-damage|p1b: Basculegion|33/100 brn|[from] brn
|-sideend|p1: Anazawa Nizimi|move: Aurora Veil
|upkeep
|
|t:|1786073880
|switch|p1a: Froslass|Froslass-Mega, L50, F|38/100
|-weather|Snowscape|[from] ability: Snow Warning|[of] p1a: Froslass
|turn|8
|
|t:|1786073898
|move|p1a: Froslass|Protect|p1a: Froslass
|-singleturn|p1a: Froslass|Protect
|move|p1b: Basculegion|Aqua Jet|p2a: Charizard
|-supereffective|p2a: Charizard|1
|-damage|p2a: Charizard|43/100
|move|p2b: Garchomp|Rock Slide|p1a: Froslass|[spread] p1b
|-activate|p1a: Froslass|move: Protect
|-damage|p1b: Basculegion|13/100 brn
|move|p2a: Charizard|Heat Wave|p1a: Froslass|[spread] p1b
|-activate|p1a: Froslass|move: Protect
|-resisted|p1b: Basculegion|1
|-damage|p1b: Basculegion|0 fnt
|faint|p1b: Basculegion
|
|-weather|Snowscape|[upkeep]
|-sideend|p2: abadanriyi92|move: Tailwind
|upkeep
|
|t:|1786073915
|switch|p1b: Garchomp|Garchomp, L50, M|21/100
|turn|9
|
|t:|1786073950
|move|p2b: Garchomp|Protect|p2b: Garchomp
|-singleturn|p2b: Garchomp|Protect
|move|p1b: Garchomp|Dragon Claw|p2a: Charizard
|-damage|p2a: Charizard|3/100
|move|p1a: Froslass|Blizzard|p2a: Charizard|[spread] p2a
|-activate|p2b: Garchomp|move: Protect
|-damage|p2a: Charizard|0 fnt
|faint|p2a: Charizard
|
|-weather|Snowscape|[upkeep]
|upkeep
|turn|10
|
|t:|1786073964
|move|p1b: Garchomp|Dragon Claw|p2b: Garchomp
|-supereffective|p2b: Garchomp|1
|-damage|p2b: Garchomp|7/100
|-damage|p1b: Garchomp|8/100|[from] ability: Rough Skin|[of] p2b: Garchomp
|-enditem|p2b: Garchomp|Sitrus Berry|[eat]
|-heal|p2b: Garchomp|32/100|[from] item: Sitrus Berry
|move|p1a: Froslass|Blizzard|p2b: Garchomp
|-supereffective|p2b: Garchomp|2
|-damage|p2b: Garchomp|0 fnt
|faint|p2b: Garchomp
|
|win|Anazawa Nizimi
