|j|☆lauriachad
|j|☆days egg
|html|lauriachaddays egg    
|uhtml|bestof|Game 1 of a best-of-3
|t:|1782437278
|gametype|doubles
|player|p1|lauriachad|2|1000
|player|p2|days egg|266|1000
|gen|9
|tier|[Gen 9 Champions] VGC 2026 Reg M-B (Bo3)
|rated|
|rule|Species Clause: Limit one of each Pokémon
|rule|Item Clause: Limit 1 of each item
|clearpoke
|poke|p1|Aggron, L50, F|
|poke|p1|Farigiraf, L50, M|
|poke|p1|Torkoal, L50, M|
|poke|p1|Sinistcha, L50|
|poke|p1|Basculegion, L50, M|
|poke|p1|Sneasler, L50, F|
|poke|p2|Starmie, L50|
|poke|p2|Dragalge, L50, M|
|poke|p2|Basculegion, L50, M|
|poke|p2|Decidueye-Hisui, L50, M|
|poke|p2|Hawlucha, L50, F|
|poke|p2|Heliolisk, L50, F|
|teampreview|4
|showteam|p1|Aggron||Aggronite|Sturdy|IronDefense,IronHead,Protect,BodySlam|Brave||F|||50|]Farigiraf||SitrusBerry|ArmorTail|TrickRoom,Psychic,HelpingHand,Protect|Bold||M|||50|]Torkoal||Charcoal|Drought|Protect,HeatWave,WeatherBall,Eruption|Quiet||M|||50|]Sinistcha||KasibBerry|Hospitality|MatchaGotcha,LifeDew,TrickRoom,RagePowder|Bold|||||50|]Basculegion||MysticWater|Adaptability|FlipTurn,WaveCrash,LastRespects,Protect|Naive||M|||50|]Sneasler||WhiteHerb|Unburden|CloseCombat,Protect,DireClaw,FakeOut|Jolly||F|||50|
|showteam|p2|Starmie||Starminite|Illuminate|SkillSwap,Liquidation|Serious|||||50|]Dragalge||Dragalgite|PoisonPoint|MudSlap,PlayRough,Toxic,Spite|Sassy||M|||50|]Basculegion|||SwiftSwim|LastRespects|Serious||M|||50|]Decidueye-Hisui||BrightPowder|Scrappy|TripleArrows|Serious||M|||50|]Hawlucha||Hawluchanite|MoldBreaker|FlyingPress|Serious||F|||50|]Heliolisk||ChoiceScarf|SandVeil|Electrify|Serious||F|||50|
|l|☆lauriachad
|player|p1|
|j|☆lauriachad
|player|p1|lauriachad|2|
|
|t:|1782437354
|teamsize|p1|4
|teamsize|p2|4
|start
|switch|p1a: Aggron|Aggron, L50, F|100/100
|switch|p1b: Farigiraf|Farigiraf, L50, M|100/100
|switch|p2a: Starmie|Starmie, L50|100/100
|switch|p2b: Basculegion|Basculegion, L50, M|100/100
|turn|1
|
|t:|1782437374
|detailschange|p2a: Starmie|Starmie-Mega, L50
|-mega|p2a: Starmie|Starmie|Starminite
|detailschange|p1a: Aggron|Aggron-Mega, L50, F
|-mega|p1a: Aggron|Aggron|Aggronite
|move|p2a: Starmie|Skill Swap|p2b: Basculegion
|-activate|p2a: Starmie|Skill Swap|||[of] p2b: Basculegion
|move|p2b: Basculegion|Last Respects|p1a: Aggron
|-damage|p1a: Aggron|74/100
|move|p1a: Aggron|Iron Defense|p1a: Aggron
|-boost|p1a: Aggron|def|2
|move|p1b: Farigiraf|Trick Room|p1b: Farigiraf
|-fieldstart|move: Trick Room|[of] p1b: Farigiraf
|
|upkeep
|turn|2
|
|t:|1782437397
|switch|p2a: Dragalge|Dragalge, L50, M|100/100
|move|p1b: Farigiraf|Helping Hand|p1a: Aggron
|-singleturn|p1a: Aggron|Helping Hand|[of] p1b: Farigiraf
|move|p1a: Aggron|Iron Head|p2a: Dragalge
|-crit|p2a: Dragalge
|-damage|p2a: Dragalge|0 fnt
|faint|p2a: Dragalge
|move|p2b: Basculegion|Last Respects|p1a: Aggron
|-damage|p1a: Aggron|49/100
|
|upkeep
|
|t:|1782437410
|switch|p2a: Starmie|Starmie-Mega, L50|100/100
|turn|3
|
|t:|1782437418
|move|p1a: Aggron|Protect|p1a: Aggron
|-singleturn|p1a: Aggron|Protect
|move|p1b: Farigiraf|Protect|p1b: Farigiraf
|-singleturn|p1b: Farigiraf|Protect
|move|p2b: Basculegion|Last Respects|p1a: Aggron
|-activate|p1a: Aggron|move: Protect
|move|p2a: Starmie|Liquidation|p1a: Aggron
|-activate|p1a: Aggron|move: Protect
|
|upkeep
|turn|4
|
|t:|1782437436
|move|p1a: Aggron|Iron Head|p2b: Basculegion
|-resisted|p2b: Basculegion|1
|-damage|p2b: Basculegion|70/100
|move|p1b: Farigiraf|Psychic|p2b: Basculegion
|-damage|p2b: Basculegion|31/100
|move|p2b: Basculegion|Last Respects|p1a: Aggron
|-damage|p1a: Aggron|24/100
|move|p2a: Starmie|Liquidation|p1a: Aggron
|-damage|p1a: Aggron|9/100
|-unboost|p1a: Aggron|def|1
|
|upkeep
|turn|5
|
|t:|1782437451
|move|p1a: Aggron|Protect|p1a: Aggron
|-singleturn|p1a: Aggron|Protect
|move|p1b: Farigiraf|Protect|p1b: Farigiraf
|-singleturn|p1b: Farigiraf|Protect
|move|p2b: Basculegion|Last Respects|p1a: Aggron
|-activate|p1a: Aggron|move: Protect
|move|p2a: Starmie|Liquidation|p1b: Farigiraf
|-activate|p1b: Farigiraf|move: Protect
|
|-fieldend|move: Trick Room
|upkeep
|turn|6
|-message|days egg forfeited.
|raw|lauriachad's rating: 1000 → 1040(+40 for winning)
|raw|days egg's rating: 1000 → 1000(+0 for losing)
|
|t:|1782437470
|move|p2a: Starmie|Liquidation|p1b: Farigiraf
|-damage|p1b: Farigiraf|59/100
|move|p2b: Basculegion|Last Respects|p1a: Aggron
|-damage|p1a: Aggron|0 fnt
|faint|p1a: Aggron
|move|p1b: Farigiraf|Psychic|p2b: Basculegion
|-damage|p2b: Basculegion|0 fnt
|faint|p2b: Basculegion
|
|upkeep
|
|win|lauriachad
