|j|☆aswin505
|j|☆srTerror
|html|aswin505srTerror    
|uhtml|bestof|Game 1 of a best-of-3
|t:|1785933833
|gametype|doubles
|player|p1|aswin505|266|1114
|player|p2|srTerror|266|1185
|gen|9
|tier|[Gen 9 Champions] VGC 2026 Reg M-B (Bo3)
|rated|
|rule|Species Clause: Limit one of each Pokémon
|rule|Item Clause: Limit 1 of each item
|clearpoke
|poke|p1|Hatterene, L50, F|
|poke|p1|Oranguru, L50, M|
|poke|p1|Incineroar, L50, M|
|poke|p1|Excadrill, L50, F|
|poke|p1|Aerodactyl, L50, F|
|poke|p1|Sylveon, L50, F|
|poke|p2|Dragonite, L50, M|
|poke|p2|Milotic, L50, F|
|poke|p2|Sneasler, L50, F|
|poke|p2|Charizard, L50, M|
|poke|p2|Gholdengo, L50|
|poke|p2|Whimsicott, L50, M|
|teampreview|4
|showteam|p1|Hatterene||LifeOrb|MagicBounce|ExpandingForce,DazzlingGleam,Protect,TrickRoom|Quiet||F|||50|]Oranguru||MentalHerb|InnerFocus|PsychicTerrain,TrickRoom,Instruct,Psychic|Relaxed||M|||50|]Incineroar||SitrusBerry|Intimidate|PartingShot,DarkestLariat,FakeOut,FlareBlitz|Brave||M|||50|]Excadrill||FocusSash|MoldBreaker|HighHorsepower,RockSlide,Protect,IronHead|Brave||F|||50|]Aerodactyl||Aerodactylite|Unnerve|Round,Tailwind,RockSlide,DualWingbeat|Jolly||F|||50|]Sylveon||FairyFeather|Pixilate|HyperVoice,Detect,Round,CalmMind|Quiet||F|||50|
|showteam|p2|Dragonite||LifeOrb|InnerFocus|Protect,DragonClaw,ExtremeSpeed,LowKick|Adamant||M|||50|]Milotic||Leftovers|Competitive|Scald,IceBeam,Recover,Protect|Modest||F|||50|]Sneasler||WhiteHerb|Unburden|GunkShot,FakeOut,CloseCombat,Coaching|Adamant||F|||50|]Charizard||CharizarditeY|Blaze|Protect,HeatWave,WeatherBall,SolarBeam|Modest||M|||50|]Gholdengo||FocusSash|GoodasGold|Protect,ShadowBall,PowerGem,MakeItRain|Modest|||||50|]Whimsicott||FairyFeather|Prankster|Protect,Moonblast,Encore,Tailwind|Timid||M|||50|
|inactive|Battle timer is ON: inactive players will automatically lose when time's up. (requested by srTerror)
|inactive|srTerror has 60 seconds left.
|
|t:|1785933903
|teamsize|p1|4
|teamsize|p2|4
|start
|switch|p1a: Incineroar|Incineroar, L50, M|100/100
|switch|p1b: Oranguru|Oranguru, L50, M|100/100
|switch|p2a: Sneasler|Sneasler, L50, F|100/100
|switch|p2b: Charizard|Charizard, L50, M|100/100
|-ability|p1a: Incineroar|Intimidate|boost
|-unboost|p2a: Sneasler|atk|1
|-unboost|p2b: Charizard|atk|1
|-enditem|p2a: Sneasler|White Herb
|-clearnegativeboost|p2a: Sneasler|[silent]
|turn|1
|inactive|aswin505 has 30 seconds left.
|inactive|srTerror has 30 seconds left.
|
|t:|1785933933
|detailschange|p2b: Charizard|Charizard-Mega-Y, L50, M
|-mega|p2b: Charizard|Charizard|Charizardite Y
|-weather|SunnyDay|[from] ability: Drought|[of] p2b: Charizard
|move|p2a: Sneasler|Fake Out|p1a: Incineroar
|-damage|p1a: Incineroar|88/100
|cant|p1a: Incineroar|flinch
|move|p2b: Charizard|Weather Ball|p1b: Oranguru
|-damage|p1b: Oranguru|27/100
|move|p1b: Oranguru|Trick Room|p1b: Oranguru
|-fieldstart|move: Trick Room|[of] p1b: Oranguru
|
|-weather|SunnyDay|[upkeep]
|upkeep
|turn|2
|
|t:|1785933957
|move|p1a: Incineroar|Darkest Lariat|p2b: Charizard
|-damage|p2b: Charizard|65/100
|move|p1b: Oranguru|Instruct|p1a: Incineroar
|-singleturn|p1a: Incineroar|move: Instruct|[of] p1b: Oranguru
|move|p1a: Incineroar|Darkest Lariat|p2b: Charizard
|-damage|p2b: Charizard|26/100
|move|p2b: Charizard|Weather Ball|p1b: Oranguru
|-damage|p1b: Oranguru|0 fnt
|faint|p1b: Oranguru
|move|p2a: Sneasler|Close Combat|p1a: Incineroar
|-supereffective|p1a: Incineroar|1
|-damage|p1a: Incineroar|0 fnt
|-unboost|p2a: Sneasler|def|1
|-unboost|p2a: Sneasler|spd|1
|faint|p1a: Incineroar
|
|-weather|SunnyDay|[upkeep]
|upkeep
|
|t:|1785933973
|switch|p1a: Excadrill|Excadrill, L50, F|100/100
|switch|p1b: Hatterene|Hatterene, L50, F|100/100
|-ability|p1a: Excadrill|Mold Breaker
|turn|3
|inactive|srTerror has 30 seconds left.
|
|t:|1785934000
|switch|p2a: Milotic|Milotic, L50, F|100/100
|move|p2b: Charizard|Protect|p2b: Charizard
|-singleturn|p2b: Charizard|Protect
|move|p1b: Hatterene|Expanding Force|p2a: Milotic
|-damage|p2a: Milotic|52/100
|-damage|p1b: Hatterene|90/100|[from] item: Life Orb
|move|p1a: Excadrill|Rock Slide|p2b: Charizard|[spread] p2a
|-activate|p2b: Charizard|move: Protect
|-damage|p2a: Milotic|33/100
|
|-weather|SunnyDay|[upkeep]
|-heal|p2a: Milotic|39/100|[from] item: Leftovers
|upkeep
|turn|4
|
|t:|1785934015
|move|p2a: Milotic|Protect|p2a: Milotic
|-singleturn|p2a: Milotic|Protect
|move|p1b: Hatterene|Expanding Force|p2a: Milotic
|-activate|p2a: Milotic|move: Protect
|move|p1a: Excadrill|Rock Slide|p2a: Milotic|[spread] p2b
|-activate|p2a: Milotic|move: Protect
|-supereffective|p2b: Charizard|2
|-damage|p2b: Charizard|0 fnt
|faint|p2b: Charizard
|
|-weather|SunnyDay|[upkeep]
|-heal|p2a: Milotic|45/100|[from] item: Leftovers
|upkeep
|
|t:|1785934024
|switch|p2b: Sneasler|Sneasler, L50, F|100/100
|turn|5
|inactive|aswin505 has 30 seconds left.
|inactive|aswin505 has 20 seconds left.
|
|t:|1785934060
|move|p1a: Excadrill|Protect|p1a: Excadrill
|-singleturn|p1a: Excadrill|Protect
|move|p2b: Sneasler|Fake Out|p1b: Hatterene
|-damage|p1b: Hatterene|76/100
|cant|p1b: Hatterene|flinch
|move|p2a: Milotic|Recover|p2a: Milotic
|-heal|p2a: Milotic|95/100
|
|-weather|none
|-heal|p2a: Milotic|100/100|[from] item: Leftovers
|-fieldend|move: Trick Room
|upkeep
|turn|6
|l|☆aswin505
|inactive|aswin505 disconnected and has a minute to reconnect!
|player|p1|
|inactive|aswin505 has 30 seconds left.
|inactive|aswin505 has 20 seconds left.
|inactive|aswin505 has 15 seconds left.
|inactive|aswin505 has 10 seconds left.
|inactive|aswin505 has 5 seconds left.
|-message|aswin505 lost due to inactivity.
|
|win|srTerror
