|j|☆josius111
|j|☆GS Barnabe
|html|josius111GS Barnabe    
|uhtml|bestof|Game 3 of a best-of-3
|t:|1785942964
|gametype|doubles
|player|p1|josius111|266|1049
|player|p2|GS Barnabe|1|1127
|gen|9
|tier|[Gen 9 Champions] VGC 2026 Reg M-B (Bo3)
|rated|
|rule|Species Clause: Limit one of each Pokémon
|rule|Item Clause: Limit 1 of each item
|clearpoke
|poke|p1|Typhlosion-Hisui, L50, M|
|poke|p1|Sneasler, L50, M|
|poke|p1|Tsareena, L50, F|
|poke|p1|Aerodactyl, L50, F|
|poke|p1|Blastoise, L50, F|
|poke|p1|Excadrill, L50, F|
|poke|p2|Clefable, L50, F|
|poke|p2|Tyranitar, L50, F|
|poke|p2|Garchomp, L50, F|
|poke|p2|Gholdengo, L50|
|poke|p2|Rotom-Wash, L50|
|poke|p2|Aerodactyl, L50, F|
|teampreview|4
|showteam|p1|Typhlosion-Hisui||ChoiceScarf|Frisk|HeatWave,ShadowBall,Overheat,Eruption|Timid||M|||50|]Sneasler||WhiteHerb|Unburden|Coaching,CloseCombat,FakeOut,DireClaw|Adamant||M|||50|]Tsareena||MiracleSeed|QueenlyMajesty|Protect,TropKick,LowKick,TripleAxel|Adamant||F|||50|]Aerodactyl||FocusSash|Unnerve|Protect,RockSlide,Tailwind,DualWingbeat|Jolly||F|||50|]Blastoise||Blastoisinite|RainDish|Protect,DarkPulse,WaterSpout,AuraSphere|Modest||F|||50|]Excadrill||Excadrite|MoldBreaker|Protect,IronHead,RockSlide,HighHorsepower|Jolly||F|||50|
|showteam|p2|Clefable||SitrusBerry|Unaware|Moonblast,FollowMe,HealPulse,Protect|Bold||F|||50|]Tyranitar||ChoiceScarf|SandStream|RockSlide,KnockOff,IcePunch,Superpower|Jolly||F|||50|]Garchomp||Garchompite|SandVeil|DracoMeteor,EarthPower,PowerGem,Protect|Modest||F|||50|]Gholdengo||LifeOrb|GoodasGold|MakeItRain,ShadowBall,NastyPlot,Protect|Modest|||||50|]Rotom-Wash||Leftovers|Levitate|HydroPump,VoltSwitch,WillOWisp,Protect|Calm|||||50|]Aerodactyl||Aerodactylite|RockHead|RockSlide,DualWingbeat,Tailwind,Protect|Jolly||F|||50|
|
|t:|1785942986
|teamsize|p1|4
|teamsize|p2|4
|start
|switch|p1a: Excadrill|Excadrill, L50, F|100/100
|switch|p1b: Sneasler|Sneasler, L50, M|100/100
|switch|p2a: Aerodactyl|Aerodactyl, L50, F|100/100
|switch|p2b: Rotom|Rotom-Wash, L50|100/100
|-ability|p1a: Excadrill|Mold Breaker
|turn|1
|
|t:|1785943004
|detailschange|p1a: Excadrill|Excadrill-Mega, L50, F
|-mega|p1a: Excadrill|Excadrill|Excadrite
|move|p2a: Aerodactyl|Protect|p2a: Aerodactyl
|-singleturn|p2a: Aerodactyl|Protect
|move|p1b: Sneasler|Coaching|p1a: Excadrill
|-boost|p1a: Excadrill|atk|1
|-boost|p1a: Excadrill|def|1
|move|p1a: Excadrill|Iron Head|p2a: Aerodactyl
|-supereffective|p2a: Aerodactyl|1
|-ability|p1a: Excadrill|Piercing Drill
|-zbroken|p2a: Aerodactyl
|-damage|p2a: Aerodactyl|47/100
|move|p2b: Rotom|Will-O-Wisp|p1a: Excadrill
|-status|p1a: Excadrill|brn
|
|-damage|p1a: Excadrill|94/100 brn|[from] brn
|upkeep
|turn|2
|
|t:|1785943030
|detailschange|p2a: Aerodactyl|Aerodactyl-Mega, L50, F
|-mega|p2a: Aerodactyl|Aerodactyl|Aerodactylite
|move|p2a: Aerodactyl|Tailwind|p2a: Aerodactyl
|-sidestart|p2: GS Barnabe|move: Tailwind
|move|p2b: Rotom|Hydro Pump|p1a: Excadrill
|-supereffective|p1a: Excadrill|1
|-damage|p1a: Excadrill|0 fnt
|faint|p1a: Excadrill
|move|p1b: Sneasler|Close Combat|p2b: Rotom
|-damage|p2b: Rotom|24/100
|-unboost|p1b: Sneasler|def|1
|-unboost|p1b: Sneasler|spd|1
|-enditem|p1b: Sneasler|White Herb
|-clearnegativeboost|p1b: Sneasler|[silent]
|
|-heal|p2b: Rotom|30/100|[from] item: Leftovers
|upkeep
|
|t:|1785943040
|switch|p1a: Aerodactyl|Aerodactyl, L50, F|100/100
|-ability|p1a: Aerodactyl|Unnerve
|turn|3
|
|t:|1785943057
|move|p2a: Aerodactyl|Dual Wingbeat|p1b: Sneasler
|-supereffective|p1b: Sneasler|1
|-damage|p1b: Sneasler|3/100
|-supereffective|p1b: Sneasler|1
|-damage|p1b: Sneasler|0 fnt
|faint|p1b: Sneasler
|-hitcount|p1: Sneasler|2
|move|p2b: Rotom|Volt Switch|p1a: Aerodactyl
|-supereffective|p1a: Aerodactyl|1
|-damage|p1a: Aerodactyl|26/100
|
|t:|1785943067
|switch|p2b: Tyranitar|Tyranitar, L50, F|100/100|[from] Volt Switch
|-weather|Sandstorm|[from] ability: Sand Stream|[of] p2b: Tyranitar
|move|p1a: Aerodactyl|Tailwind|p1a: Aerodactyl
|-sidestart|p1: josius111|move: Tailwind
|
|-weather|Sandstorm|[upkeep]
|upkeep
|
|t:|1785943074
|switch|p1b: Blastoise|Blastoise, L50, F|100/100
|turn|4
|
|t:|1785943083
|move|p1a: Aerodactyl|Protect|p1a: Aerodactyl
|-singleturn|p1a: Aerodactyl|Protect
|move|p2a: Aerodactyl|Rock Slide|p1a: Aerodactyl|[spread] p1b
|-activate|p1a: Aerodactyl|move: Protect
|-damage|p1b: Blastoise|69/100
|move|p2b: Tyranitar|Rock Slide|p1a: Aerodactyl|[spread] p1b
|-activate|p1a: Aerodactyl|move: Protect
|-damage|p1b: Blastoise|40/100
|move|p1b: Blastoise|Water Spout|p2b: Tyranitar|[spread] p2a,p2b
|-supereffective|p2a: Aerodactyl|1
|-supereffective|p2b: Tyranitar|1
|-damage|p2a: Aerodactyl|13/100
|-damage|p2b: Tyranitar|72/100
|
|-weather|Sandstorm|[upkeep]
|-damage|p1b: Blastoise|34/100|[from] Sandstorm
|upkeep
|turn|5
|-message|josius111 forfeited.
|
|win|GS Barnabe
|raw|josius111's rating: 1049 → 1035(-14 for losing)
|raw|GS Barnabe's rating: 1127 → 1146(+19 for winning)
|l|☆josius111
|player|p1|
