|j|☆FlowerBoyFan
|j|☆PikaTROD
|html|FlowerBoyFanPikaTROD    
|uhtml|bestof|Game 3 of a best-of-3
|t:|1756938984
|gametype|doubles
|player|p1|FlowerBoyFan|marshal|1371
|player|p2|PikaTROD|265|1500
|gen|9
|tier|[Gen 9] VGC 2025 Reg H (Bo3)
|rated|
|rule|Species Clause: Limit one of each Pokémon
|rule|Item Clause: Limit 1 of each item
|clearpoke
|poke|p1|Incineroar, L50, F|
|poke|p1|Gholdengo, L50|
|poke|p1|Ninetales-Alola, L50, M|
|poke|p1|Annihilape, L50, F|
|poke|p1|Amoonguss, L50, M|
|poke|p1|Ursaluna-Bloodmoon, L50, M|
|poke|p2|Kingambit, L50, F|
|poke|p2|Primarina, L50, M|
|poke|p2|Sneasler, L50, M|
|poke|p2|Magmar, L50, M|
|poke|p2|Rillaboom, L50, M|
|poke|p2|Dragapult, L50, M|
|teampreview|4
|showteam|p1|Incineroar||SafetyGoggles|Intimidate|FlareBlitz,KnockOff,FakeOut,PartingShot|||F|||50|,,,,,Grass]Gholdengo||LifeOrb|GoodasGold|MakeItRain,ShadowBall,NastyPlot,Protect||||||50|,,,,,Water]Ninetales-Alola||LightClay|SnowWarning|Blizzard,IcicleSpear,IcyWind,AuroraVeil|||M|||50|,,,,,Ghost]Annihilape||LumBerry|Defiant|RageFist,DrainPunch,BulkUp,Protect|||F|||50|,,,,,Fire]Amoonguss||SitrusBerry|Regenerator|ClearSmog,PollenPuff,Spore,RagePowder|||M|||50|,,,,,Psychic]Ursaluna-Bloodmoon||AssaultVest|MindsEye|BloodMoon,HyperVoice,EarthPower,Snarl|||M|||50|,,,,,Electric
|showteam|p2|Kingambit||BlackGlasses|Defiant|KowtowCleave,SuckerPunch,SwordsDance,Protect|||F|||50|,,,,,Dark]Primarina||SitrusBerry|LiquidVoice|HyperVoice,Moonblast,Haze,Protect|||M|||50|,,,,,Water]Sneasler||FocusSash|Unburden|CloseCombat,DireClaw,FakeOut,Protect|||M|||50|,,,,,Stellar]Magmar||Eviolite|VitalSpirit|Overheat,WillOWisp,FollowMe,Protect|||M|||50|,,,,,Ghost]Rillaboom||AssaultVest|GrassySurge|WoodHammer,GrassyGlide,HighHorsepower,FakeOut|||M|||50|,,,,,Fire]Dragapult||ChoiceBand|ClearBody|DragonDarts,PhantomForce,Outrage,Uturn|||M|||50|,,,,,Dragon
|inactive|Battle timer is ON: inactive players will automatically lose when time's up. (requested by FlowerBoyFan)
|inactive|FlowerBoyFan has 60 seconds left.
|inactive|PikaTROD has 60 seconds left.
|
|t:|1756939023
|teamsize|p1|4
|teamsize|p2|4
|start
|switch|p1a: Annihilape|Annihilape, L50, F|100/100
|switch|p1b: Amoonguss|Amoonguss, L50, M|100/100
|switch|p2a: Dragapult|Dragapult, L50, M|100/100
|switch|p2b: Rillaboom|Rillaboom, L50, M|100/100
|-fieldstart|move: Grassy Terrain|[from] ability: Grassy Surge|[of] p2b: Rillaboom
|turn|1
|
|t:|1756939047
|-terastallize|p2a: Dragapult|Dragon
|move|p2b: Rillaboom|Fake Out|p1b: Amoonguss
|-damage|p1b: Amoonguss|86/100
|move|p2a: Dragapult|Dragon Darts|p1b: Amoonguss
|-damage|p1b: Amoonguss|38/100
|-enditem|p1b: Amoonguss|Sitrus Berry|[eat]
|-heal|p1b: Amoonguss|63/100|[from] item: Sitrus Berry
|-anim|p2a: Dragapult|Dragon Darts|p1a: Annihilape
|-damage|p1a: Annihilape|45/100
|move|p1a: Annihilape|Bulk Up|p1a: Annihilape
|-boost|p1a: Annihilape|atk|1
|-boost|p1a: Annihilape|def|1
|cant|p1b: Amoonguss|flinch
|
|-heal|p1a: Annihilape|51/100|[from] Grassy Terrain
|-heal|p1b: Amoonguss|69/100|[from] Grassy Terrain
|upkeep
|turn|2
|
|t:|1756939072
|switch|p1b: Incineroar|Incineroar, L50, F|100/100
|-ability|p1b: Incineroar|Intimidate|boost
|-fail|p2a: Dragapult|unboost|[from] ability: Clear Body|[of] p2a: Dragapult
|-unboost|p2b: Rillaboom|atk|1
|move|p1a: Annihilape|Protect|p1a: Annihilape
|-singleturn|p1a: Annihilape|Protect
|move|p2a: Dragapult|Dragon Darts|p1b: Incineroar
|-crit|p1b: Incineroar
|-damage|p1b: Incineroar|25/100
|-anim|p2a: Dragapult|Dragon Darts|p1b: Incineroar
|-damage|p1b: Incineroar|0 fnt
|faint|p1b: Incineroar
|move|p2b: Rillaboom|Wood Hammer|p1a: Annihilape
|-activate|p1a: Annihilape|move: Protect
|
|-heal|p1a: Annihilape|57/100|[from] Grassy Terrain
|upkeep
|
|t:|1756939081
|switch|p1b: Amoonguss|Amoonguss, L50, M|100/100
|turn|3
|
|t:|1756939107
|switch|p2a: Magmar|Magmar, L50, M|100/100
|switch|p2b: Primarina|Primarina, L50, M|100/100
|-terastallize|p1a: Annihilape|Fire
|move|p1a: Annihilape|Drain Punch|p2a: Magmar
|-damage|p2a: Magmar|60/100
|-heal|p1a: Annihilape|74/100|[from] drain|[of] p2a: Magmar
|move|p1b: Amoonguss|Spore|p2a: Magmar
|-immune|p2a: Magmar|[from] ability: Vital Spirit
|
|-heal|p1a: Annihilape|80/100|[from] Grassy Terrain
|-heal|p2a: Magmar|66/100|[from] Grassy Terrain
|upkeep
|turn|4
|inactive|FlowerBoyFan has 30 seconds left.
|inactive|PikaTROD has 30 seconds left.
|inactive|FlowerBoyFan has 20 seconds left.
|inactive|PikaTROD has 20 seconds left.
|inactive|FlowerBoyFan has 15 seconds left.
|inactive|PikaTROD has 15 seconds left.
|inactive|FlowerBoyFan has 10 seconds left.
|inactive|PikaTROD has 10 seconds left.
|
|t:|1756939160
|move|p2a: Magmar|Protect|p2a: Magmar
|-singleturn|p2a: Magmar|Protect
|move|p1a: Annihilape|Rage Fist|p2b: Primarina
|-damage|p2b: Primarina|36/100
|-enditem|p2b: Primarina|Sitrus Berry|[eat]
|-heal|p2b: Primarina|61/100|[from] item: Sitrus Berry
|move|p2b: Primarina|Hyper Voice|p1b: Amoonguss|[spread] p1a,p1b
|-supereffective|p1a: Annihilape
|-resisted|p1b: Amoonguss
|-damage|p1a: Annihilape|25/100
|-damage|p1b: Amoonguss|89/100
|move|p1b: Amoonguss|Pollen Puff|p1a: Annihilape
|-heal|p1a: Annihilape|75/100
|
|-heal|p1a: Annihilape|81/100|[from] Grassy Terrain
|-heal|p2a: Magmar|71/100|[from] Grassy Terrain
|-heal|p2b: Primarina|67/100|[from] Grassy Terrain
|-heal|p1b: Amoonguss|95/100|[from] Grassy Terrain
|upkeep
|turn|5
|
|t:|1756939183
|move|p2a: Magmar|Follow Me|p2a: Magmar
|-singleturn|p2a: Magmar|move: Follow Me
|move|p1a: Annihilape|Rage Fist|p2a: Magmar
|-damage|p2a: Magmar|1/100
|move|p2b: Primarina|Haze|p2b: Primarina
|-clearallboost
|move|p1b: Amoonguss|Pollen Puff|p2a: Magmar
|-resisted|p2a: Magmar
|-damage|p2a: Magmar|0 fnt
|faint|p2a: Magmar
|
|-heal|p1a: Annihilape|87/100|[from] Grassy Terrain
|-heal|p2b: Primarina|73/100|[from] Grassy Terrain
|-heal|p1b: Amoonguss|100/100|[from] Grassy Terrain
|-fieldend|move: Grassy Terrain
|upkeep
|
|t:|1756939189
|switch|p2a: Dragapult|Dragapult, L50, M, tera:Dragon|100/100
|turn|6
|inactive|FlowerBoyFan has 30 seconds left.
|
|t:|1756939215
|switch|p1a: Ursaluna|Ursaluna-Bloodmoon, L50, M|100/100
|move|p2a: Dragapult|Outrage|p1a: Ursaluna
|-damage|p1a: Ursaluna|3/100
|move|p2b: Primarina|Hyper Voice|p1a: Ursaluna|[spread] p1a,p1b
|-supereffective|p1a: Ursaluna
|-resisted|p1b: Amoonguss
|-damage|p1a: Ursaluna|0 fnt
|-damage|p1b: Amoonguss|89/100
|faint|p1a: Ursaluna
|move|p1b: Amoonguss|Spore|p2a: Dragapult
|-status|p2a: Dragapult|slp|[from] move: Spore
|
|upkeep
|
|t:|1756939222
|switch|p1a: Annihilape|Annihilape, L50, F, tera:Fire|87/100
|turn|7
|inactive|FlowerBoyFan has 30 seconds left.
|inactive|PikaTROD has 30 seconds left.
|
|t:|1756939262
|move|p2b: Primarina|Protect|p2b: Primarina
|-singleturn|p2b: Primarina|Protect
|cant|p2a: Dragapult|slp
|move|p1a: Annihilape|Rage Fist|p2a: Dragapult
|-damage|p2a: Dragapult|13/100 slp
|move|p1b: Amoonguss|Spore|p2b: Primarina
|-activate|p2b: Primarina|move: Protect
|
|upkeep
|turn|8
|
|t:|1756939280
|switch|p2b: Rillaboom|Rillaboom, L50, M|100/100
|-fieldstart|move: Grassy Terrain|[from] ability: Grassy Surge|[of] p2b: Rillaboom
|-curestatus|p2a: Dragapult|slp|[msg]
|move|p2a: Dragapult|Outrage|p1b: Amoonguss
|-damage|p1b: Amoonguss|0 fnt
|faint|p1b: Amoonguss
|move|p1a: Annihilape|Rage Fist|p2a: Dragapult
|-damage|p2a: Dragapult|0 fnt
|faint|p2a: Dragapult
|
|-heal|p1a: Annihilape|93/100|[from] Grassy Terrain
|upkeep
|
|t:|1756939287
|switch|p2a: Primarina|Primarina, L50, M|73/100
|turn|9
|
|t:|1756939296
|move|p1a: Annihilape|Protect|p1a: Annihilape
|-singleturn|p1a: Annihilape|Protect
|move|p2b: Rillaboom|Fake Out|p1a: Annihilape
|-activate|p1a: Annihilape|move: Protect
|move|p2a: Primarina|Hyper Voice|p1a: Annihilape
|-activate|p1a: Annihilape|move: Protect
|
|-heal|p1a: Annihilape|99/100|[from] Grassy Terrain
|-heal|p2a: Primarina|79/100|[from] Grassy Terrain
|upkeep
|turn|10
|inactive|FlowerBoyFan has 30 seconds left.
|inactive|FlowerBoyFan has 20 seconds left.
|inactive|FlowerBoyFan has 15 seconds left.
|
|t:|1756939337
|move|p1a: Annihilape|Bulk Up|p1a: Annihilape
|-boost|p1a: Annihilape|atk|1
|-boost|p1a: Annihilape|def|1
|move|p2b: Rillaboom|High Horsepower|p1a: Annihilape
|-supereffective|p1a: Annihilape
|-damage|p1a: Annihilape|49/100
|move|p2a: Primarina|Hyper Voice|p1a: Annihilape
|-supereffective|p1a: Annihilape
|-damage|p1a: Annihilape|0 fnt
|faint|p1a: Annihilape
|
|win|PikaTROD
|raw|FlowerBoyFan's rating: 1371 → 1358(-13 for losing)
|raw|PikaTROD's rating: 1500 → 1513(+13 for winning)
|c|☆PikaTROD|gg
|l|☆FlowerBoyFan
|player|p1|
