|j|☆rip bozo lol lmao
|j|☆dominikc
|html|rip bozo lol lmaodominikc    
|uhtml|bestof|Game 2 of a best-of-3
|t:|1757733703
|gametype|doubles
|player|p1|rip bozo lol lmao|miku-fairy|1087
|player|p2|dominikc|riley|1000
|gen|9
|tier|[Gen 9] VGC 2025 Reg H (Bo3)
|rated|
|rule|Species Clause: Limit one of each Pokémon
|rule|Item Clause: Limit 1 of each item
|clearpoke
|poke|p1|Volcarona, L50, M|
|poke|p1|Basculegion, L50, M|
|poke|p1|Baxcalibur, L50, M|
|poke|p1|Rillaboom, L50, F|
|poke|p1|Sneasler, L50, M|
|poke|p1|Ninetales-Alola, L50, M|
|poke|p2|Hawlucha, L50, M|
|poke|p2|Tyranitar, L50, M|
|poke|p2|Metagross, L50|
|poke|p2|Rillaboom, L50, F|
|poke|p2|Rotom-Wash, L50|
|poke|p2|Empoleon, L50, F|
|teampreview|4
|showteam|p1|Volcarona||Leftovers|FlameBody|FieryDance,GigaDrain,QuiverDance,Protect|||M|||50|,,,,,Grass]Basculegion||ChoiceScarf|Adaptability|WaveCrash,LastRespects,FlipTurn,AquaJet|||M|||50|,,,,,Water]Baxcalibur||LoadedDice|ThermalExchange|IcicleSpear,ScaleShot,IceShard,Protect|||M|||50|,,,,,Ghost]Rillaboom||AssaultVest|GrassySurge|GrassyGlide,FakeOut,WoodHammer,Uturn|||F|||50|,,,,,Fire]Sneasler||WhiteHerb|Unburden|DireClaw,CloseCombat,Coaching,Protect|||M|||50|,,,,,Ghost]Ninetales-Alola||CovertCloak|SnowWarning|Blizzard,AuroraVeil,Encore,Protect|||M|||50|,,,,,Water
|showteam|p2|Hawlucha||FocusSash|Unburden|FlyingPress,SwordsDance,Uturn,Protect|||M|||50|,,,,,Fighting]Tyranitar||AssaultVest|SandStream|KnockOff,RockSlide,TeraBlast,BrickBreak|||M|||50|,,,,,Flying]Metagross||LifeOrb|ClearBody|ZenHeadbutt,MeteorMash,Protect,Agility||||||50|,,,,,Dark]Rillaboom||Leftovers|GrassySurge|FakeOut,GrassyGlide,LeechSeed,Protect|||F|||50|,,,,,Fire]Rotom-Wash||WeaknessPolicy|Levitate|HydroPump,WillOWisp,Protect,VoltSwitch||||||50|,,,,,Electric]Empoleon||RockyHelmet|Competitive|FlashCannon,Surf,Roost,Protect|||F|||50|,,,,,Water
|
|t:|1757733735
|teamsize|p1|4
|teamsize|p2|4
|start
|switch|p1a: Oceangate Titan|Basculegion, L50, M|100/100
|switch|p1b: I'm sorry.|Sneasler, L50, M|100/100
|switch|p2a: Empoleon|Empoleon, L50, F|100/100
|switch|p2b: Rillaboom|Rillaboom, L50, F|100/100
|-fieldstart|move: Grassy Terrain|[from] ability: Grassy Surge|[of] p2b: Rillaboom
|turn|1
|
|t:|1757733761
|move|p2b: Rillaboom|Fake Out|p1b: I'm sorry.
|-damage|p1b: I'm sorry.|81/100
|move|p1a: Oceangate Titan|Flip Turn|p2b: Rillaboom
|-resisted|p2b: Rillaboom
|-damage|p2b: Rillaboom|85/100
|
|t:|1757733766
|switch|p1a: A strong fellow|Baxcalibur, L50, M|100/100|[from] Flip Turn
|cant|p1b: I'm sorry.|flinch
|move|p2a: Empoleon|Flash Cannon|p1a: A strong fellow
|-supereffective|p1a: A strong fellow
|-damage|p1a: A strong fellow|35/100
|
|-heal|p1b: I'm sorry.|87/100|[from] Grassy Terrain
|-heal|p1a: A strong fellow|41/100|[from] Grassy Terrain
|-heal|p2b: Rillaboom|91/100|[from] Grassy Terrain
|-heal|p2b: Rillaboom|97/100|[from] item: Leftovers
|upkeep
|turn|2
|
|t:|1757733786
|move|p1a: A strong fellow|Protect|p1a: A strong fellow
|-singleturn|p1a: A strong fellow|Protect
|move|p2b: Rillaboom|Protect|p2b: Rillaboom
|-singleturn|p2b: Rillaboom|Protect
|move|p1b: I'm sorry.|Coaching|p1a: A strong fellow
|-boost|p1a: A strong fellow|atk|1
|-boost|p1a: A strong fellow|def|1
|move|p2a: Empoleon|Surf|p1a: A strong fellow|[spread] p1b
|-activate|p2b: Rillaboom|move: Protect
|-activate|p1a: A strong fellow|move: Protect
|-damage|p1b: I'm sorry.|52/100
|
|-heal|p1b: I'm sorry.|58/100|[from] Grassy Terrain
|-heal|p1a: A strong fellow|47/100|[from] Grassy Terrain
|-heal|p2b: Rillaboom|100/100|[from] Grassy Terrain
|upkeep
|turn|3
|
|t:|1757733811
|move|p2b: Rillaboom|Grassy Glide|p1a: A strong fellow
|-resisted|p1a: A strong fellow
|-damage|p1a: A strong fellow|37/100
|move|p1b: I'm sorry.|Close Combat|p2a: Empoleon
|-supereffective|p2a: Empoleon
|-damage|p2a: Empoleon|0 fnt
|-unboost|p1b: I'm sorry.|def|1
|-unboost|p1b: I'm sorry.|spd|1
|-damage|p1b: I'm sorry.|41/100|[from] item: Rocky Helmet|[of] p2a: Empoleon
|faint|p2a: Empoleon
|-enditem|p1b: I'm sorry.|White Herb
|-clearnegativeboost|p1b: I'm sorry.|[silent]
|move|p1a: A strong fellow|Icicle Spear|p2b: Rillaboom
|-supereffective|p2b: Rillaboom
|-damage|p2b: Rillaboom|71/100
|-supereffective|p2b: Rillaboom
|-damage|p2b: Rillaboom|39/100
|-supereffective|p2b: Rillaboom
|-crit|p2b: Rillaboom
|-damage|p2b: Rillaboom|0 fnt
|faint|p2b: Rillaboom
|-hitcount|p2: Rillaboom|3
|
|-heal|p1b: I'm sorry.|47/100|[from] Grassy Terrain
|-heal|p1a: A strong fellow|43/100|[from] Grassy Terrain
|upkeep
|
|t:|1757733836
|switch|p2b: Tyranitar|Tyranitar, L50, M|100/100
|switch|p2a: Hawlucha|Hawlucha, L50, M|100/100
|-weather|Sandstorm|[from] ability: Sand Stream|[of] p2b: Tyranitar
|turn|4
|inactive|Battle timer is ON: inactive players will automatically lose when time's up. (requested by rip bozo lol lmao)
|inactive|dominikc has 60 seconds left.
|inactive|rip bozo lol lmao has 30 seconds left.
|
|t:|1757733943
|-terastallize|p1a: A strong fellow|Ghost
|-terastallize|p2b: Tyranitar|Flying
|move|p1b: I'm sorry.|Close Combat|p2b: Tyranitar
|-resisted|p2b: Tyranitar
|-damage|p2b: Tyranitar|75/100
|-unboost|p1b: I'm sorry.|def|1
|-unboost|p1b: I'm sorry.|spd|1
|move|p2a: Hawlucha|Flying Press|p1a: A strong fellow
|-immune|p1a: A strong fellow
|move|p1a: A strong fellow|Scale Shot|p2a: Hawlucha
|-damage|p2a: Hawlucha|68/100
|-damage|p2a: Hawlucha|31/100
|-damage|p2a: Hawlucha|0 fnt
|faint|p2a: Hawlucha
|-hitcount|p2: Hawlucha|3
|-unboost|p1a: A strong fellow|def|1
|-boost|p1a: A strong fellow|spe|1
|move|p2b: Tyranitar|Tera Blast|p1b: I'm sorry.|[anim] Tera Blast Flying
|-supereffective|p1b: I'm sorry.
|-damage|p1b: I'm sorry.|0 fnt
|faint|p1b: I'm sorry.
|
|-weather|Sandstorm|[upkeep]
|-damage|p1a: A strong fellow|37/100|[from] Sandstorm
|-damage|p2b: Tyranitar|69/100|[from] Sandstorm
|-heal|p1a: A strong fellow|43/100|[from] Grassy Terrain
|upkeep
|
|t:|1757733949
|switch|p1b: Ninetales-She/They|Ninetales-Alola, L50, M|100/100
|-weather|Snowscape|[from] ability: Snow Warning|[of] p1b: Ninetales-She/They
|turn|5
|inactive|dominikc has 30 seconds left.
|
|t:|1757733979
|move|p1a: A strong fellow|Icicle Spear|p2b: Tyranitar
|-supereffective|p2b: Tyranitar
|-damage|p2b: Tyranitar|30/100
|-supereffective|p2b: Tyranitar
|-damage|p2b: Tyranitar|0 fnt
|faint|p2b: Tyranitar
|-hitcount|p2: Tyranitar|2
|
|win|rip bozo lol lmao
|raw|rip bozo lol lmao's rating: 1087 → 1107(+20 for winning)
|raw|dominikc's rating: 1000 → 1000(+0 for losing)
