|j|☆p1ch1pichi
|j|☆Medina is free
|html|p1ch1pichiMedina is free    
|uhtml|bestof|Game 1 of a best-of-3
|t:|1785167938
|gametype|doubles
|player|p1|p1ch1pichi|n|1140
|player|p2|Medina is free|169|1046
|gen|9
|tier|[Gen 9 Champions] VGC 2026 Reg M-B (Bo3)
|rated|
|rule|Species Clause: Limit one of each Pokémon
|rule|Item Clause: Limit 1 of each item
|clearpoke
|poke|p1|Raichu, L50, M, shiny|
|poke|p1|Meganium, L50, M, shiny|
|poke|p1|Pelipper, L50, M|
|poke|p1|Archaludon, L50, M|
|poke|p1|Sableye, L50, M|
|poke|p1|Basculegion, L50, M|
|poke|p2|Charizard, L50, F|
|poke|p2|Basculegion, L50, M|
|poke|p2|Gholdengo, L50|
|poke|p2|Garchomp, L50, F|
|poke|p2|Incineroar, L50, M|
|poke|p2|Whimsicott, L50, M|
|teampreview|4
|showteam|p1|Raichu||RaichuniteX|LightningRod|Protect,FakeOut,VoltSwitch,RisingVoltage|Timid||M|||50|]Meganium||Meganiumite|Overgrow|Protect,SolarBeam,WeatherBall,DazzlingGleam|Modest||M|||50|]Pelipper||FocusSash|Drizzle|Soak,Tailwind,Hurricane,WeatherBall|Timid||M|||50|]Archaludon||Leftovers|Stamina|ElectroShot,FlashCannon,DracoMeteor,Protect|Modest||M|||50|]Sableye||RoseliBerry|Prankster|Quash,Reflect,LightScreen,RainDance|Bold||M|||50|]Basculegion||ChoiceScarf|Adaptability|FlipTurn,WaveCrash,AquaJet,LastRespects|Jolly||M|||50|
|showteam|p2|Charizard||CharizarditeY|Blaze|WeatherBall,HeatWave,SolarBeam,Protect|Modest||F|||50|]Basculegion||ChoiceScarf|Adaptability|WaveCrash,LastRespects,FlipTurn,AquaJet|Jolly||M|||50|]Gholdengo||SpellTag|GoodasGold|MakeItRain,ShadowBall,NastyPlot,Protect|Modest|||||50|]Garchomp||LifeOrb|RoughSkin|Earthquake,DragonClaw,RockSlide,Protect|Jolly||F|||50|]Incineroar||SitrusBerry|Intimidate|FakeOut,FlareBlitz,ThroatChop,PartingShot|Careful||M|||50|]Whimsicott||FocusSash|Prankster|Moonblast,Tailwind,Encore,Protect|Timid||M|||50|
|inactive|Battle timer is ON: inactive players will automatically lose when time's up. (requested by p1ch1pichi)
|
|t:|1785167967
|teamsize|p1|4
|teamsize|p2|4
|start
|switch|p1a: Inidoro|Pelipper, L50, M|100/100
|switch|p1b: San Juanico|Archaludon, L50, M|100/100
|switch|p2a: Incineroar|Incineroar, L50, M|100/100
|switch|p2b: Gholdengo|Gholdengo, L50|100/100
|-weather|RainDance|[from] ability: Drizzle|[of] p1a: Inidoro
|-ability|p2a: Incineroar|Intimidate|boost
|-unboost|p1a: Inidoro|atk|1
|-unboost|p1b: San Juanico|atk|1
|turn|1
|inactive|p1ch1pichi has 30 seconds left.
|
|t:|1785167998
|move|p2a: Incineroar|Fake Out|p1b: San Juanico
|-resisted|p1b: San Juanico|1
|-damage|p1b: San Juanico|96/100
|-ability|p1b: San Juanico|Stamina|boost
|-boost|p1b: San Juanico|def|1
|move|p1a: Inidoro|Tailwind|p1a: Inidoro
|-sidestart|p1: p1ch1pichi|move: Tailwind
|cant|p1b: San Juanico|flinch
|move|p2b: Gholdengo|Nasty Plot|p2b: Gholdengo
|-boost|p2b: Gholdengo|spa|2
|
|-weather|RainDance|[upkeep]
|-heal|p1b: San Juanico|100/100|[from] item: Leftovers
|upkeep
|turn|2
|inactive|p1ch1pichi has 30 seconds left.
|
|t:|1785168025
|move|p2b: Gholdengo|Protect|p2b: Gholdengo
|-singleturn|p2b: Gholdengo|Protect
|move|p1a: Inidoro|Weather Ball|p2a: Incineroar
|-supereffective|p2a: Incineroar|1
|-damage|p2a: Incineroar|1/100
|-enditem|p2a: Incineroar|Sitrus Berry|[eat]
|-heal|p2a: Incineroar|26/100|[from] item: Sitrus Berry
|move|p1b: San Juanico|Electro Shot||[still]
|-prepare|p1b: San Juanico|Electro Shot
|-boost|p1b: San Juanico|spa|1
|-anim|p1b: San Juanico|Electro Shot|p2b: Gholdengo
|-activate|p2b: Gholdengo|move: Protect
|move|p2a: Incineroar|Parting Shot|p1b: San Juanico
|-unboost|p1b: San Juanico|atk|1
|-unboost|p1b: San Juanico|spa|1
|
|t:|1785168040
|switch|p2a: Whimsicott|Whimsicott, L50, M|100/100|[from] Parting Shot
|
|-weather|RainDance|[upkeep]
|upkeep
|turn|3
|
|t:|1785168052
|move|p2a: Whimsicott|Tailwind|p2a: Whimsicott
|-sidestart|p2: Medina is free|move: Tailwind
|move|p1a: Inidoro|Hurricane|p2a: Whimsicott
|-supereffective|p2a: Whimsicott|1
|-enditem|p2a: Whimsicott|Focus Sash
|-damage|p2a: Whimsicott|1/100
|move|p2b: Gholdengo|Shadow Ball|p1b: San Juanico
|-damage|p1b: San Juanico|0 fnt
|faint|p1b: San Juanico
|
|-weather|RainDance|[upkeep]
|upkeep
|
|t:|1785168063
|switch|p1b: High Tide|Basculegion, L50, M|100/100
|turn|4
|
|t:|1785168083
|move|p2a: Whimsicott|Protect|p2a: Whimsicott
|-singleturn|p2a: Whimsicott|Protect
|move|p2b: Gholdengo|Protect|p2b: Gholdengo
|-singleturn|p2b: Gholdengo|Protect
|move|p1b: High Tide|Last Respects|p2b: Gholdengo
|-activate|p2b: Gholdengo|move: Protect
|move|p1a: Inidoro|Hurricane|p2a: Whimsicott
|-activate|p2a: Whimsicott|move: Protect
|
|-weather|RainDance|[upkeep]
|-sideend|p1: p1ch1pichi|move: Tailwind
|upkeep
|turn|5
|inactive|p1ch1pichi has 30 seconds left.
|
|t:|1785168115
|move|p2a: Whimsicott|Moonblast|p1b: High Tide
|-damage|p1b: High Tide|60/100
|move|p2b: Gholdengo|Shadow Ball|p1b: High Tide
|-supereffective|p1b: High Tide|1
|-damage|p1b: High Tide|0 fnt
|faint|p1b: High Tide
|move|p1a: Inidoro|Tailwind|p1a: Inidoro
|-sidestart|p1: p1ch1pichi|move: Tailwind
|
|-weather|none
|upkeep
|
|t:|1785168124
|switch|p1b: Bougainville|Meganium, L50, M, shiny|100/100
|turn|6
|inactive|p1ch1pichi has 30 seconds left.
|
|t:|1785168150
|switch|p2a: Incineroar|Incineroar, L50, M|26/100
|-ability|p2a: Incineroar|Intimidate|boost
|-unboost|p1a: Inidoro|atk|1
|-unboost|p1b: Bougainville|atk|1
|move|p1b: Bougainville|Protect|p1b: Bougainville
|-singleturn|p1b: Bougainville|Protect
|move|p1a: Inidoro|Weather Ball|p2a: Incineroar
|-damage|p2a: Incineroar|15/100
|move|p2b: Gholdengo|Make It Rain|p1b: Bougainville|[spread] p1a
|-activate|p1b: Bougainville|move: Protect
|-resisted|p1a: Inidoro|1
|-damage|p1a: Inidoro|16/100
|-unboost|p2b: Gholdengo|spa|2
|
|-sideend|p2: Medina is free|move: Tailwind
|upkeep
|turn|7
|
|t:|1785168174
|move|p2a: Incineroar|Fake Out|p1b: Bougainville
|-damage|p1b: Bougainville|90/100
|move|p1a: Inidoro|Soak|p2a: Incineroar
|-start|p2a: Incineroar|typechange|Water
|cant|p1b: Bougainville|flinch
|move|p2b: Gholdengo|Make It Rain|p1b: Bougainville|[spread] p1a,p1b
|-resisted|p1a: Inidoro|1
|-damage|p1a: Inidoro|0 fnt
|-damage|p1b: Bougainville|42/100
|-unboost|p2b: Gholdengo|spa|2
|faint|p1a: Inidoro
|
|upkeep
|turn|8
|
|t:|1785168195
|detailschange|p1b: Bougainville|Meganium-Mega, L50, M, shiny
|-mega|p1b: Bougainville|Meganium|Meganiumite
|move|p1b: Bougainville|Solar Beam||[still]
|-prepare|p1b: Bougainville|Solar Beam
|-activate|p1b: Bougainville|ability: Mega Sol
|-anim|p1b: Bougainville|Solar Beam|p2a: Incineroar
|-supereffective|p2a: Incineroar|1
|-damage|p2a: Incineroar|0 fnt
|faint|p2a: Incineroar
|move|p2b: Gholdengo|Make It Rain|p1b: Bougainville
|-supereffective|p1b: Bougainville|1
|-damage|p1b: Bougainville|0 fnt
|-unboost|p2b: Gholdengo|spa|2
|faint|p1b: Bougainville
|
|win|Medina is free
||Medina is free is ready for game 2.
|inactive|p1ch1pichi has 30 seconds to confirm battle start!
||p1ch1pichi is ready for game 2.
|uhtml|next|Next: Game 2 of 3
