|j|☆caZISA
|j|☆MetaphorCrazyMonk
|html|caZISAMetaphorCrazyMonk    
|uhtml|bestof|Game 3 of a best-of-3
|t:|1782274897
|gametype|doubles
|player|p1|caZISA|red|1320
|player|p2|MetaphorCrazyMonk|expert-gen6|1219
|gen|9
|tier|[Gen 9 Champions] VGC 2026 Reg M-B (Bo3)
|rated|
|rule|Species Clause: Limit one of each Pokémon
|rule|Item Clause: Limit 1 of each item
|clearpoke
|poke|p1|Charizard, L50, F, shiny|
|poke|p1|Floette-Eternal, L50, F|
|poke|p1|Garchomp, L50, F|
|poke|p1|Venusaur, L50, F|
|poke|p1|Incineroar, L50, M|
|poke|p1|Sneasler, L50, F|
|poke|p2|Floette-Eternal, L50, F|
|poke|p2|Sinistcha, L50|
|poke|p2|Incineroar, L50, M|
|poke|p2|Delphox, L50, M|
|poke|p2|Kingambit, L50, M|
|poke|p2|Sneasler, L50, M|
|teampreview|4
|showteam|p1|Charizard||CharizarditeY|Blaze|HeatWave,WeatherBall,AncientPower,Protect|Modest||F|||50|]Floette-Eternal||Floettite|FlowerVeil|DazzlingGleam,DrainingKiss,CalmMind,Protect|Timid||F|||50|]Garchomp||ChoiceScarf|RoughSkin|DragonClaw,RockSlide,Earthquake,StompingTantrum|Adamant||F|||50|]Venusaur||WideLens|Chlorophyll|LeafStorm,SludgeBomb,SleepPowder,Protect|Modest||F|||50|]Incineroar||ChopleBerry|Intimidate|FakeOut,FlareBlitz,ThroatChop,PartingShot|Careful||M|||50|]Sneasler||WhiteHerb|Unburden|FakeOut,DireClaw,CloseCombat,Protect|Jolly||F|||50|
|showteam|p2|Floette-Eternal||Floettite|FlowerVeil|Moonblast,DazzlingGleam,CalmMind,Protect|Modest||F|||50|]Sinistcha||CobaBerry|Hospitality|MatchaGotcha,RagePowder,Protect,TrickRoom|Bold|||||50|]Incineroar||SitrusBerry|Intimidate|FlareBlitz,PartingShot,FakeOut,HelpingHand|Careful||M|||50|]Delphox||Delphoxite|Blaze|HeatWave,Psyshock,NastyPlot,Protect|Timid||M|||50|]Kingambit||BlackGlasses|Defiant|KowtowCleave,SuckerPunch,SwordsDance,Protect|Adamant||M|||50|]Sneasler||FocusSash|Unburden|CloseCombat,DireClaw,FakeOut,QuickGuard|Jolly||M|||50|
|
|t:|1782274931
|teamsize|p1|4
|teamsize|p2|4
|start
|switch|p1a: Sneasler|Sneasler, L50, F|100/100
|switch|p1b: Rene|Venusaur, L50, F|100/100
|switch|p2a: Delphox|Delphox, L50, M|100/100
|switch|p2b: Vigile|Sneasler, L50, M|100/100
|turn|1
|inactive|Battle timer is ON: inactive players will automatically lose when time's up. (requested by caZISA)
|
|t:|1782274946
|switch|p1b: Tigre Toño|Incineroar, L50, M|100/100
|-ability|p1b: Tigre Toño|Intimidate|boost
|-unboost|p2a: Delphox|atk|1
|-unboost|p2b: Vigile|atk|1
|detailschange|p2a: Delphox|Delphox-Mega, L50, M
|-mega|p2a: Delphox|Delphox|Delphoxite
|move|p2b: Vigile|Fake Out|p1a: Sneasler
|-damage|p1a: Sneasler|87/100
|cant|p1a: Sneasler|flinch
|move|p2a: Delphox|Psyshock|p1b: Tigre Toño
|-immune|p1b: Tigre Toño
|
|upkeep
|turn|2
|
|t:|1782274966
|switch|p1a: Saphira|Charizard, L50, F, shiny|100/100
|move|p2b: Vigile|Quick Guard|p2b: Vigile
|-singleturn|p2b: Vigile|Quick Guard
|move|p2a: Delphox|Psyshock|p1a: Saphira
|-damage|p1a: Saphira|41/100
|move|p1b: Tigre Toño|Parting Shot|p2b: Vigile
|-unboost|p2b: Vigile|atk|1
|-unboost|p2b: Vigile|spa|1
|
|t:|1782274973
|switch|p1b: Rene|Venusaur, L50, F|100/100|[from] Parting Shot
|
|upkeep
|turn|3
|
|t:|1782274999
|switch|p2b: Gradisce|Incineroar, L50, M|100/100
|-ability|p2b: Gradisce|Intimidate|boost
|-unboost|p1a: Saphira|atk|1
|-unboost|p1b: Rene|atk|1
|detailschange|p1a: Saphira|Charizard-Mega-Y, L50, F, shiny
|-mega|p1a: Saphira|Charizard|Charizardite Y
|-weather|SunnyDay|[from] ability: Drought|[of] p1a: Saphira
|move|p1b: Rene|Sleep Powder|p2a: Delphox|[miss]
|-miss|p1b: Rene|p2a: Delphox
|move|p2a: Delphox|Psyshock|p1b: Rene
|-supereffective|p1b: Rene|1
|-damage|p1b: Rene|0 fnt
|faint|p1b: Rene
|move|p1a: Saphira|Ancient Power|p2b: Gradisce
|-supereffective|p2b: Gradisce|1
|-damage|p2b: Gradisce|64/100
|
|-weather|SunnyDay|[upkeep]
|upkeep
|
|t:|1782275007
|switch|p1b: Tigre Toño|Incineroar, L50, M|100/100
|-ability|p1b: Tigre Toño|Intimidate|boost
|-unboost|p2a: Delphox|atk|1
|-unboost|p2b: Gradisce|atk|1
|turn|4
|
|t:|1782275032
|move|p2a: Delphox|Protect|p2a: Delphox
|-singleturn|p2a: Delphox|Protect
|move|p1b: Tigre Toño|Fake Out|p2a: Delphox
|-activate|p2a: Delphox|move: Protect
|move|p1a: Saphira|Ancient Power|p2b: Gradisce
|-supereffective|p2b: Gradisce|1
|-damage|p2b: Gradisce|26/100
|-enditem|p2b: Gradisce|Sitrus Berry|[eat]
|-heal|p2b: Gradisce|51/100|[from] item: Sitrus Berry
|move|p2b: Gradisce|Parting Shot|p1b: Tigre Toño
|-unboost|p1b: Tigre Toño|atk|1
|-unboost|p1b: Tigre Toño|spa|1
|
|t:|1782275045
|switch|p2b: Il Conto?|Sinistcha, L50|100/100|[from] Parting Shot
|
|-weather|SunnyDay|[upkeep]
|upkeep
|turn|5
|
|t:|1782275070
|switch|p2b: Vigile|Sneasler, L50, M|100/100
|move|p1a: Saphira|Protect|p1a: Saphira
|-singleturn|p1a: Saphira|Protect
|move|p2a: Delphox|Psyshock|p1a: Saphira
|-activate|p1a: Saphira|move: Protect
|move|p1b: Tigre Toño|Parting Shot|p2a: Delphox
|-unboost|p2a: Delphox|atk|1
|-unboost|p2a: Delphox|spa|1
|
|t:|1782275075
|switch|p1b: Sneasler|Sneasler, L50, F|87/100|[from] Parting Shot
|
|-weather|SunnyDay|[upkeep]
|upkeep
|turn|6
|inactive|MetaphorCrazyMonk has 30 seconds left.
|
|t:|1782275102
|switch|p1a: Tigre Toño|Incineroar, L50, M|100/100
|-ability|p1a: Tigre Toño|Intimidate|boost
|-unboost|p2a: Delphox|atk|1
|-unboost|p2b: Vigile|atk|1
|move|p1b: Sneasler|Fake Out|p2a: Delphox
|-damage|p2a: Delphox|81/100
|cant|p2a: Delphox|flinch
|move|p2b: Vigile|Dire Claw|p1a: Tigre Toño
|-damage|p1a: Tigre Toño|76/100
|-status|p1a: Tigre Toño|slp
|
|-weather|SunnyDay|[upkeep]
|upkeep
|turn|7
|-message|caZISA forfeited.
|
|win|MetaphorCrazyMonk
|raw|caZISA's rating: 1320 → 1294(-26 for losing)
|raw|MetaphorCrazyMonk's rating: 1219 → 1251(+32 for winning)
|l|☆caZISA
|player|p1|
|l|☆MetaphorCrazyMonk
|player|p2|
|j|☆MetaphorCrazyMonk
|player|p2|MetaphorCrazyMonk|expert-gen6|
