|j|☆G3N13
|j|☆FreemanGordon
|html|G3N13FreemanGordon    
|uhtml|bestof|Game 1 of a best-of-3
|t:|1784701467
|gametype|doubles
|player|p1|G3N13|n|1152
|player|p2|FreemanGordon|170|1199
|gen|9
|tier|[Gen 9 Champions] VGC 2026 Reg M-B (Bo3)
|rated|
|rule|Species Clause: Limit one of each Pokémon
|rule|Item Clause: Limit 1 of each item
|clearpoke
|poke|p1|Ninetales-Alola, L50, F|
|poke|p1|Gholdengo, L50|
|poke|p1|Garchomp, L50, F|
|poke|p1|Scovillain, L50, M|
|poke|p1|Sneasler, L50, M|
|poke|p1|Aerodactyl, L50, M|
|poke|p2|Ninetales-Alola, L50, M|
|poke|p2|Metagross, L50|
|poke|p2|Farigiraf, L50, M|
|poke|p2|Hydreigon, L50, F|
|poke|p2|Annihilape, L50, M|
|poke|p2|Floette-Eternal, L50, F|
|teampreview|4
|showteam|p1|Ninetales-Alola||LightClay|SnowWarning|Moonblast,Protect,FreezeDry,AuroraVeil|Modest||F|||50|]Gholdengo||LifeOrb|GoodasGold|MakeItRain,ShadowBall,NastyPlot,Protect|Modest|||||50|]Garchomp||HabanBerry|RoughSkin|Earthquake,DragonClaw,Protect,RockSlide|Jolly||F|||50|]Scovillain||Scovillainite|Moody|Overheat,RagePowder,Protect,GigaDrain|Bold||M|||50|]Sneasler||WhiteHerb|Unburden|CloseCombat,DireClaw,FakeOut,Protect|Adamant||M|||50|]Aerodactyl||Aerodactylite|RockHead|Tailwind,RockSlide,DualWingbeat,Protect|Jolly||M|||50|
|showteam|p2|Ninetales-Alola||ChoiceScarf|SnowWarning|Blizzard,FreezeDry,Moonblast,Psyshock|Modest||M|||50|]Metagross||Metagrossite|ClearBody|Protect,IronHead,PsychicFangs,BodyPress|Jolly|||||50|]Farigiraf||SitrusBerry|ArmorTail|HelpingHand,Protect,TwinBeam,Thunderbolt|Calm||M|||50|]Hydreigon||LifeOrb|Levitate|Protect,DracoMeteor,EarthPower,DarkPulse|Timid||F|||50|]Annihilape||FocusSash|Defiant|Protect,PhantomForce,CloseCombat,RockTomb|Jolly||M|||50|]Floette-Eternal||Floettite|FlowerVeil|Protect,LightofRuin,DazzlingGleam,Moonblast|Serious||F|||50|
|
|t:|1784701529
|teamsize|p1|4
|teamsize|p2|4
|start
|switch|p1a: Sneasler|Sneasler, L50, M|100/100
|switch|p1b: Ninetales|Ninetales-Alola, L50, F|100/100
|switch|p2a: Ninetales|Ninetales-Alola, L50, M|100/100
|switch|p2b: Farigiraf|Farigiraf, L50, M|100/100
|-weather|Snowscape|[from] ability: Snow Warning|[of] p2a: Ninetales
|turn|1
|inactive|Battle timer is ON: inactive players will automatically lose when time's up. (requested by FreemanGordon)
|
|t:|1784701552
|switch|p2a: Metagross|Metagross, L50|100/100
|move|p1a: Sneasler|Dire Claw|p2a: Metagross
|-immune|p2a: Metagross
|move|p1b: Ninetales|Aurora Veil|p1b: Ninetales
|-sidestart|p1: G3N13|move: Aurora Veil
|move|p2b: Farigiraf|Twin Beam|p1a: Sneasler
|-supereffective|p1a: Sneasler|2
|-damage|p1a: Sneasler|38/100
|-supereffective|p1a: Sneasler|2
|-damage|p1a: Sneasler|0 fnt
|faint|p1a: Sneasler
|-hitcount|p1: Sneasler|2
|
|-weather|Snowscape|[upkeep]
|upkeep
|
|t:|1784701567
|switch|p1a: Gholdengo|Gholdengo, L50|100/100
|turn|2
|inactive|FreemanGordon has 30 seconds left.
|
|t:|1784701594
|detailschange|p2a: Metagross|Metagross-Mega, L50
|-mega|p2a: Metagross|Metagross|Metagrossite
|move|p1b: Ninetales|Protect|p1b: Ninetales
|-singleturn|p1b: Ninetales|Protect
|move|p2a: Metagross|Psychic Fangs|p1a: Gholdengo
|-sideend|p1: G3N13|move: Aurora Veil
|-resisted|p1a: Gholdengo|1
|-damage|p1a: Gholdengo|75/100
|move|p1a: Gholdengo|Shadow Ball|p2a: Metagross
|-supereffective|p2a: Metagross|1
|-damage|p2a: Metagross|0 fnt
|faint|p2a: Metagross
|-damage|p1a: Gholdengo|65/100|[from] item: Life Orb
|move|p2b: Farigiraf|Thunderbolt|p1a: Gholdengo
|-damage|p1a: Gholdengo|41/100
|-status|p1a: Gholdengo|par
|
|-weather|Snowscape|[upkeep]
|upkeep
|inactive|FreemanGordon has 30 seconds left.
|
|t:|1784701620
|switch|p2a: Ninetales|Ninetales-Alola, L50, M|100/100
|turn|3
|
|t:|1784701637
|move|p2a: Ninetales|Blizzard|p1b: Ninetales|[spread] p1a,p1b
|-resisted|p1a: Gholdengo|1
|-resisted|p1b: Ninetales|1
|-damage|p1a: Gholdengo|26/100 par
|-damage|p1b: Ninetales|81/100
|move|p1b: Ninetales|Aurora Veil|p1b: Ninetales
|-sidestart|p1: G3N13|move: Aurora Veil
|move|p2b: Farigiraf|Thunderbolt|p1a: Gholdengo
|-damage|p1a: Gholdengo|10/100 par
|move|p1a: Gholdengo|Make It Rain|p2b: Farigiraf|[spread] p2a,p2b
|-supereffective|p2a: Ninetales|2
|-damage|p2a: Ninetales|0 fnt
|-damage|p2b: Farigiraf|43/100
|-unboost|p1a: Gholdengo|spa|2
|-enditem|p2b: Farigiraf|Sitrus Berry|[eat]
|-heal|p2b: Farigiraf|67/100|[from] item: Sitrus Berry
|faint|p2a: Ninetales
|-damage|p1a: Gholdengo|1/100 par|[from] item: Life Orb
|
|-weather|Snowscape|[upkeep]
|upkeep
|
|t:|1784701653
|switch|p2a: Hydreigon|Hydreigon, L50, F|100/100
|turn|4
|
|t:|1784701665
|switch|p1a: Scovillain|Scovillain, L50, M|100/100
|move|p2a: Hydreigon|Protect|p2a: Hydreigon
|-singleturn|p2a: Hydreigon|Protect
|move|p1b: Ninetales|Moonblast|p2a: Hydreigon
|-activate|p2a: Hydreigon|move: Protect
|move|p2b: Farigiraf|Thunderbolt|p1b: Ninetales
|-damage|p1b: Ninetales|63/100
|
|-weather|Snowscape|[upkeep]
|-ability|p1a: Scovillain|Moody|boost
|-boost|p1a: Scovillain|def|2
|-unboost|p1a: Scovillain|spd|1
|upkeep
|turn|5
|
|t:|1784701682
|detailschange|p1a: Scovillain|Scovillain-Mega, L50, M
|-mega|p1a: Scovillain|Scovillain|Scovillainite
|move|p2a: Hydreigon|Draco Meteor|p1a: Scovillain
|-damage|p1a: Scovillain|7/100
|-unboost|p2a: Hydreigon|spa|2
|-status|p2a: Hydreigon|brn|[from] ability: Spicy Spray|[of] p1a: Scovillain
|-damage|p2a: Hydreigon|90/100 brn|[from] item: Life Orb
|move|p1b: Ninetales|Moonblast|p2a: Hydreigon
|-supereffective|p2a: Hydreigon|2
|-damage|p2a: Hydreigon|0 fnt
|faint|p2a: Hydreigon
|move|p1a: Scovillain|Giga Drain|p2b: Farigiraf
|-damage|p2b: Farigiraf|36/100
|-heal|p1a: Scovillain|27/100|[from] drain|[of] p2b: Farigiraf
|move|p2b: Farigiraf|Thunderbolt|p1b: Ninetales
|-damage|p1b: Ninetales|45/100
|
|-weather|none
|upkeep
|turn|6
|-message|FreemanGordon forfeited.
|
|win|G3N13
|l|☆FreemanGordon
|player|p2|
||FreemanGordon is ready for game 2.
|inactive|G3N13 has 30 seconds to confirm battle start!
||G3N13 is ready for game 2.
|uhtml|next|Next: Game 2 of 3
