|j|☆Slowerik9
|j|☆FunAxel64
|html|Slowerik9FunAxel64    
|uhtml|bestof|Game 3 of a best-of-3
|t:|1785793424
|gametype|doubles
|player|p1|Slowerik9|riley|
|player|p2|FunAxel64|102|
|gen|9
|tier|[Gen 9 Champions] VGC 2026 Reg M-B (Bo3)
|rule|Species Clause: Limit one of each Pokémon
|rule|Item Clause: Limit 1 of each item
|clearpoke
|poke|p1|Tyranitar, L50, F|
|poke|p1|Excadrill, L50, M|
|poke|p1|Gholdengo, L50|
|poke|p1|Milotic, L50, M|
|poke|p1|Sinistcha-Masterpiece, L50|
|poke|p1|Staraptor, L50, F|
|poke|p2|Aggron, L50, M|
|poke|p2|Sinistcha, L50|
|poke|p2|Tyranitar, L50, F|
|poke|p2|Excadrill, L50, M|
|poke|p2|Aegislash, L50, F|
|poke|p2|Mr. Rime, L50, F|
|teampreview|4
|showteam|p1|Tyranitar||Tyranitarite|SandStream|RockSlide,KnockOff,LowKick,Protect|Jolly||F|||50|]Excadrill||FocusSash|SandRush|HighHorsepower,IronHead,RockSlide,Protect|Adamant||M|||50|]Gholdengo||LifeOrb|GoodasGold|ShadowBall,MakeItRain,NastyPlot,Protect|Serious|||||50|]Milotic||SitrusBerry|Competitive|Scald,IceBeam,IcyWind,Protect|Calm||M|||50|]Sinistcha-Masterpiece||ColburBerry|Hospitality|ShadowBall,MatchaGotcha,RagePowder,Protect|Bold|||||50|]Staraptor||Staraptite|Intimidate|CloseCombat,BraveBird,Tailwind,Protect|Jolly||F|||50|
|showteam|p2|Aggron||Aggronite|Sturdy|HeavySlam,BodyPress,IronDefense,Protect|Careful||M|||50|]Sinistcha||Leftovers|Heatproof|TrickRoom,MatchaGotcha,ShadowBall,RagePowder|Bold|||||50|]Tyranitar||ChoiceScarf|SandStream|RockSlide,KnockOff,IcePunch,LowKick|Adamant||F|||50|]Excadrill||FocusSash|SandRush|RockSlide,IronHead,Protect,HighHorsepower|Adamant||M|||50|]Aegislash||OccaBerry|StanceChange|KingsShield,WideGuard,ShadowBall,FlashCannon|Modest||F|||50|]Mr. Rime||SitrusBerry|ScreenCleaner|FreezeDry,FakeOut,Psychic,Protect|Timid||F|||50|
|inactive|Battle timer is ON: inactive players will automatically lose when time's up. (requested by Slowerik9)
|inactive|Slowerik9 has 60 seconds left.
|
|t:|1785793457
|teamsize|p1|4
|teamsize|p2|4
|start
|switch|p1a: Tyranitar|Tyranitar, L50, F|100/100
|switch|p1b: Excadrill|Excadrill, L50, M|100/100
|switch|p2a: Mr. Rime|Mr. Rime, L50, F|100/100
|switch|p2b: Tyranitar|Tyranitar, L50, F|100/100
|-weather|Sandstorm|[from] ability: Sand Stream|[of] p2b: Tyranitar
|turn|1
|
|t:|1785793470
|move|p1a: Tyranitar|Protect|p1a: Tyranitar
|-singleturn|p1a: Tyranitar|Protect
|move|p2a: Mr. Rime|Fake Out|p1b: Excadrill
|-resisted|p1b: Excadrill|1
|-damage|p1b: Excadrill|94/100
|cant|p1b: Excadrill|flinch
|move|p2b: Tyranitar|Knock Off|p1a: Tyranitar
|-activate|p1a: Tyranitar|move: Protect
|
|-weather|Sandstorm|[upkeep]
|-damage|p2a: Mr. Rime|94/100|[from] Sandstorm
|upkeep
|turn|2
|
|t:|1785793485
|switch|p1a: Gholdengo|Gholdengo, L50|100/100
|move|p2a: Mr. Rime|Protect|p2a: Mr. Rime
|-singleturn|p2a: Mr. Rime|Protect
|move|p1b: Excadrill|Iron Head|p2b: Tyranitar
|-supereffective|p2b: Tyranitar|1
|-damage|p2b: Tyranitar|14/100
|move|p2b: Tyranitar|Knock Off|p1b: Excadrill
|-damage|p1b: Excadrill|5/100
|-enditem|p1b: Excadrill|Focus Sash|[from] move: Knock Off|[of] p2b: Tyranitar
|
|-weather|Sandstorm|[upkeep]
|-damage|p2a: Mr. Rime|88/100|[from] Sandstorm
|upkeep
|turn|3
|
|t:|1785793508
|switch|p2b: Aggron|Aggron, L50, M|100/100
|move|p1b: Excadrill|Protect|p1b: Excadrill
|-singleturn|p1b: Excadrill|Protect
|move|p2a: Mr. Rime|Freeze-Dry|p1b: Excadrill
|-activate|p1b: Excadrill|move: Protect
|move|p1a: Gholdengo|Make It Rain|p2a: Mr. Rime|[spread] p2a,p2b
|-supereffective|p2a: Mr. Rime|1
|-damage|p2a: Mr. Rime|0 fnt
|-damage|p2b: Aggron|58/100
|-unboost|p1a: Gholdengo|spa|2
|faint|p2a: Mr. Rime
|-damage|p1a: Gholdengo|90/100|[from] item: Life Orb
|
|-weather|Sandstorm|[upkeep]
|upkeep
|
|t:|1785793523
|switch|p2a: Tyranitar|Tyranitar, L50, F|14/100
|turn|4
|
|t:|1785793533
|detailschange|p2b: Aggron|Aggron-Mega, L50, M
|-mega|p2b: Aggron|Aggron|Aggronite
|move|p1b: Excadrill|High Horsepower|p2b: Aggron
|-supereffective|p2b: Aggron|1
|-damage|p2b: Aggron|15/100
|move|p2a: Tyranitar|Knock Off|p1a: Gholdengo
|-supereffective|p1a: Gholdengo|1
|-damage|p1a: Gholdengo|0 fnt
|-enditem|p1a: Gholdengo|Life Orb|[from] move: Knock Off|[of] p2a: Tyranitar
|faint|p1a: Gholdengo
|move|p2b: Aggron|Body Press|p1b: Excadrill
|-supereffective|p1b: Excadrill|1
|-damage|p1b: Excadrill|0 fnt
|faint|p1b: Excadrill
|
|-weather|Sandstorm|[upkeep]
|upkeep
|
|t:|1785793540
|switch|p1b: Staraptor|Staraptor, L50, F|100/100
|switch|p1a: Tyranitar|Tyranitar, L50, F|100/100
|-ability|p1b: Staraptor|Intimidate|boost
|-unboost|p2a: Tyranitar|atk|1
|-unboost|p2b: Aggron|atk|1
|turn|5
|inactive|Slowerik9 has 30 seconds left.
|
|t:|1785793571
|switch|p2a: Excadrill|Excadrill, L50, M|100/100
|detailschange|p1b: Staraptor|Staraptor-Mega, L50, F
|-mega|p1b: Staraptor|Staraptor|Staraptite
|move|p2b: Aggron|Protect|p2b: Aggron
|-singleturn|p2b: Aggron|Protect
|move|p1b: Staraptor|Close Combat|p2b: Aggron
|-activate|p2b: Aggron|move: Protect
|move|p1a: Tyranitar|Low Kick|p2a: Excadrill
|-supereffective|p2a: Excadrill|1
|-damage|p2a: Excadrill|40/100
|
|-weather|none
|upkeep
|turn|6
|inactive|Slowerik9 has 30 seconds left.
|
|t:|1785793599
|switch|p2b: Tyranitar|Tyranitar, L50, F|14/100
|-weather|Sandstorm|[from] ability: Sand Stream|[of] p2b: Tyranitar
|move|p1b: Staraptor|Protect|p1b: Staraptor
|-singleturn|p1b: Staraptor|Protect
|move|p2a: Excadrill|High Horsepower|p1a: Tyranitar
|-supereffective|p1a: Tyranitar|1
|-damage|p1a: Tyranitar|0 fnt
|faint|p1a: Tyranitar
|
|-weather|Sandstorm|[upkeep]
|-damage|p1b: Staraptor|93/100|[from] Sandstorm
|upkeep
|turn|7
|
|t:|1785793620
|move|p2a: Excadrill|Rock Slide|p1b: Staraptor
|-damage|p1b: Staraptor|62/100
|cant|p1b: Staraptor|flinch
|move|p2b: Tyranitar|Ice Punch|p1b: Staraptor
|-supereffective|p1b: Staraptor|1
|-damage|p1b: Staraptor|0 fnt
|faint|p1b: Staraptor
|
|win|FunAxel64
|c|☆FunAxel64|GGs
|l|☆FunAxel64
|player|p2|
|l|☆Slowerik9
|player|p1|
|j|☆Slowerik9
|player|p1|Slowerik9|riley|
|l|☆Slowerik9
|player|p1|
|j|☆FunAxel64
|player|p2|FunAxel64|102|
