|j|☆Pokeventurer
|j|☆BigToner
|html|PokeventurerBigToner    
|uhtml|bestof|Game 2 of a best-of-3
|t:|1757103171
|gametype|doubles
|player|p1|Pokeventurer|2|1114
|player|p2|BigToner|roughneck|1021
|gen|9
|tier|[Gen 9] VGC 2025 Reg H (Bo3)
|rated|
|rule|Species Clause: Limit one of each Pokémon
|rule|Item Clause: Limit 1 of each item
|clearpoke
|poke|p1|Basculegion, L50, M|
|poke|p1|Pelipper, L50, M|
|poke|p1|Archaludon, L50, M|
|poke|p1|Rillaboom, L50, M|
|poke|p1|Maushold, L50|
|poke|p1|Annihilape, L50, F|
|poke|p2|Kingambit, L50, M|
|poke|p2|Rillaboom, L50, F|
|poke|p2|Tauros-Paldea-Aqua, L50, M|
|poke|p2|Clefable, L50, F|
|poke|p2|Volcarona, L50, F|
|poke|p2|Sneasler, L50, M|
|teampreview|4
|showteam|p1|Basculegion||ChoiceBand|SwiftSwim|WaveCrash,FlipTurn,LastRespects,AquaJet|||M|||50|,,,,,Water]Pelipper||FocusSash|Drizzle|WeatherBall,Hurricane,Tailwind,Protect|||M|||50|,,,,,Stellar]Archaludon||AssaultVest|Stamina|ElectroShot,FlashCannon,Snarl,BodyPress|||M|||50|,,,,,Grass]Rillaboom||CobaBerry|GrassySurge|FakeOut,GrassyGlide,WoodHammer,Uturn|||M|||50|,,,,,Steel]Maushold||CovertCloak|FriendGuard|FollowMe,BeatUp,SuperFang,Taunt||||||50|,,,,,Ghost]Annihilape||SafetyGoggles|Defiant|DrainPunch,RageFist,BulkUp,Protect|||F|||50|,,,,,Fire
|showteam|p2|Kingambit||BlackGlasses|Defiant|KowtowCleave,Protect,SwordsDance,SuckerPunch|||M|||50|,,,,,Ghost]Rillaboom||AssaultVest|GrassySurge|KnockOff,WoodHammer,GrassyGlide,FakeOut|||F|||50|,,,,,Fire]Tauros-Paldea-Aqua||MirrorHerb|Intimidate|AquaJet,Protect,WaveCrash,CloseCombat|||M|||50|,,,,,Water]Clefable||SafetyGoggles|Unaware|Protect,HelpingHand,Moonblast,FollowMe|||F|||50|,,,,,Water]Volcarona||Leftovers|FlameBody|QuiverDance,HeatWave,GigaDrain,Protect|||F|||50|,,,,,Grass]Sneasler||FocusSash|PoisonTouch|DireClaw,Protect,CloseCombat,FakeOut|||M|||50|,,,,,Stellar
|inactive|Battle timer is ON: inactive players will automatically lose when time's up. (requested by BigToner)
|inactive|Pokeventurer has 60 seconds left.
|
|t:|1757103206
|teamsize|p1|4
|teamsize|p2|4
|start
|switch|p1a: MonkeyDo|Annihilape, L50, F|100/100
|switch|p1b: MouseySee|Maushold, L50|100/100
|switch|p2a: Kingambit|Kingambit, L50, M|100/100
|switch|p2b: Clefable|Clefable, L50, F|100/100
|turn|1
|
|t:|1757103229
|move|p2b: Clefable|Follow Me|p2b: Clefable
|-singleturn|p2b: Clefable|move: Follow Me
|move|p1b: MouseySee|Super Fang|p2b: Clefable
|-damage|p2b: Clefable|51/100
|move|p1a: MonkeyDo|Bulk Up|p1a: MonkeyDo
|-boost|p1a: MonkeyDo|atk|1
|-boost|p1a: MonkeyDo|def|1
|move|p2a: Kingambit|Swords Dance|p2a: Kingambit
|-boost|p2a: Kingambit|atk|2
|
|upkeep
|turn|2
|
|t:|1757103253
|move|p2b: Clefable|Follow Me|p2b: Clefable
|-singleturn|p2b: Clefable|move: Follow Me
|move|p1b: MouseySee|Taunt|p2b: Clefable
|-start|p2b: Clefable|move: Taunt
|move|p1a: MonkeyDo|Drain Punch|p2b: Clefable
|-resisted|p2b: Clefable
|-damage|p2b: Clefable|39/100
|move|p2a: Kingambit|Kowtow Cleave|p1b: MouseySee
|-damage|p1b: MouseySee|0 fnt
|faint|p1b: MouseySee
|
|upkeep
|
|t:|1757103270
|switch|p1b: London Paris&Tokyo|Archaludon, L50, M|100/100
|turn|3
|
|t:|1757103292
|switch|p2b: Rillaboom|Rillaboom, L50, F|100/100
|-fieldstart|move: Grassy Terrain|[from] ability: Grassy Surge|[of] p2b: Rillaboom
|move|p2a: Kingambit|Sucker Punch|p1b: London Paris&Tokyo
|-damage|p1b: London Paris&Tokyo|25/100
|-ability|p1b: London Paris&Tokyo|Stamina|boost
|-boost|p1b: London Paris&Tokyo|def|1
|move|p1a: MonkeyDo|Bulk Up|p1a: MonkeyDo
|-boost|p1a: MonkeyDo|atk|1
|-boost|p1a: MonkeyDo|def|1
|move|p1b: London Paris&Tokyo|Flash Cannon|p2b: Rillaboom
|-damage|p2b: Rillaboom|72/100
|
|-heal|p1b: London Paris&Tokyo|31/100|[from] Grassy Terrain
|-heal|p2b: Rillaboom|78/100|[from] Grassy Terrain
|upkeep
|turn|4
|inactive|BigToner has 30 seconds left.
|inactive|BigToner has 20 seconds left.
|
|t:|1757103329
|switch|p1b: BigMouth|Pelipper, L50, M|100/100
|-weather|RainDance|[from] ability: Drizzle|[of] p1b: BigMouth
|-terastallize|p2a: Kingambit|Ghost
|move|p2b: Rillaboom|Fake Out|p1b: BigMouth
|-damage|p1b: BigMouth|81/100
|move|p1a: MonkeyDo|Drain Punch|p2a: Kingambit
|-immune|p2a: Kingambit
|move|p2a: Kingambit|Kowtow Cleave|p1b: BigMouth
|-damage|p1b: BigMouth|0 fnt
|faint|p1b: BigMouth
|
|-weather|RainDance|[upkeep]
|-heal|p2b: Rillaboom|84/100|[from] Grassy Terrain
|upkeep
|
|t:|1757103338
|switch|p1b: London Paris&Tokyo|Archaludon, L50, M|31/100
|turn|5
|
|t:|1757103354
|move|p2a: Kingambit|Sucker Punch|p1b: London Paris&Tokyo
|-damage|p1b: London Paris&Tokyo|0 fnt
|faint|p1b: London Paris&Tokyo
|move|p1a: MonkeyDo|Drain Punch|p2b: Rillaboom
|-damage|p2b: Rillaboom|32/100
|move|p2b: Rillaboom|Knock Off|p1a: MonkeyDo
|-damage|p1a: MonkeyDo|83/100
|-enditem|p1a: MonkeyDo|Safety Goggles|[from] move: Knock Off|[of] p2b: Rillaboom
|
|-weather|RainDance|[upkeep]
|-heal|p1a: MonkeyDo|89/100|[from] Grassy Terrain
|-heal|p2b: Rillaboom|38/100|[from] Grassy Terrain
|upkeep
|turn|6
|
|t:|1757103372
|move|p2a: Kingambit|Protect|p2a: Kingambit
|-singleturn|p2a: Kingambit|Protect
|move|p1a: MonkeyDo|Rage Fist|p2a: Kingambit
|-activate|p2a: Kingambit|move: Protect
|move|p2b: Rillaboom|Wood Hammer|p1a: MonkeyDo
|-damage|p1a: MonkeyDo|47/100
|-damage|p2b: Rillaboom|24/100|[from] Recoil
|
|-weather|RainDance|[upkeep]
|-heal|p1a: MonkeyDo|54/100|[from] Grassy Terrain
|-heal|p2b: Rillaboom|29/100|[from] Grassy Terrain
|upkeep
|turn|7
|
|t:|1757103386
|move|p2a: Kingambit|Sucker Punch|p1a: MonkeyDo
|-damage|p1a: MonkeyDo|4/100
|move|p1a: MonkeyDo|Rage Fist|p2a: Kingambit
|-supereffective|p2a: Kingambit
|-damage|p2a: Kingambit|0 fnt
|faint|p2a: Kingambit
|move|p2b: Rillaboom|Wood Hammer|p1a: MonkeyDo
|-damage|p1a: MonkeyDo|0 fnt
|faint|p1a: MonkeyDo
|-damage|p2b: Rillaboom|28/100|[from] Recoil
|
|win|BigToner
|raw|Pokeventurer's rating: 1114 → 1082(-32 for losing)
|raw|BigToner's rating: 1021 → 1067(+46 for winning)
|l|☆BigToner
|player|p2|
