|j|☆new mental
|j|☆pati_patout
|html|new mentalpati_patout    
|uhtml|bestof|Game 1 of a best-of-3
|t:|1783448953
|gametype|doubles
|player|p1|new mental|volkner|1203
|player|p2|pati_patout|170|1210
|gen|9
|tier|[Gen 9 Champions] VGC 2026 Reg M-B (Bo3)
|rated|
|rule|Species Clause: Limit one of each Pokémon
|rule|Item Clause: Limit 1 of each item
|clearpoke
|poke|p1|Aerodactyl, L50, F|
|poke|p1|Garchomp, L50, M|
|poke|p1|Kingambit, L50, F|
|poke|p1|Charizard, L50, F|
|poke|p1|Sylveon, L50, M|
|poke|p1|Farigiraf, L50, M|
|poke|p2|Gholdengo, L50|
|poke|p2|Incineroar, L50, F|
|poke|p2|Garchomp, L50, M|
|poke|p2|Tyranitar, L50, M|
|poke|p2|Rotom-Wash, L50|
|poke|p2|Scovillain, L50, M|
|teampreview|4
|showteam|p1|Aerodactyl||Aerodactylite|Unnerve|IceFang,RockSlide,Tailwind,DualWingbeat|Jolly||F|||50|]Garchomp||LifeOrb|RoughSkin|DragonClaw,StompingTantrum,Earthquake,Protect|Jolly||M|||50|]Kingambit||FocusSash|Defiant|SuckerPunch,KowtowCleave,IronHead,LowKick|Adamant||F|||50|]Charizard||CharizarditeY|SolarPower|Protect,HeatWave,SolarBeam,WeatherBall|Timid||F|||50|]Sylveon||FairyFeather|Pixilate|Protect,HyperVoice,HyperBeam,QuickAttack|Modest||M|||50|]Farigiraf||SitrusBerry|ArmorTail|TrickRoom,Thunderbolt,Psychic,Roar|Bold||M|||50|
|showteam|p2|Gholdengo||MetalCoat|GoodasGold|Protect,MakeItRain,ShadowBall,NastyPlot|Timid|||||50|]Incineroar||SitrusBerry|Intimidate|FlareBlitz,ThroatChop,FakeOut,PartingShot|Careful||F|||50|]Garchomp||LifeOrb|RoughSkin|Protect,Earthquake,DragonClaw,StompingTantrum|Jolly||M|||50|]Tyranitar||Tyranitarite|SandStream|Protect,RockSlide,KnockOff,LowKick|Adamant||M|||50|]Rotom-Wash||ChoiceScarf|Levitate|HydroPump,Thunderbolt,Electroweb,VoltSwitch|Timid|||||50|]Scovillain||Scovillainite|Moody|Overheat,GigaDrain,RagePowder,Protect|Calm||M|||50|
|inactive|Battle timer is ON: inactive players will automatically lose when time's up. (requested by new mental)
|
|t:|1783448972
|teamsize|p1|4
|teamsize|p2|4
|start
|switch|p1a: Sylveon|Sylveon, L50, M|100/100
|switch|p1b: Farigiraf|Farigiraf, L50, M|100/100
|switch|p2a: Rotom|Rotom-Wash, L50|100/100
|switch|p2b: Garchomp|Garchomp, L50, M|100/100
|turn|1
|inactive|pati_patout has 30 seconds left.
|
|t:|1783448998
|switch|p2b: Scovillain|Scovillain, L50, M|100/100
|move|p1a: Sylveon|Protect|p1a: Sylveon
|-singleturn|p1a: Sylveon|Protect
|move|p2a: Rotom|Volt Switch|p1a: Sylveon
|-activate|p1a: Sylveon|move: Protect
|move|p1b: Farigiraf|Trick Room|p1b: Farigiraf
|-fieldstart|move: Trick Room|[of] p1b: Farigiraf
|
|-ability|p2b: Scovillain|Moody|boost
|-boost|p2b: Scovillain|spd|2
|-unboost|p2b: Scovillain|def|1
|upkeep
|turn|2
|c|☆new mental|xd
|
|t:|1783449018
|move|p1a: Sylveon|Hyper Voice|p2b: Scovillain|[spread] p2a,p2b
|-resisted|p2b: Scovillain|1
|-damage|p2a: Rotom|38/100
|-damage|p2b: Scovillain|87/100
|move|p2b: Scovillain|Overheat|p1a: Sylveon
|-damage|p1a: Sylveon|59/100
|-unboost|p2b: Scovillain|spa|2
|move|p2a: Rotom|Volt Switch|p1a: Sylveon
|-damage|p1a: Sylveon|35/100
|inactive|pati_patout has 30 seconds left.
|
|t:|1783449045
|switch|p2a: Tyranitar|Tyranitar, L50, M|100/100|[from] Volt Switch
|-weather|Sandstorm|[from] ability: Sand Stream|[of] p2a: Tyranitar
|move|p1b: Farigiraf|Roar|p2b: Scovillain
|drag|p2b: Garchomp|Garchomp, L50, M|100/100
|
|-weather|Sandstorm|[upkeep]
|-damage|p1b: Farigiraf|94/100|[from] Sandstorm
|-damage|p1a: Sylveon|29/100|[from] Sandstorm
|upkeep
|turn|3
|
|t:|1783449068
|switch|p2b: Scovillain|Scovillain, L50, M|87/100
|detailschange|p2a: Tyranitar|Tyranitar-Mega, L50, M
|-mega|p2a: Tyranitar|Tyranitar|Tyranitarite
|move|p1a: Sylveon|Protect|p1a: Sylveon
|-singleturn|p1a: Sylveon|Protect
|move|p2a: Tyranitar|Rock Slide|p1b: Farigiraf|[spread] p1b
|-activate|p1a: Sylveon|move: Protect
|-damage|p1b: Farigiraf|65/100
|move|p1b: Farigiraf|Roar|p2a: Tyranitar
|drag|p2a: Garchomp|Garchomp, L50, M|100/100
|
|-weather|Sandstorm|[upkeep]
|-damage|p1b: Farigiraf|59/100|[from] Sandstorm
|-damage|p1a: Sylveon|22/100|[from] Sandstorm
|-damage|p2b: Scovillain|81/100|[from] Sandstorm
|-ability|p2b: Scovillain|Moody|boost
|-boost|p2b: Scovillain|spe|2
|-unboost|p2b: Scovillain|atk|1
|upkeep
|turn|4
|
|t:|1783449093
|move|p2a: Garchomp|Protect|p2a: Garchomp
|-singleturn|p2a: Garchomp|Protect
|move|p1b: Farigiraf|Psychic|p2b: Scovillain
|-damage|p2b: Scovillain|40/100
|move|p1a: Sylveon|Hyper Voice|p2b: Scovillain|[spread] p2b
|-activate|p2a: Garchomp|move: Protect
|-resisted|p2b: Scovillain|1
|-damage|p2b: Scovillain|12/100
|move|p2b: Scovillain|Giga Drain|p1a: Sylveon
|-damage|p1a: Sylveon|2/100
|-heal|p2b: Scovillain|23/100|[from] drain|[of] p1a: Sylveon
|
|-weather|Sandstorm|[upkeep]
|-damage|p1b: Farigiraf|53/100|[from] Sandstorm
|-damage|p1a: Sylveon|0 fnt|[from] Sandstorm
|-damage|p2b: Scovillain|17/100|[from] Sandstorm
|faint|p1a: Sylveon
|-ability|p2b: Scovillain|Moody|boost
|-boost|p2b: Scovillain|spe|2
|-unboost|p2b: Scovillain|def|1
|upkeep
|
|t:|1783449110
|switch|p1a: Kingambit|Kingambit, L50, F|100/100
|turn|5
|
|t:|1783449121
|switch|p1a: Charizard|Charizard, L50, F|100/100
|move|p2b: Scovillain|Rage Powder|p2b: Scovillain
|-singleturn|p2b: Scovillain|move: Rage Powder
|move|p1b: Farigiraf|Psychic|p2b: Scovillain
|-damage|p2b: Scovillain|0 fnt
|faint|p2b: Scovillain
|move|p2a: Garchomp|Earthquake|p1b: Farigiraf|[spread] p1b
|-immune|p1a: Charizard
|-damage|p1b: Farigiraf|16/100
|-enditem|p1b: Farigiraf|Sitrus Berry|[eat]
|-heal|p1b: Farigiraf|41/100|[from] item: Sitrus Berry
|-damage|p2a: Garchomp|90/100|[from] item: Life Orb
|
|-weather|Sandstorm|[upkeep]
|-damage|p1b: Farigiraf|35/100|[from] Sandstorm
|-damage|p1a: Charizard|93/100|[from] Sandstorm
|-fieldend|move: Trick Room
|upkeep
|
|t:|1783449133
|switch|p2b: Rotom|Rotom-Wash, L50|38/100
|turn|6
|
|t:|1783449152
|move|p1a: Charizard|Protect|p1a: Charizard
|-singleturn|p1a: Charizard|Protect
|move|p2b: Rotom|Volt Switch|p1a: Charizard
|-activate|p1a: Charizard|move: Protect
|move|p2a: Garchomp|Dragon Claw|p1b: Farigiraf
|-damage|p1b: Farigiraf|0 fnt
|faint|p1b: Farigiraf
|-damage|p2a: Garchomp|80/100|[from] item: Life Orb
|
|-weather|none
|upkeep
|
|t:|1783449159
|switch|p1b: Kingambit|Kingambit, L50, F|100/100
|turn|7
|
|t:|1783449175
|detailschange|p1a: Charizard|Charizard-Mega-Y, L50, F
|-mega|p1a: Charizard|Charizard|Charizardite Y
|-weather|SunnyDay|[from] ability: Drought|[of] p1a: Charizard
|move|p1b: Kingambit|Sucker Punch|p2b: Rotom
|-damage|p2b: Rotom|0 fnt
|faint|p2b: Rotom
|move|p2a: Garchomp|Dragon Claw|p1a: Charizard
|-damage|p1a: Charizard|39/100
|-damage|p2a: Garchomp|70/100|[from] item: Life Orb
|move|p1a: Charizard|Solar Beam||[still]
|-prepare|p1a: Charizard|Solar Beam
|-anim|p1a: Charizard|Solar Beam|p2a: Garchomp
|-crit|p2a: Garchomp
|-damage|p2a: Garchomp|2/100
|
|-weather|SunnyDay|[upkeep]
|upkeep
|
|t:|1783449186
|switch|p2b: Tyranitar|Tyranitar-Mega, L50, M|100/100
|-weather|Sandstorm|[from] ability: Sand Stream|[of] p2b: Tyranitar
|turn|8
|
|t:|1783449200
|move|p2a: Garchomp|Protect|p2a: Garchomp
|-singleturn|p2a: Garchomp|Protect
|move|p1a: Charizard|Protect|p1a: Charizard
|-singleturn|p1a: Charizard|Protect
|move|p1b: Kingambit|Low Kick|p2b: Tyranitar
|-supereffective|p2b: Tyranitar|2
|-damage|p2b: Tyranitar|0 fnt
|faint|p2b: Tyranitar
|
|-weather|Sandstorm|[upkeep]
|-damage|p1a: Charizard|33/100|[from] Sandstorm
|upkeep
|turn|9
|
|t:|1783449211
|move|p1b: Kingambit|Sucker Punch|p2a: Garchomp
|-damage|p2a: Garchomp|0 fnt
|-damage|p1b: Kingambit|87/100|[from] ability: Rough Skin|[of] p2a: Garchomp
|faint|p2a: Garchomp
|
|win|new mental
||new mental is ready for game 2.
||pati_patout is ready for game 2.
|uhtml|next|Next: Game 2 of 3
|l|☆pati_patout
|player|p2|
