|j|☆Aquafinaflo
|j|☆chriszim14
|html|Aquafinaflochriszim14    
|uhtml|bestof|Game 2 of a best-of-3
|t:|1784405910
|gametype|doubles
|player|p1|Aquafinaflo|169|
|player|p2|chriszim14|101|
|gen|9
|tier|[Gen 9 Champions] VGC 2026 Reg M-B (Bo3)
|rule|Species Clause: Limit one of each Pokémon
|rule|Item Clause: Limit 1 of each item
|clearpoke
|poke|p1|Incineroar, L50, F|
|poke|p1|Gengar, L50, F|
|poke|p1|Hawlucha, L50, F|
|poke|p1|Snorlax, L50, M|
|poke|p1|Primarina, L50, F|
|poke|p1|Vanilluxe, L50, F|
|poke|p2|Scizor, L50, M|
|poke|p2|Meganium, L50, F|
|poke|p2|Rotom-Wash, L50, shiny|
|poke|p2|Hydreigon, L50, M|
|poke|p2|Dragonite, L50, F|
|poke|p2|Greninja, L50, M, shiny|
|teampreview|4
|showteam|p1|Incineroar||PasshoBerry|Intimidate|FakeOut,PartingShot,Protect,ThroatChop|Sassy||F|||50|]Gengar||Gengarite|CursedBody|Protect,ShadowBall,Disable,PerishSong|Timid||F|||50|]Hawlucha||Hawluchanite|Limber|Detect,Entrainment,CloseCombat,BraveBird|Jolly||F|||50|]Snorlax||Leftovers|ThickFat|Protect,BodyPress,Stockpile,Fissure|Relaxed||M|||50|]Primarina||SitrusBerry|LiquidVoice|HyperVoice,IceBeam,Protect,PerishSong|Bold||F|||50|]Vanilluxe||FocusSash|SnowWarning|AuroraVeil,Blizzard,SheerCold,FlashCannon|Timid||F|||50|
|showteam|p2|Scizor||Scizorite|Technician|BulletPunch,BugBite,SwordsDance,Protect|Adamant||M|||50|]Meganium||YacheBerry|Overgrow|AncientPower,GigaDrain,PollenPuff,Protect|Calm||F|||50|]Rotom-Wash||Leftovers|Levitate|HydroPump,Protect,WillOWisp,Thunderbolt|Sassy|||||50|]Hydreigon||ChoiceScarf|Levitate|DarkPulse,DracoMeteor,Uturn,EarthPower|Modest||M|||50|]Dragonite||SitrusBerry|Multiscale|ExtremeSpeed,FirePunch,DragonClaw,Protect|Adamant||F|||50|]Greninja||FocusSash|Protean|DarkPulse,GrassKnot,WaterShuriken,Protect|Timid||M|||50|
|j| sonofmcleod
|j| ZimZam18
|
|t:|1784405949
|teamsize|p1|4
|teamsize|p2|4
|start
|switch|p1a: Hawlucha|Hawlucha, L50, F|100/100
|switch|p1b: Snorlax|Snorlax, L50, M|100/100
|switch|p2a: Hydreigon|Hydreigon, L50, M|100/100
|switch|p2b: Hydre|Greninja, L50, M, shiny|100/100
|turn|1
|
|t:|1784405986
|detailschange|p1a: Hawlucha|Hawlucha-Mega, L50, F
|-mega|p1a: Hawlucha|Hawlucha|Hawluchanite
|move|p1a: Hawlucha|Detect|p1a: Hawlucha
|-singleturn|p1a: Hawlucha|Protect
|move|p2a: Hydreigon|Draco Meteor|p1b: Snorlax
|-damage|p1b: Snorlax|52/100
|-unboost|p2a: Hydreigon|spa|2
|move|p2b: Hydre|Grass Knot|p1b: Snorlax
|-start|p2b: Hydre|typechange|Grass|[from] ability: Protean
|-damage|p1b: Snorlax|20/100y
|move|p1b: Snorlax|Stockpile|p1b: Snorlax
|-start|p1b: Snorlax|stockpile1
|-boost|p1b: Snorlax|def|1
|-boost|p1b: Snorlax|spd|1
|
|-heal|p1b: Snorlax|26/100|[from] item: Leftovers
|upkeep
|turn|2
|
|t:|1784406036
|switch|p2a: Rotom|Rotom-Wash, L50, shiny|100/100
|move|p1b: Snorlax|Protect|p1b: Snorlax
|-singleturn|p1b: Snorlax|Protect
|move|p2b: Hydre|Grass Knot|p1b: Snorlax
|-activate|p1b: Snorlax|move: Protect
|move|p1a: Hawlucha|Close Combat|p2a: Rotom
|-damage|p2a: Rotom|45/100
|-unboost|p1a: Hawlucha|def|1
|-unboost|p1a: Hawlucha|spd|1
|
|-heal|p2a: Rotom|51/100|[from] item: Leftovers
|-heal|p1b: Snorlax|32/100|[from] item: Leftovers
|upkeep
|turn|3
|
|t:|1784406072
|switch|p1b: Incineroar|Incineroar, L50, F|100/100
|-ability|p1b: Incineroar|Intimidate|boost
|-unboost|p2a: Rotom|atk|1
|-unboost|p2b: Hydre|atk|1
|move|p2a: Rotom|Protect|p2a: Rotom
|-singleturn|p2a: Rotom|Protect
|move|p2b: Hydre|Grass Knot|p1b: Incineroar
|-resisted|p1b: Incineroar|1
|-damage|p1b: Incineroar|85/100
|move|p1a: Hawlucha|Brave Bird|p2b: Hydre
|-supereffective|p2b: Hydre|1
|-enditem|p2b: Hydre|Focus Sash
|-damage|p2b: Hydre|1/100
|-damage|p1a: Hawlucha|73/100|[from] Recoil
|
|-heal|p2a: Rotom|57/100|[from] item: Leftovers
|upkeep
|turn|4
|
|t:|1784406113
|move|p2b: Hydre|Protect|p2b: Hydre
|-singleturn|p2b: Hydre|Protect
|move|p1b: Incineroar|Fake Out|p2b: Hydre
|-activate|p2b: Hydre|move: Protect
|move|p1a: Hawlucha|Close Combat|p2a: Rotom
|-damage|p2a: Rotom|3/100
|-unboost|p1a: Hawlucha|def|1
|-unboost|p1a: Hawlucha|spd|1
|move|p2a: Rotom|Thunderbolt|p1a: Hawlucha
|-supereffective|p1a: Hawlucha|1
|-damage|p1a: Hawlucha|0 fnt
|faint|p1a: Hawlucha
|
|-heal|p2a: Rotom|9/100|[from] item: Leftovers
|upkeep
|
|t:|1784406132
|switch|p1a: Primarina|Primarina, L50, F|100/100
|turn|5
|
|t:|1784406170
|move|p2b: Hydre|Water Shuriken|p1b: Incineroar
|-supereffective|p1b: Incineroar|1
|-enditem|p1b: Incineroar|Passho Berry|[eat]
|-enditem|p1b: Incineroar|Passho Berry|[weaken]
|-damage|p1b: Incineroar|82/100
|-supereffective|p1b: Incineroar|1
|-damage|p1b: Incineroar|74/100
|-hitcount|p1b: Incineroar|2
|move|p2a: Rotom|Thunderbolt|p1a: Primarina
|-supereffective|p1a: Primarina|1
|-damage|p1a: Primarina|44/100
|-enditem|p1a: Primarina|Sitrus Berry|[eat]
|-heal|p1a: Primarina|68/100|[from] item: Sitrus Berry
|move|p1a: Primarina|Hyper Voice|p2b: Hydre|[spread] p2a,p2b
|-resisted|p2a: Rotom|1
|-resisted|p2b: Hydre|1
|-damage|p2a: Rotom|0 fnt
|-damage|p2b: Hydre|0 fnt
|faint|p2a: Rotom
|faint|p2b: Hydre
|move|p1b: Incineroar|Throat Chop|p2: Rotom|[notarget]
|-fail|p1b: Incineroar
|
|upkeep
|
|t:|1784406189
|switch|p2b: Hydreigon|Hydreigon, L50, M|100/100
|switch|p2a: Scizor|Scizor, L50, M|100/100
|turn|6
|
|t:|1784406212
|detailschange|p2a: Scizor|Scizor-Mega, L50, M
|-mega|p2a: Scizor|Scizor|Scizorite
|move|p2a: Scizor|Protect|p2a: Scizor
|-singleturn|p2a: Scizor|Protect
|move|p2b: Hydreigon|Earth Power|p1b: Incineroar
|-supereffective|p1b: Incineroar|1
|-damage|p1b: Incineroar|26/100
|move|p1a: Primarina|Ice Beam|p2b: Hydreigon
|-supereffective|p2b: Hydreigon|1
|-damage|p2b: Hydreigon|40/100
|move|p1b: Incineroar|Parting Shot|p2a: Scizor
|-activate|p2a: Scizor|move: Protect
|
|upkeep
|turn|7
|
|t:|1784406252
|move|p1a: Primarina|Protect|p1a: Primarina
|-singleturn|p1a: Primarina|Protect
|move|p2b: Hydreigon|Earth Power|p1b: Incineroar
|-supereffective|p1b: Incineroar|1
|-damage|p1b: Incineroar|0 fnt
|faint|p1b: Incineroar
|move|p2a: Scizor|Swords Dance|p2a: Scizor
|-boost|p2a: Scizor|atk|2
|
|upkeep
|
|t:|1784406260
|switch|p1b: Snorlax|Snorlax, L50, M|32/100
|turn|8
|
|t:|1784406273
|move|p1b: Snorlax|Protect|p1b: Snorlax
|-singleturn|p1b: Snorlax|Protect
|move|p2a: Scizor|Bullet Punch|p1a: Primarina
|-damage|p1a: Primarina|2/100
|move|p2b: Hydreigon|Earth Power|p1b: Snorlax
|-activate|p1b: Snorlax|move: Protect
|move|p1a: Primarina|Ice Beam|p2b: Hydreigon
|-supereffective|p2b: Hydreigon|1
|-damage|p2b: Hydreigon|0 fnt
|faint|p2b: Hydreigon
|
|-heal|p1b: Snorlax|38/100|[from] item: Leftovers
|upkeep
|turn|9
|
|t:|1784406306
|move|p2a: Scizor|Bullet Punch|p1a: Primarina
|-damage|p1a: Primarina|0 fnt
|faint|p1a: Primarina
|move|p1b: Snorlax|Fissure|p2a: Scizor
|-damage|p2a: Scizor|0 fnt
|faint|p2a: Scizor
|-ohko
|
|win|Aquafinaflo
|c|☆chriszim14|bruh
