|j|☆Tubbar
|j|☆f89 DonOMarVGC
|html|Tubbarf89 DonOMarVGC    
|uhtml|bestof|Game 2 of a best-of-3
|t:|1784238169
|gametype|doubles
|player|p1|Tubbar|hilbert|1380
|player|p2|f89 DonOMarVGC|lucas|1296
|gen|9
|tier|[Gen 9 Champions] VGC 2026 Reg M-B (Bo3)
|rated|
|rule|Species Clause: Limit one of each Pokémon
|rule|Item Clause: Limit 1 of each item
|clearpoke
|poke|p1|Basculegion, L50, M|
|poke|p1|Glimmora, L50, F|
|poke|p1|Staraptor, L50, M|
|poke|p1|Whimsicott, L50, F|
|poke|p1|Garchomp, L50, M|
|poke|p1|Kingambit, L50, M|
|poke|p2|Staraptor, L50, M|
|poke|p2|Gholdengo, L50|
|poke|p2|Incineroar, L50, F|
|poke|p2|Sinistcha, L50|
|poke|p2|Arcanine-Hisui, L50, F|
|poke|p2|Maushold, L50|
|teampreview|4
|showteam|p1|Basculegion||ChoiceScarf|SwiftSwim|AquaJet,LastRespects,WaveCrash,FlipTurn|Adamant||M|||50|]Glimmora||LifeOrb|ToxicDebris|PowerGem,EarthPower,SpikyShield,SludgeBomb|Modest||F|||50|]Staraptor||Staraptite|Intimidate|BraveBird,CloseCombat,Protect,Roost|Jolly||M|||50|]Whimsicott||FocusSash|Prankster|Moonblast,Tailwind,Protect,Charm|Timid||F|||50|]Garchomp||SitrusBerry|RoughSkin|DragonClaw,RockSlide,Protect,Earthquake|Adamant||M|||50|]Kingambit||ChopleBerry|Defiant|SuckerPunch,KowtowCleave,Protect,IronHead|Adamant||M|||50|
|showteam|p2|Staraptor||Staraptite|Intimidate|Protect,CloseCombat,BraveBird,Roost|Jolly||M|||50|]Gholdengo||LifeOrb|GoodasGold|MakeItRain,ShadowBall,NastyPlot,Protect|Modest|||||50|]Incineroar||SitrusBerry|Intimidate|FakeOut,FlareBlitz,DarkestLariat,PartingShot|Relaxed||F|||50|]Sinistcha||ColburBerry|Hospitality|RagePowder,MatchaGotcha,TrickRoom,Protect|Calm|||||50|]Arcanine-Hisui||FocusSash|RockHead|FlareBlitz,HeadSmash,ExtremeSpeed,Protect|Jolly||F|||50|]Maushold||ChopleBerry|FriendGuard|Protect,FollowMe,Charm,SuperFang|Impish|||||50|
|inactive|Battle timer is ON: inactive players will automatically lose when time's up. (requested by f89 DonOMarVGC)
|j| f27 bufflucario
|inactive|Tubbar also wants the timer to be on.
|j| f09 Ton
|j| f50 NemesisVGC
|j| BygameJorge
|c| BygameJorge|UNO MAS
|j| Nesuts
|j| f42 xavo
|inactive|Tubbar has 60 seconds left.
|
|t:|1784238212
|teamsize|p1|4
|teamsize|p2|4
|start
|switch|p1a: Whimsicott|Whimsicott, L50, F|100/100
|switch|p1b: Staraptor|Staraptor, L50, M|100/100
|switch|p2a: Staraptor|Staraptor, L50, M|100/100
|switch|p2b: Arcanine|Arcanine-Hisui, L50, F|100/100
|-ability|p1b: Staraptor|Intimidate|boost
|-unboost|p2a: Staraptor|atk|1
|-unboost|p2b: Arcanine|atk|1
|-ability|p2a: Staraptor|Intimidate|boost
|-unboost|p1a: Whimsicott|atk|1
|-unboost|p1b: Staraptor|atk|1
|turn|1
|l| f50 NemesisVGC
|
|t:|1784238235
|detailschange|p2a: Staraptor|Staraptor-Mega, L50, M
|-mega|p2a: Staraptor|Staraptor|Staraptite
|detailschange|p1b: Staraptor|Staraptor-Mega, L50, M
|-mega|p1b: Staraptor|Staraptor|Staraptite
|move|p1b: Staraptor|Protect|p1b: Staraptor
|-singleturn|p1b: Staraptor|Protect
|move|p1a: Whimsicott|Tailwind|p1a: Whimsicott
|-sidestart|p1: Tubbar|move: Tailwind
|move|p2a: Staraptor|Close Combat|p1a: Whimsicott
|-resisted|p1a: Whimsicott|1
|-damage|p1a: Whimsicott|64/100
|-boost|p2a: Staraptor|def|1
|-boost|p2a: Staraptor|spd|1
|move|p2b: Arcanine|Head Smash|p1b: Staraptor
|-activate|p1b: Staraptor|move: Protect
|
|upkeep
|turn|2
|j| f50 NemesisVGC
|
|t:|1784238256
|move|p1a: Whimsicott|Moonblast|p2b: Arcanine
|-resisted|p2b: Arcanine|1
|-damage|p2b: Arcanine|79/100
|move|p1b: Staraptor|Close Combat|p2b: Arcanine
|-supereffective|p2b: Arcanine|1
|-damage|p2b: Arcanine|0 fnt
|-boost|p1b: Staraptor|def|1
|-boost|p1b: Staraptor|spd|1
|faint|p2b: Arcanine
|move|p2a: Staraptor|Brave Bird|p1b: Staraptor
|-supereffective|p1b: Staraptor|1
|-damage|p1b: Staraptor|33/100
|-damage|p2a: Staraptor|77/100|[from] Recoil
|
|upkeep
|
|t:|1784238270
|switch|p2b: Gholdengo|Gholdengo, L50|100/100
|turn|3
|
|t:|1784238291
|move|p1a: Whimsicott|Moonblast|p2a: Staraptor
|-supereffective|p2a: Staraptor|1
|-damage|p2a: Staraptor|22/100
|-boost|p2a: Staraptor|spa|1
|move|p1b: Staraptor|Brave Bird|p2a: Staraptor
|-supereffective|p2a: Staraptor|1
|-damage|p2a: Staraptor|0 fnt
|faint|p2a: Staraptor
|-damage|p1b: Staraptor|25/100|[from] Recoil
|move|p2b: Gholdengo|Nasty Plot|p2b: Gholdengo
|-boost|p2b: Gholdengo|spa|2
|
|upkeep
|
|t:|1784238299
|switch|p2a: Sinistcha|Sinistcha, L50|100/100
|turn|4
|inactive|Tubbar has 30 seconds left.
|inactive|f89 DonOMarVGC has 30 seconds left.
|
|t:|1784238326
|move|p1a: Whimsicott|Moonblast|p2a: Sinistcha
|-damage|p2a: Sinistcha|67/100
|move|p1b: Staraptor|Brave Bird|p2a: Sinistcha
|-supereffective|p2a: Sinistcha|1
|-damage|p2a: Sinistcha|0 fnt
|faint|p2a: Sinistcha
|-damage|p1b: Staraptor|1/100|[from] Recoil
|move|p2b: Gholdengo|Nasty Plot|p2b: Gholdengo
|-boost|p2b: Gholdengo|spa|2
|
|-sideend|p1: Tubbar|move: Tailwind
|upkeep
|turn|5
|j| F14 BurguerKing
|c|☆f89 DonOMarVGC|Ahh pensé que aguantaba
|
|t:|1784238350
|move|p1a: Whimsicott|Charm|p1b: Staraptor
|-boost|p1b: Staraptor|atk|2
|move|p1b: Staraptor|Brave Bird|p2b: Gholdengo
|-resisted|p2b: Gholdengo|1
|-damage|p2b: Gholdengo|59/100
|-damage|p1b: Staraptor|0 fnt|[from] Recoil
|faint|p1b: Staraptor
|move|p2b: Gholdengo|Make It Rain|p1a: Whimsicott
|-supereffective|p1a: Whimsicott|1
|-damage|p1a: Whimsicott|0 fnt
|-unboost|p2b: Gholdengo|spa|2
|faint|p1a: Whimsicott
|-damage|p2b: Gholdengo|49/100|[from] item: Life Orb
|
|upkeep
|l| f50 NemesisVGC
|
|t:|1784238364
|switch|p1a: Basculegion|Basculegion, L50, M|100/100
|switch|p1b: Garchomp|Garchomp, L50, M|100/100
|turn|6
|c|☆f89 DonOMarVGC|Iba a protegerrr con sinicha
|
|t:|1784238378
|move|p1a: Basculegion|Last Respects|p2b: Gholdengo
|-supereffective|p2b: Gholdengo|1
|-damage|p2b: Gholdengo|0 fnt
|faint|p2b: Gholdengo
|
|win|Tubbar
||f89 DonOMarVGC is ready for game 3.
||Tubbar is ready for game 3.
|uhtml|next|Next: Game 3 of 3
|l| BygameJorge
|l| f27 bufflucario
|l| f42 xavo
|l|☆f89 DonOMarVGC
|player|p2|
