|j|☆Sabasvgc
|j|☆The median voter
|html|SabasvgcThe median voter    
|uhtml|bestof|Game 2 of a best-of-3
|t:|1757816457
|gametype|doubles
|player|p1|Sabasvgc|101|1261
|player|p2|The median voter|scientist-gen4dp|1241
|gen|9
|tier|[Gen 9] VGC 2025 Reg H (Bo3)
|rated|
|rule|Species Clause: Limit one of each Pokémon
|rule|Item Clause: Limit 1 of each item
|clearpoke
|poke|p1|Dondozo, L50, F|
|poke|p1|Tatsugiri-Droopy, L50, F|
|poke|p1|Slaking, L50, M|
|poke|p1|Weezing, L50, F|
|poke|p1|Garchomp, L50, F|
|poke|p1|Kilowattrel, L50, F|
|poke|p2|Archaludon, L50, M|
|poke|p2|Dragonite, L50, F|
|poke|p2|Pelipper, L50, F|
|poke|p2|Ursaluna, L50, M|
|poke|p2|Sinistcha, L50|
|poke|p2|Gholdengo, L50|
|teampreview|4
|showteam|p1|Dondozo||Leftovers|Unaware|Protect,OrderUp,BodyPress,RockSlide|||F|||50|,,,,,Grass]Tatsugiri-Droopy||ChoiceScarf|Commander|HelpingHand,IcyWind,MuddyWater,DracoMeteor|||F|||50|,,,,,Steel]Slaking||SitrusBerry|Truant|PlayRough,HighHorsepower,KnockOff,Protect|||M|||50|,,,,,Psychic]Weezing||RockyHelmet|NeutralizingGas|Protect,Taunt,WillOWisp,SludgeBomb|||F|||50|,,,,,Flying]Garchomp||LifeOrb|RoughSkin|Earthquake,StompingTantrum,DragonClaw,Protect|||F|||50|,,,,,Ground]Kilowattrel||FocusSash|Competitive|Discharge,Tailwind,AirSlash,Protect|||F|||50|,,,,,Ghost
|showteam|p2|Archaludon||AssaultVest|Stamina|FlashCannon,BodyPress,ElectroShot,Snarl|||M|||50|,,,,,Fighting]Dragonite||LoadedDice|Multiscale|ScaleShot,Tailwind,Haze,Protect|||F|||50|,,,,,Steel]Pelipper||FocusSash|Drizzle|MuddyWater,Hurricane,Tailwind,Protect|||F|||50|,,,,,Ghost]Ursaluna||FlameOrb|Guts|Facade,HeadlongRush,Earthquake,Protect|||M|||50|,,,,,Ghost]Sinistcha||SitrusBerry|Hospitality|MatchaGotcha,LifeDew,RagePowder,TrickRoom||||||50|,,,,,Dark]Gholdengo||ChoiceScarf|GoodasGold|MakeItRain,ShadowBall,Trick,Protect||||||50|,,,,,Flying
|inactive|Battle timer is ON: inactive players will automatically lose when time's up. (requested by Sabasvgc)
|
|t:|1757816484
|teamsize|p1|4
|teamsize|p2|4
|start
|switch|p1a: Garchomp|Garchomp, L50, F, shiny|100/100
|switch|p1b: Weezing|Weezing, L50, F, shiny|100/100
|switch|p2a: Gholdengo|Gholdengo, L50|100/100
|switch|p2b: Dragonite|Dragonite, L50, F|100/100
|-ability|p1b: Weezing|Neutralizing Gas
|turn|1
|inactive|Sabasvgc has 30 seconds left.
|
|t:|1757816510
|move|p1a: Garchomp|Protect|p1a: Garchomp
|-singleturn|p1a: Garchomp|Protect
|move|p2a: Gholdengo|Trick|p1b: Weezing
|-activate|p2a: Gholdengo|move: Trick|[of] p1b: Weezing
|-item|p1b: Weezing|Choice Scarf|[from] move: Trick
|-item|p2a: Gholdengo|Rocky Helmet|[from] move: Trick
|move|p2b: Dragonite|Scale Shot|p1a: Garchomp
|-activate|p1a: Garchomp|move: Protect
|move|p1b: Weezing|Will-O-Wisp|p2b: Dragonite
|-status|p2b: Dragonite|brn
|
|-damage|p2b: Dragonite|95/100 brn|[from] brn
|upkeep
|turn|2
|
|t:|1757816534
|-end|p1b: Weezing|ability: Neutralizing Gas
|switch|p1b: Kilowattrel|Kilowattrel, L50, F, shiny|100/100
|-terastallize|p1a: Garchomp|Ground
|-terastallize|p2a: Gholdengo|Flying
|move|p1a: Garchomp|Stomping Tantrum|p2a: Gholdengo
|-immune|p2a: Gholdengo
|move|p2a: Gholdengo|Shadow Ball|p1a: Garchomp
|-damage|p1a: Garchomp|49/100
|-unboost|p1a: Garchomp|spd|1
|move|p2b: Dragonite|Scale Shot|p1a: Garchomp
|-damage|p1a: Garchomp|41/100
|-crit|p1a: Garchomp
|-damage|p1a: Garchomp|31/100
|-damage|p1a: Garchomp|24/100
|-damage|p1a: Garchomp|16/100
|-hitcount|p1a: Garchomp|4
|-unboost|p2b: Dragonite|def|1
|-boost|p2b: Dragonite|spe|1
|
|-damage|p2b: Dragonite|89/100 brn|[from] brn
|upkeep
|turn|3
|inactive|Sabasvgc has 30 seconds left.
|
|t:|1757816564
|move|p1a: Garchomp|Protect|p1a: Garchomp
|-singleturn|p1a: Garchomp|Protect
|move|p2b: Dragonite|Tailwind|p2b: Dragonite
|-sidestart|p2: The median voter|move: Tailwind
|move|p2a: Gholdengo|Make It Rain|p1a: Garchomp|[spread] p1b
|-activate|p1a: Garchomp|move: Protect
|-resisted|p1b: Kilowattrel
|-damage|p1b: Kilowattrel|54/100
|-unboost|p2a: Gholdengo|spa|1
|move|p1b: Kilowattrel|Tailwind|p1b: Kilowattrel
|-sidestart|p1: Sabasvgc|move: Tailwind
|
|-damage|p2b: Dragonite|83/100 brn|[from] brn
|upkeep
|turn|4
|
|t:|1757816589
|switch|p2a: Sinistcha|Sinistcha, L50|100/100
|-heal|p2b: Dragonite|100/100 brn|[from] ability: Hospitality|[of] p2a: Sinistcha
|move|p2b: Dragonite|Scale Shot|p1a: Garchomp
|-damage|p1a: Garchomp|8/100
|-damage|p1a: Garchomp|1/100
|-damage|p1a: Garchomp|0 fnt
|faint|p1a: Garchomp
|-hitcount|p1: Garchomp|3
|-unboost|p2b: Dragonite|def|1
|-boost|p2b: Dragonite|spe|1
|move|p1b: Kilowattrel|Discharge|p2b: Dragonite|[spread] p2a,p2b
|-resisted|p2a: Sinistcha
|-damage|p2a: Sinistcha|88/100
|-damage|p2b: Dragonite|87/100 brn
|
|-damage|p2b: Dragonite|81/100 brn|[from] brn
|upkeep
|inactive|Sabasvgc has 30 seconds left.
|
|t:|1757816619
|switch|p1a: Slaking|Slaking, L50, M, shiny|100/100
|turn|5
|
|t:|1757816642
|move|p1a: Slaking|Protect|p1a: Slaking
|-singleturn|p1a: Slaking|Protect
|move|p2a: Sinistcha|Rage Powder|p2a: Sinistcha
|-singleturn|p2a: Sinistcha|move: Rage Powder
|move|p2b: Dragonite|Scale Shot|p1b: Kilowattrel
|-crit|p1b: Kilowattrel
|-damage|p1b: Kilowattrel|33/100
|-damage|p1b: Kilowattrel|19/100
|-damage|p1b: Kilowattrel|5/100
|-damage|p1b: Kilowattrel|0 fnt
|faint|p1b: Kilowattrel
|-hitcount|p1: Kilowattrel|4
|-unboost|p2b: Dragonite|def|1
|-boost|p2b: Dragonite|spe|1
|
|-damage|p2b: Dragonite|75/100 brn|[from] brn
|upkeep
|
|t:|1757816653
|switch|p1b: Weezing|Weezing, L50, F, shiny|100/100
|-ability|p1b: Weezing|Neutralizing Gas
|turn|6
|
|t:|1757816664
|move|p2b: Dragonite|Protect|p2b: Dragonite
|-singleturn|p2b: Dragonite|Protect
|move|p1a: Slaking|Knock Off|p2a: Sinistcha
|-supereffective|p2a: Sinistcha
|-damage|p2a: Sinistcha|4/100
|-enditem|p2a: Sinistcha|Sitrus Berry|[from] move: Knock Off|[of] p1a: Slaking
|move|p1b: Weezing|Sludge Bomb|p2b: Dragonite
|-activate|p2b: Dragonite|move: Protect
|move|p2a: Sinistcha|Matcha Gotcha|p1b: Weezing|[spread] p1a,p1b
|-resisted|p1b: Weezing
|-crit|p1b: Weezing
|-damage|p1a: Slaking|71/100
|-heal|p2a: Sinistcha|22/100|[from] drain|[of] p1a: Slaking
|-damage|p1b: Weezing|82/100
|-heal|p2a: Sinistcha|31/100|[from] drain|[of] p1b: Weezing
|
|-damage|p2b: Dragonite|69/100 brn|[from] brn
|-sideend|p2: The median voter|move: Tailwind
|-sideend|p1: Sabasvgc|move: Tailwind
|upkeep
|turn|7
|
|t:|1757816685
|move|p2b: Dragonite|Tailwind|p2b: Dragonite
|-sidestart|p2: The median voter|move: Tailwind
|move|p2a: Sinistcha|Matcha Gotcha|p1b: Weezing|[spread] p1a,p1b
|-resisted|p1b: Weezing
|-damage|p1a: Slaking|45/100
|-heal|p2a: Sinistcha|48/100|[from] drain|[of] p1a: Slaking
|-damage|p1b: Weezing|70/100
|-heal|p2a: Sinistcha|54/100|[from] drain|[of] p1b: Weezing
|-enditem|p1a: Slaking|Sitrus Berry|[eat]
|-heal|p1a: Slaking|70/100|[from] item: Sitrus Berry
|move|p1a: Slaking|Knock Off|p2a: Sinistcha
|-supereffective|p2a: Sinistcha
|-damage|p2a: Sinistcha|0 fnt
|faint|p2a: Sinistcha
|move|p1b: Weezing|Sludge Bomb|p2b: Dragonite
|-damage|p2b: Dragonite|41/100 brn
|
|-damage|p2b: Dragonite|35/100 brn|[from] brn
|upkeep
|
|t:|1757816696
|switch|p2a: Gholdengo|Gholdengo, L50, tera:Flying|100/100
|turn|8
|
|t:|1757816713
|move|p1a: Slaking|Protect|p1a: Slaking
|-singleturn|p1a: Slaking|Protect
|move|p2b: Dragonite|Scale Shot|p1b: Weezing
|-damage|p1b: Weezing|64/100
|-damage|p1b: Weezing|58/100
|-damage|p1b: Weezing|52/100
|-damage|p1b: Weezing|45/100
|-hitcount|p1b: Weezing|4
|-unboost|p2b: Dragonite|def|1
|-boost|p2b: Dragonite|spe|1
|move|p2a: Gholdengo|Make It Rain|p1b: Weezing|[spread] p1b
|-activate|p1a: Slaking|move: Protect
|-damage|p1b: Weezing|0 fnt
|-unboost|p2a: Gholdengo|spa|1
|faint|p1b: Weezing
|-end|p1b: Weezing|ability: Neutralizing Gas
|
|-damage|p2b: Dragonite|29/100 brn|[from] brn
|upkeep
|turn|9
|
|t:|1757816726
|move|p2b: Dragonite|Haze|p2b: Dragonite
|-clearallboost
|move|p2a: Gholdengo|Make It Rain|p1a: Slaking
|-damage|p1a: Slaking|0 fnt
|-unboost|p2a: Gholdengo|spa|1
|faint|p1a: Slaking
|
|win|The median voter
||The median voter is ready for game 3.
|l|☆Sabasvgc
|player|p1|
|inactive|Sabasvgc has 30 seconds to confirm battle start!
|inactive|Sabasvgc has 20 seconds to confirm battle start!
|j|☆Sabasvgc
|player|p1|Sabasvgc|101|
||Sabasvgc is ready for game 3.
|uhtml|next|Next: Game 3 of 3
