|j|☆buf01 NoSoyWekj
|j|☆HumiOficial
|html|buf01 NoSoyWekjHumiOficial    
|uhtml|bestof|Game 2 of a best-of-3
|t:|1756253260
|gametype|doubles
|player|p1|buf01 NoSoyWekj|striker|1127
|player|p2|HumiOficial|hilbert|1039
|gen|9
|tier|[Gen 9] VGC 2025 Reg H (Bo3)
|rated|
|rule|Species Clause: Limit one of each Pokémon
|rule|Item Clause: Limit 1 of each item
|clearpoke
|poke|p1|Sinistcha, L50|
|poke|p1|Ursaluna, L50, M|
|poke|p1|Dragonite, L50, M|
|poke|p1|Archaludon, L50, M|
|poke|p1|Pelipper, L50, F|
|poke|p1|Incineroar, L50, M|
|poke|p2|Gholdengo, L50|
|poke|p2|Dragonite, L50, F|
|poke|p2|Incineroar, L50, F|
|poke|p2|Rillaboom, L50, F|
|poke|p2|Annihilape, L50, F|
|poke|p2|Sneasler, L50, F|
|teampreview|4
|showteam|p1|Sinistcha||SitrusBerry|Hospitality|MatchaGotcha,RagePowder,LifeDew,TrickRoom||||||50|,,,,,Dark]Ursaluna||FlameOrb|Guts|Facade,HeadlongRush,Earthquake,Protect|||M|||50|,,,,,Ghost]Dragonite||LoadedDice|Multiscale|ScaleShot,Tailwind,Haze,Protect|||M|||50|,,,,,Fairy]Archaludon||AssaultVest|Stamina|ElectroShot,BodyPress,DracoMeteor,FlashCannon|||M|||50|,,,,,Bug]Pelipper||FocusSash|Drizzle|Protect,Tailwind,WeatherBall,Hurricane|||F|||50|,,,,,Ghost]Incineroar||SafetyGoggles|Intimidate|PartingShot,FakeOut,KnockOff,FlareBlitz|||M|||50|,,,,,Ghost
|showteam|p2|Gholdengo||LifeOrb|GoodasGold|MakeItRain,ShadowBall,Protect,NastyPlot||||||50|,,,,,Steel]Dragonite||LoadedDice|Multiscale|ScaleShot,Protect,Haze,ExtremeSpeed|||F|||50|,,,,,Fairy]Incineroar||SafetyGoggles|Intimidate|FakeOut,KnockOff,PartingShot,FlareBlitz|||F|||50|,,,,,Ghost]Rillaboom||AssaultVest|GrassySurge|GrassyGlide,FakeOut,WoodHammer,HighHorsepower|||F|||50|,,,,,Fire]Annihilape||SitrusBerry|Defiant|RageFist,CloseCombat,FinalGambit,Protect|||F|||50|,,,,,Fire]Sneasler||FocusSash|Unburden|CloseCombat,DireClaw,Protect,ThroatChop|||F|||50|,,,,,Dark
|inactive|Battle timer is ON: inactive players will automatically lose when time's up. (requested by buf01 NoSoyWekj)
|
|t:|1756253356
|teamsize|p1|4
|teamsize|p2|4
|start
|switch|p1a: Incineroar|Incineroar, L50, M, shiny|100/100
|switch|p1b: Dragonite|Dragonite, L50, M, shiny|100/100
|switch|p2a: Gholdengo|Gholdengo, L50|100/100
|switch|p2b: Incineroar|Incineroar, L50, F|100/100
|-ability|p1a: Incineroar|Intimidate|boost
|-unboost|p2a: Gholdengo|atk|1
|-unboost|p2b: Incineroar|atk|1
|-ability|p2b: Incineroar|Intimidate|boost
|-unboost|p1a: Incineroar|atk|1
|-unboost|p1b: Dragonite|atk|1
|turn|1
|
|t:|1756253377
|-terastallize|p2b: Incineroar|Ghost
|move|p1a: Incineroar|Fake Out|p2b: Incineroar
|-immune|p2b: Incineroar
|move|p2b: Incineroar|Fake Out|p1a: Incineroar
|-damage|p1a: Incineroar|95/100
|move|p2a: Gholdengo|Nasty Plot|p2a: Gholdengo
|-boost|p2a: Gholdengo|spa|2
|move|p1b: Dragonite|Tailwind|p1b: Dragonite
|-sidestart|p1: buf01 NoSoyWekj|move: Tailwind
|
|upkeep
|turn|2
|
|t:|1756253400
|switch|p1b: Archaludon|Archaludon, L50, M|100/100
|move|p1a: Incineroar|Flare Blitz|p2a: Gholdengo
|-supereffective|p2a: Gholdengo
|-damage|p2a: Gholdengo|33/100
|-damage|p1a: Incineroar|77/100|[from] Recoil
|move|p2a: Gholdengo|Make It Rain|p1a: Incineroar|[spread] p1a,p1b
|-resisted|p1a: Incineroar
|-resisted|p1b: Archaludon
|-damage|p1a: Incineroar|18/100
|-damage|p1b: Archaludon|54/100
|-unboost|p2a: Gholdengo|spa|1
|-ability|p1b: Archaludon|Stamina|boost
|-boost|p1b: Archaludon|def|1
|-damage|p2a: Gholdengo|23/100|[from] item: Life Orb
|move|p2b: Incineroar|Knock Off|p1b: Archaludon
|-damage|p1b: Archaludon|40/100
|-ability|p1b: Archaludon|Stamina|boost
|-boost|p1b: Archaludon|def|1
|-enditem|p1b: Archaludon|Assault Vest|[from] move: Knock Off|[of] p2b: Incineroar
|
|upkeep
|turn|3
|inactive|buf01 NoSoyWekj has 30 seconds left.
|inactive|HumiOficial has 30 seconds left.
|inactive|buf01 NoSoyWekj has 20 seconds left.
|inactive|HumiOficial has 20 seconds left.
|inactive|buf01 NoSoyWekj has 15 seconds left.
|inactive|HumiOficial has 15 seconds left.
|inactive|buf01 NoSoyWekj has 10 seconds left.
|
|t:|1756253446
|move|p1b: Archaludon|Electro Shot||[still]
|-prepare|p1b: Archaludon|Electro Shot
|-boost|p1b: Archaludon|spa|1
|move|p1a: Incineroar|Parting Shot|p2b: Incineroar
|-unboost|p2b: Incineroar|atk|1
|-unboost|p2b: Incineroar|spa|1
|
|t:|1756253451
|switch|p1a: Sinistcha|Sinistcha, L50, shiny|100/100|[from] Parting Shot
|-heal|p1b: Archaludon|65/100|[from] ability: Hospitality|[of] p1a: Sinistcha
|move|p2a: Gholdengo|Make It Rain|p1a: Sinistcha|[spread] p1a,p1b
|-resisted|p1b: Archaludon
|-damage|p1a: Sinistcha|13/100
|-damage|p1b: Archaludon|6/100
|-unboost|p2a: Gholdengo|spa|1
|-ability|p1b: Archaludon|Stamina|boost
|-boost|p1b: Archaludon|def|1
|-enditem|p1a: Sinistcha|Sitrus Berry|[eat]
|-heal|p1a: Sinistcha|38/100|[from] item: Sitrus Berry
|-damage|p2a: Gholdengo|13/100|[from] item: Life Orb
|move|p2b: Incineroar|Flare Blitz|p1b: Archaludon
|-crit|p1b: Archaludon
|-damage|p1b: Archaludon|0 fnt
|faint|p1b: Archaludon
|-damage|p2b: Incineroar|99/100|[from] Recoil
|
|upkeep
|
|t:|1756253462
|switch|p1b: Dragonite|Dragonite, L50, M, shiny|100/100
|turn|4
|
|t:|1756253481
|switch|p1a: Incineroar|Incineroar, L50, M, shiny|18/100
|-ability|p1a: Incineroar|Intimidate|boost
|-unboost|p2a: Gholdengo|atk|1
|-unboost|p2b: Incineroar|atk|1
|move|p1b: Dragonite|Scale Shot|p2b: Incineroar
|-damage|p2b: Incineroar|85/100
|-damage|p2b: Incineroar|72/100
|-damage|p2b: Incineroar|58/100
|-damage|p2b: Incineroar|44/100
|-damage|p2b: Incineroar|29/100
|-hitcount|p2b: Incineroar|5
|-unboost|p1b: Dragonite|def|1
|-boost|p1b: Dragonite|spe|1
|move|p2a: Gholdengo|Shadow Ball|p1a: Incineroar
|-resisted|p1a: Incineroar
|-damage|p1a: Incineroar|0 fnt
|faint|p1a: Incineroar
|-damage|p2a: Gholdengo|4/100|[from] item: Life Orb
|move|p2b: Incineroar|Parting Shot|p1b: Dragonite
|-unboost|p1b: Dragonite|atk|1
|-unboost|p1b: Dragonite|spa|1
|inactive|HumiOficial has 30 seconds left.
|
|t:|1756253507
|switch|p2b: Dragonite|Dragonite, L50, F|100/100|[from] Parting Shot
|
|-sideend|p1: buf01 NoSoyWekj|move: Tailwind
|upkeep
|
|t:|1756253510
|switch|p1a: Sinistcha|Sinistcha, L50, shiny|38/100
|turn|5
|
|t:|1756253532
|-terastallize|p1b: Dragonite|Fairy
|move|p1b: Dragonite|Scale Shot|p2b: Dragonite
|-supereffective|p2b: Dragonite
|-damage|p2b: Dragonite|91/100
|-supereffective|p2b: Dragonite
|-damage|p2b: Dragonite|69/100
|-supereffective|p2b: Dragonite
|-damage|p2b: Dragonite|47/100
|-supereffective|p2b: Dragonite
|-damage|p2b: Dragonite|25/100
|-supereffective|p2b: Dragonite
|-damage|p2b: Dragonite|2/100
|-hitcount|p2b: Dragonite|5
|-unboost|p1b: Dragonite|def|1
|-boost|p1b: Dragonite|spe|1
|move|p2a: Gholdengo|Shadow Ball|p1a: Sinistcha
|-supereffective|p1a: Sinistcha
|-damage|p1a: Sinistcha|0 fnt
|faint|p1a: Sinistcha
|-damage|p2a: Gholdengo|0 fnt|[from] item: Life Orb
|faint|p2a: Gholdengo
|move|p2b: Dragonite|Scale Shot|p1b: Dragonite
|-immune|p1b: Dragonite
|
|upkeep
|inactive|HumiOficial has 30 seconds left.
|
|t:|1756253563
|switch|p2a: Incineroar|Incineroar, L50, F, tera:Ghost|29/100
|-ability|p2a: Incineroar|Intimidate|boost
|-unboost|p1b: Dragonite|atk|1
|turn|6
|
|t:|1756253580
|move|p1b: Dragonite|Protect|p1b: Dragonite
|-singleturn|p1b: Dragonite|Protect
|move|p2a: Incineroar|Fake Out|p1b: Dragonite
|-activate|p1b: Dragonite|move: Protect
|move|p2b: Dragonite|Scale Shot|p1b: Dragonite
|-activate|p1b: Dragonite|move: Protect
|
|upkeep
|turn|7
|
|t:|1756253593
|move|p1b: Dragonite|Scale Shot|p2a: Incineroar
|-damage|p2a: Incineroar|21/100
|-damage|p2a: Incineroar|14/100
|-damage|p2a: Incineroar|6/100
|-damage|p2a: Incineroar|0 fnt
|faint|p2a: Incineroar
|-hitcount|p2: Incineroar|4
|-unboost|p1b: Dragonite|def|1
|-boost|p1b: Dragonite|spe|1
|move|p2b: Dragonite|Scale Shot|p1b: Dragonite
|-immune|p1b: Dragonite
|
|upkeep
|
|t:|1756253609
|switch|p2a: Annihilape|Annihilape, L50, F|100/100
|turn|8
|inactive|HumiOficial has 30 seconds left.
|
|t:|1756253634
|move|p1b: Dragonite|Protect|p1b: Dragonite
|-singleturn|p1b: Dragonite|Protect
|move|p2b: Dragonite|Protect|p2b: Dragonite
|-singleturn|p2b: Dragonite|Protect
|move|p2a: Annihilape|Final Gambit|p1b: Dragonite
|-activate|p1b: Dragonite|move: Protect
|
|upkeep
|turn|9
|
|t:|1756253649
|move|p2b: Dragonite|Extreme Speed|p1b: Dragonite
|-damage|p1b: Dragonite|60/100
|move|p1b: Dragonite|Scale Shot|p2a: Annihilape
|-damage|p2a: Annihilape|93/100
|-damage|p2a: Annihilape|86/100
|-damage|p2a: Annihilape|77/100
|-damage|p2a: Annihilape|70/100
|-damage|p2a: Annihilape|63/100
|-hitcount|p2a: Annihilape|5
|-unboost|p1b: Dragonite|def|1
|-boost|p1b: Dragonite|spe|1
|move|p2a: Annihilape|Final Gambit|p1b: Dragonite
|-damage|p1b: Dragonite|0 fnt
|faint|p2a: Annihilape
|faint|p1b: Dragonite
|
|win|HumiOficial
|inactive|buf01 NoSoyWekj has 30 seconds to confirm battle start!
|inactive|HumiOficial has 30 seconds to confirm battle start!
||buf01 NoSoyWekj is ready for game 3.
|inactive|HumiOficial has 20 seconds to confirm battle start!
||HumiOficial is ready for game 3.
|uhtml|next|Next: Game 3 of 3
