|j|☆defaulttesting
|j|☆Wesrui
|html|defaulttestingWesrui    
|uhtml|bestof|Game 1 of a best-of-3
|t:|1757044330
|gametype|doubles
|player|p1|defaulttesting|plasmagrunt-gen5bw|1153
|player|p2|Wesrui|silver|1118
|gen|9
|tier|[Gen 9] VGC 2025 Reg H (Bo3)
|rated|
|rule|Species Clause: Limit one of each Pokémon
|rule|Item Clause: Limit 1 of each item
|clearpoke
|poke|p1|Volcarona, L50, M|
|poke|p1|Raichu, L50, M|
|poke|p1|Gyarados, L50, F|
|poke|p1|Tyranitar, L50, M|
|poke|p1|Amoonguss, L50, F|
|poke|p1|Excadrill, L50, M|
|poke|p2|Sneasler, L50, F|
|poke|p2|Dragonite, L50, F|
|poke|p2|Rillaboom, L50, M|
|poke|p2|Basculegion, L50, M|
|poke|p2|Volcarona, L50, M|
|poke|p2|Kingambit, L50, M|
|teampreview|4
|showteam|p1|Volcarona||WideLens|FlameBody|QuiverDance,GigaDrain,HeatWave,Protect|||M|||50|,,,,,Grass]Raichu||AssaultVest|LightningRod|VoltSwitch,Endeavor,FakeOut,Nuzzle|||M|||50|,,,,,Ghost]Gyarados||SafetyGoggles|Intimidate|ThunderWave,Waterfall,Taunt,Protect|||F|||50|,,,,,Ghost]Tyranitar||ClearAmulet|SandStream|RockSlide,TeraBlast,KnockOff,Protect|||M|||50|,,,,,Flying]Amoonguss||SitrusBerry|Regenerator|RagePowder,PollenPuff,Spore,Protect|||F|||50|,,,,,Fire]Excadrill||LifeOrb|SandRush|HighHorsepower,Earthquake,IronHead,Protect|||M|||50|,,,,,Ground
|showteam|p2|Sneasler||FocusSash|Unburden|CloseCombat,DireClaw,Coaching,Protect|||F|||50|,,,,,Ghost]Dragonite||LoadedDice|Multiscale|ScaleShot,ExtremeSpeed,Haze,Protect|||F|||50|,,,,,Fairy]Rillaboom||MiracleSeed|GrassySurge|WoodHammer,GrassyGlide,Taunt,FakeOut|||M|||50|,,,,,Fire]Basculegion||ChoiceScarf|Adaptability|WaveCrash,FlipTurn,LastRespects,TeraBlast|||M|||50|,,,,,Fairy]Volcarona||CovertCloak|FlameBody|HeatWave,TeraBlast,QuiverDance,Protect|||M|||50|,,,,,Fairy]Kingambit||AssaultVest|Defiant|KowtowCleave,SuckerPunch,IronHead,LowKick|||M|||50|,,,,,Ghost
|inactive|Battle timer is ON: inactive players will automatically lose when time's up. (requested by Wesrui)
|inactive|defaulttesting also wants the timer to be on.
|inactive|defaulttesting has 60 seconds left.
|inactive|Wesrui has 60 seconds left.
|inactive|Wesrui has 30 seconds left.
|inactive|Wesrui has 20 seconds left.
|inactive|Wesrui has 15 seconds left.
|inactive|Wesrui has 10 seconds left.
|inactive|Wesrui has 5 seconds left.
|
|t:|1757044418
|teamsize|p1|4
|teamsize|p2|4
|start
|switch|p1a: Tyranitar|Tyranitar, L50, M|100/100
|switch|p1b: Excadrill|Excadrill, L50, M|100/100
|switch|p2a: Volcarona|Volcarona, L50, M|100/100
|switch|p2b: Rillaboom|Rillaboom, L50, M|100/100
|-fieldstart|move: Grassy Terrain|[from] ability: Grassy Surge|[of] p2b: Rillaboom
|-weather|Sandstorm|[from] ability: Sand Stream|[of] p1a: Tyranitar
|turn|1
|inactive|defaulttesting has 30 seconds left.
|inactive|Wesrui has 30 seconds left.
|inactive|defaulttesting has 20 seconds left.
|inactive|Wesrui has 20 seconds left.
|
|t:|1757044457
|switch|p1b: Raichu|Raichu, L50, M|100/100
|-terastallize|p2a: Volcarona|Fairy
|-terastallize|p1a: Tyranitar|Flying
|move|p2b: Rillaboom|Fake Out|p1b: Raichu
|-damage|p1b: Raichu|82/100
|move|p2a: Volcarona|Quiver Dance|p2a: Volcarona
|-boost|p2a: Volcarona|spa|1
|-boost|p2a: Volcarona|spd|1
|-boost|p2a: Volcarona|spe|1
|move|p1a: Tyranitar|Rock Slide|p2a: Volcarona|[spread] p2a,p2b
|-damage|p2a: Volcarona|63/100
|-damage|p2b: Rillaboom|70/100
|
|-weather|Sandstorm|[upkeep]
|-damage|p2a: Volcarona|57/100|[from] Sandstorm
|-damage|p1b: Raichu|76/100|[from] Sandstorm
|-damage|p2b: Rillaboom|64/100|[from] Sandstorm
|-damage|p1a: Tyranitar|94/100|[from] Sandstorm
|-heal|p2a: Volcarona|63/100|[from] Grassy Terrain
|-heal|p1b: Raichu|82/100|[from] Grassy Terrain
|-heal|p2b: Rillaboom|70/100|[from] Grassy Terrain
|upkeep
|turn|2
|inactive|defaulttesting has 30 seconds left.
|inactive|Wesrui has 30 seconds left.
|
|t:|1757044493
|switch|p1a: Excadrill|Excadrill, L50, M|100/100
|move|p1b: Raichu|Fake Out|p2b: Rillaboom
|-damage|p2b: Rillaboom|63/100
|move|p2a: Volcarona|Tera Blast|p1a: Excadrill|[anim] Tera Blast Fairy
|-resisted|p1a: Excadrill
|-damage|p1a: Excadrill|60/100
|cant|p2b: Rillaboom|flinch
|
|-weather|Sandstorm|[upkeep]
|-damage|p2a: Volcarona|57/100|[from] Sandstorm
|-damage|p1b: Raichu|76/100|[from] Sandstorm
|-damage|p2b: Rillaboom|57/100|[from] Sandstorm
|-heal|p1a: Excadrill|66/100|[from] Grassy Terrain
|-heal|p2a: Volcarona|63/100|[from] Grassy Terrain
|-heal|p1b: Raichu|82/100|[from] Grassy Terrain
|-heal|p2b: Rillaboom|63/100|[from] Grassy Terrain
|upkeep
|turn|3
|inactive|defaulttesting has 30 seconds left.
|inactive|Wesrui has 30 seconds left.
|inactive|Wesrui has 20 seconds left.
|
|t:|1757044531
|move|p1a: Excadrill|Protect|p1a: Excadrill
|-singleturn|p1a: Excadrill|Protect
|move|p2b: Rillaboom|Grassy Glide|p1a: Excadrill
|-activate|p1a: Excadrill|move: Protect
|move|p2a: Volcarona|Heat Wave|p1a: Excadrill|[spread] p1b
|-activate|p1a: Excadrill|move: Protect
|-damage|p1b: Raichu|39/100
|move|p1b: Raichu|Volt Switch|p2b: Rillaboom
|-resisted|p2b: Rillaboom
|-damage|p2b: Rillaboom|50/100
|
|t:|1757044547
|switch|p1b: Tyranitar|Tyranitar, L50, M, tera:Flying|94/100|[from] Volt Switch
|
|-weather|Sandstorm|[upkeep]
|-damage|p2a: Volcarona|57/100|[from] Sandstorm
|-damage|p2b: Rillaboom|44/100|[from] Sandstorm
|-damage|p1b: Tyranitar|88/100|[from] Sandstorm
|-heal|p1a: Excadrill|72/100|[from] Grassy Terrain
|-heal|p2a: Volcarona|63/100|[from] Grassy Terrain
|-heal|p2b: Rillaboom|50/100|[from] Grassy Terrain
|upkeep
|turn|4
|
|t:|1757044568
|switch|p1a: Raichu|Raichu, L50, M|39/100
|switch|p2b: Dragonite|Dragonite, L50, F|100/100
|move|p2a: Volcarona|Protect|p2a: Volcarona
|-singleturn|p2a: Volcarona|Protect
|move|p1b: Tyranitar|Tera Blast|p2b: Dragonite|[anim] Tera Blast Flying
|-damage|p2b: Dragonite|75/100
|
|-weather|Sandstorm|[upkeep]
|-damage|p2a: Volcarona|57/100|[from] Sandstorm
|-damage|p1a: Raichu|33/100|[from] Sandstorm
|-damage|p2b: Dragonite|69/100|[from] Sandstorm
|-damage|p1b: Tyranitar|82/100|[from] Sandstorm
|-heal|p2a: Volcarona|63/100|[from] Grassy Terrain
|-heal|p1a: Raichu|39/100|[from] Grassy Terrain
|upkeep
|turn|5
|inactive|Wesrui has 30 seconds left.
|
|t:|1757044594
|move|p1a: Raichu|Fake Out|p2b: Dragonite
|-damage|p2b: Dragonite|60/100
|move|p2a: Volcarona|Heat Wave|p1b: Tyranitar|[spread] p1b
|-miss|p2a: Volcarona|p1a: Raichu
|-damage|p1b: Tyranitar|29/100
|cant|p2b: Dragonite|flinch
|move|p1b: Tyranitar|Knock Off|p2a: Volcarona
|-resisted|p2a: Volcarona
|-damage|p2a: Volcarona|29/100
|-enditem|p2a: Volcarona|Covert Cloak|[from] move: Knock Off|[of] p1b: Tyranitar
|
|-weather|none
|-heal|p2a: Volcarona|35/100|[from] Grassy Terrain
|-heal|p1a: Raichu|45/100|[from] Grassy Terrain
|-fieldend|move: Grassy Terrain
|upkeep
|turn|6
|inactive|defaulttesting has 30 seconds left.
|
|t:|1757044623
|switch|p1b: Amoonguss|Amoonguss, L50, F|100/100
|move|p2a: Volcarona|Heat Wave|p1a: Raichu|[spread] p1a,p1b
|-supereffective|p1b: Amoonguss
|-damage|p1a: Raichu|4/100
|-damage|p1b: Amoonguss|14/100
|-status|p1a: Raichu|brn
|-enditem|p1b: Amoonguss|Sitrus Berry|[eat]
|-heal|p1b: Amoonguss|39/100|[from] item: Sitrus Berry
|move|p1a: Raichu|Nuzzle|p2a: Volcarona
|-damage|p2a: Volcarona|32/100
|-status|p2a: Volcarona|par
|move|p2b: Dragonite|Scale Shot|p1a: Raichu
|-damage|p1a: Raichu|0 fnt
|faint|p1a: Raichu
|-hitcount|p1: Raichu|1
|-unboost|p2b: Dragonite|def|1
|-boost|p2b: Dragonite|spe|1
|
|upkeep
|
|t:|1757044641
|switch|p1a: Tyranitar|Tyranitar, L50, M, tera:Flying|29/100
|-weather|Sandstorm|[from] ability: Sand Stream|[of] p1a: Tyranitar
|turn|7
|
|t:|1757044658
|move|p1b: Amoonguss|Rage Powder|p1b: Amoonguss
|-singleturn|p1b: Amoonguss|move: Rage Powder
|move|p2b: Dragonite|Scale Shot|p1b: Amoonguss
|-damage|p1b: Amoonguss|26/100
|-damage|p1b: Amoonguss|15/100
|-damage|p1b: Amoonguss|4/100
|-damage|p1b: Amoonguss|0 fnt
|faint|p1b: Amoonguss
|-hitcount|p1: Amoonguss|4
|-unboost|p2b: Dragonite|def|1
|-boost|p2b: Dragonite|spe|1
|move|p2a: Volcarona|Heat Wave|p1a: Tyranitar
|-damage|p1a: Tyranitar|0 fnt
|faint|p1a: Tyranitar
|
|-weather|Sandstorm|[upkeep]
|-damage|p2b: Dragonite|54/100|[from] Sandstorm
|-damage|p2a: Volcarona|25/100 par|[from] Sandstorm
|upkeep
|
|t:|1757044673
|switch|p1b: Excadrill|Excadrill, L50, M|72/100
|turn|8
|
|t:|1757044684
|move|p1b: Excadrill|Iron Head|p2b: Dragonite
|-damage|p2b: Dragonite|0 fnt
|faint|p2b: Dragonite
|-damage|p1b: Excadrill|63/100|[from] item: Life Orb
|move|p2a: Volcarona|Heat Wave|p1b: Excadrill
|-supereffective|p1b: Excadrill
|-damage|p1b: Excadrill|0 fnt
|faint|p1b: Excadrill
|
|win|Wesrui
||defaulttesting is ready for game 2.
|inactive|Wesrui has 30 seconds to confirm battle start!
