|j|☆KrystalKiwii
|j|☆eevee1ynn
|html|KrystalKiwiieevee1ynn    
|uhtml|bestof|Game 2 of a best-of-3
|t:|1785953204
|gametype|doubles
|player|p1|KrystalKiwii|acetrainerf-gen4dp|
|player|p2|eevee1ynn|irida-masters2|
|gen|9
|tier|[Gen 9 Champions] VGC 2026 Reg M-B (Bo3)
|rule|Species Clause: Limit one of each Pokémon
|rule|Item Clause: Limit 1 of each item
|clearpoke
|poke|p1|Tinkaton, L50, F|
|poke|p1|Gholdengo, L50|
|poke|p1|Pelipper, L50, M|
|poke|p1|Swampert, L50, M|
|poke|p1|Garchomp, L50, F|
|poke|p1|Metagross, L50|
|poke|p2|Raichu, L50, F|
|poke|p2|Talonflame, L50, F|
|poke|p2|Maushold, L50|
|poke|p2|Kommo-o, L50, M|
|poke|p2|Tsareena, L50, F|
|poke|p2|Delphox, L50, M|
|teampreview|4
|showteam|p1|Tinkaton||OccaBerry|MoldBreaker|GigatonHammer,PlayRough,HelpingHand,FakeOut|Jolly||F|||50|]Gholdengo||MetalCoat|GoodasGold|ShadowBall,MakeItRain,NastyPlot,Protect|Modest|||||50|]Pelipper||SitrusBerry|Drizzle|WeatherBall,Hurricane,Tailwind,WideGuard|Bold||M|||50|]Swampert||Swampertite|Torrent|WaveCrash,Earthquake,FlipTurn,Protect|Adamant||M|||50|]Garchomp||LifeOrb|RoughSkin|DragonClaw,StompingTantrum,RockSlide,Protect|Jolly||F|||50|]Metagross||Metagrossite|ClearBody|PsychicFangs,IronHead,RockSlide,Protect|Jolly|||||50|
|showteam|p2|Raichu||RaichuniteY|LightningRod|Protect,ZapCannon,FocusBlast,FakeOut|Timid||F|||50|]Talonflame||SharpBeak|GaleWings|QuickGuard,DualWingbeat,Feint,Tailwind|Jolly||F|||50|]Maushold||FocusSash|FriendGuard|Protect,SuperFang,Encore,FollowMe|Timid|||||50|]Kommo-o||LifeOrb|Overcoat|Protect,AuraSphere,ClangingScales,VacuumWave|Modest||M|||50|]Tsareena||WideLens|QueenlyMajesty|Protect,PowerWhip,TripleAxel,Taunt|Adamant||F|||50|]Delphox||Delphoxite|Blaze|Protect,HeatWave,Psychic,Substitute|Timid||M|||50|
|inactive|Battle timer is ON: inactive players will automatically lose when time's up. (requested by KrystalKiwii)
|inactive|eevee1ynn has 60 seconds left.
|
|t:|1785953242
|teamsize|p1|4
|teamsize|p2|4
|start
|switch|p1a: Garchomp|Garchomp, L50, F|100/100
|switch|p1b: Tinkaton|Tinkaton, L50, F|100/100
|switch|p2a: Maushold|Maushold, L50|100/100
|switch|p2b: Kommo-o|Kommo-o, L50, M|100/100
|-ability|p1b: Tinkaton|Mold Breaker
|turn|1
|
|t:|1785953263
|switch|p1b: Pelipper|Pelipper, L50, M|100/100
|-weather|RainDance|[from] ability: Drizzle|[of] p1b: Pelipper
|move|p2a: Maushold|Protect|p2a: Maushold
|-singleturn|p2a: Maushold|Protect
|move|p2b: Kommo-o|Protect|p2b: Kommo-o
|-singleturn|p2b: Kommo-o|Protect
|move|p1a: Garchomp|Rock Slide|p2a: Maushold|[spread] 
|-activate|p2a: Maushold|move: Protect
|-activate|p2b: Kommo-o|move: Protect
|
|-weather|RainDance|[upkeep]
|upkeep
|turn|2
|
|t:|1785953279
|move|p1b: Pelipper|Wide Guard|p1b: Pelipper
|-singleturn|p1b: Pelipper|Wide Guard
|move|p2a: Maushold|Encore|p1a: Garchomp
|-start|p1a: Garchomp|Encore
|move|p1a: Garchomp|Rock Slide|p2a: Maushold|[spread] p2a,p2b
|-resisted|p2b: Kommo-o|1
|-crit|p2b: Kommo-o
|-damage|p2a: Maushold|68/100
|-damage|p2b: Kommo-o|86/100
|-damage|p1a: Garchomp|90/100|[from] item: Life Orb
|move|p2b: Kommo-o|Clanging Scales|p1a: Garchomp|[spread] 
|-activate|p1a: Garchomp|move: Wide Guard
|-activate|p1b: Pelipper|move: Wide Guard
|
|-weather|RainDance|[upkeep]
|upkeep
|turn|3
|
|t:|1785953292
|switch|p1b: Swampert|Swampert, L50, M|100/100
|move|p2a: Maushold|Super Fang|p1b: Swampert
|-damage|p1b: Swampert|50/100g
|move|p1a: Garchomp|Rock Slide|p2a: Maushold|[spread] p2a,p2b
|-resisted|p2b: Kommo-o|1
|-damage|p2a: Maushold|34/100
|-damage|p2b: Kommo-o|77/100
|-damage|p1a: Garchomp|80/100|[from] item: Life Orb
|move|p2b: Kommo-o|Clanging Scales|p1a: Garchomp|[spread] p1a,p1b
|-supereffective|p1a: Garchomp|1
|-damage|p1a: Garchomp|0 fnt
|-damage|p1b: Swampert|0 fnt
|faint|p1a: Garchomp
|faint|p1b: Swampert
|-unboost|p2b: Kommo-o|def|1
|-damage|p2b: Kommo-o|67/100|[from] item: Life Orb
|
|-weather|RainDance|[upkeep]
|upkeep
|
|t:|1785953296
|switch|p1a: Pelipper|Pelipper, L50, M|100/100
|switch|p1b: Tinkaton|Tinkaton, L50, F|100/100
|-ability|p1b: Tinkaton|Mold Breaker
|turn|4
|
|t:|1785953311
|move|p2a: Maushold|Protect|p2a: Maushold
|-singleturn|p2a: Maushold|Protect
|move|p2b: Kommo-o|Protect|p2b: Kommo-o
|-singleturn|p2b: Kommo-o|Protect
|move|p1b: Tinkaton|Fake Out|p2a: Maushold
|-activate|p2a: Maushold|move: Protect
|move|p1a: Pelipper|Tailwind|p1a: Pelipper
|-sidestart|p1: KrystalKiwii|move: Tailwind
|
|-weather|RainDance|[upkeep]
|upkeep
|turn|5
|
|t:|1785953328
|move|p2b: Kommo-o|Vacuum Wave|p1b: Tinkaton
|-damage|p1b: Tinkaton|76/100
|-damage|p2b: Kommo-o|57/100|[from] item: Life Orb
|move|p1b: Tinkaton|Play Rough|p2a: Maushold
|-damage|p2a: Maushold|0 fnt
|faint|p2a: Maushold
|move|p1a: Pelipper|Hurricane|p2b: Kommo-o
|-supereffective|p2b: Kommo-o|1
|-damage|p2b: Kommo-o|0 fnt
|faint|p2b: Kommo-o
|
|-weather|none
|upkeep
|
|t:|1785953331
|switch|p2a: Delphox|Delphox, L50, M|100/100
|switch|p2b: Tsareena|Tsareena, L50, F|100/100
|turn|6
|
|t:|1785953346
|detailschange|p2a: Delphox|Delphox-Mega, L50, M
|-mega|p2a: Delphox|Delphox|Delphoxite
|move|p1b: Tinkaton|Play Rough|p2b: Tsareena
|-damage|p2b: Tsareena|70/100
|move|p2a: Delphox|Heat Wave|p1a: Pelipper|[spread] p1a,p1b
|-resisted|p1a: Pelipper|1
|-supereffective|p1b: Tinkaton|1
|-enditem|p1b: Tinkaton|Occa Berry|[eat]
|-enditem|p1b: Tinkaton|Occa Berry|[weaken]
|-damage|p1a: Pelipper|70/100
|-damage|p1b: Tinkaton|41/100
|move|p1a: Pelipper|Hurricane|p2b: Tsareena|[miss]
|-miss|p1a: Pelipper|p2b: Tsareena
|move|p2b: Tsareena|Taunt|p1a: Pelipper
|-start|p1a: Pelipper|move: Taunt
|
|upkeep
|turn|7
|
|t:|1785953357
|move|p1b: Tinkaton|Gigaton Hammer|p2a: Delphox
|-resisted|p2a: Delphox|1
|-damage|p2a: Delphox|60/100
|move|p2a: Delphox|Heat Wave|p1a: Pelipper|[spread] p1a,p1b
|-resisted|p1a: Pelipper|1
|-supereffective|p1b: Tinkaton|1
|-damage|p1a: Pelipper|40/100
|-damage|p1b: Tinkaton|0 fnt
|-enditem|p1a: Pelipper|Sitrus Berry|[eat]
|-heal|p1a: Pelipper|65/100|[from] item: Sitrus Berry
|faint|p1b: Tinkaton
|move|p1a: Pelipper|Hurricane|p2b: Tsareena
|-supereffective|p2b: Tsareena|1
|-damage|p2b: Tsareena|0 fnt
|faint|p2b: Tsareena
|
|-sideend|p1: KrystalKiwii|move: Tailwind
|upkeep
|turn|8
|
|t:|1785953364
|move|p2a: Delphox|Psychic|p1a: Pelipper
|-damage|p1a: Pelipper|0 fnt
|faint|p1a: Pelipper
|
|win|eevee1ynn
