|j|☆yesertrerte
|j|☆lettitripppp
|html|yesertrertelettitripppp    
|uhtml|bestof|Game 1 of a best-of-3
|t:|1783802347
|gametype|doubles
|player|p1|yesertrerte|266|1154
|player|p2|lettitripppp|lucas|1269
|gen|9
|tier|[Gen 9 Champions] VGC 2026 Reg M-B (Bo3)
|rated|
|rule|Species Clause: Limit one of each Pokémon
|rule|Item Clause: Limit 1 of each item
|clearpoke
|poke|p1|Aerodactyl, L50, F|
|poke|p1|Garchomp, L50, F, shiny|
|poke|p1|Kingambit, L50, M|
|poke|p1|Charizard, L50, M, shiny|
|poke|p1|Sylveon, L50, F, shiny|
|poke|p1|Farigiraf, L50, F|
|poke|p2|Charizard, L50, F|
|poke|p2|Basculegion, L50, M|
|poke|p2|Whimsicott, L50, F, shiny|
|poke|p2|Garchomp, L50, M, shiny|
|poke|p2|Floette-Eternal, L50, F|
|poke|p2|Kingambit, L50, M, shiny|
|teampreview|4
|showteam|p1|Aerodactyl||Aerodactylite|Unnerve|IceFang,RockSlide,Tailwind,DualWingbeat|Jolly||F|||50|]Garchomp||LifeOrb|RoughSkin|DragonClaw,Earthquake,RockSlide,Protect|Jolly||F|||50|]Kingambit||FocusSash|Defiant|KowtowCleave,IronHead,SuckerPunch,LowKick|Adamant||M|||50|]Charizard||CharizarditeY|Blaze|HeatWave,SolarBeam,WeatherBall,Protect|Modest||M|||50|]Sylveon||FairyFeather|Pixilate|Protect,HyperVoice,HyperBeam,QuickAttack|Modest||F|||50|]Farigiraf||SitrusBerry|ArmorTail|TrickRoom,Thunderbolt,Psychic,HelpingHand|Bold||F|||50|
|showteam|p2|Charizard||CharizarditeY|Blaze|WeatherBall,SolarBeam,HeatWave,Protect|Modest||F|||50|]Basculegion||MysticWater|Adaptability|LastRespects,WaveCrash,AquaJet,Protect|Adamant||M|||50|]Whimsicott||FocusSash|Prankster|Moonblast,Tailwind,Encore,Protect|Timid||F|||50|]Garchomp||LifeOrb|RoughSkin|DragonClaw,Earthquake,RockSlide,Protect|Jolly||M|||50|]Floette-Eternal||Floettite|FlowerVeil|DazzlingGleam,LightofRuin,Moonblast,Protect|Modest||F|||50|]Kingambit||ChopleBerry|Defiant|KowtowCleave,SuckerPunch,IronHead,LowKick|Adamant||M|||50|
|inactive|Battle timer is ON: inactive players will automatically lose when time's up. (requested by yesertrerte)
|inactive|lettitripppp also wants the timer to be on.
|
|t:|1783802374
|teamsize|p1|4
|teamsize|p2|4
|start
|switch|p1a: Aerodactyl|Aerodactyl, L50, F|100/100
|switch|p1b: Kingambit|Kingambit, L50, M|100/100
|switch|p2a: RUINOUS LIGHT|Floette-Eternal, L50, F|100/100
|switch|p2b: LETS GO GO|Whimsicott, L50, F, shiny|100/100
|-ability|p1a: Aerodactyl|Unnerve
|turn|1
|
|t:|1783802393
|detailschange|p1a: Aerodactyl|Aerodactyl-Mega, L50, F
|-mega|p1a: Aerodactyl|Aerodactyl|Aerodactylite
|move|p2a: RUINOUS LIGHT|Protect|p2a: RUINOUS LIGHT
|-singleturn|p2a: RUINOUS LIGHT|Protect
|move|p2b: LETS GO GO|Tailwind|p2b: LETS GO GO
|-sidestart|p2: lettitripppp|move: Tailwind
|move|p1a: Aerodactyl|Dual Wingbeat|p2b: LETS GO GO
|-supereffective|p2b: LETS GO GO|1
|-damage|p2b: LETS GO GO|31/100
|-supereffective|p2b: LETS GO GO|1
|-crit|p2b: LETS GO GO
|-damage|p2b: LETS GO GO|0 fnt
|faint|p2b: LETS GO GO
|-hitcount|p2: LETS GO GO|2
|move|p1b: Kingambit|Iron Head|p2a: RUINOUS LIGHT
|-activate|p2a: RUINOUS LIGHT|move: Protect
|
|upkeep
|
|t:|1783802411
|switch|p2b: GHOSTWAVE|Basculegion, L50, M|100/100
|turn|2
|
|t:|1783802423
|switch|p1a: Farigiraf|Farigiraf, L50, F|100/100
|detailschange|p2a: RUINOUS LIGHT|Floette-Mega, L50, F
|-mega|p2a: RUINOUS LIGHT|Floette|Floettite
|-ability|p2a: RUINOUS LIGHT|Fairy Aura
|move|p2a: RUINOUS LIGHT|Moonblast|p1b: Kingambit
|-damage|p1b: Kingambit|12/100
|move|p2b: GHOSTWAVE|Wave Crash|p1a: Farigiraf
|-damage|p1a: Farigiraf|32/100
|-enditem|p1a: Farigiraf|Sitrus Berry|[eat]
|-heal|p1a: Farigiraf|56/100|[from] item: Sitrus Berry
|-damage|p2b: GHOSTWAVE|74/100|[from] Recoil
|move|p1b: Kingambit|Kowtow Cleave|p2b: GHOSTWAVE
|-supereffective|p2b: GHOSTWAVE|1
|-damage|p2b: GHOSTWAVE|0 fnt
|faint|p2b: GHOSTWAVE
|
|upkeep
|
|t:|1783802437
|switch|p2b: CRUSH SHARK|Garchomp, L50, M, shiny|100/100
|turn|3
|
|t:|1783802448
|move|p2b: CRUSH SHARK|Dragon Claw|p1a: Farigiraf
|-damage|p1a: Farigiraf|22/100
|-damage|p2b: CRUSH SHARK|90/100|[from] item: Life Orb
|move|p2a: RUINOUS LIGHT|Dazzling Gleam|p1a: Farigiraf|[spread] p1a,p1b
|-damage|p1a: Farigiraf|0 fnt
|-damage|p1b: Kingambit|0 fnt
|faint|p1a: Farigiraf
|faint|p1b: Kingambit
|
|upkeep
|inactive|yesertrerte has 30 seconds left.
|inactive|yesertrerte has 20 seconds left.
|inactive|yesertrerte has 15 seconds left.
|inactive|yesertrerte has 10 seconds left.
|inactive|yesertrerte has 5 seconds left.
|
|t:|1783802499
|switch|p1b: Aerodactyl|Aerodactyl-Mega, L50, F|100/100
|switch|p1a: Sylveon|Sylveon, L50, F, shiny|100/100
|turn|4
|
|t:|1783802521
|move|p2b: CRUSH SHARK|Dragon Claw|p1b: Aerodactyl
|-damage|p1b: Aerodactyl|28/100
|-damage|p2b: CRUSH SHARK|80/100|[from] item: Life Orb
|move|p2a: RUINOUS LIGHT|Moonblast|p1b: Aerodactyl
|-damage|p1b: Aerodactyl|0 fnt
|faint|p1b: Aerodactyl
|move|p1a: Sylveon|Hyper Voice|p2b: CRUSH SHARK|[spread] p2a,p2b
|-supereffective|p2b: CRUSH SHARK|1
|-damage|p2a: RUINOUS LIGHT|46/100
|-damage|p2b: CRUSH SHARK|0 fnt
|faint|p2b: CRUSH SHARK
|
|-sideend|p2: lettitripppp|move: Tailwind
|upkeep
|turn|5
|
|t:|1783802538
|move|p2a: RUINOUS LIGHT|Protect|p2a: RUINOUS LIGHT
|-singleturn|p2a: RUINOUS LIGHT|Protect
|move|p1a: Sylveon|Hyper Voice|p2a: RUINOUS LIGHT
|-activate|p2a: RUINOUS LIGHT|move: Protect
|
|upkeep
|turn|6
|
|t:|1783802543
|move|p2a: RUINOUS LIGHT|Light of Ruin|p1a: Sylveon
|-damage|p1a: Sylveon|19/100
|-damage|p2a: RUINOUS LIGHT|0 fnt|[from] Recoil
|faint|p2a: RUINOUS LIGHT
|
|win|yesertrerte
||yesertrerte is ready for game 2.
