|j|☆ToastedArt
|j|☆MudkipBestp0kem0n
|html|ToastedArtMudkipBestp0kem0n    
|uhtml|bestof|Game 2 of a best-of-3
|t:|1785266880
|gametype|doubles
|player|p1|ToastedArt|iris|1128
|player|p2|MudkipBestp0kem0n|2|1127
|gen|9
|tier|[Gen 9 Champions] VGC 2026 Reg M-B (Bo3)
|rated|
|rule|Species Clause: Limit one of each Pokémon
|rule|Item Clause: Limit 1 of each item
|clearpoke
|poke|p1|Dragonite, L50, F|
|poke|p1|Gholdengo, L50|
|poke|p1|Maushold, L50|
|poke|p1|Annihilape, L50, M|
|poke|p1|Froslass, L50, F|
|poke|p1|Arcanine-Hisui, L50, F|
|poke|p2|Raichu, L50, F|
|poke|p2|Manectric, L50, F, shiny|
|poke|p2|Orthworm, L50, F|
|poke|p2|Kingambit, L50, F, shiny|
|poke|p2|Sinistcha-Masterpiece, L50|
|poke|p2|Weavile, L50, F|
|teampreview|4
|showteam|p1|Dragonite||Dragoninite|Multiscale|DracoMeteor,HeatWave,Tailwind,Haze|Timid||F|||50|]Gholdengo||LifeOrb|GoodasGold|MakeItRain,ShadowBall,NastyPlot,Protect|Timid|||||50|]Maushold||FocusSash|FriendGuard|SuperFang,BeatUp,FollowMe,Protect|Jolly|||||50|]Annihilape||SitrusBerry|Defiant|RageFist,DrainPunch,BulkUp,Protect|Jolly||M|||50|]Froslass||Froslassite|SnowCloak|Blizzard,AuroraVeil,Haze,Protect|Modest||F|||50|]Arcanine-Hisui||ChoiceScarf|RockHead|HeadSmash,FlareBlitz,RockSlide,PsychicFangs|Jolly||F|||50|
|showteam|p2|Raichu||RaichuniteX|LightningRod|FakeOut,Protect,Encore,Discharge|Hasty||F|||50|]Manectric||FocusSash|LightningRod|RisingVoltage,VoltSwitch,Protect,Overheat|Timid||F|||50|]Orthworm||Leftovers|EarthEater|IronDefense,BodyPress,Protect,ShedTail|Calm||F|||50|]Kingambit||ChopleBerry|Defiant|KowtowCleave,IronHead,SuckerPunch,Taunt|Brave||F|||50|]Sinistcha-Masterpiece||SitrusBerry|Hospitality|MatchaGotcha,Protect,RagePowder,LifeDew|Bold|||||50|]Weavile||BlackGlasses|Pickpocket|FakeOut,PsychoCut,TripleAxel,BrickBreak|Jolly||F|||50|
|inactive|Battle timer is ON: inactive players will automatically lose when time's up. (requested by ToastedArt)
|
|t:|1785266907
|teamsize|p1|4
|teamsize|p2|4
|start
|switch|p1a: Froslass|Froslass, L50, F|100/100
|switch|p1b: Annihilape|Annihilape, L50, M|100/100
|switch|p2a: Raichu|Raichu, L50, F|100/100
|switch|p2b: Manectric|Manectric, L50, F, shiny|100/100
|turn|1
|
|t:|1785266918
|detailschange|p1a: Froslass|Froslass-Mega, L50, F
|-mega|p1a: Froslass|Froslass|Froslassite
|-weather|Snowscape|[from] ability: Snow Warning|[of] p1a: Froslass
|move|p2a: Raichu|Discharge|p1a: Froslass|[spread] p1a,p1b
|-ability|p2b: Manectric|Lightning Rod|boost
|-boost|p2b: Manectric|spa|1
|-crit|p1b: Annihilape
|-damage|p1a: Froslass|78/100
|-damage|p1b: Annihilape|73/100
|-status|p1b: Annihilape|par
|move|p2b: Manectric|Rising Voltage|p2a: Raichu
|-activate|p2a: Raichu|ability: Lightning Rod
|-ability|p2a: Raichu|Lightning Rod|boost
|-boost|p2a: Raichu|spa|1
|move|p1a: Froslass|Aurora Veil|p1a: Froslass
|-sidestart|p1: ToastedArt|move: Aurora Veil
|move|p1b: Annihilape|Bulk Up|p1b: Annihilape
|-boost|p1b: Annihilape|atk|1
|-boost|p1b: Annihilape|def|1
|
|-weather|Snowscape|[upkeep]
|upkeep
|turn|2
|c|☆MudkipBestp0kem0n|I forgot to mega evolve
|
|t:|1785266942
|detailschange|p2a: Raichu|Raichu-Mega-X, L50, F
|-mega|p2a: Raichu|Raichu|Raichunite X
|-fieldstart|move: Electric Terrain|[from] ability: Electric Surge|[of] p2a: Raichu
|move|p1a: Froslass|Protect|p1a: Froslass
|-singleturn|p1a: Froslass|Protect
|move|p2a: Raichu|Discharge|p1b: Annihilape|[spread] p1b
|-activate|p1a: Froslass|move: Protect
|-ability|p2b: Manectric|Lightning Rod|boost
|-boost|p2b: Manectric|spa|1
|-damage|p1b: Annihilape|50/100g par
|move|p2b: Manectric|Rising Voltage|p1b: Annihilape
|-hint|Rising Voltage's BP doubled on grounded target.
|-damage|p1b: Annihilape|0 fnt
|faint|p1b: Annihilape
|
|-weather|Snowscape|[upkeep]
|upkeep
|
|t:|1785266960
|switch|p1b: Arcanine|Arcanine-Hisui, L50, F|100/100
|turn|3
|
|t:|1785266974
|move|p2a: Raichu|Protect|p2a: Raichu
|-singleturn|p2a: Raichu|Protect
|move|p2b: Manectric|Protect|p2b: Manectric
|-singleturn|p2b: Manectric|Protect
|move|p1b: Arcanine|Rock Slide|p2a: Raichu|[spread] 
|-activate|p2a: Raichu|move: Protect
|-activate|p2b: Manectric|move: Protect
|move|p1a: Froslass|Haze|p1a: Froslass
|-clearallboost
|
|-weather|Snowscape|[upkeep]
|upkeep
|turn|4
|
|t:|1785266986
|move|p1b: Arcanine|Rock Slide|p2a: Raichu|[spread] p2a,p2b
|-damage|p2a: Raichu|68/100
|-damage|p2b: Manectric|53/100
|move|p2a: Raichu|Discharge|p1a: Froslass|[spread] p1a,p1b
|-ability|p2b: Manectric|Lightning Rod|boost
|-boost|p2b: Manectric|spa|1
|-damage|p1a: Froslass|61/100
|-damage|p1b: Arcanine|79/100
|move|p2b: Manectric|Rising Voltage|p1b: Arcanine
|-hint|Rising Voltage's BP doubled on grounded target.
|-damage|p1b: Arcanine|0 fnt
|faint|p1b: Arcanine
|move|p1a: Froslass|Blizzard|p2a: Raichu|[spread] p2a,p2b
|-crit|p2b: Manectric
|-damage|p2a: Raichu|12/100
|-damage|p2b: Manectric|0 fnt
|faint|p2b: Manectric
|
|-weather|Snowscape|[upkeep]
|upkeep
|
|t:|1785266999
|switch|p2b: Kingambit|Kingambit, L50, F, shiny|100/100
|switch|p1b: Maushold|Maushold, L50|100/100
|turn|5
|
|t:|1785267022
|move|p2a: Raichu|Protect|p2a: Raichu
|-singleturn|p2a: Raichu|Protect
|move|p1a: Froslass|Protect|p1a: Froslass
|-singleturn|p1a: Froslass|Protect
|move|p1b: Maushold|Super Fang|p2b: Kingambit|[miss]
|-miss|p1b: Maushold|p2b: Kingambit
|move|p2b: Kingambit|Iron Head|p1a: Froslass
|-activate|p1a: Froslass|move: Protect
|
|-weather|none
|-sideend|p1: ToastedArt|move: Aurora Veil
|upkeep
|turn|6
|
|t:|1785267042
|move|p1b: Maushold|Super Fang|p2b: Kingambit
|-damage|p2b: Kingambit|50/100g
|move|p2a: Raichu|Encore|p1a: Froslass
|-start|p1a: Froslass|Encore
|move|p1a: Froslass|Protect||[still]
|-fail|p1a: Froslass
|move|p2b: Kingambit|Iron Head|p1a: Froslass
|-supereffective|p1a: Froslass|1
|-damage|p1a: Froslass|0 fnt
|faint|p1a: Froslass
|
|-fieldend|move: Electric Terrain
|upkeep
|turn|7
|-message|ToastedArt forfeited.
|
|win|MudkipBestp0kem0n
