|j|☆adriel8888
|j|☆16 letters mimimi
|html|adriel888816 letters mimimi    
|uhtml|bestof|Game 1 of a best-of-3
|t:|1783017957
|gametype|doubles
|player|p1|adriel8888|steven|
|player|p2|16 letters mimimi|rika|
|gen|9
|tier|[Gen 9 Champions] VGC 2026 Reg M-B (Bo3)
|rule|Species Clause: Limit one of each Pokémon
|rule|Item Clause: Limit 1 of each item
|clearpoke
|poke|p1|Venusaur, L50, M|
|poke|p1|Archaludon, L50, F|
|poke|p1|Aerodactyl, L50, M|
|poke|p1|Charizard, L50, M|
|poke|p1|Incineroar, L50, M|
|poke|p1|Metagross, L50|
|poke|p2|Gholdengo, L50|
|poke|p2|Primarina, L50, M|
|poke|p2|Scovillain, L50, M|
|poke|p2|Meowstic, L50, M|
|poke|p2|Scrafty, L50, M|
|poke|p2|Archaludon, L50, F|
|teampreview|4
|showteam|p1|Venusaur||LifeOrb|Chlorophyll|SleepPowder,EnergyBall,SludgeBomb,Protect|Modest||M|||50|]Archaludon||Leftovers|Stamina|DracoMeteor,ElectroShot,FlashCannon,Protect|Calm||F|||50|]Aerodactyl||FocusSash|RockHead|Tailwind,RockSlide,Protect,DualWingbeat|Jolly||M|||50|]Charizard||CharizarditeY|Blaze|HeatWave,WeatherBall,Protect,SolarBeam|Timid||M|||50|]Incineroar||SitrusBerry|Intimidate|FakeOut,DarkestLariat,FlareBlitz,CloseCombat|Adamant||M|||50|]Metagross||Metagrossite|ClearBody|IronHead,PsychicFangs,BulletPunch,Earthquake|Jolly|||||50|
|showteam|p2|Gholdengo||MetalCoat|GoodasGold|Protect,MakeItRain,ShadowBall,NastyPlot|Modest|||||50|]Primarina||SitrusBerry|LiquidVoice|Protect,Moonblast,HyperVoice,CalmMind|Bold||M|||50|]Scovillain||Scovillainite|Moody|Protect,Overheat,GigaDrain,RagePowder|Bold||M|||50|]Meowstic||LightClay|Prankster|Reflect,LightScreen,Yawn,RainDance|Bold||M|||50|]Scrafty||Scraftinite|Intimidate|CloseCombat,KnockOff,Taunt,FakeOut|Impish||M|||50|]Archaludon||Leftovers|Stamina|Protect,DragonPulse,ElectroShot,AuraSphere|Calm||F|||50|
|c|☆16 letters mimimi|hf
|inactive|Battle timer is ON: inactive players will automatically lose when time's up. (requested by adriel8888)
|inactive|adriel8888 has 60 seconds left.
|
|t:|1783018016
|teamsize|p1|4
|teamsize|p2|4
|start
|switch|p1a: CORBUS|Archaludon, L50, F|100/100
|switch|p1b: ESTREO|Aerodactyl, L50, M|100/100
|switch|p2a: Meowstic|Meowstic, L50, M|100/100
|switch|p2b: Archaludon|Archaludon, L50, F|100/100
|turn|1
|
|t:|1783018038
|switch|p2a: Primarina|Primarina, L50, M|100/100
|move|p1b: ESTREO|Tailwind|p1b: ESTREO
|-sidestart|p1: adriel8888|move: Tailwind
|move|p1a: CORBUS|Electro Shot||[still]
|-prepare|p1a: CORBUS|Electro Shot
|-boost|p1a: CORBUS|spa|1
|move|p2b: Archaludon|Aura Sphere|p1a: CORBUS
|-supereffective|p1a: CORBUS|1
|-damage|p1a: CORBUS|52/100
|-ability|p1a: CORBUS|Stamina|boost
|-boost|p1a: CORBUS|def|1
|
|-heal|p1a: CORBUS|58/100|[from] item: Leftovers
|upkeep
|turn|2
|
|t:|1783018053
|move|p2a: Primarina|Protect|p2a: Primarina
|-singleturn|p2a: Primarina|Protect
|move|p1b: ESTREO|Rock Slide|p2a: Primarina|[spread] p2b
|-activate|p2a: Primarina|move: Protect
|-resisted|p2b: Archaludon|1
|-damage|p2b: Archaludon|90/100
|-ability|p2b: Archaludon|Stamina|boost
|-boost|p2b: Archaludon|def|1
|move|p1a: CORBUS|Electro Shot|p2a: Primarina|[from] lockedmove
|-activate|p2a: Primarina|move: Protect
|cant|p2b: Archaludon|flinch
|
|-heal|p1a: CORBUS|64/100|[from] item: Leftovers
|-heal|p2b: Archaludon|96/100|[from] item: Leftovers
|upkeep
|turn|3
|
|t:|1783018069
|move|p1b: ESTREO|Rock Slide|p2a: Primarina|[spread] p2a,p2b
|-resisted|p2b: Archaludon|1
|-damage|p2a: Primarina|79/100
|-damage|p2b: Archaludon|90/100
|-ability|p2b: Archaludon|Stamina|boost
|-boost|p2b: Archaludon|def|1
|move|p1a: CORBUS|Draco Meteor|p2b: Archaludon
|-damage|p2b: Archaludon|16/100
|-unboost|p1a: CORBUS|spa|2
|-ability|p2b: Archaludon|Stamina|boost
|-boost|p2b: Archaludon|def|1
|move|p2b: Archaludon|Aura Sphere|p1a: CORBUS
|-supereffective|p1a: CORBUS|1
|-damage|p1a: CORBUS|21/100
|-ability|p1a: CORBUS|Stamina|boost
|-boost|p1a: CORBUS|def|1
|move|p2a: Primarina|Calm Mind|p2a: Primarina
|-boost|p2a: Primarina|spa|1
|-boost|p2a: Primarina|spd|1
|
|-heal|p1a: CORBUS|27/100|[from] item: Leftovers
|-heal|p2b: Archaludon|22/100|[from] item: Leftovers
|upkeep
|turn|4
|
|t:|1783018088
|move|p2b: Archaludon|Protect|p2b: Archaludon
|-singleturn|p2b: Archaludon|Protect
|move|p1b: ESTREO|Rock Slide|p2a: Primarina|[spread] p2a
|-activate|p2b: Archaludon|move: Protect
|-damage|p2a: Primarina|58/100
|move|p1a: CORBUS|Draco Meteor|p2b: Archaludon
|-activate|p2b: Archaludon|move: Protect
|move|p2a: Primarina|Hyper Voice|p1a: CORBUS|[spread] p1a,p1b
|-resisted|p1a: CORBUS|1
|-supereffective|p1b: ESTREO|1
|-damage|p1a: CORBUS|7/100
|-enditem|p1b: ESTREO|Focus Sash
|-damage|p1b: ESTREO|1/100
|-ability|p1a: CORBUS|Stamina|boost
|-boost|p1a: CORBUS|def|1
|
|-heal|p1a: CORBUS|13/100|[from] item: Leftovers
|-heal|p2b: Archaludon|28/100|[from] item: Leftovers
|-sideend|p1: adriel8888|move: Tailwind
|upkeep
|turn|5
|
|t:|1783018108
|switch|p2b: Meowstic|Meowstic, L50, M|100/100
|move|p1b: ESTREO|Tailwind|p1b: ESTREO
|-sidestart|p1: adriel8888|move: Tailwind
|move|p1a: CORBUS|Draco Meteor|p2b: Meowstic|[miss]
|-miss|p1a: CORBUS|p2b: Meowstic
|move|p2a: Primarina|Hyper Voice|p1b: ESTREO|[spread] p1a,p1b
|-resisted|p1a: CORBUS|1
|-supereffective|p1b: ESTREO|1
|-damage|p1a: CORBUS|0 fnt
|-damage|p1b: ESTREO|0 fnt
|faint|p1a: CORBUS
|faint|p1b: ESTREO
|
|upkeep
|
|t:|1783018111
|switch|p1b: ABRILE|Incineroar, L50, M|100/100
|switch|p1a: RANACA|Venusaur, L50, M|100/100
|-ability|p1b: ABRILE|Intimidate|boost
|-unboost|p2a: Primarina|atk|1
|-unboost|p2b: Meowstic|atk|1
|turn|6
|-message|adriel8888 forfeited.
|
|win|16 letters mimimi
|l|☆adriel8888
|player|p1|
|j|☆adriel8888
|player|p1|adriel8888|steven|
||16 letters mimimi is ready for game 2.
||adriel8888 is ready for game 2.
|uhtml|next|Next: Game 2 of 3
