|j|☆gunkqing
|j|☆bpinela
|html|gunkqingbpinela    
|uhtml|bestof|Game 3 of a best-of-3
|t:|1756922326
|gametype|doubles
|player|p1|gunkqing|striker|
|player|p2|bpinela|fisherman|
|gen|9
|tier|[Gen 9] VGC 2025 Reg H (Bo3)
|rule|Species Clause: Limit one of each Pokémon
|rule|Item Clause: Limit 1 of each item
|clearpoke
|poke|p1|Rillaboom, L50, M|
|poke|p1|Electabuzz, L50, M|
|poke|p1|Kommo-o, L50, M|
|poke|p1|Incineroar, L50, F|
|poke|p1|Basculegion, L50, M|
|poke|p1|Sylveon, L50, F|
|poke|p2|Maushold-Four, L50|
|poke|p2|Ursaluna, L50, F|
|poke|p2|Hatterene, L50, F|
|poke|p2|Indeedee-F, L50, F|
|poke|p2|Gallade, L50, M|
|poke|p2|Torkoal, L50, M|
|teampreview|4
|showteam|p1|Rillaboom||MeadowPlate|GrassySurge|FakeOut,WoodHammer,GrassyGlide,Uturn|||M|||50|,,,,,Fire]Electabuzz||Eviolite|VitalSpirit|FollowMe,Thunderbolt,Taunt,Protect|||M|||50|,,,,,Dragon]Kommo-o||Leftovers|Soundproof|ClangingScales,ClangorousSoul,Flamethrower,Protect|||M|||50|,,,,,Fire]Incineroar||AssaultVest|Intimidate|FakeOut,FlareBlitz,KnockOff,Uturn|||F|||50|,,,,,Ghost]Basculegion||ChoiceScarf|Adaptability|WaveCrash,AquaJet,LastRespects,FlipTurn|||M|||50|,,,,,Grass]Sylveon||LifeOrb|Pixilate|HyperVoice,Moonblast,Reflect,Detect|||F|||50|,,,,,Fairy
|showteam|p2|Maushold-Four||WideLens|Technician|PopulationBomb,FollowMe,Taunt,Protect||||||50|,,,,,Poison]Ursaluna||FlameOrb|Guts|Facade,HeadlongRush,Earthquake,Protect|||F|||50|,,,,,Ghost]Hatterene||CovertCloak|MagicBounce|ExpandingForce,DazzlingGleam,TeraBlast,TrickRoom|||F|||50|,,,,,Fire]Indeedee-F||PsychicSeed|PsychicSurge|FollowMe,HelpingHand,TrickRoom,Psychic|||F|||50|,,,,,Water]Gallade||ClearAmulet|Sharpness|SacredSword,PsychoCut,WideGuard,TrickRoom|||M|||50|,,,,,Grass]Torkoal||ChoiceSpecs|Drought|Eruption,HeatWave,WeatherBall,EarthPower|||M|||50|,,,,,Fire
|inactive|Battle timer is ON: inactive players will automatically lose when time's up. (requested by gunkqing)
|inactive|gunkqing has 60 seconds left.
|inactive|gunkqing has 30 seconds left.
|inactive|gunkqing has 20 seconds left.
|inactive|gunkqing has 15 seconds left.
|inactive|gunkqing has 10 seconds left.
|
|t:|1756922409
|teamsize|p1|4
|teamsize|p2|4
|start
|switch|p1a: Sylveon|Sylveon, L50, F|100/100
|switch|p1b: Incineroar|Incineroar, L50, F|100/100
|switch|p2a: Indeedee|Indeedee-F, L50, F|100/100
|switch|p2b: Hatterene|Hatterene, L50, F|100/100
|-ability|p1b: Incineroar|Intimidate|boost
|-unboost|p2a: Indeedee|atk|1
|-unboost|p2b: Hatterene|atk|1
|-fieldstart|move: Psychic Terrain|[from] ability: Psychic Surge|[of] p2a: Indeedee
|-enditem|p2a: Indeedee|Psychic Seed
|-boost|p2a: Indeedee|spd|1|[from] item: Psychic Seed
|turn|1
|inactive|bpinela has 30 seconds left.
|
|t:|1756922436
|move|p1a: Sylveon|Hyper Voice|p2a: Indeedee|[spread] p2a,p2b
|-damage|p2a: Indeedee|65/100
|-damage|p2b: Hatterene|48/100
|-damage|p1a: Sylveon|91/100|[from] item: Life Orb
|move|p1b: Incineroar|U-turn|p2a: Indeedee
|-supereffective|p2a: Indeedee
|-damage|p2a: Indeedee|20/100
|
|t:|1756922442
|switch|p1b: Rillaboom|Rillaboom, L50, M|100/100|[from] U-turn
|-fieldstart|move: Grassy Terrain|[from] ability: Grassy Surge|[of] p1b: Rillaboom
|move|p2b: Hatterene|Expanding Force|p1a: Sylveon
|-damage|p1a: Sylveon|52/100
|move|p2a: Indeedee|Trick Room|p2a: Indeedee
|-fieldstart|move: Trick Room|[of] p2a: Indeedee
|
|-heal|p2b: Hatterene|54/100|[from] Grassy Terrain
|-heal|p2a: Indeedee|26/100|[from] Grassy Terrain
|-heal|p1a: Sylveon|58/100|[from] Grassy Terrain
|upkeep
|turn|2
|inactive|gunkqing has 30 seconds left.
|inactive|gunkqing has 20 seconds left.
|
|t:|1756922480
|move|p1b: Rillaboom|Grassy Glide|p2b: Hatterene
|-damage|p2b: Hatterene|5/100
|move|p2b: Hatterene|Dazzling Gleam|p1b: Rillaboom|[spread] p1a,p1b
|-damage|p1a: Sylveon|32/100
|-damage|p1b: Rillaboom|61/100
|move|p2a: Indeedee|Psychic|p1b: Rillaboom
|-damage|p1b: Rillaboom|30/100
|move|p1a: Sylveon|Hyper Voice|p2b: Hatterene|[spread] p2a,p2b
|-damage|p2a: Indeedee|0 fnt
|-damage|p2b: Hatterene|0 fnt
|faint|p2a: Indeedee
|faint|p2b: Hatterene
|-damage|p1a: Sylveon|23/100|[from] item: Life Orb
|
|-heal|p1a: Sylveon|29/100|[from] Grassy Terrain
|-heal|p1b: Rillaboom|36/100|[from] Grassy Terrain
|upkeep
|
|t:|1756922490
|switch|p2b: Gallade|Gallade, L50, M|100/100
|switch|p2a: Ursaluna|Ursaluna, L50, F|100/100
|turn|3
|
|t:|1756922515
|-terastallize|p2a: Ursaluna|Ghost
|move|p1a: Sylveon|Detect|p1a: Sylveon
|-singleturn|p1a: Sylveon|Protect
|move|p2a: Ursaluna|Facade|p1a: Sylveon
|-activate|p1a: Sylveon|move: Protect
|move|p2b: Gallade|Sacred Sword|p1b: Rillaboom
|-damage|p1b: Rillaboom|0 fnt
|faint|p1b: Rillaboom
|
|-heal|p1a: Sylveon|35/100|[from] Grassy Terrain
|-status|p2a: Ursaluna|brn|[from] item: Flame Orb
|upkeep
|
|t:|1756922538
|switch|p1b: Incineroar|Incineroar, L50, F|100/100
|-ability|p1b: Incineroar|Intimidate|boost
|-unboost|p2a: Ursaluna|atk|1
|-fail|p2b: Gallade|unboost|[from] item: Clear Amulet|[of] p2b: Gallade
|turn|4
|inactive|bpinela has 30 seconds left.
|
|t:|1756922568
|-terastallize|p1b: Incineroar|Ghost
|move|p2a: Ursaluna|Facade|p1a: Sylveon
|-damage|p1a: Sylveon|0 fnt
|faint|p1a: Sylveon
|move|p2b: Gallade|Psycho Cut|p1b: Incineroar
|-crit|p1b: Incineroar
|-damage|p1b: Incineroar|28/100
|move|p1b: Incineroar|Knock Off|p2a: Ursaluna
|-supereffective|p2a: Ursaluna
|-damage|p2a: Ursaluna|24/100 brn
|-enditem|p2a: Ursaluna|Flame Orb|[from] move: Knock Off|[of] p1b: Incineroar
|
|-heal|p2a: Ursaluna|30/100 brn|[from] Grassy Terrain
|-heal|p1b: Incineroar|34/100|[from] Grassy Terrain
|-damage|p2a: Ursaluna|24/100 brn|[from] brn
|upkeep
|
|t:|1756922575
|switch|p1a: Kommo-o|Kommo-o, L50, M|100/100
|turn|5
|inactive|bpinela has 30 seconds left.
|
|t:|1756922602
|move|p1a: Kommo-o|Protect|p1a: Kommo-o
|-singleturn|p1a: Kommo-o|Protect
|move|p2a: Ursaluna|Headlong Rush|p1b: Incineroar
|-damage|p1b: Incineroar|0 fnt
|-unboost|p2a: Ursaluna|def|1
|-unboost|p2a: Ursaluna|spd|1
|faint|p1b: Incineroar
|move|p2b: Gallade|Psycho Cut|p1a: Kommo-o
|-activate|p1a: Kommo-o|move: Protect
|
|-heal|p2a: Ursaluna|30/100 brn|[from] Grassy Terrain
|-damage|p2a: Ursaluna|24/100 brn|[from] brn
|-fieldend|move: Trick Room
|-fieldend|move: Grassy Terrain
|upkeep
|turn|6
|inactive|gunkqing has 30 seconds left.
|inactive|bpinela has 30 seconds left.
|
|t:|1756922632
|move|p2a: Ursaluna|Protect|p2a: Ursaluna
|-singleturn|p2a: Ursaluna|Protect
|move|p1a: Kommo-o|Clanging Scales|p2b: Gallade|[spread] p2b
|-activate|p2a: Ursaluna|move: Protect
|-damage|p2b: Gallade|62/100
|-unboost|p1a: Kommo-o|def|1
|move|p2b: Gallade|Trick Room|p2b: Gallade
|-fieldstart|move: Trick Room|[of] p2b: Gallade
|
|-damage|p2a: Ursaluna|19/100 brn|[from] brn
|upkeep
|turn|7
|-message|gunkqing forfeited.
|
|win|bpinela
|c|☆gunkqing|ggs
|c|☆bpinela|ggs
