|j|☆bouledefeu
|j|☆pressinblades
|html|bouledefeupressinblades    
|uhtml|bestof|Game 1 of a best-of-3
|t:|1756386875
|gametype|doubles
|player|p1|bouledefeu|bugcatcher-gen4dp|1072
|player|p2|pressinblades|steven|1012
|gen|9
|tier|[Gen 9] VGC 2025 Reg H (Bo3)
|rated|
|rule|Species Clause: Limit one of each Pokémon
|rule|Item Clause: Limit 1 of each item
|clearpoke
|poke|p1|Sneasler, L50, M|
|poke|p1|Basculegion, L50, M|
|poke|p1|Pelipper, L50, M|
|poke|p1|Kingambit, L50, F|
|poke|p1|Archaludon, L50, M|
|poke|p1|Maushold, L50|
|poke|p2|Talonflame, L50, F|
|poke|p2|Torkoal, L50, F|
|poke|p2|Garchomp, L50, F|
|poke|p2|Mimikyu, L50, M|
|poke|p2|Rillaboom, L50, M|
|poke|p2|Conkeldurr, L50, M|
|teampreview|4
|showteam|p1|Sneasler||FocusSash|Unburden|CloseCombat,DireClaw,FakeOut,Protect|||M|||50|,,,,,Stellar]Basculegion||ChoiceBand|SwiftSwim|FlipTurn,WaveCrash,AquaJet,LastRespects|||M|||50|,,,,,Water]Pelipper||CovertCloak|Drizzle|WeatherBall,Tailwind,Hurricane,Protect|||M|||50|,,,,,Electric]Kingambit||BlackGlasses|Defiant|KowtowCleave,SuckerPunch,SwordsDance,Protect|||F|||50|,,,,,Dark]Archaludon||AssaultVest|Stamina|DracoMeteor,ElectroShot,FlashCannon,BodyPress|||M|||50|,,,,,Grass]Maushold||SafetyGoggles|FriendGuard|FollowMe,Taunt,BeatUp,Protect||||||50|,,,,,Fairy
|showteam|p2|Talonflame||ExpertBelt|GaleWings|Tailwind,BraveBird,Overheat,Taunt|||F|||50|,,,,,Ghost]Torkoal||EjectPack|Drought|Protect,Overheat,EarthPower,HelpingHand|||F|||50|,,,,,Flying]Garchomp||ClearAmulet|RoughSkin|Protect,SwordsDance,Earthquake,RockSlide|||F|||50|,,,,,Fire]Mimikyu||SitrusBerry|Disguise|Protect,TrickRoom,ShadowClaw,Curse|||M|||50|,,,,,Water]Rillaboom||AssaultVest|GrassySurge|FakeOut,WoodHammer,GrassyGlide,Uturn|||M|||50|,,,,,Fire]Conkeldurr||FlameOrb|Guts|MachPunch,DrainPunch,IcePunch,WideGuard|||M|||50|,,,,,Steel
|inactive|Battle timer is ON: inactive players will automatically lose when time's up. (requested by bouledefeu)
|
|t:|1756386918
|teamsize|p1|4
|teamsize|p2|4
|start
|switch|p1a: Archaludon|Archaludon, L50, M|100/100
|switch|p1b: Maushold|Maushold, L50|100/100
|switch|p2a: Rillaboom|Rillaboom, L50, M|100/100
|switch|p2b: Conkeldurr|Conkeldurr, L50, M|100/100
|-fieldstart|move: Grassy Terrain|[from] ability: Grassy Surge|[of] p2a: Rillaboom
|turn|1
|inactive|bouledefeu has 30 seconds left.
|
|t:|1756386952
|-terastallize|p1a: Archaludon|Grass
|move|p1b: Maushold|Protect|p1b: Maushold
|-singleturn|p1b: Maushold|Protect
|move|p2a: Rillaboom|Fake Out|p1b: Maushold
|-activate|p1b: Maushold|move: Protect
|move|p1a: Archaludon|Body Press|p2a: Rillaboom
|-damage|p2a: Rillaboom|77/100
|move|p2b: Conkeldurr|Drain Punch|p1a: Archaludon
|-damage|p1a: Archaludon|79/100
|-ability|p1a: Archaludon|Stamina|boost
|-boost|p1a: Archaludon|def|1
|
|-heal|p2a: Rillaboom|83/100|[from] Grassy Terrain
|-heal|p1a: Archaludon|85/100|[from] Grassy Terrain
|-status|p2b: Conkeldurr|brn|[from] item: Flame Orb
|upkeep
|turn|2
|
|t:|1756386976
|move|p2a: Rillaboom|Grassy Glide|p1b: Maushold
|-damage|p1b: Maushold|56/100
|move|p2b: Conkeldurr|Mach Punch|p1b: Maushold
|-supereffective|p1b: Maushold
|-damage|p1b: Maushold|0 fnt
|faint|p1b: Maushold
|move|p1a: Archaludon|Body Press|p2a: Rillaboom
|-damage|p2a: Rillaboom|47/100
|
|-heal|p2a: Rillaboom|53/100|[from] Grassy Terrain
|-heal|p1a: Archaludon|91/100|[from] Grassy Terrain
|-damage|p2b: Conkeldurr|94/100 brn|[from] brn
|upkeep
|
|t:|1756386985
|switch|p1b: Pelipper|Pelipper, L50, M|100/100
|-weather|RainDance|[from] ability: Drizzle|[of] p1b: Pelipper
|turn|3
|inactive|bouledefeu has 30 seconds left.
|
|t:|1756387013
|switch|p2b: Torkoal|Torkoal, L50, F|100/100
|-weather|SunnyDay|[from] ability: Drought|[of] p2b: Torkoal
|move|p2a: Rillaboom|U-turn|p1a: Archaludon
|-supereffective|p1a: Archaludon
|-damage|p1a: Archaludon|66/100
|-ability|p1a: Archaludon|Stamina|boost
|-boost|p1a: Archaludon|def|1
|
|t:|1756387021
|switch|p2a: Talonflame|Talonflame, L50, F|100/100|[from] U-turn
|move|p1a: Archaludon|Body Press|p2b: Torkoal
|-damage|p2b: Torkoal|66/100
|move|p1b: Pelipper|Hurricane|p2b: Torkoal|[miss]
|-miss|p1b: Pelipper|p2b: Torkoal
|
|-weather|SunnyDay|[upkeep]
|-heal|p1a: Archaludon|73/100|[from] Grassy Terrain
|-heal|p2b: Torkoal|72/100|[from] Grassy Terrain
|upkeep
|turn|4
|
|t:|1756387035
|switch|p1b: Kingambit|Kingambit, L50, F|100/100
|move|p2b: Torkoal|Helping Hand|p2a: Talonflame
|-singleturn|p2a: Talonflame|Helping Hand|[of] p2b: Torkoal
|move|p2a: Talonflame|Overheat|p1a: Archaludon
|-supereffective|p1a: Archaludon
|-damage|p1a: Archaludon|0 fnt
|-unboost|p2a: Talonflame|spa|2
|faint|p1a: Archaludon
|
|-weather|SunnyDay|[upkeep]
|-heal|p2b: Torkoal|78/100|[from] Grassy Terrain
|upkeep
|
|t:|1756387042
|switch|p1a: Pelipper|Pelipper, L50, M|100/100
|-weather|RainDance|[from] ability: Drizzle|[of] p1a: Pelipper
|turn|5
|
|t:|1756387065
|switch|p2b: Rillaboom|Rillaboom, L50, M|53/100
|move|p2a: Talonflame|Taunt|p1b: Kingambit
|-start|p1b: Kingambit|move: Taunt
|move|p1a: Pelipper|Weather Ball|p2a: Talonflame
|-supereffective|p2a: Talonflame
|-damage|p2a: Talonflame|0 fnt
|faint|p2a: Talonflame
|cant|p1b: Kingambit|move: Taunt|Swords Dance
|
|-weather|RainDance|[upkeep]
|-heal|p2b: Rillaboom|59/100|[from] Grassy Terrain
|-fieldend|move: Grassy Terrain
|upkeep
|
|t:|1756387077
|switch|p2a: Conkeldurr|Conkeldurr, L50, M|94/100 brn
|turn|6
|
|t:|1756387094
|-terastallize|p2a: Conkeldurr|Steel
|move|p2a: Conkeldurr|Mach Punch|p1b: Kingambit
|-supereffective|p1b: Kingambit
|-damage|p1b: Kingambit|0 fnt
|faint|p1b: Kingambit
|move|p2b: Rillaboom|U-turn|p1a: Pelipper
|-resisted|p1a: Pelipper
|-damage|p1a: Pelipper|87/100
|
|t:|1756387100
|switch|p2b: Torkoal|Torkoal, L50, F|78/100|[from] U-turn
|-weather|SunnyDay|[from] ability: Drought|[of] p2b: Torkoal
|move|p1a: Pelipper|Hurricane|p2a: Conkeldurr
|-resisted|p2a: Conkeldurr
|-damage|p2a: Conkeldurr|71/100 brn
|
|-weather|SunnyDay|[upkeep]
|-damage|p2a: Conkeldurr|65/100 brn|[from] brn
|upkeep
|turn|7
|-message|bouledefeu forfeited.
|
|win|pressinblades
|l|☆bouledefeu
|player|p1|
||bouledefeu is ready for game 2.
