|j|☆viatles
|j|☆G33KY
|html|viatlesG33KY    
|uhtml|bestof|Game 3 of a best-of-3
|t:|1757022715
|gametype|doubles
|player|p1|viatles|hiker|1000
|player|p2|G33KY|265|1086
|gen|9
|tier|[Gen 9] VGC 2025 Reg H (Bo3)
|rated|
|rule|Species Clause: Limit one of each Pokémon
|rule|Item Clause: Limit 1 of each item
|clearpoke
|poke|p1|Serperior, L50, F|
|poke|p1|Grimmsnarl, L50, M|
|poke|p1|Empoleon, L50, F|
|poke|p1|Garchomp, L50, M|
|poke|p1|Araquanid, L50, M|
|poke|p1|Garganacl, L50, M|
|poke|p2|Politoed, L50, F|
|poke|p2|Gothitelle, L50, M|
|poke|p2|Kingdra, L50, M|
|poke|p2|Archaludon, L50, F|
|poke|p2|Amoonguss, L50, F|
|poke|p2|Incineroar, L50, F|
|teampreview|4
|showteam|p1|Serperior||CovertCloak|Contrary|Protect,LeafStorm,TeraBlast,GrassPledge|||F|||50|,,,,,Stellar]Grimmsnarl||LightClay|Prankster|LightScreen,Reflect,SpiritBreak,ThunderWave|||M|||50|,,,,,Ghost]Empoleon||ChopleBerry|Competitive|WaterPledge,FlashCannon,Haze,Protect|||F|||50|,,,,,Grass]Garchomp||LoadedDice|RoughSkin|ScaleShot,Earthquake,IronHead,Protect|||M|||50|,,,,,Steel]Araquanid||SafetyGoggles|WaterBubble|WideGuard,Protect,Liquidation,Infestation|||M|||50|,,,,,Grass]Garganacl||Leftovers|PurifyingSalt|SaltCure,Recover,Protect,ThunderPunch|||M|||50|,,,,,Water
|showteam|p2|Politoed||Leftovers|Drizzle|Protect,WeatherBall,Encore,PerishSong|||F|||50|,,,,,Grass]Gothitelle||SitrusBerry|ShadowTag|Protect,Psychic,FakeOut,TrickRoom|||M|||50|,,,,,Dark]Kingdra||LifeOrb|SwiftSwim|Protect,DracoMeteor,WeatherBall,MuddyWater|||M|||50|,,,,,Stellar]Archaludon||PowerHerb|Sturdy|Protect,ElectroShot,FlashCannon,DragonPulse|||F|||50|,,,,,Electric]Amoonguss||EjectButton|Regenerator|Protect,RagePowder,Spore,PollenPuff|||F|||50|,,,,,Fairy]Incineroar||SafetyGoggles|Intimidate|FakeOut,KnockOff,PartingShot,Protect|||F|||50|,,,,,Ghost
|inactive|Battle timer is ON: inactive players will automatically lose when time's up. (requested by G33KY)
|inactive|G33KY has 60 seconds left.
|
|t:|1757022765
|teamsize|p1|4
|teamsize|p2|4
|start
|switch|p1a: Serperior|Serperior, L50, F|100/100
|switch|p1b: Empoleon|Empoleon, L50, F|100/100
|switch|p2a: Politoed|Politoed, L50, F|100/100
|switch|p2b: Amoonguss|Amoonguss, L50, F|100/100
|-weather|RainDance|[from] ability: Drizzle|[of] p2a: Politoed
|turn|1
|inactive|viatles has 30 seconds left.
|inactive|G33KY has 30 seconds left.
|inactive|G33KY has 20 seconds left.
|inactive|G33KY has 15 seconds left.
|inactive|G33KY has 10 seconds left.
|inactive|G33KY has 5 seconds left.
|
|t:|1757022819
|-terastallize|p2a: Politoed|Grass
|-terastallize|p1b: Empoleon|Grass
|move|p1a: Serperior|Leaf Storm|p2a: Politoed|[miss]
|-miss|p1a: Serperior|p2a: Politoed
|move|p2a: Politoed|Perish Song|p2a: Politoed
|-start|p1a: Serperior|perish3|[silent]
|-start|p1b: Empoleon|perish3|[silent]
|-start|p2a: Politoed|perish3|[silent]
|-start|p2b: Amoonguss|perish3|[silent]
|-fieldactivate|move: Perish Song
|move|p1b: Empoleon|Water Pledge|p2a: Politoed
|-resisted|p2a: Politoed
|-damage|p2a: Politoed|82/100
|move|p2b: Amoonguss|Pollen Puff|p1a: Serperior
|-supereffective|p1a: Serperior
|-damage|p1a: Serperior|57/100
|
|-weather|RainDance|[upkeep]
|-heal|p2a: Politoed|88/100|[from] item: Leftovers
|-start|p1a: Serperior|perish3
|-start|p2a: Politoed|perish3
|-start|p1b: Empoleon|perish3
|-start|p2b: Amoonguss|perish3
|upkeep
|turn|2
|inactive|viatles has 30 seconds left.
|inactive|G33KY has 30 seconds left.
|inactive|G33KY has 20 seconds left.
|inactive|G33KY has 15 seconds left.
|
|t:|1757022862
|switch|p1b: Garganacl|Garganacl, L50, M|100/100
|move|p2b: Amoonguss|Rage Powder|p2b: Amoonguss
|-singleturn|p2b: Amoonguss|move: Rage Powder
|move|p1a: Serperior|Leaf Storm|p2a: Politoed
|-resisted|p2a: Politoed
|-damage|p2a: Politoed|70/100
|-boost|p1a: Serperior|spa|2
|move|p2a: Politoed|Weather Ball|p1b: Garganacl
|-supereffective|p1b: Garganacl
|-damage|p1b: Garganacl|37/100
|
|-weather|RainDance|[upkeep]
|-heal|p2a: Politoed|76/100|[from] item: Leftovers
|-heal|p1b: Garganacl|43/100|[from] item: Leftovers
|-start|p1a: Serperior|perish2
|-start|p2a: Politoed|perish2
|-start|p2b: Amoonguss|perish2
|upkeep
|turn|3
|inactive|viatles has 30 seconds left.
|inactive|G33KY has 30 seconds left.
|
|t:|1757022892
|move|p1a: Serperior|Leaf Storm|p2a: Politoed
|-resisted|p2a: Politoed
|-damage|p2a: Politoed|35/100
|-boost|p1a: Serperior|spa|2
|move|p2a: Politoed|Weather Ball|p2b: Amoonguss
|-resisted|p2b: Amoonguss
|-damage|p2b: Amoonguss|78/100
|-enditem|p2b: Amoonguss|Eject Button
|
|t:|1757022900
|switch|p2b: Gothitelle|Gothitelle, L50, M|100/100
|move|p1b: Garganacl|Salt Cure|p2a: Politoed
|-damage|p2a: Politoed|19/100
|-start|p2a: Politoed|Salt Cure
|
|-weather|RainDance|[upkeep]
|-heal|p2a: Politoed|25/100|[from] item: Leftovers
|-heal|p1b: Garganacl|48/100|[from] item: Leftovers
|-damage|p2a: Politoed|13/100|[from] Salt Cure
|-start|p1a: Serperior|perish1
|-start|p2a: Politoed|perish1
|upkeep
|turn|4
|inactive|viatles has 30 seconds left.
|inactive|G33KY has 30 seconds left.
|
|t:|1757022933
|switch|p2a: Amoonguss|Amoonguss, L50, F|100/100
|move|p2b: Gothitelle|Protect|p2b: Gothitelle
|-singleturn|p2b: Gothitelle|Protect
|move|p1a: Serperior|Leaf Storm|p2b: Gothitelle
|-activate|p2b: Gothitelle|move: Protect
|move|p1b: Garganacl|Salt Cure|p2b: Gothitelle
|-activate|p2b: Gothitelle|move: Protect
|
|-weather|RainDance|[upkeep]
|-heal|p1b: Garganacl|54/100|[from] item: Leftovers
|-start|p1a: Serperior|perish0
|faint|p1a: Serperior
|upkeep
|
|t:|1757022946
|switch|p1a: Grimmsnarl|Grimmsnarl, L50, M|100/100
|turn|5
|
|t:|1757022966
|move|p2a: Amoonguss|Rage Powder|p2a: Amoonguss
|-singleturn|p2a: Amoonguss|move: Rage Powder
|move|p1a: Grimmsnarl|Thunder Wave|p2a: Amoonguss|[miss]
|-miss|p1a: Grimmsnarl|p2a: Amoonguss
|move|p1b: Garganacl|Salt Cure|p2a: Amoonguss
|-damage|p2a: Amoonguss|89/100
|-start|p2a: Amoonguss|Salt Cure
|move|p2b: Gothitelle|Trick Room|p2b: Gothitelle
|-fieldstart|move: Trick Room|[of] p2b: Gothitelle
|
|-weather|none
|-heal|p1b: Garganacl|60/100|[from] item: Leftovers
|-damage|p2a: Amoonguss|77/100|[from] Salt Cure
|upkeep
|turn|6
|
|t:|1757022984
|move|p2b: Gothitelle|Protect|p2b: Gothitelle
|-singleturn|p2b: Gothitelle|Protect
|move|p2a: Amoonguss|Spore|p1a: Grimmsnarl
|-status|p1a: Grimmsnarl|slp|[from] move: Spore
|move|p1b: Garganacl|Thunder Punch|p2a: Amoonguss
|-resisted|p2a: Amoonguss
|-damage|p2a: Amoonguss|71/100
|cant|p1a: Grimmsnarl|slp
|
|-heal|p1b: Garganacl|66/100|[from] item: Leftovers
|-damage|p2a: Amoonguss|58/100|[from] Salt Cure
|upkeep
|turn|7
|inactive|G33KY has 30 seconds left.
|inactive|G33KY has 20 seconds left.
|
|t:|1757023021
|switch|p2b: Politoed|Politoed, L50, F, tera:Grass|13/100
|-weather|RainDance|[from] ability: Drizzle|[of] p2b: Politoed
|move|p2a: Amoonguss|Pollen Puff|p2b: Politoed
|-heal|p2b: Politoed|62/100
|move|p1b: Garganacl|Salt Cure|p2a: Amoonguss
|-damage|p2a: Amoonguss|47/100
|cant|p1a: Grimmsnarl|slp
|
|-weather|RainDance|[upkeep]
|-heal|p1b: Garganacl|72/100|[from] item: Leftovers
|-heal|p2b: Politoed|69/100|[from] item: Leftovers
|-damage|p2a: Amoonguss|35/100|[from] Salt Cure
|upkeep
|turn|8
|
|t:|1757023040
|switch|p2a: Gothitelle|Gothitelle, L50, M|100/100
|cant|p1a: Grimmsnarl|slp
|move|p1b: Garganacl|Salt Cure|p2b: Politoed
|-damage|p2b: Politoed|54/100
|-start|p2b: Politoed|Salt Cure
|move|p2b: Politoed|Perish Song|p2b: Politoed
|-start|p1a: Grimmsnarl|perish3|[silent]
|-start|p1b: Garganacl|perish3|[silent]
|-start|p2a: Gothitelle|perish3|[silent]
|-start|p2b: Politoed|perish3|[silent]
|-fieldactivate|move: Perish Song
|
|-weather|RainDance|[upkeep]
|-heal|p1b: Garganacl|77/100|[from] item: Leftovers
|-heal|p2b: Politoed|60/100|[from] item: Leftovers
|-damage|p2b: Politoed|48/100|[from] Salt Cure
|-start|p1b: Garganacl|perish3
|-start|p2a: Gothitelle|perish3
|-start|p1a: Grimmsnarl|perish3
|-start|p2b: Politoed|perish3
|upkeep
|turn|9
|
|t:|1757023062
|move|p2a: Gothitelle|Fake Out|p1a: Grimmsnarl
|-damage|p1a: Grimmsnarl|95/100 slp
|move|p1b: Garganacl|Salt Cure|p2a: Gothitelle
|-damage|p2a: Gothitelle|86/100
|-start|p2a: Gothitelle|Salt Cure
|-curestatus|p1a: Grimmsnarl|slp|[msg]
|cant|p1a: Grimmsnarl|flinch
|move|p2b: Politoed|Weather Ball|p1b: Garganacl
|-supereffective|p1b: Garganacl
|-damage|p1b: Garganacl|16/100
|
|-weather|RainDance|[upkeep]
|-heal|p1b: Garganacl|22/100|[from] item: Leftovers
|-heal|p2b: Politoed|54/100|[from] item: Leftovers
|-damage|p2a: Gothitelle|74/100|[from] Salt Cure
|-damage|p2b: Politoed|42/100|[from] Salt Cure
|-start|p1b: Garganacl|perish2
|-start|p2a: Gothitelle|perish2
|-start|p1a: Grimmsnarl|perish2
|-start|p2b: Politoed|perish2
|-fieldend|move: Trick Room
|upkeep
|turn|10
|inactive|viatles has 30 seconds left.
|
|t:|1757023091
|move|p2b: Politoed|Protect|p2b: Politoed
|-singleturn|p2b: Politoed|Protect
|move|p2a: Gothitelle|Protect|p2a: Gothitelle
|-singleturn|p2a: Gothitelle|Protect
|move|p1a: Grimmsnarl|Light Screen|p1a: Grimmsnarl
|-sidestart|p1: viatles|move: Light Screen
|move|p1b: Garganacl|Recover|p1b: Garganacl
|-heal|p1b: Garganacl|72/100
|
|-weather|RainDance|[upkeep]
|-heal|p2b: Politoed|48/100|[from] item: Leftovers
|-heal|p1b: Garganacl|78/100|[from] item: Leftovers
|-damage|p2b: Politoed|36/100|[from] Salt Cure
|-damage|p2a: Gothitelle|62/100|[from] Salt Cure
|-start|p2b: Politoed|perish1
|-start|p1a: Grimmsnarl|perish1
|-start|p2a: Gothitelle|perish1
|-start|p1b: Garganacl|perish1
|upkeep
|turn|11
|
|t:|1757023115
|switch|p2b: Amoonguss|Amoonguss, L50, F|68/100
|move|p1a: Grimmsnarl|Thunder Wave|p2b: Amoonguss
|-status|p2b: Amoonguss|par
|move|p1b: Garganacl|Thunder Punch|p2b: Amoonguss
|-resisted|p2b: Amoonguss
|-damage|p2b: Amoonguss|62/100 par
|move|p2a: Gothitelle|Trick Room|p2a: Gothitelle
|-fieldstart|move: Trick Room|[of] p2a: Gothitelle
|
|-weather|none
|-heal|p1b: Garganacl|84/100|[from] item: Leftovers
|-damage|p2a: Gothitelle|49/100|[from] Salt Cure
|-start|p1b: Garganacl|perish0
|-start|p2a: Gothitelle|perish0
|-start|p1a: Grimmsnarl|perish0
|faint|p1b: Garganacl
|faint|p2a: Gothitelle
|faint|p1a: Grimmsnarl
|upkeep
|
|t:|1757023130
|switch|p1b: Empoleon|Empoleon, L50, F, tera:Grass|100/100
|switch|p2a: Politoed|Politoed, L50, F, tera:Grass|36/100
|-weather|RainDance|[from] ability: Drizzle|[of] p2a: Politoed
|turn|12
|c|☆viatles|and that would be checkmate gg
|
|t:|1757023151
|move|p2b: Amoonguss|Pollen Puff|p2a: Politoed
|-heal|p2a: Politoed|86/100
|move|p1b: Empoleon|Water Pledge|p2a: Politoed
|-resisted|p2a: Politoed
|-damage|p2a: Politoed|66/100
|move|p2a: Politoed|Perish Song|p2a: Politoed
|-start|p1b: Empoleon|perish3|[silent]
|-start|p2a: Politoed|perish3|[silent]
|-start|p2b: Amoonguss|perish3|[silent]
|-fieldactivate|move: Perish Song
|
|-weather|RainDance|[upkeep]
|-heal|p2a: Politoed|72/100|[from] item: Leftovers
|-start|p2b: Amoonguss|perish3
|-start|p1b: Empoleon|perish3
|-start|p2a: Politoed|perish3
|upkeep
|turn|13
|
|t:|1757023166
|switch|p2b: Archaludon|Archaludon, L50, F|100/100
|move|p2a: Politoed|Protect|p2a: Politoed
|-singleturn|p2a: Politoed|Protect
|move|p1b: Empoleon|Flash Cannon|p2a: Politoed
|-activate|p2a: Politoed|move: Protect
|
|-weather|RainDance|[upkeep]
|-heal|p2a: Politoed|78/100|[from] item: Leftovers
|-start|p1b: Empoleon|perish2
|-start|p2a: Politoed|perish2
|upkeep
|turn|14
|
|t:|1757023178
|switch|p2a: Amoonguss|Amoonguss, L50, F|95/100 par
|move|p2b: Archaludon|Protect|p2b: Archaludon
|-singleturn|p2b: Archaludon|Protect
|move|p1b: Empoleon|Flash Cannon|p2a: Amoonguss
|-damage|p2a: Amoonguss|65/100 par
|
|-weather|RainDance|[upkeep]
|-start|p1b: Empoleon|perish1
|upkeep
|turn|15
|
|t:|1757023192
|cant|p2a: Amoonguss|par
|move|p1b: Empoleon|Haze|p1b: Empoleon
|-clearallboost
|move|p2b: Archaludon|Flash Cannon|p1b: Empoleon
|-damage|p1b: Empoleon|75/100
|
|-weather|RainDance|[upkeep]
|-start|p1b: Empoleon|perish0
|faint|p1b: Empoleon
|
|win|G33KY
|raw|viatles's rating: 1000 → 1000(+0 for losing)
|raw|G33KY's rating: 1086 → 1107(+21 for winning)
|c|☆G33KY|Gg
|c|☆viatles|gg
