|j|☆NemoAK
|j|☆song0x00
|html|NemoAKsong0x00    
|uhtml|bestof|Game 1 of a best-of-3
|t:|1782570635
|gametype|doubles
|player|p1|NemoAK|265|1141
|player|p2|song0x00|drayton|1178
|gen|9
|tier|[Gen 9 Champions] VGC 2026 Reg M-B (Bo3)
|rated|
|rule|Species Clause: Limit one of each Pokémon
|rule|Item Clause: Limit 1 of each item
|clearpoke
|poke|p1|Charizard, L50, M|
|poke|p1|Whimsicott, L50, M|
|poke|p1|Basculegion, L50, M|
|poke|p1|Farigiraf, L50, M|
|poke|p1|Garchomp, L50, M|
|poke|p1|Crabominable, L50, M|
|poke|p2|Blaziken, L50, F, shiny|
|poke|p2|Kingambit, L50, F|
|poke|p2|Basculegion, L50, M|
|poke|p2|Ninetales-Alola, L50, F, shiny|
|poke|p2|Gengar, L50, F, shiny|
|poke|p2|Incineroar, L50, F, shiny|
|teampreview|4
|showteam|p1|Charizard||CharizarditeY|Blaze|HeatWave,WeatherBall,SolarBeam,Protect|Modest||M|||50|]Whimsicott||MentalHerb|Prankster|Moonblast,Tailwind,LightScreen,Encore|Bold||M|||50|]Basculegion||ChoiceScarf|Adaptability|LastRespects,WaveCrash,AquaJet,HeadSmash|Adamant||M|||50|]Farigiraf||SitrusBerry|ArmorTail|Psychic,HyperVoice,TrickRoom,HelpingHand|Quiet||M|||50|]Garchomp||LifeOrb|RoughSkin|Earthquake,RockSlide,ScaleShot,Protect|Jolly||M|||50|]Crabominable||Crabominite|HyperCutter|IceHammer,CloseCombat,KnockOff,Protect|Brave||M|||50|
|showteam|p2|Blaziken||Blazikenite|SpeedBoost|CloseCombat,RockSlide,FlareBlitz,Detect|Adamant||F|||50|]Kingambit||LifeOrb|Defiant|KowtowCleave,SuckerPunch,Protect,IronHead|Adamant||F|||50|]Basculegion||FocusSash|Adaptability|Liquidation,LastRespects,AquaJet,Protect|Adamant||M|||50|]Ninetales-Alola||NeverMeltIce|SnowWarning|Blizzard,FreezeDry,Encore,Protect|Timid||F|||50|]Gengar||Gengarite|CursedBody|ShadowBall,Disable,PerishSong,Protect|Modest||F|||50|]Incineroar||PasshoBerry|Intimidate|FakeOut,PartingShot,FlareBlitz,Protect|Relaxed||F|||50|
|inactive|Battle timer is ON: inactive players will automatically lose when time's up. (requested by NemoAK)
|inactive|song0x00 has 60 seconds left.
|inactive|song0x00 has 30 seconds left.
|inactive|song0x00 has 20 seconds left.
|
|t:|1782570731
|teamsize|p1|4
|teamsize|p2|4
|start
|switch|p1a: Crabominable|Crabominable, L50, M|100/100
|switch|p1b: Farigiraf|Farigiraf, L50, M|100/100
|switch|p2a: Aya|Ninetales-Alola, L50, F, shiny|100/100
|switch|p2b: Mitsuki|Gengar, L50, F, shiny|100/100
|-weather|Snowscape|[from] ability: Snow Warning|[of] p2a: Aya
|turn|1
|
|t:|1782570748
|detailschange|p2b: Mitsuki|Gengar-Mega, L50, F, shiny
|-mega|p2b: Mitsuki|Gengar|Gengarite
|detailschange|p1a: Crabominable|Crabominable-Mega, L50, M
|-mega|p1a: Crabominable|Crabominable|Crabominite
|move|p2a: Aya|Protect|p2a: Aya
|-singleturn|p2a: Aya|Protect
|move|p2b: Mitsuki|Protect|p2b: Mitsuki
|-singleturn|p2b: Mitsuki|Protect
|move|p1a: Crabominable|Close Combat|p2a: Aya
|-activate|p2a: Aya|move: Protect
|move|p1b: Farigiraf|Trick Room|p1b: Farigiraf
|-fieldstart|move: Trick Room|[of] p1b: Farigiraf
|
|-weather|Snowscape|[upkeep]
|upkeep
|turn|2
|inactive|song0x00 has 30 seconds left.
|inactive|song0x00 has 20 seconds left.
|
|t:|1782570786
|switch|p2a: Nyx|Incineroar, L50, F, shiny|100/100
|-ability|p2a: Nyx|Intimidate|boost
|-unboost|p1a: Crabominable|atk|1
|-unboost|p1b: Farigiraf|atk|1
|move|p1a: Crabominable|Close Combat|p2a: Nyx
|-supereffective|p2a: Nyx|1
|-damage|p2a: Nyx|28/100
|-unboost|p1a: Crabominable|def|1
|-unboost|p1a: Crabominable|spd|1
|move|p1b: Farigiraf|Psychic|p2b: Mitsuki
|-supereffective|p2b: Mitsuki|1
|-damage|p2b: Mitsuki|30/100
|move|p2b: Mitsuki|Shadow Ball|p1a: Crabominable
|-damage|p1a: Crabominable|40/100
|
|-weather|Snowscape|[upkeep]
|upkeep
|turn|3
|
|t:|1782570805
|move|p2a: Nyx|Protect|p2a: Nyx
|-singleturn|p2a: Nyx|Protect
|move|p2b: Mitsuki|Protect|p2b: Mitsuki
|-singleturn|p2b: Mitsuki|Protect
|move|p1a: Crabominable|Close Combat|p2a: Nyx
|-activate|p2a: Nyx|move: Protect
|move|p1b: Farigiraf|Psychic|p2b: Mitsuki
|-activate|p2b: Mitsuki|move: Protect
|
|-weather|Snowscape|[upkeep]
|upkeep
|turn|4
|inactive|song0x00 has 30 seconds left.
|
|t:|1782570837
|switch|p2a: Charon|Basculegion, L50, M|100/100
|switch|p2b: Aya|Ninetales-Alola, L50, F, shiny|100/100
|move|p1a: Crabominable|Close Combat|p2a: Charon
|-immune|p2a: Charon
|move|p1b: Farigiraf|Psychic|p2b: Aya
|-damage|p2b: Aya|60/100
|
|-weather|Snowscape|[upkeep]
|upkeep
|turn|5
|
|t:|1782570860
|switch|p1a: Charizard|Charizard, L50, M|100/100
|switch|p2a: Nyx|Incineroar, L50, F, shiny|28/100
|-ability|p2a: Nyx|Intimidate|boost
|-unboost|p1a: Charizard|atk|1
|-unboost|p1b: Farigiraf|atk|1
|move|p1b: Farigiraf|Psychic|p2a: Nyx
|-immune|p2a: Nyx
|move|p2b: Aya|Blizzard|p1b: Farigiraf|[spread] p1a,p1b
|-damage|p1a: Charizard|56/100
|-damage|p1b: Farigiraf|70/100
|
|-weather|none
|-fieldend|move: Trick Room
|upkeep
|turn|6
|inactive|song0x00 has 30 seconds left.
|inactive|song0x00 has 20 seconds left.
|
|t:|1782570896
|switch|p2a: Charon|Basculegion, L50, M|100/100
|move|p2b: Aya|Encore|p1b: Farigiraf
|-start|p1b: Farigiraf|Encore
|move|p1a: Charizard|Heat Wave|p2a: Charon|[spread] p2b
|-miss|p1a: Charizard|p2a: Charon
|-supereffective|p2b: Aya|1
|-damage|p2b: Aya|0 fnt
|faint|p2b: Aya
|move|p1b: Farigiraf|Psychic|p2a: Charon
|-damage|p2a: Charon|59/100
|
|upkeep
|
|t:|1782570907
|switch|p2b: Nyx|Incineroar, L50, F, shiny|28/100
|-ability|p2b: Nyx|Intimidate|boost
|-unboost|p1a: Charizard|atk|1
|-unboost|p1b: Farigiraf|atk|1
|turn|7
|inactive|song0x00 has 30 seconds left.
|inactive|song0x00 has 20 seconds left.
|
|t:|1782570942
|move|p1a: Charizard|Protect|p1a: Charizard
|-singleturn|p1a: Charizard|Protect
|move|p2a: Charon|Aqua Jet||[still]
|cant|p1b: Farigiraf|ability: Armor Tail|Aqua Jet|[of] p2a: Charon
|move|p2b: Nyx|Flare Blitz|p1b: Farigiraf
|-damage|p1b: Farigiraf|27/100
|-enditem|p1b: Farigiraf|Sitrus Berry|[eat]
|-heal|p1b: Farigiraf|52/100|[from] item: Sitrus Berry
|-damage|p2b: Nyx|14/100|[from] Recoil
|move|p1b: Farigiraf|Psychic|p2a: Charon
|-damage|p2a: Charon|12/100
|
|upkeep
|turn|8
|
|t:|1782570960
|switch|p2b: Mitsuki|Gengar-Mega, L50, F, shiny|30/100
|switch|p1b: Crabominable|Crabominable-Mega, L50, M|40/100
|move|p2a: Charon|Liquidation|p1a: Charizard
|-supereffective|p1a: Charizard|1
|-damage|p1a: Charizard|0 fnt
|faint|p1a: Charizard
|
|upkeep
|
|t:|1782570967
|switch|p1a: Garchomp|Garchomp, L50, M|100/100
|turn|9
|
|t:|1782570988
|switch|p2a: Nyx|Incineroar, L50, F, shiny|14/100
|-ability|p2a: Nyx|Intimidate|boost
|-unboost|p1a: Garchomp|atk|1
|-unboost|p1b: Crabominable|atk|1
|move|p2b: Mitsuki|Protect|p2b: Mitsuki
|-singleturn|p2b: Mitsuki|Protect
|move|p1a: Garchomp|Earthquake|p2b: Mitsuki|[spread] p1b,p2a
|-activate|p2b: Mitsuki|move: Protect
|-supereffective|p2a: Nyx|1
|-damage|p1b: Crabominable|14/100
|-damage|p2a: Nyx|0 fnt
|faint|p2a: Nyx
|-damage|p1a: Garchomp|90/100|[from] item: Life Orb
|move|p1b: Crabominable|Close Combat|p2b: Mitsuki
|-activate|p2b: Mitsuki|move: Protect
|
|upkeep
|
|t:|1782570997
|switch|p2a: Charon|Basculegion, L50, M|12/100
|turn|10
|inactive|song0x00 has 30 seconds left.
|inactive|song0x00 has 20 seconds left.
|inactive|song0x00 has 15 seconds left.
|
|t:|1782571037
|move|p1a: Garchomp|Protect|p1a: Garchomp
|-singleturn|p1a: Garchomp|Protect
|move|p2a: Charon|Protect|p2a: Charon
|-singleturn|p2a: Charon|Protect
|move|p2b: Mitsuki|Disable|p1a: Garchomp
|-activate|p1a: Garchomp|move: Protect
|move|p1b: Crabominable|Knock Off|p2b: Mitsuki
|-supereffective|p2b: Mitsuki|1
|-damage|p2b: Mitsuki|0 fnt
|faint|p2b: Mitsuki
|
|upkeep
|turn|11
|
|t:|1782571048
|switch|p1b: Farigiraf|Farigiraf, L50, M|52/100
|move|p2a: Charon|Aqua Jet||[still]
|cant|p1b: Farigiraf|ability: Armor Tail|Aqua Jet|[of] p2a: Charon
|move|p1a: Garchomp|Earthquake|p2a: Charon|[spread] p1b,p2a
|-crit|p2a: Charon
|-damage|p1b: Farigiraf|22/100
|-damage|p2a: Charon|0 fnt
|faint|p2a: Charon
|-damage|p1a: Garchomp|80/100|[from] item: Life Orb
|
|win|NemoAK
||song0x00 is ready for game 2.
||NemoAK is ready for game 2.
|uhtml|next|Next: Game 2 of 3
|l|☆NemoAK
|player|p1|
