|j|☆evioexess
|j|☆Pier (Champion)
|html|evioexessPier (Champion)    
|uhtml|bestof|Game 1 of a best-of-3
|t:|1785263793
|gametype|doubles
|player|p1|evioexess|265|1197
|player|p2|Pier (Champion)|266|1193
|gen|9
|tier|[Gen 9 Champions] VGC 2026 Reg M-B (Bo3)
|rated|
|rule|Species Clause: Limit one of each Pokémon
|rule|Item Clause: Limit 1 of each item
|clearpoke
|poke|p1|Raichu, L50, F|
|poke|p1|Floette-Eternal, L50, F|
|poke|p1|Sinistcha, L50|
|poke|p1|Ceruledge, L50, F|
|poke|p1|Drampa, L50, F|
|poke|p1|Incineroar, L50, M|
|poke|p2|Charizard, L50, M, shiny|
|poke|p2|Basculegion, L50, M|
|poke|p2|Venusaur, L50, M|
|poke|p2|Garchomp, L50, F|
|poke|p2|Corviknight, L50, M|
|poke|p2|Grimmsnarl, L50, M|
|teampreview|4
|showteam|p1|Raichu||RaichuniteY|LightningRod|ZapCannon,FocusBlast,FakeOut,Protect|Timid||F|||50|]Floette-Eternal||Floettite|FlowerVeil|CalmMind,DrainingKiss,Protect,DazzlingGleam|Modest||F|||50|]Sinistcha||KasibBerry|Hospitality|MatchaGotcha,LifeDew,RagePowder,TrickRoom|Bold|||||50|]Ceruledge||ColburBerry|FlashFire|BitterBlade,ShadowSneak,BulkUp,Protect|Adamant||F|||50|]Drampa||HabanBerry|CloudNine|Safeguard,IceBeam,GrassKnot,DracoMeteor|Modest||F|||50|]Incineroar||SitrusBerry|Intimidate|FlareBlitz,ThroatChop,FakeOut,PartingShot|Impish||M|||50|
|showteam|p2|Charizard||CharizarditeY|Blaze|HeatWave,WeatherBall,Protect,SolarBeam|Timid||M|||50|]Basculegion||ChoiceScarf|Adaptability|WaveCrash,FlipTurn,AquaJet,LastRespects|Jolly||M|||50|]Venusaur||FocusSash|Chlorophyll|SolarBeam,SludgeBomb,Protect,SleepPowder|Timid||M|||50|]Garchomp||LifeOrb|RoughSkin|DragonClaw,StompingTantrum,RockSlide,Protect|Jolly||F|||50|]Corviknight||Leftovers|MirrorArmor|BraveBird,BodyPress,BulkUp,Protect|Careful||M|||50|]Grimmsnarl||LightClay|Prankster|SpiritBreak,Reflect,LightScreen,PartingShot|Careful||M|||50|
|inactive|Battle timer is ON: inactive players will automatically lose when time's up. (requested by Pier (Champion))
|inactive|evioexess has 60 seconds left.
|inactive|Pier (Champion) has 60 seconds left.
|
|t:|1785263850
|teamsize|p1|4
|teamsize|p2|4
|start
|switch|p1a: Incineroar|Incineroar, L50, M|100/100
|switch|p1b: Drampa|Drampa, L50, F|100/100
|switch|p2a: Charizard|Charizard, L50, M, shiny|100/100
|switch|p2b: Venusaur|Venusaur, L50, M|100/100
|-ability|p1a: Incineroar|Intimidate|boost
|-unboost|p2a: Charizard|atk|1
|-unboost|p2b: Venusaur|atk|1
|-ability|p1b: Drampa|Cloud Nine
|turn|1
|
|t:|1785263868
|move|p2a: Charizard|Protect|p2a: Charizard
|-singleturn|p2a: Charizard|Protect
|move|p2b: Venusaur|Protect|p2b: Venusaur
|-singleturn|p2b: Venusaur|Protect
|move|p1a: Incineroar|Fake Out|p2b: Venusaur
|-activate|p2b: Venusaur|move: Protect
|move|p1b: Drampa|Safeguard|p1b: Drampa
|-sidestart|p1: evioexess|Safeguard
|
|upkeep
|turn|2
|
|t:|1785263883
|detailschange|p2a: Charizard|Charizard-Mega-Y, L50, M, shiny
|-mega|p2a: Charizard|Charizard|Charizardite Y
|-weather|SunnyDay|[from] ability: Drought|[of] p2a: Charizard
|move|p2a: Charizard|Weather Ball|p1b: Drampa
|-damage|p1b: Drampa|81/100
|move|p2b: Venusaur|Sludge Bomb|p1b: Drampa
|-damage|p1b: Drampa|47/100
|move|p1a: Incineroar|Parting Shot|p2b: Venusaur
|-unboost|p2b: Venusaur|atk|1
|-unboost|p2b: Venusaur|spa|1
|
|t:|1785263894
|switch|p1a: Sinistcha|Sinistcha, L50|100/100|[from] Parting Shot
|-heal|p1b: Drampa|71/100|[from] ability: Hospitality|[of] p1a: Sinistcha
|move|p1b: Drampa|Ice Beam|p2b: Venusaur
|-supereffective|p2b: Venusaur|1
|-damage|p2b: Venusaur|17/100
|
|-weather|SunnyDay|[upkeep]
|upkeep
|turn|3
|
|t:|1785263913
|switch|p1a: Ceruledge|Ceruledge, L50, F|100/100
|move|p2a: Charizard|Heat Wave|p1b: Drampa|[spread] p1b
|-start|p1a: Ceruledge|ability: Flash Fire
|-resisted|p1b: Drampa|1
|-damage|p1b: Drampa|52/100
|move|p2b: Venusaur|Sludge Bomb|p1a: Ceruledge
|-resisted|p1a: Ceruledge|1
|-damage|p1a: Ceruledge|88/100
|move|p1b: Drampa|Ice Beam|p2b: Venusaur
|-supereffective|p2b: Venusaur|1
|-damage|p2b: Venusaur|0 fnt
|faint|p2b: Venusaur
|
|-weather|SunnyDay|[upkeep]
|upkeep
|
|t:|1785263924
|switch|p2b: Basculegion|Basculegion, L50, M|100/100
|turn|4
|
|t:|1785263933
|switch|p2a: Garchomp|Garchomp, L50, F|100/100
|move|p1a: Ceruledge|Protect|p1a: Ceruledge
|-singleturn|p1a: Ceruledge|Protect
|move|p2b: Basculegion|Wave Crash|p1a: Ceruledge
|-activate|p1a: Ceruledge|move: Protect
|move|p1b: Drampa|Grass Knot|p2b: Basculegion
|-supereffective|p2b: Basculegion|1
|-damage|p2b: Basculegion|14/100
|
|-weather|SunnyDay|[upkeep]
|upkeep
|turn|5
|
|t:|1785263949
|switch|p2b: Charizard|Charizard-Mega-Y, L50, M, shiny|100/100
|switch|p1b: Incineroar|Incineroar, L50, M|100/100
|-ability|p1b: Incineroar|Intimidate|boost
|-unboost|p2a: Garchomp|atk|1
|-unboost|p2b: Charizard|atk|1
|move|p1a: Ceruledge|Shadow Sneak|p2b: Charizard
|-damage|p2b: Charizard|74/100
|move|p2a: Garchomp|Dragon Claw|p1b: Incineroar
|-damage|p1b: Incineroar|74/100
|-damage|p2a: Garchomp|90/100|[from] item: Life Orb
|
|-weather|SunnyDay|[upkeep]
|-sideend|p1: evioexess|Safeguard
|upkeep
|turn|6
|
|t:|1785263968
|move|p1b: Incineroar|Fake Out|p2a: Garchomp
|-damage|p2a: Garchomp|80/100
|-damage|p1b: Incineroar|61/100|[from] ability: Rough Skin|[of] p2a: Garchomp
|cant|p2a: Garchomp|flinch
|move|p2b: Charizard|Weather Ball|p1b: Incineroar
|-resisted|p1b: Incineroar|1
|-damage|p1b: Incineroar|26/100
|-enditem|p1b: Incineroar|Sitrus Berry|[eat]
|-heal|p1b: Incineroar|50/100g|[from] item: Sitrus Berry
|move|p1a: Ceruledge|Bulk Up|p1a: Ceruledge
|-boost|p1a: Ceruledge|atk|1
|-boost|p1a: Ceruledge|def|1
|
|-weather|none
|upkeep
|turn|7
|
|t:|1785263993
|switch|p1b: Drampa|Drampa, L50, F|52/100
|-ability|p1b: Drampa|Cloud Nine
|move|p1a: Ceruledge|Protect|p1a: Ceruledge
|-singleturn|p1a: Ceruledge|Protect
|move|p2a: Garchomp|Rock Slide|p1a: Ceruledge|[spread] 
|-activate|p1a: Ceruledge|move: Protect
|-miss|p2a: Garchomp|p1b: Drampa
|move|p2b: Charizard|Weather Ball|p1b: Drampa
|-damage|p1b: Drampa|36/100
|
|upkeep
|turn|8
|
|t:|1785264008
|switch|p1b: Incineroar|Incineroar, L50, M|50/100g
|-ability|p1b: Incineroar|Intimidate|boost
|-unboost|p2a: Garchomp|atk|1
|-unboost|p2b: Charizard|atk|1
|move|p2a: Garchomp|Rock Slide|p1b: Incineroar|[spread] p1b
|-miss|p2a: Garchomp|p1a: Ceruledge
|-supereffective|p1b: Incineroar|1
|-damage|p1b: Incineroar|33/100
|-damage|p2a: Garchomp|70/100|[from] item: Life Orb
|move|p2b: Charizard|Weather Ball|p1b: Incineroar
|-damage|p1b: Incineroar|18/100
|move|p1a: Ceruledge|Bitter Blade|p2a: Garchomp
|-resisted|p2a: Garchomp|1
|-damage|p2a: Garchomp|18/100
|-heal|p1a: Ceruledge|100/100|[from] drain|[of] p2a: Garchomp
|-damage|p1a: Ceruledge|87/100|[from] ability: Rough Skin|[of] p2a: Garchomp
|
|upkeep
|turn|9
|-message|Pier (Champion) forfeited.
|
|win|evioexess
|l|☆Pier (Champion)
|player|p2|
||Pier (Champion) is ready for game 2.
||evioexess is ready for game 2.
|uhtml|next|Next: Game 2 of 3
