|j|☆jANMxRin
|j|☆Zafran777
|html|jANMxRinZafran777    
|uhtml|bestof|Game 1 of a best-of-3
|t:|1756960103
|gametype|doubles
|player|p1|jANMxRin|acerola-masters|1093
|player|p2|Zafran777|aaron|1000
|gen|9
|tier|[Gen 9] VGC 2025 Reg H (Bo3)
|rated|
|rule|Species Clause: Limit one of each Pokémon
|rule|Item Clause: Limit 1 of each item
|clearpoke
|poke|p1|Corviknight, L50, M|
|poke|p1|Tyranitar, L50, M|
|poke|p1|Excadrill, L50, M|
|poke|p1|Indeedee, L50, M|
|poke|p1|Espeon, L50, F|
|poke|p1|Annihilape, L50, M|
|poke|p2|Dragonite, L50, M|
|poke|p2|Gholdengo, L50|
|poke|p2|Amoonguss, L50, F|
|poke|p2|Annihilape, L50, F|
|poke|p2|Ursaluna-Bloodmoon, L50, M|
|poke|p2|Incineroar, L50, F|
|teampreview|4
|showteam|p1|Corviknight||Leftovers|MirrorArmor|BraveBird,BulkUp,Roost,Tailwind|||M|||50|,,,,,Dragon]Tyranitar||AssaultVest|SandStream|RockSlide,KnockOff,LowKick,TeraBlast|||M|||50|,,,,,Flying]Excadrill||FocusSash|SandRush|Earthquake,IronHead,SwordsDance,Protect|||M|||50|,,,,,Ground]Indeedee||ChoiceScarf|PsychicSurge|ExpandingForce,TeraBlast,Trick,Protect|||M|||50|,,,,,Psychic]Espeon||LifeOrb|MagicBounce|ExpandingForce,ShadowBall,TeraBlast,Protect|||F|||50|,,,,,Fighting]Annihilape||SafetyGoggles|Defiant|CloseCombat,FinalGambit,RageFist,Taunt|||M|||50|,,,,,Water
|showteam|p2|Dragonite||LoadedDice|Multiscale|ScaleShot,ExtremeSpeed,Haze,Tailwind|||M|||50|,,,,,Fairy]Gholdengo||MetalCoat|GoodasGold|MakeItRain,ShadowBall,NastyPlot,Protect||||||50|,,,,,Water]Amoonguss||CovertCloak|Regenerator|Spore,RagePowder,PollenPuff,ClearSmog|||F|||50|,,,,,Fire]Annihilape||SafetyGoggles|Defiant|BulkUp,RageFist,Taunt,DrainPunch|||F|||50|,,,,,Dark]Ursaluna-Bloodmoon||AssaultVest|MindsEye|BloodMoon,EarthPower,VacuumWave,HyperVoice|||M|||50|,,,,,Poison]Incineroar||MirrorHerb|Intimidate|FakeOut,PartingShot,KnockOff,FlareBlitz|||F|||50|,,,,,Ghost
|inactive|Battle timer is ON: inactive players will automatically lose when time's up. (requested by Zafran777)
|inactive|jANMxRin has 60 seconds left.
|
|t:|1756960182
|teamsize|p1|4
|teamsize|p2|4
|start
|switch|p1a: Corviknight|Corviknight, L50, M|100/100
|switch|p1b: Excadrill|Excadrill, L50, M|100/100
|switch|p2a: Incineroar|Incineroar, L50, F|100/100
|switch|p2b: Annihilape|Annihilape, L50, F|100/100
|-ability|p2a: Incineroar|Intimidate|boost
|-ability|p1a: Corviknight|Mirror Armor
|-unboost|p2a: Incineroar|atk|1
|-unboost|p1b: Excadrill|atk|1
|turn|1
|inactive|jANMxRin has 30 seconds left.
|inactive|Zafran777 has 30 seconds left.
|
|t:|1756960216
|switch|p2b: Dragonite|Dragonite, L50, M|100/100
|move|p1b: Excadrill|Protect|p1b: Excadrill
|-singleturn|p1b: Excadrill|Protect
|move|p1a: Corviknight|Brave Bird|p2b: Dragonite
|-damage|p2b: Dragonite|80/100
|-damage|p1a: Corviknight|94/100|[from] Recoil
|move|p2a: Incineroar|Parting Shot|p1b: Excadrill
|-activate|p1b: Excadrill|move: Protect
|
|-heal|p1a: Corviknight|99/100|[from] item: Leftovers
|upkeep
|turn|2
|j| redshoes7
|inactive|jANMxRin has 30 seconds left.
|inactive|Zafran777 has 30 seconds left.
|l| redshoes7
|inactive|jANMxRin has 20 seconds left.
|inactive|jANMxRin has 15 seconds left.
|inactive|jANMxRin has 10 seconds left.
|
|t:|1756960264
|move|p1b: Excadrill|Earthquake|p2b: Dragonite|[spread] p2a
|-immune|p1a: Corviknight
|-immune|p2b: Dragonite
|-supereffective|p2a: Incineroar
|-damage|p2a: Incineroar|53/100
|move|p2b: Dragonite|Tailwind|p2b: Dragonite
|-sidestart|p2: Zafran777|move: Tailwind
|move|p2a: Incineroar|Parting Shot|p1b: Excadrill
|-unboost|p1b: Excadrill|atk|1
|-unboost|p1b: Excadrill|spa|1
|
|t:|1756960278
|switch|p2a: Ursaluna|Ursaluna-Bloodmoon, L50, M|100/100|[from] Parting Shot
|move|p1a: Corviknight|Tailwind|p1a: Corviknight
|-sidestart|p1: jANMxRin|move: Tailwind
|
|-heal|p1a: Corviknight|100/100|[from] item: Leftovers
|upkeep
|turn|3
|inactive|jANMxRin has 30 seconds left.
|
|t:|1756960304
|move|p1b: Excadrill|Protect|p1b: Excadrill
|-singleturn|p1b: Excadrill|Protect
|move|p2b: Dragonite|Scale Shot|p1a: Corviknight
|-resisted|p1a: Corviknight
|-damage|p1a: Corviknight|95/100
|-resisted|p1a: Corviknight
|-damage|p1a: Corviknight|89/100
|-resisted|p1a: Corviknight
|-damage|p1a: Corviknight|83/100
|-resisted|p1a: Corviknight
|-damage|p1a: Corviknight|77/100
|-resisted|p1a: Corviknight
|-damage|p1a: Corviknight|71/100
|-hitcount|p1a: Corviknight|5
|-unboost|p2b: Dragonite|def|1
|-boost|p2b: Dragonite|spe|1
|move|p1a: Corviknight|Bulk Up|p1a: Corviknight
|-boost|p1a: Corviknight|atk|1
|-boost|p1a: Corviknight|def|1
|move|p2a: Ursaluna|Earth Power|p1b: Excadrill
|-activate|p1b: Excadrill|move: Protect
|
|-heal|p1a: Corviknight|77/100|[from] item: Leftovers
|upkeep
|turn|4
|inactive|jANMxRin has 30 seconds left.
|inactive|Zafran777 has 30 seconds left.
|
|t:|1756960338
|switch|p2b: Incineroar|Incineroar, L50, F|53/100
|-ability|p2b: Incineroar|Intimidate|boost
|-ability|p1a: Corviknight|Mirror Armor
|-unboost|p2b: Incineroar|atk|1
|-unboost|p1b: Excadrill|atk|1
|move|p1b: Excadrill|Iron Head|p2a: Ursaluna
|-damage|p2a: Ursaluna|86/100
|move|p1a: Corviknight|Brave Bird|p2a: Ursaluna
|-damage|p2a: Ursaluna|38/100
|-damage|p1a: Corviknight|60/100|[from] Recoil
|move|p2a: Ursaluna|Hyper Voice|p1b: Excadrill|[spread] p1a,p1b
|-resisted|p1a: Corviknight
|-resisted|p1b: Excadrill
|-damage|p1a: Corviknight|46/100
|-damage|p1b: Excadrill|76/100
|
|-heal|p1a: Corviknight|52/100|[from] item: Leftovers
|upkeep
|turn|5
|inactive|Zafran777 has 30 seconds left.
|inactive|jANMxRin has 30 seconds left.
|inactive|Zafran777 has 20 seconds left.
|
|t:|1756960380
|-terastallize|p1b: Excadrill|Ground
|move|p2b: Incineroar|Fake Out|p1a: Corviknight
|-resisted|p1a: Corviknight
|-damage|p1a: Corviknight|50/100
|move|p2a: Ursaluna|Vacuum Wave|p1a: Corviknight
|-damage|p1a: Corviknight|37/100
|move|p1b: Excadrill|Swords Dance|p1b: Excadrill
|-boost|p1b: Excadrill|atk|2
|-enditem|p2b: Incineroar|Mirror Herb
|-boost|p2b: Incineroar|atk|2|[from] item: Mirror Herb
|cant|p1a: Corviknight|flinch
|
|-heal|p1a: Corviknight|43/100|[from] item: Leftovers
|-sideend|p2: Zafran777|move: Tailwind
|-sideend|p1: jANMxRin|move: Tailwind
|upkeep
|turn|6
|
|t:|1756960405
|switch|p2a: Dragonite|Dragonite, L50, M|80/100
|move|p1b: Excadrill|Earthquake|p2a: Dragonite|[spread] p2b
|-immune|p1a: Corviknight
|-immune|p2a: Dragonite
|-supereffective|p2b: Incineroar
|-damage|p2b: Incineroar|0 fnt
|faint|p2b: Incineroar
|move|p1a: Corviknight|Roost|p1a: Corviknight
|-heal|p1a: Corviknight|93/100
|-singleturn|p1a: Corviknight|move: Roost
|
|-heal|p1a: Corviknight|99/100|[from] item: Leftovers
|upkeep
|-message|Zafran777 forfeited.
|
|win|jANMxRin
