|j|☆TheLackluster7
|j|☆owbd
|html|TheLackluster7owbd    
|uhtml|bestof|Game 2 of a best-of-3
|t:|1756799246
|gametype|doubles
|player|p1|TheLackluster7|juggler|1146
|player|p2|owbd|cynthia-gen4|1086
|gen|9
|tier|[Gen 9] VGC 2025 Reg H (Bo3)
|rated|
|rule|Species Clause: Limit one of each Pokémon
|rule|Item Clause: Limit 1 of each item
|clearpoke
|poke|p1|Indeedee-F, L50, F|
|poke|p1|Armarouge, L50, F|
|poke|p1|Zoroark-Hisui, L50, M|
|poke|p1|Sneasler, L50, F|
|poke|p1|Ursaluna-Bloodmoon, L50, M|
|poke|p1|Ninetales-Alola, L50, F|
|poke|p2|Gholdengo, L50|
|poke|p2|Incineroar, L50, F|
|poke|p2|Ursaluna-Bloodmoon, L50, M|
|poke|p2|Indeedee, L50, M|
|poke|p2|Sneasler, L50, F|
|poke|p2|Murkrow, L50, F|
|teampreview|4
|showteam|p1|Indeedee-F||MentalHerb|PsychicSurge|HelpingHand,Psychic,FollowMe,TrickRoom|||F|||50|,,,,,Steel]Armarouge||LifeOrb|FlashFire|ArmorCannon,ExpandingForce,AuraSphere,Protect|||F|||50|,,,,,Grass]Zoroark-Hisui||FocusSash|Illusion|NastyPlot,HyperVoice,ShadowBall,Protect|||M|||50|,,,,,Stellar]Sneasler||PsychicSeed|Unburden|ThroatChop,DireClaw,CloseCombat,Protect|||F|||50|,,,,,Dark]Ursaluna-Bloodmoon||SilkScarf|MindsEye|Protect,BloodMoon,HyperVoice,EarthPower|||M|||50|,,,,,Poison]Ninetales-Alola||CovertCloak|SnowWarning|AuroraVeil,Blizzard,CalmMind,Moonblast|||F|||50|,,,,,Ghost
|showteam|p2|Gholdengo||ChoiceSpecs|GoodasGold|MakeItRain,ShadowBall,Thunderbolt,Trick||||||50|,,,,,Steel]Incineroar||SafetyGoggles|Intimidate|FlareBlitz,PartingShot,FakeOut,KnockOff|||F|||50|,,,,,Ghost]Ursaluna-Bloodmoon||AssaultVest|MindsEye|BloodMoon,EarthPower,HyperVoice,Moonblast|||M|||50|,,,,,Normal]Indeedee||FocusSash|PsychicSurge|ExpandingForce,Protect,TrickRoom,Imprison|||M|||50|,,,,,Psychic]Sneasler||PsychicSeed|Unburden|CloseCombat,DireClaw,FakeOut,ThroatChop|||F|||50|,,,,,Stellar]Murkrow||CovertCloak|Prankster|FoulPlay,Haze,SunnyDay,Tailwind|||F|||50|,,,,,Dark
|
|t:|1756799285
|teamsize|p1|4
|teamsize|p2|4
|start
|switch|p1a: Sneasler|Sneasler, L50, F|100/100
|switch|p1b: Ninetales|Ninetales-Alola, L50, F|100/100
|switch|p2a: Indeedee|Indeedee, L50, M|100/100
|switch|p2b: Sneasler|Sneasler, L50, F|100/100
|-weather|Snowscape|[from] ability: Snow Warning|[of] p1b: Ninetales
|-fieldstart|move: Psychic Terrain|[from] ability: Psychic Surge|[of] p2a: Indeedee
|-enditem|p1a: Sneasler|Psychic Seed
|-boost|p1a: Sneasler|spd|1|[from] item: Psychic Seed
|-enditem|p2b: Sneasler|Psychic Seed
|-boost|p2b: Sneasler|spd|1|[from] item: Psychic Seed
|turn|1
|
|t:|1756799321
|-terastallize|p1a: Sneasler|Dark
|-terastallize|p2a: Indeedee|Psychic
|move|p1a: Sneasler|Dire Claw|p2b: Sneasler
|-resisted|p2b: Sneasler
|-damage|p2b: Sneasler|71/100
|-status|p2b: Sneasler|par
|move|p1b: Ninetales|Aurora Veil|p1b: Ninetales
|-sidestart|p1: TheLackluster7|move: Aurora Veil
|move|p2a: Indeedee|Expanding Force|p1b: Ninetales|[spread] p1b
|-immune|p1a: Sneasler
|-damage|p1b: Ninetales|50/100
|move|p2b: Sneasler|Dire Claw|p1b: Ninetales
|-supereffective|p1b: Ninetales
|-damage|p1b: Ninetales|3/100
|
|-weather|Snowscape|[upkeep]
|upkeep
|turn|2
|
|t:|1756799340
|move|p1a: Sneasler|Throat Chop|p2a: Indeedee
|-supereffective|p2a: Indeedee
|-enditem|p2a: Indeedee|Focus Sash
|-damage|p2a: Indeedee|1/100
|-start|p2a: Indeedee|Throat Chop|[silent]
|move|p1b: Ninetales|Blizzard|p2a: Indeedee|[spread] p2a,p2b
|-damage|p2a: Indeedee|0 fnt
|-damage|p2b: Sneasler|51/100 par
|faint|p2a: Indeedee
|cant|p2b: Sneasler|par
|
|-weather|Snowscape|[upkeep]
|upkeep
|
|t:|1756799355
|switch|p2a: Gholdengo|Gholdengo, L50|100/100
|turn|3
|
|t:|1756799367
|move|p1a: Sneasler|Throat Chop|p2a: Gholdengo
|-supereffective|p2a: Gholdengo
|-damage|p2a: Gholdengo|10/100
|-start|p2a: Gholdengo|Throat Chop|[silent]
|move|p1b: Ninetales|Moonblast|p2b: Sneasler
|-damage|p2b: Sneasler|26/100 par
|-unboost|p2b: Sneasler|spa|1
|cant|p2b: Sneasler|par
|move|p2a: Gholdengo|Make It Rain|p1a: Sneasler|[spread] p1a,p1b
|-supereffective|p1b: Ninetales
|-damage|p1a: Sneasler|60/100
|-damage|p1b: Ninetales|0 fnt
|-unboost|p2a: Gholdengo|spa|1
|faint|p1b: Ninetales
|
|-weather|Snowscape|[upkeep]
|upkeep
|
|t:|1756799381
|switch|p1b: Ursaluna|Ursaluna-Bloodmoon, L50, M|100/100
|turn|4
|
|t:|1756799397
|move|p1a: Sneasler|Dire Claw|p2b: Sneasler
|-resisted|p2b: Sneasler
|-damage|p2b: Sneasler|0 fnt
|faint|p2b: Sneasler
|move|p2a: Gholdengo|Make It Rain|p1b: Ursaluna|[spread] p1a,p1b
|-damage|p1a: Sneasler|32/100
|-damage|p1b: Ursaluna|62/100
|-unboost|p2a: Gholdengo|spa|1
|move|p1b: Ursaluna|Hyper Voice|p2a: Gholdengo
|-resisted|p2a: Gholdengo
|-damage|p2a: Gholdengo|0 fnt
|faint|p2a: Gholdengo
|
|-weather|Snowscape|[upkeep]
|upkeep
|
|t:|1756799417
|switch|p2b: Ursaluna|Ursaluna-Bloodmoon, L50, M|100/100
|turn|5
|c|☆TheLackluster7|Sorry about the hax.
|
|t:|1756799428
|move|p1a: Sneasler|Close Combat|p2b: Ursaluna
|-supereffective|p2b: Ursaluna
|-damage|p2b: Ursaluna|5/100
|-unboost|p1a: Sneasler|def|1
|-unboost|p1a: Sneasler|spd|1
|move|p2b: Ursaluna|Hyper Voice|p1b: Ursaluna|[spread] p1a,p1b
|-damage|p1a: Sneasler|0 fnt
|-damage|p1b: Ursaluna|37/100
|faint|p1a: Sneasler
|move|p1b: Ursaluna|Blood Moon|p2b: Ursaluna
|-damage|p2b: Ursaluna|0 fnt
|faint|p2b: Ursaluna
|
|win|TheLackluster7
|c|☆owbd|its fine
||TheLackluster7 is ready for game 3.
||owbd is ready for game 3.
|uhtml|next|Next: Game 3 of 3
|l|☆TheLackluster7
|player|p1|
