|j|☆NiftySeeShrekYT
|j|☆Ro4901
|html|NiftySeeShrekYTRo4901    
|uhtml|bestof|Game 2 of a best-of-3
|t:|1783806490
|gametype|doubles
|player|p1|NiftySeeShrekYT|170|
|player|p2|Ro4901|265|
|gen|9
|tier|[Gen 9 Champions] VGC 2026 Reg M-B (Bo3)
|rule|Species Clause: Limit one of each Pokémon
|rule|Item Clause: Limit 1 of each item
|clearpoke
|poke|p1|Charizard, L50, F|
|poke|p1|Torkoal, L50, F|
|poke|p1|Farigiraf, L50, F|
|poke|p1|Staraptor, L50, F|
|poke|p1|Venusaur, L50, F|
|poke|p1|Incineroar, L50, M|
|poke|p2|Grimmsnarl, L50, M|
|poke|p2|Swampert, L50, M|
|poke|p2|Pelipper, L50, M|
|poke|p2|Archaludon, L50, M|
|poke|p2|Mawile, L50, M|
|poke|p2|Farigiraf, L50, M|
|teampreview|4
|showteam|p1|Charizard||CharizarditeY|Blaze|ScorchingSands,HeatWave,Protect,SolarBeam|Modest||F|||50|]Torkoal||Charcoal|Drought|Eruption,HeatWave,WeatherBall,Protect|Quiet||F|||50|]Farigiraf||SitrusBerry|ArmorTail|HyperVoice,Psychic,Protect,TrickRoom|Quiet||F|||50|]Staraptor||ChoiceScarf|Intimidate|FinalGambit,Uturn,BraveBird,Whirlwind|Jolly||F|||50|]Venusaur||FocusSash|Chlorophyll|Protect,EnergyBall,SludgeBomb,SolarBeam|Modest||F|||50|]Incineroar||Leftovers|Intimidate|FakeOut,DarkestLariat,FlareBlitz,PartingShot|Adamant||M|||50|
|showteam|p2|Grimmsnarl||LightClay|Prankster|FoulPlay,PartingShot,Reflect,LightScreen|Calm||M|||50|]Swampert||Swampertite|Damp|WaveCrash,Earthquake,IcePunch,Protect|Adamant||M|||50|]Pelipper||SitrusBerry|Drizzle|Hurricane,WeatherBall,Tailwind,WideGuard|Modest||M|||50|]Archaludon||Leftovers|Stamina|ElectroShot,DragonPulse,FlashCannon,Protect|Modest||M|||50|]Mawile||Mawilite|HyperCutter|PlayRough,IronHead,SuckerPunch,Protect|Adamant||M|||50|]Farigiraf||ColburBerry|ArmorTail|HyperVoice,Psychic,Protect,TrickRoom|Relaxed||M|||50|
|inactive|Battle timer is ON: inactive players will automatically lose when time's up. (requested by NiftySeeShrekYT)
|inactive|Ro4901 has 60 seconds left.
|
|t:|1783806532
|teamsize|p1|4
|teamsize|p2|4
|start
|switch|p1a: Gay Bird|Staraptor, L50, F|100/100
|switch|p1b: Farigiraf|Farigiraf, L50, F|100/100
|switch|p2a: Grimmsnarl|Grimmsnarl, L50, M|100/100
|switch|p2b: Archaludon|Archaludon, L50, M|100/100
|-ability|p1a: Gay Bird|Intimidate|boost
|-unboost|p2a: Grimmsnarl|atk|1
|-unboost|p2b: Archaludon|atk|1
|turn|1
|inactive|NiftySeeShrekYT has 30 seconds left.
|inactive|Ro4901 has 30 seconds left.
|inactive|Ro4901 has 20 seconds left.
|inactive|Ro4901 has 15 seconds left.
|inactive|Ro4901 has 10 seconds left.
|
|t:|1783806580
|move|p2b: Archaludon|Protect|p2b: Archaludon
|-singleturn|p2b: Archaludon|Protect
|move|p2a: Grimmsnarl|Reflect|p2a: Grimmsnarl
|-sidestart|p2: Ro4901|Reflect
|move|p1a: Gay Bird|Final Gambit|p2b: Archaludon
|-activate|p2b: Archaludon|move: Protect
|move|p1b: Farigiraf|Hyper Voice|p2a: Grimmsnarl|[spread] p2a
|-activate|p2b: Archaludon|move: Protect
|-damage|p2a: Grimmsnarl|74/100
|
|upkeep
|turn|2
|inactive|Ro4901 has 30 seconds left.
|
|t:|1783806610
|move|p2b: Archaludon|Protect||[still]
|-fail|p2b: Archaludon
|move|p2a: Grimmsnarl|Light Screen|p2a: Grimmsnarl
|-sidestart|p2: Ro4901|move: Light Screen
|move|p1a: Gay Bird|Final Gambit|p2b: Archaludon
|-damage|p2b: Archaludon|2/100
|-ability|p2b: Archaludon|Stamina|boost
|-boost|p2b: Archaludon|def|1
|faint|p1a: Gay Bird
|move|p1b: Farigiraf|Trick Room|p1b: Farigiraf
|-fieldstart|move: Trick Room|[of] p1b: Farigiraf
|
|-heal|p2b: Archaludon|8/100|[from] item: Leftovers
|upkeep
|
|t:|1783806627
|switch|p1a: Flowey|Venusaur, L50, F|100/100
|turn|3
|
|t:|1783806648
|switch|p2a: Pelipper|Pelipper, L50, M|100/100
|-weather|RainDance|[from] ability: Drizzle|[of] p2a: Pelipper
|move|p2b: Archaludon|Protect|p2b: Archaludon
|-singleturn|p2b: Archaludon|Protect
|move|p1b: Farigiraf|Hyper Voice|p2a: Pelipper|[spread] p2a
|-activate|p2b: Archaludon|move: Protect
|-damage|p2a: Pelipper|77/100
|move|p1a: Flowey|Energy Ball|p2a: Pelipper
|-damage|p2a: Pelipper|46/100
|-enditem|p2a: Pelipper|Sitrus Berry|[eat]
|-heal|p2a: Pelipper|70/100|[from] item: Sitrus Berry
|
|-weather|RainDance|[upkeep]
|-heal|p2b: Archaludon|14/100|[from] item: Leftovers
|upkeep
|turn|4
|inactive|Ro4901 has 30 seconds left.
|inactive|Ro4901 has 20 seconds left.
|
|t:|1783806687
|switch|p2b: Swampert|Swampert, L50, M|100/100
|move|p1b: Farigiraf|Hyper Voice|p2b: Swampert|[spread] p2a,p2b
|-damage|p2a: Pelipper|48/100
|-damage|p2b: Swampert|79/100
|move|p2a: Pelipper|Hurricane|p1a: Flowey
|-supereffective|p1a: Flowey|1
|-damage|p1a: Flowey|12/100
|-start|p1a: Flowey|confusion
|-activate|p1a: Flowey|confusion
|move|p1a: Flowey|Energy Ball|p2a: Pelipper
|-crit|p2a: Pelipper
|-damage|p2a: Pelipper|0 fnt
|faint|p2a: Pelipper
|
|-weather|RainDance|[upkeep]
|upkeep
|
|t:|1783806704
|switch|p2a: Archaludon|Archaludon, L50, M|14/100
|turn|5
|inactive|Ro4901 has 30 seconds left.
|
|t:|1783806732
|move|p2b: Swampert|Protect|p2b: Swampert
|-singleturn|p2b: Swampert|Protect
|move|p2a: Archaludon|Protect|p2a: Archaludon
|-singleturn|p2a: Archaludon|Protect
|move|p1b: Farigiraf|Hyper Voice|p2a: Archaludon|[spread] 
|-activate|p2a: Archaludon|move: Protect
|-activate|p2b: Swampert|move: Protect
|-activate|p1a: Flowey|confusion
|-damage|p1a: Flowey|5/100|[from] confusion
|
|-weather|RainDance|[upkeep]
|-heal|p2a: Archaludon|20/100y|[from] item: Leftovers
|upkeep
|turn|6
|inactive|NiftySeeShrekYT has 30 seconds left.
|inactive|NiftySeeShrekYT has 20 seconds left.
|inactive|NiftySeeShrekYT has 15 seconds left.
|inactive|NiftySeeShrekYT has 10 seconds left.
|inactive|NiftySeeShrekYT has 5 seconds left.
|
|t:|1783806787
|switch|p2b: Grimmsnarl|Grimmsnarl, L50, M|74/100
|-activate|p1a: Flowey|confusion
|move|p1a: Flowey|Protect|p1a: Flowey
|-singleturn|p1a: Flowey|Protect
|move|p1b: Farigiraf|Hyper Voice|p2a: Archaludon|[spread] p2a,p2b
|-resisted|p2a: Archaludon|1
|-damage|p2a: Archaludon|12/100
|-damage|p2b: Grimmsnarl|56/100
|-ability|p2a: Archaludon|Stamina|boost
|-boost|p2a: Archaludon|def|1
|move|p2a: Archaludon|Electro Shot||[still]
|-prepare|p2a: Archaludon|Electro Shot
|-boost|p2a: Archaludon|spa|1
|-anim|p2a: Archaludon|Electro Shot|p1b: Farigiraf
|-damage|p1b: Farigiraf|42/100
|-enditem|p1b: Farigiraf|Sitrus Berry|[eat]
|-heal|p1b: Farigiraf|67/100|[from] item: Sitrus Berry
|
|-weather|RainDance|[upkeep]
|-heal|p2a: Archaludon|18/100|[from] item: Leftovers
|-fieldend|move: Trick Room
|upkeep
|turn|7
|inactive|NiftySeeShrekYT has 30 seconds left.
|inactive|Ro4901 has 30 seconds left.
|inactive|Ro4901 has 20 seconds left.
|inactive|Ro4901 has 15 seconds left.
|
|t:|1783806827
|switch|p1b: Aura Monster|Torkoal, L50, F|100/100
|-weather|SunnyDay|[from] ability: Drought|[of] p1b: Aura Monster
|-activate|p1a: Flowey|confusion
|-damage|p1a: Flowey|0 fnt|[from] confusion
|faint|p1a: Flowey
|move|p2a: Archaludon|Dragon Pulse|p1b: Aura Monster
|-damage|p1b: Aura Monster|18/100
|move|p2b: Grimmsnarl|Foul Play|p1b: Aura Monster
|-damage|p1b: Aura Monster|0 fnt
|faint|p1b: Aura Monster
|
|-weather|SunnyDay|[upkeep]
|-heal|p2a: Archaludon|24/100|[from] item: Leftovers
|upkeep
|
|t:|1783806836
|switch|p1a: Farigiraf|Farigiraf, L50, F|67/100
|turn|8
|c|☆Ro4901|that was lucky
|
|t:|1783806850
|move|p2a: Archaludon|Protect|p2a: Archaludon
|-singleturn|p2a: Archaludon|Protect
|move|p2b: Grimmsnarl|Foul Play|p1a: Farigiraf
|-supereffective|p1a: Farigiraf|1
|-damage|p1a: Farigiraf|19/100
|move|p1a: Farigiraf|Hyper Voice|p2b: Grimmsnarl|[spread] p2b
|-activate|p2a: Archaludon|move: Protect
|-damage|p2b: Grimmsnarl|40/100
|
|-weather|SunnyDay|[upkeep]
|-heal|p2a: Archaludon|30/100|[from] item: Leftovers
|-sideend|p2: Ro4901|Reflect
|upkeep
|turn|9
|
|t:|1783806864
|move|p2a: Archaludon|Dragon Pulse|p1a: Farigiraf
|-damage|p1a: Farigiraf|0 fnt
|faint|p1a: Farigiraf
|
|win|Ro4901
||NiftySeeShrekYT is ready for game 3.
||Ro4901 is ready for game 3.
|uhtml|next|Next: Game 3 of 3
|l|☆NiftySeeShrekYT
|player|p1|
|j|☆NiftySeeShrekYT
|player|p1|NiftySeeShrekYT|170|
