|j|☆natsukivgc
|j|☆Gorka1971
|html|natsukivgcGorka1971    
|uhtml|bestof|Game 1 of a best-of-3
|t:|1785695681
|gametype|doubles
|player|p1|natsukivgc|102|1265
|player|p2|Gorka1971|101|1271
|gen|9
|tier|[Gen 9 Champions] VGC 2026 Reg M-B (Bo3)
|rated|
|rule|Species Clause: Limit one of each Pokémon
|rule|Item Clause: Limit 1 of each item
|clearpoke
|poke|p1|Garchomp, L50, M|
|poke|p1|Charizard, L50, M|
|poke|p1|Kingambit, L50, M|
|poke|p1|Basculegion, L50, M|
|poke|p1|Whimsicott, L50, M|
|poke|p1|Floette-Eternal, L50, F|
|poke|p2|Sylveon, L50, F|
|poke|p2|Aerodactyl, L50, M|
|poke|p2|Charizard, L50, F|
|poke|p2|Metagross, L50|
|poke|p2|Garchomp, L50, F|
|poke|p2|Incineroar, L50, M|
|teampreview|4
|showteam|p1|Garchomp||SitrusBerry|RoughSkin|RockSlide,DragonTail,StompingTantrum,PoisonJab|Adamant||M|||50|]Charizard||CharizarditeY|Blaze|HeatWave,SolarBeam,WeatherBall,Protect|Modest||M|||50|]Kingambit||LifeOrb|Defiant|KowtowCleave,IronHead,SuckerPunch,LowKick|Adamant||M|||50|]Basculegion||ChoiceScarf|Adaptability|LastRespects,WaveCrash,FlipTurn,AquaJet|Jolly||M|||50|]Whimsicott||FocusSash|Prankster|Tailwind,Moonblast,Encore,Protect|Timid||M|||50|]Floette-Eternal||Floettite|FlowerVeil|DazzlingGleam,Moonblast,LightofRuin,Protect|Modest||F|||50|
|showteam|p2|Sylveon||FairyFeather|Pixilate|HyperVoice,HyperBeam,QuickAttack,Detect|Modest||F|||50|]Aerodactyl||FocusSash|Unnerve|RockSlide,DualWingbeat,Tailwind,Protect|Jolly||M|||50|]Charizard||CharizarditeY|SolarPower|HeatWave,WeatherBall,SolarBeam,Protect|Modest||F|||50|]Metagross||Metagrossite|ClearBody|BulletPunch,PsychicFangs,BodyPress,Protect|Adamant|||||50|]Garchomp||LifeOrb|RoughSkin|RockSlide,Earthquake,DragonClaw,Protect|Jolly||F|||50|]Incineroar||SitrusBerry|Intimidate|FlareBlitz,DarkestLariat,PartingShot,Protect|Careful||M|||50|
|
|t:|1785695725
|teamsize|p1|4
|teamsize|p2|4
|start
|switch|p1a: Charizard|Charizard, L50, M|100/100
|switch|p1b: Basculegion|Basculegion, L50, M|100/100
|switch|p2a: Aerodactyl|Aerodactyl, L50, M|100/100
|switch|p2b: Sylveon|Sylveon, L50, F|100/100
|-ability|p2a: Aerodactyl|Unnerve
|turn|1
|
|t:|1785695740
|detailschange|p1a: Charizard|Charizard-Mega-Y, L50, M
|-mega|p1a: Charizard|Charizard|Charizardite Y
|-weather|SunnyDay|[from] ability: Drought|[of] p1a: Charizard
|move|p1a: Charizard|Protect|p1a: Charizard
|-singleturn|p1a: Charizard|Protect
|move|p1b: Basculegion|Flip Turn|p2a: Aerodactyl
|-supereffective|p2a: Aerodactyl|1
|-damage|p2a: Aerodactyl|46/100
|
|t:|1785695752
|switch|p1b: Whimsicott|Whimsicott, L50, M|100/100|[from] Flip Turn
|move|p2a: Aerodactyl|Rock Slide|p1b: Whimsicott|[spread] p1b
|-activate|p1a: Charizard|move: Protect
|-damage|p1b: Whimsicott|65/100
|move|p2b: Sylveon|Hyper Voice|p1b: Whimsicott|[spread] p1b
|-activate|p1a: Charizard|move: Protect
|-damage|p1b: Whimsicott|0 fnt
|faint|p1b: Whimsicott
|
|-weather|SunnyDay|[upkeep]
|upkeep
|
|t:|1785695766
|switch|p1b: Kingambit|Kingambit, L50, M|100/100
|turn|2
|
|t:|1785695789
|switch|p1a: Basculegion|Basculegion, L50, M|100/100
|move|p2a: Aerodactyl|Rock Slide|p1a: Basculegion|[spread] p1a,p1b
|-resisted|p1b: Kingambit|1
|-damage|p1a: Basculegion|67/100
|-damage|p1b: Kingambit|88/100
|move|p1b: Kingambit|Iron Head|p2a: Aerodactyl
|-supereffective|p2a: Aerodactyl|1
|-damage|p2a: Aerodactyl|0 fnt
|faint|p2a: Aerodactyl
|-damage|p1b: Kingambit|79/100|[from] item: Life Orb
|move|p2b: Sylveon|Hyper Beam|p1b: Kingambit
|-damage|p1b: Kingambit|0 fnt
|-mustrecharge|p2b: Sylveon
|faint|p1b: Kingambit
|
|-weather|SunnyDay|[upkeep]
|upkeep
|
|t:|1785695803
|switch|p2a: Metagross|Metagross, L50|100/100
|switch|p1b: Charizard|Charizard-Mega-Y, L50, M|100/100
|turn|3
|
|t:|1785695833
|detailschange|p2a: Metagross|Metagross-Mega, L50
|-mega|p2a: Metagross|Metagross|Metagrossite
|move|p2a: Metagross|Protect|p2a: Metagross
|-singleturn|p2a: Metagross|Protect
|move|p1a: Basculegion|Last Respects|p2b: Sylveon
|-damage|p2b: Sylveon|3/100
|move|p1b: Charizard|Weather Ball|p2a: Metagross
|-activate|p2a: Metagross|move: Protect
|cant|p2b: Sylveon|recharge
|
|-weather|SunnyDay|[upkeep]
|upkeep
|turn|4
|
|t:|1785695870
|move|p2b: Sylveon|Detect|p2b: Sylveon
|-singleturn|p2b: Sylveon|Protect
|move|p2a: Metagross|Bullet Punch|p1a: Basculegion
|-resisted|p1a: Basculegion|1
|-damage|p1a: Basculegion|50/100g
|move|p1a: Basculegion|Last Respects|p2a: Metagross
|-supereffective|p2a: Metagross|1
|-damage|p2a: Metagross|0 fnt
|faint|p2a: Metagross
|move|p1b: Charizard|Weather Ball|p2b: Sylveon
|-activate|p2b: Sylveon|move: Protect
|
|-weather|SunnyDay|[upkeep]
|upkeep
|
|t:|1785695880
|switch|p2a: Garchomp|Garchomp, L50, F|100/100
|turn|5
|
|t:|1785695901
|move|p1a: Basculegion|Last Respects|p2a: Garchomp
|-damage|p2a: Garchomp|20/100y
|move|p2a: Garchomp|Rock Slide|p1b: Charizard|[spread] p1a,p1b
|-supereffective|p1b: Charizard|2
|-damage|p1a: Basculegion|19/100
|-damage|p1b: Charizard|4/100
|-damage|p2a: Garchomp|10/100|[from] item: Life Orb
|move|p1b: Charizard|Weather Ball|p2b: Sylveon
|-damage|p2b: Sylveon|0 fnt
|faint|p2b: Sylveon
|
|-weather|none
|upkeep
|turn|6
|-message|Gorka1971 forfeited.
|
|win|natsukivgc
