|j|☆puli95
|j|☆playrornds
|html|puli95playrornds    
|uhtml|bestof|Game 1 of a best-of-3
|t:|1756598599
|gametype|doubles
|player|p1|puli95|170|1001
|player|p2|playrornds|giovanni-gen1rb|1106
|gen|9
|tier|[Gen 9] VGC 2025 Reg H (Bo3)
|rated|
|rule|Species Clause: Limit one of each Pokémon
|rule|Item Clause: Limit 1 of each item
|clearpoke
|poke|p1|Garchomp, L50, F|
|poke|p1|Corviknight, L50, M|
|poke|p1|Whimsicott, L50, F|
|poke|p1|Incineroar, L50, M|
|poke|p1|Torkoal, L50, F|
|poke|p1|Slowbro-Galar, L50, M|
|poke|p2|Gholdengo, L50|
|poke|p2|Kilowattrel, L50, F|
|poke|p2|Ursaluna, L50, F|
|poke|p2|Porygon2, L50|
|poke|p2|Incineroar, L50, M|
|poke|p2|Amoonguss, L50, M|
|teampreview|4
|showteam|p1|Garchomp||RockyHelmet|RoughSkin|DragonClaw,StompingTantrum,Earthquake,Protect|||F|||50|,,,,,Ground]Corviknight||WeaknessPolicy|MirrorArmor|BodyPress,PowerTrip,IronDefense,Roost|||M|||50|,,,,,Water]Whimsicott||CovertCloak|Prankster|Moonblast,Tailwind,Encore,LightScreen|||F|||50|,,,,,Dark]Incineroar||SafetyGoggles|Intimidate|KnockOff,WillOWisp,FakeOut,PartingShot|||M|||50|,,,,,Bug]Torkoal||Charcoal|Drought|Eruption,HeatWave,EarthPower,Protect|||F|||50|,,,,,Fire]Slowbro-Galar||QuickClaw|QuickDraw|ShellSideArm,ExpandingForce,TrickRoom,HealPulse|||M|||50|,,,,,Dark
|showteam|p2|Gholdengo||LifeOrb|GoodasGold|MakeItRain,ShadowBall,NastyPlot,Protect||||||50|,,,,,Water]Kilowattrel||FocusSash|Competitive|Thunderbolt,AirSlash,Tailwind,Protect|||F|||50|,,,,,Ghost]Ursaluna||FlameOrb|Guts|Facade,HeadlongRush,Earthquake,Protect|||F|||50|,,,,,Fairy]Porygon2||Eviolite|Download|TeraBlast,IceBeam,Recover,TrickRoom||||||50|,,,,,Fighting]Incineroar||AssaultVest|Intimidate|FakeOut,FlareBlitz,KnockOff,Uturn|||M|||50|,,,,,Grass]Amoonguss||SitrusBerry|Regenerator|SludgeBomb,Spore,RagePowder,Protect|||M|||50|,,,,,Water
|c|☆playrornds|i like that little goober
|
|t:|1756598691
|teamsize|p1|4
|teamsize|p2|4
|start
|switch|p1a: Corviknight|Corviknight, L50, M|100/100
|switch|p1b: Incineroar|Incineroar, L50, M|100/100
|switch|p2a: Amoonguss|Amoonguss, L50, M|100/100
|switch|p2b: Gholdengo|Gholdengo, L50|100/100
|-ability|p1b: Incineroar|Intimidate|boost
|-unboost|p2a: Amoonguss|atk|1
|-unboost|p2b: Gholdengo|atk|1
|turn|1
|
|t:|1756598728
|-terastallize|p2b: Gholdengo|Water
|move|p1b: Incineroar|Fake Out|p2a: Amoonguss
|-damage|p2a: Amoonguss|91/100
|move|p2b: Gholdengo|Nasty Plot|p2b: Gholdengo
|-boost|p2b: Gholdengo|spa|2
|move|p1a: Corviknight|Iron Defense|p1a: Corviknight
|-boost|p1a: Corviknight|def|2
|cant|p2a: Amoonguss|flinch
|
|upkeep
|turn|2
|
|t:|1756598788
|move|p2b: Gholdengo|Nasty Plot|p2b: Gholdengo
|-boost|p2b: Gholdengo|spa|2
|move|p1a: Corviknight|Body Press|p2b: Gholdengo
|-crit|p2b: Gholdengo
|-damage|p2b: Gholdengo|27/100
|move|p1b: Incineroar|Parting Shot|p2a: Amoonguss
|-unboost|p2a: Amoonguss|atk|1
|-unboost|p2a: Amoonguss|spa|1
|
|t:|1756598797
|switch|p1b: Slowbro|Slowbro-Galar, L50, M|100/100|[from] Parting Shot
|move|p2a: Amoonguss|Spore|p1a: Corviknight
|-status|p1a: Corviknight|slp|[from] move: Spore
|
|upkeep
|turn|3
|-activate|p1b: Slowbro|ability: Quick Draw
|
|t:|1756598823
|move|p2a: Amoonguss|Rage Powder|p2a: Amoonguss
|-singleturn|p2a: Amoonguss|move: Rage Powder
|move|p1b: Slowbro|Expanding Force|p2a: Amoonguss
|-supereffective|p2a: Amoonguss
|-damage|p2a: Amoonguss|35/100
|-enditem|p2a: Amoonguss|Sitrus Berry|[eat]
|-heal|p2a: Amoonguss|60/100|[from] item: Sitrus Berry
|move|p2b: Gholdengo|Make It Rain|p1b: Slowbro|[spread] p1a,p1b
|-resisted|p1a: Corviknight
|-damage|p1a: Corviknight|18/100 slp
|-damage|p1b: Slowbro|0 fnt
|-unboost|p2b: Gholdengo|spa|1
|faint|p1b: Slowbro
|-damage|p2b: Gholdengo|17/100|[from] item: Life Orb
|cant|p1a: Corviknight|slp
|
|upkeep
|
|t:|1756598839
|switch|p1b: Incineroar|Incineroar, L50, M|100/100
|-ability|p1b: Incineroar|Intimidate|boost
|-unboost|p2a: Amoonguss|atk|1
|-unboost|p2b: Gholdengo|atk|1
|turn|4
|
|t:|1756598866
|switch|p2a: Kilowattrel|Kilowattrel, L50, F|100/100
|move|p1b: Incineroar|Fake Out|p2b: Gholdengo
|-damage|p2b: Gholdengo|6/100
|cant|p2b: Gholdengo|flinch
|cant|p1a: Corviknight|slp
|
|upkeep
|turn|5
|
|t:|1756598888
|switch|p1a: Torkoal|Torkoal, L50, F|100/100
|-weather|SunnyDay|[from] ability: Drought|[of] p1a: Torkoal
|move|p2a: Kilowattrel|Thunderbolt|p1b: Incineroar
|-damage|p1b: Incineroar|66/100
|move|p2b: Gholdengo|Make It Rain|p1b: Incineroar|[spread] p1a,p1b
|-resisted|p1a: Torkoal
|-resisted|p1b: Incineroar
|-damage|p1a: Torkoal|2/100
|-damage|p1b: Incineroar|8/100
|-unboost|p2b: Gholdengo|spa|1
|-damage|p2b: Gholdengo|0 fnt|[from] item: Life Orb
|faint|p2b: Gholdengo
|move|p1b: Incineroar|Knock Off|p2a: Kilowattrel
|-damage|p2a: Kilowattrel|24/100
|-enditem|p2a: Kilowattrel|Focus Sash|[from] move: Knock Off|[of] p1b: Incineroar
|
|-weather|SunnyDay|[upkeep]
|upkeep
|
|t:|1756598890
|switch|p2b: Ursaluna|Ursaluna, L50, F|100/100
|turn|6
|
|t:|1756598911
|move|p2b: Ursaluna|Protect|p2b: Ursaluna
|-singleturn|p2b: Ursaluna|Protect
|move|p2a: Kilowattrel|Tailwind|p2a: Kilowattrel
|-sidestart|p2: playrornds|move: Tailwind
|move|p1b: Incineroar|Parting Shot|p2b: Ursaluna
|-activate|p2b: Ursaluna|move: Protect
|move|p1a: Torkoal|Heat Wave|p2b: Ursaluna|[spread] p2a
|-activate|p2b: Ursaluna|move: Protect
|-damage|p2a: Kilowattrel|0 fnt
|faint|p2a: Kilowattrel
|
|-weather|SunnyDay|[upkeep]
|-status|p2b: Ursaluna|brn|[from] item: Flame Orb
|upkeep
|
|t:|1756598912
|switch|p2a: Amoonguss|Amoonguss, L50, M|93/100
|turn|7
|
|t:|1756598928
|move|p2a: Amoonguss|Protect|p2a: Amoonguss
|-singleturn|p2a: Amoonguss|Protect
|move|p2b: Ursaluna|Earthquake|p1a: Torkoal|[spread] p1a,p1b
|-activate|p2a: Amoonguss|move: Protect
|-supereffective|p1a: Torkoal
|-supereffective|p1b: Incineroar
|-damage|p1a: Torkoal|0 fnt
|-damage|p1b: Incineroar|0 fnt
|faint|p1a: Torkoal
|faint|p1b: Incineroar
|
|-weather|SunnyDay|[upkeep]
|-damage|p2b: Ursaluna|95/100 brn|[from] brn
|upkeep
|
|t:|1756598939
|switch|p1b: Corviknight|Corviknight, L50, M|18/100 slp
|turn|8
|
|t:|1756598950
|move|p2b: Ursaluna|Facade|p1b: Corviknight
|-resisted|p1b: Corviknight
|-damage|p1b: Corviknight|0 fnt
|faint|p1b: Corviknight
|
|win|playrornds
||puli95 is ready for game 2.
