|j|☆NeatoIsNeat
|j|☆malaninja
|html|NeatoIsNeatmalaninja    
|uhtml|bestof|Game 2 of a best-of-3
|t:|1783295762
|gametype|doubles
|player|p1|NeatoIsNeat|102|1000
|player|p2|malaninja|266|1000
|gen|9
|tier|[Gen 9 Champions] VGC 2026 Reg M-B (Bo3)
|rated|
|rule|Species Clause: Limit one of each Pokémon
|rule|Item Clause: Limit 1 of each item
|clearpoke
|poke|p1|Blaziken, L50, M|
|poke|p1|Kingambit, L50, F|
|poke|p1|Incineroar, L50, F|
|poke|p1|Ninetales-Alola, L50, F|
|poke|p1|Farigiraf, L50, F|
|poke|p1|Mawile, L50, M|
|poke|p2|Mawile, L50, M|
|poke|p2|Farigiraf, L50, F|
|poke|p2|Archaludon, L50, F|
|poke|p2|Torkoal, L50, M|
|poke|p2|Scrafty, L50, F|
|poke|p2|Sinistcha, L50|
|teampreview|4
|showteam|p1|Blaziken||Blazikenite|SpeedBoost|Detect,CloseCombat,FlareBlitz,RockSlide|Adamant||M|||50|]Kingambit||BlackGlasses|Defiant|Protect,KowtowCleave,SuckerPunch,SwordsDance|Adamant||F|||50|]Incineroar||SitrusBerry|Intimidate|FlareBlitz,ThroatChop,PartingShot,FakeOut|Adamant||F|||50|]Ninetales-Alola||FocusSash|SnowWarning|Protect,Blizzard,FreezeDry,Encore|Timid||F|||50|]Farigiraf||ColburBerry|ArmorTail|Psychic,Thunderbolt,TrickRoom,HelpingHand|Relaxed||F|||50|]Mawile||Mawilite|Intimidate|Protect,PlayRough,SuckerPunch,SwordsDance|Brave||M|||50|
|showteam|p2|Mawile||Mawilite|Intimidate|KnockOff,PlayRough,Protect,IronHead|Brave||M|||50|]Farigiraf||ColburBerry|ArmorTail|TrickRoom,TwinBeam,Protect,RainDance|Quiet||F|||50|]Archaludon||BrightPowder|Stamina|ElectroShot,DragonPulse,FlashCannon,AuraSphere|Quiet||F|||50|]Torkoal||Charcoal|Drought|HeatWave,Eruption,Protect,EarthPower|Quiet||M|||50|]Scrafty||Scraftinite|Intimidate|CloseCombat,FakeOut,Protect,KnockOff|Adamant||F|||50|]Sinistcha||Leftovers|Hospitality|MatchaGotcha,TrickRoom,RagePowder,Scald|Quiet|||||50|
|inactive|Battle timer is ON: inactive players will automatically lose when time's up. (requested by NeatoIsNeat)
|
|t:|1783295788
|teamsize|p1|4
|teamsize|p2|4
|start
|switch|p1a: Ninetales|Ninetales-Alola, L50, F|100/100
|switch|p1b: Incineroar|Incineroar, L50, F|100/100
|switch|p2a: Farigiraf|Farigiraf, L50, F|100/100
|switch|p2b: Scrafty|Scrafty, L50, F|100/100
|-weather|Snowscape|[from] ability: Snow Warning|[of] p1a: Ninetales
|-ability|p1b: Incineroar|Intimidate|boost
|-unboost|p2a: Farigiraf|atk|1
|-unboost|p2b: Scrafty|atk|1
|-ability|p2b: Scrafty|Intimidate|boost
|-unboost|p1a: Ninetales|atk|1
|-unboost|p1b: Incineroar|atk|1
|turn|1
|
|t:|1783295810
|move|p2b: Scrafty|Fake Out|p1a: Ninetales
|-damage|p1a: Ninetales|90/100
|cant|p1a: Ninetales|flinch
|move|p1b: Incineroar|Parting Shot|p2a: Farigiraf
|-unboost|p2a: Farigiraf|atk|1
|-unboost|p2a: Farigiraf|spa|1
|
|t:|1783295815
|switch|p1b: Kingambit|Kingambit, L50, F|100/100|[from] Parting Shot
|move|p2a: Farigiraf|Trick Room|p2a: Farigiraf
|-fieldstart|move: Trick Room|[of] p2a: Farigiraf
|
|-weather|Snowscape|[upkeep]
|upkeep
|turn|2
|
|t:|1783295828
|switch|p1b: Incineroar|Incineroar, L50, F|100/100
|-ability|p1b: Incineroar|Intimidate|boost
|-unboost|p2a: Farigiraf|atk|1
|-unboost|p2b: Scrafty|atk|1
|move|p2a: Farigiraf|Twin Beam|p1a: Ninetales
|-damage|p1a: Ninetales|78/100
|-crit|p1a: Ninetales
|-damage|p1a: Ninetales|49/100
|-hitcount|p1a: Ninetales|2
|move|p2b: Scrafty|Close Combat|p1b: Incineroar
|-supereffective|p1b: Incineroar|1
|-damage|p1b: Incineroar|54/100
|-unboost|p2b: Scrafty|def|1
|-unboost|p2b: Scrafty|spd|1
|move|p1a: Ninetales|Blizzard|p2a: Farigiraf|[spread] p2a,p2b
|-damage|p2a: Farigiraf|70/100
|-damage|p2b: Scrafty|53/100
|
|-weather|Snowscape|[upkeep]
|upkeep
|turn|3
|inactive|malaninja has 30 seconds left.
|inactive|malaninja has 20 seconds left.
|
|t:|1783295865
|switch|p2a: Torkoal|Torkoal, L50, M|100/100
|-weather|SunnyDay|[from] ability: Drought|[of] p2a: Torkoal
|move|p2b: Scrafty|Close Combat|p1b: Incineroar
|-supereffective|p1b: Incineroar|1
|-damage|p1b: Incineroar|1/100
|-unboost|p2b: Scrafty|def|1
|-unboost|p2b: Scrafty|spd|1
|-enditem|p1b: Incineroar|Sitrus Berry|[eat]
|-heal|p1b: Incineroar|25/100|[from] item: Sitrus Berry
|move|p1b: Incineroar|Flare Blitz|p2b: Scrafty
|-damage|p2b: Scrafty|0 fnt
|faint|p2b: Scrafty
|-damage|p1b: Incineroar|13/100|[from] Recoil
|move|p1a: Ninetales|Blizzard|p2a: Torkoal
|-resisted|p2a: Torkoal|1
|-damage|p2a: Torkoal|71/100
|
|-weather|SunnyDay|[upkeep]
|upkeep
|
|t:|1783295885
|switch|p2b: Mawile|Mawile, L50, M|100/100
|-ability|p2b: Mawile|Intimidate|boost
|-unboost|p1a: Ninetales|atk|1
|-unboost|p1b: Incineroar|atk|1
|turn|4
|
|t:|1783295899
|detailschange|p2b: Mawile|Mawile-Mega, L50, M
|-mega|p2b: Mawile|Mawile|Mawilite
|move|p2a: Torkoal|Heat Wave|p1b: Incineroar|[spread] p1a,p1b
|-supereffective|p1a: Ninetales|1
|-resisted|p1b: Incineroar|1
|-damage|p1a: Ninetales|0 fnt
|-damage|p1b: Incineroar|0 fnt
|faint|p1a: Ninetales
|faint|p1b: Incineroar
|move|p2b: Mawile|Iron Head|p1: Ninetales|[notarget]
|-fail|p2b: Mawile
|
|-weather|SunnyDay|[upkeep]
|upkeep
|
|t:|1783295904
|switch|p1b: Kingambit|Kingambit, L50, F|100/100
|switch|p1a: Blaziken|Blaziken, L50, M|100/100
|turn|5
|inactive|malaninja has 30 seconds left.
|inactive|malaninja has 20 seconds left.
|
|t:|1783295940
|switch|p2a: Farigiraf|Farigiraf, L50, F|70/100
|detailschange|p1a: Blaziken|Blaziken-Mega, L50, M
|-mega|p1a: Blaziken|Blaziken|Blazikenite
|move|p1b: Kingambit|Protect|p1b: Kingambit
|-singleturn|p1b: Kingambit|Protect
|move|p1a: Blaziken|Detect|p1a: Blaziken
|-singleturn|p1a: Blaziken|Protect
|move|p2b: Mawile|Play Rough|p1a: Blaziken
|-activate|p1a: Blaziken|move: Protect
|
|-weather|SunnyDay|[upkeep]
|-fieldend|move: Trick Room
|-ability|p1a: Blaziken|Speed Boost|boost
|-boost|p1a: Blaziken|spe|1
|upkeep
|turn|6
|inactive|NeatoIsNeat has 30 seconds left.
|inactive|malaninja has 30 seconds left.
|
|t:|1783295975
|move|p1a: Blaziken|Flare Blitz|p2a: Farigiraf
|-damage|p2a: Farigiraf|0 fnt
|faint|p2a: Farigiraf
|-damage|p1a: Blaziken|70/100|[from] Recoil
|move|p1b: Kingambit|Swords Dance|p1b: Kingambit
|-boost|p1b: Kingambit|atk|2
|move|p2b: Mawile|Play Rough|p1a: Blaziken
|-damage|p1a: Blaziken|0 fnt
|faint|p1a: Blaziken
|
|-weather|SunnyDay|[upkeep]
|upkeep
|
|t:|1783295987
|switch|p2a: Torkoal|Torkoal, L50, M|71/100
|turn|7
|
|t:|1783296005
|move|p1b: Kingambit|Kowtow Cleave|p2a: Torkoal
|-damage|p2a: Torkoal|0 fnt
|faint|p2a: Torkoal
|move|p2b: Mawile|Play Rough|p1b: Kingambit
|-damage|p1b: Kingambit|28/100
|-unboost|p1b: Kingambit|atk|1
|-ability|p1b: Kingambit|Defiant|boost
|-boost|p1b: Kingambit|atk|2
|
|-weather|none
|upkeep
|turn|8
|
|t:|1783296018
|move|p1b: Kingambit|Sucker Punch|p2b: Mawile
|-resisted|p2b: Mawile|1
|-crit|p2b: Mawile
|-damage|p2b: Mawile|0 fnt
|faint|p2b: Mawile
|
|win|NeatoIsNeat
