|j|☆Radlars
|j|☆mmmspicy69
|html|Radlarsmmmspicy69    
|uhtml|bestof|Game 3 of a best-of-3
|t:|1782478007
|gametype|doubles
|player|p1|Radlars|265|1079
|player|p2|mmmspicy69|cynthia|1116
|gen|9
|tier|[Gen 9 Champions] VGC 2026 Reg M-B (Bo3)
|rated|
|rule|Species Clause: Limit one of each Pokémon
|rule|Item Clause: Limit 1 of each item
|clearpoke
|poke|p1|Metagross, L50|
|poke|p1|Pelipper, L50, F|
|poke|p1|Swampert, L50, F|
|poke|p1|Grimmsnarl, L50, M|
|poke|p1|Hydreigon, L50, F|
|poke|p1|Sinistcha, L50|
|poke|p2|Staraptor, L50, M|
|poke|p2|Sinistcha, L50|
|poke|p2|Whimsicott, L50, M|
|poke|p2|Incineroar, L50, F|
|poke|p2|Mawile, L50, M|
|poke|p2|Farigiraf, L50, F|
|teampreview|4
|showteam|p1|Metagross||Metagrossite|ClearBody|PsychicFangs,IronHead,Protect,RockSlide|Adamant|||||50|]Pelipper||SitrusBerry|Drizzle|WeatherBall,Hurricane,WideGuard,Tailwind|Modest||F|||50|]Swampert||Swampertite|Damp|IcePunch,WaveCrash,Earthquake,Protect|Adamant||F|||50|]Grimmsnarl||LightClay|Prankster|LightScreen,PartingShot,Reflect,FoulPlay|Careful||M|||50|]Hydreigon||LifeOrb|Levitate|DarkPulse,DracoMeteor,Flamethrower,Protect|Modest||F|||50|]Sinistcha||KasibBerry|Hospitality|MatchaGotcha,TrickRoom,RagePowder,LifeDew|Relaxed|||||50|
|showteam|p2|Staraptor||Staraptite|Intimidate|Protect,CloseCombat,BraveBird,Roost|Jolly||M|||50|]Sinistcha||ColburBerry|Hospitality|MatchaGotcha,StrengthSap,RagePowder,TrickRoom|Bold|||||50|]Whimsicott||FocusSash|Prankster|Tailwind,Taunt,Charm,Moonblast|Bold||M|||50|]Incineroar||ChopleBerry|Intimidate|FakeOut,PartingShot,DarkestLariat,FlareBlitz|Adamant||F|||50|]Mawile||Mawilite|HyperCutter|SuckerPunch,IronHead,PlayRough,Protect|Adamant||M|||50|]Farigiraf||SitrusBerry|ArmorTail|TwinBeam,HelpingHand,HyperVoice,TrickRoom|Quiet||F|||50|
|
|t:|1782478070
|teamsize|p1|4
|teamsize|p2|4
|start
|switch|p1a: Grimmsnarl|Grimmsnarl, L50, M|100/100
|switch|p1b: Metagross|Metagross, L50|100/100
|switch|p2a: Staraptor|Staraptor, L50, M|100/100
|switch|p2b: Incineroar|Incineroar, L50, F|100/100
|-ability|p2a: Staraptor|Intimidate|boost
|-unboost|p1a: Grimmsnarl|atk|1
|-fail|p1b: Metagross|unboost|[from] ability: Clear Body|[of] p1b: Metagross
|-ability|p2b: Incineroar|Intimidate|boost
|-unboost|p1a: Grimmsnarl|atk|1
|-fail|p1b: Metagross|unboost|[from] ability: Clear Body|[of] p1b: Metagross
|turn|1
|
|t:|1782478100
|detailschange|p2a: Staraptor|Staraptor-Mega, L50, M
|-mega|p2a: Staraptor|Staraptor|Staraptite
|move|p1b: Metagross|Protect|p1b: Metagross
|-singleturn|p1b: Metagross|Protect
|move|p2b: Incineroar|Fake Out|p1b: Metagross
|-activate|p1b: Metagross|move: Protect
|move|p1a: Grimmsnarl|Reflect|p1a: Grimmsnarl
|-sidestart|p1: Radlars|Reflect
|move|p2a: Staraptor|Close Combat|p1b: Metagross
|-activate|p1b: Metagross|move: Protect
|
|upkeep
|turn|2
|
|t:|1782478173
|move|p2a: Staraptor|Protect|p2a: Staraptor
|-singleturn|p2a: Staraptor|Protect
|move|p1b: Metagross|Psychic Fangs|p2a: Staraptor
|-activate|p2a: Staraptor|move: Protect
|move|p1a: Grimmsnarl|Foul Play|p2a: Staraptor
|-activate|p2a: Staraptor|move: Protect
|move|p2b: Incineroar|Darkest Lariat|p1b: Metagross
|-supereffective|p1b: Metagross|1
|-damage|p1b: Metagross|65/100
|
|upkeep
|turn|3
|
|t:|1782478228
|switch|p2a: Sinistcha|Sinistcha, L50|100/100
|move|p1b: Metagross|Protect|p1b: Metagross
|-singleturn|p1b: Metagross|Protect
|move|p1a: Grimmsnarl|Foul Play|p2a: Sinistcha
|-supereffective|p2a: Sinistcha|1
|-enditem|p2a: Sinistcha|Colbur Berry|[eat]
|-enditem|p2a: Sinistcha|Colbur Berry|[weaken]
|-damage|p2a: Sinistcha|84/100
|move|p2b: Incineroar|Darkest Lariat|p1b: Metagross
|-activate|p1b: Metagross|move: Protect
|
|upkeep
|turn|4
|l|☆Radlars
|player|p1|
|j|☆Radlars
|player|p1|Radlars|265|
|inactive|Battle timer is ON: inactive players will automatically lose when time's up. (requested by Radlars)
|inactive|mmmspicy69 has 60 seconds left.
|
|t:|1782478322
|switch|p1b: Hydreigon|Hydreigon, L50, F|100/100
|move|p1a: Grimmsnarl|Light Screen|p1a: Grimmsnarl
|-sidestart|p1: Radlars|move: Light Screen
|move|p2b: Incineroar|Darkest Lariat|p1b: Hydreigon
|-resisted|p1b: Hydreigon|1
|-damage|p1b: Hydreigon|87/100
|move|p2a: Sinistcha|Trick Room|p2a: Sinistcha
|-fieldstart|move: Trick Room|[of] p2a: Sinistcha
|
|upkeep
|turn|5
|inactive|Radlars has 30 seconds left.
|inactive|mmmspicy69 has 30 seconds left.
|inactive|mmmspicy69 has 20 seconds left.
|inactive|mmmspicy69 has 15 seconds left.
|inactive|Radlars has 20 seconds left.
|inactive|mmmspicy69 has 10 seconds left.
|inactive|Radlars has 15 seconds left.
|inactive|mmmspicy69 has 5 seconds left.
|
|t:|1782478377
|move|p1b: Hydreigon|Protect|p1b: Hydreigon
|-singleturn|p1b: Hydreigon|Protect
|move|p2b: Incineroar|Parting Shot|p1b: Hydreigon
|-activate|p1b: Hydreigon|move: Protect
|move|p1a: Grimmsnarl|Foul Play|p2a: Sinistcha
|-supereffective|p2a: Sinistcha|1
|-damage|p2a: Sinistcha|57/100
|move|p2a: Sinistcha|Matcha Gotcha|p1a: Grimmsnarl|[spread] 
|-activate|p1b: Hydreigon|move: Protect
|-miss|p2a: Sinistcha|p1a: Grimmsnarl
|
|upkeep
|turn|6
|inactive|Radlars has 30 seconds left.
|inactive|mmmspicy69 has 30 seconds left.
|inactive|mmmspicy69 has 20 seconds left.
|inactive|Radlars has 20 seconds left.
|inactive|mmmspicy69 has 15 seconds left.
|inactive|Radlars has 15 seconds left.
|inactive|mmmspicy69 has 10 seconds left.
|inactive|Radlars has 10 seconds left.
|inactive|mmmspicy69 has 5 seconds left.
|
|t:|1782478433
|switch|p1b: Metagross|Metagross, L50|65/100
|move|p1a: Grimmsnarl|Parting Shot|p2a: Sinistcha
|-unboost|p2a: Sinistcha|atk|1
|-unboost|p2a: Sinistcha|spa|1
|
|t:|1782478440
|switch|p1a: Pelipper|Pelipper, L50, F|100/100|[from] Parting Shot
|-weather|RainDance|[from] ability: Drizzle|[of] p1a: Pelipper
|move|p2b: Incineroar|Parting Shot|p1a: Pelipper
|-unboost|p1a: Pelipper|atk|1
|-unboost|p1a: Pelipper|spa|1
|inactive|mmmspicy69 has 30 seconds left.
|inactive|mmmspicy69 has 20 seconds left.
|inactive|mmmspicy69 has 15 seconds left.
|inactive|mmmspicy69 has 10 seconds left.
|inactive|mmmspicy69 has 5 seconds left.
|
|t:|1782478495
|switch|p2b: Whimsicott|Whimsicott, L50, M|100/100|[from] Parting Shot
|move|p2a: Sinistcha|Matcha Gotcha|p1b: Metagross|[spread] p1a,p1b
|-resisted|p1b: Metagross|1
|-damage|p1a: Pelipper|84/100
|-heal|p2a: Sinistcha|65/100|[from] drain|[of] p1a: Pelipper
|-damage|p1b: Metagross|59/100
|-heal|p2a: Sinistcha|68/100|[from] drain|[of] p1b: Metagross
|
|-weather|RainDance|[upkeep]
|upkeep
|turn|7
|inactive|Radlars has 30 seconds left.
|inactive|mmmspicy69 has 30 seconds left.
|inactive|Radlars has 20 seconds left.
|inactive|mmmspicy69 has 20 seconds left.
|inactive|Radlars has 15 seconds left.
|inactive|mmmspicy69 has 15 seconds left.
|inactive|Radlars has 10 seconds left.
|inactive|mmmspicy69 has 10 seconds left.
|inactive|mmmspicy69 has 5 seconds left.
|
|t:|1782478551
|move|p1b: Metagross|Protect|p1b: Metagross
|-singleturn|p1b: Metagross|Protect
|move|p2b: Whimsicott|Tailwind|p2b: Whimsicott
|-sidestart|p2: mmmspicy69|move: Tailwind
|move|p1a: Pelipper|Hurricane|p2a: Sinistcha
|-supereffective|p2a: Sinistcha|1
|-damage|p2a: Sinistcha|0 fnt
|faint|p2a: Sinistcha
|
|-weather|RainDance|[upkeep]
|upkeep
|n|‽mmmspicy69|mmmspicy69
|inactive|mmmspicy69 has 30 seconds left.
|
|t:|1782478580
|switch|p2a: Incineroar|Incineroar, L50, F|100/100
|-ability|p2a: Incineroar|Intimidate|boost
|-unboost|p1a: Pelipper|atk|1
|-fail|p1b: Metagross|unboost|[from] ability: Clear Body|[of] p1b: Metagross
|turn|8
|inactive|Radlars has 30 seconds left.
|inactive|Radlars has 20 seconds left.
|inactive|Radlars has 15 seconds left.
|
|t:|1782478622
|switch|p1b: Grimmsnarl|Grimmsnarl, L50, M|100/100
|switch|p2a: Staraptor|Staraptor-Mega, L50, M|100/100
|move|p2b: Whimsicott|Charm|p2a: Staraptor
|-boost|p2a: Staraptor|atk|2
|move|p1a: Pelipper|Tailwind|p1a: Pelipper
|-sidestart|p1: Radlars|move: Tailwind
|
|-weather|RainDance|[upkeep]
|-sideend|p1: Radlars|Reflect
|-fieldend|move: Trick Room
|upkeep
|turn|9
|inactive|mmmspicy69 has 30 seconds left.
|
|t:|1782478656
|switch|p1a: Hydreigon|Hydreigon, L50, F|87/100
|move|p1b: Grimmsnarl|Reflect|p1b: Grimmsnarl
|-sidestart|p1: Radlars|Reflect
|move|p2a: Staraptor|Close Combat|p1a: Hydreigon
|-supereffective|p1a: Hydreigon|1
|-damage|p1a: Hydreigon|0 fnt
|-boost|p2a: Staraptor|def|1
|-boost|p2a: Staraptor|spd|1
|faint|p1a: Hydreigon
|move|p2b: Whimsicott|Moonblast|p1b: Grimmsnarl
|-supereffective|p1b: Grimmsnarl|1
|-damage|p1b: Grimmsnarl|65/100
|
|-weather|RainDance|[upkeep]
|upkeep
|inactive|Radlars has 30 seconds left.
|
|t:|1782478684
|switch|p1a: Pelipper|Pelipper, L50, F|84/100
|turn|10
|
|t:|1782478708
|move|p2b: Whimsicott|Charm|p2a: Staraptor
|-boost|p2a: Staraptor|atk|2
|move|p2a: Staraptor|Close Combat|p1a: Pelipper
|-resisted|p1a: Pelipper|1
|-damage|p1a: Pelipper|8/100
|-boost|p2a: Staraptor|def|1
|-boost|p2a: Staraptor|spd|1
|-enditem|p1a: Pelipper|Sitrus Berry|[eat]
|-heal|p1a: Pelipper|33/100|[from] item: Sitrus Berry
|move|p1a: Pelipper|Hurricane|p2a: Staraptor
|-supereffective|p2a: Staraptor|1
|-damage|p2a: Staraptor|47/100
|move|p1b: Grimmsnarl|Foul Play|p2b: Whimsicott
|-resisted|p2b: Whimsicott|1
|-damage|p2b: Whimsicott|91/100
|
|-weather|none
|-sideend|p2: mmmspicy69|move: Tailwind
|upkeep
|turn|11
|inactive|Radlars has 30 seconds left.
|inactive|Radlars has 20 seconds left.
|inactive|Radlars has 15 seconds left.
|inactive|Radlars has 10 seconds left.
|inactive|mmmspicy69 has 30 seconds left.
|inactive|mmmspicy69 has 20 seconds left.
|inactive|mmmspicy69 has 15 seconds left.
|
|t:|1782478768
|switch|p1a: Metagross|Metagross, L50|59/100
|move|p1b: Grimmsnarl|Parting Shot|p2b: Whimsicott
|-unboost|p2b: Whimsicott|atk|1
|-unboost|p2b: Whimsicott|spa|1
|
|t:|1782478776
|switch|p1b: Pelipper|Pelipper, L50, F|33/100|[from] Parting Shot
|-weather|RainDance|[from] ability: Drizzle|[of] p1b: Pelipper
|move|p2b: Whimsicott|Tailwind|p2b: Whimsicott
|-sidestart|p2: mmmspicy69|move: Tailwind
|move|p2a: Staraptor|Roost|p2a: Staraptor
|-heal|p2a: Staraptor|97/100
|-singleturn|p2a: Staraptor|move: Roost
|
|-weather|RainDance|[upkeep]
|-sideend|p1: Radlars|move: Light Screen
|-sideend|p1: Radlars|move: Tailwind
|upkeep
|turn|12
|inactive|Radlars has 30 seconds left.
|inactive|Radlars has 20 seconds left.
|inactive|Radlars has 15 seconds left.
|inactive|Radlars has 10 seconds left.
|inactive|mmmspicy69 has 30 seconds left.
|
|t:|1782478827
|move|p1a: Metagross|Protect|p1a: Metagross
|-singleturn|p1a: Metagross|Protect
|move|p2b: Whimsicott|Charm|p1a: Metagross
|-activate|p1a: Metagross|move: Protect
|move|p2a: Staraptor|Close Combat|p1a: Metagross
|-activate|p1a: Metagross|move: Protect
|move|p1b: Pelipper|Hurricane|p2a: Staraptor
|-supereffective|p2a: Staraptor|1
|-damage|p2a: Staraptor|47/100
|-start|p2a: Staraptor|confusion
|
|-weather|RainDance|[upkeep]
|upkeep
|turn|13
|inactive|mmmspicy69 has 30 seconds left.
|
|t:|1782478847
|switch|p1a: Grimmsnarl|Grimmsnarl, L50, M|65/100
|-activate|p2a: Staraptor|confusion
|-damage|p2a: Staraptor|20/100y|[from] confusion
|move|p2b: Whimsicott|Moonblast|p1b: Pelipper
|-damage|p1b: Pelipper|8/100
|move|p1b: Pelipper|Hurricane|p2b: Whimsicott
|-supereffective|p2b: Whimsicott|1
|-damage|p2b: Whimsicott|0 fnt
|faint|p2b: Whimsicott
|
|-weather|RainDance|[upkeep]
|upkeep
|inactive|mmmspicy69 has 25 seconds left this turn.
|inactive|mmmspicy69 has 20 seconds left.
|
|t:|1782478855
|switch|p2b: Incineroar|Incineroar, L50, F|100/100
|-ability|p2b: Incineroar|Intimidate|boost
|-unboost|p1a: Grimmsnarl|atk|1
|-unboost|p1b: Pelipper|atk|1
|turn|14
|inactive|mmmspicy69 has 20 seconds left this turn.
|inactive|Radlars has 30 seconds left.
|
|t:|1782478880
|move|p2b: Incineroar|Fake Out|p1b: Pelipper
|-damage|p1b: Pelipper|0 fnt
|faint|p1b: Pelipper
|-activate|p2a: Staraptor|confusion
|move|p2a: Staraptor|Roost|p2a: Staraptor
|-heal|p2a: Staraptor|70/100
|-singleturn|p2a: Staraptor|move: Roost
|move|p1a: Grimmsnarl|Foul Play|p2a: Staraptor
|-resisted|p2a: Staraptor|1
|-damage|p2a: Staraptor|23/100
|
|-weather|RainDance|[upkeep]
|-sideend|p2: mmmspicy69|move: Tailwind
|upkeep
|
|t:|1782478893
|switch|p1b: Metagross|Metagross, L50|59/100
|turn|15
|inactive|mmmspicy69 has 20 seconds left this turn.
|inactive|Radlars has 30 seconds left.
|inactive|mmmspicy69 has 15 seconds left.
|inactive|mmmspicy69 has 10 seconds left.
|inactive|Radlars has 20 seconds left.
|inactive|Radlars has 15 seconds left.
|inactive|mmmspicy69 has 5 seconds left.
|inactive|Radlars has 10 seconds left.
|
|t:|1782478922
|detailschange|p1b: Metagross|Metagross-Mega, L50
|-mega|p1b: Metagross|Metagross|Metagrossite
|move|p1b: Metagross|Protect|p1b: Metagross
|-singleturn|p1b: Metagross|Protect
|-activate|p2a: Staraptor|confusion
|move|p2a: Staraptor|Close Combat|p1a: Grimmsnarl
|-damage|p1a: Grimmsnarl|0 fnt
|-boost|p2a: Staraptor|def|1
|-boost|p2a: Staraptor|spd|1
|faint|p1a: Grimmsnarl
|move|p2b: Incineroar|Darkest Lariat|p1b: Metagross
|-activate|p1b: Metagross|move: Protect
|
|-weather|none
|upkeep
|turn|16
|inactive|Radlars has 10 seconds left this turn.
|inactive|mmmspicy69 has 5 seconds left this turn.
|inactive|Radlars has 5 seconds left.
|-message|mmmspicy69 lost due to inactivity.
|
|win|Radlars
|raw|Radlars's rating: 1079 → 1110(+31 for winning)
|raw|mmmspicy69's rating: 1116 → 1088(-28 for losing)
