|j|☆Qnibi
|j|☆Theaminus
|html|QnibiTheaminus    
|uhtml|bestof|Game 2 of a best-of-3
|t:|1783804087
|gametype|doubles
|player|p1|Qnibi|wallace|
|player|p2|Theaminus|101|
|gen|9
|tier|[Gen 9 Champions] VGC 2026 Reg M-B (Bo3)
|rule|Species Clause: Limit one of each Pokémon
|rule|Item Clause: Limit 1 of each item
|clearpoke
|poke|p1|Dragalge, L50, F|
|poke|p1|Skarmory, L50, F|
|poke|p1|Heliolisk, L50, M|
|poke|p1|Sinistcha-Masterpiece, L50|
|poke|p1|Incineroar, L50, M|
|poke|p1|Mudsdale, L50, F|
|poke|p2|Swampert, L50, M|
|poke|p2|Maushold-Four, L50|
|poke|p2|Klefki, L50, M, shiny|
|poke|p2|Metagross, L50, shiny|
|poke|p2|Raichu, L50, F|
|poke|p2|Staraptor, L50, M|
|teampreview|4
|showteam|p1|Dragalge||Dragalgite|PoisonPoint|Thunder,DracoMeteor,FlipTurn,Protect|Calm||F|||50|]Skarmory||Skarmorite|WeakArmor|SwordsDance,BraveBird,IronHead,Protect|Brave||F|||50|]Heliolisk||FocusSash|DrySkin|GrassKnot,RainDance,Thunder,Protect|Quiet||M|||50|]Sinistcha-Masterpiece||CobaBerry|Hospitality|RagePowder,TrickRoom,MatchaGotcha,LifeDew|Relaxed|||||50|]Incineroar||SitrusBerry|Blaze|FakeOut,PartingShot,Protect,WillOWisp|Careful||M|||50|]Mudsdale||Leftovers|OwnTempo|HighHorsepower,IronDefense,BodyPress,Protect|Careful||F|||50|
|showteam|p2|Swampert||Swampertite|Damp|IcePunch,StompingTantrum,WaveCrash,Protect|Adamant||M|||50|]Maushold-Four||WideLens|Technician|PopulationBomb,Charm,Protect,FollowMe|Jolly|||||50|]Klefki||DampRock|Prankster|RainDance,FlashCannon,Protect,ThunderWave|Bold||M|||50|]Metagross||OccaBerry|ClearBody|PsychicFangs,Protect,BulletPunch,StompingTantrum|Adamant|||||50|]Raichu||ShucaBerry|LightningRod|Charm,FakeOut,Electroweb,VoltSwitch|Hasty||F|||50|]Staraptor||Staraptite|Intimidate|BlazeKick,CloseCombat,BraveBird,Protect|Jolly||M|||50|
|j| MZMG
|c| MZMG|big toe on a tear
|
|t:|1783804143
|teamsize|p1|4
|teamsize|p2|4
|start
|switch|p1a: performative male|Sinistcha-Masterpiece, L50|100/100
|switch|p1b: mr hands|Mudsdale, L50, F|100/100
|switch|p2a: Klefki|Klefki, L50, M, shiny|100/100
|switch|p2b: Swampert|Swampert, L50, M|100/100
|turn|1
|
|t:|1783804204
|detailschange|p2b: Swampert|Swampert-Mega, L50, M
|-mega|p2b: Swampert|Swampert|Swampertite
|move|p2a: Klefki|Rain Dance|p2a: Klefki
|-weather|RainDance
|move|p2b: Swampert|Ice Punch|p1a: performative male
|-supereffective|p1a: performative male|1
|-damage|p1a: performative male|55/100
|move|p1b: mr hands|Iron Defense|p1b: mr hands
|-boost|p1b: mr hands|def|2
|move|p1a: performative male|Trick Room|p1a: performative male
|-fieldstart|move: Trick Room|[of] p1a: performative male
|
|-weather|RainDance|[upkeep]
|upkeep
|turn|2
|c| MZMG|WHAT A TRICK ROOM
|
|t:|1783804252
|move|p2a: Klefki|Protect|p2a: Klefki
|-singleturn|p2a: Klefki|Protect
|move|p2b: Swampert|Protect|p2b: Swampert
|-singleturn|p2b: Swampert|Protect
|move|p1b: mr hands|Iron Defense|p1b: mr hands
|-boost|p1b: mr hands|def|2
|move|p1a: performative male|Matcha Gotcha|p2a: Klefki|[spread] 
|-activate|p2a: Klefki|move: Protect
|-activate|p2b: Swampert|move: Protect
|
|-weather|RainDance|[upkeep]
|upkeep
|turn|3
|
|t:|1783804285
|switch|p2b: Maushold|Maushold-Four, L50|100/100
|move|p1b: mr hands|Iron Defense|p1b: mr hands
|-boost|p1b: mr hands|def|2
|move|p1a: performative male|Matcha Gotcha|p2a: Klefki|[spread] p2a,p2b
|-resisted|p2a: Klefki|1
|-damage|p2a: Klefki|83/100
|-heal|p1a: performative male|62/100|[from] drain|[of] p2a: Klefki
|-damage|p2b: Maushold|66/100
|-heal|p1a: performative male|79/100|[from] drain|[of] p2b: Maushold
|move|p2a: Klefki|Flash Cannon|p1b: mr hands
|-crit|p1b: mr hands
|-damage|p1b: mr hands|75/100
|
|-weather|RainDance|[upkeep]
|-heal|p1b: mr hands|81/100|[from] item: Leftovers
|upkeep
|turn|4
|c| MZMG|mr hands ain't dying bro
|
|t:|1783804328
|move|p2b: Maushold|Protect|p2b: Maushold
|-singleturn|p2b: Maushold|Protect
|move|p1b: mr hands|Body Press|p2b: Maushold
|-activate|p2b: Maushold|move: Protect
|move|p1a: performative male|Life Dew|p1a: performative male|[spread] p1a,p1b
|-heal|p1a: performative male|100/100
|-heal|p1b: mr hands|100/100
|move|p2a: Klefki|Flash Cannon|p1b: mr hands
|-damage|p1b: mr hands|81/100
|
|-weather|RainDance|[upkeep]
|-heal|p1b: mr hands|86/100|[from] item: Leftovers
|upkeep
|turn|5
|
|t:|1783804363
|move|p1b: mr hands|Body Press|p2b: Maushold
|-supereffective|p2b: Maushold|1
|-damage|p2b: Maushold|0 fnt
|faint|p2b: Maushold
|move|p1a: performative male|Life Dew||[still]|[spread] p1a,p1b
|-fail|p1a: performative male|heal
|-heal|p1b: mr hands|100/100
|move|p2a: Klefki|Flash Cannon|p1b: mr hands
|-damage|p1b: mr hands|82/100
|
|-weather|RainDance|[upkeep]
|-heal|p1b: mr hands|87/100|[from] item: Leftovers
|-fieldend|move: Trick Room
|upkeep
|
|t:|1783804374
|switch|p2b: Swampert|Swampert-Mega, L50, M|100/100
|turn|6
|
|t:|1783804384
|move|p2a: Klefki|Thunder Wave|p1a: performative male
|-status|p1a: performative male|par
|move|p2b: Swampert|Wave Crash|p1b: mr hands
|-supereffective|p1b: mr hands|1
|-damage|p1b: mr hands|34/100
|-damage|p2b: Swampert|82/100|[from] Recoil
|move|p1b: mr hands|High Horsepower|p2a: Klefki
|-supereffective|p2a: Klefki|1
|-damage|p2a: Klefki|9/100
|move|p1a: performative male|Trick Room|p1a: performative male
|-fieldstart|move: Trick Room|[of] p1a: performative male
|
|-weather|RainDance|[upkeep]
|-heal|p1b: mr hands|40/100|[from] item: Leftovers
|upkeep
|turn|7
|c| MZMG|that's a powerful wave crash wow
|c| MZMG|into max def
|
|t:|1783804430
|move|p1b: mr hands|Protect|p1b: mr hands
|-singleturn|p1b: mr hands|Protect
|move|p2b: Swampert|Protect|p2b: Swampert
|-singleturn|p2b: Swampert|Protect
|move|p1a: performative male|Matcha Gotcha|p2a: Klefki|[spread] p2a
|-activate|p2b: Swampert|move: Protect
|-resisted|p2a: Klefki|1
|-damage|p2a: Klefki|0 fnt
|faint|p2a: Klefki
|
|-weather|RainDance|[upkeep]
|-heal|p1b: mr hands|46/100|[from] item: Leftovers
|upkeep
|
|t:|1783804441
|switch|p2a: Raichu|Raichu, L50, F|100/100
|turn|8
|
|t:|1783804448
|move|p2a: Raichu|Fake Out|p1b: mr hands
|-damage|p1b: mr hands|43/100
|cant|p1a: performative male|par
|cant|p1b: mr hands|flinch
|move|p2b: Swampert|Wave Crash|p1b: mr hands
|-supereffective|p1b: mr hands|1
|-damage|p1b: mr hands|0 fnt
|faint|p1b: mr hands
|-damage|p2b: Swampert|68/100|[from] Recoil
|
|-weather|none
|upkeep
|c| MZMG|uh oh
|c| MZMG|bad para
|
|t:|1783804460
|switch|p1b: uwu|Incineroar, L50, M|100/100
|turn|9
|
|t:|1783804490
|move|p2b: Swampert|Protect|p2b: Swampert
|-singleturn|p2b: Swampert|Protect
|move|p1a: performative male|Matcha Gotcha|p2b: Swampert|[spread] p2a
|-activate|p2b: Swampert|move: Protect
|-damage|p2a: Raichu|63/100
|move|p1b: uwu|Will-O-Wisp|p2b: Swampert
|-activate|p2b: Swampert|move: Protect
|move|p2a: Raichu|Electroweb|p1b: uwu|[spread] p1a,p1b
|-resisted|p1a: performative male|1
|-damage|p1a: performative male|89/100 par
|-damage|p1b: uwu|88/100
|-unboost|p1a: performative male|spe|1
|-unboost|p1b: uwu|spe|1
|
|upkeep
|turn|10
|
|t:|1783804515
|move|p2b: Swampert|Protect|p2b: Swampert
|-singleturn|p2b: Swampert|Protect
|cant|p1a: performative male|par
|move|p1b: uwu|Parting Shot|p2a: Raichu
|-unboost|p2a: Raichu|atk|1
|-unboost|p2a: Raichu|spa|1
|c|☆Qnibi|BRO
|
|t:|1783804527
|switch|p1b: kelvin leung|Dragalge, L50, F|100/100|[from] Parting Shot
|move|p2a: Raichu|Electroweb|p1a: performative male|[spread] p1a,p1b
|-resisted|p1a: performative male|1
|-resisted|p1b: kelvin leung|1
|-damage|p1a: performative male|83/100 par
|-damage|p1b: kelvin leung|95/100
|-unboost|p1a: performative male|spe|1
|-unboost|p1b: kelvin leung|spe|1
|
|-fieldend|move: Trick Room
|upkeep
|turn|11
|
|t:|1783804552
|detailschange|p1b: kelvin leung|Dragalge-Mega, L50, F
|-mega|p1b: kelvin leung|Dragalge|Dragalgite
|move|p2a: Raichu|Volt Switch|p1a: performative male
|-resisted|p1a: performative male|1
|-damage|p1a: performative male|73/100 par
|move|p2b: Swampert|Stomping Tantrum|p1b: kelvin leung
|-supereffective|p1b: kelvin leung|1
|-damage|p1b: kelvin leung|13/100
|move|p1b: kelvin leung|Draco Meteor|p2a: Raichu
|-damage|p2a: Raichu|0 fnt
|-unboost|p1b: kelvin leung|spa|2
|faint|p2a: Raichu
|move|p1a: performative male|Matcha Gotcha|p2b: Swampert
|-supereffective|p2b: Swampert|2
|-damage|p2b: Swampert|0 fnt
|-heal|p1a: performative male|100/100 par|[from] drain|[of] p2b: Swampert
|faint|p2b: Swampert
|
|win|Qnibi
|inactive|Qnibi has 30 seconds to confirm battle start!
|inactive|Theaminus has 30 seconds to confirm battle start!
|c|☆Qnibi|thank fucking god
||Qnibi is ready for game 3.
||Theaminus is ready for game 3.
|uhtml|next|Next: Game 3 of 3
|c| MZMG|wpwp
|l| MZMG
|l|☆Theaminus
|player|p2|
