|j|☆Noyomi
|j|☆Mero_deando
|html|NoyomiMero_deando    
|uhtml|bestof|Game 2 of a best-of-3
|t:|1785468233
|gametype|doubles
|player|p1|Noyomi|pokemonrangerf|
|player|p2|Mero_deando|lady-gen4|
|gen|9
|tier|[Gen 9 Champions] VGC 2026 Reg M-B (Bo3)
|rule|Species Clause: Limit one of each Pokémon
|rule|Item Clause: Limit 1 of each item
|clearpoke
|poke|p1|Charizard, L50, F|
|poke|p1|Garchomp, L50, F|
|poke|p1|Sneasler, L50, F|
|poke|p1|Venusaur, L50, M|
|poke|p1|Milotic, L50, F|
|poke|p1|Ampharos, L50, F|
|poke|p2|Delphox, L50, M|
|poke|p2|Whimsicott, L50, F|
|poke|p2|Alcremie, L50, F|
|poke|p2|Ceruledge, L50, F|
|poke|p2|Pangoro, L50, M|
|poke|p2|Mimikyu, L50, M|
|teampreview|4
|showteam|p1|Charizard||CharizarditeY|Blaze|HeatWave,SolarBeam,Protect,ScorchingSands|Timid||F|||50|]Garchomp||SitrusBerry|RoughSkin|Earthquake,DragonClaw,Protect,RockSlide|Adamant||F|||50|]Sneasler||WhiteHerb|Unburden|CloseCombat,DireClaw,FakeOut,Protect|Adamant||F|||50|]Venusaur||FocusSash|Chlorophyll|SleepPowder,SludgeBomb,Protect,GigaDrain|Timid||M|||50|]Milotic||Leftovers|Competitive|IcyWind,LifeDew,Scald,Protect|Bold||F|||50|]Ampharos||Ampharosite|Static|DragonPulse,ParabolicCharge,Protect,LightScreen|Modest||F|||50|
|showteam|p2|Delphox||Delphoxite|Blaze|HeatWave,Psychic,Encore,Protect|Timid||M|||50|]Whimsicott||FocusSash|Prankster|Moonblast,Tailwind,SunnyDay,Protect|Timid||F|||50|]Alcremie||SitrusBerry|SweetVeil|Decorate,DazzlingGleam,HelpingHand,Protect|Calm||F|||50|]Ceruledge||ColburBerry|FlashFire|BitterBlade,ShadowSneak,BulkUp,Protect|Adamant||F|||50|]Pangoro||CobaBerry|Scrappy|StormThrow,KnockOff,RockSlide,Detect|Adamant||M|||50|]Mimikyu||LifeOrb|Disguise|TrickRoom,PlayRough,WoodHammer,Taunt|Adamant||M|||50|
|
|t:|1785468270
|teamsize|p1|4
|teamsize|p2|4
|start
|switch|p1a: Soy vegano|Venusaur, L50, M|100/100
|switch|p1b: Ku-chau|Sneasler, L50, F|100/100
|switch|p2a: Made N China|Pangoro, L50, M|100/100
|switch|p2b: Suspiro|Alcremie, L50, F|100/100
|turn|1
|
|t:|1785468340
|switch|p2b: Madoka|Delphox, L50, M|100/100
|move|p2a: Made N China|Detect|p2a: Made N China
|-singleturn|p2a: Made N China|Protect
|move|p1b: Ku-chau|Close Combat|p2a: Made N China
|-activate|p2a: Made N China|move: Protect
|move|p1a: Soy vegano|Sludge Bomb|p2b: Madoka
|-damage|p2b: Madoka|58/100
|
|upkeep
|turn|2
|
|t:|1785468367
|detailschange|p2b: Madoka|Delphox-Mega, L50, M
|-mega|p2b: Madoka|Delphox|Delphoxite
|move|p2b: Madoka|Psychic|p1b: Ku-chau
|-supereffective|p1b: Ku-chau|2
|-damage|p1b: Ku-chau|0 fnt
|faint|p1b: Ku-chau
|move|p1a: Soy vegano|Sludge Bomb|p2b: Madoka
|-damage|p2b: Madoka|22/100
|move|p2a: Made N China|Knock Off|p1a: Soy vegano
|-damage|p1a: Soy vegano|27/100
|-enditem|p1a: Soy vegano|Focus Sash|[from] move: Knock Off|[of] p2a: Made N China
|
|upkeep
|
|t:|1785468381
|switch|p1b: Sssssss|Milotic, L50, F|100/100
|turn|3
|
|t:|1785468405
|move|p2b: Madoka|Heat Wave|p1a: Soy vegano|[spread] p1a,p1b
|-supereffective|p1a: Soy vegano|1
|-resisted|p1b: Sssssss|1
|-damage|p1a: Soy vegano|0 fnt
|-damage|p1b: Sssssss|86/100
|faint|p1a: Soy vegano
|move|p1b: Sssssss|Scald|p2b: Madoka
|-supereffective|p2b: Madoka|1
|-damage|p2b: Madoka|0 fnt
|faint|p2b: Madoka
|move|p2a: Made N China|Storm Throw|p1b: Sssssss
|-crit|p1b: Sssssss
|-damage|p1b: Sssssss|46/100
|
|-heal|p1b: Sssssss|52/100|[from] item: Leftovers
|upkeep
|
|t:|1785468418
|switch|p2b: Kyubei|Mimikyu, L50, M|100/100
|switch|p1a: Chi|Ampharos, L50, F|100/100
|turn|4
|
|t:|1785468453
|detailschange|p1a: Chi|Ampharos-Mega, L50, F
|-mega|p1a: Chi|Ampharos|Ampharosite
|-ability|p1a: Chi|Mold Breaker
|move|p1b: Sssssss|Protect|p1b: Sssssss
|-singleturn|p1b: Sssssss|Protect
|move|p2b: Kyubei|Wood Hammer|p1b: Sssssss
|-activate|p1b: Sssssss|move: Protect
|move|p2a: Made N China|Rock Slide|p1b: Sssssss|[spread] p1a
|-activate|p1b: Sssssss|move: Protect
|-damage|p1a: Chi|82/100
|move|p1a: Chi|Parabolic Charge|p2a: Made N China|[spread] p2a,p2b
|-activate|p1b: Sssssss|move: Protect
|-damage|p2a: Made N China|67/100
|-heal|p1a: Chi|99/100|[from] drain|[of] p2a: Made N China
|-damage|p2b: Kyubei|67/100
|-heal|p1a: Chi|100/100|[from] drain|[of] p2b: Kyubei
|
|-heal|p1b: Sssssss|58/100|[from] item: Leftovers
|upkeep
|turn|5
|
|t:|1785468489
|move|p2b: Kyubei|Wood Hammer|p1b: Sssssss
|-supereffective|p1b: Sssssss|1
|-damage|p1b: Sssssss|0 fnt
|faint|p1b: Sssssss
|-damage|p2b: Kyubei|43/100|[from] Recoil
|-damage|p2b: Kyubei|33/100|[from] item: Life Orb
|move|p2a: Made N China|Knock Off|p1a: Chi
|-damage|p1a: Chi|70/100
|move|p1a: Chi|Light Screen|p1a: Chi
|-sidestart|p1: Noyomi|move: Light Screen
|
|upkeep
|turn|6
|
|t:|1785468504
|move|p2b: Kyubei|Play Rough|p1a: Chi
|-supereffective|p1a: Chi|1
|-damage|p1a: Chi|0 fnt
|faint|p1a: Chi
|-damage|p2b: Kyubei|24/100|[from] item: Life Orb
|
|win|Mero_deando
|l|☆Mero_deando
|player|p2|
