|j|☆tokerr
|j|☆spodermees
|html|tokerrspodermees    
|uhtml|bestof|Game 1 of a best-of-3
|t:|1784875182
|gametype|doubles
|player|p1|tokerr|petrel|1090
|player|p2|spodermees|sailor|1178
|gen|9
|tier|[Gen 9 Champions] VGC 2026 Reg M-B (Bo3)
|rated|
|rule|Species Clause: Limit one of each Pokémon
|rule|Item Clause: Limit 1 of each item
|clearpoke
|poke|p1|Sneasler, L50, M|
|poke|p1|Tyranitar, L50, F|
|poke|p1|Gyarados, L50, M|
|poke|p1|Farigiraf, L50, M|
|poke|p1|Blaziken, L50, M|
|poke|p1|Houndstone, L50, M|
|poke|p2|Floette-Eternal, L50, F|
|poke|p2|Sneasler, L50, F|
|poke|p2|Incineroar, L50, F|
|poke|p2|Sinistcha, L50|
|poke|p2|Delphox, L50, F|
|poke|p2|Garchomp, L50, M|
|teampreview|4
|showteam|p1|Sneasler||FocusSash|Unburden|FakeOut,DireClaw,CloseCombat,NightSlash|Adamant||M|||50|]Tyranitar||Tyranitarite|SandStream|Protect,RockSlide,KnockOff,DragonDance|Adamant||F|||50|]Gyarados||ChartiBerry|Intimidate|Protect,PowerWhip,Waterfall,Roar|Jolly||M|||50|]Farigiraf||SitrusBerry|ArmorTail|HelpingHand,Thunderbolt,TwinBeam,TrickRoom|Relaxed||M|||50|]Blaziken||LifeOrb|SpeedBoost|Detect,Overheat,CloseCombat,ThunderPunch|Lonely||M|||50|]Houndstone||ColburBerry|SandRush|Protect,WillOWisp,BodyPress,LastRespects|Impish||M|||50|
|showteam|p2|Floette-Eternal||Floettite|FlowerVeil|DazzlingGleam,DrainingKiss,Protect,CalmMind|Modest||F|||50|]Sneasler||FocusSash|PoisonTouch|FakeOut,PoisonJab,CloseCombat,Protect|Jolly||F|||50|]Incineroar||SitrusBerry|Intimidate|FakeOut,FlareBlitz,PartingShot,DarkestLariat|Careful||F|||50|]Sinistcha||Leftovers|Hospitality|MatchaGotcha,Protect,TrickRoom,RagePowder|Calm|||||50|]Delphox||Delphoxite|Blaze|HeatWave,Psyshock,NastyPlot,Protect|Modest||F|||50|]Garchomp||LifeOrb|RoughSkin|Earthquake,Protect,RockSlide,DragonClaw|Jolly||M|||50|
|inactive|Battle timer is ON: inactive players will automatically lose when time's up. (requested by spodermees)
|inactive|tokerr has 60 seconds left.
|inactive|spodermees has 60 seconds left.
|inactive|spodermees has 30 seconds left.
|
|t:|1784875250
|teamsize|p1|4
|teamsize|p2|4
|start
|switch|p1a: Blaziken|Blaziken, L50, M|100/100
|switch|p1b: Farigiraf|Farigiraf, L50, M|100/100
|switch|p2a: Incineroar|Incineroar, L50, F|100/100
|switch|p2b: Floette|Floette-Eternal, L50, F|100/100
|-ability|p2a: Incineroar|Intimidate|boost
|-unboost|p1a: Blaziken|atk|1
|-unboost|p1b: Farigiraf|atk|1
|turn|1
|inactive|tokerr has 30 seconds left.
|
|t:|1784875280
|detailschange|p2b: Floette|Floette-Mega, L50, F
|-mega|p2b: Floette|Floette|Floettite
|-ability|p2b: Floette|Fairy Aura
|move|p1a: Blaziken|Detect|p1a: Blaziken
|-singleturn|p1a: Blaziken|Protect
|move|p2b: Floette|Calm Mind|p2b: Floette
|-boost|p2b: Floette|spa|1
|-boost|p2b: Floette|spd|1
|move|p2a: Incineroar|Parting Shot|p1b: Farigiraf
|-unboost|p1b: Farigiraf|atk|1
|-unboost|p1b: Farigiraf|spa|1
|
|t:|1784875290
|switch|p2a: Sneasler|Sneasler, L50, F|100/100|[from] Parting Shot
|move|p1b: Farigiraf|Twin Beam|p2b: Floette
|-damage|p2b: Floette|94/100
|-damage|p2b: Floette|88/100
|-hitcount|p2b: Floette|2
|
|-ability|p1a: Blaziken|Speed Boost|boost
|-boost|p1a: Blaziken|spe|1
|upkeep
|turn|2
|
|t:|1784875308
|switch|p2a: Incineroar|Incineroar, L50, F|100/100
|-ability|p2a: Incineroar|Intimidate|boost
|-unboost|p1a: Blaziken|atk|1
|-unboost|p1b: Farigiraf|atk|1
|move|p1b: Farigiraf|Helping Hand|p1a: Blaziken
|-singleturn|p1a: Blaziken|Helping Hand|[of] p1b: Farigiraf
|move|p1a: Blaziken|Overheat|p2b: Floette
|-damage|p2b: Floette|47/100
|-unboost|p1a: Blaziken|spa|2
|-damage|p1a: Blaziken|90/100|[from] item: Life Orb
|move|p2b: Floette|Dazzling Gleam|p1b: Farigiraf|[spread] p1a,p1b
|-damage|p1a: Blaziken|0 fnt
|-damage|p1b: Farigiraf|44/100
|-enditem|p1b: Farigiraf|Sitrus Berry|[eat]
|-heal|p1b: Farigiraf|69/100|[from] item: Sitrus Berry
|faint|p1a: Blaziken
|
|upkeep
|
|t:|1784875328
|switch|p1a: Tyranitar|Tyranitar, L50, F|100/100
|-weather|Sandstorm|[from] ability: Sand Stream|[of] p1a: Tyranitar
|turn|3
|
|t:|1784875334
|switch|p2a: Sinistcha|Sinistcha, L50|100/100
|-heal|p2b: Floette|72/100|[from] ability: Hospitality|[of] p2a: Sinistcha
|detailschange|p1a: Tyranitar|Tyranitar-Mega, L50, F
|-mega|p1a: Tyranitar|Tyranitar|Tyranitarite
|move|p1b: Farigiraf|Helping Hand|p1a: Tyranitar
|-singleturn|p1a: Tyranitar|Helping Hand|[of] p1b: Farigiraf
|move|p2b: Floette|Draining Kiss|p1a: Tyranitar
|-supereffective|p1a: Tyranitar|1
|-damage|p1a: Tyranitar|35/100
|-heal|p2b: Floette|100/100|[from] drain|[of] p1a: Tyranitar
|move|p1a: Tyranitar|Rock Slide|p2b: Floette|[spread] p2a,p2b
|-damage|p2a: Sinistcha|52/100
|-damage|p2b: Floette|41/100
|
|-weather|Sandstorm|[upkeep]
|-damage|p2b: Floette|35/100|[from] Sandstorm
|-damage|p2a: Sinistcha|46/100|[from] Sandstorm
|-damage|p1b: Farigiraf|62/100|[from] Sandstorm
|-heal|p2a: Sinistcha|52/100|[from] item: Leftovers
|upkeep
|turn|4
|
|t:|1784875352
|switch|p2a: Incineroar|Incineroar, L50, F|100/100
|-ability|p2a: Incineroar|Intimidate|boost
|-unboost|p1a: Tyranitar|atk|1
|-unboost|p1b: Farigiraf|atk|1
|move|p1a: Tyranitar|Protect|p1a: Tyranitar
|-singleturn|p1a: Tyranitar|Protect
|move|p2b: Floette|Draining Kiss|p1a: Tyranitar
|-activate|p1a: Tyranitar|move: Protect
|move|p1b: Farigiraf|Trick Room|p1b: Farigiraf
|-fieldstart|move: Trick Room|[of] p1b: Farigiraf
|
|-weather|Sandstorm|[upkeep]
|-damage|p1b: Farigiraf|56/100|[from] Sandstorm
|-damage|p2a: Incineroar|94/100|[from] Sandstorm
|-damage|p2b: Floette|29/100|[from] Sandstorm
|upkeep
|turn|5
|
|t:|1784875366
|move|p1b: Farigiraf|Helping Hand|p1a: Tyranitar
|-singleturn|p1a: Tyranitar|Helping Hand|[of] p1b: Farigiraf
|move|p2b: Floette|Protect|p2b: Floette
|-singleturn|p2b: Floette|Protect
|move|p2a: Incineroar|Parting Shot|p1a: Tyranitar
|-unboost|p1a: Tyranitar|atk|1
|-unboost|p1a: Tyranitar|spa|1
|
|t:|1784875373
|switch|p2a: Sinistcha|Sinistcha, L50|52/100|[from] Parting Shot
|-heal|p2b: Floette|54/100|[from] ability: Hospitality|[of] p2a: Sinistcha
|move|p1a: Tyranitar|Rock Slide|p2b: Floette|[spread] p2a
|-activate|p2b: Floette|move: Protect
|-damage|p2a: Sinistcha|29/100
|
|-weather|Sandstorm|[upkeep]
|-damage|p1b: Farigiraf|50/100g|[from] Sandstorm
|-damage|p2a: Sinistcha|23/100|[from] Sandstorm
|-damage|p2b: Floette|48/100|[from] Sandstorm
|-heal|p2a: Sinistcha|29/100|[from] item: Leftovers
|upkeep
|turn|6
|
|t:|1784875385
|switch|p2a: Incineroar|Incineroar, L50, F|94/100
|-ability|p2a: Incineroar|Intimidate|boost
|-unboost|p1a: Tyranitar|atk|1
|-unboost|p1b: Farigiraf|atk|1
|move|p1b: Farigiraf|Twin Beam|p2b: Floette
|-damage|p2b: Floette|41/100
|-damage|p2b: Floette|35/100
|-hitcount|p2b: Floette|2
|move|p1a: Tyranitar|Rock Slide|p2a: Incineroar|[spread] p2a,p2b
|-supereffective|p2a: Incineroar|1
|-damage|p2a: Incineroar|66/100
|-damage|p2b: Floette|20/100y
|move|p2b: Floette|Draining Kiss|p1b: Farigiraf
|-damage|p1b: Farigiraf|1/100
|-heal|p2b: Floette|66/100|[from] drain|[of] p1b: Farigiraf
|
|-weather|Sandstorm|[upkeep]
|-damage|p1b: Farigiraf|0 fnt|[from] Sandstorm
|-damage|p2a: Incineroar|60/100|[from] Sandstorm
|-damage|p2b: Floette|60/100|[from] Sandstorm
|faint|p1b: Farigiraf
|upkeep
|
|t:|1784875400
|switch|p1b: Gyarados|Gyarados, L50, M|100/100
|-ability|p1b: Gyarados|Intimidate|boost
|-unboost|p2a: Incineroar|atk|1
|-unboost|p2b: Floette|atk|1
|turn|7
|
|t:|1784875411
|move|p2a: Incineroar|Fake Out|p1b: Gyarados
|-damage|p1b: Gyarados|91/100
|move|p1a: Tyranitar|Dragon Dance|p1a: Tyranitar
|-boost|p1a: Tyranitar|atk|1
|-boost|p1a: Tyranitar|spe|1
|move|p2b: Floette|Draining Kiss|p1a: Tyranitar
|-supereffective|p1a: Tyranitar|1
|-damage|p1a: Tyranitar|0 fnt
|-heal|p2b: Floette|86/100|[from] drain|[of] p1a: Tyranitar
|faint|p1a: Tyranitar
|cant|p1b: Gyarados|flinch
|
|-weather|none
|upkeep
|turn|8
|
|t:|1784875424
|move|p2b: Floette|Protect|p2b: Floette
|-singleturn|p2b: Floette|Protect
|move|p2a: Incineroar|Parting Shot|p1b: Gyarados
|-unboost|p1b: Gyarados|atk|1
|-unboost|p1b: Gyarados|spa|1
|
|t:|1784875427
|switch|p2a: Sinistcha|Sinistcha, L50|29/100|[from] Parting Shot
|-heal|p2b: Floette|100/100|[from] ability: Hospitality|[of] p2a: Sinistcha
|move|p1b: Gyarados|Waterfall|p2b: Floette
|-activate|p2b: Floette|move: Protect
|
|-heal|p2a: Sinistcha|35/100|[from] item: Leftovers
|-fieldend|move: Trick Room
|upkeep
|turn|9
|
|t:|1784875434
|move|p2a: Sinistcha|Rage Powder|p2a: Sinistcha
|-singleturn|p2a: Sinistcha|move: Rage Powder
|move|p1b: Gyarados|Power Whip|p2a: Sinistcha
|-resisted|p2a: Sinistcha|1
|-damage|p2a: Sinistcha|23/100
|move|p2b: Floette|Dazzling Gleam|p1b: Gyarados
|-damage|p1b: Gyarados|0 fnt
|faint|p1b: Gyarados
|
|win|spodermees
