|j|☆Davirate
|j|☆drakondude2
|html|Daviratedrakondude2    
|uhtml|bestof|Game 2 of a best-of-3
|t:|1755149085
|gametype|doubles
|player|p1|Davirate|steven-masters2|1187
|player|p2|drakondude2|2|1281
|gen|9
|tier|[Gen 9] VGC 2025 Reg H (Bo3)
|rated|
|rule|Species Clause: Limit one of each Pokémon
|rule|Item Clause: Limit 1 of each item
|clearpoke
|poke|p1|Archaludon, L50, F|
|poke|p1|Pelipper, L50, M|
|poke|p1|Gholdengo, L50|
|poke|p1|Basculegion, L50, M|
|poke|p1|Amoonguss, L50, F|
|poke|p1|Incineroar, L50, F|
|poke|p2|Typhlosion-Hisui, L50, M|
|poke|p2|Dragapult, L50, F|
|poke|p2|Whimsicott, L50, M|
|poke|p2|Incineroar, L50, F|
|poke|p2|Sneasler, L50, M|
|poke|p2|Indeedee, L50, M|
|teampreview|4
|showteam|p1|Archaludon||AssaultVest|Stamina|DracoMeteor,FlashCannon,ElectroShot,BodyPress|||F|||50|,,,,,Grass]Pelipper||FocusSash|Drizzle|Protect,WeatherBall,Hurricane,Tailwind|||M|||50|,,,,,Stellar]Gholdengo||LifeOrb|GoodasGold|Protect,MakeItRain,ShadowBall,NastyPlot||||||50|,,,,,Water]Basculegion||ChoiceBand|SwiftSwim|FlipTurn,WaveCrash,AquaJet,LastRespects|||M|||50|,,,,,Grass]Amoonguss||SitrusBerry|Regenerator|Spore,RagePowder,PollenPuff,Protect|||F|||50|,,,,,Water]Incineroar||SafetyGoggles|Intimidate|FlareBlitz,KnockOff,PartingShot,FakeOut|||F|||50|,,,,,Ghost
|showteam|p2|Typhlosion-Hisui||ChoiceScarf|Blaze|Eruption,ShadowBall,HeatWave,Overheat|||M|||50|,,,,,Fire]Dragapult||ChoiceBand|ClearBody|DragonDarts,PhantomForce,Outrage,Uturn|||F|||50|,,,,,Dragon]Whimsicott||CovertCloak|Prankster|Tailwind,Moonblast,SunnyDay,Taunt|||M|||50|,,,,,Water]Incineroar||SafetyGoggles|Intimidate|FlareBlitz,KnockOff,PartingShot,FakeOut|||F|||50|,,,,,Ghost]Sneasler||PsychicSeed|Unburden|CloseCombat,DireClaw,ThroatChop,Protect|||M|||50|,,,,,Dark]Indeedee||FocusSash|PsychicSurge|ExpandingForce,TrickRoom,Imprison,Protect|||M|||50|,,,,,Psychic
|
|t:|1755149150
|teamsize|p1|4
|teamsize|p2|4
|start
|switch|p1a: Basculegion|Basculegion, L50, M, shiny|100/100
|switch|p1b: Archaludon|Archaludon, L50, F|100/100
|switch|p2a: Dragapult|Dragapult, L50, F|100/100
|switch|p2b: Whimsicott|Whimsicott, L50, M|100/100
|turn|1
|
|t:|1755149221
|-terastallize|p2a: Dragapult|Dragon
|move|p1a: Basculegion|Aqua Jet|p1b: Archaludon
|-resisted|p1b: Archaludon
|-damage|p1b: Archaludon|89/100
|-ability|p1b: Archaludon|Stamina|boost
|-boost|p1b: Archaludon|def|1
|move|p2a: Dragapult|Outrage|p1b: Archaludon
|-damage|p1b: Archaludon|25/100
|-ability|p1b: Archaludon|Stamina|boost
|-boost|p1b: Archaludon|def|1
|move|p2b: Whimsicott|Moonblast|p1b: Archaludon
|-damage|p1b: Archaludon|0 fnt
|faint|p1b: Archaludon
|
|upkeep
|
|t:|1755149236
|switch|p1b: Amoonguss|Amoonguss, L50, F|100/100
|turn|2
|
|t:|1755149269
|switch|p1a: Incineroar|Incineroar, L50, F|100/100
|-ability|p1a: Incineroar|Intimidate|boost
|-fail|p2a: Dragapult|unboost|[from] ability: Clear Body|[of] p2a: Dragapult
|-unboost|p2b: Whimsicott|atk|1
|move|p2a: Dragapult|Outrage|p1a: Incineroar|[from] lockedmove
|-damage|p1a: Incineroar|0 fnt
|faint|p1a: Incineroar
|-start|p2a: Dragapult|confusion|[fatigue]
|move|p2b: Whimsicott|Moonblast|p1b: Amoonguss
|-resisted|p1b: Amoonguss
|-damage|p1b: Amoonguss|86/100
|-unboost|p1b: Amoonguss|spa|1
|move|p1b: Amoonguss|Spore|p2a: Dragapult
|-status|p2a: Dragapult|slp|[from] move: Spore
|
|upkeep
|
|t:|1755149286
|switch|p1a: Basculegion|Basculegion, L50, M, shiny|100/100
|turn|3
|
|t:|1755149305
|switch|p2b: Incineroar|Incineroar, L50, F|100/100
|-ability|p2b: Incineroar|Intimidate|boost
|-unboost|p1a: Basculegion|atk|1
|-unboost|p1b: Amoonguss|atk|1
|cant|p2a: Dragapult|slp
|move|p1a: Basculegion|Last Respects|p2a: Dragapult
|-damage|p2a: Dragapult|0 fnt
|faint|p2a: Dragapult
|move|p1b: Amoonguss|Pollen Puff|p1a: Basculegion
|
|upkeep
|
|t:|1755149315
|switch|p2a: Whimsicott|Whimsicott, L50, M|100/100
|turn|4
|
|t:|1755149358
|-terastallize|p1a: Basculegion|Grass
|move|p2a: Whimsicott|Taunt|p1b: Amoonguss
|-start|p1b: Amoonguss|move: Taunt
|move|p1a: Basculegion|Last Respects|p2b: Incineroar
|-resisted|p2b: Incineroar
|-damage|p2b: Incineroar|61/100
|move|p2b: Incineroar|Knock Off|p1a: Basculegion
|-damage|p1a: Basculegion|43/100
|-enditem|p1a: Basculegion|Choice Band|[from] move: Knock Off|[of] p2b: Incineroar
|move|p1b: Amoonguss|Pollen Puff|p2b: Incineroar
|-damage|p2b: Incineroar|50/100
|
|upkeep
|turn|5
|
|t:|1755149380
|move|p2a: Whimsicott|Tailwind|p2a: Whimsicott
|-sidestart|p2: drakondude2|move: Tailwind
|move|p1a: Basculegion|Aqua Jet|p2b: Incineroar
|-supereffective|p2b: Incineroar
|-damage|p2b: Incineroar|21/100
|move|p2b: Incineroar|Flare Blitz|p1a: Basculegion
|-supereffective|p1a: Basculegion
|-damage|p1a: Basculegion|0 fnt
|faint|p1a: Basculegion
|-damage|p2b: Incineroar|7/100|[from] Recoil
|move|p1b: Amoonguss|Pollen Puff|p1: Basculegion|[notarget]
|-fail|p1b: Amoonguss
|
|upkeep
|turn|6
|-message|Davirate forfeited.
|
|win|drakondude2
|raw|Davirate's rating: 1187 → 1169(-18 for losing)
|raw|drakondude2's rating: 1281 → 1299(+18 for winning)
|c|☆Davirate|btw you threw g1 omega hard
|c|☆Davirate|literally only combo you could lose with
