|j|☆mumu2
|j|☆Joker113
|html|mumu2Joker113    
|uhtml|bestof|Game 2 of a best-of-3
|t:|1784731507
|gametype|doubles
|player|p1|mumu2|cyclistf|1156
|player|p2|Joker113|170|1210
|gen|9
|tier|[Gen 9 Champions] VGC 2026 Reg M-B (Bo3)
|rated|
|rule|Species Clause: Limit one of each Pokémon
|rule|Item Clause: Limit 1 of each item
|clearpoke
|poke|p1|Charizard, L50, F|
|poke|p1|Venusaur, L50, M|
|poke|p1|Garchomp, L50, F|
|poke|p1|Annihilape, L50, F|
|poke|p1|Incineroar, L50, M|
|poke|p1|Toxapex, L50, F|
|poke|p2|Gyarados, L50, F|
|poke|p2|Sneasler, L50, M|
|poke|p2|Garchomp, L50, F|
|poke|p2|Whimsicott, L50, M|
|poke|p2|Floette-Eternal, L50, F|
|poke|p2|Volcarona, L50, F|
|teampreview|4
|showteam|p1|Charizard||CharizarditeY|Blaze|HeatWave,WeatherBall,HelpingHand,Protect|Modest||F|||50|]Venusaur||LifeOrb|Chlorophyll|SludgeBomb,SolarBeam,EarthPower,Protect|Modest||M|||50|]Garchomp||ChoiceScarf|RoughSkin|DragonClaw,Earthquake,RockSlide,StompingTantrum|Adamant||F|||50|]Annihilape||FocusSash|Defiant|PhantomForce,CloseCombat,Protect,RockTomb|Jolly||F|||50|]Incineroar||SitrusBerry|Intimidate|FlareBlitz,ThroatChop,PartingShot,FakeOut|Impish||M|||50|]Toxapex||Leftovers|Regenerator|Toxic,Infestation,WideGuard,BanefulBunker|Bold||F|||50|
|showteam|p2|Gyarados||Gyaradosite|Intimidate|DragonDance,Waterfall,Crunch,Protect|Adamant||F|||50|]Sneasler||WhiteHerb|Unburden|CloseCombat,FakeOut,DireClaw,Protect|Adamant||M|||50|]Garchomp||LifeOrb|RoughSkin|Protect,StompingTantrum,RockSlide,DragonClaw|Adamant||F|||50|]Whimsicott||FocusSash|Prankster|Encore,Endeavor,Moonblast,Tailwind|Modest||M|||50|]Floette-Eternal||Floettite|FlowerVeil|DrainingKiss,Moonblast,CalmMind,Protect|Timid||F|||50|]Volcarona||SitrusBerry|FlameBody|HeatWave,QuiverDance,RagePowder,Protect|Serious||F|||50|
|inactive|Battle timer is ON: inactive players will automatically lose when time's up. (requested by Joker113)
|inactive|mumu2 has 60 seconds left.
|
|t:|1784731548
|teamsize|p1|4
|teamsize|p2|4
|start
|switch|p1a: Incineroar|Incineroar, L50, M|100/100
|switch|p1b: Toxapex|Toxapex, L50, F|100/100
|switch|p2a: Volcarona|Volcarona, L50, F|100/100
|switch|p2b: Floette|Floette-Eternal, L50, F|100/100
|-ability|p1a: Incineroar|Intimidate|boost
|-unboost|p2a: Volcarona|atk|1
|-unboost|p2b: Floette|atk|1
|turn|1
|
|t:|1784731567
|detailschange|p2b: Floette|Floette-Mega, L50, F
|-mega|p2b: Floette|Floette|Floettite
|-ability|p2b: Floette|Fairy Aura
|move|p2b: Floette|Protect|p2b: Floette
|-singleturn|p2b: Floette|Protect
|move|p2a: Volcarona|Protect|p2a: Volcarona
|-singleturn|p2a: Volcarona|Protect
|move|p1a: Incineroar|Fake Out|p2b: Floette
|-activate|p2b: Floette|move: Protect
|move|p1b: Toxapex|Infestation|p2a: Volcarona
|-activate|p2a: Volcarona|move: Protect
|
|upkeep
|turn|2
|
|t:|1784731581
|move|p2a: Volcarona|Rage Powder|p2a: Volcarona
|-singleturn|p2a: Volcarona|move: Rage Powder
|move|p2b: Floette|Calm Mind|p2b: Floette
|-boost|p2b: Floette|spa|1
|-boost|p2b: Floette|spd|1
|move|p1a: Incineroar|Parting Shot|p2a: Volcarona
|-unboost|p2a: Volcarona|atk|1
|-unboost|p2a: Volcarona|spa|1
|
|t:|1784731586
|switch|p1a: Charizard|Charizard, L50, F|100/100|[from] Parting Shot
|move|p1b: Toxapex|Toxic|p2a: Volcarona
|-status|p2a: Volcarona|tox
|
|-damage|p2a: Volcarona|93/100 tox|[from] psn
|upkeep
|turn|3
|inactive|Joker113 has 30 seconds left.
|
|t:|1784731613
|switch|p1b: Venusaur|Venusaur, L50, M|100/100
|detailschange|p1a: Charizard|Charizard-Mega-Y, L50, F
|-mega|p1a: Charizard|Charizard|Charizardite Y
|-weather|SunnyDay|[from] ability: Drought|[of] p1a: Charizard
|move|p2a: Volcarona|Rage Powder|p2a: Volcarona
|-singleturn|p2a: Volcarona|move: Rage Powder
|move|p2b: Floette|Calm Mind|p2b: Floette
|-boost|p2b: Floette|spa|1
|-boost|p2b: Floette|spd|1
|move|p1a: Charizard|Heat Wave|p2a: Volcarona|[spread] p2a,p2b
|-damage|p2a: Volcarona|40/100 tox
|-damage|p2b: Floette|76/100
|-enditem|p2a: Volcarona|Sitrus Berry|[eat]
|-heal|p2a: Volcarona|65/100 tox|[from] item: Sitrus Berry
|
|-weather|SunnyDay|[upkeep]
|-damage|p2a: Volcarona|52/100 tox|[from] psn
|upkeep
|turn|4
|
|t:|1784731620
|move|p1a: Charizard|Helping Hand|p1b: Venusaur
|-singleturn|p1b: Venusaur|Helping Hand|[of] p1a: Charizard
|move|p2b: Floette|Protect|p2b: Floette
|-singleturn|p2b: Floette|Protect
|move|p1b: Venusaur|Sludge Bomb|p2b: Floette
|-activate|p2b: Floette|move: Protect
|move|p2a: Volcarona|Heat Wave|p1b: Venusaur|[spread] p1a,p1b
|-resisted|p1a: Charizard|1
|-supereffective|p1b: Venusaur|1
|-damage|p1a: Charizard|84/100
|-damage|p1b: Venusaur|13/100
|
|-weather|SunnyDay|[upkeep]
|-damage|p2a: Volcarona|33/100 tox|[from] psn
|upkeep
|turn|5
|
|t:|1784731639
|switch|p1b: Incineroar|Incineroar, L50, M|100/100
|-ability|p1b: Incineroar|Intimidate|boost
|-unboost|p2a: Volcarona|atk|1
|-unboost|p2b: Floette|atk|1
|switch|p2a: Whimsicott|Whimsicott, L50, M|100/100
|move|p2b: Floette|Moonblast|p1a: Charizard
|-resisted|p1a: Charizard|1
|-damage|p1a: Charizard|23/100
|-unboost|p1a: Charizard|spa|1
|move|p1a: Charizard|Heat Wave|p2a: Whimsicott|[spread] p2a,p2b
|-supereffective|p2a: Whimsicott|1
|-enditem|p2a: Whimsicott|Focus Sash
|-damage|p2a: Whimsicott|1/100
|-damage|p2b: Floette|58/100
|
|-weather|SunnyDay|[upkeep]
|upkeep
|turn|6
|inactive|mumu2 has 30 seconds left.
|inactive|Joker113 has 30 seconds left.
|
|t:|1784731671
|move|p1b: Incineroar|Fake Out|p2a: Whimsicott
|-damage|p2a: Whimsicott|0 fnt
|faint|p2a: Whimsicott
|move|p2b: Floette|Draining Kiss|p1b: Incineroar
|-damage|p1b: Incineroar|29/100
|-heal|p2b: Floette|100/100|[from] drain|[of] p1b: Incineroar
|-enditem|p1b: Incineroar|Sitrus Berry|[eat]
|-heal|p1b: Incineroar|54/100|[from] item: Sitrus Berry
|move|p1a: Charizard|Weather Ball|p2b: Floette
|-damage|p2b: Floette|74/100
|
|-weather|SunnyDay|[upkeep]
|upkeep
|
|t:|1784731674
|switch|p2a: Garchomp|Garchomp, L50, F|100/100
|turn|7
|
|t:|1784731685
|move|p2b: Floette|Draining Kiss|p1b: Incineroar
|-damage|p1b: Incineroar|0 fnt
|-heal|p2b: Floette|100/100|[from] drain|[of] p1b: Incineroar
|faint|p1b: Incineroar
|move|p2a: Garchomp|Rock Slide|p1a: Charizard
|-supereffective|p1a: Charizard|2
|-damage|p1a: Charizard|0 fnt
|faint|p1a: Charizard
|-damage|p2a: Garchomp|90/100|[from] item: Life Orb
|
|-weather|none
|upkeep
|
|t:|1784731688
|switch|p1a: Venusaur|Venusaur, L50, M|13/100
|switch|p1b: Toxapex|Toxapex, L50, F|100/100
|turn|8
|
|t:|1784731695
|move|p2b: Floette|Moonblast|p1b: Toxapex
|-resisted|p1b: Toxapex|1
|-damage|p1b: Toxapex|42/100
|move|p2a: Garchomp|Stomping Tantrum|p1a: Venusaur
|-damage|p1a: Venusaur|0 fnt
|faint|p1a: Venusaur
|-damage|p2a: Garchomp|80/100|[from] item: Life Orb
|move|p1b: Toxapex|Toxic|p2a: Garchomp
|-status|p2a: Garchomp|tox
|
|-heal|p1b: Toxapex|47/100|[from] item: Leftovers
|-damage|p2a: Garchomp|75/100 tox|[from] psn
|upkeep
|turn|9
|-message|mumu2 forfeited.
|
|win|Joker113
||Joker113 is ready for game 3.
