|j|☆thaossone
|j|☆mil0battles
|html|thaossonemil0battles    
|uhtml|bestof|Game 2 of a best-of-3
|t:|1756780802
|gametype|doubles
|player|p1|thaossone|lance|1120
|player|p2|mil0battles|pokemonranger-gen4|1106
|gen|9
|tier|[Gen 9] VGC 2025 Reg H (Bo3)
|rated|
|rule|Species Clause: Limit one of each Pokémon
|rule|Item Clause: Limit 1 of each item
|clearpoke
|poke|p1|Dragonite, L50, F|
|poke|p1|Gholdengo, L50|
|poke|p1|Rillaboom, L50, M|
|poke|p1|Arcanine-Hisui, L50, M|
|poke|p1|Annihilape, L50, M|
|poke|p1|Murkrow, L50, F|
|poke|p2|Ursaluna-Bloodmoon, L50, M|
|poke|p2|Gholdengo, L50|
|poke|p2|Dragonite, L50, M|
|poke|p2|Primarina, L50, F|
|poke|p2|Amoonguss, L50, M|
|poke|p2|Incineroar, L50, F|
|teampreview|4
|showteam|p1|Dragonite||LoadedDice|Multiscale|Protect,ScaleShot,LowKick,ExtremeSpeed|||F|||50|,,,,,Fairy]Gholdengo||ChoiceSpecs|GoodasGold|Thunderbolt,PowerGem,MakeItRain,ShadowBall||||||50|,,,,,Steel]Rillaboom||AssaultVest|GrassySurge|FakeOut,HighHorsepower,DrumBeating,GrassyGlide|||M|||50|,,,,,Fire]Arcanine-Hisui||ClearAmulet|Intimidate|Protect,FlareBlitz,RockSlide,ExtremeSpeed|||M|||50|,,,,,Water]Annihilape||FocusSash|Defiant|Coaching,CloseCombat,RageFist,FinalGambit|||M|||50|,,,,,Stellar]Murkrow||Eviolite|Prankster|Haze,Tailwind,FoulPlay,Taunt|||F|||50|,,,,,Ghost
|showteam|p2|Ursaluna-Bloodmoon||AssaultVest|MindsEye|BloodMoon,EarthPower,VacuumWave,HyperVoice|||M|||50|,,,,,Water]Gholdengo||LifeOrb|GoodasGold|Protect,MakeItRain,ShadowBall,NastyPlot||||||50|,,,,,Water]Dragonite||LoadedDice|Multiscale|ScaleShot,Tailwind,Haze,Protect|||M|||50|,,,,,Fairy]Primarina||ThroatSpray|LiquidVoice|HyperVoice,Moonblast,Haze,Protect|||F|||50|,,,,,Poison]Amoonguss||SitrusBerry|Regenerator|Spore,RagePowder,PollenPuff,Protect|||M|||50|,,,,,Water]Incineroar||SafetyGoggles|Intimidate|FakeOut,KnockOff,PartingShot,FlareBlitz|||F|||50|,,,,,Ghost
|j| teamthief420
|l| teamthief420
|inactive|Battle timer is ON: inactive players will automatically lose when time's up. (requested by thaossone)
|
|t:|1756780846
|teamsize|p1|4
|teamsize|p2|4
|start
|switch|p1a: Rillaboom|Rillaboom, L50, M, shiny|100/100
|switch|p1b: Gholdengo|Gholdengo, L50, shiny|100/100
|switch|p2a: Dragonite|Dragonite, L50, M|100/100
|switch|p2b: Amoonguss|Amoonguss, L50, M|100/100
|-fieldstart|move: Grassy Terrain|[from] ability: Grassy Surge|[of] p1a: Rillaboom
|turn|1
|inactive|thaossone has 30 seconds left.
|inactive|thaossone has 20 seconds left.
|inactive|thaossone has 15 seconds left.
|
|t:|1756780888
|move|p2a: Dragonite|Protect|p2a: Dragonite
|-singleturn|p2a: Dragonite|Protect
|move|p2b: Amoonguss|Protect|p2b: Amoonguss
|-singleturn|p2b: Amoonguss|Protect
|move|p1a: Rillaboom|Fake Out|p2b: Amoonguss
|-activate|p2b: Amoonguss|move: Protect
|move|p1b: Gholdengo|Shadow Ball|p2b: Amoonguss
|-activate|p2b: Amoonguss|move: Protect
|
|upkeep
|turn|2
|inactive|mil0battles has 30 seconds left.
|inactive|thaossone has 30 seconds left.
|inactive|mil0battles has 20 seconds left.
|inactive|mil0battles has 15 seconds left.
|inactive|mil0battles has 10 seconds left.
|
|t:|1756780933
|move|p1b: Gholdengo|Shadow Ball|p2b: Amoonguss
|-damage|p2b: Amoonguss|41/100
|-enditem|p2b: Amoonguss|Sitrus Berry|[eat]
|-heal|p2b: Amoonguss|66/100|[from] item: Sitrus Berry
|move|p2a: Dragonite|Tailwind|p2a: Dragonite
|-sidestart|p2: mil0battles|move: Tailwind
|move|p1a: Rillaboom|High Horsepower|p2b: Amoonguss
|-damage|p2b: Amoonguss|44/100
|move|p2b: Amoonguss|Pollen Puff|p2a: Dragonite
|
|-heal|p2b: Amoonguss|50/100|[from] Grassy Terrain
|upkeep
|turn|3
|inactive|thaossone has 30 seconds left.
|
|t:|1756780962
|move|p2a: Dragonite|Scale Shot|p1a: Rillaboom
|-damage|p1a: Rillaboom|87/100
|-damage|p1a: Rillaboom|72/100
|-damage|p1a: Rillaboom|57/100
|-damage|p1a: Rillaboom|43/100
|-hitcount|p1a: Rillaboom|4
|-unboost|p2a: Dragonite|def|1
|-boost|p2a: Dragonite|spe|1
|move|p1b: Gholdengo|Shadow Ball|p2b: Amoonguss
|-damage|p2b: Amoonguss|0 fnt
|faint|p2b: Amoonguss
|move|p1a: Rillaboom|Drum Beating|p2a: Dragonite
|-resisted|p2a: Dragonite
|-damage|p2a: Dragonite|89/100
|-unboost|p2a: Dragonite|spe|1
|
|-heal|p1a: Rillaboom|49/100|[from] Grassy Terrain
|upkeep
|
|t:|1756780979
|switch|p2b: Gholdengo|Gholdengo, L50|100/100
|turn|4
|
|t:|1756780993
|-terastallize|p1b: Gholdengo|Steel
|move|p2b: Gholdengo|Shadow Ball|p1b: Gholdengo
|-damage|p1b: Gholdengo|49/100
|-unboost|p1b: Gholdengo|spd|1
|-damage|p2b: Gholdengo|91/100|[from] item: Life Orb
|move|p2a: Dragonite|Scale Shot|p1b: Gholdengo
|-resisted|p1b: Gholdengo
|-damage|p1b: Gholdengo|41/100
|-resisted|p1b: Gholdengo
|-damage|p1b: Gholdengo|32/100
|-resisted|p1b: Gholdengo
|-damage|p1b: Gholdengo|25/100
|-resisted|p1b: Gholdengo
|-damage|p1b: Gholdengo|18/100
|-hitcount|p1b: Gholdengo|4
|-unboost|p2a: Dragonite|def|1
|-boost|p2a: Dragonite|spe|1
|move|p1b: Gholdengo|Shadow Ball|p2b: Gholdengo
|-supereffective|p2b: Gholdengo
|-damage|p2b: Gholdengo|0 fnt
|faint|p2b: Gholdengo
|move|p1a: Rillaboom|High Horsepower|p2a: Dragonite
|-immune|p2a: Dragonite
|
|-heal|p1b: Gholdengo|24/100|[from] Grassy Terrain
|-heal|p1a: Rillaboom|55/100|[from] Grassy Terrain
|upkeep
|
|t:|1756781010
|switch|p2b: Ursaluna|Ursaluna-Bloodmoon, L50, M|100/100
|turn|5
|
|t:|1756781031
|switch|p1b: Annihilape|Annihilape, L50, M, shiny|100/100
|move|p2b: Ursaluna|Vacuum Wave|p1b: Annihilape
|-damage|p1b: Annihilape|87/100
|move|p1a: Rillaboom|Grassy Glide|p2b: Ursaluna
|-supereffective|p2b: Ursaluna
|-damage|p2b: Ursaluna|51/100
|move|p2a: Dragonite|Scale Shot|p1a: Rillaboom
|-damage|p1a: Rillaboom|40/100
|-damage|p1a: Rillaboom|25/100
|-damage|p1a: Rillaboom|9/100
|-damage|p1a: Rillaboom|0 fnt
|faint|p1a: Rillaboom
|-hitcount|p1: Rillaboom|4
|-unboost|p2a: Dragonite|def|1
|-boost|p2a: Dragonite|spe|1
|
|-heal|p2b: Ursaluna|57/100|[from] Grassy Terrain
|-heal|p1b: Annihilape|93/100|[from] Grassy Terrain
|-sideend|p2: mil0battles|move: Tailwind
|-fieldend|move: Grassy Terrain
|upkeep
|
|t:|1756781039
|switch|p1a: Dragonite|Dragonite, L50, F|100/100
|turn|6
|inactive|thaossone has 30 seconds left.
|inactive|mil0battles has 30 seconds left.
|inactive|mil0battles has 20 seconds left.
|inactive|mil0battles has 15 seconds left.
|inactive|thaossone has 20 seconds left.
|inactive|mil0battles has 10 seconds left.
|inactive|thaossone has 15 seconds left.
|inactive|mil0battles has 5 seconds left.
|inactive|thaossone has 10 seconds left.
|inactive|thaossone has 5 seconds left.
|
|t:|1756781101
|move|p1a: Dragonite|Extreme Speed|p2b: Ursaluna
|-damage|p2b: Ursaluna|34/100
|move|p2a: Dragonite|Scale Shot|p1a: Dragonite
|-supereffective|p1a: Dragonite
|-damage|p1a: Dragonite|82/100
|-supereffective|p1a: Dragonite
|-damage|p1a: Dragonite|50/100
|-supereffective|p1a: Dragonite
|-damage|p1a: Dragonite|17/100
|-supereffective|p1a: Dragonite
|-damage|p1a: Dragonite|0 fnt
|faint|p1a: Dragonite
|-hitcount|p1: Dragonite|4
|-unboost|p2a: Dragonite|def|1
|-boost|p2a: Dragonite|spe|1
|move|p1b: Annihilape|Final Gambit|p2a: Dragonite
|-damage|p2a: Dragonite|0 fnt
|faint|p1b: Annihilape
|faint|p2a: Dragonite
|move|p2b: Ursaluna|Blood Moon|p1: Dragonite|[notarget]
|-fail|p2b: Ursaluna
|
|upkeep
|
|t:|1756781108
|switch|p1b: Gholdengo|Gholdengo, L50, shiny, tera:Steel|24/100
|turn|7
|
|t:|1756781127
|move|p2b: Ursaluna|Vacuum Wave|p1b: Gholdengo
|-supereffective|p1b: Gholdengo
|-damage|p1b: Gholdengo|0 fnt
|faint|p1b: Gholdengo
|
|win|mil0battles
|raw|thaossone's rating: 1120 → 1094(-26 for losing)
|raw|mil0battles's rating: 1106 → 1132(+26 for winning)
|l|☆thaossone
|player|p1|
