|j|☆RonJohn
|j|☆PursatiEvol
|html|RonJohnPursatiEvol    
|uhtml|bestof|Game 1 of a best-of-3
|t:|1756352232
|gametype|doubles
|player|p1|RonJohn|169|1102
|player|p2|PursatiEvol|1|1000
|gen|9
|tier|[Gen 9] VGC 2025 Reg H (Bo3)
|rated|
|rule|Species Clause: Limit one of each Pokémon
|rule|Item Clause: Limit 1 of each item
|clearpoke
|poke|p1|Ninetales-Alola, L50, F|
|poke|p1|Dragonite, L50, F|
|poke|p1|Amoonguss, L50, M|
|poke|p1|Incineroar, L50, M|
|poke|p1|Gholdengo, L50|
|poke|p1|Ursaluna-Bloodmoon, L50, M|
|poke|p2|Sneasler, L50, F|
|poke|p2|Dragapult, L50, F|
|poke|p2|Primarina, L50, M|
|poke|p2|Rillaboom, L50, M|
|poke|p2|Kingambit, L50, F|
|poke|p2|Magmar, L50, M|
|teampreview|4
|showteam|p1|Ninetales-Alola||FocusSash|SnowWarning|Blizzard,IcyWind,Protect,Encore|||F|||50|,,,,,Ice]Dragonite||LoadedDice|Multiscale|ScaleShot,Tailwind,Protect,Haze|||F|||50|,,,,,Fairy]Amoonguss||SitrusBerry|Regenerator|PollenPuff,Spore,Protect,RagePowder|||M|||50|,,,,,Psychic]Incineroar||SafetyGoggles|Intimidate|FlareBlitz,KnockOff,FakeOut,PartingShot|||M|||50|,,,,,Ghost]Gholdengo||LifeOrb|GoodasGold|MakeItRain,ShadowBall,Protect,NastyPlot||||||50|,,,,,Water]Ursaluna-Bloodmoon||AssaultVest|MindsEye|BloodMoon,EarthPower,HyperVoice,VacuumWave|||M|||50|,,,,,Water
|showteam|p2|Sneasler||FocusSash|PoisonTouch|CloseCombat,DireClaw,FakeOut,Protect|||F|||50|,,,,,Stellar]Dragapult||ChoiceBand|ClearBody|DragonDarts,TeraBlast,PhantomForce,Uturn|||F|||50|,,,,,Ghost]Primarina||SitrusBerry|LiquidVoice|HyperVoice,Moonblast,Haze,Protect|||M|||50|,,,,,Water]Rillaboom||AssaultVest|GrassySurge|WoodHammer,GrassyGlide,HighHorsepower,FakeOut|||M|||50|,,,,,Fire]Kingambit||BlackGlasses|Defiant|KowtowCleave,SuckerPunch,SwordsDance,Protect|||F|||50|,,,,,Ghost]Magmar||Eviolite|VitalSpirit|Overheat,WillOWisp,FollowMe,Protect|||M|||50|,,,,,Ghost
|inactive|Battle timer is ON: inactive players will automatically lose when time's up. (requested by RonJohn)
|inactive|RonJohn has 60 seconds left.
|
|t:|1756352311
|teamsize|p1|4
|teamsize|p2|4
|start
|switch|p1a: 1989|Dragonite, L50, F|100/100
|switch|p1b: Fearless|Amoonguss, L50, M|100/100
|switch|p2a: Sneasler|Sneasler, L50, F|100/100
|switch|p2b: Dragapult|Dragapult, L50, F|100/100
|turn|1
|inactive|PursatiEvol has 30 seconds left.
|
|t:|1756352344
|move|p1a: 1989|Protect|p1a: 1989
|-singleturn|p1a: 1989|Protect
|move|p1b: Fearless|Protect|p1b: Fearless
|-singleturn|p1b: Fearless|Protect
|move|p2a: Sneasler|Fake Out|p1b: Fearless
|-activate|p1b: Fearless|move: Protect
|move|p2b: Dragapult|U-turn|p1a: 1989
|-activate|p1a: 1989|move: Protect
|
|upkeep
|turn|2
|inactive|PursatiEvol has 30 seconds left.
|
|t:|1756352370
|move|p1b: Fearless|Rage Powder|p1b: Fearless
|-singleturn|p1b: Fearless|move: Rage Powder
|move|p2b: Dragapult|U-turn|p1b: Fearless
|-damage|p1b: Fearless|70/100
|
|t:|1756352378
|switch|p2b: Primarina|Primarina, L50, M|100/100|[from] U-turn
|move|p2a: Sneasler|Dire Claw|p1b: Fearless
|-damage|p1b: Fearless|34/100
|-enditem|p1b: Fearless|Sitrus Berry|[eat]
|-heal|p1b: Fearless|59/100|[from] item: Sitrus Berry
|move|p1a: 1989|Tailwind|p1a: 1989
|-sidestart|p1: RonJohn|move: Tailwind
|
|upkeep
|turn|3
|inactive|RonJohn has 30 seconds left.
|
|t:|1756352405
|move|p2a: Sneasler|Protect|p2a: Sneasler
|-singleturn|p2a: Sneasler|Protect
|move|p2b: Primarina|Protect|p2b: Primarina
|-singleturn|p2b: Primarina|Protect
|move|p1b: Fearless|Rage Powder|p1b: Fearless
|-singleturn|p1b: Fearless|move: Rage Powder
|move|p1a: 1989|Scale Shot|p2a: Sneasler
|-activate|p2a: Sneasler|move: Protect
|
|upkeep
|turn|4
|
|t:|1756352423
|switch|p2a: Kingambit|Kingambit, L50, F|100/100
|move|p1a: 1989|Scale Shot|p2a: Kingambit
|-resisted|p2a: Kingambit
|-damage|p2a: Kingambit|95/100
|-resisted|p2a: Kingambit
|-damage|p2a: Kingambit|89/100
|-resisted|p2a: Kingambit
|-damage|p2a: Kingambit|84/100
|-resisted|p2a: Kingambit
|-damage|p2a: Kingambit|79/100
|-hitcount|p2a: Kingambit|4
|-unboost|p1a: 1989|def|1
|-boost|p1a: 1989|spe|1
|move|p1b: Fearless|Spore|p2b: Primarina
|-status|p2b: Primarina|slp|[from] move: Spore
|cant|p2b: Primarina|slp
|
|upkeep
|turn|5
|inactive|RonJohn has 30 seconds left.
|inactive|PursatiEvol has 30 seconds left.
|inactive|RonJohn has 20 seconds left.
|inactive|RonJohn has 15 seconds left.
|
|t:|1756352468
|move|p1a: 1989|Protect|p1a: 1989
|-singleturn|p1a: 1989|Protect
|move|p2a: Kingambit|Protect|p2a: Kingambit
|-singleturn|p2a: Kingambit|Protect
|move|p1b: Fearless|Spore|p2a: Kingambit
|-activate|p2a: Kingambit|move: Protect
|cant|p2b: Primarina|slp
|
|-sideend|p1: RonJohn|move: Tailwind
|upkeep
|turn|6
|
|t:|1756352490
|move|p1a: 1989|Tailwind|p1a: 1989
|-sidestart|p1: RonJohn|move: Tailwind
|move|p1b: Fearless|Spore|p2a: Kingambit
|-status|p2a: Kingambit|slp|[from] move: Spore
|cant|p2b: Primarina|slp
|cant|p2a: Kingambit|slp
|
|upkeep
|turn|7
|inactive|RonJohn has 30 seconds left.
|inactive|PursatiEvol has 30 seconds left.
|
|t:|1756352520
|switch|p1b: Reputation|Ursaluna-Bloodmoon, L50, M|100/100
|move|p1a: 1989|Scale Shot|p2a: Kingambit
|-resisted|p2a: Kingambit
|-damage|p2a: Kingambit|74/100 slp
|-resisted|p2a: Kingambit
|-damage|p2a: Kingambit|68/100 slp
|-resisted|p2a: Kingambit
|-damage|p2a: Kingambit|62/100 slp
|-resisted|p2a: Kingambit
|-damage|p2a: Kingambit|56/100 slp
|-resisted|p2a: Kingambit
|-damage|p2a: Kingambit|50/100 slp
|-hitcount|p2a: Kingambit|5
|-unboost|p1a: 1989|def|1
|-boost|p1a: 1989|spe|1
|-curestatus|p2b: Primarina|slp|[msg]
|move|p2b: Primarina|Moonblast|p1a: 1989
|-supereffective|p1a: 1989
|-damage|p1a: 1989|52/100
|-unboost|p1a: 1989|spa|1
|cant|p2a: Kingambit|slp
|
|upkeep
|turn|8
|inactive|RonJohn has 30 seconds left.
|inactive|PursatiEvol has 30 seconds left.
|inactive|RonJohn has 20 seconds left.
|inactive|RonJohn has 15 seconds left.
|
|t:|1756352563
|-terastallize|p1a: 1989|Fairy
|-curestatus|p2a: Kingambit|slp|[msg]
|move|p2a: Kingambit|Sucker Punch|p1a: 1989
|-resisted|p1a: 1989
|-crit|p1a: 1989
|-damage|p1a: 1989|0 fnt
|faint|p1a: 1989
|move|p1b: Reputation|Hyper Voice|p2b: Primarina|[spread] p2a,p2b
|-resisted|p2a: Kingambit
|-damage|p2a: Kingambit|35/100
|-damage|p2b: Primarina|68/100
|move|p2b: Primarina|Hyper Voice|p1b: Reputation
|-supereffective|p1b: Reputation
|-damage|p1b: Reputation|45/100
|
|upkeep
|
|t:|1756352587
|switch|p1a: Evermore|Ninetales-Alola, L50, F|100/100
|-weather|Snowscape|[from] ability: Snow Warning|[of] p1a: Evermore
|turn|9
|
|t:|1756352611
|move|p1b: Reputation|Vacuum Wave|p2a: Kingambit
|-supereffective|p2a: Kingambit
|-damage|p2a: Kingambit|0 fnt
|faint|p2a: Kingambit
|move|p1a: Evermore|Blizzard|p2b: Primarina
|-resisted|p2b: Primarina
|-damage|p2b: Primarina|50/100
|-enditem|p2b: Primarina|Sitrus Berry|[eat]
|-heal|p2b: Primarina|75/100|[from] item: Sitrus Berry
|move|p2b: Primarina|Hyper Voice|p1b: Reputation|[spread] p1a,p1b
|-supereffective|p1b: Reputation
|-damage|p1a: Evermore|64/100
|-damage|p1b: Reputation|1/100
|
|-weather|Snowscape|[upkeep]
|-sideend|p1: RonJohn|move: Tailwind
|upkeep
|
|t:|1756352626
|switch|p2a: Sneasler|Sneasler, L50, F|100/100
|turn|10
|
|t:|1756352646
|switch|p1b: Fearless|Amoonguss, L50, M|92/100
|move|p1a: Evermore|Protect|p1a: Evermore
|-singleturn|p1a: Evermore|Protect
|move|p2a: Sneasler|Dire Claw|p1b: Fearless
|-damage|p1b: Fearless|54/100
|move|p2b: Primarina|Hyper Voice|p1b: Fearless|[spread] p1b
|-activate|p1a: Evermore|move: Protect
|-resisted|p1b: Fearless
|-damage|p1b: Fearless|41/100
|
|-weather|Snowscape|[upkeep]
|upkeep
|turn|11
|inactive|RonJohn has 30 seconds left.
|inactive|PursatiEvol has 30 seconds left.
|
|t:|1756352684
|-terastallize|p2a: Sneasler|Stellar
|move|p1b: Fearless|Rage Powder|p1b: Fearless
|-singleturn|p1b: Fearless|move: Rage Powder
|move|p2a: Sneasler|Dire Claw|p1b: Fearless
|-damage|p1b: Fearless|0 fnt
|faint|p1b: Fearless
|move|p1a: Evermore|Blizzard|p2a: Sneasler|[spread] p2a,p2b
|-resisted|p2b: Primarina
|-damage|p2a: Sneasler|59/100
|-damage|p2b: Primarina|62/100
|-status|p2b: Primarina|frz
|cant|p2b: Primarina|frz
|
|-weather|Snowscape|[upkeep]
|upkeep
|
|t:|1756352697
|switch|p1b: Reputation|Ursaluna-Bloodmoon, L50, M|1/100
|turn|12
|inactive|PursatiEvol has 30 seconds left.
|
|t:|1756352735
|move|p2a: Sneasler|Protect|p2a: Sneasler
|-singleturn|p2a: Sneasler|Protect
|move|p1b: Reputation|Vacuum Wave|p2a: Sneasler
|-activate|p2a: Sneasler|move: Protect
|move|p1a: Evermore|Blizzard|p2a: Sneasler|[spread] p2b
|-activate|p2a: Sneasler|move: Protect
|-resisted|p2b: Primarina
|-damage|p2b: Primarina|47/100 frz
|-curestatus|p2b: Primarina|frz|[msg]
|move|p2b: Primarina|Hyper Voice|p1b: Reputation|[spread] p1a,p1b
|-supereffective|p1b: Reputation
|-damage|p1a: Evermore|25/100
|-damage|p1b: Reputation|0 fnt
|faint|p1b: Reputation
|
|-weather|Snowscape|[upkeep]
|upkeep
|turn|13
|-message|RonJohn forfeited.
|
|win|PursatiEvol
||RonJohn is ready for game 2.
||PursatiEvol is ready for game 2.
|uhtml|next|Next: Game 2 of 3
|l|☆RonJohn
|player|p1|
|n|☆PursatiEvol|pursatievol
