|j|☆TaiwanNephrologist
|j|☆sky yeh
|html|TaiwanNephrologistsky yeh    
|uhtml|bestof|Game 3 of a best-of-3
|t:|1786111608
|gametype|doubles
|player|p1|TaiwanNephrologist|101|
|player|p2|sky yeh|perrin|
|gen|9
|tier|[Gen 9 Champions] VGC 2026 Reg M-B (Bo3)
|rule|Species Clause: Limit one of each Pokémon
|rule|Item Clause: Limit 1 of each item
|clearpoke
|poke|p1|Delphox, L50, F, shiny|
|poke|p1|Incineroar, L50, F, shiny|
|poke|p1|Kingambit, L50, F, shiny|
|poke|p1|Sinistcha, L50, shiny|
|poke|p1|Sneasler, L50, F, shiny|
|poke|p1|Blastoise, L50, F, shiny|
|poke|p2|Staraptor, L50, M, shiny|
|poke|p2|Charizard, L50, M, shiny|
|poke|p2|Garchomp, L50, M, shiny|
|poke|p2|Gholdengo, L50|
|poke|p2|Whimsicott, L50, F, shiny|
|poke|p2|Rotom-Wash, L50|
|teampreview|4
|showteam|p1|Delphox||Delphoxite|Blaze|HeatWave,Psychic,NastyPlot,Protect|Timid||F|||50|]Incineroar||SitrusBerry|Intimidate|FakeOut,FlareBlitz,HelpingHand,PartingShot|Careful||F|||50|]Kingambit||LifeOrb|Defiant|KowtowCleave,SuckerPunch,SwordsDance,Protect|Adamant||F|||50|]Sinistcha||OccaBerry|Hospitality|MatchaGotcha,RagePowder,TrickRoom,Protect|Bold|||||50|]Sneasler||FocusSash|PoisonTouch|FakeOut,PoisonJab,CloseCombat,QuickGuard|Jolly||F|||50|]Blastoise||Blastoisinite|RainDish|WaterSpout,DarkPulse,ShellSmash,Protect|Modest||F|||50|
|showteam|p2|Staraptor||Staraptite|Intimidate|CloseCombat,BraveBird,Roost,Protect|Jolly||M|||50|]Charizard||CharizarditeY|Blaze|WeatherBall,HeatWave,SolarBeam,Protect|Modest||M|||50|]Garchomp||LifeOrb|RoughSkin|Earthquake,DragonClaw,RockSlide,Protect|Jolly||M|||50|]Gholdengo||SpellTag|GoodasGold|MakeItRain,ShadowBall,NastyPlot,Protect|Modest|||||50|]Whimsicott||FocusSash|Prankster|Moonblast,Charm,Tailwind,Protect|Timid||F|||50|]Rotom-Wash||ChoiceScarf|Levitate|HydroPump,VoltSwitch,Electroweb,WillOWisp|Timid|||||50|
|j| phoenix burner
|j| VGCVillains
|j| BenBen84
|j| Manimo_1126
|j| charnizardnomiss
|j| Edward0516
|l| Edward0516
|j| Edward0516
|j| Roselia Sayo
|
|t:|1786111672
|teamsize|p1|4
|teamsize|p2|4
|start
|switch|p1a: Delphox|Delphox, L50, F, shiny|100/100
|switch|p1b: Incineroar|Incineroar, L50, F, shiny|100/100
|switch|p2a: Garchomp|Garchomp, L50, M, shiny|100/100
|switch|p2b: Rotom|Rotom-Wash, L50|100/100
|-ability|p1b: Incineroar|Intimidate|boost
|-unboost|p2a: Garchomp|atk|1
|-unboost|p2b: Rotom|atk|1
|turn|1
|l| Edward0516
|j| Edward0516
|
|t:|1786111743
|detailschange|p1a: Delphox|Delphox-Mega, L50, F, shiny
|-mega|p1a: Delphox|Delphox|Delphoxite
|move|p1b: Incineroar|Fake Out|p2b: Rotom
|-damage|p2b: Rotom|87/100
|cant|p2b: Rotom|flinch
|move|p1a: Delphox|Psychic|p2a: Garchomp
|-damage|p2a: Garchomp|42/100
|move|p2a: Garchomp|Earthquake|p1b: Incineroar|[spread] p1b
|-immune|p2b: Rotom|[from] ability: Levitate
|-immune|p1a: Delphox|[from] ability: Levitate
|-supereffective|p1b: Incineroar|1
|-damage|p1b: Incineroar|48/100
|-enditem|p1b: Incineroar|Sitrus Berry|[eat]
|-heal|p1b: Incineroar|73/100|[from] item: Sitrus Berry
|-damage|p2a: Garchomp|33/100|[from] item: Life Orb
|
|upkeep
|turn|2
|
|t:|1786111807
|switch|p2a: Charizard|Charizard, L50, M, shiny|100/100
|move|p2b: Rotom|Hydro Pump|p1a: Delphox
|-supereffective|p1a: Delphox|1
|-damage|p1a: Delphox|16/100
|move|p1a: Delphox|Psychic|p2a: Charizard
|-damage|p2a: Charizard|43/100
|move|p1b: Incineroar|Parting Shot|p2b: Rotom
|-unboost|p2b: Rotom|atk|1
|-unboost|p2b: Rotom|spa|1
|l| charnizardnomiss
|j| charnizardnomiss
|
|t:|1786111830
|switch|p1b: Sinistcha|Sinistcha, L50, shiny|100/100|[from] Parting Shot
|-heal|p1a: Delphox|41/100|[from] ability: Hospitality|[of] p1b: Sinistcha
|
|upkeep
|turn|3
|
|t:|1786111881
|switch|p2b: Whimsicott|Whimsicott, L50, F, shiny|100/100
|move|p2a: Charizard|Protect|p2a: Charizard
|-singleturn|p2a: Charizard|Protect
|move|p1b: Sinistcha|Rage Powder|p1b: Sinistcha
|-singleturn|p1b: Sinistcha|move: Rage Powder
|move|p1a: Delphox|Heat Wave|p2a: Charizard|[spread] p2b
|-activate|p2a: Charizard|move: Protect
|-supereffective|p2b: Whimsicott|1
|-enditem|p2b: Whimsicott|Focus Sash
|-damage|p2b: Whimsicott|1/100
|
|upkeep
|turn|4
|
|t:|1786111960
|detailschange|p2a: Charizard|Charizard-Mega-Y, L50, M, shiny
|-mega|p2a: Charizard|Charizard|Charizardite Y
|-weather|SunnyDay|[from] ability: Drought|[of] p2a: Charizard
|move|p2b: Whimsicott|Tailwind|p2b: Whimsicott
|-sidestart|p2: sky yeh|move: Tailwind
|move|p2a: Charizard|Heat Wave|p1a: Delphox|[spread] p1a,p1b
|-resisted|p1a: Delphox|1
|-supereffective|p1b: Sinistcha|1
|-enditem|p1b: Sinistcha|Occa Berry|[eat]
|-enditem|p1b: Sinistcha|Occa Berry|[weaken]
|-damage|p1a: Delphox|16/100
|-damage|p1b: Sinistcha|41/100
|move|p1a: Delphox|Psychic|p2a: Charizard
|-damage|p2a: Charizard|0 fnt
|faint|p2a: Charizard
|move|p1b: Sinistcha|Trick Room|p1b: Sinistcha
|-fieldstart|move: Trick Room|[of] p1b: Sinistcha
|
|-weather|SunnyDay|[upkeep]
|upkeep
|
|t:|1786111993
|switch|p2a: Rotom|Rotom-Wash, L50|87/100
|turn|5
|
|t:|1786112024
|move|p1b: Sinistcha|Matcha Gotcha|p2a: Rotom|[spread] p2a,p2b
|-supereffective|p2a: Rotom|1
|-resisted|p2b: Whimsicott|1
|-damage|p2a: Rotom|24/100
|-heal|p1b: Sinistcha|66/100|[from] drain|[of] p2a: Rotom
|-damage|p2b: Whimsicott|0 fnt
|-heal|p1b: Sinistcha|66/100|[from] drain|[of] p2b: Whimsicott
|-status|p2a: Rotom|brn
|faint|p2b: Whimsicott
|move|p1a: Delphox|Psychic|p2a: Rotom
|-damage|p2a: Rotom|0 fnt
|faint|p2a: Rotom
|
|-weather|SunnyDay|[upkeep]
|upkeep
|-message|sky yeh forfeited.
|
|win|TaiwanNephrologist
|l|☆sky yeh
|player|p2|
|j|☆sky yeh
|player|p2|sky yeh|perrin|
|l| phoenix burner
|c|☆sky yeh|：）
|c|☆TaiwanNephrologist|謝謝指教
|c|☆sky yeh|謝謝指教
|l| Manimo_1126
|l| BenBen84
|l|☆sky yeh
|player|p2|
|l|☆TaiwanNephrologist
|player|p1|
|j|☆TaiwanNephrologist
|player|p1|TaiwanNephrologist|101|
