|j|☆epicbluedude
|j|☆raksbach
|html|epicblueduderaksbach    
|uhtml|bestof|Game 1 of a best-of-3
|t:|1783349049
|gametype|doubles
|player|p1|epicbluedude|102|1151
|player|p2|raksbach|102|1152
|gen|9
|tier|[Gen 9 Champions] VGC 2026 Reg M-B (Bo3)
|rated|
|rule|Species Clause: Limit one of each Pokémon
|rule|Item Clause: Limit 1 of each item
|clearpoke
|poke|p1|Mawile, L50, M|
|poke|p1|Torkoal, L50, M|
|poke|p1|Incineroar, L50, F|
|poke|p1|Farigiraf, L50, M|
|poke|p1|Araquanid, L50, F|
|poke|p1|Rotom-Wash, L50|
|poke|p2|Incineroar, L50, M|
|poke|p2|Maushold, L50|
|poke|p2|Sinistcha, L50|
|poke|p2|Sneasler, L50, F|
|poke|p2|Blastoise, L50, F|
|poke|p2|Delphox, L50, M|
|teampreview|4
|showteam|p1|Mawile||Mawilite|HyperCutter|IronHead,PlayRough,SuckerPunch,Protect|Brave||M|||50|]Torkoal||Charcoal|Drought|Eruption,Overheat,HelpingHand,Protect|Quiet||M|||50|]Incineroar||ChopleBerry|Intimidate|FlareBlitz,FakeOut,ThroatChop,PartingShot|Brave||F|||50|]Farigiraf||ColburBerry|ArmorTail|Protect,TrickRoom,Psychic,HyperVoice|Sassy||M|||50|]Araquanid||MysticWater|WaterBubble|SkitterSmack,Liquidation,LeechLife,WideGuard|Brave||F|||50|]Rotom-Wash||ChoiceScarf|Levitate|HydroPump,WillOWisp,Thunderbolt,VoltSwitch|Modest|||||50|
|showteam|p2|Incineroar||SitrusBerry|Intimidate|FakeOut,FlareBlitz,DarkestLariat,PartingShot|Impish||M|||50|]Maushold||ChopleBerry|FriendGuard|SuperFang,FollowMe,Protect|Impish|||||50|]Sinistcha||OccaBerry|Hospitality|MatchaGotcha,LifeDew,RagePowder,Protect|Bold|||||50|]Sneasler||FocusSash|PoisonTouch|FakeOut,CloseCombat,DireClaw,QuickGuard|Jolly||F|||50|]Blastoise||Blastoisinite|Torrent|WaterSpout,DarkPulse,ShellSmash,Protect|Modest||F|||50|]Delphox||Delphoxite|Blaze|HeatWave,Psychic,NastyPlot,Protect|Timid||M|||50|
|inactive|Battle timer is ON: inactive players will automatically lose when time's up. (requested by raksbach)
|inactive|epicbluedude also wants the timer to be on.
|inactive|epicbluedude has 60 seconds left.
|inactive|raksbach has 60 seconds left.
|inactive|raksbach has 30 seconds left.
|
|t:|1783349113
|teamsize|p1|4
|teamsize|p2|4
|start
|switch|p1a: Incineroar|Incineroar, L50, F|100/100
|switch|p1b: Rotom|Rotom-Wash, L50|100/100
|switch|p2a: Maushold|Maushold, L50|100/100
|switch|p2b: Incineroar|Incineroar, L50, M|100/100
|-ability|p2b: Incineroar|Intimidate|boost
|-unboost|p1a: Incineroar|atk|1
|-unboost|p1b: Rotom|atk|1
|-ability|p1a: Incineroar|Intimidate|boost
|-unboost|p2a: Maushold|atk|1
|-unboost|p2b: Incineroar|atk|1
|turn|1
|inactive|epicbluedude has 30 seconds left.
|inactive|raksbach has 30 seconds left.
|
|t:|1783349144
|switch|p1a: Farigiraf|Farigiraf, L50, M|100/100
|move|p2b: Incineroar|Fake Out||[still]
|cant|p1a: Farigiraf|ability: Armor Tail|Fake Out|[of] p2b: Incineroar
|move|p1b: Rotom|Volt Switch|p2b: Incineroar
|-damage|p2b: Incineroar|79/100
|
|t:|1783349155
|switch|p1b: Incineroar|Incineroar, L50, F|100/100|[from] Volt Switch
|-ability|p1b: Incineroar|Intimidate|boost
|-unboost|p2a: Maushold|atk|1
|-unboost|p2b: Incineroar|atk|1
|move|p2a: Maushold|Super Fang|p1a: Farigiraf
|-damage|p1a: Farigiraf|50/100g
|
|upkeep
|turn|2
|
|t:|1783349172
|move|p1b: Incineroar|Fake Out|p2a: Maushold
|-damage|p2a: Maushold|85/100
|cant|p2a: Maushold|flinch
|move|p2b: Incineroar|Parting Shot|p1b: Incineroar
|-unboost|p1b: Incineroar|atk|1
|-unboost|p1b: Incineroar|spa|1
|
|t:|1783349179
|switch|p2b: Blastoise|Blastoise, L50, F|100/100|[from] Parting Shot
|move|p1a: Farigiraf|Trick Room|p1a: Farigiraf
|-fieldstart|move: Trick Room|[of] p1a: Farigiraf
|
|upkeep
|turn|3
|
|t:|1783349190
|detailschange|p2b: Blastoise|Blastoise-Mega, L50, F
|-mega|p2b: Blastoise|Blastoise|Blastoisinite
|move|p2a: Maushold|Follow Me|p2a: Maushold
|-singleturn|p2a: Maushold|move: Follow Me
|move|p1b: Incineroar|Parting Shot|p2a: Maushold
|-unboost|p2a: Maushold|atk|1
|-unboost|p2a: Maushold|spa|1
|
|t:|1783349197
|switch|p1b: Rotom|Rotom-Wash, L50|100/100|[from] Parting Shot
|move|p1a: Farigiraf|Psychic|p2a: Maushold
|-damage|p2a: Maushold|46/100
|-unboost|p2a: Maushold|spd|1
|move|p2b: Blastoise|Water Spout|p1a: Farigiraf|[spread] p1a,p1b
|-resisted|p1b: Rotom|1
|-damage|p1a: Farigiraf|0 fnt
|-damage|p1b: Rotom|57/100
|faint|p1a: Farigiraf
|
|upkeep
|
|t:|1783349207
|switch|p1a: Mawile|Mawile, L50, M|100/100
|turn|4
|
|t:|1783349217
|move|p1a: Mawile|Protect|p1a: Mawile
|-singleturn|p1a: Mawile|Protect
|move|p2a: Maushold|Follow Me|p2a: Maushold
|-singleturn|p2a: Maushold|move: Follow Me
|move|p2b: Blastoise|Water Spout|p1b: Rotom|[spread] p1b
|-activate|p1a: Mawile|move: Protect
|-resisted|p1b: Rotom|1
|-crit|p1b: Rotom
|-damage|p1b: Rotom|0 fnt
|faint|p1b: Rotom
|
|upkeep
|
|t:|1783349226
|switch|p1b: Incineroar|Incineroar, L50, F|100/100
|-ability|p1b: Incineroar|Intimidate|boost
|-unboost|p2a: Maushold|atk|1
|-unboost|p2b: Blastoise|atk|1
|turn|5
|
|t:|1783349231
|detailschange|p1a: Mawile|Mawile-Mega, L50, M
|-mega|p1a: Mawile|Mawile|Mawilite
|move|p2b: Blastoise|Protect|p2b: Blastoise
|-singleturn|p2b: Blastoise|Protect
|move|p2a: Maushold|Protect|p2a: Maushold
|-singleturn|p2a: Maushold|Protect
|move|p1b: Incineroar|Fake Out|p2a: Maushold
|-activate|p2a: Maushold|move: Protect
|move|p1a: Mawile|Play Rough|p2b: Blastoise
|-activate|p2b: Blastoise|move: Protect
|
|upkeep
|turn|6
|
|t:|1783349244
|move|p2a: Maushold|Follow Me|p2a: Maushold
|-singleturn|p2a: Maushold|move: Follow Me
|move|p1a: Mawile|Play Rough|p2a: Maushold
|-damage|p2a: Maushold|0 fnt
|faint|p2a: Maushold
|move|p1b: Incineroar|Throat Chop|p2b: Blastoise
|-crit|p2b: Blastoise
|-damage|p2b: Blastoise|35/100
|-start|p2b: Blastoise|Throat Chop|[silent]
|move|p2b: Blastoise|Water Spout|p1a: Mawile|[spread] p1a,p1b
|-supereffective|p1b: Incineroar|1
|-damage|p1a: Mawile|74/100
|-damage|p1b: Incineroar|60/100
|
|-fieldend|move: Trick Room
|upkeep
|
|t:|1783349256
|switch|p2a: Sinistcha|Sinistcha, L50|100/100
|-heal|p2b: Blastoise|60/100|[from] ability: Hospitality|[of] p2a: Sinistcha
|turn|7
|
|t:|1783349266
|move|p2b: Blastoise|Protect|p2b: Blastoise
|-singleturn|p2b: Blastoise|Protect
|move|p2a: Sinistcha|Life Dew||[still]|[spread] p2a,p2b
|-fail|p2a: Sinistcha|heal
|-heal|p2b: Blastoise|85/100
|move|p1b: Incineroar|Throat Chop|p2a: Sinistcha
|-supereffective|p2a: Sinistcha|1
|-damage|p2a: Sinistcha|28/100
|-start|p2a: Sinistcha|Throat Chop|[silent]
|move|p1a: Mawile|Play Rough|p2a: Sinistcha
|-damage|p2a: Sinistcha|0 fnt
|faint|p2a: Sinistcha
|
|-end|p2b: Blastoise|Throat Chop|[silent]
|upkeep
|
|t:|1783349279
|switch|p2a: Incineroar|Incineroar, L50, M|79/100
|-ability|p2a: Incineroar|Intimidate|boost
|-unboost|p1a: Mawile|atk|1
|-unboost|p1b: Incineroar|atk|1
|turn|8
|
|t:|1783349289
|move|p2a: Incineroar|Fake Out|p1a: Mawile
|-resisted|p1a: Mawile|1
|-damage|p1a: Mawile|69/100
|cant|p1a: Mawile|flinch
|move|p2b: Blastoise|Water Spout|p1b: Incineroar|[spread] p1a,p1b
|-supereffective|p1b: Incineroar|1
|-damage|p1a: Mawile|6/100
|-damage|p1b: Incineroar|0 fnt
|faint|p1b: Incineroar
|
|upkeep
|turn|9
|
|t:|1783349301
|move|p1a: Mawile|Sucker Punch|p2b: Blastoise
|-damage|p2b: Blastoise|53/100
|move|p2b: Blastoise|Water Spout|p1a: Mawile
|-damage|p1a: Mawile|0 fnt
|faint|p1a: Mawile
|
|win|raksbach
