|j|☆Mek Donald
|j|☆inadomi
|html|Mek Donaldinadomi    
|uhtml|bestof|Game 1 of a best-of-3
|t:|1757668753
|gametype|doubles
|player|p1|Mek Donald|pilot|1111
|player|p2|inadomi|lady-gen4|1068
|gen|9
|tier|[Gen 9] VGC 2025 Reg H (Bo3)
|rated|
|rule|Species Clause: Limit one of each Pokémon
|rule|Item Clause: Limit 1 of each item
|clearpoke
|poke|p1|Espathra, L50, M|
|poke|p1|Indeedee, L50, M|
|poke|p1|Sneasler, L50, F|
|poke|p1|Hydreigon, L50, M|
|poke|p1|Garchomp, L50, M|
|poke|p1|Talonflame, L50, M|
|poke|p2|Indeedee, L50, M|
|poke|p2|Drifblim, L50, M|
|poke|p2|Volcarona, L50, F|
|poke|p2|Kommo-o, L50, M|
|poke|p2|Toxtricity, L50, M|
|poke|p2|Hydreigon, L50, M|
|teampreview|4
|showteam|p1|Espathra||FocusSash|SpeedBoost|ExpandingForce,LuminaCrash,DazzlingGleam,Protect|||M|||50|,,,,,Fairy]Indeedee||ChoiceScarf|PsychicSurge|DazzlingGleam,ExpandingForce,HyperVoice,Psychic|||M|||50|,,,,,Psychic]Sneasler||PsychicSeed|Unburden|DireClaw,CloseCombat,ThroatChop,Protect|||F|||50|,,,,,Dark]Hydreigon||SafetyGoggles|Levitate|DracoMeteor,Snarl,DarkPulse,Protect|||M|||50|,,,,,Ghost]Garchomp||LifeOrb|RoughSkin|StompingTantrum,Earthquake,DragonClaw,Protect|||M|||50|,,,,,Ground]Talonflame||CovertCloak|GaleWings|FlareBlitz,Tailwind,Taunt,WillOWisp|||M|||50|,,,,,Fairy
|showteam|p2|Indeedee||FocusSash|PsychicSurge|ExpandingForce,TeraBlast,Imprison,TrickRoom|||M|||50|,,,,,Ground]Drifblim||PsychicSeed|Unburden|Acrobatics,WillOWisp,StrengthSap,Tailwind|||M|||50|,,,,,Flying]Volcarona||LifeOrb|FlameBody|BugBuzz,HeatWave,TeraBlast,GigaDrain|||F|||50|,,,,,Fairy]Kommo-o||Leftovers|Soundproof|BodyPress,Flamethrower,IronDefense,Protect|||M|||50|,,,,,Fire]Toxtricity||ChoiceSpecs|PunkRock|Overdrive,SludgeBomb,Boomburst,VoltSwitch|||M|||50|,,,,,Normal]Hydreigon||AssaultVest|Levitate|DarkPulse,DracoMeteor,FlashCannon,Snarl|||M|||50|,,,,,Ghost
|inactive|Battle timer is ON: inactive players will automatically lose when time's up. (requested by inadomi)
|inactive|Mek Donald has 60 seconds left.
|inactive|inadomi has 60 seconds left.
|
|t:|1757668794
|teamsize|p1|4
|teamsize|p2|4
|start
|switch|p1a: Indeedee|Indeedee, L50, M|100/100
|switch|p1b: Sneasler|Sneasler, L50, F|100/100
|switch|p2a: Indeedee|Indeedee, L50, M|100/100
|switch|p2b: Hydreigon|Hydreigon, L50, M|100/100
|-fieldstart|move: Psychic Terrain|[from] ability: Psychic Surge|[of] p1a: Indeedee
|-enditem|p1b: Sneasler|Psychic Seed
|-boost|p1b: Sneasler|spd|1|[from] item: Psychic Seed
|turn|1
|
|t:|1757668814
|switch|p2b: Drifblim|Drifblim, L50, M|100/100
|-enditem|p2b: Drifblim|Psychic Seed
|-boost|p2b: Drifblim|spd|1|[from] item: Psychic Seed
|move|p1b: Sneasler|Throat Chop|p2a: Indeedee
|-supereffective|p2a: Indeedee
|-crit|p2a: Indeedee
|-enditem|p2a: Indeedee|Focus Sash
|-damage|p2a: Indeedee|1/100
|-start|p2a: Indeedee|Throat Chop|[silent]
|move|p1a: Indeedee|Dazzling Gleam|p2a: Indeedee|[spread] p2a,p2b
|-damage|p2a: Indeedee|0 fnt
|-damage|p2b: Drifblim|87/100
|faint|p2a: Indeedee
|
|upkeep
|
|t:|1757668827
|switch|p2a: Volcarona|Volcarona, L50, F|100/100
|turn|2
|
|t:|1757668846
|switch|p1a: Espathra|Espathra, L50, M|100/100
|move|p1b: Sneasler|Throat Chop|p2b: Drifblim
|-supereffective|p2b: Drifblim
|-damage|p2b: Drifblim|23/100
|-start|p2b: Drifblim|Throat Chop|[silent]
|move|p2b: Drifblim|Tailwind|p2b: Drifblim
|-sidestart|p2: inadomi|move: Tailwind
|move|p2a: Volcarona|Bug Buzz|p1a: Espathra
|-supereffective|p1a: Espathra
|-enditem|p1a: Espathra|Focus Sash
|-damage|p1a: Espathra|1/100
|-damage|p2a: Volcarona|91/100|[from] item: Life Orb
|
|upkeep
|turn|3
|
|t:|1757668864
|move|p1a: Espathra|Protect|p1a: Espathra
|-singleturn|p1a: Espathra|Protect
|move|p2b: Drifblim|Acrobatics|p1b: Sneasler
|-supereffective|p1b: Sneasler
|-damage|p1b: Sneasler|5/100
|move|p1b: Sneasler|Dire Claw|p2a: Volcarona
|-damage|p2a: Volcarona|32/100
|-status|p1b: Sneasler|brn|[from] ability: Flame Body|[of] p2a: Volcarona
|move|p2a: Volcarona|Heat Wave|p1b: Sneasler|[spread] p1b
|-activate|p1a: Espathra|move: Protect
|-damage|p1b: Sneasler|0 fnt
|faint|p1b: Sneasler
|-damage|p2a: Volcarona|22/100|[from] item: Life Orb
|
|-end|p2b: Drifblim|Throat Chop|[silent]
|-ability|p1a: Espathra|Speed Boost|boost
|-boost|p1a: Espathra|spe|1
|upkeep
|
|t:|1757668874
|switch|p1b: Talonflame|Talonflame, L50, M|100/100
|turn|4
|
|t:|1757668888
|switch|p2a: Hydreigon|Hydreigon, L50, M|100/100
|move|p1b: Talonflame|Tailwind|p1b: Talonflame
|-sidestart|p1: Mek Donald|move: Tailwind
|move|p2b: Drifblim|Acrobatics|p1a: Espathra
|-damage|p1a: Espathra|0 fnt
|faint|p1a: Espathra
|
|upkeep
|
|t:|1757668894
|switch|p1a: Indeedee|Indeedee, L50, M|100/100
|turn|5
|
|t:|1757668910
|move|p2b: Drifblim|Strength Sap|p1b: Talonflame
|-unboost|p1b: Talonflame|atk|1
|-heal|p2b: Drifblim|68/100
|move|p1a: Indeedee|Dazzling Gleam|p2a: Hydreigon|[spread] p2a,p2b
|-supereffective|p2a: Hydreigon
|-damage|p2a: Hydreigon|43/100
|-damage|p2b: Drifblim|54/100
|move|p1b: Talonflame|Flare Blitz|p2a: Hydreigon
|-resisted|p2a: Hydreigon
|-damage|p2a: Hydreigon|32/100
|-damage|p1b: Talonflame|96/100|[from] Recoil
|move|p2a: Hydreigon|Dark Pulse|p1a: Indeedee
|-supereffective|p1a: Indeedee
|-damage|p1a: Indeedee|0 fnt
|faint|p1a: Indeedee
|
|-sideend|p2: inadomi|move: Tailwind
|-fieldend|move: Psychic Terrain
|upkeep
|turn|6
|
|t:|1757668935
|move|p1b: Talonflame|Flare Blitz|p2b: Drifblim
|-damage|p2b: Drifblim|30/100
|-damage|p1b: Talonflame|86/100|[from] Recoil
|move|p2b: Drifblim|Strength Sap|p1b: Talonflame
|-unboost|p1b: Talonflame|atk|1
|-heal|p2b: Drifblim|60/100
|move|p2a: Hydreigon|Dark Pulse|p1b: Talonflame
|-damage|p1b: Talonflame|28/100
|
|upkeep
|turn|7
|
|t:|1757668949
|move|p1b: Talonflame|Flare Blitz|p2b: Drifblim
|-damage|p2b: Drifblim|43/100
|-damage|p1b: Talonflame|21/100|[from] Recoil
|move|p2b: Drifblim|Strength Sap|p1b: Talonflame
|-unboost|p1b: Talonflame|atk|1
|-heal|p2b: Drifblim|65/100
|move|p2a: Hydreigon|Dark Pulse|p1b: Talonflame
|-damage|p1b: Talonflame|0 fnt
|faint|p1b: Talonflame
|
|win|inadomi
||Mek Donald is ready for game 2.
||inadomi is ready for game 2.
|uhtml|next|Next: Game 2 of 3
