|j|☆st65u me nbmyt
|j|☆wenopoly
|html|st65u me nbmytwenopoly    
|uhtml|bestof|Game 1 of a best-of-3
|t:|1783318869
|gametype|doubles
|player|p1|st65u me nbmyt|169|1000
|player|p2|wenopoly|102|1044
|gen|9
|tier|[Gen 9 Champions] VGC 2026 Reg M-B (Bo3)
|rated|
|rule|Species Clause: Limit one of each Pokémon
|rule|Item Clause: Limit 1 of each item
|clearpoke
|poke|p1|Archaludon, L50, M|
|poke|p1|Pelipper, L50, M|
|poke|p1|Swampert, L50, F|
|poke|p1|Incineroar, L50, F|
|poke|p1|Sinistcha-Masterpiece, L50|
|poke|p1|Dragonite, L50, F|
|poke|p2|Venusaur, L50, F|
|poke|p2|Sinistcha, L50|
|poke|p2|Pelipper, L50, F|
|poke|p2|Archaludon, L50, F|
|poke|p2|Swampert, L50, M|
|poke|p2|Grimmsnarl, L50, M|
|teampreview|4
|showteam|p1|Archaludon||Leftovers|Stamina|ElectroShot,FlashCannon,AuraSphere,Protect|Timid||M|||50|]Pelipper||FocusSash|Drizzle|Tailwind,Hurricane,WeatherBall,Protect|Bold||M|||50|]Swampert||Swampertite|Torrent|WaveCrash,Earthquake,Protect,RockSlide|Jolly||F|||50|]Incineroar||ChopleBerry|Intimidate|FakeOut,PartingShot,FlareBlitz,ThroatChop|Adamant||F|||50|]Sinistcha-Masterpiece||KasibBerry|Hospitality|RagePowder,Protect,MatchaGotcha,ShadowBall|Bold|||||50|]Dragonite||Dragoninite|Multiscale|Hurricane,DragonPulse,RainDance,Protect|Modest||F|||50|
|showteam|p2|Venusaur||Venusaurite|Chlorophyll|GigaDrain,EarthPower,SludgeBomb,Protect|Calm||F|||50|]Sinistcha||CobaBerry|Hospitality|MatchaGotcha,RagePowder,TrickRoom,LifeDew|Relaxed|||||50|]Pelipper||SitrusBerry|Drizzle|Hurricane,Tailwind,WeatherBall,WideGuard|Serious||F|||50|]Archaludon||Leftovers|Stamina|ElectroShot,DragonPulse,FlashCannon,Protect|Modest||F|||50|]Swampert||Swampertite|Torrent|WaveCrash,Earthquake,IcePunch,Protect|Adamant||M|||50|]Grimmsnarl||LightClay|Prankster|FoulPlay,PartingShot,Reflect,LightScreen|Calm||M|||50|
|inactive|Battle timer is ON: inactive players will automatically lose when time's up. (requested by wenopoly)
|
|t:|1783318916
|teamsize|p1|4
|teamsize|p2|4
|start
|switch|p1a: is|Pelipper, L50, M|100/100
|switch|p1b: lesbian|Swampert, L50, F|100/100
|switch|p2a: Venusaur|Venusaur, L50, F|100/100
|switch|p2b: Archaludon|Archaludon, L50, F|100/100
|-weather|RainDance|[from] ability: Drizzle|[of] p1a: is
|turn|1
|
|t:|1783318938
|detailschange|p1b: lesbian|Swampert-Mega, L50, F
|-mega|p1b: lesbian|Swampert|Swampertite
|detailschange|p2a: Venusaur|Venusaur-Mega, L50, F
|-mega|p2a: Venusaur|Venusaur|Venusaurite
|move|p1b: lesbian|Earthquake|p2b: Archaludon|[spread] p2a,p2b
|-immune|p1a: is
|-supereffective|p2b: Archaludon|1
|-damage|p2a: Venusaur|71/100
|-damage|p2b: Archaludon|45/100
|-ability|p2b: Archaludon|Stamina|boost
|-boost|p2b: Archaludon|def|1
|move|p2b: Archaludon|Electro Shot||[still]
|-prepare|p2b: Archaludon|Electro Shot
|-boost|p2b: Archaludon|spa|1
|-anim|p2b: Archaludon|Electro Shot|p1a: is
|-supereffective|p1a: is|2
|-enditem|p1a: is|Focus Sash
|-damage|p1a: is|1/100
|move|p2a: Venusaur|Giga Drain|p1b: lesbian
|-supereffective|p1b: lesbian|2
|-damage|p1b: lesbian|0 fnt
|-heal|p2a: Venusaur|100/100|[from] drain|[of] p1b: lesbian
|faint|p1b: lesbian
|move|p1a: is|Tailwind|p1a: is
|-sidestart|p1: st65u me nbmyt|move: Tailwind
|
|-weather|RainDance|[upkeep]
|-heal|p2b: Archaludon|51/100|[from] item: Leftovers
|upkeep
|inactive|st65u me nbmyt has 30 seconds left.
|
|t:|1783318963
|switch|p1b: adam|Archaludon, L50, M|100/100
|turn|2
|
|t:|1783318986
|move|p2b: Archaludon|Protect|p2b: Archaludon
|-singleturn|p2b: Archaludon|Protect
|move|p2a: Venusaur|Protect|p2a: Venusaur
|-singleturn|p2a: Venusaur|Protect
|move|p1b: adam|Aura Sphere|p2b: Archaludon
|-activate|p2b: Archaludon|move: Protect
|move|p1a: is|Hurricane|p2a: Venusaur
|-activate|p2a: Venusaur|move: Protect
|
|-weather|RainDance|[upkeep]
|-heal|p2b: Archaludon|57/100|[from] item: Leftovers
|upkeep
|turn|3
|inactive|wenopoly has 30 seconds left.
|
|t:|1783319020
|switch|p2b: Sinistcha|Sinistcha, L50|100/100
|switch|p2a: Pelipper|Pelipper, L50, F|100/100
|move|p1b: adam|Aura Sphere|p2b: Sinistcha
|-immune|p2b: Sinistcha
|move|p1a: is|Hurricane|p2a: Pelipper
|-damage|p2a: Pelipper|56/100
|
|-weather|RainDance|[upkeep]
|upkeep
|turn|4
|inactive|wenopoly has 30 seconds left.
|
|t:|1783319049
|move|p2b: Sinistcha|Rage Powder|p2b: Sinistcha
|-singleturn|p2b: Sinistcha|move: Rage Powder
|move|p1b: adam|Electro Shot||[still]
|-prepare|p1b: adam|Electro Shot
|-boost|p1b: adam|spa|1
|-anim|p1b: adam|Electro Shot|p2b: Sinistcha
|-resisted|p2b: Sinistcha|1
|-damage|p2b: Sinistcha|63/100
|move|p1a: is|Hurricane|p2b: Sinistcha
|-supereffective|p2b: Sinistcha|1
|-enditem|p2b: Sinistcha|Coba Berry|[eat]
|-enditem|p2b: Sinistcha|Coba Berry|[weaken]
|-damage|p2b: Sinistcha|17/100
|-start|p2b: Sinistcha|confusion
|move|p2a: Pelipper|Hurricane|p1a: is
|-damage|p1a: is|0 fnt
|faint|p1a: is
|
|-weather|RainDance|[upkeep]
|-sideend|p1: st65u me nbmyt|move: Tailwind
|upkeep
|
|t:|1783319067
|switch|p1a: iss|Sinistcha-Masterpiece, L50|100/100
|turn|5
|inactive|st65u me nbmyt has 30 seconds left.
|inactive|st65u me nbmyt has 20 seconds left.
|inactive|st65u me nbmyt has 15 seconds left.
|
|t:|1783319111
|switch|p2a: Venusaur|Venusaur-Mega, L50, F|100/100
|switch|p2b: Archaludon|Archaludon, L50, F|57/100
|move|p1b: adam|Electro Shot||[still]
|-prepare|p1b: adam|Electro Shot
|-boost|p1b: adam|spa|1
|-anim|p1b: adam|Electro Shot|p2a: Venusaur
|-resisted|p2a: Venusaur|1
|-damage|p2a: Venusaur|75/100
|move|p1a: iss|Shadow Ball|p2b: Archaludon
|-damage|p2b: Archaludon|26/100
|-unboost|p2b: Archaludon|spd|1
|-ability|p2b: Archaludon|Stamina|boost
|-boost|p2b: Archaludon|def|1
|
|-weather|none
|-heal|p2b: Archaludon|32/100|[from] item: Leftovers
|upkeep
|turn|6
|inactive|st65u me nbmyt has 30 seconds left.
|inactive|wenopoly has 30 seconds left.
|
|t:|1783319139
|move|p2b: Archaludon|Protect|p2b: Archaludon
|-singleturn|p2b: Archaludon|Protect
|move|p1a: iss|Rage Powder|p1a: iss
|-singleturn|p1a: iss|move: Rage Powder
|move|p1b: adam|Aura Sphere|p2b: Archaludon
|-activate|p2b: Archaludon|move: Protect
|move|p2a: Venusaur|Earth Power|p1b: adam
|-supereffective|p1b: adam|1
|-damage|p1b: adam|28/100
|-ability|p1b: adam|Stamina|boost
|-boost|p1b: adam|def|1
|
|-heal|p1b: adam|34/100|[from] item: Leftovers
|-heal|p2b: Archaludon|39/100|[from] item: Leftovers
|upkeep
|turn|7
|inactive|st65u me nbmyt has 30 seconds left.
|
|t:|1783319171
|switch|p2b: Sinistcha|Sinistcha, L50|17/100
|-heal|p2a: Venusaur|100/100|[from] ability: Hospitality|[of] p2b: Sinistcha
|move|p1b: adam|Flash Cannon|p2a: Venusaur
|-damage|p2a: Venusaur|53/100
|move|p2a: Venusaur|Earth Power|p1b: adam
|-supereffective|p1b: adam|1
|-crit|p1b: adam
|-damage|p1b: adam|0 fnt
|faint|p1b: adam
|move|p1a: iss|Shadow Ball|p2a: Venusaur
|-damage|p2a: Venusaur|33/100
|
|upkeep
|turn|8
|
|t:|1783319193
|switch|p2b: Pelipper|Pelipper, L50, F|56/100
|-weather|RainDance|[from] ability: Drizzle|[of] p2b: Pelipper
|move|p2a: Venusaur|Protect|p2a: Venusaur
|-singleturn|p2a: Venusaur|Protect
|move|p1a: iss|Shadow Ball|p2a: Venusaur
|-activate|p2a: Venusaur|move: Protect
|
|-weather|RainDance|[upkeep]
|upkeep
|turn|9
|inactive|st65u me nbmyt has 30 seconds left.
|inactive|st65u me nbmyt has 20 seconds left.
|
|t:|1783319231
|switch|p2a: Archaludon|Archaludon, L50, F|39/100
|move|p2b: Pelipper|Hurricane|p1a: iss
|-supereffective|p1a: iss|1
|-damage|p1a: iss|8/100
|move|p1a: iss|Shadow Ball|p2a: Archaludon
|-damage|p2a: Archaludon|6/100
|-ability|p2a: Archaludon|Stamina|boost
|-boost|p2a: Archaludon|def|1
|
|-weather|RainDance|[upkeep]
|-heal|p2a: Archaludon|12/100|[from] item: Leftovers
|upkeep
|turn|10
|
|t:|1783319245
|move|p2a: Archaludon|Electro Shot||[still]
|-prepare|p2a: Archaludon|Electro Shot
|-boost|p2a: Archaludon|spa|1
|-anim|p2a: Archaludon|Electro Shot|p1a: iss
|-resisted|p1a: iss|1
|-damage|p1a: iss|0 fnt
|faint|p1a: iss
|
|win|wenopoly
||wenopoly is ready for game 2.
|inactive|st65u me nbmyt has 30 seconds to confirm battle start!
|l|☆st65u me nbmyt
|player|p1|
|inactive|st65u me nbmyt has 20 seconds to confirm battle start!
|inactive|st65u me nbmyt has 10 seconds to confirm battle start!
|uhtml|next|Next: Game 2 of 3
