|j|☆mikelpoyarzabal
|j|☆quatrokilla
|html|mikelpoyarzabalquatrokilla    
|uhtml|bestof|Game 1 of a best-of-3
|t:|1785842936
|gametype|doubles
|player|p1|mikelpoyarzabal|arven-s|1336
|player|p2|quatrokilla|1|1254
|gen|9
|tier|[Gen 9 Champions] VGC 2026 Reg M-B (Bo3)
|rated|
|rule|Species Clause: Limit one of each Pokémon
|rule|Item Clause: Limit 1 of each item
|clearpoke
|poke|p1|Gengar, L50, M|
|poke|p1|Swampert, L50, M|
|poke|p1|Incineroar, L50, F|
|poke|p1|Politoed, L50, M|
|poke|p1|Archaludon, L50, F|
|poke|p1|Vivillon, L50, M|
|poke|p2|Ceruledge, L50, M|
|poke|p2|Raichu, L50, M|
|poke|p2|Gyarados, L50, F|
|poke|p2|Kingambit, L50, M|
|poke|p2|Mamoswine, L50, F|
|poke|p2|Clefable, L50, F|
|teampreview|4
|showteam|p1|Gengar||Gengarite|CursedBody|ShadowBall,SludgeBomb,Protect,PerishSong|Timid||M|||50|]Swampert||Swampertite|Torrent|WaveCrash,Earthquake,IcePunch,Protect|Adamant||M|||50|]Incineroar||PasshoBerry|Intimidate|ThroatChop,PartingShot,FakeOut,Protect|Sassy||F|||50|]Politoed||SitrusBerry|Drizzle|WeatherBall,PerishSong,Encore,Protect|Calm||M|||50|]Archaludon||Leftovers|Stamina|DragonPulse,FlashCannon,ElectroShot,Protect|Bold||F|||50|]Vivillon||FocusSash|CompoundEyes|Hurricane,SleepPowder,RagePowder,Protect|Timid||M|||50|
|showteam|p2|Ceruledge||ColburBerry|FlashFire|BitterBlade,ShadowSneak,Protect,BulkUp|Adamant||M|||50|]Raichu||RaichuniteY|LightningRod|FakeOut,ZapCannon,FocusBlast,Protect|Serious||M|||50|]Gyarados||Gyaradosite|Intimidate|Protect,PowerWhip,DragonDance,Waterfall|Adamant||F|||50|]Kingambit||FocusSash|Defiant|KowtowCleave,LowKick,IronHead,SuckerPunch|Serious||M|||50|]Mamoswine||LifeOrb|Oblivious|HighHorsepower,IceShard,IcicleCrash,Protect|Jolly||F|||50|]Clefable||SitrusBerry|Unaware|Moonblast,FollowMe,HelpingHand,Protect|Bold||F|||50|
|inactive|Battle timer is ON: inactive players will automatically lose when time's up. (requested by mikelpoyarzabal)
|l|☆quatrokilla
|inactive|quatrokilla disconnected and has a minute to reconnect!
|player|p2|
|inactive|mikelpoyarzabal has 60 seconds left.
|inactive|quatrokilla has 30 seconds to reconnect!
|inactive|quatrokilla has 20 seconds to reconnect!
|inactive|quatrokilla has 15 seconds to reconnect!
|j|☆quatrokilla
|inactive|quatrokilla reconnected and has 20 seconds left.
|player|p2|quatrokilla|1|
|inactive|quatrokilla has 15 seconds left.
|inactive|quatrokilla has 10 seconds left.
|
|t:|1785843019
|teamsize|p1|4
|teamsize|p2|4
|start
|switch|p1a: Swampert|Swampert, L50, M|100/100
|switch|p1b: Vivillon|Vivillon, L50, M|100/100
|switch|p2a: Raichu|Raichu, L50, M|100/100
|switch|p2b: Mamoswine|Mamoswine, L50, F|100/100
|turn|1
|
|t:|1785843031
|switch|p1b: Archaludon|Archaludon, L50, F|100/100
|switch|p2b: Gyarados|Gyarados, L50, F|100/100
|-ability|p2b: Gyarados|Intimidate|boost
|-unboost|p1a: Swampert|atk|1
|-unboost|p1b: Archaludon|atk|1
|detailschange|p2a: Raichu|Raichu-Mega-Y, L50, M
|-mega|p2a: Raichu|Raichu|Raichunite Y
|detailschange|p1a: Swampert|Swampert-Mega, L50, M
|-mega|p1a: Swampert|Swampert|Swampertite
|move|p2a: Raichu|Zap Cannon|p1b: Archaludon
|-resisted|p1b: Archaludon|1
|-damage|p1b: Archaludon|72/100
|-status|p1b: Archaludon|par
|-ability|p1b: Archaludon|Stamina|boost
|-boost|p1b: Archaludon|def|1
|move|p1a: Swampert|Wave Crash|p2b: Gyarados
|-resisted|p2b: Gyarados|1
|-damage|p2b: Gyarados|71/100
|-damage|p1a: Swampert|90/100|[from] Recoil
|
|-heal|p1b: Archaludon|78/100 par|[from] item: Leftovers
|upkeep
|turn|2
|inactive|quatrokilla has 30 seconds left.
|
|t:|1785843061
|move|p1b: Archaludon|Protect|p1b: Archaludon
|-singleturn|p1b: Archaludon|Protect
|move|p2a: Raichu|Focus Blast|p1b: Archaludon
|-activate|p1b: Archaludon|move: Protect
|move|p2b: Gyarados|Power Whip|p1a: Swampert|[miss]
|-miss|p2b: Gyarados|p1a: Swampert
|move|p1a: Swampert|Earthquake|p2a: Raichu|[spread] p2a
|-activate|p1b: Archaludon|move: Protect
|-immune|p2b: Gyarados
|-supereffective|p2a: Raichu|1
|-damage|p2a: Raichu|9/100
|
|-heal|p1b: Archaludon|84/100 par|[from] item: Leftovers
|upkeep
|turn|3
|
|t:|1785843072
|switch|p1b: Vivillon|Vivillon, L50, M|100/100
|move|p2a: Raichu|Protect|p2a: Raichu
|-singleturn|p2a: Raichu|Protect
|move|p1a: Swampert|Protect|p1a: Swampert
|-singleturn|p1a: Swampert|Protect
|move|p2b: Gyarados|Power Whip|p1a: Swampert
|-activate|p1a: Swampert|move: Protect
|
|upkeep
|turn|4
|
|t:|1785843080
|move|p1b: Vivillon|Rage Powder|p1b: Vivillon
|-singleturn|p1b: Vivillon|move: Rage Powder
|move|p2a: Raichu|Zap Cannon|p1b: Vivillon
|-supereffective|p1b: Vivillon|1
|-enditem|p1b: Vivillon|Focus Sash
|-damage|p1b: Vivillon|1/100
|-status|p1b: Vivillon|par
|move|p2b: Gyarados|Dragon Dance|p2b: Gyarados
|-boost|p2b: Gyarados|atk|1
|-boost|p2b: Gyarados|spe|1
|move|p1a: Swampert|Earthquake|p2a: Raichu|[spread] p2a
|-immune|p1b: Vivillon
|-immune|p2b: Gyarados
|-supereffective|p2a: Raichu|1
|-damage|p2a: Raichu|0 fnt
|faint|p2a: Raichu
|
|upkeep
|
|t:|1785843088
|switch|p2a: Mamoswine|Mamoswine, L50, F|100/100
|turn|5
|
|t:|1785843096
|switch|p1a: Archaludon|Archaludon, L50, F|84/100 par
|move|p1b: Vivillon|Protect|p1b: Vivillon
|-singleturn|p1b: Vivillon|Protect
|move|p2a: Mamoswine|Ice Shard|p1b: Vivillon
|-activate|p1b: Vivillon|move: Protect
|move|p2b: Gyarados|Power Whip|p1a: Archaludon|[miss]
|-miss|p2b: Gyarados|p1a: Archaludon
|
|-heal|p1a: Archaludon|90/100 par|[from] item: Leftovers
|upkeep
|turn|6
|c|☆quatrokilla|lol
|
|t:|1785843115
|move|p1a: Archaludon|Protect|p1a: Archaludon
|-singleturn|p1a: Archaludon|Protect
|move|p2b: Gyarados|Waterfall|p1b: Vivillon
|-damage|p1b: Vivillon|0 fnt
|faint|p1b: Vivillon
|move|p2a: Mamoswine|High Horsepower|p1a: Archaludon
|-activate|p1a: Archaludon|move: Protect
|
|-heal|p1a: Archaludon|96/100 par|[from] item: Leftovers
|upkeep
|
|t:|1785843123
|switch|p1b: Swampert|Swampert-Mega, L50, M|90/100
|turn|7
|
|t:|1785843140
|switch|p1b: Politoed|Politoed, L50, M|100/100
|-weather|RainDance|[from] ability: Drizzle|[of] p1b: Politoed
|move|p2b: Gyarados|Power Whip|p1b: Politoed
|-supereffective|p1b: Politoed|1
|-damage|p1b: Politoed|0 fnt
|faint|p1b: Politoed
|move|p2a: Mamoswine|High Horsepower|p1a: Archaludon
|-supereffective|p1a: Archaludon|1
|-damage|p1a: Archaludon|9/100 par
|-ability|p1a: Archaludon|Stamina|boost
|-boost|p1a: Archaludon|def|1
|-damage|p2a: Mamoswine|90/100|[from] item: Life Orb
|move|p1a: Archaludon|Electro Shot||[still]
|-prepare|p1a: Archaludon|Electro Shot
|-boost|p1a: Archaludon|spa|1
|-anim|p1a: Archaludon|Electro Shot|p2b: Gyarados
|-supereffective|p2b: Gyarados|2
|-damage|p2b: Gyarados|0 fnt
|faint|p2b: Gyarados
|
|-weather|RainDance|[upkeep]
|-heal|p1a: Archaludon|15/100 par|[from] item: Leftovers
|upkeep
|
|t:|1785843148
|switch|p2b: Clefable|Clefable, L50, F|100/100
|switch|p1b: Swampert|Swampert-Mega, L50, M|90/100
|turn|8
|
|t:|1785843164
|move|p1a: Archaludon|Protect|p1a: Archaludon
|-singleturn|p1a: Archaludon|Protect
|move|p2b: Clefable|Follow Me|p2b: Clefable
|-singleturn|p2b: Clefable|move: Follow Me
|move|p1b: Swampert|Earthquake|p2a: Mamoswine|[spread] p2a,p2b
|-activate|p1a: Archaludon|move: Protect
|-damage|p2a: Mamoswine|36/100
|-damage|p2b: Clefable|54/100
|move|p2a: Mamoswine|High Horsepower|p1a: Archaludon
|-activate|p1a: Archaludon|move: Protect
|
|-weather|RainDance|[upkeep]
|-heal|p1a: Archaludon|21/100 par|[from] item: Leftovers
|upkeep
|turn|9
|
|t:|1785843179
|move|p2a: Mamoswine|Protect|p2a: Mamoswine
|-singleturn|p2a: Mamoswine|Protect
|move|p1b: Swampert|Wave Crash|p2b: Clefable
|-damage|p2b: Clefable|0 fnt
|faint|p2b: Clefable
|-damage|p1b: Swampert|70/100|[from] Recoil
|move|p1a: Archaludon|Flash Cannon|p2a: Mamoswine
|-activate|p2a: Mamoswine|move: Protect
|
|-weather|RainDance|[upkeep]
|-heal|p1a: Archaludon|27/100 par|[from] item: Leftovers
|upkeep
|turn|10
|
|t:|1785843184
|move|p1b: Swampert|Wave Crash|p2a: Mamoswine
|-supereffective|p2a: Mamoswine|1
|-damage|p2a: Mamoswine|0 fnt
|faint|p2a: Mamoswine
|-damage|p1b: Swampert|57/100|[from] Recoil
|
|win|mikelpoyarzabal
