|j|☆spongebob601
|j|☆Gimffy
|html|spongebob601Gimffy    
|uhtml|bestof|Game 2 of a best-of-3
|t:|1757815802
|gametype|doubles
|player|p1|spongebob601|266|1116
|player|p2|Gimffy|ingo|1198
|gen|9
|tier|[Gen 9] VGC 2025 Reg H (Bo3)
|rated|
|rule|Species Clause: Limit one of each Pokémon
|rule|Item Clause: Limit 1 of each item
|clearpoke
|poke|p1|Incineroar, L50, F|
|poke|p1|Sneasler, L50, M|
|poke|p1|Ursaluna-Bloodmoon, L50, M|
|poke|p1|Gholdengo, L50|
|poke|p1|Ninetales-Alola, L50, M|
|poke|p1|Rillaboom, L50, F|
|poke|p2|Dragapult, L50, M|
|poke|p2|Ursaluna-Bloodmoon, L50, M|
|poke|p2|Flamigo, L50, M|
|poke|p2|Porygon2, L50|
|poke|p2|Amoonguss, L50, F|
|poke|p2|Arcanine-Hisui, L50, F|
|teampreview|4
|showteam|p1|Incineroar||SitrusBerry|Intimidate|FakeOut,PartingShot,KnockOff,FlareBlitz|||F|||50|,,,,,Grass]Sneasler||GrassySeed|Unburden|CloseCombat,Protect,SwordsDance,Acrobatics|||M|||50|,,,,,Flying]Ursaluna-Bloodmoon||Leftovers|MindsEye|Protect,Yawn,BloodMoon,EarthPower|||M|||50|,,,,,Water]Gholdengo||LifeOrb|GoodasGold|MakeItRain,ShadowBall,NastyPlot,Protect||||||50|,,,,,Water]Ninetales-Alola||LightClay|SnowWarning|Blizzard,AuroraVeil,Encore,IcyWind|||M|||50|,,,,,Ghost]Rillaboom||AssaultVest|GrassySurge|FakeOut,GrassyGlide,DrumBeating,Uturn|||F|||50|,,,,,Fire
|showteam|p2|Dragapult||ChoiceBand|ClearBody|DragonDarts,Outrage,PhantomForce,Uturn|||M|||50|,,,,,Dragon]Ursaluna-Bloodmoon||AssaultVest|MindsEye|BloodMoon,HyperVoice,EarthPower,VacuumWave|||M|||50|,,,,,Normal]Flamigo||FocusSash|Scrappy|CloseCombat,BraveBird,Detect,Tailwind|||M|||50|,,,,,Ghost]Porygon2||Eviolite|Trace|Thunderbolt,IceBeam,Recover,TrickRoom||||||50|,,,,,Ghost]Amoonguss||SitrusBerry|Regenerator|Spore,RagePowder,PollenPuff,ClearSmog|||F|||50|,,,,,Water]Arcanine-Hisui||MirrorHerb|Intimidate|FlareBlitz,RockSlide,ExtremeSpeed,Protect|||F|||50|,,,,,Fairy
|inactive|Battle timer is ON: inactive players will automatically lose when time's up. (requested by Gimffy)
|inactive|spongebob601 has 60 seconds left.
|inactive|Gimffy has 60 seconds left.
|
|t:|1757815846
|teamsize|p1|4
|teamsize|p2|4
|start
|switch|p1a: Ninetales|Ninetales-Alola, L50, M|100/100
|switch|p1b: Sneasler|Sneasler, L50, M|100/100
|switch|p2a: Esteban|Flamigo, L50, M|100/100
|switch|p2b: Shíshī|Arcanine-Hisui, L50, F|100/100
|-weather|Snowscape|[from] ability: Snow Warning|[of] p1a: Ninetales
|-ability|p2b: Shíshī|Intimidate|boost
|-unboost|p1a: Ninetales|atk|1
|-unboost|p1b: Sneasler|atk|1
|turn|1
|inactive|spongebob601 has 30 seconds left.
|inactive|spongebob601 has 20 seconds left.
|inactive|spongebob601 has 15 seconds left.
|
|t:|1757815887
|-terastallize|p1b: Sneasler|Flying
|move|p1a: Ninetales|Aurora Veil|p1a: Ninetales
|-sidestart|p1: spongebob601|move: Aurora Veil
|move|p2b: Shíshī|Flare Blitz|p1a: Ninetales
|-supereffective|p1a: Ninetales
|-crit|p1a: Ninetales
|-damage|p1a: Ninetales|0 fnt
|faint|p1a: Ninetales
|-damage|p2b: Shíshī|66/100|[from] Recoil
|move|p2a: Esteban|Tailwind|p2a: Esteban
|-sidestart|p2: Gimffy|move: Tailwind
|move|p1b: Sneasler|Close Combat|p2b: Shíshī
|-supereffective|p2b: Shíshī
|-damage|p2b: Shíshī|0 fnt
|-unboost|p1b: Sneasler|def|1
|-unboost|p1b: Sneasler|spd|1
|faint|p2b: Shíshī
|
|-weather|Snowscape|[upkeep]
|upkeep
|
|t:|1757815905
|switch|p1a: Rillaboom|Rillaboom, L50, F|100/100
|switch|p2b: Dragapult|Dragapult, L50, M|100/100
|-fieldstart|move: Grassy Terrain|[from] ability: Grassy Surge|[of] p1a: Rillaboom
|-enditem|p1b: Sneasler|Grassy Seed
|-boost|p1b: Sneasler|def|1|[from] item: Grassy Seed
|turn|2
|inactive|spongebob601 has 30 seconds left.
|
|t:|1757815930
|-terastallize|p2a: Esteban|Ghost
|move|p1a: Rillaboom|Grassy Glide|p2a: Esteban
|-damage|p2a: Esteban|51/100
|move|p2b: Dragapult|Dragon Darts|p1b: Sneasler
|-damage|p1b: Sneasler|74/100
|-anim|p2b: Dragapult|Dragon Darts|p1a: Rillaboom
|-damage|p1a: Rillaboom|80/100
|move|p2a: Esteban|Brave Bird|p1a: Rillaboom
|-supereffective|p1a: Rillaboom
|-damage|p1a: Rillaboom|21/100
|-damage|p2a: Esteban|26/100|[from] Recoil
|move|p1b: Sneasler|Acrobatics|p2a: Esteban
|-damage|p2a: Esteban|0 fnt
|faint|p2a: Esteban
|
|-weather|Snowscape|[upkeep]
|-heal|p1a: Rillaboom|27/100|[from] Grassy Terrain
|upkeep
|
|t:|1757815944
|switch|p2a: Fred Bear|Ursaluna-Bloodmoon, L50, M|100/100
|turn|3
|
|t:|1757815967
|move|p1a: Rillaboom|Grassy Glide|p2a: Fred Bear
|-supereffective|p2a: Fred Bear
|-damage|p2a: Fred Bear|42/100
|move|p2b: Dragapult|Dragon Darts|p1b: Sneasler
|-damage|p1b: Sneasler|48/100
|-anim|p2b: Dragapult|Dragon Darts|p1a: Rillaboom
|-damage|p1a: Rillaboom|5/100
|move|p1b: Sneasler|Close Combat|p2a: Fred Bear
|-supereffective|p2a: Fred Bear
|-damage|p2a: Fred Bear|0 fnt
|-unboost|p1b: Sneasler|def|1
|-unboost|p1b: Sneasler|spd|1
|faint|p2a: Fred Bear
|
|-weather|Snowscape|[upkeep]
|-heal|p1a: Rillaboom|11/100|[from] Grassy Terrain
|upkeep
|turn|4
|
|t:|1757815988
|switch|p1b: Incineroar|Incineroar, L50, F|100/100
|-ability|p1b: Incineroar|Intimidate|boost
|-fail|p2b: Dragapult|unboost|[from] ability: Clear Body|[of] p2b: Dragapult
|move|p1a: Rillaboom|Grassy Glide|p2b: Dragapult
|-resisted|p2b: Dragapult
|-damage|p2b: Dragapult|74/100
|move|p2b: Dragapult|Dragon Darts|p1a: Rillaboom
|-damage|p1a: Rillaboom|0 fnt
|-anim|p2b: Dragapult|Dragon Darts|p1b: Incineroar
|-damage|p1b: Incineroar|79/100
|faint|p1a: Rillaboom
|
|-weather|Snowscape|[upkeep]
|-heal|p2b: Dragapult|80/100|[from] Grassy Terrain
|-heal|p1b: Incineroar|85/100|[from] Grassy Terrain
|-sideend|p2: Gimffy|move: Tailwind
|upkeep
|
|t:|1757816003
|switch|p1a: Sneasler|Sneasler, L50, M, tera:Flying|48/100
|turn|5
|
|t:|1757816014
|move|p2b: Dragapult|Dragon Darts|p1a: Sneasler
|-damage|p1a: Sneasler|22/100
|-anim|p2b: Dragapult|Dragon Darts|p1b: Incineroar
|-damage|p1b: Incineroar|66/100
|move|p1a: Sneasler|Acrobatics|p2b: Dragapult
|-damage|p2b: Dragapult|18/100
|move|p1b: Incineroar|Knock Off|p2b: Dragapult
|-supereffective|p2b: Dragapult
|-damage|p2b: Dragapult|0 fnt
|-enditem|p2b: Dragapult|Choice Band|[from] move: Knock Off|[of] p1b: Incineroar
|faint|p2b: Dragapult
|
|win|spongebob601
||Gimffy is ready for game 3.
||spongebob601 is ready for game 3.
|uhtml|next|Next: Game 3 of 3
|l|☆spongebob601
|player|p1|
