|j|☆okozinc
|j|☆perennialzoech_ii
|html|okozincperennialzoech_ii    
|uhtml|bestof|Game 2 of a best-of-3
|t:|1783461430
|gametype|doubles
|player|p1|okozinc|170|1023
|player|p2|perennialzoech_ii|acetrainerf|1078
|gen|9
|tier|[Gen 9 Champions] VGC 2026 Reg M-B (Bo3)
|rated|
|rule|Species Clause: Limit one of each Pokémon
|rule|Item Clause: Limit 1 of each item
|clearpoke
|poke|p1|Scovillain, L50, M|
|poke|p1|Sylveon, L50, M|
|poke|p1|Sneasler, L50, M|
|poke|p1|Kingambit, L50, F|
|poke|p1|Aerodactyl, L50, M|
|poke|p1|Basculegion, L50, M|
|poke|p2|Mawile, L50, F, shiny|
|poke|p2|Sneasler, L50, F|
|poke|p2|Primarina, L50, F, shiny|
|poke|p2|Ampharos, L50, F, shiny|
|poke|p2|Sinistcha-Masterpiece, L50|
|poke|p2|Incineroar, L50, M|
|teampreview|4
|showteam|p1|Scovillain||Scovillainite|Moody|LeechSeed,RagePowder,Overheat,Protect|Bold||M|||50|]Sylveon||FairyFeather|Pixilate|HyperVoice,MysticalFire,HyperBeam,Protect|Modest||M|||50|]Sneasler||WhiteHerb|Pressure|CloseCombat,FakeOut,DireClaw,Protect|Jolly||M|||50|]Kingambit||FocusSash|Defiant|LowKick,KowtowCleave,SuckerPunch,IronHead|Adamant||F|||50|]Aerodactyl||Aerodactylite|Unnerve|Tailwind,RockSlide,DualWingbeat,WideGuard|Jolly||M|||50|]Basculegion||LifeOrb|Adaptability|AquaJet,WaveCrash,LastRespects,Protect|Jolly||M|||50|
|showteam|p2|Mawile||Mawilite|HyperCutter|PlayRough,IcePunch,ThunderPunch,FireFang|Adamant||F|||50|]Sneasler||KingsRock|Unburden|DireClaw,Fling,FakeOut,CloseCombat|Adamant||F|||50|]Primarina||MysticWater|LiquidVoice|Protect,LifeDew,HyperVoice,DazzlingGleam|Modest||F|||50|]Ampharos||Ampharosite|Static|Protect,ParabolicCharge,DazzlingGleam,DragonPulse|Modest||F|||50|]Sinistcha-Masterpiece||Leftovers|Hospitality|RagePowder,LifeDew,MatchaGotcha,ShadowBall|Bold|||||50|]Incineroar||ChopleBerry|Intimidate|FakeOut,PartingShot,DarkestLariat,FlareBlitz|Adamant||M|||50|
|inactive|Battle timer is ON: inactive players will automatically lose when time's up. (requested by perennialzoech_ii)
|
|t:|1783461449
|teamsize|p1|4
|teamsize|p2|4
|start
|switch|p1a: Sneasler|Sneasler, L50, M|100/100
|switch|p1b: Scovillain|Scovillain, L50, M|100/100
|switch|p2a: Baby Angel|Sneasler, L50, F|100/100
|switch|p2b: Murder Siren|Primarina, L50, F, shiny|100/100
|-ability|p1a: Sneasler|Pressure
|turn|1
|
|t:|1783461470
|move|p2b: Murder Siren|Protect|p2b: Murder Siren
|-singleturn|p2b: Murder Siren|Protect
|move|p1b: Scovillain|Protect|p1b: Scovillain
|-singleturn|p1b: Scovillain|Protect
|move|p1a: Sneasler|Dire Claw|p2b: Murder Siren
|-activate|p2b: Murder Siren|move: Protect
|move|p2a: Baby Angel|Dire Claw|p1b: Scovillain
|-activate|p1b: Scovillain|move: Protect
|
|-ability|p1b: Scovillain|Moody|boost
|-boost|p1b: Scovillain|def|2
|-unboost|p1b: Scovillain|spd|1
|upkeep
|turn|2
|inactive|okozinc has 30 seconds left.
|
|t:|1783461500
|move|p1a: Sneasler|Dire Claw|p2b: Murder Siren
|-supereffective|p2b: Murder Siren|1
|-damage|p2b: Murder Siren|0 fnt
|faint|p2b: Murder Siren
|move|p2a: Baby Angel|Dire Claw|p1b: Scovillain
|-supereffective|p1b: Scovillain|1
|-damage|p1b: Scovillain|51/100
|move|p1b: Scovillain|Leech Seed|p2a: Baby Angel
|-start|p2a: Baby Angel|move: Leech Seed
|
|-damage|p2a: Baby Angel|87/100|[from] Leech Seed|[of] p1b: Scovillain
|-heal|p1b: Scovillain|62/100|[silent]
|-ability|p1b: Scovillain|Moody|boost
|-boost|p1b: Scovillain|spe|2
|-unboost|p1b: Scovillain|atk|1
|upkeep
|
|t:|1783461510
|switch|p2b: Sinistcha|Sinistcha-Masterpiece, L50|100/100
|-heal|p2a: Baby Angel|100/100|[from] ability: Hospitality|[of] p2b: Sinistcha
|turn|3
|
|t:|1783461522
|move|p1b: Scovillain|Protect|p1b: Scovillain
|-singleturn|p1b: Scovillain|Protect
|move|p1a: Sneasler|Dire Claw|p2b: Sinistcha
|-damage|p2b: Sinistcha|71/100
|move|p2a: Baby Angel|Fling|p1a: Sneasler
|-resisted|p1a: Sneasler|1
|-damage|p1a: Sneasler|90/100
|-enditem|p2a: Baby Angel|King's Rock|[from] move: Fling
|move|p2b: Sinistcha|Shadow Ball|p1a: Sneasler
|-damage|p1a: Sneasler|42/100
|
|-heal|p2b: Sinistcha|77/100|[from] item: Leftovers
|-damage|p2a: Baby Angel|87/100|[from] Leech Seed|[of] p1b: Scovillain
|-heal|p1b: Scovillain|73/100|[silent]
|-ability|p1b: Scovillain|Moody|boost
|-boost|p1b: Scovillain|atk|2
|-unboost|p1b: Scovillain|spa|1
|upkeep
|turn|4
|
|t:|1783461546
|detailschange|p1b: Scovillain|Scovillain-Mega, L50, M
|-mega|p1b: Scovillain|Scovillain|Scovillainite
|move|p1b: Scovillain|Rage Powder|p1b: Scovillain
|-singleturn|p1b: Scovillain|move: Rage Powder
|move|p2b: Sinistcha|Rage Powder|p2b: Sinistcha
|-singleturn|p2b: Sinistcha|move: Rage Powder
|move|p2a: Baby Angel|Dire Claw|p1b: Scovillain
|-supereffective|p1b: Scovillain|1
|-damage|p1b: Scovillain|33/100
|-status|p1b: Scovillain|par
|-status|p2a: Baby Angel|brn|[from] ability: Spicy Spray|[of] p1b: Scovillain
|move|p1a: Sneasler|Dire Claw|p2b: Sinistcha
|-damage|p2b: Sinistcha|47/100
|-status|p2b: Sinistcha|par
|
|-heal|p2b: Sinistcha|53/100 par|[from] item: Leftovers
|-damage|p2a: Baby Angel|75/100 brn|[from] Leech Seed|[of] p1b: Scovillain
|-heal|p1b: Scovillain|44/100 par|[silent]
|-damage|p2a: Baby Angel|69/100 brn|[from] brn
|upkeep
|turn|5
|c|☆perennialzoech_ii|WOW
|inactive|perennialzoech_ii has 30 seconds left.
|inactive|perennialzoech_ii has 20 seconds left.
|inactive|perennialzoech_ii has 15 seconds left.
|
|t:|1783461586
|move|p1b: Scovillain|Protect|p1b: Scovillain
|-singleturn|p1b: Scovillain|Protect
|move|p2a: Baby Angel|Dire Claw|p1a: Sneasler
|-resisted|p1a: Sneasler|1
|-damage|p1a: Sneasler|22/100
|move|p1a: Sneasler|Dire Claw|p2b: Sinistcha
|-crit|p2b: Sinistcha
|-damage|p2b: Sinistcha|10/100 par
|move|p2b: Sinistcha|Life Dew|p2b: Sinistcha|[spread] p2a,p2b
|-heal|p2a: Baby Angel|94/100 brn
|-heal|p2b: Sinistcha|35/100 par
|
|-heal|p2b: Sinistcha|42/100 par|[from] item: Leftovers
|-damage|p2a: Baby Angel|82/100 brn|[from] Leech Seed|[of] p1b: Scovillain
|-heal|p1b: Scovillain|55/100 par|[silent]
|-damage|p2a: Baby Angel|76/100 brn|[from] brn
|upkeep
|turn|6
|inactive|okozinc has 30 seconds left.
|
|t:|1783461614
|switch|p2b: Ampharos|Ampharos, L50, F, shiny|100/100
|move|p1a: Sneasler|Protect|p1a: Sneasler
|-singleturn|p1a: Sneasler|Protect
|move|p2a: Baby Angel|Dire Claw|p1b: Scovillain
|-supereffective|p1b: Scovillain|1
|-damage|p1b: Scovillain|37/100 par
|-fail|p1b: Scovillain|par
|move|p1b: Scovillain|Overheat|p2b: Ampharos
|-damage|p2b: Ampharos|58/100
|-unboost|p1b: Scovillain|spa|2
|
|-damage|p2a: Baby Angel|64/100 brn|[from] Leech Seed|[of] p1b: Scovillain
|-heal|p1b: Scovillain|48/100 par|[silent]
|-damage|p2a: Baby Angel|58/100 brn|[from] brn
|upkeep
|turn|7
|
|t:|1783461636
|detailschange|p2b: Ampharos|Ampharos-Mega, L50, F, shiny
|-mega|p2b: Ampharos|Ampharos|Ampharosite
|-ability|p2b: Ampharos|Mold Breaker
|cant|p1b: Scovillain|par
|move|p2b: Ampharos|Protect|p2b: Ampharos
|-singleturn|p2b: Ampharos|Protect
|move|p2a: Baby Angel|Close Combat|p1a: Sneasler
|-resisted|p1a: Sneasler|1
|-damage|p1a: Sneasler|0 fnt
|-unboost|p2a: Baby Angel|def|1
|-unboost|p2a: Baby Angel|spd|1
|faint|p1a: Sneasler
|
|-damage|p2a: Baby Angel|46/100 brn|[from] Leech Seed|[of] p1b: Scovillain
|-heal|p1b: Scovillain|59/100 par|[silent]
|-damage|p2a: Baby Angel|40/100 brn|[from] brn
|upkeep
|
|t:|1783461646
|switch|p1a: Kingambit|Kingambit, L50, F|100/100
|turn|8
|
|t:|1783461662
|switch|p2b: Sinistcha|Sinistcha-Masterpiece, L50|42/100 par
|-heal|p2a: Baby Angel|65/100 brn|[from] ability: Hospitality|[of] p2b: Sinistcha
|move|p1a: Kingambit|Sucker Punch|p2a: Baby Angel
|-resisted|p2a: Baby Angel|1
|-damage|p2a: Baby Angel|11/100 brn
|move|p2a: Baby Angel|Close Combat|p1a: Kingambit
|-supereffective|p1a: Kingambit|2
|-enditem|p1a: Kingambit|Focus Sash
|-damage|p1a: Kingambit|1/100
|-unboost|p2a: Baby Angel|def|1
|-unboost|p2a: Baby Angel|spd|1
|move|p1b: Scovillain|Leech Seed|p2b: Sinistcha
|-immune|p2b: Sinistcha
|
|-heal|p2b: Sinistcha|48/100 par|[from] item: Leftovers
|-damage|p2a: Baby Angel|0 fnt|[from] Leech Seed|[of] p1b: Scovillain
|-heal|p1b: Scovillain|70/100 par|[silent]
|faint|p2a: Baby Angel
|upkeep
|
|t:|1783461671
|switch|p2a: Ampharos|Ampharos-Mega, L50, F, shiny|58/100
|-ability|p2a: Ampharos|Mold Breaker
|turn|9
|
|t:|1783461686
|move|p2a: Ampharos|Protect|p2a: Ampharos
|-singleturn|p2a: Ampharos|Protect
|move|p1b: Scovillain|Leech Seed|p2a: Ampharos
|-activate|p2a: Ampharos|move: Protect
|move|p1a: Kingambit|Kowtow Cleave|p2b: Sinistcha
|-supereffective|p2b: Sinistcha|1
|-crit|p2b: Sinistcha
|-damage|p2b: Sinistcha|0 fnt
|faint|p2b: Sinistcha
|
|upkeep
|turn|10
|
|t:|1783461706
|move|p1a: Kingambit|Sucker Punch|p2a: Ampharos
|-damage|p2a: Ampharos|24/100
|move|p1b: Scovillain|Leech Seed|p2a: Ampharos
|-start|p2a: Ampharos|move: Leech Seed
|move|p2a: Ampharos|Dazzling Gleam|p1a: Kingambit|[spread] p1a,p1b
|-resisted|p1b: Scovillain|1
|-damage|p1a: Kingambit|0 fnt
|-damage|p1b: Scovillain|44/100 par
|-status|p2a: Ampharos|brn|[from] ability: Spicy Spray|[of] p1b: Scovillain
|faint|p1a: Kingambit
|
|-damage|p2a: Ampharos|12/100 brn|[from] Leech Seed|[of] p1b: Scovillain
|-heal|p1b: Scovillain|58/100 par|[silent]
|-damage|p2a: Ampharos|6/100 brn|[from] brn
|upkeep
|-message|perennialzoech_ii forfeited.
|
|win|okozinc
|raw|okozinc's rating: 1023 → 1065(+42 for winning)
|raw|perennialzoech_ii's rating: 1078 → 1053(-25 for losing)
|l|☆perennialzoech_ii
|player|p2|
|c|☆okozinc|im so sorry
