|j|‽SomeKidJon
|j|☆ground tera
|html|SomeKidJonground tera    
|uhtml|bestof|Game 2 of a best-of-3
|t:|1784310160
|gametype|doubles
|player|p1|SomeKidJon|scientistf|1231
|player|p2|ground tera|2|1247
|gen|9
|tier|[Gen 9 Champions] VGC 2026 Reg M-B (Bo3)
|rated|
|rule|Species Clause: Limit one of each Pokémon
|rule|Item Clause: Limit 1 of each item
|clearpoke
|poke|p1|Dragonite, L50, M|
|poke|p1|Chandelure, L50, M|
|poke|p1|Sylveon, L50, F|
|poke|p1|Tsareena, L50, F|
|poke|p1|Kingambit, L50, F|
|poke|p1|Samurott-Hisui, L50, M|
|poke|p2|Archaludon, L50, F|
|poke|p2|Basculegion, L50, M|
|poke|p2|Charizard, L50, M|
|poke|p2|Grimmsnarl, L50, M|
|poke|p2|Pelipper, L50, F|
|poke|p2|Venusaur, L50, M|
|teampreview|4
|showteam|p1|Dragonite||ChartiBerry|Multiscale|ScaleShot,Tailwind,Protect,ExtremeSpeed|Adamant||M|||50|]Chandelure||Chandelurite|FlashFire|HeatWave,ShadowBall,Protect,TrickRoom|Modest||M|||50|]Sylveon||FairyFeather|Pixilate|QuickAttack,Detect,HyperVoice,HyperBeam|Modest||F|||50|]Tsareena||WideLens|QueenlyMajesty|TripleAxel,PowerWhip,PlayRough,Protect|Adamant||F|||50|]Kingambit||FocusSash|Defiant|LowKick,SuckerPunch,IronHead,KowtowCleave|Adamant||F|||50|]Samurott-Hisui||LifeOrb|Sharpness|Protect,SacredSword,AquaCutter,SuckerPunch|Adamant||M|||50|
|showteam|p2|Archaludon||Leftovers|Stamina|FlashCannon,DragonPulse,ElectroShot,Protect|Calm||F|||50|]Basculegion||ChoiceScarf|Adaptability|WaveCrash,AquaJet,LastRespects,FlipTurn|Jolly||M|||50|]Charizard||CharizarditeY|Blaze|HeatWave,WeatherBall,SolarBeam,Protect|Modest||M|||50|]Grimmsnarl||LightClay|Prankster|SpiritBreak,Reflect,LightScreen,PartingShot|Sassy||M|||50|]Pelipper||SitrusBerry|Drizzle|WeatherBall,Hurricane,Tailwind,WideGuard|Modest||F|||50|]Venusaur||FocusSash|Chlorophyll|SludgeBomb,EarthPower,SleepPowder,Protect|Modest||M|||50|
|inactive|Battle timer is ON: inactive players will automatically lose when time's up. (requested by ground tera)
|inactive|SomeKidJon has 60 seconds left.
|n|‽SomeKidJon|somekidjon
|
|t:|1784310215
|teamsize|p1|4
|teamsize|p2|4
|start
|switch|p1a: Chandelure|Chandelure, L50, M|100/100
|switch|p1b: Dragonite|Dragonite, L50, M|100/100
|switch|p2a: Charizard|Charizard, L50, M|100/100
|switch|p2b: Venusaur|Venusaur, L50, M|100/100
|turn|1
|
|t:|1784310231
|detailschange|p2a: Charizard|Charizard-Mega-Y, L50, M
|-mega|p2a: Charizard|Charizard|Charizardite Y
|-weather|SunnyDay|[from] ability: Drought|[of] p2a: Charizard
|detailschange|p1a: Chandelure|Chandelure-Mega, L50, M
|-mega|p1a: Chandelure|Chandelure|Chandelurite
|move|p2b: Venusaur|Sleep Powder|p1a: Chandelure
|-status|p1a: Chandelure|slp|[from] move: Sleep Powder
|move|p2a: Charizard|Heat Wave|p1a: Chandelure|[spread] p1a
|-miss|p2a: Charizard|p1b: Dragonite
|-resisted|p1a: Chandelure|1
|-damage|p1a: Chandelure|69/100 slp
|cant|p1a: Chandelure|slp
|move|p1b: Dragonite|Scale Shot|p2b: Venusaur
|-damage|p2b: Venusaur|80/100
|-crit|p2b: Venusaur
|-damage|p2b: Venusaur|51/100
|-damage|p2b: Venusaur|30/100
|-hitcount|p2b: Venusaur|3
|-unboost|p1b: Dragonite|def|1
|-boost|p1b: Dragonite|spe|1
|
|-weather|SunnyDay|[upkeep]
|upkeep
|turn|2
|inactive|ground tera has 30 seconds left.
|inactive|ground tera has 20 seconds left.
|
|t:|1784310268
|move|p2b: Venusaur|Sleep Powder|p1b: Dragonite|[miss]
|-miss|p2b: Venusaur|p1b: Dragonite
|move|p1b: Dragonite|Tailwind|p1b: Dragonite
|-sidestart|p1: SomeKidJon|move: Tailwind
|cant|p1a: Chandelure|slp
|move|p2a: Charizard|Heat Wave|p1b: Dragonite|[spread] p1a,p1b
|-resisted|p1a: Chandelure|1
|-resisted|p1b: Dragonite|1
|-damage|p1a: Chandelure|39/100 slp
|-damage|p1b: Dragonite|83/100
|
|-weather|SunnyDay|[upkeep]
|upkeep
|turn|3
|
|t:|1784310279
|switch|p2b: Pelipper|Pelipper, L50, F|100/100
|-weather|RainDance|[from] ability: Drizzle|[of] p2b: Pelipper
|move|p1b: Dragonite|Scale Shot|p2a: Charizard
|-damage|p2a: Charizard|82/100
|-damage|p2a: Charizard|66/100
|-damage|p2a: Charizard|51/100
|-hitcount|p2a: Charizard|3
|-unboost|p1b: Dragonite|def|1
|-boost|p1b: Dragonite|spe|1
|-curestatus|p1a: Chandelure|slp|[msg]
|move|p1a: Chandelure|Heat Wave|p2b: Pelipper|[spread] 
|-miss|p1a: Chandelure|p2a: Charizard
|-miss|p1a: Chandelure|p2b: Pelipper
|move|p2a: Charizard|Weather Ball|p1a: Chandelure
|-supereffective|p1a: Chandelure|1
|-damage|p1a: Chandelure|0 fnt
|faint|p1a: Chandelure
|
|-weather|RainDance|[upkeep]
|upkeep
|
|t:|1784310294
|switch|p1a: Kingambit|Kingambit, L50, F|100/100
|turn|4
|
|t:|1784310311
|move|p1b: Dragonite|Scale Shot|p2b: Pelipper
|-damage|p2b: Pelipper|83/100
|-damage|p2b: Pelipper|68/100
|-damage|p2b: Pelipper|53/100
|-hitcount|p2b: Pelipper|3
|-unboost|p1b: Dragonite|def|1
|-boost|p1b: Dragonite|spe|1
|move|p1a: Kingambit|Kowtow Cleave|p2a: Charizard
|-damage|p2a: Charizard|0 fnt
|faint|p2a: Charizard
|move|p2b: Pelipper|Tailwind|p2b: Pelipper
|-sidestart|p2: ground tera|move: Tailwind
|
|-weather|RainDance|[upkeep]
|upkeep
|
|t:|1784310325
|switch|p2a: Venusaur|Venusaur, L50, M|30/100
|turn|5
|
|t:|1784310332
|move|p1b: Dragonite|Extreme Speed|p2a: Venusaur
|-damage|p2a: Venusaur|0 fnt
|faint|p2a: Venusaur
|move|p1a: Kingambit|Kowtow Cleave|p2b: Pelipper
|-damage|p2b: Pelipper|1/100
|-enditem|p2b: Pelipper|Sitrus Berry|[eat]
|-heal|p2b: Pelipper|25/100|[from] item: Sitrus Berry
|move|p2b: Pelipper|Hurricane|p1b: Dragonite
|-damage|p1b: Dragonite|39/100
|-start|p1b: Dragonite|confusion
|
|-weather|RainDance|[upkeep]
|-sideend|p1: SomeKidJon|move: Tailwind
|upkeep
|
|t:|1784310342
|switch|p2a: Basculegion|Basculegion, L50, M|100/100
|turn|6
|
|t:|1784310354
|switch|p1b: Tsareena|Tsareena, L50, F|100/100
|move|p2a: Basculegion|Aqua Jet||[still]
|cant|p1b: Tsareena|ability: Queenly Majesty|Aqua Jet|[of] p2a: Basculegion
|move|p1a: Kingambit|Sucker Punch|p2b: Pelipper
|-crit|p2b: Pelipper
|-damage|p2b: Pelipper|0 fnt
|faint|p2b: Pelipper
|
|-weather|RainDance|[upkeep]
|upkeep
|turn|7
|-message|ground tera forfeited.
|
|win|SomeKidJon
