|j|☆Pikachu Makelele
|j|☆SlugcatGames
|html|Pikachu MakeleleSlugcatGames    
|uhtml|bestof|Game 2 of a best-of-3
|t:|1756661484
|gametype|doubles
|player|p1|Pikachu Makelele|dahlia|1091
|player|p2|SlugcatGames|170|1000
|gen|9
|tier|[Gen 9] VGC 2025 Reg H (Bo3)
|rated|
|rule|Species Clause: Limit one of each Pokémon
|rule|Item Clause: Limit 1 of each item
|clearpoke
|poke|p1|Dragonite, L50, M|
|poke|p1|Whimsicott, L50, F|
|poke|p1|Kingambit, L50, M|
|poke|p1|Volcarona, L50, F|
|poke|p1|Archaludon, L50, M|
|poke|p1|Pelipper, L50, M|
|poke|p2|Whimsicott, L50, M|
|poke|p2|Basculegion, L50, M|
|poke|p2|Hydreigon, L50, M|
|poke|p2|Pelipper, L50, M|
|poke|p2|Gholdengo, L50|
|poke|p2|Garchomp, L50, M|
|teampreview|4
|showteam|p1|Dragonite||LoadedDice|Multiscale|ScaleShot,LowKick,Protect,ExtremeSpeed|||M|||50|,,,,,Dragon]Whimsicott||FocusSash|Prankster|SunnyDay,Protect,Moonblast,Tailwind|||F|||50|,,,,,Ghost]Kingambit||AssaultVest|Defiant|LowKick,SuckerPunch,KowtowCleave,IronHead|||M|||50|,,,,,Fairy]Volcarona||ChoiceSpecs|FlameBody|HeatWave,BugBuzz,GigaDrain,Hurricane|||F|||50|,,,,,Fire]Archaludon||PowerHerb|Stamina|ElectroShot,DracoMeteor,Protect,FlashCannon|||M|||50|,,,,,Grass]Pelipper||CovertCloak|Drizzle|Protect,Hurricane,Tailwind,WeatherBall|||M|||50|,,,,,Ground
|showteam|p2|Whimsicott||CovertCloak|Prankster|Moonblast,Tailwind,Taunt,FakeTears|||M|||50|,,,,,Dark]Basculegion||MysticWater|SwiftSwim|WaveCrash,AquaJet,LastRespects,Protect|||M|||50|,,,,,Water]Hydreigon||SafetyGoggles|Levitate|DarkPulse,DracoMeteor,EarthPower,HeatWave|||M|||50|,,,,,Fire]Pelipper||FocusSash|Drizzle|WeatherBall,Hurricane,Tailwind,Protect|||M|||50|,,,,,Ghost]Gholdengo||LifeOrb|GoodasGold|MakeItRain,ShadowBall,NastyPlot,Protect||||||50|,,,,,Water]Garchomp||LoadedDice|RoughSkin|RockSlide,ScaleShot,StompingTantrum,Protect|||M|||50|,,,,,Fire
|inactive|Battle timer is ON: inactive players will automatically lose when time's up. (requested by Pikachu Makelele)
|
|t:|1756661515
|teamsize|p1|4
|teamsize|p2|4
|start
|switch|p1a: Whimsicott|Whimsicott, L50, F|100/100
|switch|p1b: Volcarona|Volcarona, L50, F|100/100
|switch|p2a: Whimsicott|Whimsicott, L50, M|100/100
|switch|p2b: Hydreigon|Hydreigon, L50, M|100/100
|turn|1
|inactive|Pikachu Makelele has 30 seconds left.
|
|t:|1756661540
|-terastallize|p2b: Hydreigon|Fire
|move|p1a: Whimsicott|Tailwind|p1a: Whimsicott
|-sidestart|p1: Pikachu Makelele|move: Tailwind
|move|p2a: Whimsicott|Fake Tears|p1b: Volcarona
|-unboost|p1b: Volcarona|spd|2
|move|p1b: Volcarona|Bug Buzz|p2a: Whimsicott
|-damage|p2a: Whimsicott|0 fnt
|faint|p2a: Whimsicott
|move|p2b: Hydreigon|Heat Wave|p1b: Volcarona|[spread] p1a,p1b
|-supereffective|p1a: Whimsicott
|-enditem|p1a: Whimsicott|Focus Sash
|-damage|p1a: Whimsicott|1/100
|-damage|p1b: Volcarona|24/100
|
|upkeep
|
|t:|1756661554
|switch|p2a: Garchomp|Garchomp, L50, M|100/100
|turn|2
|
|t:|1756661569
|move|p1a: Whimsicott|Protect|p1a: Whimsicott
|-singleturn|p1a: Whimsicott|Protect
|move|p2a: Garchomp|Protect|p2a: Garchomp
|-singleturn|p2a: Garchomp|Protect
|move|p1b: Volcarona|Bug Buzz|p2a: Garchomp
|-activate|p2a: Garchomp|move: Protect
|move|p2b: Hydreigon|Heat Wave|p1b: Volcarona|[spread] p1b
|-activate|p1a: Whimsicott|move: Protect
|-damage|p1b: Volcarona|0 fnt
|faint|p1b: Volcarona
|
|upkeep
|
|t:|1756661580
|switch|p1b: Dragonite|Dragonite, L50, M|100/100
|turn|3
|inactive|Pikachu Makelele has 30 seconds left.
|
|t:|1756661607
|switch|p2a: Pelipper|Pelipper, L50, M|100/100
|-weather|RainDance|[from] ability: Drizzle|[of] p2a: Pelipper
|move|p1a: Whimsicott|Moonblast|p2a: Pelipper
|-damage|p2a: Pelipper|43/100
|move|p1b: Dragonite|Scale Shot|p2a: Pelipper
|-damage|p2a: Pelipper|23/100
|-damage|p2a: Pelipper|3/100
|-damage|p2a: Pelipper|0 fnt
|faint|p2a: Pelipper
|-hitcount|p2: Pelipper|3
|-unboost|p1b: Dragonite|def|1
|-boost|p1b: Dragonite|spe|1
|move|p2b: Hydreigon|Dark Pulse|p1a: Whimsicott
|-resisted|p1a: Whimsicott
|-damage|p1a: Whimsicott|0 fnt
|faint|p1a: Whimsicott
|
|-weather|RainDance|[upkeep]
|upkeep
|
|t:|1756661625
|switch|p1a: Kingambit|Kingambit, L50, M|100/100
|switch|p2a: Garchomp|Garchomp, L50, M|100/100
|turn|4
|
|t:|1756661641
|-terastallize|p1a: Kingambit|Fairy
|move|p1b: Dragonite|Protect|p1b: Dragonite
|-singleturn|p1b: Dragonite|Protect
|move|p2a: Garchomp|Protect|p2a: Garchomp
|-singleturn|p2a: Garchomp|Protect
|move|p2b: Hydreigon|Draco Meteor|p1b: Dragonite
|-activate|p1b: Dragonite|move: Protect
|move|p1a: Kingambit|Kowtow Cleave|p2b: Hydreigon
|-damage|p2b: Hydreigon|45/100
|
|-weather|RainDance|[upkeep]
|-sideend|p1: Pikachu Makelele|move: Tailwind
|upkeep
|turn|5
|inactive|SlugcatGames has 30 seconds left.
|
|t:|1756661668
|move|p1b: Dragonite|Scale Shot|p2a: Garchomp
|-supereffective|p2a: Garchomp
|-damage|p2a: Garchomp|70/100
|-supereffective|p2a: Garchomp
|-damage|p2a: Garchomp|39/100
|-supereffective|p2a: Garchomp
|-damage|p2a: Garchomp|7/100
|-supereffective|p2a: Garchomp
|-damage|p2a: Garchomp|0 fnt
|faint|p2a: Garchomp
|-hitcount|p2: Garchomp|4
|-unboost|p1b: Dragonite|def|1
|-boost|p1b: Dragonite|spe|1
|move|p2b: Hydreigon|Draco Meteor|p1b: Dragonite
|-supereffective|p1b: Dragonite
|-damage|p1b: Dragonite|24/100
|-unboost|p2b: Hydreigon|spa|2
|move|p1a: Kingambit|Kowtow Cleave|p2b: Hydreigon
|-damage|p2b: Hydreigon|0 fnt
|faint|p2b: Hydreigon
|
|win|Pikachu Makelele
|raw|Pikachu Makelele's rating: 1091 → 1111(+20 for winning)
|raw|SlugcatGames's rating: 1000 → 1000(+0 for losing)
