|j|☆Hornleechers
|j|☆luis.acro
|html|Hornleechersluis.acro    
|uhtml|bestof|Game 2 of a best-of-3
|t:|1782332890
|gametype|doubles
|player|p1|Hornleechers|1|1000
|player|p2|luis.acro|hilbert|1040
|gen|9
|tier|[Gen 9 Champions] VGC 2026 Reg M-B (Bo3)
|rated|
|rule|Species Clause: Limit one of each Pokémon
|rule|Item Clause: Limit 1 of each item
|clearpoke
|poke|p1|Tsareena, L50, F|
|poke|p1|Mudsdale, L50, M|
|poke|p1|Sableye, L50, F|
|poke|p1|Flapple, L50, M|
|poke|p1|Ninetales-Alola, L50, M|
|poke|p1|Maushold-Four, L50|
|poke|p2|Staraptor, L50, F|
|poke|p2|Grimmsnarl, L50, M|
|poke|p2|Sinistcha, L50|
|poke|p2|Garchomp, L50, M|
|poke|p2|Sylveon, L50, M|
|poke|p2|Gholdengo, L50|
|teampreview|4
|showteam|p1|Tsareena||OccaBerry|QueenlyMajesty|TropKick,Protect,Uturn,HelpingHand|Jolly||F|||50|]Mudsdale||PasshoBerry|InnerFocus|HighHorsepower,Protect,CloseCombat,Curse|Brave||M|||50|]Sableye||ExpertBelt|Prankster|Quash,Detect,Gravity,KnockOff|Jolly||F|||50|]Flapple||LifeOrb|Hustle|GravApple,DragonRush,Protect,DualWingbeat|Jolly||M|||50|]Ninetales-Alola||LightClay|SnowWarning|Blizzard,Protect,AuroraVeil,FreezeDry|Timid||M|||50|]Maushold-Four||MentalHerb|FriendGuard|HelpingHand,Protect,FollowMe,SuperFang|Timid|||||50|
|showteam|p2|Staraptor||Staraptite|Intimidate|CloseCombat,Roost,Protect,BraveBird|Jolly||F|||50|]Grimmsnarl||LightClay|Prankster|Reflect,LightScreen,FoulPlay,PartingShot|Careful||M|||50|]Sinistcha||KasibBerry|Hospitality|MatchaGotcha,Protect,RagePowder,StrengthSap|Bold|||||50|]Garchomp||ChoiceScarf|RoughSkin|StompingTantrum,RockTomb,Protect,DragonClaw|Jolly||M|||50|]Sylveon||FairyFeather|Pixilate|Detect,HyperBeam,HyperVoice,BabyDollEyes|Serious||M|||50|]Gholdengo||LifeOrb|GoodasGold|MakeItRain,Protect,ShadowBall,NastyPlot|Timid|||||50|
|
|t:|1782332931
|teamsize|p1|4
|teamsize|p2|4
|start
|switch|p1a: Mudsdale|Mudsdale, L50, M|100/100
|switch|p1b: Flapple|Flapple, L50, M|100/100
|switch|p2a: Staraptor|Staraptor, L50, F|100/100
|switch|p2b: Grimmsnarl|Grimmsnarl, L50, M|100/100
|-ability|p2a: Staraptor|Intimidate|boost
|-fail|p1a: Mudsdale|unboost|Attack|[from] ability: Inner Focus|[of] p1a: Mudsdale
|-unboost|p1b: Flapple|atk|1
|turn|1
|
|t:|1782332963
|detailschange|p2a: Staraptor|Staraptor-Mega, L50, F
|-mega|p2a: Staraptor|Staraptor|Staraptite
|move|p2b: Grimmsnarl|Reflect|p2b: Grimmsnarl
|-sidestart|p2: luis.acro|Reflect
|move|p2a: Staraptor|Roost||[still]
|-fail|p2a: Staraptor|heal
|move|p1b: Flapple|Grav Apple|p2b: Grimmsnarl|[miss]
|-miss|p1b: Flapple|p2b: Grimmsnarl
|move|p1a: Mudsdale|High Horsepower|p2b: Grimmsnarl
|-damage|p2b: Grimmsnarl|60/100
|
|upkeep
|turn|2
|
|t:|1782332986
|switch|p1a: Maushold|Maushold-Four, L50|100/100
|move|p2b: Grimmsnarl|Light Screen|p2b: Grimmsnarl
|-sidestart|p2: luis.acro|move: Light Screen
|move|p2a: Staraptor|Close Combat|p1a: Maushold
|-supereffective|p1a: Maushold|1
|-damage|p1a: Maushold|0 fnt
|-boost|p2a: Staraptor|def|1
|-boost|p2a: Staraptor|spd|1
|faint|p1a: Maushold
|move|p1b: Flapple|Dual Wingbeat|p2a: Staraptor
|-supereffective|p2a: Staraptor|1
|-damage|p2a: Staraptor|84/100
|-supereffective|p2a: Staraptor|1
|-damage|p2a: Staraptor|70/100
|-hitcount|p2a: Staraptor|2
|-damage|p1b: Flapple|90/100|[from] item: Life Orb
|
|upkeep
|
|t:|1782332998
|switch|p1a: Ninetales|Ninetales-Alola, L50, M|100/100
|-weather|Snowscape|[from] ability: Snow Warning|[of] p1a: Ninetales
|turn|3
|
|t:|1782333015
|move|p2b: Grimmsnarl|Parting Shot|p1a: Ninetales
|-unboost|p1a: Ninetales|atk|1
|-unboost|p1a: Ninetales|spa|1
|
|t:|1782333019
|switch|p2b: Sinistcha|Sinistcha, L50|100/100|[from] Parting Shot
|-heal|p2a: Staraptor|95/100|[from] ability: Hospitality|[of] p2b: Sinistcha
|move|p2a: Staraptor|Close Combat|p1a: Ninetales
|-damage|p1a: Ninetales|51/100
|-boost|p2a: Staraptor|def|1
|-boost|p2a: Staraptor|spd|1
|move|p1a: Ninetales|Aurora Veil|p1a: Ninetales
|-sidestart|p1: Hornleechers|move: Aurora Veil
|move|p1b: Flapple|Grav Apple|p2b: Sinistcha
|-resisted|p2b: Sinistcha|1
|-damage|p2b: Sinistcha|85/100
|-unboost|p2b: Sinistcha|def|1
|-damage|p1b: Flapple|80/100|[from] item: Life Orb
|
|-weather|Snowscape|[upkeep]
|upkeep
|turn|4
|
|t:|1782333039
|switch|p1b: Mudsdale|Mudsdale, L50, M|100/100
|move|p2a: Staraptor|Close Combat|p1a: Ninetales
|-damage|p1a: Ninetales|20/100y
|-boost|p2a: Staraptor|def|1
|-boost|p2a: Staraptor|spd|1
|move|p1a: Ninetales|Blizzard|p2b: Sinistcha|[spread] p2a,p2b
|-supereffective|p2a: Staraptor|1
|-supereffective|p2b: Sinistcha|1
|-damage|p2a: Staraptor|85/100
|-damage|p2b: Sinistcha|64/100
|move|p2b: Sinistcha|Strength Sap|p2a: Staraptor
|-boost|p2a: Staraptor|atk|1
|-heal|p2b: Sinistcha|100/100
|
|-weather|Snowscape|[upkeep]
|upkeep
|turn|5
|c|☆Hornleechers|cancer aids hiv type shit
|
|t:|1782333090
|move|p2a: Staraptor|Close Combat|p1a: Ninetales
|-damage|p1a: Ninetales|0 fnt
|-boost|p2a: Staraptor|def|1
|-boost|p2a: Staraptor|spd|1
|faint|p1a: Ninetales
|move|p2b: Sinistcha|Strength Sap|p2a: Staraptor
|-boost|p2a: Staraptor|atk|1
|move|p1b: Mudsdale|Curse|p1b: Mudsdale
|-unboost|p1b: Mudsdale|spe|1
|-boost|p1b: Mudsdale|atk|1
|-boost|p1b: Mudsdale|def|1
|
|-weather|Snowscape|[upkeep]
|upkeep
|
|t:|1782333092
|switch|p1a: Flapple|Flapple, L50, M|80/100
|turn|6
|
|t:|1782333115
|move|p2a: Staraptor|Brave Bird|p1a: Flapple
|-supereffective|p1a: Flapple|1
|-damage|p1a: Flapple|0 fnt
|faint|p1a: Flapple
|-damage|p2a: Staraptor|62/100|[from] Recoil
|move|p2b: Sinistcha|Strength Sap|p2a: Staraptor
|-boost|p2a: Staraptor|atk|1
|move|p1b: Mudsdale|High Horsepower|p2a: Staraptor
|-immune|p2a: Staraptor
|
|-weather|Snowscape|[upkeep]
|upkeep
|turn|7
|-message|Hornleechers forfeited.
|
|win|luis.acro
