|j|‽Livnlarge27
|j|☆Moon7777
|html|Livnlarge27Moon7777    
|uhtml|bestof|Game 2 of a best-of-3
|t:|1756270021
|gametype|doubles
|player|p1|Livnlarge27|red|1503
|player|p2|Moon7777|265|1562
|gen|9
|tier|[Gen 9] VGC 2025 Reg H (Bo3)
|rated|
|rule|Species Clause: Limit one of each Pokémon
|rule|Item Clause: Limit 1 of each item
|clearpoke
|poke|p1|Volcarona, L50, M|
|poke|p1|Rillaboom, L50, M|
|poke|p1|Farigiraf, L50, F|
|poke|p1|Ursaluna, L50, F|
|poke|p1|Dragonite, L50, M|
|poke|p1|Tauros-Paldea-Blaze, L50, M|
|poke|p2|Excadrill, L50, F|
|poke|p2|Indeedee, L50, M|
|poke|p2|Sneasler, L50, M|
|poke|p2|Tyranitar, L50, M|
|poke|p2|Maushold, L50|
|poke|p2|Annihilape, L50, F|
|teampreview|4
|showteam|p1|Volcarona||Leftovers|FlameBody|QuiverDance,TeraBlast,HeatWave,Protect|||M|||50|,,,,,Fairy]Rillaboom||AssaultVest|GrassySurge|FakeOut,WoodHammer,GrassyGlide,Uturn|||M|||50|,,,,,Fire]Farigiraf||SitrusBerry|ArmorTail|DazzlingGleam,TrickRoom,NastyPlot,TwinBeam|||F|||50|,,,,,Fairy]Ursaluna||FlameOrb|Guts|Protect,Facade,HeadlongRush,Earthquake|||F|||50|,,,,,Ghost]Dragonite||LoadedDice|Multiscale|ScaleShot,Haze,Protect,StompingTantrum|||M|||50|,,,,,Fairy]Tauros-Paldea-Blaze||MirrorHerb|Intimidate|CloseCombat,RagingBull,WillOWisp,Protect|||M|||50|,,,,,Fairy
|showteam|p2|Excadrill||FocusSash|SandRush|Earthquake,HighHorsepower,IronHead,Protect|||F|||50|,,,,,Ground]Indeedee||ChoiceScarf|PsychicSurge|ExpandingForce,Trick,DazzlingGleam,TeraBlast|||M|||50|,,,,,Psychic]Sneasler||PsychicSeed|Unburden|CloseCombat,DireClaw,ThroatChop,Protect|||M|||50|,,,,,Dark]Tyranitar||AssaultVest|SandStream|KnockOff,LowKick,TeraBlast,RockSlide|||M|||50|,,,,,Flying]Maushold||SafetyGoggles|FriendGuard|Taunt,FollowMe,BeatUp,Protect||||||50|,,,,,Ghost]Annihilape||SitrusBerry|Defiant|BulkUp,DrainPunch,Protect,RageFist|||F|||50|,,,,,Dragon
|inactive|Battle timer is ON: inactive players will automatically lose when time's up. (requested by Livnlarge27)
|
|t:|1756270045
|teamsize|p1|4
|teamsize|p2|4
|start
|switch|p1a: Dragonite|Dragonite, L50, M|100/100
|switch|p1b: Tauros|Tauros-Paldea-Blaze, L50, M|100/100
|switch|p2a: Indeedee|Indeedee, L50, M|100/100
|switch|p2b: Sneasler|Sneasler, L50, M|100/100
|-fieldstart|move: Psychic Terrain|[from] ability: Psychic Surge|[of] p2a: Indeedee
|-enditem|p2b: Sneasler|Psychic Seed
|-boost|p2b: Sneasler|spd|1|[from] item: Psychic Seed
|-ability|p1b: Tauros|Intimidate|boost
|-unboost|p2a: Indeedee|atk|1
|-unboost|p2b: Sneasler|atk|1
|-enditem|p1b: Tauros|Mirror Herb
|-boost|p1b: Tauros|spd|1|[from] item: Mirror Herb
|turn|1
|inactive|Livnlarge27 has 30 seconds left.
|
|t:|1756270071
|switch|p2a: Excadrill|Excadrill, L50, F|100/100
|switch|p1a: Rillaboom|Rillaboom, L50, M|100/100
|-fieldstart|move: Grassy Terrain|[from] ability: Grassy Surge|[of] p1a: Rillaboom
|move|p2b: Sneasler|Dire Claw|p1a: Rillaboom
|-supereffective|p1a: Rillaboom
|-damage|p1a: Rillaboom|39/100
|-status|p1a: Rillaboom|slp
|move|p1b: Tauros|Will-O-Wisp|p2b: Sneasler
|-status|p2b: Sneasler|brn
|
|-heal|p1a: Rillaboom|44/100 slp|[from] Grassy Terrain
|-damage|p2b: Sneasler|94/100 brn|[from] brn
|upkeep
|turn|2
|
|t:|1756270093
|switch|p1a: Dragonite|Dragonite, L50, M|100/100
|move|p2a: Excadrill|Protect|p2a: Excadrill
|-singleturn|p2a: Excadrill|Protect
|move|p2b: Sneasler|Dire Claw|p1b: Tauros
|-damage|p1b: Tauros|85/100
|move|p1b: Tauros|Will-O-Wisp|p2a: Excadrill
|-activate|p2a: Excadrill|move: Protect
|
|-heal|p2b: Sneasler|100/100 brn|[from] Grassy Terrain
|-heal|p1b: Tauros|91/100|[from] Grassy Terrain
|-damage|p2b: Sneasler|94/100 brn|[from] brn
|upkeep
|turn|3
|
|t:|1756270116
|switch|p2b: Tyranitar|Tyranitar, L50, M|100/100
|-weather|Sandstorm|[from] ability: Sand Stream|[of] p2b: Tyranitar
|-terastallize|p1b: Tauros|Fairy
|move|p2a: Excadrill|High Horsepower|p1b: Tauros
|-damage|p1b: Tauros|23/100
|move|p1b: Tauros|Raging Bull|p2a: Excadrill
|-supereffective|p2a: Excadrill
|-enditem|p2a: Excadrill|Focus Sash
|-damage|p2a: Excadrill|1/100
|move|p1a: Dragonite|Scale Shot|p2a: Excadrill|[miss]
|-miss|p1a: Dragonite|p2a: Excadrill
|
|-weather|Sandstorm|[upkeep]
|-damage|p1b: Tauros|17/100|[from] Sandstorm
|-damage|p1a: Dragonite|95/100|[from] Sandstorm
|-heal|p2a: Excadrill|7/100|[from] Grassy Terrain
|-heal|p1b: Tauros|23/100|[from] Grassy Terrain
|upkeep
|turn|4
|inactive|Moon7777 has 30 seconds left.
|
|t:|1756270150
|move|p2a: Excadrill|Iron Head|p1a: Dragonite
|-damage|p1a: Dragonite|40/100
|move|p1b: Tauros|Close Combat|p2b: Tyranitar
|-supereffective|p2b: Tyranitar
|-damage|p2b: Tyranitar|0 fnt
|-unboost|p1b: Tauros|def|1
|-unboost|p1b: Tauros|spd|1
|faint|p2b: Tyranitar
|move|p1a: Dragonite|Scale Shot|p2a: Excadrill|[miss]
|-miss|p1a: Dragonite|p2a: Excadrill
|
|-weather|Sandstorm|[upkeep]
|-damage|p1b: Tauros|17/100|[from] Sandstorm
|-damage|p1a: Dragonite|34/100|[from] Sandstorm
|-heal|p2a: Excadrill|13/100|[from] Grassy Terrain
|-heal|p1b: Tauros|23/100|[from] Grassy Terrain
|upkeep
|
|t:|1756270160
|switch|p2b: Sneasler|Sneasler, L50, M|94/100 brn
|turn|5
|
|t:|1756270167
|move|p1a: Dragonite|Protect|p1a: Dragonite
|-singleturn|p1a: Dragonite|Protect
|move|p2a: Excadrill|Iron Head|p1a: Dragonite
|-activate|p1a: Dragonite|move: Protect
|move|p2b: Sneasler|Dire Claw|p1b: Tauros
|-supereffective|p1b: Tauros
|-damage|p1b: Tauros|0 fnt
|faint|p1b: Tauros
|
|-weather|Sandstorm|[upkeep]
|-damage|p2b: Sneasler|88/100 brn|[from] Sandstorm
|-damage|p1a: Dragonite|28/100|[from] Sandstorm
|-heal|p2a: Excadrill|19/100|[from] Grassy Terrain
|-heal|p2b: Sneasler|94/100 brn|[from] Grassy Terrain
|-damage|p2b: Sneasler|88/100 brn|[from] brn
|-fieldend|move: Grassy Terrain
|upkeep
|
|t:|1756270169
|switch|p1b: Farigiraf|Farigiraf, L50, F|100/100
|turn|6
|
|t:|1756270184
|switch|p1a: Rillaboom|Rillaboom, L50, M|44/100 slp
|-fieldstart|move: Grassy Terrain|[from] ability: Grassy Surge|[of] p1a: Rillaboom
|move|p2a: Excadrill|Iron Head|p1a: Rillaboom
|-damage|p1a: Rillaboom|0 fnt
|faint|p1a: Rillaboom
|move|p2b: Sneasler|Dire Claw|p1b: Farigiraf
|-damage|p1b: Farigiraf|82/100
|-status|p1b: Farigiraf|slp
|cant|p1b: Farigiraf|slp
|
|-weather|Sandstorm|[upkeep]
|-damage|p2b: Sneasler|82/100 brn|[from] Sandstorm
|-damage|p1b: Farigiraf|76/100 slp|[from] Sandstorm
|-heal|p2a: Excadrill|25/100|[from] Grassy Terrain
|-heal|p2b: Sneasler|88/100 brn|[from] Grassy Terrain
|-heal|p1b: Farigiraf|82/100 slp|[from] Grassy Terrain
|-damage|p2b: Sneasler|82/100 brn|[from] brn
|upkeep
|
|t:|1756270191
|switch|p1a: Dragonite|Dragonite, L50, M|28/100
|turn|7
|
|t:|1756270212
|-terastallize|p2a: Excadrill|Ground
|move|p1a: Dragonite|Protect|p1a: Dragonite
|-singleturn|p1a: Dragonite|Protect
|move|p2a: Excadrill|High Horsepower|p1b: Farigiraf
|-damage|p1b: Farigiraf|20/100 slp
|-enditem|p1b: Farigiraf|Sitrus Berry|[eat]
|-heal|p1b: Farigiraf|45/100 slp|[from] item: Sitrus Berry
|move|p2b: Sneasler|Dire Claw|p1b: Farigiraf
|-damage|p1b: Farigiraf|27/100 slp
|-curestatus|p1b: Farigiraf|slp|[msg]
|move|p1b: Farigiraf|Trick Room|p1b: Farigiraf
|-fieldstart|move: Trick Room|[of] p1b: Farigiraf
|
|-weather|none
|-heal|p1b: Farigiraf|33/100|[from] Grassy Terrain
|-heal|p2b: Sneasler|88/100 brn|[from] Grassy Terrain
|-heal|p2a: Excadrill|31/100|[from] Grassy Terrain
|-damage|p2b: Sneasler|82/100 brn|[from] brn
|upkeep
|turn|8
|inactive|Moon7777 has 30 seconds left.
|
|t:|1756270240
|move|p1b: Farigiraf|Twin Beam|p2b: Sneasler
|-supereffective|p2b: Sneasler
|-damage|p2b: Sneasler|0 fnt
|faint|p2b: Sneasler
|-hitcount|p2: Sneasler|1
|move|p1a: Dragonite|Scale Shot|p2a: Excadrill|[miss]
|-miss|p1a: Dragonite|p2a: Excadrill
|move|p2a: Excadrill|Iron Head|p1a: Dragonite
|-damage|p1a: Dragonite|0 fnt
|faint|p1a: Dragonite
|
|-heal|p1b: Farigiraf|39/100|[from] Grassy Terrain
|-heal|p2a: Excadrill|37/100|[from] Grassy Terrain
|upkeep
|
|t:|1756270243
|switch|p2b: Indeedee|Indeedee, L50, M|100/100
|-fieldstart|move: Psychic Terrain|[from] ability: Psychic Surge|[of] p2b: Indeedee
|turn|9
|
|t:|1756270259
|move|p1b: Farigiraf|Twin Beam|p2a: Excadrill
|-damage|p2a: Excadrill|5/100
|-damage|p2a: Excadrill|0 fnt
|faint|p2a: Excadrill
|-hitcount|p2: Excadrill|2
|move|p2b: Indeedee|Tera Blast|p1b: Farigiraf
|-damage|p1b: Farigiraf|5/100
|
|upkeep
|turn|10
|
|t:|1756270264
|move|p1b: Farigiraf|Dazzling Gleam|p2b: Indeedee
|-damage|p2b: Indeedee|72/100
|move|p2b: Indeedee|Tera Blast|p1b: Farigiraf
|-damage|p1b: Farigiraf|0 fnt
|faint|p1b: Farigiraf
|
|win|Moon7777
