|j|☆JoanGarcia12
|j|☆poison mouse
|html|JoanGarcia12poison mouse    
|uhtml|bestof|Game 1 of a best-of-3
|t:|1785151889
|gametype|doubles
|player|p1|JoanGarcia12|#smogonxnpa2025draftee|
|player|p2|poison mouse|tate|
|gen|9
|tier|[Gen 9 Champions] VGC 2026 Reg M-B (Bo3)
|rule|Species Clause: Limit one of each Pokémon
|rule|Item Clause: Limit 1 of each item
|clearpoke
|poke|p1|Floette-Eternal, L50, F|
|poke|p1|Sneasler, L50, F|
|poke|p1|Incineroar, L50, F|
|poke|p1|Kingambit, L50, M|
|poke|p1|Dragonite, L50, F|
|poke|p1|Palafin, L50, F|
|poke|p2|Tyranitar, L50, M|
|poke|p2|Excadrill, L50, F|
|poke|p2|Milotic, L50, F|
|poke|p2|Sinistcha, L50|
|poke|p2|Staraptor, L50, M|
|poke|p2|Gholdengo, L50|
|teampreview|4
|showteam|p1|Floette-Eternal||Floettite|FlowerVeil|CalmMind,DrainingKiss,DazzlingGleam,Protect|Bold||F|||50|]Sneasler||FocusSash|PoisonTouch|FakeOut,CloseCombat,DireClaw,Protect|Jolly||F|||50|]Incineroar||SitrusBerry|Intimidate|FakeOut,FlareBlitz,FireSpin,PartingShot|Careful||F|||50|]Kingambit||ChopleBerry|Defiant|KowtowCleave,SuckerPunch,SwordsDance,Protect|Adamant||M|||50|]Dragonite||LumBerry|Multiscale|FirePunch,Protect,ExtremeSpeed,DragonClaw|Adamant||F|||50|]Palafin||Leftovers|ZerotoHero|Protect,BulkUp,JetPunch,WaveCrash|Adamant||F|||50|
|showteam|p2|Tyranitar||Tyranitarite|SandStream|KnockOff,RockSlide,LowKick,Protect|Jolly||M|||50|]Excadrill||FocusSash|SandRush|HighHorsepower,IronHead,RockSlide,Protect|Adamant||F|||50|]Milotic||SitrusBerry|Competitive|Scald,IcyWind,IceBeam,Protect|Calm||F|||50|]Sinistcha||ColburBerry|Hospitality|MatchaGotcha,ShadowBall,Protect,RagePowder|Bold|||||50|]Staraptor||Staraptite|Intimidate|CloseCombat,BraveBird,Tailwind,Protect|Jolly||M|||50|]Gholdengo||LifeOrb|GoodasGold|MakeItRain,ShadowBall,NastyPlot,Protect|Modest|||||50|
|c|☆JoanGarcia12|Suerte
|l|☆JoanGarcia12
|player|p1|
|j| Mestremarkusme
|j|☆JoanGarcia12
|player|p1|JoanGarcia12|#smogonxnpa2025draftee|
|
|t:|1785151996
|teamsize|p1|4
|teamsize|p2|4
|start
|switch|p1a: Floette|Floette-Eternal, L50, F|100/100
|switch|p1b: Palafin|Palafin, L50, F|100/100
|switch|p2a: Excadrill|Excadrill, L50, F|100/100
|switch|p2b: Staraptor|Staraptor, L50, M|100/100
|-ability|p2b: Staraptor|Intimidate|boost
|-unboost|p1a: Floette|atk|1
|-unboost|p1b: Palafin|atk|1
|turn|1
|
|t:|1785152031
|detailschange|p1b: Palafin|Palafin-Hero, L50, F
|switch|p1b: Incineroar|Incineroar, L50, F|100/100
|-ability|p1b: Incineroar|Intimidate|boost
|-unboost|p2a: Excadrill|atk|1
|-unboost|p2b: Staraptor|atk|1
|detailschange|p2b: Staraptor|Staraptor-Mega, L50, M
|-mega|p2b: Staraptor|Staraptor|Staraptite
|detailschange|p1a: Floette|Floette-Mega, L50, F
|-mega|p1a: Floette|Floette|Floettite
|-ability|p1a: Floette|Fairy Aura
|move|p2b: Staraptor|Tailwind|p2b: Staraptor
|-sidestart|p2: poison mouse|move: Tailwind
|move|p2a: Excadrill|Iron Head|p1a: Floette
|-supereffective|p1a: Floette|1
|-damage|p1a: Floette|52/100
|cant|p1a: Floette|flinch
|
|upkeep
|turn|2
|
|t:|1785152056
|move|p1b: Incineroar|Fake Out|p2a: Excadrill
|-resisted|p2a: Excadrill|1
|-damage|p2a: Excadrill|92/100
|move|p2b: Staraptor|Close Combat|p1b: Incineroar
|-supereffective|p1b: Incineroar|1
|-damage|p1b: Incineroar|36/100
|-boost|p2b: Staraptor|def|1
|-boost|p2b: Staraptor|spd|1
|-enditem|p1b: Incineroar|Sitrus Berry|[eat]
|-heal|p1b: Incineroar|61/100|[from] item: Sitrus Berry
|cant|p2a: Excadrill|flinch
|move|p1a: Floette|Dazzling Gleam|p2b: Staraptor|[spread] p2a,p2b
|-resisted|p2a: Excadrill|1
|-supereffective|p2b: Staraptor|1
|-damage|p2a: Excadrill|65/100
|-damage|p2b: Staraptor|48/100
|
|upkeep
|turn|3
|
|t:|1785152073
|move|p1a: Floette|Protect|p1a: Floette
|-singleturn|p1a: Floette|Protect
|move|p2b: Staraptor|Close Combat|p1b: Incineroar
|-supereffective|p1b: Incineroar|1
|-damage|p1b: Incineroar|1/100
|-boost|p2b: Staraptor|def|1
|-boost|p2b: Staraptor|spd|1
|move|p2a: Excadrill|Iron Head|p1a: Floette
|-activate|p1a: Floette|move: Protect
|move|p1b: Incineroar|Parting Shot|p2a: Excadrill
|-unboost|p2a: Excadrill|atk|1
|-unboost|p2a: Excadrill|spa|1
|
|t:|1785152079
|switch|p1b: Palafin|Palafin-Hero, L50, F|100/100|[from] Parting Shot
|-activate|p1b: Palafin|ability: Zero to Hero
|
|upkeep
|turn|4
|
|t:|1785152096
|switch|p2a: Sinistcha|Sinistcha, L50|100/100
|-heal|p2b: Staraptor|73/100|[from] ability: Hospitality|[of] p2a: Sinistcha
|move|p1b: Palafin|Jet Punch|p2a: Sinistcha
|-resisted|p2a: Sinistcha|1
|-damage|p2a: Sinistcha|83/100
|move|p2b: Staraptor|Brave Bird|p1a: Floette
|-damage|p1a: Floette|23/100
|-damage|p2b: Staraptor|64/100|[from] Recoil
|move|p1a: Floette|Dazzling Gleam|p2b: Staraptor|[spread] p2a,p2b
|-supereffective|p2b: Staraptor|1
|-damage|p2a: Sinistcha|40/100
|-damage|p2b: Staraptor|22/100
|
|-sideend|p2: poison mouse|move: Tailwind
|upkeep
|turn|5
|j| Sosad.97
|
|t:|1785152120
|move|p2b: Staraptor|Tailwind|p2b: Staraptor
|-sidestart|p2: poison mouse|move: Tailwind
|move|p2a: Sinistcha|Matcha Gotcha|p1b: Palafin|[spread] p1a,p1b
|-supereffective|p1b: Palafin|1
|-damage|p1a: Floette|6/100
|-heal|p2a: Sinistcha|49/100|[from] drain|[of] p1a: Floette
|-damage|p1b: Palafin|52/100
|-heal|p2a: Sinistcha|77/100|[from] drain|[of] p1b: Palafin
|move|p1a: Floette|Dazzling Gleam|p2b: Staraptor|[spread] p2a,p2b
|-supereffective|p2b: Staraptor|1
|-damage|p2a: Sinistcha|34/100
|-damage|p2b: Staraptor|0 fnt
|faint|p2b: Staraptor
|move|p1b: Palafin|Wave Crash|p2a: Sinistcha
|-resisted|p2a: Sinistcha|1
|-damage|p2a: Sinistcha|3/100
|-damage|p1b: Palafin|43/100|[from] Recoil
|
|-heal|p1b: Palafin|49/100|[from] item: Leftovers
|upkeep
|l| Sosad.97
|
|t:|1785152130
|switch|p2b: Tyranitar|Tyranitar, L50, M|100/100
|-weather|Sandstorm|[from] ability: Sand Stream|[of] p2b: Tyranitar
|turn|6
|
|t:|1785152148
|switch|p1a: Incineroar|Incineroar, L50, F|1/100
|-ability|p1a: Incineroar|Intimidate|boost
|-unboost|p2a: Sinistcha|atk|1
|-unboost|p2b: Tyranitar|atk|1
|move|p1b: Palafin|Jet Punch|p2a: Sinistcha
|-resisted|p2a: Sinistcha|1
|-crit|p2a: Sinistcha
|-damage|p2a: Sinistcha|0 fnt
|faint|p2a: Sinistcha
|move|p2b: Tyranitar|Rock Slide|p1a: Incineroar|[spread] p1a,p1b
|-supereffective|p1a: Incineroar|1
|-damage|p1a: Incineroar|0 fnt
|-damage|p1b: Palafin|33/100
|faint|p1a: Incineroar
|
|-weather|Sandstorm|[upkeep]
|-damage|p1b: Palafin|28/100|[from] Sandstorm
|-heal|p1b: Palafin|33/100|[from] item: Leftovers
|upkeep
|
|t:|1785152163
|switch|p2a: Excadrill|Excadrill, L50, F|65/100
|switch|p1a: Kingambit|Kingambit, L50, M|100/100
|turn|7
|j| Sosad.97
|
|t:|1785152184
|move|p2a: Excadrill|Protect|p2a: Excadrill
|-singleturn|p2a: Excadrill|Protect
|move|p1b: Palafin|Protect|p1b: Palafin
|-singleturn|p1b: Palafin|Protect
|move|p1a: Kingambit|Protect|p1a: Kingambit
|-singleturn|p1a: Kingambit|Protect
|move|p2b: Tyranitar|Knock Off|p1b: Palafin
|-activate|p1b: Palafin|move: Protect
|
|-weather|Sandstorm|[upkeep]
|-damage|p1b: Palafin|28/100|[from] Sandstorm
|-heal|p1b: Palafin|33/100|[from] item: Leftovers
|upkeep
|turn|8
|
|t:|1785152195
|move|p2a: Excadrill|Protect|p2a: Excadrill
|-singleturn|p2a: Excadrill|Protect
|move|p1b: Palafin|Jet Punch|p2a: Excadrill
|-activate|p2a: Excadrill|move: Protect
|move|p2b: Tyranitar|Knock Off|p1b: Palafin
|-damage|p1b: Palafin|6/100
|-enditem|p1b: Palafin|Leftovers|[from] move: Knock Off|[of] p2b: Tyranitar
|move|p1a: Kingambit|Swords Dance|p1a: Kingambit
|-boost|p1a: Kingambit|atk|2
|
|-weather|Sandstorm|[upkeep]
|-damage|p1b: Palafin|1/100|[from] Sandstorm
|-sideend|p2: poison mouse|move: Tailwind
|upkeep
|turn|9
|
|t:|1785152214
|move|p2a: Excadrill|Protect||[still]
|-fail|p2a: Excadrill
|move|p2b: Tyranitar|Protect|p2b: Tyranitar
|-singleturn|p2b: Tyranitar|Protect
|move|p1b: Palafin|Jet Punch|p2a: Excadrill
|-supereffective|p2a: Excadrill|1
|-damage|p2a: Excadrill|0 fnt
|faint|p2a: Excadrill
|move|p1a: Kingambit|Swords Dance|p1a: Kingambit
|-boost|p1a: Kingambit|atk|2
|
|-weather|Sandstorm|[upkeep]
|-damage|p1b: Palafin|0 fnt|[from] Sandstorm
|faint|p1b: Palafin
|upkeep
|
|t:|1785152221
|switch|p1b: Floette|Floette-Mega, L50, F|6/100
|-ability|p1b: Floette|Fairy Aura
|turn|10
|
|t:|1785152227
|move|p1a: Kingambit|Sucker Punch|p2b: Tyranitar
|-resisted|p2b: Tyranitar|1
|-damage|p2b: Tyranitar|46/100
|move|p2b: Tyranitar|Rock Slide|p1a: Kingambit|[spread] p1a
|-miss|p2b: Tyranitar|p1b: Floette
|-resisted|p1a: Kingambit|1
|-damage|p1a: Kingambit|92/100
|move|p1b: Floette|Dazzling Gleam|p2b: Tyranitar
|-supereffective|p2b: Tyranitar|1
|-damage|p2b: Tyranitar|0 fnt
|faint|p2b: Tyranitar
|
|win|JoanGarcia12
||poison mouse is ready for game 2.
|inactive|JoanGarcia12 has 30 seconds to confirm battle start!
||JoanGarcia12 is ready for game 2.
|uhtml|next|Next: Game 2 of 3
|l| Mestremarkusme
|l| Sosad.97
|j| SQDGiorgi
