|j|☆KodeBeast0526
|j|☆quatrokilla
|html|KodeBeast0526quatrokilla    
|uhtml|bestof|Game 3 of a best-of-3
|t:|1783438855
|gametype|doubles
|player|p1|KodeBeast0526|hiker|1153
|player|p2|quatrokilla|170|1154
|gen|9
|tier|[Gen 9 Champions] VGC 2026 Reg M-B (Bo3)
|rated|
|rule|Species Clause: Limit one of each Pokémon
|rule|Item Clause: Limit 1 of each item
|clearpoke
|poke|p1|Gengar, L50, M|
|poke|p1|Swampert, L50, F|
|poke|p1|Incineroar, L50, M|
|poke|p1|Politoed, L50, M|
|poke|p1|Archaludon, L50, F|
|poke|p1|Vivillon-Ocean, L50, M|
|poke|p2|Glimmora, L50, M|
|poke|p2|Toxapex, L50, F|
|poke|p2|Venusaur, L50, M|
|poke|p2|Rotom-Wash, L50|
|poke|p2|Sinistcha, L50|
|poke|p2|Incineroar, L50, M|
|teampreview|4
|showteam|p1|Gengar||Gengarite|CursedBody|ShadowBall,PerishSong,SludgeBomb,Protect|Timid||M|||50|]Swampert||Swampertite|Torrent|WaveCrash,Earthquake,IcePunch,Protect|Adamant||F|||50|]Incineroar||PasshoBerry|Intimidate|ThroatChop,PartingShot,FakeOut,Protect|Sassy||M|||50|]Politoed||SitrusBerry|Drizzle|WeatherBall,PerishSong,Encore,Protect|Calm||M|||50|]Archaludon||Leftovers|Stamina|DragonPulse,FlashCannon,ElectroShot,Protect|Bold||F|||50|]Vivillon-Ocean||FocusSash|CompoundEyes|Hurricane,SleepPowder,RagePowder,Protect|Timid||M|||50|
|showteam|p2|Glimmora||FocusSash|ToxicDebris|SpikyShield,MortalSpin,Venoshock,EarthPower|Timid||M|||50|]Toxapex||SitrusBerry|Regenerator|Toxic,Infestation,WideGuard,BanefulBunker|Bold||F|||50|]Venusaur||Venusaurite|Chlorophyll|Protect,SludgeBomb,LeechSeed,GigaDrain|Bold||M|||50|]Rotom-Wash||ChoiceScarf|Levitate|Electroweb,Trick,VoltSwitch,HydroPump|Timid|||||50|]Sinistcha||Leftovers|Hospitality|Hex,TrickRoom,MatchaGotcha,RagePowder|Sassy|||||50|]Incineroar||ChopleBerry|Intimidate|FakeOut,PartingShot,DarkestLariat,WillOWisp|Careful||M|||50|
|
|t:|1783438882
|teamsize|p1|4
|teamsize|p2|4
|start
|switch|p1a: Archaludon|Archaludon, L50, F|100/100
|switch|p1b: Politoed|Politoed, L50, M|100/100
|switch|p2a: Glimmora|Glimmora, L50, M|100/100
|switch|p2b: Incineroar|Incineroar, L50, M|100/100
|-weather|RainDance|[from] ability: Drizzle|[of] p1b: Politoed
|-ability|p2b: Incineroar|Intimidate|boost
|-unboost|p1a: Archaludon|atk|1
|-unboost|p1b: Politoed|atk|1
|turn|1
|
|t:|1783438897
|move|p2b: Incineroar|Fake Out|p1b: Politoed
|-damage|p1b: Politoed|90/100
|move|p2a: Glimmora|Earth Power|p1a: Archaludon
|-supereffective|p1a: Archaludon|1
|-damage|p1a: Archaludon|37/100
|-ability|p1a: Archaludon|Stamina|boost
|-boost|p1a: Archaludon|def|1
|move|p1a: Archaludon|Electro Shot||[still]
|-prepare|p1a: Archaludon|Electro Shot
|-boost|p1a: Archaludon|spa|1
|-anim|p1a: Archaludon|Electro Shot|p2a: Glimmora
|-damage|p2a: Glimmora|23/100
|cant|p1b: Politoed|flinch
|
|-weather|RainDance|[upkeep]
|-heal|p1a: Archaludon|43/100|[from] item: Leftovers
|upkeep
|turn|2
|
|t:|1783438941
|switch|p2b: Rotom|Rotom-Wash, L50|100/100
|move|p1a: Archaludon|Protect|p1a: Archaludon
|-singleturn|p1a: Archaludon|Protect
|move|p2a: Glimmora|Earth Power|p1a: Archaludon
|-activate|p1a: Archaludon|move: Protect
|move|p1b: Politoed|Weather Ball|p2a: Glimmora
|-supereffective|p2a: Glimmora|1
|-damage|p2a: Glimmora|0 fnt
|faint|p2a: Glimmora
|
|-weather|RainDance|[upkeep]
|-heal|p1a: Archaludon|49/100|[from] item: Leftovers
|upkeep
|
|t:|1783438949
|switch|p2a: Incineroar|Incineroar, L50, M|100/100
|-ability|p2a: Incineroar|Intimidate|boost
|-unboost|p1a: Archaludon|atk|1
|-unboost|p1b: Politoed|atk|1
|turn|3
|
|t:|1783438968
|switch|p1b: Incineroar|Incineroar, L50, M|100/100
|-ability|p1b: Incineroar|Intimidate|boost
|-unboost|p2a: Incineroar|atk|1
|-unboost|p2b: Rotom|atk|1
|move|p2a: Incineroar|Fake Out|p1b: Incineroar
|-damage|p1b: Incineroar|93/100
|move|p2b: Rotom|Electroweb|p1b: Incineroar|[spread] p1a,p1b
|-resisted|p1a: Archaludon|1
|-damage|p1a: Archaludon|39/100
|-damage|p1b: Incineroar|79/100
|-unboost|p1a: Archaludon|spe|1
|-unboost|p1b: Incineroar|spe|1
|-ability|p1a: Archaludon|Stamina|boost
|-boost|p1a: Archaludon|def|1
|move|p1a: Archaludon|Electro Shot||[still]
|-prepare|p1a: Archaludon|Electro Shot
|-boost|p1a: Archaludon|spa|1
|-anim|p1a: Archaludon|Electro Shot|p2b: Rotom
|-damage|p2b: Rotom|7/100
|
|-weather|RainDance|[upkeep]
|-heal|p1a: Archaludon|45/100|[from] item: Leftovers
|upkeep
|turn|4
|
|t:|1783438982
|move|p2b: Rotom|Electroweb|p1b: Incineroar|[spread] p1a,p1b
|-resisted|p1a: Archaludon|1
|-damage|p1a: Archaludon|35/100
|-damage|p1b: Incineroar|65/100
|-unboost|p1a: Archaludon|spe|1
|-unboost|p1b: Incineroar|spe|1
|-ability|p1a: Archaludon|Stamina|boost
|-boost|p1a: Archaludon|def|1
|move|p2a: Incineroar|Will-O-Wisp|p1a: Archaludon
|-status|p1a: Archaludon|brn
|move|p1a: Archaludon|Electro Shot||[still]
|-prepare|p1a: Archaludon|Electro Shot
|-boost|p1a: Archaludon|spa|1
|-anim|p1a: Archaludon|Electro Shot|p2b: Rotom
|-damage|p2b: Rotom|0 fnt
|faint|p2b: Rotom
|move|p1b: Incineroar|Throat Chop|p2a: Incineroar
|-resisted|p2a: Incineroar|1
|-damage|p2a: Incineroar|85/100
|-start|p2a: Incineroar|Throat Chop|[silent]
|
|-weather|RainDance|[upkeep]
|-heal|p1a: Archaludon|41/100 brn|[from] item: Leftovers
|-damage|p1a: Archaludon|35/100 brn|[from] brn
|upkeep
|
|t:|1783438992
|switch|p2b: Venusaur|Venusaur, L50, M|100/100
|turn|5
|
|t:|1783439003
|detailschange|p2b: Venusaur|Venusaur-Mega, L50, M
|-mega|p2b: Venusaur|Venusaur|Venusaurite
|move|p2b: Venusaur|Leech Seed|p1a: Archaludon
|-start|p1a: Archaludon|move: Leech Seed
|move|p2a: Incineroar|Darkest Lariat|p1a: Archaludon
|-damage|p1a: Archaludon|21/100 brn
|-ability|p1a: Archaludon|Stamina|boost
|-boost|p1a: Archaludon|def|1
|move|p1a: Archaludon|Electro Shot||[still]
|-prepare|p1a: Archaludon|Electro Shot
|-boost|p1a: Archaludon|spa|1
|-anim|p1a: Archaludon|Electro Shot|p2a: Incineroar
|-damage|p2a: Incineroar|14/100
|move|p1b: Incineroar|Parting Shot|p2b: Venusaur
|-unboost|p2b: Venusaur|atk|1
|-unboost|p2b: Venusaur|spa|1
|
|t:|1783439012
|switch|p1b: Politoed|Politoed, L50, M|90/100|[from] Parting Shot
|
|-weather|none
|-heal|p1a: Archaludon|27/100 brn|[from] item: Leftovers
|-damage|p1a: Archaludon|15/100 brn|[from] Leech Seed|[of] p2b: Venusaur
|-damage|p1a: Archaludon|9/100 brn|[from] brn
|-end|p2a: Incineroar|Throat Chop|[silent]
|upkeep
|turn|6
|
|t:|1783439025
|move|p2b: Venusaur|Protect|p2b: Venusaur
|-singleturn|p2b: Venusaur|Protect
|move|p1a: Archaludon|Protect|p1a: Archaludon
|-singleturn|p1a: Archaludon|Protect
|move|p1b: Politoed|Perish Song|p1b: Politoed
|-start|p1a: Archaludon|perish3|[silent]
|-start|p1b: Politoed|perish3|[silent]
|-start|p2a: Incineroar|perish3|[silent]
|-start|p2b: Venusaur|perish3|[silent]
|-fieldactivate|move: Perish Song
|move|p2a: Incineroar|Darkest Lariat|p1b: Politoed
|-damage|p1b: Politoed|70/100
|
|-heal|p1a: Archaludon|15/100 brn|[from] item: Leftovers
|-damage|p1a: Archaludon|3/100 brn|[from] Leech Seed|[of] p2b: Venusaur
|-damage|p1a: Archaludon|0 fnt|[from] brn
|faint|p1a: Archaludon
|-start|p2b: Venusaur|perish3
|-start|p1b: Politoed|perish3
|-start|p2a: Incineroar|perish3
|upkeep
|
|t:|1783439037
|switch|p1a: Incineroar|Incineroar, L50, M|65/100
|-ability|p1a: Incineroar|Intimidate|boost
|-unboost|p2a: Incineroar|atk|1
|-unboost|p2b: Venusaur|atk|1
|turn|7
|
|t:|1783439048
|switch|p1b: Gengar|Gengar, L50, M|100/100
|move|p1a: Incineroar|Fake Out|p2b: Venusaur
|-damage|p2b: Venusaur|92/100
|cant|p2b: Venusaur|flinch
|move|p2a: Incineroar|Darkest Lariat|p1b: Gengar
|-supereffective|p1b: Gengar|1
|-damage|p1b: Gengar|55/100
|-start|p2a: Incineroar|Disable|Darkest Lariat|[from] ability: Cursed Body|[of] p1b: Gengar
|
|-start|p2b: Venusaur|perish2
|-start|p2a: Incineroar|perish2
|upkeep
|turn|8
|
|t:|1783439061
|detailschange|p1b: Gengar|Gengar-Mega, L50, M
|-mega|p1b: Gengar|Gengar|Gengarite
|move|p1b: Gengar|Protect|p1b: Gengar
|-singleturn|p1b: Gengar|Protect
|move|p1a: Incineroar|Protect|p1a: Incineroar
|-singleturn|p1a: Incineroar|Protect
|move|p2b: Venusaur|Sludge Bomb|p1a: Incineroar
|-activate|p1a: Incineroar|move: Protect
|move|p2a: Incineroar|Will-O-Wisp|p1b: Gengar
|-activate|p1b: Gengar|move: Protect
|
|-start|p2b: Venusaur|perish1
|-start|p2a: Incineroar|perish1
|upkeep
|turn|9
|inactive|Battle timer is ON: inactive players will automatically lose when time's up. (requested by KodeBeast0526)
|
|t:|1783439077
|switch|p1b: Politoed|Politoed, L50, M|70/100
|-weather|RainDance|[from] ability: Drizzle|[of] p1b: Politoed
|move|p2b: Venusaur|Sludge Bomb|p1a: Incineroar
|-damage|p1a: Incineroar|48/100
|move|p2a: Incineroar|Will-O-Wisp|p1b: Politoed
|-status|p1b: Politoed|brn
|move|p1a: Incineroar|Throat Chop|p2b: Venusaur
|-damage|p2b: Venusaur|71/100
|-start|p2b: Venusaur|Throat Chop|[silent]
|
|-weather|RainDance|[upkeep]
|-damage|p1b: Politoed|64/100 brn|[from] brn
|-start|p2b: Venusaur|perish0
|-start|p2a: Incineroar|perish0
|upkeep
|faint|p2b: Venusaur
|faint|p2a: Incineroar
|
|win|KodeBeast0526
|raw|KodeBeast0526's rating: 1153 → 1178(+25 for winning)
|raw|quatrokilla's rating: 1154 → 1129(-25 for losing)
|l|☆quatrokilla
|player|p2|
