|j|☆We_Are_Toasted
|j|☆aschi
|html|We_Are_Toastedaschi    
|uhtml|bestof|Game 1 of a best-of-3
|t:|1756688560
|gametype|doubles
|player|p1|We_Are_Toasted|larry|1141
|player|p2|aschi|170|1119
|gen|9
|tier|[Gen 9] VGC 2025 Reg H (Bo3)
|rated|
|rule|Species Clause: Limit one of each Pokémon
|rule|Item Clause: Limit 1 of each item
|clearpoke
|poke|p1|Porygon2, L50|
|poke|p1|Hydreigon, L50, M|
|poke|p1|Incineroar, L50, F|
|poke|p1|Ursaluna, L50, M|
|poke|p1|Amoonguss, L50, M|
|poke|p1|Gholdengo, L50|
|poke|p2|Volcarona, L50, M|
|poke|p2|Kingambit, L50, F|
|poke|p2|Dragonite, L50, M|
|poke|p2|Sneasler, L50, M|
|poke|p2|Rillaboom, L50, F|
|poke|p2|Electabuzz, L50, F|
|teampreview|4
|showteam|p1|Porygon2||Eviolite|Download|TeraBlast,IceBeam,TrickRoom,Recover||||||50|,,,,,Fighting]Hydreigon||SafetyGoggles|Levitate|Snarl,DracoMeteor,Tailwind,Protect|||M|||50|,,,,,Ghost]Incineroar||SitrusBerry|Intimidate|FlareBlitz,KnockOff,PartingShot,FakeOut|||F|||50|,,,,,Grass]Ursaluna||FlameOrb|Guts|Facade,HeadlongRush,Earthquake,Protect|||M|||50|,,,,,Ghost]Amoonguss||CovertCloak|Regenerator|PollenPuff,Spore,RagePowder,Protect|||M|||50|,,,,,Fire]Gholdengo||MetalCoat|GoodasGold|MakeItRain,ShadowBall,NastyPlot,Protect||||||50|,,,,,Flying
|showteam|p2|Volcarona||Leftovers|FlameBody|HeatWave,TeraBlast,QuiverDance,Protect|||M|||50|,,,,,Fairy]Kingambit||BlackGlasses|Defiant|KowtowCleave,SuckerPunch,SwordsDance,Protect|||F|||50|,,,,,Dark]Dragonite||LoadedDice|Multiscale|ScaleShot,ExtremeSpeed,Haze,Protect|||M|||50|,,,,,Steel]Sneasler||FocusSash|Unburden|CloseCombat,DireClaw,FakeOut,Coaching|||M|||50|,,,,,Stellar]Rillaboom||AssaultVest|GrassySurge|WoodHammer,GrassyGlide,HighHorsepower,FakeOut|||F|||50|,,,,,Fire]Electabuzz||Eviolite|VitalSpirit|Thunderbolt,Taunt,FollowMe,Protect|||F|||50|,,,,,Ghost
|inactive|Battle timer is ON: inactive players will automatically lose when time's up. (requested by We_Are_Toasted)
|inactive|We_Are_Toasted has 60 seconds left.
|inactive|aschi has 60 seconds left.
|inactive|We_Are_Toasted has 30 seconds left.
|inactive|We_Are_Toasted has 20 seconds left.
|inactive|We_Are_Toasted has 15 seconds left.
|inactive|We_Are_Toasted has 10 seconds left.
|inactive|We_Are_Toasted has 5 seconds left.
|
|t:|1756688652
|teamsize|p1|4
|teamsize|p2|4
|start
|switch|p1a: Porygon2|Porygon2, L50, shiny|100/100
|switch|p1b: Incineroar|Incineroar, L50, F|100/100
|switch|p2a: Rillaboom|Rillaboom, L50, F|100/100
|switch|p2b: Volcarona|Volcarona, L50, M|100/100
|-fieldstart|move: Grassy Terrain|[from] ability: Grassy Surge|[of] p2a: Rillaboom
|-ability|p1b: Incineroar|Intimidate|boost
|-unboost|p2a: Rillaboom|atk|1
|-unboost|p2b: Volcarona|atk|1
|-ability|p1a: Porygon2|Download|boost
|-boost|p1a: Porygon2|atk|1
|turn|1
|inactive|We_Are_Toasted has 30 seconds left.
|inactive|aschi has 30 seconds left.
|inactive|We_Are_Toasted has 20 seconds left.
|inactive|We_Are_Toasted has 15 seconds left.
|inactive|We_Are_Toasted has 10 seconds left.
|inactive|We_Are_Toasted has 5 seconds left.
|
|t:|1756688702
|switch|p2a: Electabuzz|Electabuzz, L50, F|100/100
|switch|p1a: Amoonguss|Amoonguss, L50, M, shiny|100/100
|move|p1b: Incineroar|Fake Out|p2b: Volcarona
|-damage|p2b: Volcarona|87/100
|cant|p2b: Volcarona|flinch
|
|-heal|p2b: Volcarona|93/100|[from] Grassy Terrain
|-heal|p2b: Volcarona|99/100|[from] item: Leftovers
|upkeep
|turn|2
|inactive|We_Are_Toasted has 30 seconds left.
|inactive|We_Are_Toasted has 20 seconds left.
|
|t:|1756688741
|switch|p1a: Ursaluna|Ursaluna, L50, M|100/100
|move|p2a: Electabuzz|Follow Me|p2a: Electabuzz
|-singleturn|p2a: Electabuzz|move: Follow Me
|move|p2b: Volcarona|Quiver Dance|p2b: Volcarona
|-boost|p2b: Volcarona|spa|1
|-boost|p2b: Volcarona|spd|1
|-boost|p2b: Volcarona|spe|1
|move|p1b: Incineroar|Parting Shot|p2a: Electabuzz
|-unboost|p2a: Electabuzz|atk|1
|-unboost|p2a: Electabuzz|spa|1
|
|t:|1756688759
|switch|p1b: Porygon2|Porygon2, L50, shiny|100/100|[from] Parting Shot
|-ability|p1b: Porygon2|Download|boost
|-boost|p1b: Porygon2|atk|1
|
|-heal|p2b: Volcarona|100/100|[from] Grassy Terrain
|-status|p1a: Ursaluna|brn|[from] item: Flame Orb
|upkeep
|turn|3
|inactive|We_Are_Toasted has 30 seconds left.
|
|t:|1756688791
|switch|p1b: Incineroar|Incineroar, L50, F|100/100
|-ability|p1b: Incineroar|Intimidate|boost
|-unboost|p2a: Electabuzz|atk|1
|-unboost|p2b: Volcarona|atk|1
|-terastallize|p2a: Electabuzz|Ghost
|move|p2b: Volcarona|Protect|p2b: Volcarona
|-singleturn|p2b: Volcarona|Protect
|move|p2a: Electabuzz|Taunt|p1b: Incineroar
|-start|p1b: Incineroar|move: Taunt
|move|p1a: Ursaluna|Headlong Rush|p2a: Electabuzz
|-damage|p2a: Electabuzz|23/100
|-unboost|p1a: Ursaluna|def|1
|-unboost|p1a: Ursaluna|spd|1
|
|-heal|p2a: Electabuzz|29/100|[from] Grassy Terrain
|-damage|p1a: Ursaluna|95/100 brn|[from] brn
|upkeep
|turn|4
|inactive|We_Are_Toasted has 30 seconds left.
|inactive|aschi has 30 seconds left.
|inactive|We_Are_Toasted has 20 seconds left.
|inactive|aschi has 20 seconds left.
|inactive|We_Are_Toasted has 15 seconds left.
|inactive|aschi has 15 seconds left.
|inactive|We_Are_Toasted has 10 seconds left.
|inactive|aschi has 10 seconds left.
|inactive|We_Are_Toasted has 5 seconds left.
|
|t:|1756688845
|move|p1b: Incineroar|Fake Out|p2b: Volcarona
|-damage|p2b: Volcarona|86/100
|move|p2a: Electabuzz|Follow Me|p2a: Electabuzz
|-singleturn|p2a: Electabuzz|move: Follow Me
|cant|p2b: Volcarona|flinch
|move|p1a: Ursaluna|Headlong Rush|p2a: Electabuzz
|-damage|p2a: Electabuzz|0 fnt
|-unboost|p1a: Ursaluna|def|1
|-unboost|p1a: Ursaluna|spd|1
|faint|p2a: Electabuzz
|
|-heal|p2b: Volcarona|92/100|[from] Grassy Terrain
|-heal|p2b: Volcarona|98/100|[from] item: Leftovers
|-heal|p1a: Ursaluna|100/100 brn|[from] Grassy Terrain
|-damage|p1a: Ursaluna|95/100 brn|[from] brn
|upkeep
|
|t:|1756688851
|switch|p2a: Rillaboom|Rillaboom, L50, F|100/100
|turn|5
|inactive|We_Are_Toasted has 30 seconds left.
|inactive|aschi has 30 seconds left.
|inactive|We_Are_Toasted has 20 seconds left.
|
|t:|1756688889
|switch|p1a: Porygon2|Porygon2, L50, shiny|100/100
|-ability|p1a: Porygon2|Download|boost
|-boost|p1a: Porygon2|atk|1
|move|p2b: Volcarona|Heat Wave|p1a: Porygon2|[spread] p1a,p1b
|-resisted|p1b: Incineroar
|-damage|p1a: Porygon2|68/100
|-damage|p1b: Incineroar|75/100
|move|p2a: Rillaboom|Wood Hammer|p1b: Incineroar
|-resisted|p1b: Incineroar
|-damage|p1b: Incineroar|35/100
|-enditem|p1b: Incineroar|Sitrus Berry|[eat]
|-heal|p1b: Incineroar|60/100|[from] item: Sitrus Berry
|-damage|p2a: Rillaboom|87/100|[from] Recoil
|move|p1b: Incineroar|Flare Blitz|p2a: Rillaboom
|-supereffective|p2a: Rillaboom
|-damage|p2a: Rillaboom|0 fnt
|faint|p2a: Rillaboom
|-damage|p1b: Incineroar|32/100|[from] Recoil
|
|-heal|p2b: Volcarona|100/100|[from] Grassy Terrain
|-heal|p1b: Incineroar|38/100|[from] Grassy Terrain
|-heal|p1a: Porygon2|74/100|[from] Grassy Terrain
|-end|p1b: Incineroar|move: Taunt
|-fieldend|move: Grassy Terrain
|upkeep
|
|t:|1756688902
|switch|p2a: Kingambit|Kingambit, L50, F|100/100
|turn|6
|inactive|We_Are_Toasted has 30 seconds left.
|inactive|We_Are_Toasted has 20 seconds left.
|
|t:|1756688939
|-terastallize|p1a: Porygon2|Fighting
|move|p2a: Kingambit|Protect|p2a: Kingambit
|-singleturn|p2a: Kingambit|Protect
|move|p2b: Volcarona|Heat Wave|p1a: Porygon2|[spread] p1a,p1b
|-resisted|p1b: Incineroar
|-damage|p1a: Porygon2|39/100
|-damage|p1b: Incineroar|12/100
|-status|p1a: Porygon2|brn
|move|p1b: Incineroar|Knock Off|p2b: Volcarona
|-damage|p2b: Volcarona|49/100
|-enditem|p2b: Volcarona|Leftovers|[from] move: Knock Off|[of] p1b: Incineroar
|move|p1a: Porygon2|Tera Blast|p2a: Kingambit|[anim] Tera Blast Fighting
|-activate|p2a: Kingambit|move: Protect
|
|-damage|p1a: Porygon2|33/100 brn|[from] brn
|upkeep
|turn|7
|inactive|We_Are_Toasted has 30 seconds left.
|inactive|aschi has 30 seconds left.
|
|t:|1756688975
|move|p2b: Volcarona|Heat Wave|p1b: Incineroar|[spread] p1a,p1b
|-resisted|p1b: Incineroar
|-damage|p1a: Porygon2|0 fnt
|-damage|p1b: Incineroar|0 fnt
|faint|p1a: Porygon2
|faint|p1b: Incineroar
|move|p2a: Kingambit|Swords Dance|p2a: Kingambit
|-boost|p2a: Kingambit|atk|2
|
|upkeep
|
|t:|1756688981
|switch|p1b: Ursaluna|Ursaluna, L50, M|95/100 brn
|switch|p1a: Amoonguss|Amoonguss, L50, M, shiny|100/100
|turn|8
|inactive|We_Are_Toasted has 30 seconds left.
|inactive|aschi has 30 seconds left.
|inactive|We_Are_Toasted has 20 seconds left.
|inactive|We_Are_Toasted has 15 seconds left.
|inactive|We_Are_Toasted has 10 seconds left.
|inactive|We_Are_Toasted has 5 seconds left.
|
|t:|1756689032
|move|p2a: Kingambit|Protect|p2a: Kingambit
|-singleturn|p2a: Kingambit|Protect
|move|p1a: Amoonguss|Rage Powder|p1a: Amoonguss
|-singleturn|p1a: Amoonguss|move: Rage Powder
|move|p2b: Volcarona|Heat Wave|p1b: Ursaluna|[spread] p1a,p1b
|-supereffective|p1a: Amoonguss
|-crit|p1a: Amoonguss
|-damage|p1a: Amoonguss|0 fnt
|-damage|p1b: Ursaluna|40/100 brn
|faint|p1a: Amoonguss
|move|p1b: Ursaluna|Facade|p2b: Volcarona
|-damage|p2b: Volcarona|0 fnt
|faint|p2b: Volcarona
|
|-damage|p1b: Ursaluna|35/100 brn|[from] brn
|upkeep
|turn|9
|
|t:|1756689045
|move|p1b: Ursaluna|Protect|p1b: Ursaluna
|-singleturn|p1b: Ursaluna|Protect
|move|p2a: Kingambit|Sucker Punch||[still]
|-fail|p2a: Kingambit
|
|-damage|p1b: Ursaluna|29/100 brn|[from] brn
|upkeep
|turn|10
|
|t:|1756689050
|move|p1b: Ursaluna|Protect||[still]
|-fail|p1b: Ursaluna
|move|p2a: Kingambit|Sucker Punch||[still]
|-fail|p2a: Kingambit
|
|-damage|p1b: Ursaluna|23/100 brn|[from] brn
|upkeep
|turn|11
|
|t:|1756689070
|move|p1b: Ursaluna|Protect|p1b: Ursaluna
|-singleturn|p1b: Ursaluna|Protect
|move|p2a: Kingambit|Sucker Punch||[still]
|-fail|p2a: Kingambit
|
|-damage|p1b: Ursaluna|17/100 brn|[from] brn
|upkeep
|turn|12
|
|t:|1756689076
|move|p2a: Kingambit|Sucker Punch|p1b: Ursaluna
|-damage|p1b: Ursaluna|0 fnt
|faint|p1b: Ursaluna
|
|win|aschi
||We_Are_Toasted is ready for game 2.
||aschi is ready for game 2.
|uhtml|next|Next: Game 2 of 3
|l|☆We_Are_Toasted
|player|p1|
