|j|☆vilan333
|j|☆Hokore
|html|vilan333Hokore    
|uhtml|bestof|Game 2 of a best-of-3
|t:|1756247522
|gametype|doubles
|player|p1|vilan333|marshal|1059
|player|p2|Hokore|veteran|1059
|gen|9
|tier|[Gen 9] VGC 2025 Reg H (Bo3)
|rated|
|rule|Species Clause: Limit one of each Pokémon
|rule|Item Clause: Limit 1 of each item
|clearpoke
|poke|p1|Sneasler, L50, M|
|poke|p1|Indeedee, L50, M|
|poke|p1|Ursaluna-Bloodmoon, L50, M|
|poke|p1|Electabuzz, L50, M|
|poke|p1|Talonflame, L50, M|
|poke|p1|Incineroar, L50, F|
|poke|p2|Pelipper, L50, M|
|poke|p2|Mimikyu, L50, M|
|poke|p2|Overqwil, L50, M|
|poke|p2|Gholdengo, L50|
|poke|p2|Archaludon, L50, F|
|poke|p2|Incineroar, L50, M|
|teampreview|4
|showteam|p1|Sneasler||PsychicSeed|Unburden|Protect,CloseCombat,DireClaw,ThroatChop|||M|||50|,,,,,Dark]Indeedee||FocusSash|PsychicSurge|Imprison,TrickRoom,ExpandingForce,TeraBlast|||M|||50|,,,,,Fighting]Ursaluna-Bloodmoon||LifeOrb|MindsEye|Protect,HyperVoice,BloodMoon,EarthPower|||M|||50|,,,,,Normal]Electabuzz||Eviolite|VitalSpirit|Electroweb,Protect,Taunt,FollowMe|||M|||50|,,,,,Ghost]Talonflame||CovertCloak|GaleWings|Tailwind,Taunt,DualWingbeat,FlareBlitz|||M|||50|,,,,,Fairy]Incineroar||SitrusBerry|Intimidate|FakeOut,KnockOff,PartingShot,FlareBlitz|||F|||50|,,,,,Water
|showteam|p2|Pelipper||FocusSash|Drizzle|Hurricane,Tailwind,WeatherBall,Protect|||M|||50|,,,,,Ghost]Mimikyu||MentalHerb|Disguise|PlayRough,ShadowSneak,SwordsDance,TrickRoom|||M|||50|,,,,,Stellar]Overqwil||LifeOrb|SwiftSwim|PoisonJab,Liquidation,Crunch,Protect|||M|||50|,,,,,Poison]Gholdengo||ChoiceSpecs|GoodasGold|MakeItRain,DazzlingGleam,PowerGem,ShadowBall||||||50|,,,,,Water]Archaludon||AssaultVest|Stamina|BodyPress,DracoMeteor,ElectroShot,Snarl|||F|||50|,,,,,Bug]Incineroar||SafetyGoggles|Intimidate|FakeOut,FlareBlitz,KnockOff,WillOWisp|||M|||50|,,,,,Water
|
|t:|1756247564
|teamsize|p1|4
|teamsize|p2|4
|start
|switch|p1a: Indeedee|Indeedee, L50, M|100/100
|switch|p1b: Sneasler|Sneasler, L50, M|100/100
|switch|p2a: Pelipper|Pelipper, L50, M|100/100
|switch|p2b: Mimikyu|Mimikyu, L50, M|100/100
|-fieldstart|move: Psychic Terrain|[from] ability: Psychic Surge|[of] p1a: Indeedee
|-enditem|p1b: Sneasler|Psychic Seed
|-boost|p1b: Sneasler|spd|1|[from] item: Psychic Seed
|-weather|RainDance|[from] ability: Drizzle|[of] p2a: Pelipper
|turn|1
|
|t:|1756247610
|-terastallize|p2a: Pelipper|Ghost
|move|p1b: Sneasler|Dire Claw|p2a: Pelipper
|-resisted|p2a: Pelipper
|-damage|p2a: Pelipper|74/100
|-status|p2a: Pelipper|par
|move|p2b: Mimikyu|Swords Dance|p2b: Mimikyu
|-boost|p2b: Mimikyu|atk|2
|move|p1a: Indeedee|Imprison|p1a: Indeedee
|-start|p1a: Indeedee|move: Imprison
|cant|p2a: Pelipper|par
|
|-weather|RainDance|[upkeep]
|upkeep
|turn|2
|
|t:|1756247672
|move|p1b: Sneasler|Protect|p1b: Sneasler
|-singleturn|p1b: Sneasler|Protect
|move|p2b: Mimikyu|Swords Dance|p2b: Mimikyu
|-boost|p2b: Mimikyu|atk|2
|move|p1a: Indeedee|Expanding Force|p2b: Mimikyu|[spread] p2a,p2b
|-damage|p2a: Pelipper|0 fnt
|-activate|p2b: Mimikyu|ability: Disguise
|-damage|p2b: Mimikyu|100/100
|detailschange|p2b: Mimikyu|Mimikyu-Busted, L50, M
|-damage|p2b: Mimikyu|88/100|[from] pokemon: Mimikyu-Busted
|faint|p2a: Pelipper
|
|-weather|RainDance|[upkeep]
|upkeep
|
|t:|1756247688
|switch|p2a: Overqwil|Overqwil, L50, M|100/100
|turn|3
|
|t:|1756247719
|move|p1b: Sneasler|Dire Claw|p2a: Overqwil
|-resisted|p2a: Overqwil
|-damage|p2a: Overqwil|76/100
|-status|p2a: Overqwil|slp
|cant|p2a: Overqwil|slp
|move|p2b: Mimikyu|Play Rough|p1b: Sneasler
|-damage|p1b: Sneasler|0 fnt
|faint|p1b: Sneasler
|move|p1a: Indeedee|Expanding Force|p2b: Mimikyu|[spread] p2b
|-immune|p2a: Overqwil
|-damage|p2b: Mimikyu|13/100
|
|-weather|RainDance|[upkeep]
|upkeep
|
|t:|1756247735
|switch|p1b: Ursaluna|Ursaluna-Bloodmoon, L50, M|100/100
|turn|4
|
|t:|1756247756
|move|p1b: Ursaluna|Protect|p1b: Ursaluna
|-singleturn|p1b: Ursaluna|Protect
|-curestatus|p2a: Overqwil|slp|[msg]
|move|p2a: Overqwil|Crunch|p1a: Indeedee
|-supereffective|p1a: Indeedee
|-enditem|p1a: Indeedee|Focus Sash
|-damage|p1a: Indeedee|1/100
|-unboost|p1a: Indeedee|def|1
|-damage|p2a: Overqwil|66/100|[from] item: Life Orb
|move|p2b: Mimikyu|Play Rough|p1b: Ursaluna
|-activate|p1b: Ursaluna|move: Protect
|move|p1a: Indeedee|Expanding Force|p2b: Mimikyu|[spread] p2b
|-immune|p2a: Overqwil
|-damage|p2b: Mimikyu|0 fnt
|faint|p2b: Mimikyu
|
|-weather|RainDance|[upkeep]
|upkeep
|
|t:|1756247776
|switch|p2b: Archaludon|Archaludon, L50, F|100/100
|turn|5
|
|t:|1756247791
|switch|p1b: Electabuzz|Electabuzz, L50, M, shiny|100/100
|move|p2a: Overqwil|Crunch|p1a: Indeedee
|-supereffective|p1a: Indeedee
|-damage|p1a: Indeedee|0 fnt
|faint|p1a: Indeedee
|-damage|p2a: Overqwil|56/100|[from] item: Life Orb
|move|p2b: Archaludon|Electro Shot||[still]
|-prepare|p2b: Archaludon|Electro Shot
|-boost|p2b: Archaludon|spa|1
|-anim|p2b: Archaludon|Electro Shot|p1b: Electabuzz
|-resisted|p1b: Electabuzz
|-crit|p1b: Electabuzz
|-damage|p1b: Electabuzz|60/100
|
|-weather|none
|-fieldend|move: Psychic Terrain
|upkeep
|
|t:|1756247807
|switch|p1a: Ursaluna|Ursaluna-Bloodmoon, L50, M|100/100
|turn|6
|
|t:|1756247856
|move|p1b: Electabuzz|Follow Me|p1b: Electabuzz
|-singleturn|p1b: Electabuzz|move: Follow Me
|move|p2a: Overqwil|Crunch|p1b: Electabuzz
|-damage|p1b: Electabuzz|9/100
|-unboost|p1b: Electabuzz|def|1
|-damage|p2a: Overqwil|46/100|[from] item: Life Orb
|move|p2b: Archaludon|Snarl|p1a: Ursaluna|[spread] p1a,p1b
|-damage|p1a: Ursaluna|70/100
|-damage|p1b: Electabuzz|0 fnt
|-unboost|p1a: Ursaluna|spa|1
|faint|p1b: Electabuzz
|move|p1a: Ursaluna|Earth Power|p2b: Archaludon
|-supereffective|p2b: Archaludon
|-damage|p2b: Archaludon|24/100
|-ability|p2b: Archaludon|Stamina|boost
|-boost|p2b: Archaludon|def|1
|-damage|p1a: Ursaluna|60/100|[from] item: Life Orb
|
|upkeep
|turn|7
|
|t:|1756247879
|-terastallize|p1a: Ursaluna|Normal
|move|p2a: Overqwil|Crunch|p1a: Ursaluna
|-damage|p1a: Ursaluna|13/100
|-damage|p2a: Overqwil|37/100|[from] item: Life Orb
|move|p2b: Archaludon|Body Press|p1a: Ursaluna
|-supereffective|p1a: Ursaluna
|-crit|p1a: Ursaluna
|-damage|p1a: Ursaluna|0 fnt
|faint|p1a: Ursaluna
|
|win|Hokore
|l|☆vilan333
|player|p1|
|inactive|vilan333 has 30 seconds to confirm battle start!
|inactive|Hokore has 30 seconds to confirm battle start!
||vilan333 is ready for game 3.
|l|☆Hokore
|player|p2|
|inactive|Hokore has 20 seconds to confirm battle start!
|inactive|Hokore has 10 seconds to confirm battle start!
|uhtml|next|Next: Game 3 of 3
|j|☆vilan333
|player|p1|vilan333|marshal|
