|j|☆lirtyz0977
|j|☆Joshee01
|html|lirtyz0977Joshee01    
|uhtml|bestof|Game 2 of a best-of-3
|t:|1783093980
|gametype|doubles
|player|p1|lirtyz0977|giovanni|1000
|player|p2|Joshee01|cameraman|1004
|gen|9
|tier|[Gen 9 Champions] VGC 2026 Reg M-B (Bo3)
|rated|
|rule|Species Clause: Limit one of each Pokémon
|rule|Item Clause: Limit 1 of each item
|clearpoke
|poke|p1|Charizard, L50, M|
|poke|p1|Venusaur, L50, M|
|poke|p1|Pikachu, L50, M|
|poke|p1|Snorlax, L50, M|
|poke|p1|Espeon, L50, M|
|poke|p1|Blastoise, L50, M|
|poke|p2|Floette-Eternal, L50, F|
|poke|p2|Staraptor, L50, M|
|poke|p2|Incineroar, L50, M|
|poke|p2|Gholdengo, L50|
|poke|p2|Heracross, L50, M|
|poke|p2|Arcanine-Hisui, L50, M, shiny|
|teampreview|4
|showteam|p1|Charizard||CharizarditeY|Blaze|WeatherBall,AirSlash,SolarBeam,Earthquake|Hasty||M|||50|]Venusaur||MiracleSeed|Chlorophyll|Growth,SludgeWave,GigaDrain,EarthPower|Modest||M|||50|]Pikachu||LightBall|LightningRod|WildCharge,PlayRough,Surf,FakeOut|Hasty||M|||50|]Snorlax||SitrusBerry|Gluttony|BellyDrum,BodySlam,Earthquake,ZenHeadbutt|Adamant||M|||50|]Espeon||FocusSash|MagicBounce|CalmMind,Psychic,ShadowBall,AlluringVoice|Timid||M|||50|]Blastoise||Blastoisinite|Torrent|ShellSmash,WaterPulse,DarkPulse,AuraSphere|Modest||M|||50|
|showteam|p2|Floette-Eternal||Floettite|FlowerVeil|CalmMind,Moonblast,Protect,DazzlingGleam|Timid||F|||50|]Staraptor||Staraptite|Intimidate|CloseCombat,Whirlwind,Tailwind,BraveBird|Jolly||M|||50|]Incineroar||Leftovers|Intimidate|FakeOut,PartingShot,DarkestLariat,WillOWisp|Careful||M|||50|]Gholdengo||ChoiceScarf|GoodasGold|MakeItRain,Thunderbolt,ShadowBall,Psychic|Timid|||||50|]Heracross||FocusSash|Moxie|CloseCombat,BrickBreak,Detect,Megahorn|Jolly||M|||50|]Arcanine-Hisui||LifeOrb|Intimidate|RockSlide,ExtremeSpeed,FlareBlitz,DragonPulse|Hasty||M|||50|
|inactive|Battle timer is ON: inactive players will automatically lose when time's up. (requested by lirtyz0977)
|
|t:|1783093994
|teamsize|p1|4
|teamsize|p2|4
|start
|switch|p1a: Blastoise|Blastoise, L50, M|100/100
|switch|p1b: Pikachu|Pikachu, L50, M|100/100
|switch|p2a: Staraptor|Staraptor, L50, M|100/100
|switch|p2b: Heracross|Heracross, L50, M|100/100
|-ability|p2a: Staraptor|Intimidate|boost
|-unboost|p1a: Blastoise|atk|1
|-unboost|p1b: Pikachu|atk|1
|turn|1
|
|t:|1783094009
|detailschange|p2a: Staraptor|Staraptor-Mega, L50, M
|-mega|p2a: Staraptor|Staraptor|Staraptite
|detailschange|p1a: Blastoise|Blastoise-Mega, L50, M
|-mega|p1a: Blastoise|Blastoise|Blastoisinite
|move|p1b: Pikachu|Fake Out|p2a: Staraptor
|-damage|p2a: Staraptor|86/100
|cant|p2a: Staraptor|flinch
|move|p2b: Heracross|Megahorn|p1a: Blastoise
|-damage|p1a: Blastoise|38/100
|move|p1a: Blastoise|Shell Smash|p1a: Blastoise
|-unboost|p1a: Blastoise|def|1
|-unboost|p1a: Blastoise|spd|1
|-boost|p1a: Blastoise|atk|2
|-boost|p1a: Blastoise|spa|2
|-boost|p1a: Blastoise|spe|2
|
|upkeep
|turn|2
|
|t:|1783094025
|move|p1a: Blastoise|Water Pulse|p2a: Staraptor
|-damage|p2a: Staraptor|0 fnt
|faint|p2a: Staraptor
|move|p1b: Pikachu|Wild Charge|p2b: Heracross
|-damage|p2b: Heracross|42/100
|-damage|p1b: Pikachu|79/100|[from] Recoil
|move|p2b: Heracross|Close Combat|p1a: Blastoise
|-damage|p1a: Blastoise|0 fnt
|-unboost|p2b: Heracross|def|1
|-unboost|p2b: Heracross|spd|1
|faint|p1a: Blastoise
|-ability|p2b: Heracross|Moxie|boost
|-boost|p2b: Heracross|atk|1
|
|upkeep
|
|t:|1783094037
|switch|p2a: Gholdengo|Gholdengo, L50|100/100
|switch|p1a: Snorlax|Snorlax, L50, M|100/100
|turn|3
|
|t:|1783094045
|move|p2a: Gholdengo|Psychic|p1a: Snorlax
|-damage|p1a: Snorlax|80/100
|move|p1b: Pikachu|Wild Charge|p2b: Heracross
|-damage|p2b: Heracross|0 fnt
|faint|p2b: Heracross
|-damage|p1b: Pikachu|63/100|[from] Recoil
|move|p1a: Snorlax|Earthquake|p2a: Gholdengo|[spread] p1b,p2a
|-supereffective|p1b: Pikachu|1
|-supereffective|p2a: Gholdengo|1
|-damage|p1b: Pikachu|0 fnt
|-damage|p2a: Gholdengo|40/100
|faint|p1b: Pikachu
|
|upkeep
|
|t:|1783094050
|switch|p1b: Espeon|Espeon, L50, M|100/100
|switch|p2b: Arcanine|Arcanine-Hisui, L50, M, shiny|100/100
|-ability|p2b: Arcanine|Intimidate|boost
|-unboost|p1a: Snorlax|atk|1
|-unboost|p1b: Espeon|atk|1
|turn|4
|
|t:|1783094061
|move|p2a: Gholdengo|Psychic|p1a: Snorlax
|-damage|p1a: Snorlax|61/100
|move|p1b: Espeon|Psychic|p2b: Arcanine
|-damage|p2b: Arcanine|40/100
|move|p2b: Arcanine|Flare Blitz|p1a: Snorlax
|-crit|p1a: Snorlax
|-damage|p1a: Snorlax|0 fnt
|faint|p1a: Snorlax
|-damage|p2b: Arcanine|8/100|[from] Recoil
|-damage|p2b: Arcanine|0 fnt|[from] item: Life Orb
|faint|p2b: Arcanine
|
|upkeep
|turn|5
|
|t:|1783094069
|move|p2a: Gholdengo|Psychic|p1b: Espeon
|-resisted|p1b: Espeon|1
|-damage|p1b: Espeon|78/100
|move|p1b: Espeon|Shadow Ball|p2a: Gholdengo
|-supereffective|p2a: Gholdengo|1
|-damage|p2a: Gholdengo|0 fnt
|faint|p2a: Gholdengo
|
|win|lirtyz0977
||Joshee01 is ready for game 3.
||lirtyz0977 is ready for game 3.
|uhtml|next|Next: Game 3 of 3
|l|☆Joshee01
|player|p2|
