|j|☆spellbreakvgc
|j|☆piononocaducao
|html|spellbreakvgcpiononocaducao    
|uhtml|bestof|Game 1 of a best-of-3
|t:|1757927724
|gametype|doubles
|player|p1|spellbreakvgc|lance|1064
|player|p2|piononocaducao|alder|1000
|gen|9
|tier|[Gen 9] VGC 2025 Reg H (Bo3)
|rated|
|rule|Species Clause: Limit one of each Pokémon
|rule|Item Clause: Limit 1 of each item
|clearpoke
|poke|p1|Garganacl, L50, M|
|poke|p1|Sylveon, L50, F|
|poke|p1|Gholdengo, L50|
|poke|p1|Incineroar, L50, M|
|poke|p1|Ninetales-Alola, L50, M|
|poke|p1|Scyther, L50, F|
|poke|p2|Ursaluna-Bloodmoon, L50, M|
|poke|p2|Rillaboom, L50, F|
|poke|p2|Incineroar, L50, M|
|poke|p2|Ninetales-Alola, L50, F|
|poke|p2|Sneasler, L50, M|
|poke|p2|Gholdengo, L50|
|teampreview|4
|showteam|p1|Garganacl||MarangaBerry|PurifyingSalt|SaltCure,StealthRock,Protect,Recover|||M|||50|,,,,,Flying]Sylveon||ThroatSpray|Pixilate|HyperVoice,Wish,Yawn,Protect|||F|||50|,,,,,Fairy]Gholdengo||ChoiceScarf|GoodasGold|MakeItRain,ShadowBall,Trick,PowerGem||||||50|,,,,,Steel]Incineroar||AssaultVest|Intimidate|FlareBlitz,KnockOff,FakeOut,Uturn|||M|||50|,,,,,Fire]Ninetales-Alola||FocusSash|SnowWarning|Blizzard,FreezeDry,Protect,AuroraVeil|||M|||50|,,,,,Ice]Scyther||Eviolite|Technician|DualWingbeat,CloseCombat,Uturn,Protect|||F|||50|,,,,,Steel
|showteam|p2|Ursaluna-Bloodmoon||Leftovers|MindsEye|BloodMoon,Protect,EarthPower,Yawn|||M|||50|,,,,,Electric]Rillaboom||AssaultVest|GrassySurge|FakeOut,WoodHammer,Uturn,GrassyGlide|||F|||50|,,,,,Fire]Incineroar||SitrusBerry|Blaze|FakeOut,KnockOff,FlareBlitz,PartingShot|||M|||50|,,,,,Grass]Ninetales-Alola||FocusSash|SnowWarning|IcyWind,Blizzard,Disable,Protect|||F|||50|,,,,,Ghost]Sneasler||GrassySeed|Unburden|CloseCombat,Acrobatics,SwordsDance,Protect|||M|||50|,,,,,Flying]Gholdengo||LifeOrb|GoodasGold|MakeItRain,NastyPlot,ShadowBall,Protect||||||50|,,,,,Water
|inactive|Battle timer is ON: inactive players will automatically lose when time's up. (requested by spellbreakvgc)
|inactive|spellbreakvgc has 60 seconds left.
|inactive|piononocaducao has 60 seconds left.
|
|t:|1757927767
|teamsize|p1|4
|teamsize|p2|4
|start
|switch|p1a: Garganacl|Garganacl, L50, M, shiny|100/100
|switch|p1b: Gholdengo|Gholdengo, L50|100/100
|switch|p2a: Ursaluna|Ursaluna-Bloodmoon, L50, M|100/100
|switch|p2b: Rillaboom|Rillaboom, L50, F|100/100
|-fieldstart|move: Grassy Terrain|[from] ability: Grassy Surge|[of] p2b: Rillaboom
|turn|1
|
|t:|1757927790
|-terastallize|p1a: Garganacl|Flying
|move|p2b: Rillaboom|Fake Out|p1b: Gholdengo
|-immune|p1b: Gholdengo
|move|p1b: Gholdengo|Trick|p2a: Ursaluna
|-activate|p1b: Gholdengo|move: Trick|[of] p2a: Ursaluna
|-item|p2a: Ursaluna|Choice Scarf|[from] move: Trick
|-item|p1b: Gholdengo|Leftovers|[from] move: Trick
|move|p2a: Ursaluna|Blood Moon|p1b: Gholdengo
|-resisted|p1b: Gholdengo
|-damage|p1b: Gholdengo|54/100
|move|p1a: Garganacl|Stealth Rock|p2a: Ursaluna
|-sidestart|p2: piononocaducao|move: Stealth Rock
|
|-heal|p1b: Gholdengo|60/100|[from] Grassy Terrain
|-heal|p1b: Gholdengo|66/100|[from] item: Leftovers
|upkeep
|turn|2
|inactive|spellbreakvgc has 30 seconds left.
|inactive|spellbreakvgc has 20 seconds left.
|inactive|spellbreakvgc has 15 seconds left.
|inactive|spellbreakvgc has 10 seconds left.
|inactive|spellbreakvgc has 5 seconds left.
|
|t:|1757927844
|switch|p2a: Gholdengo|Gholdengo, L50|100/100
|-damage|p2a: Gholdengo|94/100|[from] Stealth Rock
|move|p1b: Gholdengo|Shadow Ball|p2a: Gholdengo
|-supereffective|p2a: Gholdengo
|-damage|p2a: Gholdengo|0 fnt
|faint|p2a: Gholdengo
|move|p2b: Rillaboom|U-turn|p1a: Garganacl
|-resisted|p1a: Garganacl
|-damage|p1a: Garganacl|94/100
|
|t:|1757927855
|switch|p2b: Ursaluna|Ursaluna-Bloodmoon, L50, M|100/100|[from] U-turn
|-damage|p2b: Ursaluna|95/100|[from] Stealth Rock
|move|p1a: Garganacl|Stealth Rock||[still]
|-fail|p1a: Garganacl
|
|-heal|p1b: Gholdengo|72/100|[from] Grassy Terrain
|-heal|p1b: Gholdengo|78/100|[from] item: Leftovers
|-heal|p2b: Ursaluna|100/100|[from] Grassy Terrain
|upkeep
|
|t:|1757927863
|switch|p2a: Sneasler|Sneasler, L50, M|100/100
|-damage|p2a: Sneasler|95/100|[from] Stealth Rock
|-enditem|p2a: Sneasler|Grassy Seed
|-boost|p2a: Sneasler|def|1|[from] item: Grassy Seed
|turn|3
|
|t:|1757927881
|move|p2a: Sneasler|Swords Dance|p2a: Sneasler
|-boost|p2a: Sneasler|atk|2
|move|p1b: Gholdengo|Make It Rain|p2a: Sneasler|[spread] p2a,p2b
|-crit|p2b: Ursaluna
|-damage|p2a: Sneasler|22/100
|-damage|p2b: Ursaluna|19/100
|-unboost|p1b: Gholdengo|spa|1
|move|p2b: Ursaluna|Earth Power|p1b: Gholdengo
|-supereffective|p1b: Gholdengo
|-damage|p1b: Gholdengo|0 fnt
|faint|p1b: Gholdengo
|move|p1a: Garganacl|Salt Cure|p2b: Ursaluna
|-resisted|p2b: Ursaluna
|-damage|p2b: Ursaluna|14/100
|-start|p2b: Ursaluna|Salt Cure
|
|-heal|p2a: Sneasler|28/100|[from] Grassy Terrain
|-heal|p2b: Ursaluna|20/100|[from] Grassy Terrain
|-damage|p2b: Ursaluna|8/100|[from] Salt Cure
|upkeep
|
|t:|1757927899
|switch|p1b: Ninetales|Ninetales-Alola, L50, M|100/100
|-weather|Snowscape|[from] ability: Snow Warning|[of] p1b: Ninetales
|turn|4
|l|☆piononocaducao
|inactive|piononocaducao disconnected and has a minute to reconnect!
|player|p2|
|inactive|piononocaducao has 30 seconds left.
|inactive|piononocaducao has 20 seconds left.
|inactive|piononocaducao has 15 seconds left.
|inactive|piononocaducao has 10 seconds left.
|inactive|piononocaducao has 5 seconds left.
|j|☆piononocaducao
|inactive|piononocaducao reconnected and has 5 seconds left.
|player|p2|piononocaducao|alder|
|
|t:|1757927954
|move|p1b: Ninetales|Protect|p1b: Ninetales
|-singleturn|p1b: Ninetales|Protect
|move|p2a: Sneasler|Close Combat|p1a: Garganacl
|-resisted|p1a: Garganacl
|-damage|p1a: Garganacl|56/100
|-unboost|p2a: Sneasler|def|1
|-unboost|p2a: Sneasler|spd|1
|move|p2b: Ursaluna|Earth Power|p1a: Garganacl
|-immune|p1a: Garganacl
|move|p1a: Garganacl|Salt Cure|p2a: Sneasler
|-resisted|p2a: Sneasler
|-damage|p2a: Sneasler|18/100
|-start|p2a: Sneasler|Salt Cure
|
|-weather|Snowscape|[upkeep]
|-heal|p2a: Sneasler|24/100|[from] Grassy Terrain
|-heal|p2b: Ursaluna|14/100|[from] Grassy Terrain
|-damage|p2a: Sneasler|12/100|[from] Salt Cure
|-damage|p2b: Ursaluna|1/100|[from] Salt Cure
|upkeep
|turn|5
|
|t:|1757927976
|move|p2a: Sneasler|Protect|p2a: Sneasler
|-singleturn|p2a: Sneasler|Protect
|move|p1a: Garganacl|Protect|p1a: Garganacl
|-singleturn|p1a: Garganacl|Protect
|move|p1b: Ninetales|Blizzard|p2a: Sneasler|[spread] p2b
|-activate|p2a: Sneasler|move: Protect
|-supereffective|p2b: Ursaluna
|-damage|p2b: Ursaluna|0 fnt
|faint|p2b: Ursaluna
|
|-weather|Snowscape|[upkeep]
|-heal|p2a: Sneasler|18/100|[from] Grassy Terrain
|-damage|p2a: Sneasler|5/100|[from] Salt Cure
|-fieldend|move: Grassy Terrain
|upkeep
|l|☆piononocaducao
|inactive|piononocaducao disconnected and has a minute to reconnect!
|player|p2|
|inactive|piononocaducao has 30 seconds left.
|inactive|piononocaducao has 20 seconds left.
|inactive|piononocaducao has 15 seconds left.
|inactive|piononocaducao has 10 seconds left.
|inactive|piononocaducao has 5 seconds left.
|-message|piononocaducao lost due to inactivity.
|
|win|spellbreakvgc
||spellbreakvgc is ready for game 2.
|inactive|piononocaducao has 5 seconds to reconnect!
|raw|spellbreakvgc's rating: 1064 → 1089(+25 for winning)
|raw|piononocaducao's rating: 1000 → 1000(+0 for losing)
