|j|☆TheLordNebiros
|j|☆broleevee
|html|TheLordNebirosbroleevee    
|uhtml|bestof|Game 3 of a best-of-3
|t:|1756273121
|gametype|doubles
|player|p1|TheLordNebiros|265|1143
|player|p2|broleevee|striker|1144
|gen|9
|tier|[Gen 9] VGC 2025 Reg H (Bo3)
|rated|
|rule|Species Clause: Limit one of each Pokémon
|rule|Item Clause: Limit 1 of each item
|clearpoke
|poke|p1|Basculegion, L50, M|
|poke|p1|Archaludon, L50, M|
|poke|p1|Pelipper, L50, M|
|poke|p1|Incineroar, L50, M|
|poke|p1|Gholdengo, L50|
|poke|p1|Amoonguss, L50, F|
|poke|p2|Charizard, L50, F|
|poke|p2|Jumpluff, L50, M|
|poke|p2|Torkoal, L50, F|
|poke|p2|Ursaluna, L50, F|
|poke|p2|Incineroar, L50, M|
|poke|p2|Duskull, L50, M|
|teampreview|4
|showteam|p1|Basculegion||ChoiceBand|SwiftSwim|FlipTurn,WaveCrash,AquaJet,LastRespects|||M|||50|,,,,,Water]Archaludon||AssaultVest|Stamina|ElectroShot,DracoMeteor,FlashCannon,BodyPress|||M|||50|,,,,,Grass]Pelipper||FocusSash|Drizzle|Protect,Tailwind,Hurricane,WeatherBall|||M|||50|,,,,,Ghost]Incineroar||SafetyGoggles|Intimidate|FakeOut,KnockOff,PartingShot,Taunt|||M|||50|,,,,,Ghost]Gholdengo||LifeOrb|GoodasGold|Protect,NastyPlot,MakeItRain,ShadowBall||||||50|,,,,,Water]Amoonguss||RockyHelmet|Regenerator|Protect,RagePowder,Spore,PollenPuff|||F|||50|,,,,,Dark
|showteam|p2|Charizard||ChoiceSpecs|SolarPower|HeatWave,Overheat,WeatherBall,DragonPulse|||F|||50|,,,,,Ghost]Jumpluff||CovertCloak|Chlorophyll|SleepPowder,Tailwind,RagePowder,SunnyDay|||M|||50|,,,,,Water]Torkoal||EjectPack|Drought|Overheat,Eruption,ClearSmog,Protect|||F|||50|,,,,,Fire]Ursaluna||FlameOrb|Guts|Facade,HeadlongRush,Earthquake,Protect|||F|||50|,,,,,Ghost]Incineroar||AssaultVest|Intimidate|FakeOut,FlareBlitz,KnockOff,Uturn|||M|||50|,,,,,Ghost]Duskull||Eviolite|Levitate|NightShade,TrickRoom,Haze,PainSplit|||M|||50|,,,,,Steel
|inactive|Battle timer is ON: inactive players will automatically lose when time's up. (requested by broleevee)
|inactive|TheLordNebiros also wants the timer to be on.
|inactive|TheLordNebiros has 60 seconds left.
|inactive|broleevee has 60 seconds left.
|
|t:|1756273173
|teamsize|p1|4
|teamsize|p2|4
|start
|switch|p1a: Incineroar|Incineroar, L50, M, shiny|100/100
|switch|p1b: Amoonguss|Amoonguss, L50, F, shiny|100/100
|switch|p2a: Jumpluff|Jumpluff, L50, M|100/100
|switch|p2b: Charizard|Charizard, L50, F|100/100
|-ability|p1a: Incineroar|Intimidate|boost
|-unboost|p2a: Jumpluff|atk|1
|-unboost|p2b: Charizard|atk|1
|turn|1
|inactive|TheLordNebiros has 30 seconds left.
|inactive|broleevee has 30 seconds left.
|inactive|broleevee has 20 seconds left.
|
|t:|1756273209
|-terastallize|p2b: Charizard|Ghost
|move|p1a: Incineroar|Fake Out|p2b: Charizard
|-immune|p2b: Charizard
|move|p2a: Jumpluff|Sunny Day|p2a: Jumpluff
|-weather|SunnyDay
|move|p2b: Charizard|Heat Wave|p1b: Amoonguss|[spread] p1a,p1b
|-resisted|p1a: Incineroar
|-supereffective|p1b: Amoonguss
|-damage|p1a: Incineroar|53/100
|-damage|p1b: Amoonguss|0 fnt
|faint|p1b: Amoonguss
|
|-weather|SunnyDay|[upkeep]
|-damage|p2b: Charizard|88/100|[from] ability: Solar Power|[of] p2b: Charizard
|upkeep
|
|t:|1756273234
|switch|p1b: Basculegion|Basculegion, L50, M, shiny|100/100
|turn|2
|inactive|broleevee has 30 seconds left.
|inactive|TheLordNebiros has 30 seconds left.
|
|t:|1756273266
|switch|p2b: Torkoal|Torkoal, L50, F|100/100
|switch|p1a: Pelipper|Pelipper, L50, M, shiny|100/100
|-weather|RainDance|[from] ability: Drizzle|[of] p1a: Pelipper
|move|p1b: Basculegion|Flip Turn|p2b: Torkoal
|-supereffective|p2b: Torkoal
|-damage|p2b: Torkoal|0 fnt
|faint|p2b: Torkoal
|
|t:|1756273277
|switch|p1b: Incineroar|Incineroar, L50, M, shiny|53/100|[from] Flip Turn
|-ability|p1b: Incineroar|Intimidate|boost
|-unboost|p2a: Jumpluff|atk|1
|move|p2a: Jumpluff|Sleep Powder|p1b: Incineroar
|-activate|p1b: Incineroar|item: Safety Goggles|Sleep Powder
|
|-weather|RainDance|[upkeep]
|upkeep
|
|t:|1756273283
|switch|p2b: Ursaluna|Ursaluna, L50, F|100/100
|turn|3
|inactive|TheLordNebiros has 30 seconds left.
|inactive|broleevee has 30 seconds left.
|inactive|TheLordNebiros has 20 seconds left.
|inactive|broleevee has 20 seconds left.
|inactive|TheLordNebiros has 15 seconds left.
|inactive|TheLordNebiros has 10 seconds left.
|
|t:|1756273329
|move|p2a: Jumpluff|Sunny Day|p2a: Jumpluff
|-weather|SunnyDay
|move|p1a: Pelipper|Tailwind|p1a: Pelipper
|-sidestart|p1: TheLordNebiros|move: Tailwind
|move|p1b: Incineroar|Taunt|p2a: Jumpluff
|-start|p2a: Jumpluff|move: Taunt
|move|p2b: Ursaluna|Headlong Rush|p1b: Incineroar
|-supereffective|p1b: Incineroar
|-damage|p1b: Incineroar|0 fnt
|-unboost|p2b: Ursaluna|def|1
|-unboost|p2b: Ursaluna|spd|1
|faint|p1b: Incineroar
|
|-weather|SunnyDay|[upkeep]
|-status|p2b: Ursaluna|brn|[from] item: Flame Orb
|upkeep
|
|t:|1756273339
|switch|p1b: Basculegion|Basculegion, L50, M, shiny|100/100
|turn|4
|
|t:|1756273363
|switch|p2a: Charizard|Charizard, L50, F, tera:Ghost|88/100
|move|p2b: Ursaluna|Protect|p2b: Ursaluna
|-singleturn|p2b: Ursaluna|Protect
|move|p1b: Basculegion|Last Respects|p2a: Charizard
|-supereffective|p2a: Charizard
|-damage|p2a: Charizard|0 fnt
|faint|p2a: Charizard
|move|p1a: Pelipper|Weather Ball|p2b: Ursaluna
|-activate|p2b: Ursaluna|move: Protect
|
|-weather|SunnyDay|[upkeep]
|-damage|p2b: Ursaluna|94/100 brn|[from] brn
|upkeep
|
|t:|1756273367
|switch|p2a: Jumpluff|Jumpluff, L50, M|100/100
|turn|5
|inactive|broleevee has 30 seconds left.
|
|t:|1756273400
|move|p2a: Jumpluff|Sleep Powder|p1a: Pelipper|[miss]
|-miss|p2a: Jumpluff|p1a: Pelipper
|move|p1b: Basculegion|Last Respects|p2a: Jumpluff
|-damage|p2a: Jumpluff|0 fnt
|faint|p2a: Jumpluff
|move|p1a: Pelipper|Weather Ball|p2b: Ursaluna
|-damage|p2b: Ursaluna|29/100 brn
|move|p2b: Ursaluna|Facade|p1a: Pelipper
|-enditem|p1a: Pelipper|Focus Sash
|-damage|p1a: Pelipper|1/100
|
|-weather|SunnyDay|[upkeep]
|-damage|p2b: Ursaluna|22/100 brn|[from] brn
|upkeep
|turn|6
|-message|broleevee forfeited.
|
|win|TheLordNebiros
|raw|TheLordNebiros's rating: 1143 → 1168(+25 for winning)
|raw|broleevee's rating: 1144 → 1119(-25 for losing)
|c|☆TheLordNebiros|gg wp
|l|☆TheLordNebiros
|player|p1|
