|j|☆angusgrind13
|j|☆Dinosaur Kingz
|html|angusgrind13Dinosaur Kingz    
|uhtml|bestof|Game 1 of a best-of-3
|t:|1784818468
|gametype|doubles
|player|p1|angusgrind13|steven|1168
|player|p2|Dinosaur Kingz|102|1108
|gen|9
|tier|[Gen 9 Champions] VGC 2026 Reg M-B (Bo3)
|rated|
|rule|Species Clause: Limit one of each Pokémon
|rule|Item Clause: Limit 1 of each item
|clearpoke
|poke|p1|Primarina, L50, F|
|poke|p1|Kingambit, L50, M|
|poke|p1|Froslass, L50, F|
|poke|p1|Sneasler, L50, F|
|poke|p1|Lycanroc-Dusk, L50, F|
|poke|p1|Dragonite, L50, M|
|poke|p2|Sceptile, L50, M|
|poke|p2|Rotom-Heat, L50|
|poke|p2|Pelipper, L50, F|
|poke|p2|Swampert, L50, M|
|poke|p2|Garchomp, L50, M|
|poke|p2|Sinistcha, L50|
|teampreview|4
|showteam|p1|Primarina||LifeOrb|LiquidVoice|HyperVoice,Moonblast,Haze,Protect|Modest||F|||50|]Kingambit||BlackGlasses|Defiant|KowtowCleave,SuckerPunch,SwordsDance,Protect|Adamant||M|||50|]Froslass||Froslassite|CursedBody|Blizzard,ShadowBall,AuroraVeil,Protect|Timid||F|||50|]Sneasler||WhiteHerb|Unburden|GunkShot,CloseCombat,FakeOut,Protect|Adamant||F|||50|]Lycanroc-Dusk||FocusSash|ToughClaws|RockSlide,Accelerock,CloseCombat,Protect|Adamant||F|||50|]Dragonite||Dragoninite|Multiscale|DragonPulse,Flamethrower,Tailwind,Protect|Modest||M|||50|
|showteam|p2|Sceptile||Sceptilite|Overgrow|Protect,EarthPower,DragonPulse,LeafStorm|Timid||M|||50|]Rotom-Heat||ChoiceScarf|Levitate|Trick,Overheat,Discharge,VoltSwitch|Timid|||||50|]Pelipper||FocusSash|Drizzle|Protect,Tailwind,Hurricane,WeatherBall|Bold||F|||50|]Swampert||Swampertite|Damp|Protect,Earthquake,WaveCrash,IcePunch|Adamant||M|||50|]Garchomp||LifeOrb|RoughSkin|Protect,Earthquake,RockSlide,DragonClaw|Jolly||M|||50|]Sinistcha||SitrusBerry|Hospitality|Protect,RagePowder,MatchaGotcha,ShadowBall|Calm|||||50|
|inactive|Battle timer is ON: inactive players will automatically lose when time's up. (requested by Dinosaur Kingz)
|inactive|angusgrind13 has 60 seconds left.
|inactive|Dinosaur Kingz has 60 seconds left.
|
|t:|1784818502
|teamsize|p1|4
|teamsize|p2|4
|start
|switch|p1a: Lycanroc|Lycanroc-Dusk, L50, F|100/100
|switch|p1b: Sneasler|Sneasler, L50, F|100/100
|switch|p2a: Rotom|Rotom-Heat, L50|100/100
|switch|p2b: Swampert|Swampert, L50, M|100/100
|turn|1
|
|t:|1784818519
|detailschange|p2b: Swampert|Swampert-Mega, L50, M
|-mega|p2b: Swampert|Swampert|Swampertite
|move|p1b: Sneasler|Fake Out|p2b: Swampert
|-damage|p2b: Swampert|88/100
|move|p2a: Rotom|Discharge|p1b: Sneasler|[spread] p1a,p1b
|-immune|p2b: Swampert
|-damage|p1a: Lycanroc|52/100
|-damage|p1b: Sneasler|70/100
|-status|p1b: Sneasler|par
|move|p1a: Lycanroc|Rock Slide|p2a: Rotom|[spread] p2a,p2b
|-supereffective|p2a: Rotom|1
|-resisted|p2b: Swampert|1
|-damage|p2a: Rotom|23/100
|-damage|p2b: Swampert|75/100
|cant|p2b: Swampert|flinch
|
|upkeep
|turn|2
|inactive|angusgrind13 has 30 seconds left.
|
|t:|1784818547
|switch|p2a: Pelipper|Pelipper, L50, F|100/100
|-weather|RainDance|[from] ability: Drizzle|[of] p2a: Pelipper
|move|p1a: Lycanroc|Accelerock|p2a: Pelipper
|-supereffective|p2a: Pelipper|1
|-damage|p2a: Pelipper|56/100
|move|p2b: Swampert|Earthquake|p1a: Lycanroc|[spread] p1a,p1b
|-immune|p2a: Pelipper
|-supereffective|p1a: Lycanroc|1
|-supereffective|p1b: Sneasler|1
|-damage|p1a: Lycanroc|0 fnt
|-damage|p1b: Sneasler|0 fnt
|faint|p1a: Lycanroc
|faint|p1b: Sneasler
|
|-weather|RainDance|[upkeep]
|upkeep
|
|t:|1784818556
|switch|p1a: Primarina|Primarina, L50, F|100/100
|switch|p1b: Dragonite|Dragonite, L50, M|100/100
|turn|3
|
|t:|1784818578
|switch|p2a: Sinistcha|Sinistcha, L50|100/100
|-heal|p2b: Swampert|100/100|[from] ability: Hospitality|[of] p2a: Sinistcha
|detailschange|p1b: Dragonite|Dragonite-Mega, L50, M
|-mega|p1b: Dragonite|Dragonite|Dragoninite
|move|p1b: Dragonite|Protect|p1b: Dragonite
|-singleturn|p1b: Dragonite|Protect
|move|p2b: Swampert|Ice Punch|p1b: Dragonite
|-activate|p1b: Dragonite|move: Protect
|move|p1a: Primarina|Moonblast|p2b: Swampert
|-damage|p2b: Swampert|45/100
|-unboost|p2b: Swampert|spa|1
|-damage|p1a: Primarina|90/100|[from] item: Life Orb
|
|-weather|RainDance|[upkeep]
|upkeep
|turn|4
|
|t:|1784818595
|move|p1b: Dragonite|Protect||[still]
|-fail|p1b: Dragonite
|move|p2b: Swampert|Ice Punch|p1b: Dragonite
|-supereffective|p1b: Dragonite|2
|-damage|p1b: Dragonite|43/100
|move|p1a: Primarina|Moonblast|p2b: Swampert
|-damage|p2b: Swampert|0 fnt
|faint|p2b: Swampert
|-damage|p1a: Primarina|80/100|[from] item: Life Orb
|move|p2a: Sinistcha|Matcha Gotcha|p1b: Dragonite|[spread] p1a,p1b
|-supereffective|p1a: Primarina|1
|-resisted|p1b: Dragonite|2
|-damage|p1a: Primarina|27/100
|-damage|p1b: Dragonite|38/100
|
|-weather|RainDance|[upkeep]
|upkeep
|
|t:|1784818609
|switch|p2b: Rotom|Rotom-Heat, L50|23/100
|turn|5
|
|t:|1784818626
|move|p2b: Rotom|Discharge|p1b: Dragonite|[spread] p2a,p1a,p1b
|-resisted|p2a: Sinistcha|1
|-supereffective|p1a: Primarina|1
|-damage|p2a: Sinistcha|88/100
|-damage|p1a: Primarina|0 fnt
|-damage|p1b: Dragonite|14/100
|-status|p2a: Sinistcha|par
|faint|p1a: Primarina
|move|p1b: Dragonite|Tailwind|p1b: Dragonite
|-sidestart|p1: angusgrind13|move: Tailwind
|cant|p2a: Sinistcha|par
|
|-weather|RainDance|[upkeep]
|upkeep
|turn|6
|
|t:|1784818637
|move|p1b: Dragonite|Dragon Pulse|p2b: Rotom
|-damage|p2b: Rotom|0 fnt
|faint|p2b: Rotom
|move|p2a: Sinistcha|Shadow Ball|p1b: Dragonite
|-damage|p1b: Dragonite|0 fnt
|faint|p1b: Dragonite
|
|win|Dinosaur Kingz
||angusgrind13 is ready for game 2.
||angusgrind13 is ready for game 2.
