|j|☆LeanAnthony
|j|☆lux raymundi
|html|LeanAnthonylux raymundi    
|uhtml|bestof|Game 1 of a best-of-3
|t:|1783031311
|gametype|doubles
|player|p1|LeanAnthony|lance|1192
|player|p2|lux raymundi|2|1193
|gen|9
|tier|[Gen 9 Champions] VGC 2026 Reg M-B (Bo3)
|rated|
|rule|Species Clause: Limit one of each Pokémon
|rule|Item Clause: Limit 1 of each item
|clearpoke
|poke|p1|Charizard, L50, M, shiny|
|poke|p1|Kingambit, L50, M|
|poke|p1|Sylveon, L50, F|
|poke|p1|Garchomp, L50, F|
|poke|p1|Aerodactyl, L50, M|
|poke|p1|Farigiraf, L50, M|
|poke|p2|Mawile, L50, F|
|poke|p2|Farigiraf, L50, F|
|poke|p2|Delphox, L50, M|
|poke|p2|Incineroar, L50, M|
|poke|p2|Sinistcha, L50|
|poke|p2|Garchomp, L50, F|
|teampreview|4
|showteam|p1|Charizard||CharizarditeY|SolarPower|Protect,HeatWave,SolarBeam,WeatherBall|Modest||M|||50|]Kingambit||FocusSash|Defiant|IronHead,SuckerPunch,KowtowCleave,LowKick|Adamant||M|||50|]Sylveon||FairyFeather|Pixilate|Detect,HyperVoice,HyperBeam,QuickAttack|Modest||F|||50|]Garchomp||LifeOrb|RoughSkin|Protect,DragonClaw,Earthquake,StompingTantrum|Jolly||F|||50|]Aerodactyl||Aerodactylite|RockHead|IceFang,RockSlide,Tailwind,DualWingbeat|Jolly||M|||50|]Farigiraf||SitrusBerry|ArmorTail|TrickRoom,Psychic,Thunderbolt,Roar|Bold||M|||50|
|showteam|p2|Mawile||Mawilite|HyperCutter|SwordsDance,PlayRough,IronHead,Protect|Brave||F|||50|]Farigiraf||SitrusBerry|ArmorTail|Protect,TwinBeam,TrickRoom,Thunderbolt|Bold||F|||50|]Delphox||Delphoxite|Blaze|NastyPlot,HeatWave,Psychic,Protect|Timid||M|||50|]Incineroar||PasshoBerry|Intimidate|FakeOut,ThroatChop,FlareBlitz,PartingShot|Adamant||M|||50|]Sinistcha||ColburBerry|Hospitality|MatchaGotcha,TrickRoom,RagePowder,Protect|Relaxed|||||50|]Garchomp||LifeOrb|RoughSkin|DragonClaw,Earthquake,RockSlide,Protect|Jolly||F|||50|
|
|t:|1783031381
|teamsize|p1|4
|teamsize|p2|4
|start
|switch|p1a: Aerodactyl|Aerodactyl, L50, M|100/100
|switch|p1b: Garchomp|Garchomp, L50, F|100/100
|switch|p2a: Garchomp|Garchomp, L50, F|100/100
|switch|p2b: Farigiraf|Farigiraf, L50, F|100/100
|turn|1
|
|t:|1783031405
|switch|p2a: Mawile|Mawile, L50, F|100/100
|detailschange|p1a: Aerodactyl|Aerodactyl-Mega, L50, M
|-mega|p1a: Aerodactyl|Aerodactyl|Aerodactylite
|move|p1a: Aerodactyl|Ice Fang|p2a: Mawile
|-resisted|p2a: Mawile|1
|-damage|p2a: Mawile|82/100
|move|p1b: Garchomp|Dragon Claw|p2b: Farigiraf
|-damage|p2b: Farigiraf|56/100
|-damage|p1b: Garchomp|90/100|[from] item: Life Orb
|move|p2b: Farigiraf|Trick Room|p2b: Farigiraf
|-fieldstart|move: Trick Room|[of] p2b: Farigiraf
|
|upkeep
|turn|2
|
|t:|1783031431
|switch|p1b: Farigiraf|Farigiraf, L50, M|100/100
|detailschange|p2a: Mawile|Mawile-Mega, L50, F
|-mega|p2a: Mawile|Mawile|Mawilite
|move|p2a: Mawile|Iron Head|p1a: Aerodactyl
|-supereffective|p1a: Aerodactyl|1
|-damage|p1a: Aerodactyl|0 fnt
|faint|p1a: Aerodactyl
|move|p2b: Farigiraf|Thunderbolt|p1b: Farigiraf
|-damage|p1b: Farigiraf|79/100
|
|upkeep
|
|t:|1783031439
|switch|p1a: Kingambit|Kingambit, L50, M|100/100
|turn|3
|
|t:|1783031461
|move|p2a: Mawile|Play Rough|p1a: Kingambit
|-damage|p1a: Kingambit|21/100
|move|p1b: Farigiraf|Psychic|p2a: Mawile
|-resisted|p2a: Mawile|1
|-damage|p2a: Mawile|61/100
|move|p2b: Farigiraf|Thunderbolt|p1a: Kingambit
|-damage|p1a: Kingambit|0 fnt
|faint|p1a: Kingambit
|
|upkeep
|
|t:|1783031482
|switch|p1a: Garchomp|Garchomp, L50, F|90/100
|turn|4
|
|t:|1783031497
|move|p1a: Garchomp|Protect|p1a: Garchomp
|-singleturn|p1a: Garchomp|Protect
|move|p2a: Mawile|Play Rough|p1b: Farigiraf
|-damage|p1b: Farigiraf|15/100
|-unboost|p1b: Farigiraf|atk|1
|-enditem|p1b: Farigiraf|Sitrus Berry|[eat]
|-heal|p1b: Farigiraf|40/100|[from] item: Sitrus Berry
|move|p2b: Farigiraf|Thunderbolt|p1b: Farigiraf
|-damage|p1b: Farigiraf|20/100y
|move|p1b: Farigiraf|Trick Room|p1b: Farigiraf
|-fieldend|move: Trick Room
|
|upkeep
|turn|5
|
|t:|1783031520
|switch|p2a: Sinistcha|Sinistcha, L50|100/100
|-heal|p2b: Farigiraf|81/100|[from] ability: Hospitality|[of] p2a: Sinistcha
|move|p1a: Garchomp|Earthquake|p2b: Farigiraf|[spread] p1b,p2a,p2b
|-resisted|p2a: Sinistcha|1
|-damage|p1b: Farigiraf|0 fnt
|-damage|p2a: Sinistcha|82/100
|-damage|p2b: Farigiraf|40/100
|-enditem|p2b: Farigiraf|Sitrus Berry|[eat]
|-heal|p2b: Farigiraf|65/100|[from] item: Sitrus Berry
|faint|p1b: Farigiraf
|-damage|p1a: Garchomp|80/100|[from] item: Life Orb
|move|p2b: Farigiraf|Thunderbolt|p1a: Garchomp
|-immune|p1a: Garchomp
|
|upkeep
|turn|6
|-message|LeanAnthony forfeited.
|
|win|lux raymundi
