|j|☆PablixXHD
|j|☆Matiublanco
|html|PablixXHDMatiublanco    
|uhtml|bestof|Game 3 of a best-of-3
|t:|1785879688
|gametype|doubles
|player|p1|PablixXHD|101|1138
|player|p2|Matiublanco|266|1059
|gen|9
|tier|[Gen 9 Champions] VGC 2026 Reg M-B (Bo3)
|rated|
|rule|Species Clause: Limit one of each Pokémon
|rule|Item Clause: Limit 1 of each item
|clearpoke
|poke|p1|Staraptor, L50, F|
|poke|p1|Raichu, L50, M|
|poke|p1|Sylveon, L50, F, shiny|
|poke|p1|Farigiraf, L50, M, shiny|
|poke|p1|Arcanine-Hisui, L50, F|
|poke|p1|Kingambit, L50, F|
|poke|p2|Sylveon, L50, F|
|poke|p2|Aerodactyl, L50, M|
|poke|p2|Metagross, L50, shiny|
|poke|p2|Incineroar, L50, F|
|poke|p2|Charizard, L50, F|
|poke|p2|Garchomp, L50, M|
|teampreview|4
|showteam|p1|Staraptor||Staraptite|Intimidate|Tailwind,Protect,CloseCombat,DualWingbeat|Jolly||F|||50|]Raichu||RaichuniteY|LightningRod|FakeOut,ZapCannon,FocusBlast,Protect|Timid||M|||50|]Sylveon||FairyFeather|Pixilate|Detect,HyperVoice,QuickAttack,HyperBeam|Modest||F|||50|]Farigiraf||SitrusBerry|ArmorTail|Psychic,TrickRoom,HelpingHand,Protect|Calm||M|||50|]Arcanine-Hisui||FocusSash|RockHead|Protect,ExtremeSpeed,HeadSmash,FlareBlitz|Jolly||F|||50|]Kingambit||LifeOrb|Defiant|Protect,KowtowCleave,SwordsDance,SuckerPunch|Adamant||F|||50|
|showteam|p2|Sylveon||FairyFeather|Pixilate|Detect,HyperVoice,HyperBeam,QuickAttack|Modest||F|||50|]Aerodactyl||FocusSash|Unnerve|Protect,RockSlide,DualWingbeat,Tailwind|Jolly||M|||50|]Metagross||Metagrossite|ClearBody|Protect,PsychicFangs,BulletPunch,BodyPress|Adamant|||||50|]Incineroar||SitrusBerry|Intimidate|DarkestLariat,FakeOut,PartingShot,FlareBlitz|Careful||F|||50|]Charizard||CharizarditeY|Blaze|Protect,HeatWave,SolarBeam,WeatherBall|Modest||F|||50|]Garchomp||LifeOrb|RoughSkin|Protect,RockSlide,Earthquake,DragonClaw|Jolly||M|||50|
|inactive|Battle timer is ON: inactive players will automatically lose when time's up. (requested by PablixXHD)
|
|t:|1785879718
|teamsize|p1|4
|teamsize|p2|4
|start
|switch|p1a: Staraptor|Staraptor, L50, F|100/100
|switch|p1b: Arcanine|Arcanine-Hisui, L50, F|100/100
|switch|p2a: Charizard|Charizard, L50, F|100/100
|switch|p2b: Garchomp|Garchomp, L50, M|100/100
|-ability|p1a: Staraptor|Intimidate|boost
|-unboost|p2a: Charizard|atk|1
|-unboost|p2b: Garchomp|atk|1
|turn|1
|
|t:|1785879730
|switch|p2b: Incineroar|Incineroar, L50, F|100/100
|-ability|p2b: Incineroar|Intimidate|boost
|-unboost|p1a: Staraptor|atk|1
|-unboost|p1b: Arcanine|atk|1
|detailschange|p1a: Staraptor|Staraptor-Mega, L50, F
|-mega|p1a: Staraptor|Staraptor|Staraptite
|move|p2a: Charizard|Protect|p2a: Charizard
|-singleturn|p2a: Charizard|Protect
|move|p1a: Staraptor|Close Combat|p2b: Incineroar
|-supereffective|p2b: Incineroar|1
|-damage|p2b: Incineroar|27/100
|-boost|p1a: Staraptor|def|1
|-boost|p1a: Staraptor|spd|1
|-enditem|p2b: Incineroar|Sitrus Berry|[eat]
|-heal|p2b: Incineroar|52/100|[from] item: Sitrus Berry
|move|p1b: Arcanine|Head Smash|p2a: Charizard
|-activate|p2a: Charizard|move: Protect
|
|upkeep
|turn|2
|inactive|Matiublanco has 30 seconds left.
|
|t:|1785879756
|detailschange|p2a: Charizard|Charizard-Mega-Y, L50, F
|-mega|p2a: Charizard|Charizard|Charizardite Y
|-weather|SunnyDay|[from] ability: Drought|[of] p2a: Charizard
|move|p1b: Arcanine|Protect|p1b: Arcanine
|-singleturn|p1b: Arcanine|Protect
|move|p2b: Incineroar|Fake Out|p1b: Arcanine
|-activate|p1b: Arcanine|move: Protect
|move|p1a: Staraptor|Close Combat|p2b: Incineroar
|-supereffective|p2b: Incineroar|1
|-damage|p2b: Incineroar|0 fnt
|-boost|p1a: Staraptor|def|1
|-boost|p1a: Staraptor|spd|1
|faint|p2b: Incineroar
|move|p2a: Charizard|Weather Ball|p1a: Staraptor
|-damage|p1a: Staraptor|48/100
|
|-weather|SunnyDay|[upkeep]
|upkeep
|
|t:|1785879774
|switch|p2b: Garchomp|Garchomp, L50, M|100/100
|turn|3
|inactive|PablixXHD has 30 seconds left.
|
|t:|1785879807
|switch|p2a: Sylveon|Sylveon, L50, F|100/100
|move|p1a: Staraptor|Tailwind|p1a: Staraptor
|-sidestart|p1: PablixXHD|move: Tailwind
|move|p1b: Arcanine|Head Smash|p2a: Sylveon
|-damage|p2a: Sylveon|44/100
|move|p2b: Garchomp|Rock Slide|p1b: Arcanine|[spread] p1b
|-miss|p2b: Garchomp|p1a: Staraptor
|-supereffective|p1b: Arcanine|1
|-damage|p1b: Arcanine|34/100
|-damage|p2b: Garchomp|90/100|[from] item: Life Orb
|
|-weather|SunnyDay|[upkeep]
|upkeep
|turn|4
|
|t:|1785879831
|move|p1a: Staraptor|Close Combat|p2b: Garchomp
|-crit|p2b: Garchomp
|-damage|p2b: Garchomp|0 fnt
|-boost|p1a: Staraptor|def|1
|-boost|p1a: Staraptor|spd|1
|-damage|p1a: Staraptor|36/100|[from] ability: Rough Skin|[of] p2b: Garchomp
|faint|p2b: Garchomp
|move|p1b: Arcanine|Flare Blitz|p2a: Sylveon
|-damage|p2a: Sylveon|0 fnt
|faint|p2a: Sylveon
|
|-weather|SunnyDay|[upkeep]
|upkeep
|
|t:|1785879841
|switch|p2b: Charizard|Charizard-Mega-Y, L50, F|100/100
|turn|5
|
|t:|1785879848
|move|p1a: Staraptor|Close Combat|p2b: Charizard
|-resisted|p2b: Charizard|1
|-damage|p2b: Charizard|82/100
|-boost|p1a: Staraptor|def|1
|-boost|p1a: Staraptor|spd|1
|move|p1b: Arcanine|Head Smash|p2b: Charizard|[miss]
|-miss|p1b: Arcanine|p2b: Charizard
|move|p2b: Charizard|Solar Beam||[still]
|-prepare|p2b: Charizard|Solar Beam
|-anim|p2b: Charizard|Solar Beam|p2: Sylveon|[notarget]
|-fail|p2b: Charizard
|
|-weather|SunnyDay|[upkeep]
|upkeep
|turn|6
|c|☆PablixXHD|what
|-message|Matiublanco forfeited.
|
|win|PablixXHD
|raw|PablixXHD's rating: 1138 → 1157(+19 for winning)
|raw|Matiublanco's rating: 1059 → 1044(-15 for losing)
|l|☆Matiublanco
|player|p2|
