|j|☆Fr3gsy
|j|‽vilan333
|html|Fr3gsyvilan333    
|uhtml|bestof|Game 2 of a best-of-3
|t:|1756328602
|gametype|doubles
|player|p1|Fr3gsy|giovanni|1075
|player|p2|vilan333|marshal|1102
|gen|9
|tier|[Gen 9] VGC 2025 Reg H (Bo3)
|rated|
|rule|Species Clause: Limit one of each Pokémon
|rule|Item Clause: Limit 1 of each item
|clearpoke
|poke|p1|Volcarona, L50, M|
|poke|p1|Sinistcha, L50|
|poke|p1|Maushold, L50|
|poke|p1|Annihilape, L50, M|
|poke|p1|Grimmsnarl, L50, M|
|poke|p1|Rillaboom, L50, M|
|poke|p2|Sneasler, L50, M|
|poke|p2|Indeedee, L50, M|
|poke|p2|Ursaluna-Bloodmoon, L50, M|
|poke|p2|Electabuzz, L50, M|
|poke|p2|Talonflame, L50, F|
|poke|p2|Incineroar, L50, F|
|teampreview|4
|showteam|p1|Volcarona||SitrusBerry|FlameBody|QuiverDance,Protect,HeatWave,TeraBlast|||M|||50|,,,,,Water]Sinistcha||FocusSash|Hospitality|RagePowder,ShadowBall,Protect,MatchaGotcha||||||50|,,,,,Fire]Maushold||SafetyGoggles|FriendGuard|Protect,Taunt,FollowMe,BeatUp||||||50|,,,,,Ghost]Annihilape||Leftovers|Defiant|BulkUp,DrainPunch,RageFist,Protect|||M|||50|,,,,,Fire]Grimmsnarl||LightClay|Prankster|LightScreen,Reflect,SpiritBreak,PartingShot|||M|||50|,,,,,Ghost]Rillaboom||AssaultVest|GrassySurge|FakeOut,Uturn,GrassyGlide,WoodHammer|||M|||50|,,,,,Fire
|showteam|p2|Sneasler||PsychicSeed|Unburden|Protect,CloseCombat,DireClaw,ThroatChop|||M|||50|,,,,,Dark]Indeedee||FocusSash|PsychicSurge|Imprison,TrickRoom,ExpandingForce,TeraBlast|||M|||50|,,,,,Fighting]Ursaluna-Bloodmoon||LifeOrb|MindsEye|Protect,HyperVoice,BloodMoon,EarthPower|||M|||50|,,,,,Normal]Electabuzz||Eviolite|VitalSpirit|Electroweb,Protect,Taunt,FollowMe|||M|||50|,,,,,Ghost]Talonflame||CovertCloak|GaleWings|Tailwind,WillOWisp,DualWingbeat,FlareBlitz|||F|||50|,,,,,Fairy]Incineroar||SafetyGoggles|Intimidate|FakeOut,KnockOff,PartingShot,FlareBlitz|||F|||50|,,,,,Ghost
|
|t:|1756328623
|teamsize|p1|4
|teamsize|p2|4
|start
|switch|p1a: Volcarona|Volcarona, L50, M|100/100
|switch|p1b: Rillaboom|Rillaboom, L50, M|100/100
|switch|p2a: Ursaluna|Ursaluna-Bloodmoon, L50, M|100/100
|switch|p2b: Sneasler|Sneasler, L50, M|100/100
|-fieldstart|move: Grassy Terrain|[from] ability: Grassy Surge|[of] p1b: Rillaboom
|turn|1
|
|t:|1756328649
|switch|p2b: Indeedee|Indeedee, L50, M|100/100
|-fieldstart|move: Psychic Terrain|[from] ability: Psychic Surge|[of] p2b: Indeedee
|-terastallize|p2a: Ursaluna|Normal
|move|p1a: Volcarona|Quiver Dance|p1a: Volcarona
|-boost|p1a: Volcarona|spa|1
|-boost|p1a: Volcarona|spd|1
|-boost|p1a: Volcarona|spe|1
|move|p1b: Rillaboom|U-turn|p2a: Ursaluna
|-crit|p2a: Ursaluna
|-damage|p2a: Ursaluna|76/100
|
|t:|1756328662
|switch|p1b: Maushold|Maushold, L50|100/100|[from] U-turn
|move|p2a: Ursaluna|Blood Moon|p1a: Volcarona
|-damage|p1a: Volcarona|36/100
|-enditem|p1a: Volcarona|Sitrus Berry|[eat]
|-heal|p1a: Volcarona|61/100|[from] item: Sitrus Berry
|-damage|p2a: Ursaluna|67/100|[from] item: Life Orb
|
|upkeep
|turn|2
|
|t:|1756328684
|switch|p2b: Talonflame|Talonflame, L50, F, shiny|100/100
|move|p1a: Volcarona|Quiver Dance|p1a: Volcarona
|-boost|p1a: Volcarona|spa|1
|-boost|p1a: Volcarona|spd|1
|-boost|p1a: Volcarona|spe|1
|move|p1b: Maushold|Taunt|p2b: Talonflame
|-start|p2b: Talonflame|move: Taunt
|move|p2a: Ursaluna|Hyper Voice|p1b: Maushold|[spread] p1a,p1b
|-damage|p1a: Volcarona|38/100
|-damage|p1b: Maushold|9/100
|-damage|p2a: Ursaluna|57/100|[from] item: Life Orb
|
|upkeep
|turn|3
|
|t:|1756328708
|switch|p1b: Sinistcha|Sinistcha, L50|100/100
|-heal|p1a: Volcarona|63/100|[from] ability: Hospitality|[of] p1b: Sinistcha
|move|p2b: Talonflame|Dual Wingbeat|p1b: Sinistcha
|-activate|p1b: Sinistcha|move: Psychic Terrain
|move|p1a: Volcarona|Heat Wave|p2b: Talonflame|[spread] p2a,p2b
|-resisted|p2b: Talonflame
|-damage|p2a: Ursaluna|0 fnt
|-damage|p2b: Talonflame|47/100
|faint|p2a: Ursaluna
|
|upkeep
|
|t:|1756328720
|switch|p2a: Sneasler|Sneasler, L50, M|100/100
|-enditem|p2a: Sneasler|Psychic Seed
|-boost|p2a: Sneasler|spd|1|[from] item: Psychic Seed
|turn|4
|
|t:|1756328735
|move|p1b: Sinistcha|Rage Powder|p1b: Sinistcha
|-singleturn|p1b: Sinistcha|move: Rage Powder
|move|p2a: Sneasler|Dire Claw|p1b: Sinistcha
|-damage|p1b: Sinistcha|65/100
|move|p1a: Volcarona|Heat Wave|p2a: Sneasler|[spread] p2a,p2b
|-resisted|p2b: Talonflame
|-damage|p2a: Sneasler|45/100
|-damage|p2b: Talonflame|0 fnt
|faint|p2b: Talonflame
|
|upkeep
|
|t:|1756328748
|switch|p2b: Indeedee|Indeedee, L50, M|100/100
|turn|5
|-message|vilan333 forfeited.
|
|win|Fr3gsy
|l|‽vilan333
|player|p2|
||vilan333 is ready for game 3.
||Fr3gsy is ready for game 3.
|uhtml|next|Next: Game 3 of 3
|j|‽vilan333
|player|p2|vilan333|marshal|
