|j|☆PyroLaxus
|j|☆humanbacon
|html|PyroLaxushumanbacon    
|uhtml|bestof|Game 1 of a best-of-3
|t:|1784630235
|gametype|doubles
|player|p1|PyroLaxus|265|1188
|player|p2|humanbacon|acetrainer|1301
|gen|9
|tier|[Gen 9 Champions] VGC 2026 Reg M-B (Bo3)
|rated|
|rule|Species Clause: Limit one of each Pokémon
|rule|Item Clause: Limit 1 of each item
|clearpoke
|poke|p1|Blaziken, L50, M|
|poke|p1|Kingambit, L50, M|
|poke|p1|Farigiraf, L50, M|
|poke|p1|Sylveon, L50, F|
|poke|p1|Basculegion, L50, M|
|poke|p1|Aerodactyl, L50, M|
|poke|p2|Raichu, L50, M|
|poke|p2|Venusaur, L50, F|
|poke|p2|Ninetales-Alola, L50, F|
|poke|p2|Incineroar, L50, M|
|poke|p2|Basculegion, L50, M|
|poke|p2|Annihilape, L50, M|
|teampreview|4
|showteam|p1|Blaziken||Blazikenite|SpeedBoost|CloseCombat,FlareBlitz,RockSlide,Protect|Adamant||M|||50|]Kingambit||LifeOrb|Defiant|SuckerPunch,KowtowCleave,IronHead,Protect|Adamant||M|||50|]Farigiraf||SitrusBerry|ArmorTail|Thunderbolt,Psychic,TrickRoom,HelpingHand|Calm||M|||50|]Sylveon||FairyFeather|Pixilate|HyperVoice,QuickAttack,Roar,Protect|Modest||F|||50|]Basculegion||FocusSash|Adaptability|AquaJet,Liquidation,FlipTurn,LastRespects|Adamant||M|||50|]Aerodactyl||Aerodactylite|Unnerve|Protect,RockSlide,Tailwind,IceFang|Jolly||M|||50|
|showteam|p2|Raichu||RaichuniteY|LightningRod|ZapCannon,FocusBlast,FakeOut,Protect|Timid||M|||50|]Venusaur||Venusaurite|Chlorophyll|EnergyBall,SludgeBomb,LeechSeed,Protect|Modest||F|||50|]Ninetales-Alola||FocusSash|SnowWarning|FreezeDry,IcyWind,Moonblast,Protect|Timid||F|||50|]Incineroar||SitrusBerry|Intimidate|FakeOut,ThroatChop,PartingShot,FlareBlitz|Adamant||M|||50|]Basculegion||MysticWater|Adaptability|WaveCrash,LastRespects,AquaJet,Protect|Adamant||M|||50|]Annihilape||RoseliBerry|Defiant|DrainPunch,RageFist,BulkUp,Protect|Adamant||M|||50|
|
|t:|1784630262
|teamsize|p1|4
|teamsize|p2|4
|start
|switch|p1a: Kingambit|Kingambit, L50, M|100/100
|switch|p1b: Farigiraf|Farigiraf, L50, M|100/100
|switch|p2a: Raichu|Raichu, L50, M|100/100
|switch|p2b: Ninetales|Ninetales-Alola, L50, F|100/100
|-weather|Snowscape|[from] ability: Snow Warning|[of] p2b: Ninetales
|turn|1
|inactive|Battle timer is ON: inactive players will automatically lose when time's up. (requested by humanbacon)
|
|t:|1784630278
|detailschange|p2a: Raichu|Raichu-Mega-Y, L50, M
|-mega|p2a: Raichu|Raichu|Raichunite Y
|move|p1a: Kingambit|Protect|p1a: Kingambit
|-singleturn|p1a: Kingambit|Protect
|move|p2a: Raichu|Focus Blast|p1a: Kingambit
|-activate|p1a: Kingambit|move: Protect
|move|p2b: Ninetales|Moonblast|p1b: Farigiraf
|-damage|p1b: Farigiraf|71/100
|-unboost|p1b: Farigiraf|spa|1
|move|p1b: Farigiraf|Trick Room|p1b: Farigiraf
|-fieldstart|move: Trick Room|[of] p1b: Farigiraf
|
|-weather|Snowscape|[upkeep]
|upkeep
|turn|2
|
|t:|1784630299
|move|p1a: Kingambit|Iron Head|p2b: Ninetales
|-supereffective|p2b: Ninetales|2
|-enditem|p2b: Ninetales|Focus Sash
|-damage|p2b: Ninetales|1/100
|-damage|p1a: Kingambit|90/100|[from] item: Life Orb
|move|p1b: Farigiraf|Psychic|p2b: Ninetales
|-damage|p2b: Ninetales|0 fnt
|faint|p2b: Ninetales
|move|p2a: Raichu|Focus Blast|p1a: Kingambit
|-supereffective|p1a: Kingambit|2
|-damage|p1a: Kingambit|0 fnt
|faint|p1a: Kingambit
|
|-weather|Snowscape|[upkeep]
|upkeep
|
|t:|1784630314
|switch|p1a: Sylveon|Sylveon, L50, F|100/100
|switch|p2b: Incineroar|Incineroar, L50, M|100/100
|-ability|p2b: Incineroar|Intimidate|boost
|-unboost|p1a: Sylveon|atk|1
|-unboost|p1b: Farigiraf|atk|1
|turn|3
|
|t:|1784630325
|move|p1b: Farigiraf|Helping Hand|p1a: Sylveon
|-singleturn|p1a: Sylveon|Helping Hand|[of] p1b: Farigiraf
|move|p2a: Raichu|Protect|p2a: Raichu
|-singleturn|p2a: Raichu|Protect
|move|p2b: Incineroar|Parting Shot|p1a: Sylveon
|-unboost|p1a: Sylveon|atk|1
|-unboost|p1a: Sylveon|spa|1
|
|t:|1784630332
|switch|p2b: Venusaur|Venusaur, L50, F|100/100|[from] Parting Shot
|move|p1a: Sylveon|Hyper Voice|p2b: Venusaur|[spread] p2b
|-activate|p2a: Raichu|move: Protect
|-resisted|p2b: Venusaur|1
|-damage|p2b: Venusaur|78/100
|
|-weather|Snowscape|[upkeep]
|upkeep
|turn|4
|
|t:|1784630355
|move|p2b: Venusaur|Protect|p2b: Venusaur
|-singleturn|p2b: Venusaur|Protect
|move|p1a: Sylveon|Protect|p1a: Sylveon
|-singleturn|p1a: Sylveon|Protect
|move|p1b: Farigiraf|Psychic|p2b: Venusaur
|-activate|p2b: Venusaur|move: Protect
|move|p2a: Raichu|Zap Cannon|p1a: Sylveon
|-activate|p1a: Sylveon|move: Protect
|
|-weather|Snowscape|[upkeep]
|upkeep
|turn|5
|
|t:|1784630375
|switch|p2b: Incineroar|Incineroar, L50, M|100/100
|-ability|p2b: Incineroar|Intimidate|boost
|-unboost|p1a: Sylveon|atk|1
|-unboost|p1b: Farigiraf|atk|1
|move|p2a: Raichu|Protect|p2a: Raichu
|-singleturn|p2a: Raichu|Protect
|move|p1b: Farigiraf|Psychic|p2b: Incineroar
|-immune|p2b: Incineroar
|move|p1a: Sylveon|Hyper Voice|p2b: Incineroar|[spread] p2b
|-activate|p2a: Raichu|move: Protect
|-damage|p2b: Incineroar|68/100
|
|-weather|none
|-fieldend|move: Trick Room
|upkeep
|turn|6
|inactive|PyroLaxus has 30 seconds left.
|
|t:|1784630403
|move|p1b: Farigiraf|Helping Hand|p1a: Sylveon
|-singleturn|p1a: Sylveon|Helping Hand|[of] p1b: Farigiraf
|move|p2a: Raichu|Zap Cannon|p1b: Farigiraf
|-damage|p1b: Farigiraf|24/100
|-status|p1b: Farigiraf|par
|-enditem|p1b: Farigiraf|Sitrus Berry|[eat]
|-heal|p1b: Farigiraf|49/100 par|[from] item: Sitrus Berry
|move|p1a: Sylveon|Hyper Voice|p2b: Incineroar|[spread] p2a,p2b
|-damage|p2a: Raichu|32/100
|-damage|p2b: Incineroar|24/100
|-enditem|p2b: Incineroar|Sitrus Berry|[eat]
|-heal|p2b: Incineroar|49/100|[from] item: Sitrus Berry
|move|p2b: Incineroar|Throat Chop|p1b: Farigiraf
|-supereffective|p1b: Farigiraf|1
|-damage|p1b: Farigiraf|0 fnt
|faint|p1b: Farigiraf
|
|upkeep
|
|t:|1784630418
|switch|p1b: Blaziken|Blaziken, L50, M|100/100
|turn|7
|
|t:|1784630431
|detailschange|p1b: Blaziken|Blaziken-Mega, L50, M
|-mega|p1b: Blaziken|Blaziken|Blazikenite
|move|p2a: Raichu|Zap Cannon|p1a: Sylveon
|-damage|p1a: Sylveon|51/100
|-status|p1a: Sylveon|par
|move|p1b: Blaziken|Rock Slide|p2a: Raichu|[spread] p2a,p2b
|-supereffective|p2b: Incineroar|1
|-damage|p2a: Raichu|0 fnt
|-damage|p2b: Incineroar|3/100
|faint|p2a: Raichu
|move|p2b: Incineroar|Throat Chop|p1a: Sylveon
|-resisted|p1a: Sylveon|1
|-damage|p1a: Sylveon|27/100 par
|-start|p1a: Sylveon|Throat Chop|[silent]
|cant|p1a: Sylveon|move: Throat Chop
|
|-ability|p1b: Blaziken|Speed Boost|boost
|-boost|p1b: Blaziken|spe|1
|upkeep
|
|t:|1784630444
|switch|p2a: Venusaur|Venusaur, L50, F|78/100
|turn|8
|
|t:|1784630461
|move|p2a: Venusaur|Protect|p2a: Venusaur
|-singleturn|p2a: Venusaur|Protect
|move|p1a: Sylveon|Quick Attack|p2b: Incineroar
|-damage|p2b: Incineroar|0 fnt
|faint|p2b: Incineroar
|move|p1b: Blaziken|Flare Blitz|p2a: Venusaur
|-activate|p2a: Venusaur|move: Protect
|
|-end|p1a: Sylveon|Throat Chop|[silent]
|-ability|p1b: Blaziken|Speed Boost|boost
|-boost|p1b: Blaziken|spe|1
|upkeep
|turn|9
|
|t:|1784630478
|move|p1b: Blaziken|Flare Blitz|p2a: Venusaur
|-supereffective|p2a: Venusaur|1
|-damage|p2a: Venusaur|0 fnt
|faint|p2a: Venusaur
|-damage|p1b: Blaziken|72/100|[from] Recoil
|
|win|PyroLaxus
||humanbacon is ready for game 2.
||PyroLaxus is ready for game 2.
|uhtml|next|Next: Game 2 of 3
|l|☆humanbacon
|player|p2|
|j|☆humanbacon
|player|p2|humanbacon|acetrainer|
