|j|☆clare_chan1738
|j|☆InfiniKnight
|html|clare_chan1738InfiniKnight    
|uhtml|bestof|Game 1 of a best-of-3
|t:|1783729993
|gametype|doubles
|player|p1|clare_chan1738|dawn-gen4pt|
|player|p2|InfiniKnight|gambler|
|gen|9
|tier|[Gen 9 Champions] VGC 2026 Reg M-B (Bo3)
|rule|Species Clause: Limit one of each Pokémon
|rule|Item Clause: Limit 1 of each item
|clearpoke
|poke|p1|Aerodactyl, L50, M|
|poke|p1|Decidueye-Hisui, L50, M|
|poke|p1|Sneasler, L50, M, shiny|
|poke|p1|Volcarona, L50, F|
|poke|p1|Hatterene, L50, F, shiny|
|poke|p1|Banette, L50, F, shiny|
|poke|p2|Staraptor, L50, M, shiny|
|poke|p2|Kommo-o, L50, M, shiny|
|poke|p2|Oranguru, L50, M, shiny|
|poke|p2|Floette-Eternal, L50, F|
|poke|p2|Garganacl, L50, M, shiny|
|poke|p2|Annihilape, L50, M, shiny|
|teampreview|4
|showteam|p1|Aerodactyl||Aerodactylite|Unnerve|DualWingbeat,RockSlide,Tailwind,Protect|Jolly||M|||50|]Decidueye-Hisui||ScopeLens|Scrappy|TripleArrows,LeafBlade,SuckerPunch,Protect|Jolly||M|||50|]Sneasler||WhiteHerb|Unburden|FakeOut,DireClaw,CloseCombat,Protect|Adamant||M|||50|]Volcarona||FocusSash|FlameBody|QuiverDance,FieryDance,BugBuzz,Protect|Timid||F|||50|]Hatterene||QuickClaw|MagicBounce|Psychic,DazzlingGleam,ShadowBall,Protect|Modest||F|||50|]Banette||Banettite|CursedBody|DestinyBond,Encore,Disable,Poltergeist|Adamant||F|||50|
|showteam|p2|Staraptor||ChoiceScarf|Intimidate|Tailwind,DualWingbeat,FinalGambit,Uturn|Jolly||M|||50|]Kommo-o||DragonFang|Soundproof|AuraSphere,ClangingScales,ClangorousSoul,Protect|Bold||M|||50|]Oranguru||MentalHerb|InnerFocus|Instruct,Psychic,TrickRoom,Protect|Sassy||M|||50|]Floette-Eternal||Floettite|FlowerVeil|Protect,DazzlingGleam,Moonblast,LightofRuin|Timid||F|||50|]Garganacl||Leftovers|PurifyingSalt|SaltCure,Recover,Protect,HeavySlam|Impish||M|||50|]Annihilape||SitrusBerry|Defiant|RageFist,Protect,DrainPunch,BulkUp|Adamant||M|||50|
|j| budster16
|c| budster16|Shiny Kommo-o is ugly af, holy
|c|☆clare_chan1738|Fax
|c|☆InfiniKnight|ik
|
|t:|1783730059
|teamsize|p1|4
|teamsize|p2|4
|start
|switch|p1a: Sneasler|Sneasler, L50, M, shiny|100/100
|switch|p1b: Aerodactyl|Aerodactyl, L50, M|100/100
|switch|p2a: Garganacl|Garganacl, L50, M, shiny|100/100
|switch|p2b: PK starstorm|Staraptor, L50, M, shiny|100/100
|-ability|p1b: Aerodactyl|Unnerve
|-ability|p2b: PK starstorm|Intimidate|boost
|-unboost|p1a: Sneasler|atk|1
|-unboost|p1b: Aerodactyl|atk|1
|-enditem|p1a: Sneasler|White Herb
|-clearnegativeboost|p1a: Sneasler|[silent]
|turn|1
|
|t:|1783730092
|detailschange|p1b: Aerodactyl|Aerodactyl-Mega, L50, M
|-mega|p1b: Aerodactyl|Aerodactyl|Aerodactylite
|move|p1a: Sneasler|Fake Out|p2b: PK starstorm
|-damage|p2b: PK starstorm|76/100
|cant|p2b: PK starstorm|flinch
|move|p1b: Aerodactyl|Tailwind|p1b: Aerodactyl
|-sidestart|p1: clare_chan1738|move: Tailwind
|move|p2a: Garganacl|Salt Cure|p1b: Aerodactyl
|-supereffective|p1b: Aerodactyl|1
|-damage|p1b: Aerodactyl|69/100
|-start|p1b: Aerodactyl|Salt Cure
|
|-damage|p1b: Aerodactyl|63/100|[from] Salt Cure
|upkeep
|turn|2
|
|t:|1783730120
|move|p1a: Sneasler|Close Combat|p2b: PK starstorm
|-damage|p2b: PK starstorm|0 fnt
|-unboost|p1a: Sneasler|def|1
|-unboost|p1a: Sneasler|spd|1
|faint|p2b: PK starstorm
|move|p1b: Aerodactyl|Rock Slide|p2a: Garganacl
|-damage|p2a: Garganacl|85/100
|move|p2a: Garganacl|Heavy Slam|p1b: Aerodactyl
|-supereffective|p1b: Aerodactyl|1
|-damage|p1b: Aerodactyl|23/100
|
|-heal|p2a: Garganacl|91/100|[from] item: Leftovers
|-damage|p1b: Aerodactyl|17/100|[from] Salt Cure
|upkeep
|
|t:|1783730136
|switch|p2b: Annihilape|Annihilape, L50, M, shiny|100/100
|turn|3
|
|t:|1783730160
|move|p1a: Sneasler|Close Combat|p2a: Garganacl
|-supereffective|p2a: Garganacl|1
|-crit|p2a: Garganacl
|-damage|p2a: Garganacl|0 fnt
|-unboost|p1a: Sneasler|def|1
|-unboost|p1a: Sneasler|spd|1
|faint|p2a: Garganacl
|move|p1b: Aerodactyl|Dual Wingbeat|p2b: Annihilape
|-supereffective|p2b: Annihilape|1
|-damage|p2b: Annihilape|65/100
|-supereffective|p2b: Annihilape|1
|-damage|p2b: Annihilape|29/100
|-enditem|p2b: Annihilape|Sitrus Berry|[eat]
|-heal|p2b: Annihilape|53/100|[from] item: Sitrus Berry
|-hitcount|p2b: Annihilape|2
|move|p2b: Annihilape|Rage Fist|p1a: Sneasler
|-damage|p1a: Sneasler|0 fnt
|faint|p1a: Sneasler
|
|-damage|p1b: Aerodactyl|12/100|[from] Salt Cure
|upkeep
|
|t:|1783730180
|switch|p1a: Hatterene|Hatterene, L50, F, shiny|100/100
|switch|p2a: Floette|Floette-Eternal, L50, F|100/100
|turn|4
|
|t:|1783730199
|detailschange|p2a: Floette|Floette-Mega, L50, F
|-mega|p2a: Floette|Floette|Floettite
|-ability|p2a: Floette|Fairy Aura
|move|p2a: Floette|Protect|p2a: Floette
|-singleturn|p2a: Floette|Protect
|move|p1b: Aerodactyl|Dual Wingbeat|p2b: Annihilape
|-supereffective|p2b: Annihilape|1
|-damage|p2b: Annihilape|19/100
|-supereffective|p2b: Annihilape|1
|-damage|p2b: Annihilape|0 fnt
|faint|p2b: Annihilape
|-hitcount|p2: Annihilape|2
|move|p1a: Hatterene|Dazzling Gleam|p2a: Floette
|-activate|p2a: Floette|move: Protect
|
|-damage|p1b: Aerodactyl|6/100|[from] Salt Cure
|-sideend|p1: clare_chan1738|move: Tailwind
|upkeep
|turn|5
|
|t:|1783730227
|move|p1b: Aerodactyl|Tailwind|p1b: Aerodactyl
|-sidestart|p1: clare_chan1738|move: Tailwind
|move|p2a: Floette|Dazzling Gleam|p1a: Hatterene|[spread] p1a,p1b
|-damage|p1a: Hatterene|52/100
|-damage|p1b: Aerodactyl|0 fnt
|faint|p1b: Aerodactyl
|move|p1a: Hatterene|Dazzling Gleam|p2a: Floette
|-damage|p2a: Floette|51/100
|
|upkeep
|
|t:|1783730234
|switch|p1b: Rock Immune|Volcarona, L50, F|100/100
|turn|6
|
|t:|1783730244
|move|p1b: Rock Immune|Fiery Dance|p2a: Floette
|-damage|p2a: Floette|17/100
|-boost|p1b: Rock Immune|spa|1
|move|p2a: Floette|Dazzling Gleam|p1a: Hatterene|[spread] p1a,p1b
|-resisted|p1b: Rock Immune|1
|-damage|p1a: Hatterene|6/100
|-damage|p1b: Rock Immune|74/100
|move|p1a: Hatterene|Dazzling Gleam|p2a: Floette
|-damage|p2a: Floette|0 fnt
|faint|p2a: Floette
|
|win|clare_chan1738
||clare_chan1738 is ready for game 2.
||InfiniKnight is ready for game 2.
|uhtml|next|Next: Game 2 of 3
