|j|☆The.JuanMa
|j|☆Joker113
|html|The.JuanMaJoker113    
|uhtml|bestof|Game 2 of a best-of-3
|t:|1786055023
|gametype|doubles
|player|p1|The.JuanMa|265|1130
|player|p2|Joker113|1|1199
|gen|9
|tier|[Gen 9 Champions] VGC 2026 Reg M-B (Bo3)
|rated|
|rule|Species Clause: Limit one of each Pokémon
|rule|Item Clause: Limit 1 of each item
|clearpoke
|poke|p1|Whimsicott, L50, M, shiny|
|poke|p1|Floette-Eternal, L50, F|
|poke|p1|Charizard, L50, M, shiny|
|poke|p1|Basculegion, L50, M|
|poke|p1|Glimmora, L50, M, shiny|
|poke|p1|Garchomp, L50, F|
|poke|p2|Floette-Eternal, L50, F|
|poke|p2|Sneasler, L50, M|
|poke|p2|Dragapult, L50, M|
|poke|p2|Espathra, L50, F|
|poke|p2|Aegislash, L50, F|
|poke|p2|Aerodactyl, L50, F|
|teampreview|4
|showteam|p1|Whimsicott||FairyFeather|Prankster|Protect,Encore,Tailwind,Moonblast|Timid||M|||50|]Floette-Eternal||Floettite|FlowerVeil|Moonblast,DazzlingGleam,LightofRuin,Protect|Modest||F|||50|]Charizard||CharizarditeY|Blaze|Protect,HeatWave,SolarBeam,WeatherBall|Modest||M|||50|]Basculegion||ColburBerry|Adaptability|Protect,WaveCrash,LastRespects,AquaJet|Adamant||M|||50|]Glimmora||FocusSash|ToxicDebris|SpikyShield,PowerGem,SludgeBomb,EarthPower|Modest||M|||50|]Garchomp||SitrusBerry|RoughSkin|StompingTantrum,DragonClaw,Earthquake,Protect|Adamant||F|||50|
|showteam|p2|Floette-Eternal||Floettite|FlowerVeil|Protect,DazzlingGleam,EnergyBall,DrainingKiss|Modest||F|||50|]Sneasler||WhiteHerb|Unburden|CloseCombat,FakeOut,DireClaw,Protect|Adamant||M|||50|]Dragapult||LifeOrb|CursedBody|WillOWisp,ShadowBall,DracoMeteor,Protect|Modest||M|||50|]Espathra||MentalHerb|SpeedBoost|CalmMind,StoredPower,BatonPass,Protect|Serious||F|||50|]Aegislash||SitrusBerry|StanceChange|ShadowBall,KingsShield,WideGuard,FlashCannon|Bold||F|||50|]Aerodactyl||FocusSash|Unnerve|RockSlide,Tailwind,DualWingbeat,Protect|Jolly||F|||50|
|inactive|Battle timer is ON: inactive players will automatically lose when time's up. (requested by Joker113)
|
|t:|1786055047
|teamsize|p1|4
|teamsize|p2|4
|start
|switch|p1a: Algodoncio|Whimsicott, L50, M, shiny|100/100
|switch|p1b: Alcachofa|Glimmora, L50, M, shiny|100/100
|switch|p2a: Aerodactyl|Aerodactyl, L50, F|100/100
|switch|p2b: Aegislash|Aegislash, L50, F|100/100
|-ability|p2a: Aerodactyl|Unnerve
|turn|1
|inactive|The.JuanMa has 30 seconds left.
|
|t:|1786055072
|move|p2a: Aerodactyl|Tailwind|p2a: Aerodactyl
|-sidestart|p2: Joker113|move: Tailwind
|move|p1a: Algodoncio|Moonblast|p2a: Aerodactyl
|-damage|p2a: Aerodactyl|44/100
|-formechange|p2b: Aegislash|Aegislash-Blade|
|move|p2b: Aegislash|Flash Cannon|p1a: Algodoncio
|-supereffective|p1a: Algodoncio|1
|-damage|p1a: Algodoncio|0 fnt
|faint|p1a: Algodoncio
|move|p1b: Alcachofa|Power Gem|p2a: Aerodactyl
|-supereffective|p2a: Aerodactyl|1
|-damage|p2a: Aerodactyl|0 fnt
|faint|p2a: Aerodactyl
|
|upkeep
|
|t:|1786055088
|switch|p2a: Floette|Floette-Eternal, L50, F|100/100
|switch|p1a: Vampirim|Charizard, L50, M, shiny|100/100
|turn|2
|
|t:|1786055106
|detailschange|p2a: Floette|Floette-Mega, L50, F
|-mega|p2a: Floette|Floette|Floettite
|-ability|p2a: Floette|Fairy Aura
|detailschange|p1a: Vampirim|Charizard-Mega-Y, L50, M, shiny
|-mega|p1a: Vampirim|Charizard|Charizardite Y
|-weather|SunnyDay|[from] ability: Drought|[of] p1a: Vampirim
|move|p2b: Aegislash|Wide Guard|p2b: Aegislash
|-singleturn|p2b: Aegislash|Wide Guard
|move|p2a: Floette|Dazzling Gleam|p1a: Vampirim|[spread] p1a,p1b
|-resisted|p1a: Vampirim|1
|-resisted|p1b: Alcachofa|1
|-damage|p1a: Vampirim|76/100
|-damage|p1b: Alcachofa|71/100
|move|p1b: Alcachofa|Sludge Bomb|p2a: Floette
|-supereffective|p2a: Floette|1
|-damage|p2a: Floette|30/100
|move|p1a: Vampirim|Heat Wave|p2b: Aegislash|[spread] 
|-activate|p2a: Floette|move: Wide Guard
|-activate|p2b: Aegislash|move: Wide Guard
|
|-weather|SunnyDay|[upkeep]
|upkeep
|turn|3
|inactive|The.JuanMa has 30 seconds left.
|inactive|Joker113 has 30 seconds left.
|inactive|Joker113 has 20 seconds left.
|
|t:|1786055143
|move|p2a: Floette|Dazzling Gleam|p1a: Vampirim|[spread] p1a,p1b
|-resisted|p1a: Vampirim|1
|-crit|p1a: Vampirim
|-resisted|p1b: Alcachofa|1
|-damage|p1a: Vampirim|42/100
|-damage|p1b: Alcachofa|39/100
|move|p2b: Aegislash|Shadow Ball|p1a: Vampirim
|-damage|p1a: Vampirim|6/100
|move|p1b: Alcachofa|Sludge Bomb|p2a: Floette
|-supereffective|p2a: Floette|1
|-damage|p2a: Floette|0 fnt
|faint|p2a: Floette
|move|p1a: Vampirim|Weather Ball|p2b: Aegislash
|-supereffective|p2b: Aegislash|1
|-damage|p2b: Aegislash|0 fnt
|faint|p2b: Aegislash
|
|-weather|SunnyDay|[upkeep]
|upkeep
|
|t:|1786055147
|switch|p2b: Dragapult|Dragapult, L50, M|100/100
|turn|4
|
|t:|1786055164
|move|p1b: Alcachofa|Spiky Shield|p1b: Alcachofa
|-singleturn|p1b: Alcachofa|move: Protect
|move|p1a: Vampirim|Protect|p1a: Vampirim
|-singleturn|p1a: Vampirim|Protect
|move|p2b: Dragapult|Shadow Ball|p1b: Alcachofa
|-activate|p1b: Alcachofa|move: Protect
|
|-weather|SunnyDay|[upkeep]
|-sideend|p2: Joker113|move: Tailwind
|upkeep
|turn|5
|inactive|The.JuanMa has 30 seconds left.
|
|t:|1786055190
|move|p2b: Dragapult|Shadow Ball|p1b: Alcachofa
|-damage|p1b: Alcachofa|0 fnt
|faint|p1b: Alcachofa
|-damage|p2b: Dragapult|90/100|[from] item: Life Orb
|move|p1a: Vampirim|Weather Ball|p2b: Dragapult
|-resisted|p2b: Dragapult|1
|-damage|p2b: Dragapult|29/100
|
|-weather|SunnyDay|[upkeep]
|upkeep
|
|t:|1786055200
|switch|p1b: Salmoni|Basculegion, L50, M|100/100
|turn|6
|
|t:|1786055208
|move|p2b: Dragapult|Protect|p2b: Dragapult
|-singleturn|p2b: Dragapult|Protect
|move|p1a: Vampirim|Weather Ball|p2b: Dragapult
|-activate|p2b: Dragapult|move: Protect
|move|p1b: Salmoni|Last Respects|p2b: Dragapult
|-activate|p2b: Dragapult|move: Protect
|
|-weather|none
|upkeep
|turn|7
|
|t:|1786055230
|move|p1b: Salmoni|Aqua Jet|p2b: Dragapult
|-resisted|p2b: Dragapult|1
|-damage|p2b: Dragapult|13/100
|-start|p1b: Salmoni|Disable|Aqua Jet|[from] ability: Cursed Body|[of] p2b: Dragapult
|move|p2b: Dragapult|Shadow Ball|p1b: Salmoni
|-supereffective|p1b: Salmoni|1
|-crit|p1b: Salmoni
|-damage|p1b: Salmoni|0 fnt
|faint|p1b: Salmoni
|-damage|p2b: Dragapult|3/100|[from] item: Life Orb
|move|p1a: Vampirim|Heat Wave|p2b: Dragapult
|-resisted|p2b: Dragapult|1
|-damage|p2b: Dragapult|0 fnt
|faint|p2b: Dragapult
|
|win|The.JuanMa
|raw|The.JuanMa's rating: 1130 → 1160(+30 for winning)
|raw|Joker113's rating: 1199 → 1169(-30 for losing)
|l|☆Joker113
|player|p2|
