|j|☆ruddyreboot
|j|☆higigig
|html|ruddyreboothigigig    
|uhtml|bestof|Game 1 of a best-of-3
|t:|1756378364
|gametype|doubles
|player|p1|ruddyreboot|170|1217
|player|p2|higigig|sisandbro|1159
|gen|9
|tier|[Gen 9] VGC 2025 Reg H (Bo3)
|rated|
|rule|Species Clause: Limit one of each Pokémon
|rule|Item Clause: Limit 1 of each item
|clearpoke
|poke|p1|Vivillon-Pokeball, L50, F|
|poke|p1|Garchomp, L50, M|
|poke|p1|Primarina, L50, F|
|poke|p1|Porygon2, L50|
|poke|p1|Corviknight, L50, M|
|poke|p1|Kingambit, L50, M|
|poke|p2|Sneasler, L50, M|
|poke|p2|Ursaluna-Bloodmoon, L50, M|
|poke|p2|Amoonguss, L50, F|
|poke|p2|Incineroar, L50, F|
|poke|p2|Altaria, L50, F|
|poke|p2|Gholdengo, L50|
|teampreview|4
|showteam|p1|Vivillon-Pokeball||FocusSash|CompoundEyes|Hurricane,SleepPowder,RagePowder,Protect|||F|||50|,,,,,Ghost]Garchomp||LifeOrb|RoughSkin|DragonClaw,Earthquake,StompingTantrum,Protect|||M|||50|,,,,,Steel]Primarina||ThroatSpray|LiquidVoice|HyperVoice,Moonblast,Protect,Haze|||F|||50|,,,,,Poison]Porygon2||Eviolite|Download|TrickRoom,Recover,TeraBlast,IceBeam||||||50|,,,,,Flying]Corviknight||Leftovers|MirrorArmor|BraveBird,Roost,Tailwind,BulkUp|||M|||50|,,,,,Dragon]Kingambit||AssaultVest|Defiant|SuckerPunch,KowtowCleave,LowKick,IronHead|||M|||50|,,,,,Flying
|showteam|p2|Sneasler||ClearAmulet|PoisonTouch|FakeOut,CloseCombat,DireClaw,Protect|||M|||50|,,,,,Water]Ursaluna-Bloodmoon||AssaultVest|MindsEye|HyperVoice,EarthPower,BloodMoon,Moonblast|||M|||50|,,,,,Fairy]Amoonguss||SitrusBerry|Regenerator|SludgeBomb,PollenPuff,Spore,RagePowder|||F|||50|,,,,,Dark]Incineroar||SafetyGoggles|Intimidate|FakeOut,FlareBlitz,KnockOff,PartingShot|||F|||50|,,,,,Ghost]Altaria||CovertCloak|CloudNine|BreakingSwipe,Haze,Tailwind,Protect|||F|||50|,,,,,Fairy]Gholdengo||LifeOrb|GoodasGold|NastyPlot,MakeItRain,ShadowBall,Protect||||||50|,,,,,Water
|inactive|Battle timer is ON: inactive players will automatically lose when time's up. (requested by higigig)
|inactive|ruddyreboot also wants the timer to be on.
|inactive|higigig has 60 seconds left.
|inactive|higigig has 30 seconds left.
|inactive|higigig has 20 seconds left.
|inactive|higigig has 15 seconds left.
|inactive|higigig has 10 seconds left.
|
|t:|1756378447
|teamsize|p1|4
|teamsize|p2|4
|start
|switch|p1a: Primarina|Primarina, L50, F|100/100
|switch|p1b: Porygon2|Porygon2, L50|100/100
|switch|p2a: Amoonguss|Amoonguss, L50, F|100/100
|switch|p2b: Ursaluna|Ursaluna-Bloodmoon, L50, M|100/100
|-ability|p1b: Porygon2|Download|boost
|-boost|p1b: Porygon2|spa|1
|turn|1
|inactive|higigig has 30 seconds left.
|
|t:|1756378472
|-terastallize|p2b: Ursaluna|Fairy
|-terastallize|p1b: Porygon2|Flying
|move|p2b: Ursaluna|Hyper Voice|p1a: Primarina|[spread] p1a,p1b
|-crit|p1a: Primarina
|-damage|p1a: Primarina|46/100
|-damage|p1b: Porygon2|73/100
|move|p1a: Primarina|Hyper Voice|p2a: Amoonguss|[spread] p2a,p2b
|-resisted|p2a: Amoonguss
|-damage|p2a: Amoonguss|84/100
|-damage|p2b: Ursaluna|71/100
|-enditem|p1a: Primarina|Throat Spray
|-boost|p1a: Primarina|spa|1|[from] item: Throat Spray
|move|p1b: Porygon2|Tera Blast|p2a: Amoonguss|[anim] Tera Blast Flying
|-supereffective|p2a: Amoonguss
|-damage|p2a: Amoonguss|0 fnt
|faint|p2a: Amoonguss
|
|upkeep
|inactive|higigig has 30 seconds left.
|
|t:|1756378501
|switch|p2a: Sneasler|Sneasler, L50, M|100/100
|turn|2
|
|t:|1756378517
|switch|p1a: Kingambit|Kingambit, L50, M|100/100
|move|p2a: Sneasler|Fake Out|p1a: Kingambit
|-resisted|p1a: Kingambit
|-damage|p1a: Kingambit|95/100
|move|p2b: Ursaluna|Blood Moon|p1b: Porygon2
|-damage|p1b: Porygon2|26/100
|move|p1b: Porygon2|Trick Room|p1b: Porygon2
|-fieldstart|move: Trick Room|[of] p1b: Porygon2
|
|upkeep
|turn|3
|
|t:|1756378535
|move|p1a: Kingambit|Iron Head|p2b: Ursaluna
|-supereffective|p2b: Ursaluna
|-damage|p2b: Ursaluna|0 fnt
|faint|p2b: Ursaluna
|move|p1b: Porygon2|Recover|p1b: Porygon2
|-heal|p1b: Porygon2|76/100
|move|p2a: Sneasler|Close Combat|p1a: Kingambit
|-supereffective|p1a: Kingambit
|-damage|p1a: Kingambit|0 fnt
|-unboost|p2a: Sneasler|def|1
|-unboost|p2a: Sneasler|spd|1
|faint|p1a: Kingambit
|
|upkeep
|
|t:|1756378544
|switch|p1a: Primarina|Primarina, L50, F|46/100
|switch|p2b: Incineroar|Incineroar, L50, F|100/100
|-ability|p2b: Incineroar|Intimidate|boost
|-unboost|p1a: Primarina|atk|1
|-unboost|p1b: Porygon2|atk|1
|turn|4
|
|t:|1756378559
|move|p1a: Primarina|Protect|p1a: Primarina
|-singleturn|p1a: Primarina|Protect
|move|p2b: Incineroar|Fake Out|p1b: Porygon2
|-damage|p1b: Porygon2|68/100
|cant|p1b: Porygon2|flinch
|move|p2a: Sneasler|Dire Claw|p1b: Porygon2
|-damage|p1b: Porygon2|38/100
|-status|p1b: Porygon2|par
|
|upkeep
|turn|5
|
|t:|1756378576
|cant|p1b: Porygon2|par
|move|p2b: Incineroar|Knock Off|p1b: Porygon2
|-damage|p1b: Porygon2|12/100 par
|-enditem|p1b: Porygon2|Eviolite|[from] move: Knock Off|[of] p2b: Incineroar
|move|p1a: Primarina|Hyper Voice|p2b: Incineroar|[spread] p2a,p2b
|-supereffective|p2b: Incineroar
|-damage|p2a: Sneasler|25/100
|-damage|p2b: Incineroar|34/100
|move|p2a: Sneasler|Dire Claw|p1a: Primarina
|-supereffective|p1a: Primarina
|-damage|p1a: Primarina|0 fnt
|faint|p1a: Primarina
|
|upkeep
|
|t:|1756378584
|switch|p1a: Vivillon|Vivillon-Pokeball, L50, F|100/100
|turn|6
|inactive|higigig has 30 seconds left.
|
|t:|1756378614
|move|p1a: Vivillon|Protect|p1a: Vivillon
|-singleturn|p1a: Vivillon|Protect
|move|p2a: Sneasler|Protect|p2a: Sneasler
|-singleturn|p2a: Sneasler|Protect
|cant|p1b: Porygon2|par
|move|p2b: Incineroar|Flare Blitz|p1a: Vivillon
|-activate|p1a: Vivillon|move: Protect
|
|-fieldend|move: Trick Room
|upkeep
|turn|7
|
|t:|1756378628
|move|p2a: Sneasler|Dire Claw|p1a: Vivillon
|-damage|p1a: Vivillon|6/100
|-status|p1a: Vivillon|slp
|cant|p1a: Vivillon|slp
|move|p2b: Incineroar|Knock Off|p1b: Porygon2
|-damage|p1b: Porygon2|0 fnt
|faint|p1b: Porygon2
|
|upkeep
|turn|8
|
|t:|1756378637
|move|p2a: Sneasler|Dire Claw|p1a: Vivillon
|-damage|p1a: Vivillon|0 fnt
|faint|p1a: Vivillon
|
|win|higigig
