|j|☆Ossi1590
|j|☆Joker113
|html|Ossi1590Joker113    
|uhtml|bestof|Game 2 of a best-of-3
|t:|1783434064
|gametype|doubles
|player|p1|Ossi1590|colress|1322
|player|p2|Joker113|101|1264
|gen|9
|tier|[Gen 9 Champions] VGC 2026 Reg M-B (Bo3)
|rated|
|rule|Species Clause: Limit one of each Pokémon
|rule|Item Clause: Limit 1 of each item
|clearpoke
|poke|p1|Raichu, L50, F|
|poke|p1|Mawile, L50, M|
|poke|p1|Sinistcha, L50|
|poke|p1|Ceruledge, L50, F|
|poke|p1|Milotic, L50, F|
|poke|p1|Incineroar, L50, M|
|poke|p2|Basculegion, L50, M|
|poke|p2|Maushold, L50|
|poke|p2|Venusaur, L50, F|
|poke|p2|Whimsicott, L50, F|
|poke|p2|Charizard, L50, F|
|poke|p2|Sneasler, L50, M|
|teampreview|4
|showteam|p1|Raichu||RaichuniteY|LightningRod|ZapCannon,FocusBlast,FakeOut,Protect|Timid||F|||50|]Mawile||Mawilite|HyperCutter|PlayRough,SuckerPunch,SwordsDance,Protect|Adamant||M|||50|]Sinistcha||KasibBerry|Hospitality|MatchaGotcha,LifeDew,RagePowder,Protect|Relaxed|||||50|]Ceruledge||ColburBerry|FlashFire|BitterBlade,ShadowSneak,BulkUp,Protect|Adamant||F|||50|]Milotic||Leftovers|Competitive|MuddyWater,Coil,Hypnosis,Protect|Calm||F|||50|]Incineroar||SitrusBerry|Intimidate|FlareBlitz,ThroatChop,FakeOut,PartingShot|Impish||M|||50|
|showteam|p2|Basculegion||MysticWater|Adaptability|LastRespects,AquaJet,WaveCrash,Protect|Adamant||M|||50|]Maushold||WideLens|Technician|PopulationBomb,FollowMe,ThunderWave,Protect|Adamant|||||50|]Venusaur||LifeOrb|Chlorophyll|SleepPowder,EarthPower,LeafStorm,Protect|Modest||F|||50|]Whimsicott||FocusSash|Prankster|Encore,Endeavor,Moonblast,Tailwind|Modest||F|||50|]Charizard||CharizarditeY|SolarPower|HeatWave,Protect,SolarBeam,WeatherBall|Modest||F|||50|]Sneasler||WhiteHerb|Unburden|CloseCombat,FakeOut,DireClaw,Protect|Adamant||M|||50|
|inactive|Battle timer is ON: inactive players will automatically lose when time's up. (requested by Ossi1590)
|inactive|Joker113 has 60 seconds left.
|
|t:|1783434129
|teamsize|p1|4
|teamsize|p2|4
|start
|switch|p1a: Milotic|Milotic, L50, F|100/100
|switch|p1b: Incineroar|Incineroar, L50, M|100/100
|switch|p2a: Basculegion|Basculegion, L50, M|100/100
|switch|p2b: Maushold|Maushold, L50|100/100
|-ability|p1b: Incineroar|Intimidate|boost
|-unboost|p2a: Basculegion|atk|1
|-unboost|p2b: Maushold|atk|1
|turn|1
|inactive|Ossi1590 has 30 seconds left.
|
|t:|1783434160
|switch|p2a: Sneasler|Sneasler, L50, M|100/100
|move|p2b: Maushold|Protect|p2b: Maushold
|-singleturn|p2b: Maushold|Protect
|move|p1a: Milotic|Coil|p1a: Milotic
|-boost|p1a: Milotic|atk|1
|-boost|p1a: Milotic|def|1
|-boost|p1a: Milotic|accuracy|1
|move|p1b: Incineroar|Throat Chop|p2a: Sneasler
|-resisted|p2a: Sneasler|1
|-damage|p2a: Sneasler|75/100
|-start|p2a: Sneasler|Throat Chop|[silent]
|
|upkeep
|turn|2
|
|t:|1783434176
|switch|p1b: Ceruledge|Ceruledge, L50, F|100/100
|move|p2a: Sneasler|Close Combat|p1b: Ceruledge
|-immune|p1b: Ceruledge
|move|p2b: Maushold|Thunder Wave|p1a: Milotic
|-status|p1a: Milotic|par
|move|p1a: Milotic|Coil|p1a: Milotic
|-boost|p1a: Milotic|atk|1
|-boost|p1a: Milotic|def|1
|-boost|p1a: Milotic|accuracy|1
|
|-end|p2a: Sneasler|Throat Chop|[silent]
|upkeep
|turn|3
|
|t:|1783434189
|switch|p2a: Basculegion|Basculegion, L50, M|100/100
|move|p2b: Maushold|Follow Me|p2b: Maushold
|-singleturn|p2b: Maushold|move: Follow Me
|move|p1b: Ceruledge|Bulk Up|p1b: Ceruledge
|-boost|p1b: Ceruledge|atk|1
|-boost|p1b: Ceruledge|def|1
|move|p1a: Milotic|Coil|p1a: Milotic
|-boost|p1a: Milotic|atk|1
|-boost|p1a: Milotic|def|1
|-boost|p1a: Milotic|accuracy|1
|
|upkeep
|turn|4
|
|t:|1783434203
|move|p1b: Ceruledge|Protect|p1b: Ceruledge
|-singleturn|p1b: Ceruledge|Protect
|move|p2b: Maushold|Follow Me|p2b: Maushold
|-singleturn|p2b: Maushold|move: Follow Me
|move|p2a: Basculegion|Wave Crash|p1b: Ceruledge
|-activate|p1b: Ceruledge|move: Protect
|move|p1a: Milotic|Hypnosis|p2b: Maushold
|-status|p2b: Maushold|slp|[from] move: Hypnosis
|
|upkeep
|turn|5
|j| championmodric
|inactive|Joker113 has 30 seconds left.
|
|t:|1783434232
|switch|p2b: Sneasler|Sneasler, L50, M|75/100
|move|p2a: Basculegion|Last Respects|p1b: Ceruledge
|-supereffective|p1b: Ceruledge|1
|-damage|p1b: Ceruledge|46/100
|move|p1b: Ceruledge|Bitter Blade|p2b: Sneasler
|-damage|p2b: Sneasler|0 fnt
|-heal|p1b: Ceruledge|79/100|[from] drain|[of] p2b: Sneasler
|faint|p2b: Sneasler
|move|p1a: Milotic|Hypnosis|p2a: Basculegion
|-status|p2a: Basculegion|slp|[from] move: Hypnosis
|
|upkeep
|
|t:|1783434237
|switch|p2b: Charizard|Charizard, L50, F|100/100
|turn|6
|
|t:|1783434253
|detailschange|p2b: Charizard|Charizard-Mega-Y, L50, F
|-mega|p2b: Charizard|Charizard|Charizardite Y
|-weather|SunnyDay|[from] ability: Drought|[of] p2b: Charizard
|move|p2b: Charizard|Solar Beam||[still]
|-prepare|p2b: Charizard|Solar Beam
|-anim|p2b: Charizard|Solar Beam|p1a: Milotic
|-supereffective|p1a: Milotic|1
|-damage|p1a: Milotic|34/100 par
|cant|p2a: Basculegion|slp
|move|p1b: Ceruledge|Bulk Up|p1b: Ceruledge
|-boost|p1b: Ceruledge|atk|1
|-boost|p1b: Ceruledge|def|1
|move|p1a: Milotic|Hypnosis|p2b: Charizard
|-status|p2b: Charizard|slp|[from] move: Hypnosis
|
|-weather|SunnyDay|[upkeep]
|-heal|p1a: Milotic|40/100 par|[from] item: Leftovers
|upkeep
|turn|7
|l| championmodric
|
|t:|1783434267
|move|p1b: Ceruledge|Shadow Sneak|p2a: Basculegion
|-supereffective|p2a: Basculegion|1
|-damage|p2a: Basculegion|0 fnt
|faint|p2a: Basculegion
|cant|p2b: Charizard|slp
|move|p1a: Milotic|Muddy Water|p2b: Charizard
|-supereffective|p2b: Charizard|1
|-damage|p2b: Charizard|73/100 slp
|-unboost|p2b: Charizard|accuracy|1
|
|-weather|SunnyDay|[upkeep]
|-heal|p1a: Milotic|46/100 par|[from] item: Leftovers
|upkeep
|-message|Joker113 forfeited.
|raw|Ossi1590's rating: 1322 → 1339(+17 for winning)
|raw|Joker113's rating: 1264 → 1243(-21 for losing)
|
|win|Ossi1590
|l|☆Joker113
|player|p2|
|c|☆Ossi1590|Literally read every turn...
