|j|☆txabo mctxabo
|j|☆WASHINGTONGARGACHA
|html|txabo mctxaboWASHINGTONGARGACHA    
|uhtml|bestof|Game 1 of a best-of-3
|t:|1757805831
|gametype|doubles
|player|p1|txabo mctxabo|265|1198
|player|p2|WASHINGTONGARGACHA|101|1192
|gen|9
|tier|[Gen 9] VGC 2025 Reg H (Bo3)
|rated|
|rule|Species Clause: Limit one of each Pokémon
|rule|Item Clause: Limit 1 of each item
|clearpoke
|poke|p1|Volcarona, L50, F|
|poke|p1|Incineroar, L50, M|
|poke|p1|Rillaboom, L50, F|
|poke|p1|Ninetales-Alola, L50, M|
|poke|p1|Dragonite, L50, F|
|poke|p1|Sneasler, L50, M|
|poke|p2|Sneasler, L50, F|
|poke|p2|Dragonite, L50, F|
|poke|p2|Rillaboom, L50, M|
|poke|p2|Basculegion, L50, M|
|poke|p2|Volcarona, L50, M|
|poke|p2|Kingambit, L50, F|
|teampreview|4
|showteam|p1|Volcarona||Leftovers|FlameBody|HeatWave,GigaDrain,Protect,QuiverDance|||F|||50|,,,,,Dragon]Incineroar||SafetyGoggles|Intimidate|FakeOut,KnockOff,Taunt,PartingShot|||M|||50|,,,,,Ghost]Rillaboom||AssaultVest|GrassySurge|FakeOut,WoodHammer,GrassyGlide,Uturn|||F|||50|,,,,,Fire]Ninetales-Alola||ChoiceSpecs|SnowWarning|Moonblast,DazzlingGleam,FreezeDry,Blizzard|||M|||50|,,,,,Ghost]Dragonite||LoadedDice|Multiscale|ScaleShot,StompingTantrum,Haze,Protect|||F|||50|,,,,,Fairy]Sneasler||FocusSash|Unburden|CloseCombat,DireClaw,Coaching,Protect|||M|||50|,,,,,Stellar
|showteam|p2|Sneasler||WhiteHerb|Unburden|Protect,CloseCombat,ThroatChop,DireClaw|||F|||50|,,,,,Dark]Dragonite||LoadedDice|Multiscale|ScaleShot,Protect,Haze,IceSpinner|||F|||50|,,,,,Fairy]Rillaboom||AssaultVest|GrassySurge|GrassyGlide,WoodHammer,Uturn,FakeOut|||M|||50|,,,,,Fire]Basculegion||ChoiceBand|Adaptability|AquaJet,FlipTurn,WaveCrash,LastRespects|||M|||50|,,,,,Water]Volcarona||GrassySeed|FlameBody|QuiverDance,FieryDance,GigaDrain,Protect|||M|||50|,,,,,Fairy]Kingambit||BlackGlasses|Defiant|KowtowCleave,SuckerPunch,Protect,SwordsDance|||F|||50|,,,,,Dark
|
|t:|1757805903
|teamsize|p1|4
|teamsize|p2|4
|start
|switch|p1a: Volcarona|Volcarona, L50, F|100/100
|switch|p1b: Sneasler|Sneasler, L50, M|100/100
|switch|p2a: Rillaboom|Rillaboom, L50, M|100/100
|switch|p2b: Volcarona|Volcarona, L50, M|100/100
|-fieldstart|move: Grassy Terrain|[from] ability: Grassy Surge|[of] p2a: Rillaboom
|-enditem|p2b: Volcarona|Grassy Seed
|-boost|p2b: Volcarona|def|1|[from] item: Grassy Seed
|turn|1
|
|t:|1757805921
|move|p2a: Rillaboom|Fake Out|p1b: Sneasler
|-damage|p1b: Sneasler|77/100
|cant|p1b: Sneasler|flinch
|move|p1a: Volcarona|Quiver Dance|p1a: Volcarona
|-boost|p1a: Volcarona|spa|1
|-boost|p1a: Volcarona|spd|1
|-boost|p1a: Volcarona|spe|1
|move|p2b: Volcarona|Quiver Dance|p2b: Volcarona
|-boost|p2b: Volcarona|spa|1
|-boost|p2b: Volcarona|spd|1
|-boost|p2b: Volcarona|spe|1
|
|-heal|p1b: Sneasler|82/100|[from] Grassy Terrain
|upkeep
|turn|2
|
|t:|1757805946
|switch|p1b: Incineroar|Incineroar, L50, M|100/100
|-ability|p1b: Incineroar|Intimidate|boost
|-unboost|p2a: Rillaboom|atk|1
|-unboost|p2b: Volcarona|atk|1
|move|p1a: Volcarona|Quiver Dance|p1a: Volcarona
|-boost|p1a: Volcarona|spa|1
|-boost|p1a: Volcarona|spd|1
|-boost|p1a: Volcarona|spe|1
|move|p2b: Volcarona|Fiery Dance|p1a: Volcarona
|-crit|p1a: Volcarona
|-damage|p1a: Volcarona|25/100
|move|p2a: Rillaboom|U-turn|p1a: Volcarona
|-resisted|p1a: Volcarona
|-damage|p1a: Volcarona|15/100
|
|t:|1757805958
|switch|p2a: Kingambit|Kingambit, L50, F|100/100|[from] U-turn
|
|-heal|p1a: Volcarona|21/100|[from] Grassy Terrain
|-heal|p1a: Volcarona|27/100|[from] item: Leftovers
|upkeep
|turn|3
|
|t:|1757805980
|switch|p1b: Rillaboom|Rillaboom, L50, F|100/100
|move|p1a: Volcarona|Protect|p1a: Volcarona
|-singleturn|p1a: Volcarona|Protect
|move|p2b: Volcarona|Protect|p2b: Volcarona
|-singleturn|p2b: Volcarona|Protect
|move|p2a: Kingambit|Swords Dance|p2a: Kingambit
|-boost|p2a: Kingambit|atk|2
|
|-heal|p1a: Volcarona|33/100|[from] Grassy Terrain
|-heal|p1a: Volcarona|40/100|[from] item: Leftovers
|upkeep
|turn|4
|
|t:|1757806011
|-terastallize|p2b: Volcarona|Fairy
|-terastallize|p1b: Rillaboom|Fire
|move|p2a: Kingambit|Protect|p2a: Kingambit
|-singleturn|p2a: Kingambit|Protect
|move|p1b: Rillaboom|Fake Out|p2a: Kingambit
|-activate|p2a: Kingambit|move: Protect
|move|p1a: Volcarona|Heat Wave|p2b: Volcarona|[spread] p2b
|-activate|p2a: Kingambit|move: Protect
|-damage|p2b: Volcarona|58/100
|move|p2b: Volcarona|Fiery Dance|p1b: Rillaboom
|-resisted|p1b: Rillaboom
|-damage|p1b: Rillaboom|79/100
|-boost|p2b: Volcarona|spa|1
|
|-heal|p1a: Volcarona|46/100|[from] Grassy Terrain
|-heal|p1a: Volcarona|52/100|[from] item: Leftovers
|-heal|p2b: Volcarona|63/100|[from] Grassy Terrain
|-heal|p1b: Rillaboom|85/100|[from] Grassy Terrain
|upkeep
|turn|5
|
|t:|1757806042
|move|p2a: Kingambit|Sucker Punch||[still]
|-fail|p2a: Kingambit
|move|p1a: Volcarona|Quiver Dance|p1a: Volcarona
|-boost|p1a: Volcarona|spa|1
|-boost|p1a: Volcarona|spd|1
|-boost|p1a: Volcarona|spe|1
|move|p2b: Volcarona|Quiver Dance|p2b: Volcarona
|-boost|p2b: Volcarona|spa|1
|-boost|p2b: Volcarona|spd|1
|-boost|p2b: Volcarona|spe|1
|move|p1b: Rillaboom|U-turn|p2a: Kingambit
|-damage|p2a: Kingambit|81/100
|
|t:|1757806053
|switch|p1b: Sneasler|Sneasler, L50, M|82/100|[from] U-turn
|
|-heal|p1a: Volcarona|58/100|[from] Grassy Terrain
|-heal|p1a: Volcarona|65/100|[from] item: Leftovers
|-heal|p2b: Volcarona|69/100|[from] Grassy Terrain
|-heal|p1b: Sneasler|88/100|[from] Grassy Terrain
|-heal|p2a: Kingambit|87/100|[from] Grassy Terrain
|-fieldend|move: Grassy Terrain
|upkeep
|turn|6
|
|t:|1757806071
|move|p2a: Kingambit|Sucker Punch|p1b: Sneasler
|-resisted|p1b: Sneasler
|-damage|p1b: Sneasler|4/100
|move|p1a: Volcarona|Heat Wave|p2b: Volcarona|[spread] p2a,p2b
|-supereffective|p2a: Kingambit
|-crit|p2a: Kingambit
|-damage|p2a: Kingambit|0 fnt
|-damage|p2b: Volcarona|31/100
|faint|p2a: Kingambit
|move|p2b: Volcarona|Fiery Dance|p1a: Volcarona
|-damage|p1a: Volcarona|33/100
|-boost|p2b: Volcarona|spa|1
|move|p1b: Sneasler|Close Combat|p2b: Volcarona
|-resisted|p2b: Volcarona
|-damage|p2b: Volcarona|13/100
|-unboost|p1b: Sneasler|def|1
|-unboost|p1b: Sneasler|spd|1
|
|-heal|p1a: Volcarona|39/100|[from] item: Leftovers
|upkeep
|
|t:|1757806087
|switch|p2a: Rillaboom|Rillaboom, L50, M|100/100
|-fieldstart|move: Grassy Terrain|[from] ability: Grassy Surge|[of] p2a: Rillaboom
|turn|7
|
|t:|1757806098
|switch|p1b: Incineroar|Incineroar, L50, M|100/100
|-ability|p1b: Incineroar|Intimidate|boost
|-unboost|p2a: Rillaboom|atk|1
|-unboost|p2b: Volcarona|atk|1
|move|p1a: Volcarona|Protect|p1a: Volcarona
|-singleturn|p1a: Volcarona|Protect
|move|p2a: Rillaboom|Fake Out|p1a: Volcarona
|-activate|p1a: Volcarona|move: Protect
|move|p2b: Volcarona|Quiver Dance|p2b: Volcarona
|-boost|p2b: Volcarona|spa|1
|-boost|p2b: Volcarona|spd|1
|-boost|p2b: Volcarona|spe|1
|
|-heal|p1a: Volcarona|45/100|[from] Grassy Terrain
|-heal|p1a: Volcarona|52/100|[from] item: Leftovers
|-heal|p2b: Volcarona|18/100|[from] Grassy Terrain
|upkeep
|turn|8
|
|t:|1757806120
|move|p2b: Volcarona|Protect|p2b: Volcarona
|-singleturn|p2b: Volcarona|Protect
|move|p1b: Incineroar|Fake Out|p2a: Rillaboom
|-damage|p2a: Rillaboom|88/100
|move|p1a: Volcarona|Heat Wave|p2b: Volcarona|[spread] p2a
|-activate|p2b: Volcarona|move: Protect
|-supereffective|p2a: Rillaboom
|-damage|p2a: Rillaboom|0 fnt
|faint|p2a: Rillaboom
|
|-heal|p1a: Volcarona|58/100|[from] Grassy Terrain
|-heal|p1a: Volcarona|64/100|[from] item: Leftovers
|-heal|p2b: Volcarona|24/100|[from] Grassy Terrain
|upkeep
|
|t:|1757806132
|switch|p2a: Sneasler|Sneasler, L50, F|100/100
|turn|9
|
|t:|1757806158
|move|p1a: Volcarona|Heat Wave|p2a: Sneasler|[spread] p2b
|-miss|p1a: Volcarona|p2a: Sneasler
|-damage|p2b: Volcarona|0 fnt
|faint|p2b: Volcarona
|move|p2a: Sneasler|Dire Claw|p1a: Volcarona
|-damage|p1a: Volcarona|15/100
|move|p1b: Incineroar|Parting Shot|p2a: Sneasler
|-unboost|p2a: Sneasler|atk|1
|-unboost|p2a: Sneasler|spa|1
|-enditem|p2a: Sneasler|White Herb
|-clearnegativeboost|p2a: Sneasler|[silent]
|
|t:|1757806168
|switch|p1b: Rillaboom|Rillaboom, L50, F, tera:Fire|85/100|[from] Parting Shot
|
|-heal|p1a: Volcarona|21/100|[from] Grassy Terrain
|-heal|p1a: Volcarona|28/100|[from] item: Leftovers
|-heal|p1b: Rillaboom|91/100|[from] Grassy Terrain
|upkeep
|turn|10
|
|t:|1757806179
|move|p2a: Sneasler|Protect|p2a: Sneasler
|-singleturn|p2a: Sneasler|Protect
|move|p1b: Rillaboom|Fake Out|p2a: Sneasler
|-activate|p2a: Sneasler|move: Protect
|move|p1a: Volcarona|Quiver Dance|p1a: Volcarona
|-boost|p1a: Volcarona|spa|1
|-boost|p1a: Volcarona|spd|1
|-boost|p1a: Volcarona|spe|1
|
|-heal|p1a: Volcarona|34/100|[from] Grassy Terrain
|-heal|p1a: Volcarona|40/100|[from] item: Leftovers
|-heal|p1b: Rillaboom|97/100|[from] Grassy Terrain
|upkeep
|turn|11
|
|t:|1757806193
|move|p1a: Volcarona|Giga Drain|p2a: Sneasler
|-resisted|p2a: Sneasler
|-damage|p2a: Sneasler|33/100
|-heal|p1a: Volcarona|68/100|[from] drain|[of] p2a: Sneasler
|move|p2a: Sneasler|Dire Claw|p1a: Volcarona
|-damage|p1a: Volcarona|22/100
|move|p1b: Rillaboom|U-turn|p2a: Sneasler
|-resisted|p2a: Sneasler
|-damage|p2a: Sneasler|23/100
|
|t:|1757806202
|switch|p1b: Sneasler|Sneasler, L50, M|4/100|[from] U-turn
|
|-heal|p1a: Volcarona|28/100|[from] Grassy Terrain
|-heal|p1a: Volcarona|34/100|[from] item: Leftovers
|-heal|p2a: Sneasler|29/100|[from] Grassy Terrain
|-heal|p1b: Sneasler|10/100|[from] Grassy Terrain
|-fieldend|move: Grassy Terrain
|upkeep
|turn|12
|-message|WASHINGTONGARGACHA forfeited.
|
|win|txabo mctxabo
