|j|☆TJP195
|j|☆regalac3
|html|TJP195regalac3    
|uhtml|bestof|Game 1 of a best-of-3
|t:|1757026586
|gametype|doubles
|player|p1|TJP195|rocketgrunt|1078
|player|p2|regalac3|n|1104
|gen|9
|tier|[Gen 9] VGC 2025 Reg H (Bo3)
|rated|
|rule|Species Clause: Limit one of each Pokémon
|rule|Item Clause: Limit 1 of each item
|clearpoke
|poke|p1|Braviary-Hisui, L50, M|
|poke|p1|Ursaluna, L50, M|
|poke|p1|Indeedee-F, L50, F|
|poke|p1|Flamigo, L50, M|
|poke|p1|Incineroar, L50, M|
|poke|p1|Meowstic, L50, M|
|poke|p2|Pelipper, L50, F|
|poke|p2|Basculegion, L50, M|
|poke|p2|Archaludon, L50, F|
|poke|p2|Annihilape, L50, M|
|poke|p2|Rillaboom, L50, M|
|poke|p2|Maushold-Four, L50|
|teampreview|4
|showteam|p1|Braviary-Hisui||ChoiceSpecs|TintedLens|ExpandingForce,HeatWave,Snarl,Hurricane|||M|||50|,,,,,Psychic]Ursaluna||FlameOrb|Guts|Facade,Protect,HeadlongRush,Earthquake|||M|||50|,,,,,Ghost]Indeedee-F||SafetyGoggles|PsychicSurge|TrickRoom,FollowMe,HelpingHand,DazzlingGleam|||F|||50|,,,,,Fairy]Flamigo||FocusSash|Scrappy|CloseCombat,Protect,WideGuard,Acrobatics|||M|||50|,,,,,Stellar]Incineroar||AssaultVest|Intimidate|Uturn,FakeOut,KnockOff,FlareBlitz|||M|||50|,,,,,Grass]Meowstic||MentalHerb|Prankster|PsychicTerrain,TrickRoom,LightScreen,RainDance|||M|||50|,,,,,Grass
|showteam|p2|Pelipper||FocusSash|Drizzle|Hurricane,WeatherBall,WideGuard,Protect|||F|||50|,,,,,Stellar]Basculegion||LifeOrb|SwiftSwim|WaveCrash,LastRespects,AquaJet,Protect|||M|||50|,,,,,Water]Archaludon||AssaultVest|Stamina|FlashCannon,DracoMeteor,ElectroShot,BodyPress|||F|||50|,,,,,Bug]Annihilape||Leftovers|Defiant|RageFist,DrainPunch,BulkUp,Protect|||M|||50|,,,,,Fire]Rillaboom||LoadedDice|GrassySurge|BulletSeed,GrassyGlide,HighHorsepower,FakeOut|||M|||50|,,,,,Water]Maushold-Four||SafetyGoggles|FriendGuard|BeatUp,FollowMe,Taunt,Protect||||||50|,,,,,Ghost
|inactive|Battle timer is ON: inactive players will automatically lose when time's up. (requested by regalac3)
|inactive|regalac3 has 60 seconds left.
|
|t:|1757026625
|teamsize|p1|4
|teamsize|p2|4
|start
|switch|p1a: Indeedee|Indeedee-F, L50, F, shiny|100/100
|switch|p1b: Meowstic|Meowstic, L50, M, shiny|100/100
|switch|p2a: Pelipper|Pelipper, L50, F|100/100
|switch|p2b: Basculegion|Basculegion, L50, M|100/100
|-weather|RainDance|[from] ability: Drizzle|[of] p2a: Pelipper
|-fieldstart|move: Psychic Terrain|[from] ability: Psychic Surge|[of] p1a: Indeedee
|turn|1
|inactive|regalac3 has 30 seconds left.
|
|t:|1757026653
|move|p1a: Indeedee|Follow Me|p1a: Indeedee
|-singleturn|p1a: Indeedee|move: Follow Me
|move|p2b: Basculegion|Wave Crash|p1a: Indeedee
|-damage|p1a: Indeedee|0 fnt
|faint|p1a: Indeedee
|-damage|p2b: Basculegion|71/100|[from] Recoil
|-damage|p2b: Basculegion|61/100|[from] item: Life Orb
|move|p2a: Pelipper|Hurricane|p1b: Meowstic
|-damage|p1b: Meowstic|46/100
|move|p1b: Meowstic|Trick Room|p1b: Meowstic
|-fieldstart|move: Trick Room|[of] p1b: Meowstic
|
|-weather|RainDance|[upkeep]
|upkeep
|
|t:|1757026668
|switch|p1a: Braviary|Braviary-Hisui, L50, M, shiny|100/100
|turn|2
|
|t:|1757026686
|move|p2a: Pelipper|Wide Guard|p2a: Pelipper
|-singleturn|p2a: Pelipper|Wide Guard
|move|p1b: Meowstic|Light Screen|p1b: Meowstic
|-sidestart|p1: TJP195|move: Light Screen
|move|p1a: Braviary|Hurricane|p2b: Basculegion
|-damage|p2b: Basculegion|0 fnt
|faint|p2b: Basculegion
|
|-weather|RainDance|[upkeep]
|upkeep
|
|t:|1757026703
|switch|p2b: Archaludon|Archaludon, L50, F|100/100
|turn|3
|
|t:|1757026727
|switch|p1b: Ursaluna|Ursaluna, L50, M, shiny|100/100
|-terastallize|p1a: Braviary|Psychic
|move|p1a: Braviary|Hurricane|p2a: Pelipper
|-enditem|p2a: Pelipper|Focus Sash
|-damage|p2a: Pelipper|1/100
|move|p2b: Archaludon|Electro Shot||[still]
|-prepare|p2b: Archaludon|Electro Shot
|-boost|p2b: Archaludon|spa|1
|-anim|p2b: Archaludon|Electro Shot|p1a: Braviary
|-damage|p1a: Braviary|54/100
|move|p2a: Pelipper|Hurricane|p1b: Ursaluna
|-damage|p1b: Ursaluna|75/100
|
|-weather|RainDance|[upkeep]
|-status|p1b: Ursaluna|brn|[from] item: Flame Orb
|upkeep
|turn|4
|inactive|TJP195 has 30 seconds left.
|
|t:|1757026760
|-terastallize|p2b: Archaludon|Bug
|move|p2a: Pelipper|Protect|p2a: Pelipper
|-singleturn|p2a: Pelipper|Protect
|move|p1b: Ursaluna|Headlong Rush|p2b: Archaludon
|-resisted|p2b: Archaludon
|-damage|p2b: Archaludon|58/100
|-unboost|p1b: Ursaluna|def|1
|-unboost|p1b: Ursaluna|spd|1
|-ability|p2b: Archaludon|Stamina|boost
|-boost|p2b: Archaludon|def|1
|move|p1a: Braviary|Hurricane|p2b: Archaludon
|-supereffective|p2b: Archaludon
|-damage|p2b: Archaludon|0 fnt
|faint|p2b: Archaludon
|
|-weather|RainDance|[upkeep]
|-damage|p1b: Ursaluna|69/100 brn|[from] brn
|upkeep
|
|t:|1757026775
|switch|p2b: Rillaboom|Rillaboom, L50, M|100/100
|-fieldstart|move: Grassy Terrain|[from] ability: Grassy Surge|[of] p2b: Rillaboom
|turn|5
|-message|regalac3 forfeited.
|
|win|TJP195
