|j|☆Alysa Liu
|j|☆blackstorm games
|html|Alysa Liublackstorm games    
|uhtml|bestof|Game 2 of a best-of-3
|t:|1754595136
|gametype|doubles
|player|p1|Alysa Liu|lady|1212
|player|p2|blackstorm games|102|1171
|gen|9
|tier|[Gen 9] VGC 2025 Reg H (Bo3)
|rated|
|rule|Species Clause: Limit one of each Pokémon
|rule|Item Clause: Limit 1 of each item
|clearpoke
|poke|p1|Dachsbun, L50, F|
|poke|p1|Typhlosion-Hisui, L50, F|
|poke|p1|Whimsicott, L50, M|
|poke|p1|Torkoal, L50, M|
|poke|p1|Lilligant-Hisui, L50, F|
|poke|p1|Farigiraf, L50, F|
|poke|p2|Incineroar, L50, M|
|poke|p2|Amoonguss, L50, M|
|poke|p2|Gholdengo, L50|
|poke|p2|Dragonite, L50, F|
|poke|p2|Pelipper, L50, M|
|poke|p2|Archaludon, L50, F|
|teampreview|4
|showteam|p1|Dachsbun||Leftovers|WellBakedBody|BodyPress,Snarl,HelpingHand,Protect|||F|||50|,,,,,Steel]Typhlosion-Hisui||ChoiceSpecs|Blaze|Eruption,HeatWave,ShadowBall,LavaPlume|||F|||50|,,,,,Fire]Whimsicott||CovertCloak|Prankster|Moonblast,Tailwind,SunnyDay,Encore|||M|||50|,,,,,Steel]Torkoal||AssaultVest|Drought|Eruption,LavaPlume,BodyPress,Fissure|||M|||50|,,,,,Grass]Lilligant-Hisui||FocusSash|Chlorophyll|SolarBlade,CloseCombat,SleepPowder,AfterYou|||F|||50|,,,,,Ghost]Farigiraf||ThroatSpray|ArmorTail|HyperVoice,Psychic,TrickRoom,Imprison|||F|||50|,,,,,Normal
|showteam|p2|Incineroar||SafetyGoggles|Intimidate|FlareBlitz,KnockOff,PartingShot,FakeOut|||M|||50|,,,,,Ghost]Amoonguss||RockyHelmet|Regenerator|Spore,RagePowder,PollenPuff,Protect|||M|||50|,,,,,Dark]Gholdengo||LifeOrb|GoodasGold|MakeItRain,ShadowBall,NastyPlot,Protect||||||50|,,,,,Water]Dragonite||LoadedDice|Multiscale|ScaleShot,Tailwind,Haze,Protect|||F|||50|,,,,,Fairy]Pelipper||FocusSash|Drizzle|Hurricane,WideGuard,WeatherBall,Protect|||M|||50|,,,,,Ghost]Archaludon||AssaultVest|Stamina|ElectroShot,BodyPress,DracoMeteor,FlashCannon|||F|||50|,,,,,Grass
|inactive|Battle timer is ON: inactive players will automatically lose when time's up. (requested by Alysa Liu)
|
|t:|1754595156
|teamsize|p1|4
|teamsize|p2|4
|start
|switch|p1a: Typhlosion|Typhlosion-Hisui, L50, F|100/100
|switch|p1b: Dachsbun|Dachsbun, L50, F|100/100
|switch|p2a: Gholdengo|Gholdengo, L50|100/100
|switch|p2b: Incineroar|Incineroar, L50, M|100/100
|-ability|p2b: Incineroar|Intimidate|boost
|-unboost|p1a: Typhlosion|atk|1
|-unboost|p1b: Dachsbun|atk|1
|turn|1
|inactive|blackstorm games has 30 seconds left.
|inactive|Alysa Liu has 30 seconds left.
|
|t:|1754595193
|-terastallize|p2a: Gholdengo|Water
|-terastallize|p1b: Dachsbun|Steel
|move|p1b: Dachsbun|Helping Hand|p1a: Typhlosion
|-singleturn|p1a: Typhlosion|Helping Hand|[of] p1b: Dachsbun
|move|p2b: Incineroar|Fake Out|p1b: Dachsbun
|-resisted|p1b: Dachsbun
|-damage|p1b: Dachsbun|97/100
|move|p1a: Typhlosion|Lava Plume|p2a: Gholdengo|[spread] p2a,p2b
|-ability|p1b: Dachsbun|Well-Baked Body|boost
|-boost|p1b: Dachsbun|def|2
|-resisted|p2a: Gholdengo
|-resisted|p2b: Incineroar
|-damage|p2a: Gholdengo|62/100
|-damage|p2b: Incineroar|73/100
|move|p2a: Gholdengo|Shadow Ball|p1a: Typhlosion
|-supereffective|p1a: Typhlosion
|-damage|p1a: Typhlosion|0 fnt
|faint|p1a: Typhlosion
|-damage|p2a: Gholdengo|53/100|[from] item: Life Orb
|
|-heal|p1b: Dachsbun|100/100|[from] item: Leftovers
|upkeep
|
|t:|1754595204
|switch|p1a: Whimsicott|Whimsicott, L50, M|100/100
|turn|2
|
|t:|1754595224
|switch|p2b: Pelipper|Pelipper, L50, M|100/100
|-weather|RainDance|[from] ability: Drizzle|[of] p2b: Pelipper
|move|p1a: Whimsicott|Encore|p2a: Gholdengo
|-immune|p2a: Gholdengo|[from] ability: Good as Gold
|move|p2a: Gholdengo|Make It Rain|p1b: Dachsbun|[spread] p1a,p1b
|-supereffective|p1a: Whimsicott
|-resisted|p1b: Dachsbun
|-damage|p1a: Whimsicott|0 fnt
|-damage|p1b: Dachsbun|65/100
|-unboost|p2a: Gholdengo|spa|1
|faint|p1a: Whimsicott
|-damage|p2a: Gholdengo|43/100|[from] item: Life Orb
|move|p1b: Dachsbun|Body Press|p2b: Pelipper
|-resisted|p2b: Pelipper
|-damage|p2b: Pelipper|67/100
|
|-weather|RainDance|[upkeep]
|-heal|p1b: Dachsbun|71/100|[from] item: Leftovers
|upkeep
|
|t:|1754595229
|switch|p1a: Torkoal|Torkoal, L50, M|100/100
|-weather|SunnyDay|[from] ability: Drought|[of] p1a: Torkoal
|turn|3
|
|t:|1754595253
|switch|p2b: Incineroar|Incineroar, L50, M|73/100
|-ability|p2b: Incineroar|Intimidate|boost
|-unboost|p1a: Torkoal|atk|1
|-unboost|p1b: Dachsbun|atk|1
|move|p2a: Gholdengo|Protect|p2a: Gholdengo
|-singleturn|p2a: Gholdengo|Protect
|move|p1b: Dachsbun|Snarl|p2b: Incineroar|[spread] p2b
|-activate|p2a: Gholdengo|move: Protect
|-resisted|p2b: Incineroar
|-damage|p2b: Incineroar|70/100
|-unboost|p2b: Incineroar|spa|1
|move|p1a: Torkoal|Lava Plume|p2a: Gholdengo|[spread] p2b
|-activate|p2a: Gholdengo|move: Protect
|-ability|p1b: Dachsbun|Well-Baked Body|boost
|-boost|p1b: Dachsbun|def|2
|-resisted|p2b: Incineroar
|-damage|p2b: Incineroar|58/100
|
|-weather|SunnyDay|[upkeep]
|-heal|p1b: Dachsbun|77/100|[from] item: Leftovers
|upkeep
|turn|4
|inactive|blackstorm games has 30 seconds left.
|inactive|blackstorm games has 20 seconds left.
|inactive|blackstorm games has 15 seconds left.
|
|t:|1754595296
|move|p1b: Dachsbun|Helping Hand|p1a: Torkoal
|-singleturn|p1a: Torkoal|Helping Hand|[of] p1b: Dachsbun
|move|p2a: Gholdengo|Shadow Ball|p1b: Dachsbun
|-damage|p1b: Dachsbun|32/100
|-damage|p2a: Gholdengo|34/100|[from] item: Life Orb
|move|p2b: Incineroar|Flare Blitz|p1b: Dachsbun
|-ability|p1b: Dachsbun|Well-Baked Body|boost
|-boost|p1b: Dachsbun|def|2
|move|p1a: Torkoal|Body Press|p2a: Gholdengo
|-damage|p2a: Gholdengo|0 fnt
|faint|p2a: Gholdengo
|
|-weather|SunnyDay|[upkeep]
|-heal|p1b: Dachsbun|38/100|[from] item: Leftovers
|upkeep
|
|t:|1754595309
|switch|p2a: Pelipper|Pelipper, L50, M|67/100
|-weather|RainDance|[from] ability: Drizzle|[of] p2a: Pelipper
|turn|5
|inactive|Alysa Liu has 30 seconds left.
|inactive|Alysa Liu has 20 seconds left.
|
|t:|1754595347
|move|p2a: Pelipper|Weather Ball|p1b: Dachsbun
|-crit|p1b: Dachsbun
|-damage|p1b: Dachsbun|0 fnt
|faint|p1b: Dachsbun
|move|p2b: Incineroar|Knock Off|p1a: Torkoal
|-damage|p1a: Torkoal|73/100
|-enditem|p1a: Torkoal|Assault Vest|[from] move: Knock Off|[of] p2b: Incineroar
|move|p1a: Torkoal|Body Press|p2b: Incineroar
|-supereffective|p2b: Incineroar
|-damage|p2b: Incineroar|5/100
|
|-weather|RainDance|[upkeep]
|upkeep
|turn|6
|-message|Alysa Liu forfeited.
|
|win|blackstorm games
|raw|Alysa Liu's rating: 1212 → 1184(-28 for losing)
|raw|blackstorm games's rating: 1171 → 1199(+28 for winning)
|l|☆Alysa Liu
|player|p1|
