|j|☆luizhsouza3
|j|☆mcat sh1tt3r
|html|luizhsouza3mcat sh1tt3r    
|uhtml|bestof|Game 1 of a best-of-3
|t:|1757848808
|gametype|doubles
|player|p1|luizhsouza3|striker|1163
|player|p2|mcat sh1tt3r|266|1115
|gen|9
|tier|[Gen 9] VGC 2025 Reg H (Bo3)
|rated|
|rule|Species Clause: Limit one of each Pokémon
|rule|Item Clause: Limit 1 of each item
|clearpoke
|poke|p1|Rillaboom, L50, F|
|poke|p1|Sneasler, L50, M|
|poke|p1|Smeargle, L50, F|
|poke|p1|Incineroar, L50, M|
|poke|p1|Gholdengo, L50|
|poke|p1|Primarina, L50, F|
|poke|p2|Drifblim, L50, M|
|poke|p2|Rillaboom, L50, F|
|poke|p2|Dondozo, L50, F|
|poke|p2|Tatsugiri, L50, F|
|poke|p2|Gholdengo, L50|
|poke|p2|Sneasler, L50, M|
|teampreview|4
|showteam|p1|Rillaboom||AssaultVest|GrassySurge|FakeOut,GrassyGlide,WoodHammer,Uturn|||F|||50|,,,,,Fire]Sneasler||GrassySeed|Unburden|DireClaw,CloseCombat,Acrobatics,SwordsDance|||M|||50|,,,,,Flying]Smeargle||FocusSash|Moody|Spore,BatonPass,Taunt,HelpingHand|||F|||50|,,,,,Ghost]Incineroar||SafetyGoggles|Intimidate|FakeOut,FlareBlitz,KnockOff,PartingShot|||M|||50|,,,,,Ghost]Gholdengo||ChoiceSpecs|GoodasGold|MakeItRain,ShadowBall,Thunderbolt,FocusBlast||||||50|,,,,,Steel]Primarina||ThroatSpray|LiquidVoice|HyperVoice,Moonblast,LifeDew,Encore|||F|||50|,,,,,Poison
|showteam|p2|Drifblim||GrassySeed|Unburden|Minimize,WillOWisp,BatonPass,ShadowBall|||M|||50|,,,,,Ghost]Rillaboom||AssaultVest|GrassySurge|GrassyGlide,WoodHammer,FakeOut,DoubleHit|||F|||50|,,,,,Fire]Dondozo||Leftovers|Unaware|Substitute,WaveCrash,HeavySlam,Protect|||F|||50|,,,,,Water]Tatsugiri||AbilityShield|Commander|DracoMeteor,HydroPump,MuddyWater,Protect|||F|||50|,,,,,Dragon]Gholdengo||MetalCoat|GoodasGold|MakeItRain,ShadowBall,NastyPlot,Protect||||||50|,,,,,Steel]Sneasler||WhiteHerb|Unburden|CloseCombat,DireClaw,FakeOut,Protect|||M|||50|,,,,,Fighting
|inactive|Battle timer is ON: inactive players will automatically lose when time's up. (requested by luizhsouza3)
|inactive|mcat sh1tt3r also wants the timer to be on.
|
|t:|1757848830
|teamsize|p1|4
|teamsize|p2|4
|start
|switch|p1a: Incineroar|Incineroar, L50, M|100/100
|switch|p1b: Smeargle|Smeargle, L50, F|100/100
|switch|p2a: Drifblim|Drifblim, L50, M|100/100
|switch|p2b: Rillaboom|Rillaboom, L50, F|100/100
|-fieldstart|move: Grassy Terrain|[from] ability: Grassy Surge|[of] p2b: Rillaboom
|-enditem|p2a: Drifblim|Grassy Seed
|-boost|p2a: Drifblim|def|1|[from] item: Grassy Seed
|-ability|p1a: Incineroar|Intimidate|boost
|-unboost|p2a: Drifblim|atk|1
|-unboost|p2b: Rillaboom|atk|1
|turn|1
|
|t:|1757848840
|-terastallize|p1b: Smeargle|Ghost
|move|p2b: Rillaboom|Fake Out|p1b: Smeargle
|-immune|p1b: Smeargle
|move|p1a: Incineroar|Fake Out|p2b: Rillaboom
|-damage|p2b: Rillaboom|88/100
|move|p2a: Drifblim|Minimize|p2a: Drifblim
|-boost|p2a: Drifblim|evasion|2
|move|p1b: Smeargle|Taunt|p2a: Drifblim
|-start|p2a: Drifblim|move: Taunt
|
|-heal|p2b: Rillaboom|94/100|[from] Grassy Terrain
|-ability|p1b: Smeargle|Moody|boost
|-boost|p1b: Smeargle|spe|2
|-unboost|p1b: Smeargle|def|1
|upkeep
|turn|2
|inactive|luizhsouza3 has 30 seconds left.
|inactive|luizhsouza3 has 20 seconds left.
|inactive|luizhsouza3 has 15 seconds left.
|
|t:|1757848884
|switch|p2a: Dondozo|Dondozo, L50, F|100/100
|switch|p2b: Tatsugiri|Tatsugiri, L50, F|100/100
|-activate|p2b: Tatsugiri|ability: Commander|[of] p2a: Dondozo
|-boost|p2a: Dondozo|atk|2
|-boost|p2a: Dondozo|spa|2
|-boost|p2a: Dondozo|spe|2
|-boost|p2a: Dondozo|def|2
|-boost|p2a: Dondozo|spd|2
|move|p1b: Smeargle|Spore|p2a: Dondozo
|-status|p2a: Dondozo|slp|[from] move: Spore
|move|p1a: Incineroar|Parting Shot|p2b: Tatsugiri|[miss]
|-miss|p1a: Incineroar|p2b: Tatsugiri
|
|-ability|p1b: Smeargle|Moody|boost
|-boost|p1b: Smeargle|spe|2
|-unboost|p1b: Smeargle|def|1
|upkeep
|turn|3
|
|t:|1757848900
|cant|p2a: Dondozo|slp
|move|p1b: Smeargle|Taunt|p2a: Dondozo
|-start|p2a: Dondozo|move: Taunt
|move|p1a: Incineroar|Parting Shot|p2a: Dondozo
|-unboost|p2a: Dondozo|atk|1
|-unboost|p2a: Dondozo|spa|1
|
|t:|1757848905
|switch|p1a: Gholdengo|Gholdengo, L50|100/100|[from] Parting Shot
|
|-ability|p1b: Smeargle|Moody|boost
|-boost|p1b: Smeargle|spa|2
|-unboost|p1b: Smeargle|atk|1
|upkeep
|turn|4
|
|t:|1757848922
|switch|p1b: Incineroar|Incineroar, L50, M|100/100
|-ability|p1b: Incineroar|Intimidate|boost
|-unboost|p2a: Dondozo|atk|1
|-unboost|p2b: Tatsugiri|atk|1
|-curestatus|p2a: Dondozo|slp|[msg]
|move|p2a: Dondozo|Wave Crash|p1b: Incineroar
|-supereffective|p1b: Incineroar
|-damage|p1b: Incineroar|0 fnt
|faint|p1b: Incineroar
|-damage|p2a: Dondozo|71/100|[from] Recoil
|move|p1a: Gholdengo|Shadow Ball|p2a: Dondozo
|-damage|p2a: Dondozo|36/100
|-unboost|p2a: Dondozo|spd|1
|
|-heal|p2a: Dondozo|43/100|[from] Grassy Terrain
|-heal|p2a: Dondozo|49/100|[from] item: Leftovers
|upkeep
|
|t:|1757848938
|switch|p1b: Smeargle|Smeargle, L50, F, tera:Ghost|100/100
|turn|5
|
|t:|1757848945
|move|p2a: Dondozo|Heavy Slam|p1b: Smeargle
|-damage|p1b: Smeargle|36/100
|move|p1a: Gholdengo|Shadow Ball|p2a: Dondozo
|-damage|p2a: Dondozo|3/100
|move|p1b: Smeargle|Spore|p2a: Dondozo
|-status|p2a: Dondozo|slp|[from] move: Spore
|
|-heal|p2a: Dondozo|9/100 slp|[from] Grassy Terrain
|-heal|p2a: Dondozo|16/100 slp|[from] item: Leftovers
|-heal|p1b: Smeargle|42/100|[from] Grassy Terrain
|-fieldend|move: Grassy Terrain
|-ability|p1b: Smeargle|Moody|boost
|-boost|p1b: Smeargle|spe|2
|-unboost|p1b: Smeargle|spd|1
|upkeep
|turn|6
|
|t:|1757848952
|switch|p1b: Sneasler|Sneasler, L50, M|100/100
|cant|p2a: Dondozo|slp
|move|p1a: Gholdengo|Shadow Ball|p2a: Dondozo
|-damage|p2a: Dondozo|0 fnt
|faint|p2a: Dondozo
|
|upkeep
|
|t:|1757848956
|switch|p2a: Drifblim|Drifblim, L50, M|100/100
|turn|7
|
|t:|1757848963
|move|p1b: Sneasler|Swords Dance|p1b: Sneasler
|-boost|p1b: Sneasler|atk|2
|move|p1a: Gholdengo|Shadow Ball|p2a: Drifblim
|-supereffective|p2a: Drifblim
|-damage|p2a: Drifblim|0 fnt
|faint|p2a: Drifblim
|move|p2b: Tatsugiri|Muddy Water|p1a: Gholdengo|[spread] p1a
|-miss|p2b: Tatsugiri|p1b: Sneasler
|-damage|p1a: Gholdengo|59/100
|-unboost|p1a: Gholdengo|accuracy|1
|
|upkeep
|
|t:|1757848970
|switch|p2a: Rillaboom|Rillaboom, L50, F|94/100
|-fieldstart|move: Grassy Terrain|[from] ability: Grassy Surge|[of] p2a: Rillaboom
|-enditem|p1b: Sneasler|Grassy Seed
|-boost|p1b: Sneasler|def|1|[from] item: Grassy Seed
|turn|8
|
|t:|1757848977
|switch|p1a: Smeargle|Smeargle, L50, F, tera:Ghost|42/100
|move|p2a: Rillaboom|Fake Out|p1b: Sneasler
|-damage|p1b: Sneasler|84/100
|cant|p1b: Sneasler|flinch
|move|p2b: Tatsugiri|Hydro Pump|p1a: Smeargle
|-damage|p1a: Smeargle|0 fnt
|faint|p1a: Smeargle
|
|-heal|p1b: Sneasler|90/100|[from] Grassy Terrain
|-heal|p2a: Rillaboom|100/100|[from] Grassy Terrain
|upkeep
|
|t:|1757848982
|switch|p1a: Gholdengo|Gholdengo, L50|59/100
|turn|9
|
|t:|1757848990
|-terastallize|p2a: Rillaboom|Fire
|move|p1b: Sneasler|Dire Claw|p2a: Rillaboom
|-damage|p2a: Rillaboom|18/100
|-status|p2a: Rillaboom|par
|move|p1a: Gholdengo|Shadow Ball|p2b: Tatsugiri
|-damage|p2b: Tatsugiri|14/100
|-unboost|p2b: Tatsugiri|spd|1
|move|p2b: Tatsugiri|Muddy Water|p1b: Sneasler|[spread] p1a,p1b
|-crit|p1b: Sneasler
|-damage|p1a: Gholdengo|18/100
|-damage|p1b: Sneasler|24/100
|move|p2a: Rillaboom|Wood Hammer|p1a: Gholdengo
|-resisted|p1a: Gholdengo
|-damage|p1a: Gholdengo|0 fnt
|faint|p1a: Gholdengo
|-damage|p2a: Rillaboom|13/100 par|[from] Recoil
|
|-heal|p1b: Sneasler|30/100|[from] Grassy Terrain
|-heal|p2b: Tatsugiri|19/100|[from] Grassy Terrain
|-heal|p2a: Rillaboom|19/100 par|[from] Grassy Terrain
|upkeep
|turn|10
|
|t:|1757849008
|move|p1b: Sneasler|Dire Claw|p2b: Tatsugiri
|-damage|p2b: Tatsugiri|0 fnt
|faint|p2b: Tatsugiri
|move|p2a: Rillaboom|Wood Hammer|p1b: Sneasler
|-resisted|p1b: Sneasler
|-damage|p1b: Sneasler|0 fnt
|faint|p1b: Sneasler
|-damage|p2a: Rillaboom|11/100 par|[from] Recoil
|
|win|mcat sh1tt3r
||mcat sh1tt3r is ready for game 2.
|raw|luizhsouza3's rating: 1163 → 1135(-28 for losing)
|raw|mcat sh1tt3r's rating: 1115 → 1143(+28 for winning)
|l|☆luizhsouza3
|player|p1|
|l|☆mcat sh1tt3r
|player|p2|
