|j|☆Diegoelsocorrista
|j|☆Electropeu
|html|DiegoelsocorristaElectropeu    
|uhtml|bestof|Game 2 of a best-of-3
|t:|1756410609
|gametype|doubles
|player|p1|Diegoelsocorrista|blaine-lgpe|
|player|p2|Electropeu|266|
|gen|9
|tier|[Gen 9] VGC 2025 Reg H (Bo3)
|rule|Species Clause: Limit one of each Pokémon
|rule|Item Clause: Limit 1 of each item
|clearpoke
|poke|p1|Archaludon, L50, F|
|poke|p1|Rillaboom, L50, F|
|poke|p1|Basculegion, L50, M|
|poke|p1|Kingambit, L50, M|
|poke|p1|Pelipper, L50, F|
|poke|p1|Electabuzz, L50, F|
|poke|p2|Whimsicott, L50, F|
|poke|p2|Gholdengo, L50|
|poke|p2|Ursaluna-Bloodmoon, L50, M|
|poke|p2|Pelipper, L50, M|
|poke|p2|Archaludon, L50, F|
|poke|p2|Basculegion, L50, M|
|teampreview|4
|showteam|p1|Archaludon||AssaultVest|Stamina|ElectroShot,DracoMeteor,FlashCannon,BodyPress|||F|||50|,,,,,Fairy]Rillaboom||LoadedDice|GrassySurge|BulletSeed,GrassyGlide,FakeOut,HighHorsepower|||F|||50|,,,,,Fire]Basculegion||ChoiceBand|SwiftSwim|WaveCrash,LastRespects,FlipTurn,AquaJet|||M|||50|,,,,,Grass]Kingambit||BlackGlasses|Defiant|KowtowCleave,SuckerPunch,SwordsDance,Protect|||M|||50|,,,,,Dark]Pelipper||FocusSash|Drizzle|WeatherBall,Hurricane,Tailwind,Protect|||F|||50|,,,,,Ghost]Electabuzz||Eviolite|VitalSpirit|Electroweb,Taunt,FollowMe,Protect|||F|||50|,,,,,Ghost
|showteam|p2|Whimsicott||CovertCloak|Prankster|Moonblast,Taunt,FakeTears,Tailwind|||F|||50|,,,,,Steel]Gholdengo||LifeOrb|GoodasGold|MakeItRain,ShadowBall,TeraBlast,Protect||||||50|,,,,,Fighting]Ursaluna-Bloodmoon||AssaultVest|MindsEye|HyperVoice,BloodMoon,EarthPower,VacuumWave|||M|||50|,,,,,Fighting]Pelipper||JabocaBerry|Drizzle|WeatherBall,Hurricane,MuddyWater,WideGuard|||M|||50|,,,,,Steel]Archaludon||PowerHerb|Sturdy|ElectroShot,DracoMeteor,FlashCannon,Protect|||F|||50|,,,,,Electric]Basculegion||FocusSash|Adaptability|Liquidation,LastRespects,AquaJet,Protect|||M|||50|,,,,,Ghost
|
|t:|1756410663
|teamsize|p1|4
|teamsize|p2|4
|start
|switch|p1a: Rillaboom|Rillaboom, L50, F|100/100
|switch|p1b: Archaludon|Archaludon, L50, F, shiny|100/100
|switch|p2a: Ursaluna|Ursaluna-Bloodmoon, L50, M|100/100
|switch|p2b: Whimsicott|Whimsicott, L50, F|100/100
|-fieldstart|move: Grassy Terrain|[from] ability: Grassy Surge|[of] p1a: Rillaboom
|turn|1
|
|t:|1756410721
|-terastallize|p2a: Ursaluna|Fighting
|move|p1a: Rillaboom|Fake Out|p2a: Ursaluna
|-damage|p2a: Ursaluna|88/100
|move|p2b: Whimsicott|Taunt|p1a: Rillaboom
|-start|p1a: Rillaboom|move: Taunt
|cant|p2a: Ursaluna|flinch
|move|p1b: Archaludon|Flash Cannon|p2b: Whimsicott
|-supereffective|p2b: Whimsicott
|-crit|p2b: Whimsicott
|-damage|p2b: Whimsicott|0 fnt
|faint|p2b: Whimsicott
|
|-heal|p2a: Ursaluna|94/100|[from] Grassy Terrain
|upkeep
|
|t:|1756410753
|switch|p2b: Pelipper|Pelipper, L50, M|100/100
|-weather|RainDance|[from] ability: Drizzle|[of] p2b: Pelipper
|turn|2
|
|t:|1756410779
|switch|p1a: Electabuzz|Electabuzz, L50, F|100/100
|-terastallize|p1b: Archaludon|Fairy
|move|p1b: Archaludon|Electro Shot||[still]
|-prepare|p1b: Archaludon|Electro Shot
|-boost|p1b: Archaludon|spa|1
|-anim|p1b: Archaludon|Electro Shot|p2a: Ursaluna
|-damage|p2a: Ursaluna|47/100
|move|p2a: Ursaluna|Earth Power|p1b: Archaludon
|-damage|p1b: Archaludon|58/100
|-ability|p1b: Archaludon|Stamina|boost
|-boost|p1b: Archaludon|def|1
|move|p2b: Pelipper|Hurricane|p1a: Electabuzz
|-resisted|p1a: Electabuzz
|-damage|p1a: Electabuzz|83/100
|
|-weather|RainDance|[upkeep]
|-heal|p1a: Electabuzz|89/100|[from] Grassy Terrain
|-heal|p1b: Archaludon|64/100|[from] Grassy Terrain
|-heal|p2a: Ursaluna|53/100|[from] Grassy Terrain
|upkeep
|turn|3
|
|t:|1756410813
|move|p1a: Electabuzz|Electroweb|p2a: Ursaluna|[spread] p2a,p2b
|-supereffective|p2b: Pelipper
|-damage|p2a: Ursaluna|41/100
|-damage|p2b: Pelipper|25/100
|-unboost|p2a: Ursaluna|spe|1
|-unboost|p2b: Pelipper|spe|1
|move|p1b: Archaludon|Electro Shot||[still]
|-prepare|p1b: Archaludon|Electro Shot
|-boost|p1b: Archaludon|spa|1
|-anim|p1b: Archaludon|Electro Shot|p2a: Ursaluna
|-damage|p2a: Ursaluna|0 fnt
|faint|p2a: Ursaluna
|move|p2b: Pelipper|Weather Ball|p1b: Archaludon
|-damage|p1b: Archaludon|18/100
|-ability|p1b: Archaludon|Stamina|boost
|-boost|p1b: Archaludon|def|1
|
|-weather|RainDance|[upkeep]
|-heal|p1a: Electabuzz|95/100|[from] Grassy Terrain
|-heal|p1b: Archaludon|24/100|[from] Grassy Terrain
|upkeep
|
|t:|1756410832
|switch|p2a: Archaludon|Archaludon, L50, F|100/100
|turn|4
|
|t:|1756410846
|move|p1a: Electabuzz|Follow Me|p1a: Electabuzz
|-singleturn|p1a: Electabuzz|move: Follow Me
|move|p2a: Archaludon|Draco Meteor|p1a: Electabuzz
|-damage|p1a: Electabuzz|40/100
|-unboost|p2a: Archaludon|spa|2
|move|p1b: Archaludon|Electro Shot||[still]
|-prepare|p1b: Archaludon|Electro Shot
|-boost|p1b: Archaludon|spa|1
|-anim|p1b: Archaludon|Electro Shot|p2b: Pelipper
|-supereffective|p2b: Pelipper
|-damage|p2b: Pelipper|0 fnt
|faint|p2b: Pelipper
|
|-weather|RainDance|[upkeep]
|-heal|p1a: Electabuzz|46/100|[from] Grassy Terrain
|-heal|p1b: Archaludon|30/100|[from] Grassy Terrain
|upkeep
|turn|5
|
|t:|1756410865
|move|p1a: Electabuzz|Follow Me|p1a: Electabuzz
|-singleturn|p1a: Electabuzz|move: Follow Me
|move|p2a: Archaludon|Flash Cannon|p1a: Electabuzz
|-resisted|p1a: Electabuzz
|-damage|p1a: Electabuzz|38/100
|-unboost|p1a: Electabuzz|spd|1
|move|p1b: Archaludon|Body Press|p2a: Archaludon
|-supereffective|p2a: Archaludon
|-damage|p2a: Archaludon|12/100
|
|-weather|RainDance|[upkeep]
|-heal|p2a: Archaludon|18/100|[from] Grassy Terrain
|-heal|p1a: Electabuzz|44/100|[from] Grassy Terrain
|-heal|p1b: Archaludon|36/100|[from] Grassy Terrain
|-fieldend|move: Grassy Terrain
|upkeep
|turn|6
|
|t:|1756410880
|move|p1a: Electabuzz|Follow Me|p1a: Electabuzz
|-singleturn|p1a: Electabuzz|move: Follow Me
|move|p2a: Archaludon|Draco Meteor|p1a: Electabuzz
|-damage|p1a: Electabuzz|5/100
|-unboost|p2a: Archaludon|spa|2
|move|p1b: Archaludon|Body Press|p2a: Archaludon
|-supereffective|p2a: Archaludon
|-damage|p2a: Archaludon|0 fnt
|faint|p2a: Archaludon
|
|win|Diegoelsocorrista
