|j|â˜†basedfortnitegamer
|j|â˜†WhenSheTerapOnMyCM
|html|basedfortnitegamerWhenSheTerapOnMyCM    
|uhtml|bestof|Game 2 of a best-of-3
|t:|1756170517
|gametype|doubles
|player|p1|basedfortnitegamer|pokefan-gen4|1164
|player|p2|WhenSheTerapOnMyCM|n|1270
|gen|9
|tier|[Gen 9] VGC 2025 Reg H (Bo3)
|rated|
|rule|Species Clause: Limit one of each PokÃ©mon
|rule|Item Clause: Limit 1 of each item
|clearpoke
|poke|p1|Incineroar, L50, M|
|poke|p1|Sinistcha-Masterpiece, L50|
|poke|p1|Ursaluna, L50, F|
|poke|p1|Annihilape, L50, M|
|poke|p1|Ninetales-Alola, L50, M|
|poke|p1|Dragonite, L50, F|
|poke|p2|Kingambit, L50, F|
|poke|p2|Rillaboom, L50, F|
|poke|p2|Electabuzz, L50, M|
|poke|p2|Volcarona, L50, M|
|poke|p2|Sneasler, L50, F|
|poke|p2|Dragonite, L50, M|
|teampreview|4
|showteam|p1|Incineroar||SafetyGoggles|Intimidate|FlareBlitz,KnockOff,FakeOut,PartingShot|||M|||50|,,,,,Ghost]Sinistcha-Masterpiece||SitrusBerry|Hospitality|MatchaGotcha,RagePowder,TrickRoom,LifeDew||||||50|,,,,,Water]Ursaluna||FlameOrb|Guts|Facade,HeadlongRush,Earthquake,Protect|||F|||50|,,,,,Ghost]Annihilape||FocusSash|Defiant|CloseCombat,RageFist,Coaching,Taunt|||M|||50|,,,,,Flying]Ninetales-Alola||NeverMeltIce|SnowWarning|Blizzard,FreezeDry,AuroraVeil,Protect|||M|||50|,,,,,Ghost]Dragonite||LoadedDice|Multiscale|ScaleShot,Tailwind,Haze,Protect|||F|||50|,,,,,Fairy
|showteam|p2|Kingambit||BlackGlasses|Defiant|Protect,KowtowCleave,SuckerPunch,SwordsDance|||F|||50|,,,,,Dark]Rillaboom||AssaultVest|GrassySurge|WoodHammer,GrassyGlide,HighHorsepower,FakeOut|||F|||50|,,,,,Fire]Electabuzz||Eviolite|VitalSpirit|Protect,Thunderbolt,HelpingHand,FollowMe|||M|||50|,,,,,Ghost]Volcarona||CovertCloak|FlameBody|Protect,HeatWave,TeraBlast,QuiverDance|||M|||50|,,,,,Fairy]Sneasler||FocusSash|Unburden|CloseCombat,DireClaw,Coaching,FakeOut|||F|||50|,,,,,Stellar]Dragonite||LoadedDice|Multiscale|ScaleShot,Haze,ExtremeSpeed,Protect|||M|||50|,,,,,Fairy
|inactive|Battle timer is ON: inactive players will automatically lose when time's up. (requested by basedfortnitegamer)
|inactive|basedfortnitegamer has 60 seconds left.
|inactive|WhenSheTerapOnMyCM has 60 seconds left.
|
|t:|1756170562
|teamsize|p1|4
|teamsize|p2|4
|start
|switch|p1a: Dragonite|Dragonite, L50, F|100/100
|switch|p1b: Annihilape|Annihilape, L50, M|100/100
|switch|p2a: WrathofKhan|Kingambit, L50, F, shiny|100/100
|switch|p2b: Shigaraki|Sneasler, L50, F|100/100
|turn|1
|inactive|WhenSheTerapOnMyCM has 30 seconds left.
|
|t:|1756170594
|switch|p2a: All for One|Dragonite, L50, M|100/100
|move|p2b: Shigaraki|Dire Claw|p1a: Dragonite
|-damage|p1a: Dragonite|75/100
|-status|p1a: Dragonite|psn
|move|p1b: Annihilape|Close Combat|p2a: All for One
|-resisted|p2a: All for One
|-damage|p2a: All for One|84/100
|-unboost|p1b: Annihilape|def|1
|-unboost|p1b: Annihilape|spd|1
|move|p1a: Dragonite|Tailwind|p1a: Dragonite
|-sidestart|p1: basedfortnitegamer|move: Tailwind
|
|-damage|p1a: Dragonite|63/100 psn|[from] psn
|upkeep
|turn|2
|inactive|WhenSheTerapOnMyCM has 30 seconds left.
|inactive|WhenSheTerapOnMyCM has 20 seconds left.
|
|t:|1756170633
|switch|p2b: WrathofKhan|Kingambit, L50, F, shiny|100/100
|-terastallize|p2a: All for One|Fairy
|move|p1b: Annihilape|Close Combat|p2b: WrathofKhan
|-supereffective|p2b: WrathofKhan
|-damage|p2b: WrathofKhan|0 fnt
|-unboost|p1b: Annihilape|def|1
|-unboost|p1b: Annihilape|spd|1
|faint|p2b: WrathofKhan
|move|p1a: Dragonite|Scale Shot|p2a: All for One
|-immune|p2a: All for One
|move|p2a: All for One|Scale Shot|p1b: Annihilape
|-damage|p1b: Annihilape|64/100
|-damage|p1b: Annihilape|28/100
|-damage|p1b: Annihilape|0 fnt
|faint|p1b: Annihilape
|-hitcount|p1: Annihilape|3
|-unboost|p2a: All for One|def|1
|-boost|p2a: All for One|spe|1
|
|-damage|p1a: Dragonite|51/100 psn|[from] psn
|upkeep
|
|t:|1756170652
|switch|p1b: Incineroar|Incineroar, L50, M|100/100
|switch|p2b: Shigaraki|Sneasler, L50, F|100/100
|-ability|p1b: Incineroar|Intimidate|boost
|-unboost|p2a: All for One|atk|1
|-unboost|p2b: Shigaraki|atk|1
|turn|3
|
|t:|1756170664
|switch|p1a: Sinistcha|Sinistcha-Masterpiece, L50|100/100
|move|p2b: Shigaraki|Fake Out|p1a: Sinistcha
|-immune|p1a: Sinistcha
|move|p2a: All for One|Scale Shot|p1b: Incineroar|[miss]
|-miss|p2a: All for One|p1b: Incineroar
|move|p1b: Incineroar|Flare Blitz|p2a: All for One
|-damage|p2a: All for One|3/100
|-damage|p1b: Incineroar|78/100|[from] Recoil
|
|upkeep
|turn|4
|inactive|WhenSheTerapOnMyCM has 30 seconds left.
|
|t:|1756170695
|-terastallize|p1b: Incineroar|Ghost
|move|p2a: All for One|Protect|p2a: All for One
|-singleturn|p2a: All for One|Protect
|move|p2b: Shigaraki|Close Combat|p1b: Incineroar
|-immune|p1b: Incineroar
|move|p1a: Sinistcha|Matcha Gotcha|p2b: Shigaraki|[spread] p2b
|-activate|p2a: All for One|move: Protect
|-resisted|p2b: Shigaraki
|-damage|p2b: Shigaraki|84/100
|move|p1b: Incineroar|Flare Blitz|p2b: Shigaraki
|-damage|p2b: Shigaraki|0 fnt
|faint|p2b: Shigaraki
|-damage|p1b: Incineroar|57/100|[from] Recoil
|
|-sideend|p1: basedfortnitegamer|move: Tailwind
|upkeep
|
|t:|1756170699
|switch|p2b: Trunkmeister|Rillaboom, L50, F, shiny|100/100
|-fieldstart|move: Grassy Terrain|[from] ability: Grassy Surge|[of] p2b: Trunkmeister
|turn|5
|inactive|WhenSheTerapOnMyCM has 30 seconds left.
|
|t:|1756170728
|switch|p1b: Dragonite|Dragonite, L50, F|51/100 psn
|move|p2a: All for One|Scale Shot|p1b: Dragonite
|-supereffective|p1b: Dragonite
|-damage|p1b: Dragonite|28/100 psn
|-supereffective|p1b: Dragonite
|-damage|p1b: Dragonite|7/100 psn
|-supereffective|p1b: Dragonite
|-damage|p1b: Dragonite|0 fnt
|faint|p1b: Dragonite
|-hitcount|p1: Dragonite|3
|-unboost|p2a: All for One|def|1
|-boost|p2a: All for One|spe|1
|move|p2b: Trunkmeister|Wood Hammer|p1a: Sinistcha
|-resisted|p1a: Sinistcha
|-damage|p1a: Sinistcha|70/100
|-damage|p2b: Trunkmeister|92/100|[from] Recoil
|move|p1a: Sinistcha|Matcha Gotcha|p2a: All for One|[spread] p2a,p2b
|-resisted|p2b: Trunkmeister
|-damage|p2a: All for One|0 fnt
|-heal|p1a: Sinistcha|72/100|[from] drain|[of] p2a: All for One
|-damage|p2b: Trunkmeister|81/100
|-heal|p1a: Sinistcha|79/100|[from] drain|[of] p2b: Trunkmeister
|faint|p2a: All for One
|
|-heal|p2b: Trunkmeister|86/100|[from] Grassy Terrain
|-heal|p1a: Sinistcha|85/100|[from] Grassy Terrain
|upkeep
|-message|WhenSheTerapOnMyCM forfeited.
|
|win|basedfortnitegamer
||WhenSheTerapOnMyCM is ready for game 3.
||basedfortnitegamer is ready for game 3.
|uhtml|next|Next: Game 3 of 3
|l|â˜†WhenSheTerapOnMyCM
|player|p2|
