|j|☆SlugMama
|j|☆DanielderKonig
|html|SlugMamaDanielderKonig    
|uhtml|bestof|Game 1 of a best-of-3
|t:|1757140927
|gametype|doubles
|player|p1|SlugMama|fantina|1000
|player|p2|DanielderKonig|170|1086
|gen|9
|tier|[Gen 9] VGC 2025 Reg H (Bo3)
|rated|
|rule|Species Clause: Limit one of each Pokémon
|rule|Item Clause: Limit 1 of each item
|clearpoke
|poke|p1|Empoleon, L50, F|
|poke|p1|Toxicroak, L50, F|
|poke|p1|Bronzong, L50|
|poke|p1|Ursaluna, L50, M|
|poke|p1|Dragalge, L50, F|
|poke|p1|Oranguru, L50, M|
|poke|p2|Dragonite, L50, F|
|poke|p2|Gholdengo, L50|
|poke|p2|Ursaluna-Bloodmoon, L50, M|
|poke|p2|Annihilape, L50, F|
|poke|p2|Maushold-Four, L50|
|poke|p2|Rillaboom, L50, F|
|teampreview|4
|showteam|p1|Empoleon||AssaultVest|Competitive|IceBeam,FlashCannon,Surf,GrassKnot|||F|||50|,,,,,Grass]Toxicroak||ClearAmulet|DrySkin|ShadowClaw,PoisonJab,KnockOff,DrainPunch|||F|||50|,,,,,Flying]Bronzong||MentalHerb|Levitate|TrickRoom,Protect,SkillSwap,Hypnosis||||||50|,,,,,Ghost]Ursaluna||FlameOrb|Guts|Facade,Protect,TeraBlast,Earthquake|||M|||50|,,,,,Fairy]Dragalge||ChoiceSpecs|Adaptability|DracoMeteor,Surf,Thunderbolt,SludgeWave|||F|||50|,,,,,Water]Oranguru||SafetyGoggles|Telepathy|Instruct,TrickRoom,Psychic,Protect|||M|||50|,,,,,Dark
|showteam|p2|Dragonite||LoadedDice|Multiscale|ScaleShot,Tailwind,Haze,Protect|||F|||50|,,,,,Fairy]Gholdengo||LifeOrb|GoodasGold|MakeItRain,ShadowBall,NastyPlot,Protect||||||50|,,,,,Water]Ursaluna-Bloodmoon||AssaultVest|MindsEye|BloodMoon,EarthPower,HyperVoice,VacuumWave|||M|||50|,,,,,Water]Annihilape||SitrusBerry|Defiant|DrainPunch,RageFist,BulkUp,Protect|||F|||50|,,,,,Fire]Maushold-Four||FocusSash|FriendGuard|SuperFang,BeatUp,FollowMe,Protect||||||50|,,,,,Ghost]Rillaboom||MiracleSeed|GrassySurge|WoodHammer,GrassyGlide,HighHorsepower,FakeOut|||F|||50|,,,,,Fire
|inactive|Battle timer is ON: inactive players will automatically lose when time's up. (requested by SlugMama)
|inactive|SlugMama has 60 seconds left.
|inactive|DanielderKonig has 60 seconds left.
|
|t:|1757140962
|teamsize|p1|4
|teamsize|p2|4
|start
|switch|p1a: Oranguru|Oranguru, L50, M, shiny|100/100
|switch|p1b: Dragalge|Dragalge, L50, F, shiny|100/100
|switch|p2a: Rillaboom|Rillaboom, L50, F|100/100
|switch|p2b: Gholdengo|Gholdengo, L50|100/100
|-fieldstart|move: Grassy Terrain|[from] ability: Grassy Surge|[of] p2a: Rillaboom
|turn|1
|inactive|SlugMama has 30 seconds left.
|
|t:|1757140992
|move|p2b: Gholdengo|Nasty Plot|p2b: Gholdengo
|-boost|p2b: Gholdengo|spa|2
|move|p2a: Rillaboom|Wood Hammer|p1a: Oranguru
|-damage|p1a: Oranguru|22/100
|-damage|p2a: Rillaboom|75/100|[from] Recoil
|move|p1b: Dragalge|Draco Meteor|p2b: Gholdengo|[miss]
|-miss|p1b: Dragalge|p2b: Gholdengo
|move|p1a: Oranguru|Trick Room|p1a: Oranguru
|-fieldstart|move: Trick Room|[of] p1a: Oranguru
|
|-heal|p1a: Oranguru|28/100|[from] Grassy Terrain
|-heal|p2a: Rillaboom|81/100|[from] Grassy Terrain
|upkeep
|turn|2
|
|t:|1757141013
|move|p1a: Oranguru|Protect|p1a: Oranguru
|-singleturn|p1a: Oranguru|Protect
|move|p1b: Dragalge|Draco Meteor|p2a: Rillaboom
|-damage|p2a: Rillaboom|0 fnt
|-unboost|p1b: Dragalge|spa|2
|faint|p2a: Rillaboom
|move|p2b: Gholdengo|Make It Rain|p1b: Dragalge|[spread] p1b
|-activate|p1a: Oranguru|move: Protect
|-damage|p1b: Dragalge|0 fnt
|-unboost|p2b: Gholdengo|spa|1
|faint|p1b: Dragalge
|-damage|p2b: Gholdengo|91/100|[from] item: Life Orb
|
|-heal|p1a: Oranguru|34/100|[from] Grassy Terrain
|-heal|p2b: Gholdengo|97/100|[from] Grassy Terrain
|upkeep
|
|t:|1757141035
|switch|p1b: Toxicroak|Toxicroak, L50, F, shiny|100/100
|switch|p2a: Ursaluna|Ursaluna-Bloodmoon, L50, M|100/100
|turn|3
|inactive|DanielderKonig has 30 seconds left.
|
|t:|1757141063
|-terastallize|p1b: Toxicroak|Flying
|-terastallize|p2b: Gholdengo|Water
|move|p1a: Oranguru|Instruct||[still]
|-fail|p1a: Oranguru
|move|p2a: Ursaluna|Earth Power|p1b: Toxicroak
|-immune|p1b: Toxicroak
|move|p1b: Toxicroak|Knock Off|p2b: Gholdengo
|-damage|p2b: Gholdengo|67/100
|-enditem|p2b: Gholdengo|Life Orb|[from] move: Knock Off|[of] p1b: Toxicroak
|move|p2b: Gholdengo|Make It Rain|p1a: Oranguru|[spread] p1a,p1b
|-damage|p1a: Oranguru|0 fnt
|-damage|p1b: Toxicroak|17/100
|-unboost|p2b: Gholdengo|spa|1
|faint|p1a: Oranguru
|
|-heal|p2b: Gholdengo|73/100|[from] Grassy Terrain
|upkeep
|
|t:|1757141079
|switch|p1a: Empoleon|Empoleon, L50, F, shiny|100/100
|turn|4
|
|t:|1757141092
|move|p1a: Empoleon|Surf|p2a: Ursaluna|[spread] p2a,p2b
|-heal|p1b: Toxicroak|42/100|[from] ability: Dry Skin|[of] p1a: Empoleon
|-supereffective|p2a: Ursaluna
|-resisted|p2b: Gholdengo
|-damage|p2a: Ursaluna|48/100
|-damage|p2b: Gholdengo|55/100
|move|p2a: Ursaluna|Hyper Voice|p1a: Empoleon|[spread] p1a,p1b
|-resisted|p1a: Empoleon
|-damage|p1a: Empoleon|87/100
|-damage|p1b: Toxicroak|0 fnt
|faint|p1b: Toxicroak
|move|p2b: Gholdengo|Nasty Plot|p2b: Gholdengo
|-boost|p2b: Gholdengo|spa|2
|
|-heal|p1a: Empoleon|92/100|[from] Grassy Terrain
|-heal|p2a: Ursaluna|54/100|[from] Grassy Terrain
|-heal|p2b: Gholdengo|61/100|[from] Grassy Terrain
|upkeep
|turn|5
|
|t:|1757141114
|move|p2a: Ursaluna|Vacuum Wave|p1a: Empoleon
|-supereffective|p1a: Empoleon
|-damage|p1a: Empoleon|69/100
|move|p1a: Empoleon|Grass Knot|p2b: Gholdengo
|-supereffective|p2b: Gholdengo
|-damage|p2b: Gholdengo|8/100
|move|p2b: Gholdengo|Shadow Ball|p1a: Empoleon
|-damage|p1a: Empoleon|15/100
|
|-heal|p1a: Empoleon|21/100|[from] Grassy Terrain
|-heal|p2a: Ursaluna|60/100|[from] Grassy Terrain
|-heal|p2b: Gholdengo|14/100|[from] Grassy Terrain
|-fieldend|move: Trick Room
|-fieldend|move: Grassy Terrain
|upkeep
|turn|6
|-message|SlugMama forfeited.
|
|win|DanielderKonig
|l|☆SlugMama
|player|p1|
|raw|SlugMama's rating: 1000 → 1000(+0 for losing)
|raw|DanielderKonig's rating: 1086 → 1107(+21 for winning)
