|j|☆xflecha
|j|☆Agf79
|html|xflechaAgf79    
|uhtml|bestof|Game 2 of a best-of-3
|t:|1784381599
|gametype|doubles
|player|p1|xflecha|elesa|1257
|player|p2|Agf79|101|1242
|gen|9
|tier|[Gen 9 Champions] VGC 2026 Reg M-B (Bo3)
|rated|
|rule|Species Clause: Limit one of each Pokémon
|rule|Item Clause: Limit 1 of each item
|clearpoke
|poke|p1|Charizard, L50, F|
|poke|p1|Kingambit, L50, M|
|poke|p1|Sylveon, L50, F|
|poke|p1|Garchomp, L50, M|
|poke|p1|Aerodactyl, L50, M|
|poke|p1|Farigiraf, L50, F|
|poke|p2|Staraptor, L50, M|
|poke|p2|Gholdengo, L50|
|poke|p2|Sylveon, L50, F, shiny|
|poke|p2|Garchomp, L50, F|
|poke|p2|Sinistcha, L50|
|poke|p2|Grimmsnarl, L50, M|
|teampreview|4
|showteam|p1|Charizard||CharizarditeY|SolarPower|Protect,HeatWave,SolarBeam,WeatherBall|Modest||F|||50|]Kingambit||FocusSash|Defiant|IronHead,SuckerPunch,KowtowCleave,LowKick|Adamant||M|||50|]Sylveon||FairyFeather|Pixilate|Detect,HyperVoice,HyperBeam,QuickAttack|Modest||F|||50|]Garchomp||LifeOrb|RoughSkin|Protect,DragonClaw,Earthquake,RockSlide|Jolly||M|||50|]Aerodactyl||Aerodactylite|Unnerve|IceFang,RockSlide,Tailwind,DualWingbeat|Jolly||M|||50|]Farigiraf||SitrusBerry|ArmorTail|TrickRoom,Psychic,Thunderbolt,Roar|Bold||F|||50|
|showteam|p2|Staraptor||Staraptite|Intimidate|CloseCombat,BraveBird,Tailwind,Protect|Jolly||M|||50|]Gholdengo||Leftovers|GoodasGold|MakeItRain,ShadowBall,NastyPlot,Protect|Modest|||||50|]Sylveon||FairyFeather|Pixilate|HyperVoice,Detect,HyperBeam,QuickAttack|Modest||F|||50|]Garchomp||LifeOrb|RoughSkin|Earthquake,Protect,DragonClaw,RockSlide|Adamant||F|||50|]Sinistcha||SitrusBerry|Hospitality|MatchaGotcha,RagePowder,TrickRoom,LifeDew|Calm|||||50|]Grimmsnarl||LightClay|Prankster|Reflect,LightScreen,PartingShot,FoulPlay|Calm||M|||50|
|inactive|Battle timer is ON: inactive players will automatically lose when time's up. (requested by Agf79)
|
|t:|1784381611
|teamsize|p1|4
|teamsize|p2|4
|start
|switch|p1a: Aerodactyl|Aerodactyl, L50, M|100/100
|switch|p1b: Sylveon|Sylveon, L50, F|100/100
|switch|p2a: Staraptor|Staraptor, L50, M|100/100
|switch|p2b: Garchomp|Garchomp, L50, F|100/100
|-ability|p1a: Aerodactyl|Unnerve
|-ability|p2a: Staraptor|Intimidate|boost
|-unboost|p1a: Aerodactyl|atk|1
|-unboost|p1b: Sylveon|atk|1
|turn|1
|
|t:|1784381631
|detailschange|p1a: Aerodactyl|Aerodactyl-Mega, L50, M
|-mega|p1a: Aerodactyl|Aerodactyl|Aerodactylite
|detailschange|p2a: Staraptor|Staraptor-Mega, L50, M
|-mega|p2a: Staraptor|Staraptor|Staraptite
|move|p2b: Garchomp|Protect|p2b: Garchomp
|-singleturn|p2b: Garchomp|Protect
|move|p1a: Aerodactyl|Tailwind|p1a: Aerodactyl
|-sidestart|p1: xflecha|move: Tailwind
|move|p1b: Sylveon|Hyper Voice|p2a: Staraptor|[spread] p2a
|-activate|p2b: Garchomp|move: Protect
|-supereffective|p2a: Staraptor|1
|-damage|p2a: Staraptor|8/100
|move|p2a: Staraptor|Tailwind|p2a: Staraptor
|-sidestart|p2: Agf79|move: Tailwind
|
|upkeep
|turn|2
|
|t:|1784381651
|switch|p2a: Sylveon|Sylveon, L50, F, shiny|100/100
|move|p1b: Sylveon|Quick Attack|p2a: Sylveon
|-damage|p2a: Sylveon|90/100
|move|p1a: Aerodactyl|Ice Fang|p2b: Garchomp
|-supereffective|p2b: Garchomp|2
|-damage|p2b: Garchomp|28/100
|-damage|p1a: Aerodactyl|87/100|[from] ability: Rough Skin|[of] p2b: Garchomp
|move|p2b: Garchomp|Rock Slide|p1b: Sylveon|[spread] p1b
|-miss|p2b: Garchomp|p1a: Aerodactyl
|-damage|p1b: Sylveon|70/100
|-damage|p2b: Garchomp|18/100|[from] item: Life Orb
|
|upkeep
|turn|3
|inactive|xflecha has 30 seconds left.
|inactive|xflecha has 20 seconds left.
|inactive|xflecha has 15 seconds left.
|
|t:|1784381693
|move|p2b: Garchomp|Protect|p2b: Garchomp
|-singleturn|p2b: Garchomp|Protect
|move|p1a: Aerodactyl|Rock Slide|p2a: Sylveon|[spread] p2a
|-activate|p2b: Garchomp|move: Protect
|-damage|p2a: Sylveon|71/100
|move|p1b: Sylveon|Hyper Voice|p2a: Sylveon|[spread] p2a
|-activate|p2b: Garchomp|move: Protect
|-damage|p2a: Sylveon|30/100
|move|p2a: Sylveon|Hyper Voice|p1b: Sylveon|[spread] p1a,p1b
|-crit|p1a: Aerodactyl
|-damage|p1a: Aerodactyl|5/100
|-damage|p1b: Sylveon|28/100
|
|upkeep
|turn|4
|
|t:|1784381718
|switch|p1b: Farigiraf|Farigiraf, L50, F|100/100
|move|p2a: Sylveon|Quick Attack||[still]
|cant|p1b: Farigiraf|ability: Armor Tail|Quick Attack|[of] p2a: Sylveon
|move|p1a: Aerodactyl|Ice Fang|p2b: Garchomp
|-supereffective|p2b: Garchomp|2
|-crit|p2b: Garchomp
|-damage|p2b: Garchomp|0 fnt
|-damage|p1a: Aerodactyl|0 fnt|[from] ability: Rough Skin|[of] p2b: Garchomp
|faint|p2b: Garchomp
|faint|p1a: Aerodactyl
|
|-sideend|p1: xflecha|move: Tailwind
|-sideend|p2: Agf79|move: Tailwind
|upkeep
|
|t:|1784381729
|switch|p1a: Kingambit|Kingambit, L50, M|100/100
|switch|p2b: Sinistcha|Sinistcha, L50|100/100
|-heal|p2a: Sylveon|55/100|[from] ability: Hospitality|[of] p2b: Sinistcha
|turn|5
|
|t:|1784381747
|move|p2a: Sylveon|Detect|p2a: Sylveon
|-singleturn|p2a: Sylveon|Protect
|move|p1a: Kingambit|Kowtow Cleave|p2b: Sinistcha
|-supereffective|p2b: Sinistcha|1
|-damage|p2b: Sinistcha|18/100
|-enditem|p2b: Sinistcha|Sitrus Berry|[eat]
|-heal|p2b: Sinistcha|43/100|[from] item: Sitrus Berry
|move|p1b: Farigiraf|Psychic|p2a: Sylveon
|-activate|p2a: Sylveon|move: Protect
|move|p2b: Sinistcha|Trick Room|p2b: Sinistcha
|-fieldstart|move: Trick Room|[of] p2b: Sinistcha
|
|upkeep
|turn|6
|inactive|xflecha has 30 seconds left.
|inactive|Agf79 has 30 seconds left.
|
|t:|1784381781
|move|p2a: Sylveon|Hyper Beam|p1a: Kingambit
|-enditem|p1a: Kingambit|Focus Sash
|-damage|p1a: Kingambit|1/100
|-mustrecharge|p2a: Sylveon
|move|p2b: Sinistcha|Matcha Gotcha|p1b: Farigiraf|[spread] p1a,p1b
|-resisted|p1a: Kingambit|1
|-damage|p1a: Kingambit|0 fnt
|-heal|p2b: Sinistcha|43/100|[from] drain|[of] p1a: Kingambit
|-damage|p1b: Farigiraf|76/100
|-heal|p2b: Sinistcha|58/100|[from] drain|[of] p1b: Farigiraf
|faint|p1a: Kingambit
|move|p1b: Farigiraf|Trick Room|p1b: Farigiraf
|-fieldend|move: Trick Room
|
|upkeep
|
|t:|1784381788
|switch|p1a: Sylveon|Sylveon, L50, F|28/100
|turn|7
|
|t:|1784381797
|move|p1a: Sylveon|Hyper Voice|p2a: Sylveon|[spread] p2a,p2b
|-damage|p2a: Sylveon|18/100
|-damage|p2b: Sinistcha|19/100
|move|p2b: Sinistcha|Life Dew|p2b: Sinistcha|[spread] p2a,p2b
|-heal|p2a: Sylveon|43/100
|-heal|p2b: Sinistcha|44/100
|cant|p2a: Sylveon|recharge
|move|p1b: Farigiraf|Psychic|p2b: Sinistcha
|-damage|p2b: Sinistcha|16/100
|
|upkeep
|turn|8
|
|t:|1784381810
|move|p2a: Sylveon|Detect|p2a: Sylveon
|-singleturn|p2a: Sylveon|Protect
|move|p1a: Sylveon|Hyper Voice|p2a: Sylveon|[spread] p2b
|-activate|p2a: Sylveon|move: Protect
|-damage|p2b: Sinistcha|0 fnt
|faint|p2b: Sinistcha
|move|p1b: Farigiraf|Psychic|p2a: Sylveon
|-activate|p2a: Sylveon|move: Protect
|
|upkeep
|
|t:|1784381814
|switch|p2b: Staraptor|Staraptor-Mega, L50, M|8/100
|turn|9
|
|t:|1784381837
|move|p2b: Staraptor|Brave Bird|p1a: Sylveon
|-damage|p1a: Sylveon|0 fnt
|faint|p1a: Sylveon
|-damage|p2b: Staraptor|0 fnt|[from] Recoil
|faint|p2b: Staraptor
|move|p2a: Sylveon|Hyper Beam|p1b: Farigiraf
|-damage|p1b: Farigiraf|0 fnt
|-mustrecharge|p2a: Sylveon
|faint|p1b: Farigiraf
|
|win|Agf79
||xflecha is ready for game 3.
||Agf79 is ready for game 3.
|uhtml|next|Next: Game 3 of 3
