|j|☆dambro222
|j|☆taa2pm
|html|dambro222taa2pm    
|uhtml|bestof|Game 1 of a best-of-3
|t:|1756238249
|gametype|doubles
|player|p1|dambro222|ethan|1189
|player|p2|taa2pm|265|1114
|gen|9
|tier|[Gen 9] VGC 2025 Reg H (Bo3)
|rated|
|rule|Species Clause: Limit one of each Pokémon
|rule|Item Clause: Limit 1 of each item
|clearpoke
|poke|p1|Dragonite, L50, M|
|poke|p1|Volcarona, L50, F|
|poke|p1|Sneasler, L50, M|
|poke|p1|Rillaboom, L50, M|
|poke|p1|Electabuzz, L50, M|
|poke|p1|Kingambit, L50, M|
|poke|p2|Garchomp, L50, F|
|poke|p2|Tyranitar, L50, F|
|poke|p2|Infernape, L50, M|
|poke|p2|Murkrow, L50, F|
|poke|p2|Gyarados, L50, M|
|poke|p2|Annihilape, L50, M|
|teampreview|4
|showteam|p1|Dragonite||LoadedDice|Multiscale|ScaleShot,ExtremeSpeed,Haze,Protect|||M|||50|,,,,,Fairy]Volcarona||CovertCloak|FlameBody|HeatWave,TeraBlast,QuiverDance,Protect|||F|||50|,,,,,Fairy]Sneasler||FocusSash|Unburden|CloseCombat,DireClaw,Coaching,Protect|||M|||50|,,,,,Stellar]Rillaboom||AssaultVest|GrassySurge|WoodHammer,GrassyGlide,HighHorsepower,FakeOut|||M|||50|,,,,,Water]Electabuzz||Eviolite|VitalSpirit|Electroweb,FollowMe,Taunt,Protect|||M|||50|,,,,,Ghost]Kingambit||BlackGlasses|Defiant|KowtowCleave,SuckerPunch,SwordsDance,Protect|||M|||50|,,,,,Dark
|showteam|p2|Garchomp||LifeOrb|RoughSkin|Earthquake,IronHead,DragonClaw,Protect|||F|||50|,,,,,Steel]Tyranitar||BlunderPolicy|SandStream|KnockOff,RockSlide,StoneEdge,Protect|||F|||50|,,,,,Flying]Infernape||AssaultVest|Blaze|FakeOut,AuraSphere,HeatWave,Overheat|||M|||50|,,,,,Stellar]Murkrow||Eviolite|Prankster|FoulPlay,Haze,Whirlwind,Tailwind|||F|||50|,,,,,Dark]Gyarados||ClearAmulet|Intimidate|Waterfall,TeraBlast,ThunderWave,Protect|||M|||50|,,,,,Flying]Annihilape||SafetyGoggles|Defiant|DrainPunch,RageFist,BulkUp,Protect|||M|||50|,,,,,Fire
|inactive|Battle timer is ON: inactive players will automatically lose when time's up. (requested by dambro222)
|inactive|dambro222 has 60 seconds left.
|inactive|taa2pm has 60 seconds left.
|inactive|dambro222 has 30 seconds left.
|
|t:|1756238310
|teamsize|p1|4
|teamsize|p2|4
|start
|switch|p1a: Volcarona|Volcarona, L50, F|100/100
|switch|p1b: Electabuzz|Electabuzz, L50, M|100/100
|switch|p2a: Infernape|Infernape, L50, M|100/100
|switch|p2b: Garchomp|Garchomp, L50, F|100/100
|turn|1
|
|t:|1756238332
|move|p1a: Volcarona|Protect|p1a: Volcarona
|-singleturn|p1a: Volcarona|Protect
|move|p1b: Electabuzz|Protect|p1b: Electabuzz
|-singleturn|p1b: Electabuzz|Protect
|move|p2a: Infernape|Fake Out|p1b: Electabuzz
|-activate|p1b: Electabuzz|move: Protect
|move|p2b: Garchomp|Dragon Claw|p1a: Volcarona
|-activate|p1a: Volcarona|move: Protect
|
|upkeep
|turn|2
|inactive|dambro222 has 30 seconds left.
|
|t:|1756238366
|-terastallize|p1a: Volcarona|Fairy
|move|p2a: Infernape|Heat Wave|p1a: Volcarona|[spread] p1a,p1b
|-damage|p1a: Volcarona|71/100
|-damage|p1b: Electabuzz|74/100
|-status|p1b: Electabuzz|brn
|move|p2b: Garchomp|Dragon Claw|p1a: Volcarona
|-immune|p1a: Volcarona
|move|p1a: Volcarona|Quiver Dance|p1a: Volcarona
|-boost|p1a: Volcarona|spa|1
|-boost|p1a: Volcarona|spd|1
|-boost|p1a: Volcarona|spe|1
|move|p1b: Electabuzz|Electroweb|p2b: Garchomp|[spread] p2a
|-immune|p2b: Garchomp
|-damage|p2a: Infernape|86/100
|-unboost|p2a: Infernape|spe|1
|
|-damage|p1b: Electabuzz|68/100 brn|[from] brn
|upkeep
|turn|3
|inactive|dambro222 has 30 seconds left.
|inactive|taa2pm has 30 seconds left.
|inactive|taa2pm has 20 seconds left.
|inactive|taa2pm has 15 seconds left.
|
|t:|1756238413
|switch|p2a: Tyranitar|Tyranitar, L50, F|100/100
|-weather|Sandstorm|[from] ability: Sand Stream|[of] p2a: Tyranitar
|move|p1b: Electabuzz|Follow Me|p1b: Electabuzz
|-singleturn|p1b: Electabuzz|move: Follow Me
|move|p1a: Volcarona|Tera Blast|p2a: Tyranitar|[anim] Tera Blast Fairy
|-supereffective|p2a: Tyranitar
|-damage|p2a: Tyranitar|20/100
|move|p2b: Garchomp|Dragon Claw|p1b: Electabuzz
|-damage|p1b: Electabuzz|29/100 brn
|-damage|p2b: Garchomp|91/100|[from] item: Life Orb
|
|-weather|Sandstorm|[upkeep]
|-damage|p1a: Volcarona|65/100|[from] Sandstorm
|-damage|p1b: Electabuzz|23/100 brn|[from] Sandstorm
|-damage|p1b: Electabuzz|17/100 brn|[from] brn
|upkeep
|turn|4
|
|t:|1756238437
|-terastallize|p2b: Garchomp|Steel
|move|p2a: Tyranitar|Protect|p2a: Tyranitar
|-singleturn|p2a: Tyranitar|Protect
|move|p1b: Electabuzz|Follow Me|p1b: Electabuzz
|-singleturn|p1b: Electabuzz|move: Follow Me
|move|p1a: Volcarona|Heat Wave|p2b: Garchomp|[spread] p2b
|-activate|p2a: Tyranitar|move: Protect
|-supereffective|p2b: Garchomp
|-damage|p2b: Garchomp|0 fnt
|faint|p2b: Garchomp
|
|-weather|Sandstorm|[upkeep]
|-damage|p1a: Volcarona|59/100|[from] Sandstorm
|-damage|p1b: Electabuzz|11/100 brn|[from] Sandstorm
|-damage|p1b: Electabuzz|5/100 brn|[from] brn
|upkeep
|
|t:|1756238457
|switch|p2b: Infernape|Infernape, L50, M|86/100
|turn|5
|
|t:|1756238469
|switch|p1b: Rillaboom|Rillaboom, L50, M|100/100
|-fieldstart|move: Grassy Terrain|[from] ability: Grassy Surge|[of] p1b: Rillaboom
|move|p1a: Volcarona|Protect|p1a: Volcarona
|-singleturn|p1a: Volcarona|Protect
|move|p2b: Infernape|Fake Out|p1b: Rillaboom
|-damage|p1b: Rillaboom|92/100
|move|p2a: Tyranitar|Stone Edge|p1a: Volcarona
|-activate|p1a: Volcarona|move: Protect
|
|-weather|Sandstorm|[upkeep]
|-damage|p1a: Volcarona|52/100|[from] Sandstorm
|-damage|p2b: Infernape|80/100|[from] Sandstorm
|-damage|p1b: Rillaboom|86/100|[from] Sandstorm
|-heal|p1a: Volcarona|59/100|[from] Grassy Terrain
|-heal|p2b: Infernape|86/100|[from] Grassy Terrain
|-heal|p1b: Rillaboom|92/100|[from] Grassy Terrain
|-heal|p2a: Tyranitar|26/100|[from] Grassy Terrain
|upkeep
|turn|6
|
|t:|1756238492
|move|p2a: Tyranitar|Protect|p2a: Tyranitar
|-singleturn|p2a: Tyranitar|Protect
|move|p1b: Rillaboom|Fake Out|p2b: Infernape
|-damage|p2b: Infernape|63/100
|move|p1a: Volcarona|Tera Blast|p2a: Tyranitar|[anim] Tera Blast Fairy
|-activate|p2a: Tyranitar|move: Protect
|cant|p2b: Infernape|flinch
|
|-weather|Sandstorm|[upkeep]
|-damage|p1a: Volcarona|52/100|[from] Sandstorm
|-damage|p2b: Infernape|57/100|[from] Sandstorm
|-damage|p1b: Rillaboom|86/100|[from] Sandstorm
|-heal|p1a: Volcarona|59/100|[from] Grassy Terrain
|-heal|p2b: Infernape|63/100|[from] Grassy Terrain
|-heal|p1b: Rillaboom|92/100|[from] Grassy Terrain
|-heal|p2a: Tyranitar|32/100|[from] Grassy Terrain
|upkeep
|turn|7
|
|t:|1756238514
|move|p1b: Rillaboom|Grassy Glide|p2a: Tyranitar
|-supereffective|p2a: Tyranitar
|-damage|p2a: Tyranitar|0 fnt
|faint|p2a: Tyranitar
|move|p1a: Volcarona|Tera Blast|p2b: Infernape|[anim] Tera Blast Fairy
|-damage|p2b: Infernape|2/100
|move|p2b: Infernape|Overheat|p1a: Volcarona
|-damage|p1a: Volcarona|2/100
|-unboost|p2b: Infernape|spa|2
|
|-weather|none
|-heal|p1a: Volcarona|8/100|[from] Grassy Terrain
|-heal|p2b: Infernape|8/100|[from] Grassy Terrain
|-heal|p1b: Rillaboom|98/100|[from] Grassy Terrain
|upkeep
|
|t:|1756238526
|switch|p2a: Annihilape|Annihilape, L50, M|100/100
|turn|8
|
|t:|1756238537
|move|p1b: Rillaboom|Grassy Glide|p2b: Infernape
|-resisted|p2b: Infernape
|-damage|p2b: Infernape|0 fnt
|faint|p2b: Infernape
|move|p1a: Volcarona|Tera Blast|p2a: Annihilape|[anim] Tera Blast Fairy
|-supereffective|p2a: Annihilape
|-damage|p2a: Annihilape|0 fnt
|faint|p2a: Annihilape
|
|win|dambro222
||taa2pm is ready for game 2.
||dambro222 is ready for game 2.
|uhtml|next|Next: Game 2 of 3
