|j|☆mattmoosegoose
|j|☆doatzmgoatz
|html|mattmoosegoosedoatzmgoatz    
|uhtml|bestof|Game 1 of a best-of-3
|t:|1784506925
|gametype|doubles
|player|p1|mattmoosegoose|ghetsis-gen5bw|
|player|p2|doatzmgoatz|102|
|gen|9
|tier|[Gen 9 Champions] VGC 2026 Reg M-B (Bo3)
|rule|Species Clause: Limit one of each Pokémon
|rule|Item Clause: Limit 1 of each item
|clearpoke
|poke|p1|Staraptor, L50, M|
|poke|p1|Toxicroak, L50, M|
|poke|p1|Farigiraf, L50, M|
|poke|p1|Overqwil, L50, M|
|poke|p1|Metagross, L50, shiny|
|poke|p1|Tyranitar, L50, M|
|poke|p2|Gengar, L50, F|
|poke|p2|Incineroar, L50, M|
|poke|p2|Hydreigon, L50, F|
|poke|p2|Clefable, L50, M|
|poke|p2|Vaporeon, L50, F|
|poke|p2|Noivern, L50, F|
|teampreview|4
|showteam|p1|Staraptor||Staraptite|Intimidate|CloseCombat,Tailwind,BlazeKick,Protect|Jolly||M|||50|]Toxicroak||ChoiceScarf|PoisonTouch|ThroatChop,PoisonJab,SuckerPunch,ShadowBall|Hasty||M|||50|]Farigiraf||LightClay|ArmorTail|TrickRoom,LightScreen,Reflect,PsychicFangs|Sassy||M|||50|]Overqwil||ExpertBelt|PoisonPoint|Liquidation,IceBeam,Protect,PoisonJab|Naive||M|||50|]Metagross||Metagrossite|ClearBody|BulletPunch,Earthquake,MeteorMash,Protect|Jolly|||||50|]Tyranitar||Tyranitarite|SandStream|Earthquake,DragonClaw,ThunderWave,HighHorsepower|Adamant||M|||50|
|showteam|p2|Gengar||Gengarite|CursedBody|SludgeWave,ShadowBall,Substitute,NastyPlot|Timid||F|||50|]Incineroar||SitrusBerry|Intimidate|CloseCombat,DarkestLariat,PartingShot,Taunt|Adamant||M|||50|]Hydreigon||LifeOrb|Levitate|EarthPower,DracoMeteor,DarkPulse,Uturn|Timid||F|||50|]Clefable||Leftovers|MagicGuard|FollowMe,Reflect,DazzlingGleam,Encore|Calm||M|||50|]Vaporeon||MysticWater|WaterAbsorb|Scald,Protect,RainDance,IceBeam|Bold||F|||50|]Noivern||ExpertBelt|Frisk|Tailwind,Boomburst,Hurricane,Uturn|Timid||F|||50|
|
|t:|1784506984
|teamsize|p1|4
|teamsize|p2|4
|start
|switch|p1a: Tyranitar|Tyranitar, L50, M|100/100
|switch|p1b: Farigiraf|Farigiraf, L50, M|100/100
|switch|p2a: Incineroar|Incineroar, L50, M|100/100
|switch|p2b: Noivern|Noivern, L50, F|100/100
|-item|p1a: Tyranitar|Tyranitarite|[from] ability: Frisk|[of] p2b: Noivern
|-item|p1b: Farigiraf|Light Clay|[from] ability: Frisk|[of] p2b: Noivern
|-weather|Sandstorm|[from] ability: Sand Stream|[of] p1a: Tyranitar
|-ability|p2a: Incineroar|Intimidate|boost
|-unboost|p1a: Tyranitar|atk|1
|-unboost|p1b: Farigiraf|atk|1
|turn|1
|
|t:|1784507024
|move|p2b: Noivern|Tailwind|p2b: Noivern
|-sidestart|p2: doatzmgoatz|move: Tailwind
|move|p2a: Incineroar|Close Combat|p1a: Tyranitar
|-supereffective|p1a: Tyranitar|2
|-damage|p1a: Tyranitar|0 fnt
|-unboost|p2a: Incineroar|def|1
|-unboost|p2a: Incineroar|spd|1
|faint|p1a: Tyranitar
|move|p1b: Farigiraf|Trick Room|p1b: Farigiraf
|-fieldstart|move: Trick Room|[of] p1b: Farigiraf
|
|-weather|Sandstorm|[upkeep]
|-damage|p1b: Farigiraf|93/100|[from] Sandstorm
|-damage|p2a: Incineroar|94/100|[from] Sandstorm
|-damage|p2b: Noivern|93/100|[from] Sandstorm
|upkeep
|
|t:|1784507044
|switch|p1a: Staraptor|Staraptor, L50, M|100/100
|-ability|p1a: Staraptor|Intimidate|boost
|-unboost|p2a: Incineroar|atk|1
|-unboost|p2b: Noivern|atk|1
|turn|2
|
|t:|1784507077
|move|p1b: Farigiraf|Light Screen|p1b: Farigiraf
|-sidestart|p1: mattmoosegoose|move: Light Screen
|move|p2a: Incineroar|Parting Shot|p1a: Staraptor
|-unboost|p1a: Staraptor|atk|1
|-unboost|p1a: Staraptor|spa|1
|
|t:|1784507085
|switch|p2a: Clefable|Clefable, L50, M|100/100|[from] Parting Shot
|move|p1a: Staraptor|Close Combat|p2a: Clefable
|-resisted|p2a: Clefable|1
|-damage|p2a: Clefable|84/100
|-unboost|p1a: Staraptor|def|1
|-unboost|p1a: Staraptor|spd|1
|move|p2b: Noivern|U-turn|p1b: Farigiraf
|-supereffective|p1b: Farigiraf|1
|-damage|p1b: Farigiraf|74/100
|
|t:|1784507098
|switch|p2b: Gengar|Gengar, L50, F|100/100|[from] U-turn
|
|-weather|Sandstorm|[upkeep]
|-damage|p1b: Farigiraf|68/100|[from] Sandstorm
|-damage|p1a: Staraptor|93/100|[from] Sandstorm
|-damage|p2b: Gengar|94/100|[from] Sandstorm
|-heal|p2a: Clefable|90/100|[from] item: Leftovers
|upkeep
|turn|3
|
|t:|1784507121
|switch|p1a: Toxicroak|Toxicroak, L50, M|100/100
|detailschange|p2b: Gengar|Gengar-Mega, L50, F
|-mega|p2b: Gengar|Gengar|Gengarite
|move|p2a: Clefable|Follow Me|p2a: Clefable
|-singleturn|p2a: Clefable|move: Follow Me
|move|p1b: Farigiraf|Psychic Fangs|p2a: Clefable
|-damage|p2a: Clefable|68/100
|move|p2b: Gengar|Substitute|p2b: Gengar
|-start|p2b: Gengar|Substitute
|-damage|p2b: Gengar|69/100
|
|-weather|Sandstorm|[upkeep]
|-damage|p1b: Farigiraf|62/100|[from] Sandstorm
|-damage|p1a: Toxicroak|94/100|[from] Sandstorm
|-damage|p2b: Gengar|63/100|[from] Sandstorm
|-heal|p2a: Clefable|74/100|[from] item: Leftovers
|upkeep
|turn|4
|
|t:|1784507156
|move|p1b: Farigiraf|Psychic Fangs|p2b: Gengar
|-supereffective|p2b: Gengar|1
|-end|p2b: Gengar|Substitute
|move|p2a: Clefable|Reflect|p2a: Clefable
|-sidestart|p2: doatzmgoatz|Reflect
|move|p1a: Toxicroak|Throat Chop|p2b: Gengar
|-supereffective|p2b: Gengar|1
|-damage|p2b: Gengar|10/100
|-start|p2b: Gengar|Throat Chop|[silent]
|move|p2b: Gengar|Nasty Plot|p2b: Gengar
|-boost|p2b: Gengar|spa|2
|
|-weather|Sandstorm|[upkeep]
|-damage|p1b: Farigiraf|56/100|[from] Sandstorm
|-damage|p1a: Toxicroak|88/100|[from] Sandstorm
|-damage|p2b: Gengar|4/100|[from] Sandstorm
|-heal|p2a: Clefable|80/100|[from] item: Leftovers
|-sideend|p2: doatzmgoatz|move: Tailwind
|upkeep
|turn|5
|
|t:|1784507200
|move|p2a: Clefable|Follow Me|p2a: Clefable
|-singleturn|p2a: Clefable|move: Follow Me
|move|p1b: Farigiraf|Reflect|p1b: Farigiraf
|-sidestart|p1: mattmoosegoose|Reflect
|move|p2b: Gengar|Shadow Ball|p1a: Toxicroak
|-damage|p1a: Toxicroak|0 fnt
|faint|p1a: Toxicroak
|
|-weather|none
|-heal|p2a: Clefable|86/100|[from] item: Leftovers
|-end|p2b: Gengar|Throat Chop|[silent]
|-fieldend|move: Trick Room
|upkeep
|
|t:|1784507209
|switch|p1a: Staraptor|Staraptor, L50, M|93/100
|-ability|p1a: Staraptor|Intimidate|boost
|-unboost|p2a: Clefable|atk|1
|-unboost|p2b: Gengar|atk|1
|turn|6
|
|t:|1784507224
|detailschange|p1a: Staraptor|Staraptor-Mega, L50, M
|-mega|p1a: Staraptor|Staraptor|Staraptite
|move|p2a: Clefable|Follow Me|p2a: Clefable
|-singleturn|p2a: Clefable|move: Follow Me
|move|p2b: Gengar|Sludge Wave|p1a: Staraptor|[spread] p2a,p1a,p1b
|-supereffective|p2a: Clefable|1
|-damage|p2a: Clefable|0 fnt
|-damage|p1a: Staraptor|17/100
|-damage|p1b: Farigiraf|10/100
|faint|p2a: Clefable
|move|p1a: Staraptor|Tailwind|p1a: Staraptor
|-sidestart|p1: mattmoosegoose|move: Tailwind
|move|p1b: Farigiraf|Psychic Fangs|p2b: Gengar
|-sideend|p2: doatzmgoatz|Reflect
|-supereffective|p2b: Gengar|1
|-damage|p2b: Gengar|0 fnt
|faint|p2b: Gengar
|
|upkeep
|
|t:|1784507237
|switch|p2b: Noivern|Noivern, L50, F|93/100
|switch|p2a: Incineroar|Incineroar, L50, M|94/100
|-item|p1a: Staraptor|Staraptite|[from] ability: Frisk|[of] p2b: Noivern
|-item|p1b: Farigiraf|Light Clay|[from] ability: Frisk|[of] p2b: Noivern
|-ability|p2a: Incineroar|Intimidate|boost
|-boost|p1a: Staraptor|atk|1
|-unboost|p1b: Farigiraf|atk|1
|turn|7
|
|t:|1784507272
|move|p1a: Staraptor|Close Combat|p2a: Incineroar
|-supereffective|p2a: Incineroar|1
|-damage|p2a: Incineroar|0 fnt
|-boost|p1a: Staraptor|def|1
|-boost|p1a: Staraptor|spd|1
|faint|p2a: Incineroar
|move|p2b: Noivern|Boomburst|p1b: Farigiraf|[spread] p1a,p1b
|-damage|p1a: Staraptor|2/100
|-damage|p1b: Farigiraf|0 fnt
|faint|p1b: Farigiraf
|
|upkeep
|turn|8
|
|t:|1784507295
|move|p1a: Staraptor|Close Combat|p2b: Noivern
|-resisted|p2b: Noivern|1
|-damage|p2b: Noivern|29/100
|-boost|p1a: Staraptor|def|1
|-boost|p1a: Staraptor|spd|1
|move|p2b: Noivern|Boomburst|p1a: Staraptor
|-damage|p1a: Staraptor|0 fnt
|faint|p1a: Staraptor
|
|win|doatzmgoatz
||mattmoosegoose is ready for game 2.
|inactive|doatzmgoatz has 30 seconds to confirm battle start!
||doatzmgoatz is ready for game 2.
|uhtml|next|Next: Game 2 of 3
|l|☆mattmoosegoose
|player|p1|
