|j|☆bigbootyrudy53
|j|☆Mclovingods
|html|bigbootyrudy53Mclovingods    
|uhtml|bestof|Game 1 of a best-of-3
|t:|1782621800
|gametype|doubles
|player|p1|bigbootyrudy53|firebreather|1070
|player|p2|Mclovingods|266|1175
|gen|9
|tier|[Gen 9 Champions] VGC 2026 Reg M-B (Bo3)
|rated|
|rule|Species Clause: Limit one of each Pokémon
|rule|Item Clause: Limit 1 of each item
|clearpoke
|poke|p1|Torkoal, L50, M|
|poke|p1|Venusaur, L50, F|
|poke|p1|Houndoom, L50, F|
|poke|p1|Heliolisk, L50, F|
|poke|p1|Whimsicott, L50, F|
|poke|p1|Aerodactyl, L50, F|
|poke|p2|Delphox, L50, F|
|poke|p2|Basculegion, L50, M|
|poke|p2|Sinistcha, L50|
|poke|p2|Incineroar, L50, M|
|poke|p2|Garchomp, L50, M|
|poke|p2|Staraptor, L50, M|
|teampreview|4
|showteam|p1|Torkoal||ZoomLens|Drought|BodyPress,Overheat,GyroBall,Protect|Relaxed||M|||50|]Venusaur||Leftovers|Chlorophyll|SolarBeam,SludgeBomb,EarthPower,SunnyDay|Modest||F|||50|]Houndoom||Houndoominite|FlashFire|DarkPulse,HeatWave,SolarBeam,Protect|Timid||F|||50|]Heliolisk||ChoiceScarf|SolarPower|HyperVoice,Thunderbolt,VoltSwitch,SolarBeam|Timid||F|||50|]Whimsicott||FocusSash|Chlorophyll|Tailwind,DazzlingGleam,SolarBeam,Uturn|Modest||F|||50|]Aerodactyl||Aerodactylite|RockHead|AerialAce,IronHead,StoneEdge,Earthquake|Jolly||F|||50|
|showteam|p2|Delphox||Delphoxite|Blaze|NastyPlot,HeatWave,Psychic,Protect|Timid||F|||50|]Basculegion||MysticWater|Adaptability|WaveCrash,AquaJet,LastRespects,Protect|Jolly||M|||50|]Sinistcha||CobaBerry|Hospitality|MatchaGotcha,RagePowder,LifeDew,TrickRoom|Calm|||||50|]Incineroar||SitrusBerry|Intimidate|FakeOut,PartingShot,FlareBlitz,DarkestLariat|Careful||M|||50|]Garchomp||LifeOrb|RoughSkin|Earthquake,DragonClaw,RockSlide,Protect|Jolly||M|||50|]Staraptor||Staraptite|Intimidate|CloseCombat,BraveBird,Protect,Roost|Jolly||M|||50|
|
|t:|1782621832
|teamsize|p1|4
|teamsize|p2|4
|start
|switch|p1a: Torkoal|Torkoal, L50, M|100/100
|switch|p1b: Whimsicott|Whimsicott, L50, F|100/100
|switch|p2a: Delphox|Delphox, L50, F|100/100
|switch|p2b: Incineroar|Incineroar, L50, M|100/100
|-ability|p2b: Incineroar|Intimidate|boost
|-unboost|p1a: Torkoal|atk|1
|-unboost|p1b: Whimsicott|atk|1
|-weather|SunnyDay|[from] ability: Drought|[of] p1a: Torkoal
|turn|1
|
|t:|1782621854
|detailschange|p2a: Delphox|Delphox-Mega, L50, F
|-mega|p2a: Delphox|Delphox|Delphoxite
|move|p2b: Incineroar|Fake Out|p1a: Torkoal
|-damage|p1a: Torkoal|93/100
|move|p1b: Whimsicott|Tailwind|p1b: Whimsicott
|-sidestart|p1: bigbootyrudy53|move: Tailwind
|move|p2a: Delphox|Nasty Plot|p2a: Delphox
|-boost|p2a: Delphox|spa|2
|cant|p1a: Torkoal|flinch
|
|-weather|SunnyDay|[upkeep]
|upkeep
|turn|2
|
|t:|1782621890
|switch|p1a: Heliolisk|Heliolisk, L50, F|100/100
|move|p1b: Whimsicott|Dazzling Gleam|p2a: Delphox|[spread] p2a,p2b
|-resisted|p2a: Delphox|1
|-damage|p2a: Delphox|88/100
|-damage|p2b: Incineroar|81/100
|move|p2a: Delphox|Psychic|p1a: Heliolisk
|-damage|p1a: Heliolisk|0 fnt
|faint|p1a: Heliolisk
|move|p2b: Incineroar|Parting Shot|p1b: Whimsicott
|-unboost|p1b: Whimsicott|atk|1
|-unboost|p1b: Whimsicott|spa|1
|
|t:|1782621901
|switch|p2b: Garchomp|Garchomp, L50, M|100/100|[from] Parting Shot
|
|-weather|SunnyDay|[upkeep]
|upkeep
|
|t:|1782621905
|switch|p1a: Houndoom|Houndoom, L50, F|100/100
|turn|3
|
|t:|1782621916
|switch|p2b: Incineroar|Incineroar, L50, M|81/100
|-ability|p2b: Incineroar|Intimidate|boost
|-unboost|p1a: Houndoom|atk|1
|-unboost|p1b: Whimsicott|atk|1
|detailschange|p1a: Houndoom|Houndoom-Mega, L50, F
|-mega|p1a: Houndoom|Houndoom|Houndoominite
|move|p1b: Whimsicott|Dazzling Gleam|p2a: Delphox|[spread] p2a,p2b
|-resisted|p2a: Delphox|1
|-damage|p2a: Delphox|80/100
|-damage|p2b: Incineroar|69/100
|move|p1a: Houndoom|Dark Pulse|p2a: Delphox
|-supereffective|p2a: Delphox|1
|-damage|p2a: Delphox|0 fnt
|faint|p2a: Delphox
|
|-weather|SunnyDay|[upkeep]
|-damage|p1a: Houndoom|88/100|[from] ability: Solar Power|[of] p1a: Houndoom
|upkeep
|
|t:|1782621926
|switch|p2a: Garchomp|Garchomp, L50, M|100/100
|turn|4
|
|t:|1782621947
|move|p2b: Incineroar|Fake Out|p1b: Whimsicott
|-damage|p1b: Whimsicott|83/100
|cant|p1b: Whimsicott|flinch
|move|p1a: Houndoom|Solar Beam||[still]
|-prepare|p1a: Houndoom|Solar Beam
|-anim|p1a: Houndoom|Solar Beam|p2a: Garchomp
|-damage|p2a: Garchomp|31/100
|move|p2a: Garchomp|Earthquake|p1a: Houndoom|[spread] p2b,p1a,p1b
|-supereffective|p2b: Incineroar|1
|-supereffective|p1a: Houndoom|1
|-resisted|p1b: Whimsicott|1
|-damage|p2b: Incineroar|0 fnt
|-damage|p1a: Houndoom|0 fnt
|-damage|p1b: Whimsicott|46/100
|faint|p2b: Incineroar
|faint|p1a: Houndoom
|-damage|p2a: Garchomp|21/100|[from] item: Life Orb
|
|-weather|SunnyDay|[upkeep]
|-sideend|p1: bigbootyrudy53|move: Tailwind
|upkeep
|
|t:|1782621962
|switch|p1a: Torkoal|Torkoal, L50, M|93/100
|switch|p2b: Basculegion|Basculegion, L50, M|100/100
|turn|5
|
|t:|1782621979
|move|p2a: Garchomp|Protect|p2a: Garchomp
|-singleturn|p2a: Garchomp|Protect
|move|p2b: Basculegion|Protect|p2b: Basculegion
|-singleturn|p2b: Basculegion|Protect
|move|p1b: Whimsicott|Solar Beam||[still]
|-prepare|p1b: Whimsicott|Solar Beam
|-anim|p1b: Whimsicott|Solar Beam|p2b: Basculegion
|-activate|p2b: Basculegion|move: Protect
|move|p1a: Torkoal|Body Press|p2a: Garchomp
|-activate|p2a: Garchomp|move: Protect
|
|-weather|none
|upkeep
|turn|6
|
|t:|1782622003
|move|p2a: Garchomp|Earthquake|p1b: Whimsicott|[spread] p2b,p1a,p1b
|-supereffective|p1a: Torkoal|1
|-resisted|p1b: Whimsicott|1
|-damage|p2b: Basculegion|35/100
|-damage|p1a: Torkoal|36/100
|-damage|p1b: Whimsicott|8/100
|-damage|p2a: Garchomp|11/100|[from] item: Life Orb
|move|p1b: Whimsicott|Dazzling Gleam|p2b: Basculegion|[spread] p2a,p2b
|-supereffective|p2a: Garchomp|1
|-damage|p2a: Garchomp|0 fnt
|-damage|p2b: Basculegion|16/100
|faint|p2a: Garchomp
|move|p2b: Basculegion|Last Respects|p1b: Whimsicott
|-damage|p1b: Whimsicott|0 fnt
|faint|p1b: Whimsicott
|move|p1a: Torkoal|Body Press|p2b: Basculegion
|-immune|p2b: Basculegion
|
|upkeep
|turn|7
|
|t:|1782622020
|move|p2b: Basculegion|Wave Crash|p1a: Torkoal
|-supereffective|p1a: Torkoal|1
|-damage|p1a: Torkoal|0 fnt
|faint|p1a: Torkoal
|-damage|p2b: Basculegion|6/100|[from] Recoil
|
|win|Mclovingods
||Mclovingods is ready for game 2.
||bigbootyrudy53 is ready for game 2.
|uhtml|next|Next: Game 2 of 3
