|j|☆Olly457
|j|☆SixHeroes
|html|Olly457SixHeroes    
|uhtml|bestof|Game 1 of a best-of-3
|t:|1756745343
|gametype|doubles
|player|p1|Olly457|unknown|1072
|player|p2|SixHeroes|2|1129
|gen|9
|tier|[Gen 9] VGC 2025 Reg H (Bo3)
|rated|
|rule|Species Clause: Limit one of each Pokémon
|rule|Item Clause: Limit 1 of each item
|clearpoke
|poke|p1|Ursaluna, L50, M|
|poke|p1|Amoonguss, L50, M|
|poke|p1|Porygon2, L50|
|poke|p1|Incineroar, L50, M|
|poke|p1|Gholdengo, L50|
|poke|p1|Mienshao, L50, F|
|poke|p2|Reuniclus, L50, M|
|poke|p2|Tyranitar, L50, F|
|poke|p2|Indeedee-F, L50, F|
|poke|p2|Sneasler, L50, M|
|poke|p2|Garchomp, L50, F|
|poke|p2|Kilowattrel, L50, M|
|teampreview|4
|showteam|p1|Ursaluna||FlameOrb|Guts|Protect,Facade,HeadlongRush,Substitute|||M|||50|,,,,,Ghost]Amoonguss||CovertCloak|Regenerator|RagePowder,ClearSmog,PollenPuff,Spore|||M|||50|,,,,,Electric]Porygon2||Eviolite|Download|Recover,TeraBlast,IceBeam,TrickRoom||||||50|,,,,,Fighting]Incineroar||AssaultVest|Intimidate|Uturn,FlareBlitz,KnockOff,FakeOut|||M|||50|,,,,,Grass]Gholdengo||LifeOrb|GoodasGold|Protect,MakeItRain,ShadowBall,NastyPlot||||||50|,,,,,Water]Mienshao||FocusSash|InnerFocus|CloseCombat,KnockOff,IceSpinner,WideGuard|||F|||50|,,,,,Stellar
|showteam|p2|Reuniclus||SitrusBerry|Overcoat|Protect,TrickRoom,TeraBlast,ExpandingForce|||M|||50|,,,,,Water]Tyranitar||AssaultVest|SandStream|RockSlide,KnockOff,LowKick,TeraBlast|||F|||50|,,,,,Flying]Indeedee-F||AirBalloon|PsychicSurge|FollowMe,TrickRoom,HealPulse,DazzlingGleam|||F|||50|,,,,,Fairy]Sneasler||PsychicSeed|Unburden|Protect,RockSlide,DireClaw,CloseCombat|||M|||50|,,,,,Rock]Garchomp||LifeOrb|SandVeil|StompingTantrum,Earthquake,DragonClaw,Protect|||F|||50|,,,,,Ground]Kilowattrel||FocusSash|Competitive|AirSlash,Discharge,Tailwind,Protect|||M|||50|,,,,,Stellar
|
|t:|1756745361
|teamsize|p1|4
|teamsize|p2|4
|start
|switch|p1a: Incineroar|Incineroar, L50, M, shiny|100/100
|switch|p1b: Mienshao|Mienshao, L50, F, shiny|100/100
|switch|p2a: Kilowattrel|Kilowattrel, L50, M|100/100
|switch|p2b: Garchomp|Garchomp, L50, F|100/100
|-ability|p1a: Incineroar|Intimidate|boost
|-unboost|p2a: Kilowattrel|atk|1
|-ability|p2a: Kilowattrel|Competitive|boost
|-boost|p2a: Kilowattrel|spa|2
|-unboost|p2b: Garchomp|atk|1
|turn|1
|
|t:|1756745389
|switch|p2b: Indeedee|Indeedee-F, L50, F|100/100
|-fieldstart|move: Psychic Terrain|[from] ability: Psychic Surge|[of] p2b: Indeedee
|-item|p2b: Indeedee|Air Balloon
|-terastallize|p2a: Kilowattrel|Stellar
|move|p2a: Kilowattrel|Air Slash|p1b: Mienshao
|-supereffective|p1b: Mienshao
|-crit|p1b: Mienshao
|-enditem|p1b: Mienshao|Focus Sash
|-damage|p1b: Mienshao|1/100
|move|p1b: Mienshao|Ice Spinner|p2b: Indeedee
|-damage|p2b: Indeedee|73/100
|-enditem|p2b: Indeedee|Air Balloon
|-fieldend|move: Psychic Terrain
|move|p1a: Incineroar|Flare Blitz|p2a: Kilowattrel
|-damage|p2a: Kilowattrel|10/100
|-damage|p1a: Incineroar|78/100|[from] Recoil
|
|upkeep
|turn|2
|
|t:|1756745428
|move|p2a: Kilowattrel|Tailwind|p2a: Kilowattrel
|-sidestart|p2: SixHeroes|move: Tailwind
|move|p1b: Mienshao|Knock Off|p2b: Indeedee
|-supereffective|p2b: Indeedee
|-damage|p2b: Indeedee|30/100
|move|p2b: Indeedee|Dazzling Gleam|p1a: Incineroar|[spread] p1a,p1b
|-supereffective|p1b: Mienshao
|-damage|p1a: Incineroar|68/100
|-damage|p1b: Mienshao|0 fnt
|faint|p1b: Mienshao
|move|p1a: Incineroar|Knock Off|p2b: Indeedee
|-supereffective|p2b: Indeedee
|-damage|p2b: Indeedee|0 fnt
|faint|p2b: Indeedee
|
|upkeep
|
|t:|1756745441
|switch|p1b: Ursaluna|Ursaluna, L50, M, shiny|100/100
|switch|p2b: Garchomp|Garchomp, L50, F|100/100
|turn|3
|
|t:|1756745451
|switch|p1b: Amoonguss|Amoonguss, L50, M, shiny|100/100
|-terastallize|p1a: Incineroar|Grass
|move|p2a: Kilowattrel|Discharge|p1a: Incineroar|[spread] p1a,p1b
|-immune|p2b: Garchomp
|-resisted|p1a: Incineroar
|-resisted|p1b: Amoonguss
|-damage|p1a: Incineroar|47/100
|-damage|p1b: Amoonguss|69/100
|-status|p1a: Incineroar|par
|move|p2b: Garchomp|Earthquake|p1a: Incineroar|[spread] p1a,p1b
|-immune|p2a: Kilowattrel
|-resisted|p1a: Incineroar
|-damage|p1a: Incineroar|23/100 par
|-damage|p1b: Amoonguss|32/100
|-damage|p2b: Garchomp|91/100|[from] item: Life Orb
|move|p1a: Incineroar|U-turn|p2a: Kilowattrel
|-resisted|p2a: Kilowattrel
|-damage|p2a: Kilowattrel|0 fnt
|faint|p2a: Kilowattrel
|
|t:|1756745468
|switch|p1a: Ursaluna|Ursaluna, L50, M, shiny|100/100|[from] U-turn
|
|-status|p1a: Ursaluna|brn|[from] item: Flame Orb
|upkeep
|
|t:|1756745470
|switch|p2a: Reuniclus|Reuniclus, L50, M|100/100
|turn|4
|
|t:|1756745504
|move|p2a: Reuniclus|Protect|p2a: Reuniclus
|-singleturn|p2a: Reuniclus|Protect
|move|p1b: Amoonguss|Rage Powder|p1b: Amoonguss
|-singleturn|p1b: Amoonguss|move: Rage Powder
|move|p2b: Garchomp|Earthquake|p1a: Ursaluna|[spread] p1a,p1b
|-activate|p2a: Reuniclus|move: Protect
|-damage|p1a: Ursaluna|64/100 brn
|-damage|p1b: Amoonguss|0 fnt
|faint|p1b: Amoonguss
|-damage|p2b: Garchomp|81/100|[from] item: Life Orb
|move|p1a: Ursaluna|Facade|p2b: Garchomp
|-damage|p2b: Garchomp|0 fnt
|faint|p2b: Garchomp
|
|-damage|p1a: Ursaluna|58/100 brn|[from] brn
|upkeep
|
|t:|1756745512
|switch|p1b: Incineroar|Incineroar, L50, M, shiny, tera:Grass|23/100 par
|-ability|p1b: Incineroar|Intimidate|boost
|-unboost|p2a: Reuniclus|atk|1
|turn|5
|
|t:|1756745517
|move|p2a: Reuniclus|Protect||[still]
|-fail|p2a: Reuniclus
|move|p1b: Incineroar|Fake Out|p2a: Reuniclus
|-damage|p2a: Reuniclus|89/100
|move|p1a: Ursaluna|Facade|p2a: Reuniclus
|-damage|p2a: Reuniclus|0 fnt
|faint|p2a: Reuniclus
|
|win|Olly457
||SixHeroes is ready for game 2.
||Olly457 is ready for game 2.
|uhtml|next|Next: Game 2 of 3
|l|☆SixHeroes
|player|p2|
