|j|☆ki352ng
|j|☆thebeast4895
|html|ki352ngthebeast4895    
|uhtml|bestof|Game 2 of a best-of-3
|t:|1756262072
|gametype|doubles
|player|p1|ki352ng|265|1000
|player|p2|thebeast4895|2|1000
|gen|9
|tier|[Gen 9] VGC 2025 Reg H (Bo3)
|rated|
|rule|Species Clause: Limit one of each Pokémon
|rule|Item Clause: Limit 1 of each item
|clearpoke
|poke|p1|Whimsicott, L50, M|
|poke|p1|Palafin, L50, M|
|poke|p1|Archaludon, L50, F|
|poke|p1|Pelipper, L50, F|
|poke|p1|Ursaluna, L50, M|
|poke|p1|Armarouge, L50, F|
|poke|p2|Dondozo, L50, F|
|poke|p2|Tatsugiri, L50, M|
|poke|p2|Volcarona, L50, F|
|poke|p2|Decidueye-Hisui, L50, M|
|poke|p2|Dragalge, L50, M|
|teampreview|4
|showteam|p1|Whimsicott||MentalHerb|Prankster|BeatUp,Tailwind,Moonblast,Taunt|||M|||50|,,,,,Ghost]Palafin||ChoiceScarf|ZerotoHero|FlipTurn,JetPunch,WaveCrash,CloseCombat|||M|||50|,,,,,Water]Archaludon||PowerHerb|Stamina|Protect,ElectroShot,BodyPress,FlashCannon|||F|||50|,,,,,Electric]Pelipper||SitrusBerry|Drizzle|Hurricane,WeatherBall,WideGuard,IcyWind|||F|||50|,,,,,Ground]Ursaluna||FlameOrb|Guts|HeadlongRush,Facade,Protect,CloseCombat|||M|||50|,,,,,Normal]Armarouge||WeaknessPolicy|WeakArmor|ExpandingForce,Protect,HeatWave,ShadowBall|||F|||50|,,,,,Ghost
|showteam|p2|Dondozo||AssaultVest|Unaware|OrderUp,Liquidation,Earthquake,RockSlide|||F|||50|,,,,,Water]Tatsugiri||FocusSash|Commander|DracoMeteor,HydroPump,IcyWind,Protect|||M|||50|,,,,,Dragon]Volcarona||RockyHelmet|FlameBody|FieryDance,BugBuzz,QuiverDance,Protect|||F|||50|,,,,,Grass]Decidueye-Hisui||ExpertBelt|Scrappy|BraveBird,TripleArrows,LeafBlade,Protect|||M|||50|,,,,,Fire]Dragalge||ChoiceSpecs|Adaptability|DracoMeteor,SludgeBomb,MuddyWater,Thunderbolt|||M|||50|,,,,,Water
|inactive|Battle timer is ON: inactive players will automatically lose when time's up. (requested by ki352ng)
|c|☆thebeast4895|dragalge is a massive threat man
|c|☆thebeast4895|it doesn't look that way
|c|☆thebeast4895|but that think smacks
|
|t:|1756262102
|teamsize|p1|4
|teamsize|p2|4
|start
|switch|p1a: Palafin|Palafin, L50, M|100/100
|switch|p1b: Armarougeq|Armarouge, L50, F|100/100
|switch|p2a: Decidueye|Decidueye-Hisui, L50, M|100/100
|switch|p2b: Dragalge|Dragalge, L50, M, shiny|100/100
|turn|1
|c|☆thebeast4895|with 244 special attack
|c|☆thebeast4895|and adaptability
|c|☆ki352ng|I can see
|inactive|ki352ng has 30 seconds left.
|inactive|thebeast4895 has 30 seconds left.
|inactive|ki352ng has 20 seconds left.
|inactive|ki352ng has 15 seconds left.
|inactive|ki352ng has 10 seconds left.
|
|t:|1756262148
|-terastallize|p2b: Dragalge|Water
|move|p1a: Palafin|Flip Turn|p1b: Armarougeq
|-supereffective|p1b: Armarougeq
|-damage|p1b: Armarougeq|56/100
|-ability|p1b: Armarougeq|Weak Armor|boost
|-unboost|p1b: Armarougeq|def|1
|-boost|p1b: Armarougeq|spe|2
|-enditem|p1b: Armarougeq|Weakness Policy
|-boost|p1b: Armarougeq|atk|2|[from] item: Weakness Policy
|-boost|p1b: Armarougeq|spa|2|[from] item: Weakness Policy
|
|t:|1756262153
|detailschange|p1a: Palafin|Palafin-Hero, L50, M
|switch|p1a: Archaludon|Archaludon, L50, F|100/100|[from] Flip Turn
|move|p1b: Armarougeq|Heat Wave|p2a: Decidueye|[spread] p2b
|-miss|p1b: Armarougeq|p2a: Decidueye
|-resisted|p2b: Dragalge
|-damage|p2b: Dragalge|68/100
|move|p2a: Decidueye|Leaf Blade|p1a: Archaludon
|-resisted|p1a: Archaludon
|-damage|p1a: Archaludon|94/100
|-ability|p1a: Archaludon|Stamina|boost
|-boost|p1a: Archaludon|def|1
|move|p2b: Dragalge|Muddy Water|p1a: Archaludon|[spread] p1b
|-miss|p2b: Dragalge|p1a: Archaludon
|-supereffective|p1b: Armarougeq
|-damage|p1b: Armarougeq|0 fnt
|faint|p1b: Armarougeq
|
|upkeep
|
|t:|1756262158
|switch|p1b: Pelipper|Pelipper, L50, F|100/100
|-weather|RainDance|[from] ability: Drizzle|[of] p1b: Pelipper
|turn|2
|inactive|ki352ng has 30 seconds left.
|inactive|thebeast4895 has 30 seconds left.
|
|t:|1756262186
|switch|p2b: Tatsugiri|Tatsugiri, L50, M|100/100
|-terastallize|p1a: Archaludon|Electric
|move|p1a: Archaludon|Electro Shot||[still]
|-prepare|p1a: Archaludon|Electro Shot
|-boost|p1a: Archaludon|spa|1
|-anim|p1a: Archaludon|Electro Shot|p2a: Decidueye
|-resisted|p2a: Decidueye
|-damage|p2a: Decidueye|58/100
|move|p1b: Pelipper|Hurricane|p2a: Decidueye
|-supereffective|p2a: Decidueye
|-damage|p2a: Decidueye|0 fnt
|faint|p2a: Decidueye
|
|-weather|RainDance|[upkeep]
|upkeep
|
|t:|1756262199
|switch|p2a: Dondozo|Dondozo, L50, F|100/100
|-activate|p2b: Tatsugiri|ability: Commander|[of] p2a: Dondozo
|-boost|p2a: Dondozo|atk|2
|-boost|p2a: Dondozo|spa|2
|-boost|p2a: Dondozo|spe|2
|-boost|p2a: Dondozo|def|2
|-boost|p2a: Dondozo|spd|2
|turn|3
|
|t:|1756262209
|move|p1b: Pelipper|Wide Guard|p1b: Pelipper
|-singleturn|p1b: Pelipper|Wide Guard
|move|p2a: Dondozo|Order Up|p1a: Archaludon
|-damage|p1a: Archaludon|67/100
|-ability|p1a: Archaludon|Stamina|boost
|-boost|p1a: Archaludon|def|1
|-boost|p2a: Dondozo|atk|1
|move|p1a: Archaludon|Electro Shot||[still]
|-prepare|p1a: Archaludon|Electro Shot
|-boost|p1a: Archaludon|spa|1
|-anim|p1a: Archaludon|Electro Shot|p2a: Dondozo
|-supereffective|p2a: Dondozo
|-damage|p2a: Dondozo|65/100
|
|-weather|RainDance|[upkeep]
|upkeep
|turn|4
|
|t:|1756262223
|move|p1b: Pelipper|Wide Guard|p1b: Pelipper
|-singleturn|p1b: Pelipper|Wide Guard
|move|p2a: Dondozo|Order Up|p1b: Pelipper
|-damage|p1b: Pelipper|30/100
|-enditem|p1b: Pelipper|Sitrus Berry|[eat]
|-heal|p1b: Pelipper|55/100|[from] item: Sitrus Berry
|-boost|p2a: Dondozo|atk|1
|move|p1a: Archaludon|Electro Shot||[still]
|-prepare|p1a: Archaludon|Electro Shot
|-boost|p1a: Archaludon|spa|1
|-anim|p1a: Archaludon|Electro Shot|p2a: Dondozo
|-supereffective|p2a: Dondozo
|-damage|p2a: Dondozo|35/100
|
|-weather|RainDance|[upkeep]
|upkeep
|turn|5
|
|t:|1756262241
|move|p1b: Pelipper|Wide Guard|p1b: Pelipper
|-singleturn|p1b: Pelipper|Wide Guard
|move|p2a: Dondozo|Order Up|p1b: Pelipper
|-damage|p1b: Pelipper|0 fnt
|faint|p1b: Pelipper
|-boost|p2a: Dondozo|atk|1
|move|p1a: Archaludon|Electro Shot||[still]
|-prepare|p1a: Archaludon|Electro Shot
|-boost|p1a: Archaludon|spa|1
|-anim|p1a: Archaludon|Electro Shot|p2a: Dondozo
|-supereffective|p2a: Dondozo
|-damage|p2a: Dondozo|0 fnt
|faint|p2a: Dondozo
|
|-weather|RainDance|[upkeep]
|upkeep
|
|t:|1756262254
|switch|p1b: Palafin|Palafin-Hero, L50, M|100/100
|switch|p2a: Dragalge|Dragalge, L50, M, shiny, tera:Water|68/100
|-activate|p1b: Palafin|ability: Zero to Hero
|turn|6
|inactive|thebeast4895 has 30 seconds left.
|
|t:|1756262281
|move|p1b: Palafin|Close Combat|p2a: Dragalge
|-damage|p2a: Dragalge|8/100
|-unboost|p1b: Palafin|def|1
|-unboost|p1b: Palafin|spd|1
|move|p2b: Tatsugiri|Draco Meteor|p1b: Palafin
|-damage|p1b: Palafin|0 fnt
|-unboost|p2b: Tatsugiri|spa|2
|faint|p1b: Palafin
|move|p1a: Archaludon|Electro Shot||[still]
|-prepare|p1a: Archaludon|Electro Shot
|-boost|p1a: Archaludon|spa|1
|-anim|p1a: Archaludon|Electro Shot|p2a: Dragalge
|-supereffective|p2a: Dragalge
|-damage|p2a: Dragalge|0 fnt
|faint|p2a: Dragalge
|
|-weather|none
|upkeep
|turn|7
|
|t:|1756262302
|move|p2b: Tatsugiri|Protect|p2b: Tatsugiri
|-singleturn|p2b: Tatsugiri|Protect
|move|p1a: Archaludon|Flash Cannon|p2b: Tatsugiri
|-activate|p2b: Tatsugiri|move: Protect
|
|upkeep
|turn|8
|
|t:|1756262314
|move|p2b: Tatsugiri|Protect|p2b: Tatsugiri
|-singleturn|p2b: Tatsugiri|Protect
|move|p1a: Archaludon|Electro Shot||[still]
|-prepare|p1a: Archaludon|Electro Shot
|-boost|p1a: Archaludon|spa|1
|-enditem|p1a: Archaludon|Power Herb
|-anim|p1a: Archaludon|Electro Shot|p2b: Tatsugiri
|-activate|p2b: Tatsugiri|move: Protect
|
|upkeep
|turn|9
|c|☆thebeast4895|oh my gosh the clutch double
|c|☆thebeast4895|i will still lose but like
|inactive|thebeast4895 has 30 seconds left.
|
|t:|1756262339
|move|p2b: Tatsugiri|Hydro Pump|p1a: Archaludon
|-damage|p1a: Archaludon|32/100
|-ability|p1a: Archaludon|Stamina|boost
|-boost|p1a: Archaludon|def|1
|move|p1a: Archaludon|Flash Cannon|p2b: Tatsugiri
|-resisted|p2b: Tatsugiri
|-damage|p2b: Tatsugiri|11/100
|
|upkeep
|turn|10
|c|☆ki352ng|If that double loses me the game I swear to god
|inactive|ki352ng has 30 seconds left.
|
|t:|1756262366
|move|p2b: Tatsugiri|Draco Meteor|p1a: Archaludon
|-damage|p1a: Archaludon|0 fnt
|-unboost|p2b: Tatsugiri|spa|2
|faint|p1a: Archaludon
|
|win|thebeast4895
|raw|ki352ng's rating: 1000 → 1000(+0 for losing)
|raw|thebeast4895's rating: 1000 → 1040(+40 for winning)
|c|☆thebeast4895|ive had worse
|c|☆thebeast4895|man
|c|☆thebeast4895|that was insanely close
|c|☆ki352ng|Ggs man
|c|☆thebeast4895|gg man
|c|☆thebeast4895|dragalge was clutch
|l|☆ki352ng
|player|p1|
|c|☆thebeast4895|you ignored it to much going for decid
