|j|☆Zoro92
|j|☆finalbossbackwiper
|html|Zoro92finalbossbackwiper    
|uhtml|bestof|Game 1 of a best-of-3
|t:|1783365336
|gametype|doubles
|player|p1|Zoro92|giovanni|1082
|player|p2|finalbossbackwiper|102|1147
|gen|9
|tier|[Gen 9 Champions] VGC 2026 Reg M-B (Bo3)
|rated|
|rule|Species Clause: Limit one of each Pokémon
|rule|Item Clause: Limit 1 of each item
|clearpoke
|poke|p1|Charizard, L50, M|
|poke|p1|Aerodactyl, L50, F|
|poke|p1|Kingambit, L50, F|
|poke|p1|Sylveon, L50, M|
|poke|p1|Farigiraf, L50, F|
|poke|p1|Garchomp, L50, F|
|poke|p2|Charizard, L50, M|
|poke|p2|Torkoal, L50, M|
|poke|p2|Sinistcha, L50|
|poke|p2|Glimmora, L50, F|
|poke|p2|Grimmsnarl, L50, M|
|poke|p2|Annihilape, L50, M|
|teampreview|4
|showteam|p1|Charizard||CharizarditeY|SolarPower|WeatherBall,HeatWave,SolarBeam,Protect|Modest||M|||50|]Aerodactyl||Aerodactylite|Unnerve|DualWingbeat,RockSlide,IceFang,Tailwind|Jolly||F|||50|]Kingambit||FocusSash|Defiant|LowKick,KowtowCleave,SuckerPunch,IronHead|Adamant||F|||50|]Sylveon||FairyFeather|Pixilate|Protect,HyperBeam,HyperVoice,QuickAttack|Modest||M|||50|]Farigiraf||SitrusBerry|ArmorTail|Thunderbolt,TwinBeam,TrickRoom,Roar|Bold||F|||50|]Garchomp||LifeOrb|RoughSkin|DragonClaw,Earthquake,StompingTantrum,Protect|Jolly||F|||50|
|showteam|p2|Charizard||CharizarditeX|Blaze|FlameCharge,BreakingSwipe,Roost,Protect|Adamant||M|||50|]Torkoal||Charcoal|Drought|Eruption,WeatherBall,HelpingHand,Protect|Quiet||M|||50|]Sinistcha||OccaBerry|Hospitality|EnergyBall,RagePowder,TrickRoom,Protect|Calm|||||50|]Glimmora||FocusSash|ToxicDebris|SludgeBomb,EarthPower,MortalSpin,SpikyShield|Modest||F|||50|]Grimmsnarl||RoseliBerry|Prankster|SpiritBreak,Assurance,FakeOut,PartingShot|Adamant||M|||50|]Annihilape||ChoiceScarf|Defiant|CloseCombat,PhantomForce,PoisonJab,Coaching|Adamant||M|||50|
|inactive|Battle timer is ON: inactive players will automatically lose when time's up. (requested by finalbossbackwiper)
|inactive|Zoro92 has 60 seconds left.
|inactive|finalbossbackwiper has 60 seconds left.
|inactive|finalbossbackwiper has 30 seconds left.
|inactive|finalbossbackwiper has 20 seconds left.
|inactive|finalbossbackwiper has 15 seconds left.
|
|t:|1783365415
|teamsize|p1|4
|teamsize|p2|4
|start
|switch|p1a: Aerodactyl|Aerodactyl, L50, F|100/100
|switch|p1b: Kingambit|Kingambit, L50, F|100/100
|switch|p2a: Grimmsnarl|Grimmsnarl, L50, M|100/100
|switch|p2b: Sinistcha|Sinistcha, L50|100/100
|-ability|p1a: Aerodactyl|Unnerve
|turn|1
|inactive|Zoro92 has 30 seconds left.
|
|t:|1783365441
|switch|p1a: Farigiraf|Farigiraf, L50, F|100/100
|move|p2a: Grimmsnarl|Fake Out||[still]
|cant|p1a: Farigiraf|ability: Armor Tail|Fake Out|[of] p2a: Grimmsnarl
|move|p1b: Kingambit|Kowtow Cleave|p2b: Sinistcha
|-supereffective|p2b: Sinistcha|1
|-damage|p2b: Sinistcha|4/100
|move|p2b: Sinistcha|Trick Room|p2b: Sinistcha
|-fieldstart|move: Trick Room|[of] p2b: Sinistcha
|
|upkeep
|turn|2
|inactive|Zoro92 has 30 seconds left.
|inactive|Zoro92 has 20 seconds left.
|inactive|finalbossbackwiper has 30 seconds left.
|
|t:|1783365482
|switch|p1a: Aerodactyl|Aerodactyl, L50, F|100/100
|-ability|p1a: Aerodactyl|Unnerve
|switch|p2a: Torkoal|Torkoal, L50, M|100/100
|-weather|SunnyDay|[from] ability: Drought|[of] p2a: Torkoal
|move|p2b: Sinistcha|Energy Ball|p1b: Kingambit
|-resisted|p1b: Kingambit|1
|-damage|p1b: Kingambit|80/100
|move|p1b: Kingambit|Iron Head|p2a: Torkoal
|-resisted|p2a: Torkoal|1
|-damage|p2a: Torkoal|83/100
|
|-weather|SunnyDay|[upkeep]
|upkeep
|turn|3
|
|t:|1783365501
|detailschange|p1a: Aerodactyl|Aerodactyl-Mega, L50, F
|-mega|p1a: Aerodactyl|Aerodactyl|Aerodactylite
|move|p2b: Sinistcha|Rage Powder|p2b: Sinistcha
|-singleturn|p2b: Sinistcha|move: Rage Powder
|move|p1b: Kingambit|Sucker Punch||[still]
|-fail|p1b: Kingambit
|move|p2a: Torkoal|Eruption|p1a: Aerodactyl|[spread] p1a,p1b
|-resisted|p1a: Aerodactyl|1
|-supereffective|p1b: Kingambit|1
|-damage|p1a: Aerodactyl|63/100
|-damage|p1b: Kingambit|0 fnt
|faint|p1b: Kingambit
|move|p1a: Aerodactyl|Rock Slide|p2b: Sinistcha|[spread] p2a,p2b
|-supereffective|p2a: Torkoal|1
|-damage|p2a: Torkoal|42/100
|-damage|p2b: Sinistcha|0 fnt
|faint|p2b: Sinistcha
|
|-weather|SunnyDay|[upkeep]
|upkeep
|
|t:|1783365522
|switch|p2b: Grimmsnarl|Grimmsnarl, L50, M|100/100
|switch|p1b: Farigiraf|Farigiraf, L50, F|100/100
|turn|4
|
|t:|1783365543
|move|p2a: Torkoal|Eruption|p1a: Aerodactyl|[spread] p1a,p1b
|-resisted|p1a: Aerodactyl|1
|-damage|p1a: Aerodactyl|44/100
|-damage|p1b: Farigiraf|65/100
|move|p2b: Grimmsnarl|Assurance|p1b: Farigiraf
|-supereffective|p1b: Farigiraf|1
|-damage|p1b: Farigiraf|0 fnt
|faint|p1b: Farigiraf
|move|p1a: Aerodactyl|Rock Slide|p2b: Grimmsnarl|[spread] p2a,p2b
|-supereffective|p2a: Torkoal|1
|-damage|p2a: Torkoal|1/100
|-damage|p2b: Grimmsnarl|74/100
|
|-weather|SunnyDay|[upkeep]
|upkeep
|
|t:|1783365554
|switch|p1b: Garchomp|Garchomp, L50, F|100/100
|turn|5
|
|t:|1783365564
|move|p1b: Garchomp|Protect|p1b: Garchomp
|-singleturn|p1b: Garchomp|Protect
|move|p2a: Torkoal|Weather Ball|p1a: Aerodactyl
|-resisted|p1a: Aerodactyl|1
|-damage|p1a: Aerodactyl|1/100
|move|p2b: Grimmsnarl|Spirit Break|p1a: Aerodactyl
|-damage|p1a: Aerodactyl|0 fnt
|faint|p1a: Aerodactyl
|
|-weather|SunnyDay|[upkeep]
|-fieldend|move: Trick Room
|upkeep
|turn|6
|
|t:|1783365575
|move|p2a: Torkoal|Helping Hand|p2b: Grimmsnarl
|-singleturn|p2b: Grimmsnarl|Helping Hand|[of] p2a: Torkoal
|move|p1b: Garchomp|Earthquake|p2b: Grimmsnarl|[spread] p2a,p2b
|-supereffective|p2a: Torkoal|1
|-damage|p2a: Torkoal|0 fnt
|-damage|p2b: Grimmsnarl|21/100
|faint|p2a: Torkoal
|-damage|p1b: Garchomp|90/100|[from] item: Life Orb
|move|p2b: Grimmsnarl|Spirit Break|p1b: Garchomp
|-supereffective|p1b: Garchomp|1
|-damage|p1b: Garchomp|0 fnt
|-damage|p2b: Grimmsnarl|8/100|[from] ability: Rough Skin|[of] p1b: Garchomp
|faint|p1b: Garchomp
|
|win|finalbossbackwiper
||finalbossbackwiper is ready for game 2.
|inactive|Zoro92 has 30 seconds to confirm battle start!
||Zoro92 is ready for game 2.
|uhtml|next|Next: Game 2 of 3
