|j|☆uglybeast
|j|☆Vurocz
|html|uglybeastVurocz    
|uhtml|bestof|Game 1 of a best-of-3
|t:|1756755747
|gametype|doubles
|player|p1|uglybeast|lucas|1319
|player|p2|Vurocz|veteran|1262
|gen|9
|tier|[Gen 9] VGC 2025 Reg H (Bo3)
|rated|
|rule|Species Clause: Limit one of each Pokémon
|rule|Item Clause: Limit 1 of each item
|clearpoke
|poke|p1|Murkrow, L50, F|
|poke|p1|Ursaluna-Bloodmoon, L50, M|
|poke|p1|Sneasler, L50, F|
|poke|p1|Dragapult, L50, F|
|poke|p1|Armarouge, L50, F|
|poke|p1|Indeedee-F, L50, F|
|poke|p2|Sneasler, L50, M|
|poke|p2|Ceruledge, L50, M|
|poke|p2|Kingambit, L50, F|
|poke|p2|Swampert, L50, F|
|poke|p2|Glaceon, L50, M|
|poke|p2|Ninetales-Alola, L50, F|
|teampreview|4
|showteam|p1|Murkrow||Eviolite|Prankster|Haze,SunnyDay,Tailwind,BraveBird|||F|||50|,,,,,Ghost]Ursaluna-Bloodmoon||LifeOrb|MindsEye|BloodMoon,HyperVoice,Protect,EarthPower|||M|||50|,,,,,Normal]Sneasler||PsychicSeed|Unburden|ThroatChop,DireClaw,CloseCombat,Protect|||F|||50|,,,,,Dark]Dragapult||ChoiceBand|ClearBody|DragonDarts,Outrage,Uturn,PhantomForce|||F|||50|,,,,,Dragon]Armarouge||PowerHerb|FlashFire|HeatWave,MeteorBeam,ExpandingForce,Protect|||F|||50|,,,,,Grass]Indeedee-F||RockyHelmet|PsychicSurge|DazzlingGleam,FollowMe,HelpingHand,TrickRoom|||F|||50|,,,,,Grass
|showteam|p2|Sneasler||FocusSash|Unburden|DireClaw,CloseCombat,Coaching,Protect|||M|||50|,,,,,Flying]Ceruledge||ClearAmulet|FlashFire|BitterBlade,ShadowSneak,Poltergeist,Protect|||M|||50|,,,,,Fairy]Kingambit||AssaultVest|Defiant|KowtowCleave,SuckerPunch,IronHead,LowKick|||F|||50|,,,,,Ghost]Swampert||LifeOrb|Torrent|Liquidation,Earthquake,WideGuard,Protect|||F|||50|,,,,,Poison]Glaceon||ChoiceSpecs|SnowCloak|Blizzard,FreezeDry,WeatherBall,TeraBlast|||M|||50|,,,,,Fire]Ninetales-Alola||CovertCloak|SnowWarning|Blizzard,Moonblast,AuroraVeil,Protect|||F|||50|,,,,,Water
|inactive|Battle timer is ON: inactive players will automatically lose when time's up. (requested by Vurocz)
|
|t:|1756755827
|teamsize|p1|4
|teamsize|p2|4
|start
|switch|p1a: Giandam|Armarouge, L50, F|100/100
|switch|p1b: Kwstas|Murkrow, L50, F|100/100
|switch|p2a: Sneasler|Sneasler, L50, M|100/100
|switch|p2b: Ceruledge|Ceruledge, L50, M, shiny|100/100
|turn|1
|inactive|uglybeast has 30 seconds left.
|inactive|Vurocz has 30 seconds left.
|inactive|Vurocz has 20 seconds left.
|
|t:|1756755862
|-terastallize|p1a: Giandam|Grass
|move|p2b: Ceruledge|Protect|p2b: Ceruledge
|-singleturn|p2b: Ceruledge|Protect
|move|p1b: Kwstas|Tailwind|p1b: Kwstas
|-sidestart|p1: uglybeast|move: Tailwind
|move|p1a: Giandam|Meteor Beam||[still]
|-prepare|p1a: Giandam|Meteor Beam
|-boost|p1a: Giandam|spa|1
|-enditem|p1a: Giandam|Power Herb
|-anim|p1a: Giandam|Meteor Beam|p2b: Ceruledge
|-activate|p2b: Ceruledge|move: Protect
|move|p2a: Sneasler|Dire Claw|p1a: Giandam
|-supereffective|p1a: Giandam
|-damage|p1a: Giandam|2/100
|
|upkeep
|turn|2
|inactive|uglybeast has 30 seconds left.
|
|t:|1756755887
|move|p1a: Giandam|Protect|p1a: Giandam
|-singleturn|p1a: Giandam|Protect
|move|p1b: Kwstas|Brave Bird|p2a: Sneasler
|-supereffective|p2a: Sneasler
|-enditem|p2a: Sneasler|Focus Sash
|-damage|p2a: Sneasler|1/100
|-damage|p1b: Kwstas|68/100|[from] Recoil
|move|p2a: Sneasler|Dire Claw|p1a: Giandam
|-activate|p1a: Giandam|move: Protect
|move|p2b: Ceruledge|Bitter Blade|p1b: Kwstas
|-damage|p1b: Kwstas|11/100
|
|upkeep
|turn|3
|inactive|uglybeast has 30 seconds left.
|inactive|uglybeast has 20 seconds left.
|
|t:|1756755927
|move|p2b: Ceruledge|Shadow Sneak|p1b: Kwstas
|-resisted|p1b: Kwstas
|-damage|p1b: Kwstas|0 fnt
|faint|p1b: Kwstas
|move|p2a: Sneasler|Dire Claw|p1a: Giandam
|-supereffective|p1a: Giandam
|-damage|p1a: Giandam|0 fnt
|faint|p1a: Giandam
|
|upkeep
|
|t:|1756755932
|switch|p1a: Paschalis|Ursaluna-Bloodmoon, L50, M|100/100
|switch|p1b: Blade|Indeedee-F, L50, F|100/100
|-fieldstart|move: Psychic Terrain|[from] ability: Psychic Surge|[of] p1b: Blade
|turn|4
|
|t:|1756755956
|-terastallize|p2b: Ceruledge|Fairy
|move|p1b: Blade|Helping Hand|p1a: Paschalis
|-singleturn|p1a: Paschalis|Helping Hand|[of] p1b: Blade
|move|p2a: Sneasler|Close Combat|p1b: Blade
|-damage|p1b: Blade|43/100
|-unboost|p2a: Sneasler|def|1
|-unboost|p2a: Sneasler|spd|1
|-damage|p2a: Sneasler|0 fnt|[from] item: Rocky Helmet|[of] p1b: Blade
|faint|p2a: Sneasler
|move|p1a: Paschalis|Hyper Voice|p2b: Ceruledge
|-damage|p2b: Ceruledge|0 fnt
|faint|p2b: Ceruledge
|-damage|p1a: Paschalis|91/100|[from] item: Life Orb
|
|-sideend|p1: uglybeast|move: Tailwind
|upkeep
|
|t:|1756755970
|switch|p2a: Swampert|Swampert, L50, F|100/100
|switch|p2b: Kingambit|Kingambit, L50, F|100/100
|turn|5
|
|t:|1756755990
|move|p1b: Blade|Follow Me|p1b: Blade
|-singleturn|p1b: Blade|move: Follow Me
|move|p1a: Paschalis|Earth Power|p2b: Kingambit
|-supereffective|p2b: Kingambit
|-damage|p2b: Kingambit|7/100
|-damage|p1a: Paschalis|81/100|[from] item: Life Orb
|move|p2a: Swampert|Liquidation|p1b: Blade
|-damage|p1b: Blade|0 fnt
|-damage|p2a: Swampert|84/100|[from] item: Rocky Helmet|[of] p1b: Blade
|faint|p1b: Blade
|-damage|p2a: Swampert|74/100|[from] item: Life Orb
|move|p2b: Kingambit|Low Kick|p1a: Paschalis
|-supereffective|p1a: Paschalis
|-damage|p1a: Paschalis|3/100
|
|upkeep
|turn|6
|j| 13XH
|inactive|uglybeast has 30 seconds left.
|inactive|uglybeast has 20 seconds left.
|
|t:|1756756026
|move|p1a: Paschalis|Earth Power|p2b: Kingambit
|-supereffective|p2b: Kingambit
|-damage|p2b: Kingambit|0 fnt
|faint|p2b: Kingambit
|-damage|p1a: Paschalis|0 fnt|[from] item: Life Orb
|faint|p1a: Paschalis
|
|win|Vurocz
||uglybeast is ready for game 2.
||Vurocz is ready for game 2.
|uhtml|next|Next: Game 2 of 3
