|j|☆spearow's nest
|j|☆dogwitdaglasses
|html|spearow's nestdogwitdaglasses    
|uhtml|bestof|Game 1 of a best-of-3
|t:|1757641145
|gametype|doubles
|player|p1|spearow's nest|lance|
|player|p2|dogwitdaglasses|guzma|
|gen|9
|tier|[Gen 9] VGC 2025 Reg H (Bo3)
|rule|Species Clause: Limit one of each Pokémon
|rule|Item Clause: Limit 1 of each item
|clearpoke
|poke|p1|Gholdengo, L50|
|poke|p1|Sneasler, L50, M|
|poke|p1|Rillaboom, L50, F|
|poke|p1|Dragonite, L50, M|
|poke|p1|Ninetales-Alola, L50, M|
|poke|p1|Arcanine-Hisui, L50, M|
|poke|p2|Rillaboom, L50, M|
|poke|p2|Dragonite, L50, M|
|poke|p2|Sneasler, L50, M|
|poke|p2|Ninetales-Alola, L50, F|
|poke|p2|Kingambit, L50, M|
|poke|p2|Volcarona, L50, F|
|teampreview|4
|showteam|p1|Gholdengo||GrassySeed|GoodasGold|NastyPlot,MakeItRain,ShadowBall,Protect||||||50|,,,,,Water]Sneasler||WhiteHerb|Unburden|CloseCombat,DireClaw,Coaching,Protect|||M|||50|,,,,,Ghost]Rillaboom||AssaultVest|GrassySurge|FakeOut,GrassyGlide,DrumBeating,HighHorsepower|||F|||50|,,,,,Fire]Dragonite||LoadedDice|Multiscale|ScaleShot,StompingTantrum,Tailwind,Protect|||M|||50|,,,,,Ground]Ninetales-Alola||FocusSash|SnowWarning|Blizzard,IcyWind,Encore,AuroraVeil|||M|||50|,,,,,Ghost]Arcanine-Hisui||ClearAmulet|Intimidate|RockSlide,FlareBlitz,ExtremeSpeed,Protect|||M|||50|,,,,,Water
|showteam|p2|Rillaboom||AssaultVest|GrassySurge|WoodHammer,GrassyGlide,HighHorsepower,FakeOut|||M|||50|,,,,,Fire]Dragonite||LoadedDice|Multiscale|Protect,ScaleShot,LowKick,Haze|||M|||50|,,,,,Fairy]Sneasler||WhiteHerb|Unburden|Protect,DireClaw,CloseCombat,Coaching|||M|||50|,,,,,Ghost]Ninetales-Alola||ChoiceSpecs|SnowWarning|Blizzard,IcyWind,Moonblast,FreezeDry|||F|||50|,,,,,Ghost]Kingambit||SafetyGoggles|Defiant|Protect,KowtowCleave,SuckerPunch,SwordsDance|||M|||50|,,,,,Dark]Volcarona||LumBerry|FlameBody|StruggleBug,RagePowder,Overheat,WillOWisp|||F|||50|,,,,,Fire
|
|t:|1757641169
|teamsize|p1|4
|teamsize|p2|4
|start
|switch|p1a: Ninetales|Ninetales-Alola, L50, M|100/100
|switch|p1b: Sneasler|Sneasler, L50, M|100/100
|switch|p2a: Ninetales|Ninetales-Alola, L50, F|100/100
|switch|p2b: Sneasler|Sneasler, L50, M|100/100
|-weather|Snowscape|[from] ability: Snow Warning|[of] p1a: Ninetales
|turn|1
|
|t:|1757641185
|move|p2b: Sneasler|Dire Claw|p1a: Ninetales
|-supereffective|p1a: Ninetales
|-damage|p1a: Ninetales|15/100
|-status|p1a: Ninetales|psn
|move|p2a: Ninetales|Blizzard|p1b: Sneasler|[spread] p1a,p1b
|-resisted|p1a: Ninetales
|-damage|p1a: Ninetales|0 fnt
|-damage|p1b: Sneasler|49/100
|faint|p1a: Ninetales
|move|p1b: Sneasler|Close Combat|p2a: Ninetales
|-damage|p2a: Ninetales|35/100
|-unboost|p1b: Sneasler|def|1
|-unboost|p1b: Sneasler|spd|1
|-enditem|p1b: Sneasler|White Herb
|-clearnegativeboost|p1b: Sneasler|[silent]
|
|-weather|Snowscape|[upkeep]
|upkeep
|
|t:|1757641209
|switch|p1a: Dragonite|Dragonite, L50, M|100/100
|turn|2
|
|t:|1757641223
|-terastallize|p2a: Ninetales|Ghost
|move|p1b: Sneasler|Dire Claw|p2a: Ninetales
|-resisted|p2a: Ninetales
|-damage|p2a: Ninetales|5/100
|-status|p2a: Ninetales|slp
|move|p2b: Sneasler|Dire Claw|p1a: Dragonite
|-damage|p1a: Dragonite|80/100
|-status|p1a: Dragonite|psn
|cant|p2a: Ninetales|slp
|move|p1a: Dragonite|Scale Shot|p2b: Sneasler
|-damage|p2b: Sneasler|77/100
|-damage|p2b: Sneasler|55/100
|-damage|p2b: Sneasler|29/100
|-damage|p2b: Sneasler|6/100
|-hitcount|p2b: Sneasler|4
|-unboost|p1a: Dragonite|def|1
|-boost|p1a: Dragonite|spe|1
|
|-weather|Snowscape|[upkeep]
|-damage|p1a: Dragonite|68/100 psn|[from] psn
|upkeep
|turn|3
|c|☆dogwitdaglasses|we dont lose as much from losing the speed tie as we gain from winning it
|
|t:|1757641259
|move|p2b: Sneasler|Protect|p2b: Sneasler
|-singleturn|p2b: Sneasler|Protect
|move|p1b: Sneasler|Dire Claw|p2b: Sneasler
|-activate|p2b: Sneasler|move: Protect
|move|p1a: Dragonite|Tailwind|p1a: Dragonite
|-sidestart|p1: spearow's nest|move: Tailwind
|-curestatus|p2a: Ninetales|slp|[msg]
|move|p2a: Ninetales|Blizzard|p1a: Dragonite|[spread] p1a,p1b
|-supereffective|p1a: Dragonite
|-damage|p1a: Dragonite|0 fnt
|-damage|p1b: Sneasler|0 fnt
|faint|p1a: Dragonite
|faint|p1b: Sneasler
|
|-weather|Snowscape|[upkeep]
|upkeep
|
|t:|1757641269
|switch|p1b: Arcanine|Arcanine-Hisui, L50, M|100/100
|-ability|p1b: Arcanine|Intimidate|boost
|-unboost|p2a: Ninetales|atk|1
|-unboost|p2b: Sneasler|atk|1
|-enditem|p2b: Sneasler|White Herb
|-clearnegativeboost|p2b: Sneasler|[silent]
|turn|4
|c|☆dogwitdaglasses|dice is in our favor
|
|t:|1757641284
|move|p1b: Arcanine|Extreme Speed|p2b: Sneasler
|-damage|p2b: Sneasler|0 fnt
|faint|p2b: Sneasler
|move|p2a: Ninetales|Blizzard|p1b: Arcanine
|-resisted|p1b: Arcanine
|-damage|p1b: Arcanine|60/100
|
|-weather|Snowscape|[upkeep]
|upkeep
|
|t:|1757641291
|switch|p2b: Kingambit|Kingambit, L50, M|100/100
|turn|5
|
|t:|1757641308
|move|p1b: Arcanine|Extreme Speed|p2b: Kingambit
|-resisted|p2b: Kingambit
|-damage|p2b: Kingambit|92/100
|move|p2b: Kingambit|Sucker Punch||[still]
|-fail|p2b: Kingambit
|move|p2a: Ninetales|Blizzard|p1b: Arcanine
|-resisted|p1b: Arcanine
|-damage|p1b: Arcanine|23/100
|
|-weather|none
|upkeep
|turn|6
|
|t:|1757641317
|move|p1b: Arcanine|Extreme Speed|p2b: Kingambit
|-resisted|p2b: Kingambit
|-damage|p2b: Kingambit|83/100
|move|p2b: Kingambit|Sucker Punch||[still]
|-fail|p2b: Kingambit
|move|p2a: Ninetales|Blizzard|p1b: Arcanine|[miss]
|-miss|p2a: Ninetales|p1b: Arcanine
|
|-sideend|p1: spearow's nest|move: Tailwind
|upkeep
|turn|7
|
|t:|1757641328
|-terastallize|p1b: Arcanine|Water
|move|p1b: Arcanine|Extreme Speed|p2b: Kingambit
|-resisted|p2b: Kingambit
|-damage|p2b: Kingambit|73/100
|move|p2b: Kingambit|Sucker Punch||[still]
|-fail|p2b: Kingambit
|move|p2a: Ninetales|Blizzard|p1b: Arcanine
|-resisted|p1b: Arcanine
|-damage|p1b: Arcanine|0 fnt
|faint|p1b: Arcanine
|
|win|dogwitdaglasses
|inactive|spearow's nest has 30 seconds to confirm battle start!
|inactive|dogwitdaglasses has 30 seconds to confirm battle start!
||dogwitdaglasses is ready for game 2.
||spearow's nest is ready for game 2.
|uhtml|next|Next: Game 2 of 3
|l|☆dogwitdaglasses
|player|p2|
|j|☆dogwitdaglasses
|player|p2|dogwitdaglasses|guzma|
