|j|☆Lkizzz
|j|☆delphigni
|html|Lkizzzdelphigni    
|uhtml|bestof|Game 2 of a best-of-3
|t:|1756326471
|gametype|doubles
|player|p1|Lkizzz|swimmer-gen4dp|1179
|player|p2|delphigni|dawn|1177
|gen|9
|tier|[Gen 9] VGC 2025 Reg H (Bo3)
|rated|
|rule|Species Clause: Limit one of each Pokémon
|rule|Item Clause: Limit 1 of each item
|clearpoke
|poke|p1|Porygon2, L50|
|poke|p1|Ursaluna, L50, F|
|poke|p1|Amoonguss, L50, M|
|poke|p1|Incineroar, L50, M|
|poke|p1|Basculegion, L50, M|
|poke|p1|Dragonite, L50, M|
|poke|p2|Kommo-o, L50, F|
|poke|p2|Primarina, L50, F|
|poke|p2|Rillaboom, L50, M|
|poke|p2|Electabuzz, L50, F|
|poke|p2|Tyranitar, L50, M|
|poke|p2|Excadrill, L50, F|
|teampreview|4
|showteam|p1|Porygon2||Eviolite|Download|TrickRoom,Recover,TeraBlast,IceBeam||||||50|,,,,,Flying]Ursaluna||FlameOrb|Guts|Protect,Facade,HeadlongRush,Earthquake|||F|||50|,,,,,Ghost]Amoonguss||RockyHelmet|Regenerator|Protect,Spore,RagePowder,PollenPuff|||M|||50|,,,,,Water]Incineroar||SafetyGoggles|Intimidate|FakeOut,KnockOff,FlareBlitz,PartingShot|||M|||50|,,,,,Ghost]Basculegion||ChoiceScarf|Adaptability|WaveCrash,AquaJet,LastRespects,FlipTurn|||M|||50|,,,,,Water]Dragonite||LoadedDice|Multiscale|Protect,ScaleShot,Haze,Tailwind|||M|||50|,,,,,Fairy
|showteam|p2|Kommo-o||ThroatSpray|Overcoat|ClangingScales,Flamethrower,ClangorousSoul,Protect|||F|||50|,,,,,Fire]Primarina||LifeOrb|LiquidVoice|HyperVoice,Moonblast,Haze,Protect|||F|||50|,,,,,Poison]Rillaboom||MeadowPlate|GrassySurge|WoodHammer,GrassyGlide,FakeOut,Protect|||M|||50|,,,,,Water]Electabuzz||Eviolite|VitalSpirit|FollowMe,Electroweb,Taunt,Protect|||F|||50|,,,,,Fairy]Tyranitar||AssaultVest|SandStream|TeraBlast,RockSlide,KnockOff,LowKick|||M|||50|,,,,,Flying]Excadrill||ClearAmulet|SandRush|RockSlide,IronHead,HighHorsepower,Protect|||F|||50|,,,,,Stellar
|inactive|Battle timer is ON: inactive players will automatically lose when time's up. (requested by delphigni)
|
|t:|1756326491
|teamsize|p1|4
|teamsize|p2|4
|start
|switch|p1a: Big G|Incineroar, L50, M|100/100
|switch|p1b: Porygon2|Porygon2, L50, shiny|100/100
|switch|p2a: Rilleboom|Rillaboom, L50, M, shiny|100/100
|switch|p2b: Great S. Shark|Tyranitar, L50, M, shiny|100/100
|-fieldstart|move: Grassy Terrain|[from] ability: Grassy Surge|[of] p2a: Rilleboom
|-ability|p1a: Big G|Intimidate|boost
|-unboost|p2a: Rilleboom|atk|1
|-unboost|p2b: Great S. Shark|atk|1
|-weather|Sandstorm|[from] ability: Sand Stream|[of] p2b: Great S. Shark
|-ability|p1b: Porygon2|Download|boost
|-boost|p1b: Porygon2|spa|1
|turn|1
|
|t:|1756326510
|move|p2a: Rilleboom|Fake Out|p1b: Porygon2
|-damage|p1b: Porygon2|95/100
|move|p1a: Big G|Parting Shot|p2b: Great S. Shark
|-unboost|p2b: Great S. Shark|atk|1
|-unboost|p2b: Great S. Shark|spa|1
|
|t:|1756326517
|switch|p1a: Ursaluna|Ursaluna, L50, F|100/100|[from] Parting Shot
|move|p2b: Great S. Shark|Knock Off|p1b: Porygon2
|-damage|p1b: Porygon2|77/100
|-enditem|p1b: Porygon2|Eviolite|[from] move: Knock Off|[of] p2b: Great S. Shark
|cant|p1b: Porygon2|flinch
|
|-weather|Sandstorm|[upkeep]
|-damage|p2a: Rilleboom|94/100|[from] Sandstorm
|-damage|p1b: Porygon2|71/100|[from] Sandstorm
|-heal|p2a: Rilleboom|100/100|[from] Grassy Terrain
|-heal|p1b: Porygon2|77/100|[from] Grassy Terrain
|-status|p1a: Ursaluna|brn|[from] item: Flame Orb
|upkeep
|turn|2
|inactive|delphigni has 30 seconds left.
|
|t:|1756326549
|switch|p2a: Primlance|Primarina, L50, F, shiny|100/100
|move|p1a: Ursaluna|Protect|p1a: Ursaluna
|-singleturn|p1a: Ursaluna|Protect
|move|p2b: Great S. Shark|Rock Slide|p1a: Ursaluna|[spread] p1b
|-activate|p1a: Ursaluna|move: Protect
|-damage|p1b: Porygon2|61/100
|cant|p1b: Porygon2|flinch
|
|-weather|Sandstorm|[upkeep]
|-damage|p2a: Primlance|95/100|[from] Sandstorm
|-damage|p1b: Porygon2|55/100|[from] Sandstorm
|-heal|p2a: Primlance|100/100|[from] Grassy Terrain
|-heal|p1b: Porygon2|61/100|[from] Grassy Terrain
|-damage|p1a: Ursaluna|94/100 brn|[from] brn
|upkeep
|turn|3
|inactive|Lkizzz has 30 seconds left.
|
|t:|1756326579
|-terastallize|p2b: Great S. Shark|Flying
|-terastallize|p1a: Ursaluna|Ghost
|move|p2b: Great S. Shark|Rock Slide|p1b: Porygon2|[spread] p1b
|-miss|p2b: Great S. Shark|p1a: Ursaluna
|-damage|p1b: Porygon2|47/100
|move|p2a: Primlance|Moonblast|p1b: Porygon2
|-damage|p1b: Porygon2|0 fnt
|faint|p1b: Porygon2
|-damage|p2a: Primlance|91/100|[from] item: Life Orb
|move|p1a: Ursaluna|Facade|p2a: Primlance
|-crit|p2a: Primlance
|-damage|p2a: Primlance|0 fnt
|faint|p2a: Primlance
|
|-weather|Sandstorm|[upkeep]
|-damage|p2b: Great S. Shark|94/100|[from] Sandstorm
|-damage|p1a: Ursaluna|88/100 brn|[from] Sandstorm
|-heal|p1a: Ursaluna|94/100 brn|[from] Grassy Terrain
|-damage|p1a: Ursaluna|88/100 brn|[from] brn
|upkeep
|
|t:|1756326597
|switch|p2a: Rilleboom|Rillaboom, L50, M, shiny|100/100
|switch|p1b: Big G|Incineroar, L50, M|100/100
|-ability|p1b: Big G|Intimidate|boost
|-unboost|p2a: Rilleboom|atk|1
|-unboost|p2b: Great S. Shark|atk|1
|turn|4
|
|t:|1756326612
|switch|p2b: Yharim|Kommo-o, L50, F, shiny|100/100
|move|p2a: Rilleboom|Protect|p2a: Rilleboom
|-singleturn|p2a: Rilleboom|Protect
|move|p1b: Big G|Flare Blitz|p2a: Rilleboom
|-activate|p2a: Rilleboom|move: Protect
|move|p1a: Ursaluna|Facade|p2b: Yharim
|-damage|p2b: Yharim|0 fnt
|faint|p2b: Yharim
|
|-weather|Sandstorm|[upkeep]
|-damage|p2a: Rilleboom|94/100|[from] Sandstorm
|-damage|p1a: Ursaluna|82/100 brn|[from] Sandstorm
|-heal|p2a: Rilleboom|100/100|[from] Grassy Terrain
|-heal|p1a: Ursaluna|88/100 brn|[from] Grassy Terrain
|-damage|p1a: Ursaluna|82/100 brn|[from] brn
|upkeep
|
|t:|1756326615
|switch|p2b: Great S. Shark|Tyranitar, L50, M, shiny, tera:Flying|94/100
|turn|5
|
|t:|1756326639
|switch|p1a: Amoonguss|Amoonguss, L50, M, shiny|100/100
|move|p2a: Rilleboom|Wood Hammer|p1a: Amoonguss
|-resisted|p1a: Amoonguss
|-damage|p1a: Amoonguss|89/100
|-damage|p2a: Rilleboom|84/100|[from] item: Rocky Helmet|[of] p1a: Amoonguss
|-damage|p2a: Rilleboom|79/100|[from] Recoil
|move|p1b: Big G|Parting Shot|p2b: Great S. Shark
|-unboost|p2b: Great S. Shark|atk|1
|-unboost|p2b: Great S. Shark|spa|1
|
|t:|1756326649
|switch|p1b: Ursaluna|Ursaluna, L50, F, tera:Ghost|82/100 brn|[from] Parting Shot
|move|p2b: Great S. Shark|Rock Slide|p1a: Amoonguss|[spread] p1a,p1b
|-damage|p1a: Amoonguss|73/100
|-damage|p1b: Ursaluna|64/100 brn
|
|-weather|none
|-heal|p2a: Rilleboom|85/100|[from] Grassy Terrain
|-heal|p1b: Ursaluna|70/100 brn|[from] Grassy Terrain
|-heal|p1a: Amoonguss|79/100|[from] Grassy Terrain
|-damage|p1b: Ursaluna|64/100 brn|[from] brn
|-fieldend|move: Grassy Terrain
|upkeep
|turn|6
|
|t:|1756326664
|switch|p1a: Big G|Incineroar, L50, M|100/100
|-ability|p1a: Big G|Intimidate|boost
|-unboost|p2a: Rilleboom|atk|1
|-unboost|p2b: Great S. Shark|atk|1
|move|p2a: Rilleboom|Wood Hammer|p1b: Ursaluna
|-damage|p1b: Ursaluna|33/100 brn
|-damage|p2a: Rilleboom|74/100|[from] Recoil
|move|p2b: Great S. Shark|Tera Blast|p1a: Big G|[anim] Tera Blast Flying
|-crit|p1a: Big G
|-damage|p1a: Big G|39/100
|move|p1b: Ursaluna|Facade|p2b: Great S. Shark
|-damage|p2b: Great S. Shark|0 fnt
|faint|p2b: Great S. Shark
|
|-damage|p1b: Ursaluna|27/100 brn|[from] brn
|upkeep
|turn|7
|-message|delphigni forfeited.
|
|win|Lkizzz
||delphigni is ready for game 3.
||Lkizzz is ready for game 3.
|uhtml|next|Next: Game 3 of 3
