|j|☆MarkTheMarker
|j|☆lettitripppp
|html|MarkTheMarkerlettitripppp    
|uhtml|bestof|Game 2 of a best-of-3
|t:|1784838412
|gametype|doubles
|player|p1|MarkTheMarker|wallace|1385
|player|p2|lettitripppp|lucas|1253
|gen|9
|tier|[Gen 9 Champions] VGC 2026 Reg M-B (Bo3)
|rated|
|rule|Species Clause: Limit one of each Pokémon
|rule|Item Clause: Limit 1 of each item
|clearpoke
|poke|p1|Grimmsnarl, L50, M|
|poke|p1|Archaludon, L50, M|
|poke|p1|Pelipper, L50, M|
|poke|p1|Venusaur, L50, M|
|poke|p1|Gholdengo, L50|
|poke|p1|Staraptor, L50, F|
|poke|p2|Charizard, L50, F, shiny|
|poke|p2|Basculegion, L50, M, shiny|
|poke|p2|Pelipper, L50, F|
|poke|p2|Venusaur, L50, F|
|poke|p2|Archaludon, L50, F|
|poke|p2|Grimmsnarl, L50, M, shiny|
|teampreview|4
|showteam|p1|Grimmsnarl||LightClay|Prankster|SpiritBreak,PartingShot,LightScreen,Reflect|Careful||M|||50|]Archaludon||Leftovers|Stamina|DragonPulse,FlashCannon,ElectroShot,Protect|Calm||M|||50|]Pelipper||SitrusBerry|Drizzle|Hurricane,WeatherBall,WideGuard,Tailwind|Modest||M|||50|]Venusaur||Venusaurite|Chlorophyll|GigaDrain,SludgeBomb,EarthPower,Protect|Modest||M|||50|]Gholdengo||LifeOrb|GoodasGold|MakeItRain,ShadowBall,NastyPlot,Protect|Modest|||||50|]Staraptor||Staraptite|Intimidate|CloseCombat,BraveBird,Roost,Protect|Jolly||F|||50|
|showteam|p2|Charizard||CharizarditeY|Blaze|WeatherBall,SolarBeam,HeatWave,Protect|Modest||F|||50|]Basculegion||ChoiceScarf|Adaptability|LastRespects,WaveCrash,FlipTurn,AquaJet|Jolly||M|||50|]Pelipper||SitrusBerry|Drizzle|WeatherBall,WideGuard,Hurricane,Tailwind|Modest||F|||50|]Venusaur||FocusSash|Chlorophyll|SleepPowder,SludgeBomb,EarthPower,Protect|Modest||F|||50|]Archaludon||Leftovers|Stamina|FlashCannon,DragonPulse,ElectroShot,Protect|Calm||F|||50|]Grimmsnarl||LightClay|Prankster|PartingShot,LightScreen,SpiritBreak,Reflect|Relaxed||M|||50|
|inactive|Battle timer is ON: inactive players will automatically lose when time's up. (requested by MarkTheMarker)
|inactive|lettitripppp also wants the timer to be on.
|j| toxiccroc12
|
|t:|1784838426
|teamsize|p1|4
|teamsize|p2|4
|start
|switch|p1a: Grimmsnarl|Grimmsnarl, L50, M|100/100
|switch|p1b: Venusaur|Venusaur, L50, M|100/100
|switch|p2a: SOFT-SLEEP|Venusaur, L50, F|100/100
|switch|p2b: GO JOHAN|Grimmsnarl, L50, M, shiny|100/100
|turn|1
|
|t:|1784838442
|detailschange|p1b: Venusaur|Venusaur-Mega, L50, M
|-mega|p1b: Venusaur|Venusaur|Venusaurite
|move|p1a: Grimmsnarl|Light Screen|p1a: Grimmsnarl
|-sidestart|p1: MarkTheMarker|move: Light Screen
|move|p2b: GO JOHAN|Light Screen|p2b: GO JOHAN
|-sidestart|p2: lettitripppp|move: Light Screen
|move|p2a: SOFT-SLEEP|Sleep Powder|p1a: Grimmsnarl
|-status|p1a: Grimmsnarl|slp|[from] move: Sleep Powder
|move|p1b: Venusaur|Sludge Bomb|p2b: GO JOHAN
|-supereffective|p2b: GO JOHAN|1
|-damage|p2b: GO JOHAN|34/100
|
|upkeep
|turn|2
|inactive|MarkTheMarker has 30 seconds left.
|
|t:|1784838468
|move|p2b: GO JOHAN|Parting Shot|p1b: Venusaur
|-unboost|p1b: Venusaur|atk|1
|-unboost|p1b: Venusaur|spa|1
|
|t:|1784838472
|switch|p2b: AGNI|Charizard, L50, F, shiny|100/100|[from] Parting Shot
|move|p2a: SOFT-SLEEP|Sludge Bomb|p1a: Grimmsnarl
|-supereffective|p1a: Grimmsnarl|1
|-damage|p1a: Grimmsnarl|55/100 slp
|move|p1b: Venusaur|Sludge Bomb|p2a: SOFT-SLEEP
|-damage|p2a: SOFT-SLEEP|73/100
|cant|p1a: Grimmsnarl|slp
|
|upkeep
|turn|3
|
|t:|1784838492
|switch|p1b: Archaludon|Archaludon, L50, M|100/100
|detailschange|p2b: AGNI|Charizard-Mega-Y, L50, F, shiny
|-mega|p2b: AGNI|Charizard|Charizardite Y
|-weather|SunnyDay|[from] ability: Drought|[of] p2b: AGNI
|-curestatus|p1a: Grimmsnarl|slp|[msg]
|move|p1a: Grimmsnarl|Parting Shot|p2a: SOFT-SLEEP
|-unboost|p2a: SOFT-SLEEP|atk|1
|-unboost|p2a: SOFT-SLEEP|spa|1
|
|t:|1784838499
|switch|p1a: Pelipper|Pelipper, L50, M|100/100|[from] Parting Shot
|-weather|RainDance|[from] ability: Drizzle|[of] p1a: Pelipper
|move|p2b: AGNI|Heat Wave|p1b: Archaludon|[spread] p1a,p1b
|-resisted|p1a: Pelipper|1
|-damage|p1a: Pelipper|89/100
|-damage|p1b: Archaludon|86/100
|-ability|p1b: Archaludon|Stamina|boost
|-boost|p1b: Archaludon|def|1
|move|p2a: SOFT-SLEEP|Sludge Bomb|p1a: Pelipper
|-damage|p1a: Pelipper|59/100
|
|-weather|RainDance|[upkeep]
|-heal|p1b: Archaludon|93/100|[from] item: Leftovers
|upkeep
|turn|4
|inactive|MarkTheMarker has 30 seconds left.
|inactive|MarkTheMarker has 20 seconds left.
|
|t:|1784838535
|switch|p2b: GO JOHAN|Grimmsnarl, L50, M, shiny|34/100
|switch|p1a: Venusaur|Venusaur-Mega, L50, M|100/100
|move|p2a: SOFT-SLEEP|Sleep Powder|p1a: Venusaur
|-immune|p1a: Venusaur
|move|p1b: Archaludon|Electro Shot||[still]
|-prepare|p1b: Archaludon|Electro Shot
|-boost|p1b: Archaludon|spa|1
|-anim|p1b: Archaludon|Electro Shot|p2b: GO JOHAN
|-damage|p2b: GO JOHAN|1/100
|
|-weather|RainDance|[upkeep]
|-heal|p1b: Archaludon|99/100|[from] item: Leftovers
|upkeep
|turn|5
|
|t:|1784838554
|move|p1b: Archaludon|Protect|p1b: Archaludon
|-singleturn|p1b: Archaludon|Protect
|move|p2b: GO JOHAN|Parting Shot|p1a: Venusaur
|-unboost|p1a: Venusaur|atk|1
|-unboost|p1a: Venusaur|spa|1
|
|t:|1784838558
|switch|p2b: AGNI|Charizard-Mega-Y, L50, F, shiny|100/100|[from] Parting Shot
|-weather|SunnyDay|[from] ability: Drought|[of] p2b: AGNI
|move|p2a: SOFT-SLEEP|Sleep Powder|p1b: Archaludon
|-activate|p1b: Archaludon|move: Protect
|move|p1a: Venusaur|Sludge Bomb|p2b: AGNI
|-damage|p2b: AGNI|81/100
|-status|p2b: AGNI|psn
|
|-weather|SunnyDay|[upkeep]
|-heal|p1b: Archaludon|100/100|[from] item: Leftovers
|-damage|p2b: AGNI|69/100 psn|[from] psn
|upkeep
|turn|6
|
|t:|1784838574
|switch|p1a: Pelipper|Pelipper, L50, M|59/100
|-weather|RainDance|[from] ability: Drizzle|[of] p1a: Pelipper
|move|p2b: AGNI|Weather Ball|p1a: Pelipper
|-resisted|p1a: Pelipper|1
|-damage|p1a: Pelipper|32/100
|-enditem|p1a: Pelipper|Sitrus Berry|[eat]
|-heal|p1a: Pelipper|57/100|[from] item: Sitrus Berry
|move|p2a: SOFT-SLEEP|Sleep Powder|p1b: Archaludon|[miss]
|-miss|p2a: SOFT-SLEEP|p1b: Archaludon
|move|p1b: Archaludon|Electro Shot||[still]
|-prepare|p1b: Archaludon|Electro Shot
|-boost|p1b: Archaludon|spa|1
|-anim|p1b: Archaludon|Electro Shot|p2b: AGNI
|-supereffective|p2b: AGNI|1
|-damage|p2b: AGNI|0 fnt
|faint|p2b: AGNI
|
|-weather|RainDance|[upkeep]
|upkeep
|-message|lettitripppp forfeited.
|raw|MarkTheMarker's rating: 1385 → 1398(+13 for winning)
|raw|lettitripppp's rating: 1253 → 1237(-16 for losing)
|
|win|MarkTheMarker
|l|☆lettitripppp
|player|p2|
|l|☆MarkTheMarker
|player|p1|
|j|☆MarkTheMarker
|player|p1|MarkTheMarker|wallace|
