|j|☆RegiSIXSEVEN
|j|☆chocokoala vgc
|html|RegiSIXSEVENchocokoala vgc    
|uhtml|bestof|Game 3 of a best-of-3
|t:|1782412932
|gametype|doubles
|player|p1|RegiSIXSEVEN|steven|1169
|player|p2|chocokoala vgc|benga|1149
|gen|9
|tier|[Gen 9 Champions] VGC 2026 Reg M-B (Bo3)
|rated|
|rule|Species Clause: Limit one of each Pokémon
|rule|Item Clause: Limit 1 of each item
|clearpoke
|poke|p1|Dragalge, L50, F, shiny|
|poke|p1|Farigiraf, L50, M, shiny|
|poke|p1|Staraptor, L50, M, shiny|
|poke|p1|Grimmsnarl, L50, M, shiny|
|poke|p1|Kingambit, L50, F, shiny|
|poke|p1|Kangaskhan, L50, F, shiny|
|poke|p2|Primarina, L50, M|
|poke|p2|Metagross, L50|
|poke|p2|Incineroar, L50, F|
|poke|p2|Sinistcha, L50|
|poke|p2|Aerodactyl, L50, F|
|poke|p2|Garchomp, L50, M|
|teampreview|4
|showteam|p1|Dragalge||Dragalgite|Adaptability|SludgeBomb,DracoMeteor,FlipTurn,HydroPump|Quiet||F|||50|]Farigiraf||ColburBerry|ArmorTail|Psychic,TrickRoom,HelpingHand,Protect|Calm||M|||50|]Staraptor||ChoiceScarf|Intimidate|FinalGambit,CloseCombat,DualWingbeat,Uturn|Adamant||M|||50|]Grimmsnarl||LightClay|Prankster|SpiritBreak,Reflect,PartingShot,FoulPlay|Careful||M|||50|]Kingambit||BlackGlasses|Defiant|KowtowCleave,SuckerPunch,SwordsDance,Protect|Adamant||F|||50|]Kangaskhan||Kangaskhanite|Scrappy|FakeOut,DoubleEdge,DrainPunch,IcePunch|Adamant||F|||50|
|showteam|p2|Primarina||Leftovers|LiquidVoice|HyperVoice,Moonblast,Protect,CalmMind|Modest||M|||50|]Metagross||Metagrossite|ClearBody|MeteorMash,PsychicFangs,Protect,StompingTantrum|Adamant|||||50|]Incineroar||SitrusBerry|Intimidate|FakeOut,PartingShot,FlareBlitz,ThroatChop|Careful||F|||50|]Sinistcha||KasibBerry|Hospitality|MatchaGotcha,RagePowder,LifeDew,TrickRoom|Sassy|||||50|]Aerodactyl||Aerodactylite|RockHead|RockSlide,DualWingbeat,Protect,Tailwind|Jolly||F|||50|]Garchomp||LifeOrb|RoughSkin|Earthquake,StompingTantrum,Protect,DragonClaw|Adamant||M|||50|
|inactive|Battle timer is ON: inactive players will automatically lose when time's up. (requested by RegiSIXSEVEN)
|inactive|chocokoala vgc also wants the timer to be on.
|inactive|RegiSIXSEVEN has 60 seconds left.
|
|t:|1782412966
|teamsize|p1|4
|teamsize|p2|4
|start
|switch|p1a: Kingambit|Kingambit, L50, F, shiny|100/100
|switch|p1b: Kangaskhan|Kangaskhan, L50, F, shiny|100/100
|switch|p2a: Primarina|Primarina, L50, M|100/100
|switch|p2b: Decidueye? NOPE|Sinistcha, L50|100/100
|turn|1
|
|t:|1782412985
|switch|p2a: Incineroar|Incineroar, L50, F|100/100
|-ability|p2a: Incineroar|Intimidate|boost
|-unboost|p1a: Kingambit|atk|1
|-ability|p1a: Kingambit|Defiant|boost
|-boost|p1a: Kingambit|atk|2
|-fail|p1b: Kangaskhan|unboost|Attack|[from] ability: Scrappy|[of] p1b: Kangaskhan
|move|p1b: Kangaskhan|Fake Out|p2a: Incineroar
|-damage|p2a: Incineroar|83/100
|move|p2b: Decidueye? NOPE|Matcha Gotcha|p1a: Kingambit|[spread] p1a,p1b
|-resisted|p1a: Kingambit|1
|-damage|p1a: Kingambit|87/100
|-damage|p1b: Kangaskhan|76/100
|move|p1a: Kingambit|Kowtow Cleave|p2b: Decidueye? NOPE
|-supereffective|p2b: Decidueye? NOPE|1
|-damage|p2b: Decidueye? NOPE|0 fnt
|faint|p2b: Decidueye? NOPE
|
|upkeep
|
|t:|1782412995
|switch|p2b: Primarina|Primarina, L50, M|100/100
|turn|2
|inactive|RegiSIXSEVEN has 30 seconds left.
|
|t:|1782413024
|detailschange|p1b: Kangaskhan|Kangaskhan-Mega, L50, F, shiny
|-mega|p1b: Kangaskhan|Kangaskhan|Kangaskhanite
|move|p2a: Incineroar|Fake Out|p1b: Kangaskhan
|-damage|p1b: Kangaskhan|67/100
|cant|p1b: Kangaskhan|flinch
|move|p2b: Primarina|Hyper Voice|p1a: Kingambit|[spread] p1a,p1b
|-damage|p1a: Kingambit|56/100
|-damage|p1b: Kangaskhan|39/100
|move|p1a: Kingambit|Kowtow Cleave|p2b: Primarina
|-resisted|p2b: Primarina|1
|-damage|p2b: Primarina|44/100
|
|-heal|p2b: Primarina|50/100g|[from] item: Leftovers
|upkeep
|turn|3
|
|t:|1782413039
|move|p2b: Primarina|Protect|p2b: Primarina
|-singleturn|p2b: Primarina|Protect
|move|p1b: Kangaskhan|Drain Punch|p2a: Incineroar
|-supereffective|p2a: Incineroar|1
|-damage|p2a: Incineroar|35/100
|-heal|p1b: Kangaskhan|61/100|[from] drain|[of] p2a: Incineroar
|-enditem|p2a: Incineroar|Sitrus Berry|[eat]
|-heal|p2a: Incineroar|60/100|[from] item: Sitrus Berry
|-supereffective|p2a: Incineroar|1
|-damage|p2a: Incineroar|49/100
|-heal|p1b: Kangaskhan|66/100|[from] drain|[of] p2a: Incineroar
|-hitcount|p2a: Incineroar|2
|move|p2a: Incineroar|Flare Blitz|p1a: Kingambit
|-supereffective|p1a: Kingambit|1
|-damage|p1a: Kingambit|0 fnt
|faint|p1a: Kingambit
|-damage|p2a: Incineroar|30/100|[from] Recoil
|
|-heal|p2b: Primarina|56/100|[from] item: Leftovers
|upkeep
|
|t:|1782413062
|switch|p1a: Grimmsnarl|Grimmsnarl, L50, M, shiny|100/100
|turn|4
|
|t:|1782413068
|switch|p2a: Metagross|Metagross, L50|100/100
|move|p1b: Kangaskhan|Drain Punch|p2a: Metagross
|-damage|p2a: Metagross|76/100
|-heal|p1b: Kangaskhan|76/100|[from] drain|[of] p2a: Metagross
|-damage|p2a: Metagross|70/100
|-heal|p1b: Kangaskhan|78/100|[from] drain|[of] p2a: Metagross
|-hitcount|p2a: Metagross|2
|move|p2b: Primarina|Moonblast|p1a: Grimmsnarl
|-supereffective|p1a: Grimmsnarl|1
|-damage|p1a: Grimmsnarl|6/100
|-unboost|p1a: Grimmsnarl|spa|1
|move|p1a: Grimmsnarl|Spirit Break|p2b: Primarina
|-damage|p2b: Primarina|16/100
|-unboost|p2b: Primarina|spa|1
|
|-heal|p2b: Primarina|22/100|[from] item: Leftovers
|upkeep
|turn|5
|inactive|RegiSIXSEVEN has 30 seconds left.
|inactive|RegiSIXSEVEN has 20 seconds left.
|inactive|RegiSIXSEVEN has 15 seconds left.
|
|t:|1782413108
|detailschange|p2a: Metagross|Metagross-Mega, L50
|-mega|p2a: Metagross|Metagross|Metagrossite
|move|p1a: Grimmsnarl|Parting Shot|p2a: Metagross
|-unboost|p2a: Metagross|atk|1
|-unboost|p2a: Metagross|spa|1
|
|t:|1782413111
|switch|p1a: Farigiraf|Farigiraf, L50, M, shiny|100/100|[from] Parting Shot
|move|p2a: Metagross|Psychic Fangs|p1b: Kangaskhan
|-crit|p1b: Kangaskhan
|-damage|p1b: Kangaskhan|0 fnt
|faint|p1b: Kangaskhan
|move|p2b: Primarina|Hyper Voice|p1a: Farigiraf
|-damage|p1a: Farigiraf|76/100
|
|-heal|p2b: Primarina|28/100|[from] item: Leftovers
|upkeep
|
|t:|1782413126
|switch|p1b: Grimmsnarl|Grimmsnarl, L50, M, shiny|6/100
|turn|6
|inactive|RegiSIXSEVEN has 30 seconds left.
|
|t:|1782413158
|switch|p2a: Incineroar|Incineroar, L50, F|30/100
|-ability|p2a: Incineroar|Intimidate|boost
|-unboost|p1a: Farigiraf|atk|1
|-unboost|p1b: Grimmsnarl|atk|1
|move|p2b: Primarina|Hyper Voice|p1a: Farigiraf|[spread] p1a,p1b
|-damage|p1a: Farigiraf|57/100
|-damage|p1b: Grimmsnarl|0 fnt
|faint|p1b: Grimmsnarl
|move|p1a: Farigiraf|Trick Room|p1a: Farigiraf
|-fieldstart|move: Trick Room|[of] p1a: Farigiraf
|
|-heal|p2b: Primarina|34/100|[from] item: Leftovers
|upkeep
|turn|7
|-message|RegiSIXSEVEN forfeited.
|
|win|chocokoala vgc
|raw|RegiSIXSEVEN's rating: 1169 → 1143(-26 for losing)
|raw|chocokoala vgc's rating: 1149 → 1175(+26 for winning)
