|j|☆Flamewasp
|j|☆Urkfkfkfk
|html|FlamewaspUrkfkfkfk    
|uhtml|bestof|Game 3 of a best-of-3
|t:|1785352736
|gametype|doubles
|player|p1|Flamewasp|2|1137
|player|p2|Urkfkfkfk|bellelba|1024
|gen|9
|tier|[Gen 9 Champions] VGC 2026 Reg M-B (Bo3)
|rated|
|rule|Species Clause: Limit one of each Pokémon
|rule|Item Clause: Limit 1 of each item
|clearpoke
|poke|p1|Kommo-o, L50, M|
|poke|p1|Ceruledge, L50, F|
|poke|p1|Staraptor, L50, M|
|poke|p1|Whimsicott, L50, M|
|poke|p1|Kingambit, L50, F|
|poke|p1|Floette-Eternal, L50, F|
|poke|p2|Raichu, L50, F|
|poke|p2|Heliolisk, L50, F|
|poke|p2|Sceptile, L50, F|
|poke|p2|Hawlucha, L50, F|
|poke|p2|Kingambit, L50, M|
|poke|p2|Vanilluxe, L50, F|
|teampreview|4
|showteam|p1|Kommo-o||LifeOrb|Overcoat|ClangingScales,AuraSphere,VacuumWave,Protect|Modest||M|||50|]Ceruledge||ColburBerry|FlashFire|BitterBlade,ShadowSneak,BulkUp,Protect|Adamant||F|||50|]Staraptor||Staraptite|Intimidate|CloseCombat,BraveBird,Roost,Protect|Jolly||M|||50|]Whimsicott||FocusSash|Prankster|Moonblast,Encore,Tailwind,Protect|Bold||M|||50|]Kingambit||ChopleBerry|Defiant|IronHead,KowtowCleave,SwordsDance,Protect|Adamant||F|||50|]Floette-Eternal||Floettite|FlowerVeil|DazzlingGleam,DrainingKiss,CalmMind,Protect|Timid||F|||50|
|showteam|p2|Raichu||RaichuniteX|Static|Nuzzle,HelpingHand,FakeOut,VoltTackle|Jolly||F|||50|]Heliolisk||ChoiceScarf|SolarPower|Discharge,HyperVoice,SolarBeam,Thunderbolt|Timid||F|||50|]Sceptile||Sceptilite|Overgrow|DragonPulse,GigaDrain,EarthPower,Protect|Timid||F|||50|]Hawlucha||WhiteHerb|Unburden|CloseCombat,Acrobatics,Detect,Lunge|Adamant||F|||50|]Kingambit||BlackGlasses|Defiant|KowtowCleave,SuckerPunch,IronHead,Protect|Brave||M|||50|]Vanilluxe||FocusSash|SnowWarning|Blizzard,FreezeDry,IceShard,Protect|Modest||F|||50|
|inactive|Battle timer is ON: inactive players will automatically lose when time's up. (requested by Urkfkfkfk)
|
|t:|1785352762
|teamsize|p1|4
|teamsize|p2|4
|start
|switch|p1a: Ceruledge|Ceruledge, L50, F|100/100
|switch|p1b: Whimsicott|Whimsicott, L50, M|100/100
|switch|p2a: Kingambit|Kingambit, L50, M|100/100
|switch|p2b: Vanilluxe|Vanilluxe, L50, F|100/100
|-weather|Snowscape|[from] ability: Snow Warning|[of] p2b: Vanilluxe
|turn|1
|
|t:|1785352782
|move|p1b: Whimsicott|Protect|p1b: Whimsicott
|-singleturn|p1b: Whimsicott|Protect
|move|p2a: Kingambit|Protect|p2a: Kingambit
|-singleturn|p2a: Kingambit|Protect
|move|p1a: Ceruledge|Bulk Up|p1a: Ceruledge
|-boost|p1a: Ceruledge|atk|1
|-boost|p1a: Ceruledge|def|1
|move|p2b: Vanilluxe|Blizzard|p1a: Ceruledge|[spread] p1a
|-activate|p1b: Whimsicott|move: Protect
|-resisted|p1a: Ceruledge|1
|-damage|p1a: Ceruledge|80/100
|
|-weather|Snowscape|[upkeep]
|upkeep
|turn|2
|
|t:|1785352807
|move|p1b: Whimsicott|Tailwind|p1b: Whimsicott
|-sidestart|p1: Flamewasp|move: Tailwind
|move|p1a: Ceruledge|Bitter Blade|p2a: Kingambit
|-supereffective|p2a: Kingambit|1
|-damage|p2a: Kingambit|0 fnt
|-heal|p1a: Ceruledge|100/100|[from] drain|[of] p2a: Kingambit
|faint|p2a: Kingambit
|move|p2b: Vanilluxe|Blizzard|p1b: Whimsicott|[spread] p1a,p1b
|-resisted|p1a: Ceruledge|1
|-supereffective|p1b: Whimsicott|1
|-damage|p1a: Ceruledge|80/100
|-enditem|p1b: Whimsicott|Focus Sash
|-damage|p1b: Whimsicott|1/100
|
|-weather|Snowscape|[upkeep]
|upkeep
|
|t:|1785352822
|switch|p2a: Sceptile|Sceptile, L50, F|100/100
|turn|3
|
|t:|1785352829
|detailschange|p2a: Sceptile|Sceptile-Mega, L50, F
|-mega|p2a: Sceptile|Sceptile|Sceptilite
|move|p2a: Sceptile|Protect|p2a: Sceptile
|-singleturn|p2a: Sceptile|Protect
|move|p1a: Ceruledge|Bitter Blade|p2b: Vanilluxe
|-supereffective|p2b: Vanilluxe|1
|-enditem|p2b: Vanilluxe|Focus Sash
|-damage|p2b: Vanilluxe|1/100
|-heal|p1a: Ceruledge|100/100|[from] drain|[of] p2b: Vanilluxe
|move|p1b: Whimsicott|Moonblast|p2b: Vanilluxe
|-damage|p2b: Vanilluxe|0 fnt
|faint|p2b: Vanilluxe
|
|-weather|Snowscape|[upkeep]
|upkeep
|
|t:|1785352844
|switch|p2b: Heliolisk|Heliolisk, L50, F|100/100
|turn|4
|
|t:|1785352852
|move|p1b: Whimsicott|Encore|p2a: Sceptile
|-start|p2a: Sceptile|Encore
|move|p2a: Sceptile|Protect|p2a: Sceptile
|-singleturn|p2a: Sceptile|Protect
|move|p1a: Ceruledge|Bitter Blade|p2b: Heliolisk
|-damage|p2b: Heliolisk|0 fnt
|faint|p2b: Heliolisk
|
|-weather|Snowscape|[upkeep]
|upkeep
|turn|5
|-message|Urkfkfkfk forfeited.
|
|win|Flamewasp
|raw|Flamewasp's rating: 1137 → 1154(+17 for winning)
|raw|Urkfkfkfk's rating: 1024 → 1015(-9 for losing)
|l|☆Urkfkfkfk
|player|p2|
|c|☆Flamewasp|gg
