|j|☆PutoLen33
|j|☆Harry Koekenpan
|html|PutoLen33Harry Koekenpan    
|uhtml|bestof|Game 2 of a best-of-3
|t:|1755363023
|gametype|doubles
|player|p1|PutoLen33|preschooler|1347
|player|p2|Harry Koekenpan|169|1303
|gen|9
|tier|[Gen 9] VGC 2025 Reg H (Bo3)
|rated|
|rule|Species Clause: Limit one of each Pokémon
|rule|Item Clause: Limit 1 of each item
|clearpoke
|poke|p1|Whimsicott, L50, F|
|poke|p1|Gholdengo, L50|
|poke|p1|Tatsugiri, L50, F|
|poke|p1|Dondozo, L50, M|
|poke|p1|Annihilape, L50, F|
|poke|p1|Perrserker, L50, M|
|poke|p2|Typhlosion-Hisui, L50, M|
|poke|p2|Toedscruel, L50, F|
|poke|p2|Weezing-Galar, L50, F|
|poke|p2|Garchomp, L50, F|
|poke|p2|Kilowattrel, L50, M|
|poke|p2|Incineroar, L50, F|
|teampreview|4
|showteam|p1|Whimsicott||CovertCloak|Prankster|Tailwind,Taunt,BeatUp,Moonblast|||F|||50|,,,,,Poison]Gholdengo||ChoiceSpecs|GoodasGold|MakeItRain,ShadowBall,SteelBeam,Trick||||||50|,,,,,Steel]Tatsugiri||ChoiceScarf|Commander|SleepTalk,MuddyWater,DracoMeteor,IcyWind|||F|||50|,,,,,Water]Dondozo||Leftovers|Unaware|Protect,WaveCrash,Earthquake,OrderUp|||M|||50|,,,,,Grass]Annihilape||AssaultVest|Defiant|FinalGambit,DrainPunch,RageFist,CloseCombat|||F|||50|,,,,,Fairy]Perrserker||FocusSash|SteelySpirit|FakeOut,IronHead,CloseCombat,Uturn|||M|||50|,,,,,Ghost
|showteam|p2|Typhlosion-Hisui||ChoiceScarf|Blaze|Eruption,ShadowBall,SleepTalk,HeatWave|||M|||50|,,,,,Fire]Toedscruel||CovertCloak|MyceliumMight|Spore,RagePowder,AcidSpray,EarthPower|||F|||50|,,,,,Water]Weezing-Galar||ChoiceSpecs|NeutralizingGas|DazzlingGleam,SludgeBomb,StrangeSteam,TeraBlast|||F|||50|,,,,,Water]Garchomp||LifeOrb|RoughSkin|Protect,Earthquake,DragonClaw,StompingTantrum|||F|||50|,,,,,Ground]Kilowattrel||FocusSash|Competitive|Discharge,AirSlash,Tailwind,Protect|||M|||50|,,,,,Ghost]Incineroar||AssaultVest|Intimidate|FlareBlitz,KnockOff,Uturn,FakeOut|||F|||50|,,,,,Grass
|inactive|Battle timer is ON: inactive players will automatically lose when time's up. (requested by Harry Koekenpan)
|inactive|PutoLen33 has 60 seconds left.
|inactive|PutoLen33 has 30 seconds left.
|
|t:|1755363102
|teamsize|p1|4
|teamsize|p2|4
|start
|switch|p1a: Annihilape|Annihilape, L50, F|100/100
|switch|p1b: Perrserker|Perrserker, L50, M|100/100
|switch|p2a: Garchomp|Garchomp, L50, F|100/100
|switch|p2b: Kilowattrel|Kilowattrel, L50, M|100/100
|turn|1
|inactive|Harry Koekenpan has 30 seconds left.
|inactive|PutoLen33 has 30 seconds left.
|inactive|Harry Koekenpan has 20 seconds left.
|inactive|Harry Koekenpan has 15 seconds left.
|
|t:|1755363144
|switch|p1a: Dondozo|Dondozo, L50, M|100/100
|switch|p1b: Tatsugiri|Tatsugiri, L50, F|100/100
|-activate|p1b: Tatsugiri|ability: Commander|[of] p1a: Dondozo
|-boost|p1a: Dondozo|atk|2
|-boost|p1a: Dondozo|spa|2
|-boost|p1a: Dondozo|spe|2
|-boost|p1a: Dondozo|def|2
|-boost|p1a: Dondozo|spd|2
|move|p2b: Kilowattrel|Air Slash|p1a: Dondozo
|-damage|p1a: Dondozo|84/100
|move|p2a: Garchomp|Earthquake|p1b: Tatsugiri|[spread] p1a
|-miss|p2a: Garchomp|p1b: Tatsugiri
|-immune|p2b: Kilowattrel
|-damage|p1a: Dondozo|67/100
|-damage|p2a: Garchomp|91/100|[from] item: Life Orb
|
|-heal|p1a: Dondozo|73/100|[from] item: Leftovers
|upkeep
|turn|2
|inactive|Harry Koekenpan has 30 seconds left.
|
|t:|1755363179
|move|p1a: Dondozo|Protect|p1a: Dondozo
|-singleturn|p1a: Dondozo|Protect
|move|p2b: Kilowattrel|Discharge|p1b: Tatsugiri|[spread] 
|-miss|p2b: Kilowattrel|p1b: Tatsugiri
|-activate|p1a: Dondozo|move: Protect
|-immune|p2a: Garchomp
|move|p2a: Garchomp|Dragon Claw|p1a: Dondozo
|-activate|p1a: Dondozo|move: Protect
|
|-heal|p1a: Dondozo|79/100|[from] item: Leftovers
|upkeep
|turn|3
|inactive|PutoLen33 has 30 seconds left.
|inactive|PutoLen33 has 20 seconds left.
|
|t:|1755363217
|-terastallize|p1a: Dondozo|Grass
|move|p2b: Kilowattrel|Air Slash|p1a: Dondozo
|-supereffective|p1a: Dondozo
|-damage|p1a: Dondozo|52/100
|move|p2a: Garchomp|Dragon Claw|p1a: Dondozo
|-damage|p1a: Dondozo|34/100
|-damage|p2a: Garchomp|81/100|[from] item: Life Orb
|move|p1a: Dondozo|Order Up|p2b: Kilowattrel
|-damage|p2b: Kilowattrel|25/100
|-boost|p1a: Dondozo|atk|1
|
|-heal|p1a: Dondozo|40/100|[from] item: Leftovers
|upkeep
|turn|4
|
|t:|1755363235
|switch|p2a: Typhlosion|Typhlosion-Hisui, L50, M|100/100
|move|p1a: Dondozo|Protect|p1a: Dondozo
|-singleturn|p1a: Dondozo|Protect
|move|p2b: Kilowattrel|Air Slash|p1a: Dondozo
|-activate|p1a: Dondozo|move: Protect
|
|-heal|p1a: Dondozo|46/100|[from] item: Leftovers
|upkeep
|turn|5
|
|t:|1755363251
|move|p2a: Typhlosion|Eruption|p1a: Dondozo|[spread] p1a
|-miss|p2a: Typhlosion|p1b: Tatsugiri
|-supereffective|p1a: Dondozo
|-crit|p1a: Dondozo
|-damage|p1a: Dondozo|0 fnt
|faint|p1a: Dondozo
|move|p2b: Kilowattrel|Air Slash|p1b: Tatsugiri
|-damage|p1b: Tatsugiri|63/100
|
|upkeep
|inactive|PutoLen33 has 30 seconds left.
|inactive|PutoLen33 has 20 seconds left.
|
|t:|1755363289
|switch|p1a: Annihilape|Annihilape, L50, F|100/100
|turn|6
|inactive|Harry Koekenpan has 30 seconds left.
|
|t:|1755363319
|move|p2a: Typhlosion|Eruption|p1b: Tatsugiri|[spread] p1a,p1b
|-resisted|p1b: Tatsugiri
|-damage|p1a: Annihilape|63/100
|-damage|p1b: Tatsugiri|46/100
|move|p1b: Tatsugiri|Icy Wind|p2b: Kilowattrel|[spread] p2a,p2b
|-resisted|p2a: Typhlosion
|-supereffective|p2b: Kilowattrel
|-damage|p2a: Typhlosion|92/100
|-damage|p2b: Kilowattrel|0 fnt
|-unboost|p2a: Typhlosion|spe|1
|faint|p2b: Kilowattrel
|move|p1a: Annihilape|Rage Fist|p2a: Typhlosion
|-supereffective|p2a: Typhlosion
|-crit|p2a: Typhlosion
|-damage|p2a: Typhlosion|0 fnt
|faint|p2a: Typhlosion
|
|upkeep
|
|t:|1755363336
|switch|p2b: Weezing|Weezing-Galar, L50, F|100/100
|switch|p2a: Garchomp|Garchomp, L50, F|81/100
|-ability|p2b: Weezing|Neutralizing Gas
|turn|7
|inactive|PutoLen33 has 30 seconds left.
|inactive|PutoLen33 has 20 seconds left.
|
|t:|1755363375
|move|p2a: Garchomp|Protect|p2a: Garchomp
|-singleturn|p2a: Garchomp|Protect
|move|p1b: Tatsugiri|Icy Wind|p2b: Weezing|[spread] p2b
|-activate|p2a: Garchomp|move: Protect
|-damage|p2b: Weezing|82/100
|-unboost|p2b: Weezing|spe|1
|move|p1a: Annihilape|Rage Fist|p2b: Weezing
|-damage|p2b: Weezing|43/100
|move|p2b: Weezing|Dazzling Gleam|p1a: Annihilape|[spread] p1a,p1b
|-supereffective|p1a: Annihilape
|-supereffective|p1b: Tatsugiri
|-damage|p1a: Annihilape|19/100
|-damage|p1b: Tatsugiri|0 fnt
|faint|p1b: Tatsugiri
|
|upkeep
|
|t:|1755363388
|switch|p1b: Perrserker|Perrserker, L50, M|100/100
|turn|8
|inactive|PutoLen33 has 30 seconds left.
|inactive|Harry Koekenpan has 30 seconds left.
|
|t:|1755363419
|move|p1b: Perrserker|Fake Out|p2a: Garchomp
|-damage|p2a: Garchomp|66/100
|cant|p2a: Garchomp|flinch
|move|p1a: Annihilape|Rage Fist|p2b: Weezing
|-damage|p2b: Weezing|0 fnt
|faint|p2b: Weezing
|-end|p2b: Weezing|ability: Neutralizing Gas
|
|upkeep
|turn|9
|inactive|Harry Koekenpan has 30 seconds left.
|
|t:|1755363446
|move|p2a: Garchomp|Earthquake|p1b: Perrserker|[spread] p1a,p1b
|-supereffective|p1b: Perrserker
|-damage|p1a: Annihilape|0 fnt
|-enditem|p1b: Perrserker|Focus Sash
|-damage|p1b: Perrserker|1/100
|faint|p1a: Annihilape
|-damage|p2a: Garchomp|56/100|[from] item: Life Orb
|move|p1b: Perrserker|Iron Head|p2a: Garchomp
|-damage|p2a: Garchomp|0 fnt
|-damage|p1b: Perrserker|0 fnt|[from] ability: Rough Skin|[of] p2a: Garchomp
|faint|p2a: Garchomp
|faint|p1b: Perrserker
|
|win|PutoLen33
|raw|PutoLen33's rating: 1347 → 1364(+17 for winning)
|raw|Harry Koekenpan's rating: 1303 → 1286(-17 for losing)
