|j|☆chefbenboyrd
|j|‽aliarist
|html|chefbenboyrdaliarist    
|uhtml|bestof|Game 2 of a best-of-3
|t:|1755871768
|gametype|doubles
|player|p1|chefbenboyrd|brawly|1169
|player|p2|aliarist|2|1191
|gen|9
|tier|[Gen 9] VGC 2025 Reg H (Bo3)
|rated|
|rule|Species Clause: Limit one of each Pokémon
|rule|Item Clause: Limit 1 of each item
|clearpoke
|poke|p1|Amoonguss, L50, F|
|poke|p1|Ursaluna, L50, F|
|poke|p1|Hydreigon, L50, M|
|poke|p1|Incineroar, L50, F|
|poke|p1|Porygon2, L50|
|poke|p1|Gholdengo, L50|
|poke|p2|Garchomp, L50, M|
|poke|p2|Tyranitar, L50, M|
|poke|p2|Gholdengo, L50|
|poke|p2|Amoonguss, L50, M|
|poke|p2|Talonflame, L50, F|
|poke|p2|Milotic, L50, F|
|teampreview|4
|showteam|p1|Amoonguss||RockyHelmet|Regenerator|SludgeBomb,Spore,RagePowder,Protect|||F|||50|,,,,,Water]Ursaluna||FlameOrb|Guts|Facade,HeadlongRush,Earthquake,Protect|||F|||50|,,,,,Ghost]Hydreigon||SafetyGoggles|Levitate|DracoMeteor,Snarl,Tailwind,Protect|||M|||50|,,,,,Ghost]Incineroar||SitrusBerry|Intimidate|FlareBlitz,KnockOff,PartingShot,FakeOut|||F|||50|,,,,,Ghost]Porygon2||Eviolite|Download|TeraBlast,IceBeam,Recover,TrickRoom||||||50|,,,,,Fighting]Gholdengo||MetalCoat|GoodasGold|MakeItRain,ShadowBall,NastyPlot,Protect||||||50|,,,,,Water
|showteam|p2|Garchomp||LifeOrb|RoughSkin|DragonClaw,Earthquake,StompingTantrum,Protect|||M|||50|,,,,,Steel]Tyranitar||AssaultVest|SandStream|RockSlide,KnockOff,LowKick,TeraBlast|||M|||50|,,,,,Flying]Gholdengo||MetalCoat|GoodasGold|NastyPlot,Protect,ShadowBall,MakeItRain||||||50|,,,,,Flying]Amoonguss||SitrusBerry|Regenerator|RagePowder,PollenPuff,Spore,Protect|||M|||50|,,,,,Water]Talonflame||CovertCloak|GaleWings|BraveBird,WillOWisp,Tailwind,Taunt|||F|||50|,,,,,Ghost]Milotic||SafetyGoggles|Competitive|Scald,IcyWind,Haze,Protect|||F|||50|,,,,,Dragon
|inactive|Battle timer is ON: inactive players will automatically lose when time's up. (requested by aliarist)
|
|t:|1755871803
|teamsize|p1|4
|teamsize|p2|4
|start
|switch|p1a: Amoonguss|Amoonguss, L50, F|100/100
|switch|p1b: Gholdengo|Gholdengo, L50|100/100
|switch|p2a: Milotic|Milotic, L50, F|100/100
|switch|p2b: Talonflame|Talonflame, L50, F|100/100
|turn|1
|
|t:|1755871822
|-terastallize|p1a: Amoonguss|Water
|move|p1a: Amoonguss|Rage Powder|p1a: Amoonguss
|-singleturn|p1a: Amoonguss|move: Rage Powder
|move|p2b: Talonflame|Taunt|p1a: Amoonguss
|-start|p1a: Amoonguss|move: Taunt
|move|p1b: Gholdengo|Nasty Plot|p1b: Gholdengo
|-boost|p1b: Gholdengo|spa|2
|move|p2a: Milotic|Scald|p1b: Gholdengo
|-damage|p1b: Gholdengo|60/100
|
|upkeep
|turn|2
|
|t:|1755871843
|move|p2b: Talonflame|Tailwind|p2b: Talonflame
|-sidestart|p2: aliarist|move: Tailwind
|move|p2a: Milotic|Scald|p1b: Gholdengo
|-damage|p1b: Gholdengo|20/100
|move|p1b: Gholdengo|Shadow Ball|p2a: Milotic
|-damage|p2a: Milotic|41/100
|move|p1a: Amoonguss|Sludge Bomb|p2a: Milotic
|-damage|p2a: Milotic|19/100
|-status|p2a: Milotic|psn
|
|-damage|p2a: Milotic|7/100 psn|[from] psn
|upkeep
|turn|3
|
|t:|1755871865
|move|p1b: Gholdengo|Protect|p1b: Gholdengo
|-singleturn|p1b: Gholdengo|Protect
|move|p2b: Talonflame|Brave Bird|p1b: Gholdengo
|-activate|p1b: Gholdengo|move: Protect
|move|p2a: Milotic|Haze|p2a: Milotic
|-clearallboost
|move|p1a: Amoonguss|Sludge Bomb|p2b: Talonflame
|-damage|p2b: Talonflame|57/100
|
|-damage|p2a: Milotic|0 fnt|[from] psn
|faint|p2a: Milotic
|upkeep
|
|t:|1755871869
|switch|p2a: Garchomp|Garchomp, L50, M|100/100
|turn|4
|
|t:|1755871884
|switch|p1b: Hydreigon|Hydreigon, L50, M|100/100
|move|p2b: Talonflame|Brave Bird|p1a: Amoonguss
|-damage|p1a: Amoonguss|62/100
|-damage|p2b: Talonflame|40/100|[from] item: Rocky Helmet|[of] p1a: Amoonguss
|-damage|p2b: Talonflame|23/100|[from] Recoil
|move|p2a: Garchomp|Earthquake|p1a: Amoonguss|[spread] p1a
|-immune|p2b: Talonflame
|-immune|p1b: Hydreigon|[from] ability: Levitate
|-damage|p1a: Amoonguss|23/100
|-damage|p2a: Garchomp|91/100|[from] item: Life Orb
|move|p1a: Amoonguss|Sludge Bomb|p2b: Talonflame
|-damage|p2b: Talonflame|0 fnt
|faint|p2b: Talonflame
|
|-end|p1a: Amoonguss|move: Taunt
|upkeep
|
|t:|1755871890
|switch|p2b: Gholdengo|Gholdengo, L50|100/100
|turn|5
|
|t:|1755871914
|move|p1a: Amoonguss|Rage Powder|p1a: Amoonguss
|-singleturn|p1a: Amoonguss|move: Rage Powder
|move|p2a: Garchomp|Dragon Claw|p1a: Amoonguss
|-crit|p1a: Amoonguss
|-damage|p1a: Amoonguss|0 fnt
|-damage|p2a: Garchomp|74/100|[from] item: Rocky Helmet|[of] p1a: Amoonguss
|faint|p1a: Amoonguss
|-damage|p2a: Garchomp|65/100|[from] item: Life Orb
|move|p2b: Gholdengo|Shadow Ball|p1b: Hydreigon
|-resisted|p1b: Hydreigon
|-damage|p1b: Hydreigon|75/100
|move|p1b: Hydreigon|Snarl|p2a: Garchomp|[spread] p2a,p2b
|-supereffective|p2b: Gholdengo
|-damage|p2a: Garchomp|43/100
|-damage|p2b: Gholdengo|47/100
|-unboost|p2a: Garchomp|spa|1
|-unboost|p2b: Gholdengo|spa|1
|
|-sideend|p2: aliarist|move: Tailwind
|upkeep
|
|t:|1755871934
|switch|p1a: Ursaluna|Ursaluna, L50, F|100/100
|turn|6
|
|t:|1755871945
|-terastallize|p2b: Gholdengo|Flying
|move|p1b: Hydreigon|Snarl|p2b: Gholdengo|[spread] p2a,p2b
|-damage|p2a: Garchomp|23/100
|-damage|p2b: Gholdengo|23/100
|-unboost|p2a: Garchomp|spa|1
|-unboost|p2b: Gholdengo|spa|1
|move|p2a: Garchomp|Dragon Claw|p1b: Hydreigon
|-supereffective|p1b: Hydreigon
|-damage|p1b: Hydreigon|0 fnt
|faint|p1b: Hydreigon
|-damage|p2a: Garchomp|13/100|[from] item: Life Orb
|move|p2b: Gholdengo|Nasty Plot|p2b: Gholdengo
|-boost|p2b: Gholdengo|spa|2
|move|p1a: Ursaluna|Headlong Rush|p2a: Garchomp
|-damage|p2a: Garchomp|0 fnt
|-unboost|p1a: Ursaluna|def|1
|-unboost|p1a: Ursaluna|spd|1
|-damage|p1a: Ursaluna|88/100|[from] ability: Rough Skin|[of] p2a: Garchomp
|faint|p2a: Garchomp
|
|-status|p1a: Ursaluna|brn|[from] item: Flame Orb
|upkeep
|
|t:|1755871961
|switch|p1b: Gholdengo|Gholdengo, L50|20/100
|turn|7
|
|t:|1755871972
|move|p1b: Gholdengo|Protect|p1b: Gholdengo
|-singleturn|p1b: Gholdengo|Protect
|move|p2b: Gholdengo|Make It Rain|p1b: Gholdengo|[spread] p1a
|-activate|p1b: Gholdengo|move: Protect
|-damage|p1a: Ursaluna|4/100 brn
|-unboost|p2b: Gholdengo|spa|1
|move|p1a: Ursaluna|Facade|p2b: Gholdengo
|-damage|p2b: Gholdengo|0 fnt
|faint|p2b: Gholdengo
|
|win|chefbenboyrd
|raw|chefbenboyrd's rating: 1169 → 1196(+27 for winning)
|raw|aliarist's rating: 1191 → 1164(-27 for losing)
