|j|☆basmati
|j|☆lox1sm
|html|basmatilox1sm    
|uhtml|bestof|Game 1 of a best-of-3
|t:|1783282188
|gametype|doubles
|player|p1|basmati|102|1187
|player|p2|lox1sm|veteran|1159
|gen|9
|tier|[Gen 9 Champions] VGC 2026 Reg M-B (Bo3)
|rated|
|rule|Species Clause: Limit one of each Pokémon
|rule|Item Clause: Limit 1 of each item
|clearpoke
|poke|p1|Archaludon, L50, F, shiny|
|poke|p1|Charizard, L50, M|
|poke|p1|Whimsicott, L50, M, shiny|
|poke|p1|Volcarona, L50, M, shiny|
|poke|p1|Incineroar, L50, F|
|poke|p1|Toxapex, L50, M, shiny|
|poke|p2|Charizard, L50, F|
|poke|p2|Aerodactyl, L50, M|
|poke|p2|Garchomp, L50, M|
|poke|p2|Kingambit, L50, F|
|poke|p2|Farigiraf, L50, F|
|poke|p2|Primarina, L50, F|
|teampreview|4
|showteam|p1|Archaludon||Leftovers|Stamina|ElectroShot,FlashCannon,Snarl,Protect|Calm||F|||50|]Charizard||CharizarditeX|Blaze|DragonClaw,DragonDance,FlareBlitz,Protect|Adamant||M|||50|]Whimsicott||FocusSash|Prankster|BeatUp,Tailwind,Moonblast,Encore|Timid||M|||50|]Volcarona||SitrusBerry|FlameBody|QuiverDance,StruggleBug,HeatWave,Protect|Bold||M|||50|]Incineroar||ChopleBerry|Intimidate|FakeOut,PartingShot,FlareBlitz,ThroatChop|Adamant||F|||50|]Toxapex||BrightPowder|Regenerator|Infestation,Toxic,BanefulBunker,WideGuard|Bold||M|||50|
|showteam|p2|Charizard||CharizarditeY|Blaze|HeatWave,WeatherBall,SolarBeam,Protect|Modest||F|||50|]Aerodactyl||Aerodactylite|Unnerve|RockSlide,IceFang,Tailwind,Protect|Jolly||M|||50|]Garchomp||LifeOrb|RoughSkin|DragonClaw,Earthquake,RockSlide,Protect|Jolly||M|||50|]Kingambit||FocusSash|Defiant|KowtowCleave,SuckerPunch,IronHead,LowKick|Adamant||F|||50|]Farigiraf||ExpertBelt|ArmorTail|Psychic,DazzlingGleam,Thunderbolt,TrickRoom|Modest||F|||50|]Primarina||MysticWater|LiquidVoice|HyperVoice,Moonblast,Haze,Protect|Modest||F|||50|
|inactive|Battle timer is ON: inactive players will automatically lose when time's up. (requested by lox1sm)
|
|t:|1783282239
|teamsize|p1|4
|teamsize|p2|4
|start
|switch|p1a: Whimsicott|Whimsicott, L50, M, shiny|100/100
|switch|p1b: Incineroar|Incineroar, L50, F|100/100
|switch|p2a: Aerodactyl|Aerodactyl, L50, M|100/100
|switch|p2b: Kingambit|Kingambit, L50, F|100/100
|-ability|p2a: Aerodactyl|Unnerve
|-ability|p1b: Incineroar|Intimidate|boost
|-unboost|p2a: Aerodactyl|atk|1
|-unboost|p2b: Kingambit|atk|1
|-ability|p2b: Kingambit|Defiant|boost
|-boost|p2b: Kingambit|atk|2
|turn|1
|inactive|lox1sm has 30 seconds left.
|inactive|lox1sm has 20 seconds left.
|
|t:|1783282278
|switch|p2a: Farigiraf|Farigiraf, L50, F|100/100
|move|p1a: Whimsicott|Tailwind|p1a: Whimsicott
|-sidestart|p1: basmati|move: Tailwind
|move|p1b: Incineroar|Flare Blitz|p2b: Kingambit
|-supereffective|p2b: Kingambit|1
|-enditem|p2b: Kingambit|Focus Sash
|-damage|p2b: Kingambit|1/100
|-damage|p1b: Incineroar|71/100|[from] Recoil
|move|p2b: Kingambit|Iron Head|p1a: Whimsicott
|-supereffective|p1a: Whimsicott|1
|-enditem|p1a: Whimsicott|Focus Sash
|-damage|p1a: Whimsicott|1/100
|
|upkeep
|turn|2
|
|t:|1783282302
|move|p2b: Kingambit|Sucker Punch|p1a: Whimsicott
|-resisted|p1a: Whimsicott|1
|-damage|p1a: Whimsicott|0 fnt
|faint|p1a: Whimsicott
|move|p1b: Incineroar|Parting Shot|p2a: Farigiraf
|-unboost|p2a: Farigiraf|atk|1
|-unboost|p2a: Farigiraf|spa|1
|
|t:|1783282311
|switch|p1b: Archaludon|Archaludon, L50, F, shiny|100/100|[from] Parting Shot
|move|p2a: Farigiraf|Trick Room|p2a: Farigiraf
|-fieldstart|move: Trick Room|[of] p2a: Farigiraf
|
|upkeep
|
|t:|1783282319
|switch|p1a: Charizard|Charizard, L50, M|100/100
|turn|3
|inactive|lox1sm has 30 seconds left.
|
|t:|1783282345
|move|p1a: Charizard|Protect|p1a: Charizard
|-singleturn|p1a: Charizard|Protect
|move|p2a: Farigiraf|Dazzling Gleam|p1b: Archaludon|[spread] p1b
|-activate|p1a: Charizard|move: Protect
|-damage|p1b: Archaludon|87/100
|-ability|p1b: Archaludon|Stamina|boost
|-boost|p1b: Archaludon|def|1
|move|p2b: Kingambit|Low Kick|p1b: Archaludon
|-supereffective|p1b: Archaludon|1
|-damage|p1b: Archaludon|42/100
|-ability|p1b: Archaludon|Stamina|boost
|-boost|p1b: Archaludon|def|1
|move|p1b: Archaludon|Snarl|p2a: Farigiraf|[spread] p2a,p2b
|-supereffective|p2a: Farigiraf|1
|-resisted|p2b: Kingambit|1
|-damage|p2a: Farigiraf|73/100
|-damage|p2b: Kingambit|0 fnt
|-unboost|p2a: Farigiraf|spa|1
|faint|p2b: Kingambit
|
|-heal|p1b: Archaludon|48/100|[from] item: Leftovers
|upkeep
|inactive|lox1sm has 30 seconds left.
|
|t:|1783282371
|switch|p2b: Garchomp|Garchomp, L50, M|100/100
|turn|4
|inactive|basmati has 30 seconds left.
|
|t:|1783282396
|switch|p1b: Incineroar|Incineroar, L50, F|71/100
|-ability|p1b: Incineroar|Intimidate|boost
|-unboost|p2a: Farigiraf|atk|1
|-unboost|p2b: Garchomp|atk|1
|move|p2a: Farigiraf|Thunderbolt|p1a: Charizard
|-supereffective|p1a: Charizard|1
|-damage|p1a: Charizard|49/100
|move|p2b: Garchomp|Dragon Claw|p1a: Charizard
|-damage|p1a: Charizard|0 fnt
|faint|p1a: Charizard
|-damage|p2b: Garchomp|90/100|[from] item: Life Orb
|
|-sideend|p1: basmati|move: Tailwind
|upkeep
|
|t:|1783282408
|switch|p1a: Archaludon|Archaludon, L50, F, shiny|48/100
|turn|5
|
|t:|1783282427
|switch|p2b: Aerodactyl|Aerodactyl, L50, M|100/100
|-ability|p2b: Aerodactyl|Unnerve
|move|p1b: Incineroar|Parting Shot|p2b: Aerodactyl
|-unboost|p2b: Aerodactyl|atk|1
|-unboost|p2b: Aerodactyl|spa|1
|move|p1a: Archaludon|Snarl|p2b: Aerodactyl|[spread] p2a,p2b
|-supereffective|p2a: Farigiraf|1
|-damage|p2a: Farigiraf|50/100g
|-damage|p2b: Aerodactyl|82/100
|-unboost|p2a: Farigiraf|spa|1
|-unboost|p2b: Aerodactyl|spa|1
|move|p2a: Farigiraf|Trick Room|p2a: Farigiraf
|-fieldend|move: Trick Room
|
|-heal|p1a: Archaludon|54/100|[from] item: Leftovers
|upkeep
|turn|6
|inactive|lox1sm has 30 seconds left.
|inactive|lox1sm has 20 seconds left.
|inactive|lox1sm has 15 seconds left.
|inactive|lox1sm has 10 seconds left.
|inactive|lox1sm has 5 seconds left.
|
|t:|1783282479
|detailschange|p2b: Aerodactyl|Aerodactyl-Mega, L50, M
|-mega|p2b: Aerodactyl|Aerodactyl|Aerodactylite
|move|p2b: Aerodactyl|Rock Slide|p1b: Incineroar|[spread] p1a,p1b
|-resisted|p1a: Archaludon|1
|-supereffective|p1b: Incineroar|1
|-damage|p1a: Archaludon|48/100
|-damage|p1b: Incineroar|34/100
|-ability|p1a: Archaludon|Stamina|boost
|-boost|p1a: Archaludon|def|1
|move|p1a: Archaludon|Flash Cannon|p2b: Aerodactyl
|-supereffective|p2b: Aerodactyl|1
|-damage|p2b: Aerodactyl|2/100
|move|p2a: Farigiraf|Dazzling Gleam|p1b: Incineroar|[spread] p1a,p1b
|-damage|p1a: Archaludon|41/100
|-damage|p1b: Incineroar|27/100
|-ability|p1a: Archaludon|Stamina|boost
|-boost|p1a: Archaludon|def|1
|move|p1b: Incineroar|Parting Shot|p2a: Farigiraf
|-unboost|p2a: Farigiraf|atk|1
|-unboost|p2a: Farigiraf|spa|1
|
|-heal|p1a: Archaludon|47/100|[from] item: Leftovers
|upkeep
|turn|7
|inactive|basmati has 30 seconds left.
|inactive|lox1sm has 30 seconds left.
|inactive|lox1sm has 20 seconds left.
|inactive|lox1sm has 15 seconds left.
|
|t:|1783282521
|switch|p2b: Garchomp|Garchomp, L50, M|90/100
|move|p1a: Archaludon|Snarl|p2b: Garchomp|[spread] p2a,p2b
|-supereffective|p2a: Farigiraf|1
|-crit|p2a: Farigiraf
|-damage|p2a: Farigiraf|14/100
|-damage|p2b: Garchomp|77/100
|-unboost|p2a: Farigiraf|spa|1
|-unboost|p2b: Garchomp|spa|1
|move|p2a: Farigiraf|Thunderbolt|p1b: Incineroar
|-damage|p1b: Incineroar|19/100
|move|p1b: Incineroar|Parting Shot|p2a: Farigiraf
|-unboost|p2a: Farigiraf|atk|1
|-unboost|p2a: Farigiraf|spa|1
|
|-heal|p1a: Archaludon|53/100|[from] item: Leftovers
|upkeep
|turn|8
|inactive|basmati has 30 seconds left.
|
|t:|1783282546
|move|p2b: Garchomp|Earthquake|p1a: Archaludon|[spread] p2a,p1a,p1b
|-supereffective|p1a: Archaludon|1
|-supereffective|p1b: Incineroar|1
|-damage|p2a: Farigiraf|0 fnt
|-damage|p1a: Archaludon|16/100
|-damage|p1b: Incineroar|0 fnt
|-ability|p1a: Archaludon|Stamina|boost
|-boost|p1a: Archaludon|def|1
|faint|p2a: Farigiraf
|faint|p1b: Incineroar
|-damage|p2b: Garchomp|68/100|[from] item: Life Orb
|move|p1a: Archaludon|Flash Cannon|p2b: Garchomp
|-damage|p2b: Garchomp|27/100
|
|-heal|p1a: Archaludon|22/100|[from] item: Leftovers
|upkeep
|
|t:|1783282550
|switch|p2a: Aerodactyl|Aerodactyl-Mega, L50, M|2/100
|turn|9
|
|t:|1783282555
|move|p1a: Archaludon|Protect|p1a: Archaludon
|-singleturn|p1a: Archaludon|Protect
|move|p2a: Aerodactyl|Ice Fang|p1a: Archaludon
|-activate|p1a: Archaludon|move: Protect
|move|p2b: Garchomp|Earthquake|p1a: Archaludon|[spread] 
|-activate|p1a: Archaludon|move: Protect
|-immune|p2a: Aerodactyl
|
|-heal|p1a: Archaludon|28/100|[from] item: Leftovers
|upkeep
|turn|10
|
|t:|1783282561
|move|p1a: Archaludon|Protect|p1a: Archaludon
|-singleturn|p1a: Archaludon|Protect
|move|p2a: Aerodactyl|Ice Fang|p1a: Archaludon
|-activate|p1a: Archaludon|move: Protect
|move|p2b: Garchomp|Earthquake|p1a: Archaludon|[spread] 
|-activate|p1a: Archaludon|move: Protect
|-immune|p2a: Aerodactyl
|
|-heal|p1a: Archaludon|34/100|[from] item: Leftovers
|upkeep
|turn|11
|
|t:|1783282566
|move|p2a: Aerodactyl|Ice Fang|p1a: Archaludon
|-damage|p1a: Archaludon|26/100
|-ability|p1a: Archaludon|Stamina|boost
|-boost|p1a: Archaludon|def|1
|move|p2b: Garchomp|Earthquake|p1a: Archaludon|[spread] p1a
|-immune|p2a: Aerodactyl
|-supereffective|p1a: Archaludon|1
|-damage|p1a: Archaludon|2/100
|-ability|p1a: Archaludon|Stamina|boost
|-boost|p1a: Archaludon|def|1
|-damage|p2b: Garchomp|17/100|[from] item: Life Orb
|cant|p1a: Archaludon|flinch
|
|-heal|p1a: Archaludon|8/100|[from] item: Leftovers
|upkeep
|turn|12
|
|t:|1783282581
|move|p1a: Archaludon|Protect|p1a: Archaludon
|-singleturn|p1a: Archaludon|Protect
|move|p2a: Aerodactyl|Ice Fang|p1a: Archaludon
|-activate|p1a: Archaludon|move: Protect
|move|p2b: Garchomp|Earthquake|p1a: Archaludon|[spread] 
|-activate|p1a: Archaludon|move: Protect
|-immune|p2a: Aerodactyl
|
|-heal|p1a: Archaludon|14/100|[from] item: Leftovers
|upkeep
|turn|13
|
|t:|1783282589
|move|p1a: Archaludon|Protect||[still]
|-fail|p1a: Archaludon
|move|p2a: Aerodactyl|Ice Fang|p1a: Archaludon
|-damage|p1a: Archaludon|8/100
|-ability|p1a: Archaludon|Stamina|boost
|-boost|p1a: Archaludon|def|1
|move|p2b: Garchomp|Earthquake|p1a: Archaludon|[spread] p1a
|-immune|p2a: Aerodactyl
|-supereffective|p1a: Archaludon|1
|-damage|p1a: Archaludon|0 fnt
|faint|p1a: Archaludon
|-damage|p2b: Garchomp|8/100|[from] item: Life Orb
|
|win|lox1sm
|l|☆basmati
|player|p1|
||lox1sm is ready for game 2.
||basmati is ready for game 2.
|uhtml|next|Next: Game 2 of 3
