|j|☆Alyte
|j|☆Jkarchella
|html|AlyteJkarchella    
|uhtml|bestof|Game 3 of a best-of-3
|t:|1757696768
|gametype|doubles
|player|p1|Alyte|102|1087
|player|p2|Jkarchella|gambler|1057
|gen|9
|tier|[Gen 9] VGC 2025 Reg H (Bo3)
|rated|
|rule|Species Clause: Limit one of each Pokémon
|rule|Item Clause: Limit 1 of each item
|clearpoke
|poke|p1|Primarina, L50, M|
|poke|p1|Pelipper, L50, F|
|poke|p1|Archaludon, L50, M|
|poke|p1|Amoonguss, L50, F|
|poke|p1|Indeedee-F, L50, F|
|poke|p1|Kingambit, L50, M|
|poke|p2|Dragonite, L50, M|
|poke|p2|Ursaluna-Bloodmoon, L50, M|
|poke|p2|Amoonguss, L50, F|
|poke|p2|Incineroar, L50, M|
|poke|p2|Sneasler, L50, M|
|poke|p2|Gholdengo, L50|
|teampreview|4
|showteam|p1|Primarina||ThroatSpray|LiquidVoice|HyperVoice,Moonblast,Protect,WeatherBall|||M|||50|,,,,,Grass]Pelipper||FocusSash|Drizzle|WeatherBall,Protect,Tailwind,Hurricane|||F|||50|,,,,,Steel]Archaludon||AssaultVest|Stamina|ElectroShot,DragonPulse,FlashCannon,Snarl|||M|||50|,,,,,Electric]Amoonguss||SitrusBerry|Regenerator|Spore,PollenPuff,RagePowder,Protect|||F|||50|,,,,,Water]Indeedee-F||MentalHerb|PsychicSurge|TrickRoom,FollowMe,Protect,HelpingHand|||F|||50|,,,,,Dark]Kingambit||LifeOrb|Defiant|SuckerPunch,KowtowCleave,IronHead,Protect|||M|||50|,,,,,Flying
|showteam|p2|Dragonite||LoadedDice|Multiscale|ScaleShot,Protect,Haze,Tailwind|||M|||50|,,,,,Fairy]Ursaluna-Bloodmoon||AssaultVest|MindsEye|HyperVoice,BloodMoon,EarthPower,VacuumWave|||M|||50|,,,,,Normal]Amoonguss||SitrusBerry|Regenerator|Spore,RagePowder,SludgeBomb,Protect|||F|||50|,,,,,Water]Incineroar||SafetyGoggles|Intimidate|FakeOut,FlareBlitz,KnockOff,PartingShot|||M|||50|,,,,,Ghost]Sneasler||FocusSash|PoisonTouch|FakeOut,CloseCombat,DireClaw,Protect|||M|||50|,,,,,Stellar]Gholdengo||LifeOrb|GoodasGold|MakeItRain,ShadowBall,NastyPlot,Protect||||||50|,,,,,Steel
|
|t:|1757696795
|teamsize|p1|4
|teamsize|p2|4
|start
|switch|p1a: Indeedee|Indeedee-F, L50, F|100/100
|switch|p1b: Primarina|Primarina, L50, M|100/100
|switch|p2a: Ursaluna|Ursaluna-Bloodmoon, L50, M|100/100
|switch|p2b: Amoonguss|Amoonguss, L50, F|100/100
|-fieldstart|move: Psychic Terrain|[from] ability: Psychic Surge|[of] p1a: Indeedee
|turn|1
|
|t:|1757696844
|switch|p2a: Incineroar|Incineroar, L50, M|100/100
|-ability|p2a: Incineroar|Intimidate|boost
|-unboost|p1a: Indeedee|atk|1
|-unboost|p1b: Primarina|atk|1
|switch|p1a: Pelipper|Pelipper, L50, F|100/100
|-weather|RainDance|[from] ability: Drizzle|[of] p1a: Pelipper
|move|p1b: Primarina|Hyper Voice|p2a: Incineroar|[spread] p2a,p2b
|-supereffective|p2a: Incineroar
|-resisted|p2b: Amoonguss
|-damage|p2a: Incineroar|28/100
|-damage|p2b: Amoonguss|78/100
|-enditem|p1b: Primarina|Throat Spray
|-boost|p1b: Primarina|spa|1|[from] item: Throat Spray
|move|p2b: Amoonguss|Spore|p1a: Pelipper
|-status|p1a: Pelipper|slp|[from] move: Spore
|
|-weather|RainDance|[upkeep]
|upkeep
|turn|2
|
|t:|1757696905
|switch|p1a: Amoonguss|Amoonguss, L50, F|100/100
|-terastallize|p2a: Incineroar|Ghost
|move|p1b: Primarina|Protect|p1b: Primarina
|-singleturn|p1b: Primarina|Protect
|move|p2a: Incineroar|Flare Blitz|p1a: Amoonguss
|-supereffective|p1a: Amoonguss
|-damage|p1a: Amoonguss|52/100
|-damage|p2a: Incineroar|10/100|[from] Recoil
|move|p2b: Amoonguss|Sludge Bomb|p1b: Primarina
|-activate|p1b: Primarina|move: Protect
|
|-weather|RainDance|[upkeep]
|upkeep
|turn|3
|
|t:|1757696939
|move|p2a: Incineroar|Parting Shot|p1b: Primarina
|-unboost|p1b: Primarina|atk|1
|-unboost|p1b: Primarina|spa|1
|
|t:|1757696948
|switch|p2a: Gholdengo|Gholdengo, L50, shiny|100/100|[from] Parting Shot
|move|p1b: Primarina|Hyper Voice|p2a: Gholdengo|[spread] p2a,p2b
|-resisted|p2b: Amoonguss
|-damage|p2a: Gholdengo|32/100
|-damage|p2b: Amoonguss|54/100
|move|p2b: Amoonguss|Sludge Bomb|p1b: Primarina
|-supereffective|p1b: Primarina
|-damage|p1b: Primarina|56/100
|move|p1a: Amoonguss|Spore|p2a: Gholdengo
|-immune|p2a: Gholdengo|[from] ability: Good as Gold
|
|-weather|RainDance|[upkeep]
|upkeep
|turn|4
|
|t:|1757696973
|-terastallize|p1b: Primarina|Grass
|move|p2b: Amoonguss|Rage Powder|p2b: Amoonguss
|-singleturn|p2b: Amoonguss|move: Rage Powder
|move|p2a: Gholdengo|Make It Rain|p1b: Primarina|[spread] p1a,p1b
|-crit|p1b: Primarina
|-damage|p1a: Amoonguss|12/100
|-damage|p1b: Primarina|0 fnt
|-unboost|p2a: Gholdengo|spa|1
|-enditem|p1a: Amoonguss|Sitrus Berry|[eat]
|-heal|p1a: Amoonguss|37/100|[from] item: Sitrus Berry
|faint|p1b: Primarina
|-damage|p2a: Gholdengo|22/100|[from] item: Life Orb
|move|p1a: Amoonguss|Pollen Puff|p1: Primarina|[notarget]
|-fail|p1a: Amoonguss
|
|-weather|RainDance|[upkeep]
|upkeep
|
|t:|1757696990
|switch|p1b: Indeedee|Indeedee-F, L50, F|100/100
|turn|5
|
|t:|1757697013
|move|p2b: Amoonguss|Rage Powder|p2b: Amoonguss
|-singleturn|p2b: Amoonguss|move: Rage Powder
|move|p2a: Gholdengo|Make It Rain|p1b: Indeedee|[spread] p1a,p1b
|-damage|p1a: Amoonguss|11/100
|-damage|p1b: Indeedee|64/100
|-unboost|p2a: Gholdengo|spa|1
|-damage|p2a: Gholdengo|12/100|[from] item: Life Orb
|move|p1a: Amoonguss|Pollen Puff|p2b: Amoonguss
|-damage|p2b: Amoonguss|37/100
|-enditem|p2b: Amoonguss|Sitrus Berry|[eat]
|-heal|p2b: Amoonguss|62/100|[from] item: Sitrus Berry
|move|p1b: Indeedee|Trick Room|p1b: Indeedee
|-fieldstart|move: Trick Room|[of] p1b: Indeedee
|
|-weather|none
|-fieldend|move: Psychic Terrain
|upkeep
|turn|6
|
|t:|1757697072
|switch|p1a: Pelipper|Pelipper, L50, F|100/100 slp
|-weather|RainDance|[from] ability: Drizzle|[of] p1a: Pelipper
|move|p1b: Indeedee|Protect|p1b: Indeedee
|-singleturn|p1b: Indeedee|Protect
|move|p2b: Amoonguss|Rage Powder|p2b: Amoonguss
|-singleturn|p2b: Amoonguss|move: Rage Powder
|move|p2a: Gholdengo|Make It Rain|p1a: Pelipper|[spread] p1a
|-activate|p1b: Indeedee|move: Protect
|-resisted|p1a: Pelipper
|-damage|p1a: Pelipper|80/100 slp
|-unboost|p2a: Gholdengo|spa|1
|-damage|p2a: Gholdengo|2/100|[from] item: Life Orb
|
|-weather|RainDance|[upkeep]
|upkeep
|turn|7
|
|t:|1757697100
|switch|p1b: Amoonguss|Amoonguss, L50, F|44/100
|move|p2b: Amoonguss|Sludge Bomb|p1b: Amoonguss
|-damage|p1b: Amoonguss|24/100
|cant|p1a: Pelipper|slp
|move|p2a: Gholdengo|Nasty Plot|p2a: Gholdengo
|-boost|p2a: Gholdengo|spa|2
|
|-weather|RainDance|[upkeep]
|upkeep
|turn|8
|
|t:|1757697132
|move|p2b: Amoonguss|Rage Powder|p2b: Amoonguss
|-singleturn|p2b: Amoonguss|move: Rage Powder
|move|p1b: Amoonguss|Pollen Puff|p1a: Pelipper
|-heal|p1a: Pelipper|100/100 slp
|-curestatus|p1a: Pelipper|slp|[msg]
|move|p1a: Pelipper|Hurricane|p2b: Amoonguss
|-supereffective|p2b: Amoonguss
|-damage|p2b: Amoonguss|0 fnt
|faint|p2b: Amoonguss
|move|p2a: Gholdengo|Make It Rain|p1b: Amoonguss|[spread] p1a,p1b
|-resisted|p1a: Pelipper
|-damage|p1a: Pelipper|74/100
|-damage|p1b: Amoonguss|0 fnt
|-unboost|p2a: Gholdengo|spa|1
|faint|p1b: Amoonguss
|-damage|p2a: Gholdengo|0 fnt|[from] item: Life Orb
|faint|p2a: Gholdengo
|
|-weather|RainDance|[upkeep]
|upkeep
|
|t:|1757697158
|switch|p1b: Indeedee|Indeedee-F, L50, F|64/100
|switch|p2b: Incineroar|Incineroar, L50, M, tera:Ghost|10/100
|switch|p2a: Ursaluna|Ursaluna-Bloodmoon, L50, M|100/100
|-ability|p2b: Incineroar|Intimidate|boost
|-unboost|p1a: Pelipper|atk|1
|-unboost|p1b: Indeedee|atk|1
|-fieldstart|move: Psychic Terrain|[from] ability: Psychic Surge|[of] p1b: Indeedee
|turn|9
|
|t:|1757697221
|move|p1b: Indeedee|Helping Hand|p1a: Pelipper
|-singleturn|p1a: Pelipper|Helping Hand|[of] p1b: Indeedee
|move|p2b: Incineroar|Fake Out|p1b: Indeedee
|-activate|p1b: Indeedee|move: Psychic Terrain
|move|p2a: Ursaluna|Blood Moon|p1a: Pelipper
|-damage|p1a: Pelipper|0 fnt
|faint|p1a: Pelipper
|
|-weather|RainDance|[upkeep]
|-fieldend|move: Trick Room
|upkeep
|turn|10
|
|t:|1757697247
|move|p2a: Ursaluna|Earth Power|p1b: Indeedee
|-damage|p1b: Indeedee|20/100
|move|p2b: Incineroar|Knock Off|p1b: Indeedee
|-supereffective|p1b: Indeedee
|-damage|p1b: Indeedee|0 fnt
|-enditem|p1b: Indeedee|Mental Herb|[from] move: Knock Off|[of] p2b: Incineroar
|faint|p1b: Indeedee
|
|win|Jkarchella
|raw|Alyte's rating: 1087 → 1062(-25 for losing)
|raw|Jkarchella's rating: 1057 → 1091(+34 for winning)
