|j|☆bestatpokemon21
|j|☆coalossal_idiot
|html|bestatpokemon21coalossal_idiot    
|uhtml|bestof|Game 1 of a best-of-3
|t:|1757689044
|gametype|doubles
|player|p1|bestatpokemon21|juliana-bb|1226
|player|p2|coalossal_idiot|birdkeeper|1286
|gen|9
|tier|[Gen 9] VGC 2025 Reg H (Bo3)
|rated|
|rule|Species Clause: Limit one of each Pokémon
|rule|Item Clause: Limit 1 of each item
|clearpoke
|poke|p1|Annihilape, L50, M|
|poke|p1|Ninetales-Alola, L50, F|
|poke|p1|Archaludon, L50, M|
|poke|p1|Volcarona, L50, M|
|poke|p1|Dragonite, L50, M|
|poke|p1|Rillaboom, L50, F|
|poke|p2|Samurott-Hisui, L50, F|
|poke|p2|Sneasler, L50, F|
|poke|p2|Corviknight, L50, F|
|poke|p2|Volcarona, L50, F|
|poke|p2|Electabuzz, L50, M|
|poke|p2|Whimsicott, L50, F|
|teampreview|4
|showteam|p1|Annihilape||SafetyGoggles|Defiant|RageFist,DrainPunch,BulkUp,Protect|||M|||50|,,,,,Fire]Ninetales-Alola||FocusSash|SnowWarning|FreezeDry,HelpingHand,AuroraVeil,Protect|||F|||50|,,,,,Ghost]Archaludon||PowerHerb|Sturdy|ElectroShot,FlashCannon,DracoMeteor,Protect|||M|||50|,,,,,Stellar]Volcarona||CovertCloak|FlameBody|StruggleBug,WillOWisp,HeatWave,Tailwind|||M|||50|,,,,,Water]Dragonite||LoadedDice|Multiscale|ScaleShot,ExtremeSpeed,Haze,Protect|||M|||50|,,,,,Normal]Rillaboom||AssaultVest|GrassySurge|FakeOut,WoodHammer,GrassyGlide,HighHorsepower|||F|||50|,,,,,Ground
|showteam|p2|Samurott-Hisui||ClearAmulet|Sharpness|RazorShell,KnockOff,SacredSword,Protect|||F|||50|,,,,,Fighting]Sneasler||WhiteHerb|Unburden|DireClaw,CloseCombat,Coaching,Protect|||F|||50|,,,,,Ghost]Corviknight||Leftovers|MirrorArmor|BraveBird,BodyPress,BulkUp,Roost|||F|||50|,,,,,Dragon]Volcarona||CovertCloak|FlameBody|HeatWave,GigaDrain,QuiverDance,Protect|||F|||50|,,,,,Grass]Electabuzz||Eviolite|VitalSpirit|Thunderbolt,FollowMe,Taunt,Protect|||M|||50|,,,,,Ghost]Whimsicott||FocusSash|Prankster|Moonblast,MistyTerrain,Tailwind,Encore|||F|||50|,,,,,Ghost
|inactive|Battle timer is ON: inactive players will automatically lose when time's up. (requested by coalossal_idiot)
|inactive|bestatpokemon21 has 60 seconds left.
|inactive|coalossal_idiot has 60 seconds left.
|
|t:|1757689104
|teamsize|p1|4
|teamsize|p2|4
|start
|switch|p1a: Archaludon|Archaludon, L50, M|100/100
|switch|p1b: Rillaboom|Rillaboom, L50, F|100/100
|switch|p2a: Whimsicott|Whimsicott, L50, F|100/100
|switch|p2b: Sneasler|Sneasler, L50, F|100/100
|-fieldstart|move: Grassy Terrain|[from] ability: Grassy Surge|[of] p1b: Rillaboom
|turn|1
|inactive|bestatpokemon21 has 30 seconds left.
|inactive|coalossal_idiot has 30 seconds left.
|inactive|bestatpokemon21 has 20 seconds left.
|inactive|coalossal_idiot has 20 seconds left.
|inactive|coalossal_idiot has 15 seconds left.
|
|t:|1757689146
|-terastallize|p1b: Rillaboom|Ground
|move|p2b: Sneasler|Protect|p2b: Sneasler
|-singleturn|p2b: Sneasler|Protect
|move|p1a: Archaludon|Protect|p1a: Archaludon
|-singleturn|p1a: Archaludon|Protect
|move|p2a: Whimsicott|Moonblast|p1a: Archaludon
|-activate|p1a: Archaludon|move: Protect
|move|p1b: Rillaboom|High Horsepower|p2b: Sneasler
|-activate|p2b: Sneasler|move: Protect
|
|upkeep
|turn|2
|inactive|bestatpokemon21 has 30 seconds left.
|inactive|coalossal_idiot has 30 seconds left.
|inactive|coalossal_idiot has 20 seconds left.
|
|t:|1757689182
|switch|p1a: Volcarona|Volcarona, L50, M|100/100
|move|p2b: Sneasler|Close Combat|p1a: Volcarona
|-resisted|p1a: Volcarona
|-damage|p1a: Volcarona|60/100
|-unboost|p2b: Sneasler|def|1
|-unboost|p2b: Sneasler|spd|1
|-enditem|p2b: Sneasler|White Herb
|-clearnegativeboost|p2b: Sneasler|[silent]
|move|p2a: Whimsicott|Moonblast|p1a: Volcarona
|-resisted|p1a: Volcarona
|-damage|p1a: Volcarona|44/100
|move|p1b: Rillaboom|High Horsepower|p2b: Sneasler
|-supereffective|p2b: Sneasler
|-damage|p2b: Sneasler|0 fnt
|faint|p2b: Sneasler
|
|-heal|p1a: Volcarona|49/100|[from] Grassy Terrain
|upkeep
|
|t:|1757689187
|switch|p2b: Samurott|Samurott-Hisui, L50, F|100/100
|turn|3
|inactive|bestatpokemon21 has 30 seconds left.
|
|t:|1757689213
|switch|p1a: Dragonite|Dragonite, L50, M|100/100
|move|p2a: Whimsicott|Misty Terrain|p2a: Whimsicott
|-fieldstart|move: Misty Terrain
|move|p2b: Samurott|Razor Shell|p1b: Rillaboom
|-supereffective|p1b: Rillaboom
|-damage|p1b: Rillaboom|3/100
|move|p1b: Rillaboom|Wood Hammer|p2b: Samurott
|-supereffective|p2b: Samurott
|-damage|p2b: Samurott|0 fnt
|faint|p2b: Samurott
|-damage|p1b: Rillaboom|0 fnt|[from] Recoil
|faint|p1b: Rillaboom
|
|upkeep
|
|t:|1757689224
|switch|p2b: Corviknight|Corviknight, L50, F|100/100
|switch|p1b: Volcarona|Volcarona, L50, M|49/100
|turn|4
|inactive|coalossal_idiot has 30 seconds left.
|inactive|coalossal_idiot has 20 seconds left.
|inactive|coalossal_idiot has 15 seconds left.
|
|t:|1757689268
|-terastallize|p2b: Corviknight|Dragon
|move|p1a: Dragonite|Extreme Speed|p2a: Whimsicott
|-damage|p2a: Whimsicott|53/100
|move|p2a: Whimsicott|Tailwind|p2a: Whimsicott
|-sidestart|p2: coalossal_idiot|move: Tailwind
|move|p2b: Corviknight|Brave Bird|p1b: Volcarona
|-supereffective|p1b: Volcarona
|-damage|p1b: Volcarona|0 fnt
|faint|p1b: Volcarona
|-damage|p2b: Corviknight|85/100|[from] Recoil
|
|-heal|p2b: Corviknight|91/100|[from] item: Leftovers
|upkeep
|
|t:|1757689277
|switch|p1b: Archaludon|Archaludon, L50, M|100/100
|turn|5
|
|t:|1757689293
|move|p1b: Archaludon|Protect|p1b: Archaludon
|-singleturn|p1b: Archaludon|Protect
|move|p2a: Whimsicott|Moonblast|p1b: Archaludon
|-activate|p1b: Archaludon|move: Protect
|move|p2b: Corviknight|Body Press|p1b: Archaludon
|-activate|p1b: Archaludon|move: Protect
|move|p1a: Dragonite|Scale Shot|p2b: Corviknight
|-supereffective|p2b: Corviknight
|-damage|p2b: Corviknight|78/100
|-supereffective|p2b: Corviknight
|-damage|p2b: Corviknight|66/100
|-supereffective|p2b: Corviknight
|-damage|p2b: Corviknight|53/100
|-supereffective|p2b: Corviknight
|-damage|p2b: Corviknight|41/100
|-supereffective|p2b: Corviknight
|-damage|p2b: Corviknight|28/100
|-hitcount|p2b: Corviknight|5
|-unboost|p1a: Dragonite|def|1
|-boost|p1a: Dragonite|spe|1
|
|-heal|p2b: Corviknight|34/100|[from] item: Leftovers
|upkeep
|turn|6
|
|t:|1757689313
|move|p2a: Whimsicott|Encore|p1b: Archaludon
|-start|p1b: Archaludon|Encore
|move|p1a: Dragonite|Scale Shot|p2b: Corviknight
|-supereffective|p2b: Corviknight
|-damage|p2b: Corviknight|22/100
|-supereffective|p2b: Corviknight
|-damage|p2b: Corviknight|9/100
|-supereffective|p2b: Corviknight
|-damage|p2b: Corviknight|0 fnt
|faint|p2b: Corviknight
|-hitcount|p2: Corviknight|3
|-unboost|p1a: Dragonite|def|1
|-boost|p1a: Dragonite|spe|1
|move|p1b: Archaludon|Protect|p1b: Archaludon
|-singleturn|p1b: Archaludon|Protect
|
|upkeep
|turn|7
|
|t:|1757689328
|move|p1b: Archaludon|Protect||[still]
|-fail|p1b: Archaludon
|move|p1a: Dragonite|Extreme Speed|p2a: Whimsicott
|-damage|p2a: Whimsicott|9/100
|move|p2a: Whimsicott|Encore|p1a: Dragonite
|-start|p1a: Dragonite|Encore
|
|-sideend|p2: coalossal_idiot|move: Tailwind
|-fieldend|Misty Terrain
|upkeep
|turn|8
|-message|coalossal_idiot forfeited.
|
|win|bestatpokemon21
|l|☆coalossal_idiot
|player|p2|
||coalossal_idiot is ready for game 2.
||bestatpokemon21 is ready for game 2.
|uhtml|next|Next: Game 2 of 3
