|j|☆KyleTampy
|j|☆Oldcow
|html|KyleTampyOldcow    
|uhtml|bestof|Game 1 of a best-of-3
|t:|1784567721
|gametype|doubles
|player|p1|KyleTampy|lucian|
|player|p2|Oldcow|shadowtriad|
|gen|9
|tier|[Gen 9 Champions] VGC 2026 Reg M-B (Bo3)
|rule|Species Clause: Limit one of each Pokémon
|rule|Item Clause: Limit 1 of each item
|clearpoke
|poke|p1|Charizard, L50, M|
|poke|p1|Pelipper, L50, F, shiny|
|poke|p1|Basculegion, L50, M|
|poke|p1|Archaludon, L50, M|
|poke|p1|Farigiraf, L50, F|
|poke|p1|Meganium, L50, F, shiny|
|poke|p2|Raichu, L50, F|
|poke|p2|Staraptor, L50, F, shiny|
|poke|p2|Tyranitar, L50, F, shiny|
|poke|p2|Drampa, L50, F|
|poke|p2|Grimmsnarl, L50, M, shiny|
|poke|p2|Sinistcha, L50|
|teampreview|4
|showteam|p1|Charizard||CharizarditeY|Blaze|HeatWave,AncientPower,WeatherBall,Protect|Modest||M|||50|]Pelipper||FocusSash|Drizzle|Hurricane,WeatherBall,Tailwind,Protect|Timid||F|||50|]Basculegion||ChoiceScarf|Adaptability|WaveCrash,AquaJet,LastRespects,FlipTurn|Jolly||M|||50|]Archaludon||Leftovers|Stamina|ElectroShot,DragonPulse,FlashCannon,Protect|Modest||M|||50|]Farigiraf||SitrusBerry|ArmorTail|TrickRoom,Thunderbolt,Psychic,HelpingHand|Relaxed||F|||50|]Meganium||Meganiumite|Overgrow|SolarBeam,DazzlingGleam,Protect,WeatherBall|Modest||F|||50|
|showteam|p2|Raichu||RaichuniteY|LightningRod|ZapCannon,FocusBlast,VoltSwitch,Protect|Timid||F|||50|]Staraptor||Staraptite|Intimidate|BraveBird,CloseCombat,Tailwind,Protect|Jolly||F|||50|]Tyranitar||PasshoBerry|SandStream|RockSlide,KnockOff,HighHorsepower,Protect|Adamant||F|||50|]Drampa||Leftovers|CloudNine|HyperVoice,Flamethrower,EarthPower,Protect|Quiet||F|||50|]Grimmsnarl||LightClay|Prankster|FoulPlay,Reflect,LightScreen,PartingShot|Calm||M|||50|]Sinistcha||CobaBerry|Hospitality|MatchaGotcha,RagePowder,TrickRoom,Imprison|Calm|||||50|
|
|t:|1784567760
|teamsize|p1|4
|teamsize|p2|4
|start
|switch|p1a: Pelipper|Pelipper, L50, F, shiny|100/100
|switch|p1b: Pink Pony Club|Meganium, L50, F, shiny|100/100
|switch|p2a: Tyranitar|Tyranitar, L50, F, shiny|100/100
|switch|p2b: Grimmsnarl|Grimmsnarl, L50, M, shiny|100/100
|-weather|RainDance|[from] ability: Drizzle|[of] p1a: Pelipper
|-weather|Sandstorm|[from] ability: Sand Stream|[of] p2a: Tyranitar
|turn|1
|c|☆Oldcow|may hurricane na
|l|☆Oldcow
|player|p2|
|j|☆Oldcow
|player|p2|Oldcow|shadowtriad|
|c|☆KyleTampy|Yeah bad trip na wala eh
|c|☆KyleTampy|Slight changes
|
|t:|1784567829
|switch|p1a: Archaludon|Archaludon, L50, M|100/100
|detailschange|p1b: Pink Pony Club|Meganium-Mega, L50, F, shiny
|-mega|p1b: Pink Pony Club|Meganium|Meganiumite
|move|p2b: Grimmsnarl|Light Screen|p2b: Grimmsnarl
|-sidestart|p2: Oldcow|move: Light Screen
|move|p1b: Pink Pony Club|Dazzling Gleam|p2a: Tyranitar|[spread] p2a,p2b
|-supereffective|p2a: Tyranitar|1
|-supereffective|p2b: Grimmsnarl|1
|-damage|p2a: Tyranitar|60/100
|-damage|p2b: Grimmsnarl|56/100
|move|p2a: Tyranitar|Rock Slide|p1a: Archaludon|[spread] p1a,p1b
|-resisted|p1a: Archaludon|1
|-damage|p1a: Archaludon|87/100
|-damage|p1b: Pink Pony Club|72/100
|-ability|p1a: Archaludon|Stamina|boost
|-boost|p1a: Archaludon|def|1
|
|-weather|Sandstorm|[upkeep]
|-damage|p1b: Pink Pony Club|66/100|[from] Sandstorm
|-damage|p2b: Grimmsnarl|50/100g|[from] Sandstorm
|-heal|p1a: Archaludon|93/100|[from] item: Leftovers
|upkeep
|turn|2
|
|t:|1784567860
|move|p2a: Tyranitar|Protect|p2a: Tyranitar
|-singleturn|p2a: Tyranitar|Protect
|move|p2b: Grimmsnarl|Parting Shot|p1a: Archaludon
|-unboost|p1a: Archaludon|atk|1
|-unboost|p1a: Archaludon|spa|1
|
|t:|1784567865
|switch|p2b: Staraptor|Staraptor, L50, F, shiny|100/100|[from] Parting Shot
|-ability|p2b: Staraptor|Intimidate|boost
|-unboost|p1a: Archaludon|atk|1
|-unboost|p1b: Pink Pony Club|atk|1
|move|p1a: Archaludon|Flash Cannon|p2b: Staraptor
|-damage|p2b: Staraptor|72/100
|move|p1b: Pink Pony Club|Solar Beam||[still]
|-prepare|p1b: Pink Pony Club|Solar Beam
|-activate|p1b: Pink Pony Club|ability: Mega Sol
|-anim|p1b: Pink Pony Club|Solar Beam|p2a: Tyranitar
|-activate|p2a: Tyranitar|move: Protect
|
|-weather|Sandstorm|[upkeep]
|-damage|p2b: Staraptor|66/100|[from] Sandstorm
|-damage|p1b: Pink Pony Club|60/100|[from] Sandstorm
|-heal|p1a: Archaludon|100/100|[from] item: Leftovers
|upkeep
|turn|3
|
|t:|1784567902
|switch|p1b: Pelipper|Pelipper, L50, F, shiny|100/100
|-weather|RainDance|[from] ability: Drizzle|[of] p1b: Pelipper
|detailschange|p2b: Staraptor|Staraptor-Mega, L50, F, shiny
|-mega|p2b: Staraptor|Staraptor|Staraptite
|move|p2b: Staraptor|Brave Bird|p1a: Archaludon
|-resisted|p1a: Archaludon|1
|-damage|p1a: Archaludon|85/100
|-ability|p1a: Archaludon|Stamina|boost
|-boost|p1a: Archaludon|def|1
|-damage|p2b: Staraptor|61/100|[from] Recoil
|move|p1a: Archaludon|Electro Shot||[still]
|-prepare|p1a: Archaludon|Electro Shot
|-boost|p1a: Archaludon|spa|1
|-anim|p1a: Archaludon|Electro Shot|p2b: Staraptor
|-supereffective|p2b: Staraptor|1
|-damage|p2b: Staraptor|5/100
|move|p2a: Tyranitar|Knock Off|p1a: Archaludon
|-damage|p1a: Archaludon|65/100
|-ability|p1a: Archaludon|Stamina|boost
|-boost|p1a: Archaludon|def|1
|-enditem|p1a: Archaludon|Leftovers|[from] move: Knock Off|[of] p2a: Tyranitar
|
|-weather|RainDance|[upkeep]
|upkeep
|turn|4
|c|☆Oldcow|whoops
|c|☆Oldcow|wrong move
|c|☆Oldcow|hahahhaa
|c|☆Oldcow|misclick
|c|☆KyleTampy|Oof?
|c|☆KyleTampy|I see
|c|☆KyleTampy|Ingat XD
|
|t:|1784567948
|switch|p2b: Drampa|Drampa, L50, F|100/100
|-ability|p2b: Drampa|Cloud Nine
|switch|p2a: Grimmsnarl|Grimmsnarl, L50, M, shiny|50/100g
|move|p1a: Archaludon|Dragon Pulse|p2a: Grimmsnarl
|-immune|p2a: Grimmsnarl
|move|p1b: Pelipper|Hurricane|p2b: Drampa
|-damage|p2b: Drampa|72/100
|
|-weather|RainDance|[upkeep]
|-heal|p2b: Drampa|78/100|[from] item: Leftovers
|upkeep
|turn|5
|
|t:|1784567972
|move|p2a: Grimmsnarl|Parting Shot|p1a: Archaludon
|-unboost|p1a: Archaludon|atk|1
|-unboost|p1a: Archaludon|spa|1
|
|t:|1784567979
|switch|p2a: Tyranitar|Tyranitar, L50, F, shiny|60/100|[from] Parting Shot
|-weather|Sandstorm|[from] ability: Sand Stream|[of] p2a: Tyranitar
|move|p1a: Archaludon|Electro Shot||[still]
|-prepare|p1a: Archaludon|Electro Shot
|-boost|p1a: Archaludon|spa|1
|move|p1b: Pelipper|Hurricane|p2b: Drampa|[miss]
|-miss|p1b: Pelipper|p2b: Drampa
|move|p2b: Drampa|Earth Power|p1a: Archaludon
|-supereffective|p1a: Archaludon|1
|-damage|p1a: Archaludon|0 fnt
|faint|p1a: Archaludon
|
|-weather|Sandstorm|[upkeep]
|-heal|p2b: Drampa|84/100|[from] item: Leftovers
|upkeep
|c|☆KyleTampy|Aray
|
|t:|1784567993
|switch|p1a: Basculegion|Basculegion, L50, M|100/100
|turn|6
|c|☆Oldcow|damn
|c|☆Oldcow|wasnt expecting that to kill
|c|☆KyleTampy|Same
|
|t:|1784568021
|switch|p1b: Pink Pony Club|Meganium-Mega, L50, F, shiny|60/100
|move|p1a: Basculegion|Wave Crash|p2a: Tyranitar
|-supereffective|p2a: Tyranitar|1
|-enditem|p2a: Tyranitar|Passho Berry|[eat]
|-enditem|p2a: Tyranitar|Passho Berry|[weaken]
|-damage|p2a: Tyranitar|1/100
|-damage|p1a: Basculegion|80/100|[from] Recoil
|move|p2a: Tyranitar|Rock Slide|p1b: Pink Pony Club|[spread] p1a,p1b
|-damage|p1a: Basculegion|38/100
|-damage|p1b: Pink Pony Club|33/100
|move|p2b: Drampa|Flamethrower|p1a: Basculegion
|-resisted|p1a: Basculegion|1
|-damage|p1a: Basculegion|21/100
|
|-weather|Sandstorm|[upkeep]
|-heal|p2b: Drampa|90/100|[from] item: Leftovers
|upkeep
|turn|7
|c|☆Oldcow|whahahaha
|c|☆Oldcow|akala ko flip turn
|c|☆KyleTampy|Di pa, may drampa eh
|
|t:|1784568066
|switch|p1a: Pelipper|Pelipper, L50, F, shiny|100/100
|-weather|RainDance|[from] ability: Drizzle|[of] p1a: Pelipper
|switch|p2a: Staraptor|Staraptor-Mega, L50, F, shiny|5/100
|move|p1b: Pink Pony Club|Dazzling Gleam|p2b: Drampa|[spread] p2a,p2b
|-supereffective|p2a: Staraptor|1
|-supereffective|p2b: Drampa|1
|-damage|p2a: Staraptor|0 fnt
|-damage|p2b: Drampa|44/100
|faint|p2a: Staraptor
|move|p2b: Drampa|Flamethrower|p1b: Pink Pony Club
|-supereffective|p1b: Pink Pony Club|1
|-damage|p1b: Pink Pony Club|0 fnt
|faint|p1b: Pink Pony Club
|
|-weather|RainDance|[upkeep]
|-heal|p2b: Drampa|50/100g|[from] item: Leftovers
|upkeep
|c|☆Oldcow|yehey
|c|☆KyleTampy|Di ba
|c|☆KyleTampy|Sakit
|
|t:|1784568089
|switch|p2a: Tyranitar|Tyranitar, L50, F, shiny|1/100
|switch|p1b: Basculegion|Basculegion, L50, M|21/100
|-weather|Sandstorm|[from] ability: Sand Stream|[of] p2a: Tyranitar
|turn|8
|
|t:|1784568138
|move|p1b: Basculegion|Wave Crash|p2a: Tyranitar
|-supereffective|p2a: Tyranitar|1
|-damage|p2a: Tyranitar|0 fnt
|faint|p2a: Tyranitar
|-damage|p1b: Basculegion|20/100y|[from] Recoil
|move|p1a: Pelipper|Hurricane|p2b: Drampa|[miss]
|-miss|p1a: Pelipper|p2b: Drampa
|move|p2b: Drampa|Earth Power|p1b: Basculegion
|-damage|p1b: Basculegion|0 fnt
|faint|p1b: Basculegion
|
|-weather|Sandstorm|[upkeep]
|-heal|p2b: Drampa|56/100|[from] item: Leftovers
|-sideend|p2: Oldcow|move: Light Screen
|upkeep
|c|☆KyleTampy|Sarap
|
|t:|1784568158
|switch|p2a: Grimmsnarl|Grimmsnarl, L50, M, shiny|50/100g
|turn|9
|c|☆Oldcow|ok i keep ep
|c|☆KyleTampy|2 for 2 peli let's go
|c|☆Oldcow|lmao
|
|t:|1784568186
|move|p2a: Grimmsnarl|Light Screen|p2a: Grimmsnarl
|-sidestart|p2: Oldcow|move: Light Screen
|move|p1a: Pelipper|Hurricane|p2b: Drampa|[miss]
|-miss|p1a: Pelipper|p2b: Drampa
|move|p2b: Drampa|Hyper Voice|p1a: Pelipper
|-damage|p1a: Pelipper|40/100
|
|-weather|Sandstorm|[upkeep]
|-heal|p2b: Drampa|62/100|[from] item: Leftovers
|upkeep
|turn|10
|c|☆KyleTampy|Ito rin ginawa ko sa kalaban ko last week eh
|c|☆KyleTampy|3 FOR 3 LET'S GO
|
|t:|1784568202
|move|p2a: Grimmsnarl|Parting Shot|p1a: Pelipper
|-unboost|p1a: Pelipper|atk|1
|-unboost|p1a: Pelipper|spa|1
|move|p1a: Pelipper|Hurricane|p2b: Drampa|[miss]
|-miss|p1a: Pelipper|p2b: Drampa
|move|p2b: Drampa|Hyper Voice|p1a: Pelipper
|-damage|p1a: Pelipper|0 fnt
|faint|p1a: Pelipper
|
|win|Oldcow
|c|☆Oldcow|letsgooooo
|c|☆KyleTampy|YOWN
|c|☆Oldcow|4 for 3
|c|☆KyleTampy|4
|c|☆Oldcow|4 for 4
|inactive|KyleTampy has 30 seconds to confirm battle start!
|inactive|Oldcow has 30 seconds to confirm battle start!
||Oldcow is ready for game 2.
|c|☆KyleTampy|👏
||KyleTampy is ready for game 2.
|uhtml|next|Next: Game 2 of 3
|c|☆Oldcow|wow may emoji
