|j|☆MarzipanTheFirst
|j|☆cholo haramball
|html|MarzipanTheFirstcholo haramball    
|uhtml|bestof|Game 1 of a best-of-3
|t:|1785917909
|gametype|doubles
|player|p1|MarzipanTheFirst|wallace|1121
|player|p2|cholo haramball|adaman|1218
|gen|9
|tier|[Gen 9 Champions] VGC 2026 Reg M-B (Bo3)
|rated|
|rule|Species Clause: Limit one of each Pokémon
|rule|Item Clause: Limit 1 of each item
|clearpoke
|poke|p1|Dragalge, L50, M|
|poke|p1|Mamoswine, L50, M|
|poke|p1|Aerodactyl, L50, M|
|poke|p1|Lopunny, L50, F|
|poke|p1|Kingambit, L50, F|
|poke|p1|Sinistcha-Masterpiece, L50|
|poke|p2|Raichu, L50, M|
|poke|p2|Milotic, L50, F|
|poke|p2|Ceruledge, L50, F|
|poke|p2|Incineroar, L50, M|
|poke|p2|Gengar, L50, F|
|poke|p2|Ninetales-Alola, L50, M|
|teampreview|4
|showteam|p1|Dragalge||Dragalgite|Adaptability|DracoMeteor,FlipTurn,SludgeBomb,Protect|Modest||M|||50|]Mamoswine||LifeOrb|Oblivious|IceShard,HighHorsepower,IcicleCrash,Protect|Adamant||M|||50|]Aerodactyl||FocusSash|Unnerve|RockSlide,DualWingbeat,Tailwind,Protect|Jolly||M|||50|]Lopunny||Lopunnite|CuteCharm|CloseCombat,TripleAxel,Pounce,FakeOut|Jolly||F|||50|]Kingambit||BlackGlasses|Defiant|KowtowCleave,SuckerPunch,IronHead,Protect|Adamant||F|||50|]Sinistcha-Masterpiece||ColburBerry|Hospitality|MatchaGotcha,RagePowder,TrickRoom,Protect|Bold|||||50|
|showteam|p2|Raichu||RaichuniteY|LightningRod|ZapCannon,FocusBlast,FakeOut,Protect|Timid||M|||50|]Milotic||Leftovers|Competitive|MuddyWater,Hypnosis,Coil,Recover|Calm||F|||50|]Ceruledge||ColburBerry|FlashFire|BitterBlade,ShadowSneak,BulkUp,Protect|Adamant||F|||50|]Incineroar||SitrusBerry|Intimidate|FlareBlitz,FakeOut,PartingShot,Protect|Sassy||M|||50|]Gengar||Gengarite|CursedBody|ShadowBall,PerishSong,Disable,Protect|Modest||F|||50|]Ninetales-Alola||NeverMeltIce|SnowWarning|Blizzard,FreezeDry,Encore,Protect|Timid||M|||50|
|inactive|Battle timer is ON: inactive players will automatically lose when time's up. (requested by cholo haramball)
|inactive|cholo haramball has 60 seconds left.
|inactive|cholo haramball has 30 seconds left.
|
|t:|1785917973
|teamsize|p1|4
|teamsize|p2|4
|start
|switch|p1a: Mamoswine|Mamoswine, L50, M|100/100
|switch|p1b: Kingambit|Kingambit, L50, F|100/100
|switch|p2a: Incineroar|Incineroar, L50, M|100/100
|switch|p2b: Milotic|Milotic, L50, F|100/100
|-ability|p2a: Incineroar|Intimidate|boost
|-fail|p1a: Mamoswine|unboost|Attack|[from] ability: Oblivious|[of] p1a: Mamoswine
|-unboost|p1b: Kingambit|atk|1
|-ability|p1b: Kingambit|Defiant|boost
|-boost|p1b: Kingambit|atk|2
|turn|1
|
|t:|1785917988
|move|p1a: Mamoswine|Protect|p1a: Mamoswine
|-singleturn|p1a: Mamoswine|Protect
|move|p1b: Kingambit|Protect|p1b: Kingambit
|-singleturn|p1b: Kingambit|Protect
|move|p2a: Incineroar|Fake Out|p1b: Kingambit
|-activate|p1b: Kingambit|move: Protect
|move|p2b: Milotic|Coil|p2b: Milotic
|-boost|p2b: Milotic|atk|1
|-boost|p2b: Milotic|def|1
|-boost|p2b: Milotic|accuracy|1
|
|upkeep
|turn|2
|
|t:|1785918002
|move|p1a: Mamoswine|High Horsepower|p2a: Incineroar
|-supereffective|p2a: Incineroar|1
|-damage|p2a: Incineroar|0 fnt
|faint|p2a: Incineroar
|-damage|p1a: Mamoswine|90/100|[from] item: Life Orb
|move|p2b: Milotic|Coil|p2b: Milotic
|-boost|p2b: Milotic|atk|1
|-boost|p2b: Milotic|def|1
|-boost|p2b: Milotic|accuracy|1
|move|p1b: Kingambit|Kowtow Cleave|p2b: Milotic
|-damage|p2b: Milotic|62/100
|
|-heal|p2b: Milotic|68/100|[from] item: Leftovers
|upkeep
|
|t:|1785918015
|switch|p2a: Raichu|Raichu, L50, M|100/100
|turn|3
|
|t:|1785918025
|detailschange|p2a: Raichu|Raichu-Mega-Y, L50, M
|-mega|p2a: Raichu|Raichu|Raichunite Y
|move|p2a: Raichu|Fake Out|p1a: Mamoswine
|-damage|p1a: Mamoswine|80/100
|cant|p1a: Mamoswine|flinch
|move|p2b: Milotic|Hypnosis|p1b: Kingambit
|-status|p1b: Kingambit|slp|[from] move: Hypnosis
|cant|p1b: Kingambit|slp
|
|-heal|p2b: Milotic|74/100|[from] item: Leftovers
|upkeep
|turn|4
|l|☆MarzipanTheFirst
|inactive|MarzipanTheFirst disconnected and has a minute to reconnect!
|player|p1|
|
|t:|1785918045
|-curestatus|p1b: Kingambit|slp|[msg]
|move|p1b: Kingambit|Sucker Punch|p2a: Raichu
|-crit|p2a: Raichu
|-damage|p2a: Raichu|0 fnt
|faint|p2a: Raichu
|move|p1a: Mamoswine|High Horsepower|p2b: Milotic|[miss]
|-miss|p1a: Mamoswine|p2b: Milotic
|move|p2b: Milotic|Muddy Water|p1a: Mamoswine|[spread] p1a,p1b
|-supereffective|p1a: Mamoswine|1
|-damage|p1a: Mamoswine|24/100
|-damage|p1b: Kingambit|77/100
|-unboost|p1a: Mamoswine|accuracy|1
|
|-heal|p2b: Milotic|80/100|[from] item: Leftovers
|upkeep
|
|t:|1785918049
|switch|p2a: Ceruledge|Ceruledge, L50, F|100/100
|turn|5
|j|☆MarzipanTheFirst
|inactive|MarzipanTheFirst reconnected and has 55 seconds left.
|player|p1|MarzipanTheFirst|wallace|
|c|☆MarzipanTheFirst|My goat gambit
|inactive|MarzipanTheFirst has 30 seconds left.
|inactive|MarzipanTheFirst has 20 seconds left.
|
|t:|1785918087
|move|p1a: Mamoswine|High Horsepower|p2a: Ceruledge
|-supereffective|p2a: Ceruledge|1
|-damage|p2a: Ceruledge|0 fnt
|faint|p2a: Ceruledge
|-damage|p1a: Mamoswine|14/100|[from] item: Life Orb
|move|p2b: Milotic|Hypnosis|p1b: Kingambit
|-status|p1b: Kingambit|slp|[from] move: Hypnosis
|cant|p1b: Kingambit|slp
|
|-heal|p2b: Milotic|86/100|[from] item: Leftovers
|upkeep
|turn|6
|
|t:|1785918100
|move|p1a: Mamoswine|High Horsepower|p2b: Milotic
|-damage|p2b: Milotic|53/100
|-damage|p1a: Mamoswine|4/100|[from] item: Life Orb
|move|p2b: Milotic|Muddy Water|p1b: Kingambit|[spread] p1a,p1b
|-supereffective|p1a: Mamoswine|1
|-damage|p1a: Mamoswine|0 fnt
|-damage|p1b: Kingambit|57/100 slp
|faint|p1a: Mamoswine
|cant|p1b: Kingambit|slp
|
|-heal|p2b: Milotic|59/100|[from] item: Leftovers
|upkeep
|
|t:|1785918105
|switch|p1a: Dragalge|Dragalge, L50, M|100/100
|turn|7
|
|t:|1785918110
|move|p2b: Milotic|Hypnosis|p1a: Dragalge
|-status|p1a: Dragalge|slp|[from] move: Hypnosis
|cant|p1a: Dragalge|slp
|-curestatus|p1b: Kingambit|slp|[msg]
|move|p1b: Kingambit|Kowtow Cleave|p2b: Milotic
|-damage|p2b: Milotic|25/100
|
|-heal|p2b: Milotic|31/100|[from] item: Leftovers
|upkeep
|turn|8
|
|t:|1785918122
|move|p2b: Milotic|Hypnosis|p1b: Kingambit
|-status|p1b: Kingambit|slp|[from] move: Hypnosis
|cant|p1a: Dragalge|slp
|cant|p1b: Kingambit|slp
|
|-heal|p2b: Milotic|37/100|[from] item: Leftovers
|upkeep
|turn|9
|
|t:|1785918130
|move|p2b: Milotic|Recover|p2b: Milotic
|-heal|p2b: Milotic|87/100
|-curestatus|p1a: Dragalge|slp|[msg]
|move|p1a: Dragalge|Draco Meteor|p2b: Milotic
|-damage|p2b: Milotic|38/100
|-unboost|p1a: Dragalge|spa|2
|cant|p1b: Kingambit|slp
|
|-heal|p2b: Milotic|44/100|[from] item: Leftovers
|upkeep
|turn|10
|
|t:|1785918142
|move|p2b: Milotic|Recover|p2b: Milotic
|-heal|p2b: Milotic|94/100
|move|p1a: Dragalge|Draco Meteor|p2b: Milotic
|-damage|p2b: Milotic|69/100
|-unboost|p1a: Dragalge|spa|2
|-curestatus|p1b: Kingambit|slp|[msg]
|move|p1b: Kingambit|Kowtow Cleave|p2b: Milotic
|-damage|p2b: Milotic|35/100
|
|-heal|p2b: Milotic|41/100|[from] item: Leftovers
|upkeep
|turn|11
|
|t:|1785918150
|move|p2b: Milotic|Hypnosis|p1b: Kingambit
|-status|p1b: Kingambit|slp|[from] move: Hypnosis
|move|p1a: Dragalge|Flip Turn|p2b: Milotic
|-resisted|p2b: Milotic|1
|-damage|p2b: Milotic|39/100
|
|t:|1785918155
|switch|p1a: Aerodactyl|Aerodactyl, L50, M|100/100|[from] Flip Turn
|-ability|p1a: Aerodactyl|Unnerve
|cant|p1b: Kingambit|slp
|
|-heal|p2b: Milotic|45/100|[from] item: Leftovers
|upkeep
|turn|12
|
|t:|1785918161
|move|p1a: Aerodactyl|Dual Wingbeat|p2b: Milotic
|-damage|p2b: Milotic|36/100
|-damage|p2b: Milotic|28/100
|-hitcount|p2b: Milotic|2
|move|p2b: Milotic|Muddy Water|p1b: Kingambit|[spread] p1a,p1b
|-supereffective|p1a: Aerodactyl|1
|-damage|p1a: Aerodactyl|35/100
|-damage|p1b: Kingambit|36/100 slp
|-unboost|p1a: Aerodactyl|accuracy|1
|-curestatus|p1b: Kingambit|slp|[msg]
|move|p1b: Kingambit|Kowtow Cleave|p2b: Milotic
|-damage|p2b: Milotic|0 fnt
|faint|p2b: Milotic
|
|win|MarzipanTheFirst
||cholo haramball is ready for game 2.
|inactive|MarzipanTheFirst has 30 seconds to confirm battle start!
