|j|☆justin tang1234
|j|‽ajin22
|html|justin tang1234ajin22    
|uhtml|bestof|Game 1 of a best-of-3
|t:|1784952211
|gametype|doubles
|player|p1|justin tang1234|101|1174
|player|p2|ajin22|2|1218
|gen|9
|tier|[Gen 9 Champions] VGC 2026 Reg M-B (Bo3)
|rated|
|rule|Species Clause: Limit one of each Pokémon
|rule|Item Clause: Limit 1 of each item
|clearpoke
|poke|p1|Charizard, L50, F|
|poke|p1|Grimmsnarl, L50, M|
|poke|p1|Pelipper, L50, F|
|poke|p1|Archaludon, L50, M|
|poke|p1|Basculegion, L50, M|
|poke|p1|Venusaur, L50, F|
|poke|p2|Raichu, L50, F|
|poke|p2|Gholdengo, L50|
|poke|p2|Garchomp, L50, M|
|poke|p2|Incineroar, L50, M|
|poke|p2|Milotic, L50, F|
|poke|p2|Whimsicott, L50, F|
|teampreview|4
|showteam|p1|Charizard||CharizarditeY|Blaze|HeatWave,WeatherBall,HelpingHand,Protect|Modest||F|||50|]Grimmsnarl||LightClay|Prankster|SpiritBreak,Reflect,LightScreen,PartingShot|Sassy||M|||50|]Pelipper||SitrusBerry|Drizzle|WeatherBall,Hurricane,Tailwind,WideGuard|Modest||F|||50|]Archaludon||Leftovers|Stamina|FlashCannon,DragonPulse,ElectroShot,Protect|Calm||M|||50|]Basculegion||ChoiceScarf|Adaptability|WaveCrash,AquaJet,LastRespects,FlipTurn|Jolly||M|||50|]Venusaur||FocusSash|Chlorophyll|SludgeBomb,LeafStorm,SleepPowder,Protect|Modest||F|||50|
|showteam|p2|Raichu||RaichuniteY|LightningRod|ZapCannon,FocusBlast,Protect,FakeOut|Timid||F|||50|]Gholdengo||SpellTag|GoodasGold|NastyPlot,ShadowBall,Protect,MakeItRain|Modest|||||50|]Garchomp||LifeOrb|RoughSkin|Earthquake,RockSlide,Protect,DragonClaw|Adamant||M|||50|]Incineroar||SitrusBerry|Intimidate|FakeOut,FlareBlitz,DarkestLariat,PartingShot|Impish||M|||50|]Milotic||Leftovers|Competitive|Coil,HydroPump,Hypnosis,Recover|Calm||F|||50|]Whimsicott||FocusSash|Prankster|Tailwind,Moonblast,Encore,Protect|Timid||F|||50|
|inactive|Battle timer is ON: inactive players will automatically lose when time's up. (requested by justin tang1234)
|
|t:|1784952243
|teamsize|p1|4
|teamsize|p2|4
|start
|switch|p1a: Basculegion|Basculegion, L50, M|100/100
|switch|p1b: Pelipper|Pelipper, L50, F|100/100
|switch|p2a: Raichu|Raichu, L50, F|100/100
|switch|p2b: Milotic|Milotic, L50, F|100/100
|-weather|RainDance|[from] ability: Drizzle|[of] p1b: Pelipper
|turn|1
|
|t:|1784952257
|move|p2a: Raichu|Protect|p2a: Raichu
|-singleturn|p2a: Raichu|Protect
|move|p1a: Basculegion|Wave Crash|p2a: Raichu
|-activate|p2a: Raichu|move: Protect
|move|p2b: Milotic|Hypnosis|p1a: Basculegion
|-status|p1a: Basculegion|slp|[from] move: Hypnosis
|move|p1b: Pelipper|Tailwind|p1b: Pelipper
|-sidestart|p1: justin tang1234|move: Tailwind
|
|-weather|RainDance|[upkeep]
|upkeep
|turn|2
|
|t:|1784952270
|switch|p1a: Archaludon|Archaludon, L50, M|100/100
|detailschange|p2a: Raichu|Raichu-Mega-Y, L50, F
|-mega|p2a: Raichu|Raichu|Raichunite Y
|move|p2a: Raichu|Zap Cannon|p1a: Archaludon
|-resisted|p1a: Archaludon|1
|-damage|p1a: Archaludon|69/100
|-status|p1a: Archaludon|par
|-ability|p1a: Archaludon|Stamina|boost
|-boost|p1a: Archaludon|def|1
|move|p1b: Pelipper|Weather Ball|p2a: Raichu
|-damage|p2a: Raichu|9/100
|move|p2b: Milotic|Coil|p2b: Milotic
|-boost|p2b: Milotic|atk|1
|-boost|p2b: Milotic|def|1
|-boost|p2b: Milotic|accuracy|1
|
|-weather|RainDance|[upkeep]
|-heal|p1a: Archaludon|75/100 par|[from] item: Leftovers
|upkeep
|turn|3
|inactive|justin tang1234 has 30 seconds left.
|inactive|justin tang1234 has 20 seconds left.
|inactive|justin tang1234 has 15 seconds left.
|inactive|justin tang1234 has 10 seconds left.
|
|t:|1784952316
|move|p2a: Raichu|Protect|p2a: Raichu
|-singleturn|p2a: Raichu|Protect
|move|p1b: Pelipper|Hurricane|p2b: Milotic
|-damage|p2b: Milotic|72/100
|move|p1a: Archaludon|Electro Shot||[still]
|-prepare|p1a: Archaludon|Electro Shot
|-boost|p1a: Archaludon|spa|1
|-anim|p1a: Archaludon|Electro Shot|p2a: Raichu
|-activate|p2a: Raichu|move: Protect
|move|p2b: Milotic|Hypnosis|p1b: Pelipper
|-status|p1b: Pelipper|slp|[from] move: Hypnosis
|
|-weather|RainDance|[upkeep]
|-heal|p1a: Archaludon|81/100 par|[from] item: Leftovers
|-heal|p2b: Milotic|78/100|[from] item: Leftovers
|upkeep
|turn|4
|
|t:|1784952334
|move|p2a: Raichu|Zap Cannon|p1b: Pelipper
|-supereffective|p1b: Pelipper|2
|-damage|p1b: Pelipper|0 fnt
|faint|p1b: Pelipper
|move|p1a: Archaludon|Electro Shot||[still]
|-prepare|p1a: Archaludon|Electro Shot
|-boost|p1a: Archaludon|spa|1
|-anim|p1a: Archaludon|Electro Shot|p2b: Milotic
|-supereffective|p2b: Milotic|1
|-damage|p2b: Milotic|0 fnt
|faint|p2b: Milotic
|
|-weather|RainDance|[upkeep]
|-heal|p1a: Archaludon|87/100 par|[from] item: Leftovers
|-sideend|p1: justin tang1234|move: Tailwind
|upkeep
|
|t:|1784952340
|switch|p2b: Whimsicott|Whimsicott, L50, F|100/100
|switch|p1b: Basculegion|Basculegion, L50, M|100/100 slp
|turn|5
|
|t:|1784952360
|cant|p1b: Basculegion|slp
|move|p2a: Raichu|Focus Blast|p1a: Archaludon
|-supereffective|p1a: Archaludon|1
|-damage|p1a: Archaludon|0 fnt
|faint|p1a: Archaludon
|move|p2b: Whimsicott|Moonblast|p1b: Basculegion
|-damage|p1b: Basculegion|56/100 slp
|
|-weather|none
|upkeep
|
|t:|1784952362
|switch|p1a: Charizard|Charizard, L50, F|100/100
|turn|6
|
|t:|1784952377
|detailschange|p1a: Charizard|Charizard-Mega-Y, L50, F
|-mega|p1a: Charizard|Charizard|Charizardite Y
|-weather|SunnyDay|[from] ability: Drought|[of] p1a: Charizard
|cant|p1b: Basculegion|slp
|move|p2b: Whimsicott|Tailwind|p2b: Whimsicott
|-sidestart|p2: ajin22|move: Tailwind
|move|p2a: Raichu|Zap Cannon|p1b: Basculegion
|-supereffective|p1b: Basculegion|1
|-damage|p1b: Basculegion|0 fnt
|faint|p1b: Basculegion
|move|p1a: Charizard|Weather Ball|p2b: Whimsicott
|-supereffective|p2b: Whimsicott|1
|-enditem|p2b: Whimsicott|Focus Sash
|-damage|p2b: Whimsicott|1/100
|
|-weather|SunnyDay|[upkeep]
|upkeep
|turn|7
|-message|justin tang1234 forfeited.
|
|win|ajin22
|l|☆justin tang1234
|player|p1|
|j|☆justin tang1234
|player|p1|justin tang1234|101|
