|j|☆raineyatwork
|j|☆Hudie EU
|html|raineyatworkHudie EU    
|uhtml|bestof|Game 1 of a best-of-3
|t:|1784150622
|gametype|doubles
|player|p1|raineyatwork|170|
|player|p2|Hudie EU|hilda|
|gen|9
|tier|[Gen 9 Champions] VGC 2026 Reg M-B (Bo3)
|rule|Species Clause: Limit one of each Pokémon
|rule|Item Clause: Limit 1 of each item
|clearpoke
|poke|p1|Metagross, L50|
|poke|p1|Basculegion, L50, M|
|poke|p1|Blaziken, L50, F|
|poke|p1|Politoed, L50, M|
|poke|p1|Tsareena, L50, F|
|poke|p1|Kingambit, L50, F|
|poke|p2|Charizard, L50, F, shiny|
|poke|p2|Venusaur, L50, F, shiny|
|poke|p2|Grimmsnarl, L50, M, shiny|
|poke|p2|Pelipper, L50, M, shiny|
|poke|p2|Basculegion, L50, M, shiny|
|poke|p2|Archaludon, L50, F, shiny|
|teampreview|4
|showteam|p1|Metagross||Metagrossite|ClearBody|IronHead,PsychicFangs,StompingTantrum,Protect|Jolly|||||50|]Basculegion||LifeOrb|Adaptability|WaveCrash,LastRespects,AquaJet,Protect|Jolly||M|||50|]Blaziken||FocusSash|SpeedBoost|Overheat,AuraSphere,Coaching,Detect|Modest||F|||50|]Politoed||SitrusBerry|Drizzle|WeatherBall,IceBeam,PerishSong,Protect|Bold||M|||50|]Tsareena||ChoiceScarf|QueenlyMajesty|TropKick,TripleAxel,LowKick,Uturn|Jolly||F|||50|]Kingambit||BlackGlasses|Defiant|KowtowCleave,SuckerPunch,SwordsDance,Protect|Brave||F|||50|
|showteam|p2|Charizard||CharizarditeY|SolarPower|HeatWave,WeatherBall,SolarBeam,Protect|Modest||F|||50|]Venusaur||FocusSash|Chlorophyll|GigaDrain,SludgeBomb,EarthPower,SleepPowder|Modest||F|||50|]Grimmsnarl||LightClay|Prankster|SpiritBreak,Reflect,LightScreen,PartingShot|Careful||M|||50|]Pelipper||SitrusBerry|Drizzle|WeatherBall,Hurricane,Tailwind,WideGuard|Modest||M|||50|]Basculegion||ChoiceScarf|Adaptability|WaveCrash,LastRespects,AquaJet,FlipTurn|Jolly||M|||50|]Archaludon||Leftovers|Stamina|FlashCannon,DragonPulse,ElectroShot,Protect|Modest||F|||50|
|inactive|Battle timer is ON: inactive players will automatically lose when time's up. (requested by Hudie EU)
|inactiveoff|Battle timer is now OFF.
|j| Cos(wt)
|c|☆raineyatwork|gl hf!
|c|☆Hudie EU|glhf
|
|t:|1784150721
|teamsize|p1|4
|teamsize|p2|4
|start
|switch|p1a: Blaziken|Blaziken, L50, F|100/100
|switch|p1b: Basculegion|Basculegion, L50, M|100/100
|switch|p2a: The *BOY*|Charizard, L50, F, shiny|100/100
|switch|p2b: Tower Defense|Venusaur, L50, F, shiny|100/100
|turn|1
|
|t:|1784150768
|move|p2a: The *BOY*|Protect|p2a: The *BOY*
|-singleturn|p2a: The *BOY*|Protect
|move|p1b: Basculegion|Protect|p1b: Basculegion
|-singleturn|p1b: Basculegion|Protect
|move|p1a: Blaziken|Overheat|p2b: Tower Defense
|-supereffective|p2b: Tower Defense|1
|-enditem|p2b: Tower Defense|Focus Sash
|-damage|p2b: Tower Defense|1/100
|-unboost|p1a: Blaziken|spa|2
|move|p2b: Tower Defense|Giga Drain|p1b: Basculegion
|-activate|p1b: Basculegion|move: Protect
|
|-ability|p1a: Blaziken|Speed Boost|boost
|-boost|p1a: Blaziken|spe|1
|upkeep
|turn|2
|j| dingle bong
|
|t:|1784150807
|detailschange|p2a: The *BOY*|Charizard-Mega-Y, L50, F, shiny
|-mega|p2a: The *BOY*|Charizard|Charizardite Y
|-weather|SunnyDay|[from] ability: Drought|[of] p2a: The *BOY*
|move|p1b: Basculegion|Aqua Jet|p2b: Tower Defense
|-resisted|p2b: Tower Defense|1
|-damage|p2b: Tower Defense|0 fnt
|faint|p2b: Tower Defense
|-damage|p1b: Basculegion|90/100|[from] item: Life Orb
|move|p1a: Blaziken|Coaching|p1b: Basculegion
|-boost|p1b: Basculegion|atk|1
|-boost|p1b: Basculegion|def|1
|move|p2a: The *BOY*|Solar Beam||[still]
|-prepare|p2a: The *BOY*|Solar Beam
|-anim|p2a: The *BOY*|Solar Beam|p1b: Basculegion
|-supereffective|p1b: Basculegion|1
|-damage|p1b: Basculegion|0 fnt
|faint|p1b: Basculegion
|
|-weather|SunnyDay|[upkeep]
|-ability|p1a: Blaziken|Speed Boost|boost
|-boost|p1a: Blaziken|spe|1
|upkeep
|
|t:|1784150825
|switch|p1b: Metagross|Metagross, L50|100/100
|switch|p2b: 5Head Plays|Basculegion, L50, M, shiny|100/100
|turn|3
|
|t:|1784150839
|switch|p1a: Politoed|Politoed, L50, M|100/100
|-weather|RainDance|[from] ability: Drizzle|[of] p1a: Politoed
|detailschange|p1b: Metagross|Metagross-Mega, L50
|-mega|p1b: Metagross|Metagross|Metagrossite
|move|p2b: 5Head Plays|Wave Crash|p1a: Politoed
|-resisted|p1a: Politoed|1
|-damage|p1a: Politoed|52/100
|-damage|p2b: 5Head Plays|84/100|[from] Recoil
|move|p1b: Metagross|Psychic Fangs|p2b: 5Head Plays
|-damage|p2b: 5Head Plays|18/100
|move|p2a: The *BOY*|Heat Wave|p1b: Metagross|[spread] p1a
|-miss|p2a: The *BOY*|p1b: Metagross
|-resisted|p1a: Politoed|1
|-crit|p1a: Politoed
|-damage|p1a: Politoed|38/100
|-enditem|p1a: Politoed|Sitrus Berry|[eat]
|-heal|p1a: Politoed|63/100|[from] item: Sitrus Berry
|
|-weather|RainDance|[upkeep]
|upkeep
|turn|4
|j| Lepotatochip
|
|t:|1784150867
|switch|p2a: BridgeTooFar|Archaludon, L50, F, shiny|100/100
|move|p1b: Metagross|Protect|p1b: Metagross
|-singleturn|p1b: Metagross|Protect
|move|p2b: 5Head Plays|Wave Crash|p1a: Politoed
|-resisted|p1a: Politoed|1
|-damage|p1a: Politoed|21/100
|-damage|p2b: 5Head Plays|5/100|[from] Recoil
|move|p1a: Politoed|Weather Ball|p2b: 5Head Plays
|-resisted|p2b: 5Head Plays|1
|-damage|p2b: 5Head Plays|0 fnt
|faint|p2b: 5Head Plays
|
|-weather|RainDance|[upkeep]
|upkeep
|
|t:|1784150878
|switch|p2b: The *BOY*|Charizard-Mega-Y, L50, F, shiny|100/100
|-weather|SunnyDay|[from] ability: Drought|[of] p2b: The *BOY*
|turn|5
|
|t:|1784150892
|move|p1b: Metagross|Protect||[still]
|-fail|p1b: Metagross
|move|p2b: The *BOY*|Weather Ball|p1b: Metagross
|-supereffective|p1b: Metagross|1
|-damage|p1b: Metagross|0 fnt
|faint|p1b: Metagross
|move|p2a: BridgeTooFar|Dragon Pulse|p1a: Politoed
|-damage|p1a: Politoed|0 fnt
|faint|p1a: Politoed
|
|-weather|SunnyDay|[upkeep]
|upkeep
|l| Lepotatochip
|
|t:|1784150903
|switch|p1b: Blaziken|Blaziken, L50, F|100/100
|turn|6
|j| Lepotatochip
|
|t:|1784150910
|move|p1b: Blaziken|Detect|p1b: Blaziken
|-singleturn|p1b: Blaziken|Protect
|move|p2b: The *BOY*|Weather Ball|p1b: Blaziken
|-activate|p1b: Blaziken|move: Protect
|move|p2a: BridgeTooFar|Dragon Pulse|p1b: Blaziken
|-activate|p1b: Blaziken|move: Protect
|
|-weather|SunnyDay|[upkeep]
|-ability|p1b: Blaziken|Speed Boost|boost
|-boost|p1b: Blaziken|spe|1
|upkeep
|turn|7
|
|t:|1784150916
|move|p1b: Blaziken|Aura Sphere|p2a: BridgeTooFar
|-supereffective|p2a: BridgeTooFar|1
|-damage|p2a: BridgeTooFar|21/100
|-ability|p2a: BridgeTooFar|Stamina|boost
|-boost|p2a: BridgeTooFar|def|1
|move|p2b: The *BOY*|Weather Ball|p1b: Blaziken
|-resisted|p1b: Blaziken|1
|-damage|p1b: Blaziken|28/100
|move|p2a: BridgeTooFar|Dragon Pulse|p1b: Blaziken
|-damage|p1b: Blaziken|0 fnt
|faint|p1b: Blaziken
|
|win|Hudie EU
||raineyatwork is ready for game 2.
||Hudie EU is ready for game 2.
|uhtml|next|Next: Game 2 of 3
|l| Lepotatochip
|j| Lepotatochip
|l| Lepotatochip
|l| Cos(wt)
