|j|☆Arkhept
|j|☆LaF101
|html|ArkheptLaF101    
|uhtml|bestof|Game 1 of a best-of-3
|t:|1757914627
|gametype|doubles
|player|p1|Arkhept|misty|1280
|player|p2|LaF101|rood|1150
|gen|9
|tier|[Gen 9] VGC 2025 Reg H (Bo3)
|rated|
|rule|Species Clause: Limit one of each Pokémon
|rule|Item Clause: Limit 1 of each item
|clearpoke
|poke|p1|Frosmoth, L50, F|
|poke|p1|Ninetales-Alola, L50, M|
|poke|p1|Incineroar, L50, F|
|poke|p1|Gholdengo, L50|
|poke|p1|Clefable, L50, F|
|poke|p1|Rillaboom, L50, M|
|poke|p2|Pelipper, L50, M|
|poke|p2|Archaludon, L50, F|
|poke|p2|Annihilape, L50, F|
|poke|p2|Maushold, L50|
|poke|p2|Sinistcha, L50|
|poke|p2|Kingambit, L50, F|
|teampreview|4
|showteam|p1|Frosmoth||Leftovers|IceScales|QuiverDance,Blizzard,TeraBlast,Protect|||F|||50|,,,,,Water]Ninetales-Alola||LightClay|SnowWarning|Blizzard,AuroraVeil,Disable,Encore|||M|||50|,,,,,Ghost]Incineroar||SafetyGoggles|Intimidate|FlareBlitz,KnockOff,FakeOut,PartingShot|||F|||50|,,,,,Ghost]Gholdengo||LifeOrb|GoodasGold|NastyPlot,MakeItRain,Protect,ShadowBall||||||50|,,,,,Steel]Clefable||SitrusBerry|Unaware|Moonblast,ThunderWave,FollowMe,Protect|||F|||50|,,,,,Water]Rillaboom||AssaultVest|GrassySurge|WoodHammer,GrassyGlide,HighHorsepower,FakeOut|||M|||50|,,,,,Fire
|showteam|p2|Pelipper||FocusSash|Drizzle|WeatherBall,Hurricane,Tailwind,Protect|||M|||50|,,,,,Ghost]Archaludon||AssaultVest|Stamina|ElectroShot,BodyPress,FlashCannon,Snarl|||F|||50|,,,,,Bug]Annihilape||Leftovers|Defiant|RageFist,DrainPunch,BulkUp,Protect|||F|||50|,,,,,Water]Maushold||SafetyGoggles|FriendGuard|FollowMe,BeatUp,Taunt,Protect||||||50|,,,,,Grass]Sinistcha||SitrusBerry|Hospitality|MatchaGotcha,RagePowder,Curse,LifeDew||||||50|,,,,,Water]Kingambit||BlackGlasses|Defiant|SuckerPunch,KowtowCleave,SwordsDance,Protect|||F|||50|,,,,,Dark
|inactive|Battle timer is ON: inactive players will automatically lose when time's up. (requested by LaF101)
|
|t:|1757914648
|teamsize|p1|4
|teamsize|p2|4
|start
|switch|p1a: Clefable|Clefable, L50, F|100/100
|switch|p1b: Gholdengo|Gholdengo, L50|100/100
|switch|p2a: Archaludon|Archaludon, L50, F|100/100
|switch|p2b: Maushold|Maushold, L50|100/100
|turn|1
|inactive|LaF101 has 30 seconds left.
|
|t:|1757914674
|move|p1a: Clefable|Follow Me|p1a: Clefable
|-singleturn|p1a: Clefable|move: Follow Me
|move|p2b: Maushold|Taunt|p1a: Clefable
|-start|p1a: Clefable|move: Taunt
|move|p1b: Gholdengo|Nasty Plot|p1b: Gholdengo
|-boost|p1b: Gholdengo|spa|2
|move|p2a: Archaludon|Snarl|p1a: Clefable|[spread] p1a,p1b
|-resisted|p1a: Clefable
|-supereffective|p1b: Gholdengo
|-damage|p1a: Clefable|96/100
|-damage|p1b: Gholdengo|72/100
|-unboost|p1a: Clefable|spa|1
|-unboost|p1b: Gholdengo|spa|1
|
|upkeep
|turn|2
|
|t:|1757914696
|move|p2b: Maushold|Follow Me|p2b: Maushold
|-singleturn|p2b: Maushold|move: Follow Me
|move|p1b: Gholdengo|Nasty Plot|p1b: Gholdengo
|-boost|p1b: Gholdengo|spa|2
|move|p2a: Archaludon|Snarl|p1b: Gholdengo|[spread] p1a,p1b
|-resisted|p1a: Clefable
|-supereffective|p1b: Gholdengo
|-damage|p1a: Clefable|90/100
|-damage|p1b: Gholdengo|45/100
|-unboost|p1a: Clefable|spa|1
|-unboost|p1b: Gholdengo|spa|1
|move|p1a: Clefable|Moonblast|p2b: Maushold
|-damage|p2b: Maushold|81/100
|-unboost|p2b: Maushold|spa|1
|
|upkeep
|turn|3
|
|t:|1757914707
|-terastallize|p1b: Gholdengo|Steel
|move|p2b: Maushold|Follow Me|p2b: Maushold
|-singleturn|p2b: Maushold|move: Follow Me
|move|p1b: Gholdengo|Make It Rain|p2b: Maushold|[spread] p2a,p2b
|-resisted|p2a: Archaludon
|-damage|p2a: Archaludon|61/100
|-damage|p2b: Maushold|0 fnt
|-unboost|p1b: Gholdengo|spa|1
|-ability|p2a: Archaludon|Stamina|boost
|-boost|p2a: Archaludon|def|1
|faint|p2b: Maushold
|-damage|p1b: Gholdengo|35/100|[from] item: Life Orb
|move|p2a: Archaludon|Snarl|p1a: Clefable|[spread] p1a,p1b
|-resisted|p1a: Clefable
|-damage|p1a: Clefable|84/100
|-damage|p1b: Gholdengo|21/100
|-unboost|p1a: Clefable|spa|1
|-unboost|p1b: Gholdengo|spa|1
|move|p1a: Clefable|Moonblast|p2a: Archaludon
|-damage|p2a: Archaludon|53/100
|-ability|p2a: Archaludon|Stamina|boost
|-boost|p2a: Archaludon|def|1
|
|upkeep
|
|t:|1757914729
|switch|p2b: Pelipper|Pelipper, L50, M|100/100
|-weather|RainDance|[from] ability: Drizzle|[of] p2b: Pelipper
|turn|4
|
|t:|1757914737
|switch|p1b: Ninetales|Ninetales-Alola, L50, M|100/100
|-weather|Snowscape|[from] ability: Snow Warning|[of] p1b: Ninetales
|move|p2b: Pelipper|Tailwind|p2b: Pelipper
|-sidestart|p2: LaF101|move: Tailwind
|move|p2a: Archaludon|Body Press|p1b: Ninetales
|-damage|p1b: Ninetales|58/100
|move|p1a: Clefable|Moonblast|p2b: Pelipper
|-damage|p2b: Pelipper|78/100
|
|-weather|Snowscape|[upkeep]
|-end|p1a: Clefable|move: Taunt
|upkeep
|turn|5
|
|t:|1757914753
|switch|p2b: Kingambit|Kingambit, L50, F|100/100
|move|p2a: Archaludon|Flash Cannon|p1b: Ninetales
|-supereffective|p1b: Ninetales
|-damage|p1b: Ninetales|0 fnt
|faint|p1b: Ninetales
|move|p1a: Clefable|Thunder Wave|p2a: Archaludon
|-status|p2a: Archaludon|par
|
|-weather|Snowscape|[upkeep]
|upkeep
|
|t:|1757914760
|switch|p1b: Frosmoth|Frosmoth, L50, F|100/100
|turn|6
|
|t:|1757914770
|move|p1a: Clefable|Follow Me|p1a: Clefable
|-singleturn|p1a: Clefable|move: Follow Me
|move|p2b: Kingambit|Swords Dance|p2b: Kingambit
|-boost|p2b: Kingambit|atk|2
|move|p2a: Archaludon|Body Press|p1a: Clefable
|-resisted|p1a: Clefable
|-damage|p1a: Clefable|73/100
|move|p1b: Frosmoth|Quiver Dance|p1b: Frosmoth
|-boost|p1b: Frosmoth|spa|1
|-boost|p1b: Frosmoth|spd|1
|-boost|p1b: Frosmoth|spe|1
|
|-weather|Snowscape|[upkeep]
|upkeep
|turn|7
|
|t:|1757914788
|move|p1b: Frosmoth|Protect|p1b: Frosmoth
|-singleturn|p1b: Frosmoth|Protect
|move|p1a: Clefable|Protect|p1a: Clefable
|-singleturn|p1a: Clefable|Protect
|move|p2b: Kingambit|Swords Dance|p2b: Kingambit
|-boost|p2b: Kingambit|atk|2
|move|p2a: Archaludon|Snarl|p1a: Clefable|[spread] 
|-activate|p1a: Clefable|move: Protect
|-activate|p1b: Frosmoth|move: Protect
|
|-weather|Snowscape|[upkeep]
|-sideend|p2: LaF101|move: Tailwind
|upkeep
|turn|8
|
|t:|1757914803
|move|p1a: Clefable|Follow Me|p1a: Clefable
|-singleturn|p1a: Clefable|move: Follow Me
|move|p1b: Frosmoth|Blizzard|p2a: Archaludon|[spread] p2a,p2b
|-resisted|p2b: Kingambit
|-damage|p2a: Archaludon|16/100 par
|-damage|p2b: Kingambit|70/100
|-ability|p2a: Archaludon|Stamina|boost
|-boost|p2a: Archaludon|def|1
|move|p2b: Kingambit|Kowtow Cleave|p1a: Clefable
|-resisted|p1a: Clefable
|-damage|p1a: Clefable|50/100
|-enditem|p1a: Clefable|Sitrus Berry|[eat]
|-heal|p1a: Clefable|75/100|[from] item: Sitrus Berry
|move|p2a: Archaludon|Snarl|p1a: Clefable|[spread] p1a,p1b
|-resisted|p1a: Clefable
|-damage|p1a: Clefable|70/100
|-damage|p1b: Frosmoth|96/100
|-unboost|p1a: Clefable|spa|1
|-unboost|p1b: Frosmoth|spa|1
|
|-weather|none
|-heal|p1b: Frosmoth|100/100|[from] item: Leftovers
|upkeep
|turn|9
|
|t:|1757914819
|move|p1b: Frosmoth|Blizzard|p2a: Archaludon|[spread] p2a
|-miss|p1b: Frosmoth|p2b: Kingambit
|-damage|p2a: Archaludon|0 fnt
|faint|p2a: Archaludon
|move|p1a: Clefable|Moonblast|p2b: Kingambit
|-damage|p2b: Kingambit|60/100
|-unboost|p2b: Kingambit|spa|1
|-ability|p2b: Kingambit|Defiant|boost
|-boost|p2b: Kingambit|atk|2
|move|p2b: Kingambit|Kowtow Cleave|p1b: Frosmoth
|-damage|p1b: Frosmoth|0 fnt
|faint|p1b: Frosmoth
|
|upkeep
|-message|Arkhept forfeited.
|
|win|LaF101
|l|☆Arkhept
|player|p1|
||Arkhept is ready for game 2.
|l|☆LaF101
|player|p2|
||LaF101 is ready for game 2.
|uhtml|next|Next: Game 2 of 3
