|j|☆Yinobo
|j|☆Mclovingods
|html|YinoboMclovingods    
|uhtml|bestof|Game 1 of a best-of-3
|t:|1783644248
|gametype|doubles
|player|p1|Yinobo|pokemaniac|1099
|player|p2|Mclovingods|170|1241
|gen|9
|tier|[Gen 9 Champions] VGC 2026 Reg M-B (Bo3)
|rated|
|rule|Species Clause: Limit one of each Pokémon
|rule|Item Clause: Limit 1 of each item
|clearpoke
|poke|p1|Charizard, L50, M, shiny|
|poke|p1|Garchomp, L50, M, shiny|
|poke|p1|Sylveon, L50, M, shiny|
|poke|p1|Kingambit, L50, F, shiny|
|poke|p1|Farigiraf, L50, M, shiny|
|poke|p1|Aerodactyl, L50, M|
|poke|p2|Delphox, L50, F|
|poke|p2|Sinistcha, L50|
|poke|p2|Incineroar, L50, F|
|poke|p2|Blastoise, L50, M|
|poke|p2|Kingambit, L50, F|
|poke|p2|Sneasler, L50, M|
|teampreview|4
|showteam|p1|Charizard||CharizarditeY|SolarPower|Protect,HeatWave,SolarBeam,WeatherBall|Modest||M|||50|]Garchomp||LifeOrb|RoughSkin|Protect,DragonClaw,Earthquake,RockSlide|Jolly||M|||50|]Sylveon||FairyFeather|Pixilate|Detect,HyperVoice,HyperBeam,QuickAttack|Modest||M|||50|]Kingambit||FocusSash|Defiant|KowtowCleave,SuckerPunch,IronHead,LowKick|Adamant||F|||50|]Farigiraf||SitrusBerry|ArmorTail|Protect,Psychic,Thunderbolt,TrickRoom|Bold||M|||50|]Aerodactyl||Aerodactylite|Unnerve|RockSlide,DualWingbeat,Tailwind,IceFang|Jolly||M|||50|
|showteam|p2|Delphox||Delphoxite|Blaze|NastyPlot,HeatWave,Psychic,Protect|Timid||F|||50|]Sinistcha||CobaBerry|Hospitality|MatchaGotcha,RagePowder,LifeDew,TrickRoom|Calm|||||50|]Incineroar||SitrusBerry|Intimidate|FakeOut,PartingShot,FlareBlitz,Taunt|Impish||F|||50|]Blastoise||Blastoisinite|Torrent|WaterSpout,DarkPulse,Protect,ShellSmash|Modest||M|||50|]Kingambit||LifeOrb|Defiant|Protect,SwordsDance,SuckerPunch,KowtowCleave|Adamant||F|||50|]Sneasler||WhiteHerb|Unburden|FakeOut,CloseCombat,DireClaw,Protect|Jolly||M|||50|
|inactive|Battle timer is ON: inactive players will automatically lose when time's up. (requested by Yinobo)
|inactive|Yinobo has 60 seconds left.
|
|t:|1783644306
|teamsize|p1|4
|teamsize|p2|4
|start
|switch|p1a: AEROY|Aerodactyl, L50, M|100/100
|switch|p1b: Kingambit|Kingambit, L50, F, shiny|100/100
|switch|p2a: Blastoise|Blastoise, L50, M|100/100
|switch|p2b: Incineroar|Incineroar, L50, F|100/100
|-ability|p1a: AEROY|Unnerve
|-ability|p2b: Incineroar|Intimidate|boost
|-unboost|p1a: AEROY|atk|1
|-unboost|p1b: Kingambit|atk|1
|-ability|p1b: Kingambit|Defiant|boost
|-boost|p1b: Kingambit|atk|2
|turn|1
|inactive|Yinobo has 30 seconds left.
|
|t:|1783644331
|detailschange|p1a: AEROY|Aerodactyl-Mega, L50, M
|-mega|p1a: AEROY|Aerodactyl|Aerodactylite
|detailschange|p2a: Blastoise|Blastoise-Mega, L50, M
|-mega|p2a: Blastoise|Blastoise|Blastoisinite
|move|p2a: Blastoise|Protect|p2a: Blastoise
|-singleturn|p2a: Blastoise|Protect
|move|p1b: Kingambit|Sucker Punch||[still]
|-fail|p1b: Kingambit
|move|p1a: AEROY|Rock Slide|p2b: Incineroar|[spread] p2b
|-activate|p2a: Blastoise|move: Protect
|-supereffective|p2b: Incineroar|1
|-damage|p2b: Incineroar|69/100
|move|p2b: Incineroar|Parting Shot|p1a: AEROY
|-unboost|p1a: AEROY|atk|1
|-unboost|p1a: AEROY|spa|1
|
|t:|1783644343
|switch|p2b: Sneasler|Sneasler, L50, M|100/100|[from] Parting Shot
|
|upkeep
|turn|2
|inactive|Yinobo has 30 seconds left.
|
|t:|1783644376
|switch|p1a: Farigiraf|Farigiraf, L50, M, shiny|100/100
|move|p2b: Sneasler|Close Combat|p1b: Kingambit
|-supereffective|p1b: Kingambit|2
|-enditem|p1b: Kingambit|Focus Sash
|-damage|p1b: Kingambit|1/100
|-unboost|p2b: Sneasler|def|1
|-unboost|p2b: Sneasler|spd|1
|-enditem|p2b: Sneasler|White Herb
|-clearnegativeboost|p2b: Sneasler|[silent]
|move|p2a: Blastoise|Water Spout|p1a: Farigiraf|[spread] p1a,p1b
|-damage|p1a: Farigiraf|37/100
|-damage|p1b: Kingambit|0 fnt
|-enditem|p1a: Farigiraf|Sitrus Berry|[eat]
|-heal|p1a: Farigiraf|62/100|[from] item: Sitrus Berry
|faint|p1b: Kingambit
|
|upkeep
|
|t:|1783644393
|switch|p1b: AEROY|Aerodactyl-Mega, L50, M|100/100
|turn|3
|
|t:|1783644407
|switch|p2b: Incineroar|Incineroar, L50, F|69/100
|-ability|p2b: Incineroar|Intimidate|boost
|-unboost|p1a: Farigiraf|atk|1
|-unboost|p1b: AEROY|atk|1
|move|p2a: Blastoise|Protect|p2a: Blastoise
|-singleturn|p2a: Blastoise|Protect
|move|p1b: AEROY|Tailwind|p1b: AEROY
|-sidestart|p1: Yinobo|move: Tailwind
|move|p1a: Farigiraf|Psychic|p2b: Incineroar
|-immune|p2b: Incineroar
|
|upkeep
|turn|4
|
|t:|1783644423
|switch|p1b: Sylveon|Sylveon, L50, M, shiny|100/100
|move|p1a: Farigiraf|Thunderbolt|p2a: Blastoise
|-supereffective|p2a: Blastoise|1
|-damage|p2a: Blastoise|53/100
|move|p2a: Blastoise|Dark Pulse|p1a: Farigiraf
|-supereffective|p1a: Farigiraf|1
|-damage|p1a: Farigiraf|0 fnt
|faint|p1a: Farigiraf
|move|p2b: Incineroar|Parting Shot|p1b: Sylveon
|-unboost|p1b: Sylveon|atk|1
|-unboost|p1b: Sylveon|spa|1
|
|t:|1783644433
|switch|p2b: Sinistcha|Sinistcha, L50|100/100|[from] Parting Shot
|-heal|p2a: Blastoise|78/100|[from] ability: Hospitality|[of] p2b: Sinistcha
|
|upkeep
|
|t:|1783644440
|switch|p1a: AEROY|Aerodactyl-Mega, L50, M|100/100
|turn|5
|
|t:|1783644447
|switch|p2a: Incineroar|Incineroar, L50, F|69/100
|-ability|p2a: Incineroar|Intimidate|boost
|-unboost|p1a: AEROY|atk|1
|-unboost|p1b: Sylveon|atk|1
|move|p1a: AEROY|Dual Wingbeat|p2b: Sinistcha|[miss]
|-miss|p1a: AEROY|p2b: Sinistcha
|move|p1b: Sylveon|Hyper Voice|p2a: Incineroar|[spread] p2a,p2b
|-damage|p2a: Incineroar|44/100
|-damage|p2b: Sinistcha|72/100
|-enditem|p2a: Incineroar|Sitrus Berry|[eat]
|-heal|p2a: Incineroar|69/100|[from] item: Sitrus Berry
|move|p2b: Sinistcha|Matcha Gotcha|p1a: AEROY|[spread] p1a,p1b
|-crit|p1a: AEROY
|-damage|p1a: AEROY|60/100
|-heal|p2b: Sinistcha|92/100|[from] drain|[of] p1a: AEROY
|-damage|p1b: Sylveon|77/100
|-heal|p2b: Sinistcha|100/100|[from] drain|[of] p1b: Sylveon
|
|upkeep
|turn|6
|-message|Yinobo forfeited.
|
|win|Mclovingods
||Mclovingods is ready for game 2.
||Yinobo is ready for game 2.
|uhtml|next|Next: Game 2 of 3
|l|☆Mclovingods
|player|p2|
