|j|☆PutoLen33
|j|☆LastHorzion
|html|PutoLen33LastHorzion    
|uhtml|bestof|Game 3 of a best-of-3
|t:|1755120417
|gametype|doubles
|player|p1|PutoLen33|preschooler|1309
|player|p2|LastHorzion|steven|1279
|gen|9
|tier|[Gen 9] VGC 2025 Reg H (Bo3)
|rated|
|rule|Species Clause: Limit one of each Pokémon
|rule|Item Clause: Limit 1 of each item
|clearpoke
|poke|p1|Whimsicott, L50, F|
|poke|p1|Gholdengo, L50|
|poke|p1|Tatsugiri, L50, F|
|poke|p1|Dondozo, L50, M|
|poke|p1|Annihilape, L50, F|
|poke|p1|Perrserker, L50, M|
|poke|p2|Sneasler, L50, F|
|poke|p2|Indeedee, L50, M|
|poke|p2|Ursaluna-Bloodmoon, L50, M|
|poke|p2|Whimsicott, L50, F|
|poke|p2|Typhlosion-Hisui, L50, F|
|poke|p2|Dragonite, L50, M|
|teampreview|4
|showteam|p1|Whimsicott||CovertCloak|Prankster|Tailwind,Taunt,BeatUp,Moonblast|||F|||50|,,,,,Poison]Gholdengo||ChoiceSpecs|GoodasGold|MakeItRain,ShadowBall,SteelBeam,Trick||||||50|,,,,,Steel]Tatsugiri||ChoiceScarf|Commander|SleepTalk,MuddyWater,DracoMeteor,IcyWind|||F|||50|,,,,,Stellar]Dondozo||Leftovers|Unaware|Protect,WaveCrash,Substitute,OrderUp|||M|||50|,,,,,Dragon]Annihilape||AssaultVest|Defiant|FinalGambit,DrainPunch,RageFist,CloseCombat|||F|||50|,,,,,Fairy]Perrserker||FocusSash|SteelySpirit|FakeOut,IronHead,CloseCombat,Uturn|||M|||50|,,,,,Ghost
|showteam|p2|Sneasler||PsychicSeed|Unburden|CloseCombat,DireClaw,ThroatChop,Protect|||F|||50|,,,,,Dark]Indeedee||FocusSash|PsychicSurge|ExpandingForce,TeraBlast,Imprison,TrickRoom|||M|||50|,,,,,Ground]Ursaluna-Bloodmoon||LifeOrb|MindsEye|BloodMoon,EarthPower,HyperVoice,Protect|||M|||50|,,,,,Normal]Whimsicott||CovertCloak|Prankster|Tailwind,Moonblast,Encore,SunnyDay|||F|||50|,,,,,Water]Typhlosion-Hisui||ChoiceScarf|Blaze|Eruption,Curse,HeatWave,ShadowBall|||F|||50|,,,,,Fire]Dragonite||LoadedDice|Multiscale|ScaleShot,StompingTantrum,Haze,Protect|||M|||50|,,,,,Fairy
|inactive|Battle timer is ON: inactive players will automatically lose when time's up. (requested by LastHorzion)
|inactive|PutoLen33 has 60 seconds left.
|inactive|PutoLen33 has 30 seconds left.
|inactive|PutoLen33 has 20 seconds left.
|inactive|PutoLen33 has 15 seconds left.
|inactive|PutoLen33 has 10 seconds left.
|inactive|PutoLen33 has 5 seconds left.
|
|t:|1755120504
|teamsize|p1|4
|teamsize|p2|4
|start
|switch|p1a: Tatsugiri|Tatsugiri, L50, F|100/100
|switch|p1b: Annihilape|Annihilape, L50, F|100/100
|switch|p2a: Whimsicott|Whimsicott, L50, F|100/100
|switch|p2b: Typhlosion|Typhlosion-Hisui, L50, F|100/100
|turn|1
|inactive|PutoLen33 has 30 seconds left.
|inactive|PutoLen33 has 20 seconds left.
|inactive|PutoLen33 has 15 seconds left.
|inactive|PutoLen33 has 10 seconds left.
|
|t:|1755120553
|-terastallize|p2b: Typhlosion|Fire
|move|p2a: Whimsicott|Sunny Day|p2a: Whimsicott
|-weather|SunnyDay
|move|p2b: Typhlosion|Heat Wave|p1a: Tatsugiri|[spread] p1a,p1b
|-resisted|p1a: Tatsugiri
|-damage|p1a: Tatsugiri|78/100
|-damage|p1b: Annihilape|50/100
|move|p1a: Tatsugiri|Draco Meteor|p2b: Typhlosion
|-damage|p2b: Typhlosion|17/100
|-unboost|p1a: Tatsugiri|spa|2
|move|p1b: Annihilape|Rage Fist|p2b: Typhlosion
|-damage|p2b: Typhlosion|0 fnt
|faint|p2b: Typhlosion
|
|-weather|SunnyDay|[upkeep]
|upkeep
|inactive|LastHorzion has 30 seconds left.
|
|t:|1755120584
|switch|p2b: Sneasler|Sneasler, L50, F|100/100
|turn|2
|inactive|PutoLen33 has 30 seconds left.
|inactive|PutoLen33 has 20 seconds left.
|
|t:|1755120623
|switch|p1a: Gholdengo|Gholdengo, L50|100/100
|switch|p1b: Perrserker|Perrserker, L50, M|100/100
|move|p2a: Whimsicott|Moonblast|p1b: Perrserker
|-resisted|p1b: Perrserker
|-damage|p1b: Perrserker|77/100
|move|p2b: Sneasler|Dire Claw|p1b: Perrserker
|-immune|p1b: Perrserker
|
|-weather|SunnyDay|[upkeep]
|upkeep
|turn|3
|inactive|LastHorzion has 30 seconds left.
|inactive|PutoLen33 has 30 seconds left.
|inactive|LastHorzion has 20 seconds left.
|inactive|LastHorzion has 15 seconds left.
|
|t:|1755120667
|move|p2b: Sneasler|Protect|p2b: Sneasler
|-singleturn|p2b: Sneasler|Protect
|move|p1b: Perrserker|Fake Out|p2b: Sneasler
|-activate|p2b: Sneasler|move: Protect
|move|p2a: Whimsicott|Moonblast|p1b: Perrserker
|-resisted|p1b: Perrserker
|-damage|p1b: Perrserker|52/100
|move|p1a: Gholdengo|Make It Rain|p2b: Sneasler|[spread] p2a
|-activate|p2b: Sneasler|move: Protect
|-supereffective|p2a: Whimsicott
|-damage|p2a: Whimsicott|0 fnt
|-unboost|p1a: Gholdengo|spa|1
|faint|p2a: Whimsicott
|
|-weather|SunnyDay|[upkeep]
|upkeep
|
|t:|1755120676
|switch|p2a: Dragonite|Dragonite, L50, M|100/100
|turn|4
|inactive|PutoLen33 has 30 seconds left.
|
|t:|1755120709
|-terastallize|p1b: Perrserker|Ghost
|move|p2b: Sneasler|Throat Chop|p1a: Gholdengo
|-supereffective|p1a: Gholdengo
|-damage|p1a: Gholdengo|38/100
|-start|p1a: Gholdengo|Throat Chop|[silent]
|move|p2a: Dragonite|Stomping Tantrum|p1a: Gholdengo
|-supereffective|p1a: Gholdengo
|-damage|p1a: Gholdengo|0 fnt
|faint|p1a: Gholdengo
|move|p1b: Perrserker|U-turn|p2a: Dragonite
|-resisted|p2a: Dragonite
|-damage|p2a: Dragonite|93/100
|
|t:|1755120719
|switch|p1b: Tatsugiri|Tatsugiri, L50, F|78/100|[from] U-turn
|
|-weather|SunnyDay|[upkeep]
|upkeep
|inactive|PutoLen33 has 30 seconds left.
|
|t:|1755120747
|switch|p1a: Perrserker|Perrserker, L50, M, tera:Ghost|52/100
|turn|5
|
|t:|1755120759
|move|p2b: Sneasler|Protect|p2b: Sneasler
|-singleturn|p2b: Sneasler|Protect
|move|p2a: Dragonite|Protect|p2a: Dragonite
|-singleturn|p2a: Dragonite|Protect
|move|p1a: Perrserker|Fake Out|p2b: Sneasler
|-activate|p2b: Sneasler|move: Protect
|move|p1b: Tatsugiri|Draco Meteor|p2a: Dragonite
|-activate|p2a: Dragonite|move: Protect
|
|-weather|none
|upkeep
|turn|6
|inactive|LastHorzion has 30 seconds left.
|
|t:|1755120792
|move|p1b: Tatsugiri|Draco Meteor|p2a: Dragonite
|-supereffective|p2a: Dragonite
|-damage|p2a: Dragonite|0 fnt
|-unboost|p1b: Tatsugiri|spa|2
|faint|p2a: Dragonite
|move|p2b: Sneasler|Throat Chop|p1a: Perrserker
|-supereffective|p1a: Perrserker
|-damage|p1a: Perrserker|0 fnt
|faint|p1a: Perrserker
|
|upkeep
|
|t:|1755120800
|switch|p1a: Annihilape|Annihilape, L50, F|50/100
|turn|7
|
|t:|1755120823
|move|p1b: Tatsugiri|Draco Meteor|p2b: Sneasler
|-damage|p2b: Sneasler|63/100
|-unboost|p1b: Tatsugiri|spa|2
|move|p2b: Sneasler|Dire Claw|p1a: Annihilape
|-resisted|p1a: Annihilape
|-damage|p1a: Annihilape|27/100
|-status|p1a: Annihilape|par
|move|p1a: Annihilape|Rage Fist|p2b: Sneasler
|-damage|p2b: Sneasler|0 fnt
|faint|p2b: Sneasler
|
|win|PutoLen33
|raw|PutoLen33's rating: 1309 → 1327(+18 for winning)
|raw|LastHorzion's rating: 1279 → 1256(-23 for losing)
|l|☆LastHorzion
|player|p2|
