|j|☆TransGirlChomp1
|j|☆sbhaga34
|html|TransGirlChomp1sbhaga34    
|uhtml|bestof|Game 2 of a best-of-3
|t:|1784667021
|gametype|doubles
|player|p1|TransGirlChomp1|pokemonbreederf|1418
|player|p2|sbhaga34|hugh|1317
|gen|9
|tier|[Gen 9 Champions] VGC 2026 Reg M-B (Bo3)
|rated|
|rule|Species Clause: Limit one of each Pokémon
|rule|Item Clause: Limit 1 of each item
|clearpoke
|poke|p1|Garchomp, L50, F|
|poke|p1|Tyranitar, L50, F|
|poke|p1|Gholdengo, L50|
|poke|p1|Venusaur, L50, F|
|poke|p1|Incineroar, L50, M|
|poke|p1|Talonflame, L50, F|
|poke|p2|Excadrill, L50, M|
|poke|p2|Tyranitar, L50, F|
|poke|p2|Corviknight, L50, M|
|poke|p2|Rotom-Wash, L50|
|poke|p2|Chandelure, L50, F|
|poke|p2|Scovillain, L50, F|
|teampreview|4
|showteam|p1|Garchomp||Garchompite|SandVeil|EarthPower,DragonPulse,PowerGem,Protect|Modest||F|||50|]Tyranitar||ChoiceScarf|SandStream|RockSlide,KnockOff,LowKick,IcyWind|Jolly||F|||50|]Gholdengo||LifeOrb|GoodasGold|MakeItRain,ShadowBall,NastyPlot,Protect|Modest|||||50|]Venusaur||Venusaurite|Chlorophyll|GigaDrain,SludgeBomb,SleepPowder,Protect|Modest||F|||50|]Incineroar||PasshoBerry|Intimidate|FakeOut,FlareBlitz,ThroatChop,PartingShot|Careful||M|||50|]Talonflame||SharpBeak|GaleWings|BraveBird,FlareBlitz,Tailwind,QuickGuard|Jolly||F|||50|
|showteam|p2|Excadrill||FocusSash|SandRush|Earthquake,IronHead,SwordsDance,Protect|Adamant||M|||50|]Tyranitar||Tyranitarite|SandStream|RockSlide,KnockOff,LowKick,Protect|Adamant||F|||50|]Corviknight||SharpBeak|MirrorArmor|BraveBird,Tailwind,BulkUp,Roost|Careful||M|||50|]Rotom-Wash||ChoiceScarf|Levitate|VoltSwitch,Thunderbolt,Electroweb,HydroPump|Timid|||||50|]Chandelure||ShucaBerry|FlashFire|HeatWave,ShadowBall,TrickRoom,Protect|Modest||F|||50|]Scovillain||Scovillainite|Chlorophyll|RagePowder,Overheat,GigaDrain,Protect|Calm||F|||50|
|inactive|Battle timer is ON: inactive players will automatically lose when time's up. (requested by TransGirlChomp1)
|inactive|TransGirlChomp1 has 60 seconds left.
|inactive|sbhaga34 has 60 seconds left.
|
|t:|1784667072
|teamsize|p1|4
|teamsize|p2|4
|start
|switch|p1a: Gholdengo|Gholdengo, L50|100/100
|switch|p1b: Talonflame|Talonflame, L50, F|100/100
|switch|p2a: Excadrill|Excadrill, L50, M|100/100
|switch|p2b: Corviknight|Corviknight, L50, M|100/100
|turn|1
|inactive|TransGirlChomp1 has 30 seconds left.
|inactive|sbhaga34 has 30 seconds left.
|
|t:|1784667110
|switch|p2a: Chandelure|Chandelure, L50, F|100/100
|switch|p1a: Venusaur|Venusaur, L50, F|100/100
|move|p1b: Talonflame|Tailwind|p1b: Talonflame
|-sidestart|p1: TransGirlChomp1|move: Tailwind
|move|p2b: Corviknight|Tailwind|p2b: Corviknight
|-sidestart|p2: sbhaga34|move: Tailwind
|
|upkeep
|turn|2
|
|t:|1784667128
|switch|p1a: Incineroar|Incineroar, L50, M|100/100
|-ability|p1a: Incineroar|Intimidate|boost
|-unboost|p2a: Chandelure|atk|1
|-ability|p2b: Corviknight|Mirror Armor
|-unboost|p1a: Incineroar|atk|1
|switch|p2b: Rotom|Rotom-Wash, L50|100/100
|move|p2a: Chandelure|Protect|p2a: Chandelure
|-singleturn|p2a: Chandelure|Protect
|move|p1b: Talonflame|Flare Blitz|p2b: Rotom
|-resisted|p2b: Rotom|1
|-damage|p2b: Rotom|76/100
|-damage|p1b: Talonflame|92/100|[from] Recoil
|
|upkeep
|turn|3
|
|t:|1784667147
|move|p1a: Incineroar|Fake Out|p2b: Rotom
|-damage|p2b: Rotom|68/100
|cant|p2b: Rotom|flinch
|move|p1b: Talonflame|Brave Bird|p2a: Chandelure
|-damage|p2a: Chandelure|29/100
|-damage|p1b: Talonflame|67/100|[from] Recoil
|move|p2a: Chandelure|Shadow Ball|p1b: Talonflame
|-damage|p1b: Talonflame|0 fnt
|faint|p1b: Talonflame
|
|upkeep
|
|t:|1784667159
|switch|p1b: Venusaur|Venusaur, L50, F|100/100
|turn|4
|
|t:|1784667180
|detailschange|p1b: Venusaur|Venusaur-Mega, L50, F
|-mega|p1b: Venusaur|Venusaur|Venusaurite
|move|p2a: Chandelure|Protect|p2a: Chandelure
|-singleturn|p2a: Chandelure|Protect
|move|p2b: Rotom|Volt Switch|p1a: Incineroar
|-damage|p1a: Incineroar|78/100
|
|t:|1784667185
|switch|p2b: Corviknight|Corviknight, L50, M|100/100|[from] Volt Switch
|move|p1b: Venusaur|Sleep Powder|p2b: Corviknight
|-status|p2b: Corviknight|slp|[from] move: Sleep Powder
|move|p1a: Incineroar|Throat Chop|p2a: Chandelure
|-activate|p2a: Chandelure|move: Protect
|
|-sideend|p1: TransGirlChomp1|move: Tailwind
|-sideend|p2: sbhaga34|move: Tailwind
|upkeep
|turn|5
|
|t:|1784667199
|switch|p2a: Rotom|Rotom-Wash, L50|68/100
|move|p1b: Venusaur|Giga Drain|p2a: Rotom
|-supereffective|p2a: Rotom|1
|-damage|p2a: Rotom|0 fnt
|faint|p2a: Rotom
|cant|p2b: Corviknight|slp
|move|p1a: Incineroar|Throat Chop|p2b: Corviknight
|-damage|p2b: Corviknight|83/100 slp
|-start|p2b: Corviknight|Throat Chop|[silent]
|
|upkeep
|
|t:|1784667208
|switch|p2a: Excadrill|Excadrill, L50, M|100/100
|turn|6
|
|t:|1784667219
|move|p2a: Excadrill|Protect|p2a: Excadrill
|-singleturn|p2a: Excadrill|Protect
|move|p1b: Venusaur|Giga Drain|p2a: Excadrill
|-activate|p2a: Excadrill|move: Protect
|cant|p2b: Corviknight|slp
|move|p1a: Incineroar|Parting Shot|p2b: Corviknight
|-ability|p2b: Corviknight|Mirror Armor
|-unboost|p1a: Incineroar|atk|1
|-ability|p2b: Corviknight|Mirror Armor
|-unboost|p1a: Incineroar|spa|1
|
|t:|1784667222
|switch|p1a: Gholdengo|Gholdengo, L50|100/100|[from] Parting Shot
|
|-end|p2b: Corviknight|Throat Chop|[silent]
|upkeep
|turn|7
|
|t:|1784667235
|move|p1a: Gholdengo|Protect|p1a: Gholdengo
|-singleturn|p1a: Gholdengo|Protect
|move|p2a: Excadrill|Earthquake|p1a: Gholdengo|[spread] p1b
|-activate|p1a: Gholdengo|move: Protect
|-immune|p2b: Corviknight
|-damage|p1b: Venusaur|67/100
|move|p1b: Venusaur|Giga Drain|p2a: Excadrill
|-damage|p2a: Excadrill|45/100
|-heal|p1b: Venusaur|94/100|[from] drain|[of] p2a: Excadrill
|-curestatus|p2b: Corviknight|slp|[msg]
|move|p2b: Corviknight|Brave Bird|p1b: Venusaur
|-supereffective|p1b: Venusaur|1
|-damage|p1b: Venusaur|19/100
|-damage|p2b: Corviknight|60/100|[from] Recoil
|
|upkeep
|turn|8
|inactive|sbhaga34 has 30 seconds left.
|inactive|sbhaga34 has 20 seconds left.
|
|t:|1784667272
|switch|p1b: Incineroar|Incineroar, L50, M|78/100
|-ability|p1b: Incineroar|Intimidate|boost
|-unboost|p2a: Excadrill|atk|1
|-ability|p2b: Corviknight|Mirror Armor
|-unboost|p1b: Incineroar|atk|1
|move|p2a: Excadrill|Earthquake|p1b: Incineroar|[spread] p1a,p1b
|-immune|p2b: Corviknight
|-supereffective|p1a: Gholdengo|1
|-supereffective|p1b: Incineroar|1
|-damage|p1a: Gholdengo|40/100
|-damage|p1b: Incineroar|27/100
|move|p1a: Gholdengo|Shadow Ball|p2a: Excadrill
|-crit|p2a: Excadrill
|-damage|p2a: Excadrill|0 fnt
|faint|p2a: Excadrill
|-damage|p1a: Gholdengo|30/100|[from] item: Life Orb
|move|p2b: Corviknight|Tailwind|p2b: Corviknight
|-sidestart|p2: sbhaga34|move: Tailwind
|
|upkeep
|
|t:|1784667285
|switch|p2a: Chandelure|Chandelure, L50, F|29/100
|turn|9
|
|t:|1784667303
|move|p1a: Gholdengo|Protect|p1a: Gholdengo
|-singleturn|p1a: Gholdengo|Protect
|move|p2a: Chandelure|Shadow Ball|p1a: Gholdengo
|-activate|p1a: Gholdengo|move: Protect
|move|p2b: Corviknight|Brave Bird|p1b: Incineroar
|-damage|p1b: Incineroar|0 fnt
|faint|p1b: Incineroar
|-damage|p2b: Corviknight|51/100|[from] Recoil
|
|upkeep
|
|t:|1784667316
|switch|p1b: Venusaur|Venusaur-Mega, L50, F|19/100
|turn|10
|
|t:|1784667322
|move|p1a: Gholdengo|Protect||[still]
|-fail|p1a: Gholdengo
|move|p1b: Venusaur|Protect|p1b: Venusaur
|-singleturn|p1b: Venusaur|Protect
|move|p2a: Chandelure|Shadow Ball|p1a: Gholdengo
|-supereffective|p1a: Gholdengo|1
|-damage|p1a: Gholdengo|0 fnt
|faint|p1a: Gholdengo
|move|p2b: Corviknight|Brave Bird|p1b: Venusaur
|-activate|p1b: Venusaur|move: Protect
|
|upkeep
|turn|11
|-message|TransGirlChomp1 forfeited.
|raw|TransGirlChomp1's rating: 1418 → 1392(-26 for losing)
|raw|sbhaga34's rating: 1317 → 1343(+26 for winning)
|
|win|sbhaga34
