|j|☆MurQrow
|j|☆gesithofoblivion
|html|MurQrowgesithofoblivion    
|uhtml|bestof|Game 2 of a best-of-3
|t:|1756851509
|gametype|doubles
|player|p1|MurQrow|101|1105
|player|p2|gesithofoblivion|1|1000
|gen|9
|tier|[Gen 9] VGC 2025 Reg H (Bo3)
|rated|
|rule|Species Clause: Limit one of each Pokémon
|rule|Item Clause: Limit 1 of each item
|clearpoke
|poke|p1|Ninetales-Alola, L50, M|
|poke|p1|Baxcalibur, L50, F|
|poke|p1|Gholdengo, L50|
|poke|p1|Magmar, L50, F|
|poke|p1|Rillaboom, L50, M|
|poke|p1|Flamigo, L50, F|
|poke|p2|Archaludon, L50, F|
|poke|p2|Politoed, L50, M|
|poke|p2|Incineroar, L50, F|
|poke|p2|Kingdra, L50, M|
|poke|p2|Annihilape, L50, M|
|poke|p2|Maushold-Four, L50|
|teampreview|4
|showteam|p1|Ninetales-Alola||CovertCloak|SnowWarning|Blizzard,IcyWind,Encore,AuroraVeil|||M|||50|,,,,,Fire]Baxcalibur||LoadedDice|ThermalExchange|Protect,IceShard,IcicleSpear,ScaleShot|||F|||50|,,,,,Water]Gholdengo||LifeOrb|GoodasGold|NastyPlot,Protect,MakeItRain,ShadowBall||||||50|,,,,,Water]Magmar||Eviolite|VitalSpirit|ClearSmog,FollowMe,Protect,Flamethrower|||F|||50|,,,,,Ghost]Rillaboom||AssaultVest|GrassySurge|FakeOut,GrassyGlide,WoodHammer,HighHorsepower|||M|||50|,,,,,Fire]Flamigo||ChoiceScarf|Scrappy|CloseCombat,BraveBird,DualWingbeat,Tailwind|||F|||50|,,,,,Ghost
|showteam|p2|Archaludon||AssaultVest|Stamina|DracoMeteor,ElectroShot,FlashCannon,Protect|||F|||50|,,,,,Flying]Politoed||FocusSash|Drizzle|Encore,Protect,WeatherBall,PerishSong|||M|||50|,,,,,Water]Incineroar||RockyHelmet|Intimidate|PartingShot,KnockOff,Protect,FakeOut|||F|||50|,,,,,Steel]Kingdra||ChoiceSpecs|SwiftSwim|WeatherBall,DracoMeteor,Protect,Scald|||M|||50|,,,,,Stellar]Annihilape||LifeOrb|Defiant|CloseCombat,Protect,RageFist,FinalGambit|||M|||50|,,,,,Ghost]Maushold-Four||SitrusBerry|FriendGuard|BeatUp,Protect,FollowMe,PopulationBomb||||||50|,,,,,Normal
|inactive|Battle timer is ON: inactive players will automatically lose when time's up. (requested by MurQrow)
|inactive|MurQrow has 60 seconds left.
|
|t:|1756851543
|teamsize|p1|4
|teamsize|p2|4
|start
|switch|p1a: Ninetales|Ninetales-Alola, L50, M|100/100
|switch|p1b: Flush five|Baxcalibur, L50, F|100/100
|switch|p2a: Maushold|Maushold-Four, L50|100/100
|switch|p2b: Annihilape|Annihilape, L50, M|100/100
|-weather|Snowscape|[from] ability: Snow Warning|[of] p1a: Ninetales
|turn|1
|inactive|MurQrow has 30 seconds left.
|inactive|gesithofoblivion has 30 seconds left.
|
|t:|1756851574
|-terastallize|p2b: Annihilape|Ghost
|move|p1a: Ninetales|Aurora Veil|p1a: Ninetales
|-sidestart|p1: MurQrow|move: Aurora Veil
|move|p2a: Maushold|Beat Up|p2b: Annihilape
|-supereffective|p2b: Annihilape
|-damage|p2b: Annihilape|96/100
|-supereffective|p2b: Annihilape
|-damage|p2b: Annihilape|90/100
|-supereffective|p2b: Annihilape
|-damage|p2b: Annihilape|85/100
|-supereffective|p2b: Annihilape
|-damage|p2b: Annihilape|80/100
|-hitcount|p2b: Annihilape|4
|move|p2b: Annihilape|Rage Fist|p1b: Flush five
|-damage|p1b: Flush five|14/100
|-damage|p2b: Annihilape|71/100|[from] item: Life Orb
|move|p1b: Flush five|Scale Shot|p2b: Annihilape|[miss]
|-miss|p1b: Flush five|p2b: Annihilape
|
|-weather|Snowscape|[upkeep]
|upkeep
|turn|2
|inactive|gesithofoblivion has 30 seconds left.
|
|t:|1756851604
|move|p1a: Ninetales|Icy Wind|p2a: Maushold|[spread] p2b
|-miss|p1a: Ninetales|p2a: Maushold
|-damage|p2b: Annihilape|61/100
|-unboost|p2b: Annihilape|spe|1
|-ability|p2b: Annihilape|Defiant|boost
|-boost|p2b: Annihilape|atk|2
|move|p2a: Maushold|Population Bomb|p1b: Flush five
|-damage|p1b: Flush five|11/100
|-crit|p1b: Flush five
|-damage|p1b: Flush five|5/100
|-damage|p1b: Flush five|3/100
|-damage|p1b: Flush five|0 fnt
|faint|p1b: Flush five
|-hitcount|p1: Flush five|4
|move|p2b: Annihilape|Rage Fist|p1a: Ninetales
|-damage|p1a: Ninetales|0 fnt
|faint|p1a: Ninetales
|-damage|p2b: Annihilape|51/100|[from] item: Life Orb
|
|-weather|Snowscape|[upkeep]
|upkeep
|
|t:|1756851621
|switch|p1a: Rillaboom|Rillaboom, L50, M|100/100
|switch|p1b: Flamigo|Flamigo, L50, F|100/100
|-fieldstart|move: Grassy Terrain|[from] ability: Grassy Surge|[of] p1a: Rillaboom
|turn|3
|
|t:|1756851637
|switch|p2a: Politoed|Politoed, L50, M|100/100
|-weather|RainDance|[from] ability: Drizzle|[of] p2a: Politoed
|move|p1a: Rillaboom|Fake Out|p2a: Politoed
|-damage|p2a: Politoed|85/100
|move|p1b: Flamigo|Close Combat|p2b: Annihilape
|-damage|p2b: Annihilape|0 fnt
|-unboost|p1b: Flamigo|def|1
|-unboost|p1b: Flamigo|spd|1
|faint|p2b: Annihilape
|
|-weather|RainDance|[upkeep]
|-heal|p2a: Politoed|91/100|[from] Grassy Terrain
|upkeep
|
|t:|1756851657
|switch|p2b: Kingdra|Kingdra, L50, M|100/100
|turn|4
|
|t:|1756851673
|move|p2b: Kingdra|Protect|p2b: Kingdra
|-singleturn|p2b: Kingdra|Protect
|move|p1b: Flamigo|Close Combat|p2b: Kingdra
|-activate|p2b: Kingdra|move: Protect
|move|p1a: Rillaboom|Wood Hammer|p2a: Politoed
|-supereffective|p2a: Politoed
|-damage|p2a: Politoed|0 fnt
|faint|p2a: Politoed
|-damage|p1a: Rillaboom|71/100|[from] Recoil
|
|-weather|RainDance|[upkeep]
|-heal|p1a: Rillaboom|77/100|[from] Grassy Terrain
|upkeep
|
|t:|1756851685
|switch|p2a: Maushold|Maushold-Four, L50|100/100
|turn|5
|-message|gesithofoblivion forfeited.
|
|win|MurQrow
