|j|☆paralyze u
|j|☆reTakeshi
|html|paralyze ureTakeshi    
|uhtml|bestof|Game 1 of a best-of-3
|t:|1783984018
|gametype|doubles
|player|p1|paralyze u|169|
|player|p2|reTakeshi|nate|
|gen|9
|tier|[Gen 9 Champions] VGC 2026 Reg M-B (Bo3)
|rule|Species Clause: Limit one of each Pokémon
|rule|Item Clause: Limit 1 of each item
|clearpoke
|poke|p1|Sinistcha, L50|
|poke|p1|Incineroar, L50, F|
|poke|p1|Milotic, L50, M|
|poke|p1|Raichu, L50, F|
|poke|p1|Floette-Eternal, L50, F|
|poke|p1|Ceruledge, L50, M|
|poke|p2|Staraptor, L50, M|
|poke|p2|Gholdengo, L50|
|poke|p2|Primarina, L50, F, shiny|
|poke|p2|Sinistcha, L50|
|poke|p2|Excadrill, L50, M|
|poke|p2|Tyranitar, L50, M|
|teampreview|4
|showteam|p1|Sinistcha||KasibBerry|Hospitality|MatchaGotcha,LifeDew,RagePowder,Protect|Relaxed|||||50|]Incineroar||SitrusBerry|Intimidate|FlareBlitz,ThroatChop,FakeOut,PartingShot|Impish||F|||50|]Milotic||Leftovers|Competitive|MuddyWater,Coil,Hypnosis,Recover|Calm||M|||50|]Raichu||RaichuniteY|LightningRod|ZapCannon,FocusBlast,FakeOut,Protect|Timid||F|||50|]Floette-Eternal||Floettite|FlowerVeil|DrainingKiss,CalmMind,DazzlingGleam,Protect|Careful||F|||50|]Ceruledge||ColburBerry|FlashFire|BitterBlade,ShadowSneak,BulkUp,Protect|Adamant||M|||50|
|showteam|p2|Staraptor||Staraptite|Intimidate|CloseCombat,BraveBird,Tailwind,Protect|Jolly||M|||50|]Gholdengo||LifeOrb|GoodasGold|MakeItRain,ShadowBall,NastyPlot,Protect|Modest|||||50|]Primarina||MysticWater|LiquidVoice|HyperVoice,Moonblast,AquaJet,Protect|Modest||F|||50|]Sinistcha||KasibBerry|Hospitality|MatchaGotcha,RagePowder,TrickRoom,Protect|Bold|||||50|]Excadrill||FocusSash|SandRush|HighHorsepower,IronHead,Earthquake,Protect|Jolly||M|||50|]Tyranitar||Tyranitarite|SandStream|RockSlide,KnockOff,LowKick,Protect|Jolly||M|||50|
|inactive|Battle timer is ON: inactive players will automatically lose when time's up. (requested by reTakeshi)
|inactive|paralyze u has 60 seconds left.
|
|t:|1783984078
|teamsize|p1|4
|teamsize|p2|4
|start
|switch|p1a: Milotic|Milotic, L50, M|100/100
|switch|p1b: Incineroar|Incineroar, L50, F|100/100
|switch|p2a: Sinistcha|Sinistcha, L50|100/100
|switch|p2b: Primarina|Primarina, L50, F, shiny|100/100
|-ability|p1b: Incineroar|Intimidate|boost
|-unboost|p2a: Sinistcha|atk|1
|-unboost|p2b: Primarina|atk|1
|turn|1
|
|t:|1783984089
|move|p1b: Incineroar|Fake Out|p2b: Primarina
|-damage|p2b: Primarina|86/100
|move|p1a: Milotic|Coil|p1a: Milotic
|-boost|p1a: Milotic|atk|1
|-boost|p1a: Milotic|def|1
|-boost|p1a: Milotic|accuracy|1
|cant|p2b: Primarina|flinch
|move|p2a: Sinistcha|Matcha Gotcha|p1a: Milotic|[spread] p1a,p1b
|-supereffective|p1a: Milotic|1
|-resisted|p1b: Incineroar|1
|-damage|p1a: Milotic|64/100
|-damage|p1b: Incineroar|88/100
|
|-heal|p1a: Milotic|70/100|[from] item: Leftovers
|upkeep
|turn|2
|
|t:|1783984099
|move|p1a: Milotic|Coil|p1a: Milotic
|-boost|p1a: Milotic|atk|1
|-boost|p1a: Milotic|def|1
|-boost|p1a: Milotic|accuracy|1
|move|p2b: Primarina|Hyper Voice|p1b: Incineroar|[spread] p1a,p1b
|-resisted|p1a: Milotic|1
|-supereffective|p1b: Incineroar|1
|-damage|p1a: Milotic|55/100
|-damage|p1b: Incineroar|6/100
|-enditem|p1b: Incineroar|Sitrus Berry|[eat]
|-heal|p1b: Incineroar|31/100|[from] item: Sitrus Berry
|move|p2a: Sinistcha|Matcha Gotcha|p1a: Milotic|[spread] p1a,p1b
|-supereffective|p1a: Milotic|1
|-resisted|p1b: Incineroar|1
|-damage|p1a: Milotic|22/100
|-damage|p1b: Incineroar|21/100
|move|p1b: Incineroar|Parting Shot|p2b: Primarina
|-unboost|p2b: Primarina|atk|1
|-unboost|p2b: Primarina|spa|1
|
|t:|1783984104
|switch|p1b: Sinistcha|Sinistcha, L50|100/100|[from] Parting Shot
|-heal|p1a: Milotic|47/100|[from] ability: Hospitality|[of] p1b: Sinistcha
|
|-heal|p1a: Milotic|53/100|[from] item: Leftovers
|upkeep
|turn|3
|inactive|reTakeshi has 30 seconds left.
|inactive|reTakeshi has 20 seconds left.
|inactive|reTakeshi has 15 seconds left.
|
|t:|1783984145
|switch|p2b: Tyranitar|Tyranitar, L50, M|100/100
|-weather|Sandstorm|[from] ability: Sand Stream|[of] p2b: Tyranitar
|move|p2a: Sinistcha|Protect|p2a: Sinistcha
|-singleturn|p2a: Sinistcha|Protect
|move|p1a: Milotic|Hypnosis|p2a: Sinistcha
|-activate|p2a: Sinistcha|move: Protect
|move|p1b: Sinistcha|Matcha Gotcha|p2a: Sinistcha|[spread] p2b
|-activate|p2a: Sinistcha|move: Protect
|-supereffective|p2b: Tyranitar|1
|-damage|p2b: Tyranitar|64/100
|
|-weather|Sandstorm|[upkeep]
|-damage|p1a: Milotic|47/100|[from] Sandstorm
|-damage|p2a: Sinistcha|93/100|[from] Sandstorm
|-damage|p1b: Sinistcha|93/100|[from] Sandstorm
|-heal|p1a: Milotic|53/100|[from] item: Leftovers
|upkeep
|turn|4
|
|t:|1783984162
|switch|p1b: Incineroar|Incineroar, L50, F|21/100
|-ability|p1b: Incineroar|Intimidate|boost
|-unboost|p2a: Sinistcha|atk|1
|-unboost|p2b: Tyranitar|atk|1
|detailschange|p2b: Tyranitar|Tyranitar-Mega, L50, M
|-mega|p2b: Tyranitar|Tyranitar|Tyranitarite
|move|p2b: Tyranitar|Knock Off|p1a: Milotic
|-damage|p1a: Milotic|37/100
|-enditem|p1a: Milotic|Leftovers|[from] move: Knock Off|[of] p2b: Tyranitar
|move|p1a: Milotic|Hypnosis|p2a: Sinistcha
|-status|p2a: Sinistcha|slp|[from] move: Hypnosis
|cant|p2a: Sinistcha|slp
|
|-weather|Sandstorm|[upkeep]
|-damage|p1a: Milotic|31/100|[from] Sandstorm
|-damage|p2a: Sinistcha|87/100 slp|[from] Sandstorm
|-damage|p1b: Incineroar|15/100|[from] Sandstorm
|upkeep
|turn|5
|inactive|reTakeshi has 30 seconds left.
|inactive|paralyze u has 30 seconds left.
|
|t:|1783984195
|switch|p2a: Excadrill|Excadrill, L50, M|100/100
|move|p2b: Tyranitar|Protect|p2b: Tyranitar
|-singleturn|p2b: Tyranitar|Protect
|move|p1a: Milotic|Hypnosis|p2b: Tyranitar
|-activate|p2b: Tyranitar|move: Protect
|move|p1b: Incineroar|Parting Shot|p2a: Excadrill
|-unboost|p2a: Excadrill|atk|1
|-unboost|p2a: Excadrill|spa|1
|
|t:|1783984199
|switch|p1b: Sinistcha|Sinistcha, L50|93/100|[from] Parting Shot
|-heal|p1a: Milotic|55/100|[from] ability: Hospitality|[of] p1b: Sinistcha
|
|-weather|Sandstorm|[upkeep]
|-damage|p1a: Milotic|50/100y|[from] Sandstorm
|-damage|p1b: Sinistcha|87/100|[from] Sandstorm
|upkeep
|turn|6
|
|t:|1783984212
|switch|p2a: Sinistcha|Sinistcha, L50|87/100 slp
|-heal|p2b: Tyranitar|89/100|[from] ability: Hospitality|[of] p2a: Sinistcha
|move|p2b: Tyranitar|Knock Off|p1b: Sinistcha
|-supereffective|p1b: Sinistcha|1
|-damage|p1b: Sinistcha|16/100
|-enditem|p1b: Sinistcha|Kasib Berry|[from] move: Knock Off|[of] p2b: Tyranitar
|move|p1a: Milotic|Recover|p1a: Milotic
|-heal|p1a: Milotic|100/100
|move|p1b: Sinistcha|Matcha Gotcha|p2a: Sinistcha|[spread] 
|-miss|p1b: Sinistcha|p2a: Sinistcha
|-miss|p1b: Sinistcha|p2b: Tyranitar
|
|-weather|Sandstorm|[upkeep]
|-damage|p1a: Milotic|94/100|[from] Sandstorm
|-damage|p2a: Sinistcha|81/100 slp|[from] Sandstorm
|-damage|p1b: Sinistcha|10/100|[from] Sandstorm
|upkeep
|turn|7
|
|t:|1783984232
|switch|p1b: Incineroar|Incineroar, L50, F|15/100
|-ability|p1b: Incineroar|Intimidate|boost
|-unboost|p2a: Sinistcha|atk|1
|-unboost|p2b: Tyranitar|atk|1
|move|p2b: Tyranitar|Protect|p2b: Tyranitar
|-singleturn|p2b: Tyranitar|Protect
|move|p1a: Milotic|Muddy Water|p2b: Tyranitar|[spread] p2a
|-activate|p2b: Tyranitar|move: Protect
|-resisted|p2a: Sinistcha|1
|-damage|p2a: Sinistcha|70/100 slp
|-curestatus|p2a: Sinistcha|slp|[msg]
|move|p2a: Sinistcha|Matcha Gotcha|p1b: Incineroar|[spread] p1a,p1b
|-supereffective|p1a: Milotic|1
|-resisted|p1b: Incineroar|1
|-damage|p1a: Milotic|64/100
|-heal|p2a: Sinistcha|87/100|[from] drain|[of] p1a: Milotic
|-damage|p1b: Incineroar|4/100
|-heal|p2a: Sinistcha|93/100|[from] drain|[of] p1b: Incineroar
|
|-weather|none
|upkeep
|turn|8
|
|t:|1783984245
|switch|p2b: Primarina|Primarina, L50, F, shiny|86/100
|move|p1a: Milotic|Hypnosis|p2b: Primarina
|-status|p2b: Primarina|slp|[from] move: Hypnosis
|move|p2a: Sinistcha|Matcha Gotcha|p1b: Incineroar|[spread] p1a,p1b
|-supereffective|p1a: Milotic|1
|-crit|p1a: Milotic
|-resisted|p1b: Incineroar|1
|-damage|p1a: Milotic|16/100
|-heal|p2a: Sinistcha|100/100|[from] drain|[of] p1a: Milotic
|-damage|p1b: Incineroar|0 fnt
|faint|p1b: Incineroar
|
|upkeep
|
|t:|1783984249
|switch|p1b: Sinistcha|Sinistcha, L50|10/100
|-heal|p1a: Milotic|41/100|[from] ability: Hospitality|[of] p1b: Sinistcha
|turn|9
|
|t:|1783984272
|switch|p2b: Tyranitar|Tyranitar-Mega, L50, M|89/100
|-weather|Sandstorm|[from] ability: Sand Stream|[of] p2b: Tyranitar
|move|p2a: Sinistcha|Protect|p2a: Sinistcha
|-singleturn|p2a: Sinistcha|Protect
|move|p1a: Milotic|Hypnosis|p2a: Sinistcha
|-activate|p2a: Sinistcha|move: Protect
|move|p1b: Sinistcha|Life Dew|p1b: Sinistcha|[spread] p1a,p1b
|-heal|p1a: Milotic|66/100
|-heal|p1b: Sinistcha|35/100
|
|-weather|Sandstorm|[upkeep]
|-damage|p1a: Milotic|60/100|[from] Sandstorm
|-damage|p2a: Sinistcha|93/100|[from] Sandstorm
|-damage|p1b: Sinistcha|29/100|[from] Sandstorm
|upkeep
|turn|10
|
|t:|1783984288
|move|p2b: Tyranitar|Rock Slide|p1a: Milotic|[spread] p1b
|-miss|p2b: Tyranitar|p1a: Milotic
|-damage|p1b: Sinistcha|2/100
|move|p1a: Milotic|Hypnosis|p2b: Tyranitar
|-status|p2b: Tyranitar|slp|[from] move: Hypnosis
|move|p2a: Sinistcha|Matcha Gotcha|p1a: Milotic|[spread] p1a,p1b
|-supereffective|p1a: Milotic|1
|-crit|p1a: Milotic
|-resisted|p1b: Sinistcha|1
|-damage|p1a: Milotic|15/100
|-heal|p2a: Sinistcha|100/100|[from] drain|[of] p1a: Milotic
|-damage|p1b: Sinistcha|0 fnt
|faint|p1b: Sinistcha
|
|-weather|Sandstorm|[upkeep]
|-damage|p1a: Milotic|9/100|[from] Sandstorm
|-damage|p2a: Sinistcha|93/100|[from] Sandstorm
|upkeep
|
|t:|1783984295
|switch|p1b: Raichu|Raichu, L50, F|100/100
|turn|11
|
|t:|1783984310
|detailschange|p1b: Raichu|Raichu-Mega-Y, L50, F
|-mega|p1b: Raichu|Raichu|Raichunite Y
|move|p1b: Raichu|Zap Cannon|p2a: Sinistcha
|-resisted|p2a: Sinistcha|1
|-damage|p2a: Sinistcha|65/100
|-status|p2a: Sinistcha|par
|cant|p2b: Tyranitar|slp
|move|p1a: Milotic|Recover|p1a: Milotic
|-heal|p1a: Milotic|59/100
|move|p2a: Sinistcha|Matcha Gotcha|p1b: Raichu|[spread] p1a,p1b
|-supereffective|p1a: Milotic|1
|-damage|p1a: Milotic|25/100
|-heal|p2a: Sinistcha|84/100 par|[from] drain|[of] p1a: Milotic
|-damage|p1b: Raichu|66/100
|-heal|p2a: Sinistcha|100/100 par|[from] drain|[of] p1b: Raichu
|-status|p1a: Milotic|brn
|
|-weather|Sandstorm|[upkeep]
|-damage|p1b: Raichu|60/100|[from] Sandstorm
|-damage|p1a: Milotic|19/100 brn|[from] Sandstorm
|-damage|p2a: Sinistcha|93/100 par|[from] Sandstorm
|-damage|p1a: Milotic|13/100 brn|[from] brn
|upkeep
|turn|12
|
|t:|1783984325
|move|p2a: Sinistcha|Rage Powder|p2a: Sinistcha
|-singleturn|p2a: Sinistcha|move: Rage Powder
|move|p1b: Raichu|Focus Blast|p2a: Sinistcha
|-immune|p2a: Sinistcha
|cant|p2b: Tyranitar|slp
|move|p1a: Milotic|Recover|p1a: Milotic
|-heal|p1a: Milotic|63/100 brn
|
|-weather|Sandstorm|[upkeep]
|-damage|p1b: Raichu|54/100|[from] Sandstorm
|-damage|p1a: Milotic|57/100 brn|[from] Sandstorm
|-damage|p2a: Sinistcha|87/100 par|[from] Sandstorm
|-damage|p1a: Milotic|51/100 brn|[from] brn
|upkeep
|turn|13
|
|t:|1783984344
|switch|p2b: Primarina|Primarina, L50, F, shiny|86/100 slp
|move|p2a: Sinistcha|Protect|p2a: Sinistcha
|-singleturn|p2a: Sinistcha|Protect
|move|p1b: Raichu|Zap Cannon|p2a: Sinistcha
|-activate|p2a: Sinistcha|move: Protect
|move|p1a: Milotic|Muddy Water|p2b: Primarina|[spread] p2b
|-activate|p2a: Sinistcha|move: Protect
|-resisted|p2b: Primarina|1
|-damage|p2b: Primarina|76/100 slp
|-unboost|p2b: Primarina|accuracy|1
|
|-weather|none
|-damage|p1a: Milotic|46/100 brn|[from] brn
|upkeep
|turn|14
|inactive|reTakeshi has 30 seconds left.
|
|t:|1783984371
|move|p1b: Raichu|Zap Cannon|p2b: Primarina
|-supereffective|p2b: Primarina|1
|-damage|p2b: Primarina|0 fnt
|faint|p2b: Primarina
|move|p1a: Milotic|Recover|p1a: Milotic
|-heal|p1a: Milotic|96/100 brn
|move|p2a: Sinistcha|Matcha Gotcha|p1a: Milotic|[spread] p1a,p1b
|-supereffective|p1a: Milotic|1
|-damage|p1a: Milotic|62/100 brn
|-heal|p2a: Sinistcha|100/100 par|[from] drain|[of] p1a: Milotic
|-damage|p1b: Raichu|21/100
|
|-damage|p1a: Milotic|56/100 brn|[from] brn
|upkeep
|
|t:|1783984381
|switch|p2b: Excadrill|Excadrill, L50, M|100/100
|turn|15
|inactive|paralyze u has 30 seconds left.
|
|t:|1783984407
|switch|p2a: Tyranitar|Tyranitar-Mega, L50, M|89/100 slp
|-weather|Sandstorm|[from] ability: Sand Stream|[of] p2a: Tyranitar
|move|p2b: Excadrill|Protect|p2b: Excadrill
|-singleturn|p2b: Excadrill|Protect
|move|p1b: Raichu|Protect|p1b: Raichu
|-singleturn|p1b: Raichu|Protect
|move|p1a: Milotic|Hypnosis|p2b: Excadrill
|-activate|p2b: Excadrill|move: Protect
|
|-weather|Sandstorm|[upkeep]
|-damage|p1b: Raichu|15/100|[from] Sandstorm
|-damage|p1a: Milotic|50/100g brn|[from] Sandstorm
|-damage|p1a: Milotic|44/100 brn|[from] brn
|upkeep
|turn|16
|
|t:|1783984430
|move|p1b: Raichu|Protect||[still]
|-fail|p1b: Raichu
|move|p2b: Excadrill|Iron Head|p1b: Raichu
|-resisted|p1b: Raichu|1
|-damage|p1b: Raichu|0 fnt
|faint|p1b: Raichu
|-curestatus|p2a: Tyranitar|slp|[msg]
|move|p2a: Tyranitar|Low Kick|p1a: Milotic
|-damage|p1a: Milotic|25/100 brn
|move|p1a: Milotic|Hypnosis|p2b: Excadrill
|-status|p2b: Excadrill|slp|[from] move: Hypnosis
|
|-weather|Sandstorm|[upkeep]
|-damage|p1a: Milotic|19/100 brn|[from] Sandstorm
|-damage|p1a: Milotic|13/100 brn|[from] brn
|upkeep
|turn|17
|
|t:|1783984443
|cant|p2b: Excadrill|slp
|move|p2a: Tyranitar|Low Kick|p1a: Milotic
|-damage|p1a: Milotic|0 fnt
|faint|p1a: Milotic
|
|win|reTakeshi
||paralyze u is ready for game 2.
||reTakeshi is ready for game 2.
|uhtml|next|Next: Game 2 of 3
