|j|☆Barri Deagol
|j|☆Pazitas
|html|Barri DeagolPazitas    
|uhtml|bestof|Game 1 of a best-of-3
|t:|1756571318
|gametype|doubles
|player|p1|Barri Deagol|collector|1118
|player|p2|Pazitas|bianca|1067
|gen|9
|tier|[Gen 9] VGC 2025 Reg H (Bo3)
|rated|
|rule|Species Clause: Limit one of each Pokémon
|rule|Item Clause: Limit 1 of each item
|clearpoke
|poke|p1|Archaludon, L50, F|
|poke|p1|Dragonite, L50, M|
|poke|p1|Pelipper, L50, M|
|poke|p1|Ursaluna, L50, M|
|poke|p1|Sinistcha, L50|
|poke|p1|Gholdengo, L50|
|poke|p2|Pelipper, L50, F|
|poke|p2|Archaludon, L50, M|
|poke|p2|Basculegion, L50, M|
|poke|p2|Sinistcha, L50|
|poke|p2|Dragonite, L50, M|
|poke|p2|Incineroar, L50, M|
|teampreview|4
|showteam|p1|Archaludon||AssaultVest|Stamina|FlashCannon,BodyPress,ElectroShot,Snarl|||F|||50|,,,,,Fighting]Dragonite||LoadedDice|Multiscale|ScaleShot,Tailwind,Haze,Protect|||M|||50|,,,,,Fairy]Pelipper||FocusSash|Drizzle|MuddyWater,Hurricane,Tailwind,Protect|||M|||50|,,,,,Ghost]Ursaluna||FlameOrb|Guts|Facade,HeadlongRush,Earthquake,Protect|||M|||50|,,,,,Ghost]Sinistcha||SitrusBerry|Hospitality|MatchaGotcha,LifeDew,RagePowder,TrickRoom||||||50|,,,,,Dark]Gholdengo||ChoiceScarf|GoodasGold|MakeItRain,ShadowBall,Trick,Protect||||||50|,,,,,Flying
|showteam|p2|Pelipper||FocusSash|Drizzle|WeatherBall,Hurricane,Tailwind,Protect|||F|||50|,,,,,Ghost]Archaludon||AssaultVest|Stamina|DracoMeteor,ElectroShot,FlashCannon,BodyPress|||M|||50|,,,,,Grass]Basculegion||LifeOrb|SwiftSwim|WaveCrash,LastRespects,AquaJet,Protect|||M|||50|,,,,,Water]Sinistcha||SitrusBerry|Hospitality|MatchaGotcha,RagePowder,TrickRoom,LifeDew||||||50|,,,,,Water]Dragonite||LoadedDice|Multiscale|ScaleShot,ExtremeSpeed,Haze,Protect|||M|||50|,,,,,Fairy]Incineroar||SafetyGoggles|Intimidate|KnockOff,Taunt,FakeOut,PartingShot|||M|||50|,,,,,Ghost
|inactive|Battle timer is ON: inactive players will automatically lose when time's up. (requested by Barri Deagol)
|inactive|Barri Deagol has 60 seconds left.
|inactive|Pazitas has 60 seconds left.
|inactive|Barri Deagol has 30 seconds left.
|
|t:|1756571380
|teamsize|p1|4
|teamsize|p2|4
|start
|switch|p1a: Gholdengo|Gholdengo, L50|100/100
|switch|p1b: Sinistcha|Sinistcha, L50|100/100
|switch|p2a: Lights|Archaludon, L50, M|100/100
|switch|p2b: Kerry|Incineroar, L50, M|100/100
|-ability|p2b: Kerry|Intimidate|boost
|-unboost|p1a: Gholdengo|atk|1
|-unboost|p1b: Sinistcha|atk|1
|turn|1
|inactive|Barri Deagol has 30 seconds left.
|inactive|Pazitas has 30 seconds left.
|inactive|Barri Deagol has 20 seconds left.
|inactive|Pazitas has 20 seconds left.
|inactive|Barri Deagol has 15 seconds left.
|inactive|Pazitas has 15 seconds left.
|inactive|Pazitas has 10 seconds left.
|inactive|Pazitas has 5 seconds left.
|
|t:|1756571430
|-terastallize|p1a: Gholdengo|Flying
|move|p1a: Gholdengo|Trick|p2a: Lights
|-activate|p1a: Gholdengo|move: Trick|[of] p2a: Lights
|-item|p2a: Lights|Choice Scarf|[from] move: Trick
|-item|p1a: Gholdengo|Assault Vest|[from] move: Trick
|move|p2a: Lights|Draco Meteor|p1b: Sinistcha
|-damage|p1b: Sinistcha|40/100
|-unboost|p2a: Lights|spa|2
|-enditem|p1b: Sinistcha|Sitrus Berry|[eat]
|-heal|p1b: Sinistcha|65/100|[from] item: Sitrus Berry
|move|p2b: Kerry|Knock Off|p1b: Sinistcha
|-supereffective|p1b: Sinistcha
|-damage|p1b: Sinistcha|21/100
|move|p1b: Sinistcha|Life Dew|p1b: Sinistcha|[spread] p1b
|-immune|p1a: Gholdengo|[from] ability: Good as Gold
|-heal|p1b: Sinistcha|46/100
|
|upkeep
|turn|2
|inactive|Barri Deagol has 30 seconds left.
|inactive|Barri Deagol has 20 seconds left.
|inactive|Barri Deagol has 15 seconds left.
|inactive|Barri Deagol has 10 seconds left.
|inactive|Barri Deagol has 5 seconds left.
|
|t:|1756571482
|switch|p2a: Dragonite|Dragonite, L50, M|100/100
|switch|p1a: Archaludon|Archaludon, L50, F|100/100
|switch|p1b: Pelipper|Pelipper, L50, M|100/100
|-weather|RainDance|[from] ability: Drizzle|[of] p1b: Pelipper
|move|p2b: Kerry|Taunt|p1b: Pelipper
|-start|p1b: Pelipper|move: Taunt
|
|-weather|RainDance|[upkeep]
|upkeep
|turn|3
|inactive|Barri Deagol has 30 seconds left.
|
|t:|1756571507
|move|p2a: Dragonite|Scale Shot|p1b: Pelipper
|-damage|p1b: Pelipper|82/100
|-damage|p1b: Pelipper|64/100
|-damage|p1b: Pelipper|42/100
|-damage|p1b: Pelipper|23/100
|-hitcount|p1b: Pelipper|4
|-unboost|p2a: Dragonite|def|1
|-boost|p2a: Dragonite|spe|1
|move|p1b: Pelipper|Muddy Water|p2b: Kerry|[spread] p2a,p2b
|-resisted|p2a: Dragonite
|-supereffective|p2b: Kerry
|-damage|p2a: Dragonite|89/100
|-damage|p2b: Kerry|22/100
|move|p1a: Archaludon|Electro Shot||[still]
|-prepare|p1a: Archaludon|Electro Shot
|-boost|p1a: Archaludon|spa|1
|-anim|p1a: Archaludon|Electro Shot|p2b: Kerry
|-damage|p2b: Kerry|0 fnt
|faint|p2b: Kerry
|
|-weather|RainDance|[upkeep]
|upkeep
|j| Trestkon
|
|t:|1756571527
|switch|p2b: Lights|Archaludon, L50, M|100/100
|turn|4
|
|t:|1756571546
|switch|p1b: Gholdengo|Gholdengo, L50, tera:Flying|100/100
|move|p2a: Dragonite|Extreme Speed|p1b: Gholdengo
|-damage|p1b: Gholdengo|62/100
|move|p2b: Lights|Draco Meteor|p1a: Archaludon
|-damage|p1a: Archaludon|54/100
|-unboost|p2b: Lights|spa|2
|-ability|p1a: Archaludon|Stamina|boost
|-boost|p1a: Archaludon|def|1
|move|p1a: Archaludon|Electro Shot||[still]
|-prepare|p1a: Archaludon|Electro Shot
|-boost|p1a: Archaludon|spa|1
|-anim|p1a: Archaludon|Electro Shot|p2a: Dragonite
|-damage|p2a: Dragonite|18/100
|
|-weather|RainDance|[upkeep]
|upkeep
|turn|5
|inactive|Barri Deagol has 30 seconds left.
|inactive|Pazitas has 30 seconds left.
|
|t:|1756571578
|switch|p2b: Basculegion|Basculegion, L50, M|100/100
|switch|p1b: Sinistcha|Sinistcha, L50|46/100
|-heal|p1a: Archaludon|79/100|[from] ability: Hospitality|[of] p1b: Sinistcha
|move|p2a: Dragonite|Protect|p2a: Dragonite
|-singleturn|p2a: Dragonite|Protect
|move|p1a: Archaludon|Electro Shot||[still]
|-prepare|p1a: Archaludon|Electro Shot
|-boost|p1a: Archaludon|spa|1
|-anim|p1a: Archaludon|Electro Shot|p2a: Dragonite
|-activate|p2a: Dragonite|move: Protect
|
|-weather|RainDance|[upkeep]
|upkeep
|turn|6
|inactive|Barri Deagol has 30 seconds left.
|inactive|Pazitas has 30 seconds left.
|inactive|Pazitas has 20 seconds left.
|inactive|Pazitas has 15 seconds left.
|
|t:|1756571618
|move|p1b: Sinistcha|Rage Powder|p1b: Sinistcha
|-singleturn|p1b: Sinistcha|move: Rage Powder
|move|p2b: Basculegion|Last Respects|p1b: Sinistcha
|-supereffective|p1b: Sinistcha
|-damage|p1b: Sinistcha|0 fnt
|faint|p1b: Sinistcha
|-damage|p2b: Basculegion|91/100|[from] item: Life Orb
|move|p2a: Dragonite|Haze|p2a: Dragonite
|-clearallboost
|move|p1a: Archaludon|Electro Shot||[still]
|-prepare|p1a: Archaludon|Electro Shot
|-boost|p1a: Archaludon|spa|1
|-anim|p1a: Archaludon|Electro Shot|p2b: Basculegion
|-supereffective|p2b: Basculegion
|-damage|p2b: Basculegion|0 fnt
|faint|p2b: Basculegion
|
|-weather|none
|upkeep
|-message|Pazitas forfeited.
|
|win|Barri Deagol
|l|☆Pazitas
|player|p2|
||Pazitas is ready for game 2.
