|j|☆Arahelis
|j|‽RogueStar1
|html|ArahelisRogueStar1    
|uhtml|bestof|Game 1 of a best-of-3
|t:|1782730943
|gametype|doubles
|player|p1|Arahelis|sailor|1045
|player|p2|RogueStar1|2|1000
|gen|9
|tier|[Gen 9 Champions] VGC 2026 Reg M-B (Bo3)
|rated|
|rule|Species Clause: Limit one of each Pokémon
|rule|Item Clause: Limit 1 of each item
|clearpoke
|poke|p1|Eelektross, L50, M|
|poke|p1|Zoroark-Hisui, L50, F|
|poke|p1|Ninetales-Alola, L50, F|
|poke|p1|Whimsicott, L50, M|
|poke|p1|Scrafty, L50, M|
|poke|p1|Garchomp, L50, F|
|poke|p2|Basculegion, L50, M|
|poke|p2|Garchomp, L50, F|
|poke|p2|Kingambit, L50, F|
|poke|p2|Sylveon, L50, M|
|poke|p2|Incineroar, L50, M|
|poke|p2|Whimsicott, L50, M|
|teampreview|4
|showteam|p1|Eelektross||Eelektrossite|Levitate|GigaDrain,Thunderbolt,Flamethrower,Protect|Modest||M|||50|]Zoroark-Hisui||FocusSash|Illusion|IcyWind,BitterMalice,Snarl,Protect|Timid||F|||50|]Ninetales-Alola||LightClay|SnowWarning|AuroraVeil,Blizzard,DazzlingGleam,Protect|Timid||F|||50|]Whimsicott||MentalHerb|Prankster|Encore,FakeTears,Tailwind,LeechSeed|Calm||M|||50|]Scrafty||SitrusBerry|Intimidate|FakeOut,QuickGuard,KnockOff,Protect|Careful||M|||50|]Garchomp||LifeOrb|RoughSkin|Earthquake,RockSlide,BreakingSwipe,Protect|Jolly||F|||50|
|showteam|p2|Basculegion||ChoiceScarf|Adaptability|LastRespects,WaveCrash,Liquidation,FlipTurn|Jolly||M|||50|]Garchomp||LifeOrb|RoughSkin|Earthquake,DragonClaw,RockSlide,Protect|Jolly||F|||50|]Kingambit||ChopleBerry|Defiant|KowtowCleave,SuckerPunch,IronHead,LowKick|Adamant||F|||50|]Sylveon||FairyFeather|Pixilate|HyperBeam,HyperVoice,Yawn,Protect|Modest||M|||50|]Incineroar||SitrusBerry|Intimidate|FakeOut,FlareBlitz,ThroatChop,PartingShot|Impish||M|||50|]Whimsicott||FocusSash|Prankster|Moonblast,Encore,Tailwind,Protect|Timid||M|||50|
|inactive|Battle timer is ON: inactive players will automatically lose when time's up. (requested by RogueStar1)
|c|☆Arahelis|glhf
|
|t:|1782730968
|teamsize|p1|4
|teamsize|p2|4
|start
|switch|p1a: Cephadrome|Garchomp, L50, F|100/100
|switch|p1b: Shakalaka King|Whimsicott, L50, M|100/100
|switch|p2a: Incineroar|Incineroar, L50, M|100/100
|switch|p2b: Garchomp|Garchomp, L50, F|100/100
|-ability|p2a: Incineroar|Intimidate|boost
|-unboost|p1a: Cephadrome|atk|1
|-unboost|p1b: Shakalaka King|atk|1
|turn|1
|
|t:|1782730984
|switch|p2a: Sylveon|Sylveon, L50, M|100/100
|move|p1b: Shakalaka King|Tailwind|p1b: Shakalaka King
|-sidestart|p1: Arahelis|move: Tailwind
|move|p1a: Cephadrome|Icy Wind|p2b: Garchomp|[spread] p2a,p2b
|-supereffective|p2b: Garchomp|2
|-damage|p2a: Sylveon|90/100
|-damage|p2b: Garchomp|32/100
|-unboost|p2a: Sylveon|spe|1
|-unboost|p2b: Garchomp|spe|1
|move|p2b: Garchomp|Rock Slide|p1b: Shakalaka King|[spread] p1a,p1b
|-damage|p1a: Cephadrome|47/100
|-damage|p1b: Shakalaka King|71/100
|replace|p1a: Lunagaron|Zoroark-Hisui, L50, F
|-end|p1a: Lunagaron|Illusion
|-damage|p2b: Garchomp|22/100|[from] item: Life Orb
|
|upkeep
|turn|2
|
|t:|1782731002
|move|p2a: Sylveon|Protect|p2a: Sylveon
|-singleturn|p2a: Sylveon|Protect
|move|p1b: Shakalaka King|Fake Tears|p2a: Sylveon
|-activate|p2a: Sylveon|move: Protect
|move|p1a: Lunagaron|Icy Wind|p2b: Garchomp|[spread] p2b
|-activate|p2a: Sylveon|move: Protect
|-supereffective|p2b: Garchomp|2
|-crit|p2b: Garchomp
|-damage|p2b: Garchomp|0 fnt
|faint|p2b: Garchomp
|
|upkeep
|
|t:|1782731011
|switch|p2b: Incineroar|Incineroar, L50, M|100/100
|-ability|p2b: Incineroar|Intimidate|boost
|-unboost|p1a: Lunagaron|atk|1
|-unboost|p1b: Shakalaka King|atk|1
|turn|3
|
|t:|1782731031
|move|p2b: Incineroar|Fake Out|p1a: Lunagaron
|-immune|p1a: Lunagaron
|move|p1b: Shakalaka King|Fake Tears|p2a: Sylveon
|-unboost|p2a: Sylveon|spd|2
|move|p1a: Lunagaron|Icy Wind|p2a: Sylveon|[spread] p2a,p2b
|-resisted|p2b: Incineroar|1
|-damage|p2a: Sylveon|71/100
|-damage|p2b: Incineroar|94/100
|-unboost|p2a: Sylveon|spe|1
|-unboost|p2b: Incineroar|spe|1
|move|p2a: Sylveon|Yawn|p1b: Shakalaka King
|-start|p1b: Shakalaka King|move: Yawn|[of] p2a: Sylveon
|
|upkeep
|turn|4
|
|t:|1782731050
|switch|p2a: Basculegion|Basculegion, L50, M|100/100
|move|p1b: Shakalaka King|Encore||[still]
|-fail|p1b: Shakalaka King
|move|p1a: Lunagaron|Icy Wind|p2a: Basculegion|[spread] p2a,p2b
|-resisted|p2a: Basculegion|1
|-resisted|p2b: Incineroar|1
|-damage|p2a: Basculegion|92/100
|-damage|p2b: Incineroar|88/100
|-unboost|p2a: Basculegion|spe|1
|-unboost|p2b: Incineroar|spe|1
|move|p2b: Incineroar|Parting Shot|p1a: Lunagaron
|-unboost|p1a: Lunagaron|atk|1
|-unboost|p1a: Lunagaron|spa|1
|
|t:|1782731061
|switch|p2b: Sylveon|Sylveon, L50, M|71/100|[from] Parting Shot
|
|-end|p1b: Shakalaka King|move: Yawn|[silent]
|-status|p1b: Shakalaka King|slp
|-sideend|p1: Arahelis|move: Tailwind
|upkeep
|turn|5
|
|t:|1782731079
|move|p2b: Sylveon|Protect|p2b: Sylveon
|-singleturn|p2b: Sylveon|Protect
|cant|p1b: Shakalaka King|slp
|move|p1a: Lunagaron|Snarl|p2b: Sylveon|[spread] p2a
|-activate|p2b: Sylveon|move: Protect
|-supereffective|p2a: Basculegion|1
|-damage|p2a: Basculegion|70/100
|-unboost|p2a: Basculegion|spa|1
|move|p2a: Basculegion|Flip Turn|p1b: Shakalaka King
|-resisted|p1b: Shakalaka King|1
|-damage|p1b: Shakalaka King|53/100 slp
|
|t:|1782731091
|switch|p2a: Incineroar|Incineroar, L50, M|88/100|[from] Flip Turn
|-ability|p2a: Incineroar|Intimidate|boost
|-unboost|p1a: Lunagaron|atk|1
|-unboost|p1b: Shakalaka King|atk|1
|
|upkeep
|turn|6
|
|t:|1782731100
|-curestatus|p1b: Shakalaka King|slp|[msg]
|move|p1b: Shakalaka King|Tailwind|p1b: Shakalaka King
|-sidestart|p1: Arahelis|move: Tailwind
|move|p1a: Lunagaron|Snarl|p2b: Sylveon|[spread] p2a,p2b
|-resisted|p2a: Incineroar|1
|-resisted|p2b: Sylveon|1
|-damage|p2a: Incineroar|84/100
|-damage|p2b: Sylveon|67/100
|-unboost|p2a: Incineroar|spa|1
|-unboost|p2b: Sylveon|spa|1
|move|p2a: Incineroar|Flare Blitz|p1b: Shakalaka King
|-supereffective|p1b: Shakalaka King|1
|-damage|p1b: Shakalaka King|0 fnt
|faint|p1b: Shakalaka King
|-damage|p2a: Incineroar|69/100|[from] Recoil
|move|p2b: Sylveon|Hyper Voice|p1a: Lunagaron
|-damage|p1a: Lunagaron|0 fnt
|faint|p1a: Lunagaron
|
|upkeep
|
|t:|1782731116
|switch|p1a: Khezu|Eelektross, L50, M|100/100
|switch|p1b: Cephadrome|Garchomp, L50, F|100/100
|turn|7
|
|t:|1782731123
|detailschange|p1a: Khezu|Eelektross-Mega, L50, M
|-mega|p1a: Khezu|Eelektross|Eelektrossite
|move|p1b: Cephadrome|Earthquake|p2a: Incineroar|[spread] p2a,p2b
|-immune|p1a: Khezu|[from] ability: Levitate
|-supereffective|p2a: Incineroar|1
|-damage|p2a: Incineroar|0 fnt
|-damage|p2b: Sylveon|5/100
|faint|p2a: Incineroar
|-damage|p1b: Cephadrome|90/100|[from] item: Life Orb
|move|p1a: Khezu|Thunderbolt|p2b: Sylveon
|-damage|p2b: Sylveon|0 fnt
|faint|p2b: Sylveon
|-ability|p1a: Khezu|Eelevate|boost
|-boost|p1a: Khezu|spa|1
|
|upkeep
|l|‽RogueStar1
|inactive|RogueStar1 disconnected and has a minute to reconnect!
|player|p2|
|inactive|RogueStar1 has 30 seconds left.
|inactive|RogueStar1 has 20 seconds left.
|inactive|RogueStar1 has 15 seconds left.
|inactive|RogueStar1 has 10 seconds left.
|j|‽RogueStar1
|inactive|RogueStar1 reconnected and has 10 seconds left.
|player|p2|RogueStar1|2|
|-message|RogueStar1 forfeited.
|
|win|Arahelis
|l|‽RogueStar1
|player|p2|
||Arahelis is ready for game 2.
|raw|Arahelis's rating: 1045 → 1074(+29 for winning)
|raw|RogueStar1's rating: 1000 → 1000(+0 for losing)
