|j|☆magmar de morango
|j|☆j3rrypl4ys
|html|magmar de morangoj3rrypl4ys    
|uhtml|bestof|Game 3 of a best-of-3
|t:|1756528910
|gametype|doubles
|player|p1|magmar de morango|acetrainersnowf|1000
|player|p2|j3rrypl4ys|169|1000
|gen|9
|tier|[Gen 9] VGC 2025 Reg H (Bo3)
|rated|
|rule|Species Clause: Limit one of each Pokémon
|rule|Item Clause: Limit 1 of each item
|clearpoke
|poke|p1|Sneasler, L50, F|
|poke|p1|Rillaboom, L50, M|
|poke|p1|Primarina, L50, M|
|poke|p1|Dragapult, L50, M|
|poke|p1|Kingambit, L50, M|
|poke|p1|Magmar, L50, M|
|poke|p2|Dragonite, L50, F|
|poke|p2|Incineroar, L50, M|
|poke|p2|Annihilape, L50, M|
|poke|p2|Dondozo, L50, M|
|poke|p2|Rillaboom, L50, F|
|poke|p2|Gholdengo, L50|
|teampreview|4
|showteam|p1|Sneasler||GrassySeed|Unburden|CloseCombat,DireClaw,Acrobatics,FakeOut|||F|||50|,,,,,Flying]Rillaboom||AssaultVest|GrassySurge|WoodHammer,GrassyGlide,Uturn,FakeOut|||M|||50|,,,,,Fire]Primarina||SitrusBerry|LiquidVoice|HyperVoice,Moonblast,Haze,Protect|||M|||50|,,,,,Poison]Dragapult||ChoiceBand|ClearBody|DragonDarts,PhantomForce,Outrage,Uturn|||M|||50|,,,,,Dragon]Kingambit||BlackGlasses|Defiant|KowtowCleave,SuckerPunch,SwordsDance,Protect|||M|||50|,,,,,Dark]Magmar||Eviolite|VitalSpirit|Overheat,WillOWisp,FollowMe,Protect|||M|||50|,,,,,Dragon
|showteam|p2|Dragonite||LoadedDice|Multiscale|Protect,ScaleShot,Tailwind,Haze|||F|||50|,,,,,Fairy]Incineroar||SafetyGoggles|Intimidate|FakeOut,KnockOff,FlareBlitz,PartingShot|||M|||50|,,,,,Ghost]Annihilape||FocusSash|Defiant|Protect,Coaching,RageFist,CloseCombat|||M|||50|,,,,,Stellar]Dondozo||Leftovers|Unaware|Protect,WaveCrash,Yawn,Fissure|||M|||50|,,,,,Grass]Rillaboom||AssaultVest|GrassySurge|FakeOut,GrassyGlide,HighHorsepower,WoodHammer|||F|||50|,,,,,Fire]Gholdengo||SitrusBerry|GoodasGold|Protect,NastyPlot,MakeItRain,ShadowBall||||||50|,,,,,Water
|inactive|Battle timer is ON: inactive players will automatically lose when time's up. (requested by j3rrypl4ys)
|inactive|magmar de morango has 60 seconds left.
|
|t:|1756528948
|teamsize|p1|4
|teamsize|p2|4
|start
|switch|p1a: Dragapult|Dragapult, L50, M|100/100
|switch|p1b: Rillaboom|Rillaboom, L50, M|100/100
|switch|p2a: Rillaboom|Rillaboom, L50, F, shiny|100/100
|switch|p2b: Gholdengo|Gholdengo, L50|100/100
|-fieldstart|move: Grassy Terrain|[from] ability: Grassy Surge|[of] p2a: Rillaboom
|turn|1
|inactive|magmar de morango has 30 seconds left.
|
|t:|1756528978
|switch|p2b: Dondozo|Dondozo, L50, M|100/100
|-terastallize|p1a: Dragapult|Dragon
|move|p2a: Rillaboom|Fake Out|p1b: Rillaboom
|-damage|p1b: Rillaboom|89/100
|move|p1a: Dragapult|Dragon Darts|p2a: Rillaboom
|-damage|p2a: Rillaboom|53/100
|-anim|p1a: Dragapult|Dragon Darts|p2b: Dondozo
|-damage|p2b: Dondozo|68/100
|cant|p1b: Rillaboom|flinch
|
|-heal|p2a: Rillaboom|59/100|[from] Grassy Terrain
|-heal|p1b: Rillaboom|95/100|[from] Grassy Terrain
|-heal|p2b: Dondozo|74/100|[from] Grassy Terrain
|-heal|p2b: Dondozo|80/100|[from] item: Leftovers
|upkeep
|turn|2
|
|t:|1756529003
|switch|p2a: Gholdengo|Gholdengo, L50|100/100
|move|p2b: Dondozo|Protect|p2b: Dondozo
|-singleturn|p2b: Dondozo|Protect
|move|p1a: Dragapult|Dragon Darts|p2a: Gholdengo
|-resisted|p2a: Gholdengo
|-damage|p2a: Gholdengo|71/100
|-anim|p1a: Dragapult|Dragon Darts|p2a: Gholdengo
|-resisted|p2a: Gholdengo
|-damage|p2a: Gholdengo|44/100
|-enditem|p2a: Gholdengo|Sitrus Berry|[eat]
|-heal|p2a: Gholdengo|69/100|[from] item: Sitrus Berry
|move|p1b: Rillaboom|Wood Hammer|p2b: Dondozo
|-activate|p2b: Dondozo|move: Protect
|
|-heal|p2a: Gholdengo|75/100|[from] Grassy Terrain
|-heal|p1b: Rillaboom|100/100|[from] Grassy Terrain
|-heal|p2b: Dondozo|86/100|[from] Grassy Terrain
|-heal|p2b: Dondozo|93/100|[from] item: Leftovers
|upkeep
|turn|3
|inactive|magmar de morango has 30 seconds left.
|inactive|magmar de morango has 20 seconds left.
|inactive|magmar de morango has 15 seconds left.
|inactive|magmar de morango has 10 seconds left.
|
|t:|1756529049
|switch|p2b: Rillaboom|Rillaboom, L50, F, shiny|59/100
|move|p1a: Dragapult|Dragon Darts|p2a: Gholdengo
|-resisted|p2a: Gholdengo
|-damage|p2a: Gholdengo|48/100
|-anim|p1a: Dragapult|Dragon Darts|p2b: Rillaboom
|-damage|p2b: Rillaboom|17/100
|move|p2a: Gholdengo|Nasty Plot|p2a: Gholdengo
|-boost|p2a: Gholdengo|spa|2
|move|p1b: Rillaboom|Wood Hammer|p2b: Rillaboom
|-resisted|p2b: Rillaboom
|-damage|p2b: Rillaboom|0 fnt
|faint|p2b: Rillaboom
|-damage|p1b: Rillaboom|95/100|[from] Recoil
|
|-heal|p2a: Gholdengo|54/100|[from] Grassy Terrain
|-heal|p1b: Rillaboom|100/100|[from] Grassy Terrain
|upkeep
|
|t:|1756529069
|switch|p2b: Dragonite|Dragonite, L50, F, shiny|100/100
|turn|4
|inactive|magmar de morango has 30 seconds left.
|
|t:|1756529101
|move|p2b: Dragonite|Protect|p2b: Dragonite
|-singleturn|p2b: Dragonite|Protect
|move|p2a: Gholdengo|Protect|p2a: Gholdengo
|-singleturn|p2a: Gholdengo|Protect
|move|p1a: Dragapult|Dragon Darts|p2b: Dragonite
|-activate|p2a: Gholdengo|move: Protect
|move|p1b: Rillaboom|Wood Hammer|p2a: Gholdengo
|-activate|p2a: Gholdengo|move: Protect
|
|-heal|p2a: Gholdengo|60/100|[from] Grassy Terrain
|upkeep
|turn|5
|
|t:|1756529121
|-terastallize|p2b: Dragonite|Fairy
|move|p1b: Rillaboom|Grassy Glide|p2b: Dragonite
|-damage|p2b: Dragonite|78/100
|move|p1a: Dragapult|Dragon Darts|p2a: Gholdengo
|-resisted|p2a: Gholdengo
|-damage|p2a: Gholdengo|35/100
|-anim|p1a: Dragapult|Dragon Darts|p2a: Gholdengo
|-resisted|p2a: Gholdengo
|-damage|p2a: Gholdengo|10/100
|move|p2b: Dragonite|Scale Shot|p1a: Dragapult
|-supereffective|p1a: Dragapult
|-damage|p1a: Dragapult|60/100
|-supereffective|p1a: Dragapult
|-damage|p1a: Dragapult|20/100
|-supereffective|p1a: Dragapult
|-damage|p1a: Dragapult|0 fnt
|faint|p1a: Dragapult
|-hitcount|p1: Dragapult|3
|-unboost|p2b: Dragonite|def|1
|-boost|p2b: Dragonite|spe|1
|move|p2a: Gholdengo|Make It Rain|p1b: Rillaboom
|-damage|p1b: Rillaboom|0 fnt
|-unboost|p2a: Gholdengo|spa|1
|faint|p1b: Rillaboom
|
|-heal|p2b: Dragonite|84/100|[from] Grassy Terrain
|-heal|p2a: Gholdengo|16/100|[from] Grassy Terrain
|-fieldend|move: Grassy Terrain
|upkeep
|inactive|magmar de morango has 30 seconds left.
|
|t:|1756529147
|switch|p1a: Kingambit|Kingambit, L50, M|100/100
|switch|p1b: Sneasler|Sneasler, L50, F|100/100
|turn|6
|
|t:|1756529171
|move|p2b: Dragonite|Protect|p2b: Dragonite
|-singleturn|p2b: Dragonite|Protect
|move|p1a: Kingambit|Sucker Punch|p2a: Gholdengo
|-supereffective|p2a: Gholdengo
|-damage|p2a: Gholdengo|0 fnt
|faint|p2a: Gholdengo
|move|p1b: Sneasler|Dire Claw|p2b: Dragonite
|-activate|p2b: Dragonite|move: Protect
|
|upkeep
|
|t:|1756529176
|switch|p2a: Dondozo|Dondozo, L50, M|93/100
|turn|7
|
|t:|1756529201
|move|p2b: Dragonite|Scale Shot|p1b: Sneasler
|-damage|p1b: Sneasler|75/100
|-damage|p1b: Sneasler|49/100
|-damage|p1b: Sneasler|24/100
|-damage|p1b: Sneasler|0 fnt
|faint|p1b: Sneasler
|-hitcount|p1: Sneasler|4
|-unboost|p2b: Dragonite|def|1
|-boost|p2b: Dragonite|spe|1
|move|p1a: Kingambit|Kowtow Cleave|p2a: Dondozo
|-damage|p2a: Dondozo|58/100
|move|p2a: Dondozo|Yawn|p1a: Kingambit
|-start|p1a: Kingambit|move: Yawn|[of] p2a: Dondozo
|
|-heal|p2a: Dondozo|65/100|[from] item: Leftovers
|upkeep
|turn|8
|
|t:|1756529218
|move|p2b: Dragonite|Protect|p2b: Dragonite
|-singleturn|p2b: Dragonite|Protect
|move|p2a: Dondozo|Protect|p2a: Dondozo
|-singleturn|p2a: Dondozo|Protect
|move|p1a: Kingambit|Kowtow Cleave|p2b: Dragonite
|-activate|p2b: Dragonite|move: Protect
|
|-heal|p2a: Dondozo|71/100|[from] item: Leftovers
|-end|p1a: Kingambit|move: Yawn|[silent]
|-status|p1a: Kingambit|slp
|upkeep
|turn|9
|
|t:|1756529223
|move|p2b: Dragonite|Scale Shot|p1a: Kingambit
|-resisted|p1a: Kingambit
|-damage|p1a: Kingambit|95/100 slp
|-resisted|p1a: Kingambit
|-damage|p1a: Kingambit|90/100 slp
|-resisted|p1a: Kingambit
|-damage|p1a: Kingambit|84/100 slp
|-resisted|p1a: Kingambit
|-damage|p1a: Kingambit|78/100 slp
|-hitcount|p1a: Kingambit|4
|-unboost|p2b: Dragonite|def|1
|-boost|p2b: Dragonite|spe|1
|cant|p1a: Kingambit|slp
|move|p2a: Dondozo|Wave Crash|p1a: Kingambit
|-damage|p1a: Kingambit|48/100 slp
|-damage|p2a: Dondozo|63/100|[from] Recoil
|
|-heal|p2a: Dondozo|69/100|[from] item: Leftovers
|upkeep
|turn|10
|
|t:|1756529229
|move|p2b: Dragonite|Scale Shot|p1a: Kingambit
|-resisted|p1a: Kingambit
|-damage|p1a: Kingambit|43/100 slp
|-resisted|p1a: Kingambit
|-damage|p1a: Kingambit|37/100 slp
|-resisted|p1a: Kingambit
|-damage|p1a: Kingambit|31/100 slp
|-resisted|p1a: Kingambit
|-damage|p1a: Kingambit|25/100 slp
|-hitcount|p1a: Kingambit|4
|-unboost|p2b: Dragonite|def|1
|-boost|p2b: Dragonite|spe|1
|cant|p1a: Kingambit|slp
|move|p2a: Dondozo|Wave Crash|p1a: Kingambit
|-damage|p1a: Kingambit|0 fnt
|faint|p1a: Kingambit
|-damage|p2a: Dondozo|63/100|[from] Recoil
|
|win|j3rrypl4ys
|raw|magmar de morango's rating: 1000 → 1000(+0 for losing)
|raw|j3rrypl4ys's rating: 1000 → 1040(+40 for winning)
|l|☆magmar de morango
|player|p1|
