|j|☆The RU Agenda
|j|☆CaratroncoSun
|html|The RU AgendaCaratroncoSun    
|uhtml|bestof|Game 3 of a best-of-3
|t:|1784129651
|gametype|doubles
|player|p1|The RU Agenda|101|1305
|player|p2|CaratroncoSun|juan|1278
|gen|9
|tier|[Gen 9 Champions] VGC 2026 Reg M-B (Bo3)
|rated|
|rule|Species Clause: Limit one of each Pokémon
|rule|Item Clause: Limit 1 of each item
|clearpoke
|poke|p1|Gardevoir, L50, M|
|poke|p1|Basculegion, L50, M|
|poke|p1|Talonflame, L50, F|
|poke|p1|Maushold, L50|
|poke|p1|Kingambit, L50, F|
|poke|p1|Chesnaught, L50, M|
|poke|p2|Charizard, L50, F, shiny|
|poke|p2|Venusaur, L50, M, shiny|
|poke|p2|Whimsicott, L50, M, shiny|
|poke|p2|Basculegion, L50, M|
|poke|p2|Tyranitar, L50, M|
|poke|p2|Mamoswine, L50, F|
|teampreview|4
|showteam|p1|Gardevoir||Gardevoirite|Trace|HyperVoice,Psychic,Thunderbolt,Protect|Modest||M|||50|]Basculegion||ChoiceScarf|Adaptability|WaveCrash,LastRespects,FlipTurn,AquaJet|Jolly||M|||50|]Talonflame||SharpBeak|GaleWings|DualWingbeat,FlareBlitz,Tailwind,Protect|Jolly||F|||50|]Maushold||FocusSash|FriendGuard|SuperFang,Feint,FollowMe,Protect|Jolly|||||50|]Kingambit||ExpertBelt|Defiant|KowtowCleave,SuckerPunch,IronHead,LowKick|Jolly||F|||50|]Chesnaught||Leftovers|Bulletproof|SpikyShield,WideGuard,IronDefense,BodyPress|Impish||M|||50|
|showteam|p2|Charizard||CharizarditeY|Blaze|Protect,SolarBeam,HeatWave,AirSlash|Modest||F|||50|]Venusaur||WideLens|Chlorophyll|Protect,GigaDrain,EarthPower,SleepPowder|Modest||M|||50|]Whimsicott||FocusSash|Prankster|Protect,Moonblast,Tailwind,Encore|Timid||M|||50|]Basculegion||MysticWater|Adaptability|Protect,AquaJet,WaveCrash,LastRespects|Adamant||M|||50|]Tyranitar||Tyranitarite|SandStream|Protect,RockSlide,KnockOff,LowKick|Adamant||M|||50|]Mamoswine||LifeOrb|Oblivious|Protect,HighHorsepower,RockSlide,IceShard|Adamant||F|||50|
|inactive|Battle timer is ON: inactive players will automatically lose when time's up. (requested by The RU Agenda)
|
|t:|1784129714
|teamsize|p1|4
|teamsize|p2|4
|start
|switch|p1a: Gardevoir|Gardevoir, L50, M|100/100
|switch|p1b: Talonflame|Talonflame, L50, F|100/100
|switch|p2a: Tyranitar|Tyranitar, L50, M|100/100
|switch|p2b: Whimsicott|Whimsicott, L50, M, shiny|100/100
|-ability|p1a: Gardevoir|Sand Stream|Trace|[from] ability: Trace|[of] p2a: Tyranitar
|-weather|Sandstorm|[from] ability: Sand Stream|[of] p1a: Gardevoir
|turn|1
|
|t:|1784129734
|detailschange|p1a: Gardevoir|Gardevoir-Mega, L50, M
|-mega|p1a: Gardevoir|Gardevoir|Gardevoirite
|detailschange|p2a: Tyranitar|Tyranitar-Mega, L50, M
|-mega|p2a: Tyranitar|Tyranitar|Tyranitarite
|move|p2b: Whimsicott|Protect|p2b: Whimsicott
|-singleturn|p2b: Whimsicott|Protect
|move|p1b: Talonflame|Tailwind|p1b: Talonflame
|-sidestart|p1: The RU Agenda|move: Tailwind
|move|p1a: Gardevoir|Hyper Voice|p2a: Tyranitar|[spread] p2a
|-activate|p2b: Whimsicott|move: Protect
|-supereffective|p2a: Tyranitar|1
|-damage|p2a: Tyranitar|48/100
|move|p2a: Tyranitar|Rock Slide|p1a: Gardevoir|[spread] p1a,p1b
|-supereffective|p1b: Talonflame|2
|-damage|p1a: Gardevoir|34/100
|-damage|p1b: Talonflame|0 fnt
|faint|p1b: Talonflame
|
|-weather|Sandstorm|[upkeep]
|-damage|p1a: Gardevoir|28/100|[from] Sandstorm
|-damage|p2b: Whimsicott|94/100|[from] Sandstorm
|upkeep
|
|t:|1784129757
|switch|p1b: Kingambit|Kingambit, L50, F|100/100
|turn|2
|
|t:|1784129774
|move|p2a: Tyranitar|Protect|p2a: Tyranitar
|-singleturn|p2a: Tyranitar|Protect
|move|p2b: Whimsicott|Tailwind|p2b: Whimsicott
|-sidestart|p2: CaratroncoSun|move: Tailwind
|move|p1a: Gardevoir|Hyper Voice|p2b: Whimsicott|[spread] p2b
|-activate|p2a: Tyranitar|move: Protect
|-damage|p2b: Whimsicott|0 fnt
|faint|p2b: Whimsicott
|move|p1b: Kingambit|Iron Head|p2a: Tyranitar
|-activate|p2a: Tyranitar|move: Protect
|
|-weather|Sandstorm|[upkeep]
|-damage|p1a: Gardevoir|22/100|[from] Sandstorm
|upkeep
|
|t:|1784129793
|switch|p2b: Mamoswine|Mamoswine, L50, F|100/100
|turn|3
|
|t:|1784129804
|move|p2b: Mamoswine|Ice Shard|p1a: Gardevoir
|-damage|p1a: Gardevoir|0 fnt
|faint|p1a: Gardevoir
|-damage|p2b: Mamoswine|90/100|[from] item: Life Orb
|move|p1b: Kingambit|Low Kick|p2a: Tyranitar
|-supereffective|p2a: Tyranitar|2
|-damage|p2a: Tyranitar|0 fnt
|faint|p2a: Tyranitar
|
|-weather|Sandstorm|[upkeep]
|upkeep
|
|t:|1784129814
|switch|p1a: Basculegion|Basculegion, L50, M|100/100
|switch|p2a: Basculegion|Basculegion, L50, M|100/100
|turn|4
|
|t:|1784129833
|move|p2b: Mamoswine|Protect|p2b: Mamoswine
|-singleturn|p2b: Mamoswine|Protect
|move|p2a: Basculegion|Protect|p2a: Basculegion
|-singleturn|p2a: Basculegion|Protect
|move|p1a: Basculegion|Last Respects|p2a: Basculegion
|-activate|p2a: Basculegion|move: Protect
|move|p1b: Kingambit|Iron Head|p2b: Mamoswine
|-activate|p2b: Mamoswine|move: Protect
|
|-weather|Sandstorm|[upkeep]
|-damage|p1a: Basculegion|93/100|[from] Sandstorm
|-damage|p2a: Basculegion|93/100|[from] Sandstorm
|-sideend|p1: The RU Agenda|move: Tailwind
|upkeep
|turn|5
|
|t:|1784129851
|move|p2a: Basculegion|Aqua Jet|p1a: Basculegion
|-resisted|p1a: Basculegion|1
|-damage|p1a: Basculegion|76/100
|move|p1b: Kingambit|Sucker Punch||[still]
|-fail|p1b: Kingambit
|move|p2b: Mamoswine|High Horsepower|p1a: Basculegion
|-damage|p1a: Basculegion|1/100
|-damage|p2b: Mamoswine|80/100|[from] item: Life Orb
|move|p1a: Basculegion|Last Respects|p2b: Mamoswine
|-crit|p2b: Mamoswine
|-damage|p2b: Mamoswine|0 fnt
|faint|p2b: Mamoswine
|
|-weather|none
|-sideend|p2: CaratroncoSun|move: Tailwind
|upkeep
|turn|6
|
|t:|1784129867
|move|p2a: Basculegion|Aqua Jet|p1a: Basculegion
|-resisted|p1a: Basculegion|1
|-damage|p1a: Basculegion|0 fnt
|faint|p1a: Basculegion
|move|p1b: Kingambit|Kowtow Cleave|p2a: Basculegion
|-supereffective|p2a: Basculegion|1
|-damage|p2a: Basculegion|0 fnt
|faint|p2a: Basculegion
|
|win|The RU Agenda
|raw|The RU Agenda's rating: 1305 → 1323(+18 for winning)
|raw|CaratroncoSun's rating: 1278 → 1255(-23 for losing)
