|j|☆glofer
|j|☆ClasiusClap
|html|gloferClasiusClap    
|uhtml|bestof|Game 3 of a best-of-3
|t:|1786199438
|gametype|doubles
|player|p1|glofer|blackbelt|1092
|player|p2|ClasiusClap|2|1113
|gen|9
|tier|[Gen 9 Champions] VGC 2026 Reg M-B (Bo3)
|rated|
|rule|Species Clause: Limit one of each Pokémon
|rule|Item Clause: Limit 1 of each item
|clearpoke
|poke|p1|Sandaconda, L50, F|
|poke|p1|Mamoswine, L50, F|
|poke|p1|Garchomp, L50, F|
|poke|p1|Steelix, L50, F|
|poke|p1|Krookodile, L50, M|
|poke|p1|Gliscor, L50, F|
|poke|p2|Charizard, L50, M|
|poke|p2|Garchomp, L50, M|
|poke|p2|Sylveon, L50, F|
|poke|p2|Incineroar, L50, F|
|poke|p2|Whimsicott, L50, F|
|poke|p2|Basculegion, L50, M|
|teampreview|4
|showteam|p1|Sandaconda||Leftovers|SandSpit|SandTomb,DragonRush,Coil,Protect|Careful||F|||50|]Mamoswine||LifeOrb|Oblivious|HighHorsepower,IcicleCrash,IceShard,Protect|Adamant||F|||50|]Garchomp||Garchompite|RoughSkin|Earthquake,DragonClaw,RockSlide,Protect|Adamant||F|||50|]Steelix||Steelixite|Sturdy|DrillRun,HeavySlam,BodyPress,WideGuard|Adamant||F|||50|]Krookodile||ExpertBelt|Intimidate|StompingTantrum,KnockOff,SmackDown,Protect|Impish||M|||50|]Gliscor||FocusSash|HyperCutter|Bulldoze,DualWingbeat,Tailwind,Protect|Adamant||F|||50|
|showteam|p2|Charizard||CharizarditeY|Blaze|HeatWave,SolarBeam,WeatherBall,Protect|Timid||M|||50|]Garchomp||LifeOrb|RoughSkin|Earthquake,DragonClaw,StompingTantrum,Protect|Jolly||M|||50|]Sylveon||FairyFeather|Pixilate|HyperVoice,HyperBeam,Yawn,Detect|Modest||F|||50|]Incineroar||PasshoBerry|Intimidate|ThroatChop,FlareBlitz,FakeOut,PartingShot|Impish||F|||50|]Whimsicott||FocusSash|Prankster|Tailwind,Moonblast,Encore,Protect|Timid||F|||50|]Basculegion||MysticWater|Adaptability|WaveCrash,AquaJet,LastRespects,Protect|Adamant||M|||50|
|
|t:|1786199478
|teamsize|p1|4
|teamsize|p2|4
|start
|switch|p1a: Garchomp|Garchomp, L50, F|100/100
|switch|p1b: Mamoswine|Mamoswine, L50, F|100/100
|switch|p2a: Whimsicott|Whimsicott, L50, F|100/100
|switch|p2b: Basculegion|Basculegion, L50, M|100/100
|turn|1
|
|t:|1786199512
|detailschange|p1a: Garchomp|Garchomp-Mega, L50, F
|-mega|p1a: Garchomp|Garchomp|Garchompite
|move|p2a: Whimsicott|Tailwind|p2a: Whimsicott
|-sidestart|p2: ClasiusClap|move: Tailwind
|move|p1b: Mamoswine|Ice Shard|p2a: Whimsicott
|-supereffective|p2a: Whimsicott|1
|-damage|p2a: Whimsicott|2/100
|-damage|p1b: Mamoswine|90/100|[from] item: Life Orb
|move|p2b: Basculegion|Wave Crash|p1a: Garchomp
|-damage|p1a: Garchomp|30/100
|-damage|p2b: Basculegion|75/100|[from] Recoil
|move|p1a: Garchomp|Earthquake|p2a: Whimsicott|[spread] p1b,p2a,p2b
|-resisted|p2a: Whimsicott|1
|-damage|p1b: Mamoswine|29/100
|-damage|p2a: Whimsicott|0 fnt
|-damage|p2b: Basculegion|18/100
|faint|p2a: Whimsicott
|
|upkeep
|
|t:|1786199527
|switch|p2a: Sylveon|Sylveon, L50, F|100/100
|turn|2
|
|t:|1786199537
|switch|p1a: Sandaconda|Sandaconda, L50, F|100/100
|move|p2b: Basculegion|Protect|p2b: Basculegion
|-singleturn|p2b: Basculegion|Protect
|move|p1b: Mamoswine|Protect|p1b: Mamoswine
|-singleturn|p1b: Mamoswine|Protect
|move|p2a: Sylveon|Hyper Voice|p1a: Sandaconda|[spread] p1a
|-activate|p1b: Mamoswine|move: Protect
|-damage|p1a: Sandaconda|56/100
|-weather|Sandstorm|[from] ability: Sand Spit|[of] p1a: Sandaconda
|
|-weather|Sandstorm|[upkeep]
|-damage|p2b: Basculegion|13/100|[from] Sandstorm
|-damage|p2a: Sylveon|94/100|[from] Sandstorm
|-heal|p1a: Sandaconda|62/100|[from] item: Leftovers
|upkeep
|turn|3
|
|t:|1786199582
|move|p2b: Basculegion|Aqua Jet|p1b: Mamoswine
|-supereffective|p1b: Mamoswine|1
|-damage|p1b: Mamoswine|0 fnt
|faint|p1b: Mamoswine
|move|p2a: Sylveon|Hyper Voice|p1a: Sandaconda
|-damage|p1a: Sandaconda|5/100
|move|p1a: Sandaconda|Sand Tomb|p2a: Sylveon
|-crit|p2a: Sylveon
|-damage|p2a: Sylveon|70/100
|-activate|p2a: Sylveon|move: Sand Tomb|[of] p1a: Sandaconda
|
|-weather|Sandstorm|[upkeep]
|-damage|p2b: Basculegion|7/100|[from] Sandstorm
|-damage|p2a: Sylveon|64/100|[from] Sandstorm
|-heal|p1a: Sandaconda|11/100|[from] item: Leftovers
|-damage|p2a: Sylveon|51/100|[from] move: Sand Tomb|[partiallytrapped]
|upkeep
|
|t:|1786199603
|switch|p1b: Garchomp|Garchomp-Mega, L50, F|30/100
|turn|4
|
|t:|1786199611
|switch|p2b: Charizard|Charizard, L50, M|100/100
|move|p1b: Garchomp|Protect|p1b: Garchomp
|-singleturn|p1b: Garchomp|Protect
|move|p1a: Sandaconda|Protect|p1a: Sandaconda
|-singleturn|p1a: Sandaconda|Protect
|move|p2a: Sylveon|Hyper Voice|p1a: Sandaconda|[spread] 
|-activate|p1a: Sandaconda|move: Protect
|-activate|p1b: Garchomp|move: Protect
|
|-weather|Sandstorm|[upkeep]
|-damage|p2b: Charizard|93/100|[from] Sandstorm
|-damage|p2a: Sylveon|45/100|[from] Sandstorm
|-heal|p1a: Sandaconda|17/100|[from] item: Leftovers
|-damage|p2a: Sylveon|33/100|[from] move: Sand Tomb|[partiallytrapped]
|-sideend|p2: ClasiusClap|move: Tailwind
|upkeep
|turn|5
|
|t:|1786199626
|detailschange|p2b: Charizard|Charizard-Mega-Y, L50, M
|-mega|p2b: Charizard|Charizard|Charizardite Y
|-weather|SunnyDay|[from] ability: Drought|[of] p2b: Charizard
|move|p2b: Charizard|Protect|p2b: Charizard
|-singleturn|p2b: Charizard|Protect
|move|p1b: Garchomp|Rock Slide|p2a: Sylveon|[spread] p2a
|-activate|p2b: Charizard|move: Protect
|-damage|p2a: Sylveon|4/100
|move|p1a: Sandaconda|Sand Tomb|p2a: Sylveon
|-damage|p2a: Sylveon|0 fnt
|faint|p2a: Sylveon
|
|-weather|SunnyDay|[upkeep]
|-heal|p1a: Sandaconda|23/100|[from] item: Leftovers
|upkeep
|
|t:|1786199640
|switch|p2a: Basculegion|Basculegion, L50, M|7/100
|turn|6
|
|t:|1786199650
|move|p2a: Basculegion|Protect|p2a: Basculegion
|-singleturn|p2a: Basculegion|Protect
|move|p1b: Garchomp|Protect|p1b: Garchomp
|-singleturn|p1b: Garchomp|Protect
|move|p2b: Charizard|Heat Wave|p1a: Sandaconda|[spread] p1a
|-activate|p1b: Garchomp|move: Protect
|-damage|p1a: Sandaconda|0 fnt
|-weather|Sandstorm|[from] ability: Sand Spit|[of] p1a: Sandaconda
|faint|p1a: Sandaconda
|
|-weather|Sandstorm|[upkeep]
|-damage|p2b: Charizard|87/100|[from] Sandstorm
|-damage|p2a: Basculegion|1/100|[from] Sandstorm
|upkeep
|
|t:|1786199655
|switch|p1a: Krookodile|Krookodile, L50, M|100/100
|-ability|p1a: Krookodile|Intimidate|boost
|-unboost|p2a: Basculegion|atk|1
|-unboost|p2b: Charizard|atk|1
|turn|7
|
|t:|1786199667
|move|p2a: Basculegion|Aqua Jet|p1b: Garchomp
|-damage|p1b: Garchomp|14/100
|move|p2b: Charizard|Heat Wave|p1b: Garchomp|[spread] p1a,p1b
|-resisted|p1b: Garchomp|1
|-damage|p1a: Krookodile|53/100
|-damage|p1b: Garchomp|0 fnt
|faint|p1b: Garchomp
|move|p1a: Krookodile|Smack Down|p2b: Charizard
|-supereffective|p2b: Charizard|2
|-damage|p2b: Charizard|0 fnt
|faint|p2b: Charizard
|
|-weather|Sandstorm|[upkeep]
|-damage|p2a: Basculegion|0 fnt|[from] Sandstorm
|faint|p2a: Basculegion
|
|win|glofer
|raw|glofer's rating: 1092 → 1120(+28 for winning)
|raw|ClasiusClap's rating: 1113 → 1086(-27 for losing)
