|j|☆macky wit the duck
|j|☆arnau3kum
|html|macky wit the duckarnau3kum    
|uhtml|bestof|Game 1 of a best-of-3
|t:|1757765296
|gametype|doubles
|player|p1|macky wit the duck|miku-ghost|1309
|player|p2|arnau3kum|101|1283
|gen|9
|tier|[Gen 9] VGC 2025 Reg H (Bo3)
|rated|
|rule|Species Clause: Limit one of each Pokémon
|rule|Item Clause: Limit 1 of each item
|clearpoke
|poke|p1|Porygon2, L50|
|poke|p1|Dragonite, L50, F|
|poke|p1|Volcarona, L50, M|
|poke|p1|Gholdengo, L50|
|poke|p1|Ursaluna, L50, M|
|poke|p1|Rillaboom, L50, M|
|poke|p2|Annihilape, L50, M|
|poke|p2|Klefki, L50, F|
|poke|p2|Maushold, L50|
|poke|p2|Ninetales-Alola, L50, M|
|poke|p2|Sinistcha-Masterpiece, L50|
|poke|p2|Ursaluna-Bloodmoon, L50, M|
|teampreview|4
|showteam|p1|Porygon2||Eviolite|Download|TeraBlast,IceBeam,TrickRoom,Recover||||||50|,,,,,Fighting]Dragonite||LoadedDice|Multiscale|ScaleShot,Tailwind,Haze,Protect|||F|||50|,,,,,Fairy]Volcarona||CovertCloak|FlameBody|FieryDance,StruggleBug,WillOWisp,RagePowder|||M|||50|,,,,,Fairy]Gholdengo||LifeOrb|GoodasGold|MakeItRain,ShadowBall,NastyPlot,Protect||||||50|,,,,,Water]Ursaluna||FlameOrb|Guts|Facade,HeadlongRush,Earthquake,Protect|||M|||50|,,,,,Ghost]Rillaboom||AssaultVest|GrassySurge|GrassyGlide,WoodHammer,Uturn,FakeOut|||M|||50|,,,,,Fire
|showteam|p2|Annihilape||Leftovers|Defiant|RageFist,DrainPunch,BulkUp,Protect|||M|||50|,,,,,Fire]Klefki||LightClay|Prankster|DazzlingGleam,LightScreen,Reflect,MistyTerrain|||F|||50|,,,,,Ghost]Maushold||CovertCloak|FriendGuard|BeatUp,FollowMe,Taunt,Protect||||||50|,,,,,Grass]Ninetales-Alola||FocusSash|SnowWarning|FreezeDry,Blizzard,Encore,Protect|||M|||50|,,,,,Ghost]Sinistcha-Masterpiece||SitrusBerry|Hospitality|MatchaGotcha,LifeDew,RagePowder,TrickRoom||||||50|,,,,,Water]Ursaluna-Bloodmoon||AssaultVest|MindsEye|BloodMoon,HyperVoice,EarthPower,VacuumWave|||M|||50|,,,,,Water
|inactive|Battle timer is ON: inactive players will automatically lose when time's up. (requested by macky wit the duck)
|inactive|macky wit the duck has 60 seconds left.
|
|t:|1757765329
|teamsize|p1|4
|teamsize|p2|4
|start
|switch|p1a: Dragonite|Dragonite, L50, F, shiny|100/100
|switch|p1b: Volcarona|Volcarona, L50, M|100/100
|switch|p2a: Annihilape|Annihilape, L50, M|100/100
|switch|p2b: Maushold|Maushold, L50|100/100
|turn|1
|
|t:|1757765340
|move|p2b: Maushold|Beat Up|p2a: Annihilape
|-damage|p2a: Annihilape|99/100
|-damage|p2a: Annihilape|97/100
|-damage|p2a: Annihilape|95/100
|-damage|p2a: Annihilape|94/100
|-hitcount|p2a: Annihilape|4
|move|p1b: Volcarona|Fiery Dance|p2b: Maushold
|-damage|p2b: Maushold|57/100
|move|p1a: Dragonite|Scale Shot|p2b: Maushold
|-damage|p2b: Maushold|37/100
|-crit|p2b: Maushold
|-damage|p2b: Maushold|10/100
|-damage|p2b: Maushold|0 fnt
|faint|p2b: Maushold
|-hitcount|p2: Maushold|3
|-unboost|p1a: Dragonite|def|1
|-boost|p1a: Dragonite|spe|1
|move|p2a: Annihilape|Rage Fist|p1a: Dragonite
|-damage|p1a: Dragonite|17/100
|
|-heal|p2a: Annihilape|99/100|[from] item: Leftovers
|upkeep
|
|t:|1757765361
|switch|p2b: Ninetales|Ninetales-Alola, L50, M|100/100
|-weather|Snowscape|[from] ability: Snow Warning|[of] p2b: Ninetales
|turn|2
|
|t:|1757765373
|-terastallize|p2a: Annihilape|Fire
|move|p1a: Dragonite|Protect|p1a: Dragonite
|-singleturn|p1a: Dragonite|Protect
|move|p2b: Ninetales|Blizzard|p1a: Dragonite|[spread] p1b
|-activate|p1a: Dragonite|move: Protect
|-resisted|p1b: Volcarona
|-damage|p1b: Volcarona|87/100
|move|p1b: Volcarona|Fiery Dance|p2a: Annihilape
|-resisted|p2a: Annihilape
|-damage|p2a: Annihilape|85/100
|-boost|p1b: Volcarona|spa|1
|move|p2a: Annihilape|Bulk Up|p2a: Annihilape
|-boost|p2a: Annihilape|atk|1
|-boost|p2a: Annihilape|def|1
|
|-weather|Snowscape|[upkeep]
|-heal|p2a: Annihilape|91/100|[from] item: Leftovers
|upkeep
|turn|3
|
|t:|1757765396
|move|p1a: Dragonite|Tailwind|p1a: Dragonite
|-sidestart|p1: macky wit the duck|move: Tailwind
|move|p1b: Volcarona|Fiery Dance|p2b: Ninetales
|-supereffective|p2b: Ninetales
|-enditem|p2b: Ninetales|Focus Sash
|-damage|p2b: Ninetales|1/100
|move|p2b: Ninetales|Blizzard|p1a: Dragonite|[spread] p1a,p1b
|-supereffective|p1a: Dragonite
|-resisted|p1b: Volcarona
|-damage|p1a: Dragonite|0 fnt
|-damage|p1b: Volcarona|70/100
|faint|p1a: Dragonite
|move|p2a: Annihilape|Rage Fist|p1b: Volcarona
|-damage|p1b: Volcarona|0 fnt
|faint|p1b: Volcarona
|
|-weather|Snowscape|[upkeep]
|-heal|p2a: Annihilape|97/100|[from] item: Leftovers
|upkeep
|
|t:|1757765402
|switch|p1b: Rillaboom|Rillaboom, L50, M, shiny|100/100
|switch|p1a: Gholdengo|Gholdengo, L50|100/100
|-fieldstart|move: Grassy Terrain|[from] ability: Grassy Surge|[of] p1b: Rillaboom
|turn|4
|inactive|arnau3kum has 30 seconds left.
|
|t:|1757765432
|move|p1b: Rillaboom|Fake Out|p2a: Annihilape
|-damage|p2a: Annihilape|88/100
|move|p1a: Gholdengo|Nasty Plot|p1a: Gholdengo
|-boost|p1a: Gholdengo|spa|2
|move|p2b: Ninetales|Encore|p1b: Rillaboom
|-start|p1b: Rillaboom|Encore
|cant|p2a: Annihilape|flinch
|
|-weather|Snowscape|[upkeep]
|-heal|p2b: Ninetales|7/100|[from] Grassy Terrain
|-heal|p2a: Annihilape|94/100|[from] Grassy Terrain
|-heal|p2a: Annihilape|99/100|[from] item: Leftovers
|upkeep
|turn|5
|
|t:|1757765454
|-terastallize|p1a: Gholdengo|Water
|move|p1b: Rillaboom|Fake Out||[still]
|-hint|Fake Out only works on your first turn out.
|-fail|p1b: Rillaboom
|move|p1a: Gholdengo|Shadow Ball|p2a: Annihilape
|-damage|p2a: Annihilape|28/100
|-damage|p1a: Gholdengo|91/100|[from] item: Life Orb
|move|p2b: Ninetales|Blizzard|p1b: Rillaboom|[spread] p1a,p1b
|-resisted|p1a: Gholdengo
|-supereffective|p1b: Rillaboom
|-damage|p1a: Gholdengo|74/100
|-damage|p1b: Rillaboom|51/100
|-status|p1a: Gholdengo|frz
|-status|p1b: Rillaboom|frz
|move|p2a: Annihilape|Rage Fist|p1a: Gholdengo
|-damage|p1a: Gholdengo|0 fnt
|faint|p1a: Gholdengo
|
|-weather|Snowscape|[upkeep]
|-heal|p1b: Rillaboom|57/100 frz|[from] Grassy Terrain
|-heal|p2b: Ninetales|13/100|[from] Grassy Terrain
|-heal|p2a: Annihilape|34/100|[from] Grassy Terrain
|-heal|p2a: Annihilape|40/100|[from] item: Leftovers
|upkeep
|turn|6
|-message|macky wit the duck forfeited.
|
|win|arnau3kum
||arnau3kum is ready for game 2.
||macky wit the duck is ready for game 2.
|uhtml|next|Next: Game 2 of 3
|l|☆macky wit the duck
|player|p1|
|l|☆arnau3kum
|player|p2|
