|j|☆LanternComic
|j|☆aerodactylhater
|html|LanternComicaerodactylhater    
|uhtml|bestof|Game 3 of a best-of-3
|t:|1785188574
|gametype|doubles
|player|p1|LanternComic|silver-masters|1351
|player|p2|aerodactylhater|cowgirl|1348
|gen|9
|tier|[Gen 9 Champions] VGC 2026 Reg M-B (Bo3)
|rated|
|rule|Species Clause: Limit one of each Pokémon
|rule|Item Clause: Limit 1 of each item
|clearpoke
|poke|p1|Staraptor, L50, F, shiny|
|poke|p1|Delphox, L50, M|
|poke|p1|Whimsicott, L50, F|
|poke|p1|Rotom-Wash, L50|
|poke|p1|Kingambit, L50, M, shiny|
|poke|p1|Sneasler, L50, M, shiny|
|poke|p2|Vanilluxe, L50, M|
|poke|p2|Blaziken, L50, F|
|poke|p2|Whimsicott, L50, M|
|poke|p2|Farigiraf, L50, M|
|poke|p2|Basculegion, L50, M|
|poke|p2|Kingambit, L50, M|
|teampreview|4
|showteam|p1|Staraptor||Staraptite|Intimidate|BraveBird,CloseCombat,Roost,Protect|Adamant||F|||50|]Delphox||Delphoxite|Blaze|HeatWave,Psychic,Substitute,Protect|Timid||M|||50|]Whimsicott||FocusSash|Prankster|Moonblast,Charm,Tailwind,FakeTears|Timid||F|||50|]Rotom-Wash||SitrusBerry|Levitate|Electroweb,HydroPump,WillOWisp,Protect|Bold|||||50|]Kingambit||ChopleBerry|Defiant|KowtowCleave,SuckerPunch,IronHead,LowKick|Adamant||M|||50|]Sneasler||WhiteHerb|Unburden|CloseCombat,DireClaw,FakeOut,Protect|Jolly||M|||50|
|showteam|p2|Vanilluxe||ChoiceScarf|SnowWarning|FreezeDry,Blizzard,IcyWind,SheerCold|Timid||M|||50|]Blaziken||Blazikenite|SpeedBoost|CloseCombat,FlareBlitz,Protect,RockSlide|Adamant||F|||50|]Whimsicott||FocusSash|Prankster|Moonblast,Tailwind,Protect,Encore|Timid||M|||50|]Farigiraf||SitrusBerry|ArmorTail|Psychic,Thunderbolt,TrickRoom,Protect|Modest||M|||50|]Basculegion||LifeOrb|Adaptability|WaveCrash,AquaJet,LastRespects,Protect|Adamant||M|||50|]Kingambit||BlackGlasses|Defiant|KowtowCleave,SuckerPunch,IronHead,Protect|Adamant||M|||50|
|inactive|Battle timer is ON: inactive players will automatically lose when time's up. (requested by aerodactylhater)
|
|t:|1785188593
|teamsize|p1|4
|teamsize|p2|4
|start
|switch|p1a: Staraptor|Staraptor, L50, F, shiny|100/100
|switch|p1b: Whimsicott|Whimsicott, L50, F|100/100
|switch|p2a: Whimsicott|Whimsicott, L50, M|100/100
|switch|p2b: Blaziken|Blaziken, L50, F|100/100
|-ability|p1a: Staraptor|Intimidate|boost
|-unboost|p2a: Whimsicott|atk|1
|-unboost|p2b: Blaziken|atk|1
|turn|1
|
|t:|1785188611
|detailschange|p1a: Staraptor|Staraptor-Mega, L50, F, shiny
|-mega|p1a: Staraptor|Staraptor|Staraptite
|detailschange|p2b: Blaziken|Blaziken-Mega, L50, F
|-mega|p2b: Blaziken|Blaziken|Blazikenite
|move|p2a: Whimsicott|Tailwind|p2a: Whimsicott
|-sidestart|p2: aerodactylhater|move: Tailwind
|move|p1b: Whimsicott|Tailwind|p1b: Whimsicott
|-sidestart|p1: LanternComic|move: Tailwind
|move|p1a: Staraptor|Close Combat|p2a: Whimsicott
|-resisted|p2a: Whimsicott|1
|-damage|p2a: Whimsicott|47/100
|-boost|p1a: Staraptor|def|1
|-boost|p1a: Staraptor|spd|1
|move|p2b: Blaziken|Flare Blitz|p1a: Staraptor
|-damage|p1a: Staraptor|65/100
|-damage|p2b: Blaziken|86/100|[from] Recoil
|
|-ability|p2b: Blaziken|Speed Boost|boost
|-boost|p2b: Blaziken|spe|1
|upkeep
|turn|2
|
|t:|1785188631
|move|p2a: Whimsicott|Encore|p1b: Whimsicott
|-start|p1b: Whimsicott|Encore
|move|p1b: Whimsicott|Tailwind||[still]
|-fail|p1b: Whimsicott
|move|p2b: Blaziken|Flare Blitz|p1a: Staraptor
|-damage|p1a: Staraptor|31/100
|-damage|p2b: Blaziken|73/100|[from] Recoil
|move|p1a: Staraptor|Close Combat|p2b: Blaziken
|-crit|p2b: Blaziken
|-damage|p2b: Blaziken|0 fnt
|-boost|p1a: Staraptor|def|1
|-boost|p1a: Staraptor|spd|1
|faint|p2b: Blaziken
|
|upkeep
|
|t:|1785188645
|switch|p2b: Vanilluxe|Vanilluxe, L50, M|100/100
|-weather|Snowscape|[from] ability: Snow Warning|[of] p2b: Vanilluxe
|turn|3
|
|t:|1785188653
|switch|p1b: Kingambit|Kingambit, L50, M, shiny|100/100
|move|p2b: Vanilluxe|Blizzard|p1a: Staraptor|[spread] p1a,p1b
|-supereffective|p1a: Staraptor|1
|-resisted|p1b: Kingambit|1
|-damage|p1a: Staraptor|0 fnt
|-damage|p1b: Kingambit|81/100
|faint|p1a: Staraptor
|move|p2a: Whimsicott|Moonblast|p1b: Kingambit
|-damage|p1b: Kingambit|40/100
|
|-weather|Snowscape|[upkeep]
|upkeep
|
|t:|1785188659
|switch|p1a: Sneasler|Sneasler, L50, M, shiny|100/100
|turn|4
|
|t:|1785188665
|move|p1a: Sneasler|Fake Out|p2a: Whimsicott
|-damage|p2a: Whimsicott|27/100
|move|p2b: Vanilluxe|Blizzard|p1b: Kingambit|[spread] p1a,p1b
|-resisted|p1b: Kingambit|1
|-damage|p1a: Sneasler|51/100
|-damage|p1b: Kingambit|21/100
|cant|p2a: Whimsicott|flinch
|move|p1b: Kingambit|Iron Head|p2b: Vanilluxe
|-supereffective|p2b: Vanilluxe|1
|-damage|p2b: Vanilluxe|14/100
|
|-weather|Snowscape|[upkeep]
|-sideend|p2: aerodactylhater|move: Tailwind
|-sideend|p1: LanternComic|move: Tailwind
|upkeep
|turn|5
|
|t:|1785188688
|switch|p2b: Basculegion|Basculegion, L50, M|100/100
|switch|p1a: Whimsicott|Whimsicott, L50, F|100/100
|move|p2a: Whimsicott|Protect|p2a: Whimsicott
|-singleturn|p2a: Whimsicott|Protect
|move|p1b: Kingambit|Sucker Punch||[still]
|-fail|p1b: Kingambit
|
|-weather|Snowscape|[upkeep]
|upkeep
|turn|6
|
|t:|1785188705
|move|p2a: Whimsicott|Tailwind|p2a: Whimsicott
|-sidestart|p2: aerodactylhater|move: Tailwind
|move|p2b: Basculegion|Aqua Jet|p1b: Kingambit
|-damage|p1b: Kingambit|0 fnt
|faint|p1b: Kingambit
|-damage|p2b: Basculegion|90/100|[from] item: Life Orb
|move|p1a: Whimsicott|Tailwind|p1a: Whimsicott
|-sidestart|p1: LanternComic|move: Tailwind
|
|-weather|Snowscape|[upkeep]
|upkeep
|
|t:|1785188711
|switch|p1b: Sneasler|Sneasler, L50, M, shiny|51/100
|turn|7
|
|t:|1785188725
|move|p2a: Whimsicott|Encore|p1a: Whimsicott
|-start|p1a: Whimsicott|Encore
|move|p1a: Whimsicott|Tailwind||[still]
|-fail|p1a: Whimsicott
|move|p1b: Sneasler|Dire Claw|p2a: Whimsicott
|-supereffective|p2a: Whimsicott|2
|-damage|p2a: Whimsicott|0 fnt
|faint|p2a: Whimsicott
|move|p2b: Basculegion|Wave Crash|p1b: Sneasler
|-damage|p1b: Sneasler|0 fnt
|faint|p1b: Sneasler
|-damage|p2b: Basculegion|75/100|[from] Recoil
|-damage|p2b: Basculegion|66/100|[from] item: Life Orb
|
|-weather|none
|upkeep
|
|t:|1785188730
|switch|p2a: Vanilluxe|Vanilluxe, L50, M|14/100
|-weather|Snowscape|[from] ability: Snow Warning|[of] p2a: Vanilluxe
|turn|8
|-message|LanternComic forfeited.
|
|win|aerodactylhater
|raw|LanternComic's rating: 1351 → 1331(-20 for losing)
|raw|aerodactylhater's rating: 1348 → 1368(+20 for winning)
