|j|☆LovelyLuna
|j|☆Fairy Juice Jay
|html|LovelyLunaFairy Juice Jay    
|uhtml|bestof|Game 2 of a best-of-3
|t:|1757729300
|gametype|doubles
|player|p1|LovelyLuna|#lameliarleo|
|player|p2|Fairy Juice Jay|burgh-masters|
|gen|9
|tier|[Gen 9] VGC 2025 Reg H (Bo3)
|rule|Species Clause: Limit one of each Pokémon
|rule|Item Clause: Limit 1 of each item
|clearpoke
|poke|p1|Sneasel-Hisui, L50, M|
|poke|p1|Baxcalibur, L50, M|
|poke|p1|Vivillon, L50, M|
|poke|p1|Typhlosion-Hisui, L50, F|
|poke|p1|Ninetales, L50, F|
|poke|p1|Venusaur, L50, F|
|poke|p2|Serperior, L50, M|
|poke|p2|Illumise, L50, F|
|poke|p2|Metagross, L50|
|poke|p2|Primarina, L50, M|
|poke|p2|Kommo-o, L50, F|
|poke|p2|Arcanine-Hisui, L50, F|
|teampreview|4
|showteam|p1|Sneasel-Hisui||Eviolite|InnerFocus|FakeOut,CloseCombat,GunkShot,Taunt|||M|||50|,,,,,Dark]Baxcalibur||LoadedDice|ThermalExchange|IcicleSpear,ScaleShot,SwordsDance,Protect|||M|||50|,,,,,Fairy]Vivillon||FocusSash|CompoundEyes|Hurricane,SleepPowder,RagePowder,Protect|||M|||50|,,,,,Ghost]Typhlosion-Hisui||ChoiceSpecs|Blaze|Eruption,ShadowBall,HeatWave,FocusBlast|||F|||50|,,,,,Fire]Ninetales||EjectPack|Drought|Overheat,WillOWisp,Encore,Protect|||F|||50|,,,,,Grass]Venusaur||LifeOrb|Chlorophyll|EnergyBall,SludgeBomb,WeatherBall,Protect|||F|||50|,,,,,Fire
|showteam|p2|Serperior||WideLens|Contrary|LeafStorm,TeraBlast,LeechSeed,Protect|||M|||50|,,,,,Fire]Illumise||CovertCloak|Prankster|Uturn,Encore,FakeTears,Tailwind|||F|||50|,,,,,Dark]Metagross||AssaultVest|ClearBody|HeavySlam,PsychicFangs,StompingTantrum,BulletPunch||||||50|,,,,,Water]Primarina||Leftovers|LiquidVoice|HyperVoice,Moonblast,CalmMind,Protect|||M|||50|,,,,,Poison]Kommo-o||ThroatSpray|Overcoat|ClangingScales,Flamethrower,ClangorousSoul,Protect|||F|||50|,,,,,Fire]Arcanine-Hisui||SafetyGoggles|Intimidate|FlareBlitz,RockSlide,WillOWisp,Protect|||F|||50|,,,,,Grass
|inactive|Battle timer is ON: inactive players will automatically lose when time's up. (requested by Fairy Juice Jay)
|inactive|LovelyLuna also wants the timer to be on.
|inactive|Fairy Juice Jay has 60 seconds left.
|
|t:|1757729355
|teamsize|p1|4
|teamsize|p2|4
|start
|switch|p1a: Baxcalibur|Baxcalibur, L50, M|100/100
|switch|p1b: Vivillon|Vivillon, L50, M|100/100
|switch|p2a: Theodora|Illumise, L50, F|100/100
|switch|p2b: Arcanine|Arcanine-Hisui, L50, F|100/100
|-ability|p2b: Arcanine|Intimidate|boost
|-unboost|p1a: Baxcalibur|atk|1
|-unboost|p1b: Vivillon|atk|1
|turn|1
|
|t:|1757729370
|-terastallize|p1a: Baxcalibur|Fairy
|move|p1b: Vivillon|Sleep Powder|p2b: Arcanine
|-activate|p2b: Arcanine|item: Safety Goggles|Sleep Powder
|move|p1a: Baxcalibur|Swords Dance|p1a: Baxcalibur
|-boost|p1a: Baxcalibur|atk|2
|move|p2b: Arcanine|Rock Slide|p1b: Vivillon|[spread] p1a,p1b
|-supereffective|p1b: Vivillon
|-crit|p1b: Vivillon
|-damage|p1a: Baxcalibur|73/100
|-enditem|p1b: Vivillon|Focus Sash
|-damage|p1b: Vivillon|1/100
|move|p2a: Theodora|U-turn|p1b: Vivillon
|-resisted|p1b: Vivillon
|-damage|p1b: Vivillon|0 fnt
|faint|p1b: Vivillon
|
|t:|1757729383
|switch|p2a: Roxxiebane|Metagross, L50|100/100|[from] U-turn
|
|upkeep
|
|t:|1757729393
|switch|p1b: Typhlosion|Typhlosion-Hisui, L50, F|100/100
|turn|2
|
|t:|1757729411
|-terastallize|p2a: Roxxiebane|Water
|move|p2a: Roxxiebane|Bullet Punch|p1a: Baxcalibur
|-supereffective|p1a: Baxcalibur
|-damage|p1a: Baxcalibur|32/100
|move|p1b: Typhlosion|Focus Blast|p2b: Arcanine
|-supereffective|p2b: Arcanine
|-damage|p2b: Arcanine|0 fnt
|faint|p2b: Arcanine
|move|p1a: Baxcalibur|Scale Shot|p2a: Roxxiebane
|-damage|p2a: Roxxiebane|83/100
|-damage|p2a: Roxxiebane|66/100
|-damage|p2a: Roxxiebane|50/100
|-damage|p2a: Roxxiebane|32/100
|-hitcount|p2a: Roxxiebane|4
|-unboost|p1a: Baxcalibur|def|1
|-boost|p1a: Baxcalibur|spe|1
|
|upkeep
|j| sheepie_sheep
|
|t:|1757729428
|switch|p2b: Theodora|Illumise, L50, F|100/100
|turn|3
|
|t:|1757729433
|switch|p1a: Sneasel|Sneasel-Hisui, L50, M|100/100
|move|p2b: Theodora|Tailwind|p2b: Theodora
|-sidestart|p2: Fairy Juice Jay|move: Tailwind
|move|p2a: Roxxiebane|Stomping Tantrum|p1b: Typhlosion
|-supereffective|p1b: Typhlosion
|-damage|p1b: Typhlosion|20/100
|move|p1b: Typhlosion|Focus Blast|p2a: Roxxiebane|[miss]
|-miss|p1b: Typhlosion|p2a: Roxxiebane
|
|upkeep
|turn|4
|l| sheepie_sheep
|inactive|LovelyLuna has 30 seconds left.
|inactive|Fairy Juice Jay has 30 seconds left.
|
|t:|1757729465
|switch|p1b: Baxcalibur|Baxcalibur, L50, M, tera:Fairy|32/100
|move|p2b: Theodora|Encore||[still]
|-fail|p2b: Theodora
|move|p2a: Roxxiebane|Psychic Fangs|p1b: Baxcalibur
|-damage|p1b: Baxcalibur|0 fnt
|faint|p1b: Baxcalibur
|move|p1a: Sneasel|Close Combat|p2a: Roxxiebane
|-damage|p2a: Roxxiebane|0 fnt
|-unboost|p1a: Sneasel|def|1
|-unboost|p1a: Sneasel|spd|1
|faint|p2a: Roxxiebane
|
|upkeep
|
|t:|1757729474
|switch|p1b: Typhlosion|Typhlosion-Hisui, L50, F|20/100
|switch|p2a: Primarina|Primarina, L50, M|100/100
|turn|5
|
|t:|1757729485
|move|p2b: Theodora|Fake Tears|p1a: Sneasel
|-unboost|p1a: Sneasel|spd|2
|move|p2a: Primarina|Hyper Voice|p1a: Sneasel|[spread] p1a,p1b
|-supereffective|p1b: Typhlosion
|-damage|p1a: Sneasel|14/100
|-damage|p1b: Typhlosion|0 fnt
|faint|p1b: Typhlosion
|move|p1a: Sneasel|Gunk Shot|p2a: Primarina
|-supereffective|p2a: Primarina
|-damage|p2a: Primarina|0 fnt
|faint|p2a: Primarina
|
|upkeep
|turn|6
|
|t:|1757729497
|move|p2b: Theodora|U-turn|p1a: Sneasel
|-resisted|p1a: Sneasel
|-damage|p1a: Sneasel|7/100
|move|p1a: Sneasel|Gunk Shot|p2b: Theodora
|-damage|p2b: Theodora|53/100
|
|-sideend|p2: Fairy Juice Jay|move: Tailwind
|upkeep
|turn|7
|
|t:|1757729511
|move|p1a: Sneasel|Gunk Shot|p2b: Theodora
|-damage|p2b: Theodora|7/100
|move|p2b: Theodora|U-turn|p1a: Sneasel
|-resisted|p1a: Sneasel
|-damage|p1a: Sneasel|0 fnt
|faint|p1a: Sneasel
|
|win|Fairy Juice Jay
|c|☆Fairy Juice Jay|MY GOAt
||LovelyLuna is ready for game 3.
|inactive|Fairy Juice Jay has 30 seconds to confirm battle start!
||Fairy Juice Jay is ready for game 3.
|uhtml|next|Next: Game 3 of 3
|l|☆LovelyLuna
|player|p1|
|j|☆LovelyLuna
|player|p1|LovelyLuna|#lameliarleo|
