|j|☆hexagonfoot
|j|☆AgentPotato69
|html|hexagonfootAgentPotato69    
|uhtml|bestof|Game 1 of a best-of-3
|t:|1757827843
|gametype|doubles
|player|p1|hexagonfoot|caitlin|1148
|player|p2|AgentPotato69|101|1108
|gen|9
|tier|[Gen 9] VGC 2025 Reg H (Bo3)
|rated|
|rule|Species Clause: Limit one of each Pokémon
|rule|Item Clause: Limit 1 of each item
|clearpoke
|poke|p1|Gholdengo, L50|
|poke|p1|Sneasler, L50, M|
|poke|p1|Rillaboom, L50, M|
|poke|p1|Dragonite, L50, F|
|poke|p1|Ninetales-Alola, L50, F|
|poke|p1|Arcanine-Hisui, L50, M|
|poke|p2|Gothitelle, L50, F|
|poke|p2|Politoed, L50, M|
|poke|p2|Kingdra, L50, F|
|poke|p2|Archaludon, L50, F|
|poke|p2|Amoonguss, L50, F|
|poke|p2|Incineroar, L50, M|
|teampreview|4
|showteam|p1|Gholdengo||GrassySeed|GoodasGold|NastyPlot,MakeItRain,ShadowBall,Protect||||||50|,,,,,Water]Sneasler||WhiteHerb|Unburden|CloseCombat,DireClaw,Coaching,Protect|||M|||50|,,,,,Ghost]Rillaboom||AssaultVest|GrassySurge|FakeOut,GrassyGlide,DrumBeating,HighHorsepower|||M|||50|,,,,,Fire]Dragonite||LoadedDice|Multiscale|ScaleShot,StompingTantrum,Tailwind,Protect|||F|||50|,,,,,Ground]Ninetales-Alola||FocusSash|SnowWarning|Blizzard,IcyWind,Encore,AuroraVeil|||F|||50|,,,,,Ghost]Arcanine-Hisui||ClearAmulet|Intimidate|RockSlide,FlareBlitz,ExtremeSpeed,Protect|||M|||50|,,,,,Water
|showteam|p2|Gothitelle||Leftovers|ShadowTag|Psychic,Protect,FakeOut,Taunt|||F|||50|,,,,,Dark]Politoed||SitrusBerry|Drizzle|PerishSong,Protect,WeatherBall,Encore|||M|||50|,,,,,Grass]Kingdra||LifeOrb|SwiftSwim|DracoMeteor,WeatherBall,Protect,MuddyWater|||F|||50|,,,,,Stellar]Archaludon||PowerHerb|Sturdy|ElectroShot,Protect,DragonPulse,FlashCannon|||F|||50|,,,,,Grass]Amoonguss||BlackSludge|Regenerator|Protect,Spore,RagePowder,PollenPuff|||F|||50|,,,,,Water]Incineroar||SafetyGoggles|Intimidate|Protect,FakeOut,PartingShot,KnockOff|||M|||50|,,,,,Ghost
|inactive|Battle timer is ON: inactive players will automatically lose when time's up. (requested by AgentPotato69)
|inactive|hexagonfoot has 60 seconds left.
|
|t:|1757827887
|teamsize|p1|4
|teamsize|p2|4
|start
|switch|p1a: Euston|Sneasler, L50, M|100/100
|switch|p1b: Silver Street|Gholdengo, L50|100/100
|switch|p2a: Politoed|Politoed, L50, M, shiny|100/100
|switch|p2b: Kingdra|Kingdra, L50, F, shiny|100/100
|-weather|RainDance|[from] ability: Drizzle|[of] p2a: Politoed
|turn|1
|inactive|AgentPotato69 has 30 seconds left.
|
|t:|1757827919
|switch|p1a: Hampstead Heath|Rillaboom, L50, M|100/100
|-fieldstart|move: Grassy Terrain|[from] ability: Grassy Surge|[of] p1a: Hampstead Heath
|-enditem|p1b: Silver Street|Grassy Seed
|-boost|p1b: Silver Street|def|1|[from] item: Grassy Seed
|switch|p2a: Amoonguss|Amoonguss, L50, F, shiny|100/100
|-terastallize|p2b: Kingdra|Stellar
|move|p1b: Silver Street|Protect|p1b: Silver Street
|-singleturn|p1b: Silver Street|Protect
|move|p2b: Kingdra|Muddy Water|p1a: Hampstead Heath|[spread] p1a
|-activate|p1b: Silver Street|move: Protect
|-resisted|p1a: Hampstead Heath
|-damage|p1a: Hampstead Heath|70/100
|-damage|p2b: Kingdra|91/100|[from] item: Life Orb
|
|-weather|RainDance|[upkeep]
|-heal|p2b: Kingdra|97/100|[from] Grassy Terrain
|-heal|p1a: Hampstead Heath|76/100|[from] Grassy Terrain
|upkeep
|turn|2
|inactive|hexagonfoot has 30 seconds left.
|
|t:|1757827949
|move|p2b: Kingdra|Protect|p2b: Kingdra
|-singleturn|p2b: Kingdra|Protect
|move|p1a: Hampstead Heath|Fake Out|p2b: Kingdra
|-activate|p2b: Kingdra|move: Protect
|move|p1b: Silver Street|Nasty Plot|p1b: Silver Street
|-boost|p1b: Silver Street|spa|2
|move|p2a: Amoonguss|Pollen Puff|p1a: Hampstead Heath
|-supereffective|p1a: Hampstead Heath
|-damage|p1a: Hampstead Heath|46/100
|
|-weather|RainDance|[upkeep]
|-heal|p2b: Kingdra|100/100|[from] Grassy Terrain
|-heal|p1a: Hampstead Heath|52/100|[from] Grassy Terrain
|upkeep
|turn|3
|
|t:|1757827966
|move|p2a: Amoonguss|Rage Powder|p2a: Amoonguss
|-singleturn|p2a: Amoonguss|move: Rage Powder
|move|p1a: Hampstead Heath|Grassy Glide|p2a: Amoonguss
|-resisted|p2a: Amoonguss
|-damage|p2a: Amoonguss|94/100
|move|p2b: Kingdra|Weather Ball|p1b: Silver Street
|-damage|p1b: Silver Street|23/100
|-damage|p2b: Kingdra|91/100|[from] item: Life Orb
|move|p1b: Silver Street|Shadow Ball|p2a: Amoonguss
|-damage|p2a: Amoonguss|27/100
|
|-weather|RainDance|[upkeep]
|-heal|p2b: Kingdra|97/100|[from] Grassy Terrain
|-heal|p1a: Hampstead Heath|58/100|[from] Grassy Terrain
|-heal|p1b: Silver Street|30/100|[from] Grassy Terrain
|-heal|p2a: Amoonguss|33/100|[from] Grassy Terrain
|-heal|p2a: Amoonguss|39/100|[from] item: Black Sludge
|upkeep
|turn|4
|inactive|hexagonfoot has 30 seconds left.
|
|t:|1757827995
|-terastallize|p1b: Silver Street|Water
|move|p2a: Amoonguss|Rage Powder|p2a: Amoonguss
|-singleturn|p2a: Amoonguss|move: Rage Powder
|move|p2b: Kingdra|Muddy Water|p1b: Silver Street|[spread] p1a,p1b
|-resisted|p1a: Hampstead Heath
|-crit|p1a: Hampstead Heath
|-resisted|p1b: Silver Street
|-damage|p1a: Hampstead Heath|25/100
|-damage|p1b: Silver Street|0 fnt
|-unboost|p1a: Hampstead Heath|accuracy|1
|faint|p1b: Silver Street
|-damage|p2b: Kingdra|87/100|[from] item: Life Orb
|move|p1a: Hampstead Heath|Drum Beating|p2b: Kingdra
|-damage|p2b: Kingdra|25/100
|-unboost|p2b: Kingdra|spe|1
|
|-weather|RainDance|[upkeep]
|-heal|p2b: Kingdra|31/100|[from] Grassy Terrain
|-heal|p1a: Hampstead Heath|31/100|[from] Grassy Terrain
|-heal|p2a: Amoonguss|45/100|[from] Grassy Terrain
|-heal|p2a: Amoonguss|51/100|[from] item: Black Sludge
|upkeep
|
|t:|1757828002
|switch|p1b: Canada Water|Ninetales-Alola, L50, F|100/100
|-weather|Snowscape|[from] ability: Snow Warning|[of] p1b: Canada Water
|turn|5
|
|t:|1757828024
|switch|p1a: Euston|Sneasler, L50, M|100/100
|move|p1b: Canada Water|Blizzard|p2a: Amoonguss|[spread] p2a,p2b
|-supereffective|p2a: Amoonguss
|-damage|p2a: Amoonguss|0 fnt
|-damage|p2b: Kingdra|0 fnt
|faint|p2a: Amoonguss
|faint|p2b: Kingdra
|
|-weather|Snowscape|[upkeep]
|-fieldend|move: Grassy Terrain
|upkeep
|
|t:|1757828029
|switch|p2b: Politoed|Politoed, L50, M, shiny|100/100
|switch|p2a: Gothitelle|Gothitelle, L50, F, shiny|100/100
|-weather|RainDance|[from] ability: Drizzle|[of] p2b: Politoed
|turn|6
|
|t:|1757828046
|move|p2a: Gothitelle|Fake Out|p1b: Canada Water
|-damage|p1b: Canada Water|92/100
|cant|p1b: Canada Water|flinch
|move|p1a: Euston|Close Combat|p2b: Politoed
|-damage|p2b: Politoed|40/100
|-unboost|p1a: Euston|def|1
|-unboost|p1a: Euston|spd|1
|-enditem|p2b: Politoed|Sitrus Berry|[eat]
|-heal|p2b: Politoed|64/100|[from] item: Sitrus Berry
|-enditem|p1a: Euston|White Herb
|-clearnegativeboost|p1a: Euston|[silent]
|move|p2b: Politoed|Weather Ball|p1a: Euston
|-damage|p1a: Euston|46/100
|
|-weather|RainDance|[upkeep]
|upkeep
|turn|7
|
|t:|1757828057
|move|p2b: Politoed|Protect|p2b: Politoed
|-singleturn|p2b: Politoed|Protect
|move|p1a: Euston|Close Combat|p2b: Politoed
|-activate|p2b: Politoed|move: Protect
|move|p1b: Canada Water|Blizzard|p2a: Gothitelle|[spread] p2a
|-activate|p2b: Politoed|move: Protect
|-damage|p2a: Gothitelle|78/100
|move|p2a: Gothitelle|Psychic|p1a: Euston
|-supereffective|p1a: Euston
|-damage|p1a: Euston|0 fnt
|faint|p1a: Euston
|
|-weather|RainDance|[upkeep]
|-heal|p2a: Gothitelle|84/100|[from] item: Leftovers
|upkeep
|
|t:|1757828059
|switch|p1a: Hampstead Heath|Rillaboom, L50, M|31/100
|-fieldstart|move: Grassy Terrain|[from] ability: Grassy Surge|[of] p1a: Hampstead Heath
|turn|8
|
|t:|1757828087
|move|p1b: Canada Water|Encore|p2b: Politoed
|-start|p2b: Politoed|Encore
|move|p1a: Hampstead Heath|Drum Beating|p2a: Gothitelle
|-damage|p2a: Gothitelle|40/100
|-unboost|p2a: Gothitelle|spe|1
|move|p2b: Politoed|Protect|p2b: Politoed
|-singleturn|p2b: Politoed|Protect
|move|p2a: Gothitelle|Taunt|p1b: Canada Water
|-start|p1b: Canada Water|move: Taunt
|
|-weather|RainDance|[upkeep]
|-heal|p1b: Canada Water|98/100|[from] Grassy Terrain
|-heal|p1a: Hampstead Heath|36/100|[from] Grassy Terrain
|-heal|p2b: Politoed|71/100|[from] Grassy Terrain
|-heal|p2a: Gothitelle|46/100|[from] Grassy Terrain
|-heal|p2a: Gothitelle|52/100|[from] item: Leftovers
|upkeep
|turn|9
|
|t:|1757828102
|move|p2b: Politoed|Protect||[still]
|-fail|p2b: Politoed
|move|p1b: Canada Water|Blizzard|p2b: Politoed|[spread] p2a
|-miss|p1b: Canada Water|p2b: Politoed
|-damage|p2a: Gothitelle|27/100
|-status|p2a: Gothitelle|frz
|move|p1a: Hampstead Heath|Drum Beating|p2a: Gothitelle
|-damage|p2a: Gothitelle|0 fnt
|faint|p2a: Gothitelle
|
|-weather|RainDance|[upkeep]
|-heal|p1b: Canada Water|100/100|[from] Grassy Terrain
|-heal|p1a: Hampstead Heath|42/100|[from] Grassy Terrain
|-heal|p2b: Politoed|77/100|[from] Grassy Terrain
|upkeep
|turn|10
|
|t:|1757828110
|move|p2b: Politoed|Protect|p2b: Politoed
|-singleturn|p2b: Politoed|Protect
|move|p1b: Canada Water|Blizzard|p2b: Politoed
|-activate|p2b: Politoed|move: Protect
|move|p1a: Hampstead Heath|Drum Beating|p2b: Politoed
|-activate|p2b: Politoed|move: Protect
|
|-weather|none
|-heal|p1a: Hampstead Heath|48/100|[from] Grassy Terrain
|-heal|p2b: Politoed|83/100|[from] Grassy Terrain
|-end|p2b: Politoed|Encore
|upkeep
|turn|11
|
|t:|1757828117
|move|p1b: Canada Water|Blizzard|p2b: Politoed
|-resisted|p2b: Politoed
|-damage|p2b: Politoed|66/100
|move|p1a: Hampstead Heath|Drum Beating|p2b: Politoed
|-supereffective|p2b: Politoed
|-damage|p2b: Politoed|0 fnt
|faint|p2b: Politoed
|
|win|hexagonfoot
||hexagonfoot is ready for game 2.
||AgentPotato69 is ready for game 2.
|uhtml|next|Next: Game 2 of 3
