|j|☆chaoticfarmer
|j|☆Beeetch
|html|chaoticfarmerBeeetch    
|uhtml|bestof|Game 2 of a best-of-3
|t:|1757122891
|gametype|doubles
|player|p1|chaoticfarmer|norman|1203
|player|p2|Beeetch|beauty-gen4dp|1268
|gen|9
|tier|[Gen 9] VGC 2025 Reg H (Bo3)
|rated|
|rule|Species Clause: Limit one of each Pokémon
|rule|Item Clause: Limit 1 of each item
|clearpoke
|poke|p1|Rillaboom, L50, M|
|poke|p1|Pelipper, L50, F|
|poke|p1|Sneasler, L50, F|
|poke|p1|Cetitan, L50, F|
|poke|p1|Malamar, L50, F|
|poke|p1|Ursaluna-Bloodmoon, L50, M|
|poke|p2|Excadrill, L50, M|
|poke|p2|Tyranitar, L50, F|
|poke|p2|Sneasler, L50, M|
|poke|p2|Indeedee, L50, M|
|poke|p2|Corviknight, L50, M|
|poke|p2|Annihilape, L50, M|
|teampreview|4
|showteam|p1|Rillaboom||AssaultVest|GrassySurge|FakeOut,GrassyGlide,WoodHammer,Uturn|||M|||50|,,,,,Fire]Pelipper||FocusSash|Drizzle|Tailwind,Hurricane,Protect,WeatherBall|||F|||50|,,,,,Fairy]Sneasler||GrassySeed|Unburden|CloseCombat,DireClaw,ThroatChop,Protect|||F|||50|,,,,,Dark]Cetitan||LifeOrb|SheerForce|IcicleCrash,Liquidation,IceShard,Protect|||F|||50|,,,,,Water]Malamar||CovertCloak|Contrary|TopsyTurvy,KnockOff,Superpower,TrickRoom|||F|||50|,,,,,Steel]Ursaluna-Bloodmoon||SilkScarf|MindsEye|BloodMoon,HyperVoice,EarthPower,Protect|||M|||50|,,,,,Ghost
|showteam|p2|Excadrill||FocusSash|SandRush|IronHead,HighHorsepower,Earthquake,Protect|||M|||50|,,,,,Stellar]Tyranitar||AssaultVest|SandStream|RockSlide,KnockOff,TeraBlast,LowKick|||F|||50|,,,,,Flying]Sneasler||PsychicSeed|Unburden|DireClaw,CloseCombat,ThroatChop,Protect|||M|||50|,,,,,Dark]Indeedee||ChoiceScarf|PsychicSurge|ExpandingForce,TeraBlast,Protect,Trick|||M|||50|,,,,,Psychic]Corviknight||Leftovers|MirrorArmor|BraveBird,BulkUp,Roost,Tailwind|||M|||50|,,,,,Dragon]Annihilape||SafetyGoggles|Defiant|CloseCombat,FinalGambit,RageFist,Taunt|||M|||50|,,,,,Water
|inactive|Battle timer is ON: inactive players will automatically lose when time's up. (requested by chaoticfarmer)
|inactive|chaoticfarmer has 60 seconds left.
|inactive|chaoticfarmer has 30 seconds left.
|inactive|Beeetch has 60 seconds left.
|
|t:|1757122959
|teamsize|p1|4
|teamsize|p2|4
|start
|switch|p1a: Rillaboom|Rillaboom, L50, M|100/100
|switch|p1b: Malamar|Malamar, L50, F|100/100
|switch|p2a: Sneasler|Sneasler, L50, M, shiny|100/100
|switch|p2b: Excadrill|Excadrill, L50, M, shiny|100/100
|-fieldstart|move: Grassy Terrain|[from] ability: Grassy Surge|[of] p1a: Rillaboom
|turn|1
|
|t:|1757122984
|switch|p2b: Indeedee|Indeedee, L50, M, shiny|100/100
|-fieldstart|move: Psychic Terrain|[from] ability: Psychic Surge|[of] p2b: Indeedee
|-enditem|p2a: Sneasler|Psychic Seed
|-boost|p2a: Sneasler|spd|1|[from] item: Psychic Seed
|move|p1a: Rillaboom|Fake Out|p2a: Sneasler
|-activate|p2a: Sneasler|move: Psychic Terrain
|move|p2a: Sneasler|Dire Claw|p1b: Malamar
|-damage|p1b: Malamar|61/100
|move|p1b: Malamar|Trick Room|p1b: Malamar
|-fieldstart|move: Trick Room|[of] p1b: Malamar
|
|upkeep
|turn|2
|inactive|chaoticfarmer has 30 seconds left.
|
|t:|1757123011
|switch|p2b: Tyranitar|Tyranitar, L50, F, shiny|100/100
|-weather|Sandstorm|[from] ability: Sand Stream|[of] p2b: Tyranitar
|move|p1b: Malamar|Superpower|p2a: Sneasler
|-resisted|p2a: Sneasler
|-damage|p2a: Sneasler|77/100
|-boost|p1b: Malamar|atk|1
|-boost|p1b: Malamar|def|1
|move|p1a: Rillaboom|U-turn|p2b: Tyranitar
|-supereffective|p2b: Tyranitar
|-damage|p2b: Tyranitar|54/100
|
|t:|1757123025
|switch|p1a: Pelipper|Pelipper, L50, F|100/100|[from] U-turn
|-weather|RainDance|[from] ability: Drizzle|[of] p1a: Pelipper
|move|p2a: Sneasler|Close Combat|p1b: Malamar
|-damage|p1b: Malamar|21/100
|-unboost|p2a: Sneasler|def|1
|-unboost|p2a: Sneasler|spd|1
|
|-weather|RainDance|[upkeep]
|upkeep
|turn|3
|
|t:|1757123049
|switch|p2a: Indeedee|Indeedee, L50, M, shiny|100/100
|-terastallize|p2b: Tyranitar|Flying
|move|p1b: Malamar|Knock Off|p2b: Tyranitar
|-damage|p2b: Tyranitar|4/100
|-enditem|p2b: Tyranitar|Assault Vest|[from] move: Knock Off|[of] p1b: Malamar
|move|p2b: Tyranitar|Rock Slide|p1a: Pelipper|[spread] p1a,p1b
|-supereffective|p1a: Pelipper
|-damage|p1a: Pelipper|15/100
|-damage|p1b: Malamar|3/100
|move|p1a: Pelipper|Weather Ball|p2b: Tyranitar
|-damage|p2b: Tyranitar|0 fnt
|faint|p2b: Tyranitar
|
|-weather|RainDance|[upkeep]
|upkeep
|l|☆Beeetch
|inactive|Beeetch disconnected and has a minute to reconnect!
|player|p2|
|inactive|Beeetch has 30 seconds left.
|j|☆Beeetch
|inactive|Beeetch reconnected and has 30 seconds left.
|player|p2|Beeetch|beauty-gen4dp|
|inactive|Beeetch has 20 seconds left.
|
|t:|1757123086
|switch|p2b: Excadrill|Excadrill, L50, M, shiny|100/100
|turn|4
|
|t:|1757123106
|move|p2a: Indeedee|Protect|p2a: Indeedee
|-singleturn|p2a: Indeedee|Protect
|move|p1b: Malamar|Knock Off|p2a: Indeedee
|-activate|p2a: Indeedee|move: Protect
|move|p1a: Pelipper|Weather Ball|p2b: Excadrill
|-supereffective|p2b: Excadrill
|-enditem|p2b: Excadrill|Focus Sash
|-damage|p2b: Excadrill|1/100
|move|p2b: Excadrill|Iron Head|p1b: Malamar
|-damage|p1b: Malamar|0 fnt
|faint|p1b: Malamar
|
|-weather|RainDance|[upkeep]
|upkeep
|l|☆Beeetch
|inactive|Beeetch disconnected and has a minute to reconnect!
|player|p2|
|
|t:|1757123114
|switch|p1b: Rillaboom|Rillaboom, L50, M|100/100
|-fieldstart|move: Grassy Terrain|[from] ability: Grassy Surge|[of] p1b: Rillaboom
|turn|5
|j|☆Beeetch
|inactive|Beeetch reconnected and has 35 seconds left.
|player|p2|Beeetch|beauty-gen4dp|
|inactive|Beeetch has 30 seconds left.
|
|t:|1757123148
|switch|p2a: Sneasler|Sneasler, L50, M, shiny|77/100
|move|p2b: Excadrill|Protect|p2b: Excadrill
|-singleturn|p2b: Excadrill|Protect
|move|p1b: Rillaboom|Wood Hammer|p2b: Excadrill
|-activate|p2b: Excadrill|move: Protect
|move|p1a: Pelipper|Hurricane|p2a: Sneasler
|-supereffective|p2a: Sneasler
|-damage|p2a: Sneasler|0 fnt
|faint|p2a: Sneasler
|
|-weather|RainDance|[upkeep]
|-heal|p2b: Excadrill|7/100|[from] Grassy Terrain
|-fieldend|move: Trick Room
|upkeep
|
|t:|1757123155
|switch|p2a: Indeedee|Indeedee, L50, M, shiny|100/100
|-fieldstart|move: Psychic Terrain|[from] ability: Psychic Surge|[of] p2a: Indeedee
|turn|6
|inactive|chaoticfarmer has 30 seconds left.
|inactive|chaoticfarmer has 20 seconds left.
|inactive|chaoticfarmer has 15 seconds left.
|inactive|chaoticfarmer has 10 seconds left.
|
|t:|1757123201
|switch|p1a: Cetitan|Cetitan, L50, F|100/100
|move|p2a: Indeedee|Expanding Force|p1a: Cetitan|[spread] p1a,p1b
|-damage|p1a: Cetitan|45/100
|-damage|p1b: Rillaboom|59/100
|move|p2b: Excadrill|Iron Head|p1b: Rillaboom
|-damage|p1b: Rillaboom|17/100
|cant|p1b: Rillaboom|flinch
|
|-weather|none
|upkeep
|turn|7
|
|t:|1757123219
|switch|p1b: Pelipper|Pelipper, L50, F|15/100
|-weather|RainDance|[from] ability: Drizzle|[of] p1b: Pelipper
|move|p1a: Cetitan|Protect|p1a: Cetitan
|-singleturn|p1a: Cetitan|Protect
|move|p2a: Indeedee|Expanding Force|p1b: Pelipper|[spread] p1b
|-activate|p1a: Cetitan|move: Protect
|-damage|p1b: Pelipper|0 fnt
|faint|p1b: Pelipper
|move|p2b: Excadrill|Iron Head|p1a: Cetitan
|-activate|p1a: Cetitan|move: Protect
|
|-weather|RainDance|[upkeep]
|upkeep
|inactive|chaoticfarmer has 30 seconds left.
|
|t:|1757123245
|switch|p1b: Rillaboom|Rillaboom, L50, M|17/100
|-fieldstart|move: Grassy Terrain|[from] ability: Grassy Surge|[of] p1b: Rillaboom
|turn|8
|
|t:|1757123258
|-terastallize|p1a: Cetitan|Water
|move|p2b: Excadrill|Protect|p2b: Excadrill
|-singleturn|p2b: Excadrill|Protect
|move|p1b: Rillaboom|Fake Out|p2a: Indeedee
|-damage|p2a: Indeedee|71/100
|cant|p2a: Indeedee|flinch
|move|p1a: Cetitan|Liquidation|p2a: Indeedee
|-damage|p2a: Indeedee|0 fnt
|faint|p2a: Indeedee
|
|-weather|RainDance|[upkeep]
|-heal|p2b: Excadrill|13/100|[from] Grassy Terrain
|-heal|p1b: Rillaboom|23/100|[from] Grassy Terrain
|-heal|p1a: Cetitan|51/100|[from] Grassy Terrain
|upkeep
|turn|9
|
|t:|1757123273
|move|p1b: Rillaboom|Grassy Glide|p2b: Excadrill
|-damage|p2b: Excadrill|0 fnt
|faint|p2b: Excadrill
|
|win|chaoticfarmer
|raw|chaoticfarmer's rating: 1203 → 1233(+30 for winning)
|raw|Beeetch's rating: 1268 → 1238(-30 for losing)
|l|☆chaoticfarmer
|player|p1|
