|j|☆kimius64
|j|☆Rin Rin Renacuaja
|html|kimius64Rin Rin Renacuaja    
|uhtml|bestof|Game 3 of a best-of-3
|t:|1782306103
|gametype|doubles
|player|p1|kimius64|iris-gen5bw2|1162
|player|p2|Rin Rin Renacuaja|lacey|1293
|gen|9
|tier|[Gen 9 Champions] VGC 2026 Reg M-B (Bo3)
|rated|
|rule|Species Clause: Limit one of each Pokémon
|rule|Item Clause: Limit 1 of each item
|clearpoke
|poke|p1|Sneasler, L50, F|
|poke|p1|Mawile, L50, M, shiny|
|poke|p1|Sinistcha, L50|
|poke|p1|Delphox, L50, F|
|poke|p1|Whimsicott, L50, F, shiny|
|poke|p1|Garchomp, L50, F|
|poke|p2|Raichu, L50, F|
|poke|p2|Incineroar, L50, F|
|poke|p2|Farigiraf, L50, F|
|poke|p2|Sylveon, L50, M|
|poke|p2|Garchomp, L50, M|
|poke|p2|Sneasler, L50, F|
|teampreview|4
|showteam|p1|Sneasler||WhiteHerb|Unburden|FakeOut,CloseCombat,DireClaw,Coaching|Jolly||F|||50|]Mawile||Mawilite|HyperCutter|SuckerPunch,PlayRough,Protect,SwordsDance|Brave||M|||50|]Sinistcha||CobaBerry|Hospitality|TrickRoom,LifeDew,LeafStorm,RagePowder|Sassy|||||50|]Delphox||Delphoxite|Blaze|CalmMind,Protect,HeatWave,Psychic|Timid||F|||50|]Whimsicott||FocusSash|Prankster|Tailwind,Moonblast,SunnyDay,Protect|Timid||F|||50|]Garchomp||LifeOrb|RoughSkin|Earthquake,DragonClaw,RockSlide,Protect|Jolly||F|||50|
|showteam|p2|Raichu||RaichuniteX|LightningRod|RisingVoltage,VoltSwitch,Protect,FakeOut|Timid||F|||50|]Incineroar||ChopleBerry|Intimidate|FlareBlitz,ThroatChop,FakeOut,PartingShot|Impish||F|||50|]Farigiraf||SitrusBerry|ArmorTail|TwinBeam,TrickRoom,Thunderbolt,HelpingHand|Bold||F|||50|]Sylveon||FairyFeather|Pixilate|HyperVoice,HyperBeam,QuickAttack,Detect|Modest||M|||50|]Garchomp||LifeOrb|RoughSkin|DragonClaw,StompingTantrum,RockSlide,Protect|Jolly||M|||50|]Sneasler||WhiteHerb|Unburden|CloseCombat,DireClaw,FakeOut,Protect|Adamant||F|||50|
|
|t:|1782306143
|teamsize|p1|4
|teamsize|p2|4
|start
|switch|p1a: Delphox|Delphox, L50, F|100/100
|switch|p1b: Whimsicott|Whimsicott, L50, F, shiny|100/100
|switch|p2a: Raichu|Raichu, L50, F|100/100
|switch|p2b: Garchomp|Garchomp, L50, M|100/100
|turn|1
|
|t:|1782306163
|detailschange|p1a: Delphox|Delphox-Mega, L50, F
|-mega|p1a: Delphox|Delphox|Delphoxite
|detailschange|p2a: Raichu|Raichu-Mega-X, L50, F
|-mega|p2a: Raichu|Raichu|Raichunite X
|-fieldstart|move: Electric Terrain|[from] ability: Electric Surge|[of] p2a: Raichu
|move|p1b: Whimsicott|Protect|p1b: Whimsicott
|-singleturn|p1b: Whimsicott|Protect
|move|p1a: Delphox|Protect|p1a: Delphox
|-singleturn|p1a: Delphox|Protect
|move|p2a: Raichu|Fake Out|p1b: Whimsicott
|-activate|p1b: Whimsicott|move: Protect
|move|p2b: Garchomp|Rock Slide|p1a: Delphox|[spread] 
|-activate|p1a: Delphox|move: Protect
|-activate|p1b: Whimsicott|move: Protect
|
|upkeep
|turn|2
|
|t:|1782306179
|move|p1a: Delphox|Psychic|p2a: Raichu
|-damage|p2a: Raichu|40/100
|move|p1b: Whimsicott|Moonblast|p2a: Raichu
|-damage|p2a: Raichu|0 fnt
|faint|p2a: Raichu
|move|p2b: Garchomp|Rock Slide|p1b: Whimsicott|[spread] p1a,p1b
|-supereffective|p1a: Delphox|1
|-damage|p1a: Delphox|45/100
|-damage|p1b: Whimsicott|68/100
|-damage|p2b: Garchomp|90/100|[from] item: Life Orb
|
|upkeep
|
|t:|1782306190
|switch|p2a: Farigiraf|Farigiraf, L50, F|100/100
|turn|3
|
|t:|1782306200
|switch|p2b: Incineroar|Incineroar, L50, F|100/100
|-ability|p2b: Incineroar|Intimidate|boost
|-unboost|p1a: Delphox|atk|1
|-unboost|p1b: Whimsicott|atk|1
|move|p1b: Whimsicott|Sunny Day|p1b: Whimsicott
|-weather|SunnyDay
|move|p1a: Delphox|Heat Wave|p2a: Farigiraf|[spread] p2a,p2b
|-resisted|p2b: Incineroar|1
|-damage|p2a: Farigiraf|52/100
|-damage|p2b: Incineroar|74/100
|move|p2a: Farigiraf|Trick Room|p2a: Farigiraf
|-fieldstart|move: Trick Room|[of] p2a: Farigiraf
|
|-weather|SunnyDay|[upkeep]
|upkeep
|turn|4
|
|t:|1782306218
|switch|p1a: Garchomp|Garchomp, L50, F|100/100
|move|p2a: Farigiraf|Twin Beam|p1b: Whimsicott
|-damage|p1b: Whimsicott|40/100
|-damage|p1b: Whimsicott|16/100
|-hitcount|p1b: Whimsicott|2
|move|p2b: Incineroar|Throat Chop|p1a: Garchomp
|-damage|p1a: Garchomp|68/100
|-start|p1a: Garchomp|Throat Chop|[silent]
|-damage|p2b: Incineroar|61/100|[from] ability: Rough Skin|[of] p1a: Garchomp
|move|p1b: Whimsicott|Moonblast|p2b: Incineroar
|-damage|p2b: Incineroar|27/100
|
|-weather|SunnyDay|[upkeep]
|upkeep
|turn|5
|
|t:|1782306244
|move|p1a: Garchomp|Protect|p1a: Garchomp
|-singleturn|p1a: Garchomp|Protect
|move|p2a: Farigiraf|Twin Beam|p1a: Garchomp
|-activate|p1a: Garchomp|move: Protect
|move|p2b: Incineroar|Parting Shot|p1a: Garchomp
|-activate|p1a: Garchomp|move: Protect
|move|p1b: Whimsicott|Moonblast|p2b: Incineroar
|-damage|p2b: Incineroar|0 fnt
|faint|p2b: Incineroar
|
|-weather|SunnyDay|[upkeep]
|-end|p1a: Garchomp|Throat Chop|[silent]
|-fieldend|move: Electric Terrain
|upkeep
|
|t:|1782306248
|switch|p2b: Garchomp|Garchomp, L50, M|90/100
|turn|6
|
|t:|1782306284
|move|p1b: Whimsicott|Protect|p1b: Whimsicott
|-singleturn|p1b: Whimsicott|Protect
|move|p2b: Garchomp|Protect|p2b: Garchomp
|-singleturn|p2b: Garchomp|Protect
|move|p2a: Farigiraf|Twin Beam|p1a: Garchomp
|-damage|p1a: Garchomp|52/100
|-damage|p1a: Garchomp|34/100
|-hitcount|p1a: Garchomp|2
|move|p1a: Garchomp|Dragon Claw|p2b: Garchomp
|-activate|p2b: Garchomp|move: Protect
|
|-weather|SunnyDay|[upkeep]
|upkeep
|turn|7
|
|t:|1782306298
|move|p1a: Garchomp|Protect|p1a: Garchomp
|-singleturn|p1a: Garchomp|Protect
|move|p1b: Whimsicott|Tailwind|p1b: Whimsicott
|-sidestart|p1: kimius64|move: Tailwind
|move|p2a: Farigiraf|Twin Beam|p1a: Garchomp
|-activate|p1a: Garchomp|move: Protect
|move|p2b: Garchomp|Rock Slide|p1b: Whimsicott|[spread] p1b
|-activate|p1a: Garchomp|move: Protect
|-damage|p1b: Whimsicott|0 fnt
|faint|p1b: Whimsicott
|-damage|p2b: Garchomp|80/100|[from] item: Life Orb
|
|-weather|none
|-fieldend|move: Trick Room
|upkeep
|
|t:|1782306306
|switch|p1b: Sneasler|Sneasler, L50, F|100/100
|turn|8
|
|t:|1782306318
|move|p1b: Sneasler|Coaching|p1a: Garchomp
|-boost|p1a: Garchomp|atk|1
|-boost|p1a: Garchomp|def|1
|move|p1a: Garchomp|Dragon Claw|p2a: Farigiraf
|-damage|p2a: Farigiraf|0 fnt
|faint|p2a: Farigiraf
|-damage|p1a: Garchomp|24/100|[from] item: Life Orb
|move|p2b: Garchomp|Stomping Tantrum|p1b: Sneasler
|-supereffective|p1b: Sneasler|1
|-damage|p1b: Sneasler|0 fnt
|faint|p1b: Sneasler
|-damage|p2b: Garchomp|70/100|[from] item: Life Orb
|
|upkeep
|
|t:|1782306321
|switch|p1b: Delphox|Delphox-Mega, L50, F|45/100
|turn|9
|
|t:|1782306333
|move|p2b: Garchomp|Protect|p2b: Garchomp
|-singleturn|p2b: Garchomp|Protect
|move|p1b: Delphox|Psychic|p2b: Garchomp
|-activate|p2b: Garchomp|move: Protect
|move|p1a: Garchomp|Dragon Claw|p2b: Garchomp
|-activate|p2b: Garchomp|move: Protect
|
|upkeep
|turn|10
|
|t:|1782306340
|move|p2b: Garchomp|Protect||[still]
|-fail|p2b: Garchomp
|move|p1b: Delphox|Psychic|p2b: Garchomp
|-damage|p2b: Garchomp|29/100
|move|p1a: Garchomp|Dragon Claw|p2b: Garchomp
|-supereffective|p2b: Garchomp|1
|-damage|p2b: Garchomp|0 fnt
|-damage|p1a: Garchomp|12/100|[from] ability: Rough Skin|[of] p2b: Garchomp
|faint|p2b: Garchomp
|-damage|p1a: Garchomp|2/100|[from] item: Life Orb
|
|win|kimius64
|raw|kimius64's rating: 1162 → 1196(+34 for winning)
|raw|Rin Rin Renacuaja's rating: 1293 → 1259(-34 for losing)
|l|☆Rin Rin Renacuaja
|player|p2|
