|j|☆LEgOtlomy67
|j|☆5NitesAtTrickRoom
|html|LEgOtlomy675NitesAtTrickRoom    
|uhtml|bestof|Game 2 of a best-of-3
|t:|1757630597
|gametype|doubles
|player|p1|LEgOtlomy67|steven|1141
|player|p2|5NitesAtTrickRoom|hilbert|1264
|gen|9
|tier|[Gen 9] VGC 2025 Reg H (Bo3)
|rated|
|rule|Species Clause: Limit one of each Pokémon
|rule|Item Clause: Limit 1 of each item
|clearpoke
|poke|p1|Kilowattrel, L50, M|
|poke|p1|Garchomp, L50, F|
|poke|p1|Primarina, L50, F|
|poke|p1|Rillaboom, L50, M|
|poke|p1|Incineroar, L50, F|
|poke|p1|Kingambit, L50, F|
|poke|p2|Pelipper, L50, M|
|poke|p2|Archaludon, L50, M|
|poke|p2|Sinistcha-Masterpiece, L50|
|poke|p2|Maushold, L50|
|poke|p2|Basculegion, L50, M|
|poke|p2|Kingambit, L50, M|
|teampreview|4
|showteam|p1|Kilowattrel||FocusSash|Competitive|Discharge,AirSlash,Tailwind,Protect|||M|||50|,,,,,Ghost]Garchomp||LifeOrb|RoughSkin|Earthquake,DragonClaw,StompingTantrum,Protect|||F|||50|,,,,,Ground]Primarina||ThroatSpray|LiquidVoice|HyperVoice,Moonblast,WaterPledge,Protect|||F|||50|,,,,,Poison]Rillaboom||GrassySeed|GrassySurge|DrumBeating,GrassPledge,FakeOut,GrassyGlide|||M|||50|,,,,,Poison]Incineroar||AssaultVest|Intimidate|FlareBlitz,KnockOff,FakeOut,Uturn|||F|||50|,,,,,Grass]Kingambit||SafetyGoggles|Defiant|KowtowCleave,SuckerPunch,Protect,SwordsDance|||F|||50|,,,,,Dark
|showteam|p2|Pelipper||FocusSash|Drizzle|WeatherBall,Hurricane,Tailwind,Protect|||M|||50|,,,,,Grass]Archaludon||AssaultVest|Stamina|FlashCannon,BodyPress,ElectroShot,Snarl|||M|||50|,,,,,Fighting]Sinistcha-Masterpiece||SitrusBerry|Hospitality|RagePowder,MatchaGotcha,TrickRoom,LifeDew||||||50|,,,,,Water]Maushold||WideLens|Technician|Protect,RainDance,PopulationBomb,FollowMe||||||50|,,,,,Ghost]Basculegion||ChoiceScarf|Adaptability|WaveCrash,LastRespects,AquaJet,FlipTurn|||M|||50|,,,,,Water]Kingambit||SafetyGoggles|Defiant|KowtowCleave,SuckerPunch,SwordsDance,Protect|||M|||50|,,,,,Dark
|inactive|Battle timer is ON: inactive players will automatically lose when time's up. (requested by LEgOtlomy67)
|inactive|LEgOtlomy67 has 60 seconds left.
|
|t:|1757630634
|teamsize|p1|4
|teamsize|p2|4
|start
|switch|p1a: Kilowattrel|Kilowattrel, L50, M|100/100
|switch|p1b: Garchomp|Garchomp, L50, F|100/100
|switch|p2a: Kingambit|Kingambit, L50, M, shiny|100/100
|switch|p2b: Maushold|Maushold, L50|100/100
|turn|1
|
|t:|1757630653
|switch|p2a: Archaludon|Archaludon, L50, M|100/100
|-terastallize|p1a: Kilowattrel|Ghost
|move|p1a: Kilowattrel|Tailwind|p1a: Kilowattrel
|-sidestart|p1: LEgOtlomy67|move: Tailwind
|move|p1b: Garchomp|Earthquake|p2a: Archaludon|[spread] p1a,p2a,p2b
|-crit|p1a: Kilowattrel
|-supereffective|p2a: Archaludon
|-enditem|p1a: Kilowattrel|Focus Sash
|-damage|p1a: Kilowattrel|1/100
|-damage|p2a: Archaludon|22/100
|-damage|p2b: Maushold|11/100
|-ability|p2a: Archaludon|Stamina|boost
|-boost|p2a: Archaludon|def|1
|-damage|p1b: Garchomp|91/100|[from] item: Life Orb
|move|p2b: Maushold|Population Bomb|p2a: Archaludon
|-resisted|p2a: Archaludon
|-damage|p2a: Archaludon|19/100
|-ability|p2a: Archaludon|Stamina|boost
|-boost|p2a: Archaludon|def|1
|-resisted|p2a: Archaludon
|-damage|p2a: Archaludon|18/100
|-ability|p2a: Archaludon|Stamina|boost
|-boost|p2a: Archaludon|def|1
|-resisted|p2a: Archaludon
|-damage|p2a: Archaludon|16/100
|-ability|p2a: Archaludon|Stamina|boost
|-boost|p2a: Archaludon|def|1
|-resisted|p2a: Archaludon
|-damage|p2a: Archaludon|15/100
|-ability|p2a: Archaludon|Stamina|boost
|-boost|p2a: Archaludon|def|1
|-resisted|p2a: Archaludon
|-damage|p2a: Archaludon|14/100
|-ability|p2a: Archaludon|Stamina|boost
|-boost|p2a: Archaludon|def|1
|-resisted|p2a: Archaludon
|-damage|p2a: Archaludon|12/100
|-resisted|p2a: Archaludon
|-damage|p2a: Archaludon|11/100
|-resisted|p2a: Archaludon
|-crit|p2a: Archaludon
|-damage|p2a: Archaludon|6/100
|-resisted|p2a: Archaludon
|-damage|p2a: Archaludon|5/100
|-resisted|p2a: Archaludon
|-damage|p2a: Archaludon|4/100
|-hitcount|p2a: Archaludon|10
|
|upkeep
|turn|2
|inactive|5NitesAtTrickRoom has 30 seconds left.
|inactive|5NitesAtTrickRoom has 20 seconds left.
|inactive|5NitesAtTrickRoom has 15 seconds left.
|inactive|5NitesAtTrickRoom has 10 seconds left.
|inactive|5NitesAtTrickRoom has 5 seconds left.
|
|t:|1757630707
|switch|p2b: Sinistcha|Sinistcha-Masterpiece, L50|100/100
|-heal|p2a: Archaludon|29/100|[from] ability: Hospitality|[of] p2b: Sinistcha
|move|p1a: Kilowattrel|Discharge|p2a: Archaludon|[spread] p2a,p2b
|-immune|p1b: Garchomp
|-resisted|p2a: Archaludon
|-resisted|p2b: Sinistcha
|-damage|p2a: Archaludon|20/100
|-damage|p2b: Sinistcha|89/100
|move|p1b: Garchomp|Stomping Tantrum|p2b: Sinistcha
|-resisted|p2b: Sinistcha
|-damage|p2b: Sinistcha|63/100
|-damage|p1b: Garchomp|81/100|[from] item: Life Orb
|move|p2a: Archaludon|Snarl|p1b: Garchomp|[spread] p1a,p1b
|-supereffective|p1a: Kilowattrel
|-crit|p1a: Kilowattrel
|-damage|p1a: Kilowattrel|0 fnt
|-damage|p1b: Garchomp|67/100
|-unboost|p1b: Garchomp|spa|1
|faint|p1a: Kilowattrel
|
|upkeep
|
|t:|1757630723
|switch|p1a: Kingambit|Kingambit, L50, F|100/100
|turn|3
|inactive|5NitesAtTrickRoom has 30 seconds left.
|inactive|5NitesAtTrickRoom has 20 seconds left.
|
|t:|1757630763
|-terastallize|p2a: Archaludon|Fighting
|move|p1a: Kingambit|Protect|p1a: Kingambit
|-singleturn|p1a: Kingambit|Protect
|move|p1b: Garchomp|Earthquake|p2a: Archaludon|[spread] p2a,p2b
|-activate|p1a: Kingambit|move: Protect
|-resisted|p2b: Sinistcha
|-damage|p2a: Archaludon|11/100
|-damage|p2b: Sinistcha|39/100
|-enditem|p2b: Sinistcha|Sitrus Berry|[eat]
|-heal|p2b: Sinistcha|63/100|[from] item: Sitrus Berry
|-damage|p1b: Garchomp|58/100|[from] item: Life Orb
|move|p2a: Archaludon|Body Press|p1a: Kingambit
|-activate|p1a: Kingambit|move: Protect
|move|p2b: Sinistcha|Life Dew|p2b: Sinistcha|[spread] p2a,p2b
|-heal|p2a: Archaludon|36/100
|-heal|p2b: Sinistcha|89/100
|
|upkeep
|turn|4
|
|t:|1757630782
|switch|p1a: Primarina|Primarina, L50, F|100/100
|move|p1b: Garchomp|Protect|p1b: Garchomp
|-singleturn|p1b: Garchomp|Protect
|move|p2a: Archaludon|Body Press|p1a: Primarina
|-resisted|p1a: Primarina
|-damage|p1a: Primarina|11/100
|move|p2b: Sinistcha|Life Dew|p2b: Sinistcha|[spread] p2a,p2b
|-heal|p2a: Archaludon|61/100
|-heal|p2b: Sinistcha|100/100
|
|-sideend|p1: LEgOtlomy67|move: Tailwind
|upkeep
|turn|5
|
|t:|1757630797
|move|p1b: Garchomp|Dragon Claw|p2b: Sinistcha
|-damage|p2b: Sinistcha|46/100
|-damage|p1b: Garchomp|48/100|[from] item: Life Orb
|move|p2a: Archaludon|Body Press|p1a: Primarina
|-resisted|p1a: Primarina
|-damage|p1a: Primarina|0 fnt
|faint|p1a: Primarina
|move|p2b: Sinistcha|Matcha Gotcha|p1b: Garchomp
|-damage|p1b: Garchomp|8/100
|-heal|p2b: Sinistcha|67/100|[from] drain|[of] p1b: Garchomp
|-status|p1b: Garchomp|brn
|
|-damage|p1b: Garchomp|2/100 brn|[from] brn
|upkeep
|-message|LEgOtlomy67 forfeited.
|raw|LEgOtlomy67's rating: 1141 → 1124(-17 for losing)
|raw|5NitesAtTrickRoom's rating: 1264 → 1281(+17 for winning)
|
|win|5NitesAtTrickRoom
