|j|☆vamioli
|j|☆Serendepityz
|html|vamioliSerendepityz    
|uhtml|bestof|Game 3 of a best-of-3
|t:|1782208678
|gametype|doubles
|player|p1|vamioli|170|1181
|player|p2|Serendepityz|101|1252
|gen|9
|tier|[Gen 9 Champions] VGC 2026 Reg M-B (Bo3)
|rated|
|rule|Species Clause: Limit one of each Pokémon
|rule|Item Clause: Limit 1 of each item
|clearpoke
|poke|p1|Annihilape, L50, F|
|poke|p1|Gholdengo, L50|
|poke|p1|Whimsicott, L50, M|
|poke|p1|Sinistcha, L50|
|poke|p1|Excadrill, L50, F|
|poke|p1|Tyranitar, L50, F|
|poke|p2|Swampert, L50, M|
|poke|p2|Maushold, L50|
|poke|p2|Sinistcha, L50|
|poke|p2|Archaludon, L50, M|
|poke|p2|Gholdengo, L50|
|poke|p2|Pelipper, L50, F|
|teampreview|4
|showteam|p1|Annihilape||Leftovers|Defiant|Protect,RageFist,DrainPunch,BulkUp|Adamant||F|||50|]Gholdengo||ExpertBelt|GoodasGold|ShadowBall,MakeItRain,NastyPlot,Protect|Modest|||||50|]Whimsicott||CobaBerry|Prankster|Tailwind,Moonblast,Encore,Protect|Timid||M|||50|]Sinistcha||ColburBerry|Hospitality|RagePowder,MatchaGotcha,Protect,TrickRoom|Bold|||||50|]Excadrill||LifeOrb|SandRush|IronHead,HighHorsepower,Protect,RockSlide|Adamant||F|||50|]Tyranitar||Tyranitarite|SandStream|DragonDance,KnockOff,RockSlide,Protect|Adamant||F|||50|
|showteam|p2|Swampert||Swampertite|Damp|WaveCrash,HighHorsepower,IcePunch,Protect|Adamant||M|||50|]Maushold||FocusSash|FriendGuard|SuperFang,FollowMe,RainDance,Protect|Timid|||||50|]Sinistcha||KasibBerry|Hospitality|MatchaGotcha,RagePowder,Imprison,TrickRoom|Bold|||||50|]Archaludon||Leftovers|Stamina|ElectroShot,DragonPulse,FlashCannon,Protect|Calm||M|||50|]Gholdengo||LifeOrb|GoodasGold|MakeItRain,ShadowBall,NastyPlot,Protect|Modest|||||50|]Pelipper||SitrusBerry|Drizzle|Hurricane,WeatherBall,Tailwind,WideGuard|Bold||F|||50|
|
|t:|1782208729
|teamsize|p1|4
|teamsize|p2|4
|start
|switch|p1a: Annihilape|Annihilape, L50, F|100/100
|switch|p1b: Whimsicott|Whimsicott, L50, M|100/100
|switch|p2a: Swampert|Swampert, L50, M|100/100
|switch|p2b: Pelipper|Pelipper, L50, F|100/100
|-weather|RainDance|[from] ability: Drizzle|[of] p2b: Pelipper
|turn|1
|inactive|Battle timer is ON: inactive players will automatically lose when time's up. (requested by vamioli)
|
|t:|1782208754
|detailschange|p2a: Swampert|Swampert-Mega, L50, M
|-mega|p2a: Swampert|Swampert|Swampertite
|move|p1b: Whimsicott|Protect|p1b: Whimsicott
|-singleturn|p1b: Whimsicott|Protect
|move|p1a: Annihilape|Protect|p1a: Annihilape
|-singleturn|p1a: Annihilape|Protect
|move|p2a: Swampert|Wave Crash|p1a: Annihilape
|-activate|p1a: Annihilape|move: Protect
|move|p2b: Pelipper|Tailwind|p2b: Pelipper
|-sidestart|p2: Serendepityz|move: Tailwind
|
|-weather|RainDance|[upkeep]
|upkeep
|turn|2
|inactive|vamioli has 30 seconds left.
|inactive|Serendepityz has 30 seconds left.
|inactive|Serendepityz has 20 seconds left.
|
|t:|1782208790
|switch|p2a: Archaludon|Archaludon, L50, M|100/100
|switch|p1a: Sinistcha|Sinistcha, L50|100/100
|move|p1b: Whimsicott|Encore||[still]
|-fail|p1b: Whimsicott
|move|p2b: Pelipper|Hurricane|p1a: Sinistcha
|-supereffective|p1a: Sinistcha|1
|-damage|p1a: Sinistcha|29/100
|-start|p1a: Sinistcha|confusion
|
|-weather|RainDance|[upkeep]
|upkeep
|turn|3
|
|t:|1782208825
|switch|p1b: Annihilape|Annihilape, L50, F|100/100
|switch|p1a: Tyranitar|Tyranitar, L50, F|100/100
|-weather|Sandstorm|[from] ability: Sand Stream|[of] p1a: Tyranitar
|move|p2a: Archaludon|Flash Cannon|p1b: Annihilape
|-damage|p1b: Annihilape|74/100
|move|p2b: Pelipper|Hurricane|p1b: Annihilape
|-supereffective|p1b: Annihilape|1
|-damage|p1b: Annihilape|26/100
|
|-weather|Sandstorm|[upkeep]
|-damage|p2b: Pelipper|93/100|[from] Sandstorm
|-damage|p1b: Annihilape|20/100y|[from] Sandstorm
|-heal|p1b: Annihilape|26/100|[from] item: Leftovers
|upkeep
|turn|4
|
|t:|1782208848
|switch|p2a: Sinistcha|Sinistcha, L50|100/100
|-heal|p2b: Pelipper|100/100|[from] ability: Hospitality|[of] p2a: Sinistcha
|switch|p2b: Swampert|Swampert-Mega, L50, M|100/100
|move|p1b: Annihilape|Protect|p1b: Annihilape
|-singleturn|p1b: Annihilape|Protect
|move|p1a: Tyranitar|Dragon Dance|p1a: Tyranitar
|-boost|p1a: Tyranitar|atk|1
|-boost|p1a: Tyranitar|spe|1
|
|-weather|Sandstorm|[upkeep]
|-damage|p2a: Sinistcha|93/100|[from] Sandstorm
|-damage|p1b: Annihilape|20/100y|[from] Sandstorm
|-heal|p1b: Annihilape|26/100|[from] item: Leftovers
|-sideend|p2: Serendepityz|move: Tailwind
|upkeep
|turn|5
|inactive|vamioli has 30 seconds left.
|inactive|Serendepityz has 30 seconds left.
|inactive|vamioli has 20 seconds left.
|
|t:|1782208886
|move|p1a: Tyranitar|Protect|p1a: Tyranitar
|-singleturn|p1a: Tyranitar|Protect
|move|p2b: Swampert|Protect|p2b: Swampert
|-singleturn|p2b: Swampert|Protect
|move|p1b: Annihilape|Rage Fist|p2b: Swampert
|-activate|p2b: Swampert|move: Protect
|move|p2a: Sinistcha|Trick Room|p2a: Sinistcha
|-fieldstart|move: Trick Room|[of] p2a: Sinistcha
|
|-weather|Sandstorm|[upkeep]
|-damage|p2a: Sinistcha|87/100|[from] Sandstorm
|-damage|p1b: Annihilape|20/100y|[from] Sandstorm
|-heal|p1b: Annihilape|26/100|[from] item: Leftovers
|upkeep
|turn|6
|
|t:|1782208908
|switch|p1a: Whimsicott|Whimsicott, L50, M|100/100
|move|p2b: Swampert|Wave Crash|p1a: Whimsicott
|-resisted|p1a: Whimsicott|1
|-damage|p1a: Whimsicott|55/100
|-damage|p2b: Swampert|87/100|[from] Recoil
|move|p2a: Sinistcha|Matcha Gotcha|p1b: Annihilape|[spread] p1a,p1b
|-resisted|p1a: Whimsicott|1
|-damage|p1a: Whimsicott|39/100
|-heal|p2a: Sinistcha|95/100|[from] drain|[of] p1a: Whimsicott
|-damage|p1b: Annihilape|8/100
|-heal|p2a: Sinistcha|100/100|[from] drain|[of] p1b: Annihilape
|move|p1b: Annihilape|Rage Fist|p2a: Sinistcha
|-supereffective|p2a: Sinistcha|1
|-enditem|p2a: Sinistcha|Kasib Berry|[eat]
|-enditem|p2a: Sinistcha|Kasib Berry|[weaken]
|-damage|p2a: Sinistcha|38/100
|
|-weather|Sandstorm|[upkeep]
|-damage|p2a: Sinistcha|32/100|[from] Sandstorm
|-damage|p1b: Annihilape|2/100|[from] Sandstorm
|-damage|p1a: Whimsicott|33/100|[from] Sandstorm
|-heal|p1b: Annihilape|8/100|[from] item: Leftovers
|upkeep
|turn|7
|inactive|vamioli has 30 seconds left.
|inactive|vamioli has 20 seconds left.
|
|t:|1782208944
|switch|p1a: Sinistcha|Sinistcha, L50|29/100
|-heal|p1b: Annihilape|33/100|[from] ability: Hospitality|[of] p1a: Sinistcha
|move|p2b: Swampert|Wave Crash|p1a: Sinistcha
|-resisted|p1a: Sinistcha|1
|-damage|p1a: Sinistcha|0 fnt
|faint|p1a: Sinistcha
|-damage|p2b: Swampert|79/100|[from] Recoil
|move|p2a: Sinistcha|Matcha Gotcha|p1b: Annihilape
|-damage|p1b: Annihilape|10/100
|-heal|p2a: Sinistcha|46/100|[from] drain|[of] p1b: Annihilape
|move|p1b: Annihilape|Rage Fist|p2a: Sinistcha
|-supereffective|p2a: Sinistcha|1
|-damage|p2a: Sinistcha|0 fnt
|faint|p2a: Sinistcha
|
|-weather|none
|-heal|p1b: Annihilape|16/100|[from] item: Leftovers
|upkeep
|
|t:|1782208966
|switch|p1a: Whimsicott|Whimsicott, L50, M|33/100
|switch|p2a: Archaludon|Archaludon, L50, M|100/100
|turn|8
|
|t:|1782208977
|move|p1a: Whimsicott|Protect|p1a: Whimsicott
|-singleturn|p1a: Whimsicott|Protect
|move|p1b: Annihilape|Protect|p1b: Annihilape
|-singleturn|p1b: Annihilape|Protect
|move|p2b: Swampert|Wave Crash|p1b: Annihilape
|-activate|p1b: Annihilape|move: Protect
|move|p2a: Archaludon|Flash Cannon|p1a: Whimsicott
|-activate|p1a: Whimsicott|move: Protect
|
|-heal|p1b: Annihilape|22/100|[from] item: Leftovers
|upkeep
|turn|9
|
|t:|1782208994
|switch|p1a: Tyranitar|Tyranitar, L50, F|100/100
|-weather|Sandstorm|[from] ability: Sand Stream|[of] p1a: Tyranitar
|move|p1b: Annihilape|Protect||[still]
|-fail|p1b: Annihilape
|move|p2b: Swampert|Wave Crash|p1b: Annihilape
|-damage|p1b: Annihilape|0 fnt
|faint|p1b: Annihilape
|-damage|p2b: Swampert|70/100|[from] Recoil
|move|p2a: Archaludon|Flash Cannon|p1a: Tyranitar
|-supereffective|p1a: Tyranitar|1
|-damage|p1a: Tyranitar|58/100
|
|-weather|Sandstorm|[upkeep]
|-fieldend|move: Trick Room
|upkeep
|
|t:|1782209003
|switch|p1b: Whimsicott|Whimsicott, L50, M|33/100
|turn|10
|inactive|Serendepityz has 30 seconds left.
|
|t:|1782209030
|move|p1a: Tyranitar|Protect|p1a: Tyranitar
|-singleturn|p1a: Tyranitar|Protect
|move|p1b: Whimsicott|Moonblast|p2b: Swampert
|-damage|p2b: Swampert|47/100
|move|p2a: Archaludon|Flash Cannon|p1b: Whimsicott
|-supereffective|p1b: Whimsicott|1
|-damage|p1b: Whimsicott|0 fnt
|faint|p1b: Whimsicott
|move|p2b: Swampert|Wave Crash|p1a: Tyranitar
|-activate|p1a: Tyranitar|move: Protect
|
|-weather|Sandstorm|[upkeep]
|upkeep
|turn|11
|-message|vamioli forfeited.
|
|win|Serendepityz
|raw|vamioli's rating: 1181 → 1161(-20 for losing)
|raw|Serendepityz's rating: 1252 → 1272(+20 for winning)
|c|☆Serendepityz|ggs
|c|☆vamioli|gg
|c|☆vamioli|need more swampert checks goddamn
|l|☆vamioli
|player|p1|
