|j|☆TapuYolo VGC
|j|☆Adrinhoo
|html|TapuYolo VGCAdrinhoo    
|uhtml|bestof|Game 1 of a best-of-3
|t:|1756319405
|gametype|doubles
|player|p1|TapuYolo VGC|iris|
|player|p2|Adrinhoo|pokekid|
|gen|9
|tier|[Gen 9] VGC 2025 Reg H (Bo3)
|rule|Species Clause: Limit one of each Pokémon
|rule|Item Clause: Limit 1 of each item
|clearpoke
|poke|p1|Gholdengo, L50|
|poke|p1|Weezing-Galar, L50, M|
|poke|p1|Toedscruel, L50, M|
|poke|p1|Slaking, L50, F|
|poke|p1|Electrode, L50|
|poke|p1|Smeargle, L50, F|
|poke|p2|Gholdengo, L50|
|poke|p2|Incineroar, L50, M|
|poke|p2|Ursaluna, L50, F|
|poke|p2|Sinistcha, L50|
|poke|p2|Sneasler, L50, M|
|poke|p2|Dragonite, L50, F|
|teampreview|4
|showteam|p1|Gholdengo||ChoiceSpecs|GoodasGold|MakeItRain,ShadowBall,Thunderbolt,PowerGem||||||50|,,,,,Steel]Weezing-Galar||SitrusBerry|NeutralizingGas|StrangeSteam,ClearSmog,Taunt,Protect|||M|||50|,,,,,Grass]Toedscruel||CovertCloak|MyceliumMight|EarthPower,Spore,RagePowder,Protect|||M|||50|,,,,,Water]Slaking||Leftovers|Truant|BodySlam,KnockOff,BulkUp,Protect|||F|||50|,,,,,Poison]Electrode||WideLens|Static|Electroweb,VoltSwitch,MetalSound,Protect||||||50|,,,,,Ghost]Smeargle||FocusSash|Moody|FakeOut,FollowMe,SkillSwap,Spore|||F|||50|,,,,,Ghost
|showteam|p2|Gholdengo||LifeOrb|GoodasGold|MakeItRain,ShadowBall,NastyPlot,Protect||||||50|,,,,,Water]Incineroar||AssaultVest|Intimidate|FakeOut,Uturn,KnockOff,FlareBlitz|||M|||50|,,,,,Ghost]Ursaluna||FlameOrb|Guts|Earthquake,Facade,HeadlongRush,Protect|||F|||50|,,,,,Ghost]Sinistcha||SitrusBerry|Hospitality|MatchaGotcha,LifeDew,RagePowder,TrickRoom||||||50|,,,,,Dark]Sneasler||FocusSash|PoisonTouch|DireClaw,CloseCombat,Coaching,Protect|||M|||50|,,,,,Flying]Dragonite||LoadedDice|Multiscale|ScaleShot,Haze,Tailwind,Protect|||F|||50|,,,,,Fairy
|inactive|Battle timer is ON: inactive players will automatically lose when time's up. (requested by TapuYolo VGC)
|inactive|Adrinhoo also wants the timer to be on.
|c|☆TapuYolo VGC|Suerte!
|c|☆Adrinhoo|Igualmente !
|inactive|Adrinhoo has 60 seconds left.
|inactive|TapuYolo VGC has 60 seconds left.
|inactive|Adrinhoo has 30 seconds left.
|inactive|Adrinhoo has 20 seconds left.
|inactive|Adrinhoo has 15 seconds left.
|inactive|Adrinhoo has 10 seconds left.
|
|t:|1756319490
|teamsize|p1|4
|teamsize|p2|4
|start
|switch|p1a: Gholdengo|Gholdengo, L50|100/100
|switch|p1b: Electrode|Electrode, L50|100/100
|switch|p2a: Sneasler|Sneasler, L50, M, shiny|100/100
|switch|p2b: Sinistcha|Sinistcha, L50|100/100
|turn|1
|inactive|Adrinhoo has 30 seconds left.
|
|t:|1756319523
|move|p1b: Electrode|Electroweb|p2a: Sneasler|[spread] p2a,p2b
|-resisted|p2b: Sinistcha
|-damage|p2a: Sneasler|79/100
|-damage|p2b: Sinistcha|94/100
|-unboost|p2a: Sneasler|spe|1
|-unboost|p2b: Sinistcha|spe|1
|move|p1a: Gholdengo|Make It Rain|p2b: Sinistcha|[spread] p2a,p2b
|-damage|p2a: Sneasler|0 fnt
|-damage|p2b: Sinistcha|18/100
|-unboost|p1a: Gholdengo|spa|1
|-enditem|p2b: Sinistcha|Sitrus Berry|[eat]
|-heal|p2b: Sinistcha|43/100|[from] item: Sitrus Berry
|faint|p2a: Sneasler
|move|p2b: Sinistcha|Trick Room|p2b: Sinistcha
|-fieldstart|move: Trick Room|[of] p2b: Sinistcha
|
|upkeep
|
|t:|1756319527
|switch|p2a: Ursaluna|Ursaluna, L50, F, shiny|100/100
|turn|2
|
|t:|1756319551
|move|p2b: Sinistcha|Matcha Gotcha|p1b: Electrode|[spread] p1a
|-miss|p2b: Sinistcha|p1b: Electrode
|-resisted|p1a: Gholdengo
|-damage|p1a: Gholdengo|85/100
|-heal|p2b: Sinistcha|50/100|[from] drain|[of] p1a: Gholdengo
|move|p2a: Ursaluna|Earthquake|p1a: Gholdengo|[spread] p2b,p1a,p1b
|-resisted|p2b: Sinistcha
|-supereffective|p1a: Gholdengo
|-supereffective|p1b: Electrode
|-damage|p2b: Sinistcha|30/100
|-damage|p1a: Gholdengo|0 fnt
|-damage|p1b: Electrode|0 fnt
|faint|p1a: Gholdengo
|faint|p1b: Electrode
|
|-status|p2a: Ursaluna|brn|[from] item: Flame Orb
|upkeep
|
|t:|1756319564
|switch|p1a: Slaking|Slaking, L50, F|100/100
|switch|p1b: Weezing|Weezing-Galar, L50, M|100/100
|-ability|p1b: Weezing|Neutralizing Gas
|turn|3
|
|t:|1756319586
|-terastallize|p1b: Weezing|Grass
|move|p2b: Sinistcha|Life Dew||[still]|[spread] p2a,p2b
|-fail|p2a: Ursaluna|heal
|-heal|p2b: Sinistcha|56/100
|move|p1b: Weezing|Strange Steam|p2b: Sinistcha
|-damage|p2b: Sinistcha|29/100
|move|p2a: Ursaluna|Facade|p1b: Weezing
|-damage|p1b: Weezing|20/100
|-enditem|p1b: Weezing|Sitrus Berry|[eat]
|-heal|p1b: Weezing|45/100|[from] item: Sitrus Berry
|move|p1a: Slaking|Bulk Up|p1a: Slaking
|-boost|p1a: Slaking|atk|1
|-boost|p1a: Slaking|def|1
|
|-damage|p2a: Ursaluna|94/100 brn|[from] brn
|upkeep
|turn|4
|
|t:|1756319605
|move|p1b: Weezing|Protect|p1b: Weezing
|-singleturn|p1b: Weezing|Protect
|move|p2b: Sinistcha|Rage Powder|p2b: Sinistcha
|-singleturn|p2b: Sinistcha|move: Rage Powder
|move|p2a: Ursaluna|Facade|p1b: Weezing
|-activate|p1b: Weezing|move: Protect
|move|p1a: Slaking|Knock Off|p2b: Sinistcha
|-supereffective|p2b: Sinistcha
|-damage|p2b: Sinistcha|0 fnt
|faint|p2b: Sinistcha
|
|-damage|p2a: Ursaluna|88/100 brn|[from] brn
|upkeep
|
|t:|1756319607
|switch|p2b: Incineroar|Incineroar, L50, M|100/100
|turn|5
|
|t:|1756319628
|move|p1b: Weezing|Protect|p1b: Weezing
|-singleturn|p1b: Weezing|Protect
|move|p2a: Ursaluna|Facade|p1a: Slaking
|-damage|p1a: Slaking|63/100
|move|p2b: Incineroar|Flare Blitz|p1b: Weezing
|-activate|p1b: Weezing|move: Protect
|move|p1a: Slaking|Body Slam|p2a: Ursaluna
|-damage|p2a: Ursaluna|27/100 brn
|
|-heal|p1a: Slaking|69/100|[from] item: Leftovers
|-damage|p2a: Ursaluna|21/100 brn|[from] brn
|-fieldend|move: Trick Room
|upkeep
|turn|6
|inactive|TapuYolo VGC has 30 seconds left.
|
|t:|1756319658
|move|p2a: Ursaluna|Protect|p2a: Ursaluna
|-singleturn|p2a: Ursaluna|Protect
|move|p1a: Slaking|Body Slam|p2b: Incineroar
|-damage|p2b: Incineroar|28/100
|move|p2b: Incineroar|Flare Blitz|p1b: Weezing
|-supereffective|p1b: Weezing
|-damage|p1b: Weezing|0 fnt
|faint|p1b: Weezing
|-end|p1b: Weezing|ability: Neutralizing Gas
|-ability|p2b: Incineroar|Intimidate|boost
|-unboost|p1a: Slaking|atk|1
|-damage|p2b: Incineroar|15/100|[from] Recoil
|
|-heal|p1a: Slaking|75/100|[from] item: Leftovers
|-damage|p2a: Ursaluna|15/100 brn|[from] brn
|upkeep
|turn|7
|inactive|Adrinhoo has 30 seconds left.
|
|t:|1756319685
|move|p2a: Ursaluna|Protect|p2a: Ursaluna
|-singleturn|p2a: Ursaluna|Protect
|cant|p1a: Slaking|ability: Truant
|move|p2b: Incineroar|Knock Off|p1a: Slaking
|-damage|p1a: Slaking|54/100
|-enditem|p1a: Slaking|Leftovers|[from] move: Knock Off|[of] p2b: Incineroar
|
|-damage|p2a: Ursaluna|9/100 brn|[from] brn
|upkeep
|turn|8
|
|t:|1756319694
|-terastallize|p2a: Ursaluna|Ghost
|move|p1a: Slaking|Body Slam|p2a: Ursaluna
|-immune|p2a: Ursaluna
|move|p2b: Incineroar|Flare Blitz|p1a: Slaking
|-damage|p1a: Slaking|31/100
|-damage|p2b: Incineroar|5/100|[from] Recoil
|move|p2a: Ursaluna|Facade|p1a: Slaking
|-damage|p1a: Slaking|0 fnt
|faint|p1a: Slaking
|
|win|Adrinhoo
||TapuYolo VGC is ready for game 2.
||Adrinhoo is ready for game 2.
|uhtml|next|Next: Game 2 of 3
