|j|☆Awesome Person III
|j|☆Vicentefc2
|html|Awesome Person IIIVicentefc2    
|uhtml|bestof|Game 1 of a best-of-3
|t:|1757687080
|gametype|doubles
|player|p1|Awesome Person III|fisherman-gen4|1390
|player|p2|Vicentefc2|hilbert|1363
|gen|9
|tier|[Gen 9] VGC 2025 Reg H (Bo3)
|rated|
|rule|Species Clause: Limit one of each Pokémon
|rule|Item Clause: Limit 1 of each item
|clearpoke
|poke|p1|Dragonite, L50, M|
|poke|p1|Incineroar, L50, M|
|poke|p1|Rillaboom, L50, M|
|poke|p1|Sneasler, L50, F|
|poke|p1|Gholdengo, L50|
|poke|p1|Ursaluna-Bloodmoon, L50, M|
|poke|p2|Rillaboom, L50, M|
|poke|p2|Annihilape, L50, M|
|poke|p2|Politoed, L50, M|
|poke|p2|Murkrow, L50, M|
|poke|p2|Archaludon, L50, M|
|poke|p2|Maushold, L50|
|teampreview|4
|showteam|p1|Dragonite||LoadedDice|Multiscale|ScaleShot,Tailwind,Protect,Haze|||M|||50|,,,,,Fairy]Incineroar||SafetyGoggles|Intimidate|FlareBlitz,KnockOff,FakeOut,PartingShot|||M|||50|,,,,,Ghost]Rillaboom||MiracleSeed|GrassySurge|WoodHammer,GrassyGlide,HighHorsepower,FakeOut|||M|||50|,,,,,Water]Sneasler||FocusSash|Unburden|CloseCombat,DireClaw,ThroatChop,Protect|||F|||50|,,,,,Stellar]Gholdengo||LifeOrb|GoodasGold|MakeItRain,ShadowBall,Protect,NastyPlot||||||50|,,,,,Water]Ursaluna-Bloodmoon||AssaultVest|MindsEye|BloodMoon,EarthPower,HyperVoice,VacuumWave|||M|||50|,,,,,Electric
|showteam|p2|Rillaboom||AssaultVest|GrassySurge|WoodHammer,GrassyGlide,Uturn,FakeOut|||M|||50|,,,,,Fire]Annihilape||Leftovers|Defiant|DrainPunch,RageFist,BulkUp,Protect|||M|||50|,,,,,Fire]Politoed||LifeOrb|Drizzle|WeatherBall,IceBeam,RainDance,Protect|||M|||50|,,,,,Steel]Murkrow||Eviolite|Prankster|FoulPlay,Taunt,Haze,Tailwind|||M|||50|,,,,,Steel]Archaludon||PowerHerb|Sturdy|ElectroShot,DracoMeteor,FlashCannon,Protect|||M|||50|,,,,,Electric]Maushold||WideLens|Technician|PopulationBomb,FollowMe,BeatUp,Protect||||||50|,,,,,Ghost
|inactive|Battle timer is ON: inactive players will automatically lose when time's up. (requested by Awesome Person III)
|inactive|Awesome Person III has 60 seconds left.
|inactive|Vicentefc2 has 60 seconds left.
|inactive|Awesome Person III has 30 seconds left.
|inactive|Awesome Person III has 20 seconds left.
|
|t:|1757687152
|teamsize|p1|4
|teamsize|p2|4
|start
|switch|p1a: Dragonite|Dragonite, L50, M|100/100
|switch|p1b: Sneasler|Sneasler, L50, F|100/100
|switch|p2a: rocky|Annihilape, L50, M|100/100
|switch|p2b: donkey kong|Rillaboom, L50, M|100/100
|-fieldstart|move: Grassy Terrain|[from] ability: Grassy Surge|[of] p2b: donkey kong
|turn|1
|inactive|Vicentefc2 has 30 seconds left.
|inactive|Vicentefc2 has 20 seconds left.
|inactive|Vicentefc2 has 15 seconds left.
|inactive|Vicentefc2 has 10 seconds left.
|
|t:|1757687199
|move|p2b: donkey kong|Fake Out|p1a: Dragonite
|-damage|p1a: Dragonite|93/100
|move|p1b: Sneasler|Dire Claw|p2b: donkey kong
|-supereffective|p2b: donkey kong
|-damage|p2b: donkey kong|21/100
|-status|p2b: donkey kong|par
|move|p2a: rocky|Bulk Up|p2a: rocky
|-boost|p2a: rocky|atk|1
|-boost|p2a: rocky|def|1
|cant|p1a: Dragonite|flinch
|
|-heal|p2b: donkey kong|27/100 par|[from] Grassy Terrain
|upkeep
|turn|2
|inactive|Vicentefc2 has 30 seconds left.
|
|t:|1757687229
|move|p2b: donkey kong|Grassy Glide|p2a: rocky
|-damage|p2a: rocky|74/100
|move|p1b: Sneasler|Dire Claw|p2b: donkey kong
|-supereffective|p2b: donkey kong
|-crit|p2b: donkey kong
|-damage|p2b: donkey kong|0 fnt
|faint|p2b: donkey kong
|move|p2a: rocky|Rage Fist|p1a: Dragonite
|-damage|p1a: Dragonite|26/100
|move|p1a: Dragonite|Tailwind|p1a: Dragonite
|-sidestart|p1: Awesome Person III|move: Tailwind
|
|-heal|p2a: rocky|80/100|[from] Grassy Terrain
|-heal|p2a: rocky|86/100|[from] item: Leftovers
|upkeep
|
|t:|1757687244
|switch|p2b: gamabunta|Politoed, L50, M|100/100
|-weather|RainDance|[from] ability: Drizzle|[of] p2b: gamabunta
|turn|3
|
|t:|1757687266
|-terastallize|p2a: rocky|Fire
|move|p2b: gamabunta|Protect|p2b: gamabunta
|-singleturn|p2b: gamabunta|Protect
|move|p1b: Sneasler|Close Combat|p2b: gamabunta
|-activate|p2b: gamabunta|move: Protect
|move|p1a: Dragonite|Scale Shot|p2b: gamabunta
|-activate|p2b: gamabunta|move: Protect
|move|p2a: rocky|Rage Fist|p1b: Sneasler
|-enditem|p1b: Sneasler|Focus Sash
|-damage|p1b: Sneasler|1/100
|
|-weather|RainDance|[upkeep]
|-heal|p1b: Sneasler|7/100|[from] Grassy Terrain
|-heal|p2a: rocky|92/100|[from] Grassy Terrain
|-heal|p2a: rocky|98/100|[from] item: Leftovers
|upkeep
|turn|4
|
|t:|1757687284
|move|p1b: Sneasler|Close Combat|p2b: gamabunta
|-damage|p2b: gamabunta|36/100
|-unboost|p1b: Sneasler|def|1
|-unboost|p1b: Sneasler|spd|1
|move|p1a: Dragonite|Scale Shot|p2b: gamabunta
|-damage|p2b: gamabunta|20/100
|-damage|p2b: gamabunta|5/100
|-damage|p2b: gamabunta|0 fnt
|faint|p2b: gamabunta
|-hitcount|p2: gamabunta|3
|-unboost|p1a: Dragonite|def|1
|-boost|p1a: Dragonite|spe|1
|move|p2a: rocky|Rage Fist|p1a: Dragonite
|-damage|p1a: Dragonite|0 fnt
|faint|p1a: Dragonite
|
|-weather|RainDance|[upkeep]
|-heal|p1b: Sneasler|13/100|[from] Grassy Terrain
|-heal|p2a: rocky|100/100|[from] Grassy Terrain
|upkeep
|
|t:|1757687299
|switch|p1a: Ursaluna|Ursaluna-Bloodmoon, L50, M|100/100
|switch|p2b: megadramon|Archaludon, L50, M|100/100
|turn|5
|
|t:|1757687319
|move|p2b: megadramon|Protect|p2b: megadramon
|-singleturn|p2b: megadramon|Protect
|move|p1b: Sneasler|Close Combat|p2a: rocky
|-damage|p2a: rocky|56/100
|-unboost|p1b: Sneasler|def|1
|-unboost|p1b: Sneasler|spd|1
|move|p1a: Ursaluna|Earth Power|p2a: rocky
|-supereffective|p2a: rocky
|-damage|p2a: rocky|0 fnt
|faint|p2a: rocky
|
|-weather|RainDance|[upkeep]
|-heal|p1b: Sneasler|19/100|[from] Grassy Terrain
|-sideend|p1: Awesome Person III|move: Tailwind
|-fieldend|move: Grassy Terrain
|upkeep
|turn|6
|
|t:|1757687329
|move|p1a: Ursaluna|Vacuum Wave|p2b: megadramon
|-supereffective|p2b: megadramon
|-damage|p2b: megadramon|60/100
|move|p1b: Sneasler|Close Combat|p2b: megadramon
|-supereffective|p2b: megadramon
|-damage|p2b: megadramon|0 fnt
|-unboost|p1b: Sneasler|def|1
|-unboost|p1b: Sneasler|spd|1
|faint|p2b: megadramon
|
|win|Awesome Person III
||Awesome Person III is ready for game 2.
||Vicentefc2 is ready for game 2.
|uhtml|next|Next: Game 2 of 3
|l|☆Awesome Person III
|player|p1|
|l|☆Vicentefc2
|player|p2|
