|j|☆papapascu
|j|☆Llama_Llord
|html|papapascuLlama_Llord    
|uhtml|bestof|Game 2 of a best-of-3
|t:|1755902500
|gametype|doubles
|player|p1|papapascu|170|1207
|player|p2|Llama_Llord|102|1183
|gen|9
|tier|[Gen 9] VGC 2025 Reg H (Bo3)
|rated|
|rule|Species Clause: Limit one of each Pokémon
|rule|Item Clause: Limit 1 of each item
|clearpoke
|poke|p1|Dragonite, L50, M|
|poke|p1|Gholdengo, L50|
|poke|p1|Ursaluna-Bloodmoon, L50, M|
|poke|p1|Grimmsnarl, L50, M|
|poke|p1|Annihilape, L50, M|
|poke|p1|Volcarona, L50, M|
|poke|p2|Meowscarada, L50, M|
|poke|p2|Primarina, L50, F|
|poke|p2|Indeedee, L50, M|
|poke|p2|Sneasler, L50, M|
|poke|p2|Gholdengo, L50|
|poke|p2|Tatsugiri, L50, M|
|teampreview|4
|showteam|p1|Dragonite||LoadedDice|Multiscale|ScaleShot,StompingTantrum,Haze,Protect|||M|||50|,,,,,Steel]Gholdengo||MetalCoat|GoodasGold|MakeItRain,ShadowBall,NastyPlot,Protect||||||50|,,,,,Steel]Ursaluna-Bloodmoon||AssaultVest|MindsEye|BloodMoon,HyperVoice,EarthPower,VacuumWave|||M|||50|,,,,,Poison]Grimmsnarl||LightClay|Prankster|ThunderWave,LightScreen,SpiritBreak,Reflect|||M|||50|,,,,,Ghost]Annihilape||SafetyGoggles|Defiant|RageFist,DrainPunch,BulkUp,Protect|||M|||50|,,,,,Fire]Volcarona||SitrusBerry|FlameBody|GigaDrain,HeatWave,QuiverDance,Protect|||M|||50|,,,,,Grass
|showteam|p2|Meowscarada||FocusSash|Overgrow|GrassPledge,KnockOff,FlowerTrick,Protect|||M|||50|,,,,,Fairy]Primarina||LifeOrb|LiquidVoice|WaterPledge,HyperVoice,Moonblast,Protect|||F|||50|,,,,,Steel]Indeedee||SafetyGoggles|PsychicSurge|ExpandingForce,Protect,TrickRoom,Imprison|||M|||50|,,,,,Fire]Sneasler||PsychicSeed|Unburden|DireClaw,CloseCombat,ThroatChop,Protect|||M|||50|,,,,,Stellar]Gholdengo||MetalCoat|GoodasGold|MakeItRain,ShadowBall,NastyPlot,Protect||||||50|,,,,,Water]Tatsugiri||AssaultVest|StormDrain|DracoMeteor,IcyWind,TeraBlast,Surf|||M|||50|,,,,,Ground
|inactive|Battle timer is ON: inactive players will automatically lose when time's up. (requested by Llama_Llord)
|inactive|papapascu has 60 seconds left.
|
|t:|1755902546
|teamsize|p1|4
|teamsize|p2|4
|start
|switch|p1a: Grimmsnarl|Grimmsnarl, L50, M|100/100
|switch|p1b: Dragonite|Dragonite, L50, M|100/100
|switch|p2a: Puss in Boots|Meowscarada, L50, M|100/100
|switch|p2b: Fiona|Primarina, L50, F|100/100
|turn|1
|
|t:|1755902557
|move|p1b: Dragonite|Protect|p1b: Dragonite
|-singleturn|p1b: Dragonite|Protect
|move|p1a: Grimmsnarl|Light Screen|p1a: Grimmsnarl
|-sidestart|p1: papapascu|move: Light Screen
|move|p2a: Puss in Boots|Grass Pledge|p1b: Dragonite
|-waiting|p2a: Puss in Boots|p2b: Fiona
|move|p2b: Fiona|Water Pledge|p1b: Dragonite|[from] move: Grass Pledge
|-activate|p1b: Dragonite|move: Protect
|
|upkeep
|turn|2
|
|t:|1755902576
|-terastallize|p2a: Puss in Boots|Fairy
|move|p2a: Puss in Boots|Grass Pledge|p1b: Dragonite
|-waiting|p2a: Puss in Boots|p2b: Fiona
|move|p2b: Fiona|Water Pledge|p1b: Dragonite|[from] move: Grass Pledge
|-combine
|-resisted|p1b: Dragonite
|-damage|p1b: Dragonite|92/100
|-sidestart|p1: papapascu|Grass Pledge
|-damage|p2b: Fiona|91/100|[from] item: Life Orb
|move|p1b: Dragonite|Scale Shot|p2a: Puss in Boots
|-immune|p2a: Puss in Boots
|move|p1a: Grimmsnarl|Spirit Break|p2b: Fiona
|-damage|p2b: Fiona|50/100
|-unboost|p2b: Fiona|spa|1
|
|upkeep
|turn|3
|
|t:|1755902600
|switch|p2b: Indeedee|Indeedee, L50, M|100/100
|-fieldstart|move: Psychic Terrain|[from] ability: Psychic Surge|[of] p2b: Indeedee
|move|p2a: Puss in Boots|Knock Off|p1b: Dragonite
|-damage|p1b: Dragonite|49/100
|-enditem|p1b: Dragonite|Loaded Dice|[from] move: Knock Off|[of] p2a: Puss in Boots
|move|p1b: Dragonite|Stomping Tantrum|p2a: Puss in Boots
|-enditem|p2a: Puss in Boots|Focus Sash
|-damage|p2a: Puss in Boots|1/100
|move|p1a: Grimmsnarl|Spirit Break|p2b: Indeedee
|-damage|p2b: Indeedee|39/100
|-unboost|p2b: Indeedee|spa|1
|
|upkeep
|turn|4
|
|t:|1755902622
|move|p2a: Puss in Boots|Protect|p2a: Puss in Boots
|-singleturn|p2a: Puss in Boots|Protect
|move|p1b: Dragonite|Protect|p1b: Dragonite
|-singleturn|p1b: Dragonite|Protect
|move|p2b: Indeedee|Expanding Force|p1b: Dragonite|[spread] 
|-activate|p1b: Dragonite|move: Protect
|-immune|p1a: Grimmsnarl
|move|p1a: Grimmsnarl|Spirit Break|p2b: Indeedee
|-damage|p2b: Indeedee|0 fnt
|faint|p2b: Indeedee
|
|upkeep
|
|t:|1755902627
|switch|p2b: Sneasler|Sneasler, L50, M|100/100
|-enditem|p2b: Sneasler|Psychic Seed
|-boost|p2b: Sneasler|spd|1|[from] item: Psychic Seed
|turn|5
|
|t:|1755902637
|move|p2b: Sneasler|Dire Claw|p1b: Dragonite
|-damage|p1b: Dragonite|0 fnt
|faint|p1b: Dragonite
|move|p2a: Puss in Boots|Flower Trick|p1a: Grimmsnarl
|-crit|p1a: Grimmsnarl
|-damage|p1a: Grimmsnarl|27/100
|move|p1a: Grimmsnarl|Spirit Break|p2a: Puss in Boots
|-damage|p2a: Puss in Boots|0 fnt
|faint|p2a: Puss in Boots
|
|-sideend|p1: papapascu|Grass Pledge
|upkeep
|
|t:|1755902644
|switch|p2a: Fiona|Primarina, L50, F|50/100
|switch|p1b: Ursaluna|Ursaluna-Bloodmoon, L50, M|100/100
|turn|6
|
|t:|1755902656
|-terastallize|p1b: Ursaluna|Poison
|move|p1a: Grimmsnarl|Reflect|p1a: Grimmsnarl
|-sidestart|p1: papapascu|Reflect
|move|p2b: Sneasler|Dire Claw|p1b: Ursaluna
|-resisted|p1b: Ursaluna
|-damage|p1b: Ursaluna|90/100
|-status|p1b: Ursaluna|par
|move|p2a: Fiona|Hyper Voice|p1b: Ursaluna|[spread] p1a,p1b
|-damage|p1a: Grimmsnarl|0 fnt
|-damage|p1b: Ursaluna|62/100 par
|faint|p1a: Grimmsnarl
|-damage|p2a: Fiona|40/100|[from] item: Life Orb
|move|p1b: Ursaluna|Hyper Voice|p2a: Fiona|[spread] p2a,p2b
|-damage|p2a: Fiona|4/100
|-damage|p2b: Sneasler|68/100
|
|upkeep
|
|t:|1755902665
|switch|p1a: Volcarona|Volcarona, L50, M|100/100
|turn|7
|
|t:|1755902675
|move|p2b: Sneasler|Dire Claw|p1a: Volcarona
|-damage|p1a: Volcarona|61/100
|-status|p1a: Volcarona|psn
|move|p1a: Volcarona|Giga Drain|p2a: Fiona
|-supereffective|p2a: Fiona
|-damage|p2a: Fiona|0 fnt
|-heal|p1a: Volcarona|62/100 psn|[from] drain|[of] p2a: Fiona
|faint|p2a: Fiona
|move|p1b: Ursaluna|Earth Power|p2b: Sneasler
|-supereffective|p2b: Sneasler
|-damage|p2b: Sneasler|0 fnt
|faint|p2b: Sneasler
|
|win|papapascu
|raw|papapascu's rating: 1207 → 1230(+23 for winning)
|raw|Llama_Llord's rating: 1183 → 1160(-23 for losing)
|l|☆papapascu
|player|p1|
