|j|☆breloomb01
|j|☆carolchanning
|html|breloomb01carolchanning    
|uhtml|bestof|Game 1 of a best-of-3
|t:|1785765864
|gametype|doubles
|player|p1|breloomb01|roughneck|1241
|player|p2|carolchanning|170|1231
|gen|9
|tier|[Gen 9 Champions] VGC 2026 Reg M-B (Bo3)
|rated|
|rule|Species Clause: Limit one of each Pokémon
|rule|Item Clause: Limit 1 of each item
|clearpoke
|poke|p1|Floette-Eternal, L50, F|
|poke|p1|Incineroar, L50, F|
|poke|p1|Sinistcha, L50|
|poke|p1|Garchomp, L50, M|
|poke|p1|Sneasler, L50, M|
|poke|p1|Rotom-Wash, L50|
|poke|p2|Sinistcha, L50|
|poke|p2|Floette-Eternal, L50, F|
|poke|p2|Maushold, L50|
|poke|p2|Delphox, L50, F|
|poke|p2|Incineroar, L50, F|
|poke|p2|Kingambit, L50, F|
|teampreview|4
|showteam|p1|Floette-Eternal||Floettite|FlowerVeil|DrainingKiss,DazzlingGleam,CalmMind,Protect|Modest||F|||50|]Incineroar||SitrusBerry|Intimidate|FakeOut,FlareBlitz,ThroatChop,PartingShot|Careful||F|||50|]Sinistcha||KasibBerry|Hospitality|Protect,RagePowder,MatchaGotcha,TrickRoom|Calm|||||50|]Garchomp||LifeOrb|RoughSkin|Earthquake,DragonClaw,RockSlide,Protect|Jolly||M|||50|]Sneasler||WhiteHerb|Unburden|FakeOut,DireClaw,CloseCombat,Protect|Jolly||M|||50|]Rotom-Wash||Leftovers|Levitate|HydroPump,Protect,WillOWisp,Electroweb|Bold|||||50|
|showteam|p2|Sinistcha||OccaBerry|Hospitality|MatchaGotcha,RagePowder,TrickRoom,Protect|Bold|||||50|]Floette-Eternal||Floettite|FlowerVeil|Moonblast,DazzlingGleam,CalmMind,Protect|Timid||F|||50|]Maushold||FocusSash|FriendGuard|Feint,HelpingHand,FollowMe,Protect|Impish|||||50|]Delphox||Delphoxite|Blaze|HeatWave,Psyshock,NastyPlot,Protect|Timid||F|||50|]Incineroar||SitrusBerry|Intimidate|FakeOut,FlareBlitz,ThroatChop,PartingShot|Impish||F|||50|]Kingambit||LifeOrb|Defiant|KowtowCleave,SuckerPunch,IronHead,LowKick|Adamant||F|||50|
|inactive|Battle timer is ON: inactive players will automatically lose when time's up. (requested by carolchanning)
|inactive|breloomb01 has 60 seconds left.
|
|t:|1785765906
|teamsize|p1|4
|teamsize|p2|4
|start
|switch|p1a: Sneasler|Sneasler, L50, M|100/100
|switch|p1b: Rotom|Rotom-Wash, L50|100/100
|switch|p2a: Delphox|Delphox, L50, F|100/100
|switch|p2b: Incineroar|Incineroar, L50, F|100/100
|-ability|p2b: Incineroar|Intimidate|boost
|-unboost|p1a: Sneasler|atk|1
|-unboost|p1b: Rotom|atk|1
|-enditem|p1a: Sneasler|White Herb
|-clearnegativeboost|p1a: Sneasler|[silent]
|turn|1
|
|t:|1785765919
|switch|p2b: Sinistcha|Sinistcha, L50|100/100
|detailschange|p2a: Delphox|Delphox-Mega, L50, F
|-mega|p2a: Delphox|Delphox|Delphoxite
|move|p2a: Delphox|Protect|p2a: Delphox
|-singleturn|p2a: Delphox|Protect
|move|p1a: Sneasler|Fake Out|p2a: Delphox
|-activate|p2a: Delphox|move: Protect
|move|p1b: Rotom|Electroweb|p2b: Sinistcha|[spread] p2b
|-activate|p2a: Delphox|move: Protect
|-resisted|p2b: Sinistcha|1
|-damage|p2b: Sinistcha|92/100
|-unboost|p2b: Sinistcha|spe|1
|
|upkeep
|turn|2
|
|t:|1785765938
|move|p1a: Sneasler|Protect|p1a: Sneasler
|-singleturn|p1a: Sneasler|Protect
|move|p2a: Delphox|Nasty Plot|p2a: Delphox
|-boost|p2a: Delphox|spa|2
|move|p1b: Rotom|Electroweb|p2b: Sinistcha|[spread] p2a
|-miss|p1b: Rotom|p2b: Sinistcha
|-damage|p2a: Delphox|87/100
|-unboost|p2a: Delphox|spe|1
|move|p2b: Sinistcha|Matcha Gotcha|p1b: Rotom|[spread] p1b
|-activate|p1a: Sneasler|move: Protect
|-supereffective|p1b: Rotom|1
|-damage|p1b: Rotom|47/100
|-heal|p2b: Sinistcha|100/100|[from] drain|[of] p1b: Rotom
|
|-heal|p1b: Rotom|53/100|[from] item: Leftovers
|upkeep
|turn|3
|
|t:|1785765955
|move|p1a: Sneasler|Dire Claw|p2b: Sinistcha
|-damage|p2b: Sinistcha|64/100
|move|p2a: Delphox|Heat Wave|p1b: Rotom|[spread] p1a,p1b
|-resisted|p1b: Rotom|1
|-damage|p1a: Sneasler|0 fnt
|-damage|p1b: Rotom|13/100
|faint|p1a: Sneasler
|move|p1b: Rotom|Hydro Pump|p2a: Delphox|[miss]
|-miss|p1b: Rotom|p2a: Delphox
|move|p2b: Sinistcha|Matcha Gotcha|p1b: Rotom
|-supereffective|p1b: Rotom|1
|-damage|p1b: Rotom|0 fnt
|-heal|p2b: Sinistcha|70/100|[from] drain|[of] p1b: Rotom
|faint|p1b: Rotom
|
|upkeep
|
|t:|1785765965
|switch|p1a: Floette|Floette-Eternal, L50, F|100/100
|switch|p1b: Incineroar|Incineroar, L50, F|100/100
|-ability|p1b: Incineroar|Intimidate|boost
|-unboost|p2a: Delphox|atk|1
|-unboost|p2b: Sinistcha|atk|1
|turn|4
|
|t:|1785765976
|switch|p2b: Incineroar|Incineroar, L50, F|100/100
|-ability|p2b: Incineroar|Intimidate|boost
|-unboost|p1a: Floette|atk|1
|-unboost|p1b: Incineroar|atk|1
|detailschange|p1a: Floette|Floette-Mega, L50, F
|-mega|p1a: Floette|Floette|Floettite
|-ability|p1a: Floette|Fairy Aura
|move|p2a: Delphox|Psyshock|p1a: Floette
|-damage|p1a: Floette|0 fnt
|faint|p1a: Floette
|move|p1b: Incineroar|Flare Blitz|p2b: Incineroar
|-resisted|p2b: Incineroar|1
|-damage|p2b: Incineroar|89/100
|-damage|p1b: Incineroar|96/100|[from] Recoil
|
|upkeep
|turn|5
|-message|breloomb01 forfeited.
|
|win|carolchanning
||breloomb01 is ready for game 2.
||carolchanning is ready for game 2.
|uhtml|next|Next: Game 2 of 3
|l|☆carolchanning
|player|p2|
