|j|☆arrascaxeira
|j|☆ggep123
|html|arrascaxeiraggep123    
|uhtml|bestof|Game 3 of a best-of-3
|t:|1756570809
|gametype|doubles
|player|p1|arrascaxeira|169|1131
|player|p2|ggep123|170|1129
|gen|9
|tier|[Gen 9] VGC 2025 Reg H (Bo3)
|rated|
|rule|Species Clause: Limit one of each Pokémon
|rule|Item Clause: Limit 1 of each item
|clearpoke
|poke|p1|Gholdengo, L50|
|poke|p1|Rillaboom, L50, M|
|poke|p1|Tauros-Paldea-Aqua, L50, M|
|poke|p1|Dragonite, L50, F|
|poke|p1|Clefable, L50, M|
|poke|p1|Incineroar, L50, F|
|poke|p2|Amoonguss, L50, F|
|poke|p2|Sneasler, L50, M|
|poke|p2|Gholdengo, L50|
|poke|p2|Incineroar, L50, M|
|poke|p2|Ursaluna-Bloodmoon, L50, M|
|poke|p2|Dragonite, L50, M|
|teampreview|4
|showteam|p1|Gholdengo||GrassySeed|GoodasGold|NastyPlot,MakeItRain,ShadowBall,Protect||||||50|,,,,,Water]Rillaboom||AssaultVest|GrassySurge|FakeOut,GrassyGlide,HighHorsepower,WoodHammer|||M|||50|,,,,,Fire]Tauros-Paldea-Aqua||MirrorHerb|Intimidate|WaveCrash,CloseCombat,AquaJet,Protect|||M|||50|,,,,,Grass]Dragonite||LoadedDice|Multiscale|ScaleShot,Haze,StompingTantrum,Protect|||F|||50|,,,,,Fairy]Clefable||RockyHelmet|Unaware|Moonblast,FollowMe,IcyWind,Protect|||M|||50|,,,,,Electric]Incineroar||SafetyGoggles|Intimidate|FakeOut,PartingShot,KnockOff,FlareBlitz|||F|||50|,,,,,Bug
|showteam|p2|Amoonguss||SitrusBerry|Regenerator|RagePowder,Spore,PollenPuff,Protect|||F|||50|,,,,,Psychic]Sneasler||FocusSash|Unburden|Protect,DireClaw,CloseCombat,ThroatChop|||M|||50|,,,,,Stellar]Gholdengo||LifeOrb|GoodasGold|Protect,MakeItRain,ShadowBall,NastyPlot||||||50|,,,,,Water]Incineroar||SafetyGoggles|Intimidate|KnockOff,PartingShot,FlareBlitz,FakeOut|||M|||50|,,,,,Ghost]Ursaluna-Bloodmoon||AssaultVest|MindsEye|BloodMoon,EarthPower,VacuumWave,HyperVoice|||M|||50|,,,,,Water]Dragonite||LoadedDice|Multiscale|ScaleShot,Tailwind,Haze,Protect|||M|||50|,,,,,Fairy
|inactive|Battle timer is ON: inactive players will automatically lose when time's up. (requested by arrascaxeira)
|inactive|ggep123 has 60 seconds left.
|
|t:|1756570872
|teamsize|p1|4
|teamsize|p2|4
|start
|switch|p1a: Rillaboom|Rillaboom, L50, M|100/100
|switch|p1b: Gholdengo|Gholdengo, L50|100/100
|switch|p2a: attempt#3|Dragonite, L50, M|100/100
|switch|p2b: New Trapa|Ursaluna-Bloodmoon, L50, M|100/100
|-fieldstart|move: Grassy Terrain|[from] ability: Grassy Surge|[of] p1a: Rillaboom
|-enditem|p1b: Gholdengo|Grassy Seed
|-boost|p1b: Gholdengo|def|1|[from] item: Grassy Seed
|turn|1
|
|t:|1756570896
|move|p2a: attempt#3|Tailwind|p2a: attempt#3
|-sidestart|p2: ggep123|move: Tailwind
|move|p2b: New Trapa|Blood Moon|p1b: Gholdengo
|-resisted|p1b: Gholdengo
|-damage|p1b: Gholdengo|66/100
|move|p1b: Gholdengo|Shadow Ball|p2b: New Trapa
|-immune|p2b: New Trapa
|move|p1a: Rillaboom|Wood Hammer|p2b: New Trapa
|-supereffective|p2b: New Trapa
|-damage|p2b: New Trapa|0 fnt
|faint|p2b: New Trapa
|-damage|p1a: Rillaboom|66/100|[from] Recoil
|
|-heal|p1b: Gholdengo|73/100|[from] Grassy Terrain
|-heal|p1a: Rillaboom|72/100|[from] Grassy Terrain
|upkeep
|
|t:|1756570913
|switch|p2b: Cheese|Gholdengo, L50|100/100
|turn|2
|
|t:|1756570928
|switch|p1b: Incineroar|Incineroar, L50, F|100/100
|-ability|p1b: Incineroar|Intimidate|boost
|-unboost|p2a: attempt#3|atk|1
|-unboost|p2b: Cheese|atk|1
|-terastallize|p1a: Rillaboom|Fire
|move|p2b: Cheese|Make It Rain|p1a: Rillaboom|[spread] p1a,p1b
|-resisted|p1a: Rillaboom
|-resisted|p1b: Incineroar
|-damage|p1a: Rillaboom|50/100
|-damage|p1b: Incineroar|74/100
|-unboost|p2b: Cheese|spa|1
|-damage|p2b: Cheese|91/100|[from] item: Life Orb
|move|p2a: attempt#3|Scale Shot|p1a: Rillaboom
|-damage|p1a: Rillaboom|40/100
|-damage|p1a: Rillaboom|31/100
|-damage|p1a: Rillaboom|20/100
|-damage|p1a: Rillaboom|11/100
|-damage|p1a: Rillaboom|0 fnt
|faint|p1a: Rillaboom
|-hitcount|p1: Rillaboom|5
|-unboost|p2a: attempt#3|def|1
|-boost|p2a: attempt#3|spe|1
|
|-heal|p2b: Cheese|97/100|[from] Grassy Terrain
|-heal|p1b: Incineroar|80/100|[from] Grassy Terrain
|upkeep
|inactive|arrascaxeira has 30 seconds left.
|
|t:|1756570953
|switch|p1a: Tauros|Tauros-Paldea-Aqua, L50, M|100/100
|-ability|p1a: Tauros|Intimidate|boost
|-unboost|p2a: attempt#3|atk|1
|-unboost|p2b: Cheese|atk|1
|turn|3
|
|t:|1756570969
|move|p2b: Cheese|Protect|p2b: Cheese
|-singleturn|p2b: Cheese|Protect
|move|p2a: attempt#3|Haze|p2a: attempt#3
|-clearallboost
|move|p1a: Tauros|Wave Crash|p2a: attempt#3
|-resisted|p2a: attempt#3
|-damage|p2a: attempt#3|85/100
|-damage|p1a: Tauros|95/100|[from] Recoil
|move|p1b: Incineroar|Knock Off|p2b: Cheese
|-activate|p2b: Cheese|move: Protect
|
|-heal|p2b: Cheese|100/100|[from] Grassy Terrain
|-heal|p1a: Tauros|100/100|[from] Grassy Terrain
|-heal|p1b: Incineroar|86/100|[from] Grassy Terrain
|upkeep
|turn|4
|
|t:|1756570988
|move|p2a: attempt#3|Protect|p2a: attempt#3
|-singleturn|p2a: attempt#3|Protect
|move|p1a: Tauros|Protect|p1a: Tauros
|-singleturn|p1a: Tauros|Protect
|move|p2b: Cheese|Make It Rain|p1a: Tauros|[spread] p1b
|-activate|p1a: Tauros|move: Protect
|-resisted|p1b: Incineroar
|-damage|p1b: Incineroar|58/100
|-unboost|p2b: Cheese|spa|1
|-damage|p2b: Cheese|91/100|[from] item: Life Orb
|move|p1b: Incineroar|Knock Off|p2b: Cheese
|-supereffective|p2b: Cheese
|-damage|p2b: Cheese|7/100
|-enditem|p2b: Cheese|Life Orb|[from] move: Knock Off|[of] p1b: Incineroar
|
|-heal|p2b: Cheese|13/100|[from] Grassy Terrain
|-heal|p1b: Incineroar|64/100|[from] Grassy Terrain
|-sideend|p2: ggep123|move: Tailwind
|upkeep
|turn|5
|
|t:|1756571007
|move|p2b: Cheese|Protect|p2b: Cheese
|-singleturn|p2b: Cheese|Protect
|move|p1a: Tauros|Aqua Jet|p2b: Cheese
|-activate|p2b: Cheese|move: Protect
|move|p2a: attempt#3|Tailwind|p2a: attempt#3
|-sidestart|p2: ggep123|move: Tailwind
|move|p1b: Incineroar|Knock Off|p2a: attempt#3
|-damage|p2a: attempt#3|46/100
|-enditem|p2a: attempt#3|Loaded Dice|[from] move: Knock Off|[of] p1b: Incineroar
|
|-heal|p2b: Cheese|19/100|[from] Grassy Terrain
|-heal|p1b: Incineroar|70/100|[from] Grassy Terrain
|-fieldend|move: Grassy Terrain
|upkeep
|turn|6
|
|t:|1756571027
|switch|p1b: Gholdengo|Gholdengo, L50|73/100
|move|p1a: Tauros|Aqua Jet|p2b: Cheese
|-damage|p2b: Cheese|0 fnt
|faint|p2b: Cheese
|move|p2a: attempt#3|Scale Shot|p1b: Gholdengo
|-resisted|p1b: Gholdengo
|-damage|p1b: Gholdengo|66/100
|-resisted|p1b: Gholdengo
|-damage|p1b: Gholdengo|59/100
|-hitcount|p1b: Gholdengo|2
|-unboost|p2a: attempt#3|def|1
|-boost|p2a: attempt#3|spe|1
|-enditem|p1a: Tauros|Mirror Herb
|-boost|p1a: Tauros|spe|1|[from] item: Mirror Herb
|
|upkeep
|
|t:|1756571041
|switch|p2b: Gam bell|Sneasler, L50, M|100/100
|turn|7
|
|t:|1756571051
|-terastallize|p2b: Gam bell|Stellar
|move|p1a: Tauros|Protect|p1a: Tauros
|-singleturn|p1a: Tauros|Protect
|move|p1b: Gholdengo|Protect|p1b: Gholdengo
|-singleturn|p1b: Gholdengo|Protect
|move|p2a: attempt#3|Scale Shot|p1a: Tauros
|-activate|p1a: Tauros|move: Protect
|move|p2b: Gam bell|Dire Claw|p1b: Gholdengo
|-activate|p1b: Gholdengo|move: Protect
|
|upkeep
|turn|8
|inactive|ggep123 has 30 seconds left.
|
|t:|1756571078
|switch|p1b: Incineroar|Incineroar, L50, F|70/100
|-ability|p1b: Incineroar|Intimidate|boost
|-unboost|p2a: attempt#3|atk|1
|-unboost|p2b: Gam bell|atk|1
|move|p2a: attempt#3|Scale Shot|p1a: Tauros
|-damage|p1a: Tauros|89/100
|-damage|p1a: Tauros|79/100
|-damage|p1a: Tauros|69/100
|-hitcount|p1a: Tauros|3
|-unboost|p2a: attempt#3|def|1
|-boost|p2a: attempt#3|spe|1
|move|p2b: Gam bell|Dire Claw|p1a: Tauros
|-damage|p1a: Tauros|29/100
|move|p1a: Tauros|Wave Crash|p2a: attempt#3
|-resisted|p2a: attempt#3
|-damage|p2a: attempt#3|0 fnt
|faint|p2a: attempt#3
|-damage|p1a: Tauros|13/100|[from] Recoil
|
|-sideend|p2: ggep123|move: Tailwind
|upkeep
|turn|9
|
|t:|1756571097
|move|p2b: Gam bell|Protect|p2b: Gam bell
|-singleturn|p2b: Gam bell|Protect
|move|p1b: Incineroar|Fake Out|p2b: Gam bell
|-activate|p2b: Gam bell|move: Protect
|move|p1a: Tauros|Close Combat|p2b: Gam bell
|-activate|p2b: Gam bell|move: Protect
|
|upkeep
|turn|10
|
|t:|1756571108
|switch|p1b: Gholdengo|Gholdengo, L50|59/100
|move|p1a: Tauros|Protect|p1a: Tauros
|-singleturn|p1a: Tauros|Protect
|move|p2b: Gam bell|Dire Claw|p1b: Gholdengo
|-immune|p1b: Gholdengo
|
|upkeep
|turn|11
|
|t:|1756571127
|switch|p1b: Incineroar|Incineroar, L50, F|70/100
|-ability|p1b: Incineroar|Intimidate|boost
|-unboost|p2b: Gam bell|atk|1
|move|p2b: Gam bell|Protect|p2b: Gam bell
|-singleturn|p2b: Gam bell|Protect
|move|p1a: Tauros|Close Combat|p2b: Gam bell
|-activate|p2b: Gam bell|move: Protect
|
|upkeep
|turn|12
|
|t:|1756571138
|move|p1b: Incineroar|Fake Out|p2b: Gam bell
|-damage|p2b: Gam bell|83/100
|move|p1a: Tauros|Wave Crash|p2b: Gam bell
|-damage|p2b: Gam bell|0 fnt
|faint|p2b: Gam bell
|-damage|p1a: Tauros|0 fnt|[from] Recoil
|faint|p1a: Tauros
|
|win|arrascaxeira
|raw|arrascaxeira's rating: 1131 → 1156(+25 for winning)
|raw|ggep123's rating: 1129 → 1104(-25 for losing)
|c|☆ggep123|g
|c|☆ggep123|gg
|c|☆arrascaxeira|Ggs Id feel robbed if you won the bo3
|l|☆ggep123
|player|p2|
