|j|☆FreezyPop439
|j|☆buggybrain
|html|FreezyPop439buggybrain    
|uhtml|bestof|Game 2 of a best-of-3
|t:|1782218245
|gametype|doubles
|player|p1|FreezyPop439|collector|1233
|player|p2|buggybrain|hiker-gen4|1222
|gen|9
|tier|[Gen 9 Champions] VGC 2026 Reg M-B (Bo3)
|rated|
|rule|Species Clause: Limit one of each Pokémon
|rule|Item Clause: Limit 1 of each item
|clearpoke
|poke|p1|Garchomp, L50, F|
|poke|p1|Staraptor, L50, M|
|poke|p1|Grimmsnarl, L50, M|
|poke|p1|Gholdengo, L50|
|poke|p1|Maushold-Four, L50|
|poke|p1|Volcarona, L50, M|
|poke|p2|Whimsicott, L50, M|
|poke|p2|Gholdengo, L50|
|poke|p2|Garchomp, L50, M|
|poke|p2|Charizard, L50, F|
|poke|p2|Basculegion, L50, M|
|poke|p2|Incineroar, L50, M|
|teampreview|4
|showteam|p1|Garchomp||LifeOrb|RoughSkin|Earthquake,DragonClaw,RockSlide,Protect|Jolly||F|||50|]Staraptor||Staraptite|Intimidate|BraveBird,CloseCombat,Roost,Protect|Jolly||M|||50|]Grimmsnarl||LightClay|Prankster|SpiritBreak,LightScreen,Reflect,PartingShot|Careful||M|||50|]Gholdengo||MetalCoat|GoodasGold|MakeItRain,ShadowBall,NastyPlot,Protect|Modest|||||50|]Maushold-Four||FocusSash|FriendGuard|FollowMe,Charm,SuperFang,Protect|Jolly|||||50|]Volcarona||ChartiBerry|FlameBody|HeatWave,StruggleBug,RagePowder,Tailwind|Timid||M|||50|
|showteam|p2|Whimsicott||FocusSash|Prankster|Moonblast,Encore,Protect,Tailwind|Timid||M|||50|]Gholdengo||MetalCoat|GoodasGold|MakeItRain,ShadowBall,Protect,NastyPlot|Modest|||||50|]Garchomp||LifeOrb|RoughSkin|Earthquake,DragonClaw,RockSlide,Protect|Jolly||M|||50|]Charizard||CharizarditeY|Blaze|HeatWave,WeatherBall,SolarBeam,Protect|Modest||F|||50|]Basculegion||ChoiceScarf|Adaptability|WaveCrash,LastRespects,AquaJet,FlipTurn|Jolly||M|||50|]Incineroar||SitrusBerry|Intimidate|PartingShot,ThroatChop,FlareBlitz,FakeOut|Impish||M|||50|
|
|t:|1782218302
|teamsize|p1|4
|teamsize|p2|4
|start
|switch|p1a: Staraptor|Staraptor, L50, M|100/100
|switch|p1b: Grimmsnarl|Grimmsnarl, L50, M|100/100
|switch|p2a: Charizard|Charizard, L50, F|100/100
|switch|p2b: Incineroar|Incineroar, L50, M|100/100
|-ability|p1a: Staraptor|Intimidate|boost
|-unboost|p2a: Charizard|atk|1
|-unboost|p2b: Incineroar|atk|1
|-ability|p2b: Incineroar|Intimidate|boost
|-unboost|p1a: Staraptor|atk|1
|-unboost|p1b: Grimmsnarl|atk|1
|turn|1
|
|t:|1782218333
|switch|p1a: Garchomp|Garchomp, L50, F|100/100
|detailschange|p2a: Charizard|Charizard-Mega-Y, L50, F
|-mega|p2a: Charizard|Charizard|Charizardite Y
|-weather|SunnyDay|[from] ability: Drought|[of] p2a: Charizard
|move|p2b: Incineroar|Fake Out|p1b: Grimmsnarl
|-damage|p1b: Grimmsnarl|92/100
|cant|p1b: Grimmsnarl|flinch
|move|p2a: Charizard|Heat Wave|p1b: Grimmsnarl|[spread] p1a,p1b
|-resisted|p1a: Garchomp|1
|-damage|p1a: Garchomp|67/100
|-damage|p1b: Grimmsnarl|39/100
|
|-weather|SunnyDay|[upkeep]
|upkeep
|turn|2
|
|t:|1782218362
|move|p2a: Charizard|Protect|p2a: Charizard
|-singleturn|p2a: Charizard|Protect
|move|p1b: Grimmsnarl|Reflect|p1b: Grimmsnarl
|-sidestart|p1: FreezyPop439|Reflect
|move|p1a: Garchomp|Rock Slide|p2a: Charizard|[spread] p2b
|-activate|p2a: Charizard|move: Protect
|-supereffective|p2b: Incineroar|1
|-damage|p2b: Incineroar|65/100
|-damage|p1a: Garchomp|57/100|[from] item: Life Orb
|move|p2b: Incineroar|Parting Shot|p1a: Garchomp
|-unboost|p1a: Garchomp|atk|1
|-unboost|p1a: Garchomp|spa|1
|
|t:|1782218382
|switch|p2b: Whimsicott|Whimsicott, L50, M|100/100|[from] Parting Shot
|
|-weather|SunnyDay|[upkeep]
|upkeep
|turn|3
|
|t:|1782218407
|switch|p2a: Incineroar|Incineroar, L50, M|65/100
|-ability|p2a: Incineroar|Intimidate|boost
|-unboost|p1a: Garchomp|atk|1
|-unboost|p1b: Grimmsnarl|atk|1
|move|p1b: Grimmsnarl|Light Screen|p1b: Grimmsnarl
|-sidestart|p1: FreezyPop439|move: Light Screen
|move|p2b: Whimsicott|Moonblast|p1b: Grimmsnarl
|-supereffective|p1b: Grimmsnarl|1
|-damage|p1b: Grimmsnarl|0 fnt
|faint|p1b: Grimmsnarl
|move|p1a: Garchomp|Rock Slide|p2b: Whimsicott|[spread] p2a
|-miss|p1a: Garchomp|p2b: Whimsicott
|-supereffective|p2a: Incineroar|1
|-damage|p2a: Incineroar|46/100
|-enditem|p2a: Incineroar|Sitrus Berry|[eat]
|-heal|p2a: Incineroar|70/100|[from] item: Sitrus Berry
|-damage|p1a: Garchomp|47/100|[from] item: Life Orb
|
|-weather|SunnyDay|[upkeep]
|upkeep
|
|t:|1782218420
|switch|p1b: Staraptor|Staraptor, L50, M|100/100
|-ability|p1b: Staraptor|Intimidate|boost
|-unboost|p2a: Incineroar|atk|1
|-unboost|p2b: Whimsicott|atk|1
|turn|4
|
|t:|1782218445
|switch|p1a: Maushold|Maushold-Four, L50|100/100
|detailschange|p1b: Staraptor|Staraptor-Mega, L50, M
|-mega|p1b: Staraptor|Staraptor|Staraptite
|move|p2a: Incineroar|Fake Out|p1b: Staraptor
|-damage|p1b: Staraptor|96/100
|move|p2b: Whimsicott|Moonblast|p1a: Maushold
|-damage|p1a: Maushold|70/100
|-unboost|p1a: Maushold|spa|1
|cant|p1b: Staraptor|flinch
|
|-weather|SunnyDay|[upkeep]
|upkeep
|turn|5
|
|t:|1782218470
|switch|p2a: Basculegion|Basculegion, L50, M|100/100
|move|p2b: Whimsicott|Protect|p2b: Whimsicott
|-singleturn|p2b: Whimsicott|Protect
|move|p1a: Maushold|Super Fang|p2b: Whimsicott
|-activate|p2b: Whimsicott|move: Protect
|move|p1b: Staraptor|Brave Bird|p2b: Whimsicott
|-activate|p2b: Whimsicott|move: Protect
|
|-weather|none
|upkeep
|turn|6
|
|t:|1782218519
|move|p1b: Staraptor|Protect|p1b: Staraptor
|-singleturn|p1b: Staraptor|Protect
|move|p2a: Basculegion|Wave Crash|p1b: Staraptor
|-activate|p1b: Staraptor|move: Protect
|move|p2b: Whimsicott|Moonblast|p1b: Staraptor
|-activate|p1b: Staraptor|move: Protect
|move|p1a: Maushold|Super Fang|p2b: Whimsicott
|-damage|p2b: Whimsicott|50/100g
|
|upkeep
|turn|7
|
|t:|1782218553
|move|p2b: Whimsicott|Protect|p2b: Whimsicott
|-singleturn|p2b: Whimsicott|Protect
|move|p1a: Maushold|Follow Me|p1a: Maushold
|-singleturn|p1a: Maushold|move: Follow Me
|move|p2a: Basculegion|Wave Crash|p1a: Maushold
|-damage|p1a: Maushold|12/100
|-damage|p2a: Basculegion|82/100|[from] Recoil
|move|p1b: Staraptor|Brave Bird|p2b: Whimsicott
|-activate|p2b: Whimsicott|move: Protect
|
|upkeep
|turn|8
|
|t:|1782218569
|move|p1a: Maushold|Protect|p1a: Maushold
|-singleturn|p1a: Maushold|Protect
|move|p2b: Whimsicott|Tailwind|p2b: Whimsicott
|-sidestart|p2: buggybrain|move: Tailwind
|move|p2a: Basculegion|Wave Crash|p1b: Staraptor
|-damage|p1b: Staraptor|62/100
|-damage|p2a: Basculegion|71/100|[from] Recoil
|move|p1b: Staraptor|Close Combat|p2b: Whimsicott
|-resisted|p2b: Whimsicott|1
|-damage|p2b: Whimsicott|11/100
|-boost|p1b: Staraptor|def|1
|-boost|p1b: Staraptor|spd|1
|
|upkeep
|turn|9
|
|t:|1782218595
|move|p1a: Maushold|Follow Me|p1a: Maushold
|-singleturn|p1a: Maushold|move: Follow Me
|move|p2a: Basculegion|Wave Crash|p1a: Maushold
|-damage|p1a: Maushold|0 fnt
|faint|p1a: Maushold
|-damage|p2a: Basculegion|67/100|[from] Recoil
|move|p2b: Whimsicott|Moonblast|p1b: Staraptor
|-supereffective|p1b: Staraptor|1
|-damage|p1b: Staraptor|28/100
|move|p1b: Staraptor|Close Combat|p2b: Whimsicott
|-resisted|p2b: Whimsicott|1
|-damage|p2b: Whimsicott|0 fnt
|-boost|p1b: Staraptor|def|1
|-boost|p1b: Staraptor|spd|1
|faint|p2b: Whimsicott
|
|-sideend|p1: FreezyPop439|Reflect
|upkeep
|
|t:|1782218623
|switch|p2b: Incineroar|Incineroar, L50, M|70/100
|switch|p1a: Garchomp|Garchomp, L50, F|47/100
|-ability|p2b: Incineroar|Intimidate|boost
|-unboost|p1a: Garchomp|atk|1
|-boost|p1b: Staraptor|atk|1
|turn|10
|
|t:|1782218638
|move|p1b: Staraptor|Protect|p1b: Staraptor
|-singleturn|p1b: Staraptor|Protect
|move|p1a: Garchomp|Protect|p1a: Garchomp
|-singleturn|p1a: Garchomp|Protect
|move|p2b: Incineroar|Fake Out|p1b: Staraptor
|-activate|p1b: Staraptor|move: Protect
|move|p2a: Basculegion|Wave Crash|p1a: Garchomp
|-activate|p1a: Garchomp|move: Protect
|
|-sideend|p1: FreezyPop439|move: Light Screen
|upkeep
|turn|11
|
|t:|1782218701
|move|p2a: Basculegion|Wave Crash|p1a: Garchomp
|-damage|p1a: Garchomp|0 fnt
|-damage|p2a: Basculegion|55/100|[from] ability: Rough Skin|[of] p1a: Garchomp
|faint|p1a: Garchomp
|-damage|p2a: Basculegion|39/100|[from] Recoil
|move|p1b: Staraptor|Roost|p1b: Staraptor
|-heal|p1b: Staraptor|78/100
|-singleturn|p1b: Staraptor|move: Roost
|move|p2b: Incineroar|Flare Blitz|p1b: Staraptor
|-damage|p1b: Staraptor|54/100
|-damage|p2b: Incineroar|63/100|[from] Recoil
|
|-sideend|p2: buggybrain|move: Tailwind
|upkeep
|turn|12
|
|t:|1782218731
|move|p2a: Basculegion|Wave Crash|p1b: Staraptor
|-damage|p1b: Staraptor|20/100y
|-damage|p2a: Basculegion|28/100|[from] Recoil
|move|p1b: Staraptor|Roost|p1b: Staraptor
|-heal|p1b: Staraptor|70/100
|-singleturn|p1b: Staraptor|move: Roost
|move|p2b: Incineroar|Flare Blitz|p1b: Staraptor
|-damage|p1b: Staraptor|49/100
|-damage|p2b: Incineroar|56/100|[from] Recoil
|
|upkeep
|turn|13
|
|t:|1782218744
|move|p1b: Staraptor|Protect|p1b: Staraptor
|-singleturn|p1b: Staraptor|Protect
|move|p2a: Basculegion|Wave Crash|p1b: Staraptor
|-activate|p1b: Staraptor|move: Protect
|move|p2b: Incineroar|Flare Blitz|p1b: Staraptor
|-activate|p1b: Staraptor|move: Protect
|
|upkeep
|turn|14
|
|t:|1782218751
|move|p2a: Basculegion|Wave Crash|p1b: Staraptor
|-damage|p1b: Staraptor|13/100
|-damage|p2a: Basculegion|17/100|[from] Recoil
|move|p1b: Staraptor|Roost|p1b: Staraptor
|-heal|p1b: Staraptor|63/100
|-singleturn|p1b: Staraptor|move: Roost
|move|p2b: Incineroar|Flare Blitz|p1b: Staraptor
|-damage|p1b: Staraptor|40/100
|-damage|p2b: Incineroar|50/100y|[from] Recoil
|
|upkeep
|turn|15
|
|t:|1782218773
|switch|p2a: Charizard|Charizard-Mega-Y, L50, F|100/100
|-weather|SunnyDay|[from] ability: Drought|[of] p2a: Charizard
|move|p1b: Staraptor|Roost|p1b: Staraptor
|-heal|p1b: Staraptor|90/100
|-singleturn|p1b: Staraptor|move: Roost
|move|p2b: Incineroar|Flare Blitz|p1b: Staraptor
|-damage|p1b: Staraptor|57/100
|-damage|p2b: Incineroar|39/100|[from] Recoil
|
|-weather|SunnyDay|[upkeep]
|upkeep
|turn|16
|
|t:|1782218800
|move|p1b: Staraptor|Roost|p1b: Staraptor
|-heal|p1b: Staraptor|100/100
|-singleturn|p1b: Staraptor|move: Roost
|move|p2a: Charizard|Weather Ball|p1b: Staraptor
|-damage|p1b: Staraptor|53/100
|move|p2b: Incineroar|Flare Blitz|p1b: Staraptor
|-damage|p1b: Staraptor|22/100
|-status|p1b: Staraptor|brn
|-damage|p2b: Incineroar|30/100|[from] Recoil
|
|-weather|SunnyDay|[upkeep]
|-damage|p1b: Staraptor|17/100 brn|[from] brn
|upkeep
|turn|17
|-message|FreezyPop439 forfeited.
|
|win|buggybrain
|raw|FreezyPop439's rating: 1233 → 1207(-26 for losing)
|raw|buggybrain's rating: 1222 → 1248(+26 for winning)
