|j|☆sopa de moscas
|j|☆TeyVgc
|html|sopa de moscasTeyVgc    
|uhtml|bestof|Game 3 of a best-of-3
|t:|1783176159
|gametype|doubles
|player|p1|sopa de moscas|miku-ghost|1351
|player|p2|TeyVgc|rood|1240
|gen|9
|tier|[Gen 9 Champions] VGC 2026 Reg M-B (Bo3)
|rated|
|rule|Species Clause: Limit one of each Pokémon
|rule|Item Clause: Limit 1 of each item
|clearpoke
|poke|p1|Incineroar, L50, F|
|poke|p1|Farigiraf, L50, M|
|poke|p1|Torkoal, L50, F|
|poke|p1|Floette-Eternal, L50, F|
|poke|p1|Maushold-Four, L50|
|poke|p1|Golurk, L50|
|poke|p2|Excadrill, L50, F|
|poke|p2|Tyranitar, L50, M|
|poke|p2|Staraptor, L50, M|
|poke|p2|Sinistcha, L50|
|poke|p2|Milotic, L50, F|
|poke|p2|Gholdengo, L50|
|teampreview|4
|showteam|p1|Incineroar||ChopleBerry|Intimidate|ThroatChop,FakeOut,FlareBlitz,PartingShot|Careful||F|||50|]Farigiraf||SitrusBerry|ArmorTail|Thunderbolt,Psychic,TrickRoom,Protect|Sassy||M|||50|]Torkoal||Charcoal|Drought|Eruption,HeatWave,WeatherBall,Protect|Quiet||F|||50|]Floette-Eternal||Floettite|FlowerVeil|Moonblast,DazzlingGleam,LightofRuin,Protect|Modest||F|||50|]Maushold-Four||WideLens|Technician|PopulationBomb,FollowMe,HelpingHand,Protect|Jolly|||||50|]Golurk||LifeOrb|NoGuard|HeadlongRush,Poltergeist,Protect,StoneEdge|Brave|||||50|
|showteam|p2|Excadrill||FocusSash|SandRush|Earthquake,IronHead,RockSlide,Protect|Adamant||F|||50|]Tyranitar||Tyranitarite|SandStream|RockSlide,KnockOff,DragonDance,Protect|Adamant||M|||50|]Staraptor||Staraptite|Intimidate|BraveBird,CloseCombat,Tailwind,Protect|Jolly||M|||50|]Sinistcha||SitrusBerry|Hospitality|MatchaGotcha,RagePowder,LifeDew,TrickRoom|Calm|||||50|]Milotic||Leftovers|Competitive|Scald,IceBeam,Recover,Protect|Modest||F|||50|]Gholdengo||LifeOrb|GoodasGold|MakeItRain,ShadowBall,NastyPlot,Protect|Modest|||||50|
|inactive|Battle timer is ON: inactive players will automatically lose when time's up. (requested by sopa de moscas)
|inactive|sopa de moscas has 60 seconds left.
|inactive|TeyVgc has 60 seconds left.
|
|t:|1783176199
|teamsize|p1|4
|teamsize|p2|4
|start
|switch|p1a: Floette|Floette-Eternal, L50, F|100/100
|switch|p1b: Farigiraf|Farigiraf, L50, M|100/100
|switch|p2a: Excadrill|Excadrill, L50, F|100/100
|switch|p2b: Tyranitar|Tyranitar, L50, M|100/100
|-weather|Sandstorm|[from] ability: Sand Stream|[of] p2b: Tyranitar
|turn|1
|
|t:|1783176224
|detailschange|p1a: Floette|Floette-Mega, L50, F
|-mega|p1a: Floette|Floette|Floettite
|-ability|p1a: Floette|Fairy Aura
|move|p1a: Floette|Protect|p1a: Floette
|-singleturn|p1a: Floette|Protect
|move|p1b: Farigiraf|Protect|p1b: Farigiraf
|-singleturn|p1b: Farigiraf|Protect
|move|p2a: Excadrill|Iron Head|p1a: Floette
|-activate|p1a: Floette|move: Protect
|move|p2b: Tyranitar|Knock Off|p1a: Floette
|-activate|p1a: Floette|move: Protect
|
|-weather|Sandstorm|[upkeep]
|-damage|p1a: Floette|94/100|[from] Sandstorm
|-damage|p1b: Farigiraf|93/100|[from] Sandstorm
|upkeep
|turn|2
|
|t:|1783176248
|switch|p1b: Torkoal|Torkoal, L50, F|100/100
|-weather|SunnyDay|[from] ability: Drought|[of] p1b: Torkoal
|move|p2a: Excadrill|Iron Head|p1a: Floette
|-supereffective|p1a: Floette|1
|-damage|p1a: Floette|0 fnt
|faint|p1a: Floette
|move|p2b: Tyranitar|Knock Off|p1b: Torkoal
|-damage|p1b: Torkoal|57/100
|-enditem|p1b: Torkoal|Charcoal|[from] move: Knock Off|[of] p2b: Tyranitar
|
|-weather|SunnyDay|[upkeep]
|upkeep
|
|t:|1783176256
|switch|p1a: Farigiraf|Farigiraf, L50, M|93/100
|turn|3
|
|t:|1783176263
|detailschange|p2b: Tyranitar|Tyranitar-Mega, L50, M
|-mega|p2b: Tyranitar|Tyranitar|Tyranitarite
|-weather|Sandstorm|[from] ability: Sand Stream|[of] p2b: Tyranitar
|move|p1b: Torkoal|Protect|p1b: Torkoal
|-singleturn|p1b: Torkoal|Protect
|move|p2a: Excadrill|Rock Slide|p1b: Torkoal|[spread] p1a
|-activate|p1b: Torkoal|move: Protect
|-damage|p1a: Farigiraf|73/100
|move|p2b: Tyranitar|Rock Slide|p1a: Farigiraf|[spread] 
|-activate|p1b: Torkoal|move: Protect
|-miss|p2b: Tyranitar|p1a: Farigiraf
|move|p1a: Farigiraf|Trick Room|p1a: Farigiraf
|-fieldstart|move: Trick Room|[of] p1a: Farigiraf
|
|-weather|Sandstorm|[upkeep]
|-damage|p1b: Torkoal|50/100g|[from] Sandstorm
|-damage|p1a: Farigiraf|67/100|[from] Sandstorm
|upkeep
|turn|4
|
|t:|1783176287
|switch|p1b: Golurk|Golurk, L50|100/100
|switch|p2a: Milotic|Milotic, L50, F|100/100
|move|p1a: Farigiraf|Psychic|p2a: Milotic
|-damage|p2a: Milotic|73/100
|move|p2b: Tyranitar|Rock Slide|p1a: Farigiraf|[spread] p1a,p1b
|-resisted|p1b: Golurk|1
|-damage|p1a: Farigiraf|35/100
|-damage|p1b: Golurk|79/100
|-enditem|p1a: Farigiraf|Sitrus Berry|[eat]
|-heal|p1a: Farigiraf|60/100|[from] item: Sitrus Berry
|
|-weather|Sandstorm|[upkeep]
|-damage|p1a: Farigiraf|54/100|[from] Sandstorm
|-damage|p2a: Milotic|67/100|[from] Sandstorm
|-heal|p2a: Milotic|73/100|[from] item: Leftovers
|upkeep
|turn|5
|
|t:|1783176310
|switch|p1a: Torkoal|Torkoal, L50, F|50/100g
|-weather|SunnyDay|[from] ability: Drought|[of] p1a: Torkoal
|switch|p2b: Sinistcha|Sinistcha, L50|100/100
|-heal|p2a: Milotic|98/100|[from] ability: Hospitality|[of] p2b: Sinistcha
|move|p1b: Golurk|Headlong Rush|p2b: Sinistcha
|-resisted|p2b: Sinistcha|1
|-damage|p2b: Sinistcha|56/100
|-unboost|p1b: Golurk|def|1
|-unboost|p1b: Golurk|spd|1
|-damage|p1b: Golurk|69/100|[from] item: Life Orb
|move|p2a: Milotic|Scald|p1b: Golurk
|-supereffective|p1b: Golurk|1
|-damage|p1b: Golurk|13/100
|
|-weather|SunnyDay|[upkeep]
|-heal|p2a: Milotic|100/100|[from] item: Leftovers
|upkeep
|turn|6
|
|t:|1783176331
|switch|p2b: Tyranitar|Tyranitar-Mega, L50, M|100/100
|-weather|Sandstorm|[from] ability: Sand Stream|[of] p2b: Tyranitar
|move|p1a: Torkoal|Eruption|p2b: Tyranitar|[spread] p2a,p2b
|-resisted|p2a: Milotic|1
|-resisted|p2b: Tyranitar|1
|-damage|p2a: Milotic|91/100
|-damage|p2b: Tyranitar|94/100
|move|p1b: Golurk|Headlong Rush|p2a: Milotic
|-damage|p2a: Milotic|14/100
|-unboost|p1b: Golurk|def|1
|-unboost|p1b: Golurk|spd|1
|-damage|p1b: Golurk|4/100|[from] item: Life Orb
|move|p2a: Milotic|Scald|p1b: Golurk
|-supereffective|p1b: Golurk|1
|-damage|p1b: Golurk|0 fnt
|faint|p1b: Golurk
|
|-weather|Sandstorm|[upkeep]
|-damage|p1a: Torkoal|44/100|[from] Sandstorm
|-damage|p2a: Milotic|8/100|[from] Sandstorm
|-heal|p2a: Milotic|14/100|[from] item: Leftovers
|upkeep
|-message|sopa de moscas forfeited.
|
|win|TeyVgc
|raw|sopa de moscas's rating: 1351 → 1325(-26 for losing)
|raw|TeyVgc's rating: 1240 → 1273(+33 for winning)
|l|☆TeyVgc
|player|p2|
