|j|☆iflamercenar
|j|☆MinasDevilCrobats
|html|iflamercenarMinasDevilCrobats    
|uhtml|bestof|Game 1 of a best-of-3
|t:|1756986236
|gametype|doubles
|player|p1|iflamercenar|acetrainer-gen4dp|1210
|player|p2|MinasDevilCrobats|darach-caitlin|1304
|gen|9
|tier|[Gen 9] VGC 2025 Reg H (Bo3)
|rated|
|rule|Species Clause: Limit one of each Pokémon
|rule|Item Clause: Limit 1 of each item
|clearpoke
|poke|p1|Sneasler, L50, M|
|poke|p1|Volcarona, L50, F|
|poke|p1|Dragonite, L50, F|
|poke|p1|Rillaboom, L50, M|
|poke|p1|Gholdengo, L50|
|poke|p1|Magmar, L50, F|
|poke|p2|Indeedee, L50, M|
|poke|p2|Sneasler, L50, F|
|poke|p2|Dondozo, L50, F|
|poke|p2|Tatsugiri, L50, F|
|poke|p2|Talonflame, L50, F|
|poke|p2|Glimmora, L50, F|
|teampreview|4
|showteam|p1|Sneasler||GrassySeed|Unburden|DireClaw,CloseCombat,ThroatChop,Protect|||M|||50|,,,,,Dark]Volcarona||Leftovers|FlameBody|HeatWave,QuiverDance,TeraBlast,Protect|||F|||50|,,,,,Fairy]Dragonite||LoadedDice|Multiscale|ScaleShot,ExtremeSpeed,Haze,Protect|||F|||50|,,,,,Steel]Rillaboom||AssaultVest|GrassySurge|WoodHammer,GrassyGlide,HighHorsepower,FakeOut|||M|||50|,,,,,Fire]Gholdengo||SitrusBerry|GoodasGold|MakeItRain,ShadowBall,NastyPlot,Protect||||||50|,,,,,Water]Magmar||Eviolite|VitalSpirit|Overheat,FollowMe,Taunt,Protect|||F|||50|,,,,,Ghost
|showteam|p2|Indeedee||ChoiceScarf|PsychicSurge|ExpandingForce,DazzlingGleam,Trick,Protect|||M|||50|,,,,,Fairy]Sneasler||PsychicSeed|Unburden|CloseCombat,DireClaw,ThroatChop,Protect|||F|||50|,,,,,Dark]Dondozo||Leftovers|Unaware|WaveCrash,OrderUp,Earthquake,Protect|||F|||50|,,,,,Grass]Tatsugiri||LifeOrb|Commander|MuddyWater,DracoMeteor,DragonPulse,Protect|||F|||50|,,,,,Steel]Talonflame||CovertCloak|GaleWings|FlareBlitz,WillOWisp,Tailwind,Taunt|||F|||50|,,,,,Grass]Glimmora||PowerHerb|ToxicDebris|MeteorBeam,SludgeBomb,EarthPower,SpikyShield|||F|||50|,,,,,Grass
|inactive|Battle timer is ON: inactive players will automatically lose when time's up. (requested by iflamercenar)
|
|t:|1756986280
|teamsize|p1|4
|teamsize|p2|4
|start
|switch|p1a: Rillaboom|Rillaboom, L50, M|100/100
|switch|p1b: Sneasler|Sneasler, L50, M|100/100
|switch|p2a: Talonflame|Talonflame, L50, F|100/100
|switch|p2b: Glimmora|Glimmora, L50, F|100/100
|-fieldstart|move: Grassy Terrain|[from] ability: Grassy Surge|[of] p1a: Rillaboom
|-enditem|p1b: Sneasler|Grassy Seed
|-boost|p1b: Sneasler|def|1|[from] item: Grassy Seed
|turn|1
|
|t:|1756986296
|switch|p1a: Dragonite|Dragonite, L50, F|100/100
|move|p1b: Sneasler|Protect|p1b: Sneasler
|-singleturn|p1b: Sneasler|Protect
|move|p2b: Glimmora|Spiky Shield|p2b: Glimmora
|-singleturn|p2b: Glimmora|move: Protect
|move|p2a: Talonflame|Tailwind|p2a: Talonflame
|-sidestart|p2: MinasDevilCrobats|move: Tailwind
|
|upkeep
|turn|2
|inactive|iflamercenar has 30 seconds left.
|
|t:|1756986322
|move|p2a: Talonflame|Will-O-Wisp|p1b: Sneasler
|-status|p1b: Sneasler|brn
|move|p1b: Sneasler|Dire Claw|p2a: Talonflame
|-damage|p2a: Talonflame|64/100
|move|p2b: Glimmora|Meteor Beam||[still]
|-prepare|p2b: Glimmora|Meteor Beam
|-boost|p2b: Glimmora|spa|1
|-enditem|p2b: Glimmora|Power Herb
|-anim|p2b: Glimmora|Meteor Beam|p1a: Dragonite|[miss]
|-miss|p2b: Glimmora|p1a: Dragonite
|move|p1a: Dragonite|Scale Shot|p2b: Glimmora
|-damage|p2b: Glimmora|83/100
|-activate|p2b: Glimmora|ability: Toxic Debris
|-sidestart|p1: iflamercenar|move: Toxic Spikes
|-damage|p2b: Glimmora|66/100
|-activate|p2b: Glimmora|ability: Toxic Debris
|-sidestart|p1: iflamercenar|move: Toxic Spikes
|-damage|p2b: Glimmora|48/100
|-damage|p2b: Glimmora|30/100
|-hitcount|p2b: Glimmora|4
|-unboost|p1a: Dragonite|def|1
|-boost|p1a: Dragonite|spe|1
|
|-heal|p2b: Glimmora|37/100|[from] Grassy Terrain
|-damage|p1b: Sneasler|95/100 brn|[from] brn
|upkeep
|turn|3
|inactive|iflamercenar has 30 seconds left.
|inactive|MinasDevilCrobats has 30 seconds left.
|
|t:|1756986356
|move|p2a: Talonflame|Will-O-Wisp|p1a: Dragonite
|-status|p1a: Dragonite|brn
|move|p1b: Sneasler|Dire Claw|p2a: Talonflame
|-damage|p2a: Talonflame|29/100
|move|p2b: Glimmora|Earth Power|p1b: Sneasler
|-supereffective|p1b: Sneasler
|-damage|p1b: Sneasler|0 fnt
|faint|p1b: Sneasler
|move|p1a: Dragonite|Scale Shot|p2b: Glimmora
|-damage|p2b: Glimmora|27/100
|-damage|p2b: Glimmora|19/100
|-damage|p2b: Glimmora|9/100
|-damage|p2b: Glimmora|0 fnt
|faint|p2b: Glimmora
|-hitcount|p2: Glimmora|4
|-unboost|p1a: Dragonite|def|1
|-boost|p1a: Dragonite|spe|1
|
|-damage|p1a: Dragonite|95/100 brn|[from] brn
|upkeep
|
|t:|1756986377
|switch|p1b: Gholdengo|Gholdengo, L50|100/100
|switch|p2b: Sneasler|Sneasler, L50, F|100/100
|turn|4
|
|t:|1756986385
|switch|p2a: Indeedee|Indeedee, L50, M|100/100
|-fieldstart|move: Psychic Terrain|[from] ability: Psychic Surge|[of] p2a: Indeedee
|-enditem|p2b: Sneasler|Psychic Seed
|-boost|p2b: Sneasler|spd|1|[from] item: Psychic Seed
|-terastallize|p2b: Sneasler|Dark
|-terastallize|p1b: Gholdengo|Water
|move|p2b: Sneasler|Throat Chop|p1b: Gholdengo
|-damage|p1b: Gholdengo|58/100
|-start|p1b: Gholdengo|Throat Chop|[silent]
|move|p1a: Dragonite|Scale Shot|p2b: Sneasler|[miss]
|-miss|p1a: Dragonite|p2b: Sneasler
|move|p1b: Gholdengo|Make It Rain|p2b: Sneasler|[spread] p2a,p2b
|-damage|p2a: Indeedee|32/100
|-damage|p2b: Sneasler|60/100
|-unboost|p1b: Gholdengo|spa|1
|
|-damage|p1a: Dragonite|89/100 brn|[from] brn
|-sideend|p2: MinasDevilCrobats|move: Tailwind
|upkeep
|turn|5
|inactive|MinasDevilCrobats has 30 seconds left.
|inactive|iflamercenar has 30 seconds left.
|
|t:|1756986419
|switch|p1b: Rillaboom|Rillaboom, L50, M|100/100
|-status|p1b: Rillaboom|tox
|-fieldstart|move: Grassy Terrain|[from] ability: Grassy Surge|[of] p1b: Rillaboom
|move|p2b: Sneasler|Dire Claw|p1b: Rillaboom
|-supereffective|p1b: Rillaboom
|-damage|p1b: Rillaboom|16/100 tox
|move|p1a: Dragonite|Scale Shot|p2b: Sneasler
|-damage|p2b: Sneasler|48/100
|-damage|p2b: Sneasler|36/100
|-crit|p2b: Sneasler
|-damage|p2b: Sneasler|17/100
|-damage|p2b: Sneasler|4/100
|-hitcount|p2b: Sneasler|4
|-unboost|p1a: Dragonite|def|1
|-boost|p1a: Dragonite|spe|1
|move|p2a: Indeedee|Expanding Force|p1b: Rillaboom
|-damage|p1b: Rillaboom|0 fnt
|faint|p1b: Rillaboom
|
|-heal|p2b: Sneasler|10/100|[from] Grassy Terrain
|-heal|p2a: Indeedee|38/100|[from] Grassy Terrain
|-damage|p1a: Dragonite|83/100 brn|[from] brn
|upkeep
|
|t:|1756986439
|switch|p1b: Gholdengo|Gholdengo, L50, tera:Water|58/100
|-status|p1b: Gholdengo|tox
|turn|6
|
|t:|1756986447
|move|p2b: Sneasler|Protect|p2b: Sneasler
|-singleturn|p2b: Sneasler|Protect
|move|p1a: Dragonite|Scale Shot|p2b: Sneasler
|-activate|p2b: Sneasler|move: Protect
|move|p2a: Indeedee|Expanding Force|p1a: Dragonite
|-damage|p1a: Dragonite|41/100 brn
|move|p1b: Gholdengo|Nasty Plot|p1b: Gholdengo
|-boost|p1b: Gholdengo|spa|2
|
|-heal|p2b: Sneasler|15/100|[from] Grassy Terrain
|-heal|p2a: Indeedee|44/100|[from] Grassy Terrain
|-heal|p1b: Gholdengo|64/100 tox|[from] Grassy Terrain
|-damage|p1b: Gholdengo|58/100 tox|[from] psn
|-damage|p1a: Dragonite|35/100 brn|[from] brn
|upkeep
|turn|7
|
|t:|1756986465
|switch|p2b: Talonflame|Talonflame, L50, F|29/100
|move|p1a: Dragonite|Extreme Speed|p2b: Talonflame
|-damage|p2b: Talonflame|7/100
|move|p2a: Indeedee|Expanding Force|p1a: Dragonite
|-damage|p1a: Dragonite|0 fnt
|faint|p1a: Dragonite
|move|p1b: Gholdengo|Make It Rain|p2b: Talonflame|[spread] p2a,p2b
|-resisted|p2b: Talonflame
|-crit|p2b: Talonflame
|-damage|p2a: Indeedee|0 fnt
|-damage|p2b: Talonflame|0 fnt
|-unboost|p1b: Gholdengo|spa|1
|faint|p2a: Indeedee
|faint|p2b: Talonflame
|
|-heal|p1b: Gholdengo|64/100 tox|[from] Grassy Terrain
|-damage|p1b: Gholdengo|52/100 tox|[from] psn
|upkeep
|
|t:|1756986477
|switch|p2b: Sneasler|Sneasler, L50, F, tera:Dark|15/100
|turn|8
|
|t:|1756986480
|move|p2b: Sneasler|Protect|p2b: Sneasler
|-singleturn|p2b: Sneasler|Protect
|move|p1b: Gholdengo|Make It Rain|p2b: Sneasler
|-activate|p2b: Sneasler|move: Protect
|
|-heal|p2b: Sneasler|21/100|[from] Grassy Terrain
|-heal|p1b: Gholdengo|58/100 tox|[from] Grassy Terrain
|-damage|p1b: Gholdengo|40/100 tox|[from] psn
|upkeep
|-enditem|p1b: Gholdengo|Sitrus Berry|[eat]
|-heal|p1b: Gholdengo|65/100 tox|[from] item: Sitrus Berry
|turn|9
|
|t:|1756986491
|move|p2b: Sneasler|Close Combat|p1b: Gholdengo
|-damage|p1b: Gholdengo|1/100 tox
|-unboost|p2b: Sneasler|def|1
|-unboost|p2b: Sneasler|spd|1
|move|p1b: Gholdengo|Make It Rain|p2b: Sneasler
|-damage|p2b: Sneasler|0 fnt
|-unboost|p1b: Gholdengo|spa|1
|faint|p2b: Sneasler
|
|win|iflamercenar
