|j|☆ttsui234
|j|☆palle synchro
|html|ttsui234palle synchro    
|uhtml|bestof|Game 2 of a best-of-3
|t:|1785511402
|gametype|doubles
|player|p1|ttsui234|169|1357
|player|p2|palle synchro|volkner|1433
|gen|9
|tier|[Gen 9 Champions] VGC 2026 Reg M-B (Bo3)
|rated|
|rule|Species Clause: Limit one of each Pokémon
|rule|Item Clause: Limit 1 of each item
|clearpoke
|poke|p1|Froslass, L50, F|
|poke|p1|Sneasler, L50, F|
|poke|p1|Garchomp, L50, M|
|poke|p1|Talonflame, L50, M|
|poke|p1|Samurott-Hisui, L50, M|
|poke|p1|Dragonite, L50, F|
|poke|p2|Whimsicott, L50, M|
|poke|p2|Basculegion, L50, M|
|poke|p2|Kingambit, L50, F|
|poke|p2|Floette-Eternal, L50, F|
|poke|p2|Garchomp, L50, F|
|poke|p2|Charizard, L50, M|
|teampreview|4
|showteam|p1|Froslass||Froslassite|CursedBody|Blizzard,Thunderbolt,ShadowBall,Protect|Modest||F|||50|]Sneasler||WhiteHerb|Unburden|CloseCombat,DireClaw,FakeOut,Protect|Adamant||F|||50|]Garchomp||LifeOrb|RoughSkin|Earthquake,StompingTantrum,RockSlide,Protect|Jolly||M|||50|]Talonflame||SharpBeak|GaleWings|DualWingbeat,FlareBlitz,Tailwind,Protect|Adamant||M|||50|]Samurott-Hisui||ExpertBelt|Sharpness|RazorShell,NightSlash,SuckerPunch,SacredSword|Adamant||M|||50|]Dragonite||Dragoninite|Multiscale|DragonPulse,HeatWave,Thunder,Protect|Modest||F|||50|
|showteam|p2|Whimsicott||FocusSash|Prankster|Protect,Moonblast,Tailwind,Encore|Timid||M|||50|]Basculegion||MysticWater|Adaptability|WaveCrash,Protect,LastRespects,AquaJet|Adamant||M|||50|]Kingambit||ChopleBerry|Defiant|KowtowCleave,LowKick,SuckerPunch,IronHead|Adamant||F|||50|]Floette-Eternal||Floettite|FlowerVeil|DazzlingGleam,Moonblast,LightofRuin,Protect|Modest||F|||50|]Garchomp||LifeOrb|RoughSkin|Protect,Earthquake,DragonClaw,RockSlide|Jolly||F|||50|]Charizard||CharizarditeY|Blaze|HeatWave,SolarBeam,WeatherBall,Protect|Modest||M|||50|
|inactive|Battle timer is ON: inactive players will automatically lose when time's up. (requested by palle synchro)
|inactive|ttsui234 has 60 seconds left.
|
|t:|1785511446
|teamsize|p1|4
|teamsize|p2|4
|start
|switch|p1a: Talonflame|Talonflame, L50, M|100/100
|switch|p1b: Sneasler|Sneasler, L50, F|100/100
|switch|p2a: Basculegion|Basculegion, L50, M|100/100
|switch|p2b: Whimsicott|Whimsicott, L50, M|100/100
|turn|1
|
|t:|1785511464
|move|p2b: Whimsicott|Protect|p2b: Whimsicott
|-singleturn|p2b: Whimsicott|Protect
|move|p1a: Talonflame|Protect|p1a: Talonflame
|-singleturn|p1a: Talonflame|Protect
|move|p1b: Sneasler|Fake Out|p2b: Whimsicott
|-activate|p2b: Whimsicott|move: Protect
|move|p2a: Basculegion|Wave Crash|p1a: Talonflame
|-activate|p1a: Talonflame|move: Protect
|
|upkeep
|turn|2
|
|t:|1785511491
|switch|p1b: Garchomp|Garchomp, L50, M|100/100
|move|p2b: Whimsicott|Encore|p1a: Talonflame
|-start|p1a: Talonflame|Encore
|move|p1a: Talonflame|Protect|p1a: Talonflame
|-singleturn|p1a: Talonflame|Protect
|move|p2a: Basculegion|Wave Crash|p1b: Garchomp
|-damage|p1b: Garchomp|9/100
|-damage|p2a: Basculegion|87/100|[from] ability: Rough Skin|[of] p1b: Garchomp
|-damage|p2a: Basculegion|61/100|[from] Recoil
|
|upkeep
|turn|3
|inactive|ttsui234 has 30 seconds left.
|inactive|ttsui234 has 20 seconds left.
|inactive|ttsui234 has 15 seconds left.
|
|t:|1785511533
|switch|p1a: Sneasler|Sneasler, L50, F|100/100
|move|p2b: Whimsicott|Moonblast|p1b: Garchomp
|-supereffective|p1b: Garchomp|1
|-damage|p1b: Garchomp|0 fnt
|faint|p1b: Garchomp
|move|p2a: Basculegion|Wave Crash|p1a: Sneasler
|-damage|p1a: Sneasler|0 fnt
|faint|p1a: Sneasler
|-damage|p2a: Basculegion|36/100|[from] Recoil
|
|upkeep
|
|t:|1785511536
|switch|p1a: Talonflame|Talonflame, L50, M|100/100
|switch|p1b: Froslass|Froslass, L50, F|100/100
|turn|4
|
|t:|1785511546
|detailschange|p1b: Froslass|Froslass-Mega, L50, F
|-mega|p1b: Froslass|Froslass|Froslassite
|-weather|Snowscape|[from] ability: Snow Warning|[of] p1b: Froslass
|move|p2b: Whimsicott|Tailwind|p2b: Whimsicott
|-sidestart|p2: palle synchro|move: Tailwind
|move|p2a: Basculegion|Aqua Jet|p1a: Talonflame
|-supereffective|p1a: Talonflame|1
|-damage|p1a: Talonflame|9/100
|move|p1a: Talonflame|Tailwind|p1a: Talonflame
|-sidestart|p1: ttsui234|move: Tailwind
|move|p1b: Froslass|Blizzard|p2b: Whimsicott|[spread] p2a,p2b
|-resisted|p2a: Basculegion|1
|-supereffective|p2b: Whimsicott|1
|-damage|p2a: Basculegion|9/100
|-enditem|p2b: Whimsicott|Focus Sash
|-damage|p2b: Whimsicott|1/100
|
|-weather|Snowscape|[upkeep]
|upkeep
|turn|5
|inactive|ttsui234 has 30 seconds left.
|inactive|ttsui234 has 20 seconds left.
|inactive|ttsui234 has 15 seconds left.
|
|t:|1785511588
|move|p2b: Whimsicott|Encore|p1b: Froslass
|-start|p1b: Froslass|Encore
|move|p2a: Basculegion|Aqua Jet|p1a: Talonflame
|-supereffective|p1a: Talonflame|1
|-damage|p1a: Talonflame|0 fnt
|faint|p1a: Talonflame
|move|p1b: Froslass|Blizzard|p2a: Basculegion|[spread] p2a,p2b
|-resisted|p2a: Basculegion|1
|-supereffective|p2b: Whimsicott|1
|-damage|p2a: Basculegion|0 fnt
|-damage|p2b: Whimsicott|0 fnt
|faint|p2a: Basculegion
|faint|p2b: Whimsicott
|
|-weather|Snowscape|[upkeep]
|upkeep
|
|t:|1785511592
|switch|p2b: Kingambit|Kingambit, L50, F|100/100
|switch|p2a: Floette|Floette-Eternal, L50, F|100/100
|turn|6
|-message|ttsui234 forfeited.
|
|win|palle synchro
