|j|☆Sapphire39
|j|☆uzuki0401
|html|Sapphire39uzuki0401    
|uhtml|bestof|Game 2 of a best-of-3
|t:|1782189543
|gametype|doubles
|player|p1|Sapphire39|rosa|
|player|p2|uzuki0401|will|
|gen|9
|tier|[Gen 9 Champions] VGC 2026 Reg M-B (Bo3)
|rule|Species Clause: Limit one of each Pokémon
|rule|Item Clause: Limit 1 of each item
|clearpoke
|poke|p1|Sinistcha, L50|
|poke|p1|Incineroar, L50, M|
|poke|p1|Milotic, L50, F|
|poke|p1|Raichu, L50, M|
|poke|p1|Floette-Eternal, L50, F|
|poke|p1|Ceruledge, L50, F|
|poke|p2|Scrafty, L50, F|
|poke|p2|Staraptor, L50, M|
|poke|p2|Whimsicott, L50, F|
|poke|p2|Torkoal, L50, F|
|poke|p2|Basculegion, L50, M|
|poke|p2|Floette-Eternal, L50, F|
|teampreview|4
|showteam|p1|Sinistcha||KasibBerry|Hospitality|MatchaGotcha,LifeDew,RagePowder,Protect|Relaxed|||||50|]Incineroar||SitrusBerry|Intimidate|FlareBlitz,ThroatChop,FakeOut,PartingShot|Impish||M|||50|]Milotic||Leftovers|Competitive|MuddyWater,Coil,Hypnosis,Protect|Calm||F|||50|]Raichu||RaichuniteY|LightningRod|ZapCannon,FocusBlast,FakeOut,Protect|Timid||M|||50|]Floette-Eternal||Floettite|FlowerVeil|DazzlingGleam,DrainingKiss,CalmMind,Protect|Timid||F|||50|]Ceruledge||ColburBerry|FlashFire|BitterBlade,ShadowSneak,BulkUp,Protect|Adamant||F|||50|
|showteam|p2|Scrafty||Scraftinite|Intimidate|FakeOut,Protect,KnockOff,CloseCombat|Serious||F|||50|]Staraptor||ChoiceScarf|Intimidate|DoubleEdge,FinalGambit,Uturn,BraveBird|Jolly||M|||50|]Whimsicott||FocusSash|Prankster|Encore,Tailwind,TrickRoom,Moonblast|Modest||F|||50|]Torkoal||Charcoal|Drought|Eruption,HeatWave,SolarBeam,WeatherBall|Quiet||F|||50|]Basculegion||LifeOrb|Adaptability|WaveCrash,LastRespects,AquaJet,Protect|Adamant||M|||50|]Floette-Eternal||Floettite|FlowerVeil|Protect,Moonblast,LightofRuin,DazzlingGleam|Modest||F|||50|
|
|t:|1782189606
|teamsize|p1|4
|teamsize|p2|4
|start
|switch|p1a: Incineroar|Incineroar, L50, M|100/100
|switch|p1b: Milotic|Milotic, L50, F|100/100
|switch|p2a: Floette|Floette-Eternal, L50, F|100/100
|switch|p2b: Whimsicott|Whimsicott, L50, F|100/100
|-ability|p1a: Incineroar|Intimidate|boost
|-unboost|p2a: Floette|atk|1
|-block|p2b: Whimsicott|ability: Flower Veil|[of] p2a: Floette
|turn|1
|inactive|Battle timer is ON: inactive players will automatically lose when time's up. (requested by uzuki0401)
|
|t:|1782189649
|detailschange|p2a: Floette|Floette-Mega, L50, F
|-mega|p2a: Floette|Floette|Floettite
|-ability|p2a: Floette|Fairy Aura
|move|p2a: Floette|Protect|p2a: Floette
|-singleturn|p2a: Floette|Protect
|move|p1a: Incineroar|Fake Out|p2a: Floette
|-activate|p2a: Floette|move: Protect
|move|p2b: Whimsicott|Moonblast|p1b: Milotic
|-damage|p1b: Milotic|68/100
|move|p1b: Milotic|Muddy Water|p2a: Floette|[spread] 
|-activate|p2a: Floette|move: Protect
|-miss|p1b: Milotic|p2b: Whimsicott
|
|-heal|p1b: Milotic|74/100|[from] item: Leftovers
|upkeep
|turn|2
|
|t:|1782189672
|switch|p1b: Ceruledge|Ceruledge, L50, F|100/100
|move|p2b: Whimsicott|Moonblast|p1a: Incineroar
|-damage|p1a: Incineroar|51/100
|move|p2a: Floette|Moonblast|p1a: Incineroar
|-damage|p1a: Incineroar|0 fnt
|faint|p1a: Incineroar
|
|upkeep
|
|t:|1782189692
|switch|p1a: Floette|Floette-Eternal, L50, F|100/100
|turn|3
|inactive|Sapphire39 has 30 seconds left.
|
|t:|1782189718
|detailschange|p1a: Floette|Floette-Mega, L50, F
|-mega|p1a: Floette|Floette|Floettite
|-ability|p1a: Floette|Fairy Aura
|move|p2b: Whimsicott|Tailwind|p2b: Whimsicott
|-sidestart|p2: uzuki0401|move: Tailwind
|move|p2a: Floette|Moonblast|p1a: Floette
|-crit|p1a: Floette
|-damage|p1a: Floette|0 fnt
|faint|p1a: Floette
|move|p1b: Ceruledge|Bitter Blade|p2b: Whimsicott
|-supereffective|p2b: Whimsicott|1
|-enditem|p2b: Whimsicott|Focus Sash
|-damage|p2b: Whimsicott|1/100
|
|upkeep
|
|t:|1782189730
|switch|p1a: Milotic|Milotic, L50, F|74/100
|turn|4
|
|t:|1782189745
|move|p2b: Whimsicott|Encore|p1b: Ceruledge
|-start|p1b: Ceruledge|Encore
|move|p2a: Floette|Light of Ruin|p1a: Milotic
|-damage|p1a: Milotic|0 fnt
|faint|p1a: Milotic
|-damage|p2a: Floette|56/100|[from] Recoil
|move|p1b: Ceruledge|Bitter Blade|p2b: Whimsicott
|-supereffective|p2b: Whimsicott|1
|-damage|p2b: Whimsicott|0 fnt
|faint|p2b: Whimsicott
|
|upkeep
|
|t:|1782189755
|switch|p2b: Basculegion|Basculegion, L50, M|100/100
|turn|5
|
|t:|1782189762
|move|p2a: Floette|Moonblast|p1b: Ceruledge
|-resisted|p1b: Ceruledge|1
|-damage|p1b: Ceruledge|64/100
|move|p2b: Basculegion|Last Respects|p1b: Ceruledge
|-supereffective|p1b: Ceruledge|1
|-damage|p1b: Ceruledge|0 fnt
|faint|p1b: Ceruledge
|-damage|p2b: Basculegion|90/100|[from] item: Life Orb
|
|win|uzuki0401
||uzuki0401 is ready for game 3.
