|j|☆Luzeleah
|j|☆MakeIt(C)RAIn
|html|LuzeleahMakeIt(C)RAIn    
|uhtml|bestof|Game 2 of a best-of-3
|t:|1756306435
|gametype|doubles
|player|p1|Luzeleah|lacey|
|player|p2|MakeIt(C)RAIn|101|
|gen|9
|tier|[Gen 9] VGC 2025 Reg H (Bo3)
|rule|Species Clause: Limit one of each Pokémon
|rule|Item Clause: Limit 1 of each item
|clearpoke
|poke|p1|Spewpa, L50, F|
|poke|p1|Dragonite, L50, F|
|poke|p1|Incineroar, L50, F|
|poke|p1|Ursaluna-Bloodmoon, L50, M|
|poke|p1|Amoonguss, L50, F|
|poke|p1|Gholdengo, L50|
|poke|p2|Maushold-Four, L50|
|poke|p2|Archaludon, L50, F|
|poke|p2|Pelipper, L50, M|
|poke|p2|Basculegion, L50, M|
|poke|p2|Annihilape, L50, M|
|poke|p2|Farigiraf, L50, M|
|teampreview|4
|showteam|p1|Spewpa||Eviolite|FriendGuard|StruggleBug,RagePowder,StringShot,Protect|||F|||50|,,,,,Dark]Dragonite||LoadedDice|Multiscale|ScaleShot,ExtremeSpeed,Tailwind,Protect|||F|||50|,,,,,Fairy]Incineroar||SafetyGoggles|Intimidate|FakeOut,FlareBlitz,KnockOff,PartingShot|||F|||50|,,,,,Bug]Ursaluna-Bloodmoon||AssaultVest|MindsEye|HyperVoice,BloodMoon,EarthPower,VacuumWave|||M|||50|,,,,,Normal]Amoonguss||RockyHelmet|Regenerator|PollenPuff,ClearSmog,Spore,RagePowder|||F|||50|,,,,,Water]Gholdengo||LifeOrb|GoodasGold|MakeItRain,ShadowBall,NastyPlot,Protect||||||50|,,,,,Water
|showteam|p2|Maushold-Four||SafetyGoggles|FriendGuard|FollowMe,BeatUp,Taunt,Protect||||||50|,,,,,Bug]Archaludon||AssaultVest|Stamina|BodyPress,ElectroShot,DragonPulse,Snarl|||F|||50|,,,,,Grass]Pelipper||FocusSash|Drizzle|WeatherBall,Hurricane,WideGuard,Tailwind|||M|||50|,,,,,Grass]Basculegion||ChoiceScarf|SwiftSwim|LastRespects,FlipTurn,AquaJet,WaveCrash|||M|||50|,,,,,Ghost]Annihilape||Leftovers|Defiant|DrainPunch,RageFist,FinalGambit,Protect|||M|||50|,,,,,Dark]Farigiraf||SitrusBerry|ArmorTail|PsychicNoise,Protect,TrickRoom,Imprison|||M|||50|,,,,,Fairy
|inactive|Battle timer is ON: inactive players will automatically lose when time's up. (requested by MakeIt(C)RAIn)
|
|t:|1756306479
|teamsize|p1|4
|teamsize|p2|4
|start
|switch|p1a: Gholdengo|Gholdengo, L50|100/100
|switch|p1b: Ursaluna|Ursaluna-Bloodmoon, L50, M|100/100
|switch|p2a: Maushold|Maushold-Four, L50, shiny|100/100
|switch|p2b: Annihilape|Annihilape, L50, M, shiny|100/100
|turn|1
|inactive|Luzeleah has 30 seconds left.
|
|t:|1756306506
|-terastallize|p2b: Annihilape|Dark
|move|p1a: Gholdengo|Protect|p1a: Gholdengo
|-singleturn|p1a: Gholdengo|Protect
|move|p2a: Maushold|Beat Up|p2b: Annihilape
|-resisted|p2b: Annihilape
|-damage|p2b: Annihilape|99/100
|-resisted|p2b: Annihilape
|-damage|p2b: Annihilape|99/100
|-resisted|p2b: Annihilape
|-damage|p2b: Annihilape|99/100
|-resisted|p2b: Annihilape
|-damage|p2b: Annihilape|99/100
|-hitcount|p2b: Annihilape|4
|move|p2b: Annihilape|Rage Fist|p1a: Gholdengo
|-activate|p1a: Gholdengo|move: Protect
|move|p1b: Ursaluna|Blood Moon|p2a: Maushold
|-damage|p2a: Maushold|22/100
|
|-heal|p2b: Annihilape|100/100|[from] item: Leftovers
|upkeep
|turn|2
|inactive|Luzeleah has 30 seconds left.
|inactive|MakeIt(C)RAIn has 30 seconds left.
|inactive|Luzeleah has 20 seconds left.
|inactive|Luzeleah has 15 seconds left.
|inactive|Luzeleah has 10 seconds left.
|
|t:|1756306554
|switch|p1a: Amoonguss|Amoonguss, L50, F|100/100
|move|p2a: Maushold|Follow Me|p2a: Maushold
|-singleturn|p2a: Maushold|move: Follow Me
|move|p2b: Annihilape|Rage Fist|p1a: Amoonguss
|-damage|p1a: Amoonguss|16/100
|-damage|p2b: Annihilape|84/100|[from] item: Rocky Helmet|[of] p1a: Amoonguss
|move|p1b: Ursaluna|Hyper Voice|p2b: Annihilape|[spread] p2a,p2b
|-damage|p2a: Maushold|0 fnt
|-damage|p2b: Annihilape|65/100
|faint|p2a: Maushold
|
|-heal|p2b: Annihilape|71/100|[from] item: Leftovers
|upkeep
|
|t:|1756306558
|switch|p2a: Pelipper|Pelipper, L50, M|100/100
|-weather|RainDance|[from] ability: Drizzle|[of] p2a: Pelipper
|turn|3
|inactive|Luzeleah has 30 seconds left.
|
|t:|1756306589
|-terastallize|p1b: Ursaluna|Normal
|move|p1a: Amoonguss|Rage Powder|p1a: Amoonguss
|-singleturn|p1a: Amoonguss|move: Rage Powder
|move|p2b: Annihilape|Rage Fist|p1a: Amoonguss
|-crit|p1a: Amoonguss
|-damage|p1a: Amoonguss|0 fnt
|-damage|p2b: Annihilape|54/100|[from] item: Rocky Helmet|[of] p1a: Amoonguss
|faint|p1a: Amoonguss
|move|p2a: Pelipper|Weather Ball|p1b: Ursaluna
|-damage|p1b: Ursaluna|66/100
|move|p1b: Ursaluna|Blood Moon|p2b: Annihilape
|-damage|p2b: Annihilape|0 fnt
|faint|p2b: Annihilape
|
|-weather|RainDance|[upkeep]
|upkeep
|
|t:|1756306611
|switch|p2b: Archaludon|Archaludon, L50, F|100/100
|switch|p1a: Dragonite|Dragonite, L50, F|100/100
|turn|4
|inactive|MakeIt(C)RAIn has 30 seconds left.
|
|t:|1756306640
|move|p1a: Dragonite|Tailwind|p1a: Dragonite
|-sidestart|p1: Luzeleah|move: Tailwind
|move|p1b: Ursaluna|Earth Power|p2b: Archaludon
|-supereffective|p2b: Archaludon
|-damage|p2b: Archaludon|22/100
|-ability|p2b: Archaludon|Stamina|boost
|-boost|p2b: Archaludon|def|1
|move|p2b: Archaludon|Snarl|p1a: Dragonite|[spread] p1a
|-miss|p2b: Archaludon|p1b: Ursaluna
|-damage|p1a: Dragonite|94/100
|-unboost|p1a: Dragonite|spa|1
|move|p2a: Pelipper|Weather Ball|p1b: Ursaluna
|-crit|p1b: Ursaluna
|-damage|p1b: Ursaluna|14/100
|
|-weather|RainDance|[upkeep]
|upkeep
|turn|5
|inactive|MakeIt(C)RAIn has 30 seconds left.
|
|t:|1756306673
|move|p1a: Dragonite|Scale Shot|p2a: Pelipper
|-damage|p2a: Pelipper|84/100
|-damage|p2a: Pelipper|67/100
|-damage|p2a: Pelipper|49/100
|-damage|p2a: Pelipper|32/100
|-hitcount|p2a: Pelipper|4
|-unboost|p1a: Dragonite|def|1
|-boost|p1a: Dragonite|spe|1
|move|p1b: Ursaluna|Earth Power|p2b: Archaludon
|-supereffective|p2b: Archaludon
|-damage|p2b: Archaludon|0 fnt
|faint|p2b: Archaludon
|move|p2a: Pelipper|Weather Ball|p1b: Ursaluna
|-damage|p1b: Ursaluna|0 fnt
|faint|p1b: Ursaluna
|
|-weather|RainDance|[upkeep]
|upkeep
|
|t:|1756306684
|switch|p1b: Gholdengo|Gholdengo, L50|100/100
|turn|6
|
|t:|1756306699
|move|p1a: Dragonite|Extreme Speed|p2a: Pelipper
|-damage|p2a: Pelipper|0 fnt
|faint|p2a: Pelipper
|
|win|Luzeleah
||Luzeleah is ready for game 3.
||MakeIt(C)RAIn is ready for game 3.
|uhtml|next|Next: Game 3 of 3
