|j|☆aHpEl
|j|☆rycully
|html|aHpElrycully    
|uhtml|bestof|Game 3 of a best-of-3
|t:|1783480778
|gametype|doubles
|player|p1|aHpEl|1|1128
|player|p2|rycully|morty|1053
|gen|9
|tier|[Gen 9 Champions] VGC 2026 Reg M-B (Bo3)
|rated|
|rule|Species Clause: Limit one of each Pokémon
|rule|Item Clause: Limit 1 of each item
|clearpoke
|poke|p1|Froslass, L50, F|
|poke|p1|Arcanine-Hisui, L50, M|
|poke|p1|Kingambit, L50, F|
|poke|p1|Sneasler, L50, F|
|poke|p1|Basculegion, L50, M|
|poke|p1|Scovillain, L50, M|
|poke|p2|Grimmsnarl, L50, M|
|poke|p2|Hydreigon, L50, M|
|poke|p2|Garchomp, L50, F|
|poke|p2|Metagross, L50|
|poke|p2|Charizard, L50, M|
|poke|p2|Toxapex, L50, F|
|teampreview|4
|showteam|p1|Froslass||Froslassite|CursedBody|Blizzard,AuroraVeil,ShadowBall,Protect|Timid||F|||50|]Arcanine-Hisui||LifeOrb|RockHead|HeadSmash,FlareBlitz,RockSlide,Protect|Jolly||M|||50|]Kingambit||BlackGlasses|Defiant|KowtowCleave,SuckerPunch,Protect,IronHead|Adamant||F|||50|]Sneasler||FocusSash|Pressure|CloseCombat,FakeOut,DireClaw,Protect|Adamant||F|||50|]Basculegion||SitrusBerry|Adaptability|WaveCrash,LastRespects,AquaJet,Protect|Adamant||M|||50|]Scovillain||Scovillainite|Chlorophyll|RagePowder,Protect,Overheat,GigaDrain|Bold||M|||50|
|showteam|p2|Grimmsnarl||RoseliBerry|Prankster|FakeOut,FoulPlay,Reflect,PartingShot|Sassy||M|||50|]Hydreigon||ChoiceScarf|Levitate|DarkPulse,DracoMeteor,Snarl,HeatWave|Modest||M|||50|]Garchomp||SitrusBerry|RoughSkin|Earthquake,DragonClaw,RockSlide,Protect|Adamant||F|||50|]Metagross||Metagrossite|ClearBody|IronHead,BulletPunch,HammerArm,Protect|Adamant|||||50|]Charizard||CharizarditeY|Blaze|HeatWave,SolarBeam,WeatherBall,Protect|Timid||M|||50|]Toxapex||Leftovers|Regenerator|Infestation,Toxic,WideGuard,BanefulBunker|Impish||F|||50|
|inactive|Battle timer is ON: inactive players will automatically lose when time's up. (requested by rycully)
|inactive|aHpEl has 60 seconds left.
|
|t:|1783480830
|teamsize|p1|4
|teamsize|p2|4
|start
|switch|p1a: Froslass|Froslass, L50, F|100/100
|switch|p1b: Basculegion|Basculegion, L50, M|100/100
|switch|p2a: Grimmsnarl|Grimmsnarl, L50, M|100/100
|switch|p2b: Hydreigon|Hydreigon, L50, M|100/100
|turn|1
|
|t:|1783480849
|detailschange|p1a: Froslass|Froslass-Mega, L50, F
|-mega|p1a: Froslass|Froslass|Froslassite
|-weather|Snowscape|[from] ability: Snow Warning|[of] p1a: Froslass
|move|p2a: Grimmsnarl|Parting Shot|p1a: Froslass
|-unboost|p1a: Froslass|atk|1
|-unboost|p1a: Froslass|spa|1
|
|t:|1783480854
|switch|p2a: Toxapex|Toxapex, L50, F|100/100|[from] Parting Shot
|move|p2b: Hydreigon|Snarl|p1a: Froslass|[spread] p1a,p1b
|-supereffective|p1a: Froslass|1
|-supereffective|p1b: Basculegion|1
|-damage|p1a: Froslass|59/100
|-damage|p1b: Basculegion|53/100
|-unboost|p1a: Froslass|spa|1
|-unboost|p1b: Basculegion|spa|1
|move|p1a: Froslass|Blizzard|p2b: Hydreigon|[spread] p2a,p2b
|-resisted|p2a: Toxapex|1
|-supereffective|p2b: Hydreigon|1
|-damage|p2a: Toxapex|92/100
|-damage|p2b: Hydreigon|55/100
|move|p1b: Basculegion|Wave Crash|p2a: Toxapex
|-resisted|p2a: Toxapex|1
|-damage|p2a: Toxapex|68/100
|-damage|p1b: Basculegion|47/100|[from] Recoil
|-enditem|p1b: Basculegion|Sitrus Berry|[eat]
|-heal|p1b: Basculegion|72/100|[from] item: Sitrus Berry
|
|-weather|Snowscape|[upkeep]
|-heal|p2a: Toxapex|73/100|[from] item: Leftovers
|upkeep
|turn|2
|inactive|aHpEl has 30 seconds left.
|
|t:|1783480888
|switch|p1a: Sneasler|Sneasler, L50, F|100/100
|-ability|p1a: Sneasler|Pressure
|move|p1b: Basculegion|Protect|p1b: Basculegion
|-singleturn|p1b: Basculegion|Protect
|move|p2a: Toxapex|Wide Guard|p2a: Toxapex
|-singleturn|p2a: Toxapex|Wide Guard
|move|p2b: Hydreigon|Snarl|p1b: Basculegion|[spread] p1a
|-activate|p1b: Basculegion|move: Protect
|-resisted|p1a: Sneasler|1
|-damage|p1a: Sneasler|84/100
|-unboost|p1a: Sneasler|spa|1
|
|-weather|Snowscape|[upkeep]
|-heal|p2a: Toxapex|79/100|[from] item: Leftovers
|upkeep
|turn|3
|inactive|aHpEl has 30 seconds left.
|inactive|rycully has 30 seconds left.
|
|t:|1783480914
|switch|p2b: Charizard|Charizard, L50, M|100/100
|-heal|p2a: Toxapex|100/100|[from] ability: Regenerator|[silent]
|switch|p2a: Grimmsnarl|Grimmsnarl, L50, M|100/100
|move|p1a: Sneasler|Dire Claw|p2b: Charizard
|-damage|p2b: Charizard|51/100
|move|p1b: Basculegion|Wave Crash|p2b: Charizard
|-supereffective|p2b: Charizard|1
|-damage|p2b: Charizard|0 fnt
|faint|p2b: Charizard
|-damage|p1b: Basculegion|58/100|[from] Recoil
|
|-weather|Snowscape|[upkeep]
|upkeep
|
|t:|1783480928
|switch|p2b: Hydreigon|Hydreigon, L50, M|55/100
|turn|4
|inactive|aHpEl has 30 seconds left.
|
|t:|1783480955
|move|p1a: Sneasler|Protect|p1a: Sneasler
|-singleturn|p1a: Sneasler|Protect
|move|p2b: Hydreigon|Draco Meteor|p1a: Sneasler
|-activate|p1a: Sneasler|move: Protect
|move|p1b: Basculegion|Wave Crash|p2a: Grimmsnarl
|-damage|p2a: Grimmsnarl|30/100
|-damage|p1b: Basculegion|37/100|[from] Recoil
|move|p2a: Grimmsnarl|Foul Play|p1b: Basculegion
|-supereffective|p1b: Basculegion|1
|-damage|p1b: Basculegion|0 fnt
|faint|p1b: Basculegion
|
|-weather|Snowscape|[upkeep]
|upkeep
|
|t:|1783480964
|switch|p1b: Froslass|Froslass-Mega, L50, F|59/100
|turn|5
|
|t:|1783480976
|move|p2b: Hydreigon|Draco Meteor|p1a: Sneasler
|-damage|p1a: Sneasler|0 fnt
|-unboost|p2b: Hydreigon|spa|2
|faint|p1a: Sneasler
|move|p1b: Froslass|Blizzard|p2a: Grimmsnarl|[spread] p2a,p2b
|-supereffective|p2b: Hydreigon|1
|-damage|p2a: Grimmsnarl|0 fnt
|-damage|p2b: Hydreigon|0 fnt
|faint|p2a: Grimmsnarl
|faint|p2b: Hydreigon
|
|-weather|none
|upkeep
|
|t:|1783480985
|switch|p1a: Arcanine|Arcanine-Hisui, L50, M|100/100
|switch|p2b: Toxapex|Toxapex, L50, F|100/100
|turn|6
|
|t:|1783480995
|move|p1b: Froslass|Shadow Ball|p2b: Toxapex
|-damage|p2b: Toxapex|70/100
|move|p1a: Arcanine|Head Smash|p2b: Toxapex
|-damage|p2b: Toxapex|10/100
|-damage|p1a: Arcanine|90/100|[from] item: Life Orb
|move|p2b: Toxapex|Toxic|p1a: Arcanine
|-status|p1a: Arcanine|tox
|
|-heal|p2b: Toxapex|15/100|[from] item: Leftovers
|-damage|p1a: Arcanine|84/100 tox|[from] psn
|upkeep
|turn|7
|c|☆rycully|gg!
|-message|rycully forfeited.
|
|win|aHpEl
|raw|aHpEl's rating: 1128 → 1148(+20 for winning)
|raw|rycully's rating: 1053 → 1039(-14 for losing)
|c|☆aHpEl|ggs wp
