|j|☆Gyaradostyranitar
|j|☆is_katabo
|html|Gyaradostyranitaris_katabo    
|uhtml|bestof|Game 2 of a best-of-3
|t:|1755003026
|gametype|doubles
|player|p1|Gyaradostyranitar|adaman|1294
|player|p2|is_katabo|caitlin|1261
|gen|9
|tier|[Gen 9] VGC 2025 Reg H (Bo3)
|rated|
|rule|Species Clause: Limit one of each Pokémon
|rule|Item Clause: Limit 1 of each item
|clearpoke
|poke|p1|Incineroar, L50, F|
|poke|p1|Pelipper, L50, F|
|poke|p1|Sinistcha, L50|
|poke|p1|Archaludon, L50, F|
|poke|p1|Dragonite, L50, M|
|poke|p1|Ursaluna, L50, F|
|poke|p2|Incineroar, L50, F|
|poke|p2|Sneasler, L50, F|
|poke|p2|Porygon2, L50|
|poke|p2|Amoonguss, L50, F|
|poke|p2|Pelipper, L50, F|
|poke|p2|Archaludon, L50, M|
|teampreview|4
|showteam|p1|Incineroar||SafetyGoggles|Intimidate|FakeOut,FlareBlitz,KnockOff,PartingShot|||F|||50|,,,,,Ghost]Pelipper||FocusSash|Drizzle|Hurricane,MuddyWater,WideGuard,Protect|||F|||50|,,,,,Ghost]Sinistcha||SitrusBerry|Hospitality|MatchaGotcha,TrickRoom,LifeDew,RagePowder||||||50|,,,,,Dark]Archaludon||AssaultVest|Stamina|ElectroShot,Snarl,FlashCannon,BodyPress|||F|||50|,,,,,Bug]Dragonite||LoadedDice|Multiscale|ScaleShot,Tailwind,Haze,Protect|||M|||50|,,,,,Fairy]Ursaluna||FlameOrb|Guts|Earthquake,HeadlongRush,Facade,Protect|||F|||50|,,,,,Ghost
|showteam|p2|Incineroar||SafetyGoggles|Intimidate|FakeOut,KnockOff,FlareBlitz,PartingShot|||F|||50|,,,,,Ghost]Sneasler||WhiteHerb|Unburden|FakeOut,DireClaw,CloseCombat,Protect|||F|||50|,,,,,Stellar]Porygon2||Eviolite|Download|TeraBlast,IceBeam,Recover,TrickRoom||||||50|,,,,,Ground]Amoonguss||SitrusBerry|Regenerator|PollenPuff,RagePowder,Spore,Protect|||F|||50|,,,,,Water]Pelipper||FocusSash|Drizzle|MuddyWater,Hurricane,Tailwind,Protect|||F|||50|,,,,,Ghost]Archaludon||AssaultVest|Stamina|ElectroShot,FlashCannon,DracoMeteor,BodyPress|||M|||50|,,,,,Bug
|inactive|Battle timer is ON: inactive players will automatically lose when time's up. (requested by Gyaradostyranitar)
|inactive|Gyaradostyranitar has 60 seconds left.
|inactive|Gyaradostyranitar has 30 seconds left.
|inactive|Gyaradostyranitar has 20 seconds left.
|
|t:|1755003102
|teamsize|p1|4
|teamsize|p2|4
|start
|switch|p1a: Archaludon|Archaludon, L50, F|100/100
|switch|p1b: Pelipper|Pelipper, L50, F|100/100
|switch|p2a: HOT 2 GO!|Porygon2, L50|100/100
|switch|p2b: Wallsocket|Archaludon, L50, M|100/100
|-weather|RainDance|[from] ability: Drizzle|[of] p1b: Pelipper
|-ability|p2a: HOT 2 GO!|Download|boost
|-boost|p2a: HOT 2 GO!|spa|1
|turn|1
|inactive|Gyaradostyranitar has 30 seconds left.
|inactive|is_katabo has 30 seconds left.
|inactive|is_katabo has 20 seconds left.
|inactive|Gyaradostyranitar has 20 seconds left.
|inactive|Gyaradostyranitar has 15 seconds left.
|
|t:|1755003149
|move|p1a: Archaludon|Snarl|p2b: Wallsocket|[spread] p2a,p2b
|-damage|p2a: HOT 2 GO!|94/100
|-damage|p2b: Wallsocket|92/100
|-unboost|p2a: HOT 2 GO!|spa|1
|-unboost|p2b: Wallsocket|spa|1
|-ability|p2b: Wallsocket|Stamina|boost
|-boost|p2b: Wallsocket|def|1
|move|p1b: Pelipper|Muddy Water|p2a: HOT 2 GO!|[spread] p2b
|-miss|p1b: Pelipper|p2a: HOT 2 GO!
|-resisted|p2b: Wallsocket
|-damage|p2b: Wallsocket|76/100
|-ability|p2b: Wallsocket|Stamina|boost
|-boost|p2b: Wallsocket|def|1
|move|p2b: Wallsocket|Electro Shot||[still]
|-prepare|p2b: Wallsocket|Electro Shot
|-boost|p2b: Wallsocket|spa|1
|-anim|p2b: Wallsocket|Electro Shot|p1b: Pelipper
|-supereffective|p1b: Pelipper
|-enditem|p1b: Pelipper|Focus Sash
|-damage|p1b: Pelipper|1/100
|move|p2a: HOT 2 GO!|Ice Beam|p1b: Pelipper
|-damage|p1b: Pelipper|0 fnt
|faint|p1b: Pelipper
|
|-weather|RainDance|[upkeep]
|upkeep
|
|t:|1755003154
|switch|p1b: Ursaluna|Ursaluna, L50, F|100/100
|turn|2
|inactive|is_katabo has 30 seconds left.
|inactive|is_katabo has 20 seconds left.
|inactive|is_katabo has 15 seconds left.
|inactive|is_katabo has 10 seconds left.
|
|t:|1755003203
|-terastallize|p1a: Archaludon|Bug
|-terastallize|p2b: Wallsocket|Bug
|move|p1b: Ursaluna|Protect|p1b: Ursaluna
|-singleturn|p1b: Ursaluna|Protect
|move|p1a: Archaludon|Electro Shot||[still]
|-prepare|p1a: Archaludon|Electro Shot
|-boost|p1a: Archaludon|spa|1
|-anim|p1a: Archaludon|Electro Shot|p2a: HOT 2 GO!
|-damage|p2a: HOT 2 GO!|57/100
|move|p2b: Wallsocket|Draco Meteor|p1a: Archaludon
|-damage|p1a: Archaludon|53/100
|-unboost|p2b: Wallsocket|spa|2
|-ability|p1a: Archaludon|Stamina|boost
|-boost|p1a: Archaludon|def|1
|move|p2a: HOT 2 GO!|Ice Beam|p1b: Ursaluna
|-activate|p1b: Ursaluna|move: Protect
|
|-weather|RainDance|[upkeep]
|-status|p1b: Ursaluna|brn|[from] item: Flame Orb
|upkeep
|turn|3
|inactive|Gyaradostyranitar has 30 seconds left.
|
|t:|1755003231
|switch|p1b: Sinistcha|Sinistcha, L50|100/100
|-heal|p1a: Archaludon|78/100|[from] ability: Hospitality|[of] p1b: Sinistcha
|move|p1a: Archaludon|Electro Shot||[still]
|-prepare|p1a: Archaludon|Electro Shot
|-boost|p1a: Archaludon|spa|1
|-anim|p1a: Archaludon|Electro Shot|p2a: HOT 2 GO!
|-damage|p2a: HOT 2 GO!|14/100
|move|p2b: Wallsocket|Body Press|p1b: Sinistcha
|-immune|p1b: Sinistcha
|move|p2a: HOT 2 GO!|Ice Beam|p1b: Sinistcha
|-supereffective|p1b: Sinistcha
|-damage|p1b: Sinistcha|57/100
|
|-weather|RainDance|[upkeep]
|upkeep
|turn|4
|
|t:|1755003255
|switch|p2a: moneymachine|Incineroar, L50, F, shiny|100/100
|-ability|p2a: moneymachine|Intimidate|boost
|-unboost|p1a: Archaludon|atk|1
|-unboost|p1b: Sinistcha|atk|1
|move|p1a: Archaludon|Electro Shot||[still]
|-prepare|p1a: Archaludon|Electro Shot
|-boost|p1a: Archaludon|spa|1
|-anim|p1a: Archaludon|Electro Shot|p2a: moneymachine
|-damage|p2a: moneymachine|28/100
|move|p2b: Wallsocket|Electro Shot||[still]
|-prepare|p2b: Wallsocket|Electro Shot
|-boost|p2b: Wallsocket|spa|1
|-anim|p2b: Wallsocket|Electro Shot|p1b: Sinistcha
|-resisted|p1b: Sinistcha
|-damage|p1b: Sinistcha|43/100
|-enditem|p1b: Sinistcha|Sitrus Berry|[eat]
|-heal|p1b: Sinistcha|68/100|[from] item: Sitrus Berry
|move|p1b: Sinistcha|Life Dew|p1b: Sinistcha|[spread] p1a,p1b
|-heal|p1a: Archaludon|100/100
|-heal|p1b: Sinistcha|93/100
|
|-weather|RainDance|[upkeep]
|upkeep
|turn|5
|-message|is_katabo forfeited.
|
|win|Gyaradostyranitar
|raw|Gyaradostyranitar's rating: 1294 → 1317(+23 for winning)
|raw|is_katabo's rating: 1261 → 1238(-23 for losing)
