|j|☆Blackwing2198
|j|☆CluelessInSeattle
|html|Blackwing2198CluelessInSeattle    
|uhtml|bestof|Game 2 of a best-of-3
|t:|1756837330
|gametype|doubles
|player|p1|Blackwing2198|102|1080
|player|p2|CluelessInSeattle|blaine|1089
|gen|9
|tier|[Gen 9] VGC 2025 Reg H (Bo3)
|rated|
|rule|Species Clause: Limit one of each Pokémon
|rule|Item Clause: Limit 1 of each item
|clearpoke
|poke|p1|Sneasler, L50, F|
|poke|p1|Smeargle, L50, F|
|poke|p1|Amoonguss, L50, M|
|poke|p1|Incineroar, L50, M|
|poke|p1|Pelipper, L50, F|
|poke|p1|Archaludon, L50, M|
|poke|p2|Ninetales-Alola, L50, M|
|poke|p2|Garchomp, L50, F|
|poke|p2|Dragonite, L50, M|
|poke|p2|Sneasler, L50, M|
|poke|p2|Gholdengo, L50|
|poke|p2|Electabuzz, L50, F|
|teampreview|4
|showteam|p1|Sneasler||SafetyGoggles|PoisonTouch|DireClaw,Protect,CloseCombat,TeraBlast|||F|||50|,,,,,Ground]Smeargle||FocusSash|Moody|Entrainment,FakeOut,FollowMe,Spore|||F|||50|,,,,,Grass]Amoonguss||RockyHelmet|Regenerator|PollenPuff,RagePowder,Protect,Spore|||M|||50|,,,,,Fairy]Incineroar||SitrusBerry|Intimidate|FakeOut,PartingShot,WillOWisp,KnockOff|||M|||50|,,,,,Water]Pelipper||CovertCloak|Drizzle|Tailwind,WideGuard,Protect,Hurricane|||F|||50|,,,,,Dark]Archaludon||AssaultVest|Stamina|BodyPress,ElectroShot,DracoMeteor,FlashCannon|||M|||50|,,,,,Fighting
|showteam|p2|Ninetales-Alola||CovertCloak|SnowWarning|Blizzard,IcyWind,AuroraVeil,Encore|||M|||50|,,,,,Fire]Garchomp||ClearAmulet|RoughSkin|Earthquake,StompingTantrum,DragonClaw,Protect|||F|||50|,,,,,Steel]Dragonite||LoadedDice|Multiscale|ScaleShot,Tailwind,Protect,Haze|||M|||50|,,,,,Fairy]Sneasler||FocusSash|Unburden|CloseCombat,DireClaw,FakeOut,Coaching|||M|||50|,,,,,Ghost]Gholdengo||LifeOrb|GoodasGold|MakeItRain,ShadowBall,NastyPlot,Protect||||||50|,,,,,Water]Electabuzz||Eviolite|VitalSpirit|Electroweb,Taunt,FollowMe,Protect|||F|||50|,,,,,Dragon
|
|t:|1756837351
|teamsize|p1|4
|teamsize|p2|4
|start
|switch|p1a: Pelipper|Pelipper, L50, F|100/100
|switch|p1b: Archaludon|Archaludon, L50, M|100/100
|switch|p2a: Sneasler|Sneasler, L50, M, shiny|100/100
|switch|p2b: Dragonite|Dragonite, L50, M, shiny|100/100
|-weather|RainDance|[from] ability: Drizzle|[of] p1a: Pelipper
|turn|1
|
|t:|1756837383
|-terastallize|p2b: Dragonite|Fairy
|move|p2a: Sneasler|Coaching|p2b: Dragonite
|-boost|p2b: Dragonite|atk|1
|-boost|p2b: Dragonite|def|1
|move|p1b: Archaludon|Electro Shot||[still]
|-prepare|p1b: Archaludon|Electro Shot
|-boost|p1b: Archaludon|spa|1
|-anim|p1b: Archaludon|Electro Shot|p2a: Sneasler
|-damage|p2a: Sneasler|2/100
|move|p2b: Dragonite|Scale Shot|p1a: Pelipper
|-damage|p1a: Pelipper|82/100
|-damage|p1a: Pelipper|65/100
|-damage|p1a: Pelipper|48/100
|-damage|p1a: Pelipper|30/100
|-hitcount|p1a: Pelipper|4
|-unboost|p2b: Dragonite|def|1
|-boost|p2b: Dragonite|spe|1
|move|p1a: Pelipper|Tailwind|p1a: Pelipper
|-sidestart|p1: Blackwing2198|move: Tailwind
|
|-weather|RainDance|[upkeep]
|upkeep
|turn|2
|
|t:|1756837419
|move|p1b: Archaludon|Flash Cannon|p2b: Dragonite
|-supereffective|p2b: Dragonite
|-damage|p2b: Dragonite|23/100
|move|p2b: Dragonite|Tailwind|p2b: Dragonite
|-sidestart|p2: CluelessInSeattle|move: Tailwind
|move|p2a: Sneasler|Close Combat|p1b: Archaludon
|-supereffective|p1b: Archaludon
|-damage|p1b: Archaludon|0 fnt
|-unboost|p2a: Sneasler|def|1
|-unboost|p2a: Sneasler|spd|1
|faint|p1b: Archaludon
|move|p1a: Pelipper|Hurricane|p2b: Dragonite
|-damage|p2b: Dragonite|0 fnt
|faint|p2b: Dragonite
|
|-weather|RainDance|[upkeep]
|upkeep
|
|t:|1756837434
|switch|p1b: Smeargle|Smeargle, L50, F, shiny|100/100
|switch|p2b: Electabuzz|Electabuzz, L50, F|100/100
|turn|3
|inactive|Battle timer is ON: inactive players will automatically lose when time's up. (requested by CluelessInSeattle)
|inactive|Blackwing2198 has 60 seconds left.
|
|t:|1756837487
|switch|p2a: Gholdengo|Gholdengo, L50|100/100
|switch|p1a: Sneasler|Sneasler, L50, F, shiny|100/100
|move|p1b: Smeargle|Fake Out|p2a: Gholdengo
|-immune|p2a: Gholdengo
|move|p2b: Electabuzz|Taunt|p1b: Smeargle
|-start|p1b: Smeargle|move: Taunt
|
|-weather|RainDance|[upkeep]
|-ability|p1b: Smeargle|Moody|boost
|-boost|p1b: Smeargle|def|2
|-unboost|p1b: Smeargle|spe|1
|upkeep
|turn|4
|inactive|CluelessInSeattle has 30 seconds left.
|
|t:|1756837517
|switch|p1b: Pelipper|Pelipper, L50, F|30/100
|move|p2b: Electabuzz|Follow Me|p2b: Electabuzz
|-singleturn|p2b: Electabuzz|move: Follow Me
|move|p1a: Sneasler|Dire Claw|p2b: Electabuzz
|-damage|p2b: Electabuzz|74/100
|move|p2a: Gholdengo|Nasty Plot|p2a: Gholdengo
|-boost|p2a: Gholdengo|spa|2
|
|-weather|RainDance|[upkeep]
|-sideend|p1: Blackwing2198|move: Tailwind
|upkeep
|turn|5
|inactive|Blackwing2198 has 30 seconds left.
|
|t:|1756837548
|move|p1a: Sneasler|Protect|p1a: Sneasler
|-singleturn|p1a: Sneasler|Protect
|move|p2b: Electabuzz|Follow Me|p2b: Electabuzz
|-singleturn|p2b: Electabuzz|move: Follow Me
|move|p2a: Gholdengo|Shadow Ball|p1b: Pelipper
|-crit|p1b: Pelipper
|-damage|p1b: Pelipper|0 fnt
|faint|p1b: Pelipper
|-damage|p2a: Gholdengo|91/100|[from] item: Life Orb
|
|-weather|none
|-sideend|p2: CluelessInSeattle|move: Tailwind
|upkeep
|
|t:|1756837554
|switch|p1b: Smeargle|Smeargle, L50, F, shiny|100/100
|turn|6
|
|t:|1756837574
|-terastallize|p1a: Sneasler|Ground
|move|p2b: Electabuzz|Follow Me|p2b: Electabuzz
|-singleturn|p2b: Electabuzz|move: Follow Me
|move|p1a: Sneasler|Tera Blast|p2b: Electabuzz|[anim] Tera Blast Ground
|-supereffective|p2b: Electabuzz
|-damage|p2b: Electabuzz|18/100
|move|p2a: Gholdengo|Make It Rain|p1b: Smeargle|[spread] p1a,p1b
|-damage|p1a: Sneasler|0 fnt
|-enditem|p1b: Smeargle|Focus Sash
|-damage|p1b: Smeargle|1/100
|-unboost|p2a: Gholdengo|spa|1
|faint|p1a: Sneasler
|-damage|p2a: Gholdengo|81/100|[from] item: Life Orb
|move|p1b: Smeargle|Entrainment|p2b: Electabuzz
|-ability|p2b: Electabuzz|Moody|Vital Spirit|[from] move: Entrainment|[of] p1b: Smeargle
|
|-ability|p1b: Smeargle|Moody|boost
|-boost|p1b: Smeargle|spe|2
|-unboost|p1b: Smeargle|spa|1
|-ability|p2b: Electabuzz|Moody|boost
|-boost|p2b: Electabuzz|spa|2
|-unboost|p2b: Electabuzz|spe|1
|upkeep
|turn|7
|-message|Blackwing2198 forfeited.
|
|win|CluelessInSeattle
|raw|Blackwing2198's rating: 1080 → 1059(-21 for losing)
|raw|CluelessInSeattle's rating: 1089 → 1115(+26 for winning)
|l|☆Blackwing2198
|player|p1|
|c|☆CluelessInSeattle|gg
