|j|☆phfg
|j|☆HowIsZacLee
|html|phfgHowIsZacLee    
|uhtml|bestof|Game 2 of a best-of-3
|t:|1756963614
|gametype|doubles
|player|p1|phfg|hilbert-wonderlauncher|1227
|player|p2|HowIsZacLee|gentleman-gen4dp|1107
|gen|9
|tier|[Gen 9] VGC 2025 Reg H (Bo3)
|rated|
|rule|Species Clause: Limit one of each Pokémon
|rule|Item Clause: Limit 1 of each item
|clearpoke
|poke|p1|Porygon2, L50|
|poke|p1|Incineroar, L50, F|
|poke|p1|Ursaluna-Bloodmoon, L50, M|
|poke|p1|Whimsicott, L50, F|
|poke|p1|Amoonguss, L50, M|
|poke|p1|Annihilape, L50, M|
|poke|p2|Dragonite, L50, M|
|poke|p2|Gholdengo, L50|
|poke|p2|Sneasler, L50, M|
|poke|p2|Garchomp, L50, M|
|poke|p2|Ninetales-Alola, L50, M|
|poke|p2|Arcanine-Hisui, L50, F|
|teampreview|4
|showteam|p1|Porygon2||Eviolite|Download|TeraBlast,IceBeam,Recover,TrickRoom||||||50|,,,,,Fighting]Incineroar||AssaultVest|Intimidate|FlareBlitz,KnockOff,FakeOut,Uturn|||F|||50|,,,,,Grass]Ursaluna-Bloodmoon||LifeOrb|MindsEye|BloodMoon,HyperVoice,EarthPower,Protect|||M|||50|,,,,,Normal]Whimsicott||CovertCloak|Prankster|Moonblast,Tailwind,Encore,BeatUp|||F|||50|,,,,,Water]Amoonguss||MentalHerb|Regenerator|Spore,RagePowder,PollenPuff,Protect|||M|||50|,,,,,Fairy]Annihilape||SafetyGoggles|Defiant|BulkUp,DrainPunch,RageFist,Protect|||M|||50|,,,,,Water
|showteam|p2|Dragonite||LoadedDice|Multiscale|ScaleShot,Tailwind,Haze,Protect|||M|||50|,,,,,Fairy]Gholdengo||LifeOrb|GoodasGold|MakeItRain,ShadowBall,NastyPlot,Protect||||||50|,,,,,Water]Sneasler||FocusSash|Unburden|CloseCombat,DireClaw,FakeOut,Coaching|||M|||50|,,,,,Stellar]Garchomp||ClearAmulet|RoughSkin|Earthquake,StompingTantrum,DragonClaw,Protect|||M|||50|,,,,,Steel]Ninetales-Alola||ChoiceSpecs|SnowWarning|Blizzard,IcyWind,Moonblast,FreezeDry|||M|||50|,,,,,Ghost]Arcanine-Hisui||MirrorHerb|Intimidate|RockSlide,FlareBlitz,ExtremeSpeed,Protect|||F|||50|,,,,,Ghost
|j| pokemonkorea co kr
|inactive|Battle timer is ON: inactive players will automatically lose when time's up. (requested by HowIsZacLee)
|
|t:|1756963661
|teamsize|p1|4
|teamsize|p2|4
|start
|switch|p1a: Incineroar|Incineroar, L50, F|100/100
|switch|p1b: Annihilape|Annihilape, L50, M|100/100
|switch|p2a: Gholdeggo|Gholdengo, L50|100/100
|switch|p2b: icetile|Ninetales-Alola, L50, M|100/100
|-weather|Snowscape|[from] ability: Snow Warning|[of] p2b: icetile
|-ability|p1a: Incineroar|Intimidate|boost
|-unboost|p2a: Gholdeggo|atk|1
|-unboost|p2b: icetile|atk|1
|turn|1
|inactive|phfg has 30 seconds left.
|inactive|phfg has 20 seconds left.
|inactive|phfg has 15 seconds left.
|
|t:|1756963702
|-terastallize|p2a: Gholdeggo|Water
|move|p1b: Annihilape|Protect|p1b: Annihilape
|-singleturn|p1b: Annihilape|Protect
|move|p2b: icetile|Blizzard|p1a: Incineroar|[spread] p1a
|-activate|p1b: Annihilape|move: Protect
|-resisted|p1a: Incineroar
|-damage|p1a: Incineroar|86/100
|move|p2a: Gholdeggo|Nasty Plot|p2a: Gholdeggo
|-boost|p2a: Gholdeggo|spa|2
|move|p1a: Incineroar|Knock Off|p2b: icetile
|-resisted|p2b: icetile
|-damage|p2b: icetile|79/100
|-enditem|p2b: icetile|Choice Specs|[from] move: Knock Off|[of] p1a: Incineroar
|
|-weather|Snowscape|[upkeep]
|upkeep
|turn|2
|inactive|phfg has 30 seconds left.
|inactive|HowIsZacLee has 30 seconds left.
|
|t:|1756963731
|switch|p1b: Amoonguss|Amoonguss, L50, M|100/100
|move|p2b: icetile|Freeze-Dry|p1b: Amoonguss
|-supereffective|p1b: Amoonguss
|-damage|p1b: Amoonguss|59/100
|move|p2a: Gholdeggo|Make It Rain|p1a: Incineroar|[spread] p1a,p1b
|-resisted|p1a: Incineroar
|-damage|p1a: Incineroar|48/100
|-damage|p1b: Amoonguss|0 fnt
|-unboost|p2a: Gholdeggo|spa|1
|faint|p1b: Amoonguss
|-damage|p2a: Gholdeggo|91/100|[from] item: Life Orb
|move|p1a: Incineroar|Flare Blitz|p2b: icetile
|-supereffective|p2b: icetile
|-damage|p2b: icetile|0 fnt
|faint|p2b: icetile
|-damage|p1a: Incineroar|29/100|[from] Recoil
|
|-weather|Snowscape|[upkeep]
|upkeep
|
|t:|1756963750
|switch|p2b: scale shot misses|Dragonite, L50, M, shiny|100/100
|switch|p1b: Annihilape|Annihilape, L50, M|100/100
|turn|3
|
|t:|1756963773
|-terastallize|p1b: Annihilape|Water
|move|p1b: Annihilape|Bulk Up|p1b: Annihilape
|-boost|p1b: Annihilape|atk|1
|-boost|p1b: Annihilape|def|1
|move|p2a: Gholdeggo|Make It Rain|p1a: Incineroar|[spread] p1a,p1b
|-resisted|p1a: Incineroar
|-resisted|p1b: Annihilape
|-damage|p1a: Incineroar|1/100
|-damage|p1b: Annihilape|68/100
|-unboost|p2a: Gholdeggo|spa|1
|-damage|p2a: Gholdeggo|81/100|[from] item: Life Orb
|move|p2b: scale shot misses|Scale Shot|p1b: Annihilape
|-damage|p1b: Annihilape|58/100
|-damage|p1b: Annihilape|48/100
|-damage|p1b: Annihilape|37/100
|-damage|p1b: Annihilape|26/100
|-hitcount|p1b: Annihilape|4
|-unboost|p2b: scale shot misses|def|1
|-boost|p2b: scale shot misses|spe|1
|move|p1a: Incineroar|U-turn|p2b: scale shot misses
|-resisted|p2b: scale shot misses
|-damage|p2b: scale shot misses|92/100
|
|t:|1756963793
|switch|p1a: Porygon2|Porygon2, L50|100/100|[from] U-turn
|-ability|p1a: Porygon2|Download|boost
|-boost|p1a: Porygon2|atk|1
|
|-weather|Snowscape|[upkeep]
|upkeep
|turn|4
|
|t:|1756963812
|move|p1b: Annihilape|Protect|p1b: Annihilape
|-singleturn|p1b: Annihilape|Protect
|move|p2b: scale shot misses|Haze|p2b: scale shot misses
|-clearallboost
|move|p2a: Gholdeggo|Shadow Ball|p1b: Annihilape
|-activate|p1b: Annihilape|move: Protect
|move|p1a: Porygon2|Ice Beam|p2b: scale shot misses
|-supereffective|p2b: scale shot misses
|-damage|p2b: scale shot misses|0 fnt
|faint|p2b: scale shot misses
|
|-weather|Snowscape|[upkeep]
|upkeep
|
|t:|1756963817
|switch|p2b: faketile|Sneasler, L50, M, shiny|100/100
|turn|5
|inactive|phfg has 30 seconds left.
|inactive|phfg has 20 seconds left.
|inactive|phfg has 15 seconds left.
|inactive|phfg has 10 seconds left.
|
|t:|1756963864
|switch|p1b: Incineroar|Incineroar, L50, F|1/100
|-ability|p1b: Incineroar|Intimidate|boost
|-unboost|p2a: Gholdeggo|atk|1
|-unboost|p2b: faketile|atk|1
|move|p2b: faketile|Close Combat|p1a: Porygon2
|-supereffective|p1a: Porygon2
|-damage|p1a: Porygon2|44/100
|-unboost|p2b: faketile|def|1
|-unboost|p2b: faketile|spd|1
|move|p2a: Gholdeggo|Shadow Ball|p1b: Incineroar
|-resisted|p1b: Incineroar
|-damage|p1b: Incineroar|0 fnt
|faint|p1b: Incineroar
|-damage|p2a: Gholdeggo|72/100|[from] item: Life Orb
|move|p1a: Porygon2|Tera Blast|p2b: faketile
|-damage|p2b: faketile|25/100
|
|-weather|none
|upkeep
|
|t:|1756963874
|switch|p1b: Annihilape|Annihilape, L50, M, tera:Water|26/100
|turn|6
|c|☆HowIsZacLee|Gg
|
|t:|1756963891
|move|p2b: faketile|Close Combat|p1a: Porygon2
|-supereffective|p1a: Porygon2
|-damage|p1a: Porygon2|0 fnt
|-unboost|p2b: faketile|def|1
|-unboost|p2b: faketile|spd|1
|faint|p1a: Porygon2
|move|p1b: Annihilape|Drain Punch|p2b: faketile
|-resisted|p2b: faketile
|-damage|p2b: faketile|0 fnt
|-heal|p1b: Annihilape|36/100|[from] drain|[of] p2b: faketile
|faint|p2b: faketile
|move|p2a: Gholdeggo|Make It Rain|p1b: Annihilape
|-resisted|p1b: Annihilape
|-damage|p1b: Annihilape|2/100
|-unboost|p2a: Gholdeggo|spa|1
|-damage|p2a: Gholdeggo|62/100|[from] item: Life Orb
|
|upkeep
|turn|7
|
|t:|1756963900
|move|p1b: Annihilape|Rage Fist|p2a: Gholdeggo
|-damage|p2a: Gholdeggo|0 fnt
|faint|p2a: Gholdeggo
|
|win|phfg
||phfg is ready for game 3.
||HowIsZacLee is ready for game 3.
|uhtml|next|Next: Game 3 of 3
|l| pokemonkorea co kr
|l|☆phfg
|player|p1|
