|j|☆17nicoo
|j|☆the_frantic_franxx
|html|17nicoothe_frantic_franxx    
|uhtml|bestof|Game 2 of a best-of-3
|t:|1783535615
|gametype|doubles
|player|p1|17nicoo|1|1154
|player|p2|the_frantic_franxx|169|1249
|gen|9
|tier|[Gen 9 Champions] VGC 2026 Reg M-B (Bo3)
|rated|
|rule|Species Clause: Limit one of each Pokémon
|rule|Item Clause: Limit 1 of each item
|clearpoke
|poke|p1|Sneasler, L50, M|
|poke|p1|Blastoise, L50, M|
|poke|p1|Kingambit, L50, M|
|poke|p1|Incineroar, L50, M|
|poke|p1|Delphox, L50, F|
|poke|p1|Sinistcha, L50|
|poke|p2|Charizard, L50, F|
|poke|p2|Toxapex, L50, M|
|poke|p2|Garchomp, L50, M|
|poke|p2|Hydreigon, L50, M|
|poke|p2|Metagross, L50|
|poke|p2|Incineroar, L50, F|
|teampreview|4
|showteam|p1|Sneasler||FocusSash|PoisonTouch|PoisonJab,CloseCombat,FakeOut,QuickGuard|Jolly||M|||50|]Blastoise||Blastoisinite|RainDish|DarkPulse,WaterSpout,ShellSmash,Protect|Modest||M|||50|]Kingambit||BlackGlasses|Defiant|KowtowCleave,SuckerPunch,SwordsDance,Protect|Adamant||M|||50|]Incineroar||SitrusBerry|Intimidate|FlareBlitz,HelpingHand,PartingShot,FakeOut|Careful||M|||50|]Delphox||Delphoxite|Blaze|HeatWave,NastyPlot,Psyshock,Protect|Modest||F|||50|]Sinistcha||KasibBerry|Hospitality|MatchaGotcha,RagePowder,TrickRoom,Protect|Bold|||||50|
|showteam|p2|Charizard||CharizarditeY|SolarPower|HeatWave,WeatherBall,Protect,SolarBeam|Timid||F|||50|]Toxapex||Leftovers|Regenerator|BanefulBunker,Toxic,WideGuard,Infestation|Bold||M|||50|]Garchomp||LifeOrb|RoughSkin|DragonClaw,RockSlide,Earthquake,Protect|Jolly||M|||50|]Hydreigon||ChoiceScarf|Levitate|Snarl,HeatWave,DracoMeteor,DarkPulse|Modest||M|||50|]Metagross||Metagrossite|ClearBody|IronHead,BulletPunch,BodyPress,Protect|Jolly|||||50|]Incineroar||SitrusBerry|Intimidate|FakeOut,FlareBlitz,PartingShot,DarkestLariat|Careful||F|||50|
|inactive|Battle timer is ON: inactive players will automatically lose when time's up. (requested by the_frantic_franxx)
|inactive|17nicoo has 60 seconds left.
|
|t:|1783535709
|teamsize|p1|4
|teamsize|p2|4
|start
|switch|p1a: Kingambit|Kingambit, L50, M|100/100
|switch|p1b: Sneasler|Sneasler, L50, M|100/100
|switch|p2a: Hydreigon|Hydreigon, L50, M|100/100
|switch|p2b: Garchomp|Garchomp, L50, M|100/100
|turn|1
|
|t:|1783535733
|switch|p1a: Incineroar|Incineroar, L50, M|100/100
|-ability|p1a: Incineroar|Intimidate|boost
|-unboost|p2a: Hydreigon|atk|1
|-unboost|p2b: Garchomp|atk|1
|move|p2a: Hydreigon|Heat Wave|p1a: Incineroar|[spread] p1a,p1b
|-resisted|p1a: Incineroar|1
|-crit|p1b: Sneasler
|-damage|p1a: Incineroar|89/100
|-damage|p1b: Sneasler|46/100
|move|p1b: Sneasler|Close Combat|p2a: Hydreigon
|-supereffective|p2a: Hydreigon|1
|-crit|p2a: Hydreigon
|-damage|p2a: Hydreigon|0 fnt
|-unboost|p1b: Sneasler|def|1
|-unboost|p1b: Sneasler|spd|1
|faint|p2a: Hydreigon
|move|p2b: Garchomp|Earthquake|p1b: Sneasler|[spread] p1a,p1b
|-supereffective|p1a: Incineroar|1
|-supereffective|p1b: Sneasler|1
|-damage|p1a: Incineroar|27/100
|-damage|p1b: Sneasler|0 fnt
|-enditem|p1a: Incineroar|Sitrus Berry|[eat]
|-heal|p1a: Incineroar|52/100|[from] item: Sitrus Berry
|faint|p1b: Sneasler
|-damage|p2b: Garchomp|90/100|[from] item: Life Orb
|
|upkeep
|
|t:|1783535755
|switch|p1b: Delphox|Delphox, L50, F|100/100
|switch|p2a: Toxapex|Toxapex, L50, M|100/100
|turn|2
|
|t:|1783535773
|switch|p2b: Incineroar|Incineroar, L50, F|100/100
|-ability|p2b: Incineroar|Intimidate|boost
|-unboost|p1a: Incineroar|atk|1
|-unboost|p1b: Delphox|atk|1
|detailschange|p1b: Delphox|Delphox-Mega, L50, F
|-mega|p1b: Delphox|Delphox|Delphoxite
|move|p1a: Incineroar|Fake Out|p2b: Incineroar
|-damage|p2b: Incineroar|94/100
|move|p1b: Delphox|Nasty Plot|p1b: Delphox
|-boost|p1b: Delphox|spa|2
|move|p2a: Toxapex|Toxic|p1b: Delphox
|-status|p1b: Delphox|tox
|
|-damage|p1b: Delphox|94/100 tox|[from] psn
|upkeep
|turn|3
|inactive|17nicoo has 30 seconds left.
|inactive|17nicoo has 20 seconds left.
|
|t:|1783535812
|move|p1b: Delphox|Protect|p1b: Delphox
|-singleturn|p1b: Delphox|Protect
|move|p2b: Incineroar|Fake Out|p1a: Incineroar
|-damage|p1a: Incineroar|42/100
|cant|p1a: Incineroar|flinch
|move|p2a: Toxapex|Infestation|p1a: Incineroar
|-damage|p1a: Incineroar|39/100
|-activate|p1a: Incineroar|move: Infestation|[of] p2a: Toxapex
|
|-damage|p1b: Delphox|82/100 tox|[from] psn
|-damage|p1a: Incineroar|27/100|[from] move: Infestation|[partiallytrapped]
|upkeep
|turn|4
|inactive|17nicoo has 30 seconds left.
|inactive|17nicoo has 20 seconds left.
|inactive|17nicoo has 15 seconds left.
|inactive|17nicoo has 10 seconds left.
|
|t:|1783535858
|switch|p1b: Kingambit|Kingambit, L50, M|100/100
|move|p2a: Toxapex|Baneful Bunker|p2a: Toxapex
|-singleturn|p2a: Toxapex|move: Protect
|move|p1a: Incineroar|Parting Shot|p2b: Incineroar
|-unboost|p2b: Incineroar|atk|1
|-unboost|p2b: Incineroar|spa|1
|
|t:|1783535865
|switch|p1a: Delphox|Delphox-Mega, L50, F|82/100 tox|[from] Parting Shot
|move|p2b: Incineroar|Darkest Lariat|p1b: Kingambit
|-resisted|p1b: Kingambit|1
|-damage|p1b: Kingambit|92/100
|
|-damage|p1a: Delphox|76/100 tox|[from] psn
|upkeep
|turn|5
|
|t:|1783535884
|move|p1a: Delphox|Psyshock|p2a: Toxapex
|-supereffective|p2a: Toxapex|1
|-crit|p2a: Toxapex
|-damage|p2a: Toxapex|14/100
|move|p2b: Incineroar|Flare Blitz|p1b: Kingambit
|-supereffective|p1b: Kingambit|1
|-damage|p1b: Kingambit|44/100
|-status|p1b: Kingambit|brn
|-damage|p2b: Incineroar|78/100|[from] Recoil
|move|p1b: Kingambit|Kowtow Cleave|p2a: Toxapex
|-damage|p2a: Toxapex|0 fnt
|faint|p2a: Toxapex
|
|-damage|p1a: Delphox|65/100 tox|[from] psn
|-damage|p1b: Kingambit|39/100 brn|[from] brn
|upkeep
|
|t:|1783535887
|switch|p2a: Garchomp|Garchomp, L50, M|90/100
|turn|6
|inactive|17nicoo has 30 seconds left.
|
|t:|1783535916
|switch|p1b: Incineroar|Incineroar, L50, M|27/100
|-ability|p1b: Incineroar|Intimidate|boost
|-unboost|p2a: Garchomp|atk|1
|-unboost|p2b: Incineroar|atk|1
|move|p1a: Delphox|Protect|p1a: Delphox
|-singleturn|p1a: Delphox|Protect
|move|p2a: Garchomp|Rock Slide|p1b: Incineroar|[spread] p1b
|-activate|p1a: Delphox|move: Protect
|-supereffective|p1b: Incineroar|1
|-damage|p1b: Incineroar|0 fnt
|faint|p1b: Incineroar
|-damage|p2a: Garchomp|80/100|[from] item: Life Orb
|move|p2b: Incineroar|Flare Blitz|p1a: Delphox
|-activate|p1a: Delphox|move: Protect
|
|-damage|p1a: Delphox|47/100 tox|[from] psn
|upkeep
|
|t:|1783535931
|switch|p1b: Kingambit|Kingambit, L50, M|39/100 brn
|turn|7
|
|t:|1783535950
|move|p2a: Garchomp|Protect|p2a: Garchomp
|-singleturn|p2a: Garchomp|Protect
|move|p1b: Kingambit|Sucker Punch||[still]
|-fail|p1b: Kingambit
|move|p1a: Delphox|Psyshock|p2a: Garchomp
|-activate|p2a: Garchomp|move: Protect
|move|p2b: Incineroar|Darkest Lariat|p1a: Delphox
|-supereffective|p1a: Delphox|1
|-damage|p1a: Delphox|9/100 tox
|
|-damage|p1a: Delphox|0 fnt|[from] psn
|faint|p1a: Delphox
|-damage|p1b: Kingambit|33/100 brn|[from] brn
|upkeep
|turn|8
|-message|17nicoo forfeited.
|
|win|the_frantic_franxx
|raw|17nicoo's rating: 1154 → 1136(-18 for losing)
|raw|the_frantic_franxx's rating: 1249 → 1267(+18 for winning)
|l|☆17nicoo
|player|p1|
|l|☆the_frantic_franxx
|player|p2|
|j|☆the_frantic_franxx
|player|p2|the_frantic_franxx|169|
|l|☆the_frantic_franxx
|player|p2|
|j|☆the_frantic_franxx
|player|p2|the_frantic_franxx|169|
