|j|☆soren.sp
|j|☆JNEST
|html|soren.spJNEST    
|uhtml|bestof|Game 3 of a best-of-3
|t:|1756158300
|gametype|doubles
|player|p1|soren.sp|cynthia-gen4|1124
|player|p2|JNEST|veteran-gen4|1196
|gen|9
|tier|[Gen 9] VGC 2025 Reg H (Bo3)
|rated|
|rule|Species Clause: Limit one of each Pokémon
|rule|Item Clause: Limit 1 of each item
|clearpoke
|poke|p1|Lilligant-Hisui, L50, F|
|poke|p1|Hatterene, L50, F|
|poke|p1|Ursaluna, L50, F|
|poke|p1|Indeedee-F, L50, F|
|poke|p1|Torkoal, L50, M|
|poke|p1|Gallade, L50, M|
|poke|p2|Weezing, L50, M|
|poke|p2|Indeedee, L50, M|
|poke|p2|Incineroar, L50, M|
|poke|p2|Annihilape, L50, F|
|poke|p2|Tyranitar, L50, M|
|poke|p2|Corviknight, L50, M|
|teampreview|4
|showteam|p1|Lilligant-Hisui||FocusSash|Chlorophyll|LeafBlade,AfterYou,CloseCombat,SleepPowder|||F|||50|,,,,,Ghost]Hatterene||CovertCloak|MagicBounce|DazzlingGleam,ExpandingForce,TrickRoom,MysticalFire|||F|||50|,,,,,Fire]Ursaluna||FlameOrb|Guts|Facade,HeadlongRush,Earthquake,Protect|||F|||50|,,,,,Ghost]Indeedee-F||PsychicSeed|PsychicSurge|Psychic,TrickRoom,HelpingHand,FollowMe|||F|||50|,,,,,Fairy]Torkoal||ChoiceSpecs|Drought|Eruption,WeatherBall,HeatWave,EarthPower|||M|||50|,,,,,Fire]Gallade||ClearAmulet|Sharpness|PsychoCut,SacredSword,TrickRoom,WideGuard|||M|||50|,,,,,Grass
|showteam|p2|Weezing||SitrusBerry|NeutralizingGas|Protect,Taunt,WillOWisp,SludgeBomb|||M|||50|,,,,,Ghost]Indeedee||ChoiceScarf|PsychicSurge|ExpandingForce,TeraBlast,Trick,HyperVoice|||M|||50|,,,,,Fighting]Incineroar||AbilityShield|Intimidate|KnockOff,FlareBlitz,FakeOut,PartingShot|||M|||50|,,,,,Ghost]Annihilape||SafetyGoggles|Defiant|Taunt,RageFist,CloseCombat,FinalGambit|||F|||50|,,,,,Fairy]Tyranitar||AssaultVest|SandStream|RockSlide,KnockOff,TeraBlast,LowKick|||M|||50|,,,,,Flying]Corviknight||Leftovers|MirrorArmor|BraveBird,Tailwind,Roost,BulkUp|||M|||50|,,,,,Dragon
|inactive|Battle timer is ON: inactive players will automatically lose when time's up. (requested by JNEST)
|inactive|soren.sp has 60 seconds left.
|j| teamthief420
|l| teamthief420
|inactive|soren.sp has 30 seconds left.
|
|t:|1756158367
|teamsize|p1|4
|teamsize|p2|4
|start
|switch|p1a: Hatterene|Hatterene, L50, F|100/100
|switch|p1b: Gallade|Gallade, L50, M|100/100
|switch|p2a: Weezing|Weezing, L50, M|100/100
|switch|p2b: Incineroar|Incineroar, L50, M|100/100
|-ability|p2a: Weezing|Neutralizing Gas
|-block|p2b: Incineroar|item: Ability Shield
|-ability|p2b: Incineroar|Intimidate|boost
|-unboost|p1a: Hatterene|atk|1
|-fail|p1b: Gallade|unboost|[from] item: Clear Amulet|[of] p1b: Gallade
|turn|1
|
|t:|1756158381
|switch|p1b: Ursaluna|Ursaluna, L50, F|100/100
|-terastallize|p2a: Weezing|Ghost
|move|p2b: Incineroar|Fake Out|p1b: Ursaluna
|-damage|p1b: Ursaluna|91/100
|move|p2a: Weezing|Taunt|p1a: Hatterene
|-start|p1a: Hatterene|move: Taunt
|cant|p1a: Hatterene|move: Taunt|Trick Room
|
|-status|p1b: Ursaluna|brn|[from] item: Flame Orb
|upkeep
|turn|2
|inactive|soren.sp has 30 seconds left.
|inactive|soren.sp has 20 seconds left.
|inactive|soren.sp has 15 seconds left.
|inactive|soren.sp has 10 seconds left.
|inactive|soren.sp has 5 seconds left.
|
|t:|1756158436
|move|p2a: Weezing|Protect|p2a: Weezing
|-singleturn|p2a: Weezing|Protect
|move|p2b: Incineroar|Parting Shot|p1a: Hatterene
|-unboost|p1a: Hatterene|atk|1
|-unboost|p1a: Hatterene|spa|1
|
|t:|1756158442
|switch|p2b: Tyranitar|Tyranitar, L50, M|100/100|[from] Parting Shot
|move|p1b: Ursaluna|Facade|p2a: Weezing
|-activate|p2a: Weezing|move: Protect
|move|p1a: Hatterene|Dazzling Gleam|p2b: Tyranitar|[spread] p2b
|-activate|p2a: Weezing|move: Protect
|-supereffective|p2b: Tyranitar
|-damage|p2b: Tyranitar|69/100
|
|-damage|p1b: Ursaluna|85/100 brn|[from] brn
|upkeep
|turn|3
|inactive|soren.sp has 30 seconds left.
|inactive|soren.sp has 20 seconds left.
|inactive|soren.sp has 15 seconds left.
|inactive|soren.sp has 10 seconds left.
|
|t:|1756158491
|move|p2b: Tyranitar|Knock Off|p1a: Hatterene
|-damage|p1a: Hatterene|40/100
|-enditem|p1a: Hatterene|Covert Cloak|[from] move: Knock Off|[of] p2b: Tyranitar
|move|p2a: Weezing|Sludge Bomb|p1a: Hatterene
|-supereffective|p1a: Hatterene
|-damage|p1a: Hatterene|0 fnt
|faint|p1a: Hatterene
|move|p1b: Ursaluna|Headlong Rush|p2b: Tyranitar
|-supereffective|p2b: Tyranitar
|-damage|p2b: Tyranitar|4/100
|-unboost|p1b: Ursaluna|def|1
|-unboost|p1b: Ursaluna|spd|1
|
|-damage|p1b: Ursaluna|79/100 brn|[from] brn
|upkeep
|
|t:|1756158504
|switch|p1a: Gallade|Gallade, L50, M|100/100
|turn|4
|
|t:|1756158512
|move|p1b: Ursaluna|Protect|p1b: Ursaluna
|-singleturn|p1b: Ursaluna|Protect
|move|p1a: Gallade|Psycho Cut|p2a: Weezing
|-damage|p2a: Weezing|65/100
|move|p2b: Tyranitar|Low Kick|p1b: Ursaluna
|-activate|p1b: Ursaluna|move: Protect
|move|p2a: Weezing|Taunt|p1a: Gallade
|-start|p1a: Gallade|move: Taunt
|
|-damage|p1b: Ursaluna|73/100 brn|[from] brn
|upkeep
|turn|5
|
|t:|1756158531
|switch|p2b: Incineroar|Incineroar, L50, M|100/100
|-ability|p2b: Incineroar|Intimidate|boost
|-fail|p1a: Gallade|unboost|[from] item: Clear Amulet|[of] p1a: Gallade
|-unboost|p1b: Ursaluna|atk|1
|-terastallize|p1b: Ursaluna|Ghost
|move|p1a: Gallade|Psycho Cut|p2a: Weezing
|-damage|p2a: Weezing|30/100
|-enditem|p2a: Weezing|Sitrus Berry|[eat]
|-heal|p2a: Weezing|55/100|[from] item: Sitrus Berry
|move|p2a: Weezing|Will-O-Wisp|p1a: Gallade
|-status|p1a: Gallade|brn
|move|p1b: Ursaluna|Facade|p2b: Incineroar
|-crit|p2b: Incineroar
|-damage|p2b: Incineroar|0 fnt
|faint|p2b: Incineroar
|
|-damage|p1a: Gallade|94/100 brn|[from] brn
|-damage|p1b: Ursaluna|68/100 brn|[from] brn
|upkeep
|
|t:|1756158548
|switch|p2b: Annihilape|Annihilape, L50, F|100/100
|turn|6
|l|☆soren.sp
|inactive|soren.sp disconnected and has a minute to reconnect!
|player|p1|
|j|☆soren.sp
|inactive|soren.sp reconnected and has 40 seconds left.
|player|p1|soren.sp|cynthia-gen4|
|inactive|soren.sp has 30 seconds left.
|inactive|soren.sp has 20 seconds left.
|inactive|soren.sp has 15 seconds left.
|inactive|soren.sp has 10 seconds left.
|inactive|soren.sp has 5 seconds left.
|
|t:|1756158598
|move|p2b: Annihilape|Rage Fist|p1a: Gallade
|-supereffective|p1a: Gallade
|-damage|p1a: Gallade|37/100 brn
|move|p1a: Gallade|Psycho Cut|p2a: Weezing
|-damage|p2a: Weezing|37/100
|move|p2a: Weezing|Sludge Bomb|p1a: Gallade
|-damage|p1a: Gallade|9/100 brn
|move|p1b: Ursaluna|Headlong Rush|p2a: Weezing
|-damage|p2a: Weezing|16/100
|-unboost|p1b: Ursaluna|def|1
|-unboost|p1b: Ursaluna|spd|1
|
|-damage|p1a: Gallade|3/100 brn|[from] brn
|-damage|p1b: Ursaluna|62/100 brn|[from] brn
|upkeep
|turn|7
|inactive|soren.sp has 30 seconds left.
|
|t:|1756158631
|switch|p1a: Indeedee|Indeedee-F, L50, F|100/100
|move|p2a: Weezing|Protect|p2a: Weezing
|-singleturn|p2a: Weezing|Protect
|move|p2b: Annihilape|Rage Fist|p1a: Indeedee
|-immune|p1a: Indeedee
|move|p1b: Ursaluna|Headlong Rush|p2a: Weezing
|-activate|p2a: Weezing|move: Protect
|
|-damage|p1b: Ursaluna|56/100 brn|[from] brn
|upkeep
|turn|8
|
|t:|1756158655
|switch|p1b: Gallade|Gallade, L50, M|3/100 brn
|move|p2b: Annihilape|Taunt|p1a: Indeedee
|-start|p1a: Indeedee|move: Taunt
|move|p1a: Indeedee|Psychic|p2a: Weezing
|-damage|p2a: Weezing|0 fnt
|faint|p2a: Weezing
|-end|p2a: Weezing|ability: Neutralizing Gas
|-fieldstart|move: Psychic Terrain|[from] ability: Psychic Surge|[of] p1a: Indeedee
|-enditem|p1a: Indeedee|Psychic Seed
|-boost|p1a: Indeedee|spd|1|[from] item: Psychic Seed
|
|-damage|p1b: Gallade|0 fnt|[from] brn
|faint|p1b: Gallade
|upkeep
|
|t:|1756158670
|switch|p1b: Ursaluna|Ursaluna, L50, F, tera:Ghost|56/100 brn
|switch|p2a: Tyranitar|Tyranitar, L50, M|4/100
|-weather|Sandstorm|[from] ability: Sand Stream|[of] p2a: Tyranitar
|turn|9
|l|☆soren.sp
|inactive|soren.sp disconnected and has a minute to reconnect!
|player|p1|
|j|☆soren.sp
|inactive|soren.sp reconnected and has 50 seconds left.
|player|p1|soren.sp|cynthia-gen4|
|inactive|soren.sp has 30 seconds left.
|
|t:|1756158697
|move|p2b: Annihilape|Final Gambit|p1a: Indeedee
|-damage|p1a: Indeedee|0 fnt
|faint|p2b: Annihilape
|faint|p1a: Indeedee
|move|p2a: Tyranitar|Knock Off|p1b: Ursaluna
|-supereffective|p1b: Ursaluna
|-damage|p1b: Ursaluna|0 fnt
|-enditem|p1b: Ursaluna|Flame Orb|[from] move: Knock Off|[of] p2a: Tyranitar
|faint|p1b: Ursaluna
|
|win|JNEST
|raw|soren.sp's rating: 1124 → 1104(-20 for losing)
|raw|JNEST's rating: 1196 → 1216(+20 for winning)
