|j|☆yeray402
|j|☆eltx
|html|yeray402eltx    
|uhtml|bestof|Game 1 of a best-of-3
|t:|1783179715
|gametype|doubles
|player|p1|yeray402|265|1142
|player|p2|eltx|archie-gen6|1047
|gen|9
|tier|[Gen 9 Champions] VGC 2026 Reg M-B (Bo3)
|rated|
|rule|Species Clause: Limit one of each Pokémon
|rule|Item Clause: Limit 1 of each item
|clearpoke
|poke|p1|Kingambit, L50, F|
|poke|p1|Aerodactyl, L50, F|
|poke|p1|Charizard, L50, M|
|poke|p1|Sylveon, L50, F|
|poke|p1|Farigiraf, L50, F|
|poke|p1|Garchomp, L50, F|
|poke|p2|Metagross, L50|
|poke|p2|Swampert, L50, F|
|poke|p2|Grimmsnarl, L50, M|
|poke|p2|Primarina, L50, M|
|poke|p2|Araquanid, L50, F|
|poke|p2|Pelipper, L50, F|
|teampreview|4
|showteam|p1|Kingambit||FocusSash|Defiant|LowKick,KowtowCleave,SuckerPunch,IronHead|Adamant||F|||50|]Aerodactyl||Aerodactylite|Unnerve|RockSlide,DualWingbeat,IceFang,Tailwind|Jolly||F|||50|]Charizard||CharizarditeY|Blaze|Protect,HeatWave,WeatherBall,SolarBeam|Modest||M|||50|]Sylveon||FairyFeather|Pixilate|Protect,HyperVoice,HyperBeam,QuickAttack|Modest||F|||50|]Farigiraf||SitrusBerry|ArmorTail|PsychicFangs,Thunderbolt,TrickRoom,Roar|Bold||F|||50|]Garchomp||LifeOrb|RoughSkin|Protect,DragonClaw,StompingTantrum,Earthquake|Jolly||F|||50|
|showteam|p2|Metagross||Metagrossite|ClearBody|PsychicFangs,IronHead,Protect,StompingTantrum|Jolly|||||50|]Swampert||Swampertite|Damp|WaveCrash,Earthquake,FlipTurn,RockSlide|Adamant||F|||50|]Grimmsnarl||LightClay|Prankster|LightScreen,Reflect,FakeOut,PartingShot|Careful||M|||50|]Primarina||LifeOrb|LiquidVoice|HyperVoice,Moonblast,Protect,EnergyBall|Modest||M|||50|]Araquanid||SitrusBerry|WaterBubble|Liquidation,Lunge,MirrorCoat,PoisonJab|Adamant||F|||50|]Pelipper||DampRock|Drizzle|Protect,WeatherBall,Uturn,Hurricane|Bold||F|||50|
|inactive|Battle timer is ON: inactive players will automatically lose when time's up. (requested by eltx)
|inactive|yeray402 has 60 seconds left.
|
|t:|1783179773
|teamsize|p1|4
|teamsize|p2|4
|start
|switch|p1a: Kingambit|Kingambit, L50, F|100/100
|switch|p1b: Aerodactyl|Aerodactyl, L50, F|100/100
|switch|p2a: Primarina|Primarina, L50, M|100/100
|switch|p2b: Araquanid|Araquanid, L50, F|100/100
|-ability|p1b: Aerodactyl|Unnerve
|turn|1
|inactive|yeray402 has 30 seconds left.
|inactive|eltx has 30 seconds left.
|
|t:|1783179803
|switch|p2b: Pelipper|Pelipper, L50, F|100/100
|-weather|RainDance|[from] ability: Drizzle|[of] p2b: Pelipper
|move|p1b: Aerodactyl|Rock Slide|p2b: Pelipper|[spread] p2a,p2b
|-supereffective|p2b: Pelipper|1
|-damage|p2a: Primarina|74/100
|-damage|p2b: Pelipper|62/100
|move|p1a: Kingambit|Iron Head|p2a: Primarina
|-damage|p2a: Primarina|19/100
|move|p2a: Primarina|Hyper Voice|p1a: Kingambit|[spread] p1a,p1b
|-supereffective|p1b: Aerodactyl|1
|-damage|p1a: Kingambit|15/100
|-damage|p1b: Aerodactyl|0 fnt
|faint|p1b: Aerodactyl
|-damage|p2a: Primarina|10/100|[from] item: Life Orb
|
|-weather|RainDance|[upkeep]
|upkeep
|
|t:|1783179815
|switch|p1b: Charizard|Charizard, L50, M|100/100
|turn|2
|
|t:|1783179835
|switch|p2b: Araquanid|Araquanid, L50, F|100/100
|detailschange|p1b: Charizard|Charizard-Mega-Y, L50, M
|-mega|p1b: Charizard|Charizard|Charizardite Y
|-weather|SunnyDay|[from] ability: Drought|[of] p1b: Charizard
|move|p2a: Primarina|Protect|p2a: Primarina
|-singleturn|p2a: Primarina|Protect
|move|p1b: Charizard|Heat Wave|p2b: Araquanid|[spread] p2b
|-activate|p2a: Primarina|move: Protect
|-damage|p2b: Araquanid|77/100
|move|p1a: Kingambit|Kowtow Cleave|p2b: Araquanid
|-damage|p2b: Araquanid|25/100
|-enditem|p2b: Araquanid|Sitrus Berry|[eat]
|-heal|p2b: Araquanid|49/100|[from] item: Sitrus Berry
|
|-weather|SunnyDay|[upkeep]
|upkeep
|turn|3
|inactive|yeray402 has 30 seconds left.
|inactive|eltx has 30 seconds left.
|
|t:|1783179869
|switch|p1b: Farigiraf|Farigiraf, L50, F|100/100
|switch|p2b: Pelipper|Pelipper, L50, F|62/100
|-weather|RainDance|[from] ability: Drizzle|[of] p2b: Pelipper
|move|p1a: Kingambit|Kowtow Cleave|p2a: Primarina
|-resisted|p2a: Primarina|1
|-damage|p2a: Primarina|0 fnt
|faint|p2a: Primarina
|
|-weather|RainDance|[upkeep]
|upkeep
|
|t:|1783179877
|switch|p2a: Swampert|Swampert, L50, F|100/100
|turn|4
|inactive|yeray402 has 30 seconds left.
|
|t:|1783179907
|switch|p1a: Charizard|Charizard-Mega-Y, L50, M|100/100
|-weather|SunnyDay|[from] ability: Drought|[of] p1a: Charizard
|switch|p2b: Araquanid|Araquanid, L50, F|49/100
|detailschange|p2a: Swampert|Swampert-Mega, L50, F
|-mega|p2a: Swampert|Swampert|Swampertite
|move|p2a: Swampert|Flip Turn|p1a: Charizard
|-supereffective|p1a: Charizard|1
|-damage|p1a: Charizard|61/100
|
|t:|1783179916
|switch|p2a: Pelipper|Pelipper, L50, F|62/100|[from] Flip Turn
|-weather|RainDance|[from] ability: Drizzle|[of] p2a: Pelipper
|move|p1b: Farigiraf|Trick Room|p1b: Farigiraf
|-fieldstart|move: Trick Room|[of] p1b: Farigiraf
|
|-weather|RainDance|[upkeep]
|upkeep
|turn|5
|
|t:|1783179934
|move|p2a: Pelipper|Protect|p2a: Pelipper
|-singleturn|p2a: Pelipper|Protect
|move|p2b: Araquanid|Liquidation|p1a: Charizard
|-supereffective|p1a: Charizard|1
|-damage|p1a: Charizard|0 fnt
|faint|p1a: Charizard
|move|p1b: Farigiraf|Thunderbolt|p2a: Pelipper
|-activate|p2a: Pelipper|move: Protect
|
|-weather|RainDance|[upkeep]
|upkeep
|
|t:|1783179939
|switch|p1a: Kingambit|Kingambit, L50, F|15/100
|turn|6
|
|t:|1783179954
|move|p2b: Araquanid|Liquidation|p1a: Kingambit
|-damage|p1a: Kingambit|0 fnt
|faint|p1a: Kingambit
|move|p1b: Farigiraf|Psychic Fangs|p2b: Araquanid
|-damage|p2b: Araquanid|21/100
|move|p2a: Pelipper|U-turn|p1b: Farigiraf
|-supereffective|p1b: Farigiraf|1
|-damage|p1b: Farigiraf|87/100
|
|t:|1783179962
|switch|p2a: Swampert|Swampert-Mega, L50, F|100/100|[from] U-turn
|
|-weather|RainDance|[upkeep]
|upkeep
|turn|7
|
|t:|1783179972
|move|p2b: Araquanid|Liquidation|p1b: Farigiraf
|-damage|p1b: Farigiraf|10/100
|-unboost|p1b: Farigiraf|def|1
|-enditem|p1b: Farigiraf|Sitrus Berry|[eat]
|-heal|p1b: Farigiraf|35/100|[from] item: Sitrus Berry
|move|p1b: Farigiraf|Psychic Fangs|p2b: Araquanid
|-damage|p2b: Araquanid|0 fnt
|faint|p2b: Araquanid
|move|p2a: Swampert|Wave Crash|p1b: Farigiraf
|-damage|p1b: Farigiraf|0 fnt
|faint|p1b: Farigiraf
|-damage|p2a: Swampert|87/100|[from] Recoil
|
|win|eltx
||yeray402 is ready for game 2.
|inactive|eltx has 30 seconds to confirm battle start!
