|j|☆zigzagoon246
|j|☆natsukivgc
|html|zigzagoon246natsukivgc    
|uhtml|bestof|Game 1 of a best-of-3
|t:|1785306292
|gametype|doubles
|player|p1|zigzagoon246|dragontamer|1049
|player|p2|natsukivgc|1|1085
|gen|9
|tier|[Gen 9 Champions] VGC 2026 Reg M-B (Bo3)
|rated|
|rule|Species Clause: Limit one of each Pokémon
|rule|Item Clause: Limit 1 of each item
|clearpoke
|poke|p1|Salazzle, L50, F|
|poke|p1|Glimmora, L50, F|
|poke|p1|Incineroar, L50, F|
|poke|p1|Froslass, L50, F|
|poke|p1|Sinistcha, L50|
|poke|p1|Gliscor, L50, M|
|poke|p2|Garchomp, L50, M|
|poke|p2|Venusaur, L50, F|
|poke|p2|Incineroar, L50, F|
|poke|p2|Charizard, L50, F|
|poke|p2|Toxapex, L50, M|
|poke|p2|Annihilape, L50, F|
|teampreview|4
|showteam|p1|Salazzle||FocusSash|Corrosion|Toxic,SludgeBomb,HeatWave,Protect|Timid||F|||50|]Glimmora||Glimmoranite|ToxicDebris|Toxic,SludgeBomb,PowerGem,Protect|Modest||F|||50|]Incineroar||Leftovers|Intimidate|FakeOut,PartingShot,FlareBlitz,DarkestLariat|Serious||F|||50|]Froslass||Froslassite|CursedBody|Blizzard,Hex,Thunderbolt,Protect|Timid||F|||50|]Sinistcha||ColburBerry|Hospitality|MatchaGotcha,RagePowder,Protect,TrickRoom|Bold|||||50|]Gliscor||YacheBerry|HyperCutter|Tailwind,Toxic,HighHorsepower,DualWingbeat|Adamant||M|||50|
|showteam|p2|Garchomp||ChoiceScarf|RoughSkin|Earthquake,DragonClaw,StompingTantrum,RockSlide|Adamant||M|||50|]Venusaur||LifeOrb|Chlorophyll|SolarBeam,SludgeBomb,EarthPower,Protect|Modest||F|||50|]Incineroar||SitrusBerry|Intimidate|FlareBlitz,ThroatChop,FakeOut,PartingShot|Impish||F|||50|]Charizard||CharizarditeY|Blaze|HeatWave,WeatherBall,HelpingHand,Protect|Modest||F|||50|]Toxapex||Leftovers|Regenerator|Infestation,Toxic,WideGuard,BanefulBunker|Bold||M|||50|]Annihilape||FocusSash|Defiant|CloseCombat,PhantomForce,StealthRock,Protect|Jolly||F|||50|
|inactive|Battle timer is ON: inactive players will automatically lose when time's up. (requested by zigzagoon246)
|inactive|natsukivgc has 60 seconds left.
|
|t:|1785306352
|teamsize|p1|4
|teamsize|p2|4
|start
|switch|p1a: Glimmora|Glimmora, L50, F|100/100
|switch|p1b: Salazzle|Salazzle, L50, F|100/100
|switch|p2a: Garchomp|Garchomp, L50, M|100/100
|switch|p2b: Incineroar|Incineroar, L50, F|100/100
|-ability|p2b: Incineroar|Intimidate|boost
|-unboost|p1a: Glimmora|atk|1
|-unboost|p1b: Salazzle|atk|1
|turn|1
|inactive|zigzagoon246 has 30 seconds left.
|
|t:|1785306384
|switch|p2b: Charizard|Charizard, L50, F|100/100
|move|p1b: Salazzle|Protect|p1b: Salazzle
|-singleturn|p1b: Salazzle|Protect
|move|p1a: Glimmora|Protect|p1a: Glimmora
|-singleturn|p1a: Glimmora|Protect
|move|p2a: Garchomp|Earthquake|p1b: Salazzle|[spread] 
|-activate|p1a: Glimmora|move: Protect
|-activate|p1b: Salazzle|move: Protect
|-immune|p2b: Charizard
|
|upkeep
|turn|2
|inactive|zigzagoon246 has 30 seconds left.
|inactive|zigzagoon246 has 20 seconds left.
|
|t:|1785306423
|switch|p1a: Incineroar|Incineroar, L50, F|100/100
|-ability|p1a: Incineroar|Intimidate|boost
|-unboost|p2a: Garchomp|atk|1
|-unboost|p2b: Charizard|atk|1
|detailschange|p2b: Charizard|Charizard-Mega-Y, L50, F
|-mega|p2b: Charizard|Charizard|Charizardite Y
|-weather|SunnyDay|[from] ability: Drought|[of] p2b: Charizard
|move|p2b: Charizard|Protect|p2b: Charizard
|-singleturn|p2b: Charizard|Protect
|move|p2a: Garchomp|Earthquake|p1a: Incineroar|[spread] p1a,p1b
|-activate|p2b: Charizard|move: Protect
|-supereffective|p1a: Incineroar|1
|-crit|p1a: Incineroar
|-supereffective|p1b: Salazzle|2
|-damage|p1a: Incineroar|0 fnt
|-enditem|p1b: Salazzle|Focus Sash
|-damage|p1b: Salazzle|1/100
|faint|p1a: Incineroar
|move|p1b: Salazzle|Toxic|p2a: Garchomp
|-status|p2a: Garchomp|tox
|
|-weather|SunnyDay|[upkeep]
|-damage|p2a: Garchomp|93/100 tox|[from] psn
|upkeep
|
|t:|1785306447
|switch|p1a: Froslass|Froslass, L50, F|100/100
|turn|3
|
|t:|1785306469
|switch|p2b: Incineroar|Incineroar, L50, F|100/100
|-ability|p2b: Incineroar|Intimidate|boost
|-unboost|p1a: Froslass|atk|1
|-unboost|p1b: Salazzle|atk|1
|detailschange|p1a: Froslass|Froslass-Mega, L50, F
|-mega|p1a: Froslass|Froslass|Froslassite
|-weather|Snowscape|[from] ability: Snow Warning|[of] p1a: Froslass
|move|p1b: Salazzle|Protect|p1b: Salazzle
|-singleturn|p1b: Salazzle|Protect
|move|p2a: Garchomp|Earthquake|p1b: Salazzle|[spread] p2b,p1a
|-activate|p1b: Salazzle|move: Protect
|-supereffective|p2b: Incineroar|1
|-damage|p2b: Incineroar|63/100
|-damage|p1a: Froslass|72/100
|move|p1a: Froslass|Blizzard|p2b: Incineroar|[spread] p2a,p2b
|-supereffective|p2a: Garchomp|2
|-resisted|p2b: Incineroar|1
|-damage|p2a: Garchomp|0 fnt
|-damage|p2b: Incineroar|44/100
|-enditem|p2b: Incineroar|Sitrus Berry|[eat]
|-heal|p2b: Incineroar|68/100|[from] item: Sitrus Berry
|faint|p2a: Garchomp
|
|-weather|Snowscape|[upkeep]
|upkeep
|
|t:|1785306488
|switch|p2a: Charizard|Charizard-Mega-Y, L50, F|100/100
|-weather|SunnyDay|[from] ability: Drought|[of] p2a: Charizard
|turn|4
|
|t:|1785306503
|switch|p1b: Glimmora|Glimmora, L50, F|100/100
|move|p1a: Froslass|Protect|p1a: Froslass
|-singleturn|p1a: Froslass|Protect
|move|p2b: Incineroar|Fake Out|p1b: Glimmora
|-resisted|p1b: Glimmora|1
|-damage|p1b: Glimmora|95/100
|-activate|p1b: Glimmora|ability: Toxic Debris
|-sidestart|p2: natsukivgc|move: Toxic Spikes
|move|p2a: Charizard|Weather Ball|p1a: Froslass
|-activate|p1a: Froslass|move: Protect
|
|-weather|SunnyDay|[upkeep]
|upkeep
|turn|5
|inactive|zigzagoon246 has 30 seconds left.
|inactive|natsukivgc has 30 seconds left.
|inactive|natsukivgc has 20 seconds left.
|
|t:|1785306540
|switch|p1a: Salazzle|Salazzle, L50, F|1/100
|move|p2a: Charizard|Weather Ball|p1a: Salazzle
|-resisted|p1a: Salazzle|1
|-damage|p1a: Salazzle|0 fnt
|faint|p1a: Salazzle
|move|p1b: Glimmora|Power Gem|p2b: Incineroar
|-supereffective|p2b: Incineroar|1
|-damage|p2b: Incineroar|0 fnt
|faint|p2b: Incineroar
|
|-weather|SunnyDay|[upkeep]
|upkeep
|
|t:|1785306554
|switch|p1a: Froslass|Froslass-Mega, L50, F|72/100
|switch|p2b: Toxapex|Toxapex, L50, M|100/100
|-weather|Snowscape|[from] ability: Snow Warning|[of] p1a: Froslass
|-sideend|p2: natsukivgc|move: Toxic Spikes|[of] p2b: Toxapex
|turn|6
|
|t:|1785306572
|move|p1a: Froslass|Protect|p1a: Froslass
|-singleturn|p1a: Froslass|Protect
|move|p2a: Charizard|Heat Wave|p1b: Glimmora|[spread] p1b
|-activate|p1a: Froslass|move: Protect
|-resisted|p1b: Glimmora|1
|-damage|p1b: Glimmora|76/100
|move|p1b: Glimmora|Power Gem|p2a: Charizard
|-supereffective|p2a: Charizard|2
|-damage|p2a: Charizard|0 fnt
|faint|p2a: Charizard
|move|p2b: Toxapex|Infestation|p1b: Glimmora
|-resisted|p1b: Glimmora|1
|-damage|p1b: Glimmora|75/100
|-activate|p1b: Glimmora|move: Infestation|[of] p2b: Toxapex
|
|-weather|Snowscape|[upkeep]
|-damage|p1b: Glimmora|63/100|[from] move: Infestation|[partiallytrapped]
|upkeep
|turn|7
|
|t:|1785306594
|move|p1a: Froslass|Thunderbolt|p2b: Toxapex
|-supereffective|p2b: Toxapex|1
|-damage|p2b: Toxapex|49/100
|move|p1b: Glimmora|Power Gem|p2b: Toxapex
|-damage|p2b: Toxapex|20/100y
|move|p2b: Toxapex|Infestation|p1a: Froslass
|-resisted|p1a: Froslass|1
|-damage|p1a: Froslass|70/100
|-activate|p1a: Froslass|move: Infestation|[of] p2b: Toxapex
|
|-weather|Snowscape|[upkeep]
|-heal|p2b: Toxapex|26/100|[from] item: Leftovers
|-damage|p1a: Froslass|58/100|[from] move: Infestation|[partiallytrapped]
|-damage|p1b: Glimmora|51/100|[from] move: Infestation|[partiallytrapped]
|upkeep
|turn|8
|-message|natsukivgc forfeited.
|
|win|zigzagoon246
