|j|☆tmp_axo
|j|☆Shoto.tx
|html|tmp_axoShoto.tx    
|uhtml|bestof|Game 2 of a best-of-3
|t:|1756556920
|gametype|doubles
|player|p1|tmp_axo|pokekid|1066
|player|p2|Shoto.tx|102|1076
|gen|9
|tier|[Gen 9] VGC 2025 Reg H (Bo3)
|rated|
|rule|Species Clause: Limit one of each Pokémon
|rule|Item Clause: Limit 1 of each item
|clearpoke
|poke|p1|Ursaluna, L50, M|
|poke|p1|Indeedee-F, L50, F|
|poke|p1|Armarouge, L50, M|
|poke|p1|Amoonguss, L50, F|
|poke|p1|Dragonite, L50, F|
|poke|p1|Murkrow, L50, F|
|poke|p2|Archaludon, L50, F|
|poke|p2|Politoed, L50, F|
|poke|p2|Gothitelle, L50, F|
|poke|p2|Kingdra, L50, F|
|poke|p2|Incineroar, L50, F|
|poke|p2|Amoonguss, L50, F|
|teampreview|4
|showteam|p1|Ursaluna||FlameOrb|Guts|Facade,HeadlongRush,Earthquake,Protect|||M|||50|,,,,,Water]Indeedee-F||SitrusBerry|PsychicSurge|Psychic,FollowMe,TrickRoom,Imprison|||F|||50|,,,,,Grass]Armarouge||PowerHerb|FlashFire|ExpandingForce,ArmorCannon,MeteorBeam,Protect|||M|||50|,,,,,Psychic]Amoonguss||RockyHelmet|Regenerator|PollenPuff,Spore,RagePowder,Protect|||F|||50|,,,,,Fairy]Dragonite||LoadedDice|Multiscale|ScaleShot,ExtremeSpeed,SunnyDay,Protect|||F|||50|,,,,,Normal]Murkrow||Eviolite|Prankster|FoulPlay,Tailwind,Haze,Protect|||F|||50|,,,,,Ghost
|showteam|p2|Archaludon||PowerHerb|Sturdy|ElectroShot,FlashCannon,DragonPulse,Protect|||F|||50|,,,,,Electric]Politoed||Leftovers|Drizzle|WeatherBall,PerishSong,Encore,Protect|||F|||50|,,,,,Grass]Gothitelle||SitrusBerry|ShadowTag|Psychic,FakeOut,TrickRoom,Protect|||F|||50|,,,,,Dark]Kingdra||LifeOrb|SwiftSwim|DracoMeteor,WeatherBall,MuddyWater,Protect|||F|||50|,,,,,Stellar]Incineroar||SafetyGoggles|Intimidate|FakeOut,KnockOff,PartingShot,Protect|||F|||50|,,,,,Ghost]Amoonguss||EjectButton|Regenerator|Spore,RagePowder,PollenPuff,Protect|||F|||50|,,,,,Fairy
|l|☆Shoto.tx
|player|p2|
|j|☆Shoto.tx
|player|p2|Shoto.tx|102|
|
|t:|1756556958
|teamsize|p1|4
|teamsize|p2|4
|start
|switch|p1a: Dragonite|Dragonite, L50, F|100/100
|switch|p1b: Murkrow|Murkrow, L50, F|100/100
|switch|p2a: Politoed|Politoed, L50, F, shiny|100/100
|switch|p2b: Gothitelle|Gothitelle, L50, F, shiny|100/100
|-weather|RainDance|[from] ability: Drizzle|[of] p2a: Politoed
|turn|1
|
|t:|1756557004
|-terastallize|p1b: Murkrow|Ghost
|move|p1a: Dragonite|Protect|p1a: Dragonite
|-singleturn|p1a: Dragonite|Protect
|move|p1b: Murkrow|Foul Play|p2b: Gothitelle
|-supereffective|p2b: Gothitelle
|-damage|p2b: Gothitelle|63/100
|move|p2a: Politoed|Encore|p1a: Dragonite
|-activate|p1a: Dragonite|move: Protect
|move|p2b: Gothitelle|Trick Room|p2b: Gothitelle
|-fieldstart|move: Trick Room|[of] p2b: Gothitelle
|
|-weather|RainDance|[upkeep]
|upkeep
|turn|2
|
|t:|1756557045
|move|p1a: Dragonite|Extreme Speed|p2b: Gothitelle
|-damage|p2b: Gothitelle|34/100
|-enditem|p2b: Gothitelle|Sitrus Berry|[eat]
|-heal|p2b: Gothitelle|58/100|[from] item: Sitrus Berry
|move|p2a: Politoed|Weather Ball|p1b: Murkrow
|-damage|p1b: Murkrow|32/100
|move|p2b: Gothitelle|Psychic|p1b: Murkrow
|-damage|p1b: Murkrow|0 fnt
|faint|p1b: Murkrow
|
|-weather|RainDance|[upkeep]
|upkeep
|
|t:|1756557055
|switch|p1b: Armarouge|Armarouge, L50, M|100/100
|turn|3
|
|t:|1756557077
|switch|p2b: Incineroar|Incineroar, L50, F, shiny|100/100
|-ability|p2b: Incineroar|Intimidate|boost
|-unboost|p1a: Dragonite|atk|1
|-unboost|p1b: Armarouge|atk|1
|move|p1b: Armarouge|Protect|p1b: Armarouge
|-singleturn|p1b: Armarouge|Protect
|move|p1a: Dragonite|Extreme Speed|p2b: Incineroar
|-damage|p2b: Incineroar|82/100
|move|p2a: Politoed|Weather Ball|p1b: Armarouge
|-activate|p1b: Armarouge|move: Protect
|
|-weather|RainDance|[upkeep]
|upkeep
|turn|4
|
|t:|1756557118
|switch|p1b: Indeedee|Indeedee-F, L50, F|100/100
|-fieldstart|move: Psychic Terrain|[from] ability: Psychic Surge|[of] p1b: Indeedee
|move|p2a: Politoed|Weather Ball|p1b: Indeedee
|-damage|p1b: Indeedee|63/100
|move|p2b: Incineroar|Parting Shot|p1b: Indeedee
|-unboost|p1b: Indeedee|atk|1
|-unboost|p1b: Indeedee|spa|1
|
|t:|1756557129
|switch|p2b: Kingdra|Kingdra, L50, F, shiny|100/100|[from] Parting Shot
|move|p1a: Dragonite|Sunny Day|p1a: Dragonite
|-weather|SunnyDay
|
|-weather|SunnyDay|[upkeep]
|upkeep
|turn|5
|
|t:|1756557163
|switch|p1a: Armarouge|Armarouge, L50, M|100/100
|move|p2a: Politoed|Weather Ball|p1b: Indeedee
|-damage|p1b: Indeedee|34/100
|-enditem|p1b: Indeedee|Sitrus Berry|[eat]
|-heal|p1b: Indeedee|59/100|[from] item: Sitrus Berry
|move|p1b: Indeedee|Imprison|p1b: Indeedee
|-start|p1b: Indeedee|move: Imprison
|move|p2b: Kingdra|Draco Meteor|p1b: Indeedee
|-damage|p1b: Indeedee|0 fnt
|-unboost|p2b: Kingdra|spa|2
|faint|p1b: Indeedee
|-damage|p2b: Kingdra|91/100|[from] item: Life Orb
|
|-weather|SunnyDay|[upkeep]
|-fieldend|move: Trick Room
|upkeep
|
|t:|1756557178
|switch|p1b: Dragonite|Dragonite, L50, F|100/100
|turn|6
|
|t:|1756557200
|move|p2b: Kingdra|Protect|p2b: Kingdra
|-singleturn|p2b: Kingdra|Protect
|move|p1b: Dragonite|Scale Shot|p2b: Kingdra
|-activate|p2b: Kingdra|move: Protect
|move|p1a: Armarouge|Meteor Beam||[still]
|-prepare|p1a: Armarouge|Meteor Beam
|-boost|p1a: Armarouge|spa|1
|-enditem|p1a: Armarouge|Power Herb
|-anim|p1a: Armarouge|Meteor Beam|p2a: Politoed
|-damage|p2a: Politoed|59/100
|move|p2a: Politoed|Perish Song|p2a: Politoed
|-start|p1a: Armarouge|perish3|[silent]
|-start|p1b: Dragonite|perish3|[silent]
|-start|p2a: Politoed|perish3|[silent]
|-start|p2b: Kingdra|perish3|[silent]
|-fieldactivate|move: Perish Song
|
|-weather|SunnyDay|[upkeep]
|-heal|p2a: Politoed|65/100|[from] item: Leftovers
|-start|p1b: Dragonite|perish3
|-start|p2b: Kingdra|perish3
|-start|p1a: Armarouge|perish3
|-start|p2a: Politoed|perish3
|upkeep
|turn|7
|
|t:|1756557235
|-terastallize|p2b: Kingdra|Stellar
|move|p2a: Politoed|Protect|p2a: Politoed
|-singleturn|p2a: Politoed|Protect
|move|p1b: Dragonite|Scale Shot|p2b: Kingdra
|-supereffective|p2b: Kingdra
|-damage|p2b: Kingdra|58/100
|-supereffective|p2b: Kingdra
|-damage|p2b: Kingdra|26/100
|-supereffective|p2b: Kingdra
|-damage|p2b: Kingdra|0 fnt
|faint|p2b: Kingdra
|-hitcount|p2: Kingdra|3
|-unboost|p1b: Dragonite|def|1
|-boost|p1b: Dragonite|spe|1
|move|p1a: Armarouge|Expanding Force|p2a: Politoed
|-activate|p2a: Politoed|move: Protect
|
|-weather|SunnyDay|[upkeep]
|-heal|p2a: Politoed|71/100|[from] item: Leftovers
|-start|p1b: Dragonite|perish2
|-start|p1a: Armarouge|perish2
|-start|p2a: Politoed|perish2
|upkeep
|
|t:|1756557262
|switch|p2b: Gothitelle|Gothitelle, L50, F, shiny|58/100
|turn|8
|
|t:|1756557280
|switch|p2a: Incineroar|Incineroar, L50, F, shiny|82/100
|-ability|p2a: Incineroar|Intimidate|boost
|-unboost|p1a: Armarouge|atk|1
|-unboost|p1b: Dragonite|atk|1
|move|p2b: Gothitelle|Fake Out|p1a: Armarouge
|-activate|p1a: Armarouge|move: Psychic Terrain
|move|p1b: Dragonite|Scale Shot|p2b: Gothitelle
|-damage|p2b: Gothitelle|48/100
|-damage|p2b: Gothitelle|39/100
|-damage|p2b: Gothitelle|30/100
|-damage|p2b: Gothitelle|20/100
|-damage|p2b: Gothitelle|10/100
|-hitcount|p2b: Gothitelle|5
|-unboost|p1b: Dragonite|def|1
|-boost|p1b: Dragonite|spe|1
|move|p1a: Armarouge|Expanding Force|p2b: Gothitelle|[spread] p2b
|-immune|p2a: Incineroar
|-resisted|p2b: Gothitelle
|-damage|p2b: Gothitelle|0 fnt
|faint|p2b: Gothitelle
|
|-weather|none
|-start|p1b: Dragonite|perish1
|-start|p1a: Armarouge|perish1
|-fieldend|move: Psychic Terrain
|upkeep
|
|t:|1756557306
|switch|p2b: Politoed|Politoed, L50, F, shiny|71/100
|-weather|RainDance|[from] ability: Drizzle|[of] p2b: Politoed
|turn|9
|
|t:|1756557312
|move|p2a: Incineroar|Protect|p2a: Incineroar
|-singleturn|p2a: Incineroar|Protect
|move|p2b: Politoed|Protect|p2b: Politoed
|-singleturn|p2b: Politoed|Protect
|move|p1b: Dragonite|Scale Shot|p2a: Incineroar
|-activate|p2a: Incineroar|move: Protect
|move|p1a: Armarouge|Expanding Force|p2b: Politoed
|-activate|p2b: Politoed|move: Protect
|
|-weather|RainDance|[upkeep]
|-heal|p2b: Politoed|77/100|[from] item: Leftovers
|-start|p1b: Dragonite|perish0
|-start|p1a: Armarouge|perish0
|faint|p1b: Dragonite
|faint|p1a: Armarouge
|
|win|Shoto.tx
|raw|tmp_axo's rating: 1066 → 1047(-19 for losing)
|raw|Shoto.tx's rating: 1076 → 1104(+28 for winning)
|c|☆Shoto.tx|Gg
|c|☆tmp_axo|GG
