|j|☆eejay2018
|j|☆That1Morpecko
|html|eejay2018That1Morpecko    
|uhtml|bestof|Game 2 of a best-of-3
|t:|1783122575
|gametype|doubles
|player|p1|eejay2018|lucas|1040
|player|p2|That1Morpecko|hiker-gen4|1077
|gen|9
|tier|[Gen 9 Champions] VGC 2026 Reg M-B (Bo3)
|rated|
|rule|Species Clause: Limit one of each Pokémon
|rule|Item Clause: Limit 1 of each item
|clearpoke
|poke|p1|Charizard, L50, F|
|poke|p1|Whimsicott, L50, F|
|poke|p1|Floette-Eternal, L50, F|
|poke|p1|Basculegion, L50, M|
|poke|p1|Garchomp, L50, M|
|poke|p1|Kingambit, L50, F|
|poke|p2|Incineroar, L50, M|
|poke|p2|Sinistcha, L50, shiny|
|poke|p2|Sneasler, L50, M|
|poke|p2|Blastoise, L50, M|
|poke|p2|Kingambit, L50, F|
|poke|p2|Delphox, L50, F, shiny|
|teampreview|4
|showteam|p1|Charizard||CharizarditeY|Blaze|HeatWave,SolarBeam,WeatherBall,Protect|Modest||F|||50|]Whimsicott||FocusSash|Prankster|Moonblast,Encore,Tailwind,Protect|Timid||F|||50|]Floette-Eternal||Floettite|FlowerVeil|Moonblast,DazzlingGleam,LightofRuin,Protect|Timid||F|||50|]Basculegion||MysticWater|Adaptability|WaveCrash,AquaJet,LastRespects,Protect|Adamant||M|||50|]Garchomp||LifeOrb|RoughSkin|DragonClaw,Earthquake,RockSlide,Protect|Jolly||M|||50|]Kingambit||BlackGlasses|Defiant|KowtowCleave,SuckerPunch,IronHead,Protect|Adamant||F|||50|
|showteam|p2|Incineroar||SitrusBerry|Intimidate|FlareBlitz,HelpingHand,PartingShot,FakeOut|Impish||M|||50|]Sinistcha||KasibBerry|Hospitality|MatchaGotcha,RagePowder,TrickRoom,LifeDew|Bold|||||50|]Sneasler||FocusSash|PoisonTouch|CloseCombat,PoisonJab,QuickGuard,FakeOut|Jolly||M|||50|]Blastoise||Blastoisinite|Torrent|WaterSpout,DarkPulse,ShellSmash,Protect|Modest||M|||50|]Kingambit||BlackGlasses|Defiant|KowtowCleave,SuckerPunch,SwordsDance,Protect|Adamant||F|||50|]Delphox||Delphoxite|Blaze|HeatWave,Psyshock,NastyPlot,Protect|Timid||F|||50|
|inactive|Battle timer is ON: inactive players will automatically lose when time's up. (requested by That1Morpecko)
|j| pao mcflurry
|inactive|eejay2018 has 60 seconds left.
|
|t:|1783122615
|teamsize|p1|4
|teamsize|p2|4
|start
|switch|p1a: Garchomp|Garchomp, L50, M|100/100
|switch|p1b: Charizard|Charizard, L50, F|100/100
|switch|p2a: Delphox|Delphox, L50, F, shiny|100/100
|switch|p2b: Sneasler|Sneasler, L50, M|100/100
|turn|1
|inactive|eejay2018 has 30 seconds left.
|
|t:|1783122650
|switch|p1b: Whimsicott|Whimsicott, L50, F|100/100
|detailschange|p2a: Delphox|Delphox-Mega, L50, F, shiny
|-mega|p2a: Delphox|Delphox|Delphoxite
|move|p2b: Sneasler|Fake Out|p1a: Garchomp
|-damage|p1a: Garchomp|85/100
|-damage|p2b: Sneasler|87/100|[from] ability: Rough Skin|[of] p1a: Garchomp
|move|p2a: Delphox|Nasty Plot|p2a: Delphox
|-boost|p2a: Delphox|spa|2
|cant|p1a: Garchomp|flinch
|
|upkeep
|turn|2
|inactive|eejay2018 has 30 seconds left.
|inactive|eejay2018 has 20 seconds left.
|
|t:|1783122691
|switch|p2b: Incineroar|Incineroar, L50, M|100/100
|-ability|p2b: Incineroar|Intimidate|boost
|-unboost|p1a: Garchomp|atk|1
|-unboost|p1b: Whimsicott|atk|1
|move|p2a: Delphox|Protect|p2a: Delphox
|-singleturn|p2a: Delphox|Protect
|move|p1b: Whimsicott|Tailwind|p1b: Whimsicott
|-sidestart|p1: eejay2018|move: Tailwind
|move|p1a: Garchomp|Earthquake|p2b: Incineroar|[spread] p1b,p2b
|-activate|p2a: Delphox|move: Protect
|-resisted|p1b: Whimsicott|1
|-supereffective|p2b: Incineroar|1
|-damage|p1b: Whimsicott|77/100
|-damage|p2b: Incineroar|53/100
|-damage|p1a: Garchomp|75/100|[from] item: Life Orb
|
|upkeep
|turn|3
|inactive|eejay2018 has 30 seconds left.
|inactive|eejay2018 has 20 seconds left.
|inactive|eejay2018 has 15 seconds left.
|inactive|eejay2018 has 10 seconds left.
|inactive|eejay2018 has 5 seconds left.
|inactive|That1Morpecko has 30 seconds left.
|
|t:|1783122753
|switch|p1b: Basculegion|Basculegion, L50, M|100/100
|move|p2b: Incineroar|Fake Out|p1b: Basculegion
|-immune|p1b: Basculegion
|move|p1a: Garchomp|Rock Slide|p2a: Delphox|[spread] 
|-miss|p1a: Garchomp|p2a: Delphox
|-miss|p1a: Garchomp|p2b: Incineroar
|move|p2a: Delphox|Heat Wave|p1a: Garchomp|[spread] p1a,p1b
|-resisted|p1a: Garchomp|1
|-resisted|p1b: Basculegion|1
|-damage|p1a: Garchomp|32/100
|-damage|p1b: Basculegion|61/100
|
|upkeep
|turn|4
|inactive|eejay2018 has 30 seconds left.
|inactive|eejay2018 has 20 seconds left.
|inactive|eejay2018 has 15 seconds left.
|inactive|eejay2018 has 10 seconds left.
|
|t:|1783122801
|move|p2a: Delphox|Protect|p2a: Delphox
|-singleturn|p2a: Delphox|Protect
|move|p1a: Garchomp|Rock Slide|p2a: Delphox|[spread] p2b
|-activate|p2a: Delphox|move: Protect
|-supereffective|p2b: Incineroar|1
|-damage|p2b: Incineroar|31/100
|-enditem|p2b: Incineroar|Sitrus Berry|[eat]
|-heal|p2b: Incineroar|56/100|[from] item: Sitrus Berry
|-damage|p1a: Garchomp|23/100|[from] item: Life Orb
|move|p1b: Basculegion|Wave Crash|p2b: Incineroar
|-supereffective|p2b: Incineroar|1
|-damage|p2b: Incineroar|0 fnt
|faint|p2b: Incineroar
|-damage|p1b: Basculegion|43/100|[from] Recoil
|
|upkeep
|
|t:|1783122812
|switch|p2b: Sinistcha|Sinistcha, L50, shiny|100/100
|turn|5
|inactive|eejay2018 has 30 seconds left.
|inactive|eejay2018 has 20 seconds left.
|
|t:|1783122847
|switch|p1b: Charizard|Charizard, L50, F|100/100
|move|p2b: Sinistcha|Rage Powder|p2b: Sinistcha
|-singleturn|p2b: Sinistcha|move: Rage Powder
|move|p1a: Garchomp|Rock Slide|p2b: Sinistcha|[spread] p2a,p2b
|-supereffective|p2a: Delphox|1
|-damage|p2a: Delphox|66/100
|-damage|p2b: Sinistcha|85/100
|-damage|p1a: Garchomp|13/100|[from] item: Life Orb
|cant|p2a: Delphox|flinch
|
|-sideend|p1: eejay2018|move: Tailwind
|upkeep
|turn|6
|
|t:|1783122868
|detailschange|p1b: Charizard|Charizard-Mega-Y, L50, F
|-mega|p1b: Charizard|Charizard|Charizardite Y
|-weather|SunnyDay|[from] ability: Drought|[of] p1b: Charizard
|move|p2b: Sinistcha|Rage Powder|p2b: Sinistcha
|-singleturn|p2b: Sinistcha|move: Rage Powder
|move|p2a: Delphox|Psyshock|p1b: Charizard
|-damage|p1b: Charizard|16/100
|move|p1a: Garchomp|Rock Slide|p2b: Sinistcha|[spread] 
|-miss|p1a: Garchomp|p2a: Delphox
|-miss|p1a: Garchomp|p2b: Sinistcha
|move|p1b: Charizard|Heat Wave|p2a: Delphox|[spread] p2a,p2b
|-resisted|p2a: Delphox|1
|-supereffective|p2b: Sinistcha|1
|-damage|p2a: Delphox|34/100
|-damage|p2b: Sinistcha|0 fnt
|faint|p2b: Sinistcha
|
|-weather|SunnyDay|[upkeep]
|upkeep
|
|t:|1783122881
|switch|p2b: Sneasler|Sneasler, L50, M|87/100
|turn|7
|inactive|eejay2018 has 30 seconds left.
|inactive|eejay2018 has 20 seconds left.
|inactive|eejay2018 has 15 seconds left.
|inactive|eejay2018 has 10 seconds left.
|inactive|eejay2018 has 5 seconds left.
|
|t:|1783122934
|move|p1b: Charizard|Protect|p1b: Charizard
|-singleturn|p1b: Charizard|Protect
|move|p2a: Delphox|Heat Wave|p1a: Garchomp|[spread] p1a
|-activate|p1b: Charizard|move: Protect
|-resisted|p1a: Garchomp|1
|-damage|p1a: Garchomp|0 fnt
|faint|p1a: Garchomp
|move|p2b: Sneasler|Poison Jab|p1b: Charizard
|-activate|p1b: Charizard|move: Protect
|
|-weather|SunnyDay|[upkeep]
|upkeep
|inactive|eejay2018 has 30 seconds left.
|
|t:|1783122962
|switch|p1a: Whimsicott|Whimsicott, L50, F|77/100
|turn|8
|
|t:|1783122983
|move|p1a: Whimsicott|Tailwind|p1a: Whimsicott
|-sidestart|p1: eejay2018|move: Tailwind
|move|p1b: Charizard|Weather Ball|p2b: Sneasler
|-damage|p2b: Sneasler|0 fnt
|faint|p2b: Sneasler
|move|p2a: Delphox|Heat Wave|p1a: Whimsicott|[spread] p1a,p1b
|-supereffective|p1a: Whimsicott|1
|-resisted|p1b: Charizard|1
|-damage|p1a: Whimsicott|0 fnt
|-damage|p1b: Charizard|0 fnt
|faint|p1a: Whimsicott
|faint|p1b: Charizard
|
|-weather|SunnyDay|[upkeep]
|upkeep
|
|t:|1783122997
|switch|p1b: Basculegion|Basculegion, L50, M|43/100
|turn|9
|
|t:|1783123004
|move|p1b: Basculegion|Last Respects|p2a: Delphox
|-supereffective|p2a: Delphox|1
|-damage|p2a: Delphox|0 fnt
|faint|p2a: Delphox
|
|win|eejay2018
|raw|eejay2018's rating: 1040 → 1078(+38 for winning)
|raw|That1Morpecko's rating: 1077 → 1053(-24 for losing)
|l|☆That1Morpecko
|player|p2|
