|j|☆Beru98
|j|☆WestyLiam
|html|Beru98WestyLiam    
|uhtml|bestof|Game 2 of a best-of-3
|t:|1754409908
|gametype|doubles
|player|p1|Beru98|102|1273
|player|p2|WestyLiam|101|1308
|gen|9
|tier|[Gen 9] VGC 2025 Reg H (Bo3)
|rated|
|rule|Species Clause: Limit one of each Pokémon
|rule|Item Clause: Limit 1 of each item
|clearpoke
|poke|p1|Ninetales-Alola, L50, M|
|poke|p1|Gholdengo, L50|
|poke|p1|Dragonite, L50, F|
|poke|p1|Sneasler, L50, M|
|poke|p1|Arcanine-Hisui, L50, M|
|poke|p1|Rillaboom, L50, M|
|poke|p2|Garchomp, L50, F|
|poke|p2|Jumpluff, L50, M|
|poke|p2|Torkoal, L50, F|
|poke|p2|Dragonite, L50, F|
|poke|p2|Kingambit, L50, M|
|poke|p2|Typhlosion-Hisui, L50, F|
|teampreview|4
|showteam|p1|Ninetales-Alola||FocusSash|SnowWarning|AuroraVeil,Blizzard,FreezeDry,Protect|||M|||50|,,,,,Ice]Gholdengo||GrassySeed|GoodasGold|MakeItRain,ShadowBall,NastyPlot,Protect||||||50|,,,,,Water]Dragonite||LoadedDice|Multiscale|ScaleShot,Tailwind,StompingTantrum,Protect|||F|||50|,,,,,Steel]Sneasler||WhiteHerb|Unburden|DireClaw,CloseCombat,Coaching,Protect|||M|||50|,,,,,Ghost]Arcanine-Hisui||ChoiceBand|Intimidate|ExtremeSpeed,FlareBlitz,RockSlide,HeadSmash|||M|||50|,,,,,Normal]Rillaboom||AssaultVest|GrassySurge|FakeOut,GrassyGlide,WoodHammer,Uturn|||M|||50|,,,,,Fire
|showteam|p2|Garchomp||LifeOrb|RoughSkin|DragonClaw,StompingTantrum,Earthquake,Protect|||F|||50|,,,,,Fairy]Jumpluff||CovertCloak|Chlorophyll|LeafStorm,SleepPowder,Encore,Tailwind|||M|||50|,,,,,Poison]Torkoal||EjectPack|Drought|Overheat,BurningJealousy,HelpingHand,Protect|||F|||50|,,,,,Flying]Dragonite||LoadedDice|Multiscale|ScaleShot,ExtremeSpeed,IceSpinner,Protect|||F|||50|,,,,,Fairy]Kingambit||AssaultVest|Defiant|IronHead,SuckerPunch,Assurance,LowKick|||M|||50|,,,,,Flying]Typhlosion-Hisui||ChoiceSpecs|Blaze|Eruption,ShadowBall,HeatWave,Overheat|||F|||50|,,,,,Fire
|
|t:|1754409944
|teamsize|p1|4
|teamsize|p2|4
|start
|switch|p1a: Gholdengo|Gholdengo, L50|100/100
|switch|p1b: Rillaboom|Rillaboom, L50, M|100/100
|switch|p2a: Jumpluff|Jumpluff, L50, M|100/100
|switch|p2b: Torkoal|Torkoal, L50, F|100/100
|-fieldstart|move: Grassy Terrain|[from] ability: Grassy Surge|[of] p1b: Rillaboom
|-enditem|p1a: Gholdengo|Grassy Seed
|-boost|p1a: Gholdengo|def|1|[from] item: Grassy Seed
|-weather|SunnyDay|[from] ability: Drought|[of] p2b: Torkoal
|turn|1
|
|t:|1754409959
|switch|p2b: Typhlosion|Typhlosion-Hisui, L50, F|100/100
|move|p1b: Rillaboom|Fake Out|p2b: Typhlosion
|-immune|p2b: Typhlosion
|move|p2a: Jumpluff|Tailwind|p2a: Jumpluff
|-sidestart|p2: WestyLiam|move: Tailwind
|move|p1a: Gholdengo|Nasty Plot|p1a: Gholdengo
|-boost|p1a: Gholdengo|spa|2
|
|-weather|SunnyDay|[upkeep]
|upkeep
|turn|2
|
|t:|1754409981
|switch|p1b: Ninetales|Ninetales-Alola, L50, M|100/100
|-weather|Snowscape|[from] ability: Snow Warning|[of] p1b: Ninetales
|-terastallize|p2b: Typhlosion|Fire
|-terastallize|p1a: Gholdengo|Water
|move|p2a: Jumpluff|Encore||[still]
|-fail|p2a: Jumpluff
|move|p2b: Typhlosion|Eruption|p1b: Ninetales|[spread] p1a,p1b
|-resisted|p1a: Gholdengo
|-supereffective|p1b: Ninetales
|-damage|p1a: Gholdengo|52/100
|-enditem|p1b: Ninetales|Focus Sash
|-damage|p1b: Ninetales|1/100
|move|p1a: Gholdengo|Make It Rain|p2a: Jumpluff|[spread] p2a,p2b
|-resisted|p2b: Typhlosion
|-damage|p2a: Jumpluff|10/100
|-damage|p2b: Typhlosion|33/100
|-unboost|p1a: Gholdengo|spa|1
|
|-weather|Snowscape|[upkeep]
|-heal|p2b: Typhlosion|39/100|[from] Grassy Terrain
|-heal|p1b: Ninetales|7/100|[from] Grassy Terrain
|-heal|p1a: Gholdengo|58/100|[from] Grassy Terrain
|upkeep
|turn|3
|
|t:|1754410008
|switch|p1b: Rillaboom|Rillaboom, L50, M|100/100
|move|p1a: Gholdengo|Protect|p1a: Gholdengo
|-singleturn|p1a: Gholdengo|Protect
|move|p2a: Jumpluff|Leaf Storm|p1a: Gholdengo
|-activate|p1a: Gholdengo|move: Protect
|move|p2b: Typhlosion|Eruption|p1a: Gholdengo|[spread] p1b
|-activate|p1a: Gholdengo|move: Protect
|-supereffective|p1b: Rillaboom
|-damage|p1b: Rillaboom|35/100
|
|-weather|Snowscape|[upkeep]
|-heal|p2b: Typhlosion|45/100|[from] Grassy Terrain
|-heal|p1b: Rillaboom|41/100|[from] Grassy Terrain
|-heal|p1a: Gholdengo|64/100|[from] Grassy Terrain
|upkeep
|turn|4
|
|t:|1754410029
|move|p1b: Rillaboom|Grassy Glide|p2a: Jumpluff
|-resisted|p2a: Jumpluff
|-damage|p2a: Jumpluff|0 fnt
|faint|p2a: Jumpluff
|move|p2b: Typhlosion|Eruption|p1b: Rillaboom|[spread] p1a,p1b
|-resisted|p1a: Gholdengo
|-supereffective|p1b: Rillaboom
|-damage|p1a: Gholdengo|43/100
|-damage|p1b: Rillaboom|0 fnt
|faint|p1b: Rillaboom
|move|p1a: Gholdengo|Make It Rain|p2b: Typhlosion
|-resisted|p2b: Typhlosion
|-damage|p2b: Typhlosion|0 fnt
|-unboost|p1a: Gholdengo|spa|1
|faint|p2b: Typhlosion
|
|-weather|Snowscape|[upkeep]
|-heal|p1a: Gholdengo|49/100|[from] Grassy Terrain
|-sideend|p2: WestyLiam|move: Tailwind
|upkeep
|
|t:|1754410037
|switch|p2a: Torkoal|Torkoal, L50, F|100/100
|switch|p2b: Dragonite|Dragonite, L50, F|100/100
|switch|p1b: Sneasler|Sneasler, L50, M|100/100
|-weather|SunnyDay|[from] ability: Drought|[of] p2a: Torkoal
|turn|5
|
|t:|1754410054
|switch|p1a: Ninetales|Ninetales-Alola, L50, M|7/100
|-weather|Snowscape|[from] ability: Snow Warning|[of] p1a: Ninetales
|move|p1b: Sneasler|Dire Claw|p2b: Dragonite
|-damage|p2b: Dragonite|79/100
|-status|p2b: Dragonite|par
|move|p2b: Dragonite|Scale Shot|p1b: Sneasler
|-damage|p1b: Sneasler|73/100
|-damage|p1b: Sneasler|44/100
|-damage|p1b: Sneasler|18/100
|-crit|p1b: Sneasler
|-damage|p1b: Sneasler|0 fnt
|faint|p1b: Sneasler
|-hitcount|p1: Sneasler|4
|-unboost|p2b: Dragonite|def|1
|-boost|p2b: Dragonite|spe|1
|move|p2a: Torkoal|Overheat|p1a: Ninetales|[miss]
|-miss|p2a: Torkoal|p1a: Ninetales
|
|-weather|Snowscape|[upkeep]
|-heal|p1a: Ninetales|13/100|[from] Grassy Terrain
|-fieldend|move: Grassy Terrain
|upkeep
|
|t:|1754410065
|switch|p1b: Gholdengo|Gholdengo, L50, tera:Water|49/100
|turn|6
|
|t:|1754410079
|move|p1a: Ninetales|Protect|p1a: Ninetales
|-singleturn|p1a: Ninetales|Protect
|move|p2b: Dragonite|Protect|p2b: Dragonite
|-singleturn|p2b: Dragonite|Protect
|move|p1b: Gholdengo|Shadow Ball|p2a: Torkoal
|-damage|p2a: Torkoal|48/100
|move|p2a: Torkoal|Burning Jealousy|p1a: Ninetales|[spread] p1b
|-activate|p1a: Ninetales|move: Protect
|-resisted|p1b: Gholdengo
|-damage|p1b: Gholdengo|40/100
|
|-weather|Snowscape|[upkeep]
|upkeep
|turn|7
|
|t:|1754410092
|move|p2a: Torkoal|Protect|p2a: Torkoal
|-singleturn|p2a: Torkoal|Protect
|move|p2b: Dragonite|Extreme Speed|p1a: Ninetales
|-damage|p1a: Ninetales|0 fnt
|faint|p1a: Ninetales
|move|p1b: Gholdengo|Shadow Ball|p2a: Torkoal
|-activate|p2a: Torkoal|move: Protect
|
|-weather|Snowscape|[upkeep]
|upkeep
|turn|8
|
|t:|1754410101
|move|p2a: Torkoal|Helping Hand|p2b: Dragonite
|-singleturn|p2b: Dragonite|Helping Hand|[of] p2a: Torkoal
|cant|p2b: Dragonite|par
|move|p1b: Gholdengo|Shadow Ball|p2a: Torkoal
|-damage|p2a: Torkoal|0 fnt
|faint|p2a: Torkoal
|
|-weather|Snowscape|[upkeep]
|upkeep
|turn|9
|
|t:|1754410108
|move|p2b: Dragonite|Extreme Speed|p1b: Gholdengo
|-damage|p1b: Gholdengo|12/100
|move|p1b: Gholdengo|Make It Rain|p2b: Dragonite
|-damage|p2b: Dragonite|12/100 par
|-unboost|p1b: Gholdengo|spa|1
|
|-weather|none
|upkeep
|turn|10
|
|t:|1754410117
|move|p1b: Gholdengo|Protect|p1b: Gholdengo
|-singleturn|p1b: Gholdengo|Protect
|move|p2b: Dragonite|Extreme Speed|p1b: Gholdengo
|-activate|p1b: Gholdengo|move: Protect
|
|upkeep
|turn|11
|
|t:|1754410121
|move|p2b: Dragonite|Extreme Speed|p1b: Gholdengo
|-damage|p1b: Gholdengo|0 fnt
|faint|p1b: Gholdengo
|
|win|WestyLiam
|raw|Beru98's rating: 1273 → 1251(-22 for losing)
|raw|WestyLiam's rating: 1308 → 1326(+18 for winning)
|l|☆Beru98
|player|p1|
