|j|☆mikewwm8
|j|☆EinChemiker
|html|mikewwm8EinChemiker    
|uhtml|bestof|Game 1 of a best-of-3
|t:|1784142430
|gametype|doubles
|player|p1|mikewwm8|170|
|player|p2|EinChemiker|iris-gen5bw2|
|gen|9
|tier|[Gen 9 Champions] VGC 2026 Reg M-B (Bo3)
|rule|Species Clause: Limit one of each Pokémon
|rule|Item Clause: Limit 1 of each item
|clearpoke
|poke|p1|Staraptor, L50, F|
|poke|p1|Vanilluxe, L50, F|
|poke|p1|Farigiraf, L50, M|
|poke|p1|Blastoise, L50, F|
|poke|p1|Kingambit, L50, F|
|poke|p1|Camerupt, L50, F|
|poke|p2|Swampert, L50, F|
|poke|p2|Pelipper, L50, M|
|poke|p2|Archaludon, L50, F|
|poke|p2|Annihilape, L50, F|
|poke|p2|Lycanroc-Dusk, L50, M|
|poke|p2|Sneasler, L50, F|
|teampreview|4
|showteam|p1|Staraptor||ChoiceScarf|Intimidate|FinalGambit,BraveBird,CloseCombat,Uturn|Jolly||F|||50|]Vanilluxe||NeverMeltIce|SnowWarning|Blizzard,FreezeDry,Protect,IceShard|Quiet||F|||50|]Farigiraf||SitrusBerry|ArmorTail|PsychicFangs,HyperVoice,HelpingHand,TrickRoom|Relaxed||M|||50|]Blastoise||Blastoisinite|RainDish|FakeOut,WaterSpout,AuraSphere,DarkPulse|Quiet||F|||50|]Kingambit||LifeOrb|Defiant|KowtowCleave,IronHead,Protect,SuckerPunch|Brave||F|||50|]Camerupt||Cameruptite|SolidRock|HeatWave,EarthPower,Protect,AncientPower|Quiet||F|||50|
|showteam|p2|Swampert||Swampertite|Torrent|WaveCrash,Protect,HighHorsepower,FlipTurn|Adamant||F|||50|]Pelipper||FocusSash|Drizzle|Tailwind,Hurricane,WeatherBall,Protect|Timid||M|||50|]Archaludon||LifeOrb|Stamina|DragonPulse,ElectroShot,FlashCannon,Protect|Modest||F|||50|]Annihilape||Leftovers|Defiant|CloseCombat,RainDance,RageFist,Protect|Jolly||F|||50|]Lycanroc-Dusk||HardStone|ToughClaws|Accelerock,PlayRough,Protect,StoneEdge|Adamant||M|||50|]Sneasler||WhiteHerb|Unburden|FakeOut,Protect,DireClaw,CloseCombat|Adamant||F|||50|
|inactive|Battle timer is ON: inactive players will automatically lose when time's up. (requested by EinChemiker)
|inactive|mikewwm8 has 60 seconds left.
|inactive|EinChemiker has 60 seconds left.
|
|t:|1784142487
|teamsize|p1|4
|teamsize|p2|4
|start
|switch|p1a: Staraptor|Staraptor, L50, F|100/100
|switch|p1b: Farigiraf|Farigiraf, L50, M|100/100
|switch|p2a: Shrekerina|Swampert, L50, F|100/100
|switch|p2b: Bridge|Archaludon, L50, F|100/100
|-ability|p1a: Staraptor|Intimidate|boost
|-unboost|p2a: Shrekerina|atk|1
|-unboost|p2b: Bridge|atk|1
|turn|1
|inactive|mikewwm8 has 30 seconds left.
|inactive|EinChemiker has 30 seconds left.
|inactive|EinChemiker has 20 seconds left.
|
|t:|1784142523
|detailschange|p2a: Shrekerina|Swampert-Mega, L50, F
|-mega|p2a: Shrekerina|Swampert|Swampertite
|move|p1a: Staraptor|Final Gambit|p2a: Shrekerina
|-damage|p2a: Shrekerina|1/100
|faint|p1a: Staraptor
|move|p2b: Bridge|Dragon Pulse|p1b: Farigiraf
|-damage|p1b: Farigiraf|47/100
|-enditem|p1b: Farigiraf|Sitrus Berry|[eat]
|-heal|p1b: Farigiraf|72/100|[from] item: Sitrus Berry
|-damage|p2b: Bridge|90/100|[from] item: Life Orb
|move|p2a: Shrekerina|Flip Turn|p1b: Farigiraf
|-damage|p1b: Farigiraf|53/100
|
|t:|1784142535
|switch|p2a: Pel-Eye-Per|Pelipper, L50, M|100/100|[from] Flip Turn
|-weather|RainDance|[from] ability: Drizzle|[of] p2a: Pel-Eye-Per
|move|p1b: Farigiraf|Trick Room|p1b: Farigiraf
|-fieldstart|move: Trick Room|[of] p1b: Farigiraf
|
|-weather|RainDance|[upkeep]
|upkeep
|
|t:|1784142541
|switch|p1a: Blastoise|Blastoise, L50, F|100/100
|turn|2
|
|t:|1784142556
|detailschange|p1a: Blastoise|Blastoise-Mega, L50, F
|-mega|p1a: Blastoise|Blastoise|Blastoisinite
|move|p1b: Farigiraf|Helping Hand|p1a: Blastoise
|-singleturn|p1a: Blastoise|Helping Hand|[of] p1b: Farigiraf
|move|p2b: Bridge|Protect|p2b: Bridge
|-singleturn|p2b: Bridge|Protect
|move|p1a: Blastoise|Water Spout|p2b: Bridge|[spread] p2a
|-activate|p2b: Bridge|move: Protect
|-resisted|p2a: Pel-Eye-Per|1
|-enditem|p2a: Pel-Eye-Per|Focus Sash
|-damage|p2a: Pel-Eye-Per|1/100
|move|p2a: Pel-Eye-Per|Hurricane|p1a: Blastoise
|-damage|p1a: Blastoise|59/100
|-start|p1a: Blastoise|confusion
|
|-weather|RainDance|[upkeep]
|upkeep
|turn|3
|
|t:|1784142575
|move|p1b: Farigiraf|Hyper Voice|p2b: Bridge|[spread] p2a,p2b
|-resisted|p2b: Bridge|1
|-damage|p2a: Pel-Eye-Per|0 fnt
|-damage|p2b: Bridge|73/100
|-ability|p2b: Bridge|Stamina|boost
|-boost|p2b: Bridge|def|1
|faint|p2a: Pel-Eye-Per
|-activate|p1a: Blastoise|confusion
|move|p1a: Blastoise|Aura Sphere|p2b: Bridge
|-supereffective|p2b: Bridge|1
|-damage|p2b: Bridge|0 fnt
|faint|p2b: Bridge
|
|-weather|RainDance|[upkeep]
|upkeep
|
|t:|1784142585
|switch|p2b: Monke|Annihilape, L50, F|100/100
|switch|p2a: Shrekerina|Swampert-Mega, L50, F|1/100
|turn|4
|
|t:|1784142602
|move|p1b: Farigiraf|Helping Hand|p1a: Blastoise
|-singleturn|p1a: Blastoise|Helping Hand|[of] p1b: Farigiraf
|move|p2b: Monke|Protect|p2b: Monke
|-singleturn|p2b: Monke|Protect
|-end|p1a: Blastoise|confusion
|move|p1a: Blastoise|Water Spout|p2b: Monke|[spread] p2a
|-activate|p2b: Monke|move: Protect
|-damage|p2a: Shrekerina|0 fnt
|faint|p2a: Shrekerina
|
|-weather|RainDance|[upkeep]
|upkeep
|turn|5
|-message|EinChemiker forfeited.
|
|win|mikewwm8
||EinChemiker is ready for game 2.
||mikewwm8 is ready for game 2.
|uhtml|next|Next: Game 2 of 3
|l|☆EinChemiker
|player|p2|
