|j|☆Sunside
|j|☆Arman136821
|html|SunsideArman136821    
|uhtml|bestof|Game 1 of a best-of-3
|t:|1785672749
|gametype|doubles
|player|p1|Sunside|pokemonbreeder-gen4|1173
|player|p2|Arman136821|benga|1110
|gen|9
|tier|[Gen 9 Champions] VGC 2026 Reg M-B (Bo3)
|rated|
|rule|Species Clause: Limit one of each Pokémon
|rule|Item Clause: Limit 1 of each item
|clearpoke
|poke|p1|Dragapult, L50, M|
|poke|p1|Ninetales-Alola, L50, F|
|poke|p1|Lycanroc-Dusk, L50, F|
|poke|p1|Kingambit, L50, M|
|poke|p1|Scovillain, L50, M|
|poke|p1|Raichu, L50, F|
|poke|p2|Blaziken, L50, F|
|poke|p2|Torkoal, L50, M|
|poke|p2|Maushold-Four, L50|
|poke|p2|Basculegion, L50, M|
|poke|p2|Incineroar, L50, M|
|poke|p2|Floette-Eternal, L50, F|
|teampreview|4
|showteam|p1|Dragapult||DragonFang|ClearBody|DragonDance,DragonDarts,PhantomForce,Protect|Jolly||M|||50|]Ninetales-Alola||NeverMeltIce|SnowWarning|Blizzard,FreezeDry,AuroraVeil,Protect|Timid||F|||50|]Lycanroc-Dusk||FocusSash|ToughClaws|RockSlide,CloseCombat,Accelerock,Protect|Jolly||F|||50|]Kingambit||LifeOrb|Defiant|KowtowCleave,IronHead,SuckerPunch,Protect|Adamant||M|||50|]Scovillain||Scovillainite|Moody|RagePowder,Overheat,GigaDrain,Protect|Bold||M|||50|]Raichu||RaichuniteY|Static|FakeOut,ZapCannon,FocusBlast,Protect|Timid||F|||50|
|showteam|p2|Blaziken||Blazikenite|SpeedBoost|CloseCombat,FlareBlitz,ThunderPunch,Protect|Adamant||F|||50|]Torkoal||QuickClaw|Drought|Eruption,LavaPlume,EarthPower,SolarBeam|Modest||M|||50|]Maushold-Four||WideLens|Technician|PopulationBomb,BulletSeed,ShadowClaw,FollowMe|Adamant|||||50|]Basculegion||MysticWater|Adaptability|LastRespects,IceFang,AquaJet,WaveCrash|Jolly||M|||50|]Incineroar||Leftovers|Intimidate|FakeOut,CloseCombat,ThroatChop,FlareBlitz|Adamant||M|||50|]Floette-Eternal||Floettite|FlowerVeil|LightofRuin,DazzlingGleam,Protect,Psychic|Modest||F|||50|
|inactive|Battle timer is ON: inactive players will automatically lose when time's up. (requested by Arman136821)
|inactive|Sunside has 60 seconds left.
|
|t:|1785672802
|teamsize|p1|4
|teamsize|p2|4
|start
|switch|p1a: Dragapult|Dragapult, L50, M|100/100
|switch|p1b: Scovillain|Scovillain, L50, M|100/100
|switch|p2a: Torkoal|Torkoal, L50, M|100/100
|switch|p2b: Maushold|Maushold-Four, L50|100/100
|-weather|SunnyDay|[from] ability: Drought|[of] p2a: Torkoal
|turn|1
|
|t:|1785672826
|detailschange|p1b: Scovillain|Scovillain-Mega, L50, M
|-mega|p1b: Scovillain|Scovillain|Scovillainite
|move|p2b: Maushold|Follow Me|p2b: Maushold
|-singleturn|p2b: Maushold|move: Follow Me
|move|p1a: Dragapult|Dragon Darts|p2b: Maushold
|-damage|p2b: Maushold|56/100
|-anim|p1a: Dragapult|Dragon Darts|p2b: Maushold
|-damage|p2b: Maushold|8/100
|move|p1b: Scovillain|Overheat|p2b: Maushold
|-damage|p2b: Maushold|0 fnt
|-unboost|p1b: Scovillain|spa|2
|faint|p2b: Maushold
|move|p2a: Torkoal|Eruption|p1b: Scovillain|[spread] p1a,p1b
|-resisted|p1a: Dragapult|1
|-damage|p1a: Dragapult|55/100
|-damage|p1b: Scovillain|18/100
|-immune|p2a: Torkoal
|
|-weather|SunnyDay|[upkeep]
|upkeep
|
|t:|1785672847
|switch|p2b: Blaziken|Blaziken, L50, F|100/100
|turn|2
|inactive|Sunside has 30 seconds left.
|
|t:|1785672877
|detailschange|p2b: Blaziken|Blaziken-Mega, L50, F
|-mega|p2b: Blaziken|Blaziken|Blazikenite
|move|p1b: Scovillain|Protect|p1b: Scovillain
|-singleturn|p1b: Scovillain|Protect
|move|p1a: Dragapult|Dragon Darts|p2a: Torkoal
|-damage|p2a: Torkoal|76/100
|-anim|p1a: Dragapult|Dragon Darts|p2b: Blaziken
|-damage|p2b: Blaziken|56/100
|move|p2b: Blaziken|Flare Blitz|p1a: Dragapult
|-resisted|p1a: Dragapult|1
|-damage|p1a: Dragapult|0 fnt
|faint|p1a: Dragapult
|-damage|p2b: Blaziken|35/100|[from] Recoil
|move|p2a: Torkoal|Eruption|p1b: Scovillain
|-activate|p1b: Scovillain|move: Protect
|
|-weather|SunnyDay|[upkeep]
|-ability|p2b: Blaziken|Speed Boost|boost
|-boost|p2b: Blaziken|spe|1
|upkeep
|
|t:|1785672883
|switch|p1a: Lycanroc|Lycanroc-Dusk, L50, F|100/100
|turn|3
|
|t:|1785672900
|move|p2b: Blaziken|Protect|p2b: Blaziken
|-singleturn|p2b: Blaziken|Protect
|move|p1b: Scovillain|Rage Powder|p1b: Scovillain
|-singleturn|p1b: Scovillain|move: Rage Powder
|move|p1a: Lycanroc|Rock Slide|p2b: Blaziken|[spread] 
|-activate|p2b: Blaziken|move: Protect
|-miss|p1a: Lycanroc|p2a: Torkoal
|move|p2a: Torkoal|Eruption|p1a: Lycanroc|[spread] p1a,p1b
|-resisted|p1a: Lycanroc|1
|-damage|p1a: Lycanroc|56/100
|-damage|p1b: Scovillain|0 fnt
|-immune|p2a: Torkoal
|faint|p1b: Scovillain
|
|-weather|SunnyDay|[upkeep]
|-ability|p2b: Blaziken|Speed Boost|boost
|-boost|p2b: Blaziken|spe|1
|upkeep
|
|t:|1785672905
|switch|p1b: Ninetales|Ninetales-Alola, L50, F|100/100
|-weather|Snowscape|[from] ability: Snow Warning|[of] p1b: Ninetales
|turn|4
|
|t:|1785672923
|move|p1a: Lycanroc|Accelerock|p2b: Blaziken
|-damage|p2b: Blaziken|0 fnt
|faint|p2b: Blaziken
|move|p1b: Ninetales|Blizzard|p2a: Torkoal
|-resisted|p2a: Torkoal|1
|-damage|p2a: Torkoal|44/100
|move|p2a: Torkoal|Eruption|p1a: Lycanroc|[spread] p1a,p1b
|-resisted|p1a: Lycanroc|1
|-supereffective|p1b: Ninetales|1
|-damage|p1a: Lycanroc|40/100
|-damage|p1b: Ninetales|51/100
|
|-weather|Snowscape|[upkeep]
|upkeep
|
|t:|1785672935
|switch|p2b: Basculegion|Basculegion, L50, M|100/100
|turn|5
|
|t:|1785672956
|move|p1a: Lycanroc|Protect|p1a: Lycanroc
|-singleturn|p1a: Lycanroc|Protect
|move|p1b: Ninetales|Freeze-Dry|p2b: Basculegion
|-supereffective|p2b: Basculegion|1
|-damage|p2b: Basculegion|26/100
|move|p2b: Basculegion|Last Respects|p1b: Ninetales
|-damage|p1b: Ninetales|0 fnt
|faint|p1b: Ninetales
|move|p2a: Torkoal|Earth Power|p1a: Lycanroc
|-activate|p1a: Lycanroc|move: Protect
|
|-weather|Snowscape|[upkeep]
|upkeep
|turn|6
|
|t:|1785672973
|move|p2b: Basculegion|Aqua Jet|p1a: Lycanroc
|-supereffective|p1a: Lycanroc|1
|-damage|p1a: Lycanroc|0 fnt
|faint|p1a: Lycanroc
|
|win|Arman136821
||Sunside is ready for game 2.
||Arman136821 is ready for game 2.
|uhtml|next|Next: Game 2 of 3
