|j|☆Lorenzo05491
|j|☆cal_cvgcl
|html|Lorenzo05491cal_cvgcl    
|uhtml|bestof|Game 1 of a best-of-3
|t:|1756411944
|gametype|doubles
|player|p1|Lorenzo05491|102|1101
|player|p2|cal_cvgcl|169|1196
|gen|9
|tier|[Gen 9] VGC 2025 Reg H (Bo3)
|rated|
|rule|Species Clause: Limit one of each Pokémon
|rule|Item Clause: Limit 1 of each item
|clearpoke
|poke|p1|Garchomp, L50, M|
|poke|p1|Indeedee-F, L50, F|
|poke|p1|Torkoal, L50, F|
|poke|p1|Volcarona, L50, M|
|poke|p1|Gholdengo, L50|
|poke|p1|Dragonite, L50, M|
|poke|p2|Gholdengo, L50|
|poke|p2|Amoonguss, L50, M|
|poke|p2|Basculegion, L50, M|
|poke|p2|Pelipper, L50, M|
|poke|p2|Incineroar, L50, F|
|poke|p2|Archaludon, L50, F|
|teampreview|4
|showteam|p1|Garchomp||ClearAmulet|RoughSkin|SwordsDance,DragonClaw,Earthquake,Protect|||M|||50|,,,,,Poison]Indeedee-F||SafetyGoggles|PsychicSurge|FollowMe,HelpingHand,TrickRoom,Psychic|||F|||50|,,,,,Water]Torkoal||Charcoal|Drought|Eruption,Overheat,EarthPower,Protect|||F|||50|,,,,,Grass]Volcarona||LifeOrb|FlameBody|HeatWave,QuiverDance,GigaDrain,Protect|||M|||50|,,,,,Grass]Gholdengo||ChoiceScarf|GoodasGold|Trick,MakeItRain,ShadowBall,Thunderbolt||||||50|,,,,,Steel]Dragonite||LoadedDice|InnerFocus|ScaleShot,Tailwind,Protect,TeraBlast|||M|||50|,,,,,Dragon
|showteam|p2|Gholdengo||LifeOrb|GoodasGold|MakeItRain,ShadowBall,NastyPlot,Protect||||||50|,,,,,Water]Amoonguss||SitrusBerry|Regenerator|Spore,RagePowder,PollenPuff,Protect|||M|||50|,,,,,Psychic]Basculegion||ChoiceBand|SwiftSwim|WaveCrash,FlipTurn,LastRespects,AquaJet|||M|||50|,,,,,Water]Pelipper||FocusSash|Drizzle|WeatherBall,Hurricane,Tailwind,Protect|||M|||50|,,,,,Ground]Incineroar||SafetyGoggles|Intimidate|FlareBlitz,KnockOff,PartingShot,FakeOut|||F|||50|,,,,,Ghost]Archaludon||AssaultVest|Stamina|ElectroShot,FlashCannon,DracoMeteor,BodyPress|||F|||50|,,,,,Bug
|inactive|Battle timer is ON: inactive players will automatically lose when time's up. (requested by cal_cvgcl)
|inactive|Lorenzo05491 has 60 seconds left.
|inactive|cal_cvgcl has 60 seconds left.
|
|t:|1756411999
|teamsize|p1|4
|teamsize|p2|4
|start
|switch|p1a: Garchomp|Garchomp, L50, M|100/100
|switch|p1b: Indeedee|Indeedee-F, L50, F|100/100
|switch|p2a: Pelipper|Pelipper, L50, M|100/100
|switch|p2b: Basculegion|Basculegion, L50, M|100/100
|-weather|RainDance|[from] ability: Drizzle|[of] p2a: Pelipper
|-fieldstart|move: Psychic Terrain|[from] ability: Psychic Surge|[of] p1b: Indeedee
|turn|1
|
|t:|1756412024
|switch|p2a: Amoonguss|Amoonguss, L50, M|100/100
|-terastallize|p2b: Basculegion|Water
|-terastallize|p1b: Indeedee|Water
|move|p1b: Indeedee|Follow Me|p1b: Indeedee
|-singleturn|p1b: Indeedee|move: Follow Me
|move|p2b: Basculegion|Flip Turn|p1b: Indeedee
|-resisted|p1b: Indeedee
|-damage|p1b: Indeedee|51/100
|
|t:|1756412037
|switch|p2b: Pelipper|Pelipper, L50, M|100/100|[from] Flip Turn
|move|p1a: Garchomp|Swords Dance|p1a: Garchomp
|-boost|p1a: Garchomp|atk|2
|
|-weather|RainDance|[upkeep]
|upkeep
|turn|2
|inactive|cal_cvgcl has 30 seconds left.
|
|t:|1756412063
|switch|p1b: Dragonite|Dragonite, L50, M|100/100
|move|p2a: Amoonguss|Rage Powder|p2a: Amoonguss
|-singleturn|p2a: Amoonguss|move: Rage Powder
|move|p1a: Garchomp|Earthquake|p2a: Amoonguss|[spread] p2a
|-immune|p1b: Dragonite
|-immune|p2b: Pelipper
|-damage|p2a: Amoonguss|39/100
|-enditem|p2a: Amoonguss|Sitrus Berry|[eat]
|-heal|p2a: Amoonguss|64/100|[from] item: Sitrus Berry
|move|p2b: Pelipper|Hurricane|p1b: Dragonite
|-damage|p1b: Dragonite|51/100
|
|-weather|RainDance|[upkeep]
|upkeep
|turn|3
|
|t:|1756412084
|move|p1a: Garchomp|Dragon Claw|p2a: Amoonguss
|-damage|p2a: Amoonguss|0 fnt
|faint|p2a: Amoonguss
|move|p2b: Pelipper|Tailwind|p2b: Pelipper
|-sidestart|p2: cal_cvgcl|move: Tailwind
|move|p1b: Dragonite|Scale Shot|p2b: Pelipper
|-damage|p2b: Pelipper|81/100
|-damage|p2b: Pelipper|61/100
|-damage|p2b: Pelipper|40/100
|-damage|p2b: Pelipper|22/100
|-hitcount|p2b: Pelipper|4
|-unboost|p1b: Dragonite|def|1
|-boost|p1b: Dragonite|spe|1
|
|-weather|RainDance|[upkeep]
|upkeep
|
|t:|1756412101
|switch|p2a: Basculegion|Basculegion, L50, M, tera:Water|100/100
|turn|4
|
|t:|1756412125
|switch|p1b: Torkoal|Torkoal, L50, F|100/100
|-weather|SunnyDay|[from] ability: Drought|[of] p1b: Torkoal
|move|p2a: Basculegion|Last Respects|p1a: Garchomp
|-damage|p1a: Garchomp|22/100
|move|p2b: Pelipper|Hurricane|p1b: Torkoal
|-damage|p1b: Torkoal|38/100
|-start|p1b: Torkoal|confusion
|move|p1a: Garchomp|Dragon Claw|p2b: Pelipper
|-damage|p2b: Pelipper|0 fnt
|faint|p2b: Pelipper
|
|-weather|SunnyDay|[upkeep]
|upkeep
|
|t:|1756412138
|switch|p2b: Archaludon|Archaludon, L50, F|100/100
|turn|5
|
|t:|1756412159
|move|p1a: Garchomp|Protect|p1a: Garchomp
|-singleturn|p1a: Garchomp|Protect
|move|p2a: Basculegion|Last Respects|p1b: Torkoal
|-damage|p1b: Torkoal|0 fnt
|faint|p1b: Torkoal
|move|p2b: Archaludon|Body Press|p1a: Garchomp
|-activate|p1a: Garchomp|move: Protect
|
|-weather|SunnyDay|[upkeep]
|-fieldend|move: Psychic Terrain
|upkeep
|
|t:|1756412170
|switch|p1b: Indeedee|Indeedee-F, L50, F, tera:Water|51/100
|-fieldstart|move: Psychic Terrain|[from] ability: Psychic Surge|[of] p1b: Indeedee
|turn|6
|inactive|cal_cvgcl has 30 seconds left.
|
|t:|1756412202
|move|p1b: Indeedee|Follow Me|p1b: Indeedee
|-singleturn|p1b: Indeedee|move: Follow Me
|move|p2a: Basculegion|Last Respects|p1b: Indeedee
|-damage|p1b: Indeedee|0 fnt
|faint|p1b: Indeedee
|move|p2b: Archaludon|Body Press|p1a: Garchomp
|-damage|p1a: Garchomp|0 fnt
|-damage|p2b: Archaludon|88/100|[from] ability: Rough Skin|[of] p1a: Garchomp
|faint|p1a: Garchomp
|
|-weather|SunnyDay|[upkeep]
|-sideend|p2: cal_cvgcl|move: Tailwind
|upkeep
|
|t:|1756412207
|switch|p1b: Dragonite|Dragonite, L50, M|51/100
|turn|7
|-message|Lorenzo05491 forfeited.
|
|win|cal_cvgcl
||Lorenzo05491 is ready for game 2.
||cal_cvgcl is ready for game 2.
|uhtml|next|Next: Game 2 of 3
|l|☆Lorenzo05491
|player|p1|
