|j|☆wingblade33
|j|☆Vomit247
|html|wingblade33Vomit247    
|uhtml|bestof|Game 1 of a best-of-3
|t:|1785869007
|gametype|doubles
|player|p1|wingblade33|101|1204
|player|p2|Vomit247|265|1102
|gen|9
|tier|[Gen 9 Champions] VGC 2026 Reg M-B (Bo3)
|rated|
|rule|Species Clause: Limit one of each Pokémon
|rule|Item Clause: Limit 1 of each item
|clearpoke
|poke|p1|Tyranitar, L50, M|
|poke|p1|Milotic, L50, M|
|poke|p1|Farigiraf, L50, M|
|poke|p1|Gholdengo, L50|
|poke|p1|Excadrill, L50, F|
|poke|p1|Staraptor, L50, F|
|poke|p2|Archaludon, L50, M|
|poke|p2|Politoed, L50, F|
|poke|p2|Scovillain, L50, M|
|poke|p2|Sneasler, L50, F|
|poke|p2|Espathra, L50, M|
|poke|p2|Sylveon, L50, F|
|teampreview|4
|showteam|p1|Tyranitar||Tyranitarite|SandStream|KnockOff,DragonDance,RockSlide,Protect|Adamant||M|||50|]Milotic||Leftovers|Competitive|IcyWind,Scald,Haze,Protect|Calm||M|||50|]Farigiraf||SitrusBerry|ArmorTail|Psychic,TrickRoom,Roar,Thunderbolt|Modest||M|||50|]Gholdengo||LifeOrb|GoodasGold|MakeItRain,ShadowBall,NastyPlot,Protect|Modest|||||50|]Excadrill||FocusSash|SandRush|HighHorsepower,IronHead,RockSlide,Protect|Adamant||F|||50|]Staraptor||Staraptite|Intimidate|CloseCombat,BraveBird,Tailwind,Protect|Jolly||F|||50|
|showteam|p2|Archaludon||Leftovers|Stamina|Protect,ElectroShot,DragonPulse,FlashCannon|Bold||M|||50|]Politoed||MysticWater|Drizzle|Protect,WeatherBall,IceBeam,RainDance|Modest||F|||50|]Scovillain||Scovillainite|Moody|Protect,LeechSeed,RagePowder,Overheat|Calm||M|||50|]Sneasler||WhiteHerb|Unburden|Protect,FakeOut,CloseCombat,DireClaw|Jolly||F|||50|]Espathra||SitrusBerry|SpeedBoost|Protect,LuminaCrash,CalmMind,BatonPass|Bold||M|||50|]Sylveon||LifeOrb|Pixilate|Detect,Moonblast,HyperVoice,ShadowBall|Modest||F|||50|
|inactive|Battle timer is ON: inactive players will automatically lose when time's up. (requested by wingblade33)
|
|t:|1785869024
|teamsize|p1|4
|teamsize|p2|4
|start
|switch|p1a: Gholdengo|Gholdengo, L50|100/100
|switch|p1b: Excadrill|Excadrill, L50, F|100/100
|switch|p2a: Sneasler|Sneasler, L50, F|100/100
|switch|p2b: Scovillain|Scovillain, L50, M|100/100
|turn|1
|inactive|wingblade33 has 30 seconds left.
|inactive|wingblade33 has 20 seconds left.
|inactive|wingblade33 has 15 seconds left.
|
|t:|1785869068
|switch|p1a: Milotic|Milotic, L50, M|100/100
|detailschange|p2b: Scovillain|Scovillain-Mega, L50, M
|-mega|p2b: Scovillain|Scovillain|Scovillainite
|move|p1b: Excadrill|Protect|p1b: Excadrill
|-singleturn|p1b: Excadrill|Protect
|move|p2a: Sneasler|Fake Out|p1b: Excadrill
|-activate|p1b: Excadrill|move: Protect
|move|p2b: Scovillain|Overheat|p1a: Milotic
|-resisted|p1a: Milotic|1
|-damage|p1a: Milotic|81/100
|-unboost|p2b: Scovillain|spa|2
|
|-heal|p1a: Milotic|87/100|[from] item: Leftovers
|upkeep
|turn|2
|inactive|wingblade33 has 30 seconds left.
|
|t:|1785869096
|switch|p1b: Gholdengo|Gholdengo, L50|100/100
|move|p2a: Sneasler|Close Combat|p1b: Gholdengo
|-immune|p1b: Gholdengo
|move|p1a: Milotic|Scald|p2b: Scovillain
|-damage|p2b: Scovillain|69/100
|-status|p1a: Milotic|brn|[from] ability: Spicy Spray|[of] p2b: Scovillain
|move|p2b: Scovillain|Leech Seed|p1a: Milotic
|-start|p1a: Milotic|move: Leech Seed
|
|-heal|p1a: Milotic|93/100 brn|[from] item: Leftovers
|-damage|p1a: Milotic|81/100 brn|[from] Leech Seed|[of] p2b: Scovillain
|-heal|p2b: Scovillain|83/100|[silent]
|-damage|p1a: Milotic|75/100 brn|[from] brn
|upkeep
|turn|3
|inactive|wingblade33 has 30 seconds left.
|
|t:|1785869130
|switch|p2a: Archaludon|Archaludon, L50, M|100/100
|switch|p1a: Tyranitar|Tyranitar, L50, M|100/100
|-weather|Sandstorm|[from] ability: Sand Stream|[of] p1a: Tyranitar
|move|p1b: Gholdengo|Nasty Plot|p1b: Gholdengo
|-boost|p1b: Gholdengo|spa|2
|move|p2b: Scovillain|Overheat|p1b: Gholdengo|[miss]
|-miss|p2b: Scovillain|p1b: Gholdengo
|
|-weather|Sandstorm|[upkeep]
|-damage|p2b: Scovillain|77/100|[from] Sandstorm
|upkeep
|turn|4
|inactive|wingblade33 has 30 seconds left.
|
|t:|1785869159
|switch|p2b: Politoed|Politoed, L50, F|100/100
|-weather|RainDance|[from] ability: Drizzle|[of] p2b: Politoed
|move|p1b: Gholdengo|Protect|p1b: Gholdengo
|-singleturn|p1b: Gholdengo|Protect
|move|p2a: Archaludon|Protect|p2a: Archaludon
|-singleturn|p2a: Archaludon|Protect
|move|p1a: Tyranitar|Protect||[still]
|-fail|p1a: Tyranitar
|
|-weather|RainDance|[upkeep]
|upkeep
|turn|5
|inactive|Vomit247 has 30 seconds left.
|
|t:|1785869197
|switch|p2b: Scovillain|Scovillain-Mega, L50, M|77/100
|detailschange|p1a: Tyranitar|Tyranitar-Mega, L50, M
|-mega|p1a: Tyranitar|Tyranitar|Tyranitarite
|-weather|Sandstorm|[from] ability: Sand Stream|[of] p1a: Tyranitar
|move|p1b: Gholdengo|Shadow Ball|p2a: Archaludon
|-damage|p2a: Archaludon|0 fnt
|faint|p2a: Archaludon
|-damage|p1b: Gholdengo|90/100|[from] item: Life Orb
|move|p1a: Tyranitar|Dragon Dance|p1a: Tyranitar
|-boost|p1a: Tyranitar|atk|1
|-boost|p1a: Tyranitar|spe|1
|
|-weather|Sandstorm|[upkeep]
|-damage|p2b: Scovillain|72/100|[from] Sandstorm
|upkeep
|
|t:|1785869208
|switch|p2a: Politoed|Politoed, L50, F|100/100
|-weather|RainDance|[from] ability: Drizzle|[of] p2a: Politoed
|turn|6
|inactive|wingblade33 has 30 seconds left.
|
|t:|1785869237
|move|p1a: Tyranitar|Rock Slide|p2a: Politoed|[spread] p2a
|-miss|p1a: Tyranitar|p2b: Scovillain
|-damage|p2a: Politoed|42/100
|move|p1b: Gholdengo|Shadow Ball|p2a: Politoed
|-damage|p2a: Politoed|0 fnt
|faint|p2a: Politoed
|-damage|p1b: Gholdengo|80/100|[from] item: Life Orb
|move|p2b: Scovillain|Leech Seed|p1a: Tyranitar
|-start|p1a: Tyranitar|move: Leech Seed
|
|-weather|RainDance|[upkeep]
|-damage|p1a: Tyranitar|87/100|[from] Leech Seed|[of] p2b: Scovillain
|-heal|p2b: Scovillain|86/100|[silent]
|upkeep
|
|t:|1785869243
|switch|p2a: Sneasler|Sneasler, L50, F|100/100
|turn|7
|
|t:|1785869259
|switch|p1a: Milotic|Milotic, L50, M|75/100 brn
|move|p2a: Sneasler|Close Combat|p1a: Milotic
|-damage|p1a: Milotic|19/100 brn
|-unboost|p2a: Sneasler|def|1
|-unboost|p2a: Sneasler|spd|1
|-enditem|p2a: Sneasler|White Herb
|-clearnegativeboost|p2a: Sneasler|[silent]
|move|p1b: Gholdengo|Shadow Ball|p2b: Scovillain
|-damage|p2b: Scovillain|0 fnt
|-status|p1b: Gholdengo|brn|[from] ability: Spicy Spray|[of] p2b: Scovillain
|faint|p2b: Scovillain
|-damage|p1b: Gholdengo|70/100 brn|[from] item: Life Orb
|
|-weather|RainDance|[upkeep]
|-heal|p1a: Milotic|25/100 brn|[from] item: Leftovers
|-damage|p1b: Gholdengo|64/100 brn|[from] brn
|-damage|p1a: Milotic|19/100 brn|[from] brn
|upkeep
|turn|8
|-message|Vomit247 forfeited.
|
|win|wingblade33
|l|☆Vomit247
|player|p2|
||wingblade33 is ready for game 2.
||Vomit247 is ready for game 2.
|uhtml|next|Next: Game 2 of 3
