|j|☆Pietplezier7
|j|☆spearow's nest
|html|Pietplezier7spearow's nest    
|uhtml|bestof|Game 3 of a best-of-3
|t:|1756755423
|gametype|doubles
|player|p1|Pietplezier7|grimsley-gen7|1366
|player|p2|spearow's nest|lance|1264
|gen|9
|tier|[Gen 9] VGC 2025 Reg H (Bo3)
|rated|
|rule|Species Clause: Limit one of each Pokémon
|rule|Item Clause: Limit 1 of each item
|clearpoke
|poke|p1|Charizard, L50, M|
|poke|p1|Torkoal, L50, F|
|poke|p1|Porygon2, L50|
|poke|p1|Incineroar, L50, F|
|poke|p1|Jumpluff, L50, M|
|poke|p1|Ursaluna, L50, F|
|poke|p2|Rillaboom, L50, M|
|poke|p2|Dragonite, L50, M|
|poke|p2|Sneasler, L50, M|
|poke|p2|Ninetales-Alola, L50, F|
|poke|p2|Kingambit, L50, M|
|poke|p2|Magmar, L50, M|
|teampreview|4
|showteam|p1|Charizard||ChoiceSpecs|SolarPower|HeatWave,Overheat,WeatherBall,AirSlash|||M|||50|,,,,,Ghost]Torkoal||EjectPack|Drought|Eruption,Overheat,HelpingHand,Protect|||F|||50|,,,,,Fire]Porygon2||Eviolite|Download|IceBeam,TeraBlast,TrickRoom,Recover||||||50|,,,,,Fighting]Incineroar||SitrusBerry|Intimidate|FlareBlitz,KnockOff,FakeOut,PartingShot|||F|||50|,,,,,Ghost]Jumpluff||CovertCloak|Chlorophyll|SleepPowder,SunnyDay,RagePowder,Tailwind|||M|||50|,,,,,Water]Ursaluna||FlameOrb|Guts|HeadlongRush,Facade,Earthquake,Protect|||F|||50|,,,,,Ghost
|showteam|p2|Rillaboom||AssaultVest|GrassySurge|WoodHammer,GrassyGlide,HighHorsepower,FakeOut|||M|||50|,,,,,Fire]Dragonite||LoadedDice|Multiscale|Protect,ScaleShot,LowKick,Haze|||M|||50|,,,,,Fairy]Sneasler||WhiteHerb|Unburden|Protect,DireClaw,CloseCombat,Coaching|||M|||50|,,,,,Ghost]Ninetales-Alola||ChoiceSpecs|SnowWarning|Blizzard,IcyWind,Moonblast,FreezeDry|||F|||50|,,,,,Ghost]Kingambit||SafetyGoggles|Defiant|Protect,KowtowCleave,SuckerPunch,SwordsDance|||M|||50|,,,,,Dark]Magmar||Eviolite|VitalSpirit|Protect,FollowMe,Overheat,WillOWisp|||M|||50|,,,,,Ghost
|inactive|Battle timer is ON: inactive players will automatically lose when time's up. (requested by Pietplezier7)
|j| Paranoix
|j| teamthief420
|inactive|spearow's nest has 60 seconds left.
|
|t:|1756755459
|teamsize|p1|4
|teamsize|p2|4
|start
|switch|p1a: Porygon2|Porygon2, L50|100/100
|switch|p1b: Incineroar|Incineroar, L50, F|100/100
|switch|p2a: Magmar|Magmar, L50, M|100/100
|switch|p2b: Sneasler|Sneasler, L50, M|100/100
|-ability|p1b: Incineroar|Intimidate|boost
|-unboost|p2a: Magmar|atk|1
|-unboost|p2b: Sneasler|atk|1
|-ability|p1a: Porygon2|Download|boost
|-boost|p1a: Porygon2|atk|1
|-enditem|p2b: Sneasler|White Herb
|-clearnegativeboost|p2b: Sneasler|[silent]
|turn|1
|
|t:|1756755479
|switch|p2a: Rillaboom|Rillaboom, L50, M|100/100
|-fieldstart|move: Grassy Terrain|[from] ability: Grassy Surge|[of] p2a: Rillaboom
|-terastallize|p2b: Sneasler|Ghost
|move|p1b: Incineroar|Fake Out|p2b: Sneasler
|-immune|p2b: Sneasler
|move|p2b: Sneasler|Close Combat|p1a: Porygon2
|-supereffective|p1a: Porygon2
|-damage|p1a: Porygon2|22/100
|-unboost|p2b: Sneasler|def|1
|-unboost|p2b: Sneasler|spd|1
|move|p1a: Porygon2|Trick Room|p1a: Porygon2
|-fieldstart|move: Trick Room|[of] p1a: Porygon2
|
|-heal|p1a: Porygon2|29/100|[from] Grassy Terrain
|upkeep
|turn|2
|inactive|Pietplezier7 has 30 seconds left.
|
|t:|1756755508
|switch|p2b: Kingambit|Kingambit, L50, M|100/100
|move|p1a: Porygon2|Ice Beam|p2a: Rillaboom
|-supereffective|p2a: Rillaboom
|-damage|p2a: Rillaboom|59/100
|move|p1b: Incineroar|Knock Off|p2b: Kingambit
|-resisted|p2b: Kingambit
|-damage|p2b: Kingambit|86/100
|-enditem|p2b: Kingambit|Safety Goggles|[from] move: Knock Off|[of] p1b: Incineroar
|move|p2a: Rillaboom|Wood Hammer|p1a: Porygon2
|-damage|p1a: Porygon2|0 fnt
|faint|p1a: Porygon2
|-damage|p2a: Rillaboom|50/100|[from] Recoil
|
|-heal|p2b: Kingambit|91/100|[from] Grassy Terrain
|-heal|p2a: Rillaboom|56/100|[from] Grassy Terrain
|upkeep
|
|t:|1756755518
|switch|p1a: Torkoal|Torkoal, L50, F|100/100
|-weather|SunnyDay|[from] ability: Drought|[of] p1a: Torkoal
|turn|3
|
|t:|1756755542
|switch|p2a: Magmar|Magmar, L50, M|100/100
|move|p2b: Kingambit|Sucker Punch|p1a: Torkoal
|-damage|p1a: Torkoal|68/100
|move|p1a: Torkoal|Eruption|p2b: Kingambit|[spread] p2a,p2b
|-resisted|p2a: Magmar
|-supereffective|p2b: Kingambit
|-damage|p2a: Magmar|83/100
|-damage|p2b: Kingambit|0 fnt
|faint|p2b: Kingambit
|move|p1b: Incineroar|Knock Off|p2a: Magmar
|-damage|p2a: Magmar|46/100
|-enditem|p2a: Magmar|Eviolite|[from] move: Knock Off|[of] p1b: Incineroar
|
|-weather|SunnyDay|[upkeep]
|-heal|p1a: Torkoal|75/100|[from] Grassy Terrain
|-heal|p2a: Magmar|52/100|[from] Grassy Terrain
|upkeep
|
|t:|1756755553
|switch|p2b: Rillaboom|Rillaboom, L50, M|56/100
|turn|4
|inactive|Pietplezier7 has 30 seconds left.
|
|t:|1756755580
|move|p2b: Rillaboom|Fake Out|p1a: Torkoal
|-damage|p1a: Torkoal|64/100
|move|p2a: Magmar|Follow Me|p2a: Magmar
|-singleturn|p2a: Magmar|move: Follow Me
|cant|p1a: Torkoal|flinch
|move|p1b: Incineroar|Flare Blitz|p2a: Magmar
|-resisted|p2a: Magmar
|-damage|p2a: Magmar|2/100
|-damage|p1b: Incineroar|86/100|[from] Recoil
|
|-weather|SunnyDay|[upkeep]
|-heal|p1a: Torkoal|71/100|[from] Grassy Terrain
|-heal|p1b: Incineroar|92/100|[from] Grassy Terrain
|-heal|p2b: Rillaboom|62/100|[from] Grassy Terrain
|-heal|p2a: Magmar|7/100|[from] Grassy Terrain
|upkeep
|turn|5
|
|t:|1756755599
|switch|p2b: Sneasler|Sneasler, L50, M, tera:Ghost|100/100
|move|p2a: Magmar|Protect|p2a: Magmar
|-singleturn|p2a: Magmar|Protect
|move|p1a: Torkoal|Eruption|p2b: Sneasler|[spread] p2b
|-activate|p2a: Magmar|move: Protect
|-damage|p2b: Sneasler|38/100
|move|p1b: Incineroar|Flare Blitz|p2b: Sneasler
|-damage|p2b: Sneasler|0 fnt
|faint|p2b: Sneasler
|-damage|p1b: Incineroar|82/100|[from] Recoil
|
|-weather|SunnyDay|[upkeep]
|-heal|p1a: Torkoal|77/100|[from] Grassy Terrain
|-heal|p1b: Incineroar|88/100|[from] Grassy Terrain
|-heal|p2a: Magmar|13/100|[from] Grassy Terrain
|-fieldend|move: Trick Room
|-fieldend|move: Grassy Terrain
|upkeep
|
|t:|1756755611
|switch|p2b: Rillaboom|Rillaboom, L50, M|62/100
|-fieldstart|move: Grassy Terrain|[from] ability: Grassy Surge|[of] p2b: Rillaboom
|turn|6
|
|t:|1756755621
|move|p2a: Magmar|Overheat|p1a: Torkoal
|-resisted|p1a: Torkoal
|-damage|p1a: Torkoal|29/100
|-unboost|p2a: Magmar|spa|2
|move|p2b: Rillaboom|High Horsepower|p1b: Incineroar
|-supereffective|p1b: Incineroar
|-damage|p1b: Incineroar|31/100
|-enditem|p1b: Incineroar|Sitrus Berry|[eat]
|-heal|p1b: Incineroar|55/100|[from] item: Sitrus Berry
|move|p1b: Incineroar|Flare Blitz|p2b: Rillaboom
|-supereffective|p2b: Rillaboom
|-crit|p2b: Rillaboom
|-damage|p2b: Rillaboom|0 fnt
|faint|p2b: Rillaboom
|-damage|p1b: Incineroar|36/100|[from] Recoil
|move|p1a: Torkoal|Eruption|p2a: Magmar
|-resisted|p2a: Magmar
|-damage|p2a: Magmar|0 fnt
|faint|p2a: Magmar
|
|win|Pietplezier7
|raw|Pietplezier7's rating: 1366 → 1380(+14 for winning)
|raw|spearow's nest's rating: 1264 → 1246(-18 for losing)
