|j|☆Hitherepapichulo)
|j|‽Juaner95
|html|Hitherepapichulo)Juaner95    
|uhtml|bestof|Game 2 of a best-of-3
|t:|1783393651
|gametype|doubles
|player|p1|Hitherepapichulo)|265|1094
|player|p2|Juaner95|may-masters4|1150
|gen|9
|tier|[Gen 9 Champions] VGC 2026 Reg M-B (Bo3)
|rated|
|rule|Species Clause: Limit one of each Pokémon
|rule|Item Clause: Limit 1 of each item
|clearpoke
|poke|p1|Archaludon, L50, M|
|poke|p1|Dragonite, L50, M|
|poke|p1|Politoed, L50, F|
|poke|p1|Klefki, L50, M|
|poke|p1|Basculegion, L50, M|
|poke|p1|Sneasler, L50, M|
|poke|p2|Scovillain, L50, M|
|poke|p2|Basculegion, L50, M, shiny|
|poke|p2|Sylveon, L50, F, shiny|
|poke|p2|Garchomp, L50, M|
|poke|p2|Aerodactyl, L50, M|
|poke|p2|Kingambit, L50, M|
|teampreview|4
|showteam|p1|Archaludon||Leftovers|Stamina|ElectroShot,FlashCannon,Protect,Thunderbolt|Quiet||M|||50|]Dragonite||Dragoninite|InnerFocus|Hurricane,Protect,DragonPulse,ExtremeSpeed|Quiet||M|||50|]Politoed||DampRock|Drizzle|Protect,WeatherBall,IcyWind,HelpingHand|Bold||F|||50|]Klefki||MentalHerb|Prankster|LightScreen,Reflect,DazzlingGleam,Protect|Relaxed||M|||50|]Basculegion||MysticWater|SwiftSwim|WaveCrash,LastRespects,Protect,FlipTurn|Adamant||M|||50|]Sneasler||FocusSash|Unburden|CloseCombat,FakeOut,Uturn,RockSlide|Adamant||M|||50|
|showteam|p2|Scovillain||Scovillainite|Moody|Overheat,LeechSeed,RagePowder,Protect|Calm||M|||50|]Basculegion||ChoiceScarf|Adaptability|WaveCrash,LastRespects,FlipTurn,AquaJet|Jolly||M|||50|]Sylveon||FairyFeather|Pixilate|HyperVoice,HyperBeam,QuickAttack,Detect|Modest||F|||50|]Garchomp||SitrusBerry|RoughSkin|Earthquake,DragonClaw,PoisonJab,Protect|Adamant||M|||50|]Aerodactyl||Aerodactylite|Unnerve|RockSlide,DualWingbeat,Tailwind,Protect|Jolly||M|||50|]Kingambit||FocusSash|Defiant|KowtowCleave,IronHead,LowKick,SuckerPunch|Adamant||M|||50|
|inactive|Battle timer is ON: inactive players will automatically lose when time's up. (requested by Hitherepapichulo))
|inactive|Juaner95 has 60 seconds left.
|inactive|Juaner95 has 30 seconds left.
|inactive|Juaner95 has 20 seconds left.
|
|t:|1783393748
|teamsize|p1|4
|teamsize|p2|4
|start
|switch|p1a: Sneasler|Sneasler, L50, M|100/100
|switch|p1b: Klefki|Klefki, L50, M|100/100
|switch|p2a: Aerodactyl|Aerodactyl, L50, M|100/100
|switch|p2b: Basculegion|Basculegion, L50, M, shiny|100/100
|-ability|p2a: Aerodactyl|Unnerve
|turn|1
|
|t:|1783393767
|move|p2a: Aerodactyl|Protect|p2a: Aerodactyl
|-singleturn|p2a: Aerodactyl|Protect
|move|p1a: Sneasler|Fake Out|p2a: Aerodactyl
|-activate|p2a: Aerodactyl|move: Protect
|move|p1b: Klefki|Reflect|p1b: Klefki
|-sidestart|p1: Hitherepapichulo)|Reflect
|move|p2b: Basculegion|Flip Turn|p1a: Sneasler
|-damage|p1a: Sneasler|54/100
|inactive|Juaner95 has 30 seconds left.
|inactive|Juaner95 has 20 seconds left.
|inactive|Juaner95 has 15 seconds left.
|
|t:|1783393809
|switch|p2b: Garchomp|Garchomp, L50, M|100/100|[from] Flip Turn
|
|upkeep
|turn|2
|
|t:|1783393832
|detailschange|p2a: Aerodactyl|Aerodactyl-Mega, L50, M
|-mega|p2a: Aerodactyl|Aerodactyl|Aerodactylite
|move|p2a: Aerodactyl|Tailwind|p2a: Aerodactyl
|-sidestart|p2: Juaner95|move: Tailwind
|move|p2b: Garchomp|Earthquake|p1b: Klefki|[spread] p1a,p1b
|-immune|p2a: Aerodactyl
|-supereffective|p1a: Sneasler|1
|-supereffective|p1b: Klefki|1
|-damage|p1a: Sneasler|0 fnt
|-damage|p1b: Klefki|48/100
|faint|p1a: Sneasler
|move|p1b: Klefki|Dazzling Gleam|p2a: Aerodactyl|[spread] p2a,p2b
|-supereffective|p2b: Garchomp|1
|-damage|p2a: Aerodactyl|82/100
|-damage|p2b: Garchomp|68/100
|
|upkeep
|inactive|Hitherepapichulo) has 30 seconds left.
|inactive|Hitherepapichulo) has 20 seconds left.
|inactive|Hitherepapichulo) has 15 seconds left.
|inactive|Hitherepapichulo) has 10 seconds left.
|
|t:|1783393880
|switch|p1a: Archaludon|Archaludon, L50, M|100/100
|turn|3
|
|t:|1783393890
|move|p2a: Aerodactyl|Rock Slide|p1a: Archaludon|[spread] p1a,p1b
|-resisted|p1a: Archaludon|1
|-resisted|p1b: Klefki|1
|-damage|p1a: Archaludon|93/100
|-damage|p1b: Klefki|38/100
|-ability|p1a: Archaludon|Stamina|boost
|-boost|p1a: Archaludon|def|1
|move|p2b: Garchomp|Earthquake|p1b: Klefki|[spread] p1a,p1b
|-immune|p2a: Aerodactyl
|-supereffective|p1a: Archaludon|1
|-supereffective|p1b: Klefki|1
|-damage|p1a: Archaludon|64/100
|-damage|p1b: Klefki|0 fnt
|-ability|p1a: Archaludon|Stamina|boost
|-boost|p1a: Archaludon|def|1
|faint|p1b: Klefki
|cant|p1a: Archaludon|flinch
|
|-heal|p1a: Archaludon|70/100|[from] item: Leftovers
|upkeep
|inactive|Hitherepapichulo) has 30 seconds left.
|
|t:|1783393915
|switch|p1b: Basculegion|Basculegion, L50, M|100/100
|turn|4
|
|t:|1783393924
|move|p2a: Aerodactyl|Rock Slide|p1b: Basculegion|[spread] p1a,p1b
|-resisted|p1a: Archaludon|1
|-damage|p1a: Archaludon|66/100
|-damage|p1b: Basculegion|78/100
|-ability|p1a: Archaludon|Stamina|boost
|-boost|p1a: Archaludon|def|1
|move|p2b: Garchomp|Earthquake|p1a: Archaludon|[spread] p1a,p1b
|-immune|p2a: Aerodactyl
|-supereffective|p1a: Archaludon|1
|-damage|p1a: Archaludon|49/100
|-damage|p1b: Basculegion|46/100
|-ability|p1a: Archaludon|Stamina|boost
|-boost|p1a: Archaludon|def|1
|move|p1b: Basculegion|Last Respects|p2b: Garchomp
|-damage|p2b: Garchomp|3/100
|-enditem|p2b: Garchomp|Sitrus Berry|[eat]
|-heal|p2b: Garchomp|28/100|[from] item: Sitrus Berry
|move|p1a: Archaludon|Flash Cannon|p2a: Aerodactyl
|-supereffective|p2a: Aerodactyl|1
|-crit|p2a: Aerodactyl
|-damage|p2a: Aerodactyl|0 fnt
|faint|p2a: Aerodactyl
|
|-heal|p1a: Archaludon|55/100|[from] item: Leftovers
|upkeep
|
|t:|1783393944
|switch|p2a: Basculegion|Basculegion, L50, M, shiny|100/100
|turn|5
|inactive|Juaner95 has 30 seconds left.
|
|t:|1783393974
|move|p2a: Basculegion|Flip Turn|p1b: Basculegion
|-resisted|p1b: Basculegion|1
|-damage|p1b: Basculegion|31/100
|
|t:|1783393977
|switch|p2a: Sylveon|Sylveon, L50, F, shiny|100/100|[from] Flip Turn
|move|p2b: Garchomp|Dragon Claw|p1b: Basculegion
|-damage|p1b: Basculegion|0 fnt
|faint|p1b: Basculegion
|move|p1a: Archaludon|Thunderbolt|p2a: Sylveon
|-damage|p2a: Sylveon|79/100
|
|-heal|p1a: Archaludon|61/100|[from] item: Leftovers
|-sideend|p1: Hitherepapichulo)|Reflect
|-sideend|p2: Juaner95|move: Tailwind
|upkeep
|turn|6
|
|t:|1783393988
|move|p2a: Sylveon|Detect|p2a: Sylveon
|-singleturn|p2a: Sylveon|Protect
|move|p2b: Garchomp|Earthquake|p1a: Archaludon|[spread] p1a
|-activate|p2a: Sylveon|move: Protect
|-supereffective|p1a: Archaludon|1
|-damage|p1a: Archaludon|39/100
|-ability|p1a: Archaludon|Stamina|boost
|-boost|p1a: Archaludon|def|1
|move|p1a: Archaludon|Flash Cannon|p2a: Sylveon
|-activate|p2a: Sylveon|move: Protect
|
|-heal|p1a: Archaludon|45/100|[from] item: Leftovers
|upkeep
|turn|7
|
|t:|1783394011
|move|p2b: Garchomp|Dragon Claw|p1a: Archaludon
|-damage|p1a: Archaludon|34/100
|-ability|p1a: Archaludon|Stamina|boost
|-boost|p1a: Archaludon|def|1
|move|p1a: Archaludon|Flash Cannon|p2a: Sylveon
|-supereffective|p2a: Sylveon|1
|-damage|p2a: Sylveon|24/100
|move|p2a: Sylveon|Hyper Voice|p1a: Archaludon
|-damage|p1a: Archaludon|0 fnt
|faint|p1a: Archaludon
|
|win|Juaner95
|raw|Hitherepapichulo)'s rating: 1094 → 1074(-20 for losing)
|raw|Juaner95's rating: 1150 → 1171(+21 for winning)
|l|☆Hitherepapichulo)
|player|p1|
