|j|☆royalroyalpooppir
|j|☆uPinhuu
|html|royalroyalpooppiruPinhuu    
|uhtml|bestof|Game 1 of a best-of-3
|t:|1785447404
|gametype|doubles
|player|p1|royalroyalpooppir|169|1277
|player|p2|uPinhuu|266|1077
|gen|9
|tier|[Gen 9 Champions] VGC 2026 Reg M-B (Bo3)
|rated|
|rule|Species Clause: Limit one of each Pokémon
|rule|Item Clause: Limit 1 of each item
|clearpoke
|poke|p1|Glimmora, L50, F|
|poke|p1|Gyarados, L50, F|
|poke|p1|Meganium, L50, M|
|poke|p1|Hydreigon, L50, M|
|poke|p1|Gholdengo, L50|
|poke|p1|Talonflame, L50, M|
|poke|p2|Aerodactyl, L50, F|
|poke|p2|Kangaskhan, L50, F|
|poke|p2|Sylveon, L50, M|
|poke|p2|Farigiraf, L50, F|
|poke|p2|Torkoal, L50, F, shiny|
|poke|p2|Kingambit, L50, F, shiny|
|teampreview|4
|showteam|p1|Glimmora||Glimmoranite|ToxicDebris|SludgeBomb,PowerGem,SpikyShield,EarthPower|Timid||F|||50|]Gyarados||SitrusBerry|Intimidate|Waterfall,IcyWind,Taunt,Protect|Careful||F|||50|]Meganium||Meganiumite|LeafGuard|SolarBeam,DazzlingGleam,Protect,WeatherBall|Modest||M|||50|]Hydreigon||ChoiceScarf|Levitate|DracoMeteor,DarkPulse,Snarl,EarthPower|Modest||M|||50|]Gholdengo||LifeOrb|GoodasGold|MakeItRain,ShadowBall,NastyPlot,Protect|Modest|||||50|]Talonflame||SharpBeak|GaleWings|DualWingbeat,Tailwind,Protect,WillOWisp|Jolly||M|||50|
|showteam|p2|Aerodactyl||Aerodactylite|Unnerve|RockSlide,DualWingbeat,Tailwind,Protect|Adamant||F|||50|]Kangaskhan||Kangaskhanite|Scrappy|DoubleEdge,LowKick,IcePunch,FakeOut|Adamant||F|||50|]Sylveon||FairyFeather|Pixilate|HyperVoice,HyperBeam,QuickAttack,Detect|Modest||M|||50|]Farigiraf||SitrusBerry|ArmorTail|Psychic,Thunderbolt,TrickRoom,HelpingHand|Sassy||F|||50|]Torkoal||Charcoal|Drought|Eruption,HeatWave,WeatherBall,Protect|Modest||F|||50|]Kingambit||FocusSash|Defiant|KowtowCleave,IronHead,SuckerPunch,LowKick|Adamant||F|||50|
|inactive|Battle timer is ON: inactive players will automatically lose when time's up. (requested by royalroyalpooppir)
|
|t:|1785447458
|teamsize|p1|4
|teamsize|p2|4
|start
|switch|p1a: Gholdengo|Gholdengo, L50|100/100
|switch|p1b: Gyarados|Gyarados, L50, F|100/100
|switch|p2a: Aerodactyl|Aerodactyl, L50, F|100/100
|switch|p2b: Farigiraf|Farigiraf, L50, F|100/100
|-ability|p2a: Aerodactyl|Unnerve
|-ability|p1b: Gyarados|Intimidate|boost
|-unboost|p2a: Aerodactyl|atk|1
|-unboost|p2b: Farigiraf|atk|1
|turn|1
|inactive|uPinhuu has 30 seconds left.
|
|t:|1785447490
|switch|p2a: Kingambit|Kingambit, L50, F, shiny|100/100
|move|p1a: Gholdengo|Make It Rain|p2a: Kingambit|[spread] p2a
|-miss|p1a: Gholdengo|p2b: Farigiraf
|-resisted|p2a: Kingambit|1
|-damage|p2a: Kingambit|66/100
|-unboost|p1a: Gholdengo|spa|2
|-damage|p1a: Gholdengo|90/100|[from] item: Life Orb
|move|p1b: Gyarados|Taunt|p2b: Farigiraf
|-start|p2b: Farigiraf|move: Taunt
|move|p2b: Farigiraf|Thunderbolt|p1b: Gyarados
|-supereffective|p1b: Gyarados|2
|-damage|p1b: Gyarados|28/100
|-enditem|p1b: Gyarados|Sitrus Berry|[eat]
|-heal|p1b: Gyarados|53/100|[from] item: Sitrus Berry
|
|upkeep
|turn|2
|
|t:|1785447515
|switch|p1a: Meganium|Meganium, L50, M|100/100
|move|p2a: Kingambit|Kowtow Cleave|p1a: Meganium
|-damage|p1a: Meganium|50/100g
|move|p1b: Gyarados|Waterfall|p2a: Kingambit
|-damage|p2a: Kingambit|35/100
|move|p2b: Farigiraf|Thunderbolt|p1b: Gyarados
|-supereffective|p1b: Gyarados|2
|-damage|p1b: Gyarados|0 fnt
|faint|p1b: Gyarados
|
|upkeep
|
|t:|1785447528
|switch|p1b: Gholdengo|Gholdengo, L50|90/100
|turn|3
|
|t:|1785447536
|detailschange|p1a: Meganium|Meganium-Mega, L50, M
|-mega|p1a: Meganium|Meganium|Meganiumite
|move|p1b: Gholdengo|Nasty Plot|p1b: Gholdengo
|-boost|p1b: Gholdengo|spa|2
|move|p1a: Meganium|Weather Ball|p2a: Kingambit
|-supereffective|p2a: Kingambit|1
|-damage|p2a: Kingambit|0 fnt
|faint|p2a: Kingambit
|move|p2b: Farigiraf|Psychic|p1a: Meganium
|-damage|p1a: Meganium|20/100y
|
|-end|p2b: Farigiraf|move: Taunt
|upkeep
|
|t:|1785447556
|switch|p2a: Aerodactyl|Aerodactyl, L50, F|100/100
|-ability|p2a: Aerodactyl|Unnerve
|turn|4
|
|t:|1785447571
|detailschange|p2a: Aerodactyl|Aerodactyl-Mega, L50, F
|-mega|p2a: Aerodactyl|Aerodactyl|Aerodactylite
|move|p2b: Farigiraf|Helping Hand|p2a: Aerodactyl
|-singleturn|p2a: Aerodactyl|Helping Hand|[of] p2b: Farigiraf
|move|p1a: Meganium|Protect|p1a: Meganium
|-singleturn|p1a: Meganium|Protect
|move|p2a: Aerodactyl|Rock Slide|p1a: Meganium|[spread] p1b
|-activate|p1a: Meganium|move: Protect
|-resisted|p1b: Gholdengo|1
|-damage|p1b: Gholdengo|64/100
|cant|p1b: Gholdengo|flinch
|
|upkeep
|turn|5
|
|t:|1785447587
|move|p2b: Farigiraf|Helping Hand|p2a: Aerodactyl
|-singleturn|p2a: Aerodactyl|Helping Hand|[of] p2b: Farigiraf
|move|p1a: Meganium|Protect|p1a: Meganium
|-singleturn|p1a: Meganium|Protect
|move|p2a: Aerodactyl|Rock Slide|p1a: Meganium|[spread] p1b
|-activate|p1a: Meganium|move: Protect
|-resisted|p1b: Gholdengo|1
|-damage|p1b: Gholdengo|39/100
|move|p1b: Gholdengo|Make It Rain|p2b: Farigiraf|[spread] p2a,p2b
|-supereffective|p2a: Aerodactyl|1
|-damage|p2a: Aerodactyl|0 fnt
|-damage|p2b: Farigiraf|0 fnt
|-unboost|p1b: Gholdengo|spa|2
|faint|p2a: Aerodactyl
|faint|p2b: Farigiraf
|-damage|p1b: Gholdengo|29/100|[from] item: Life Orb
|
|upkeep
|
|t:|1785447612
|switch|p2b: Sylveon|Sylveon, L50, M|100/100
|turn|6
|l|☆royalroyalpooppir
|inactive|royalroyalpooppir disconnected and has a minute to reconnect!
|player|p1|
|j|☆royalroyalpooppir
|inactive|royalroyalpooppir reconnected and has 40 seconds left.
|player|p1|royalroyalpooppir|169|
|
|t:|1785447631
|move|p1b: Gholdengo|Make It Rain|p2b: Sylveon
|-supereffective|p2b: Sylveon|1
|-damage|p2b: Sylveon|0 fnt
|-unboost|p1b: Gholdengo|spa|2
|faint|p2b: Sylveon
|-damage|p1b: Gholdengo|19/100|[from] item: Life Orb
|
|win|royalroyalpooppir
|l|☆royalroyalpooppir
|player|p1|
||royalroyalpooppir is ready for game 2.
|inactive|uPinhuu has 30 seconds to confirm battle start!
|j|☆royalroyalpooppir
|player|p1|royalroyalpooppir|169|
||uPinhuu is ready for game 2.
|uhtml|next|Next: Game 2 of 3
|l|☆royalroyalpooppir
|player|p1|
