|j|☆WhatIsBreadnaught
|j|☆testdigi
|html|WhatIsBreadnaughttestdigi    
|uhtml|bestof|Game 3 of a best-of-3
|t:|1784897370
|gametype|doubles
|player|p1|WhatIsBreadnaught|volkner|1051
|player|p2|testdigi|101|1070
|gen|9
|tier|[Gen 9 Champions] VGC 2026 Reg M-B (Bo3)
|rated|
|rule|Species Clause: Limit one of each Pokémon
|rule|Item Clause: Limit 1 of each item
|clearpoke
|poke|p1|Pyroar, L50, F|
|poke|p1|Vileplume, L50, F|
|poke|p1|Torkoal, L50, F|
|poke|p1|Incineroar, L50, F|
|poke|p1|Floette-Eternal, L50, F|
|poke|p1|Farigiraf, L50, F|
|poke|p2|Raichu, L50, M|
|poke|p2|Tyranitar, L50, F|
|poke|p2|Mamoswine, L50, F|
|poke|p2|Sylveon, L50, M|
|poke|p2|Corviknight, L50, F|
|poke|p2|Basculegion, L50, M|
|teampreview|4
|showteam|p1|Pyroar||Pyroarite|Unnerve|Protect,Overheat,HeatWave,SolarBeam|Timid||F|||50|]Vileplume||FocusSash|Chlorophyll|SleepPowder,AfterYou,SludgeBomb,SolarBeam|Timid||F|||50|]Torkoal||Charcoal|Drought|Protect,HelpingHand,Eruption,WeatherBall|Quiet||F|||50|]Incineroar||WhiteHerb|Intimidate|FakeOut,FlareBlitz,DarkestLariat,CloseCombat|Brave||F|||50|]Floette-Eternal||Floettite|FlowerVeil|Protect,CalmMind,Moonblast,DrainingKiss|Modest||F|||50|]Farigiraf||SitrusBerry|ArmorTail|HelpingHand,TrickRoom,Psychic,Thunderbolt|Relaxed||F|||50|
|showteam|p2|Raichu||RaichuniteY|LightningRod|ZapCannon,FocusBlast,FakeOut,Protect|Timid||M|||50|]Tyranitar||ChoiceScarf|SandStream|KnockOff,RockBlast,IceBeam,LowKick|Adamant||F|||50|]Mamoswine||LifeOrb|Oblivious|StompingTantrum,IceShard,RockSlide,Protect|Adamant||F|||50|]Sylveon||FairyFeather|Pixilate|HyperVoice,QuickAttack,Yawn,Detect|Modest||M|||50|]Corviknight||OccaBerry|MirrorArmor|IronHead,BraveBird,Tailwind,Protect|Adamant||F|||50|]Basculegion||FocusSash|Adaptability|LastRespects,Liquidation,AquaJet,Protect|Jolly||M|||50|
|inactive|Battle timer is ON: inactive players will automatically lose when time's up. (requested by WhatIsBreadnaught)
|
|t:|1784897429
|teamsize|p1|4
|teamsize|p2|4
|start
|switch|p1a: Farigiraf|Farigiraf, L50, F|100/100
|switch|p1b: Vileplume|Vileplume, L50, F|100/100
|switch|p2a: Raichu|Raichu, L50, M|100/100
|switch|p2b: Sylveon|Sylveon, L50, M|100/100
|turn|1
|inactive|WhatIsBreadnaught has 30 seconds left.
|inactive|testdigi has 30 seconds left.
|inactive|WhatIsBreadnaught has 20 seconds left.
|inactive|WhatIsBreadnaught has 15 seconds left.
|inactive|WhatIsBreadnaught has 10 seconds left.
|
|t:|1784897475
|detailschange|p2a: Raichu|Raichu-Mega-Y, L50, M
|-mega|p2a: Raichu|Raichu|Raichunite Y
|move|p2a: Raichu|Zap Cannon|p1a: Farigiraf
|-crit|p1a: Farigiraf
|-damage|p1a: Farigiraf|9/100
|-status|p1a: Farigiraf|par
|-enditem|p1a: Farigiraf|Sitrus Berry|[eat]
|-heal|p1a: Farigiraf|34/100 par|[from] item: Sitrus Berry
|move|p1b: Vileplume|Sleep Powder|p2a: Raichu
|-status|p2a: Raichu|slp|[from] move: Sleep Powder
|move|p2b: Sylveon|Yawn|p1b: Vileplume
|-start|p1b: Vileplume|move: Yawn|[of] p2b: Sylveon
|move|p1a: Farigiraf|Trick Room|p1a: Farigiraf
|-fieldstart|move: Trick Room|[of] p1a: Farigiraf
|
|upkeep
|turn|2
|inactive|WhatIsBreadnaught has 30 seconds left.
|
|t:|1784897506
|switch|p1a: Torkoal|Torkoal, L50, F|100/100
|-weather|SunnyDay|[from] ability: Drought|[of] p1a: Torkoal
|move|p2b: Sylveon|Detect|p2b: Sylveon
|-singleturn|p2b: Sylveon|Protect
|cant|p2a: Raichu|slp
|move|p1b: Vileplume|Sludge Bomb|p2b: Sylveon
|-activate|p2b: Sylveon|move: Protect
|
|-weather|SunnyDay|[upkeep]
|-end|p1b: Vileplume|move: Yawn|[silent]
|-status|p1b: Vileplume|slp
|upkeep
|turn|3
|
|t:|1784897525
|switch|p2a: Tyranitar|Tyranitar, L50, F|100/100
|-weather|Sandstorm|[from] ability: Sand Stream|[of] p2a: Tyranitar
|move|p2b: Sylveon|Quick Attack|p1a: Torkoal
|-resisted|p1a: Torkoal|1
|-damage|p1a: Torkoal|94/100
|move|p1a: Torkoal|Eruption|p2a: Tyranitar|[spread] p2a,p2b
|-resisted|p2a: Tyranitar|1
|-damage|p2a: Tyranitar|82/100
|-damage|p2b: Sylveon|58/100
|cant|p1b: Vileplume|slp
|
|-weather|Sandstorm|[upkeep]
|-damage|p1a: Torkoal|88/100|[from] Sandstorm
|-damage|p2b: Sylveon|52/100|[from] Sandstorm
|-damage|p1b: Vileplume|94/100 slp|[from] Sandstorm
|upkeep
|turn|4
|
|t:|1784897548
|move|p1a: Torkoal|Protect|p1a: Torkoal
|-singleturn|p1a: Torkoal|Protect
|move|p2b: Sylveon|Yawn|p1a: Torkoal
|-activate|p1a: Torkoal|move: Protect
|cant|p1b: Vileplume|slp
|move|p2a: Tyranitar|Knock Off|p1b: Vileplume
|-damage|p1b: Vileplume|24/100 slp
|-enditem|p1b: Vileplume|Focus Sash|[from] move: Knock Off|[of] p2a: Tyranitar
|
|-weather|Sandstorm|[upkeep]
|-damage|p1a: Torkoal|82/100|[from] Sandstorm
|-damage|p2b: Sylveon|47/100|[from] Sandstorm
|-damage|p1b: Vileplume|18/100 slp|[from] Sandstorm
|upkeep
|turn|5
|inactive|WhatIsBreadnaught has 30 seconds left.
|
|t:|1784897574
|switch|p1a: Farigiraf|Farigiraf, L50, F|34/100 par
|switch|p2a: Raichu|Raichu-Mega-Y, L50, M|100/100 slp
|move|p2b: Sylveon|Detect|p2b: Sylveon
|-singleturn|p2b: Sylveon|Protect
|-curestatus|p1b: Vileplume|slp|[msg]
|move|p1b: Vileplume|Sludge Bomb|p2b: Sylveon
|-activate|p2b: Sylveon|move: Protect
|
|-weather|Sandstorm|[upkeep]
|-damage|p1a: Farigiraf|28/100 par|[from] Sandstorm
|-damage|p2b: Sylveon|41/100|[from] Sandstorm
|-damage|p1b: Vileplume|12/100|[from] Sandstorm
|-damage|p2a: Raichu|93/100 slp|[from] Sandstorm
|-fieldend|move: Trick Room
|upkeep
|turn|6
|
|t:|1784897588
|switch|p2b: Corviknight|Corviknight, L50, F|100/100
|cant|p2a: Raichu|slp
|move|p1b: Vileplume|After You|p1a: Farigiraf
|-activate|p1a: Farigiraf|move: After You
|move|p1a: Farigiraf|Trick Room|p1a: Farigiraf
|-fieldstart|move: Trick Room|[of] p1a: Farigiraf
|
|-weather|Sandstorm|[upkeep]
|-damage|p1a: Farigiraf|22/100 par|[from] Sandstorm
|-damage|p1b: Vileplume|6/100|[from] Sandstorm
|-damage|p2a: Raichu|87/100 slp|[from] Sandstorm
|upkeep
|turn|7
|inactive|WhatIsBreadnaught has 30 seconds left.
|inactive|WhatIsBreadnaught has 20 seconds left.
|
|t:|1784897624
|move|p1a: Farigiraf|Thunderbolt|p2b: Corviknight
|-supereffective|p2b: Corviknight|1
|-crit|p2b: Corviknight
|-damage|p2b: Corviknight|34/100
|move|p2b: Corviknight|Brave Bird|p1a: Farigiraf
|-damage|p1a: Farigiraf|0 fnt
|faint|p1a: Farigiraf
|-damage|p2b: Corviknight|26/100|[from] Recoil
|move|p1b: Vileplume|Sludge Bomb|p2a: Raichu
|-damage|p2a: Raichu|29/100 slp
|-curestatus|p2a: Raichu|slp|[msg]
|move|p2a: Raichu|Zap Cannon|p1b: Vileplume
|-resisted|p1b: Vileplume|1
|-damage|p1b: Vileplume|0 fnt
|faint|p1b: Vileplume
|
|-weather|none
|upkeep
|
|t:|1784897641
|switch|p1a: Pyroar|Pyroar, L50, F|100/100
|switch|p1b: Torkoal|Torkoal, L50, F|82/100
|-ability|p1a: Pyroar|Unnerve
|-weather|SunnyDay|[from] ability: Drought|[of] p1b: Torkoal
|turn|8
|inactive|WhatIsBreadnaught has 30 seconds left.
|
|t:|1784897673
|switch|p2a: Tyranitar|Tyranitar, L50, F|82/100
|-weather|Sandstorm|[from] ability: Sand Stream|[of] p2a: Tyranitar
|detailschange|p1a: Pyroar|Pyroar-Mega, L50, F
|-mega|p1a: Pyroar|Pyroar|Pyroarite
|move|p2b: Corviknight|Protect|p2b: Corviknight
|-singleturn|p2b: Corviknight|Protect
|move|p1b: Torkoal|Eruption|p2b: Corviknight|[spread] p2a
|-activate|p2b: Corviknight|move: Protect
|-resisted|p2a: Tyranitar|1
|-damage|p2a: Tyranitar|68/100
|move|p1a: Pyroar|Solar Beam||[still]
|-prepare|p1a: Pyroar|Solar Beam
|
|-weather|Sandstorm|[upkeep]
|-damage|p1b: Torkoal|76/100|[from] Sandstorm
|-damage|p1a: Pyroar|93/100|[from] Sandstorm
|upkeep
|turn|9
|inactive|WhatIsBreadnaught has 30 seconds left.
|inactive|testdigi has 30 seconds left.
|inactive|testdigi has 20 seconds left.
|
|t:|1784897709
|switch|p2a: Sylveon|Sylveon, L50, M|41/100
|move|p2b: Corviknight|Protect|p2b: Corviknight
|-singleturn|p2b: Corviknight|Protect
|move|p1b: Torkoal|Weather Ball|p2a: Sylveon
|-damage|p2a: Sylveon|19/100
|move|p1a: Pyroar|Solar Beam|p2b: Corviknight|[from] lockedmove
|-activate|p2b: Corviknight|move: Protect
|
|-weather|Sandstorm|[upkeep]
|-damage|p1b: Torkoal|70/100|[from] Sandstorm
|-damage|p2a: Sylveon|13/100|[from] Sandstorm
|-damage|p1a: Pyroar|87/100|[from] Sandstorm
|upkeep
|turn|10
|inactive|WhatIsBreadnaught has 30 seconds left.
|
|t:|1784897738
|move|p2a: Sylveon|Quick Attack|p1a: Pyroar
|-resisted|p1a: Pyroar|1
|-damage|p1a: Pyroar|80/100
|move|p1b: Torkoal|Weather Ball|p2b: Corviknight
|-damage|p2b: Corviknight|0 fnt
|faint|p2b: Corviknight
|move|p1a: Pyroar|Heat Wave|p2a: Sylveon
|-damage|p2a: Sylveon|0 fnt
|faint|p2a: Sylveon
|
|-weather|Sandstorm|[upkeep]
|-damage|p1b: Torkoal|63/100|[from] Sandstorm
|-damage|p1a: Pyroar|74/100|[from] Sandstorm
|-fieldend|move: Trick Room
|upkeep
|
|t:|1784897746
|switch|p2b: Tyranitar|Tyranitar, L50, F|68/100
|switch|p2a: Raichu|Raichu-Mega-Y, L50, M|29/100
|turn|11
|inactive|testdigi has 30 seconds left.
|inactive|testdigi has 20 seconds left.
|
|t:|1784897782
|move|p1a: Pyroar|Protect|p1a: Pyroar
|-singleturn|p1a: Pyroar|Protect
|move|p2a: Raichu|Protect|p2a: Raichu
|-singleturn|p2a: Raichu|Protect
|move|p1b: Torkoal|Protect|p1b: Torkoal
|-singleturn|p1b: Torkoal|Protect
|move|p2b: Tyranitar|Knock Off|p1b: Torkoal
|-activate|p1b: Torkoal|move: Protect
|
|-weather|Sandstorm|[upkeep]
|-damage|p1a: Pyroar|68/100|[from] Sandstorm
|-damage|p2a: Raichu|22/100|[from] Sandstorm
|-damage|p1b: Torkoal|57/100|[from] Sandstorm
|upkeep
|turn|12
|inactive|WhatIsBreadnaught has 30 seconds left.
|inactive|WhatIsBreadnaught has 20 seconds left.
|
|t:|1784897822
|move|p1a: Pyroar|Heat Wave|p2b: Tyranitar|[spread] p2a,p2b
|-crit|p2a: Raichu
|-resisted|p2b: Tyranitar|1
|-damage|p2a: Raichu|0 fnt
|-damage|p2b: Tyranitar|50/100g
|faint|p2a: Raichu
|move|p2b: Tyranitar|Knock Off|p1b: Torkoal
|-damage|p1b: Torkoal|23/100
|-enditem|p1b: Torkoal|Charcoal|[from] move: Knock Off|[of] p2b: Tyranitar
|move|p1b: Torkoal|Weather Ball|p2b: Tyranitar
|-damage|p2b: Tyranitar|31/100
|
|-weather|none
|upkeep
|turn|13
|inactive|WhatIsBreadnaught has 30 seconds left.
|
|t:|1784897852
|move|p1b: Torkoal|Helping Hand|p1a: Pyroar
|-singleturn|p1a: Pyroar|Helping Hand|[of] p1b: Torkoal
|move|p1a: Pyroar|Overheat|p2b: Tyranitar
|-resisted|p2b: Tyranitar|1
|-damage|p2b: Tyranitar|0 fnt
|-unboost|p1a: Pyroar|spa|2
|faint|p2b: Tyranitar
|
|win|WhatIsBreadnaught
