|j|☆TreyBayBay
|j|☆kurapikt07
|html|TreyBayBaykurapikt07    
|uhtml|bestof|Game 2 of a best-of-3
|t:|1757937948
|gametype|doubles
|player|p1|TreyBayBay|ninjaboy|1094
|player|p2|kurapikt07|pokemonbreeder|1081
|gen|9
|tier|[Gen 9] VGC 2025 Reg H (Bo3)
|rated|
|rule|Species Clause: Limit one of each Pokémon
|rule|Item Clause: Limit 1 of each item
|clearpoke
|poke|p1|Ninetales-Alola, L50, M|
|poke|p1|Farigiraf, L50, F|
|poke|p1|Sneasler, L50, M|
|poke|p1|Incineroar, L50, F|
|poke|p1|Archaludon, L50, F|
|poke|p1|Hydreigon, L50, M|
|poke|p2|Meowscarada, L50, M|
|poke|p2|Talonflame, L50, M|
|poke|p2|Crabominable, L50, F|
|poke|p2|Farigiraf, L50, F|
|poke|p2|Tauros-Paldea-Blaze, L50, M|
|poke|p2|Electabuzz, L50, F|
|teampreview|4
|showteam|p1|Ninetales-Alola||LightClay|SnowWarning|Protect,Blizzard,Moonblast,AuroraVeil|||M|||50|,,,,,Ghost]Farigiraf||ThroatSpray|ArmorTail|ExpandingForce,HyperVoice,TrickRoom,Imprison|||F|||50|,,,,,Fairy]Sneasler||FocusSash|PoisonTouch|FakeOut,DireClaw,CloseCombat,Taunt|||M|||50|,,,,,Stellar]Incineroar||SafetyGoggles|Intimidate|FakeOut,FlareBlitz,KnockOff,WillOWisp|||F|||50|,,,,,Ghost]Archaludon||AssaultVest|Stamina|DracoMeteor,FlashCannon,BodyPress,Thunderbolt|||F|||50|,,,,,Bug]Hydreigon||CovertCloak|Levitate|Snarl,EarthPower,HeatWave,Tailwind|||M|||50|,,,,,Ghost
|showteam|p2|Meowscarada||FocusSash|Overgrow|FlowerTrick,TrickRoom,Taunt,PollenPuff|||M|||50|,,,,,Ghost]Talonflame||EjectButton|GaleWings|BraveBird,Uturn,Tailwind,Taunt|||M|||50|,,,,,Ghost]Crabominable||CovertCloak|AngerPoint|DrainPunch,IceSpinner,KnockOff,WideGuard|||F|||50|,,,,,Flying]Farigiraf||IronBall|ArmorTail|ZenHeadbutt,TeraBlast,PsychUp,TrickRoom|||F|||50|,,,,,Fairy]Tauros-Paldea-Blaze||WideLens|AngerPoint|Earthquake,RockSlide,Protect,RagingBull|||M|||50|,,,,,Grass]Electabuzz||Eviolite|Static|FollowMe,Discharge,Thunderbolt,ThunderWave|||F|||50|,,,,,Grass
|
|t:|1757937970
|teamsize|p1|4
|teamsize|p2|4
|start
|switch|p1a: Hydreigon|Hydreigon, L50, M, shiny|100/100
|switch|p1b: Ninetales|Ninetales-Alola, L50, M, shiny|100/100
|switch|p2a: Meowscarada|Meowscarada, L50, M|100/100
|switch|p2b: Crabominable|Crabominable, L50, F|100/100
|-weather|Snowscape|[from] ability: Snow Warning|[of] p1b: Ninetales
|turn|1
|
|t:|1757938030
|move|p2a: Meowscarada|Flower Trick|p2b: Crabominable
|-crit|p2b: Crabominable
|-damage|p2b: Crabominable|75/100
|-setboost|p2b: Crabominable|atk|6|[from] ability: Anger Point
|move|p1b: Ninetales|Moonblast|p2b: Crabominable
|-supereffective|p2b: Crabominable
|-damage|p2b: Crabominable|0 fnt
|faint|p2b: Crabominable
|move|p1a: Hydreigon|Heat Wave|p2a: Meowscarada
|-supereffective|p2a: Meowscarada
|-enditem|p2a: Meowscarada|Focus Sash
|-damage|p2a: Meowscarada|1/100
|
|-weather|Snowscape|[upkeep]
|upkeep
|
|t:|1757938044
|switch|p2b: Electabuzz|Electabuzz, L50, F|100/100
|turn|2
|
|t:|1757938066
|move|p1b: Ninetales|Blizzard|p2b: Electabuzz|[spread] p2a,p2b
|-supereffective|p2a: Meowscarada
|-damage|p2a: Meowscarada|0 fnt
|-damage|p2b: Electabuzz|76/100
|faint|p2a: Meowscarada
|move|p1a: Hydreigon|Tailwind|p1a: Hydreigon
|-sidestart|p1: TreyBayBay|move: Tailwind
|move|p2b: Electabuzz|Discharge|p1a: Hydreigon|[spread] p1a,p1b
|-resisted|p1a: Hydreigon
|-damage|p1a: Hydreigon|89/100
|-damage|p1b: Ninetales|74/100
|
|-weather|Snowscape|[upkeep]
|upkeep
|
|t:|1757938076
|switch|p2a: Farigiraf|Farigiraf, L50, F|100/100
|turn|3
|
|t:|1757938092
|-terastallize|p2a: Farigiraf|Fairy
|move|p1b: Ninetales|Aurora Veil|p1b: Ninetales
|-sidestart|p1: TreyBayBay|move: Aurora Veil
|move|p1a: Hydreigon|Snarl|p2a: Farigiraf|[spread] p2a,p2b
|-resisted|p2a: Farigiraf
|-damage|p2a: Farigiraf|90/100
|-damage|p2b: Electabuzz|60/100
|-unboost|p2a: Farigiraf|spa|1
|-unboost|p2b: Electabuzz|spa|1
|move|p2b: Electabuzz|Thunder Wave|p1b: Ninetales
|-status|p1b: Ninetales|par
|move|p2a: Farigiraf|Tera Blast|p1a: Hydreigon|[anim] Tera Blast Fairy
|-supereffective|p1a: Hydreigon
|-damage|p1a: Hydreigon|0 fnt
|faint|p1a: Hydreigon
|
|-weather|Snowscape|[upkeep]
|upkeep
|inactive|Battle timer is ON: inactive players will automatically lose when time's up. (requested by kurapikt07)
|
|t:|1757938106
|switch|p1a: Incineroar|Incineroar, L50, F|100/100
|-ability|p1a: Incineroar|Intimidate|boost
|-unboost|p2a: Farigiraf|atk|1
|-unboost|p2b: Electabuzz|atk|1
|turn|4
|
|t:|1757938125
|move|p2b: Electabuzz|Follow Me|p2b: Electabuzz
|-singleturn|p2b: Electabuzz|move: Follow Me
|move|p1b: Ninetales|Blizzard|p2a: Farigiraf|[spread] p2a,p2b
|-damage|p2a: Farigiraf|63/100
|-damage|p2b: Electabuzz|37/100
|-status|p2a: Farigiraf|frz
|move|p1a: Incineroar|Knock Off|p2b: Electabuzz
|-damage|p2b: Electabuzz|0 fnt
|-enditem|p2b: Electabuzz|Eviolite|[from] move: Knock Off|[of] p1a: Incineroar
|faint|p2b: Electabuzz
|cant|p2a: Farigiraf|frz
|
|-weather|Snowscape|[upkeep]
|upkeep
|turn|5
|
|t:|1757938144
|move|p1b: Ninetales|Blizzard|p2a: Farigiraf
|-damage|p2a: Farigiraf|23/100 frz
|move|p1a: Incineroar|Flare Blitz|p2a: Farigiraf
|-damage|p2a: Farigiraf|0 fnt
|faint|p2a: Farigiraf
|-damage|p1a: Incineroar|92/100|[from] Recoil
|
|win|TreyBayBay
|raw|TreyBayBay's rating: 1094 → 1119(+25 for winning)
|raw|kurapikt07's rating: 1081 → 1060(-21 for losing)
