|j|☆ctg01
|j|☆olliethegoat
|html|ctg01olliethegoat    
|uhtml|bestof|Game 1 of a best-of-3
|t:|1783265541
|gametype|doubles
|player|p1|ctg01|blue|1088
|player|p2|olliethegoat|102|1015
|gen|9
|tier|[Gen 9 Champions] VGC 2026 Reg M-B (Bo3)
|rated|
|rule|Species Clause: Limit one of each Pokémon
|rule|Item Clause: Limit 1 of each item
|clearpoke
|poke|p1|Charizard, L50, M|
|poke|p1|Staraptor, L50, M|
|poke|p1|Garchomp, L50, M|
|poke|p1|Basculegion, L50, M|
|poke|p1|Whimsicott, L50, F|
|poke|p1|Kingambit, L50, M, shiny|
|poke|p2|Charizard, L50, F|
|poke|p2|Blastoise, L50, F|
|poke|p2|Venusaur, L50, M|
|poke|p2|Sceptile, L50, M|
|poke|p2|Swampert, L50, M|
|poke|p2|Blaziken, L50, M|
|teampreview|4
|showteam|p1|Charizard||CharizarditeY|Blaze|HeatWave,Overheat,SolarBeam,Protect|Timid||M|||50|]Staraptor||Staraptite|Intimidate|CloseCombat,BraveBird,Roost,Protect|Jolly||M|||50|]Garchomp||LifeOrb|RoughSkin|DragonClaw,Earthquake,RockSlide,Protect|Jolly||M|||50|]Basculegion||ChoiceScarf|Adaptability|WaveCrash,LastRespects,FlipTurn,AquaJet|Jolly||M|||50|]Whimsicott||FocusSash|Prankster|Moonblast,Charm,Tailwind,Encore|Timid||F|||50|]Kingambit||ChopleBerry|Defiant|KowtowCleave,SuckerPunch,IronHead,Protect|Adamant||M|||50|
|showteam|p2|Charizard||CharizarditeY|SolarPower|HeatWave,WeatherBall,AirSlash,Protect|Timid||F|||50|]Blastoise||WhiteHerb|Torrent|WaterSpout,HydroPump,IceBeam,ShellSmash|Modest||F|||50|]Venusaur||Leftovers|Chlorophyll|LeechSeed,Protect,GigaDrain,Toxic|Timid||M|||50|]Sceptile||SitrusBerry|Overgrow|EnergyBall,Protect,FocusBlast,EarthPower|Timid||M|||50|]Swampert||Swampertite|Damp|WaveCrash,Earthquake,RockSlide,Protect|Adamant||M|||50|]Blaziken||FocusSash|SpeedBoost|Protect,BlazeKick,StoneEdge,HighJumpKick|Adamant||M|||50|
|inactive|Battle timer is ON: inactive players will automatically lose when time's up. (requested by ctg01)
|c|☆ctg01|hf
|
|t:|1783265561
|teamsize|p1|4
|teamsize|p2|4
|start
|switch|p1a: Staraptor|Staraptor, L50, M|100/100
|switch|p1b: Whimsicott|Whimsicott, L50, F|100/100
|switch|p2a: Charizard|Charizard, L50, F|100/100
|switch|p2b: Blastoise|Blastoise, L50, F|100/100
|-ability|p1a: Staraptor|Intimidate|boost
|-unboost|p2a: Charizard|atk|1
|-unboost|p2b: Blastoise|atk|1
|-enditem|p2b: Blastoise|White Herb
|-clearnegativeboost|p2b: Blastoise|[silent]
|turn|1
|inactive|ctg01 has 30 seconds left.
|inactive|olliethegoat has 30 seconds left.
|
|t:|1783265590
|detailschange|p2a: Charizard|Charizard-Mega-Y, L50, F
|-mega|p2a: Charizard|Charizard|Charizardite Y
|-weather|SunnyDay|[from] ability: Drought|[of] p2a: Charizard
|detailschange|p1a: Staraptor|Staraptor-Mega, L50, M
|-mega|p1a: Staraptor|Staraptor|Staraptite
|move|p1b: Whimsicott|Charm|p1a: Staraptor
|-boost|p1a: Staraptor|atk|2
|move|p1a: Staraptor|Close Combat|p2b: Blastoise
|-damage|p2b: Blastoise|0 fnt
|-boost|p1a: Staraptor|def|1
|-boost|p1a: Staraptor|spd|1
|faint|p2b: Blastoise
|move|p2a: Charizard|Heat Wave|p1b: Whimsicott|[spread] p1b
|-miss|p2a: Charizard|p1a: Staraptor
|-supereffective|p1b: Whimsicott|1
|-enditem|p1b: Whimsicott|Focus Sash
|-damage|p1b: Whimsicott|1/100
|
|-weather|SunnyDay|[upkeep]
|upkeep
|c|☆olliethegoat|Bruh
|
|t:|1783265606
|switch|p2b: Venusaur|Venusaur, L50, M|100/100
|turn|2
|
|t:|1783265617
|move|p1b: Whimsicott|Tailwind|p1b: Whimsicott
|-sidestart|p1: ctg01|move: Tailwind
|move|p1a: Staraptor|Brave Bird|p2a: Charizard
|-damage|p2a: Charizard|0 fnt
|faint|p2a: Charizard
|-damage|p1a: Staraptor|73/100|[from] Recoil
|move|p2b: Venusaur|Toxic|p1a: Staraptor
|-status|p1a: Staraptor|tox
|
|-weather|SunnyDay|[upkeep]
|-damage|p1a: Staraptor|67/100 tox|[from] psn
|upkeep
|
|t:|1783265621
|switch|p2a: Blaziken|Blaziken, L50, M|100/100
|turn|3
|c|☆ctg01|sadvibes buddy
|
|t:|1783265635
|move|p2a: Blaziken|Protect|p2a: Blaziken
|-singleturn|p2a: Blaziken|Protect
|move|p1b: Whimsicott|Encore|p2b: Venusaur
|-start|p2b: Venusaur|Encore
|move|p1a: Staraptor|Roost|p1a: Staraptor
|-heal|p1a: Staraptor|100/100 tox
|-singleturn|p1a: Staraptor|move: Roost
|move|p2b: Venusaur|Toxic|p1a: Staraptor
|-fail|p1a: Staraptor|tox
|
|-weather|SunnyDay|[upkeep]
|-damage|p1a: Staraptor|88/100 tox|[from] psn
|-ability|p2a: Blaziken|Speed Boost|boost
|-boost|p2a: Blaziken|spe|1
|upkeep
|turn|4
|c|☆ctg01|gg1
|c|☆ctg01|sry for miss
|inactive|olliethegoat has 30 seconds left.
|
|t:|1783265662
|move|p1b: Whimsicott|Encore|p2a: Blaziken
|-start|p2a: Blaziken|Encore
|move|p2a: Blaziken|Protect||[still]
|-fail|p2a: Blaziken
|move|p1a: Staraptor|Brave Bird|p2b: Venusaur
|-supereffective|p2b: Venusaur|1
|-damage|p2b: Venusaur|0 fnt
|faint|p2b: Venusaur
|-damage|p1a: Staraptor|56/100 tox|[from] Recoil
|
|-weather|SunnyDay|[upkeep]
|-damage|p1a: Staraptor|38/100 tox|[from] psn
|-ability|p2a: Blaziken|Speed Boost|boost
|-boost|p2a: Blaziken|spe|1
|upkeep
|turn|5
|
|t:|1783265675
|move|p2a: Blaziken|Protect|p2a: Blaziken
|-singleturn|p2a: Blaziken|Protect
|move|p1b: Whimsicott|Charm|p2a: Blaziken
|-activate|p2a: Blaziken|move: Protect
|move|p1a: Staraptor|Roost|p1a: Staraptor
|-heal|p1a: Staraptor|89/100 tox
|-singleturn|p1a: Staraptor|move: Roost
|
|-weather|none
|-damage|p1a: Staraptor|65/100 tox|[from] psn
|-sideend|p1: ctg01|move: Tailwind
|-ability|p2a: Blaziken|Speed Boost|boost
|-boost|p2a: Blaziken|spe|1
|upkeep
|turn|6
|c|☆olliethegoat|Even when it ends im jsut locked in again
|c|☆olliethegoat|This is hell
|
|t:|1783265696
|move|p2a: Blaziken|Protect||[still]
|-fail|p2a: Blaziken
|move|p1b: Whimsicott|Moonblast|p2a: Blaziken
|-damage|p2a: Blaziken|46/100
|move|p1a: Staraptor|Brave Bird|p2a: Blaziken
|-supereffective|p2a: Blaziken|1
|-damage|p2a: Blaziken|0 fnt
|faint|p2a: Blaziken
|-damage|p1a: Staraptor|53/100 tox|[from] Recoil
|
|win|ctg01
