|j|☆FL4M3F1R3
|j|☆lettitripppp
|html|FL4M3F1R3lettitripppp    
|uhtml|bestof|Game 1 of a best-of-3
|t:|1782766656
|gametype|doubles
|player|p1|FL4M3F1R3|169|1099
|player|p2|lettitripppp|lucas|1176
|gen|9
|tier|[Gen 9 Champions] VGC 2026 Reg M-B (Bo3)
|rated|
|rule|Species Clause: Limit one of each Pokémon
|rule|Item Clause: Limit 1 of each item
|clearpoke
|poke|p1|Espathra, L50, F, shiny|
|poke|p1|Aegislash, L50, M, shiny|
|poke|p1|Eelektross, L50, M, shiny|
|poke|p1|Dragalge, L50, F, shiny|
|poke|p1|Toxapex, L50, M, shiny|
|poke|p1|Palafin, L50, F, shiny|
|poke|p2|Charizard, L50, M|
|poke|p2|Floette-Eternal, L50, F|
|poke|p2|Basculegion, L50, M, shiny|
|poke|p2|Garchomp, L50, F|
|poke|p2|Whimsicott, L50, M, shiny|
|poke|p2|Kingambit, L50, F|
|teampreview|4
|showteam|p1|Espathra||ColburBerry|Frisk|SkillSwap,LuminaCrash,Protect,TrickRoom|Timid||F|||50|]Aegislash||OccaBerry|StanceChange|KingsShield,WideGuard,ShadowBall,FlashCannon|Bold||M|||50|]Eelektross||Eelektrossite|Levitate|Protect,Thunderbolt,Flamethrower,DragonPulse|Modest||M|||50|]Dragalge||Dragalgite|Adaptability|Protect,SludgeBomb,DragonPulse,Toxic|Bold||F|||50|]Toxapex||Leftovers|Regenerator|BanefulBunker,Toxic,Infestation,Recover|Bold||M|||50|]Palafin||MysticWater|ZerotoHero|Protect,JetPunch,WaveCrash,CloseCombat|Adamant||F|||50|
|showteam|p2|Charizard||CharizarditeY|Blaze|WeatherBall,SolarBeam,HeatWave,Protect|Modest||M|||50|]Floette-Eternal||Floettite|FlowerVeil|DazzlingGleam,LightofRuin,Moonblast,Protect|Timid||F|||50|]Basculegion||MysticWater|Adaptability|LastRespects,WaveCrash,AquaJet,Protect|Adamant||M|||50|]Garchomp||LifeOrb|RoughSkin|DragonClaw,Earthquake,RockSlide,Protect|Jolly||F|||50|]Whimsicott||FocusSash|Prankster|Moonblast,Tailwind,Encore,Protect|Timid||M|||50|]Kingambit||ChopleBerry|Defiant|KowtowCleave,SuckerPunch,IronHead,LowKick|Adamant||F|||50|
|inactive|Battle timer is ON: inactive players will automatically lose when time's up. (requested by lettitripppp)
|inactive|FL4M3F1R3 has 60 seconds left.
|inactive|lettitripppp has 60 seconds left.
|
|t:|1782766692
|teamsize|p1|4
|teamsize|p2|4
|start
|switch|p1a: Dragalge|Dragalge, L50, F, shiny|100/100
|switch|p1b: Toxapex|Toxapex, L50, M, shiny|100/100
|switch|p2a: AGNI|Charizard, L50, M|100/100
|switch|p2b: LETS GO GO|Whimsicott, L50, M, shiny|100/100
|turn|1
|inactive|FL4M3F1R3 has 30 seconds left.
|
|t:|1782766725
|switch|p2b: CRUSH SHARK|Garchomp, L50, F|100/100
|switch|p2a: GENERAL BLADUS|Kingambit, L50, F|100/100
|detailschange|p1a: Dragalge|Dragalge-Mega, L50, F, shiny
|-mega|p1a: Dragalge|Dragalge|Dragalgite
|move|p1a: Dragalge|Sludge Bomb|p2b: CRUSH SHARK
|-resisted|p2b: CRUSH SHARK|1
|-damage|p2b: CRUSH SHARK|76/100
|move|p1b: Toxapex|Toxic|p2a: GENERAL BLADUS
|-immune|p2a: GENERAL BLADUS
|
|upkeep
|turn|2
|
|t:|1782766745
|move|p1b: Toxapex|Baneful Bunker|p1b: Toxapex
|-singleturn|p1b: Toxapex|move: Protect
|move|p2b: CRUSH SHARK|Earthquake|p1a: Dragalge|[spread] p2a,p1a
|-activate|p1b: Toxapex|move: Protect
|-supereffective|p2a: GENERAL BLADUS|1
|-supereffective|p1a: Dragalge|1
|-damage|p2a: GENERAL BLADUS|30/100
|-damage|p1a: Dragalge|12/100
|-damage|p2b: CRUSH SHARK|66/100|[from] item: Life Orb
|move|p2a: GENERAL BLADUS|Kowtow Cleave|p1b: Toxapex
|-activate|p1b: Toxapex|move: Protect
|move|p1a: Dragalge|Sludge Bomb|p2b: CRUSH SHARK
|-resisted|p2b: CRUSH SHARK|1
|-damage|p2b: CRUSH SHARK|41/100
|
|upkeep
|turn|3
|inactive|FL4M3F1R3 has 30 seconds left.
|
|t:|1782766773
|switch|p2a: AGNI|Charizard, L50, M|100/100
|switch|p1b: Palafin|Palafin, L50, F, shiny|100/100
|move|p1a: Dragalge|Protect|p1a: Dragalge
|-singleturn|p1a: Dragalge|Protect
|move|p2b: CRUSH SHARK|Earthquake|p1b: Palafin|[spread] p1b
|-activate|p1a: Dragalge|move: Protect
|-immune|p2a: AGNI
|-damage|p1b: Palafin|41/100
|-damage|p2b: CRUSH SHARK|32/100|[from] item: Life Orb
|
|upkeep
|turn|4
|
|t:|1782766788
|-heal|p1a: Dragalge|45/100|[from] ability: Regenerator|[silent]
|switch|p1a: Toxapex|Toxapex, L50, M, shiny|100/100
|detailschange|p2a: AGNI|Charizard-Mega-Y, L50, M
|-mega|p2a: AGNI|Charizard|Charizardite Y
|-weather|SunnyDay|[from] ability: Drought|[of] p2a: AGNI
|move|p1b: Palafin|Jet Punch|p2a: AGNI
|-supereffective|p2a: AGNI|1
|-damage|p2a: AGNI|71/100
|move|p2b: CRUSH SHARK|Earthquake|p1b: Palafin|[spread] p1a,p1b
|-immune|p2a: AGNI
|-supereffective|p1a: Toxapex|1
|-damage|p1a: Toxapex|33/100
|-damage|p1b: Palafin|0 fnt
|faint|p1b: Palafin
|-damage|p2b: CRUSH SHARK|22/100|[from] item: Life Orb
|move|p2a: AGNI|Solar Beam||[still]
|-prepare|p2a: AGNI|Solar Beam
|-anim|p2a: AGNI|Solar Beam|p1a: Toxapex
|-damage|p1a: Toxapex|0 fnt
|faint|p1a: Toxapex
|
|-weather|SunnyDay|[upkeep]
|upkeep
|
|t:|1782766808
|switch|p1b: Espathra|Espathra, L50, F, shiny|100/100
|switch|p1a: Dragalge|Dragalge-Mega, L50, F, shiny|45/100
|-item|p2a: AGNI|Charizardite Y|[from] ability: Frisk|[of] p1b: Espathra
|-item|p2b: CRUSH SHARK|Life Orb|[from] ability: Frisk|[of] p1b: Espathra
|turn|5
|
|t:|1782766824
|move|p2b: CRUSH SHARK|Earthquake|p1a: Dragalge|[spread] p1a,p1b
|-immune|p2a: AGNI
|-supereffective|p1a: Dragalge|1
|-damage|p1a: Dragalge|0 fnt
|-damage|p1b: Espathra|32/100
|faint|p1a: Dragalge
|-damage|p2b: CRUSH SHARK|12/100|[from] item: Life Orb
|move|p1b: Espathra|Lumina Crash|p2a: AGNI
|-damage|p2a: AGNI|47/100
|-unboost|p2a: AGNI|spd|2
|move|p2a: AGNI|Weather Ball|p1b: Espathra
|-damage|p1b: Espathra|0 fnt
|faint|p1b: Espathra
|
|win|lettitripppp
||FL4M3F1R3 is ready for game 2.
|inactive|lettitripppp has 30 seconds to confirm battle start!
