|j|☆sandy ghost 5
|j|☆caZISA
|html|sandy ghost 5caZISA    
|uhtml|bestof|Game 3 of a best-of-3
|t:|1756923727
|gametype|doubles
|player|p1|sandy ghost 5|baker|1340
|player|p2|caZISA|red|1341
|gen|9
|tier|[Gen 9] VGC 2025 Reg H (Bo3)
|rated|
|rule|Species Clause: Limit one of each Pokémon
|rule|Item Clause: Limit 1 of each item
|clearpoke
|poke|p1|Tyranitar, L50, M|
|poke|p1|Excadrill, L50, F|
|poke|p1|Sinistcha-Masterpiece, L50|
|poke|p1|Salamence, L50, F|
|poke|p1|Blaziken, L50, M|
|poke|p1|Bruxish, L50, M|
|poke|p2|Garchomp, L50, M|
|poke|p2|Tyranitar, L50, F|
|poke|p2|Rillaboom, L50, F|
|poke|p2|Volcarona, L50, F|
|poke|p2|Sneasler, L50, M|
|poke|p2|Gholdengo, L50|
|teampreview|4
|showteam|p1|Tyranitar||ClearAmulet|SandStream|RockSlide,KnockOff,DragonDance,Protect|||M|||50|,,,,,Grass]Excadrill||AssaultVest|SandRush|Earthquake,IronHead,HighHorsepower,RockSlide|||F|||50|,,,,,Ghost]Sinistcha-Masterpiece||SitrusBerry|Hospitality|ShadowBall,MatchaGotcha,RagePowder,Protect||||||50|,,,,,Dark]Salamence||LifeOrb|Intimidate|DracoMeteor,AirSlash,Protect,Tailwind|||F|||50|,,,,,Ghost]Blaziken||CovertCloak|SpeedBoost|AuraSphere,HeatWave,Coaching,WillOWisp|||M|||50|,,,,,Dragon]Bruxish||ChoiceScarf|Dazzling|PsychicFangs,FlipTurn,WaveCrash,SuperFang|||M|||50|,,,,,Water
|showteam|p2|Garchomp||ClearAmulet|SandVeil|DragonClaw,StompingTantrum,SwordsDance,Protect|||M|||50|,,,,,Fire]Tyranitar||AssaultVest|SandStream|RockSlide,KnockOff,TeraBlast,LowKick|||F|||50|,,,,,Flying]Rillaboom||MiracleSeed|GrassySurge|FakeOut,GrassyGlide,WoodHammer,Uturn|||F|||50|,,,,,Grass]Volcarona||RockyHelmet|FlameBody|Flamethrower,StruggleBug,RagePowder,Protect|||F|||50|,,,,,Water]Sneasler||GrassySeed|Unburden|DireClaw,CloseCombat,ThroatChop,Protect|||M|||50|,,,,,Dark]Gholdengo||MetalCoat|GoodasGold|MakeItRain,ShadowBall,NastyPlot,Protect||||||50|,,,,,Dragon
|j| Auragap
|
|t:|1756923785
|teamsize|p1|4
|teamsize|p2|4
|start
|switch|p1a: Puppet|Sinistcha-Masterpiece, L50|100/100
|switch|p1b: Salamence|Salamence, L50, F|100/100
|switch|p2a: Anchor|Garchomp, L50, M|100/100
|switch|p2b: Volcarona|Volcarona, L50, F|100/100
|-ability|p1b: Salamence|Intimidate|boost
|-fail|p2a: Anchor|unboost|[from] item: Clear Amulet|[of] p2a: Anchor
|-unboost|p2b: Volcarona|atk|1
|turn|1
|
|t:|1756923797
|-terastallize|p1b: Salamence|Ghost
|move|p2b: Volcarona|Rage Powder|p2b: Volcarona
|-singleturn|p2b: Volcarona|move: Rage Powder
|move|p2a: Anchor|Dragon Claw|p1b: Salamence
|-damage|p1b: Salamence|48/100
|move|p1b: Salamence|Air Slash|p2b: Volcarona
|-supereffective|p2b: Volcarona
|-damage|p2b: Volcarona|15/100
|-damage|p1b: Salamence|38/100|[from] item: Life Orb
|move|p1a: Puppet|Matcha Gotcha|p2a: Anchor|[spread] p2a,p2b
|-resisted|p2b: Volcarona
|-damage|p2a: Anchor|67/100
|-damage|p2b: Volcarona|9/100
|
|upkeep
|turn|2
|inactive|Battle timer is ON: inactive players will automatically lose when time's up. (requested by caZISA)
|
|t:|1756923820
|move|p1a: Puppet|Rage Powder|p1a: Puppet
|-singleturn|p1a: Puppet|move: Rage Powder
|move|p2a: Anchor|Dragon Claw|p1a: Puppet
|-damage|p1a: Puppet|61/100
|move|p1b: Salamence|Air Slash|p2b: Volcarona
|-supereffective|p2b: Volcarona
|-damage|p2b: Volcarona|0 fnt
|faint|p2b: Volcarona
|-damage|p1b: Salamence|28/100|[from] item: Life Orb
|
|upkeep
|
|t:|1756923832
|switch|p2b: Tyranitar|Tyranitar, L50, F, shiny|100/100
|-weather|Sandstorm|[from] ability: Sand Stream|[of] p2b: Tyranitar
|turn|3
|inactive|sandy ghost 5 has 30 seconds left.
|
|t:|1756923862
|move|p2a: Anchor|Protect|p2a: Anchor
|-singleturn|p2a: Anchor|Protect
|move|p1b: Salamence|Protect|p1b: Salamence
|-singleturn|p1b: Salamence|Protect
|move|p1a: Puppet|Protect|p1a: Puppet
|-singleturn|p1a: Puppet|Protect
|move|p2b: Tyranitar|Rock Slide|p1a: Puppet|[spread] 
|-activate|p1a: Puppet|move: Protect
|-activate|p1b: Salamence|move: Protect
|
|-weather|Sandstorm|[upkeep]
|-damage|p1b: Salamence|22/100|[from] Sandstorm
|-damage|p1a: Puppet|55/100|[from] Sandstorm
|upkeep
|turn|4
|
|t:|1756923878
|move|p1a: Puppet|Rage Powder|p1a: Puppet
|-singleturn|p1a: Puppet|move: Rage Powder
|move|p2a: Anchor|Dragon Claw|p1a: Puppet
|-damage|p1a: Puppet|12/100
|-enditem|p1a: Puppet|Sitrus Berry|[eat]
|-heal|p1a: Puppet|37/100|[from] item: Sitrus Berry
|move|p1b: Salamence|Air Slash|p2a: Anchor
|-damage|p2a: Anchor|15/100
|-damage|p1b: Salamence|12/100|[from] item: Life Orb
|move|p2b: Tyranitar|Rock Slide|p1a: Puppet|[spread] p1a,p1b
|-damage|p1a: Puppet|5/100
|-damage|p1b: Salamence|0 fnt
|faint|p1b: Salamence
|
|-weather|Sandstorm|[upkeep]
|-damage|p1a: Puppet|0 fnt|[from] Sandstorm
|faint|p1a: Puppet
|upkeep
|
|t:|1756923893
|switch|p1b: Blaziken|Blaziken, L50, M|100/100
|switch|p1a: Excadrill|Excadrill, L50, F|100/100
|turn|5
|inactive|sandy ghost 5 has 30 seconds left.
|inactive|sandy ghost 5 has 20 seconds left.
|inactive|sandy ghost 5 has 15 seconds left.
|
|t:|1756923935
|-terastallize|p2b: Tyranitar|Flying
|move|p2a: Anchor|Protect|p2a: Anchor
|-singleturn|p2a: Anchor|Protect
|move|p1a: Excadrill|Iron Head|p2a: Anchor
|-activate|p2a: Anchor|move: Protect
|move|p1b: Blaziken|Coaching|p1a: Excadrill
|-boost|p1a: Excadrill|atk|1
|-boost|p1a: Excadrill|def|1
|move|p2b: Tyranitar|Tera Blast|p1b: Blaziken|[anim] Tera Blast Flying
|-supereffective|p1b: Blaziken
|-damage|p1b: Blaziken|0 fnt
|faint|p1b: Blaziken
|
|-weather|Sandstorm|[upkeep]
|-damage|p2b: Tyranitar|95/100|[from] Sandstorm
|upkeep
|turn|6
|
|t:|1756923955
|move|p1a: Excadrill|Rock Slide|p2b: Tyranitar|[spread] p2a,p2b
|-resisted|p2a: Anchor
|-supereffective|p2b: Tyranitar
|-damage|p2a: Anchor|0 fnt
|-damage|p2b: Tyranitar|42/100
|faint|p2a: Anchor
|cant|p2b: Tyranitar|flinch
|
|-weather|Sandstorm|[upkeep]
|-damage|p2b: Tyranitar|36/100|[from] Sandstorm
|upkeep
|
|t:|1756923958
|switch|p2a: Sneasler|Sneasler, L50, M|100/100
|turn|7
|
|t:|1756923971
|move|p2a: Sneasler|Protect|p2a: Sneasler
|-singleturn|p2a: Sneasler|Protect
|move|p1a: Excadrill|Rock Slide|p2b: Tyranitar|[spread] 
|-activate|p2a: Sneasler|move: Protect
|-miss|p1a: Excadrill|p2b: Tyranitar
|move|p2b: Tyranitar|Low Kick|p1a: Excadrill
|-supereffective|p1a: Excadrill
|-damage|p1a: Excadrill|52/100
|
|-weather|none
|upkeep
|turn|8
|c|☆sandy ghost 5|gg
|c|☆caZISA|gg
|
|t:|1756923980
|move|p2a: Sneasler|Close Combat|p1a: Excadrill
|-supereffective|p1a: Excadrill
|-damage|p1a: Excadrill|0 fnt
|-unboost|p2a: Sneasler|def|1
|-unboost|p2a: Sneasler|spd|1
|faint|p1a: Excadrill
|
|win|caZISA
|raw|sandy ghost 5's rating: 1340 → 1320(-20 for losing)
|raw|caZISA's rating: 1341 → 1361(+20 for winning)
