|j|☆bonome musulman
|j|☆activoo
|html|bonome musulmanactivoo    
|uhtml|bestof|Game 2 of a best-of-3
|t:|1782740537
|gametype|doubles
|player|p1|bonome musulman|burglar|
|player|p2|activoo|2|
|gen|9
|tier|[Gen 9 Champions] VGC 2026 Reg M-B (Bo3)
|rule|Species Clause: Limit one of each Pokémon
|rule|Item Clause: Limit 1 of each item
|clearpoke
|poke|p1|Staraptor, L50, F|
|poke|p1|Sinistcha, L50|
|poke|p1|Farigiraf, L50, F|
|poke|p1|Barbaracle, L50, F|
|poke|p1|Torkoal, L50, M|
|poke|p1|Sylveon, L50, F|
|poke|p2|Mawile, L50, F, shiny|
|poke|p2|Farigiraf, L50, M|
|poke|p2|Kangaskhan, L50, F, shiny|
|poke|p2|Charizard, L50, F, shiny|
|poke|p2|Whimsicott, L50, F|
|poke|p2|Garchomp, L50, F|
|teampreview|4
|showteam|p1|Staraptor||ChoiceScarf|Intimidate|FinalGambit,CloseCombat,BraveBird,Uturn|Jolly||F|||50|]Sinistcha||LifeOrb|Hospitality|MatchaGotcha,ShadowBall,RagePowder,Protect|Quiet|||||50|]Farigiraf||MentalHerb|ArmorTail|PsychicFangs,TrickRoom,SkillSwap,HelpingHand|Relaxed||F|||50|]Barbaracle||Barbaracite|Sniper|RockSlide,CloseCombat,Protect,ShellSmash|Adamant||F|||50|]Torkoal||Charcoal|Drought|Eruption,HeatWave,WeatherBall,Protect|Quiet||M|||50|]Sylveon||FairyFeather|Pixilate|HyperVoice,QuickAttack,Detect,CalmMind|Quiet||F|||50|
|showteam|p2|Mawile||Mawilite|Intimidate|Protect,SuckerPunch,IronHead,PlayRough|Brave||F|||50|]Farigiraf||SitrusBerry|ArmorTail|Protect,Psychic,TrickRoom,HelpingHand|Sassy||M|||50|]Kangaskhan||SilkScarf|Scrappy|FakeOut,LastResort|Adamant||F|||50|]Charizard||CharizarditeY|Blaze|HeatWave,Protect,WeatherBall,SolarBeam|Timid||F|||50|]Whimsicott||FocusSash|Prankster|Moonblast,SunnyDay,Protect,Tailwind|Timid||F|||50|]Garchomp||SoftSand|RoughSkin|Earthquake,DragonClaw,Protect,RockSlide|Adamant||F|||50|
|inactive|Battle timer is ON: inactive players will automatically lose when time's up. (requested by bonome musulman)
|inactive|activoo has 60 seconds left.
|
|t:|1782740581
|teamsize|p1|4
|teamsize|p2|4
|start
|switch|p1a: Staraptor|Staraptor, L50, F|100/100
|switch|p1b: Farigiraf|Farigiraf, L50, F|100/100
|switch|p2a: Whimsicott|Whimsicott, L50, F|100/100
|switch|p2b: Mawile|Mawile, L50, F, shiny|100/100
|-ability|p1a: Staraptor|Intimidate|boost
|-unboost|p2a: Whimsicott|atk|1
|-unboost|p2b: Mawile|atk|1
|-ability|p2b: Mawile|Intimidate|boost
|-unboost|p1a: Staraptor|atk|1
|-unboost|p1b: Farigiraf|atk|1
|turn|1
|inactive|bonome musulman has 30 seconds left.
|inactive|bonome musulman has 20 seconds left.
|
|t:|1782740620
|switch|p2a: Farigiraf|Farigiraf, L50, M|100/100
|move|p2b: Mawile|Protect|p2b: Mawile
|-singleturn|p2b: Mawile|Protect
|move|p1a: Staraptor|Final Gambit|p2b: Mawile
|-activate|p2b: Mawile|move: Protect
|move|p1b: Farigiraf|Trick Room|p1b: Farigiraf
|-fieldstart|move: Trick Room|[of] p1b: Farigiraf
|
|upkeep
|turn|2
|inactive|activoo has 30 seconds left.
|inactive|activoo has 20 seconds left.
|
|t:|1782740657
|switch|p2b: Whimsicott|Whimsicott, L50, F|100/100
|move|p2a: Farigiraf|Psychic|p1a: Staraptor
|-damage|p1a: Staraptor|52/100
|move|p1b: Farigiraf|Skill Swap|p2b: Whimsicott
|-activate|p1b: Farigiraf|Skill Swap|Prankster|Armor Tail|[of] p2b: Whimsicott
|move|p1a: Staraptor|Final Gambit|p2a: Farigiraf
|-damage|p2a: Farigiraf|55/100
|faint|p1a: Staraptor
|
|upkeep
|
|t:|1782740666
|switch|p1a: Barbaracle|Barbaracle, L50, F|100/100
|turn|3
|
|t:|1782740685
|switch|p1b: Sylveon|Sylveon, L50, F|100/100
|move|p2a: Farigiraf|Psychic|p1a: Barbaracle
|-damage|p1a: Barbaracle|60/100
|move|p1a: Barbaracle|Rock Slide|p2b: Whimsicott|[spread] p2a,p2b
|-damage|p2a: Farigiraf|29/100
|-damage|p2b: Whimsicott|59/100
|-enditem|p2a: Farigiraf|Sitrus Berry|[eat]
|-heal|p2a: Farigiraf|54/100|[from] item: Sitrus Berry
|move|p2b: Whimsicott|Moonblast|p1a: Barbaracle
|-damage|p1a: Barbaracle|20/100y
|
|upkeep
|turn|4
|inactive|bonome musulman has 30 seconds left.
|
|t:|1782740717
|switch|p1a: Farigiraf|Farigiraf, L50, F|100/100
|switch|p2b: Mawile|Mawile, L50, F, shiny|100/100
|-ability|p2b: Mawile|Intimidate|boost
|-unboost|p1a: Farigiraf|atk|1
|-unboost|p1b: Sylveon|atk|1
|move|p1b: Sylveon|Calm Mind|p1b: Sylveon
|-boost|p1b: Sylveon|spa|1
|-boost|p1b: Sylveon|spd|1
|move|p2a: Farigiraf|Trick Room|p2a: Farigiraf
|-fieldend|move: Trick Room
|
|upkeep
|turn|5
|inactive|activoo has 30 seconds left.
|inactive|activoo has 20 seconds left.
|inactive|activoo has 15 seconds left.
|inactive|activoo has 10 seconds left.
|inactive|activoo has 5 seconds left.
|
|t:|1782740769
|switch|p2a: Garchomp|Garchomp, L50, F|100/100
|move|p1b: Sylveon|Detect|p1b: Sylveon
|-singleturn|p1b: Sylveon|Protect
|move|p2b: Mawile|Protect|p2b: Mawile
|-singleturn|p2b: Mawile|Protect
|move|p1a: Farigiraf|Skill Swap|p2b: Mawile
|-activate|p2b: Mawile|move: Protect
|
|upkeep
|turn|6
|inactive|bonome musulman has 30 seconds left.
|
|t:|1782740799
|switch|p2b: Whimsicott|Whimsicott, L50, F|59/100
|move|p2a: Garchomp|Earthquake|p1a: Farigiraf|[spread] p2b,p1a,p1b
|-resisted|p2b: Whimsicott|1
|-damage|p2b: Whimsicott|22/100
|-damage|p1a: Farigiraf|62/100
|-damage|p1b: Sylveon|41/100
|move|p1b: Sylveon|Hyper Voice|p2a: Garchomp|[spread] p2a,p2b
|-supereffective|p2a: Garchomp|1
|-damage|p2a: Garchomp|0 fnt
|-damage|p2b: Whimsicott|0 fnt
|faint|p2a: Garchomp
|faint|p2b: Whimsicott
|move|p1a: Farigiraf|Trick Room|p1a: Farigiraf
|-fieldstart|move: Trick Room|[of] p1a: Farigiraf
|
|upkeep
|
|t:|1782740817
|switch|p2a: Mawile|Mawile, L50, F, shiny|100/100
|switch|p2b: Farigiraf|Farigiraf, L50, M|54/100
|-ability|p2a: Mawile|Intimidate|boost
|-unboost|p1a: Farigiraf|atk|1
|-unboost|p1b: Sylveon|atk|1
|turn|7
|inactive|activoo has 30 seconds left.
|
|t:|1782740845
|detailschange|p2a: Mawile|Mawile-Mega, L50, F, shiny
|-mega|p2a: Mawile|Mawile|Mawilite
|move|p2b: Farigiraf|Helping Hand|p2a: Mawile
|-singleturn|p2a: Mawile|Helping Hand|[of] p2b: Farigiraf
|move|p2a: Mawile|Play Rough|p1a: Farigiraf
|-crit|p1a: Farigiraf
|-damage|p1a: Farigiraf|0 fnt
|faint|p1a: Farigiraf
|move|p1b: Sylveon|Hyper Voice|p2b: Farigiraf|[spread] p2a,p2b
|-resisted|p2a: Mawile|1
|-damage|p2a: Mawile|57/100
|-damage|p2b: Farigiraf|0 fnt
|faint|p2b: Farigiraf
|
|upkeep
|
|t:|1782740852
|switch|p1a: Barbaracle|Barbaracle, L50, F|20/100y
|turn|8
|
|t:|1782740871
|detailschange|p1a: Barbaracle|Barbaracle-Mega, L50, F
|-mega|p1a: Barbaracle|Barbaracle|Barbaracite
|move|p2a: Mawile|Iron Head|p1b: Sylveon
|-supereffective|p1b: Sylveon|1
|-damage|p1b: Sylveon|0 fnt
|faint|p1b: Sylveon
|move|p1a: Barbaracle|Close Combat|p2a: Mawile
|-damage|p2a: Mawile|0 fnt
|-unboost|p1a: Barbaracle|def|1
|-unboost|p1a: Barbaracle|spd|1
|faint|p2a: Mawile
|
|win|bonome musulman
