|j|â˜†eratakate
|j|â˜†GoodVibesOnlyMiau
|html|eratakateGoodVibesOnlyMiau    
|uhtml|bestof|Game 2 of a best-of-3
|t:|1756377536
|gametype|doubles
|player|p1|eratakate|1|1287
|player|p2|GoodVibesOnlyMiau|rosa|1315
|gen|9
|tier|[Gen 9] VGC 2025 Reg H (Bo3)
|rated|
|rule|Species Clause: Limit one of each PokÃ©mon
|rule|Item Clause: Limit 1 of each item
|clearpoke
|poke|p1|Incineroar, L50, F|
|poke|p1|Amoonguss, L50, F|
|poke|p1|Ursaluna-Bloodmoon, L50, M|
|poke|p1|Sneasler, L50, F|
|poke|p1|Gholdengo, L50|
|poke|p1|Dragonite, L50, F|
|poke|p2|Pelipper, L50, M|
|poke|p2|Archaludon, L50, M|
|poke|p2|Basculegion, L50, M|
|poke|p2|Incineroar, L50, F|
|poke|p2|Amoonguss, L50, F|
|poke|p2|Gholdengo, L50|
|teampreview|4
|showteam|p1|Incineroar||SafetyGoggles|Intimidate|FlareBlitz,KnockOff,PartingShot,FakeOut|||F|||50|,,,,,Ghost]Amoonguss||SitrusBerry|Regenerator|Spore,RagePowder,PollenPuff,Protect|||F|||50|,,,,,Psychic]Ursaluna-Bloodmoon||AssaultVest|MindsEye|HyperVoice,BloodMoon,EarthPower,VacuumWave|||M|||50|,,,,,Water]Sneasler||FocusSash|Unburden|CloseCombat,DireClaw,ThroatChop,Protect|||F|||50|,,,,,Stellar]Gholdengo||LifeOrb|GoodasGold|MakeItRain,ShadowBall,NastyPlot,Protect||||||50|,,,,,Water]Dragonite||LoadedDice|Multiscale|ScaleShot,Tailwind,Haze,Protect|||F|||50|,,,,,Fairy
|showteam|p2|Pelipper||FocusSash|Drizzle|Tailwind,Hurricane,WeatherBall,Protect|||M|||50|,,,,,Stellar]Archaludon||AssaultVest|Stamina|ElectroShot,BodyPress,FlashCannon,DragonPulse|||M|||50|,,,,,Fairy]Basculegion||ChoiceBand|SwiftSwim|LastRespects,WaveCrash,AquaJet,FlipTurn|||M|||50|,,,,,Water]Incineroar||SafetyGoggles|Intimidate|FakeOut,KnockOff,FlareBlitz,PartingShot|||F|||50|,,,,,Ghost]Amoonguss||SitrusBerry|Regenerator|Spore,RagePowder,PollenPuff,ClearSmog|||F|||50|,,,,,Fire]Gholdengo||LifeOrb|GoodasGold|NastyPlot,MakeItRain,ShadowBall,Protect||||||50|,,,,,Water
|inactive|Battle timer is ON: inactive players will automatically lose when time's up. (requested by eratakate)
|inactive|GoodVibesOnlyMiau has 60 seconds left.
|inactive|GoodVibesOnlyMiau has 30 seconds left.
|inactive|GoodVibesOnlyMiau has 20 seconds left.
|inactive|GoodVibesOnlyMiau has 15 seconds left.
|inactive|GoodVibesOnlyMiau has 10 seconds left.
|
|t:|1756377729
|teamsize|p1|4
|teamsize|p2|4
|start
|switch|p1a: Incineroar|Incineroar, L50, F|100/100
|switch|p1b: Gholdengo|Gholdengo, L50|100/100
|switch|p2a: Basculegion|Basculegion, L50, M|100/100
|switch|p2b: Incineroar|Incineroar, L50, F|100/100
|-ability|p2b: Incineroar|Intimidate|boost
|-unboost|p1a: Incineroar|atk|1
|-unboost|p1b: Gholdengo|atk|1
|-ability|p1a: Incineroar|Intimidate|boost
|-unboost|p2a: Basculegion|atk|1
|-unboost|p2b: Incineroar|atk|1
|turn|1
|inactive|eratakate has 30 seconds left.
|inactive|eratakate has 20 seconds left.
|inactive|eratakate has 15 seconds left.
|inactive|eratakate has 10 seconds left.
|
|t:|1756377777
|switch|p1a: Amoonguss|Amoonguss, L50, F|100/100
|-terastallize|p1b: Gholdengo|Water
|-terastallize|p2a: Basculegion|Water
|move|p1b: Gholdengo|Nasty Plot|p1b: Gholdengo
|-boost|p1b: Gholdengo|spa|2
|move|p2a: Basculegion|Flip Turn|p1b: Gholdengo
|-resisted|p1b: Gholdengo
|-damage|p1b: Gholdengo|79/100
|
|t:|1756377789
|switch|p2a: Pelipper|Pelipper, L50, M|100/100|[from] Flip Turn
|-weather|RainDance|[from] ability: Drizzle|[of] p2a: Pelipper
|move|p2b: Incineroar|Knock Off|p1b: Gholdengo
|-damage|p1b: Gholdengo|47/100
|-enditem|p1b: Gholdengo|Life Orb|[from] move: Knock Off|[of] p2b: Incineroar
|
|-weather|RainDance|[upkeep]
|upkeep
|turn|2
|inactive|eratakate has 30 seconds left.
|inactive|GoodVibesOnlyMiau has 30 seconds left.
|
|t:|1756377827
|move|p1a: Amoonguss|Rage Powder|p1a: Amoonguss
|-singleturn|p1a: Amoonguss|move: Rage Powder
|move|p1b: Gholdengo|Shadow Ball|p2a: Pelipper
|-enditem|p2a: Pelipper|Focus Sash
|-damage|p2a: Pelipper|1/100
|move|p2a: Pelipper|Tailwind|p2a: Pelipper
|-sidestart|p2: GoodVibesOnlyMiau|move: Tailwind
|move|p2b: Incineroar|Knock Off|p1a: Amoonguss
|-damage|p1a: Amoonguss|75/100
|-enditem|p1a: Amoonguss|Sitrus Berry|[from] move: Knock Off|[of] p2b: Incineroar
|
|-weather|RainDance|[upkeep]
|upkeep
|turn|3
|inactive|eratakate has 30 seconds left.
|
|t:|1756377858
|switch|p2b: Basculegion|Basculegion, L50, M, tera:Water|100/100
|move|p1b: Gholdengo|Protect|p1b: Gholdengo
|-singleturn|p1b: Gholdengo|Protect
|move|p1a: Amoonguss|Protect|p1a: Amoonguss
|-singleturn|p1a: Amoonguss|Protect
|move|p2a: Pelipper|Hurricane|p1a: Amoonguss
|-activate|p1a: Amoonguss|move: Protect
|
|-weather|RainDance|[upkeep]
|upkeep
|turn|4
|inactive|GoodVibesOnlyMiau has 30 seconds left.
|inactive|GoodVibesOnlyMiau has 20 seconds left.
|inactive|GoodVibesOnlyMiau has 15 seconds left.
|inactive|GoodVibesOnlyMiau has 10 seconds left.
|
|t:|1756377908
|move|p1a: Amoonguss|Rage Powder|p1a: Amoonguss
|-singleturn|p1a: Amoonguss|move: Rage Powder
|move|p2b: Basculegion|Flip Turn|p1a: Amoonguss
|-resisted|p1a: Amoonguss
|-damage|p1a: Amoonguss|31/100
|
|t:|1756377912
|switch|p2b: Incineroar|Incineroar, L50, F|100/100|[from] Flip Turn
|-ability|p2b: Incineroar|Intimidate|boost
|-unboost|p1a: Amoonguss|atk|1
|-unboost|p1b: Gholdengo|atk|1
|move|p2a: Pelipper|Hurricane|p1a: Amoonguss
|-supereffective|p1a: Amoonguss
|-damage|p1a: Amoonguss|0 fnt
|faint|p1a: Amoonguss
|move|p1b: Gholdengo|Make It Rain|p2a: Pelipper|[spread] p2a,p2b
|-resisted|p2a: Pelipper
|-resisted|p2b: Incineroar
|-damage|p2a: Pelipper|0 fnt
|-damage|p2b: Incineroar|55/100
|-unboost|p1b: Gholdengo|spa|1
|faint|p2a: Pelipper
|
|-weather|RainDance|[upkeep]
|upkeep
|inactive|eratakate has 30 seconds left.
|inactive|eratakate has 20 seconds left.
|inactive|eratakate has 15 seconds left.
|inactive|eratakate has 10 seconds left.
|inactive|eratakate has 5 seconds left.
|
|t:|1756377964
|switch|p2a: Archaludon|Archaludon, L50, M, shiny|100/100
|switch|p1a: Sneasler|Sneasler, L50, F|100/100
|turn|5
|inactive|GoodVibesOnlyMiau has 30 seconds left.
|inactive|GoodVibesOnlyMiau has 20 seconds left.
|
|t:|1756378001
|move|p1a: Sneasler|Protect|p1a: Sneasler
|-singleturn|p1a: Sneasler|Protect
|move|p1b: Gholdengo|Protect|p1b: Gholdengo
|-singleturn|p1b: Gholdengo|Protect
|move|p2b: Incineroar|Parting Shot|p1a: Sneasler
|-activate|p1a: Sneasler|move: Protect
|move|p2a: Archaludon|Electro Shot||[still]
|-prepare|p2a: Archaludon|Electro Shot
|-boost|p2a: Archaludon|spa|1
|-anim|p2a: Archaludon|Electro Shot|p1b: Gholdengo
|-activate|p1b: Gholdengo|move: Protect
|
|-weather|none
|-sideend|p2: GoodVibesOnlyMiau|move: Tailwind
|upkeep
|turn|6
|inactive|GoodVibesOnlyMiau has 30 seconds left.
|inactive|GoodVibesOnlyMiau has 20 seconds left.
|
|t:|1756378037
|move|p1a: Sneasler|Close Combat|p2a: Archaludon
|-supereffective|p2a: Archaludon
|-damage|p2a: Archaludon|17/100
|-unboost|p1a: Sneasler|def|1
|-unboost|p1a: Sneasler|spd|1
|-ability|p2a: Archaludon|Stamina|boost
|-boost|p2a: Archaludon|def|1
|move|p1b: Gholdengo|Shadow Ball|p2a: Archaludon
|-damage|p2a: Archaludon|0 fnt
|faint|p2a: Archaludon
|move|p2b: Incineroar|Flare Blitz|p1a: Sneasler
|-enditem|p1a: Sneasler|Focus Sash
|-damage|p1a: Sneasler|1/100
|-damage|p2b: Incineroar|30/100|[from] Recoil
|
|upkeep
|
|t:|1756378050
|switch|p2a: Basculegion|Basculegion, L50, M, tera:Water|100/100
|turn|7
|
|t:|1756378073
|switch|p1b: Incineroar|Incineroar, L50, F|100/100
|-ability|p1b: Incineroar|Intimidate|boost
|-unboost|p2a: Basculegion|atk|1
|-unboost|p2b: Incineroar|atk|1
|move|p1a: Sneasler|Protect|p1a: Sneasler
|-singleturn|p1a: Sneasler|Protect
|move|p2a: Basculegion|Last Respects|p1b: Incineroar
|-resisted|p1b: Incineroar
|-damage|p1b: Incineroar|67/100
|move|p2b: Incineroar|Knock Off|p1a: Sneasler
|-activate|p1a: Sneasler|move: Protect
|
|upkeep
|turn|8
|inactive|GoodVibesOnlyMiau has 30 seconds left.
|inactive|GoodVibesOnlyMiau has 20 seconds left.
|inactive|GoodVibesOnlyMiau has 15 seconds left.
|
|t:|1756378115
|move|p1b: Incineroar|Fake Out|p2a: Basculegion
|-damage|p2a: Basculegion|85/100
|move|p1a: Sneasler|Close Combat|p2b: Incineroar
|-supereffective|p2b: Incineroar
|-damage|p2b: Incineroar|0 fnt
|-unboost|p1a: Sneasler|def|1
|-unboost|p1a: Sneasler|spd|1
|faint|p2b: Incineroar
|cant|p2a: Basculegion|flinch
|
|upkeep
|turn|9
|
|t:|1756378121
|move|p1a: Sneasler|Close Combat|p2a: Basculegion
|-damage|p2a: Basculegion|6/100
|-unboost|p1a: Sneasler|def|1
|-unboost|p1a: Sneasler|spd|1
|move|p2a: Basculegion|Last Respects|p1a: Sneasler
|-damage|p1a: Sneasler|0 fnt
|faint|p1a: Sneasler
|move|p1b: Incineroar|Parting Shot|p2a: Basculegion
|-unboost|p2a: Basculegion|atk|1
|-unboost|p2a: Basculegion|spa|1
|
|t:|1756378127
|switch|p1b: Gholdengo|Gholdengo, L50, tera:Water|47/100|[from] Parting Shot
|
|upkeep
|
|t:|1756378128
|switch|p1a: Incineroar|Incineroar, L50, F|67/100
|-ability|p1a: Incineroar|Intimidate|boost
|-unboost|p2a: Basculegion|atk|1
|turn|10
|
|t:|1756378133
|move|p1a: Incineroar|Fake Out|p2a: Basculegion
|-damage|p2a: Basculegion|0 fnt
|faint|p2a: Basculegion
|
|win|eratakate
||GoodVibesOnlyMiau is ready for game 3.
||eratakate is ready for game 3.
|uhtml|next|Next: Game 3 of 3
