|j|☆ScrewSalesman
|j|☆GrassEJ
|html|ScrewSalesmanGrassEJ    
|uhtml|bestof|Game 3 of a best-of-3
|t:|1756514751
|gametype|doubles
|player|p1|ScrewSalesman|cynthia-gen4|1186
|player|p2|GrassEJ|dana|1291
|gen|9
|tier|[Gen 9] VGC 2025 Reg H (Bo3)
|rated|
|rule|Species Clause: Limit one of each Pokémon
|rule|Item Clause: Limit 1 of each item
|clearpoke
|poke|p1|Porygon2, L50|
|poke|p1|Incineroar, L50, M|
|poke|p1|Ursaluna, L50, F|
|poke|p1|Jumpluff, L50, F|
|poke|p1|Charizard, L50, F|
|poke|p1|Torkoal, L50, F|
|poke|p2|Brambleghast, L50, M|
|poke|p2|Glimmora, L50, M|
|poke|p2|Talonflame, L50, F|
|poke|p2|Gholdengo, L50|
|poke|p2|Tyranitar, L50, M|
|poke|p2|Garchomp, L50, M|
|teampreview|4
|showteam|p1|Porygon2||Eviolite|Download|TeraBlast,IceBeam,TrickRoom,Recover||||||50|,,,,,Fighting]Incineroar||SitrusBerry|Intimidate|FakeOut,KnockOff,FlareBlitz,PartingShot|||M|||50|,,,,,Ghost]Ursaluna||FlameOrb|Guts|HeadlongRush,Facade,Earthquake,Protect|||F|||50|,,,,,Ghost]Jumpluff||CovertCloak|Chlorophyll|RagePowder,SunnyDay,Tailwind,SleepPowder|||F|||50|,,,,,Water]Charizard||ChoiceSpecs|SolarPower|HeatWave,Overheat,WeatherBall,DragonPulse|||F|||50|,,,,,Ghost]Torkoal||EjectPack|Drought|Overheat,Eruption,HelpingHand,Protect|||F|||50|,,,,,Fire
|showteam|p2|Brambleghast||FocusSash|WindRider|PowerWhip,Poltergeist,ShadowSneak,TeraBlast|||M|||50|,,,,,Ghost]Glimmora||PowerHerb|ToxicDebris|MeteorBeam,SludgeBomb,EarthPower,SpikyShield|||M|||50|,,,,,Grass]Talonflame||CovertCloak|GaleWings|BraveBird,Tailwind,WillOWisp,Taunt|||F|||50|,,,,,Grass]Gholdengo||ChoiceSpecs|GoodasGold|MakeItRain,ShadowBall,Thunderbolt,Trick||||||50|,,,,,Steel]Tyranitar||AssaultVest|SandStream|RockSlide,KnockOff,TeraBlast,LowKick|||M|||50|,,,,,Flying]Garchomp||ClearAmulet|SandVeil|DragonClaw,Earthquake,StompingTantrum,Protect|||M|||50|,,,,,Ground
|inactive|Battle timer is ON: inactive players will automatically lose when time's up. (requested by GrassEJ)
|inactive|ScrewSalesman also wants the timer to be on.
|
|t:|1756514764
|teamsize|p1|4
|teamsize|p2|4
|start
|switch|p1a: Ursaluna|Ursaluna, L50, F|100/100
|switch|p1b: Incineroar|Incineroar, L50, M|100/100
|switch|p2a: Talonflame|Talonflame, L50, F, shiny|100/100
|switch|p2b: Glimmora|Glimmora, L50, M, shiny|100/100
|-ability|p1b: Incineroar|Intimidate|boost
|-unboost|p2a: Talonflame|atk|1
|-unboost|p2b: Glimmora|atk|1
|turn|1
|inactive|GrassEJ has 30 seconds left.
|inactive|GrassEJ has 20 seconds left.
|
|t:|1756514801
|move|p1b: Incineroar|Fake Out|p2b: Glimmora
|-resisted|p2b: Glimmora
|-damage|p2b: Glimmora|92/100
|-activate|p2b: Glimmora|ability: Toxic Debris
|-sidestart|p1: ScrewSalesman|move: Toxic Spikes
|move|p2a: Talonflame|Taunt|p1b: Incineroar
|-start|p1b: Incineroar|move: Taunt
|cant|p2b: Glimmora|flinch
|move|p1a: Ursaluna|Facade|p2a: Talonflame
|-damage|p2a: Talonflame|36/100
|
|-status|p1a: Ursaluna|brn|[from] item: Flame Orb
|upkeep
|turn|2
|inactive|ScrewSalesman has 30 seconds left.
|
|t:|1756514829
|move|p2b: Glimmora|Spiky Shield|p2b: Glimmora
|-singleturn|p2b: Glimmora|move: Protect
|move|p2a: Talonflame|Brave Bird|p1a: Ursaluna
|-damage|p1a: Ursaluna|79/100 brn
|-damage|p2a: Talonflame|26/100|[from] Recoil
|move|p1a: Ursaluna|Earthquake|p2b: Glimmora|[spread] p1b
|-activate|p2b: Glimmora|move: Protect
|-immune|p2a: Talonflame
|-supereffective|p1b: Incineroar
|-damage|p1b: Incineroar|0 fnt
|faint|p1b: Incineroar
|
|-damage|p1a: Ursaluna|73/100 brn|[from] brn
|upkeep
|
|t:|1756514840
|switch|p1b: Porygon2|Porygon2, L50, shiny|100/100
|-status|p1b: Porygon2|psn
|-ability|p1b: Porygon2|Download|boost
|-boost|p1b: Porygon2|spa|1
|turn|3
|
|t:|1756514857
|switch|p1b: Torkoal|Torkoal, L50, F|100/100
|-status|p1b: Torkoal|psn
|-weather|SunnyDay|[from] ability: Drought|[of] p1b: Torkoal
|-terastallize|p2b: Glimmora|Grass
|move|p2a: Talonflame|Taunt|p1b: Torkoal
|-start|p1b: Torkoal|move: Taunt
|move|p2b: Glimmora|Meteor Beam||[still]
|-prepare|p2b: Glimmora|Meteor Beam
|-boost|p2b: Glimmora|spa|1
|-enditem|p2b: Glimmora|Power Herb
|-anim|p2b: Glimmora|Meteor Beam|p1b: Torkoal|[miss]
|-miss|p2b: Glimmora|p1b: Torkoal
|move|p1a: Ursaluna|Facade|p2a: Talonflame
|-damage|p2a: Talonflame|0 fnt
|faint|p2a: Talonflame
|
|-weather|SunnyDay|[upkeep]
|-damage|p1b: Torkoal|88/100 psn|[from] psn
|-damage|p1a: Ursaluna|67/100 brn|[from] brn
|upkeep
|
|t:|1756514864
|switch|p2a: Garchomp|Garchomp, L50, M, shiny|100/100
|turn|4
|
|t:|1756514887
|move|p2b: Glimmora|Spiky Shield|p2b: Glimmora
|-singleturn|p2b: Glimmora|move: Protect
|move|p2a: Garchomp|Earthquake|p1a: Ursaluna|[spread] p1a,p1b
|-activate|p2b: Glimmora|move: Protect
|-supereffective|p1b: Torkoal
|-damage|p1a: Ursaluna|33/100 brn
|-damage|p1b: Torkoal|17/100 psn
|move|p1a: Ursaluna|Facade|p2a: Garchomp
|-damage|p2a: Garchomp|0 fnt
|faint|p2a: Garchomp
|move|p1b: Torkoal|Overheat|p2b: Glimmora
|-activate|p2b: Glimmora|move: Protect
|
|-weather|SunnyDay|[upkeep]
|-damage|p1b: Torkoal|4/100 psn|[from] psn
|-damage|p1a: Ursaluna|27/100 brn|[from] brn
|upkeep
|
|t:|1756514895
|switch|p2a: Tyranitar|Tyranitar, L50, M, shiny|100/100
|-weather|Sandstorm|[from] ability: Sand Stream|[of] p2a: Tyranitar
|turn|5
|
|t:|1756514909
|move|p1a: Ursaluna|Protect|p1a: Ursaluna
|-singleturn|p1a: Ursaluna|Protect
|move|p2b: Glimmora|Sludge Bomb|p1a: Ursaluna
|-activate|p1a: Ursaluna|move: Protect
|move|p2a: Tyranitar|Knock Off|p1b: Torkoal
|-damage|p1b: Torkoal|0 fnt
|-enditem|p1b: Torkoal|Eject Pack|[from] move: Knock Off|[of] p2a: Tyranitar
|faint|p1b: Torkoal
|
|-weather|Sandstorm|[upkeep]
|-damage|p2b: Glimmora|87/100|[from] Sandstorm
|-damage|p1a: Ursaluna|21/100 brn|[from] brn
|upkeep
|
|t:|1756514915
|switch|p1b: Porygon2|Porygon2, L50, shiny|100/100 psn
|-ability|p1b: Porygon2|Download|boost
|-boost|p1b: Porygon2|spa|1
|turn|6
|
|t:|1756514925
|-terastallize|p1b: Porygon2|Fighting
|move|p1a: Ursaluna|Protect||[still]
|-fail|p1a: Ursaluna
|move|p2b: Glimmora|Earth Power|p1a: Ursaluna
|-damage|p1a: Ursaluna|0 fnt
|faint|p1a: Ursaluna
|move|p2a: Tyranitar|Knock Off|p1b: Porygon2
|-resisted|p1b: Porygon2
|-crit|p1b: Porygon2
|-damage|p1b: Porygon2|72/100 psn
|-enditem|p1b: Porygon2|Eviolite|[from] move: Knock Off|[of] p2a: Tyranitar
|move|p1b: Porygon2|Trick Room|p1b: Porygon2
|-fieldstart|move: Trick Room|[of] p1b: Porygon2
|
|-weather|Sandstorm|[upkeep]
|-damage|p1b: Porygon2|66/100 psn|[from] Sandstorm
|-damage|p2b: Glimmora|81/100|[from] Sandstorm
|-damage|p1b: Porygon2|54/100 psn|[from] psn
|upkeep
|turn|7
|
|t:|1756514937
|move|p1b: Porygon2|Ice Beam|p2b: Glimmora
|-supereffective|p2b: Glimmora
|-damage|p2b: Glimmora|0 fnt
|faint|p2b: Glimmora
|move|p2a: Tyranitar|Low Kick|p1b: Porygon2
|-damage|p1b: Porygon2|31/100 psn
|
|-weather|Sandstorm|[upkeep]
|-damage|p1b: Porygon2|24/100 psn|[from] Sandstorm
|-damage|p1b: Porygon2|12/100 psn|[from] psn
|upkeep
|turn|8
|
|t:|1756514944
|move|p1b: Porygon2|Recover|p1b: Porygon2
|-heal|p1b: Porygon2|62/100 psn
|move|p2a: Tyranitar|Low Kick|p1b: Porygon2
|-damage|p1b: Porygon2|42/100 psn
|
|-weather|Sandstorm|[upkeep]
|-damage|p1b: Porygon2|35/100 psn|[from] Sandstorm
|-damage|p1b: Porygon2|23/100 psn|[from] psn
|upkeep
|turn|9
|
|t:|1756514951
|move|p1b: Porygon2|Recover|p1b: Porygon2
|-heal|p1b: Porygon2|73/100 psn
|move|p2a: Tyranitar|Low Kick|p1b: Porygon2
|-damage|p1b: Porygon2|50/100 psn
|
|-weather|none
|-damage|p1b: Porygon2|37/100 psn|[from] psn
|upkeep
|turn|10
|
|t:|1756514954
|move|p1b: Porygon2|Tera Blast|p2a: Tyranitar|[anim] Tera Blast Fighting
|-supereffective|p2a: Tyranitar
|-damage|p2a: Tyranitar|0 fnt
|faint|p2a: Tyranitar
|
|win|ScrewSalesman
|raw|ScrewSalesman's rating: 1186 → 1218(+32 for winning)
|raw|GrassEJ's rating: 1291 → 1259(-32 for losing)
|l|☆GrassEJ
|player|p2|
