|j|☆Siddharth42c
|j|☆Alecat
|html|Siddharth42cAlecat    
|uhtml|bestof|Game 2 of a best-of-3
|t:|1757837592
|gametype|doubles
|player|p1|Siddharth42c|102|1186
|player|p2|Alecat|scientistf|1099
|gen|9
|tier|[Gen 9] VGC 2025 Reg H (Bo3)
|rated|
|rule|Species Clause: Limit one of each Pokémon
|rule|Item Clause: Limit 1 of each item
|clearpoke
|poke|p1|Sneasler, L50, F|
|poke|p1|Dondozo, L50, F|
|poke|p1|Tatsugiri, L50, F|
|poke|p1|Annihilape, L50, M|
|poke|p1|Indeedee, L50, M|
|poke|p1|Magmar, L50, M|
|poke|p2|Sneasler, L50, F|
|poke|p2|Magmar, L50, M|
|poke|p2|Rillaboom, L50, M|
|poke|p2|Espathra, L50, F|
|poke|p2|Kingambit, L50, F|
|poke|p2|Arcanine-Hisui, L50, M|
|teampreview|4
|showteam|p1|Sneasler||PsychicSeed|Unburden|CloseCombat,DireClaw,ThroatChop,Protect|||F|||50|,,,,,Stellar]Dondozo||Leftovers|Unaware|Protect,WaveCrash,Earthquake,OrderUp|||F|||50|,,,,,Steel]Tatsugiri||FocusSash|Commander|DracoMeteor,MuddyWater,IcyWind,DragonPulse|||F|||50|,,,,,Ghost]Annihilape||ChoiceScarf|Defiant|CloseCombat,FinalGambit,Uturn,Coaching|||M|||50|,,,,,Grass]Indeedee||RockyHelmet|PsychicSurge|ExpandingForce,TrickRoom,Protect,HelpingHand|||M|||50|,,,,,Psychic]Magmar||Eviolite|VitalSpirit|Overheat,WillOWisp,FollowMe,Protect|||M|||50|,,,,,Ghost
|showteam|p2|Sneasler||FocusSash|Unburden|FakeOut,CloseCombat,DireClaw,Coaching|||F|||50|,,,,,Ghost]Magmar||Eviolite|VitalSpirit|FollowMe,HeatWave,Taunt,Protect|||M|||50|,,,,,Dragon]Rillaboom||AssaultVest|GrassySurge|FakeOut,WoodHammer,GrassyGlide,HighHorsepower|||M|||50|,,,,,Fire]Espathra||GrassySeed|SpeedBoost|StoredPower,TeraBlast,CalmMind,Protect|||F|||50|,,,,,Fighting]Kingambit||SafetyGoggles|Defiant|KowtowCleave,SuckerPunch,SwordsDance,Protect|||F|||50|,,,,,Dark]Arcanine-Hisui||LoadedDice|Intimidate|FlareBlitz,RockBlast,ExtremeSpeed,Protect|||M|||50|,,,,,Ghost
|inactive|Battle timer is ON: inactive players will automatically lose when time's up. (requested by Alecat)
|inactive|Siddharth42c also wants the timer to be on.
|
|t:|1757837617
|teamsize|p1|4
|teamsize|p2|4
|start
|switch|p1a: Annihilape|Annihilape, L50, M|100/100
|switch|p1b: Magmar|Magmar, L50, M|100/100
|switch|p2a: Magmar|Magmar, L50, M|100/100
|switch|p2b: Kingambit|Kingambit, L50, F|100/100
|turn|1
|
|t:|1757837636
|move|p2b: Kingambit|Protect|p2b: Kingambit
|-singleturn|p2b: Kingambit|Protect
|move|p1b: Magmar|Follow Me|p1b: Magmar
|-singleturn|p1b: Magmar|move: Follow Me
|move|p1a: Annihilape|Close Combat|p2b: Kingambit
|-activate|p2b: Kingambit|move: Protect
|move|p2a: Magmar|Taunt|p1b: Magmar
|-start|p1b: Magmar|move: Taunt
|
|upkeep
|turn|2
|
|t:|1757837661
|switch|p1b: Tatsugiri|Tatsugiri, L50, F|100/100
|move|p2a: Magmar|Follow Me|p2a: Magmar
|-singleturn|p2a: Magmar|move: Follow Me
|move|p2b: Kingambit|Sucker Punch|p1a: Annihilape
|-damage|p1a: Annihilape|60/100
|move|p1a: Annihilape|Close Combat|p2a: Magmar
|-damage|p2a: Magmar|55/100
|-unboost|p1a: Annihilape|def|1
|-unboost|p1a: Annihilape|spd|1
|
|upkeep
|turn|3
|
|t:|1757837678
|switch|p1a: Dondozo|Dondozo, L50, F|100/100
|-activate|p1b: Tatsugiri|ability: Commander|[of] p1a: Dondozo
|-boost|p1a: Dondozo|atk|2
|-boost|p1a: Dondozo|spa|2
|-boost|p1a: Dondozo|spe|2
|-boost|p1a: Dondozo|def|2
|-boost|p1a: Dondozo|spd|2
|move|p2a: Magmar|Follow Me|p2a: Magmar
|-singleturn|p2a: Magmar|move: Follow Me
|move|p2b: Kingambit|Kowtow Cleave|p1a: Dondozo
|-damage|p1a: Dondozo|84/100
|
|-heal|p1a: Dondozo|90/100|[from] item: Leftovers
|upkeep
|turn|4
|
|t:|1757837703
|switch|p2a: Arcanine|Arcanine-Hisui, L50, M, shiny|100/100
|-ability|p2a: Arcanine|Intimidate|boost
|-unboost|p1a: Dondozo|atk|1
|-unboost|p1b: Tatsugiri|atk|1
|switch|p2b: Rillaboom|Rillaboom, L50, M|100/100
|-fieldstart|move: Grassy Terrain|[from] ability: Grassy Surge|[of] p2b: Rillaboom
|move|p1a: Dondozo|Order Up|p2a: Arcanine
|-damage|p2a: Arcanine|58/100
|-boost|p1a: Dondozo|atk|1
|
|-heal|p1a: Dondozo|97/100|[from] Grassy Terrain
|-heal|p1a: Dondozo|100/100|[from] item: Leftovers
|-heal|p2a: Arcanine|64/100|[from] Grassy Terrain
|upkeep
|turn|5
|
|t:|1757837725
|move|p1a: Dondozo|Protect|p1a: Dondozo
|-singleturn|p1a: Dondozo|Protect
|move|p2b: Rillaboom|Fake Out|p1a: Dondozo
|-activate|p1a: Dondozo|move: Protect
|move|p2a: Arcanine|Rock Blast|p1a: Dondozo
|-activate|p1a: Dondozo|move: Protect
|
|-heal|p2a: Arcanine|70/100|[from] Grassy Terrain
|upkeep
|turn|6
|
|t:|1757837734
|move|p1a: Dondozo|Earthquake|p2b: Rillaboom|[spread] p2a,p2b
|-miss|p1a: Dondozo|p1b: Tatsugiri
|-supereffective|p2a: Arcanine
|-resisted|p2b: Rillaboom
|-damage|p2a: Arcanine|0 fnt
|-damage|p2b: Rillaboom|90/100
|faint|p2a: Arcanine
|move|p2b: Rillaboom|Wood Hammer|p1a: Dondozo
|-supereffective|p1a: Dondozo
|-damage|p1a: Dondozo|45/100
|-damage|p2b: Rillaboom|70/100|[from] Recoil
|
|-heal|p1a: Dondozo|51/100|[from] Grassy Terrain
|-heal|p1a: Dondozo|57/100|[from] item: Leftovers
|-heal|p2b: Rillaboom|76/100|[from] Grassy Terrain
|upkeep
|
|t:|1757837748
|switch|p2a: Kingambit|Kingambit, L50, F|100/100
|turn|7
|
|t:|1757837760
|move|p1a: Dondozo|Protect|p1a: Dondozo
|-singleturn|p1a: Dondozo|Protect
|move|p2b: Rillaboom|Wood Hammer|p1a: Dondozo
|-activate|p1a: Dondozo|move: Protect
|move|p2a: Kingambit|Swords Dance|p2a: Kingambit
|-boost|p2a: Kingambit|atk|2
|
|-heal|p1a: Dondozo|63/100|[from] Grassy Terrain
|-heal|p1a: Dondozo|70/100|[from] item: Leftovers
|-heal|p2b: Rillaboom|82/100|[from] Grassy Terrain
|upkeep
|turn|8
|
|t:|1757837774
|-terastallize|p1a: Dondozo|Steel
|-terastallize|p2a: Kingambit|Dark
|move|p1a: Dondozo|Earthquake|p2b: Rillaboom|[spread] p2a,p2b
|-miss|p1a: Dondozo|p1b: Tatsugiri
|-resisted|p2b: Rillaboom
|-damage|p2a: Kingambit|83/100
|-damage|p2b: Rillaboom|71/100
|move|p2b: Rillaboom|Wood Hammer|p1a: Dondozo
|-resisted|p1a: Dondozo
|-damage|p1a: Dondozo|55/100
|-damage|p2b: Rillaboom|66/100|[from] Recoil
|move|p2a: Kingambit|Kowtow Cleave|p1a: Dondozo
|-damage|p1a: Dondozo|31/100
|
|-heal|p1a: Dondozo|38/100|[from] Grassy Terrain
|-heal|p1a: Dondozo|44/100|[from] item: Leftovers
|-heal|p2b: Rillaboom|72/100|[from] Grassy Terrain
|-heal|p2a: Kingambit|88/100|[from] Grassy Terrain
|-fieldend|move: Grassy Terrain
|upkeep
|turn|9
|
|t:|1757837792
|switch|p2b: Magmar|Magmar, L50, M|55/100
|move|p1a: Dondozo|Protect|p1a: Dondozo
|-singleturn|p1a: Dondozo|Protect
|move|p2a: Kingambit|Protect||[still]
|-fail|p2a: Kingambit
|
|-heal|p1a: Dondozo|50/100|[from] item: Leftovers
|upkeep
|turn|10
|
|t:|1757837803
|switch|p2b: Rillaboom|Rillaboom, L50, M|72/100
|-fieldstart|move: Grassy Terrain|[from] ability: Grassy Surge|[of] p2b: Rillaboom
|move|p1a: Dondozo|Earthquake|p2a: Kingambit|[spread] p2a,p2b
|-miss|p1a: Dondozo|p1b: Tatsugiri
|-resisted|p2b: Rillaboom
|-damage|p2a: Kingambit|71/100
|-damage|p2b: Rillaboom|61/100
|move|p2a: Kingambit|Kowtow Cleave|p1a: Dondozo
|-damage|p1a: Dondozo|28/100
|
|-heal|p1a: Dondozo|34/100|[from] Grassy Terrain
|-heal|p1a: Dondozo|40/100|[from] item: Leftovers
|-heal|p2b: Rillaboom|67/100|[from] Grassy Terrain
|-heal|p2a: Kingambit|76/100|[from] Grassy Terrain
|upkeep
|turn|11
|
|t:|1757837828
|move|p1a: Dondozo|Protect|p1a: Dondozo
|-singleturn|p1a: Dondozo|Protect
|move|p2b: Rillaboom|Fake Out|p1a: Dondozo
|-activate|p1a: Dondozo|move: Protect
|move|p2a: Kingambit|Swords Dance|p2a: Kingambit
|-boost|p2a: Kingambit|atk|2
|
|-heal|p1a: Dondozo|47/100|[from] Grassy Terrain
|-heal|p1a: Dondozo|53/100|[from] item: Leftovers
|-heal|p2b: Rillaboom|72/100|[from] Grassy Terrain
|-heal|p2a: Kingambit|82/100|[from] Grassy Terrain
|upkeep
|turn|12
|
|t:|1757837837
|move|p1a: Dondozo|Wave Crash|p2a: Kingambit
|-damage|p2a: Kingambit|0 fnt
|faint|p2a: Kingambit
|-damage|p1a: Dondozo|28/100|[from] Recoil
|move|p2b: Rillaboom|High Horsepower|p1a: Dondozo
|-supereffective|p1a: Dondozo
|-damage|p1a: Dondozo|3/100
|
|-heal|p1a: Dondozo|9/100|[from] Grassy Terrain
|-heal|p1a: Dondozo|16/100|[from] item: Leftovers
|-heal|p2b: Rillaboom|78/100|[from] Grassy Terrain
|upkeep
|
|t:|1757837848
|switch|p2a: Magmar|Magmar, L50, M|55/100
|turn|13
|
|t:|1757837858
|move|p1a: Dondozo|Protect|p1a: Dondozo
|-singleturn|p1a: Dondozo|Protect
|move|p2a: Magmar|Protect|p2a: Magmar
|-singleturn|p2a: Magmar|Protect
|move|p2b: Rillaboom|High Horsepower|p1a: Dondozo
|-activate|p1a: Dondozo|move: Protect
|
|-heal|p1a: Dondozo|22/100|[from] Grassy Terrain
|-heal|p1a: Dondozo|28/100|[from] item: Leftovers
|-heal|p2a: Magmar|60/100|[from] Grassy Terrain
|-heal|p2b: Rillaboom|84/100|[from] Grassy Terrain
|upkeep
|turn|14
|
|t:|1757837878
|move|p2a: Magmar|Protect||[still]
|-fail|p2a: Magmar
|move|p1a: Dondozo|Earthquake|p2a: Magmar|[spread] p2a,p2b
|-miss|p1a: Dondozo|p1b: Tatsugiri
|-supereffective|p2a: Magmar
|-resisted|p2b: Rillaboom
|-damage|p2a: Magmar|9/100
|-damage|p2b: Rillaboom|72/100
|move|p2b: Rillaboom|High Horsepower|p1a: Dondozo
|-supereffective|p1a: Dondozo
|-damage|p1a: Dondozo|5/100
|
|-heal|p1a: Dondozo|11/100|[from] Grassy Terrain
|-heal|p1a: Dondozo|17/100|[from] item: Leftovers
|-heal|p2a: Magmar|15/100|[from] Grassy Terrain
|-heal|p2b: Rillaboom|78/100|[from] Grassy Terrain
|-fieldend|move: Grassy Terrain
|upkeep
|turn|15
|
|t:|1757837895
|move|p1a: Dondozo|Earthquake|p2b: Rillaboom|[spread] p2a,p2b
|-miss|p1a: Dondozo|p1b: Tatsugiri
|-supereffective|p2a: Magmar
|-resisted|p2b: Rillaboom
|-damage|p2a: Magmar|0 fnt
|-damage|p2b: Rillaboom|58/100
|faint|p2a: Magmar
|move|p2b: Rillaboom|High Horsepower|p1a: Dondozo
|-supereffective|p1a: Dondozo
|-damage|p1a: Dondozo|0 fnt
|faint|p1a: Dondozo
|
|upkeep
|
|t:|1757837903
|switch|p1a: Annihilape|Annihilape, L50, M|60/100
|turn|16
|
|t:|1757837908
|move|p1a: Annihilape|Final Gambit|p2b: Rillaboom
|-damage|p2b: Rillaboom|0 fnt
|faint|p1a: Annihilape
|faint|p2b: Rillaboom
|
|win|Siddharth42c
||Siddharth42c is ready for game 3.
|inactive|Alecat has 30 seconds to confirm battle start!
||Alecat is ready for game 3.
|uhtml|next|Next: Game 3 of 3
|l|☆Siddharth42c
|player|p1|
