|j|☆Ghhhgggvvbbjjhh
|j|☆ENDERTYTAR
|html|GhhhgggvvbbjjhhENDERTYTAR    
|uhtml|bestof|Game 3 of a best-of-3
|t:|1785948183
|gametype|doubles
|player|p1|Ghhhgggvvbbjjhh|266|1040
|player|p2|ENDERTYTAR|170|1082
|gen|9
|tier|[Gen 9 Champions] VGC 2026 Reg M-B (Bo3)
|rated|
|rule|Species Clause: Limit one of each Pokémon
|rule|Item Clause: Limit 1 of each item
|clearpoke
|poke|p1|Basculegion, L50, M|
|poke|p1|Garchomp, L50, F|
|poke|p1|Scizor, L50, F|
|poke|p1|Tyranitar, L50, F|
|poke|p1|Sneasler, L50, F|
|poke|p1|Corviknight, L50, F|
|poke|p2|Charizard, L50, M|
|poke|p2|Milotic, L50, F|
|poke|p2|Grimmsnarl, L50, M|
|poke|p2|Sinistcha, L50|
|poke|p2|Incineroar, L50, F|
|poke|p2|Floette-Eternal, L50, F|
|teampreview|4
|showteam|p1|Basculegion||SitrusBerry|Adaptability|WaveCrash,LastRespects,AquaJet,Protect|Jolly||M|||50|]Garchomp||Garchompite|RoughSkin|EarthPower,DracoMeteor,PowerGem,Protect|Modest||F|||50|]Scizor||LifeOrb|Technician|BulletPunch,BugBite,SwordsDance,Protect|Adamant||F|||50|]Tyranitar||ChoiceScarf|SandStream|RockSlide,KnockOff,IcePunch,Superpower|Jolly||F|||50|]Sneasler||FocusSash|PoisonTouch|PoisonJab,CloseCombat,FakeOut,Protect|Jolly||F|||50|]Corviknight||Leftovers|MirrorArmor|IronHead,BraveBird,Tailwind,Protect|Impish||F|||50|
|showteam|p2|Charizard||CharizarditeX|Blaze|Protect,DragonRush,FlareBlitz,DragonDance|Adamant||M|||50|]Milotic||Leftovers|Competitive|Coil,MuddyWater,Hypnosis,Protect|Calm||F|||50|]Grimmsnarl||LightClay|Prankster|LightScreen,Reflect,SpiritBreak,PartingShot|Impish||M|||50|]Sinistcha||ColburBerry|Hospitality|MatchaGotcha,TrickRoom,RagePowder,Protect|Calm|||||50|]Incineroar||SitrusBerry|Intimidate|FakeOut,FlareBlitz,PartingShot,ThroatChop|Adamant||F|||50|]Floette-Eternal||Floettite|FlowerVeil|Protect,Moonblast,DazzlingGleam,CalmMind|Modest||F|||50|
|inactive|Battle timer is ON: inactive players will automatically lose when time's up. (requested by Ghhhgggvvbbjjhh)
|
|t:|1785948201
|teamsize|p1|4
|teamsize|p2|4
|start
|switch|p1a: Sneasler|Sneasler, L50, F|100/100
|switch|p1b: Tyranitar|Tyranitar, L50, F|100/100
|switch|p2a: Milotic|Milotic, L50, F|100/100
|switch|p2b: Grimmsnarl|Grimmsnarl, L50, M|100/100
|-weather|Sandstorm|[from] ability: Sand Stream|[of] p1b: Tyranitar
|turn|1
|
|t:|1785948216
|move|p2b: Grimmsnarl|Reflect|p2b: Grimmsnarl
|-sidestart|p2: ENDERTYTAR|Reflect
|move|p1a: Sneasler|Poison Jab|p2b: Grimmsnarl
|-supereffective|p2b: Grimmsnarl|1
|-damage|p2b: Grimmsnarl|48/100
|move|p1b: Tyranitar|Knock Off|p2b: Grimmsnarl
|-resisted|p2b: Grimmsnarl|2
|-damage|p2b: Grimmsnarl|39/100
|-enditem|p2b: Grimmsnarl|Light Clay|[from] move: Knock Off|[of] p1b: Tyranitar
|move|p2a: Milotic|Muddy Water|p1a: Sneasler|[spread] p1a
|-miss|p2a: Milotic|p1b: Tyranitar
|-damage|p1a: Sneasler|68/100
|
|-weather|Sandstorm|[upkeep]
|-damage|p1a: Sneasler|63/100|[from] Sandstorm
|-damage|p2a: Milotic|94/100|[from] Sandstorm
|-damage|p2b: Grimmsnarl|33/100|[from] Sandstorm
|-heal|p2a: Milotic|100/100|[from] item: Leftovers
|upkeep
|turn|2
|
|t:|1785948236
|move|p2b: Grimmsnarl|Light Screen|p2b: Grimmsnarl
|-sidestart|p2: ENDERTYTAR|move: Light Screen
|move|p1a: Sneasler|Poison Jab|p2a: Milotic
|-damage|p2a: Milotic|77/100
|move|p1b: Tyranitar|Knock Off|p2a: Milotic
|-damage|p2a: Milotic|45/100
|-enditem|p2a: Milotic|Leftovers|[from] move: Knock Off|[of] p1b: Tyranitar
|move|p2a: Milotic|Coil|p2a: Milotic
|-boost|p2a: Milotic|atk|1
|-boost|p2a: Milotic|def|1
|-boost|p2a: Milotic|accuracy|1
|
|-weather|Sandstorm|[upkeep]
|-damage|p1a: Sneasler|57/100|[from] Sandstorm
|-damage|p2a: Milotic|39/100|[from] Sandstorm
|-damage|p2b: Grimmsnarl|27/100|[from] Sandstorm
|upkeep
|turn|3
|
|t:|1785948255
|move|p2a: Milotic|Protect|p2a: Milotic
|-singleturn|p2a: Milotic|Protect
|move|p2b: Grimmsnarl|Parting Shot|p1a: Sneasler
|-unboost|p1a: Sneasler|atk|1
|-unboost|p1a: Sneasler|spa|1
|
|t:|1785948260
|switch|p2b: Sinistcha|Sinistcha, L50|100/100|[from] Parting Shot
|-heal|p2a: Milotic|64/100|[from] ability: Hospitality|[of] p2b: Sinistcha
|move|p1a: Sneasler|Poison Jab|p2a: Milotic
|-activate|p2a: Milotic|move: Protect
|move|p1b: Tyranitar|Knock Off|p2a: Milotic
|-activate|p2a: Milotic|move: Protect
|
|-weather|Sandstorm|[upkeep]
|-damage|p1a: Sneasler|51/100|[from] Sandstorm
|-damage|p2a: Milotic|58/100|[from] Sandstorm
|-damage|p2b: Sinistcha|93/100|[from] Sandstorm
|upkeep
|turn|4
|
|t:|1785948275
|switch|p2b: Grimmsnarl|Grimmsnarl, L50, M|27/100
|move|p1a: Sneasler|Poison Jab|p2a: Milotic
|-damage|p2a: Milotic|48/100
|move|p1b: Tyranitar|Knock Off|p2b: Grimmsnarl
|-resisted|p2b: Grimmsnarl|2
|-damage|p2b: Grimmsnarl|21/100
|move|p2a: Milotic|Hypnosis|p1b: Tyranitar
|-status|p1b: Tyranitar|slp|[from] move: Hypnosis
|
|-weather|Sandstorm|[upkeep]
|-damage|p1a: Sneasler|45/100|[from] Sandstorm
|-damage|p2a: Milotic|42/100|[from] Sandstorm
|-damage|p2b: Grimmsnarl|15/100|[from] Sandstorm
|upkeep
|turn|5
|
|t:|1785948289
|switch|p2b: Sinistcha|Sinistcha, L50|93/100
|-heal|p2a: Milotic|67/100|[from] ability: Hospitality|[of] p2b: Sinistcha
|move|p1a: Sneasler|Poison Jab|p2a: Milotic
|-damage|p2a: Milotic|57/100
|cant|p1b: Tyranitar|slp
|move|p2a: Milotic|Muddy Water|p1a: Sneasler|[spread] p1a,p1b
|-supereffective|p1b: Tyranitar|1
|-damage|p1a: Sneasler|14/100
|-damage|p1b: Tyranitar|68/100 slp
|-unboost|p1a: Sneasler|accuracy|1
|
|-weather|none
|upkeep
|turn|6
|
|t:|1785948303
|move|p1a: Sneasler|Poison Jab|p2a: Milotic
|-damage|p2a: Milotic|46/100
|cant|p1b: Tyranitar|slp
|move|p2a: Milotic|Muddy Water|p1a: Sneasler|[spread] p1a,p1b
|-crit|p1a: Sneasler
|-supereffective|p1b: Tyranitar|1
|-damage|p1a: Sneasler|0 fnt
|-damage|p1b: Tyranitar|22/100 slp
|-unboost|p1b: Tyranitar|accuracy|1
|faint|p1a: Sneasler
|move|p2b: Sinistcha|Trick Room|p2b: Sinistcha
|-fieldstart|move: Trick Room|[of] p2b: Sinistcha
|
|-sideend|p2: ENDERTYTAR|move: Light Screen
|upkeep
|
|t:|1785948310
|switch|p1a: Garchomp|Garchomp, L50, F|100/100
|turn|7
|
|t:|1785948317
|detailschange|p1a: Garchomp|Garchomp-Mega, L50, F
|-mega|p1a: Garchomp|Garchomp|Garchompite
|move|p2b: Sinistcha|Matcha Gotcha|p1a: Garchomp|[spread] p1a,p1b
|-supereffective|p1b: Tyranitar|1
|-damage|p1a: Garchomp|76/100
|-heal|p2b: Sinistcha|100/100|[from] drain|[of] p1a: Garchomp
|-damage|p1b: Tyranitar|0 fnt
|faint|p1b: Tyranitar
|move|p2a: Milotic|Hypnosis|p1a: Garchomp
|-status|p1a: Garchomp|slp|[from] move: Hypnosis
|cant|p1a: Garchomp|slp
|
|upkeep
|
|t:|1785948321
|switch|p1b: Basculegion|Basculegion, L50, M|100/100
|turn|8
|l|☆Ghhhgggvvbbjjhh
|inactive|Ghhhgggvvbbjjhh disconnected and has a minute to reconnect!
|player|p1|
|inactive|Ghhhgggvvbbjjhh has 30 seconds left.
|inactive|Ghhhgggvvbbjjhh has 20 seconds left.
|inactive|Ghhhgggvvbbjjhh has 15 seconds left.
|inactive|Ghhhgggvvbbjjhh has 10 seconds left.
|inactive|Ghhhgggvvbbjjhh has 5 seconds left.
|-message|Ghhhgggvvbbjjhh lost due to inactivity.
|
|win|ENDERTYTAR
|raw|Ghhhgggvvbbjjhh's rating: 1040 → 1026(-14 for losing)
|raw|ENDERTYTAR's rating: 1082 → 1106(+24 for winning)
