|j|☆SuperDialga1275
|j|☆138mysx
|html|SuperDialga1275138mysx    
|uhtml|bestof|Game 2 of a best-of-3
|t:|1784422960
|gametype|doubles
|player|p1|SuperDialga1275|giovanni|
|player|p2|138mysx|1|
|gen|9
|tier|[Gen 9 Champions] VGC 2026 Reg M-B (Bo3)
|rule|Species Clause: Limit one of each Pokémon
|rule|Item Clause: Limit 1 of each item
|clearpoke
|poke|p1|Gengar, L50, F|
|poke|p1|Incineroar, L50, F|
|poke|p1|Kommo-o, L50, F|
|poke|p1|Raichu, L50, M|
|poke|p1|Ninetales-Alola, L50, F|
|poke|p1|Volcarona, L50, F|
|poke|p2|Charizard, L50, M, shiny|
|poke|p2|Aerodactyl, L50, M, shiny|
|poke|p2|Garchomp, L50, F, shiny|
|poke|p2|Sylveon, L50, F, shiny|
|poke|p2|Kingambit, L50, M|
|poke|p2|Incineroar, L50, M, shiny|
|teampreview|4
|showteam|p1|Gengar||Gengarite|CursedBody|SludgeBomb,ShadowBall,Substitute,Protect|Serious||F|||50|]Incineroar||PasshoBerry|Intimidate|FlareBlitz,ThroatChop,FakeOut,PartingShot|Adamant||F|||50|]Kommo-o||Leftovers|Soundproof|ClangingScales,AuraSphere,ClangorousSoul,Protect|Modest||F|||50|]Raichu||RaichuniteX|Static|VoltTackle,VoltSwitch,FakeOut,Protect|Jolly||M|||50|]Ninetales-Alola||ChoiceScarf|SnowWarning|Blizzard,FreezeDry,IcyWind,Moonblast|Timid||F|||50|]Volcarona||SitrusBerry|FlameBody|Flamethrower,StruggleBug,RagePowder,Protect|Bold||F|||50|
|showteam|p2|Charizard||CharizarditeY|Blaze|SolarBeam,WeatherBall,HeatWave,Protect|Modest||M|||50|]Aerodactyl||FocusSash|Unnerve|RockSlide,Tailwind,WideGuard,Protect|Jolly||M|||50|]Garchomp||LifeOrb|RoughSkin|DragonClaw,Earthquake,RockTomb,Protect|Jolly||F|||50|]Sylveon||FairyFeather|Pixilate|HyperBeam,HyperVoice,QuickAttack,Detect|Modest||F|||50|]Kingambit||BlackGlasses|Defiant|KowtowCleave,SuckerPunch,IronHead,Protect|Adamant||M|||50|]Incineroar||SitrusBerry|Intimidate|FakeOut,FlareBlitz,ThroatChop,PartingShot|Impish||M|||50|
|inactive|Battle timer is ON: inactive players will automatically lose when time's up. (requested by SuperDialga1275)
|inactive|138mysx has 60 seconds left.
|inactive|138mysx has 30 seconds left.
|inactive|138mysx has 20 seconds left.
|inactive|138mysx has 15 seconds left.
|
|t:|1784423036
|teamsize|p1|4
|teamsize|p2|4
|start
|switch|p1a: Incineroar|Incineroar, L50, F|100/100
|switch|p1b: Kommo-o|Kommo-o, L50, F|100/100
|switch|p2a: Sylveon|Sylveon, L50, F, shiny|100/100
|switch|p2b: Garchomp|Garchomp, L50, F, shiny|100/100
|-ability|p1a: Incineroar|Intimidate|boost
|-unboost|p2a: Sylveon|atk|1
|-unboost|p2b: Garchomp|atk|1
|turn|1
|inactive|138mysx has 30 seconds left.
|inactive|138mysx has 20 seconds left.
|
|t:|1784423074
|move|p2b: Garchomp|Protect|p2b: Garchomp
|-singleturn|p2b: Garchomp|Protect
|move|p2a: Sylveon|Detect|p2a: Sylveon
|-singleturn|p2a: Sylveon|Protect
|move|p1a: Incineroar|Fake Out|p2a: Sylveon
|-activate|p2a: Sylveon|move: Protect
|move|p1b: Kommo-o|Clangorous Soul|p1b: Kommo-o
|-boost|p1b: Kommo-o|atk|1
|-boost|p1b: Kommo-o|def|1
|-boost|p1b: Kommo-o|spa|1
|-boost|p1b: Kommo-o|spd|1
|-boost|p1b: Kommo-o|spe|1
|-damage|p1b: Kommo-o|67/100
|
|-heal|p1b: Kommo-o|73/100|[from] item: Leftovers
|upkeep
|turn|2
|
|t:|1784423094
|switch|p2a: Aerodactyl|Aerodactyl, L50, M, shiny|100/100
|-ability|p2a: Aerodactyl|Unnerve
|move|p1b: Kommo-o|Protect|p1b: Kommo-o
|-singleturn|p1b: Kommo-o|Protect
|move|p2b: Garchomp|Earthquake|p1b: Kommo-o|[spread] p1a
|-activate|p1b: Kommo-o|move: Protect
|-immune|p2a: Aerodactyl
|-supereffective|p1a: Incineroar|1
|-damage|p1a: Incineroar|38/100
|-damage|p2b: Garchomp|90/100|[from] item: Life Orb
|move|p1a: Incineroar|Parting Shot|p2b: Garchomp
|-unboost|p2b: Garchomp|atk|1
|-unboost|p2b: Garchomp|spa|1
|
|t:|1784423105
|switch|p1a: Volcarona|Volcarona, L50, F|100/100|[from] Parting Shot
|
|-heal|p1b: Kommo-o|78/100|[from] item: Leftovers
|upkeep
|turn|3
|
|t:|1784423117
|switch|p1a: Incineroar|Incineroar, L50, F|38/100
|-ability|p1a: Incineroar|Intimidate|boost
|-unboost|p2a: Aerodactyl|atk|1
|-unboost|p2b: Garchomp|atk|1
|move|p1b: Kommo-o|Clanging Scales|p2b: Garchomp|[spread] p2a,p2b
|-supereffective|p2b: Garchomp|1
|-damage|p2a: Aerodactyl|21/100
|-damage|p2b: Garchomp|0 fnt
|faint|p2b: Garchomp
|-unboost|p1b: Kommo-o|def|1
|move|p2a: Aerodactyl|Rock Slide|p1b: Kommo-o|[spread] p1a,p1b
|-supereffective|p1a: Incineroar|1
|-crit|p1a: Incineroar
|-resisted|p1b: Kommo-o|1
|-damage|p1a: Incineroar|0 fnt
|-damage|p1b: Kommo-o|71/100
|faint|p1a: Incineroar
|
|-heal|p1b: Kommo-o|76/100|[from] item: Leftovers
|upkeep
|
|t:|1784423130
|switch|p2b: Incineroar|Incineroar, L50, M, shiny|100/100
|switch|p1a: Volcarona|Volcarona, L50, F|100/100
|-ability|p2b: Incineroar|Intimidate|boost
|-unboost|p1a: Volcarona|atk|1
|-unboost|p1b: Kommo-o|atk|1
|turn|4
|
|t:|1784423146
|move|p1a: Volcarona|Protect|p1a: Volcarona
|-singleturn|p1a: Volcarona|Protect
|move|p2b: Incineroar|Fake Out|p1b: Kommo-o
|-damage|p1b: Kommo-o|66/100
|cant|p1b: Kommo-o|flinch
|move|p2a: Aerodactyl|Tailwind|p2a: Aerodactyl
|-sidestart|p2: 138mysx|move: Tailwind
|
|-heal|p1b: Kommo-o|72/100|[from] item: Leftovers
|upkeep
|turn|5
|
|t:|1784423156
|switch|p1a: Raichu|Raichu, L50, M|100/100
|move|p2a: Aerodactyl|Protect|p2a: Aerodactyl
|-singleturn|p2a: Aerodactyl|Protect
|move|p1b: Kommo-o|Clanging Scales|p2b: Incineroar|[spread] p2b
|-activate|p2a: Aerodactyl|move: Protect
|-damage|p2b: Incineroar|52/100
|-unboost|p1b: Kommo-o|def|1
|move|p2b: Incineroar|Parting Shot|p1a: Raichu
|-unboost|p1a: Raichu|atk|1
|-unboost|p1a: Raichu|spa|1
|
|t:|1784423168
|switch|p2b: Sylveon|Sylveon, L50, F, shiny|100/100|[from] Parting Shot
|
|-heal|p1b: Kommo-o|78/100|[from] item: Leftovers
|upkeep
|turn|6
|
|t:|1784423179
|detailschange|p1a: Raichu|Raichu-Mega-X, L50, M
|-mega|p1a: Raichu|Raichu|Raichunite X
|-fieldstart|move: Electric Terrain|[from] ability: Electric Surge|[of] p1a: Raichu
|move|p1a: Raichu|Fake Out|p2b: Sylveon
|-damage|p2b: Sylveon|86/100
|move|p2a: Aerodactyl|Rock Slide|p1b: Kommo-o|[spread] p1b
|-miss|p2a: Aerodactyl|p1a: Raichu
|-resisted|p1b: Kommo-o|1
|-damage|p1b: Kommo-o|64/100
|cant|p2b: Sylveon|flinch
|move|p1b: Kommo-o|Aura Sphere|p2a: Aerodactyl
|-damage|p2a: Aerodactyl|0 fnt
|faint|p2a: Aerodactyl
|
|-heal|p1b: Kommo-o|70/100|[from] item: Leftovers
|upkeep
|
|t:|1784423184
|switch|p2a: Incineroar|Incineroar, L50, M, shiny|52/100
|-ability|p2a: Incineroar|Intimidate|boost
|-unboost|p1a: Raichu|atk|1
|-unboost|p1b: Kommo-o|atk|1
|turn|7
|
|t:|1784423197
|move|p1b: Kommo-o|Protect|p1b: Kommo-o
|-singleturn|p1b: Kommo-o|Protect
|move|p1a: Raichu|Protect|p1a: Raichu
|-singleturn|p1a: Raichu|Protect
|move|p2a: Incineroar|Fake Out|p1a: Raichu
|-activate|p1a: Raichu|move: Protect
|move|p2b: Sylveon|Hyper Voice|p1a: Raichu|[spread] 
|-activate|p1a: Raichu|move: Protect
|-activate|p1b: Kommo-o|move: Protect
|
|-heal|p1b: Kommo-o|76/100|[from] item: Leftovers
|-sideend|p2: 138mysx|move: Tailwind
|upkeep
|turn|8
|
|t:|1784423214
|move|p1b: Kommo-o|Aura Sphere|p2b: Sylveon
|-resisted|p2b: Sylveon|1
|-crit|p2b: Sylveon
|-damage|p2b: Sylveon|52/100
|move|p1a: Raichu|Volt Tackle|p2b: Sylveon
|-damage|p2b: Sylveon|0 fnt
|faint|p2b: Sylveon
|-damage|p1a: Raichu|78/100|[from] Recoil
|move|p2a: Incineroar|Flare Blitz|p1a: Raichu
|-damage|p1a: Raichu|14/100
|-damage|p2a: Incineroar|37/100|[from] Recoil
|-enditem|p2a: Incineroar|Sitrus Berry|[eat]
|-heal|p2a: Incineroar|62/100|[from] item: Sitrus Berry
|
|-heal|p1b: Kommo-o|82/100|[from] item: Leftovers
|upkeep
|turn|9
|
|t:|1784423236
|move|p1b: Kommo-o|Aura Sphere|p2a: Incineroar
|-supereffective|p2a: Incineroar|1
|-damage|p2a: Incineroar|0 fnt
|faint|p2a: Incineroar
|
|win|SuperDialga1275
|c|☆138mysx|Interesting
|c|☆SuperDialga1275|very interesting
|c|☆138mysx|Any mistakes i made
|c|☆SuperDialga1275|not really
|c|☆138mysx|I really cant find a good lead in to that
|c|☆138mysx|Even if i get some calls correct
|c|☆138mysx|There Is no way i cant win this
|c|☆138mysx|Lol
|c|☆SuperDialga1275|you need multiple rock slide flinches
|c|☆138mysx|There has to be a way right,
|c|☆138mysx|That doesnt imply rng
|c|☆SuperDialga1275|i think it's a mind game
|c|☆SuperDialga1275|and your opponent has the advantage
|c|☆138mysx|Why Is that
|c|☆SuperDialga1275|because of my incin + volcarona switching
|c|☆138mysx|Ahaha ur probably having fun detroying me here
|c|☆SuperDialga1275|i am XD
|c|☆138mysx|Are u Down to run another set?
|c|☆SuperDialga1275|i gotta prep for a tourney that starts soon sorry
|c|☆138mysx|Yeah np
|c|☆138mysx|Thanks tho
|c|☆SuperDialga1275|of course!
|c|☆SuperDialga1275|good luck on your games!
|c|☆138mysx|Help was Needed
|c|☆138mysx|Gl for urs
|l|☆138mysx
|player|p2|
|j|☆138mysx
|player|p2|138mysx|1|
