|j|☆cagosullapizza
|j|☆endK649
|html|cagosullapizzaendK649    
|uhtml|bestof|Game 1 of a best-of-3
|t:|1756386380
|gametype|doubles
|player|p1|cagosullapizza|101|1159
|player|p2|endK649|265|1152
|gen|9
|tier|[Gen 9] VGC 2025 Reg H (Bo3)
|rated|
|rule|Species Clause: Limit one of each Pokémon
|rule|Item Clause: Limit 1 of each item
|clearpoke
|poke|p1|Espeon, L50, M|
|poke|p1|Indeedee-F, L50, F|
|poke|p1|Conkeldurr, L50, F|
|poke|p1|Porygon2, L50|
|poke|p1|Magnezone, L50|
|poke|p1|Ursaluna-Bloodmoon, L50, M|
|poke|p2|Feraligatr, L50, F|
|poke|p2|Gholdengo, L50|
|poke|p2|Politoed, L50, F|
|poke|p2|Amoonguss, L50, M|
|poke|p2|Rillaboom, L50, M|
|poke|p2|Incineroar, L50, F|
|teampreview|4
|showteam|p1|Espeon||FocusSash|MagicBounce|PowerGem,ExpandingForce,GrassKnot,Protect|||M|||50|,,,,,Psychic]Indeedee-F||RockyHelmet|PsychicSurge|Psychic,TrickRoom,FollowMe,HelpingHand|||F|||50|,,,,,Psychic]Conkeldurr||FlameOrb|Guts|DrainPunch,IcePunch,MachPunch,Protect|||F|||50|,,,,,Psychic]Porygon2||Eviolite|Download|TrickRoom,TeraBlast,IceBeam,Recover||||||50|,,,,,Ground]Magnezone||ChoiceScarf|Sturdy|VoltSwitch,Thunderbolt,FlashCannon,Discharge||||||50|,,,,,Electric]Ursaluna-Bloodmoon||LifeOrb|MindsEye|BloodMoon,EarthPower,HyperVoice,Protect|||M|||50|,,,,,Normal
|showteam|p2|Feraligatr||LifeOrb|SheerForce|Liquidation,Crunch,DragonDance,Protect|||F|||50|,,,,,Dark]Gholdengo||Leftovers|GoodasGold|MakeItRain,ShadowBall,NastyPlot,Protect||||||50|,,,,,Dragon]Politoed||SitrusBerry|Drizzle|WeatherBall,IcyWind,Mist,Protect|||F|||50|,,,,,Grass]Amoonguss||CovertCloak|Regenerator|PollenPuff,Spore,RagePowder,Protect|||M|||50|,,,,,Water]Rillaboom||AssaultVest|GrassySurge|WoodHammer,GrassyGlide,FakeOut,Uturn|||M|||50|,,,,,Fire]Incineroar||SafetyGoggles|Intimidate|KnockOff,FakeOut,Taunt,PartingShot|||F|||50|,,,,,Ghost
|
|t:|1756386452
|teamsize|p1|4
|teamsize|p2|4
|start
|switch|p1a: Porygon2|Porygon2, L50|100/100
|switch|p1b: Magnezone|Magnezone, L50|100/100
|switch|p2a: Incineroar|Incineroar, L50, F, shiny|100/100
|switch|p2b: Gholdengo|Gholdengo, L50|100/100
|-ability|p2a: Incineroar|Intimidate|boost
|-unboost|p1a: Porygon2|atk|1
|-unboost|p1b: Magnezone|atk|1
|-ability|p1a: Porygon2|Download|boost
|-boost|p1a: Porygon2|atk|1
|turn|1
|
|t:|1756386469
|move|p1b: Magnezone|Volt Switch|p2a: Incineroar
|-damage|p2a: Incineroar|70/100
|
|t:|1756386472
|switch|p1b: Ursaluna|Ursaluna-Bloodmoon, L50, M|100/100|[from] Volt Switch
|move|p2b: Gholdengo|Nasty Plot|p2b: Gholdengo
|-boost|p2b: Gholdengo|spa|2
|move|p2a: Incineroar|Taunt|p1a: Porygon2
|-start|p1a: Porygon2|move: Taunt
|move|p1a: Porygon2|Tera Blast|p2a: Incineroar
|-damage|p2a: Incineroar|48/100
|
|upkeep
|turn|2
|
|t:|1756386496
|switch|p1a: Magnezone|Magnezone, L50|100/100
|move|p2b: Gholdengo|Protect|p2b: Gholdengo
|-singleturn|p2b: Gholdengo|Protect
|move|p1b: Ursaluna|Protect|p1b: Ursaluna
|-singleturn|p1b: Ursaluna|Protect
|move|p2a: Incineroar|Parting Shot|p1b: Ursaluna
|-activate|p1b: Ursaluna|move: Protect
|
|upkeep
|turn|3
|
|t:|1756386529
|-terastallize|p1a: Magnezone|Electric
|-terastallize|p2b: Gholdengo|Dragon
|move|p1a: Magnezone|Discharge|p2a: Incineroar|[spread] p2a,p2b
|-immune|p1b: Ursaluna
|-resisted|p2b: Gholdengo
|-damage|p2a: Incineroar|15/100
|-damage|p2b: Gholdengo|78/100
|move|p2b: Gholdengo|Make It Rain|p1b: Ursaluna|[spread] p1a,p1b
|-resisted|p1a: Magnezone
|-damage|p1a: Magnezone|34/100
|-damage|p1b: Ursaluna|0 fnt
|-unboost|p2b: Gholdengo|spa|1
|faint|p1b: Ursaluna
|move|p2a: Incineroar|Knock Off|p1a: Magnezone
|-crit|p1a: Magnezone
|-damage|p1a: Magnezone|0 fnt
|-enditem|p1a: Magnezone|Choice Scarf|[from] move: Knock Off|[of] p2a: Incineroar
|faint|p1a: Magnezone
|
|-heal|p2b: Gholdengo|83/100|[from] item: Leftovers
|upkeep
|inactive|Battle timer is ON: inactive players will automatically lose when time's up. (requested by endK649)
|
|t:|1756386542
|switch|p1a: Conkeldurr|Conkeldurr, L50, F|100/100
|switch|p1b: Porygon2|Porygon2, L50|100/100
|-ability|p1b: Porygon2|Download|boost
|-boost|p1b: Porygon2|atk|1
|turn|4
|
|t:|1756386558
|move|p2b: Gholdengo|Protect|p2b: Gholdengo
|-singleturn|p2b: Gholdengo|Protect
|move|p1a: Conkeldurr|Mach Punch|p2a: Incineroar
|-supereffective|p2a: Incineroar
|-damage|p2a: Incineroar|0 fnt
|faint|p2a: Incineroar
|move|p1b: Porygon2|Trick Room|p1b: Porygon2
|-fieldstart|move: Trick Room|[of] p1b: Porygon2
|
|-heal|p2b: Gholdengo|89/100|[from] item: Leftovers
|-status|p1a: Conkeldurr|brn|[from] item: Flame Orb
|upkeep
|
|t:|1756386562
|switch|p2a: Amoonguss|Amoonguss, L50, M, shiny|100/100
|turn|5
|
|t:|1756386575
|move|p1a: Conkeldurr|Protect|p1a: Conkeldurr
|-singleturn|p1a: Conkeldurr|Protect
|move|p2a: Amoonguss|Rage Powder|p2a: Amoonguss
|-singleturn|p2a: Amoonguss|move: Rage Powder
|move|p1b: Porygon2|Ice Beam|p2a: Amoonguss
|-supereffective|p2a: Amoonguss
|-damage|p2a: Amoonguss|60/100
|move|p2b: Gholdengo|Shadow Ball|p1a: Conkeldurr
|-activate|p1a: Conkeldurr|move: Protect
|
|-heal|p2b: Gholdengo|95/100|[from] item: Leftovers
|-damage|p1a: Conkeldurr|94/100 brn|[from] brn
|upkeep
|turn|6
|
|t:|1756386587
|move|p2a: Amoonguss|Rage Powder|p2a: Amoonguss
|-singleturn|p2a: Amoonguss|move: Rage Powder
|move|p1a: Conkeldurr|Ice Punch|p2a: Amoonguss
|-supereffective|p2a: Amoonguss
|-damage|p2a: Amoonguss|0 fnt
|faint|p2a: Amoonguss
|move|p1b: Porygon2|Ice Beam|p2b: Gholdengo
|-supereffective|p2b: Gholdengo
|-damage|p2b: Gholdengo|49/100
|move|p2b: Gholdengo|Shadow Ball|p1a: Conkeldurr
|-damage|p1a: Conkeldurr|12/100 brn
|
|-heal|p2b: Gholdengo|55/100|[from] item: Leftovers
|-damage|p1a: Conkeldurr|6/100 brn|[from] brn
|upkeep
|
|t:|1756386589
|switch|p2a: Rillaboom|Rillaboom, L50, M, shiny|100/100
|-fieldstart|move: Grassy Terrain|[from] ability: Grassy Surge|[of] p2a: Rillaboom
|turn|7
|
|t:|1756386602
|move|p1a: Conkeldurr|Protect|p1a: Conkeldurr
|-singleturn|p1a: Conkeldurr|Protect
|move|p2a: Rillaboom|Fake Out|p1a: Conkeldurr
|-activate|p1a: Conkeldurr|move: Protect
|move|p1b: Porygon2|Ice Beam|p2b: Gholdengo
|-supereffective|p2b: Gholdengo
|-damage|p2b: Gholdengo|10/100
|move|p2b: Gholdengo|Make It Rain|p1a: Conkeldurr|[spread] p1b
|-activate|p1a: Conkeldurr|move: Protect
|-damage|p1b: Porygon2|56/100
|-unboost|p2b: Gholdengo|spa|1
|
|-heal|p1a: Conkeldurr|12/100 brn|[from] Grassy Terrain
|-heal|p1b: Porygon2|62/100|[from] Grassy Terrain
|-heal|p2b: Gholdengo|15/100|[from] Grassy Terrain
|-heal|p2b: Gholdengo|21/100|[from] item: Leftovers
|-damage|p1a: Conkeldurr|6/100 brn|[from] brn
|upkeep
|turn|8
|
|t:|1756386621
|move|p2b: Gholdengo|Protect|p2b: Gholdengo
|-singleturn|p2b: Gholdengo|Protect
|move|p1a: Conkeldurr|Mach Punch|p2a: Rillaboom
|-damage|p2a: Rillaboom|68/100
|move|p2a: Rillaboom|Grassy Glide|p1a: Conkeldurr
|-damage|p1a: Conkeldurr|0 fnt
|faint|p1a: Conkeldurr
|move|p1b: Porygon2|Ice Beam|p2a: Rillaboom
|-supereffective|p2a: Rillaboom
|-damage|p2a: Rillaboom|37/100
|
|-heal|p1b: Porygon2|68/100|[from] Grassy Terrain
|-heal|p2a: Rillaboom|43/100|[from] Grassy Terrain
|-heal|p2b: Gholdengo|27/100|[from] Grassy Terrain
|-heal|p2b: Gholdengo|33/100|[from] item: Leftovers
|-fieldend|move: Trick Room
|upkeep
|turn|9
|
|t:|1756386625
|move|p2b: Gholdengo|Make It Rain|p1b: Porygon2
|-damage|p1b: Porygon2|34/100
|-unboost|p2b: Gholdengo|spa|1
|move|p2a: Rillaboom|Wood Hammer|p1b: Porygon2
|-damage|p1b: Porygon2|0 fnt
|faint|p1b: Porygon2
|-damage|p2a: Rillaboom|33/100|[from] Recoil
|
|win|endK649
||cagosullapizza is ready for game 2.
||endK649 is ready for game 2.
|uhtml|next|Next: Game 2 of 3
|l|☆cagosullapizza
|player|p1|
