|j|â˜†TheMarrsterVGC
|j|â˜†tomnumbers
|html|TheMarrsterVGCtomnumbers    
|uhtml|bestof|Game 3 of a best-of-3
|t:|1756281892
|gametype|doubles
|player|p1|TheMarrsterVGC|1|1335
|player|p2|tomnumbers|gambler|1296
|gen|9
|tier|[Gen 9] VGC 2025 Reg H (Bo3)
|rated|
|rule|Species Clause: Limit one of each PokÃ©mon
|rule|Item Clause: Limit 1 of each item
|clearpoke
|poke|p1|Ursaluna, L50, F|
|poke|p1|Pelipper, L50, F|
|poke|p1|Archaludon, L50, F|
|poke|p1|Sinistcha, L50|
|poke|p1|Dragonite, L50, M|
|poke|p1|Gholdengo, L50|
|poke|p2|Electabuzz, L50, F|
|poke|p2|Volcarona, L50, F|
|poke|p2|Dragonite, L50, F|
|poke|p2|Rillaboom, L50, M|
|poke|p2|Gholdengo, L50|
|poke|p2|Ursaluna-Bloodmoon, L50, M|
|teampreview|4
|showteam|p1|Ursaluna||FlameOrb|Guts|Facade,HeadlongRush,Earthquake,Protect|||F|||50|,,,,,Ghost]Pelipper||FocusSash|Drizzle|MuddyWater,Hurricane,Tailwind,Protect|||F|||50|,,,,,Ghost]Archaludon||AssaultVest|Stamina|ElectroShot,Snarl,BodyPress,DragonPulse|||F|||50|,,,,,Grass]Sinistcha||SitrusBerry|Hospitality|MatchaGotcha,RagePowder,TrickRoom,LifeDew||||||50|,,,,,Dark]Dragonite||LoadedDice|Multiscale|ScaleShot,Tailwind,Haze,Protect|||M|||50|,,,,,Fairy]Gholdengo||ChoiceScarf|GoodasGold|MakeItRain,ShadowBall,PowerGem,Trick||||||50|,,,,,Steel
|showteam|p2|Electabuzz||Eviolite|VitalSpirit|Electroweb,FollowMe,Taunt,Protect|||F|||50|,,,,,Dragon]Volcarona||Leftovers|FlameBody|HeatWave,TeraBlast,QuiverDance,Protect|||F|||50|,,,,,Fairy]Dragonite||LoadedDice|Multiscale|ScaleShot,ExtremeSpeed,Tailwind,Protect|||F|||50|,,,,,Fairy]Rillaboom||AssaultVest|GrassySurge|FakeOut,WoodHammer,GrassyGlide,HighHorsepower|||M|||50|,,,,,Fire]Gholdengo||GrassySeed|GoodasGold|NastyPlot,MakeItRain,ShadowBall,Protect||||||50|,,,,,Water]Ursaluna-Bloodmoon||LifeOrb|MindsEye|BloodMoon,HyperVoice,EarthPower,Protect|||M|||50|,,,,,Normal
|inactive|Battle timer is ON: inactive players will automatically lose when time's up. (requested by tomnumbers)
|inactive|TheMarrsterVGC has 60 seconds left.
|inactive|tomnumbers has 60 seconds left.
|
|t:|1756281945
|teamsize|p1|4
|teamsize|p2|4
|start
|switch|p1a: Archaludon|Archaludon, L50, F|100/100
|switch|p1b: Gholdengo|Gholdengo, L50|100/100
|switch|p2a: Electabuzz|Electabuzz, L50, F|100/100
|switch|p2b: Ursaluna|Ursaluna-Bloodmoon, L50, M|100/100
|turn|1
|
|t:|1756281967
|move|p2b: Ursaluna|Protect|p2b: Ursaluna
|-singleturn|p2b: Ursaluna|Protect
|move|p1b: Gholdengo|Make It Rain|p2a: Electabuzz|[spread] p2a
|-activate|p2b: Ursaluna|move: Protect
|-resisted|p2a: Electabuzz
|-damage|p2a: Electabuzz|80/100
|-unboost|p1b: Gholdengo|spa|1
|move|p2a: Electabuzz|Electroweb|p1a: Archaludon|[spread] p1a,p1b
|-resisted|p1a: Archaludon
|-damage|p1a: Archaludon|96/100
|-damage|p1b: Gholdengo|82/100
|-unboost|p1a: Archaludon|spe|1
|-unboost|p1b: Gholdengo|spe|1
|-ability|p1a: Archaludon|Stamina|boost
|-boost|p1a: Archaludon|def|1
|move|p1a: Archaludon|Snarl|p2b: Ursaluna|[spread] p2a
|-activate|p2b: Ursaluna|move: Protect
|-damage|p2a: Electabuzz|70/100
|-unboost|p2a: Electabuzz|spa|1
|
|upkeep
|turn|2
|
|t:|1756281996
|switch|p1b: Dragonite|Dragonite, L50, M|100/100
|-terastallize|p1a: Archaludon|Grass
|move|p2a: Electabuzz|Follow Me|p2a: Electabuzz
|-singleturn|p2a: Electabuzz|move: Follow Me
|move|p2b: Ursaluna|Earth Power|p1a: Archaludon
|-resisted|p1a: Archaludon
|-damage|p1a: Archaludon|72/100
|-ability|p1a: Archaludon|Stamina|boost
|-boost|p1a: Archaludon|def|1
|-damage|p2b: Ursaluna|91/100|[from] item: Life Orb
|move|p1a: Archaludon|Snarl|p2b: Ursaluna|[spread] p2a,p2b
|-damage|p2a: Electabuzz|62/100
|-damage|p2b: Ursaluna|76/100
|-unboost|p2a: Electabuzz|spa|1
|-unboost|p2b: Ursaluna|spa|1
|
|upkeep
|turn|3
|inactive|TheMarrsterVGC has 30 seconds left.
|inactive|tomnumbers has 30 seconds left.
|inactive|TheMarrsterVGC has 20 seconds left.
|inactive|tomnumbers has 20 seconds left.
|inactive|tomnumbers has 15 seconds left.
|
|t:|1756282041
|-terastallize|p2b: Ursaluna|Normal
|move|p1b: Dragonite|Protect|p1b: Dragonite
|-singleturn|p1b: Dragonite|Protect
|move|p2a: Electabuzz|Electroweb|p1a: Archaludon|[spread] p1a
|-activate|p1b: Dragonite|move: Protect
|-resisted|p1a: Archaludon
|-damage|p1a: Archaludon|70/100
|-unboost|p1a: Archaludon|spe|1
|-ability|p1a: Archaludon|Stamina|boost
|-boost|p1a: Archaludon|def|1
|move|p2b: Ursaluna|Blood Moon|p1a: Archaludon
|-damage|p1a: Archaludon|4/100
|-ability|p1a: Archaludon|Stamina|boost
|-boost|p1a: Archaludon|def|1
|-damage|p2b: Ursaluna|66/100|[from] item: Life Orb
|move|p1a: Archaludon|Body Press|p2a: Electabuzz
|-damage|p2a: Electabuzz|0 fnt
|faint|p2a: Electabuzz
|
|upkeep
|
|t:|1756282053
|switch|p2a: Dragonite|Dragonite, L50, F|100/100
|turn|4
|inactive|TheMarrsterVGC has 30 seconds left.
|
|t:|1756282085
|move|p2a: Dragonite|Scale Shot|p1b: Dragonite
|-supereffective|p1b: Dragonite
|-damage|p1b: Dragonite|84/100
|-supereffective|p1b: Dragonite
|-damage|p1b: Dragonite|48/100
|-supereffective|p1b: Dragonite
|-damage|p1b: Dragonite|12/100
|-supereffective|p1b: Dragonite
|-damage|p1b: Dragonite|0 fnt
|faint|p1b: Dragonite
|-hitcount|p1: Dragonite|4
|-unboost|p2a: Dragonite|def|1
|-boost|p2a: Dragonite|spe|1
|move|p2b: Ursaluna|Hyper Voice|p1a: Archaludon
|-damage|p1a: Archaludon|0 fnt
|faint|p1a: Archaludon
|-damage|p2b: Ursaluna|57/100|[from] item: Life Orb
|
|upkeep
|
|t:|1756282088
|switch|p1b: Gholdengo|Gholdengo, L50|82/100
|switch|p1a: Ursaluna|Ursaluna, L50, F|100/100
|turn|5
|c|â˜†TheMarrsterVGC|Nice speed tie
|c|â˜†tomnumbers|if you're adamant, that's not a tie
|inactive|tomnumbers has 30 seconds left.
|
|t:|1756282122
|move|p2b: Ursaluna|Protect|p2b: Ursaluna
|-singleturn|p2b: Ursaluna|Protect
|move|p1b: Gholdengo|Make It Rain|p2a: Dragonite|[spread] p2a
|-activate|p2b: Ursaluna|move: Protect
|-damage|p2a: Dragonite|74/100
|-unboost|p1b: Gholdengo|spa|1
|move|p2a: Dragonite|Tailwind|p2a: Dragonite
|-sidestart|p2: tomnumbers|move: Tailwind
|move|p1a: Ursaluna|Facade|p2a: Dragonite
|-damage|p2a: Dragonite|4/100
|
|-status|p1a: Ursaluna|brn|[from] item: Flame Orb
|upkeep
|turn|6
|c|â˜†TheMarrsterVGC|Iâ€™m jolly
|c|â˜†TheMarrsterVGC|so itâ€™s a tie
|c|â˜†tomnumbers|then you're lying, because I'm adamant kekw
|inactive|tomnumbers has 30 seconds left.
|c|â˜†TheMarrsterVGC|Wow
|inactive|tomnumbers has 20 seconds left.
|
|t:|1756282160
|move|p2a: Dragonite|Scale Shot|p1a: Ursaluna
|-damage|p1a: Ursaluna|89/100 brn
|-damage|p1a: Ursaluna|77/100 brn
|-damage|p1a: Ursaluna|66/100 brn
|-damage|p1a: Ursaluna|54/100 brn
|-hitcount|p1a: Ursaluna|4
|-unboost|p2a: Dragonite|def|1
|-boost|p2a: Dragonite|spe|1
|move|p2b: Ursaluna|Earth Power|p1b: Gholdengo
|-supereffective|p1b: Gholdengo
|-damage|p1b: Gholdengo|0 fnt
|faint|p1b: Gholdengo
|-damage|p2b: Ursaluna|47/100|[from] item: Life Orb
|move|p1a: Ursaluna|Facade|p2b: Ursaluna
|-damage|p2b: Ursaluna|0 fnt
|faint|p2b: Ursaluna
|
|-damage|p1a: Ursaluna|48/100 brn|[from] brn
|upkeep
|
|t:|1756282163
|switch|p2b: Gholdengo|Gholdengo, L50|100/100
|turn|7
|c|â˜†TheMarrsterVGC|guess who wants to be a real boy
|
|t:|1756282183
|move|p2a: Dragonite|Scale Shot|p1a: Ursaluna|[miss]
|-miss|p2a: Dragonite|p1a: Ursaluna
|move|p2b: Gholdengo|Make It Rain|p1a: Ursaluna
|-damage|p1a: Ursaluna|0 fnt
|-unboost|p2b: Gholdengo|spa|1
|faint|p1a: Ursaluna
|
|win|tomnumbers
|raw|TheMarrsterVGC's rating: 1335 → 1313(-22 for losing)
|raw|tomnumbers's rating: 1296 → 1324(+28 for winning)
|c|â˜†tomnumbers|got a min roll on the Blood Moon on your Arch
|c|â˜†tomnumbers|so yeah
|c|â˜†tomnumbers|RNG happens both ways
|c|â˜†tomnumbers|still better than Reg I speed ties I guess
|c|â˜†tomnumbers|ggs
|c|â˜†TheMarrsterVGC|Whatever
|l|â˜†TheMarrsterVGC
|player|p1|
