|j|☆iceshard00
|j|☆B cc hchxbxbbxbx
|html|iceshard00B cc hchxbxbbxbx    
|uhtml|bestof|Game 1 of a best-of-3
|t:|1783630880
|gametype|doubles
|player|p1|iceshard00|lucas|1073
|player|p2|B cc hchxbxbbxbx|266|1000
|gen|9
|tier|[Gen 9 Champions] VGC 2026 Reg M-B (Bo3)
|rated|
|rule|Species Clause: Limit one of each Pokémon
|rule|Item Clause: Limit 1 of each item
|clearpoke
|poke|p1|Whimsicott, L50, F|
|poke|p1|Chesnaught, L50, F|
|poke|p1|Pelipper, L50, M|
|poke|p1|Maushold-Four, L50|
|poke|p1|Glimmora, L50, M|
|poke|p1|Incineroar, L50, F|
|poke|p2|Sneasler, L50, M|
|poke|p2|Blastoise, L50, M|
|poke|p2|Kingambit, L50, M|
|poke|p2|Incineroar, L50, M|
|poke|p2|Delphox, L50, F|
|poke|p2|Sinistcha, L50|
|teampreview|4
|showteam|p1|Whimsicott||FocusSash|Prankster|Moonblast,TrickRoom,GrassyTerrain,Encore|Bold||F|||50|]Chesnaught||Chesnaughtite|Bulletproof|GrassyGlide,DrainPunch,BellyDrum,SpikyShield|Sassy||F|||50|]Pelipper||LifeOrb|Drizzle|Hurricane,WeatherBall,Tailwind,WideGuard|Quiet||M|||50|]Maushold-Four||ChopleBerry|FriendGuard|AfterYou,FollowMe,SuperFang,Encore|Serious|||||50|]Glimmora||ExpertBelt|ToxicDebris|PowerGem,EarthPower,SludgeBomb,SpikyShield|Modest||M|||50|]Incineroar||SitrusBerry|Intimidate|FlareBlitz,FakeOut,PartingShot,ThroatChop|Careful||F|||50|
|showteam|p2|Sneasler||FocusSash|PoisonTouch|PoisonJab,CloseCombat,FakeOut,QuickGuard|Jolly||M|||50|]Blastoise||Blastoisinite|RainDish|DarkPulse,WaterSpout,ShellSmash,Protect|Modest||M|||50|]Kingambit||BlackGlasses|Defiant|KowtowCleave,SuckerPunch,SwordsDance,Protect|Adamant||M|||50|]Incineroar||SitrusBerry|Intimidate|FlareBlitz,HelpingHand,PartingShot,FakeOut|Careful||M|||50|]Delphox||Delphoxite|Blaze|HeatWave,NastyPlot,Psyshock,Protect|Modest||F|||50|]Sinistcha||KasibBerry|Hospitality|MatchaGotcha,RagePowder,TrickRoom,Protect|Bold|||||50|
|inactive|Battle timer is ON: inactive players will automatically lose when time's up. (requested by B cc hchxbxbbxbx)
|inactive|iceshard00 has 60 seconds left.
|
|t:|1783630914
|teamsize|p1|4
|teamsize|p2|4
|start
|switch|p1a: Maushold|Maushold-Four, L50|100/100
|switch|p1b: Chesnaught|Chesnaught, L50, F|100/100
|switch|p2a: Sneasler|Sneasler, L50, M|100/100
|switch|p2b: Blastoise|Blastoise, L50, M|100/100
|turn|1
|
|t:|1783630930
|detailschange|p1b: Chesnaught|Chesnaught-Mega, L50, F
|-mega|p1b: Chesnaught|Chesnaught|Chesnaughtite
|move|p1a: Maushold|Follow Me|p1a: Maushold
|-singleturn|p1a: Maushold|move: Follow Me
|move|p2a: Sneasler|Close Combat|p1a: Maushold
|-supereffective|p1a: Maushold|1
|-enditem|p1a: Maushold|Chople Berry|[eat]
|-enditem|p1a: Maushold|Chople Berry|[weaken]
|-damage|p1a: Maushold|25/100
|-unboost|p2a: Sneasler|def|1
|-unboost|p2a: Sneasler|spd|1
|move|p2b: Blastoise|Shell Smash|p2b: Blastoise
|-unboost|p2b: Blastoise|def|1
|-unboost|p2b: Blastoise|spd|1
|-boost|p2b: Blastoise|atk|2
|-boost|p2b: Blastoise|spa|2
|-boost|p2b: Blastoise|spe|2
|move|p1b: Chesnaught|Belly Drum|p1b: Chesnaught
|-damage|p1b: Chesnaught|50/100g
|-setboost|p1b: Chesnaught|atk|6|[from] move: Belly Drum
|
|upkeep
|turn|2
|inactive|iceshard00 has 30 seconds left.
|inactive|iceshard00 has 20 seconds left.
|inactive|iceshard00 has 15 seconds left.
|
|t:|1783630974
|switch|p2a: Sinistcha|Sinistcha, L50|100/100
|move|p2b: Blastoise|Protect|p2b: Blastoise
|-singleturn|p2b: Blastoise|Protect
|move|p1a: Maushold|After You|p1b: Chesnaught
|-activate|p1b: Chesnaught|move: After You
|move|p1b: Chesnaught|Drain Punch|p2a: Sinistcha
|-immune|p2a: Sinistcha
|
|upkeep
|turn|3
|inactive|iceshard00 has 30 seconds left.
|inactive|iceshard00 has 20 seconds left.
|inactive|iceshard00 has 15 seconds left.
|
|t:|1783631017
|detailschange|p2b: Blastoise|Blastoise-Mega, L50, M
|-mega|p2b: Blastoise|Blastoise|Blastoisinite
|move|p1b: Chesnaught|Spiky Shield|p1b: Chesnaught
|-singleturn|p1b: Chesnaught|move: Protect
|move|p2a: Sinistcha|Rage Powder|p2a: Sinistcha
|-singleturn|p2a: Sinistcha|move: Rage Powder
|move|p2b: Blastoise|Water Spout|p1b: Chesnaught|[spread] p1a
|-activate|p1b: Chesnaught|move: Protect
|-damage|p1a: Maushold|0 fnt
|faint|p1a: Maushold
|
|upkeep
|
|t:|1783631027
|switch|p1a: Whimsicott|Whimsicott, L50, F|100/100
|turn|4
|
|t:|1783631043
|move|p1a: Whimsicott|Grassy Terrain|p1a: Whimsicott
|-fieldstart|move: Grassy Terrain
|move|p1b: Chesnaught|Grassy Glide|p2b: Blastoise
|-supereffective|p2b: Blastoise|1
|-damage|p2b: Blastoise|0 fnt
|faint|p2b: Blastoise
|move|p2a: Sinistcha|Trick Room|p2a: Sinistcha
|-fieldstart|move: Trick Room|[of] p2a: Sinistcha
|
|-heal|p1b: Chesnaught|56/100|[from] Grassy Terrain
|upkeep
|
|t:|1783631051
|switch|p2b: Sneasler|Sneasler, L50, M|100/100
|turn|5
|
|t:|1783631064
|switch|p1a: Glimmora|Glimmora, L50, M|100/100
|move|p1b: Chesnaught|Spiky Shield|p1b: Chesnaught
|-singleturn|p1b: Chesnaught|move: Protect
|move|p2a: Sinistcha|Rage Powder|p2a: Sinistcha
|-singleturn|p2a: Sinistcha|move: Rage Powder
|move|p2b: Sneasler|Poison Jab|p1a: Glimmora
|-resisted|p1a: Glimmora|2
|-damage|p1a: Glimmora|89/100
|-activate|p1a: Glimmora|ability: Toxic Debris
|-sidestart|p2: B cc hchxbxbbxbx|move: Toxic Spikes
|
|-heal|p1b: Chesnaught|62/100|[from] Grassy Terrain
|-heal|p1a: Glimmora|95/100|[from] Grassy Terrain
|upkeep
|turn|6
|inactive|iceshard00 has 30 seconds left.
|inactive|B cc hchxbxbbxbx has 30 seconds left.
|
|t:|1783631099
|move|p1a: Glimmora|Spiky Shield|p1a: Glimmora
|-singleturn|p1a: Glimmora|move: Protect
|move|p1b: Chesnaught|Grassy Glide|p2b: Sneasler
|-resisted|p2b: Sneasler|1
|-enditem|p2b: Sneasler|Focus Sash
|-damage|p2b: Sneasler|1/100
|move|p2a: Sinistcha|Matcha Gotcha|p1a: Glimmora|[spread] p1b
|-activate|p1a: Glimmora|move: Protect
|-resisted|p1b: Chesnaught|1
|-damage|p1b: Chesnaught|52/100
|-status|p1b: Chesnaught|brn
|move|p2b: Sneasler|Poison Jab|p1b: Chesnaught
|-supereffective|p1b: Chesnaught|1
|-damage|p1b: Chesnaught|2/100 brn
|
|-heal|p1b: Chesnaught|8/100 brn|[from] Grassy Terrain
|-heal|p1a: Glimmora|100/100|[from] Grassy Terrain
|-heal|p2b: Sneasler|6/100|[from] Grassy Terrain
|-damage|p1b: Chesnaught|2/100 brn|[from] brn
|upkeep
|turn|7
|l|☆B cc hchxbxbbxbx
|inactive|B cc hchxbxbbxbx disconnected and has a minute to reconnect!
|player|p2|
|inactive|iceshard00 has 30 seconds left.
|inactive|B cc hchxbxbbxbx has 30 seconds left.
|inactive|B cc hchxbxbbxbx has 20 seconds left.
|inactive|iceshard00 has 20 seconds left.
|inactive|B cc hchxbxbbxbx has 15 seconds left.
|inactive|B cc hchxbxbbxbx has 10 seconds left.
|inactive|iceshard00 has 15 seconds left.
|inactive|B cc hchxbxbbxbx has 5 seconds left.
|inactive|iceshard00 has 10 seconds left.
|-message|B cc hchxbxbbxbx lost due to inactivity.
|
|win|iceshard00
||iceshard00 is ready for game 2.
|inactive|B cc hchxbxbbxbx has 15 seconds to reconnect!
|inactive|B cc hchxbxbbxbx has 5 seconds to reconnect!
|raw|iceshard00's rating: 1073 → 1096(+23 for winning)
|raw|B cc hchxbxbbxbx's rating: 1000 → 1000(+0 for losing)
