|j|☆sedrav
|j|☆MagickeySY
|html|sedravMagickeySY    
|uhtml|bestof|Game 3 of a best-of-3
|t:|1757045953
|gametype|doubles
|player|p1|sedrav|hilbert|1257
|player|p2|MagickeySY|steven|1167
|gen|9
|tier|[Gen 9] VGC 2025 Reg H (Bo3)
|rated|
|rule|Species Clause: Limit one of each Pokémon
|rule|Item Clause: Limit 1 of each item
|clearpoke
|poke|p1|Garchomp, L50, M|
|poke|p1|Gholdengo, L50|
|poke|p1|Tyranitar, L50, F|
|poke|p1|Amoonguss, L50, M|
|poke|p1|Kilowattrel, L50, M|
|poke|p1|Incineroar, L50, M|
|poke|p2|Dragonite, L50, F|
|poke|p2|Annihilape, L50, F|
|poke|p2|Maushold-Four, L50|
|poke|p2|Sinistcha-Masterpiece, L50|
|poke|p2|Archaludon, L50, M|
|poke|p2|Klefki, L50, M|
|teampreview|4
|showteam|p1|Garchomp||LifeOrb|RoughSkin|DragonClaw,StompingTantrum,Earthquake,Protect|||M|||50|,,,,,Ground]Gholdengo||MetalCoat|GoodasGold|MakeItRain,ShadowBall,NastyPlot,Protect||||||50|,,,,,Flying]Tyranitar||AssaultVest|SandStream|RockSlide,KnockOff,LowKick,TeraBlast|||F|||50|,,,,,Flying]Amoonguss||SitrusBerry|Regenerator|Spore,RagePowder,PollenPuff,Protect|||M|||50|,,,,,Water]Kilowattrel||FocusSash|Competitive|AirSlash,Tailwind,VoltSwitch,Protect|||M|||50|,,,,,Ghost]Incineroar||SafetyGoggles|Intimidate|FakeOut,FlareBlitz,KnockOff,PartingShot|||M|||50|,,,,,Ghost
|showteam|p2|Dragonite||LoadedDice|Multiscale|ExtremeSpeed,Haze,ScaleShot,Protect|||F|||50|,,,,,Fairy]Annihilape||Leftovers|Defiant|DrainPunch,RageFist,BulkUp,Protect|||F|||50|,,,,,Water]Maushold-Four||SafetyGoggles|FriendGuard|BeatUp,Taunt,FollowMe,Protect||||||50|,,,,,Ghost]Sinistcha-Masterpiece||SitrusBerry|Hospitality|MatchaGotcha,LifeDew,RagePowder,TrickRoom||||||50|,,,,,Water]Archaludon||AssaultVest|Stamina|BodyPress,DragonPulse,ElectroShot,FlashCannon|||M|||50|,,,,,Fairy]Klefki||LightClay|Prankster|DazzlingGleam,LightScreen,Reflect,MistyTerrain|||M|||50|,,,,,Ghost
|inactive|Battle timer is ON: inactive players will automatically lose when time's up. (requested by sedrav)
|inactive|sedrav has 60 seconds left.
|inactive|MagickeySY has 60 seconds left.
|
|t:|1757045992
|teamsize|p1|4
|teamsize|p2|4
|start
|switch|p1a: Garchomp|Garchomp, L50, M|100/100
|switch|p1b: Amoonguss|Amoonguss, L50, M|100/100
|switch|p2a: Klefki|Klefki, L50, M|100/100
|switch|p2b: Dragonite|Dragonite, L50, F|100/100
|turn|1
|inactive|MagickeySY has 30 seconds left.
|
|t:|1757046018
|move|p1a: Garchomp|Protect|p1a: Garchomp
|-singleturn|p1a: Garchomp|Protect
|move|p2a: Klefki|Reflect|p2a: Klefki
|-sidestart|p2: MagickeySY|Reflect
|move|p2b: Dragonite|Scale Shot|p1a: Garchomp
|-activate|p1a: Garchomp|move: Protect
|move|p1b: Amoonguss|Spore|p2a: Klefki
|-status|p2a: Klefki|slp|[from] move: Spore
|
|upkeep
|turn|2
|inactive|sedrav has 30 seconds left.
|inactive|sedrav has 20 seconds left.
|inactive|sedrav has 15 seconds left.
|inactive|sedrav has 10 seconds left.
|
|t:|1757046066
|-terastallize|p1a: Garchomp|Ground
|cant|p2a: Klefki|slp
|move|p1a: Garchomp|Stomping Tantrum|p2a: Klefki
|-supereffective|p2a: Klefki
|-damage|p2a: Klefki|7/100 slp
|-damage|p1a: Garchomp|91/100|[from] item: Life Orb
|move|p2b: Dragonite|Scale Shot|p1a: Garchomp
|-damage|p1a: Garchomp|74/100
|-damage|p1a: Garchomp|59/100
|-damage|p1a: Garchomp|44/100
|-damage|p1a: Garchomp|29/100
|-hitcount|p1a: Garchomp|4
|-unboost|p2b: Dragonite|def|1
|-boost|p2b: Dragonite|spe|1
|move|p1b: Amoonguss|Spore|p2a: Klefki
|-fail|p2a: Klefki|slp
|
|upkeep
|turn|3
|inactive|sedrav has 30 seconds left.
|inactive|MagickeySY has 30 seconds left.
|inactive|MagickeySY has 20 seconds left.
|inactive|MagickeySY has 15 seconds left.
|inactive|MagickeySY has 10 seconds left.
|
|t:|1757046113
|switch|p1a: Gholdengo|Gholdengo, L50|100/100
|-curestatus|p2a: Klefki|slp|[msg]
|move|p2a: Klefki|Misty Terrain|p2a: Klefki
|-fieldstart|move: Misty Terrain
|move|p2b: Dragonite|Scale Shot|p1b: Amoonguss
|-damage|p1b: Amoonguss|95/100
|-damage|p1b: Amoonguss|89/100
|-damage|p1b: Amoonguss|83/100
|-damage|p1b: Amoonguss|77/100
|-hitcount|p1b: Amoonguss|4
|-unboost|p2b: Dragonite|def|1
|-boost|p2b: Dragonite|spe|1
|move|p1b: Amoonguss|Spore|p2b: Dragonite
|-status|p2b: Dragonite|slp|[from] move: Spore
|
|upkeep
|turn|4
|inactive|sedrav has 30 seconds left.
|inactive|MagickeySY has 30 seconds left.
|inactive|MagickeySY has 20 seconds left.
|inactive|MagickeySY has 15 seconds left.
|
|t:|1757046156
|switch|p2a: Annihilape|Annihilape, L50, F|100/100
|cant|p2b: Dragonite|slp
|move|p1a: Gholdengo|Nasty Plot|p1a: Gholdengo
|-boost|p1a: Gholdengo|spa|2
|move|p1b: Amoonguss|Pollen Puff|p2a: Annihilape
|-resisted|p2a: Annihilape
|-damage|p2a: Annihilape|96/100
|
|-heal|p2a: Annihilape|100/100|[from] item: Leftovers
|upkeep
|turn|5
|inactive|sedrav has 30 seconds left.
|inactive|MagickeySY has 30 seconds left.
|
|t:|1757046191
|-terastallize|p2a: Annihilape|Water
|move|p1b: Amoonguss|Rage Powder|p1b: Amoonguss
|-singleturn|p1b: Amoonguss|move: Rage Powder
|-curestatus|p2b: Dragonite|slp|[msg]
|move|p2b: Dragonite|Haze|p2b: Dragonite
|-clearallboost
|move|p2a: Annihilape|Rage Fist|p1b: Amoonguss
|-damage|p1b: Amoonguss|43/100
|-enditem|p1b: Amoonguss|Sitrus Berry|[eat]
|-heal|p1b: Amoonguss|68/100|[from] item: Sitrus Berry
|move|p1a: Gholdengo|Make It Rain|p2a: Annihilape|[spread] p2a,p2b
|-resisted|p2a: Annihilape
|-damage|p2a: Annihilape|75/100
|-damage|p2b: Dragonite|70/100
|-unboost|p1a: Gholdengo|spa|1
|
|-heal|p2a: Annihilape|81/100|[from] item: Leftovers
|upkeep
|turn|6
|inactive|sedrav has 30 seconds left.
|inactive|MagickeySY has 30 seconds left.
|inactive|sedrav has 20 seconds left.
|inactive|MagickeySY has 20 seconds left.
|inactive|MagickeySY has 15 seconds left.
|inactive|MagickeySY has 10 seconds left.
|
|t:|1757046241
|switch|p1a: Garchomp|Garchomp, L50, M, tera:Ground|29/100
|move|p2b: Dragonite|Extreme Speed|p1b: Amoonguss
|-damage|p1b: Amoonguss|41/100
|move|p2a: Annihilape|Bulk Up|p2a: Annihilape
|-boost|p2a: Annihilape|atk|1
|-boost|p2a: Annihilape|def|1
|move|p1b: Amoonguss|Pollen Puff|p1a: Garchomp
|-heal|p1a: Garchomp|79/100
|
|-heal|p2a: Annihilape|87/100|[from] item: Leftovers
|upkeep
|turn|7
|inactive|sedrav has 30 seconds left.
|inactive|MagickeySY has 30 seconds left.
|inactive|MagickeySY has 20 seconds left.
|
|t:|1757046277
|switch|p2b: Klefki|Klefki, L50, M|7/100
|switch|p1b: Tyranitar|Tyranitar, L50, F|100/100
|-weather|Sandstorm|[from] ability: Sand Stream|[of] p1b: Tyranitar
|move|p1a: Garchomp|Dragon Claw|p2b: Klefki
|-immune|p2b: Klefki
|move|p2a: Annihilape|Rage Fist|p1b: Tyranitar
|-resisted|p1b: Tyranitar
|-damage|p1b: Tyranitar|63/100
|
|-weather|Sandstorm|[upkeep]
|-damage|p2a: Annihilape|81/100|[from] Sandstorm
|-heal|p2a: Annihilape|87/100|[from] item: Leftovers
|-fieldend|Misty Terrain
|upkeep
|turn|8
|inactive|sedrav has 30 seconds left.
|inactive|MagickeySY has 30 seconds left.
|inactive|sedrav has 20 seconds left.
|inactive|MagickeySY has 20 seconds left.
|inactive|sedrav has 15 seconds left.
|inactive|MagickeySY has 15 seconds left.
|inactive|sedrav has 10 seconds left.
|inactive|MagickeySY has 10 seconds left.
|inactive|sedrav has 5 seconds left.
|inactive|MagickeySY has 5 seconds left.
|
|t:|1757046332
|switch|p1b: Amoonguss|Amoonguss, L50, M|75/100
|move|p1a: Garchomp|Stomping Tantrum|p2b: Klefki
|-supereffective|p2b: Klefki
|-damage|p2b: Klefki|0 fnt
|faint|p2b: Klefki
|-damage|p1a: Garchomp|69/100|[from] item: Life Orb
|move|p2a: Annihilape|Drain Punch|p1b: Amoonguss
|-resisted|p1b: Amoonguss
|-damage|p1b: Amoonguss|57/100
|-heal|p2a: Annihilape|97/100|[from] drain|[of] p1b: Amoonguss
|
|-weather|Sandstorm|[upkeep]
|-damage|p2a: Annihilape|90/100|[from] Sandstorm
|-damage|p1b: Amoonguss|51/100|[from] Sandstorm
|-heal|p2a: Annihilape|97/100|[from] item: Leftovers
|-sideend|p2: MagickeySY|Reflect
|upkeep
|inactive|MagickeySY has 30 seconds left.
|
|t:|1757046366
|switch|p2b: Dragonite|Dragonite, L50, F|70/100
|turn|9
|
|t:|1757046393
|move|p1b: Amoonguss|Protect|p1b: Amoonguss
|-singleturn|p1b: Amoonguss|Protect
|move|p1a: Garchomp|Dragon Claw|p2b: Dragonite
|-supereffective|p2b: Dragonite
|-damage|p2b: Dragonite|0 fnt
|faint|p2b: Dragonite
|-damage|p1a: Garchomp|60/100|[from] item: Life Orb
|move|p2a: Annihilape|Rage Fist|p1b: Amoonguss
|-activate|p1b: Amoonguss|move: Protect
|
|-weather|Sandstorm|[upkeep]
|-damage|p2a: Annihilape|90/100|[from] Sandstorm
|-damage|p1b: Amoonguss|45/100|[from] Sandstorm
|-heal|p2a: Annihilape|97/100|[from] item: Leftovers
|upkeep
|
|t:|1757046408
|switch|p2b: Archaludon|Archaludon, L50, M|100/100
|turn|10
|inactive|sedrav has 30 seconds left.
|inactive|MagickeySY has 30 seconds left.
|inactive|sedrav has 20 seconds left.
|inactive|sedrav has 15 seconds left.
|
|t:|1757046449
|switch|p1b: Tyranitar|Tyranitar, L50, F|63/100
|move|p1a: Garchomp|Protect|p1a: Garchomp
|-singleturn|p1a: Garchomp|Protect
|move|p2a: Annihilape|Rage Fist|p1b: Tyranitar
|-resisted|p1b: Tyranitar
|-damage|p1b: Tyranitar|20/100
|move|p2b: Archaludon|Dragon Pulse|p1b: Tyranitar
|-damage|p1b: Tyranitar|4/100
|
|-weather|Sandstorm|[upkeep]
|-damage|p2a: Annihilape|90/100|[from] Sandstorm
|-heal|p2a: Annihilape|97/100|[from] item: Leftovers
|upkeep
|turn|11
|inactive|MagickeySY has 30 seconds left.
|inactive|MagickeySY has 20 seconds left.
|inactive|sedrav has 30 seconds left.
|inactive|MagickeySY has 15 seconds left.
|inactive|MagickeySY has 10 seconds left.
|inactive|MagickeySY has 5 seconds left.
|-message|MagickeySY lost due to inactivity.
|
|win|sedrav
|raw|sedrav's rating: 1257 → 1276(+19 for winning)
|raw|MagickeySY's rating: 1167 → 1148(-19 for losing)
|c|☆sedrav|that was intense
|l|☆MagickeySY
|player|p2|
|c|☆sedrav|ggs
