|j|☆Semiau
|j|☆Llama_Llord
|html|SemiauLlama_Llord    
|uhtml|bestof|Game 2 of a best-of-3
|t:|1756598959
|gametype|doubles
|player|p1|Semiau|policeman|1057
|player|p2|Llama_Llord|170|1119
|gen|9
|tier|[Gen 9] VGC 2025 Reg H (Bo3)
|rated|
|rule|Species Clause: Limit one of each Pokémon
|rule|Item Clause: Limit 1 of each item
|clearpoke
|poke|p1|Indeedee-F, L50, F|
|poke|p1|Typhlosion-Hisui, L50, M|
|poke|p1|Gallade, L50, M|
|poke|p1|Toxtricity, L50, M|
|poke|p1|Ursaluna-Bloodmoon, L50, M|
|poke|p1|Torkoal, L50, F|
|poke|p2|Meowscarada, L50, M|
|poke|p2|Primarina, L50, F|
|poke|p2|Indeedee, L50, M|
|poke|p2|Sneasler, L50, M|
|poke|p2|Tatsugiri, L50, F|
|poke|p2|Amoonguss, L50, F|
|teampreview|4
|showteam|p1|Indeedee-F||PsychicSeed|PsychicSurge|HelpingHand,FollowMe,DazzlingGleam,TrickRoom|||F|||50|,,,,,Fairy]Typhlosion-Hisui||ChoiceScarf|Frisk|Eruption,Overheat,ShadowBall,FocusBlast|||M|||50|,,,,,Fire]Gallade||FocusSash|Sharpness|PsychoCut,SacredSword,WideGuard,TrickRoom|||M|||50|,,,,,Psychic]Toxtricity||ChoiceSpecs|PunkRock|Boomburst,Overdrive,VoltSwitch,SludgeBomb|||M|||50|,,,,,Normal]Ursaluna-Bloodmoon||ThroatSpray|MindsEye|HyperVoice,BloodMoon,EarthPower,Protect|||M|||50|,,,,,Normal]Torkoal||Charcoal|Drought|Eruption,Yawn,Protect,Flamethrower|||F|||50|,,,,,Fire
|showteam|p2|Meowscarada||FocusSash|Overgrow|GrassPledge,KnockOff,FlowerTrick,Protect|||M|||50|,,,,,Fairy]Primarina||LifeOrb|LiquidVoice|WaterPledge,HyperVoice,Moonblast,Protect|||F|||50|,,,,,Poison]Indeedee||SafetyGoggles|PsychicSurge|ExpandingForce,Protect,TrickRoom,Imprison|||M|||50|,,,,,Fire]Sneasler||PsychicSeed|Unburden|DireClaw,CloseCombat,ThroatChop,Protect|||M|||50|,,,,,Stellar]Tatsugiri||AssaultVest|StormDrain|DracoMeteor,IcyWind,TeraBlast,Surf|||F|||50|,,,,,Ground]Amoonguss||SitrusBerry|EffectSpore|Spore,RagePowder,SludgeBomb,Protect|||F|||50|,,,,,Steel
|inactive|Battle timer is ON: inactive players will automatically lose when time's up. (requested by Llama_Llord)
|
|t:|1756598978
|teamsize|p1|4
|teamsize|p2|4
|start
|switch|p1a: Typhlosion|Typhlosion-Hisui, L50, M|100/100
|switch|p1b: Indeedee|Indeedee-F, L50, F|100/100
|switch|p2a: Indeedee|Indeedee, L50, M|100/100
|switch|p2b: Sneasler|Sneasler, L50, M|100/100
|-item|p2a: Indeedee|Safety Goggles|[from] ability: Frisk|[of] p1a: Typhlosion
|-item|p2b: Sneasler|Psychic Seed|[from] ability: Frisk|[of] p1a: Typhlosion
|-fieldstart|move: Psychic Terrain|[from] ability: Psychic Surge|[of] p2a: Indeedee
|-enditem|p2b: Sneasler|Psychic Seed
|-boost|p2b: Sneasler|spd|1|[from] item: Psychic Seed
|-enditem|p1b: Indeedee|Psychic Seed
|-boost|p1b: Indeedee|spd|1|[from] item: Psychic Seed
|turn|1
|inactive|Semiau has 30 seconds left.
|
|t:|1756599003
|-terastallize|p1a: Typhlosion|Fire
|move|p2b: Sneasler|Protect|p2b: Sneasler
|-singleturn|p2b: Sneasler|Protect
|move|p2a: Indeedee|Protect|p2a: Indeedee
|-singleturn|p2a: Indeedee|Protect
|move|p1b: Indeedee|Follow Me|p1b: Indeedee
|-singleturn|p1b: Indeedee|move: Follow Me
|move|p1a: Typhlosion|Eruption|p2a: Indeedee|[spread] 
|-activate|p2a: Indeedee|move: Protect
|-activate|p2b: Sneasler|move: Protect
|
|upkeep
|turn|2
|
|t:|1756599023
|switch|p2a: Tatsugiri|Tatsugiri, L50, F|100/100
|move|p1b: Indeedee|Follow Me|p1b: Indeedee
|-singleturn|p1b: Indeedee|move: Follow Me
|move|p2b: Sneasler|Dire Claw|p1b: Indeedee
|-damage|p1b: Indeedee|43/100
|-status|p1b: Indeedee|slp
|move|p1a: Typhlosion|Eruption|p2a: Tatsugiri|[spread] p2a,p2b
|-resisted|p2a: Tatsugiri
|-damage|p2a: Tatsugiri|84/100
|-damage|p2b: Sneasler|22/100
|
|upkeep
|turn|3
|inactive|Llama_Llord has 30 seconds left.
|
|t:|1756599050
|switch|p2a: Fiona|Primarina, L50, F|100/100
|move|p2b: Sneasler|Dire Claw|p1a: Typhlosion
|-damage|p1a: Typhlosion|36/100
|-status|p1a: Typhlosion|psn
|move|p1a: Typhlosion|Eruption|p2a: Fiona|[spread] p2a,p2b
|-resisted|p2a: Fiona
|-damage|p2a: Fiona|89/100
|-damage|p2b: Sneasler|0 fnt
|faint|p2b: Sneasler
|cant|p1b: Indeedee|slp
|
|-damage|p1a: Typhlosion|24/100 psn|[from] psn
|upkeep
|
|t:|1756599063
|switch|p2b: Indeedee|Indeedee, L50, M|100/100
|turn|4
|
|t:|1756599081
|move|p1a: Typhlosion|Eruption|p2b: Indeedee|[spread] p2a,p2b
|-resisted|p2a: Fiona
|-damage|p2a: Fiona|81/100
|-damage|p2b: Indeedee|75/100
|move|p2b: Indeedee|Imprison|p2b: Indeedee
|-start|p2b: Indeedee|move: Imprison
|cant|p1b: Indeedee|slp
|move|p2a: Fiona|Hyper Voice|p1a: Typhlosion|[spread] p1a,p1b
|-supereffective|p1a: Typhlosion
|-damage|p1a: Typhlosion|0 fnt
|-damage|p1b: Indeedee|18/100 slp
|faint|p1a: Typhlosion
|-damage|p2a: Fiona|72/100|[from] item: Life Orb
|
|upkeep
|
|t:|1756599091
|switch|p1a: Gallade|Gallade, L50, M|100/100
|turn|5
|
|t:|1756599116
|move|p2b: Indeedee|Protect|p2b: Indeedee
|-singleturn|p2b: Indeedee|Protect
|move|p1a: Gallade|Sacred Sword|p2b: Indeedee
|-activate|p2b: Indeedee|move: Protect
|-curestatus|p1b: Indeedee|slp|[msg]
|move|p1b: Indeedee|Dazzling Gleam|p2a: Fiona|[spread] p2a
|-activate|p2b: Indeedee|move: Protect
|-damage|p2a: Fiona|60/100
|move|p2a: Fiona|Moonblast|p1a: Gallade
|-supereffective|p1a: Gallade
|-enditem|p1a: Gallade|Focus Sash
|-damage|p1a: Gallade|1/100
|-damage|p2a: Fiona|50/100|[from] item: Life Orb
|
|-fieldend|move: Psychic Terrain
|upkeep
|turn|6
|
|t:|1756599141
|move|p2b: Indeedee|Protect|p2b: Indeedee
|-singleturn|p2b: Indeedee|Protect
|move|p1b: Indeedee|Follow Me|p1b: Indeedee
|-singleturn|p1b: Indeedee|move: Follow Me
|move|p1a: Gallade|Sacred Sword|p2b: Indeedee
|-activate|p2b: Indeedee|move: Protect
|move|p2a: Fiona|Hyper Voice|p1b: Indeedee|[spread] p1a,p1b
|-damage|p1a: Gallade|0 fnt
|-damage|p1b: Indeedee|0 fnt
|faint|p1a: Gallade
|faint|p1b: Indeedee
|-damage|p2a: Fiona|40/100|[from] item: Life Orb
|
|upkeep
|
|t:|1756599149
|switch|p1b: Toxtricity|Toxtricity, L50, M|100/100
|turn|7
|
|t:|1756599163
|move|p2b: Indeedee|Expanding Force|p1b: Toxtricity
|-supereffective|p1b: Toxtricity
|-damage|p1b: Toxtricity|0 fnt
|faint|p1b: Toxtricity
|
|win|Llama_Llord
|raw|Semiau's rating: 1057 → 1042(-15 for losing)
|raw|Llama_Llord's rating: 1119 → 1140(+21 for winning)
