|j|☆tryson69
|j|☆dont make me walk
|html|tryson69dont make me walk    
|uhtml|bestof|Game 2 of a best-of-3
|t:|1756728843
|gametype|doubles
|player|p1|tryson69|crasherwake|1251
|player|p2|dont make me walk|red-masters3|1250
|gen|9
|tier|[Gen 9] VGC 2025 Reg H (Bo3)
|rated|
|rule|Species Clause: Limit one of each Pokémon
|rule|Item Clause: Limit 1 of each item
|clearpoke
|poke|p1|Typhlosion-Hisui, L50, F|
|poke|p1|Rillaboom, L50, M|
|poke|p1|Primarina, L50, M|
|poke|p1|Archaludon, L50, M|
|poke|p1|Whimsicott, L50, F|
|poke|p1|Pelipper, L50, F|
|poke|p2|Ursaluna-Bloodmoon, L50, M|
|poke|p2|Indeedee, L50, M|
|poke|p2|Sneasler, L50, F|
|poke|p2|Incineroar, L50, M|
|poke|p2|Talonflame, L50, F|
|poke|p2|Garchomp, L50, M|
|teampreview|4
|showteam|p1|Typhlosion-Hisui||ChoiceScarf|Blaze|Eruption,HeatWave,Overheat,ShadowBall|||F|||50|,,,,,Fire]Rillaboom||AssaultVest|GrassySurge|WoodHammer,GrassyGlide,HighHorsepower,FakeOut|||M|||50|,,,,,Fire]Primarina||ThroatSpray|LiquidVoice|HyperVoice,Moonblast,Haze,Protect|||M|||50|,,,,,Poison]Archaludon||Leftovers|Stamina|ElectroShot,BodyPress,Protect,DracoMeteor|||M|||50|,,,,,Grass]Whimsicott||CovertCloak|Prankster|Tailwind,Taunt,Moonblast,SunnyDay|||F|||50|,,,,,Water]Pelipper||FocusSash|Drizzle|WeatherBall,Hurricane,WideGuard,Protect|||F|||50|,,,,,Steel
|showteam|p2|Ursaluna-Bloodmoon||LifeOrb|MindsEye|Protect,EarthPower,HyperVoice,BloodMoon|||M|||50|,,,,,Normal]Indeedee||FocusSash|PsychicSurge|ExpandingForce,Protect,TrickRoom,Imprison|||M|||50|,,,,,Psychic]Sneasler||PsychicSeed|Unburden|DireClaw,CloseCombat,ThroatChop,Protect|||F|||50|,,,,,Dark]Incineroar||SafetyGoggles|Intimidate|FakeOut,KnockOff,FlareBlitz,PartingShot|||M|||50|,,,,,Ghost]Talonflame||CovertCloak|GaleWings|FlareBlitz,DualWingbeat,WillOWisp,Tailwind|||F|||50|,,,,,Fairy]Garchomp||ClearAmulet|RoughSkin|Earthquake,StompingTantrum,DragonClaw,Protect|||M|||50|,,,,,Fairy
|inactive|Battle timer is ON: inactive players will automatically lose when time's up. (requested by dont make me walk)
|inactive|dont make me walk has 60 seconds left.
|
|t:|1756728879
|teamsize|p1|4
|teamsize|p2|4
|start
|switch|p1a: Whimsicott|Whimsicott, L50, F|100/100
|switch|p1b: Pelipper|Pelipper, L50, F|100/100
|switch|p2a: Sneasler|Sneasler, L50, F|100/100
|switch|p2b: Indeedee|Indeedee, L50, M|100/100
|-fieldstart|move: Psychic Terrain|[from] ability: Psychic Surge|[of] p2b: Indeedee
|-enditem|p2a: Sneasler|Psychic Seed
|-boost|p2a: Sneasler|spd|1|[from] item: Psychic Seed
|-weather|RainDance|[from] ability: Drizzle|[of] p1b: Pelipper
|turn|1
|
|t:|1756728892
|switch|p1a: Rillaboom|Rillaboom, L50, M|100/100
|-fieldstart|move: Grassy Terrain|[from] ability: Grassy Surge|[of] p1a: Rillaboom
|-terastallize|p2a: Sneasler|Dark
|-terastallize|p1b: Pelipper|Steel
|move|p2a: Sneasler|Dire Claw|p1b: Pelipper
|-immune|p1b: Pelipper
|move|p2b: Indeedee|Expanding Force|p1a: Rillaboom
|-damage|p1a: Rillaboom|77/100
|move|p1b: Pelipper|Hurricane|p2a: Sneasler
|-damage|p2a: Sneasler|51/100
|-start|p2a: Sneasler|confusion
|
|-weather|RainDance|[upkeep]
|-heal|p2a: Sneasler|57/100|[from] Grassy Terrain
|-heal|p1a: Rillaboom|83/100|[from] Grassy Terrain
|upkeep
|turn|2
|
|t:|1756728909
|-activate|p2a: Sneasler|confusion
|move|p2a: Sneasler|Protect|p2a: Sneasler
|-singleturn|p2a: Sneasler|Protect
|move|p1a: Rillaboom|Fake Out|p2b: Indeedee
|-damage|p2b: Indeedee|69/100
|cant|p2b: Indeedee|flinch
|move|p1b: Pelipper|Hurricane|p2b: Indeedee
|-damage|p2b: Indeedee|2/100
|-start|p2b: Indeedee|confusion
|
|-weather|RainDance|[upkeep]
|-heal|p2a: Sneasler|63/100|[from] Grassy Terrain
|-heal|p2b: Indeedee|8/100|[from] Grassy Terrain
|-heal|p1a: Rillaboom|89/100|[from] Grassy Terrain
|upkeep
|turn|3
|
|t:|1756728928
|switch|p2b: Talonflame|Talonflame, L50, F|100/100
|-activate|p2a: Sneasler|confusion
|move|p2a: Sneasler|Dire Claw|p1a: Rillaboom
|-supereffective|p1a: Rillaboom
|-damage|p1a: Rillaboom|7/100
|-status|p1a: Rillaboom|slp
|move|p1b: Pelipper|Hurricane|p2a: Sneasler
|-damage|p2a: Sneasler|16/100
|cant|p1a: Rillaboom|slp
|
|-weather|RainDance|[upkeep]
|-heal|p2a: Sneasler|22/100|[from] Grassy Terrain
|-heal|p1a: Rillaboom|13/100 slp|[from] Grassy Terrain
|upkeep
|turn|4
|inactive|tryson69 has 30 seconds left.
|
|t:|1756728956
|move|p2b: Talonflame|Dual Wingbeat|p1a: Rillaboom
|-supereffective|p1a: Rillaboom
|-damage|p1a: Rillaboom|0 fnt
|faint|p1a: Rillaboom
|-hitcount|p1: Rillaboom|1
|-end|p2a: Sneasler|confusion
|move|p2a: Sneasler|Close Combat|p1b: Pelipper
|-supereffective|p1b: Pelipper
|-enditem|p1b: Pelipper|Focus Sash
|-damage|p1b: Pelipper|1/100
|-unboost|p2a: Sneasler|def|1
|-unboost|p2a: Sneasler|spd|1
|move|p1b: Pelipper|Weather Ball|p2b: Talonflame
|-supereffective|p2b: Talonflame
|-damage|p2b: Talonflame|0 fnt
|faint|p2b: Talonflame
|
|-weather|RainDance|[upkeep]
|-heal|p2a: Sneasler|28/100|[from] Grassy Terrain
|-heal|p1b: Pelipper|7/100|[from] Grassy Terrain
|upkeep
|
|t:|1756728969
|switch|p2b: Indeedee|Indeedee, L50, M|8/100
|switch|p1a: Whimsicott|Whimsicott, L50, F|100/100
|-fieldstart|move: Psychic Terrain|[from] ability: Psychic Surge|[of] p2b: Indeedee
|turn|5
|
|t:|1756728981
|move|p1a: Whimsicott|Tailwind|p1a: Whimsicott
|-sidestart|p1: tryson69|move: Tailwind
|move|p2a: Sneasler|Dire Claw|p1a: Whimsicott
|-supereffective|p1a: Whimsicott
|-damage|p1a: Whimsicott|0 fnt
|faint|p1a: Whimsicott
|move|p1b: Pelipper|Weather Ball|p2b: Indeedee
|-damage|p2b: Indeedee|0 fnt
|faint|p2b: Indeedee
|
|-weather|none
|upkeep
|
|t:|1756728986
|switch|p1a: Archaludon|Archaludon, L50, M|100/100
|switch|p2b: Ursaluna|Ursaluna-Bloodmoon, L50, M|100/100
|turn|6
|
|t:|1756729004
|move|p2a: Sneasler|Protect|p2a: Sneasler
|-singleturn|p2a: Sneasler|Protect
|move|p1b: Pelipper|Weather Ball|p2a: Sneasler
|-activate|p2a: Sneasler|move: Protect
|move|p1a: Archaludon|Body Press|p2a: Sneasler
|-activate|p2a: Sneasler|move: Protect
|move|p2b: Ursaluna|Earth Power|p1a: Archaludon
|-supereffective|p1a: Archaludon
|-damage|p1a: Archaludon|0 fnt
|faint|p1a: Archaludon
|-damage|p2b: Ursaluna|91/100|[from] item: Life Orb
|
|upkeep
|turn|7
|-message|tryson69 forfeited.
|
|win|dont make me walk
|raw|tryson69's rating: 1251 → 1226(-25 for losing)
|raw|dont make me walk's rating: 1250 → 1275(+25 for winning)
|l|☆dont make me walk
|player|p2|
