|j|☆dean44
|j|☆Maziii
|html|dean44Maziii    
|uhtml|bestof|Game 2 of a best-of-3
|t:|1783362115
|gametype|doubles
|player|p1|dean44|266|1042
|player|p2|Maziii|gentleman-gen4|1132
|gen|9
|tier|[Gen 9 Champions] VGC 2026 Reg M-B (Bo3)
|rated|
|rule|Species Clause: Limit one of each Pokémon
|rule|Item Clause: Limit 1 of each item
|clearpoke
|poke|p1|Pelipper, L50, M|
|poke|p1|Meganium, L50, F|
|poke|p1|Basculegion, L50, M|
|poke|p1|Dragonite, L50, F|
|poke|p1|Ninetales-Alola, L50, F|
|poke|p1|Garchomp, L50, M|
|poke|p2|Whimsicott, L50, M|
|poke|p2|Staraptor, L50, M|
|poke|p2|Charizard, L50, M|
|poke|p2|Garchomp, L50, M|
|poke|p2|Kingambit, L50, M|
|poke|p2|Bellibolt, L50, F|
|teampreview|4
|showteam|p1|Pelipper||DampRock|Drizzle|Hurricane,WeatherBall,WideGuard,Tailwind|Modest||M|||50|]Meganium||Meganiumite|LeafGuard|SolarBeam,DazzlingGleam,EarthPower,WeatherBall|Timid||F|||50|]Basculegion||LifeOrb|SwiftSwim|WaveCrash,LastRespects,Protect,PsychicFangs|Adamant||M|||50|]Dragonite||Dragoninite|Multiscale|Hurricane,Thunder,Blizzard,DracoMeteor|Modest||F|||50|]Ninetales-Alola||LightClay|SnowWarning|AuroraVeil,Blizzard,DazzlingGleam,FreezeDry|Timid||F|||50|]Garchomp||LumBerry|RoughSkin|SwordsDance,Earthquake,ScaleShot,RockSlide|Jolly||M|||50|
|showteam|p2|Whimsicott||FocusSash|Prankster|Tailwind,Charm,Protect,Moonblast|Modest||M|||50|]Staraptor||Staraptite|Intimidate|CloseCombat,Protect,BraveBird,Roost|Adamant||M|||50|]Charizard||CharizarditeY|SolarPower|Protect,HeatWave,WeatherBall,SolarBeam|Modest||M|||50|]Garchomp||LifeOrb|RoughSkin|Protect,RockSlide,DragonClaw,Earthquake|Jolly||M|||50|]Kingambit||ChopleBerry|Defiant|SuckerPunch,KowtowCleave,IronHead,Protect|Adamant||M|||50|]Bellibolt||SitrusBerry|Electromorphosis|Protect,Thunderbolt,Discharge,HyperVoice|Modest||F|||50|
|inactive|Battle timer is ON: inactive players will automatically lose when time's up. (requested by Maziii)
|
|t:|1783362132
|teamsize|p1|4
|teamsize|p2|4
|start
|switch|p1a: Pelipper|Pelipper, L50, M|100/100
|switch|p1b: Dragonite|Dragonite, L50, F|100/100
|switch|p2a: Whimsicott|Whimsicott, L50, M|100/100
|switch|p2b: Charizard|Charizard, L50, M|100/100
|-weather|RainDance|[from] ability: Drizzle|[of] p1a: Pelipper
|turn|1
|inactive|Maziii has 30 seconds left.
|
|t:|1783362162
|switch|p1b: Ninetales|Ninetales-Alola, L50, F|100/100
|-weather|Snowscape|[from] ability: Snow Warning|[of] p1b: Ninetales
|detailschange|p2b: Charizard|Charizard-Mega-Y, L50, M
|-mega|p2b: Charizard|Charizard|Charizardite Y
|-weather|SunnyDay|[from] ability: Drought|[of] p2b: Charizard
|move|p2a: Whimsicott|Protect|p2a: Whimsicott
|-singleturn|p2a: Whimsicott|Protect
|move|p1a: Pelipper|Wide Guard|p1a: Pelipper
|-singleturn|p1a: Pelipper|Wide Guard
|move|p2b: Charizard|Heat Wave|p1a: Pelipper|[spread] 
|-activate|p1a: Pelipper|move: Wide Guard
|-activate|p1b: Ninetales|move: Wide Guard
|
|-weather|SunnyDay|[upkeep]
|upkeep
|turn|2
|inactive|dean44 has 30 seconds left.
|
|t:|1783362193
|switch|p1b: Dragonite|Dragonite, L50, F|100/100
|switch|p1a: Basculegion|Basculegion, L50, M|100/100
|move|p2a: Whimsicott|Tailwind|p2a: Whimsicott
|-sidestart|p2: Maziii|move: Tailwind
|move|p2b: Charizard|Weather Ball|p1a: Basculegion
|-resisted|p1a: Basculegion|1
|-damage|p1a: Basculegion|44/100
|
|-weather|SunnyDay|[upkeep]
|upkeep
|turn|3
|
|t:|1783362205
|switch|p2b: Kingambit|Kingambit, L50, M|100/100
|switch|p1a: Pelipper|Pelipper, L50, M|100/100
|-weather|RainDance|[from] ability: Drizzle|[of] p1a: Pelipper
|detailschange|p1b: Dragonite|Dragonite-Mega, L50, F
|-mega|p1b: Dragonite|Dragonite|Dragoninite
|move|p2a: Whimsicott|Protect|p2a: Whimsicott
|-singleturn|p2a: Whimsicott|Protect
|move|p1b: Dragonite|Thunder|p2b: Kingambit
|-damage|p2b: Kingambit|54/100
|
|-weather|RainDance|[upkeep]
|upkeep
|turn|4
|
|t:|1783362218
|switch|p2b: Charizard|Charizard-Mega-Y, L50, M|100/100
|-weather|SunnyDay|[from] ability: Drought|[of] p2b: Charizard
|move|p2a: Whimsicott|Charm|p1b: Dragonite
|-unboost|p1b: Dragonite|atk|2
|move|p1b: Dragonite|Blizzard|p2a: Whimsicott|[spread] p2a,p2b
|-supereffective|p2a: Whimsicott|1
|-damage|p2a: Whimsicott|14/100
|-damage|p2b: Charizard|69/100
|move|p1a: Pelipper|Tailwind|p1a: Pelipper
|-sidestart|p1: dean44|move: Tailwind
|
|-weather|SunnyDay|[upkeep]
|upkeep
|turn|5
|
|t:|1783362235
|switch|p2a: Kingambit|Kingambit, L50, M|54/100
|switch|p2b: Garchomp|Garchomp, L50, M|100/100
|switch|p1a: Ninetales|Ninetales-Alola, L50, F|100/100
|-weather|Snowscape|[from] ability: Snow Warning|[of] p1a: Ninetales
|move|p1b: Dragonite|Blizzard|p2a: Kingambit|[spread] p2a,p2b
|-resisted|p2a: Kingambit|1
|-supereffective|p2b: Garchomp|2
|-damage|p2a: Kingambit|38/100
|-damage|p2b: Garchomp|0 fnt
|-status|p2a: Kingambit|frz
|faint|p2b: Garchomp
|
|-weather|Snowscape|[upkeep]
|-sideend|p2: Maziii|move: Tailwind
|upkeep
|-message|Maziii forfeited.
|raw|dean44's rating: 1042 → 1084(+42 for winning)
|raw|Maziii's rating: 1132 → 1101(-31 for losing)
|
|win|dean44
