|j|☆jraro7
|j|☆bathoven
|html|jraro7bathoven    
|uhtml|bestof|Game 1 of a best-of-3
|t:|1783626005
|gametype|doubles
|player|p1|jraro7|volkner|1030
|player|p2|bathoven|pokemaniac|1154
|gen|9
|tier|[Gen 9 Champions] VGC 2026 Reg M-B (Bo3)
|rated|
|rule|Species Clause: Limit one of each Pokémon
|rule|Item Clause: Limit 1 of each item
|clearpoke
|poke|p1|Charizard, L50, F, shiny|
|poke|p1|Heracross, L50, M|
|poke|p1|Diggersby, L50, F|
|poke|p1|Whimsicott, L50, M|
|poke|p1|Aegislash, L50, F, shiny|
|poke|p1|Dragalge, L50, M, shiny|
|poke|p2|Blastoise, L50, M|
|poke|p2|Oranguru, L50, M|
|poke|p2|Vivillon-Pokeball, L50, F|
|poke|p2|Sableye, L50, M|
|poke|p2|Sneasler, L50, F|
|poke|p2|Sinistcha-Masterpiece, L50|
|teampreview|4
|showteam|p1|Charizard||CharizarditeY|Blaze|HeatWave,SolarBeam,AirSlash,Protect|Modest||F|||50|]Heracross||Heracronite|Swarm|PinMissile,RockBlast,CloseCombat,Protect|Adamant||M|||50|]Diggersby||ChoiceScarf|HugePower|Earthquake,WildCharge,RockSlide,Protect|Adamant||F|||50|]Whimsicott||FocusSash|Prankster|Tailwind,Encore,Moonblast,Protect|Timid||M|||50|]Aegislash||Leftovers|StanceChange|KingsShield,ShadowBall,FlashCannon,WideGuard|Calm||F|||50|]Dragalge||LifeOrb|Adaptability|FlipTurn,SludgeBomb,DracoMeteor,Protect|Modest||M|||50|
|showteam|p2|Blastoise||Blastoisinite|RainDish|WaterSpout,Protect,FakeOut,DarkPulse|Modest||M|||50|]Oranguru||SitrusBerry|InnerFocus|TrickRoom,Instruct,HyperVoice,Encore|Sassy||M|||50|]Vivillon-Pokeball||FocusSash|FriendGuard|PollenPuff,Tailwind,SleepPowder,RagePowder|Timid||F|||50|]Sableye||MentalHerb|Prankster|Quash,FakeOut,FoulPlay,Swagger|Impish||M|||50|]Sneasler||LumBerry|Unburden|CloseCombat,FakeOut,DireClaw,Protect|Adamant||F|||50|]Sinistcha-Masterpiece||OccaBerry|Hospitality|MatchaGotcha,TrickRoom,Protect,LifeDew|Relaxed|||||50|
|c|☆bathoven|Gl hf
|
|t:|1783626032
|teamsize|p1|4
|teamsize|p2|4
|start
|switch|p1a: Charizard|Charizard, L50, F, shiny|100/100
|switch|p1b: Whimsicott|Whimsicott, L50, M|100/100
|switch|p2a: Oranguru|Oranguru, L50, M|100/100
|switch|p2b: Blastoise|Blastoise, L50, M|100/100
|turn|1
|
|t:|1783626044
|detailschange|p1a: Charizard|Charizard-Mega-Y, L50, F, shiny
|-mega|p1a: Charizard|Charizard|Charizardite Y
|-weather|SunnyDay|[from] ability: Drought|[of] p1a: Charizard
|detailschange|p2b: Blastoise|Blastoise-Mega, L50, M
|-mega|p2b: Blastoise|Blastoise|Blastoisinite
|move|p2b: Blastoise|Fake Out|p1a: Charizard
|-damage|p1a: Charizard|89/100
|move|p1b: Whimsicott|Tailwind|p1b: Whimsicott
|-sidestart|p1: jraro7|move: Tailwind
|cant|p1a: Charizard|flinch
|move|p2a: Oranguru|Trick Room|p2a: Oranguru
|-fieldstart|move: Trick Room|[of] p2a: Oranguru
|
|-weather|SunnyDay|[upkeep]
|upkeep
|turn|2
|
|t:|1783626064
|switch|p1a: Aegislash|Aegislash, L50, F, shiny|100/100
|move|p1b: Whimsicott|Encore|p2a: Oranguru
|-start|p2a: Oranguru|Encore
|move|p2b: Blastoise|Water Spout|p1a: Aegislash|[spread] p1a,p1b
|-resisted|p1b: Whimsicott|1
|-damage|p1a: Aegislash|81/100
|-damage|p1b: Whimsicott|79/100
|move|p2a: Oranguru|Trick Room|p2a: Oranguru
|-fieldend|move: Trick Room
|
|-weather|SunnyDay|[upkeep]
|-heal|p1a: Aegislash|87/100|[from] item: Leftovers
|upkeep
|turn|3
|
|t:|1783626089
|move|p2b: Blastoise|Protect|p2b: Blastoise
|-singleturn|p2b: Blastoise|Protect
|move|p1b: Whimsicott|Moonblast|p2b: Blastoise
|-activate|p2b: Blastoise|move: Protect
|-formechange|p1a: Aegislash|Aegislash-Blade|
|move|p1a: Aegislash|Shadow Ball|p2b: Blastoise
|-activate|p2b: Blastoise|move: Protect
|move|p2a: Oranguru|Trick Room|p2a: Oranguru
|-fieldstart|move: Trick Room|[of] p2a: Oranguru
|
|-weather|SunnyDay|[upkeep]
|-heal|p1a: Aegislash|93/100|[from] item: Leftovers
|upkeep
|turn|4
|
|t:|1783626115
|switch|p2a: Sneasler|Sneasler, L50, F|100/100
|switch|p2b: Sableye|Sableye, L50, M|100/100
|switch|p1a: Charizard|Charizard-Mega-Y, L50, F, shiny|89/100
|move|p1b: Whimsicott|Moonblast|p2b: Sableye
|-supereffective|p2b: Sableye|1
|-damage|p2b: Sableye|14/100
|
|-weather|SunnyDay|[upkeep]
|-sideend|p1: jraro7|move: Tailwind
|upkeep
|turn|5
|
|t:|1783626137
|switch|p1b: Aegislash|Aegislash, L50, F, shiny|93/100
|move|p2b: Sableye|Fake Out|p1a: Charizard
|-damage|p1a: Charizard|80/100
|cant|p1a: Charizard|flinch
|move|p2a: Sneasler|Dire Claw|p1b: Aegislash
|-immune|p1b: Aegislash
|
|-weather|none
|-heal|p1b: Aegislash|99/100|[from] item: Leftovers
|upkeep
|turn|6
|
|t:|1783626157
|switch|p2a: Blastoise|Blastoise-Mega, L50, M|100/100
|move|p2b: Sableye|Swagger|p1a: Charizard
|-boost|p1a: Charizard|atk|2
|-start|p1a: Charizard|confusion
|-formechange|p1b: Aegislash|Aegislash-Blade|
|move|p1b: Aegislash|Shadow Ball|p2a: Blastoise
|-damage|p2a: Blastoise|65/100
|-activate|p1a: Charizard|confusion
|-damage|p1a: Charizard|59/100|[from] confusion
|
|-heal|p1b: Aegislash|100/100|[from] item: Leftovers
|upkeep
|turn|7
|
|t:|1783626184
|switch|p1a: Whimsicott|Whimsicott, L50, M|79/100
|-formechange|p1b: Aegislash|Aegislash|
|move|p1b: Aegislash|King's Shield|p1b: Aegislash
|-singleturn|p1b: Aegislash|Protect
|move|p2b: Sableye|Foul Play|p1b: Aegislash
|-activate|p1b: Aegislash|move: Protect
|-unboost|p2b: Sableye|atk|1
|move|p2a: Blastoise|Water Spout|p1a: Whimsicott|[spread] p1a
|-activate|p1b: Aegislash|move: Protect
|-resisted|p1a: Whimsicott|1
|-damage|p1a: Whimsicott|49/100
|
|-fieldend|move: Trick Room
|upkeep
|turn|8
|
|t:|1783626209
|switch|p2b: Oranguru|Oranguru, L50, M|100/100
|move|p1a: Whimsicott|Moonblast|p2b: Oranguru
|-crit|p2b: Oranguru
|-damage|p2b: Oranguru|76/100
|move|p2a: Blastoise|Dark Pulse|p1b: Aegislash
|-supereffective|p1b: Aegislash|1
|-damage|p1b: Aegislash|42/100
|-formechange|p1b: Aegislash|Aegislash-Blade|
|move|p1b: Aegislash|Shadow Ball|p2a: Blastoise
|-damage|p2a: Blastoise|29/100
|-unboost|p2a: Blastoise|spd|1
|
|-heal|p1b: Aegislash|48/100|[from] item: Leftovers
|upkeep
|turn|9
|
|t:|1783626229
|switch|p1b: Charizard|Charizard-Mega-Y, L50, F, shiny|59/100
|-weather|SunnyDay|[from] ability: Drought|[of] p1b: Charizard
|move|p2a: Blastoise|Protect|p2a: Blastoise
|-singleturn|p2a: Blastoise|Protect
|move|p1a: Whimsicott|Encore|p2a: Blastoise
|-activate|p2a: Blastoise|move: Protect
|move|p2b: Oranguru|Trick Room|p2b: Oranguru
|-fieldstart|move: Trick Room|[of] p2b: Oranguru
|
|-weather|SunnyDay|[upkeep]
|upkeep
|turn|10
|
|t:|1783626244
|move|p1b: Charizard|Protect|p1b: Charizard
|-singleturn|p1b: Charizard|Protect
|move|p1a: Whimsicott|Encore|p2b: Oranguru
|-start|p2b: Oranguru|Encore
|move|p2a: Blastoise|Dark Pulse|p1b: Charizard
|-activate|p1b: Charizard|move: Protect
|move|p2b: Oranguru|Trick Room|p2b: Oranguru
|-fieldend|move: Trick Room
|
|-weather|SunnyDay|[upkeep]
|upkeep
|turn|11
|
|t:|1783626262
|switch|p2b: Sneasler|Sneasler, L50, F|100/100
|move|p2a: Blastoise|Protect|p2a: Blastoise
|-singleturn|p2a: Blastoise|Protect
|move|p1a: Whimsicott|Moonblast|p2b: Sneasler
|-damage|p2b: Sneasler|63/100
|move|p1b: Charizard|Solar Beam||[still]
|-prepare|p1b: Charizard|Solar Beam
|-anim|p1b: Charizard|Solar Beam|p2a: Blastoise
|-activate|p2a: Blastoise|move: Protect
|
|-weather|SunnyDay|[upkeep]
|upkeep
|turn|12
|
|t:|1783626283
|move|p1b: Charizard|Protect|p1b: Charizard
|-singleturn|p1b: Charizard|Protect
|move|p2b: Sneasler|Fake Out|p1b: Charizard
|-activate|p1b: Charizard|move: Protect
|move|p1a: Whimsicott|Moonblast|p2b: Sneasler
|-damage|p2b: Sneasler|25/100
|move|p2a: Blastoise|Dark Pulse|p1b: Charizard
|-activate|p1b: Charizard|move: Protect
|
|-weather|SunnyDay|[upkeep]
|upkeep
|turn|13
|
|t:|1783626309
|switch|p2a: Sableye|Sableye, L50, M|14/100
|move|p1a: Whimsicott|Encore|p2b: Sneasler
|-start|p2b: Sneasler|Encore
|move|p2b: Sneasler|Fake Out||[still]
|-hint|Fake Out only works on your first turn out.
|-fail|p2b: Sneasler
|move|p1b: Charizard|Solar Beam||[still]
|-prepare|p1b: Charizard|Solar Beam
|-anim|p1b: Charizard|Solar Beam|p2a: Sableye
|-damage|p2a: Sableye|0 fnt
|faint|p2a: Sableye
|
|-weather|none
|upkeep
|
|t:|1783626322
|switch|p2a: Oranguru|Oranguru, L50, M|76/100
|turn|14
|
|t:|1783626335
|switch|p2b: Blastoise|Blastoise-Mega, L50, M|29/100
|move|p1a: Whimsicott|Moonblast|p2a: Oranguru
|-damage|p2a: Oranguru|60/100
|move|p1b: Charizard|Heat Wave|p2b: Blastoise|[spread] p2a,p2b
|-resisted|p2b: Blastoise|1
|-damage|p2a: Oranguru|36/100
|-damage|p2b: Blastoise|10/100
|-enditem|p2a: Oranguru|Sitrus Berry|[eat]
|-heal|p2a: Oranguru|60/100|[from] item: Sitrus Berry
|move|p2a: Oranguru|Encore|p1b: Charizard
|-start|p1b: Charizard|Encore
|
|upkeep
|turn|15
|
|t:|1783626353
|switch|p1b: Aegislash|Aegislash, L50, F, shiny|48/100
|move|p2b: Blastoise|Protect|p2b: Blastoise
|-singleturn|p2b: Blastoise|Protect
|move|p1a: Whimsicott|Moonblast|p2a: Oranguru
|-damage|p2a: Oranguru|42/100
|move|p2a: Oranguru|Trick Room|p2a: Oranguru
|-fieldstart|move: Trick Room|[of] p2a: Oranguru
|
|-heal|p1b: Aegislash|54/100|[from] item: Leftovers
|upkeep
|turn|16
|
|t:|1783626367
|switch|p2a: Sneasler|Sneasler, L50, F|25/100
|move|p1a: Whimsicott|Encore||[still]
|-fail|p1a: Whimsicott
|-formechange|p1b: Aegislash|Aegislash-Blade|
|move|p1b: Aegislash|Flash Cannon|p2b: Blastoise
|-resisted|p2b: Blastoise|1
|-damage|p2b: Blastoise|0 fnt
|faint|p2b: Blastoise
|
|-heal|p1b: Aegislash|60/100|[from] item: Leftovers
|upkeep
|
|t:|1783626375
|switch|p2b: Oranguru|Oranguru, L50, M|42/100
|turn|17
|
|t:|1783626383
|move|p1a: Whimsicott|Protect|p1a: Whimsicott
|-singleturn|p1a: Whimsicott|Protect
|-formechange|p1b: Aegislash|Aegislash|
|move|p1b: Aegislash|King's Shield|p1b: Aegislash
|-singleturn|p1b: Aegislash|Protect
|move|p2a: Sneasler|Fake Out|p1a: Whimsicott
|-activate|p1a: Whimsicott|move: Protect
|move|p2b: Oranguru|Hyper Voice|p1b: Aegislash|[spread] 
|-activate|p1a: Whimsicott|move: Protect
|-activate|p1b: Aegislash|move: Protect
|
|-heal|p1b: Aegislash|66/100|[from] item: Leftovers
|upkeep
|turn|18
|
|t:|1783626401
|move|p2a: Sneasler|Protect|p2a: Sneasler
|-singleturn|p2a: Sneasler|Protect
|move|p2b: Oranguru|Hyper Voice|p1a: Whimsicott|[spread] p1a
|-immune|p1b: Aegislash
|-crit|p1a: Whimsicott
|-damage|p1a: Whimsicott|7/100
|-formechange|p1b: Aegislash|Aegislash-Blade|
|move|p1b: Aegislash|Flash Cannon|p2b: Oranguru
|-damage|p2b: Oranguru|18/100
|move|p1a: Whimsicott|Moonblast|p2a: Sneasler
|-activate|p2a: Sneasler|move: Protect
|
|-heal|p1b: Aegislash|72/100|[from] item: Leftovers
|upkeep
|turn|19
|
|t:|1783626414
|move|p1a: Whimsicott|Protect|p1a: Whimsicott
|-singleturn|p1a: Whimsicott|Protect
|-formechange|p1b: Aegislash|Aegislash|
|move|p1b: Aegislash|King's Shield|p1b: Aegislash
|-singleturn|p1b: Aegislash|Protect
|move|p2b: Oranguru|Hyper Voice|p1a: Whimsicott|[spread] 
|-activate|p1a: Whimsicott|move: Protect
|-activate|p1b: Aegislash|move: Protect
|move|p2a: Sneasler|Dire Claw|p1a: Whimsicott
|-activate|p1a: Whimsicott|move: Protect
|
|-heal|p1b: Aegislash|78/100|[from] item: Leftovers
|-fieldend|move: Trick Room
|upkeep
|turn|20
|
|t:|1783626433
|move|p1a: Whimsicott|Encore|p2a: Sneasler
|-start|p2a: Sneasler|Encore
|move|p2a: Sneasler|Dire Claw|p1b: Aegislash
|-immune|p1b: Aegislash
|-formechange|p1b: Aegislash|Aegislash-Blade|
|move|p1b: Aegislash|Flash Cannon|p2b: Oranguru
|-damage|p2b: Oranguru|0 fnt
|faint|p2b: Oranguru
|
|-heal|p1b: Aegislash|84/100|[from] item: Leftovers
|upkeep
|turn|21
|
|t:|1783626449
|move|p1a: Whimsicott|Moonblast|p2a: Sneasler
|-damage|p2a: Sneasler|0 fnt
|faint|p2a: Sneasler
|
|win|jraro7
||bathoven is ready for game 2.
