|j|☆cynthia's grippers
|j|☆p4golo
|html|cynthia's grippersp4golo    
|uhtml|bestof|Game 1 of a best-of-3
|t:|1756478898
|gametype|doubles
|player|p1|cynthia's grippers|cynthia-gen4|1178
|player|p2|p4golo|1|1109
|gen|9
|tier|[Gen 9] VGC 2025 Reg H (Bo3)
|rated|
|rule|Species Clause: Limit one of each Pokémon
|rule|Item Clause: Limit 1 of each item
|clearpoke
|poke|p1|Rillaboom, L50, M|
|poke|p1|Magmar, L50, F|
|poke|p1|Kingambit, L50, M|
|poke|p1|Ninetales-Alola, L50, F|
|poke|p1|Basculegion, L50, M|
|poke|p1|Sneasler, L50, F|
|poke|p2|Dragonite, L50, F|
|poke|p2|Ursaluna-Bloodmoon, L50, M|
|poke|p2|Annihilape, L50, M|
|poke|p2|Volcarona, L50, F|
|poke|p2|Rillaboom, L50, F|
|poke|p2|Incineroar, L50, M|
|teampreview|4
|showteam|p1|Rillaboom||AssaultVest|GrassySurge|DrumBeating,GrassyGlide,FakeOut,Uturn|||M|||50|,,,,,Ghost]Magmar||Eviolite|VitalSpirit|Overheat,FollowMe,Taunt,Protect|||F|||50|,,,,,Ghost]Kingambit||BlackGlasses|Defiant|KowtowCleave,SuckerPunch,SwordsDance,Protect|||M|||50|,,,,,Fire]Ninetales-Alola||LifeOrb|SnowWarning|Blizzard,FreezeDry,Encore,Protect|||F|||50|,,,,,Ghost]Basculegion||ChoiceScarf|Adaptability|WaveCrash,LastRespects,FlipTurn,TeraBlast|||M|||50|,,,,,Fighting]Sneasler||FocusSash|PoisonTouch|CloseCombat,DireClaw,FakeOut,Protect|||F|||50|,,,,,Ghost
|showteam|p2|Dragonite||LoadedDice|Multiscale|Protect,ScaleShot,Tailwind,Haze|||F|||50|,,,,,Steel]Ursaluna-Bloodmoon||FocusSash|MindsEye|Protect,BloodMoon,EarthPower,HyperVoice|||M|||50|,,,,,Normal]Annihilape||LumBerry|Defiant|Coaching,RageFist,CloseCombat,Taunt|||M|||50|,,,,,Fire]Volcarona||CovertCloak|FlameBody|Protect,QuiverDance,HeatWave,TeraBlast|||F|||50|,,,,,Fairy]Rillaboom||AssaultVest|GrassySurge|FakeOut,WoodHammer,GrassyGlide,HighHorsepower|||F|||50|,,,,,Fire]Incineroar||SafetyGoggles|Intimidate|FakeOut,PartingShot,FlareBlitz,KnockOff|||M|||50|,,,,,Ghost
|
|t:|1756478947
|teamsize|p1|4
|teamsize|p2|4
|start
|switch|p1a: Kingambit|Kingambit, L50, M|100/100
|switch|p1b: Basculegion|Basculegion, L50, M|100/100
|switch|p2a: Dragonite|Dragonite, L50, F, shiny|100/100
|switch|p2b: Ursaluna|Ursaluna-Bloodmoon, L50, M|100/100
|turn|1
|
|t:|1756478985
|switch|p2b: Rillaboom|Rillaboom, L50, F, shiny|100/100
|-fieldstart|move: Grassy Terrain|[from] ability: Grassy Surge|[of] p2b: Rillaboom
|move|p1a: Kingambit|Sucker Punch||[still]
|-fail|p1a: Kingambit
|move|p1b: Basculegion|Wave Crash|p2b: Rillaboom
|-resisted|p2b: Rillaboom
|-damage|p2b: Rillaboom|63/100
|-damage|p1b: Basculegion|88/100|[from] Recoil
|move|p2a: Dragonite|Tailwind|p2a: Dragonite
|-sidestart|p2: p4golo|move: Tailwind
|
|-heal|p2b: Rillaboom|69/100|[from] Grassy Terrain
|-heal|p1b: Basculegion|94/100|[from] Grassy Terrain
|upkeep
|turn|2
|
|t:|1756479046
|switch|p2a: Ursaluna|Ursaluna-Bloodmoon, L50, M|100/100
|switch|p1b: Ninetales|Ninetales-Alola, L50, F|100/100
|-weather|Snowscape|[from] ability: Snow Warning|[of] p1b: Ninetales
|move|p2b: Rillaboom|High Horsepower|p1a: Kingambit
|-supereffective|p1a: Kingambit
|-damage|p1a: Kingambit|50/100
|move|p1a: Kingambit|Swords Dance|p1a: Kingambit
|-boost|p1a: Kingambit|atk|2
|
|-weather|Snowscape|[upkeep]
|-heal|p2b: Rillaboom|75/100|[from] Grassy Terrain
|-heal|p1a: Kingambit|56/100|[from] Grassy Terrain
|upkeep
|turn|3
|
|t:|1756479067
|switch|p1b: Magmar|Magmar, L50, F|100/100
|move|p2a: Ursaluna|Protect|p2a: Ursaluna
|-singleturn|p2a: Ursaluna|Protect
|move|p1a: Kingambit|Protect|p1a: Kingambit
|-singleturn|p1a: Kingambit|Protect
|move|p2b: Rillaboom|High Horsepower|p1a: Kingambit
|-activate|p1a: Kingambit|move: Protect
|
|-weather|Snowscape|[upkeep]
|-heal|p2b: Rillaboom|81/100|[from] Grassy Terrain
|-heal|p1a: Kingambit|62/100|[from] Grassy Terrain
|upkeep
|turn|4
|
|t:|1756479090
|-terastallize|p2a: Ursaluna|Normal
|move|p1b: Magmar|Follow Me|p1b: Magmar
|-singleturn|p1b: Magmar|move: Follow Me
|move|p2b: Rillaboom|Grassy Glide|p1b: Magmar
|-resisted|p1b: Magmar
|-damage|p1b: Magmar|87/100
|move|p2a: Ursaluna|Hyper Voice|p1a: Kingambit|[spread] p1a,p1b
|-resisted|p1a: Kingambit
|-damage|p1a: Kingambit|40/100
|-damage|p1b: Magmar|53/100
|move|p1a: Kingambit|Kowtow Cleave|p2a: Ursaluna
|-enditem|p2a: Ursaluna|Focus Sash
|-damage|p2a: Ursaluna|1/100
|
|-weather|Snowscape|[upkeep]
|-heal|p2b: Rillaboom|87/100|[from] Grassy Terrain
|-heal|p2a: Ursaluna|7/100|[from] Grassy Terrain
|-heal|p1b: Magmar|59/100|[from] Grassy Terrain
|-heal|p1a: Kingambit|45/100|[from] Grassy Terrain
|-sideend|p2: p4golo|move: Tailwind
|upkeep
|turn|5
|
|t:|1756479114
|switch|p2a: Dragonite|Dragonite, L50, F, shiny|100/100
|move|p1b: Magmar|Follow Me|p1b: Magmar
|-singleturn|p1b: Magmar|move: Follow Me
|move|p1a: Kingambit|Sucker Punch||[still]
|-fail|p1a: Kingambit
|move|p2b: Rillaboom|High Horsepower|p1b: Magmar
|-supereffective|p1b: Magmar
|-damage|p1b: Magmar|6/100
|
|-weather|Snowscape|[upkeep]
|-heal|p2b: Rillaboom|93/100|[from] Grassy Terrain
|-heal|p1b: Magmar|12/100|[from] Grassy Terrain
|-heal|p1a: Kingambit|51/100|[from] Grassy Terrain
|-fieldend|move: Grassy Terrain
|upkeep
|turn|6
|
|t:|1756479128
|move|p1b: Magmar|Follow Me|p1b: Magmar
|-singleturn|p1b: Magmar|move: Follow Me
|move|p2a: Dragonite|Tailwind|p2a: Dragonite
|-sidestart|p2: p4golo|move: Tailwind
|move|p2b: Rillaboom|High Horsepower|p1b: Magmar
|-supereffective|p1b: Magmar
|-damage|p1b: Magmar|0 fnt
|faint|p1b: Magmar
|move|p1a: Kingambit|Kowtow Cleave|p2b: Rillaboom
|-damage|p2b: Rillaboom|0 fnt
|faint|p2b: Rillaboom
|
|-weather|none
|upkeep
|
|t:|1756479142
|switch|p2b: Ursaluna|Ursaluna-Bloodmoon, L50, M, tera:Normal|7/100
|switch|p1b: Ninetales|Ninetales-Alola, L50, F|100/100
|-weather|Snowscape|[from] ability: Snow Warning|[of] p1b: Ninetales
|turn|7
|
|t:|1756479153
|move|p1a: Kingambit|Sucker Punch|p2b: Ursaluna
|-damage|p2b: Ursaluna|0 fnt
|faint|p2b: Ursaluna
|move|p2a: Dragonite|Scale Shot|p1a: Kingambit
|-resisted|p1a: Kingambit
|-damage|p1a: Kingambit|45/100
|-resisted|p1a: Kingambit
|-damage|p1a: Kingambit|40/100
|-resisted|p1a: Kingambit
|-damage|p1a: Kingambit|34/100
|-resisted|p1a: Kingambit
|-damage|p1a: Kingambit|29/100
|-resisted|p1a: Kingambit
|-crit|p1a: Kingambit
|-damage|p1a: Kingambit|21/100
|-hitcount|p1a: Kingambit|5
|-unboost|p2a: Dragonite|def|1
|-boost|p2a: Dragonite|spe|1
|move|p1b: Ninetales|Blizzard|p2a: Dragonite
|-supereffective|p2a: Dragonite
|-crit|p2a: Dragonite
|-damage|p2a: Dragonite|0 fnt
|faint|p2a: Dragonite
|-damage|p1b: Ninetales|91/100|[from] item: Life Orb
|
|-weather|Snowscape|[upkeep]
|upkeep
|
|t:|1756479174
|switch|p2b: Incineroar|Incineroar, L50, M, shiny|100/100
|-ability|p2b: Incineroar|Intimidate|boost
|-unboost|p1a: Kingambit|atk|1
|-ability|p1a: Kingambit|Defiant|boost
|-boost|p1a: Kingambit|atk|2
|-unboost|p1b: Ninetales|atk|1
|turn|8
|
|t:|1756479187
|move|p1b: Ninetales|Protect|p1b: Ninetales
|-singleturn|p1b: Ninetales|Protect
|move|p1a: Kingambit|Protect|p1a: Kingambit
|-singleturn|p1a: Kingambit|Protect
|move|p2b: Incineroar|Fake Out|p1a: Kingambit
|-activate|p1a: Kingambit|move: Protect
|
|-weather|Snowscape|[upkeep]
|upkeep
|turn|9
|
|t:|1756479199
|move|p1a: Kingambit|Sucker Punch||[still]
|-fail|p1a: Kingambit
|move|p2b: Incineroar|Parting Shot|p1b: Ninetales
|-unboost|p1b: Ninetales|atk|1
|-unboost|p1b: Ninetales|spa|1
|move|p1b: Ninetales|Encore|p2b: Incineroar
|-start|p2b: Incineroar|Encore
|
|-weather|Snowscape|[upkeep]
|-sideend|p2: p4golo|move: Tailwind
|upkeep
|turn|10
|
|t:|1756479209
|move|p1b: Ninetales|Blizzard|p2b: Incineroar
|-resisted|p2b: Incineroar
|-damage|p2b: Incineroar|86/100
|-damage|p1b: Ninetales|82/100|[from] item: Life Orb
|move|p2b: Incineroar|Parting Shot|p1b: Ninetales
|-unboost|p1b: Ninetales|atk|1
|-unboost|p1b: Ninetales|spa|1
|move|p1a: Kingambit|Kowtow Cleave|p2b: Incineroar
|-resisted|p2b: Incineroar
|-damage|p2b: Incineroar|14/100
|
|-weather|Snowscape|[upkeep]
|upkeep
|turn|11
|
|t:|1756479222
|switch|p1b: Basculegion|Basculegion, L50, M|94/100
|move|p2b: Incineroar|Parting Shot|p1b: Basculegion
|-unboost|p1b: Basculegion|atk|1
|-unboost|p1b: Basculegion|spa|1
|move|p1a: Kingambit|Kowtow Cleave|p2b: Incineroar
|-resisted|p2b: Incineroar
|-damage|p2b: Incineroar|0 fnt
|faint|p2b: Incineroar
|
|win|cynthia's grippers
||cynthia's grippers is ready for game 2.
|inactive|p4golo has 30 seconds to confirm battle start!
||p4golo is ready for game 2.
|uhtml|next|Next: Game 2 of 3
