|j|☆theson1909
|j|☆Toocoolwarp6$
|html|theson1909Toocoolwarp6$    
|uhtml|bestof|Game 1 of a best-of-3
|t:|1782521674
|gametype|doubles
|player|p1|theson1909|170|1106
|player|p2|Toocoolwarp6$|backpackerf|1095
|gen|9
|tier|[Gen 9 Champions] VGC 2026 Reg M-B (Bo3)
|rated|
|rule|Species Clause: Limit one of each Pokémon
|rule|Item Clause: Limit 1 of each item
|clearpoke
|poke|p1|Rotom-Heat, L50|
|poke|p1|Sceptile, L50, M|
|poke|p1|Garchomp, L50, F|
|poke|p1|Floette-Eternal, L50, F|
|poke|p1|Aerodactyl, L50, M|
|poke|p1|Basculegion, L50, M|
|poke|p2|Staraptor, L50, M|
|poke|p2|Charizard, L50, F|
|poke|p2|Incineroar, L50, M|
|poke|p2|Whimsicott, L50, F|
|poke|p2|Garchomp, L50, M|
|poke|p2|Gholdengo, L50|
|teampreview|4
|showteam|p1|Rotom-Heat||ChoiceScarf|Levitate|Discharge,VoltSwitch,Overheat,WillOWisp|Modest|||||50|]Sceptile||Sceptilite|Overgrow|EarthPower,GrassKnot,DragonPulse,Protect|Timid||M|||50|]Garchomp||LifeOrb|RoughSkin|Earthquake,DragonClaw,RockSlide,Protect|Adamant||F|||50|]Floette-Eternal||Floettite|FlowerVeil|Moonblast,DazzlingGleam,CalmMind,Protect|Modest||F|||50|]Aerodactyl||FocusSash|Pressure|Tailwind,RockSlide,DualWingbeat,Protect|Jolly||M|||50|]Basculegion||SitrusBerry|Adaptability|WaveCrash,LastRespects,AquaJet,Protect|Adamant||M|||50|
|showteam|p2|Staraptor||Staraptite|Intimidate|Roost,CloseCombat,Protect,DualWingbeat|Adamant||M|||50|]Charizard||CharizarditeY|Blaze|HeatWave,WeatherBall,Protect,SolarBeam|Modest||F|||50|]Incineroar||PasshoBerry|Intimidate|FakeOut,PartingShot,FlareBlitz,DarkestLariat|Impish||M|||50|]Whimsicott||FocusSash|Prankster|Protect,Tailwind,FakeTears,Moonblast|Timid||F|||50|]Garchomp||LifeOrb|RoughSkin|Earthquake,Protect,DragonClaw,RockSlide|Jolly||M|||50|]Gholdengo||SitrusBerry|GoodasGold|NastyPlot,ShadowBall,Protect,MakeItRain|Modest|||||50|
|inactive|Battle timer is ON: inactive players will automatically lose when time's up. (requested by Toocoolwarp6$)
|
|t:|1782521704
|teamsize|p1|4
|teamsize|p2|4
|start
|switch|p1a: Aerodactyl|Aerodactyl, L50, M|100/100
|switch|p1b: Floette|Floette-Eternal, L50, F|100/100
|switch|p2a: Whimsicott|Whimsicott, L50, F|100/100
|switch|p2b: Garchomp|Garchomp, L50, M|100/100
|-ability|p1a: Aerodactyl|Pressure
|turn|1
|
|t:|1782521718
|switch|p2b: Gholdengo|Gholdengo, L50|100/100
|detailschange|p1b: Floette|Floette-Mega, L50, F
|-mega|p1b: Floette|Floette|Floettite
|-ability|p1b: Floette|Fairy Aura
|move|p2a: Whimsicott|Protect|p2a: Whimsicott
|-singleturn|p2a: Whimsicott|Protect
|move|p1b: Floette|Protect|p1b: Floette
|-singleturn|p1b: Floette|Protect
|move|p1a: Aerodactyl|Tailwind|p1a: Aerodactyl
|-sidestart|p1: theson1909|move: Tailwind
|
|upkeep
|turn|2
|inactive|theson1909 has 30 seconds left.
|
|t:|1782521745
|move|p2a: Whimsicott|Tailwind|p2a: Whimsicott
|-sidestart|p2: Toocoolwarp6$|move: Tailwind
|move|p1a: Aerodactyl|Rock Slide|p2a: Whimsicott|[spread] p2a
|-miss|p1a: Aerodactyl|p2b: Gholdengo
|-damage|p2a: Whimsicott|64/100
|move|p1b: Floette|Calm Mind|p1b: Floette
|-boost|p1b: Floette|spa|1
|-boost|p1b: Floette|spd|1
|move|p2b: Gholdengo|Nasty Plot|p2b: Gholdengo
|-boost|p2b: Gholdengo|spa|2
|
|upkeep
|turn|3
|
|t:|1782521763
|move|p2a: Whimsicott|Protect|p2a: Whimsicott
|-singleturn|p2a: Whimsicott|Protect
|move|p1a: Aerodactyl|Rock Slide|p2b: Gholdengo|[spread] p2b
|-activate|p2a: Whimsicott|move: Protect
|-resisted|p2b: Gholdengo|1
|-damage|p2b: Gholdengo|89/100
|move|p1b: Floette|Moonblast|p2b: Gholdengo
|-resisted|p2b: Gholdengo|1
|-damage|p2b: Gholdengo|28/100
|-enditem|p2b: Gholdengo|Sitrus Berry|[eat]
|-heal|p2b: Gholdengo|53/100|[from] item: Sitrus Berry
|move|p2b: Gholdengo|Nasty Plot|p2b: Gholdengo
|-boost|p2b: Gholdengo|spa|2
|
|upkeep
|turn|4
|inactive|theson1909 has 30 seconds left.
|inactive|Toocoolwarp6$ has 30 seconds left.
|inactive|theson1909 has 20 seconds left.
|inactive|theson1909 has 15 seconds left.
|
|t:|1782521805
|switch|p1a: Basculegion|Basculegion, L50, M|100/100
|switch|p2a: Staraptor|Staraptor, L50, M|100/100
|-ability|p2a: Staraptor|Intimidate|boost
|-unboost|p1a: Basculegion|atk|1
|-unboost|p1b: Floette|atk|1
|move|p2b: Gholdengo|Protect|p2b: Gholdengo
|-singleturn|p2b: Gholdengo|Protect
|move|p1b: Floette|Dazzling Gleam|p2a: Staraptor|[spread] p2a
|-activate|p2b: Gholdengo|move: Protect
|-damage|p2a: Staraptor|0 fnt
|faint|p2a: Staraptor
|
|-sideend|p1: theson1909|move: Tailwind
|upkeep
|
|t:|1782521819
|switch|p2a: Garchomp|Garchomp, L50, M|100/100
|turn|5
|
|t:|1782521830
|switch|p2a: Whimsicott|Whimsicott, L50, F|64/100
|move|p1b: Floette|Protect|p1b: Floette
|-singleturn|p1b: Floette|Protect
|move|p1a: Basculegion|Protect|p1a: Basculegion
|-singleturn|p1a: Basculegion|Protect
|move|p2b: Gholdengo|Make It Rain|p1a: Basculegion|[spread] 
|-activate|p1a: Basculegion|move: Protect
|-activate|p1b: Floette|move: Protect
|
|-sideend|p2: Toocoolwarp6$|move: Tailwind
|upkeep
|turn|6
|
|t:|1782521850
|move|p2a: Whimsicott|Tailwind|p2a: Whimsicott
|-sidestart|p2: Toocoolwarp6$|move: Tailwind
|move|p2b: Gholdengo|Shadow Ball|p1a: Basculegion
|-supereffective|p1a: Basculegion|1
|-damage|p1a: Basculegion|0 fnt
|faint|p1a: Basculegion
|move|p1b: Floette|Dazzling Gleam|p2b: Gholdengo|[spread] p2a,p2b
|-resisted|p2b: Gholdengo|1
|-damage|p2a: Whimsicott|0 fnt
|-damage|p2b: Gholdengo|17/100
|faint|p2a: Whimsicott
|
|upkeep
|
|t:|1782521859
|switch|p2a: Garchomp|Garchomp, L50, M|100/100
|switch|p1a: Aerodactyl|Aerodactyl, L50, M|100/100
|-ability|p1a: Aerodactyl|Pressure
|turn|7
|inactive|theson1909 has 30 seconds left.
|inactive|theson1909 has 20 seconds left.
|inactive|theson1909 has 15 seconds left.
|inactive|theson1909 has 10 seconds left.
|inactive|theson1909 has 5 seconds left.
|
|t:|1782521911
|move|p1a: Aerodactyl|Protect|p1a: Aerodactyl
|-singleturn|p1a: Aerodactyl|Protect
|move|p1b: Floette|Protect|p1b: Floette
|-singleturn|p1b: Floette|Protect
|move|p2a: Garchomp|Dragon Claw|p1a: Aerodactyl
|-activate|p1a: Aerodactyl|move: Protect
|move|p2b: Gholdengo|Make It Rain|p1b: Floette|[spread] 
|-activate|p1a: Aerodactyl|move: Protect
|-activate|p1b: Floette|move: Protect
|
|upkeep
|turn|8
|
|t:|1782521932
|switch|p1a: Garchomp|Garchomp, L50, F|100/100
|move|p1b: Floette|Protect|p1b: Floette
|-singleturn|p1b: Floette|Protect
|move|p2a: Garchomp|Dragon Claw|p1a: Garchomp
|-supereffective|p1a: Garchomp|1
|-damage|p1a: Garchomp|0 fnt
|-damage|p2a: Garchomp|87/100|[from] ability: Rough Skin|[of] p1a: Garchomp
|faint|p1a: Garchomp
|-damage|p2a: Garchomp|77/100|[from] item: Life Orb
|move|p2b: Gholdengo|Make It Rain|p1b: Floette
|-activate|p1b: Floette|move: Protect
|
|upkeep
|
|t:|1782521940
|switch|p1a: Aerodactyl|Aerodactyl, L50, M|100/100
|-ability|p1a: Aerodactyl|Pressure
|turn|9
|
|t:|1782521949
|move|p2a: Garchomp|Dragon Claw|p1a: Aerodactyl
|-damage|p1a: Aerodactyl|5/100
|-damage|p2a: Garchomp|68/100|[from] item: Life Orb
|move|p2b: Gholdengo|Make It Rain|p1a: Aerodactyl|[spread] p1a,p1b
|-supereffective|p1a: Aerodactyl|1
|-supereffective|p1b: Floette|1
|-damage|p1a: Aerodactyl|0 fnt
|-damage|p1b: Floette|0 fnt
|-unboost|p2b: Gholdengo|spa|2
|faint|p1a: Aerodactyl
|faint|p1b: Floette
|
|win|Toocoolwarp6$
||theson1909 is ready for game 2.
|inactive|Toocoolwarp6$ has 30 seconds to confirm battle start!
||Toocoolwarp6$ is ready for game 2.
|uhtml|next|Next: Game 2 of 3
|l|☆theson1909
|player|p1|
