|j|☆llufamistica
|j|☆ansufati7
|html|llufamisticaansufati7    
|uhtml|bestof|Game 1 of a best-of-3
|t:|1757180169
|gametype|doubles
|player|p1|llufamistica|169|1034
|player|p2|ansufati7|ethan|1108
|gen|9
|tier|[Gen 9] VGC 2025 Reg H (Bo3)
|rated|
|rule|Species Clause: Limit one of each Pokémon
|rule|Item Clause: Limit 1 of each item
|clearpoke
|poke|p1|Murkrow, L50, F|
|poke|p1|Garchomp, L50, M|
|poke|p1|Toxtricity, L50, M|
|poke|p1|Zoroark-Hisui, L50, M|
|poke|p1|Indeedee-F, L50, F|
|poke|p1|Annihilape, L50, F|
|poke|p2|Pelipper, L50, F|
|poke|p2|Archaludon, L50, F|
|poke|p2|Incineroar, L50, M|
|poke|p2|Amoonguss, L50, M|
|poke|p2|Kingdra, L50, M|
|poke|p2|Sneasler, L50, F|
|teampreview|4
|showteam|p1|Murkrow||Eviolite|Prankster|BraveBird,Tailwind,Quash,Haze|||F|||50|,,,,,Ghost]Garchomp||LifeOrb|RoughSkin|Earthquake,IronHead,RockSlide,Protect|||M|||50|,,,,,Steel]Toxtricity||ChoiceSpecs|PunkRock|Boomburst,Overdrive,VoltSwitch,SludgeBomb|||M|||50|,,,,,Normal]Zoroark-Hisui||FocusSash|Illusion|ShadowBall,Protect,HyperVoice,NastyPlot|||M|||50|,,,,,Stellar]Indeedee-F||SafetyGoggles|Synchronize|FollowMe,HelpingHand,FakeOut,DazzlingGleam|||F|||50|,,,,,Fairy]Annihilape||ChoiceScarf|Defiant|FinalGambit,HelpingHand,ShadowClaw,CloseCombat|||F|||50|,,,,,Grass
|showteam|p2|Pelipper||CovertCloak|Drizzle|Tailwind,WideGuard,WeatherBall,Hurricane|||F|||50|,,,,,Ground]Archaludon||AssaultVest|Stamina|DracoMeteor,ElectroShot,BodyPress,FlashCannon|||F|||50|,,,,,Flying]Incineroar||SafetyGoggles|Blaze|FakeOut,KnockOff,PartingShot,Protect|||M|||50|,,,,,Ghost]Amoonguss||SitrusBerry|Regenerator|Spore,ClearSmog,PollenPuff,RagePowder|||M|||50|,,,,,Dark]Kingdra||LifeOrb|SwiftSwim|DracoMeteor,WeatherBall,MuddyWater,Hurricane|||M|||50|,,,,,Stellar]Sneasler||FocusSash|Unburden|DireClaw,CloseCombat,FakeOut,Protect|||F|||50|,,,,,Ghost
|inactive|Battle timer is ON: inactive players will automatically lose when time's up. (requested by llufamistica)
|inactive|llufamistica has 60 seconds left.
|inactive|ansufati7 has 60 seconds left.
|inactive|llufamistica has 30 seconds left.
|inactive|ansufati7 has 30 seconds left.
|inactive|llufamistica has 20 seconds left.
|inactive|ansufati7 has 20 seconds left.
|inactive|ansufati7 has 15 seconds left.
|inactive|ansufati7 has 10 seconds left.
|inactive|ansufati7 has 5 seconds left.
|
|t:|1757180265
|teamsize|p1|4
|teamsize|p2|4
|start
|switch|p1a: Murkrow|Murkrow, L50, F, shiny|100/100
|switch|p1b: Toxtricity|Toxtricity, L50, M, shiny|100/100
|switch|p2a: Pelipper|Pelipper, L50, F|100/100
|switch|p2b: Archaludon|Archaludon, L50, F|100/100
|-weather|RainDance|[from] ability: Drizzle|[of] p2a: Pelipper
|turn|1
|inactive|llufamistica has 30 seconds left.
|inactive|ansufati7 has 30 seconds left.
|inactive|llufamistica has 20 seconds left.
|inactive|llufamistica has 15 seconds left.
|inactive|llufamistica has 10 seconds left.
|inactive|llufamistica has 5 seconds left.
|
|t:|1757180318
|-terastallize|p2a: Pelipper|Ground
|move|p1a: Murkrow|Tailwind|p1a: Murkrow
|-sidestart|p1: llufamistica|move: Tailwind
|move|p1b: Toxtricity|Volt Switch|p2b: Archaludon
|-resisted|p2b: Archaludon
|-damage|p2b: Archaludon|75/100
|-ability|p2b: Archaludon|Stamina|boost
|-boost|p2b: Archaludon|def|1
|inactive|llufamistica has 30 seconds left.
|inactive|llufamistica has 20 seconds left.
|inactive|llufamistica has 15 seconds left.
|inactive|llufamistica has 10 seconds left.
|inactive|llufamistica has 5 seconds left.
|
|t:|1757180371
|switch|p1b: Indeedee|Indeedee-F, L50, F|100/100|[from] Volt Switch
|move|p2b: Archaludon|Electro Shot||[still]
|-prepare|p2b: Archaludon|Electro Shot
|-boost|p2b: Archaludon|spa|1
|-anim|p2b: Archaludon|Electro Shot|p1a: Murkrow
|-supereffective|p1a: Murkrow
|-crit|p1a: Murkrow
|-damage|p1a: Murkrow|0 fnt
|faint|p1a: Murkrow
|move|p2a: Pelipper|Tailwind|p2a: Pelipper
|-sidestart|p2: ansufati7|move: Tailwind
|
|-weather|RainDance|[upkeep]
|upkeep
|inactive|llufamistica has 30 seconds left.
|
|t:|1757180403
|switch|p1a: Toxtricity|Toxtricity, L50, M, shiny|100/100
|turn|2
|
|t:|1757180422
|move|p1b: Indeedee|Shadow Ball|p2a: Pelipper
|-damage|p2a: Pelipper|28/100
|move|p1a: Toxtricity|Sludge Bomb|p2a: Pelipper
|-resisted|p2a: Pelipper
|-damage|p2a: Pelipper|0 fnt
|faint|p2a: Pelipper
|move|p2b: Archaludon|Electro Shot||[still]
|-prepare|p2b: Archaludon|Electro Shot
|-boost|p2b: Archaludon|spa|1
|-anim|p2b: Archaludon|Electro Shot|p1b: Indeedee
|-enditem|p1b: Indeedee|Focus Sash
|-damage|p1b: Indeedee|1/100
|replace|p1b: Zoroark|Zoroark-Hisui, L50, M, shiny
|-end|p1b: Zoroark|Illusion
|
|-weather|RainDance|[upkeep]
|upkeep
|
|t:|1757180439
|switch|p2a: Incineroar|Incineroar, L50, M|100/100
|turn|3
|
|t:|1757180463
|switch|p1a: Indeedee|Indeedee-F, L50, F|100/100
|move|p1b: Zoroark|Protect|p1b: Zoroark
|-singleturn|p1b: Zoroark|Protect
|move|p2a: Incineroar|Fake Out|p1a: Indeedee
|-damage|p1a: Indeedee|91/100
|move|p2b: Archaludon|Electro Shot||[still]
|-prepare|p2b: Archaludon|Electro Shot
|-boost|p2b: Archaludon|spa|1
|-anim|p2b: Archaludon|Electro Shot|p1b: Zoroark
|-activate|p1b: Zoroark|move: Protect
|
|-weather|RainDance|[upkeep]
|upkeep
|turn|4
|inactive|llufamistica has 30 seconds left.
|inactive|llufamistica has 20 seconds left.
|inactive|llufamistica has 15 seconds left.
|inactive|llufamistica has 10 seconds left.
|inactive|llufamistica has 5 seconds left.
|
|t:|1757180517
|-terastallize|p1b: Zoroark|Stellar
|move|p1a: Indeedee|Helping Hand|p1b: Zoroark
|-singleturn|p1b: Zoroark|Helping Hand|[of] p1a: Indeedee
|move|p1b: Zoroark|Shadow Ball|p2b: Archaludon
|-damage|p2b: Archaludon|0 fnt
|faint|p2b: Archaludon
|move|p2a: Incineroar|Knock Off|p1a: Indeedee
|-supereffective|p1a: Indeedee
|-damage|p1a: Indeedee|13/100
|-enditem|p1a: Indeedee|Safety Goggles|[from] move: Knock Off|[of] p2a: Incineroar
|
|-weather|RainDance|[upkeep]
|-sideend|p2: ansufati7|move: Tailwind
|-sideend|p1: llufamistica|move: Tailwind
|upkeep
|
|t:|1757180532
|switch|p2b: Amoonguss|Amoonguss, L50, M|100/100
|turn|5
|
|t:|1757180554
|move|p1a: Indeedee|Helping Hand|p1b: Zoroark
|-singleturn|p1b: Zoroark|Helping Hand|[of] p1a: Indeedee
|move|p1b: Zoroark|Hyper Voice|p2b: Amoonguss|[spread] p2a,p2b
|-damage|p2a: Incineroar|39/100
|-damage|p2b: Amoonguss|35/100
|-enditem|p2b: Amoonguss|Sitrus Berry|[eat]
|-heal|p2b: Amoonguss|60/100|[from] item: Sitrus Berry
|move|p2a: Incineroar|Knock Off|p1a: Indeedee
|-supereffective|p1a: Indeedee
|-damage|p1a: Indeedee|0 fnt
|faint|p1a: Indeedee
|move|p2b: Amoonguss|Clear Smog|p1b: Zoroark
|-resisted|p1b: Zoroark
|-damage|p1b: Zoroark|0 fnt
|-clearboost|p1b: Zoroark
|faint|p1b: Zoroark
|
|-weather|none
|upkeep
|
|t:|1757180567
|switch|p1b: Toxtricity|Toxtricity, L50, M, shiny|100/100
|turn|6
|inactive|ansufati7 has 30 seconds left.
|inactive|ansufati7 has 20 seconds left.
|
|t:|1757180607
|move|p1b: Toxtricity|Boomburst|p2b: Amoonguss|[spread] p2a,p2b
|-damage|p2a: Incineroar|0 fnt
|-damage|p2b: Amoonguss|0 fnt
|faint|p2a: Incineroar
|faint|p2b: Amoonguss
|
|win|llufamistica
|l|☆ansufati7
|player|p2|
||llufamistica is ready for game 2.
||ansufati7 is ready for game 2.
|uhtml|next|Next: Game 2 of 3
