|j|☆belinvgc
|j|☆jayoticnl
|html|belinvgcjayoticnl    
|uhtml|bestof|Game 2 of a best-of-3
|t:|1757858005
|gametype|doubles
|player|p1|belinvgc|265|1291
|player|p2|jayoticnl|preschooler|1343
|gen|9
|tier|[Gen 9] VGC 2025 Reg H (Bo3)
|rated|
|rule|Species Clause: Limit one of each Pokémon
|rule|Item Clause: Limit 1 of each item
|clearpoke
|poke|p1|Ursaluna-Bloodmoon, L50, M|
|poke|p1|Sinistcha, L50|
|poke|p1|Rillaboom, L50, F|
|poke|p1|Incineroar, L50, F|
|poke|p1|Sneasler, L50, F|
|poke|p1|Kingambit, L50, M|
|poke|p2|Skeledirge, L50, F|
|poke|p2|Amoonguss, L50, F|
|poke|p2|Ninetales-Alola, L50, F|
|poke|p2|Garchomp, L50, F|
|poke|p2|Corviknight, L50, M|
|poke|p2|Sneasler, L50, M|
|teampreview|4
|showteam|p1|Ursaluna-Bloodmoon||Leftovers|MindsEye|BloodMoon,EarthPower,CalmMind,Protect|||M|||50|,,,,,Water]Sinistcha||SitrusBerry|Hospitality|MatchaGotcha,RagePowder,LifeDew,TrickRoom||||||50|,,,,,Water]Rillaboom||AssaultVest|GrassySurge|GrassyGlide,DrumBeating,Uturn,FakeOut|||F|||50|,,,,,Fire]Incineroar||FigyBerry|Intimidate|FlareBlitz,KnockOff,PartingShot,FakeOut|||F|||50|,,,,,Grass]Sneasler||GrassySeed|Unburden|DireClaw,CloseCombat,Taunt,Protect|||F|||50|,,,,,Stellar]Kingambit||SafetyGoggles|Defiant|KowtowCleave,SuckerPunch,SwordsDance,Protect|||M|||50|,,,,,Dark
|showteam|p2|Skeledirge||Leftovers|Unaware|TorchSong,ShadowBall,TeraBlast,Protect|||F|||50|,,,,,Grass]Amoonguss||SitrusBerry|Regenerator|PollenPuff,Spore,RagePowder,Protect|||F|||50|,,,,,Water]Ninetales-Alola||LightClay|SnowWarning|Blizzard,IcyWind,AuroraVeil,Protect|||F|||50|,,,,,Ghost]Garchomp||LifeOrb|RoughSkin|StompingTantrum,DragonClaw,Earthquake,Protect|||F|||50|,,,,,Ground]Corviknight||CovertCloak|MirrorArmor|BraveBird,BodyPress,Roost,BulkUp|||M|||50|,,,,,Dragon]Sneasler||FocusSash|Unburden|DireClaw,CloseCombat,FakeOut,Protect|||M|||50|,,,,,Stellar
|
|t:|1757858077
|teamsize|p1|4
|teamsize|p2|4
|start
|switch|p1a: Sneasler|Sneasler, L50, F|100/100
|switch|p1b: Kingambit|Kingambit, L50, M, shiny|100/100
|switch|p2a: Sneasler|Sneasler, L50, M|100/100
|switch|p2b: Corviknight|Corviknight, L50, M|100/100
|turn|1
|
|t:|1757858086
|-terastallize|p1b: Kingambit|Dark
|move|p2a: Sneasler|Close Combat|p1b: Kingambit
|-supereffective|p1b: Kingambit
|-damage|p1b: Kingambit|6/100
|-unboost|p2a: Sneasler|def|1
|-unboost|p2a: Sneasler|spd|1
|move|p1a: Sneasler|Taunt|p2b: Corviknight
|-start|p2b: Corviknight|move: Taunt
|cant|p2b: Corviknight|move: Taunt|Bulk Up
|move|p1b: Kingambit|Swords Dance|p1b: Kingambit
|-boost|p1b: Kingambit|atk|2
|
|upkeep
|turn|2
|
|t:|1757858111
|move|p2a: Sneasler|Protect|p2a: Sneasler
|-singleturn|p2a: Sneasler|Protect
|move|p1b: Kingambit|Protect|p1b: Kingambit
|-singleturn|p1b: Kingambit|Protect
|move|p1a: Sneasler|Dire Claw|p2a: Sneasler
|-activate|p2a: Sneasler|move: Protect
|move|p2b: Corviknight|Body Press|p1b: Kingambit
|-activate|p1b: Kingambit|move: Protect
|
|upkeep
|turn|3
|
|t:|1757858126
|switch|p2a: Skeledirge|Skeledirge, L50, F|100/100
|move|p1b: Kingambit|Sucker Punch|p2b: Corviknight
|-damage|p2b: Corviknight|19/100
|move|p1a: Sneasler|Close Combat|p2b: Corviknight
|-damage|p2b: Corviknight|0 fnt
|-unboost|p1a: Sneasler|def|1
|-unboost|p1a: Sneasler|spd|1
|faint|p2b: Corviknight
|
|upkeep
|
|t:|1757858133
|switch|p2b: Sneasler|Sneasler, L50, M|100/100
|turn|4
|
|t:|1757858147
|switch|p1a: Sinistcha|Sinistcha, L50, shiny|100/100
|-heal|p1b: Kingambit|31/100|[from] ability: Hospitality|[of] p1a: Sinistcha
|move|p1b: Kingambit|Protect|p1b: Kingambit
|-singleturn|p1b: Kingambit|Protect
|move|p2b: Sneasler|Fake Out|p1b: Kingambit
|-activate|p1b: Kingambit|move: Protect
|move|p2a: Skeledirge|Torch Song|p1a: Sinistcha
|-supereffective|p1a: Sinistcha
|-damage|p1a: Sinistcha|35/100
|-boost|p2a: Skeledirge|spa|1
|-enditem|p1a: Sinistcha|Sitrus Berry|[eat]
|-heal|p1a: Sinistcha|60/100|[from] item: Sitrus Berry
|
|upkeep
|turn|5
|
|t:|1757858171
|switch|p2b: Amoonguss|Amoonguss, L50, F|100/100
|switch|p1a: Incineroar|Incineroar, L50, F, shiny|100/100
|-ability|p1a: Incineroar|Intimidate|boost
|-unboost|p2a: Skeledirge|atk|1
|-unboost|p2b: Amoonguss|atk|1
|-terastallize|p2a: Skeledirge|Grass
|move|p1b: Kingambit|Sucker Punch||[still]
|-fail|p1b: Kingambit
|move|p2a: Skeledirge|Torch Song|p1b: Kingambit
|-damage|p1b: Kingambit|0 fnt
|-boost|p2a: Skeledirge|spa|1
|faint|p1b: Kingambit
|
|upkeep
|
|t:|1757858179
|switch|p1b: Sneasler|Sneasler, L50, F|100/100
|turn|6
|
|t:|1757858184
|move|p2a: Skeledirge|Protect|p2a: Skeledirge
|-singleturn|p2a: Skeledirge|Protect
|move|p1a: Incineroar|Fake Out|p2a: Skeledirge
|-activate|p2a: Skeledirge|move: Protect
|move|p1b: Sneasler|Taunt|p2b: Amoonguss
|-start|p2b: Amoonguss|move: Taunt
|cant|p2b: Amoonguss|move: Taunt|Spore
|
|upkeep
|turn|7
|
|t:|1757858198
|move|p1b: Sneasler|Protect|p1b: Sneasler
|-singleturn|p1b: Sneasler|Protect
|move|p1a: Incineroar|Flare Blitz|p2a: Skeledirge
|-supereffective|p2a: Skeledirge
|-damage|p2a: Skeledirge|28/100
|-damage|p1a: Incineroar|76/100|[from] Recoil
|move|p2a: Skeledirge|Torch Song|p1b: Sneasler
|-activate|p1b: Sneasler|move: Protect
|move|p2b: Amoonguss|Pollen Puff|p1b: Sneasler
|-activate|p1b: Sneasler|move: Protect
|
|-heal|p2a: Skeledirge|34/100|[from] item: Leftovers
|upkeep
|turn|8
|
|t:|1757858225
|switch|p2b: Sneasler|Sneasler, L50, M|100/100
|move|p2a: Skeledirge|Protect|p2a: Skeledirge
|-singleturn|p2a: Skeledirge|Protect
|move|p1b: Sneasler|Dire Claw|p2b: Sneasler
|-resisted|p2b: Sneasler
|-damage|p2b: Sneasler|61/100
|move|p1a: Incineroar|Flare Blitz|p2b: Sneasler
|-damage|p2b: Sneasler|0 fnt
|faint|p2b: Sneasler
|-damage|p1a: Incineroar|60/100|[from] Recoil
|
|-heal|p2a: Skeledirge|40/100|[from] item: Leftovers
|upkeep
|
|t:|1757858227
|switch|p2b: Amoonguss|Amoonguss, L50, F|100/100
|turn|9
|
|t:|1757858242
|move|p2b: Amoonguss|Rage Powder|p2b: Amoonguss
|-singleturn|p2b: Amoonguss|move: Rage Powder
|move|p1b: Sneasler|Taunt|p2b: Amoonguss
|-start|p2b: Amoonguss|move: Taunt
|move|p1a: Incineroar|Flare Blitz|p2b: Amoonguss
|-supereffective|p2b: Amoonguss
|-damage|p2b: Amoonguss|30/100
|-status|p2b: Amoonguss|brn
|-enditem|p2b: Amoonguss|Sitrus Berry|[eat]
|-heal|p2b: Amoonguss|55/100 brn|[from] item: Sitrus Berry
|-damage|p1a: Incineroar|35/100|[from] Recoil
|move|p2a: Skeledirge|Torch Song|p1b: Sneasler
|-damage|p1b: Sneasler|0 fnt
|-boost|p2a: Skeledirge|spa|1
|faint|p1b: Sneasler
|
|-heal|p2a: Skeledirge|45/100|[from] item: Leftovers
|-damage|p2b: Amoonguss|49/100 brn|[from] brn
|upkeep
|
|t:|1757858252
|switch|p1b: Sinistcha|Sinistcha, L50, shiny|60/100
|-heal|p1a: Incineroar|60/100|[from] ability: Hospitality|[of] p1b: Sinistcha
|turn|10
|
|t:|1757858268
|move|p2a: Skeledirge|Protect|p2a: Skeledirge
|-singleturn|p2a: Skeledirge|Protect
|move|p1a: Incineroar|Flare Blitz|p2b: Amoonguss
|-supereffective|p2b: Amoonguss
|-damage|p2b: Amoonguss|0 fnt
|faint|p2b: Amoonguss
|-damage|p1a: Incineroar|43/100|[from] Recoil
|move|p1b: Sinistcha|Life Dew|p1b: Sinistcha|[spread] p1a,p1b
|-heal|p1a: Incineroar|68/100
|-heal|p1b: Sinistcha|85/100
|
|-heal|p2a: Skeledirge|51/100|[from] item: Leftovers
|upkeep
|turn|11
|
|t:|1757858279
|move|p1a: Incineroar|Flare Blitz|p2a: Skeledirge
|-supereffective|p2a: Skeledirge
|-damage|p2a: Skeledirge|0 fnt
|faint|p2a: Skeledirge
|-damage|p1a: Incineroar|50/100|[from] Recoil
|
|win|belinvgc
||jayoticnl is ready for game 3.
|inactive|belinvgc has 30 seconds to confirm battle start!
||belinvgc is ready for game 3.
|uhtml|next|Next: Game 3 of 3
