|j|☆a year without
|j|☆SunshineTufo
|html|a year withoutSunshineTufo    
|uhtml|bestof|Game 3 of a best-of-3
|t:|1785263697
|gametype|doubles
|player|p1|a year without|hiker-gen4|1191
|player|p2|SunshineTufo|li|1201
|gen|9
|tier|[Gen 9 Champions] VGC 2026 Reg M-B (Bo3)
|rated|
|rule|Species Clause: Limit one of each Pokémon
|rule|Item Clause: Limit 1 of each item
|clearpoke
|poke|p1|Grimmsnarl, L50, M, shiny|
|poke|p1|Basculegion, L50, M, shiny|
|poke|p1|Charizard, L50, M, shiny|
|poke|p1|Pelipper, L50, F|
|poke|p1|Venusaur, L50, M|
|poke|p1|Archaludon, L50, M|
|poke|p2|Charizard, L50, M, shiny|
|poke|p2|Incineroar, L50, M, shiny|
|poke|p2|Sylveon, L50, M, shiny|
|poke|p2|Aerodactyl, L50, M, shiny|
|poke|p2|Garchomp, L50, M, shiny|
|poke|p2|Farigiraf, L50, M, shiny|
|teampreview|4
|showteam|p1|Grimmsnarl||LightClay|Prankster|SpiritBreak,PartingShot,Reflect,LightScreen|Sassy||M|||50|]Basculegion||ChoiceScarf|Adaptability|LastRespects,WaveCrash,AquaJet,FlipTurn|Jolly||M|||50|]Charizard||CharizarditeY|Blaze|Protect,HeatWave,WeatherBall,SolarBeam|Modest||M|||50|]Pelipper||SitrusBerry|Drizzle|Hurricane,WeatherBall,Tailwind,WideGuard|Modest||F|||50|]Venusaur||FocusSash|Chlorophyll|SludgeBomb,SleepPowder,EarthPower,Protect|Modest||M|||50|]Archaludon||Leftovers|Stamina|ElectroShot,DragonPulse,FlashCannon,Protect|Calm||M|||50|
|showteam|p2|Charizard||CharizarditeY|SolarPower|HeatWave,WeatherBall,SolarBeam,Protect|Modest||M|||50|]Incineroar||Charcoal|Intimidate|FlareBlitz,DarkestLariat,FakeOut,PartingShot|Brave||M|||50|]Sylveon||FairyFeather|Pixilate|HyperVoice,QuickAttack,HyperBeam,Detect|Modest||M|||50|]Aerodactyl||Aerodactylite|Unnerve|WideGuard,RockSlide,DualWingbeat,Tailwind|Jolly||M|||50|]Garchomp||LifeOrb|RoughSkin|Protect,StompingTantrum,DragonClaw,Earthquake|Adamant||M|||50|]Farigiraf||SitrusBerry|ArmorTail|SunnyDay,PsychicFangs,Thunderbolt,TrickRoom|Relaxed||M|||50|
|inactive|Battle timer is ON: inactive players will automatically lose when time's up. (requested by SunshineTufo)
|
|t:|1785263704
|teamsize|p1|4
|teamsize|p2|4
|start
|switch|p1a: Charizard|Charizard, L50, M, shiny|100/100
|switch|p1b: Venusaur|Venusaur, L50, M|100/100
|switch|p2a: Incineroar|Incineroar, L50, M, shiny|100/100
|switch|p2b: Farigiraf|Farigiraf, L50, M, shiny|100/100
|-ability|p2a: Incineroar|Intimidate|boost
|-unboost|p1a: Charizard|atk|1
|-unboost|p1b: Venusaur|atk|1
|turn|1
|
|t:|1785263710
|switch|p1b: Archaludon|Archaludon, L50, M|100/100
|detailschange|p1a: Charizard|Charizard-Mega-Y, L50, M, shiny
|-mega|p1a: Charizard|Charizard|Charizardite Y
|-weather|SunnyDay|[from] ability: Drought|[of] p1a: Charizard
|move|p2a: Incineroar|Fake Out|p1b: Archaludon
|-resisted|p1b: Archaludon|1
|-damage|p1b: Archaludon|95/100
|-ability|p1b: Archaludon|Stamina|boost
|-boost|p1b: Archaludon|def|1
|move|p1a: Charizard|Weather Ball|p2b: Farigiraf
|-damage|p2b: Farigiraf|26/100
|-enditem|p2b: Farigiraf|Sitrus Berry|[eat]
|-heal|p2b: Farigiraf|51/100|[from] item: Sitrus Berry
|move|p2b: Farigiraf|Trick Room|p2b: Farigiraf
|-fieldstart|move: Trick Room|[of] p2b: Farigiraf
|
|-weather|SunnyDay|[upkeep]
|-heal|p1b: Archaludon|100/100|[from] item: Leftovers
|upkeep
|turn|2
|
|t:|1785263732
|move|p1a: Charizard|Protect|p1a: Charizard
|-singleturn|p1a: Charizard|Protect
|move|p2b: Farigiraf|Thunderbolt|p1a: Charizard
|-activate|p1a: Charizard|move: Protect
|move|p2a: Incineroar|Parting Shot|p1b: Archaludon
|-unboost|p1b: Archaludon|atk|1
|-unboost|p1b: Archaludon|spa|1
|
|t:|1785263736
|switch|p2a: Charizard|Charizard, L50, M, shiny|100/100|[from] Parting Shot
|move|p1b: Archaludon|Dragon Pulse|p2b: Farigiraf
|-damage|p2b: Farigiraf|28/100
|
|-weather|SunnyDay|[upkeep]
|-damage|p2a: Charizard|87/100|[from] ability: Solar Power|[of] p2a: Charizard
|upkeep
|turn|3
|
|t:|1785263746
|switch|p1b: Pelipper|Pelipper, L50, F|100/100
|-weather|RainDance|[from] ability: Drizzle|[of] p1b: Pelipper
|move|p2b: Farigiraf|Sunny Day|p2b: Farigiraf
|-weather|SunnyDay
|move|p2a: Charizard|Weather Ball|p1b: Pelipper
|-resisted|p1b: Pelipper|1
|-damage|p1b: Pelipper|21/100
|-enditem|p1b: Pelipper|Sitrus Berry|[eat]
|-heal|p1b: Pelipper|46/100|[from] item: Sitrus Berry
|move|p1a: Charizard|Weather Ball|p2a: Charizard
|-resisted|p2a: Charizard|1
|-damage|p2a: Charizard|36/100
|
|-weather|SunnyDay|[upkeep]
|-damage|p2a: Charizard|24/100|[from] ability: Solar Power|[of] p2a: Charizard
|upkeep
|turn|4
|
|t:|1785263768
|move|p2b: Farigiraf|Thunderbolt|p1a: Charizard
|-supereffective|p1a: Charizard|1
|-damage|p1a: Charizard|57/100
|move|p1b: Pelipper|Weather Ball|p2b: Farigiraf
|-damage|p2b: Farigiraf|0 fnt
|faint|p2b: Farigiraf
|move|p2a: Charizard|Heat Wave|p1b: Pelipper|[spread] p1a,p1b
|-resisted|p1a: Charizard|1
|-resisted|p1b: Pelipper|1
|-damage|p1a: Charizard|26/100
|-damage|p1b: Pelipper|0 fnt
|faint|p1b: Pelipper
|move|p1a: Charizard|Heat Wave|p2a: Charizard
|-resisted|p2a: Charizard|1
|-damage|p2a: Charizard|0 fnt
|faint|p2a: Charizard
|
|-weather|SunnyDay|[upkeep]
|upkeep
|
|t:|1785263783
|switch|p2b: Sylveon|Sylveon, L50, M, shiny|100/100
|switch|p1b: Venusaur|Venusaur, L50, M|100/100
|switch|p2a: Incineroar|Incineroar, L50, M, shiny|100/100
|-ability|p2a: Incineroar|Intimidate|boost
|-unboost|p1a: Charizard|atk|1
|-unboost|p1b: Venusaur|atk|1
|turn|5
|
|t:|1785263789
|switch|p1a: Archaludon|Archaludon, L50, M|100/100
|move|p1b: Venusaur|Protect|p1b: Venusaur
|-singleturn|p1b: Venusaur|Protect
|move|p2a: Incineroar|Flare Blitz|p1b: Venusaur
|-activate|p1b: Venusaur|move: Protect
|move|p2b: Sylveon|Hyper Voice|p1a: Archaludon|[spread] p1a
|-activate|p1b: Venusaur|move: Protect
|-damage|p1a: Archaludon|55/100
|-ability|p1a: Archaludon|Stamina|boost
|-boost|p1a: Archaludon|def|1
|
|-weather|SunnyDay|[upkeep]
|-heal|p1a: Archaludon|61/100|[from] item: Leftovers
|-fieldend|move: Trick Room
|upkeep
|turn|6
|
|t:|1785263802
|move|p2b: Sylveon|Quick Attack|p1b: Venusaur
|-resisted|p1b: Venusaur|1
|-damage|p1b: Venusaur|91/100
|move|p1b: Venusaur|Sludge Bomb|p2b: Sylveon
|-supereffective|p2b: Sylveon|1
|-damage|p2b: Sylveon|25/100
|move|p1a: Archaludon|Flash Cannon|p2b: Sylveon
|-supereffective|p2b: Sylveon|1
|-damage|p2b: Sylveon|0 fnt
|faint|p2b: Sylveon
|move|p2a: Incineroar|Flare Blitz|p1b: Venusaur
|-supereffective|p1b: Venusaur|1
|-damage|p1b: Venusaur|0 fnt
|faint|p1b: Venusaur
|-damage|p2a: Incineroar|76/100|[from] Recoil
|
|-weather|SunnyDay|[upkeep]
|-heal|p1a: Archaludon|68/100|[from] item: Leftovers
|upkeep
|
|t:|1785263816
|switch|p1b: Charizard|Charizard-Mega-Y, L50, M, shiny|26/100
|turn|7
|
|t:|1785263823
|move|p1b: Charizard|Weather Ball|p2a: Incineroar
|-resisted|p2a: Incineroar|1
|-damage|p2a: Incineroar|39/100
|move|p1a: Archaludon|Electro Shot||[still]
|-prepare|p1a: Archaludon|Electro Shot
|-boost|p1a: Archaludon|spa|1
|move|p2a: Incineroar|Darkest Lariat|p1b: Charizard
|-damage|p1b: Charizard|0 fnt
|faint|p1b: Charizard
|
|-weather|none
|-heal|p1a: Archaludon|74/100|[from] item: Leftovers
|upkeep
|turn|8
|
|t:|1785263831
|move|p1a: Archaludon|Electro Shot|p2a: Incineroar|[from] lockedmove
|-damage|p2a: Incineroar|0 fnt
|faint|p2a: Incineroar
|
|win|a year without
|raw|a year without's rating: 1191 → 1217(+26 for winning)
|raw|SunshineTufo's rating: 1201 → 1175(-26 for losing)
