|j|☆EvioExess
|j|☆axelcm98
|html|EvioExessaxelcm98    
|uhtml|bestof|Game 1 of a best-of-3
|t:|1784900510
|gametype|doubles
|player|p1|EvioExess|266|1050
|player|p2|axelcm98|265|1102
|gen|9
|tier|[Gen 9 Champions] VGC 2026 Reg M-B (Bo3)
|rated|
|rule|Species Clause: Limit one of each Pokémon
|rule|Item Clause: Limit 1 of each item
|clearpoke
|poke|p1|Farigiraf, L50, F|
|poke|p1|Aerodactyl, L50, M|
|poke|p1|Kingambit, L50, M|
|poke|p1|Garchomp, L50, F|
|poke|p1|Charizard, L50, M|
|poke|p1|Ninetales-Alola, L50, M|
|poke|p2|Kommo-o, L50, M|
|poke|p2|Incineroar, L50, F|
|poke|p2|Glimmora, L50, F|
|poke|p2|Ninetales-Alola, L50, F|
|poke|p2|Rotom-Wash, L50|
|poke|p2|Corviknight, L50, F|
|teampreview|4
|showteam|p1|Farigiraf||SitrusBerry|ArmorTail|TrickRoom,TwinBeam,HelpingHand,Thunderbolt|Bold||F|||50|]Aerodactyl||Aerodactylite|Unnerve|RockSlide,Protect,Tailwind,Taunt|Jolly||M|||50|]Kingambit||FocusSash|Defiant|IronHead,SuckerPunch,LowKick,Protect|Adamant||M|||50|]Garchomp||LifeOrb|RoughSkin|DragonClaw,Earthquake,StompingTantrum,Protect|Adamant||F|||50|]Charizard||CharizarditeY|Blaze|WeatherBall,HeatWave,SolarBeam,Protect|Modest||M|||50|]Ninetales-Alola||NeverMeltIce|SnowWarning|Blizzard,FreezeDry,Moonblast,Protect|Timid||M|||50|
|showteam|p2|Kommo-o||LifeOrb|Overcoat|Protect,ClangingScales,AuraSphere,VacuumWave|Modest||M|||50|]Incineroar||PasshoBerry|Intimidate|FakeOut,FlareBlitz,ThroatChop,PartingShot|Careful||F|||50|]Glimmora||Glimmoranite|ToxicDebris|SpikyShield,SludgeBomb,EarthPower,PowerGem|Modest||F|||50|]Ninetales-Alola||NeverMeltIce|SnowWarning|Protect,Encore,FreezeDry,Blizzard|Timid||F|||50|]Rotom-Wash||SitrusBerry|Levitate|VoltSwitch,WillOWisp,Thunderbolt,HydroPump|Modest|||||50|]Corviknight||Leftovers|Pressure|Tailwind,BraveBird,IronHead,Roost|Careful||F|||50|
|c|☆axelcm98|glhf
|
|t:|1784900563
|teamsize|p1|4
|teamsize|p2|4
|start
|switch|p1a: DINOSAUVO|Aerodactyl, L50, M|100/100
|switch|p1b: LA GIRAFFA|Farigiraf, L50, F|100/100
|switch|p2a: Kommo-o|Kommo-o, L50, M|100/100
|switch|p2b: Rotom|Rotom-Wash, L50|100/100
|-ability|p1a: DINOSAUVO|Unnerve
|turn|1
|
|t:|1784900586
|move|p1a: DINOSAUVO|Protect|p1a: DINOSAUVO
|-singleturn|p1a: DINOSAUVO|Protect
|move|p2a: Kommo-o|Protect|p2a: Kommo-o
|-singleturn|p2a: Kommo-o|Protect
|move|p2b: Rotom|Will-O-Wisp|p1a: DINOSAUVO
|-activate|p1a: DINOSAUVO|move: Protect
|move|p1b: LA GIRAFFA|Twin Beam|p2a: Kommo-o
|-activate|p2a: Kommo-o|move: Protect
|
|upkeep
|turn|2
|
|t:|1784900603
|switch|p1a: Charizard|Charizard, L50, M|100/100
|switch|p2a: Incineroar|Incineroar, L50, F|100/100
|-ability|p2a: Incineroar|Intimidate|boost
|-unboost|p1a: Charizard|atk|1
|-unboost|p1b: LA GIRAFFA|atk|1
|move|p2b: Rotom|Hydro Pump|p1a: Charizard
|-supereffective|p1a: Charizard|1
|-damage|p1a: Charizard|0 fnt
|faint|p1a: Charizard
|move|p1b: LA GIRAFFA|Twin Beam|p2a: Incineroar
|-immune|p2a: Incineroar
|
|upkeep
|
|t:|1784900614
|switch|p1a: DINOSAUVO|Aerodactyl, L50, M|100/100
|-ability|p1a: DINOSAUVO|Unnerve
|turn|3
|
|t:|1784900620
|switch|p2a: Kommo-o|Kommo-o, L50, M|100/100
|detailschange|p1a: DINOSAUVO|Aerodactyl-Mega, L50, M
|-mega|p1a: DINOSAUVO|Aerodactyl|Aerodactylite
|move|p1b: LA GIRAFFA|Helping Hand|p1a: DINOSAUVO
|-singleturn|p1a: DINOSAUVO|Helping Hand|[of] p1b: LA GIRAFFA
|move|p1a: DINOSAUVO|Rock Slide|p2a: Kommo-o|[spread] p2a,p2b
|-resisted|p2a: Kommo-o|1
|-damage|p2a: Kommo-o|80/100
|-damage|p2b: Rotom|57/100
|move|p2b: Rotom|Hydro Pump|p1a: DINOSAUVO|[miss]
|-miss|p2b: Rotom|p1a: DINOSAUVO
|
|upkeep
|turn|4
|
|t:|1784900639
|move|p1b: LA GIRAFFA|Helping Hand|p1a: DINOSAUVO
|-singleturn|p1a: DINOSAUVO|Helping Hand|[of] p1b: LA GIRAFFA
|move|p1a: DINOSAUVO|Rock Slide|p2a: Kommo-o|[spread] p2b
|-miss|p1a: DINOSAUVO|p2a: Kommo-o
|-damage|p2b: Rotom|14/100
|-enditem|p2b: Rotom|Sitrus Berry|[eat]
|-heal|p2b: Rotom|39/100|[from] item: Sitrus Berry
|move|p2a: Kommo-o|Clanging Scales|p1a: DINOSAUVO|[spread] p1a,p1b
|-damage|p1a: DINOSAUVO|44/100
|-damage|p1b: LA GIRAFFA|56/100
|-unboost|p2a: Kommo-o|def|1
|-damage|p2a: Kommo-o|71/100|[from] item: Life Orb
|move|p2b: Rotom|Hydro Pump|p1a: DINOSAUVO|[miss]
|-miss|p2b: Rotom|p1a: DINOSAUVO
|
|upkeep
|turn|5
|
|t:|1784900656
|move|p1b: LA GIRAFFA|Helping Hand|p1a: DINOSAUVO
|-singleturn|p1a: DINOSAUVO|Helping Hand|[of] p1b: LA GIRAFFA
|move|p2a: Kommo-o|Protect|p2a: Kommo-o
|-singleturn|p2a: Kommo-o|Protect
|move|p1a: DINOSAUVO|Rock Slide|p2b: Rotom|[spread] p2b
|-activate|p2a: Kommo-o|move: Protect
|-damage|p2b: Rotom|0 fnt
|faint|p2b: Rotom
|
|upkeep
|
|t:|1784900665
|switch|p2b: Incineroar|Incineroar, L50, F|100/100
|-ability|p2b: Incineroar|Intimidate|boost
|-unboost|p1a: DINOSAUVO|atk|1
|-unboost|p1b: LA GIRAFFA|atk|1
|turn|6
|
|t:|1784900675
|move|p1a: DINOSAUVO|Protect|p1a: DINOSAUVO
|-singleturn|p1a: DINOSAUVO|Protect
|move|p2a: Kommo-o|Clanging Scales|p1a: DINOSAUVO|[spread] p1b
|-activate|p1a: DINOSAUVO|move: Protect
|-damage|p1b: LA GIRAFFA|9/100
|-enditem|p1b: LA GIRAFFA|Sitrus Berry|[eat]
|-heal|p1b: LA GIRAFFA|34/100|[from] item: Sitrus Berry
|-unboost|p2a: Kommo-o|def|1
|-damage|p2a: Kommo-o|61/100|[from] item: Life Orb
|move|p2b: Incineroar|Throat Chop|p1b: LA GIRAFFA
|-supereffective|p1b: LA GIRAFFA|1
|-damage|p1b: LA GIRAFFA|0 fnt
|faint|p1b: LA GIRAFFA
|
|upkeep
|
|t:|1784900686
|switch|p1b: Ninetales|Ninetales-Alola, L50, M|100/100
|-weather|Snowscape|[from] ability: Snow Warning|[of] p1b: Ninetales
|turn|7
|
|t:|1784900703
|switch|p2b: Glimmora|Glimmora, L50, F|100/100
|move|p2a: Kommo-o|Protect|p2a: Kommo-o
|-singleturn|p2a: Kommo-o|Protect
|move|p1a: DINOSAUVO|Rock Slide|p2b: Glimmora|[spread] p2b
|-activate|p2a: Kommo-o|move: Protect
|-damage|p2b: Glimmora|78/100
|-activate|p2b: Glimmora|ability: Toxic Debris
|-sidestart|p1: EvioExess|move: Toxic Spikes
|move|p1b: Ninetales|Blizzard|p2a: Kommo-o|[spread] p2b
|-activate|p2a: Kommo-o|move: Protect
|-damage|p2b: Glimmora|38/100
|
|-weather|Snowscape|[upkeep]
|upkeep
|turn|8
|
|t:|1784900724
|switch|p2a: Incineroar|Incineroar, L50, F|100/100
|-ability|p2a: Incineroar|Intimidate|boost
|-unboost|p1a: DINOSAUVO|atk|1
|-unboost|p1b: Ninetales|atk|1
|move|p2b: Glimmora|Spiky Shield|p2b: Glimmora
|-singleturn|p2b: Glimmora|move: Protect
|move|p1a: DINOSAUVO|Rock Slide|p2b: Glimmora|[spread] p2a
|-activate|p2b: Glimmora|move: Protect
|-supereffective|p2a: Incineroar|1
|-damage|p2a: Incineroar|70/100
|move|p1b: Ninetales|Blizzard|p2a: Incineroar|[spread] p2a
|-activate|p2b: Glimmora|move: Protect
|-resisted|p2a: Incineroar|1
|-damage|p2a: Incineroar|56/100
|
|-weather|Snowscape|[upkeep]
|upkeep
|turn|9
|
|t:|1784900742
|detailschange|p2b: Glimmora|Glimmora-Mega, L50, F
|-mega|p2b: Glimmora|Glimmora|Glimmoranite
|move|p1a: DINOSAUVO|Protect|p1a: DINOSAUVO
|-singleturn|p1a: DINOSAUVO|Protect
|move|p1b: Ninetales|Protect|p1b: Ninetales
|-singleturn|p1b: Ninetales|Protect
|move|p2a: Incineroar|Fake Out|p1a: DINOSAUVO
|-activate|p1a: DINOSAUVO|move: Protect
|move|p2b: Glimmora|Power Gem|p1b: Ninetales
|-activate|p1b: Ninetales|move: Protect
|
|-weather|Snowscape|[upkeep]
|upkeep
|turn|10
|
|t:|1784900760
|move|p2b: Glimmora|Spiky Shield|p2b: Glimmora
|-singleturn|p2b: Glimmora|move: Protect
|move|p1a: DINOSAUVO|Rock Slide|p2b: Glimmora|[spread] p2a
|-activate|p2b: Glimmora|move: Protect
|-supereffective|p2a: Incineroar|1
|-damage|p2a: Incineroar|28/100
|move|p1b: Ninetales|Moonblast|p2a: Incineroar
|-damage|p2a: Incineroar|0 fnt
|faint|p2a: Incineroar
|
|-weather|Snowscape|[upkeep]
|upkeep
|
|t:|1784900770
|switch|p2a: Kommo-o|Kommo-o, L50, M|61/100
|turn|11
|
|t:|1784900781
|move|p2a: Kommo-o|Protect|p2a: Kommo-o
|-singleturn|p2a: Kommo-o|Protect
|move|p1a: DINOSAUVO|Rock Slide|p2a: Kommo-o|[spread] p2b
|-activate|p2a: Kommo-o|move: Protect
|-damage|p2b: Glimmora|23/100
|move|p1b: Ninetales|Blizzard|p2a: Kommo-o|[spread] p2b
|-activate|p2a: Kommo-o|move: Protect
|-damage|p2b: Glimmora|0 fnt
|faint|p2b: Glimmora
|
|-weather|none
|upkeep
|turn|12
|
|t:|1784900794
|move|p1a: DINOSAUVO|Taunt|p2a: Kommo-o
|-start|p2a: Kommo-o|move: Taunt
|move|p1b: Ninetales|Moonblast|p2a: Kommo-o
|-supereffective|p2a: Kommo-o|2
|-damage|p2a: Kommo-o|0 fnt
|faint|p2a: Kommo-o
|
|win|EvioExess
||axelcm98 is ready for game 2.
||EvioExess is ready for game 2.
|uhtml|next|Next: Game 2 of 3
|l|☆axelcm98
|player|p2|
