|j|☆irluke
|j|☆arcaninebr 2.0
|html|irlukearcaninebr 2.0    
|uhtml|bestof|Game 1 of a best-of-3
|t:|1756505307
|gametype|doubles
|player|p1|irluke|n|1167
|player|p2|arcaninebr 2.0|169|1030
|gen|9
|tier|[Gen 9] VGC 2025 Reg H (Bo3)
|rated|
|rule|Species Clause: Limit one of each Pokémon
|rule|Item Clause: Limit 1 of each item
|clearpoke
|poke|p1|Amoonguss, L50, M|
|poke|p1|Incineroar, L50, M|
|poke|p1|Hydreigon, L50, F|
|poke|p1|Gholdengo, L50|
|poke|p1|Ursaluna, L50, F|
|poke|p1|Porygon2, L50|
|poke|p2|Arcanine, L50, F|
|poke|p2|Electabuzz, L50, M|
|poke|p2|Rillaboom, L50, F|
|poke|p2|Sneasler, L50, F|
|poke|p2|Annihilape, L50, M|
|poke|p2|Dragonite, L50, M|
|teampreview|4
|showteam|p1|Amoonguss||RockyHelmet|Regenerator|PollenPuff,Spore,RagePowder,Protect|||M|||50|,,,,,Fairy]Incineroar||AssaultVest|Intimidate|FakeOut,KnockOff,FlareBlitz,Uturn|||M|||50|,,,,,Ghost]Hydreigon||SafetyGoggles|Levitate|DracoMeteor,Snarl,Tailwind,Protect|||F|||50|,,,,,Ghost]Gholdengo||MetalCoat|GoodasGold|MakeItRain,ShadowBall,NastyPlot,Protect||||||50|,,,,,Water]Ursaluna||FlameOrb|Guts|Facade,HeadlongRush,Earthquake,Protect|||F|||50|,,,,,Ghost]Porygon2||Eviolite|Download|TeraBlast,IceBeam,Recover,TrickRoom||||||50|,,,,,Fighting
|showteam|p2|Arcanine||RockyHelmet|Intimidate|HeatWave,Snarl,Protect,WillOWisp|||F|||50|,,,,,Grass]Electabuzz||Eviolite|VitalSpirit|Protect,Taunt,Electroweb,FollowMe|||M|||50|,,,,,Electric]Rillaboom||AssaultVest|GrassySurge|WoodHammer,HighHorsepower,FakeOut,GrassyGlide|||F|||50|,,,,,Grass]Sneasler||GrassySeed|Unburden|CloseCombat,DireClaw,ThroatChop,FakeOut|||F|||50|,,,,,Dark]Annihilape||SafetyGoggles|Defiant|RageFist,CloseCombat,Taunt,Protect|||M|||50|,,,,,Fighting]Dragonite||LoadedDice|Multiscale|ScaleShot,ExtremeSpeed,StompingTantrum,Protect|||M|||50|,,,,,Normal
|inactive|Battle timer is ON: inactive players will automatically lose when time's up. (requested by irluke)
|
|t:|1756505333
|teamsize|p1|4
|teamsize|p2|4
|start
|switch|p1a: Porygon2|Porygon2, L50|100/100
|switch|p1b: Incineroar|Incineroar, L50, M, shiny|100/100
|switch|p2a: Rillaboom|Rillaboom, L50, F|100/100
|switch|p2b: Sneasler|Sneasler, L50, F|100/100
|-fieldstart|move: Grassy Terrain|[from] ability: Grassy Surge|[of] p2a: Rillaboom
|-enditem|p2b: Sneasler|Grassy Seed
|-boost|p2b: Sneasler|def|1|[from] item: Grassy Seed
|-ability|p1b: Incineroar|Intimidate|boost
|-unboost|p2a: Rillaboom|atk|1
|-unboost|p2b: Sneasler|atk|1
|-ability|p1a: Porygon2|Download|boost
|-boost|p1a: Porygon2|spa|1
|turn|1
|inactive|arcaninebr 2.0 has 30 seconds left.
|
|t:|1756505361
|switch|p1a: Amoonguss|Amoonguss, L50, M|100/100
|move|p2b: Sneasler|Fake Out|p1a: Amoonguss
|-damage|p1a: Amoonguss|92/100
|-damage|p2b: Sneasler|84/100|[from] item: Rocky Helmet|[of] p1a: Amoonguss
|move|p2a: Rillaboom|Fake Out|p1a: Amoonguss
|-damage|p1a: Amoonguss|83/100
|-damage|p2a: Rillaboom|84/100|[from] item: Rocky Helmet|[of] p1a: Amoonguss
|move|p1b: Incineroar|Flare Blitz|p2a: Rillaboom
|-supereffective|p2a: Rillaboom
|-damage|p2a: Rillaboom|0 fnt
|faint|p2a: Rillaboom
|-damage|p1b: Incineroar|76/100|[from] Recoil
|
|-heal|p2b: Sneasler|90/100|[from] Grassy Terrain
|-heal|p1b: Incineroar|82/100|[from] Grassy Terrain
|-heal|p1a: Amoonguss|89/100|[from] Grassy Terrain
|upkeep
|
|t:|1756505379
|switch|p2a: Electabuzz|Electabuzz, L50, M|100/100
|turn|2
|
|t:|1756505397
|switch|p2b: Arcanine|Arcanine, L50, F|100/100
|-ability|p2b: Arcanine|Intimidate|boost
|-unboost|p1a: Amoonguss|atk|1
|-unboost|p1b: Incineroar|atk|1
|move|p2a: Electabuzz|Taunt|p1a: Amoonguss
|-start|p1a: Amoonguss|move: Taunt
|move|p1b: Incineroar|Flare Blitz|p2b: Arcanine
|-resisted|p2b: Arcanine
|-damage|p2b: Arcanine|84/100
|-damage|p1b: Incineroar|66/100|[from] item: Rocky Helmet|[of] p2b: Arcanine
|-damage|p1b: Incineroar|60/100|[from] Recoil
|move|p1a: Amoonguss|Pollen Puff|p1b: Incineroar
|-heal|p1b: Incineroar|100/100
|
|-heal|p2b: Arcanine|90/100|[from] Grassy Terrain
|-heal|p1a: Amoonguss|95/100|[from] Grassy Terrain
|upkeep
|turn|3
|inactive|arcaninebr 2.0 has 30 seconds left.
|inactive|irluke has 30 seconds left.
|inactive|arcaninebr 2.0 has 20 seconds left.
|inactive|arcaninebr 2.0 has 15 seconds left.
|
|t:|1756505439
|switch|p1b: Ursaluna|Ursaluna, L50, F|100/100
|move|p2b: Arcanine|Protect|p2b: Arcanine
|-singleturn|p2b: Arcanine|Protect
|move|p2a: Electabuzz|Electroweb|p1b: Ursaluna|[spread] p1a
|-immune|p1b: Ursaluna
|-resisted|p1a: Amoonguss
|-damage|p1a: Amoonguss|89/100
|-unboost|p1a: Amoonguss|spe|1
|move|p1a: Amoonguss|Pollen Puff|p1b: Ursaluna
|
|-heal|p2b: Arcanine|96/100|[from] Grassy Terrain
|-heal|p1a: Amoonguss|95/100|[from] Grassy Terrain
|-status|p1b: Ursaluna|brn|[from] item: Flame Orb
|upkeep
|turn|4
|inactive|arcaninebr 2.0 has 30 seconds left.
|
|t:|1756505468
|switch|p2b: Sneasler|Sneasler, L50, F|90/100
|switch|p1b: Porygon2|Porygon2, L50|100/100
|-ability|p1b: Porygon2|Download|boost
|-boost|p1b: Porygon2|atk|1
|switch|p1a: Incineroar|Incineroar, L50, M, shiny|100/100
|-ability|p1a: Incineroar|Intimidate|boost
|-unboost|p2a: Electabuzz|atk|1
|-unboost|p2b: Sneasler|atk|1
|move|p2a: Electabuzz|Follow Me|p2a: Electabuzz
|-singleturn|p2a: Electabuzz|move: Follow Me
|
|-heal|p2b: Sneasler|95/100|[from] Grassy Terrain
|upkeep
|turn|5
|
|t:|1756505488
|switch|p2a: Arcanine|Arcanine, L50, F|96/100
|-ability|p2a: Arcanine|Intimidate|boost
|-unboost|p1a: Incineroar|atk|1
|-unboost|p1b: Porygon2|atk|1
|switch|p1b: Amoonguss|Amoonguss, L50, M|100/100
|move|p1a: Incineroar|Fake Out|p2a: Arcanine
|-damage|p2a: Arcanine|88/100
|-damage|p1a: Incineroar|84/100|[from] item: Rocky Helmet|[of] p2a: Arcanine
|move|p2b: Sneasler|Close Combat|p1b: Amoonguss
|-resisted|p1b: Amoonguss
|-damage|p1b: Amoonguss|82/100
|-unboost|p2b: Sneasler|def|1
|-unboost|p2b: Sneasler|spd|1
|-damage|p2b: Sneasler|79/100|[from] item: Rocky Helmet|[of] p1b: Amoonguss
|
|-heal|p2b: Sneasler|84/100|[from] Grassy Terrain
|-heal|p2a: Arcanine|94/100|[from] Grassy Terrain
|-heal|p1a: Incineroar|90/100|[from] Grassy Terrain
|-heal|p1b: Amoonguss|88/100|[from] Grassy Terrain
|-fieldend|move: Grassy Terrain
|upkeep
|turn|6
|
|t:|1756505508
|switch|p2b: Electabuzz|Electabuzz, L50, M|100/100
|switch|p1a: Porygon2|Porygon2, L50|100/100
|-ability|p1a: Porygon2|Download|boost
|-boost|p1a: Porygon2|spa|1
|move|p2a: Arcanine|Protect|p2a: Arcanine
|-singleturn|p2a: Arcanine|Protect
|move|p1b: Amoonguss|Protect||[still]
|-fail|p1b: Amoonguss
|
|upkeep
|turn|7
|
|t:|1756505530
|move|p1b: Amoonguss|Rage Powder|p1b: Amoonguss
|-singleturn|p1b: Amoonguss|move: Rage Powder
|move|p2b: Electabuzz|Taunt|p1b: Amoonguss
|-start|p1b: Amoonguss|move: Taunt
|move|p2a: Arcanine|Heat Wave|p1a: Porygon2|[spread] p1a,p1b
|-supereffective|p1b: Amoonguss
|-damage|p1a: Porygon2|83/100
|-damage|p1b: Amoonguss|35/100
|move|p1a: Porygon2|Trick Room|p1a: Porygon2
|-fieldstart|move: Trick Room|[of] p1a: Porygon2
|
|upkeep
|turn|8
|
|t:|1756505553
|switch|p1b: Incineroar|Incineroar, L50, M, shiny|90/100
|-ability|p1b: Incineroar|Intimidate|boost
|-unboost|p2a: Arcanine|atk|1
|-unboost|p2b: Electabuzz|atk|1
|switch|p1a: Ursaluna|Ursaluna, L50, F|100/100 brn
|move|p2a: Arcanine|Protect|p2a: Arcanine
|-singleturn|p2a: Arcanine|Protect
|move|p2b: Electabuzz|Protect||[still]
|-fail|p2b: Electabuzz
|
|-damage|p1a: Ursaluna|95/100 brn|[from] brn
|upkeep
|turn|9
|
|t:|1756505571
|switch|p1b: Amoonguss|Amoonguss, L50, M|68/100
|switch|p2a: Sneasler|Sneasler, L50, F|84/100
|move|p2b: Electabuzz|Protect|p2b: Electabuzz
|-singleturn|p2b: Electabuzz|Protect
|move|p1a: Ursaluna|Earthquake|p2b: Electabuzz|[spread] p1b,p2a
|-activate|p2b: Electabuzz|move: Protect
|-supereffective|p2a: Sneasler
|-damage|p1b: Amoonguss|14/100
|-damage|p2a: Sneasler|0 fnt
|faint|p2a: Sneasler
|
|-damage|p1a: Ursaluna|89/100 brn|[from] brn
|upkeep
|
|t:|1756505582
|switch|p2a: Arcanine|Arcanine, L50, F|94/100
|-ability|p2a: Arcanine|Intimidate|boost
|-unboost|p1a: Ursaluna|atk|1
|-unboost|p1b: Amoonguss|atk|1
|turn|10
|
|t:|1756505592
|move|p1b: Amoonguss|Protect|p1b: Amoonguss
|-singleturn|p1b: Amoonguss|Protect
|move|p1a: Ursaluna|Facade|p2a: Arcanine
|-damage|p2a: Arcanine|18/100
|-damage|p1a: Ursaluna|72/100 brn|[from] item: Rocky Helmet|[of] p2a: Arcanine
|move|p2a: Arcanine|Heat Wave|p1a: Ursaluna|[spread] p1a
|-activate|p1b: Amoonguss|move: Protect
|-damage|p1a: Ursaluna|44/100 brn
|move|p2b: Electabuzz|Electroweb|p1b: Amoonguss|[spread] 
|-activate|p1b: Amoonguss|move: Protect
|-immune|p1a: Ursaluna
|
|-damage|p1a: Ursaluna|38/100 brn|[from] brn
|upkeep
|turn|11
|
|t:|1756505610
|move|p1b: Amoonguss|Pollen Puff|p1a: Ursaluna
|-heal|p1a: Ursaluna|87/100 brn
|move|p1a: Ursaluna|Earthquake|p2b: Electabuzz|[spread] p1b,p2a,p2b
|-supereffective|p2a: Arcanine
|-supereffective|p2b: Electabuzz
|-damage|p1b: Amoonguss|0 fnt
|-damage|p2a: Arcanine|0 fnt
|-damage|p2b: Electabuzz|34/100
|faint|p1b: Amoonguss
|faint|p2a: Arcanine
|move|p2b: Electabuzz|Taunt|p1a: Ursaluna
|-start|p1a: Ursaluna|move: Taunt
|
|-damage|p1a: Ursaluna|82/100 brn|[from] brn
|-fieldend|move: Trick Room
|upkeep
|
|t:|1756505617
|switch|p1b: Incineroar|Incineroar, L50, M, shiny|90/100
|-ability|p1b: Incineroar|Intimidate|boost
|-unboost|p2b: Electabuzz|atk|1
|turn|12
|
|t:|1756505634
|switch|p1b: Porygon2|Porygon2, L50|83/100
|-ability|p1b: Porygon2|Download|boost
|-boost|p1b: Porygon2|spa|1
|move|p2b: Electabuzz|Electroweb|p1a: Ursaluna|[spread] p1b
|-immune|p1a: Ursaluna
|-damage|p1b: Porygon2|75/100
|-unboost|p1b: Porygon2|spe|1
|move|p1a: Ursaluna|Facade|p2b: Electabuzz
|-damage|p2b: Electabuzz|0 fnt
|faint|p2b: Electabuzz
|
|win|irluke
||irluke is ready for game 2.
|inactive|arcaninebr 2.0 has 30 seconds to confirm battle start!
||arcaninebr 2.0 is ready for game 2.
|uhtml|next|Next: Game 2 of 3
|l|☆arcaninebr 2.0
|player|p2|
