|j|☆new mental
|j|☆KKirby
|html|new mentalKKirby    
|uhtml|bestof|Game 2 of a best-of-3
|t:|1786130534
|gametype|doubles
|player|p1|new mental|volkner|1160
|player|p2|KKirby|benga|1220
|gen|9
|tier|[Gen 9 Champions] VGC 2026 Reg M-B (Bo3)
|rated|
|rule|Species Clause: Limit one of each Pokémon
|rule|Item Clause: Limit 1 of each item
|clearpoke
|poke|p1|Charizard, L50, F|
|poke|p1|Garchomp, L50, F|
|poke|p1|Incineroar, L50, M|
|poke|p1|Venusaur, L50, M|
|poke|p1|Toxapex, L50, F|
|poke|p1|Sylveon, L50, M|
|poke|p2|Aerodactyl, L50, M|
|poke|p2|Gholdengo, L50|
|poke|p2|Garchomp, L50, F|
|poke|p2|Incineroar, L50, F|
|poke|p2|Farigiraf, L50, F|
|poke|p2|Crabominable, L50, F|
|teampreview|4
|showteam|p1|Charizard||CharizarditeY|Blaze|WeatherBall,HeatWave,AncientPower,Protect|Modest||F|||50|]Garchomp||ChoiceScarf|RoughSkin|RockSlide,DragonClaw,Earthquake,StompingTantrum|Adamant||F|||50|]Incineroar||SitrusBerry|Intimidate|FlareBlitz,FakeOut,DarkestLariat,PartingShot|Impish||M|||50|]Venusaur||LifeOrb|Chlorophyll|SludgeBomb,LeafStorm,EarthPower,Protect|Modest||M|||50|]Toxapex||Leftovers|Regenerator|Infestation,Toxic,WideGuard,BanefulBunker|Bold||F|||50|]Sylveon||FairyFeather|Pixilate|HyperVoice,QuickAttack,Yawn,Detect|Modest||M|||50|
|showteam|p2|Aerodactyl||Aerodactylite|RockHead|RockSlide,IceFang,DualWingbeat,Tailwind|Jolly||M|||50|]Gholdengo||ColburBerry|GoodasGold|NastyPlot,ShadowBall,MakeItRain,Protect|Modest|||||50|]Garchomp||LifeOrb|RoughSkin|StompingTantrum,DragonClaw,Earthquake,Protect|Jolly||F|||50|]Incineroar||Charcoal|Intimidate|FakeOut,FlareBlitz,ThroatChop,PartingShot|Adamant||F|||50|]Farigiraf||SitrusBerry|ArmorTail|HyperVoice,Thunderbolt,TrickRoom,Protect|Quiet||F|||50|]Crabominable||Crabominite|IronFist|DrainPunch,IceHammer,MachPunch,Protect|Brave||F|||50|
|inactive|Battle timer is ON: inactive players will automatically lose when time's up. (requested by KKirby)
|inactive|new mental has 60 seconds left.
|
|t:|1786130566
|teamsize|p1|4
|teamsize|p2|4
|start
|switch|p1a: Incineroar|Incineroar, L50, M|100/100
|switch|p1b: Toxapex|Toxapex, L50, F|100/100
|switch|p2a: Incineroar|Incineroar, L50, F|100/100
|switch|p2b: Garchomp|Garchomp, L50, F|100/100
|-ability|p2a: Incineroar|Intimidate|boost
|-unboost|p1a: Incineroar|atk|1
|-unboost|p1b: Toxapex|atk|1
|-ability|p1a: Incineroar|Intimidate|boost
|-unboost|p2a: Incineroar|atk|1
|-unboost|p2b: Garchomp|atk|1
|turn|1
|
|t:|1786130583
|switch|p2b: Gholdengo|Gholdengo, L50|100/100
|move|p1a: Incineroar|Fake Out|p2a: Incineroar
|-damage|p2a: Incineroar|92/100
|cant|p2a: Incineroar|flinch
|move|p1b: Toxapex|Infestation|p2b: Gholdengo
|-resisted|p2b: Gholdengo|2
|-damage|p2b: Gholdengo|99/100
|-activate|p2b: Gholdengo|move: Infestation|[of] p1b: Toxapex
|
|-damage|p2b: Gholdengo|87/100|[from] move: Infestation|[partiallytrapped]
|upkeep
|turn|2
|
|t:|1786130603
|switch|p2b: Garchomp|Garchomp, L50, F|100/100
|move|p2a: Incineroar|Parting Shot|p1a: Incineroar
|-unboost|p1a: Incineroar|atk|1
|-unboost|p1a: Incineroar|spa|1
|
|t:|1786130608
|switch|p2a: Gholdengo|Gholdengo, L50|87/100|[from] Parting Shot
|move|p1a: Incineroar|Parting Shot|p2a: Gholdengo
|-immune|p2a: Gholdengo|[from] ability: Good as Gold
|move|p1b: Toxapex|Toxic|p2a: Gholdengo
|-immune|p2a: Gholdengo|[from] ability: Good as Gold
|
|upkeep
|turn|3
|
|t:|1786130630
|switch|p1a: Sylveon|Sylveon, L50, M|100/100
|move|p1b: Toxapex|Baneful Bunker|p1b: Toxapex
|-singleturn|p1b: Toxapex|move: Protect
|move|p2b: Garchomp|Stomping Tantrum|p1a: Sylveon
|-damage|p1a: Sylveon|47/100
|-damage|p2b: Garchomp|90/100|[from] item: Life Orb
|move|p2a: Gholdengo|Nasty Plot|p2a: Gholdengo
|-boost|p2a: Gholdengo|spa|2
|
|upkeep
|turn|4
|
|t:|1786130641
|switch|p1a: Incineroar|Incineroar, L50, M|100/100
|-ability|p1a: Incineroar|Intimidate|boost
|-unboost|p2a: Gholdengo|atk|1
|-unboost|p2b: Garchomp|atk|1
|move|p2b: Garchomp|Stomping Tantrum|p1a: Incineroar
|-supereffective|p1a: Incineroar|1
|-damage|p1a: Incineroar|52/100
|-damage|p2b: Garchomp|80/100|[from] item: Life Orb
|move|p2a: Gholdengo|Shadow Ball|p1b: Toxapex
|-damage|p1b: Toxapex|31/100
|move|p1b: Toxapex|Toxic|p2b: Garchomp
|-status|p2b: Garchomp|tox
|
|-heal|p1b: Toxapex|36/100|[from] item: Leftovers
|-damage|p2b: Garchomp|74/100 tox|[from] psn
|upkeep
|turn|5
|
|t:|1786130662
|-heal|p1b: Toxapex|70/100|[from] ability: Regenerator|[silent]
|switch|p1b: Sylveon|Sylveon, L50, M|47/100
|move|p1a: Incineroar|Fake Out|p2b: Garchomp
|-damage|p2b: Garchomp|63/100 tox
|-damage|p1a: Incineroar|40/100|[from] ability: Rough Skin|[of] p2b: Garchomp
|-enditem|p1a: Incineroar|Sitrus Berry|[eat]
|-heal|p1a: Incineroar|64/100|[from] item: Sitrus Berry
|cant|p2b: Garchomp|flinch
|move|p2a: Gholdengo|Shadow Ball|p1a: Incineroar
|-resisted|p1a: Incineroar|1
|-damage|p1a: Incineroar|21/100
|
|-damage|p2b: Garchomp|51/100 tox|[from] psn
|upkeep
|turn|6
|
|t:|1786130686
|switch|p1a: Charizard|Charizard, L50, F|100/100
|move|p2b: Garchomp|Dragon Claw|p1a: Charizard
|-damage|p1a: Charizard|60/100
|-damage|p2b: Garchomp|41/100 tox|[from] item: Life Orb
|move|p2a: Gholdengo|Shadow Ball|p1b: Sylveon
|-damage|p1b: Sylveon|0 fnt
|faint|p1b: Sylveon
|
|-damage|p2b: Garchomp|23/100 tox|[from] psn
|upkeep
|
|t:|1786130696
|switch|p1b: Incineroar|Incineroar, L50, M|21/100
|-ability|p1b: Incineroar|Intimidate|boost
|-unboost|p2a: Gholdengo|atk|1
|-unboost|p2b: Garchomp|atk|1
|turn|7
|
|t:|1786130710
|detailschange|p1a: Charizard|Charizard-Mega-Y, L50, F
|-mega|p1a: Charizard|Charizard|Charizardite Y
|-weather|SunnyDay|[from] ability: Drought|[of] p1a: Charizard
|move|p2a: Gholdengo|Protect|p2a: Gholdengo
|-singleturn|p2a: Gholdengo|Protect
|move|p1b: Incineroar|Fake Out|p2b: Garchomp
|-damage|p2b: Garchomp|12/100 tox
|-damage|p1b: Incineroar|9/100|[from] ability: Rough Skin|[of] p2b: Garchomp
|cant|p2b: Garchomp|flinch
|move|p1a: Charizard|Heat Wave|p2a: Gholdengo|[spread] p2b
|-activate|p2a: Gholdengo|move: Protect
|-resisted|p2b: Garchomp|1
|-damage|p2b: Garchomp|0 fnt
|faint|p2b: Garchomp
|
|-weather|SunnyDay|[upkeep]
|upkeep
|
|t:|1786130718
|switch|p2b: Aerodactyl|Aerodactyl, L50, M|100/100
|turn|8
|
|t:|1786130732
|detailschange|p2b: Aerodactyl|Aerodactyl-Mega, L50, M
|-mega|p2b: Aerodactyl|Aerodactyl|Aerodactylite
|move|p2b: Aerodactyl|Rock Slide|p1a: Charizard|[spread] p1b
|-miss|p2b: Aerodactyl|p1a: Charizard
|-supereffective|p1b: Incineroar|1
|-damage|p1b: Incineroar|0 fnt
|faint|p1b: Incineroar
|move|p1a: Charizard|Heat Wave|p2b: Aerodactyl|[spread] p2a,p2b
|-supereffective|p2a: Gholdengo|1
|-resisted|p2b: Aerodactyl|1
|-damage|p2a: Gholdengo|0 fnt
|-damage|p2b: Aerodactyl|60/100
|faint|p2a: Gholdengo
|
|-weather|SunnyDay|[upkeep]
|upkeep
|
|t:|1786130740
|switch|p2a: Incineroar|Incineroar, L50, F|92/100
|switch|p1b: Toxapex|Toxapex, L50, F|70/100
|-ability|p2a: Incineroar|Intimidate|boost
|-unboost|p1a: Charizard|atk|1
|-unboost|p1b: Toxapex|atk|1
|turn|9
|
|t:|1786130750
|move|p2a: Incineroar|Fake Out|p1a: Charizard
|-damage|p1a: Charizard|46/100
|move|p1b: Toxapex|Wide Guard|p1b: Toxapex
|-singleturn|p1b: Toxapex|Wide Guard
|move|p2b: Aerodactyl|Dual Wingbeat|p1a: Charizard
|-damage|p1a: Charizard|15/100
|-damage|p1a: Charizard|0 fnt
|faint|p1a: Charizard
|-hitcount|p1: Charizard|2
|
|-weather|SunnyDay|[upkeep]
|-heal|p1b: Toxapex|75/100|[from] item: Leftovers
|upkeep
|turn|10
|
|t:|1786130767
|move|p2b: Aerodactyl|Dual Wingbeat|p1b: Toxapex
|-damage|p1b: Toxapex|56/100
|-damage|p1b: Toxapex|38/100
|-hitcount|p1b: Toxapex|2
|move|p2a: Incineroar|Flare Blitz|p1b: Toxapex
|-resisted|p1b: Toxapex|1
|-damage|p1b: Toxapex|0 fnt
|faint|p1b: Toxapex
|-damage|p2a: Incineroar|82/100|[from] Recoil
|
|win|KKirby
|raw|new mental's rating: 1160 → 1139(-21 for losing)
|raw|KKirby's rating: 1220 → 1241(+21 for winning)
