|j|☆tessa scarlet
|j|☆bennoVGC
|html|tessa scarletbennoVGC    
|uhtml|bestof|Game 3 of a best-of-3
|t:|1755893801
|gametype|doubles
|player|p1|tessa scarlet|169|1412
|player|p2|bennoVGC|266|1416
|gen|9
|tier|[Gen 9] VGC 2025 Reg H (Bo3)
|rated|
|rule|Species Clause: Limit one of each Pokémon
|rule|Item Clause: Limit 1 of each item
|clearpoke
|poke|p1|Sneasler, L50, F|
|poke|p1|Indeedee, L50, M|
|poke|p1|Volcarona, L50, M|
|poke|p1|Ursaluna-Bloodmoon, L50, M|
|poke|p1|Annihilape, L50, F|
|poke|p1|Tyranitar, L50, M|
|poke|p2|Ursaluna, L50, M|
|poke|p2|Kilowattrel, L50, F|
|poke|p2|Gholdengo, L50|
|poke|p2|Incineroar, L50, M|
|poke|p2|Amoonguss, L50, M|
|poke|p2|Porygon2, L50|
|teampreview|4
|showteam|p1|Sneasler||PsychicSeed|Unburden|CloseCombat,DireClaw,ThroatChop,Protect|||F|||50|,,,,,Dark]Indeedee||ChoiceScarf|PsychicSurge|ExpandingForce,TeraBlast,Trick,Protect|||M|||50|,,,,,Psychic]Volcarona||SitrusBerry|FlameBody|Overheat,StruggleBug,RagePowder,Tailwind|||M|||50|,,,,,Grass]Ursaluna-Bloodmoon||LifeOrb|MindsEye|BloodMoon,HyperVoice,EarthPower,Protect|||M|||50|,,,,,Normal]Annihilape||SafetyGoggles|Defiant|CloseCombat,RageFist,Taunt,FinalGambit|||F|||50|,,,,,Fairy]Tyranitar||AssaultVest|SandStream|RockSlide,KnockOff,TeraBlast,LowKick|||M|||50|,,,,,Flying
|showteam|p2|Ursaluna||FlameOrb|Guts|Facade,HeadlongRush,Earthquake,Protect|||M|||50|,,,,,Fairy]Kilowattrel||FocusSash|Competitive|Thunderbolt,AirSlash,Tailwind,Protect|||F|||50|,,,,,Ghost]Gholdengo||LifeOrb|GoodasGold|MakeItRain,ShadowBall,NastyPlot,Protect||||||50|,,,,,Dragon]Incineroar||AssaultVest|Intimidate|KnockOff,FlareBlitz,Uturn,FakeOut|||M|||50|,,,,,Grass]Amoonguss||MentalHerb|Regenerator|Spore,RagePowder,ClearSmog,Protect|||M|||50|,,,,,Fairy]Porygon2||Eviolite|Download|TeraBlast,IceBeam,Recover,TrickRoom||||||50|,,,,,Fairy
|inactive|Battle timer is ON: inactive players will automatically lose when time's up. (requested by bennoVGC)
|
|t:|1755893849
|teamsize|p1|4
|teamsize|p2|4
|start
|switch|p1a: Indeedee|Indeedee, L50, M|100/100
|switch|p1b: Sneasler|Sneasler, L50, F|100/100
|switch|p2a: Dinko|Ursaluna, L50, M|100/100
|switch|p2b: Big Bird|Kilowattrel, L50, F|100/100
|-fieldstart|move: Psychic Terrain|[from] ability: Psychic Surge|[of] p1a: Indeedee
|-enditem|p1b: Sneasler|Psychic Seed
|-boost|p1b: Sneasler|spd|1|[from] item: Psychic Seed
|turn|1
|inactive|tessa scarlet has 30 seconds left.
|inactive|bennoVGC has 30 seconds left.
|
|t:|1755893875
|switch|p2a: Pumpy the Grumpy|Incineroar, L50, M, shiny|100/100
|-ability|p2a: Pumpy the Grumpy|Intimidate|boost
|-unboost|p1a: Indeedee|atk|1
|-unboost|p1b: Sneasler|atk|1
|move|p2b: Big Bird|Protect|p2b: Big Bird
|-singleturn|p2b: Big Bird|Protect
|move|p1b: Sneasler|Dire Claw|p2a: Pumpy the Grumpy
|-damage|p2a: Pumpy the Grumpy|71/100
|-status|p2a: Pumpy the Grumpy|psn
|move|p1a: Indeedee|Expanding Force|p2a: Pumpy the Grumpy|[spread] 
|-activate|p2b: Big Bird|move: Protect
|-immune|p2a: Pumpy the Grumpy
|
|-damage|p2a: Pumpy the Grumpy|59/100 psn|[from] psn
|upkeep
|turn|2
|inactive|bennoVGC has 30 seconds left.
|
|t:|1755893903
|switch|p2b: Mr Worldwide|Gholdengo, L50|100/100
|move|p1b: Sneasler|Dire Claw|p2b: Mr Worldwide
|-immune|p2b: Mr Worldwide
|move|p1a: Indeedee|Expanding Force|p2b: Mr Worldwide|[spread] p2b
|-immune|p2a: Pumpy the Grumpy
|-resisted|p2b: Mr Worldwide
|-damage|p2b: Mr Worldwide|69/100
|move|p2a: Pumpy the Grumpy|U-turn|p1a: Indeedee
|-supereffective|p1a: Indeedee
|-damage|p1a: Indeedee|11/100
|
|t:|1755893919
|switch|p2a: Big Bird|Kilowattrel, L50, F|100/100|[from] U-turn
|
|upkeep
|turn|3
|inactive|bennoVGC has 30 seconds left.
|
|t:|1755893952
|switch|p2b: Pumpy the Grumpy|Incineroar, L50, M, shiny|59/100 psn
|-ability|p2b: Pumpy the Grumpy|Intimidate|boost
|-unboost|p1a: Indeedee|atk|1
|-unboost|p1b: Sneasler|atk|1
|move|p2a: Big Bird|Protect|p2a: Big Bird
|-singleturn|p2a: Big Bird|Protect
|move|p1b: Sneasler|Dire Claw|p2a: Big Bird
|-activate|p2a: Big Bird|move: Protect
|move|p1a: Indeedee|Expanding Force|p2a: Big Bird|[spread] 
|-activate|p2a: Big Bird|move: Protect
|-immune|p2b: Pumpy the Grumpy
|
|-damage|p2b: Pumpy the Grumpy|47/100 psn|[from] psn
|upkeep
|turn|4
|
|t:|1755893969
|move|p1b: Sneasler|Dire Claw|p2a: Big Bird
|-damage|p2a: Big Bird|59/100
|-status|p2a: Big Bird|slp
|move|p1a: Indeedee|Expanding Force|p2b: Pumpy the Grumpy|[spread] p2a
|-immune|p2b: Pumpy the Grumpy
|-damage|p2a: Big Bird|0 fnt
|faint|p2a: Big Bird
|move|p2b: Pumpy the Grumpy|U-turn|p1a: Indeedee
|-supereffective|p1a: Indeedee
|-damage|p1a: Indeedee|0 fnt
|faint|p1a: Indeedee
|
|t:|1755893986
|switch|p2b: Mr Worldwide|Gholdengo, L50|69/100|[from] U-turn
|
|upkeep
|
|t:|1755893989
|switch|p2a: Pumpy the Grumpy|Incineroar, L50, M, shiny|47/100 psn
|switch|p1a: Annihilape|Annihilape, L50, F|100/100
|-ability|p2a: Pumpy the Grumpy|Intimidate|boost
|-unboost|p1a: Annihilape|atk|1
|-ability|p1a: Annihilape|Defiant|boost
|-boost|p1a: Annihilape|atk|2
|-unboost|p1b: Sneasler|atk|1
|turn|5
|
|t:|1755894007
|-terastallize|p2b: Mr Worldwide|Dragon
|move|p1b: Sneasler|Close Combat|p2a: Pumpy the Grumpy
|-supereffective|p2a: Pumpy the Grumpy
|-damage|p2a: Pumpy the Grumpy|0 fnt
|-unboost|p1b: Sneasler|def|1
|-unboost|p1b: Sneasler|spd|1
|faint|p2a: Pumpy the Grumpy
|move|p1a: Annihilape|Rage Fist|p2b: Mr Worldwide
|-damage|p2b: Mr Worldwide|40/100
|move|p2b: Mr Worldwide|Make It Rain|p1a: Annihilape|[spread] p1a,p1b
|-damage|p1a: Annihilape|52/100
|-damage|p1b: Sneasler|20/100
|-unboost|p2b: Mr Worldwide|spa|1
|-damage|p2b: Mr Worldwide|31/100|[from] item: Life Orb
|
|-fieldend|move: Psychic Terrain
|upkeep
|
|t:|1755894022
|switch|p2a: Dinko|Ursaluna, L50, M|100/100
|turn|6
|inactive|tessa scarlet has 30 seconds left.
|inactive|tessa scarlet has 20 seconds left.
|inactive|tessa scarlet has 15 seconds left.
|
|t:|1755894065
|move|p2a: Dinko|Protect|p2a: Dinko
|-singleturn|p2a: Dinko|Protect
|move|p1b: Sneasler|Close Combat|p2b: Mr Worldwide
|-damage|p2b: Mr Worldwide|2/100
|-unboost|p1b: Sneasler|def|1
|-unboost|p1b: Sneasler|spd|1
|move|p1a: Annihilape|Close Combat|p2a: Dinko
|-activate|p2a: Dinko|move: Protect
|move|p2b: Mr Worldwide|Make It Rain|p1b: Sneasler|[spread] p1a,p1b
|-damage|p1a: Annihilape|20/100
|-damage|p1b: Sneasler|0 fnt
|-unboost|p2b: Mr Worldwide|spa|1
|faint|p1b: Sneasler
|-damage|p2b: Mr Worldwide|0 fnt|[from] item: Life Orb
|faint|p2b: Mr Worldwide
|
|-status|p2a: Dinko|brn|[from] item: Flame Orb
|upkeep
|
|t:|1755894068
|switch|p1b: Ursaluna|Ursaluna-Bloodmoon, L50, M|100/100
|turn|7
|
|t:|1755894081
|-terastallize|p1b: Ursaluna|Normal
|move|p1a: Annihilape|Close Combat|p2a: Dinko
|-supereffective|p2a: Dinko
|-damage|p2a: Dinko|0 fnt
|-unboost|p1a: Annihilape|def|1
|-unboost|p1a: Annihilape|spd|1
|faint|p2a: Dinko
|
|win|tessa scarlet
|raw|tessa scarlet's rating: 1412 → 1432(+20 for winning)
|raw|bennoVGC's rating: 1416 → 1396(-20 for losing)
|l|☆bennoVGC
|player|p2|
