|j|☆DuckDuckGustaf
|j|☆BlackStag52
|html|DuckDuckGustafBlackStag52    
|uhtml|bestof|Game 2 of a best-of-3
|t:|1756385763
|gametype|doubles
|player|p1|DuckDuckGustaf|worker|
|player|p2|BlackStag52|swimmerf|
|gen|9
|tier|[Gen 9] VGC 2025 Reg H (Bo3)
|rule|Species Clause: Limit one of each Pokémon
|rule|Item Clause: Limit 1 of each item
|clearpoke
|poke|p1|Politoed, L50, M|
|poke|p1|Gothitelle, L50, F|
|poke|p1|Kingdra, L50, F|
|poke|p1|Incineroar, L50, M|
|poke|p1|Amoonguss, L50, M|
|poke|p1|Archaludon, L50, M|
|poke|p2|Kingambit, L50, M|
|poke|p2|Gallade, L50, M|
|poke|p2|Indeedee-F, L50, F|
|poke|p2|Annihilape, L50, F|
|poke|p2|Hatterene, L50, F|
|poke|p2|Torkoal, L50, M|
|teampreview|4
|showteam|p1|Politoed||Leftovers|Drizzle|Protect,WeatherBall,PerishSong,HelpingHand|||M|||50|,,,,,Grass]Gothitelle||SitrusBerry|ShadowTag|Protect,TrickRoom,Psychic,FakeOut|||F|||50|,,,,,Dark]Kingdra||LifeOrb|SwiftSwim|Protect,DracoMeteor,WeatherBall,MuddyWater|||F|||50|,,,,,Stellar]Incineroar||SafetyGoggles|Intimidate|FakeOut,KnockOff,PartingShot,Protect|||M|||50|,,,,,Ghost]Amoonguss||EjectButton|Regenerator|Protect,RagePowder,Spore,PollenPuff|||M|||50|,,,,,Fairy]Archaludon||PowerHerb|Sturdy|Protect,ElectroShot,DragonPulse,FlashCannon|||M|||50|,,,,,Electric
|showteam|p2|Kingambit||BlackGlasses|Defiant|KowtowCleave,SuckerPunch,Protect,SwordsDance|||M|||50|,,,,,Psychic]Gallade||ClearAmulet|Sharpness|SacredSword,TrickRoom,PsychoCut,WideGuard|||M|||50|,,,,,Dark]Indeedee-F||PsychicSeed|PsychicSurge|TrickRoom,FollowMe,HelpingHand,HyperVoice|||F|||50|,,,,,Fairy]Annihilape||ChoiceScarf|Defiant|FinalGambit,Coaching,HelpingHand,Counter|||F|||50|,,,,,Fighting]Hatterene||CovertCloak|MagicBounce|ExpandingForce,TrickRoom,DazzlingGleam,MysticalFire|||F|||50|,,,,,Fire]Torkoal||ChoiceSpecs|Drought|Eruption,Overheat,WeatherBall,EarthPower|||M|||50|,,,,,Fire
|
|t:|1756385782
|teamsize|p1|4
|teamsize|p2|4
|start
|switch|p1a: Gothitelle|Gothitelle, L50, F|100/100
|switch|p1b: Incineroar|Incineroar, L50, M|100/100
|switch|p2a: Annihilape|Annihilape, L50, F|100/100
|switch|p2b: Hatterene|Hatterene, L50, F|100/100
|-ability|p1b: Incineroar|Intimidate|boost
|-unboost|p2a: Annihilape|atk|1
|-ability|p2a: Annihilape|Defiant|boost
|-boost|p2a: Annihilape|atk|2
|-unboost|p2b: Hatterene|atk|1
|turn|1
|
|t:|1756385835
|switch|p1b: Politoed|Politoed, L50, M|100/100
|-weather|RainDance|[from] ability: Drizzle|[of] p1b: Politoed
|move|p1a: Gothitelle|Fake Out|p2b: Hatterene
|-damage|p2b: Hatterene|94/100
|move|p2a: Annihilape|Final Gambit|p1b: Politoed
|-damage|p1b: Politoed|0 fnt
|faint|p2a: Annihilape
|faint|p1b: Politoed
|move|p2b: Hatterene|Trick Room|p2b: Hatterene
|-fieldstart|move: Trick Room|[of] p2b: Hatterene
|
|-weather|RainDance|[upkeep]
|upkeep
|
|t:|1756385854
|switch|p1b: Kingdra|Kingdra, L50, F|100/100
|switch|p2a: Torkoal|Torkoal, L50, M|100/100
|-weather|SunnyDay|[from] ability: Drought|[of] p2a: Torkoal
|turn|2
|
|t:|1756385879
|switch|p1a: Incineroar|Incineroar, L50, M|100/100
|-ability|p1a: Incineroar|Intimidate|boost
|-unboost|p2a: Torkoal|atk|1
|-unboost|p2b: Hatterene|atk|1
|-terastallize|p2a: Torkoal|Fire
|move|p1b: Kingdra|Protect|p1b: Kingdra
|-singleturn|p1b: Kingdra|Protect
|move|p2a: Torkoal|Eruption|p1b: Kingdra|[spread] p1a
|-activate|p1b: Kingdra|move: Protect
|-resisted|p1a: Incineroar
|-damage|p1a: Incineroar|47/100
|move|p2b: Hatterene|Dazzling Gleam|p1a: Incineroar|[spread] p1a
|-activate|p1b: Kingdra|move: Protect
|-damage|p1a: Incineroar|22/100
|
|-weather|SunnyDay|[upkeep]
|upkeep
|turn|3
|
|t:|1756385910
|switch|p1b: Gothitelle|Gothitelle, L50, F|100/100
|move|p1a: Incineroar|Fake Out|p2a: Torkoal
|-damage|p2a: Torkoal|93/100
|cant|p2a: Torkoal|flinch
|move|p2b: Hatterene|Dazzling Gleam|p1a: Incineroar|[spread] p1a,p1b
|-damage|p1a: Incineroar|0 fnt
|-damage|p1b: Gothitelle|75/100
|faint|p1a: Incineroar
|
|-weather|SunnyDay|[upkeep]
|upkeep
|
|t:|1756385920
|switch|p1a: Kingdra|Kingdra, L50, F|100/100
|turn|4
|
|t:|1756385930
|move|p1b: Gothitelle|Fake Out|p2a: Torkoal
|-damage|p2a: Torkoal|88/100
|cant|p2a: Torkoal|flinch
|move|p2b: Hatterene|Dazzling Gleam|p1b: Gothitelle|[spread] p1a,p1b
|-supereffective|p1a: Kingdra
|-damage|p1a: Kingdra|12/100
|-damage|p1b: Gothitelle|47/100
|-enditem|p1b: Gothitelle|Sitrus Berry|[eat]
|-heal|p1b: Gothitelle|72/100|[from] item: Sitrus Berry
|move|p1a: Kingdra|Muddy Water|p2a: Torkoal|[spread] p2a,p2b
|-supereffective|p2a: Torkoal
|-damage|p2a: Torkoal|33/100
|-damage|p2b: Hatterene|72/100
|-damage|p1a: Kingdra|2/100|[from] item: Life Orb
|
|-weather|SunnyDay|[upkeep]
|upkeep
|turn|5
|
|t:|1756385958
|move|p1b: Gothitelle|Protect|p1b: Gothitelle
|-singleturn|p1b: Gothitelle|Protect
|move|p1a: Kingdra|Protect|p1a: Kingdra
|-singleturn|p1a: Kingdra|Protect
|move|p2a: Torkoal|Eruption|p1a: Kingdra|[spread] 
|-activate|p1a: Kingdra|move: Protect
|-activate|p1b: Gothitelle|move: Protect
|move|p2b: Hatterene|Dazzling Gleam|p1b: Gothitelle|[spread] 
|-activate|p1a: Kingdra|move: Protect
|-activate|p1b: Gothitelle|move: Protect
|
|-weather|SunnyDay|[upkeep]
|-fieldend|move: Trick Room
|upkeep
|turn|6
|
|t:|1756386007
|-terastallize|p1a: Kingdra|Stellar
|move|p1a: Kingdra|Weather Ball|p2b: Hatterene
|-damage|p2b: Hatterene|0 fnt
|faint|p2b: Hatterene
|-damage|p1a: Kingdra|0 fnt|[from] item: Life Orb
|faint|p1a: Kingdra
|move|p1b: Gothitelle|Psychic|p2a: Torkoal
|-damage|p2a: Torkoal|0 fnt
|faint|p2a: Torkoal
|
|-weather|none
|upkeep
|
|t:|1756386013
|switch|p2a: Kingambit|Kingambit, L50, M|100/100
|turn|7
|
|t:|1756386029
|move|p1b: Gothitelle|Psychic|p2a: Kingambit
|-immune|p2a: Kingambit
|move|p2a: Kingambit|Swords Dance|p2a: Kingambit
|-boost|p2a: Kingambit|atk|2
|
|upkeep
|turn|8
|c|☆DuckDuckGustaf|lol
|c|☆DuckDuckGustaf|rip
|c|☆DuckDuckGustaf|ggs
|c|☆BlackStag52|Gg
|-message|DuckDuckGustaf forfeited.
|
|win|BlackStag52
|l|☆DuckDuckGustaf
|player|p1|
