|j|☆buggybrain
|j|☆TerapagosdiNorcia
|html|buggybrainTerapagosdiNorcia    
|uhtml|bestof|Game 3 of a best-of-3
|t:|1754496999
|gametype|doubles
|player|p1|buggybrain|hiker-gen4|1257
|player|p2|TerapagosdiNorcia|170|1196
|gen|9
|tier|[Gen 9] VGC 2025 Reg H (Bo3)
|rated|
|rule|Species Clause: Limit one of each Pokémon
|rule|Item Clause: Limit 1 of each item
|clearpoke
|poke|p1|Indeedee, L50, M|
|poke|p1|Sneasler, L50, F|
|poke|p1|Excadrill, L50, M|
|poke|p1|Magmar, L50, F|
|poke|p1|Corviknight, L50, F|
|poke|p1|Tyranitar, L50, M|
|poke|p2|Annihilape, L50, F|
|poke|p2|Ninetales-Alola, L50, M|
|poke|p2|Ursaluna-Bloodmoon, L50, M|
|poke|p2|Dragonite, L50, F|
|poke|p2|Magmar, L50, F|
|poke|p2|Gholdengo, L50|
|teampreview|4
|showteam|p1|Indeedee||ChoiceScarf|PsychicSurge|ExpandingForce,TeraBlast,Trick,Protect|||M|||50|,,,,,Psychic]Sneasler||WhiteHerb|Unburden|DireClaw,CloseCombat,FakeOut,Coaching|||F|||50|,,,,,Flying]Excadrill||FocusSash|SandRush|Earthquake,IronHead,SwordsDance,Protect|||M|||50|,,,,,Ground]Magmar||Eviolite|VitalSpirit|HeatWave,HelpingHand,FollowMe,Protect|||F|||50|,,,,,Ghost]Corviknight||PsychicSeed|MirrorArmor|BraveBird,PowerTrip,BulkUp,Roost|||F|||50|,,,,,Water]Tyranitar||AssaultVest|SandStream|RockSlide,KnockOff,LowKick,TeraBlast|||M|||50|,,,,,Flying
|showteam|p2|Annihilape||SafetyGoggles|Defiant|DrainPunch,RageFist,BulkUp,Protect|||F|||50|,,,,,Water]Ninetales-Alola||LightClay|SnowWarning|Blizzard,Encore,IcyWind,AuroraVeil|||M|||50|,,,,,Ghost]Ursaluna-Bloodmoon||AssaultVest|MindsEye|BloodMoon,EarthPower,HyperVoice,VacuumWave|||M|||50|,,,,,Water]Dragonite||LoadedDice|Multiscale|ScaleShot,ExtremeSpeed,IceSpinner,Protect|||F|||50|,,,,,Steel]Magmar||Eviolite|FlameBody|Overheat,FollowMe,Protect,ClearSmog|||F|||50|,,,,,Ghost]Gholdengo||MetalCoat|GoodasGold|MakeItRain,ShadowBall,NastyPlot,Protect||||||50|,,,,,Dragon
|inactive|Battle timer is ON: inactive players will automatically lose when time's up. (requested by TerapagosdiNorcia)
|
|t:|1754497028
|teamsize|p1|4
|teamsize|p2|4
|start
|switch|p1a: Indeedee|Indeedee, L50, M|100/100
|switch|p1b: Sneasler|Sneasler, L50, F|100/100
|switch|p2a: Dragonite|Dragonite, L50, F|100/100
|switch|p2b: Gholdengo|Gholdengo, L50|100/100
|-fieldstart|move: Psychic Terrain|[from] ability: Psychic Surge|[of] p1a: Indeedee
|turn|1
|
|t:|1754497042
|move|p2a: Dragonite|Protect|p2a: Dragonite
|-singleturn|p2a: Dragonite|Protect
|move|p1a: Indeedee|Expanding Force|p2a: Dragonite|[spread] p2b
|-activate|p2a: Dragonite|move: Protect
|-resisted|p2b: Gholdengo
|-damage|p2b: Gholdengo|74/100
|move|p1b: Sneasler|Dire Claw|p2a: Dragonite
|-activate|p2a: Dragonite|move: Protect
|move|p2b: Gholdengo|Make It Rain|p1a: Indeedee|[spread] p1a,p1b
|-damage|p1a: Indeedee|23/100
|-damage|p1b: Sneasler|29/100
|-unboost|p2b: Gholdengo|spa|1
|
|upkeep
|turn|2
|
|t:|1754497060
|switch|p1a: Corviknight|Corviknight, L50, F|100/100
|-enditem|p1a: Corviknight|Psychic Seed
|-boost|p1a: Corviknight|spd|1|[from] item: Psychic Seed
|-terastallize|p2a: Dragonite|Steel
|move|p1b: Sneasler|Coaching|p1a: Corviknight
|-boost|p1a: Corviknight|atk|1
|-boost|p1a: Corviknight|def|1
|move|p2b: Gholdengo|Make It Rain|p1b: Sneasler|[spread] p1a,p1b
|-resisted|p1a: Corviknight
|-crit|p1a: Corviknight
|-damage|p1a: Corviknight|69/100
|-damage|p1b: Sneasler|0 fnt
|-unboost|p2b: Gholdengo|spa|1
|faint|p1b: Sneasler
|move|p2a: Dragonite|Scale Shot|p1a: Corviknight
|-resisted|p1a: Corviknight
|-damage|p1a: Corviknight|66/100
|-resisted|p1a: Corviknight
|-damage|p1a: Corviknight|62/100
|-resisted|p1a: Corviknight
|-damage|p1a: Corviknight|58/100
|-resisted|p1a: Corviknight
|-damage|p1a: Corviknight|55/100
|-hitcount|p1a: Corviknight|4
|-unboost|p2a: Dragonite|def|1
|-boost|p2a: Dragonite|spe|1
|
|upkeep
|inactive|buggybrain has 30 seconds left.
|
|t:|1754497087
|switch|p1b: Tyranitar|Tyranitar, L50, M|100/100
|-weather|Sandstorm|[from] ability: Sand Stream|[of] p1b: Tyranitar
|turn|3
|
|t:|1754497103
|switch|p2b: Ninetales|Ninetales-Alola, L50, M|100/100
|-weather|Snowscape|[from] ability: Snow Warning|[of] p2b: Ninetales
|move|p2a: Dragonite|Protect|p2a: Dragonite
|-singleturn|p2a: Dragonite|Protect
|move|p1b: Tyranitar|Low Kick|p2a: Dragonite
|-activate|p2a: Dragonite|move: Protect
|move|p1a: Corviknight|Roost|p1a: Corviknight
|-heal|p1a: Corviknight|100/100
|-singleturn|p1a: Corviknight|move: Roost
|
|-weather|Snowscape|[upkeep]
|upkeep
|turn|4
|inactive|buggybrain has 30 seconds left.
|inactive|TerapagosdiNorcia has 30 seconds left.
|
|t:|1754497137
|move|p2a: Dragonite|Scale Shot|p1b: Tyranitar
|-damage|p1b: Tyranitar|87/100
|-damage|p1b: Tyranitar|72/100
|-damage|p1b: Tyranitar|57/100
|-damage|p1b: Tyranitar|43/100
|-damage|p1b: Tyranitar|30/100
|-hitcount|p1b: Tyranitar|5
|-unboost|p2a: Dragonite|def|1
|-boost|p2a: Dragonite|spe|1
|move|p2b: Ninetales|Blizzard|p1b: Tyranitar|[spread] p1a,p1b
|-damage|p1a: Corviknight|87/100
|-damage|p1b: Tyranitar|17/100
|move|p1b: Tyranitar|Rock Slide|p2b: Ninetales|[spread] p2a,p2b
|-resisted|p2a: Dragonite
|-crit|p2a: Dragonite
|-supereffective|p2b: Ninetales
|-damage|p2a: Dragonite|73/100
|-damage|p2b: Ninetales|51/100
|move|p1a: Corviknight|Bulk Up|p1a: Corviknight
|-boost|p1a: Corviknight|atk|1
|-boost|p1a: Corviknight|def|1
|
|-weather|Snowscape|[upkeep]
|upkeep
|turn|5
|inactive|buggybrain has 30 seconds left.
|inactive|TerapagosdiNorcia has 30 seconds left.
|
|t:|1754497165
|move|p2a: Dragonite|Ice Spinner|p1b: Tyranitar
|-damage|p1b: Tyranitar|0 fnt
|-fieldend|move: Psychic Terrain
|faint|p1b: Tyranitar
|move|p2b: Ninetales|Encore|p1a: Corviknight
|-start|p1a: Corviknight|Encore
|move|p1a: Corviknight|Bulk Up|p1a: Corviknight
|-boost|p1a: Corviknight|atk|1
|-boost|p1a: Corviknight|def|1
|
|-weather|Snowscape|[upkeep]
|upkeep
|
|t:|1754497169
|switch|p1b: Indeedee|Indeedee, L50, M|23/100
|-fieldstart|move: Psychic Terrain|[from] ability: Psychic Surge|[of] p1b: Indeedee
|turn|6
|
|t:|1754497177
|-terastallize|p1b: Indeedee|Psychic
|move|p2a: Dragonite|Ice Spinner|p1b: Indeedee
|-damage|p1b: Indeedee|0 fnt
|-fieldend|move: Psychic Terrain
|faint|p1b: Indeedee
|move|p2b: Ninetales|Blizzard|p1a: Corviknight
|-damage|p1a: Corviknight|68/100
|move|p1a: Corviknight|Bulk Up|p1a: Corviknight
|-boost|p1a: Corviknight|atk|1
|-boost|p1a: Corviknight|def|1
|
|-weather|Snowscape|[upkeep]
|upkeep
|turn|7
|-message|buggybrain forfeited.
|
|win|TerapagosdiNorcia
|raw|buggybrain's rating: 1257 → 1228(-29 for losing)
|raw|TerapagosdiNorcia's rating: 1196 → 1225(+29 for winning)
|l|☆buggybrain
|player|p1|
|l|☆TerapagosdiNorcia
|player|p2|
|j|☆TerapagosdiNorcia
|player|p2|TerapagosdiNorcia|170|
