|j|☆Dragonrida
|j|☆gundot
|html|Dragonridagundot    
|uhtml|bestof|Game 1 of a best-of-3
|t:|1786025514
|gametype|doubles
|player|p1|Dragonrida|265|1128
|player|p2|gundot|169|1246
|gen|9
|tier|[Gen 9 Champions] VGC 2026 Reg M-B (Bo3)
|rated|
|rule|Species Clause: Limit one of each Pokémon
|rule|Item Clause: Limit 1 of each item
|clearpoke
|poke|p1|Mimikyu, L50, M|
|poke|p1|Golurk, L50|
|poke|p1|Farigiraf, L50, F|
|poke|p1|Hydrapple, L50, M|
|poke|p1|Sableye, L50, M|
|poke|p1|Blastoise, L50, M|
|poke|p2|Charizard, L50, F, shiny|
|poke|p2|Whimsicott, L50, F|
|poke|p2|Mawile, L50, F, shiny|
|poke|p2|Kingambit, L50, F|
|poke|p2|Farigiraf, L50, F|
|poke|p2|Basculegion, L50, M, shiny|
|teampreview|4
|showteam|p1|Mimikyu||MentalHerb|Disguise|TrickRoom,PainSplit,DestinyBond,Screech|Sassy||M|||50|]Golurk||Golurkite|IronFist|HeadlongRush,RockSlide,IcePunch,Protect|Adamant|||||50|]Farigiraf||ColburBerry|ArmorTail|Psychic,TrickRoom,Thunderbolt,Protect|Sassy||F|||50|]Hydrapple||ExpertBelt|SupersweetSyrup|FickleBeam,Protect,EarthPower,DracoMeteor|Quiet||M|||50|]Sableye||Leftovers|Prankster|Quash,RainDance,FoulPlay,Reflect|Bold||M|||50|]Blastoise||Blastoisinite|Torrent|WaterSpout,AuraSphere,DarkPulse,Protect|Quiet||M|||50|
|showteam|p2|Charizard||CharizarditeY|SolarPower|HeatWave,WeatherBall,SolarBeam,Protect|Modest||F|||50|]Whimsicott||FocusSash|Prankster|Moonblast,Tailwind,Encore,Protect|Timid||F|||50|]Mawile||Mawilite|HyperCutter|PlayRough,Protect,RockSlide,SuckerPunch|Adamant||F|||50|]Kingambit||LifeOrb|Defiant|KowtowCleave,SuckerPunch,SwordsDance,Protect|Adamant||F|||50|]Farigiraf||SitrusBerry|ArmorTail|Psychic,Thunderbolt,TrickRoom,HelpingHand|Modest||F|||50|]Basculegion||MysticWater|Adaptability|WaveCrash,AquaJet,LastRespects,Protect|Adamant||M|||50|
|inactive|Battle timer is ON: inactive players will automatically lose when time's up. (requested by gundot)
|inactive|gundot has 60 seconds left.
|
|t:|1786025567
|teamsize|p1|4
|teamsize|p2|4
|start
|switch|p1a: Mimikyu|Mimikyu, L50, M|100/100
|switch|p1b: Golurk|Golurk, L50|100/100
|switch|p2a: Charizard|Charizard, L50, F, shiny|100/100
|switch|p2b: Basculegion|Basculegion, L50, M, shiny|100/100
|turn|1
|
|t:|1786025585
|detailschange|p2a: Charizard|Charizard-Mega-Y, L50, F, shiny
|-mega|p2a: Charizard|Charizard|Charizardite Y
|-weather|SunnyDay|[from] ability: Drought|[of] p2a: Charizard
|detailschange|p1b: Golurk|Golurk-Mega, L50
|-mega|p1b: Golurk|Golurk|Golurkite
|move|p1b: Golurk|Protect|p1b: Golurk
|-singleturn|p1b: Golurk|Protect
|move|p2b: Basculegion|Aqua Jet|p1a: Mimikyu
|-activate|p1a: Mimikyu|ability: Disguise
|-damage|p1a: Mimikyu|100/100
|detailschange|p1a: Mimikyu|Mimikyu-Busted, L50, M
|-damage|p1a: Mimikyu|87/100|[from] pokemon: Mimikyu-Busted
|move|p2a: Charizard|Weather Ball|p1a: Mimikyu
|-damage|p1a: Mimikyu|24/100
|move|p1a: Mimikyu|Trick Room|p1a: Mimikyu
|-fieldstart|move: Trick Room|[of] p1a: Mimikyu
|
|-weather|SunnyDay|[upkeep]
|upkeep
|turn|2
|inactive|gundot has 30 seconds left.
|inactive|gundot has 20 seconds left.
|
|t:|1786025624
|move|p1b: Golurk|Rock Slide|p2a: Charizard|[spread] p2b
|-miss|p1b: Golurk|p2a: Charizard
|-damage|p2b: Basculegion|68/100
|move|p1a: Mimikyu|Destiny Bond|p1a: Mimikyu
|-singlemove|p1a: Mimikyu|Destiny Bond
|move|p2b: Basculegion|Last Respects|p1b: Golurk
|-supereffective|p1b: Golurk|1
|-damage|p1b: Golurk|42/100
|move|p2a: Charizard|Solar Beam||[still]
|-prepare|p2a: Charizard|Solar Beam
|-anim|p2a: Charizard|Solar Beam|p1b: Golurk
|-supereffective|p1b: Golurk|1
|-damage|p1b: Golurk|0 fnt
|faint|p1b: Golurk
|
|-weather|SunnyDay|[upkeep]
|upkeep
|
|t:|1786025642
|switch|p1b: Farigiraf|Farigiraf, L50, F|100/100
|turn|3
|
|t:|1786025651
|switch|p2b: Kingambit|Kingambit, L50, F|100/100
|move|p1b: Farigiraf|Thunderbolt|p2b: Kingambit
|-damage|p2b: Kingambit|76/100
|move|p1a: Mimikyu|Pain Split|p2a: Charizard
|-sethp|p2a: Charizard|60/100|[from] move: Pain Split|[silent]
|-sethp|p1a: Mimikyu|68/100|[from] move: Pain Split
|move|p2a: Charizard|Weather Ball|p1b: Farigiraf
|-damage|p1b: Farigiraf|43/100
|
|-weather|SunnyDay|[upkeep]
|upkeep
|turn|4
|
|t:|1786025676
|move|p2b: Kingambit|Kowtow Cleave|p1b: Farigiraf
|-supereffective|p1b: Farigiraf|1
|-enditem|p1b: Farigiraf|Colbur Berry|[eat]
|-enditem|p1b: Farigiraf|Colbur Berry|[weaken]
|-damage|p1b: Farigiraf|0 fnt
|faint|p1b: Farigiraf
|-damage|p2b: Kingambit|67/100|[from] item: Life Orb
|move|p1a: Mimikyu|Destiny Bond|p1a: Mimikyu
|-singlemove|p1a: Mimikyu|Destiny Bond
|move|p2a: Charizard|Weather Ball|p1a: Mimikyu
|-damage|p1a: Mimikyu|0 fnt
|faint|p1a: Mimikyu
|-activate|p1a: Mimikyu|move: Destiny Bond
|faint|p2a: Charizard
|
|-weather|SunnyDay|[upkeep]
|upkeep
|
|t:|1786025694
|switch|p1b: Sableye|Sableye, L50, M|100/100
|switch|p2a: Basculegion|Basculegion, L50, M, shiny|68/100
|turn|5
|
|t:|1786025703
|move|p2a: Basculegion|Protect|p2a: Basculegion
|-singleturn|p2a: Basculegion|Protect
|move|p1b: Sableye|Foul Play|p2a: Basculegion
|-activate|p2a: Basculegion|move: Protect
|move|p2b: Kingambit|Swords Dance|p2b: Kingambit
|-boost|p2b: Kingambit|atk|2
|
|-weather|none
|-fieldend|move: Trick Room
|upkeep
|turn|6
|
|t:|1786025715
|move|p2a: Basculegion|Last Respects|p1b: Sableye
|-damage|p1b: Sableye|28/100
|move|p2b: Kingambit|Kowtow Cleave|p1b: Sableye
|-damage|p1b: Sableye|0 fnt
|faint|p1b: Sableye
|-damage|p2b: Kingambit|57/100|[from] item: Life Orb
|
|win|gundot
