|j|☆1OO% Jesus
|j|☆JaBoiJMoney
|html|1OO% JesusJaBoiJMoney    
|uhtml|bestof|Game 1 of a best-of-3
|t:|1782396251
|gametype|doubles
|player|p1|1OO% Jesus|lillie-z|1201
|player|p2|JaBoiJMoney|102|1118
|gen|9
|tier|[Gen 9 Champions] VGC 2026 Reg M-B (Bo3)
|rated|
|rule|Species Clause: Limit one of each Pokémon
|rule|Item Clause: Limit 1 of each item
|clearpoke
|poke|p1|Charizard, L50, F|
|poke|p1|Whimsicott, L50, F|
|poke|p1|Garchomp, L50, F|
|poke|p1|Basculegion, L50, M|
|poke|p1|Kingambit, L50, F|
|poke|p1|Floette-Eternal, L50, F|
|poke|p2|Kangaskhan, L50, F|
|poke|p2|Basculegion, L50, M|
|poke|p2|Charizard, L50, F|
|poke|p2|Farigiraf, L50, F|
|poke|p2|Whimsicott, L50, F|
|poke|p2|Kingambit, L50, F|
|teampreview|4
|showteam|p1|Charizard||CharizarditeY|Blaze|HeatWave,WeatherBall,SolarBeam,Protect|Modest||F|||50|]Whimsicott||FocusSash|Prankster|Moonblast,Tailwind,Encore,Protect|Timid||F|||50|]Garchomp||LifeOrb|RoughSkin|Earthquake,DragonClaw,RockSlide,Protect|Jolly||F|||50|]Basculegion||MysticWater|Adaptability|WaveCrash,LastRespects,AquaJet,Protect|Adamant||M|||50|]Kingambit||ChopleBerry|Defiant|KowtowCleave,SuckerPunch,IronHead,LowKick|Adamant||F|||50|]Floette-Eternal||Floettite|FlowerVeil|DazzlingGleam,Moonblast,LightofRuin,Protect|Timid||F|||50|
|showteam|p2|Kangaskhan||Kangaskhanite|InnerFocus|FakeOut,DrainPunch,DoubleEdge,Crunch|Adamant||F|||50|]Basculegion||LifeOrb|Adaptability|WaveCrash,LastRespects,AquaJet,Protect|Adamant||M|||50|]Charizard||CharizarditeY|Blaze|HeatWave,SolarBeam,WeatherBall,Protect|Modest||F|||50|]Farigiraf||SitrusBerry|ArmorTail|HyperVoice,TwinBeam,NastyPlot,TrickRoom|Quiet||F|||50|]Whimsicott||FocusSash|Prankster|Charm,Tailwind,Moonblast,Encore|Timid||F|||50|]Kingambit||BlackGlasses|Defiant|SwordsDance,KowtowCleave,SuckerPunch,Protect|Brave||F|||50|
|
|t:|1782396343
|teamsize|p1|4
|teamsize|p2|4
|start
|switch|p1a: Whimsicott|Whimsicott, L50, F|100/100
|switch|p1b: Kingambit|Kingambit, L50, F|100/100
|switch|p2a: Kangaskhan|Kangaskhan, L50, F|100/100
|switch|p2b: Farigiraf|Farigiraf, L50, F|100/100
|turn|1
|inactive|Battle timer is ON: inactive players will automatically lose when time's up. (requested by 1OO% Jesus)
|inactive|1OO% Jesus has 60 seconds left.
|
|t:|1782396399
|switch|p2b: Kingambit|Kingambit, L50, F|100/100
|detailschange|p2a: Kangaskhan|Kangaskhan-Mega, L50, F
|-mega|p2a: Kangaskhan|Kangaskhan|Kangaskhanite
|move|p2a: Kangaskhan|Fake Out|p1a: Whimsicott
|-damage|p1a: Whimsicott|68/100
|-damage|p1a: Whimsicott|61/100
|-hitcount|p1a: Whimsicott|2
|cant|p1a: Whimsicott|flinch
|move|p1b: Kingambit|Kowtow Cleave|p2b: Kingambit
|-resisted|p2b: Kingambit|1
|-damage|p2b: Kingambit|81/100
|
|upkeep
|turn|2
|inactive|1OO% Jesus has 30 seconds left.
|
|t:|1782396427
|move|p1a: Whimsicott|Tailwind|p1a: Whimsicott
|-sidestart|p1: 1OO% Jesus|move: Tailwind
|move|p1b: Kingambit|Low Kick|p2a: Kangaskhan
|-supereffective|p2a: Kangaskhan|1
|-damage|p2a: Kangaskhan|33/100
|move|p2a: Kangaskhan|Drain Punch|p1b: Kingambit
|-supereffective|p1b: Kingambit|2
|-enditem|p1b: Kingambit|Chople Berry|[eat]
|-enditem|p1b: Kingambit|Chople Berry|[weaken]
|-damage|p1b: Kingambit|58/100
|-heal|p2a: Kangaskhan|53/100|[from] drain|[of] p1b: Kingambit
|-supereffective|p1b: Kingambit|2
|-damage|p1b: Kingambit|41/100
|-heal|p2a: Kangaskhan|61/100|[from] drain|[of] p1b: Kingambit
|-hitcount|p1b: Kingambit|2
|move|p2b: Kingambit|Swords Dance|p2b: Kingambit
|-boost|p2b: Kingambit|atk|2
|
|upkeep
|turn|3
|
|t:|1782396448
|switch|p2a: Farigiraf|Farigiraf, L50, F|100/100
|move|p2b: Kingambit|Protect|p2b: Kingambit
|-singleturn|p2b: Kingambit|Protect
|move|p1a: Whimsicott|Moonblast|p2a: Farigiraf
|-damage|p2a: Farigiraf|63/100
|move|p1b: Kingambit|Low Kick|p2b: Kingambit
|-activate|p2b: Kingambit|move: Protect
|
|upkeep
|turn|4
|
|t:|1782396459
|move|p2b: Kingambit|Sucker Punch|p1b: Kingambit
|-resisted|p1b: Kingambit|1
|-damage|p1b: Kingambit|4/100
|move|p1a: Whimsicott|Moonblast|p2a: Farigiraf
|-damage|p2a: Farigiraf|26/100
|-enditem|p2a: Farigiraf|Sitrus Berry|[eat]
|-heal|p2a: Farigiraf|51/100|[from] item: Sitrus Berry
|move|p1b: Kingambit|Low Kick|p2b: Kingambit
|-supereffective|p2b: Kingambit|2
|-damage|p2b: Kingambit|0 fnt
|faint|p2b: Kingambit
|move|p2a: Farigiraf|Trick Room|p2a: Farigiraf
|-fieldstart|move: Trick Room|[of] p2a: Farigiraf
|
|upkeep
|
|t:|1782396472
|switch|p2b: Kangaskhan|Kangaskhan-Mega, L50, F|61/100
|turn|5
|inactive|1OO% Jesus has 30 seconds left.
|inactive|1OO% Jesus has 20 seconds left.
|inactive|1OO% Jesus has 15 seconds left.
|
|t:|1782396513
|move|p2b: Kangaskhan|Fake Out|p1b: Kingambit
|-resisted|p1b: Kingambit|1
|-damage|p1b: Kingambit|0 fnt
|faint|p1b: Kingambit
|move|p2a: Farigiraf|Nasty Plot|p2a: Farigiraf
|-boost|p2a: Farigiraf|spa|2
|move|p1a: Whimsicott|Moonblast|p2b: Kangaskhan
|-damage|p2b: Kangaskhan|33/100
|
|-sideend|p1: 1OO% Jesus|move: Tailwind
|upkeep
|inactive|1OO% Jesus has 30 seconds left.
|inactive|1OO% Jesus has 20 seconds left.
|inactive|1OO% Jesus has 15 seconds left.
|
|t:|1782396554
|switch|p1b: Garchomp|Garchomp, L50, F|100/100
|turn|6
|
|t:|1782396562
|move|p1a: Whimsicott|Protect|p1a: Whimsicott
|-singleturn|p1a: Whimsicott|Protect
|move|p1b: Garchomp|Protect|p1b: Garchomp
|-singleturn|p1b: Garchomp|Protect
|move|p2a: Farigiraf|Hyper Voice|p1b: Garchomp|[spread] 
|-activate|p1a: Whimsicott|move: Protect
|-activate|p1b: Garchomp|move: Protect
|move|p2b: Kangaskhan|Double-Edge|p1b: Garchomp
|-activate|p1b: Garchomp|move: Protect
|
|upkeep
|turn|7
|
|t:|1782396582
|move|p2a: Farigiraf|Hyper Voice|p1a: Whimsicott|[spread] p1a,p1b
|-damage|p1a: Whimsicott|0 fnt
|-damage|p1b: Garchomp|26/100
|faint|p1a: Whimsicott
|move|p2b: Kangaskhan|Drain Punch|p1b: Garchomp
|-damage|p1b: Garchomp|0 fnt
|-heal|p2b: Kangaskhan|44/100|[from] drain|[of] p1b: Garchomp
|-damage|p2b: Kangaskhan|32/100|[from] ability: Rough Skin|[of] p1b: Garchomp
|faint|p1b: Garchomp
|
|upkeep
|
|t:|1782396592
|switch|p1b: Floette|Floette-Eternal, L50, F|100/100
|turn|8
|
|t:|1782396601
|switch|p2b: Basculegion|Basculegion, L50, M|100/100
|detailschange|p1b: Floette|Floette-Mega, L50, F
|-mega|p1b: Floette|Floette|Floettite
|-ability|p1b: Floette|Fairy Aura
|move|p1b: Floette|Protect|p1b: Floette
|-singleturn|p1b: Floette|Protect
|move|p2a: Farigiraf|Hyper Voice|p1b: Floette
|-activate|p1b: Floette|move: Protect
|
|-fieldend|move: Trick Room
|upkeep
|turn|9
|
|t:|1782396613
|move|p1b: Floette|Dazzling Gleam|p2b: Basculegion|[spread] p2a,p2b
|-damage|p2a: Farigiraf|1/100
|-damage|p2b: Basculegion|49/100
|move|p2b: Basculegion|Wave Crash|p1b: Floette
|-damage|p1b: Floette|0 fnt
|faint|p1b: Floette
|-damage|p2b: Basculegion|24/100|[from] Recoil
|-damage|p2b: Basculegion|14/100|[from] item: Life Orb
|
|win|JaBoiJMoney
||1OO% Jesus is ready for game 2.
||JaBoiJMoney is ready for game 2.
|uhtml|next|Next: Game 2 of 3
