|j|☆tessa scarlet
|j|☆fortree21utube
|html|tessa scarletfortree21utube    
|uhtml|bestof|Game 2 of a best-of-3
|t:|1756457723
|gametype|doubles
|player|p1|tessa scarlet|102|1407
|player|p2|fortree21utube|169|1333
|gen|9
|tier|[Gen 9] VGC 2025 Reg H (Bo3)
|rated|
|rule|Species Clause: Limit one of each Pokémon
|rule|Item Clause: Limit 1 of each item
|clearpoke
|poke|p1|Gholdengo, L50|
|poke|p1|Sneasler, L50, M|
|poke|p1|Rillaboom, L50, F|
|poke|p1|Dragonite, L50, F|
|poke|p1|Ninetales-Alola, L50, M|
|poke|p1|Arcanine-Hisui, L50, F|
|poke|p2|Pawmot, L50, F|
|poke|p2|Typhlosion-Hisui, L50, F|
|poke|p2|Weezing-Galar, L50, F|
|poke|p2|Toedscruel, L50, F|
|poke|p2|Corviknight, L50, M|
|poke|p2|Garchomp, L50, M|
|teampreview|4
|showteam|p1|Gholdengo||GrassySeed|GoodasGold|NastyPlot,MakeItRain,ShadowBall,Protect||||||50|,,,,,Water]Sneasler||WhiteHerb|Unburden|CloseCombat,DireClaw,Coaching,Protect|||M|||50|,,,,,Ghost]Rillaboom||AssaultVest|GrassySurge|FakeOut,GrassyGlide,DrumBeating,HighHorsepower|||F|||50|,,,,,Fire]Dragonite||LoadedDice|Multiscale|ScaleShot,StompingTantrum,Tailwind,Protect|||F|||50|,,,,,Ground]Ninetales-Alola||FocusSash|SnowWarning|Blizzard,IcyWind,Encore,AuroraVeil|||M|||50|,,,,,Ghost]Arcanine-Hisui||ClearAmulet|Intimidate|RockSlide,FlareBlitz,ExtremeSpeed,Protect|||F|||50|,,,,,Water
|showteam|p2|Pawmot||FocusSash|VoltAbsorb|DoubleShock,CloseCombat,FakeOut,Protect|||F|||50|,,,,,Electric]Typhlosion-Hisui||ChoiceScarf|Frisk|Eruption,HeatWave,ShadowBall,SleepTalk|||F|||50|,,,,,Fire]Weezing-Galar||ChoiceSpecs|NeutralizingGas|StrangeSteam,DazzlingGleam,SludgeBomb,Flamethrower|||F|||50|,,,,,Water]Toedscruel||CovertCloak|MyceliumMight|EarthPower,Taunt,Spore,RagePowder|||F|||50|,,,,,Water]Corviknight||SitrusBerry|MirrorArmor|BraveBird,Tailwind,Roost,Protect|||M|||50|,,,,,Dragon]Garchomp||LifeOrb|RoughSkin|Earthquake,StompingTantrum,DragonClaw,Protect|||M|||50|,,,,,Ground
|inactive|Battle timer is ON: inactive players will automatically lose when time's up. (requested by tessa scarlet)
|inactive|fortree21utube has 60 seconds left.
|
|t:|1756457796
|teamsize|p1|4
|teamsize|p2|4
|start
|switch|p1a: Ninetales|Ninetales-Alola, L50, M|100/100
|switch|p1b: Arcanine|Arcanine-Hisui, L50, F|100/100
|switch|p2a: Weezing|Weezing-Galar, L50, F|100/100
|switch|p2b: Toedscruel|Toedscruel, L50, F|100/100
|-ability|p2a: Weezing|Neutralizing Gas
|turn|1
|
|t:|1756457820
|-terastallize|p2b: Toedscruel|Water
|move|p1b: Arcanine|Protect|p1b: Arcanine
|-singleturn|p1b: Arcanine|Protect
|move|p1a: Ninetales|Blizzard|p2a: Weezing|[spread] p2a,p2b
|-resisted|p2b: Toedscruel
|-damage|p2a: Weezing|62/100
|-damage|p2b: Toedscruel|89/100
|move|p2b: Toedscruel|Spore|p1b: Arcanine
|-activate|p1b: Arcanine|move: Protect
|move|p2a: Weezing|Dazzling Gleam|p1b: Arcanine|[spread] p1a
|-activate|p1b: Arcanine|move: Protect
|-damage|p1a: Ninetales|56/100
|
|upkeep
|turn|2
|inactive|tessa scarlet has 30 seconds left.
|inactive|tessa scarlet has 20 seconds left.
|inactive|tessa scarlet has 15 seconds left.
|
|t:|1756457863
|move|p1a: Ninetales|Blizzard|p2b: Toedscruel|[spread] p2a
|-miss|p1a: Ninetales|p2b: Toedscruel
|-damage|p2a: Weezing|17/100
|move|p2b: Toedscruel|Spore|p1b: Arcanine
|-status|p1b: Arcanine|slp|[from] move: Spore
|cant|p1b: Arcanine|slp
|move|p2a: Weezing|Dazzling Gleam|p1a: Ninetales|[spread] p1a,p1b
|-resisted|p1b: Arcanine
|-damage|p1a: Ninetales|13/100
|-damage|p1b: Arcanine|76/100 slp
|
|upkeep
|turn|3
|inactive|fortree21utube has 30 seconds left.
|
|t:|1756457892
|switch|p1b: Dragonite|Dragonite, L50, F|100/100
|move|p1a: Ninetales|Blizzard|p2a: Weezing|[spread] p2a,p2b
|-resisted|p2b: Toedscruel
|-damage|p2a: Weezing|0 fnt
|-damage|p2b: Toedscruel|76/100
|faint|p2a: Weezing
|-end|p2a: Weezing|ability: Neutralizing Gas
|-weather|Snowscape|[from] ability: Snow Warning|[of] p1a: Ninetales
|move|p2b: Toedscruel|Earth Power|p1b: Dragonite
|-immune|p1b: Dragonite
|
|-weather|Snowscape|[upkeep]
|upkeep
|
|t:|1756457904
|switch|p2a: Corviknight|Corviknight, L50, M|100/100
|turn|4
|
|t:|1756457926
|move|p1a: Ninetales|Encore|p2b: Toedscruel
|-start|p2b: Toedscruel|Encore
|move|p2b: Toedscruel|Earth Power|p1a: Ninetales
|-damage|p1a: Ninetales|0 fnt
|faint|p1a: Ninetales
|move|p1b: Dragonite|Scale Shot|p2b: Toedscruel
|-damage|p2b: Toedscruel|54/100
|-crit|p2b: Toedscruel
|-damage|p2b: Toedscruel|20/100
|-damage|p2b: Toedscruel|0 fnt
|faint|p2b: Toedscruel
|-hitcount|p2: Toedscruel|3
|-unboost|p1b: Dragonite|def|1
|-boost|p1b: Dragonite|spe|1
|move|p2a: Corviknight|Tailwind|p2a: Corviknight
|-sidestart|p2: fortree21utube|move: Tailwind
|
|-weather|Snowscape|[upkeep]
|upkeep
|
|t:|1756457941
|switch|p1a: Arcanine|Arcanine-Hisui, L50, F|76/100 slp
|switch|p2b: Typhlosion|Typhlosion-Hisui, L50, F|100/100
|-item|p1a: Arcanine|Clear Amulet|[from] ability: Frisk|[of] p2b: Typhlosion
|-item|p1b: Dragonite|Loaded Dice|[from] ability: Frisk|[of] p2b: Typhlosion
|-ability|p1a: Arcanine|Intimidate|boost
|-ability|p2a: Corviknight|Mirror Armor
|-fail|p1a: Arcanine|unboost|[from] item: Clear Amulet|[of] p1a: Arcanine
|-unboost|p2b: Typhlosion|atk|1
|turn|5
|
|t:|1756457960
|move|p2b: Typhlosion|Shadow Ball|p1a: Arcanine
|-damage|p1a: Arcanine|21/100 slp
|move|p1b: Dragonite|Scale Shot|p2b: Typhlosion
|-damage|p2b: Typhlosion|78/100
|-damage|p2b: Typhlosion|58/100
|-damage|p2b: Typhlosion|38/100
|-damage|p2b: Typhlosion|17/100
|-damage|p2b: Typhlosion|0 fnt
|faint|p2b: Typhlosion
|-hitcount|p2: Typhlosion|5
|-unboost|p1b: Dragonite|def|1
|-boost|p1b: Dragonite|spe|1
|move|p2a: Corviknight|Brave Bird|p1b: Dragonite
|-damage|p1b: Dragonite|61/100
|-damage|p2a: Corviknight|90/100|[from] Recoil
|cant|p1a: Arcanine|slp
|
|-weather|Snowscape|[upkeep]
|upkeep
|turn|6
|
|t:|1756457983
|move|p1b: Dragonite|Tailwind|p1b: Dragonite
|-sidestart|p1: tessa scarlet|move: Tailwind
|-curestatus|p1a: Arcanine|slp|[msg]
|move|p1a: Arcanine|Flare Blitz|p2a: Corviknight
|-supereffective|p2a: Corviknight
|-damage|p2a: Corviknight|0 fnt
|faint|p2a: Corviknight
|-damage|p1a: Arcanine|0 fnt|[from] Recoil
|faint|p1a: Arcanine
|
|win|tessa scarlet
|l|☆fortree21utube
|player|p2|
||fortree21utube is ready for game 3.
||tessa scarlet is ready for game 3.
|uhtml|next|Next: Game 3 of 3
|l|☆tessa scarlet
|player|p1|
|j|☆fortree21utube
|player|p2|fortree21utube|169|
