|j|☆Bergmann VGC
|j|☆CrystalGem02
|html|Bergmann VGCCrystalGem02    
|uhtml|bestof|Game 3 of a best-of-3
|t:|1755533276
|gametype|doubles
|player|p1|Bergmann VGC|roark|1232
|player|p2|CrystalGem02|valerie|1225
|gen|9
|tier|[Gen 9] VGC 2025 Reg H (Bo3)
|rated|
|rule|Species Clause: Limit one of each Pokémon
|rule|Item Clause: Limit 1 of each item
|clearpoke
|poke|p1|Charizard, L50, M|
|poke|p1|Torkoal, L50, F|
|poke|p1|Porygon2, L50|
|poke|p1|Incineroar, L50, F|
|poke|p1|Jumpluff, L50, M|
|poke|p1|Ursaluna, L50, F|
|poke|p2|Sneasler, L50, F|
|poke|p2|Indeedee, L50, M|
|poke|p2|Golduck, L50, M|
|poke|p2|Ursaluna-Bloodmoon, L50, M|
|poke|p2|Whimsicott, L50, F|
|poke|p2|Baxcalibur, L50, F|
|teampreview|4
|showteam|p1|Charizard||ChoiceSpecs|SolarPower|HeatWave,Overheat,WeatherBall,AirSlash|||M|||50|,,,,,Ghost]Torkoal||EjectPack|Drought|Eruption,Overheat,HelpingHand,Protect|||F|||50|,,,,,Fire]Porygon2||Eviolite|Download|TeraBlast,IceBeam,Recover,TrickRoom||||||50|,,,,,Fighting]Incineroar||SafetyGoggles|Intimidate|FlareBlitz,KnockOff,FakeOut,PartingShot|||F|||50|,,,,,Ghost]Jumpluff||CovertCloak|Chlorophyll|SleepPowder,SunnyDay,RagePowder,Tailwind|||M|||50|,,,,,Water]Ursaluna||FlameOrb|Guts|HeadlongRush,Facade,Earthquake,Protect|||F|||50|,,,,,Ghost
|showteam|p2|Sneasler||PsychicSeed|Unburden|CloseCombat,DireClaw,Coaching,Protect|||F|||50|,,,,,Dark]Indeedee||ChoiceScarf|PsychicSurge|ExpandingForce,TeraBlast,Trick,Protect|||M|||50|,,,,,Psychic]Golduck||SitrusBerry|CloudNine|ChillingWater,IcyWind,Haze,HelpingHand|||M|||50|,,,,,Grass]Ursaluna-Bloodmoon||LifeOrb|MindsEye|BloodMoon,HyperVoice,EarthPower,Protect|||M|||50|,,,,,Normal]Whimsicott||FocusSash|Prankster|Moonblast,Endeavor,Encore,Tailwind|||F|||50|,,,,,Ghost]Baxcalibur||LoadedDice|ThermalExchange|ScaleShot,IcicleSpear,IceShard,Protect|||F|||50|,,,,,Ghost
|inactive|Battle timer is ON: inactive players will automatically lose when time's up. (requested by CrystalGem02)
|
|t:|1755533297
|teamsize|p1|4
|teamsize|p2|4
|start
|switch|p1a: Porygon2|Porygon2, L50, shiny|100/100
|switch|p1b: Incineroar|Incineroar, L50, F|100/100
|switch|p2a: Sneasler|Sneasler, L50, F|100/100
|switch|p2b: Indeedee|Indeedee, L50, M|100/100
|-fieldstart|move: Psychic Terrain|[from] ability: Psychic Surge|[of] p2b: Indeedee
|-enditem|p2a: Sneasler|Psychic Seed
|-boost|p2a: Sneasler|spd|1|[from] item: Psychic Seed
|-ability|p1b: Incineroar|Intimidate|boost
|-unboost|p2a: Sneasler|atk|1
|-unboost|p2b: Indeedee|atk|1
|-ability|p1a: Porygon2|Download|boost
|-boost|p1a: Porygon2|atk|1
|turn|1
|inactive|Bergmann VGC has 30 seconds left.
|inactive|Bergmann VGC has 20 seconds left.
|
|t:|1755533337
|-terastallize|p2b: Indeedee|Psychic
|move|p2a: Sneasler|Close Combat|p1a: Porygon2
|-supereffective|p1a: Porygon2
|-damage|p1a: Porygon2|44/100
|-unboost|p2a: Sneasler|def|1
|-unboost|p2a: Sneasler|spd|1
|move|p2b: Indeedee|Expanding Force|p1a: Porygon2|[spread] p1a
|-immune|p1b: Incineroar
|-damage|p1a: Porygon2|0 fnt
|faint|p1a: Porygon2
|move|p1b: Incineroar|Knock Off|p2b: Indeedee
|-supereffective|p2b: Indeedee
|-damage|p2b: Indeedee|0 fnt
|-enditem|p2b: Indeedee|Choice Scarf|[from] move: Knock Off|[of] p1b: Incineroar
|faint|p2b: Indeedee
|
|upkeep
|
|t:|1755533357
|switch|p2b: Ursaluna|Ursaluna-Bloodmoon, L50, M|100/100
|switch|p1a: Ursaluna|Ursaluna, L50, F|100/100
|turn|2
|
|t:|1755533376
|-terastallize|p1b: Incineroar|Ghost
|move|p2b: Ursaluna|Protect|p2b: Ursaluna
|-singleturn|p2b: Ursaluna|Protect
|move|p1a: Ursaluna|Protect|p1a: Ursaluna
|-singleturn|p1a: Ursaluna|Protect
|move|p2a: Sneasler|Coaching|p2b: Ursaluna
|-boost|p2b: Ursaluna|atk|1
|-boost|p2b: Ursaluna|def|1
|move|p1b: Incineroar|Flare Blitz|p2a: Sneasler
|-damage|p2a: Sneasler|0 fnt
|faint|p2a: Sneasler
|-damage|p1b: Incineroar|75/100|[from] Recoil
|
|-status|p1a: Ursaluna|brn|[from] item: Flame Orb
|upkeep
|
|t:|1755533386
|switch|p2a: Golduck|Golduck, L50, M, shiny|100/100
|-ability|p2a: Golduck|Cloud Nine
|turn|3
|
|t:|1755533401
|switch|p1a: Ryo|Torkoal, L50, F|100/100
|-weather|SunnyDay|[from] ability: Drought|[of] p1a: Ryo
|move|p1b: Incineroar|Parting Shot|p2b: Ursaluna
|-unboost|p2b: Ursaluna|atk|1
|-unboost|p2b: Ursaluna|spa|1
|
|t:|1755533410
|switch|p1b: Ursaluna|Ursaluna, L50, F|100/100 brn|[from] Parting Shot
|move|p2a: Golduck|Chilling Water|p1a: Ryo
|-supereffective|p1a: Ryo
|-damage|p1a: Ryo|53/100
|-unboost|p1a: Ryo|atk|1
|-enditem|p1a: Ryo|Eject Pack
|
|t:|1755533416
|switch|p1a: Incineroar|Incineroar, L50, F, tera:Ghost|75/100
|-ability|p1a: Incineroar|Intimidate|boost
|-unboost|p2a: Golduck|atk|1
|-unboost|p2b: Ursaluna|atk|1
|move|p2b: Ursaluna|Blood Moon|p1b: Ursaluna
|-damage|p1b: Ursaluna|27/100 brn
|-damage|p2b: Ursaluna|91/100|[from] item: Life Orb
|
|-weather|SunnyDay|[upkeep]
|-damage|p1b: Ursaluna|21/100 brn|[from] brn
|upkeep
|turn|4
|
|t:|1755533441
|move|p1b: Ursaluna|Protect|p1b: Ursaluna
|-singleturn|p1b: Ursaluna|Protect
|move|p1a: Incineroar|Knock Off|p2b: Ursaluna
|-damage|p2b: Ursaluna|68/100
|-enditem|p2b: Ursaluna|Life Orb|[from] move: Knock Off|[of] p1a: Incineroar
|move|p2a: Golduck|Chilling Water|p1b: Ursaluna
|-activate|p1b: Ursaluna|move: Protect
|move|p2b: Ursaluna|Hyper Voice|p1a: Incineroar|[spread] p1a
|-activate|p1b: Ursaluna|move: Protect
|-damage|p1a: Incineroar|51/100
|
|-weather|SunnyDay|[upkeep]
|-damage|p1b: Ursaluna|15/100 brn|[from] brn
|upkeep
|turn|5
|inactive|CrystalGem02 has 30 seconds left.
|
|t:|1755533472
|switch|p1b: Ryo|Torkoal, L50, F|53/100
|move|p1a: Incineroar|Flare Blitz|p2b: Ursaluna
|-damage|p2b: Ursaluna|38/100
|-damage|p1a: Incineroar|42/100|[from] Recoil
|move|p2a: Golduck|Icy Wind|p1a: Incineroar|[spread] p1a,p1b
|-resisted|p1b: Ryo
|-crit|p1b: Ryo
|-damage|p1a: Incineroar|33/100
|-damage|p1b: Ryo|45/100
|-unboost|p1a: Incineroar|spe|1
|-unboost|p1b: Ryo|spe|1
|move|p2b: Ursaluna|Hyper Voice|p1b: Ryo|[spread] p1a,p1b
|-damage|p1a: Incineroar|6/100
|-damage|p1b: Ryo|11/100
|
|-weather|SunnyDay|[upkeep]
|-fieldend|move: Psychic Terrain
|upkeep
|turn|6
|
|t:|1755533492
|move|p1b: Ryo|Helping Hand|p1a: Incineroar
|-singleturn|p1a: Incineroar|Helping Hand|[of] p1b: Ryo
|move|p2a: Golduck|Chilling Water|p1a: Incineroar
|-damage|p1a: Incineroar|0 fnt
|faint|p1a: Incineroar
|move|p2b: Ursaluna|Earth Power|p1b: Ryo
|-supereffective|p1b: Ryo
|-damage|p1b: Ryo|0 fnt
|faint|p1b: Ryo
|
|-weather|SunnyDay|[upkeep]
|upkeep
|
|t:|1755533498
|switch|p1b: Ursaluna|Ursaluna, L50, F|15/100 brn
|turn|7
|
|t:|1755533506
|move|p2a: Golduck|Chilling Water|p1b: Ursaluna
|-supereffective|p1b: Ursaluna
|-damage|p1b: Ursaluna|0 fnt
|faint|p1b: Ursaluna
|
|win|CrystalGem02
|raw|Bergmann VGC's rating: 1232 → 1206(-26 for losing)
|raw|CrystalGem02's rating: 1225 → 1251(+26 for winning)
