|j|☆FLAMENETA
|j|☆tang de maracuja
|html|FLAMENETAtang de maracuja    
|uhtml|bestof|Game 1 of a best-of-3
|t:|1784651060
|gametype|doubles
|player|p1|FLAMENETA|265|1150
|player|p2|tang de maracuja|morty|1120
|gen|9
|tier|[Gen 9 Champions] VGC 2026 Reg M-B (Bo3)
|rated|
|rule|Species Clause: Limit one of each Pokémon
|rule|Item Clause: Limit 1 of each item
|clearpoke
|poke|p1|Scovillain, L50, F|
|poke|p1|Incineroar, L50, F|
|poke|p1|Gallade, L50, M|
|poke|p1|Farigiraf, L50, F|
|poke|p1|Pelipper, L50, F|
|poke|p1|Kingambit, L50, M|
|poke|p2|Gengar, L50, M|
|poke|p2|Archaludon, L50, M|
|poke|p2|Politoed, L50, F|
|poke|p2|Swampert, L50, F|
|poke|p2|Vivillon, L50, F|
|poke|p2|Incineroar, L50, M|
|teampreview|4
|showteam|p1|Scovillain||Scovillainite|Moody|LeafStorm,Overheat,Protect,RagePowder|Relaxed||F|||50|]Incineroar||WhiteHerb|Intimidate|CloseCombat,FlareBlitz,FakeOut,DarkestLariat|Brave||F|||50|]Gallade||BlackBelt|Sharpness|SacredSword,PsychoCut,Protect,TrickRoom|Brave||M|||50|]Farigiraf||SitrusBerry|ArmorTail|TrickRoom,HyperVoice,NastyPlot,Psychic|Quiet||F|||50|]Pelipper||MysticWater|Drizzle|Hurricane,MuddyWater,WideGuard,WeatherBall|Quiet||F|||50|]Kingambit||BlackGlasses|Defiant|SwordsDance,SuckerPunch,IronHead,KowtowCleave|Brave||M|||50|
|showteam|p2|Gengar||Gengarite|CursedBody|ShadowBall,SludgeBomb,PerishSong,Protect|Modest||M|||50|]Archaludon||Leftovers|Stamina|ElectroShot,DragonPulse,FlashCannon,Protect|Bold||M|||50|]Politoed||SitrusBerry|Drizzle|WeatherBall,Hypnosis,PerishSong,Protect|Calm||F|||50|]Swampert||Swampertite|Torrent|WaveCrash,Earthquake,IcePunch,Protect|Adamant||F|||50|]Vivillon||FocusSash|CompoundEyes|Hurricane,SleepPowder,RagePowder,Protect|Timid||F|||50|]Incineroar||PasshoBerry|Intimidate|ThroatChop,FakeOut,PartingShot,Protect|Impish||M|||50|
|inactive|Battle timer is ON: inactive players will automatically lose when time's up. (requested by tang de maracuja)
|inactive|FLAMENETA has 60 seconds left.
|inactive|tang de maracuja has 60 seconds left.
|inactive|tang de maracuja has 30 seconds left.
|
|t:|1784651129
|teamsize|p1|4
|teamsize|p2|4
|start
|switch|p1a: Incineroar|Incineroar, L50, F|100/100
|switch|p1b: Farigiraf|Farigiraf, L50, F|100/100
|switch|p2a: Gengar|Gengar, L50, M|100/100
|switch|p2b: Vivillon|Vivillon, L50, F|100/100
|-ability|p1a: Incineroar|Intimidate|boost
|-unboost|p2a: Gengar|atk|1
|-unboost|p2b: Vivillon|atk|1
|turn|1
|inactive|FLAMENETA has 30 seconds left.
|
|t:|1784651159
|detailschange|p2a: Gengar|Gengar-Mega, L50, M
|-mega|p2a: Gengar|Gengar|Gengarite
|move|p1a: Incineroar|Fake Out|p2b: Vivillon
|-damage|p2b: Vivillon|69/100
|move|p2a: Gengar|Perish Song|p2a: Gengar
|-start|p1a: Incineroar|perish3|[silent]
|-start|p1b: Farigiraf|perish3|[silent]
|-start|p2a: Gengar|perish3|[silent]
|-start|p2b: Vivillon|perish3|[silent]
|-fieldactivate|move: Perish Song
|cant|p2b: Vivillon|flinch
|move|p1b: Farigiraf|Trick Room|p1b: Farigiraf
|-fieldstart|move: Trick Room|[of] p1b: Farigiraf
|
|-start|p1a: Incineroar|perish3
|-start|p1b: Farigiraf|perish3
|-start|p2b: Vivillon|perish3
|-start|p2a: Gengar|perish3
|upkeep
|turn|2
|
|t:|1784651182
|switch|p2b: Incineroar|Incineroar, L50, M|100/100
|-ability|p2b: Incineroar|Intimidate|boost
|-unboost|p1a: Incineroar|atk|1
|-unboost|p1b: Farigiraf|atk|1
|-enditem|p1a: Incineroar|White Herb
|-clearnegativeboost|p1a: Incineroar|[silent]
|move|p1b: Farigiraf|Nasty Plot|p1b: Farigiraf
|-boost|p1b: Farigiraf|spa|2
|move|p1a: Incineroar|Flare Blitz|p2b: Incineroar
|-resisted|p2b: Incineroar|1
|-damage|p2b: Incineroar|75/100
|-damage|p1a: Incineroar|92/100|[from] Recoil
|move|p2a: Gengar|Sludge Bomb|p1a: Incineroar
|-damage|p1a: Incineroar|36/100
|
|-start|p1b: Farigiraf|perish2
|-start|p1a: Incineroar|perish2
|-start|p2a: Gengar|perish2
|upkeep
|turn|3
|
|t:|1784651205
|move|p2a: Gengar|Protect|p2a: Gengar
|-singleturn|p2a: Gengar|Protect
|move|p1b: Farigiraf|Psychic|p2a: Gengar
|-activate|p2a: Gengar|move: Protect
|move|p1a: Incineroar|Close Combat|p2b: Incineroar
|-supereffective|p2b: Incineroar|1
|-damage|p2b: Incineroar|4/100
|-unboost|p1a: Incineroar|def|1
|-unboost|p1a: Incineroar|spd|1
|move|p2b: Incineroar|Parting Shot|p1a: Incineroar
|-unboost|p1a: Incineroar|atk|1
|-unboost|p1a: Incineroar|spa|1
|
|t:|1784651228
|switch|p2b: Politoed|Politoed, L50, F|100/100|[from] Parting Shot
|-weather|RainDance|[from] ability: Drizzle|[of] p2b: Politoed
|
|-weather|RainDance|[upkeep]
|-start|p1a: Incineroar|perish1
|-start|p1b: Farigiraf|perish1
|-start|p2a: Gengar|perish1
|upkeep
|turn|4
|
|t:|1784651248
|switch|p2a: Incineroar|Incineroar, L50, M|4/100
|-ability|p2a: Incineroar|Intimidate|boost
|-unboost|p1a: Incineroar|atk|1
|-unboost|p1b: Farigiraf|atk|1
|move|p2b: Politoed|Protect|p2b: Politoed
|-singleturn|p2b: Politoed|Protect
|move|p1a: Incineroar|Flare Blitz|p2a: Incineroar
|-resisted|p2a: Incineroar|1
|-damage|p2a: Incineroar|0 fnt
|faint|p2a: Incineroar
|-damage|p1a: Incineroar|35/100|[from] Recoil
|move|p1b: Farigiraf|Hyper Voice|p2b: Politoed
|-activate|p2b: Politoed|move: Protect
|
|-weather|RainDance|[upkeep]
|-start|p1a: Incineroar|perish0
|-start|p1b: Farigiraf|perish0
|faint|p1a: Incineroar
|faint|p1b: Farigiraf
|upkeep
|
|t:|1784651259
|switch|p1b: Kingambit|Kingambit, L50, M|100/100
|switch|p1a: Gallade|Gallade, L50, M|100/100
|switch|p2a: Gengar|Gengar-Mega, L50, M|100/100
|turn|5
|
|t:|1784651273
|move|p2a: Gengar|Protect|p2a: Gengar
|-singleturn|p2a: Gengar|Protect
|move|p1b: Kingambit|Kowtow Cleave|p2a: Gengar
|-activate|p2a: Gengar|move: Protect
|move|p2b: Politoed|Perish Song|p2b: Politoed
|-start|p1a: Gallade|perish3|[silent]
|-start|p1b: Kingambit|perish3|[silent]
|-start|p2a: Gengar|perish3|[silent]
|-start|p2b: Politoed|perish3|[silent]
|-fieldactivate|move: Perish Song
|move|p1a: Gallade|Sacred Sword|p2b: Politoed
|-damage|p2b: Politoed|17/100
|-enditem|p2b: Politoed|Sitrus Berry|[eat]
|-heal|p2b: Politoed|42/100|[from] item: Sitrus Berry
|
|-weather|RainDance|[upkeep]
|-start|p1b: Kingambit|perish3
|-start|p1a: Gallade|perish3
|-start|p2b: Politoed|perish3
|-start|p2a: Gengar|perish3
|-fieldend|move: Trick Room
|upkeep
|turn|6
|
|t:|1784651282
|switch|p2a: Vivillon|Vivillon, L50, F|69/100
|move|p2b: Politoed|Protect|p2b: Politoed
|-singleturn|p2b: Politoed|Protect
|move|p1b: Kingambit|Kowtow Cleave|p2a: Vivillon
|-damage|p2a: Vivillon|0 fnt
|faint|p2a: Vivillon
|move|p1a: Gallade|Trick Room|p1a: Gallade
|-fieldstart|move: Trick Room|[of] p1a: Gallade
|
|-weather|RainDance|[upkeep]
|-start|p1b: Kingambit|perish2
|-start|p1a: Gallade|perish2
|-start|p2b: Politoed|perish2
|upkeep
|
|t:|1784651292
|switch|p2a: Gengar|Gengar-Mega, L50, M|100/100
|turn|7
|
|t:|1784651306
|move|p2a: Gengar|Protect|p2a: Gengar
|-singleturn|p2a: Gengar|Protect
|move|p1b: Kingambit|Kowtow Cleave|p2a: Gengar
|-activate|p2a: Gengar|move: Protect
|move|p1a: Gallade|Sacred Sword|p2b: Politoed
|-damage|p2b: Politoed|0 fnt
|faint|p2b: Politoed
|
|-weather|none
|-start|p1b: Kingambit|perish1
|-start|p1a: Gallade|perish1
|upkeep
|turn|8
|
|t:|1784651316
|move|p2a: Gengar|Protect|p2a: Gengar
|-singleturn|p2a: Gengar|Protect
|move|p1b: Kingambit|Kowtow Cleave|p2a: Gengar
|-activate|p2a: Gengar|move: Protect
|move|p1a: Gallade|Psycho Cut|p2a: Gengar
|-activate|p2a: Gengar|move: Protect
|
|-start|p1b: Kingambit|perish0
|-start|p1a: Gallade|perish0
|faint|p1b: Kingambit
|faint|p1a: Gallade
|
|win|tang de maracuja
||FLAMENETA is ready for game 2.
||tang de maracuja is ready for game 2.
|uhtml|next|Next: Game 2 of 3
