|j|☆Aydun251
|j|☆raksbachtesting1
|html|Aydun251raksbachtesting1    
|uhtml|bestof|Game 2 of a best-of-3
|t:|1785161714
|gametype|doubles
|player|p1|Aydun251|102|1198
|player|p2|raksbachtesting1|doubleteam|1123
|gen|9
|tier|[Gen 9 Champions] VGC 2026 Reg M-B (Bo3)
|rated|
|rule|Species Clause: Limit one of each Pokémon
|rule|Item Clause: Limit 1 of each item
|clearpoke
|poke|p1|Scrafty, L50, F|
|poke|p1|Vileplume, L50, F|
|poke|p1|Staraptor, L50, M|
|poke|p1|Farigiraf, L50, M|
|poke|p1|Sylveon, L50, F|
|poke|p1|Torkoal, L50, F|
|poke|p2|Charizard, L50, M|
|poke|p2|Garchomp, L50, F|
|poke|p2|Incineroar, L50, M|
|poke|p2|Venusaur, L50, M|
|poke|p2|Toxapex, L50, F|
|poke|p2|Sylveon, L50, M|
|teampreview|4
|showteam|p1|Scrafty||Scraftinite|Intimidate|CloseCombat,KnockOff,IronHead,FakeOut|Brave||F|||50|]Vileplume||FocusSash|Chlorophyll|SludgeBomb,SleepPowder,AfterYou,LeafStorm|Timid||F|||50|]Staraptor||ChoiceScarf|Intimidate|BraveBird,CloseCombat,Uturn,FinalGambit|Jolly||M|||50|]Farigiraf||SitrusBerry|ArmorTail|Protect,TwinBeam,Thunderbolt,TrickRoom|Sassy||M|||50|]Sylveon||FairyFeather|Pixilate|HyperVoice,QuickAttack,HyperBeam,Detect|Quiet||F|||50|]Torkoal||Charcoal|Drought|Eruption,WeatherBall,HeatWave,Protect|Quiet||F|||50|
|showteam|p2|Charizard||CharizarditeY|SolarPower|WeatherBall,HeatWave,AncientPower,Protect|Modest||M|||50|]Garchomp||ChoiceScarf|RoughSkin|RockSlide,DragonClaw,Earthquake,StompingTantrum|Adamant||F|||50|]Incineroar||SitrusBerry|Intimidate|FlareBlitz,FakeOut,DarkestLariat,PartingShot|Impish||M|||50|]Venusaur||LifeOrb|Chlorophyll|SludgeBomb,LeafStorm,EarthPower,Protect|Modest||M|||50|]Toxapex||Leftovers|Regenerator|Infestation,Toxic,WideGuard,BanefulBunker|Bold||F|||50|]Sylveon||FairyFeather|Pixilate|HyperVoice,QuickAttack,Yawn,Detect|Modest||M|||50|
|inactive|Battle timer is ON: inactive players will automatically lose when time's up. (requested by raksbachtesting1)
|
|t:|1785161743
|teamsize|p1|4
|teamsize|p2|4
|start
|switch|p1a: Farigiraf|Farigiraf, L50, M|100/100
|switch|p1b: Sylveon|Sylveon, L50, F|100/100
|switch|p2a: Incineroar|Incineroar, L50, M|100/100
|switch|p2b: Garchomp|Garchomp, L50, F|100/100
|-ability|p2a: Incineroar|Intimidate|boost
|-unboost|p1a: Farigiraf|atk|1
|-unboost|p1b: Sylveon|atk|1
|turn|1
|
|t:|1785161761
|switch|p2b: Toxapex|Toxapex, L50, F|100/100
|move|p2a: Incineroar|Parting Shot|p1b: Sylveon
|-unboost|p1b: Sylveon|atk|1
|-unboost|p1b: Sylveon|spa|1
|
|t:|1785161770
|switch|p2a: Charizard|Charizard, L50, M|100/100|[from] Parting Shot
|move|p1b: Sylveon|Hyper Voice|p2b: Toxapex|[spread] p2a,p2b
|-resisted|p2a: Charizard|1
|-resisted|p2b: Toxapex|1
|-damage|p2a: Charizard|83/100
|-damage|p2b: Toxapex|87/100
|move|p1a: Farigiraf|Trick Room|p1a: Farigiraf
|-fieldstart|move: Trick Room|[of] p1a: Farigiraf
|
|-heal|p2b: Toxapex|93/100|[from] item: Leftovers
|upkeep
|turn|2
|inactive|Aydun251 has 30 seconds left.
|inactive|raksbachtesting1 has 30 seconds left.
|inactive|Aydun251 has 20 seconds left.
|
|t:|1785161807
|switch|p1b: Scrafty|Scrafty, L50, F|100/100
|-ability|p1b: Scrafty|Intimidate|boost
|-unboost|p2a: Charizard|atk|1
|-unboost|p2b: Toxapex|atk|1
|move|p2a: Charizard|Protect|p2a: Charizard
|-singleturn|p2a: Charizard|Protect
|move|p2b: Toxapex|Infestation|p1a: Farigiraf
|-supereffective|p1a: Farigiraf|1
|-damage|p1a: Farigiraf|94/100
|-activate|p1a: Farigiraf|move: Infestation|[of] p2b: Toxapex
|move|p1a: Farigiraf|Twin Beam|p2b: Toxapex
|-supereffective|p2b: Toxapex|1
|-crit|p2b: Toxapex
|-damage|p2b: Toxapex|61/100
|-supereffective|p2b: Toxapex|1
|-damage|p2b: Toxapex|38/100
|-hitcount|p2b: Toxapex|2
|
|-heal|p2b: Toxapex|44/100|[from] item: Leftovers
|-damage|p1a: Farigiraf|82/100|[from] move: Infestation|[partiallytrapped]
|upkeep
|turn|3
|
|t:|1785161831
|switch|p2a: Incineroar|Incineroar, L50, M|100/100
|-ability|p2a: Incineroar|Intimidate|boost
|-unboost|p1a: Farigiraf|atk|1
|-unboost|p1b: Scrafty|atk|1
|move|p2b: Toxapex|Baneful Bunker|p2b: Toxapex
|-singleturn|p2b: Toxapex|move: Protect
|move|p1b: Scrafty|Fake Out|p2a: Incineroar
|-crit|p2a: Incineroar
|-damage|p2a: Incineroar|85/100
|move|p1a: Farigiraf|Twin Beam|p2b: Toxapex
|-activate|p2b: Toxapex|move: Protect
|
|-heal|p2b: Toxapex|50/100g|[from] item: Leftovers
|-damage|p1a: Farigiraf|69/100|[from] move: Infestation|[partiallytrapped]
|upkeep
|turn|4
|
|t:|1785161853
|-heal|p2b: Toxapex|83/100|[from] ability: Regenerator|[silent]
|switch|p2b: Garchomp|Garchomp, L50, F|100/100
|detailschange|p1b: Scrafty|Scrafty-Mega, L50, F
|-mega|p1b: Scrafty|Scrafty|Scraftinite
|-ability|p1b: Scrafty|Intimidate|boost
|-unboost|p2a: Incineroar|atk|1
|-unboost|p2b: Garchomp|atk|1
|move|p1a: Farigiraf|Twin Beam|p2b: Garchomp
|-damage|p2b: Garchomp|81/100
|-damage|p2b: Garchomp|65/100
|-hitcount|p2b: Garchomp|2
|move|p1b: Scrafty|Knock Off|p2b: Garchomp
|-crit|p2b: Garchomp
|-damage|p2b: Garchomp|0 fnt
|-damage|p1b: Scrafty|87/100|[from] ability: Rough Skin|[of] p2b: Garchomp
|-enditem|p2b: Garchomp|Choice Scarf|[from] move: Knock Off|[of] p1b: Scrafty
|faint|p2b: Garchomp
|move|p2a: Incineroar|Parting Shot|p1b: Scrafty
|-unboost|p1b: Scrafty|atk|1
|-unboost|p1b: Scrafty|spa|1
|
|t:|1785161872
|switch|p2a: Charizard|Charizard, L50, M|83/100|[from] Parting Shot
|
|-end|p1a: Farigiraf|Infestation|[partiallytrapped]|[silent]
|upkeep
|
|t:|1785161875
|switch|p2b: Incineroar|Incineroar, L50, M|85/100
|-ability|p2b: Incineroar|Intimidate|boost
|-unboost|p1a: Farigiraf|atk|1
|-unboost|p1b: Scrafty|atk|1
|turn|5
|inactive|Aydun251 has 30 seconds left.
|
|t:|1785161903
|switch|p1b: Sylveon|Sylveon, L50, F|100/100
|detailschange|p2a: Charizard|Charizard-Mega-Y, L50, M
|-mega|p2a: Charizard|Charizard|Charizardite Y
|-weather|SunnyDay|[from] ability: Drought|[of] p2a: Charizard
|move|p1a: Farigiraf|Thunderbolt|p2a: Charizard
|-supereffective|p2a: Charizard|1
|-damage|p2a: Charizard|41/100
|move|p2b: Incineroar|Flare Blitz|p1a: Farigiraf
|-damage|p1a: Farigiraf|7/100
|-enditem|p1a: Farigiraf|Sitrus Berry|[eat]
|-heal|p1a: Farigiraf|32/100|[from] item: Sitrus Berry
|-damage|p2b: Incineroar|62/100|[from] Recoil
|move|p2a: Charizard|Heat Wave|p1a: Farigiraf|[spread] p1a,p1b
|-damage|p1a: Farigiraf|0 fnt
|-damage|p1b: Sylveon|53/100
|faint|p1a: Farigiraf
|
|-weather|SunnyDay|[upkeep]
|-fieldend|move: Trick Room
|upkeep
|inactive|Aydun251 has 30 seconds left.
|
|t:|1785161930
|switch|p1a: Torkoal|Torkoal, L50, F|100/100
|turn|6
|inactive|Aydun251 has 30 seconds left.
|inactive|Aydun251 has 20 seconds left.
|inactive|Aydun251 has 15 seconds left.
|inactive|Aydun251 has 10 seconds left.
|
|t:|1785161976
|move|p2a: Charizard|Ancient Power|p1a: Torkoal
|-supereffective|p1a: Torkoal|1
|-damage|p1a: Torkoal|36/100
|move|p2b: Incineroar|Flare Blitz|p1b: Sylveon
|-damage|p1b: Sylveon|0 fnt
|faint|p1b: Sylveon
|-damage|p2b: Incineroar|47/100|[from] Recoil
|-enditem|p2b: Incineroar|Sitrus Berry|[eat]
|-heal|p2b: Incineroar|71/100|[from] item: Sitrus Berry
|move|p1a: Torkoal|Heat Wave|p2a: Charizard|[spread] p2a,p2b
|-resisted|p2a: Charizard|1
|-resisted|p2b: Incineroar|1
|-damage|p2a: Charizard|17/100
|-damage|p2b: Incineroar|47/100
|
|-weather|SunnyDay|[upkeep]
|upkeep
|
|t:|1785161989
|switch|p1b: Scrafty|Scrafty-Mega, L50, F|87/100
|-ability|p1b: Scrafty|Intimidate|boost
|-unboost|p2a: Charizard|atk|1
|-unboost|p2b: Incineroar|atk|1
|turn|7
|
|t:|1785162006
|switch|p2b: Toxapex|Toxapex, L50, F|83/100
|move|p2a: Charizard|Protect|p2a: Charizard
|-singleturn|p2a: Charizard|Protect
|move|p1b: Scrafty|Knock Off|p2b: Toxapex
|-damage|p2b: Toxapex|48/100
|-enditem|p2b: Toxapex|Leftovers|[from] move: Knock Off|[of] p1b: Scrafty
|move|p1a: Torkoal|Weather Ball|p2a: Charizard
|-activate|p2a: Charizard|move: Protect
|
|-weather|SunnyDay|[upkeep]
|upkeep
|turn|8
|
|t:|1785162023
|-heal|p2b: Toxapex|81/100|[from] ability: Regenerator|[silent]
|switch|p2b: Incineroar|Incineroar, L50, M|47/100
|-ability|p2b: Incineroar|Intimidate|boost
|-unboost|p1a: Torkoal|atk|1
|-unboost|p1b: Scrafty|atk|1
|move|p2a: Charizard|Weather Ball|p1b: Scrafty
|-damage|p1b: Scrafty|13/100
|move|p1b: Scrafty|Close Combat|p2b: Incineroar
|-supereffective|p2b: Incineroar|1
|-damage|p2b: Incineroar|0 fnt
|-unboost|p1b: Scrafty|def|1
|-unboost|p1b: Scrafty|spd|1
|faint|p2b: Incineroar
|move|p1a: Torkoal|Weather Ball|p2a: Charizard
|-resisted|p2a: Charizard|1
|-damage|p2a: Charizard|0 fnt
|faint|p2a: Charizard
|
|-weather|SunnyDay|[upkeep]
|upkeep
|
|t:|1785162036
|switch|p2b: Toxapex|Toxapex, L50, F|81/100
|turn|9
|
|t:|1785162043
|move|p2b: Toxapex|Baneful Bunker|p2b: Toxapex
|-singleturn|p2b: Toxapex|move: Protect
|move|p1b: Scrafty|Knock Off|p2b: Toxapex
|-activate|p2b: Toxapex|move: Protect
|-status|p1b: Scrafty|psn
|move|p1a: Torkoal|Heat Wave|p2b: Toxapex
|-activate|p2b: Toxapex|move: Protect
|
|-weather|none
|-damage|p1b: Scrafty|1/100 psn|[from] psn
|upkeep
|turn|10
|
|t:|1785162056
|move|p2b: Toxapex|Wide Guard|p2b: Toxapex
|-singleturn|p2b: Toxapex|Wide Guard
|move|p1b: Scrafty|Knock Off|p2b: Toxapex
|-damage|p2b: Toxapex|63/100
|move|p1a: Torkoal|Heat Wave|p2b: Toxapex
|-activate|p2b: Toxapex|move: Wide Guard
|
|-damage|p1b: Scrafty|0 fnt|[from] psn
|faint|p1b: Scrafty
|upkeep
|turn|11
|
|t:|1785162063
|move|p2b: Toxapex|Toxic|p1a: Torkoal
|-status|p1a: Torkoal|tox
|move|p1a: Torkoal|Weather Ball|p2b: Toxapex
|-damage|p2b: Toxapex|51/100
|
|-damage|p1a: Torkoal|30/100 tox|[from] psn
|upkeep
|turn|12
|-message|Aydun251 forfeited.
|
|win|raksbachtesting1
|raw|Aydun251's rating: 1198 → 1168(-30 for losing)
|raw|raksbachtesting1's rating: 1123 → 1153(+30 for winning)
