|j|☆DonDeLenguas
|j|☆LastHorzion
|html|DonDeLenguasLastHorzion    
|uhtml|bestof|Game 2 of a best-of-3
|t:|1755181139
|gametype|doubles
|player|p1|DonDeLenguas|2|1212
|player|p2|LastHorzion|steven|1310
|gen|9
|tier|[Gen 9] VGC 2025 Reg H (Bo3)
|rated|
|rule|Species Clause: Limit one of each Pokémon
|rule|Item Clause: Limit 1 of each item
|clearpoke
|poke|p1|Kilowattrel, L50, F|
|poke|p1|Garchomp, L50, F|
|poke|p1|Gardevoir, L50, F|
|poke|p1|Incineroar, L50, F|
|poke|p1|Archaludon, L50, F|
|poke|p1|Weezing, L50, F|
|poke|p2|Sneasler, L50, M|
|poke|p2|Indeedee, L50, M|
|poke|p2|Ursaluna-Bloodmoon, L50, M|
|poke|p2|Whimsicott, L50, M|
|poke|p2|Typhlosion-Hisui, L50, M|
|poke|p2|Dragonite, L50, M|
|teampreview|4
|showteam|p1|Kilowattrel||FocusSash|Competitive|Protect,Tailwind,AirSlash,Discharge|||F|||50|,,,,,Ghost]Garchomp||LifeOrb|RoughSkin|Protect,DragonClaw,StompingTantrum,Earthquake|||F|||50|,,,,,Ground]Gardevoir||ChoiceScarf|Telepathy|Moonblast,DazzlingGleam,ExpandingForce,MysticalFire|||F|||50|,,,,,Fire]Incineroar||AbilityShield|Intimidate|FakeOut,FlareBlitz,KnockOff,PartingShot|||F|||50|,,,,,Grass]Archaludon||PowerHerb|Sturdy|Protect,FlashCannon,DragonPulse,ElectroShot|||F|||50|,,,,,Stellar]Weezing||SitrusBerry|NeutralizingGas|Protect,SludgeBomb,WillOWisp,Haze|||F|||50|,,,,,Water
|showteam|p2|Sneasler||PsychicSeed|Unburden|CloseCombat,DireClaw,ThroatChop,Protect|||M|||50|,,,,,Dark]Indeedee||FocusSash|PsychicSurge|ExpandingForce,TeraBlast,Imprison,TrickRoom|||M|||50|,,,,,Ground]Ursaluna-Bloodmoon||LifeOrb|MindsEye|BloodMoon,EarthPower,HyperVoice,Protect|||M|||50|,,,,,Normal]Whimsicott||CovertCloak|Prankster|Tailwind,Moonblast,Encore,SunnyDay|||M|||50|,,,,,Water]Typhlosion-Hisui||ChoiceScarf|Blaze|Eruption,Curse,HeatWave,ShadowBall|||M|||50|,,,,,Fire]Dragonite||LoadedDice|Multiscale|ScaleShot,StompingTantrum,Haze,Protect|||M|||50|,,,,,Fairy
|inactive|Battle timer is ON: inactive players will automatically lose when time's up. (requested by LastHorzion)
|
|t:|1755181161
|teamsize|p1|4
|teamsize|p2|4
|start
|switch|p1a: Kilowattrel|Kilowattrel, L50, F|100/100
|switch|p1b: Gardevoir|Gardevoir, L50, F|100/100
|switch|p2a: Indeedee|Indeedee, L50, M, shiny|100/100
|switch|p2b: Ursaluna|Ursaluna-Bloodmoon, L50, M|100/100
|-fieldstart|move: Psychic Terrain|[from] ability: Psychic Surge|[of] p2a: Indeedee
|turn|1
|inactive|DonDeLenguas has 30 seconds left.
|inactive|DonDeLenguas has 20 seconds left.
|
|t:|1755181196
|move|p2b: Ursaluna|Protect|p2b: Ursaluna
|-singleturn|p2b: Ursaluna|Protect
|move|p1b: Gardevoir|Expanding Force|p2a: Indeedee|[spread] p2a
|-activate|p2b: Ursaluna|move: Protect
|-resisted|p2a: Indeedee
|-damage|p2a: Indeedee|61/100
|move|p1a: Kilowattrel|Tailwind|p1a: Kilowattrel
|-sidestart|p1: DonDeLenguas|move: Tailwind
|move|p2a: Indeedee|Trick Room|p2a: Indeedee
|-fieldstart|move: Trick Room|[of] p2a: Indeedee
|
|upkeep
|turn|2
|
|t:|1755181221
|move|p2b: Ursaluna|Hyper Voice|p1a: Kilowattrel|[spread] p1a,p1b
|-damage|p1a: Kilowattrel|9/100
|-damage|p1b: Gardevoir|47/100
|-damage|p2b: Ursaluna|91/100|[from] item: Life Orb
|move|p2a: Indeedee|Imprison|p2a: Indeedee
|-start|p2a: Indeedee|move: Imprison
|move|p1a: Kilowattrel|Air Slash|p2b: Ursaluna
|-damage|p2b: Ursaluna|48/100
|cant|p1b: Gardevoir|move: Imprison|Expanding Force
|
|upkeep
|turn|3
|
|t:|1755181244
|move|p2b: Ursaluna|Hyper Voice|p1b: Gardevoir|[spread] p1a,p1b
|-damage|p1a: Kilowattrel|0 fnt
|-damage|p1b: Gardevoir|0 fnt
|faint|p1a: Kilowattrel
|faint|p1b: Gardevoir
|-damage|p2b: Ursaluna|39/100|[from] item: Life Orb
|move|p2a: Indeedee|Expanding Force|p1: Kilowattrel|[notarget]
|-fail|p2a: Indeedee
|
|upkeep
|
|t:|1755181251
|switch|p1b: Incineroar|Incineroar, L50, F|100/100
|switch|p1a: Garchomp|Garchomp, L50, F|100/100
|-ability|p1b: Incineroar|Intimidate|boost
|-unboost|p2a: Indeedee|atk|1
|-unboost|p2b: Ursaluna|atk|1
|turn|4
|inactive|LastHorzion has 30 seconds left.
|
|t:|1755181279
|-terastallize|p1a: Garchomp|Ground
|move|p2b: Ursaluna|Blood Moon|p1b: Incineroar
|-damage|p1b: Incineroar|0 fnt
|faint|p1b: Incineroar
|-damage|p2b: Ursaluna|29/100|[from] item: Life Orb
|move|p2a: Indeedee|Expanding Force|p1a: Garchomp
|-damage|p1a: Garchomp|27/100
|move|p1a: Garchomp|Earthquake|p2a: Indeedee|[spread] p2a,p2b
|-damage|p2a: Indeedee|0 fnt
|-damage|p2b: Ursaluna|0 fnt
|faint|p2a: Indeedee
|faint|p2b: Ursaluna
|-damage|p1a: Garchomp|18/100|[from] item: Life Orb
|
|-sideend|p1: DonDeLenguas|move: Tailwind
|upkeep
|
|t:|1755181293
|switch|p2b: Typhlosion|Typhlosion-Hisui, L50, M|100/100
|switch|p2a: Dragonite|Dragonite, L50, M|100/100
|turn|5
|
|t:|1755181306
|-terastallize|p2a: Dragonite|Fairy
|move|p2a: Dragonite|Stomping Tantrum|p1a: Garchomp
|-damage|p1a: Garchomp|0 fnt
|-damage|p2a: Dragonite|89/100|[from] ability: Rough Skin|[of] p1a: Garchomp
|faint|p1a: Garchomp
|
|win|LastHorzion
|raw|DonDeLenguas's rating: 1212 → 1194(-18 for losing)
|raw|LastHorzion's rating: 1310 → 1325(+15 for winning)
|l|☆DonDeLenguas
|player|p1|
