|j|☆gama123
|j|☆endk649
|html|gama123endk649    
|uhtml|bestof|Game 3 of a best-of-3
|t:|1756406358
|gametype|doubles
|player|p1|gama123|170|1151
|player|p2|endk649|gambler|1197
|gen|9
|tier|[Gen 9] VGC 2025 Reg H (Bo3)
|rated|
|rule|Species Clause: Limit one of each Pokémon
|rule|Item Clause: Limit 1 of each item
|clearpoke
|poke|p1|Pelipper, L50, F|
|poke|p1|Archaludon, L50, M|
|poke|p1|Rillaboom, L50, F|
|poke|p1|Gholdengo, L50|
|poke|p1|Scizor, L50, F|
|poke|p1|Kingdra, L50, F|
|poke|p2|Feraligatr, L50, M|
|poke|p2|Gholdengo, L50|
|poke|p2|Politoed, L50, F|
|poke|p2|Amoonguss, L50, M|
|poke|p2|Rillaboom, L50, M|
|poke|p2|Incineroar, L50, F|
|teampreview|4
|showteam|p1|Pelipper||CovertCloak|Drizzle|Hurricane,WeatherBall,Protect,Tailwind|||F|||50|,,,,,Grass]Archaludon||AssaultVest|Stamina|BodyPress,DracoMeteor,ElectroShot,FlashCannon|||M|||50|,,,,,Electric]Rillaboom||MiracleSeed|GrassySurge|FakeOut,GrassyGlide,WoodHammer,KnockOff|||F|||50|,,,,,Grass]Gholdengo||WhiteHerb|GoodasGold|MakeItRain,Psychic,Protect,ShadowBall||||||50|,,,,,Dragon]Scizor||LifeOrb|Technician|BulletPunch,DualWingbeat,Pounce,Protect|||F|||50|,,,,,Flying]Kingdra||Leftovers|SwiftSwim|RainDance,WeatherBall,IceBeam,Protect|||F|||50|,,,,,Steel
|showteam|p2|Feraligatr||LifeOrb|SheerForce|Liquidation,Crunch,DragonDance,Protect|||M|||50|,,,,,Dark]Gholdengo||Leftovers|GoodasGold|MakeItRain,ShadowBall,NastyPlot,Protect||||||50|,,,,,Dragon]Politoed||SitrusBerry|Drizzle|WeatherBall,IcyWind,Haze,Protect|||F|||50|,,,,,Grass]Amoonguss||CovertCloak|Regenerator|PollenPuff,Spore,RagePowder,Protect|||M|||50|,,,,,Water]Rillaboom||AssaultVest|GrassySurge|WoodHammer,GrassyGlide,FakeOut,Uturn|||M|||50|,,,,,Fire]Incineroar||SafetyGoggles|Intimidate|KnockOff,FakeOut,Taunt,PartingShot|||F|||50|,,,,,Ghost
|inactive|Battle timer is ON: inactive players will automatically lose when time's up. (requested by endk649)
|
|t:|1756406400
|teamsize|p1|4
|teamsize|p2|4
|start
|switch|p1a: Archaludon|Archaludon, L50, M|100/100
|switch|p1b: Kingdra|Kingdra, L50, F|100/100
|switch|p2a: Incineroar|Incineroar, L50, F, shiny|100/100
|switch|p2b: Gholdengo|Gholdengo, L50|100/100
|-ability|p2a: Incineroar|Intimidate|boost
|-unboost|p1a: Archaludon|atk|1
|-unboost|p1b: Kingdra|atk|1
|turn|1
|
|t:|1756406418
|move|p2a: Incineroar|Fake Out|p1b: Kingdra
|-damage|p1b: Kingdra|89/100
|move|p2b: Gholdengo|Nasty Plot|p2b: Gholdengo
|-boost|p2b: Gholdengo|spa|2
|move|p1a: Archaludon|Draco Meteor|p2b: Gholdengo
|-resisted|p2b: Gholdengo
|-damage|p2b: Gholdengo|66/100
|-unboost|p1a: Archaludon|spa|2
|cant|p1b: Kingdra|flinch
|
|-heal|p2b: Gholdengo|72/100|[from] item: Leftovers
|-heal|p1b: Kingdra|95/100|[from] item: Leftovers
|upkeep
|turn|2
|inactive|gama123 has 30 seconds left.
|
|t:|1756406446
|move|p2b: Gholdengo|Shadow Ball|p1a: Archaludon
|-damage|p1a: Archaludon|37/100
|-ability|p1a: Archaludon|Stamina|boost
|-boost|p1a: Archaludon|def|1
|move|p1a: Archaludon|Body Press|p2a: Incineroar
|-supereffective|p2a: Incineroar
|-damage|p2a: Incineroar|31/100
|move|p1b: Kingdra|Rain Dance|p1b: Kingdra
|-weather|RainDance
|move|p2a: Incineroar|Taunt|p1b: Kingdra
|-start|p1b: Kingdra|move: Taunt
|
|-weather|RainDance|[upkeep]
|-heal|p1b: Kingdra|100/100|[from] item: Leftovers
|-heal|p2b: Gholdengo|78/100|[from] item: Leftovers
|upkeep
|turn|3
|
|t:|1756406470
|switch|p2a: Amoonguss|Amoonguss, L50, M, shiny|100/100
|-terastallize|p1a: Archaludon|Electric
|move|p2b: Gholdengo|Protect|p2b: Gholdengo
|-singleturn|p2b: Gholdengo|Protect
|move|p1b: Kingdra|Weather Ball|p2a: Amoonguss
|-resisted|p2a: Amoonguss
|-damage|p2a: Amoonguss|68/100
|move|p1a: Archaludon|Electro Shot||[still]
|-prepare|p1a: Archaludon|Electro Shot
|-boost|p1a: Archaludon|spa|1
|-anim|p1a: Archaludon|Electro Shot|p2b: Gholdengo
|-activate|p2b: Gholdengo|move: Protect
|
|-weather|RainDance|[upkeep]
|-heal|p2b: Gholdengo|84/100|[from] item: Leftovers
|upkeep
|turn|4
|
|t:|1756406489
|move|p2a: Amoonguss|Rage Powder|p2a: Amoonguss
|-singleturn|p2a: Amoonguss|move: Rage Powder
|move|p1b: Kingdra|Weather Ball|p2a: Amoonguss
|-resisted|p2a: Amoonguss
|-damage|p2a: Amoonguss|40/100
|move|p2b: Gholdengo|Make It Rain|p1b: Kingdra|[spread] p1a,p1b
|-resisted|p1a: Archaludon
|-resisted|p1b: Kingdra
|-damage|p1a: Archaludon|0 fnt
|-damage|p1b: Kingdra|49/100
|-unboost|p2b: Gholdengo|spa|1
|faint|p1a: Archaludon
|
|-weather|RainDance|[upkeep]
|-heal|p1b: Kingdra|54/100|[from] item: Leftovers
|-heal|p2b: Gholdengo|90/100|[from] item: Leftovers
|upkeep
|
|t:|1756406503
|switch|p1a: Gholdengo|Gholdengo, L50|100/100
|turn|5
|
|t:|1756406527
|-terastallize|p2a: Amoonguss|Water
|move|p2a: Amoonguss|Rage Powder|p2a: Amoonguss
|-singleturn|p2a: Amoonguss|move: Rage Powder
|move|p1b: Kingdra|Ice Beam|p2a: Amoonguss
|-resisted|p2a: Amoonguss
|-damage|p2a: Amoonguss|27/100
|move|p1a: Gholdengo|Shadow Ball|p2a: Amoonguss
|-damage|p2a: Amoonguss|0 fnt
|faint|p2a: Amoonguss
|move|p2b: Gholdengo|Shadow Ball|p1a: Gholdengo
|-supereffective|p1a: Gholdengo
|-damage|p1a: Gholdengo|0 fnt
|faint|p1a: Gholdengo
|
|-weather|RainDance|[upkeep]
|-heal|p1b: Kingdra|60/100|[from] item: Leftovers
|-heal|p2b: Gholdengo|96/100|[from] item: Leftovers
|-end|p1b: Kingdra|move: Taunt
|upkeep
|
|t:|1756406542
|switch|p1a: Scizor|Scizor, L50, F|100/100
|switch|p2a: Incineroar|Incineroar, L50, F, shiny|31/100
|-ability|p2a: Incineroar|Intimidate|boost
|-unboost|p1a: Scizor|atk|1
|-unboost|p1b: Kingdra|atk|1
|turn|6
|
|t:|1756406555
|move|p1b: Kingdra|Protect|p1b: Kingdra
|-singleturn|p1b: Kingdra|Protect
|move|p2b: Gholdengo|Protect|p2b: Gholdengo
|-singleturn|p2b: Gholdengo|Protect
|move|p2a: Incineroar|Fake Out|p1b: Kingdra
|-activate|p1b: Kingdra|move: Protect
|move|p1a: Scizor|Pounce|p2b: Gholdengo
|-activate|p2b: Gholdengo|move: Protect
|
|-weather|none
|-heal|p1b: Kingdra|66/100|[from] item: Leftovers
|-heal|p2b: Gholdengo|100/100|[from] item: Leftovers
|upkeep
|turn|7
|
|t:|1756406570
|move|p2b: Gholdengo|Shadow Ball|p1b: Kingdra
|-damage|p1b: Kingdra|0 fnt
|faint|p1b: Kingdra
|move|p2a: Incineroar|Parting Shot|p1a: Scizor
|-unboost|p1a: Scizor|atk|1
|-unboost|p1a: Scizor|spa|1
|
|t:|1756406572
|switch|p2a: Rillaboom|Rillaboom, L50, M, shiny|100/100|[from] Parting Shot
|-fieldstart|move: Grassy Terrain|[from] ability: Grassy Surge|[of] p2a: Rillaboom
|move|p1a: Scizor|Pounce|p2b: Gholdengo
|-resisted|p2b: Gholdengo
|-damage|p2b: Gholdengo|94/100
|-unboost|p2b: Gholdengo|spe|1
|-damage|p1a: Scizor|90/100|[from] item: Life Orb
|
|-heal|p1a: Scizor|97/100|[from] Grassy Terrain
|-heal|p2b: Gholdengo|99/100|[from] Grassy Terrain
|-heal|p2b: Gholdengo|100/100|[from] item: Leftovers
|upkeep
|turn|8
|-message|gama123 forfeited.
|raw|gama123's rating: 1151 → 1129(-22 for losing)
|raw|endk649's rating: 1197 → 1219(+22 for winning)
|
|win|endk649
|l|☆gama123
|player|p1|
