|j|☆randomguy1114s
|j|☆knowaboutme
|html|randomguy1114sknowaboutme    
|uhtml|bestof|Game 2 of a best-of-3
|t:|1756880395
|gametype|doubles
|player|p1|randomguy1114s|lillie-masters|1154
|player|p2|knowaboutme|blue-gen2|1119
|gen|9
|tier|[Gen 9] VGC 2025 Reg H (Bo3)
|rated|
|rule|Species Clause: Limit one of each Pokémon
|rule|Item Clause: Limit 1 of each item
|clearpoke
|poke|p1|Talonflame, L50, F|
|poke|p1|Garchomp, L50, M|
|poke|p1|Tyranitar, L50, M|
|poke|p1|Ursaluna-Bloodmoon, L50, M|
|poke|p1|Amoonguss, L50, M|
|poke|p1|Chandelure, L50, F|
|poke|p2|Annihilape, L50, M|
|poke|p2|Ninetales-Alola, L50, F|
|poke|p2|Talonflame, L50, M|
|poke|p2|Garchomp, L50, M|
|poke|p2|Vivillon-Monsoon, L50, F|
|poke|p2|Gholdengo, L50|
|teampreview|4
|showteam|p1|Talonflame||SafetyGoggles|GaleWings|Tailwind,FlareBlitz,BraveBird,WillOWisp|||F|||50|,,,,,Ghost]Garchomp||ClearAmulet|SandVeil|Earthquake,DragonClaw,StompingTantrum,Protect|||M|||50|,,,,,Steel]Tyranitar||AssaultVest|SandStream|RockSlide,KnockOff,TeraBlast,LowKick|||M|||50|,,,,,Flying]Ursaluna-Bloodmoon||LifeOrb|MindsEye|BloodMoon,HyperVoice,EarthPower,Protect|||M|||50|,,,,,Normal]Amoonguss||MentalHerb|Regenerator|RagePowder,PollenPuff,Spore,Protect|||M|||50|,,,,,Water]Chandelure||SitrusBerry|FlashFire|HeatWave,ShadowBall,TrickRoom,Protect|||F|||50|,,,,,Grass
|showteam|p2|Annihilape||SafetyGoggles|Defiant|RageFist,DrainPunch,BulkUp,Protect|||M|||50|,,,,,Water]Ninetales-Alola||CovertCloak|SnowWarning|Blizzard,FreezeDry,AuroraVeil,Protect|||F|||50|,,,,,Ice]Talonflame||SharpBeak|GaleWings|DualWingbeat,Tailwind,WillOWisp,Protect|||M|||50|,,,,,Ghost]Garchomp||LifeOrb|RoughSkin|Earthquake,StompingTantrum,DragonClaw,Protect|||M|||50|,,,,,Steel]Vivillon-Monsoon||FocusSash|CompoundEyes|SleepPowder,Hurricane,RagePowder,Protect|||F|||50|,,,,,Ghost]Gholdengo||IronPlate|GoodasGold|MakeItRain,ShadowBall,NastyPlot,Protect||||||50|,,,,,Steel
|inactive|Battle timer is ON: inactive players will automatically lose when time's up. (requested by knowaboutme)
|
|t:|1756880437
|teamsize|p1|4
|teamsize|p2|4
|start
|switch|p1a: BIRDD|Talonflame, L50, F, shiny|100/100
|switch|p1b: SHARKKK|Garchomp, L50, M, shiny|100/100
|switch|p2a: Vivillon|Vivillon-Monsoon, L50, F|100/100
|switch|p2b: Garchomp|Garchomp, L50, M|100/100
|turn|1
|inactive|knowaboutme has 30 seconds left.
|
|t:|1756880470
|move|p2a: Vivillon|Rage Powder|p2a: Vivillon
|-singleturn|p2a: Vivillon|move: Rage Powder
|move|p1a: BIRDD|Brave Bird|p2a: Vivillon
|-supereffective|p2a: Vivillon
|-enditem|p2a: Vivillon|Focus Sash
|-damage|p2a: Vivillon|1/100
|-damage|p1a: BIRDD|67/100|[from] Recoil
|move|p2b: Garchomp|Dragon Claw|p1b: SHARKKK
|-supereffective|p1b: SHARKKK
|-damage|p1b: SHARKKK|0 fnt
|faint|p1b: SHARKKK
|-damage|p2b: Garchomp|91/100|[from] item: Life Orb
|
|upkeep
|
|t:|1756880482
|switch|p1b: DINOOOO|Tyranitar, L50, M, shiny|100/100
|-weather|Sandstorm|[from] ability: Sand Stream|[of] p1b: DINOOOO
|turn|2
|
|t:|1756880503
|-terastallize|p1b: DINOOOO|Flying
|move|p1a: BIRDD|Tailwind|p1a: BIRDD
|-sidestart|p1: randomguy1114s|move: Tailwind
|move|p1b: DINOOOO|Rock Slide|p2a: Vivillon|[spread] p2a,p2b
|-supereffective|p2a: Vivillon
|-resisted|p2b: Garchomp
|-damage|p2a: Vivillon|0 fnt
|-damage|p2b: Garchomp|75/100
|faint|p2a: Vivillon
|move|p2b: Garchomp|Dragon Claw|p1a: BIRDD
|-damage|p1a: BIRDD|0 fnt
|faint|p1a: BIRDD
|-damage|p2b: Garchomp|65/100|[from] item: Life Orb
|
|-weather|Sandstorm|[upkeep]
|-damage|p1b: DINOOOO|95/100|[from] Sandstorm
|upkeep
|
|t:|1756880512
|switch|p1a: BEARRRRRR|Ursaluna-Bloodmoon, L50, M|100/100
|switch|p2a: Ninetales|Ninetales-Alola, L50, F|100/100
|-weather|Snowscape|[from] ability: Snow Warning|[of] p2a: Ninetales
|turn|3
|
|t:|1756880528
|switch|p2a: Gholdengo|Gholdengo, L50|100/100
|move|p2b: Garchomp|Protect|p2b: Garchomp
|-singleturn|p2b: Garchomp|Protect
|move|p1b: DINOOOO|Rock Slide|p2a: Gholdengo|[spread] p2a
|-activate|p2b: Garchomp|move: Protect
|-resisted|p2a: Gholdengo
|-damage|p2a: Gholdengo|83/100
|move|p1a: BEARRRRRR|Hyper Voice|p2b: Garchomp|[spread] p2a
|-activate|p2b: Garchomp|move: Protect
|-resisted|p2a: Gholdengo
|-damage|p2a: Gholdengo|51/100
|-damage|p1a: BEARRRRRR|91/100|[from] item: Life Orb
|
|-weather|Snowscape|[upkeep]
|upkeep
|turn|4
|
|t:|1756880546
|move|p2a: Gholdengo|Protect|p2a: Gholdengo
|-singleturn|p2a: Gholdengo|Protect
|move|p1b: DINOOOO|Knock Off|p2a: Gholdengo
|-activate|p2a: Gholdengo|move: Protect
|move|p1a: BEARRRRRR|Blood Moon|p2b: Garchomp
|-damage|p2b: Garchomp|0 fnt
|faint|p2b: Garchomp
|-damage|p1a: BEARRRRRR|81/100|[from] item: Life Orb
|
|-weather|Snowscape|[upkeep]
|upkeep
|
|t:|1756880553
|switch|p2b: Ninetales|Ninetales-Alola, L50, F|100/100
|turn|5
|
|t:|1756880562
|move|p2b: Ninetales|Protect|p2b: Ninetales
|-singleturn|p2b: Ninetales|Protect
|move|p1b: DINOOOO|Rock Slide|p2b: Ninetales|[spread] p2a
|-activate|p2b: Ninetales|move: Protect
|-resisted|p2a: Gholdengo
|-damage|p2a: Gholdengo|33/100
|move|p1a: BEARRRRRR|Earth Power|p2a: Gholdengo
|-supereffective|p2a: Gholdengo
|-damage|p2a: Gholdengo|0 fnt
|faint|p2a: Gholdengo
|-damage|p1a: BEARRRRRR|72/100|[from] item: Life Orb
|
|-weather|Snowscape|[upkeep]
|-sideend|p1: randomguy1114s|move: Tailwind
|upkeep
|turn|6
|
|t:|1756880575
|-terastallize|p2b: Ninetales|Ice
|move|p1a: BEARRRRRR|Protect|p1a: BEARRRRRR
|-singleturn|p1a: BEARRRRRR|Protect
|move|p2b: Ninetales|Blizzard|p1a: BEARRRRRR|[spread] p1b
|-activate|p1a: BEARRRRRR|move: Protect
|-supereffective|p1b: DINOOOO
|-damage|p1b: DINOOOO|44/100
|move|p1b: DINOOOO|Rock Slide|p2b: Ninetales
|-supereffective|p2b: Ninetales
|-damage|p2b: Ninetales|18/100
|
|-weather|Snowscape|[upkeep]
|upkeep
|turn|7
|
|t:|1756880594
|move|p2b: Ninetales|Blizzard|p1a: BEARRRRRR|[spread] p1a,p1b
|-supereffective|p1a: BEARRRRRR
|-supereffective|p1b: DINOOOO
|-damage|p1a: BEARRRRRR|0 fnt
|-damage|p1b: DINOOOO|0 fnt
|faint|p1a: BEARRRRRR
|faint|p1b: DINOOOO
|
|win|knowaboutme
