|j|☆opkjibhionj
|j|☆dawnenen
|html|opkjibhionjdawnenen    
|uhtml|bestof|Game 3 of a best-of-3
|t:|1784990842
|gametype|doubles
|player|p1|opkjibhionj|pokemonrangerf|1000
|player|p2|dawnenen|galacticgruntf|1104
|gen|9
|tier|[Gen 9 Champions] VGC 2026 Reg M-B (Bo3)
|rated|
|rule|Species Clause: Limit one of each Pokémon
|rule|Item Clause: Limit 1 of each item
|clearpoke
|poke|p1|Farigiraf, L50, F|
|poke|p1|Gholdengo, L50|
|poke|p1|Whimsicott, L50, F|
|poke|p1|Lopunny, L50, M|
|poke|p1|Incineroar, L50, M|
|poke|p1|Garchomp, L50, F|
|poke|p2|Aerodactyl, L50, M|
|poke|p2|Garchomp, L50, M|
|poke|p2|Sylveon, L50, F|
|poke|p2|Farigiraf, L50, F|
|poke|p2|Kingambit, L50, M|
|poke|p2|Charizard, L50, M|
|teampreview|4
|showteam|p1|Farigiraf||ColburBerry|ArmorTail|TrickRoom,TwinBeam,HyperVoice,Thunderbolt|Modest||F|||50|]Gholdengo||Leftovers|GoodasGold|NastyPlot,MakeItRain,ShadowBall,Protect|Modest|||||50|]Whimsicott||FocusSash|Prankster|Tailwind,Protect,Moonblast,Encore|Timid||F|||50|]Lopunny||Lopunnite|CuteCharm|FakeOut,Uturn,MegaKick,HighJumpKick|Jolly||M|||50|]Incineroar||SitrusBerry|Intimidate|FakeOut,FlareBlitz,DarkestLariat,PartingShot|Careful||M|||50|]Garchomp||LifeOrb|RoughSkin|StompingTantrum,RockSlide,DragonClaw,Protect|Adamant||F|||50|
|showteam|p2|Aerodactyl||Aerodactylite|Unnerve|RockSlide,DualWingbeat,IceFang,Tailwind|Jolly||M|||50|]Garchomp||LifeOrb|RoughSkin|DragonClaw,Earthquake,StompingTantrum,Protect|Jolly||M|||50|]Sylveon||FairyFeather|Pixilate|HyperVoice,HyperBeam,QuickAttack,Detect|Modest||F|||50|]Farigiraf||SitrusBerry|ArmorTail|Psychic,Thunderbolt,TrickRoom,Protect|Bold||F|||50|]Kingambit||FocusSash|Defiant|KowtowCleave,IronHead,SuckerPunch,LowKick|Adamant||M|||50|]Charizard||CharizarditeY|Blaze|Protect,HeatWave,SolarBeam,WeatherBall|Modest||M|||50|
|inactive|Battle timer is ON: inactive players will automatically lose when time's up. (requested by opkjibhionj)
|inactive|dawnenen also wants the timer to be on.
|inactive|opkjibhionj has 60 seconds left.
|
|t:|1784990878
|teamsize|p1|4
|teamsize|p2|4
|start
|switch|p1a: Garchomp|Garchomp, L50, F|100/100
|switch|p1b: Whimsicott|Whimsicott, L50, F|100/100
|switch|p2a: Farigiraf|Farigiraf, L50, F|100/100
|switch|p2b: Charizard|Charizard, L50, M|100/100
|turn|1
|
|t:|1784990899
|detailschange|p2b: Charizard|Charizard-Mega-Y, L50, M
|-mega|p2b: Charizard|Charizard|Charizardite Y
|-weather|SunnyDay|[from] ability: Drought|[of] p2b: Charizard
|move|p1b: Whimsicott|Moonblast|p2a: Farigiraf
|-damage|p2a: Farigiraf|68/100
|move|p1a: Garchomp|Rock Slide|p2b: Charizard|[spread] p2a,p2b
|-supereffective|p2b: Charizard|2
|-damage|p2a: Farigiraf|46/100
|-damage|p2b: Charizard|0 fnt
|-enditem|p2a: Farigiraf|Sitrus Berry|[eat]
|-heal|p2a: Farigiraf|71/100|[from] item: Sitrus Berry
|faint|p2b: Charizard
|-damage|p1a: Garchomp|90/100|[from] item: Life Orb
|cant|p2a: Farigiraf|flinch
|
|-weather|SunnyDay|[upkeep]
|upkeep
|
|t:|1784990916
|switch|p2b: Sylveon|Sylveon, L50, F|100/100
|turn|2
|
|t:|1784990924
|move|p1b: Whimsicott|Moonblast|p2b: Sylveon
|-damage|p2b: Sylveon|71/100
|move|p1a: Garchomp|Rock Slide|p2a: Farigiraf|[spread] p2a,p2b
|-damage|p2a: Farigiraf|49/100
|-damage|p2b: Sylveon|44/100
|-damage|p1a: Garchomp|80/100|[from] item: Life Orb
|move|p2b: Sylveon|Hyper Voice|p1a: Garchomp|[spread] p1a,p1b
|-supereffective|p1a: Garchomp|1
|-damage|p1a: Garchomp|0 fnt
|-damage|p1b: Whimsicott|21/100
|faint|p1a: Garchomp
|move|p2a: Farigiraf|Trick Room|p2a: Farigiraf
|-fieldstart|move: Trick Room|[of] p2a: Farigiraf
|
|-weather|SunnyDay|[upkeep]
|upkeep
|
|t:|1784990938
|switch|p1a: Gholdengo|Gholdengo, L50|100/100
|turn|3
|
|t:|1784990958
|move|p2a: Farigiraf|Psychic|p1b: Whimsicott
|-damage|p1b: Whimsicott|0 fnt
|faint|p1b: Whimsicott
|move|p2b: Sylveon|Hyper Beam|p1a: Gholdengo
|-resisted|p1a: Gholdengo|1
|-damage|p1a: Gholdengo|46/100
|-mustrecharge|p2b: Sylveon
|move|p1a: Gholdengo|Nasty Plot|p1a: Gholdengo
|-boost|p1a: Gholdengo|spa|2
|
|-weather|SunnyDay|[upkeep]
|-heal|p1a: Gholdengo|52/100|[from] item: Leftovers
|upkeep
|
|t:|1784990965
|switch|p1b: Lopunny|Lopunny, L50, M|100/100
|turn|4
|
|t:|1784990987
|detailschange|p1b: Lopunny|Lopunny-Mega, L50, M
|-mega|p1b: Lopunny|Lopunny|Lopunnite
|move|p2a: Farigiraf|Thunderbolt|p1a: Gholdengo
|-damage|p1a: Gholdengo|29/100
|cant|p2b: Sylveon|recharge
|move|p1a: Gholdengo|Shadow Ball|p2b: Sylveon
|-damage|p2b: Sylveon|0 fnt
|faint|p2b: Sylveon
|move|p1b: Lopunny|Mega Kick|p2a: Farigiraf|[miss]
|-miss|p1b: Lopunny|p2a: Farigiraf
|
|-weather|SunnyDay|[upkeep]
|-heal|p1a: Gholdengo|35/100|[from] item: Leftovers
|upkeep
|
|t:|1784991000
|switch|p2b: Kingambit|Kingambit, L50, M|100/100
|turn|5
|
|t:|1784991021
|move|p1a: Gholdengo|Protect|p1a: Gholdengo
|-singleturn|p1a: Gholdengo|Protect
|move|p2a: Farigiraf|Psychic|p1b: Lopunny
|-supereffective|p1b: Lopunny|1
|-damage|p1b: Lopunny|5/100
|move|p2b: Kingambit|Kowtow Cleave|p1a: Gholdengo
|-activate|p1a: Gholdengo|move: Protect
|move|p1b: Lopunny|High Jump Kick|p2b: Kingambit
|-supereffective|p2b: Kingambit|2
|-enditem|p2b: Kingambit|Focus Sash
|-damage|p2b: Kingambit|1/100
|
|-weather|none
|-heal|p1a: Gholdengo|40/100|[from] item: Leftovers
|upkeep
|turn|6
|
|t:|1784991046
|move|p2b: Kingambit|Sucker Punch|p1a: Gholdengo
|-supereffective|p1a: Gholdengo|1
|-damage|p1a: Gholdengo|0 fnt
|faint|p1a: Gholdengo
|move|p2a: Farigiraf|Psychic|p1b: Lopunny
|-supereffective|p1b: Lopunny|1
|-damage|p1b: Lopunny|0 fnt
|faint|p1b: Lopunny
|
|win|dawnenen
|raw|opkjibhionj's rating: 1000 → 1000(+0 for losing)
|raw|dawnenen's rating: 1104 → 1122(+18 for winning)
|l|☆opkjibhionj
|player|p1|
|c|☆dawnenen|gg
