|j|☆135x155
|j|☆C4ppy
|html|135x155C4ppy    
|uhtml|bestof|Game 1 of a best-of-3
|t:|1783171260
|gametype|doubles
|player|p1|135x155|biker-gen4|1171
|player|p2|C4ppy|hilbert-wonderlauncher|1182
|gen|9
|tier|[Gen 9 Champions] VGC 2026 Reg M-B (Bo3)
|rated|
|rule|Species Clause: Limit one of each Pokémon
|rule|Item Clause: Limit 1 of each item
|clearpoke
|poke|p1|Sinistcha, L50|
|poke|p1|Blaziken, L50, F|
|poke|p1|Ninetales-Alola, L50, F|
|poke|p1|Kingambit, L50, M|
|poke|p1|Pelipper, L50, F|
|poke|p1|Swampert, L50, F|
|poke|p2|Dragonite, L50, M|
|poke|p2|Sneasler, L50, M|
|poke|p2|Incineroar, L50, M|
|poke|p2|Mawile, L50, F|
|poke|p2|Basculegion, L50, M|
|poke|p2|Sinistcha, L50|
|teampreview|4
|showteam|p1|Sinistcha||SitrusBerry|Hospitality|MatchaGotcha,LifeDew,TrickRoom,RagePowder|Relaxed|||||50|]Blaziken||Blazikenite|SpeedBoost|CloseCombat,FlareBlitz,RockSlide,Protect|Adamant||F|||50|]Ninetales-Alola||LightClay|SnowWarning|FreezeDry,Blizzard,Protect,AuroraVeil|Timid||F|||50|]Kingambit||ChopleBerry|Defiant|KowtowCleave,SuckerPunch,IronHead,LowKick|Adamant||M|||50|]Pelipper||DampRock|Drizzle|Hurricane,Protect,WeatherBall,Tailwind|Bold||F|||50|]Swampert||Swampertite|Damp|Earthquake,RockSlide,WaveCrash,Protect|Adamant||F|||50|
|showteam|p2|Dragonite||Dragoninite|Multiscale|DragonPulse,HeatWave,Tailwind,Protect|Modest||M|||50|]Sneasler||FocusSash|PoisonTouch|DireClaw,CloseCombat,FakeOut,Protect|Jolly||M|||50|]Incineroar||SitrusBerry|Intimidate|FakeOut,ThroatChop,PartingShot,FlareBlitz|Careful||M|||50|]Mawile||Mawilite|HyperCutter|PlayRough,SuckerPunch,SwordsDance,Protect|Adamant||F|||50|]Basculegion||ChoiceScarf|Adaptability|WaveCrash,LastRespects,FlipTurn,AquaJet|Jolly||M|||50|]Sinistcha||ColburBerry|Hospitality|MatchaGotcha,RagePowder,TrickRoom,Protect|Bold|||||50|
|inactive|Battle timer is ON: inactive players will automatically lose when time's up. (requested by 135x155)
|inactive|135x155 has 60 seconds left.
|inactive|C4ppy has 60 seconds left.
|inactive|C4ppy has 30 seconds left.
|
|t:|1783171331
|teamsize|p1|4
|teamsize|p2|4
|start
|switch|p1a: Kingambit|Kingambit, L50, M|100/100
|switch|p1b: Blaziken|Blaziken, L50, F|100/100
|switch|p2a: Dragonite|Dragonite, L50, M|100/100
|switch|p2b: Sneasler|Sneasler, L50, M|100/100
|turn|1
|inactive|C4ppy has 30 seconds left.
|inactive|C4ppy has 20 seconds left.
|
|t:|1783171370
|switch|p1a: Sinistcha|Sinistcha, L50|100/100
|detailschange|p2a: Dragonite|Dragonite-Mega, L50, M
|-mega|p2a: Dragonite|Dragonite|Dragoninite
|move|p1b: Blaziken|Protect|p1b: Blaziken
|-singleturn|p1b: Blaziken|Protect
|move|p2b: Sneasler|Close Combat|p1a: Sinistcha
|-immune|p1a: Sinistcha
|move|p2a: Dragonite|Heat Wave|p1a: Sinistcha|[spread] p1a
|-activate|p1b: Blaziken|move: Protect
|-supereffective|p1a: Sinistcha|1
|-damage|p1a: Sinistcha|24/100
|-enditem|p1a: Sinistcha|Sitrus Berry|[eat]
|-heal|p1a: Sinistcha|49/100|[from] item: Sitrus Berry
|
|-ability|p1b: Blaziken|Speed Boost|boost
|-boost|p1b: Blaziken|spe|1
|upkeep
|turn|2
|inactive|135x155 has 30 seconds left.
|inactive|C4ppy has 30 seconds left.
|inactive|C4ppy has 20 seconds left.
|inactive|C4ppy has 15 seconds left.
|inactive|C4ppy has 10 seconds left.
|
|t:|1783171417
|switch|p2b: Basculegion|Basculegion, L50, M|100/100
|detailschange|p1b: Blaziken|Blaziken-Mega, L50, F
|-mega|p1b: Blaziken|Blaziken|Blazikenite
|move|p1a: Sinistcha|Rage Powder|p1a: Sinistcha
|-singleturn|p1a: Sinistcha|move: Rage Powder
|move|p1b: Blaziken|Rock Slide|p2b: Basculegion|[spread] p2a,p2b
|-supereffective|p2a: Dragonite|1
|-damage|p2a: Dragonite|77/100
|-damage|p2b: Basculegion|70/100
|cant|p2a: Dragonite|flinch
|
|-ability|p1b: Blaziken|Speed Boost|boost
|-boost|p1b: Blaziken|spe|1
|upkeep
|turn|3
|inactive|C4ppy has 30 seconds left.
|
|t:|1783171446
|switch|p2b: Sinistcha|Sinistcha, L50|100/100
|-heal|p2a: Dragonite|100/100|[from] ability: Hospitality|[of] p2b: Sinistcha
|move|p1a: Sinistcha|Rage Powder|p1a: Sinistcha
|-singleturn|p1a: Sinistcha|move: Rage Powder
|move|p1b: Blaziken|Rock Slide|p2a: Dragonite|[spread] p2a,p2b
|-supereffective|p2a: Dragonite|1
|-damage|p2a: Dragonite|76/100
|-damage|p2b: Sinistcha|82/100
|cant|p2a: Dragonite|flinch
|
|-ability|p1b: Blaziken|Speed Boost|boost
|-boost|p1b: Blaziken|spe|1
|upkeep
|turn|4
|inactive|135x155 has 30 seconds left.
|inactive|C4ppy has 30 seconds left.
|inactive|135x155 has 20 seconds left.
|inactive|135x155 has 15 seconds left.
|inactive|135x155 has 10 seconds left.
|
|t:|1783171496
|switch|p2b: Sneasler|Sneasler, L50, M|100/100
|move|p1a: Sinistcha|Rage Powder|p1a: Sinistcha
|-singleturn|p1a: Sinistcha|move: Rage Powder
|move|p1b: Blaziken|Rock Slide|p2b: Sneasler|[spread] p2a
|-miss|p1b: Blaziken|p2b: Sneasler
|-supereffective|p2a: Dragonite|1
|-damage|p2a: Dragonite|27/100
|move|p2a: Dragonite|Heat Wave|p1b: Blaziken|[spread] p1a,p1b
|-supereffective|p1a: Sinistcha|1
|-resisted|p1b: Blaziken|1
|-damage|p1a: Sinistcha|0 fnt
|-damage|p1b: Blaziken|79/100
|faint|p1a: Sinistcha
|
|-ability|p1b: Blaziken|Speed Boost|boost
|-boost|p1b: Blaziken|spe|1
|upkeep
|
|t:|1783171508
|switch|p1a: Ninetales|Ninetales-Alola, L50, F|100/100
|-weather|Snowscape|[from] ability: Snow Warning|[of] p1a: Ninetales
|turn|5
|inactive|C4ppy has 30 seconds left.
|inactive|C4ppy has 20 seconds left.
|inactive|C4ppy has 15 seconds left.
|inactive|C4ppy has 10 seconds left.
|
|t:|1783171555
|switch|p2a: Basculegion|Basculegion, L50, M|70/100
|move|p1b: Blaziken|Protect|p1b: Blaziken
|-singleturn|p1b: Blaziken|Protect
|move|p1a: Ninetales|Protect|p1a: Ninetales
|-singleturn|p1a: Ninetales|Protect
|move|p2b: Sneasler|Dire Claw|p1a: Ninetales
|-activate|p1a: Ninetales|move: Protect
|
|-weather|Snowscape|[upkeep]
|-ability|p1b: Blaziken|Speed Boost|boost
|-boost|p1b: Blaziken|spe|1
|upkeep
|turn|6
|inactive|C4ppy has 30 seconds left.
|
|t:|1783171581
|switch|p1b: Kingambit|Kingambit, L50, M|100/100
|move|p2a: Basculegion|Wave Crash|p1b: Kingambit
|-damage|p1b: Kingambit|42/100
|-damage|p2a: Basculegion|50/100g|[from] Recoil
|move|p2b: Sneasler|Dire Claw|p1a: Ninetales
|-supereffective|p1a: Ninetales|1
|-damage|p1a: Ninetales|30/100
|-status|p1a: Ninetales|psn|[from] ability: Poison Touch|[of] p2b: Sneasler
|move|p1a: Ninetales|Freeze-Dry|p2a: Basculegion
|-supereffective|p2a: Basculegion|1
|-damage|p2a: Basculegion|7/100
|
|-weather|Snowscape|[upkeep]
|-damage|p1a: Ninetales|17/100 psn|[from] psn
|upkeep
|turn|7
|inactive|135x155 has 30 seconds left.
|
|t:|1783171611
|move|p1b: Kingambit|Sucker Punch|p2b: Sneasler
|-resisted|p2b: Sneasler|1
|-damage|p2b: Sneasler|61/100
|move|p2a: Basculegion|Wave Crash|p1b: Kingambit
|-damage|p1b: Kingambit|0 fnt
|faint|p1b: Kingambit
|-damage|p2a: Basculegion|0 fnt|[from] Recoil
|faint|p2a: Basculegion
|move|p2b: Sneasler|Close Combat|p1a: Ninetales
|-damage|p1a: Ninetales|0 fnt
|-unboost|p2b: Sneasler|def|1
|-unboost|p2b: Sneasler|spd|1
|faint|p1a: Ninetales
|
|-weather|Snowscape|[upkeep]
|upkeep
|
|t:|1783171627
|switch|p2a: Dragonite|Dragonite-Mega, L50, M|27/100
|switch|p1b: Blaziken|Blaziken-Mega, L50, F|79/100
|turn|8
|inactive|C4ppy has 30 seconds left.
|inactive|C4ppy has 20 seconds left.
|
|t:|1783171665
|switch|p2b: Sinistcha|Sinistcha, L50|82/100
|-heal|p2a: Dragonite|52/100|[from] ability: Hospitality|[of] p2b: Sinistcha
|move|p1b: Blaziken|Protect|p1b: Blaziken
|-singleturn|p1b: Blaziken|Protect
|move|p2a: Dragonite|Dragon Pulse|p1b: Blaziken
|-activate|p1b: Blaziken|move: Protect
|
|-weather|Snowscape|[upkeep]
|-ability|p1b: Blaziken|Speed Boost|boost
|-boost|p1b: Blaziken|spe|1
|upkeep
|turn|9
|
|t:|1783171681
|switch|p2b: Sneasler|Sneasler, L50, M|61/100
|move|p1b: Blaziken|Rock Slide|p2b: Sneasler|[spread] p2a,p2b
|-supereffective|p2a: Dragonite|1
|-crit|p2a: Dragonite
|-resisted|p2b: Sneasler|1
|-damage|p2a: Dragonite|0 fnt
|-damage|p2b: Sneasler|40/100
|faint|p2a: Dragonite
|
|-weather|none
|-ability|p1b: Blaziken|Speed Boost|boost
|-boost|p1b: Blaziken|spe|1
|upkeep
|c|☆C4ppy|ok this is getting insane tho
|
|t:|1783171697
|switch|p2a: Sinistcha|Sinistcha, L50|82/100
|-heal|p2b: Sneasler|65/100|[from] ability: Hospitality|[of] p2a: Sinistcha
|turn|10
|c|☆135x155|u fumbled
|
|t:|1783171711
|move|p1b: Blaziken|Protect|p1b: Blaziken
|-singleturn|p1b: Blaziken|Protect
|move|p2b: Sneasler|Fake Out|p1b: Blaziken
|-activate|p1b: Blaziken|move: Protect
|move|p2a: Sinistcha|Trick Room|p2a: Sinistcha
|-fieldstart|move: Trick Room|[of] p2a: Sinistcha
|
|-ability|p1b: Blaziken|Speed Boost|boost
|-boost|p1b: Blaziken|spe|1
|upkeep
|turn|11
|c|☆135x155|or maybe not
|c|☆135x155|lol
|inactive|C4ppy has 30 seconds left.
|c|☆C4ppy|weak blaziken
|inactive|C4ppy has 20 seconds left.
|inactive|C4ppy has 15 seconds left.
|inactive|C4ppy has 10 seconds left.
|c|☆135x155|hm?
|inactive|C4ppy has 5 seconds left.
|
|t:|1783171764
|move|p2a: Sinistcha|Rage Powder|p2a: Sinistcha
|-singleturn|p2a: Sinistcha|move: Rage Powder
|move|p2b: Sneasler|Dire Claw|p1b: Blaziken
|-damage|p1b: Blaziken|17/100
|-status|p1b: Blaziken|par
|cant|p1b: Blaziken|par
|
|-ability|p1b: Blaziken|Speed Boost|boost
|-boost|p1b: Blaziken|spe|1
|upkeep
|turn|12
|
|t:|1783171777
|move|p2a: Sinistcha|Rage Powder|p2a: Sinistcha
|-singleturn|p2a: Sinistcha|move: Rage Powder
|move|p2b: Sneasler|Close Combat|p1b: Blaziken
|-damage|p1b: Blaziken|0 fnt
|-unboost|p2b: Sneasler|def|1
|-unboost|p2b: Sneasler|spd|1
|faint|p1b: Blaziken
|
|win|C4ppy
||C4ppy is ready for game 2.
||135x155 is ready for game 2.
|uhtml|next|Next: Game 2 of 3
|l|☆135x155
|player|p1|
