|j|☆Rock slap
|j|☆Quill86
|html|Rock slapQuill86    
|uhtml|bestof|Game 2 of a best-of-3
|t:|1757634972
|gametype|doubles
|player|p1|Rock slap|hiker-gen4|1286
|player|p2|Quill86|lucas|1256
|gen|9
|tier|[Gen 9] VGC 2025 Reg H (Bo3)
|rated|
|rule|Species Clause: Limit one of each Pokémon
|rule|Item Clause: Limit 1 of each item
|clearpoke
|poke|p1|Kommo-o, L50, M|
|poke|p1|Incineroar, L50, F|
|poke|p1|Volcarona, L50, F|
|poke|p1|Amoonguss, L50, M|
|poke|p1|Golduck, L50, M|
|poke|p1|Maushold-Four, L50|
|poke|p2|Indeedee-F, L50, F|
|poke|p2|Gallade, L50, M|
|poke|p2|Torkoal, L50, F|
|poke|p2|Ursaluna, L50, M|
|poke|p2|Hatterene, L50, F|
|poke|p2|Hydreigon, L50, M|
|teampreview|4
|showteam|p1|Kommo-o||ThroatSpray|Soundproof|ClangingScales,FlashCannon,ClangorousSoul,Protect|||M|||50|,,,,,Steel]Incineroar||SafetyGoggles|Intimidate|FakeOut,KnockOff,PartingShot,FlareBlitz|||F|||50|,,,,,Bug]Volcarona||SitrusBerry|FlameBody|QuiverDance,HeatWave,TeraBlast,Protect|||F|||50|,,,,,Fairy]Amoonguss||RockyHelmet|Regenerator|Protect,RagePowder,ClearSmog,Spore|||M|||50|,,,,,Water]Golduck||CovertCloak|CloudNine|IcyWind,SimpleBeam,HelpingHand,Encore|||M|||50|,,,,,Poison]Maushold-Four||WideLens|FriendGuard|Taunt,PopulationBomb,FollowMe,Protect||||||50|,,,,,Normal
|showteam|p2|Indeedee-F||PsychicSeed|PsychicSurge|FollowMe,TrickRoom,HelpingHand,DazzlingGleam|||F|||50|,,,,,Fairy]Gallade||ClearAmulet|Sharpness|SacredSword,WideGuard,TrickRoom,PsychoCut|||M|||50|,,,,,Grass]Torkoal||ChoiceSpecs|Drought|Eruption,WeatherBall,EarthPower,HeatWave|||F|||50|,,,,,Fire]Ursaluna||FlameOrb|Guts|Protect,HeadlongRush,Facade,Earthquake|||M|||50|,,,,,Ghost]Hatterene||LifeOrb|MagicBounce|DazzlingGleam,ExpandingForce,MysticalFire,TrickRoom|||F|||50|,,,,,Fire]Hydreigon||CovertCloak|Levitate|DracoMeteor,Snarl,Taunt,Protect|||M|||50|,,,,,Fire
|
|t:|1757635008
|teamsize|p1|4
|teamsize|p2|4
|start
|switch|p1a: Volcarona|Volcarona, L50, F|100/100
|switch|p1b: Amoonguss|Amoonguss, L50, M|100/100
|switch|p2a: Indeedee|Indeedee-F, L50, F|100/100
|switch|p2b: Gallade|Gallade, L50, M|100/100
|-fieldstart|move: Psychic Terrain|[from] ability: Psychic Surge|[of] p2a: Indeedee
|-enditem|p2a: Indeedee|Psychic Seed
|-boost|p2a: Indeedee|spd|1|[from] item: Psychic Seed
|turn|1
|
|t:|1757635040
|-terastallize|p1b: Amoonguss|Water
|move|p1a: Volcarona|Protect|p1a: Volcarona
|-singleturn|p1a: Volcarona|Protect
|move|p2a: Indeedee|Follow Me|p2a: Indeedee
|-singleturn|p2a: Indeedee|move: Follow Me
|move|p1b: Amoonguss|Spore|p2a: Indeedee
|-status|p2a: Indeedee|slp|[from] move: Spore
|move|p2b: Gallade|Trick Room|p2b: Gallade
|-fieldstart|move: Trick Room|[of] p2b: Gallade
|
|upkeep
|turn|2
|inactive|Battle timer is ON: inactive players will automatically lose when time's up. (requested by Quill86)
|
|t:|1757635086
|switch|p2b: Hatterene|Hatterene, L50, F|100/100
|switch|p2a: Torkoal|Torkoal, L50, F|100/100
|-weather|SunnyDay|[from] ability: Drought|[of] p2a: Torkoal
|move|p1b: Amoonguss|Clear Smog|p2b: Hatterene
|-supereffective|p2b: Hatterene
|-damage|p2b: Hatterene|68/100
|-clearboost|p2b: Hatterene
|move|p1a: Volcarona|Heat Wave|p2b: Hatterene|[spread] p2a,p2b
|-resisted|p2a: Torkoal
|-damage|p2a: Torkoal|68/100
|-damage|p2b: Hatterene|11/100
|
|-weather|SunnyDay|[upkeep]
|upkeep
|turn|3
|
|t:|1757635107
|move|p1a: Volcarona|Protect|p1a: Volcarona
|-singleturn|p1a: Volcarona|Protect
|move|p2a: Torkoal|Heat Wave|p1a: Volcarona|[spread] p1b
|-activate|p1a: Volcarona|move: Protect
|-resisted|p1b: Amoonguss
|-damage|p1b: Amoonguss|74/100
|move|p2b: Hatterene|Expanding Force|p1b: Amoonguss|[spread] p1b
|-activate|p1a: Volcarona|move: Protect
|-damage|p1b: Amoonguss|0 fnt
|faint|p1b: Amoonguss
|-damage|p2b: Hatterene|1/100|[from] item: Life Orb
|
|-weather|SunnyDay|[upkeep]
|upkeep
|
|t:|1757635117
|switch|p1b: Golduck|Golduck, L50, M|100/100
|-ability|p1b: Golduck|Cloud Nine
|turn|4
|
|t:|1757635125
|move|p1b: Golduck|Helping Hand|p1a: Volcarona
|-singleturn|p1a: Volcarona|Helping Hand|[of] p1b: Golduck
|move|p2a: Torkoal|Heat Wave|p1b: Golduck|[spread] p1a,p1b
|-resisted|p1b: Golduck
|-damage|p1a: Volcarona|59/100
|-damage|p1b: Golduck|78/100
|move|p2b: Hatterene|Expanding Force|p1a: Volcarona|[spread] p1a,p1b
|-damage|p1a: Volcarona|0 fnt
|-damage|p1b: Golduck|0 fnt
|faint|p1a: Volcarona
|faint|p1b: Golduck
|-damage|p2b: Hatterene|0 fnt|[from] item: Life Orb
|faint|p2b: Hatterene
|
|-weather|SunnyDay|[upkeep]
|upkeep
|
|t:|1757635135
|switch|p2b: Gallade|Gallade, L50, M|100/100
|switch|p1b: Kommo-o|Kommo-o, L50, M, shiny|100/100
|turn|5
|
|t:|1757635143
|move|p2a: Torkoal|Heat Wave|p1b: Kommo-o
|-resisted|p1b: Kommo-o
|-damage|p1b: Kommo-o|46/100
|move|p2b: Gallade|Psycho Cut|p1b: Kommo-o
|-supereffective|p1b: Kommo-o
|-crit|p1b: Kommo-o
|-damage|p1b: Kommo-o|0 fnt
|faint|p1b: Kommo-o
|
|win|Quill86
|raw|Rock slap's rating: 1286 → 1259(-27 for losing)
|raw|Quill86's rating: 1256 → 1283(+27 for winning)
