|j|‽Chewe_60111
|j|☆KodeBeast0526
|html|Chewe_60111KodeBeast0526    
|uhtml|bestof|Game 1 of a best-of-3
|t:|1783486979
|gametype|doubles
|player|p1|Chewe_60111|1|1041
|player|p2|KodeBeast0526|hiker|1152
|gen|9
|tier|[Gen 9 Champions] VGC 2026 Reg M-B (Bo3)
|rated|
|rule|Species Clause: Limit one of each Pokémon
|rule|Item Clause: Limit 1 of each item
|clearpoke
|poke|p1|Sinistcha, L50|
|poke|p1|Kangaskhan, L50, F|
|poke|p1|Sneasler, L50, F|
|poke|p1|Kingambit, L50, F|
|poke|p1|Farigiraf, L50, F|
|poke|p1|Volcarona, L50, F|
|poke|p2|Gengar, L50, F|
|poke|p2|Swampert, L50, M|
|poke|p2|Incineroar, L50, M|
|poke|p2|Politoed, L50, M|
|poke|p2|Archaludon, L50, M|
|poke|p2|Vivillon-Ocean, L50, F|
|teampreview|4
|showteam|p1|Sinistcha||Leftovers|Hospitality|MatchaGotcha,RagePowder,TrickRoom,Protect|Bold|||||50|]Kangaskhan||Kangaskhanite|Scrappy|FakeOut,DoubleEdge,DrainPunch,IcePunch|Adamant||F|||50|]Sneasler||FocusSash|PoisonTouch|FakeOut,CloseCombat,DireClaw,Coaching|Jolly||F|||50|]Kingambit||ChopleBerry|Defiant|SuckerPunch,LowKick,KowtowCleave,IronHead|Adamant||F|||50|]Farigiraf||ColburBerry|ArmorTail|TwinBeam,Thunderbolt,Roar,TrickRoom|Bold||F|||50|]Volcarona||SitrusBerry|FlameBody|Tailwind,RagePowder,FieryDance,StruggleBug|Bold||F|||50|
|showteam|p2|Gengar||Gengarite|CursedBody|ShadowBall,PerishSong,SludgeBomb,Protect|Timid||F|||50|]Swampert||Swampertite|Torrent|WaveCrash,Earthquake,IcePunch,Protect|Adamant||M|||50|]Incineroar||PasshoBerry|Intimidate|ThroatChop,PartingShot,FakeOut,Protect|Sassy||M|||50|]Politoed||SitrusBerry|Drizzle|WeatherBall,PerishSong,Encore,Protect|Calm||M|||50|]Archaludon||Leftovers|Stamina|DragonPulse,FlashCannon,ElectroShot,Protect|Bold||M|||50|]Vivillon-Ocean||FocusSash|CompoundEyes|Hurricane,SleepPowder,RagePowder,Protect|Timid||F|||50|
|inactive|Battle timer is ON: inactive players will automatically lose when time's up. (requested by Chewe_60111)
|
|t:|1783487024
|teamsize|p1|4
|teamsize|p2|4
|start
|switch|p1a: Kangaskhan|Kangaskhan, L50, F|100/100
|switch|p1b: Farigiraf|Farigiraf, L50, F|100/100
|switch|p2a: Swampert|Swampert, L50, M|100/100
|switch|p2b: Vivillon|Vivillon-Ocean, L50, F|100/100
|turn|1
|
|t:|1783487049
|switch|p2a: Archaludon|Archaludon, L50, M|100/100
|detailschange|p1a: Kangaskhan|Kangaskhan-Mega, L50, F
|-mega|p1a: Kangaskhan|Kangaskhan|Kangaskhanite
|move|p2b: Vivillon|Protect|p2b: Vivillon
|-singleturn|p2b: Vivillon|Protect
|move|p1a: Kangaskhan|Fake Out|p2b: Vivillon
|-activate|p2b: Vivillon|move: Protect
|move|p1b: Farigiraf|Trick Room|p1b: Farigiraf
|-fieldstart|move: Trick Room|[of] p1b: Farigiraf
|
|upkeep
|turn|2
|inactive|Chewe_60111 has 30 seconds left.
|inactive|KodeBeast0526 has 30 seconds left.
|inactive|Chewe_60111 has 20 seconds left.
|
|t:|1783487088
|switch|p2b: Politoed|Politoed, L50, M|100/100
|-weather|RainDance|[from] ability: Drizzle|[of] p2b: Politoed
|move|p2a: Archaludon|Electro Shot||[still]
|-prepare|p2a: Archaludon|Electro Shot
|-boost|p2a: Archaludon|spa|1
|-anim|p2a: Archaludon|Electro Shot|p1a: Kangaskhan
|-damage|p1a: Kangaskhan|53/100
|move|p1a: Kangaskhan|Ice Punch|p2b: Politoed
|-resisted|p2b: Politoed|1
|-damage|p2b: Politoed|88/100
|-resisted|p2b: Politoed|1
|-damage|p2b: Politoed|85/100
|-hitcount|p2b: Politoed|2
|move|p1b: Farigiraf|Roar|p2a: Archaludon
|drag|p2a: Swampert|Swampert, L50, M|100/100
|
|-weather|RainDance|[upkeep]
|upkeep
|turn|3
|inactive|Chewe_60111 has 30 seconds left.
|inactive|KodeBeast0526 has 30 seconds left.
|inactive|Chewe_60111 has 20 seconds left.
|
|t:|1783487127
|switch|p2b: Vivillon|Vivillon-Ocean, L50, F|100/100
|move|p1b: Farigiraf|Thunderbolt|p2b: Vivillon
|-supereffective|p2b: Vivillon|1
|-damage|p2b: Vivillon|18/100
|move|p2a: Swampert|Earthquake|p1b: Farigiraf|[spread] p1a,p1b
|-immune|p2b: Vivillon
|-damage|p1a: Kangaskhan|17/100
|-damage|p1b: Farigiraf|68/100
|move|p1a: Kangaskhan|Double-Edge|p2a: Swampert
|-damage|p2a: Swampert|26/100
|-damage|p2a: Swampert|8/100
|-hitcount|p2a: Swampert|2
|-damage|p1a: Kangaskhan|0 fnt|[from] Recoil
|faint|p1a: Kangaskhan
|
|-weather|RainDance|[upkeep]
|upkeep
|
|t:|1783487146
|switch|p1a: Sinistcha|Sinistcha, L50|100/100
|-heal|p1b: Farigiraf|93/100|[from] ability: Hospitality|[of] p1a: Sinistcha
|turn|4
|
|t:|1783487158
|switch|p2a: Archaludon|Archaludon, L50, M|100/100
|move|p1b: Farigiraf|Thunderbolt|p2b: Vivillon
|-supereffective|p2b: Vivillon|1
|-damage|p2b: Vivillon|0 fnt
|faint|p2b: Vivillon
|move|p1a: Sinistcha|Matcha Gotcha|p2a: Archaludon
|-resisted|p2a: Archaludon|2
|-damage|p2a: Archaludon|91/100
|-ability|p2a: Archaludon|Stamina|boost
|-boost|p2a: Archaludon|def|1
|
|-weather|RainDance|[upkeep]
|-heal|p2a: Archaludon|97/100|[from] item: Leftovers
|upkeep
|
|t:|1783487168
|switch|p2b: Swampert|Swampert, L50, M|8/100
|turn|5
|inactive|Chewe_60111 has 30 seconds left.
|
|t:|1783487200
|move|p2b: Swampert|Protect|p2b: Swampert
|-singleturn|p2b: Swampert|Protect
|move|p1b: Farigiraf|Twin Beam|p2b: Swampert
|-activate|p2b: Swampert|move: Protect
|move|p1a: Sinistcha|Matcha Gotcha|p2a: Archaludon|[spread] p2a
|-activate|p2b: Swampert|move: Protect
|-resisted|p2a: Archaludon|2
|-damage|p2a: Archaludon|91/100
|-ability|p2a: Archaludon|Stamina|boost
|-boost|p2a: Archaludon|def|1
|move|p2a: Archaludon|Dragon Pulse|p1a: Sinistcha
|-damage|p1a: Sinistcha|66/100
|
|-weather|RainDance|[upkeep]
|-heal|p1a: Sinistcha|72/100|[from] item: Leftovers
|-heal|p2a: Archaludon|97/100|[from] item: Leftovers
|-fieldend|move: Trick Room
|upkeep
|turn|6
|inactive|Chewe_60111 has 30 seconds left.
|inactive|KodeBeast0526 has 30 seconds left.
|
|t:|1783487229
|detailschange|p2b: Swampert|Swampert-Mega, L50, M
|-mega|p2b: Swampert|Swampert|Swampertite
|move|p1a: Sinistcha|Rage Powder|p1a: Sinistcha
|-singleturn|p1a: Sinistcha|move: Rage Powder
|move|p2b: Swampert|Ice Punch|p1a: Sinistcha
|-supereffective|p1a: Sinistcha|1
|-damage|p1a: Sinistcha|17/100
|move|p2a: Archaludon|Electro Shot||[still]
|-prepare|p2a: Archaludon|Electro Shot
|-boost|p2a: Archaludon|spa|1
|-anim|p2a: Archaludon|Electro Shot|p1a: Sinistcha
|-resisted|p1a: Sinistcha|1
|-damage|p1a: Sinistcha|0 fnt
|faint|p1a: Sinistcha
|move|p1b: Farigiraf|Trick Room|p1b: Farigiraf
|-fieldstart|move: Trick Room|[of] p1b: Farigiraf
|
|-weather|none
|-heal|p2a: Archaludon|100/100|[from] item: Leftovers
|upkeep
|
|t:|1783487245
|switch|p1a: Kingambit|Kingambit, L50, F|100/100
|turn|7
|
|t:|1783487264
|switch|p2b: Politoed|Politoed, L50, M|85/100
|-weather|RainDance|[from] ability: Drizzle|[of] p2b: Politoed
|move|p1a: Kingambit|Kowtow Cleave|p2b: Politoed
|-damage|p2b: Politoed|42/100
|-enditem|p2b: Politoed|Sitrus Berry|[eat]
|-heal|p2b: Politoed|67/100|[from] item: Sitrus Berry
|move|p2a: Archaludon|Electro Shot||[still]
|-prepare|p2a: Archaludon|Electro Shot
|-boost|p2a: Archaludon|spa|1
|-anim|p2a: Archaludon|Electro Shot|p1a: Kingambit
|-damage|p1a: Kingambit|27/100
|move|p1b: Farigiraf|Roar|p2a: Archaludon
|drag|p2a: Swampert|Swampert-Mega, L50, M|8/100
|
|-weather|RainDance|[upkeep]
|upkeep
|turn|8
|inactive|Chewe_60111 has 30 seconds left.
|inactive|KodeBeast0526 has 30 seconds left.
|inactive|Chewe_60111 has 20 seconds left.
|inactive|Chewe_60111 has 15 seconds left.
|inactive|KodeBeast0526 has 20 seconds left.
|inactive|Chewe_60111 has 10 seconds left.
|
|t:|1783487310
|move|p1a: Kingambit|Kowtow Cleave|p2b: Politoed
|-damage|p2b: Politoed|17/100
|move|p1b: Farigiraf|Twin Beam|p2a: Swampert
|-damage|p2a: Swampert|0 fnt
|faint|p2a: Swampert
|-hitcount|p2: Swampert|1
|move|p2b: Politoed|Weather Ball|p1a: Kingambit
|-damage|p1a: Kingambit|0 fnt
|faint|p1a: Kingambit
|
|-weather|RainDance|[upkeep]
|upkeep
|
|t:|1783487317
|switch|p2a: Archaludon|Archaludon, L50, M|100/100
|turn|9
|inactive|Chewe_60111 has 30 seconds left.
|-message|Chewe_60111 forfeited.
|
|win|KodeBeast0526
