|j|☆monsoonisbest
|j|☆RegiSIXSEVEN
|html|monsoonisbestRegiSIXSEVEN    
|uhtml|bestof|Game 1 of a best-of-3
|t:|1784802963
|gametype|doubles
|player|p1|monsoonisbest|265|1228
|player|p2|RegiSIXSEVEN|steven|1255
|gen|9
|tier|[Gen 9 Champions] VGC 2026 Reg M-B (Bo3)
|rated|
|rule|Species Clause: Limit one of each Pokémon
|rule|Item Clause: Limit 1 of each item
|clearpoke
|poke|p1|Venusaur, L50, F|
|poke|p1|Grimmsnarl, L50, M|
|poke|p1|Pelipper, L50, F|
|poke|p1|Archaludon, L50, M|
|poke|p1|Charizard, L50, M|
|poke|p1|Basculegion, L50, M|
|poke|p2|Garchomp, L50, F, shiny|
|poke|p2|Venusaur, L50, F, shiny|
|poke|p2|Incineroar, L50, M, shiny|
|poke|p2|Charizard, L50, M, shiny|
|poke|p2|Toxapex, L50, M, shiny|
|poke|p2|Annihilape, L50, M, shiny|
|teampreview|4
|showteam|p1|Venusaur||Venusaurite|Chlorophyll|SludgeBomb,EarthPower,SleepPowder,Protect|Modest||F|||50|]Grimmsnarl||LightClay|Prankster|SpiritBreak,Reflect,LightScreen,PartingShot|Careful||M|||50|]Pelipper||SitrusBerry|Drizzle|Hurricane,WeatherBall,Tailwind,WideGuard|Modest||F|||50|]Archaludon||Leftovers|Stamina|DragonPulse,FlashCannon,ElectroShot,Protect|Modest||M|||50|]Charizard||CharizarditeY|Blaze|HeatWave,SolarBeam,WeatherBall,Protect|Modest||M|||50|]Basculegion||ChoiceScarf|Adaptability|WaveCrash,FlipTurn,LastRespects,AquaJet|Jolly||M|||50|
|showteam|p2|Garchomp||ChoiceScarf|RoughSkin|Earthquake,DragonClaw,StompingTantrum,RockSlide|Adamant||F|||50|]Venusaur||LifeOrb|Chlorophyll|SolarBeam,SludgeBomb,EarthPower,Protect|Modest||F|||50|]Incineroar||SitrusBerry|Intimidate|FlareBlitz,ThroatChop,FakeOut,PartingShot|Impish||M|||50|]Charizard||CharizarditeY|Blaze|HeatWave,WeatherBall,HelpingHand,Protect|Modest||M|||50|]Toxapex||Leftovers|Regenerator|Infestation,Toxic,WideGuard,BanefulBunker|Bold||M|||50|]Annihilape||FocusSash|Defiant|CloseCombat,PhantomForce,RockTomb,Protect|Jolly||M|||50|
|inactive|Battle timer is ON: inactive players will automatically lose when time's up. (requested by RegiSIXSEVEN)
|inactive|RegiSIXSEVEN has 60 seconds left.
|
|t:|1784803004
|teamsize|p1|4
|teamsize|p2|4
|start
|switch|p1a: Grimmsnarl|Grimmsnarl, L50, M|100/100
|switch|p1b: Charizard|Charizard, L50, M|100/100
|switch|p2a: Charizard|Charizard, L50, M, shiny|100/100
|switch|p2b: Annihilape|Annihilape, L50, M, shiny|100/100
|turn|1
|inactive|RegiSIXSEVEN has 30 seconds left.
|
|t:|1784803030
|detailschange|p2a: Charizard|Charizard-Mega-Y, L50, M, shiny
|-mega|p2a: Charizard|Charizard|Charizardite Y
|-weather|SunnyDay|[from] ability: Drought|[of] p2a: Charizard
|detailschange|p1b: Charizard|Charizard-Mega-Y, L50, M
|-mega|p1b: Charizard|Charizard|Charizardite Y
|move|p2b: Annihilape|Rock Tomb|p1b: Charizard
|-supereffective|p1b: Charizard|2
|-damage|p1b: Charizard|27/100
|-unboost|p1b: Charizard|spe|1
|move|p2a: Charizard|Heat Wave|p1a: Grimmsnarl|[spread] p1a,p1b
|-resisted|p1b: Charizard|1
|-damage|p1a: Grimmsnarl|46/100
|-damage|p1b: Charizard|1/100
|move|p1b: Charizard|Heat Wave|p2a: Charizard|[spread] p2a,p2b
|-resisted|p2a: Charizard|1
|-damage|p2a: Charizard|72/100
|-damage|p2b: Annihilape|38/100
|move|p1a: Grimmsnarl|Spirit Break|p2b: Annihilape
|-supereffective|p2b: Annihilape|1
|-damage|p2b: Annihilape|0 fnt
|faint|p2b: Annihilape
|
|-weather|SunnyDay|[upkeep]
|upkeep
|
|t:|1784803041
|switch|p2b: Incineroar|Incineroar, L50, M, shiny|100/100
|-ability|p2b: Incineroar|Intimidate|boost
|-unboost|p1a: Grimmsnarl|atk|1
|-unboost|p1b: Charizard|atk|1
|turn|2
|
|t:|1784803064
|switch|p1b: Archaludon|Archaludon, L50, M|100/100
|switch|p1a: Pelipper|Pelipper, L50, F|100/100
|-weather|RainDance|[from] ability: Drizzle|[of] p1a: Pelipper
|move|p2a: Charizard|Heat Wave|p1a: Pelipper|[spread] p1b
|-miss|p2a: Charizard|p1a: Pelipper
|-damage|p1b: Archaludon|81/100
|-status|p1b: Archaludon|brn
|-ability|p1b: Archaludon|Stamina|boost
|-boost|p1b: Archaludon|def|1
|move|p2b: Incineroar|Parting Shot|p1a: Pelipper
|-unboost|p1a: Pelipper|atk|1
|-unboost|p1a: Pelipper|spa|1
|
|t:|1784803073
|switch|p2b: Garchomp|Garchomp, L50, F, shiny|100/100|[from] Parting Shot
|
|-weather|RainDance|[upkeep]
|-heal|p1b: Archaludon|87/100 brn|[from] item: Leftovers
|-damage|p1b: Archaludon|81/100 brn|[from] brn
|upkeep
|turn|3
|
|t:|1784803083
|switch|p2a: Incineroar|Incineroar, L50, M, shiny|100/100
|-ability|p2a: Incineroar|Intimidate|boost
|-unboost|p1a: Pelipper|atk|1
|-unboost|p1b: Archaludon|atk|1
|move|p2b: Garchomp|Stomping Tantrum|p1b: Archaludon
|-supereffective|p1b: Archaludon|1
|-damage|p1b: Archaludon|44/100 brn
|-ability|p1b: Archaludon|Stamina|boost
|-boost|p1b: Archaludon|def|1
|move|p1b: Archaludon|Dragon Pulse|p2b: Garchomp
|-supereffective|p2b: Garchomp|1
|-damage|p2b: Garchomp|19/100
|move|p1a: Pelipper|Weather Ball|p2a: Incineroar
|-supereffective|p2a: Incineroar|1
|-damage|p2a: Incineroar|33/100
|-enditem|p2a: Incineroar|Sitrus Berry|[eat]
|-heal|p2a: Incineroar|58/100|[from] item: Sitrus Berry
|
|-weather|RainDance|[upkeep]
|-heal|p1b: Archaludon|50/100g brn|[from] item: Leftovers
|-damage|p1b: Archaludon|44/100 brn|[from] brn
|upkeep
|turn|4
|
|t:|1784803104
|switch|p1a: Grimmsnarl|Grimmsnarl, L50, M|46/100
|move|p1b: Archaludon|Protect|p1b: Archaludon
|-singleturn|p1b: Archaludon|Protect
|move|p2a: Incineroar|Fake Out|p1a: Grimmsnarl
|-damage|p1a: Grimmsnarl|36/100
|move|p2b: Garchomp|Stomping Tantrum|p1b: Archaludon
|-activate|p1b: Archaludon|move: Protect
|
|-weather|RainDance|[upkeep]
|-heal|p1b: Archaludon|50/100g brn|[from] item: Leftovers
|-damage|p1b: Archaludon|44/100 brn|[from] brn
|upkeep
|turn|5
|
|t:|1784803114
|move|p1a: Grimmsnarl|Reflect|p1a: Grimmsnarl
|-sidestart|p1: monsoonisbest|Reflect
|move|p2b: Garchomp|Stomping Tantrum|p1b: Archaludon
|-supereffective|p1b: Archaludon|1
|-damage|p1b: Archaludon|25/100 brn
|-ability|p1b: Archaludon|Stamina|boost
|-boost|p1b: Archaludon|def|1
|move|p1b: Archaludon|Electro Shot||[still]
|-prepare|p1b: Archaludon|Electro Shot
|-boost|p1b: Archaludon|spa|1
|-anim|p1b: Archaludon|Electro Shot|p2a: Incineroar
|-damage|p2a: Incineroar|3/100
|move|p2a: Incineroar|Parting Shot|p1a: Grimmsnarl
|-unboost|p1a: Grimmsnarl|atk|1
|-unboost|p1a: Grimmsnarl|spa|1
|
|t:|1784803117
|switch|p2a: Charizard|Charizard-Mega-Y, L50, M, shiny|72/100|[from] Parting Shot
|-weather|SunnyDay|[from] ability: Drought|[of] p2a: Charizard
|
|-weather|SunnyDay|[upkeep]
|-heal|p1b: Archaludon|31/100 brn|[from] item: Leftovers
|-damage|p1b: Archaludon|25/100 brn|[from] brn
|upkeep
|turn|6
|
|t:|1784803134
|move|p1a: Grimmsnarl|Parting Shot|p2a: Charizard
|-unboost|p2a: Charizard|atk|1
|-unboost|p2a: Charizard|spa|1
|
|t:|1784803137
|switch|p1a: Pelipper|Pelipper, L50, F|100/100|[from] Parting Shot
|-weather|RainDance|[from] ability: Drizzle|[of] p1a: Pelipper
|move|p2b: Garchomp|Stomping Tantrum|p1b: Archaludon
|-supereffective|p1b: Archaludon|1
|-damage|p1b: Archaludon|11/100 brn
|-ability|p1b: Archaludon|Stamina|boost
|-boost|p1b: Archaludon|def|1
|move|p2a: Charizard|Heat Wave|p1a: Pelipper|[spread] p1a,p1b
|-resisted|p1a: Pelipper|1
|-crit|p1b: Archaludon
|-damage|p1a: Pelipper|92/100
|-damage|p1b: Archaludon|0 fnt
|faint|p1b: Archaludon
|
|-weather|RainDance|[upkeep]
|upkeep
|
|t:|1784803153
|switch|p1b: Charizard|Charizard-Mega-Y, L50, M|1/100
|-weather|SunnyDay|[from] ability: Drought|[of] p1b: Charizard
|turn|7
|
|t:|1784803162
|switch|p2b: Incineroar|Incineroar, L50, M, shiny|3/100
|-ability|p2b: Incineroar|Intimidate|boost
|-unboost|p1a: Pelipper|atk|1
|-unboost|p1b: Charizard|atk|1
|move|p1a: Pelipper|Wide Guard|p1a: Pelipper
|-singleturn|p1a: Pelipper|Wide Guard
|move|p2a: Charizard|Weather Ball|p1b: Charizard
|-resisted|p1b: Charizard|1
|-damage|p1b: Charizard|0 fnt
|faint|p1b: Charizard
|
|-weather|SunnyDay|[upkeep]
|upkeep
|
|t:|1784803170
|switch|p1b: Grimmsnarl|Grimmsnarl, L50, M|36/100
|turn|8
|
|t:|1784803177
|move|p2b: Incineroar|Fake Out|p1a: Pelipper
|-damage|p1a: Pelipper|84/100
|move|p1b: Grimmsnarl|Light Screen|p1b: Grimmsnarl
|-sidestart|p1: monsoonisbest|move: Light Screen
|move|p2a: Charizard|Weather Ball|p1b: Grimmsnarl
|-damage|p1b: Grimmsnarl|0 fnt
|faint|p1b: Grimmsnarl
|cant|p1a: Pelipper|flinch
|
|-weather|SunnyDay|[upkeep]
|upkeep
|turn|9
|
|t:|1784803183
|move|p2a: Charizard|Weather Ball|p1a: Pelipper
|-resisted|p1a: Pelipper|1
|-damage|p1a: Pelipper|62/100
|move|p1a: Pelipper|Hurricane|p2a: Charizard|[miss]
|-miss|p1a: Pelipper|p2a: Charizard
|move|p2b: Incineroar|Throat Chop|p1a: Pelipper
|-damage|p1a: Pelipper|39/100
|-start|p1a: Pelipper|Throat Chop|[silent]
|-enditem|p1a: Pelipper|Sitrus Berry|[eat]
|-heal|p1a: Pelipper|63/100|[from] item: Sitrus Berry
|
|-weather|SunnyDay|[upkeep]
|upkeep
|turn|10
|
|t:|1784803189
|move|p2a: Charizard|Weather Ball|p1a: Pelipper
|-resisted|p1a: Pelipper|1
|-damage|p1a: Pelipper|43/100
|move|p1a: Pelipper|Hurricane|p2a: Charizard|[miss]
|-miss|p1a: Pelipper|p2a: Charizard
|move|p2b: Incineroar|Throat Chop|p1a: Pelipper
|-damage|p1a: Pelipper|22/100
|
|-weather|SunnyDay|[upkeep]
|-end|p1a: Pelipper|Throat Chop|[silent]
|upkeep
|turn|11
|
|t:|1784803197
|move|p2a: Charizard|Weather Ball|p1a: Pelipper
|-resisted|p1a: Pelipper|1
|-damage|p1a: Pelipper|0 fnt
|faint|p1a: Pelipper
|
|win|RegiSIXSEVEN
