|j|☆BrownBoy711thst
|j|☆Notaplaceofhonor
|html|BrownBoy711thstNotaplaceofhonor    
|uhtml|bestof|Game 1 of a best-of-3
|t:|1757827467
|gametype|doubles
|player|p1|BrownBoy711thst|marlon|1017
|player|p2|Notaplaceofhonor|juan-gen3|1123
|gen|9
|tier|[Gen 9] VGC 2025 Reg H (Bo3)
|rated|
|rule|Species Clause: Limit one of each Pokémon
|rule|Item Clause: Limit 1 of each item
|clearpoke
|poke|p1|Incineroar, L50, F|
|poke|p1|Gliscor, L50, M|
|poke|p1|Bronzong, L50|
|poke|p1|Primarina, L50, F|
|poke|p1|Porygon2, L50|
|poke|p1|Decidueye-Hisui, L50, F|
|poke|p2|Ursaluna, L50, F|
|poke|p2|Incineroar, L50, F|
|poke|p2|Archaludon, L50, F|
|poke|p2|Pelipper, L50, F|
|poke|p2|Basculegion, L50, M|
|poke|p2|Sinistcha, L50|
|teampreview|4
|showteam|p1|Incineroar||SafetyGoggles|Intimidate|FakeOut,KnockOff,Taunt,PartingShot|||F|||50|,,,,,Ghost]Gliscor||ToxicOrb|PoisonHeal|HighHorsepower,IceFang,SwordsDance,Protect|||M|||50|,,,,,Water]Bronzong||MentalHerb|Levitate|BodyPress,Psychic,IronDefense,Protect||||||50|,,,,,Fighting]Primarina||ThroatSpray|LiquidVoice|HyperVoice,Moonblast,IceBeam,Protect|||F|||50|,,,,,Steel]Porygon2||Eviolite|Trace|IceBeam,Thunderbolt,TrickRoom,RainDance||||||50|,,,,,Ghost]Decidueye-Hisui||CovertCloak|Scrappy|TripleArrows,LeafBlade,SunnyDay,Protect|||F|||50|,,,,,Ghost
|showteam|p2|Ursaluna||FlameOrb|Guts|Protect,Facade,Earthquake,HeadlongRush|||F|||50|,,,,,Ghost]Incineroar||SafetyGoggles|Intimidate|Taunt,FakeOut,KnockOff,PartingShot|||F|||50|,,,,,Ghost]Archaludon||AssaultVest|Stamina|ElectroShot,Snarl,DracoMeteor,BodyPress|||F|||50|,,,,,Grass]Pelipper||FocusSash|Drizzle|Hurricane,WeatherBall,Tailwind,Protect|||F|||50|,,,,,Ghost]Basculegion||ChoiceScarf|Adaptability|WaveCrash,LastRespects,FlipTurn,AquaJet|||M|||50|,,,,,Water]Sinistcha||SitrusBerry|Hospitality|MatchaGotcha,TrickRoom,RagePowder,LifeDew||||||50|,,,,,Water
|inactive|Battle timer is ON: inactive players will automatically lose when time's up. (requested by BrownBoy711thst)
|
|t:|1757827603
|teamsize|p1|4
|teamsize|p2|4
|start
|switch|p1a: Decidueye|Decidueye-Hisui, L50, F|100/100
|switch|p1b: Porygon2|Porygon2, L50|100/100
|switch|p2a: Archaludon|Archaludon, L50, F|100/100
|switch|p2b: Sinistcha|Sinistcha, L50|100/100
|-ability|p1b: Porygon2|Stamina|Trace|[from] ability: Trace|[of] p2a: Archaludon
|turn|1
|inactive|BrownBoy711thst has 30 seconds left.
|inactive|Notaplaceofhonor has 30 seconds left.
|inactive|BrownBoy711thst has 20 seconds left.
|inactive|Notaplaceofhonor has 20 seconds left.
|inactive|BrownBoy711thst has 15 seconds left.
|inactive|Notaplaceofhonor has 15 seconds left.
|inactive|BrownBoy711thst has 10 seconds left.
|inactive|Notaplaceofhonor has 10 seconds left.
|inactive|Notaplaceofhonor has 5 seconds left.
|
|t:|1757827653
|move|p2a: Archaludon|Draco Meteor|p1a: Decidueye
|-damage|p1a: Decidueye|54/100
|-unboost|p2a: Archaludon|spa|2
|move|p1b: Porygon2|Ice Beam|p2b: Sinistcha
|-supereffective|p2b: Sinistcha
|-damage|p2b: Sinistcha|60/100
|move|p1a: Decidueye|Sunny Day|p1a: Decidueye
|-weather|SunnyDay
|move|p2b: Sinistcha|Trick Room|p2b: Sinistcha
|-fieldstart|move: Trick Room|[of] p2b: Sinistcha
|
|-weather|SunnyDay|[upkeep]
|upkeep
|turn|2
|inactive|BrownBoy711thst has 30 seconds left.
|inactive|Notaplaceofhonor has 30 seconds left.
|inactive|BrownBoy711thst has 20 seconds left.
|inactive|BrownBoy711thst has 15 seconds left.
|
|t:|1757827696
|move|p1a: Decidueye|Triple Arrows|p2b: Sinistcha
|-damage|p2b: Sinistcha|24/100
|-unboost|p2b: Sinistcha|def|1
|-enditem|p2b: Sinistcha|Sitrus Berry|[eat]
|-heal|p2b: Sinistcha|49/100|[from] item: Sitrus Berry
|move|p1b: Porygon2|Ice Beam|p2b: Sinistcha
|-supereffective|p2b: Sinistcha
|-damage|p2b: Sinistcha|5/100
|cant|p2b: Sinistcha|flinch
|move|p2a: Archaludon|Body Press|p1b: Porygon2
|-supereffective|p1b: Porygon2
|-damage|p1b: Porygon2|67/100
|-ability|p1b: Porygon2|Stamina|boost
|-boost|p1b: Porygon2|def|1
|
|-weather|SunnyDay|[upkeep]
|upkeep
|turn|3
|inactive|BrownBoy711thst has 30 seconds left.
|inactive|Notaplaceofhonor has 30 seconds left.
|
|t:|1757827729
|-terastallize|p1b: Porygon2|Ghost
|move|p1a: Decidueye|Triple Arrows|p2a: Archaludon
|-supereffective|p2a: Archaludon
|-crit|p2a: Archaludon
|-damage|p2a: Archaludon|6/100
|-unboost|p2a: Archaludon|def|1
|-ability|p2a: Archaludon|Stamina|boost
|-boost|p2a: Archaludon|def|1
|move|p1b: Porygon2|Ice Beam|p2b: Sinistcha
|-supereffective|p2b: Sinistcha
|-crit|p2b: Sinistcha
|-damage|p2b: Sinistcha|0 fnt
|faint|p2b: Sinistcha
|cant|p2a: Archaludon|flinch
|
|-weather|SunnyDay|[upkeep]
|upkeep
|
|t:|1757827747
|switch|p2b: Ursaluna|Ursaluna, L50, F|100/100
|turn|4
|
|t:|1757827771
|-terastallize|p2b: Ursaluna|Ghost
|move|p1a: Decidueye|Triple Arrows|p2a: Archaludon
|-supereffective|p2a: Archaludon
|-damage|p2a: Archaludon|0 fnt
|faint|p2a: Archaludon
|move|p1b: Porygon2|Ice Beam|p2b: Ursaluna
|-damage|p2b: Ursaluna|75/100
|move|p2b: Ursaluna|Facade|p1a: Decidueye
|-damage|p1a: Decidueye|6/100
|
|-weather|SunnyDay|[upkeep]
|-status|p2b: Ursaluna|brn|[from] item: Flame Orb
|upkeep
|
|t:|1757827782
|switch|p2a: Basculegion|Basculegion, L50, M|100/100
|turn|5
|inactive|BrownBoy711thst has 30 seconds left.
|
|t:|1757827810
|move|p1a: Decidueye|Protect|p1a: Decidueye
|-singleturn|p1a: Decidueye|Protect
|move|p2a: Basculegion|Aqua Jet|p1a: Decidueye
|-activate|p1a: Decidueye|move: Protect
|move|p1b: Porygon2|Thunderbolt|p2a: Basculegion
|-supereffective|p2a: Basculegion
|-damage|p2a: Basculegion|46/100
|move|p2b: Ursaluna|Headlong Rush|p1b: Porygon2
|-damage|p1b: Porygon2|22/100
|-unboost|p2b: Ursaluna|def|1
|-unboost|p2b: Ursaluna|spd|1
|-ability|p1b: Porygon2|Stamina|boost
|-boost|p1b: Porygon2|def|1
|
|-weather|none
|-damage|p2b: Ursaluna|70/100 brn|[from] brn
|-fieldend|move: Trick Room
|upkeep
|turn|6
|inactive|BrownBoy711thst has 30 seconds left.
|
|t:|1757827842
|switch|p1a: Incineroar|Incineroar, L50, F|100/100
|-ability|p1a: Incineroar|Intimidate|boost
|-unboost|p2a: Basculegion|atk|1
|-unboost|p2b: Ursaluna|atk|1
|move|p2a: Basculegion|Aqua Jet|p1a: Incineroar
|-supereffective|p1a: Incineroar
|-damage|p1a: Incineroar|71/100
|move|p2b: Ursaluna|Headlong Rush|p1b: Porygon2
|-damage|p1b: Porygon2|0 fnt
|-unboost|p2b: Ursaluna|def|1
|-unboost|p2b: Ursaluna|spd|1
|faint|p1b: Porygon2
|
|-damage|p2b: Ursaluna|64/100 brn|[from] brn
|upkeep
|
|t:|1757827855
|switch|p1b: Bronzong|Bronzong, L50|100/100
|turn|7
|
|t:|1757827878
|move|p2a: Basculegion|Aqua Jet|p1b: Bronzong
|-damage|p1b: Bronzong|87/100
|move|p2b: Ursaluna|Facade|p1a: Incineroar
|-damage|p1a: Incineroar|5/100
|move|p1a: Incineroar|Knock Off|p2a: Basculegion
|-supereffective|p2a: Basculegion
|-damage|p2a: Basculegion|0 fnt
|-enditem|p2a: Basculegion|Choice Scarf|[from] move: Knock Off|[of] p1a: Incineroar
|faint|p2a: Basculegion
|move|p1b: Bronzong|Psychic|p2b: Ursaluna
|-damage|p2b: Ursaluna|18/100 brn
|
|-damage|p2b: Ursaluna|12/100 brn|[from] brn
|upkeep
|turn|8
|
|t:|1757827891
|move|p2b: Ursaluna|Earthquake|p1b: Bronzong|[spread] p1a
|-immune|p1b: Bronzong|[from] ability: Levitate
|-supereffective|p1a: Incineroar
|-damage|p1a: Incineroar|0 fnt
|faint|p1a: Incineroar
|move|p1b: Bronzong|Psychic|p2b: Ursaluna
|-damage|p2b: Ursaluna|0 fnt
|faint|p2b: Ursaluna
|
|win|BrownBoy711thst
