|j|☆sergio23perez
|j|☆mysteriousmothman
|html|sergio23perezmysteriousmothman    
|uhtml|bestof|Game 2 of a best-of-3
|t:|1755098206
|gametype|doubles
|player|p1|sergio23perez|102|1225
|player|p2|mysteriousmothman|skier|1156
|gen|9
|tier|[Gen 9] VGC 2025 Reg H (Bo3)
|rated|
|rule|Species Clause: Limit one of each Pokémon
|rule|Item Clause: Limit 1 of each item
|clearpoke
|poke|p1|Jumpluff, L50, F|
|poke|p1|Charizard, L50, F|
|poke|p1|Porygon2, L50|
|poke|p1|Torkoal, L50, M|
|poke|p1|Incineroar, L50, F|
|poke|p1|Ursaluna, L50, M|
|poke|p2|Porygon2, L50|
|poke|p2|Hydreigon, L50, F|
|poke|p2|Incineroar, L50, M|
|poke|p2|Garchomp, L50, M|
|poke|p2|Amoonguss, L50, F|
|poke|p2|Gholdengo, L50|
|teampreview|4
|showteam|p1|Jumpluff||CovertCloak|Chlorophyll|SleepPowder,SunnyDay,Tailwind,RagePowder|||F|||50|,,,,,Water]Charizard||ChoiceSpecs|SolarPower|AirSlash,HeatWave,Overheat,WeatherBall|||F|||50|,,,,,Ghost]Porygon2||Eviolite|Download|TeraBlast,IceBeam,Recover,TrickRoom||||||50|,,,,,Fighting]Torkoal||EjectPack|Drought|HelpingHand,Eruption,Overheat,Protect|||M|||50|,,,,,Fire]Incineroar||SafetyGoggles|Intimidate|FakeOut,KnockOff,FlareBlitz,PartingShot|||F|||50|,,,,,Ghost]Ursaluna||FlameOrb|Guts|HeadlongRush,Facade,Earthquake,Protect|||M|||50|,,,,,Ghost
|showteam|p2|Porygon2||Eviolite|Download|TeraBlast,IceBeam,TrickRoom,Recover||||||50|,,,,,Fighting]Hydreigon||SafetyGoggles|Levitate|Snarl,DracoMeteor,Tailwind,Protect|||F|||50|,,,,,Ghost]Incineroar||SitrusBerry|Intimidate|FlareBlitz,KnockOff,PartingShot,FakeOut|||M|||50|,,,,,Grass]Garchomp||LoadedDice|RoughSkin|ScaleShot,Earthquake,StompingTantrum,Protect|||M|||50|,,,,,Fire]Amoonguss||CovertCloak|Regenerator|PollenPuff,Spore,RagePowder,Protect|||F|||50|,,,,,Fire]Gholdengo||MetalCoat|GoodasGold|MakeItRain,ShadowBall,NastyPlot,Protect||||||50|,,,,,Flying
|inactive|Battle timer is ON: inactive players will automatically lose when time's up. (requested by sergio23perez)
|inactive|mysteriousmothman has 60 seconds left.
|
|t:|1755098245
|teamsize|p1|4
|teamsize|p2|4
|start
|switch|p1a: Jumpluff|Jumpluff, L50, F|100/100
|switch|p1b: Torkoal|Torkoal, L50, M|100/100
|switch|p2a: Hydreigon|Hydreigon, L50, F, shiny|100/100
|switch|p2b: Gholdengo|Gholdengo, L50, shiny|100/100
|-weather|SunnyDay|[from] ability: Drought|[of] p1b: Torkoal
|turn|1
|
|t:|1755098268
|switch|p2b: Incineroar|Incineroar, L50, M, shiny|100/100
|-ability|p2b: Incineroar|Intimidate|boost
|-unboost|p1a: Jumpluff|atk|1
|-unboost|p1b: Torkoal|atk|1
|-enditem|p1b: Torkoal|Eject Pack
|
|t:|1755098273
|switch|p1b: Ursaluna|Ursaluna, L50, M|100/100
|move|p1a: Jumpluff|Tailwind|p1a: Jumpluff
|-sidestart|p1: sergio23perez|move: Tailwind
|move|p2a: Hydreigon|Snarl|p1b: Ursaluna|[spread] p1a,p1b
|-damage|p1a: Jumpluff|77/100
|-damage|p1b: Ursaluna|81/100
|-unboost|p1b: Ursaluna|spa|1
|
|-weather|SunnyDay|[upkeep]
|-status|p1b: Ursaluna|brn|[from] item: Flame Orb
|upkeep
|turn|2
|
|t:|1755098294
|switch|p1a: Torkoal|Torkoal, L50, M|100/100
|-terastallize|p1b: Ursaluna|Ghost
|-terastallize|p2b: Incineroar|Grass
|move|p1b: Ursaluna|Facade|p2b: Incineroar
|-damage|p2b: Incineroar|0 fnt
|faint|p2b: Incineroar
|move|p2a: Hydreigon|Tailwind|p2a: Hydreigon
|-sidestart|p2: mysteriousmothman|move: Tailwind
|
|-weather|SunnyDay|[upkeep]
|-damage|p1b: Ursaluna|75/100 brn|[from] brn
|upkeep
|
|t:|1755098307
|switch|p2b: Garchomp|Garchomp, L50, M, shiny|100/100
|turn|3
|inactive|sergio23perez has 30 seconds left.
|
|t:|1755098333
|switch|p1a: Charizard|Charizard, L50, F|100/100
|move|p1b: Ursaluna|Protect|p1b: Ursaluna
|-singleturn|p1b: Ursaluna|Protect
|move|p2a: Hydreigon|Snarl|p1b: Ursaluna|[spread] p1a
|-activate|p1b: Ursaluna|move: Protect
|-damage|p1a: Charizard|76/100
|-unboost|p1a: Charizard|spa|1
|move|p2b: Garchomp|Scale Shot|p1b: Ursaluna
|-activate|p1b: Ursaluna|move: Protect
|
|-weather|SunnyDay|[upkeep]
|-damage|p1a: Charizard|64/100|[from] ability: Solar Power|[of] p1a: Charizard
|-damage|p1b: Ursaluna|69/100 brn|[from] brn
|upkeep
|turn|4
|inactive|sergio23perez has 30 seconds left.
|inactive|mysteriousmothman has 30 seconds left.
|
|t:|1755098367
|switch|p1b: Torkoal|Torkoal, L50, M|100/100
|move|p1a: Charizard|Air Slash|p2b: Garchomp
|-damage|p2b: Garchomp|41/100
|move|p2a: Hydreigon|Snarl|p1a: Charizard|[spread] p1a,p1b
|-damage|p1a: Charizard|38/100
|-damage|p1b: Torkoal|75/100
|-unboost|p1a: Charizard|spa|1
|-unboost|p1b: Torkoal|spa|1
|move|p2b: Garchomp|Scale Shot|p1a: Charizard
|-damage|p1a: Charizard|16/100
|-damage|p1a: Charizard|0 fnt
|faint|p1a: Charizard
|-hitcount|p1: Charizard|2
|-unboost|p2b: Garchomp|def|1
|-boost|p2b: Garchomp|spe|1
|
|-weather|SunnyDay|[upkeep]
|-sideend|p1: sergio23perez|move: Tailwind
|upkeep
|
|t:|1755098380
|switch|p1a: Jumpluff|Jumpluff, L50, F|77/100
|turn|5
|
|t:|1755098390
|move|p2b: Garchomp|Scale Shot|p1a: Jumpluff
|-damage|p1a: Jumpluff|60/100
|-damage|p1a: Jumpluff|41/100
|-damage|p1a: Jumpluff|23/100
|-damage|p1a: Jumpluff|5/100
|-hitcount|p1a: Jumpluff|4
|-unboost|p2b: Garchomp|def|1
|-boost|p2b: Garchomp|spe|1
|move|p1a: Jumpluff|Tailwind|p1a: Jumpluff
|-sidestart|p1: sergio23perez|move: Tailwind
|move|p2a: Hydreigon|Snarl|p1b: Torkoal|[spread] p1a,p1b
|-damage|p1a: Jumpluff|0 fnt
|-damage|p1b: Torkoal|50/100
|-unboost|p1b: Torkoal|spa|1
|faint|p1a: Jumpluff
|move|p1b: Torkoal|Overheat|p2b: Garchomp
|-resisted|p2b: Garchomp
|-damage|p2b: Garchomp|18/100
|-unboost|p1b: Torkoal|spa|2
|
|-weather|none
|-sideend|p2: mysteriousmothman|move: Tailwind
|upkeep
|
|t:|1755098403
|switch|p1a: Ursaluna|Ursaluna, L50, M, tera:Ghost|69/100 brn
|turn|6
|
|t:|1755098417
|move|p1b: Torkoal|Protect|p1b: Torkoal
|-singleturn|p1b: Torkoal|Protect
|move|p2b: Garchomp|Earthquake|p1a: Ursaluna|[spread] p1a
|-activate|p1b: Torkoal|move: Protect
|-immune|p2a: Hydreigon|[from] ability: Levitate
|-damage|p1a: Ursaluna|34/100 brn
|move|p1a: Ursaluna|Facade|p2b: Garchomp
|-damage|p2b: Garchomp|0 fnt
|-damage|p1a: Ursaluna|22/100 brn|[from] ability: Rough Skin|[of] p2b: Garchomp
|faint|p2b: Garchomp
|move|p2a: Hydreigon|Tailwind|p2a: Hydreigon
|-sidestart|p2: mysteriousmothman|move: Tailwind
|
|-damage|p1a: Ursaluna|16/100 brn|[from] brn
|upkeep
|-message|sergio23perez forfeited.
|raw|sergio23perez's rating: 1225 → 1195(-30 for losing)
|raw|mysteriousmothman's rating: 1156 → 1186(+30 for winning)
|
|win|mysteriousmothman
|c|☆mysteriousmothman|ggs
