|j|☆That_Leek
|j|☆Hossss
|html|That_LeekHossss    
|uhtml|bestof|Game 2 of a best-of-3
|t:|1755408119
|gametype|doubles
|player|p1|That_Leek|blue-masters|1194
|player|p2|Hossss|n|1135
|gen|9
|tier|[Gen 9] VGC 2025 Reg H (Bo3)
|rated|
|rule|Species Clause: Limit one of each Pokémon
|rule|Item Clause: Limit 1 of each item
|clearpoke
|poke|p1|Incineroar, L50, M|
|poke|p1|Gholdengo, L50|
|poke|p1|Dragonite, L50, F|
|poke|p1|Amoonguss, L50, F|
|poke|p1|Ursaluna-Bloodmoon, L50, M|
|poke|p1|Gallade, L50, M|
|poke|p2|Pelipper, L50, F|
|poke|p2|Archaludon, L50, F|
|poke|p2|Maushold-Four, L50|
|poke|p2|Basculegion, L50, M|
|poke|p2|Rillaboom, L50, M|
|poke|p2|Sneasler, L50, F|
|teampreview|4
|showteam|p1|Incineroar||SafetyGoggles|Intimidate|FakeOut,FlareBlitz,KnockOff,PartingShot|||M|||50|,,,,,Water]Gholdengo||LifeOrb|GoodasGold|MakeItRain,ShadowBall,NastyPlot,Protect||||||50|,,,,,Dragon]Dragonite||LoadedDice|Multiscale|Tailwind,StompingTantrum,ScaleShot,Protect|||F|||50|,,,,,Fairy]Amoonguss||SitrusBerry|Regenerator|PollenPuff,Spore,RagePowder,Protect|||F|||50|,,,,,Fairy]Ursaluna-Bloodmoon||AssaultVest|MindsEye|VacuumWave,BloodMoon,HyperVoice,EarthPower|||M|||50|,,,,,Ghost]Gallade||FocusSash|Sharpness|TrickRoom,SacredSword,WideGuard,PsychoCut|||M|||50|,,,,,Fairy
|showteam|p2|Pelipper||FocusSash|Drizzle|WeatherBall,Hurricane,Tailwind,Protect|||F|||50|,,,,,Ghost]Archaludon||AssaultVest|Stamina|DragonPulse,ElectroShot,BodyPress,FlashCannon|||F|||50|,,,,,Grass]Maushold-Four||WideLens|Technician|Protect,FollowMe,ThunderWave,PopulationBomb||||||50|,,,,,Fairy]Basculegion||ChoiceScarf|Adaptability|FlipTurn,WaveCrash,AquaJet,LastRespects|||M|||50|,,,,,Ghost]Rillaboom||MiracleSeed|GrassySurge|FakeOut,GrassyGlide,WoodHammer,HighHorsepower|||M|||50|,,,,,Fire]Sneasler||GrassySeed|Unburden|FakeOut,DireClaw,CloseCombat,ThroatChop|||F|||50|,,,,,Dark
|
|t:|1755408138
|teamsize|p1|4
|teamsize|p2|4
|start
|switch|p1a: Gallade|Gallade, L50, M|100/100
|switch|p1b: Dragonite|Dragonite, L50, F|100/100
|switch|p2a: Golden Gate|Archaludon, L50, F, shiny|100/100
|switch|p2b: Maus|Maushold-Four, L50, shiny|100/100
|turn|1
|
|t:|1755408167
|switch|p1a: Incineroar|Incineroar, L50, M|100/100
|-ability|p1a: Incineroar|Intimidate|boost
|-unboost|p2a: Golden Gate|atk|1
|-unboost|p2b: Maus|atk|1
|move|p2b: Maus|Population Bomb|p1a: Incineroar
|-damage|p1a: Incineroar|94/100
|-damage|p1a: Incineroar|87/100
|-damage|p1a: Incineroar|79/100
|-damage|p1a: Incineroar|72/100
|-damage|p1a: Incineroar|65/100
|-damage|p1a: Incineroar|59/100
|-damage|p1a: Incineroar|51/100
|-damage|p1a: Incineroar|44/100
|-damage|p1a: Incineroar|37/100
|-damage|p1a: Incineroar|29/100
|-hitcount|p1a: Incineroar|10
|move|p1b: Dragonite|Tailwind|p1b: Dragonite
|-sidestart|p1: That_Leek|move: Tailwind
|move|p2a: Golden Gate|Dragon Pulse|p1b: Dragonite
|-supereffective|p1b: Dragonite
|-damage|p1b: Dragonite|62/100
|
|upkeep
|turn|2
|
|t:|1755408201
|switch|p2b: Peeko|Pelipper, L50, F, shiny|100/100
|-weather|RainDance|[from] ability: Drizzle|[of] p2b: Peeko
|move|p1b: Dragonite|Scale Shot|p2b: Peeko|[miss]
|-miss|p1b: Dragonite|p2b: Peeko
|move|p1a: Incineroar|Parting Shot|p2a: Golden Gate
|-unboost|p2a: Golden Gate|atk|1
|-unboost|p2a: Golden Gate|spa|1
|
|t:|1755408205
|switch|p1a: Amoonguss|Amoonguss, L50, F|100/100|[from] Parting Shot
|move|p2a: Golden Gate|Electro Shot||[still]
|-prepare|p2a: Golden Gate|Electro Shot
|-boost|p2a: Golden Gate|spa|1
|-anim|p2a: Golden Gate|Electro Shot|p1a: Amoonguss
|-resisted|p1a: Amoonguss
|-damage|p1a: Amoonguss|82/100
|
|-weather|RainDance|[upkeep]
|upkeep
|turn|3
|j| MattC (Banned)
|
|t:|1755408222
|-terastallize|p1b: Dragonite|Fairy
|move|p1b: Dragonite|Scale Shot|p2b: Peeko
|-damage|p2b: Peeko|80/100
|-damage|p2b: Peeko|60/100
|-damage|p2b: Peeko|42/100
|-damage|p2b: Peeko|21/100
|-crit|p2b: Peeko
|-damage|p2b: Peeko|0 fnt
|faint|p2b: Peeko
|-hitcount|p2: Peeko|5
|-unboost|p1b: Dragonite|def|1
|-boost|p1b: Dragonite|spe|1
|move|p2a: Golden Gate|Dragon Pulse|p1a: Amoonguss
|-damage|p1a: Amoonguss|47/100
|-enditem|p1a: Amoonguss|Sitrus Berry|[eat]
|-heal|p1a: Amoonguss|72/100|[from] item: Sitrus Berry
|move|p1a: Amoonguss|Pollen Puff|p1b: Dragonite
|-heal|p1b: Dragonite|100/100
|
|-weather|RainDance|[upkeep]
|upkeep
|
|t:|1755408244
|switch|p2b: Maus|Maushold-Four, L50, shiny|100/100
|turn|4
|
|t:|1755408263
|-terastallize|p2b: Maus|Fairy
|move|p1b: Dragonite|Scale Shot|p2b: Maus
|-immune|p2b: Maus
|move|p2b: Maus|Population Bomb|p1a: Amoonguss
|-damage|p1a: Amoonguss|63/100
|-damage|p1a: Amoonguss|55/100
|-damage|p1a: Amoonguss|46/100
|-damage|p1a: Amoonguss|36/100
|-damage|p1a: Amoonguss|26/100
|-damage|p1a: Amoonguss|18/100
|-damage|p1a: Amoonguss|10/100
|-damage|p1a: Amoonguss|1/100
|-damage|p1a: Amoonguss|0 fnt
|faint|p1a: Amoonguss
|-hitcount|p1: Amoonguss|9
|move|p2a: Golden Gate|Flash Cannon|p1b: Dragonite
|-supereffective|p1b: Dragonite
|-damage|p1b: Dragonite|61/100
|
|-weather|RainDance|[upkeep]
|-sideend|p1: That_Leek|move: Tailwind
|upkeep
|
|t:|1755408270
|switch|p1a: Gallade|Gallade, L50, M|100/100
|turn|5
|
|t:|1755408301
|move|p1b: Dragonite|Tailwind|p1b: Dragonite
|-sidestart|p1: That_Leek|move: Tailwind
|move|p1a: Gallade|Psycho Cut|p2b: Maus
|-damage|p2b: Maus|2/100
|move|p2b: Maus|Population Bomb|p1a: Gallade
|-damage|p1a: Gallade|83/100
|-damage|p1a: Gallade|64/100
|-damage|p1a: Gallade|44/100
|-damage|p1a: Gallade|25/100
|-damage|p1a: Gallade|8/100
|-damage|p1a: Gallade|0 fnt
|faint|p1a: Gallade
|-hitcount|p1: Gallade|6
|move|p2a: Golden Gate|Electro Shot||[still]
|-prepare|p2a: Golden Gate|Electro Shot
|-boost|p2a: Golden Gate|spa|1
|-anim|p2a: Golden Gate|Electro Shot|p1b: Dragonite
|-damage|p1b: Dragonite|2/100
|
|-weather|RainDance|[upkeep]
|upkeep
|
|t:|1755408306
|switch|p1a: Incineroar|Incineroar, L50, M|29/100
|-ability|p1a: Incineroar|Intimidate|boost
|-unboost|p2a: Golden Gate|atk|1
|-unboost|p2b: Maus|atk|1
|turn|6
|-message|That_Leek forfeited.
|
|win|Hossss
|raw|That_Leek's rating: 1194 → 1165(-29 for losing)
|raw|Hossss's rating: 1135 → 1164(+29 for winning)
|l|☆That_Leek
|player|p1|
