|j|☆x-4 at worlds
|j|☆Awesome Person III
|html|x-4 at worldsAwesome Person III    
|uhtml|bestof|Game 2 of a best-of-3
|t:|1757687874
|gametype|doubles
|player|p1|x-4 at worlds|shauntal|1521
|player|p2|Awesome Person III|fisherman-gen4|1408
|gen|9
|tier|[Gen 9] VGC 2025 Reg H (Bo3)
|rated|
|rule|Species Clause: Limit one of each Pokémon
|rule|Item Clause: Limit 1 of each item
|clearpoke
|poke|p1|Basculegion, L50, M|
|poke|p1|Incineroar, L50, M|
|poke|p1|Amoonguss, L50, M|
|poke|p1|Kilowattrel, L50, F|
|poke|p1|Ursaluna, L50, F|
|poke|p1|Gholdengo, L50|
|poke|p2|Dragonite, L50, M|
|poke|p2|Incineroar, L50, M|
|poke|p2|Rillaboom, L50, M|
|poke|p2|Sneasler, L50, F|
|poke|p2|Gholdengo, L50|
|poke|p2|Ursaluna-Bloodmoon, L50, M|
|teampreview|4
|showteam|p1|Basculegion||ChoiceScarf|Adaptability|WaveCrash,LastRespects,FlipTurn,AquaJet|||M|||50|,,,,,Grass]Incineroar||AssaultVest|Intimidate|KnockOff,FlareBlitz,Uturn,FakeOut|||M|||50|,,,,,Grass]Amoonguss||CovertCloak|Regenerator|PollenPuff,Spore,RagePowder,Protect|||M|||50|,,,,,Psychic]Kilowattrel||FocusSash|Competitive|Thunderbolt,AirSlash,Tailwind,Protect|||F|||50|,,,,,Ghost]Ursaluna||FlameOrb|Guts|HeadlongRush,Facade,Earthquake,Protect|||F|||50|,,,,,Fairy]Gholdengo||LifeOrb|GoodasGold|MakeItRain,ShadowBall,NastyPlot,Protect||||||50|,,,,,Water
|showteam|p2|Dragonite||LoadedDice|Multiscale|ScaleShot,Tailwind,Protect,Haze|||M|||50|,,,,,Fairy]Incineroar||SafetyGoggles|Intimidate|FlareBlitz,KnockOff,FakeOut,PartingShot|||M|||50|,,,,,Ghost]Rillaboom||MiracleSeed|GrassySurge|WoodHammer,GrassyGlide,HighHorsepower,FakeOut|||M|||50|,,,,,Water]Sneasler||FocusSash|Unburden|CloseCombat,DireClaw,ThroatChop,Protect|||F|||50|,,,,,Stellar]Gholdengo||LifeOrb|GoodasGold|MakeItRain,ShadowBall,Protect,NastyPlot||||||50|,,,,,Water]Ursaluna-Bloodmoon||AssaultVest|MindsEye|BloodMoon,EarthPower,HyperVoice,VacuumWave|||M|||50|,,,,,Electric
|inactive|Battle timer is ON: inactive players will automatically lose when time's up. (requested by Awesome Person III)
|inactive|x-4 at worlds has 60 seconds left.
|j| senku kukuku
|inactive|x-4 at worlds has 30 seconds left.
|inactive|x-4 at worlds has 20 seconds left.
|inactive|x-4 at worlds has 15 seconds left.
|inactive|x-4 at worlds has 10 seconds left.
|inactive|x-4 at worlds has 5 seconds left.
|
|t:|1757687961
|teamsize|p1|4
|teamsize|p2|4
|start
|switch|p1a: Ursaluna|Ursaluna, L50, F|100/100
|switch|p1b: Kilowattrel|Kilowattrel, L50, F|100/100
|switch|p2a: Dragonite|Dragonite, L50, M|100/100
|switch|p2b: Ursaluna|Ursaluna-Bloodmoon, L50, M|100/100
|turn|1
|
|t:|1757687975
|move|p1a: Ursaluna|Protect|p1a: Ursaluna
|-singleturn|p1a: Ursaluna|Protect
|move|p1b: Kilowattrel|Tailwind|p1b: Kilowattrel
|-sidestart|p1: x-4 at worlds|move: Tailwind
|move|p2a: Dragonite|Scale Shot|p1b: Kilowattrel
|-damage|p1b: Kilowattrel|71/100
|-damage|p1b: Kilowattrel|46/100
|-damage|p1b: Kilowattrel|20/100
|-damage|p1b: Kilowattrel|0 fnt
|faint|p1b: Kilowattrel
|-hitcount|p1: Kilowattrel|4
|-unboost|p2a: Dragonite|def|1
|-boost|p2a: Dragonite|spe|1
|move|p2b: Ursaluna|Blood Moon|p1a: Ursaluna
|-activate|p1a: Ursaluna|move: Protect
|
|-status|p1a: Ursaluna|brn|[from] item: Flame Orb
|upkeep
|
|t:|1757687986
|switch|p1b: Amoonguss|Amoonguss, L50, M, shiny|100/100
|turn|2
|
|t:|1757687997
|switch|p2a: Incineroar|Incineroar, L50, M|100/100
|-ability|p2a: Incineroar|Intimidate|boost
|-unboost|p1a: Ursaluna|atk|1
|-unboost|p1b: Amoonguss|atk|1
|move|p1a: Ursaluna|Facade|p2a: Incineroar
|-damage|p2a: Incineroar|32/100
|move|p1b: Amoonguss|Spore|p2b: Ursaluna
|-status|p2b: Ursaluna|slp|[from] move: Spore
|cant|p2b: Ursaluna|slp
|
|-damage|p1a: Ursaluna|95/100 brn|[from] brn
|upkeep
|turn|3
|inactive|x-4 at worlds has 30 seconds left.
|
|t:|1757688026
|move|p2a: Incineroar|Fake Out|p1a: Ursaluna
|-damage|p1a: Ursaluna|87/100 brn
|cant|p1a: Ursaluna|flinch
|move|p1b: Amoonguss|Pollen Puff|p2a: Incineroar
|-damage|p2a: Incineroar|16/100
|-curestatus|p2b: Ursaluna|slp|[msg]
|move|p2b: Ursaluna|Hyper Voice|p1a: Ursaluna|[spread] p1a,p1b
|-damage|p1a: Ursaluna|52/100 brn
|-damage|p1b: Amoonguss|69/100
|
|-damage|p1a: Ursaluna|46/100 brn|[from] brn
|upkeep
|turn|4
|inactive|Awesome Person III has 30 seconds left.
|
|t:|1757688058
|move|p1a: Ursaluna|Earthquake|p2a: Incineroar|[spread] p1b,p2a,p2b
|-supereffective|p2a: Incineroar
|-damage|p1b: Amoonguss|36/100
|-damage|p2a: Incineroar|0 fnt
|-damage|p2b: Ursaluna|72/100
|faint|p2a: Incineroar
|move|p1b: Amoonguss|Spore|p2b: Ursaluna
|-status|p2b: Ursaluna|slp|[from] move: Spore
|cant|p2b: Ursaluna|slp
|
|-damage|p1a: Ursaluna|40/100 brn|[from] brn
|-sideend|p1: x-4 at worlds|move: Tailwind
|upkeep
|
|t:|1757688065
|switch|p2a: Dragonite|Dragonite, L50, M|100/100
|turn|5
|
|t:|1757688073
|switch|p1b: Gholdengo|Gholdengo, L50|100/100
|-terastallize|p1a: Ursaluna|Fairy
|move|p2a: Dragonite|Scale Shot|p1b: Gholdengo
|-resisted|p1b: Gholdengo
|-crit|p1b: Gholdengo
|-damage|p1b: Gholdengo|89/100
|-resisted|p1b: Gholdengo
|-damage|p1b: Gholdengo|83/100
|-resisted|p1b: Gholdengo
|-damage|p1b: Gholdengo|75/100
|-resisted|p1b: Gholdengo
|-damage|p1b: Gholdengo|68/100
|-hitcount|p1b: Gholdengo|4
|-unboost|p2a: Dragonite|def|1
|-boost|p2a: Dragonite|spe|1
|move|p1a: Ursaluna|Facade|p2b: Ursaluna
|-damage|p2b: Ursaluna|17/100 slp
|cant|p2b: Ursaluna|slp
|
|-damage|p1a: Ursaluna|34/100 brn|[from] brn
|upkeep
|turn|6
|inactive|x-4 at worlds has 30 seconds left.
|
|t:|1757688100
|move|p2a: Dragonite|Tailwind|p2a: Dragonite
|-sidestart|p2: Awesome Person III|move: Tailwind
|-curestatus|p2b: Ursaluna|slp|[msg]
|move|p2b: Ursaluna|Earth Power|p1b: Gholdengo
|-supereffective|p1b: Gholdengo
|-damage|p1b: Gholdengo|0 fnt
|faint|p1b: Gholdengo
|move|p1a: Ursaluna|Facade|p2b: Ursaluna
|-damage|p2b: Ursaluna|0 fnt
|faint|p2b: Ursaluna
|
|-damage|p1a: Ursaluna|28/100 brn|[from] brn
|upkeep
|
|t:|1757688108
|switch|p1b: Amoonguss|Amoonguss, L50, M, shiny|69/100
|switch|p2b: Rillaboom|Rillaboom, L50, M|100/100
|-fieldstart|move: Grassy Terrain|[from] ability: Grassy Surge|[of] p2b: Rillaboom
|turn|7
|-message|x-4 at worlds forfeited.
|
|win|Awesome Person III
||Awesome Person III is ready for game 3.
||x-4 at worlds is ready for game 3.
|uhtml|next|Next: Game 3 of 3
|l| senku kukuku
