|j|☆natsukivgc
|j|☆RUSH-PANG
|html|natsukivgcRUSH-PANG    
|uhtml|bestof|Game 1 of a best-of-3
|t:|1785392482
|gametype|doubles
|player|p1|natsukivgc|1|1175
|player|p2|RUSH-PANG|265|1000
|gen|9
|tier|[Gen 9 Champions] VGC 2026 Reg M-B (Bo3)
|rated|
|rule|Species Clause: Limit one of each Pokémon
|rule|Item Clause: Limit 1 of each item
|clearpoke
|poke|p1|Garchomp, L50, F|
|poke|p1|Venusaur, L50, F|
|poke|p1|Incineroar, L50, F|
|poke|p1|Charizard, L50, M|
|poke|p1|Toxapex, L50, F|
|poke|p1|Annihilape, L50, F|
|poke|p2|Hawlucha, L50, M|
|poke|p2|Snorlax, L50, F|
|poke|p2|Sinistcha, L50|
|poke|p2|Incineroar, L50, M|
|poke|p2|Chandelure, L50, F|
|poke|p2|Primarina, L50, M|
|teampreview|4
|showteam|p1|Garchomp||ChoiceScarf|RoughSkin|Earthquake,DragonClaw,StompingTantrum,RockSlide|Adamant||F|||50|]Venusaur||LifeOrb|Chlorophyll|SolarBeam,SludgeBomb,EarthPower,Protect|Modest||F|||50|]Incineroar||SitrusBerry|Intimidate|FlareBlitz,ThroatChop,FakeOut,PartingShot|Impish||F|||50|]Charizard||CharizarditeY|Blaze|HeatWave,WeatherBall,HelpingHand,Protect|Modest||M|||50|]Toxapex||Leftovers|Regenerator|Infestation,Toxic,WideGuard,BanefulBunker|Bold||F|||50|]Annihilape||FocusSash|Defiant|CloseCombat,PhantomForce,StealthRock,Protect|Jolly||F|||50|
|showteam|p2|Hawlucha||Hawluchanite|Limber|Entrainment,BraveBird,CloseCombat,Detect|Jolly||M|||50|]Snorlax||Leftovers|ThickFat|Stockpile,Protect,Fissure,BodyPress|Bold||F|||50|]Sinistcha||MentalHerb|Hospitality|RagePowder,MatchaGotcha,TrickRoom,Protect|Modest|||||50|]Incineroar||SitrusBerry|Intimidate|FakeOut,PartingShot,DarkestLariat,FlareBlitz|Adamant||M|||50|]Chandelure||Chandelurite|Infiltrator|Protect,TrickRoom,ShadowBall,HeatWave|Modest||F|||50|]Primarina||LifeOrb|LiquidVoice|HyperVoice,Moonblast,Protect,CalmMind|Modest||M|||50|
|inactive|Battle timer is ON: inactive players will automatically lose when time's up. (requested by RUSH-PANG)
|
|t:|1785392520
|teamsize|p1|4
|teamsize|p2|4
|start
|switch|p1a: Charizard|Charizard, L50, M|100/100
|switch|p1b: Garchomp|Garchomp, L50, F|100/100
|switch|p2a: Hawlucha|Hawlucha, L50, M|100/100
|switch|p2b: Snorlax|Snorlax, L50, F|100/100
|turn|1
|
|t:|1785392541
|detailschange|p2a: Hawlucha|Hawlucha-Mega, L50, M
|-mega|p2a: Hawlucha|Hawlucha|Hawluchanite
|detailschange|p1a: Charizard|Charizard-Mega-Y, L50, M
|-mega|p1a: Charizard|Charizard|Charizardite Y
|-weather|SunnyDay|[from] ability: Drought|[of] p1a: Charizard
|move|p1b: Garchomp|Rock Slide|p2b: Snorlax|[spread] p2a,p2b
|-damage|p2a: Hawlucha|79/100
|-damage|p2b: Snorlax|86/100
|cant|p2a: Hawlucha|flinch
|move|p1a: Charizard|Heat Wave|p2a: Hawlucha|[spread] p2a,p2b
|-damage|p2a: Hawlucha|16/100
|-damage|p2b: Snorlax|67/100
|-status|p2a: Hawlucha|brn
|move|p2b: Snorlax|Fissure|p1b: Garchomp
|-damage|p1b: Garchomp|0 fnt
|faint|p1b: Garchomp
|-ohko
|
|-weather|SunnyDay|[upkeep]
|-heal|p2b: Snorlax|73/100|[from] item: Leftovers
|-damage|p2a: Hawlucha|10/100 brn|[from] brn
|upkeep
|
|t:|1785392562
|switch|p1b: Incineroar|Incineroar, L50, F|100/100
|-ability|p1b: Incineroar|Intimidate|boost
|-unboost|p2a: Hawlucha|atk|1
|-unboost|p2b: Snorlax|atk|1
|turn|2
|
|t:|1785392571
|move|p2a: Hawlucha|Detect|p2a: Hawlucha
|-singleturn|p2a: Hawlucha|Protect
|move|p2b: Snorlax|Protect|p2b: Snorlax
|-singleturn|p2b: Snorlax|Protect
|move|p1b: Incineroar|Fake Out|p2a: Hawlucha
|-activate|p2a: Hawlucha|move: Protect
|move|p1a: Charizard|Weather Ball|p2b: Snorlax
|-activate|p2b: Snorlax|move: Protect
|
|-weather|SunnyDay|[upkeep]
|-heal|p2b: Snorlax|79/100|[from] item: Leftovers
|-damage|p2a: Hawlucha|4/100 brn|[from] brn
|upkeep
|turn|3
|inactive|natsukivgc has 30 seconds left.
|
|t:|1785392597
|switch|p1b: Venusaur|Venusaur, L50, F|100/100
|move|p2a: Hawlucha|Entrainment|p2b: Snorlax
|-ability|p2b: Snorlax|No Guard|Thick Fat|[from] move: Entrainment|[of] p2a: Hawlucha
|move|p1a: Charizard|Weather Ball|p2b: Snorlax
|-damage|p2b: Snorlax|23/100
|move|p2b: Snorlax|Fissure|p1b: Venusaur
|-damage|p1b: Venusaur|0 fnt
|faint|p1b: Venusaur
|-ohko
|
|-weather|SunnyDay|[upkeep]
|-heal|p2b: Snorlax|29/100|[from] item: Leftovers
|-damage|p2a: Hawlucha|0 fnt|[from] brn
|faint|p2a: Hawlucha
|upkeep
|
|t:|1785392611
|switch|p2a: Sinistcha|Sinistcha, L50|100/100
|switch|p1b: Incineroar|Incineroar, L50, F|100/100
|-ability|p1b: Incineroar|Intimidate|boost
|-unboost|p2a: Sinistcha|atk|1
|-unboost|p2b: Snorlax|atk|1
|-heal|p2b: Snorlax|54/100|[from] ability: Hospitality|[of] p2a: Sinistcha
|turn|4
|inactive|RUSH-PANG has 30 seconds left.
|inactive|RUSH-PANG has 20 seconds left.
|
|t:|1785392648
|move|p2a: Sinistcha|Protect|p2a: Sinistcha
|-singleturn|p2a: Sinistcha|Protect
|move|p2b: Snorlax|Protect|p2b: Snorlax
|-singleturn|p2b: Snorlax|Protect
|move|p1b: Incineroar|Fake Out|p2b: Snorlax
|-activate|p2b: Snorlax|move: Protect
|move|p1a: Charizard|Heat Wave|p2b: Snorlax|[spread] 
|-activate|p2a: Sinistcha|move: Protect
|-activate|p2b: Snorlax|move: Protect
|
|-weather|SunnyDay|[upkeep]
|-heal|p2b: Snorlax|60/100|[from] item: Leftovers
|upkeep
|turn|5
|
|t:|1785392668
|switch|p2a: Incineroar|Incineroar, L50, M|100/100
|-ability|p2a: Incineroar|Intimidate|boost
|-unboost|p1a: Charizard|atk|1
|-unboost|p1b: Incineroar|atk|1
|move|p1a: Charizard|Heat Wave|p2a: Incineroar|[spread] p2a,p2b
|-resisted|p2a: Incineroar|1
|-damage|p2a: Incineroar|72/100
|-damage|p2b: Snorlax|21/100
|-status|p2b: Snorlax|brn
|move|p1b: Incineroar|Flare Blitz|p2b: Snorlax
|-damage|p2b: Snorlax|0 fnt
|faint|p2b: Snorlax
|-damage|p1b: Incineroar|90/100|[from] Recoil
|
|-weather|none
|upkeep
|
|t:|1785392680
|switch|p2b: Sinistcha|Sinistcha, L50|100/100
|-heal|p2a: Incineroar|97/100|[from] ability: Hospitality|[of] p2b: Sinistcha
|turn|6
|
|t:|1785392696
|move|p2b: Sinistcha|Protect|p2b: Sinistcha
|-singleturn|p2b: Sinistcha|Protect
|move|p1a: Charizard|Heat Wave|p2b: Sinistcha|[spread] p2a
|-activate|p2b: Sinistcha|move: Protect
|-resisted|p2a: Incineroar|1
|-damage|p2a: Incineroar|80/100
|move|p1b: Incineroar|Throat Chop|p2a: Incineroar
|-resisted|p2a: Incineroar|1
|-damage|p2a: Incineroar|70/100
|-start|p2a: Incineroar|Throat Chop|[silent]
|move|p2a: Incineroar|Darkest Lariat|p1a: Charizard
|-damage|p1a: Charizard|62/100
|
|upkeep
|turn|7
|
|t:|1785392716
|move|p1a: Charizard|Heat Wave|p2a: Incineroar|[spread] p2a,p2b
|-resisted|p2a: Incineroar|1
|-supereffective|p2b: Sinistcha|1
|-damage|p2a: Incineroar|53/100
|-damage|p2b: Sinistcha|21/100
|move|p1b: Incineroar|Throat Chop|p2a: Incineroar
|-resisted|p2a: Incineroar|1
|-damage|p2a: Incineroar|43/100
|-enditem|p2a: Incineroar|Sitrus Berry|[eat]
|-heal|p2a: Incineroar|68/100|[from] item: Sitrus Berry
|move|p2a: Incineroar|Darkest Lariat|p1a: Charizard
|-damage|p1a: Charizard|23/100
|move|p2b: Sinistcha|Trick Room|p2b: Sinistcha
|-fieldstart|move: Trick Room|[of] p2b: Sinistcha
|
|-end|p2a: Incineroar|Throat Chop|[silent]
|upkeep
|turn|8
|
|t:|1785392740
|move|p1a: Charizard|Protect|p1a: Charizard
|-singleturn|p1a: Charizard|Protect
|move|p2b: Sinistcha|Rage Powder|p2b: Sinistcha
|-singleturn|p2b: Sinistcha|move: Rage Powder
|move|p2a: Incineroar|Darkest Lariat|p1a: Charizard
|-activate|p1a: Charizard|move: Protect
|move|p1b: Incineroar|Throat Chop|p2b: Sinistcha
|-supereffective|p2b: Sinistcha|1
|-damage|p2b: Sinistcha|0 fnt
|faint|p2b: Sinistcha
|
|upkeep
|turn|9
|inactive|natsukivgc has 30 seconds left.
|inactive|natsukivgc has 20 seconds left.
|
|t:|1785392775
|move|p2a: Incineroar|Darkest Lariat|p1a: Charizard
|-damage|p1a: Charizard|0 fnt
|faint|p1a: Charizard
|move|p1b: Incineroar|Flare Blitz|p2a: Incineroar
|-resisted|p2a: Incineroar|1
|-damage|p2a: Incineroar|53/100
|-damage|p1b: Incineroar|85/100|[from] Recoil
|
|upkeep
|turn|10
|
|t:|1785392797
|move|p2a: Incineroar|Darkest Lariat|p1b: Incineroar
|-resisted|p1b: Incineroar|1
|-damage|p1b: Incineroar|70/100
|move|p1b: Incineroar|Throat Chop|p2a: Incineroar
|-resisted|p2a: Incineroar|1
|-damage|p2a: Incineroar|43/100
|-start|p2a: Incineroar|Throat Chop|[silent]
|
|upkeep
|turn|11
|-message|RUSH-PANG forfeited.
|
|win|natsukivgc
