|j|☆dapmagikarp
|j|☆palle synchro
|html|dapmagikarppalle synchro    
|uhtml|bestof|Game 2 of a best-of-3
|t:|1785011809
|gametype|doubles
|player|p1|dapmagikarp|sada-ai|1436
|player|p2|palle synchro|volkner|1479
|gen|9
|tier|[Gen 9 Champions] VGC 2026 Reg M-B (Bo3)
|rated|
|rule|Species Clause: Limit one of each Pokémon
|rule|Item Clause: Limit 1 of each item
|clearpoke
|poke|p1|Gengar, L50, M, shiny|
|poke|p1|Archaludon, L50, M|
|poke|p1|Politoed, L50, F|
|poke|p1|Swampert, L50, F, shiny|
|poke|p1|Vivillon, L50, F, shiny|
|poke|p1|Incineroar, L50, M|
|poke|p2|Incineroar, L50, F, shiny|
|poke|p2|Gengar, L50, M, shiny|
|poke|p2|Ninetales-Alola, L50, F, shiny|
|poke|p2|Volcarona, L50, M, shiny|
|poke|p2|Kommo-o, L50, F|
|poke|p2|Raichu, L50, F|
|teampreview|4
|showteam|p1|Gengar||Gengarite|CursedBody|ShadowBall,SludgeBomb,PerishSong,Protect|Modest||M|||50|]Archaludon||Leftovers|Stamina|ElectroShot,DragonPulse,FlashCannon,Protect|Bold||M|||50|]Politoed||SitrusBerry|Drizzle|WeatherBall,Hypnosis,PerishSong,Protect|Calm||F|||50|]Swampert||Swampertite|Torrent|WaveCrash,Earthquake,IcePunch,Protect|Adamant||F|||50|]Vivillon||FocusSash|CompoundEyes|Hurricane,SleepPowder,RagePowder,Protect|Timid||F|||50|]Incineroar||PasshoBerry|Intimidate|ThroatChop,FakeOut,PartingShot,Protect|Impish||M|||50|
|showteam|p2|Incineroar||PasshoBerry|Intimidate|FlareBlitz,ThroatChop,FakeOut,PartingShot|Adamant||F|||50|]Gengar||Gengarite|CursedBody|SludgeBomb,ShadowBall,Substitute,Protect|Modest||M|||50|]Ninetales-Alola||ChoiceScarf|SnowWarning|Blizzard,FreezeDry,IcyWind,Moonblast|Timid||F|||50|]Volcarona||SitrusBerry|FlameBody|Flamethrower,StruggleBug,RagePowder,Protect|Bold||M|||50|]Kommo-o||Leftovers|Soundproof|ClangingScales,AuraSphere,ClangorousSoul,Protect|Modest||F|||50|]Raichu||RaichuniteX|LightningRod|VoltTackle,VoltSwitch,FakeOut,Protect|Jolly||F|||50|
|inactive|Battle timer is ON: inactive players will automatically lose when time's up. (requested by dapmagikarp)
|
|t:|1785011830
|teamsize|p1|4
|teamsize|p2|4
|start
|switch|p1a: Gengar|Gengar, L50, M, shiny|100/100
|switch|p1b: Archaludon|Archaludon, L50, M|100/100
|switch|p2a: Gengar|Gengar, L50, M, shiny|100/100
|switch|p2b: Ninetales|Ninetales-Alola, L50, F, shiny|100/100
|-weather|Snowscape|[from] ability: Snow Warning|[of] p2b: Ninetales
|turn|1
|
|t:|1785011843
|switch|p2b: Incineroar|Incineroar, L50, F, shiny|100/100
|-ability|p2b: Incineroar|Intimidate|boost
|-unboost|p1a: Gengar|atk|1
|-unboost|p1b: Archaludon|atk|1
|switch|p1a: Politoed|Politoed, L50, F|100/100
|-weather|RainDance|[from] ability: Drizzle|[of] p1a: Politoed
|detailschange|p2a: Gengar|Gengar-Mega, L50, M, shiny
|-mega|p2a: Gengar|Gengar|Gengarite
|move|p2a: Gengar|Shadow Ball|p1a: Politoed
|-damage|p1a: Politoed|62/100
|move|p1b: Archaludon|Flash Cannon|p2b: Incineroar
|-resisted|p2b: Incineroar|1
|-damage|p2b: Incineroar|83/100
|
|-weather|RainDance|[upkeep]
|upkeep
|turn|2
|inactive|palle synchro has 30 seconds left.
|inactive|dapmagikarp has 30 seconds left.
|inactive|palle synchro has 20 seconds left.
|
|t:|1785011882
|switch|p2b: Ninetales|Ninetales-Alola, L50, F, shiny|100/100
|-weather|Snowscape|[from] ability: Snow Warning|[of] p2b: Ninetales
|move|p2a: Gengar|Shadow Ball|p1a: Politoed
|-damage|p1a: Politoed|22/100
|-enditem|p1a: Politoed|Sitrus Berry|[eat]
|-heal|p1a: Politoed|47/100|[from] item: Sitrus Berry
|move|p1b: Archaludon|Electro Shot||[still]
|-prepare|p1b: Archaludon|Electro Shot
|-boost|p1b: Archaludon|spa|1
|move|p1a: Politoed|Weather Ball|p2b: Ninetales
|-resisted|p2b: Ninetales|1
|-damage|p2b: Ninetales|87/100
|
|-weather|Snowscape|[upkeep]
|upkeep
|turn|3
|inactive|palle synchro has 30 seconds left.
|
|t:|1785011913
|move|p1a: Politoed|Protect|p1a: Politoed
|-singleturn|p1a: Politoed|Protect
|move|p2b: Ninetales|Freeze-Dry|p1a: Politoed
|-activate|p1a: Politoed|move: Protect
|move|p2a: Gengar|Shadow Ball|p1b: Archaludon
|-damage|p1b: Archaludon|49/100
|-ability|p1b: Archaludon|Stamina|boost
|-boost|p1b: Archaludon|def|1
|move|p1b: Archaludon|Electro Shot|p2a: Gengar|[from] lockedmove
|-damage|p2a: Gengar|41/100
|
|-weather|Snowscape|[upkeep]
|-heal|p1b: Archaludon|55/100|[from] item: Leftovers
|upkeep
|turn|4
|
|t:|1785011931
|move|p1b: Archaludon|Protect|p1b: Archaludon
|-singleturn|p1b: Archaludon|Protect
|move|p2b: Ninetales|Freeze-Dry|p1a: Politoed
|-supereffective|p1a: Politoed|1
|-damage|p1a: Politoed|10/100
|move|p2a: Gengar|Substitute|p2a: Gengar
|-start|p2a: Gengar|Substitute
|-damage|p2a: Gengar|16/100
|move|p1a: Politoed|Hypnosis|p2b: Ninetales
|-status|p2b: Ninetales|slp|[from] move: Hypnosis
|
|-weather|Snowscape|[upkeep]
|-heal|p1b: Archaludon|61/100|[from] item: Leftovers
|upkeep
|turn|5
|
|t:|1785011949
|cant|p2b: Ninetales|slp
|move|p2a: Gengar|Sludge Bomb|p1a: Politoed
|-damage|p1a: Politoed|0 fnt
|faint|p1a: Politoed
|move|p1b: Archaludon|Dragon Pulse|p2a: Gengar
|-end|p2a: Gengar|Substitute
|
|-weather|Snowscape|[upkeep]
|-heal|p1b: Archaludon|68/100|[from] item: Leftovers
|upkeep
|
|t:|1785011954
|switch|p1a: Vivillon|Vivillon, L50, F, shiny|100/100
|turn|6
|
|t:|1785011968
|move|p2a: Gengar|Protect|p2a: Gengar
|-singleturn|p2a: Gengar|Protect
|-curestatus|p2b: Ninetales|slp|[msg]
|move|p2b: Ninetales|Freeze-Dry|p1a: Vivillon
|-supereffective|p1a: Vivillon|1
|-enditem|p1a: Vivillon|Focus Sash
|-damage|p1a: Vivillon|1/100
|move|p1a: Vivillon|Hurricane|p2a: Gengar
|-activate|p2a: Gengar|move: Protect
|move|p1b: Archaludon|Flash Cannon|p2b: Ninetales
|-supereffective|p2b: Ninetales|2
|-damage|p2b: Ninetales|0 fnt
|faint|p2b: Ninetales
|
|-weather|none
|-heal|p1b: Archaludon|74/100|[from] item: Leftovers
|upkeep
|
|t:|1785011978
|switch|p2b: Kommo-o|Kommo-o, L50, F|100/100
|turn|7
|inactive|dapmagikarp has 30 seconds left.
|
|t:|1785012009
|move|p1b: Archaludon|Protect|p1b: Archaludon
|-singleturn|p1b: Archaludon|Protect
|move|p2a: Gengar|Shadow Ball|p1a: Vivillon
|-damage|p1a: Vivillon|0 fnt
|faint|p1a: Vivillon
|move|p2b: Kommo-o|Aura Sphere|p1b: Archaludon
|-activate|p1b: Archaludon|move: Protect
|
|-heal|p1b: Archaludon|80/100|[from] item: Leftovers
|upkeep
|
|t:|1785012013
|switch|p1a: Gengar|Gengar, L50, M, shiny|100/100
|turn|8
|
|t:|1785012030
|switch|p2a: Incineroar|Incineroar, L50, F, shiny|83/100
|-ability|p2a: Incineroar|Intimidate|boost
|-unboost|p1a: Gengar|atk|1
|-unboost|p1b: Archaludon|atk|1
|detailschange|p1a: Gengar|Gengar-Mega, L50, M, shiny
|-mega|p1a: Gengar|Gengar|Gengarite
|move|p2b: Kommo-o|Protect|p2b: Kommo-o
|-singleturn|p2b: Kommo-o|Protect
|move|p1a: Gengar|Shadow Ball|p2a: Incineroar
|-resisted|p2a: Incineroar|1
|-damage|p2a: Incineroar|59/100
|move|p1b: Archaludon|Dragon Pulse|p2b: Kommo-o
|-activate|p2b: Kommo-o|move: Protect
|
|-heal|p1b: Archaludon|86/100|[from] item: Leftovers
|upkeep
|turn|9
|
|t:|1785012043
|move|p1b: Archaludon|Protect|p1b: Archaludon
|-singleturn|p1b: Archaludon|Protect
|move|p2a: Incineroar|Fake Out|p1b: Archaludon
|-activate|p1b: Archaludon|move: Protect
|move|p1a: Gengar|Sludge Bomb|p2a: Incineroar
|-damage|p2a: Incineroar|9/100
|move|p2b: Kommo-o|Clangorous Soul|p2b: Kommo-o
|-boost|p2b: Kommo-o|atk|1
|-boost|p2b: Kommo-o|def|1
|-boost|p2b: Kommo-o|spa|1
|-boost|p2b: Kommo-o|spd|1
|-boost|p2b: Kommo-o|spe|1
|-damage|p2b: Kommo-o|67/100
|
|-heal|p2b: Kommo-o|73/100|[from] item: Leftovers
|-heal|p1b: Archaludon|92/100|[from] item: Leftovers
|upkeep
|turn|10
|
|t:|1785012065
|move|p2b: Kommo-o|Aura Sphere|p1b: Archaludon
|-supereffective|p1b: Archaludon|1
|-damage|p1b: Archaludon|0 fnt
|faint|p1b: Archaludon
|move|p1a: Gengar|Sludge Bomb|p2a: Incineroar
|-damage|p2a: Incineroar|0 fnt
|faint|p2a: Incineroar
|
|-heal|p2b: Kommo-o|79/100|[from] item: Leftovers
|upkeep
|-message|dapmagikarp forfeited.
|
|win|palle synchro
|raw|dapmagikarp's rating: 1436 → 1418(-18 for losing)
|raw|palle synchro's rating: 1479 → 1497(+18 for winning)
|l|☆dapmagikarp
|player|p1|
