|j|‽Chewe_60111
|j|☆theboyparris
|html|Chewe_60111theboyparris    
|uhtml|bestof|Game 1 of a best-of-3
|t:|1785971805
|gametype|doubles
|player|p1|Chewe_60111|102|1202
|player|p2|theboyparris|102|1329
|gen|9
|tier|[Gen 9 Champions] VGC 2026 Reg M-B (Bo3)
|rated|
|rule|Species Clause: Limit one of each Pokémon
|rule|Item Clause: Limit 1 of each item
|clearpoke
|poke|p1|Staraptor, L50, F|
|poke|p1|Arcanine-Hisui, L50, F|
|poke|p1|Kingambit, L50, F|
|poke|p1|Raichu, L50, M|
|poke|p1|Farigiraf, L50, M|
|poke|p1|Sylveon, L50, F|
|poke|p2|Metagross, L50|
|poke|p2|Ceruledge, L50, F|
|poke|p2|Kommo-o, L50, M|
|poke|p2|Serperior, L50, M|
|poke|p2|Weavile, L50, M|
|poke|p2|Swampert, L50, M|
|teampreview|4
|showteam|p1|Staraptor||Staraptite|Intimidate|DualWingbeat,CloseCombat,Protect,Tailwind|Jolly||F|||50|]Arcanine-Hisui||FocusSash|RockHead|HeadSmash,FlareBlitz,ExtremeSpeed,Protect|Adamant||F|||50|]Kingambit||LifeOrb|Defiant|SuckerPunch,KowtowCleave,SwordsDance,Protect|Adamant||F|||50|]Raichu||RaichuniteY|LightningRod|ZapCannon,Protect,FakeOut,VoltSwitch|Timid||M|||50|]Farigiraf||SitrusBerry|ArmorTail|Psychic,TrickRoom,Protect,HelpingHand|Bold||M|||50|]Sylveon||FairyFeather|Pixilate|HyperVoice,HyperBeam,QuickAttack,Detect|Modest||F|||50|
|showteam|p2|Metagross||Metagrossite|ClearBody|HardPress,BodyPress,PsychicFangs,Protect|Jolly|||||50|]Ceruledge||LifeOrb|FlashFire|BitterBlade,ShadowSneak,BulkUp,Protect|Adamant||F|||50|]Kommo-o||DragonFang|Bulletproof|ClangingScales,Flamethrower,ClangorousSoul,Protect|Timid||M|||50|]Serperior||WideLens|Contrary|LeafStorm,LightScreen,Reflect,Glare|Timid||M|||50|]Weavile||FocusSash|Pickpocket|KnockOff,IceSpinner,LowKick,FakeOut|Jolly||M|||50|]Swampert||SitrusBerry|Damp|HighHorsepower,WaveCrash,WideGuard,Yawn|Adamant||M|||50|
|inactive|Battle timer is ON: inactive players will automatically lose when time's up. (requested by theboyparris)
|inactive|Chewe_60111 has 60 seconds left.
|inactive|theboyparris has 60 seconds left.
|inactive|Chewe_60111 has 30 seconds left.
|inactive|Chewe_60111 has 20 seconds left.
|inactive|Chewe_60111 has 15 seconds left.
|
|t:|1785971885
|teamsize|p1|4
|teamsize|p2|4
|start
|switch|p1a: Raichu|Raichu, L50, M|100/100
|switch|p1b: Staraptor|Staraptor, L50, F|100/100
|switch|p2a: Swampert|Swampert, L50, M|100/100
|switch|p2b: Kommo-o|Kommo-o, L50, M|100/100
|-ability|p1b: Staraptor|Intimidate|boost
|-unboost|p2a: Swampert|atk|1
|-unboost|p2b: Kommo-o|atk|1
|turn|1
|inactive|Chewe_60111 has 30 seconds left.
|inactive|theboyparris has 30 seconds left.
|inactive|Chewe_60111 has 20 seconds left.
|inactive|Chewe_60111 has 15 seconds left.
|
|t:|1785971928
|detailschange|p1b: Staraptor|Staraptor-Mega, L50, F
|-mega|p1b: Staraptor|Staraptor|Staraptite
|move|p1a: Raichu|Fake Out|p2a: Swampert
|-damage|p2a: Swampert|92/100
|move|p1b: Staraptor|Tailwind|p1b: Staraptor
|-sidestart|p1: Chewe_60111|move: Tailwind
|move|p2b: Kommo-o|Clanging Scales|p1a: Raichu|[spread] p1a,p1b
|-damage|p1a: Raichu|34/100
|-damage|p1b: Staraptor|47/100
|-unboost|p2b: Kommo-o|def|1
|cant|p2a: Swampert|flinch
|
|upkeep
|turn|2
|inactive|Chewe_60111 has 30 seconds left.
|inactive|Chewe_60111 has 20 seconds left.
|
|t:|1785971963
|move|p1a: Raichu|Protect|p1a: Raichu
|-singleturn|p1a: Raichu|Protect
|move|p1b: Staraptor|Close Combat|p2a: Swampert
|-damage|p2a: Swampert|31/100
|-boost|p1b: Staraptor|def|1
|-boost|p1b: Staraptor|spd|1
|-enditem|p2a: Swampert|Sitrus Berry|[eat]
|-heal|p2a: Swampert|55/100|[from] item: Sitrus Berry
|move|p2b: Kommo-o|Clanging Scales|p1a: Raichu|[spread] p1b
|-activate|p1a: Raichu|move: Protect
|-damage|p1b: Staraptor|16/100
|-unboost|p2b: Kommo-o|def|1
|move|p2a: Swampert|Yawn|p1b: Staraptor
|-start|p1b: Staraptor|move: Yawn|[of] p2a: Swampert
|
|upkeep
|turn|3
|inactive|Chewe_60111 has 30 seconds left.
|inactive|theboyparris has 30 seconds left.
|
|t:|1785972004
|switch|p2a: Ceruledge|Ceruledge, L50, F|100/100
|move|p1a: Raichu|Volt Switch|p2b: Kommo-o
|-resisted|p2b: Kommo-o|1
|-crit|p2b: Kommo-o
|-damage|p2b: Kommo-o|75/100
|
|t:|1785972013
|switch|p1a: Sylveon|Sylveon, L50, F|100/100|[from] Volt Switch
|move|p1b: Staraptor|Close Combat|p2a: Ceruledge
|-immune|p2a: Ceruledge
|move|p2b: Kommo-o|Clanging Scales|p1b: Staraptor|[spread] p1b
|-immune|p1a: Sylveon
|-damage|p1b: Staraptor|0 fnt
|faint|p1b: Staraptor
|-unboost|p2b: Kommo-o|def|1
|
|upkeep
|inactive|Chewe_60111 has 30 seconds left.
|
|t:|1785972039
|switch|p1b: Kingambit|Kingambit, L50, F|100/100
|turn|4
|
|t:|1785972055
|move|p2b: Kommo-o|Protect|p2b: Kommo-o
|-singleturn|p2b: Kommo-o|Protect
|move|p2a: Ceruledge|Protect|p2a: Ceruledge
|-singleturn|p2a: Ceruledge|Protect
|move|p1a: Sylveon|Hyper Voice|p2b: Kommo-o|[spread] 
|-activate|p2a: Ceruledge|move: Protect
|-activate|p2b: Kommo-o|move: Protect
|move|p1b: Kingambit|Swords Dance|p1b: Kingambit
|-boost|p1b: Kingambit|atk|2
|
|-sideend|p1: Chewe_60111|move: Tailwind
|upkeep
|turn|5
|inactive|theboyparris has 30 seconds left.
|
|t:|1785972084
|move|p1b: Kingambit|Protect|p1b: Kingambit
|-singleturn|p1b: Kingambit|Protect
|move|p2b: Kommo-o|Clanging Scales|p1a: Sylveon|[spread] 
|-activate|p1b: Kingambit|move: Protect
|-immune|p1a: Sylveon
|move|p2a: Ceruledge|Bitter Blade|p1b: Kingambit
|-activate|p1b: Kingambit|move: Protect
|move|p1a: Sylveon|Hyper Voice|p2b: Kommo-o|[spread] p2a,p2b
|-resisted|p2a: Ceruledge|1
|-supereffective|p2b: Kommo-o|2
|-damage|p2a: Ceruledge|75/100
|-damage|p2b: Kommo-o|0 fnt
|faint|p2b: Kommo-o
|
|upkeep
|
|t:|1785972091
|switch|p2b: Metagross|Metagross, L50|100/100
|turn|6
|
|t:|1785972115
|detailschange|p2b: Metagross|Metagross-Mega, L50
|-mega|p2b: Metagross|Metagross|Metagrossite
|move|p1b: Kingambit|Sucker Punch|p2a: Ceruledge
|-supereffective|p2a: Ceruledge|1
|-damage|p2a: Ceruledge|0 fnt
|faint|p2a: Ceruledge
|-damage|p1b: Kingambit|90/100|[from] item: Life Orb
|move|p2b: Metagross|Body Press|p1b: Kingambit
|-supereffective|p1b: Kingambit|2
|-damage|p1b: Kingambit|0 fnt
|faint|p1b: Kingambit
|move|p1a: Sylveon|Hyper Voice|p2b: Metagross
|-resisted|p2b: Metagross|1
|-damage|p2b: Metagross|68/100
|
|upkeep
|
|t:|1785972131
|switch|p2a: Swampert|Swampert, L50, M|55/100
|switch|p1b: Raichu|Raichu, L50, M|34/100
|turn|7
|
|t:|1785972156
|move|p2b: Metagross|Protect|p2b: Metagross
|-singleturn|p2b: Metagross|Protect
|move|p1b: Raichu|Fake Out|p2a: Swampert
|-damage|p2a: Swampert|48/100
|cant|p2a: Swampert|flinch
|move|p1a: Sylveon|Hyper Voice|p2a: Swampert|[spread] p2a
|-activate|p2b: Metagross|move: Protect
|-damage|p2a: Swampert|4/100
|
|upkeep
|turn|8
|inactive|Chewe_60111 has 30 seconds left.
|inactive|Chewe_60111 has 20 seconds left.
|
|t:|1785972193
|move|p1a: Sylveon|Quick Attack|p2a: Swampert
|-damage|p2a: Swampert|0 fnt
|faint|p2a: Swampert
|move|p2b: Metagross|Hard Press|p1a: Sylveon
|-supereffective|p1a: Sylveon|1
|-damage|p1a: Sylveon|0 fnt
|faint|p1a: Sylveon
|move|p1b: Raichu|Zap Cannon|p2b: Metagross
|-damage|p2b: Metagross|18/100
|-status|p2b: Metagross|par
|
|upkeep
|turn|9
|
|t:|1785972211
|move|p1b: Raichu|Volt Switch|p2b: Metagross
|-damage|p2b: Metagross|0 fnt
|faint|p2b: Metagross
|
|win|Chewe_60111
||theboyparris is ready for game 2.
||Chewe_60111 is ready for game 2.
|uhtml|next|Next: Game 2 of 3
