|j|☆skywalkingchris
|j|☆Fr3gsy
|html|skywalkingchrisFr3gsy    
|uhtml|bestof|Game 2 of a best-of-3
|t:|1756312951
|gametype|doubles
|player|p1|skywalkingchris|169|1132
|player|p2|Fr3gsy|170|1038
|gen|9
|tier|[Gen 9] VGC 2025 Reg H (Bo3)
|rated|
|rule|Species Clause: Limit one of each Pokémon
|rule|Item Clause: Limit 1 of each item
|clearpoke
|poke|p1|Arcanine, L50, F|
|poke|p1|Girafarig, L50, M|
|poke|p1|Clefable, L50, M|
|poke|p1|Talonflame, L50, F|
|poke|p1|Dragapult, L50, F|
|poke|p1|Murkrow, L50, M|
|poke|p2|Volcarona, L50, F|
|poke|p2|Sinistcha, L50|
|poke|p2|Maushold, L50|
|poke|p2|Annihilape, L50, F|
|poke|p2|Grimmsnarl, L50, M|
|poke|p2|Rillaboom, L50, M|
|teampreview|4
|showteam|p1|Arcanine||SitrusBerry|Justified|ExtremeSpeed,Protect,PlayRough,FlareBlitz|||F|||50|,,,,,Normal]Girafarig||Eviolite|InnerFocus|BeatUp,PsychicNoise,ShadowBall,TrickRoom|||M|||50|,,,,,Poison]Clefable||Leftovers|Unaware|GrassKnot,Protect,Moonblast,FollowMe|||M|||50|,,,,,Fairy]Talonflame||CovertCloak|GaleWings|WillOWisp,FlareBlitz,BraveBird,Tailwind|||F|||50|,,,,,Flying]Dragapult||ChoiceBand|ClearBody|Uturn,DragonDarts,PhantomForce,SuckerPunch|||F|||50|,,,,,Dragon]Murkrow||FocusSash|Insomnia|SuckerPunch,Tailwind,SunnyDay,BraveBird|||M|||50|,,,,,Ghost
|showteam|p2|Volcarona||SitrusBerry|FlameBody|QuiverDance,Protect,FieryDance,BugBuzz|||F|||50|,,,,,Bug]Sinistcha||FocusSash|Hospitality|RagePowder,ShadowBall,Protect,MatchaGotcha||||||50|,,,,,Grass]Maushold||SafetyGoggles|FriendGuard|Protect,Taunt,FollowMe,SuperFang||||||50|,,,,,Normal]Annihilape||Leftovers|Defiant|BulkUp,DrainPunch,RageFist,Protect|||F|||50|,,,,,Fighting]Grimmsnarl||LightClay|Prankster|LightScreen,Reflect,SpiritBreak,FakeOut|||M|||50|,,,,,Dark]Rillaboom||AssaultVest|GrassySurge|FakeOut,Uturn,GrassyGlide,WoodHammer|||M|||50|,,,,,Grass
|
|t:|1756312991
|teamsize|p1|4
|teamsize|p2|4
|start
|switch|p1a: Dragapult|Dragapult, L50, F|100/100
|switch|p1b: Talonflame|Talonflame, L50, F|100/100
|switch|p2a: Annihilape|Annihilape, L50, F|100/100
|switch|p2b: Maushold|Maushold, L50|100/100
|turn|1
|
|t:|1756313025
|move|p2a: Annihilape|Protect|p2a: Annihilape
|-singleturn|p2a: Annihilape|Protect
|move|p1a: Dragapult|Dragon Darts|p2b: Maushold
|-damage|p2b: Maushold|67/100
|-anim|p1a: Dragapult|Dragon Darts|p2b: Maushold
|-damage|p2b: Maushold|32/100
|move|p1b: Talonflame|Will-O-Wisp|p2a: Annihilape
|-activate|p2a: Annihilape|move: Protect
|move|p2b: Maushold|Super Fang|p1b: Talonflame
|-damage|p1b: Talonflame|50/100
|
|upkeep
|turn|2
|
|t:|1756313050
|switch|p2a: Grimmsnarl|Grimmsnarl, L50, M|100/100
|move|p2b: Maushold|Protect|p2b: Maushold
|-singleturn|p2b: Maushold|Protect
|move|p1a: Dragapult|Dragon Darts|p2b: Maushold
|-immune|p2a: Grimmsnarl
|move|p1b: Talonflame|Will-O-Wisp|p2a: Grimmsnarl|[miss]
|-miss|p1b: Talonflame|p2a: Grimmsnarl
|
|upkeep
|turn|3
|
|t:|1756313076
|switch|p1a: Girafarig|Girafarig, L50, M|100/100
|switch|p2b: Annihilape|Annihilape, L50, F|100/100
|move|p1b: Talonflame|Brave Bird|p2b: Annihilape
|-supereffective|p2b: Annihilape
|-damage|p2b: Annihilape|11/100
|-damage|p1b: Talonflame|9/100|[from] Recoil
|move|p2a: Grimmsnarl|Spirit Break|p1a: Girafarig
|-crit|p1a: Girafarig
|-damage|p1a: Girafarig|64/100
|-unboost|p1a: Girafarig|spa|1
|
|-heal|p2b: Annihilape|17/100|[from] item: Leftovers
|upkeep
|turn|4
|
|t:|1756313118
|switch|p1b: Arcanine|Arcanine, L50, F|100/100
|move|p2b: Annihilape|Protect|p2b: Annihilape
|-singleturn|p2b: Annihilape|Protect
|move|p1a: Girafarig|Shadow Ball|p2b: Annihilape
|-activate|p2b: Annihilape|move: Protect
|move|p2a: Grimmsnarl|Spirit Break|p1b: Arcanine
|-resisted|p1b: Arcanine
|-damage|p1b: Arcanine|85/100
|-unboost|p1b: Arcanine|spa|1
|
|-heal|p2b: Annihilape|23/100|[from] item: Leftovers
|upkeep
|turn|5
|
|t:|1756313145
|move|p1b: Arcanine|Protect|p1b: Arcanine
|-singleturn|p1b: Arcanine|Protect
|move|p2a: Grimmsnarl|Light Screen|p2a: Grimmsnarl
|-sidestart|p2: Fr3gsy|move: Light Screen
|move|p2b: Annihilape|Drain Punch|p1a: Girafarig
|-damage|p1a: Girafarig|40/100
|-heal|p2b: Annihilape|33/100|[from] drain|[of] p1a: Girafarig
|move|p1a: Girafarig|Psychic Noise|p2b: Annihilape
|-supereffective|p2b: Annihilape
|-damage|p2b: Annihilape|14/100
|-start|p2b: Annihilape|move: Heal Block
|
|upkeep
|turn|6
|
|t:|1756313190
|switch|p2a: Rillaboom|Rillaboom, L50, M|100/100
|-fieldstart|move: Grassy Terrain|[from] ability: Grassy Surge|[of] p2a: Rillaboom
|move|p2b: Annihilape|Protect|p2b: Annihilape
|-singleturn|p2b: Annihilape|Protect
|move|p1b: Arcanine|Play Rough|p2a: Rillaboom
|-damage|p2a: Rillaboom|77/100
|move|p1a: Girafarig|Shadow Ball|p2b: Annihilape
|-activate|p2b: Annihilape|move: Protect
|
|-heal|p1b: Arcanine|91/100|[from] Grassy Terrain
|-heal|p1a: Girafarig|46/100|[from] Grassy Terrain
|-heal|p2a: Rillaboom|83/100|[from] Grassy Terrain
|-end|p2b: Annihilape|move: Heal Block
|upkeep
|turn|7
|
|t:|1756313219
|switch|p1a: Dragapult|Dragapult, L50, F|100/100
|move|p1b: Arcanine|Protect|p1b: Arcanine
|-singleturn|p1b: Arcanine|Protect
|move|p2b: Annihilape|Rage Fist|p1b: Arcanine
|-activate|p1b: Arcanine|move: Protect
|move|p2a: Rillaboom|U-turn|p1a: Dragapult
|-resisted|p1a: Dragapult
|-damage|p1a: Dragapult|86/100
|
|t:|1756313231
|switch|p2a: Maushold|Maushold, L50|32/100|[from] U-turn
|
|-heal|p1a: Dragapult|93/100|[from] Grassy Terrain
|-heal|p2a: Maushold|38/100|[from] Grassy Terrain
|-heal|p1b: Arcanine|97/100|[from] Grassy Terrain
|-heal|p2b: Annihilape|20/100|[from] Grassy Terrain
|-heal|p2b: Annihilape|26/100|[from] item: Leftovers
|upkeep
|turn|8
|c|☆skywalkingchris|holy shit got scared there with that rage fist target lol
|
|t:|1756313256
|switch|p2a: Rillaboom|Rillaboom, L50, M|83/100
|move|p2b: Annihilape|Protect|p2b: Annihilape
|-singleturn|p2b: Annihilape|Protect
|move|p1a: Dragapult|Dragon Darts|p2a: Rillaboom
|-damage|p2a: Rillaboom|50/100
|-anim|p1a: Dragapult|Dragon Darts|p2a: Rillaboom
|-damage|p2a: Rillaboom|21/100
|move|p1b: Arcanine|Flare Blitz|p2b: Annihilape
|-activate|p2b: Annihilape|move: Protect
|
|-heal|p1a: Dragapult|99/100|[from] Grassy Terrain
|-heal|p1b: Arcanine|100/100|[from] Grassy Terrain
|-heal|p2b: Annihilape|32/100|[from] Grassy Terrain
|-heal|p2b: Annihilape|38/100|[from] item: Leftovers
|-heal|p2a: Rillaboom|27/100|[from] Grassy Terrain
|upkeep
|turn|9
|
|t:|1756313290
|move|p2a: Rillaboom|Fake Out|p1b: Arcanine
|-damage|p1b: Arcanine|88/100
|cant|p1b: Arcanine|flinch
|move|p1a: Dragapult|Dragon Darts|p2a: Rillaboom
|-damage|p2a: Rillaboom|0 fnt
|-anim|p1a: Dragapult|Dragon Darts|p2b: Annihilape
|-damage|p2b: Annihilape|5/100
|faint|p2a: Rillaboom
|move|p2b: Annihilape|Rage Fist|p1a: Dragapult
|-supereffective|p1a: Dragapult
|-damage|p1a: Dragapult|0 fnt
|faint|p1a: Dragapult
|
|-heal|p1b: Arcanine|94/100|[from] Grassy Terrain
|-heal|p2b: Annihilape|11/100|[from] Grassy Terrain
|-heal|p2b: Annihilape|17/100|[from] item: Leftovers
|upkeep
|
|t:|1756313312
|switch|p1a: Girafarig|Girafarig, L50, M|46/100
|switch|p2a: Maushold|Maushold, L50|38/100
|turn|10
|
|t:|1756313351
|-terastallize|p1a: Girafarig|Poison
|move|p2a: Maushold|Follow Me|p2a: Maushold
|-singleturn|p2a: Maushold|move: Follow Me
|move|p1b: Arcanine|Flare Blitz|p2a: Maushold
|-damage|p2a: Maushold|0 fnt
|faint|p2a: Maushold
|-damage|p1b: Arcanine|83/100|[from] Recoil
|move|p2b: Annihilape|Rage Fist|p1b: Arcanine
|-damage|p1b: Arcanine|3/100
|-enditem|p1b: Arcanine|Sitrus Berry|[eat]
|-heal|p1b: Arcanine|28/100|[from] item: Sitrus Berry
|move|p1a: Girafarig|Psychic Noise|p2b: Annihilape
|-supereffective|p2b: Annihilape
|-damage|p2b: Annihilape|0 fnt
|faint|p2b: Annihilape
|
|-heal|p1b: Arcanine|34/100|[from] Grassy Terrain
|-heal|p1a: Girafarig|52/100|[from] Grassy Terrain
|-fieldend|move: Grassy Terrain
|upkeep
|
|t:|1756313377
|switch|p2a: Grimmsnarl|Grimmsnarl, L50, M|100/100
|turn|11
|
|t:|1756313401
|move|p1b: Arcanine|Play Rough|p2a: Grimmsnarl
|-supereffective|p2a: Grimmsnarl
|-damage|p2a: Grimmsnarl|27/100
|move|p1a: Girafarig|Beat Up|p1b: Arcanine
|-damage|p1b: Arcanine|31/100
|-ability|p1b: Arcanine|Justified|boost
|-boost|p1b: Arcanine|atk|1
|-damage|p1b: Arcanine|28/100
|-ability|p1b: Arcanine|Justified|boost
|-boost|p1b: Arcanine|atk|1
|-damage|p1b: Arcanine|25/100
|-ability|p1b: Arcanine|Justified|boost
|-boost|p1b: Arcanine|atk|1
|-hitcount|p1b: Arcanine|3
|move|p2a: Grimmsnarl|Spirit Break|p1b: Arcanine
|-resisted|p1b: Arcanine
|-damage|p1b: Arcanine|9/100
|-unboost|p1b: Arcanine|spa|1
|
|upkeep
|turn|12
|
|t:|1756313422
|move|p1b: Arcanine|Extreme Speed|p2a: Grimmsnarl
|-damage|p2a: Grimmsnarl|0 fnt
|faint|p2a: Grimmsnarl
|
|win|skywalkingchris
|raw|skywalkingchris's rating: 1132 → 1150(+18 for winning)
|raw|Fr3gsy's rating: 1038 → 1026(-12 for losing)
|c|☆skywalkingchris|good game  really cool team
