|j|☆hsylover
|j|☆Malgooee
|html|hsyloverMalgooee    
|uhtml|bestof|Game 1 of a best-of-3
|t:|1757915548
|gametype|doubles
|player|p1|hsylover|parasollady-gen4|1172
|player|p2|Malgooee|265|1130
|gen|9
|tier|[Gen 9] VGC 2025 Reg H (Bo3)
|rated|
|rule|Species Clause: Limit one of each Pokémon
|rule|Item Clause: Limit 1 of each item
|clearpoke
|poke|p1|Kommo-o, L50, M|
|poke|p1|Drifblim, L50, F|
|poke|p1|Hydreigon, L50, M|
|poke|p1|Toxtricity, L50, M|
|poke|p1|Volcarona, L50, F|
|poke|p1|Indeedee, L50, M|
|poke|p2|Gothitelle, L50, M|
|poke|p2|Archaludon, L50, M|
|poke|p2|Amoonguss, L50, M|
|poke|p2|Politoed, L50, M|
|poke|p2|Sneasler, L50, F|
|poke|p2|Thwackey, L50, F|
|teampreview|4
|showteam|p1|Kommo-o||Leftovers|Soundproof|BodyPress,Flamethrower,IronDefense,Protect|||M|||50|,,,,,Fire]Drifblim||PsychicSeed|Unburden|Acrobatics,WillOWisp,StrengthSap,Tailwind|||F|||50|,,,,,Grass]Hydreigon||AssaultVest|Levitate|DarkPulse,DracoMeteor,EarthPower,Snarl|||M|||50|,,,,,Ghost]Toxtricity||ChoiceSpecs|PunkRock|Overdrive,SludgeBomb,Boomburst,VoltSwitch|||M|||50|,,,,,Normal]Volcarona||LifeOrb|FlameBody|BugBuzz,HeatWave,TeraBlast,Protect|||F|||50|,,,,,Fairy]Indeedee||FocusSash|PsychicSurge|ExpandingForce,TeraBlast,Imprison,TrickRoom|||M|||50|,,,,,Ground
|showteam|p2|Gothitelle||Leftovers|ShadowTag|TrickRoom,FakeOut,Protect,Taunt|||M|||50|,,,,,Grass]Archaludon||AssaultVest|Stamina|BodyPress,DracoMeteor,ElectroShot,FlashCannon|||M|||50|,,,,,Electric]Amoonguss||RockyHelmet|Regenerator|Spore,Protect,RagePowder,PollenPuff|||M|||50|,,,,,Dark]Politoed||SitrusBerry|Drizzle|PerishSong,Protect,Encore,WeatherBall|||M|||50|,,,,,Grass]Sneasler||GrassySeed|Unburden|CloseCombat,DireClaw,Coaching,Protect|||F|||50|,,,,,Bug]Thwackey||Eviolite|GrassySurge|Protect,FakeOut,WoodHammer,KnockOff|||F|||50|,,,,,Dark
|inactive|Battle timer is ON: inactive players will automatically lose when time's up. (requested by hsylover)
|inactive|Malgooee also wants the timer to be on.
|inactive|hsylover has 60 seconds left.
|inactive|Malgooee has 60 seconds left.
|inactive|Malgooee has 30 seconds left.
|
|t:|1757915615
|teamsize|p1|4
|teamsize|p2|4
|start
|switch|p1a: Drifblim|Drifblim, L50, F|100/100
|switch|p1b: Hydreigon|Hydreigon, L50, M|100/100
|switch|p2a: Gothitelle|Gothitelle, L50, M|100/100
|switch|p2b: Sneasler|Sneasler, L50, F|100/100
|turn|1
|inactive|hsylover has 30 seconds left.
|inactive|Malgooee has 30 seconds left.
|inactive|Malgooee has 20 seconds left.
|inactive|hsylover has 20 seconds left.
|inactive|Malgooee has 15 seconds left.
|
|t:|1757915657
|-terastallize|p1b: Hydreigon|Ghost
|move|p2a: Gothitelle|Fake Out|p1b: Hydreigon
|-immune|p1b: Hydreigon
|move|p1b: Hydreigon|Dark Pulse|p2a: Gothitelle
|-supereffective|p2a: Gothitelle
|-damage|p2a: Gothitelle|29/100
|move|p2b: Sneasler|Dire Claw|p1b: Hydreigon
|-resisted|p1b: Hydreigon
|-damage|p1b: Hydreigon|78/100
|move|p1a: Drifblim|Tailwind|p1a: Drifblim
|-sidestart|p1: hsylover|move: Tailwind
|
|-heal|p2a: Gothitelle|36/100|[from] item: Leftovers
|upkeep
|turn|2
|
|t:|1757915680
|switch|p1b: Indeedee|Indeedee, L50, M|100/100
|-fieldstart|move: Psychic Terrain|[from] ability: Psychic Surge|[of] p1b: Indeedee
|-enditem|p1a: Drifblim|Psychic Seed
|-boost|p1a: Drifblim|spd|1|[from] item: Psychic Seed
|move|p2a: Gothitelle|Protect|p2a: Gothitelle
|-singleturn|p2a: Gothitelle|Protect
|move|p1a: Drifblim|Acrobatics|p2b: Sneasler
|-supereffective|p2b: Sneasler
|-damage|p2b: Sneasler|0 fnt
|faint|p2b: Sneasler
|
|-heal|p2a: Gothitelle|42/100|[from] item: Leftovers
|upkeep
|
|t:|1757915695
|switch|p2b: Thwackey|Thwackey, L50, F, shiny|100/100
|-fieldstart|move: Grassy Terrain|[from] ability: Grassy Surge|[of] p2b: Thwackey
|turn|3
|
|t:|1757915711
|switch|p2a: Politoed|Politoed, L50, M|100/100
|-weather|RainDance|[from] ability: Drizzle|[of] p2a: Politoed
|-terastallize|p2b: Thwackey|Dark
|move|p1a: Drifblim|Acrobatics|p2a: Politoed
|-damage|p2a: Politoed|54/100
|move|p1b: Indeedee|Imprison|p1b: Indeedee
|-start|p1b: Indeedee|move: Imprison
|move|p2b: Thwackey|Knock Off|p1b: Indeedee
|-supereffective|p1b: Indeedee
|-enditem|p1b: Indeedee|Focus Sash
|-damage|p1b: Indeedee|1/100
|
|-weather|RainDance|[upkeep]
|-heal|p1b: Indeedee|7/100|[from] Grassy Terrain
|-heal|p2a: Politoed|60/100|[from] Grassy Terrain
|upkeep
|turn|4
|inactive|hsylover has 30 seconds left.
|inactive|Malgooee has 30 seconds left.
|
|t:|1757915750
|move|p1a: Drifblim|Will-O-Wisp|p2b: Thwackey
|-status|p2b: Thwackey|brn
|move|p1b: Indeedee|Expanding Force|p2a: Politoed
|-damage|p2a: Politoed|31/100
|-enditem|p2a: Politoed|Sitrus Berry|[eat]
|-heal|p2a: Politoed|56/100|[from] item: Sitrus Berry
|move|p2b: Thwackey|Knock Off|p1a: Drifblim
|-supereffective|p1a: Drifblim
|-damage|p1a: Drifblim|72/100
|move|p2a: Politoed|Weather Ball|p1b: Indeedee
|-damage|p1b: Indeedee|0 fnt
|faint|p1b: Indeedee
|
|-weather|RainDance|[upkeep]
|-heal|p2a: Politoed|62/100|[from] Grassy Terrain
|-damage|p2b: Thwackey|94/100 brn|[from] brn
|-sideend|p1: hsylover|move: Tailwind
|upkeep
|
|t:|1757915754
|switch|p1b: Toxtricity|Toxtricity, L50, M|100/100
|turn|5
|inactive|Malgooee has 30 seconds left.
|inactive|Malgooee has 20 seconds left.
|
|t:|1757915791
|switch|p2a: Gothitelle|Gothitelle, L50, M|42/100
|move|p2b: Thwackey|Protect|p2b: Thwackey
|-singleturn|p2b: Thwackey|Protect
|move|p1a: Drifblim|Tailwind|p1a: Drifblim
|-sidestart|p1: hsylover|move: Tailwind
|move|p1b: Toxtricity|Boomburst|p2a: Gothitelle|[spread] p2a
|-activate|p2b: Thwackey|move: Protect
|-immune|p1a: Drifblim
|-damage|p2a: Gothitelle|0 fnt
|faint|p2a: Gothitelle
|
|-weather|RainDance|[upkeep]
|-heal|p2b: Thwackey|100/100 brn|[from] Grassy Terrain
|-damage|p2b: Thwackey|94/100 brn|[from] brn
|upkeep
|-message|Malgooee forfeited.
|
|win|hsylover
|l|☆Malgooee
|player|p2|
||Malgooee is ready for game 2.
||hsylover is ready for game 2.
|uhtml|next|Next: Game 2 of 3
