|j|☆Glaxx
|j|☆The Bradicus
|html|GlaxxThe Bradicus    
|uhtml|bestof|Game 3 of a best-of-3
|t:|1783963147
|gametype|doubles
|player|p1|Glaxx|red|1108
|player|p2|The Bradicus|richboy-gen6xy|1089
|gen|9
|tier|[Gen 9 Champions] VGC 2026 Reg M-B (Bo3)
|rated|
|rule|Species Clause: Limit one of each Pokémon
|rule|Item Clause: Limit 1 of each item
|clearpoke
|poke|p1|Sceptile, L50, M, shiny|
|poke|p1|Metagross, L50, shiny|
|poke|p1|Milotic, L50, F, shiny|
|poke|p1|Rotom-Heat, L50, shiny|
|poke|p1|Arcanine-Hisui, L50, F|
|poke|p1|Gardevoir, L50, F, shiny|
|poke|p2|Annihilape, L50, M|
|poke|p2|Incineroar, L50, M|
|poke|p2|Glimmora, L50, F|
|poke|p2|Whimsicott, L50, F|
|poke|p2|Metagross, L50|
|poke|p2|Sinistcha-Masterpiece, L50|
|teampreview|4
|showteam|p1|Sceptile||Sceptilite|Unburden|DragonPulse,LeafStorm,Protect,EarthPower|Timid||M|||50|]Metagross||LumBerry|ClearBody|Agility,IcePunch,PsychicFangs,MeteorMash|Adamant|||||50|]Milotic||Leftovers|Competitive|IceBeam,DrainingKiss,Scald,RainDance|Modest||F|||50|]Rotom-Heat||ChoiceScarf|Levitate|Discharge,Overheat,WillOWisp,Hex|Timid|||||50|]Arcanine-Hisui||ShellBell|RockHead|DoubleEdge,FlareBlitz,HeadSmash,WildCharge|Jolly||F|||50|]Gardevoir||FocusSash|Trace|Psyshock,AuraSphere,DazzlingGleam,SkillSwap|Modest||F|||50|
|showteam|p2|Annihilape||ChoiceScarf|Defiant|CloseCombat,ShadowClaw,Coaching,Uturn|Adamant||M|||50|]Incineroar||SitrusBerry|Intimidate|FlareBlitz,DarkestLariat,FakeOut,PartingShot|Impish||M|||50|]Glimmora||Glimmoranite|ToxicDebris|SludgeBomb,PowerGem,DazzlingGleam,SpikyShield|Timid||F|||50|]Whimsicott||FocusSash|Prankster|Moonblast,Encore,Tailwind,Protect|Timid||F|||50|]Metagross||Metagrossite|ClearBody|PsychicFangs,IronHead,IcePunch,Protect|Jolly|||||50|]Sinistcha-Masterpiece||Leftovers|Hospitality|MatchaGotcha,RagePowder,TrickRoom,Protect|Calm|||||50|
|inactive|Battle timer is ON: inactive players will automatically lose when time's up. (requested by The Bradicus)
|
|t:|1783963164
|teamsize|p1|4
|teamsize|p2|4
|start
|switch|p1a: Sceptile|Sceptile, L50, M, shiny|100/100
|switch|p1b: Rotom|Rotom-Heat, L50, shiny|100/100
|switch|p2a: Annihilape|Annihilape, L50, M|100/100
|switch|p2b: Glimmora|Glimmora, L50, F|100/100
|turn|1
|
|t:|1783963187
|detailschange|p1a: Sceptile|Sceptile-Mega, L50, M, shiny
|-mega|p1a: Sceptile|Sceptile|Sceptilite
|detailschange|p2b: Glimmora|Glimmora-Mega, L50, F
|-mega|p2b: Glimmora|Glimmora|Glimmoranite
|move|p2b: Glimmora|Spiky Shield|p2b: Glimmora
|-singleturn|p2b: Glimmora|move: Protect
|move|p1b: Rotom|Discharge|p2b: Glimmora|[spread] p2a
|-activate|p2b: Glimmora|move: Protect
|-ability|p1a: Sceptile|Lightning Rod|boost
|-boost|p1a: Sceptile|spa|1
|-damage|p2a: Annihilape|70/100
|move|p1a: Sceptile|Dragon Pulse|p2a: Annihilape
|-damage|p2a: Annihilape|0 fnt
|faint|p2a: Annihilape
|
|upkeep
|
|t:|1783963196
|switch|p2a: Sinistcha|Sinistcha-Masterpiece, L50|100/100
|turn|2
|
|t:|1783963208
|switch|p2b: Whimsicott|Whimsicott, L50, F|100/100
|move|p1b: Rotom|Discharge|p2a: Sinistcha|[spread] p2a,p2b
|-ability|p1a: Sceptile|Lightning Rod|boost
|-boost|p1a: Sceptile|spa|1
|-resisted|p2a: Sinistcha|1
|-resisted|p2b: Whimsicott|1
|-damage|p2a: Sinistcha|89/100
|-damage|p2b: Whimsicott|79/100
|-status|p2b: Whimsicott|par
|move|p1a: Sceptile|Earth Power|p2b: Whimsicott
|-resisted|p2b: Whimsicott|1
|-damage|p2b: Whimsicott|26/100 par
|move|p2a: Sinistcha|Trick Room|p2a: Sinistcha
|-fieldstart|move: Trick Room|[of] p2a: Sinistcha
|
|-heal|p2a: Sinistcha|95/100|[from] item: Leftovers
|upkeep
|turn|3
|inactive|Glaxx has 30 seconds left.
|
|t:|1783963238
|move|p2b: Whimsicott|Moonblast|p1a: Sceptile
|-supereffective|p1a: Sceptile|1
|-damage|p1a: Sceptile|6/100
|move|p2a: Sinistcha|Matcha Gotcha|p1a: Sceptile|[spread] p1a
|-miss|p2a: Sinistcha|p1b: Rotom
|-resisted|p1a: Sceptile|2
|-damage|p1a: Sceptile|0 fnt
|-heal|p2a: Sinistcha|98/100|[from] drain|[of] p1a: Sceptile
|faint|p1a: Sceptile
|move|p1b: Rotom|Discharge|p2b: Whimsicott|[spread] p2a,p2b
|-resisted|p2a: Sinistcha|1
|-resisted|p2b: Whimsicott|1
|-damage|p2a: Sinistcha|87/100
|-damage|p2b: Whimsicott|3/100 par
|
|-heal|p2a: Sinistcha|93/100|[from] item: Leftovers
|upkeep
|
|t:|1783963247
|switch|p1a: Metagross|Metagross, L50, shiny|100/100
|turn|4
|
|t:|1783963266
|switch|p1b: Milotic|Milotic, L50, F, shiny|100/100
|move|p2b: Whimsicott|Protect|p2b: Whimsicott
|-singleturn|p2b: Whimsicott|Protect
|move|p2a: Sinistcha|Matcha Gotcha|p1a: Metagross|[spread] p1a,p1b
|-resisted|p1a: Metagross|1
|-supereffective|p1b: Milotic|1
|-damage|p1a: Metagross|84/100
|-heal|p2a: Sinistcha|100/100|[from] drain|[of] p1a: Metagross
|-damage|p1b: Milotic|58/100
|-status|p1b: Milotic|brn
|move|p1a: Metagross|Meteor Mash|p2b: Whimsicott
|-activate|p2b: Whimsicott|move: Protect
|
|-heal|p1b: Milotic|63/100 brn|[from] item: Leftovers
|-damage|p1b: Milotic|58/100 brn|[from] brn
|upkeep
|turn|5
|inactive|The Bradicus has 30 seconds left.
|
|t:|1783963296
|move|p2b: Whimsicott|Moonblast|p1a: Metagross
|-resisted|p1a: Metagross|1
|-damage|p1a: Metagross|62/100
|move|p2a: Sinistcha|Matcha Gotcha|p1b: Milotic|[spread] p1a,p1b
|-resisted|p1a: Metagross|1
|-supereffective|p1b: Milotic|1
|-damage|p1a: Metagross|47/100
|-damage|p1b: Milotic|18/100 brn
|move|p1b: Milotic|Ice Beam|p2a: Sinistcha
|-supereffective|p2a: Sinistcha|1
|-damage|p2a: Sinistcha|49/100
|move|p1a: Metagross|Meteor Mash|p2b: Whimsicott
|-supereffective|p2b: Whimsicott|1
|-damage|p2b: Whimsicott|0 fnt
|faint|p2b: Whimsicott
|
|-heal|p2a: Sinistcha|55/100|[from] item: Leftovers
|-heal|p1b: Milotic|24/100 brn|[from] item: Leftovers
|-damage|p1b: Milotic|18/100 brn|[from] brn
|upkeep
|
|t:|1783963308
|switch|p2b: Glimmora|Glimmora-Mega, L50, F|100/100
|turn|6
|
|t:|1783963327
|move|p2b: Glimmora|Spiky Shield|p2b: Glimmora
|-singleturn|p2b: Glimmora|move: Protect
|move|p2a: Sinistcha|Matcha Gotcha|p1b: Milotic|[spread] p1a,p1b
|-resisted|p1a: Metagross|1
|-supereffective|p1b: Milotic|1
|-crit|p1b: Milotic
|-damage|p1a: Metagross|32/100
|-heal|p2a: Sinistcha|62/100|[from] drain|[of] p1a: Metagross
|-damage|p1b: Milotic|0 fnt
|-heal|p2a: Sinistcha|71/100|[from] drain|[of] p1b: Milotic
|faint|p1b: Milotic
|move|p1a: Metagross|Agility|p1a: Metagross
|-boost|p1a: Metagross|spe|2
|
|-heal|p2a: Sinistcha|77/100|[from] item: Leftovers
|-fieldend|move: Trick Room
|upkeep
|
|t:|1783963332
|switch|p1b: Rotom|Rotom-Heat, L50, shiny|100/100
|turn|7
|inactive|The Bradicus has 30 seconds left.
|inactive|The Bradicus has 20 seconds left.
|
|t:|1783963372
|move|p2a: Sinistcha|Rage Powder|p2a: Sinistcha
|-singleturn|p2a: Sinistcha|move: Rage Powder
|move|p1a: Metagross|Psychic Fangs|p2a: Sinistcha
|-damage|p2a: Sinistcha|36/100
|move|p1b: Rotom|Overheat|p2a: Sinistcha
|-supereffective|p2a: Sinistcha|1
|-crit|p2a: Sinistcha
|-damage|p2a: Sinistcha|0 fnt
|-unboost|p1b: Rotom|spa|2
|faint|p2a: Sinistcha
|move|p2b: Glimmora|Power Gem|p1b: Rotom
|-supereffective|p1b: Rotom|1
|-damage|p1b: Rotom|0 fnt
|faint|p1b: Rotom
|
|upkeep
|turn|8
|
|t:|1783963380
|move|p2b: Glimmora|Spiky Shield|p2b: Glimmora
|-singleturn|p2b: Glimmora|move: Protect
|move|p1a: Metagross|Agility|p1a: Metagross
|-boost|p1a: Metagross|spe|2
|
|upkeep
|turn|9
|
|t:|1783963385
|move|p1a: Metagross|Meteor Mash|p2b: Glimmora
|-supereffective|p2b: Glimmora|1
|-damage|p2b: Glimmora|0 fnt
|faint|p2b: Glimmora
|
|win|Glaxx
|raw|Glaxx's rating: 1108 → 1132(+24 for winning)
|raw|The Bradicus's rating: 1089 → 1067(-22 for losing)
