|j|☆eklyst
|j|☆BroDontFuckWithMe
|html|eklystBroDontFuckWithMe    
|uhtml|bestof|Game 2 of a best-of-3
|t:|1756867827
|gametype|doubles
|player|p1|eklyst|pokemaniac|1081
|player|p2|BroDontFuckWithMe|1|1196
|gen|9
|tier|[Gen 9] VGC 2025 Reg H (Bo3)
|rated|
|rule|Species Clause: Limit one of each Pokémon
|rule|Item Clause: Limit 1 of each item
|clearpoke
|poke|p1|Ursaluna-Bloodmoon, L50, M|
|poke|p1|Incineroar, L50, F|
|poke|p1|Rillaboom, L50, F|
|poke|p1|Farigiraf, L50, F|
|poke|p1|Sneasler, L50, M|
|poke|p1|Volcarona, L50, M|
|poke|p2|Talonflame, L50, M|
|poke|p2|Archaludon, L50, M|
|poke|p2|Indeedee, L50, M|
|poke|p2|Sneasler, L50, M|
|poke|p2|Annihilape, L50, F|
|poke|p2|Maushold-Four, L50|
|teampreview|4
|showteam|p1|Ursaluna-Bloodmoon||LifeOrb|MindsEye|HyperVoice,BloodMoon,EarthPower,Protect|||M|||50|,,,,,Normal]Incineroar||SitrusBerry|Intimidate|FakeOut,FlareBlitz,KnockOff,PartingShot|||F|||50|,,,,,Bug]Rillaboom||AssaultVest|GrassySurge|Uturn,WoodHammer,GrassyGlide,FakeOut|||F|||50|,,,,,Fire]Farigiraf||ThroatSpray|ArmorTail|HyperVoice,Protect,Psychic,TrickRoom|||F|||50|,,,,,Fairy]Sneasler||FocusSash|Unburden|CloseCombat,Protect,FakeOut,ThroatChop|||M|||50|,,,,,Dark]Volcarona||CovertCloak|FlameBody|HeatWave,Protect,StruggleBug,RagePowder|||M|||50|,,,,,Water
|showteam|p2|Talonflame||CovertCloak|GaleWings|DualWingbeat,FlareBlitz,Tailwind,WillOWisp|||M|||50|,,,,,Stellar]Archaludon||PowerHerb|Sturdy|ElectroShot,DracoMeteor,Thunderbolt,Protect|||M|||50|,,,,,Electric]Indeedee||FocusSash|PsychicSurge|ExpandingForce,HelpingHand,Imprison,TrickRoom|||M|||50|,,,,,Psychic]Sneasler||PsychicSeed|Unburden|CloseCombat,DireClaw,ThroatChop,Protect|||M|||50|,,,,,Dark]Annihilape||ChoiceScarf|Defiant|CloseCombat,Uturn,FinalGambit,RageFist|||F|||50|,,,,,Grass]Maushold-Four||SafetyGoggles|FriendGuard|SuperFang,FollowMe,Taunt,Protect||||||50|,,,,,Ghost
|inactive|Battle timer is ON: inactive players will automatically lose when time's up. (requested by eklyst)
|
|t:|1756867888
|teamsize|p1|4
|teamsize|p2|4
|start
|switch|p1a: Farigiraf|Farigiraf, L50, F|100/100
|switch|p1b: Sneasler|Sneasler, L50, M|100/100
|switch|p2a: Annihilape|Annihilape, L50, F|100/100
|switch|p2b: Archaludon|Archaludon, L50, M|100/100
|turn|1
|
|t:|1756867911
|switch|p1b: Rillaboom|Rillaboom, L50, F|100/100
|-fieldstart|move: Grassy Terrain|[from] ability: Grassy Surge|[of] p1b: Rillaboom
|move|p1a: Farigiraf|Protect|p1a: Farigiraf
|-singleturn|p1a: Farigiraf|Protect
|move|p2a: Annihilape|Final Gambit|p1a: Farigiraf
|-activate|p1a: Farigiraf|move: Protect
|move|p2b: Archaludon|Thunderbolt|p1b: Rillaboom
|-resisted|p1b: Rillaboom
|-damage|p1b: Rillaboom|90/100
|
|-heal|p1b: Rillaboom|96/100|[from] Grassy Terrain
|upkeep
|turn|2
|inactive|eklyst has 30 seconds left.
|inactive|eklyst has 20 seconds left.
|inactive|eklyst has 15 seconds left.
|inactive|eklyst has 10 seconds left.
|
|t:|1756867957
|switch|p2a: Indeedee|Indeedee, L50, M|100/100
|-fieldstart|move: Psychic Terrain|[from] ability: Psychic Surge|[of] p2a: Indeedee
|switch|p1a: Sneasler|Sneasler, L50, M|100/100
|-terastallize|p2b: Archaludon|Electric
|move|p2b: Archaludon|Electro Shot||[still]
|-prepare|p2b: Archaludon|Electro Shot
|-boost|p2b: Archaludon|spa|1
|-enditem|p2b: Archaludon|Power Herb
|-anim|p2b: Archaludon|Electro Shot|p1a: Sneasler
|-enditem|p1a: Sneasler|Focus Sash
|-damage|p1a: Sneasler|1/100
|move|p1b: Rillaboom|Grassy Glide|p2a: Indeedee
|-damage|p2a: Indeedee|48/100
|
|upkeep
|turn|3
|inactive|BroDontFuckWithMe has 30 seconds left.
|
|t:|1756867985
|switch|p2a: Annihilape|Annihilape, L50, F|100/100
|move|p1a: Sneasler|Protect|p1a: Sneasler
|-singleturn|p1a: Sneasler|Protect
|move|p2b: Archaludon|Thunderbolt|p1a: Sneasler
|-activate|p1a: Sneasler|move: Protect
|move|p1b: Rillaboom|U-turn|p2a: Annihilape
|-resisted|p2a: Annihilape
|-damage|p2a: Annihilape|95/100
|
|t:|1756868001
|switch|p1b: Farigiraf|Farigiraf, L50, F|100/100|[from] U-turn
|
|upkeep
|turn|4
|
|t:|1756868014
|move|p1b: Farigiraf|Protect|p1b: Farigiraf
|-singleturn|p1b: Farigiraf|Protect
|move|p1a: Sneasler|Throat Chop|p2a: Annihilape
|-damage|p2a: Annihilape|68/100
|-start|p2a: Annihilape|Throat Chop|[silent]
|move|p2a: Annihilape|Rage Fist|p1a: Sneasler
|-damage|p1a: Sneasler|0 fnt
|faint|p1a: Sneasler
|move|p2b: Archaludon|Draco Meteor|p1b: Farigiraf
|-activate|p1b: Farigiraf|move: Protect
|
|upkeep
|
|t:|1756868027
|switch|p1a: Ursaluna|Ursaluna-Bloodmoon, L50, M|100/100
|turn|5
|j| entei enthusiast
|
|t:|1756868046
|switch|p2a: Sneasler|Sneasler, L50, M|100/100
|-enditem|p2a: Sneasler|Psychic Seed
|-boost|p2a: Sneasler|spd|1|[from] item: Psychic Seed
|move|p1a: Ursaluna|Protect|p1a: Ursaluna
|-singleturn|p1a: Ursaluna|Protect
|move|p2b: Archaludon|Draco Meteor|p1b: Farigiraf
|-damage|p1b: Farigiraf|0 fnt
|-unboost|p2b: Archaludon|spa|2
|faint|p1b: Farigiraf
|
|upkeep
|
|t:|1756868057
|switch|p1b: Rillaboom|Rillaboom, L50, F|96/100
|-fieldstart|move: Grassy Terrain|[from] ability: Grassy Surge|[of] p1b: Rillaboom
|turn|6
|
|t:|1756868069
|switch|p2b: Indeedee|Indeedee, L50, M|48/100
|-fieldstart|move: Psychic Terrain|[from] ability: Psychic Surge|[of] p2b: Indeedee
|-terastallize|p1a: Ursaluna|Normal
|move|p2a: Sneasler|Dire Claw|p1b: Rillaboom
|-supereffective|p1b: Rillaboom
|-damage|p1b: Rillaboom|20/100
|move|p1b: Rillaboom|Wood Hammer|p2b: Indeedee
|-damage|p2b: Indeedee|0 fnt
|faint|p2b: Indeedee
|-damage|p1b: Rillaboom|10/100|[from] Recoil
|move|p1a: Ursaluna|Blood Moon|p2a: Sneasler
|-damage|p2a: Sneasler|0 fnt
|faint|p2a: Sneasler
|-damage|p1a: Ursaluna|90/100|[from] item: Life Orb
|
|upkeep
|
|t:|1756868071
|switch|p2a: Annihilape|Annihilape, L50, F|68/100
|switch|p2b: Archaludon|Archaludon, L50, M, tera:Electric|100/100
|turn|7
|
|t:|1756868093
|move|p2a: Annihilape|Close Combat|p1b: Rillaboom
|-damage|p1b: Rillaboom|0 fnt
|-unboost|p2a: Annihilape|def|1
|-unboost|p2a: Annihilape|spd|1
|faint|p1b: Rillaboom
|move|p2b: Archaludon|Draco Meteor|p1a: Ursaluna
|-damage|p1a: Ursaluna|3/100
|-unboost|p2b: Archaludon|spa|2
|move|p1a: Ursaluna|Earth Power|p2b: Archaludon
|-supereffective|p2b: Archaludon
|-ability|p2b: Archaludon|Sturdy
|-damage|p2b: Archaludon|1/100
|-damage|p1a: Ursaluna|0 fnt|[from] item: Life Orb
|faint|p1a: Ursaluna
|
|win|BroDontFuckWithMe
|raw|eklyst's rating: 1081 → 1066(-15 for losing)
|raw|BroDontFuckWithMe's rating: 1196 → 1213(+17 for winning)
