|j|☆Gentlefish
|j|☆Basedfortnitegamer
|html|GentlefishBasedfortnitegamer    
|uhtml|bestof|Game 2 of a best-of-3
|t:|1756236387
|gametype|doubles
|player|p1|Gentlefish|dragontamer-gen9|1210
|player|p2|Basedfortnitegamer|2|1235
|gen|9
|tier|[Gen 9] VGC 2025 Reg H (Bo3)
|rated|
|rule|Species Clause: Limit one of each Pokémon
|rule|Item Clause: Limit 1 of each item
|clearpoke
|poke|p1|Garchomp, L50, F|
|poke|p1|Weezing-Galar, L50, F|
|poke|p1|Archaludon, L50, M|
|poke|p1|Gholdengo, L50|
|poke|p1|Talonflame, L50, F|
|poke|p1|Annihilape, L50, F|
|poke|p2|Incineroar, L50, F|
|poke|p2|Sinistcha-Masterpiece, L50|
|poke|p2|Ursaluna, L50, F|
|poke|p2|Ninetales-Alola, L50, M|
|poke|p2|Dragonite, L50, F|
|poke|p2|Annihilape, L50, M|
|teampreview|4
|showteam|p1|Garchomp||LifeOrb|RoughSkin|DragonClaw,Earthquake,StompingTantrum,Protect|||F|||50|,,,,,Ground]Weezing-Galar||FocusSash|NeutralizingGas|Protect,SludgeBomb,Taunt,StrangeSteam|||F|||50|,,,,,Flying]Archaludon||PowerHerb|Sturdy|ElectroShot,Thunderbolt,DracoMeteor,Protect|||M|||50|,,,,,Electric]Gholdengo||ChoiceSpecs|GoodasGold|ShadowBall,DazzlingGleam,PowerGem,MakeItRain||||||50|,,,,,Fairy]Talonflame||CovertCloak|GaleWings|Tailwind,DualWingbeat,WillOWisp,FlareBlitz|||F|||50|,,,,,Stellar]Annihilape||AssaultVest|Defiant|CloseCombat,RageFist,FinalGambit,IcePunch|||F|||50|,,,,,Grass
|showteam|p2|Incineroar||SafetyGoggles|Intimidate|FlareBlitz,KnockOff,FakeOut,PartingShot|||F|||50|,,,,,Ghost]Sinistcha-Masterpiece||SitrusBerry|Hospitality|MatchaGotcha,RagePowder,TrickRoom,LifeDew||||||50|,,,,,Water]Ursaluna||FlameOrb|Guts|Facade,HeadlongRush,Earthquake,Protect|||F|||50|,,,,,Ghost]Ninetales-Alola||NeverMeltIce|SnowWarning|Blizzard,FreezeDry,Encore,Protect|||M|||50|,,,,,Ghost]Dragonite||LoadedDice|Multiscale|ScaleShot,Tailwind,Haze,Protect|||F|||50|,,,,,Fairy]Annihilape||FocusSash|Defiant|CloseCombat,RageFist,Coaching,Taunt|||M|||50|,,,,,Flying
|inactive|Battle timer is ON: inactive players will automatically lose when time's up. (requested by Basedfortnitegamer)
|j| Jamstiffer
|c| Jamstiffer|basedfortnite gamer
|c| Jamstiffer|do /roomvoice jamstiffer
|c| Jamstiffer|pls
|inactive|Gentlefish has 60 seconds left.
|inactive|Gentlefish has 30 seconds left.
|inactive|Gentlefish has 20 seconds left.
|
|t:|1756236457
|teamsize|p1|4
|teamsize|p2|4
|start
|switch|p1a: Weezing|Weezing-Galar, L50, F|100/100
|switch|p1b: Gholdengo|Gholdengo, L50|100/100
|switch|p2a: Annihilape|Annihilape, L50, M|100/100
|switch|p2b: Incineroar|Incineroar, L50, F|100/100
|-ability|p1a: Weezing|Neutralizing Gas
|turn|1
|c| Jamstiffer|cya later folks
|l| Jamstiffer
|inactive|Gentlefish has 30 seconds left.
|
|t:|1756236491
|switch|p1b: Garchomp|Garchomp, L50, F|100/100
|move|p2a: Annihilape|Taunt|p1a: Weezing
|-start|p1a: Weezing|move: Taunt
|cant|p1a: Weezing|move: Taunt|Taunt
|move|p2b: Incineroar|Flare Blitz|p1b: Garchomp
|-resisted|p1b: Garchomp
|-damage|p1b: Garchomp|78/100
|-damage|p2b: Incineroar|94/100|[from] Recoil
|
|upkeep
|turn|2
|inactive|Gentlefish has 30 seconds left.
|inactive|Basedfortnitegamer has 30 seconds left.
|
|t:|1756236520
|switch|p2b: Dragonite|Dragonite, L50, F|100/100
|move|p1b: Garchomp|Stomping Tantrum|p2b: Dragonite
|-immune|p2b: Dragonite
|move|p2a: Annihilape|Rage Fist|p1b: Garchomp
|-damage|p1b: Garchomp|53/100
|move|p1a: Weezing|Strange Steam|p2a: Annihilape
|-supereffective|p2a: Annihilape
|-damage|p2a: Annihilape|15/100
|
|upkeep
|turn|3
|inactive|Gentlefish has 30 seconds left.
|
|t:|1756236545
|switch|p1b: Gholdengo|Gholdengo, L50|100/100
|-terastallize|p2b: Dragonite|Fairy
|move|p2a: Annihilape|Rage Fist|p1a: Weezing
|-damage|p1a: Weezing|49/100
|move|p2b: Dragonite|Scale Shot|p1b: Gholdengo
|-resisted|p1b: Gholdengo
|-damage|p1b: Gholdengo|93/100
|-resisted|p1b: Gholdengo
|-damage|p1b: Gholdengo|84/100
|-resisted|p1b: Gholdengo
|-damage|p1b: Gholdengo|76/100
|-resisted|p1b: Gholdengo
|-damage|p1b: Gholdengo|68/100
|-resisted|p1b: Gholdengo
|-damage|p1b: Gholdengo|61/100
|-hitcount|p1b: Gholdengo|5
|-unboost|p2b: Dragonite|def|1
|-boost|p2b: Dragonite|spe|1
|move|p1a: Weezing|Sludge Bomb|p2b: Dragonite
|-supereffective|p2b: Dragonite
|-damage|p2b: Dragonite|16/100
|
|-end|p1a: Weezing|move: Taunt
|upkeep
|turn|4
|inactive|Gentlefish has 30 seconds left.
|inactive|Basedfortnitegamer has 30 seconds left.
|inactive|Gentlefish has 20 seconds left.
|
|t:|1756236582
|switch|p1b: Garchomp|Garchomp, L50, F|53/100
|move|p2b: Dragonite|Protect|p2b: Dragonite
|-singleturn|p2b: Dragonite|Protect
|move|p2a: Annihilape|Rage Fist|p1a: Weezing
|-damage|p1a: Weezing|0 fnt
|faint|p1a: Weezing
|-end|p1a: Weezing|ability: Neutralizing Gas
|
|upkeep
|
|t:|1756236589
|switch|p1a: Talonflame|Talonflame, L50, F|100/100
|turn|5
|
|t:|1756236598
|-terastallize|p1b: Garchomp|Ground
|move|p1a: Talonflame|Tailwind|p1a: Talonflame
|-sidestart|p1: Gentlefish|move: Tailwind
|move|p1b: Garchomp|Earthquake|p2a: Annihilape|[spread] p2a,p2b
|-immune|p1a: Talonflame
|-damage|p2a: Annihilape|0 fnt
|-damage|p2b: Dragonite|0 fnt
|faint|p2a: Annihilape
|faint|p2b: Dragonite
|-damage|p1b: Garchomp|43/100|[from] item: Life Orb
|
|upkeep
|
|t:|1756236600
|switch|p2a: Incineroar|Incineroar, L50, F|94/100
|switch|p2b: Ninetales|Ninetales-Alola, L50, M|100/100
|-weather|Snowscape|[from] ability: Snow Warning|[of] p2b: Ninetales
|-ability|p2a: Incineroar|Intimidate|boost
|-unboost|p1a: Talonflame|atk|1
|-unboost|p1b: Garchomp|atk|1
|turn|6
|
|t:|1756236618
|switch|p1b: Gholdengo|Gholdengo, L50|61/100
|move|p1a: Talonflame|Flare Blitz|p2b: Ninetales
|-supereffective|p2b: Ninetales
|-damage|p2b: Ninetales|40/100
|-damage|p1a: Talonflame|81/100|[from] Recoil
|move|p2b: Ninetales|Blizzard|p1a: Talonflame|[spread] p1a,p1b
|-resisted|p1b: Gholdengo
|-damage|p1a: Talonflame|24/100
|-damage|p1b: Gholdengo|42/100
|move|p2a: Incineroar|Knock Off|p1a: Talonflame
|-damage|p1a: Talonflame|0 fnt
|-enditem|p1a: Talonflame|Covert Cloak|[from] move: Knock Off|[of] p2a: Incineroar
|faint|p1a: Talonflame
|
|-weather|Snowscape|[upkeep]
|upkeep
|
|t:|1756236629
|switch|p1a: Garchomp|Garchomp, L50, F, tera:Ground|43/100
|turn|7
|
|t:|1756236633
|move|p2b: Ninetales|Protect|p2b: Ninetales
|-singleturn|p2b: Ninetales|Protect
|move|p1a: Garchomp|Stomping Tantrum|p2a: Incineroar
|-supereffective|p2a: Incineroar
|-damage|p2a: Incineroar|0 fnt
|faint|p2a: Incineroar
|-damage|p1a: Garchomp|34/100|[from] item: Life Orb
|move|p1b: Gholdengo|Make It Rain|p2b: Ninetales
|-activate|p2b: Ninetales|move: Protect
|
|-weather|Snowscape|[upkeep]
|upkeep
|turn|8
|
|t:|1756236640
|move|p2b: Ninetales|Protect||[still]
|-fail|p2b: Ninetales
|move|p1a: Garchomp|Stomping Tantrum|p2b: Ninetales
|-damage|p2b: Ninetales|0 fnt
|faint|p2b: Ninetales
|-damage|p1a: Garchomp|24/100|[from] item: Life Orb
|
|win|Gentlefish
|raw|Gentlefish's rating: 1210 → 1237(+27 for winning)
|raw|Basedfortnitegamer's rating: 1235 → 1208(-27 for losing)
|l|☆Basedfortnitegamer
|player|p2|
