|j|☆Imnotgcb
|j|☆lettitripppp
|html|Imnotgcblettitripppp    
|uhtml|bestof|Game 3 of a best-of-3
|t:|1783116313
|gametype|doubles
|player|p1|Imnotgcb|169|1046
|player|p2|lettitripppp|lucas|1148
|gen|9
|tier|[Gen 9 Champions] VGC 2026 Reg M-B (Bo3)
|rated|
|rule|Species Clause: Limit one of each Pokémon
|rule|Item Clause: Limit 1 of each item
|clearpoke
|poke|p1|Pyroar, L50, M|
|poke|p1|Ninetales, L50, M|
|poke|p1|Leafeon, L50, M|
|poke|p1|Venusaur, L50, F|
|poke|p1|Sneasler, L50, F|
|poke|p1|Torkoal, L50, M|
|poke|p2|Charizard, L50, F|
|poke|p2|Floette-Eternal, L50, F|
|poke|p2|Basculegion, L50, M, shiny|
|poke|p2|Garchomp, L50, M|
|poke|p2|Whimsicott, L50, F, shiny|
|poke|p2|Kingambit, L50, M|
|teampreview|4
|showteam|p1|Pyroar||Pyroarite|Unnerve|HeatWave,Taunt,Protect,SolarBeam|Timid||M|||50|]Ninetales||HeatRock|Drought|WillOWisp,SunnyDay,SolarBeam,Encore|Timid||M|||50|]Leafeon||LifeOrb|Chlorophyll|LeafBlade,SolarBlade,Protect,KnockOff|Adamant||M|||50|]Venusaur||Leftovers|Chlorophyll|SleepPowder,GigaDrain,Protect,SludgeBomb|Timid||F|||50|]Sneasler||FocusSash|Unburden|FakeOut,RockSlide,CloseCombat,DireClaw|Jolly||F|||50|]Torkoal||Charcoal|Drought|Eruption,HeatWave,Protect,StealthRock|Modest||M|||50|
|showteam|p2|Charizard||CharizarditeY|Blaze|WeatherBall,SolarBeam,HeatWave,Protect|Modest||F|||50|]Floette-Eternal||Floettite|FlowerVeil|DazzlingGleam,LightofRuin,Moonblast,Protect|Timid||F|||50|]Basculegion||MysticWater|Adaptability|LastRespects,WaveCrash,AquaJet,Protect|Adamant||M|||50|]Garchomp||LifeOrb|RoughSkin|DragonClaw,Earthquake,RockSlide,Protect|Jolly||M|||50|]Whimsicott||FocusSash|Prankster|Moonblast,Tailwind,Encore,Protect|Timid||F|||50|]Kingambit||OccaBerry|Defiant|KowtowCleave,SuckerPunch,IronHead,LowKick|Adamant||M|||50|
|inactive|Battle timer is ON: inactive players will automatically lose when time's up. (requested by lettitripppp)
|inactive|Imnotgcb has 60 seconds left.
|
|t:|1783116354
|teamsize|p1|4
|teamsize|p2|4
|start
|switch|p1a: Ninetales|Ninetales, L50, M|100/100
|switch|p1b: Pyroar|Pyroar, L50, M|100/100
|switch|p2a: GHOSTWAVE|Basculegion, L50, M, shiny|100/100
|switch|p2b: LETS GO GO|Whimsicott, L50, F, shiny|100/100
|-ability|p1b: Pyroar|Unnerve
|-weather|SunnyDay|[from] ability: Drought|[of] p1a: Ninetales
|turn|1
|
|t:|1783116368
|move|p1b: Pyroar|Protect|p1b: Pyroar
|-singleturn|p1b: Pyroar|Protect
|move|p2b: LETS GO GO|Tailwind|p2b: LETS GO GO
|-sidestart|p2: lettitripppp|move: Tailwind
|move|p2a: GHOSTWAVE|Wave Crash|p1a: Ninetales
|-supereffective|p1a: Ninetales|1
|-damage|p1a: Ninetales|0 fnt
|faint|p1a: Ninetales
|-damage|p2a: GHOSTWAVE|73/100|[from] Recoil
|
|-weather|SunnyDay|[upkeep]
|upkeep
|
|t:|1783116380
|switch|p1a: Venusaur|Venusaur, L50, F|100/100
|turn|2
|
|t:|1783116398
|detailschange|p1b: Pyroar|Pyroar-Mega, L50, M
|-mega|p1b: Pyroar|Pyroar|Pyroarite
|move|p2a: GHOSTWAVE|Protect|p2a: GHOSTWAVE
|-singleturn|p2a: GHOSTWAVE|Protect
|move|p2b: LETS GO GO|Encore|p1b: Pyroar
|-start|p1b: Pyroar|Encore
|move|p1b: Pyroar|Protect||[still]
|-fail|p1b: Pyroar
|move|p1a: Venusaur|Sludge Bomb|p2b: LETS GO GO
|-supereffective|p2b: LETS GO GO|2
|-enditem|p2b: LETS GO GO|Focus Sash
|-damage|p2b: LETS GO GO|1/100
|
|-weather|SunnyDay|[upkeep]
|upkeep
|turn|3
|
|t:|1783116414
|move|p1b: Pyroar|Protect|p1b: Pyroar
|-singleturn|p1b: Pyroar|Protect
|move|p2b: LETS GO GO|Encore|p1a: Venusaur
|-start|p1a: Venusaur|Encore
|move|p1a: Venusaur|Sludge Bomb|p2b: LETS GO GO
|-supereffective|p2b: LETS GO GO|2
|-damage|p2b: LETS GO GO|0 fnt
|faint|p2b: LETS GO GO
|move|p2a: GHOSTWAVE|Wave Crash|p1a: Venusaur
|-resisted|p1a: Venusaur|1
|-damage|p1a: Venusaur|78/100
|-damage|p2a: GHOSTWAVE|67/100|[from] Recoil
|
|-weather|SunnyDay|[upkeep]
|-heal|p1a: Venusaur|84/100|[from] item: Leftovers
|upkeep
|
|t:|1783116425
|switch|p2b: CRUSH SHARK|Garchomp, L50, M|100/100
|turn|4
|
|t:|1783116436
|switch|p1a: Sneasler|Sneasler, L50, F|100/100
|move|p1b: Pyroar|Protect|p1b: Pyroar
|-singleturn|p1b: Pyroar|Protect
|move|p2b: CRUSH SHARK|Earthquake|p1a: Sneasler|[spread] p2a,p1a
|-activate|p1b: Pyroar|move: Protect
|-supereffective|p1a: Sneasler|1
|-damage|p2a: GHOSTWAVE|24/100
|-enditem|p1a: Sneasler|Focus Sash
|-damage|p1a: Sneasler|1/100
|-damage|p2b: CRUSH SHARK|90/100|[from] item: Life Orb
|move|p2a: GHOSTWAVE|Last Respects|p1a: Sneasler
|-damage|p1a: Sneasler|0 fnt
|faint|p1a: Sneasler
|
|-weather|SunnyDay|[upkeep]
|-end|p1b: Pyroar|Encore
|-sideend|p2: lettitripppp|move: Tailwind
|upkeep
|
|t:|1783116456
|switch|p1a: Venusaur|Venusaur, L50, F|84/100
|turn|5
|
|t:|1783116463
|move|p2b: CRUSH SHARK|Protect|p2b: CRUSH SHARK
|-singleturn|p2b: CRUSH SHARK|Protect
|move|p2a: GHOSTWAVE|Protect|p2a: GHOSTWAVE
|-singleturn|p2a: GHOSTWAVE|Protect
|move|p1a: Venusaur|Sleep Powder|p2b: CRUSH SHARK
|-activate|p2b: CRUSH SHARK|move: Protect
|move|p1b: Pyroar|Heat Wave|p2b: CRUSH SHARK|[spread] 
|-activate|p2a: GHOSTWAVE|move: Protect
|-activate|p2b: CRUSH SHARK|move: Protect
|
|-weather|SunnyDay|[upkeep]
|-heal|p1a: Venusaur|90/100|[from] item: Leftovers
|upkeep
|turn|6
|
|t:|1783116481
|move|p2a: GHOSTWAVE|Aqua Jet|p1a: Venusaur
|-resisted|p1a: Venusaur|1
|-damage|p1a: Venusaur|82/100
|move|p1a: Venusaur|Sleep Powder|p2b: CRUSH SHARK
|-status|p2b: CRUSH SHARK|slp|[from] move: Sleep Powder
|move|p1b: Pyroar|Heat Wave|p2a: GHOSTWAVE|[spread] p2a
|-miss|p1b: Pyroar|p2b: CRUSH SHARK
|-resisted|p2a: GHOSTWAVE|1
|-damage|p2a: GHOSTWAVE|0 fnt
|faint|p2a: GHOSTWAVE
|cant|p2b: CRUSH SHARK|slp
|
|-weather|SunnyDay|[upkeep]
|-heal|p1a: Venusaur|88/100|[from] item: Leftovers
|upkeep
|
|t:|1783116490
|switch|p2a: AGNI|Charizard, L50, F|100/100
|turn|7
|
|t:|1783116506
|detailschange|p2a: AGNI|Charizard-Mega-Y, L50, F
|-mega|p2a: AGNI|Charizard|Charizardite Y
|move|p1a: Venusaur|Protect|p1a: Venusaur
|-singleturn|p1a: Venusaur|Protect
|move|p1b: Pyroar|Heat Wave|p2b: CRUSH SHARK|[spread] p2a,p2b
|-resisted|p2a: AGNI|1
|-resisted|p2b: CRUSH SHARK|1
|-damage|p2a: AGNI|65/100
|-damage|p2b: CRUSH SHARK|44/100 slp
|cant|p2b: CRUSH SHARK|slp
|move|p2a: AGNI|Heat Wave|p1b: Pyroar|[spread] p1b
|-activate|p1a: Venusaur|move: Protect
|-resisted|p1b: Pyroar|1
|-damage|p1b: Pyroar|61/100
|
|-weather|SunnyDay|[upkeep]
|-heal|p1a: Venusaur|95/100|[from] item: Leftovers
|upkeep
|turn|8
|
|t:|1783116531
|-curestatus|p2b: CRUSH SHARK|slp|[msg]
|move|p2b: CRUSH SHARK|Protect|p2b: CRUSH SHARK
|-singleturn|p2b: CRUSH SHARK|Protect
|move|p2a: AGNI|Protect|p2a: AGNI
|-singleturn|p2a: AGNI|Protect
|move|p1a: Venusaur|Sludge Bomb|p2a: AGNI
|-activate|p2a: AGNI|move: Protect
|move|p1b: Pyroar|Heat Wave|p2a: AGNI|[spread] 
|-activate|p2a: AGNI|move: Protect
|-activate|p2b: CRUSH SHARK|move: Protect
|
|-weather|none
|-heal|p1a: Venusaur|100/100|[from] item: Leftovers
|upkeep
|turn|9
|
|t:|1783116554
|move|p1b: Pyroar|Heat Wave|p2a: AGNI|[spread] p2a,p2b
|-resisted|p2a: AGNI|1
|-resisted|p2b: CRUSH SHARK|1
|-damage|p2a: AGNI|41/100
|-damage|p2b: CRUSH SHARK|14/100
|move|p2b: CRUSH SHARK|Earthquake|p1b: Pyroar|[spread] p1a,p1b
|-immune|p2a: AGNI
|-supereffective|p1b: Pyroar|1
|-damage|p1a: Venusaur|43/100
|-damage|p1b: Pyroar|0 fnt
|faint|p1b: Pyroar
|-damage|p2b: CRUSH SHARK|4/100|[from] item: Life Orb
|move|p1a: Venusaur|Giga Drain|p2b: CRUSH SHARK
|-damage|p2b: CRUSH SHARK|0 fnt
|-heal|p1a: Venusaur|46/100|[from] drain|[of] p2b: CRUSH SHARK
|faint|p2b: CRUSH SHARK
|move|p2a: AGNI|Heat Wave|p1a: Venusaur
|-supereffective|p1a: Venusaur|1
|-damage|p1a: Venusaur|0 fnt
|faint|p1a: Venusaur
|
|win|lettitripppp
|raw|Imnotgcb's rating: 1046 → 1034(-12 for losing)
|raw|lettitripppp's rating: 1148 → 1166(+18 for winning)
|l|☆Imnotgcb
|player|p1|
