|j|☆imonx6pace!
|j|☆C.blaze
|html|imonx6pace!C.blaze    
|uhtml|bestof|Game 2 of a best-of-3
|t:|1784603337
|gametype|doubles
|player|p1|imonx6pace!|rocketgrunt|1099
|player|p2|C.blaze|102|1211
|gen|9
|tier|[Gen 9 Champions] VGC 2026 Reg M-B (Bo3)
|rated|
|rule|Species Clause: Limit one of each Pokémon
|rule|Item Clause: Limit 1 of each item
|clearpoke
|poke|p1|Delphox, L50, F|
|poke|p1|Sinistcha, L50|
|poke|p1|Incineroar, L50, F|
|poke|p1|Basculegion, L50, M|
|poke|p1|Kingambit, L50, M|
|poke|p1|Maushold-Four, L50|
|poke|p2|Malamar, L50, M|
|poke|p2|Garchomp, L50, F|
|poke|p2|Charizard, L50, M|
|poke|p2|Incineroar, L50, F|
|poke|p2|Primarina, L50, M|
|poke|p2|Glimmora, L50, F|
|teampreview|4
|showteam|p1|Delphox||Delphoxite|Blaze|NastyPlot,HeatWave,Psyshock,Protect|Timid||F|||50|]Sinistcha||SitrusBerry|Hospitality|MatchaGotcha,RagePowder,LifeDew,TrickRoom|Calm|||||50|]Incineroar||ShucaBerry|Intimidate|FakeOut,FlareBlitz,ThroatChop,PartingShot|Careful||F|||50|]Basculegion||ChoiceScarf|Adaptability|FlipTurn,WaveCrash,AquaJet,LastRespects|Jolly||M|||50|]Kingambit||BlackGlasses|Defiant|KowtowCleave,SuckerPunch,LowKick,Protect|Adamant||M|||50|]Maushold-Four||FocusSash|FriendGuard|FollowMe,Taunt,SuperFang,Protect|Timid|||||50|
|showteam|p2|Malamar||Malamarite|Contrary|Superpower,KnockOff,Protect,TrickRoom|Adamant||M|||50|]Garchomp||LifeOrb|SandVeil|StompingTantrum,DragonClaw,Protect,RockSlide|Jolly||F|||50|]Charizard||CharizarditeY|Blaze|HeatWave,WeatherBall,Protect,SolarBeam|Timid||M|||50|]Incineroar||ChopleBerry|Intimidate|FlareBlitz,ThroatChop,PartingShot,FakeOut|Brave||F|||50|]Primarina||Leftovers|LiquidVoice|HyperVoice,Moonblast,Protect,Haze|Modest||M|||50|]Glimmora||FocusSash|ToxicDebris|SludgeBomb,PowerGem,SpikyShield,EarthPower|Timid||F|||50|
|inactive|Battle timer is ON: inactive players will automatically lose when time's up. (requested by imonx6pace!)
|
|t:|1784603362
|teamsize|p1|4
|teamsize|p2|4
|start
|switch|p1a: Kingambit|Kingambit, L50, M|100/100
|switch|p1b: Maushold|Maushold-Four, L50|100/100
|switch|p2a: Malamar|Malamar, L50, M|100/100
|switch|p2b: Incineroar|Incineroar, L50, F|100/100
|-ability|p2b: Incineroar|Intimidate|boost
|-unboost|p1a: Kingambit|atk|1
|-ability|p1a: Kingambit|Defiant|boost
|-boost|p1a: Kingambit|atk|2
|-unboost|p1b: Maushold|atk|1
|turn|1
|
|t:|1784603378
|move|p2b: Incineroar|Fake Out|p1b: Maushold
|-damage|p1b: Maushold|82/100
|cant|p1b: Maushold|flinch
|move|p1a: Kingambit|Kowtow Cleave|p2a: Malamar
|-damage|p2a: Malamar|1/100
|move|p2a: Malamar|Trick Room|p2a: Malamar
|-fieldstart|move: Trick Room|[of] p2a: Malamar
|
|upkeep
|turn|2
|
|t:|1784603394
|switch|p1b: Incineroar|Incineroar, L50, F|100/100
|-ability|p1b: Incineroar|Intimidate|boost
|-boost|p2a: Malamar|atk|1
|-unboost|p2b: Incineroar|atk|1
|move|p1a: Kingambit|Sucker Punch|p2a: Malamar
|-damage|p2a: Malamar|0 fnt
|faint|p2a: Malamar
|move|p2b: Incineroar|Flare Blitz|p1b: Incineroar
|-resisted|p1b: Incineroar|1
|-crit|p1b: Incineroar
|-damage|p1b: Incineroar|63/100
|-damage|p2b: Incineroar|88/100|[from] Recoil
|
|upkeep
|
|t:|1784603397
|switch|p2a: Primarina|Primarina, L50, M|100/100
|turn|3
|
|t:|1784603408
|move|p1b: Incineroar|Fake Out|p2a: Primarina
|-damage|p2a: Primarina|87/100
|move|p2b: Incineroar|Flare Blitz|p1a: Kingambit
|-supereffective|p1a: Kingambit|1
|-damage|p1a: Kingambit|33/100
|-damage|p2b: Incineroar|66/100|[from] Recoil
|move|p1a: Kingambit|Low Kick|p2b: Incineroar
|-supereffective|p2b: Incineroar|1
|-enditem|p2b: Incineroar|Chople Berry|[eat]
|-enditem|p2b: Incineroar|Chople Berry|[weaken]
|-damage|p2b: Incineroar|16/100
|cant|p2a: Primarina|flinch
|
|-heal|p2a: Primarina|93/100|[from] item: Leftovers
|upkeep
|turn|4
|
|t:|1784603423
|switch|p1b: Maushold|Maushold-Four, L50|82/100
|move|p1a: Kingambit|Protect|p1a: Kingambit
|-singleturn|p1a: Kingambit|Protect
|move|p2b: Incineroar|Throat Chop|p1b: Maushold
|-damage|p1b: Maushold|43/100
|-start|p1b: Maushold|Throat Chop|[silent]
|move|p2a: Primarina|Hyper Voice|p1b: Maushold|[spread] p1b
|-activate|p1a: Kingambit|move: Protect
|-damage|p1b: Maushold|0 fnt
|faint|p1b: Maushold
|
|-heal|p2a: Primarina|99/100|[from] item: Leftovers
|upkeep
|
|t:|1784603435
|switch|p1b: Incineroar|Incineroar, L50, F|63/100
|-ability|p1b: Incineroar|Intimidate|boost
|-unboost|p2a: Primarina|atk|1
|-unboost|p2b: Incineroar|atk|1
|turn|5
|
|t:|1784603454
|move|p2a: Primarina|Protect|p2a: Primarina
|-singleturn|p2a: Primarina|Protect
|move|p1b: Incineroar|Fake Out|p2a: Primarina
|-activate|p2a: Primarina|move: Protect
|move|p2b: Incineroar|Flare Blitz|p1a: Kingambit
|-supereffective|p1a: Kingambit|1
|-damage|p1a: Kingambit|0 fnt
|faint|p1a: Kingambit
|-damage|p2b: Incineroar|5/100|[from] Recoil
|
|-heal|p2a: Primarina|100/100|[from] item: Leftovers
|-fieldend|move: Trick Room
|upkeep
|
|t:|1784603463
|switch|p1a: Delphox|Delphox, L50, F|100/100
|turn|6
|
|t:|1784603473
|detailschange|p1a: Delphox|Delphox-Mega, L50, F
|-mega|p1a: Delphox|Delphox|Delphoxite
|move|p1a: Delphox|Heat Wave|p2a: Primarina|[spread] p2a,p2b
|-resisted|p2a: Primarina|1
|-resisted|p2b: Incineroar|1
|-damage|p2a: Primarina|82/100
|-damage|p2b: Incineroar|0 fnt
|faint|p2b: Incineroar
|move|p1b: Incineroar|Throat Chop|p2a: Primarina
|-resisted|p2a: Primarina|1
|-damage|p2a: Primarina|63/100
|-start|p2a: Primarina|Throat Chop|[silent]
|cant|p2a: Primarina|move: Throat Chop
|
|-heal|p2a: Primarina|68/100|[from] item: Leftovers
|upkeep
|
|t:|1784603478
|switch|p2b: Charizard|Charizard, L50, M|100/100
|turn|7
|
|t:|1784603500
|move|p2b: Charizard|Protect|p2b: Charizard
|-singleturn|p2b: Charizard|Protect
|move|p1a: Delphox|Nasty Plot|p1a: Delphox
|-boost|p1a: Delphox|spa|2
|move|p1b: Incineroar|Throat Chop|p2b: Charizard
|-activate|p2b: Charizard|move: Protect
|move|p2a: Primarina|Moonblast|p1b: Incineroar
|-damage|p1b: Incineroar|18/100
|-unboost|p1b: Incineroar|spa|1
|
|-heal|p2a: Primarina|74/100|[from] item: Leftovers
|-end|p2a: Primarina|Throat Chop|[silent]
|upkeep
|turn|8
|
|t:|1784603516
|detailschange|p2b: Charizard|Charizard-Mega-Y, L50, M
|-mega|p2b: Charizard|Charizard|Charizardite Y
|-weather|SunnyDay|[from] ability: Drought|[of] p2b: Charizard
|move|p2a: Primarina|Protect|p2a: Primarina
|-singleturn|p2a: Primarina|Protect
|move|p1a: Delphox|Psyshock|p2b: Charizard
|-damage|p2b: Charizard|0 fnt
|faint|p2b: Charizard
|move|p1b: Incineroar|Throat Chop|p2a: Primarina
|-activate|p2a: Primarina|move: Protect
|
|-weather|SunnyDay|[upkeep]
|-heal|p2a: Primarina|80/100|[from] item: Leftovers
|upkeep
|turn|9
|
|t:|1784603528
|move|p1a: Delphox|Psyshock|p2a: Primarina
|-damage|p2a: Primarina|0 fnt
|faint|p2a: Primarina
|
|win|imonx6pace!
