|j|☆natsukivgc
|j|☆Plopy14
|html|natsukivgcPlopy14    
|uhtml|bestof|Game 2 of a best-of-3
|t:|1785471609
|gametype|doubles
|player|p1|natsukivgc|1|1098
|player|p2|Plopy14|bugcatcher|1245
|gen|9
|tier|[Gen 9 Champions] VGC 2026 Reg M-B (Bo3)
|rated|
|rule|Species Clause: Limit one of each Pokémon
|rule|Item Clause: Limit 1 of each item
|clearpoke
|poke|p1|Charizard, L50, F|
|poke|p1|Sneasler, L50, F|
|poke|p1|Kingambit, L50, M|
|poke|p1|Dragonite, L50, F|
|poke|p1|Floette-Eternal, L50, F|
|poke|p1|Whimsicott, L50, M|
|poke|p2|Toxapex, L50, F|
|poke|p2|Annihilape, L50, F|
|poke|p2|Incineroar, L50, M|
|poke|p2|Garchomp, L50, M|
|poke|p2|Venusaur, L50, F|
|poke|p2|Charizard, L50, F|
|teampreview|4
|showteam|p1|Charizard||CharizarditeY|Blaze|HeatWave,SolarBeam,WeatherBall,Protect|Modest||F|||50|]Sneasler||WhiteHerb|Unburden|CloseCombat,DireClaw,FakeOut,Coaching|Jolly||F|||50|]Kingambit||BlackGlasses|Defiant|KowtowCleave,SuckerPunch,SwordsDance,Protect|Adamant||M|||50|]Dragonite||LifeOrb|InnerFocus|DragonClaw,LowKick,ExtremeSpeed,Protect|Adamant||F|||50|]Floette-Eternal||Floettite|FlowerVeil|Moonblast,DazzlingGleam,LightofRuin,Protect|Modest||F|||50|]Whimsicott||FocusSash|Prankster|Moonblast,Tailwind,Encore,Protect|Timid||M|||50|
|showteam|p2|Toxapex||Leftovers|Regenerator|WideGuard,Infestation,Toxic,BanefulBunker|Bold||F|||50|]Annihilape||FocusSash|Defiant|PhantomForce,CloseCombat,RockTomb,Protect|Jolly||F|||50|]Incineroar||SitrusBerry|Intimidate|FlareBlitz,DarkestLariat,FakeOut,PartingShot|Careful||M|||50|]Garchomp||ChoiceScarf|RoughSkin|StompingTantrum,DragonClaw,RockSlide,Earthquake|Jolly||M|||50|]Venusaur||LifeOrb|Chlorophyll|SludgeBomb,SolarBeam,EarthPower,Protect|Modest||F|||50|]Charizard||CharizarditeY|Blaze|HeatWave,WeatherBall,HelpingHand,Protect|Modest||F|||50|
|
|t:|1785471624
|teamsize|p1|4
|teamsize|p2|4
|start
|switch|p1a: Sneasler|Sneasler, L50, F|100/100
|switch|p1b: Dragonite|Dragonite, L50, F|100/100
|switch|p2a: Charizard|Charizard, L50, F|100/100
|switch|p2b: Annihilape|Annihilape, L50, F|100/100
|turn|1
|j| Tindall64
|
|t:|1785471655
|move|p2a: Charizard|Protect|p2a: Charizard
|-singleturn|p2a: Charizard|Protect
|move|p1a: Sneasler|Fake Out|p2a: Charizard
|-activate|p2a: Charizard|move: Protect
|move|p2b: Annihilape|Rock Tomb|p1b: Dragonite
|-supereffective|p1b: Dragonite|1
|-damage|p1b: Dragonite|58/100
|-unboost|p1b: Dragonite|spe|1
|move|p1b: Dragonite|Dragon Claw|p2b: Annihilape
|-damage|p2b: Annihilape|34/100
|-damage|p1b: Dragonite|49/100|[from] item: Life Orb
|
|upkeep
|turn|2
|
|t:|1785471706
|switch|p2a: Toxapex|Toxapex, L50, F|100/100
|move|p1b: Dragonite|Extreme Speed|p2a: Toxapex
|-damage|p2a: Toxapex|71/100
|-damage|p1b: Dragonite|39/100|[from] item: Life Orb
|move|p1a: Sneasler|Dire Claw|p2a: Toxapex
|-resisted|p2a: Toxapex|1
|-damage|p2a: Toxapex|57/100
|move|p2b: Annihilape|Phantom Force||[still]
|-prepare|p2b: Annihilape|Phantom Force
|
|-heal|p2a: Toxapex|63/100|[from] item: Leftovers
|upkeep
|turn|3
|
|t:|1785471779
|switch|p1a: Kingambit|Kingambit, L50, M|100/100
|move|p2b: Annihilape|Phantom Force|p1b: Dragonite|[from] lockedmove
|-damage|p1b: Dragonite|0 fnt
|faint|p1b: Dragonite
|move|p2a: Toxapex|Infestation|p1a: Kingambit
|-damage|p1a: Kingambit|97/100
|-activate|p1a: Kingambit|move: Infestation|[of] p2a: Toxapex
|
|-heal|p2a: Toxapex|68/100|[from] item: Leftovers
|-damage|p1a: Kingambit|85/100|[from] move: Infestation|[partiallytrapped]
|upkeep
|
|t:|1785471790
|switch|p1b: Charizard|Charizard, L50, F|100/100
|turn|4
|
|t:|1785471809
|detailschange|p1b: Charizard|Charizard-Mega-Y, L50, F
|-mega|p1b: Charizard|Charizard|Charizardite Y
|-weather|SunnyDay|[from] ability: Drought|[of] p1b: Charizard
|move|p1a: Kingambit|Protect|p1a: Kingambit
|-singleturn|p1a: Kingambit|Protect
|move|p2b: Annihilape|Close Combat|p1a: Kingambit
|-activate|p1a: Kingambit|move: Protect
|move|p1b: Charizard|Heat Wave|p2b: Annihilape|[spread] p2a,p2b
|-resisted|p2a: Toxapex|1
|-damage|p2a: Toxapex|42/100
|-damage|p2b: Annihilape|0 fnt
|faint|p2b: Annihilape
|move|p2a: Toxapex|Toxic|p1b: Charizard
|-status|p1b: Charizard|tox
|
|-weather|SunnyDay|[upkeep]
|-heal|p2a: Toxapex|48/100|[from] item: Leftovers
|-damage|p1b: Charizard|94/100 tox|[from] psn
|-damage|p1a: Kingambit|73/100|[from] move: Infestation|[partiallytrapped]
|upkeep
|
|t:|1785471823
|switch|p2b: Charizard|Charizard, L50, F|100/100
|turn|5
|
|t:|1785471849
|detailschange|p2b: Charizard|Charizard-Mega-Y, L50, F
|-mega|p2b: Charizard|Charizard|Charizardite Y
|move|p1a: Kingambit|Sucker Punch|p2b: Charizard
|-damage|p2b: Charizard|61/100
|move|p1b: Charizard|Weather Ball|p2b: Charizard
|-resisted|p2b: Charizard|1
|-damage|p2b: Charizard|17/100
|move|p2b: Charizard|Heat Wave|p1b: Charizard|[spread] p1a,p1b
|-supereffective|p1a: Kingambit|1
|-resisted|p1b: Charizard|1
|-damage|p1a: Kingambit|0 fnt
|-damage|p1b: Charizard|69/100 tox
|faint|p1a: Kingambit
|move|p2a: Toxapex|Infestation|p1b: Charizard
|-resisted|p1b: Charizard|2
|-crit|p1b: Charizard
|-damage|p1b: Charizard|68/100 tox
|-activate|p1b: Charizard|move: Infestation|[of] p2a: Toxapex
|
|-weather|SunnyDay|[upkeep]
|-heal|p2a: Toxapex|54/100|[from] item: Leftovers
|-damage|p1b: Charizard|56/100 tox|[from] psn
|-damage|p1b: Charizard|44/100 tox|[from] move: Infestation|[partiallytrapped]
|upkeep
|
|t:|1785471867
|switch|p1a: Sneasler|Sneasler, L50, F|100/100
|turn|6
|
|t:|1785471886
|move|p2a: Toxapex|Baneful Bunker|p2a: Toxapex
|-singleturn|p2a: Toxapex|move: Protect
|move|p1a: Sneasler|Dire Claw|p2b: Charizard
|-damage|p2b: Charizard|0 fnt
|faint|p2b: Charizard
|move|p1b: Charizard|Heat Wave|p2a: Toxapex
|-activate|p2a: Toxapex|move: Protect
|
|-weather|SunnyDay|[upkeep]
|-heal|p2a: Toxapex|59/100|[from] item: Leftovers
|-damage|p1b: Charizard|27/100 tox|[from] psn
|-damage|p1b: Charizard|15/100 tox|[from] move: Infestation|[partiallytrapped]
|upkeep
|
|t:|1785471890
|switch|p2b: Garchomp|Garchomp, L50, M|100/100
|turn|7
|
|t:|1785471934
|move|p2b: Garchomp|Stomping Tantrum|p1a: Sneasler
|-supereffective|p1a: Sneasler|1
|-damage|p1a: Sneasler|0 fnt
|faint|p1a: Sneasler
|move|p1b: Charizard|Weather Ball|p2a: Toxapex
|-resisted|p2a: Toxapex|1
|-damage|p2a: Toxapex|26/100
|move|p2a: Toxapex|Infestation|p1b: Charizard
|-resisted|p1b: Charizard|2
|-damage|p1b: Charizard|14/100 tox
|
|-weather|SunnyDay|[upkeep]
|-heal|p2a: Toxapex|31/100|[from] item: Leftovers
|-damage|p1b: Charizard|0 fnt|[from] psn
|faint|p1b: Charizard
|
|win|Plopy14
|raw|natsukivgc's rating: 1098 → 1083(-15 for losing)
|raw|Plopy14's rating: 1245 → 1260(+15 for winning)
