|j|☆bassacucina777
|j|☆MizzleWaterCooler
|html|bassacucina777MizzleWaterCooler    
|uhtml|bestof|Game 3 of a best-of-3
|t:|1756235340
|gametype|doubles
|player|p1|bassacucina777|266|1156
|player|p2|MizzleWaterCooler|brycen|1105
|gen|9
|tier|[Gen 9] VGC 2025 Reg H (Bo3)
|rated|
|rule|Species Clause: Limit one of each Pokémon
|rule|Item Clause: Limit 1 of each item
|clearpoke
|poke|p1|Garchomp, L50, F|
|poke|p1|Jumpluff, L50, F|
|poke|p1|Torkoal, L50, F|
|poke|p1|Dragonite, L50, F|
|poke|p1|Kingambit, L50, F|
|poke|p1|Typhlosion-Hisui, L50, F|
|poke|p2|Whimsicott, L50, M|
|poke|p2|Ursaluna-Bloodmoon, L50, M|
|poke|p2|Archaludon, L50, F|
|poke|p2|Flamigo, L50, F|
|poke|p2|Typhlosion-Hisui, L50, F|
|poke|p2|Rillaboom, L50, F|
|teampreview|4
|showteam|p1|Garchomp||LifeOrb|RoughSkin|Earthquake,DragonClaw,StompingTantrum,Protect|||F|||50|,,,,,Fire]Jumpluff||CovertCloak|Chlorophyll|LeafStorm,SleepPowder,Encore,Tailwind|||F|||50|,,,,,Water]Torkoal||EjectPack|Drought|Overheat,BurningJealousy,HelpingHand,Protect|||F|||50|,,,,,Flying]Dragonite||LoadedDice|Multiscale|ScaleShot,ExtremeSpeed,Haze,Protect|||F|||50|,,,,,Fairy]Kingambit||AssaultVest|Defiant|IronHead,SuckerPunch,Assurance,LowKick|||F|||50|,,,,,Flying]Typhlosion-Hisui||ChoiceSpecs|Blaze|Eruption,ShadowBall,HeatWave,Overheat|||F|||50|,,,,,Fire
|showteam|p2|Whimsicott||CovertCloak|Prankster|Moonblast,Tailwind,Encore,SunnyDay|||M|||50|,,,,,Water]Ursaluna-Bloodmoon||LifeOrb|MindsEye|HyperVoice,BloodMoon,EarthPower,Protect|||M|||50|,,,,,Normal]Archaludon||PowerHerb|Sturdy|FlashCannon,DracoMeteor,ElectroShot,Protect|||F|||50|,,,,,Stellar]Flamigo||FocusSash|Scrappy|CloseCombat,WideGuard,DualWingbeat,Detect|||F|||50|,,,,,Ghost]Typhlosion-Hisui||ChoiceSpecs|Blaze|Eruption,HeatWave,Overheat,ShadowBall|||F|||50|,,,,,Fire]Rillaboom||AssaultVest|GrassySurge|GrassyGlide,WoodHammer,FakeOut,HighHorsepower|||F|||50|,,,,,Fire
|inactive|Battle timer is ON: inactive players will automatically lose when time's up. (requested by MizzleWaterCooler)
|inactive|bassacucina777 has 60 seconds left.
|
|t:|1756235374
|teamsize|p1|4
|teamsize|p2|4
|start
|switch|p1a: Jumpluff|Jumpluff, L50, F|100/100
|switch|p1b: Typhlosion|Typhlosion-Hisui, L50, F|100/100
|switch|p2a: Whimsicott|Whimsicott, L50, M|100/100
|switch|p2b: Typhlosion|Typhlosion-Hisui, L50, F|100/100
|turn|1
|inactive|MizzleWaterCooler has 30 seconds left.
|inactive|MizzleWaterCooler has 20 seconds left.
|inactive|MizzleWaterCooler has 15 seconds left.
|
|t:|1756235418
|switch|p1b: Torkoal|Torkoal, L50, F|100/100
|-weather|SunnyDay|[from] ability: Drought|[of] p1b: Torkoal
|move|p2a: Whimsicott|Tailwind|p2a: Whimsicott
|-sidestart|p2: MizzleWaterCooler|move: Tailwind
|move|p1a: Jumpluff|Sleep Powder|p2b: Typhlosion
|-status|p2b: Typhlosion|slp|[from] move: Sleep Powder
|cant|p2b: Typhlosion|slp
|
|-weather|SunnyDay|[upkeep]
|upkeep
|turn|2
|inactive|bassacucina777 has 30 seconds left.
|inactive|MizzleWaterCooler has 30 seconds left.
|inactive|MizzleWaterCooler has 20 seconds left.
|
|t:|1756235462
|switch|p1a: Typhlosion|Typhlosion-Hisui, L50, F|100/100
|-terastallize|p2a: Whimsicott|Water
|move|p2a: Whimsicott|Encore||[still]
|-fail|p2a: Whimsicott
|-curestatus|p2b: Typhlosion|slp|[msg]
|move|p2b: Typhlosion|Heat Wave|p1a: Typhlosion|[spread] p1b
|-miss|p2b: Typhlosion|p1a: Typhlosion
|-resisted|p1b: Torkoal
|-damage|p1b: Torkoal|53/100
|move|p1b: Torkoal|Burning Jealousy|p2a: Whimsicott|[spread] p2a,p2b
|-resisted|p2a: Whimsicott
|-resisted|p2b: Typhlosion
|-damage|p2a: Whimsicott|78/100
|-damage|p2b: Typhlosion|80/100
|
|-weather|SunnyDay|[upkeep]
|upkeep
|turn|3
|inactive|bassacucina777 has 30 seconds left.
|inactive|MizzleWaterCooler has 30 seconds left.
|inactive|bassacucina777 has 20 seconds left.
|inactive|bassacucina777 has 15 seconds left.
|inactive|bassacucina777 has 10 seconds left.
|inactive|bassacucina777 has 5 seconds left.
|
|t:|1756235513
|-terastallize|p1a: Typhlosion|Fire
|move|p1b: Torkoal|Helping Hand|p1a: Typhlosion
|-singleturn|p1a: Typhlosion|Helping Hand|[of] p1b: Torkoal
|move|p2a: Whimsicott|Moonblast|p1a: Typhlosion
|-resisted|p1a: Typhlosion
|-damage|p1a: Typhlosion|81/100
|move|p2b: Typhlosion|Heat Wave|p1b: Torkoal|[spread] p1a
|-miss|p2b: Typhlosion|p1b: Torkoal
|-resisted|p1a: Typhlosion
|-damage|p1a: Typhlosion|33/100
|move|p1a: Typhlosion|Heat Wave|p2b: Typhlosion|[spread] p2a,p2b
|-resisted|p2a: Whimsicott
|-resisted|p2b: Typhlosion
|-crit|p2b: Typhlosion
|-damage|p2a: Whimsicott|0 fnt
|-damage|p2b: Typhlosion|0 fnt
|faint|p2a: Whimsicott
|faint|p2b: Typhlosion
|
|-weather|SunnyDay|[upkeep]
|upkeep
|
|t:|1756235530
|switch|p2a: Flamigo|Flamigo, L50, F|100/100
|switch|p2b: Ursaluna|Ursaluna-Bloodmoon, L50, M|100/100
|turn|4
|inactive|bassacucina777 has 30 seconds left.
|inactive|MizzleWaterCooler has 30 seconds left.
|
|t:|1756235557
|switch|p1a: Dragonite|Dragonite, L50, F|100/100
|move|p1b: Torkoal|Protect|p1b: Torkoal
|-singleturn|p1b: Torkoal|Protect
|move|p2a: Flamigo|Wide Guard|p2a: Flamigo
|-singleturn|p2a: Flamigo|Wide Guard
|move|p2b: Ursaluna|Blood Moon|p1b: Torkoal
|-activate|p1b: Torkoal|move: Protect
|
|-weather|SunnyDay|[upkeep]
|-sideend|p2: MizzleWaterCooler|move: Tailwind
|upkeep
|turn|5
|inactive|bassacucina777 has 30 seconds left.
|inactive|bassacucina777 has 20 seconds left.
|inactive|bassacucina777 has 15 seconds left.
|inactive|bassacucina777 has 10 seconds left.
|inactive|bassacucina777 has 5 seconds left.
|
|t:|1756235608
|move|p2a: Flamigo|Detect||[still]
|-fail|p2a: Flamigo
|move|p2b: Ursaluna|Protect|p2b: Ursaluna
|-singleturn|p2b: Ursaluna|Protect
|move|p1a: Dragonite|Extreme Speed|p2a: Flamigo
|-damage|p2a: Flamigo|54/100
|move|p1b: Torkoal|Overheat|p2b: Ursaluna
|-activate|p2b: Ursaluna|move: Protect
|
|-weather|none
|upkeep
|turn|6
|inactive|bassacucina777 has 30 seconds left.
|inactive|MizzleWaterCooler has 30 seconds left.
|inactive|bassacucina777 has 20 seconds left.
|inactive|MizzleWaterCooler has 20 seconds left.
|
|t:|1756235645
|switch|p1b: Jumpluff|Jumpluff, L50, F|100/100
|move|p2a: Flamigo|Detect|p2a: Flamigo
|-singleturn|p2a: Flamigo|Protect
|move|p1a: Dragonite|Extreme Speed|p2a: Flamigo
|-activate|p2a: Flamigo|move: Protect
|move|p2b: Ursaluna|Hyper Voice|p1a: Dragonite|[spread] p1a,p1b
|-damage|p1a: Dragonite|72/100
|-damage|p1b: Jumpluff|48/100
|-damage|p2b: Ursaluna|91/100|[from] item: Life Orb
|
|upkeep
|turn|7
|inactive|bassacucina777 has 30 seconds left.
|inactive|bassacucina777 has 20 seconds left.
|
|t:|1756235685
|move|p2b: Ursaluna|Protect|p2b: Ursaluna
|-singleturn|p2b: Ursaluna|Protect
|move|p1a: Dragonite|Extreme Speed|p2a: Flamigo
|-damage|p2a: Flamigo|9/100
|move|p1b: Jumpluff|Sleep Powder|p2b: Ursaluna
|-activate|p2b: Ursaluna|move: Protect
|move|p2a: Flamigo|Dual Wingbeat|p1b: Jumpluff
|-supereffective|p1b: Jumpluff
|-damage|p1b: Jumpluff|0 fnt
|faint|p1b: Jumpluff
|-hitcount|p1: Jumpluff|1
|
|upkeep
|
|t:|1756235698
|switch|p1b: Typhlosion|Typhlosion-Hisui, L50, F, tera:Fire|33/100
|turn|8
|inactive|bassacucina777 has 30 seconds left.
|inactive|bassacucina777 has 20 seconds left.
|inactive|MizzleWaterCooler has 30 seconds left.
|
|t:|1756235746
|move|p2b: Ursaluna|Protect|p2b: Ursaluna
|-singleturn|p2b: Ursaluna|Protect
|move|p1a: Dragonite|Extreme Speed|p2a: Flamigo
|-damage|p2a: Flamigo|0 fnt
|faint|p2a: Flamigo
|move|p1b: Typhlosion|Overheat|p2b: Ursaluna
|-activate|p2b: Ursaluna|move: Protect
|
|upkeep
|turn|9
|
|t:|1756235762
|move|p1a: Dragonite|Extreme Speed|p2b: Ursaluna
|-damage|p2b: Ursaluna|66/100
|move|p1b: Typhlosion|Overheat|p2b: Ursaluna
|-damage|p2b: Ursaluna|0 fnt
|-unboost|p1b: Typhlosion|spa|2
|faint|p2b: Ursaluna
|
|win|bassacucina777
|raw|bassacucina777's rating: 1156 → 1177(+21 for winning)
|raw|MizzleWaterCooler's rating: 1105 → 1084(-21 for losing)
