|j|☆Art22
|j|☆Treit_3
|html|Art22Treit_3    
|uhtml|bestof|Game 1 of a best-of-3
|t:|1783448644
|gametype|doubles
|player|p1|Art22|1|1283
|player|p2|Treit_3|marshal|1198
|gen|9
|tier|[Gen 9 Champions] VGC 2026 Reg M-B (Bo3)
|rated|
|rule|Species Clause: Limit one of each Pokémon
|rule|Item Clause: Limit 1 of each item
|clearpoke
|poke|p1|Staraptor, L50, M|
|poke|p1|Whimsicott, L50, M|
|poke|p1|Garchomp, L50, F|
|poke|p1|Delphox, L50, M|
|poke|p1|Kingambit, L50, F|
|poke|p1|Milotic, L50, F|
|poke|p2|Scrafty, L50, F|
|poke|p2|Blaziken, L50, M|
|poke|p2|Torterra, L50, M|
|poke|p2|Milotic, L50, F|
|poke|p2|Gholdengo, L50|
|poke|p2|Farigiraf, L50, F|
|teampreview|4
|showteam|p1|Staraptor||Staraptite|Intimidate|CloseCombat,BraveBird,Roost,Protect|Adamant||M|||50|]Whimsicott||FocusSash|Prankster|Moonblast,Tickle,Tailwind,SunnyDay|Timid||M|||50|]Garchomp||LifeOrb|RoughSkin|DragonClaw,Earthquake,RockSlide,Protect|Jolly||F|||50|]Delphox||Delphoxite|Blaze|HeatWave,Psychic,Protect,SolarBeam|Timid||M|||50|]Kingambit||BlackGlasses|Defiant|IronHead,KowtowCleave,SuckerPunch,Protect|Adamant||F|||50|]Milotic||Leftovers|Competitive|IceBeam,MuddyWater,Protect,LifeDew|Modest||F|||50|
|showteam|p2|Scrafty||Scraftinite|Intimidate|FakeOut,Coaching,DrainPunch,ThroatChop|Adamant||F|||50|]Blaziken||Blazikenite|SpeedBoost|Detect,RockSlide,FlareBlitz,CloseCombat|Adamant||M|||50|]Torterra||Leftovers|ShellArmor|Protect,WideGuard,HeadlongRush,WoodHammer|Brave||M|||50|]Milotic||MysticWater|Competitive|Protect,Scald,MuddyWater,IceBeam|Modest||F|||50|]Gholdengo||LifeOrb|GoodasGold|Protect,NastyPlot,MakeItRain,ShadowBall|Modest|||||50|]Farigiraf||SitrusBerry|ArmorTail|Protect,TrickRoom,Thunderbolt,HyperVoice|Bold||F|||50|
|
|t:|1783448690
|teamsize|p1|4
|teamsize|p2|4
|start
|switch|p1a: Staraptor|Staraptor, L50, M|100/100
|switch|p1b: Whimsicott|Whimsicott, L50, M|100/100
|switch|p2a: Scrafty|Scrafty, L50, F|100/100
|switch|p2b: Milotic|Milotic, L50, F|100/100
|-ability|p1a: Staraptor|Intimidate|boost
|-unboost|p2a: Scrafty|atk|1
|-unboost|p2b: Milotic|atk|1
|-ability|p2b: Milotic|Competitive|boost
|-boost|p2b: Milotic|spa|2
|-ability|p2a: Scrafty|Intimidate|boost
|-unboost|p1a: Staraptor|atk|1
|-unboost|p1b: Whimsicott|atk|1
|turn|1
|inactive|Battle timer is ON: inactive players will automatically lose when time's up. (requested by Treit_3)
|
|t:|1783448720
|detailschange|p1a: Staraptor|Staraptor-Mega, L50, M
|-mega|p1a: Staraptor|Staraptor|Staraptite
|move|p2a: Scrafty|Fake Out|p1b: Whimsicott
|-damage|p1b: Whimsicott|90/100
|cant|p1b: Whimsicott|flinch
|move|p1a: Staraptor|Close Combat|p2b: Milotic
|-damage|p2b: Milotic|58/100
|-boost|p1a: Staraptor|def|1
|-boost|p1a: Staraptor|spd|1
|move|p2b: Milotic|Ice Beam|p1b: Whimsicott
|-supereffective|p1b: Whimsicott|1
|-damage|p1b: Whimsicott|0 fnt
|faint|p1b: Whimsicott
|
|upkeep
|
|t:|1783448736
|switch|p1b: Garchomp|Garchomp, L50, F|100/100
|turn|2
|
|t:|1783448743
|move|p2b: Milotic|Protect|p2b: Milotic
|-singleturn|p2b: Milotic|Protect
|move|p1b: Garchomp|Earthquake|p2a: Scrafty|[spread] p2a
|-activate|p2b: Milotic|move: Protect
|-immune|p1a: Staraptor
|-damage|p2a: Scrafty|52/100
|-damage|p1b: Garchomp|90/100|[from] item: Life Orb
|move|p1a: Staraptor|Close Combat|p2a: Scrafty
|-supereffective|p2a: Scrafty|1
|-damage|p2a: Scrafty|0 fnt
|-boost|p1a: Staraptor|def|1
|-boost|p1a: Staraptor|spd|1
|faint|p2a: Scrafty
|
|upkeep
|
|t:|1783448768
|switch|p2a: Farigiraf|Farigiraf, L50, F|100/100
|turn|3
|
|t:|1783448774
|move|p1b: Garchomp|Earthquake|p2a: Farigiraf|[spread] p2a,p2b
|-immune|p1a: Staraptor
|-crit|p2b: Milotic
|-damage|p2a: Farigiraf|58/100
|-damage|p2b: Milotic|0 fnt
|faint|p2b: Milotic
|-damage|p1b: Garchomp|80/100|[from] item: Life Orb
|move|p1a: Staraptor|Close Combat|p2a: Farigiraf
|-damage|p2a: Farigiraf|21/100
|-boost|p1a: Staraptor|def|1
|-boost|p1a: Staraptor|spd|1
|-enditem|p2a: Farigiraf|Sitrus Berry|[eat]
|-heal|p2a: Farigiraf|45/100|[from] item: Sitrus Berry
|move|p2a: Farigiraf|Trick Room|p2a: Farigiraf
|-fieldstart|move: Trick Room|[of] p2a: Farigiraf
|
|upkeep
|
|t:|1783448779
|switch|p2b: Torterra|Torterra, L50, M|100/100
|turn|4
|
|t:|1783448794
|move|p2b: Torterra|Wood Hammer|p1b: Garchomp
|-damage|p1b: Garchomp|22/100
|-damage|p2b: Torterra|87/100|[from] ability: Rough Skin|[of] p1b: Garchomp
|-damage|p2b: Torterra|69/100|[from] Recoil
|move|p2a: Farigiraf|Hyper Voice|p1b: Garchomp|[spread] p1a,p1b
|-damage|p1a: Staraptor|87/100
|-damage|p1b: Garchomp|0 fnt
|faint|p1b: Garchomp
|move|p1a: Staraptor|Brave Bird|p2b: Torterra
|-supereffective|p2b: Torterra|1
|-damage|p2b: Torterra|0 fnt
|faint|p2b: Torterra
|-damage|p1a: Staraptor|60/100|[from] Recoil
|
|upkeep
|
|t:|1783448807
|switch|p1b: Kingambit|Kingambit, L50, F|100/100
|turn|5
|
|t:|1783448812
|move|p1b: Kingambit|Kowtow Cleave|p2a: Farigiraf
|-supereffective|p2a: Farigiraf|1
|-damage|p2a: Farigiraf|0 fnt
|faint|p2a: Farigiraf
|
|win|Art22
||Art22 is ready for game 2.
||Treit_3 is ready for game 2.
|uhtml|next|Next: Game 2 of 3
