|j|☆x25133
|j|☆kojay
|html|x25133kojay    
|uhtml|bestof|Game 2 of a best-of-3
|t:|1756667713
|gametype|doubles
|player|p1|x25133|lucas|1000
|player|p2|kojay|kamado-armor|1053
|gen|9
|tier|[Gen 9] VGC 2025 Reg H (Bo3)
|rated|
|rule|Species Clause: Limit one of each Pokémon
|rule|Item Clause: Limit 1 of each item
|clearpoke
|poke|p1|Ceruledge, L50, F|
|poke|p1|Torkoal, L50, M|
|poke|p1|Lilligant, L50, F|
|poke|p1|Dachsbun, L50, M|
|poke|p1|Whimsicott, L50, F|
|poke|p1|Scovillain, L50, F|
|poke|p2|Garchomp, L50, M|
|poke|p2|Sneasler, L50, M|
|poke|p2|Incineroar, L50, M|
|poke|p2|Dragonite, L50, M|
|poke|p2|Gholdengo, L50|
|poke|p2|Vivillon, L50, F|
|teampreview|4
|showteam|p1|Ceruledge||FocusSash|FlashFire|BitterBlade,SwordsDance,ShadowClaw,DragonClaw|||F|||50|,,,,,Fire]Torkoal||HeatRock|Drought|LavaPlume,Eruption,ClearSmog,BodyPress|||M|||50|,,,,,Fire]Lilligant||RockyHelmet|Chlorophyll|QuiverDance,SolarBeam,PollenPuff,GigaDrain|||F|||50|,,,,,Poison]Dachsbun||AssaultVest|WellBakedBody|BodyPress,Crunch,BodySlam,PlayRough|||M|||50|,,,,,Steel]Whimsicott||CovertCloak|Prankster|SunnyDay,LightScreen,Moonblast,Encore|||F|||50|,,,,,Flying]Scovillain||Leftovers|Chlorophyll|EnergyBall,Flamethrower,TeraBlast,WillOWisp|||F|||50|,,,,,Rock
|showteam|p2|Garchomp||LifeOrb|RoughSkin|Earthquake,DragonClaw,StompingTantrum,Protect|||M|||50|,,,,,Ground]Sneasler||WhiteHerb|Unburden|Coaching,Protect,DireClaw,CloseCombat|||M|||50|,,,,,Ghost]Incineroar||SafetyGoggles|Intimidate|FakeOut,FlareBlitz,KnockOff,PartingShot|||M|||50|,,,,,Ghost]Dragonite||LoadedDice|InnerFocus|TeraBlast,ScaleShot,Tailwind,Protect|||M|||50|,,,,,Flying]Gholdengo||ChoiceScarf|GoodasGold|MakeItRain,ShadowBall,Trick,Thunderbolt||||||50|,,,,,Steel]Vivillon||FocusSash|CompoundEyes|Hurricane,SleepPowder,RagePowder,Protect|||F|||50|,,,,,Ghost
|inactive|Battle timer is ON: inactive players will automatically lose when time's up. (requested by x25133)
|inactive|kojay has 60 seconds left.
|
|t:|1756667745
|teamsize|p1|4
|teamsize|p2|4
|start
|switch|p1a: Whimsicott|Whimsicott, L50, F, shiny|100/100
|switch|p1b: Scovillain|Scovillain, L50, F|100/100
|switch|p2a: Dragonite|Dragonite, L50, M, shiny|100/100
|switch|p2b: Vivillon|Vivillon, L50, F|100/100
|turn|1
|inactive|kojay has 30 seconds left.
|
|t:|1756667775
|switch|p2a: Dalinar|Incineroar, L50, M, shiny|100/100
|-ability|p2a: Dalinar|Intimidate|boost
|-unboost|p1a: Whimsicott|atk|1
|-unboost|p1b: Scovillain|atk|1
|move|p1a: Whimsicott|Sunny Day|p1a: Whimsicott
|-weather|SunnyDay
|move|p1b: Scovillain|Will-O-Wisp|p2a: Dalinar|[miss]
|-miss|p1b: Scovillain|p2a: Dalinar
|move|p2b: Vivillon|Hurricane|p1b: Scovillain
|-supereffective|p1b: Scovillain
|-damage|p1b: Scovillain|0 fnt
|faint|p1b: Scovillain
|
|-weather|SunnyDay|[upkeep]
|upkeep
|
|t:|1756667779
|switch|p1b: Lilligant|Lilligant, L50, F|100/100
|turn|2
|
|t:|1756667796
|switch|p1b: Dachsbun|Dachsbun, L50, M|100/100
|move|p2b: Vivillon|Protect|p2b: Vivillon
|-singleturn|p2b: Vivillon|Protect
|move|p1a: Whimsicott|Moonblast|p2a: Dalinar
|-damage|p2a: Dalinar|71/100
|-unboost|p2a: Dalinar|spa|1
|move|p2a: Dalinar|Flare Blitz|p1b: Dachsbun
|-ability|p1b: Dachsbun|Well-Baked Body|boost
|-boost|p1b: Dachsbun|def|2
|
|-weather|SunnyDay|[upkeep]
|upkeep
|turn|3
|inactive|kojay has 30 seconds left.
|
|t:|1756667826
|-terastallize|p2a: Dalinar|Ghost
|move|p1a: Whimsicott|Encore|p2a: Dalinar
|-start|p2a: Dalinar|Encore
|move|p2b: Vivillon|Sleep Powder|p1b: Dachsbun
|-status|p1b: Dachsbun|slp|[from] move: Sleep Powder
|cant|p1b: Dachsbun|slp
|move|p2a: Dalinar|Flare Blitz|p1a: Whimsicott
|-supereffective|p1a: Whimsicott
|-damage|p1a: Whimsicott|0 fnt
|faint|p1a: Whimsicott
|-damage|p2a: Dalinar|49/100|[from] Recoil
|
|-weather|SunnyDay|[upkeep]
|upkeep
|
|t:|1756667837
|switch|p1a: Lilligant|Lilligant, L50, F|100/100
|turn|4
|
|t:|1756667850
|move|p1a: Lilligant|Solar Beam||[still]
|-prepare|p1a: Lilligant|Solar Beam
|-anim|p1a: Lilligant|Solar Beam|p2a: Dalinar
|-damage|p2a: Dalinar|0 fnt
|faint|p2a: Dalinar
|move|p2b: Vivillon|Hurricane|p1a: Lilligant
|-supereffective|p1a: Lilligant
|-damage|p1a: Lilligant|0 fnt
|faint|p1a: Lilligant
|cant|p1b: Dachsbun|slp
|
|-weather|SunnyDay|[upkeep]
|upkeep
|
|t:|1756667863
|switch|p2a: Kaladin|Garchomp, L50, M, shiny|100/100
|turn|5
|
|t:|1756667868
|move|p2a: Kaladin|Earthquake|p1b: Dachsbun|[spread] p1b
|-immune|p2b: Vivillon
|-damage|p1b: Dachsbun|79/100 slp
|-damage|p2a: Kaladin|91/100|[from] item: Life Orb
|move|p2b: Vivillon|Hurricane|p1b: Dachsbun
|-damage|p1b: Dachsbun|38/100 slp
|-curestatus|p1b: Dachsbun|slp|[msg]
|move|p1b: Dachsbun|Play Rough|p2a: Kaladin
|-supereffective|p2a: Kaladin
|-damage|p2a: Kaladin|32/100
|-damage|p1b: Dachsbun|26/100|[from] ability: Rough Skin|[of] p2a: Kaladin
|
|-weather|none
|upkeep
|turn|6
|
|t:|1756667877
|move|p2a: Kaladin|Earthquake|p1b: Dachsbun|[spread] p1b
|-immune|p2b: Vivillon
|-damage|p1b: Dachsbun|2/100
|-damage|p2a: Kaladin|22/100|[from] item: Life Orb
|move|p2b: Vivillon|Hurricane|p1b: Dachsbun
|-damage|p1b: Dachsbun|0 fnt
|faint|p1b: Dachsbun
|
|win|kojay
|raw|x25133's rating: 1000 → 1000(+0 for losing)
|raw|kojay's rating: 1053 → 1080(+27 for winning)
