|j|☆ExessVGC
|html|ExessVGCuscorp    
|uhtml|bestof|Game 2 of a best-of-3
|t:|1756860871
|gametype|doubles
|player|p1|ExessVGC|170|
|player|p2|uscorp|1|
|gen|9
|tier|[Gen 9] VGC 2025 Reg H (Bo3)
|rule|Species Clause: Limit one of each Pokémon
|rule|Item Clause: Limit 1 of each item
|clearpoke
|poke|p1|Archaludon, L50, F|
|poke|p1|Pelipper, L50, F|
|poke|p1|Amoonguss, L50, F|
|poke|p1|Basculegion, L50, M|
|poke|p1|Weavile, L50, M|
|poke|p1|Incineroar, L50, M|
|poke|p2|Kingambit, L50, F|
|poke|p2|Primarina, L50, M|
|poke|p2|Sneasler, L50, M|
|poke|p2|Magmar, L50, F|
|poke|p2|Rillaboom, L50, F|
|poke|p2|Dragapult, L50, M|
|teampreview|4
|showteam|p1|Archaludon||AssaultVest|Stamina|BodyPress,FlashCannon,ElectroShot,DracoMeteor|||F|||50|,,,,,Dragon]Pelipper||SafetyGoggles|Drizzle|WeatherBall,Hurricane,WideGuard,Tailwind|||F|||50|,,,,,Ground]Amoonguss||RockyHelmet|Regenerator|SludgeBomb,Spore,RagePowder,Protect|||F|||50|,,,,,Water]Basculegion||ChoiceScarf|Adaptability|FlipTurn,WaveCrash,LastRespects,AquaJet|||M|||50|,,,,,Grass]Weavile||FocusSash|Pickpocket|IceSpinner,Protect,ThroatChop,Taunt|||M|||50|,,,,,Ghost]Incineroar||SitrusBerry|Intimidate|FakeOut,KnockOff,PartingShot,FlareBlitz|||M|||50|,,,,,Ghost
|showteam|p2|Kingambit||BlackGlasses|Defiant|KowtowCleave,SuckerPunch,SwordsDance,Protect|||F|||50|,,,,,Dark]Primarina||SitrusBerry|LiquidVoice|HyperVoice,Moonblast,Haze,Protect|||M|||50|,,,,,Poison]Sneasler||FocusSash|Unburden|CloseCombat,DireClaw,Coaching,Protect|||M|||50|,,,,,Stellar]Magmar||Eviolite|VitalSpirit|HeatWave,WillOWisp,FollowMe,Protect|||F|||50|,,,,,Ghost]Rillaboom||AssaultVest|GrassySurge|WoodHammer,GrassyGlide,HighHorsepower,FakeOut|||F|||50|,,,,,Fire]Dragapult||ChoiceBand|ClearBody|DragonDarts,PhantomForce,TeraBlast,Uturn|||M|||50|,,,,,Dragon
|j|☆uscorp
|player|p2|uscorp|1|
|l|☆uscorp
|player|p2|
|j|☆uscorp
|player|p2|uscorp|1|
|
|t:|1756860923
|teamsize|p1|4
|teamsize|p2|4
|start
|switch|p1a: Piranha 3D|Basculegion, L50, M|100/100
|switch|p1b: Cordyceps|Amoonguss, L50, F, shiny|100/100
|switch|p2a: Dragapult|Dragapult, L50, M|100/100
|switch|p2b: Rillaboom|Rillaboom, L50, F|100/100
|-fieldstart|move: Grassy Terrain|[from] ability: Grassy Surge|[of] p2b: Rillaboom
|turn|1
|
|t:|1756861009
|switch|p1a: Mufasa|Archaludon, L50, F, shiny|100/100
|-terastallize|p2a: Dragapult|Dragon
|move|p2a: Dragapult|Tera Blast|p1a: Mufasa|[anim] Tera Blast Dragon
|-damage|p1a: Mufasa|44/100
|-ability|p1a: Mufasa|Stamina|boost
|-boost|p1a: Mufasa|def|1
|move|p2b: Rillaboom|High Horsepower|p1a: Mufasa
|-supereffective|p1a: Mufasa
|-damage|p1a: Mufasa|11/100
|-ability|p1a: Mufasa|Stamina|boost
|-boost|p1a: Mufasa|def|1
|move|p1b: Cordyceps|Spore|p2a: Dragapult
|-status|p2a: Dragapult|slp|[from] move: Spore
|
|-heal|p1a: Mufasa|17/100|[from] Grassy Terrain
|upkeep
|turn|2
|
|t:|1756861039
|switch|p2a: Magmar|Magmar, L50, F|100/100
|-terastallize|p1a: Mufasa|Dragon
|move|p1a: Mufasa|Flash Cannon|p2b: Rillaboom
|-damage|p2b: Rillaboom|77/100
|move|p2b: Rillaboom|High Horsepower|p1a: Mufasa
|-damage|p1a: Mufasa|5/100
|-ability|p1a: Mufasa|Stamina|boost
|-boost|p1a: Mufasa|def|1
|move|p1b: Cordyceps|Sludge Bomb|p2b: Rillaboom
|-supereffective|p2b: Rillaboom
|-damage|p2b: Rillaboom|32/100
|
|-heal|p1a: Mufasa|11/100|[from] Grassy Terrain
|-heal|p2b: Rillaboom|38/100|[from] Grassy Terrain
|upkeep
|turn|3
|
|t:|1756861069
|switch|p1b: Peeko|Pelipper, L50, F, shiny|100/100
|-weather|RainDance|[from] ability: Drizzle|[of] p1b: Peeko
|move|p2a: Magmar|Heat Wave|p1a: Mufasa|[spread] p1a,p1b
|-resisted|p1a: Mufasa
|-resisted|p1b: Peeko
|-damage|p1a: Mufasa|7/100
|-damage|p1b: Peeko|91/100
|-ability|p1a: Mufasa|Stamina|boost
|-boost|p1a: Mufasa|def|1
|move|p1a: Mufasa|Body Press|p2b: Rillaboom
|-damage|p2b: Rillaboom|0 fnt
|faint|p2b: Rillaboom
|
|-weather|RainDance|[upkeep]
|-heal|p1a: Mufasa|13/100|[from] Grassy Terrain
|upkeep
|
|t:|1756861090
|switch|p2b: Kingambit|Kingambit, L50, F|100/100
|turn|4
|
|t:|1756861135
|move|p2a: Magmar|Follow Me|p2a: Magmar
|-singleturn|p2a: Magmar|move: Follow Me
|move|p1a: Mufasa|Body Press|p2a: Magmar
|-damage|p2a: Magmar|44/100
|move|p1b: Peeko|Tailwind|p1b: Peeko
|-sidestart|p1: ExessVGC|move: Tailwind
|move|p2b: Kingambit|Kowtow Cleave|p1a: Mufasa
|-damage|p1a: Mufasa|0 fnt
|faint|p1a: Mufasa
|
|-weather|RainDance|[upkeep]
|-heal|p2a: Magmar|50/100|[from] Grassy Terrain
|upkeep
|
|t:|1756861150
|switch|p1a: Cordyceps|Amoonguss, L50, F, shiny|100/100
|turn|5
|
|t:|1756861180
|move|p2a: Magmar|Protect|p2a: Magmar
|-singleturn|p2a: Magmar|Protect
|move|p2b: Kingambit|Protect|p2b: Kingambit
|-singleturn|p2b: Kingambit|Protect
|move|p1b: Peeko|Weather Ball|p2a: Magmar
|-activate|p2a: Magmar|move: Protect
|move|p1a: Cordyceps|Spore|p2b: Kingambit
|-activate|p2b: Kingambit|move: Protect
|
|-weather|RainDance|[upkeep]
|-heal|p2a: Magmar|56/100|[from] Grassy Terrain
|-fieldend|move: Grassy Terrain
|upkeep
|turn|6
|
|t:|1756861195
|move|p2a: Magmar|Follow Me|p2a: Magmar
|-singleturn|p2a: Magmar|move: Follow Me
|move|p1b: Peeko|Weather Ball|p2a: Magmar
|-supereffective|p2a: Magmar
|-damage|p2a: Magmar|0 fnt
|faint|p2a: Magmar
|move|p1a: Cordyceps|Spore|p2b: Kingambit
|-status|p2b: Kingambit|slp|[from] move: Spore
|cant|p2b: Kingambit|slp
|
|-weather|RainDance|[upkeep]
|upkeep
|
|t:|1756861208
|switch|p2a: Dragapult|Dragapult, L50, M, tera:Dragon|100/100 slp
|turn|7
|
|t:|1756861231
|cant|p2a: Dragapult|slp
|move|p1b: Peeko|Hurricane|p2a: Dragapult
|-damage|p2a: Dragapult|50/100 slp
|-start|p2a: Dragapult|confusion
|move|p1a: Cordyceps|Sludge Bomb|p2a: Dragapult
|-damage|p2a: Dragapult|12/100 slp
|cant|p2b: Kingambit|slp
|
|-weather|none
|-sideend|p1: ExessVGC|move: Tailwind
|upkeep
|turn|8
|
|t:|1756861262
|cant|p2a: Dragapult|slp
|move|p1b: Peeko|Tailwind|p1b: Peeko
|-sidestart|p1: ExessVGC|move: Tailwind
|move|p1a: Cordyceps|Sludge Bomb|p2a: Dragapult
|-damage|p2a: Dragapult|0 fnt
|faint|p2a: Dragapult
|-curestatus|p2b: Kingambit|slp|[msg]
|move|p2b: Kingambit|Swords Dance|p2b: Kingambit
|-boost|p2b: Kingambit|atk|2
|
|upkeep
|turn|9
|
|t:|1756861285
|move|p2b: Kingambit|Protect|p2b: Kingambit
|-singleturn|p2b: Kingambit|Protect
|move|p1b: Peeko|Hurricane|p2b: Kingambit
|-activate|p2b: Kingambit|move: Protect
|move|p1a: Cordyceps|Spore|p2b: Kingambit
|-activate|p2b: Kingambit|move: Protect
|
|upkeep
|turn|10
|
|t:|1756861294
|move|p2b: Kingambit|Sucker Punch|p1b: Peeko
|-damage|p1b: Peeko|4/100
|move|p1b: Peeko|Hurricane|p2b: Kingambit|[miss]
|-miss|p1b: Peeko|p2b: Kingambit
|move|p1a: Cordyceps|Spore|p2b: Kingambit
|-status|p2b: Kingambit|slp|[from] move: Spore
|
|upkeep
|turn|11
|
|t:|1756861308
|switch|p1b: Piranha 3D|Basculegion, L50, M|100/100
|move|p1a: Cordyceps|Rage Powder|p1a: Cordyceps
|-singleturn|p1a: Cordyceps|move: Rage Powder
|cant|p2b: Kingambit|slp
|
|-sideend|p1: ExessVGC|move: Tailwind
|upkeep
|turn|12
|
|t:|1756861324
|move|p1a: Cordyceps|Rage Powder|p1a: Cordyceps
|-singleturn|p1a: Cordyceps|move: Rage Powder
|move|p1b: Piranha 3D|Wave Crash|p2b: Kingambit
|-damage|p2b: Kingambit|36/100 slp
|-damage|p1b: Piranha 3D|78/100|[from] Recoil
|-curestatus|p2b: Kingambit|slp|[msg]
|move|p2b: Kingambit|Kowtow Cleave|p1a: Cordyceps
|-damage|p1a: Cordyceps|13/100
|-damage|p2b: Kingambit|19/100|[from] item: Rocky Helmet|[of] p1a: Cordyceps
|
|upkeep
|turn|13
|
|t:|1756861338
|move|p2b: Kingambit|Protect|p2b: Kingambit
|-singleturn|p2b: Kingambit|Protect
|move|p1a: Cordyceps|Rage Powder|p1a: Cordyceps
|-singleturn|p1a: Cordyceps|move: Rage Powder
|move|p1b: Piranha 3D|Wave Crash|p2b: Kingambit
|-activate|p2b: Kingambit|move: Protect
|
|upkeep
|turn|14
|
|t:|1756861348
|move|p1a: Cordyceps|Rage Powder|p1a: Cordyceps
|-singleturn|p1a: Cordyceps|move: Rage Powder
|move|p1b: Piranha 3D|Wave Crash|p2b: Kingambit
|-damage|p2b: Kingambit|0 fnt
|faint|p2b: Kingambit
|-damage|p1b: Piranha 3D|71/100|[from] Recoil
|
|win|ExessVGC
