|j|☆throat chop user
|j|☆tmdd01
|html|throat chop usertmdd01    
|uhtml|bestof|Game 1 of a best-of-3
|t:|1782449377
|gametype|doubles
|player|p1|throat chop user|whitney-masters|1214
|player|p2|tmdd01|cynthia-masters4|1151
|gen|9
|tier|[Gen 9 Champions] VGC 2026 Reg M-B (Bo3)
|rated|
|rule|Species Clause: Limit one of each Pokémon
|rule|Item Clause: Limit 1 of each item
|clearpoke
|poke|p1|Gholdengo, L50|
|poke|p1|Tyranitar, L50, M|
|poke|p1|Garchomp, L50, M|
|poke|p1|Hydreigon, L50, M|
|poke|p1|Corviknight, L50, M|
|poke|p1|Incineroar, L50, F|
|poke|p2|Floette-Eternal, L50, F|
|poke|p2|Charizard, L50, F|
|poke|p2|Whimsicott, L50, F|
|poke|p2|Garchomp, L50, F|
|poke|p2|Basculegion, L50, M|
|poke|p2|Kingambit, L50, F|
|teampreview|4
|showteam|p1|Gholdengo||MetalCoat|GoodasGold|NastyPlot,MakeItRain,ShadowBall,Protect|Modest|||||50|]Tyranitar||Tyranitarite|SandStream|RockSlide,KnockOff,IcePunch,Protect|Adamant||M|||50|]Garchomp||SitrusBerry|SandVeil|Earthquake,RockSlide,DragonClaw,Protect|Adamant||M|||50|]Hydreigon||ChoiceScarf|Levitate|DracoMeteor,DarkPulse,EarthPower,Snarl|Modest||M|||50|]Corviknight||Leftovers|MirrorArmor|Tailwind,BodyPress,BraveBird,BulkUp|Adamant||M|||50|]Incineroar||PasshoBerry|Intimidate|FakeOut,FlareBlitz,ThroatChop,PartingShot|Careful||F|||50|
|showteam|p2|Floette-Eternal||Floettite|FlowerVeil|Moonblast,DazzlingGleam,LightofRuin,Protect|Modest||F|||50|]Charizard||CharizarditeY|Blaze|HeatWave,WeatherBall,SolarBeam,Protect|Timid||F|||50|]Whimsicott||FocusSash|Prankster|Moonblast,Tailwind,Encore,Protect|Timid||F|||50|]Garchomp||LifeOrb|RoughSkin|DragonClaw,Earthquake,Protect,RockSlide|Jolly||F|||50|]Basculegion||MysticWater|Adaptability|WaveCrash,LastRespects,AquaJet,Protect|Adamant||M|||50|]Kingambit||ChopleBerry|Defiant|KowtowCleave,IronHead,SuckerPunch,LowKick|Adamant||F|||50|
|
|t:|1782449431
|teamsize|p1|4
|teamsize|p2|4
|start
|switch|p1a: Corviknight|Corviknight, L50, M|100/100
|switch|p1b: Garchomp|Garchomp, L50, M|100/100
|switch|p2a: Whimsicott|Whimsicott, L50, F|100/100
|switch|p2b: Garchomp|Garchomp, L50, F|100/100
|turn|1
|
|t:|1782449463
|switch|p1b: Incineroar|Incineroar, L50, F|100/100
|-ability|p1b: Incineroar|Intimidate|boost
|-unboost|p2a: Whimsicott|atk|1
|-unboost|p2b: Garchomp|atk|1
|move|p2a: Whimsicott|Tailwind|p2a: Whimsicott
|-sidestart|p2: tmdd01|move: Tailwind
|move|p2b: Garchomp|Dragon Claw|p1b: Incineroar
|-damage|p1b: Incineroar|72/100
|-damage|p2b: Garchomp|90/100|[from] item: Life Orb
|move|p1a: Corviknight|Bulk Up|p1a: Corviknight
|-boost|p1a: Corviknight|atk|1
|-boost|p1a: Corviknight|def|1
|
|upkeep
|turn|2
|
|t:|1782449495
|switch|p2b: Floette|Floette-Eternal, L50, F|100/100
|move|p1b: Incineroar|Fake Out|p2a: Whimsicott
|-damage|p2a: Whimsicott|83/100
|cant|p2a: Whimsicott|flinch
|move|p1a: Corviknight|Brave Bird|p2a: Whimsicott
|-supereffective|p2a: Whimsicott|1
|-damage|p2a: Whimsicott|0 fnt
|faint|p2a: Whimsicott
|-damage|p1a: Corviknight|81/100|[from] Recoil
|
|-heal|p1a: Corviknight|87/100|[from] item: Leftovers
|upkeep
|
|t:|1782449508
|switch|p2a: Basculegion|Basculegion, L50, M|100/100
|turn|3
|
|t:|1782449536
|switch|p1b: Tyranitar|Tyranitar, L50, M|100/100
|-weather|Sandstorm|[from] ability: Sand Stream|[of] p1b: Tyranitar
|detailschange|p2b: Floette|Floette-Mega, L50, F
|-mega|p2b: Floette|Floette|Floettite
|-ability|p2b: Floette|Fairy Aura
|move|p2b: Floette|Moonblast|p1a: Corviknight
|-resisted|p1a: Corviknight|1
|-damage|p1a: Corviknight|55/100
|move|p2a: Basculegion|Wave Crash|p1a: Corviknight
|-crit|p1a: Corviknight
|-damage|p1a: Corviknight|0 fnt
|faint|p1a: Corviknight
|-damage|p2a: Basculegion|81/100|[from] Recoil
|
|-weather|Sandstorm|[upkeep]
|-damage|p2b: Floette|94/100|[from] Sandstorm
|-damage|p2a: Basculegion|74/100|[from] Sandstorm
|upkeep
|
|t:|1782449561
|switch|p1a: Incineroar|Incineroar, L50, F|72/100
|-ability|p1a: Incineroar|Intimidate|boost
|-unboost|p2a: Basculegion|atk|1
|-unboost|p2b: Floette|atk|1
|turn|4
|
|t:|1782449578
|move|p1b: Tyranitar|Protect|p1b: Tyranitar
|-singleturn|p1b: Tyranitar|Protect
|move|p2b: Floette|Moonblast|p1b: Tyranitar
|-activate|p1b: Tyranitar|move: Protect
|move|p2a: Basculegion|Wave Crash|p1b: Tyranitar
|-activate|p1b: Tyranitar|move: Protect
|move|p1a: Incineroar|Parting Shot|p2b: Floette
|-unboost|p2b: Floette|atk|1
|-unboost|p2b: Floette|spa|1
|
|t:|1782449587
|switch|p1a: Garchomp|Garchomp, L50, M|100/100|[from] Parting Shot
|
|-weather|Sandstorm|[upkeep]
|-damage|p2b: Floette|88/100|[from] Sandstorm
|-damage|p2a: Basculegion|68/100|[from] Sandstorm
|-sideend|p2: tmdd01|move: Tailwind
|upkeep
|turn|5
|
|t:|1782449619
|switch|p1b: Incineroar|Incineroar, L50, F|72/100
|-ability|p1b: Incineroar|Intimidate|boost
|-unboost|p2a: Basculegion|atk|1
|-unboost|p2b: Floette|atk|1
|move|p2b: Floette|Moonblast|p1b: Incineroar
|-damage|p1b: Incineroar|31/100
|move|p1a: Garchomp|Earthquake|p2a: Basculegion|[spread] p1b,p2a,p2b
|-supereffective|p1b: Incineroar|1
|-damage|p1b: Incineroar|0 fnt
|-damage|p2a: Basculegion|25/100
|-damage|p2b: Floette|38/100
|faint|p1b: Incineroar
|move|p2a: Basculegion|Wave Crash|p1a: Garchomp
|-damage|p1a: Garchomp|56/100
|-damage|p2a: Basculegion|9/100|[from] Recoil
|
|-weather|Sandstorm|[upkeep]
|-damage|p2b: Floette|32/100|[from] Sandstorm
|-damage|p2a: Basculegion|3/100|[from] Sandstorm
|upkeep
|
|t:|1782449628
|switch|p1b: Tyranitar|Tyranitar, L50, M|100/100
|turn|6
|
|t:|1782449651
|switch|p2a: Garchomp|Garchomp, L50, F|90/100
|detailschange|p1b: Tyranitar|Tyranitar-Mega, L50, M
|-mega|p1b: Tyranitar|Tyranitar|Tyranitarite
|move|p2b: Floette|Protect|p2b: Floette
|-singleturn|p2b: Floette|Protect
|move|p1a: Garchomp|Rock Slide|p2a: Garchomp|[spread] p2a
|-activate|p2b: Floette|move: Protect
|-resisted|p2a: Garchomp|1
|-damage|p2a: Garchomp|80/100
|move|p1b: Tyranitar|Rock Slide|p2b: Floette|[spread] p2a
|-activate|p2b: Floette|move: Protect
|-resisted|p2a: Garchomp|1
|-damage|p2a: Garchomp|61/100
|
|-weather|Sandstorm|[upkeep]
|-damage|p2b: Floette|27/100|[from] Sandstorm
|upkeep
|turn|7
|
|t:|1782449665
|move|p2a: Garchomp|Dragon Claw|p1a: Garchomp|[miss]
|-miss|p2a: Garchomp|p1a: Garchomp
|move|p2b: Floette|Light of Ruin|p1b: Tyranitar
|-supereffective|p1b: Tyranitar|1
|-damage|p1b: Tyranitar|25/100
|-damage|p2b: Floette|0 fnt|[from] Recoil
|faint|p2b: Floette
|move|p1a: Garchomp|Dragon Claw|p2a: Garchomp
|-supereffective|p2a: Garchomp|1
|-damage|p2a: Garchomp|0 fnt
|-damage|p1a: Garchomp|43/100|[from] ability: Rough Skin|[of] p2a: Garchomp
|-enditem|p1a: Garchomp|Sitrus Berry|[eat]
|-heal|p1a: Garchomp|68/100|[from] item: Sitrus Berry
|faint|p2a: Garchomp
|move|p1b: Tyranitar|Rock Slide|p2: Garchomp|[notarget]
|-fail|p1b: Tyranitar
|
|-weather|none
|upkeep
|-message|tmdd01 forfeited.
|
|win|throat chop user
||tmdd01 is ready for game 2.
||throat chop user is ready for game 2.
|uhtml|next|Next: Game 2 of 3
