|j|☆Sincubii
|j|☆endK649
|html|SincubiiendK649    
|uhtml|bestof|Game 1 of a best-of-3
|t:|1756654707
|gametype|doubles
|player|p1|Sincubii|palmer|1227
|player|p2|endK649|gambler|1205
|gen|9
|tier|[Gen 9] VGC 2025 Reg H (Bo3)
|rated|
|rule|Species Clause: Limit one of each Pokémon
|rule|Item Clause: Limit 1 of each item
|clearpoke
|poke|p1|Weavile, L50, F|
|poke|p1|Rillaboom, L50, M|
|poke|p1|Magnezone, L50|
|poke|p1|Dragonite, L50, F|
|poke|p1|Infernape, L50, M|
|poke|p1|Primarina, L50, M|
|poke|p2|Feraligatr, L50, M|
|poke|p2|Kommo-o, L50, M|
|poke|p2|Politoed, L50, F|
|poke|p2|Rillaboom, L50, M|
|poke|p2|Incineroar, L50, F|
|poke|p2|Amoonguss, L50, F|
|teampreview|4
|showteam|p1|Weavile||FocusSash|Pressure|IceSpinner,FakeOut,KnockOff,Taunt|||F|||50|,,,,,Ghost]Rillaboom||MiracleSeed|GrassySurge|FakeOut,GrassyGlide,WoodHammer,Protect|||M|||50|,,,,,Grass]Magnezone||ChoiceScarf|Sturdy|VoltSwitch,Electroweb,Thunderbolt,FlashCannon||||||50|,,,,,Electric]Dragonite||LoadedDice|Multiscale|Protect,ScaleShot,Tailwind,Haze|||F|||50|,,,,,Fairy]Infernape||ChoiceSpecs|Blaze|HeatWave,Overheat,AuraSphere,ScorchingSands|||M|||50|,,,,,Fire]Primarina||ThroatSpray|LiquidVoice|HyperVoice,Moonblast,Protect,PerishSong|||M|||50|,,,,,Grass
|showteam|p2|Feraligatr||LifeOrb|SheerForce|Liquidation,Crunch,DragonDance,Protect|||M|||50|,,,,,Dark]Kommo-o||ThroatSpray|Overcoat|ClangingScales,AuraSphere,ClangorousSoul,Protect|||M|||50|,,,,,Fairy]Politoed||SitrusBerry|Drizzle|WeatherBall,IcyWind,Haze,Protect|||F|||50|,,,,,Grass]Rillaboom||AssaultVest|GrassySurge|WoodHammer,GrassyGlide,FakeOut,Uturn|||M|||50|,,,,,Fire]Incineroar||SafetyGoggles|Intimidate|KnockOff,FakeOut,Taunt,PartingShot|||F|||50|,,,,,Ghost]Amoonguss||CovertCloak|Regenerator|PollenPuff,Spore,RagePowder,Protect|||F|||50|,,,,,Water
|inactive|Battle timer is ON: inactive players will automatically lose when time's up. (requested by endK649)
|
|t:|1756654783
|teamsize|p1|4
|teamsize|p2|4
|start
|switch|p1a: TMAT|Rillaboom, L50, M|100/100
|switch|p1b: Janice|Primarina, L50, M|100/100
|switch|p2a: Kommo-o|Kommo-o, L50, M|100/100
|switch|p2b: Incineroar|Incineroar, L50, F, shiny|100/100
|-fieldstart|move: Grassy Terrain|[from] ability: Grassy Surge|[of] p1a: TMAT
|-ability|p2b: Incineroar|Intimidate|boost
|-unboost|p1a: TMAT|atk|1
|-unboost|p1b: Janice|atk|1
|turn|1
|inactive|Sincubii has 30 seconds left.
|inactive|endK649 has 30 seconds left.
|
|t:|1756654818
|-terastallize|p2a: Kommo-o|Fairy
|move|p1a: TMAT|Fake Out|p2b: Incineroar
|-damage|p2b: Incineroar|92/100
|cant|p2b: Incineroar|flinch
|move|p2a: Kommo-o|Clangorous Soul|p2a: Kommo-o
|-boost|p2a: Kommo-o|atk|1
|-boost|p2a: Kommo-o|def|1
|-boost|p2a: Kommo-o|spa|1
|-boost|p2a: Kommo-o|spd|1
|-boost|p2a: Kommo-o|spe|1
|-damage|p2a: Kommo-o|68/100
|-enditem|p2a: Kommo-o|Throat Spray
|-boost|p2a: Kommo-o|spa|1|[from] item: Throat Spray
|move|p1b: Janice|Hyper Voice|p2b: Incineroar|[spread] p2a,p2b
|-supereffective|p2b: Incineroar
|-damage|p2a: Kommo-o|42/100
|-damage|p2b: Incineroar|38/100
|-enditem|p1b: Janice|Throat Spray
|-boost|p1b: Janice|spa|1|[from] item: Throat Spray
|
|-heal|p2a: Kommo-o|48/100|[from] Grassy Terrain
|-heal|p2b: Incineroar|44/100|[from] Grassy Terrain
|upkeep
|turn|2
|inactive|Sincubii has 30 seconds left.
|inactive|endK649 has 30 seconds left.
|
|t:|1756654846
|switch|p2b: Rillaboom|Rillaboom, L50, M, shiny|100/100
|-terastallize|p1a: TMAT|Grass
|move|p2a: Kommo-o|Protect|p2a: Kommo-o
|-singleturn|p2a: Kommo-o|Protect
|move|p1a: TMAT|Grassy Glide|p2a: Kommo-o
|-activate|p2a: Kommo-o|move: Protect
|move|p1b: Janice|Hyper Voice|p2b: Rillaboom|[spread] p2b
|-activate|p2a: Kommo-o|move: Protect
|-resisted|p2b: Rillaboom
|-damage|p2b: Rillaboom|85/100
|
|-heal|p2a: Kommo-o|54/100|[from] Grassy Terrain
|-heal|p2b: Rillaboom|90/100|[from] Grassy Terrain
|upkeep
|turn|3
|
|t:|1756654862
|switch|p1a: Big Boss|Dragonite, L50, F, shiny|100/100
|move|p1b: Janice|Protect|p1b: Janice
|-singleturn|p1b: Janice|Protect
|move|p2a: Kommo-o|Clanging Scales|p1a: Big Boss|[spread] p1a
|-activate|p1b: Janice|move: Protect
|-supereffective|p1a: Big Boss
|-damage|p1a: Big Boss|27/100
|-unboost|p2a: Kommo-o|def|1
|move|p2b: Rillaboom|Wood Hammer|p1b: Janice
|-activate|p1b: Janice|move: Protect
|
|-heal|p2a: Kommo-o|60/100|[from] Grassy Terrain
|-heal|p2b: Rillaboom|96/100|[from] Grassy Terrain
|upkeep
|turn|4
|inactive|Sincubii has 30 seconds left.
|
|t:|1756654889
|switch|p1b: TMAT|Rillaboom, L50, M, tera:Grass|100/100
|move|p2a: Kommo-o|Clanging Scales|p1a: Big Boss|[spread] p1a,p1b
|-supereffective|p1a: Big Boss
|-damage|p1a: Big Boss|0 fnt
|-damage|p1b: TMAT|14/100
|faint|p1a: Big Boss
|-unboost|p2a: Kommo-o|def|1
|move|p2b: Rillaboom|Wood Hammer|p1b: TMAT
|-resisted|p1b: TMAT
|-damage|p1b: TMAT|0 fnt
|faint|p1b: TMAT
|-damage|p2b: Rillaboom|92/100|[from] Recoil
|
|-heal|p2a: Kommo-o|67/100|[from] Grassy Terrain
|-heal|p2b: Rillaboom|98/100|[from] Grassy Terrain
|upkeep
|
|t:|1756654896
|switch|p1a: Mr. Cool|Weavile, L50, F|100/100
|switch|p1b: Janice|Primarina, L50, M|100/100
|-ability|p1a: Mr. Cool|Pressure
|turn|5
|-message|Sincubii forfeited.
|
|win|endK649
|l|☆Sincubii
|player|p1|
||Sincubii is ready for game 2.
||endK649 is ready for game 2.
|uhtml|next|Next: Game 2 of 3
