|j|☆Prepucio Santos
|j|‽Ebznax02
|html|Prepucio SantosEbznax02    
|uhtml|bestof|Game 1 of a best-of-3
|t:|1783879404
|gametype|doubles
|player|p1|Prepucio Santos|striker|1358
|player|p2|Ebznax02|1|1238
|gen|9
|tier|[Gen 9 Champions] VGC 2026 Reg M-B (Bo3)
|rated|
|rule|Species Clause: Limit one of each Pokémon
|rule|Item Clause: Limit 1 of each item
|clearpoke
|poke|p1|Incineroar, L50, M|
|poke|p1|Sinistcha-Masterpiece, L50, shiny|
|poke|p1|Floette-Eternal, L50, F|
|poke|p1|Sneasler, L50, M|
|poke|p1|Kingambit, L50, F|
|poke|p1|Blastoise, L50, F|
|poke|p2|Froslass, L50, F|
|poke|p2|Kingambit, L50, F|
|poke|p2|Sneasler, L50, M|
|poke|p2|Blaziken, L50, F|
|poke|p2|Whimsicott, L50, M|
|poke|p2|Basculegion, L50, M|
|teampreview|4
|showteam|p1|Incineroar||SitrusBerry|Intimidate|FakeOut,PartingShot,ThroatChop,FlareBlitz|Careful||M|||50|]Sinistcha-Masterpiece||KasibBerry|Hospitality|MatchaGotcha,LifeDew,RagePowder,TrickRoom|Bold|||||50|]Floette-Eternal||Floettite|FlowerVeil|Moonblast,DazzlingGleam,CalmMind,Protect|Modest||F|||50|]Sneasler||FocusSash|PoisonTouch|FakeOut,CloseCombat,DireClaw,QuickGuard|Jolly||M|||50|]Kingambit||BlackGlasses|Defiant|KowtowCleave,SuckerPunch,SwordsDance,Protect|Adamant||F|||50|]Blastoise||Blastoisinite|Torrent|WaterSpout,DarkPulse,ShellSmash,Protect|Modest||F|||50|
|showteam|p2|Froslass||Froslassite|CursedBody|Protect,Blizzard,ShadowBall,AuroraVeil|Timid||F|||50|]Kingambit||OccaBerry|Defiant|LowKick,IronHead,KowtowCleave,SuckerPunch|Adamant||F|||50|]Sneasler||WhiteHerb|Unburden|Coaching,FakeOut,DireClaw,CloseCombat|Jolly||M|||50|]Blaziken||Blazikenite|SpeedBoost|Protect,RockSlide,FlareBlitz,CloseCombat|Adamant||F|||50|]Whimsicott||FocusSash|Prankster|Moonblast,Tailwind,Encore,Protect|Timid||M|||50|]Basculegion||SitrusBerry|Adaptability|WaveCrash,LastRespects,AquaJet,Protect|Adamant||M|||50|
|inactive|Battle timer is ON: inactive players will automatically lose when time's up. (requested by Ebznax02)
|inactive|Prepucio Santos has 60 seconds left.
|inactive|Ebznax02 has 60 seconds left.
|inactive|Ebznax02 has 30 seconds left.
|inactive|Ebznax02 has 20 seconds left.
|inactive|Ebznax02 has 15 seconds left.
|inactive|Ebznax02 has 10 seconds left.
|inactive|Ebznax02 has 5 seconds left.
|
|t:|1783879490
|teamsize|p1|4
|teamsize|p2|4
|start
|switch|p1a: Sneasler|Sneasler, L50, M|100/100
|switch|p1b: Blastoise|Blastoise, L50, F|100/100
|switch|p2a: Whimsicott|Whimsicott, L50, M|100/100
|switch|p2b: Blaziken|Blaziken, L50, F|100/100
|turn|1
|inactive|Prepucio Santos has 30 seconds left.
|inactive|Ebznax02 has 30 seconds left.
|inactive|Ebznax02 has 20 seconds left.
|
|t:|1783879528
|detailschange|p2b: Blaziken|Blaziken-Mega, L50, F
|-mega|p2b: Blaziken|Blaziken|Blazikenite
|detailschange|p1b: Blastoise|Blastoise-Mega, L50, F
|-mega|p1b: Blastoise|Blastoise|Blastoisinite
|move|p2b: Blaziken|Protect|p2b: Blaziken
|-singleturn|p2b: Blaziken|Protect
|move|p1a: Sneasler|Fake Out|p2a: Whimsicott
|-damage|p2a: Whimsicott|81/100
|cant|p2a: Whimsicott|flinch
|move|p1b: Blastoise|Water Spout|p2b: Blaziken|[spread] p2a
|-activate|p2b: Blaziken|move: Protect
|-resisted|p2a: Whimsicott|1
|-damage|p2a: Whimsicott|29/100
|
|-ability|p2b: Blaziken|Speed Boost|boost
|-boost|p2b: Blaziken|spe|1
|upkeep
|turn|2
|inactive|Ebznax02 has 30 seconds left.
|
|t:|1783879562
|move|p2a: Whimsicott|Encore|p1a: Sneasler
|-start|p1a: Sneasler|Encore
|move|p1a: Sneasler|Fake Out||[still]
|-hint|Fake Out only works on your first turn out.
|-fail|p1a: Sneasler
|move|p2b: Blaziken|Close Combat|p1b: Blastoise
|-damage|p1b: Blastoise|15/100
|-unboost|p2b: Blaziken|def|1
|-unboost|p2b: Blaziken|spd|1
|move|p1b: Blastoise|Water Spout|p2a: Whimsicott|[spread] p2a,p2b
|-resisted|p2a: Whimsicott|1
|-supereffective|p2b: Blaziken|1
|-damage|p2a: Whimsicott|22/100
|-damage|p2b: Blaziken|57/100
|
|-ability|p2b: Blaziken|Speed Boost|boost
|-boost|p2b: Blaziken|spe|1
|upkeep
|turn|3
|
|t:|1783879585
|switch|p1a: Sinistcha|Sinistcha-Masterpiece, L50, shiny|100/100
|-heal|p1b: Blastoise|40/100|[from] ability: Hospitality|[of] p1a: Sinistcha
|move|p1b: Blastoise|Protect|p1b: Blastoise
|-singleturn|p1b: Blastoise|Protect
|move|p2b: Blaziken|Flare Blitz|p1a: Sinistcha
|-supereffective|p1a: Sinistcha|1
|-crit|p1a: Sinistcha
|-damage|p1a: Sinistcha|0 fnt
|faint|p1a: Sinistcha
|-damage|p2b: Blaziken|20/100y|[from] Recoil
|move|p2a: Whimsicott|Moonblast|p1b: Blastoise
|-activate|p1b: Blastoise|move: Protect
|
|-ability|p2b: Blaziken|Speed Boost|boost
|-boost|p2b: Blaziken|spe|1
|upkeep
|
|t:|1783879591
|switch|p1a: Incineroar|Incineroar, L50, M|100/100
|-ability|p1a: Incineroar|Intimidate|boost
|-unboost|p2a: Whimsicott|atk|1
|-unboost|p2b: Blaziken|atk|1
|turn|4
|
|t:|1783879610
|switch|p1a: Sneasler|Sneasler, L50, M|100/100
|move|p2a: Whimsicott|Protect|p2a: Whimsicott
|-singleturn|p2a: Whimsicott|Protect
|move|p2b: Blaziken|Rock Slide|p1a: Sneasler|[spread] p1a,p1b
|-resisted|p1a: Sneasler|1
|-damage|p1a: Sneasler|85/100
|-damage|p1b: Blastoise|25/100
|cant|p1b: Blastoise|flinch
|
|-ability|p2b: Blaziken|Speed Boost|boost
|-boost|p2b: Blaziken|spe|1
|upkeep
|turn|5
|
|t:|1783879625
|switch|p1b: Incineroar|Incineroar, L50, M|100/100
|-ability|p1b: Incineroar|Intimidate|boost
|-unboost|p2a: Whimsicott|atk|1
|-unboost|p2b: Blaziken|atk|1
|move|p1a: Sneasler|Fake Out|p2b: Blaziken
|-damage|p2b: Blaziken|0 fnt
|faint|p2b: Blaziken
|move|p2a: Whimsicott|Tailwind|p2a: Whimsicott
|-sidestart|p2: Ebznax02|move: Tailwind
|
|upkeep
|
|t:|1783879630
|switch|p2b: Basculegion|Basculegion, L50, M|100/100
|turn|6
|
|t:|1783879645
|switch|p1a: Blastoise|Blastoise-Mega, L50, F|25/100
|move|p2a: Whimsicott|Encore||[still]
|-fail|p2a: Whimsicott
|move|p2b: Basculegion|Wave Crash|p1b: Incineroar
|-supereffective|p1b: Incineroar|1
|-damage|p1b: Incineroar|0 fnt
|faint|p1b: Incineroar
|-damage|p2b: Basculegion|67/100|[from] Recoil
|
|upkeep
|
|t:|1783879650
|switch|p1b: Sneasler|Sneasler, L50, M|85/100
|turn|7
|
|t:|1783879661
|move|p2a: Whimsicott|Protect|p2a: Whimsicott
|-singleturn|p2a: Whimsicott|Protect
|move|p1b: Sneasler|Fake Out|p2a: Whimsicott
|-activate|p2a: Whimsicott|move: Protect
|move|p2b: Basculegion|Last Respects|p1a: Blastoise
|-damage|p1a: Blastoise|0 fnt
|faint|p1a: Blastoise
|
|upkeep
|turn|8
|-message|Prepucio Santos forfeited.
|
|win|Ebznax02
||Ebznax02 is ready for game 2.
||Prepucio Santos is ready for game 2.
|uhtml|next|Next: Game 2 of 3
