|j|☆starlight74
|j|☆lukashz
|html|starlight74lukashz    
|uhtml|bestof|Game 2 of a best-of-3
|t:|1784004094
|gametype|doubles
|player|p1|starlight74|anabel-gen7|1302
|player|p2|lukashz|elesa|1434
|gen|9
|tier|[Gen 9 Champions] VGC 2026 Reg M-B (Bo3)
|rated|
|rule|Species Clause: Limit one of each Pokémon
|rule|Item Clause: Limit 1 of each item
|clearpoke
|poke|p1|Charizard, L50, F, shiny|
|poke|p1|Pelipper, L50, F|
|poke|p1|Archaludon, L50, M|
|poke|p1|Basculegion, L50, M|
|poke|p1|Grimmsnarl, L50, M, shiny|
|poke|p1|Annihilape, L50, M|
|poke|p2|Chandelure, L50, M|
|poke|p2|Kangaskhan, L50, F|
|poke|p2|Sylveon, L50, F|
|poke|p2|Hydreigon, L50, F|
|poke|p2|Rotom-Wash, L50|
|poke|p2|Venusaur, L50, F|
|teampreview|4
|showteam|p1|Charizard||CharizarditeY|Blaze|HeatWave,WeatherBall,SolarBeam,Protect|Modest||F|||50|]Pelipper||SitrusBerry|Drizzle|Hurricane,WeatherBall,Tailwind,WideGuard|Modest||F|||50|]Archaludon||Leftovers|Stamina|ElectroShot,DragonPulse,FlashCannon,Protect|Modest||M|||50|]Basculegion||ChoiceScarf|Adaptability|FlipTurn,WaveCrash,AquaJet,LastRespects|Jolly||M|||50|]Grimmsnarl||LightClay|Prankster|SpiritBreak,Reflect,LightScreen,PartingShot|Sassy||M|||50|]Annihilape||FocusSash|Defiant|CloseCombat,PhantomForce,RockTomb,Taunt|Jolly||M|||50|
|showteam|p2|Chandelure||FocusSash|FlashFire|HeatWave,ShadowBall,TrickRoom,Taunt|Quiet||M|||50|]Kangaskhan||Kangaskhanite|InnerFocus|FakeOut,DoubleEdge,SuckerPunch,HammerArm|Brave||F|||50|]Sylveon||FairyFeather|Pixilate|HyperVoice,Protect,HyperBeam,HelpingHand|Quiet||F|||50|]Hydreigon||ChoiceScarf|Levitate|DarkPulse,DracoMeteor,EarthPower,Snarl|Modest||F|||50|]Rotom-Wash||SitrusBerry|Levitate|ThunderWave,VoltSwitch,HydroPump,Protect|Calm|||||50|]Venusaur||Venusaurite|Chlorophyll|EarthPower,SludgeBomb,GigaDrain,Protect|Modest||F|||50|
|inactive|Battle timer is ON: inactive players will automatically lose when time's up. (requested by starlight74)
|
|t:|1784004110
|teamsize|p1|4
|teamsize|p2|4
|start
|switch|p1a: Charizard|Charizard, L50, F, shiny|100/100
|switch|p1b: Grimmsnarl|Grimmsnarl, L50, M, shiny|100/100
|switch|p2a: Venusaur|Venusaur, L50, F|100/100
|switch|p2b: Rotom|Rotom-Wash, L50|100/100
|turn|1
|inactive|lukashz has 30 seconds left.
|
|t:|1784004138
|move|p1a: Charizard|Protect|p1a: Charizard
|-singleturn|p1a: Charizard|Protect
|move|p2a: Venusaur|Protect|p2a: Venusaur
|-singleturn|p2a: Venusaur|Protect
|move|p2b: Rotom|Thunder Wave|p1a: Charizard
|-activate|p1a: Charizard|move: Protect
|move|p1b: Grimmsnarl|Spirit Break|p2b: Rotom
|-damage|p2b: Rotom|69/100
|-unboost|p2b: Rotom|spa|1
|
|upkeep
|turn|2
|
|t:|1784004152
|detailschange|p1a: Charizard|Charizard-Mega-Y, L50, F, shiny
|-mega|p1a: Charizard|Charizard|Charizardite Y
|-weather|SunnyDay|[from] ability: Drought|[of] p1a: Charizard
|move|p1b: Grimmsnarl|Light Screen|p1b: Grimmsnarl
|-sidestart|p1: starlight74|move: Light Screen
|move|p2a: Venusaur|Sludge Bomb|p1a: Charizard
|-damage|p1a: Charizard|77/100
|-status|p1a: Charizard|psn
|move|p1a: Charizard|Solar Beam||[still]
|-prepare|p1a: Charizard|Solar Beam
|-anim|p1a: Charizard|Solar Beam|p2b: Rotom
|-supereffective|p2b: Rotom|1
|-damage|p2b: Rotom|0 fnt
|faint|p2b: Rotom
|
|-weather|SunnyDay|[upkeep]
|-damage|p1a: Charizard|65/100 psn|[from] psn
|upkeep
|
|t:|1784004163
|switch|p2b: Hydreigon|Hydreigon, L50, F|100/100
|turn|3
|
|t:|1784004173
|switch|p1a: Annihilape|Annihilape, L50, M|100/100
|detailschange|p2a: Venusaur|Venusaur-Mega, L50, F
|-mega|p2a: Venusaur|Venusaur|Venusaurite
|move|p1b: Grimmsnarl|Parting Shot|p2a: Venusaur
|-unboost|p2a: Venusaur|atk|1
|-unboost|p2a: Venusaur|spa|1
|
|t:|1784004179
|switch|p1b: Charizard|Charizard-Mega-Y, L50, F, shiny|65/100 psn|[from] Parting Shot
|move|p2b: Hydreigon|Snarl|p1b: Charizard|[spread] p1a,p1b
|-crit|p1a: Annihilape
|-damage|p1a: Annihilape|63/100
|-damage|p1b: Charizard|50/100g psn
|-unboost|p1a: Annihilape|spa|1
|-ability|p1a: Annihilape|Defiant|boost
|-boost|p1a: Annihilape|atk|2
|-unboost|p1b: Charizard|spa|1
|move|p2a: Venusaur|Sludge Bomb|p1b: Charizard
|-damage|p1b: Charizard|34/100 psn
|
|-weather|SunnyDay|[upkeep]
|-damage|p1b: Charizard|21/100 psn|[from] psn
|upkeep
|turn|4
|inactive|lukashz has 30 seconds left.
|
|t:|1784004210
|switch|p2b: Sylveon|Sylveon, L50, F|100/100
|switch|p1b: Basculegion|Basculegion, L50, M|100/100
|move|p1a: Annihilape|Close Combat|p2b: Sylveon
|-resisted|p2b: Sylveon|1
|-damage|p2b: Sylveon|43/100
|-unboost|p1a: Annihilape|def|1
|-unboost|p1a: Annihilape|spd|1
|move|p2a: Venusaur|Giga Drain|p1a: Annihilape
|-damage|p1a: Annihilape|35/100
|
|-weather|SunnyDay|[upkeep]
|upkeep
|turn|5
|inactive|starlight74 has 30 seconds left.
|
|t:|1784004238
|move|p1b: Basculegion|Last Respects|p2b: Sylveon
|-damage|p2b: Sylveon|11/100
|move|p1a: Annihilape|Phantom Force||[still]
|-prepare|p1a: Annihilape|Phantom Force
|move|p2a: Venusaur|Giga Drain|p1b: Basculegion
|-supereffective|p1b: Basculegion|1
|-damage|p1b: Basculegion|65/100
|move|p2b: Sylveon|Hyper Voice|p1b: Basculegion|[spread] p1b
|-miss|p2b: Sylveon|p1a: Annihilape
|-damage|p1b: Basculegion|30/100
|
|-weather|SunnyDay|[upkeep]
|upkeep
|turn|6
|
|t:|1784004259
|switch|p2b: Hydreigon|Hydreigon, L50, F|100/100
|move|p1b: Basculegion|Last Respects|p2b: Hydreigon
|-resisted|p2b: Hydreigon|1
|-crit|p2b: Hydreigon
|-damage|p2b: Hydreigon|73/100
|move|p1a: Annihilape|Phantom Force|p2a: Venusaur|[from] lockedmove
|-damage|p2a: Venusaur|30/100
|move|p2a: Venusaur|Giga Drain|p1a: Annihilape
|-damage|p1a: Annihilape|10/100
|-heal|p2a: Venusaur|43/100|[from] drain|[of] p1a: Annihilape
|
|-weather|none
|upkeep
|turn|7
|
|t:|1784004278
|switch|p1b: Grimmsnarl|Grimmsnarl, L50, M, shiny|100/100
|move|p2b: Hydreigon|Snarl|p1a: Annihilape|[spread] p1a,p1b
|-resisted|p1b: Grimmsnarl|2
|-damage|p1a: Annihilape|0 fnt
|-damage|p1b: Grimmsnarl|96/100
|-unboost|p1b: Grimmsnarl|spa|1
|faint|p1a: Annihilape
|move|p2a: Venusaur|Sludge Bomb|p1b: Grimmsnarl
|-supereffective|p1b: Grimmsnarl|1
|-damage|p1b: Grimmsnarl|62/100
|
|upkeep
|
|t:|1784004288
|switch|p1a: Charizard|Charizard-Mega-Y, L50, F, shiny|21/100 psn
|-weather|SunnyDay|[from] ability: Drought|[of] p1a: Charizard
|turn|8
|
|t:|1784004298
|switch|p2b: Sylveon|Sylveon, L50, F|11/100
|move|p1a: Charizard|Protect|p1a: Charizard
|-singleturn|p1a: Charizard|Protect
|move|p2a: Venusaur|Sludge Bomb|p1b: Grimmsnarl
|-supereffective|p1b: Grimmsnarl|1
|-damage|p1b: Grimmsnarl|26/100
|-status|p1b: Grimmsnarl|psn
|move|p1b: Grimmsnarl|Spirit Break|p2b: Sylveon
|-damage|p2b: Sylveon|0 fnt
|faint|p2b: Sylveon
|
|-weather|SunnyDay|[upkeep]
|-damage|p1a: Charizard|9/100 psn|[from] psn
|-damage|p1b: Grimmsnarl|14/100 psn|[from] psn
|upkeep
|
|t:|1784004305
|switch|p2b: Hydreigon|Hydreigon, L50, F|73/100
|turn|9
|c|☆starlight74|omfg
|
|t:|1784004316
|move|p2b: Hydreigon|Snarl|p1b: Grimmsnarl|[spread] p1a,p1b
|-resisted|p1b: Grimmsnarl|2
|-damage|p1a: Charizard|0 fnt
|-damage|p1b: Grimmsnarl|10/100 psn
|-unboost|p1b: Grimmsnarl|spa|1
|faint|p1a: Charizard
|move|p2a: Venusaur|Sludge Bomb|p1b: Grimmsnarl
|-supereffective|p1b: Grimmsnarl|1
|-damage|p1b: Grimmsnarl|0 fnt
|faint|p1b: Grimmsnarl
|
|-weather|SunnyDay|[upkeep]
|-sideend|p1: starlight74|move: Light Screen
|upkeep
|-message|starlight74 forfeited.
|raw|starlight74's rating: 1302 → 1289(-13 for losing)
|raw|lukashz's rating: 1434 → 1447(+13 for winning)
|
|win|lukashz
|l|☆starlight74
|player|p1|
