|j|☆huntr/x rumi
|j|☆bdogplatinum
|html|huntr/x rumibdogplatinum    
|uhtml|bestof|Game 3 of a best-of-3
|t:|1755668909
|gametype|doubles
|player|p1|huntr/x rumi|acetrainerf|1291
|player|p2|bdogplatinum|lucas|1291
|gen|9
|tier|[Gen 9] VGC 2025 Reg H (Bo3)
|rated|
|rule|Species Clause: Limit one of each Pokémon
|rule|Item Clause: Limit 1 of each item
|clearpoke
|poke|p1|Whimsicott, L50, F|
|poke|p1|Ursaluna-Bloodmoon, L50, M|
|poke|p1|Gholdengo, L50|
|poke|p1|Sneasler, L50, M|
|poke|p1|Incineroar, L50, M|
|poke|p1|Dragapult, L50, F|
|poke|p2|Armarouge, L50, M|
|poke|p2|Indeedee-F, L50, F|
|poke|p2|Abomasnow, L50, F|
|poke|p2|Sneasler, L50, M|
|poke|p2|Ursaluna, L50, M|
|poke|p2|Samurott-Hisui, L50, F|
|teampreview|4
|showteam|p1|Whimsicott||FocusSash|Prankster|Protect,Tailwind,Moonblast,Encore|||F|||50|,,,,,Ghost]Ursaluna-Bloodmoon||LifeOrb|MindsEye|Protect,HyperVoice,BloodMoon,EarthPower|||M|||50|,,,,,Normal]Gholdengo||ChoiceSpecs|GoodasGold|MakeItRain,ShadowBall,Protect,Trick||||||50|,,,,,Steel]Sneasler||WhiteHerb|Unburden|Protect,ThroatChop,DireClaw,CloseCombat|||M|||50|,,,,,Stellar]Incineroar||SafetyGoggles|Intimidate|FakeOut,FlareBlitz,KnockOff,PartingShot|||M|||50|,,,,,Ghost]Dragapult||ChoiceBand|ClearBody|DragonDarts,Outrage,PhantomForce,Uturn|||F|||50|,,,,,Dragon
|showteam|p2|Armarouge||LifeOrb|FlashFire|Protect,TrickRoom,ArmorCannon,ExpandingForce|||M|||50|,,,,,Grass]Indeedee-F||SafetyGoggles|PsychicSurge|TrickRoom,FollowMe,HelpingHand,AlluringVoice|||F|||50|,,,,,Water]Abomasnow||FocusSash|SnowWarning|Protect,EarthPower,Blizzard,LeafStorm|||F|||50|,,,,,Ice]Sneasler||PsychicSeed|Unburden|Protect,DireClaw,CloseCombat,ThroatChop|||M|||50|,,,,,Dark]Ursaluna||FlameOrb|Guts|Protect,Facade,Earthquake,HeadlongRush|||M|||50|,,,,,Ghost]Samurott-Hisui||ClearAmulet|Sharpness|Protect,RazorShell,CeaselessEdge,SacredSword|||F|||50|,,,,,Ghost
|
|t:|1755668937
|teamsize|p1|4
|teamsize|p2|4
|start
|switch|p1a: Dragapult|Dragapult, L50, F, shiny|100/100
|switch|p1b: Sneasler|Sneasler, L50, M, shiny|100/100
|switch|p2a: Armarouge|Armarouge, L50, M|100/100
|switch|p2b: Indeedee|Indeedee-F, L50, F|100/100
|-fieldstart|move: Psychic Terrain|[from] ability: Psychic Surge|[of] p2b: Indeedee
|turn|1
|
|t:|1755668959
|switch|p1b: Incineroar|Incineroar, L50, M|100/100
|-ability|p1b: Incineroar|Intimidate|boost
|-unboost|p2a: Armarouge|atk|1
|-unboost|p2b: Indeedee|atk|1
|move|p2b: Indeedee|Follow Me|p2b: Indeedee
|-singleturn|p2b: Indeedee|move: Follow Me
|move|p1a: Dragapult|U-turn|p2b: Indeedee
|-supereffective|p2b: Indeedee
|-damage|p2b: Indeedee|26/100
|
|t:|1755668965
|switch|p1a: Gholdengo|Gholdengo, L50|100/100|[from] U-turn
|move|p2a: Armarouge|Trick Room|p2a: Armarouge
|-fieldstart|move: Trick Room|[of] p2a: Armarouge
|
|upkeep
|turn|2
|
|t:|1755668974
|switch|p2b: Ursaluna|Ursaluna, L50, M|100/100
|move|p1a: Gholdengo|Protect|p1a: Gholdengo
|-singleturn|p1a: Gholdengo|Protect
|move|p1b: Incineroar|Parting Shot|p2a: Armarouge
|-unboost|p2a: Armarouge|atk|1
|-unboost|p2a: Armarouge|spa|1
|
|t:|1755668980
|switch|p1b: Dragapult|Dragapult, L50, F, shiny|100/100|[from] Parting Shot
|move|p2a: Armarouge|Armor Cannon|p1a: Gholdengo
|-activate|p1a: Gholdengo|move: Protect
|
|-status|p2b: Ursaluna|brn|[from] item: Flame Orb
|upkeep
|turn|3
|
|t:|1755668992
|switch|p1b: Incineroar|Incineroar, L50, M|100/100
|-ability|p1b: Incineroar|Intimidate|boost
|-unboost|p2a: Armarouge|atk|1
|-unboost|p2b: Ursaluna|atk|1
|-terastallize|p2a: Armarouge|Grass
|move|p1a: Gholdengo|Protect|p1a: Gholdengo
|-singleturn|p1a: Gholdengo|Protect
|move|p2b: Ursaluna|Earthquake|p1a: Gholdengo|[spread] p2a,p1b
|-activate|p1a: Gholdengo|move: Protect
|-resisted|p2a: Armarouge
|-supereffective|p1b: Incineroar
|-damage|p2a: Armarouge|76/100
|-damage|p1b: Incineroar|26/100
|move|p2a: Armarouge|Expanding Force|p1b: Incineroar|[spread] 
|-activate|p1a: Gholdengo|move: Protect
|-immune|p1b: Incineroar
|
|-damage|p2b: Ursaluna|95/100 brn|[from] brn
|upkeep
|turn|4
|
|t:|1755669010
|move|p1a: Gholdengo|Protect||[still]
|-fail|p1a: Gholdengo
|move|p2b: Ursaluna|Earthquake|p1a: Gholdengo|[spread] p2a,p1a,p1b
|-resisted|p2a: Armarouge
|-supereffective|p1a: Gholdengo
|-supereffective|p1b: Incineroar
|-damage|p2a: Armarouge|53/100
|-damage|p1a: Gholdengo|7/100
|-damage|p1b: Incineroar|0 fnt
|faint|p1b: Incineroar
|move|p2a: Armarouge|Expanding Force|p1a: Gholdengo
|-resisted|p1a: Gholdengo
|-damage|p1a: Gholdengo|0 fnt
|faint|p1a: Gholdengo
|-damage|p2a: Armarouge|43/100|[from] item: Life Orb
|
|-damage|p2b: Ursaluna|89/100 brn|[from] brn
|upkeep
|
|t:|1755669017
|switch|p1b: Sneasler|Sneasler, L50, M, shiny|100/100
|switch|p1a: Dragapult|Dragapult, L50, F, shiny|100/100
|turn|5
|
|t:|1755669026
|move|p1b: Sneasler|Protect|p1b: Sneasler
|-singleturn|p1b: Sneasler|Protect
|move|p2b: Ursaluna|Headlong Rush|p1a: Dragapult
|-damage|p1a: Dragapult|0 fnt
|-unboost|p2b: Ursaluna|def|1
|-unboost|p2b: Ursaluna|spd|1
|faint|p1a: Dragapult
|move|p2a: Armarouge|Expanding Force|p1b: Sneasler
|-activate|p1b: Sneasler|move: Protect
|
|-damage|p2b: Ursaluna|83/100 brn|[from] brn
|-fieldend|move: Trick Room
|-fieldend|move: Psychic Terrain
|upkeep
|turn|6
|c|☆bdogplatinum|gg
|c|☆huntr/x rumi|gg
|
|t:|1755669043
|move|p1b: Sneasler|Close Combat|p2b: Ursaluna
|-supereffective|p2b: Ursaluna
|-damage|p2b: Ursaluna|0 fnt
|-unboost|p1b: Sneasler|def|1
|-unboost|p1b: Sneasler|spd|1
|faint|p2b: Ursaluna
|-enditem|p1b: Sneasler|White Herb
|-clearnegativeboost|p1b: Sneasler|[silent]
|move|p2a: Armarouge|Expanding Force|p1b: Sneasler
|-supereffective|p1b: Sneasler
|-damage|p1b: Sneasler|0 fnt
|faint|p1b: Sneasler
|-damage|p2a: Armarouge|34/100|[from] item: Life Orb
|
|win|bdogplatinum
|raw|huntr/x rumi's rating: 1291 → 1266(-25 for losing)
|raw|bdogplatinum's rating: 1291 → 1316(+25 for winning)
