|j|☆castoriceball
|j|☆Merisan
|html|castoriceballMerisan    
|uhtml|bestof|Game 3 of a best-of-3
|t:|1782425141
|gametype|doubles
|player|p1|castoriceball|miku-flying|
|player|p2|Merisan|kieran|
|gen|9
|tier|[Gen 9 Champions] VGC 2026 Reg M-B (Bo3)
|rule|Species Clause: Limit one of each Pokémon
|rule|Item Clause: Limit 1 of each item
|clearpoke
|poke|p1|Whimsicott, L50, M, shiny|
|poke|p1|Floette-Eternal, L50, F|
|poke|p1|Charizard, L50, M, shiny|
|poke|p1|Basculegion, L50, M, shiny|
|poke|p1|Kingambit, L50, M, shiny|
|poke|p1|Garchomp, L50, M|
|poke|p2|Froslass, L50, F|
|poke|p2|Dragonite, L50, M|
|poke|p2|Toxapex, L50, M|
|poke|p2|Incineroar, L50, F|
|poke|p2|Whimsicott, L50, F|
|poke|p2|Gholdengo, L50|
|teampreview|4
|showteam|p1|Whimsicott||FocusSash|Prankster|Tailwind,Moonblast,Encore,Protect|Timid||M|||50|]Floette-Eternal||Floettite|FlowerVeil|Moonblast,DazzlingGleam,LightofRuin,Protect|Modest||F|||50|]Charizard||CharizarditeY|SolarPower|HeatWave,SolarBeam,WeatherBall,Protect|Modest||M|||50|]Basculegion||MysticWater|Adaptability|WaveCrash,LastRespects,AquaJet,FlipTurn|Adamant||M|||50|]Kingambit||BlackGlasses|Defiant|KowtowCleave,SuckerPunch,IronHead,Protect|Adamant||M|||50|]Garchomp||LifeOrb|RoughSkin|DragonClaw,Earthquake,RockSlide,Protect|Adamant||M|||50|
|showteam|p2|Froslass||Froslassite|CursedBody|Blizzard,ShadowBall,AuroraVeil,Protect|Modest||F|||50|]Dragonite||Dragoninite|Multiscale|Thunderbolt,DragonPulse,Flamethrower,Protect|Timid||M|||50|]Toxapex||Leftovers|Regenerator|BanefulBunker,Infestation,WideGuard,Toxic|Bold||M|||50|]Incineroar||SitrusBerry|Intimidate|FakeOut,FlareBlitz,ThroatChop,PartingShot|Adamant||F|||50|]Whimsicott||FairyFeather|Prankster|Moonblast,Tailwind,Encore,Protect|Bold||F|||50|]Gholdengo||LifeOrb|GoodasGold|MakeItRain,ShadowBall,NastyPlot,Protect|Timid|||||50|
|c|☆castoriceball|bro the mu is so shit wtf
|j| NOT_A_PENGUIN81
|c|☆castoriceball|also my basc not being protect
|c|☆castoriceball|is fuckign em over
|c|☆castoriceball|I forgot to switch the 4th move
|c| NOT_A_PENGUIN81|yeah lol
|
|t:|1782425189
|teamsize|p1|4
|teamsize|p2|4
|start
|switch|p1a: whimsical|Whimsicott, L50, M, shiny|100/100
|switch|p1b: Cringegambit|Kingambit, L50, M, shiny|100/100
|switch|p2a: Dragonite|Dragonite, L50, M|100/100
|switch|p2b: Incineroar|Incineroar, L50, F|100/100
|-ability|p2b: Incineroar|Intimidate|boost
|-unboost|p1a: whimsical|atk|1
|-unboost|p1b: Cringegambit|atk|1
|-ability|p1b: Cringegambit|Defiant|boost
|-boost|p1b: Cringegambit|atk|2
|turn|1
|c|☆castoriceball|ty for +1
|
|t:|1782425202
|detailschange|p2a: Dragonite|Dragonite-Mega, L50, M
|-mega|p2a: Dragonite|Dragonite|Dragoninite
|move|p1a: whimsical|Protect|p1a: whimsical
|-singleturn|p1a: whimsical|Protect
|move|p1b: Cringegambit|Protect|p1b: Cringegambit
|-singleturn|p1b: Cringegambit|Protect
|move|p2b: Incineroar|Fake Out|p1a: whimsical
|-activate|p1a: whimsical|move: Protect
|move|p2a: Dragonite|Flamethrower|p1b: Cringegambit
|-activate|p1b: Cringegambit|move: Protect
|
|upkeep
|turn|2
|
|t:|1782425213
|move|p2a: Dragonite|Protect|p2a: Dragonite
|-singleturn|p2a: Dragonite|Protect
|move|p1b: Cringegambit|Sucker Punch||[still]
|-fail|p1b: Cringegambit
|move|p1a: whimsical|Moonblast|p2a: Dragonite
|-activate|p2a: Dragonite|move: Protect
|move|p2b: Incineroar|Flare Blitz|p1b: Cringegambit
|-supereffective|p1b: Cringegambit|1
|-damage|p1b: Cringegambit|27/100
|-damage|p2b: Incineroar|75/100|[from] Recoil
|
|upkeep
|turn|3
|
|t:|1782425227
|switch|p2a: Toxapex|Toxapex, L50, M|100/100
|switch|p1b: jarchomp|Garchomp, L50, M|100/100
|move|p1a: whimsical|Moonblast|p2b: Incineroar
|-damage|p2b: Incineroar|44/100
|-enditem|p2b: Incineroar|Sitrus Berry|[eat]
|-heal|p2b: Incineroar|68/100|[from] item: Sitrus Berry
|move|p2b: Incineroar|Flare Blitz|p1b: jarchomp
|-resisted|p1b: jarchomp|1
|-damage|p1b: jarchomp|71/100
|-damage|p2b: Incineroar|56/100|[from] ability: Rough Skin|[of] p1b: jarchomp
|-damage|p2b: Incineroar|48/100|[from] Recoil
|
|upkeep
|turn|4
|
|t:|1782425245
|switch|p2b: Gholdengo|Gholdengo, L50|100/100
|move|p2a: Toxapex|Wide Guard|p2a: Toxapex
|-singleturn|p2a: Toxapex|Wide Guard
|move|p1a: whimsical|Moonblast|p2b: Gholdengo
|-resisted|p2b: Gholdengo|1
|-damage|p2b: Gholdengo|82/100
|move|p1b: jarchomp|Dragon Claw|p2b: Gholdengo
|-resisted|p2b: Gholdengo|1
|-damage|p2b: Gholdengo|55/100
|-damage|p1b: jarchomp|62/100|[from] item: Life Orb
|
|upkeep
|turn|5
|
|t:|1782425257
|switch|p1b: Charred Zard|Charizard, L50, M, shiny|100/100
|move|p2a: Toxapex|Wide Guard|p2a: Toxapex
|-singleturn|p2a: Toxapex|Wide Guard
|move|p1a: whimsical|Encore|p2a: Toxapex
|-start|p2a: Toxapex|Encore
|move|p2b: Gholdengo|Make It Rain|p1a: whimsical|[spread] p1a,p1b
|-supereffective|p1a: whimsical|1
|-resisted|p1b: Charred Zard|1
|-crit|p1b: Charred Zard
|-enditem|p1a: whimsical|Focus Sash
|-damage|p1a: whimsical|1/100
|-damage|p1b: Charred Zard|51/100
|-unboost|p2b: Gholdengo|spa|2
|-damage|p2b: Gholdengo|45/100|[from] item: Life Orb
|
|upkeep
|turn|6
|
|t:|1782425269
|switch|p2b: Incineroar|Incineroar, L50, F|48/100
|-ability|p2b: Incineroar|Intimidate|boost
|-unboost|p1a: whimsical|atk|1
|-unboost|p1b: Charred Zard|atk|1
|detailschange|p1b: Charred Zard|Charizard-Mega-Y, L50, M, shiny
|-mega|p1b: Charred Zard|Charizard|Charizardite Y
|-weather|SunnyDay|[from] ability: Drought|[of] p1b: Charred Zard
|move|p2a: Toxapex|Wide Guard|p2a: Toxapex
|-singleturn|p2a: Toxapex|Wide Guard
|move|p1a: whimsical|Moonblast|p2b: Incineroar
|-damage|p2b: Incineroar|16/100
|move|p1b: Charred Zard|Weather Ball|p2b: Incineroar
|-resisted|p2b: Incineroar|1
|-damage|p2b: Incineroar|0 fnt
|faint|p2b: Incineroar
|
|-weather|SunnyDay|[upkeep]
|upkeep
|
|t:|1782425282
|switch|p2b: Dragonite|Dragonite-Mega, L50, M|100/100
|turn|7
|
|t:|1782425295
|move|p2a: Toxapex|Wide Guard|p2a: Toxapex
|-singleturn|p2a: Toxapex|Wide Guard
|move|p1a: whimsical|Moonblast|p2b: Dragonite
|-supereffective|p2b: Dragonite|1
|-damage|p2b: Dragonite|70/100
|move|p2b: Dragonite|Thunderbolt|p1b: Charred Zard
|-supereffective|p1b: Charred Zard|1
|-damage|p1b: Charred Zard|0 fnt
|faint|p1b: Charred Zard
|
|-weather|SunnyDay|[upkeep]
|upkeep
|
|t:|1782425303
|switch|p1b: jarchomp|Garchomp, L50, M|62/100
|turn|8
|
|t:|1782425314
|switch|p2a: Gholdengo|Gholdengo, L50|45/100
|move|p1a: whimsical|Encore|p2b: Dragonite
|-start|p2b: Dragonite|Encore
|move|p2b: Dragonite|Thunderbolt|p1b: jarchomp
|-immune|p1b: jarchomp
|move|p1b: jarchomp|Dragon Claw|p2b: Dragonite
|-supereffective|p2b: Dragonite|1
|-damage|p2b: Dragonite|0 fnt
|faint|p2b: Dragonite
|-damage|p1b: jarchomp|52/100|[from] item: Life Orb
|
|-weather|SunnyDay|[upkeep]
|upkeep
|
|t:|1782425322
|switch|p2b: Toxapex|Toxapex, L50, M|100/100
|turn|9
|
|t:|1782425340
|move|p1b: jarchomp|Protect|p1b: jarchomp
|-singleturn|p1b: jarchomp|Protect
|move|p2a: Gholdengo|Protect|p2a: Gholdengo
|-singleturn|p2a: Gholdengo|Protect
|move|p1a: whimsical|Tailwind|p1a: whimsical
|-sidestart|p1: castoriceball|move: Tailwind
|move|p2b: Toxapex|Infestation|p1a: whimsical
|-damage|p1a: whimsical|0 fnt
|faint|p1a: whimsical
|
|-weather|SunnyDay|[upkeep]
|upkeep
|
|t:|1782425348
|switch|p1a: Cringegambit|Kingambit, L50, M, shiny|27/100
|turn|10
|
|t:|1782425364
|move|p2b: Toxapex|Wide Guard|p2b: Toxapex
|-singleturn|p2b: Toxapex|Wide Guard
|move|p1b: jarchomp|Dragon Claw|p2b: Toxapex
|-damage|p2b: Toxapex|64/100
|-damage|p1b: jarchomp|42/100|[from] item: Life Orb
|move|p1a: Cringegambit|Kowtow Cleave|p2a: Gholdengo
|-supereffective|p2a: Gholdengo|1
|-damage|p2a: Gholdengo|0 fnt
|faint|p2a: Gholdengo
|
|-weather|none
|-heal|p2b: Toxapex|70/100|[from] item: Leftovers
|upkeep
|turn|11
|
|t:|1782425377
|move|p2b: Toxapex|Baneful Bunker||[still]
|-fail|p2b: Toxapex
|move|p1b: jarchomp|Dragon Claw|p2b: Toxapex
|-damage|p2b: Toxapex|29/100
|-damage|p1b: jarchomp|33/100|[from] item: Life Orb
|move|p1a: Cringegambit|Kowtow Cleave|p2b: Toxapex
|-damage|p2b: Toxapex|0 fnt
|faint|p2b: Toxapex
|
|win|castoriceball
|c|☆Merisan|ggwp
