|j|☆jacre22
|j|☆twice2129
|html|jacre22twice2129    
|uhtml|bestof|Game 2 of a best-of-3
|t:|1755570549
|gametype|doubles
|player|p1|jacre22|iris-gen5bw2|1185
|player|p2|twice2129|#sempra|1222
|gen|9
|tier|[Gen 9] VGC 2025 Reg H (Bo3)
|rated|
|rule|Species Clause: Limit one of each Pokémon
|rule|Item Clause: Limit 1 of each item
|clearpoke
|poke|p1|Whimsicott, L50, F|
|poke|p1|Garchomp, L50, M|
|poke|p1|Gholdengo, L50|
|poke|p1|Incineroar, L50, M|
|poke|p1|Sneasler, L50, F|
|poke|p1|Dragonite, L50, M|
|poke|p2|Incineroar, L50, F|
|poke|p2|Kommo-o, L50, F|
|poke|p2|Electabuzz, L50, F|
|poke|p2|Sinistcha, L50|
|poke|p2|Kingambit, L50, F|
|poke|p2|Sneasler, L50, F|
|teampreview|4
|showteam|p1|Whimsicott||FocusSash|Prankster|Moonblast,Tailwind,Encore,Protect|||F|||50|,,,,,Ghost]Garchomp||LifeOrb|RoughSkin|Earthquake,DragonClaw,StompingTantrum,Protect|||M|||50|,,,,,Ground]Gholdengo||ChoiceSpecs|GoodasGold|MakeItRain,ShadowBall,Trick,Protect||||||50|,,,,,Steel]Incineroar||AssaultVest|Intimidate|FakeOut,FlareBlitz,KnockOff,Uturn|||M|||50|,,,,,Grass]Sneasler||WhiteHerb|Unburden|FakeOut,DireClaw,CloseCombat,Protect|||F|||50|,,,,,Stellar]Dragonite||ChoiceBand|InnerFocus|ExtremeSpeed,Outrage,IceSpinner,StompingTantrum|||M|||50|,,,,,Normal
|showteam|p2|Incineroar||AssaultVest|Intimidate|FakeOut,FlareBlitz,KnockOff,Uturn|||F|||50|,,,,,Ghost]Kommo-o||ThroatSpray|Overcoat|ClangingScales,FlashCannon,ClangorousSoul,Protect|||F|||50|,,,,,Steel]Electabuzz||Eviolite|VitalSpirit|Thunderbolt,Taunt,FollowMe,Protect|||F|||50|,,,,,Fairy]Sinistcha||SitrusBerry|Hospitality|MatchaGotcha,StrengthSap,RagePowder,LifeDew||||||50|,,,,,Water]Kingambit||BlackGlasses|Defiant|KowtowCleave,SuckerPunch,SwordsDance,Protect|||F|||50|,,,,,Dark]Sneasler||FocusSash|PoisonTouch|FakeOut,CloseCombat,DireClaw,Protect|||F|||50|,,,,,Ghost
|inactive|Battle timer is ON: inactive players will automatically lose when time's up. (requested by twice2129)
|j| thewanderer55
|
|t:|1755570575
|teamsize|p1|4
|teamsize|p2|4
|start
|switch|p1a: Gholdengo|Gholdengo, L50|100/100
|switch|p1b: Sneasler|Sneasler, L50, F|100/100
|switch|p2a: Kingambit|Kingambit, L50, F|100/100
|switch|p2b: Incineroar|Incineroar, L50, F, shiny|100/100
|-ability|p2b: Incineroar|Intimidate|boost
|-unboost|p1a: Gholdengo|atk|1
|-unboost|p1b: Sneasler|atk|1
|-enditem|p1b: Sneasler|White Herb
|-clearnegativeboost|p1b: Sneasler|[silent]
|turn|1
|l| thewanderer55
|inactive|twice2129 has 30 seconds left.
|inactive|twice2129 has 20 seconds left.
|
|t:|1755570612
|move|p2a: Kingambit|Protect|p2a: Kingambit
|-singleturn|p2a: Kingambit|Protect
|move|p1b: Sneasler|Fake Out|p2b: Incineroar
|-damage|p2b: Incineroar|89/100
|move|p1a: Gholdengo|Trick|p2a: Kingambit
|-activate|p2a: Kingambit|move: Protect
|cant|p2b: Incineroar|flinch
|
|upkeep
|turn|2
|inactive|jacre22 has 30 seconds left.
|inactive|jacre22 has 20 seconds left.
|
|t:|1755570647
|switch|p2a: Sinistcha|Sinistcha, L50|100/100
|-heal|p2b: Incineroar|100/100|[from] ability: Hospitality|[of] p2a: Sinistcha
|-terastallize|p2b: Incineroar|Ghost
|move|p1b: Sneasler|Close Combat|p2a: Sinistcha
|-immune|p2a: Sinistcha
|move|p1a: Gholdengo|Trick|p2b: Incineroar
|-activate|p1a: Gholdengo|move: Trick|[of] p2b: Incineroar
|-item|p2b: Incineroar|Choice Specs|[from] move: Trick
|-item|p1a: Gholdengo|Assault Vest|[from] move: Trick
|move|p2b: Incineroar|Flare Blitz|p1a: Gholdengo
|-supereffective|p1a: Gholdengo
|-damage|p1a: Gholdengo|0 fnt
|faint|p1a: Gholdengo
|-damage|p2b: Incineroar|74/100|[from] Recoil
|
|upkeep
|inactive|jacre22 has 30 seconds left.
|
|t:|1755570676
|switch|p1a: Garchomp|Garchomp, L50, M|100/100
|turn|3
|inactive|twice2129 has 30 seconds left.
|inactive|twice2129 has 20 seconds left.
|
|t:|1755570716
|switch|p2b: Electabuzz|Electabuzz, L50, F|100/100
|-terastallize|p1a: Garchomp|Ground
|move|p1b: Sneasler|Protect|p1b: Sneasler
|-singleturn|p1b: Sneasler|Protect
|move|p1a: Garchomp|Earthquake|p2b: Electabuzz|[spread] p2a,p2b
|-activate|p1b: Sneasler|move: Protect
|-resisted|p2a: Sinistcha
|-supereffective|p2b: Electabuzz
|-damage|p2a: Sinistcha|73/100
|-damage|p2b: Electabuzz|16/100
|-damage|p1a: Garchomp|91/100|[from] item: Life Orb
|move|p2a: Sinistcha|Matcha Gotcha|p1a: Garchomp|[spread] p1a
|-activate|p1b: Sneasler|move: Protect
|-supereffective|p1a: Garchomp
|-damage|p1a: Garchomp|37/100
|-heal|p2a: Sinistcha|100/100|[from] drain|[of] p1a: Garchomp
|-status|p1a: Garchomp|brn
|
|-damage|p1a: Garchomp|31/100 brn|[from] brn
|upkeep
|turn|4
|
|t:|1755570740
|switch|p2b: Incineroar|Incineroar, L50, F, shiny, tera:Ghost|74/100
|-ability|p2b: Incineroar|Intimidate|boost
|-unboost|p1a: Garchomp|atk|1
|-unboost|p1b: Sneasler|atk|1
|move|p1b: Sneasler|Dire Claw|p2a: Sinistcha
|-damage|p2a: Sinistcha|77/100
|-status|p2a: Sinistcha|slp
|move|p1a: Garchomp|Stomping Tantrum|p2b: Incineroar
|-damage|p2b: Incineroar|55/100
|-damage|p1a: Garchomp|22/100 brn|[from] item: Life Orb
|cant|p2a: Sinistcha|slp
|
|-damage|p1a: Garchomp|16/100 brn|[from] brn
|upkeep
|turn|5
|inactive|jacre22 has 30 seconds left.
|inactive|twice2129 has 30 seconds left.
|
|t:|1755570771
|switch|p1b: Whimsicott|Whimsicott, L50, F|100/100
|move|p1a: Garchomp|Earthquake|p2b: Incineroar|[spread] p1b,p2a,p2b
|-resisted|p1b: Whimsicott
|-resisted|p2a: Sinistcha
|-damage|p1b: Whimsicott|88/100
|-damage|p2a: Sinistcha|68/100 slp
|-damage|p2b: Incineroar|38/100
|-damage|p1a: Garchomp|6/100 brn|[from] item: Life Orb
|cant|p2a: Sinistcha|slp
|move|p2b: Incineroar|Flare Blitz|p1b: Whimsicott
|-supereffective|p1b: Whimsicott
|-damage|p1b: Whimsicott|0 fnt
|faint|p1b: Whimsicott
|-damage|p2b: Incineroar|14/100|[from] Recoil
|
|-damage|p1a: Garchomp|0 fnt|[from] brn
|faint|p1a: Garchomp
|upkeep
|
|t:|1755570787
|switch|p1b: Sneasler|Sneasler, L50, F|100/100
|turn|6
|
|t:|1755570800
|switch|p2b: Electabuzz|Electabuzz, L50, F|16/100
|move|p1b: Sneasler|Dire Claw|p2b: Electabuzz
|-damage|p2b: Electabuzz|0 fnt
|faint|p2b: Electabuzz
|-curestatus|p2a: Sinistcha|slp|[msg]
|move|p2a: Sinistcha|Matcha Gotcha|p1b: Sneasler
|-resisted|p1b: Sneasler
|-damage|p1b: Sneasler|78/100
|-heal|p2a: Sinistcha|78/100|[from] drain|[of] p1b: Sneasler
|
|upkeep
|
|t:|1755570810
|switch|p2b: Incineroar|Incineroar, L50, F, shiny, tera:Ghost|14/100
|-ability|p2b: Incineroar|Intimidate|boost
|-unboost|p1b: Sneasler|atk|1
|turn|7
|
|t:|1755570827
|switch|p2b: Kingambit|Kingambit, L50, F|100/100
|move|p1b: Sneasler|Dire Claw|p2b: Kingambit
|-immune|p2b: Kingambit
|move|p2a: Sinistcha|Matcha Gotcha|p1b: Sneasler
|-resisted|p1b: Sneasler
|-damage|p1b: Sneasler|56/100
|-heal|p2a: Sinistcha|88/100|[from] drain|[of] p1b: Sneasler
|
|upkeep
|turn|8
|
|t:|1755570850
|switch|p2b: Incineroar|Incineroar, L50, F, shiny, tera:Ghost|14/100
|-ability|p2b: Incineroar|Intimidate|boost
|-unboost|p1b: Sneasler|atk|1
|move|p1b: Sneasler|Close Combat|p2b: Incineroar
|-immune|p2b: Incineroar
|move|p2a: Sinistcha|Matcha Gotcha|p1b: Sneasler
|-resisted|p1b: Sneasler
|-damage|p1b: Sneasler|33/100
|-heal|p2a: Sinistcha|98/100|[from] drain|[of] p1b: Sneasler
|
|upkeep
|turn|9
|
|t:|1755570863
|move|p2b: Incineroar|Fake Out|p1b: Sneasler
|-damage|p1b: Sneasler|11/100
|cant|p1b: Sneasler|flinch
|move|p2a: Sinistcha|Matcha Gotcha|p1b: Sneasler
|-resisted|p1b: Sneasler
|-crit|p1b: Sneasler
|-damage|p1b: Sneasler|0 fnt
|-heal|p2a: Sinistcha|100/100|[from] drain|[of] p1b: Sneasler
|faint|p1b: Sneasler
|
|win|twice2129
|raw|jacre22's rating: 1185 → 1163(-22 for losing)
|raw|twice2129's rating: 1222 → 1244(+22 for winning)
|l|☆twice2129
|player|p2|
