|j|☆Sparkles1755
|j|☆ssooner
|html|Sparkles1755ssooner    
|uhtml|bestof|Game 2 of a best-of-3
|t:|1785889683
|gametype|doubles
|player|p1|Sparkles1755|veteran|
|player|p2|ssooner|wallace|
|gen|9
|tier|[Gen 9 Champions] VGC 2026 Reg M-B (Bo3)
|rule|Species Clause: Limit one of each Pokémon
|rule|Item Clause: Limit 1 of each item
|clearpoke
|poke|p1|Gyarados, L50, M|
|poke|p1|Lucario, L50, F|
|poke|p1|Typhlosion-Hisui, L50, M|
|poke|p1|Rotom-Mow, L50|
|poke|p1|Altaria, L50, F|
|poke|p1|Infernape, L50, F|
|poke|p2|Cofagrigus, L50, F|
|poke|p2|Scrafty, L50, M|
|poke|p2|Crabominable, L50, F|
|poke|p2|Palafin, L50, M|
|poke|p2|Tsareena, L50, F|
|poke|p2|Aegislash, L50, F|
|teampreview|4
|showteam|p1|Gyarados||Gyaradosite|Intimidate|Waterfall,Crunch,DragonDance,Protect|Jolly||M|||50|]Lucario||Lucarionite|InnerFocus|CloseCombat,MeteorMash,ExtremeSpeed,Detect|Jolly||F|||50|]Typhlosion-Hisui||ChoiceScarf|Blaze|Eruption,HeatWave,Flamethrower,ShadowBall|Modest||M|||50|]Rotom-Mow||Leftovers|Levitate|LeafStorm,VoltSwitch,WillOWisp,Protect|Timid|||||50|]Altaria||MentalHerb|CloudNine|Tailwind,PerishSong,DracoMeteor,Protect|Bold||F|||50|]Infernape||FocusSash|Blaze|CloseCombat,HeatWave,FakeOut,Coaching|Hasty||F|||50|
|showteam|p2|Cofagrigus||MentalHerb|Mummy|TrickRoom,Protect,WillOWisp,ShadowBall|Sassy||F|||50|]Scrafty||SitrusBerry|Intimidate|Detect,DrainPunch,FakeOut,Taunt|Jolly||M|||50|]Crabominable||Crabominite|IronFist|Crabhammer,IceHammer,Protect,MachPunch|Brave||F|||50|]Palafin||MysticWater|ZerotoHero|CloseCombat,WaveCrash,JetPunch,Protect|Adamant||M|||50|]Tsareena||LifeOrb|QueenlyMajesty|KnockOff,Protect,TripleAxel,TropKick|Adamant||F|||50|]Aegislash||Leftovers|StanceChange|SwordsDance,KingsShield,ShadowSneak,GyroBall|Brave||F|||50|
|inactive|Battle timer is ON: inactive players will automatically lose when time's up. (requested by Sparkles1755)
|inactive|ssooner also wants the timer to be on.
|c|☆Sparkles1755|I didn't really think about trick room when I was building this haha
|inactive|Sparkles1755 has 60 seconds left.
|inactive|ssooner has 60 seconds left.
|c|☆ssooner|yeah my mind went to cofagrious instently
|inactive|Sparkles1755 has 30 seconds left.
|inactive|Sparkles1755 has 20 seconds left.
|inactive|Sparkles1755 has 15 seconds left.
|
|t:|1785889764
|teamsize|p1|4
|teamsize|p2|4
|start
|switch|p1a: Lucario|Lucario, L50, F|100/100
|switch|p1b: Rotom|Rotom-Mow, L50|100/100
|switch|p2a: Palafin|Palafin, L50, M|100/100
|switch|p2b: Cofagrigus|Cofagrigus, L50, F|100/100
|turn|1
|inactive|ssooner has 30 seconds left.
|
|t:|1785889795
|detailschange|p2a: Palafin|Palafin-Hero, L50, M
|switch|p2a: Scrafty|Scrafty, L50, M|100/100
|-ability|p2a: Scrafty|Intimidate|boost
|-fail|p1a: Lucario|unboost|Attack|[from] ability: Inner Focus|[of] p1a: Lucario
|-unboost|p1b: Rotom|atk|1
|detailschange|p1a: Lucario|Lucario-Mega, L50, F
|-mega|p1a: Lucario|Lucario|Lucarionite
|move|p1a: Lucario|Close Combat|p2a: Scrafty
|-supereffective|p2a: Scrafty|1
|-damage|p2a: Scrafty|0 fnt
|-unboost|p1a: Lucario|def|1
|-unboost|p1a: Lucario|spd|1
|faint|p2a: Scrafty
|move|p1b: Rotom|Volt Switch|p2b: Cofagrigus
|-damage|p2b: Cofagrigus|68/100
|
|t:|1785889812
|switch|p1b: Altaria|Altaria, L50, F|100/100|[from] Volt Switch
|-ability|p1b: Altaria|Cloud Nine
|move|p2b: Cofagrigus|Trick Room|p2b: Cofagrigus
|-fieldstart|move: Trick Room|[of] p2b: Cofagrigus
|
|upkeep
|
|t:|1785889823
|switch|p2a: Crabominable|Crabominable, L50, F|100/100
|turn|2
|inactive|Sparkles1755 has 30 seconds left.
|inactive|Sparkles1755 has 20 seconds left.
|inactive|Sparkles1755 has 15 seconds left.
|inactive|Sparkles1755 has 10 seconds left.
|
|t:|1785889870
|detailschange|p2a: Crabominable|Crabominable-Mega, L50, F
|-mega|p2a: Crabominable|Crabominable|Crabominite
|move|p2b: Cofagrigus|Will-O-Wisp|p1a: Lucario
|-status|p1a: Lucario|brn
|move|p2a: Crabominable|Ice Hammer|p1b: Altaria
|-supereffective|p1b: Altaria|2
|-damage|p1b: Altaria|0 fnt
|-unboost|p2a: Crabominable|spe|1
|faint|p1b: Altaria
|move|p1a: Lucario|Close Combat|p2a: Crabominable
|-supereffective|p2a: Crabominable|1
|-damage|p2a: Crabominable|37/100
|-unboost|p1a: Lucario|def|1
|-unboost|p1a: Lucario|spd|1
|
|-damage|p1a: Lucario|93/100 brn|[from] brn
|upkeep
|
|t:|1785889890
|switch|p1b: Typhlosion|Typhlosion-Hisui, L50, M|100/100
|turn|3
|
|t:|1785889913
|move|p2a: Crabominable|Mach Punch|p1a: Lucario
|-supereffective|p1a: Lucario|1
|-damage|p1a: Lucario|0 fnt
|faint|p1a: Lucario
|move|p2b: Cofagrigus|Shadow Ball|p1b: Typhlosion
|-supereffective|p1b: Typhlosion|1
|-damage|p1b: Typhlosion|32/100
|move|p1b: Typhlosion|Heat Wave|p2b: Cofagrigus|[spread] p2a,p2b
|-supereffective|p2a: Crabominable|1
|-damage|p2a: Crabominable|0 fnt
|-damage|p2b: Cofagrigus|14/100
|faint|p2a: Crabominable
|
|upkeep
|
|t:|1785889923
|switch|p2a: Palafin|Palafin-Hero, L50, M|100/100
|switch|p1a: Rotom|Rotom-Mow, L50|100/100
|-activate|p2a: Palafin|ability: Zero to Hero
|turn|4
|
|t:|1785889939
|move|p2a: Palafin|Jet Punch|p1b: Typhlosion
|-supereffective|p1b: Typhlosion|1
|-damage|p1b: Typhlosion|0 fnt
|faint|p1b: Typhlosion
|move|p2b: Cofagrigus|Shadow Ball|p1a: Rotom
|-damage|p1a: Rotom|62/100
|move|p1a: Rotom|Volt Switch|p2b: Cofagrigus
|-damage|p2b: Cofagrigus|0 fnt
|faint|p2b: Cofagrigus
|
|-heal|p1a: Rotom|67/100|[from] item: Leftovers
|upkeep
|turn|5
|
|t:|1785889954
|move|p2a: Palafin|Protect|p2a: Palafin
|-singleturn|p2a: Palafin|Protect
|move|p1a: Rotom|Leaf Storm|p2a: Palafin
|-activate|p2a: Palafin|move: Protect
|
|-heal|p1a: Rotom|73/100|[from] item: Leftovers
|-fieldend|move: Trick Room
|upkeep
|turn|6
|
|t:|1785889970
|move|p1a: Rotom|Protect|p1a: Rotom
|-singleturn|p1a: Rotom|Protect
|move|p2a: Palafin|Jet Punch|p1a: Rotom
|-activate|p1a: Rotom|move: Protect
|
|-heal|p1a: Rotom|78/100|[from] item: Leftovers
|upkeep
|turn|7
|
|t:|1785889980
|move|p2a: Palafin|Jet Punch|p1a: Rotom
|-resisted|p1a: Rotom|1
|-crit|p1a: Rotom
|-damage|p1a: Rotom|33/100
|move|p1a: Rotom|Leaf Storm|p2a: Palafin
|-supereffective|p2a: Palafin|1
|-damage|p2a: Palafin|0 fnt
|-unboost|p1a: Rotom|spa|2
|faint|p2a: Palafin
|
|win|Sparkles1755
