|j|☆tailmyroom
|j|☆The median voter
|html|tailmyroomThe median voter    
|uhtml|bestof|Game 3 of a best-of-3
|t:|1754925988
|gametype|doubles
|player|p1|tailmyroom|scientist-gen4dp|1178
|player|p2|The median voter|scientist-gen4dp|1295
|gen|9
|tier|[Gen 9] VGC 2025 Reg H (Bo3)
|rated|
|rule|Species Clause: Limit one of each Pokémon
|rule|Item Clause: Limit 1 of each item
|clearpoke
|poke|p1|Gholdengo, L50|
|poke|p1|Sneasler, L50, M|
|poke|p1|Rillaboom, L50, M|
|poke|p1|Dragonite, L50, F|
|poke|p1|Ninetales-Alola, L50, M|
|poke|p1|Arcanine-Hisui, L50, M|
|poke|p2|Kommo-o, L50, F|
|poke|p2|Volcarona, L50, F|
|poke|p2|Rillaboom, L50, F|
|poke|p2|Kingambit, L50, F|
|poke|p2|Ninetales-Alola, L50, M|
|poke|p2|Arcanine-Hisui, L50, M|
|teampreview|4
|showteam|p1|Gholdengo||GrassySeed|GoodasGold|NastyPlot,MakeItRain,ShadowBall,Protect||||||50|,,,,,Water]Sneasler||WhiteHerb|Unburden|CloseCombat,DireClaw,Coaching,Protect|||M|||50|,,,,,Ghost]Rillaboom||AssaultVest|GrassySurge|FakeOut,GrassyGlide,DrumBeating,HighHorsepower|||M|||50|,,,,,Fire]Dragonite||LoadedDice|Multiscale|ScaleShot,StompingTantrum,Tailwind,Protect|||F|||50|,,,,,Ground]Ninetales-Alola||FocusSash|SnowWarning|Blizzard,IcyWind,Encore,AuroraVeil|||M|||50|,,,,,Ghost]Arcanine-Hisui||ClearAmulet|Intimidate|RockSlide,FlareBlitz,ExtremeSpeed,Protect|||M|||50|,,,,,Water
|showteam|p2|Kommo-o||GrassySeed|Overcoat|BodyPress,Taunt,Protect,Flamethrower|||F|||50|,,,,,Fire]Volcarona||SitrusBerry|FlameBody|HeatWave,TeraBlast,QuiverDance,Protect|||F|||50|,,,,,Water]Rillaboom||AssaultVest|GrassySurge|FakeOut,GrassyGlide,WoodHammer,HighHorsepower|||F|||50|,,,,,Fire]Kingambit||BlackGlasses|Defiant|KowtowCleave,SuckerPunch,SwordsDance,Protect|||F|||50|,,,,,Dark]Ninetales-Alola||LifeOrb|SnowWarning|Blizzard,Protect,Encore,FreezeDry|||M|||50|,,,,,Ghost]Arcanine-Hisui||FocusSash|RockHead|RockSlide,FlareBlitz,ExtremeSpeed,Protect|||M|||50|,,,,,Ghost
|inactive|Battle timer is ON: inactive players will automatically lose when time's up. (requested by The median voter)
|
|t:|1754926066
|teamsize|p1|4
|teamsize|p2|4
|start
|switch|p1a: Arcanine|Arcanine-Hisui, L50, M|100/100
|switch|p1b: Ninetales|Ninetales-Alola, L50, M|100/100
|switch|p2a: Kingambit|Kingambit, L50, F|100/100
|switch|p2b: Volcarona|Volcarona, L50, F|100/100
|-weather|Snowscape|[from] ability: Snow Warning|[of] p1b: Ninetales
|-ability|p1a: Arcanine|Intimidate|boost
|-unboost|p2a: Kingambit|atk|1
|-ability|p2a: Kingambit|Defiant|boost
|-boost|p2a: Kingambit|atk|2
|-unboost|p2b: Volcarona|atk|1
|turn|1
|
|t:|1754926088
|-terastallize|p2b: Volcarona|Water
|move|p2a: Kingambit|Sucker Punch|p1a: Arcanine
|-damage|p1a: Arcanine|9/100
|move|p1b: Ninetales|Aurora Veil|p1b: Ninetales
|-sidestart|p1: tailmyroom|move: Aurora Veil
|move|p1a: Arcanine|Rock Slide|p2b: Volcarona|[spread] p2a,p2b
|-resisted|p2a: Kingambit
|-damage|p2a: Kingambit|90/100
|-damage|p2b: Volcarona|70/100
|cant|p2b: Volcarona|flinch
|
|-weather|Snowscape|[upkeep]
|upkeep
|turn|2
|
|t:|1754926105
|move|p1a: Arcanine|Extreme Speed|p2b: Volcarona
|-damage|p2b: Volcarona|37/100
|-enditem|p2b: Volcarona|Sitrus Berry|[eat]
|-heal|p2b: Volcarona|62/100|[from] item: Sitrus Berry
|move|p2a: Kingambit|Sucker Punch||[still]
|-fail|p2a: Kingambit
|move|p1b: Ninetales|Encore|p2a: Kingambit
|-start|p2a: Kingambit|Encore
|move|p2b: Volcarona|Quiver Dance|p2b: Volcarona
|-boost|p2b: Volcarona|spa|1
|-boost|p2b: Volcarona|spd|1
|-boost|p2b: Volcarona|spe|1
|
|-weather|Snowscape|[upkeep]
|upkeep
|turn|3
|
|t:|1754926126
|move|p1a: Arcanine|Extreme Speed|p2b: Volcarona
|-damage|p2b: Volcarona|29/100
|move|p2a: Kingambit|Sucker Punch||[still]
|-fail|p2a: Kingambit
|move|p2b: Volcarona|Heat Wave|p1a: Arcanine|[spread] p1a,p1b
|-resisted|p1a: Arcanine
|-supereffective|p1b: Ninetales
|-damage|p1a: Arcanine|0 fnt
|-damage|p1b: Ninetales|15/100
|faint|p1a: Arcanine
|move|p1b: Ninetales|Encore|p2b: Volcarona
|-start|p2b: Volcarona|Encore
|
|-weather|Snowscape|[upkeep]
|upkeep
|inactive|tailmyroom has 30 seconds left.
|
|t:|1754926155
|switch|p1a: Sneasler|Sneasler, L50, M|100/100
|turn|4
|
|t:|1754926162
|switch|p1b: Dragonite|Dragonite, L50, F|100/100
|move|p2a: Kingambit|Sucker Punch|p1a: Sneasler
|-resisted|p1a: Sneasler
|-damage|p1a: Sneasler|67/100
|move|p2b: Volcarona|Heat Wave|p1b: Dragonite|[spread] p1a
|-miss|p2b: Volcarona|p1b: Dragonite
|-damage|p1a: Sneasler|21/100
|move|p1a: Sneasler|Close Combat|p2b: Volcarona
|-damage|p2b: Volcarona|0 fnt
|-unboost|p1a: Sneasler|def|1
|-unboost|p1a: Sneasler|spd|1
|faint|p2b: Volcarona
|-enditem|p1a: Sneasler|White Herb
|-clearnegativeboost|p1a: Sneasler|[silent]
|
|-weather|Snowscape|[upkeep]
|upkeep
|
|t:|1754926175
|switch|p2b: Rillaboom|Rillaboom, L50, F|100/100
|-fieldstart|move: Grassy Terrain|[from] ability: Grassy Surge|[of] p2b: Rillaboom
|turn|5
|
|t:|1754926199
|-terastallize|p1a: Sneasler|Ghost
|move|p1b: Dragonite|Protect|p1b: Dragonite
|-singleturn|p1b: Dragonite|Protect
|move|p2b: Rillaboom|Fake Out|p1b: Dragonite
|-activate|p1b: Dragonite|move: Protect
|move|p2a: Kingambit|Sucker Punch||[still]
|-fail|p2a: Kingambit
|move|p1a: Sneasler|Coaching|p1b: Dragonite
|-boost|p1b: Dragonite|atk|1
|-boost|p1b: Dragonite|def|1
|
|-weather|none
|-heal|p1a: Sneasler|27/100|[from] Grassy Terrain
|-heal|p2a: Kingambit|96/100|[from] Grassy Terrain
|-end|p2a: Kingambit|Encore
|-sideend|p1: tailmyroom|move: Aurora Veil
|upkeep
|turn|6
|inactive|tailmyroom has 30 seconds left.
|
|t:|1754926233
|move|p1a: Sneasler|Protect|p1a: Sneasler
|-singleturn|p1a: Sneasler|Protect
|move|p2b: Rillaboom|Grassy Glide|p1a: Sneasler
|-activate|p1a: Sneasler|move: Protect
|move|p2a: Kingambit|Sucker Punch|p1b: Dragonite
|-damage|p1b: Dragonite|72/100
|move|p1b: Dragonite|Scale Shot|p2b: Rillaboom
|-damage|p2b: Rillaboom|78/100
|-damage|p2b: Rillaboom|57/100
|-damage|p2b: Rillaboom|35/100
|-damage|p2b: Rillaboom|15/100
|-damage|p2b: Rillaboom|0 fnt
|faint|p2b: Rillaboom
|-hitcount|p2: Rillaboom|5
|-unboost|p1b: Dragonite|def|1
|-boost|p1b: Dragonite|spe|1
|
|-heal|p1a: Sneasler|33/100|[from] Grassy Terrain
|-heal|p2a: Kingambit|100/100|[from] Grassy Terrain
|upkeep
|
|t:|1754926236
|switch|p2b: Kommo-o|Kommo-o, L50, F|100/100
|-enditem|p2b: Kommo-o|Grassy Seed
|-boost|p2b: Kommo-o|def|1|[from] item: Grassy Seed
|turn|7
|inactive|tailmyroom has 30 seconds left.
|
|t:|1754926268
|move|p1b: Dragonite|Protect|p1b: Dragonite
|-singleturn|p1b: Dragonite|Protect
|move|p2b: Kommo-o|Protect|p2b: Kommo-o
|-singleturn|p2b: Kommo-o|Protect
|move|p2a: Kingambit|Sucker Punch||[still]
|-fail|p2a: Kingambit
|move|p1a: Sneasler|Coaching|p1b: Dragonite
|-boost|p1b: Dragonite|atk|1
|-boost|p1b: Dragonite|def|1
|
|-heal|p1a: Sneasler|39/100|[from] Grassy Terrain
|upkeep
|turn|8
|
|t:|1754926284
|move|p2a: Kingambit|Sucker Punch|p1a: Sneasler
|-supereffective|p1a: Sneasler
|-damage|p1a: Sneasler|0 fnt
|faint|p1a: Sneasler
|move|p1b: Dragonite|Scale Shot|p2b: Kommo-o
|-supereffective|p2b: Kommo-o
|-damage|p2b: Kommo-o|69/100
|-supereffective|p2b: Kommo-o
|-damage|p2b: Kommo-o|40/100
|-supereffective|p2b: Kommo-o
|-damage|p2b: Kommo-o|8/100
|-supereffective|p2b: Kommo-o
|-damage|p2b: Kommo-o|0 fnt
|faint|p2b: Kommo-o
|-hitcount|p2: Kommo-o|4
|-unboost|p1b: Dragonite|def|1
|-boost|p1b: Dragonite|spe|1
|
|upkeep
|
|t:|1754926294
|switch|p1a: Ninetales|Ninetales-Alola, L50, M|15/100
|-weather|Snowscape|[from] ability: Snow Warning|[of] p1a: Ninetales
|turn|9
|
|t:|1754926310
|move|p1b: Dragonite|Stomping Tantrum|p2a: Kingambit
|-supereffective|p2a: Kingambit
|-damage|p2a: Kingambit|21/100
|move|p1a: Ninetales|Blizzard|p2a: Kingambit
|-resisted|p2a: Kingambit
|-damage|p2a: Kingambit|2/100
|move|p2a: Kingambit|Kowtow Cleave|p1b: Dragonite
|-damage|p1b: Dragonite|0 fnt
|faint|p1b: Dragonite
|
|-weather|Snowscape|[upkeep]
|-heal|p1a: Ninetales|21/100|[from] Grassy Terrain
|-heal|p2a: Kingambit|8/100|[from] Grassy Terrain
|-fieldend|move: Grassy Terrain
|upkeep
|turn|10
|
|t:|1754926322
|move|p1a: Ninetales|Blizzard|p2a: Kingambit
|-resisted|p2a: Kingambit
|-damage|p2a: Kingambit|0 fnt
|faint|p2a: Kingambit
|
|win|tailmyroom
|raw|tailmyroom's rating: 1178 → 1211(+33 for winning)
|raw|The median voter's rating: 1295 → 1262(-33 for losing)
