|j|☆taengerine
|j|☆Sticky55
|html|taengerineSticky55    
|uhtml|bestof|Game 1 of a best-of-3
|t:|1782589577
|gametype|doubles
|player|p1|taengerine|lady|1303
|player|p2|Sticky55|265|1320
|gen|9
|tier|[Gen 9 Champions] VGC 2026 Reg M-B (Bo3)
|rated|
|rule|Species Clause: Limit one of each Pokémon
|rule|Item Clause: Limit 1 of each item
|clearpoke
|poke|p1|Mawile, L50, F|
|poke|p1|Farigiraf, L50, M|
|poke|p1|Sinistcha, L50|
|poke|p1|Garchomp, L50, M|
|poke|p1|Incineroar, L50, M|
|poke|p1|Delphox, L50, M|
|poke|p2|Blaziken, L50, M|
|poke|p2|Sneasler, L50, F|
|poke|p2|Aerodactyl, L50, F|
|poke|p2|Sinistcha, L50|
|poke|p2|Kingambit, L50, F|
|poke|p2|Floette-Eternal, L50, F|
|teampreview|4
|showteam|p1|Mawile||Mawilite|HyperCutter|PlayRough,SwordsDance,SuckerPunch,Protect|Brave||F|||50|]Farigiraf||SitrusBerry|ArmorTail|Psychic,HelpingHand,TrickRoom,Thunderbolt|Quiet||M|||50|]Sinistcha||OccaBerry|Hospitality|MatchaGotcha,RagePowder,LifeDew,Protect|Bold|||||50|]Garchomp||LifeOrb|RoughSkin|StompingTantrum,RockSlide,DragonClaw,Protect|Adamant||M|||50|]Incineroar||PasshoBerry|Intimidate|FlareBlitz,FakeOut,ThroatChop,PartingShot|Careful||M|||50|]Delphox||Delphoxite|Blaze|HeatWave,Psychic,NastyPlot,Protect|Timid||M|||50|
|showteam|p2|Blaziken||LifeOrb|SpeedBoost|FlareBlitz,CloseCombat,Protect,RockSlide|Adamant||M|||50|]Sneasler||WhiteHerb|Unburden|DireClaw,CloseCombat,Protect,FakeOut|Adamant||F|||50|]Aerodactyl||Aerodactylite|Unnerve|IceFang,Tailwind,DualWingbeat,RockSlide|Jolly||F|||50|]Sinistcha||SitrusBerry|Hospitality|MatchaGotcha,Protect,TrickRoom,RagePowder|Bold|||||50|]Kingambit||BlackGlasses|Defiant|Protect,SuckerPunch,KowtowCleave,SwordsDance|Adamant||F|||50|]Floette-Eternal||Floettite|FlowerVeil|DazzlingGleam,Moonblast,Protect,CalmMind|Modest||F|||50|
|inactive|Battle timer is ON: inactive players will automatically lose when time's up. (requested by taengerine)
|inactive|Sticky55 has 60 seconds left.
|inactive|Sticky55 has 30 seconds left.
|inactive|Sticky55 has 20 seconds left.
|inactive|Sticky55 has 15 seconds left.
|inactive|Sticky55 has 10 seconds left.
|inactive|Sticky55 has 5 seconds left.
|
|t:|1782589665
|teamsize|p1|4
|teamsize|p2|4
|start
|switch|p1a: Mawile|Mawile, L50, F|100/100
|switch|p1b: Garchomp|Garchomp, L50, M|100/100
|switch|p2a: Kingambit|Kingambit, L50, F|100/100
|switch|p2b: Sneasler|Sneasler, L50, F|100/100
|turn|1
|inactive|taengerine has 30 seconds left.
|inactive|Sticky55 has 30 seconds left.
|
|t:|1782589699
|detailschange|p1a: Mawile|Mawile-Mega, L50, F
|-mega|p1a: Mawile|Mawile|Mawilite
|move|p1b: Garchomp|Protect|p1b: Garchomp
|-singleturn|p1b: Garchomp|Protect
|move|p2b: Sneasler|Fake Out|p1b: Garchomp
|-activate|p1b: Garchomp|move: Protect
|move|p2a: Kingambit|Swords Dance|p2a: Kingambit
|-boost|p2a: Kingambit|atk|2
|move|p1a: Mawile|Play Rough|p2a: Kingambit
|-damage|p2a: Kingambit|38/100
|
|upkeep
|turn|2
|inactive|Sticky55 has 30 seconds left.
|
|t:|1782589733
|switch|p1a: Farigiraf|Farigiraf, L50, M|100/100
|move|p2a: Kingambit|Sucker Punch||[still]
|cant|p1a: Farigiraf|ability: Armor Tail|Sucker Punch|[of] p2a: Kingambit
|move|p2b: Sneasler|Close Combat|p1b: Garchomp
|-damage|p1b: Garchomp|38/100
|-unboost|p2b: Sneasler|def|1
|-unboost|p2b: Sneasler|spd|1
|-damage|p2b: Sneasler|87/100|[from] ability: Rough Skin|[of] p1b: Garchomp
|-enditem|p2b: Sneasler|White Herb
|-clearnegativeboost|p2b: Sneasler|[silent]
|move|p1b: Garchomp|Stomping Tantrum|p2a: Kingambit
|-supereffective|p2a: Kingambit|1
|-damage|p2a: Kingambit|0 fnt
|faint|p2a: Kingambit
|-damage|p1b: Garchomp|28/100|[from] item: Life Orb
|
|upkeep
|
|t:|1782589749
|switch|p2a: Floette|Floette-Eternal, L50, F|100/100
|turn|3
|
|t:|1782589775
|detailschange|p2a: Floette|Floette-Mega, L50, F
|-mega|p2a: Floette|Floette|Floettite
|-ability|p2a: Floette|Fairy Aura
|move|p2b: Sneasler|Dire Claw|p1a: Farigiraf
|-damage|p1a: Farigiraf|58/100
|move|p2a: Floette|Moonblast|p1a: Farigiraf
|-damage|p1a: Farigiraf|0 fnt
|faint|p1a: Farigiraf
|move|p1b: Garchomp|Stomping Tantrum|p2b: Sneasler
|-supereffective|p2b: Sneasler|1
|-damage|p2b: Sneasler|0 fnt
|faint|p2b: Sneasler
|-damage|p1b: Garchomp|19/100|[from] item: Life Orb
|
|upkeep
|
|t:|1782589788
|switch|p2b: Sinistcha|Sinistcha, L50|100/100
|switch|p1a: Mawile|Mawile-Mega, L50, F|100/100
|turn|4
|
|t:|1782589808
|move|p2a: Floette|Protect|p2a: Floette
|-singleturn|p2a: Floette|Protect
|move|p1b: Garchomp|Protect|p1b: Garchomp
|-singleturn|p1b: Garchomp|Protect
|move|p2b: Sinistcha|Matcha Gotcha|p1b: Garchomp|[spread] p1a
|-activate|p1b: Garchomp|move: Protect
|-resisted|p1a: Mawile|1
|-damage|p1a: Mawile|85/100
|move|p1a: Mawile|Play Rough|p2b: Sinistcha
|-damage|p2b: Sinistcha|11/100
|-enditem|p2b: Sinistcha|Sitrus Berry|[eat]
|-heal|p2b: Sinistcha|36/100|[from] item: Sitrus Berry
|
|upkeep
|turn|5
|inactive|Sticky55 has 30 seconds left.
|
|t:|1782589839
|move|p2a: Floette|Moonblast|p1a: Mawile
|-resisted|p1a: Mawile|1
|-damage|p1a: Mawile|36/100
|move|p1b: Garchomp|Dragon Claw|p2b: Sinistcha
|-damage|p2b: Sinistcha|0 fnt
|faint|p2b: Sinistcha
|-damage|p1b: Garchomp|9/100|[from] item: Life Orb
|move|p1a: Mawile|Play Rough|p2a: Floette
|-damage|p2a: Floette|0 fnt
|faint|p2a: Floette
|
|win|taengerine
||taengerine is ready for game 2.
||Sticky55 is ready for game 2.
|uhtml|next|Next: Game 2 of 3
|l|☆Sticky55
|player|p2|
|j|☆Sticky55
|player|p2|Sticky55|265|
|l|☆Sticky55
|player|p2|
|n|☆taengerine|taengerine
