|j|☆Drilo
|j|☆1#MiraidonHater
|html|Drilo1#MiraidonHater    
|uhtml|bestof|Game 3 of a best-of-3
|t:|1782385766
|gametype|doubles
|player|p1|Drilo|veteran|1040
|player|p2|1#MiraidonHater|volkner|1132
|gen|9
|tier|[Gen 9 Champions] VGC 2026 Reg M-B (Bo3)
|rated|
|rule|Species Clause: Limit one of each Pokémon
|rule|Item Clause: Limit 1 of each item
|clearpoke
|poke|p1|Pyroar, L50, M|
|poke|p1|Whimsicott, L50, M|
|poke|p1|Basculegion, L50, M|
|poke|p1|Farigiraf, L50, M|
|poke|p1|Floette-Eternal, L50, F|
|poke|p1|Ninetales, L50, F, shiny|
|poke|p2|Dragalge, L50, M|
|poke|p2|Floette-Eternal, L50, F|
|poke|p2|Corviknight, L50, F|
|poke|p2|Incineroar, L50, F|
|poke|p2|Hydreigon, L50, F|
|poke|p2|Sinistcha, L50|
|teampreview|4
|showteam|p1|Pyroar||Pyroarite|Unnerve|HeatWave,HyperVoice,ScorchingSands,Protect|Timid||M|||50|]Whimsicott||FocusSash|Prankster|Tailwind,SunnyDay,Protect,Moonblast|Timid||M|||50|]Basculegion||LifeOrb|Adaptability|WaveCrash,AquaJet,LastRespects,Protect|Jolly||M|||50|]Farigiraf||SitrusBerry|ArmorTail|TwinBeam,Thunderbolt,HelpingHand,TrickRoom|Calm||M|||50|]Floette-Eternal||Floettite|FlowerVeil|LightofRuin,Moonblast,DazzlingGleam,Protect|Timid||F|||50|]Ninetales||ChoiceScarf|Drought|FakeTears,HeatWave,SolarBeam,Overheat|Timid||F|||50|
|showteam|p2|Dragalge||Dragalgite|PoisonPoint|Venoshock,DracoMeteor,Toxic,Protect|Bold||M|||50|]Floette-Eternal||Floettite|FlowerVeil|DrainingKiss,DazzlingGleam,CalmMind,Protect|Timid||F|||50|]Corviknight||Leftovers|MirrorArmor|BodyPress,Tailwind,BraveBird,Roost|Impish||F|||50|]Incineroar||ChopleBerry|Intimidate|FlareBlitz,ThroatChop,FakeOut,PartingShot|Impish||F|||50|]Hydreigon||ChoiceScarf|Levitate|DarkPulse,DracoMeteor,EarthPower,Snarl|Modest||F|||50|]Sinistcha||SitrusBerry|Hospitality|MatchaGotcha,RagePowder,LifeDew,TrickRoom|Calm|||||50|
|j| porygon-epilepz
|inactive|Battle timer is ON: inactive players will automatically lose when time's up. (requested by Drilo)
|
|t:|1782385778
|teamsize|p1|4
|teamsize|p2|4
|start
|switch|p1a: Pyroar|Pyroar, L50, M|100/100
|switch|p1b: Whimsicott|Whimsicott, L50, M|100/100
|switch|p2a: Dragalge|Dragalge, L50, M|100/100
|switch|p2b: Hydreigon|Hydreigon, L50, F|100/100
|-ability|p1a: Pyroar|Unnerve
|turn|1
|
|t:|1782385799
|switch|p2b: Incineroar|Incineroar, L50, F|100/100
|-ability|p2b: Incineroar|Intimidate|boost
|-unboost|p1a: Pyroar|atk|1
|-unboost|p1b: Whimsicott|atk|1
|detailschange|p1a: Pyroar|Pyroar-Mega, L50, M
|-mega|p1a: Pyroar|Pyroar|Pyroarite
|detailschange|p2a: Dragalge|Dragalge-Mega, L50, M
|-mega|p2a: Dragalge|Dragalge|Dragalgite
|move|p1a: Pyroar|Protect|p1a: Pyroar
|-singleturn|p1a: Pyroar|Protect
|move|p1b: Whimsicott|Moonblast|p2b: Incineroar
|-damage|p2b: Incineroar|65/100
|move|p2a: Dragalge|Venoshock|p1b: Whimsicott
|-supereffective|p1b: Whimsicott|2
|-enditem|p1b: Whimsicott|Focus Sash
|-damage|p1b: Whimsicott|1/100
|
|upkeep
|turn|2
|inactive|1#MiraidonHater has 30 seconds left.
|
|t:|1782385825
|switch|p1b: Farigiraf|Farigiraf, L50, M|100/100
|move|p2b: Incineroar|Fake Out||[still]
|cant|p1b: Farigiraf|ability: Armor Tail|Fake Out|[of] p2b: Incineroar
|move|p1a: Pyroar|Scorching Sands|p2b: Incineroar
|-supereffective|p2b: Incineroar|1
|-damage|p2b: Incineroar|19/100
|move|p2a: Dragalge|Toxic|p1a: Pyroar
|-status|p1a: Pyroar|tox
|
|-damage|p1a: Pyroar|93/100 tox|[from] psn
|upkeep
|turn|3
|
|t:|1782385838
|move|p1b: Farigiraf|Helping Hand|p1a: Pyroar
|-singleturn|p1a: Pyroar|Helping Hand|[of] p1b: Farigiraf
|move|p1a: Pyroar|Heat Wave|p2a: Dragalge|[spread] p2a,p2b
|-resisted|p2a: Dragalge|1
|-resisted|p2b: Incineroar|1
|-damage|p2a: Dragalge|73/100
|-damage|p2b: Incineroar|0 fnt
|faint|p2b: Incineroar
|move|p2a: Dragalge|Toxic|p1b: Farigiraf
|-status|p1b: Farigiraf|tox
|
|-damage|p1a: Pyroar|81/100 tox|[from] psn
|-damage|p1b: Farigiraf|93/100 tox|[from] psn
|upkeep
|
|t:|1782385849
|switch|p2b: Hydreigon|Hydreigon, L50, F|100/100
|turn|4
|
|t:|1782385871
|switch|p1b: Ninetales|Ninetales, L50, F, shiny|100/100
|-weather|SunnyDay|[from] ability: Drought|[of] p1b: Ninetales
|move|p1a: Pyroar|Protect|p1a: Pyroar
|-singleturn|p1a: Pyroar|Protect
|move|p2b: Hydreigon|Snarl|p1b: Ninetales|[spread] p1b
|-activate|p1a: Pyroar|move: Protect
|-damage|p1b: Ninetales|74/100
|-unboost|p1b: Ninetales|spa|1
|move|p2a: Dragalge|Venoshock|p1a: Pyroar
|-activate|p1a: Pyroar|move: Protect
|
|-weather|SunnyDay|[upkeep]
|-damage|p1a: Pyroar|63/100 tox|[from] psn
|upkeep
|turn|5
|
|t:|1782385887
|move|p2a: Dragalge|Protect|p2a: Dragalge
|-singleturn|p2a: Dragalge|Protect
|move|p1b: Ninetales|Fake Tears|p2b: Hydreigon
|-unboost|p2b: Hydreigon|spd|2
|move|p2b: Hydreigon|Snarl|p1a: Pyroar|[spread] p1a,p1b
|-damage|p1a: Pyroar|37/100 tox
|-damage|p1b: Ninetales|43/100
|-unboost|p1a: Pyroar|spa|1
|-unboost|p1b: Ninetales|spa|1
|move|p1a: Pyroar|Heat Wave|p2a: Dragalge|[spread] p2b
|-activate|p2a: Dragalge|move: Protect
|-resisted|p2b: Hydreigon|1
|-damage|p2b: Hydreigon|36/100
|
|-weather|SunnyDay|[upkeep]
|-damage|p1a: Pyroar|12/100 tox|[from] psn
|upkeep
|turn|6
|
|t:|1782385901
|move|p1b: Ninetales|Fake Tears|p2a: Dragalge
|-unboost|p2a: Dragalge|spd|2
|move|p2b: Hydreigon|Snarl|p1b: Ninetales|[spread] p1a,p1b
|-damage|p1a: Pyroar|0 fnt
|-damage|p1b: Ninetales|13/100
|-unboost|p1b: Ninetales|spa|1
|faint|p1a: Pyroar
|move|p2a: Dragalge|Venoshock|p1b: Ninetales
|-damage|p1b: Ninetales|0 fnt
|faint|p1b: Ninetales
|
|-weather|SunnyDay|[upkeep]
|upkeep
|
|t:|1782385907
|switch|p1a: Farigiraf|Farigiraf, L50, M|93/100 tox
|switch|p1b: Whimsicott|Whimsicott, L50, M|1/100
|turn|7
|
|t:|1782385919
|move|p1b: Whimsicott|Protect|p1b: Whimsicott
|-singleturn|p1b: Whimsicott|Protect
|move|p2b: Hydreigon|Snarl|p1a: Farigiraf|[spread] p1a
|-activate|p1b: Whimsicott|move: Protect
|-supereffective|p1a: Farigiraf|1
|-damage|p1a: Farigiraf|54/100 tox
|-unboost|p1a: Farigiraf|spa|1
|move|p1a: Farigiraf|Thunderbolt|p2b: Hydreigon
|-resisted|p2b: Hydreigon|1
|-damage|p2b: Hydreigon|18/100
|move|p2a: Dragalge|Venoshock|p1a: Farigiraf
|-damage|p1a: Farigiraf|0 fnt
|faint|p1a: Farigiraf
|
|-weather|SunnyDay|[upkeep]
|upkeep
|turn|8
|c|☆Drilo|Gh
|-message|Drilo forfeited.
|
|win|1#MiraidonHater
|raw|Drilo's rating: 1040 → 1028(-12 for losing)
|raw|1#MiraidonHater's rating: 1132 → 1151(+19 for winning)
|l|☆Drilo
|player|p1|
|c|☆1#MiraidonHater|gg
