|j|☆Ho-Nononono
|j|☆cocacolaindahhouse
|html|Ho-Nonononococacolaindahhouse    
|uhtml|bestof|Game 2 of a best-of-3
|t:|1756897587
|gametype|doubles
|player|p1|Ho-Nononono|caitlin-masters|1433
|player|p2|cocacolaindahhouse|170|1525
|gen|9
|tier|[Gen 9] VGC 2025 Reg H (Bo3)
|rated|
|rule|Species Clause: Limit one of each Pokémon
|rule|Item Clause: Limit 1 of each item
|clearpoke
|poke|p1|Archaludon, L50, M|
|poke|p1|Pelipper, L50, F|
|poke|p1|Dragonite, L50, F|
|poke|p1|Ursaluna, L50, F|
|poke|p1|Sinistcha, L50|
|poke|p1|Incineroar, L50, M|
|poke|p2|Ursaluna, L50, M|
|poke|p2|Dragonite, L50, M|
|poke|p2|Archaludon, L50, M|
|poke|p2|Sinistcha, L50|
|poke|p2|Pelipper, L50, M|
|poke|p2|Gholdengo, L50|
|teampreview|4
|showteam|p1|Archaludon||AssaultVest|Stamina|ElectroShot,Snarl,FlashCannon,BodyPress|||M|||50|,,,,,Bug]Pelipper||FocusSash|Drizzle|MuddyWater,Hurricane,Tailwind,Protect|||F|||50|,,,,,Ghost]Dragonite||LoadedDice|Multiscale|ScaleShot,Tailwind,Haze,Protect|||F|||50|,,,,,Steel]Ursaluna||FlameOrb|Guts|Facade,HeadlongRush,Earthquake,Protect|||F|||50|,,,,,Ghost]Sinistcha||SitrusBerry|Hospitality|MatchaGotcha,RagePowder,LifeDew,TrickRoom||||||50|,,,,,Dark]Incineroar||SafetyGoggles|Intimidate|Taunt,KnockOff,PartingShot,FakeOut|||M|||50|,,,,,Ghost
|showteam|p2|Ursaluna||FlameOrb|Guts|Facade,Protect,HeadlongRush,Earthquake|||M|||50|,,,,,Ghost]Dragonite||LoadedDice|Multiscale|ScaleShot,Protect,Haze,Tailwind|||M|||50|,,,,,Fairy]Archaludon||AssaultVest|Stamina|FlashCannon,BodyPress,ElectroShot,Snarl|||M|||50|,,,,,Fighting]Sinistcha||SitrusBerry|Hospitality|LifeDew,MatchaGotcha,TrickRoom,RagePowder||||||50|,,,,,Dark]Pelipper||FocusSash|Drizzle|Hurricane,Tailwind,MuddyWater,Protect|||M|||50|,,,,,Ghost]Gholdengo||ChoiceScarf|GoodasGold|MakeItRain,ShadowBall,Trick,TeraBlast||||||50|,,,,,Water
|inactive|Battle timer is ON: inactive players will automatically lose when time's up. (requested by Ho-Nononono)
|inactive|Ho-Nononono has 60 seconds left.
|inactive|cocacolaindahhouse has 60 seconds left.
|inactive|Ho-Nononono has 30 seconds left.
|inactive|Ho-Nononono has 20 seconds left.
|inactive|Ho-Nononono has 15 seconds left.
|inactive|Ho-Nononono has 10 seconds left.
|inactive|Ho-Nononono has 5 seconds left.
|
|t:|1756897675
|teamsize|p1|4
|teamsize|p2|4
|start
|switch|p1a: Incineroar|Incineroar, L50, M|100/100
|switch|p1b: Dragonite|Dragonite, L50, F|100/100
|switch|p2a: Gholdengo|Gholdengo, L50|100/100
|switch|p2b: Dragonite|Dragonite, L50, M|100/100
|-ability|p1a: Incineroar|Intimidate|boost
|-unboost|p2a: Gholdengo|atk|1
|-unboost|p2b: Dragonite|atk|1
|turn|1
|inactive|cocacolaindahhouse has 30 seconds left.
|inactive|cocacolaindahhouse has 20 seconds left.
|inactive|cocacolaindahhouse has 15 seconds left.
|
|t:|1756897716
|switch|p2a: Archaludon|Archaludon, L50, M|100/100
|move|p1b: Dragonite|Protect|p1b: Dragonite
|-singleturn|p1b: Dragonite|Protect
|move|p2b: Dragonite|Protect|p2b: Dragonite
|-singleturn|p2b: Dragonite|Protect
|move|p1a: Incineroar|Knock Off|p2a: Archaludon
|-damage|p2a: Archaludon|71/100
|-ability|p2a: Archaludon|Stamina|boost
|-boost|p2a: Archaludon|def|1
|-enditem|p2a: Archaludon|Assault Vest|[from] move: Knock Off|[of] p1a: Incineroar
|
|upkeep
|turn|2
|inactive|cocacolaindahhouse has 30 seconds left.
|inactive|cocacolaindahhouse has 20 seconds left.
|inactive|cocacolaindahhouse has 15 seconds left.
|inactive|cocacolaindahhouse has 10 seconds left.
|
|t:|1756897764
|switch|p1a: Archaludon|Archaludon, L50, M|100/100
|-terastallize|p2b: Dragonite|Fairy
|move|p1b: Dragonite|Scale Shot|p1a: Archaludon
|-damage|p1a: Archaludon|89/100
|-ability|p1a: Archaludon|Stamina|boost
|-boost|p1a: Archaludon|def|1
|-damage|p1a: Archaludon|83/100
|-ability|p1a: Archaludon|Stamina|boost
|-boost|p1a: Archaludon|def|1
|-damage|p1a: Archaludon|77/100
|-ability|p1a: Archaludon|Stamina|boost
|-boost|p1a: Archaludon|def|1
|-damage|p1a: Archaludon|72/100
|-ability|p1a: Archaludon|Stamina|boost
|-boost|p1a: Archaludon|def|1
|-damage|p1a: Archaludon|68/100
|-ability|p1a: Archaludon|Stamina|boost
|-boost|p1a: Archaludon|def|1
|-hitcount|p1a: Archaludon|5
|-unboost|p1b: Dragonite|def|1
|-boost|p1b: Dragonite|spe|1
|move|p2b: Dragonite|Scale Shot|p1b: Dragonite
|-supereffective|p1b: Dragonite
|-damage|p1b: Dragonite|84/100
|-supereffective|p1b: Dragonite
|-damage|p1b: Dragonite|47/100
|-supereffective|p1b: Dragonite
|-damage|p1b: Dragonite|11/100
|-supereffective|p1b: Dragonite
|-damage|p1b: Dragonite|0 fnt
|faint|p1b: Dragonite
|-hitcount|p1: Dragonite|4
|-unboost|p2b: Dragonite|def|1
|-boost|p2b: Dragonite|spe|1
|move|p2a: Archaludon|Body Press|p1a: Archaludon
|-supereffective|p1a: Archaludon
|-damage|p1a: Archaludon|52/100
|-ability|p1a: Archaludon|Stamina|boost
|-boost|p1a: Archaludon|def|1
|
|upkeep
|
|t:|1756897770
|switch|p1b: Sinistcha|Sinistcha, L50|100/100
|-heal|p1a: Archaludon|77/100|[from] ability: Hospitality|[of] p1b: Sinistcha
|turn|3
|inactive|cocacolaindahhouse has 30 seconds left.
|inactive|cocacolaindahhouse has 20 seconds left.
|inactive|cocacolaindahhouse has 15 seconds left.
|inactive|cocacolaindahhouse has 10 seconds left.
|inactive|cocacolaindahhouse has 5 seconds left.
|
|t:|1756897820
|switch|p2a: Gholdengo|Gholdengo, L50|100/100
|move|p2b: Dragonite|Haze|p2b: Dragonite
|-clearallboost
|move|p1a: Archaludon|Snarl|p2b: Dragonite|[spread] p2a
|-miss|p1a: Archaludon|p2b: Dragonite
|-supereffective|p2a: Gholdengo
|-damage|p2a: Gholdengo|70/100
|-unboost|p2a: Gholdengo|spa|1
|move|p1b: Sinistcha|Trick Room|p1b: Sinistcha
|-fieldstart|move: Trick Room|[of] p1b: Sinistcha
|
|upkeep
|turn|4
|inactive|cocacolaindahhouse has 30 seconds left.
|inactive|Ho-Nononono has 30 seconds left.
|inactive|cocacolaindahhouse has 20 seconds left.
|inactive|Ho-Nononono has 20 seconds left.
|
|t:|1756897864
|switch|p2b: Sinistcha|Sinistcha, L50|100/100
|-heal|p2a: Gholdengo|94/100|[from] ability: Hospitality|[of] p2b: Sinistcha
|move|p1b: Sinistcha|Matcha Gotcha|p2b: Sinistcha|[spread] p2b
|-miss|p1b: Sinistcha|p2a: Gholdengo
|-resisted|p2b: Sinistcha
|-damage|p2b: Sinistcha|89/100
|move|p1a: Archaludon|Flash Cannon|p2b: Sinistcha
|-damage|p2b: Sinistcha|52/100
|move|p2a: Gholdengo|Trick|p1a: Archaludon
|-activate|p2a: Gholdengo|move: Trick|[of] p1a: Archaludon
|-item|p1a: Archaludon|Choice Scarf|[from] move: Trick
|-item|p2a: Gholdengo|Assault Vest|[from] move: Trick
|
|upkeep
|turn|5
|inactive|cocacolaindahhouse has 30 seconds left.
|inactive|cocacolaindahhouse has 20 seconds left.
|
|t:|1756897903
|switch|p1b: Incineroar|Incineroar, L50, M|100/100
|-ability|p1b: Incineroar|Intimidate|boost
|-unboost|p2a: Gholdengo|atk|1
|-unboost|p2b: Sinistcha|atk|1
|switch|p2a: Archaludon|Archaludon, L50, M|71/100
|move|p2b: Sinistcha|Life Dew|p2b: Sinistcha|[spread] p2a,p2b
|-heal|p2a: Archaludon|96/100
|-heal|p2b: Sinistcha|77/100
|move|p1a: Archaludon|Snarl|p2a: Archaludon|[spread] p2a,p2b
|-supereffective|p2b: Sinistcha
|-damage|p2a: Archaludon|82/100
|-damage|p2b: Sinistcha|50/100
|-unboost|p2a: Archaludon|spa|1
|-unboost|p2b: Sinistcha|spa|1
|-ability|p2a: Archaludon|Stamina|boost
|-boost|p2a: Archaludon|def|1
|-enditem|p2b: Sinistcha|Sitrus Berry|[eat]
|-heal|p2b: Sinistcha|75/100|[from] item: Sitrus Berry
|
|upkeep
|turn|6
|inactive|cocacolaindahhouse has 30 seconds left.
|inactive|cocacolaindahhouse has 20 seconds left.
|inactive|cocacolaindahhouse has 15 seconds left.
|
|t:|1756897945
|switch|p2b: Dragonite|Dragonite, L50, M, tera:Fairy|100/100
|switch|p1a: Sinistcha|Sinistcha, L50|100/100
|-terastallize|p1b: Incineroar|Ghost
|move|p1b: Incineroar|Knock Off|p2b: Dragonite
|-resisted|p2b: Dragonite
|-damage|p2b: Dragonite|89/100
|-enditem|p2b: Dragonite|Loaded Dice|[from] move: Knock Off|[of] p1b: Incineroar
|move|p2a: Archaludon|Body Press|p1b: Incineroar
|-immune|p1b: Incineroar
|
|upkeep
|turn|7
|inactive|Ho-Nononono has 30 seconds left.
|inactive|cocacolaindahhouse has 30 seconds left.
|inactive|Ho-Nononono has 20 seconds left.
|inactive|cocacolaindahhouse has 20 seconds left.
|
|t:|1756897981
|move|p1a: Sinistcha|Rage Powder|p1a: Sinistcha
|-singleturn|p1a: Sinistcha|move: Rage Powder
|move|p1b: Incineroar|Parting Shot|p2a: Archaludon
|-unboost|p2a: Archaludon|atk|1
|-unboost|p2a: Archaludon|spa|1
|
|t:|1756897983
|switch|p1b: Archaludon|Archaludon, L50, M|77/100|[from] Parting Shot
|move|p2a: Archaludon|Snarl|p1a: Sinistcha|[spread] p1a,p1b
|-supereffective|p1a: Sinistcha
|-damage|p1a: Sinistcha|90/100
|-damage|p1b: Archaludon|70/100
|-unboost|p1a: Sinistcha|spa|1
|-unboost|p1b: Archaludon|spa|1
|-ability|p1b: Archaludon|Stamina|boost
|-boost|p1b: Archaludon|def|1
|move|p2b: Dragonite|Scale Shot|p1a: Sinistcha
|-crit|p1a: Sinistcha
|-damage|p1a: Sinistcha|70/100
|-damage|p1a: Sinistcha|57/100
|-damage|p1a: Sinistcha|42/100
|-enditem|p1a: Sinistcha|Sitrus Berry|[eat]
|-heal|p1a: Sinistcha|67/100|[from] item: Sitrus Berry
|-hitcount|p1a: Sinistcha|3
|-unboost|p2b: Dragonite|def|1
|-boost|p2b: Dragonite|spe|1
|
|-fieldend|move: Trick Room
|upkeep
|turn|8
|inactive|cocacolaindahhouse has 30 seconds left.
|inactive|cocacolaindahhouse has 20 seconds left.
|
|t:|1756898024
|switch|p2a: Gholdengo|Gholdengo, L50|94/100
|switch|p1a: Incineroar|Incineroar, L50, M, tera:Ghost|100/100
|-ability|p1a: Incineroar|Intimidate|boost
|-unboost|p2a: Gholdengo|atk|1
|-unboost|p2b: Dragonite|atk|1
|move|p2b: Dragonite|Scale Shot|p1a: Incineroar
|-damage|p1a: Incineroar|91/100
|-damage|p1a: Incineroar|81/100
|-damage|p1a: Incineroar|71/100
|-hitcount|p1a: Incineroar|3
|-unboost|p2b: Dragonite|def|1
|-boost|p2b: Dragonite|spe|1
|move|p1b: Archaludon|Flash Cannon|p2b: Dragonite
|-supereffective|p2b: Dragonite
|-damage|p2b: Dragonite|30/100
|
|upkeep
|turn|9
|
|t:|1756898048
|move|p2b: Dragonite|Scale Shot|p1a: Incineroar
|-damage|p1a: Incineroar|61/100
|-damage|p1a: Incineroar|51/100
|-damage|p1a: Incineroar|41/100
|-hitcount|p1a: Incineroar|3
|-unboost|p2b: Dragonite|def|1
|-boost|p2b: Dragonite|spe|1
|move|p1b: Archaludon|Flash Cannon|p2b: Dragonite
|-supereffective|p2b: Dragonite
|-damage|p2b: Dragonite|0 fnt
|faint|p2b: Dragonite
|move|p2a: Gholdengo|Shadow Ball|p1a: Incineroar
|-supereffective|p1a: Incineroar
|-crit|p1a: Incineroar
|-damage|p1a: Incineroar|0 fnt
|faint|p1a: Incineroar
|
|upkeep
|-message|Ho-Nononono forfeited.
|
|win|cocacolaindahhouse
|raw|Ho-Nononono's rating: 1433 → 1418(-15 for losing)
|raw|cocacolaindahhouse's rating: 1525 → 1540(+15 for winning)
|l|☆Ho-Nononono
|player|p1|
