|j|☆JeanChasuble
|j|☆L9_Shrimp
|html|JeanChasubleL9_Shrimp    
|uhtml|bestof|Game 1 of a best-of-3
|t:|1756482637
|gametype|doubles
|player|p1|JeanChasuble|cheren-gen5bw2|1206
|player|p2|L9_Shrimp|fisherman|1163
|gen|9
|tier|[Gen 9] VGC 2025 Reg H (Bo3)
|rated|
|rule|Species Clause: Limit one of each Pokémon
|rule|Item Clause: Limit 1 of each item
|clearpoke
|poke|p1|Volcarona, L50, M|
|poke|p1|Rillaboom, L50, F|
|poke|p1|Electabuzz, L50, M|
|poke|p1|Sneasler, L50, M|
|poke|p1|Kingambit, L50, M|
|poke|p1|Dragonite, L50, F|
|poke|p2|Rillaboom, L50, M|
|poke|p2|Ursaluna-Bloodmoon, L50, M|
|poke|p2|Magmar, L50, M|
|poke|p2|Gholdengo, L50|
|poke|p2|Dragonite, L50, M|
|poke|p2|Annihilape, L50, F|
|teampreview|4
|showteam|p1|Volcarona||GrassySeed|FlameBody|HeatWave,TeraBlast,QuiverDance,Protect|||M|||50|,,,,,Ground]Rillaboom||AssaultVest|GrassySurge|WoodHammer,GrassyGlide,FakeOut,HighHorsepower|||F|||50|,,,,,Fire]Electabuzz||Eviolite|VitalSpirit|Electroweb,FollowMe,Taunt,Protect|||M|||50|,,,,,Ghost]Sneasler||FocusSash|PoisonTouch|DireClaw,CloseCombat,FakeOut,Coaching|||M|||50|,,,,,Stellar]Kingambit||SafetyGoggles|Defiant|SuckerPunch,KowtowCleave,SwordsDance,Protect|||M|||50|,,,,,Dark]Dragonite||LoadedDice|Multiscale|ScaleShot,ExtremeSpeed,Haze,Protect|||F|||50|,,,,,Normal
|showteam|p2|Rillaboom||MeadowPlate|GrassySurge|WoodHammer,GrassyGlide,FakeOut,HighHorsepower|||M|||50|,,,,,Fire]Ursaluna-Bloodmoon||AssaultVest|MindsEye|HyperVoice,BloodMoon,VacuumWave,EarthPower|||M|||50|,,,,,Fire]Magmar||Eviolite|VitalSpirit|ClearSmog,Protect,FollowMe,HeatWave|||M|||50|,,,,,Ghost]Gholdengo||LifeOrb|GoodasGold|MakeItRain,ShadowBall,Protect,NastyPlot||||||50|,,,,,Water]Dragonite||LoadedDice|Multiscale|ScaleShot,ExtremeSpeed,Tailwind,Protect|||M|||50|,,,,,Fairy]Annihilape||FocusSash|Defiant|CloseCombat,RageFist,Coaching,FinalGambit|||F|||50|,,,,,Grass
|
|t:|1756482694
|teamsize|p1|4
|teamsize|p2|4
|start
|switch|p1a: Volcarona|Volcarona, L50, M|100/100
|switch|p1b: Rillaboom|Rillaboom, L50, F|100/100
|switch|p2a: Annihilape|Annihilape, L50, F|100/100
|switch|p2b: Dragonite|Dragonite, L50, M|100/100
|-fieldstart|move: Grassy Terrain|[from] ability: Grassy Surge|[of] p1b: Rillaboom
|-enditem|p1a: Volcarona|Grassy Seed
|-boost|p1a: Volcarona|def|1|[from] item: Grassy Seed
|turn|1
|inactive|Battle timer is ON: inactive players will automatically lose when time's up. (requested by JeanChasuble)
|inactive|JeanChasuble has 60 seconds left.
|
|t:|1756482745
|switch|p1b: Electabuzz|Electabuzz, L50, M|100/100
|move|p1a: Volcarona|Protect|p1a: Volcarona
|-singleturn|p1a: Volcarona|Protect
|move|p2a: Annihilape|Coaching|p2b: Dragonite
|-boost|p2b: Dragonite|atk|1
|-boost|p2b: Dragonite|def|1
|move|p2b: Dragonite|Tailwind|p2b: Dragonite
|-sidestart|p2: L9_Shrimp|move: Tailwind
|
|upkeep
|turn|2
|
|t:|1756482775
|move|p1b: Electabuzz|Follow Me|p1b: Electabuzz
|-singleturn|p1b: Electabuzz|move: Follow Me
|move|p2a: Annihilape|Final Gambit|p1b: Electabuzz
|-damage|p1b: Electabuzz|0 fnt
|faint|p2a: Annihilape
|faint|p1b: Electabuzz
|move|p2b: Dragonite|Scale Shot|p1a: Volcarona
|-damage|p1a: Volcarona|83/100
|-damage|p1a: Volcarona|67/100
|-damage|p1a: Volcarona|49/100
|-damage|p1a: Volcarona|31/100
|-crit|p1a: Volcarona
|-damage|p1a: Volcarona|0 fnt
|faint|p1a: Volcarona
|-hitcount|p1: Volcarona|5
|-unboost|p2b: Dragonite|def|1
|-boost|p2b: Dragonite|spe|1
|
|upkeep
|
|t:|1756482791
|switch|p2a: Magmar|Magmar, L50, M|100/100
|switch|p1a: Rillaboom|Rillaboom, L50, F|100/100
|switch|p1b: Dragonite|Dragonite, L50, F|100/100
|turn|3
|inactive|JeanChasuble has 30 seconds left.
|
|t:|1756482822
|move|p2b: Dragonite|Protect|p2b: Dragonite
|-singleturn|p2b: Dragonite|Protect
|move|p1a: Rillaboom|Fake Out|p2b: Dragonite
|-activate|p2b: Dragonite|move: Protect
|move|p2a: Magmar|Heat Wave|p1b: Dragonite|[spread] p1a,p1b
|-supereffective|p1a: Rillaboom
|-resisted|p1b: Dragonite
|-damage|p1a: Rillaboom|65/100
|-damage|p1b: Dragonite|94/100
|-status|p1a: Rillaboom|brn
|move|p1b: Dragonite|Haze|p1b: Dragonite
|-clearallboost
|
|-heal|p1a: Rillaboom|71/100 brn|[from] Grassy Terrain
|-damage|p1a: Rillaboom|65/100 brn|[from] brn
|upkeep
|turn|4
|
|t:|1756482834
|-terastallize|p2b: Dragonite|Fairy
|-terastallize|p1b: Dragonite|Normal
|move|p1a: Rillaboom|Grassy Glide|p2b: Dragonite
|-damage|p2b: Dragonite|89/100
|move|p2b: Dragonite|Scale Shot|p1b: Dragonite
|-damage|p1b: Dragonite|78/100
|-damage|p1b: Dragonite|62/100
|-damage|p1b: Dragonite|43/100
|-damage|p1b: Dragonite|26/100
|-hitcount|p1b: Dragonite|4
|-unboost|p2b: Dragonite|def|1
|-boost|p2b: Dragonite|spe|1
|move|p2a: Magmar|Heat Wave|p1b: Dragonite|[spread] p1a,p1b
|-supereffective|p1a: Rillaboom
|-crit|p1a: Rillaboom
|-damage|p1a: Rillaboom|6/100 brn
|-damage|p1b: Dragonite|0 fnt
|faint|p1b: Dragonite
|
|-heal|p2b: Dragonite|95/100|[from] Grassy Terrain
|-heal|p1a: Rillaboom|12/100 brn|[from] Grassy Terrain
|-damage|p1a: Rillaboom|6/100 brn|[from] brn
|-sideend|p2: L9_Shrimp|move: Tailwind
|upkeep
|turn|5
|
|t:|1756482851
|move|p2b: Dragonite|Extreme Speed|p1a: Rillaboom
|-damage|p1a: Rillaboom|0 fnt
|faint|p1a: Rillaboom
|
|win|L9_Shrimp
||JeanChasuble is ready for game 2.
||L9_Shrimp is ready for game 2.
|uhtml|next|Next: Game 2 of 3
|l|☆L9_Shrimp
|player|p2|
