|j|☆Daniw9
|j|☆latios66
|html|Daniw9latios66    
|uhtml|bestof|Game 2 of a best-of-3
|t:|1756330852
|gametype|doubles
|player|p1|Daniw9|2|1148
|player|p2|latios66|265|1092
|gen|9
|tier|[Gen 9] VGC 2025 Reg H (Bo3)
|rated|
|rule|Species Clause: Limit one of each Pokémon
|rule|Item Clause: Limit 1 of each item
|clearpoke
|poke|p1|Garchomp, L50, M|
|poke|p1|Tyranitar, L50, F|
|poke|p1|Delphox, L50, F|
|poke|p1|Indeedee-F, L50, F|
|poke|p1|Gallade, L50, M|
|poke|p1|Whimsicott, L50, M|
|poke|p2|Indeedee, L50, M|
|poke|p2|Drifblim, L50, M|
|poke|p2|Gardevoir, L50, M|
|poke|p2|Kommo-o, L50, M|
|poke|p2|Toxtricity, L50, M|
|poke|p2|Hydreigon, L50, M|
|teampreview|4
|showteam|p1|Garchomp||LifeOrb|RoughSkin|Earthquake,StompingTantrum,Protect,DragonClaw|||M|||50|,,,,,Steel]Tyranitar||AssaultVest|SandStream|RockSlide,TeraBlast,KnockOff,LowKick|||F|||50|,,,,,Flying]Delphox||PsychicSeed|Magician|ExpandingForce,HeatWave,TeraBlast,Protect|||F|||50|,,,,,Fairy]Indeedee-F||SafetyGoggles|PsychicSurge|DazzlingGleam,TrickRoom,FollowMe,HelpingHand|||F|||50|,,,,,Water]Gallade||ClearAmulet|Sharpness|SacredSword,PsychoCut,TrickRoom,Protect|||M|||50|,,,,,Grass]Whimsicott||CovertCloak|Prankster|Moonblast,Tailwind,Encore,Protect|||M|||50|,,,,,Ghost
|showteam|p2|Indeedee||FocusSash|PsychicSurge|ExpandingForce,TeraBlast,Imprison,TrickRoom|||M|||50|,,,,,Ground]Drifblim||PsychicSeed|Unburden|ShadowBall,WillOWisp,StrengthSap,Tailwind|||M|||50|,,,,,Grass]Gardevoir||ChoiceScarf|Telepathy|Moonblast,DazzlingGleam,ExpandingForce,Trick|||M|||50|,,,,,Psychic]Kommo-o||Leftovers|Soundproof|BodyPress,Flamethrower,IronDefense,Protect|||M|||50|,,,,,Fire]Toxtricity||ChoiceSpecs|PunkRock|Overdrive,SludgeBomb,Boomburst,VoltSwitch|||M|||50|,,,,,Normal]Hydreigon||AssaultVest|Levitate|DarkPulse,DracoMeteor,EarthPower,Snarl|||M|||50|,,,,,Ghost
|
|t:|1756330875
|teamsize|p1|4
|teamsize|p2|4
|start
|switch|p1a: Indeedee|Indeedee-F, L50, F|100/100
|switch|p1b: Gallade|Gallade, L50, M|100/100
|switch|p2a: Gardevoir|Gardevoir, L50, M|100/100
|switch|p2b: Drifblim|Drifblim, L50, M|100/100
|-fieldstart|move: Psychic Terrain|[from] ability: Psychic Surge|[of] p1a: Indeedee
|-enditem|p2b: Drifblim|Psychic Seed
|-boost|p2b: Drifblim|spd|1|[from] item: Psychic Seed
|turn|1
|
|t:|1756330893
|-terastallize|p1b: Gallade|Grass
|move|p1a: Indeedee|Follow Me|p1a: Indeedee
|-singleturn|p1a: Indeedee|move: Follow Me
|move|p2b: Drifblim|Tailwind|p2b: Drifblim
|-sidestart|p2: latios66|move: Tailwind
|move|p2a: Gardevoir|Dazzling Gleam|p1a: Indeedee|[spread] p1a,p1b
|-damage|p1a: Indeedee|72/100
|-damage|p1b: Gallade|74/100
|move|p1b: Gallade|Trick Room|p1b: Gallade
|-fieldstart|move: Trick Room|[of] p1b: Gallade
|
|upkeep
|turn|2
|
|t:|1756330911
|switch|p1a: Delphox|Delphox, L50, F|100/100
|-enditem|p1a: Delphox|Psychic Seed
|-boost|p1a: Delphox|spd|1|[from] item: Psychic Seed
|move|p1b: Gallade|Psycho Cut|p2b: Drifblim
|-damage|p2b: Drifblim|12/100
|move|p2a: Gardevoir|Dazzling Gleam|p1b: Gallade|[spread] p1a,p1b
|-resisted|p1a: Delphox
|-damage|p1a: Delphox|89/100
|-damage|p1b: Gallade|46/100
|move|p2b: Drifblim|Will-O-Wisp|p1b: Gallade
|-status|p1b: Gallade|brn
|
|-damage|p1b: Gallade|40/100 brn|[from] brn
|upkeep
|turn|3
|
|t:|1756330932
|switch|p2b: Hydreigon|Hydreigon, L50, M|100/100
|move|p1b: Gallade|Psycho Cut|p2a: Gardevoir
|-resisted|p2a: Gardevoir
|-crit|p2a: Gardevoir
|-damage|p2a: Gardevoir|49/100
|move|p1a: Delphox|Expanding Force|p2a: Gardevoir|[spread] p2a
|-immune|p2b: Hydreigon
|-resisted|p2a: Gardevoir
|-damage|p2a: Gardevoir|18/100
|-item|p1a: Delphox|Choice Scarf|[from] ability: Magician|[of] p2a: Gardevoir
|move|p2a: Gardevoir|Dazzling Gleam|p1a: Delphox|[spread] p1a,p1b
|-resisted|p1a: Delphox
|-damage|p1a: Delphox|76/100
|-damage|p1b: Gallade|9/100 brn
|
|-damage|p1b: Gallade|3/100 brn|[from] brn
|upkeep
|turn|4
|
|t:|1756330957
|-terastallize|p2b: Hydreigon|Ghost
|move|p1b: Gallade|Sacred Sword|p2b: Hydreigon
|-immune|p2b: Hydreigon
|move|p1a: Delphox|Expanding Force|p2b: Hydreigon|[spread] p2a,p2b
|-resisted|p2a: Gardevoir
|-damage|p2a: Gardevoir|0 fnt
|-damage|p2b: Hydreigon|63/100
|faint|p2a: Gardevoir
|move|p2b: Hydreigon|Snarl|p1a: Delphox|[spread] p1a,p1b
|-supereffective|p1a: Delphox
|-damage|p1a: Delphox|46/100
|-damage|p1b: Gallade|0 fnt
|-unboost|p1a: Delphox|spa|1
|faint|p1b: Gallade
|
|-sideend|p2: latios66|move: Tailwind
|upkeep
|
|t:|1756330975
|switch|p1b: Tyranitar|Tyranitar, L50, F|100/100
|switch|p2a: Kommo-o|Kommo-o, L50, M|100/100
|-weather|Sandstorm|[from] ability: Sand Stream|[of] p1b: Tyranitar
|turn|5
|
|t:|1756330993
|switch|p1a: Indeedee|Indeedee-F, L50, F|72/100
|move|p1b: Tyranitar|Knock Off|p2b: Hydreigon
|-supereffective|p2b: Hydreigon
|-damage|p2b: Hydreigon|0 fnt
|-enditem|p2b: Hydreigon|Assault Vest|[from] move: Knock Off|[of] p1b: Tyranitar
|faint|p2b: Hydreigon
|move|p2a: Kommo-o|Body Press|p1b: Tyranitar
|-supereffective|p1b: Tyranitar
|-damage|p1b: Tyranitar|0 fnt
|faint|p1b: Tyranitar
|
|-weather|Sandstorm|[upkeep]
|-damage|p2a: Kommo-o|94/100|[from] Sandstorm
|-heal|p2a: Kommo-o|100/100|[from] item: Leftovers
|-fieldend|move: Trick Room
|-fieldend|move: Psychic Terrain
|upkeep
|
|t:|1756331005
|switch|p2b: Drifblim|Drifblim, L50, M|12/100
|switch|p1b: Delphox|Delphox, L50, F|46/100
|turn|6
|
|t:|1756331017
|move|p1a: Indeedee|Follow Me|p1a: Indeedee
|-singleturn|p1a: Indeedee|move: Follow Me
|move|p1b: Delphox|Expanding Force|p2b: Drifblim
|-damage|p2b: Drifblim|0 fnt
|faint|p2b: Drifblim
|move|p2a: Kommo-o|Body Press|p1a: Indeedee
|-damage|p1a: Indeedee|30/100
|
|-weather|Sandstorm|[upkeep]
|-damage|p1b: Delphox|40/100|[from] Sandstorm
|-damage|p2a: Kommo-o|94/100|[from] Sandstorm
|-heal|p2a: Kommo-o|100/100|[from] item: Leftovers
|upkeep
|turn|7
|
|t:|1756331026
|move|p1a: Indeedee|Helping Hand|p1b: Delphox
|-singleturn|p1b: Delphox|Helping Hand|[of] p1a: Indeedee
|move|p2a: Kommo-o|Protect|p2a: Kommo-o
|-singleturn|p2a: Kommo-o|Protect
|move|p1b: Delphox|Expanding Force|p2a: Kommo-o
|-activate|p2a: Kommo-o|move: Protect
|
|-weather|Sandstorm|[upkeep]
|-damage|p1b: Delphox|35/100|[from] Sandstorm
|-damage|p2a: Kommo-o|94/100|[from] Sandstorm
|-heal|p2a: Kommo-o|100/100|[from] item: Leftovers
|upkeep
|turn|8
|
|t:|1756331040
|move|p1a: Indeedee|Helping Hand|p1b: Delphox
|-singleturn|p1b: Delphox|Helping Hand|[of] p1a: Indeedee
|move|p1b: Delphox|Expanding Force|p2a: Kommo-o
|-supereffective|p2a: Kommo-o
|-damage|p2a: Kommo-o|0 fnt
|faint|p2a: Kommo-o
|
|win|Daniw9
|raw|Daniw9's rating: 1148 → 1169(+21 for winning)
|raw|latios66's rating: 1092 → 1072(-20 for losing)
