|j|☆Infernape314
|j|☆tedidn
|html|Infernape314tedidn    
|uhtml|bestof|Game 2 of a best-of-3
|t:|1782630236
|gametype|doubles
|player|p1|Infernape314|thorton|1311
|player|p2|tedidn|marshal|1348
|gen|9
|tier|[Gen 9 Champions] VGC 2026 Reg M-B (Bo3)
|rated|
|rule|Species Clause: Limit one of each Pokémon
|rule|Item Clause: Limit 1 of each item
|clearpoke
|poke|p1|Archaludon, L50, M|
|poke|p1|Swampert, L50, M|
|poke|p1|Pelipper, L50, F|
|poke|p1|Dragapult, L50, M|
|poke|p1|Scizor, L50, M|
|poke|p1|Heliolisk, L50, F|
|poke|p2|Froslass, L50, F|
|poke|p2|Scovillain, L50, F, shiny|
|poke|p2|Basculegion, L50, M|
|poke|p2|Kingambit, L50, F|
|poke|p2|Sneasler, L50, M|
|poke|p2|Lycanroc-Dusk, L50, F, shiny|
|teampreview|4
|showteam|p1|Archaludon||Leftovers|Stamina|DragonPulse,ElectroShot,FlashCannon,Protect|Modest||M|||50|]Swampert||Swampertite|Torrent|WaveCrash,HighHorsepower,IcePunch,Protect|Adamant||M|||50|]Pelipper||SitrusBerry|Drizzle|WeatherBall,Hurricane,WideGuard,Protect|Bold||F|||50|]Dragapult||FocusSash|ClearBody|DracoMeteor,ShadowBall,WillOWisp,Protect|Timid||M|||50|]Scizor||Scizorite|Technician|BulletPunch,CloseCombat,Protect,BugBite|Adamant||M|||50|]Heliolisk||ChoiceScarf|DrySkin|Thunderbolt,Electroweb,VoltSwitch,DarkPulse|Modest||F|||50|
|showteam|p2|Froslass||Froslassite|CursedBody|Blizzard,ShadowBall,AuroraVeil,Protect|Modest||F|||50|]Scovillain||Scovillainite|Moody|GigaDrain,Overheat,RagePowder,Protect|Bold||F|||50|]Basculegion||SitrusBerry|Adaptability|WaveCrash,LastRespects,AquaJet,Protect|Adamant||M|||50|]Kingambit||BlackGlasses|Defiant|KowtowCleave,SuckerPunch,SwordsDance,Protect|Adamant||F|||50|]Sneasler||WhiteHerb|Unburden|CloseCombat,GunkShot,Protect,FakeOut|Adamant||M|||50|]Lycanroc-Dusk||FocusSash|ToughClaws|CloseCombat,Accelerock,RockSlide,Protect|Adamant||F|||50|
|inactive|Battle timer is ON: inactive players will automatically lose when time's up. (requested by Infernape314)
|inactive|tedidn also wants the timer to be on.
|inactive|Infernape314 has 60 seconds left.
|inactive|tedidn has 60 seconds left.
|
|t:|1782630276
|teamsize|p1|4
|teamsize|p2|4
|start
|switch|p1a: Pelipper|Pelipper, L50, F|100/100
|switch|p1b: Dragapult|Dragapult, L50, M|100/100
|switch|p2a: Scovillain|Scovillain, L50, F, shiny|100/100
|switch|p2b: Kingambit|Kingambit, L50, F|100/100
|-weather|RainDance|[from] ability: Drizzle|[of] p1a: Pelipper
|turn|1
|inactive|Infernape314 has 30 seconds left.
|
|t:|1782630302
|move|p1b: Dragapult|Protect|p1b: Dragapult
|-singleturn|p1b: Dragapult|Protect
|move|p2a: Scovillain|Rage Powder|p2a: Scovillain
|-singleturn|p2a: Scovillain|move: Rage Powder
|move|p1a: Pelipper|Hurricane|p2a: Scovillain
|-supereffective|p2a: Scovillain|1
|-damage|p2a: Scovillain|0 fnt
|faint|p2a: Scovillain
|move|p2b: Kingambit|Kowtow Cleave|p1b: Dragapult
|-activate|p1b: Dragapult|move: Protect
|
|-weather|RainDance|[upkeep]
|upkeep
|
|t:|1782630305
|switch|p2a: Froslass|Froslass, L50, F|100/100
|turn|2
|
|t:|1782630329
|switch|p1a: Scizor|Scizor, L50, M|100/100
|switch|p2b: Basculegion|Basculegion, L50, M|100/100
|detailschange|p2a: Froslass|Froslass-Mega, L50, F
|-mega|p2a: Froslass|Froslass|Froslassite
|-weather|Snowscape|[from] ability: Snow Warning|[of] p2a: Froslass
|move|p1b: Dragapult|Shadow Ball|p2a: Froslass
|-supereffective|p2a: Froslass|1
|-damage|p2a: Froslass|25/100
|move|p2a: Froslass|Blizzard|p1a: Scizor|[spread] p1a,p1b
|-resisted|p1a: Scizor|1
|-supereffective|p1b: Dragapult|1
|-damage|p1a: Scizor|74/100
|-enditem|p1b: Dragapult|Focus Sash
|-damage|p1b: Dragapult|1/100
|
|-weather|Snowscape|[upkeep]
|upkeep
|turn|3
|inactive|Infernape314 has 30 seconds left.
|
|t:|1782630360
|switch|p2a: Kingambit|Kingambit, L50, F|100/100
|move|p1b: Dragapult|Protect|p1b: Dragapult
|-singleturn|p1b: Dragapult|Protect
|move|p1a: Scizor|Bullet Punch|p2a: Kingambit
|-resisted|p2a: Kingambit|1
|-damage|p2a: Kingambit|87/100
|move|p2b: Basculegion|Wave Crash|p1a: Scizor
|-damage|p1a: Scizor|2/100
|-damage|p2b: Basculegion|80/100|[from] Recoil
|
|-weather|Snowscape|[upkeep]
|upkeep
|turn|4
|
|t:|1782630375
|switch|p1a: Pelipper|Pelipper, L50, F|100/100
|-weather|RainDance|[from] ability: Drizzle|[of] p1a: Pelipper
|move|p2a: Kingambit|Protect|p2a: Kingambit
|-singleturn|p2a: Kingambit|Protect
|move|p2b: Basculegion|Aqua Jet|p1b: Dragapult
|-resisted|p1b: Dragapult|1
|-damage|p1b: Dragapult|0 fnt
|faint|p1b: Dragapult
|
|-weather|RainDance|[upkeep]
|upkeep
|
|t:|1782630384
|switch|p1b: Swampert|Swampert, L50, M|100/100
|turn|5
|
|t:|1782630406
|detailschange|p1b: Swampert|Swampert-Mega, L50, M
|-mega|p1b: Swampert|Swampert|Swampertite
|move|p2a: Kingambit|Sucker Punch|p1b: Swampert
|-damage|p1b: Swampert|54/100
|move|p1b: Swampert|High Horsepower|p2b: Basculegion
|-damage|p2b: Basculegion|21/100
|-enditem|p2b: Basculegion|Sitrus Berry|[eat]
|-heal|p2b: Basculegion|46/100|[from] item: Sitrus Berry
|move|p2b: Basculegion|Last Respects|p1b: Swampert
|-damage|p1b: Swampert|0 fnt
|faint|p1b: Swampert
|move|p1a: Pelipper|Weather Ball|p2a: Kingambit
|-damage|p2a: Kingambit|25/100
|
|-weather|RainDance|[upkeep]
|upkeep
|-message|Infernape314 forfeited.
|
|win|tedidn
