|j|☆Ethan's Bleakmiss
|j|☆Wixums
|html|Ethan's BleakmissWixums    
|uhtml|bestof|Game 2 of a best-of-3
|t:|1784734650
|gametype|doubles
|player|p1|Ethan's Bleakmiss|unknown|1085
|player|p2|Wixums|wicke|1056
|gen|9
|tier|[Gen 9 Champions] VGC 2026 Reg M-B (Bo3)
|rated|
|rule|Species Clause: Limit one of each Pokémon
|rule|Item Clause: Limit 1 of each item
|clearpoke
|poke|p1|Blaziken, L50, F|
|poke|p1|Ninetales-Alola, L50, M|
|poke|p1|Kingambit, L50, F|
|poke|p1|Lycanroc-Dusk, L50, M, shiny|
|poke|p1|Venusaur, L50, F, shiny|
|poke|p1|Clefable, L50, M, shiny|
|poke|p2|Metagross, L50, shiny|
|poke|p2|Hydreigon, L50, M, shiny|
|poke|p2|Talonflame, L50, F, shiny|
|poke|p2|Ninetales-Alola, L50, F, shiny|
|poke|p2|Kingambit, L50, M|
|poke|p2|Sneasler, L50, M, shiny|
|teampreview|4
|showteam|p1|Blaziken||Blazikenite|SpeedBoost|CloseCombat,FlareBlitz,StoneEdge,Detect|Adamant||F|||50|]Ninetales-Alola||NeverMeltIce|SnowWarning|Blizzard,FreezeDry,Encore,Protect|Timid||M|||50|]Kingambit||LifeOrb|Defiant|SuckerPunch,KowtowCleave,IronHead,Protect|Adamant||F|||50|]Lycanroc-Dusk||FocusSash|ToughClaws|Accelerock,SwordsDance,Protect,RockSlide|Jolly||M|||50|]Venusaur||Venusaurite|Chlorophyll|SleepPowder,EnergyBall,SludgeBomb,Protect|Modest||F|||50|]Clefable||SitrusBerry|MagicGuard|Protect,FollowMe,HelpingHand,Moonblast|Bold||M|||50|
|showteam|p2|Metagross||Metagrossite|ClearBody|IronHead,PsychicFangs,IcePunch,Protect|Jolly|||||50|]Hydreigon||LifeOrb|Levitate|DracoMeteor,DarkPulse,Flamethrower,Protect|Modest||M|||50|]Talonflame||SharpBeak|GaleWings|FlareBlitz,DualWingbeat,Tailwind,Protect|Jolly||F|||50|]Ninetales-Alola||ChoiceScarf|SnowWarning|Blizzard,FreezeDry,IcyWind,Moonblast|Timid||F|||50|]Kingambit||BlackBelt|Defiant|KowtowCleave,SuckerPunch,SwordsDance,Protect|Adamant||M|||50|]Sneasler||WhiteHerb|Unburden|FakeOut,DireClaw,CloseCombat,Protect|Jolly||M|||50|
|inactive|Battle timer is ON: inactive players will automatically lose when time's up. (requested by Ethan's Bleakmiss)
|inactive|Wixums has 60 seconds left.
|
|t:|1784734682
|teamsize|p1|4
|teamsize|p2|4
|start
|switch|p1a: Lycanroc|Lycanroc-Dusk, L50, M, shiny|100/100
|switch|p1b: Kingambit|Kingambit, L50, F|100/100
|switch|p2a: Metagross|Metagross, L50, shiny|100/100
|switch|p2b: Talonflame|Talonflame, L50, F, shiny|100/100
|turn|1
|
|t:|1784734702
|switch|p2b: Sneasler|Sneasler, L50, M, shiny|100/100
|detailschange|p2a: Metagross|Metagross-Mega, L50, shiny
|-mega|p2a: Metagross|Metagross|Metagrossite
|move|p1a: Lycanroc|Accelerock|p2b: Sneasler
|-resisted|p2b: Sneasler|1
|-damage|p2b: Sneasler|77/100
|move|p2a: Metagross|Iron Head|p1a: Lycanroc
|-supereffective|p1a: Lycanroc|1
|-enditem|p1a: Lycanroc|Focus Sash
|-damage|p1a: Lycanroc|1/100
|move|p1b: Kingambit|Kowtow Cleave|p2a: Metagross
|-supereffective|p2a: Metagross|1
|-damage|p2a: Metagross|0 fnt
|faint|p2a: Metagross
|-damage|p1b: Kingambit|90/100|[from] item: Life Orb
|
|upkeep
|
|t:|1784734718
|switch|p2a: Talonflame|Talonflame, L50, F, shiny|100/100
|turn|2
|
|t:|1784734730
|move|p1a: Lycanroc|Protect|p1a: Lycanroc
|-singleturn|p1a: Lycanroc|Protect
|move|p2a: Talonflame|Dual Wingbeat|p1a: Lycanroc
|-activate|p1a: Lycanroc|move: Protect
|move|p2b: Sneasler|Close Combat|p1b: Kingambit
|-supereffective|p1b: Kingambit|2
|-damage|p1b: Kingambit|0 fnt
|-unboost|p2b: Sneasler|def|1
|-unboost|p2b: Sneasler|spd|1
|faint|p1b: Kingambit
|-enditem|p2b: Sneasler|White Herb
|-clearnegativeboost|p2b: Sneasler|[silent]
|
|upkeep
|
|t:|1784734747
|switch|p1b: Blaziken|Blaziken, L50, F|100/100
|turn|3
|
|t:|1784734758
|move|p1b: Blaziken|Detect|p1b: Blaziken
|-singleturn|p1b: Blaziken|Protect
|move|p2a: Talonflame|Dual Wingbeat|p1a: Lycanroc
|-resisted|p1a: Lycanroc|1
|-damage|p1a: Lycanroc|0 fnt
|faint|p1a: Lycanroc
|-hitcount|p1: Lycanroc|1
|move|p2b: Sneasler|Dire Claw|p1b: Blaziken
|-activate|p1b: Blaziken|move: Protect
|
|-ability|p1b: Blaziken|Speed Boost|boost
|-boost|p1b: Blaziken|spe|1
|upkeep
|
|t:|1784734768
|switch|p1a: Venusaur|Venusaur, L50, F, shiny|100/100
|turn|4
|
|t:|1784734783
|detailschange|p1b: Blaziken|Blaziken-Mega, L50, F
|-mega|p1b: Blaziken|Blaziken|Blazikenite
|move|p1b: Blaziken|Detect|p1b: Blaziken
|-singleturn|p1b: Blaziken|Protect
|move|p2a: Talonflame|Dual Wingbeat|p1b: Blaziken
|-activate|p1b: Blaziken|move: Protect
|move|p2b: Sneasler|Dire Claw|p1a: Venusaur
|-damage|p1a: Venusaur|47/100
|-status|p1a: Venusaur|slp
|cant|p1a: Venusaur|slp
|
|-ability|p1b: Blaziken|Speed Boost|boost
|-boost|p1b: Blaziken|spe|1
|upkeep
|turn|5
|
|t:|1784734804
|move|p2a: Talonflame|Dual Wingbeat|p1b: Blaziken
|-supereffective|p1b: Blaziken|1
|-damage|p1b: Blaziken|42/100
|-supereffective|p1b: Blaziken|1
|-damage|p1b: Blaziken|0 fnt
|faint|p1b: Blaziken
|-hitcount|p1: Blaziken|2
|move|p2b: Sneasler|Dire Claw|p1a: Venusaur
|-damage|p1a: Venusaur|0 fnt
|-fail|p1a: Venusaur|slp
|faint|p1a: Venusaur
|
|win|Wixums
|raw|Ethan's Bleakmiss's rating: 1085 → 1060(-25 for losing)
|raw|Wixums's rating: 1056 → 1090(+34 for winning)
