|j|☆TetheredAvian74
|j|☆SuprEpcGuy
|html|TetheredAvian74SuprEpcGuy    
|uhtml|bestof|Game 3 of a best-of-3
|t:|1784086161
|gametype|doubles
|player|p1|TetheredAvian74|265|1112
|player|p2|SuprEpcGuy|shauntal|1172
|gen|9
|tier|[Gen 9 Champions] VGC 2026 Reg M-B (Bo3)
|rated|
|rule|Species Clause: Limit one of each Pokémon
|rule|Item Clause: Limit 1 of each item
|clearpoke
|poke|p1|Pelipper, L50, M|
|poke|p1|Grimmsnarl, L50, M|
|poke|p1|Sinistcha, L50|
|poke|p1|Blastoise, L50, M|
|poke|p1|Archaludon, L50, M|
|poke|p1|Raichu, L50, F|
|poke|p2|Zoroark-Hisui, L50, F|
|poke|p2|Aerodactyl, L50, M|
|poke|p2|Kingambit, L50, F, shiny|
|poke|p2|Basculegion, L50, M|
|poke|p2|Incineroar, L50, M|
|poke|p2|Goodra-Hisui, L50, F|
|teampreview|4
|showteam|p1|Pelipper||DampRock|Drizzle|Tailwind,Uturn,Hurricane,WeatherBall|Modest||M|||50|]Grimmsnarl||LightClay|Prankster|Reflect,LightScreen,PartingShot,SuckerPunch|Impish||M|||50|]Sinistcha||SitrusBerry|Hospitality|RagePowder,LifeDew,MatchaGotcha,StrengthSap|Calm|||||50|]Blastoise||Blastoisinite|RainDish|ShellSmash,WaterSpout,IcyWind,Protect|Modest||M|||50|]Archaludon||Leftovers|Stamina|ElectroShot,DragonPulse,FlashCannon,Protect|Calm||M|||50|]Raichu||RaichuniteX|LightningRod|FakeOut,VoltTackle,VoltSwitch,BrickBreak|Jolly||F|||50|
|showteam|p2|Zoroark-Hisui||FocusSash|Illusion|ShadowBall,WillOWisp,Taunt,Protect|Timid||F|||50|]Aerodactyl||Aerodactylite|RockHead|RockSlide,DualWingbeat,Tailwind,Protect|Jolly||M|||50|]Kingambit||ChopleBerry|Defiant|SuckerPunch,KowtowCleave,LowKick,Protect|Adamant||F|||50|]Basculegion||MysticWater|Adaptability|AquaJet,Liquidation,LastRespects,Protect|Adamant||M|||50|]Incineroar||SitrusBerry|Intimidate|FlareBlitz,ThroatChop,PartingShot,FakeOut|Careful||M|||50|]Goodra-Hisui||Leftovers|ShellArmor|DracoMeteor,BodyPress,Shelter,Protect|Bold||F|||50|
|inactive|Battle timer is ON: inactive players will automatically lose when time's up. (requested by TetheredAvian74)
|inactive|SuprEpcGuy also wants the timer to be on.
|inactive|SuprEpcGuy has 60 seconds left.
|
|t:|1784086198
|teamsize|p1|4
|teamsize|p2|4
|start
|switch|p1a: Pelipper|Pelipper, L50, M|100/100
|switch|p1b: Grimmsnarl|Grimmsnarl, L50, M|100/100
|switch|p2a: Freight|Aerodactyl, L50, M|100/100
|switch|p2b: Reverence|Basculegion, L50, M|100/100
|-weather|RainDance|[from] ability: Drizzle|[of] p1a: Pelipper
|turn|1
|
|t:|1784086210
|detailschange|p2a: Freight|Aerodactyl-Mega, L50, M
|-mega|p2a: Freight|Aerodactyl|Aerodactylite
|move|p1b: Grimmsnarl|Reflect|p1b: Grimmsnarl
|-sidestart|p1: TetheredAvian74|Reflect
|move|p2a: Freight|Rock Slide|p1b: Grimmsnarl|[spread] p1a
|-miss|p2a: Freight|p1b: Grimmsnarl
|-supereffective|p1a: Pelipper|1
|-damage|p1a: Pelipper|56/100
|move|p2b: Reverence|Liquidation|p1b: Grimmsnarl
|-damage|p1b: Grimmsnarl|33/100
|move|p1a: Pelipper|Tailwind|p1a: Pelipper
|-sidestart|p1: TetheredAvian74|move: Tailwind
|
|-weather|RainDance|[upkeep]
|upkeep
|turn|2
|inactive|SuprEpcGuy has 30 seconds left.
|
|t:|1784086240
|switch|p2b: Goodra|Goodra-Hisui, L50, F|100/100
|move|p1b: Grimmsnarl|Sucker Punch||[still]
|-fail|p1b: Grimmsnarl
|move|p2a: Freight|Dual Wingbeat|p1b: Grimmsnarl
|-damage|p1b: Grimmsnarl|14/100
|-damage|p1b: Grimmsnarl|0 fnt
|faint|p1b: Grimmsnarl
|-hitcount|p1: Grimmsnarl|2
|move|p1a: Pelipper|Weather Ball|p2a: Freight
|-supereffective|p2a: Freight|1
|-damage|p2a: Freight|0 fnt
|faint|p2a: Freight
|
|-weather|RainDance|[upkeep]
|upkeep
|
|t:|1784086256
|switch|p2a: Reverence|Basculegion, L50, M|100/100
|switch|p1b: Archaludon|Archaludon, L50, M|100/100
|turn|3
|
|t:|1784086277
|move|p2a: Reverence|Protect|p2a: Reverence
|-singleturn|p2a: Reverence|Protect
|move|p1b: Archaludon|Electro Shot||[still]
|-prepare|p1b: Archaludon|Electro Shot
|-boost|p1b: Archaludon|spa|1
|-anim|p1b: Archaludon|Electro Shot|p2b: Goodra
|-resisted|p2b: Goodra|1
|-damage|p2b: Goodra|82/100
|move|p1a: Pelipper|Hurricane|p2a: Reverence
|-activate|p2a: Reverence|move: Protect
|move|p2b: Goodra|Shelter|p2b: Goodra
|-boost|p2b: Goodra|def|2
|
|-weather|RainDance|[upkeep]
|-heal|p2b: Goodra|88/100|[from] item: Leftovers
|upkeep
|turn|4
|inactive|SuprEpcGuy has 30 seconds left.
|
|t:|1784086307
|switch|p2a: Big Purr|Incineroar, L50, M|100/100
|-ability|p2a: Big Purr|Intimidate|boost
|-unboost|p1a: Pelipper|atk|1
|-unboost|p1b: Archaludon|atk|1
|move|p1b: Archaludon|Electro Shot||[still]
|-prepare|p1b: Archaludon|Electro Shot
|-boost|p1b: Archaludon|spa|1
|-anim|p1b: Archaludon|Electro Shot|p2b: Goodra
|-resisted|p2b: Goodra|1
|-damage|p2b: Goodra|62/100
|move|p1a: Pelipper|Hurricane|p2a: Big Purr
|-damage|p2a: Big Purr|68/100
|move|p2b: Goodra|Shelter|p2b: Goodra
|-boost|p2b: Goodra|def|2
|
|-weather|RainDance|[upkeep]
|-heal|p2b: Goodra|67/100|[from] item: Leftovers
|-sideend|p1: TetheredAvian74|move: Tailwind
|upkeep
|turn|5
|inactive|SuprEpcGuy has 30 seconds left.
|inactive|TetheredAvian74 has 30 seconds left.
|inactive|SuprEpcGuy has 20 seconds left.
|
|t:|1784086343
|move|p1b: Archaludon|Protect|p1b: Archaludon
|-singleturn|p1b: Archaludon|Protect
|move|p1a: Pelipper|Tailwind|p1a: Pelipper
|-sidestart|p1: TetheredAvian74|move: Tailwind
|move|p2b: Goodra|Shelter|p2b: Goodra
|-boost|p2b: Goodra|def|2
|move|p2a: Big Purr|Parting Shot|p1b: Archaludon
|-activate|p1b: Archaludon|move: Protect
|
|-weather|RainDance|[upkeep]
|-heal|p2b: Goodra|73/100|[from] item: Leftovers
|upkeep
|turn|6
|
|t:|1784086361
|move|p1b: Archaludon|Dragon Pulse|p2b: Goodra
|-damage|p2b: Goodra|24/100
|move|p1a: Pelipper|Weather Ball|p2a: Big Purr
|-supereffective|p2a: Big Purr|1
|-crit|p2a: Big Purr
|-damage|p2a: Big Purr|0 fnt
|faint|p2a: Big Purr
|move|p2b: Goodra|Body Press|p1b: Archaludon
|-supereffective|p1b: Archaludon|1
|-damage|p1b: Archaludon|8/100
|-ability|p1b: Archaludon|Stamina|boost
|-boost|p1b: Archaludon|def|1
|
|-weather|RainDance|[upkeep]
|-heal|p1b: Archaludon|14/100|[from] item: Leftovers
|-heal|p2b: Goodra|29/100|[from] item: Leftovers
|upkeep
|
|t:|1784086368
|switch|p2a: Reverence|Basculegion, L50, M|100/100
|turn|7
|
|t:|1784086381
|switch|p1a: Sinistcha|Sinistcha, L50|100/100
|-heal|p1b: Archaludon|39/100|[from] ability: Hospitality|[of] p1a: Sinistcha
|move|p1b: Archaludon|Protect|p1b: Archaludon
|-singleturn|p1b: Archaludon|Protect
|move|p2b: Goodra|Protect|p2b: Goodra
|-singleturn|p2b: Goodra|Protect
|move|p2a: Reverence|Last Respects|p1a: Sinistcha
|-supereffective|p1a: Sinistcha|1
|-damage|p1a: Sinistcha|0 fnt
|faint|p1a: Sinistcha
|
|-weather|RainDance|[upkeep]
|-heal|p1b: Archaludon|45/100|[from] item: Leftovers
|-heal|p2b: Goodra|35/100|[from] item: Leftovers
|upkeep
|
|t:|1784086395
|switch|p1a: Pelipper|Pelipper, L50, M|56/100
|turn|8
|
|t:|1784086411
|move|p1b: Archaludon|Dragon Pulse|p2b: Goodra
|-damage|p2b: Goodra|0 fnt
|faint|p2b: Goodra
|move|p1a: Pelipper|Hurricane|p2a: Reverence
|-damage|p2a: Reverence|60/100
|move|p2a: Reverence|Last Respects|p1b: Archaludon
|-damage|p1b: Archaludon|3/100
|-ability|p1b: Archaludon|Stamina|boost
|-boost|p1b: Archaludon|def|1
|
|-weather|none
|-heal|p1b: Archaludon|9/100|[from] item: Leftovers
|-sideend|p1: TetheredAvian74|Reflect
|-sideend|p1: TetheredAvian74|move: Tailwind
|upkeep
|turn|9
|inactive|SuprEpcGuy has 30 seconds left.
|inactive|TetheredAvian74 has 30 seconds left.
|inactive|SuprEpcGuy has 20 seconds left.
|inactive|SuprEpcGuy has 15 seconds left.
|
|t:|1784086453
|move|p1b: Archaludon|Protect|p1b: Archaludon
|-singleturn|p1b: Archaludon|Protect
|move|p2a: Reverence|Aqua Jet|p1b: Archaludon
|-activate|p1b: Archaludon|move: Protect
|move|p1a: Pelipper|Tailwind|p1a: Pelipper
|-sidestart|p1: TetheredAvian74|move: Tailwind
|
|-heal|p1b: Archaludon|15/100|[from] item: Leftovers
|upkeep
|turn|10
|
|t:|1784086466
|move|p2a: Reverence|Aqua Jet|p1b: Archaludon
|-resisted|p1b: Archaludon|1
|-damage|p1b: Archaludon|9/100
|-ability|p1b: Archaludon|Stamina|boost
|-boost|p1b: Archaludon|def|1
|move|p1b: Archaludon|Dragon Pulse|p2a: Reverence
|-damage|p2a: Reverence|0 fnt
|faint|p2a: Reverence
|
|win|TetheredAvian74
|raw|TetheredAvian74's rating: 1112 → 1141(+29 for winning)
|raw|SuprEpcGuy's rating: 1172 → 1143(-29 for losing)
