|j|☆shmuel0204
|j|☆dlight98
|html|shmuel0204dlight98    
|uhtml|bestof|Game 3 of a best-of-3
|t:|1785809501
|gametype|doubles
|player|p1|shmuel0204|guitarist|
|player|p2|dlight98|lyra|
|gen|9
|tier|[Gen 9 Champions] VGC 2026 Reg M-B (Bo3)
|rule|Species Clause: Limit one of each Pokémon
|rule|Item Clause: Limit 1 of each item
|clearpoke
|poke|p1|Metagross, L50, shiny|
|poke|p1|Basculegion, L50, M|
|poke|p1|Pelipper, L50, F|
|poke|p1|Sableye, L50, M|
|poke|p1|Tauros-Paldea-Blaze, L50, M|
|poke|p1|Alcremie, L50, F|
|poke|p2|Dedenne, L50, F|
|poke|p2|Gliscor, L50, F|
|poke|p2|Annihilape, L50, F|
|poke|p2|Alakazam, L50, M|
|poke|p2|Drampa, L50, M|
|poke|p2|Sinistcha, L50|
|teampreview|4
|showteam|p1|Metagross||Metagrossite|ClearBody|BodyPress,Protect,PsychicFangs,MeteorMash|Jolly|||||50|]Basculegion||ChoiceScarf|Adaptability|WaveCrash,AquaJet,LastRespects,FlipTurn|Adamant||M|||50|]Pelipper||SitrusBerry|Drizzle|WideGuard,Tailwind,WeatherBall,Protect|Modest||F|||50|]Sableye||LightClay|Prankster|Quash,RainDance,Reflect,LightScreen|Impish||M|||50|]Tauros-Paldea-Blaze||ExpertBelt|Intimidate|CloseCombat,FlareBlitz,HighHorsepower,BulkUp|Jolly||M|||50|]Alcremie||Leftovers|SweetVeil|Entrainment,Encore,Recover,TriAttack|Calm||F|||50|
|showteam|p2|Dedenne||SitrusBerry|CheekPouch|DazzlingGleam,Electroweb,Nuzzle,Protect|Hasty||F|||50|]Gliscor||PasshoBerry|HyperCutter|Earthquake,ThunderFang,RockSlide,Protect|Jolly||F|||50|]Annihilape||ExpertBelt|Defiant|RageFist,DrainPunch,ThunderPunch,RockSlide|Jolly||F|||50|]Alakazam||LightClay|InnerFocus|ShadowBall,SpeedSwap,Reflect,LightScreen|Timid||M|||50|]Drampa||Drampanite|CloudNine|HyperVoice,Thunderbolt,EarthPower,Protect|Modest||M|||50|]Sinistcha||Leftovers|Hospitality|MatchaGotcha,RagePowder,LifeDew,Protect|Bold|||||50|
|
|t:|1785809534
|teamsize|p1|4
|teamsize|p2|4
|start
|switch|p1a: Basculegion|Basculegion, L50, M|100/100
|switch|p1b: Sableye|Sableye, L50, M|100/100
|switch|p2a: Dedenne|Dedenne, L50, F|100/100
|switch|p2b: Annihilape|Annihilape, L50, F|100/100
|turn|1
|
|t:|1785809551
|move|p2a: Dedenne|Protect|p2a: Dedenne
|-singleturn|p2a: Dedenne|Protect
|move|p1b: Sableye|Reflect|p1b: Sableye
|-sidestart|p1: shmuel0204|Reflect
|move|p1a: Basculegion|Flip Turn|p2a: Dedenne
|-activate|p2a: Dedenne|move: Protect
|move|p2b: Annihilape|Thunder Punch|p1a: Basculegion
|-supereffective|p1a: Basculegion|1
|-damage|p1a: Basculegion|50/100g
|
|upkeep
|turn|2
|
|t:|1785809570
|move|p1b: Sableye|Rain Dance|p1b: Sableye
|-weather|RainDance
|move|p1a: Basculegion|Flip Turn|p2a: Dedenne
|-damage|p2a: Dedenne|0 fnt
|faint|p2a: Dedenne
|
|t:|1785809577
|switch|p1a: Metagross|Metagross, L50, shiny|100/100|[from] Flip Turn
|move|p2b: Annihilape|Rock Slide|p1a: Metagross|[spread] p1a
|-miss|p2b: Annihilape|p1b: Sableye
|-resisted|p1a: Metagross|1
|-damage|p1a: Metagross|94/100
|
|-weather|RainDance|[upkeep]
|upkeep
|
|t:|1785809587
|switch|p2a: Drampa|Drampa, L50, M|100/100
|-ability|p2a: Drampa|Cloud Nine
|turn|3
|
|t:|1785809599
|detailschange|p1a: Metagross|Metagross-Mega, L50, shiny
|-mega|p1a: Metagross|Metagross|Metagrossite
|detailschange|p2a: Drampa|Drampa-Mega, L50, M
|-mega|p2a: Drampa|Drampa|Drampanite
|move|p1a: Metagross|Protect|p1a: Metagross
|-singleturn|p1a: Metagross|Protect
|move|p1b: Sableye|Light Screen|p1b: Sableye
|-sidestart|p1: shmuel0204|move: Light Screen
|move|p2b: Annihilape|Rage Fist|p1a: Metagross
|-activate|p1a: Metagross|move: Protect
|move|p2a: Drampa|Earth Power|p1a: Metagross
|-activate|p1a: Metagross|move: Protect
|
|-weather|RainDance|[upkeep]
|upkeep
|turn|4
|
|t:|1785809637
|move|p1b: Sableye|Quash|p2b: Annihilape
|-activate|p2b: Annihilape|move: Quash
|move|p1a: Metagross|Psychic Fangs|p2b: Annihilape
|-supereffective|p2b: Annihilape|1
|-damage|p2b: Annihilape|0 fnt
|faint|p2b: Annihilape
|move|p2a: Drampa|Earth Power|p1a: Metagross
|-supereffective|p1a: Metagross|1
|-damage|p1a: Metagross|38/100
|-unboost|p1a: Metagross|spd|1
|
|-weather|RainDance|[upkeep]
|upkeep
|
|t:|1785809647
|switch|p2b: Sinistcha|Sinistcha, L50|100/100
|turn|5
|
|t:|1785809662
|switch|p1b: Basculegion|Basculegion, L50, M|50/100g
|move|p1a: Metagross|Protect|p1a: Metagross
|-singleturn|p1a: Metagross|Protect
|move|p2b: Sinistcha|Rage Powder|p2b: Sinistcha
|-singleturn|p2b: Sinistcha|move: Rage Powder
|move|p2a: Drampa|Earth Power|p1a: Metagross
|-activate|p1a: Metagross|move: Protect
|
|-weather|RainDance|[upkeep]
|upkeep
|turn|6
|
|t:|1785809688
|move|p2a: Drampa|Protect|p2a: Drampa
|-singleturn|p2a: Drampa|Protect
|move|p1b: Basculegion|Last Respects|p2b: Sinistcha
|-supereffective|p2b: Sinistcha|1
|-damage|p2b: Sinistcha|55/100
|move|p1a: Metagross|Psychic Fangs|p2b: Sinistcha
|-damage|p2b: Sinistcha|10/100
|move|p2b: Sinistcha|Matcha Gotcha|p1a: Metagross|[spread] p1a,p1b
|-resisted|p1a: Metagross|1
|-supereffective|p1b: Basculegion|1
|-damage|p1a: Metagross|25/100
|-heal|p2b: Sinistcha|16/100|[from] drain|[of] p1a: Metagross
|-damage|p1b: Basculegion|15/100
|-heal|p2b: Sinistcha|35/100|[from] drain|[of] p1b: Basculegion
|
|-weather|none
|-heal|p2b: Sinistcha|42/100|[from] item: Leftovers
|upkeep
|turn|7
|
|t:|1785809715
|move|p1a: Metagross|Protect|p1a: Metagross
|-singleturn|p1a: Metagross|Protect
|move|p2b: Sinistcha|Rage Powder|p2b: Sinistcha
|-singleturn|p2b: Sinistcha|move: Rage Powder
|move|p1b: Basculegion|Last Respects|p2b: Sinistcha
|-supereffective|p2b: Sinistcha|1
|-damage|p2b: Sinistcha|0 fnt
|faint|p2b: Sinistcha
|move|p2a: Drampa|Earth Power|p1a: Metagross
|-activate|p1a: Metagross|move: Protect
|
|upkeep
|turn|8
|
|t:|1785809728
|switch|p1b: Tauros|Tauros-Paldea-Blaze, L50, M|100/100
|-ability|p1b: Tauros|Intimidate|boost
|-unboost|p2a: Drampa|atk|1
|switch|p1a: Sableye|Sableye, L50, M|100/100
|move|p2a: Drampa|Earth Power|p1a: Sableye
|-damage|p1a: Sableye|55/100
|
|-sideend|p1: shmuel0204|Reflect
|upkeep
|turn|9
|
|t:|1785809754
|move|p1a: Sableye|Rain Dance|p1a: Sableye
|-weather|RainDance
|move|p1b: Tauros|Close Combat|p2a: Drampa
|-supereffective|p2a: Drampa|1
|-damage|p2a: Drampa|0 fnt
|-unboost|p1b: Tauros|def|1
|-unboost|p1b: Tauros|spd|1
|faint|p2a: Drampa
|
|win|shmuel0204
|c|☆shmuel0204|gg!
|c|☆dlight98|gg!
