|j|☆YungDungBeetle
|j|☆boelie26
|html|YungDungBeetleboelie26    
|uhtml|bestof|Game 1 of a best-of-3
|t:|1757682648
|gametype|doubles
|player|p1|YungDungBeetle|n|1139
|player|p2|boelie26|265|1088
|gen|9
|tier|[Gen 9] VGC 2025 Reg H (Bo3)
|rated|
|rule|Species Clause: Limit one of each Pokémon
|rule|Item Clause: Limit 1 of each item
|clearpoke
|poke|p1|Annihilape, L50, F|
|poke|p1|Baxcalibur, L50, M|
|poke|p1|Rillaboom, L50, M|
|poke|p1|Volcarona, L50, F|
|poke|p1|Kingambit, L50, F|
|poke|p1|Dondozo, L50, M|
|poke|p2|Volbeat, L50, M|
|poke|p2|Primarina, L50, M|
|poke|p2|Espathra, L50, M|
|poke|p2|Typhlosion-Hisui, L50, F|
|poke|p2|Indeedee-F, L50, F|
|poke|p2|Archaludon, L50, M|
|teampreview|4
|showteam|p1|Annihilape||FocusSash|Defiant|CloseCombat,RageFist,Coaching,FinalGambit|||F|||50|,,,,,Grass]Baxcalibur||LoadedDice|ThermalExchange|Protect,IceShard,ScaleShot,IcicleSpear|||M|||50|,,,,,Ghost]Rillaboom||AssaultVest|GrassySurge|WoodHammer,GrassyGlide,HighHorsepower,FakeOut|||M|||50|,,,,,Water]Volcarona||CovertCloak|FlameBody|QuiverDance,HeatWave,GigaDrain,RagePowder|||F|||50|,,,,,Grass]Kingambit||SafetyGoggles|Defiant|SuckerPunch,KowtowCleave,SwordsDance,Protect|||F|||50|,,,,,Ghost]Dondozo||Leftovers|Unaware|Protect,Yawn,WaveCrash,Fissure|||M|||50|,,,,,Bug
|showteam|p2|Volbeat||CobaBerry|Prankster|Encore,SunnyDay,Tailwind,RainDance|||M|||50|,,,,,Dark]Primarina||ChoiceSpecs|LiquidVoice|HyperVoice,WeatherBall,DazzlingGleam,Moonblast|||M|||50|,,,,,Steel]Espathra||FocusSash|SpeedBoost|Protect,LuminaCrash,ExpandingForce,DazzlingGleam|||M|||50|,,,,,Psychic]Typhlosion-Hisui||Charcoal|Blaze|Eruption,Protect,ShadowBall,Flamethrower|||F|||50|,,,,,Fire]Indeedee-F||SafetyGoggles|PsychicSurge|FollowMe,HyperVoice,TrickRoom,Imprison|||F|||50|,,,,,Fairy]Archaludon||PowerHerb|Stamina|Protect,ElectroShot,AuraSphere,DragonPulse|||M|||50|,,,,,Grass
|inactive|Battle timer is ON: inactive players will automatically lose when time's up. (requested by boelie26)
|j| Mr-High-Tower
|inactive|YungDungBeetle has 60 seconds left.
|inactive|boelie26 has 60 seconds left.
|inactive|YungDungBeetle has 30 seconds left.
|inactive|YungDungBeetle has 20 seconds left.
|inactive|YungDungBeetle has 15 seconds left.
|inactive|YungDungBeetle has 10 seconds left.
|inactive|YungDungBeetle has 5 seconds left.
|
|t:|1757682735
|teamsize|p1|4
|teamsize|p2|4
|start
|switch|p1a: Annihilape|Annihilape, L50, F|100/100
|switch|p1b: Kingambit|Kingambit, L50, F|100/100
|switch|p2a: Volbeat|Volbeat, L50, M|100/100
|switch|p2b: Primarina|Primarina, L50, M|100/100
|turn|1
|inactive|boelie26 has 30 seconds left.
|
|t:|1757682766
|move|p2a: Volbeat|Tailwind|p2a: Volbeat
|-sidestart|p2: boelie26|move: Tailwind
|move|p2b: Primarina|Hyper Voice|p1a: Annihilape|[spread] p1a,p1b
|-damage|p1a: Annihilape|54/100
|-damage|p1b: Kingambit|57/100
|move|p1a: Annihilape|Coaching|p1b: Kingambit
|-boost|p1b: Kingambit|atk|1
|-boost|p1b: Kingambit|def|1
|move|p1b: Kingambit|Kowtow Cleave|p2a: Volbeat
|-damage|p2a: Volbeat|9/100
|
|upkeep
|turn|2
|
|t:|1757682789
|move|p1b: Kingambit|Protect|p1b: Kingambit
|-singleturn|p1b: Kingambit|Protect
|move|p2a: Volbeat|Rain Dance|p2a: Volbeat
|-weather|RainDance
|move|p2b: Primarina|Hyper Voice|p1a: Annihilape|[spread] p1a
|-activate|p1b: Kingambit|move: Protect
|-damage|p1a: Annihilape|0 fnt
|faint|p1a: Annihilape
|
|-weather|RainDance|[upkeep]
|upkeep
|
|t:|1757682799
|switch|p1a: Volcarona|Volcarona, L50, F|100/100
|turn|3
|inactive|boelie26 has 30 seconds left.
|
|t:|1757682827
|switch|p2a: Archaludon|Archaludon, L50, M|100/100
|-terastallize|p1a: Volcarona|Grass
|move|p1b: Kingambit|Sucker Punch|p2b: Primarina
|-resisted|p2b: Primarina
|-damage|p2b: Primarina|56/100
|move|p2b: Primarina|Hyper Voice|p1b: Kingambit|[spread] p1a,p1b
|-resisted|p1a: Volcarona
|-damage|p1a: Volcarona|66/100
|-damage|p1b: Kingambit|0 fnt
|faint|p1b: Kingambit
|move|p1a: Volcarona|Giga Drain|p2b: Primarina
|-supereffective|p2b: Primarina
|-damage|p2b: Primarina|0 fnt
|-heal|p1a: Volcarona|88/100|[from] drain|[of] p2b: Primarina
|faint|p2b: Primarina
|
|-weather|RainDance|[upkeep]
|upkeep
|
|t:|1757682851
|switch|p2b: Espathra|Espathra, L50, M|100/100
|switch|p1b: Dondozo|Dondozo, L50, M, shiny|100/100
|turn|4
|
|t:|1757682872
|move|p2b: Espathra|Lumina Crash|p1a: Volcarona
|-damage|p1a: Volcarona|56/100
|move|p2a: Archaludon|Dragon Pulse|p1a: Volcarona
|-damage|p1a: Volcarona|20/100
|move|p1a: Volcarona|Quiver Dance|p1a: Volcarona
|-boost|p1a: Volcarona|spa|1
|-boost|p1a: Volcarona|spd|1
|-boost|p1a: Volcarona|spe|1
|move|p1b: Dondozo|Yawn|p2a: Archaludon
|-start|p2a: Archaludon|move: Yawn|[of] p1b: Dondozo
|
|-weather|RainDance|[upkeep]
|-sideend|p2: boelie26|move: Tailwind
|-ability|p2b: Espathra|Speed Boost|boost
|-boost|p2b: Espathra|spe|1
|upkeep
|turn|5
|inactive|boelie26 has 30 seconds left.
|inactive|boelie26 has 20 seconds left.
|
|t:|1757682909
|switch|p2a: Volbeat|Volbeat, L50, M|9/100
|-terastallize|p2b: Espathra|Psychic
|move|p1b: Dondozo|Protect|p1b: Dondozo
|-singleturn|p1b: Dondozo|Protect
|move|p2b: Espathra|Lumina Crash|p1a: Volcarona
|-damage|p1a: Volcarona|0 fnt
|faint|p1a: Volcarona
|
|-weather|RainDance|[upkeep]
|-ability|p2b: Espathra|Speed Boost|boost
|-boost|p2b: Espathra|spe|1
|upkeep
|turn|6
|inactive|YungDungBeetle has 30 seconds left.
|inactive|YungDungBeetle has 20 seconds left.
|
|t:|1757682949
|move|p2a: Volbeat|Encore|p1b: Dondozo
|-start|p1b: Dondozo|Encore
|move|p2b: Espathra|Lumina Crash|p1b: Dondozo
|-crit|p1b: Dondozo
|-damage|p1b: Dondozo|50/100
|-unboost|p1b: Dondozo|spd|2
|move|p1b: Dondozo|Protect||[still]
|-fail|p1b: Dondozo
|
|-weather|none
|-heal|p1b: Dondozo|56/100|[from] item: Leftovers
|-ability|p2b: Espathra|Speed Boost|boost
|-boost|p2b: Espathra|spe|1
|upkeep
|turn|7
|-message|YungDungBeetle forfeited.
|
|win|boelie26
|l|☆YungDungBeetle
|player|p1|
||boelie26 is ready for game 2.
||YungDungBeetle is ready for game 2.
|uhtml|next|Next: Game 2 of 3
|l| Mr-High-Tower
