|j|☆Chungus61
|j|☆AnriVGC
|html|Chungus61AnriVGC    
|uhtml|bestof|Game 1 of a best-of-3
|t:|1756431973
|gametype|doubles
|player|p1|Chungus61|acetrainer-gen4dp|1061
|player|p2|AnriVGC|hilda-masters3|1113
|gen|9
|tier|[Gen 9] VGC 2025 Reg H (Bo3)
|rated|
|rule|Species Clause: Limit one of each Pokémon
|rule|Item Clause: Limit 1 of each item
|clearpoke
|poke|p1|Ursaluna, L50, M|
|poke|p1|Typhlosion-Hisui, L50, F|
|poke|p1|Torkoal, L50, M|
|poke|p1|Hatterene, L50, F|
|poke|p1|Amoonguss, L50, F|
|poke|p1|Lilligant-Hisui, L50, F|
|poke|p2|Gholdengo, L50|
|poke|p2|Sneasler, L50, M|
|poke|p2|Rillaboom, L50, F|
|poke|p2|Dragonite, L50, F|
|poke|p2|Ninetales-Alola, L50, F|
|poke|p2|Arcanine-Hisui, L50, M|
|teampreview|4
|showteam|p1|Ursaluna||FlameOrb|Guts|Earthquake,Facade,SeedBomb,Protect|||M|||50|,,,,,Grass]Typhlosion-Hisui||ChoiceScarf|Frisk|Eruption,ShadowBall,Overheat,HeatWave|||F|||50|,,,,,Fire]Torkoal||Charcoal|Drought|HeatWave,Eruption,HelpingHand,Protect|||M|||50|,,,,,Fire]Hatterene||MentalHerb|Healer|TrickRoom,DazzlingGleam,Psychic,Protect|||F|||50|,,,,,Ghost]Amoonguss||SitrusBerry|Regenerator|Spore,ClearSmog,PollenPuff,RagePowder|||F|||50|,,,,,Grass]Lilligant-Hisui||FocusSash|Chlorophyll|AfterYou,CloseCombat,LeafBlade,Protect|||F|||50|,,,,,Grass
|showteam|p2|Gholdengo||GrassySeed|GoodasGold|NastyPlot,MakeItRain,ShadowBall,Protect||||||50|,,,,,Water]Sneasler||FocusSash|Unburden|CloseCombat,DireClaw,Coaching,FakeOut|||M|||50|,,,,,Ghost]Rillaboom||AssaultVest|GrassySurge|FakeOut,DrumBeating,HighHorsepower,GrassyGlide|||F|||50|,,,,,Fire]Dragonite||LoadedDice|Multiscale|ScaleShot,StompingTantrum,Haze,Protect|||F|||50|,,,,,Steel]Ninetales-Alola||LightClay|SnowWarning|IcyWind,Blizzard,Moonblast,AuroraVeil|||F|||50|,,,,,Water]Arcanine-Hisui||ClearAmulet|Intimidate|RockSlide,FlareBlitz,ExtremeSpeed,Protect|||M|||50|,,,,,Grass
|inactive|Battle timer is ON: inactive players will automatically lose when time's up. (requested by Chungus61)
|inactive|AnriVGC has 60 seconds left.
|
|t:|1756432017
|teamsize|p1|4
|teamsize|p2|4
|start
|switch|p1a: Typhlosion|Typhlosion-Hisui, L50, F|100/100
|switch|p1b: Torkoal|Torkoal, L50, M|100/100
|switch|p2a: Sneasler|Sneasler, L50, M|100/100
|switch|p2b: Dragonite|Dragonite, L50, F|100/100
|-item|p2a: Sneasler|Focus Sash|[from] ability: Frisk|[of] p1a: Typhlosion
|-item|p2b: Dragonite|Loaded Dice|[from] ability: Frisk|[of] p1a: Typhlosion
|-weather|SunnyDay|[from] ability: Drought|[of] p1b: Torkoal
|turn|1
|inactive|Chungus61 has 30 seconds left.
|
|t:|1756432047
|-terastallize|p1a: Typhlosion|Fire
|move|p1a: Typhlosion|Eruption|p2a: Sneasler|[spread] p2a,p2b
|-resisted|p2b: Dragonite
|-enditem|p2a: Sneasler|Focus Sash
|-damage|p2a: Sneasler|1/100
|-damage|p2b: Dragonite|68/100
|move|p2a: Sneasler|Coaching|p2b: Dragonite
|-boost|p2b: Dragonite|atk|1
|-boost|p2b: Dragonite|def|1
|move|p2b: Dragonite|Scale Shot|p1a: Typhlosion
|-damage|p1a: Typhlosion|70/100
|-damage|p1a: Typhlosion|36/100
|-damage|p1a: Typhlosion|6/100
|-damage|p1a: Typhlosion|0 fnt
|faint|p1a: Typhlosion
|-hitcount|p1: Typhlosion|4
|-unboost|p2b: Dragonite|def|1
|-boost|p2b: Dragonite|spe|1
|move|p1b: Torkoal|Heat Wave|p2b: Dragonite|[spread] p2a,p2b
|-resisted|p2b: Dragonite
|-damage|p2a: Sneasler|0 fnt
|-damage|p2b: Dragonite|46/100
|faint|p2a: Sneasler
|
|-weather|SunnyDay|[upkeep]
|upkeep
|inactive|Chungus61 has 30 seconds left.
|
|t:|1756432074
|switch|p2a: Rillaboom|Rillaboom, L50, F|100/100
|switch|p1a: Lilligant|Lilligant-Hisui, L50, F|100/100
|-fieldstart|move: Grassy Terrain|[from] ability: Grassy Surge|[of] p2a: Rillaboom
|turn|2
|inactive|Chungus61 has 30 seconds left.
|inactive|AnriVGC has 30 seconds left.
|
|t:|1756432104
|move|p2a: Rillaboom|Fake Out|p1a: Lilligant
|-damage|p1a: Lilligant|81/100
|cant|p1a: Lilligant|flinch
|move|p2b: Dragonite|Scale Shot|p1b: Torkoal
|-damage|p1b: Torkoal|88/100
|-damage|p1b: Torkoal|73/100
|-damage|p1b: Torkoal|60/100
|-damage|p1b: Torkoal|46/100
|-damage|p1b: Torkoal|31/100
|-hitcount|p1b: Torkoal|5
|-unboost|p2b: Dragonite|def|1
|-boost|p2b: Dragonite|spe|1
|move|p1b: Torkoal|Heat Wave|p2a: Rillaboom|[spread] p2a,p2b
|-supereffective|p2a: Rillaboom
|-resisted|p2b: Dragonite
|-damage|p2a: Rillaboom|28/100
|-damage|p2b: Dragonite|22/100
|
|-weather|SunnyDay|[upkeep]
|-heal|p1a: Lilligant|87/100|[from] Grassy Terrain
|-heal|p2a: Rillaboom|34/100|[from] Grassy Terrain
|-heal|p1b: Torkoal|38/100|[from] Grassy Terrain
|upkeep
|turn|3
|inactive|AnriVGC has 30 seconds left.
|inactive|AnriVGC has 20 seconds left.
|
|t:|1756432142
|move|p2a: Rillaboom|Grassy Glide|p1b: Torkoal
|-resisted|p1b: Torkoal
|-damage|p1b: Torkoal|26/100
|move|p1a: Lilligant|Close Combat|p2b: Dragonite
|-resisted|p2b: Dragonite
|-damage|p2b: Dragonite|0 fnt
|-unboost|p1a: Lilligant|def|1
|-unboost|p1a: Lilligant|spd|1
|faint|p2b: Dragonite
|move|p1b: Torkoal|Heat Wave|p2a: Rillaboom
|-supereffective|p2a: Rillaboom
|-damage|p2a: Rillaboom|0 fnt
|faint|p2a: Rillaboom
|
|-weather|SunnyDay|[upkeep]
|-heal|p1a: Lilligant|94/100|[from] Grassy Terrain
|-heal|p1b: Torkoal|33/100|[from] Grassy Terrain
|upkeep
|
|t:|1756432149
|switch|p2b: Gholdengo|Gholdengo, L50|100/100
|-enditem|p2b: Gholdengo|Grassy Seed
|-boost|p2b: Gholdengo|def|1|[from] item: Grassy Seed
|turn|4
|
|t:|1756432164
|-terastallize|p2b: Gholdengo|Water
|move|p1a: Lilligant|After You|p1b: Torkoal
|-activate|p1b: Torkoal|move: After You
|move|p1b: Torkoal|Heat Wave|p2b: Gholdengo
|-resisted|p2b: Gholdengo
|-damage|p2b: Gholdengo|70/100
|move|p2b: Gholdengo|Shadow Ball|p1a: Lilligant
|-damage|p1a: Lilligant|0 fnt
|faint|p1a: Lilligant
|
|-weather|SunnyDay|[upkeep]
|-heal|p2b: Gholdengo|76/100|[from] Grassy Terrain
|-heal|p1b: Torkoal|39/100|[from] Grassy Terrain
|upkeep
|
|t:|1756432173
|switch|p1a: Ursaluna|Ursaluna, L50, M|100/100
|turn|5
|
|t:|1756432188
|move|p2b: Gholdengo|Nasty Plot|p2b: Gholdengo
|-boost|p2b: Gholdengo|spa|2
|move|p1a: Ursaluna|Seed Bomb|p2b: Gholdengo
|-supereffective|p2b: Gholdengo
|-damage|p2b: Gholdengo|24/100
|move|p1b: Torkoal|Heat Wave|p2b: Gholdengo
|-resisted|p2b: Gholdengo
|-damage|p2b: Gholdengo|0 fnt
|faint|p2b: Gholdengo
|
|win|Chungus61
