|j|☆SelvesterTheYAK
|j|☆Ray_Nilson
|html|SelvesterTheYAKRay_Nilson    
|uhtml|bestof|Game 1 of a best-of-3
|t:|1756926715
|gametype|doubles
|player|p1|SelvesterTheYAK|101|1094
|player|p2|Ray_Nilson|gambler|1019
|gen|9
|tier|[Gen 9] VGC 2025 Reg H (Bo3)
|rated|
|rule|Species Clause: Limit one of each Pokémon
|rule|Item Clause: Limit 1 of each item
|clearpoke
|poke|p1|Tyranitar, L50, F|
|poke|p1|Garchomp, L50, M|
|poke|p1|Gholdengo, L50|
|poke|p1|Talonflame, L50, F|
|poke|p1|Amoonguss, L50, F|
|poke|p1|Milotic, L50, F|
|poke|p2|Rillaboom, L50, M|
|poke|p2|Volcarona, L50, M|
|poke|p2|Corviknight, L50, F|
|poke|p2|Rotom-Wash, L50|
|teampreview|4
|showteam|p1|Tyranitar||AssaultVest|SandStream|RockSlide,TeraBlast,KnockOff,LowKick|||F|||50|,,,,,Flying]Garchomp||LifeOrb|SandVeil|Protect,DragonClaw,StompingTantrum,Earthquake|||M|||50|,,,,,Steel]Gholdengo||MetalCoat|GoodasGold|MakeItRain,ShadowBall,Protect,NastyPlot||||||50|,,,,,Flying]Talonflame||CovertCloak|GaleWings|BraveBird,Tailwind,WillOWisp,Taunt|||F|||50|,,,,,Ghost]Amoonguss||SitrusBerry|Regenerator|Protect,Spore,RagePowder,PollenPuff|||F|||50|,,,,,Water]Milotic||SafetyGoggles|Competitive|Haze,Protect,IcyWind,Scald|||F|||50|,,,,,Dragon
|showteam|p2|Rillaboom||AssaultVest|Overgrow|GrassyGlide,FakeOut,WoodHammer,HighHorsepower|||M|||50|,,,,,Fire]Volcarona|||FlameBody|HeatWave,BugBuzz,Protect,QuiverDance|||M|||50|,,,,,Grass]Corviknight||CovertCloak|MirrorArmor|Tailwind,IronHead,BraveBird,Roost|||F|||50|,,,,,Grass]Rotom-Wash||SitrusBerry|Levitate|HydroPump,WillOWisp,VoltSwitch,Protect||||||50|,,,,,Ghost
|inactive|Battle timer is ON: inactive players will automatically lose when time's up. (requested by Ray_Nilson)
|inactive|Ray_Nilson has 60 seconds left.
|
|t:|1756926754
|teamsize|p1|4
|teamsize|p2|4
|start
|switch|p1a: Talonflame|Talonflame, L50, F|100/100
|switch|p1b: Garchomp|Garchomp, L50, M|100/100
|switch|p2a: Rillaboom|Rillaboom, L50, M|100/100
|switch|p2b: Corviknight|Corviknight, L50, F, shiny|100/100
|turn|1
|inactive|SelvesterTheYAK has 30 seconds left.
|inactive|Ray_Nilson has 30 seconds left.
|
|t:|1756926788
|move|p1b: Garchomp|Protect|p1b: Garchomp
|-singleturn|p1b: Garchomp|Protect
|move|p2a: Rillaboom|Fake Out|p1b: Garchomp
|-activate|p1b: Garchomp|move: Protect
|move|p1a: Talonflame|Will-O-Wisp|p2a: Rillaboom
|-status|p2a: Rillaboom|brn
|move|p2b: Corviknight|Tailwind|p2b: Corviknight
|-sidestart|p2: Ray_Nilson|move: Tailwind
|
|-damage|p2a: Rillaboom|95/100 brn|[from] brn
|upkeep
|turn|2
|inactive|SelvesterTheYAK has 30 seconds left.
|inactive|Ray_Nilson has 30 seconds left.
|
|t:|1756926822
|switch|p2b: Rotom|Rotom-Wash, L50, shiny|100/100
|move|p1a: Talonflame|Tailwind|p1a: Talonflame
|-sidestart|p1: SelvesterTheYAK|move: Tailwind
|move|p1b: Garchomp|Dragon Claw|p2a: Rillaboom
|-damage|p2a: Rillaboom|40/100 brn
|-damage|p1b: Garchomp|91/100|[from] item: Life Orb
|move|p2a: Rillaboom|Wood Hammer|p1b: Garchomp
|-damage|p1b: Garchomp|61/100
|-damage|p2a: Rillaboom|32/100 brn|[from] Recoil
|
|-damage|p2a: Rillaboom|26/100 brn|[from] brn
|upkeep
|turn|3
|inactive|SelvesterTheYAK has 30 seconds left.
|
|t:|1756926854
|move|p1a: Talonflame|Brave Bird|p2a: Rillaboom
|-supereffective|p2a: Rillaboom
|-damage|p2a: Rillaboom|0 fnt
|faint|p2a: Rillaboom
|-damage|p1a: Talonflame|91/100|[from] Recoil
|move|p1b: Garchomp|Dragon Claw|p2b: Rotom
|-damage|p2b: Rotom|53/100
|-damage|p1b: Garchomp|52/100|[from] item: Life Orb
|move|p2b: Rotom|Volt Switch|p1a: Talonflame
|-supereffective|p1a: Talonflame
|-damage|p1a: Talonflame|12/100
|
|t:|1756926861
|switch|p2b: Volcarona|Volcarona, L50, M|100/100|[from] Volt Switch
|
|upkeep
|
|t:|1756926863
|switch|p2a: Rotom|Rotom-Wash, L50, shiny|53/100
|turn|4
|inactive|SelvesterTheYAK has 30 seconds left.
|inactive|SelvesterTheYAK has 20 seconds left.
|inactive|SelvesterTheYAK has 15 seconds left.
|inactive|SelvesterTheYAK has 10 seconds left.
|
|t:|1756926908
|switch|p1a: Tyranitar|Tyranitar, L50, F|100/100
|-weather|Sandstorm|[from] ability: Sand Stream|[of] p1a: Tyranitar
|move|p1b: Garchomp|Protect|p1b: Garchomp
|-singleturn|p1b: Garchomp|Protect
|move|p2b: Volcarona|Quiver Dance|p2b: Volcarona
|-boost|p2b: Volcarona|spa|1
|-boost|p2b: Volcarona|spd|1
|-boost|p2b: Volcarona|spe|1
|move|p2a: Rotom|Will-O-Wisp|p1b: Garchomp
|-activate|p1b: Garchomp|move: Protect
|
|-weather|Sandstorm|[upkeep]
|-damage|p2b: Volcarona|94/100|[from] Sandstorm
|-damage|p2a: Rotom|48/100|[from] Sandstorm
|-enditem|p2a: Rotom|Sitrus Berry|[eat]
|-heal|p2a: Rotom|72/100|[from] item: Sitrus Berry
|-sideend|p2: Ray_Nilson|move: Tailwind
|upkeep
|turn|5
|
|t:|1756926932
|move|p1b: Garchomp|Dragon Claw|p2b: Volcarona
|-damage|p2b: Volcarona|33/100
|-damage|p1b: Garchomp|42/100|[from] item: Life Orb
|move|p2b: Volcarona|Bug Buzz|p1a: Tyranitar
|-supereffective|p1a: Tyranitar
|-damage|p1a: Tyranitar|53/100
|move|p1a: Tyranitar|Rock Slide|p2a: Rotom|[spread] p2a,p2b
|-supereffective|p2b: Volcarona
|-damage|p2a: Rotom|44/100
|-damage|p2b: Volcarona|0 fnt
|faint|p2b: Volcarona
|move|p2a: Rotom|Will-O-Wisp|p1b: Garchomp
|-status|p1b: Garchomp|brn
|
|-weather|Sandstorm|[upkeep]
|-damage|p2a: Rotom|38/100|[from] Sandstorm
|-damage|p1b: Garchomp|36/100 brn|[from] brn
|-sideend|p1: SelvesterTheYAK|move: Tailwind
|upkeep
|
|t:|1756926953
|switch|p2b: Corviknight|Corviknight, L50, F, shiny|100/100
|turn|6
|
|t:|1756926972
|switch|p1b: Amoonguss|Amoonguss, L50, F|100/100
|move|p2b: Corviknight|Iron Head|p1a: Tyranitar
|-supereffective|p1a: Tyranitar
|-damage|p1a: Tyranitar|8/100
|move|p2a: Rotom|Hydro Pump|p1a: Tyranitar
|-supereffective|p1a: Tyranitar
|-damage|p1a: Tyranitar|0 fnt
|faint|p1a: Tyranitar
|
|-weather|Sandstorm|[upkeep]
|-damage|p2a: Rotom|32/100|[from] Sandstorm
|-damage|p1b: Amoonguss|95/100|[from] Sandstorm
|upkeep
|
|t:|1756926986
|switch|p1a: Garchomp|Garchomp, L50, M|36/100 brn
|turn|7
|
|t:|1756926996
|move|p1a: Garchomp|Protect|p1a: Garchomp
|-singleturn|p1a: Garchomp|Protect
|move|p2b: Corviknight|Brave Bird|p1a: Garchomp
|-activate|p1a: Garchomp|move: Protect
|move|p2a: Rotom|Will-O-Wisp|p1b: Amoonguss
|-status|p1b: Amoonguss|brn
|move|p1b: Amoonguss|Spore|p2b: Corviknight
|-status|p2b: Corviknight|slp|[from] move: Spore
|
|-weather|Sandstorm|[upkeep]
|-damage|p2a: Rotom|27/100|[from] Sandstorm
|-damage|p1b: Amoonguss|89/100 brn|[from] Sandstorm
|-damage|p1a: Garchomp|30/100 brn|[from] brn
|-damage|p1b: Amoonguss|83/100 brn|[from] brn
|upkeep
|turn|8
|
|t:|1756927015
|move|p1a: Garchomp|Dragon Claw|p2a: Rotom
|-damage|p2a: Rotom|0 fnt
|faint|p2a: Rotom
|-damage|p1a: Garchomp|20/100 brn|[from] item: Life Orb
|cant|p2b: Corviknight|slp
|move|p1b: Amoonguss|Pollen Puff|p1a: Garchomp|[miss]
|-miss|p1b: Amoonguss|p1a: Garchomp
|
|-weather|none
|-damage|p1a: Garchomp|14/100 brn|[from] brn
|-damage|p1b: Amoonguss|77/100 brn|[from] brn
|upkeep
|turn|9
|
|t:|1756927037
|move|p1a: Garchomp|Dragon Claw|p2b: Corviknight
|-resisted|p2b: Corviknight
|-damage|p2b: Corviknight|89/100 slp
|-damage|p1a: Garchomp|4/100 brn|[from] item: Life Orb
|-curestatus|p2b: Corviknight|slp|[msg]
|move|p2b: Corviknight|Tailwind|p2b: Corviknight
|-sidestart|p2: Ray_Nilson|move: Tailwind
|move|p1b: Amoonguss|Pollen Puff|p1a: Garchomp
|-heal|p1a: Garchomp|54/100 brn
|
|-damage|p1a: Garchomp|48/100 brn|[from] brn
|-damage|p1b: Amoonguss|71/100 brn|[from] brn
|upkeep
|turn|10
|inactive|Ray_Nilson has 30 seconds left.
|
|t:|1756927070
|move|p1a: Garchomp|Protect|p1a: Garchomp
|-singleturn|p1a: Garchomp|Protect
|move|p2b: Corviknight|Brave Bird|p1b: Amoonguss
|-supereffective|p1b: Amoonguss
|-damage|p1b: Amoonguss|13/100 brn
|-enditem|p1b: Amoonguss|Sitrus Berry|[eat]
|-heal|p1b: Amoonguss|38/100 brn|[from] item: Sitrus Berry
|-damage|p2b: Corviknight|68/100|[from] Recoil
|move|p1b: Amoonguss|Spore|p2b: Corviknight
|-status|p2b: Corviknight|slp|[from] move: Spore
|
|-damage|p1a: Garchomp|42/100 brn|[from] brn
|-damage|p1b: Amoonguss|32/100 brn|[from] brn
|upkeep
|turn|11
|
|t:|1756927090
|cant|p2b: Corviknight|slp
|move|p1a: Garchomp|Dragon Claw|p2b: Corviknight
|-resisted|p2b: Corviknight
|-damage|p2b: Corviknight|57/100 slp
|-damage|p1a: Garchomp|33/100 brn|[from] item: Life Orb
|move|p1b: Amoonguss|Pollen Puff|p2b: Corviknight
|-resisted|p2b: Corviknight
|-damage|p2b: Corviknight|53/100 slp
|
|-damage|p1a: Garchomp|27/100 brn|[from] brn
|-damage|p1b: Amoonguss|26/100 brn|[from] brn
|upkeep
|turn|12
|
|t:|1756927111
|cant|p2b: Corviknight|slp
|move|p1a: Garchomp|Dragon Claw|p2b: Corviknight
|-resisted|p2b: Corviknight
|-damage|p2b: Corviknight|42/100 slp
|-damage|p1a: Garchomp|17/100 brn|[from] item: Life Orb
|move|p1b: Amoonguss|Pollen Puff|p1a: Garchomp
|-heal|p1a: Garchomp|67/100 brn
|
|-damage|p1a: Garchomp|61/100 brn|[from] brn
|-damage|p1b: Amoonguss|20/100 brn|[from] brn
|-sideend|p2: Ray_Nilson|move: Tailwind
|upkeep
|turn|13
|
|t:|1756927127
|move|p1a: Garchomp|Dragon Claw|p2b: Corviknight
|-resisted|p2b: Corviknight
|-damage|p2b: Corviknight|31/100 slp
|-damage|p1a: Garchomp|51/100 brn|[from] item: Life Orb
|-curestatus|p2b: Corviknight|slp|[msg]
|move|p2b: Corviknight|Roost|p2b: Corviknight
|-heal|p2b: Corviknight|81/100
|-singleturn|p2b: Corviknight|move: Roost
|move|p1b: Amoonguss|Pollen Puff|p1a: Garchomp
|-heal|p1a: Garchomp|100/100 brn
|
|-damage|p1a: Garchomp|95/100 brn|[from] brn
|-damage|p1b: Amoonguss|15/100 brn|[from] brn
|upkeep
|turn|14
|inactive|SelvesterTheYAK has 30 seconds left.
|
|t:|1756927158
|move|p1b: Amoonguss|Protect|p1b: Amoonguss
|-singleturn|p1b: Amoonguss|Protect
|move|p1a: Garchomp|Earthquake|p2b: Corviknight|[spread] 
|-activate|p1b: Amoonguss|move: Protect
|-immune|p2b: Corviknight
|move|p2b: Corviknight|Brave Bird|p1b: Amoonguss
|-activate|p1b: Amoonguss|move: Protect
|
|-damage|p1a: Garchomp|89/100 brn|[from] brn
|-damage|p1b: Amoonguss|9/100 brn|[from] brn
|upkeep
|turn|15
|inactive|SelvesterTheYAK has 30 seconds left.
|inactive|Ray_Nilson has 30 seconds left.
|inactive|Ray_Nilson has 20 seconds left.
|inactive|Ray_Nilson has 15 seconds left.
|
|t:|1756927201
|move|p1a: Garchomp|Dragon Claw|p2b: Corviknight
|-resisted|p2b: Corviknight
|-damage|p2b: Corviknight|68/100
|-damage|p1a: Garchomp|79/100 brn|[from] item: Life Orb
|move|p2b: Corviknight|Iron Head|p1b: Amoonguss
|-damage|p1b: Amoonguss|0 fnt
|faint|p1b: Amoonguss
|
|-damage|p1a: Garchomp|73/100 brn|[from] brn
|upkeep
|
|t:|1756927211
|switch|p1b: Talonflame|Talonflame, L50, F|12/100
|turn|16
|
|t:|1756927228
|move|p1b: Talonflame|Taunt|p2b: Corviknight
|-start|p2b: Corviknight|move: Taunt
|move|p1a: Garchomp|Dragon Claw|p2b: Corviknight
|-resisted|p2b: Corviknight
|-damage|p2b: Corviknight|57/100
|-damage|p1a: Garchomp|63/100 brn|[from] item: Life Orb
|move|p2b: Corviknight|Brave Bird|p1b: Talonflame
|-damage|p1b: Talonflame|0 fnt
|faint|p1b: Talonflame
|-damage|p2b: Corviknight|53/100|[from] Recoil
|
|-damage|p1a: Garchomp|57/100 brn|[from] brn
|upkeep
|turn|17
|
|t:|1756927244
|move|p1a: Garchomp|Dragon Claw|p2b: Corviknight
|-resisted|p2b: Corviknight
|-damage|p2b: Corviknight|42/100
|-damage|p1a: Garchomp|47/100 brn|[from] item: Life Orb
|move|p2b: Corviknight|Iron Head|p1a: Garchomp
|-damage|p1a: Garchomp|22/100 brn
|
|-damage|p1a: Garchomp|16/100 brn|[from] brn
|upkeep
|turn|18
|
|t:|1756927253
|move|p1a: Garchomp|Dragon Claw|p2b: Corviknight
|-resisted|p2b: Corviknight
|-damage|p2b: Corviknight|31/100
|-damage|p1a: Garchomp|6/100 brn|[from] item: Life Orb
|move|p2b: Corviknight|Iron Head|p1a: Garchomp
|-damage|p1a: Garchomp|0 fnt
|faint|p1a: Garchomp
|
|win|Ray_Nilson
||Ray_Nilson is ready for game 2.
||SelvesterTheYAK is ready for game 2.
|uhtml|next|Next: Game 2 of 3
|l|☆Ray_Nilson
|player|p2|
