|j|☆teruelgang
|j|☆bighamsterbaseball
|html|teruelgangbighamsterbaseball    
|uhtml|bestof|Game 2 of a best-of-3
|t:|1785017359
|gametype|doubles
|player|p1|teruelgang|102|1123
|player|p2|bighamsterbaseball|pokemaniac|1268
|gen|9
|tier|[Gen 9 Champions] VGC 2026 Reg M-B (Bo3)
|rated|
|rule|Species Clause: Limit one of each Pokémon
|rule|Item Clause: Limit 1 of each item
|clearpoke
|poke|p1|Charizard, L50, F|
|poke|p1|Grimmsnarl, L50, M|
|poke|p1|Pelipper, L50, M|
|poke|p1|Archaludon, L50, F|
|poke|p1|Basculegion, L50, M|
|poke|p1|Venusaur, L50, F|
|poke|p2|Pyroar, L50, M|
|poke|p2|Scrafty, L50, M|
|poke|p2|Torkoal, L50, M|
|poke|p2|Farigiraf, L50, M|
|poke|p2|Sneasler, L50, F|
|poke|p2|Mamoswine, L50, M|
|teampreview|4
|showteam|p1|Charizard||CharizarditeY|Blaze|HeatWave,WeatherBall,SolarBeam,Protect|Modest||F|||50|]Grimmsnarl||LightClay|Prankster|SpiritBreak,Reflect,LightScreen,PartingShot|Sassy||M|||50|]Pelipper||SitrusBerry|Drizzle|WeatherBall,Hurricane,Tailwind,WideGuard|Modest||M|||50|]Archaludon||Leftovers|Stamina|FlashCannon,DragonPulse,ElectroShot,Protect|Calm||F|||50|]Basculegion||ChoiceScarf|Adaptability|WaveCrash,AquaJet,LastRespects,FlipTurn|Jolly||M|||50|]Venusaur||FocusSash|Chlorophyll|SludgeBomb,EarthPower,SleepPowder,Protect|Modest||F|||50|
|showteam|p2|Pyroar||Pyroarite|Unnerve|HeatWave,Overheat,SolarBeam,Protect|Timid||M|||50|]Scrafty||Scraftinite|Intimidate|FakeOut,DrainPunch,KnockOff,IcePunch|Adamant||M|||50|]Torkoal||Leftovers|Drought|HeatWave,Yawn,HelpingHand,Protect|Relaxed||M|||50|]Farigiraf||SitrusBerry|ArmorTail|Psychic,HyperVoice,TrickRoom,NastyPlot|Sassy||M|||50|]Sneasler||LifeOrb|PoisonTouch|CloseCombat,PoisonJab,RockSlide,Protect|Adamant||F|||50|]Mamoswine||FocusSash|Oblivious|IceShard,HighHorsepower,FreezeDry,Protect|Rash||M|||50|
|inactive|Battle timer is ON: inactive players will automatically lose when time's up. (requested by teruelgang)
|inactive|bighamsterbaseball has 60 seconds left.
|
|t:|1785017397
|teamsize|p1|4
|teamsize|p2|4
|start
|switch|p1a: Grimmsnarl|Grimmsnarl, L50, M|100/100
|switch|p1b: Basculegion|Basculegion, L50, M|100/100
|switch|p2a: Sneasler|Sneasler, L50, F|100/100
|switch|p2b: Mamoswine|Mamoswine, L50, M|100/100
|turn|1
|
|t:|1785017410
|switch|p2b: Torkoal|Torkoal, L50, M|100/100
|-weather|SunnyDay|[from] ability: Drought|[of] p2b: Torkoal
|move|p1a: Grimmsnarl|Reflect|p1a: Grimmsnarl
|-sidestart|p1: teruelgang|Reflect
|move|p1b: Basculegion|Wave Crash|p2a: Sneasler
|-damage|p2a: Sneasler|35/100
|-damage|p1b: Basculegion|82/100|[from] Recoil
|move|p2a: Sneasler|Poison Jab|p1a: Grimmsnarl
|-supereffective|p1a: Grimmsnarl|1
|-damage|p1a: Grimmsnarl|21/100
|-damage|p2a: Sneasler|25/100|[from] item: Life Orb
|
|-weather|SunnyDay|[upkeep]
|upkeep
|turn|2
|inactive|bighamsterbaseball has 30 seconds left.
|
|t:|1785017439
|move|p2a: Sneasler|Protect|p2a: Sneasler
|-singleturn|p2a: Sneasler|Protect
|move|p1a: Grimmsnarl|Parting Shot|p2b: Torkoal
|-unboost|p2b: Torkoal|atk|1
|-unboost|p2b: Torkoal|spa|1
|
|t:|1785017443
|switch|p1a: Pelipper|Pelipper, L50, M|100/100|[from] Parting Shot
|-weather|RainDance|[from] ability: Drizzle|[of] p1a: Pelipper
|move|p1b: Basculegion|Wave Crash|p2a: Sneasler
|-activate|p2a: Sneasler|move: Protect
|move|p2b: Torkoal|Yawn|p1b: Basculegion
|-start|p1b: Basculegion|move: Yawn|[of] p2b: Torkoal
|
|-weather|RainDance|[upkeep]
|upkeep
|turn|3
|inactive|bighamsterbaseball has 30 seconds left.
|
|t:|1785017475
|switch|p1a: Archaludon|Archaludon, L50, F|100/100
|switch|p2b: Mamoswine|Mamoswine, L50, M|100/100
|move|p1b: Basculegion|Wave Crash|p2a: Sneasler
|-damage|p2a: Sneasler|0 fnt
|faint|p2a: Sneasler
|-damage|p1b: Basculegion|75/100|[from] Recoil
|
|-weather|RainDance|[upkeep]
|-end|p1b: Basculegion|move: Yawn|[silent]
|-status|p1b: Basculegion|slp
|upkeep
|
|t:|1785017499
|switch|p2a: Torkoal|Torkoal, L50, M|100/100
|-weather|SunnyDay|[from] ability: Drought|[of] p2a: Torkoal
|turn|4
|
|t:|1785017514
|switch|p1b: Pelipper|Pelipper, L50, M|100/100
|-weather|RainDance|[from] ability: Drizzle|[of] p1b: Pelipper
|switch|p2a: Pyroar|Pyroar, L50, M|100/100
|-ability|p2a: Pyroar|Unnerve
|move|p2b: Mamoswine|Freeze-Dry|p1b: Pelipper
|-supereffective|p1b: Pelipper|2
|-damage|p1b: Pelipper|0 fnt
|faint|p1b: Pelipper
|move|p1a: Archaludon|Flash Cannon|p2b: Mamoswine
|-supereffective|p2b: Mamoswine|1
|-enditem|p2b: Mamoswine|Focus Sash
|-damage|p2b: Mamoswine|1/100
|
|-weather|RainDance|[upkeep]
|upkeep
|
|t:|1785017527
|switch|p1b: Grimmsnarl|Grimmsnarl, L50, M|21/100
|turn|5
|
|t:|1785017543
|switch|p2b: Torkoal|Torkoal, L50, M|100/100
|-weather|SunnyDay|[from] ability: Drought|[of] p2b: Torkoal
|detailschange|p2a: Pyroar|Pyroar-Mega, L50, M
|-mega|p2a: Pyroar|Pyroar|Pyroarite
|move|p1b: Grimmsnarl|Light Screen|p1b: Grimmsnarl
|-sidestart|p1: teruelgang|move: Light Screen
|move|p2a: Pyroar|Heat Wave|p1b: Grimmsnarl|[spread] p1a,p1b
|-damage|p1a: Archaludon|52/100
|-damage|p1b: Grimmsnarl|0 fnt
|-ability|p1a: Archaludon|Stamina|boost
|-boost|p1a: Archaludon|def|1
|faint|p1b: Grimmsnarl
|move|p1a: Archaludon|Dragon Pulse|p2b: Torkoal
|-damage|p2b: Torkoal|54/100
|
|-weather|SunnyDay|[upkeep]
|-heal|p1a: Archaludon|58/100|[from] item: Leftovers
|-heal|p2b: Torkoal|60/100|[from] item: Leftovers
|upkeep
|
|t:|1785017553
|switch|p1b: Basculegion|Basculegion, L50, M|75/100 slp
|turn|6
|
|t:|1785017568
|move|p2b: Torkoal|Helping Hand|p2a: Pyroar
|-singleturn|p2a: Pyroar|Helping Hand|[of] p2b: Torkoal
|cant|p1b: Basculegion|slp
|move|p2a: Pyroar|Heat Wave|p1b: Basculegion|[spread] p1a,p1b
|-resisted|p1b: Basculegion|1
|-damage|p1a: Archaludon|0 fnt
|-damage|p1b: Basculegion|30/100 slp
|faint|p1a: Archaludon
|
|-weather|SunnyDay|[upkeep]
|-heal|p2b: Torkoal|66/100|[from] item: Leftovers
|upkeep
|turn|7
|-message|teruelgang forfeited.
|raw|teruelgang's rating: 1123 → 1108(-15 for losing)
|raw|bighamsterbaseball's rating: 1268 → 1283(+15 for winning)
|
|win|bighamsterbaseball
|l|☆teruelgang
|player|p1|
|l|☆bighamsterbaseball
|player|p2|
|j|☆bighamsterbaseball
|player|p2|bighamsterbaseball|pokemaniac|
