|j|☆ENDERLANDA
|j|☆SunshineTufo
|html|ENDERLANDASunshineTufo    
|uhtml|bestof|Game 1 of a best-of-3
|t:|1785267201
|gametype|doubles
|player|p1|ENDERLANDA|2|1248
|player|p2|SunshineTufo|li|1213
|gen|9
|tier|[Gen 9 Champions] VGC 2026 Reg M-B (Bo3)
|rated|
|rule|Species Clause: Limit one of each Pokémon
|rule|Item Clause: Limit 1 of each item
|clearpoke
|poke|p1|Charizard, L50, M|
|poke|p1|Milotic, L50, F|
|poke|p1|Floette-Eternal, L50, F|
|poke|p1|Grimmsnarl, L50, M|
|poke|p1|Sinistcha, L50|
|poke|p1|Incineroar, L50, F|
|poke|p2|Grimmsnarl, L50, M|
|poke|p2|Pelipper, L50, M|
|poke|p2|Archaludon, L50, F|
|poke|p2|Tyranitar, L50, F|
|poke|p2|Excadrill, L50, F|
|poke|p2|Staraptor, L50, F|
|teampreview|4
|showteam|p1|Charizard||CharizarditeX|Blaze|Protect,DragonDance,DragonRush,FlareBlitz|Adamant||M|||50|]Milotic||Leftovers|Competitive|Coil,MuddyWater,Hypnosis,Protect|Calm||F|||50|]Floette-Eternal||Floettite|FlowerVeil|Moonblast,DazzlingGleam,Protect,CalmMind|Modest||F|||50|]Grimmsnarl||LightClay|Prankster|LightScreen,Reflect,SpiritBreak,PartingShot|Impish||M|||50|]Sinistcha||ColburBerry|Hospitality|MatchaGotcha,TrickRoom,RagePowder,Protect|Calm|||||50|]Incineroar||SitrusBerry|Intimidate|FakeOut,FlareBlitz,PartingShot,ThroatChop|Adamant||F|||50|
|showteam|p2|Grimmsnarl||LightClay|Prankster|SpiritBreak,Reflect,LightScreen,PartingShot|Sassy||M|||50|]Pelipper||SitrusBerry|Drizzle|Hurricane,WeatherBall,Tailwind,WideGuard|Modest||M|||50|]Archaludon||Leftovers|Stamina|Protect,ElectroShot,DragonPulse,FlashCannon|Calm||F|||50|]Tyranitar||Tyranitarite|SandStream|RockSlide,KnockOff,IcePunch,Protect|Adamant||F|||50|]Excadrill||FocusSash|SandRush|Earthquake,IronHead,RockSlide,Protect|Adamant||F|||50|]Staraptor||Staraptite|Intimidate|Protect,Roost,CloseCombat,BraveBird|Jolly||F|||50|
|inactive|Battle timer is ON: inactive players will automatically lose when time's up. (requested by SunshineTufo)
|inactive|SunshineTufo has 60 seconds left.
|
|t:|1785267247
|teamsize|p1|4
|teamsize|p2|4
|start
|switch|p1a: Milotic|Milotic, L50, F|100/100
|switch|p1b: Incineroar|Incineroar, L50, F|100/100
|switch|p2a: Grimmsnarl|Grimmsnarl, L50, M|100/100
|switch|p2b: Archaludon|Archaludon, L50, F|100/100
|-ability|p1b: Incineroar|Intimidate|boost
|-unboost|p2a: Grimmsnarl|atk|1
|-unboost|p2b: Archaludon|atk|1
|turn|1
|
|t:|1785267270
|switch|p2a: Pelipper|Pelipper, L50, M|100/100
|-weather|RainDance|[from] ability: Drizzle|[of] p2a: Pelipper
|move|p1b: Incineroar|Fake Out|p2a: Pelipper
|-damage|p2a: Pelipper|87/100
|move|p2b: Archaludon|Electro Shot||[still]
|-prepare|p2b: Archaludon|Electro Shot
|-boost|p2b: Archaludon|spa|1
|-anim|p2b: Archaludon|Electro Shot|p1a: Milotic
|-supereffective|p1a: Milotic|1
|-damage|p1a: Milotic|35/100
|move|p1a: Milotic|Coil|p1a: Milotic
|-boost|p1a: Milotic|atk|1
|-boost|p1a: Milotic|def|1
|-boost|p1a: Milotic|accuracy|1
|
|-weather|RainDance|[upkeep]
|-heal|p1a: Milotic|41/100|[from] item: Leftovers
|upkeep
|turn|2
|
|t:|1785267292
|switch|p2a: Grimmsnarl|Grimmsnarl, L50, M|100/100
|move|p1a: Milotic|Protect|p1a: Milotic
|-singleturn|p1a: Milotic|Protect
|move|p2b: Archaludon|Electro Shot||[still]
|-prepare|p2b: Archaludon|Electro Shot
|-boost|p2b: Archaludon|spa|1
|-anim|p2b: Archaludon|Electro Shot|p1a: Milotic
|-activate|p1a: Milotic|move: Protect
|move|p1b: Incineroar|Parting Shot|p2b: Archaludon
|-unboost|p2b: Archaludon|atk|1
|-unboost|p2b: Archaludon|spa|1
|
|t:|1785267306
|switch|p1b: Sinistcha|Sinistcha, L50|100/100|[from] Parting Shot
|-heal|p1a: Milotic|66/100|[from] ability: Hospitality|[of] p1b: Sinistcha
|
|-weather|RainDance|[upkeep]
|-heal|p1a: Milotic|72/100|[from] item: Leftovers
|upkeep
|turn|3
|
|t:|1785267320
|move|p1b: Sinistcha|Rage Powder|p1b: Sinistcha
|-singleturn|p1b: Sinistcha|move: Rage Powder
|move|p2a: Grimmsnarl|Light Screen|p2a: Grimmsnarl
|-sidestart|p2: SunshineTufo|move: Light Screen
|move|p2b: Archaludon|Electro Shot||[still]
|-prepare|p2b: Archaludon|Electro Shot
|-boost|p2b: Archaludon|spa|1
|-anim|p2b: Archaludon|Electro Shot|p1b: Sinistcha
|-resisted|p1b: Sinistcha|1
|-damage|p1b: Sinistcha|70/100
|move|p1a: Milotic|Hypnosis|p2a: Grimmsnarl
|-status|p2a: Grimmsnarl|slp|[from] move: Hypnosis
|
|-weather|RainDance|[upkeep]
|-heal|p1a: Milotic|78/100|[from] item: Leftovers
|upkeep
|turn|4
|
|t:|1785267338
|move|p1b: Sinistcha|Rage Powder|p1b: Sinistcha
|-singleturn|p1b: Sinistcha|move: Rage Powder
|move|p2b: Archaludon|Electro Shot||[still]
|-prepare|p2b: Archaludon|Electro Shot
|-boost|p2b: Archaludon|spa|1
|-anim|p2b: Archaludon|Electro Shot|p1b: Sinistcha
|-resisted|p1b: Sinistcha|1
|-damage|p1b: Sinistcha|32/100
|move|p1a: Milotic|Hypnosis|p2b: Archaludon
|-status|p2b: Archaludon|slp|[from] move: Hypnosis
|cant|p2a: Grimmsnarl|slp
|
|-weather|RainDance|[upkeep]
|-heal|p1a: Milotic|84/100|[from] item: Leftovers
|upkeep
|turn|5
|
|t:|1785267354
|switch|p1b: Floette|Floette-Eternal, L50, F|100/100
|cant|p2b: Archaludon|slp
|move|p1a: Milotic|Coil|p1a: Milotic
|-boost|p1a: Milotic|atk|1
|-boost|p1a: Milotic|def|1
|-boost|p1a: Milotic|accuracy|1
|cant|p2a: Grimmsnarl|slp
|
|-weather|none
|-heal|p1a: Milotic|90/100|[from] item: Leftovers
|upkeep
|turn|6
|
|t:|1785267364
|detailschange|p1b: Floette|Floette-Mega, L50, F
|-mega|p1b: Floette|Floette|Floettite
|-ability|p1b: Floette|Fairy Aura
|-curestatus|p2a: Grimmsnarl|slp|[msg]
|move|p2a: Grimmsnarl|Parting Shot|p1b: Floette
|-unboost|p1b: Floette|atk|1
|-unboost|p1b: Floette|spa|1
|
|t:|1785267368
|switch|p2a: Pelipper|Pelipper, L50, M|87/100|[from] Parting Shot
|-weather|RainDance|[from] ability: Drizzle|[of] p2a: Pelipper
|move|p1b: Floette|Calm Mind|p1b: Floette
|-boost|p1b: Floette|spa|1
|-boost|p1b: Floette|spd|1
|cant|p2b: Archaludon|slp
|move|p1a: Milotic|Muddy Water|p2a: Pelipper|[spread] p2a,p2b
|-resisted|p2a: Pelipper|1
|-resisted|p2b: Archaludon|1
|-damage|p2a: Pelipper|75/100
|-damage|p2b: Archaludon|90/100 slp
|-unboost|p2a: Pelipper|accuracy|1
|-ability|p2b: Archaludon|Stamina|boost
|-boost|p2b: Archaludon|def|1
|
|-weather|RainDance|[upkeep]
|-heal|p2b: Archaludon|96/100 slp|[from] item: Leftovers
|-heal|p1a: Milotic|96/100|[from] item: Leftovers
|upkeep
|turn|7
|
|t:|1785267380
|move|p1b: Floette|Protect|p1b: Floette
|-singleturn|p1b: Floette|Protect
|-curestatus|p2b: Archaludon|slp|[msg]
|move|p2b: Archaludon|Electro Shot||[still]
|-prepare|p2b: Archaludon|Electro Shot
|-boost|p2b: Archaludon|spa|1
|-anim|p2b: Archaludon|Electro Shot|p1a: Milotic
|-supereffective|p1a: Milotic|1
|-damage|p1a: Milotic|0 fnt
|faint|p1a: Milotic
|move|p2a: Pelipper|Tailwind|p2a: Pelipper
|-sidestart|p2: SunshineTufo|move: Tailwind
|
|-weather|RainDance|[upkeep]
|-heal|p2b: Archaludon|100/100|[from] item: Leftovers
|upkeep
|
|t:|1785267390
|switch|p1a: Incineroar|Incineroar, L50, F|100/100
|-ability|p1a: Incineroar|Intimidate|boost
|-unboost|p2a: Pelipper|atk|1
|-unboost|p2b: Archaludon|atk|1
|turn|8
|
|t:|1785267397
|switch|p2a: Excadrill|Excadrill, L50, F|100/100
|move|p2b: Archaludon|Protect|p2b: Archaludon
|-singleturn|p2b: Archaludon|Protect
|move|p1a: Incineroar|Fake Out|p2b: Archaludon
|-activate|p2b: Archaludon|move: Protect
|move|p1b: Floette|Calm Mind|p1b: Floette
|-boost|p1b: Floette|spa|1
|-boost|p1b: Floette|spd|1
|
|-weather|RainDance|[upkeep]
|upkeep
|turn|9
|
|t:|1785267409
|move|p1b: Floette|Protect|p1b: Floette
|-singleturn|p1b: Floette|Protect
|move|p2a: Excadrill|Iron Head|p1b: Floette
|-activate|p1b: Floette|move: Protect
|move|p2b: Archaludon|Electro Shot||[still]
|-prepare|p2b: Archaludon|Electro Shot
|-boost|p2b: Archaludon|spa|1
|-anim|p2b: Archaludon|Electro Shot|p1a: Incineroar
|-damage|p1a: Incineroar|4/100
|-enditem|p1a: Incineroar|Sitrus Berry|[eat]
|-heal|p1a: Incineroar|29/100|[from] item: Sitrus Berry
|move|p1a: Incineroar|Parting Shot|p2b: Archaludon
|-unboost|p2b: Archaludon|atk|1
|-unboost|p2b: Archaludon|spa|1
|
|t:|1785267424
|switch|p1a: Sinistcha|Sinistcha, L50|32/100|[from] Parting Shot
|
|-weather|RainDance|[upkeep]
|upkeep
|turn|10
|
|t:|1785267431
|move|p1a: Sinistcha|Rage Powder|p1a: Sinistcha
|-singleturn|p1a: Sinistcha|move: Rage Powder
|move|p2a: Excadrill|Iron Head|p1a: Sinistcha
|-damage|p1a: Sinistcha|0 fnt
|faint|p1a: Sinistcha
|move|p2b: Archaludon|Electro Shot||[still]
|-prepare|p2b: Archaludon|Electro Shot
|-boost|p2b: Archaludon|spa|1
|-anim|p2b: Archaludon|Electro Shot|p1b: Floette
|-damage|p1b: Floette|56/100
|move|p1b: Floette|Dazzling Gleam|p2a: Excadrill|[spread] p2a,p2b
|-resisted|p2a: Excadrill|1
|-damage|p2a: Excadrill|67/100
|-damage|p2b: Archaludon|61/100
|-ability|p2b: Archaludon|Stamina|boost
|-boost|p2b: Archaludon|def|1
|
|-weather|none
|-heal|p2b: Archaludon|67/100|[from] item: Leftovers
|-sideend|p2: SunshineTufo|move: Light Screen
|-sideend|p2: SunshineTufo|move: Tailwind
|upkeep
|
|t:|1785267437
|switch|p1a: Incineroar|Incineroar, L50, F|29/100
|-ability|p1a: Incineroar|Intimidate|boost
|-unboost|p2a: Excadrill|atk|1
|-unboost|p2b: Archaludon|atk|1
|turn|11
|
|t:|1785267445
|move|p1a: Incineroar|Fake Out|p2a: Excadrill
|-resisted|p2a: Excadrill|1
|-damage|p2a: Excadrill|58/100
|move|p1b: Floette|Calm Mind|p1b: Floette
|-boost|p1b: Floette|spa|1
|-boost|p1b: Floette|spd|1
|cant|p2a: Excadrill|flinch
|move|p2b: Archaludon|Flash Cannon|p1b: Floette
|-supereffective|p1b: Floette|1
|-damage|p1b: Floette|0 fnt
|faint|p1b: Floette
|
|-heal|p2b: Archaludon|73/100|[from] item: Leftovers
|upkeep
|turn|12
|
|t:|1785267455
|switch|p2a: Pelipper|Pelipper, L50, M|75/100
|-weather|RainDance|[from] ability: Drizzle|[of] p2a: Pelipper
|move|p2b: Archaludon|Electro Shot||[still]
|-prepare|p2b: Archaludon|Electro Shot
|-boost|p2b: Archaludon|spa|1
|-anim|p2b: Archaludon|Electro Shot|p1a: Incineroar
|-damage|p1a: Incineroar|0 fnt
|faint|p1a: Incineroar
|
|win|SunshineTufo
