|j|☆pawmifleet
|j|☆Flamewasp
|html|pawmifleetFlamewasp    
|uhtml|bestof|Game 2 of a best-of-3
|t:|1784059678
|gametype|doubles
|player|p1|pawmifleet|fisherman-gen4|1121
|player|p2|Flamewasp|102|1140
|gen|9
|tier|[Gen 9 Champions] VGC 2026 Reg M-B (Bo3)
|rated|
|rule|Species Clause: Limit one of each Pokémon
|rule|Item Clause: Limit 1 of each item
|clearpoke
|poke|p1|Incineroar, L50, M|
|poke|p1|Venusaur, L50, M|
|poke|p1|Charizard, L50, M|
|poke|p1|Garchomp, L50, M|
|poke|p1|Toxapex, L50, M|
|poke|p1|Annihilape, L50, F|
|poke|p2|Sceptile, L50, M|
|poke|p2|Rotom-Heat, L50|
|poke|p2|Politoed, L50, F|
|poke|p2|Vivillon-Sun, L50, F, shiny|
|poke|p2|Gholdengo, L50|
|poke|p2|Swampert, L50, F|
|teampreview|4
|showteam|p1|Incineroar||SitrusBerry|Intimidate|FakeOut,ThroatChop,FlareBlitz,PartingShot|Impish||M|||50|]Venusaur||LifeOrb|Chlorophyll|SolarBeam,SludgeBomb,EarthPower,Protect|Modest||M|||50|]Charizard||CharizarditeY|Blaze|HeatWave,WeatherBall,HelpingHand,Protect|Modest||M|||50|]Garchomp||ChoiceScarf|RoughSkin|DragonClaw,Earthquake,RockSlide,StompingTantrum|Adamant||M|||50|]Toxapex||Leftovers|Regenerator|Infestation,Toxic,BanefulBunker,WideGuard|Bold||M|||50|]Annihilape||FocusSash|Defiant|PhantomForce,CloseCombat,RockTomb,Protect|Jolly||F|||50|
|showteam|p2|Sceptile||Sceptilite|Overgrow|GigaDrain,DragonPulse,EarthPower,Protect|Timid||M|||50|]Rotom-Heat||ChoiceScarf|Levitate|Discharge,VoltSwitch,Overheat,ShadowBall|Timid|||||50|]Politoed||SitrusBerry|Drizzle|IcyWind,Haze,WeatherBall,PerishSong|Bold||F|||50|]Vivillon-Sun||FocusSash|CompoundEyes|Hurricane,Tailwind,SleepPowder,Protect|Timid||F|||50|]Gholdengo||LifeOrb|GoodasGold|MakeItRain,ShadowBall,NastyPlot,Protect|Timid|||||50|]Swampert||Swampertite|Torrent|WaveCrash,Earthquake,IcePunch,Protect|Adamant||F|||50|
|inactive|Battle timer is ON: inactive players will automatically lose when time's up. (requested by pawmifleet)
|inactive|pawmifleet has 60 seconds left.
|l|☆Flamewasp
|inactive|Flamewasp disconnected and has a minute to reconnect!
|player|p2|
|
|t:|1784059714
|teamsize|p1|4
|teamsize|p2|4
|start
|switch|p1a: Charizard|Charizard, L50, M|100/100
|switch|p1b: Venusaur|Venusaur, L50, M|100/100
|switch|p2a: Vivillon|Vivillon-Sun, L50, F, shiny|100/100
|switch|p2b: Rotom|Rotom-Heat, L50|100/100
|turn|1
|j|☆Flamewasp
|inactive|Flamewasp reconnected and has 55 seconds left.
|player|p2|Flamewasp|102|
|
|t:|1784059737
|detailschange|p1a: Charizard|Charizard-Mega-Y, L50, M
|-mega|p1a: Charizard|Charizard|Charizardite Y
|-weather|SunnyDay|[from] ability: Drought|[of] p1a: Charizard
|move|p2a: Vivillon|Protect|p2a: Vivillon
|-singleturn|p2a: Vivillon|Protect
|move|p1b: Venusaur|Sludge Bomb|p2a: Vivillon
|-activate|p2a: Vivillon|move: Protect
|move|p2b: Rotom|Overheat|p1b: Venusaur
|-supereffective|p1b: Venusaur|1
|-damage|p1b: Venusaur|0 fnt
|-unboost|p2b: Rotom|spa|2
|faint|p1b: Venusaur
|move|p1a: Charizard|Heat Wave|p2b: Rotom|[spread] 
|-activate|p2a: Vivillon|move: Protect
|-miss|p1a: Charizard|p2b: Rotom
|
|-weather|SunnyDay|[upkeep]
|upkeep
|
|t:|1784059751
|switch|p1b: Garchomp|Garchomp, L50, M|100/100
|turn|2
|
|t:|1784059771
|switch|p2b: Politoed|Politoed, L50, F|100/100
|-weather|RainDance|[from] ability: Drizzle|[of] p2b: Politoed
|move|p1a: Charizard|Protect|p1a: Charizard
|-singleturn|p1a: Charizard|Protect
|move|p1b: Garchomp|Rock Slide|p2a: Vivillon|[spread] p2a,p2b
|-supereffective|p2a: Vivillon|2
|-crit|p2a: Vivillon
|-enditem|p2a: Vivillon|Focus Sash
|-damage|p2a: Vivillon|1/100
|-damage|p2b: Politoed|84/100
|move|p2a: Vivillon|Sleep Powder|p1b: Garchomp
|-status|p1b: Garchomp|slp|[from] move: Sleep Powder
|
|-weather|RainDance|[upkeep]
|upkeep
|turn|3
|inactive|pawmifleet has 30 seconds left.
|inactive|Flamewasp has 30 seconds left.
|
|t:|1784059800
|switch|p1a: Annihilape|Annihilape, L50, F|100/100
|cant|p1b: Garchomp|slp
|move|p2a: Vivillon|Sleep Powder|p1a: Annihilape
|-status|p1a: Annihilape|slp|[from] move: Sleep Powder
|move|p2b: Politoed|Icy Wind|p1b: Garchomp|[spread] p1a,p1b
|-supereffective|p1b: Garchomp|2
|-damage|p1a: Annihilape|90/100 slp
|-damage|p1b: Garchomp|63/100 slp
|-unboost|p1a: Annihilape|spe|1
|-ability|p1a: Annihilape|Defiant|boost
|-boost|p1a: Annihilape|atk|2
|-unboost|p1b: Garchomp|spe|1
|
|-weather|RainDance|[upkeep]
|upkeep
|turn|4
|inactive|Flamewasp has 30 seconds left.
|
|t:|1784059829
|move|p2a: Vivillon|Hurricane|p1a: Annihilape
|-supereffective|p1a: Annihilape|1
|-damage|p1a: Annihilape|21/100 slp
|-start|p1a: Annihilape|confusion
|-curestatus|p1b: Garchomp|slp|[msg]
|move|p1b: Garchomp|Rock Slide|p2b: Politoed|[spread] p2b
|-miss|p1b: Garchomp|p2a: Vivillon
|-damage|p2b: Politoed|68/100
|cant|p1a: Annihilape|slp
|move|p2b: Politoed|Icy Wind|p1b: Garchomp|[spread] p1a,p1b
|-supereffective|p1b: Garchomp|2
|-damage|p1a: Annihilape|11/100 slp
|-damage|p1b: Garchomp|28/100
|-unboost|p1a: Annihilape|spe|1
|-ability|p1a: Annihilape|Defiant|boost
|-boost|p1a: Annihilape|atk|2
|-unboost|p1b: Garchomp|spe|1
|
|-weather|RainDance|[upkeep]
|upkeep
|turn|5
|
|t:|1784059851
|move|p2a: Vivillon|Hurricane|p1b: Garchomp
|-damage|p1b: Garchomp|0 fnt
|faint|p1b: Garchomp
|move|p2b: Politoed|Icy Wind|p1a: Annihilape|[miss]
|-miss|p2b: Politoed|p1a: Annihilape
|cant|p1a: Annihilape|slp
|
|-weather|RainDance|[upkeep]
|upkeep
|
|t:|1784059857
|switch|p1b: Charizard|Charizard-Mega-Y, L50, M|100/100
|-weather|SunnyDay|[from] ability: Drought|[of] p1b: Charizard
|turn|6
|
|t:|1784059879
|switch|p2b: Rotom|Rotom-Heat, L50|100/100
|move|p2a: Vivillon|Hurricane|p1b: Charizard
|-damage|p1b: Charizard|68/100
|move|p1b: Charizard|Heat Wave|p2b: Rotom|[spread] p2a
|-miss|p1b: Charizard|p2b: Rotom
|-supereffective|p2a: Vivillon|1
|-damage|p2a: Vivillon|0 fnt
|faint|p2a: Vivillon
|-curestatus|p1a: Annihilape|slp|[msg]
|-activate|p1a: Annihilape|confusion
|move|p1a: Annihilape|Phantom Force||[still]
|-prepare|p1a: Annihilape|Phantom Force
|
|-weather|SunnyDay|[upkeep]
|upkeep
|
|t:|1784059895
|switch|p2a: Politoed|Politoed, L50, F|68/100
|-weather|RainDance|[from] ability: Drizzle|[of] p2a: Politoed
|turn|7
|inactive|Flamewasp has 30 seconds left.
|
|t:|1784059929
|move|p2b: Rotom|Volt Switch|p1b: Charizard
|-supereffective|p1b: Charizard|1
|-damage|p1b: Charizard|12/100
|
|t:|1784059932
|switch|p2b: Swampert|Swampert, L50, F|100/100|[from] Volt Switch
|move|p1b: Charizard|Weather Ball|p2a: Politoed
|-resisted|p2a: Politoed|1
|-damage|p2a: Politoed|44/100
|-enditem|p2a: Politoed|Sitrus Berry|[eat]
|-heal|p2a: Politoed|69/100|[from] item: Sitrus Berry
|move|p2a: Politoed|Haze|p2a: Politoed
|-clearallboost
|-activate|p1a: Annihilape|confusion
|-damage|p1a: Annihilape|0 fnt|[from] confusion
|faint|p1a: Annihilape
|
|-weather|RainDance|[upkeep]
|upkeep
|turn|8
|-message|pawmifleet forfeited.
|
|win|Flamewasp
