|j|☆archebol
|j|☆bosilek
|html|archebolbosilek    
|uhtml|bestof|Game 2 of a best-of-3
|t:|1756308093
|gametype|doubles
|player|p1|archebol|265|1097
|player|p2|bosilek|hilbert-wonderlauncher|1147
|gen|9
|tier|[Gen 9] VGC 2025 Reg H (Bo3)
|rated|
|rule|Species Clause: Limit one of each Pokémon
|rule|Item Clause: Limit 1 of each item
|clearpoke
|poke|p1|Rillaboom, L50, M|
|poke|p1|Ninetales-Alola, L50, M|
|poke|p1|Gholdengo, L50|
|poke|p1|Dragonite, L50, M|
|poke|p1|Dondozo, L50, M|
|poke|p1|Annihilape, L50, M|
|poke|p2|Garchomp, L50, M|
|poke|p2|Talonflame, L50, F|
|poke|p2|Gholdengo, L50|
|poke|p2|Ninetales-Alola, L50, M|
|poke|p2|Hydreigon, L50, F|
|poke|p2|Annihilape, L50, M|
|teampreview|4
|showteam|p1|Rillaboom||MiracleSeed|GrassySurge|WoodHammer,FakeOut,GrassyGlide,Protect|||M|||50|,,,,,Fire]Ninetales-Alola||LightClay|SnowWarning|IcicleSpear,Blizzard,AuroraVeil,IcyWind|||M|||50|,,,,,Ghost]Gholdengo||ChoiceScarf|GoodasGold|MakeItRain,ShadowBall,Trick,NastyPlot||||||50|,,,,,Steel]Dragonite||LoadedDice|Multiscale|ScaleShot,ExtremeSpeed,Protect,Encore|||M|||50|,,,,,Normal]Dondozo||Leftovers|Unaware|Yawn,WaveCrash,Protect,Earthquake|||M|||50|,,,,,Ground]Annihilape||SafetyGoggles|Defiant|DrainPunch,RageFist,Protect,BulkUp|||M|||50|,,,,,Fire
|showteam|p2|Garchomp||LifeOrb|RoughSkin|Protect,Earthquake,DragonClaw,StompingTantrum|||M|||50|,,,,,Steel]Talonflame||CovertCloak|GaleWings|BraveBird,Taunt,WillOWisp,Tailwind|||F|||50|,,,,,Grass]Gholdengo||MetalCoat|GoodasGold|MakeItRain,ShadowBall,Protect,NastyPlot||||||50|,,,,,Water]Ninetales-Alola||FocusSash|SnowWarning|Blizzard,FreezeDry,Encore,Protect|||M|||50|,,,,,Water]Hydreigon||ChoiceSpecs|Levitate|HeatWave,Snarl,EarthPower,DragonPulse|||F|||50|,,,,,Fire]Annihilape||SafetyGoggles|Defiant|FinalGambit,RageFist,CloseCombat,Protect|||M|||50|,,,,,Fire
|
|t:|1756308128
|teamsize|p1|4
|teamsize|p2|4
|start
|switch|p1a: Dondozo|Dondozo, L50, M|100/100
|switch|p1b: Gholdengo|Gholdengo, L50|100/100
|switch|p2a: Hydreigon|Hydreigon, L50, F|100/100
|switch|p2b: Gholdengo|Gholdengo, L50|100/100
|turn|1
|
|t:|1756308159
|switch|p2b: Annihilape|Annihilape, L50, M|100/100
|move|p1b: Gholdengo|Shadow Ball|p2b: Annihilape
|-supereffective|p2b: Annihilape
|-damage|p2b: Annihilape|22/100
|-unboost|p2b: Annihilape|spd|1
|-ability|p2b: Annihilape|Defiant|boost
|-boost|p2b: Annihilape|atk|2
|move|p2a: Hydreigon|Snarl|p1b: Gholdengo|[spread] p1a,p1b
|-supereffective|p1b: Gholdengo
|-damage|p1a: Dondozo|77/100
|-damage|p1b: Gholdengo|30/100
|-unboost|p1a: Dondozo|spa|1
|-unboost|p1b: Gholdengo|spa|1
|move|p1a: Dondozo|Yawn|p2a: Hydreigon
|-start|p2a: Hydreigon|move: Yawn|[of] p1a: Dondozo
|
|-heal|p1a: Dondozo|83/100|[from] item: Leftovers
|upkeep
|turn|2
|
|t:|1756308189
|switch|p2a: Gholdengo|Gholdengo, L50|100/100
|switch|p1a: Ninetales|Ninetales-Alola, L50, M|100/100
|-weather|Snowscape|[from] ability: Snow Warning|[of] p1a: Ninetales
|move|p1b: Gholdengo|Shadow Ball|p2b: Annihilape
|-supereffective|p2b: Annihilape
|-damage|p2b: Annihilape|0 fnt
|faint|p2b: Annihilape
|
|-weather|Snowscape|[upkeep]
|upkeep
|
|t:|1756308200
|switch|p2b: Hydreigon|Hydreigon, L50, F|100/100
|turn|3
|
|t:|1756308209
|switch|p1a: Dondozo|Dondozo, L50, M|83/100
|-terastallize|p2b: Hydreigon|Fire
|move|p1b: Gholdengo|Shadow Ball|p2a: Gholdengo
|-supereffective|p2a: Gholdengo
|-damage|p2a: Gholdengo|32/100
|move|p2b: Hydreigon|Heat Wave|p1b: Gholdengo|[spread] p1a,p1b
|-resisted|p1a: Dondozo
|-supereffective|p1b: Gholdengo
|-damage|p1a: Dondozo|65/100
|-damage|p1b: Gholdengo|0 fnt
|faint|p1b: Gholdengo
|move|p2a: Gholdengo|Make It Rain|p1a: Dondozo
|-resisted|p1a: Dondozo
|-damage|p1a: Dondozo|38/100
|-unboost|p2a: Gholdengo|spa|1
|
|-weather|Snowscape|[upkeep]
|-heal|p1a: Dondozo|45/100|[from] item: Leftovers
|upkeep
|
|t:|1756308221
|switch|p1b: Dragonite|Dragonite, L50, M|100/100
|turn|4
|
|t:|1756308259
|switch|p2a: Ninetales|Ninetales-Alola, L50, M|100/100
|-terastallize|p1a: Dondozo|Ground
|move|p1b: Dragonite|Extreme Speed|p2b: Hydreigon
|-damage|p2b: Hydreigon|66/100
|move|p2b: Hydreigon|Heat Wave|p1b: Dragonite|[spread] p1a,p1b
|-resisted|p1b: Dragonite
|-damage|p1a: Dondozo|4/100
|-damage|p1b: Dragonite|87/100
|move|p1a: Dondozo|Earthquake|p2b: Hydreigon|[spread] p2a
|-immune|p1b: Dragonite
|-immune|p2b: Hydreigon|[from] ability: Levitate
|-damage|p2a: Ninetales|72/100
|
|-weather|Snowscape|[upkeep]
|-heal|p1a: Dondozo|11/100|[from] item: Leftovers
|upkeep
|turn|5
|l|☆bosilek
|player|p2|
|
|t:|1756308295
|move|p1b: Dragonite|Extreme Speed|p2a: Ninetales
|-damage|p2a: Ninetales|38/100
|move|p2a: Ninetales|Blizzard|p1a: Dondozo|[spread] p1a,p1b
|-supereffective|p1a: Dondozo
|-supereffective|p1b: Dragonite
|-damage|p1a: Dondozo|0 fnt
|-damage|p1b: Dragonite|0 fnt
|faint|p1a: Dondozo
|faint|p1b: Dragonite
|move|p2b: Hydreigon|Heat Wave|p1: Dondozo|[notarget]
|-fail|p2b: Hydreigon
|
|-weather|Snowscape|[upkeep]
|upkeep
|
|t:|1756308299
|switch|p1b: Ninetales|Ninetales-Alola, L50, M|100/100
|turn|6
|j|☆bosilek
|player|p2|bosilek|hilbert-wonderlauncher|
|
|t:|1756308316
|move|p1b: Ninetales|Blizzard|p2b: Hydreigon|[spread] p2a,p2b
|-resisted|p2a: Ninetales
|-resisted|p2b: Hydreigon
|-damage|p2a: Ninetales|21/100
|-damage|p2b: Hydreigon|48/100
|move|p2a: Ninetales|Blizzard|p1b: Ninetales
|-resisted|p1b: Ninetales
|-crit|p1b: Ninetales
|-damage|p1b: Ninetales|64/100
|move|p2b: Hydreigon|Heat Wave|p1b: Ninetales
|-supereffective|p1b: Ninetales
|-damage|p1b: Ninetales|0 fnt
|faint|p1b: Ninetales
|
|win|bosilek
|raw|archebol's rating: 1097 → 1076(-21 for losing)
|raw|bosilek's rating: 1147 → 1168(+21 for winning)
|c|☆bosilek|gg
|l|☆archebol
|player|p1|
