|j|☆maniac916
|j|☆kokomiiiii
|html|maniac916kokomiiiii    
|uhtml|bestof|Game 1 of a best-of-3
|t:|1757741123
|gametype|doubles
|player|p1|maniac916|1|1049
|player|p2|kokomiiiii|lillie-masters|1053
|gen|9
|tier|[Gen 9] VGC 2025 Reg H (Bo3)
|rated|
|rule|Species Clause: Limit one of each Pokémon
|rule|Item Clause: Limit 1 of each item
|clearpoke
|poke|p1|Gholdengo, L50|
|poke|p1|Kilowattrel, L50, M|
|poke|p1|Garchomp, L50, M|
|poke|p1|Incineroar, L50, F|
|poke|p1|Amoonguss, L50, F|
|poke|p1|Tyranitar, L50, M|
|poke|p2|Dragonite, L50, F|
|poke|p2|Sneasler, L50, M|
|poke|p2|Rillaboom, L50, F|
|poke|p2|Volcarona, L50, F|
|poke|p2|Ninetales-Alola, L50, M|
|poke|p2|Incineroar, L50, M|
|teampreview|4
|showteam|p1|Gholdengo||MetalCoat|GoodasGold|MakeItRain,NastyPlot,ShadowBall,Protect||||||50|,,,,,Flying]Kilowattrel||CovertCloak|Competitive|AirSlash,Tailwind,Thunderbolt,Protect|||M|||50|,,,,,Fairy]Garchomp||LifeOrb|RoughSkin|StompingTantrum,DragonClaw,Earthquake,Protect|||M|||50|,,,,,Fire]Incineroar||SafetyGoggles|Intimidate|FakeOut,FlareBlitz,KnockOff,PartingShot|||F|||50|,,,,,Grass]Amoonguss||SitrusBerry|Regenerator|Spore,RagePowder,PollenPuff,Protect|||F|||50|,,,,,Water]Tyranitar||AssaultVest|SandStream|RockSlide,KnockOff,LowKick,TeraBlast|||M|||50|,,,,,Flying
|showteam|p2|Dragonite||LoadedDice|Multiscale|ScaleShot,StompingTantrum,Haze,Protect|||F|||50|,,,,,Fairy]Sneasler||GrassySeed|Unburden|DireClaw,CloseCombat,ThroatChop,Protect|||M|||50|,,,,,Dark]Rillaboom||AssaultVest|GrassySurge|FakeOut,WoodHammer,GrassyGlide,Uturn|||F|||50|,,,,,Fire]Volcarona||Leftovers|FlameBody|HeatWave,TeraBlast,QuiverDance,Protect|||F|||50|,,,,,Fairy]Ninetales-Alola||FocusSash|SnowWarning|IcyWind,AuroraVeil,Blizzard,Encore|||M|||50|,,,,,Ghost]Incineroar||SafetyGoggles|Intimidate|FakeOut,KnockOff,FlareBlitz,PartingShot|||M|||50|,,,,,Ghost
|
|t:|1757741152
|teamsize|p1|4
|teamsize|p2|4
|start
|switch|p1a: Kilowattrel|Kilowattrel, L50, M|100/100
|switch|p1b: Garchomp|Garchomp, L50, M|100/100
|switch|p2a: Volcarona|Volcarona, L50, F, shiny|100/100
|switch|p2b: Midcineroar|Incineroar, L50, M, shiny|100/100
|-ability|p2b: Midcineroar|Intimidate|boost
|-unboost|p1a: Kilowattrel|atk|1
|-ability|p1a: Kilowattrel|Competitive|boost
|-boost|p1a: Kilowattrel|spa|2
|-unboost|p1b: Garchomp|atk|1
|turn|1
|
|t:|1757741175
|move|p2b: Midcineroar|Fake Out|p1a: Kilowattrel
|-damage|p1a: Kilowattrel|82/100
|move|p1a: Kilowattrel|Tailwind|p1a: Kilowattrel
|-sidestart|p1: maniac916|move: Tailwind
|move|p1b: Garchomp|Earthquake|p2b: Midcineroar|[spread] p2a,p2b
|-immune|p1a: Kilowattrel
|-supereffective|p2b: Midcineroar
|-damage|p2a: Volcarona|61/100
|-damage|p2b: Midcineroar|37/100
|-damage|p1b: Garchomp|91/100|[from] item: Life Orb
|move|p2a: Volcarona|Quiver Dance|p2a: Volcarona
|-boost|p2a: Volcarona|spa|1
|-boost|p2a: Volcarona|spd|1
|-boost|p2a: Volcarona|spe|1
|
|-heal|p2a: Volcarona|68/100|[from] item: Leftovers
|upkeep
|turn|2
|
|t:|1757741196
|switch|p2b: Rillaboom|Rillaboom, L50, F, shiny|100/100
|-fieldstart|move: Grassy Terrain|[from] ability: Grassy Surge|[of] p2b: Rillaboom
|move|p2a: Volcarona|Protect|p2a: Volcarona
|-singleturn|p2a: Volcarona|Protect
|move|p1a: Kilowattrel|Air Slash|p2a: Volcarona
|-activate|p2a: Volcarona|move: Protect
|move|p1b: Garchomp|Earthquake|p2b: Rillaboom|[spread] p2b
|-activate|p2a: Volcarona|move: Protect
|-immune|p1a: Kilowattrel
|-resisted|p2b: Rillaboom
|-damage|p2b: Rillaboom|93/100
|-damage|p1b: Garchomp|81/100|[from] item: Life Orb
|
|-heal|p1b: Garchomp|87/100|[from] Grassy Terrain
|-heal|p2a: Volcarona|74/100|[from] Grassy Terrain
|-heal|p2a: Volcarona|80/100|[from] item: Leftovers
|-heal|p2b: Rillaboom|99/100|[from] Grassy Terrain
|upkeep
|turn|3
|inactive|Battle timer is ON: inactive players will automatically lose when time's up. (requested by maniac916)
|
|t:|1757741218
|switch|p1a: Incineroar|Incineroar, L50, F, shiny|100/100
|-ability|p1a: Incineroar|Intimidate|boost
|-unboost|p2a: Volcarona|atk|1
|-unboost|p2b: Rillaboom|atk|1
|-terastallize|p2a: Volcarona|Fairy
|move|p1b: Garchomp|Protect|p1b: Garchomp
|-singleturn|p1b: Garchomp|Protect
|move|p2a: Volcarona|Heat Wave|p1a: Incineroar|[spread] p1a
|-activate|p1b: Garchomp|move: Protect
|-resisted|p1a: Incineroar
|-damage|p1a: Incineroar|75/100
|move|p2b: Rillaboom|Wood Hammer|p1a: Incineroar
|-resisted|p1a: Incineroar
|-damage|p1a: Incineroar|50/100
|-damage|p2b: Rillaboom|91/100|[from] Recoil
|
|-heal|p1b: Garchomp|93/100|[from] Grassy Terrain
|-heal|p1a: Incineroar|57/100|[from] Grassy Terrain
|-heal|p2a: Volcarona|86/100|[from] Grassy Terrain
|-heal|p2a: Volcarona|93/100|[from] item: Leftovers
|-heal|p2b: Rillaboom|97/100|[from] Grassy Terrain
|upkeep
|turn|4
|inactive|maniac916 has 30 seconds left.
|inactive|maniac916 has 20 seconds left.
|inactive|maniac916 has 15 seconds left.
|inactive|maniac916 has 10 seconds left.
|inactive|maniac916 has 5 seconds left.
|
|t:|1757741269
|switch|p1b: Kilowattrel|Kilowattrel, L50, M|82/100
|move|p1a: Incineroar|Fake Out|p2a: Volcarona
|-damage|p2a: Volcarona|78/100
|cant|p2a: Volcarona|flinch
|move|p2b: Rillaboom|U-turn|p1a: Incineroar
|-damage|p1a: Incineroar|40/100
|inactive|kokomiiiii has 30 seconds left.
|
|t:|1757741296
|switch|p2b: Sneasler|Sneasler, L50, M, shiny|100/100|[from] U-turn
|-enditem|p2b: Sneasler|Grassy Seed
|-boost|p2b: Sneasler|def|1|[from] item: Grassy Seed
|
|-heal|p1a: Incineroar|46/100|[from] Grassy Terrain
|-heal|p2a: Volcarona|84/100|[from] Grassy Terrain
|-heal|p2a: Volcarona|91/100|[from] item: Leftovers
|-sideend|p1: maniac916|move: Tailwind
|upkeep
|turn|5
|inactive|maniac916 has 30 seconds left.
|
|t:|1757741321
|move|p2b: Sneasler|Dire Claw|p1b: Kilowattrel
|-damage|p1b: Kilowattrel|0 fnt
|faint|p1b: Kilowattrel
|move|p2a: Volcarona|Heat Wave|p1a: Incineroar
|-resisted|p1a: Incineroar
|-damage|p1a: Incineroar|10/100
|move|p1a: Incineroar|Knock Off|p2a: Volcarona
|-resisted|p2a: Volcarona
|-crit|p2a: Volcarona
|-damage|p2a: Volcarona|50/100
|-enditem|p2a: Volcarona|Leftovers|[from] move: Knock Off|[of] p1a: Incineroar
|
|-heal|p2a: Volcarona|56/100|[from] Grassy Terrain
|-heal|p1a: Incineroar|16/100|[from] Grassy Terrain
|upkeep
|
|t:|1757741338
|switch|p1b: Tyranitar|Tyranitar, L50, M|100/100
|-weather|Sandstorm|[from] ability: Sand Stream|[of] p1b: Tyranitar
|turn|6
|inactive|kokomiiiii has 30 seconds left.
|
|t:|1757741372
|switch|p1a: Garchomp|Garchomp, L50, M|93/100
|move|p2b: Sneasler|Dire Claw|p1b: Tyranitar
|-resisted|p1b: Tyranitar
|-damage|p1b: Tyranitar|84/100
|-status|p1b: Tyranitar|psn
|move|p2a: Volcarona|Heat Wave|p1b: Tyranitar|[spread] p1a,p1b
|-resisted|p1a: Garchomp
|-resisted|p1b: Tyranitar
|-damage|p1a: Garchomp|63/100
|-damage|p1b: Tyranitar|75/100 psn
|-status|p1a: Garchomp|brn
|move|p1b: Tyranitar|Rock Slide|p2a: Volcarona|[spread] p2a,p2b
|-resisted|p2b: Sneasler
|-damage|p2a: Volcarona|22/100
|-damage|p2b: Sneasler|85/100
|
|-weather|Sandstorm|[upkeep]
|-damage|p2b: Sneasler|79/100|[from] Sandstorm
|-damage|p2a: Volcarona|16/100|[from] Sandstorm
|-heal|p2b: Sneasler|85/100|[from] Grassy Terrain
|-heal|p2a: Volcarona|22/100|[from] Grassy Terrain
|-heal|p1a: Garchomp|69/100 brn|[from] Grassy Terrain
|-heal|p1b: Tyranitar|81/100 psn|[from] Grassy Terrain
|-damage|p1b: Tyranitar|68/100 psn|[from] psn
|-damage|p1a: Garchomp|63/100 brn|[from] brn
|-fieldend|move: Grassy Terrain
|upkeep
|turn|7
|inactive|maniac916 has 30 seconds left.
|inactive|maniac916 has 20 seconds left.
|inactive|maniac916 has 15 seconds left.
|inactive|maniac916 has 10 seconds left.
|
|t:|1757741418
|switch|p2b: Rillaboom|Rillaboom, L50, F, shiny|97/100
|-fieldstart|move: Grassy Terrain|[from] ability: Grassy Surge|[of] p2b: Rillaboom
|-terastallize|p1b: Tyranitar|Flying
|move|p2a: Volcarona|Protect|p2a: Volcarona
|-singleturn|p2a: Volcarona|Protect
|move|p1a: Garchomp|Dragon Claw|p2b: Rillaboom
|-damage|p2b: Rillaboom|69/100
|-damage|p1a: Garchomp|54/100 brn|[from] item: Life Orb
|move|p1b: Tyranitar|Tera Blast|p2b: Rillaboom|[anim] Tera Blast Flying
|-supereffective|p2b: Rillaboom
|-damage|p2b: Rillaboom|0 fnt
|faint|p2b: Rillaboom
|
|-weather|Sandstorm|[upkeep]
|-damage|p2a: Volcarona|16/100|[from] Sandstorm
|-damage|p1b: Tyranitar|63/100 psn|[from] Sandstorm
|-heal|p2a: Volcarona|22/100|[from] Grassy Terrain
|-heal|p1a: Garchomp|60/100 brn|[from] Grassy Terrain
|-damage|p1b: Tyranitar|50/100 psn|[from] psn
|-damage|p1a: Garchomp|54/100 brn|[from] brn
|upkeep
|
|t:|1757741431
|switch|p2b: Midcineroar|Incineroar, L50, M, shiny|37/100
|-ability|p2b: Midcineroar|Intimidate|boost
|-unboost|p1a: Garchomp|atk|1
|-unboost|p1b: Tyranitar|atk|1
|turn|8
|
|t:|1757741449
|move|p2b: Midcineroar|Fake Out|p1b: Tyranitar
|-damage|p1b: Tyranitar|42/100 psn
|move|p2a: Volcarona|Tera Blast|p1a: Garchomp|[anim] Tera Blast Fairy
|-supereffective|p1a: Garchomp
|-damage|p1a: Garchomp|0 fnt
|faint|p1a: Garchomp
|cant|p1b: Tyranitar|flinch
|
|-weather|Sandstorm|[upkeep]
|-damage|p2a: Volcarona|16/100|[from] Sandstorm
|-damage|p1b: Tyranitar|36/100 psn|[from] Sandstorm
|-heal|p2a: Volcarona|22/100|[from] Grassy Terrain
|-heal|p2b: Midcineroar|43/100|[from] Grassy Terrain
|-damage|p1b: Tyranitar|24/100 psn|[from] psn
|upkeep
|
|t:|1757741466
|switch|p1a: Incineroar|Incineroar, L50, F, shiny|16/100
|-ability|p1a: Incineroar|Intimidate|boost
|-unboost|p2a: Volcarona|atk|1
|-unboost|p2b: Midcineroar|atk|1
|turn|9
|inactive|maniac916 has 30 seconds left.
|
|t:|1757741493
|move|p2a: Volcarona|Protect|p2a: Volcarona
|-singleturn|p2a: Volcarona|Protect
|move|p1a: Incineroar|Fake Out|p2b: Midcineroar
|-damage|p2b: Midcineroar|31/100
|move|p1b: Tyranitar|Tera Blast|p2b: Midcineroar|[anim] Tera Blast Flying
|-damage|p2b: Midcineroar|2/100
|cant|p2b: Midcineroar|flinch
|
|-weather|Sandstorm|[upkeep]
|-damage|p2a: Volcarona|16/100|[from] Sandstorm
|-damage|p1b: Tyranitar|18/100 psn|[from] Sandstorm
|-heal|p2a: Volcarona|22/100|[from] Grassy Terrain
|-heal|p1a: Incineroar|22/100|[from] Grassy Terrain
|-heal|p2b: Midcineroar|8/100|[from] Grassy Terrain
|-damage|p1b: Tyranitar|6/100 psn|[from] psn
|upkeep
|turn|10
|
|t:|1757741514
|move|p2a: Volcarona|Heat Wave|p1a: Incineroar|[spread] p1a,p1b
|-resisted|p1a: Incineroar
|-damage|p1a: Incineroar|0 fnt
|-damage|p1b: Tyranitar|0 fnt
|faint|p1a: Incineroar
|faint|p1b: Tyranitar
|
|win|kokomiiiii
