|j|☆insane luck
|j|☆25th_mang
|html|insane luck25th_mang    
|uhtml|bestof|Game 1 of a best-of-3
|t:|1782351201
|gametype|doubles
|player|p1|insane luck|colress|1137
|player|p2|25th_mang|ballguy|1190
|gen|9
|tier|[Gen 9 Champions] VGC 2026 Reg M-B (Bo3)
|rated|
|rule|Species Clause: Limit one of each Pokémon
|rule|Item Clause: Limit 1 of each item
|clearpoke
|poke|p1|Staraptor, L50, M|
|poke|p1|Whimsicott, L50, F|
|poke|p1|Froslass, L50, F|
|poke|p1|Kingambit, L50, M|
|poke|p1|Sinistcha, L50|
|poke|p1|Basculegion, L50, M|
|poke|p2|Crabominable, L50, M|
|poke|p2|Farigiraf, L50, F|
|poke|p2|Incineroar, L50, M|
|poke|p2|Archaludon, L50, M|
|poke|p2|Pelipper, L50, M|
|poke|p2|Sinistcha, L50|
|teampreview|4
|showteam|p1|Staraptor||Staraptite|Intimidate|CloseCombat,BraveBird,Protect,Roost|Jolly||M|||50|]Whimsicott||FocusSash|Prankster|Encore,Tailwind,Moonblast,Charm|Bold||F|||50|]Froslass||Froslassite|SnowCloak|Blizzard,IceBeam,ShadowBall,Protect|Timid||F|||50|]Kingambit||ChopleBerry|Defiant|IronHead,LowKick,SwordsDance,SuckerPunch|Adamant||M|||50|]Sinistcha||SitrusBerry|Hospitality|MatchaGotcha,ShadowBall,RagePowder,Imprison|Bold|||||50|]Basculegion||QuickClaw|SwiftSwim|LastRespects,WaveCrash,PsychicFangs,Protect|Jolly||M|||50|
|showteam|p2|Crabominable||Crabominite|HyperCutter|IceHammer,DrainPunch,Protect,ThunderPunch|Brave||M|||50|]Farigiraf||MentalHerb|ArmorTail|TrickRoom,Psychic,HyperVoice,HelpingHand|Relaxed||F|||50|]Incineroar||Charcoal|Intimidate|FakeOut,FlareBlitz,Assurance,Snarl|Adamant||M|||50|]Archaludon||Magnet|Stalwart|ElectroShot,AuraSphere,DracoMeteor,Protect|Quiet||M|||50|]Pelipper||SharpBeak|Drizzle|Hurricane,WeatherBall,WideGuard,Protect|Modest||M|||50|]Sinistcha||SitrusBerry|Hospitality|MatchaGotcha,RagePowder,LifeDew,TrickRoom|Relaxed|||||50|
|inactive|Battle timer is ON: inactive players will automatically lose when time's up. (requested by insane luck)
|inactive|25th_mang also wants the timer to be on.
|inactive|insane luck has 60 seconds left.
|inactive|25th_mang has 60 seconds left.
|
|t:|1782351251
|teamsize|p1|4
|teamsize|p2|4
|start
|switch|p1a: Kingambit|Kingambit, L50, M|100/100
|switch|p1b: Whimsicott|Whimsicott, L50, F|100/100
|switch|p2a: My1stFlip|Farigiraf, L50, F|100/100
|switch|p2b: My1stRoar|Incineroar, L50, M|100/100
|-ability|p2b: My1stRoar|Intimidate|boost
|-unboost|p1a: Kingambit|atk|1
|-ability|p1a: Kingambit|Defiant|boost
|-boost|p1a: Kingambit|atk|2
|-unboost|p1b: Whimsicott|atk|1
|turn|1
|inactive|insane luck has 30 seconds left.
|
|t:|1782351280
|move|p2b: My1stRoar|Fake Out|p1a: Kingambit
|-resisted|p1a: Kingambit|1
|-damage|p1a: Kingambit|95/100
|move|p1b: Whimsicott|Moonblast|p2a: My1stFlip
|-damage|p2a: My1stFlip|74/100
|cant|p1a: Kingambit|flinch
|move|p2a: My1stFlip|Trick Room|p2a: My1stFlip
|-fieldstart|move: Trick Room|[of] p2a: My1stFlip
|
|upkeep
|turn|2
|
|t:|1782351299
|move|p1a: Kingambit|Iron Head|p2a: My1stFlip
|-damage|p2a: My1stFlip|21/100
|move|p2a: My1stFlip|Psychic|p1b: Whimsicott
|-damage|p1b: Whimsicott|59/100
|move|p2b: My1stRoar|Flare Blitz|p1a: Kingambit
|-supereffective|p1a: Kingambit|1
|-damage|p1a: Kingambit|1/100
|-damage|p2b: My1stRoar|65/100|[from] Recoil
|move|p1b: Whimsicott|Moonblast|p2a: My1stFlip
|-damage|p2a: My1stFlip|0 fnt
|faint|p2a: My1stFlip
|
|upkeep
|
|t:|1782351312
|switch|p2a: Hockey Rivalry|Crabominable, L50, M|100/100
|turn|3
|
|t:|1782351328
|switch|p1a: Froslass|Froslass, L50, F|100/100
|move|p1b: Whimsicott|Charm|p2a: Hockey Rivalry
|-fail|p2a: Hockey Rivalry|unboost|Attack|[from] ability: Hyper Cutter|[of] p2a: Hockey Rivalry
|move|p2a: Hockey Rivalry|Drain Punch|p1a: Froslass
|-immune|p1a: Froslass
|move|p2b: My1stRoar|Flare Blitz|p1b: Whimsicott
|-supereffective|p1b: Whimsicott|1
|-damage|p1b: Whimsicott|0 fnt
|faint|p1b: Whimsicott
|-damage|p2b: My1stRoar|47/100|[from] Recoil
|
|upkeep
|inactive|insane luck has 30 seconds left.
|
|t:|1782351354
|switch|p1b: Kingambit|Kingambit, L50, M|1/100
|turn|4
|
|t:|1782351372
|switch|p1b: Basculegion|Basculegion, L50, M|100/100
|move|p1a: Froslass|Protect|p1a: Froslass
|-singleturn|p1a: Froslass|Protect
|move|p2a: Hockey Rivalry|Thunder Punch|p1b: Basculegion
|-supereffective|p1b: Basculegion|1
|-damage|p1b: Basculegion|30/100
|move|p2b: My1stRoar|Flare Blitz|p1a: Froslass
|-activate|p1a: Froslass|move: Protect
|
|upkeep
|turn|5
|-activate|p1b: Basculegion|item: Quick Claw
|
|t:|1782351391
|switch|p1a: Kingambit|Kingambit, L50, M|1/100
|detailschange|p2a: Hockey Rivalry|Crabominable-Mega, L50, M
|-mega|p2a: Hockey Rivalry|Crabominable|Crabominite
|move|p1b: Basculegion|Protect|p1b: Basculegion
|-singleturn|p1b: Basculegion|Protect
|move|p2a: Hockey Rivalry|Thunder Punch|p1b: Basculegion
|-activate|p1b: Basculegion|move: Protect
|move|p2b: My1stRoar|Flare Blitz|p1a: Kingambit
|-supereffective|p1a: Kingambit|1
|-damage|p1a: Kingambit|0 fnt
|faint|p1a: Kingambit
|-damage|p2b: My1stRoar|47/100|[from] Recoil
|
|-fieldend|move: Trick Room
|upkeep
|
|t:|1782351401
|switch|p1a: Froslass|Froslass, L50, F|100/100
|turn|6
|inactive|25th_mang has 30 seconds left.
|
|t:|1782351427
|switch|p2b: Stup!b|Pelipper, L50, M|100/100
|-weather|RainDance|[from] ability: Drizzle|[of] p2b: Stup!b
|detailschange|p1a: Froslass|Froslass-Mega, L50, F
|-mega|p1a: Froslass|Froslass|Froslassite
|-weather|Snowscape|[from] ability: Snow Warning|[of] p1a: Froslass
|move|p1a: Froslass|Shadow Ball|p2a: Hockey Rivalry
|-damage|p2a: Hockey Rivalry|66/100
|move|p1b: Basculegion|Wave Crash|p2b: Stup!b
|-resisted|p2b: Stup!b|1
|-damage|p2b: Stup!b|71/100
|-damage|p1b: Basculegion|22/100|[from] Recoil
|move|p2a: Hockey Rivalry|Thunder Punch|p1b: Basculegion
|-supereffective|p1b: Basculegion|1
|-damage|p1b: Basculegion|0 fnt
|faint|p1b: Basculegion
|
|-weather|Snowscape|[upkeep]
|upkeep
|turn|7
|inactive|25th_mang has 30 seconds left.
|
|t:|1782351453
|move|p1a: Froslass|Blizzard|p2a: Hockey Rivalry|[spread] p2a,p2b
|-resisted|p2a: Hockey Rivalry|1
|-damage|p2a: Hockey Rivalry|48/100
|-damage|p2b: Stup!b|10/100
|move|p2b: Stup!b|Hurricane|p1a: Froslass|[miss]
|-miss|p2b: Stup!b|p1a: Froslass
|move|p2a: Hockey Rivalry|Thunder Punch|p1a: Froslass
|-damage|p1a: Froslass|57/100
|
|-weather|Snowscape|[upkeep]
|upkeep
|turn|8
|
|t:|1782351469
|move|p2b: Stup!b|Wide Guard|p2b: Stup!b
|-singleturn|p2b: Stup!b|Wide Guard
|move|p1a: Froslass|Shadow Ball|p2a: Hockey Rivalry
|-damage|p2a: Hockey Rivalry|11/100
|move|p2a: Hockey Rivalry|Thunder Punch|p1a: Froslass
|-damage|p1a: Froslass|18/100
|
|-weather|Snowscape|[upkeep]
|upkeep
|turn|9
|
|t:|1782351494
|move|p2b: Stup!b|Wide Guard|p2b: Stup!b
|-singleturn|p2b: Stup!b|Wide Guard
|move|p1a: Froslass|Blizzard|p2b: Stup!b|[spread] 
|-activate|p2a: Hockey Rivalry|move: Wide Guard
|-activate|p2b: Stup!b|move: Wide Guard
|move|p2a: Hockey Rivalry|Thunder Punch|p1a: Froslass
|-damage|p1a: Froslass|0 fnt
|faint|p1a: Froslass
|
|win|25th_mang
||insane luck is ready for game 2.
|inactive|25th_mang has 30 seconds to confirm battle start!
