|j|☆Pukeej
|j|☆Cristante terabug
|html|PukeejCristante terabug    
|uhtml|bestof|Game 1 of a best-of-3
|t:|1756373998
|gametype|doubles
|player|p1|Pukeej|wattson|1159
|player|p2|Cristante terabug|kieran-champion|1112
|gen|9
|tier|[Gen 9] VGC 2025 Reg H (Bo3)
|rated|
|rule|Species Clause: Limit one of each Pokémon
|rule|Item Clause: Limit 1 of each item
|clearpoke
|poke|p1|Garchomp, L50, F|
|poke|p1|Hydreigon, L50, M|
|poke|p1|Gholdengo, L50|
|poke|p1|Electabuzz, L50, F|
|poke|p1|Incineroar, L50, M|
|poke|p1|Sneasler, L50, F|
|poke|p2|Tyranitar, L50, M|
|poke|p2|Kommo-o, L50, M|
|poke|p2|Primarina, L50, M|
|poke|p2|Corviknight, L50, M|
|poke|p2|Incineroar, L50, F|
|poke|p2|Sinistcha, L50|
|teampreview|4
|showteam|p1|Garchomp||LifeOrb|RoughSkin|Earthquake,StompingTantrum,DragonClaw,Protect|||F|||50|,,,,,Ground]Hydreigon||CovertCloak|Levitate|DracoMeteor,Snarl,Tailwind,Protect|||M|||50|,,,,,Fire]Gholdengo||Leftovers|GoodasGold|MakeItRain,ShadowBall,NastyPlot,Protect||||||50|,,,,,Flying]Electabuzz||Eviolite|VitalSpirit|Electroweb,FollowMe,Taunt,Protect|||F|||50|,,,,,Ghost]Incineroar||SafetyGoggles|Intimidate|FakeOut,KnockOff,FlareBlitz,PartingShot|||M|||50|,,,,,Ghost]Sneasler||ClearAmulet|PoisonTouch|CloseCombat,DireClaw,Coaching,Protect|||F|||50|,,,,,Stellar
|showteam|p2|Tyranitar||AssaultVest|SandStream|KnockOff,LowKick,RockSlide,TeraBlast|||M|||50|,,,,,Flying]Kommo-o||Leftovers|Overcoat|BodyPress,IronDefense,ThroatChop,Protect|||M|||50|,,,,,Steel]Primarina||MysticWater|LiquidVoice|Haze,Moonblast,HyperVoice,Protect|||M|||50|,,,,,Poison]Corviknight||SitrusBerry|MirrorArmor|BraveBird,BulkUp,Roost,Tailwind|||M|||50|,,,,,Ghost]Incineroar||SafetyGoggles|Intimidate|KnockOff,PartingShot,FlareBlitz,FakeOut|||F|||50|,,,,,Ghost]Sinistcha||RockyHelmet|Hospitality|Protect,MatchaGotcha,RagePowder,ShadowBall||||||50|,,,,,Water
|inactive|Battle timer is ON: inactive players will automatically lose when time's up. (requested by Pukeej)
|
|t:|1756374046
|teamsize|p1|4
|teamsize|p2|4
|start
|switch|p1a: Electabuzz|Electabuzz, L50, F|100/100
|switch|p1b: Gholdengo|Gholdengo, L50|100/100
|switch|p2a: Basil|Incineroar, L50, F|100/100
|switch|p2b: Aubrey|Primarina, L50, M|100/100
|-ability|p2a: Basil|Intimidate|boost
|-unboost|p1a: Electabuzz|atk|1
|-unboost|p1b: Gholdengo|atk|1
|turn|1
|inactive|Cristante terabug has 30 seconds left.
|inactive|Cristante terabug has 20 seconds left.
|inactive|Cristante terabug has 15 seconds left.
|
|t:|1756374089
|move|p1b: Gholdengo|Protect|p1b: Gholdengo
|-singleturn|p1b: Gholdengo|Protect
|move|p1a: Electabuzz|Electroweb|p2b: Aubrey|[spread] p2a,p2b
|-supereffective|p2b: Aubrey
|-damage|p2a: Basil|88/100
|-damage|p2b: Aubrey|77/100
|-unboost|p2a: Basil|spe|1
|-unboost|p2b: Aubrey|spe|1
|move|p2a: Basil|Knock Off|p1b: Gholdengo
|-activate|p1b: Gholdengo|move: Protect
|move|p2b: Aubrey|Hyper Voice|p1a: Electabuzz|[spread] p1a
|-activate|p1b: Gholdengo|move: Protect
|-damage|p1a: Electabuzz|67/100
|
|upkeep
|turn|2
|inactive|Pukeej has 30 seconds left.
|inactive|Cristante terabug has 30 seconds left.
|
|t:|1756374116
|-terastallize|p2b: Aubrey|Poison
|move|p1a: Electabuzz|Electroweb|p2b: Aubrey|[spread] p2a,p2b
|-damage|p2a: Basil|75/100
|-damage|p2b: Aubrey|65/100
|-unboost|p2a: Basil|spe|1
|-unboost|p2b: Aubrey|spe|1
|move|p1b: Gholdengo|Make It Rain|p2a: Basil|[spread] p2a,p2b
|-resisted|p2a: Basil
|-damage|p2a: Basil|52/100
|-damage|p2b: Aubrey|25/100
|-unboost|p1b: Gholdengo|spa|1
|move|p2a: Basil|Knock Off|p1b: Gholdengo
|-supereffective|p1b: Gholdengo
|-damage|p1b: Gholdengo|24/100
|-enditem|p1b: Gholdengo|Leftovers|[from] move: Knock Off|[of] p2a: Basil
|move|p2b: Aubrey|Haze|p2b: Aubrey
|-clearallboost
|
|upkeep
|turn|3
|inactive|Cristante terabug has 30 seconds left.
|
|t:|1756374143
|move|p1b: Gholdengo|Protect|p1b: Gholdengo
|-singleturn|p1b: Gholdengo|Protect
|move|p2b: Aubrey|Protect|p2b: Aubrey
|-singleturn|p2b: Aubrey|Protect
|move|p1a: Electabuzz|Electroweb|p2b: Aubrey|[spread] p2a
|-activate|p2b: Aubrey|move: Protect
|-damage|p2a: Basil|41/100
|-unboost|p2a: Basil|spe|1
|move|p2a: Basil|Knock Off|p1a: Electabuzz
|-damage|p1a: Electabuzz|31/100
|-enditem|p1a: Electabuzz|Eviolite|[from] move: Knock Off|[of] p2a: Basil
|
|upkeep
|turn|4
|
|t:|1756374163
|move|p1a: Electabuzz|Electroweb|p2a: Basil|[spread] p2a,p2b
|-damage|p2a: Basil|28/100
|-damage|p2b: Aubrey|14/100
|-unboost|p2a: Basil|spe|1
|-unboost|p2b: Aubrey|spe|1
|move|p1b: Gholdengo|Make It Rain|p2b: Aubrey|[spread] p2a,p2b
|-resisted|p2a: Basil
|-damage|p2a: Basil|3/100
|-damage|p2b: Aubrey|0 fnt
|-unboost|p1b: Gholdengo|spa|1
|faint|p2b: Aubrey
|move|p2a: Basil|Flare Blitz|p1b: Gholdengo
|-supereffective|p1b: Gholdengo
|-damage|p1b: Gholdengo|0 fnt
|faint|p1b: Gholdengo
|-damage|p2a: Basil|0 fnt|[from] Recoil
|faint|p2a: Basil
|
|upkeep
|
|t:|1756374177
|switch|p1b: Hydreigon|Hydreigon, L50, M|100/100
|switch|p2a: Omori|Kommo-o, L50, M|100/100
|switch|p2b: Hero|Tyranitar, L50, M|100/100
|-weather|Sandstorm|[from] ability: Sand Stream|[of] p2b: Hero
|turn|5
|
|t:|1756374200
|move|p1b: Hydreigon|Protect|p1b: Hydreigon
|-singleturn|p1b: Hydreigon|Protect
|move|p2a: Omori|Protect|p2a: Omori
|-singleturn|p2a: Omori|Protect
|move|p1a: Electabuzz|Taunt|p2a: Omori
|-activate|p2a: Omori|move: Protect
|move|p2b: Hero|Rock Slide|p1b: Hydreigon|[spread] p1a
|-activate|p1b: Hydreigon|move: Protect
|-damage|p1a: Electabuzz|0 fnt
|faint|p1a: Electabuzz
|
|-weather|Sandstorm|[upkeep]
|-damage|p1b: Hydreigon|95/100|[from] Sandstorm
|upkeep
|
|t:|1756374205
|switch|p1a: Garchomp|Garchomp, L50, F|100/100
|turn|6
|
|t:|1756374218
|-terastallize|p1a: Garchomp|Ground
|move|p1b: Hydreigon|Draco Meteor|p2a: Omori|[miss]
|-miss|p1b: Hydreigon|p2a: Omori
|move|p1a: Garchomp|Earthquake|p2b: Hero|[spread] p2a,p2b
|-immune|p1b: Hydreigon|[from] ability: Levitate
|-crit|p2a: Omori
|-supereffective|p2b: Hero
|-damage|p2a: Omori|21/100
|-damage|p2b: Hero|0 fnt
|faint|p2b: Hero
|-damage|p1a: Garchomp|91/100|[from] item: Life Orb
|move|p2a: Omori|Body Press|p1b: Hydreigon
|-supereffective|p1b: Hydreigon
|-damage|p1b: Hydreigon|9/100
|
|-weather|Sandstorm|[upkeep]
|-damage|p1b: Hydreigon|3/100|[from] Sandstorm
|-heal|p2a: Omori|27/100|[from] item: Leftovers
|upkeep
|turn|7
|
|t:|1756374231
|move|p2a: Omori|Protect|p2a: Omori
|-singleturn|p2a: Omori|Protect
|move|p1b: Hydreigon|Draco Meteor|p2a: Omori
|-activate|p2a: Omori|move: Protect
|move|p1a: Garchomp|Earthquake|p2a: Omori|[spread] 
|-activate|p2a: Omori|move: Protect
|-immune|p1b: Hydreigon|[from] ability: Levitate
|
|-weather|Sandstorm|[upkeep]
|-damage|p1b: Hydreigon|0 fnt|[from] Sandstorm
|faint|p1b: Hydreigon
|-heal|p2a: Omori|33/100|[from] item: Leftovers
|upkeep
|turn|8
|
|t:|1756374244
|move|p1a: Garchomp|Earthquake|p2a: Omori
|-damage|p2a: Omori|0 fnt
|faint|p2a: Omori
|-damage|p1a: Garchomp|81/100|[from] item: Life Orb
|
|win|Pukeej
