|j|☆dialghite
|j|☆Astterio
|html|dialghiteAstterio    
|uhtml|bestof|Game 2 of a best-of-3
|t:|1756394327
|gametype|doubles
|player|p1|dialghite|volkner|1428
|player|p2|Astterio|eusine|1363
|gen|9
|tier|[Gen 9] VGC 2025 Reg H (Bo3)
|rated|
|rule|Species Clause: Limit one of each Pokémon
|rule|Item Clause: Limit 1 of each item
|clearpoke
|poke|p1|Whimsicott, L50, F|
|poke|p1|Pelipper, L50, F|
|poke|p1|Indeedee, L50, M|
|poke|p1|Sneasler, L50, M|
|poke|p1|Ursaluna-Bloodmoon, L50, M|
|poke|p1|Archaludon, L50, M|
|poke|p2|Ninetales-Alola, L50, M|
|poke|p2|Dragonite, L50, M|
|poke|p2|Incineroar, L50, F|
|poke|p2|Annihilape, L50, M|
|poke|p2|Ursaluna-Bloodmoon, L50, M|
|poke|p2|Basculegion, L50, M|
|teampreview|4
|showteam|p1|Whimsicott||CovertCloak|Prankster|Moonblast,Taunt,Tailwind,FakeTears|||F|||50|,,,,,Water]Pelipper||ChoiceScarf|Drizzle|MuddyWater,WeatherBall,Hurricane,IcyWind|||F|||50|,,,,,Ghost]Indeedee||FocusSash|PsychicSurge|ExpandingForce,TeraBlast,Imprison,TrickRoom|||M|||50|,,,,,Psychic]Sneasler||PsychicSeed|Unburden|CloseCombat,DireClaw,ThroatChop,Protect|||M|||50|,,,,,Dark]Ursaluna-Bloodmoon||LifeOrb|MindsEye|HyperVoice,BloodMoon,EarthPower,Protect|||M|||50|,,,,,Normal]Archaludon||PowerHerb|Stalwart|ElectroShot,DragonPulse,Thunderbolt,Protect|||M|||50|,,,,,Electric
|showteam|p2|Ninetales-Alola||FocusSash|SnowWarning|Blizzard,Moonblast,Encore,Protect|||M|||50|,,,,,Ghost]Dragonite||LoadedDice|Multiscale|ScaleShot,Haze,Tailwind,Protect|||M|||50|,,,,,Steel]Incineroar||SafetyGoggles|Intimidate|FakeOut,PartingShot,KnockOff,FlareBlitz|||F|||50|,,,,,Ghost]Annihilape||LumBerry|Defiant|Taunt,CloseCombat,RageFist,Protect|||M|||50|,,,,,Water]Ursaluna-Bloodmoon||AssaultVest|MindsEye|BloodMoon,HyperVoice,EarthPower,VacuumWave|||M|||50|,,,,,Poison]Basculegion||ChoiceScarf|Adaptability|WaveCrash,LastRespects,FlipTurn,TeraBlast|||M|||50|,,,,,Ghost
|inactive|Battle timer is ON: inactive players will automatically lose when time's up. (requested by dialghite)
|
|t:|1756394340
|teamsize|p1|4
|teamsize|p2|4
|start
|switch|p1a: Whimsicott|Whimsicott, L50, F|100/100
|switch|p1b: Ursaluna|Ursaluna-Bloodmoon, L50, M|100/100
|switch|p2a: Ninetales|Ninetales-Alola, L50, M, shiny|100/100
|switch|p2b: Ursaluna|Ursaluna-Bloodmoon, L50, M|100/100
|-weather|Snowscape|[from] ability: Snow Warning|[of] p2a: Ninetales
|turn|1
|
|t:|1756394355
|move|p1a: Whimsicott|Tailwind|p1a: Whimsicott
|-sidestart|p1: dialghite|move: Tailwind
|move|p1b: Ursaluna|Hyper Voice|p2a: Ninetales|[spread] p2a,p2b
|-damage|p2a: Ninetales|47/100
|-damage|p2b: Ursaluna|70/100
|-damage|p1b: Ursaluna|91/100|[from] item: Life Orb
|move|p2a: Ninetales|Blizzard|p1b: Ursaluna|[spread] p1a,p1b
|-supereffective|p1a: Whimsicott
|-supereffective|p1b: Ursaluna
|-damage|p1a: Whimsicott|25/100
|-damage|p1b: Ursaluna|8/100
|move|p2b: Ursaluna|Hyper Voice|p1b: Ursaluna|[spread] p1a,p1b
|-damage|p1a: Whimsicott|0 fnt
|-damage|p1b: Ursaluna|0 fnt
|faint|p1a: Whimsicott
|faint|p1b: Ursaluna
|
|-weather|Snowscape|[upkeep]
|upkeep
|
|t:|1756394364
|switch|p1a: Indeedee|Indeedee, L50, M|100/100
|switch|p1b: Sneasler|Sneasler, L50, M|100/100
|-fieldstart|move: Psychic Terrain|[from] ability: Psychic Surge|[of] p1a: Indeedee
|-enditem|p1b: Sneasler|Psychic Seed
|-boost|p1b: Sneasler|spd|1|[from] item: Psychic Seed
|turn|2
|
|t:|1756394371
|-terastallize|p1a: Indeedee|Psychic
|move|p2a: Ninetales|Protect|p2a: Ninetales
|-singleturn|p2a: Ninetales|Protect
|move|p1b: Sneasler|Dire Claw|p2b: Ursaluna
|-resisted|p2b: Ursaluna
|-damage|p2b: Ursaluna|57/100
|-status|p2b: Ursaluna|par
|move|p1a: Indeedee|Expanding Force|p2a: Ninetales|[spread] p2b
|-activate|p2a: Ninetales|move: Protect
|-damage|p2b: Ursaluna|14/100 par
|move|p2b: Ursaluna|Hyper Voice|p1a: Indeedee|[spread] p1a,p1b
|-damage|p1a: Indeedee|54/100
|-damage|p1b: Sneasler|71/100
|
|-weather|Snowscape|[upkeep]
|upkeep
|turn|3
|
|t:|1756394385
|move|p1b: Sneasler|Dire Claw|p2a: Ninetales
|-supereffective|p2a: Ninetales
|-damage|p2a: Ninetales|0 fnt
|faint|p2a: Ninetales
|move|p1a: Indeedee|Expanding Force|p2b: Ursaluna
|-damage|p2b: Ursaluna|0 fnt
|faint|p2b: Ursaluna
|
|-weather|Snowscape|[upkeep]
|upkeep
|
|t:|1756394388
|switch|p2a: Basculegion|Basculegion, L50, M|100/100
|switch|p2b: Dragonite|Dragonite, L50, M|100/100
|turn|4
|
|t:|1756394399
|move|p1b: Sneasler|Throat Chop|p2a: Basculegion
|-supereffective|p2a: Basculegion
|-damage|p2a: Basculegion|22/100
|-start|p2a: Basculegion|Throat Chop|[silent]
|move|p1a: Indeedee|Expanding Force|p2a: Basculegion|[spread] p2a,p2b
|-damage|p2a: Basculegion|0 fnt
|-damage|p2b: Dragonite|66/100
|faint|p2a: Basculegion
|move|p2b: Dragonite|Scale Shot|p1b: Sneasler
|-damage|p1b: Sneasler|47/100
|-damage|p1b: Sneasler|26/100
|-damage|p1b: Sneasler|5/100
|-damage|p1b: Sneasler|0 fnt
|faint|p1b: Sneasler
|-hitcount|p1: Sneasler|4
|-unboost|p2b: Dragonite|def|1
|-boost|p2b: Dragonite|spe|1
|
|-weather|Snowscape|[upkeep]
|-sideend|p1: dialghite|move: Tailwind
|upkeep
|turn|5
|
|t:|1756394407
|-terastallize|p2b: Dragonite|Steel
|move|p2b: Dragonite|Scale Shot|p1a: Indeedee
|-damage|p1a: Indeedee|25/100
|-damage|p1a: Indeedee|0 fnt
|faint|p1a: Indeedee
|-hitcount|p1: Indeedee|2
|
|win|Astterio
