|j|☆MAV101X
|j|☆homerj71
|html|MAV101Xhomerj71    
|uhtml|bestof|Game 3 of a best-of-3
|t:|1782484576
|gametype|doubles
|player|p1|MAV101X|102|1136
|player|p2|homerj71|265|1202
|gen|9
|tier|[Gen 9 Champions] VGC 2026 Reg M-B (Bo3)
|rated|
|rule|Species Clause: Limit one of each Pokémon
|rule|Item Clause: Limit 1 of each item
|clearpoke
|poke|p1|Raichu, L50, M|
|poke|p1|Tsareena, L50, F|
|poke|p1|Armarouge, L50, M|
|poke|p1|Clefable, L50, F|
|poke|p1|Milotic, L50, F|
|poke|p1|Scrafty, L50, M|
|poke|p2|Charizard, L50, M|
|poke|p2|Garchomp, L50, M|
|poke|p2|Whimsicott, L50, M|
|poke|p2|Basculegion, L50, M|
|poke|p2|Kingambit, L50, F|
|poke|p2|Floette-Eternal, L50, F|
|teampreview|4
|showteam|p1|Raichu||RaichuniteY|LightningRod|ZapCannon,FocusBlast,DazzlingGleam,FakeOut|Modest||M|||50|]Tsareena||FocusSash|QueenlyMajesty|Uturn,TropKick,Protect,Taunt|Adamant||F|||50|]Armarouge||Leftovers|FlashFire|TrickRoom,ArmorCannon,Psychic,DestinyBond|Modest||M|||50|]Clefable||SitrusBerry|Unaware|FollowMe,LifeDew,Moonblast,Protect|Sassy||F|||50|]Milotic||ShellBell|Competitive|Coil,Hypnosis,MuddyWater,LifeDew|Calm||F|||50|]Scrafty||BlackBelt|Intimidate|FakeOut,BulkUp,DrainPunch,KnockOff|Relaxed||M|||50|
|showteam|p2|Charizard||CharizarditeY|Blaze|HeatWave,SolarBeam,WeatherBall,Protect|Modest||M|||50|]Garchomp||SitrusBerry|RoughSkin|DragonClaw,Earthquake,RockSlide,PoisonJab|Jolly||M|||50|]Whimsicott||FocusSash|Prankster|Moonblast,Tailwind,Encore,Protect|Timid||M|||50|]Basculegion||LifeOrb|Adaptability|WaveCrash,AquaJet,Protect,LastRespects|Adamant||M|||50|]Kingambit||BlackGlasses|Defiant|KowtowCleave,SuckerPunch,IronHead,Protect|Adamant||F|||50|]Floette-Eternal||Floettite|FlowerVeil|Moonblast,DazzlingGleam,LightofRuin,Protect|Timid||F|||50|
|inactive|Battle timer is ON: inactive players will automatically lose when time's up. (requested by homerj71)
|
|t:|1782484598
|teamsize|p1|4
|teamsize|p2|4
|start
|switch|p1a: Raichu|Raichu, L50, M|100/100
|switch|p1b: Armarouge|Armarouge, L50, M|100/100
|switch|p2a: Basculegion|Basculegion, L50, M|100/100
|switch|p2b: Kingambit|Kingambit, L50, F|100/100
|turn|1
|
|t:|1782484621
|switch|p1b: Scrafty|Scrafty, L50, M|100/100
|-ability|p1b: Scrafty|Intimidate|boost
|-unboost|p2a: Basculegion|atk|1
|-unboost|p2b: Kingambit|atk|1
|-ability|p2b: Kingambit|Defiant|boost
|-boost|p2b: Kingambit|atk|2
|detailschange|p1a: Raichu|Raichu-Mega-Y, L50, M
|-mega|p1a: Raichu|Raichu|Raichunite Y
|move|p1a: Raichu|Focus Blast|p2b: Kingambit
|-supereffective|p2b: Kingambit|2
|-damage|p2b: Kingambit|0 fnt
|faint|p2b: Kingambit
|move|p2a: Basculegion|Wave Crash|p1b: Scrafty
|-damage|p1b: Scrafty|31/100
|-damage|p2a: Basculegion|83/100|[from] Recoil
|-damage|p2a: Basculegion|73/100|[from] item: Life Orb
|
|upkeep
|
|t:|1782484632
|switch|p2b: Floette|Floette-Eternal, L50, F|100/100
|turn|2
|inactive|MAV101X has 30 seconds left.
|
|t:|1782484660
|detailschange|p2b: Floette|Floette-Mega, L50, F
|-mega|p2b: Floette|Floette|Floettite
|-ability|p2b: Floette|Fairy Aura
|move|p1b: Scrafty|Fake Out|p2b: Floette
|-damage|p2b: Floette|85/100
|move|p2a: Basculegion|Aqua Jet|p1a: Raichu
|-damage|p1a: Raichu|52/100
|-damage|p2a: Basculegion|64/100|[from] item: Life Orb
|move|p1a: Raichu|Zap Cannon|p2a: Basculegion
|-supereffective|p2a: Basculegion|1
|-damage|p2a: Basculegion|0 fnt
|faint|p2a: Basculegion
|cant|p2b: Floette|flinch
|
|upkeep
|
|t:|1782484668
|switch|p2a: Garchomp|Garchomp, L50, M|100/100
|turn|3
|
|t:|1782484690
|move|p2b: Floette|Protect|p2b: Floette
|-singleturn|p2b: Floette|Protect
|move|p1a: Raichu|Zap Cannon|p2b: Floette
|-activate|p2b: Floette|move: Protect
|move|p2a: Garchomp|Earthquake|p1a: Raichu|[spread] p1a,p1b
|-activate|p2b: Floette|move: Protect
|-supereffective|p1a: Raichu|1
|-damage|p1a: Raichu|0 fnt
|-damage|p1b: Scrafty|0 fnt
|faint|p1a: Raichu
|faint|p1b: Scrafty
|
|upkeep
|
|t:|1782484701
|switch|p1a: Armarouge|Armarouge, L50, M|100/100
|switch|p1b: Tsareena|Tsareena, L50, F|100/100
|turn|4
|
|t:|1782484721
|move|p2b: Floette|Dazzling Gleam|p1b: Tsareena|[spread] p1a,p1b
|-resisted|p1a: Armarouge|1
|-damage|p1a: Armarouge|76/100
|-damage|p1b: Tsareena|48/100
|move|p2a: Garchomp|Poison Jab|p1b: Tsareena
|-supereffective|p1b: Tsareena|1
|-damage|p1b: Tsareena|0 fnt
|faint|p1b: Tsareena
|move|p1a: Armarouge|Trick Room|p1a: Armarouge
|-fieldstart|move: Trick Room|[of] p1a: Armarouge
|
|-heal|p1a: Armarouge|82/100|[from] item: Leftovers
|upkeep
|turn|5
|
|t:|1782484733
|move|p2b: Floette|Protect|p2b: Floette
|-singleturn|p2b: Floette|Protect
|move|p1a: Armarouge|Armor Cannon|p2b: Floette
|-activate|p2b: Floette|move: Protect
|move|p2a: Garchomp|Earthquake|p1a: Armarouge|[spread] p1a
|-activate|p2b: Floette|move: Protect
|-supereffective|p1a: Armarouge|1
|-damage|p1a: Armarouge|10/100
|
|-heal|p1a: Armarouge|16/100|[from] item: Leftovers
|upkeep
|turn|6
|
|t:|1782484742
|move|p1a: Armarouge|Armor Cannon|p2b: Floette
|-damage|p2b: Floette|25/100
|-unboost|p1a: Armarouge|def|1
|-unboost|p1a: Armarouge|spd|1
|move|p2a: Garchomp|Dragon Claw|p1a: Armarouge
|-damage|p1a: Armarouge|0 fnt
|faint|p1a: Armarouge
|
|win|homerj71
|raw|MAV101X's rating: 1136 → 1116(-20 for losing)
|raw|homerj71's rating: 1202 → 1222(+20 for winning)
