|j|вҳҶ7019Q_Q
|j|вҳҶsatoranbo
|html|7019Q_Qsatoranbo    
|uhtml|bestof|Game 1 of a best-of-3
|t:|1786026560
|gametype|doubles
|player|p1|7019Q_Q|elesa|
|player|p2|satoranbo|2|
|gen|9
|tier|[Gen 9 Champions] VGC 2026 Reg M-B (Bo3)
|rule|Species Clause: Limit one of each PokГ©mon
|rule|Item Clause: Limit 1 of each item
|clearpoke
|poke|p1|Charizard, L50, M, shiny|
|poke|p1|Grimmsnarl, L50, M|
|poke|p1|Venusaur, L50, M|
|poke|p1|Pelipper, L50, F|
|poke|p1|Archaludon, L50, F|
|poke|p1|Annihilape, L50, M|
|poke|p2|Tyranitar, L50, M, shiny|
|poke|p2|Gholdengo, L50|
|poke|p2|Excadrill, L50, F|
|poke|p2|Milotic, L50, F|
|poke|p2|Staraptor, L50, F|
|poke|p2|Sinistcha, L50|
|teampreview|4
|showteam|p1|Charizard||CharizarditeY|Blaze|HeatWave,WeatherBall,HelpingHand,Protect|Modest||M|||50|]Grimmsnarl||LightClay|Prankster|SpiritBreak,Reflect,LightScreen,PartingShot|Careful||M|||50|]Venusaur||LifeOrb|Chlorophyll|SolarBeam,SludgeBomb,EarthPower,Protect|Modest||M|||50|]Pelipper||FocusSash|Drizzle|WeatherBall,Hurricane,Tailwind,Protect|Timid||F|||50|]Archaludon||Leftovers|Stamina|FlashCannon,DragonPulse,ElectroShot,Protect|Modest||F|||50|]Annihilape||ChoiceScarf|Defiant|PhantomForce,CloseCombat,IcePunch,RockTomb|Adamant||M|||50|
|showteam|p2|Tyranitar||Tyranitarite|SandStream|KnockOff,Protect,HighHorsepower,RockSlide|Jolly||M|||50|]Gholdengo||LifeOrb|GoodasGold|MakeItRain,NastyPlot,ShadowBall,Protect|Modest|||||50|]Excadrill||FocusSash|SandRush|HighHorsepower,IronHead,RockSlide,Protect|Jolly||F|||50|]Milotic||SitrusBerry|Competitive|IcyWind,Haze,Scald,Protect|Bold||F|||50|]Staraptor||Staraptite|Intimidate|BraveBird,CloseCombat,Tailwind,Protect|Jolly||F|||50|]Sinistcha||ColburBerry|Hospitality|MatchaGotcha,RagePowder,ShadowBall,Protect|Bold|||||50|
|j| tocookie0129
|j| KKCWind
|j| cubesugar
|j| r13974682
|j| MarillRag1
|c|вҳҶsatoranbo|OKеҸҜд»ҘдәҶ
|
|t:|1786026741
|teamsize|p1|4
|teamsize|p2|4
|start
|switch|p1a: Annihilape|Annihilape, L50, M|100/100
|switch|p1b: ең–жӣёйӨЁе®Ҳиӯ·йҫҚ|Charizard, L50, M, shiny|100/100
|switch|p2a: Milotic|Milotic, L50, F|100/100
|switch|p2b: Tyranitar|Tyranitar, L50, M, shiny|100/100
|-weather|Sandstorm|[from] ability: Sand Stream|[of] p2b: Tyranitar
|turn|1
|
|t:|1786026775
|move|p2b: Tyranitar|Protect|p2b: Tyranitar
|-singleturn|p2b: Tyranitar|Protect
|move|p1a: Annihilape|Close Combat|p2b: Tyranitar
|-activate|p2b: Tyranitar|move: Protect
|move|p1b: ең–жӣёйӨЁе®Ҳиӯ·йҫҚ|Heat Wave|p2a: Milotic|[spread] p2a
|-activate|p2b: Tyranitar|move: Protect
|-resisted|p2a: Milotic|1
|-damage|p2a: Milotic|85/100
|move|p2a: Milotic|Scald|p1a: Annihilape
|-damage|p1a: Annihilape|71/100
|-status|p1a: Annihilape|brn
|
|-weather|Sandstorm|[upkeep]
|-damage|p1a: Annihilape|65/100 brn|[from] Sandstorm
|-damage|p1b: ең–жӣёйӨЁе®Ҳиӯ·йҫҚ|94/100|[from] Sandstorm
|-damage|p2a: Milotic|80/100|[from] Sandstorm
|-damage|p1a: Annihilape|59/100 brn|[from] brn
|upkeep
|turn|2
|
|t:|1786026823
|switch|p2b: Sinistcha|Sinistcha, L50|100/100
|-heal|p2a: Milotic|100/100|[from] ability: Hospitality|[of] p2b: Sinistcha
|move|p1a: Annihilape|Close Combat|p2b: Sinistcha
|-immune|p2b: Sinistcha
|move|p1b: ең–жӣёйӨЁе®Ҳиӯ·йҫҚ|Heat Wave|p2b: Sinistcha|[spread] p2a,p2b
|-resisted|p2a: Milotic|1
|-supereffective|p2b: Sinistcha|1
|-damage|p2a: Milotic|87/100
|-damage|p2b: Sinistcha|8/100
|move|p2a: Milotic|Scald|p1b: ең–жӣёйӨЁе®Ҳиӯ·йҫҚ
|-supereffective|p1b: ең–жӣёйӨЁе®Ҳиӯ·йҫҚ|1
|-crit|p1b: ең–жӣёйӨЁе®Ҳиӯ·йҫҚ
|-damage|p1b: ең–жӣёйӨЁе®Ҳиӯ·йҫҚ|0 fnt
|faint|p1b: ең–жӣёйӨЁе®Ҳиӯ·йҫҚ
|
|-weather|Sandstorm|[upkeep]
|-damage|p1a: Annihilape|53/100 brn|[from] Sandstorm
|-damage|p2a: Milotic|81/100|[from] Sandstorm
|-damage|p2b: Sinistcha|2/100|[from] Sandstorm
|-damage|p1a: Annihilape|47/100 brn|[from] brn
|upkeep
|
|t:|1786026841
|switch|p1b: еә«ејҸзӨҰжҘӯиІЎз”ў|Archaludon, L50, F|100/100
|turn|3
|
|t:|1786026882
|switch|p2a: Excadrill|Excadrill, L50, F|100/100
|move|p1a: Annihilape|Close Combat|p2a: Excadrill
|-supereffective|p2a: Excadrill|1
|-damage|p2a: Excadrill|8/100
|-unboost|p1a: Annihilape|def|1
|-unboost|p1a: Annihilape|spd|1
|move|p1b: еә«ејҸзӨҰжҘӯиІЎз”ў|Flash Cannon|p2b: Sinistcha
|-damage|p2b: Sinistcha|0 fnt
|faint|p2b: Sinistcha
|
|-weather|Sandstorm|[upkeep]
|-damage|p1a: Annihilape|41/100 brn|[from] Sandstorm
|-damage|p1a: Annihilape|35/100 brn|[from] brn
|upkeep
|
|t:|1786026899
|switch|p2b: Tyranitar|Tyranitar, L50, M, shiny|100/100
|turn|4
|
|t:|1786026925
|move|p2b: Tyranitar|Protect|p2b: Tyranitar
|-singleturn|p2b: Tyranitar|Protect
|move|p2a: Excadrill|Iron Head|p1a: Annihilape
|-damage|p1a: Annihilape|0 fnt
|faint|p1a: Annihilape
|move|p1b: еә«ејҸзӨҰжҘӯиІЎз”ў|Flash Cannon|p2a: Excadrill
|-resisted|p2a: Excadrill|1
|-damage|p2a: Excadrill|0 fnt
|faint|p2a: Excadrill
|
|-weather|Sandstorm|[upkeep]
|upkeep
|
|t:|1786026936
|switch|p2a: Milotic|Milotic, L50, F|81/100
|switch|p1a: зӨҰзү©йҒӢйҖҒдёӯ|Pelipper, L50, F|100/100
|-weather|RainDance|[from] ability: Drizzle|[of] p1a: зӨҰзү©йҒӢйҖҒдёӯ
|turn|5
|
|t:|1786026956
|detailschange|p2b: Tyranitar|Tyranitar-Mega, L50, M, shiny
|-mega|p2b: Tyranitar|Tyranitar|Tyranitarite
|-weather|Sandstorm|[from] ability: Sand Stream|[of] p2b: Tyranitar
|move|p2b: Tyranitar|Knock Off|p1b: еә«ејҸзӨҰжҘӯиІЎз”ў
|-damage|p1b: еә«ејҸзӨҰжҘӯиІЎз”ў|59/100
|-ability|p1b: еә«ејҸзӨҰжҘӯиІЎз”ў|Stamina|boost
|-boost|p1b: еә«ејҸзӨҰжҘӯиІЎз”ў|def|1
|-enditem|p1b: еә«ејҸзӨҰжҘӯиІЎз”ў|Leftovers|[from] move: Knock Off|[of] p2b: Tyranitar
|move|p1a: зӨҰзү©йҒӢйҖҒдёӯ|Weather Ball|p2a: Milotic
|-damage|p2a: Milotic|60/100
|move|p2a: Milotic|Icy Wind|p1a: зӨҰзү©йҒӢйҖҒдёӯ|[spread] p1a,p1b
|-damage|p1a: зӨҰзү©йҒӢйҖҒдёӯ|82/100
|-damage|p1b: еә«ејҸзӨҰжҘӯиІЎз”ў|49/100
|-unboost|p1a: зӨҰзү©йҒӢйҖҒдёӯ|spe|1
|-unboost|p1b: еә«ејҸзӨҰжҘӯиІЎз”ў|spe|1
|-ability|p1b: еә«ејҸзӨҰжҘӯиІЎз”ў|Stamina|boost
|-boost|p1b: еә«ејҸзӨҰжҘӯиІЎз”ў|def|1
|move|p1b: еә«ејҸзӨҰжҘӯиІЎз”ў|Flash Cannon|p2b: Tyranitar
|-supereffective|p2b: Tyranitar|1
|-damage|p2b: Tyranitar|56/100
|
|-weather|Sandstorm|[upkeep]
|-damage|p2a: Milotic|54/100|[from] Sandstorm
|-damage|p1a: зӨҰзү©йҒӢйҖҒдёӯ|76/100|[from] Sandstorm
|upkeep
|turn|6
|
|t:|1786026991
|move|p2b: Tyranitar|High Horsepower|p1b: еә«ејҸзӨҰжҘӯиІЎз”ў
|-supereffective|p1b: еә«ејҸзӨҰжҘӯиІЎз”ў|1
|-damage|p1b: еә«ејҸзӨҰжҘӯиІЎз”ў|21/100
|-ability|p1b: еә«ејҸзӨҰжҘӯиІЎз”ў|Stamina|boost
|-boost|p1b: еә«ејҸзӨҰжҘӯиІЎз”ў|def|1
|move|p2a: Milotic|Scald|p1b: еә«ејҸзӨҰжҘӯиІЎз”ў
|-resisted|p1b: еә«ејҸзӨҰжҘӯиІЎз”ў|1
|-damage|p1b: еә«ејҸзӨҰжҘӯиІЎз”ў|6/100
|-ability|p1b: еә«ејҸзӨҰжҘӯиІЎз”ў|Stamina|boost
|-boost|p1b: еә«ејҸзӨҰжҘӯиІЎз”ў|def|1
|move|p1a: зӨҰзү©йҒӢйҖҒдёӯ|Weather Ball|p2b: Tyranitar
|-damage|p2b: Tyranitar|42/100
|move|p1b: еә«ејҸзӨҰжҘӯиІЎз”ў|Flash Cannon|p2b: Tyranitar
|-supereffective|p2b: Tyranitar|1
|-damage|p2b: Tyranitar|3/100
|
|-weather|Sandstorm|[upkeep]
|-damage|p2a: Milotic|48/100|[from] Sandstorm
|-damage|p1a: зӨҰзү©йҒӢйҖҒдёӯ|70/100|[from] Sandstorm
|-enditem|p2a: Milotic|Sitrus Berry|[eat]
|-heal|p2a: Milotic|73/100|[from] item: Sitrus Berry
|upkeep
|turn|7
|j| wl02437056
|
|t:|1786027036
|move|p2b: Tyranitar|Knock Off|p1a: зӨҰзү©йҒӢйҖҒдёӯ
|-damage|p1a: зӨҰзү©йҒӢйҖҒдёӯ|0 fnt
|-enditem|p1a: зӨҰзү©йҒӢйҖҒдёӯ|Focus Sash|[from] move: Knock Off|[of] p2b: Tyranitar
|faint|p1a: зӨҰзү©йҒӢйҖҒдёӯ
|move|p2a: Milotic|Scald|p1b: еә«ејҸзӨҰжҘӯиІЎз”ў
|-resisted|p1b: еә«ејҸзӨҰжҘӯиІЎз”ў|1
|-damage|p1b: еә«ејҸзӨҰжҘӯиІЎз”ў|0 fnt
|faint|p1b: еә«ејҸзӨҰжҘӯиІЎз”ў
|
|win|satoranbo
||7019Q_Q is ready for game 2.
|inactive|satoranbo has 30 seconds to confirm battle start!
||satoranbo is ready for game 2.
|uhtml|next|Next: Game 2 of 3
|l| wl02437056
|j| wl02437056
|l| cubesugar
|l| KKCWind
|j| HangChi
|l| HangChi
|l| tocookie0129
|l|вҳҶsatoranbo
|player|p2|
|l| wl02437056
|j| fujishimamegumi
