|j|☆gladeon67
|j|☆pwndnoob1
|html|gladeon67pwndnoob1    
|uhtml|bestof|Game 2 of a best-of-3
|t:|1783978781
|gametype|doubles
|player|p1|gladeon67|steven|
|player|p2|pwndnoob1|chuck|
|gen|9
|tier|[Gen 9 Champions] VGC 2026 Reg M-B (Bo3)
|rule|Species Clause: Limit one of each Pokémon
|rule|Item Clause: Limit 1 of each item
|clearpoke
|poke|p1|Espeon, L50, F|
|poke|p1|Eelektross, L50, M|
|poke|p1|Aerodactyl, L50, M|
|poke|p1|Scolipede, L50, M|
|poke|p1|Dedenne, L50, F|
|poke|p1|Typhlosion-Hisui, L50, F|
|poke|p2|Sneasler, L50, F|
|poke|p2|Basculegion, L50, M|
|poke|p2|Scrafty, L50, F, shiny|
|poke|p2|Wyrdeer, L50, M|
|poke|p2|Froslass, L50, F|
|poke|p2|Noivern, L50, F|
|teampreview|4
|showteam|p1|Espeon||Leftovers|MagicBounce|CalmMind,FutureSight,LightScreen,Reflect|Timid||F|||50|]Eelektross||Eelektrossite|Levitate|Coil,ThunderPunch,DrainPunch,FirePunch|Jolly||M|||50|]Aerodactyl||Aerodactylite|RockHead|Tailwind,StoneEdge,DualWingbeat,PsychicFangs|Jolly||M|||50|]Scolipede||LumBerry|SpeedBoost|SwordsDance,PoisonJab,Earthquake,Megahorn|Adamant||M|||50|]Dedenne||BrightPowder|CheekPouch|Nuzzle,Thunderbolt,TearfulLook,SuperFang|Hasty||F|||50|]Typhlosion-Hisui||Charcoal|Frisk|Eruption,ShadowBall,FireBlast,Extrasensory|Timid||F|||50|
|showteam|p2|Sneasler||ChoiceScarf|PoisonTouch|CloseCombat,Uturn,ThroatChop,RockSlide|Adamant||F|||50|]Basculegion||WacanBerry|Adaptability|LastRespects,WaveCrash,AquaJet,Protect|Adamant||M|||50|]Scrafty||Scraftinite|Intimidate|Detect,HelpingHand,KnockOff,FakeOut|Sassy||F|||50|]Wyrdeer||SitrusBerry|Intimidate|TrickRoom,HighHorsepower,HelpingHand,Megahorn|Sassy||M|||50|]Froslass||Froslassite|CursedBody|Blizzard,ShadowBall,Protect,AuroraVeil|Modest||F|||50|]Noivern||ChartiBerry|Frisk|Tailwind,DracoMeteor,Protect,SuperFang|Timid||F|||50|
|
|t:|1783978803
|teamsize|p1|4
|teamsize|p2|4
|start
|switch|p1a: Dedenne|Dedenne, L50, F|100/100
|switch|p1b: Eelektross|Eelektross, L50, M|100/100
|switch|p2a: Froslass|Froslass, L50, F|100/100
|switch|p2b: Sneasler|Sneasler, L50, F|100/100
|turn|1
|
|t:|1783978850
|detailschange|p2a: Froslass|Froslass-Mega, L50, F
|-mega|p2a: Froslass|Froslass|Froslassite
|-weather|Snowscape|[from] ability: Snow Warning|[of] p2a: Froslass
|detailschange|p1b: Eelektross|Eelektross-Mega, L50, M
|-mega|p1b: Eelektross|Eelektross|Eelektrossite
|move|p2b: Sneasler|U-turn|p1b: Eelektross
|-damage|p1b: Eelektross|66/100
|
|t:|1783978857
|switch|p2b: Scrafty|Scrafty, L50, F, shiny|100/100|[from] U-turn
|-ability|p2b: Scrafty|Intimidate|boost
|-unboost|p1a: Dedenne|atk|1
|-unboost|p1b: Eelektross|atk|1
|move|p1a: Dedenne|Nuzzle|p2b: Scrafty
|-damage|p2b: Scrafty|96/100
|-status|p2b: Scrafty|par
|move|p2a: Froslass|Blizzard|p1a: Dedenne|[spread] p1a,p1b
|-damage|p1a: Dedenne|36/100
|-damage|p1b: Eelektross|8/100
|move|p1b: Eelektross|Fire Punch|p2a: Froslass
|-supereffective|p2a: Froslass|1
|-damage|p2a: Froslass|63/100
|
|-weather|Snowscape|[upkeep]
|upkeep
|turn|2
|
|t:|1783978909
|switch|p2b: Basculegion|Basculegion, L50, M|100/100
|move|p2a: Froslass|Protect|p2a: Froslass
|-singleturn|p2a: Froslass|Protect
|move|p1a: Dedenne|Tearful Look|p2a: Froslass
|-unboost|p2a: Froslass|atk|1
|-unboost|p2a: Froslass|spa|1
|move|p1b: Eelektross|Drain Punch|p2b: Basculegion
|-immune|p2b: Basculegion
|
|-weather|Snowscape|[upkeep]
|upkeep
|turn|3
|
|t:|1783978949
|move|p2b: Basculegion|Aqua Jet|p1a: Dedenne
|-damage|p1a: Dedenne|0 fnt
|faint|p1a: Dedenne
|move|p2a: Froslass|Blizzard|p1b: Eelektross
|-damage|p1b: Eelektross|0 fnt
|faint|p1b: Eelektross
|
|-weather|Snowscape|[upkeep]
|upkeep
|
|t:|1783978960
|switch|p1a: Typhlosion|Typhlosion-Hisui, L50, F|100/100
|switch|p1b: Aerodactyl|Aerodactyl, L50, M|100/100
|-item|p2a: Froslass|Froslassite|[from] ability: Frisk|[of] p1a: Typhlosion
|-item|p2b: Basculegion|Wacan Berry|[from] ability: Frisk|[of] p1a: Typhlosion
|turn|4
|
|t:|1783978978
|switch|p2a: Scrafty|Scrafty, L50, F, shiny|96/100 par
|-ability|p2a: Scrafty|Intimidate|boost
|-unboost|p1a: Typhlosion|atk|1
|-unboost|p1b: Aerodactyl|atk|1
|move|p2b: Basculegion|Aqua Jet|p1a: Typhlosion
|-supereffective|p1a: Typhlosion|1
|-damage|p1a: Typhlosion|8/100
|move|p1b: Aerodactyl|Stone Edge|p2a: Scrafty
|-resisted|p2a: Scrafty|1
|-damage|p2a: Scrafty|82/100 par
|move|p1a: Typhlosion|Shadow Ball|p2b: Basculegion
|-supereffective|p2b: Basculegion|1
|-damage|p2b: Basculegion|33/100
|
|-weather|Snowscape|[upkeep]
|upkeep
|turn|5
|
|t:|1783979005
|move|p2a: Scrafty|Fake Out|p1b: Aerodactyl
|-resisted|p1b: Aerodactyl|1
|-damage|p1b: Aerodactyl|92/100
|move|p2b: Basculegion|Aqua Jet|p1a: Typhlosion
|-supereffective|p1a: Typhlosion|1
|-damage|p1a: Typhlosion|0 fnt
|faint|p1a: Typhlosion
|cant|p1b: Aerodactyl|flinch
|
|-weather|none
|upkeep
|turn|6
|
|t:|1783979018
|move|p2a: Scrafty|Helping Hand|p2b: Basculegion
|-singleturn|p2b: Basculegion|Helping Hand|[of] p2a: Scrafty
|move|p2b: Basculegion|Aqua Jet|p1b: Aerodactyl
|-supereffective|p1b: Aerodactyl|1
|-damage|p1b: Aerodactyl|0 fnt
|faint|p1b: Aerodactyl
|
|win|pwndnoob1
|l|☆gladeon67
|player|p1|
|c|☆pwndnoob1|GGs
