|j|☆Jay is decent
|j|☆Paywall vgc
|html|Jay is decentPaywall vgc    
|uhtml|bestof|Game 1 of a best-of-3
|t:|1785447011
|gametype|doubles
|player|p1|Jay is decent|1|1325
|player|p2|Paywall vgc|lucas|1578
|gen|9
|tier|[Gen 9 Champions] VGC 2026 Reg M-B (Bo3)
|rated|
|rule|Species Clause: Limit one of each Pokémon
|rule|Item Clause: Limit 1 of each item
|clearpoke
|poke|p1|Blaziken, L50, F, shiny|
|poke|p1|Kingambit, L50, M|
|poke|p1|Basculegion, L50, M|
|poke|p1|Ninetales-Alola, L50, F|
|poke|p1|Venusaur, L50, M|
|poke|p1|Lycanroc-Dusk, L50, M|
|poke|p2|Charizard, L50, M|
|poke|p2|Garchomp, L50, M|
|poke|p2|Whimsicott, L50, F|
|poke|p2|Basculegion, L50, M|
|poke|p2|Kingambit, L50, F|
|poke|p2|Floette-Eternal, L50, F|
|teampreview|4
|showteam|p1|Blaziken||Blazikenite|SpeedBoost|FlareBlitz,CloseCombat,RockSlide,Detect|Adamant||F|||50|]Kingambit||BlackGlasses|Defiant|KowtowCleave,SuckerPunch,IronHead,Protect|Adamant||M|||50|]Basculegion||ChoiceScarf|Adaptability|WaveCrash,LastRespects,AquaJet,FlipTurn|Jolly||M|||50|]Ninetales-Alola||NeverMeltIce|SnowWarning|Blizzard,FreezeDry,Encore,Protect|Timid||F|||50|]Venusaur||Venusaurite|Chlorophyll|GigaDrain,SludgeBomb,EarthPower,Protect|Modest||M|||50|]Lycanroc-Dusk||FocusSash|ToughClaws|RockSlide,CloseCombat,Accelerock,Protect|Adamant||M|||50|
|showteam|p2|Charizard||CharizarditeY|SolarPower|HeatWave,SolarBeam,WeatherBall,Protect|Modest||M|||50|]Garchomp||LifeOrb|RoughSkin|DragonClaw,Earthquake,RockSlide,Protect|Jolly||M|||50|]Whimsicott||FocusSash|Prankster|Moonblast,Tailwind,Encore,Protect|Timid||F|||50|]Basculegion||MysticWater|Adaptability|WaveCrash,AquaJet,Protect,LastRespects|Adamant||M|||50|]Kingambit||BlackGlasses|Defiant|KowtowCleave,SuckerPunch,IronHead,Protect|Adamant||F|||50|]Floette-Eternal||Floettite|FlowerVeil|Moonblast,DazzlingGleam,LightofRuin,Protect|Timid||F|||50|
|inactive|Battle timer is ON: inactive players will automatically lose when time's up. (requested by Paywall vgc)
|inactive|Jay is decent has 60 seconds left.
|
|t:|1785447065
|teamsize|p1|4
|teamsize|p2|4
|start
|switch|p1a: Ninetales|Ninetales-Alola, L50, F|100/100
|switch|p1b: Lycanroc|Lycanroc-Dusk, L50, M|100/100
|switch|p2a: Floette|Floette-Eternal, L50, F|100/100
|switch|p2b: Kingambit|Kingambit, L50, F|100/100
|-weather|Snowscape|[from] ability: Snow Warning|[of] p1a: Ninetales
|turn|1
|
|t:|1785447075
|detailschange|p2a: Floette|Floette-Mega, L50, F
|-mega|p2a: Floette|Floette|Floettite
|-ability|p2a: Floette|Fairy Aura
|move|p1a: Ninetales|Protect|p1a: Ninetales
|-singleturn|p1a: Ninetales|Protect
|move|p1b: Lycanroc|Protect|p1b: Lycanroc
|-singleturn|p1b: Lycanroc|Protect
|move|p2b: Kingambit|Sucker Punch||[still]
|-fail|p2b: Kingambit
|move|p2a: Floette|Dazzling Gleam|p1b: Lycanroc|[spread] 
|-activate|p1a: Ninetales|move: Protect
|-activate|p1b: Lycanroc|move: Protect
|
|-weather|Snowscape|[upkeep]
|upkeep
|turn|2
|inactive|Jay is decent has 30 seconds left.
|
|t:|1785447107
|switch|p1a: Venusaur|Venusaur, L50, M|100/100
|switch|p2b: Whimsicott|Whimsicott, L50, F|100/100
|move|p2a: Floette|Dazzling Gleam|p1a: Venusaur|[spread] p1a,p1b
|-resisted|p1a: Venusaur|1
|-damage|p1a: Venusaur|79/100
|-damage|p1b: Lycanroc|23/100
|move|p1b: Lycanroc|Close Combat|p2b: Whimsicott
|-resisted|p2b: Whimsicott|1
|-damage|p2b: Whimsicott|55/100
|-unboost|p1b: Lycanroc|def|1
|-unboost|p1b: Lycanroc|spd|1
|
|-weather|Snowscape|[upkeep]
|upkeep
|turn|3
|
|t:|1785447123
|detailschange|p1a: Venusaur|Venusaur-Mega, L50, M
|-mega|p1a: Venusaur|Venusaur|Venusaurite
|move|p2b: Whimsicott|Moonblast|p1a: Venusaur
|-resisted|p1a: Venusaur|1
|-damage|p1a: Venusaur|59/100
|move|p2a: Floette|Dazzling Gleam|p1b: Lycanroc|[spread] p1a,p1b
|-resisted|p1a: Venusaur|1
|-damage|p1a: Venusaur|40/100
|-damage|p1b: Lycanroc|0 fnt
|faint|p1b: Lycanroc
|move|p1a: Venusaur|Sludge Bomb|p2a: Floette
|-supereffective|p2a: Floette|1
|-damage|p2a: Floette|20/100y
|-status|p2a: Floette|psn
|
|-weather|Snowscape|[upkeep]
|-damage|p2a: Floette|8/100 psn|[from] psn
|upkeep
|
|t:|1785447135
|switch|p1b: Kingambit|Kingambit, L50, M|100/100
|turn|4
|
|t:|1785447143
|move|p2b: Whimsicott|Protect|p2b: Whimsicott
|-singleturn|p2b: Whimsicott|Protect
|move|p2a: Floette|Dazzling Gleam|p1a: Venusaur|[spread] p1a,p1b
|-resisted|p1a: Venusaur|1
|-crit|p1a: Venusaur
|-damage|p1a: Venusaur|11/100
|-damage|p1b: Kingambit|65/100
|move|p1a: Venusaur|Earth Power|p2a: Floette
|-damage|p2a: Floette|0 fnt
|faint|p2a: Floette
|move|p1b: Kingambit|Iron Head|p2b: Whimsicott
|-activate|p2b: Whimsicott|move: Protect
|
|-weather|Snowscape|[upkeep]
|upkeep
|
|t:|1785447146
|switch|p2a: Garchomp|Garchomp, L50, M|100/100
|turn|5
|j| Raxxantess
|
|t:|1785447161
|move|p1b: Kingambit|Protect|p1b: Kingambit
|-singleturn|p1b: Kingambit|Protect
|move|p2b: Whimsicott|Tailwind|p2b: Whimsicott
|-sidestart|p2: Paywall vgc|move: Tailwind
|move|p2a: Garchomp|Dragon Claw|p1a: Venusaur
|-damage|p1a: Venusaur|0 fnt
|faint|p1a: Venusaur
|-damage|p2a: Garchomp|90/100|[from] item: Life Orb
|
|-weather|none
|upkeep
|
|t:|1785447162
|switch|p1a: Ninetales|Ninetales-Alola, L50, F|100/100
|-weather|Snowscape|[from] ability: Snow Warning|[of] p1a: Ninetales
|turn|6
|
|t:|1785447165
|move|p2b: Whimsicott|Protect|p2b: Whimsicott
|-singleturn|p2b: Whimsicott|Protect
|move|p1b: Kingambit|Protect||[still]
|-fail|p1b: Kingambit
|move|p2a: Garchomp|Earthquake|p1a: Ninetales|[spread] p1a,p1b
|-activate|p2b: Whimsicott|move: Protect
|-supereffective|p1b: Kingambit|1
|-damage|p1a: Ninetales|58/100
|-damage|p1b: Kingambit|0 fnt
|faint|p1b: Kingambit
|-damage|p2a: Garchomp|80/100|[from] item: Life Orb
|move|p1a: Ninetales|Blizzard|p2b: Whimsicott|[spread] p2a
|-activate|p2b: Whimsicott|move: Protect
|-supereffective|p2a: Garchomp|2
|-damage|p2a: Garchomp|0 fnt
|faint|p2a: Garchomp
|
|-weather|Snowscape|[upkeep]
|upkeep
|
|t:|1785447167
|switch|p2a: Kingambit|Kingambit, L50, F|100/100
|turn|7
|
|t:|1785447172
|move|p2b: Whimsicott|Moonblast|p1a: Ninetales
|-damage|p1a: Ninetales|20/100y
|move|p1a: Ninetales|Blizzard|p2a: Kingambit|[spread] p2a,p2b
|-resisted|p2a: Kingambit|1
|-supereffective|p2b: Whimsicott|1
|-damage|p2a: Kingambit|86/100
|-damage|p2b: Whimsicott|0 fnt
|faint|p2b: Whimsicott
|move|p2a: Kingambit|Iron Head|p1a: Ninetales
|-supereffective|p1a: Ninetales|2
|-damage|p1a: Ninetales|0 fnt
|faint|p1a: Ninetales
|
|win|Paywall vgc
||Jay is decent is ready for game 2.
|l|☆Paywall vgc
|player|p2|
||Paywall vgc is ready for game 2.
|uhtml|next|Next: Game 2 of 3
