|j|☆leoderigo
|j|☆miggy17
|html|leoderigomiggy17    
|uhtml|bestof|Game 1 of a best-of-3
|t:|1757707495
|gametype|doubles
|player|p1|leoderigo|acetrainer-gen4dp|1010
|player|p2|miggy17|101|1039
|gen|9
|tier|[Gen 9] VGC 2025 Reg H (Bo3)
|rated|
|rule|Species Clause: Limit one of each Pokémon
|rule|Item Clause: Limit 1 of each item
|clearpoke
|poke|p1|Breloom, L50, M|
|poke|p1|Yanmega, L50, F|
|poke|p1|Chandelure, L50, F|
|poke|p1|Arcanine-Hisui, L50, M|
|poke|p1|Electivire, L50, M|
|poke|p1|Weezing-Galar, L50, F|
|poke|p2|Kingambit, L50, F|
|poke|p2|Rillaboom, L50, F|
|poke|p2|Electabuzz, L50, M|
|poke|p2|Dragapult, L50, M|
|poke|p2|Volcarona, L50, M|
|poke|p2|Tauros-Paldea-Aqua, L50, M|
|teampreview|4
|showteam|p1|Breloom||CovertCloak|Technician|BulletSeed,MachPunch,RockTomb,Spore|||M|||50|,,,,,Fairy]Yanmega||FocusSash|SpeedBoost|AirSlash,Tailwind,Detect,StruggleBug|||F|||50|,,,,,Dark]Chandelure||AirBalloon|FlashFire|HeatWave,CalmMind,EnergyBall,ShadowBall|||F|||50|,,,,,Steel]Arcanine-Hisui||ChoiceBand|RockHead|HeadSmash,FlareBlitz,ExtremeSpeed,WildCharge|||M|||50|,,,,,Normal]Electivire||RockyHelmet|VitalSpirit|FollowMe,KnockOff,RockSlide,ThunderWave|||M|||50|,,,,,Electric]Weezing-Galar||Leftovers|NeutralizingGas|PoisonGas,Protect,DazzlingGleam,WillOWisp|||F|||50|,,,,,Poison
|showteam|p2|Kingambit||BlackGlasses|Defiant|Protect,KowtowCleave,SuckerPunch,SwordsDance|||F|||50|,,,,,Dark]Rillaboom||AssaultVest|GrassySurge|WoodHammer,GrassyGlide,Uturn,FakeOut|||F|||50|,,,,,Fire]Electabuzz||Eviolite|VitalSpirit|Protect,Thunderbolt,HelpingHand,FollowMe|||M|||50|,,,,,Ghost]Dragapult||ChoiceSpecs|ClearBody|DracoMeteor,ShadowBall,FireBlast,Uturn|||M|||50|,,,,,Ghost]Volcarona||CovertCloak|FlameBody|Protect,HeatWave,GigaDrain,QuiverDance|||M|||50|,,,,,Dragon]Tauros-Paldea-Aqua||MirrorHerb|Intimidate|Protect,WaveCrash,CloseCombat,AquaJet|||M|||50|,,,,,Water
|
|t:|1757707527
|teamsize|p1|4
|teamsize|p2|4
|start
|switch|p1a: Yanmega|Yanmega, L50, F|100/100
|switch|p1b: Breloom|Breloom, L50, M, shiny|100/100
|switch|p2a: Litofsky|Electabuzz, L50, M, shiny|100/100
|switch|p2b: Heimlich|Volcarona, L50, M, shiny|100/100
|turn|1
|
|t:|1757707563
|move|p1a: Yanmega|Detect|p1a: Yanmega
|-singleturn|p1a: Yanmega|Protect
|move|p2a: Litofsky|Follow Me|p2a: Litofsky
|-singleturn|p2a: Litofsky|move: Follow Me
|move|p2b: Heimlich|Quiver Dance|p2b: Heimlich
|-boost|p2b: Heimlich|spa|1
|-boost|p2b: Heimlich|spd|1
|-boost|p2b: Heimlich|spe|1
|move|p1b: Breloom|Rock Tomb|p2a: Litofsky
|-crit|p2a: Litofsky
|-damage|p2a: Litofsky|70/100
|-unboost|p2a: Litofsky|spe|1
|
|-ability|p1a: Yanmega|Speed Boost|boost
|-boost|p1a: Yanmega|spe|1
|upkeep
|turn|2
|
|t:|1757707590
|switch|p1b: Chandelure|Chandelure, L50, F, shiny|100/100
|-item|p1b: Chandelure|Air Balloon
|move|p2a: Litofsky|Follow Me|p2a: Litofsky
|-singleturn|p2a: Litofsky|move: Follow Me
|move|p1a: Yanmega|Tailwind|p1a: Yanmega
|-sidestart|p1: leoderigo|move: Tailwind
|move|p2b: Heimlich|Quiver Dance|p2b: Heimlich
|-boost|p2b: Heimlich|spa|1
|-boost|p2b: Heimlich|spd|1
|-boost|p2b: Heimlich|spe|1
|
|-ability|p1a: Yanmega|Speed Boost|boost
|-boost|p1a: Yanmega|spe|1
|upkeep
|turn|3
|
|t:|1757707618
|switch|p2a: Bull CRIT!!|Tauros-Paldea-Aqua, L50, M|100/100
|-ability|p2a: Bull CRIT!!|Intimidate|boost
|-unboost|p1a: Yanmega|atk|1
|-unboost|p1b: Chandelure|atk|1
|move|p1a: Yanmega|Struggle Bug|p2a: Bull CRIT!!|[spread] p2a,p2b
|-resisted|p2a: Bull CRIT!!
|-resisted|p2b: Heimlich
|-damage|p2a: Bull CRIT!!|87/100
|-damage|p2b: Heimlich|96/100
|-unboost|p2a: Bull CRIT!!|spa|1
|move|p2b: Heimlich|Quiver Dance|p2b: Heimlich
|-boost|p2b: Heimlich|spa|1
|-boost|p2b: Heimlich|spd|1
|-boost|p2b: Heimlich|spe|1
|move|p1b: Chandelure|Calm Mind|p1b: Chandelure
|-boost|p1b: Chandelure|spa|1
|-boost|p1b: Chandelure|spd|1
|-enditem|p2a: Bull CRIT!!|Mirror Herb
|-boost|p2a: Bull CRIT!!|spa|1|[from] item: Mirror Herb
|-boost|p2a: Bull CRIT!!|spd|1|[from] item: Mirror Herb
|
|-ability|p1a: Yanmega|Speed Boost|boost
|-boost|p1a: Yanmega|spe|1
|upkeep
|turn|4
|
|t:|1757707652
|move|p2a: Bull CRIT!!|Aqua Jet|p1a: Yanmega
|-damage|p1a: Yanmega|76/100
|move|p1a: Yanmega|Struggle Bug|p2b: Heimlich|[spread] p2a,p2b
|-resisted|p2a: Bull CRIT!!
|-resisted|p2b: Heimlich
|-damage|p2a: Bull CRIT!!|78/100
|-damage|p2b: Heimlich|93/100
|-unboost|p2a: Bull CRIT!!|spa|1
|move|p2b: Heimlich|Heat Wave|p1b: Chandelure|[spread] p1a
|-start|p1b: Chandelure|ability: Flash Fire
|-supereffective|p1a: Yanmega
|-damage|p1a: Yanmega|0 fnt
|faint|p1a: Yanmega
|move|p1b: Chandelure|Energy Ball|p2a: Bull CRIT!!
|-supereffective|p2a: Bull CRIT!!
|-damage|p2a: Bull CRIT!!|0 fnt
|faint|p2a: Bull CRIT!!
|
|upkeep
|
|t:|1757707671
|switch|p1a: Breloom|Breloom, L50, M, shiny|100/100
|switch|p2a: Litofsky|Electabuzz, L50, M, shiny|70/100
|turn|5
|
|t:|1757707706
|-terastallize|p2b: Heimlich|Dragon
|move|p2a: Litofsky|Protect|p2a: Litofsky
|-singleturn|p2a: Litofsky|Protect
|move|p2b: Heimlich|Heat Wave|p1b: Chandelure|[spread] p1a
|-immune|p1b: Chandelure|[from] ability: Flash Fire
|-supereffective|p1a: Breloom
|-damage|p1a: Breloom|0 fnt
|faint|p1a: Breloom
|move|p1b: Chandelure|Heat Wave|p2b: Heimlich|[spread] p2b
|-activate|p2a: Litofsky|move: Protect
|-resisted|p2b: Heimlich
|-damage|p2b: Heimlich|79/100
|
|-sideend|p1: leoderigo|move: Tailwind
|upkeep
|
|t:|1757707722
|switch|p1a: Weezing|Weezing-Galar, L50, F|100/100
|-ability|p1a: Weezing|Neutralizing Gas
|turn|6
|
|t:|1757707744
|move|p2a: Litofsky|Helping Hand|p2b: Heimlich
|-singleturn|p2b: Heimlich|Helping Hand|[of] p2a: Litofsky
|move|p2b: Heimlich|Heat Wave|p1b: Chandelure|[spread] p1a,p1b
|-resisted|p1b: Chandelure
|-damage|p1a: Weezing|0 fnt
|-damage|p1b: Chandelure|47/100
|-enditem|p1b: Chandelure|Air Balloon
|faint|p1a: Weezing
|-end|p1a: Weezing|ability: Neutralizing Gas
|move|p1b: Chandelure|Shadow Ball|p2b: Heimlich
|-damage|p2b: Heimlich|58/100
|
|upkeep
|turn|7
|
|t:|1757707759
|move|p2a: Litofsky|Helping Hand|p2b: Heimlich
|-singleturn|p2b: Heimlich|Helping Hand|[of] p2a: Litofsky
|move|p2b: Heimlich|Giga Drain|p1b: Chandelure
|-resisted|p1b: Chandelure
|-damage|p1b: Chandelure|9/100
|-heal|p2b: Heimlich|75/100|[from] drain|[of] p1b: Chandelure
|move|p1b: Chandelure|Calm Mind|p1b: Chandelure
|-boost|p1b: Chandelure|spa|1
|-boost|p1b: Chandelure|spd|1
|
|upkeep
|turn|8
|
|t:|1757707769
|move|p2a: Litofsky|Helping Hand|p2b: Heimlich
|-singleturn|p2b: Heimlich|Helping Hand|[of] p2a: Litofsky
|move|p2b: Heimlich|Giga Drain|p1b: Chandelure
|-resisted|p1b: Chandelure
|-damage|p1b: Chandelure|0 fnt
|-heal|p2b: Heimlich|79/100|[from] drain|[of] p1b: Chandelure
|faint|p1b: Chandelure
|
|win|miggy17
||miggy17 is ready for game 2.
||leoderigo is ready for game 2.
|uhtml|next|Next: Game 2 of 3
