|j|☆John1240
|j|☆jackylechicken
|html|John1240jackylechicken    
|uhtml|bestof|Game 2 of a best-of-3
|t:|1782504660
|gametype|doubles
|player|p1|John1240|#stt5noadkokoroyal|
|player|p2|jackylechicken|pokefan|
|gen|9
|tier|[Gen 9 Champions] VGC 2026 Reg M-B (Bo3)
|rule|Species Clause: Limit one of each Pokémon
|rule|Item Clause: Limit 1 of each item
|clearpoke
|poke|p1|Pyroar, L50, M|
|poke|p1|Whimsicott, L50, M|
|poke|p1|Ninetales, L50, M|
|poke|p1|Farigiraf, L50, M|
|poke|p1|Basculegion, L50, M|
|poke|p1|Floette-Eternal, L50, F|
|poke|p2|Staraptor, L50, M|
|poke|p2|Gholdengo, L50|
|poke|p2|Kingambit, L50, F|
|poke|p2|Whimsicott, L50, F|
|poke|p2|Basculegion, L50, M|
|poke|p2|Blaziken, L50, M|
|teampreview|4
|showteam|p1|Pyroar||Pyroarite|Unnerve|HeatWave,SolarBeam,Overheat,Protect|Timid||M|||50|]Whimsicott||FocusSash|Prankster|Moonblast,Tailwind,SunnyDay,Protect|Timid||M|||50|]Ninetales||ChoiceScarf|Drought|Overheat,HeatWave,SolarBeam,FakeTears|Modest||M|||50|]Farigiraf||SitrusBerry|ArmorTail|Thunderbolt,TwinBeam,TrickRoom,HelpingHand|Bold||M|||50|]Basculegion||LifeOrb|Adaptability|WaveCrash,LastRespects,AquaJet,Protect|Adamant||M|||50|]Floette-Eternal||Floettite|FlowerVeil|Moonblast,DazzlingGleam,LightofRuin,Protect|Timid||F|||50|
|showteam|p2|Staraptor||Staraptite|Intimidate|CloseCombat,BraveBird,BlazeKick,Protect|Jolly||M|||50|]Gholdengo||LifeOrb|GoodasGold|MakeItRain,ShadowBall,NastyPlot,Protect|Modest|||||50|]Kingambit||BlackGlasses|Defiant|KowtowCleave,SuckerPunch,IronHead,Protect|Adamant||F|||50|]Whimsicott||FairyFeather|Prankster|Moonblast,Charm,Tailwind,Encore|Modest||F|||50|]Basculegion||ChoiceScarf|Adaptability|WaveCrash,AquaJet,FlipTurn,LastRespects|Jolly||M|||50|]Blaziken||Blazikenite|SpeedBoost|FlareBlitz,CloseCombat,Protect,RockSlide|Adamant||M|||50|
|j| MIss Leafia
|j| yuna sky pillar
|j| seriflor
|
|t:|1782504729
|teamsize|p1|4
|teamsize|p2|4
|start
|switch|p1a: Whimsicott|Whimsicott, L50, M|100/100
|switch|p1b: Ninetales|Ninetales, L50, M|100/100
|switch|p2a: Remontadâme|Basculegion, L50, M|100/100
|switch|p2b: Le chicken|Blaziken, L50, M|100/100
|-weather|SunnyDay|[from] ability: Drought|[of] p1b: Ninetales
|turn|1
|j| Chibi-tick-chibi
|
|t:|1782504798
|switch|p2a: Prince Fluff|Whimsicott, L50, F|100/100
|detailschange|p2b: Le chicken|Blaziken-Mega, L50, M
|-mega|p2b: Le chicken|Blaziken|Blazikenite
|move|p1b: Ninetales|Solar Beam||[still]
|-prepare|p1b: Ninetales|Solar Beam
|-anim|p1b: Ninetales|Solar Beam|p2a: Prince Fluff
|-resisted|p2a: Prince Fluff|1
|-damage|p2a: Prince Fluff|77/100
|move|p1a: Whimsicott|Moonblast|p2b: Le chicken
|-damage|p2b: Le chicken|56/100
|move|p2b: Le chicken|Rock Slide|p1a: Whimsicott|[spread] p1a,p1b
|-supereffective|p1b: Ninetales|1
|-damage|p1a: Whimsicott|60/100
|-damage|p1b: Ninetales|29/100
|
|-weather|SunnyDay|[upkeep]
|-ability|p2b: Le chicken|Speed Boost|boost
|-boost|p2b: Le chicken|spe|1
|upkeep
|turn|2
|
|t:|1782504840
|switch|p1b: Basculegion|Basculegion, L50, M|100/100
|move|p1a: Whimsicott|Tailwind|p1a: Whimsicott
|-sidestart|p1: John1240|move: Tailwind
|move|p2a: Prince Fluff|Tailwind|p2a: Prince Fluff
|-sidestart|p2: jackylechicken|move: Tailwind
|move|p2b: Le chicken|Flare Blitz|p1a: Whimsicott
|-supereffective|p1a: Whimsicott|1
|-damage|p1a: Whimsicott|0 fnt
|faint|p1a: Whimsicott
|-damage|p2b: Le chicken|38/100|[from] Recoil
|
|-weather|SunnyDay|[upkeep]
|-ability|p2b: Le chicken|Speed Boost|boost
|-boost|p2b: Le chicken|spe|1
|upkeep
|
|t:|1782504851
|switch|p1a: Ninetales|Ninetales, L50, M|29/100
|turn|3
|
|t:|1782504869
|move|p2a: Prince Fluff|Charm|p1b: Basculegion
|-unboost|p1b: Basculegion|atk|2
|move|p2b: Le chicken|Rock Slide|p1b: Basculegion|[spread] p1a,p1b
|-supereffective|p1a: Ninetales|1
|-crit|p1b: Basculegion
|-damage|p1a: Ninetales|0 fnt
|-damage|p1b: Basculegion|55/100
|faint|p1a: Ninetales
|move|p1b: Basculegion|Last Respects|p2b: Le chicken
|-damage|p2b: Le chicken|0 fnt
|faint|p2b: Le chicken
|-damage|p1b: Basculegion|45/100|[from] item: Life Orb
|
|-weather|SunnyDay|[upkeep]
|upkeep
|
|t:|1782504895
|switch|p2b: Remontadâme|Basculegion, L50, M|100/100
|switch|p1a: Pyroar|Pyroar, L50, M|100/100
|-ability|p1a: Pyroar|Unnerve
|turn|4
|
|t:|1782504934
|detailschange|p1a: Pyroar|Pyroar-Mega, L50, M
|-mega|p1a: Pyroar|Pyroar|Pyroarite
|move|p1b: Basculegion|Protect|p1b: Basculegion
|-singleturn|p1b: Basculegion|Protect
|move|p2b: Remontadâme|Wave Crash|p1a: Pyroar
|-supereffective|p1a: Pyroar|1
|-damage|p1a: Pyroar|8/100
|-damage|p2b: Remontadâme|75/100|[from] Recoil
|move|p1a: Pyroar|Solar Beam||[still]
|-prepare|p1a: Pyroar|Solar Beam
|-anim|p1a: Pyroar|Solar Beam|p2b: Remontadâme
|-supereffective|p2b: Remontadâme|1
|-damage|p2b: Remontadâme|0 fnt
|faint|p2b: Remontadâme
|move|p2a: Prince Fluff|Moonblast|p1b: Basculegion
|-activate|p1b: Basculegion|move: Protect
|
|-weather|SunnyDay|[upkeep]
|upkeep
|
|t:|1782504951
|switch|p2b: Ficello|Gholdengo, L50|100/100
|turn|5
|
|t:|1782504975
|move|p2a: Prince Fluff|Encore|p1a: Pyroar
|-start|p1a: Pyroar|Encore
|move|p1a: Pyroar|Solar Beam||[still]
|-prepare|p1a: Pyroar|Solar Beam
|-anim|p1a: Pyroar|Solar Beam|p2b: Ficello
|-resisted|p2b: Ficello|1
|-damage|p2b: Ficello|74/100
|move|p1b: Basculegion|Last Respects|p2b: Ficello
|-supereffective|p2b: Ficello|1
|-damage|p2b: Ficello|0 fnt
|faint|p2b: Ficello
|-damage|p1b: Basculegion|35/100|[from] item: Life Orb
|
|-weather|none
|-sideend|p1: John1240|move: Tailwind
|-sideend|p2: jackylechicken|move: Tailwind
|upkeep
|turn|6
|
|t:|1782504997
|move|p1a: Pyroar|Solar Beam||[still]
|-prepare|p1a: Pyroar|Solar Beam
|move|p2a: Prince Fluff|Moonblast|p1b: Basculegion
|-damage|p1b: Basculegion|0 fnt
|faint|p1b: Basculegion
|
|upkeep
|turn|7
|
|t:|1782505004
|move|p1a: Pyroar|Solar Beam|p2a: Prince Fluff|[from] lockedmove
|-resisted|p2a: Prince Fluff|1
|-damage|p2a: Prince Fluff|47/100
|move|p2a: Prince Fluff|Moonblast|p1a: Pyroar
|-resisted|p1a: Pyroar|1
|-damage|p1a: Pyroar|0 fnt
|faint|p1a: Pyroar
|
|win|jackylechicken
|inactive|John1240 has 30 seconds to confirm battle start!
|inactive|jackylechicken has 30 seconds to confirm battle start!
|l| Chibi-tick-chibi
||John1240 is ready for game 3.
|c| yuna sky pillar|LET'S GO
||jackylechicken is ready for game 3.
|uhtml|next|Next: Game 3 of 3
|l| MIss Leafia
