|j|☆Iceman5687
|j|☆johx123
|html|Iceman5687johx123    
|uhtml|bestof|Game 1 of a best-of-3
|t:|1784017682
|gametype|doubles
|player|p1|Iceman5687|265|1243
|player|p2|johx123|1|1116
|gen|9
|tier|[Gen 9 Champions] VGC 2026 Reg M-B (Bo3)
|rated|
|rule|Species Clause: Limit one of each Pokémon
|rule|Item Clause: Limit 1 of each item
|clearpoke
|poke|p1|Whimsicott, L50, F|
|poke|p1|Swampert, L50, M|
|poke|p1|Pelipper, L50, M|
|poke|p1|Archaludon, L50, F|
|poke|p1|Basculegion, L50, M|
|poke|p1|Floette-Eternal, L50, F|
|poke|p2|Gardevoir, L50, M|
|poke|p2|Farigiraf, L50, F|
|poke|p2|Torkoal, L50, M|
|poke|p2|Incineroar, L50, M|
|poke|p2|Scovillain, L50, M|
|poke|p2|Kingambit, L50, F|
|teampreview|4
|showteam|p1|Whimsicott||CobaBerry|Prankster|Moonblast,Tailwind,Encore,Protect|Bold||F|||50|]Swampert||Swampertite|Damp|WaveCrash,Earthquake,IcePunch,Protect|Adamant||M|||50|]Pelipper||LifeOrb|Drizzle|Hurricane,WeatherBall,Tailwind,Protect|Modest||M|||50|]Archaludon||Leftovers|Stamina|DracoMeteor,FlashCannon,ElectroShot,Protect|Modest||F|||50|]Basculegion||FocusSash|Adaptability|Liquidation,LastRespects,AquaJet,Protect|Adamant||M|||50|]Floette-Eternal||Floettite|FlowerVeil|Moonblast,DazzlingGleam,LightofRuin,Protect|Modest||F|||50|
|showteam|p2|Gardevoir||Gardevoirite|Synchronize|HyperVoice,AuraSphere,TrickRoom,Protect|Quiet||M|||50|]Farigiraf||ColburBerry|ArmorTail|TwinBeam,TrickRoom,Protect,HelpingHand|Relaxed||F|||50|]Torkoal||Charcoal|Drought|Eruption,Protect,Flamethrower,SolarBeam|Quiet||M|||50|]Incineroar||SitrusBerry|Intimidate|FakeOut,FlareBlitz,PartingShot,ThroatChop|Sassy||M|||50|]Scovillain||Scovillainite|Chlorophyll|RagePowder,Overheat,LeechSeed,Protect|Sassy||M|||50|]Kingambit||BlackGlasses|Defiant|KowtowCleave,LowKick,SuckerPunch,Protect|Adamant||F|||50|
|inactive|Battle timer is ON: inactive players will automatically lose when time's up. (requested by Iceman5687)
|
|t:|1784017705
|teamsize|p1|4
|teamsize|p2|4
|start
|switch|p1a: Swampert|Swampert, L50, M|100/100
|switch|p1b: Archaludon|Archaludon, L50, F|100/100
|switch|p2a: Farigiraf|Farigiraf, L50, F|100/100
|switch|p2b: Incineroar|Incineroar, L50, M|100/100
|-ability|p2b: Incineroar|Intimidate|boost
|-unboost|p1a: Swampert|atk|1
|-unboost|p1b: Archaludon|atk|1
|turn|1
|
|t:|1784017729
|switch|p1b: Pelipper|Pelipper, L50, M|100/100
|-weather|RainDance|[from] ability: Drizzle|[of] p1b: Pelipper
|detailschange|p1a: Swampert|Swampert-Mega, L50, M
|-mega|p1a: Swampert|Swampert|Swampertite
|move|p1a: Swampert|Earthquake|p2a: Farigiraf|[spread] p2a,p2b
|-immune|p1b: Pelipper
|-supereffective|p2b: Incineroar|1
|-damage|p2a: Farigiraf|79/100
|-damage|p2b: Incineroar|40/100
|-enditem|p2b: Incineroar|Sitrus Berry|[eat]
|-heal|p2b: Incineroar|65/100|[from] item: Sitrus Berry
|move|p2b: Incineroar|Parting Shot|p1a: Swampert
|-unboost|p1a: Swampert|atk|1
|-unboost|p1a: Swampert|spa|1
|
|t:|1784017746
|switch|p2b: Gardevoir|Gardevoir, L50, M|100/100|[from] Parting Shot
|move|p2a: Farigiraf|Trick Room|p2a: Farigiraf
|-fieldstart|move: Trick Room|[of] p2a: Farigiraf
|
|-weather|RainDance|[upkeep]
|upkeep
|turn|2
|
|t:|1784017770
|detailschange|p2b: Gardevoir|Gardevoir-Mega, L50, M
|-mega|p2b: Gardevoir|Gardevoir|Gardevoirite
|move|p2a: Farigiraf|Helping Hand|p2b: Gardevoir
|-singleturn|p2b: Gardevoir|Helping Hand|[of] p2a: Farigiraf
|move|p1b: Pelipper|Weather Ball|p2a: Farigiraf
|-damage|p2a: Farigiraf|0 fnt
|faint|p2a: Farigiraf
|-damage|p1b: Pelipper|90/100|[from] item: Life Orb
|move|p2b: Gardevoir|Hyper Voice|p1a: Swampert|[spread] p1a,p1b
|-damage|p1a: Swampert|30/100
|-damage|p1b: Pelipper|0 fnt
|faint|p1b: Pelipper
|move|p1a: Swampert|Wave Crash|p2b: Gardevoir
|-damage|p2b: Gardevoir|18/100
|-damage|p1a: Swampert|6/100|[from] Recoil
|
|-weather|RainDance|[upkeep]
|upkeep
|
|t:|1784017783
|switch|p2a: Kingambit|Kingambit, L50, F|100/100
|switch|p1b: Basculegion|Basculegion, L50, M|100/100
|turn|3
|
|t:|1784017802
|switch|p1a: Archaludon|Archaludon, L50, F|100/100
|move|p1b: Basculegion|Aqua Jet|p2b: Gardevoir
|-crit|p2b: Gardevoir
|-damage|p2b: Gardevoir|0 fnt
|faint|p2b: Gardevoir
|move|p2a: Kingambit|Kowtow Cleave|p1b: Basculegion
|-supereffective|p1b: Basculegion|1
|-enditem|p1b: Basculegion|Focus Sash
|-damage|p1b: Basculegion|1/100
|
|-weather|RainDance|[upkeep]
|upkeep
|
|t:|1784017807
|switch|p2b: Incineroar|Incineroar, L50, M|65/100
|-ability|p2b: Incineroar|Intimidate|boost
|-unboost|p1a: Archaludon|atk|1
|-unboost|p1b: Basculegion|atk|1
|turn|4
|
|t:|1784017820
|move|p1b: Basculegion|Protect|p1b: Basculegion
|-singleturn|p1b: Basculegion|Protect
|move|p2a: Kingambit|Low Kick|p1a: Archaludon
|-supereffective|p1a: Archaludon|1
|-damage|p1a: Archaludon|51/100
|-ability|p1a: Archaludon|Stamina|boost
|-boost|p1a: Archaludon|def|1
|move|p2b: Incineroar|Throat Chop|p1b: Basculegion
|-activate|p1b: Basculegion|move: Protect
|move|p1a: Archaludon|Electro Shot||[still]
|-prepare|p1a: Archaludon|Electro Shot
|-boost|p1a: Archaludon|spa|1
|-anim|p1a: Archaludon|Electro Shot|p2a: Kingambit
|-damage|p2a: Kingambit|37/100
|
|-weather|RainDance|[upkeep]
|-heal|p1a: Archaludon|57/100|[from] item: Leftovers
|upkeep
|turn|5
|inactive|johx123 has 30 seconds left.
|
|t:|1784017850
|move|p1b: Basculegion|Aqua Jet|p2b: Incineroar
|-supereffective|p2b: Incineroar|1
|-damage|p2b: Incineroar|11/100
|move|p2a: Kingambit|Kowtow Cleave|p1a: Archaludon
|-damage|p1a: Archaludon|29/100
|-ability|p1a: Archaludon|Stamina|boost
|-boost|p1a: Archaludon|def|1
|move|p2b: Incineroar|Throat Chop|p1b: Basculegion
|-supereffective|p1b: Basculegion|1
|-damage|p1b: Basculegion|0 fnt
|faint|p1b: Basculegion
|move|p1a: Archaludon|Electro Shot||[still]
|-prepare|p1a: Archaludon|Electro Shot
|-boost|p1a: Archaludon|spa|1
|-anim|p1a: Archaludon|Electro Shot|p2a: Kingambit
|-damage|p2a: Kingambit|0 fnt
|faint|p2a: Kingambit
|
|-weather|none
|-heal|p1a: Archaludon|35/100|[from] item: Leftovers
|-fieldend|move: Trick Room
|upkeep
|
|t:|1784017858
|switch|p1b: Swampert|Swampert-Mega, L50, M|6/100
|turn|6
|-message|johx123 forfeited.
|
|win|Iceman5687
