|j|☆keahi
|j|☆magicalarcher57
|html|keahimagicalarcher57    
|uhtml|bestof|Game 3 of a best-of-3
|t:|1784876135
|gametype|doubles
|player|p1|keahi|willow|1166
|player|p2|magicalarcher57|clair|1353
|gen|9
|tier|[Gen 9 Champions] VGC 2026 Reg M-B (Bo3)
|rated|
|rule|Species Clause: Limit one of each Pokémon
|rule|Item Clause: Limit 1 of each item
|clearpoke
|poke|p1|Tyranitar, L50, M|
|poke|p1|Excadrill, L50, F|
|poke|p1|Barbaracle, L50, M|
|poke|p1|Sylveon, L50, M, shiny|
|poke|p1|Rotom-Heat, L50|
|poke|p1|Sinistcha, L50|
|poke|p2|Sneasler, L50, F|
|poke|p2|Garchomp, L50, M|
|poke|p2|Aerodactyl, L50, M|
|poke|p2|Charizard, L50, F|
|poke|p2|Venusaur, L50, M|
|poke|p2|Kingambit, L50, F|
|teampreview|4
|showteam|p1|Tyranitar||Tyranitarite|SandStream|RockSlide,Protect,Assurance,LowKick|Adamant||M|||50|]Excadrill||FocusSash|SandRush|HighHorsepower,IronHead,Protect,RockTomb|Adamant||F|||50|]Barbaracle||Barbaracite|ToughClaws|ShellSmash,RockSlide,CloseCombat,Protect|Adamant||M|||50|]Sylveon||FairyFeather|Pixilate|HyperVoice,Detect,QuickAttack,HyperBeam|Modest||M|||50|]Rotom-Heat||LightClay|Levitate|Reflect,LightScreen,VoltSwitch,Overheat|Modest|||||50|]Sinistcha||Leftovers|Hospitality|MatchaGotcha,ShadowBall,TrickRoom,RagePowder|Bold|||||50|
|showteam|p2|Sneasler||WhiteHerb|Unburden|FakeOut,CloseCombat,DireClaw,Protect|Adamant||F|||50|]Garchomp||LifeOrb|RoughSkin|Earthquake,StompingTantrum,DragonClaw,Protect|Jolly||M|||50|]Aerodactyl||Aerodactylite|Unnerve|RockSlide,WideGuard,Tailwind,IceFang|Jolly||M|||50|]Charizard||CharizarditeY|Blaze|HeatWave,WeatherBall,SolarBeam,Protect|Modest||F|||50|]Venusaur||FocusSash|Chlorophyll|SolarBeam,SludgeBomb,Protect,EarthPower|Modest||M|||50|]Kingambit||BlackGlasses|Defiant|LowKick,KowtowCleave,SuckerPunch,Protect|Adamant||F|||50|
|inactive|Battle timer is ON: inactive players will automatically lose when time's up. (requested by magicalarcher57)
|
|t:|1784876151
|teamsize|p1|4
|teamsize|p2|4
|start
|switch|p1a: Rotom|Rotom-Heat, L50|100/100
|switch|p1b: Barbaracle|Barbaracle, L50, M|100/100
|switch|p2a: Garchomp|Garchomp, L50, M|100/100
|switch|p2b: Aerodactyl|Aerodactyl, L50, M|100/100
|-ability|p2b: Aerodactyl|Unnerve
|turn|1
|inactive|keahi has 30 seconds left.
|
|t:|1784876180
|detailschange|p2b: Aerodactyl|Aerodactyl-Mega, L50, M
|-mega|p2b: Aerodactyl|Aerodactyl|Aerodactylite
|detailschange|p1b: Barbaracle|Barbaracle-Mega, L50, M
|-mega|p1b: Barbaracle|Barbaracle|Barbaracite
|move|p2b: Aerodactyl|Tailwind|p2b: Aerodactyl
|-sidestart|p2: magicalarcher57|move: Tailwind
|move|p2a: Garchomp|Dragon Claw|p1a: Rotom
|-damage|p1a: Rotom|42/100
|-damage|p2a: Garchomp|90/100|[from] item: Life Orb
|move|p1b: Barbaracle|Close Combat|p2a: Garchomp
|-damage|p2a: Garchomp|0 fnt
|-unboost|p1b: Barbaracle|def|1
|-unboost|p1b: Barbaracle|spd|1
|-damage|p1b: Barbaracle|87/100|[from] ability: Rough Skin|[of] p2a: Garchomp
|faint|p2a: Garchomp
|move|p1a: Rotom|Reflect|p1a: Rotom
|-sidestart|p1: keahi|Reflect
|
|upkeep
|
|t:|1784876195
|switch|p2a: Sneasler|Sneasler, L50, F|100/100
|turn|2
|
|t:|1784876203
|move|p1b: Barbaracle|Protect|p1b: Barbaracle
|-singleturn|p1b: Barbaracle|Protect
|move|p2b: Aerodactyl|Rock Slide|p1a: Rotom|[spread] p1a
|-activate|p1b: Barbaracle|move: Protect
|-supereffective|p1a: Rotom|1
|-damage|p1a: Rotom|0 fnt
|faint|p1a: Rotom
|move|p2a: Sneasler|Close Combat|p1b: Barbaracle
|-activate|p1b: Barbaracle|move: Protect
|
|upkeep
|
|t:|1784876208
|switch|p1a: Excadrill|Excadrill, L50, F|100/100
|turn|3
|
|t:|1784876215
|switch|p1b: Tyranitar|Tyranitar, L50, M|100/100
|-weather|Sandstorm|[from] ability: Sand Stream|[of] p1b: Tyranitar
|move|p2b: Aerodactyl|Rock Slide|p1a: Excadrill|[spread] 
|-miss|p2b: Aerodactyl|p1a: Excadrill
|-miss|p2b: Aerodactyl|p1b: Tyranitar
|move|p2a: Sneasler|Close Combat|p1b: Tyranitar
|-supereffective|p1b: Tyranitar|2
|-damage|p1b: Tyranitar|0 fnt
|-unboost|p2a: Sneasler|def|1
|-unboost|p2a: Sneasler|spd|1
|faint|p1b: Tyranitar
|-enditem|p2a: Sneasler|White Herb
|-clearnegativeboost|p2a: Sneasler|[silent]
|move|p1a: Excadrill|High Horsepower|p2a: Sneasler
|-supereffective|p2a: Sneasler|1
|-damage|p2a: Sneasler|0 fnt
|faint|p2a: Sneasler
|
|-weather|Sandstorm|[upkeep]
|upkeep
|
|t:|1784876220
|switch|p2a: Kingambit|Kingambit, L50, F|100/100
|switch|p1b: Barbaracle|Barbaracle-Mega, L50, M|87/100
|turn|4
|
|t:|1784876231
|move|p1a: Excadrill|Protect|p1a: Excadrill
|-singleturn|p1a: Excadrill|Protect
|move|p1b: Barbaracle|Protect|p1b: Barbaracle
|-singleturn|p1b: Barbaracle|Protect
|move|p2b: Aerodactyl|Rock Slide|p1b: Barbaracle|[spread] 
|-activate|p1a: Excadrill|move: Protect
|-activate|p1b: Barbaracle|move: Protect
|move|p2a: Kingambit|Low Kick|p1a: Excadrill
|-activate|p1a: Excadrill|move: Protect
|
|-weather|Sandstorm|[upkeep]
|-sideend|p2: magicalarcher57|move: Tailwind
|upkeep
|turn|5
|c|☆keahi|gg
|
|t:|1784876242
|move|p2a: Kingambit|Protect|p2a: Kingambit
|-singleturn|p2a: Kingambit|Protect
|move|p1a: Excadrill|Iron Head|p2b: Aerodactyl
|-supereffective|p2b: Aerodactyl|1
|-damage|p2b: Aerodactyl|0 fnt
|faint|p2b: Aerodactyl
|move|p1b: Barbaracle|Close Combat|p2a: Kingambit
|-activate|p2a: Kingambit|move: Protect
|
|-weather|Sandstorm|[upkeep]
|upkeep
|turn|6
|inactive|magicalarcher57 has 30 seconds left.
|inactive|magicalarcher57 has 20 seconds left.
|inactive|magicalarcher57 has 15 seconds left.
|inactive|magicalarcher57 has 10 seconds left.
|inactive|magicalarcher57 has 5 seconds left.
|
|t:|1784876297
|move|p1a: Excadrill|High Horsepower|p2a: Kingambit
|-supereffective|p2a: Kingambit|1
|-damage|p2a: Kingambit|14/100
|move|p1b: Barbaracle|Close Combat|p2a: Kingambit
|-supereffective|p2a: Kingambit|2
|-damage|p2a: Kingambit|0 fnt
|-unboost|p1b: Barbaracle|def|1
|-unboost|p1b: Barbaracle|spd|1
|faint|p2a: Kingambit
|
|win|keahi
|raw|keahi's rating: 1166 → 1203(+37 for winning)
|raw|magicalarcher57's rating: 1353 → 1323(-30 for losing)
