|j|☆PINGAS67PINGAS
|j|☆sturmkitten69
|html|PINGAS67PINGASsturmkitten69    
|uhtml|bestof|Game 3 of a best-of-3
|t:|1784091016
|gametype|doubles
|player|p1|PINGAS67PINGAS|2|1143
|player|p2|sturmkitten69|fisherman-gen4|1175
|gen|9
|tier|[Gen 9 Champions] VGC 2026 Reg M-B (Bo3)
|rated|
|rule|Species Clause: Limit one of each Pokémon
|rule|Item Clause: Limit 1 of each item
|clearpoke
|poke|p1|Staraptor, L50, F|
|poke|p1|Incineroar, L50, M|
|poke|p1|Sinistcha, L50|
|poke|p1|Gholdengo, L50|
|poke|p1|Arcanine-Hisui, L50, M|
|poke|p1|Ninetales-Alola, L50, M|
|poke|p2|Blastoise, L50, M|
|poke|p2|Farigiraf, L50, F, shiny|
|poke|p2|Basculegion, L50, M|
|poke|p2|Aerodactyl, L50, F|
|poke|p2|Rotom-Heat, L50|
|poke|p2|Garchomp, L50, F|
|teampreview|4
|showteam|p1|Staraptor||Staraptite|Intimidate|BraveBird,CloseCombat,Roost,Protect|Jolly||F|||50|]Incineroar||SitrusBerry|Intimidate|FlareBlitz,DarkestLariat,PartingShot,FakeOut|Careful||M|||50|]Sinistcha||ColburBerry|Hospitality|MatchaGotcha,RagePowder,StrengthSap,TrickRoom|Calm|||||50|]Gholdengo||LifeOrb|GoodasGold|MakeItRain,ShadowBall,NastyPlot,Protect|Modest|||||50|]Arcanine-Hisui||FocusSash|RockHead|HeadSmash,FlareBlitz,ExtremeSpeed,Protect|Jolly||M|||50|]Ninetales-Alola||NeverMeltIce|SnowWarning|Blizzard,FreezeDry,AuroraVeil,Protect|Timid||M|||50|
|showteam|p2|Blastoise||Blastoisinite|Torrent|AuraSphere,DarkPulse,FakeOut,WaterSpout|Modest||M|||50|]Farigiraf||SitrusBerry|ArmorTail|RainDance,Thunderbolt,HelpingHand,TrickRoom|Bold||F|||50|]Basculegion||FocusSash|Adaptability|LastRespects,WaveCrash,Protect,AquaJet|Adamant||M|||50|]Aerodactyl||Aerodactylite|Unnerve|RockSlide,Protect,Tailwind,DualWingbeat|Jolly||F|||50|]Rotom-Heat||ChoiceScarf|Levitate|Overheat,VoltSwitch,Thunderbolt,WillOWisp|Timid|||||50|]Garchomp||LifeOrb|RoughSkin|RockSlide,Earthquake,DragonClaw,Protect|Jolly||F|||50|
|inactive|Battle timer is ON: inactive players will automatically lose when time's up. (requested by sturmkitten69)
|
|t:|1784091053
|teamsize|p1|4
|teamsize|p2|4
|start
|switch|p1a: Staraptor|Staraptor, L50, F|100/100
|switch|p1b: Incineroar|Incineroar, L50, M|100/100
|switch|p2a: Rotom|Rotom-Heat, L50|100/100
|switch|p2b: Aerodactyl|Aerodactyl, L50, F|100/100
|-ability|p2b: Aerodactyl|Unnerve
|-ability|p1a: Staraptor|Intimidate|boost
|-unboost|p2a: Rotom|atk|1
|-unboost|p2b: Aerodactyl|atk|1
|-ability|p1b: Incineroar|Intimidate|boost
|-unboost|p2a: Rotom|atk|1
|-unboost|p2b: Aerodactyl|atk|1
|turn|1
|inactive|sturmkitten69 has 30 seconds left.
|inactive|sturmkitten69 has 20 seconds left.
|inactive|sturmkitten69 has 15 seconds left.
|
|t:|1784091097
|detailschange|p2b: Aerodactyl|Aerodactyl-Mega, L50, F
|-mega|p2b: Aerodactyl|Aerodactyl|Aerodactylite
|detailschange|p1a: Staraptor|Staraptor-Mega, L50, F
|-mega|p1a: Staraptor|Staraptor|Staraptite
|move|p1a: Staraptor|Protect|p1a: Staraptor
|-singleturn|p1a: Staraptor|Protect
|move|p2a: Rotom|Volt Switch|p1a: Staraptor
|-activate|p1a: Staraptor|move: Protect
|move|p2b: Aerodactyl|Dual Wingbeat|p1a: Staraptor
|-activate|p1a: Staraptor|move: Protect
|move|p1b: Incineroar|Parting Shot|p2a: Rotom
|-unboost|p2a: Rotom|atk|1
|-unboost|p2a: Rotom|spa|1
|
|t:|1784091109
|switch|p1b: Arcanine|Arcanine-Hisui, L50, M|100/100|[from] Parting Shot
|
|upkeep
|turn|2
|
|t:|1784091127
|switch|p1a: Incineroar|Incineroar, L50, M|100/100
|-ability|p1a: Incineroar|Intimidate|boost
|-unboost|p2a: Rotom|atk|1
|-unboost|p2b: Aerodactyl|atk|1
|move|p2a: Rotom|Volt Switch|p1a: Incineroar
|-damage|p1a: Incineroar|83/100
|
|t:|1784091138
|switch|p2a: Basculegion|Basculegion, L50, M|100/100|[from] Volt Switch
|move|p2b: Aerodactyl|Dual Wingbeat|p1a: Incineroar|[miss]
|-miss|p2b: Aerodactyl|p1a: Incineroar
|move|p1b: Arcanine|Head Smash|p2a: Basculegion
|-damage|p2a: Basculegion|2/100
|
|upkeep
|turn|3
|
|t:|1784091159
|switch|p2b: Farigiraf|Farigiraf, L50, F, shiny|100/100
|move|p1a: Incineroar|Fake Out||[still]
|cant|p2b: Farigiraf|ability: Armor Tail|Fake Out|[of] p1a: Incineroar
|move|p2a: Basculegion|Aqua Jet|p1b: Arcanine
|-supereffective|p1b: Arcanine|2
|-enditem|p1b: Arcanine|Focus Sash
|-damage|p1b: Arcanine|1/100
|move|p1b: Arcanine|Flare Blitz|p2a: Basculegion
|-resisted|p2a: Basculegion|1
|-damage|p2a: Basculegion|0 fnt
|faint|p2a: Basculegion
|
|upkeep
|
|t:|1784091174
|switch|p2a: Aerodactyl|Aerodactyl-Mega, L50, F|100/100
|turn|4
|
|t:|1784091193
|move|p2b: Farigiraf|Helping Hand|p2a: Aerodactyl
|-singleturn|p2a: Aerodactyl|Helping Hand|[of] p2b: Farigiraf
|move|p1b: Arcanine|Protect|p1b: Arcanine
|-singleturn|p1b: Arcanine|Protect
|move|p2a: Aerodactyl|Rock Slide|p1b: Arcanine|[spread] p1a
|-activate|p1b: Arcanine|move: Protect
|-supereffective|p1a: Incineroar|1
|-damage|p1a: Incineroar|0 fnt
|faint|p1a: Incineroar
|
|upkeep
|
|t:|1784091207
|switch|p1a: Staraptor|Staraptor-Mega, L50, F|100/100
|turn|5
|inactive|sturmkitten69 has 30 seconds left.
|inactive|sturmkitten69 has 20 seconds left.
|
|t:|1784091244
|move|p2a: Aerodactyl|Dual Wingbeat|p1a: Staraptor
|-supereffective|p1a: Staraptor|1
|-crit|p1a: Staraptor
|-damage|p1a: Staraptor|6/100
|-supereffective|p1a: Staraptor|1
|-damage|p1a: Staraptor|0 fnt
|faint|p1a: Staraptor
|-hitcount|p1: Staraptor|2
|move|p1b: Arcanine|Head Smash|p2a: Aerodactyl
|-supereffective|p2a: Aerodactyl|1
|-damage|p2a: Aerodactyl|0 fnt
|faint|p2a: Aerodactyl
|move|p2b: Farigiraf|Thunderbolt|p1b: Arcanine
|-damage|p1b: Arcanine|0 fnt
|faint|p1b: Arcanine
|
|upkeep
|
|t:|1784091257
|switch|p2a: Rotom|Rotom-Heat, L50|100/100
|switch|p1b: Ninetales|Ninetales-Alola, L50, M|100/100
|-weather|Snowscape|[from] ability: Snow Warning|[of] p1b: Ninetales
|turn|6
|
|t:|1784091265
|move|p2a: Rotom|Overheat|p1b: Ninetales
|-supereffective|p1b: Ninetales|1
|-damage|p1b: Ninetales|0 fnt
|-unboost|p2a: Rotom|spa|2
|faint|p1b: Ninetales
|
|win|sturmkitten69
|raw|PINGAS67PINGAS's rating: 1143 → 1120(-23 for losing)
|raw|sturmkitten69's rating: 1175 → 1198(+23 for winning)
|l|☆PINGAS67PINGAS
|player|p1|
|c|☆sturmkitten69|yesss
