|j|☆Latario
|j|☆castoriceball
|html|Latariocastoriceball    
|uhtml|bestof|Game 1 of a best-of-3
|t:|1785635744
|gametype|doubles
|player|p1|Latario|101|1268
|player|p2|castoriceball|miku-flying|1296
|gen|9
|tier|[Gen 9 Champions] VGC 2026 Reg M-B (Bo3)
|rated|
|rule|Species Clause: Limit one of each Pokémon
|rule|Item Clause: Limit 1 of each item
|clearpoke
|poke|p1|Charizard, L50, F|
|poke|p1|Milotic, L50, F|
|poke|p1|Sneasler, L50, M|
|poke|p1|Incineroar, L50, F|
|poke|p1|Sinistcha, L50|
|poke|p1|Floette-Eternal, L50, F|
|poke|p2|Espathra, L50, F|
|poke|p2|Sableye, L50, M|
|poke|p2|Sinistcha, L50|
|poke|p2|Floette-Eternal, L50, F|
|poke|p2|Archaludon, L50, F|
|poke|p2|Swampert, L50, F|
|teampreview|4
|showteam|p1|Charizard||CharizarditeX|Blaze|FlareBlitz,DragonClaw,DragonDance,Protect|Adamant||F|||50|]Milotic||Leftovers|Competitive|MuddyWater,Coil,Hypnosis,Recover|Bold||F|||50|]Sneasler||FocusSash|PoisonTouch|FakeOut,CloseCombat,PoisonJab,Coaching|Jolly||M|||50|]Incineroar||SitrusBerry|Intimidate|FakeOut,PartingShot,DarkestLariat,FlareBlitz|Careful||F|||50|]Sinistcha||OccaBerry|Hospitality|MatchaGotcha,RagePowder,LifeDew,Protect|Bold|||||50|]Floette-Eternal||Floettite|FlowerVeil|DrainingKiss,DazzlingGleam,CalmMind,Protect|Modest||F|||50|
|showteam|p2|Espathra||SitrusBerry|SpeedBoost|CalmMind,BatonPass,LuminaCrash,Protect|Bold||F|||50|]Sableye||RoseliBerry|Prankster|FakeOut,LightScreen,Reflect,RainDance|Careful||M|||50|]Sinistcha||LifeOrb|Hospitality|RagePowder,MatchaGotcha,ShadowBall,Protect|Modest|||||50|]Floette-Eternal||Floettite|FlowerVeil|DazzlingGleam,DrainingKiss,LightofRuin,Protect|Modest||F|||50|]Archaludon||Leftovers|Stamina|FlashCannon,DragonPulse,ElectroShot,Protect|Modest||F|||50|]Swampert||Swampertite|Torrent|WaveCrash,Earthquake,IcePunch,Protect|Adamant||F|||50|
|
|t:|1785635800
|teamsize|p1|4
|teamsize|p2|4
|start
|switch|p1a: Floette|Floette-Eternal, L50, F|100/100
|switch|p1b: Incineroar|Incineroar, L50, F|100/100
|switch|p2a: headinthesand|Espathra, L50, F|100/100
|switch|p2b: gremlin|Sableye, L50, M|100/100
|-ability|p1b: Incineroar|Intimidate|boost
|-unboost|p2a: headinthesand|atk|1
|-unboost|p2b: gremlin|atk|1
|turn|1
|
|t:|1785635818
|switch|p2a: boom|Swampert, L50, F|100/100
|detailschange|p1a: Floette|Floette-Mega, L50, F
|-mega|p1a: Floette|Floette|Floettite
|-ability|p1a: Floette|Fairy Aura
|move|p2b: gremlin|Fake Out|p1a: Floette
|-damage|p1a: Floette|95/100
|cant|p1a: Floette|flinch
|move|p1b: Incineroar|Darkest Lariat|p2a: boom
|-damage|p2a: boom|64/100
|
|upkeep
|turn|2
|
|t:|1785635844
|detailschange|p2a: boom|Swampert-Mega, L50, F
|-mega|p2a: boom|Swampert|Swampertite
|move|p1a: Floette|Protect|p1a: Floette
|-singleturn|p1a: Floette|Protect
|move|p2b: gremlin|Rain Dance|p2b: gremlin
|-weather|RainDance
|move|p2a: boom|Wave Crash|p1b: Incineroar
|-supereffective|p1b: Incineroar|1
|-damage|p1b: Incineroar|0 fnt
|faint|p1b: Incineroar
|-damage|p2a: boom|28/100|[from] Recoil
|
|-weather|RainDance|[upkeep]
|upkeep
|
|t:|1785635851
|switch|p1b: Sinistcha|Sinistcha, L50|100/100
|-heal|p1a: Floette|100/100|[from] ability: Hospitality|[of] p1b: Sinistcha
|turn|3
|
|t:|1785635860
|move|p2a: boom|Protect|p2a: boom
|-singleturn|p2a: boom|Protect
|move|p1b: Sinistcha|Rage Powder|p1b: Sinistcha
|-singleturn|p1b: Sinistcha|move: Rage Powder
|move|p2b: gremlin|Light Screen|p2b: gremlin
|-sidestart|p2: castoriceball|move: Light Screen
|move|p1a: Floette|Dazzling Gleam|p2b: gremlin|[spread] p2b
|-activate|p2a: boom|move: Protect
|-supereffective|p2b: gremlin|1
|-enditem|p2b: gremlin|Roseli Berry|[eat]
|-enditem|p2b: gremlin|Roseli Berry|[weaken]
|-damage|p2b: gremlin|60/100
|
|-weather|RainDance|[upkeep]
|upkeep
|turn|4
|
|t:|1785635881
|switch|p2a: headinthesand|Espathra, L50, F|100/100
|move|p1b: Sinistcha|Rage Powder|p1b: Sinistcha
|-singleturn|p1b: Sinistcha|move: Rage Powder
|move|p2b: gremlin|Reflect|p2b: gremlin
|-sidestart|p2: castoriceball|Reflect
|move|p1a: Floette|Dazzling Gleam|p2b: gremlin|[spread] p2a,p2b
|-supereffective|p2b: gremlin|1
|-damage|p2a: headinthesand|67/100
|-damage|p2b: gremlin|0 fnt
|faint|p2b: gremlin
|
|-weather|RainDance|[upkeep]
|upkeep
|
|t:|1785635885
|switch|p2b: boom|Swampert-Mega, L50, F|28/100
|turn|5
|
|t:|1785635893
|move|p2b: boom|Protect|p2b: boom
|-singleturn|p2b: boom|Protect
|move|p1b: Sinistcha|Rage Powder|p1b: Sinistcha
|-singleturn|p1b: Sinistcha|move: Rage Powder
|move|p1a: Floette|Dazzling Gleam|p2b: boom|[spread] p2a
|-activate|p2b: boom|move: Protect
|-crit|p2a: headinthesand
|-damage|p2a: headinthesand|0 fnt
|faint|p2a: headinthesand
|
|-weather|RainDance|[upkeep]
|upkeep
|
|t:|1785635903
|switch|p2a: bridgecaludon|Archaludon, L50, F|100/100
|turn|6
|
|t:|1785635907
|move|p1b: Sinistcha|Rage Powder|p1b: Sinistcha
|-singleturn|p1b: Sinistcha|move: Rage Powder
|move|p2b: boom|Earthquake|p1a: Floette|[spread] p2a,p1a,p1b
|-supereffective|p2a: bridgecaludon|1
|-resisted|p1b: Sinistcha|1
|-damage|p2a: bridgecaludon|56/100
|-damage|p1a: Floette|55/100
|-damage|p1b: Sinistcha|83/100
|-ability|p2a: bridgecaludon|Stamina|boost
|-boost|p2a: bridgecaludon|def|1
|move|p1a: Floette|Dazzling Gleam|p2a: bridgecaludon|[spread] p2a,p2b
|-damage|p2a: bridgecaludon|18/100
|-damage|p2b: boom|1/100
|-ability|p2a: bridgecaludon|Stamina|boost
|-boost|p2a: bridgecaludon|def|1
|move|p2a: bridgecaludon|Electro Shot||[still]
|-prepare|p2a: bridgecaludon|Electro Shot
|-boost|p2a: bridgecaludon|spa|1
|-anim|p2a: bridgecaludon|Electro Shot|p1b: Sinistcha
|-resisted|p1b: Sinistcha|1
|-damage|p1b: Sinistcha|47/100
|
|-weather|none
|-heal|p2a: bridgecaludon|24/100|[from] item: Leftovers
|upkeep
|turn|7
|
|t:|1785635918
|move|p1b: Sinistcha|Rage Powder|p1b: Sinistcha
|-singleturn|p1b: Sinistcha|move: Rage Powder
|move|p1a: Floette|Dazzling Gleam|p2b: boom|[spread] p2a,p2b
|-damage|p2a: bridgecaludon|0 fnt
|-damage|p2b: boom|0 fnt
|faint|p2a: bridgecaludon
|faint|p2b: boom
|
|win|Latario
