|j|☆HayesL
|j|☆cwisbt
|html|HayesLcwisbt    
|uhtml|bestof|Game 1 of a best-of-3
|t:|1784400794
|gametype|doubles
|player|p1|HayesL|will|
|player|p2|cwisbt|sordward-shielbert|
|gen|9
|tier|[Gen 9 Champions] VGC 2026 Reg M-B (Bo3)
|rule|Species Clause: Limit one of each Pokémon
|rule|Item Clause: Limit 1 of each item
|clearpoke
|poke|p1|Garchomp, L50, F|
|poke|p1|Kingambit, L50, M|
|poke|p1|Farigiraf, L50, F|
|poke|p1|Aerodactyl, L50, M|
|poke|p1|Clefable, L50, M|
|poke|p1|Rotom-Heat, L50|
|poke|p2|Raichu, L50, F|
|poke|p2|Mamoswine, L50, F|
|poke|p2|Gholdengo, L50|
|poke|p2|Sylveon, L50, F|
|poke|p2|Talonflame, L50, F|
|poke|p2|Froslass, L50, F|
|teampreview|4
|showteam|p1|Garchomp||Garchompite|SandVeil|Earthquake,RockSlide,DragonClaw,Protect|Adamant||F|||50|]Kingambit||BlackGlasses|Defiant|KowtowCleave,SuckerPunch,IronHead,Protect|Adamant||M|||50|]Farigiraf||SitrusBerry|ArmorTail|Psychic,Thunderbolt,TrickRoom,Roar|Modest||F|||50|]Aerodactyl||FocusSash|RockHead|RockSlide,DualWingbeat,Tailwind,WideGuard|Jolly||M|||50|]Clefable||Leftovers|Unaware|Moonblast,FollowMe,HelpingHand,Protect|Bold||M|||50|]Rotom-Heat||PasshoBerry|Levitate|Overheat,Thunderbolt,WillOWisp,Protect|Timid|||||50|
|showteam|p2|Raichu||RaichuniteY|LightningRod|Protect,ZapCannon,FocusBlast,Encore|Timid||F|||50|]Mamoswine||FocusSash|Oblivious|Protect,IcicleCrash,IceShard,HighHorsepower|Adamant||F|||50|]Gholdengo||LifeOrb|GoodasGold|Protect,MakeItRain,ShadowBall,PowerGem|Modest|||||50|]Sylveon||FairyFeather|Pixilate|Protect,HyperVoice,HyperBeam,QuickAttack|Modest||F|||50|]Talonflame||SharpBeak|GaleWings|QuickGuard,DualWingbeat,SunnyDay,Tailwind|Jolly||F|||50|]Froslass||Froslassite|CursedBody|Protect,Blizzard,ShadowBall,Taunt|Timid||F|||50|
|inactive|Battle timer is ON: inactive players will automatically lose when time's up. (requested by cwisbt)
|inactiveoff|Battle timer is now OFF.
|c|☆cwisbt|glhf king
|c|☆HayesL|u2 brother <3
|
|t:|1784400889
|teamsize|p1|4
|teamsize|p2|4
|start
|switch|p1a: da don|Garchomp, L50, F|100/100
|switch|p1b: zoomies|Aerodactyl, L50, M|100/100
|switch|p2a: Mamoswine|Mamoswine, L50, F|100/100
|switch|p2b: Talonflame|Talonflame, L50, F|100/100
|turn|1
|
|t:|1784400913
|detailschange|p1a: da don|Garchomp-Mega, L50, F
|-mega|p1a: da don|Garchomp|Garchompite
|move|p2b: Talonflame|Tailwind|p2b: Talonflame
|-sidestart|p2: cwisbt|move: Tailwind
|move|p2a: Mamoswine|Icicle Crash|p1b: zoomies
|-supereffective|p1b: zoomies|1
|-enditem|p1b: zoomies|Focus Sash
|-damage|p1b: zoomies|1/100
|cant|p1b: zoomies|flinch
|move|p1a: da don|Rock Slide|p2a: Mamoswine|[spread] p2a,p2b
|-supereffective|p2b: Talonflame|2
|-damage|p2a: Mamoswine|67/100
|-damage|p2b: Talonflame|0 fnt
|faint|p2b: Talonflame
|
|upkeep
|
|t:|1784400923
|switch|p2b: Raichu|Raichu, L50, F|100/100
|turn|2
|
|t:|1784400944
|switch|p1b: trebleleblebleb|Clefable, L50, M|100/100
|detailschange|p2b: Raichu|Raichu-Mega-Y, L50, F
|-mega|p2b: Raichu|Raichu|Raichunite Y
|move|p2b: Raichu|Focus Blast|p1b: trebleleblebleb
|-resisted|p1b: trebleleblebleb|1
|-damage|p1b: trebleleblebleb|76/100
|move|p2a: Mamoswine|Icicle Crash|p1a: da don
|-supereffective|p1a: da don|2
|-damage|p1a: da don|0 fnt
|faint|p1a: da don
|
|-heal|p1b: trebleleblebleb|82/100|[from] item: Leftovers
|upkeep
|
|t:|1784400949
|switch|p1a: shogun|Kingambit, L50, M|100/100
|turn|3
|j| Hariyamamomma
|c| Hariyamamomma|Good teams very nice
|
|t:|1784400975
|move|p1b: trebleleblebleb|Follow Me|p1b: trebleleblebleb
|-singleturn|p1b: trebleleblebleb|move: Follow Me
|move|p2b: Raichu|Zap Cannon|p1b: trebleleblebleb
|-damage|p1b: trebleleblebleb|9/100
|-status|p1b: trebleleblebleb|par
|move|p2a: Mamoswine|High Horsepower|p1b: trebleleblebleb
|-crit|p1b: trebleleblebleb
|-damage|p1b: trebleleblebleb|0 fnt
|faint|p1b: trebleleblebleb
|move|p1a: shogun|Kowtow Cleave|p2b: Raichu
|-damage|p2b: Raichu|0 fnt
|faint|p2b: Raichu
|
|upkeep
|
|t:|1784400983
|switch|p2b: Sylveon|Sylveon, L50, F|100/100
|switch|p1b: zoomies|Aerodactyl, L50, M|1/100
|turn|4
|
|t:|1784400995
|move|p1a: shogun|Protect|p1a: shogun
|-singleturn|p1a: shogun|Protect
|move|p1b: zoomies|Wide Guard|p1b: zoomies
|-singleturn|p1b: zoomies|Wide Guard
|move|p2b: Sylveon|Quick Attack|p1b: zoomies
|-damage|p1b: zoomies|0 fnt
|faint|p1b: zoomies
|move|p2a: Mamoswine|High Horsepower|p1a: shogun
|-activate|p1a: shogun|move: Protect
|
|-sideend|p2: cwisbt|move: Tailwind
|upkeep
|turn|5
|
|t:|1784401006
|move|p2a: Mamoswine|High Horsepower|p1a: shogun
|-supereffective|p1a: shogun|1
|-damage|p1a: shogun|21/100
|move|p2b: Sylveon|Hyper Voice|p1a: shogun
|-damage|p1a: shogun|0 fnt
|faint|p1a: shogun
|
|win|cwisbt
||HayesL is ready for game 2.
||cwisbt is ready for game 2.
|uhtml|next|Next: Game 2 of 3
|l| Hariyamamomma
|l|☆HayesL
|player|p1|
