|j|☆DarkKnightLabs
|j|☆Clintoap
|html|DarkKnightLabsClintoap    
|uhtml|bestof|Game 1 of a best-of-3
|t:|1757861158
|gametype|doubles
|player|p1|DarkKnightLabs|red|1202
|player|p2|Clintoap|265|1205
|gen|9
|tier|[Gen 9] VGC 2025 Reg H (Bo3)
|rated|
|rule|Species Clause: Limit one of each Pokémon
|rule|Item Clause: Limit 1 of each item
|clearpoke
|poke|p1|Incineroar, L50, M|
|poke|p1|Amoonguss, L50, M|
|poke|p1|Palafin, L50, F|
|poke|p1|Kilowattrel, L50, F|
|poke|p1|Ursaluna-Bloodmoon, L50, M|
|poke|p1|Dragonite, L50, M|
|poke|p2|Kleavor, L50, M|
|poke|p2|Tyranitar, L50, F|
|poke|p2|Corviknight, L50, F|
|poke|p2|Comfey, L50, F|
|poke|p2|Torterra, L50, M|
|poke|p2|Gholdengo, L50|
|teampreview|4
|showteam|p1|Incineroar||SafetyGoggles|Intimidate|FakeOut,KnockOff,FlareBlitz,PartingShot|||M|||50|,,,,,Ghost]Amoonguss||SitrusBerry|Regenerator|Spore,RagePowder,SludgeBomb,Protect|||M|||50|,,,,,Water]Palafin||MysticWater|ZerotoHero|JetPunch,WaveCrash,CloseCombat,Protect|||F|||50|,,,,,Water]Kilowattrel||FocusSash|Competitive|Tailwind,Thunderbolt,AirSlash,Protect|||F|||50|,,,,,Ghost]Ursaluna-Bloodmoon||LifeOrb|MindsEye|BloodMoon,HyperVoice,EarthPower,Protect|||M|||50|,,,,,Normal]Dragonite||LoadedDice|Multiscale|ScaleShot,ExtremeSpeed,StompingTantrum,Protect|||M|||50|,,,,,Steel
|showteam|p2|Kleavor||ChoiceScarf|Sharpness|NightSlash,DualWingbeat,StoneAxe,Uturn|||M|||50|,,,,,Grass]Tyranitar||AssaultVest|SandStream|RockSlide,KnockOff,LowKick,TeraBlast|||F|||50|,,,,,Flying]Corviknight||SitrusBerry|MirrorArmor|BraveBird,Roost,Tailwind,BulkUp|||F|||50|,,,,,Fire]Comfey||RockyHelmet|Triage|DrainingKiss,GigaDrain,FloralHealing,Protect|||F|||50|,,,,,Steel]Torterra||Leftovers|ShellArmor|LeechSeed,Protect,Stockpile,BodyPress|||M|||50|,,,,,Water]Gholdengo||LifeOrb|GoodasGold|MakeItRain,ShadowBall,Protect,NastyPlot||||||50|,,,,,Water
|inactive|Battle timer is ON: inactive players will automatically lose when time's up. (requested by Clintoap)
|
|t:|1757861201
|teamsize|p1|4
|teamsize|p2|4
|start
|switch|p1a: Palafin|Palafin, L50, F|100/100
|switch|p1b: Kilowattrel|Kilowattrel, L50, F|100/100
|switch|p2a: Kleavor|Kleavor, L50, M|100/100
|switch|p2b: Torterra|Torterra, L50, M|100/100
|turn|1
|inactive|Clintoap has 30 seconds left.
|
|t:|1757861226
|detailschange|p1a: Palafin|Palafin-Hero, L50, F
|switch|p1a: Dragonite|Dragonite, L50, M|100/100
|move|p2a: Kleavor|Stone Axe|p1a: Dragonite
|-supereffective|p1a: Dragonite
|-damage|p1a: Dragonite|45/100
|-sidestart|p1: DarkKnightLabs|move: Stealth Rock
|move|p1b: Kilowattrel|Tailwind|p1b: Kilowattrel
|-sidestart|p1: DarkKnightLabs|move: Tailwind
|move|p2b: Torterra|Leech Seed|p1a: Dragonite|[miss]
|-miss|p2b: Torterra|p1a: Dragonite
|
|upkeep
|turn|2
|inactive|DarkKnightLabs has 30 seconds left.
|inactive|DarkKnightLabs has 20 seconds left.
|inactive|DarkKnightLabs has 15 seconds left.
|inactive|Clintoap has 30 seconds left.
|
|t:|1757861267
|-terastallize|p1a: Dragonite|Steel
|move|p1b: Kilowattrel|Air Slash|p2b: Torterra
|-supereffective|p2b: Torterra
|-damage|p2b: Torterra|34/100
|move|p1a: Dragonite|Scale Shot|p2a: Kleavor
|-damage|p2a: Kleavor|80/100
|-damage|p2a: Kleavor|61/100
|-damage|p2a: Kleavor|42/100
|-damage|p2a: Kleavor|23/100
|-damage|p2a: Kleavor|5/100
|-hitcount|p2a: Kleavor|5
|-unboost|p1a: Dragonite|def|1
|-boost|p1a: Dragonite|spe|1
|move|p2a: Kleavor|Stone Axe|p1a: Dragonite
|-resisted|p1a: Dragonite
|-damage|p1a: Dragonite|3/100
|move|p2b: Torterra|Leech Seed|p1b: Kilowattrel
|-start|p1b: Kilowattrel|move: Leech Seed
|
|-heal|p2b: Torterra|40/100|[from] item: Leftovers
|-damage|p1b: Kilowattrel|88/100|[from] Leech Seed|[of] p2b: Torterra
|-heal|p2b: Torterra|50/100|[silent]
|upkeep
|turn|3
|inactive|DarkKnightLabs has 30 seconds left.
|inactive|DarkKnightLabs has 20 seconds left.
|
|t:|1757861306
|switch|p2a: Comfey|Comfey, L50, F, shiny|100/100
|move|p2b: Torterra|Protect|p2b: Torterra
|-singleturn|p2b: Torterra|Protect
|move|p1b: Kilowattrel|Air Slash|p2b: Torterra
|-activate|p2b: Torterra|move: Protect
|move|p1a: Dragonite|Stomping Tantrum|p2a: Comfey
|-damage|p2a: Comfey|57/100
|-damage|p1a: Dragonite|0 fnt|[from] item: Rocky Helmet|[of] p2a: Comfey
|faint|p1a: Dragonite
|
|-heal|p2b: Torterra|56/100|[from] item: Leftovers
|-damage|p1b: Kilowattrel|76/100|[from] Leech Seed|[of] p2b: Torterra
|-heal|p2b: Torterra|67/100|[silent]
|upkeep
|
|t:|1757861324
|switch|p1a: Ursaluna|Ursaluna-Bloodmoon, L50, M|100/100
|-damage|p1a: Ursaluna|94/100|[from] Stealth Rock
|turn|4
|inactive|DarkKnightLabs has 30 seconds left.
|inactive|DarkKnightLabs has 20 seconds left.
|
|t:|1757861365
|-terastallize|p2b: Torterra|Water
|move|p2a: Comfey|Floral Healing|p2b: Torterra
|-heal|p2b: Torterra|100/100
|move|p1b: Kilowattrel|Air Slash|p2a: Comfey
|-crit|p2a: Comfey
|-damage|p2a: Comfey|0 fnt
|faint|p2a: Comfey
|move|p1a: Ursaluna|Blood Moon|p2b: Torterra
|-damage|p2b: Torterra|12/100
|-damage|p1a: Ursaluna|85/100|[from] item: Life Orb
|move|p2b: Torterra|Leech Seed|p1a: Ursaluna
|-start|p1a: Ursaluna|move: Leech Seed
|
|-heal|p2b: Torterra|17/100|[from] item: Leftovers
|-damage|p1b: Kilowattrel|64/100|[from] Leech Seed|[of] p2b: Torterra
|-heal|p2b: Torterra|28/100|[silent]
|-damage|p1a: Ursaluna|72/100|[from] Leech Seed|[of] p2b: Torterra
|-heal|p2b: Torterra|42/100|[silent]
|-sideend|p1: DarkKnightLabs|move: Tailwind
|upkeep
|
|t:|1757861376
|switch|p2a: Kleavor|Kleavor, L50, M|5/100
|turn|5
|inactive|Clintoap has 30 seconds left.
|
|t:|1757861404
|move|p2a: Kleavor|Stone Axe|p1b: Kilowattrel
|-supereffective|p1b: Kilowattrel
|-damage|p1b: Kilowattrel|0 fnt
|faint|p1b: Kilowattrel
|move|p1a: Ursaluna|Hyper Voice|p2a: Kleavor|[spread] p2a,p2b
|-resisted|p2a: Kleavor
|-damage|p2a: Kleavor|0 fnt
|-damage|p2b: Torterra|1/100
|faint|p2a: Kleavor
|-damage|p1a: Ursaluna|62/100|[from] item: Life Orb
|move|p2b: Torterra|Body Press|p1a: Ursaluna
|-supereffective|p1a: Ursaluna
|-damage|p1a: Ursaluna|24/100
|
|-heal|p2b: Torterra|7/100|[from] item: Leftovers
|-damage|p1a: Ursaluna|12/100|[from] Leech Seed|[of] p2b: Torterra
|-heal|p2b: Torterra|21/100|[silent]
|upkeep
|
|t:|1757861419
|switch|p1b: Palafin|Palafin-Hero, L50, F|100/100
|switch|p2a: Corviknight|Corviknight, L50, F|100/100
|-damage|p1b: Palafin|88/100|[from] Stealth Rock
|-activate|p1b: Palafin|ability: Zero to Hero
|turn|6
|
|t:|1757861431
|move|p2b: Torterra|Protect|p2b: Torterra
|-singleturn|p2b: Torterra|Protect
|move|p1b: Palafin|Wave Crash|p2a: Corviknight
|-damage|p2a: Corviknight|29/100
|-enditem|p2a: Corviknight|Sitrus Berry|[eat]
|-heal|p2a: Corviknight|54/100|[from] item: Sitrus Berry
|-damage|p1b: Palafin|60/100|[from] Recoil
|move|p1a: Ursaluna|Hyper Voice|p2b: Torterra|[spread] p2a
|-activate|p2b: Torterra|move: Protect
|-resisted|p2a: Corviknight
|-damage|p2a: Corviknight|31/100
|-damage|p1a: Ursaluna|2/100|[from] item: Life Orb
|move|p2a: Corviknight|Roost|p2a: Corviknight
|-heal|p2a: Corviknight|81/100
|-singleturn|p2a: Corviknight|move: Roost
|
|-heal|p2b: Torterra|27/100|[from] item: Leftovers
|-damage|p1a: Ursaluna|0 fnt|[from] Leech Seed|[of] p2b: Torterra
|-heal|p2b: Torterra|29/100|[silent]
|faint|p1a: Ursaluna
|upkeep
|turn|7
|
|t:|1757861452
|move|p1b: Palafin|Wave Crash|p2a: Corviknight
|-damage|p2a: Corviknight|3/100
|-damage|p1b: Palafin|31/100|[from] Recoil
|move|p2a: Corviknight|Bulk Up|p2a: Corviknight
|-boost|p2a: Corviknight|atk|1
|-boost|p2a: Corviknight|def|1
|move|p2b: Torterra|Leech Seed|p1b: Palafin
|-start|p1b: Palafin|move: Leech Seed
|
|-heal|p2b: Torterra|34/100|[from] item: Leftovers
|-damage|p1b: Palafin|18/100|[from] Leech Seed|[of] p2b: Torterra
|-heal|p2b: Torterra|47/100|[silent]
|upkeep
|turn|8
|
|t:|1757861464
|move|p1b: Palafin|Jet Punch|p2a: Corviknight
|-damage|p2a: Corviknight|0 fnt
|faint|p2a: Corviknight
|move|p2b: Torterra|Body Press|p1b: Palafin
|-damage|p1b: Palafin|0 fnt
|faint|p1b: Palafin
|
|win|Clintoap
||Clintoap is ready for game 2.
||DarkKnightLabs is ready for game 2.
|uhtml|next|Next: Game 2 of 3
