|j|☆AllySwitch24
|j|☆hamilton60
|html|AllySwitch24hamilton60    
|uhtml|bestof|Game 2 of a best-of-3
|t:|1785918096
|gametype|doubles
|player|p1|AllySwitch24|elesa|1134
|player|p2|hamilton60|265|1149
|gen|9
|tier|[Gen 9 Champions] VGC 2026 Reg M-B (Bo3)
|rated|
|rule|Species Clause: Limit one of each Pokémon
|rule|Item Clause: Limit 1 of each item
|clearpoke
|poke|p1|Raichu, L50, F|
|poke|p1|Basculegion, L50, M|
|poke|p1|Corviknight, L50, F|
|poke|p1|Rotom-Heat, L50|
|poke|p1|Vanilluxe, L50, F|
|poke|p1|Chesnaught, L50, M|
|poke|p2|Sneasler, L50, F|
|poke|p2|Whimsicott, L50, F|
|poke|p2|Ceruledge, L50, M|
|poke|p2|Gardevoir, L50, M|
|poke|p2|Espathra, L50, M|
|poke|p2|Decidueye-Hisui, L50, F|
|teampreview|4
|showteam|p1|Raichu||RaichuniteY|Static|ZapCannon,FocusBlast,FakeOut,Protect|Timid||F|||50|]Basculegion||MysticWater|Adaptability|AquaJet,LastRespects,WaveCrash,Protect|Jolly||M|||50|]Corviknight||Leftovers|MirrorArmor|BulkUp,BraveBird,Roost,Protect|Impish||F|||50|]Rotom-Heat||SitrusBerry|Levitate|Overheat,Thunderbolt,WillOWisp,NastyPlot|Modest|||||50|]Vanilluxe||FocusSash|SnowWarning|Blizzard,FreezeDry,IcyWind,Protect|Timid||F|||50|]Chesnaught||Chesnaughtite|Bulletproof|DrainPunch,HighHorsepower,WoodHammer,SpikyShield|Adamant||M|||50|
|showteam|p2|Sneasler||WhiteHerb|Unburden|CloseCombat,Protect,DireClaw,RockSlide|Adamant||F|||50|]Whimsicott||FocusSash|Prankster|FakeTears,Tailwind,Moonblast,Encore|Modest||F|||50|]Ceruledge||LifeOrb|FlashFire|BitterBlade,ShadowClaw,ShadowSneak,Protect|Jolly||M|||50|]Gardevoir||Gardevoirite|Trace|HyperVoice,Protect,Psychic,AuraSphere|Timid||M|||50|]Espathra||MentalHerb|SpeedBoost|LuminaCrash,BatonPass,CalmMind,Protect|Modest||M|||50|]Decidueye-Hisui||ScopeLens|Scrappy|TripleArrows,LeafBlade,Protect,Roost|Adamant||F|||50|
|inactive|Battle timer is ON: inactive players will automatically lose when time's up. (requested by hamilton60)
|
|t:|1785918123
|teamsize|p1|4
|teamsize|p2|4
|start
|switch|p1a: Raichu|Raichu, L50, F|100/100
|switch|p1b: Vanilluxe|Vanilluxe, L50, F|100/100
|switch|p2a: Sneasler|Sneasler, L50, F|100/100
|switch|p2b: Espathra|Espathra, L50, M|100/100
|-weather|Snowscape|[from] ability: Snow Warning|[of] p1b: Vanilluxe
|turn|1
|inactive|AllySwitch24 has 30 seconds left.
|inactive|AllySwitch24 has 20 seconds left.
|
|t:|1785918158
|move|p2a: Sneasler|Protect|p2a: Sneasler
|-singleturn|p2a: Sneasler|Protect
|move|p2b: Espathra|Protect|p2b: Espathra
|-singleturn|p2b: Espathra|Protect
|move|p1a: Raichu|Fake Out|p2a: Sneasler
|-activate|p2a: Sneasler|move: Protect
|move|p1b: Vanilluxe|Blizzard|p2b: Espathra|[spread] 
|-activate|p2a: Sneasler|move: Protect
|-activate|p2b: Espathra|move: Protect
|
|-weather|Snowscape|[upkeep]
|-ability|p2b: Espathra|Speed Boost|boost
|-boost|p2b: Espathra|spe|1
|upkeep
|turn|2
|inactive|AllySwitch24 has 30 seconds left.
|
|t:|1785918193
|detailschange|p1a: Raichu|Raichu-Mega-Y, L50, F
|-mega|p1a: Raichu|Raichu|Raichunite Y
|move|p2b: Espathra|Lumina Crash|p1b: Vanilluxe
|-damage|p1b: Vanilluxe|56/100
|-unboost|p1b: Vanilluxe|spd|2
|move|p1a: Raichu|Zap Cannon|p2a: Sneasler
|-damage|p2a: Sneasler|5/100
|-status|p2a: Sneasler|par
|move|p1b: Vanilluxe|Blizzard|p2b: Espathra|[spread] p2a,p2b
|-damage|p2a: Sneasler|0 fnt
|-damage|p2b: Espathra|47/100
|faint|p2a: Sneasler
|
|-weather|Snowscape|[upkeep]
|-ability|p2b: Espathra|Speed Boost|boost
|-boost|p2b: Espathra|spe|1
|upkeep
|
|t:|1785918215
|switch|p2a: Ceruledge|Ceruledge, L50, M|100/100
|turn|3
|
|t:|1785918229
|move|p1b: Vanilluxe|Protect|p1b: Vanilluxe
|-singleturn|p1b: Vanilluxe|Protect
|move|p2a: Ceruledge|Shadow Sneak|p1a: Raichu
|-damage|p1a: Raichu|44/100
|-damage|p2a: Ceruledge|90/100|[from] item: Life Orb
|move|p2b: Espathra|Lumina Crash|p1a: Raichu
|-damage|p1a: Raichu|0 fnt
|faint|p1a: Raichu
|
|-weather|Snowscape|[upkeep]
|-ability|p2b: Espathra|Speed Boost|boost
|-boost|p2b: Espathra|spe|1
|upkeep
|
|t:|1785918242
|switch|p1a: Basculegion|Basculegion, L50, M|100/100
|turn|4
|
|t:|1785918258
|move|p1a: Basculegion|Aqua Jet|p2a: Ceruledge
|-supereffective|p2a: Ceruledge|1
|-damage|p2a: Ceruledge|0 fnt
|faint|p2a: Ceruledge
|move|p2b: Espathra|Lumina Crash|p1b: Vanilluxe
|-damage|p1b: Vanilluxe|0 fnt
|faint|p1b: Vanilluxe
|
|-weather|Snowscape|[upkeep]
|-ability|p2b: Espathra|Speed Boost|boost
|-boost|p2b: Espathra|spe|1
|upkeep
|
|t:|1785918268
|switch|p2a: Gardevoir|Gardevoir, L50, M|100/100
|switch|p1b: Corviknight|Corviknight, L50, F|100/100
|-ability|p2a: Gardevoir|Adaptability|Trace|[from] ability: Trace|[of] p1a: Basculegion
|turn|5
|
|t:|1785918288
|detailschange|p2a: Gardevoir|Gardevoir-Mega, L50, M
|-mega|p2a: Gardevoir|Gardevoir|Gardevoirite
|move|p1a: Basculegion|Aqua Jet|p2b: Espathra
|-damage|p2b: Espathra|7/100
|move|p2b: Espathra|Lumina Crash|p1b: Corviknight
|-resisted|p1b: Corviknight|1
|-damage|p1b: Corviknight|87/100
|-ability|p1b: Corviknight|Mirror Armor
|-unboost|p2b: Espathra|spd|2
|move|p2a: Gardevoir|Hyper Voice|p1a: Basculegion|[spread] p1a,p1b
|-resisted|p1b: Corviknight|1
|-damage|p1a: Basculegion|44/100
|-damage|p1b: Corviknight|70/100
|move|p1b: Corviknight|Brave Bird|p2a: Gardevoir
|-crit|p2a: Gardevoir
|-damage|p2a: Gardevoir|11/100
|-damage|p1b: Corviknight|49/100|[from] Recoil
|
|-weather|none
|-heal|p1b: Corviknight|55/100|[from] item: Leftovers
|-ability|p2b: Espathra|Speed Boost|boost
|-boost|p2b: Espathra|spe|1
|upkeep
|turn|6
|inactive|AllySwitch24 has 30 seconds left.
|inactive|hamilton60 has 30 seconds left.
|
|t:|1785918316
|move|p2b: Espathra|Protect|p2b: Espathra
|-singleturn|p2b: Espathra|Protect
|move|p1a: Basculegion|Aqua Jet|p2b: Espathra
|-activate|p2b: Espathra|move: Protect
|move|p2a: Gardevoir|Hyper Voice|p1a: Basculegion|[spread] p1a,p1b
|-resisted|p1b: Corviknight|1
|-damage|p1a: Basculegion|0 fnt
|-damage|p1b: Corviknight|36/100
|faint|p1a: Basculegion
|move|p1b: Corviknight|Bulk Up|p1b: Corviknight
|-boost|p1b: Corviknight|atk|1
|-boost|p1b: Corviknight|def|1
|
|-heal|p1b: Corviknight|41/100|[from] item: Leftovers
|-ability|p2b: Espathra|Speed Boost|boost
|-boost|p2b: Espathra|spe|1
|upkeep
|turn|7
|
|t:|1785918332
|move|p2b: Espathra|Lumina Crash|p1b: Corviknight
|-resisted|p1b: Corviknight|1
|-damage|p1b: Corviknight|29/100
|-ability|p1b: Corviknight|Mirror Armor
|-unboost|p2b: Espathra|spd|2
|move|p2a: Gardevoir|Aura Sphere|p1b: Corviknight
|-damage|p1b: Corviknight|1/100
|move|p1b: Corviknight|Brave Bird|p2a: Gardevoir
|-damage|p2a: Gardevoir|0 fnt
|faint|p2a: Gardevoir
|-damage|p1b: Corviknight|0 fnt|[from] Recoil
|faint|p1b: Corviknight
|
|win|hamilton60
|inactive|AllySwitch24 has 30 seconds to confirm battle start!
|inactive|hamilton60 has 30 seconds to confirm battle start!
||hamilton60 is ready for game 3.
||AllySwitch24 is ready for game 3.
|uhtml|next|Next: Game 3 of 3
|l|☆hamilton60
|player|p2|
