|j|☆Javiz31
|j|☆lolnezan78
|html|Javiz31lolnezan78    
|uhtml|bestof|Game 1 of a best-of-3
|t:|1756662806
|gametype|doubles
|player|p1|Javiz31|steven|1137
|player|p2|lolnezan78|swimmer-gen4|1124
|gen|9
|tier|[Gen 9] VGC 2025 Reg H (Bo3)
|rated|
|rule|Species Clause: Limit one of each Pokémon
|rule|Item Clause: Limit 1 of each item
|clearpoke
|poke|p1|Basculegion, L50, M|
|poke|p1|Archaludon, L50, F|
|poke|p1|Pelipper, L50, F|
|poke|p1|Incineroar, L50, F|
|poke|p1|Gholdengo, L50|
|poke|p1|Amoonguss, L50, F|
|poke|p2|Pelipper, L50, F|
|poke|p2|Archaludon, L50, M|
|poke|p2|Gholdengo, L50|
|poke|p2|Sinistcha, L50|
|poke|p2|Dragonite, L50, F|
|poke|p2|Ursaluna, L50, F|
|teampreview|4
|showteam|p1|Basculegion||ChoiceBand|SwiftSwim|FlipTurn,WaveCrash,AquaJet,LastRespects|||M|||50|,,,,,Water]Archaludon||AssaultVest|Stamina|ElectroShot,DracoMeteor,BodyPress,FlashCannon|||F|||50|,,,,,Grass]Pelipper||FocusSash|Drizzle|Hurricane,WeatherBall,Tailwind,Protect|||F|||50|,,,,,Ghost]Incineroar||SafetyGoggles|Intimidate|FakeOut,PartingShot,KnockOff,Taunt|||F|||50|,,,,,Ghost]Gholdengo||LifeOrb|GoodasGold|NastyPlot,MakeItRain,ShadowBall,Protect||||||50|,,,,,Water]Amoonguss||RockyHelmet|Regenerator|Spore,Protect,PollenPuff,RagePowder|||F|||50|,,,,,Dark
|showteam|p2|Pelipper||FocusSash|Drizzle|Protect,Hurricane,Tailwind,MuddyWater|||F|||50|,,,,,Ghost]Archaludon||AssaultVest|Stamina|DragonPulse,Snarl,ElectroShot,BodyPress|||M|||50|,,,,,Bug]Gholdengo||ChoiceScarf|GoodasGold|Trick,PowerGem,MakeItRain,ShadowBall||||||50|,,,,,Flying]Sinistcha||SitrusBerry|Hospitality|LifeDew,RagePowder,TrickRoom,MatchaGotcha||||||50|,,,,,Dark]Dragonite||LoadedDice|Multiscale|ScaleShot,Haze,Tailwind,Protect|||F|||50|,,,,,Fairy]Ursaluna||FlameOrb|Guts|Facade,HeadlongRush,Earthquake,Protect|||F|||50|,,,,,Ghost
|inactive|Battle timer is ON: inactive players will automatically lose when time's up. (requested by Javiz31)
|inactive|Javiz31 has 60 seconds left.
|inactive|lolnezan78 has 60 seconds left.
|inactive|Javiz31 has 30 seconds left.
|inactive|Javiz31 has 20 seconds left.
|inactive|Javiz31 has 15 seconds left.
|inactive|Javiz31 has 10 seconds left.
|inactive|Javiz31 has 5 seconds left.
|
|t:|1756662912
|teamsize|p1|4
|teamsize|p2|4
|start
|switch|p1a: Incineroar|Incineroar, L50, F|100/100
|switch|p1b: Amoonguss|Amoonguss, L50, F, shiny|100/100
|switch|p2a: Sinistcha|Sinistcha, L50|100/100
|switch|p2b: Pelipper|Pelipper, L50, F|100/100
|-weather|RainDance|[from] ability: Drizzle|[of] p2b: Pelipper
|-ability|p1a: Incineroar|Intimidate|boost
|-unboost|p2a: Sinistcha|atk|1
|-unboost|p2b: Pelipper|atk|1
|turn|1
|
|t:|1756662927
|move|p1a: Incineroar|Fake Out|p2b: Pelipper
|-damage|p2b: Pelipper|86/100
|cant|p2b: Pelipper|flinch
|move|p1b: Amoonguss|Spore|p2b: Pelipper
|-status|p2b: Pelipper|slp|[from] move: Spore
|move|p2a: Sinistcha|Trick Room|p2a: Sinistcha
|-fieldstart|move: Trick Room|[of] p2a: Sinistcha
|
|-weather|RainDance|[upkeep]
|upkeep
|turn|2
|inactive|lolnezan78 has 30 seconds left.
|
|t:|1756662960
|switch|p1b: Gholdengo|Gholdengo, L50|100/100
|switch|p2b: Ursaluna|Ursaluna, L50, F|100/100
|move|p2a: Sinistcha|Rage Powder|p2a: Sinistcha
|-singleturn|p2a: Sinistcha|move: Rage Powder
|move|p1a: Incineroar|Knock Off|p2a: Sinistcha
|-supereffective|p2a: Sinistcha
|-damage|p2a: Sinistcha|32/100
|-enditem|p2a: Sinistcha|Sitrus Berry|[from] move: Knock Off|[of] p1a: Incineroar
|
|-weather|RainDance|[upkeep]
|-status|p2b: Ursaluna|brn|[from] item: Flame Orb
|upkeep
|turn|3
|inactive|Javiz31 has 30 seconds left.
|inactive|lolnezan78 has 30 seconds left.
|inactive|Javiz31 has 20 seconds left.
|inactive|Javiz31 has 15 seconds left.
|
|t:|1756663002
|switch|p1a: Amoonguss|Amoonguss, L50, F, shiny|100/100
|move|p1b: Gholdengo|Protect|p1b: Gholdengo
|-singleturn|p1b: Gholdengo|Protect
|move|p2a: Sinistcha|Rage Powder|p2a: Sinistcha
|-singleturn|p2a: Sinistcha|move: Rage Powder
|move|p2b: Ursaluna|Earthquake|p1b: Gholdengo|[spread] p2a,p1a
|-activate|p1b: Gholdengo|move: Protect
|-resisted|p2a: Sinistcha
|-damage|p2a: Sinistcha|0 fnt
|-damage|p1a: Amoonguss|54/100
|faint|p2a: Sinistcha
|
|-weather|RainDance|[upkeep]
|-damage|p2b: Ursaluna|95/100 brn|[from] brn
|upkeep
|
|t:|1756663024
|switch|p2a: Archaludon|Archaludon, L50, M|100/100
|turn|4
|inactive|Javiz31 has 30 seconds left.
|
|t:|1756663059
|switch|p1a: Incineroar|Incineroar, L50, F|100/100
|-ability|p1a: Incineroar|Intimidate|boost
|-unboost|p2a: Archaludon|atk|1
|-unboost|p2b: Ursaluna|atk|1
|-terastallize|p2a: Archaludon|Bug
|-terastallize|p1b: Gholdengo|Water
|move|p2b: Ursaluna|Earthquake|p1a: Incineroar|[spread] p2a,p1a,p1b
|-resisted|p2a: Archaludon
|-crit|p2a: Archaludon
|-supereffective|p1a: Incineroar
|-damage|p2a: Archaludon|66/100
|-damage|p1a: Incineroar|34/100
|-damage|p1b: Gholdengo|56/100
|-ability|p2a: Archaludon|Stamina|boost
|-boost|p2a: Archaludon|def|1
|move|p2a: Archaludon|Electro Shot||[still]
|-prepare|p2a: Archaludon|Electro Shot
|-boost|p2a: Archaludon|spa|1
|-anim|p2a: Archaludon|Electro Shot|p1b: Gholdengo
|-supereffective|p1b: Gholdengo
|-damage|p1b: Gholdengo|0 fnt
|faint|p1b: Gholdengo
|
|-weather|RainDance|[upkeep]
|-damage|p2b: Ursaluna|89/100 brn|[from] brn
|upkeep
|
|t:|1756663079
|switch|p1b: Basculegion|Basculegion, L50, M|100/100
|turn|5
|
|t:|1756663093
|move|p1a: Incineroar|Fake Out|p2b: Ursaluna
|-damage|p2b: Ursaluna|80/100 brn
|cant|p2b: Ursaluna|flinch
|move|p2a: Archaludon|Electro Shot||[still]
|-prepare|p2a: Archaludon|Electro Shot
|-boost|p2a: Archaludon|spa|1
|-anim|p2a: Archaludon|Electro Shot|p1b: Basculegion
|-supereffective|p1b: Basculegion
|-damage|p1b: Basculegion|0 fnt
|faint|p1b: Basculegion
|
|-weather|none
|-damage|p2b: Ursaluna|74/100 brn|[from] brn
|-fieldend|move: Trick Room
|upkeep
|
|t:|1756663101
|switch|p1b: Amoonguss|Amoonguss, L50, F, shiny|87/100
|turn|6
|-message|Javiz31 forfeited.
|
|win|lolnezan78
|l|☆Javiz31
|player|p1|
||Javiz31 is ready for game 2.
||lolnezan78 is ready for game 2.
|uhtml|next|Next: Game 2 of 3
