|j|☆fogster
|j|☆HolgerD
|html|fogsterHolgerD    
|uhtml|bestof|Game 2 of a best-of-3
|t:|1756679395
|gametype|doubles
|player|p1|fogster|medium|1145
|player|p2|HolgerD|2|1283
|gen|9
|tier|[Gen 9] VGC 2025 Reg H (Bo3)
|rated|
|rule|Species Clause: Limit one of each Pokémon
|rule|Item Clause: Limit 1 of each item
|clearpoke
|poke|p1|Dragonite, L50, M|
|poke|p1|Whimsicott, L50, M|
|poke|p1|Porygon2, L50|
|poke|p1|Annihilape, L50, M|
|poke|p1|Kingambit, L50, M|
|poke|p1|Typhlosion-Hisui, L50, M|
|poke|p2|Maushold, L50|
|poke|p2|Pelipper, L50, M|
|poke|p2|Archaludon, L50, M|
|poke|p2|Ursaluna, L50, F|
|poke|p2|Sinistcha, L50|
|poke|p2|Basculegion, L50, M|
|teampreview|4
|showteam|p1|Dragonite||LoadedDice|Multiscale|ScaleShot,IceSpinner,StompingTantrum,Protect|||M|||50|,,,,,Steel]Whimsicott||FocusSash|Prankster|Tailwind,Moonblast,SunnyDay,BeatUp|||M|||50|,,,,,Ghost]Porygon2||Eviolite|Download|TeraBlast,IceBeam,Recover,TrickRoom||||||50|,,,,,Fighting]Annihilape||SafetyGoggles|Defiant|RageFist,CloseCombat,DrainPunch,Protect|||M|||50|,,,,,Fire]Kingambit||AssaultVest|Defiant|LowKick,SuckerPunch,KowtowCleave,TeraBlast|||M|||50|,,,,,Flying]Typhlosion-Hisui||ChoiceScarf|Blaze|Eruption,HeatWave,ShadowBall,Overheat|||M|||50|,,,,,Fire
|showteam|p2|Maushold||WideLens|Technician|PopulationBomb,FollowMe,Taunt,Protect||||||50|,,,,,Ghost]Pelipper||FocusSash|Drizzle|Hurricane,MuddyWater,Tailwind,Protect|||M|||50|,,,,,Stellar]Archaludon||AssaultVest|Stamina|DragonPulse,ElectroShot,BodyPress,FlashCannon|||M|||50|,,,,,Bug]Ursaluna||FlameOrb|Guts|Facade,HeadlongRush,Earthquake,Protect|||F|||50|,,,,,Ghost]Sinistcha||SitrusBerry|Hospitality|MatchaGotcha,LifeDew,RagePowder,TrickRoom||||||50|,,,,,Dark]Basculegion||ChoiceBand|SwiftSwim|AquaJet,FlipTurn,LastRespects,WaveCrash|||M|||50|,,,,,Water
|
|t:|1756679421
|teamsize|p1|4
|teamsize|p2|4
|start
|switch|p1a: Porygon2|Porygon2, L50|100/100
|switch|p1b: Kingambit|Kingambit, L50, M|100/100
|switch|p2a: Maushold|Maushold, L50|100/100
|switch|p2b: Basculegion|Basculegion, L50, M|100/100
|-ability|p1a: Porygon2|Download|boost
|-boost|p1a: Porygon2|atk|1
|turn|1
|
|t:|1756679467
|switch|p2a: Pelipper|Pelipper, L50, M|100/100
|-weather|RainDance|[from] ability: Drizzle|[of] p2a: Pelipper
|switch|p1a: Whimsicott|Whimsicott, L50, M|100/100
|-terastallize|p2b: Basculegion|Water
|move|p2b: Basculegion|Wave Crash|p1b: Kingambit
|-damage|p1b: Kingambit|0 fnt
|faint|p1b: Kingambit
|-damage|p2b: Basculegion|68/100|[from] Recoil
|
|-weather|RainDance|[upkeep]
|upkeep
|
|t:|1756679480
|switch|p1b: Typhlosion|Typhlosion-Hisui, L50, M|100/100
|turn|2
|
|t:|1756679500
|switch|p2b: Maushold|Maushold, L50|100/100
|-terastallize|p1b: Typhlosion|Fire
|move|p1a: Whimsicott|Sunny Day|p1a: Whimsicott
|-weather|SunnyDay
|move|p1b: Typhlosion|Eruption|p2b: Maushold|[spread] p2a,p2b
|-resisted|p2a: Pelipper
|-enditem|p2a: Pelipper|Focus Sash
|-damage|p2a: Pelipper|1/100
|-damage|p2b: Maushold|0 fnt
|faint|p2b: Maushold
|move|p2a: Pelipper|Muddy Water|p1a: Whimsicott|[spread] p1b
|-miss|p2a: Pelipper|p1a: Whimsicott
|-supereffective|p1b: Typhlosion
|-damage|p1b: Typhlosion|60/100
|
|-weather|SunnyDay|[upkeep]
|upkeep
|
|t:|1756679517
|switch|p2b: Basculegion|Basculegion, L50, M, tera:Water|68/100
|turn|3
|
|t:|1756679527
|switch|p2a: Archaludon|Archaludon, L50, M|100/100
|move|p2b: Basculegion|Aqua Jet|p1b: Typhlosion
|-supereffective|p1b: Typhlosion
|-damage|p1b: Typhlosion|3/100
|move|p1b: Typhlosion|Eruption|p2b: Basculegion|[spread] p2a,p2b
|-resisted|p2b: Basculegion
|-damage|p2a: Archaludon|97/100
|-damage|p2b: Basculegion|66/100
|-ability|p2a: Archaludon|Stamina|boost
|-boost|p2a: Archaludon|def|1
|move|p1a: Whimsicott|Moonblast|p2b: Basculegion
|-damage|p2b: Basculegion|29/100
|
|-weather|SunnyDay|[upkeep]
|upkeep
|turn|4
|
|t:|1756679549
|switch|p1b: Porygon2|Porygon2, L50|100/100
|-ability|p1b: Porygon2|Download|boost
|-boost|p1b: Porygon2|spa|1
|move|p2b: Basculegion|Aqua Jet|p1a: Whimsicott
|-resisted|p1a: Whimsicott
|-damage|p1a: Whimsicott|85/100
|move|p1a: Whimsicott|Moonblast|p2b: Basculegion
|-damage|p2b: Basculegion|0 fnt
|faint|p2b: Basculegion
|move|p2a: Archaludon|Flash Cannon|p1a: Whimsicott
|-supereffective|p1a: Whimsicott
|-damage|p1a: Whimsicott|0 fnt
|faint|p1a: Whimsicott
|
|-weather|SunnyDay|[upkeep]
|upkeep
|
|t:|1756679566
|switch|p1a: Typhlosion|Typhlosion-Hisui, L50, M, tera:Fire|3/100
|switch|p2b: Pelipper|Pelipper, L50, M|1/100
|-weather|RainDance|[from] ability: Drizzle|[of] p2b: Pelipper
|turn|5
|inactive|Battle timer is ON: inactive players will automatically lose when time's up. (requested by fogster)
|
|t:|1756679615
|move|p2b: Pelipper|Protect|p2b: Pelipper
|-singleturn|p2b: Pelipper|Protect
|move|p1a: Typhlosion|Shadow Ball|p2a: Archaludon
|-damage|p2a: Archaludon|69/100
|-unboost|p2a: Archaludon|spd|1
|-ability|p2a: Archaludon|Stamina|boost
|-boost|p2a: Archaludon|def|1
|move|p2a: Archaludon|Electro Shot||[still]
|-prepare|p2a: Archaludon|Electro Shot
|-boost|p2a: Archaludon|spa|1
|-anim|p2a: Archaludon|Electro Shot|p1b: Porygon2
|-damage|p1b: Porygon2|67/100
|move|p1b: Porygon2|Trick Room|p1b: Porygon2
|-fieldstart|move: Trick Room|[of] p1b: Porygon2
|
|-weather|RainDance|[upkeep]
|upkeep
|turn|6
|
|t:|1756679637
|move|p1b: Porygon2|Ice Beam|p2b: Pelipper
|-damage|p2b: Pelipper|0 fnt
|faint|p2b: Pelipper
|move|p2a: Archaludon|Body Press|p1b: Porygon2
|-supereffective|p1b: Porygon2
|-damage|p1b: Porygon2|0 fnt
|faint|p1b: Porygon2
|move|p1a: Typhlosion|Shadow Ball|p2a: Archaludon
|-damage|p2a: Archaludon|22/100
|-ability|p2a: Archaludon|Stamina|boost
|-boost|p2a: Archaludon|def|1
|
|-weather|RainDance|[upkeep]
|upkeep
|turn|7
|
|t:|1756679650
|move|p2a: Archaludon|Dragon Pulse|p1a: Typhlosion
|-damage|p1a: Typhlosion|0 fnt
|faint|p1a: Typhlosion
|
|win|HolgerD
|raw|fogster's rating: 1145 → 1129(-16 for losing)
|raw|HolgerD's rating: 1283 → 1299(+16 for winning)
|l|☆fogster
|player|p1|
