|j|☆testy accounty 2
|j|☆alexander1111
|html|testy accounty 2alexander1111    
|uhtml|bestof|Game 3 of a best-of-3
|t:|1784270732
|gametype|doubles
|player|p1|testy accounty 2|1|1309
|player|p2|alexander1111|preschooler|1335
|gen|9
|tier|[Gen 9 Champions] VGC 2026 Reg M-B (Bo3)
|rated|
|rule|Species Clause: Limit one of each Pokémon
|rule|Item Clause: Limit 1 of each item
|clearpoke
|poke|p1|Venusaur, L50, F|
|poke|p1|Mimikyu, L50, F|
|poke|p1|Tyranitar, L50, M|
|poke|p1|Rotom-Heat, L50|
|poke|p1|Milotic, L50, F|
|poke|p1|Excadrill, L50, F|
|poke|p2|Milotic, L50, M|
|poke|p2|Maushold-Four, L50|
|poke|p2|Charizard, L50, M, shiny|
|poke|p2|Whimsicott, L50, F, shiny|
|poke|p2|Kingambit, L50, M|
|poke|p2|Garchomp, L50, F|
|teampreview|4
|showteam|p1|Venusaur||Venusaurite|Chlorophyll|GigaDrain,SludgeBomb,EarthPower,Protect|Modest||F|||50|]Mimikyu||LifeOrb|Disguise|ShadowClaw,ShadowSneak,PlayRough,TrickRoom|Adamant||F|||50|]Tyranitar||Tyranitarite|SandStream|RockSlide,KnockOff,LowKick,Protect|Adamant||M|||50|]Rotom-Heat||ChoiceScarf|Levitate|Overheat,VoltSwitch,WillOWisp,Electroweb|Timid|||||50|]Milotic||Leftovers|Competitive|Scald,LifeDew,IcyWind,Protect|Modest||F|||50|]Excadrill||FocusSash|SandRush|IronHead,Protect,HighHorsepower,RockSlide|Adamant||F|||50|
|showteam|p2|Milotic||SitrusBerry|Competitive|Scald,IceBeam,HelpingHand,Protect|Modest||M|||50|]Maushold-Four||WideLens|Technician|PopulationBomb,FollowMe,Protect,SunnyDay|Jolly|||||50|]Charizard||CharizarditeY|Blaze|SolarBeam,HeatWave,WeatherBall,Protect|Timid||M|||50|]Whimsicott||FocusSash|Prankster|Tailwind,Moonblast,Protect,Encore|Timid||F|||50|]Kingambit||ChopleBerry|Defiant|KowtowCleave,SuckerPunch,IronHead,LowKick|Adamant||M|||50|]Garchomp||LifeOrb|RoughSkin|RockSlide,Earthquake,DragonClaw,Protect|Jolly||F|||50|
|inactive|Battle timer is ON: inactive players will automatically lose when time's up. (requested by testy accounty 2)
|
|t:|1784270819
|teamsize|p1|4
|teamsize|p2|4
|start
|switch|p1a: Rotom|Rotom-Heat, L50|100/100
|switch|p1b: Milotic|Milotic, L50, F|100/100
|switch|p2a: Whimsicott|Whimsicott, L50, F, shiny|100/100
|switch|p2b: Charizard|Charizard, L50, M, shiny|100/100
|turn|1
|inactive|testy accounty 2 has 30 seconds left.
|inactive|testy accounty 2 has 20 seconds left.
|inactive|testy accounty 2 has 15 seconds left.
|
|t:|1784270862
|move|p2b: Charizard|Protect|p2b: Charizard
|-singleturn|p2b: Charizard|Protect
|move|p2a: Whimsicott|Tailwind|p2a: Whimsicott
|-sidestart|p2: alexander1111|move: Tailwind
|move|p1a: Rotom|Volt Switch|p2b: Charizard
|-activate|p2b: Charizard|move: Protect
|move|p1b: Milotic|Scald|p2b: Charizard
|-activate|p2b: Charizard|move: Protect
|
|upkeep
|turn|2
|
|t:|1784270883
|switch|p2b: Garchomp|Garchomp, L50, F|100/100
|switch|p1b: Venusaur|Venusaur, L50, F|100/100
|move|p2a: Whimsicott|Moonblast|p1b: Venusaur
|-resisted|p1b: Venusaur|1
|-damage|p1b: Venusaur|82/100
|move|p1a: Rotom|Volt Switch|p2b: Garchomp
|-immune|p2b: Garchomp
|
|upkeep
|turn|3
|inactive|testy accounty 2 has 30 seconds left.
|inactive|alexander1111 has 30 seconds left.
|inactive|testy accounty 2 has 20 seconds left.
|inactive|alexander1111 has 20 seconds left.
|inactive|testy accounty 2 has 15 seconds left.
|inactive|testy accounty 2 has 10 seconds left.
|
|t:|1784270931
|switch|p1a: Milotic|Milotic, L50, F|100/100
|detailschange|p1b: Venusaur|Venusaur-Mega, L50, F
|-mega|p1b: Venusaur|Venusaur|Venusaurite
|move|p2a: Whimsicott|Protect|p2a: Whimsicott
|-singleturn|p2a: Whimsicott|Protect
|move|p2b: Garchomp|Rock Slide|p1a: Milotic|[spread] p1a,p1b
|-damage|p1a: Milotic|74/100
|-damage|p1b: Venusaur|63/100
|-damage|p2b: Garchomp|90/100|[from] item: Life Orb
|move|p1b: Venusaur|Giga Drain|p2b: Garchomp
|-damage|p2b: Garchomp|53/100
|-heal|p1b: Venusaur|82/100|[from] drain|[of] p2b: Garchomp
|
|-heal|p1a: Milotic|80/100|[from] item: Leftovers
|upkeep
|turn|4
|inactive|testy accounty 2 has 30 seconds left.
|inactive|alexander1111 has 30 seconds left.
|inactive|testy accounty 2 has 20 seconds left.
|
|t:|1784270971
|switch|p2a: Charizard|Charizard, L50, M, shiny|100/100
|switch|p2b: Milotic|Milotic, L50, M|100/100
|move|p1b: Venusaur|Giga Drain|p2b: Milotic
|-supereffective|p2b: Milotic|1
|-damage|p2b: Milotic|49/100
|-heal|p1b: Venusaur|100/100|[from] drain|[of] p2b: Milotic
|-enditem|p2b: Milotic|Sitrus Berry|[eat]
|-heal|p2b: Milotic|74/100|[from] item: Sitrus Berry
|move|p1a: Milotic|Scald|p2b: Milotic
|-resisted|p2b: Milotic|1
|-damage|p2b: Milotic|62/100
|
|-heal|p1a: Milotic|86/100|[from] item: Leftovers
|-sideend|p2: alexander1111|move: Tailwind
|upkeep
|turn|5
|inactive|testy accounty 2 has 30 seconds left.
|inactive|testy accounty 2 has 20 seconds left.
|
|t:|1784271011
|switch|p1b: Rotom|Rotom-Heat, L50|100/100
|detailschange|p2a: Charizard|Charizard-Mega-Y, L50, M, shiny
|-mega|p2a: Charizard|Charizard|Charizardite Y
|-weather|SunnyDay|[from] ability: Drought|[of] p2a: Charizard
|move|p2b: Milotic|Protect|p2b: Milotic
|-singleturn|p2b: Milotic|Protect
|move|p2a: Charizard|Solar Beam||[still]
|-prepare|p2a: Charizard|Solar Beam
|-anim|p2a: Charizard|Solar Beam|p1a: Milotic
|-supereffective|p1a: Milotic|1
|-damage|p1a: Milotic|23/100
|move|p1a: Milotic|Scald|p2a: Charizard
|-supereffective|p2a: Charizard|1
|-damage|p2a: Charizard|67/100
|
|-weather|SunnyDay|[upkeep]
|-heal|p1a: Milotic|29/100|[from] item: Leftovers
|upkeep
|turn|6
|inactive|testy accounty 2 has 30 seconds left.
|inactive|alexander1111 has 30 seconds left.
|
|t:|1784271045
|switch|p2a: Garchomp|Garchomp, L50, F|53/100
|move|p1b: Rotom|Volt Switch|p2b: Milotic
|-supereffective|p2b: Milotic|1
|-damage|p2b: Milotic|14/100
|
|t:|1784271052
|switch|p1b: Venusaur|Venusaur-Mega, L50, F|100/100|[from] Volt Switch
|move|p1a: Milotic|Life Dew||[still]|[spread] p1a,p1b
|-heal|p1a: Milotic|54/100
|-fail|p1b: Venusaur|heal
|move|p2b: Milotic|Scald|p1b: Venusaur
|-resisted|p1b: Venusaur|1
|-damage|p1b: Venusaur|93/100
|-status|p1b: Venusaur|brn
|
|-weather|SunnyDay|[upkeep]
|-heal|p1a: Milotic|60/100|[from] item: Leftovers
|-damage|p1b: Venusaur|87/100 brn|[from] brn
|upkeep
|turn|7
|inactive|testy accounty 2 has 30 seconds left.
|
|t:|1784271080
|move|p2a: Garchomp|Protect|p2a: Garchomp
|-singleturn|p2a: Garchomp|Protect
|move|p1b: Venusaur|Giga Drain|p2a: Garchomp
|-activate|p2a: Garchomp|move: Protect
|move|p1a: Milotic|Life Dew|p1a: Milotic|[spread] p1a,p1b
|-heal|p1a: Milotic|85/100
|-heal|p1b: Venusaur|100/100 brn
|move|p2b: Milotic|Ice Beam|p1b: Venusaur
|-supereffective|p1b: Venusaur|1
|-damage|p1b: Venusaur|77/100 brn
|
|-weather|SunnyDay|[upkeep]
|-heal|p1a: Milotic|91/100|[from] item: Leftovers
|-damage|p1b: Venusaur|71/100 brn|[from] brn
|upkeep
|turn|8
|inactive|testy accounty 2 has 30 seconds left.
|inactive|alexander1111 has 30 seconds left.
|inactive|alexander1111 has 20 seconds left.
|inactive|alexander1111 has 15 seconds left.
|
|t:|1784271123
|switch|p2a: Charizard|Charizard-Mega-Y, L50, M, shiny|67/100
|move|p1b: Venusaur|Giga Drain|p2a: Charizard
|-resisted|p2a: Charizard|2
|-damage|p2a: Charizard|57/100
|-heal|p1b: Venusaur|75/100 brn|[from] drain|[of] p2a: Charizard
|move|p1a: Milotic|Scald|p2a: Charizard
|-supereffective|p2a: Charizard|1
|-damage|p2a: Charizard|28/100
|move|p2b: Milotic|Ice Beam|p1b: Venusaur
|-supereffective|p1b: Venusaur|1
|-damage|p1b: Venusaur|55/100 brn
|
|-weather|SunnyDay|[upkeep]
|-heal|p1a: Milotic|97/100|[from] item: Leftovers
|-damage|p1b: Venusaur|49/100 brn|[from] brn
|upkeep
|turn|9
|inactive|testy accounty 2 has 30 seconds left.
|inactive|alexander1111 has 30 seconds left.
|
|t:|1784271156
|switch|p1b: Tyranitar|Tyranitar, L50, M|100/100
|-weather|Sandstorm|[from] ability: Sand Stream|[of] p1b: Tyranitar
|move|p2a: Charizard|Protect|p2a: Charizard
|-singleturn|p2a: Charizard|Protect
|move|p1a: Milotic|Scald|p2b: Milotic
|-resisted|p2b: Milotic|1
|-damage|p2b: Milotic|2/100
|move|p2b: Milotic|Ice Beam|p1b: Tyranitar
|-damage|p1b: Tyranitar|84/100
|
|-weather|Sandstorm|[upkeep]
|-damage|p2a: Charizard|22/100|[from] Sandstorm
|-damage|p1a: Milotic|91/100|[from] Sandstorm
|-damage|p2b: Milotic|0 fnt|[from] Sandstorm
|faint|p2b: Milotic
|-heal|p1a: Milotic|97/100|[from] item: Leftovers
|upkeep
|
|t:|1784271159
|switch|p2b: Garchomp|Garchomp, L50, F|53/100
|turn|10
|
|t:|1784271176
|switch|p2a: Whimsicott|Whimsicott, L50, F, shiny|100/100
|switch|p1b: Rotom|Rotom-Heat, L50|100/100
|move|p2b: Garchomp|Earthquake|p1a: Milotic|[spread] p2a,p1a
|-immune|p1b: Rotom|[from] ability: Levitate
|-resisted|p2a: Whimsicott|1
|-damage|p2a: Whimsicott|61/100
|-damage|p1a: Milotic|50/100g
|-damage|p2b: Garchomp|43/100|[from] item: Life Orb
|move|p1a: Milotic|Icy Wind|p2a: Whimsicott|[spread] p2a,p2b
|-supereffective|p2a: Whimsicott|1
|-supereffective|p2b: Garchomp|2
|-damage|p2a: Whimsicott|23/100
|-damage|p2b: Garchomp|0 fnt
|-unboost|p2a: Whimsicott|spe|1
|faint|p2b: Garchomp
|
|-weather|Sandstorm|[upkeep]
|-damage|p1b: Rotom|94/100|[from] Sandstorm
|-damage|p2a: Whimsicott|17/100|[from] Sandstorm
|-damage|p1a: Milotic|44/100|[from] Sandstorm
|-heal|p1a: Milotic|50/100g|[from] item: Leftovers
|upkeep
|-message|alexander1111 forfeited.
|
|win|testy accounty 2
|raw|testy accounty 2's rating: 1309 → 1330(+21 for winning)
|raw|alexander1111's rating: 1335 → 1314(-21 for losing)
|l|☆alexander1111
|player|p2|
|l|☆testy accounty 2
|player|p1|
|j|☆testy accounty 2
|player|p1|testy accounty 2|1|
