|j|☆mdhashiriqbal0987
|j|☆midomidori
|html|mdhashiriqbal0987midomidori    
|uhtml|bestof|Game 3 of a best-of-3
|t:|1784742230
|gametype|doubles
|player|p1|mdhashiriqbal0987|2|
|player|p2|midomidori|102|
|gen|9
|tier|[Gen 9 Champions] VGC 2026 Reg M-B (Bo3)
|rule|Species Clause: Limit one of each Pokémon
|rule|Item Clause: Limit 1 of each item
|clearpoke
|poke|p1|Sneasler, L50, M|
|poke|p1|Archaludon, L50, M|
|poke|p1|Pelipper, L50, F|
|poke|p1|Swampert, L50, F|
|poke|p1|Venusaur, L50, F|
|poke|p1|Rotom-Heat, L50|
|poke|p2|Staraptor, L50, M|
|poke|p2|Charizard, L50, M|
|poke|p2|Garchomp, L50, M|
|poke|p2|Glimmora, L50, M|
|poke|p2|Whimsicott, L50, M|
|poke|p2|Incineroar, L50, M|
|teampreview|4
|showteam|p1|Sneasler||WhiteHerb|Unburden|FakeOut,CloseCombat,Protect,DireClaw|Jolly||M|||50|]Archaludon||ShucaBerry|Stamina|ElectroShot,DragonPulse,AuraSphere,Protect|Modest||M|||50|]Pelipper||FocusSash|Drizzle|WideGuard,WeatherBall,Hurricane,Tailwind|Modest||F|||50|]Swampert||Swampertite|Torrent|WaveCrash,RockSlide,HighHorsepower,Protect|Adamant||F|||50|]Venusaur||Venusaurite|Chlorophyll|EarthPower,Protect,SludgeBomb,GigaDrain|Bold||F|||50|]Rotom-Heat||ChoiceScarf|Levitate|Trick,Electroweb,VoltSwitch,Thunder|Timid|||||50|
|showteam|p2|Staraptor||Staraptite|Intimidate|BraveBird,CloseCombat,Roost,Protect|Jolly||M|||50|]Charizard||CharizarditeY|Blaze|HeatWave,WeatherBall,SolarBeam,Protect|Modest||M|||50|]Garchomp||LifeOrb|RoughSkin|Earthquake,DragonClaw,RockSlide,Protect|Jolly||M|||50|]Glimmora||FocusSash|ToxicDebris|PowerGem,SludgeBomb,EarthPower,SpikyShield|Timid||M|||50|]Whimsicott||FairyFeather|Prankster|Moonblast,Tailwind,Charm,Protect|Timid||M|||50|]Incineroar||SitrusBerry|Intimidate|FakeOut,FlareBlitz,ThroatChop,PartingShot|Adamant||M|||50|
|
|t:|1784742261
|teamsize|p1|4
|teamsize|p2|4
|start
|switch|p1a: Pelipper|Pelipper, L50, F|100/100
|switch|p1b: Archaludon|Archaludon, L50, M|100/100
|switch|p2a: Staraptor|Staraptor, L50, M|100/100
|switch|p2b: Whimsicott|Whimsicott, L50, M|100/100
|-ability|p2a: Staraptor|Intimidate|boost
|-unboost|p1a: Pelipper|atk|1
|-unboost|p1b: Archaludon|atk|1
|-weather|RainDance|[from] ability: Drizzle|[of] p1a: Pelipper
|turn|1
|j| enzo022
|l| enzo022
|
|t:|1784742271
|detailschange|p2a: Staraptor|Staraptor-Mega, L50, M
|-mega|p2a: Staraptor|Staraptor|Staraptite
|move|p1b: Archaludon|Protect|p1b: Archaludon
|-singleturn|p1b: Archaludon|Protect
|move|p2b: Whimsicott|Moonblast|p1a: Pelipper
|-damage|p1a: Pelipper|39/100
|move|p2a: Staraptor|Close Combat|p1a: Pelipper
|-resisted|p1a: Pelipper|1
|-damage|p1a: Pelipper|8/100
|-boost|p2a: Staraptor|def|1
|-boost|p2a: Staraptor|spd|1
|move|p1a: Pelipper|Hurricane|p2a: Staraptor
|-supereffective|p2a: Staraptor|1
|-damage|p2a: Staraptor|28/100
|
|-weather|RainDance|[upkeep]
|upkeep
|turn|2
|
|t:|1784742295
|move|p2b: Whimsicott|Moonblast|p1a: Pelipper
|-damage|p1a: Pelipper|0 fnt
|faint|p1a: Pelipper
|move|p2a: Staraptor|Roost|p2a: Staraptor
|-heal|p2a: Staraptor|78/100
|-singleturn|p2a: Staraptor|move: Roost
|move|p1b: Archaludon|Electro Shot||[still]
|-prepare|p1b: Archaludon|Electro Shot
|-boost|p1b: Archaludon|spa|1
|-anim|p1b: Archaludon|Electro Shot|p2a: Staraptor
|-damage|p2a: Staraptor|34/100
|
|-weather|RainDance|[upkeep]
|upkeep
|
|t:|1784742309
|switch|p1a: Rotom|Rotom-Heat, L50|100/100
|turn|3
|
|t:|1784742353
|move|p2b: Whimsicott|Protect|p2b: Whimsicott
|-singleturn|p2b: Whimsicott|Protect
|move|p2a: Staraptor|Protect|p2a: Staraptor
|-singleturn|p2a: Staraptor|Protect
|move|p1a: Rotom|Volt Switch|p2a: Staraptor
|-activate|p2a: Staraptor|move: Protect
|move|p1b: Archaludon|Electro Shot||[still]
|-prepare|p1b: Archaludon|Electro Shot
|-boost|p1b: Archaludon|spa|1
|-anim|p1b: Archaludon|Electro Shot|p2a: Staraptor
|-activate|p2a: Staraptor|move: Protect
|
|-weather|RainDance|[upkeep]
|upkeep
|turn|4
|
|t:|1784742388
|switch|p2a: Incineroar|Incineroar, L50, M|100/100
|-ability|p2a: Incineroar|Intimidate|boost
|-unboost|p1a: Rotom|atk|1
|-unboost|p1b: Archaludon|atk|1
|move|p1b: Archaludon|Protect|p1b: Archaludon
|-singleturn|p1b: Archaludon|Protect
|move|p1a: Rotom|Volt Switch|p2a: Incineroar
|-damage|p2a: Incineroar|76/100
|
|t:|1784742400
|switch|p1a: Swampert|Swampert, L50, F|100/100|[from] Volt Switch
|move|p2b: Whimsicott|Moonblast|p1b: Archaludon
|-activate|p1b: Archaludon|move: Protect
|
|-weather|RainDance|[upkeep]
|upkeep
|turn|5
|
|t:|1784742420
|detailschange|p1a: Swampert|Swampert-Mega, L50, F
|-mega|p1a: Swampert|Swampert|Swampertite
|move|p2a: Incineroar|Fake Out|p1a: Swampert
|-damage|p1a: Swampert|88/100
|cant|p1a: Swampert|flinch
|move|p2b: Whimsicott|Moonblast|p1b: Archaludon
|-damage|p1b: Archaludon|58/100
|-ability|p1b: Archaludon|Stamina|boost
|-boost|p1b: Archaludon|def|1
|move|p1b: Archaludon|Electro Shot||[still]
|-prepare|p1b: Archaludon|Electro Shot
|-boost|p1b: Archaludon|spa|1
|-anim|p1b: Archaludon|Electro Shot|p2a: Incineroar
|-damage|p2a: Incineroar|0 fnt
|faint|p2a: Incineroar
|
|-weather|none
|upkeep
|
|t:|1784742432
|switch|p2a: Glimmora|Glimmora, L50, M|100/100
|turn|6
|
|t:|1784742451
|move|p2b: Whimsicott|Moonblast|p1a: Swampert
|-damage|p1a: Swampert|53/100
|move|p2a: Glimmora|Earth Power|p1a: Swampert
|-damage|p1a: Swampert|25/100
|-unboost|p1a: Swampert|spd|1
|move|p1b: Archaludon|Aura Sphere|p2a: Glimmora
|-damage|p2a: Glimmora|13/100
|move|p1a: Swampert|High Horsepower|p2a: Glimmora
|-supereffective|p2a: Glimmora|2
|-damage|p2a: Glimmora|0 fnt
|-activate|p2a: Glimmora|ability: Toxic Debris
|-sidestart|p1: mdhashiriqbal0987|move: Toxic Spikes
|faint|p2a: Glimmora
|
|upkeep
|
|t:|1784742456
|switch|p2a: Staraptor|Staraptor-Mega, L50, M|34/100
|turn|7
|
|t:|1784742501
|move|p2b: Whimsicott|Moonblast|p1a: Swampert
|-damage|p1a: Swampert|0 fnt
|faint|p1a: Swampert
|move|p2a: Staraptor|Close Combat|p1b: Archaludon
|-supereffective|p1b: Archaludon|1
|-damage|p1b: Archaludon|6/100
|-boost|p2a: Staraptor|def|1
|-boost|p2a: Staraptor|spd|1
|-ability|p1b: Archaludon|Stamina|boost
|-boost|p1b: Archaludon|def|1
|move|p1b: Archaludon|Dragon Pulse|p2a: Staraptor
|-damage|p2a: Staraptor|0 fnt
|faint|p2a: Staraptor
|
|upkeep
|
|t:|1784742516
|switch|p1a: Rotom|Rotom-Heat, L50|100/100
|turn|8
|
|t:|1784742536
|move|p2b: Whimsicott|Protect|p2b: Whimsicott
|-singleturn|p2b: Whimsicott|Protect
|move|p1a: Rotom|Thunder|p2b: Whimsicott
|-activate|p2b: Whimsicott|move: Protect
|move|p1b: Archaludon|Aura Sphere|p2b: Whimsicott
|-activate|p2b: Whimsicott|move: Protect
|
|upkeep
|turn|9
|
|t:|1784742541
|move|p1a: Rotom|Thunder|p2b: Whimsicott
|-resisted|p2b: Whimsicott|1
|-damage|p2b: Whimsicott|66/100
|-status|p2b: Whimsicott|par
|move|p1b: Archaludon|Aura Sphere|p2b: Whimsicott
|-resisted|p2b: Whimsicott|1
|-damage|p2b: Whimsicott|12/100 par
|move|p2b: Whimsicott|Moonblast|p1b: Archaludon
|-damage|p1b: Archaludon|0 fnt
|faint|p1b: Archaludon
|
|upkeep
|turn|10
|c|☆midomidori|Ggsç
|c|☆midomidori|Ggs!*
|
|t:|1784742555
|move|p1a: Rotom|Thunder|p2b: Whimsicott|[miss]
|-miss|p1a: Rotom|p2b: Whimsicott
|move|p2b: Whimsicott|Moonblast|p1a: Rotom
|-resisted|p1a: Rotom|1
|-damage|p1a: Rotom|78/100
|
|upkeep
|turn|11
|
|t:|1784742565
|move|p1a: Rotom|Thunder|p2b: Whimsicott
|-resisted|p2b: Whimsicott|1
|-damage|p2b: Whimsicott|0 fnt
|faint|p2b: Whimsicott
|
|win|mdhashiriqbal0987
