|j|☆StrengthOfADragon
|j|☆Rg67
|html|StrengthOfADragonRg67    
|uhtml|bestof|Game 1 of a best-of-3
|t:|1757689498
|gametype|doubles
|player|p1|StrengthOfADragon|1|1129
|player|p2|Rg67|nate|1103
|gen|9
|tier|[Gen 9] VGC 2025 Reg H (Bo3)
|rated|
|rule|Species Clause: Limit one of each Pokémon
|rule|Item Clause: Limit 1 of each item
|clearpoke
|poke|p1|Dragonite, L50, M|
|poke|p1|Sneasler, L50, M|
|poke|p1|Rillaboom, L50, M|
|poke|p1|Electabuzz, L50, M|
|poke|p1|Kingambit, L50, M|
|poke|p1|Golduck, L50, F|
|poke|p2|Dragonite, L50, M|
|poke|p2|Annihilape, L50, M|
|poke|p2|Archaludon, L50, F|
|poke|p2|Whimsicott, L50, F|
|poke|p2|Incineroar, L50, M|
|poke|p2|Ursaluna-Bloodmoon, L50, M|
|teampreview|4
|showteam|p1|Dragonite||LoadedDice|Multiscale|ScaleShot,ExtremeSpeed,Haze,Protect|||M|||50|,,,,,Fairy]Sneasler||FocusSash|Unburden|CloseCombat,DireClaw,Coaching,Protect|||M|||50|,,,,,Stellar]Rillaboom||AssaultVest|GrassySurge|WoodHammer,GrassyGlide,HighHorsepower,FakeOut|||M|||50|,,,,,Water]Electabuzz||Eviolite|VitalSpirit|VoltSwitch,FollowMe,Taunt,Protect|||M|||50|,,,,,Ghost]Kingambit||BlackGlasses|Defiant|KowtowCleave,SuckerPunch,SwordsDance,Protect|||M|||50|,,,,,Dark]Golduck||CovertCloak|CloudNine|Protect,IcyWind,HelpingHand,Encore|||F|||50|,,,,,Fairy
|showteam|p2|Dragonite||LoadedDice|Multiscale|ScaleShot,ExtremeSpeed,Haze,Protect|||M|||50|,,,,,Fairy]Annihilape||SafetyGoggles|Defiant|Coaching,CloseCombat,RageFist,FinalGambit|||M|||50|,,,,,Water]Archaludon||PowerHerb|Sturdy|ElectroShot,Thunderbolt,DragonPulse,Protect|||F|||50|,,,,,Electric]Whimsicott||FocusSash|Prankster|Moonblast,Tailwind,Taunt,Endeavor|||F|||50|,,,,,Ghost]Incineroar||SitrusBerry|Intimidate|FakeOut,KnockOff,PartingShot,FlareBlitz|||M|||50|,,,,,Grass]Ursaluna-Bloodmoon||AssaultVest|MindsEye|BloodMoon,HyperVoice,EarthPower,VacuumWave|||M|||50|,,,,,Water
|inactive|Battle timer is ON: inactive players will automatically lose when time's up. (requested by StrengthOfADragon)
|inactive|StrengthOfADragon has 60 seconds left.
|
|t:|1757689552
|teamsize|p1|4
|teamsize|p2|4
|start
|switch|p1a: Kingambit|Kingambit, L50, M, shiny|100/100
|switch|p1b: Electabuzz|Electabuzz, L50, M, shiny|100/100
|switch|p2a: Annihilape|Annihilape, L50, M|100/100
|switch|p2b: Dragonite|Dragonite, L50, M|100/100
|turn|1
|
|t:|1757689574
|move|p1b: Electabuzz|Follow Me|p1b: Electabuzz
|-singleturn|p1b: Electabuzz|move: Follow Me
|move|p2a: Annihilape|Coaching|p2b: Dragonite
|-boost|p2b: Dragonite|atk|1
|-boost|p2b: Dragonite|def|1
|move|p2b: Dragonite|Scale Shot|p1b: Electabuzz
|-damage|p1b: Electabuzz|84/100
|-damage|p1b: Electabuzz|68/100
|-damage|p1b: Electabuzz|50/100
|-damage|p1b: Electabuzz|33/100
|-hitcount|p1b: Electabuzz|4
|-unboost|p2b: Dragonite|def|1
|-boost|p2b: Dragonite|spe|1
|move|p1a: Kingambit|Swords Dance|p1a: Kingambit
|-boost|p1a: Kingambit|atk|2
|
|upkeep
|turn|2
|inactive|StrengthOfADragon has 30 seconds left.
|inactive|Rg67 has 30 seconds left.
|inactive|Rg67 has 20 seconds left.
|inactive|Rg67 has 15 seconds left.
|inactive|Rg67 has 10 seconds left.
|
|t:|1757689621
|switch|p2a: Ursaluna|Ursaluna-Bloodmoon, L50, M|100/100
|move|p1b: Electabuzz|Follow Me|p1b: Electabuzz
|-singleturn|p1b: Electabuzz|move: Follow Me
|move|p1a: Kingambit|Sucker Punch|p2b: Dragonite
|-damage|p2b: Dragonite|51/100
|move|p2b: Dragonite|Scale Shot|p1b: Electabuzz
|-damage|p1b: Electabuzz|15/100
|-damage|p1b: Electabuzz|0 fnt
|faint|p1b: Electabuzz
|-hitcount|p1: Electabuzz|2
|-unboost|p2b: Dragonite|def|1
|-boost|p2b: Dragonite|spe|1
|
|upkeep
|
|t:|1757689634
|switch|p1b: Rillaboom|Rillaboom, L50, M|100/100
|-fieldstart|move: Grassy Terrain|[from] ability: Grassy Surge|[of] p1b: Rillaboom
|turn|3
|inactive|StrengthOfADragon has 30 seconds left.
|inactive|StrengthOfADragon has 20 seconds left.
|inactive|StrengthOfADragon has 15 seconds left.
|inactive|StrengthOfADragon has 10 seconds left.
|
|t:|1757689682
|-terastallize|p1a: Kingambit|Dark
|move|p1b: Rillaboom|Fake Out|p2b: Dragonite
|-damage|p2b: Dragonite|26/100
|cant|p2b: Dragonite|flinch
|move|p2a: Ursaluna|Earth Power|p1a: Kingambit
|-damage|p1a: Kingambit|53/100
|move|p1a: Kingambit|Kowtow Cleave|p2a: Ursaluna
|-damage|p2a: Ursaluna|0 fnt
|faint|p2a: Ursaluna
|
|-heal|p1a: Kingambit|58/100|[from] Grassy Terrain
|upkeep
|
|t:|1757689697
|switch|p2a: Annihilape|Annihilape, L50, M|100/100
|turn|4
|inactive|StrengthOfADragon has 30 seconds left.
|
|t:|1757689732
|move|p2b: Dragonite|Extreme Speed|p1b: Rillaboom
|-damage|p1b: Rillaboom|55/100
|move|p1b: Rillaboom|Grassy Glide|p2b: Dragonite
|-resisted|p2b: Dragonite
|-damage|p2b: Dragonite|9/100
|move|p1a: Kingambit|Sucker Punch||[still]
|-fail|p1a: Kingambit
|move|p2a: Annihilape|Close Combat|p1a: Kingambit
|-supereffective|p1a: Kingambit
|-damage|p1a: Kingambit|0 fnt
|-unboost|p2a: Annihilape|def|1
|-unboost|p2a: Annihilape|spd|1
|faint|p1a: Kingambit
|
|-heal|p1b: Rillaboom|61/100|[from] Grassy Terrain
|upkeep
|
|t:|1757689743
|switch|p1a: Golduck|Golduck, L50, F|100/100
|-ability|p1a: Golduck|Cloud Nine
|turn|5
|inactive|Rg67 has 30 seconds left.
|inactive|StrengthOfADragon has 30 seconds left.
|inactive|Rg67 has 20 seconds left.
|inactive|Rg67 has 15 seconds left.
|
|t:|1757689785
|switch|p2b: Incineroar|Incineroar, L50, M|100/100
|-ability|p2b: Incineroar|Intimidate|boost
|-unboost|p1a: Golduck|atk|1
|-unboost|p1b: Rillaboom|atk|1
|move|p2a: Annihilape|Final Gambit|p1b: Rillaboom
|-damage|p1b: Rillaboom|0 fnt
|faint|p2a: Annihilape
|faint|p1b: Rillaboom
|move|p1a: Golduck|Icy Wind|p2b: Incineroar
|-resisted|p2b: Incineroar
|-damage|p2b: Incineroar|96/100
|-unboost|p2b: Incineroar|spe|1
|
|-heal|p2b: Incineroar|100/100|[from] Grassy Terrain
|upkeep
|
|t:|1757689801
|switch|p2a: Dragonite|Dragonite, L50, M|9/100
|turn|6
|
|t:|1757689807
|move|p2b: Incineroar|Fake Out|p1a: Golduck
|-damage|p1a: Golduck|86/100
|move|p1a: Golduck|Icy Wind|p2b: Incineroar|[spread] p2a,p2b
|-supereffective|p2a: Dragonite
|-resisted|p2b: Incineroar
|-damage|p2a: Dragonite|0 fnt
|-damage|p2b: Incineroar|97/100
|-unboost|p2b: Incineroar|spe|1
|faint|p2a: Dragonite
|
|-heal|p1a: Golduck|91/100|[from] Grassy Terrain
|-heal|p2b: Incineroar|100/100|[from] Grassy Terrain
|upkeep
|turn|7
|
|t:|1757689821
|move|p1a: Golduck|Encore|p2b: Incineroar
|-start|p2b: Incineroar|Encore
|move|p2b: Incineroar|Fake Out||[still]
|-hint|Fake Out only works on your first turn out.
|-fail|p2b: Incineroar
|
|-heal|p1a: Golduck|97/100|[from] Grassy Terrain
|-fieldend|move: Grassy Terrain
|upkeep
|turn|8
|
|t:|1757689830
|move|p2b: Incineroar|Fake Out||[still]
|-hint|Fake Out only works on your first turn out.
|-fail|p2b: Incineroar
|move|p1a: Golduck|Icy Wind|p2b: Incineroar
|-resisted|p2b: Incineroar
|-damage|p2b: Incineroar|95/100
|-unboost|p2b: Incineroar|spe|1
|
|upkeep
|turn|9
|
|t:|1757689840
|move|p2b: Incineroar|Fake Out||[still]
|-hint|Fake Out only works on your first turn out.
|-fail|p2b: Incineroar
|move|p1a: Golduck|Icy Wind|p2b: Incineroar
|-resisted|p2b: Incineroar
|-damage|p2b: Incineroar|90/100
|-unboost|p2b: Incineroar|spe|1
|
|-end|p2b: Incineroar|Encore
|upkeep
|turn|10
|
|t:|1757689851
|move|p1a: Golduck|Encore|p2b: Incineroar
|-start|p2b: Incineroar|Encore
|move|p2b: Incineroar|Fake Out||[still]
|-hint|Fake Out only works on your first turn out.
|-fail|p2b: Incineroar
|
|upkeep
|turn|11
|-message|Rg67 forfeited.
|
|win|StrengthOfADragon
|l|☆Rg67
|player|p2|
||Rg67 is ready for game 2.
||StrengthOfADragon is ready for game 2.
|uhtml|next|Next: Game 2 of 3
