|j|☆blfuller_4
|j|☆quecle
|html|blfuller_4quecle    
|uhtml|bestof|Game 3 of a best-of-3
|t:|1755909598
|gametype|doubles
|player|p1|blfuller_4|101|1292
|player|p2|quecle|gambler|1296
|gen|9
|tier|[Gen 9] VGC 2025 Reg H (Bo3)
|rated|
|rule|Species Clause: Limit one of each Pokémon
|rule|Item Clause: Limit 1 of each item
|clearpoke
|poke|p1|Tyranitar, L50, F|
|poke|p1|Excadrill, L50, F|
|poke|p1|Sneasler, L50, M|
|poke|p1|Indeedee, L50, M|
|poke|p1|Gholdengo, L50|
|poke|p1|Whimsicott, L50, M|
|poke|p2|Politoed, L50, M|
|poke|p2|Gothitelle, L50, F|
|poke|p2|Incineroar, L50, M|
|poke|p2|Amoonguss, L50, F|
|poke|p2|Kingdra, L50, M|
|poke|p2|Archaludon, L50, M|
|teampreview|4
|showteam|p1|Tyranitar||AssaultVest|SandStream|RockSlide,TeraBlast,KnockOff,LowKick|||F|||50|,,,,,Flying]Excadrill||FocusSash|SandRush|Protect,Earthquake,HighHorsepower,IronHead|||F|||50|,,,,,Stellar]Sneasler||PsychicSeed|Unburden|ThroatChop,Protect,CloseCombat,DireClaw|||M|||50|,,,,,Dark]Indeedee||ChoiceScarf|PsychicSurge|ExpandingForce,DazzlingGleam,ShadowBall,Trick|||M|||50|,,,,,Psychic]Gholdengo||ChoiceSpecs|GoodasGold|MakeItRain,ShadowBall,Thunderbolt,PowerGem||||||50|,,,,,Steel]Whimsicott||CovertCloak|Prankster|Tailwind,Moonblast,Encore,FakeTears|||M|||50|,,,,,Dark
|showteam|p2|Politoed||Leftovers|Drizzle|Protect,WeatherBall,PerishSong,Encore|||M|||50|,,,,,Grass]Gothitelle||SitrusBerry|ShadowTag|Protect,Psychic,FakeOut,TrickRoom|||F|||50|,,,,,Dark]Incineroar||SafetyGoggles|Intimidate|Protect,KnockOff,FakeOut,PartingShot|||M|||50|,,,,,Ghost]Amoonguss||EjectButton|Regenerator|Protect,RagePowder,PollenPuff,Spore|||F|||50|,,,,,Fairy]Kingdra||LifeOrb|SwiftSwim|Protect,WeatherBall,DracoMeteor,MuddyWater|||M|||50|,,,,,Stellar]Archaludon||PowerHerb|Sturdy|Protect,ElectroShot,DragonPulse,FlashCannon|||M|||50|,,,,,Electric
|
|t:|1755909635
|teamsize|p1|4
|teamsize|p2|4
|start
|switch|p1a: Gholdengo|Gholdengo, L50|100/100
|switch|p1b: Whimsicott|Whimsicott, L50, M|100/100
|switch|p2a: Politoed|Politoed, L50, M|100/100
|switch|p2b: Amoonguss|Amoonguss, L50, F|100/100
|-weather|RainDance|[from] ability: Drizzle|[of] p2a: Politoed
|turn|1
|
|t:|1755909671
|move|p2b: Amoonguss|Rage Powder|p2b: Amoonguss
|-singleturn|p2b: Amoonguss|move: Rage Powder
|move|p1b: Whimsicott|Fake Tears|p2b: Amoonguss
|-unboost|p2b: Amoonguss|spd|2
|move|p1a: Gholdengo|Make It Rain|p2b: Amoonguss|[spread] p2a,p2b
|-resisted|p2a: Politoed
|-damage|p2a: Politoed|72/100
|-damage|p2b: Amoonguss|0 fnt
|-unboost|p1a: Gholdengo|spa|1
|faint|p2b: Amoonguss
|move|p2a: Politoed|Weather Ball|p1a: Gholdengo
|-damage|p1a: Gholdengo|43/100
|
|-weather|RainDance|[upkeep]
|-heal|p2a: Politoed|78/100|[from] item: Leftovers
|upkeep
|
|t:|1755909689
|switch|p2b: Incineroar|Incineroar, L50, M|100/100
|-ability|p2b: Incineroar|Intimidate|boost
|-unboost|p1a: Gholdengo|atk|1
|-unboost|p1b: Whimsicott|atk|1
|turn|2
|
|t:|1755909704
|switch|p1a: Sneasler|Sneasler, L50, M|100/100
|move|p2a: Politoed|Protect|p2a: Politoed
|-singleturn|p2a: Politoed|Protect
|move|p1b: Whimsicott|Moonblast|p2b: Incineroar
|-damage|p2b: Incineroar|81/100
|move|p2b: Incineroar|Knock Off|p1a: Sneasler
|-resisted|p1a: Sneasler
|-damage|p1a: Sneasler|74/100
|-enditem|p1a: Sneasler|Psychic Seed|[from] move: Knock Off|[of] p2b: Incineroar
|
|-weather|RainDance|[upkeep]
|-heal|p2a: Politoed|84/100|[from] item: Leftovers
|upkeep
|turn|3
|
|t:|1755909732
|switch|p2b: Gothitelle|Gothitelle, L50, F|100/100
|move|p1b: Whimsicott|Encore|p2a: Politoed
|-start|p2a: Politoed|Encore
|move|p1a: Sneasler|Dire Claw|p2a: Politoed
|-damage|p2a: Politoed|40/100
|-status|p2a: Politoed|slp
|cant|p2a: Politoed|slp
|
|-weather|RainDance|[upkeep]
|-heal|p2a: Politoed|46/100 slp|[from] item: Leftovers
|upkeep
|turn|4
|
|t:|1755909751
|switch|p2a: Incineroar|Incineroar, L50, M|81/100
|-ability|p2a: Incineroar|Intimidate|boost
|-unboost|p1a: Sneasler|atk|1
|-unboost|p1b: Whimsicott|atk|1
|move|p1a: Sneasler|Protect|p1a: Sneasler
|-singleturn|p1a: Sneasler|Protect
|move|p1b: Whimsicott|Encore||[still]
|-fail|p1b: Whimsicott
|move|p2b: Gothitelle|Psychic|p1a: Sneasler
|-activate|p1a: Sneasler|move: Protect
|
|-weather|RainDance|[upkeep]
|upkeep
|turn|5
|
|t:|1755909767
|switch|p2b: Politoed|Politoed, L50, M|46/100 slp
|-terastallize|p1a: Sneasler|Dark
|move|p2a: Incineroar|Fake Out|p1a: Sneasler
|-damage|p1a: Sneasler|56/100
|move|p1b: Whimsicott|Encore||[still]
|-fail|p1b: Whimsicott
|cant|p1a: Sneasler|flinch
|
|-weather|none
|-heal|p2b: Politoed|52/100 slp|[from] item: Leftovers
|upkeep
|turn|6
|
|t:|1755909782
|move|p1a: Sneasler|Dire Claw|p2a: Incineroar
|-damage|p2a: Incineroar|56/100
|-status|p2a: Incineroar|psn
|move|p1b: Whimsicott|Moonblast|p2a: Incineroar
|-damage|p2a: Incineroar|37/100 psn
|-unboost|p2a: Incineroar|spa|1
|cant|p2b: Politoed|slp
|move|p2a: Incineroar|Parting Shot|p1a: Sneasler
|-unboost|p1a: Sneasler|atk|1
|-unboost|p1a: Sneasler|spa|1
|
|t:|1755909793
|switch|p2a: Gothitelle|Gothitelle, L50, F|100/100|[from] Parting Shot
|
|-heal|p2b: Politoed|58/100 slp|[from] item: Leftovers
|upkeep
|turn|7
|
|t:|1755909800
|move|p2a: Gothitelle|Fake Out|p1a: Sneasler
|-damage|p1a: Sneasler|46/100
|cant|p1a: Sneasler|flinch
|move|p1b: Whimsicott|Moonblast|p2a: Gothitelle
|-damage|p2a: Gothitelle|80/100
|-curestatus|p2b: Politoed|slp|[msg]
|move|p2b: Politoed|Perish Song|p2b: Politoed
|-start|p1a: Sneasler|perish3|[silent]
|-start|p1b: Whimsicott|perish3|[silent]
|-start|p2a: Gothitelle|perish3|[silent]
|-start|p2b: Politoed|perish3|[silent]
|-fieldactivate|move: Perish Song
|
|-heal|p2b: Politoed|64/100|[from] item: Leftovers
|-start|p1a: Sneasler|perish3
|-start|p1b: Whimsicott|perish3
|-start|p2b: Politoed|perish3
|-start|p2a: Gothitelle|perish3
|upkeep
|turn|8
|
|t:|1755909844
|switch|p2b: Incineroar|Incineroar, L50, M|37/100 psn
|-ability|p2b: Incineroar|Intimidate|boost
|-unboost|p1a: Sneasler|atk|1
|-unboost|p1b: Whimsicott|atk|1
|move|p1a: Sneasler|Close Combat|p2b: Incineroar
|-supereffective|p2b: Incineroar
|-damage|p2b: Incineroar|0 fnt
|-unboost|p1a: Sneasler|def|1
|-unboost|p1a: Sneasler|spd|1
|faint|p2b: Incineroar
|move|p1b: Whimsicott|Moonblast|p2a: Gothitelle
|-damage|p2a: Gothitelle|59/100
|move|p2a: Gothitelle|Trick Room|p2a: Gothitelle
|-fieldstart|move: Trick Room|[of] p2a: Gothitelle
|
|-start|p2a: Gothitelle|perish2
|-start|p1b: Whimsicott|perish2
|-start|p1a: Sneasler|perish2
|upkeep
|
|t:|1755909854
|switch|p2b: Politoed|Politoed, L50, M|64/100
|-weather|RainDance|[from] ability: Drizzle|[of] p2b: Politoed
|turn|9
|
|t:|1755909869
|move|p2a: Gothitelle|Protect|p2a: Gothitelle
|-singleturn|p2a: Gothitelle|Protect
|move|p1a: Sneasler|Protect|p1a: Sneasler
|-singleturn|p1a: Sneasler|Protect
|move|p1b: Whimsicott|Encore|p2a: Gothitelle
|-activate|p2a: Gothitelle|move: Protect
|move|p2b: Politoed|Weather Ball|p1a: Sneasler
|-activate|p1a: Sneasler|move: Protect
|
|-weather|RainDance|[upkeep]
|-heal|p2b: Politoed|71/100|[from] item: Leftovers
|-start|p2a: Gothitelle|perish1
|-start|p1b: Whimsicott|perish1
|-start|p1a: Sneasler|perish1
|upkeep
|turn|10
|
|t:|1755909888
|move|p2a: Gothitelle|Protect|p2a: Gothitelle
|-singleturn|p2a: Gothitelle|Protect
|move|p2b: Politoed|Weather Ball|p1a: Sneasler
|-damage|p1a: Sneasler|0 fnt
|faint|p1a: Sneasler
|move|p1b: Whimsicott|Moonblast|p2b: Politoed
|-damage|p2b: Politoed|50/100
|
|-weather|RainDance|[upkeep]
|-heal|p2b: Politoed|56/100|[from] item: Leftovers
|-start|p2a: Gothitelle|perish0
|-start|p1b: Whimsicott|perish0
|faint|p2a: Gothitelle
|faint|p1b: Whimsicott
|upkeep
|
|t:|1755909898
|switch|p1a: Gholdengo|Gholdengo, L50|43/100
|switch|p1b: Indeedee|Indeedee, L50, M|100/100
|-fieldstart|move: Psychic Terrain|[from] ability: Psychic Surge|[of] p1b: Indeedee
|turn|11
|
|t:|1755909908
|move|p2b: Politoed|Weather Ball|p1a: Gholdengo
|-damage|p1a: Gholdengo|0 fnt
|faint|p1a: Gholdengo
|move|p1b: Indeedee|Expanding Force|p2b: Politoed
|-damage|p2b: Politoed|1/100
|
|-weather|RainDance|[upkeep]
|-heal|p2b: Politoed|7/100|[from] item: Leftovers
|upkeep
|turn|12
|
|t:|1755909916
|move|p2b: Politoed|Weather Ball|p1b: Indeedee
|-damage|p1b: Indeedee|38/100
|move|p1b: Indeedee|Expanding Force|p2b: Politoed
|-damage|p2b: Politoed|0 fnt
|faint|p2b: Politoed
|
|win|blfuller_4
|raw|blfuller_4's rating: 1292 → 1317(+25 for winning)
|raw|quecle's rating: 1296 → 1271(-25 for losing)
|l|☆quecle
|player|p2|
