|j|☆plata_0007
|j|☆MarkPanCP
|html|plata_0007MarkPanCP    
|uhtml|bestof|Game 2 of a best-of-3
|t:|1786167141
|gametype|doubles
|player|p1|plata_0007|veteranf|
|player|p2|MarkPanCP|cynthia-gen4|
|gen|9
|tier|[Gen 9 Champions] VGC 2026 Reg M-B (Bo3)
|rule|Species Clause: Limit one of each Pokémon
|rule|Item Clause: Limit 1 of each item
|clearpoke
|poke|p1|Gengar, L50, M, shiny|
|poke|p1|Politoed, L50, F|
|poke|p1|Incineroar, L50, M|
|poke|p1|Kingambit, L50, M|
|poke|p1|Sylveon, L50, F|
|poke|p1|Dragonite, L50, M|
|poke|p2|Charizard, L50, M, shiny|
|poke|p2|Venusaur, L50, M|
|poke|p2|Sinistcha, L50|
|poke|p2|Incineroar, L50, M|
|poke|p2|Floette-Eternal, L50, F|
|poke|p2|Garchomp, L50, M|
|teampreview|4
|showteam|p1|Gengar||Gengarite|CursedBody|IcyWind,Protect,PerishSong,WillOWisp|Timid||M|||50|]Politoed||LifeOrb|Drizzle|PerishSong,WeatherBall,Protect,EarthPower|Timid||F|||50|]Incineroar||SitrusBerry|Intimidate|Protect,WillOWisp,DarkestLariat,FakeOut|Careful||M|||50|]Kingambit||FocusSash|Defiant|LowKick,KowtowCleave,SuckerPunch,Protect|Adamant||M|||50|]Sylveon||FairyFeather|Pixilate|QuickAttack,HyperBeam,HyperVoice,Detect|Calm||F|||50|]Dragonite||Dragoninite|Multiscale|ExtremeSpeed,DragonClaw,Protect,Blizzard|Brave||M|||50|
|showteam|p2|Charizard||CharizarditeY|Blaze|HeatWave,Protect,SolarBeam,WeatherBall|Modest||M|||50|]Venusaur||FocusSash|Chlorophyll|SludgeBomb,LeafStorm,Protect,SleepPowder|Timid||M|||50|]Sinistcha||ColburBerry|Hospitality|TrickRoom,Protect,MatchaGotcha,RagePowder|Relaxed|||||50|]Incineroar||SitrusBerry|Intimidate|FlareBlitz,FakeOut,ThroatChop,PartingShot|Careful||M|||50|]Floette-Eternal||Floettite|FlowerVeil|Moonblast,CalmMind,DazzlingGleam,Protect|Timid||F|||50|]Garchomp||ChoiceScarf|RoughSkin|Earthquake,RockSlide,DragonClaw,StompingTantrum|Adamant||M|||50|
|inactive|Battle timer is ON: inactive players will automatically lose when time's up. (requested by plata_0007)
|
|t:|1786167158
|teamsize|p1|4
|teamsize|p2|4
|start
|switch|p1a: Kingambit|Kingambit, L50, M|100/100
|switch|p1b: Incineroar|Incineroar, L50, M|100/100
|switch|p2a: Marihuanol|Floette-Eternal, L50, F|100/100
|switch|p2b: Incinegoat|Incineroar, L50, M|100/100
|-ability|p1b: Incineroar|Intimidate|boost
|-unboost|p2a: Marihuanol|atk|1
|-unboost|p2b: Incinegoat|atk|1
|-ability|p2b: Incinegoat|Intimidate|boost
|-unboost|p1a: Kingambit|atk|1
|-ability|p1a: Kingambit|Defiant|boost
|-boost|p1a: Kingambit|atk|2
|-unboost|p1b: Incineroar|atk|1
|turn|1
|inactive|plata_0007 has 30 seconds left.
|j| GoyoTraineador
|
|t:|1786167190
|move|p2a: Marihuanol|Protect|p2a: Marihuanol
|-singleturn|p2a: Marihuanol|Protect
|move|p1b: Incineroar|Fake Out|p2b: Incinegoat
|-damage|p2b: Incinegoat|91/100
|cant|p2b: Incinegoat|flinch
|move|p1a: Kingambit|Kowtow Cleave|p2a: Marihuanol
|-activate|p2a: Marihuanol|move: Protect
|
|upkeep
|turn|2
|
|t:|1786167214
|switch|p2a: Mahoraga|Garchomp, L50, M|100/100
|move|p1b: Incineroar|Will-O-Wisp|p2a: Mahoraga
|-status|p2a: Mahoraga|brn
|move|p2b: Incinegoat|Flare Blitz|p1b: Incineroar
|-resisted|p1b: Incineroar|1
|-damage|p1b: Incineroar|83/100
|-damage|p2b: Incinegoat|84/100|[from] Recoil
|move|p1a: Kingambit|Low Kick|p2b: Incinegoat
|-supereffective|p2b: Incinegoat|1
|-damage|p2b: Incinegoat|0 fnt
|faint|p2b: Incinegoat
|
|-damage|p2a: Mahoraga|93/100 brn|[from] brn
|upkeep
|
|t:|1786167236
|switch|p2b: La Cobra|Venusaur, L50, M|100/100
|turn|3
|
|t:|1786167256
|switch|p1b: Sylveon|Sylveon, L50, F|100/100
|move|p2b: La Cobra|Protect|p2b: La Cobra
|-singleturn|p2b: La Cobra|Protect
|move|p1a: Kingambit|Protect|p1a: Kingambit
|-singleturn|p1a: Kingambit|Protect
|move|p2a: Mahoraga|Dragon Claw|p1a: Kingambit
|-activate|p1a: Kingambit|move: Protect
|
|-damage|p2a: Mahoraga|87/100 brn|[from] brn
|upkeep
|turn|4
|inactive|plata_0007 has 30 seconds left.
|inactive|MarkPanCP has 30 seconds left.
|inactive|MarkPanCP has 20 seconds left.
|inactive|MarkPanCP has 15 seconds left.
|
|t:|1786167300
|switch|p2a: Marihuanol|Floette-Eternal, L50, F|100/100
|switch|p1a: Incineroar|Incineroar, L50, M|83/100
|-ability|p1a: Incineroar|Intimidate|boost
|-unboost|p2a: Marihuanol|atk|1
|-block|p2b: La Cobra|ability: Flower Veil|[of] p2a: Marihuanol
|move|p2b: La Cobra|Protect||[still]
|-fail|p2b: La Cobra
|move|p1b: Sylveon|Hyper Voice|p2b: La Cobra|[spread] p2a,p2b
|-resisted|p2b: La Cobra|1
|-damage|p2a: Marihuanol|57/100
|-damage|p2b: La Cobra|76/100
|
|upkeep
|turn|5
|inactive|plata_0007 has 30 seconds left.
|inactive|MarkPanCP has 30 seconds left.
|
|t:|1786167336
|switch|p2a: Mahoraga|Garchomp, L50, M|87/100 brn
|move|p2b: La Cobra|Protect|p2b: La Cobra
|-singleturn|p2b: La Cobra|Protect
|move|p1a: Incineroar|Fake Out|p2b: La Cobra
|-activate|p2b: La Cobra|move: Protect
|move|p1b: Sylveon|Hyper Voice|p2a: Mahoraga|[spread] p2a
|-activate|p2b: La Cobra|move: Protect
|-supereffective|p2a: Mahoraga|1
|-damage|p2a: Mahoraga|0 fnt
|faint|p2a: Mahoraga
|
|upkeep
|
|t:|1786167347
|switch|p2a: Marihuanol|Floette-Eternal, L50, F|57/100
|turn|6
|
|t:|1786167362
|switch|p1a: Kingambit|Kingambit, L50, M|100/100
|detailschange|p2a: Marihuanol|Floette-Mega, L50, F
|-mega|p2a: Marihuanol|Floette|Floettite
|-ability|p2a: Marihuanol|Fairy Aura
|move|p2a: Marihuanol|Protect|p2a: Marihuanol
|-singleturn|p2a: Marihuanol|Protect
|move|p2b: La Cobra|Protect|p2b: La Cobra
|-singleturn|p2b: La Cobra|Protect
|move|p1b: Sylveon|Hyper Voice|p2b: La Cobra|[spread] 
|-activate|p2a: Marihuanol|move: Protect
|-activate|p2b: La Cobra|move: Protect
|
|upkeep
|turn|7
|
|t:|1786167381
|move|p2b: La Cobra|Protect||[still]
|-fail|p2b: La Cobra
|move|p2a: Marihuanol|Moonblast|p1a: Kingambit
|-damage|p1a: Kingambit|40/100
|-unboost|p1a: Kingambit|spa|1
|-ability|p1a: Kingambit|Defiant|boost
|-boost|p1a: Kingambit|atk|2
|move|p1b: Sylveon|Hyper Voice|p2a: Marihuanol|[spread] p2a,p2b
|-resisted|p2b: La Cobra|1
|-damage|p2a: Marihuanol|9/100
|-damage|p2b: La Cobra|45/100
|move|p1a: Kingambit|Kowtow Cleave|p2b: La Cobra
|-damage|p2b: La Cobra|0 fnt
|faint|p2b: La Cobra
|
|upkeep
|turn|8
|
|t:|1786167400
|move|p1b: Sylveon|Quick Attack|p2a: Marihuanol
|-damage|p2a: Marihuanol|0 fnt
|faint|p2a: Marihuanol
|
|win|plata_0007
|l|☆plata_0007
|player|p1|
