|j|☆retking
|j|☆mudkipc4
|html|retkingmudkipc4    
|uhtml|bestof|Game 2 of a best-of-3
|t:|1782578668
|gametype|doubles
|player|p1|retking|n|
|player|p2|mudkipc4|pokemaniac|
|gen|9
|tier|[Gen 9 Champions] VGC 2026 Reg M-B (Bo3)
|rule|Species Clause: Limit one of each Pokémon
|rule|Item Clause: Limit 1 of each item
|clearpoke
|poke|p1|Whimsicott, L50, M|
|poke|p1|Floette-Eternal, L50, F|
|poke|p1|Charizard, L50, M|
|poke|p1|Garchomp, L50, F|
|poke|p1|Basculegion, L50, M|
|poke|p1|Kingambit, L50, F|
|poke|p2|Mawile, L50, M|
|poke|p2|Farigiraf, L50, F|
|poke|p2|Tyranitar, L50, F|
|poke|p2|Gengar, L50, F|
|poke|p2|Grimmsnarl, L50, M|
|poke|p2|Hydreigon, L50, M|
|teampreview|4
|showteam|p1|Whimsicott||FocusSash|Prankster|Moonblast,Tailwind,Encore,Protect|Timid||M|||50|]Floette-Eternal||Floettite|FlowerVeil|DazzlingGleam,Moonblast,LightofRuin,Protect|Timid||F|||50|]Charizard||CharizarditeY|Blaze|HeatWave,WeatherBall,SolarBeam,Protect|Modest||M|||50|]Garchomp||LifeOrb|RoughSkin|Earthquake,DragonClaw,RockSlide,Protect|Jolly||F|||50|]Basculegion||MysticWater|Adaptability|WaveCrash,LastRespects,AquaJet,Protect|Adamant||M|||50|]Kingambit||BlackGlasses|Defiant|KowtowCleave,SuckerPunch,IronHead,Protect|Adamant||F|||50|
|showteam|p2|Mawile||Mawilite|Intimidate|PlayRough,IronHead,SuckerPunch,Protect|Brave||M|||50|]Farigiraf||SitrusBerry|ArmorTail|TrickRoom,Psychic,Protect,Imprison|Bold||F|||50|]Tyranitar||FocusSash|SandStream|RockSlide,BrickBreak,KnockOff,Protect|Adamant||F|||50|]Gengar||Gengarite|CursedBody|SludgeBomb,ShadowBall,Protect,WillOWisp|Timid||F|||50|]Grimmsnarl||LightClay|Prankster|FakeOut,PartingShot,Reflect,SpiritBreak|Impish||M|||50|]Hydreigon||ChoiceScarf|Levitate|DarkPulse,DracoMeteor,EarthPower,Snarl|Modest||M|||50|
|inactive|Battle timer is ON: inactive players will automatically lose when time's up. (requested by retking)
|
|t:|1782578681
|teamsize|p1|4
|teamsize|p2|4
|start
|switch|p1a: Floette|Floette-Eternal, L50, F|100/100
|switch|p1b: Kingambit|Kingambit, L50, F|100/100
|switch|p2a: Charybdis|Gengar, L50, F|100/100
|switch|p2b: Hydra|Hydreigon, L50, M|100/100
|turn|1
|
|t:|1782578699
|switch|p2b: Chimera|Farigiraf, L50, F|100/100
|detailschange|p1a: Floette|Floette-Mega, L50, F
|-mega|p1a: Floette|Floette|Floettite
|-ability|p1a: Floette|Fairy Aura
|detailschange|p2a: Charybdis|Gengar-Mega, L50, F
|-mega|p2a: Charybdis|Gengar|Gengarite
|move|p1b: Kingambit|Sucker Punch||[still]
|cant|p2b: Chimera|ability: Armor Tail|Sucker Punch|[of] p1b: Kingambit
|move|p2a: Charybdis|Will-O-Wisp|p1b: Kingambit
|-status|p1b: Kingambit|brn
|move|p1a: Floette|Dazzling Gleam|p2a: Charybdis|[spread] p2a,p2b
|-resisted|p2a: Charybdis|1
|-damage|p2a: Charybdis|73/100
|-damage|p2b: Chimera|51/100
|
|-damage|p1b: Kingambit|94/100 brn|[from] brn
|upkeep
|turn|2
|
|t:|1782578723
|move|p2b: Chimera|Protect|p2b: Chimera
|-singleturn|p2b: Chimera|Protect
|move|p2a: Charybdis|Sludge Bomb|p1a: Floette
|-supereffective|p1a: Floette|1
|-damage|p1a: Floette|20/100r
|move|p1a: Floette|Dazzling Gleam|p2a: Charybdis|[spread] p2a
|-activate|p2b: Chimera|move: Protect
|-resisted|p2a: Charybdis|1
|-damage|p2a: Charybdis|46/100
|move|p1b: Kingambit|Kowtow Cleave|p2a: Charybdis
|-supereffective|p2a: Charybdis|1
|-damage|p2a: Charybdis|0 fnt
|faint|p2a: Charybdis
|
|-damage|p1b: Kingambit|88/100 brn|[from] brn
|upkeep
|
|t:|1782578740
|switch|p2a: Hydra|Hydreigon, L50, M|100/100
|turn|3
|
|t:|1782578747
|switch|p2b: Gorgon|Grimmsnarl, L50, M|100/100
|move|p2a: Hydra|Earth Power|p1a: Floette
|-damage|p1a: Floette|0 fnt
|faint|p1a: Floette
|move|p1b: Kingambit|Kowtow Cleave|p2b: Gorgon
|-resisted|p2b: Gorgon|2
|-crit|p2b: Gorgon
|-damage|p2b: Gorgon|90/100
|
|-damage|p1b: Kingambit|82/100 brn|[from] brn
|upkeep
|
|t:|1782578754
|switch|p1a: Whimsicott|Whimsicott, L50, M|100/100
|turn|4
|
|t:|1782578764
|move|p1b: Kingambit|Protect|p1b: Kingambit
|-singleturn|p1b: Kingambit|Protect
|move|p2b: Gorgon|Fake Out|p1a: Whimsicott
|-damage|p1a: Whimsicott|83/100
|move|p2a: Hydra|Earth Power|p1b: Kingambit
|-activate|p1b: Kingambit|move: Protect
|cant|p1a: Whimsicott|flinch
|
|-damage|p1b: Kingambit|76/100 brn|[from] brn
|upkeep
|turn|5
|
|t:|1782578774
|switch|p2a: Chimera|Farigiraf, L50, F|51/100
|switch|p1b: Garchomp|Garchomp, L50, F|100/100
|move|p1a: Whimsicott|Moonblast|p2a: Chimera
|-damage|p2a: Chimera|17/100
|-enditem|p2a: Chimera|Sitrus Berry|[eat]
|-heal|p2a: Chimera|42/100|[from] item: Sitrus Berry
|move|p2b: Gorgon|Spirit Break|p1a: Whimsicott
|-damage|p1a: Whimsicott|40/100
|-unboost|p1a: Whimsicott|spa|1
|
|upkeep
|turn|6
|inactive|retking has 30 seconds left.
|inactive|retking has 20 seconds left.
|inactive|retking has 15 seconds left.
|inactive|retking has 10 seconds left.
|
|t:|1782578821
|move|p2a: Chimera|Protect|p2a: Chimera
|-singleturn|p2a: Chimera|Protect
|move|p2b: Gorgon|Reflect|p2b: Gorgon
|-sidestart|p2: mudkipc4|Reflect
|move|p1a: Whimsicott|Moonblast|p2a: Chimera
|-activate|p2a: Chimera|move: Protect
|move|p1b: Garchomp|Earthquake|p2a: Chimera|[spread] p1a,p2b
|-activate|p2a: Chimera|move: Protect
|-resisted|p1a: Whimsicott|1
|-damage|p1a: Whimsicott|3/100
|-damage|p2b: Gorgon|63/100
|-damage|p1b: Garchomp|90/100|[from] item: Life Orb
|
|upkeep
|turn|7
|inactive|retking has 30 seconds left.
|inactive|mudkipc4 has 30 seconds left.
|inactive|retking has 20 seconds left.
|
|t:|1782578856
|move|p1a: Whimsicott|Tailwind|p1a: Whimsicott
|-sidestart|p1: retking|move: Tailwind
|move|p2b: Gorgon|Parting Shot|p1b: Garchomp
|-unboost|p1b: Garchomp|atk|1
|-unboost|p1b: Garchomp|spa|1
|
|t:|1782578861
|switch|p2b: Hydra|Hydreigon, L50, M|100/100|[from] Parting Shot
|move|p1b: Garchomp|Earthquake|p2a: Chimera|[spread] p1a,p2a
|-immune|p2b: Hydra|[from] ability: Levitate
|-resisted|p1a: Whimsicott|1
|-damage|p1a: Whimsicott|0 fnt
|-damage|p2a: Chimera|26/100
|faint|p1a: Whimsicott
|-damage|p1b: Garchomp|80/100|[from] item: Life Orb
|move|p2a: Chimera|Psychic|p1b: Garchomp
|-damage|p1b: Garchomp|45/100
|
|upkeep
|
|t:|1782578867
|switch|p1a: Kingambit|Kingambit, L50, F|76/100 brn
|turn|8
|
|t:|1782578874
|move|p1b: Garchomp|Dragon Claw|p2b: Hydra
|-supereffective|p2b: Hydra|1
|-damage|p2b: Hydra|40/100
|-damage|p1b: Garchomp|35/100|[from] item: Life Orb
|move|p2b: Hydra|Earth Power|p1a: Kingambit
|-supereffective|p1a: Kingambit|1
|-damage|p1a: Kingambit|12/100 brn
|move|p1a: Kingambit|Kowtow Cleave|p2a: Chimera
|-supereffective|p2a: Chimera|1
|-damage|p2a: Chimera|0 fnt
|faint|p2a: Chimera
|
|-damage|p1a: Kingambit|6/100 brn|[from] brn
|upkeep
|
|t:|1782578885
|switch|p2a: Gorgon|Grimmsnarl, L50, M|63/100
|turn|9
|
|t:|1782578894
|move|p2a: Gorgon|Fake Out|p1b: Garchomp
|-damage|p1b: Garchomp|24/100
|-damage|p2a: Gorgon|50/100g|[from] ability: Rough Skin|[of] p1b: Garchomp
|cant|p1b: Garchomp|flinch
|move|p2b: Hydra|Earth Power|p1a: Kingambit
|-supereffective|p1a: Kingambit|1
|-damage|p1a: Kingambit|0 fnt
|faint|p1a: Kingambit
|
|upkeep
|turn|10
|
|t:|1782578913
|move|p2a: Gorgon|Parting Shot|p1b: Garchomp
|-unboost|p1b: Garchomp|atk|1
|-unboost|p1b: Garchomp|spa|1
|move|p1b: Garchomp|Earthquake|p2a: Gorgon|[spread] p2a
|-immune|p2b: Hydra|[from] ability: Levitate
|-damage|p2a: Gorgon|36/100
|-damage|p1b: Garchomp|14/100|[from] item: Life Orb
|move|p2b: Hydra|Earth Power|p1b: Garchomp
|-damage|p1b: Garchomp|0 fnt
|faint|p1b: Garchomp
|
|win|mudkipc4
||retking is ready for game 3.
||mudkipc4 is ready for game 3.
|uhtml|next|Next: Game 3 of 3
|l|☆retking
|player|p1|
