|j|☆crullvgc
|j|☆strolin stu
|html|crullvgcstrolin stu    
|uhtml|bestof|Game 2 of a best-of-3
|t:|1756666179
|gametype|doubles
|player|p1|crullvgc|janitor|1071
|player|p2|strolin stu|mira|1049
|gen|9
|tier|[Gen 9] VGC 2025 Reg H (Bo3)
|rated|
|rule|Species Clause: Limit one of each Pokémon
|rule|Item Clause: Limit 1 of each item
|clearpoke
|poke|p1|Garchomp, L50, M|
|poke|p1|Talonflame, L50, F|
|poke|p1|Primarina, L50, M|
|poke|p1|Electabuzz, L50, M|
|poke|p1|Rillaboom, L50, F|
|poke|p1|Gholdengo, L50|
|poke|p2|Araquanid, L50, M|
|poke|p2|Oranguru, L50, F|
|poke|p2|Incineroar, L50, M|
|poke|p2|Garchomp, L50, F|
|poke|p2|Ninetales-Alola, L50, M|
|poke|p2|Rillaboom, L50, M|
|teampreview|4
|showteam|p1|Garchomp||LifeOrb|RoughSkin|StompingTantrum,Earthquake,DragonClaw,Protect|||M|||50|,,,,,Fire]Talonflame||CovertCloak|GaleWings|Tailwind,WillOWisp,DualWingbeat,Taunt|||F|||50|,,,,,Dark]Primarina||ThroatSpray|LiquidVoice|HyperVoice,Moonblast,Haze,Protect|||M|||50|,,,,,Poison]Electabuzz||Eviolite|VitalSpirit|FollowMe,Electroweb,HelpingHand,Protect|||M|||50|,,,,,Ghost]Rillaboom||AssaultVest|GrassySurge|FakeOut,GrassyGlide,WoodHammer,HighHorsepower|||F|||50|,,,,,Fire]Gholdengo||MetalCoat|GoodasGold|MakeItRain,ShadowBall,NastyPlot,Protect||||||50|,,,,,Steel
|showteam|p2|Araquanid||SplashPlate|WaterBubble|Surf,WideGuard,Protect,HydroPump|||M|||50|,,,,,Ghost]Oranguru||CovertCloak|Telepathy|TrickRoom,Instruct,Protect,FoulPlay|||F|||50|,,,,,Ghost]Incineroar||SafetyGoggles|Intimidate|FakeOut,KnockOff,FlareBlitz,PartingShot|||M|||50|,,,,,Ghost]Garchomp||LifeOrb|RoughSkin|Earthquake,DragonClaw,StompingTantrum,Protect|||F|||50|,,,,,Fire]Ninetales-Alola||FocusSash|SnowWarning|AuroraVeil,Blizzard,Moonblast,Protect|||M|||50|,,,,,Ice]Rillaboom||AssaultVest|GrassySurge|FakeOut,Uturn,KnockOff,GrassyGlide|||M|||50|,,,,,Water
|
|t:|1756666215
|teamsize|p1|4
|teamsize|p2|4
|start
|switch|p1a: Gholdengo|Gholdengo, L50|100/100
|switch|p1b: Talonflame|Talonflame, L50, F|100/100
|switch|p2a: Rillaboom|Rillaboom, L50, M|100/100
|switch|p2b: oasis|Garchomp, L50, F|100/100
|-fieldstart|move: Grassy Terrain|[from] ability: Grassy Surge|[of] p2a: Rillaboom
|turn|1
|
|t:|1756666238
|move|p2b: oasis|Protect|p2b: oasis
|-singleturn|p2b: oasis|Protect
|move|p1a: Gholdengo|Protect|p1a: Gholdengo
|-singleturn|p1a: Gholdengo|Protect
|move|p1b: Talonflame|Will-O-Wisp|p2b: oasis
|-activate|p2b: oasis|move: Protect
|move|p2a: Rillaboom|U-turn|p1b: Talonflame
|-resisted|p1b: Talonflame
|-damage|p1b: Talonflame|91/100
|
|t:|1756666253
|switch|p2a: Araquanid|Araquanid, L50, M, shiny|100/100|[from] U-turn
|
|upkeep
|turn|2
|
|t:|1756666273
|switch|p2b: Oranguru|Oranguru, L50, F, shiny|100/100
|switch|p1a: Rillaboom|Rillaboom, L50, F|100/100
|move|p1b: Talonflame|Tailwind|p1b: Talonflame
|-sidestart|p1: crullvgc|move: Tailwind
|move|p2a: Araquanid|Surf|p1b: Talonflame|[spread] p1a,p1b
|-activate|p2b: Oranguru|ability: Telepathy
|-resisted|p1a: Rillaboom
|-supereffective|p1b: Talonflame
|-damage|p1a: Rillaboom|84/100
|-damage|p1b: Talonflame|0 fnt
|faint|p1b: Talonflame
|
|-heal|p1a: Rillaboom|89/100|[from] Grassy Terrain
|upkeep
|
|t:|1756666286
|switch|p1b: Electabuzz|Electabuzz, L50, M|100/100
|turn|3
|
|t:|1756666293
|-terastallize|p2a: Araquanid|Ghost
|move|p1b: Electabuzz|Helping Hand|p1a: Rillaboom
|-singleturn|p1a: Rillaboom|Helping Hand|[of] p1b: Electabuzz
|move|p1a: Rillaboom|Wood Hammer|p2b: Oranguru
|-damage|p2b: Oranguru|0 fnt
|faint|p2b: Oranguru
|-damage|p1a: Rillaboom|58/100|[from] Recoil
|move|p2a: Araquanid|Surf|p1a: Rillaboom|[spread] p1a,p1b
|-resisted|p1a: Rillaboom
|-damage|p1a: Rillaboom|40/100
|-damage|p1b: Electabuzz|58/100
|
|-heal|p1b: Electabuzz|64/100|[from] Grassy Terrain
|-heal|p1a: Rillaboom|46/100|[from] Grassy Terrain
|upkeep
|c|☆strolin stu|i still havent been able to surf instruct yet
|
|t:|1756666321
|switch|p2b: oasis|Garchomp, L50, F|100/100
|turn|4
|
|t:|1756666331
|move|p1b: Electabuzz|Helping Hand|p1a: Rillaboom
|-singleturn|p1a: Rillaboom|Helping Hand|[of] p1b: Electabuzz
|move|p1a: Rillaboom|Wood Hammer|p2b: oasis
|-damage|p2b: oasis|2/100
|-damage|p1a: Rillaboom|34/100|[from] ability: Rough Skin|[of] p2b: oasis
|-damage|p1a: Rillaboom|3/100|[from] Recoil
|move|p2b: oasis|Dragon Claw|p1a: Rillaboom
|-damage|p1a: Rillaboom|0 fnt
|faint|p1a: Rillaboom
|-damage|p2b: oasis|0 fnt|[from] item: Life Orb
|faint|p2b: oasis
|move|p2a: Araquanid|Hydro Pump|p1b: Electabuzz
|-damage|p1b: Electabuzz|0 fnt
|faint|p1b: Electabuzz
|
|upkeep
|
|t:|1756666347
|switch|p1b: Gholdengo|Gholdengo, L50|100/100
|switch|p2b: Rillaboom|Rillaboom, L50, M|100/100
|turn|5
|c|☆crullvgc|anyway you owned me
|
|t:|1756666361
|move|p1b: Gholdengo|Protect|p1b: Gholdengo
|-singleturn|p1b: Gholdengo|Protect
|move|p2b: Rillaboom|Knock Off|p1b: Gholdengo
|-activate|p1b: Gholdengo|move: Protect
|move|p2a: Araquanid|Hydro Pump|p1b: Gholdengo
|-activate|p1b: Gholdengo|move: Protect
|
|-sideend|p1: crullvgc|move: Tailwind
|-fieldend|move: Grassy Terrain
|upkeep
|turn|6
|
|t:|1756666376
|-terastallize|p1b: Gholdengo|Steel
|move|p1b: Gholdengo|Shadow Ball|p2a: Araquanid
|-supereffective|p2a: Araquanid
|-damage|p2a: Araquanid|9/100
|move|p2b: Rillaboom|Knock Off|p1b: Gholdengo
|-damage|p1b: Gholdengo|65/100
|-enditem|p1b: Gholdengo|Metal Coat|[from] move: Knock Off|[of] p2b: Rillaboom
|move|p2a: Araquanid|Hydro Pump|p1b: Gholdengo|[miss]
|-miss|p2a: Araquanid|p1b: Gholdengo
|
|upkeep
|turn|7
|
|t:|1756666391
|move|p1b: Gholdengo|Make It Rain|p2a: Araquanid|[spread] p2a,p2b
|-damage|p2a: Araquanid|0 fnt
|-damage|p2b: Rillaboom|55/100
|-unboost|p1b: Gholdengo|spa|1
|faint|p2a: Araquanid
|move|p2b: Rillaboom|Knock Off|p1b: Gholdengo
|-damage|p1b: Gholdengo|40/100
|
|upkeep
|turn|8
|
|t:|1756666406
|move|p1b: Gholdengo|Nasty Plot|p1b: Gholdengo
|-boost|p1b: Gholdengo|spa|2
|move|p2b: Rillaboom|Knock Off|p1b: Gholdengo
|-damage|p1b: Gholdengo|16/100
|
|upkeep
|turn|9
|
|t:|1756666422
|move|p1b: Gholdengo|Make It Rain|p2b: Rillaboom
|-damage|p2b: Rillaboom|0 fnt
|-unboost|p1b: Gholdengo|spa|1
|faint|p2b: Rillaboom
|
|win|crullvgc
||strolin stu is ready for game 3.
||crullvgc is ready for game 3.
|uhtml|next|Next: Game 3 of 3
