|j|☆lanagram
|j|☆Pelosis
|html|lanagramPelosis    
|uhtml|bestof|Game 3 of a best-of-3
|t:|1783957303
|gametype|doubles
|player|p1|lanagram|1|1039
|player|p2|Pelosis|265|1055
|gen|9
|tier|[Gen 9 Champions] VGC 2026 Reg M-B (Bo3)
|rated|
|rule|Species Clause: Limit one of each Pokémon
|rule|Item Clause: Limit 1 of each item
|clearpoke
|poke|p1|Metagross, L50|
|poke|p1|Sinistcha, L50|
|poke|p1|Archaludon, L50, M|
|poke|p1|Sneasler, L50, M|
|poke|p1|Pelipper, L50, M|
|poke|p1|Tyranitar, L50, M|
|poke|p2|Mawile, L50, M|
|poke|p2|Farigiraf, L50, F|
|poke|p2|Incineroar, L50, M|
|poke|p2|Torkoal, L50, F|
|poke|p2|Venusaur, L50, M|
|poke|p2|Scrafty, L50, F|
|teampreview|4
|showteam|p1|Metagross||Metagrossite|ClearBody|PsychicFangs,StompingTantrum,Trailblaze,Protect|Jolly|||||50|]Sinistcha||KasibBerry|Hospitality|MatchaGotcha,ShadowBall,RagePowder,TrickRoom|Calm|||||50|]Archaludon||Leftovers|Stamina|ElectroShot,Snarl,FlashCannon,Protect|Modest||M|||50|]Sneasler||FocusSash|Unburden|CloseCombat,PoisonJab,FakeOut,Coaching|Jolly||M|||50|]Pelipper||DampRock|Drizzle|Hurricane,Tailwind,WeatherBall,Protect|Modest||M|||50|]Tyranitar||Tyranitarite|SandStream|RockSlide,Crunch,LowKick,Protect|Jolly||M|||50|
|showteam|p2|Mawile||Mawilite|HyperCutter|Protect,PlayRough,RockSlide,SuckerPunch|Brave||M|||50|]Farigiraf||SitrusBerry|ArmorTail|TrickRoom,TwinBeam,Thunderbolt,HelpingHand|Quiet||F|||50|]Incineroar||WhiteHerb|Intimidate|FakeOut,CloseCombat,FlareBlitz,ThroatChop|Brave||M|||50|]Torkoal||Charcoal|Drought|Protect,Eruption,HeatWave,WeatherBall|Quiet||F|||50|]Venusaur||FocusSash|Chlorophyll|SleepPowder,EarthPower,EnergyBall,SludgeBomb|Modest||M|||50|]Scrafty||Scraftinite|Intimidate|FakeOut,CloseCombat,KnockOff,IcePunch|Brave||F|||50|
|inactive|Battle timer is ON: inactive players will automatically lose when time's up. (requested by Pelosis)
|inactive|lanagram has 60 seconds left.
|inactive|Pelosis has 60 seconds left.
|inactive|lanagram has 30 seconds left.
|inactive|lanagram has 20 seconds left.
|inactive|lanagram has 15 seconds left.
|inactive|lanagram has 10 seconds left.
|inactive|lanagram has 5 seconds left.
|
|t:|1783957410
|teamsize|p1|4
|teamsize|p2|4
|start
|switch|p1a: Sneasler|Sneasler, L50, M|100/100
|switch|p1b: Tyranitar|Tyranitar, L50, M|100/100
|switch|p2a: Torkoal|Torkoal, L50, F|100/100
|switch|p2b: Venusaur|Venusaur, L50, M|100/100
|-weather|Sandstorm|[from] ability: Sand Stream|[of] p1b: Tyranitar
|-weather|SunnyDay|[from] ability: Drought|[of] p2a: Torkoal
|turn|1
|inactive|Pelosis has 30 seconds left.
|inactive|Pelosis has 20 seconds left.
|inactive|Pelosis has 15 seconds left.
|inactive|Pelosis has 10 seconds left.
|inactive|Pelosis has 5 seconds left.
|
|t:|1783957464
|switch|p2a: Farigiraf|Farigiraf, L50, F|100/100
|detailschange|p1b: Tyranitar|Tyranitar-Mega, L50, M
|-mega|p1b: Tyranitar|Tyranitar|Tyranitarite
|-weather|Sandstorm|[from] ability: Sand Stream|[of] p1b: Tyranitar
|move|p1a: Sneasler|Coaching|p1b: Tyranitar
|-boost|p1b: Tyranitar|atk|1
|-boost|p1b: Tyranitar|def|1
|move|p1b: Tyranitar|Rock Slide|p2a: Farigiraf|[spread] p2a,p2b
|-damage|p2a: Farigiraf|52/100
|-damage|p2b: Venusaur|28/100
|move|p2b: Venusaur|Sleep Powder|p1a: Sneasler
|-status|p1a: Sneasler|slp|[from] move: Sleep Powder
|
|-weather|Sandstorm|[upkeep]
|-damage|p1a: Sneasler|94/100 slp|[from] Sandstorm
|-damage|p2b: Venusaur|22/100|[from] Sandstorm
|-damage|p2a: Farigiraf|46/100|[from] Sandstorm
|-enditem|p2a: Farigiraf|Sitrus Berry|[eat]
|-heal|p2a: Farigiraf|71/100|[from] item: Sitrus Berry
|upkeep
|turn|2
|inactive|lanagram has 30 seconds left.
|
|t:|1783957498
|switch|p2a: Torkoal|Torkoal, L50, F|100/100
|-weather|SunnyDay|[from] ability: Drought|[of] p2a: Torkoal
|move|p2b: Venusaur|Sleep Powder|p1b: Tyranitar|[miss]
|-miss|p2b: Venusaur|p1b: Tyranitar
|cant|p1a: Sneasler|slp
|move|p1b: Tyranitar|Rock Slide|p2b: Venusaur|[spread] p2a,p2b
|-supereffective|p2a: Torkoal|1
|-crit|p2a: Torkoal
|-damage|p2a: Torkoal|0 fnt
|-damage|p2b: Venusaur|0 fnt
|faint|p2a: Torkoal
|faint|p2b: Venusaur
|
|-weather|SunnyDay|[upkeep]
|upkeep
|
|t:|1783957512
|switch|p2b: Mawile|Mawile, L50, M|100/100
|switch|p2a: Farigiraf|Farigiraf, L50, F|71/100
|turn|3
|
|t:|1783957530
|detailschange|p2b: Mawile|Mawile-Mega, L50, M
|-mega|p2b: Mawile|Mawile|Mawilite
|move|p2a: Farigiraf|Helping Hand|p2b: Mawile
|-singleturn|p2b: Mawile|Helping Hand|[of] p2a: Farigiraf
|cant|p1a: Sneasler|slp
|move|p1b: Tyranitar|Crunch|p2a: Farigiraf
|-supereffective|p2a: Farigiraf|1
|-damage|p2a: Farigiraf|0 fnt
|faint|p2a: Farigiraf
|move|p2b: Mawile|Play Rough|p1b: Tyranitar|[miss]
|-miss|p2b: Mawile|p1b: Tyranitar
|
|-weather|SunnyDay|[upkeep]
|upkeep
|turn|4
|c|☆Pelosis|pff
|c|☆Pelosis|so bad hax
|c|☆Pelosis|gg
|
|t:|1783957549
|-curestatus|p1a: Sneasler|slp|[msg]
|move|p1a: Sneasler|Close Combat|p2b: Mawile
|-damage|p2b: Mawile|42/100
|-unboost|p1a: Sneasler|def|1
|-unboost|p1a: Sneasler|spd|1
|move|p1b: Tyranitar|Crunch|p2b: Mawile
|-resisted|p2b: Mawile|1
|-damage|p2b: Mawile|7/100
|-unboost|p2b: Mawile|def|1
|move|p2b: Mawile|Play Rough|p1b: Tyranitar
|-supereffective|p1b: Tyranitar|1
|-damage|p1b: Tyranitar|14/100
|
|-weather|SunnyDay|[upkeep]
|upkeep
|turn|5
|
|t:|1783957565
|move|p2b: Mawile|Sucker Punch|p1b: Tyranitar
|-resisted|p1b: Tyranitar|1
|-damage|p1b: Tyranitar|2/100
|move|p1a: Sneasler|Close Combat|p2b: Mawile
|-damage|p2b: Mawile|0 fnt
|-unboost|p1a: Sneasler|def|1
|-unboost|p1a: Sneasler|spd|1
|faint|p2b: Mawile
|
|win|lanagram
|raw|lanagram's rating: 1039 → 1075(+36 for winning)
|raw|Pelosis's rating: 1055 → 1036(-19 for losing)
