|j|☆tumadrempalata
|j|☆lettitripppp
|html|tumadrempalatalettitripppp    
|uhtml|bestof|Game 1 of a best-of-3
|t:|1784045278
|gametype|doubles
|player|p1|tumadrempalata|101|1232
|player|p2|lettitripppp|lucas|1274
|gen|9
|tier|[Gen 9 Champions] VGC 2026 Reg M-B (Bo3)
|rated|
|rule|Species Clause: Limit one of each Pokémon
|rule|Item Clause: Limit 1 of each item
|clearpoke
|poke|p1|Toxapex, L50, F, shiny|
|poke|p1|Charizard, L50, M, shiny|
|poke|p1|Venusaur, L50, M|
|poke|p1|Garchomp, L50, M|
|poke|p1|Annihilape, L50, M|
|poke|p1|Incineroar, L50, M, shiny|
|poke|p2|Charizard, L50, F|
|poke|p2|Basculegion, L50, M|
|poke|p2|Pelipper, L50, M|
|poke|p2|Venusaur, L50, F|
|poke|p2|Archaludon, L50, F|
|poke|p2|Grimmsnarl, L50, M|
|teampreview|4
|showteam|p1|Toxapex||Leftovers|Regenerator|Toxic,BanefulBunker,WideGuard,Infestation|Bold||F|||50|]Charizard||CharizarditeY|Blaze|HeatWave,HelpingHand,WeatherBall,Protect|Modest||M|||50|]Venusaur||LifeOrb|Chlorophyll|SolarBeam,SludgeBomb,EarthPower,Protect|Modest||M|||50|]Garchomp||ChoiceScarf|RoughSkin|DragonClaw,Earthquake,StompingTantrum,RockSlide|Adamant||M|||50|]Annihilape||FocusSash|Defiant|PhantomForce,CloseCombat,Protect,Taunt|Jolly||M|||50|]Incineroar||SitrusBerry|Intimidate|FakeOut,FlareBlitz,ThroatChop,PartingShot|Careful||M|||50|
|showteam|p2|Charizard||CharizarditeY|Blaze|WeatherBall,SolarBeam,HeatWave,Protect|Modest||F|||50|]Basculegion||ChoiceScarf|Adaptability|LastRespects,WaveCrash,FlipTurn,AquaJet|Jolly||M|||50|]Pelipper||SitrusBerry|Drizzle|WeatherBall,WideGuard,Hurricane,Tailwind|Modest||M|||50|]Venusaur||FocusSash|Chlorophyll|SleepPowder,SludgeBomb,EarthPower,Protect|Modest||F|||50|]Archaludon||Leftovers|Stamina|FlashCannon,DragonPulse,ElectroShot,Protect|Calm||F|||50|]Grimmsnarl||LightClay|Prankster|PartingShot,LightScreen,SpiritBreak,Reflect|Relaxed||M|||50|
|inactive|Battle timer is ON: inactive players will automatically lose when time's up. (requested by lettitripppp)
|inactive|tumadrempalata has 60 seconds left.
|inactive|tumadrempalata has 30 seconds left.
|inactive|tumadrempalata has 20 seconds left.
|inactive|tumadrempalata has 15 seconds left.
|inactive|tumadrempalata has 10 seconds left.
|inactive|tumadrempalata has 5 seconds left.
|
|t:|1784045366
|teamsize|p1|4
|teamsize|p2|4
|start
|switch|p1a: Incineroar|Incineroar, L50, M, shiny|100/100
|switch|p1b: Toxapex|Toxapex, L50, F, shiny|100/100
|switch|p2a: AGNI|Charizard, L50, F|100/100
|switch|p2b: SOFT-SLEEP|Venusaur, L50, F|100/100
|-ability|p1a: Incineroar|Intimidate|boost
|-unboost|p2a: AGNI|atk|1
|-unboost|p2b: SOFT-SLEEP|atk|1
|turn|1
|inactive|tumadrempalata has 30 seconds left.
|inactive|tumadrempalata has 20 seconds left.
|inactive|tumadrempalata has 15 seconds left.
|
|t:|1784045411
|move|p2a: AGNI|Protect|p2a: AGNI
|-singleturn|p2a: AGNI|Protect
|move|p2b: SOFT-SLEEP|Protect|p2b: SOFT-SLEEP
|-singleturn|p2b: SOFT-SLEEP|Protect
|move|p1a: Incineroar|Fake Out|p2b: SOFT-SLEEP
|-activate|p2b: SOFT-SLEEP|move: Protect
|move|p1b: Toxapex|Toxic|p2a: AGNI
|-activate|p2a: AGNI|move: Protect
|
|upkeep
|turn|2
|
|t:|1784045429
|switch|p2a: WET-BEAK|Pelipper, L50, M|100/100
|-weather|RainDance|[from] ability: Drizzle|[of] p2a: WET-BEAK
|move|p1b: Toxapex|Baneful Bunker|p1b: Toxapex
|-singleturn|p1b: Toxapex|move: Protect
|move|p2b: SOFT-SLEEP|Sleep Powder|p1b: Toxapex
|-activate|p1b: Toxapex|move: Protect
|move|p1a: Incineroar|Flare Blitz|p2b: SOFT-SLEEP
|-supereffective|p2b: SOFT-SLEEP|1
|-damage|p2b: SOFT-SLEEP|37/100
|-damage|p1a: Incineroar|84/100|[from] Recoil
|
|-weather|RainDance|[upkeep]
|upkeep
|turn|3
|
|t:|1784045453
|move|p2b: SOFT-SLEEP|Sleep Powder|p1b: Toxapex
|-status|p1b: Toxapex|slp|[from] move: Sleep Powder
|move|p2a: WET-BEAK|Tailwind|p2a: WET-BEAK
|-sidestart|p2: lettitripppp|move: Tailwind
|move|p1a: Incineroar|Parting Shot|p2a: WET-BEAK
|-unboost|p2a: WET-BEAK|atk|1
|-unboost|p2a: WET-BEAK|spa|1
|
|t:|1784045463
|switch|p1a: Charizard|Charizard, L50, M, shiny|100/100|[from] Parting Shot
|cant|p1b: Toxapex|slp
|
|-weather|RainDance|[upkeep]
|upkeep
|turn|4
|
|t:|1784045475
|switch|p2a: AGNI|Charizard, L50, F|100/100
|move|p1a: Charizard|Protect|p1a: Charizard
|-singleturn|p1a: Charizard|Protect
|move|p2b: SOFT-SLEEP|Sleep Powder|p1a: Charizard
|-activate|p1a: Charizard|move: Protect
|cant|p1b: Toxapex|slp
|
|-weather|RainDance|[upkeep]
|upkeep
|turn|5
|
|t:|1784045493
|detailschange|p1a: Charizard|Charizard-Mega-Y, L50, M, shiny
|-mega|p1a: Charizard|Charizard|Charizardite Y
|-weather|SunnyDay|[from] ability: Drought|[of] p1a: Charizard
|move|p2a: AGNI|Protect|p2a: AGNI
|-singleturn|p2a: AGNI|Protect
|move|p2b: SOFT-SLEEP|Sleep Powder|p1a: Charizard
|-status|p1a: Charizard|slp|[from] move: Sleep Powder
|cant|p1a: Charizard|slp
|-curestatus|p1b: Toxapex|slp|[msg]
|move|p1b: Toxapex|Toxic|p2a: AGNI
|-activate|p2a: AGNI|move: Protect
|
|-weather|SunnyDay|[upkeep]
|upkeep
|turn|6
|
|t:|1784045515
|switch|p1a: Incineroar|Incineroar, L50, M, shiny|84/100
|-ability|p1a: Incineroar|Intimidate|boost
|-unboost|p2a: AGNI|atk|1
|-unboost|p2b: SOFT-SLEEP|atk|1
|detailschange|p2a: AGNI|Charizard-Mega-Y, L50, F
|-mega|p2a: AGNI|Charizard|Charizardite Y
|move|p2b: SOFT-SLEEP|Sleep Powder|p1b: Toxapex
|-status|p1b: Toxapex|slp|[from] move: Sleep Powder
|move|p2a: AGNI|Solar Beam||[still]
|-prepare|p2a: AGNI|Solar Beam
|-anim|p2a: AGNI|Solar Beam|p1b: Toxapex
|-damage|p1b: Toxapex|63/100 slp
|cant|p1b: Toxapex|slp
|
|-weather|SunnyDay|[upkeep]
|-heal|p1b: Toxapex|68/100 slp|[from] item: Leftovers
|-sideend|p2: lettitripppp|move: Tailwind
|upkeep
|turn|7
|
|t:|1784045539
|move|p2b: SOFT-SLEEP|Protect|p2b: SOFT-SLEEP
|-singleturn|p2b: SOFT-SLEEP|Protect
|move|p2a: AGNI|Protect|p2a: AGNI
|-singleturn|p2a: AGNI|Protect
|move|p1a: Incineroar|Flare Blitz|p2b: SOFT-SLEEP
|-activate|p2b: SOFT-SLEEP|move: Protect
|cant|p1b: Toxapex|slp
|
|-weather|SunnyDay|[upkeep]
|-heal|p1b: Toxapex|74/100 slp|[from] item: Leftovers
|upkeep
|turn|8
|
|t:|1784045552
|move|p2b: SOFT-SLEEP|Earth Power|p1b: Toxapex
|-supereffective|p1b: Toxapex|1
|-crit|p1b: Toxapex
|-damage|p1b: Toxapex|9/100 slp
|move|p2a: AGNI|Solar Beam||[still]
|-prepare|p2a: AGNI|Solar Beam
|-anim|p2a: AGNI|Solar Beam|p1b: Toxapex
|-damage|p1b: Toxapex|0 fnt
|faint|p1b: Toxapex
|move|p1a: Incineroar|Flare Blitz|p2b: SOFT-SLEEP
|-supereffective|p2b: SOFT-SLEEP|1
|-damage|p2b: SOFT-SLEEP|0 fnt
|faint|p2b: SOFT-SLEEP
|-damage|p1a: Incineroar|74/100|[from] Recoil
|
|-weather|SunnyDay|[upkeep]
|upkeep
|
|t:|1784045566
|switch|p2b: GHOSTWAVE|Basculegion, L50, M|100/100
|switch|p1b: Venusaur|Venusaur, L50, M|100/100
|turn|9
|
|t:|1784045587
|switch|p2b: WET-BEAK|Pelipper, L50, M|100/100
|-weather|RainDance|[from] ability: Drizzle|[of] p2b: WET-BEAK
|move|p2a: AGNI|Weather Ball|p1a: Incineroar
|-supereffective|p1a: Incineroar|1
|-damage|p1a: Incineroar|0 fnt
|faint|p1a: Incineroar
|move|p1b: Venusaur|Sludge Bomb|p2a: AGNI
|-damage|p2a: AGNI|48/100
|-damage|p1b: Venusaur|90/100|[from] item: Life Orb
|
|-weather|RainDance|[upkeep]
|upkeep
|
|t:|1784045599
|switch|p1a: Charizard|Charizard-Mega-Y, L50, M, shiny|100/100 slp
|-weather|SunnyDay|[from] ability: Drought|[of] p1a: Charizard
|turn|10
|
|t:|1784045608
|cant|p1a: Charizard|slp
|move|p1b: Venusaur|Solar Beam||[still]
|-prepare|p1b: Venusaur|Solar Beam
|-anim|p1b: Venusaur|Solar Beam|p2b: WET-BEAK
|-damage|p2b: WET-BEAK|0 fnt
|faint|p2b: WET-BEAK
|-damage|p1b: Venusaur|80/100|[from] item: Life Orb
|move|p2a: AGNI|Weather Ball|p1b: Venusaur
|-supereffective|p1b: Venusaur|1
|-damage|p1b: Venusaur|0 fnt
|faint|p1b: Venusaur
|
|-weather|SunnyDay|[upkeep]
|upkeep
|
|t:|1784045615
|switch|p2b: GHOSTWAVE|Basculegion, L50, M|100/100
|turn|11
|
|t:|1784045620
|move|p2b: GHOSTWAVE|Last Respects|p1a: Charizard
|-damage|p1a: Charizard|15/100 slp
|move|p2a: AGNI|Weather Ball|p1a: Charizard
|-resisted|p1a: Charizard|1
|-damage|p1a: Charizard|0 fnt
|faint|p1a: Charizard
|
|win|lettitripppp
||tumadrempalata is ready for game 2.
