|j|â˜†Professor_J93
|j|â˜†carolchanning
|html|Professor_J93carolchanning    
|uhtml|bestof|Game 3 of a best-of-3
|t:|1785775698
|gametype|doubles
|player|p1|Professor_J93|n|1278
|player|p2|carolchanning|170|1199
|gen|9
|tier|[Gen 9 Champions] VGC 2026 Reg M-B (Bo3)
|rated|
|rule|Species Clause: Limit one of each PokÃ©mon
|rule|Item Clause: Limit 1 of each item
|clearpoke
|poke|p1|Raichu, L50, F, shiny|
|poke|p1|Vivillon-Ocean, L50, M, shiny|
|poke|p1|Infernape, L50, M|
|poke|p1|Primarina, L50, M|
|poke|p1|Farigiraf, L50, F, shiny|
|poke|p1|Garchomp, L50, M|
|poke|p2|Sinistcha, L50|
|poke|p2|Floette-Eternal, L50, F|
|poke|p2|Maushold, L50|
|poke|p2|Delphox, L50, M|
|poke|p2|Incineroar, L50, M|
|poke|p2|Kingambit, L50, M|
|teampreview|4
|showteam|p1|Raichu||RaichuniteY|LightningRod|ZapCannon,FocusBlast,FakeOut,Protect|Modest||F|||50|]Vivillon-Ocean||FocusSash|CompoundEyes|Hurricane,Tailwind,SleepPowder,Protect|Timid||M|||50|]Infernape||Charcoal|Blaze|Overheat,FakeOut,Encore,Protect|Timid||M|||50|]Primarina||Leftovers|LiquidVoice|HyperVoice,Moonblast,CalmMind,Protect|Modest||M|||50|]Farigiraf||SitrusBerry|ArmorTail|Psyshock,Roar,TrickRoom,HelpingHand|Relaxed||F|||50|]Garchomp||LifeOrb|RoughSkin|DragonClaw,Earthquake,SwordsDance,Protect|Jolly||M|||50|
|showteam|p2|Sinistcha||OccaBerry|Hospitality|MatchaGotcha,RagePowder,TrickRoom,Protect|Bold|||||50|]Floette-Eternal||Floettite|FlowerVeil|Moonblast,DazzlingGleam,CalmMind,Protect|Timid||F|||50|]Maushold||FocusSash|FriendGuard|Feint,HelpingHand,FollowMe,Protect|Impish|||||50|]Delphox||Delphoxite|Blaze|HeatWave,Psyshock,NastyPlot,Protect|Timid||M|||50|]Incineroar||SitrusBerry|Intimidate|FakeOut,FlareBlitz,ThroatChop,PartingShot|Impish||M|||50|]Kingambit||LifeOrb|Defiant|KowtowCleave,SuckerPunch,IronHead,LowKick|Adamant||M|||50|
|inactive|Battle timer is ON: inactive players will automatically lose when time's up. (requested by carolchanning)
|inactive|Professor_J93 has 60 seconds left.
|
|t:|1785775743
|teamsize|p1|4
|teamsize|p2|4
|start
|switch|p1a: Raichu|Raichu, L50, F, shiny|100/100
|switch|p1b: Fraud Watch|Primarina, L50, M|100/100
|switch|p2a: Delphox|Delphox, L50, M|100/100
|switch|p2b: Incineroar|Incineroar, L50, M|100/100
|-ability|p2b: Incineroar|Intimidate|boost
|-unboost|p1a: Raichu|atk|1
|-unboost|p1b: Fraud Watch|atk|1
|turn|1
|
|t:|1785775753
|switch|p1b: Farigiraf|Farigiraf, L50, F, shiny|100/100
|detailschange|p2a: Delphox|Delphox-Mega, L50, M
|-mega|p2a: Delphox|Delphox|Delphoxite
|detailschange|p1a: Raichu|Raichu-Mega-Y, L50, F, shiny
|-mega|p1a: Raichu|Raichu|Raichunite Y
|move|p2b: Incineroar|Fake Out||[still]
|cant|p1b: Farigiraf|ability: Armor Tail|Fake Out|[of] p2b: Incineroar
|move|p2a: Delphox|Nasty Plot|p2a: Delphox
|-boost|p2a: Delphox|spa|2
|move|p1a: Raichu|Zap Cannon|p2a: Delphox
|-damage|p2a: Delphox|19/100
|-status|p2a: Delphox|par
|
|upkeep
|turn|2
|
|t:|1785775771
|move|p2a: Delphox|Protect|p2a: Delphox
|-singleturn|p2a: Delphox|Protect
|move|p1a: Raichu|Zap Cannon|p2b: Incineroar
|-damage|p2b: Incineroar|29/100
|-status|p2b: Incineroar|par
|-enditem|p2b: Incineroar|Sitrus Berry|[eat]
|-heal|p2b: Incineroar|54/100 par|[from] item: Sitrus Berry
|move|p2b: Incineroar|Parting Shot|p1a: Raichu
|-unboost|p1a: Raichu|atk|1
|-unboost|p1a: Raichu|spa|1
|
|t:|1785775781
|switch|p2b: Sinistcha|Sinistcha, L50|100/100|[from] Parting Shot
|-heal|p2a: Delphox|44/100 par|[from] ability: Hospitality|[of] p2b: Sinistcha
|move|p1b: Farigiraf|Roar|p2a: Delphox
|drag|p2a: Floette|Floette-Eternal, L50, F|100/100
|
|upkeep
|turn|3
|
|t:|1785775797
|move|p1a: Raichu|Zap Cannon|p2b: Sinistcha
|-resisted|p2b: Sinistcha|1
|-damage|p2b: Sinistcha|75/100
|move|p2a: Floette|Moonblast|p1a: Raichu
|-damage|p1a: Raichu|32/100
|move|p2b: Sinistcha|Matcha Gotcha|p1a: Raichu|[spread] p1a,p1b
|-damage|p1a: Raichu|0 fnt
|-heal|p2b: Sinistcha|89/100|[from] drain|[of] p1a: Raichu
|-damage|p1b: Farigiraf|79/100
|-heal|p2b: Sinistcha|100/100|[from] drain|[of] p1b: Farigiraf
|faint|p1a: Raichu
|move|p1b: Farigiraf|Psyshock|p2b: Sinistcha
|-damage|p2b: Sinistcha|75/100
|
|upkeep
|c|â˜†Professor_J93|hold up
|inactive|Professor_J93 has 30 seconds left.
|c|â˜†Professor_J93|how are you not paralyzed?
|inactive|Professor_J93 has 20 seconds left.
|inactive|Professor_J93 has 15 seconds left.
|inactive|Professor_J93 has 10 seconds left.
|
|t:|1785775843
|switch|p1a: Maui|Vivillon-Ocean, L50, M, shiny|100/100
|turn|4
|
|t:|1785775857
|move|p2a: Floette|Dazzling Gleam|p1b: Farigiraf|[spread] p1a,p1b
|-damage|p1a: Maui|45/100
|-damage|p1b: Farigiraf|53/100
|move|p1a: Maui|Hurricane|p2b: Sinistcha
|-supereffective|p2b: Sinistcha|1
|-damage|p2b: Sinistcha|0 fnt
|faint|p2b: Sinistcha
|move|p1b: Farigiraf|Psyshock|p2a: Floette
|-damage|p2a: Floette|49/100
|
|upkeep
|
|t:|1785775863
|switch|p2b: Delphox|Delphox-Mega, L50, M|44/100 par
|turn|5
|
|t:|1785775870
|move|p1a: Maui|Protect|p1a: Maui
|-singleturn|p1a: Maui|Protect
|move|p2a: Floette|Dazzling Gleam|p1b: Farigiraf|[spread] p1b
|-activate|p1a: Maui|move: Protect
|-damage|p1b: Farigiraf|27/100
|-enditem|p1b: Farigiraf|Sitrus Berry|[eat]
|-heal|p1b: Farigiraf|52/100|[from] item: Sitrus Berry
|move|p2b: Delphox|Heat Wave|p1a: Maui|[spread] p1b
|-activate|p1a: Maui|move: Protect
|-damage|p1b: Farigiraf|13/100
|move|p1b: Farigiraf|Psyshock|p2a: Floette
|-damage|p2a: Floette|0 fnt
|faint|p2a: Floette
|
|upkeep
|
|t:|1785775876
|switch|p2a: Incineroar|Incineroar, L50, M|54/100 par
|-ability|p2a: Incineroar|Intimidate|boost
|-unboost|p1a: Maui|atk|1
|-unboost|p1b: Farigiraf|atk|1
|turn|6
|
|t:|1785775893
|move|p1a: Maui|Tailwind|p1a: Maui
|-sidestart|p1: Professor_J93|move: Tailwind
|move|p1b: Farigiraf|Psyshock|p2b: Delphox
|-resisted|p2b: Delphox|1
|-damage|p2b: Delphox|21/100 par
|move|p2b: Delphox|Heat Wave|p1b: Farigiraf|[spread] p1a,p1b
|-supereffective|p1a: Maui|1
|-damage|p1a: Maui|0 fnt
|-damage|p1b: Farigiraf|0 fnt
|faint|p1a: Maui
|faint|p1b: Farigiraf
|move|p2a: Incineroar|Flare Blitz|p1: Maui|[notarget]
|-fail|p2a: Incineroar
|
|upkeep
|
|t:|1785775895
|switch|p1b: Fraud Watch|Primarina, L50, M|100/100
|turn|7
|
|t:|1785775902
|move|p2b: Delphox|Protect|p2b: Delphox
|-singleturn|p2b: Delphox|Protect
|move|p1b: Fraud Watch|Hyper Voice|p2b: Delphox|[spread] p2a
|-activate|p2b: Delphox|move: Protect
|-supereffective|p2a: Incineroar|1
|-damage|p2a: Incineroar|0 fnt
|faint|p2a: Incineroar
|
|upkeep
|turn|8
|-message|carolchanning forfeited.
|raw|Professor_J93's rating: 1278 → 1297(+19 for winning)
|raw|carolchanning's rating: 1199 → 1180(-19 for losing)
|
|win|Professor_J93
|l|â˜†carolchanning
|player|p2|
