|j|☆Cobrite
|j|☆Jakobtc
|html|CobriteJakobtc    
|uhtml|bestof|Game 1 of a best-of-3
|t:|1757911458
|gametype|doubles
|player|p1|Cobrite|102|1159
|player|p2|Jakobtc|riley|1239
|gen|9
|tier|[Gen 9] VGC 2025 Reg H (Bo3)
|rated|
|rule|Species Clause: Limit one of each Pokémon
|rule|Item Clause: Limit 1 of each item
|clearpoke
|poke|p1|Archaludon, L50, M|
|poke|p1|Basculegion, L50, M|
|poke|p1|Pelipper, L50, F|
|poke|p1|Amoonguss, L50, F|
|poke|p1|Incineroar, L50, M|
|poke|p1|Maushold, L50|
|poke|p2|Drifblim, L50, F|
|poke|p2|Indeedee, L50, M|
|poke|p2|Arcanine-Hisui, L50, M|
|poke|p2|Garchomp, L50, F|
|poke|p2|Amoonguss, L50, M|
|poke|p2|Primarina, L50, M|
|teampreview|4
|showteam|p1|Archaludon||AssaultVest|Stamina|ElectroShot,DragonPulse,FlashCannon,BodyPress|||M|||50|,,,,,Grass]Basculegion||MysticWater|SwiftSwim|Protect,WaveCrash,AquaJet,LastRespects|||M|||50|,,,,,Water]Pelipper||FocusSash|Drizzle|Hurricane,WeatherBall,Tailwind,Protect|||F|||50|,,,,,Ghost]Amoonguss||SitrusBerry|Regenerator|Spore,RagePowder,PollenPuff,ClearSmog|||F|||50|,,,,,Water]Incineroar||SafetyGoggles|Intimidate|FakeOut,FlareBlitz,KnockOff,PartingShot|||M|||50|,,,,,Ghost]Maushold||WideLens|Technician|PopulationBomb,FollowMe,Taunt,Protect||||||50|,,,,,Grass
|showteam|p2|Drifblim||PsychicSeed|Unburden|Tailwind,StrengthSap,WillOWisp,Acrobatics|||F|||50|,,,,,Grass]Indeedee||FocusSash|PsychicSurge|ExpandingForce,TeraBlast,HelpingHand,Protect|||M|||50|,,,,,Fighting]Arcanine-Hisui||ChoiceBand|Intimidate|RockSlide,FlareBlitz,ExtremeSpeed,CloseCombat|||M|||50|,,,,,Water]Garchomp||LifeOrb|RoughSkin|StompingTantrum,DragonClaw,Earthquake,Protect|||F|||50|,,,,,Ground]Amoonguss||SitrusBerry|Regenerator|Spore,SludgeBomb,RagePowder,Protect|||M|||50|,,,,,Water]Primarina||MysticWater|LiquidVoice|HyperVoice,Moonblast,Haze,Protect|||M|||50|,,,,,Steel
|c|☆Jakobtc|glhf
|inactive|Battle timer is ON: inactive players will automatically lose when time's up. (requested by Jakobtc)
|
|t:|1757911514
|teamsize|p1|4
|teamsize|p2|4
|start
|switch|p1a: Incineroar|Incineroar, L50, M|100/100
|switch|p1b: Basculegion|Basculegion, L50, M|100/100
|switch|p2a: Drifblim|Drifblim, L50, F|100/100
|switch|p2b: Indeedee|Indeedee, L50, M|100/100
|-fieldstart|move: Psychic Terrain|[from] ability: Psychic Surge|[of] p2b: Indeedee
|-enditem|p2a: Drifblim|Psychic Seed
|-boost|p2a: Drifblim|spd|1|[from] item: Psychic Seed
|-ability|p1a: Incineroar|Intimidate|boost
|-unboost|p2a: Drifblim|atk|1
|-unboost|p2b: Indeedee|atk|1
|turn|1
|
|t:|1757911533
|move|p2b: Indeedee|Protect|p2b: Indeedee
|-singleturn|p2b: Indeedee|Protect
|move|p1b: Basculegion|Protect|p1b: Basculegion
|-singleturn|p1b: Basculegion|Protect
|move|p2a: Drifblim|Will-O-Wisp|p1b: Basculegion
|-activate|p1b: Basculegion|move: Protect
|move|p1a: Incineroar|Knock Off|p2b: Indeedee
|-activate|p2b: Indeedee|move: Protect
|
|upkeep
|turn|2
|inactive|Cobrite has 30 seconds left.
|inactive|Cobrite has 20 seconds left.
|inactive|Cobrite has 15 seconds left.
|inactive|Jakobtc has 30 seconds left.
|inactive|Cobrite has 10 seconds left.
|inactive|Cobrite has 5 seconds left.
|
|t:|1757911585
|move|p2a: Drifblim|Tailwind|p2a: Drifblim
|-sidestart|p2: Jakobtc|move: Tailwind
|move|p2b: Indeedee|Expanding Force|p1b: Basculegion|[spread] p1b
|-immune|p1a: Incineroar
|-damage|p1b: Basculegion|45/100
|move|p1b: Basculegion|Wave Crash|p2a: Drifblim
|-damage|p2a: Drifblim|23/100
|-damage|p1b: Basculegion|14/100|[from] Recoil
|move|p1a: Incineroar|Knock Off|p2b: Indeedee
|-supereffective|p2b: Indeedee
|-enditem|p2b: Indeedee|Focus Sash
|-damage|p2b: Indeedee|1/100
|
|upkeep
|turn|3
|inactive|Jakobtc has 30 seconds left.
|inactive|Jakobtc has 20 seconds left.
|
|t:|1757911626
|switch|p2b: Amoonguss|Amoonguss, L50, M|100/100
|move|p1b: Basculegion|Protect|p1b: Basculegion
|-singleturn|p1b: Basculegion|Protect
|move|p2a: Drifblim|Acrobatics|p1b: Basculegion
|-activate|p1b: Basculegion|move: Protect
|move|p1a: Incineroar|Knock Off|p2b: Amoonguss
|-damage|p2b: Amoonguss|61/100
|-enditem|p2b: Amoonguss|Sitrus Berry|[from] move: Knock Off|[of] p1a: Incineroar
|
|upkeep
|turn|4
|inactive|Cobrite has 30 seconds left.
|inactive|Cobrite has 20 seconds left.
|
|t:|1757911666
|switch|p1b: Amoonguss|Amoonguss, L50, F|100/100
|move|p2b: Amoonguss|Protect|p2b: Amoonguss
|-singleturn|p2b: Amoonguss|Protect
|move|p2a: Drifblim|Acrobatics|p1b: Amoonguss
|-supereffective|p1b: Amoonguss
|-damage|p1b: Amoonguss|65/100
|move|p1a: Incineroar|Knock Off|p2a: Drifblim
|-supereffective|p2a: Drifblim
|-damage|p2a: Drifblim|0 fnt
|faint|p2a: Drifblim
|
|upkeep
|
|t:|1757911681
|switch|p2a: Garchomp|Garchomp, L50, F|100/100
|turn|5
|inactive|Cobrite has 30 seconds left.
|inactive|Jakobtc has 30 seconds left.
|inactive|Cobrite has 20 seconds left.
|
|t:|1757911718
|switch|p1a: Pelipper|Pelipper, L50, F|100/100
|-weather|RainDance|[from] ability: Drizzle|[of] p1a: Pelipper
|-terastallize|p2a: Garchomp|Ground
|move|p2b: Amoonguss|Rage Powder|p2b: Amoonguss
|-singleturn|p2b: Amoonguss|move: Rage Powder
|move|p2a: Garchomp|Stomping Tantrum|p1a: Pelipper
|-immune|p1a: Pelipper
|move|p1b: Amoonguss|Spore|p2a: Garchomp
|-status|p2a: Garchomp|slp|[from] move: Spore
|
|-weather|RainDance|[upkeep]
|-sideend|p2: Jakobtc|move: Tailwind
|-fieldend|move: Psychic Terrain
|upkeep
|turn|6
|inactive|Cobrite has 30 seconds left.
|
|t:|1757911752
|switch|p1b: Incineroar|Incineroar, L50, M|100/100
|-ability|p1b: Incineroar|Intimidate|boost
|-unboost|p2a: Garchomp|atk|1
|-unboost|p2b: Amoonguss|atk|1
|move|p2b: Amoonguss|Rage Powder|p2b: Amoonguss
|-singleturn|p2b: Amoonguss|move: Rage Powder
|cant|p2a: Garchomp|slp
|move|p1a: Pelipper|Tailwind|p1a: Pelipper
|-sidestart|p1: Cobrite|move: Tailwind
|
|-weather|RainDance|[upkeep]
|upkeep
|turn|7
|
|t:|1757911767
|cant|p2a: Garchomp|slp
|move|p2b: Amoonguss|Protect|p2b: Amoonguss
|-singleturn|p2b: Amoonguss|Protect
|move|p1a: Pelipper|Weather Ball|p2a: Garchomp
|-supereffective|p2a: Garchomp
|-damage|p2a: Garchomp|0 fnt
|faint|p2a: Garchomp
|move|p1b: Incineroar|Flare Blitz|p2b: Amoonguss
|-activate|p2b: Amoonguss|move: Protect
|
|-weather|RainDance|[upkeep]
|upkeep
|-message|Jakobtc forfeited.
|
|win|Cobrite
|l|☆Jakobtc
|player|p2|
||Cobrite is ready for game 2.
||Jakobtc is ready for game 2.
|uhtml|next|Next: Game 2 of 3
