|j|☆282839393m
|j|☆lucky777n
|html|282839393mlucky777n    
|uhtml|bestof|Game 1 of a best-of-3
|t:|1784008668
|gametype|doubles
|player|p1|282839393m|265|1051
|player|p2|lucky777n|boarder|1012
|gen|9
|tier|[Gen 9 Champions] VGC 2026 Reg M-B (Bo3)
|rated|
|rule|Species Clause: Limit one of each Pokémon
|rule|Item Clause: Limit 1 of each item
|clearpoke
|poke|p1|Zoroark-Hisui, L50, F|
|poke|p1|Maushold, L50|
|poke|p1|Gengar, L50, F|
|poke|p1|Incineroar, L50, F|
|poke|p1|Primarina, L50, M|
|poke|p1|Sableye, L50, F|
|poke|p2|Gengar, L50, F|
|poke|p2|Incineroar, L50, F|
|poke|p2|Snorlax, L50, F|
|poke|p2|Ninetales-Alola, L50, M|
|poke|p2|Kingambit, L50, M|
|poke|p2|Sneasler, L50, F|
|teampreview|4
|showteam|p1|Zoroark-Hisui||ChoiceScarf|Illusion|ShadowBall,Uturn,Trick,Protect|Modest||F|||50|]Maushold||FocusSash|FriendGuard|FollowMe,Encore,Uturn,Protect|Jolly|||||50|]Gengar||Gengarite|CursedBody|Protect,ShadowBall,Disable,PerishSong|Calm||F|||50|]Incineroar||PasshoBerry|Intimidate|FakeOut,PartingShot,Protect,ThroatChop|Impish||F|||50|]Primarina||SitrusBerry|Torrent|PerishSong,FlipTurn,Protect,Moonblast|Sassy||M|||50|]Sableye||RoseliBerry|Prankster|FakeOut,Disable,Encore,Detect|Impish||F|||50|
|showteam|p2|Gengar||Gengarite|CursedBody|ShadowBall,Disable,PerishSong,Protect|Timid||F|||50|]Incineroar||SitrusBerry|Intimidate|FakeOut,FlareBlitz,PartingShot,Protect|Relaxed||F|||50|]Snorlax||Leftovers|ThickFat|Fissure,Encore,Yawn,Protect|Relaxed||F|||50|]Ninetales-Alola||NeverMeltIce|SnowWarning|Blizzard,FreezeDry,Encore,Protect|Timid||M|||50|]Kingambit||BlackGlasses|Defiant|SuckerPunch,KowtowCleave,SwordsDance,Protect|Adamant||M|||50|]Sneasler||WhiteHerb|Unburden|FakeOut,CloseCombat,GunkShot,Protect|Jolly||F|||50|
|
|t:|1784008748
|teamsize|p1|4
|teamsize|p2|4
|start
|switch|p1a: Gengar|Gengar, L50, F|100/100
|switch|p1b: Maushold|Maushold, L50|100/100
|switch|p2a: Gengar|Gengar, L50, F|100/100
|switch|p2b: Kingambit|Kingambit, L50, M|100/100
|turn|1
|
|t:|1784008774
|detailschange|p2a: Gengar|Gengar-Mega, L50, F
|-mega|p2a: Gengar|Gengar|Gengarite
|move|p1a: Gengar|Shadow Ball|p2a: Gengar
|-supereffective|p2a: Gengar|1
|-damage|p2a: Gengar|5/100
|move|p1b: Maushold|Encore||[still]
|-fail|p1b: Maushold
|move|p2a: Gengar|Shadow Ball|p1a: Gengar
|-immune|p1a: Gengar
|move|p2b: Kingambit|Kowtow Cleave|p1a: Gengar
|-supereffective|p1a: Gengar|1
|-damage|p1a: Gengar|0 fnt
|replace|p1a: Zoroark|Zoroark-Hisui, L50, F
|-end|p1a: Zoroark|Illusion
|faint|p1a: Zoroark
|
|upkeep
|
|t:|1784008786
|switch|p1a: Gengar|Gengar, L50, F|100/100
|turn|2
|
|t:|1784008806
|switch|p2a: Incineroar|Incineroar, L50, F|100/100
|-ability|p2a: Incineroar|Intimidate|boost
|-unboost|p1a: Gengar|atk|1
|-unboost|p1b: Maushold|atk|1
|detailschange|p1a: Gengar|Gengar-Mega, L50, F
|-mega|p1a: Gengar|Gengar|Gengarite
|move|p1b: Maushold|Follow Me|p1b: Maushold
|-singleturn|p1b: Maushold|move: Follow Me
|move|p1a: Gengar|Perish Song|p1a: Gengar
|-start|p1a: Gengar|perish3|[silent]
|-start|p1b: Maushold|perish3|[silent]
|-start|p2a: Incineroar|perish3|[silent]
|-start|p2b: Kingambit|perish3|[silent]
|-fieldactivate|move: Perish Song
|move|p2b: Kingambit|Kowtow Cleave|p1b: Maushold
|-damage|p1b: Maushold|15/100
|
|-start|p1b: Maushold|perish3
|-start|p1a: Gengar|perish3
|-start|p2a: Incineroar|perish3
|-start|p2b: Kingambit|perish3
|upkeep
|turn|3
|
|t:|1784008864
|move|p1b: Maushold|Encore|p2b: Kingambit
|-start|p2b: Kingambit|Encore
|move|p1a: Gengar|Disable|p2b: Kingambit
|-start|p2b: Kingambit|Disable|Kowtow Cleave
|move|p2a: Incineroar|Flare Blitz|p1a: Gengar
|-damage|p1a: Gengar|61/100
|-damage|p2a: Incineroar|89/100|[from] Recoil
|cant|p2b: Kingambit|Disable|Kowtow Cleave
|
|-start|p1b: Maushold|perish2
|-start|p1a: Gengar|perish2
|-start|p2a: Incineroar|perish2
|-start|p2b: Kingambit|perish2
|upkeep
|turn|4
|l|☆lucky777n
|player|p2|
|j|☆lucky777n
|player|p2|lucky777n|boarder|
|
|t:|1784008897
|move|p1b: Maushold|Encore|p2a: Incineroar
|-start|p2a: Incineroar|Encore
|move|p1a: Gengar|Disable|p2a: Incineroar
|-start|p2a: Incineroar|Disable|Flare Blitz
|cant|p2a: Incineroar|Disable|Flare Blitz
|-activate|p2b: Kingambit|move: Struggle
|move|p2b: Kingambit|Struggle|p1b: Maushold
|-damage|p1b: Maushold|0 fnt
|faint|p1b: Maushold
|-damage|p2b: Kingambit|74/100|[from] recoil
|
|-start|p1a: Gengar|perish1
|-start|p2a: Incineroar|perish1
|-start|p2b: Kingambit|perish1
|upkeep
|inactive|Battle timer is ON: inactive players will automatically lose when time's up. (requested by 282839393m)
|
|t:|1784008904
|switch|p1b: Primarina|Primarina, L50, M|100/100
|turn|5
|
|t:|1784008916
|move|p1a: Gengar|Protect|p1a: Gengar
|-singleturn|p1a: Gengar|Protect
|move|p1b: Primarina|Protect|p1b: Primarina
|-singleturn|p1b: Primarina|Protect
|-activate|p2a: Incineroar|move: Struggle
|move|p2a: Incineroar|Struggle|p1a: Gengar
|-activate|p1a: Gengar|move: Protect
|-activate|p2b: Kingambit|move: Struggle
|move|p2b: Kingambit|Struggle|p1a: Gengar
|-activate|p1a: Gengar|move: Protect
|
|-end|p2b: Kingambit|Encore
|-start|p1a: Gengar|perish0
|-start|p2a: Incineroar|perish0
|-start|p2b: Kingambit|perish0
|faint|p1a: Gengar
|faint|p2a: Incineroar
|faint|p2b: Kingambit
|upkeep
|
|t:|1784008923
|switch|p2a: Ninetales|Ninetales-Alola, L50, M|100/100
|switch|p2b: Gengar|Gengar-Mega, L50, F|5/100
|-weather|Snowscape|[from] ability: Snow Warning|[of] p2a: Ninetales
|turn|6
|
|t:|1784008937
|move|p2b: Gengar|Shadow Ball|p1b: Primarina
|-damage|p1b: Primarina|70/100
|move|p2a: Ninetales|Freeze-Dry|p1b: Primarina
|-supereffective|p1b: Primarina|1
|-damage|p1b: Primarina|35/100
|-enditem|p1b: Primarina|Sitrus Berry|[eat]
|-heal|p1b: Primarina|59/100|[from] item: Sitrus Berry
|move|p1b: Primarina|Moonblast|p2b: Gengar
|-resisted|p2b: Gengar|1
|-damage|p2b: Gengar|0 fnt
|faint|p2b: Gengar
|
|-weather|Snowscape|[upkeep]
|upkeep
|turn|7
|l|☆lucky777n
|inactive|lucky777n disconnected and has a minute to reconnect!
|player|p2|
|inactive|lucky777n has 30 seconds left.
|inactive|lucky777n has 20 seconds left.
|inactive|lucky777n has 15 seconds left.
|inactive|lucky777n has 10 seconds left.
|inactive|lucky777n has 5 seconds left.
|j|☆lucky777n
|inactive|lucky777n reconnected and has 5 seconds left.
|player|p2|lucky777n|boarder|
|
|t:|1784008992
|move|p2a: Ninetales|Blizzard|p1b: Primarina
|-resisted|p1b: Primarina|1
|-damage|p1b: Primarina|47/100
|move|p1b: Primarina|Perish Song|p1b: Primarina
|-start|p1b: Primarina|perish3|[silent]
|-start|p2a: Ninetales|perish3|[silent]
|-fieldactivate|move: Perish Song
|
|-weather|Snowscape|[upkeep]
|-start|p2a: Ninetales|perish3
|-start|p1b: Primarina|perish3
|upkeep
|turn|8
|
|t:|1784008997
|move|p1b: Primarina|Protect|p1b: Primarina
|-singleturn|p1b: Primarina|Protect
|move|p2a: Ninetales|Blizzard|p1b: Primarina
|-activate|p1b: Primarina|move: Protect
|
|-weather|Snowscape|[upkeep]
|-start|p2a: Ninetales|perish2
|-start|p1b: Primarina|perish2
|upkeep
|turn|9
|
|t:|1784009009
|move|p1b: Primarina|Protect||[still]
|-fail|p1b: Primarina
|move|p2a: Ninetales|Encore|p1b: Primarina
|-start|p1b: Primarina|Encore
|
|-weather|Snowscape|[upkeep]
|-start|p2a: Ninetales|perish1
|-start|p1b: Primarina|perish1
|upkeep
|turn|10
|
|t:|1784009016
|move|p1b: Primarina|Protect|p1b: Primarina
|-singleturn|p1b: Primarina|Protect
|move|p2a: Ninetales|Blizzard|p1b: Primarina
|-activate|p1b: Primarina|move: Protect
|
|-weather|none
|-start|p2a: Ninetales|perish0
|-start|p1b: Primarina|perish0
|faint|p2a: Ninetales
|faint|p1b: Primarina
|
|win|282839393m
||lucky777n is ready for game 2.
||282839393m is ready for game 2.
|uhtml|next|Next: Game 2 of 3
|l|☆lucky777n
|player|p2|
|j|☆lucky777n
|player|p2|lucky777n|boarder|
