|j|☆markingdra
|j|☆lancerh
|html|markingdralancerh    
|uhtml|bestof|Game 3 of a best-of-3
|t:|1757728125
|gametype|doubles
|player|p1|markingdra|unknown|1202
|player|p2|lancerh|169|1181
|gen|9
|tier|[Gen 9] VGC 2025 Reg H (Bo3)
|rated|
|rule|Species Clause: Limit one of each Pokémon
|rule|Item Clause: Limit 1 of each item
|clearpoke
|poke|p1|Archaludon, L50, F|
|poke|p1|Rillaboom, L50, F|
|poke|p1|Basculegion, L50, M|
|poke|p1|Kingambit, L50, M|
|poke|p1|Pelipper, L50, F|
|poke|p1|Electabuzz, L50, M|
|poke|p2|Indeedee-F, L50, F|
|poke|p2|Torkoal, L50, F|
|poke|p2|Ursaluna-Bloodmoon, L50, M|
|poke|p2|Hatterene, L50, F|
|poke|p2|Armarouge, L50, F|
|poke|p2|Annihilape, L50, F|
|teampreview|4
|showteam|p1|Archaludon||AssaultVest|Stamina|ElectroShot,DracoMeteor,FlashCannon,BodyPress|||F|||50|,,,,,Bug]Rillaboom||LoadedDice|GrassySurge|BulletSeed,GrassyGlide,FakeOut,HighHorsepower|||F|||50|,,,,,Fire]Basculegion||ChoiceBand|SwiftSwim|WaveCrash,LastRespects,FlipTurn,AquaJet|||M|||50|,,,,,Grass]Kingambit||BlackGlasses|Defiant|KowtowCleave,SuckerPunch,SwordsDance,Protect|||M|||50|,,,,,Dark]Pelipper||FocusSash|Drizzle|WeatherBall,Hurricane,Tailwind,Protect|||F|||50|,,,,,Ghost]Electabuzz||Eviolite|VitalSpirit|Electroweb,Taunt,FollowMe,Protect|||M|||50|,,,,,Ghost
|showteam|p2|Indeedee-F||PsychicSeed|PsychicSurge|FollowMe,TrickRoom,Psychic,HelpingHand|||F|||50|,,,,,Water]Torkoal||ChoiceSpecs|Drought|Eruption,HeatWave,ClearSmog,WeatherBall|||F|||50|,,,,,Fire]Ursaluna-Bloodmoon||AssaultVest|MindsEye|BloodMoon,HyperVoice,VacuumWave,EarthPower|||M|||50|,,,,,Ghost]Hatterene||LifeOrb|MagicBounce|ExpandingForce,DazzlingGleam,Protect,TrickRoom|||F|||50|,,,,,Psychic]Armarouge||PowerHerb|FlashFire|ExpandingForce,HeatWave,MeteorBeam,Protect|||F|||50|,,,,,Grass]Annihilape||SafetyGoggles|Defiant|CloseCombat,FinalGambit,RageFist,Protect|||F|||50|,,,,,Ghost
|inactive|Battle timer is ON: inactive players will automatically lose when time's up. (requested by lancerh)
|
|t:|1757728187
|teamsize|p1|4
|teamsize|p2|4
|start
|switch|p1a: Basculegion|Basculegion, L50, M, shiny|100/100
|switch|p1b: Electabuzz|Electabuzz, L50, M, shiny|100/100
|switch|p2a: Indeedee|Indeedee-F, L50, F|100/100
|switch|p2b: Annihilape|Annihilape, L50, F|100/100
|-fieldstart|move: Psychic Terrain|[from] ability: Psychic Surge|[of] p2a: Indeedee
|-enditem|p2a: Indeedee|Psychic Seed
|-boost|p2a: Indeedee|spd|1|[from] item: Psychic Seed
|turn|1
|inactive|lancerh has 30 seconds left.
|inactive|lancerh has 20 seconds left.
|inactive|lancerh has 15 seconds left.
|inactive|lancerh has 10 seconds left.
|
|t:|1757728233
|move|p1b: Electabuzz|Follow Me|p1b: Electabuzz
|-singleturn|p1b: Electabuzz|move: Follow Me
|move|p2b: Annihilape|Close Combat|p1b: Electabuzz
|-damage|p1b: Electabuzz|65/100
|-unboost|p2b: Annihilape|def|1
|-unboost|p2b: Annihilape|spd|1
|move|p1a: Basculegion|Flip Turn|p2a: Indeedee
|-damage|p2a: Indeedee|58/100
|
|t:|1757728242
|switch|p1a: Rillaboom|Rillaboom, L50, F, shiny|100/100|[from] Flip Turn
|-fieldstart|move: Grassy Terrain|[from] ability: Grassy Surge|[of] p1a: Rillaboom
|move|p2a: Indeedee|Psychic|p1b: Electabuzz
|-damage|p1b: Electabuzz|42/100
|
|-heal|p1b: Electabuzz|48/100|[from] Grassy Terrain
|-heal|p2a: Indeedee|64/100|[from] Grassy Terrain
|upkeep
|turn|2
|
|t:|1757728265
|switch|p2a: Armarouge|Armarouge, L50, F|100/100
|move|p1a: Rillaboom|Grassy Glide|p2b: Annihilape
|-damage|p2b: Annihilape|42/100
|move|p2b: Annihilape|Close Combat|p1b: Electabuzz
|-damage|p1b: Electabuzz|14/100
|-unboost|p2b: Annihilape|def|1
|-unboost|p2b: Annihilape|spd|1
|move|p1b: Electabuzz|Taunt|p2a: Armarouge
|-start|p2a: Armarouge|move: Taunt
|
|-heal|p2b: Annihilape|48/100|[from] Grassy Terrain
|-heal|p1b: Electabuzz|20/100|[from] Grassy Terrain
|upkeep
|turn|3
|inactive|lancerh has 30 seconds left.
|inactive|lancerh has 20 seconds left.
|
|t:|1757728303
|switch|p2b: Indeedee|Indeedee-F, L50, F|64/100
|-fieldstart|move: Psychic Terrain|[from] ability: Psychic Surge|[of] p2b: Indeedee
|-terastallize|p1a: Rillaboom|Fire
|move|p1b: Electabuzz|Electroweb|p2b: Indeedee|[spread] p2a,p2b
|-damage|p2a: Armarouge|86/100
|-damage|p2b: Indeedee|51/100
|-unboost|p2a: Armarouge|spe|1
|-unboost|p2b: Indeedee|spe|1
|move|p1a: Rillaboom|Grassy Glide|p2b: Indeedee
|-damage|p2b: Indeedee|27/100
|move|p2a: Armarouge|Expanding Force|p1a: Rillaboom|[spread] p1a,p1b
|-damage|p1a: Rillaboom|37/100
|-damage|p1b: Electabuzz|0 fnt
|faint|p1b: Electabuzz
|
|upkeep
|
|t:|1757728313
|switch|p1b: Basculegion|Basculegion, L50, M, shiny|100/100
|turn|4
|
|t:|1757728328
|switch|p2b: Torkoal|Torkoal, L50, F|100/100
|-weather|SunnyDay|[from] ability: Drought|[of] p2b: Torkoal
|-terastallize|p2a: Armarouge|Grass
|move|p1b: Basculegion|Flip Turn|p2b: Torkoal
|-supereffective|p2b: Torkoal
|-damage|p2b: Torkoal|65/100
|
|t:|1757728334
|switch|p1b: Pelipper|Pelipper, L50, F|100/100|[from] Flip Turn
|-weather|RainDance|[from] ability: Drizzle|[of] p1b: Pelipper
|move|p1a: Rillaboom|High Horsepower|p2a: Armarouge
|-resisted|p2a: Armarouge
|-damage|p2a: Armarouge|72/100
|move|p2a: Armarouge|Expanding Force|p1b: Pelipper|[spread] p1a,p1b
|-damage|p1a: Rillaboom|0 fnt
|-enditem|p1b: Pelipper|Focus Sash
|-damage|p1b: Pelipper|1/100
|faint|p1a: Rillaboom
|
|-weather|RainDance|[upkeep]
|-end|p2a: Armarouge|move: Taunt
|upkeep
|
|t:|1757728339
|switch|p1a: Basculegion|Basculegion, L50, M, shiny|100/100
|turn|5
|
|t:|1757728355
|switch|p2b: Annihilape|Annihilape, L50, F|48/100
|move|p2a: Armarouge|Protect|p2a: Armarouge
|-singleturn|p2a: Armarouge|Protect
|move|p1a: Basculegion|Wave Crash|p2b: Annihilape
|-damage|p2b: Annihilape|0 fnt
|faint|p2b: Annihilape
|-damage|p1a: Basculegion|83/100|[from] Recoil
|move|p1b: Pelipper|Hurricane|p2a: Armarouge
|-activate|p2a: Armarouge|move: Protect
|
|-weather|RainDance|[upkeep]
|upkeep
|
|t:|1757728364
|switch|p2b: Torkoal|Torkoal, L50, F|65/100
|-weather|SunnyDay|[from] ability: Drought|[of] p2b: Torkoal
|turn|6
|
|t:|1757728381
|switch|p2a: Indeedee|Indeedee-F, L50, F|27/100
|move|p1a: Basculegion|Wave Crash|p2b: Torkoal
|-supereffective|p2b: Torkoal
|-damage|p2b: Torkoal|0 fnt
|faint|p2b: Torkoal
|-damage|p1a: Basculegion|64/100|[from] Recoil
|move|p1b: Pelipper|Hurricane|p2a: Indeedee
|-crit|p2a: Indeedee
|-damage|p2a: Indeedee|0 fnt
|faint|p2a: Indeedee
|
|-weather|SunnyDay|[upkeep]
|upkeep
|
|t:|1757728387
|switch|p2b: Armarouge|Armarouge, L50, F, tera:Grass|72/100
|turn|7
|
|t:|1757728412
|move|p1a: Basculegion|Wave Crash|p2b: Armarouge
|-resisted|p2b: Armarouge
|-damage|p2b: Armarouge|50/100
|-damage|p1a: Basculegion|56/100|[from] Recoil
|move|p1b: Pelipper|Hurricane|p2b: Armarouge
|-supereffective|p2b: Armarouge
|-damage|p2b: Armarouge|0 fnt
|faint|p2b: Armarouge
|
|win|markingdra
|raw|markingdra's rating: 1202 → 1225(+23 for winning)
|raw|lancerh's rating: 1181 → 1158(-23 for losing)
