|j|☆SeymoursLeftToeVGC
|j|☆MoliSodio
|html|SeymoursLeftToeVGCMoliSodio    
|uhtml|bestof|Game 1 of a best-of-3
|t:|1782261068
|gametype|doubles
|player|p1|SeymoursLeftToeVGC|ninjaboy|1101
|player|p2|MoliSodio|rosa|1046
|gen|9
|tier|[Gen 9 Champions] VGC 2026 Reg M-B (Bo3)
|rated|
|rule|Species Clause: Limit one of each Pokémon
|rule|Item Clause: Limit 1 of each item
|clearpoke
|poke|p1|Whimsicott, L50, F, shiny|
|poke|p1|Typhlosion-Hisui, L50, M, shiny|
|poke|p1|Farigiraf, L50, M|
|poke|p1|Sceptile, L50, M, shiny|
|poke|p1|Rotom-Wash, L50, shiny|
|poke|p1|Tyranitar, L50, F, shiny|
|poke|p2|Staraptor, L50, F|
|poke|p2|Grimmsnarl, L50, M|
|poke|p2|Aerodactyl, L50, M|
|poke|p2|Sylveon, L50, M|
|poke|p2|Sinistcha-Masterpiece, L50|
|poke|p2|Gholdengo, L50|
|teampreview|4
|showteam|p1|Whimsicott||FocusSash|Prankster|Moonblast,FakeTears,SunnyDay,Tailwind|Modest||F|||50|]Typhlosion-Hisui||Charcoal|Blaze|Eruption,Protect,ShadowBall,HeatWave|Modest||M|||50|]Farigiraf||LifeOrb|ArmorTail|HyperVoice,TwinBeam,Protect,HelpingHand|Modest||M|||50|]Sceptile||Sceptilite|Overgrow|FrenzyPlant,DragonPulse,Protect,GigaDrain|Timid||M|||50|]Rotom-Wash||ChoiceScarf|Levitate|HydroPump,Discharge,VoltSwitch,Electroweb|Timid|||||50|]Tyranitar||Tyranitarite|SandStream|RockSlide,KnockOff,Protect,DragonDance|Adamant||F|||50|
|showteam|p2|Staraptor||Staraptite|Intimidate|CloseCombat,BraveBird,Roost,Protect|Jolly||F|||50|]Grimmsnarl||LightClay|Prankster|ScaryFace,SpiritBreak,PartingShot,Reflect|Impish||M|||50|]Aerodactyl||FocusSash|Unnerve|Tailwind,DualWingbeat,RockSlide,Protect|Jolly||M|||50|]Sylveon||Leftovers|Pixilate|HyperBeam,HyperVoice,Protect,QuickAttack|Modest||M|||50|]Sinistcha-Masterpiece|||Hospitality|TrickRoom,MatchaGotcha,StrengthSap,RagePowder|Relaxed|||||50|]Gholdengo||LifeOrb|GoodasGold|MakeItRain,ShadowBall,Protect,PowerGem|Modest|||||50|
|inactive|Battle timer is ON: inactive players will automatically lose when time's up. (requested by SeymoursLeftToeVGC)
|inactive|SeymoursLeftToeVGC has 60 seconds left.
|inactive|MoliSodio has 60 seconds left.
|inactive|SeymoursLeftToeVGC has 30 seconds left.
|inactive|MoliSodio has 30 seconds left.
|inactive|SeymoursLeftToeVGC has 20 seconds left.
|inactive|MoliSodio has 20 seconds left.
|inactive|MoliSodio has 15 seconds left.
|inactive|MoliSodio has 10 seconds left.
|
|t:|1782261149
|teamsize|p1|4
|teamsize|p2|4
|start
|switch|p1a: Whimsicott|Whimsicott, L50, F, shiny|100/100
|switch|p1b: Typhlosion|Typhlosion-Hisui, L50, M, shiny|100/100
|switch|p2a: Gholdengo|Gholdengo, L50|100/100
|switch|p2b: Grimmsnarl|Grimmsnarl, L50, M|100/100
|turn|1
|inactive|MoliSodio has 30 seconds left.
|inactive|MoliSodio has 20 seconds left.
|inactive|MoliSodio has 15 seconds left.
|inactive|MoliSodio has 10 seconds left.
|inactive|MoliSodio has 5 seconds left.
|
|t:|1782261204
|move|p1a: Whimsicott|Tailwind|p1a: Whimsicott
|-sidestart|p1: SeymoursLeftToeVGC|move: Tailwind
|move|p2b: Grimmsnarl|Scary Face|p1b: Typhlosion
|-unboost|p1b: Typhlosion|spe|2
|move|p1b: Typhlosion|Eruption|p2a: Gholdengo|[spread] p2a,p2b
|-supereffective|p2a: Gholdengo|1
|-damage|p2a: Gholdengo|0 fnt
|-damage|p2b: Grimmsnarl|24/100
|faint|p2a: Gholdengo
|
|upkeep
|
|t:|1782261221
|switch|p2a: Aerodactyl|Aerodactyl, L50, M|100/100
|-ability|p2a: Aerodactyl|Unnerve
|turn|2
|
|t:|1782261233
|switch|p1b: Farigiraf|Farigiraf, L50, M|100/100
|move|p2b: Grimmsnarl|Parting Shot||[still]
|cant|p1b: Farigiraf|ability: Armor Tail|Parting Shot|[of] p2b: Grimmsnarl
|move|p1a: Whimsicott|Moonblast|p2b: Grimmsnarl
|-supereffective|p2b: Grimmsnarl|1
|-damage|p2b: Grimmsnarl|0 fnt
|faint|p2b: Grimmsnarl
|move|p2a: Aerodactyl|Tailwind|p2a: Aerodactyl
|-sidestart|p2: MoliSodio|move: Tailwind
|
|upkeep
|
|t:|1782261242
|switch|p2b: Staraptor|Staraptor, L50, F|100/100
|-ability|p2b: Staraptor|Intimidate|boost
|-unboost|p1a: Whimsicott|atk|1
|-unboost|p1b: Farigiraf|atk|1
|turn|3
|inactive|MoliSodio has 30 seconds left.
|
|t:|1782261268
|detailschange|p2b: Staraptor|Staraptor-Mega, L50, F
|-mega|p2b: Staraptor|Staraptor|Staraptite
|move|p2a: Aerodactyl|Dual Wingbeat|p1a: Whimsicott
|-supereffective|p1a: Whimsicott|1
|-damage|p1a: Whimsicott|45/100
|-supereffective|p1a: Whimsicott|1
|-damage|p1a: Whimsicott|0 fnt
|faint|p1a: Whimsicott
|-hitcount|p1: Whimsicott|2
|move|p2b: Staraptor|Close Combat|p1b: Farigiraf
|-damage|p1b: Farigiraf|23/100
|-boost|p2b: Staraptor|def|1
|-boost|p2b: Staraptor|spd|1
|move|p1b: Farigiraf|Twin Beam|p2b: Staraptor
|-supereffective|p2b: Staraptor|1
|-damage|p2b: Staraptor|59/100
|-supereffective|p2b: Staraptor|1
|-damage|p2b: Staraptor|15/100
|-hitcount|p2b: Staraptor|2
|-damage|p1b: Farigiraf|14/100|[from] item: Life Orb
|
|upkeep
|
|t:|1782261287
|switch|p1a: Typhlosion|Typhlosion-Hisui, L50, M, shiny|100/100
|turn|4
|
|t:|1782261301
|move|p1b: Farigiraf|Protect|p1b: Farigiraf
|-singleturn|p1b: Farigiraf|Protect
|move|p2a: Aerodactyl|Rock Slide|p1a: Typhlosion|[spread] p1a
|-activate|p1b: Farigiraf|move: Protect
|-supereffective|p1a: Typhlosion|1
|-damage|p1a: Typhlosion|26/100
|move|p2b: Staraptor|Roost|p2b: Staraptor
|-heal|p2b: Staraptor|65/100
|-singleturn|p2b: Staraptor|move: Roost
|move|p1a: Typhlosion|Heat Wave|p2b: Staraptor|[spread] p2a,p2b
|-resisted|p2a: Aerodactyl|1
|-damage|p2a: Aerodactyl|47/100
|-damage|p2b: Staraptor|5/100
|
|-sideend|p1: SeymoursLeftToeVGC|move: Tailwind
|upkeep
|turn|5
|inactive|SeymoursLeftToeVGC has 30 seconds left.
|inactive|MoliSodio has 30 seconds left.
|
|t:|1782261329
|move|p1a: Typhlosion|Protect|p1a: Typhlosion
|-singleturn|p1a: Typhlosion|Protect
|move|p2a: Aerodactyl|Rock Slide|p1a: Typhlosion|[spread] p1b
|-activate|p1a: Typhlosion|move: Protect
|-damage|p1b: Farigiraf|0 fnt
|faint|p1b: Farigiraf
|move|p2b: Staraptor|Roost|p2b: Staraptor
|-heal|p2b: Staraptor|55/100
|-singleturn|p2b: Staraptor|move: Roost
|
|-sideend|p2: MoliSodio|move: Tailwind
|upkeep
|
|t:|1782261339
|switch|p1b: Tyranitar|Tyranitar, L50, F, shiny|100/100
|-weather|Sandstorm|[from] ability: Sand Stream|[of] p1b: Tyranitar
|turn|6
|
|t:|1782261358
|detailschange|p1b: Tyranitar|Tyranitar-Mega, L50, F, shiny
|-mega|p1b: Tyranitar|Tyranitar|Tyranitarite
|move|p2a: Aerodactyl|Rock Slide|p1a: Typhlosion|[spread] p1a,p1b
|-supereffective|p1a: Typhlosion|1
|-crit|p1a: Typhlosion
|-damage|p1a: Typhlosion|0 fnt
|-damage|p1b: Tyranitar|80/100
|faint|p1a: Typhlosion
|move|p2b: Staraptor|Close Combat|p1b: Tyranitar
|-supereffective|p1b: Tyranitar|2
|-damage|p1b: Tyranitar|0 fnt
|-boost|p2b: Staraptor|def|1
|-boost|p2b: Staraptor|spd|1
|faint|p1b: Tyranitar
|
|win|MoliSodio
