|j|☆circuitosomador
|j|☆gluttorn
|html|circuitosomadorgluttorn    
|uhtml|bestof|Game 2 of a best-of-3
|t:|1783135017
|gametype|doubles
|player|p1|circuitosomador|norman|1134
|player|p2|gluttorn|169|1138
|gen|9
|tier|[Gen 9 Champions] VGC 2026 Reg M-B (Bo3)
|rated|
|rule|Species Clause: Limit one of each Pokémon
|rule|Item Clause: Limit 1 of each item
|clearpoke
|poke|p1|Excadrill, L50, F|
|poke|p1|Tyranitar, L50, M|
|poke|p1|Corviknight, L50, F|
|poke|p1|Rotom-Wash, L50|
|poke|p1|Delphox, L50, M|
|poke|p1|Kommo-o, L50, F|
|poke|p2|Scrafty, L50, M|
|poke|p2|Torkoal, L50, F|
|poke|p2|Farigiraf, L50, F|
|poke|p2|Hatterene, L50, F|
|poke|p2|Vileplume, L50, F|
|poke|p2|Lucario, L50, F|
|teampreview|4
|showteam|p1|Excadrill||FocusSash|SandRush|Earthquake,IronHead,HighHorsepower,Protect|Adamant||F|||50|]Tyranitar||Tyranitarite|SandStream|Crunch,RockSlide,Protect,IcePunch|Adamant||M|||50|]Corviknight||Leftovers|MirrorArmor|BraveBird,BulkUp,Roost,Tailwind|Adamant||F|||50|]Rotom-Wash||SitrusBerry|Levitate|Thunderbolt,HydroPump,WillOWisp,Protect|Bold|||||50|]Delphox||Delphoxite|Blaze|Psychic,HeatWave,NastyPlot,Protect|Timid||M|||50|]Kommo-o||ChoiceScarf|Soundproof|ClangingScales,DracoMeteor,AuraSphere,Flamethrower|Modest||F|||50|
|showteam|p2|Scrafty||Scraftinite|Intimidate|FakeOut,KnockOff,DrainPunch,RockSlide|Brave||M|||50|]Torkoal||Charcoal|Drought|EarthPower,HeatWave,Eruption,Protect|Quiet||F|||50|]Farigiraf||MentalHerb|ArmorTail|Protect,HelpingHand,TrickRoom,Psychic|Calm||F|||50|]Hatterene||LifeOrb|MagicBounce|DazzlingGleam,Psychic,TrickRoom,Protect|Modest||F|||50|]Vileplume||FocusSash|Chlorophyll|AfterYou,Protect,EnergyBall,SludgeBomb|Timid||F|||50|]Lucario||Lucarionite|InnerFocus|ThunderPunch,BulletPunch,CloseCombat,Protect|Adamant||F|||50|
|inactive|Battle timer is ON: inactive players will automatically lose when time's up. (requested by gluttorn)
|inactive|circuitosomador has 60 seconds left.
|
|t:|1783135082
|teamsize|p1|4
|teamsize|p2|4
|start
|switch|p1a: Kommo-o|Kommo-o, L50, F|100/100
|switch|p1b: Delphox|Delphox, L50, M|100/100
|switch|p2a: Scrafty|Scrafty, L50, M|100/100
|switch|p2b: Farigiraf|Farigiraf, L50, F|100/100
|-ability|p2a: Scrafty|Intimidate|boost
|-unboost|p1a: Kommo-o|atk|1
|-unboost|p1b: Delphox|atk|1
|turn|1
|
|t:|1783135101
|switch|p1b: Corviknight|Corviknight, L50, F|100/100
|move|p2a: Scrafty|Fake Out|p1b: Corviknight
|-resisted|p1b: Corviknight|1
|-damage|p1b: Corviknight|95/100
|move|p1a: Kommo-o|Clanging Scales|p2a: Scrafty|[spread] p2a,p2b
|-damage|p2a: Scrafty|66/100
|-damage|p2b: Farigiraf|68/100
|-unboost|p1a: Kommo-o|def|1
|move|p2b: Farigiraf|Trick Room|p2b: Farigiraf
|-fieldstart|move: Trick Room|[of] p2b: Farigiraf
|
|-heal|p1b: Corviknight|100/100|[from] item: Leftovers
|upkeep
|turn|2
|inactive|gluttorn has 30 seconds left.
|
|t:|1783135133
|switch|p2a: Torkoal|Torkoal, L50, F|100/100
|-weather|SunnyDay|[from] ability: Drought|[of] p2a: Torkoal
|switch|p1a: Delphox|Delphox, L50, M|100/100
|move|p2b: Farigiraf|Psychic|p1a: Delphox
|-resisted|p1a: Delphox|1
|-damage|p1a: Delphox|82/100
|move|p1b: Corviknight|Brave Bird|p2a: Torkoal
|-damage|p2a: Torkoal|63/100
|-damage|p1b: Corviknight|89/100|[from] Recoil
|
|-weather|SunnyDay|[upkeep]
|-heal|p1b: Corviknight|95/100|[from] item: Leftovers
|upkeep
|turn|3
|inactive|gluttorn has 30 seconds left.
|inactive|circuitosomador has 30 seconds left.
|
|t:|1783135165
|switch|p2b: Scrafty|Scrafty, L50, M|66/100
|-ability|p2b: Scrafty|Intimidate|boost
|-unboost|p1a: Delphox|atk|1
|-ability|p1b: Corviknight|Mirror Armor
|-unboost|p2b: Scrafty|atk|1
|switch|p1b: Tyranitar|Tyranitar, L50, M|100/100
|-weather|Sandstorm|[from] ability: Sand Stream|[of] p1b: Tyranitar
|detailschange|p1a: Delphox|Delphox-Mega, L50, M
|-mega|p1a: Delphox|Delphox|Delphoxite
|move|p2a: Torkoal|Heat Wave|p1a: Delphox|[spread] p1a,p1b
|-resisted|p1a: Delphox|1
|-resisted|p1b: Tyranitar|1
|-damage|p1a: Delphox|65/100
|-damage|p1b: Tyranitar|89/100
|move|p1a: Delphox|Heat Wave|p2b: Scrafty|[spread] p2a
|-miss|p1a: Delphox|p2b: Scrafty
|-resisted|p2a: Torkoal|1
|-damage|p2a: Torkoal|40/100
|
|-weather|Sandstorm|[upkeep]
|-damage|p2a: Torkoal|34/100|[from] Sandstorm
|-damage|p2b: Scrafty|60/100|[from] Sandstorm
|-damage|p1a: Delphox|59/100|[from] Sandstorm
|upkeep
|turn|4
|inactive|circuitosomador has 30 seconds left.
|inactive|gluttorn has 30 seconds left.
|inactive|gluttorn has 20 seconds left.
|inactive|gluttorn has 15 seconds left.
|inactive|gluttorn has 10 seconds left.
|
|t:|1783135211
|detailschange|p2b: Scrafty|Scrafty-Mega, L50, M
|-mega|p2b: Scrafty|Scrafty|Scraftinite
|-ability|p2b: Scrafty|Intimidate|boost
|-unboost|p1a: Delphox|atk|1
|-unboost|p1b: Tyranitar|atk|1
|move|p1b: Tyranitar|Protect|p1b: Tyranitar
|-singleturn|p1b: Tyranitar|Protect
|move|p1a: Delphox|Protect|p1a: Delphox
|-singleturn|p1a: Delphox|Protect
|move|p2a: Torkoal|Heat Wave|p1b: Tyranitar|[spread] 
|-activate|p1a: Delphox|move: Protect
|-activate|p1b: Tyranitar|move: Protect
|move|p2b: Scrafty|Knock Off|p1a: Delphox
|-activate|p1a: Delphox|move: Protect
|
|-weather|Sandstorm|[upkeep]
|-damage|p2a: Torkoal|28/100|[from] Sandstorm
|-damage|p2b: Scrafty|54/100|[from] Sandstorm
|-damage|p1a: Delphox|53/100|[from] Sandstorm
|upkeep
|turn|5
|inactive|gluttorn has 30 seconds left.
|
|t:|1783135239
|switch|p2a: Hatterene|Hatterene, L50, F|100/100
|switch|p1b: Kommo-o|Kommo-o, L50, F|100/100
|move|p2b: Scrafty|Knock Off|p1a: Delphox
|-supereffective|p1a: Delphox|1
|-damage|p1a: Delphox|0 fnt
|faint|p1a: Delphox
|
|-weather|Sandstorm|[upkeep]
|-damage|p2a: Hatterene|93/100|[from] Sandstorm
|-damage|p2b: Scrafty|48/100|[from] Sandstorm
|-damage|p1b: Kommo-o|94/100|[from] Sandstorm
|-fieldend|move: Trick Room
|upkeep
|
|t:|1783135249
|switch|p1a: Corviknight|Corviknight, L50, F|95/100
|turn|6
|
|t:|1783135271
|switch|p2b: Torkoal|Torkoal, L50, F|28/100
|-weather|SunnyDay|[from] ability: Drought|[of] p2b: Torkoal
|move|p1b: Kommo-o|Draco Meteor|p2b: Torkoal
|-damage|p2b: Torkoal|0 fnt
|-unboost|p1b: Kommo-o|spa|2
|faint|p2b: Torkoal
|move|p1a: Corviknight|Brave Bird|p2a: Hatterene
|-damage|p2a: Hatterene|37/100
|-damage|p1a: Corviknight|80/100|[from] Recoil
|move|p2a: Hatterene|Trick Room|p2a: Hatterene
|-fieldstart|move: Trick Room|[of] p2a: Hatterene
|
|-weather|SunnyDay|[upkeep]
|-heal|p1a: Corviknight|86/100|[from] item: Leftovers
|upkeep
|
|t:|1783135291
|switch|p2b: Scrafty|Scrafty-Mega, L50, M|48/100
|-ability|p2b: Scrafty|Intimidate|boost
|-ability|p1a: Corviknight|Mirror Armor
|-unboost|p2b: Scrafty|atk|1
|-unboost|p1b: Kommo-o|atk|1
|turn|7
|
|t:|1783135314
|move|p2a: Hatterene|Dazzling Gleam|p1b: Kommo-o|[spread] p1a,p1b
|-resisted|p1a: Corviknight|1
|-supereffective|p1b: Kommo-o|2
|-damage|p1a: Corviknight|63/100
|-damage|p1b: Kommo-o|0 fnt
|faint|p1b: Kommo-o
|-damage|p2a: Hatterene|27/100|[from] item: Life Orb
|move|p2b: Scrafty|Drain Punch|p1a: Corviknight
|-damage|p1a: Corviknight|37/100
|-heal|p2b: Scrafty|64/100|[from] drain|[of] p1a: Corviknight
|move|p1a: Corviknight|Brave Bird|p2a: Hatterene
|-damage|p2a: Hatterene|0 fnt
|faint|p2a: Hatterene
|-damage|p1a: Corviknight|29/100|[from] Recoil
|
|-weather|SunnyDay|[upkeep]
|-heal|p1a: Corviknight|35/100|[from] item: Leftovers
|upkeep
|
|t:|1783135337
|switch|p2a: Farigiraf|Farigiraf, L50, F|68/100
|switch|p1b: Tyranitar|Tyranitar, L50, M|89/100
|-weather|Sandstorm|[from] ability: Sand Stream|[of] p1b: Tyranitar
|turn|8
|
|t:|1783135348
|move|p2a: Farigiraf|Protect|p2a: Farigiraf
|-singleturn|p2a: Farigiraf|Protect
|move|p2b: Scrafty|Drain Punch|p1a: Corviknight
|-damage|p1a: Corviknight|10/100
|-heal|p2b: Scrafty|79/100|[from] drain|[of] p1a: Corviknight
|move|p1b: Tyranitar|Crunch|p2a: Farigiraf
|-activate|p2a: Farigiraf|move: Protect
|move|p1a: Corviknight|Roost|p1a: Corviknight
|-heal|p1a: Corviknight|60/100
|-singleturn|p1a: Corviknight|move: Roost
|
|-weather|Sandstorm|[upkeep]
|-damage|p2b: Scrafty|73/100|[from] Sandstorm
|-damage|p2a: Farigiraf|62/100|[from] Sandstorm
|-heal|p1a: Corviknight|66/100|[from] item: Leftovers
|upkeep
|turn|9
|inactive|circuitosomador has 30 seconds left.
|
|t:|1783135381
|move|p2b: Scrafty|Drain Punch|p1a: Corviknight
|-damage|p1a: Corviknight|43/100
|-heal|p2b: Scrafty|87/100|[from] drain|[of] p1a: Corviknight
|move|p2a: Farigiraf|Psychic|p1a: Corviknight
|-resisted|p1a: Corviknight|1
|-damage|p1a: Corviknight|27/100
|move|p1b: Tyranitar|Crunch|p2a: Farigiraf
|-supereffective|p2a: Farigiraf|1
|-damage|p2a: Farigiraf|0 fnt
|faint|p2a: Farigiraf
|move|p1a: Corviknight|Bulk Up|p1a: Corviknight
|-boost|p1a: Corviknight|atk|1
|-boost|p1a: Corviknight|def|1
|
|-weather|Sandstorm|[upkeep]
|-damage|p2b: Scrafty|81/100|[from] Sandstorm
|-heal|p1a: Corviknight|33/100|[from] item: Leftovers
|upkeep
|turn|10
|
|t:|1783135402
|move|p2b: Scrafty|Drain Punch|p1a: Corviknight
|-damage|p1a: Corviknight|15/100
|-heal|p2b: Scrafty|93/100|[from] drain|[of] p1a: Corviknight
|move|p1b: Tyranitar|Ice Punch|p2b: Scrafty
|-damage|p2b: Scrafty|70/100
|move|p1a: Corviknight|Roost|p1a: Corviknight
|-heal|p1a: Corviknight|65/100
|-singleturn|p1a: Corviknight|move: Roost
|
|-weather|Sandstorm|[upkeep]
|-damage|p2b: Scrafty|64/100|[from] Sandstorm
|-heal|p1a: Corviknight|71/100|[from] item: Leftovers
|-fieldend|move: Trick Room
|upkeep
|turn|11
|
|t:|1783135422
|move|p1a: Corviknight|Bulk Up|p1a: Corviknight
|-boost|p1a: Corviknight|atk|1
|-boost|p1a: Corviknight|def|1
|move|p1b: Tyranitar|Ice Punch|p2b: Scrafty
|-damage|p2b: Scrafty|40/100
|move|p2b: Scrafty|Drain Punch|p1b: Tyranitar
|-supereffective|p1b: Tyranitar|2
|-damage|p1b: Tyranitar|0 fnt
|-heal|p2b: Scrafty|94/100|[from] drain|[of] p1b: Tyranitar
|faint|p1b: Tyranitar
|
|-weather|Sandstorm|[upkeep]
|-damage|p2b: Scrafty|88/100|[from] Sandstorm
|-heal|p1a: Corviknight|77/100|[from] item: Leftovers
|upkeep
|turn|12
|
|t:|1783135439
|move|p1a: Corviknight|Brave Bird|p2b: Scrafty
|-supereffective|p2b: Scrafty|1
|-damage|p2b: Scrafty|0 fnt
|faint|p2b: Scrafty
|-damage|p1a: Corviknight|52/100|[from] Recoil
|
|win|circuitosomador
|raw|circuitosomador's rating: 1134 → 1159(+25 for winning)
|raw|gluttorn's rating: 1138 → 1113(-25 for losing)
