|j|☆Bigboyblue3451
|j|☆monsoonisbest
|html|Bigboyblue3451monsoonisbest    
|uhtml|bestof|Game 1 of a best-of-3
|t:|1782745019
|gametype|doubles
|player|p1|Bigboyblue3451|265|1228
|player|p2|monsoonisbest|169|1164
|gen|9
|tier|[Gen 9 Champions] VGC 2026 Reg M-B (Bo3)
|rated|
|rule|Species Clause: Limit one of each Pokémon
|rule|Item Clause: Limit 1 of each item
|clearpoke
|poke|p1|Pelipper, L50, F|
|poke|p1|Archaludon, L50, F|
|poke|p1|Swampert, L50, F|
|poke|p1|Grimmsnarl, L50, M|
|poke|p1|Venusaur, L50, F|
|poke|p1|Incineroar, L50, M|
|poke|p2|Pyroar, L50, M|
|poke|p2|Basculegion, L50, M|
|poke|p2|Mawile, L50, M|
|poke|p2|Torkoal, L50, F|
|poke|p2|Oranguru, L50, F|
|poke|p2|Grimmsnarl, L50, M|
|teampreview|4
|showteam|p1|Pelipper||FocusSash|Drizzle|WideGuard,Tailwind,WeatherBall,Hurricane|Modest||F|||50|]Archaludon||Leftovers|Stamina|ElectroShot,DragonPulse,AuraSphere,Protect|Timid||F|||50|]Swampert||Swampertite|Damp|WaveCrash,Earthquake,KnockOff,Protect|Adamant||F|||50|]Grimmsnarl||LightClay|Prankster|SpiritBreak,LightScreen,Reflect,PartingShot|Careful||M|||50|]Venusaur||Venusaurite|Chlorophyll|GigaDrain,EarthPower,SludgeBomb,Protect|Modest||F|||50|]Incineroar||SitrusBerry|Intimidate|FlareBlitz,ThroatChop,FakeOut,PartingShot|Careful||M|||50|
|showteam|p2|Pyroar||Pyroarite|Rivalry|HeatWave,SolarBeam,Overheat,Protect|Timid||M|||50|]Basculegion||ChoiceScarf|Adaptability|WaveCrash,LastRespects,FlipTurn,AquaJet|Jolly||M|||50|]Mawile||Mawilite|HyperCutter|IronHead,PlayRough,SuckerPunch,Protect|Adamant||M|||50|]Torkoal||Charcoal|Drought|Eruption,WeatherBall,HelpingHand,Protect|Quiet||F|||50|]Oranguru||MentalHerb|InnerFocus|Psychic,TrickRoom,Encore,Instruct|Relaxed||F|||50|]Grimmsnarl||SitrusBerry|Prankster|SpiritBreak,FakeOut,LightScreen,PartingShot|Careful||M|||50|
|
|t:|1782745068
|teamsize|p1|4
|teamsize|p2|4
|start
|switch|p1a: Grimmsnarl|Grimmsnarl, L50, M|100/100
|switch|p1b: Swampert|Swampert, L50, F|100/100
|switch|p2a: Pyroar|Pyroar, L50, M|100/100
|switch|p2b: Grimmsnarl|Grimmsnarl, L50, M|100/100
|turn|1
|
|t:|1782745079
|detailschange|p2a: Pyroar|Pyroar-Mega, L50, M
|-mega|p2a: Pyroar|Pyroar|Pyroarite
|detailschange|p1b: Swampert|Swampert-Mega, L50, F
|-mega|p1b: Swampert|Swampert|Swampertite
|move|p1b: Swampert|Protect|p1b: Swampert
|-singleturn|p1b: Swampert|Protect
|move|p2b: Grimmsnarl|Parting Shot|p1a: Grimmsnarl
|-hint|Since gen 7, Dark is immune to Prankster moves.
|-immune|p1a: Grimmsnarl
|move|p1a: Grimmsnarl|Light Screen|p1a: Grimmsnarl
|-sidestart|p1: Bigboyblue3451|move: Light Screen
|move|p2a: Pyroar|Solar Beam||[still]
|-prepare|p2a: Pyroar|Solar Beam
|
|upkeep
|turn|2
|
|t:|1782745094
|switch|p1b: Archaludon|Archaludon, L50, F|100/100
|move|p2b: Grimmsnarl|Parting Shot|p1b: Archaludon
|-unboost|p1b: Archaludon|atk|1
|-unboost|p1b: Archaludon|spa|1
|
|t:|1782745099
|switch|p2b: Torkoal|Torkoal, L50, F|100/100|[from] Parting Shot
|-weather|SunnyDay|[from] ability: Drought|[of] p2b: Torkoal
|move|p2a: Pyroar|Solar Beam|p1b: Archaludon|[from] lockedmove
|-resisted|p1b: Archaludon|2
|-damage|p1b: Archaludon|92/100
|-ability|p1b: Archaludon|Stamina|boost
|-boost|p1b: Archaludon|def|1
|move|p1a: Grimmsnarl|Spirit Break|p2a: Pyroar
|-resisted|p2a: Pyroar|1
|-damage|p2a: Pyroar|81/100
|-unboost|p2a: Pyroar|spa|1
|
|-weather|SunnyDay|[upkeep]
|-heal|p1b: Archaludon|98/100|[from] item: Leftovers
|upkeep
|turn|3
|
|t:|1782745121
|move|p2b: Torkoal|Helping Hand|p2a: Pyroar
|-singleturn|p2a: Pyroar|Helping Hand|[of] p2b: Torkoal
|move|p1b: Archaludon|Protect|p1b: Archaludon
|-singleturn|p1b: Archaludon|Protect
|move|p1a: Grimmsnarl|Parting Shot|p2a: Pyroar
|-unboost|p2a: Pyroar|atk|1
|-unboost|p2a: Pyroar|spa|1
|
|t:|1782745124
|switch|p1a: Pelipper|Pelipper, L50, F|100/100|[from] Parting Shot
|-weather|RainDance|[from] ability: Drizzle|[of] p1a: Pelipper
|move|p2a: Pyroar|Overheat|p1b: Archaludon
|-activate|p1b: Archaludon|move: Protect
|
|-weather|RainDance|[upkeep]
|-heal|p1b: Archaludon|100/100|[from] item: Leftovers
|upkeep
|turn|4
|
|t:|1782745132
|switch|p2a: Grimmsnarl|Grimmsnarl, L50, M|100/100
|switch|p1a: Grimmsnarl|Grimmsnarl, L50, M|100/100
|move|p2b: Torkoal|Protect|p2b: Torkoal
|-singleturn|p2b: Torkoal|Protect
|move|p1b: Archaludon|Electro Shot||[still]
|-prepare|p1b: Archaludon|Electro Shot
|-boost|p1b: Archaludon|spa|1
|-anim|p1b: Archaludon|Electro Shot|p2b: Torkoal
|-activate|p2b: Torkoal|move: Protect
|
|-weather|RainDance|[upkeep]
|upkeep
|turn|5
|
|t:|1782745143
|switch|p2b: Pyroar|Pyroar-Mega, L50, M|81/100
|move|p2a: Grimmsnarl|Light Screen|p2a: Grimmsnarl
|-sidestart|p2: monsoonisbest|move: Light Screen
|move|p1b: Archaludon|Electro Shot||[still]
|-prepare|p1b: Archaludon|Electro Shot
|-boost|p1b: Archaludon|spa|1
|-anim|p1b: Archaludon|Electro Shot|p2b: Pyroar
|-damage|p2b: Pyroar|39/100
|move|p1a: Grimmsnarl|Spirit Break|p2a: Grimmsnarl
|-supereffective|p2a: Grimmsnarl|1
|-damage|p2a: Grimmsnarl|34/100
|-unboost|p2a: Grimmsnarl|spa|1
|-enditem|p2a: Grimmsnarl|Sitrus Berry|[eat]
|-heal|p2a: Grimmsnarl|59/100|[from] item: Sitrus Berry
|
|-weather|RainDance|[upkeep]
|upkeep
|turn|6
|
|t:|1782745158
|move|p1b: Archaludon|Protect|p1b: Archaludon
|-singleturn|p1b: Archaludon|Protect
|move|p2a: Grimmsnarl|Parting Shot|p1b: Archaludon
|-activate|p1b: Archaludon|move: Protect
|move|p2b: Pyroar|Heat Wave|p1b: Archaludon|[spread] p1a
|-activate|p1b: Archaludon|move: Protect
|-crit|p1a: Grimmsnarl
|-damage|p1a: Grimmsnarl|65/100
|-status|p1a: Grimmsnarl|brn
|move|p1a: Grimmsnarl|Spirit Break|p2a: Grimmsnarl
|-supereffective|p2a: Grimmsnarl|1
|-damage|p2a: Grimmsnarl|26/100
|-unboost|p2a: Grimmsnarl|spa|1
|
|-weather|RainDance|[upkeep]
|-damage|p1a: Grimmsnarl|59/100 brn|[from] brn
|upkeep
|turn|7
|
|t:|1782745171
|move|p2a: Grimmsnarl|Parting Shot|p1b: Archaludon
|-unboost|p1b: Archaludon|atk|1
|-unboost|p1b: Archaludon|spa|1
|
|t:|1782745173
|switch|p2a: Basculegion|Basculegion, L50, M|100/100|[from] Parting Shot
|move|p1a: Grimmsnarl|Parting Shot|p2b: Pyroar
|-unboost|p2b: Pyroar|atk|1
|-unboost|p2b: Pyroar|spa|1
|
|t:|1782745177
|switch|p1a: Swampert|Swampert-Mega, L50, F|100/100|[from] Parting Shot
|move|p2b: Pyroar|Heat Wave|p1b: Archaludon|[spread] p1a,p1b
|-resisted|p1a: Swampert|1
|-damage|p1a: Swampert|94/100
|-damage|p1b: Archaludon|85/100
|-ability|p1b: Archaludon|Stamina|boost
|-boost|p1b: Archaludon|def|1
|move|p1b: Archaludon|Dragon Pulse|p2b: Pyroar
|-damage|p2b: Pyroar|8/100
|
|-weather|none
|-heal|p1b: Archaludon|91/100|[from] item: Leftovers
|upkeep
|turn|8
|
|t:|1782745198
|move|p1a: Swampert|Protect|p1a: Swampert
|-singleturn|p1a: Swampert|Protect
|move|p2a: Basculegion|Flip Turn|p1a: Swampert
|-activate|p1a: Swampert|move: Protect
|move|p2b: Pyroar|Overheat|p1b: Archaludon
|-damage|p1b: Archaludon|46/100
|-unboost|p2b: Pyroar|spa|2
|-ability|p1b: Archaludon|Stamina|boost
|-boost|p1b: Archaludon|def|1
|move|p1b: Archaludon|Dragon Pulse|p2b: Pyroar
|-damage|p2b: Pyroar|0 fnt
|faint|p2b: Pyroar
|
|-heal|p1b: Archaludon|52/100|[from] item: Leftovers
|-sideend|p1: Bigboyblue3451|move: Light Screen
|upkeep
|
|t:|1782745205
|switch|p2b: Grimmsnarl|Grimmsnarl, L50, M|26/100
|turn|9
|
|t:|1782745218
|switch|p1a: Grimmsnarl|Grimmsnarl, L50, M|59/100 brn
|move|p2b: Grimmsnarl|Fake Out|p1a: Grimmsnarl
|-damage|p1a: Grimmsnarl|49/100 brn
|move|p2a: Basculegion|Flip Turn|p1a: Grimmsnarl
|-damage|p1a: Grimmsnarl|14/100 brn
|
|t:|1782745223
|switch|p2a: Torkoal|Torkoal, L50, F|100/100|[from] Flip Turn
|-weather|SunnyDay|[from] ability: Drought|[of] p2a: Torkoal
|move|p1b: Archaludon|Dragon Pulse|p2a: Torkoal
|-damage|p2a: Torkoal|70/100
|
|-weather|SunnyDay|[upkeep]
|-heal|p1b: Archaludon|58/100|[from] item: Leftovers
|-damage|p1a: Grimmsnarl|8/100 brn|[from] brn
|-sideend|p2: monsoonisbest|move: Light Screen
|upkeep
|turn|10
|
|t:|1782745233
|move|p1b: Archaludon|Protect|p1b: Archaludon
|-singleturn|p1b: Archaludon|Protect
|move|p2b: Grimmsnarl|Light Screen|p2b: Grimmsnarl
|-sidestart|p2: monsoonisbest|move: Light Screen
|move|p1a: Grimmsnarl|Light Screen|p1a: Grimmsnarl
|-sidestart|p1: Bigboyblue3451|move: Light Screen
|move|p2a: Torkoal|Eruption|p1b: Archaludon|[spread] p1a
|-activate|p1b: Archaludon|move: Protect
|-damage|p1a: Grimmsnarl|0 fnt
|faint|p1a: Grimmsnarl
|
|-weather|SunnyDay|[upkeep]
|-heal|p1b: Archaludon|64/100|[from] item: Leftovers
|upkeep
|
|t:|1782745236
|switch|p1a: Pelipper|Pelipper, L50, F|100/100
|-weather|RainDance|[from] ability: Drizzle|[of] p1a: Pelipper
|turn|11
|
|t:|1782745244
|switch|p1a: Swampert|Swampert-Mega, L50, F|94/100
|move|p2a: Torkoal|Helping Hand|p2b: Grimmsnarl
|-singleturn|p2b: Grimmsnarl|Helping Hand|[of] p2a: Torkoal
|move|p1b: Archaludon|Electro Shot||[still]
|-prepare|p1b: Archaludon|Electro Shot
|-boost|p1b: Archaludon|spa|1
|-anim|p1b: Archaludon|Electro Shot|p2b: Grimmsnarl
|-damage|p2b: Grimmsnarl|0 fnt
|faint|p2b: Grimmsnarl
|
|-weather|RainDance|[upkeep]
|-heal|p1b: Archaludon|70/100|[from] item: Leftovers
|upkeep
|
|t:|1782745250
|switch|p2b: Basculegion|Basculegion, L50, M|100/100
|turn|12
|
|t:|1782745258
|move|p2a: Torkoal|Helping Hand|p2b: Basculegion
|-singleturn|p2b: Basculegion|Helping Hand|[of] p2a: Torkoal
|move|p1a: Swampert|Knock Off|p2b: Basculegion
|-supereffective|p2b: Basculegion|1
|-damage|p2b: Basculegion|4/100
|-enditem|p2b: Basculegion|Choice Scarf|[from] move: Knock Off|[of] p1a: Swampert
|move|p2b: Basculegion|Last Respects|p1a: Swampert
|-damage|p1a: Swampert|0 fnt
|faint|p1a: Swampert
|move|p1b: Archaludon|Electro Shot||[still]
|-prepare|p1b: Archaludon|Electro Shot
|-boost|p1b: Archaludon|spa|1
|-anim|p1b: Archaludon|Electro Shot|p2b: Basculegion
|-supereffective|p2b: Basculegion|1
|-damage|p2b: Basculegion|0 fnt
|faint|p2b: Basculegion
|
|-weather|RainDance|[upkeep]
|-heal|p1b: Archaludon|76/100|[from] item: Leftovers
|upkeep
|
|t:|1782745260
|switch|p1a: Pelipper|Pelipper, L50, F|100/100
|turn|13
|-message|monsoonisbest forfeited.
|
|win|Bigboyblue3451
