|j|☆m111naaaa
|j|☆Typ.Null07
|html|m111naaaaTyp.Null07    
|uhtml|bestof|Game 3 of a best-of-3
|t:|1756301291
|gametype|doubles
|player|p1|m111naaaa|jasmine|1161
|player|p2|Typ.Null07|2|1303
|gen|9
|tier|[Gen 9] VGC 2025 Reg H (Bo3)
|rated|
|rule|Species Clause: Limit one of each Pokémon
|rule|Item Clause: Limit 1 of each item
|clearpoke
|poke|p1|Kilowattrel, L50, M|
|poke|p1|Amoonguss, L50, F|
|poke|p1|Incineroar, L50, M|
|poke|p1|Porygon2, L50|
|poke|p1|Gholdengo, L50|
|poke|p1|Ursaluna, L50, M|
|poke|p2|Volcarona, L50, M|
|poke|p2|Rillaboom, L50, F|
|poke|p2|Ursaluna, L50, F|
|poke|p2|Dragapult, L50, M|
|poke|p2|Farigiraf, L50, F|
|poke|p2|Incineroar, L50, M|
|teampreview|4
|showteam|p1|Kilowattrel||FocusSash|Competitive|Thunderbolt,AirSlash,Tailwind,Protect|||M|||50|,,,,,Ghost]Amoonguss||SitrusBerry|Regenerator|PollenPuff,Spore,RagePowder,Protect|||F|||50|,,,,,Water]Incineroar||SafetyGoggles|Intimidate|FakeOut,FlareBlitz,KnockOff,PartingShot|||M|||50|,,,,,Ghost]Porygon2||Eviolite|Download|TeraBlast,IceBeam,Recover,TrickRoom||||||50|,,,,,Fighting]Gholdengo||MetalCoat|GoodasGold|MakeItRain,ShadowBall,NastyPlot,Protect||||||50|,,,,,Flying]Ursaluna||FlameOrb|Guts|Facade,HeadlongRush,Earthquake,Protect|||M|||50|,,,,,Ghost
|showteam|p2|Volcarona||GrassySeed|FlameBody|FieryDance,GigaDrain,QuiverDance,Protect|||M|||50|,,,,,Grass]Rillaboom||AssaultVest|GrassySurge|WoodHammer,GrassyGlide,Uturn,FakeOut|||F|||50|,,,,,Fire]Ursaluna||FlameOrb|Guts|Facade,HeadlongRush,Substitute,Protect|||F|||50|,,,,,Ghost]Dragapult||ChoiceBand|ClearBody|DragonDarts,PhantomForce,Outrage,Uturn|||M|||50|,,,,,Dragon]Farigiraf||ThroatSpray|ArmorTail|HyperVoice,PsychicNoise,Roar,TrickRoom|||F|||50|,,,,,Water]Incineroar||AguavBerry|Intimidate|FlareBlitz,KnockOff,FakeOut,PartingShot|||M|||50|,,,,,Water
|inactive|Battle timer is ON: inactive players will automatically lose when time's up. (requested by Typ.Null07)
|
|t:|1756301316
|teamsize|p1|4
|teamsize|p2|4
|start
|switch|p1a: Kilowattrel|Kilowattrel, L50, M|100/100
|switch|p1b: Ursaluna|Ursaluna, L50, M|100/100
|switch|p2a: Dragapult|Dragapult, L50, M|100/100
|switch|p2b: Farigiraf|Farigiraf, L50, F|100/100
|turn|1
|j| Jakub666
|l| Jakub666
|inactive|m111naaaa has 30 seconds left.
|inactive|Typ.Null07 has 30 seconds left.
|
|t:|1756301342
|move|p1a: Kilowattrel|Protect|p1a: Kilowattrel
|-singleturn|p1a: Kilowattrel|Protect
|move|p1b: Ursaluna|Protect|p1b: Ursaluna
|-singleturn|p1b: Ursaluna|Protect
|move|p2a: Dragapult|Dragon Darts|p1a: Kilowattrel
|-activate|p1b: Ursaluna|move: Protect
|move|p2b: Farigiraf|Trick Room|p2b: Farigiraf
|-fieldstart|move: Trick Room|[of] p2b: Farigiraf
|
|-status|p1b: Ursaluna|brn|[from] item: Flame Orb
|upkeep
|turn|2
|
|t:|1756301361
|switch|p1a: Amoonguss|Amoonguss, L50, F|100/100
|switch|p2a: Rillaboom|Rillaboom, L50, F|100/100
|-fieldstart|move: Grassy Terrain|[from] ability: Grassy Surge|[of] p2a: Rillaboom
|move|p2b: Farigiraf|Hyper Voice|p1b: Ursaluna|[spread] p1a,p1b
|-damage|p1a: Amoonguss|75/100
|-damage|p1b: Ursaluna|73/100 brn
|-enditem|p2b: Farigiraf|Throat Spray
|-boost|p2b: Farigiraf|spa|1|[from] item: Throat Spray
|move|p1b: Ursaluna|Facade|p2b: Farigiraf
|-damage|p2b: Farigiraf|0 fnt
|faint|p2b: Farigiraf
|
|-heal|p1a: Amoonguss|80/100|[from] Grassy Terrain
|-heal|p1b: Ursaluna|79/100 brn|[from] Grassy Terrain
|-damage|p1b: Ursaluna|73/100 brn|[from] brn
|upkeep
|
|t:|1756301373
|switch|p2b: Ursaluna|Ursaluna, L50, F|100/100
|turn|3
|
|t:|1756301388
|-terastallize|p1b: Ursaluna|Ghost
|move|p2b: Ursaluna|Protect|p2b: Ursaluna
|-singleturn|p2b: Ursaluna|Protect
|move|p2a: Rillaboom|Fake Out|p1b: Ursaluna
|-immune|p1b: Ursaluna
|move|p1a: Amoonguss|Pollen Puff|p1b: Ursaluna
|-heal|p1b: Ursaluna|100/100 brn
|move|p1b: Ursaluna|Facade|p2a: Rillaboom
|-damage|p2a: Rillaboom|0 fnt
|faint|p2a: Rillaboom
|
|-heal|p1a: Amoonguss|86/100|[from] Grassy Terrain
|-damage|p1b: Ursaluna|94/100 brn|[from] brn
|-status|p2b: Ursaluna|brn|[from] item: Flame Orb
|upkeep
|
|t:|1756301390
|switch|p2a: Dragapult|Dragapult, L50, M|100/100
|turn|4
|
|t:|1756301409
|move|p1a: Amoonguss|Protect|p1a: Amoonguss
|-singleturn|p1a: Amoonguss|Protect
|move|p2b: Ursaluna|Facade|p1a: Amoonguss
|-activate|p1a: Amoonguss|move: Protect
|move|p1b: Ursaluna|Headlong Rush|p2a: Dragapult
|-damage|p2a: Dragapult|0 fnt
|-unboost|p1b: Ursaluna|def|1
|-unboost|p1b: Ursaluna|spd|1
|faint|p2a: Dragapult
|
|-heal|p1a: Amoonguss|92/100|[from] Grassy Terrain
|-heal|p1b: Ursaluna|100/100 brn|[from] Grassy Terrain
|-damage|p2b: Ursaluna|95/100 brn|[from] brn
|-damage|p1b: Ursaluna|94/100 brn|[from] brn
|upkeep
|turn|5
|j| Trestkon
|
|t:|1756301421
|-terastallize|p2b: Ursaluna|Ghost
|move|p1a: Amoonguss|Rage Powder|p1a: Amoonguss
|-singleturn|p1a: Amoonguss|move: Rage Powder
|move|p2b: Ursaluna|Facade|p1a: Amoonguss
|-damage|p1a: Amoonguss|0 fnt
|faint|p1a: Amoonguss
|move|p1b: Ursaluna|Facade|p2b: Ursaluna
|-immune|p2b: Ursaluna
|
|-heal|p2b: Ursaluna|100/100 brn|[from] Grassy Terrain
|-heal|p1b: Ursaluna|100/100 brn|[from] Grassy Terrain
|-damage|p2b: Ursaluna|95/100 brn|[from] brn
|-damage|p1b: Ursaluna|94/100 brn|[from] brn
|-fieldend|move: Trick Room
|upkeep
|
|t:|1756301426
|switch|p1a: Incineroar|Incineroar, L50, M|100/100
|-ability|p1a: Incineroar|Intimidate|boost
|-unboost|p2b: Ursaluna|atk|1
|turn|6
|
|t:|1756301436
|switch|p1a: Kilowattrel|Kilowattrel, L50, M|100/100
|move|p1b: Ursaluna|Protect|p1b: Ursaluna
|-singleturn|p1b: Ursaluna|Protect
|move|p2b: Ursaluna|Headlong Rush|p1a: Kilowattrel
|-immune|p1a: Kilowattrel
|
|-heal|p1b: Ursaluna|100/100 brn|[from] Grassy Terrain
|-heal|p2b: Ursaluna|100/100 brn|[from] Grassy Terrain
|-damage|p1b: Ursaluna|94/100 brn|[from] brn
|-damage|p2b: Ursaluna|95/100 brn|[from] brn
|-fieldend|move: Grassy Terrain
|upkeep
|turn|7
|c|☆Typ.Null07|ggwp
|l| Trestkon
|-message|Typ.Null07 forfeited.
|
|win|m111naaaa
|raw|m111naaaa's rating: 1161 → 1196(+35 for winning)
|raw|Typ.Null07's rating: 1303 → 1275(-28 for losing)
|l|☆Typ.Null07
|player|p2|
