|j|☆FreemanGordon
|j|☆magicalarcher57
|html|FreemanGordonmagicalarcher57    
|uhtml|bestof|Game 1 of a best-of-3
|t:|1783954502
|gametype|doubles
|player|p1|FreemanGordon|266|1131
|player|p2|magicalarcher57|diantha|1226
|gen|9
|tier|[Gen 9 Champions] VGC 2026 Reg M-B (Bo3)
|rated|
|rule|Species Clause: Limit one of each Pokémon
|rule|Item Clause: Limit 1 of each item
|clearpoke
|poke|p1|Farigiraf, L50, M|
|poke|p1|Vivillon, L50, M|
|poke|p1|Sneasler, L50, F|
|poke|p1|Kingambit, L50, F|
|poke|p1|Drampa, L50, M|
|poke|p1|Torkoal, L50, M|
|poke|p2|Basculegion, L50, M|
|poke|p2|Glimmora, L50, M|
|poke|p2|Garchomp, L50, M|
|poke|p2|Kingambit, L50, M|
|poke|p2|Whimsicott, L50, M|
|poke|p2|Staraptor, L50, F|
|teampreview|4
|showteam|p1|Farigiraf||SitrusBerry|ArmorTail|TrickRoom,HelpingHand,Thunderbolt,TwinBeam|Relaxed||M|||50|]Vivillon||FocusSash|CompoundEyes|Protect,SleepPowder,Hurricane,RagePowder|Jolly||M|||50|]Sneasler||WhiteHerb|PoisonTouch|FakeOut,CloseCombat,DireClaw,RockSlide|Brave||F|||50|]Kingambit||LifeOrb|Defiant|KowtowCleave,SuckerPunch,IronHead,LowKick|Adamant||F|||50|]Drampa||Drampanite|SapSipper|Protect,HyperVoice,DragonPulse,HeatWave|Quiet||M|||50|]Torkoal||Charcoal|Drought|Eruption,HeatWave,EarthPower,SolarBeam|Quiet||M|||50|
|showteam|p2|Basculegion||ChoiceScarf|Adaptability|AquaJet,LastRespects,WaveCrash,FlipTurn|Jolly||M|||50|]Glimmora||LifeOrb|ToxicDebris|PowerGem,EarthPower,SpikyShield,SludgeBomb|Timid||M|||50|]Garchomp||SitrusBerry|RoughSkin|DragonClaw,StompingTantrum,Protect,Earthquake|Jolly||M|||50|]Kingambit||BlackGlasses|Defiant|SuckerPunch,KowtowCleave,Protect,IronHead|Adamant||M|||50|]Whimsicott||FocusSash|Prankster|Tailwind,Moonblast,Encore,Protect|Timid||M|||50|]Staraptor||Staraptite|Intimidate|CloseCombat,BraveBird,Roost,Protect|Jolly||F|||50|
|inactive|Battle timer is ON: inactive players will automatically lose when time's up. (requested by magicalarcher57)
|inactive|magicalarcher57 has 60 seconds left.
|
|t:|1783954534
|teamsize|p1|4
|teamsize|p2|4
|start
|switch|p1a: Farigiraf|Farigiraf, L50, M|100/100
|switch|p1b: Sneasler|Sneasler, L50, F|100/100
|switch|p2a: Glimmora|Glimmora, L50, M|100/100
|switch|p2b: Staraptor|Staraptor, L50, F|100/100
|-ability|p2b: Staraptor|Intimidate|boost
|-unboost|p1a: Farigiraf|atk|1
|-unboost|p1b: Sneasler|atk|1
|-enditem|p1b: Sneasler|White Herb
|-clearnegativeboost|p1b: Sneasler|[silent]
|turn|1
|inactive|FreemanGordon has 30 seconds left.
|inactive|magicalarcher57 has 30 seconds left.
|inactive|FreemanGordon has 20 seconds left.
|
|t:|1783954570
|detailschange|p2b: Staraptor|Staraptor-Mega, L50, F
|-mega|p2b: Staraptor|Staraptor|Staraptite
|move|p1b: Sneasler|Fake Out|p2b: Staraptor
|-damage|p2b: Staraptor|82/100
|-status|p2b: Staraptor|psn|[from] ability: Poison Touch|[of] p1b: Sneasler
|cant|p2b: Staraptor|flinch
|move|p2a: Glimmora|Earth Power|p1b: Sneasler
|-supereffective|p1b: Sneasler|1
|-damage|p1b: Sneasler|0 fnt
|faint|p1b: Sneasler
|-damage|p2a: Glimmora|90/100|[from] item: Life Orb
|move|p1a: Farigiraf|Trick Room|p1a: Farigiraf
|-fieldstart|move: Trick Room|[of] p1a: Farigiraf
|
|-damage|p2b: Staraptor|69/100 psn|[from] psn
|upkeep
|
|t:|1783954589
|switch|p1b: Torkoal|Torkoal, L50, M|100/100
|-weather|SunnyDay|[from] ability: Drought|[of] p1b: Torkoal
|turn|2
|
|t:|1783954596
|move|p2a: Glimmora|Spiky Shield|p2a: Glimmora
|-singleturn|p2a: Glimmora|move: Protect
|move|p2b: Staraptor|Protect|p2b: Staraptor
|-singleturn|p2b: Staraptor|Protect
|move|p1b: Torkoal|Eruption|p2b: Staraptor|[spread] 
|-activate|p2a: Glimmora|move: Protect
|-activate|p2b: Staraptor|move: Protect
|move|p1a: Farigiraf|Twin Beam|p2a: Glimmora
|-activate|p2a: Glimmora|move: Protect
|
|-weather|SunnyDay|[upkeep]
|-damage|p2b: Staraptor|57/100 psn|[from] psn
|upkeep
|turn|3
|
|t:|1783954619
|switch|p2a: Garchomp|Garchomp, L50, M|100/100
|move|p1b: Torkoal|Eruption|p2a: Garchomp|[spread] p2a,p2b
|-resisted|p2a: Garchomp|1
|-damage|p2a: Garchomp|50/100g
|-damage|p2b: Staraptor|0 fnt
|faint|p2b: Staraptor
|move|p1a: Farigiraf|Twin Beam|p2a: Garchomp
|-damage|p2a: Garchomp|33/100
|-enditem|p2a: Garchomp|Sitrus Berry|[eat]
|-heal|p2a: Garchomp|58/100|[from] item: Sitrus Berry
|-damage|p2a: Garchomp|40/100
|-hitcount|p2a: Garchomp|2
|
|-weather|SunnyDay|[upkeep]
|upkeep
|
|t:|1783954637
|switch|p2b: Glimmora|Glimmora, L50, M|90/100
|turn|4
|
|t:|1783954645
|move|p2b: Glimmora|Spiky Shield|p2b: Glimmora
|-singleturn|p2b: Glimmora|move: Protect
|move|p2a: Garchomp|Protect|p2a: Garchomp
|-singleturn|p2a: Garchomp|Protect
|move|p1b: Torkoal|Eruption|p2b: Glimmora|[spread] 
|-activate|p2a: Garchomp|move: Protect
|-activate|p2b: Glimmora|move: Protect
|move|p1a: Farigiraf|Twin Beam|p2b: Glimmora
|-activate|p2b: Glimmora|move: Protect
|
|-weather|SunnyDay|[upkeep]
|upkeep
|turn|5
|j| ilikecsr
|inactive|FreemanGordon has 30 seconds left.
|
|t:|1783954671
|move|p2b: Glimmora|Spiky Shield|p2b: Glimmora
|-singleturn|p2b: Glimmora|move: Protect
|move|p2a: Garchomp|Protect||[still]
|-fail|p2a: Garchomp
|move|p1b: Torkoal|Eruption|p2b: Glimmora|[spread] p2a
|-activate|p2b: Glimmora|move: Protect
|-resisted|p2a: Garchomp|1
|-damage|p2a: Garchomp|0 fnt
|faint|p2a: Garchomp
|move|p1a: Farigiraf|Twin Beam|p2b: Glimmora
|-activate|p2b: Glimmora|move: Protect
|
|-weather|SunnyDay|[upkeep]
|-fieldend|move: Trick Room
|upkeep
|l| ilikecsr
|
|t:|1783954681
|switch|p2a: Kingambit|Kingambit, L50, M|100/100
|turn|6
|inactive|FreemanGordon has 30 seconds left.
|
|t:|1783954712
|move|p2b: Glimmora|Power Gem|p1b: Torkoal
|-supereffective|p1b: Torkoal|1
|-crit|p1b: Torkoal
|-damage|p1b: Torkoal|0 fnt
|faint|p1b: Torkoal
|-damage|p2b: Glimmora|81/100|[from] item: Life Orb
|move|p1a: Farigiraf|Twin Beam|p2b: Glimmora
|-supereffective|p2b: Glimmora|1
|-damage|p2b: Glimmora|39/100
|-supereffective|p2b: Glimmora|1
|-damage|p2b: Glimmora|1/100
|-hitcount|p2b: Glimmora|2
|move|p2a: Kingambit|Kowtow Cleave|p1a: Farigiraf
|-supereffective|p1a: Farigiraf|1
|-damage|p1a: Farigiraf|9/100
|-enditem|p1a: Farigiraf|Sitrus Berry|[eat]
|-heal|p1a: Farigiraf|33/100|[from] item: Sitrus Berry
|
|-weather|none
|upkeep
|
|t:|1783954727
|switch|p1b: Drampa|Drampa, L50, M|100/100
|turn|7
|
|t:|1783954735
|detailschange|p1b: Drampa|Drampa-Mega, L50, M
|-mega|p1b: Drampa|Drampa|Drampanite
|move|p2b: Glimmora|Sludge Bomb|p1b: Drampa
|-damage|p1b: Drampa|46/100
|-status|p1b: Drampa|psn
|-ability|p1b: Drampa|Berserk|boost
|-boost|p1b: Drampa|spa|1
|-damage|p2b: Glimmora|0 fnt|[from] item: Life Orb
|faint|p2b: Glimmora
|move|p2a: Kingambit|Kowtow Cleave|p1b: Drampa
|-damage|p1b: Drampa|0 fnt
|faint|p1b: Drampa
|move|p1a: Farigiraf|Trick Room|p1a: Farigiraf
|-fieldstart|move: Trick Room|[of] p1a: Farigiraf
|
|upkeep
|turn|8
|-message|FreemanGordon forfeited.
|
|win|magicalarcher57
