|j|☆Caaammm0410
|j|☆meikh_neiht
|html|Caaammm0410meikh_neiht    
|uhtml|bestof|Game 2 of a best-of-3
|t:|1785617404
|gametype|doubles
|player|p1|Caaammm0410|cynthia-gen4|1161
|player|p2|meikh_neiht|lucas|1264
|gen|9
|tier|[Gen 9 Champions] VGC 2026 Reg M-B (Bo3)
|rated|
|rule|Species Clause: Limit one of each Pokémon
|rule|Item Clause: Limit 1 of each item
|clearpoke
|poke|p1|Pelipper, L50, M|
|poke|p1|Archaludon, L50, M|
|poke|p1|Swampert, L50, F|
|poke|p1|Staraptor, L50, F|
|poke|p1|Glimmora, L50, M|
|poke|p1|Incineroar, L50, M|
|poke|p2|Staraptor, L50, M|
|poke|p2|Sinistcha, L50|
|poke|p2|Maushold, L50|
|poke|p2|Kingambit, L50, F|
|poke|p2|Sneasler, L50, M|
|poke|p2|Delphox, L50, M|
|teampreview|4
|showteam|p1|Pelipper||FocusSash|Drizzle|WeatherBall,Tailwind,Hurricane,Uturn|Modest||M|||50|]Archaludon||SitrusBerry|Stamina|ElectroShot,DragonPulse,FlashCannon,Protect|Timid||M|||50|]Swampert||Swampertite|Torrent|Earthquake,FlipTurn,WaveCrash,Protect|Careful||F|||50|]Staraptor||Staraptite|Intimidate|CloseCombat,BraveBird,Tailwind,Protect|Jolly||F|||50|]Glimmora||ChoiceScarf|ToxicDebris|EarthPower,SludgeBomb,EnergyBall,PowerGem|Timid||M|||50|]Incineroar||ExpertBelt|Intimidate|FlareBlitz,PartingShot,FakeOut,DarkestLariat|Adamant||M|||50|
|showteam|p2|Staraptor||Staraptite|Intimidate|CloseCombat,BraveBird,Roost,Protect|Adamant||M|||50|]Sinistcha||SitrusBerry|Hospitality|RagePowder,MatchaGotcha,Protect,LifeDew|Calm|||||50|]Maushold||LumBerry|FriendGuard|Encore,Charm,FollowMe,Protect|Timid|||||50|]Kingambit||BlackGlasses|Defiant|KowtowCleave,SuckerPunch,SwordsDance,Protect|Adamant||F|||50|]Sneasler||WhiteHerb|Unburden|CloseCombat,DireClaw,FakeOut,Feint|Jolly||M|||50|]Delphox||Delphoxite|Blaze|HeatWave,Psyshock,NastyPlot,Protect|Timid||M|||50|
|
|t:|1785617448
|teamsize|p1|4
|teamsize|p2|4
|start
|switch|p1a: Pelipper|Pelipper, L50, M|100/100
|switch|p1b: Archaludon|Archaludon, L50, M|100/100
|switch|p2a: Leg of God|Delphox, L50, M|100/100
|switch|p2b: Thief of God|Sneasler, L50, M|100/100
|-weather|RainDance|[from] ability: Drizzle|[of] p1a: Pelipper
|turn|1
|c|☆Caaammm0410|glhf pt2
|c|☆meikh_neiht|same 2 u
|
|t:|1785617472
|detailschange|p2a: Leg of God|Delphox-Mega, L50, M
|-mega|p2a: Leg of God|Delphox|Delphoxite
|move|p2b: Thief of God|Fake Out|p1a: Pelipper
|-damage|p1a: Pelipper|85/100
|move|p2a: Leg of God|Nasty Plot|p2a: Leg of God
|-boost|p2a: Leg of God|spa|2
|move|p1b: Archaludon|Electro Shot||[still]
|-prepare|p1b: Archaludon|Electro Shot
|-boost|p1b: Archaludon|spa|1
|-anim|p1b: Archaludon|Electro Shot|p2b: Thief of God
|-damage|p2b: Thief of God|20/100y
|cant|p1a: Pelipper|flinch
|
|-weather|RainDance|[upkeep]
|upkeep
|turn|2
|
|t:|1785617492
|move|p1b: Archaludon|Protect|p1b: Archaludon
|-singleturn|p1b: Archaludon|Protect
|move|p2a: Leg of God|Psyshock|p1a: Pelipper
|-damage|p1a: Pelipper|0 fnt
|faint|p1a: Pelipper
|move|p2b: Thief of God|Close Combat|p1b: Archaludon
|-activate|p1b: Archaludon|move: Protect
|
|-weather|RainDance|[upkeep]
|upkeep
|
|t:|1785617502
|switch|p1a: Swampert|Swampert, L50, F|100/100
|turn|3
|
|t:|1785617527
|switch|p1b: Incineroar|Incineroar, L50, M|100/100
|-ability|p1b: Incineroar|Intimidate|boost
|-unboost|p2a: Leg of God|atk|1
|-unboost|p2b: Thief of God|atk|1
|-enditem|p2b: Thief of God|White Herb
|-clearnegativeboost|p2b: Thief of God|[silent]
|detailschange|p1a: Swampert|Swampert-Mega, L50, F
|-mega|p1a: Swampert|Swampert|Swampertite
|move|p2b: Thief of God|Close Combat|p1b: Incineroar
|-supereffective|p1b: Incineroar|1
|-damage|p1b: Incineroar|0 fnt
|-unboost|p2b: Thief of God|def|1
|-unboost|p2b: Thief of God|spd|1
|faint|p1b: Incineroar
|move|p2a: Leg of God|Heat Wave|p1a: Swampert
|-resisted|p1a: Swampert|1
|-damage|p1a: Swampert|85/100
|move|p1a: Swampert|Wave Crash|p2a: Leg of God
|-supereffective|p2a: Leg of God|1
|-damage|p2a: Leg of God|0 fnt
|faint|p2a: Leg of God
|-damage|p1a: Swampert|57/100|[from] Recoil
|
|-weather|RainDance|[upkeep]
|upkeep
|
|t:|1785617550
|switch|p2a: Blade of God|Kingambit, L50, F|100/100
|switch|p1b: Archaludon|Archaludon, L50, M|100/100
|turn|4
|
|t:|1785617557
|move|p1b: Archaludon|Protect|p1b: Archaludon
|-singleturn|p1b: Archaludon|Protect
|move|p2a: Blade of God|Sucker Punch|p1a: Swampert
|-damage|p1a: Swampert|15/100
|move|p2b: Thief of God|Close Combat|p1b: Archaludon
|-activate|p1b: Archaludon|move: Protect
|move|p1a: Swampert|Earthquake|p2b: Thief of God|[spread] p2a,p2b
|-activate|p1b: Archaludon|move: Protect
|-supereffective|p2a: Blade of God|1
|-supereffective|p2b: Thief of God|1
|-damage|p2a: Blade of God|42/100
|-damage|p2b: Thief of God|0 fnt
|faint|p2b: Thief of God
|
|-weather|RainDance|[upkeep]
|upkeep
|
|t:|1785617564
|switch|p2b: Attendant of God|Maushold, L50|100/100
|turn|5
|
|t:|1785617581
|move|p1a: Swampert|Protect|p1a: Swampert
|-singleturn|p1a: Swampert|Protect
|move|p2a: Blade of God|Sucker Punch||[still]
|-fail|p2a: Blade of God
|move|p2b: Attendant of God|Encore|p1b: Archaludon
|-start|p1b: Archaludon|Encore
|move|p1b: Archaludon|Protect||[still]
|-fail|p1b: Archaludon
|
|-weather|none
|upkeep
|turn|6
|c|☆Caaammm0410|got megge
|c|☆Caaammm0410|me ggs
|c|☆meikh_neiht|yeah
|c|☆meikh_neiht|boy do i love encore
|
|t:|1785617609
|move|p1b: Archaludon|Protect|p1b: Archaludon
|-singleturn|p1b: Archaludon|Protect
|move|p2b: Attendant of God|Encore|p1a: Swampert
|-start|p1a: Swampert|Encore
|move|p1a: Swampert|Protect||[still]
|-fail|p1a: Swampert
|move|p2a: Blade of God|Swords Dance|p2a: Blade of God
|-boost|p2a: Blade of God|atk|2
|
|upkeep
|turn|7
|c|☆meikh_neiht|lowk i do need practice playing encore endgames
|c|☆meikh_neiht|dy mind not ffing
|
|t:|1785617621
|move|p1b: Archaludon|Protect||[still]
|-fail|p1b: Archaludon
|move|p1a: Swampert|Protect|p1a: Swampert
|-singleturn|p1a: Swampert|Protect
|move|p2b: Attendant of God|Charm|p1a: Swampert
|-activate|p1a: Swampert|move: Protect
|move|p2a: Blade of God|Kowtow Cleave|p1b: Archaludon
|-damage|p1b: Archaludon|0 fnt
|faint|p1b: Archaludon
|
|upkeep
|turn|8
|c|☆meikh_neiht|last game i lowk js forgot abt my encore
|
|t:|1785617635
|move|p1a: Swampert|Protect||[still]
|-fail|p1a: Swampert
|move|p2b: Attendant of God|Charm|p1a: Swampert
|-unboost|p1a: Swampert|atk|2
|move|p2a: Blade of God|Kowtow Cleave|p1a: Swampert
|-damage|p1a: Swampert|0 fnt
|faint|p1a: Swampert
|
|win|meikh_neiht
|raw|Caaammm0410's rating: 1161 → 1143(-18 for losing)
|raw|meikh_neiht's rating: 1264 → 1282(+18 for winning)
|c|☆meikh_neiht|ggs
|l|☆Caaammm0410
|player|p1|
