|j|☆Blizz.vg
|j|☆LuixenS
|html|Blizz.vgLuixenS    
|uhtml|bestof|Game 1 of a best-of-3
|t:|1785624420
|gametype|doubles
|player|p1|Blizz.vg|supernerd|
|player|p2|LuixenS|canari|
|gen|9
|tier|[Gen 9 Champions] VGC 2026 Reg M-B (Bo3)
|rule|Species Clause: Limit one of each Pokémon
|rule|Item Clause: Limit 1 of each item
|clearpoke
|poke|p1|Floette-Eternal, L50, F|
|poke|p1|Whimsicott, L50, M|
|poke|p1|Charizard, L50, M|
|poke|p1|Kingambit, L50, M|
|poke|p1|Garchomp, L50, M|
|poke|p1|Basculegion, L50, M|
|poke|p2|Delphox, L50, F|
|poke|p2|Incineroar, L50, F|
|poke|p2|Sneasler, L50, M|
|poke|p2|Sinistcha, L50|
|poke|p2|Blastoise, L50, M|
|poke|p2|Maushold-Four, L50|
|teampreview|4
|showteam|p1|Floette-Eternal||Floettite|FlowerVeil|Moonblast,DazzlingGleam,LightofRuin,Protect|Timid||F|||50|]Whimsicott||FocusSash|Prankster|Moonblast,Tailwind,Encore,Protect|Timid||M|||50|]Charizard||CharizarditeY|Blaze|HeatWave,WeatherBall,SolarBeam,Protect|Modest||M|||50|]Kingambit||OccaBerry|Defiant|KowtowCleave,SuckerPunch,IronHead,Protect|Adamant||M|||50|]Garchomp||LifeOrb|RoughSkin|Earthquake,RockSlide,DragonClaw,Protect|Jolly||M|||50|]Basculegion||MysticWater|Adaptability|WaveCrash,LastRespects,AquaJet,Protect|Adamant||M|||50|
|showteam|p2|Delphox||Delphoxite|Blaze|HeatWave,Psychic,NastyPlot,Protect|Timid||F|||50|]Incineroar||SitrusBerry|Intimidate|FakeOut,PartingShot,FlareBlitz,ThroatChop|Impish||F|||50|]Sneasler||FocusSash|PoisonTouch|CloseCombat,DireClaw,QuickGuard,FakeOut|Jolly||M|||50|]Sinistcha||KasibBerry|Hospitality|Protect,MatchaGotcha,LifeDew,RagePowder|Bold|||||50|]Blastoise||Blastoisinite|RainDish|Protect,WaterSpout,DarkPulse,ShellSmash|Modest||M|||50|]Maushold-Four||ChopleBerry|FriendGuard|Feint,HelpingHand,Protect,FollowMe|Impish|||||50|
|inactive|Battle timer is ON: inactive players will automatically lose when time's up. (requested by LuixenS)
|c|☆LuixenS|glhf!
|c|☆Blizz.vg|glhf
|j| Hudie EU
|inactive|LuixenS has 60 seconds left.
|
|t:|1785624472
|teamsize|p1|4
|teamsize|p2|4
|start
|switch|p1a: Charizard|Charizard, L50, M|100/100
|switch|p1b: Garchomp|Garchomp, L50, M|100/100
|switch|p2a: Delphox|Delphox, L50, F|100/100
|switch|p2b: Incineroar|Incineroar, L50, F|100/100
|-ability|p2b: Incineroar|Intimidate|boost
|-unboost|p1a: Charizard|atk|1
|-unboost|p1b: Garchomp|atk|1
|turn|1
|
|t:|1785624481
|switch|p1a: Whimsicott|Whimsicott, L50, M|100/100
|detailschange|p2a: Delphox|Delphox-Mega, L50, F
|-mega|p2a: Delphox|Delphox|Delphoxite
|move|p2b: Incineroar|Fake Out|p1b: Garchomp
|-damage|p1b: Garchomp|88/100
|-damage|p2b: Incineroar|87/100|[from] ability: Rough Skin|[of] p1b: Garchomp
|move|p2a: Delphox|Nasty Plot|p2a: Delphox
|-boost|p2a: Delphox|spa|2
|cant|p1b: Garchomp|flinch
|
|upkeep
|turn|2
|inactive|Blizz.vg has 30 seconds left.
|inactive|LuixenS has 30 seconds left.
|inactive|Blizz.vg has 20 seconds left.
|
|t:|1785624519
|switch|p2b: Maushold|Maushold-Four, L50|100/100
|move|p2a: Delphox|Protect|p2a: Delphox
|-singleturn|p2a: Delphox|Protect
|move|p1a: Whimsicott|Encore|p2a: Delphox
|-activate|p2a: Delphox|move: Protect
|move|p1b: Garchomp|Rock Slide|p2b: Maushold|[spread] p2b
|-activate|p2a: Delphox|move: Protect
|-damage|p2b: Maushold|83/100
|-damage|p1b: Garchomp|79/100|[from] item: Life Orb
|
|upkeep
|turn|3
|
|t:|1785624531
|switch|p1b: Basculegion|Basculegion, L50, M|100/100
|move|p2b: Maushold|Follow Me|p2b: Maushold
|-singleturn|p2b: Maushold|move: Follow Me
|move|p1a: Whimsicott|Tailwind|p1a: Whimsicott
|-sidestart|p1: Blizz.vg|move: Tailwind
|move|p2a: Delphox|Heat Wave|p1a: Whimsicott|[spread] p1a,p1b
|-supereffective|p1a: Whimsicott|1
|-resisted|p1b: Basculegion|1
|-enditem|p1a: Whimsicott|Focus Sash
|-damage|p1a: Whimsicott|1/100
|-damage|p1b: Basculegion|60/100
|
|upkeep
|turn|4
|
|t:|1785624546
|move|p1a: Whimsicott|Protect|p1a: Whimsicott
|-singleturn|p1a: Whimsicott|Protect
|move|p2b: Maushold|Follow Me|p2b: Maushold
|-singleturn|p2b: Maushold|move: Follow Me
|move|p1b: Basculegion|Wave Crash|p2b: Maushold
|-damage|p2b: Maushold|0 fnt
|faint|p2b: Maushold
|-damage|p1b: Basculegion|36/100|[from] Recoil
|move|p2a: Delphox|Heat Wave|p1a: Whimsicott|[spread] p1b
|-activate|p1a: Whimsicott|move: Protect
|-resisted|p1b: Basculegion|1
|-damage|p1b: Basculegion|0 fnt
|faint|p1b: Basculegion
|
|upkeep
|j| blackpinklisahater
|inactive|Blizz.vg has 30 seconds left.
|
|t:|1785624578
|switch|p2b: Incineroar|Incineroar, L50, F|87/100
|switch|p1b: Garchomp|Garchomp, L50, M|79/100
|-ability|p2b: Incineroar|Intimidate|boost
|-unboost|p1a: Whimsicott|atk|1
|-unboost|p1b: Garchomp|atk|1
|turn|5
|
|t:|1785624585
|switch|p1a: Charizard|Charizard, L50, M|100/100
|move|p2b: Incineroar|Fake Out|p1a: Charizard
|-damage|p1a: Charizard|90/100
|move|p1b: Garchomp|Rock Slide|p2a: Delphox|[spread] p2a,p2b
|-supereffective|p2a: Delphox|1
|-supereffective|p2b: Incineroar|1
|-damage|p2a: Delphox|65/100
|-damage|p2b: Incineroar|61/100
|-damage|p1b: Garchomp|69/100|[from] item: Life Orb
|move|p2a: Delphox|Psychic|p1b: Garchomp
|-damage|p1b: Garchomp|0 fnt
|faint|p1b: Garchomp
|
|upkeep
|l| blackpinklisahater
|j| X2Muz
|
|t:|1785624597
|switch|p1b: Whimsicott|Whimsicott, L50, M|1/100
|turn|6
|j| eevee1ynn
|
|t:|1785624609
|switch|p2b: Sinistcha|Sinistcha, L50|100/100
|-heal|p2a: Delphox|90/100|[from] ability: Hospitality|[of] p2b: Sinistcha
|detailschange|p1a: Charizard|Charizard-Mega-Y, L50, M
|-mega|p1a: Charizard|Charizard|Charizardite Y
|-weather|SunnyDay|[from] ability: Drought|[of] p1a: Charizard
|move|p1b: Whimsicott|Tailwind||[still]
|-fail|p1b: Whimsicott
|move|p1a: Charizard|Heat Wave|p2b: Sinistcha|[spread] p2a,p2b
|-resisted|p2a: Delphox|1
|-supereffective|p2b: Sinistcha|1
|-damage|p2a: Delphox|64/100
|-damage|p2b: Sinistcha|0 fnt
|faint|p2b: Sinistcha
|move|p2a: Delphox|Psychic|p1a: Charizard
|-damage|p1a: Charizard|12/100
|-unboost|p1a: Charizard|spd|1
|
|-weather|SunnyDay|[upkeep]
|-sideend|p1: Blizz.vg|move: Tailwind
|upkeep
|
|t:|1785624618
|switch|p2b: Incineroar|Incineroar, L50, F|61/100
|-ability|p2b: Incineroar|Intimidate|boost
|-unboost|p1a: Charizard|atk|1
|-unboost|p1b: Whimsicott|atk|1
|turn|7
|j| blackpinklisahater
|
|t:|1785624628
|move|p1b: Whimsicott|Protect|p1b: Whimsicott
|-singleturn|p1b: Whimsicott|Protect
|move|p1a: Charizard|Protect|p1a: Charizard
|-singleturn|p1a: Charizard|Protect
|move|p2b: Incineroar|Fake Out|p1b: Whimsicott
|-activate|p1b: Whimsicott|move: Protect
|move|p2a: Delphox|Psychic|p1a: Charizard
|-activate|p1a: Charizard|move: Protect
|
|-weather|SunnyDay|[upkeep]
|upkeep
|turn|8
|l| X2Muz
|
|t:|1785624635
|move|p2a: Delphox|Psychic|p1a: Charizard
|-damage|p1a: Charizard|0 fnt
|faint|p1a: Charizard
|move|p1b: Whimsicott|Moonblast|p2b: Incineroar
|-damage|p2b: Incineroar|32/100
|-enditem|p2b: Incineroar|Sitrus Berry|[eat]
|-heal|p2b: Incineroar|56/100|[from] item: Sitrus Berry
|move|p2b: Incineroar|Flare Blitz|p1b: Whimsicott
|-supereffective|p1b: Whimsicott|1
|-crit|p1b: Whimsicott
|-damage|p1b: Whimsicott|0 fnt
|faint|p1b: Whimsicott
|-damage|p2b: Incineroar|56/100|[from] Recoil
|
|win|LuixenS
||Blizz.vg is ready for game 2.
||LuixenS is ready for game 2.
|uhtml|next|Next: Game 2 of 3
|j| RunningRad
|j| X2Muz
|l| X2Muz
|j| VioletVeiledQueen
|l| Hudie EU
|l| eevee1ynn
|l| blackpinklisahater
|l|☆Blizz.vg
|player|p1|
|l| VioletVeiledQueen
|l| RunningRad
|l|☆LuixenS
|player|p2|
|j|☆LuixenS
|player|p2|LuixenS|canari|
|j|☆Blizz.vg
|player|p1|Blizz.vg|supernerd|
|j| RK_pocoyo
|l| RK_pocoyo
|j| X2Muz
|l|☆LuixenS
|player|p2|
|j|☆LuixenS
|player|p2|LuixenS|canari|
