|j|☆FreezyPop439
|j|☆pom123123123
|html|FreezyPop439pom123123123    
|uhtml|bestof|Game 1 of a best-of-3
|t:|1782383347
|gametype|doubles
|player|p1|FreezyPop439|collector|1342
|player|p2|pom123123123|wattson|1255
|gen|9
|tier|[Gen 9 Champions] VGC 2026 Reg M-B (Bo3)
|rated|
|rule|Species Clause: Limit one of each Pokémon
|rule|Item Clause: Limit 1 of each item
|clearpoke
|poke|p1|Garchomp, L50, M|
|poke|p1|Staraptor, L50, F|
|poke|p1|Grimmsnarl, L50, M|
|poke|p1|Gholdengo, L50|
|poke|p1|Maushold-Four, L50|
|poke|p1|Volcarona, L50, F|
|poke|p2|Dragalge, L50, M|
|poke|p2|Sinistcha, L50|
|poke|p2|Incineroar, L50, F|
|poke|p2|Rotom-Wash, L50|
|poke|p2|Pelipper, L50, M|
|poke|p2|Swampert, L50, M|
|teampreview|4
|showteam|p1|Garchomp||LifeOrb|RoughSkin|Earthquake,DragonClaw,RockSlide,Protect|Jolly||M|||50|]Staraptor||Staraptite|Intimidate|BraveBird,CloseCombat,Roost,Protect|Jolly||F|||50|]Grimmsnarl||LightClay|Prankster|SpiritBreak,LightScreen,Reflect,PartingShot|Careful||M|||50|]Gholdengo||MetalCoat|GoodasGold|MakeItRain,ShadowBall,NastyPlot,Protect|Modest|||||50|]Maushold-Four||FocusSash|FriendGuard|FollowMe,Charm,SuperFang,Protect|Jolly|||||50|]Volcarona||ChartiBerry|FlameBody|HeatWave,StruggleBug,RagePowder,Tailwind|Timid||F|||50|
|showteam|p2|Dragalge||Dragalgite|Adaptability|SludgeBomb,DracoMeteor,Haze,Protect|Quiet||M|||50|]Sinistcha||KasibBerry|Hospitality|MatchaGotcha,RagePowder,TrickRoom,Protect|Relaxed|||||50|]Incineroar||ShucaBerry|Intimidate|FlareBlitz,DarkestLariat,PartingShot,FakeOut|Impish||F|||50|]Rotom-Wash||SitrusBerry|Levitate|Thunder,HydroPump,WillOWisp,Protect|Modest|||||50|]Pelipper||FocusSash|Drizzle|WeatherBall,Hurricane,Tailwind,Protect|Modest||M|||50|]Swampert||Swampertite|Torrent|Earthquake,WaveCrash,IcePunch,Protect|Adamant||M|||50|
|inactive|Battle timer is ON: inactive players will automatically lose when time's up. (requested by pom123123123)
|inactive|FreezyPop439 has 60 seconds left.
|inactive|pom123123123 has 60 seconds left.
|
|t:|1782383400
|teamsize|p1|4
|teamsize|p2|4
|start
|switch|p1a: Maushold|Maushold-Four, L50|100/100
|switch|p1b: Staraptor|Staraptor, L50, F|100/100
|switch|p2a: Miso|Incineroar, L50, F|100/100
|switch|p2b: Lawine|Pelipper, L50, M|100/100
|-ability|p1b: Staraptor|Intimidate|boost
|-unboost|p2a: Miso|atk|1
|-unboost|p2b: Lawine|atk|1
|-weather|RainDance|[from] ability: Drizzle|[of] p2b: Lawine
|-ability|p2a: Miso|Intimidate|boost
|-unboost|p1a: Maushold|atk|1
|-unboost|p1b: Staraptor|atk|1
|turn|1
|inactive|pom123123123 has 30 seconds left.
|
|t:|1782383438
|detailschange|p1b: Staraptor|Staraptor-Mega, L50, F
|-mega|p1b: Staraptor|Staraptor|Staraptite
|move|p2a: Miso|Fake Out|p1a: Maushold
|-damage|p1a: Maushold|90/100
|cant|p1a: Maushold|flinch
|move|p1b: Staraptor|Close Combat|p2a: Miso
|-supereffective|p2a: Miso|1
|-damage|p2a: Miso|42/100
|-boost|p1b: Staraptor|def|1
|-boost|p1b: Staraptor|spd|1
|move|p2b: Lawine|Hurricane|p1b: Staraptor
|-supereffective|p1b: Staraptor|1
|-damage|p1b: Staraptor|49/100
|-start|p1b: Staraptor|confusion
|
|-weather|RainDance|[upkeep]
|upkeep
|turn|2
|inactive|pom123123123 has 30 seconds left.
|inactive|FreezyPop439 has 30 seconds left.
|inactive|pom123123123 has 20 seconds left.
|
|t:|1782383475
|move|p1a: Maushold|Super Fang|p2b: Lawine
|-damage|p2b: Lawine|50/100g
|-activate|p1b: Staraptor|confusion
|move|p1b: Staraptor|Roost|p1b: Staraptor
|-heal|p1b: Staraptor|99/100
|-singleturn|p1b: Staraptor|move: Roost
|move|p2b: Lawine|Weather Ball|p1a: Maushold
|-damage|p1a: Maushold|0 fnt
|faint|p1a: Maushold
|move|p2a: Miso|Darkest Lariat|p1b: Staraptor
|-resisted|p1b: Staraptor|1
|-damage|p1b: Staraptor|87/100
|
|-weather|RainDance|[upkeep]
|upkeep
|
|t:|1782383488
|switch|p1a: Garchomp|Garchomp, L50, M|100/100
|turn|3
|inactive|FreezyPop439 has 30 seconds left.
|inactive|pom123123123 has 30 seconds left.
|
|t:|1782383517
|switch|p2b: Rotom|Rotom-Wash, L50|100/100
|-end|p1b: Staraptor|confusion
|move|p1b: Staraptor|Close Combat|p2a: Miso
|-supereffective|p2a: Miso|1
|-damage|p2a: Miso|0 fnt
|-boost|p1b: Staraptor|def|1
|-boost|p1b: Staraptor|spd|1
|faint|p2a: Miso
|move|p1a: Garchomp|Rock Slide|p2b: Rotom
|-damage|p2b: Rotom|66/100
|-damage|p1a: Garchomp|90/100|[from] item: Life Orb
|
|-weather|RainDance|[upkeep]
|upkeep
|
|t:|1782383536
|switch|p2a: Sashimi|Swampert, L50, M|100/100
|turn|4
|
|t:|1782383553
|detailschange|p2a: Sashimi|Swampert-Mega, L50, M
|-mega|p2a: Sashimi|Swampert|Swampertite
|move|p1b: Staraptor|Protect|p1b: Staraptor
|-singleturn|p1b: Staraptor|Protect
|move|p2a: Sashimi|Wave Crash|p1a: Garchomp
|-damage|p1a: Garchomp|0 fnt
|-damage|p2a: Sashimi|87/100|[from] ability: Rough Skin|[of] p1a: Garchomp
|faint|p1a: Garchomp
|-damage|p2a: Sashimi|55/100|[from] Recoil
|move|p2b: Rotom|Will-O-Wisp|p1b: Staraptor
|-activate|p1b: Staraptor|move: Protect
|
|-weather|RainDance|[upkeep]
|upkeep
|
|t:|1782383566
|switch|p1a: Gholdengo|Gholdengo, L50|100/100
|turn|5
|inactive|FreezyPop439 has 30 seconds left.
|
|t:|1782383591
|move|p1a: Gholdengo|Protect|p1a: Gholdengo
|-singleturn|p1a: Gholdengo|Protect
|move|p2a: Sashimi|Earthquake|p1b: Staraptor|[spread] 
|-activate|p1a: Gholdengo|move: Protect
|-immune|p2b: Rotom|[from] ability: Levitate
|-immune|p1b: Staraptor
|move|p1b: Staraptor|Close Combat|p2a: Sashimi
|-damage|p2a: Sashimi|20/100y
|-boost|p1b: Staraptor|def|1
|-boost|p1b: Staraptor|spd|1
|move|p2b: Rotom|Will-O-Wisp|p1b: Staraptor
|-status|p1b: Staraptor|brn
|
|-weather|none
|-damage|p1b: Staraptor|81/100 brn|[from] brn
|upkeep
|turn|6
|
|t:|1782383613
|switch|p2b: Lawine|Pelipper, L50, M|50/100g
|-weather|RainDance|[from] ability: Drizzle|[of] p2b: Lawine
|move|p2a: Sashimi|Earthquake|p1b: Staraptor|[spread] p1a
|-immune|p2b: Lawine
|-immune|p1b: Staraptor
|-supereffective|p1a: Gholdengo|1
|-damage|p1a: Gholdengo|14/100
|move|p1b: Staraptor|Close Combat|p2a: Sashimi
|-damage|p2a: Sashimi|2/100
|-boost|p1b: Staraptor|def|1
|-boost|p1b: Staraptor|spd|1
|move|p1a: Gholdengo|Shadow Ball|p2a: Sashimi
|-damage|p2a: Sashimi|0 fnt
|faint|p2a: Sashimi
|
|-weather|RainDance|[upkeep]
|-damage|p1b: Staraptor|75/100 brn|[from] brn
|upkeep
|
|t:|1782383631
|switch|p2a: Rotom|Rotom-Wash, L50|66/100
|turn|7
|inactive|FreezyPop439 has 30 seconds left.
|inactive|FreezyPop439 has 20 seconds left.
|
|t:|1782383667
|move|p2b: Lawine|Protect|p2b: Lawine
|-singleturn|p2b: Lawine|Protect
|move|p1b: Staraptor|Close Combat|p2a: Rotom
|-damage|p2a: Rotom|47/100
|-boost|p1b: Staraptor|def|1
|-boost|p1b: Staraptor|spd|1
|-enditem|p2a: Rotom|Sitrus Berry|[eat]
|-heal|p2a: Rotom|71/100|[from] item: Sitrus Berry
|move|p1a: Gholdengo|Shadow Ball|p2a: Rotom
|-damage|p2a: Rotom|21/100
|move|p2a: Rotom|Thunder|p1a: Gholdengo
|-damage|p1a: Gholdengo|0 fnt
|faint|p1a: Gholdengo
|
|-weather|RainDance|[upkeep]
|-damage|p1b: Staraptor|69/100 brn|[from] brn
|upkeep
|turn|8
|
|t:|1782383692
|move|p1b: Staraptor|Close Combat|p2b: Lawine
|-resisted|p2b: Lawine|1
|-damage|p2b: Lawine|37/100
|-boost|p1b: Staraptor|def|1
|-boost|p1b: Staraptor|spd|1
|move|p2b: Lawine|Hurricane|p1b: Staraptor
|-supereffective|p1b: Staraptor|1
|-damage|p1b: Staraptor|38/100 brn
|move|p2a: Rotom|Thunder|p1b: Staraptor
|-supereffective|p1b: Staraptor|1
|-damage|p1b: Staraptor|10/100 brn
|
|-weather|RainDance|[upkeep]
|-damage|p1b: Staraptor|4/100 brn|[from] brn
|upkeep
|turn|9
|
|t:|1782383713
|move|p1b: Staraptor|Roost|p1b: Staraptor
|-heal|p1b: Staraptor|54/100 brn
|-singleturn|p1b: Staraptor|move: Roost
|move|p2b: Lawine|Hurricane|p1b: Staraptor
|-supereffective|p1b: Staraptor|1
|-damage|p1b: Staraptor|27/100 brn
|-start|p1b: Staraptor|confusion
|move|p2a: Rotom|Thunder|p1b: Staraptor
|-damage|p1b: Staraptor|13/100 brn
|
|-weather|RainDance|[upkeep]
|-damage|p1b: Staraptor|7/100 brn|[from] brn
|upkeep
|turn|10
|
|t:|1782383723
|-activate|p1b: Staraptor|confusion
|move|p1b: Staraptor|Roost|p1b: Staraptor
|-heal|p1b: Staraptor|57/100 brn
|-singleturn|p1b: Staraptor|move: Roost
|move|p2b: Lawine|Hurricane|p1b: Staraptor
|-supereffective|p1b: Staraptor|1
|-damage|p1b: Staraptor|27/100 brn
|move|p2a: Rotom|Thunder|p1b: Staraptor
|-damage|p1b: Staraptor|12/100 brn
|
|-weather|none
|-damage|p1b: Staraptor|6/100 brn|[from] brn
|upkeep
|turn|11
|l|☆pom123123123
|inactive|pom123123123 disconnected and has a minute to reconnect!
|player|p2|
|j|☆pom123123123
|inactive|pom123123123 reconnected and has 45 seconds left.
|player|p2|pom123123123|wattson|
|inactive|pom123123123 has 30 seconds left.
|
|t:|1782383753
|-activate|p1b: Staraptor|confusion
|move|p1b: Staraptor|Roost|p1b: Staraptor
|-heal|p1b: Staraptor|56/100 brn
|-singleturn|p1b: Staraptor|move: Roost
|move|p2b: Lawine|Hurricane|p1b: Staraptor
|-supereffective|p1b: Staraptor|1
|-damage|p1b: Staraptor|28/100 brn
|move|p2a: Rotom|Thunder|p1b: Staraptor
|-damage|p1b: Staraptor|15/100 brn
|
|-damage|p1b: Staraptor|8/100 brn|[from] brn
|upkeep
|turn|12
|
|t:|1782383773
|-end|p1b: Staraptor|confusion
|move|p1b: Staraptor|Roost|p1b: Staraptor
|-heal|p1b: Staraptor|58/100 brn
|-singleturn|p1b: Staraptor|move: Roost
|move|p2b: Lawine|Hurricane|p1b: Staraptor
|-supereffective|p1b: Staraptor|1
|-damage|p1b: Staraptor|28/100 brn
|move|p2a: Rotom|Thunder|p1b: Staraptor
|-damage|p1b: Staraptor|13/100 brn
|
|-damage|p1b: Staraptor|7/100 brn|[from] brn
|upkeep
|turn|13
|
|t:|1782383788
|move|p1b: Staraptor|Roost|p1b: Staraptor
|-heal|p1b: Staraptor|57/100 brn
|-singleturn|p1b: Staraptor|move: Roost
|move|p2b: Lawine|Hurricane|p1b: Staraptor
|-supereffective|p1b: Staraptor|1
|-damage|p1b: Staraptor|31/100 brn
|move|p2a: Rotom|Thunder|p1b: Staraptor
|-crit|p1b: Staraptor
|-damage|p1b: Staraptor|0 fnt
|faint|p1b: Staraptor
|
|win|pom123123123
|inactive|FreezyPop439 has 30 seconds to confirm battle start!
|inactive|pom123123123 has 30 seconds to confirm battle start!
||FreezyPop439 is ready for game 2.
|inactive|pom123123123 has 20 seconds to confirm battle start!
|inactive|pom123123123 has 10 seconds to confirm battle start!
||pom123123123 is ready for game 2.
|uhtml|next|Next: Game 2 of 3
