|j|☆sguarracriaturi
|j|☆DeinosFanN1
|html|sguarracriaturiDeinosFanN1    
|uhtml|bestof|Game 1 of a best-of-3
|t:|1756379373
|gametype|doubles
|player|p1|sguarracriaturi|266|1085
|player|p2|DeinosFanN1|shadowtriad|1040
|gen|9
|tier|[Gen 9] VGC 2025 Reg H (Bo3)
|rated|
|rule|Species Clause: Limit one of each Pokémon
|rule|Item Clause: Limit 1 of each item
|clearpoke
|poke|p1|Ursaluna, L50, F|
|poke|p1|Gholdengo, L50|
|poke|p1|Porygon2, L50|
|poke|p1|Amoonguss, L50, F|
|poke|p1|Incineroar, L50, M|
|poke|p1|Hydreigon, L50, F|
|poke|p2|Kingambit, L50, F|
|poke|p2|Electabuzz, L50, F|
|poke|p2|Archaludon, L50, M|
|poke|p2|Rillaboom, L50, F|
|poke|p2|Dragonite, L50, F|
|poke|p2|Sneasler, L50, F|
|teampreview|4
|showteam|p1|Ursaluna||FlameOrb|Guts|Facade,Earthquake,HeadlongRush,Protect|||F|||50|,,,,,Fairy]Gholdengo||MetalCoat|GoodasGold|MakeItRain,ShadowBall,NastyPlot,Protect||||||50|,,,,,Flying]Porygon2||Eviolite|Download|TeraBlast,IceBeam,TrickRoom,Recover||||||50|,,,,,Fighting]Amoonguss||CovertCloak|Regenerator|PollenPuff,Spore,RagePowder,Protect|||F|||50|,,,,,Fire]Incineroar||SitrusBerry|Intimidate|FlareBlitz,KnockOff,PartingShot,FakeOut|||M|||50|,,,,,Grass]Hydreigon||SafetyGoggles|Levitate|DracoMeteor,Snarl,Tailwind,Protect|||F|||50|,,,,,Ghost
|showteam|p2|Kingambit||LifeOrb|Defiant|Protect,SwordsDance,SuckerPunch,Assurance|||F|||50|,,,,,Dark]Electabuzz||Eviolite|VitalSpirit|Protect,FollowMe,Electroweb,Taunt|||F|||50|,,,,,Ghost]Archaludon||PowerHerb|Sturdy|Protect,ElectroShot,FlashCannon,DracoMeteor|||M|||50|,,,,,Electric]Rillaboom||AssaultVest|GrassySurge|DrumBeating,GrassyGlide,Uturn,FakeOut|||F|||50|,,,,,Fire]Dragonite||LoadedDice|InnerFocus|Protect,ScaleShot,StompingTantrum,Haze|||F|||50|,,,,,Fairy]Sneasler||FocusSash|PoisonTouch|DireClaw,CloseCombat,Coaching,FakeOut|||F|||50|,,,,,Ghost
|
|t:|1756379425
|teamsize|p1|4
|teamsize|p2|4
|start
|switch|p1a: Ursaluna|Ursaluna, L50, F|100/100
|switch|p1b: Porygon2|Porygon2, L50|100/100
|switch|p2a: Rillaboom|Rillaboom, L50, F|100/100
|switch|p2b: Kingambit|Kingambit, L50, F|100/100
|-fieldstart|move: Grassy Terrain|[from] ability: Grassy Surge|[of] p2a: Rillaboom
|-ability|p1b: Porygon2|Download|boost
|-boost|p1b: Porygon2|spa|1
|turn|1
|
|t:|1756379500
|-terastallize|p2b: Kingambit|Dark
|-terastallize|p1b: Porygon2|Fighting
|move|p2a: Rillaboom|Fake Out|p1b: Porygon2
|-damage|p1b: Porygon2|91/100
|move|p2b: Kingambit|Swords Dance|p2b: Kingambit
|-boost|p2b: Kingambit|atk|2
|cant|p1b: Porygon2|flinch
|move|p1a: Ursaluna|Headlong Rush|p2b: Kingambit
|-damage|p2b: Kingambit|43/100
|-unboost|p1a: Ursaluna|def|1
|-unboost|p1a: Ursaluna|spd|1
|
|-heal|p2b: Kingambit|49/100|[from] Grassy Terrain
|-heal|p1b: Porygon2|97/100|[from] Grassy Terrain
|-status|p1a: Ursaluna|brn|[from] item: Flame Orb
|upkeep
|turn|2
|inactive|Battle timer is ON: inactive players will automatically lose when time's up. (requested by sguarracriaturi)
|
|t:|1756379567
|move|p2a: Rillaboom|Drum Beating|p1b: Porygon2
|-damage|p1b: Porygon2|61/100
|-unboost|p1b: Porygon2|spe|1
|move|p2b: Kingambit|Assurance|p1b: Porygon2
|-resisted|p1b: Porygon2
|-damage|p1b: Porygon2|0 fnt
|faint|p1b: Porygon2
|-damage|p2b: Kingambit|40/100|[from] item: Life Orb
|move|p1a: Ursaluna|Facade|p2b: Kingambit
|-crit|p2b: Kingambit
|-damage|p2b: Kingambit|0 fnt
|faint|p2b: Kingambit
|
|-damage|p1a: Ursaluna|95/100 brn|[from] brn
|upkeep
|
|t:|1756379579
|switch|p2b: Sneasler|Sneasler, L50, F|100/100
|switch|p1b: Incineroar|Incineroar, L50, M|100/100
|-ability|p1b: Incineroar|Intimidate|boost
|-unboost|p2a: Rillaboom|atk|1
|-unboost|p2b: Sneasler|atk|1
|turn|3
|
|t:|1756379591
|switch|p1a: Amoonguss|Amoonguss, L50, F|100/100
|move|p2b: Sneasler|Fake Out|p1b: Incineroar
|-damage|p1b: Incineroar|91/100
|-status|p1b: Incineroar|psn|[from] ability: Poison Touch|[of] p2b: Sneasler
|cant|p1b: Incineroar|flinch
|move|p2a: Rillaboom|Drum Beating|p1a: Amoonguss
|-resisted|p1a: Amoonguss
|-damage|p1a: Amoonguss|93/100
|
|-heal|p1b: Incineroar|97/100 psn|[from] Grassy Terrain
|-heal|p1a: Amoonguss|99/100|[from] Grassy Terrain
|-damage|p1b: Incineroar|84/100 psn|[from] psn
|upkeep
|turn|4
|
|t:|1756379610
|move|p1a: Amoonguss|Rage Powder|p1a: Amoonguss
|-singleturn|p1a: Amoonguss|move: Rage Powder
|move|p2b: Sneasler|Close Combat|p1a: Amoonguss
|-resisted|p1a: Amoonguss
|-damage|p1a: Amoonguss|81/100
|-unboost|p2b: Sneasler|def|1
|-unboost|p2b: Sneasler|spd|1
|move|p2a: Rillaboom|U-turn|p1b: Incineroar
|-damage|p1b: Incineroar|69/100 psn
|
|t:|1756379620
|switch|p2a: Electabuzz|Electabuzz, L50, F|100/100|[from] U-turn
|move|p1b: Incineroar|Parting Shot|p2b: Sneasler
|-unboost|p2b: Sneasler|atk|1
|-unboost|p2b: Sneasler|spa|1
|
|t:|1756379626
|switch|p1b: Ursaluna|Ursaluna, L50, F|95/100 brn|[from] Parting Shot
|
|-heal|p1b: Ursaluna|100/100 brn|[from] Grassy Terrain
|-heal|p1a: Amoonguss|87/100|[from] Grassy Terrain
|-damage|p1b: Ursaluna|95/100 brn|[from] brn
|upkeep
|turn|5
|inactive|DeinosFanN1 has 30 seconds left.
|
|t:|1756379655
|switch|p2b: Rillaboom|Rillaboom, L50, F|100/100
|move|p2a: Electabuzz|Taunt|p1a: Amoonguss
|-start|p1a: Amoonguss|move: Taunt
|move|p1b: Ursaluna|Headlong Rush|p2a: Electabuzz
|-supereffective|p2a: Electabuzz
|-damage|p2a: Electabuzz|0 fnt
|-unboost|p1b: Ursaluna|def|1
|-unboost|p1b: Ursaluna|spd|1
|faint|p2a: Electabuzz
|move|p1a: Amoonguss|Pollen Puff|p1b: Ursaluna
|-heal|p1b: Ursaluna|100/100 brn
|
|-heal|p1a: Amoonguss|93/100|[from] Grassy Terrain
|-damage|p1b: Ursaluna|95/100 brn|[from] brn
|-fieldend|move: Grassy Terrain
|upkeep
|
|t:|1756379664
|switch|p2a: Sneasler|Sneasler, L50, F|100/100
|turn|6
|
|t:|1756379684
|switch|p1a: Incineroar|Incineroar, L50, M|69/100 psn
|-ability|p1a: Incineroar|Intimidate|boost
|-unboost|p2a: Sneasler|atk|1
|-unboost|p2b: Rillaboom|atk|1
|move|p1b: Ursaluna|Protect|p1b: Ursaluna
|-singleturn|p1b: Ursaluna|Protect
|move|p2a: Sneasler|Fake Out|p1b: Ursaluna
|-activate|p1b: Ursaluna|move: Protect
|move|p2b: Rillaboom|Fake Out|p1a: Incineroar
|-damage|p1a: Incineroar|60/100 psn
|
|-damage|p1a: Incineroar|48/100 psn|[from] psn
|-damage|p1b: Ursaluna|89/100 brn|[from] brn
|upkeep
|-enditem|p1a: Incineroar|Sitrus Berry|[eat]
|-heal|p1a: Incineroar|73/100 psn|[from] item: Sitrus Berry
|turn|7
|
|t:|1756379708
|move|p1a: Incineroar|Fake Out|p2a: Sneasler
|-damage|p2a: Sneasler|79/100
|cant|p2a: Sneasler|flinch
|move|p2b: Rillaboom|Drum Beating|p1b: Ursaluna
|-supereffective|p1b: Ursaluna
|-damage|p1b: Ursaluna|23/100 brn
|-unboost|p1b: Ursaluna|spe|1
|move|p1b: Ursaluna|Facade|p2a: Sneasler
|-damage|p2a: Sneasler|0 fnt
|faint|p2a: Sneasler
|
|-damage|p1a: Incineroar|60/100 psn|[from] psn
|-damage|p1b: Ursaluna|18/100 brn|[from] brn
|upkeep
|turn|8
|inactive|sguarracriaturi has 30 seconds left.
|inactive|DeinosFanN1 has 30 seconds left.
|inactive|DeinosFanN1 has 20 seconds left.
|inactive|DeinosFanN1 has 15 seconds left.
|
|t:|1756379750
|move|p2b: Rillaboom|Drum Beating|p1b: Ursaluna
|-supereffective|p1b: Ursaluna
|-damage|p1b: Ursaluna|0 fnt
|faint|p1b: Ursaluna
|move|p1a: Incineroar|Parting Shot|p2b: Rillaboom
|-unboost|p2b: Rillaboom|atk|1
|-unboost|p2b: Rillaboom|spa|1
|
|t:|1756379753
|switch|p1a: Amoonguss|Amoonguss, L50, F|100/100|[from] Parting Shot
|
|upkeep
|
|t:|1756379755
|switch|p1b: Incineroar|Incineroar, L50, M|60/100 psn
|-ability|p1b: Incineroar|Intimidate|boost
|-unboost|p2b: Rillaboom|atk|1
|turn|9
|inactive|DeinosFanN1 has 30 seconds left.
|inactive|DeinosFanN1 has 20 seconds left.
|-message|DeinosFanN1 forfeited.
|
|win|sguarracriaturi
|l|☆DeinosFanN1
|player|p2|
||sguarracriaturi is ready for game 2.
|inactive|DeinosFanN1 has 30 seconds to confirm battle start!
||DeinosFanN1 is ready for game 2.
|uhtml|next|Next: Game 2 of 3
