|j|☆mario16172005
|j|☆lstdnce
|html|mario16172005lstdnce    
|uhtml|bestof|Game 3 of a best-of-3
|t:|1756574864
|gametype|doubles
|player|p1|mario16172005|workerice|1142
|player|p2|lstdnce|2|1177
|gen|9
|tier|[Gen 9] VGC 2025 Reg H (Bo3)
|rated|
|rule|Species Clause: Limit one of each Pokémon
|rule|Item Clause: Limit 1 of each item
|clearpoke
|poke|p1|Excadrill, L50, F|
|poke|p1|Tyranitar, L50, F|
|poke|p1|Dragonite, L50, F|
|poke|p1|Indeedee-F, L50, F|
|poke|p1|Gholdengo, L50|
|poke|p1|Sneasler, L50, M|
|poke|p2|Arcanine-Hisui, L50, F|
|poke|p2|Salamence, L50, M|
|poke|p2|Gholdengo, L50|
|poke|p2|Ursaluna-Bloodmoon, L50, M|
|poke|p2|Electabuzz, L50, M|
|poke|p2|Rillaboom, L50, F|
|teampreview|4
|showteam|p1|Excadrill||FocusSash|SandRush|Earthquake,HighHorsepower,IronHead,Protect|||F|||50|,,,,,Stellar]Tyranitar||AssaultVest|SandStream|KnockOff,RockSlide,LowKick,TeraBlast|||F|||50|,,,,,Flying]Dragonite||LoadedDice|Multiscale|ScaleShot,Tailwind,Haze,Protect|||F|||50|,,,,,Fairy]Indeedee-F||PsychicSeed|PsychicSurge|Psychic,Imprison,TrickRoom,Protect|||F|||50|,,,,,Psychic]Gholdengo||LifeOrb|GoodasGold|MakeItRain,ShadowBall,NastyPlot,Protect||||||50|,,,,,Water]Sneasler||WhiteHerb|Unburden|DireClaw,CloseCombat,Coaching,FakeOut|||M|||50|,,,,,Flying
|showteam|p2|Arcanine-Hisui||ChoiceBand|RockHead|FlareBlitz,RockSlide,HeadSmash,ExtremeSpeed|||F|||50|,,,,,Ghost]Salamence||RockyHelmet|Intimidate|Tailwind,DracoMeteor,AirSlash,Roost|||M|||50|,,,,,Steel]Gholdengo||Leftovers|GoodasGold|MakeItRain,ShadowBall,NastyPlot,Protect||||||50|,,,,,Dragon]Ursaluna-Bloodmoon||LifeOrb|MindsEye|Protect,HyperVoice,EarthPower,BloodMoon|||M|||50|,,,,,Normal]Electabuzz||Eviolite|VitalSpirit|Protect,Electroweb,Taunt,FollowMe|||M|||50|,,,,,Dragon]Rillaboom||AssaultVest|GrassySurge|FakeOut,WoodHammer,Uturn,GrassyGlide|||F|||50|,,,,,Fire
|inactive|Battle timer is ON: inactive players will automatically lose when time's up. (requested by lstdnce)
|
|t:|1756574889
|teamsize|p1|4
|teamsize|p2|4
|start
|switch|p1a: Gholdengo|Gholdengo, L50|100/100
|switch|p1b: Sneasler|Sneasler, L50, M|100/100
|switch|p2a: Electabuzz|Electabuzz, L50, M|100/100
|switch|p2b: Gholdengo|Gholdengo, L50|100/100
|turn|1
|inactive|mario16172005 has 30 seconds left.
|
|t:|1756574917
|-terastallize|p1a: Gholdengo|Water
|move|p1b: Sneasler|Fake Out|p2a: Electabuzz
|-damage|p2a: Electabuzz|87/100
|cant|p2a: Electabuzz|flinch
|move|p2b: Gholdengo|Shadow Ball|p1a: Gholdengo
|-damage|p1a: Gholdengo|58/100
|move|p1a: Gholdengo|Shadow Ball|p2b: Gholdengo
|-supereffective|p2b: Gholdengo
|-damage|p2b: Gholdengo|0 fnt
|faint|p2b: Gholdengo
|-damage|p1a: Gholdengo|49/100|[from] item: Life Orb
|
|upkeep
|
|t:|1756574939
|switch|p2b: Salamence|Salamence, L50, M|100/100
|-ability|p2b: Salamence|Intimidate|boost
|-unboost|p1a: Gholdengo|atk|1
|-unboost|p1b: Sneasler|atk|1
|-enditem|p1b: Sneasler|White Herb
|-clearnegativeboost|p1b: Sneasler|[silent]
|turn|2
|inactive|mario16172005 has 30 seconds left.
|inactive|mario16172005 has 20 seconds left.
|
|t:|1756574978
|move|p1b: Sneasler|Dire Claw|p2a: Electabuzz
|-damage|p2a: Electabuzz|46/100
|move|p2a: Electabuzz|Electroweb|p1b: Sneasler|[spread] p1a,p1b
|-supereffective|p1a: Gholdengo
|-damage|p1a: Gholdengo|21/100
|-damage|p1b: Sneasler|83/100
|-unboost|p1a: Gholdengo|spe|1
|-unboost|p1b: Sneasler|spe|1
|move|p2b: Salamence|Air Slash|p1b: Sneasler
|-supereffective|p1b: Sneasler
|-damage|p1b: Sneasler|0 fnt
|faint|p1b: Sneasler
|move|p1a: Gholdengo|Shadow Ball|p2a: Electabuzz
|-damage|p2a: Electabuzz|7/100
|-unboost|p2a: Electabuzz|spd|1
|-damage|p1a: Gholdengo|11/100|[from] item: Life Orb
|
|upkeep
|
|t:|1756574987
|switch|p1b: Indeedee|Indeedee-F, L50, F|100/100
|-fieldstart|move: Psychic Terrain|[from] ability: Psychic Surge|[of] p1b: Indeedee
|-enditem|p1b: Indeedee|Psychic Seed
|-boost|p1b: Indeedee|spd|1|[from] item: Psychic Seed
|turn|3
|
|t:|1756575004
|switch|p2a: Rillaboom|Rillaboom, L50, F|100/100
|-fieldstart|move: Grassy Terrain|[from] ability: Grassy Surge|[of] p2a: Rillaboom
|move|p1a: Gholdengo|Protect|p1a: Gholdengo
|-singleturn|p1a: Gholdengo|Protect
|move|p2b: Salamence|Air Slash|p1b: Indeedee
|-damage|p1b: Indeedee|78/100
|move|p1b: Indeedee|Psychic|p2a: Rillaboom
|-damage|p2a: Rillaboom|78/100
|
|-heal|p2a: Rillaboom|84/100|[from] Grassy Terrain
|-heal|p1b: Indeedee|85/100|[from] Grassy Terrain
|-heal|p1a: Gholdengo|17/100|[from] Grassy Terrain
|upkeep
|turn|4
|
|t:|1756575022
|move|p2a: Rillaboom|Fake Out|p1b: Indeedee
|-damage|p1b: Indeedee|71/100
|move|p2b: Salamence|Air Slash|p1a: Gholdengo
|-damage|p1a: Gholdengo|0 fnt
|faint|p1a: Gholdengo
|cant|p1b: Indeedee|flinch
|
|-heal|p2a: Rillaboom|90/100|[from] Grassy Terrain
|-heal|p1b: Indeedee|77/100|[from] Grassy Terrain
|upkeep
|
|t:|1756575029
|switch|p1a: Dragonite|Dragonite, L50, F|100/100
|turn|5
|
|t:|1756575042
|-terastallize|p2b: Salamence|Steel
|move|p1a: Dragonite|Scale Shot|p2b: Salamence
|-resisted|p2b: Salamence
|-damage|p2b: Salamence|94/100
|-resisted|p2b: Salamence
|-damage|p2b: Salamence|88/100
|-resisted|p2b: Salamence
|-damage|p2b: Salamence|82/100
|-resisted|p2b: Salamence
|-damage|p2b: Salamence|76/100
|-resisted|p2b: Salamence
|-damage|p2b: Salamence|70/100
|-hitcount|p2b: Salamence|5
|-unboost|p1a: Dragonite|def|1
|-boost|p1a: Dragonite|spe|1
|move|p2b: Salamence|Tailwind|p2b: Salamence
|-sidestart|p2: lstdnce|move: Tailwind
|move|p2a: Rillaboom|U-turn|p1b: Indeedee
|-supereffective|p1b: Indeedee
|-damage|p1b: Indeedee|30/100
|
|t:|1756575049
|switch|p2a: Electabuzz|Electabuzz, L50, M|7/100|[from] U-turn
|move|p1b: Indeedee|Psychic|p2a: Electabuzz
|-damage|p2a: Electabuzz|0 fnt
|faint|p2a: Electabuzz
|
|-heal|p2b: Salamence|76/100|[from] Grassy Terrain
|-heal|p1b: Indeedee|36/100|[from] Grassy Terrain
|upkeep
|
|t:|1756575054
|switch|p2a: Rillaboom|Rillaboom, L50, F|90/100
|turn|6
|inactive|mario16172005 has 30 seconds left.
|inactive|mario16172005 has 20 seconds left.
|inactive|mario16172005 has 15 seconds left.
|
|t:|1756575096
|move|p2a: Rillaboom|Fake Out|p1a: Dragonite
|-damage|p1a: Dragonite|89/100
|move|p2b: Salamence|Roost|p2b: Salamence
|-heal|p2b: Salamence|100/100
|cant|p1a: Dragonite|flinch
|move|p1b: Indeedee|Psychic|p2b: Salamence
|-resisted|p2b: Salamence
|-damage|p2b: Salamence|84/100
|
|-heal|p2b: Salamence|90/100|[from] Grassy Terrain
|-heal|p2a: Rillaboom|96/100|[from] Grassy Terrain
|-heal|p1b: Indeedee|42/100|[from] Grassy Terrain
|upkeep
|turn|7
|
|t:|1756575113
|move|p2b: Salamence|Air Slash|p1a: Dragonite
|-damage|p1a: Dragonite|59/100
|move|p1a: Dragonite|Scale Shot|p2b: Salamence
|-resisted|p2b: Salamence
|-damage|p2b: Salamence|84/100
|-resisted|p2b: Salamence
|-damage|p2b: Salamence|78/100
|-resisted|p2b: Salamence
|-damage|p2b: Salamence|72/100
|-resisted|p2b: Salamence
|-damage|p2b: Salamence|66/100
|-resisted|p2b: Salamence
|-damage|p2b: Salamence|60/100
|-hitcount|p2b: Salamence|5
|-unboost|p1a: Dragonite|def|1
|-boost|p1a: Dragonite|spe|1
|move|p2a: Rillaboom|Wood Hammer|p1b: Indeedee
|-damage|p1b: Indeedee|0 fnt
|faint|p1b: Indeedee
|-damage|p2a: Rillaboom|84/100|[from] Recoil
|
|-heal|p2b: Salamence|66/100|[from] Grassy Terrain
|-heal|p2a: Rillaboom|90/100|[from] Grassy Terrain
|-fieldend|move: Grassy Terrain
|upkeep
|turn|8
|-message|mario16172005 forfeited.
|raw|mario16172005's rating: 1142 → 1120(-22 for losing)
|raw|lstdnce's rating: 1177 → 1199(+22 for winning)
|
|win|lstdnce
|l|☆mario16172005
|player|p1|
