|j|☆statenty
|j|☆JLooney525
|html|statentyJLooney525    
|uhtml|bestof|Game 3 of a best-of-3
|t:|1786070066
|gametype|doubles
|player|p1|statenty|lucas|1116
|player|p2|JLooney525|265|1000
|gen|9
|tier|[Gen 9 Champions] VGC 2026 Reg M-B (Bo3)
|rated|
|rule|Species Clause: Limit one of each Pokémon
|rule|Item Clause: Limit 1 of each item
|clearpoke
|poke|p1|Charizard, L50, F|
|poke|p1|Sylveon, L50, M|
|poke|p1|Incineroar, L50, M|
|poke|p1|Garchomp, L50, F|
|poke|p1|Aerodactyl, L50, M|
|poke|p1|Kingambit, L50, F|
|poke|p2|Staraptor, L50, F|
|poke|p2|Raichu, L50, F|
|poke|p2|Sylveon, L50, F|
|poke|p2|Farigiraf, L50, M|
|poke|p2|Arcanine-Hisui, L50, M|
|poke|p2|Kingambit, L50, M|
|teampreview|4
|showteam|p1|Charizard||CharizarditeY|Blaze|HeatWave,SolarBeam,Protect,WeatherBall|Modest||F|||50|]Sylveon||Leftovers|Pixilate|HyperVoice,Moonblast,Yawn,Protect|Modest||M|||50|]Incineroar||SitrusBerry|Intimidate|FlareBlitz,FakeOut,PartingShot,Taunt|Impish||M|||50|]Garchomp||LifeOrb|RoughSkin|Earthquake,DragonClaw,StompingTantrum,RockSlide|Jolly||F|||50|]Aerodactyl||Aerodactylite|RockHead|RockSlide,DualWingbeat,Tailwind,Protect|Jolly||M|||50|]Kingambit||FocusSash|Defiant|LowKick,IronHead,SuckerPunch,KowtowCleave|Adamant||F|||50|
|showteam|p2|Staraptor||Staraptite|Intimidate|Protect,Tailwind,CloseCombat,DualWingbeat|Jolly||F|||50|]Raichu||RaichuniteY|LightningRod|Protect,ZapCannon,FocusBlast,FakeOut|Timid||F|||50|]Sylveon||FairyFeather|Pixilate|Detect,HyperVoice,QuickAttack,Moonblast|Modest||F|||50|]Farigiraf||SitrusBerry|ArmorTail|TrickRoom,HelpingHand,Psychic,Thunderbolt|Calm||M|||50|]Arcanine-Hisui||FocusSash|RockHead|Protect,HeadSmash,ExtremeSpeed,FlareBlitz|Jolly||M|||50|]Kingambit||LifeOrb|Defiant|Protect,SuckerPunch,KowtowCleave,LowKick|Adamant||M|||50|
|
|t:|1786070121
|teamsize|p1|4
|teamsize|p2|4
|start
|switch|p1a: Kingambit|Kingambit, L50, F|100/100
|switch|p1b: Incineroar|Incineroar, L50, M|100/100
|switch|p2a: Raichu|Raichu, L50, F|100/100
|switch|p2b: Sylveon|Sylveon, L50, F|100/100
|-ability|p1b: Incineroar|Intimidate|boost
|-unboost|p2a: Raichu|atk|1
|-unboost|p2b: Sylveon|atk|1
|turn|1
|
|t:|1786070153
|detailschange|p2a: Raichu|Raichu-Mega-Y, L50, F
|-mega|p2a: Raichu|Raichu|Raichunite Y
|move|p2b: Sylveon|Detect|p2b: Sylveon
|-singleturn|p2b: Sylveon|Protect
|move|p1b: Incineroar|Fake Out|p2b: Sylveon
|-activate|p2b: Sylveon|move: Protect
|move|p2a: Raichu|Focus Blast|p1a: Kingambit
|-supereffective|p1a: Kingambit|2
|-enditem|p1a: Kingambit|Focus Sash
|-damage|p1a: Kingambit|1/100
|move|p1a: Kingambit|Iron Head|p2b: Sylveon
|-activate|p2b: Sylveon|move: Protect
|
|upkeep
|turn|2
|
|t:|1786070181
|move|p1a: Kingambit|Sucker Punch|p2a: Raichu
|-damage|p2a: Raichu|25/100
|move|p2b: Sylveon|Quick Attack|p1a: Kingambit
|-damage|p1a: Kingambit|0 fnt
|faint|p1a: Kingambit
|move|p2a: Raichu|Focus Blast|p1b: Incineroar
|-supereffective|p1b: Incineroar|1
|-damage|p1b: Incineroar|34/100
|-enditem|p1b: Incineroar|Sitrus Berry|[eat]
|-heal|p1b: Incineroar|59/100|[from] item: Sitrus Berry
|move|p1b: Incineroar|Flare Blitz|p2a: Raichu
|-damage|p2a: Raichu|0 fnt
|faint|p2a: Raichu
|-damage|p1b: Incineroar|52/100|[from] Recoil
|
|upkeep
|
|t:|1786070201
|switch|p2a: Arcanine|Arcanine-Hisui, L50, M|100/100
|switch|p1a: Sylveon|Sylveon, L50, M|100/100
|turn|3
|
|t:|1786070228
|move|p2b: Sylveon|Detect|p2b: Sylveon
|-singleturn|p2b: Sylveon|Protect
|move|p2a: Arcanine|Head Smash|p1b: Incineroar
|-supereffective|p1b: Incineroar|1
|-damage|p1b: Incineroar|0 fnt
|faint|p1b: Incineroar
|move|p1a: Sylveon|Yawn|p2a: Arcanine
|-start|p2a: Arcanine|move: Yawn|[of] p1a: Sylveon
|
|upkeep
|
|t:|1786070237
|switch|p1b: Charizard|Charizard, L50, F|100/100
|turn|4
|
|t:|1786070247
|move|p1b: Charizard|Protect|p1b: Charizard
|-singleturn|p1b: Charizard|Protect
|move|p2a: Arcanine|Head Smash|p1b: Charizard
|-activate|p1b: Charizard|move: Protect
|move|p1a: Sylveon|Hyper Voice|p2b: Sylveon|[spread] p2a,p2b
|-resisted|p2a: Arcanine|1
|-damage|p2a: Arcanine|76/100
|-damage|p2b: Sylveon|67/100
|move|p2b: Sylveon|Hyper Voice|p1b: Charizard|[spread] p1a
|-activate|p1b: Charizard|move: Protect
|-damage|p1a: Sylveon|65/100
|
|-heal|p1a: Sylveon|71/100|[from] item: Leftovers
|-end|p2a: Arcanine|move: Yawn|[silent]
|-status|p2a: Arcanine|slp
|upkeep
|turn|5
|
|t:|1786070268
|detailschange|p1b: Charizard|Charizard-Mega-Y, L50, F
|-mega|p1b: Charizard|Charizard|Charizardite Y
|-weather|SunnyDay|[from] ability: Drought|[of] p1b: Charizard
|cant|p2a: Arcanine|slp
|move|p2b: Sylveon|Detect|p2b: Sylveon
|-singleturn|p2b: Sylveon|Protect
|move|p1b: Charizard|Heat Wave|p2b: Sylveon|[spread] 
|-activate|p2b: Sylveon|move: Protect
|-miss|p1b: Charizard|p2a: Arcanine
|move|p1a: Sylveon|Moonblast|p2b: Sylveon
|-activate|p2b: Sylveon|move: Protect
|
|-weather|SunnyDay|[upkeep]
|-heal|p1a: Sylveon|77/100|[from] item: Leftovers
|upkeep
|turn|6
|
|t:|1786070292
|cant|p2a: Arcanine|slp
|move|p1b: Charizard|Heat Wave|p2a: Arcanine|[spread] p2a,p2b
|-resisted|p2a: Arcanine|2
|-damage|p2a: Arcanine|58/100 slp
|-damage|p2b: Sylveon|22/100
|move|p1a: Sylveon|Yawn|p2b: Sylveon
|-start|p2b: Sylveon|move: Yawn|[of] p1a: Sylveon
|move|p2b: Sylveon|Hyper Voice|p1b: Charizard|[spread] p1a,p1b
|-resisted|p1b: Charizard|1
|-damage|p1a: Sylveon|39/100
|-damage|p1b: Charizard|78/100
|
|-weather|SunnyDay|[upkeep]
|-heal|p1a: Sylveon|45/100|[from] item: Leftovers
|upkeep
|turn|7
|
|t:|1786070310
|switch|p2b: Kingambit|Kingambit, L50, M|100/100
|move|p1a: Sylveon|Protect|p1a: Sylveon
|-singleturn|p1a: Sylveon|Protect
|-curestatus|p2a: Arcanine|slp|[msg]
|move|p2a: Arcanine|Head Smash|p1b: Charizard
|-supereffective|p1b: Charizard|2
|-damage|p1b: Charizard|0 fnt
|faint|p1b: Charizard
|
|-weather|SunnyDay|[upkeep]
|-heal|p1a: Sylveon|51/100|[from] item: Leftovers
|upkeep
|turn|8
|
|t:|1786070332
|move|p2a: Arcanine|Extreme Speed|p1a: Sylveon
|-crit|p1a: Sylveon
|-damage|p1a: Sylveon|8/100
|move|p2b: Kingambit|Sucker Punch|p1a: Sylveon
|-resisted|p1a: Sylveon|1
|-damage|p1a: Sylveon|0 fnt
|faint|p1a: Sylveon
|-damage|p2b: Kingambit|90/100|[from] item: Life Orb
|
|win|JLooney525
|raw|statenty's rating: 1116 → 1083(-33 for losing)
|raw|JLooney525's rating: 1000 → 1053(+53 for winning)
