|j|☆papoilo
|j|☆chlorinatedyopper
|html|papoilochlorinatedyopper    
|uhtml|bestof|Game 1 of a best-of-3
|t:|1785445714
|gametype|doubles
|player|p1|papoilo|fisherman-gen4|1148
|player|p2|chlorinatedyopper|266|1202
|gen|9
|tier|[Gen 9 Champions] VGC 2026 Reg M-B (Bo3)
|rated|
|rule|Species Clause: Limit one of each Pokémon
|rule|Item Clause: Limit 1 of each item
|clearpoke
|poke|p1|Gardevoir, L50, M|
|poke|p1|Talonflame, L50, M|
|poke|p1|Kingambit, L50, F|
|poke|p1|Basculegion, L50, M|
|poke|p1|Kommo-o, L50, M|
|poke|p1|Maushold, L50|
|poke|p2|Glimmora, L50, F|
|poke|p2|Garchomp, L50, F|
|poke|p2|Kingambit, L50, M, shiny|
|poke|p2|Whimsicott, L50, M, shiny|
|poke|p2|Delphox, L50, M|
|poke|p2|Staraptor, L50, M, shiny|
|teampreview|4
|showteam|p1|Gardevoir||Gardevoirite|Synchronize|HyperVoice,Psychic,Thunderbolt,Protect|Modest||M|||50|]Talonflame||SharpBeak|GaleWings|DualWingbeat,FlareBlitz,Tailwind,Protect|Jolly||M|||50|]Kingambit||ExpertBelt|Defiant|SuckerPunch,KowtowCleave,IronHead,LowKick|Jolly||F|||50|]Basculegion||ChoiceScarf|Adaptability|WaveCrash,LastRespects,AquaJet,FlipTurn|Jolly||M|||50|]Kommo-o||LifeOrb|Soundproof|ClangingScales,AuraSphere,DracoMeteor,Protect|Modest||M|||50|]Maushold|||FriendGuard|SuperFang,FollowMe,Feint,Protect|Jolly|||||50|
|showteam|p2|Glimmora||FocusSash|ToxicDebris|PowerGem,EarthPower,SludgeBomb,SpikyShield|Timid||F|||50|]Garchomp||LifeOrb|RoughSkin|Earthquake,DragonClaw,RockSlide,Protect|Jolly||F|||50|]Kingambit||ChopleBerry|Defiant|KowtowCleave,IronHead,SuckerPunch,LowKick|Adamant||M|||50|]Whimsicott||OccaBerry|Prankster|Moonblast,Tailwind,Charm,LightScreen|Timid||M|||50|]Delphox||Delphoxite|Blaze|Protect,Substitute,HeatWave,Psychic|Modest||M|||50|]Staraptor||Staraptite|Intimidate|CloseCombat,BraveBird,Roost,Protect|Jolly||M|||50|
|inactive|Battle timer is ON: inactive players will automatically lose when time's up. (requested by chlorinatedyopper)
|inactive|papoilo has 60 seconds left.
|inactive|papoilo has 30 seconds left.
|
|t:|1785445798
|teamsize|p1|4
|teamsize|p2|4
|start
|switch|p1a: Talonflame|Talonflame, L50, M|100/100
|switch|p1b: Gardevoir|Gardevoir, L50, M|100/100
|switch|p2a: Delphox|Delphox, L50, M|100/100
|switch|p2b: Garchomp|Garchomp, L50, F|100/100
|turn|1
|
|t:|1785445820
|switch|p2b: Whimsicott|Whimsicott, L50, M, shiny|100/100
|detailschange|p2a: Delphox|Delphox-Mega, L50, M
|-mega|p2a: Delphox|Delphox|Delphoxite
|detailschange|p1b: Gardevoir|Gardevoir-Mega, L50, M
|-mega|p1b: Gardevoir|Gardevoir|Gardevoirite
|move|p1a: Talonflame|Tailwind|p1a: Talonflame
|-sidestart|p1: papoilo|move: Tailwind
|move|p1b: Gardevoir|Hyper Voice|p2b: Whimsicott|[spread] p2a,p2b
|-resisted|p2a: Delphox|1
|-damage|p2a: Delphox|75/100
|-damage|p2b: Whimsicott|29/100
|move|p2a: Delphox|Heat Wave|p1a: Talonflame|[spread] p1a,p1b
|-resisted|p1a: Talonflame|1
|-damage|p1a: Talonflame|64/100
|-damage|p1b: Gardevoir|60/100
|
|upkeep
|turn|2
|inactive|papoilo has 30 seconds left.
|
|t:|1785445846
|move|p2b: Whimsicott|Tailwind|p2b: Whimsicott
|-sidestart|p2: chlorinatedyopper|move: Tailwind
|move|p1a: Talonflame|Dual Wingbeat|p2b: Whimsicott
|-supereffective|p2b: Whimsicott|1
|-damage|p2b: Whimsicott|0 fnt
|faint|p2b: Whimsicott
|-hitcount|p2: Whimsicott|1
|move|p2a: Delphox|Heat Wave|p1a: Talonflame|[spread] p1a,p1b
|-resisted|p1a: Talonflame|1
|-damage|p1a: Talonflame|31/100
|-damage|p1b: Gardevoir|23/100
|-status|p1b: Gardevoir|brn
|move|p1b: Gardevoir|Thunderbolt|p2a: Delphox
|-damage|p2a: Delphox|40/100
|
|-damage|p1b: Gardevoir|17/100 brn|[from] brn
|upkeep
|
|t:|1785445863
|switch|p2b: Garchomp|Garchomp, L50, F|100/100
|turn|3
|
|t:|1785445878
|move|p1a: Talonflame|Protect|p1a: Talonflame
|-singleturn|p1a: Talonflame|Protect
|move|p2a: Delphox|Heat Wave|p1a: Talonflame|[spread] p1b
|-activate|p1a: Talonflame|move: Protect
|-damage|p1b: Gardevoir|0 fnt
|faint|p1b: Gardevoir
|move|p2b: Garchomp|Earthquake|p1a: Talonflame|[spread] 
|-activate|p1a: Talonflame|move: Protect
|-immune|p2a: Delphox|[from] ability: Levitate
|
|upkeep
|
|t:|1785445886
|switch|p1b: Basculegion|Basculegion, L50, M|100/100
|turn|4
|inactive|papoilo has 30 seconds left.
|
|t:|1785445919
|switch|p1a: Maushold|Maushold, L50|100/100
|move|p2a: Delphox|Protect|p2a: Delphox
|-singleturn|p2a: Delphox|Protect
|move|p1b: Basculegion|Last Respects|p2b: Garchomp
|-damage|p2b: Garchomp|44/100
|move|p2b: Garchomp|Dragon Claw|p1a: Maushold
|-damage|p1a: Maushold|15/100
|-damage|p2b: Garchomp|35/100|[from] item: Life Orb
|
|-sideend|p1: papoilo|move: Tailwind
|upkeep
|turn|5
|
|t:|1785445937
|move|p1a: Maushold|Follow Me|p1a: Maushold
|-singleturn|p1a: Maushold|move: Follow Me
|move|p2a: Delphox|Heat Wave|p1a: Maushold|[spread] p1a,p1b
|-resisted|p1b: Basculegion|1
|-damage|p1a: Maushold|0 fnt
|-damage|p1b: Basculegion|81/100
|faint|p1a: Maushold
|move|p2b: Garchomp|Earthquake|p1b: Basculegion|[spread] p1b
|-immune|p2a: Delphox|[from] ability: Levitate
|-damage|p1b: Basculegion|21/100
|-damage|p2b: Garchomp|25/100|[from] item: Life Orb
|move|p1b: Basculegion|Last Respects|p2a: Delphox
|-supereffective|p2a: Delphox|1
|-damage|p2a: Delphox|0 fnt
|faint|p2a: Delphox
|
|-sideend|p2: chlorinatedyopper|move: Tailwind
|upkeep
|
|t:|1785445952
|switch|p2a: Kingambit|Kingambit, L50, M, shiny|100/100
|switch|p1a: Talonflame|Talonflame, L50, M|31/100
|turn|6
|
|t:|1785445963
|move|p2a: Kingambit|Sucker Punch|p1b: Basculegion
|-supereffective|p1b: Basculegion|1
|-damage|p1b: Basculegion|0 fnt
|faint|p1b: Basculegion
|move|p1a: Talonflame|Flare Blitz|p2a: Kingambit
|-supereffective|p2a: Kingambit|1
|-damage|p2a: Kingambit|36/100
|-damage|p1a: Talonflame|2/100|[from] Recoil
|move|p2b: Garchomp|Dragon Claw|p1a: Talonflame
|-damage|p1a: Talonflame|0 fnt
|faint|p1a: Talonflame
|-damage|p2b: Garchomp|15/100|[from] item: Life Orb
|
|win|chlorinatedyopper
||papoilo is ready for game 2.
|inactive|chlorinatedyopper has 30 seconds to confirm battle start!
