|j|☆catsharknado
|j|‽WestyLiam
|html|catsharknadoWestyLiam    
|uhtml|bestof|Game 3 of a best-of-3
|t:|1754341515
|gametype|doubles
|player|p1|catsharknado|265|1201
|player|p2|WestyLiam|170|1299
|gen|9
|tier|[Gen 9] VGC 2025 Reg H (Bo3)
|rated|
|rule|Species Clause: Limit one of each Pokémon
|rule|Item Clause: Limit 1 of each item
|clearpoke
|poke|p1|Sinistcha, L50|
|poke|p1|Dragonite, L50, M|
|poke|p1|Ursaluna-Bloodmoon, L50, M|
|poke|p1|Sneasler, L50, M|
|poke|p1|Rillaboom, L50, M|
|poke|p1|Incineroar, L50, F|
|poke|p2|Gholdengo, L50|
|poke|p2|Sneasler, L50, M|
|poke|p2|Rillaboom, L50, F|
|poke|p2|Dragonite, L50, F|
|poke|p2|Ninetales-Alola, L50, F|
|poke|p2|Arcanine-Hisui, L50, M|
|teampreview|4
|showteam|p1|Sinistcha||SitrusBerry|Hospitality|MatchaGotcha,LifeDew,Curse,RagePowder||||||50|,,,,,Fire]Dragonite||LoadedDice|Multiscale|ScaleShot,Tailwind,Haze,Protect|||M|||50|,,,,,Fairy]Ursaluna-Bloodmoon||AssaultVest|MindsEye|BloodMoon,EarthPower,HyperVoice,VacuumWave|||M|||50|,,,,,Ghost]Sneasler||FocusSash|PoisonTouch|DireClaw,ThroatChop,CloseCombat,Protect|||M|||50|,,,,,Grass]Rillaboom||MiracleSeed|GrassySurge|WoodHammer,GrassyGlide,Uturn,FakeOut|||M|||50|,,,,,Fire]Incineroar||SafetyGoggles|Intimidate|FlareBlitz,KnockOff,PartingShot,FakeOut|||F|||50|,,,,,Ghost
|showteam|p2|Gholdengo||GrassySeed|GoodasGold|Protect,MakeItRain,ShadowBall,NastyPlot||||||50|,,,,,Water]Sneasler||WhiteHerb|Unburden|Protect,CloseCombat,DireClaw,Coaching|||M|||50|,,,,,Ghost]Rillaboom||AssaultVest|GrassySurge|FakeOut,DrumBeating,GrassyGlide,HighHorsepower|||F|||50|,,,,,Fire]Dragonite||LoadedDice|Multiscale|Protect,ScaleShot,StompingTantrum,Tailwind|||F|||50|,,,,,Ground]Ninetales-Alola||FocusSash|SnowWarning|Blizzard,IcyWind,Encore,AuroraVeil|||F|||50|,,,,,Ghost]Arcanine-Hisui||ClearAmulet|Intimidate|Protect,FlareBlitz,ExtremeSpeed,RockSlide|||M|||50|,,,,,Water
|inactive|Battle timer is ON: inactive players will automatically lose when time's up. (requested by catsharknado)
|inactive|catsharknado has 60 seconds left.
|
|t:|1754341546
|teamsize|p1|4
|teamsize|p2|4
|start
|switch|p1a: Ursaluna|Ursaluna-Bloodmoon, L50, M|100/100
|switch|p1b: Incineroar|Incineroar, L50, F|100/100
|switch|p2a: Gholdengo|Gholdengo, L50|100/100
|switch|p2b: Rillaboom|Rillaboom, L50, F|100/100
|-fieldstart|move: Grassy Terrain|[from] ability: Grassy Surge|[of] p2b: Rillaboom
|-enditem|p2a: Gholdengo|Grassy Seed
|-boost|p2a: Gholdengo|def|1|[from] item: Grassy Seed
|-ability|p1b: Incineroar|Intimidate|boost
|-unboost|p2a: Gholdengo|atk|1
|-unboost|p2b: Rillaboom|atk|1
|turn|1
|inactive|catsharknado has 30 seconds left.
|
|t:|1754341573
|switch|p1a: Sinistcha|Sinistcha, L50|100/100
|-terastallize|p2a: Gholdengo|Water
|move|p2b: Rillaboom|Fake Out|p1b: Incineroar
|-damage|p1b: Incineroar|92/100
|move|p2a: Gholdengo|Nasty Plot|p2a: Gholdengo
|-boost|p2a: Gholdengo|spa|2
|cant|p1b: Incineroar|flinch
|
|-heal|p1b: Incineroar|98/100|[from] Grassy Terrain
|upkeep
|turn|2
|
|t:|1754341586
|-terastallize|p1a: Sinistcha|Fire
|move|p2b: Rillaboom|High Horsepower|p1a: Sinistcha
|-supereffective|p1a: Sinistcha
|-damage|p1a: Sinistcha|66/100
|move|p2a: Gholdengo|Shadow Ball|p1a: Sinistcha
|-damage|p1a: Sinistcha|0 fnt
|faint|p1a: Sinistcha
|move|p1b: Incineroar|Knock Off|p2a: Gholdengo
|-damage|p2a: Gholdengo|79/100
|
|-heal|p2a: Gholdengo|85/100|[from] Grassy Terrain
|-heal|p1b: Incineroar|100/100|[from] Grassy Terrain
|upkeep
|
|t:|1754341595
|switch|p1a: Sneasler|Sneasler, L50, M|100/100
|turn|3
|
|t:|1754341601
|switch|p2b: Arcanine|Arcanine-Hisui, L50, M|100/100
|-ability|p2b: Arcanine|Intimidate|boost
|-unboost|p1a: Sneasler|atk|1
|-unboost|p1b: Incineroar|atk|1
|move|p2a: Gholdengo|Protect|p2a: Gholdengo
|-singleturn|p2a: Gholdengo|Protect
|move|p1a: Sneasler|Dire Claw|p2a: Gholdengo
|-activate|p2a: Gholdengo|move: Protect
|move|p1b: Incineroar|Flare Blitz|p2b: Arcanine
|-resisted|p2b: Arcanine
|-damage|p2b: Arcanine|89/100
|-damage|p1b: Incineroar|97/100|[from] Recoil
|
|-heal|p2b: Arcanine|95/100|[from] Grassy Terrain
|-heal|p2a: Gholdengo|91/100|[from] Grassy Terrain
|-heal|p1b: Incineroar|100/100|[from] Grassy Terrain
|upkeep
|turn|4
|
|t:|1754341614
|switch|p1b: Ursaluna|Ursaluna-Bloodmoon, L50, M|100/100
|move|p1a: Sneasler|Protect|p1a: Sneasler
|-singleturn|p1a: Sneasler|Protect
|move|p2b: Arcanine|Rock Slide|p1a: Sneasler|[spread] 
|-activate|p1a: Sneasler|move: Protect
|-miss|p2b: Arcanine|p1b: Ursaluna
|move|p2a: Gholdengo|Make It Rain|p1b: Ursaluna|[spread] p1b
|-activate|p1a: Sneasler|move: Protect
|-crit|p1b: Ursaluna
|-damage|p1b: Ursaluna|5/100
|-unboost|p2a: Gholdengo|spa|1
|
|-heal|p2b: Arcanine|100/100|[from] Grassy Terrain
|-heal|p2a: Gholdengo|97/100|[from] Grassy Terrain
|-heal|p1b: Ursaluna|11/100|[from] Grassy Terrain
|upkeep
|turn|5
|
|t:|1754341633
|move|p2b: Arcanine|Extreme Speed|p1a: Sneasler
|-damage|p1a: Sneasler|55/100
|move|p1b: Ursaluna|Vacuum Wave|p2b: Arcanine
|-supereffective|p2b: Arcanine
|-damage|p2b: Arcanine|62/100
|move|p1a: Sneasler|Dire Claw|p2a: Gholdengo
|-damage|p2a: Gholdengo|80/100
|-status|p2a: Gholdengo|psn|[from] ability: Poison Touch|[of] p1a: Sneasler
|move|p2a: Gholdengo|Make It Rain|p1a: Sneasler|[spread] p1a,p1b
|-damage|p1a: Sneasler|0 fnt
|-damage|p1b: Ursaluna|0 fnt
|-unboost|p2a: Gholdengo|spa|1
|faint|p1a: Sneasler
|faint|p1b: Ursaluna
|
|-heal|p2b: Arcanine|68/100|[from] Grassy Terrain
|-heal|p2a: Gholdengo|86/100 psn|[from] Grassy Terrain
|-damage|p2a: Gholdengo|73/100 psn|[from] psn
|-fieldend|move: Grassy Terrain
|upkeep
|-message|catsharknado forfeited.
|
|win|WestyLiam
|raw|catsharknado's rating: 1201 → 1183(-18 for losing)
|raw|WestyLiam's rating: 1299 → 1317(+18 for winning)
|l|☆catsharknado
|player|p1|
|n|☆WestyLiam|westyliam
|l|☆WestyLiam
|player|p2|
|j|‽WestyLiam
|player|p2|WestyLiam|170|
