|j|☆Spyro cat
|j|☆darthmorton
|html|Spyro catdarthmorton    
|uhtml|bestof|Game 3 of a best-of-3
|t:|1754687514
|gametype|doubles
|player|p1|Spyro cat|101|1380
|player|p2|darthmorton|ingo|1263
|gen|9
|tier|[Gen 9] VGC 2025 Reg H (Bo3)
|rated|
|rule|Species Clause: Limit one of each Pokémon
|rule|Item Clause: Limit 1 of each item
|clearpoke
|poke|p1|Indeedee, L50, M|
|poke|p1|Sneasler, L50, F|
|poke|p1|Excadrill, L50, M|
|poke|p1|Magmar, L50, M|
|poke|p1|Corviknight, L50, M|
|poke|p1|Tyranitar, L50, M|
|poke|p2|Charizard, L50, M|
|poke|p2|Torkoal, L50, F|
|poke|p2|Porygon2, L50|
|poke|p2|Incineroar, L50, M|
|poke|p2|Jumpluff, L50, F|
|poke|p2|Ursaluna, L50, F|
|teampreview|4
|showteam|p1|Indeedee||ChoiceScarf|PsychicSurge|ExpandingForce,TeraBlast,Trick,Protect|||M|||50|,,,,,Psychic]Sneasler||WhiteHerb|Unburden|FakeOut,CloseCombat,DireClaw,Coaching|||F|||50|,,,,,Flying]Excadrill||FocusSash|SandRush|Earthquake,IronHead,SwordsDance,Protect|||M|||50|,,,,,Ground]Magmar||Eviolite|VitalSpirit|HeatWave,FollowMe,HelpingHand,Protect|||M|||50|,,,,,Flying]Corviknight||PsychicSeed|MirrorArmor|BraveBird,PowerTrip,BulkUp,Roost|||M|||50|,,,,,Water]Tyranitar||AssaultVest|SandStream|RockSlide,KnockOff,LowKick,TeraBlast|||M|||50|,,,,,Flying
|showteam|p2|Charizard||ChoiceSpecs|SolarPower|HeatWave,Overheat,WeatherBall,AirSlash|||M|||50|,,,,,Ghost]Torkoal||EjectPack|Drought|Eruption,Overheat,HelpingHand,Protect|||F|||50|,,,,,Fire]Porygon2||Eviolite|Download|TeraBlast,IceBeam,Recover,TrickRoom||||||50|,,,,,Fighting]Incineroar||SitrusBerry|Intimidate|FlareBlitz,KnockOff,FakeOut,PartingShot|||M|||50|,,,,,Ghost]Jumpluff||CovertCloak|Chlorophyll|SleepPowder,SunnyDay,RagePowder,Tailwind|||F|||50|,,,,,Water]Ursaluna||FlameOrb|Guts|HeadlongRush,Facade,Earthquake,Protect|||F|||50|,,,,,Ghost
|inactive|Battle timer is ON: inactive players will automatically lose when time's up. (requested by Spyro cat)
|inactive|darthmorton also wants the timer to be on.
|inactive|Spyro cat has 60 seconds left.
|inactive|darthmorton has 60 seconds left.
|
|t:|1754687562
|teamsize|p1|4
|teamsize|p2|4
|start
|switch|p1a: Indeedee|Indeedee, L50, M|100/100
|switch|p1b: Sneasler|Sneasler, L50, F|100/100
|switch|p2a: Jumpluff|Jumpluff, L50, F|100/100
|switch|p2b: Porygon2|Porygon2, L50|100/100
|-fieldstart|move: Psychic Terrain|[from] ability: Psychic Surge|[of] p1a: Indeedee
|-ability|p2b: Porygon2|Download|boost
|-boost|p2b: Porygon2|atk|1
|turn|1
|inactive|Spyro cat has 30 seconds left.
|inactive|Spyro cat has 20 seconds left.
|inactive|Spyro cat has 15 seconds left.
|
|t:|1754687603
|-terastallize|p1a: Indeedee|Psychic
|move|p2a: Jumpluff|Rage Powder|p2a: Jumpluff
|-singleturn|p2a: Jumpluff|move: Rage Powder
|move|p1a: Indeedee|Expanding Force|p2a: Jumpluff|[spread] p2a,p2b
|-damage|p2a: Jumpluff|26/100
|-damage|p2b: Porygon2|52/100
|move|p1b: Sneasler|Close Combat|p2a: Jumpluff
|-resisted|p2a: Jumpluff
|-damage|p2a: Jumpluff|0 fnt
|-unboost|p1b: Sneasler|def|1
|-unboost|p1b: Sneasler|spd|1
|faint|p2a: Jumpluff
|-enditem|p1b: Sneasler|White Herb
|-clearnegativeboost|p1b: Sneasler|[silent]
|move|p2b: Porygon2|Trick Room|p2b: Porygon2
|-fieldstart|move: Trick Room|[of] p2b: Porygon2
|
|upkeep
|
|t:|1754687614
|switch|p2a: Torkoal|Torkoal, L50, F|100/100
|-weather|SunnyDay|[from] ability: Drought|[of] p2a: Torkoal
|turn|2
|
|t:|1754687625
|switch|p1b: Tyranitar|Tyranitar, L50, M|100/100
|-weather|Sandstorm|[from] ability: Sand Stream|[of] p1b: Tyranitar
|-terastallize|p2b: Porygon2|Fighting
|move|p2a: Torkoal|Eruption|p1a: Indeedee|[spread] p1a,p1b
|-crit|p1a: Indeedee
|-resisted|p1b: Tyranitar
|-damage|p1a: Indeedee|0 fnt
|-damage|p1b: Tyranitar|92/100
|faint|p1a: Indeedee
|move|p2b: Porygon2|Tera Blast|p1b: Tyranitar|[anim] Tera Blast Fighting
|-supereffective|p1b: Tyranitar
|-damage|p1b: Tyranitar|38/100
|
|-weather|Sandstorm|[upkeep]
|-damage|p2a: Torkoal|94/100|[from] Sandstorm
|-damage|p2b: Porygon2|45/100|[from] Sandstorm
|upkeep
|
|t:|1754687643
|switch|p1a: Magmar|Magmar, L50, M|100/100
|turn|3
|inactive|Spyro cat has 30 seconds left.
|inactive|darthmorton has 30 seconds left.
|inactive|Spyro cat has 20 seconds left.
|
|t:|1754687683
|move|p1a: Magmar|Follow Me|p1a: Magmar
|-singleturn|p1a: Magmar|move: Follow Me
|move|p2a: Torkoal|Eruption|p1b: Tyranitar|[spread] p1a,p1b
|-resisted|p1a: Magmar
|-resisted|p1b: Tyranitar
|-damage|p1a: Magmar|82/100
|-damage|p1b: Tyranitar|30/100
|move|p2b: Porygon2|Recover|p2b: Porygon2
|-heal|p2b: Porygon2|95/100
|move|p1b: Tyranitar|Low Kick|p2a: Torkoal
|-damage|p2a: Torkoal|76/100
|
|-weather|Sandstorm|[upkeep]
|-damage|p2a: Torkoal|69/100|[from] Sandstorm
|-damage|p2b: Porygon2|89/100|[from] Sandstorm
|-damage|p1a: Magmar|77/100|[from] Sandstorm
|upkeep
|turn|4
|
|t:|1754687702
|move|p1a: Magmar|Follow Me|p1a: Magmar
|-singleturn|p1a: Magmar|move: Follow Me
|move|p2a: Torkoal|Eruption|p1a: Magmar|[spread] p1a,p1b
|-resisted|p1a: Magmar
|-resisted|p1b: Tyranitar
|-crit|p1b: Tyranitar
|-damage|p1a: Magmar|64/100
|-damage|p1b: Tyranitar|23/100
|move|p2b: Porygon2|Tera Blast|p1a: Magmar|[anim] Tera Blast Fighting
|-damage|p1a: Magmar|36/100
|move|p1b: Tyranitar|Knock Off|p2b: Porygon2
|-resisted|p2b: Porygon2
|-damage|p2b: Porygon2|75/100
|-enditem|p2b: Porygon2|Eviolite|[from] move: Knock Off|[of] p1b: Tyranitar
|
|-weather|Sandstorm|[upkeep]
|-damage|p2a: Torkoal|63/100|[from] Sandstorm
|-damage|p2b: Porygon2|69/100|[from] Sandstorm
|-damage|p1a: Magmar|30/100|[from] Sandstorm
|upkeep
|turn|5
|inactive|darthmorton has 30 seconds left.
|
|t:|1754687730
|switch|p1b: Sneasler|Sneasler, L50, F|100/100
|move|p1a: Magmar|Follow Me|p1a: Magmar
|-singleturn|p1a: Magmar|move: Follow Me
|move|p2a: Torkoal|Overheat|p1a: Magmar
|-resisted|p1a: Magmar
|-damage|p1a: Magmar|9/100
|-unboost|p2a: Torkoal|spa|2
|-enditem|p2a: Torkoal|Eject Pack
|
|t:|1754687737
|switch|p2a: Ursaluna|Ursaluna, L50, F|100/100
|move|p2b: Porygon2|Recover|p2b: Porygon2
|-heal|p2b: Porygon2|100/100
|
|-weather|Sandstorm|[upkeep]
|-damage|p2b: Porygon2|94/100|[from] Sandstorm
|-damage|p1a: Magmar|3/100|[from] Sandstorm
|-damage|p1b: Sneasler|95/100|[from] Sandstorm
|-fieldend|move: Trick Room
|-fieldend|move: Psychic Terrain
|-status|p2a: Ursaluna|brn|[from] item: Flame Orb
|upkeep
|turn|6
|
|t:|1754687755
|move|p2a: Ursaluna|Protect|p2a: Ursaluna
|-singleturn|p2a: Ursaluna|Protect
|move|p1b: Sneasler|Dire Claw|p2b: Porygon2
|-damage|p2b: Porygon2|47/100
|move|p1a: Magmar|Heat Wave|p2b: Porygon2|[spread] 
|-activate|p2a: Ursaluna|move: Protect
|-miss|p1a: Magmar|p2b: Porygon2
|move|p2b: Porygon2|Trick Room|p2b: Porygon2
|-fieldstart|move: Trick Room|[of] p2b: Porygon2
|
|-weather|none
|-damage|p2a: Ursaluna|95/100 brn|[from] brn
|upkeep
|turn|7
|-message|Spyro cat forfeited.
|raw|Spyro cat's rating: 1380 → 1354(-26 for losing)
|raw|darthmorton's rating: 1263 → 1296(+33 for winning)
|
|win|darthmorton
|l|☆Spyro cat
|player|p1|
