|j|☆Oscarm92
|j|☆anlerz
|html|Oscarm92anlerz    
|uhtml|bestof|Game 3 of a best-of-3
|t:|1784305769
|gametype|doubles
|player|p1|Oscarm92|169|1320
|player|p2|anlerz|giovanni|1256
|gen|9
|tier|[Gen 9 Champions] VGC 2026 Reg M-B (Bo3)
|rated|
|rule|Species Clause: Limit one of each Pokémon
|rule|Item Clause: Limit 1 of each item
|clearpoke
|poke|p1|Charizard, L50, F, shiny|
|poke|p1|Aerodactyl, L50, M|
|poke|p1|Garchomp, L50, F, shiny|
|poke|p1|Kingambit, L50, M|
|poke|p1|Sylveon, L50, M|
|poke|p1|Farigiraf, L50, F|
|poke|p2|Charizard, L50, M|
|poke|p2|Aerodactyl, L50, M|
|poke|p2|Garchomp, L50, M|
|poke|p2|Kingambit, L50, M|
|poke|p2|Farigiraf, L50, M|
|poke|p2|Sylveon, L50, F|
|teampreview|4
|showteam|p1|Charizard||CharizarditeY|Blaze|HeatWave,WeatherBall,SolarBeam,Protect|Modest||F|||50|]Aerodactyl||Aerodactylite|Unnerve|IceFang,RockSlide,Tailwind,DualWingbeat|Jolly||M|||50|]Garchomp||LifeOrb|RoughSkin|DragonClaw,StompingTantrum,Earthquake,Protect|Jolly||F|||50|]Kingambit||FocusSash|Defiant|SuckerPunch,KowtowCleave,IronHead,LowKick|Adamant||M|||50|]Sylveon||FairyFeather|Pixilate|QuickAttack,HyperVoice,HyperBeam,Protect|Modest||M|||50|]Farigiraf||SitrusBerry|ArmorTail|TrickRoom,Thunderbolt,Roar,Psychic|Bold||F|||50|
|showteam|p2|Charizard||CharizarditeY|SolarPower|WeatherBall,HeatWave,SolarBeam,Protect|Bold||M|||50|]Aerodactyl||Aerodactylite|Unnerve|RockSlide,DualWingbeat,IceFang,Tailwind|Jolly||M|||50|]Garchomp||LifeOrb|RoughSkin|DragonClaw,StompingTantrum,Earthquake,Protect|Jolly||M|||50|]Kingambit||FocusSash|Defiant|KowtowCleave,SuckerPunch,IronHead,LowKick|Adamant||M|||50|]Farigiraf||SitrusBerry|ArmorTail|Psychic,Thunderbolt,HelpingHand,TrickRoom|Bold||M|||50|]Sylveon||FairyFeather|Pixilate|HyperVoice,HyperBeam,QuickAttack,Detect|Modest||F|||50|
|inactive|Battle timer is ON: inactive players will automatically lose when time's up. (requested by anlerz)
|
|t:|1784305776
|teamsize|p1|4
|teamsize|p2|4
|start
|switch|p1a: Aerodactyl|Aerodactyl, L50, M|100/100
|switch|p1b: Kingambit|Kingambit, L50, M|100/100
|switch|p2a: Aerodactyl|Aerodactyl, L50, M|100/100
|switch|p2b: Kingambit|Kingambit, L50, M|100/100
|-ability|p1a: Aerodactyl|Unnerve
|-ability|p2a: Aerodactyl|Unnerve
|turn|1
|
|t:|1784305800
|detailschange|p1a: Aerodactyl|Aerodactyl-Mega, L50, M
|-mega|p1a: Aerodactyl|Aerodactyl|Aerodactylite
|detailschange|p2a: Aerodactyl|Aerodactyl-Mega, L50, M
|-mega|p2a: Aerodactyl|Aerodactyl|Aerodactylite
|move|p2a: Aerodactyl|Rock Slide|p1b: Kingambit|[spread] p1a,p1b
|-supereffective|p1a: Aerodactyl|1
|-resisted|p1b: Kingambit|1
|-damage|p1a: Aerodactyl|42/100
|-damage|p1b: Kingambit|88/100
|cant|p1a: Aerodactyl|flinch
|move|p1b: Kingambit|Low Kick|p2b: Kingambit
|-supereffective|p2b: Kingambit|2
|-enditem|p2b: Kingambit|Focus Sash
|-damage|p2b: Kingambit|1/100
|move|p2b: Kingambit|Low Kick|p1b: Kingambit
|-supereffective|p1b: Kingambit|2
|-damage|p1b: Kingambit|0 fnt
|faint|p1b: Kingambit
|
|upkeep
|
|t:|1784305812
|switch|p1b: Sylveon|Sylveon, L50, M|100/100
|turn|2
|c|☆anlerz|Sorry man
|
|t:|1784305836
|move|p1b: Sylveon|Quick Attack|p2b: Kingambit
|-damage|p2b: Kingambit|0 fnt
|faint|p2b: Kingambit
|move|p1a: Aerodactyl|Rock Slide|p2a: Aerodactyl
|-supereffective|p2a: Aerodactyl|1
|-damage|p2a: Aerodactyl|18/100
|move|p2a: Aerodactyl|Tailwind|p2a: Aerodactyl
|-sidestart|p2: anlerz|move: Tailwind
|
|upkeep
|
|t:|1784305848
|switch|p2b: Sylveon|Sylveon, L50, F|100/100
|turn|3
|inactive|Oscarm92 has 30 seconds left.
|
|t:|1784305874
|move|p2a: Aerodactyl|Rock Slide|p1b: Sylveon|[spread] p1a,p1b
|-supereffective|p1a: Aerodactyl|1
|-damage|p1a: Aerodactyl|0 fnt
|-damage|p1b: Sylveon|71/100
|faint|p1a: Aerodactyl
|move|p2b: Sylveon|Hyper Voice|p1b: Sylveon
|-damage|p1b: Sylveon|16/100
|move|p1b: Sylveon|Hyper Voice|p2b: Sylveon|[spread] p2a,p2b
|-damage|p2a: Aerodactyl|0 fnt
|-damage|p2b: Sylveon|62/100
|faint|p2a: Aerodactyl
|
|upkeep
|
|t:|1784305884
|switch|p1a: Farigiraf|Farigiraf, L50, F|100/100
|switch|p2a: Garchomp|Garchomp, L50, M|100/100
|turn|4
|inactive|anlerz has 30 seconds left.
|inactive|anlerz has 20 seconds left.
|
|t:|1784305920
|move|p1b: Sylveon|Protect|p1b: Sylveon
|-singleturn|p1b: Sylveon|Protect
|move|p2a: Garchomp|Dragon Claw|p1a: Farigiraf
|-damage|p1a: Farigiraf|60/100
|-damage|p2a: Garchomp|90/100|[from] item: Life Orb
|move|p2b: Sylveon|Hyper Voice|p1b: Sylveon|[spread] p1a
|-activate|p1b: Sylveon|move: Protect
|-damage|p1a: Farigiraf|18/100
|-enditem|p1a: Farigiraf|Sitrus Berry|[eat]
|-heal|p1a: Farigiraf|43/100|[from] item: Sitrus Berry
|move|p1a: Farigiraf|Psychic|p2b: Sylveon
|-damage|p2b: Sylveon|34/100
|
|upkeep
|turn|5
|inactive|anlerz has 30 seconds left.
|c|☆anlerz|It was trick room man
|
|t:|1784305955
|move|p2b: Sylveon|Detect|p2b: Sylveon
|-singleturn|p2b: Sylveon|Protect
|move|p2a: Garchomp|Earthquake|p1a: Farigiraf|[spread] p1a,p1b
|-activate|p2b: Sylveon|move: Protect
|-damage|p1a: Farigiraf|5/100
|-damage|p1b: Sylveon|0 fnt
|faint|p1b: Sylveon
|-damage|p2a: Garchomp|80/100|[from] item: Life Orb
|move|p1a: Farigiraf|Psychic|p2a: Garchomp
|-damage|p2a: Garchomp|45/100
|
|-sideend|p2: anlerz|move: Tailwind
|upkeep
|turn|6
|c|☆Oscarm92|i ko im f studi and idiot
|inactive|Oscarm92 has 30 seconds left.
|
|t:|1784305981
|move|p2a: Garchomp|Dragon Claw|p1a: Farigiraf
|-damage|p1a: Farigiraf|0 fnt
|faint|p1a: Farigiraf
|-damage|p2a: Garchomp|35/100|[from] item: Life Orb
|
|win|anlerz
|raw|Oscarm92's rating: 1320 → 1296(-24 for losing)
|raw|anlerz's rating: 1256 → 1286(+30 for winning)
|c|☆anlerz|Don't be rude
|c|☆anlerz|Good luck for the future
|l|☆anlerz
|player|p2|
