|j|☆kojay
|j|☆Tzavellas
|html|kojayTzavellas    
|uhtml|bestof|Game 2 of a best-of-3
|t:|1756824575
|gametype|doubles
|player|p1|kojay|kamado-armor|1080
|player|p2|Tzavellas|169|1033
|gen|9
|tier|[Gen 9] VGC 2025 Reg H (Bo3)
|rated|
|rule|Species Clause: Limit one of each Pokémon
|rule|Item Clause: Limit 1 of each item
|clearpoke
|poke|p1|Garchomp, L50, M|
|poke|p1|Sneasler, L50, M|
|poke|p1|Incineroar, L50, M|
|poke|p1|Dragonite, L50, F|
|poke|p1|Gholdengo, L50|
|poke|p1|Vivillon, L50, M|
|poke|p2|Tyranitar, L50, M|
|poke|p2|Garchomp, L50, F|
|poke|p2|Arcanine-Hisui, L50, F|
|poke|p2|Excadrill, L50, M|
|poke|p2|Orthworm, L50, M|
|poke|p2|Corviknight, L50, F|
|teampreview|4
|showteam|p1|Garchomp||LifeOrb|RoughSkin|Earthquake,DragonClaw,StompingTantrum,Protect|||M|||50|,,,,,Ground]Sneasler||WhiteHerb|Unburden|Coaching,Protect,DireClaw,CloseCombat|||M|||50|,,,,,Ghost]Incineroar||SafetyGoggles|Intimidate|FakeOut,FlareBlitz,KnockOff,PartingShot|||M|||50|,,,,,Ghost]Dragonite||LoadedDice|InnerFocus|TeraBlast,ScaleShot,Tailwind,Protect|||F|||50|,,,,,Flying]Gholdengo||ChoiceScarf|GoodasGold|MakeItRain,ShadowBall,Trick,Thunderbolt||||||50|,,,,,Steel]Vivillon||FocusSash|CompoundEyes|Hurricane,SleepPowder,RagePowder,Protect|||M|||50|,,,,,Ghost
|showteam|p2|Tyranitar||AssaultVest|SandStream|KnockOff,RockSlide,TeraBlast,LowKick|||M|||50|,,,,,Flying]Garchomp||FocusSash|SandVeil|Earthquake,RockSlide,SwordsDance,DragonClaw|||F|||50|,,,,,Dragon]Arcanine-Hisui||ChoiceBand|Intimidate|FlareBlitz,RockSlide,ExtremeSpeed,CloseCombat|||F|||50|,,,,,Water]Excadrill||LifeOrb|SandRush|Earthquake,RockSlide,Protect,IronHead|||M|||50|,,,,,Stellar]Orthworm||SitrusBerry|EarthEater|BodyPress,IronDefense,ShedTail,HeavySlam|||M|||50|,,,,,Fairy]Corviknight||Leftovers|MirrorArmor|BodyPress,IronDefense,Tailwind,TeraBlast|||F|||50|,,,,,Stellar
|inactive|Battle timer is ON: inactive players will automatically lose when time's up. (requested by Tzavellas)
|inactive|kojay has 60 seconds left.
|inactive|kojay has 30 seconds left.
|inactive|kojay has 20 seconds left.
|
|t:|1756824650
|teamsize|p1|4
|teamsize|p2|4
|start
|switch|p1a: Dalinar|Incineroar, L50, M, shiny|100/100
|switch|p1b: Sneasler|Sneasler, L50, M|100/100
|switch|p2a: Tyranitar|Tyranitar, L50, M|100/100
|switch|p2b: Excadrill|Excadrill, L50, M|100/100
|-ability|p1a: Dalinar|Intimidate|boost
|-unboost|p2a: Tyranitar|atk|1
|-unboost|p2b: Excadrill|atk|1
|-weather|Sandstorm|[from] ability: Sand Stream|[of] p2a: Tyranitar
|turn|1
|inactive|Tzavellas has 30 seconds left.
|
|t:|1756824676
|-terastallize|p1b: Sneasler|Ghost
|move|p2b: Excadrill|Protect|p2b: Excadrill
|-singleturn|p2b: Excadrill|Protect
|move|p1a: Dalinar|Fake Out|p2a: Tyranitar
|-resisted|p2a: Tyranitar
|-damage|p2a: Tyranitar|96/100
|move|p1b: Sneasler|Close Combat|p2a: Tyranitar
|-supereffective|p2a: Tyranitar
|-damage|p2a: Tyranitar|0 fnt
|-unboost|p1b: Sneasler|def|1
|-unboost|p1b: Sneasler|spd|1
|faint|p2a: Tyranitar
|-enditem|p1b: Sneasler|White Herb
|-clearnegativeboost|p1b: Sneasler|[silent]
|
|-weather|Sandstorm|[upkeep]
|-damage|p1b: Sneasler|95/100|[from] Sandstorm
|upkeep
|
|t:|1756824690
|switch|p2a: Arcanine|Arcanine-Hisui, L50, F|100/100
|-ability|p2a: Arcanine|Intimidate|boost
|-unboost|p1a: Dalinar|atk|1
|-unboost|p1b: Sneasler|atk|1
|turn|2
|inactive|kojay has 30 seconds left.
|
|t:|1756824722
|switch|p1a: Gholdengo|Gholdengo, L50|100/100
|-terastallize|p2b: Excadrill|Stellar
|move|p1b: Sneasler|Close Combat|p2b: Excadrill
|-supereffective|p2b: Excadrill
|-damage|p2b: Excadrill|0 fnt
|-unboost|p1b: Sneasler|def|1
|-unboost|p1b: Sneasler|spd|1
|faint|p2b: Excadrill
|move|p2a: Arcanine|Rock Slide|p1a: Gholdengo|[spread] p1a,p1b
|-resisted|p1a: Gholdengo
|-damage|p1a: Gholdengo|77/100
|-damage|p1b: Sneasler|0 fnt
|faint|p1b: Sneasler
|
|-weather|Sandstorm|[upkeep]
|upkeep
|inactive|kojay has 30 seconds left.
|
|t:|1756824751
|switch|p1b: Dalinar|Incineroar, L50, M, shiny|100/100
|switch|p2b: Orthworm|Orthworm, L50, M|100/100
|-ability|p1b: Dalinar|Intimidate|boost
|-unboost|p2a: Arcanine|atk|1
|-unboost|p2b: Orthworm|atk|1
|turn|3
|inactive|kojay has 30 seconds left.
|inactive|kojay has 20 seconds left.
|
|t:|1756824787
|move|p1b: Dalinar|Fake Out|p2a: Arcanine
|-resisted|p2a: Arcanine
|-damage|p2a: Arcanine|93/100
|move|p1a: Gholdengo|Shadow Ball|p2a: Arcanine
|-damage|p2a: Arcanine|54/100
|-unboost|p2a: Arcanine|spd|1
|cant|p2a: Arcanine|flinch
|move|p2b: Orthworm|Iron Defense|p2b: Orthworm
|-boost|p2b: Orthworm|def|2
|
|-weather|Sandstorm|[upkeep]
|upkeep
|turn|4
|inactive|Tzavellas has 30 seconds left.
|
|t:|1756824812
|move|p1a: Gholdengo|Shadow Ball|p2a: Arcanine
|-damage|p2a: Arcanine|0 fnt
|faint|p2a: Arcanine
|move|p2b: Orthworm|Body Press|p1b: Dalinar
|-supereffective|p1b: Dalinar
|-damage|p1b: Dalinar|0 fnt
|faint|p1b: Dalinar
|
|-weather|Sandstorm|[upkeep]
|upkeep
|
|t:|1756824818
|switch|p1b: Dragonite|Dragonite, L50, F, shiny|100/100
|turn|5
|
|t:|1756824833
|move|p1a: Gholdengo|Shadow Ball|p2b: Orthworm
|-damage|p2b: Orthworm|48/100
|-enditem|p2b: Orthworm|Sitrus Berry|[eat]
|-heal|p2b: Orthworm|73/100|[from] item: Sitrus Berry
|move|p1b: Dragonite|Tera Blast|p2b: Orthworm
|-resisted|p2b: Orthworm
|-damage|p2b: Orthworm|62/100
|move|p2b: Orthworm|Heavy Slam|p1a: Gholdengo
|-resisted|p1a: Gholdengo
|-damage|p1a: Gholdengo|64/100
|
|-weather|none
|upkeep
|turn|6
|inactive|Tzavellas has 30 seconds left.
|
|t:|1756824858
|move|p1a: Gholdengo|Shadow Ball|p2b: Orthworm
|-damage|p2b: Orthworm|9/100
|move|p1b: Dragonite|Tera Blast|p2b: Orthworm
|-resisted|p2b: Orthworm
|-damage|p2b: Orthworm|0 fnt
|faint|p2b: Orthworm
|
|win|kojay
