|j|☆prath1
|j|☆iannaVi
|html|prath1iannaVi    
|uhtml|bestof|Game 2 of a best-of-3
|t:|1783288016
|gametype|doubles
|player|p1|prath1|266|1147
|player|p2|iannaVi|cheren-gen5bw2|1147
|gen|9
|tier|[Gen 9 Champions] VGC 2026 Reg M-B (Bo3)
|rated|
|rule|Species Clause: Limit one of each Pokémon
|rule|Item Clause: Limit 1 of each item
|clearpoke
|poke|p1|Swampert, L50, M|
|poke|p1|Pelipper, L50, M|
|poke|p1|Sneasler, L50, F|
|poke|p1|Archaludon, L50, F|
|poke|p1|Eelektross, L50, M|
|poke|p1|Whimsicott, L50, M|
|poke|p2|Scovillain, L50, F|
|poke|p2|Kingambit, L50, M|
|poke|p2|Lycanroc-Dusk, L50, F|
|poke|p2|Basculegion, L50, M|
|poke|p2|Metagross, L50|
|poke|p2|Sylveon, L50, F|
|teampreview|4
|showteam|p1|Swampert||Swampertite|Torrent|EarthPower,WaveCrash,Protect,IcePunch|Adamant||M|||50|]Pelipper||DampRock|Drizzle|Hurricane,MuddyWater,DualWingbeat,Protect|Relaxed||M|||50|]Sneasler||LifeOrb|PoisonTouch|DireClaw,CloseCombat,FakeOut,NightSlash|Jolly||F|||50|]Archaludon||Leftovers|Stamina|DracoMeteor,ElectroShot,IronDefense,HeavySlam|Timid||F|||50|]Eelektross||Eelektrossite|Levitate|ThunderPunch,Thunder,KnockOff,IronTail|Hasty||M|||50|]Whimsicott||FocusSash|Prankster|EnergyBall,Tailwind,LeechSeed,Moonblast|Timid||M|||50|
|showteam|p2|Scovillain||Scovillainite|Moody|GigaDrain,Overheat,RagePowder,Protect|Bold||F|||50|]Kingambit||BlackGlasses|Defiant|KowtowCleave,SuckerPunch,SwordsDance,Protect|Adamant||M|||50|]Lycanroc-Dusk||FocusSash|ToughClaws|CloseCombat,Accelerock,RockSlide,Protect|Jolly||F|||50|]Basculegion||SitrusBerry|Adaptability|WaveCrash,LastRespects,AquaJet,Protect|Adamant||M|||50|]Metagross||Metagrossite|ClearBody|IronHead,PsychicFangs,IcePunch,Protect|Adamant|||||50|]Sylveon||FairyFeather|Pixilate|HyperVoice,HyperBeam,QuickAttack,Detect|Modest||F|||50|
|inactive|Battle timer is ON: inactive players will automatically lose when time's up. (requested by prath1)
|
|t:|1783288041
|teamsize|p1|4
|teamsize|p2|4
|start
|switch|p1a: Pelipper|Pelipper, L50, M|100/100
|switch|p1b: Swampert|Swampert, L50, M|100/100
|switch|p2a: Metagross|Metagross, L50|100/100
|switch|p2b: Kingambit|Kingambit, L50, M|100/100
|-weather|RainDance|[from] ability: Drizzle|[of] p1a: Pelipper
|turn|1
|inactive|prath1 has 30 seconds left.
|inactive|prath1 has 20 seconds left.
|
|t:|1783288080
|detailschange|p2a: Metagross|Metagross-Mega, L50
|-mega|p2a: Metagross|Metagross|Metagrossite
|detailschange|p1b: Swampert|Swampert-Mega, L50, M
|-mega|p1b: Swampert|Swampert|Swampertite
|move|p2b: Kingambit|Sucker Punch|p1b: Swampert
|-damage|p1b: Swampert|49/100
|move|p1b: Swampert|Earth Power|p2a: Metagross
|-supereffective|p2a: Metagross|1
|-damage|p2a: Metagross|37/100
|move|p2a: Metagross|Psychic Fangs|p1b: Swampert
|-damage|p1b: Swampert|0 fnt
|faint|p1b: Swampert
|move|p1a: Pelipper|Muddy Water|p2b: Kingambit|[spread] p2a,p2b
|-damage|p2a: Metagross|2/100
|-damage|p2b: Kingambit|66/100
|-unboost|p2a: Metagross|accuracy|1
|
|-weather|RainDance|[upkeep]
|upkeep
|
|t:|1783288097
|switch|p1b: Whimsicott|Whimsicott, L50, M|100/100
|turn|2
|
|t:|1783288108
|move|p1b: Whimsicott|Tailwind|p1b: Whimsicott
|-sidestart|p1: prath1|move: Tailwind
|move|p2a: Metagross|Iron Head|p1b: Whimsicott
|-supereffective|p1b: Whimsicott|1
|-enditem|p1b: Whimsicott|Focus Sash
|-damage|p1b: Whimsicott|1/100
|move|p1a: Pelipper|Muddy Water|p2a: Metagross|[spread] p2b
|-miss|p1a: Pelipper|p2a: Metagross
|-damage|p2b: Kingambit|37/100
|move|p2b: Kingambit|Swords Dance|p2b: Kingambit
|-boost|p2b: Kingambit|atk|2
|
|-weather|RainDance|[upkeep]
|upkeep
|turn|3
|
|t:|1783288131
|switch|p1b: Sneasler|Sneasler, L50, F|100/100
|move|p2a: Metagross|Protect|p2a: Metagross
|-singleturn|p2a: Metagross|Protect
|move|p2b: Kingambit|Sucker Punch|p1a: Pelipper
|-damage|p1a: Pelipper|17/100
|move|p1a: Pelipper|Dual Wingbeat|p2a: Metagross
|-activate|p2a: Metagross|move: Protect
|
|-weather|RainDance|[upkeep]
|upkeep
|turn|4
|
|t:|1783288152
|move|p2b: Kingambit|Protect|p2b: Kingambit
|-singleturn|p2b: Kingambit|Protect
|move|p1b: Sneasler|Fake Out|p2a: Metagross
|-resisted|p2a: Metagross|1
|-damage|p2a: Metagross|0 fnt
|faint|p2a: Metagross
|-damage|p1b: Sneasler|90/100|[from] item: Life Orb
|move|p1a: Pelipper|Hurricane|p2b: Kingambit
|-activate|p2b: Kingambit|move: Protect
|
|-weather|RainDance|[upkeep]
|upkeep
|
|t:|1783288166
|switch|p2a: Lycanroc|Lycanroc-Dusk, L50, F|100/100
|turn|5
|
|t:|1783288184
|switch|p1b: Whimsicott|Whimsicott, L50, M|1/100
|move|p2a: Lycanroc|Accelerock|p1a: Pelipper
|-supereffective|p1a: Pelipper|1
|-damage|p1a: Pelipper|0 fnt
|faint|p1a: Pelipper
|move|p2b: Kingambit|Sucker Punch||[still]
|-fail|p2b: Kingambit
|
|-weather|RainDance|[upkeep]
|-sideend|p1: prath1|move: Tailwind
|upkeep
|
|t:|1783288193
|switch|p1a: Sneasler|Sneasler, L50, F|90/100
|turn|6
|
|t:|1783288199
|move|p2a: Lycanroc|Protect|p2a: Lycanroc
|-singleturn|p2a: Lycanroc|Protect
|move|p2b: Kingambit|Protect|p2b: Kingambit
|-singleturn|p2b: Kingambit|Protect
|move|p1a: Sneasler|Fake Out|p2b: Kingambit
|-activate|p2b: Kingambit|move: Protect
|move|p1b: Whimsicott|Moonblast|p2b: Kingambit
|-activate|p2b: Kingambit|move: Protect
|
|-weather|RainDance|[upkeep]
|upkeep
|turn|7
|
|t:|1783288218
|move|p2a: Lycanroc|Accelerock|p1b: Whimsicott
|-damage|p1b: Whimsicott|0 fnt
|faint|p1b: Whimsicott
|move|p2b: Kingambit|Sucker Punch|p1a: Sneasler
|-resisted|p1a: Sneasler|1
|-damage|p1a: Sneasler|2/100
|move|p1a: Sneasler|Close Combat|p2a: Lycanroc
|-supereffective|p2a: Lycanroc|1
|-enditem|p2a: Lycanroc|Focus Sash
|-damage|p2a: Lycanroc|1/100
|-unboost|p1a: Sneasler|def|1
|-unboost|p1a: Sneasler|spd|1
|-status|p2a: Lycanroc|psn|[from] ability: Poison Touch|[of] p1a: Sneasler
|-damage|p1a: Sneasler|0 fnt|[from] item: Life Orb
|faint|p1a: Sneasler
|
|win|iannaVi
|l|☆prath1
|player|p1|
|inactive|prath1 has 30 seconds to confirm battle start!
|inactive|iannaVi has 30 seconds to confirm battle start!
||prath1 is ready for game 3.
||iannaVi is ready for game 3.
|uhtml|next|Next: Game 3 of 3
