|j|☆Its andreas tbh
|j|☆Noir-Grey
|html|Its andreas tbhNoir-Grey    
|uhtml|bestof|Game 2 of a best-of-3
|t:|1785160943
|gametype|doubles
|player|p1|Its andreas tbh|2|
|player|p2|Noir-Grey|bellelba|
|gen|9
|tier|[Gen 9 Champions] VGC 2026 Reg M-B (Bo3)
|rule|Species Clause: Limit one of each Pokémon
|rule|Item Clause: Limit 1 of each item
|clearpoke
|poke|p1|Klefki, L50, M|
|poke|p1|Sinistcha, L50|
|poke|p1|Oranguru, L50, M|
|poke|p1|Aggron, L50, M|
|poke|p1|Politoed, L50, M|
|poke|p1|Abomasnow, L50, F|
|poke|p2|Gardevoir, L50, F, shiny|
|poke|p2|Hatterene, L50, F|
|poke|p2|Mawile, L50, F|
|poke|p2|Tsareena, L50, F|
|poke|p2|Leafeon, L50, F|
|poke|p2|Primarina, L50, F|
|teampreview|4
|showteam|p1|Klefki||LightClay|Prankster|LightScreen,Reflect,RainDance,DazzlingGleam|Calm||M|||50|]Sinistcha||SitrusBerry|Hospitality|MatchaGotcha,LifeDew,RagePowder,TrickRoom|Sassy|||||50|]Oranguru||MentalHerb|InnerFocus|TrickRoom,Instruct,Protect,Taunt|Calm||M|||50|]Aggron||Aggronite|Sturdy|IronDefense,BodyPress,HeavySlam,Protect|Adamant||M|||50|]Politoed||Leftovers|Drizzle|MuddyWater,WeatherBall,Amnesia,Protect|Quiet||M|||50|]Abomasnow||Abomasite|SnowWarning|Blizzard,GigaDrain,EarthPower,Protect|Quiet||F|||50|
|showteam|p2|Gardevoir||Gardevoirite|Trace|Psychic,Thunderbolt,Protect,TrickRoom|Quiet||F|||50|]Hatterene||LifeOrb|MagicBounce|DazzlingGleam,ExpandingForce,TrickRoom,Protect|Quiet||F|||50|]Mawile||Leftovers|HyperCutter|PlayRough,IronHead,SuckerPunch,Protect|Adamant||F|||50|]Tsareena||SitrusBerry|QueenlyMajesty|PowerWhip,Uturn,TripleAxel,Taunt|Adamant||F|||50|]Leafeon||KingsRock|LeafGuard|LeafBlade,KnockOff,DoubleEdge,Synthesis|Serious||F|||50|]Primarina||FairyFeather|LiquidVoice|HyperVoice,Moonblast,Haze,Protect|Modest||F|||50|
|
|t:|1785160965
|teamsize|p1|4
|teamsize|p2|4
|start
|switch|p1a: Abomasnow|Abomasnow, L50, F|100/100
|switch|p1b: Oranguru|Oranguru, L50, M|100/100
|switch|p2a: Mawile|Mawile, L50, F|100/100
|switch|p2b: Gardevoir|Gardevoir, L50, F, shiny|100/100
|-ability|p2b: Gardevoir|Inner Focus|Trace|[from] ability: Trace|[of] p1b: Oranguru
|-weather|Snowscape|[from] ability: Snow Warning|[of] p1a: Abomasnow
|turn|1
|inactive|Battle timer is ON: inactive players will automatically lose when time's up. (requested by Its andreas tbh)
|
|t:|1785160986
|detailschange|p2b: Gardevoir|Gardevoir-Mega, L50, F, shiny
|-mega|p2b: Gardevoir|Gardevoir|Gardevoirite
|detailschange|p1a: Abomasnow|Abomasnow-Mega, L50, F
|-mega|p1a: Abomasnow|Abomasnow|Abomasite
|move|p1b: Oranguru|Taunt|p2b: Gardevoir
|-start|p2b: Gardevoir|move: Taunt
|move|p2a: Mawile|Iron Head|p1a: Abomasnow
|-supereffective|p1a: Abomasnow|1
|-damage|p1a: Abomasnow|60/100
|cant|p1a: Abomasnow|flinch
|cant|p2b: Gardevoir|move: Taunt|Trick Room
|
|-weather|Snowscape|[upkeep]
|upkeep
|turn|2
|
|t:|1785161007
|move|p1a: Abomasnow|Protect|p1a: Abomasnow
|-singleturn|p1a: Abomasnow|Protect
|move|p2b: Gardevoir|Thunderbolt|p1b: Oranguru
|-damage|p1b: Oranguru|75/100
|move|p2a: Mawile|Iron Head|p1a: Abomasnow
|-activate|p1a: Abomasnow|move: Protect
|move|p1b: Oranguru|Trick Room|p1b: Oranguru
|-fieldstart|move: Trick Room|[of] p1b: Oranguru
|
|-weather|Snowscape|[upkeep]
|upkeep
|turn|3
|
|t:|1785161024
|move|p1a: Abomasnow|Blizzard|p2a: Mawile|[spread] p2a,p2b
|-resisted|p2a: Mawile|1
|-damage|p2a: Mawile|46/100
|-damage|p2b: Gardevoir|55/100
|move|p2a: Mawile|Iron Head|p1a: Abomasnow
|-supereffective|p1a: Abomasnow|1
|-damage|p1a: Abomasnow|19/100
|move|p1b: Oranguru|Instruct|p1a: Abomasnow
|-singleturn|p1a: Abomasnow|move: Instruct|[of] p1b: Oranguru
|move|p1a: Abomasnow|Blizzard|p2b: Gardevoir|[spread] p2a,p2b
|-resisted|p2a: Mawile|1
|-damage|p2a: Mawile|0 fnt
|-damage|p2b: Gardevoir|12/100
|faint|p2a: Mawile
|move|p2b: Gardevoir|Psychic|p1a: Abomasnow
|-damage|p1a: Abomasnow|0 fnt
|faint|p1a: Abomasnow
|
|-weather|Snowscape|[upkeep]
|-end|p2b: Gardevoir|move: Taunt
|upkeep
|
|t:|1785161044
|switch|p1a: Aggron|Aggron, L50, M|100/100
|switch|p2a: Tsareena|Tsareena, L50, F|100/100
|turn|4
|
|t:|1785161063
|move|p1a: Aggron|Heavy Slam|p2b: Gardevoir
|-supereffective|p2b: Gardevoir|1
|-damage|p2b: Gardevoir|0 fnt
|faint|p2b: Gardevoir
|move|p1b: Oranguru|Instruct|p1a: Aggron
|-singleturn|p1a: Aggron|move: Instruct|[of] p1b: Oranguru
|move|p1a: Aggron|Heavy Slam|p2a: Tsareena
|-crit|p2a: Tsareena
|-damage|p2a: Tsareena|18/100
|-enditem|p2a: Tsareena|Sitrus Berry|[eat]
|-heal|p2a: Tsareena|43/100|[from] item: Sitrus Berry
|move|p2a: Tsareena|Power Whip|p1a: Aggron
|-damage|p1a: Aggron|61/100
|
|-weather|Snowscape|[upkeep]
|upkeep
|
|t:|1785161078
|switch|p2b: Hatterene|Hatterene, L50, F|100/100
|turn|5
|
|t:|1785161089
|move|p2b: Hatterene|Dazzling Gleam|p1a: Aggron|[spread] p1a,p1b
|-resisted|p1a: Aggron|1
|-damage|p1a: Aggron|32/100
|-damage|p1b: Oranguru|47/100
|-damage|p2b: Hatterene|90/100|[from] item: Life Orb
|move|p1a: Aggron|Heavy Slam|p2b: Hatterene
|-supereffective|p2b: Hatterene|1
|-damage|p2b: Hatterene|0 fnt
|faint|p2b: Hatterene
|move|p1b: Oranguru|Instruct|p1a: Aggron
|-singleturn|p1a: Aggron|move: Instruct|[of] p1b: Oranguru
|move|p1a: Aggron|Heavy Slam|p2a: Tsareena
|-damage|p2a: Tsareena|0 fnt
|faint|p2a: Tsareena
|
|win|Its andreas tbh
|l|☆Noir-Grey
|player|p2|
