|j|☆SHLOK101
|j|☆OdeioPeugeot
|html|SHLOK101OdeioPeugeot    
|uhtml|bestof|Game 1 of a best-of-3
|t:|1785286286
|gametype|doubles
|player|p1|SHLOK101|cynthia-gen4|1229
|player|p2|OdeioPeugeot|swimmer-gen4dp|1318
|gen|9
|tier|[Gen 9 Champions] VGC 2026 Reg M-B (Bo3)
|rated|
|rule|Species Clause: Limit one of each Pokémon
|rule|Item Clause: Limit 1 of each item
|clearpoke
|poke|p1|Staraptor, L50, F|
|poke|p1|Whimsicott, L50, F|
|poke|p1|Metagross, L50|
|poke|p1|Pelipper, L50, F|
|poke|p1|Archaludon, L50, M|
|poke|p1|Sinistcha-Masterpiece, L50|
|poke|p2|Charizard, L50, M|
|poke|p2|Glimmora, L50, M|
|poke|p2|Whimsicott, L50, F|
|poke|p2|Ninetales-Alola, L50, F|
|poke|p2|Kingambit, L50, M|
|poke|p2|Kommo-o, L50, M|
|teampreview|4
|showteam|p1|Staraptor||Staraptite|Intimidate|CloseCombat,BraveBird,Roost,Protect|Adamant||F|||50|]Whimsicott||FocusSash|Prankster|Moonblast,Tailwind,Encore,Tickle|Timid||F|||50|]Metagross||Metagrossite|ClearBody|MeteorMash,PsychicFangs,StealthRock,Protect|Adamant|||||50|]Pelipper||LifeOrb|Drizzle|WeatherBall,Hurricane,WideGuard,Protect|Timid||F|||50|]Archaludon||Leftovers|Stamina|ElectroShot,DragonPulse,FlashCannon,Protect|Timid||M|||50|]Sinistcha-Masterpiece||SitrusBerry|Hospitality|MatchaGotcha,ShadowBall,TrickRoom,RagePowder|Calm|||||50|
|showteam|p2|Charizard||CharizarditeY|Blaze|HeatWave,WeatherBall,SolarBeam,Protect|Modest||M|||50|]Glimmora||Glimmoranite|ToxicDebris|SludgeBomb,PowerGem,EarthPower,SpikyShield|Modest||M|||50|]Whimsicott||FocusSash|Prankster|Moonblast,Tailwind,Encore,Protect|Timid||F|||50|]Ninetales-Alola||NeverMeltIce|SnowWarning|Blizzard,FreezeDry,Disable,Protect|Timid||F|||50|]Kingambit||BlackGlasses|Defiant|KowtowCleave,SuckerPunch,IronHead,Protect|Adamant||M|||50|]Kommo-o||LifeOrb|Overcoat|ClangingScales,AuraSphere,VacuumWave,Protect|Modest||M|||50|
|inactive|Battle timer is ON: inactive players will automatically lose when time's up. (requested by OdeioPeugeot)
|inactive|SHLOK101 also wants the timer to be on.
|inactive|SHLOK101 has 60 seconds left.
|inactive|OdeioPeugeot has 60 seconds left.
|
|t:|1785286328
|teamsize|p1|4
|teamsize|p2|4
|start
|switch|p1a: Metagross|Metagross, L50|100/100
|switch|p1b: Archaludon|Archaludon, L50, M|100/100
|switch|p2a: Charizard|Charizard, L50, M|100/100
|switch|p2b: Whimsicott|Whimsicott, L50, F|100/100
|turn|1
|inactive|SHLOK101 has 30 seconds left.
|inactive|SHLOK101 has 20 seconds left.
|
|t:|1785286364
|detailschange|p2a: Charizard|Charizard-Mega-Y, L50, M
|-mega|p2a: Charizard|Charizard|Charizardite Y
|-weather|SunnyDay|[from] ability: Drought|[of] p2a: Charizard
|move|p1b: Archaludon|Protect|p1b: Archaludon
|-singleturn|p1b: Archaludon|Protect
|move|p1a: Metagross|Protect|p1a: Metagross
|-singleturn|p1a: Metagross|Protect
|move|p2b: Whimsicott|Tailwind|p2b: Whimsicott
|-sidestart|p2: OdeioPeugeot|move: Tailwind
|move|p2a: Charizard|Heat Wave|p1a: Metagross|[spread] 
|-activate|p1a: Metagross|move: Protect
|-activate|p1b: Archaludon|move: Protect
|
|-weather|SunnyDay|[upkeep]
|upkeep
|turn|2
|
|t:|1785286385
|switch|p1b: Pelipper|Pelipper, L50, F|100/100
|-weather|RainDance|[from] ability: Drizzle|[of] p1b: Pelipper
|detailschange|p1a: Metagross|Metagross-Mega, L50
|-mega|p1a: Metagross|Metagross|Metagrossite
|move|p2b: Whimsicott|Encore||[still]
|-fail|p2b: Whimsicott
|move|p2a: Charizard|Heat Wave|p1a: Metagross|[spread] p1a,p1b
|-supereffective|p1a: Metagross|1
|-resisted|p1b: Pelipper|1
|-crit|p1b: Pelipper
|-damage|p1a: Metagross|58/100
|-damage|p1b: Pelipper|71/100
|move|p1a: Metagross|Stealth Rock|p2a: Charizard
|-sidestart|p2: OdeioPeugeot|move: Stealth Rock
|
|-weather|RainDance|[upkeep]
|upkeep
|turn|3
|
|t:|1785286407
|switch|p2a: Kingambit|Kingambit, L50, M|100/100
|-damage|p2a: Kingambit|93/100|[from] Stealth Rock
|switch|p1a: Archaludon|Archaludon, L50, M|100/100
|move|p2b: Whimsicott|Encore||[still]
|-fail|p2b: Whimsicott
|move|p1b: Pelipper|Hurricane|p2b: Whimsicott
|-supereffective|p2b: Whimsicott|1
|-enditem|p2b: Whimsicott|Focus Sash
|-damage|p2b: Whimsicott|1/100
|-start|p2b: Whimsicott|confusion
|-damage|p1b: Pelipper|62/100|[from] item: Life Orb
|
|-weather|RainDance|[upkeep]
|upkeep
|turn|4
|
|t:|1785286426
|-activate|p2b: Whimsicott|confusion
|move|p2b: Whimsicott|Moonblast|p1b: Pelipper
|-damage|p1b: Pelipper|1/100
|move|p2a: Kingambit|Kowtow Cleave|p1b: Pelipper
|-damage|p1b: Pelipper|0 fnt
|faint|p1b: Pelipper
|move|p1a: Archaludon|Electro Shot||[still]
|-prepare|p1a: Archaludon|Electro Shot
|-boost|p1a: Archaludon|spa|1
|-anim|p1a: Archaludon|Electro Shot|p2a: Kingambit
|-damage|p2a: Kingambit|21/100
|
|-weather|RainDance|[upkeep]
|-sideend|p2: OdeioPeugeot|move: Tailwind
|upkeep
|
|t:|1785286434
|switch|p1b: Whimsicott|Whimsicott, L50, F|100/100
|turn|5
|
|t:|1785286446
|move|p1b: Whimsicott|Tailwind|p1b: Whimsicott
|-sidestart|p1: SHLOK101|move: Tailwind
|-activate|p2b: Whimsicott|confusion
|move|p2b: Whimsicott|Tailwind|p2b: Whimsicott
|-sidestart|p2: OdeioPeugeot|move: Tailwind
|move|p1a: Archaludon|Dragon Pulse|p2a: Kingambit
|-resisted|p2a: Kingambit|1
|-damage|p2a: Kingambit|0 fnt
|faint|p2a: Kingambit
|
|-weather|RainDance|[upkeep]
|upkeep
|
|t:|1785286456
|switch|p2a: Charizard|Charizard-Mega-Y, L50, M|100/100
|-damage|p2a: Charizard|50/100g|[from] Stealth Rock
|-weather|SunnyDay|[from] ability: Drought|[of] p2a: Charizard
|turn|6
|
|t:|1785286465
|-end|p2b: Whimsicott|confusion
|move|p2b: Whimsicott|Encore|p1a: Archaludon
|-start|p1a: Archaludon|Encore
|move|p1b: Whimsicott|Encore||[still]
|-fail|p1b: Whimsicott
|move|p2a: Charizard|Heat Wave|p1a: Archaludon|[spread] p1a,p1b
|-supereffective|p1b: Whimsicott|1
|-damage|p1a: Archaludon|29/100
|-enditem|p1b: Whimsicott|Focus Sash
|-damage|p1b: Whimsicott|1/100
|-status|p1a: Archaludon|brn
|-status|p1b: Whimsicott|brn
|-ability|p1a: Archaludon|Stamina|boost
|-boost|p1a: Archaludon|def|1
|move|p1a: Archaludon|Dragon Pulse|p2a: Charizard
|-damage|p2a: Charizard|0 fnt
|faint|p2a: Charizard
|
|-weather|SunnyDay|[upkeep]
|-heal|p1a: Archaludon|35/100 brn|[from] item: Leftovers
|-damage|p1b: Whimsicott|0 fnt|[from] brn
|faint|p1b: Whimsicott
|-damage|p1a: Archaludon|29/100 brn|[from] brn
|upkeep
|c|☆SHLOK101|great
|
|t:|1785286485
|switch|p1b: Metagross|Metagross-Mega, L50|58/100
|switch|p2a: Ninetales|Ninetales-Alola, L50, F|100/100
|-damage|p2a: Ninetales|75/100|[from] Stealth Rock
|-weather|Snowscape|[from] ability: Snow Warning|[of] p2a: Ninetales
|turn|7
|
|t:|1785286502
|move|p2b: Whimsicott|Protect|p2b: Whimsicott
|-singleturn|p2b: Whimsicott|Protect
|move|p2a: Ninetales|Protect|p2a: Ninetales
|-singleturn|p2a: Ninetales|Protect
|move|p1b: Metagross|Psychic Fangs|p2b: Whimsicott
|-activate|p2b: Whimsicott|move: Protect
|move|p1a: Archaludon|Dragon Pulse|p2a: Ninetales
|-activate|p2a: Ninetales|move: Protect
|
|-weather|Snowscape|[upkeep]
|-heal|p1a: Archaludon|35/100 brn|[from] item: Leftovers
|-damage|p1a: Archaludon|29/100 brn|[from] brn
|upkeep
|turn|8
|
|t:|1785286513
|move|p1b: Metagross|Protect|p1b: Metagross
|-singleturn|p1b: Metagross|Protect
|move|p2b: Whimsicott|Encore|p1b: Metagross
|-activate|p1b: Metagross|move: Protect
|move|p2a: Ninetales|Disable|p1b: Metagross
|-activate|p1b: Metagross|move: Protect
|move|p1a: Archaludon|Dragon Pulse|p2b: Whimsicott
|-immune|p2b: Whimsicott
|
|-weather|Snowscape|[upkeep]
|-heal|p1a: Archaludon|35/100 brn|[from] item: Leftovers
|-damage|p1a: Archaludon|29/100 brn|[from] brn
|-end|p1a: Archaludon|Encore
|-sideend|p1: SHLOK101|move: Tailwind
|-sideend|p2: OdeioPeugeot|move: Tailwind
|upkeep
|turn|9
|
|t:|1785286535
|move|p2b: Whimsicott|Encore|p1b: Metagross
|-start|p1b: Metagross|Encore
|move|p1b: Metagross|Protect|p1b: Metagross
|-singleturn|p1b: Metagross|Protect
|move|p2a: Ninetales|Blizzard|p1b: Metagross|[spread] p1a
|-activate|p1b: Metagross|move: Protect
|-damage|p1a: Archaludon|0 fnt
|faint|p1a: Archaludon
|
|-weather|Snowscape|[upkeep]
|upkeep
|turn|10
|
|t:|1785286547
|move|p1b: Metagross|Protect||[still]
|-fail|p1b: Metagross
|move|p2b: Whimsicott|Moonblast|p1b: Metagross
|-resisted|p1b: Metagross|1
|-damage|p1b: Metagross|41/100
|move|p2a: Ninetales|Blizzard|p1b: Metagross
|-resisted|p1b: Metagross|1
|-damage|p1b: Metagross|15/100
|
|-weather|Snowscape|[upkeep]
|upkeep
|turn|11
|
|t:|1785286552
|move|p1b: Metagross|Protect|p1b: Metagross
|-singleturn|p1b: Metagross|Protect
|move|p2b: Whimsicott|Moonblast|p1b: Metagross
|-activate|p1b: Metagross|move: Protect
|move|p2a: Ninetales|Blizzard|p1b: Metagross
|-activate|p1b: Metagross|move: Protect
|
|-weather|none
|-end|p1b: Metagross|Encore
|upkeep
|turn|12
|
|t:|1785286557
|move|p1b: Metagross|Protect|p1b: Metagross
|-singleturn|p1b: Metagross|Protect
|move|p2b: Whimsicott|Encore|p1b: Metagross
|-activate|p1b: Metagross|move: Protect
|move|p2a: Ninetales|Freeze-Dry|p1b: Metagross
|-activate|p1b: Metagross|move: Protect
|
|upkeep
|turn|13
|
|t:|1785286565
|move|p1b: Metagross|Protect||[still]
|-fail|p1b: Metagross
|move|p2b: Whimsicott|Encore|p1b: Metagross
|-start|p1b: Metagross|Encore
|move|p2a: Ninetales|Freeze-Dry|p1b: Metagross
|-resisted|p1b: Metagross|1
|-damage|p1b: Metagross|0 fnt
|faint|p1b: Metagross
|
|win|OdeioPeugeot
||SHLOK101 is ready for game 2.
|l|☆SHLOK101
|player|p1|
||OdeioPeugeot is ready for game 2.
|uhtml|next|Next: Game 2 of 3
|l|☆OdeioPeugeot
|player|p2|
|j|☆OdeioPeugeot
|player|p2|OdeioPeugeot|swimmer-gen4dp|
