|j|☆epicfailtesting
|j|☆sirgligar
|html|epicfailtestingsirgligar    
|uhtml|bestof|Game 2 of a best-of-3
|t:|1756774108
|gametype|doubles
|player|p1|epicfailtesting|1|1221
|player|p2|sirgligar|smasher|1089
|gen|9
|tier|[Gen 9] VGC 2025 Reg H (Bo3)
|rated|
|rule|Species Clause: Limit one of each Pokémon
|rule|Item Clause: Limit 1 of each item
|clearpoke
|poke|p1|Annihilape, L50, F|
|poke|p1|Sinistcha, L50|
|poke|p1|Maushold-Four, L50|
|poke|p1|Klefki, L50, F|
|poke|p1|Ursaluna-Bloodmoon, L50, M|
|poke|p1|Ninetales-Alola, L50, F|
|poke|p2|Gholdengo, L50|
|poke|p2|Incineroar, L50, M|
|poke|p2|Amoonguss, L50, F|
|poke|p2|Archaludon, L50, F|
|poke|p2|Pelipper, L50, F|
|poke|p2|Basculegion, L50, M|
|teampreview|4
|showteam|p1|Annihilape||Leftovers|Defiant|Protect,BulkUp,DrainPunch,RageFist|||F|||50|,,,,,Fire]Sinistcha||SitrusBerry|Hospitality|MatchaGotcha,TrickRoom,LifeDew,RagePowder||||||50|,,,,,Water]Maushold-Four||SafetyGoggles|FriendGuard|FollowMe,Taunt,BeatUp,Protect||||||50|,,,,,Ghost]Klefki||LightClay|Prankster|Reflect,LightScreen,MistyTerrain,DazzlingGleam|||F|||50|,,,,,Ghost]Ursaluna-Bloodmoon||AssaultVest|MindsEye|BloodMoon,HyperVoice,EarthPower,VacuumWave|||M|||50|,,,,,Water]Ninetales-Alola||FocusSash|SnowWarning|Protect,Encore,FreezeDry,Blizzard|||F|||50|,,,,,Ghost
|showteam|p2|Gholdengo||LifeOrb|GoodasGold|MakeItRain,ShadowBall,NastyPlot,Protect||||||50|,,,,,Water]Incineroar||RockyHelmet|Intimidate|Taunt,KnockOff,PartingShot,FakeOut|||M|||50|,,,,,Ghost]Amoonguss||SitrusBerry|Regenerator|PollenPuff,Spore,RagePowder,Protect|||F|||50|,,,,,Water]Archaludon||AssaultVest|Stamina|DragonPulse,FlashCannon,ElectroShot,BodyPress|||F|||50|,,,,,Bug]Pelipper||FocusSash|Drizzle|WeatherBall,Hurricane,Tailwind,Protect|||F|||50|,,,,,Ground]Basculegion||ChoiceBand|SwiftSwim|WaveCrash,LastRespects,FlipTurn,AquaJet|||M|||50|,,,,,Water
|inactive|Battle timer is ON: inactive players will automatically lose when time's up. (requested by epicfailtesting)
|inactive|sirgligar has 60 seconds left.
|
|t:|1756774192
|teamsize|p1|4
|teamsize|p2|4
|start
|switch|p1a: Annihilape|Annihilape, L50, F, shiny|100/100
|switch|p1b: Klefki|Klefki, L50, F|100/100
|switch|p2a: Pelipper|Pelipper, L50, F|100/100
|switch|p2b: Basculegion|Basculegion, L50, M|100/100
|-weather|RainDance|[from] ability: Drizzle|[of] p2a: Pelipper
|turn|1
|inactive|epicfailtesting has 30 seconds left.
|inactive|epicfailtesting has 20 seconds left.
|
|t:|1756774230
|switch|p1a: Ninetales|Ninetales-Alola, L50, F, shiny|100/100
|-weather|Snowscape|[from] ability: Snow Warning|[of] p1a: Ninetales
|move|p1b: Klefki|Reflect|p1b: Klefki
|-sidestart|p1: epicfailtesting|Reflect
|move|p2b: Basculegion|Flip Turn|p1a: Ninetales
|-damage|p1a: Ninetales|70/100
|
|t:|1756774237
|switch|p2b: Archaludon|Archaludon, L50, F|100/100|[from] Flip Turn
|move|p2a: Pelipper|Hurricane|p1a: Ninetales
|-damage|p1a: Ninetales|11/100
|-start|p1a: Ninetales|confusion
|
|-weather|Snowscape|[upkeep]
|upkeep
|turn|2
|inactive|epicfailtesting has 30 seconds left.
|inactive|sirgligar has 30 seconds left.
|
|t:|1756774265
|switch|p1a: Annihilape|Annihilape, L50, F, shiny|100/100
|switch|p2a: Incineroar|Incineroar, L50, M|100/100
|-ability|p2a: Incineroar|Intimidate|boost
|-unboost|p1a: Annihilape|atk|1
|-ability|p1a: Annihilape|Defiant|boost
|-boost|p1a: Annihilape|atk|2
|-unboost|p1b: Klefki|atk|1
|move|p1b: Klefki|Reflect||[still]
|-fail|p1b: Klefki
|move|p2b: Archaludon|Body Press|p1b: Klefki
|-damage|p1b: Klefki|85/100
|
|-weather|Snowscape|[upkeep]
|upkeep
|turn|3
|inactive|sirgligar has 30 seconds left.
|inactive|epicfailtesting has 30 seconds left.
|inactive|sirgligar has 20 seconds left.
|inactive|sirgligar has 15 seconds left.
|inactive|sirgligar has 10 seconds left.
|
|t:|1756774315
|-terastallize|p1a: Annihilape|Fire
|move|p1b: Klefki|Light Screen|p1b: Klefki
|-sidestart|p1: epicfailtesting|move: Light Screen
|move|p1a: Annihilape|Drain Punch|p2a: Incineroar
|-supereffective|p2a: Incineroar
|-damage|p2a: Incineroar|11/100
|-damage|p1a: Annihilape|84/100|[from] item: Rocky Helmet|[of] p2a: Incineroar
|move|p2b: Archaludon|Flash Cannon|p1a: Annihilape
|-resisted|p1a: Annihilape
|-damage|p1a: Annihilape|73/100
|move|p2a: Incineroar|Knock Off|p1a: Annihilape
|-damage|p1a: Annihilape|46/100
|-enditem|p1a: Annihilape|Leftovers|[from] move: Knock Off|[of] p2a: Incineroar
|
|-weather|Snowscape|[upkeep]
|upkeep
|turn|4
|
|t:|1756774340
|switch|p2a: Pelipper|Pelipper, L50, F|100/100
|-weather|RainDance|[from] ability: Drizzle|[of] p2a: Pelipper
|switch|p1b: Sinistcha|Sinistcha, L50|100/100
|-heal|p1a: Annihilape|71/100|[from] ability: Hospitality|[of] p1b: Sinistcha
|-terastallize|p2b: Archaludon|Bug
|move|p1a: Annihilape|Rage Fist|p2b: Archaludon
|-damage|p2b: Archaludon|33/100
|-ability|p2b: Archaludon|Stamina|boost
|-boost|p2b: Archaludon|def|1
|move|p2b: Archaludon|Electro Shot||[still]
|-prepare|p2b: Archaludon|Electro Shot
|-boost|p2b: Archaludon|spa|1
|-anim|p2b: Archaludon|Electro Shot|p1a: Annihilape
|-damage|p1a: Annihilape|34/100
|
|-weather|RainDance|[upkeep]
|upkeep
|turn|5
|inactive|epicfailtesting has 30 seconds left.
|inactive|sirgligar has 30 seconds left.
|inactive|epicfailtesting has 20 seconds left.
|inactive|sirgligar has 20 seconds left.
|inactive|sirgligar has 15 seconds left.
|inactive|sirgligar has 10 seconds left.
|inactive|sirgligar has 5 seconds left.
|
|t:|1756774394
|move|p1b: Sinistcha|Rage Powder|p1b: Sinistcha
|-singleturn|p1b: Sinistcha|move: Rage Powder
|move|p1a: Annihilape|Rage Fist|p2b: Archaludon
|-damage|p2b: Archaludon|0 fnt
|faint|p2b: Archaludon
|move|p2a: Pelipper|Hurricane|p1b: Sinistcha
|-supereffective|p1b: Sinistcha
|-damage|p1b: Sinistcha|31/100
|-start|p1b: Sinistcha|confusion
|-enditem|p1b: Sinistcha|Sitrus Berry|[eat]
|-heal|p1b: Sinistcha|56/100|[from] item: Sitrus Berry
|
|-weather|RainDance|[upkeep]
|upkeep
|
|t:|1756774401
|switch|p2b: Basculegion|Basculegion, L50, M|100/100
|turn|6
|inactive|sirgligar has 30 seconds left.
|
|t:|1756774435
|switch|p1b: Ninetales|Ninetales-Alola, L50, F, shiny|11/100
|-weather|Snowscape|[from] ability: Snow Warning|[of] p1b: Ninetales
|move|p1a: Annihilape|Rage Fist|p2b: Basculegion
|-supereffective|p2b: Basculegion
|-damage|p2b: Basculegion|0 fnt
|faint|p2b: Basculegion
|move|p2a: Pelipper|Hurricane|p1b: Ninetales
|-damage|p1b: Ninetales|0 fnt
|faint|p1b: Ninetales
|
|-weather|Snowscape|[upkeep]
|upkeep
|
|t:|1756774452
|switch|p1b: Sinistcha|Sinistcha, L50|56/100
|switch|p2b: Incineroar|Incineroar, L50, M|11/100
|-ability|p2b: Incineroar|Intimidate|boost
|-unboost|p1a: Annihilape|atk|1
|-ability|p1a: Annihilape|Defiant|boost
|-boost|p1a: Annihilape|atk|2
|-unboost|p1b: Sinistcha|atk|1
|-heal|p1a: Annihilape|59/100|[from] ability: Hospitality|[of] p1b: Sinistcha
|turn|7
|
|t:|1756774466
|switch|p1b: Klefki|Klefki, L50, F|85/100
|move|p1a: Annihilape|Protect|p1a: Annihilape
|-singleturn|p1a: Annihilape|Protect
|move|p2b: Incineroar|Fake Out|p1a: Annihilape
|-activate|p1a: Annihilape|move: Protect
|move|p2a: Pelipper|Weather Ball|p1a: Annihilape
|-activate|p1a: Annihilape|move: Protect
|
|-weather|Snowscape|[upkeep]
|upkeep
|turn|8
|
|t:|1756774483
|switch|p1b: Sinistcha|Sinistcha, L50|56/100
|-heal|p1a: Annihilape|84/100|[from] ability: Hospitality|[of] p1b: Sinistcha
|move|p1a: Annihilape|Drain Punch|p2b: Incineroar
|-supereffective|p2b: Incineroar
|-damage|p2b: Incineroar|0 fnt
|-heal|p1a: Annihilape|89/100|[from] drain|[of] p2b: Incineroar
|-damage|p1a: Annihilape|73/100|[from] item: Rocky Helmet|[of] p2b: Incineroar
|faint|p2b: Incineroar
|move|p2a: Pelipper|Hurricane|p1a: Annihilape
|-damage|p1a: Annihilape|42/100
|
|-weather|Snowscape|[upkeep]
|-sideend|p1: epicfailtesting|Reflect
|upkeep
|turn|9
|
|t:|1756774502
|move|p1a: Annihilape|Rage Fist|p2a: Pelipper
|-enditem|p2a: Pelipper|Focus Sash
|-damage|p2a: Pelipper|1/100
|move|p2a: Pelipper|Hurricane|p1a: Annihilape
|-damage|p1a: Annihilape|13/100
|move|p1b: Sinistcha|Matcha Gotcha|p2a: Pelipper
|-crit|p2a: Pelipper
|-damage|p2a: Pelipper|0 fnt
|-heal|p1b: Sinistcha|56/100|[from] drain|[of] p2a: Pelipper
|faint|p2a: Pelipper
|
|win|epicfailtesting
||epicfailtesting is ready for game 3.
|inactive|sirgligar has 30 seconds to confirm battle start!
||sirgligar is ready for game 3.
|uhtml|next|Next: Game 3 of 3
|l|☆sirgligar
|player|p2|
