|j|☆la cabra1
|j|☆lolgz
|html|la cabra1lolgz    
|uhtml|bestof|Game 2 of a best-of-3
|t:|1782206586
|gametype|doubles
|player|p1|la cabra1|volkner|1241
|player|p2|lolgz|dawn|1199
|gen|9
|tier|[Gen 9 Champions] VGC 2026 Reg M-B (Bo3)
|rated|
|rule|Species Clause: Limit one of each Pokémon
|rule|Item Clause: Limit 1 of each item
|clearpoke
|poke|p1|Aerodactyl, L50, F|
|poke|p1|Garchomp, L50, F|
|poke|p1|Kingambit, L50, F|
|poke|p1|Charizard, L50, M|
|poke|p1|Sylveon, L50, F|
|poke|p1|Farigiraf, L50, F|
|poke|p2|Torkoal, L50, F|
|poke|p2|Vileplume, L50, F|
|poke|p2|Farigiraf, L50, M|
|poke|p2|Scrafty, L50, M|
|poke|p2|Gallade, L50, M|
|poke|p2|Mawile, L50, F|
|teampreview|4
|showteam|p1|Aerodactyl||Aerodactylite|Unnerve|IceFang,RockSlide,Tailwind,DualWingbeat|Jolly||F|||50|]Garchomp||LifeOrb|RoughSkin|DragonClaw,StompingTantrum,Earthquake,Protect|Jolly||F|||50|]Kingambit||FocusSash|Defiant|SuckerPunch,KowtowCleave,IronHead,LowKick|Adamant||F|||50|]Charizard||CharizarditeY|Blaze|Protect,WeatherBall,HeatWave,SolarBeam|Modest||M|||50|]Sylveon||FairyFeather|Pixilate|Protect,HyperVoice,HyperBeam,QuickAttack|Modest||F|||50|]Farigiraf||SitrusBerry|ArmorTail|TrickRoom,Thunderbolt,Roar,GrassKnot|Bold||F|||50|
|showteam|p2|Torkoal||Charcoal|Drought|Eruption,WeatherBall,EarthPower,Protect|Quiet||F|||50|]Vileplume||FocusSash|Chlorophyll|EnergyBall,SludgeBomb,SleepPowder,AfterYou|Timid||F|||50|]Farigiraf||SitrusBerry|ArmorTail|TrickRoom,Protect,Psychic,HelpingHand|Bold||M|||50|]Scrafty||Scraftinite|Intimidate|CloseCombat,KnockOff,FakeOut,RockSlide|Brave||M|||50|]Gallade||IronBall|Sharpness|SacredSword,PsychoCut,WideGuard,TrickRoom|Brave||M|||50|]Mawile||Mawilite|Intimidate|SuckerPunch,PlayRough,SwordsDance,Protect|Brave||F|||50|
|inactive|Battle timer is ON: inactive players will automatically lose when time's up. (requested by lolgz)
|inactive|la cabra1 has 60 seconds left.
|
|t:|1782206627
|teamsize|p1|4
|teamsize|p2|4
|start
|switch|p1a: Garchomp|Garchomp, L50, F|100/100
|switch|p1b: Kingambit|Kingambit, L50, F|100/100
|switch|p2a: Vileplume|Vileplume, L50, F|100/100
|switch|p2b: Torkoal|Torkoal, L50, F|100/100
|-weather|SunnyDay|[from] ability: Drought|[of] p2b: Torkoal
|turn|1
|inactive|lolgz has 30 seconds left.
|
|t:|1782206657
|move|p1b: Kingambit|Sucker Punch|p2b: Torkoal
|-damage|p2b: Torkoal|67/100
|move|p2a: Vileplume|Sleep Powder|p1a: Garchomp
|-status|p1a: Garchomp|slp|[from] move: Sleep Powder
|cant|p1a: Garchomp|slp
|move|p2b: Torkoal|Weather Ball|p1b: Kingambit
|-supereffective|p1b: Kingambit|1
|-enditem|p1b: Kingambit|Focus Sash
|-damage|p1b: Kingambit|1/100
|
|-weather|SunnyDay|[upkeep]
|upkeep
|turn|2
|
|t:|1782206674
|switch|p2b: Farigiraf|Farigiraf, L50, M|100/100
|move|p1b: Kingambit|Sucker Punch||[still]
|cant|p2b: Farigiraf|ability: Armor Tail|Sucker Punch|[of] p1b: Kingambit
|move|p2a: Vileplume|Energy Ball|p1b: Kingambit
|-resisted|p1b: Kingambit|1
|-damage|p1b: Kingambit|0 fnt
|faint|p1b: Kingambit
|cant|p1a: Garchomp|slp
|
|-weather|SunnyDay|[upkeep]
|upkeep
|
|t:|1782206684
|switch|p1b: Charizard|Charizard, L50, M|100/100
|turn|3
|
|t:|1782206689
|detailschange|p1b: Charizard|Charizard-Mega-Y, L50, M
|-mega|p1b: Charizard|Charizard|Charizardite Y
|move|p2a: Vileplume|Sleep Powder|p1b: Charizard
|-status|p1b: Charizard|slp|[from] move: Sleep Powder
|-curestatus|p1a: Garchomp|slp|[msg]
|move|p1a: Garchomp|Earthquake|p2a: Vileplume|[spread] p2a,p2b
|-immune|p1b: Charizard
|-damage|p2a: Vileplume|32/100
|-damage|p2b: Farigiraf|63/100
|-damage|p1a: Garchomp|90/100|[from] item: Life Orb
|cant|p1b: Charizard|slp
|move|p2b: Farigiraf|Trick Room|p2b: Farigiraf
|-fieldstart|move: Trick Room|[of] p2b: Farigiraf
|
|-weather|SunnyDay|[upkeep]
|upkeep
|turn|4
|
|t:|1782206701
|move|p2b: Farigiraf|Psychic|p1b: Charizard
|-damage|p1b: Charizard|68/100 slp
|cant|p1b: Charizard|slp
|move|p1a: Garchomp|Earthquake|p2a: Vileplume|[spread] p2a,p2b
|-immune|p1b: Charizard
|-damage|p2a: Vileplume|0 fnt
|-damage|p2b: Farigiraf|29/100
|-enditem|p2b: Farigiraf|Sitrus Berry|[eat]
|-heal|p2b: Farigiraf|54/100|[from] item: Sitrus Berry
|faint|p2a: Vileplume
|-damage|p1a: Garchomp|80/100|[from] item: Life Orb
|
|-weather|SunnyDay|[upkeep]
|upkeep
|
|t:|1782206705
|switch|p2a: Torkoal|Torkoal, L50, F|67/100
|turn|5
|
|t:|1782206722
|move|p1a: Garchomp|Protect|p1a: Garchomp
|-singleturn|p1a: Garchomp|Protect
|move|p2a: Torkoal|Eruption|p1b: Charizard|[spread] p1b
|-activate|p1a: Garchomp|move: Protect
|-resisted|p1b: Charizard|1
|-damage|p1b: Charizard|41/100 slp
|move|p2b: Farigiraf|Psychic|p1a: Garchomp
|-activate|p1a: Garchomp|move: Protect
|-curestatus|p1b: Charizard|slp|[msg]
|move|p1b: Charizard|Heat Wave|p2a: Torkoal|[spread] p2a
|-miss|p1b: Charizard|p2b: Farigiraf
|-resisted|p2a: Torkoal|1
|-damage|p2a: Torkoal|28/100
|
|-weather|none
|upkeep
|turn|6
|
|t:|1782206747
|move|p2a: Torkoal|Earth Power|p1b: Charizard
|-immune|p1b: Charizard
|move|p2b: Farigiraf|Psychic|p1b: Charizard
|-damage|p1b: Charizard|10/100
|move|p1b: Charizard|Heat Wave|p2a: Torkoal|[spread] p2a,p2b
|-resisted|p2a: Torkoal|1
|-damage|p2a: Torkoal|3/100
|-damage|p2b: Farigiraf|12/100
|move|p1a: Garchomp|Earthquake|p2b: Farigiraf|[spread] p2a,p2b
|-immune|p1b: Charizard
|-supereffective|p2a: Torkoal|1
|-damage|p2a: Torkoal|0 fnt
|-damage|p2b: Farigiraf|0 fnt
|faint|p2a: Torkoal
|faint|p2b: Farigiraf
|-damage|p1a: Garchomp|71/100|[from] item: Life Orb
|
|upkeep
|-message|lolgz forfeited.
|raw|la cabra1's rating: 1241 → 1263(+22 for winning)
|raw|lolgz's rating: 1199 → 1177(-22 for losing)
|
|win|la cabra1
