|j|☆eggwich69
|j|☆MrGreen3432
|html|eggwich69MrGreen3432    
|uhtml|bestof|Game 1 of a best-of-3
|t:|1757834692
|gametype|doubles
|player|p1|eggwich69|102|1217
|player|p2|MrGreen3432|101|1174
|gen|9
|tier|[Gen 9] VGC 2025 Reg H (Bo3)
|rated|
|rule|Species Clause: Limit one of each Pokémon
|rule|Item Clause: Limit 1 of each item
|clearpoke
|poke|p1|Sneasler, L50, M|
|poke|p1|Indeedee, L50, M|
|poke|p1|Incineroar, L50, F|
|poke|p1|Dragonite, L50, M|
|poke|p1|Ursaluna-Bloodmoon, L50, M|
|poke|p1|Milotic, L50, F|
|poke|p2|Garchomp, L50, F|
|poke|p2|Sneasler, L50, F|
|poke|p2|Misdreavus, L50, M|
|poke|p2|Gothitelle, L50, M|
|poke|p2|Amoonguss, L50, F|
|poke|p2|Incineroar, L50, F|
|teampreview|4
|showteam|p1|Sneasler||PsychicSeed|Unburden|DireClaw,CloseCombat,ThroatChop,Protect|||M|||50|,,,,,Stellar]Indeedee||FocusSash|PsychicSurge|ExpandingForce,TrickRoom,Protect,TeraBlast|||M|||50|,,,,,Fighting]Incineroar||SafetyGoggles|Intimidate|FakeOut,FlareBlitz,KnockOff,PartingShot|||F|||50|,,,,,Water]Dragonite||LoadedDice|Multiscale|ScaleShot,Haze,Protect,Tailwind|||M|||50|,,,,,Fairy]Ursaluna-Bloodmoon||LifeOrb|MindsEye|BloodMoon,HyperVoice,EarthPower,Protect|||M|||50|,,,,,Normal]Milotic||SitrusBerry|Competitive|Scald,IcyWind,HelpingHand,Protect|||F|||50|,,,,,Grass
|showteam|p2|Garchomp||LifeOrb|RoughSkin|Protect,Earthquake,StompingTantrum,DragonClaw|||F|||50|,,,,,Stellar]Sneasler||FocusSash|Unburden|Protect,DireClaw,CloseCombat,ThroatChop|||F|||50|,,,,,Dark]Misdreavus||Eviolite|Levitate|Protect,PerishSong,WillOWisp,ShadowBall|||M|||50|,,,,,Steel]Gothitelle||SitrusBerry|ShadowTag|Protect,FakeOut,TrickRoom,Psychic|||M|||50|,,,,,Dark]Amoonguss||EjectButton|Regenerator|Protect,RagePowder,Spore,PollenPuff|||F|||50|,,,,,Fairy]Incineroar||SafetyGoggles|Intimidate|Protect,FakeOut,PartingShot,KnockOff|||F|||50|,,,,,Ghost
|inactive|Battle timer is ON: inactive players will automatically lose when time's up. (requested by MrGreen3432)
|inactive|eggwich69 has 60 seconds left.
|inactive|MrGreen3432 has 60 seconds left.
|inactive|eggwich69 has 30 seconds left.
|inactive|MrGreen3432 has 30 seconds left.
|inactive|MrGreen3432 has 20 seconds left.
|
|t:|1757834777
|teamsize|p1|4
|teamsize|p2|4
|start
|switch|p1a: Ursaluna|Ursaluna-Bloodmoon, L50, M|100/100
|switch|p1b: Milotic|Milotic, L50, F|100/100
|switch|p2a: Gothitelle|Gothitelle, L50, M|100/100
|switch|p2b: Misdreavus|Misdreavus, L50, M|100/100
|turn|1
|inactive|eggwich69 has 30 seconds left.
|inactive|eggwich69 has 20 seconds left.
|inactive|eggwich69 has 15 seconds left.
|inactive|eggwich69 has 10 seconds left.
|inactive|eggwich69 has 5 seconds left.
|
|t:|1757834828
|move|p2a: Gothitelle|Fake Out|p1a: Ursaluna
|-damage|p1a: Ursaluna|96/100
|move|p1b: Milotic|Scald|p2b: Misdreavus
|-damage|p2b: Misdreavus|80/100
|move|p2b: Misdreavus|Perish Song|p2b: Misdreavus
|-start|p1a: Ursaluna|perish3|[silent]
|-start|p1b: Milotic|perish3|[silent]
|-start|p2a: Gothitelle|perish3|[silent]
|-start|p2b: Misdreavus|perish3|[silent]
|-fieldactivate|move: Perish Song
|cant|p1a: Ursaluna|flinch
|
|-start|p1b: Milotic|perish3
|-start|p2b: Misdreavus|perish3
|-start|p1a: Ursaluna|perish3
|-start|p2a: Gothitelle|perish3
|upkeep
|turn|2
|
|t:|1757834846
|switch|p2b: Incineroar|Incineroar, L50, F|100/100
|-ability|p2b: Incineroar|Intimidate|boost
|-unboost|p1a: Ursaluna|atk|1
|-unboost|p1b: Milotic|atk|1
|-ability|p1b: Milotic|Competitive|boost
|-boost|p1b: Milotic|spa|2
|move|p2a: Gothitelle|Protect|p2a: Gothitelle
|-singleturn|p2a: Gothitelle|Protect
|move|p1b: Milotic|Scald|p2b: Incineroar
|-supereffective|p2b: Incineroar
|-damage|p2b: Incineroar|14/100
|move|p1a: Ursaluna|Hyper Voice|p2a: Gothitelle|[spread] p2b
|-activate|p2a: Gothitelle|move: Protect
|-damage|p2b: Incineroar|0 fnt
|faint|p2b: Incineroar
|-damage|p1a: Ursaluna|86/100|[from] item: Life Orb
|
|-start|p1b: Milotic|perish2
|-start|p1a: Ursaluna|perish2
|-start|p2a: Gothitelle|perish2
|upkeep
|inactive|MrGreen3432 has 30 seconds left.
|
|t:|1757834875
|switch|p2b: Sneasler|Sneasler, L50, F|100/100
|turn|3
|inactive|eggwich69 has 30 seconds left.
|
|t:|1757834906
|move|p2a: Gothitelle|Protect|p2a: Gothitelle
|-singleturn|p2a: Gothitelle|Protect
|move|p2b: Sneasler|Dire Claw|p1b: Milotic
|-crit|p1b: Milotic
|-damage|p1b: Milotic|29/100
|-status|p1b: Milotic|par
|-enditem|p1b: Milotic|Sitrus Berry|[eat]
|-heal|p1b: Milotic|53/100 par|[from] item: Sitrus Berry
|move|p1a: Ursaluna|Blood Moon|p2a: Gothitelle
|-activate|p2a: Gothitelle|move: Protect
|move|p1b: Milotic|Scald|p2b: Sneasler
|-damage|p2b: Sneasler|19/100
|-status|p2b: Sneasler|brn
|
|-damage|p2b: Sneasler|13/100 brn|[from] brn
|-start|p1a: Ursaluna|perish1
|-start|p2a: Gothitelle|perish1
|-start|p1b: Milotic|perish1
|upkeep
|turn|4
|inactive|MrGreen3432 has 30 seconds left.
|inactive|MrGreen3432 has 20 seconds left.
|
|t:|1757834944
|switch|p2a: Misdreavus|Misdreavus, L50, M|80/100
|move|p2b: Sneasler|Close Combat|p1a: Ursaluna
|-supereffective|p1a: Ursaluna
|-damage|p1a: Ursaluna|31/100
|-unboost|p2b: Sneasler|def|1
|-unboost|p2b: Sneasler|spd|1
|move|p1a: Ursaluna|Hyper Voice|p2b: Sneasler|[spread] p2a,p2b
|-damage|p2a: Misdreavus|45/100
|-damage|p2b: Sneasler|0 fnt
|faint|p2b: Sneasler
|-damage|p1a: Ursaluna|21/100|[from] item: Life Orb
|move|p1b: Milotic|Scald|p2a: Misdreavus
|-damage|p2a: Misdreavus|11/100
|
|-start|p1a: Ursaluna|perish0
|-start|p1b: Milotic|perish0
|upkeep
|faint|p1a: Ursaluna
|faint|p1b: Milotic
|
|t:|1757834959
|switch|p2b: Gothitelle|Gothitelle, L50, M|100/100
|switch|p1b: Sneasler|Sneasler, L50, M|100/100
|switch|p1a: Incineroar|Incineroar, L50, F|100/100
|-ability|p1a: Incineroar|Intimidate|boost
|-unboost|p2a: Misdreavus|atk|1
|-unboost|p2b: Gothitelle|atk|1
|turn|5
|
|t:|1757834982
|-terastallize|p1b: Sneasler|Stellar
|move|p2b: Gothitelle|Fake Out|p1b: Sneasler
|-damage|p1b: Sneasler|93/100
|cant|p1b: Sneasler|flinch
|move|p2a: Misdreavus|Perish Song|p2a: Misdreavus
|-start|p1a: Incineroar|perish3|[silent]
|-start|p1b: Sneasler|perish3|[silent]
|-start|p2a: Misdreavus|perish3|[silent]
|-start|p2b: Gothitelle|perish3|[silent]
|-fieldactivate|move: Perish Song
|move|p1a: Incineroar|Knock Off|p2a: Misdreavus
|-supereffective|p2a: Misdreavus
|-damage|p2a: Misdreavus|0 fnt
|-enditem|p2a: Misdreavus|Eviolite|[from] move: Knock Off|[of] p1a: Incineroar
|faint|p2a: Misdreavus
|
|-start|p1b: Sneasler|perish3
|-start|p1a: Incineroar|perish3
|-start|p2b: Gothitelle|perish3
|upkeep
|turn|6
|inactive|eggwich69 has 30 seconds left.
|
|t:|1757835014
|move|p2b: Gothitelle|Protect|p2b: Gothitelle
|-singleturn|p2b: Gothitelle|Protect
|move|p1b: Sneasler|Throat Chop|p2b: Gothitelle
|-activate|p2b: Gothitelle|move: Protect
|move|p1a: Incineroar|Flare Blitz|p2b: Gothitelle
|-activate|p2b: Gothitelle|move: Protect
|
|-start|p1b: Sneasler|perish2
|-start|p1a: Incineroar|perish2
|-start|p2b: Gothitelle|perish2
|upkeep
|turn|7
|
|t:|1757835035
|move|p1b: Sneasler|Close Combat|p2b: Gothitelle
|-resisted|p2b: Gothitelle
|-damage|p2b: Gothitelle|56/100
|-unboost|p1b: Sneasler|def|1
|-unboost|p1b: Sneasler|spd|1
|move|p1a: Incineroar|Flare Blitz|p2b: Gothitelle
|-damage|p2b: Gothitelle|0 fnt
|faint|p2b: Gothitelle
|-damage|p1a: Incineroar|84/100|[from] Recoil
|
|win|eggwich69
|l|☆MrGreen3432
|player|p2|
|inactive|eggwich69 has 30 seconds to confirm battle start!
|inactive|MrGreen3432 has 30 seconds to confirm battle start!
||eggwich69 is ready for game 2.
||MrGreen3432 is ready for game 2.
|uhtml|next|Next: Game 2 of 3
