|j|☆PaniniWeenie
|j|☆stevie.bot
|html|PaniniWeeniestevie.bot    
|uhtml|bestof|Game 1 of a best-of-3
|t:|1756934379
|gametype|doubles
|player|p1|PaniniWeenie|pokemaniac|1484
|player|p2|stevie.bot|liza|1393
|gen|9
|tier|[Gen 9] VGC 2025 Reg H (Bo3)
|rated|
|rule|Species Clause: Limit one of each Pokémon
|rule|Item Clause: Limit 1 of each item
|clearpoke
|poke|p1|Sneasler, L50, M|
|poke|p1|Volcarona, L50, M|
|poke|p1|Dragonite, L50, M|
|poke|p1|Rillaboom, L50, F|
|poke|p1|Electabuzz, L50, M|
|poke|p1|Kingambit, L50, M|
|poke|p2|Sneasler, L50, F|
|poke|p2|Dragapult, L50, M|
|poke|p2|Primarina, L50, F|
|poke|p2|Rillaboom, L50, F|
|poke|p2|Kingambit, L50, M|
|poke|p2|Magmar, L50, F|
|teampreview|4
|showteam|p1|Sneasler||FocusSash|Unburden|DireClaw,CloseCombat,FakeOut,Coaching|||M|||50|,,,,,Ghost]Volcarona||Leftovers|FlameBody|HeatWave,QuiverDance,Protect,TeraBlast|||M|||50|,,,,,Fairy]Dragonite||LoadedDice|Multiscale|ScaleShot,ExtremeSpeed,Haze,Protect|||M|||50|,,,,,Steel]Rillaboom||AssaultVest|GrassySurge|WoodHammer,GrassyGlide,HighHorsepower,FakeOut|||F|||50|,,,,,Fire]Electabuzz||Eviolite|VitalSpirit|FollowMe,Thunderbolt,Taunt,Protect|||M|||50|,,,,,Ghost]Kingambit||BlackGlasses|Defiant|KowtowCleave,SuckerPunch,SwordsDance,Protect|||M|||50|,,,,,Dark
|showteam|p2|Sneasler||FocusSash|PoisonTouch|CloseCombat,DireClaw,FakeOut,Protect|||F|||50|,,,,,Stellar]Dragapult||ChoiceBand|ClearBody|DragonDarts,TeraBlast,PhantomForce,Uturn|||M|||50|,,,,,Ghost]Primarina||SitrusBerry|LiquidVoice|HyperVoice,Moonblast,Haze,Protect|||F|||50|,,,,,Water]Rillaboom||AssaultVest|GrassySurge|WoodHammer,GrassyGlide,HighHorsepower,FakeOut|||F|||50|,,,,,Fire]Kingambit||BlackGlasses|Defiant|KowtowCleave,SuckerPunch,SwordsDance,Protect|||M|||50|,,,,,Ghost]Magmar||Eviolite|VitalSpirit|Overheat,WillOWisp,FollowMe,Protect|||F|||50|,,,,,Fairy
|
|t:|1756934416
|teamsize|p1|4
|teamsize|p2|4
|start
|switch|p1a: Electabuzz|Electabuzz, L50, M|100/100
|switch|p1b: Volcarona|Volcarona, L50, M|100/100
|switch|p2a: Sneasler|Sneasler, L50, F|100/100
|switch|p2b: Magmar|Magmar, L50, F, shiny|100/100
|turn|1
|
|t:|1756934440
|switch|p2b: Kingambit|Kingambit, L50, M|100/100
|move|p1b: Volcarona|Protect|p1b: Volcarona
|-singleturn|p1b: Volcarona|Protect
|move|p1a: Electabuzz|Protect|p1a: Electabuzz
|-singleturn|p1a: Electabuzz|Protect
|move|p2a: Sneasler|Dire Claw|p1b: Volcarona
|-activate|p1b: Volcarona|move: Protect
|
|upkeep
|turn|2
|inactive|Battle timer is ON: inactive players will automatically lose when time's up. (requested by stevie.bot)
|inactive|PaniniWeenie also wants the timer to be on.
|
|t:|1756934454
|-terastallize|p2b: Kingambit|Ghost
|move|p1a: Electabuzz|Follow Me|p1a: Electabuzz
|-singleturn|p1a: Electabuzz|move: Follow Me
|move|p2a: Sneasler|Dire Claw|p1a: Electabuzz
|-damage|p1a: Electabuzz|71/100
|move|p1b: Volcarona|Quiver Dance|p1b: Volcarona
|-boost|p1b: Volcarona|spa|1
|-boost|p1b: Volcarona|spd|1
|-boost|p1b: Volcarona|spe|1
|move|p2b: Kingambit|Swords Dance|p2b: Kingambit
|-boost|p2b: Kingambit|atk|2
|
|upkeep
|turn|3
|inactive|stevie.bot has 30 seconds left.
|
|t:|1756934480
|move|p1b: Volcarona|Protect|p1b: Volcarona
|-singleturn|p1b: Volcarona|Protect
|move|p2a: Sneasler|Protect|p2a: Sneasler
|-singleturn|p2a: Sneasler|Protect
|move|p1a: Electabuzz|Thunderbolt|p2b: Kingambit
|-damage|p2b: Kingambit|73/100
|move|p2b: Kingambit|Kowtow Cleave|p1b: Volcarona
|-activate|p1b: Volcarona|move: Protect
|
|upkeep
|turn|4
|
|t:|1756934491
|move|p1a: Electabuzz|Follow Me|p1a: Electabuzz
|-singleturn|p1a: Electabuzz|move: Follow Me
|move|p1b: Volcarona|Heat Wave|p2a: Sneasler|[spread] p2a,p2b
|-damage|p2a: Sneasler|28/100
|-damage|p2b: Kingambit|20/100
|move|p2a: Sneasler|Dire Claw|p1a: Electabuzz
|-damage|p1a: Electabuzz|39/100
|move|p2b: Kingambit|Kowtow Cleave|p1a: Electabuzz
|-damage|p1a: Electabuzz|0 fnt
|faint|p1a: Electabuzz
|
|upkeep
|
|t:|1756934499
|switch|p1a: Kingambit|Kingambit, L50, M|100/100
|turn|5
|
|t:|1756934506
|move|p1a: Kingambit|Sucker Punch|p2b: Kingambit
|-supereffective|p2b: Kingambit
|-damage|p2b: Kingambit|0 fnt
|faint|p2b: Kingambit
|move|p1b: Volcarona|Heat Wave|p2a: Sneasler
|-damage|p2a: Sneasler|0 fnt
|faint|p2a: Sneasler
|
|upkeep
|
|t:|1756934511
|switch|p2a: Primarina|Primarina, L50, F|100/100
|switch|p2b: Magmar|Magmar, L50, F, shiny|100/100
|turn|6
|inactive|PaniniWeenie has 30 seconds left.
|
|t:|1756934544
|-terastallize|p1b: Volcarona|Fairy
|move|p1b: Volcarona|Tera Blast|p2a: Primarina|[anim] Tera Blast Fairy
|-damage|p2a: Primarina|53/100
|move|p2b: Magmar|Will-O-Wisp|p1a: Kingambit|[miss]
|-miss|p2b: Magmar|p1a: Kingambit
|move|p2a: Primarina|Haze|p2a: Primarina
|-clearallboost
|move|p1a: Kingambit|Kowtow Cleave|p2b: Magmar
|-damage|p2b: Magmar|53/100
|
|upkeep
|turn|7
|
|t:|1756934561
|move|p1a: Kingambit|Sucker Punch|p2a: Primarina
|-resisted|p2a: Primarina
|-damage|p2a: Primarina|30/100
|-enditem|p2a: Primarina|Sitrus Berry|[eat]
|-heal|p2a: Primarina|55/100|[from] item: Sitrus Berry
|move|p1b: Volcarona|Tera Blast|p2a: Primarina|[anim] Tera Blast Fairy
|-damage|p2a: Primarina|22/100
|move|p2b: Magmar|Will-O-Wisp|p1a: Kingambit
|-status|p1a: Kingambit|brn
|move|p2a: Primarina|Hyper Voice|p1b: Volcarona|[spread] p1a,p1b
|-damage|p1a: Kingambit|68/100 brn
|-damage|p1b: Volcarona|66/100
|
|-heal|p1b: Volcarona|73/100|[from] item: Leftovers
|-damage|p1a: Kingambit|62/100 brn|[from] brn
|upkeep
|turn|8
|
|t:|1756934572
|move|p2b: Magmar|Follow Me|p2b: Magmar
|-singleturn|p2b: Magmar|move: Follow Me
|move|p1b: Volcarona|Heat Wave|p2b: Magmar|[spread] p2a,p2b
|-resisted|p2a: Primarina
|-resisted|p2b: Magmar
|-damage|p2a: Primarina|8/100
|-damage|p2b: Magmar|39/100
|move|p2a: Primarina|Hyper Voice|p1b: Volcarona|[spread] p1a,p1b
|-damage|p1a: Kingambit|28/100 brn
|-damage|p1b: Volcarona|40/100
|move|p1a: Kingambit|Swords Dance|p1a: Kingambit
|-boost|p1a: Kingambit|atk|2
|
|-heal|p1b: Volcarona|47/100|[from] item: Leftovers
|-damage|p1a: Kingambit|23/100 brn|[from] brn
|upkeep
|turn|9
|
|t:|1756934585
|move|p2b: Magmar|Follow Me|p2b: Magmar
|-singleturn|p2b: Magmar|move: Follow Me
|move|p1a: Kingambit|Sucker Punch||[still]
|-fail|p1a: Kingambit
|move|p1b: Volcarona|Heat Wave|p2a: Primarina|[spread] p2a
|-miss|p1b: Volcarona|p2b: Magmar
|-resisted|p2a: Primarina
|-damage|p2a: Primarina|0 fnt
|faint|p2a: Primarina
|
|-heal|p1b: Volcarona|53/100|[from] item: Leftovers
|-damage|p1a: Kingambit|17/100 brn|[from] brn
|upkeep
|turn|10
|-message|stevie.bot forfeited.
|
|win|PaniniWeenie
||PaniniWeenie is ready for game 2.
||stevie.bot is ready for game 2.
|uhtml|next|Next: Game 2 of 3
