|j|☆Cijini
|j|☆raylof
|html|Cijiniraylof    
|uhtml|bestof|Game 1 of a best-of-3
|t:|1756444735
|gametype|doubles
|player|p1|Cijini|266|1057
|player|p2|raylof|1|1125
|gen|9
|tier|[Gen 9] VGC 2025 Reg H (Bo3)
|rated|
|rule|Species Clause: Limit one of each Pokémon
|rule|Item Clause: Limit 1 of each item
|clearpoke
|poke|p1|Ursaluna-Bloodmoon, L50, M|
|poke|p1|Gholdengo, L50|
|poke|p1|Dragonite, L50, M|
|poke|p1|Sneasler, L50, M|
|poke|p1|Incineroar, L50, M|
|poke|p1|Amoonguss, L50, M|
|poke|p2|Dragonite, L50, F|
|poke|p2|Ursaluna-Bloodmoon, L50, M|
|poke|p2|Gholdengo, L50|
|poke|p2|Incineroar, L50, F|
|poke|p2|Amoonguss, L50, F|
|poke|p2|Ninetales-Alola, L50, F|
|teampreview|4
|showteam|p1|Ursaluna-Bloodmoon||AssaultVest|MindsEye|BloodMoon,EarthPower,VacuumWave,HyperVoice|||M|||50|,,,,,Water]Gholdengo||LifeOrb|GoodasGold|Protect,MakeItRain,ShadowBall,NastyPlot||||||50|,,,,,Water]Dragonite||LoadedDice|Multiscale|ScaleShot,Tailwind,Haze,Protect|||M|||50|,,,,,Fairy]Sneasler||FocusSash|Unburden|Protect,DireClaw,CloseCombat,ThroatChop|||M|||50|,,,,,Stellar]Incineroar||SafetyGoggles|Intimidate|KnockOff,PartingShot,FlareBlitz,FakeOut|||M|||50|,,,,,Ghost]Amoonguss||SitrusBerry|Regenerator|RagePowder,Spore,PollenPuff,Protect|||M|||50|,,,,,Psychic
|showteam|p2|Dragonite||LoadedDice|Multiscale|ScaleShot,Haze,Protect,Tailwind|||F|||50|,,,,,Fairy]Ursaluna-Bloodmoon||AssaultVest|MindsEye|BloodMoon,HyperVoice,VacuumWave,EarthPower|||M|||50|,,,,,Ghost]Gholdengo||LifeOrb|GoodasGold|MakeItRain,ShadowBall,Protect,NastyPlot||||||50|,,,,,Water]Incineroar||SafetyGoggles|Intimidate|KnockOff,FakeOut,FlareBlitz,PartingShot|||F|||50|,,,,,Ghost]Amoonguss||SitrusBerry|Regenerator|PollenPuff,Spore,RagePowder,Protect|||F|||50|,,,,,Water]Ninetales-Alola||LightClay|SnowWarning|IcyWind,FreezeDry,Protect,AuroraVeil|||F|||50|,,,,,Ghost
|j| Auragap
|inactive|Battle timer is ON: inactive players will automatically lose when time's up. (requested by Cijini)
|inactive|raylof has 60 seconds left.
|
|t:|1756444806
|teamsize|p1|4
|teamsize|p2|4
|start
|switch|p1a: Gholdengo|Gholdengo, L50|100/100
|switch|p1b: Incineroar|Incineroar, L50, M|100/100
|switch|p2a: Incineroar|Incineroar, L50, F|100/100
|switch|p2b: Ninetales|Ninetales-Alola, L50, F, shiny|100/100
|-weather|Snowscape|[from] ability: Snow Warning|[of] p2b: Ninetales
|-ability|p1b: Incineroar|Intimidate|boost
|-unboost|p2a: Incineroar|atk|1
|-unboost|p2b: Ninetales|atk|1
|-ability|p2a: Incineroar|Intimidate|boost
|-unboost|p1a: Gholdengo|atk|1
|-unboost|p1b: Incineroar|atk|1
|turn|1
|
|t:|1756444827
|-terastallize|p2b: Ninetales|Ghost
|move|p1b: Incineroar|Fake Out|p2b: Ninetales
|-immune|p2b: Ninetales
|move|p2b: Ninetales|Aurora Veil|p2b: Ninetales
|-sidestart|p2: raylof|move: Aurora Veil
|move|p1a: Gholdengo|Make It Rain|p2b: Ninetales|[spread] p2a,p2b
|-resisted|p2a: Incineroar
|-damage|p2a: Incineroar|83/100
|-damage|p2b: Ninetales|64/100
|-unboost|p1a: Gholdengo|spa|1
|-damage|p1a: Gholdengo|91/100|[from] item: Life Orb
|move|p2a: Incineroar|Knock Off|p1a: Gholdengo
|-supereffective|p1a: Gholdengo
|-damage|p1a: Gholdengo|36/100
|-enditem|p1a: Gholdengo|Life Orb|[from] move: Knock Off|[of] p2a: Incineroar
|
|-weather|Snowscape|[upkeep]
|upkeep
|turn|2
|
|t:|1756444848
|switch|p1a: Sneasler|Sneasler, L50, M|100/100
|move|p2b: Ninetales|Icy Wind|p1a: Sneasler|[spread] p1a,p1b
|-resisted|p1b: Incineroar
|-damage|p1a: Sneasler|83/100
|-damage|p1b: Incineroar|95/100
|-unboost|p1a: Sneasler|spe|1
|-unboost|p1b: Incineroar|spe|1
|move|p2a: Incineroar|Parting Shot|p1b: Incineroar
|-unboost|p1b: Incineroar|atk|1
|-unboost|p1b: Incineroar|spa|1
|
|t:|1756444859
|switch|p2a: Gholdengo|Gholdengo, L50|100/100|[from] Parting Shot
|move|p1b: Incineroar|Knock Off|p2b: Ninetales
|-supereffective|p2b: Ninetales
|-damage|p2b: Ninetales|24/100
|-enditem|p2b: Ninetales|Light Clay|[from] move: Knock Off|[of] p1b: Incineroar
|
|-weather|Snowscape|[upkeep]
|upkeep
|turn|3
|inactive|raylof has 30 seconds left.
|
|t:|1756444885
|switch|p2b: Incineroar|Incineroar, L50, F|83/100
|-ability|p2b: Incineroar|Intimidate|boost
|-unboost|p1a: Sneasler|atk|1
|-unboost|p1b: Incineroar|atk|1
|move|p2a: Gholdengo|Protect|p2a: Gholdengo
|-singleturn|p2a: Gholdengo|Protect
|move|p1a: Sneasler|Throat Chop|p2a: Gholdengo
|-activate|p2a: Gholdengo|move: Protect
|move|p1b: Incineroar|Knock Off|p2b: Incineroar
|-resisted|p2b: Incineroar
|-crit|p2b: Incineroar
|-damage|p2b: Incineroar|51/100
|-enditem|p2b: Incineroar|Safety Goggles|[from] move: Knock Off|[of] p1b: Incineroar
|
|-weather|Snowscape|[upkeep]
|upkeep
|turn|4
|
|t:|1756444910
|switch|p1a: Dragonite|Dragonite, L50, M|100/100
|move|p2b: Incineroar|Fake Out|p1a: Dragonite
|-damage|p1a: Dragonite|94/100
|move|p2a: Gholdengo|Nasty Plot|p2a: Gholdengo
|-boost|p2a: Gholdengo|spa|2
|move|p1b: Incineroar|Parting Shot|p2b: Incineroar
|-unboost|p2b: Incineroar|atk|1
|-unboost|p2b: Incineroar|spa|1
|
|t:|1756444921
|switch|p1b: Sneasler|Sneasler, L50, M|83/100|[from] Parting Shot
|
|-weather|Snowscape|[upkeep]
|upkeep
|turn|5
|
|t:|1756444934
|-terastallize|p1b: Sneasler|Stellar
|move|p1b: Sneasler|Throat Chop|p2a: Gholdengo
|-supereffective|p2a: Gholdengo
|-damage|p2a: Gholdengo|55/100
|-start|p2a: Gholdengo|Throat Chop|[silent]
|move|p2a: Gholdengo|Make It Rain|p1b: Sneasler|[spread] p1a,p1b
|-damage|p1a: Dragonite|0 fnt
|-damage|p1b: Sneasler|0 fnt
|-unboost|p2a: Gholdengo|spa|1
|faint|p1a: Dragonite
|faint|p1b: Sneasler
|-damage|p2a: Gholdengo|46/100|[from] item: Life Orb
|move|p2b: Incineroar|Knock Off|p1: Dragonite|[notarget]
|-fail|p2b: Incineroar
|
|-weather|none
|upkeep
|
|t:|1756444942
|switch|p1b: Gholdengo|Gholdengo, L50|36/100
|switch|p1a: Incineroar|Incineroar, L50, M|95/100
|-ability|p1a: Incineroar|Intimidate|boost
|-unboost|p2a: Gholdengo|atk|1
|-unboost|p2b: Incineroar|atk|1
|turn|6
|
|t:|1756444967
|move|p1b: Gholdengo|Protect|p1b: Gholdengo
|-singleturn|p1b: Gholdengo|Protect
|move|p2a: Gholdengo|Shadow Ball|p1a: Incineroar
|-resisted|p1a: Incineroar
|-damage|p1a: Incineroar|63/100
|-damage|p2a: Gholdengo|36/100|[from] item: Life Orb
|move|p1a: Incineroar|Flare Blitz|p2a: Gholdengo
|-supereffective|p2a: Gholdengo
|-damage|p2a: Gholdengo|0 fnt
|faint|p2a: Gholdengo
|-damage|p1a: Incineroar|52/100|[from] Recoil
|move|p2b: Incineroar|Parting Shot|p1a: Incineroar
|-unboost|p1a: Incineroar|atk|1
|-unboost|p1a: Incineroar|spa|1
|
|t:|1756444980
|switch|p2b: Ursaluna|Ursaluna-Bloodmoon, L50, M|100/100|[from] Parting Shot
|
|upkeep
|
|t:|1756444983
|switch|p2a: Incineroar|Incineroar, L50, F|51/100
|-ability|p2a: Incineroar|Intimidate|boost
|-unboost|p1a: Incineroar|atk|1
|-unboost|p1b: Gholdengo|atk|1
|turn|7
|
|t:|1756444992
|move|p2a: Incineroar|Fake Out|p1a: Incineroar
|-damage|p1a: Incineroar|40/100
|move|p2b: Ursaluna|Vacuum Wave|p1b: Gholdengo
|-supereffective|p1b: Gholdengo
|-damage|p1b: Gholdengo|2/100
|move|p1b: Gholdengo|Make It Rain|p2b: Ursaluna|[spread] p2a,p2b
|-resisted|p2a: Incineroar
|-damage|p2a: Incineroar|39/100
|-damage|p2b: Ursaluna|81/100
|-unboost|p1b: Gholdengo|spa|1
|cant|p1a: Incineroar|flinch
|
|upkeep
|turn|8
|-message|Cijini forfeited.
|
|win|raylof
|l|☆Cijini
|player|p1|
||Cijini is ready for game 2.
||raylof is ready for game 2.
|uhtml|next|Next: Game 2 of 3
|l| Auragap
