|j|☆gundnub
|j|☆lillyrosethedemon
|html|gundnublillyrosethedemon    
|uhtml|bestof|Game 1 of a best-of-3
|t:|1783375495
|gametype|doubles
|player|p1|gundnub|pokemonranger-gen4|
|player|p2|lillyrosethedemon|madame|
|gen|9
|tier|[Gen 9 Champions] VGC 2026 Reg M-B (Bo3)
|rule|Species Clause: Limit one of each Pokémon
|rule|Item Clause: Limit 1 of each item
|clearpoke
|poke|p1|Pidgeot, L50, M|
|poke|p1|Krookodile, L50, F|
|poke|p1|Floette-Eternal, L50, F|
|poke|p1|Toxicroak, L50, M|
|poke|p1|Chandelure, L50, M|
|poke|p1|Vaporeon, L50, M|
|poke|p2|Rhyperior, L50, M|
|poke|p2|Ariados, L50, M|
|poke|p2|Houndoom, L50, M|
|poke|p2|Feraligatr, L50, M|
|poke|p2|Florges-White, L50, F|
|poke|p2|Medicham, L50, M|
|teampreview|4
|showteam|p1|Pidgeot||Pidgeotite|BigPecks|Protect,Hurricane,HeatWave,Tailwind|Timid||M|||50|]Krookodile||RoseliBerry|Intimidate|IronHead,HighHorsepower,LashOut,Earthquake|Adamant||F|||50|]Floette-Eternal||LifeOrb|FlowerVeil|Protect,Moonblast,DazzlingGleam,LightofRuin|Modest||F|||50|]Toxicroak||FocusSash|DrySkin|Protect,PoisonJab,CloseCombat,FakeOut|Jolly||M|||50|]Chandelure||Chandelurite|FlashFire|HeatWave,ShadowBall,EnergyBall,TrickRoom|Modest||M|||50|]Vaporeon||Leftovers|WaterAbsorb|Protect,MuddyWater,AlluringVoice,CalmMind|Modest||M|||50|
|showteam|p2|Rhyperior||PasshoBerry|SolidRock|RockSlide,HighHorsepower,Protect,RockPolish|Adamant||M|||50|]Ariados||SitrusBerry|Insomnia|RagePowder,KnockOff,ToxicThread,Protect|Careful||M|||50|]Houndoom||FocusSash|FlashFire|Snarl,DarkPulse,HeatWave,Protect|Timid||M|||50|]Feraligatr||LifeOrb|SheerForce|DragonDance,Liquidation,IcePunch,Protect|Adamant||M|||50|]Florges-White||ChoiceScarf|FlowerVeil|Moonblast,DazzlingGleam,Psychic,PollenPuff|Timid||F|||50|]Medicham||Medichamite|PurePower|FakeOut,IcePunch,CloseCombat,ZenHeadbutt|Jolly||M|||50|
|inactive|Battle timer is ON: inactive players will automatically lose when time's up. (requested by gundnub)
|inactive|gundnub has 60 seconds left.
|inactive|lillyrosethedemon has 60 seconds left.
|
|t:|1783375548
|teamsize|p1|4
|teamsize|p2|4
|start
|switch|p1a: Toxicroak|Toxicroak, L50, M|100/100
|switch|p1b: Vaporeon|Vaporeon, L50, M|100/100
|switch|p2a: Medicham|Medicham, L50, M|100/100
|switch|p2b: Florges|Florges-White, L50, F|100/100
|turn|1
|inactive|lillyrosethedemon has 30 seconds left.
|
|t:|1783375587
|detailschange|p2a: Medicham|Medicham-Mega, L50, M
|-mega|p2a: Medicham|Medicham|Medichamite
|move|p2a: Medicham|Fake Out|p1b: Vaporeon
|-damage|p1b: Vaporeon|80/100
|move|p1a: Toxicroak|Fake Out|p2a: Medicham
|-damage|p2a: Medicham|82/100
|move|p2b: Florges|Psychic|p1a: Toxicroak
|-supereffective|p1a: Toxicroak|2
|-enditem|p1a: Toxicroak|Focus Sash
|-damage|p1a: Toxicroak|1/100
|cant|p1b: Vaporeon|flinch
|
|-heal|p1b: Vaporeon|87/100|[from] item: Leftovers
|upkeep
|turn|2
|
|t:|1783375610
|switch|p1a: Krookodile|Krookodile, L50, F|100/100
|-ability|p1a: Krookodile|Intimidate|boost
|-unboost|p2a: Medicham|atk|1
|-unboost|p2b: Florges|atk|1
|switch|p1b: Floette|Floette-Eternal, L50, F|100/100
|move|p2b: Florges|Psychic|p1a: Krookodile
|-immune|p1a: Krookodile
|move|p2a: Medicham|Close Combat|p1b: Floette
|-resisted|p1b: Floette|1
|-damage|p1b: Floette|47/100
|-unboost|p2a: Medicham|def|1
|-unboost|p2a: Medicham|spd|1
|
|upkeep
|turn|3
|inactive|gundnub has 30 seconds left.
|inactive|gundnub has 20 seconds left.
|
|t:|1783375646
|switch|p2b: Houndoom|Houndoom, L50, M|100/100
|switch|p2a: Ariados|Ariados, L50, M|100/100
|move|p1b: Floette|Dazzling Gleam|p2b: Houndoom|[spread] p2a,p2b
|-resisted|p2a: Ariados|1
|-damage|p2a: Ariados|78/100
|-damage|p2b: Houndoom|35/100
|-damage|p1b: Floette|37/100|[from] item: Life Orb
|move|p1a: Krookodile|High Horsepower|p2a: Ariados
|-damage|p2a: Ariados|19/100
|-enditem|p2a: Ariados|Sitrus Berry|[eat]
|-heal|p2a: Ariados|44/100|[from] item: Sitrus Berry
|
|upkeep
|turn|4
|inactive|gundnub has 30 seconds left.
|inactive|lillyrosethedemon has 30 seconds left.
|
|t:|1783375673
|move|p1b: Floette|Protect|p1b: Floette
|-singleturn|p1b: Floette|Protect
|move|p2b: Houndoom|Heat Wave|p1b: Floette|[spread] p1a
|-activate|p1b: Floette|move: Protect
|-damage|p1a: Krookodile|58/100
|move|p1a: Krookodile|Earthquake|p2b: Houndoom|[spread] p2a,p2b
|-activate|p1b: Floette|move: Protect
|-supereffective|p2b: Houndoom|1
|-damage|p2a: Ariados|0 fnt
|-damage|p2b: Houndoom|0 fnt
|faint|p2a: Ariados
|faint|p2b: Houndoom
|
|upkeep
|
|t:|1783375685
|switch|p2b: Florges|Florges-White, L50, F|100/100
|switch|p2a: Medicham|Medicham-Mega, L50, M|82/100
|turn|5
|inactive|gundnub has 30 seconds left.
|inactive|lillyrosethedemon has 30 seconds left.
|
|t:|1783375716
|switch|p1a: Vaporeon|Vaporeon, L50, M|87/100
|move|p1b: Floette|Protect||[still]
|-fail|p1b: Floette
|move|p2a: Medicham|Fake Out|p1b: Floette
|-damage|p1b: Floette|1/100
|move|p2b: Florges|Moonblast|p1a: Vaporeon
|-damage|p1a: Vaporeon|49/100
|
|-heal|p1a: Vaporeon|56/100|[from] item: Leftovers
|upkeep
|turn|6
|
|t:|1783375744
|switch|p1b: Krookodile|Krookodile, L50, F|58/100
|-ability|p1b: Krookodile|Intimidate|boost
|-unboost|p2a: Medicham|atk|1
|-unboost|p2b: Florges|atk|1
|move|p1a: Vaporeon|Protect|p1a: Vaporeon
|-singleturn|p1a: Vaporeon|Protect
|move|p2b: Florges|Moonblast|p1b: Krookodile
|-supereffective|p1b: Krookodile|1
|-enditem|p1b: Krookodile|Roseli Berry|[eat]
|-enditem|p1b: Krookodile|Roseli Berry|[weaken]
|-damage|p1b: Krookodile|2/100
|move|p2a: Medicham|Zen Headbutt|p1a: Vaporeon
|-activate|p1a: Vaporeon|move: Protect
|
|-heal|p1a: Vaporeon|62/100|[from] item: Leftovers
|upkeep
|turn|7
|inactive|gundnub has 30 seconds left.
|inactive|lillyrosethedemon has 30 seconds left.
|
|t:|1783375778
|switch|p1b: Floette|Floette-Eternal, L50, F|1/100
|switch|p1a: Toxicroak|Toxicroak, L50, M|1/100
|move|p2b: Florges|Moonblast|p1b: Floette
|-damage|p1b: Floette|0 fnt
|faint|p1b: Floette
|move|p2a: Medicham|Close Combat|p1a: Toxicroak
|-resisted|p1a: Toxicroak|1
|-damage|p1a: Toxicroak|0 fnt
|-unboost|p2a: Medicham|def|1
|-unboost|p2a: Medicham|spd|1
|faint|p1a: Toxicroak
|
|upkeep
|
|t:|1783375784
|switch|p1a: Vaporeon|Vaporeon, L50, M|62/100
|switch|p1b: Krookodile|Krookodile, L50, F|2/100
|-ability|p1b: Krookodile|Intimidate|boost
|-unboost|p2a: Medicham|atk|1
|-unboost|p2b: Florges|atk|1
|turn|8
|
|t:|1783375808
|move|p2b: Florges|Moonblast|p1a: Vaporeon
|-damage|p1a: Vaporeon|23/100
|move|p2a: Medicham|Close Combat|p1a: Vaporeon
|-crit|p1a: Vaporeon
|-damage|p1a: Vaporeon|0 fnt
|-unboost|p2a: Medicham|def|1
|-unboost|p2a: Medicham|spd|1
|faint|p1a: Vaporeon
|move|p1b: Krookodile|Iron Head|p2b: Florges
|-supereffective|p2b: Florges|1
|-damage|p2b: Florges|4/100
|
|upkeep
|turn|9
|
|t:|1783375822
|move|p2b: Florges|Moonblast|p1b: Krookodile
|-supereffective|p1b: Krookodile|1
|-damage|p1b: Krookodile|0 fnt
|faint|p1b: Krookodile
|
|win|lillyrosethedemon
