|j|☆blackstorm games
|j|☆wind charmer
|html|blackstorm gameswind charmer    
|uhtml|bestof|Game 1 of a best-of-3
|t:|1756430934
|gametype|doubles
|player|p1|blackstorm games|1|1116
|player|p2|wind charmer|jasmine|1124
|gen|9
|tier|[Gen 9] VGC 2025 Reg H (Bo3)
|rated|
|rule|Species Clause: Limit one of each Pokémon
|rule|Item Clause: Limit 1 of each item
|clearpoke
|poke|p1|Gholdengo, L50|
|poke|p1|Incineroar, L50, M|
|poke|p1|Amoonguss, L50, F|
|poke|p1|Dragonite, L50, M|
|poke|p1|Primarina, L50, F|
|poke|p1|Garchomp, L50, M|
|poke|p2|Garchomp, L50, F|
|poke|p2|Milotic, L50, M|
|poke|p2|Gholdengo, L50|
|poke|p2|Talonflame, L50, F|
|poke|p2|Amoonguss, L50, M|
|poke|p2|Tyranitar, L50, F|
|teampreview|4
|showteam|p1|Gholdengo||LifeOrb|GoodasGold|MakeItRain,ShadowBall,NastyPlot,Protect||||||50|,,,,,Water]Incineroar||SafetyGoggles|Intimidate|KnockOff,FlareBlitz,FakeOut,PartingShot|||M|||50|,,,,,Ghost]Amoonguss||CovertCloak|Regenerator|RagePowder,PollenPuff,Protect,Spore|||F|||50|,,,,,Dark]Dragonite||LoadedDice|Multiscale|ScaleShot,Tailwind,Protect,Haze|||M|||50|,,,,,Fairy]Primarina||AssaultVest|LiquidVoice|HyperVoice,Moonblast,IcyWind,DazzlingGleam|||F|||50|,,,,,Poison]Garchomp||ClearAmulet|SandVeil|DragonClaw,Earthquake,SwordsDance,Protect|||M|||50|,,,,,Fire
|showteam|p2|Garchomp||LifeOrb|RoughSkin|Earthquake,StompingTantrum,DragonClaw,Protect|||F|||50|,,,,,Ground]Milotic||SafetyGoggles|Competitive|Scald,IcyWind,Haze,Protect|||M|||50|,,,,,Dragon]Gholdengo||MetalCoat|GoodasGold|MakeItRain,ShadowBall,NastyPlot,Protect||||||50|,,,,,Flying]Talonflame||CovertCloak|GaleWings|BraveBird,Tailwind,WillOWisp,Taunt|||F|||50|,,,,,Ghost]Amoonguss||SitrusBerry|Regenerator|Spore,PollenPuff,RagePowder,Protect|||M|||50|,,,,,Water]Tyranitar||AssaultVest|SandStream|RockSlide,KnockOff,LowKick,TeraBlast|||F|||50|,,,,,Flying
|
|t:|1756431001
|teamsize|p1|4
|teamsize|p2|4
|start
|switch|p1a: Primarina|Primarina, L50, F|100/100
|switch|p1b: Dragonite|Dragonite, L50, M|100/100
|switch|p2a: Milotic|Milotic, L50, M|100/100
|switch|p2b: Talonflame|Talonflame, L50, F|100/100
|turn|1
|
|t:|1756431028
|switch|p2b: Gholdengo|Gholdengo, L50|100/100
|move|p1b: Dragonite|Scale Shot|p2a: Milotic
|-damage|p2a: Milotic|87/100
|-damage|p2a: Milotic|72/100
|-damage|p2a: Milotic|57/100
|-damage|p2a: Milotic|43/100
|-hitcount|p2a: Milotic|4
|-unboost|p1b: Dragonite|def|1
|-boost|p1b: Dragonite|spe|1
|move|p2a: Milotic|Icy Wind|p1b: Dragonite|[spread] p1a,p1b
|-resisted|p1a: Primarina
|-supereffective|p1b: Dragonite
|-damage|p1a: Primarina|97/100
|-damage|p1b: Dragonite|76/100
|-unboost|p1a: Primarina|spe|1
|-unboost|p1b: Dragonite|spe|1
|move|p1a: Primarina|Hyper Voice|p2a: Milotic|[spread] p2a,p2b
|-resisted|p2a: Milotic
|-damage|p2a: Milotic|31/100
|-damage|p2b: Gholdengo|61/100
|
|upkeep
|turn|2
|
|t:|1756431070
|move|p1b: Dragonite|Scale Shot|p2a: Milotic
|-damage|p2a: Milotic|17/100
|-damage|p2a: Milotic|2/100
|-damage|p2a: Milotic|0 fnt
|faint|p2a: Milotic
|-hitcount|p2: Milotic|3
|-unboost|p1b: Dragonite|def|1
|-boost|p1b: Dragonite|spe|1
|move|p2b: Gholdengo|Make It Rain|p1b: Dragonite|[spread] p1a,p1b
|-damage|p1a: Primarina|62/100
|-damage|p1b: Dragonite|14/100
|-unboost|p2b: Gholdengo|spa|1
|move|p1a: Primarina|Hyper Voice|p2b: Gholdengo
|-damage|p2b: Gholdengo|5/100
|
|upkeep
|
|t:|1756431092
|switch|p2a: Talonflame|Talonflame, L50, F|100/100
|turn|3
|
|t:|1756431126
|-terastallize|p2a: Talonflame|Ghost
|move|p2a: Talonflame|Tailwind|p2a: Talonflame
|-sidestart|p2: wind charmer|move: Tailwind
|move|p2b: Gholdengo|Make It Rain|p1a: Primarina|[spread] p1a,p1b
|-damage|p1a: Primarina|39/100
|-damage|p1b: Dragonite|0 fnt
|-unboost|p2b: Gholdengo|spa|1
|faint|p1b: Dragonite
|move|p1a: Primarina|Hyper Voice|p2a: Talonflame|[spread] p2a,p2b
|-crit|p2b: Gholdengo
|-damage|p2a: Talonflame|50/100
|-damage|p2b: Gholdengo|0 fnt
|faint|p2b: Gholdengo
|
|upkeep
|
|t:|1756431142
|switch|p1b: Garchomp|Garchomp, L50, M|100/100
|switch|p2b: Garchomp|Garchomp, L50, F|100/100
|turn|4
|
|t:|1756431175
|-terastallize|p1b: Garchomp|Fire
|move|p2b: Garchomp|Protect|p2b: Garchomp
|-singleturn|p2b: Garchomp|Protect
|move|p2a: Talonflame|Brave Bird|p1a: Primarina
|-damage|p1a: Primarina|0 fnt
|faint|p1a: Primarina
|-damage|p2a: Talonflame|37/100|[from] Recoil
|move|p1b: Garchomp|Dragon Claw|p2b: Garchomp
|-activate|p2b: Garchomp|move: Protect
|
|upkeep
|
|t:|1756431185
|switch|p1a: Gholdengo|Gholdengo, L50|100/100
|turn|5
|
|t:|1756431226
|move|p2a: Talonflame|Brave Bird|p1b: Garchomp
|-damage|p1b: Garchomp|65/100
|-damage|p2a: Talonflame|25/100|[from] Recoil
|move|p2b: Garchomp|Stomping Tantrum|p1a: Gholdengo
|-supereffective|p1a: Gholdengo
|-damage|p1a: Gholdengo|0 fnt
|faint|p1a: Gholdengo
|-damage|p2b: Garchomp|91/100|[from] item: Life Orb
|move|p1b: Garchomp|Dragon Claw|p2b: Garchomp
|-supereffective|p2b: Garchomp
|-damage|p2b: Garchomp|6/100
|-damage|p1b: Garchomp|53/100|[from] ability: Rough Skin|[of] p2b: Garchomp
|
|upkeep
|turn|6
|
|t:|1756431243
|move|p2a: Talonflame|Brave Bird|p1b: Garchomp
|-damage|p1b: Garchomp|18/100
|-damage|p2a: Talonflame|12/100|[from] Recoil
|move|p2b: Garchomp|Stomping Tantrum|p1b: Garchomp
|-supereffective|p1b: Garchomp
|-damage|p1b: Garchomp|0 fnt
|faint|p1b: Garchomp
|-damage|p2b: Garchomp|0 fnt|[from] item: Life Orb
|faint|p2b: Garchomp
|
|win|wind charmer
||blackstorm games is ready for game 2.
|inactive|wind charmer has 30 seconds to confirm battle start!
