|j|☆Pikapower25
|j|☆testdigi
|html|Pikapower25testdigi    
|uhtml|bestof|Game 1 of a best-of-3
|t:|1784900637
|gametype|doubles
|player|p1|Pikapower25|2|1145
|player|p2|testdigi|101|1070
|gen|9
|tier|[Gen 9 Champions] VGC 2026 Reg M-B (Bo3)
|rated|
|rule|Species Clause: Limit one of each Pokémon
|rule|Item Clause: Limit 1 of each item
|clearpoke
|poke|p1|Raichu, L50, F|
|poke|p1|Mamoswine, L50, M|
|poke|p1|Chandelure, L50, M|
|poke|p1|Corviknight, L50, F|
|poke|p1|Alcremie, L50, F|
|poke|p1|Mr. Rime, L50, F|
|poke|p2|Raichu, L50, M|
|poke|p2|Sinistcha, L50|
|poke|p2|Corviknight, L50, M|
|poke|p2|Sylveon, L50, M|
|poke|p2|Garchomp, L50, F|
|poke|p2|Tyranitar, L50, F|
|teampreview|4
|showteam|p1|Raichu||RaichuniteY|LightningRod|ZapCannon,FocusBlast,FakeOut,Protect|Timid||F|||50|]Mamoswine||LifeOrb|Oblivious|HighHorsepower,IcicleCrash,IceShard,Protect|Adamant||M|||50|]Chandelure||Chandelurite|FlashFire|HeatWave,ShadowBall,EnergyBall,Protect|Modest||M|||50|]Corviknight||Leftovers|MirrorArmor|Roost,BodyPress,HeavySlam,BulkUp|Adamant||F|||50|]Alcremie||FairyFeather|AromaVeil|Decorate,HelpingHand,EnergyBall,AlluringVoice|Timid||F|||50|]Mr. Rime||SitrusBerry|ScreenCleaner|SheerCold,Psychic,Protect,RolePlay|Bold||F|||50|
|showteam|p2|Raichu||RaichuniteY|LightningRod|ZapCannon,FocusBlast,FakeOut,Protect|Timid||M|||50|]Sinistcha||KasibBerry|Hospitality|MatchaGotcha,ShadowBall,RagePowder,Protect|Modest|||||50|]Corviknight||Leftovers|MirrorArmor|IronHead,BraveBird,Tailwind,Protect|Adamant||M|||50|]Sylveon||FairyFeather|Pixilate|HyperVoice,QuickAttack,Yawn,Detect|Modest||M|||50|]Garchomp||SitrusBerry|RoughSkin|DragonClaw,StompingTantrum,RockSlide,Protect|Adamant||F|||50|]Tyranitar||FocusSash|SandStream|RockBlast,KnockOff,Superpower,Protect|Adamant||F|||50|
|
|t:|1784900686
|teamsize|p1|4
|teamsize|p2|4
|start
|switch|p1a: Alcremie|Alcremie, L50, F|100/100
|switch|p1b: Corviknight|Corviknight, L50, F|100/100
|switch|p2a: Sylveon|Sylveon, L50, M|100/100
|switch|p2b: Raichu|Raichu, L50, M|100/100
|turn|1
|inactive|Battle timer is ON: inactive players will automatically lose when time's up. (requested by testdigi)
|
|t:|1784900718
|switch|p1b: Raichu|Raichu, L50, F|100/100
|detailschange|p2b: Raichu|Raichu-Mega-Y, L50, M
|-mega|p2b: Raichu|Raichu|Raichunite Y
|move|p2b: Raichu|Fake Out|p1a: Alcremie
|-damage|p1a: Alcremie|90/100
|move|p2a: Sylveon|Yawn|p1b: Raichu
|-start|p1b: Raichu|move: Yawn|[of] p2a: Sylveon
|cant|p1a: Alcremie|flinch
|
|upkeep
|turn|2
|
|t:|1784900740
|move|p2b: Raichu|Protect|p2b: Raichu
|-singleturn|p2b: Raichu|Protect
|move|p1b: Raichu|Fake Out|p2a: Sylveon
|-damage|p2a: Sylveon|91/100
|cant|p2a: Sylveon|flinch
|move|p1a: Alcremie|Decorate|p1b: Raichu
|-boost|p1b: Raichu|atk|2
|-boost|p1b: Raichu|spa|2
|
|-end|p1b: Raichu|move: Yawn|[silent]
|-status|p1b: Raichu|slp
|upkeep
|turn|3
|inactive|Pikapower25 has 30 seconds left.
|inactive|Pikapower25 has 20 seconds left.
|inactive|Pikapower25 has 15 seconds left.
|inactive|Pikapower25 has 10 seconds left.
|
|t:|1784900790
|cant|p1b: Raichu|slp
|move|p2b: Raichu|Focus Blast|p1b: Raichu
|-damage|p1b: Raichu|45/100 slp
|move|p2a: Sylveon|Hyper Voice|p1b: Raichu|[spread] p1a,p1b
|-damage|p1a: Alcremie|57/100
|-damage|p1b: Raichu|0 fnt
|faint|p1b: Raichu
|move|p1a: Alcremie|Energy Ball|p2b: Raichu
|-damage|p2b: Raichu|69/100
|
|upkeep
|
|t:|1784900811
|switch|p1b: Mamoswine|Mamoswine, L50, M|100/100
|turn|4
|
|t:|1784900827
|switch|p2b: Corviknight|Corviknight, L50, M|100/100
|move|p1a: Alcremie|Helping Hand|p1b: Mamoswine
|-singleturn|p1b: Mamoswine|Helping Hand|[of] p1a: Alcremie
|move|p1b: Mamoswine|Ice Shard|p2b: Corviknight
|-damage|p2b: Corviknight|61/100
|-damage|p1b: Mamoswine|90/100|[from] item: Life Orb
|move|p2a: Sylveon|Yawn|p1b: Mamoswine
|-start|p1b: Mamoswine|move: Yawn|[of] p2a: Sylveon
|
|-heal|p2b: Corviknight|67/100|[from] item: Leftovers
|upkeep
|turn|5
|
|t:|1784900843
|switch|p1b: Corviknight|Corviknight, L50, F|100/100
|move|p2b: Corviknight|Tailwind|p2b: Corviknight
|-sidestart|p2: testdigi|move: Tailwind
|move|p2a: Sylveon|Hyper Voice|p1a: Alcremie|[spread] p1a,p1b
|-resisted|p1b: Corviknight|1
|-damage|p1a: Alcremie|23/100
|-damage|p1b: Corviknight|81/100
|move|p1a: Alcremie|Decorate|p1b: Corviknight
|-boost|p1b: Corviknight|atk|2
|-boost|p1b: Corviknight|spa|2
|
|-heal|p2b: Corviknight|73/100|[from] item: Leftovers
|-heal|p1b: Corviknight|87/100|[from] item: Leftovers
|upkeep
|turn|6
|inactive|Pikapower25 has 30 seconds left.
|
|t:|1784900870
|move|p1a: Alcremie|Helping Hand|p1b: Corviknight
|-singleturn|p1b: Corviknight|Helping Hand|[of] p1a: Alcremie
|move|p2b: Corviknight|Iron Head|p1a: Alcremie
|-supereffective|p1a: Alcremie|1
|-damage|p1a: Alcremie|0 fnt
|faint|p1a: Alcremie
|move|p2a: Sylveon|Yawn|p1b: Corviknight
|-start|p1b: Corviknight|move: Yawn|[of] p2a: Sylveon
|move|p1b: Corviknight|Heavy Slam|p2a: Sylveon
|-supereffective|p2a: Sylveon|1
|-damage|p2a: Sylveon|0 fnt
|faint|p2a: Sylveon
|
|-heal|p2b: Corviknight|80/100|[from] item: Leftovers
|-heal|p1b: Corviknight|93/100|[from] item: Leftovers
|upkeep
|
|t:|1784900886
|switch|p2a: Tyranitar|Tyranitar, L50, F|100/100
|switch|p1a: Mamoswine|Mamoswine, L50, M|90/100
|-weather|Sandstorm|[from] ability: Sand Stream|[of] p2a: Tyranitar
|turn|7
|
|t:|1784900896
|move|p2a: Tyranitar|Protect|p2a: Tyranitar
|-singleturn|p2a: Tyranitar|Protect
|move|p2b: Corviknight|Protect|p2b: Corviknight
|-singleturn|p2b: Corviknight|Protect
|move|p1a: Mamoswine|High Horsepower|p2a: Tyranitar
|-activate|p2a: Tyranitar|move: Protect
|move|p1b: Corviknight|Body Press|p2b: Corviknight
|-activate|p2b: Corviknight|move: Protect
|
|-weather|Sandstorm|[upkeep]
|-heal|p2b: Corviknight|86/100|[from] item: Leftovers
|-heal|p1b: Corviknight|100/100|[from] item: Leftovers
|-end|p1b: Corviknight|move: Yawn|[silent]
|-status|p1b: Corviknight|slp
|upkeep
|turn|8
|
|t:|1784900915
|move|p1a: Mamoswine|Protect|p1a: Mamoswine
|-singleturn|p1a: Mamoswine|Protect
|move|p2a: Tyranitar|Knock Off|p1b: Corviknight
|-damage|p1b: Corviknight|49/100 slp
|-enditem|p1b: Corviknight|Leftovers|[from] move: Knock Off|[of] p2a: Tyranitar
|move|p2b: Corviknight|Iron Head|p1a: Mamoswine
|-activate|p1a: Mamoswine|move: Protect
|cant|p1b: Corviknight|slp
|
|-weather|Sandstorm|[upkeep]
|-heal|p2b: Corviknight|92/100|[from] item: Leftovers
|-sideend|p2: testdigi|move: Tailwind
|upkeep
|turn|9
|
|t:|1784900934
|move|p2a: Tyranitar|Knock Off|p1a: Mamoswine
|-damage|p1a: Mamoswine|40/100
|-enditem|p1a: Mamoswine|Life Orb|[from] move: Knock Off|[of] p2a: Tyranitar
|move|p2b: Corviknight|Tailwind|p2b: Corviknight
|-sidestart|p2: testdigi|move: Tailwind
|move|p1a: Mamoswine|High Horsepower|p2a: Tyranitar
|-supereffective|p2a: Tyranitar|1
|-damage|p2a: Tyranitar|9/100
|cant|p1b: Corviknight|slp
|
|-weather|Sandstorm|[upkeep]
|-heal|p2b: Corviknight|98/100|[from] item: Leftovers
|upkeep
|turn|10
|
|t:|1784900950
|move|p1a: Mamoswine|Ice Shard|p2a: Tyranitar
|-damage|p2a: Tyranitar|0 fnt
|faint|p2a: Tyranitar
|move|p2b: Corviknight|Iron Head|p1a: Mamoswine
|-supereffective|p1a: Mamoswine|1
|-damage|p1a: Mamoswine|0 fnt
|faint|p1a: Mamoswine
|-curestatus|p1b: Corviknight|slp|[msg]
|move|p1b: Corviknight|Body Press|p2b: Corviknight
|-damage|p2b: Corviknight|80/100
|
|-weather|Sandstorm|[upkeep]
|-heal|p2b: Corviknight|86/100|[from] item: Leftovers
|upkeep
|
|t:|1784900953
|switch|p2a: Raichu|Raichu-Mega-Y, L50, M|69/100
|turn|11
|
|t:|1784900967
|move|p2a: Raichu|Zap Cannon|p1b: Corviknight
|-supereffective|p1b: Corviknight|1
|-damage|p1b: Corviknight|0 fnt
|faint|p1b: Corviknight
|
|win|testdigi
||testdigi is ready for game 2.
||Pikapower25 is ready for game 2.
|uhtml|next|Next: Game 2 of 3
