|j|☆CappyTJ5
|j|☆Zanottin
|html|CappyTJ5Zanottin    
|uhtml|bestof|Game 3 of a best-of-3
|t:|1757036323
|gametype|doubles
|player|p1|CappyTJ5|170|1091
|player|p2|Zanottin|boarder|1136
|gen|9
|tier|[Gen 9] VGC 2025 Reg H (Bo3)
|rated|
|rule|Species Clause: Limit one of each Pokémon
|rule|Item Clause: Limit 1 of each item
|clearpoke
|poke|p1|Sneasler, L50, F|
|poke|p1|Incineroar, L50, M|
|poke|p1|Dragonite, L50, M|
|poke|p1|Gholdengo, L50|
|poke|p1|Amoonguss, L50, F|
|poke|p1|Ursaluna-Bloodmoon, L50, M|
|poke|p2|Blaziken, L50, M|
|poke|p2|Tyranitar, L50, F|
|poke|p2|Excadrill, L50, M|
|poke|p2|Dragapult, L50, F|
|poke|p2|Sinistcha-Masterpiece, L50|
|poke|p2|Dragonite, L50, F|
|teampreview|4
|showteam|p1|Sneasler||FocusSash|Unburden|Protect,DireClaw,CloseCombat,ThroatChop|||F|||50|,,,,,Stellar]Incineroar||SafetyGoggles|Intimidate|KnockOff,FlareBlitz,PartingShot,FakeOut|||M|||50|,,,,,Ghost]Dragonite||LoadedDice|Multiscale|Protect,ScaleShot,Tailwind,Haze|||M|||50|,,,,,Fairy]Gholdengo||LifeOrb|GoodasGold|Protect,MakeItRain,ShadowBall,NastyPlot||||||50|,,,,,Water]Amoonguss||SitrusBerry|Regenerator|Protect,Spore,PollenPuff,RagePowder|||F|||50|,,,,,Water]Ursaluna-Bloodmoon||AssaultVest|MindsEye|HyperVoice,BloodMoon,EarthPower,VacuumWave|||M|||50|,,,,,Water
|showteam|p2|Blaziken||ClearAmulet|SpeedBoost|FlareBlitz,CloseCombat,Coaching,Protect|||M|||50|,,,,,Stellar]Tyranitar||AssaultVest|SandStream|RockSlide,KnockOff,TeraBlast,LowKick|||F|||50|,,,,,Flying]Excadrill||FocusSash|SandRush|Earthquake,IronHead,HighHorsepower,Protect|||M|||50|,,,,,Ghost]Dragapult||ChoiceSpecs|ClearBody|DracoMeteor,ShadowBall,Flamethrower,Uturn|||F|||50|,,,,,Dragon]Sinistcha-Masterpiece||SitrusBerry|Hospitality|MatchaGotcha,StrengthSap,RagePowder,TrickRoom||||||50|,,,,,Poison]Dragonite||LoadedDice|Multiscale|ScaleShot,ExtremeSpeed,TeraBlast,Protect|||F|||50|,,,,,Fairy
|inactive|Battle timer is ON: inactive players will automatically lose when time's up. (requested by CappyTJ5)
|inactive|Zanottin has 60 seconds left.
|
|t:|1757036387
|teamsize|p1|4
|teamsize|p2|4
|start
|switch|p1a: Incineroar|Incineroar, L50, M|100/100
|switch|p1b: Amoonguss|Amoonguss, L50, F|100/100
|switch|p2a: Tyranitar|Tyranitar, L50, F|100/100
|switch|p2b: Dragapult|Dragapult, L50, F, shiny|100/100
|-weather|Sandstorm|[from] ability: Sand Stream|[of] p2a: Tyranitar
|-ability|p1a: Incineroar|Intimidate|boost
|-unboost|p2a: Tyranitar|atk|1
|-fail|p2b: Dragapult|unboost|[from] ability: Clear Body|[of] p2b: Dragapult
|turn|1
|inactive|CappyTJ5 has 30 seconds left.
|inactive|Zanottin has 30 seconds left.
|inactive|CappyTJ5 has 20 seconds left.
|inactive|Zanottin has 20 seconds left.
|inactive|Zanottin has 15 seconds left.
|
|t:|1757036433
|-terastallize|p2b: Dragapult|Dragon
|move|p1b: Amoonguss|Protect|p1b: Amoonguss
|-singleturn|p1b: Amoonguss|Protect
|move|p1a: Incineroar|Fake Out|p2a: Tyranitar
|-resisted|p2a: Tyranitar
|-damage|p2a: Tyranitar|96/100
|move|p2b: Dragapult|Draco Meteor|p1a: Incineroar
|-damage|p1a: Incineroar|18/100
|-unboost|p2b: Dragapult|spa|2
|cant|p2a: Tyranitar|flinch
|
|-weather|Sandstorm|[upkeep]
|-damage|p2b: Dragapult|94/100|[from] Sandstorm
|-damage|p1b: Amoonguss|95/100|[from] Sandstorm
|upkeep
|turn|2
|inactive|CappyTJ5 has 30 seconds left.
|
|t:|1757036460
|switch|p2b: Blaziken|Blaziken, L50, M|100/100
|switch|p1a: Ursaluna|Ursaluna-Bloodmoon, L50, M|100/100
|move|p2a: Tyranitar|Rock Slide|p1b: Amoonguss|[spread] p1a,p1b
|-resisted|p1a: Ursaluna
|-damage|p1a: Ursaluna|92/100
|-damage|p1b: Amoonguss|77/100
|move|p1b: Amoonguss|Spore|p2b: Blaziken
|-status|p2b: Blaziken|slp|[from] move: Spore
|
|-weather|Sandstorm|[upkeep]
|-damage|p2b: Blaziken|95/100 slp|[from] Sandstorm
|-damage|p1b: Amoonguss|71/100|[from] Sandstorm
|upkeep
|turn|3
|inactive|CappyTJ5 has 30 seconds left.
|inactive|Zanottin has 30 seconds left.
|
|t:|1757036491
|cant|p2b: Blaziken|slp
|move|p2a: Tyranitar|Low Kick|p1a: Ursaluna
|-supereffective|p1a: Ursaluna
|-damage|p1a: Ursaluna|44/100
|move|p1a: Ursaluna|Blood Moon|p2b: Blaziken
|-damage|p2b: Blaziken|0 fnt
|faint|p2b: Blaziken
|move|p1b: Amoonguss|Spore|p2a: Tyranitar
|-status|p2a: Tyranitar|slp|[from] move: Spore
|
|-weather|Sandstorm|[upkeep]
|-damage|p1b: Amoonguss|65/100|[from] Sandstorm
|upkeep
|
|t:|1757036509
|switch|p2b: Dragapult|Dragapult, L50, F, shiny, tera:Dragon|94/100
|turn|4
|inactive|Zanottin has 30 seconds left.
|inactive|CappyTJ5 has 30 seconds left.
|
|t:|1757036545
|move|p1b: Amoonguss|Protect|p1b: Amoonguss
|-singleturn|p1b: Amoonguss|Protect
|move|p2b: Dragapult|Flamethrower|p1b: Amoonguss
|-activate|p1b: Amoonguss|move: Protect
|cant|p2a: Tyranitar|slp
|move|p1a: Ursaluna|Earth Power|p2a: Tyranitar
|-supereffective|p2a: Tyranitar
|-damage|p2a: Tyranitar|50/100 slp
|
|-weather|Sandstorm|[upkeep]
|-damage|p2b: Dragapult|88/100|[from] Sandstorm
|-damage|p1b: Amoonguss|59/100|[from] Sandstorm
|upkeep
|turn|5
|
|t:|1757036565
|-terastallize|p1b: Amoonguss|Water
|move|p2b: Dragapult|Flamethrower|p1b: Amoonguss
|-resisted|p1b: Amoonguss
|-damage|p1b: Amoonguss|41/100
|-enditem|p1b: Amoonguss|Sitrus Berry|[eat]
|-heal|p1b: Amoonguss|66/100|[from] item: Sitrus Berry
|cant|p2a: Tyranitar|slp
|move|p1a: Ursaluna|Blood Moon|p2b: Dragapult
|-damage|p2b: Dragapult|0 fnt
|faint|p2b: Dragapult
|move|p1b: Amoonguss|Pollen Puff|p1a: Ursaluna
|-heal|p1a: Ursaluna|94/100
|
|-weather|none
|upkeep
|
|t:|1757036572
|switch|p2b: Excadrill|Excadrill, L50, M|100/100
|turn|6
|-message|Zanottin forfeited.
|
|win|CappyTJ5
|raw|CappyTJ5's rating: 1091 → 1121(+30 for winning)
|raw|Zanottin's rating: 1136 → 1108(-28 for losing)
|l|☆Zanottin
|player|p2|
