|j|☆8je7rhe747
|j|☆megaurshifuplease
|html|8je7rhe747megaurshifuplease    
|uhtml|bestof|Game 1 of a best-of-3
|t:|1783158138
|gametype|doubles
|player|p1|8je7rhe747|170|1000
|player|p2|megaurshifuplease|red|1091
|gen|9
|tier|[Gen 9 Champions] VGC 2026 Reg M-B (Bo3)
|rated|
|rule|Species Clause: Limit one of each Pokémon
|rule|Item Clause: Limit 1 of each item
|clearpoke
|poke|p1|Archaludon, L50, M|
|poke|p1|Pelipper, L50, M|
|poke|p1|Sinistcha-Masterpiece, L50|
|poke|p1|Sceptile, L50, F|
|poke|p1|Heliolisk, L50, M|
|poke|p1|Toxicroak, L50, M|
|poke|p2|Mawile, L50, F|
|poke|p2|Sinistcha-Masterpiece, L50|
|poke|p2|Incineroar, L50, F|
|poke|p2|Grimmsnarl, L50, M|
|poke|p2|Garchomp, L50, F|
|poke|p2|Annihilape, L50, M|
|teampreview|4
|showteam|p1|Archaludon||ExpertBelt|Stamina|AuraSphere,HeavySlam,ElectroShot,Protect|Naive||M|||50|]Pelipper||Leftovers|Drizzle|Surf,AirSlash,Agility,Protect|Modest||M|||50|]Sinistcha-Masterpiece||SitrusBerry|Hospitality|MatchaGotcha,LifeDew,CalmMind,Protect|Bold|||||50|]Sceptile||Sceptilite|Overgrow|GigaDrain,SolarBeam,Protect,DragonPulse|Timid||F|||50|]Heliolisk||FocusSash|DrySkin|Discharge,SunnyDay,VoltSwitch,Protect|Timid||M|||50|]Toxicroak||LifeOrb|DrySkin|BrickBreak,PoisonJab,Protect,FakeOut|Jolly||M|||50|
|showteam|p2|Mawile||Mawilite|Intimidate|PlayRough,SuckerPunch,SwordsDance,Protect|Adamant||F|||50|]Sinistcha-Masterpiece||KasibBerry|Hospitality|LifeDew,TrickRoom,RagePowder,MatchaGotcha|Bold|||||50|]Incineroar||PasshoBerry|Intimidate|FakeOut,ThroatChop,FlareBlitz,PartingShot|Adamant||F|||50|]Grimmsnarl||LightClay|Prankster|PartingShot,Reflect,LightScreen,SpiritBreak|Careful||M|||50|]Garchomp||ChoiceScarf|RoughSkin|Earthquake,DragonClaw,RockTomb,StompingTantrum|Adamant||F|||50|]Annihilape||SitrusBerry|Defiant|RageFist,DrainPunch,BulkUp,Protect|Adamant||M|||50|
|inactive|Battle timer is ON: inactive players will automatically lose when time's up. (requested by megaurshifuplease)
|inactive|megaurshifuplease has 60 seconds left.
|
|t:|1783158178
|teamsize|p1|4
|teamsize|p2|4
|start
|switch|p1a: Sceptile|Sceptile, L50, F|100/100
|switch|p1b: Heliolisk|Heliolisk, L50, M|100/100
|switch|p2a: Incineroar|Incineroar, L50, F|100/100
|switch|p2b: Mawile|Mawile, L50, F|100/100
|-ability|p2a: Incineroar|Intimidate|boost
|-unboost|p1a: Sceptile|atk|1
|-unboost|p1b: Heliolisk|atk|1
|-ability|p2b: Mawile|Intimidate|boost
|-unboost|p1a: Sceptile|atk|1
|-unboost|p1b: Heliolisk|atk|1
|turn|1
|inactive|8je7rhe747 has 30 seconds left.
|
|t:|1783158212
|detailschange|p1a: Sceptile|Sceptile-Mega, L50, F
|-mega|p1a: Sceptile|Sceptile|Sceptilite
|detailschange|p2b: Mawile|Mawile-Mega, L50, F
|-mega|p2b: Mawile|Mawile|Mawilite
|move|p1b: Heliolisk|Protect|p1b: Heliolisk
|-singleturn|p1b: Heliolisk|Protect
|move|p2a: Incineroar|Fake Out|p1b: Heliolisk
|-activate|p1b: Heliolisk|move: Protect
|move|p1a: Sceptile|Dragon Pulse|p2a: Incineroar
|-damage|p2a: Incineroar|62/100
|move|p2b: Mawile|Swords Dance|p2b: Mawile
|-boost|p2b: Mawile|atk|2
|
|upkeep
|turn|2
|
|t:|1783158233
|switch|p2a: Garchomp|Garchomp, L50, F|100/100
|move|p1a: Sceptile|Protect|p1a: Sceptile
|-singleturn|p1a: Sceptile|Protect
|move|p1b: Heliolisk|Discharge|p2a: Garchomp|[spread] p2b
|-activate|p1a: Sceptile|move: Protect
|-immune|p2a: Garchomp
|-damage|p2b: Mawile|68/100
|move|p2b: Mawile|Play Rough|p1a: Sceptile
|-activate|p1a: Sceptile|move: Protect
|
|upkeep
|turn|3
|inactive|8je7rhe747 has 30 seconds left.
|inactive|megaurshifuplease has 30 seconds left.
|
|t:|1783158264
|switch|p1a: Pelipper|Pelipper, L50, M|100/100
|-weather|RainDance|[from] ability: Drizzle|[of] p1a: Pelipper
|move|p2b: Mawile|Sucker Punch|p1b: Heliolisk
|-enditem|p1b: Heliolisk|Focus Sash
|-damage|p1b: Heliolisk|1/100
|move|p2a: Garchomp|Stomping Tantrum|p1b: Heliolisk
|-supereffective|p1b: Heliolisk|1
|-damage|p1b: Heliolisk|0 fnt
|faint|p1b: Heliolisk
|
|-weather|RainDance|[upkeep]
|upkeep
|
|t:|1783158284
|switch|p1b: Toxicroak|Toxicroak, L50, M|100/100
|turn|4
|
|t:|1783158307
|switch|p2a: Sinistcha|Sinistcha-Masterpiece, L50|100/100
|-heal|p2b: Mawile|93/100|[from] ability: Hospitality|[of] p2a: Sinistcha
|move|p2b: Mawile|Protect|p2b: Mawile
|-singleturn|p2b: Mawile|Protect
|move|p1b: Toxicroak|Fake Out|p2b: Mawile
|-activate|p2b: Mawile|move: Protect
|move|p1a: Pelipper|Agility|p1a: Pelipper
|-boost|p1a: Pelipper|spe|2
|
|-weather|RainDance|[upkeep]
|upkeep
|turn|5
|inactive|megaurshifuplease has 30 seconds left.
|
|t:|1783158338
|move|p2b: Mawile|Sucker Punch|p1a: Pelipper
|-damage|p1a: Pelipper|0 fnt
|faint|p1a: Pelipper
|move|p1b: Toxicroak|Poison Jab|p2b: Mawile
|-immune|p2b: Mawile
|move|p2a: Sinistcha|Trick Room|p2a: Sinistcha
|-fieldstart|move: Trick Room|[of] p2a: Sinistcha
|
|-weather|RainDance|[upkeep]
|upkeep
|
|t:|1783158350
|switch|p1a: Sceptile|Sceptile-Mega, L50, F|100/100
|turn|6
|
|t:|1783158367
|move|p2a: Sinistcha|Rage Powder|p2a: Sinistcha
|-singleturn|p2a: Sinistcha|move: Rage Powder
|move|p2b: Mawile|Play Rough|p1a: Sceptile
|-supereffective|p1a: Sceptile|1
|-damage|p1a: Sceptile|0 fnt
|faint|p1a: Sceptile
|move|p1b: Toxicroak|Poison Jab|p2a: Sinistcha
|-damage|p2a: Sinistcha|62/100
|-status|p2a: Sinistcha|psn
|-damage|p1b: Toxicroak|90/100|[from] item: Life Orb
|
|-weather|RainDance|[upkeep]
|-heal|p1b: Toxicroak|100/100|[from] ability: Dry Skin
|-damage|p2a: Sinistcha|50/100g psn|[from] psn
|upkeep
|turn|7
|inactive|8je7rhe747 has 30 seconds left.
|inactive|8je7rhe747 has 20 seconds left.
|inactive|8je7rhe747 has 15 seconds left.
|inactive|8je7rhe747 has 10 seconds left.
|inactive|8je7rhe747 has 5 seconds left.
|
|t:|1783158422
|move|p2a: Sinistcha|Rage Powder|p2a: Sinistcha
|-singleturn|p2a: Sinistcha|move: Rage Powder
|move|p2b: Mawile|Play Rough|p1b: Toxicroak
|-damage|p1b: Toxicroak|0 fnt
|faint|p1b: Toxicroak
|
|win|megaurshifuplease
||megaurshifuplease is ready for game 2.
