|j|☆SuperPokeVGC
|j|☆dnut1
|html|SuperPokeVGCdnut1    
|uhtml|bestof|Game 1 of a best-of-3
|t:|1756413367
|gametype|doubles
|player|p1|SuperPokeVGC|ltsurge|1129
|player|p2|dnut1|266|1204
|gen|9
|tier|[Gen 9] VGC 2025 Reg H (Bo3)
|rated|
|rule|Species Clause: Limit one of each Pokémon
|rule|Item Clause: Limit 1 of each item
|clearpoke
|poke|p1|Tyranitar, L50, F|
|poke|p1|Garchomp, L50, M|
|poke|p1|Gholdengo, L50|
|poke|p1|Sinistcha, L50|
|poke|p1|Yanmega, L50, F|
|poke|p1|Arcanine, L50, F|
|poke|p2|Indeedee-F, L50, F|
|poke|p2|Hatterene, L50, F|
|poke|p2|Gallade, L50, M|
|poke|p2|Ursaluna, L50, M|
|poke|p2|Lilligant-Hisui, L50, F|
|poke|p2|Torkoal, L50, M|
|teampreview|4
|showteam|p1|Tyranitar||LifeOrb|SandStream|KnockOff,RockSlide,TeraBlast,Protect|||F|||50|,,,,,Flying]Garchomp||ClearAmulet|SandVeil|DragonClaw,StompingTantrum,Earthquake,Protect|||M|||50|,,,,,Fire]Gholdengo||Leftovers|GoodasGold|MakeItRain,ShadowBall,NastyPlot,Protect||||||50|,,,,,Water]Sinistcha||SitrusBerry|Hospitality|RagePowder,MatchaGotcha,TrickRoom,Protect||||||50|,,,,,Water]Yanmega||FocusSash|SpeedBoost|Tailwind,AirSlash,BugBuzz,Detect|||F|||50|,,,,,Ghost]Arcanine||MirrorHerb|Intimidate|ExtremeSpeed,FlareBlitz,WillOWisp,Protect|||F|||50|,,,,,Normal
|showteam|p2|Indeedee-F||PsychicSeed|PsychicSurge|TrickRoom,FollowMe,HelpingHand,Psyshock|||F|||50|,,,,,Fire]Hatterene||LifeOrb|MagicBounce|ExpandingForce,TrickRoom,DazzlingGleam,Protect|||F|||50|,,,,,Psychic]Gallade||ClearAmulet|Sharpness|PsychoCut,TrickRoom,SacredSword,WideGuard|||M|||50|,,,,,Grass]Ursaluna||FlameOrb|Guts|HeadlongRush,Facade,SwordsDance,Protect|||M|||50|,,,,,Ghost]Lilligant-Hisui||FocusSash|Chlorophyll|SolarBlade,SleepPowder,CloseCombat,AfterYou|||F|||50|,,,,,Ghost]Torkoal||ChoiceSpecs|Drought|Eruption,HeatWave,WeatherBall,EarthPower|||M|||50|,,,,,Fire
|inactive|Battle timer is ON: inactive players will automatically lose when time's up. (requested by SuperPokeVGC)
|inactive|SuperPokeVGC has 60 seconds left.
|inactive|dnut1 has 60 seconds left.
|
|t:|1756413407
|teamsize|p1|4
|teamsize|p2|4
|start
|switch|p1a: Yanmega|Yanmega, L50, F, shiny|100/100
|switch|p1b: Garchomp|Garchomp, L50, M|100/100
|switch|p2a: Indeedee|Indeedee-F, L50, F, shiny|100/100
|switch|p2b: Gallade|Gallade, L50, M, shiny|100/100
|-fieldstart|move: Psychic Terrain|[from] ability: Psychic Surge|[of] p2a: Indeedee
|-enditem|p2a: Indeedee|Psychic Seed
|-boost|p2a: Indeedee|spd|1|[from] item: Psychic Seed
|turn|1
|
|t:|1756413430
|move|p2b: Gallade|Wide Guard|p2b: Gallade
|-singleturn|p2b: Gallade|Wide Guard
|move|p1b: Garchomp|Earthquake|p2a: Indeedee|[spread] 
|-activate|p2a: Indeedee|move: Wide Guard
|-activate|p2b: Gallade|move: Wide Guard
|-immune|p1a: Yanmega
|move|p1a: Yanmega|Bug Buzz|p2b: Gallade
|-damage|p2b: Gallade|59/100
|move|p2a: Indeedee|Trick Room|p2a: Indeedee
|-fieldstart|move: Trick Room|[of] p2a: Indeedee
|
|-ability|p1a: Yanmega|Speed Boost|boost
|-boost|p1a: Yanmega|spe|1
|upkeep
|turn|2
|inactive|SuperPokeVGC has 30 seconds left.
|inactive|dnut1 has 30 seconds left.
|
|t:|1756413462
|switch|p2a: Ursaluna|Ursaluna, L50, M, shiny|100/100
|move|p2b: Gallade|Sacred Sword|p1b: Garchomp
|-damage|p1b: Garchomp|19/100
|move|p1b: Garchomp|Earthquake|p2a: Ursaluna|[spread] p2a,p2b
|-immune|p1a: Yanmega
|-damage|p2a: Ursaluna|70/100
|-damage|p2b: Gallade|7/100
|move|p1a: Yanmega|Bug Buzz|p2b: Gallade
|-damage|p2b: Gallade|0 fnt
|faint|p2b: Gallade
|
|-status|p2a: Ursaluna|brn|[from] item: Flame Orb
|-ability|p1a: Yanmega|Speed Boost|boost
|-boost|p1a: Yanmega|spe|1
|upkeep
|
|t:|1756413477
|switch|p2b: Hatterene|Hatterene, L50, F, shiny|100/100
|turn|3
|inactive|SuperPokeVGC has 30 seconds left.
|
|t:|1756413506
|switch|p1b: Tyranitar|Tyranitar, L50, F|100/100
|-weather|Sandstorm|[from] ability: Sand Stream|[of] p1b: Tyranitar
|move|p1a: Yanmega|Detect|p1a: Yanmega
|-singleturn|p1a: Yanmega|Protect
|move|p2b: Hatterene|Expanding Force|p1b: Tyranitar|[spread] 
|-activate|p1a: Yanmega|move: Protect
|-immune|p1b: Tyranitar
|move|p2a: Ursaluna|Swords Dance|p2a: Ursaluna
|-boost|p2a: Ursaluna|atk|2
|
|-weather|Sandstorm|[upkeep]
|-damage|p2b: Hatterene|95/100|[from] Sandstorm
|-damage|p1a: Yanmega|94/100|[from] Sandstorm
|-damage|p2a: Ursaluna|64/100 brn|[from] brn
|-ability|p1a: Yanmega|Speed Boost|boost
|-boost|p1a: Yanmega|spe|1
|upkeep
|turn|4
|j| Arkhept
|inactive|dnut1 has 30 seconds left.
|
|t:|1756413533
|move|p1b: Tyranitar|Protect|p1b: Tyranitar
|-singleturn|p1b: Tyranitar|Protect
|move|p2b: Hatterene|Dazzling Gleam|p1a: Yanmega|[spread] p1a
|-activate|p1b: Tyranitar|move: Protect
|-damage|p1a: Yanmega|14/100
|-damage|p2b: Hatterene|85/100|[from] item: Life Orb
|move|p2a: Ursaluna|Facade|p1a: Yanmega
|-damage|p1a: Yanmega|0 fnt
|faint|p1a: Yanmega
|
|-weather|Sandstorm|[upkeep]
|-damage|p2b: Hatterene|80/100|[from] Sandstorm
|-damage|p2a: Ursaluna|58/100 brn|[from] brn
|upkeep
|l| Arkhept
|
|t:|1756413551
|switch|p1a: Garchomp|Garchomp, L50, M|19/100
|turn|5
|
|t:|1756413561
|switch|p1b: Sinistcha|Sinistcha, L50|100/100
|-heal|p1a: Garchomp|44/100|[from] ability: Hospitality|[of] p1b: Sinistcha
|move|p1a: Garchomp|Protect|p1a: Garchomp
|-singleturn|p1a: Garchomp|Protect
|move|p2b: Hatterene|Dazzling Gleam|p1a: Garchomp|[spread] p1b
|-activate|p1a: Garchomp|move: Protect
|-damage|p1b: Sinistcha|58/100
|-damage|p2b: Hatterene|70/100|[from] item: Life Orb
|move|p2a: Ursaluna|Facade|p1b: Sinistcha
|-immune|p1b: Sinistcha
|
|-weather|Sandstorm|[upkeep]
|-damage|p2b: Hatterene|65/100|[from] Sandstorm
|-damage|p1b: Sinistcha|52/100|[from] Sandstorm
|-damage|p2a: Ursaluna|52/100 brn|[from] brn
|-fieldend|move: Trick Room
|-fieldend|move: Psychic Terrain
|upkeep
|turn|6
|
|t:|1756413581
|move|p2b: Hatterene|Protect|p2b: Hatterene
|-singleturn|p2b: Hatterene|Protect
|move|p1a: Garchomp|Earthquake|p2b: Hatterene|[spread] p1b,p2a
|-activate|p2b: Hatterene|move: Protect
|-resisted|p1b: Sinistcha
|-crit|p2a: Ursaluna
|-damage|p1b: Sinistcha|35/100
|-damage|p2a: Ursaluna|9/100 brn
|-enditem|p1b: Sinistcha|Sitrus Berry|[eat]
|-heal|p1b: Sinistcha|60/100|[from] item: Sitrus Berry
|move|p1b: Sinistcha|Matcha Gotcha|p2b: Hatterene|[spread] p2a
|-activate|p2b: Hatterene|move: Protect
|-supereffective|p2a: Ursaluna
|-damage|p2a: Ursaluna|0 fnt
|-heal|p1b: Sinistcha|66/100|[from] drain|[of] p2a: Ursaluna
|faint|p2a: Ursaluna
|
|-weather|Sandstorm|[upkeep]
|-damage|p1b: Sinistcha|59/100|[from] Sandstorm
|-damage|p2b: Hatterene|59/100|[from] Sandstorm
|upkeep
|
|t:|1756413593
|switch|p2a: Indeedee|Indeedee-F, L50, F, shiny|100/100
|-fieldstart|move: Psychic Terrain|[from] ability: Psychic Surge|[of] p2a: Indeedee
|turn|7
|
|t:|1756413613
|move|p2b: Hatterene|Protect||[still]
|-fail|p2b: Hatterene
|move|p1a: Garchomp|Earthquake|p2a: Indeedee|[spread] p1b,p2a,p2b
|-resisted|p1b: Sinistcha
|-damage|p1b: Sinistcha|42/100
|-damage|p2a: Indeedee|63/100
|-damage|p2b: Hatterene|17/100
|move|p2a: Indeedee|Trick Room|p2a: Indeedee
|-fieldstart|move: Trick Room|[of] p2a: Indeedee
|move|p1b: Sinistcha|Trick Room|p1b: Sinistcha
|-fieldend|move: Trick Room
|
|-weather|none
|upkeep
|turn|8
|
|t:|1756413629
|move|p2b: Hatterene|Protect|p2b: Hatterene
|-singleturn|p2b: Hatterene|Protect
|move|p1a: Garchomp|Earthquake|p2b: Hatterene|[spread] p1b,p2a
|-activate|p2b: Hatterene|move: Protect
|-resisted|p1b: Sinistcha
|-damage|p1b: Sinistcha|24/100
|-damage|p2a: Indeedee|26/100
|move|p1b: Sinistcha|Matcha Gotcha|p2a: Indeedee|[spread] p2a
|-activate|p2b: Hatterene|move: Protect
|-damage|p2a: Indeedee|0 fnt
|-heal|p1b: Sinistcha|36/100|[from] drain|[of] p2a: Indeedee
|faint|p2a: Indeedee
|
|upkeep
|turn|9
|-message|dnut1 forfeited.
|
|win|SuperPokeVGC
||dnut1 is ready for game 2.
||SuperPokeVGC is ready for game 2.
|uhtml|next|Next: Game 2 of 3
