|j|☆amwaquatic
|j|☆KodeBeast0526
|html|amwaquaticKodeBeast0526    
|uhtml|bestof|Game 2 of a best-of-3
|t:|1783621767
|gametype|doubles
|player|p1|amwaquatic|hilbert|1091
|player|p2|KodeBeast0526|hiker|1104
|gen|9
|tier|[Gen 9 Champions] VGC 2026 Reg M-B (Bo3)
|rated|
|rule|Species Clause: Limit one of each Pokémon
|rule|Item Clause: Limit 1 of each item
|clearpoke
|poke|p1|Aerodactyl, L50, M|
|poke|p1|Sylveon, L50, F|
|poke|p1|Garchomp, L50, M|
|poke|p1|Incineroar, L50, F|
|poke|p1|Charizard, L50, F|
|poke|p1|Whimsicott, L50, F|
|poke|p2|Aerodactyl, L50, M|
|poke|p2|Kingambit, L50, M|
|poke|p2|Sylveon, L50, M|
|poke|p2|Garchomp, L50, M|
|poke|p2|Charizard, L50, M|
|poke|p2|Incineroar, L50, M|
|teampreview|4
|showteam|p1|Aerodactyl||Aerodactylite|Unnerve|Tailwind,Protect,RockSlide,DualWingbeat|Jolly||M|||50|]Sylveon||FairyFeather|Pixilate|HyperVoice,Moonblast,Protect,MysticalFire|Timid||F|||50|]Garchomp||LifeOrb|RoughSkin|Earthquake,RockSlide,ScaleShot,Protect|Careful||M|||50|]Incineroar||Charcoal|Intimidate|FakeOut,PartingShot,FlareBlitz,DarkestLariat|Careful||F|||50|]Charizard||CharizarditeY|Blaze|SolarBeam,HeatWave,Protect,DragonPulse|Timid||F|||50|]Whimsicott||FocusSash|Prankster|SunnyDay,Tailwind,Encore,Moonblast|Bold||F|||50|
|showteam|p2|Aerodactyl||Aerodactylite|Unnerve|RockSlide,IceFang,Tailwind,WideGuard|Jolly||M|||50|]Kingambit||FocusSash|Defiant|KowtowCleave,SuckerPunch,IronHead,Protect|Adamant||M|||50|]Sylveon||FairyFeather|Pixilate|Detect,HyperVoice,HyperBeam,QuickAttack|Modest||M|||50|]Garchomp||LifeOrb|RoughSkin|Earthquake,DragonClaw,StompingTantrum,Protect|Jolly||M|||50|]Charizard||CharizarditeY|Blaze|Protect,HeatWave,SolarBeam,WeatherBall|Modest||M|||50|]Incineroar||SitrusBerry|Intimidate|DarkestLariat,FlareBlitz,FakeOut,PartingShot|Impish||M|||50|
|
|t:|1783621785
|teamsize|p1|4
|teamsize|p2|4
|start
|switch|p1a: Whimsicott|Whimsicott, L50, F|100/100
|switch|p1b: Sylveon|Sylveon, L50, F|100/100
|switch|p2a: Aerodactyl|Aerodactyl, L50, M|100/100
|switch|p2b: Charizard|Charizard, L50, M|100/100
|-ability|p2a: Aerodactyl|Unnerve
|turn|1
|
|t:|1783621801
|detailschange|p2b: Charizard|Charizard-Mega-Y, L50, M
|-mega|p2b: Charizard|Charizard|Charizardite Y
|-weather|SunnyDay|[from] ability: Drought|[of] p2b: Charizard
|move|p1a: Whimsicott|Tailwind|p1a: Whimsicott
|-sidestart|p1: amwaquatic|move: Tailwind
|move|p1b: Sylveon|Hyper Voice|p2a: Aerodactyl|[spread] p2a,p2b
|-resisted|p2b: Charizard|1
|-damage|p2a: Aerodactyl|40/100
|-damage|p2b: Charizard|80/100
|move|p2a: Aerodactyl|Rock Slide|p1b: Sylveon|[spread] p1a,p1b
|-damage|p1a: Whimsicott|79/100
|-damage|p1b: Sylveon|69/100
|move|p2b: Charizard|Heat Wave|p1b: Sylveon|[spread] p1a,p1b
|-supereffective|p1a: Whimsicott|1
|-damage|p1a: Whimsicott|0 fnt
|-damage|p1b: Sylveon|20/100r
|-status|p1b: Sylveon|brn
|faint|p1a: Whimsicott
|
|-weather|SunnyDay|[upkeep]
|-damage|p1b: Sylveon|14/100 brn|[from] brn
|upkeep
|
|t:|1783621816
|switch|p1a: Charizard|Charizard, L50, F|100/100
|turn|2
|
|t:|1783621845
|detailschange|p1a: Charizard|Charizard-Mega-Y, L50, F
|-mega|p1a: Charizard|Charizard|Charizardite Y
|move|p2b: Charizard|Protect|p2b: Charizard
|-singleturn|p2b: Charizard|Protect
|move|p1a: Charizard|Dragon Pulse|p2b: Charizard
|-activate|p2b: Charizard|move: Protect
|move|p1b: Sylveon|Moonblast|p2a: Aerodactyl
|-damage|p2a: Aerodactyl|0 fnt
|faint|p2a: Aerodactyl
|
|-weather|SunnyDay|[upkeep]
|-damage|p1b: Sylveon|8/100 brn|[from] brn
|upkeep
|
|t:|1783621851
|switch|p2a: Sylveon|Sylveon, L50, M|100/100
|turn|3
|
|t:|1783621882
|move|p1b: Sylveon|Protect|p1b: Sylveon
|-singleturn|p1b: Sylveon|Protect
|move|p2a: Sylveon|Detect|p2a: Sylveon
|-singleturn|p2a: Sylveon|Protect
|move|p1a: Charizard|Heat Wave|p2b: Charizard|[spread] p2b
|-activate|p2a: Sylveon|move: Protect
|-resisted|p2b: Charizard|1
|-damage|p2b: Charizard|49/100
|move|p2b: Charizard|Heat Wave|p1b: Sylveon|[spread] p1a
|-activate|p1b: Sylveon|move: Protect
|-resisted|p1a: Charizard|1
|-damage|p1a: Charizard|67/100
|
|-weather|SunnyDay|[upkeep]
|-damage|p1b: Sylveon|2/100 brn|[from] brn
|upkeep
|turn|4
|
|t:|1783621898
|move|p1a: Charizard|Dragon Pulse|p2b: Charizard
|-damage|p2b: Charizard|19/100
|move|p1b: Sylveon|Hyper Voice|p2a: Sylveon|[spread] p2a,p2b
|-resisted|p2b: Charizard|1
|-damage|p2a: Sylveon|65/100
|-damage|p2b: Charizard|0 fnt
|faint|p2b: Charizard
|move|p2a: Sylveon|Hyper Voice|p1a: Charizard|[spread] p1a,p1b
|-resisted|p1a: Charizard|1
|-damage|p1a: Charizard|43/100
|-damage|p1b: Sylveon|0 fnt
|faint|p1b: Sylveon
|
|-weather|SunnyDay|[upkeep]
|-sideend|p1: amwaquatic|move: Tailwind
|upkeep
|
|t:|1783621904
|switch|p2b: Kingambit|Kingambit, L50, M|100/100
|switch|p1b: Garchomp|Garchomp, L50, M|100/100
|turn|5
|
|t:|1783621913
|move|p1a: Charizard|Protect|p1a: Charizard
|-singleturn|p1a: Charizard|Protect
|move|p2b: Kingambit|Sucker Punch||[still]
|-fail|p2b: Kingambit
|move|p1b: Garchomp|Earthquake|p2b: Kingambit|[spread] p2a,p2b
|-activate|p1a: Charizard|move: Protect
|-supereffective|p2b: Kingambit|1
|-damage|p2a: Sylveon|15/100
|-damage|p2b: Kingambit|23/100
|-damage|p1b: Garchomp|90/100|[from] item: Life Orb
|move|p2a: Sylveon|Hyper Voice|p1a: Charizard|[spread] p1b
|-activate|p1a: Charizard|move: Protect
|-supereffective|p1b: Garchomp|1
|-damage|p1b: Garchomp|23/100
|
|-weather|none
|upkeep
|turn|6
|
|t:|1783621926
|move|p1b: Garchomp|Protect|p1b: Garchomp
|-singleturn|p1b: Garchomp|Protect
|move|p2a: Sylveon|Quick Attack|p1b: Garchomp
|-activate|p1b: Garchomp|move: Protect
|move|p2b: Kingambit|Sucker Punch|p1a: Charizard
|-damage|p1a: Charizard|0 fnt
|faint|p1a: Charizard
|
|upkeep
|turn|7
|
|t:|1783621937
|move|p2a: Sylveon|Quick Attack|p1b: Garchomp
|-supereffective|p1b: Garchomp|1
|-damage|p1b: Garchomp|2/100
|-damage|p2a: Sylveon|3/100|[from] ability: Rough Skin|[of] p1b: Garchomp
|move|p2b: Kingambit|Sucker Punch|p1b: Garchomp
|-damage|p1b: Garchomp|0 fnt
|-damage|p2b: Kingambit|11/100|[from] ability: Rough Skin|[of] p1b: Garchomp
|faint|p1b: Garchomp
|
|win|KodeBeast0526
||amwaquatic is ready for game 3.
