|j|☆llufamistica
|j|☆Atc13
|html|llufamisticaAtc13    
|uhtml|bestof|Game 1 of a best-of-3
|t:|1756886808
|gametype|doubles
|player|p1|llufamistica|169|1081
|player|p2|Atc13|265|1000
|gen|9
|tier|[Gen 9] VGC 2025 Reg H (Bo3)
|rated|
|rule|Species Clause: Limit one of each Pokémon
|rule|Item Clause: Limit 1 of each item
|clearpoke
|poke|p1|Murkrow, L50, M|
|poke|p1|Garchomp, L50, M|
|poke|p1|Toxtricity, L50, M|
|poke|p1|Zoroark-Hisui, L50, M|
|poke|p1|Indeedee-F, L50, F|
|poke|p1|Annihilape, L50, M|
|poke|p2|Kingambit, L50, M|
|poke|p2|Yanmega, L50, M|
|poke|p2|Sneasler, L50, F|
|poke|p2|Ninetales-Alola, L50, F|
|poke|p2|Electabuzz, L50, M|
|poke|p2|Gyarados, L50, M|
|teampreview|4
|showteam|p1|Murkrow||Eviolite|Prankster|Tailwind,BraveBird,Quash,Haze|||M|||50|,,,,,Ghost]Garchomp||LifeOrb|RoughSkin|Earthquake,IronHead,RockSlide,Protect|||M|||50|,,,,,Steel]Toxtricity||ChoiceSpecs|PunkRock|Boomburst,Overdrive,VoltSwitch,SludgeBomb|||M|||50|,,,,,Normal]Zoroark-Hisui||FocusSash|Illusion|ShadowBall,Protect,HyperVoice,NastyPlot|||M|||50|,,,,,Stellar]Indeedee-F||SafetyGoggles|Synchronize|FollowMe,HelpingHand,FakeOut,ShadowBall|||F|||50|,,,,,Ghost]Annihilape||ChoiceScarf|Defiant|FinalGambit,HelpingHand,ShadowClaw,CloseCombat|||M|||50|,,,,,Grass
|showteam|p2|Kingambit||BlackGlasses|Defiant|SuckerPunch,SwordsDance,KowtowCleave,IronHead|||M|||50|,,,,,Dark]Yanmega||FocusSash|SpeedBoost|Tailwind,Protect,AirSlash,GigaDrain|||M|||50|,,,,,Grass]Sneasler||WhiteHerb|Unburden|Coaching,DireClaw,CloseCombat,Protect|||F|||50|,,,,,Dark]Ninetales-Alola||NeverMeltIce|SnowWarning|AuroraVeil,Encore,Blizzard,Protect|||F|||50|,,,,,Ghost]Electabuzz||Eviolite|Static|Taunt,Electroweb,FollowMe,Leer|||M|||50|,,,,,Electric]Gyarados||IapapaBerry|Intimidate|ThunderWave,Taunt,Waterfall,Protect|||M|||50|,,,,,Ground
|inactive|Battle timer is ON: inactive players will automatically lose when time's up. (requested by llufamistica)
|inactive|llufamistica has 60 seconds left.
|inactive|llufamistica has 30 seconds left.
|inactive|llufamistica has 20 seconds left.
|inactive|llufamistica has 15 seconds left.
|
|t:|1756886890
|teamsize|p1|4
|teamsize|p2|4
|start
|switch|p1a: Murkrow|Murkrow, L50, M, shiny|100/100
|switch|p1b: Garchomp|Garchomp, L50, M, shiny|100/100
|switch|p2a: Yanmega|Yanmega, L50, M|100/100
|switch|p2b: Ninetales|Ninetales-Alola, L50, F|100/100
|-weather|Snowscape|[from] ability: Snow Warning|[of] p2b: Ninetales
|turn|1
|inactive|llufamistica has 30 seconds left.
|inactive|Atc13 has 30 seconds left.
|inactive|llufamistica has 20 seconds left.
|inactive|llufamistica has 15 seconds left.
|inactive|llufamistica has 10 seconds left.
|
|t:|1756886937
|-terastallize|p1b: Garchomp|Steel
|move|p1a: Murkrow|Tailwind|p1a: Murkrow
|-sidestart|p1: llufamistica|move: Tailwind
|move|p1b: Garchomp|Rock Slide|p2a: Yanmega|[spread] p2a,p2b
|-supereffective|p2a: Yanmega
|-supereffective|p2b: Ninetales
|-enditem|p2a: Yanmega|Focus Sash
|-damage|p2a: Yanmega|1/100
|-damage|p2b: Ninetales|47/100
|-damage|p1b: Garchomp|91/100|[from] item: Life Orb
|cant|p2b: Ninetales|flinch
|move|p2a: Yanmega|Tailwind|p2a: Yanmega
|-sidestart|p2: Atc13|move: Tailwind
|
|-weather|Snowscape|[upkeep]
|-ability|p2a: Yanmega|Speed Boost|boost
|-boost|p2a: Yanmega|spe|1
|upkeep
|turn|2
|inactive|Atc13 has 30 seconds left.
|inactive|Atc13 has 20 seconds left.
|
|t:|1756886973
|move|p2a: Yanmega|Protect|p2a: Yanmega
|-singleturn|p2a: Yanmega|Protect
|move|p1a: Murkrow|Haze|p1a: Murkrow
|-clearallboost
|move|p2b: Ninetales|Aurora Veil|p2b: Ninetales
|-sidestart|p2: Atc13|move: Aurora Veil
|move|p1b: Garchomp|Rock Slide|p2a: Yanmega|[spread] p2b
|-activate|p2a: Yanmega|move: Protect
|-supereffective|p2b: Ninetales
|-damage|p2b: Ninetales|11/100
|-damage|p1b: Garchomp|81/100|[from] item: Life Orb
|
|-weather|Snowscape|[upkeep]
|-ability|p2a: Yanmega|Speed Boost|boost
|-boost|p2a: Yanmega|spe|1
|upkeep
|turn|3
|inactive|llufamistica has 30 seconds left.
|inactive|Atc13 has 30 seconds left.
|inactive|llufamistica has 20 seconds left.
|inactive|llufamistica has 15 seconds left.
|inactive|llufamistica has 10 seconds left.
|
|t:|1756887022
|switch|p1a: Indeedee|Indeedee-F, L50, F|100/100
|move|p2a: Yanmega|Air Slash|p1a: Indeedee
|-damage|p1a: Indeedee|64/100
|move|p2b: Ninetales|Blizzard|p1a: Indeedee|[spread] p1a,p1b
|-resisted|p1b: Garchomp
|-damage|p1a: Indeedee|30/100
|-damage|p1b: Garchomp|61/100
|move|p1b: Garchomp|Rock Slide|p2a: Yanmega|[spread] p2a,p2b
|-supereffective|p2a: Yanmega
|-supereffective|p2b: Ninetales
|-damage|p2a: Yanmega|0 fnt
|-damage|p2b: Ninetales|0 fnt
|faint|p2a: Yanmega
|faint|p2b: Ninetales
|-damage|p1b: Garchomp|51/100|[from] item: Life Orb
|
|-weather|Snowscape|[upkeep]
|upkeep
|
|t:|1756887045
|switch|p2b: Kingambit|Kingambit, L50, M|100/100
|switch|p2a: Gyarados|Gyarados, L50, M, shiny|100/100
|-ability|p2a: Gyarados|Intimidate|boost
|-unboost|p1a: Indeedee|atk|1
|-unboost|p1b: Garchomp|atk|1
|turn|4
|inactive|llufamistica has 30 seconds left.
|inactive|llufamistica has 20 seconds left.
|inactive|llufamistica has 15 seconds left.
|inactive|llufamistica has 10 seconds left.
|
|t:|1756887093
|-terastallize|p2b: Kingambit|Dark
|move|p1a: Indeedee|Fake Out|p2b: Kingambit
|-damage|p2b: Kingambit|97/100
|move|p1b: Garchomp|Rock Slide|p2b: Kingambit|[spread] p2a,p2b
|-supereffective|p2a: Gyarados
|-damage|p2a: Gyarados|78/100
|-damage|p2b: Kingambit|87/100
|-damage|p1b: Garchomp|41/100|[from] item: Life Orb
|move|p2a: Gyarados|Taunt|p1a: Indeedee
|-start|p1a: Indeedee|move: Taunt
|cant|p2b: Kingambit|flinch
|
|-weather|Snowscape|[upkeep]
|-sideend|p2: Atc13|move: Tailwind
|-sideend|p1: llufamistica|move: Tailwind
|upkeep
|turn|5
|inactive|llufamistica has 30 seconds left.
|inactive|Atc13 has 30 seconds left.
|
|t:|1756887126
|switch|p1a: Murkrow|Murkrow, L50, M, shiny|100/100
|move|p1b: Garchomp|Protect|p1b: Garchomp
|-singleturn|p1b: Garchomp|Protect
|move|p2a: Gyarados|Thunder Wave|p1b: Garchomp
|-activate|p1b: Garchomp|move: Protect
|move|p2b: Kingambit|Swords Dance|p2b: Kingambit
|-boost|p2b: Kingambit|atk|2
|
|-weather|none
|upkeep
|turn|6
|inactive|llufamistica has 30 seconds left.
|inactive|Atc13 has 30 seconds left.
|inactive|llufamistica has 20 seconds left.
|inactive|Atc13 has 20 seconds left.
|
|t:|1756887163
|move|p1a: Murkrow|Haze|p1a: Murkrow
|-clearallboost
|move|p2b: Kingambit|Sucker Punch|p1b: Garchomp
|-damage|p1b: Garchomp|0 fnt
|-damage|p2b: Kingambit|74/100|[from] ability: Rough Skin|[of] p1b: Garchomp
|faint|p1b: Garchomp
|move|p2a: Gyarados|Thunder Wave|p1a: Murkrow
|-status|p1a: Murkrow|par
|
|-sideend|p2: Atc13|move: Aurora Veil
|upkeep
|
|t:|1756887183
|switch|p1b: Toxtricity|Toxtricity, L50, M, shiny|100/100
|turn|7
|inactive|llufamistica has 30 seconds left.
|inactive|llufamistica has 20 seconds left.
|inactive|Atc13 has 30 seconds left.
|inactive|Atc13 has 20 seconds left.
|inactive|Atc13 has 15 seconds left.
|
|t:|1756887235
|move|p1a: Murkrow|Quash|p2b: Kingambit
|-hint|Since gen 7, Dark is immune to Prankster moves.
|-immune|p2b: Kingambit
|move|p1b: Toxtricity|Overdrive|p2b: Kingambit|[spread] p2a,p2b
|-supereffective|p2a: Gyarados
|-damage|p2a: Gyarados|0 fnt
|-damage|p2b: Kingambit|24/100
|faint|p2a: Gyarados
|move|p2b: Kingambit|Swords Dance|p2b: Kingambit
|-boost|p2b: Kingambit|atk|2
|
|upkeep
|turn|8
|
|t:|1756887250
|switch|p1b: Indeedee|Indeedee-F, L50, F|30/100
|move|p2b: Kingambit|Sucker Punch||[still]
|-fail|p2b: Kingambit
|move|p1a: Murkrow|Haze|p1a: Murkrow
|-clearallboost
|
|upkeep
|turn|9
|-message|Atc13 forfeited.
|
|win|llufamistica
|l|☆Atc13
|player|p2|
|raw|llufamistica's rating: 1081 → 1102(+21 for winning)
|raw|Atc13's rating: 1000 → 1000(+0 for losing)
