|j|☆IceApfel
|j|☆lettitripppp
|html|IceApfellettitripppp    
|uhtml|bestof|Game 1 of a best-of-3
|t:|1785795404
|gametype|doubles
|player|p1|IceApfel|waiter-gen4|1192
|player|p2|lettitripppp|lucas|1271
|gen|9
|tier|[Gen 9 Champions] VGC 2026 Reg M-B (Bo3)
|rated|
|rule|Species Clause: Limit one of each Pokémon
|rule|Item Clause: Limit 1 of each item
|clearpoke
|poke|p1|Staraptor, L50, M|
|poke|p1|Raichu, L50, M|
|poke|p1|Sylveon, L50, M, shiny|
|poke|p1|Farigiraf, L50, F, shiny|
|poke|p1|Kingambit, L50, M, shiny|
|poke|p1|Arcanine-Hisui, L50, F|
|poke|p2|Charizard, L50, F|
|poke|p2|Floette-Eternal, L50, F|
|poke|p2|Basculegion, L50, M|
|poke|p2|Whimsicott, L50, M, shiny|
|poke|p2|Garchomp, L50, M|
|poke|p2|Kingambit, L50, M, shiny|
|teampreview|4
|showteam|p1|Staraptor||Staraptite|Intimidate|CloseCombat,BraveBird,Tailwind,Protect|Jolly||M|||50|]Raichu||RaichuniteY|Static|ZapCannon,FocusBlast,FakeOut,Protect|Timid||M|||50|]Sylveon||FairyFeather|Pixilate|HyperVoice,HyperBeam,Yawn,Protect|Modest||M|||50|]Farigiraf||SitrusBerry|ArmorTail|Psychic,TrickRoom,HelpingHand,Protect|Bold||F|||50|]Kingambit||LifeOrb|Defiant|KowtowCleave,SuckerPunch,SwordsDance,Protect|Adamant||M|||50|]Arcanine-Hisui||FocusSash|RockHead|FlareBlitz,HeadSmash,ExtremeSpeed,Protect|Jolly||F|||50|
|showteam|p2|Charizard||CharizarditeY|Blaze|WeatherBall,SolarBeam,HeatWave,Protect|Modest||F|||50|]Floette-Eternal||Floettite|Symbiosis|DazzlingGleam,LightofRuin,Moonblast,Protect|Modest||F|||50|]Basculegion||MysticWater|Adaptability|LastRespects,WaveCrash,AquaJet,Protect|Adamant||M|||50|]Whimsicott||FocusSash|Prankster|Moonblast,Tailwind,Encore,Protect|Timid||M|||50|]Garchomp||LifeOrb|RoughSkin|StompingTantrum,DragonClaw,RockSlide,Protect|Jolly||M|||50|]Kingambit||ChopleBerry|Defiant|KowtowCleave,SuckerPunch,IronHead,LowKick|Adamant||M|||50|
|inactive|Battle timer is ON: inactive players will automatically lose when time's up. (requested by lettitripppp)
|c|☆lettitripppp|glhf
|c|☆IceApfel|glhf
|inactive|IceApfel has 60 seconds left.
|inactive|lettitripppp has 60 seconds left.
|
|t:|1785795453
|teamsize|p1|4
|teamsize|p2|4
|start
|switch|p1a: Staraptor|Staraptor, L50, M|100/100
|switch|p1b: Arcanine|Arcanine-Hisui, L50, F|100/100
|switch|p2a: RUINOUS LIGHT|Floette-Eternal, L50, F|100/100
|switch|p2b: LETS GO AGAIN|Whimsicott, L50, M, shiny|100/100
|-ability|p1a: Staraptor|Intimidate|boost
|-unboost|p2a: RUINOUS LIGHT|atk|1
|-unboost|p2b: LETS GO AGAIN|atk|1
|turn|1
|inactive|IceApfel has 30 seconds left.
|inactive|IceApfel has 20 seconds left.
|inactive|IceApfel has 15 seconds left.
|
|t:|1785795496
|switch|p2a: CRUSH SHARK|Garchomp, L50, M|100/100
|detailschange|p1a: Staraptor|Staraptor-Mega, L50, M
|-mega|p1a: Staraptor|Staraptor|Staraptite
|move|p2b: LETS GO AGAIN|Tailwind|p2b: LETS GO AGAIN
|-sidestart|p2: lettitripppp|move: Tailwind
|move|p1a: Staraptor|Brave Bird|p2a: CRUSH SHARK
|-damage|p2a: CRUSH SHARK|42/100
|-damage|p1a: Staraptor|87/100|[from] ability: Rough Skin|[of] p2a: CRUSH SHARK
|-damage|p1a: Staraptor|69/100|[from] Recoil
|move|p1b: Arcanine|Flare Blitz|p2a: CRUSH SHARK
|-resisted|p2a: CRUSH SHARK|1
|-damage|p2a: CRUSH SHARK|14/100
|-status|p2a: CRUSH SHARK|brn
|-damage|p1b: Arcanine|87/100|[from] ability: Rough Skin|[of] p2a: CRUSH SHARK
|
|-damage|p2a: CRUSH SHARK|8/100 brn|[from] brn
|upkeep
|turn|2
|
|t:|1785795514
|switch|p1a: Kingambit|Kingambit, L50, M, shiny|100/100
|move|p1b: Arcanine|Extreme Speed|p2a: CRUSH SHARK
|-damage|p2a: CRUSH SHARK|0 fnt
|-damage|p1b: Arcanine|75/100|[from] ability: Rough Skin|[of] p2a: CRUSH SHARK
|faint|p2a: CRUSH SHARK
|move|p2b: LETS GO AGAIN|Moonblast|p1a: Kingambit
|-damage|p1a: Kingambit|63/100
|
|upkeep
|
|t:|1785795522
|switch|p2a: GENERAL BLADUS|Kingambit, L50, M, shiny|100/100
|turn|3
|inactive|IceApfel has 30 seconds left.
|
|t:|1785795552
|move|p1b: Arcanine|Protect|p1b: Arcanine
|-singleturn|p1b: Arcanine|Protect
|move|p2b: LETS GO AGAIN|Moonblast|p1a: Kingambit
|-damage|p1a: Kingambit|27/100
|move|p2a: GENERAL BLADUS|Low Kick|p1b: Arcanine
|-activate|p1b: Arcanine|move: Protect
|move|p1a: Kingambit|Swords Dance|p1a: Kingambit
|-boost|p1a: Kingambit|atk|2
|
|upkeep
|turn|4
|inactive|lettitripppp has 30 seconds left.
|inactive|lettitripppp has 20 seconds left.
|inactive|lettitripppp has 15 seconds left.
|inactive|lettitripppp has 10 seconds left.
|inactive|lettitripppp has 5 seconds left.
|
|t:|1785795607
|switch|p1b: Farigiraf|Farigiraf, L50, F, shiny|100/100
|move|p1a: Kingambit|Sucker Punch|p2b: LETS GO AGAIN
|-resisted|p2b: LETS GO AGAIN|1
|-damage|p2b: LETS GO AGAIN|24/100
|-damage|p1a: Kingambit|17/100|[from] item: Life Orb
|move|p2b: LETS GO AGAIN|Moonblast|p1a: Kingambit
|-crit|p1a: Kingambit
|-damage|p1a: Kingambit|0 fnt
|faint|p1a: Kingambit
|move|p2a: GENERAL BLADUS|Kowtow Cleave|p1b: Farigiraf
|-supereffective|p1b: Farigiraf|1
|-damage|p1b: Farigiraf|26/100
|-enditem|p1b: Farigiraf|Sitrus Berry|[eat]
|-heal|p1b: Farigiraf|51/100|[from] item: Sitrus Berry
|
|-sideend|p2: lettitripppp|move: Tailwind
|upkeep
|
|t:|1785795623
|switch|p1a: Staraptor|Staraptor-Mega, L50, M|69/100
|turn|5
|
|t:|1785795640
|move|p1b: Farigiraf|Protect|p1b: Farigiraf
|-singleturn|p1b: Farigiraf|Protect
|move|p2b: LETS GO AGAIN|Tailwind|p2b: LETS GO AGAIN
|-sidestart|p2: lettitripppp|move: Tailwind
|move|p1a: Staraptor|Close Combat|p2a: GENERAL BLADUS
|-supereffective|p2a: GENERAL BLADUS|2
|-enditem|p2a: GENERAL BLADUS|Chople Berry|[eat]
|-enditem|p2a: GENERAL BLADUS|Chople Berry|[weaken]
|-damage|p2a: GENERAL BLADUS|10/100
|-boost|p1a: Staraptor|def|1
|-boost|p1a: Staraptor|spd|1
|move|p2a: GENERAL BLADUS|Kowtow Cleave|p1b: Farigiraf
|-activate|p1b: Farigiraf|move: Protect
|
|upkeep
|turn|6
|
|t:|1785795655
|move|p2b: LETS GO AGAIN|Moonblast|p1a: Staraptor
|-supereffective|p1a: Staraptor|1
|-damage|p1a: Staraptor|25/100
|move|p1a: Staraptor|Close Combat|p2a: GENERAL BLADUS
|-supereffective|p2a: GENERAL BLADUS|2
|-damage|p2a: GENERAL BLADUS|0 fnt
|-boost|p1a: Staraptor|def|1
|-boost|p1a: Staraptor|spd|1
|faint|p2a: GENERAL BLADUS
|move|p1b: Farigiraf|Trick Room|p1b: Farigiraf
|-fieldstart|move: Trick Room|[of] p1b: Farigiraf
|
|upkeep
|
|t:|1785795661
|switch|p2a: RUINOUS LIGHT|Floette-Eternal, L50, F|100/100
|turn|7
|
|t:|1785795681
|move|p1a: Staraptor|Protect|p1a: Staraptor
|-singleturn|p1a: Staraptor|Protect
|move|p1b: Farigiraf|Psychic|p2b: LETS GO AGAIN
|-damage|p2b: LETS GO AGAIN|0 fnt
|faint|p2b: LETS GO AGAIN
|move|p2a: RUINOUS LIGHT|Dazzling Gleam|p1a: Staraptor|[spread] p1b
|-activate|p1a: Staraptor|move: Protect
|-damage|p1b: Farigiraf|21/100
|
|upkeep
|turn|8
|
|t:|1785795690
|move|p2a: RUINOUS LIGHT|Protect|p2a: RUINOUS LIGHT
|-singleturn|p2a: RUINOUS LIGHT|Protect
|move|p1b: Farigiraf|Psychic|p2a: RUINOUS LIGHT
|-activate|p2a: RUINOUS LIGHT|move: Protect
|move|p1a: Staraptor|Brave Bird|p2a: RUINOUS LIGHT
|-activate|p2a: RUINOUS LIGHT|move: Protect
|
|-sideend|p2: lettitripppp|move: Tailwind
|upkeep
|turn|9
|
|t:|1785795694
|move|p1b: Farigiraf|Helping Hand|p1a: Staraptor
|-singleturn|p1a: Staraptor|Helping Hand|[of] p1b: Farigiraf
|move|p2a: RUINOUS LIGHT|Dazzling Gleam|p1b: Farigiraf|[spread] p1a,p1b
|-supereffective|p1a: Staraptor|1
|-damage|p1a: Staraptor|0 fnt
|-damage|p1b: Farigiraf|0 fnt
|faint|p1a: Staraptor
|faint|p1b: Farigiraf
|
|upkeep
|
|t:|1785795700
|switch|p1b: Arcanine|Arcanine-Hisui, L50, F|75/100
|turn|10
|
|t:|1785795708
|move|p2a: RUINOUS LIGHT|Protect|p2a: RUINOUS LIGHT
|-singleturn|p2a: RUINOUS LIGHT|Protect
|move|p1b: Arcanine|Flare Blitz|p2a: RUINOUS LIGHT
|-activate|p2a: RUINOUS LIGHT|move: Protect
|
|-fieldend|move: Trick Room
|upkeep
|turn|11
|
|t:|1785795715
|detailschange|p2a: RUINOUS LIGHT|Floette-Mega, L50, F
|-mega|p2a: RUINOUS LIGHT|Floette|Floettite
|-ability|p2a: RUINOUS LIGHT|Fairy Aura
|move|p1b: Arcanine|Flare Blitz|p2a: RUINOUS LIGHT
|-damage|p2a: RUINOUS LIGHT|25/100
|move|p2a: RUINOUS LIGHT|Light of Ruin|p1b: Arcanine
|-resisted|p1b: Arcanine|1
|-crit|p1b: Arcanine
|-damage|p1b: Arcanine|0 fnt
|faint|p1b: Arcanine
|-damage|p2a: RUINOUS LIGHT|0 fnt|[from] Recoil
|faint|p2a: RUINOUS LIGHT
|
|win|lettitripppp
||IceApfel is ready for game 2.
