|j|☆an1221
|j|☆volkron zz
|html|an1221volkron zz    
|uhtml|bestof|Game 1 of a best-of-3
|t:|1782704870
|gametype|doubles
|player|p1|an1221|266|1109
|player|p2|volkron zz|heroine2-conquest|1028
|gen|9
|tier|[Gen 9 Champions] VGC 2026 Reg M-B (Bo3)
|rated|
|rule|Species Clause: Limit one of each Pokémon
|rule|Item Clause: Limit 1 of each item
|clearpoke
|poke|p1|Raichu, L50, M|
|poke|p1|Milotic, L50, F|
|poke|p1|Meowscarada, L50, F|
|poke|p1|Incineroar, L50, M|
|poke|p1|Talonflame, L50, F|
|poke|p1|Garchomp, L50, F|
|poke|p2|Incineroar, L50, F|
|poke|p2|Garchomp, L50, M|
|poke|p2|Clefable, L50, M|
|poke|p2|Hydreigon, L50, F|
|poke|p2|Liepard, L50, M|
|poke|p2|Gengar, L50, M|
|teampreview|4
|showteam|p1|Raichu||RaichuniteY|LightningRod|FakeOut,ZapCannon,FocusBlast,Protect|Hasty||M|||50|]Milotic||Leftovers|Competitive|Coil,HydroPump,Blizzard,Hypnosis|Calm||F|||50|]Meowscarada||ChoiceScarf|Protean|FlowerTrick,KnockOff,TripleAxel,Uturn|Jolly||F|||50|]Incineroar||BlackGlasses|Intimidate|FakeOut,PartingShot,DarkestLariat,FlareBlitz|Adamant||M|||50|]Talonflame||FocusSash|GaleWings|Tailwind,FlareBlitz,BraveBird,Uturn|Jolly||F|||50|]Garchomp||Garchompite|RoughSkin|DragonClaw,RockSlide,BrickBreak,StompingTantrum|Adamant||F|||50|
|showteam|p2|Incineroar||ChopleBerry|Intimidate|FakeOut,PartingShot,FlareBlitz,DarkestLariat|Careful||F|||50|]Garchomp||LifeOrb|RoughSkin|Earthquake,RockSlide,DragonClaw,Protect|Jolly||M|||50|]Clefable||Leftovers|Unaware|FollowMe,BatonPass,Moonblast,Protect|Sassy||M|||50|]Hydreigon||ChoiceScarf|Levitate|DarkPulse,DracoMeteor,HeatWave,DragonTail|Timid||F|||50|]Liepard||FocusSash|Prankster|Yawn,Encore,FakeOut,Taunt|Jolly||M|||50|]Gengar||Gengarite|CursedBody|ShadowBall,SludgeBomb,Protect,IcyWind|Timid||M|||50|
|inactive|Battle timer is ON: inactive players will automatically lose when time's up. (requested by volkron zz)
|inactive|an1221 has 60 seconds left.
|inactive|volkron zz has 60 seconds left.
|inactive|volkron zz has 30 seconds left.
|inactive|volkron zz has 20 seconds left.
|inactive|volkron zz has 15 seconds left.
|
|t:|1782704948
|teamsize|p1|4
|teamsize|p2|4
|start
|switch|p1a: Raichu|Raichu, L50, M|100/100
|switch|p1b: Milotic|Milotic, L50, F|100/100
|switch|p2a: Gengar|Gengar, L50, M|100/100
|switch|p2b: Hydreigon|Hydreigon, L50, F|100/100
|turn|1
|inactive|volkron zz has 30 seconds left.
|
|t:|1782704978
|detailschange|p2a: Gengar|Gengar-Mega, L50, M
|-mega|p2a: Gengar|Gengar|Gengarite
|detailschange|p1a: Raichu|Raichu-Mega-Y, L50, M
|-mega|p1a: Raichu|Raichu|Raichunite Y
|move|p1a: Raichu|Fake Out|p2b: Hydreigon
|-damage|p2b: Hydreigon|87/100
|cant|p2b: Hydreigon|flinch
|move|p2a: Gengar|Sludge Bomb|p1b: Milotic
|-damage|p1b: Milotic|57/100
|-status|p1b: Milotic|psn
|move|p1b: Milotic|Coil|p1b: Milotic
|-boost|p1b: Milotic|atk|1
|-boost|p1b: Milotic|def|1
|-boost|p1b: Milotic|accuracy|1
|
|-heal|p1b: Milotic|63/100 psn|[from] item: Leftovers
|-damage|p1b: Milotic|51/100 psn|[from] psn
|upkeep
|turn|2
|inactive|an1221 has 30 seconds left.
|inactive|volkron zz has 30 seconds left.
|inactive|an1221 has 20 seconds left.
|inactive|volkron zz has 20 seconds left.
|
|t:|1782705015
|move|p2b: Hydreigon|Dark Pulse|p1a: Raichu
|-damage|p1a: Raichu|30/100
|move|p2a: Gengar|Sludge Bomb|p1b: Milotic
|-damage|p1b: Milotic|10/100 psn
|move|p1a: Raichu|Focus Blast|p2b: Hydreigon
|-supereffective|p2b: Hydreigon|1
|-damage|p2b: Hydreigon|0 fnt
|faint|p2b: Hydreigon
|move|p1b: Milotic|Hydro Pump|p2a: Gengar
|-damage|p2a: Gengar|40/100
|
|-heal|p1b: Milotic|16/100 psn|[from] item: Leftovers
|-damage|p1b: Milotic|4/100 psn|[from] psn
|upkeep
|
|t:|1782705033
|switch|p2b: Liepard|Liepard, L50, M|100/100
|turn|3
|
|t:|1782705050
|move|p1a: Raichu|Protect|p1a: Raichu
|-singleturn|p1a: Raichu|Protect
|move|p2b: Liepard|Fake Out|p1a: Raichu
|-activate|p1a: Raichu|move: Protect
|move|p2a: Gengar|Icy Wind|p1a: Raichu|[spread] p1b
|-activate|p1a: Raichu|move: Protect
|-resisted|p1b: Milotic|1
|-damage|p1b: Milotic|0 fnt
|faint|p1b: Milotic
|
|upkeep
|
|t:|1782705062
|switch|p1b: Meowscarada|Meowscarada, L50, F|100/100
|turn|4
|inactive|an1221 has 30 seconds left.
|inactive|volkron zz has 30 seconds left.
|inactive|volkron zz has 20 seconds left.
|
|t:|1782705101
|move|p2a: Gengar|Protect|p2a: Gengar
|-singleturn|p2a: Gengar|Protect
|move|p2b: Liepard|Encore|p1a: Raichu
|-start|p1a: Raichu|Encore
|move|p1a: Raichu|Protect|p1a: Raichu
|-singleturn|p1a: Raichu|Protect
|move|p1b: Meowscarada|Knock Off|p2a: Gengar
|-start|p1b: Meowscarada|typechange|Dark|[from] ability: Protean
|-activate|p2a: Gengar|move: Protect
|
|upkeep
|turn|5
|
|t:|1782705123
|switch|p2a: Incineroar|Incineroar, L50, F|100/100
|-ability|p2a: Incineroar|Intimidate|boost
|-unboost|p1a: Raichu|atk|1
|-unboost|p1b: Meowscarada|atk|1
|move|p1a: Raichu|Protect||[still]
|-fail|p1a: Raichu
|move|p2b: Liepard|Yawn|p1b: Meowscarada
|-hint|Since gen 7, Dark is immune to Prankster moves.
|-immune|p1b: Meowscarada
|move|p1b: Meowscarada|Knock Off|p2a: Incineroar
|-resisted|p2a: Incineroar|1
|-damage|p2a: Incineroar|87/100
|-enditem|p2a: Incineroar|Chople Berry|[from] move: Knock Off|[of] p1b: Meowscarada
|
|upkeep
|turn|6
|
|t:|1782705144
|switch|p1b: Garchomp|Garchomp, L50, F|100/100
|move|p1a: Raichu|Protect|p1a: Raichu
|-singleturn|p1a: Raichu|Protect
|move|p2b: Liepard|Yawn|p1a: Raichu
|-activate|p1a: Raichu|move: Protect
|move|p2a: Incineroar|Parting Shot|p1b: Garchomp
|-unboost|p1b: Garchomp|atk|1
|-unboost|p1b: Garchomp|spa|1
|
|t:|1782705153
|switch|p2a: Gengar|Gengar-Mega, L50, M|40/100|[from] Parting Shot
|
|-end|p1a: Raichu|Encore
|upkeep
|turn|7
|inactive|an1221 has 30 seconds left.
|inactive|an1221 has 20 seconds left.
|inactive|an1221 has 15 seconds left.
|inactive|an1221 has 10 seconds left.
|
|t:|1782705201
|move|p2a: Gengar|Protect|p2a: Gengar
|-singleturn|p2a: Gengar|Protect
|move|p2b: Liepard|Encore|p1a: Raichu
|-start|p1a: Raichu|Encore
|move|p1a: Raichu|Protect||[still]
|-fail|p1a: Raichu
|move|p1b: Garchomp|Rock Slide|p2a: Gengar|[spread] p2b
|-activate|p2a: Gengar|move: Protect
|-damage|p2b: Liepard|74/100
|
|upkeep
|turn|8
|
|t:|1782705223
|switch|p2a: Incineroar|Incineroar, L50, F|87/100
|-ability|p2a: Incineroar|Intimidate|boost
|-unboost|p1a: Raichu|atk|1
|-unboost|p1b: Garchomp|atk|1
|move|p1a: Raichu|Protect|p1a: Raichu
|-singleturn|p1a: Raichu|Protect
|move|p2b: Liepard|Yawn|p1b: Garchomp
|-start|p1b: Garchomp|move: Yawn|[of] p2b: Liepard
|move|p1b: Garchomp|Stomping Tantrum|p2a: Incineroar
|-supereffective|p2a: Incineroar|1
|-damage|p2a: Incineroar|53/100
|
|upkeep
|turn|9
|inactive|an1221 has 30 seconds left.
|inactive|volkron zz has 30 seconds left.
|
|t:|1782705254
|switch|p1a: Meowscarada|Meowscarada, L50, F|100/100
|move|p2a: Incineroar|Fake Out|p1b: Garchomp
|-damage|p1b: Garchomp|90/100
|-damage|p2a: Incineroar|41/100|[from] ability: Rough Skin|[of] p1b: Garchomp
|move|p2b: Liepard|Yawn|p1a: Meowscarada
|-hint|Since gen 7, Dark is immune to Prankster moves.
|-immune|p1a: Meowscarada
|cant|p1b: Garchomp|flinch
|
|-end|p1b: Garchomp|move: Yawn|[silent]
|-status|p1b: Garchomp|slp
|upkeep
|turn|10
|inactive|an1221 has 30 seconds left.
|inactive|volkron zz has 30 seconds left.
|inactive|an1221 has 20 seconds left.
|inactive|an1221 has 15 seconds left.
|
|t:|1782705297
|move|p2b: Liepard|Yawn|p1a: Meowscarada
|-hint|Since gen 7, Dark is immune to Prankster moves.
|-immune|p1a: Meowscarada
|move|p1a: Meowscarada|U-turn|p2b: Liepard
|-start|p1a: Meowscarada|typechange|Bug|[from] ability: Protean
|-supereffective|p2b: Liepard|1
|-damage|p2b: Liepard|0 fnt
|faint|p2b: Liepard
|
|t:|1782705306
|switch|p1a: Raichu|Raichu-Mega-Y, L50, M|30/100|[from] U-turn
|cant|p1b: Garchomp|slp
|move|p2a: Incineroar|Flare Blitz|p1a: Raichu
|-damage|p1a: Raichu|0 fnt
|faint|p1a: Raichu
|-damage|p2a: Incineroar|34/100|[from] Recoil
|
|upkeep
|
|t:|1782705309
|switch|p1a: Meowscarada|Meowscarada, L50, F|100/100
|switch|p2b: Gengar|Gengar-Mega, L50, M|40/100
|turn|11
|
|t:|1782705321
|move|p2b: Gengar|Protect|p2b: Gengar
|-singleturn|p2b: Gengar|Protect
|move|p1a: Meowscarada|Knock Off|p2b: Gengar
|-start|p1a: Meowscarada|typechange|Dark|[from] ability: Protean
|-activate|p2b: Gengar|move: Protect
|cant|p1b: Garchomp|slp
|move|p2a: Incineroar|Flare Blitz|p1a: Meowscarada
|-damage|p1a: Meowscarada|25/100
|-status|p1a: Meowscarada|brn
|-damage|p2a: Incineroar|15/100|[from] Recoil
|
|-damage|p1a: Meowscarada|19/100 brn|[from] brn
|upkeep
|turn|12
|
|t:|1782705340
|move|p1a: Meowscarada|Knock Off|p2b: Gengar
|-supereffective|p2b: Gengar|1
|-damage|p2b: Gengar|0 fnt
|faint|p2b: Gengar
|-curestatus|p1b: Garchomp|slp|[msg]
|move|p1b: Garchomp|Rock Slide|p2a: Incineroar
|-supereffective|p2a: Incineroar|1
|-damage|p2a: Incineroar|0 fnt
|faint|p2a: Incineroar
|
|win|an1221
