|j|☆NBZ-H
|j|☆pawmifleet
|html|NBZ-Hpawmifleet    
|uhtml|bestof|Game 1 of a best-of-3
|t:|1784071128
|gametype|doubles
|player|p1|NBZ-H|102|1148
|player|p2|pawmifleet|fisherman-gen4|1147
|gen|9
|tier|[Gen 9 Champions] VGC 2026 Reg M-B (Bo3)
|rated|
|rule|Species Clause: Limit one of each Pokémon
|rule|Item Clause: Limit 1 of each item
|clearpoke
|poke|p1|Blastoise, L50, F|
|poke|p1|Incineroar, L50, F|
|poke|p1|Sinistcha, L50|
|poke|p1|Quaquaval, L50, M|
|poke|p1|Raichu, L50, M|
|poke|p1|Sylveon, L50, M|
|poke|p2|Incineroar, L50, M|
|poke|p2|Venusaur, L50, M|
|poke|p2|Charizard, L50, M|
|poke|p2|Garchomp, L50, M|
|poke|p2|Toxapex, L50, M|
|poke|p2|Annihilape, L50, F|
|teampreview|4
|showteam|p1|Blastoise||Blastoisinite|Torrent|WaterSpout,ShellSmash,AuraSphere,WaterPulse|Modest||F|||50|]Incineroar||ChopleBerry|Intimidate|FakeOut,FlareBlitz,PartingShot,DarkestLariat|Adamant||F|||50|]Sinistcha||OccaBerry|Hospitality|ShadowBall,MatchaGotcha,RagePowder,TrickRoom|Modest|||||50|]Quaquaval||LifeOrb|Moxie|AquaStep,AquaJet,CloseCombat,TripleAxel|Jolly||M|||50|]Raichu||RaichuniteY|LightningRod|FakeOut,ZapCannon,FocusBlast,VoltSwitch|Hasty||M|||50|]Sylveon||FairyFeather|Pixilate|HyperVoice,QuickAttack,MysticalFire,Protect|Sassy||M|||50|
|showteam|p2|Incineroar||SitrusBerry|Intimidate|FakeOut,ThroatChop,FlareBlitz,PartingShot|Impish||M|||50|]Venusaur||LifeOrb|Chlorophyll|SolarBeam,SludgeBomb,EarthPower,Protect|Modest||M|||50|]Charizard||CharizarditeY|Blaze|HeatWave,WeatherBall,HelpingHand,Protect|Modest||M|||50|]Garchomp||ChoiceScarf|RoughSkin|DragonClaw,Earthquake,RockSlide,StompingTantrum|Adamant||M|||50|]Toxapex||Leftovers|Regenerator|Infestation,Toxic,BanefulBunker,WideGuard|Bold||M|||50|]Annihilape||FocusSash|Defiant|PhantomForce,CloseCombat,RockTomb,Protect|Jolly||F|||50|
|inactive|Battle timer is ON: inactive players will automatically lose when time's up. (requested by pawmifleet)
|
|t:|1784071153
|teamsize|p1|4
|teamsize|p2|4
|start
|switch|p1a: Raichu|Raichu, L50, M|100/100
|switch|p1b: Incineroar|Incineroar, L50, F|100/100
|switch|p2a: Venusaur|Venusaur, L50, M|100/100
|switch|p2b: Charizard|Charizard, L50, M|100/100
|-ability|p1b: Incineroar|Intimidate|boost
|-unboost|p2a: Venusaur|atk|1
|-unboost|p2b: Charizard|atk|1
|turn|1
|inactive|pawmifleet has 30 seconds left.
|inactive|pawmifleet has 20 seconds left.
|
|t:|1784071192
|detailschange|p1a: Raichu|Raichu-Mega-Y, L50, M
|-mega|p1a: Raichu|Raichu|Raichunite Y
|move|p2a: Venusaur|Protect|p2a: Venusaur
|-singleturn|p2a: Venusaur|Protect
|move|p2b: Charizard|Protect|p2b: Charizard
|-singleturn|p2b: Charizard|Protect
|move|p1a: Raichu|Fake Out|p2a: Venusaur
|-activate|p2a: Venusaur|move: Protect
|move|p1b: Incineroar|Fake Out|p2b: Charizard
|-activate|p2b: Charizard|move: Protect
|
|upkeep
|turn|2
|
|t:|1784071208
|detailschange|p2b: Charizard|Charizard-Mega-Y, L50, M
|-mega|p2b: Charizard|Charizard|Charizardite Y
|-weather|SunnyDay|[from] ability: Drought|[of] p2b: Charizard
|move|p2a: Venusaur|Earth Power|p1a: Raichu
|-supereffective|p1a: Raichu|1
|-damage|p1a: Raichu|0 fnt
|faint|p1a: Raichu
|-damage|p2a: Venusaur|90/100|[from] item: Life Orb
|move|p2b: Charizard|Heat Wave|p1b: Incineroar|[miss]
|-miss|p2b: Charizard|p1b: Incineroar
|move|p1b: Incineroar|Flare Blitz|p2a: Venusaur
|-supereffective|p2a: Venusaur|1
|-damage|p2a: Venusaur|0 fnt
|faint|p2a: Venusaur
|-damage|p1b: Incineroar|76/100|[from] Recoil
|
|-weather|SunnyDay|[upkeep]
|upkeep
|
|t:|1784071227
|switch|p1a: Sinistcha|Sinistcha, L50|100/100
|switch|p2a: Toxapex|Toxapex, L50, M|100/100
|-heal|p1b: Incineroar|100/100|[from] ability: Hospitality|[of] p1a: Sinistcha
|turn|3
|
|t:|1784071246
|switch|p1a: Sylveon|Sylveon, L50, M|100/100
|move|p2b: Charizard|Weather Ball|p1a: Sylveon
|-crit|p1a: Sylveon
|-damage|p1a: Sylveon|26/100
|move|p1b: Incineroar|Darkest Lariat|p2b: Charizard
|-damage|p2b: Charizard|56/100
|move|p2a: Toxapex|Toxic|p1b: Incineroar
|-status|p1b: Incineroar|tox
|
|-weather|SunnyDay|[upkeep]
|-damage|p1b: Incineroar|94/100 tox|[from] psn
|upkeep
|turn|4
|
|t:|1784071267
|move|p2b: Charizard|Heat Wave|p1a: Sylveon|[spread] p1a,p1b
|-resisted|p1b: Incineroar|1
|-damage|p1a: Sylveon|0 fnt
|-damage|p1b: Incineroar|64/100 tox
|faint|p1a: Sylveon
|move|p1b: Incineroar|Darkest Lariat|p2b: Charizard
|-damage|p2b: Charizard|16/100
|move|p2a: Toxapex|Infestation|p1b: Incineroar
|-damage|p1b: Incineroar|61/100 tox
|-activate|p1b: Incineroar|move: Infestation|[of] p2a: Toxapex
|
|-weather|SunnyDay|[upkeep]
|-damage|p1b: Incineroar|49/100 tox|[from] psn
|-damage|p1b: Incineroar|37/100 tox|[from] move: Infestation|[partiallytrapped]
|upkeep
|
|t:|1784071270
|switch|p1a: Sinistcha|Sinistcha, L50|100/100
|-heal|p1b: Incineroar|61/100 tox|[from] ability: Hospitality|[of] p1a: Sinistcha
|turn|5
|inactive|pawmifleet has 30 seconds left.
|
|t:|1784071303
|move|p2b: Charizard|Heat Wave|p1b: Incineroar|[spread] p1a,p1b
|-supereffective|p1a: Sinistcha|1
|-crit|p1a: Sinistcha
|-enditem|p1a: Sinistcha|Occa Berry|[eat]
|-enditem|p1a: Sinistcha|Occa Berry|[weaken]
|-resisted|p1b: Incineroar|1
|-damage|p1a: Sinistcha|0 fnt
|-damage|p1b: Incineroar|30/100 tox
|faint|p1a: Sinistcha
|move|p1b: Incineroar|Darkest Lariat|p2b: Charizard
|-damage|p2b: Charizard|0 fnt
|faint|p2b: Charizard
|move|p2a: Toxapex|Toxic|p1b: Incineroar
|-fail|p1b: Incineroar|tox
|
|-weather|SunnyDay|[upkeep]
|-damage|p1b: Incineroar|12/100 tox|[from] psn
|-damage|p1b: Incineroar|1/100 tox|[from] move: Infestation|[partiallytrapped]
|upkeep
|
|t:|1784071312
|switch|p2b: Annihilape|Annihilape, L50, F|100/100
|turn|6
|
|t:|1784071320
|move|p2b: Annihilape|Protect|p2b: Annihilape
|-singleturn|p2b: Annihilape|Protect
|move|p2a: Toxapex|Baneful Bunker|p2a: Toxapex
|-singleturn|p2a: Toxapex|move: Protect
|move|p1b: Incineroar|Darkest Lariat|p2b: Annihilape
|-activate|p2b: Annihilape|move: Protect
|
|-weather|none
|-damage|p1b: Incineroar|0 fnt|[from] psn
|faint|p1b: Incineroar
|
|win|pawmifleet
