|j|☆monsoonisbest
|j|☆15Hugs
|html|monsoonisbest15Hugs    
|uhtml|bestof|Game 1 of a best-of-3
|t:|1784829029
|gametype|doubles
|player|p1|monsoonisbest|170|1147
|player|p2|15Hugs|ingo|1083
|gen|9
|tier|[Gen 9 Champions] VGC 2026 Reg M-B (Bo3)
|rated|
|rule|Species Clause: Limit one of each Pokémon
|rule|Item Clause: Limit 1 of each item
|clearpoke
|poke|p1|Venusaur, L50, M|
|poke|p1|Grimmsnarl, L50, M|
|poke|p1|Pelipper, L50, F|
|poke|p1|Archaludon, L50, F|
|poke|p1|Charizard, L50, F|
|poke|p1|Basculegion, L50, M|
|poke|p2|Mawile, L50, M|
|poke|p2|Sneasler, L50, F|
|poke|p2|Raichu, L50, F|
|poke|p2|Hydreigon, L50, M|
|poke|p2|Farigiraf, L50, F, shiny|
|poke|p2|Ceruledge, L50, F|
|teampreview|4
|showteam|p1|Venusaur||Venusaurite|Chlorophyll|SludgeBomb,EarthPower,SleepPowder,Protect|Modest||M|||50|]Grimmsnarl||LightClay|Prankster|SpiritBreak,Reflect,LightScreen,PartingShot|Careful||M|||50|]Pelipper||SitrusBerry|Drizzle|Hurricane,WeatherBall,Tailwind,WideGuard|Modest||F|||50|]Archaludon||Leftovers|Stamina|DragonPulse,FlashCannon,ElectroShot,Protect|Modest||F|||50|]Charizard||CharizarditeY|Blaze|HeatWave,SolarBeam,WeatherBall,Protect|Modest||F|||50|]Basculegion||ChoiceScarf|Adaptability|WaveCrash,FlipTurn,LastRespects,AquaJet|Jolly||M|||50|
|showteam|p2|Mawile||Mawilite|Intimidate|Protect,PlayRough,IronHead,RockSlide|Brave||M|||50|]Sneasler||WhiteHerb|Unburden|FakeOut,Coaching,CloseCombat,DireClaw|Jolly||F|||50|]Raichu||RaichuniteY|LightningRod|Protect,FakeOut,ZapCannon,FocusBlast|Timid||F|||50|]Hydreigon||ChoiceScarf|Levitate|DracoMeteor,Snarl,DarkPulse,EarthPower|Timid||M|||50|]Farigiraf||SitrusBerry|ArmorTail|TrickRoom,HelpingHand,FoulPlay,Psychic|Relaxed||F|||50|]Ceruledge||LifeOrb|FlashFire|Protect,ShadowSneak,Poltergeist,BitterBlade|Brave||F|||50|
|inactive|Battle timer is ON: inactive players will automatically lose when time's up. (requested by 15Hugs)
|inactive|15Hugs has 60 seconds left.
|
|t:|1784829109
|teamsize|p1|4
|teamsize|p2|4
|start
|switch|p1a: Charizard|Charizard, L50, F|100/100
|switch|p1b: Grimmsnarl|Grimmsnarl, L50, M|100/100
|switch|p2a: Raichu|Raichu, L50, F|100/100
|switch|p2b: Hydreigon|Hydreigon, L50, M|100/100
|turn|1
|inactive|monsoonisbest has 30 seconds left.
|inactive|15Hugs has 30 seconds left.
|inactive|monsoonisbest has 20 seconds left.
|inactive|monsoonisbest has 15 seconds left.
|inactive|monsoonisbest has 10 seconds left.
|
|t:|1784829156
|switch|p2b: Sneasler|Sneasler, L50, F|100/100
|switch|p1a: Archaludon|Archaludon, L50, F|100/100
|move|p2a: Raichu|Fake Out|p1b: Grimmsnarl
|-damage|p1b: Grimmsnarl|91/100
|cant|p1b: Grimmsnarl|flinch
|
|upkeep
|turn|2
|
|t:|1784829173
|detailschange|p2a: Raichu|Raichu-Mega-Y, L50, F
|-mega|p2a: Raichu|Raichu|Raichunite Y
|move|p1a: Archaludon|Protect|p1a: Archaludon
|-singleturn|p1a: Archaludon|Protect
|move|p2b: Sneasler|Fake Out|p1b: Grimmsnarl
|-damage|p1b: Grimmsnarl|77/100
|cant|p1b: Grimmsnarl|flinch
|move|p2a: Raichu|Zap Cannon|p1b: Grimmsnarl
|-damage|p1b: Grimmsnarl|11/100
|-status|p1b: Grimmsnarl|par
|
|upkeep
|turn|3
|inactive|15Hugs has 30 seconds left.
|inactive|15Hugs has 20 seconds left.
|
|t:|1784829208
|move|p1b: Grimmsnarl|Parting Shot|p2a: Raichu
|-unboost|p2a: Raichu|atk|1
|-unboost|p2a: Raichu|spa|1
|
|t:|1784829213
|switch|p1b: Pelipper|Pelipper, L50, F|100/100|[from] Parting Shot
|-weather|RainDance|[from] ability: Drizzle|[of] p1b: Pelipper
|move|p2a: Raichu|Focus Blast|p1a: Archaludon
|-supereffective|p1a: Archaludon|1
|-damage|p1a: Archaludon|32/100
|-ability|p1a: Archaludon|Stamina|boost
|-boost|p1a: Archaludon|def|1
|move|p2b: Sneasler|Close Combat|p1b: Pelipper
|-resisted|p1b: Pelipper|1
|-damage|p1b: Pelipper|67/100
|-unboost|p2b: Sneasler|def|1
|-unboost|p2b: Sneasler|spd|1
|-enditem|p2b: Sneasler|White Herb
|-clearnegativeboost|p2b: Sneasler|[silent]
|move|p1a: Archaludon|Electro Shot||[still]
|-prepare|p1a: Archaludon|Electro Shot
|-boost|p1a: Archaludon|spa|1
|-anim|p1a: Archaludon|Electro Shot|p2b: Sneasler
|-damage|p2b: Sneasler|17/100
|
|-weather|RainDance|[upkeep]
|-heal|p1a: Archaludon|39/100|[from] item: Leftovers
|upkeep
|turn|4
|inactive|monsoonisbest has 30 seconds left.
|
|t:|1784829241
|move|p1a: Archaludon|Protect|p1a: Archaludon
|-singleturn|p1a: Archaludon|Protect
|move|p2b: Sneasler|Close Combat|p1a: Archaludon
|-activate|p1a: Archaludon|move: Protect
|move|p2a: Raichu|Zap Cannon|p1b: Pelipper
|-supereffective|p1b: Pelipper|2
|-damage|p1b: Pelipper|0 fnt
|faint|p1b: Pelipper
|
|-weather|RainDance|[upkeep]
|-heal|p1a: Archaludon|45/100|[from] item: Leftovers
|upkeep
|
|t:|1784829247
|switch|p1b: Charizard|Charizard, L50, F|100/100
|turn|5
|
|t:|1784829265
|switch|p2a: Hydreigon|Hydreigon, L50, M|100/100
|detailschange|p1b: Charizard|Charizard-Mega-Y, L50, F
|-mega|p1b: Charizard|Charizard|Charizardite Y
|-weather|SunnyDay|[from] ability: Drought|[of] p1b: Charizard
|move|p2b: Sneasler|Close Combat|p1a: Archaludon
|-supereffective|p1a: Archaludon|1
|-damage|p1a: Archaludon|0 fnt
|-unboost|p2b: Sneasler|def|1
|-unboost|p2b: Sneasler|spd|1
|faint|p1a: Archaludon
|move|p1b: Charizard|Heat Wave|p2b: Sneasler|[spread] p2a,p2b
|-resisted|p2a: Hydreigon|1
|-damage|p2a: Hydreigon|64/100
|-damage|p2b: Sneasler|0 fnt
|faint|p2b: Sneasler
|
|-weather|SunnyDay|[upkeep]
|upkeep
|
|t:|1784829280
|switch|p2b: Farigiraf|Farigiraf, L50, F, shiny|100/100
|switch|p1a: Grimmsnarl|Grimmsnarl, L50, M|11/100 par
|turn|6
|
|t:|1784829298
|move|p2a: Hydreigon|Snarl|p1b: Charizard|[spread] p1a,p1b
|-resisted|p1a: Grimmsnarl|2
|-crit|p1b: Charizard
|-damage|p1a: Grimmsnarl|7/100 par
|-damage|p1b: Charizard|71/100
|-unboost|p1a: Grimmsnarl|spa|1
|-unboost|p1b: Charizard|spa|1
|move|p1b: Charizard|Weather Ball|p2b: Farigiraf
|-damage|p2b: Farigiraf|51/100
|move|p2b: Farigiraf|Foul Play|p1a: Grimmsnarl
|-resisted|p1a: Grimmsnarl|2
|-damage|p1a: Grimmsnarl|1/100 par
|cant|p1a: Grimmsnarl|par
|
|-weather|SunnyDay|[upkeep]
|upkeep
|turn|7
|
|t:|1784829313
|move|p2a: Hydreigon|Snarl|p1b: Charizard|[spread] p1a,p1b
|-resisted|p1a: Grimmsnarl|2
|-damage|p1a: Grimmsnarl|0 fnt
|-damage|p1b: Charizard|53/100
|-unboost|p1b: Charizard|spa|1
|faint|p1a: Grimmsnarl
|move|p1b: Charizard|Weather Ball|p2b: Farigiraf
|-damage|p2b: Farigiraf|9/100
|-enditem|p2b: Farigiraf|Sitrus Berry|[eat]
|-heal|p2b: Farigiraf|34/100|[from] item: Sitrus Berry
|move|p2b: Farigiraf|Psychic|p1b: Charizard
|-damage|p1b: Charizard|25/100
|
|-weather|SunnyDay|[upkeep]
|upkeep
|turn|8
|-message|monsoonisbest forfeited.
|
|win|15Hugs
