|j|☆DomDaBomb886
|j|☆Sedrav
|html|DomDaBomb886Sedrav    
|uhtml|bestof|Game 2 of a best-of-3
|t:|1756928255
|gametype|doubles
|player|p1|DomDaBomb886|2|1296
|player|p2|Sedrav|265|1323
|gen|9
|tier|[Gen 9] VGC 2025 Reg H (Bo3)
|rated|
|rule|Species Clause: Limit one of each Pokémon
|rule|Item Clause: Limit 1 of each item
|clearpoke
|poke|p1|Gholdengo, L50|
|poke|p1|Dragonite, L50, M|
|poke|p1|Ursaluna-Bloodmoon, L50, M|
|poke|p1|Annihilape, L50, F|
|poke|p1|Incineroar, L50, M|
|poke|p1|Amoonguss, L50, F|
|poke|p2|Garchomp, L50, M|
|poke|p2|Talonflame, L50, F|
|poke|p2|Gholdengo, L50|
|poke|p2|Tyranitar, L50, F|
|poke|p2|Amoonguss, L50, M|
|poke|p2|Milotic, L50, F|
|teampreview|4
|showteam|p1|Gholdengo||LifeOrb|GoodasGold|Protect,MakeItRain,ShadowBall,NastyPlot||||||50|,,,,,Water]Dragonite||LoadedDice|Multiscale|Protect,ScaleShot,Tailwind,Haze|||M|||50|,,,,,Fairy]Ursaluna-Bloodmoon||AssaultVest|MindsEye|EarthPower,BloodMoon,HyperVoice,VacuumWave|||M|||50|,,,,,Ghost]Annihilape||SafetyGoggles|Defiant|CloseCombat,RageFist,FinalGambit,Taunt|||F|||50|,,,,,Water]Incineroar||SitrusBerry|Intimidate|FlareBlitz,KnockOff,FakeOut,PartingShot|||M|||50|,,,,,Ghost]Amoonguss||RockyHelmet|Regenerator|Protect,PollenPuff,Spore,RagePowder|||F|||50|,,,,,Water
|showteam|p2|Garchomp||LifeOrb|RoughSkin|DragonClaw,StompingTantrum,Earthquake,Protect|||M|||50|,,,,,Fairy]Talonflame||CovertCloak|GaleWings|BraveBird,Tailwind,WillOWisp,Taunt|||F|||50|,,,,,Grass]Gholdengo||MetalCoat|GoodasGold|MakeItRain,ShadowBall,NastyPlot,Protect||||||50|,,,,,Flying]Tyranitar||AssaultVest|SandStream|RockSlide,KnockOff,LowKick,TeraBlast|||F|||50|,,,,,Flying]Amoonguss||SitrusBerry|Regenerator|Spore,RagePowder,PollenPuff,Protect|||M|||50|,,,,,Water]Milotic||SafetyGoggles|Competitive|Scald,IcyWind,Haze,Protect|||F|||50|,,,,,Dragon
|inactive|Battle timer is ON: inactive players will automatically lose when time's up. (requested by Sedrav)
|
|t:|1756928286
|teamsize|p1|4
|teamsize|p2|4
|start
|switch|p1a: Dragonite|Dragonite, L50, M|100/100
|switch|p1b: Gholdengo|Gholdengo, L50|100/100
|switch|p2a: Milotic|Milotic, L50, F|100/100
|switch|p2b: Amoonguss|Amoonguss, L50, M|100/100
|turn|1
|inactive|DomDaBomb886 has 30 seconds left.
|inactive|DomDaBomb886 has 20 seconds left.
|inactive|DomDaBomb886 has 15 seconds left.
|inactive|DomDaBomb886 has 10 seconds left.
|
|t:|1756928335
|move|p1a: Dragonite|Protect|p1a: Dragonite
|-singleturn|p1a: Dragonite|Protect
|move|p1b: Gholdengo|Nasty Plot|p1b: Gholdengo
|-boost|p1b: Gholdengo|spa|2
|move|p2a: Milotic|Haze|p2a: Milotic
|-clearallboost
|move|p2b: Amoonguss|Spore|p1a: Dragonite
|-activate|p1a: Dragonite|move: Protect
|
|upkeep
|turn|2
|
|t:|1756928355
|switch|p1a: Amoonguss|Amoonguss, L50, F|100/100
|move|p1b: Gholdengo|Shadow Ball|p2b: Amoonguss
|-damage|p2b: Amoonguss|61/100
|-damage|p1b: Gholdengo|91/100|[from] item: Life Orb
|move|p2a: Milotic|Icy Wind|p1a: Amoonguss|[spread] p1a,p1b
|-supereffective|p1a: Amoonguss
|-resisted|p1b: Gholdengo
|-damage|p1a: Amoonguss|85/100
|-damage|p1b: Gholdengo|86/100
|-unboost|p1a: Amoonguss|spe|1
|-unboost|p1b: Gholdengo|spe|1
|move|p2b: Amoonguss|Spore|p1a: Amoonguss
|-immune|p1a: Amoonguss
|
|upkeep
|turn|3
|inactive|DomDaBomb886 has 30 seconds left.
|
|t:|1756928380
|move|p2a: Milotic|Icy Wind|p1b: Gholdengo|[spread] p1a,p1b
|-supereffective|p1a: Amoonguss
|-resisted|p1b: Gholdengo
|-damage|p1a: Amoonguss|70/100
|-damage|p1b: Gholdengo|81/100
|-unboost|p1a: Amoonguss|spe|1
|-unboost|p1b: Gholdengo|spe|1
|move|p1b: Gholdengo|Shadow Ball|p2b: Amoonguss
|-damage|p2b: Amoonguss|23/100
|-enditem|p2b: Amoonguss|Sitrus Berry|[eat]
|-heal|p2b: Amoonguss|48/100|[from] item: Sitrus Berry
|-damage|p1b: Gholdengo|71/100|[from] item: Life Orb
|move|p2b: Amoonguss|Pollen Puff|p1b: Gholdengo
|-resisted|p1b: Gholdengo
|-damage|p1b: Gholdengo|66/100
|move|p1a: Amoonguss|Pollen Puff|p1b: Gholdengo
|-heal|p1b: Gholdengo|100/100
|
|upkeep
|turn|4
|inactive|DomDaBomb886 has 30 seconds left.
|inactive|Sedrav has 30 seconds left.
|inactive|DomDaBomb886 has 20 seconds left.
|
|t:|1756928420
|switch|p2b: Tyranitar|Tyranitar, L50, F|100/100
|-weather|Sandstorm|[from] ability: Sand Stream|[of] p2b: Tyranitar
|move|p1a: Amoonguss|Protect|p1a: Amoonguss
|-singleturn|p1a: Amoonguss|Protect
|move|p2a: Milotic|Icy Wind|p1b: Gholdengo|[spread] p1b
|-activate|p1a: Amoonguss|move: Protect
|-resisted|p1b: Gholdengo
|-damage|p1b: Gholdengo|95/100
|-unboost|p1b: Gholdengo|spe|1
|move|p1b: Gholdengo|Shadow Ball|p2b: Tyranitar
|-resisted|p2b: Tyranitar
|-damage|p2b: Tyranitar|91/100
|-damage|p1b: Gholdengo|85/100|[from] item: Life Orb
|
|-weather|Sandstorm|[upkeep]
|-damage|p1a: Amoonguss|64/100|[from] Sandstorm
|upkeep
|turn|5
|inactive|DomDaBomb886 has 30 seconds left.
|inactive|Sedrav has 30 seconds left.
|inactive|Sedrav has 20 seconds left.
|
|t:|1756928458
|switch|p2b: Gholdengo|Gholdengo, L50|100/100
|-terastallize|p1a: Amoonguss|Water
|move|p1b: Gholdengo|Protect|p1b: Gholdengo
|-singleturn|p1b: Gholdengo|Protect
|move|p2a: Milotic|Scald|p1b: Gholdengo
|-activate|p1b: Gholdengo|move: Protect
|move|p1a: Amoonguss|Spore|p2b: Gholdengo
|-immune|p2b: Gholdengo|[from] ability: Good as Gold
|
|-weather|Sandstorm|[upkeep]
|-damage|p1a: Amoonguss|58/100|[from] Sandstorm
|upkeep
|turn|6
|inactive|Sedrav has 30 seconds left.
|
|t:|1756928491
|switch|p1a: Dragonite|Dragonite, L50, M|100/100
|-terastallize|p2b: Gholdengo|Flying
|move|p2b: Gholdengo|Nasty Plot|p2b: Gholdengo
|-boost|p2b: Gholdengo|spa|2
|move|p2a: Milotic|Icy Wind|p1b: Gholdengo|[spread] p1a,p1b
|-supereffective|p1a: Dragonite
|-resisted|p1b: Gholdengo
|-damage|p1a: Dragonite|79/100
|-damage|p1b: Gholdengo|80/100
|-unboost|p1a: Dragonite|spe|1
|-unboost|p1b: Gholdengo|spe|1
|move|p1b: Gholdengo|Shadow Ball|p2b: Gholdengo
|-crit|p2b: Gholdengo
|-damage|p2b: Gholdengo|12/100
|-unboost|p2b: Gholdengo|spd|1
|-damage|p1b: Gholdengo|71/100|[from] item: Life Orb
|
|-weather|Sandstorm|[upkeep]
|-damage|p2b: Gholdengo|6/100|[from] Sandstorm
|-damage|p1a: Dragonite|73/100|[from] Sandstorm
|upkeep
|turn|7
|inactive|DomDaBomb886 has 30 seconds left.
|inactive|Sedrav has 30 seconds left.
|inactive|DomDaBomb886 has 20 seconds left.
|inactive|DomDaBomb886 has 15 seconds left.
|inactive|DomDaBomb886 has 10 seconds left.
|inactive|DomDaBomb886 has 5 seconds left.
|
|t:|1756928544
|switch|p2b: Tyranitar|Tyranitar, L50, F|91/100
|switch|p1b: Amoonguss|Amoonguss, L50, F, tera:Water|91/100
|move|p1a: Dragonite|Protect|p1a: Dragonite
|-singleturn|p1a: Dragonite|Protect
|move|p2a: Milotic|Icy Wind|p1b: Amoonguss|[spread] 
|-activate|p1a: Dragonite|move: Protect
|-miss|p2a: Milotic|p1b: Amoonguss
|
|-weather|Sandstorm|[upkeep]
|-damage|p1a: Dragonite|67/100|[from] Sandstorm
|-damage|p1b: Amoonguss|85/100|[from] Sandstorm
|upkeep
|turn|8
|inactive|DomDaBomb886 has 30 seconds left.
|inactive|Sedrav has 30 seconds left.
|
|t:|1756928572
|move|p2a: Milotic|Icy Wind|p1b: Amoonguss|[spread] p1a,p1b
|-supereffective|p1a: Dragonite
|-resisted|p1b: Amoonguss
|-damage|p1a: Dragonite|24/100
|-damage|p1b: Amoonguss|82/100
|-unboost|p1a: Dragonite|spe|1
|-unboost|p1b: Amoonguss|spe|1
|move|p2b: Tyranitar|Knock Off|p1b: Amoonguss
|-damage|p1b: Amoonguss|32/100
|-damage|p2b: Tyranitar|75/100|[from] item: Rocky Helmet|[of] p1b: Amoonguss
|-enditem|p1b: Amoonguss|Rocky Helmet|[from] move: Knock Off|[of] p2b: Tyranitar
|move|p1a: Dragonite|Tailwind|p1a: Dragonite
|-sidestart|p1: DomDaBomb886|move: Tailwind
|move|p1b: Amoonguss|Spore|p2b: Tyranitar
|-status|p2b: Tyranitar|slp|[from] move: Spore
|
|-weather|none
|upkeep
|turn|9
|inactive|DomDaBomb886 has 30 seconds left.
|inactive|Sedrav has 30 seconds left.
|
|t:|1756928601
|switch|p1b: Gholdengo|Gholdengo, L50|71/100
|move|p1a: Dragonite|Scale Shot|p2a: Milotic
|-damage|p2a: Milotic|90/100
|-damage|p2a: Milotic|77/100
|-damage|p2a: Milotic|65/100
|-damage|p2a: Milotic|53/100
|-hitcount|p2a: Milotic|4
|-unboost|p1a: Dragonite|def|1
|-boost|p1a: Dragonite|spe|1
|move|p2a: Milotic|Scald|p1a: Dragonite
|-resisted|p1a: Dragonite
|-damage|p1a: Dragonite|7/100
|cant|p2b: Tyranitar|slp
|
|upkeep
|turn|10
|inactive|DomDaBomb886 has 30 seconds left.
|
|t:|1756928631
|move|p1b: Gholdengo|Make It Rain|p2a: Milotic|[spread] p2a,p2b
|-resisted|p2a: Milotic
|-supereffective|p2b: Tyranitar
|-damage|p2a: Milotic|34/100
|-damage|p2b: Tyranitar|15/100 slp
|-unboost|p1b: Gholdengo|spa|1
|-damage|p1b: Gholdengo|61/100|[from] item: Life Orb
|move|p1a: Dragonite|Scale Shot|p2a: Milotic
|-damage|p2a: Milotic|23/100
|-damage|p2a: Milotic|12/100
|-damage|p2a: Milotic|0 fnt
|faint|p2a: Milotic
|-hitcount|p2: Milotic|3
|-unboost|p1a: Dragonite|def|1
|-boost|p1a: Dragonite|spe|1
|cant|p2b: Tyranitar|slp
|
|upkeep
|inactive|Sedrav has 30 seconds left.
|
|t:|1756928658
|switch|p2a: Amoonguss|Amoonguss, L50, M|81/100
|turn|11
|
|t:|1756928666
|switch|p1a: Amoonguss|Amoonguss, L50, F, tera:Water|66/100
|switch|p2b: Gholdengo|Gholdengo, L50, tera:Flying|6/100
|move|p1b: Gholdengo|Make It Rain|p2b: Gholdengo|[spread] p2a,p2b
|-damage|p2a: Amoonguss|53/100
|-damage|p2b: Gholdengo|0 fnt
|-unboost|p1b: Gholdengo|spa|1
|faint|p2b: Gholdengo
|-damage|p1b: Gholdengo|52/100|[from] item: Life Orb
|move|p2a: Amoonguss|Pollen Puff|p2: Gholdengo|[notarget]
|-fail|p2a: Amoonguss
|
|-sideend|p1: DomDaBomb886|move: Tailwind
|upkeep
|-message|Sedrav forfeited.
|
|win|DomDaBomb886
|l|☆Sedrav
|player|p2|
|j|☆Sedrav
|player|p2|Sedrav|265|
