|j|☆skywalkingchris
|j|☆Fr3gsy
|html|skywalkingchrisFr3gsy    
|uhtml|bestof|Game 1 of a best-of-3
|t:|1756312570
|gametype|doubles
|player|p1|skywalkingchris|169|1132
|player|p2|Fr3gsy|170|1038
|gen|9
|tier|[Gen 9] VGC 2025 Reg H (Bo3)
|rated|
|rule|Species Clause: Limit one of each Pokémon
|rule|Item Clause: Limit 1 of each item
|clearpoke
|poke|p1|Arcanine, L50, F|
|poke|p1|Girafarig, L50, M|
|poke|p1|Clefable, L50, M|
|poke|p1|Talonflame, L50, F|
|poke|p1|Dragapult, L50, F|
|poke|p1|Murkrow, L50, M|
|poke|p2|Volcarona, L50, F|
|poke|p2|Sinistcha, L50|
|poke|p2|Maushold, L50|
|poke|p2|Annihilape, L50, F|
|poke|p2|Grimmsnarl, L50, M|
|poke|p2|Rillaboom, L50, M|
|teampreview|4
|showteam|p1|Arcanine||SitrusBerry|Justified|ExtremeSpeed,Protect,PlayRough,FlareBlitz|||F|||50|,,,,,Normal]Girafarig||Eviolite|InnerFocus|BeatUp,PsychicNoise,ShadowBall,TrickRoom|||M|||50|,,,,,Poison]Clefable||Leftovers|Unaware|GrassKnot,Protect,Moonblast,FollowMe|||M|||50|,,,,,Fairy]Talonflame||CovertCloak|GaleWings|WillOWisp,FlareBlitz,BraveBird,Tailwind|||F|||50|,,,,,Flying]Dragapult||ChoiceBand|ClearBody|Uturn,DragonDarts,PhantomForce,SuckerPunch|||F|||50|,,,,,Dragon]Murkrow||FocusSash|Insomnia|SuckerPunch,Tailwind,SunnyDay,BraveBird|||M|||50|,,,,,Ghost
|showteam|p2|Volcarona||SitrusBerry|FlameBody|QuiverDance,Protect,FieryDance,BugBuzz|||F|||50|,,,,,Bug]Sinistcha||FocusSash|Hospitality|RagePowder,ShadowBall,Protect,MatchaGotcha||||||50|,,,,,Grass]Maushold||SafetyGoggles|FriendGuard|Protect,Taunt,FollowMe,SuperFang||||||50|,,,,,Normal]Annihilape||Leftovers|Defiant|BulkUp,DrainPunch,RageFist,Protect|||F|||50|,,,,,Fighting]Grimmsnarl||LightClay|Prankster|LightScreen,Reflect,SpiritBreak,FakeOut|||M|||50|,,,,,Dark]Rillaboom||AssaultVest|GrassySurge|FakeOut,Uturn,GrassyGlide,WoodHammer|||M|||50|,,,,,Grass
|
|t:|1756312618
|teamsize|p1|4
|teamsize|p2|4
|start
|switch|p1a: Talonflame|Talonflame, L50, F|100/100
|switch|p1b: Dragapult|Dragapult, L50, F|100/100
|switch|p2a: Volcarona|Volcarona, L50, F|100/100
|switch|p2b: Grimmsnarl|Grimmsnarl, L50, M|100/100
|turn|1
|
|t:|1756312652
|move|p2a: Volcarona|Protect|p2a: Volcarona
|-singleturn|p2a: Volcarona|Protect
|move|p1a: Talonflame|Brave Bird|p2a: Volcarona
|-activate|p2a: Volcarona|move: Protect
|move|p2b: Grimmsnarl|Reflect|p2b: Grimmsnarl
|-sidestart|p2: Fr3gsy|Reflect
|move|p1b: Dragapult|U-turn|p2b: Grimmsnarl
|-damage|p2b: Grimmsnarl|74/100
|
|t:|1756312672
|switch|p1b: Arcanine|Arcanine, L50, F|100/100|[from] U-turn
|
|upkeep
|turn|2
|
|t:|1756312700
|switch|p2a: Rillaboom|Rillaboom, L50, M|100/100
|-fieldstart|move: Grassy Terrain|[from] ability: Grassy Surge|[of] p2a: Rillaboom
|move|p1a: Talonflame|Brave Bird|p2a: Rillaboom
|-supereffective|p2a: Rillaboom
|-damage|p2a: Rillaboom|46/100
|-damage|p1a: Talonflame|76/100|[from] Recoil
|move|p1b: Arcanine|Play Rough|p2b: Grimmsnarl
|-supereffective|p2b: Grimmsnarl
|-damage|p2b: Grimmsnarl|24/100
|move|p2b: Grimmsnarl|Spirit Break|p1a: Talonflame
|-resisted|p1a: Talonflame
|-damage|p1a: Talonflame|54/100
|
|-heal|p2a: Rillaboom|52/100|[from] Grassy Terrain
|-heal|p2b: Grimmsnarl|30/100|[from] Grassy Terrain
|upkeep
|turn|3
|
|t:|1756312733
|switch|p1a: Girafarig|Girafarig, L50, M|100/100
|switch|p2b: Sinistcha|Sinistcha, L50|100/100
|-heal|p2a: Rillaboom|76/100|[from] ability: Hospitality|[of] p2b: Sinistcha
|move|p1b: Arcanine|Protect|p1b: Arcanine
|-singleturn|p1b: Arcanine|Protect
|move|p2a: Rillaboom|U-turn|p1b: Arcanine
|-activate|p1b: Arcanine|move: Protect
|
|-heal|p2a: Rillaboom|82/100|[from] Grassy Terrain
|upkeep
|turn|4
|
|t:|1756312761
|move|p1b: Arcanine|Flare Blitz|p2b: Sinistcha
|-supereffective|p2b: Sinistcha
|-damage|p2b: Sinistcha|48/100
|-damage|p1b: Arcanine|85/100|[from] Recoil
|move|p1a: Girafarig|Beat Up|p1b: Arcanine
|-crit|p1b: Arcanine
|-damage|p1b: Arcanine|81/100
|-ability|p1b: Arcanine|Justified|boost
|-boost|p1b: Arcanine|atk|1
|-damage|p1b: Arcanine|77/100
|-ability|p1b: Arcanine|Justified|boost
|-boost|p1b: Arcanine|atk|1
|-damage|p1b: Arcanine|73/100
|-ability|p1b: Arcanine|Justified|boost
|-boost|p1b: Arcanine|atk|1
|-damage|p1b: Arcanine|71/100
|-ability|p1b: Arcanine|Justified|boost
|-boost|p1b: Arcanine|atk|1
|-hitcount|p1b: Arcanine|4
|move|p2a: Rillaboom|U-turn|p1a: Girafarig
|-supereffective|p1a: Girafarig
|-damage|p1a: Girafarig|71/100
|
|t:|1756312780
|switch|p2a: Grimmsnarl|Grimmsnarl, L50, M|30/100|[from] U-turn
|move|p2b: Sinistcha|Shadow Ball|p1b: Arcanine
|-damage|p1b: Arcanine|38/100
|-enditem|p1b: Arcanine|Sitrus Berry|[eat]
|-heal|p1b: Arcanine|63/100|[from] item: Sitrus Berry
|
|-heal|p1b: Arcanine|69/100|[from] Grassy Terrain
|-heal|p1a: Girafarig|77/100|[from] Grassy Terrain
|-heal|p2b: Sinistcha|54/100|[from] Grassy Terrain
|-heal|p2a: Grimmsnarl|36/100|[from] Grassy Terrain
|upkeep
|turn|5
|
|t:|1756312802
|move|p1b: Arcanine|Protect|p1b: Arcanine
|-singleturn|p1b: Arcanine|Protect
|move|p2a: Grimmsnarl|Fake Out|p1b: Arcanine
|-activate|p1b: Arcanine|move: Protect
|move|p1a: Girafarig|Psychic Noise|p2b: Sinistcha
|-damage|p2b: Sinistcha|26/100
|-start|p2b: Sinistcha|move: Heal Block
|move|p2b: Sinistcha|Shadow Ball|p1b: Arcanine
|-activate|p1b: Arcanine|move: Protect
|
|-heal|p1b: Arcanine|75/100|[from] Grassy Terrain
|-heal|p1a: Girafarig|84/100|[from] Grassy Terrain
|-heal|p2a: Grimmsnarl|42/100|[from] Grassy Terrain
|upkeep
|turn|6
|
|t:|1756312827
|switch|p2b: Volcarona|Volcarona, L50, F|100/100
|switch|p2a: Rillaboom|Rillaboom, L50, M|82/100
|move|p1b: Arcanine|Extreme Speed|p2a: Rillaboom
|-damage|p2a: Rillaboom|43/100
|move|p1a: Girafarig|Shadow Ball|p2b: Volcarona
|-damage|p2b: Volcarona|84/100
|
|-heal|p1b: Arcanine|82/100|[from] Grassy Terrain
|-heal|p2b: Volcarona|90/100|[from] Grassy Terrain
|-heal|p1a: Girafarig|90/100|[from] Grassy Terrain
|-heal|p2a: Rillaboom|49/100|[from] Grassy Terrain
|-fieldend|move: Grassy Terrain
|upkeep
|turn|7
|
|t:|1756312862
|switch|p1a: Dragapult|Dragapult, L50, F|100/100
|move|p1b: Arcanine|Flare Blitz|p2a: Rillaboom
|-supereffective|p2a: Rillaboom
|-damage|p2a: Rillaboom|0 fnt
|faint|p2a: Rillaboom
|-damage|p1b: Arcanine|65/100|[from] Recoil
|move|p2b: Volcarona|Quiver Dance|p2b: Volcarona
|-boost|p2b: Volcarona|spa|1
|-boost|p2b: Volcarona|spd|1
|-boost|p2b: Volcarona|spe|1
|
|upkeep
|
|t:|1756312874
|switch|p2a: Sinistcha|Sinistcha, L50|26/100
|-heal|p2b: Volcarona|100/100|[from] ability: Hospitality|[of] p2a: Sinistcha
|turn|8
|
|t:|1756312886
|move|p1b: Arcanine|Extreme Speed|p2b: Volcarona
|-damage|p2b: Volcarona|57/100
|move|p2a: Sinistcha|Rage Powder|p2a: Sinistcha
|-singleturn|p2a: Sinistcha|move: Rage Powder
|move|p1a: Dragapult|Dragon Darts|p2a: Sinistcha
|-damage|p2a: Sinistcha|6/100
|-anim|p1a: Dragapult|Dragon Darts|p2a: Sinistcha
|-damage|p2a: Sinistcha|0 fnt
|faint|p2a: Sinistcha
|move|p2b: Volcarona|Quiver Dance|p2b: Volcarona
|-boost|p2b: Volcarona|spa|1
|-boost|p2b: Volcarona|spd|1
|-boost|p2b: Volcarona|spe|1
|
|-sideend|p2: Fr3gsy|Reflect
|upkeep
|
|t:|1756312900
|switch|p2a: Grimmsnarl|Grimmsnarl, L50, M|42/100
|turn|9
|
|t:|1756312915
|move|p1b: Arcanine|Protect|p1b: Arcanine
|-singleturn|p1b: Arcanine|Protect
|move|p2a: Grimmsnarl|Fake Out|p1b: Arcanine
|-activate|p1b: Arcanine|move: Protect
|move|p2b: Volcarona|Fiery Dance|p1a: Dragapult
|-resisted|p1a: Dragapult
|-damage|p1a: Dragapult|52/100
|-boost|p2b: Volcarona|spa|1
|move|p1a: Dragapult|Dragon Darts|p2b: Volcarona
|-crit|p2b: Volcarona
|-damage|p2b: Volcarona|0 fnt
|faint|p2b: Volcarona
|
|upkeep
|turn|10
|
|t:|1756312933
|switch|p1a: Girafarig|Girafarig, L50, M|90/100
|move|p1b: Arcanine|Extreme Speed|p2a: Grimmsnarl
|-damage|p2a: Grimmsnarl|0 fnt
|faint|p2a: Grimmsnarl
|
|win|skywalkingchris
||Fr3gsy is ready for game 2.
