|j|☆petethatgamesTTV
|j|☆jsgehsgensu
|html|petethatgamesTTVjsgehsgensu    
|uhtml|bestof|Game 1 of a best-of-3
|t:|1782309531
|gametype|doubles
|player|p1|petethatgamesTTV|265|1000
|player|p2|jsgehsgensu|dawn|1000
|gen|9
|tier|[Gen 9 Champions] VGC 2026 Reg M-B (Bo3)
|rated|
|rule|Species Clause: Limit one of each Pokémon
|rule|Item Clause: Limit 1 of each item
|clearpoke
|poke|p1|Whimsicott, L50, M|
|poke|p1|Staraptor, L50, F|
|poke|p1|Garchomp, L50, M|
|poke|p1|Gholdengo, L50|
|poke|p1|Basculegion, L50, M|
|poke|p1|Typhlosion-Hisui, L50, M|
|poke|p2|Slowking, L50, F|
|poke|p2|Banette, L50, M|
|poke|p2|Aegislash, L50, F|
|poke|p2|Toxapex, L50, F|
|poke|p2|Arcanine-Hisui, L50, M|
|poke|p2|Golurk, L50|
|teampreview|4
|showteam|p1|Whimsicott||FocusSash|Prankster|Tickle,Tailwind,Moonblast,FakeTears|Timid||M|||50|]Staraptor||Staraptite|Intimidate|BraveBird,CloseCombat,Roost,Protect|Jolly||F|||50|]Garchomp||RoseliBerry|RoughSkin|DragonClaw,StompingTantrum,RockTomb,PoisonJab|Jolly||M|||50|]Gholdengo||LifeOrb|GoodasGold|MakeItRain,ShadowBall,PowerGem,Protect|Modest|||||50|]Basculegion||MysticWater|Adaptability|WaveCrash,LastRespects,AquaJet,Protect|Adamant||M|||50|]Typhlosion-Hisui||ChoiceScarf|Frisk|Eruption,HeatWave,BurnUp,ShadowBall|Modest||M|||50|
|showteam|p2|Slowking||FocusSash|OwnTempo|TrickRoom,HealPulse,Swagger,Protect|Relaxed||F|||50|]Banette||Banettite|Insomnia|SkillSwap,SuckerPunch,ShadowClaw,Protect|Adamant||M|||50|]Aegislash||LifeOrb|StanceChange|SacredSword,RockSlide,KingsShield,GyroBall|Brave||F|||50|]Toxapex||Leftovers|Regenerator|Toxic,ToxicSpikes,Haze,Venoshock|Quiet||F|||50|]Arcanine-Hisui||ChoiceScarf|RockHead|FlareBlitz,HeadSmash,ExtremeSpeed,WildCharge|Adamant||M|||50|]Golurk||MuscleBand|IronFist|DrainPunch,Earthquake,StealthRock,GyroBall|Adamant|||||50|
|inactive|Battle timer is ON: inactive players will automatically lose when time's up. (requested by jsgehsgensu)
|
|t:|1782309557
|teamsize|p1|4
|teamsize|p2|4
|start
|switch|p1a: Whimsicott|Whimsicott, L50, M|100/100
|switch|p1b: Basculegion|Basculegion, L50, M|100/100
|switch|p2a: Slowking|Slowking, L50, F|100/100
|switch|p2b: Banette|Banette, L50, M|100/100
|turn|1
|inactive|jsgehsgensu has 30 seconds left.
|inactive|jsgehsgensu has 20 seconds left.
|inactive|jsgehsgensu has 15 seconds left.
|inactive|jsgehsgensu has 10 seconds left.
|inactive|jsgehsgensu has 5 seconds left.
|
|t:|1782309612
|switch|p1b: Staraptor|Staraptor, L50, F|100/100
|-ability|p1b: Staraptor|Intimidate|boost
|-fail|p2a: Slowking|unboost|Attack|[from] ability: Own Tempo|[of] p2a: Slowking
|-unboost|p2b: Banette|atk|1
|move|p1a: Whimsicott|Tailwind|p1a: Whimsicott
|-sidestart|p1: petethatgamesTTV|move: Tailwind
|move|p2b: Banette|Skill Swap|p1b: Staraptor
|-activate|p2b: Banette|Skill Swap|Intimidate|Insomnia|[of] p1b: Staraptor
|-ability|p2b: Banette|Intimidate|boost
|-unboost|p1a: Whimsicott|atk|1
|-unboost|p1b: Staraptor|atk|1
|move|p2a: Slowking|Trick Room|p2a: Slowking
|-fieldstart|move: Trick Room|[of] p2a: Slowking
|
|upkeep
|turn|2
|inactive|petethatgamesTTV has 30 seconds left.
|inactive|jsgehsgensu has 30 seconds left.
|inactive|petethatgamesTTV has 20 seconds left.
|inactive|jsgehsgensu has 20 seconds left.
|inactive|petethatgamesTTV has 15 seconds left.
|inactive|jsgehsgensu has 15 seconds left.
|inactive|petethatgamesTTV has 10 seconds left.
|inactive|jsgehsgensu has 10 seconds left.
|inactive|petethatgamesTTV has 5 seconds left.
|inactive|jsgehsgensu has 5 seconds left.
|
|t:|1782309668
|detailschange|p1b: Staraptor|Staraptor-Mega, L50, F
|-mega|p1b: Staraptor|Staraptor|Staraptite
|move|p1a: Whimsicott|Tickle|p1b: Staraptor
|-boost|p1b: Staraptor|atk|1
|-boost|p1b: Staraptor|def|1
|move|p2b: Banette|Skill Swap|p1b: Staraptor
|-activate|p2b: Banette|Skill Swap|Contrary|Intimidate|[of] p1b: Staraptor
|-ability|p1b: Staraptor|Intimidate|boost
|-fail|p2a: Slowking|unboost|Attack|[from] ability: Own Tempo|[of] p2a: Slowking
|-boost|p2b: Banette|atk|1
|move|p1b: Staraptor|Brave Bird|p2a: Slowking
|-damage|p2a: Slowking|46/100
|-damage|p1b: Staraptor|77/100|[from] Recoil
|move|p2a: Slowking|Trick Room|p2a: Slowking
|-fieldend|move: Trick Room
|
|upkeep
|turn|3
|inactive|petethatgamesTTV has 30 seconds left.
|inactive|jsgehsgensu has 30 seconds left.
|inactive|petethatgamesTTV has 20 seconds left.
|inactive|jsgehsgensu has 20 seconds left.
|inactive|jsgehsgensu has 15 seconds left.
|inactive|jsgehsgensu has 10 seconds left.
|inactive|jsgehsgensu has 5 seconds left.
|
|t:|1782309723
|move|p1a: Whimsicott|Moonblast|p2b: Banette
|-damage|p2b: Banette|54/100
|move|p1b: Staraptor|Brave Bird|p2a: Slowking
|-damage|p2a: Slowking|0 fnt
|faint|p2a: Slowking
|-damage|p1b: Staraptor|58/100|[from] Recoil
|move|p2b: Banette|Skill Swap|p1b: Staraptor
|-activate|p2b: Banette|Skill Swap|Intimidate|Contrary|[of] p1b: Staraptor
|-ability|p2b: Banette|Intimidate|boost
|-unboost|p1a: Whimsicott|atk|1
|-boost|p1b: Staraptor|atk|1
|
|upkeep
|inactive|jsgehsgensu has 30 seconds left.
|inactive|jsgehsgensu has 20 seconds left.
|inactive|jsgehsgensu has 15 seconds left.
|inactive|jsgehsgensu has 10 seconds left.
|inactive|jsgehsgensu has 5 seconds left.
|
|t:|1782309778
|switch|p2a: Toxapex|Toxapex, L50, F|100/100
|turn|4
|inactive|jsgehsgensu has 30 seconds left.
|inactive|jsgehsgensu has 20 seconds left.
|inactive|jsgehsgensu has 15 seconds left.
|inactive|jsgehsgensu has 10 seconds left.
|inactive|jsgehsgensu has 5 seconds left.
|
|t:|1782309833
|switch|p1b: Gholdengo|Gholdengo, L50|100/100
|move|p1a: Whimsicott|Fake Tears|p2a: Toxapex
|-unboost|p2a: Toxapex|spd|2
|move|p2b: Banette|Skill Swap|p1a: Whimsicott
|-activate|p2b: Banette|Skill Swap|Prankster|Intimidate|[of] p1a: Whimsicott
|-ability|p1a: Whimsicott|Intimidate|boost
|-unboost|p2a: Toxapex|atk|1
|-unboost|p2b: Banette|atk|1
|move|p2a: Toxapex|Toxic|p1a: Whimsicott
|-status|p1a: Whimsicott|tox
|
|-damage|p1a: Whimsicott|94/100 tox|[from] psn
|-sideend|p1: petethatgamesTTV|move: Tailwind
|upkeep
|turn|5
|inactive|jsgehsgensu has 30 seconds left.
|inactive|jsgehsgensu has 20 seconds left.
|inactive|jsgehsgensu has 15 seconds left.
|inactive|jsgehsgensu has 10 seconds left.
|inactive|jsgehsgensu has 5 seconds left.
|
|t:|1782309888
|move|p2b: Banette|Skill Swap|p1b: Gholdengo
|-immune|p1b: Gholdengo|[from] ability: Good as Gold
|move|p1a: Whimsicott|Tailwind|p1a: Whimsicott
|-sidestart|p1: petethatgamesTTV|move: Tailwind
|move|p1b: Gholdengo|Make It Rain|p2b: Banette|[spread] p2a,p2b
|-resisted|p2a: Toxapex|1
|-damage|p2a: Toxapex|48/100
|-damage|p2b: Banette|0 fnt
|-unboost|p1b: Gholdengo|spa|2
|faint|p2b: Banette
|-damage|p1b: Gholdengo|90/100|[from] item: Life Orb
|move|p2a: Toxapex|Toxic|p1a: Whimsicott
|-fail|p1a: Whimsicott|tox
|
|-heal|p2a: Toxapex|54/100|[from] item: Leftovers
|-damage|p1a: Whimsicott|82/100 tox|[from] psn
|upkeep
|
|t:|1782309908
|switch|p2b: Aegislash|Aegislash, L50, F|100/100
|turn|6
|inactive|petethatgamesTTV has 30 seconds left.
|
|t:|1782309934
|move|p1a: Whimsicott|Moonblast|p2b: Aegislash
|-resisted|p2b: Aegislash|1
|-damage|p2b: Aegislash|85/100
|-unboost|p2b: Aegislash|spa|1
|move|p1b: Gholdengo|Shadow Ball|p2b: Aegislash
|-supereffective|p2b: Aegislash|1
|-damage|p2b: Aegislash|38/100
|-damage|p1b: Gholdengo|80/100|[from] item: Life Orb
|-formechange|p2b: Aegislash|Aegislash-Blade|
|move|p2b: Aegislash|Gyro Ball|p1a: Whimsicott
|-supereffective|p1a: Whimsicott|1
|-damage|p1a: Whimsicott|0 fnt
|faint|p1a: Whimsicott
|-damage|p2b: Aegislash|29/100|[from] item: Life Orb
|move|p2a: Toxapex|Toxic Spikes|p1b: Gholdengo
|-sidestart|p1: petethatgamesTTV|move: Toxic Spikes
|
|-heal|p2a: Toxapex|60/100|[from] item: Leftovers
|upkeep
|
|t:|1782309955
|switch|p1a: Staraptor|Staraptor-Mega, L50, F|58/100
|turn|7
|
|t:|1782309966
|-formechange|p2b: Aegislash|Aegislash|
|move|p2b: Aegislash|King's Shield|p2b: Aegislash
|-singleturn|p2b: Aegislash|Protect
|move|p1a: Staraptor|Close Combat|p2a: Toxapex
|-resisted|p2a: Toxapex|1
|-damage|p2a: Toxapex|37/100
|-boost|p1a: Staraptor|def|1
|-boost|p1a: Staraptor|spd|1
|move|p1b: Gholdengo|Make It Rain|p2b: Aegislash|[spread] p2a
|-activate|p2b: Aegislash|move: Protect
|-resisted|p2a: Toxapex|1
|-damage|p2a: Toxapex|11/100
|-unboost|p1b: Gholdengo|spa|2
|-damage|p1b: Gholdengo|70/100|[from] item: Life Orb
|move|p2a: Toxapex|Toxic Spikes|p1a: Staraptor
|-sidestart|p1: petethatgamesTTV|move: Toxic Spikes
|
|-heal|p2a: Toxapex|17/100|[from] item: Leftovers
|upkeep
|turn|8
|inactive|jsgehsgensu has 30 seconds left.
|inactive|petethatgamesTTV has 30 seconds left.
|
|t:|1782310000
|move|p1a: Staraptor|Roost|p1a: Staraptor
|-heal|p1a: Staraptor|100/100
|-singleturn|p1a: Staraptor|move: Roost
|move|p1b: Gholdengo|Make It Rain|p2a: Toxapex|[spread] p2a,p2b
|-resisted|p2a: Toxapex|1
|-resisted|p2b: Aegislash|1
|-damage|p2a: Toxapex|0 fnt
|-damage|p2b: Aegislash|19/100
|-unboost|p1b: Gholdengo|spa|2
|faint|p2a: Toxapex
|-damage|p1b: Gholdengo|60/100|[from] item: Life Orb
|-formechange|p2b: Aegislash|Aegislash-Blade|
|move|p2b: Aegislash|Rock Slide|p1a: Staraptor|[spread] p1a,p1b
|-resisted|p1a: Staraptor|1
|-resisted|p1b: Gholdengo|1
|-damage|p1a: Staraptor|91/100
|-damage|p1b: Gholdengo|47/100
|-damage|p2b: Aegislash|10/100|[from] item: Life Orb
|
|-sideend|p1: petethatgamesTTV|move: Tailwind
|upkeep
|turn|9
|inactive|jsgehsgensu has 25 seconds left this turn.
|inactive|jsgehsgensu has 20 seconds left.
|inactive|jsgehsgensu has 15 seconds left.
|inactive|jsgehsgensu has 10 seconds left.
|
|t:|1782310025
|switch|p1b: Basculegion|Basculegion, L50, M|100/100
|-status|p1b: Basculegion|tox
|move|p1a: Staraptor|Protect|p1a: Staraptor
|-singleturn|p1a: Staraptor|Protect
|move|p2b: Aegislash|Sacred Sword|p1a: Staraptor
|-activate|p1a: Staraptor|move: Protect
|
|-damage|p1b: Basculegion|93/100 tox|[from] psn
|upkeep
|turn|10
|inactive|jsgehsgensu has 10 seconds left this turn.
|-message|jsgehsgensu forfeited.
|raw|petethatgamesTTV's rating: 1000 → 1040(+40 for winning)
|raw|jsgehsgensu's rating: 1000 → 1000(+0 for losing)
|
|win|petethatgamesTTV
