|j|☆throat chop user
|j|☆bumbumsujo
|html|throat chop userbumbumsujo    
|uhtml|bestof|Game 1 of a best-of-3
|t:|1782961881
|gametype|doubles
|player|p1|throat chop user|266|1378
|player|p2|bumbumsujo|dawn|1491
|gen|9
|tier|[Gen 9 Champions] VGC 2026 Reg M-B (Bo3)
|rated|
|rule|Species Clause: Limit one of each Pokémon
|rule|Item Clause: Limit 1 of each item
|clearpoke
|poke|p1|Charizard, L50, F|
|poke|p1|Farigiraf, L50, F, shiny|
|poke|p1|Venusaur, L50, F|
|poke|p1|Garchomp, L50, M|
|poke|p1|Incineroar, L50, F|
|poke|p1|Sylveon, L50, M|
|poke|p2|Gardevoir, L50, M|
|poke|p2|Talonflame, L50, M|
|poke|p2|Maushold-Four, L50|
|poke|p2|Kingambit, L50, F|
|poke|p2|Kommo-o, L50, M|
|poke|p2|Basculegion, L50, M|
|teampreview|4
|showteam|p1|Charizard||CharizarditeY|Blaze|HeatWave,WeatherBall,SolarBeam,Protect|Modest||F|||50|]Farigiraf||ColburBerry|ArmorTail|Psychic,Thunderbolt,HelpingHand,TrickRoom|Quiet||F|||50|]Venusaur||FocusSash|Chlorophyll|LeafStorm,SludgeBomb,SleepPowder,Protect|Modest||F|||50|]Garchomp||LifeOrb|RoughSkin|RockSlide,DragonClaw,Earthquake,Protect|Jolly||M|||50|]Incineroar||SitrusBerry|Intimidate|FlareBlitz,DarkestLariat,PartingShot,FakeOut|Careful||F|||50|]Sylveon||FairyFeather|Pixilate|HyperVoice,HyperBeam,QuickAttack,Protect|Modest||M|||50|
|showteam|p2|Gardevoir||Gardevoirite|Trace|HyperVoice,Psychic,Thunderbolt,Protect|Modest||M|||50|]Talonflame||SharpBeak|GaleWings|DualWingbeat,FlareBlitz,Tailwind,Protect|Jolly||M|||50|]Maushold-Four||FocusSash|FriendGuard|SuperFang,Taunt,FollowMe,Protect|Jolly|||||50|]Kingambit||ExpertBelt|Defiant|KowtowCleave,SuckerPunch,LowKick,IronHead|Jolly||F|||50|]Kommo-o||LifeOrb|Soundproof|ClangingScales,ThunderPunch,AuraSphere,Protect|Mild||M|||50|]Basculegion||ChoiceScarf|Adaptability|WaveCrash,LastRespects,AquaJet,FlipTurn|Jolly||M|||50|
|j| RBPW1
|
|t:|1782961978
|teamsize|p1|4
|teamsize|p2|4
|start
|switch|p1a: Charizard|Charizard, L50, F|100/100
|switch|p1b: Sylveon|Sylveon, L50, M|100/100
|switch|p2a: Gardevoir|Gardevoir, L50, M|100/100
|switch|p2b: Talonflame|Talonflame, L50, M|100/100
|-ability|p2a: Gardevoir|Blaze|Trace|[from] ability: Trace|[of] p1a: Charizard
|turn|1
|
|t:|1782962001
|switch|p1a: Incineroar|Incineroar, L50, F|100/100
|-ability|p1a: Incineroar|Intimidate|boost
|-unboost|p2a: Gardevoir|atk|1
|-unboost|p2b: Talonflame|atk|1
|detailschange|p2a: Gardevoir|Gardevoir-Mega, L50, M
|-mega|p2a: Gardevoir|Gardevoir|Gardevoirite
|move|p2b: Talonflame|Flare Blitz|p1a: Incineroar
|-resisted|p1a: Incineroar|1
|-damage|p1a: Incineroar|87/100
|-damage|p2b: Talonflame|94/100|[from] Recoil
|move|p2a: Gardevoir|Thunderbolt|p1a: Incineroar
|-damage|p1a: Incineroar|58/100
|move|p1b: Sylveon|Hyper Voice|p2a: Gardevoir|[spread] p2a,p2b
|-resisted|p2b: Talonflame|1
|-damage|p2a: Gardevoir|60/100
|-damage|p2b: Talonflame|55/100
|
|upkeep
|turn|2
|
|t:|1782962024
|switch|p2b: Basculegion|Basculegion, L50, M|100/100
|move|p2a: Gardevoir|Protect|p2a: Gardevoir
|-singleturn|p2a: Gardevoir|Protect
|move|p1a: Incineroar|Fake Out|p2a: Gardevoir
|-activate|p2a: Gardevoir|move: Protect
|move|p1b: Sylveon|Hyper Voice|p2a: Gardevoir|[spread] p2b
|-activate|p2a: Gardevoir|move: Protect
|-damage|p2b: Basculegion|45/100
|
|upkeep
|turn|3
|
|t:|1782962043
|move|p2b: Basculegion|Flip Turn|p1a: Incineroar
|-supereffective|p1a: Incineroar|1
|-damage|p1a: Incineroar|0 fnt
|faint|p1a: Incineroar
|
|t:|1782962046
|switch|p2b: Talonflame|Talonflame, L50, M|55/100|[from] Flip Turn
|move|p2a: Gardevoir|Hyper Voice|p1b: Sylveon
|-damage|p1b: Sylveon|46/100
|move|p1b: Sylveon|Hyper Voice|p2a: Gardevoir|[spread] p2a,p2b
|-resisted|p2b: Talonflame|1
|-damage|p2a: Gardevoir|15/100
|-damage|p2b: Talonflame|20/100y
|
|upkeep
|
|t:|1782962069
|switch|p1a: Farigiraf|Farigiraf, L50, F, shiny|100/100
|turn|4
|inactive|Battle timer is ON: inactive players will automatically lose when time's up. (requested by throat chop user)
|
|t:|1782962082
|move|p1b: Sylveon|Quick Attack|p2a: Gardevoir
|-damage|p2a: Gardevoir|0 fnt
|faint|p2a: Gardevoir
|move|p2b: Talonflame|Flare Blitz|p1a: Farigiraf
|-damage|p1a: Farigiraf|55/100
|-damage|p2b: Talonflame|0 fnt|[from] Recoil
|faint|p2b: Talonflame
|move|p1a: Farigiraf|Trick Room|p1a: Farigiraf
|-fieldstart|move: Trick Room|[of] p1a: Farigiraf
|
|upkeep
|
|t:|1782962086
|switch|p2a: Basculegion|Basculegion, L50, M|45/100
|switch|p2b: Kingambit|Kingambit, L50, F|100/100
|turn|5
|-message|bumbumsujo forfeited.
|
|win|throat chop user
||bumbumsujo is ready for game 2.
||bumbumsujo is ready for game 2.
