|j|☆spori
|j|☆HeroOfHydrangea
|html|sporiHeroOfHydrangea    
|uhtml|bestof|Game 1 of a best-of-3
|t:|1783619819
|gametype|doubles
|player|p1|spori|170|1102
|player|p2|HeroOfHydrangea|2|1000
|gen|9
|tier|[Gen 9 Champions] VGC 2026 Reg M-B (Bo3)
|rated|
|rule|Species Clause: Limit one of each Pokémon
|rule|Item Clause: Limit 1 of each item
|clearpoke
|poke|p1|Floette-Eternal, L50, F|
|poke|p1|Sneasler, L50, F|
|poke|p1|Staraptor, L50, F|
|poke|p1|Garchomp, L50, F|
|poke|p1|Sinistcha, L50|
|poke|p1|Grimmsnarl, L50, M|
|poke|p2|Eelektross, L50, M|
|poke|p2|Espathra, L50, M|
|poke|p2|Incineroar, L50, M|
|poke|p2|Aerodactyl, L50, F|
|poke|p2|Mamoswine, L50, F|
|poke|p2|Maushold, L50|
|teampreview|4
|showteam|p1|Floette-Eternal||Floettite|FlowerVeil|Moonblast,LightofRuin,Protect,DrainingKiss|Modest||F|||50|]Sneasler||FocusSash|Unburden|FakeOut,Protect,CloseCombat,DireClaw|Jolly||F|||50|]Staraptor||Staraptite|Intimidate|Roost,CloseCombat,BraveBird,Protect|Adamant||F|||50|]Garchomp||LifeOrb|RoughSkin|RockSlide,Earthquake,Protect,DragonClaw|Adamant||F|||50|]Sinistcha||KasibBerry|Hospitality|RagePowder,MatchaGotcha,TrickRoom,Protect|Bold|||||50|]Grimmsnarl||LightClay|Prankster|Reflect,LightScreen,Protect,PartingShot|Lonely||M|||50|
|showteam|p2|Eelektross||Eelektrossite|Levitate|Thunderbolt,Flamethrower,GigaDrain,Protect|Modest||M|||50|]Espathra||MentalHerb|SpeedBoost|LuminaCrash,CalmMind,BatonPass,Protect|Timid||M|||50|]Incineroar||SitrusBerry|Intimidate|FakeOut,DarkestLariat,PartingShot,FlareBlitz|Careful||M|||50|]Aerodactyl||FocusSash|Unnerve|RockSlide,WideGuard,DualWingbeat,Tailwind|Jolly||F|||50|]Mamoswine||LifeOrb|Oblivious|IcicleSpear,IceShard,Earthquake,Protect|Adamant||F|||50|]Maushold||ChopleBerry|FriendGuard|SuperFang,FollowMe,Encore,Protect|Jolly|||||50|
|inactive|Battle timer is ON: inactive players will automatically lose when time's up. (requested by spori)
|
|t:|1783619867
|teamsize|p1|4
|teamsize|p2|4
|start
|switch|p1a: Floette|Floette-Eternal, L50, F|100/100
|switch|p1b: Grimmsnarl|Grimmsnarl, L50, M|100/100
|switch|p2a: Aerodactyl|Aerodactyl, L50, F|100/100
|switch|p2b: Mamoswine|Mamoswine, L50, F|100/100
|-ability|p2a: Aerodactyl|Unnerve
|turn|1
|inactive|HeroOfHydrangea has 30 seconds left.
|
|t:|1783619900
|detailschange|p1a: Floette|Floette-Mega, L50, F
|-mega|p1a: Floette|Floette|Floettite
|-ability|p1a: Floette|Fairy Aura
|move|p1b: Grimmsnarl|Reflect|p1b: Grimmsnarl
|-sidestart|p1: spori|Reflect
|move|p2a: Aerodactyl|Tailwind|p2a: Aerodactyl
|-sidestart|p2: HeroOfHydrangea|move: Tailwind
|move|p2b: Mamoswine|Earthquake|p1a: Floette|[spread] p1a,p1b
|-immune|p2a: Aerodactyl
|-damage|p1a: Floette|55/100
|-damage|p1b: Grimmsnarl|56/100
|-damage|p2b: Mamoswine|90/100|[from] item: Life Orb
|move|p1a: Floette|Moonblast|p2a: Aerodactyl
|-enditem|p2a: Aerodactyl|Focus Sash
|-damage|p2a: Aerodactyl|1/100
|
|upkeep
|turn|2
|inactive|spori has 30 seconds left.
|
|t:|1783619934
|move|p1b: Grimmsnarl|Parting Shot|p2b: Mamoswine
|-unboost|p2b: Mamoswine|atk|1
|-unboost|p2b: Mamoswine|spa|1
|
|t:|1783619937
|switch|p1b: Sneasler|Sneasler, L50, F|100/100|[from] Parting Shot
|move|p2a: Aerodactyl|Rock Slide|p1a: Floette|[spread] p1a,p1b
|-resisted|p1b: Sneasler|1
|-damage|p1a: Floette|34/100
|-damage|p1b: Sneasler|86/100
|move|p2b: Mamoswine|Earthquake|p1b: Sneasler|[spread] p1a,p1b
|-immune|p2a: Aerodactyl
|-supereffective|p1b: Sneasler|1
|-damage|p1a: Floette|3/100
|-damage|p1b: Sneasler|3/100
|-damage|p2b: Mamoswine|80/100|[from] item: Life Orb
|move|p1a: Floette|Draining Kiss|p2a: Aerodactyl
|-damage|p2a: Aerodactyl|0 fnt
|-heal|p1a: Floette|3/100|[from] drain|[of] p2a: Aerodactyl
|faint|p2a: Aerodactyl
|
|upkeep
|
|t:|1783619956
|switch|p2a: Incineroar|Incineroar, L50, M|100/100
|-ability|p2a: Incineroar|Intimidate|boost
|-unboost|p1a: Floette|atk|1
|-unboost|p1b: Sneasler|atk|1
|turn|3
|
|t:|1783619969
|move|p1b: Sneasler|Protect|p1b: Sneasler
|-singleturn|p1b: Sneasler|Protect
|move|p1a: Floette|Protect|p1a: Floette
|-singleturn|p1a: Floette|Protect
|move|p2a: Incineroar|Fake Out|p1a: Floette
|-activate|p1a: Floette|move: Protect
|move|p2b: Mamoswine|Ice Shard|p1a: Floette
|-activate|p1a: Floette|move: Protect
|
|upkeep
|turn|4
|
|t:|1783619993
|move|p2b: Mamoswine|Ice Shard|p1a: Floette
|-crit|p1a: Floette
|-damage|p1a: Floette|0 fnt
|faint|p1a: Floette
|-damage|p2b: Mamoswine|71/100|[from] item: Life Orb
|move|p1b: Sneasler|Close Combat|p2b: Mamoswine
|-supereffective|p2b: Mamoswine|1
|-damage|p2b: Mamoswine|0 fnt
|-unboost|p1b: Sneasler|def|1
|-unboost|p1b: Sneasler|spd|1
|faint|p2b: Mamoswine
|move|p2a: Incineroar|Parting Shot|p1b: Sneasler
|-unboost|p1b: Sneasler|atk|1
|-unboost|p1b: Sneasler|spa|1
|
|t:|1783620007
|switch|p2a: Eelektross|Eelektross, L50, M|100/100|[from] Parting Shot
|
|-sideend|p2: HeroOfHydrangea|move: Tailwind
|upkeep
|
|t:|1783620015
|switch|p1a: Garchomp|Garchomp, L50, F|100/100
|switch|p2b: Incineroar|Incineroar, L50, M|100/100
|-ability|p2b: Incineroar|Intimidate|boost
|-unboost|p1a: Garchomp|atk|1
|-unboost|p1b: Sneasler|atk|1
|turn|5
|inactive|spori has 30 seconds left.
|
|t:|1783620041
|detailschange|p2a: Eelektross|Eelektross-Mega, L50, M
|-mega|p2a: Eelektross|Eelektross|Eelektrossite
|move|p1a: Garchomp|Protect|p1a: Garchomp
|-singleturn|p1a: Garchomp|Protect
|move|p2b: Incineroar|Fake Out|p1b: Sneasler
|-damage|p1b: Sneasler|0 fnt
|faint|p1b: Sneasler
|move|p2a: Eelektross|Giga Drain|p1a: Garchomp
|-activate|p1a: Garchomp|move: Protect
|
|upkeep
|
|t:|1783620050
|switch|p1b: Grimmsnarl|Grimmsnarl, L50, M|56/100
|turn|6
|
|t:|1783620065
|move|p1b: Grimmsnarl|Light Screen|p1b: Grimmsnarl
|-sidestart|p1: spori|move: Light Screen
|move|p1a: Garchomp|Rock Slide|p2b: Incineroar|[spread] p2a,p2b
|-supereffective|p2b: Incineroar|1
|-damage|p2a: Eelektross|78/100
|-damage|p2b: Incineroar|69/100
|-damage|p1a: Garchomp|90/100|[from] item: Life Orb
|move|p2a: Eelektross|Giga Drain|p1a: Garchomp
|-damage|p1a: Garchomp|68/100
|-heal|p2a: Eelektross|89/100|[from] drain|[of] p1a: Garchomp
|move|p2b: Incineroar|Parting Shot|p1a: Garchomp
|-unboost|p1a: Garchomp|atk|1
|-unboost|p1a: Garchomp|spa|1
|
|upkeep
|turn|7
|
|t:|1783620082
|move|p1b: Grimmsnarl|Parting Shot|p2a: Eelektross
|-unboost|p2a: Eelektross|atk|1
|-unboost|p2a: Eelektross|spa|1
|move|p1a: Garchomp|Earthquake|p2a: Eelektross|[spread] p1b,p2b
|-immune|p2a: Eelektross|[from] ability: Eelevate
|-supereffective|p2b: Incineroar|1
|-damage|p1b: Grimmsnarl|34/100
|-damage|p2b: Incineroar|22/100
|-enditem|p2b: Incineroar|Sitrus Berry|[eat]
|-heal|p2b: Incineroar|47/100|[from] item: Sitrus Berry
|-damage|p1a: Garchomp|58/100|[from] item: Life Orb
|move|p2a: Eelektross|Giga Drain|p1a: Garchomp
|-damage|p1a: Garchomp|43/100
|-heal|p2a: Eelektross|98/100|[from] drain|[of] p1a: Garchomp
|move|p2b: Incineroar|Parting Shot|p1a: Garchomp
|-unboost|p1a: Garchomp|atk|1
|-unboost|p1a: Garchomp|spa|1
|
|upkeep
|turn|8
|
|t:|1783620102
|move|p1b: Grimmsnarl|Parting Shot|p2a: Eelektross
|-unboost|p2a: Eelektross|atk|1
|-unboost|p2a: Eelektross|spa|1
|move|p1a: Garchomp|Earthquake|p2a: Eelektross|[spread] p1b,p2b
|-immune|p2a: Eelektross|[from] ability: Eelevate
|-supereffective|p2b: Incineroar|1
|-damage|p1b: Grimmsnarl|16/100
|-damage|p2b: Incineroar|8/100
|-damage|p1a: Garchomp|33/100|[from] item: Life Orb
|move|p2a: Eelektross|Giga Drain|p1a: Garchomp
|-damage|p1a: Garchomp|23/100
|-heal|p2a: Eelektross|100/100|[from] drain|[of] p1a: Garchomp
|move|p2b: Incineroar|Darkest Lariat|p1a: Garchomp
|-damage|p1a: Garchomp|1/100
|-damage|p2b: Incineroar|0 fnt|[from] ability: Rough Skin|[of] p1a: Garchomp
|faint|p2b: Incineroar
|
|-sideend|p1: spori|Reflect
|upkeep
|turn|9
|
|t:|1783620123
|move|p1b: Grimmsnarl|Parting Shot|p2a: Eelektross
|-unboost|p2a: Eelektross|atk|1
|-unboost|p2a: Eelektross|spa|1
|move|p1a: Garchomp|Dragon Claw|p2a: Eelektross
|-damage|p2a: Eelektross|70/100
|-damage|p1a: Garchomp|0 fnt|[from] item: Life Orb
|faint|p1a: Garchomp
|move|p2a: Eelektross|Giga Drain|p1b: Grimmsnarl
|-damage|p1b: Grimmsnarl|8/100
|-heal|p2a: Eelektross|74/100|[from] drain|[of] p1b: Grimmsnarl
|
|upkeep
|turn|10
|
|t:|1783620134
|move|p1b: Grimmsnarl|Parting Shot|p2a: Eelektross
|-unboost|p2a: Eelektross|atk|1
|-unboost|p2a: Eelektross|spa|1
|move|p2a: Eelektross|Thunderbolt|p1b: Grimmsnarl
|-damage|p1b: Grimmsnarl|0 fnt
|faint|p1b: Grimmsnarl
|
|win|HeroOfHydrangea
