|j|☆ashnext
|j|☆Koraidonkoalition
|html|ashnextKoraidonkoalition    
|uhtml|bestof|Game 1 of a best-of-3
|t:|1785403736
|gametype|doubles
|player|p1|ashnext|102|1085
|player|p2|Koraidonkoalition|colress|1081
|gen|9
|tier|[Gen 9 Champions] VGC 2026 Reg M-B (Bo3)
|rated|
|rule|Species Clause: Limit one of each Pokémon
|rule|Item Clause: Limit 1 of each item
|clearpoke
|poke|p1|Staraptor, L50, F|
|poke|p1|Vanilluxe, L50, M|
|poke|p1|Farigiraf, L50, F|
|poke|p1|Blastoise, L50, M|
|poke|p1|Kingambit, L50, F|
|poke|p1|Camerupt, L50, F|
|poke|p2|Delphox, L50, M|
|poke|p2|Garchomp, L50, M|
|poke|p2|Sneasler, L50, F|
|poke|p2|Staraptor, L50, M|
|poke|p2|Kingambit, L50, M|
|poke|p2|Whimsicott, L50, M|
|teampreview|4
|showteam|p1|Staraptor||ChoiceScarf|Intimidate|FinalGambit,BraveBird,CloseCombat,Uturn|Jolly||F|||50|]Vanilluxe||NeverMeltIce|SnowWarning|Blizzard,FreezeDry,Protect,IceShard|Quiet||M|||50|]Farigiraf||SitrusBerry|ArmorTail|PsychicFangs,HyperVoice,HelpingHand,TrickRoom|Relaxed||F|||50|]Blastoise||Blastoisinite|RainDish|FakeOut,WaterSpout,AuraSphere,DarkPulse|Quiet||M|||50|]Kingambit||LifeOrb|Defiant|KowtowCleave,IronHead,Protect,SuckerPunch|Brave||F|||50|]Camerupt||Cameruptite|SolidRock|HeatWave,EarthPower,Protect,AncientPower|Quiet||F|||50|
|showteam|p2|Delphox||Delphoxite|Blaze|HeatWave,Psychic,Substitute,Protect|Modest||M|||50|]Garchomp||LifeOrb|RoughSkin|Earthquake,DragonClaw,RockSlide,Protect|Jolly||M|||50|]Sneasler||FocusSash|Unburden|CloseCombat,DireClaw,RockTomb,FakeOut|Naive||F|||50|]Staraptor||Staraptite|Intimidate|CloseCombat,DualWingbeat,Roost,Protect|Jolly||M|||50|]Kingambit||ChopleBerry|Defiant|KowtowCleave,SuckerPunch,IronHead,LowKick|Adamant||M|||50|]Whimsicott||OccaBerry|Prankster|Moonblast,Charm,Tailwind,LightScreen|Timid||M|||50|
|
|t:|1785403782
|teamsize|p1|4
|teamsize|p2|4
|start
|switch|p1a: Blastoise|Blastoise, L50, M|100/100
|switch|p1b: Staraptor|Staraptor, L50, F|100/100
|switch|p2a: Delphox|Delphox, L50, M|100/100
|switch|p2b: Sneasler|Sneasler, L50, F|100/100
|-ability|p1b: Staraptor|Intimidate|boost
|-unboost|p2a: Delphox|atk|1
|-unboost|p2b: Sneasler|atk|1
|turn|1
|inactive|Battle timer is ON: inactive players will automatically lose when time's up. (requested by ashnext)
|inactive|ashnext has 60 seconds left.
|
|t:|1785403832
|switch|p1b: Farigiraf|Farigiraf, L50, F|100/100
|detailschange|p1a: Blastoise|Blastoise-Mega, L50, M
|-mega|p1a: Blastoise|Blastoise|Blastoisinite
|move|p2a: Delphox|Protect|p2a: Delphox
|-singleturn|p2a: Delphox|Protect
|move|p2b: Sneasler|Rock Tomb|p1b: Farigiraf
|-damage|p1b: Farigiraf|89/100
|-unboost|p1b: Farigiraf|spe|1
|move|p1a: Blastoise|Water Spout|p2b: Sneasler|[spread] p2b
|-activate|p2a: Delphox|move: Protect
|-damage|p2b: Sneasler|7/100
|
|upkeep
|turn|2
|inactive|ashnext has 30 seconds left.
|inactive|ashnext has 20 seconds left.
|inactive|ashnext has 15 seconds left.
|inactive|ashnext has 10 seconds left.
|
|t:|1785403882
|switch|p1a: Staraptor|Staraptor, L50, F|100/100
|-ability|p1a: Staraptor|Intimidate|boost
|-unboost|p2a: Delphox|atk|1
|-unboost|p2b: Sneasler|atk|1
|detailschange|p2a: Delphox|Delphox-Mega, L50, M
|-mega|p2a: Delphox|Delphox|Delphoxite
|move|p2b: Sneasler|Dire Claw|p1a: Staraptor
|-damage|p1a: Staraptor|75/100
|-status|p1a: Staraptor|par
|move|p2a: Delphox|Psychic|p1a: Staraptor
|-damage|p1a: Staraptor|0 fnt
|faint|p1a: Staraptor
|move|p1b: Farigiraf|Trick Room|p1b: Farigiraf
|-fieldstart|move: Trick Room|[of] p1b: Farigiraf
|
|upkeep
|
|t:|1785403898
|switch|p1a: Blastoise|Blastoise-Mega, L50, M|100/100
|turn|3
|
|t:|1785403905
|move|p2a: Delphox|Protect|p2a: Delphox
|-singleturn|p2a: Delphox|Protect
|move|p1b: Farigiraf|Hyper Voice|p2b: Sneasler|[spread] p2b
|-activate|p2a: Delphox|move: Protect
|-damage|p2b: Sneasler|0 fnt
|faint|p2b: Sneasler
|move|p1a: Blastoise|Water Spout|p2a: Delphox
|-activate|p2a: Delphox|move: Protect
|
|upkeep
|
|t:|1785403909
|switch|p2b: Kingambit|Kingambit, L50, M|100/100
|turn|4
|inactive|ashnext has 30 seconds left.
|
|t:|1785403935
|switch|p2a: Garchomp|Garchomp, L50, M|100/100
|move|p1b: Farigiraf|Helping Hand|p1a: Blastoise
|-singleturn|p1a: Blastoise|Helping Hand|[of] p1b: Farigiraf
|move|p2b: Kingambit|Kowtow Cleave|p1a: Blastoise
|-damage|p1a: Blastoise|64/100
|move|p1a: Blastoise|Aura Sphere|p2b: Kingambit
|-supereffective|p2b: Kingambit|2
|-enditem|p2b: Kingambit|Chople Berry|[eat]
|-enditem|p2b: Kingambit|Chople Berry|[weaken]
|-damage|p2b: Kingambit|0 fnt
|faint|p2b: Kingambit
|
|upkeep
|
|t:|1785403945
|switch|p2b: Delphox|Delphox-Mega, L50, M|100/100
|turn|5
|
|t:|1785403965
|move|p1b: Farigiraf|Helping Hand|p1a: Blastoise
|-singleturn|p1a: Blastoise|Helping Hand|[of] p1b: Farigiraf
|move|p1a: Blastoise|Water Spout|p2a: Garchomp|[spread] p2a,p2b
|-supereffective|p2b: Delphox|1
|-damage|p2a: Garchomp|29/100
|-damage|p2b: Delphox|0 fnt
|faint|p2b: Delphox
|move|p2a: Garchomp|Earthquake|p1a: Blastoise|[spread] p1a,p1b
|-damage|p1a: Blastoise|19/100
|-damage|p1b: Farigiraf|49/100
|-enditem|p1b: Farigiraf|Sitrus Berry|[eat]
|-heal|p1b: Farigiraf|74/100|[from] item: Sitrus Berry
|-damage|p2a: Garchomp|20/100r|[from] item: Life Orb
|
|upkeep
|turn|6
|-message|Koraidonkoalition forfeited.
|
|win|ashnext
