|j|☆Theredapple
|j|☆Paco Amores
|html|TheredapplePaco Amores    
|uhtml|bestof|Game 1 of a best-of-3
|t:|1783110716
|gametype|doubles
|player|p1|Theredapple|102|1165
|player|p2|Paco Amores|birdkeeper|1154
|gen|9
|tier|[Gen 9 Champions] VGC 2026 Reg M-B (Bo3)
|rated|
|rule|Species Clause: Limit one of each Pokémon
|rule|Item Clause: Limit 1 of each item
|clearpoke
|poke|p1|Tyranitar, L50, F|
|poke|p1|Scrafty, L50, F|
|poke|p1|Mawile, L50, F|
|poke|p1|Glimmora, L50, M|
|poke|p1|Annihilape, L50, F|
|poke|p1|Talonflame, L50, F|
|poke|p2|Sylveon, L50, M|
|poke|p2|Incineroar, L50, M|
|poke|p2|Aerodactyl, L50, F|
|poke|p2|Charizard, L50, F|
|poke|p2|Metagross, L50|
|poke|p2|Garchomp, L50, M|
|teampreview|4
|showteam|p1|Tyranitar||FocusSash|SandStream|Protect,RockSlide,DragonDance,KnockOff|Jolly||F|||50|]Scrafty||Scraftinite|Intimidate|Protect,FakeOut,ThroatChop,DrainPunch|Brave||F|||50|]Mawile||Mawilite|Intimidate|PlayRough,Protect,IronHead,SuckerPunch|Adamant||F|||50|]Glimmora||LifeOrb|ToxicDebris|SludgeBomb,EarthPower,EnergyBall,SpikyShield|Modest||M|||50|]Annihilape||SitrusBerry|Defiant|BulkUp,Protect,RageFist,CloseCombat|Adamant||F|||50|]Talonflame||SharpBeak|GaleWings|Tailwind,Taunt,DualWingbeat,FlareBlitz|Jolly||F|||50|
|showteam|p2|Sylveon||FairyFeather|Pixilate|HyperBeam,HyperVoice,Detect,QuickAttack|Modest||M|||50|]Incineroar||SitrusBerry|Intimidate|FakeOut,PartingShot,FlareBlitz,ThroatChop|Careful||M|||50|]Aerodactyl||FocusSash|Unnerve|Tailwind,RockSlide,DualWingbeat,Protect|Jolly||F|||50|]Charizard||CharizarditeY|SolarPower|Protect,WeatherBall,SolarBeam,HeatWave|Modest||F|||50|]Metagross||Metagrossite|ClearBody|BulletPunch,PsychicFangs,BodyPress,Protect|Adamant|||||50|]Garchomp||LifeOrb|RoughSkin|Protect,RockSlide,Earthquake,DragonClaw|Jolly||M|||50|
|inactive|Battle timer is ON: inactive players will automatically lose when time's up. (requested by Theredapple)
|inactive|Paco Amores has 60 seconds left.
|
|t:|1783110786
|teamsize|p1|4
|teamsize|p2|4
|start
|switch|p1a: Annihilape|Annihilape, L50, F|100/100
|switch|p1b: Talonflame|Talonflame, L50, F|100/100
|switch|p2a: Aerodactyl|Aerodactyl, L50, F|100/100
|switch|p2b: Garchomp|Garchomp, L50, M|100/100
|-ability|p2a: Aerodactyl|Unnerve
|turn|1
|
|t:|1783110802
|switch|p1b: Scrafty|Scrafty, L50, F|100/100
|-ability|p1b: Scrafty|Intimidate|boost
|-unboost|p2a: Aerodactyl|atk|1
|-unboost|p2b: Garchomp|atk|1
|move|p2a: Aerodactyl|Tailwind|p2a: Aerodactyl
|-sidestart|p2: Paco Amores|move: Tailwind
|move|p2b: Garchomp|Rock Slide|p1a: Annihilape|[spread] p1a,p1b
|-resisted|p1a: Annihilape|1
|-resisted|p1b: Scrafty|1
|-damage|p1a: Annihilape|92/100
|-damage|p1b: Scrafty|92/100
|-damage|p2b: Garchomp|90/100|[from] item: Life Orb
|move|p1a: Annihilape|Bulk Up|p1a: Annihilape
|-boost|p1a: Annihilape|atk|1
|-boost|p1a: Annihilape|def|1
|
|upkeep
|turn|2
|inactive|Theredapple has 30 seconds left.
|inactive|Paco Amores has 30 seconds left.
|inactive|Paco Amores has 20 seconds left.
|
|t:|1783110839
|switch|p2a: Sylveon|Sylveon, L50, M|100/100
|detailschange|p1b: Scrafty|Scrafty-Mega, L50, F
|-mega|p1b: Scrafty|Scrafty|Scraftinite
|-ability|p1b: Scrafty|Intimidate|boost
|-unboost|p2a: Sylveon|atk|1
|-unboost|p2b: Garchomp|atk|1
|move|p1b: Scrafty|Fake Out|p2a: Sylveon
|-damage|p2a: Sylveon|84/100
|move|p2b: Garchomp|Rock Slide|p1a: Annihilape|[spread] p1a,p1b
|-resisted|p1a: Annihilape|1
|-resisted|p1b: Scrafty|1
|-damage|p1a: Annihilape|88/100
|-damage|p1b: Scrafty|87/100
|-damage|p2b: Garchomp|80/100|[from] item: Life Orb
|move|p1a: Annihilape|Bulk Up|p1a: Annihilape
|-boost|p1a: Annihilape|atk|1
|-boost|p1a: Annihilape|def|1
|
|upkeep
|turn|3
|inactive|Theredapple has 30 seconds left.
|inactive|Paco Amores has 30 seconds left.
|inactive|Theredapple has 20 seconds left.
|inactive|Theredapple has 15 seconds left.
|
|t:|1783110880
|switch|p2b: Aerodactyl|Aerodactyl, L50, F|100/100
|-ability|p2b: Aerodactyl|Unnerve
|move|p1b: Scrafty|Protect|p1b: Scrafty
|-singleturn|p1b: Scrafty|Protect
|move|p2a: Sylveon|Hyper Voice|p1b: Scrafty|[spread] p1a
|-activate|p1b: Scrafty|move: Protect
|-supereffective|p1a: Annihilape|1
|-damage|p1a: Annihilape|10/100
|move|p1a: Annihilape|Rage Fist|p2a: Sylveon
|-damage|p2a: Sylveon|0 fnt
|faint|p2a: Sylveon
|
|upkeep
|
|t:|1783110895
|switch|p2a: Metagross|Metagross, L50|100/100
|turn|4
|
|t:|1783110909
|detailschange|p2a: Metagross|Metagross-Mega, L50
|-mega|p2a: Metagross|Metagross|Metagrossite
|move|p1a: Annihilape|Protect|p1a: Annihilape
|-singleturn|p1a: Annihilape|Protect
|move|p2b: Aerodactyl|Dual Wingbeat|p1a: Annihilape
|-activate|p1a: Annihilape|move: Protect
|move|p2a: Metagross|Body Press|p1b: Scrafty
|-supereffective|p1b: Scrafty|1
|-damage|p1b: Scrafty|29/100
|move|p1b: Scrafty|Throat Chop|p2a: Metagross
|-supereffective|p2a: Metagross|1
|-damage|p2a: Metagross|36/100
|-start|p2a: Metagross|Throat Chop|[silent]
|
|-sideend|p2: Paco Amores|move: Tailwind
|upkeep
|turn|5
|inactive|Theredapple has 30 seconds left.
|inactive|Paco Amores has 30 seconds left.
|
|t:|1783110945
|move|p2a: Metagross|Protect|p2a: Metagross
|-singleturn|p2a: Metagross|Protect
|move|p1b: Scrafty|Protect|p1b: Scrafty
|-singleturn|p1b: Scrafty|Protect
|move|p2b: Aerodactyl|Tailwind|p2b: Aerodactyl
|-sidestart|p2: Paco Amores|move: Tailwind
|move|p1a: Annihilape|Rage Fist|p2b: Aerodactyl
|-enditem|p2b: Aerodactyl|Focus Sash
|-damage|p2b: Aerodactyl|1/100
|
|-end|p2a: Metagross|Throat Chop|[silent]
|upkeep
|turn|6
|inactive|Paco Amores has 30 seconds left.
|
|t:|1783110976
|move|p1a: Annihilape|Protect|p1a: Annihilape
|-singleturn|p1a: Annihilape|Protect
|move|p2b: Aerodactyl|Dual Wingbeat|p1a: Annihilape
|-activate|p1a: Annihilape|move: Protect
|move|p2a: Metagross|Body Press|p1b: Scrafty
|-supereffective|p1b: Scrafty|1
|-damage|p1b: Scrafty|0 fnt
|faint|p1b: Scrafty
|
|upkeep
|
|t:|1783110983
|switch|p1b: Talonflame|Talonflame, L50, F|100/100
|turn|7
|
|t:|1783111001
|switch|p1a: Tyranitar|Tyranitar, L50, F|100/100
|-weather|Sandstorm|[from] ability: Sand Stream|[of] p1a: Tyranitar
|move|p2a: Metagross|Bullet Punch|p1a: Tyranitar
|-supereffective|p1a: Tyranitar|1
|-damage|p1a: Tyranitar|44/100
|move|p1b: Talonflame|Tailwind|p1b: Talonflame
|-sidestart|p1: Theredapple|move: Tailwind
|move|p2b: Aerodactyl|Rock Slide|p1b: Talonflame|[spread] p1a,p1b
|-supereffective|p1b: Talonflame|2
|-damage|p1a: Tyranitar|19/100
|-damage|p1b: Talonflame|0 fnt
|faint|p1b: Talonflame
|
|-weather|Sandstorm|[upkeep]
|upkeep
|
|t:|1783111011
|switch|p1b: Annihilape|Annihilape, L50, F|10/100
|turn|8
|
|t:|1783111027
|move|p1a: Tyranitar|Protect|p1a: Tyranitar
|-singleturn|p1a: Tyranitar|Protect
|move|p1b: Annihilape|Protect|p1b: Annihilape
|-singleturn|p1b: Annihilape|Protect
|move|p2a: Metagross|Bullet Punch|p1b: Annihilape
|-activate|p1b: Annihilape|move: Protect
|move|p2b: Aerodactyl|Rock Slide|p1a: Tyranitar|[spread] 
|-activate|p1a: Tyranitar|move: Protect
|-activate|p1b: Annihilape|move: Protect
|
|-weather|Sandstorm|[upkeep]
|-damage|p1b: Annihilape|4/100|[from] Sandstorm
|-sideend|p2: Paco Amores|move: Tailwind
|upkeep
|turn|9
|
|t:|1783111047
|move|p2a: Metagross|Bullet Punch|p1b: Annihilape
|-damage|p1b: Annihilape|0 fnt
|faint|p1b: Annihilape
|move|p1a: Tyranitar|Knock Off|p2a: Metagross
|-supereffective|p2a: Metagross|1
|-damage|p2a: Metagross|0 fnt
|faint|p2a: Metagross
|move|p2b: Aerodactyl|Rock Slide|p1a: Tyranitar
|-damage|p1a: Tyranitar|0 fnt
|faint|p1a: Tyranitar
|
|win|Paco Amores
||Theredapple is ready for game 2.
