|j|☆ChrisJHall13
|j|☆VenusaurBot
|html|ChrisJHall13VenusaurBot    
|uhtml|bestof|Game 2 of a best-of-3
|t:|1784648561
|gametype|doubles
|player|p1|ChrisJHall13|102|1248
|player|p2|VenusaurBot|koga|1293
|gen|9
|tier|[Gen 9 Champions] VGC 2026 Reg M-B (Bo3)
|rated|
|rule|Species Clause: Limit one of each Pokémon
|rule|Item Clause: Limit 1 of each item
|clearpoke
|poke|p1|Incineroar, L50, F|
|poke|p1|Ninetales-Alola, L50, M|
|poke|p1|Gengar, L50, M|
|poke|p1|Dragonite, L50, M|
|poke|p1|Snorlax, L50, F|
|poke|p1|Scrafty, L50, M|
|poke|p2|Venusaur, L50, F|
|poke|p2|Pelipper, L50, F|
|poke|p2|Grimmsnarl, L50, M|
|poke|p2|Archaludon, L50, F|
|poke|p2|Basculegion, L50, M|
|poke|p2|Metagross, L50|
|teampreview|4
|showteam|p1|Incineroar||ShucaBerry|Intimidate|FakeOut,DarkestLariat,Protect,PartingShot|Careful||F|||50|]Ninetales-Alola||FocusSash|SnowWarning|Blizzard,Protect,Encore,Disable|Timid||M|||50|]Gengar||Gengarite|CursedBody|PerishSong,ShadowBall,Protect,SludgeBomb|Modest||M|||50|]Dragonite||LifeOrb|InnerFocus|DragonClaw,ExtremeSpeed,Protect,LowKick|Adamant||M|||50|]Snorlax||Leftovers|ThickFat|Yawn,Fissure,DoubleEdge,Protect|Relaxed||F|||50|]Scrafty||Scraftinite|Intimidate|CloseCombat,KnockOff,FakeOut,Protect|Adamant||M|||50|
|showteam|p2|Venusaur||Venusaurite|Chlorophyll|Protect,EarthPower,SludgeBomb,GigaDrain|Modest||F|||50|]Pelipper||FocusSash|Drizzle|Protect,WeatherBall,Hurricane,Tailwind|Modest||F|||50|]Grimmsnarl||LightClay|Prankster|PartingShot,SpiritBreak,Reflect,LightScreen|Careful||M|||50|]Archaludon||Leftovers|Stamina|ElectroShot,DragonPulse,FlashCannon,Protect|Calm||F|||50|]Basculegion||ChoiceScarf|Adaptability|WaveCrash,FlipTurn,AquaJet,LastRespects|Jolly||M|||50|]Metagross||Metagrossite|ClearBody|Protect,IronHead,PsychicFangs,BodyPress|Adamant|||||50|
|inactive|Battle timer is ON: inactive players will automatically lose when time's up. (requested by VenusaurBot)
|inactive|ChrisJHall13 has 60 seconds left.
|inactive|VenusaurBot has 60 seconds left.
|
|t:|1784648621
|teamsize|p1|4
|teamsize|p2|4
|start
|switch|p1a: Gengar|Gengar, L50, M|100/100
|switch|p1b: Scrafty|Scrafty, L50, M|100/100
|switch|p2a: Basculegion|Basculegion, L50, M|100/100
|switch|p2b: Grimmsnarl|Grimmsnarl, L50, M|100/100
|-ability|p1b: Scrafty|Intimidate|boost
|-unboost|p2a: Basculegion|atk|1
|-unboost|p2b: Grimmsnarl|atk|1
|turn|1
|
|t:|1784648637
|switch|p1a: Incineroar|Incineroar, L50, F|100/100
|-ability|p1a: Incineroar|Intimidate|boost
|-unboost|p2a: Basculegion|atk|1
|-unboost|p2b: Grimmsnarl|atk|1
|move|p2b: Grimmsnarl|Light Screen|p2b: Grimmsnarl
|-sidestart|p2: VenusaurBot|move: Light Screen
|move|p2a: Basculegion|Flip Turn|p1b: Scrafty
|-damage|p1b: Scrafty|80/100
|
|t:|1784648644
|switch|p2a: Venusaur|Venusaur, L50, F|100/100|[from] Flip Turn
|move|p1b: Scrafty|Knock Off|p2a: Venusaur
|-damage|p2a: Venusaur|72/100
|
|upkeep
|turn|2
|inactive|ChrisJHall13 has 30 seconds left.
|
|t:|1784648684
|detailschange|p2a: Venusaur|Venusaur-Mega, L50, F
|-mega|p2a: Venusaur|Venusaur|Venusaurite
|move|p1b: Scrafty|Protect|p1b: Scrafty
|-singleturn|p1b: Scrafty|Protect
|move|p2b: Grimmsnarl|Reflect|p2b: Grimmsnarl
|-sidestart|p2: VenusaurBot|Reflect
|move|p2a: Venusaur|Giga Drain|p1b: Scrafty
|-activate|p1b: Scrafty|move: Protect
|move|p1a: Incineroar|Parting Shot|p2b: Grimmsnarl
|-unboost|p2b: Grimmsnarl|atk|1
|-unboost|p2b: Grimmsnarl|spa|1
|inactive|ChrisJHall13 has 30 seconds left.
|
|t:|1784648715
|switch|p1a: Gengar|Gengar, L50, M|100/100|[from] Parting Shot
|
|upkeep
|turn|3
|inactive|ChrisJHall13 has 30 seconds left.
|
|t:|1784648746
|switch|p1b: Incineroar|Incineroar, L50, F|100/100
|-ability|p1b: Incineroar|Intimidate|boost
|-unboost|p2a: Venusaur|atk|1
|-unboost|p2b: Grimmsnarl|atk|1
|detailschange|p1a: Gengar|Gengar-Mega, L50, M
|-mega|p1a: Gengar|Gengar|Gengarite
|move|p2b: Grimmsnarl|Parting Shot|p1a: Gengar
|-unboost|p1a: Gengar|atk|1
|-unboost|p1a: Gengar|spa|1
|
|t:|1784648756
|switch|p2b: Basculegion|Basculegion, L50, M|100/100|[from] Parting Shot
|move|p1a: Gengar|Sludge Bomb|p2b: Basculegion
|-resisted|p2b: Basculegion|1
|-damage|p2b: Basculegion|87/100
|-status|p2b: Basculegion|psn
|move|p2a: Venusaur|Giga Drain|p1b: Incineroar
|-resisted|p1b: Incineroar|1
|-damage|p1b: Incineroar|87/100
|-heal|p2a: Venusaur|79/100|[from] drain|[of] p1b: Incineroar
|
|-damage|p2b: Basculegion|74/100 psn|[from] psn
|upkeep
|turn|4
|
|t:|1784648775
|switch|p1a: Scrafty|Scrafty, L50, M|80/100
|-ability|p1a: Scrafty|Intimidate|boost
|-unboost|p2a: Venusaur|atk|1
|-unboost|p2b: Basculegion|atk|1
|move|p2b: Basculegion|Flip Turn|p1b: Incineroar
|-supereffective|p1b: Incineroar|1
|-damage|p1b: Incineroar|43/100
|
|t:|1784648782
|switch|p2b: Grimmsnarl|Grimmsnarl, L50, M|100/100|[from] Flip Turn
|move|p2a: Venusaur|Earth Power|p1a: Scrafty
|-crit|p1a: Scrafty
|-damage|p1a: Scrafty|43/100
|-unboost|p1a: Scrafty|spd|1
|move|p1b: Incineroar|Parting Shot|p2b: Grimmsnarl
|-unboost|p2b: Grimmsnarl|atk|1
|-unboost|p2b: Grimmsnarl|spa|1
|inactive|ChrisJHall13 has 30 seconds left.
|
|t:|1784648812
|switch|p1b: Gengar|Gengar-Mega, L50, M|100/100|[from] Parting Shot
|
|upkeep
|turn|5
|
|t:|1784648821
|move|p1a: Scrafty|Fake Out|p2b: Grimmsnarl
|-damage|p2b: Grimmsnarl|93/100
|cant|p2b: Grimmsnarl|flinch
|move|p1b: Gengar|Perish Song|p1b: Gengar
|-start|p1a: Scrafty|perish3|[silent]
|-start|p1b: Gengar|perish3|[silent]
|-start|p2a: Venusaur|perish3|[silent]
|-start|p2b: Grimmsnarl|perish3|[silent]
|-fieldactivate|move: Perish Song
|move|p2a: Venusaur|Earth Power|p1a: Scrafty
|-damage|p1a: Scrafty|5/100
|
|-start|p1b: Gengar|perish3
|-start|p2a: Venusaur|perish3
|-start|p1a: Scrafty|perish3
|-start|p2b: Grimmsnarl|perish3
|upkeep
|turn|6
|inactive|VenusaurBot has 30 seconds left.
|
|t:|1784648847
|switch|p1a: Incineroar|Incineroar, L50, F|43/100
|-ability|p1a: Incineroar|Intimidate|boost
|-unboost|p2a: Venusaur|atk|1
|-unboost|p2b: Grimmsnarl|atk|1
|move|p1b: Gengar|Protect|p1b: Gengar
|-singleturn|p1b: Gengar|Protect
|move|p2b: Grimmsnarl|Parting Shot|p1b: Gengar
|-activate|p1b: Gengar|move: Protect
|move|p2a: Venusaur|Earth Power|p1a: Incineroar
|-supereffective|p1a: Incineroar|1
|-enditem|p1a: Incineroar|Shuca Berry|[eat]
|-enditem|p1a: Incineroar|Shuca Berry|[weaken]
|-damage|p1a: Incineroar|21/100
|
|-start|p1b: Gengar|perish2
|-start|p2a: Venusaur|perish2
|-start|p2b: Grimmsnarl|perish2
|upkeep
|turn|7
|inactive|ChrisJHall13 has 30 seconds left.
|
|t:|1784648872
|move|p1a: Incineroar|Fake Out|p2b: Grimmsnarl
|-damage|p2b: Grimmsnarl|85/100
|move|p1b: Gengar|Sludge Bomb|p2b: Grimmsnarl
|-supereffective|p2b: Grimmsnarl|1
|-damage|p2b: Grimmsnarl|21/100
|move|p2a: Venusaur|Earth Power|p1a: Incineroar
|-supereffective|p1a: Incineroar|1
|-damage|p1a: Incineroar|0 fnt
|faint|p1a: Incineroar
|cant|p2b: Grimmsnarl|flinch
|
|-start|p1b: Gengar|perish1
|-start|p2a: Venusaur|perish1
|-start|p2b: Grimmsnarl|perish1
|upkeep
|
|t:|1784648893
|switch|p1a: Scrafty|Scrafty, L50, M|5/100
|-ability|p1a: Scrafty|Intimidate|boost
|-unboost|p2a: Venusaur|atk|1
|-unboost|p2b: Grimmsnarl|atk|1
|turn|8
|inactive|VenusaurBot has 30 seconds left.
|
|t:|1784648918
|switch|p1b: Ninetales|Ninetales-Alola, L50, M|100/100
|-weather|Snowscape|[from] ability: Snow Warning|[of] p1b: Ninetales
|move|p1a: Scrafty|Fake Out|p2a: Venusaur
|-damage|p2a: Venusaur|74/100
|move|p2b: Grimmsnarl|Parting Shot|p1b: Ninetales
|-unboost|p1b: Ninetales|atk|1
|-unboost|p1b: Ninetales|spa|1
|
|t:|1784648929
|switch|p2b: Pelipper|Pelipper, L50, F|100/100|[from] Parting Shot
|-weather|RainDance|[from] ability: Drizzle|[of] p2b: Pelipper
|cant|p2a: Venusaur|flinch
|
|-weather|RainDance|[upkeep]
|-start|p2a: Venusaur|perish0
|faint|p2a: Venusaur
|-sideend|p2: VenusaurBot|move: Light Screen
|upkeep
|
|t:|1784648951
|switch|p2a: Basculegion|Basculegion, L50, M|74/100 psn
|turn|9
|-message|ChrisJHall13 forfeited.
|
|win|VenusaurBot
|raw|ChrisJHall13's rating: 1248 → 1226(-22 for losing)
|raw|VenusaurBot's rating: 1293 → 1315(+22 for winning)
|l|☆ChrisJHall13
|player|p1|
|j|☆ChrisJHall13
|player|p1|ChrisJHall13|102|
|l|☆ChrisJHall13
|player|p1|
