|j|☆asher255
|j|☆geoo_4789
|html|asher255geoo_4789    
|uhtml|bestof|Game 1 of a best-of-3
|t:|1783519544
|gametype|doubles
|player|p1|asher255|dawn-masters|
|player|p2|geoo_4789|265|
|gen|9
|tier|[Gen 9 Champions] VGC 2026 Reg M-B (Bo3)
|rule|Species Clause: Limit one of each Pokémon
|rule|Item Clause: Limit 1 of each item
|clearpoke
|poke|p1|Aegislash, L50, M|
|poke|p1|Incineroar, L50, M|
|poke|p1|Whimsicott, L50, F|
|poke|p1|Staraptor, L50, M|
|poke|p1|Rotom-Wash, L50|
|poke|p1|Garchomp, L50, M|
|poke|p2|Sneasler, L50, M|
|poke|p2|Blastoise, L50, M|
|poke|p2|Kingambit, L50, M|
|poke|p2|Incineroar, L50, M|
|poke|p2|Delphox, L50, F|
|poke|p2|Sinistcha, L50|
|teampreview|4
|showteam|p1|Aegislash||Leftovers|StanceChange|Poltergeist,ShadowSneak,SacredSword,KingsShield|Adamant||M|||50|]Incineroar||PasshoBerry|Intimidate|FakeOut,FlareBlitz,PartingShot,WillOWisp|Careful||M|||50|]Whimsicott||FocusSash|Prankster|Tailwind,Encore,Moonblast,Charm|Bold||F|||50|]Staraptor||Staraptite|Intimidate|CloseCombat,Roost,BraveBird,Protect|Jolly||M|||50|]Rotom-Wash||SitrusBerry|Levitate|HydroPump,VoltSwitch,WillOWisp,Protect|Modest|||||50|]Garchomp||ChoiceScarf|RoughSkin|RockSlide,Earthquake,DragonClaw,StompingTantrum|Jolly||M|||50|
|showteam|p2|Sneasler||FocusSash|PoisonTouch|PoisonJab,CloseCombat,FakeOut,QuickGuard|Jolly||M|||50|]Blastoise||Blastoisinite|RainDish|DarkPulse,WaterSpout,ShellSmash,Protect|Modest||M|||50|]Kingambit||BlackGlasses|Defiant|KowtowCleave,SuckerPunch,SwordsDance,Protect|Adamant||M|||50|]Incineroar||SitrusBerry|Intimidate|FlareBlitz,HelpingHand,PartingShot,FakeOut|Careful||M|||50|]Delphox||Delphoxite|Blaze|HeatWave,NastyPlot,Psyshock,Protect|Modest||F|||50|]Sinistcha||KasibBerry|Hospitality|MatchaGotcha,RagePowder,TrickRoom,Protect|Bold|||||50|
|inactive|Battle timer is ON: inactive players will automatically lose when time's up. (requested by asher255)
|c|☆asher255|I lowk stole the team
|
|t:|1783519563
|teamsize|p1|4
|teamsize|p2|4
|start
|switch|p1a: Rotom|Rotom-Wash, L50|100/100
|switch|p1b: Garchomp|Garchomp, L50, M|100/100
|switch|p2a: Sneasler|Sneasler, L50, M|100/100
|switch|p2b: Blastoise|Blastoise, L50, M|100/100
|turn|1
|
|t:|1783519587
|detailschange|p2b: Blastoise|Blastoise-Mega, L50, M
|-mega|p2b: Blastoise|Blastoise|Blastoisinite
|move|p2a: Sneasler|Fake Out|p1a: Rotom
|-damage|p1a: Rotom|85/100
|move|p1b: Garchomp|Earthquake|p2b: Blastoise|[spread] p2a,p2b
|-immune|p1a: Rotom|[from] ability: Levitate
|-supereffective|p2a: Sneasler|1
|-enditem|p2a: Sneasler|Focus Sash
|-damage|p2a: Sneasler|1/100
|-damage|p2b: Blastoise|64/100
|move|p2b: Blastoise|Shell Smash|p2b: Blastoise
|-unboost|p2b: Blastoise|def|1
|-unboost|p2b: Blastoise|spd|1
|-boost|p2b: Blastoise|atk|2
|-boost|p2b: Blastoise|spa|2
|-boost|p2b: Blastoise|spe|2
|cant|p1a: Rotom|flinch
|
|upkeep
|turn|2
|c|☆asher255|oh shii
|c|☆geoo_4789|smashysmash
|
|t:|1783519615
|switch|p1b: Staraptor|Staraptor, L50, M|100/100
|-ability|p1b: Staraptor|Intimidate|boost
|-unboost|p2a: Sneasler|atk|1
|-unboost|p2b: Blastoise|atk|1
|switch|p2a: Sinistcha|Sinistcha, L50|100/100
|-heal|p2b: Blastoise|89/100|[from] ability: Hospitality|[of] p2a: Sinistcha
|move|p2b: Blastoise|Protect|p2b: Blastoise
|-singleturn|p2b: Blastoise|Protect
|move|p1a: Rotom|Volt Switch|p2b: Blastoise
|-activate|p2b: Blastoise|move: Protect
|
|upkeep
|turn|3
|
|t:|1783519635
|detailschange|p1b: Staraptor|Staraptor-Mega, L50, M
|-mega|p1b: Staraptor|Staraptor|Staraptite
|move|p2a: Sinistcha|Rage Powder|p2a: Sinistcha
|-singleturn|p2a: Sinistcha|move: Rage Powder
|move|p2b: Blastoise|Water Spout|p1b: Staraptor|[spread] p1a,p1b
|-resisted|p1a: Rotom|1
|-damage|p1a: Rotom|21/100
|-damage|p1b: Staraptor|0 fnt
|-enditem|p1a: Rotom|Sitrus Berry|[eat]
|-heal|p1a: Rotom|45/100|[from] item: Sitrus Berry
|faint|p1b: Staraptor
|move|p1a: Rotom|Volt Switch|p2a: Sinistcha
|-resisted|p2a: Sinistcha|1
|-damage|p2a: Sinistcha|83/100
|c|☆asher255|HOLY SPOUT
|
|t:|1783519647
|switch|p1a: Garchomp|Garchomp, L50, M|100/100|[from] Volt Switch
|
|upkeep
|
|t:|1783519648
|switch|p1b: Whimsicott|Whimsicott, L50, F|100/100
|turn|4
|c|☆geoo_4789|im spouting
|c|☆asher255|oh faw
|inactive|geoo_4789 has 30 seconds left.
|
|t:|1783519676
|move|p1b: Whimsicott|Tailwind|p1b: Whimsicott
|-sidestart|p1: asher255|move: Tailwind
|move|p1a: Garchomp|Earthquake|p2b: Blastoise|[spread] p1b,p2a,p2b
|-resisted|p1b: Whimsicott|1
|-resisted|p2a: Sinistcha|1
|-crit|p2a: Sinistcha
|-damage|p1b: Whimsicott|84/100
|-damage|p2a: Sinistcha|60/100
|-damage|p2b: Blastoise|27/100
|move|p2b: Blastoise|Water Spout|p1b: Whimsicott|[spread] p1a,p1b
|-resisted|p1b: Whimsicott|1
|-damage|p1a: Garchomp|60/100
|-damage|p1b: Whimsicott|58/100
|move|p2a: Sinistcha|Matcha Gotcha|p1a: Garchomp|[spread] p1a,p1b
|-crit|p1a: Garchomp
|-resisted|p1b: Whimsicott|1
|-damage|p1a: Garchomp|19/100
|-heal|p2a: Sinistcha|81/100|[from] drain|[of] p1a: Garchomp
|-damage|p1b: Whimsicott|42/100
|-heal|p2a: Sinistcha|89/100|[from] drain|[of] p1b: Whimsicott
|
|upkeep
|turn|5
|inactive|geoo_4789 has 30 seconds left.
|c|☆asher255|the cha got me doomed
|inactive|geoo_4789 has 20 seconds left.
|
|t:|1783519712
|move|p2b: Blastoise|Protect|p2b: Blastoise
|-singleturn|p2b: Blastoise|Protect
|move|p1a: Garchomp|Earthquake|p2a: Sinistcha|[spread] p1b,p2a
|-activate|p2b: Blastoise|move: Protect
|-resisted|p1b: Whimsicott|1
|-resisted|p2a: Sinistcha|1
|-damage|p1b: Whimsicott|25/100
|-damage|p2a: Sinistcha|72/100
|move|p1b: Whimsicott|Moonblast|p2a: Sinistcha
|-damage|p2a: Sinistcha|48/100
|move|p2a: Sinistcha|Matcha Gotcha|p1a: Garchomp|[spread] p1a,p1b
|-resisted|p1b: Whimsicott|1
|-damage|p1a: Garchomp|0 fnt
|-heal|p2a: Sinistcha|58/100|[from] drain|[of] p1a: Garchomp
|-damage|p1b: Whimsicott|10/100
|-heal|p2a: Sinistcha|66/100|[from] drain|[of] p1b: Whimsicott
|faint|p1a: Garchomp
|
|upkeep
|
|t:|1783519717
|switch|p1a: Rotom|Rotom-Wash, L50|45/100
|turn|6
|c|☆geoo_4789|this team might be broken
|
|t:|1783519736
|move|p2b: Blastoise|Protect|p2b: Blastoise
|-singleturn|p2b: Blastoise|Protect
|move|p1b: Whimsicott|Encore|p2b: Blastoise
|-activate|p2b: Blastoise|move: Protect
|move|p1a: Rotom|Hydro Pump|p2a: Sinistcha
|-resisted|p2a: Sinistcha|1
|-damage|p2a: Sinistcha|38/100
|move|p2a: Sinistcha|Matcha Gotcha|p1a: Rotom|[spread] p1a,p1b
|-supereffective|p1a: Rotom|1
|-resisted|p1b: Whimsicott|1
|-damage|p1a: Rotom|0 fnt
|-heal|p2a: Sinistcha|58/100|[from] drain|[of] p1a: Rotom
|-damage|p1b: Whimsicott|0 fnt
|-heal|p2a: Sinistcha|64/100|[from] drain|[of] p1b: Whimsicott
|faint|p1a: Rotom
|faint|p1b: Whimsicott
|
|win|geoo_4789
|c|☆geoo_4789|NO WAYU
||asher255 is ready for game 2.
|c|☆geoo_4789|HAHAHAHAHHAHAHAHAHA
|inactive|geoo_4789 has 30 seconds to confirm battle start!
|c|☆geoo_4789|DOUBLE PROTECT
|c|☆asher255|Nah double tec ting there was foul
|inactive|geoo_4789 has 20 seconds to confirm battle start!
||geoo_4789 is ready for game 2.
|uhtml|next|Next: Game 2 of 3
|l|☆asher255
|player|p1|
|j|☆asher255
|player|p1|asher255|dawn-masters|
