|j|☆chrisjhall12
|j|☆Flinflox
|html|chrisjhall12Flinflox    
|uhtml|bestof|Game 2 of a best-of-3
|t:|1782759267
|gametype|doubles
|player|p1|chrisjhall12|dawn|1266
|player|p2|Flinflox|steven|1295
|gen|9
|tier|[Gen 9 Champions] VGC 2026 Reg M-B (Bo3)
|rated|
|rule|Species Clause: Limit one of each Pokémon
|rule|Item Clause: Limit 1 of each item
|clearpoke
|poke|p1|Mawile, L50, M|
|poke|p1|Farigiraf, L50, F|
|poke|p1|Charizard, L50, M|
|poke|p1|Garchomp, L50, F|
|poke|p1|Incineroar, L50, M|
|poke|p1|Aerodactyl, L50, F|
|poke|p2|Metagross, L50|
|poke|p2|Venusaur, L50, M|
|poke|p2|Incineroar, L50, M, shiny|
|poke|p2|Aerodactyl, L50, M|
|poke|p2|Kommo-o, L50, M|
|poke|p2|Milotic, L50, F|
|teampreview|4
|showteam|p1|Mawile||Mawilite|HyperCutter|SwordsDance,PlayRough,SuckerPunch,Protect|Adamant||M|||50|]Farigiraf||SitrusBerry|ArmorTail|TrickRoom,PsychicNoise,GrassKnot,SunnyDay|Bold||F|||50|]Charizard||CharizarditeY|Blaze|WeatherBall,HeatWave,SolarBeam,Protect|Modest||M|||50|]Garchomp||LifeOrb|RoughSkin|RockSlide,DragonClaw,Earthquake,Protect|Jolly||F|||50|]Incineroar||Leftovers|Intimidate|FakeOut,ThroatChop,FlareBlitz,PartingShot|Impish||M|||50|]Aerodactyl||FocusSash|Unnerve|Tailwind,SunnyDay,RockSlide,WideGuard|Jolly||F|||50|
|showteam|p2|Metagross||Metagrossite|ClearBody|IronHead,PsychicFangs,Protect,ThunderPunch|Jolly|||||50|]Venusaur||Venusaurite|Chlorophyll|GigaDrain,EarthPower,Protect,LeechSeed|Modest||M|||50|]Incineroar||ChopleBerry|Intimidate|FlareBlitz,DarkestLariat,FakeOut,PartingShot|Careful||M|||50|]Aerodactyl||FocusSash|Unnerve|RockSlide,DualWingbeat,WideGuard,Tailwind|Jolly||M|||50|]Kommo-o||Leftovers|Soundproof|ClangingScales,AuraSphere,Protect,ClangorousSoul|Timid||M|||50|]Milotic||SitrusBerry|Competitive|Scald,IcyWind,Protect,LifeDew|Bold||F|||50|
|
|t:|1782759286
|teamsize|p1|4
|teamsize|p2|4
|start
|switch|p1a: Mawile|Mawile, L50, M|100/100
|switch|p1b: Garchomp|Garchomp, L50, F|100/100
|switch|p2a: Incineroar|Incineroar, L50, M, shiny|100/100
|switch|p2b: Venusaur|Venusaur, L50, M|100/100
|-ability|p2a: Incineroar|Intimidate|boost
|-fail|p1a: Mawile|unboost|Attack|[from] ability: Hyper Cutter|[of] p1a: Mawile
|-unboost|p1b: Garchomp|atk|1
|turn|1
|
|t:|1782759312
|switch|p1b: Incineroar|Incineroar, L50, M|100/100
|-ability|p1b: Incineroar|Intimidate|boost
|-unboost|p2a: Incineroar|atk|1
|-unboost|p2b: Venusaur|atk|1
|detailschange|p2b: Venusaur|Venusaur-Mega, L50, M
|-mega|p2b: Venusaur|Venusaur|Venusaurite
|move|p1a: Mawile|Protect|p1a: Mawile
|-singleturn|p1a: Mawile|Protect
|move|p2a: Incineroar|Fake Out|p1a: Mawile
|-activate|p1a: Mawile|move: Protect
|move|p2b: Venusaur|Leech Seed|p1b: Incineroar
|-start|p1b: Incineroar|move: Leech Seed
|
|-damage|p1b: Incineroar|87/100|[from] Leech Seed|[of] p2b: Venusaur
|upkeep
|turn|2
|
|t:|1782759331
|detailschange|p1a: Mawile|Mawile-Mega, L50, M
|-mega|p1a: Mawile|Mawile|Mawilite
|move|p2b: Venusaur|Earth Power|p1a: Mawile
|-supereffective|p1a: Mawile|1
|-damage|p1a: Mawile|26/100
|move|p2a: Incineroar|Parting Shot|p1a: Mawile
|-unboost|p1a: Mawile|atk|1
|-unboost|p1a: Mawile|spa|1
|
|t:|1782759335
|switch|p2a: Aerodactyl|Aerodactyl, L50, M|100/100|[from] Parting Shot
|-ability|p2a: Aerodactyl|Unnerve
|move|p1b: Incineroar|Parting Shot|p2a: Aerodactyl
|-unboost|p2a: Aerodactyl|atk|1
|-unboost|p2a: Aerodactyl|spa|1
|
|t:|1782759345
|switch|p1b: Garchomp|Garchomp, L50, F|100/100|[from] Parting Shot
|move|p1a: Mawile|Swords Dance|p1a: Mawile
|-boost|p1a: Mawile|atk|2
|
|upkeep
|turn|3
|
|t:|1782759355
|move|p1a: Mawile|Sucker Punch||[still]
|-fail|p1a: Mawile
|move|p2a: Aerodactyl|Tailwind|p2a: Aerodactyl
|-sidestart|p2: Flinflox|move: Tailwind
|move|p2b: Venusaur|Leech Seed|p1b: Garchomp|[miss]
|-miss|p2b: Venusaur|p1b: Garchomp
|move|p1b: Garchomp|Rock Slide|p2b: Venusaur|[spread] p2a,p2b
|-supereffective|p2a: Aerodactyl|1
|-damage|p2a: Aerodactyl|25/100
|-damage|p2b: Venusaur|81/100
|-damage|p1b: Garchomp|90/100|[from] item: Life Orb
|
|upkeep
|turn|4
|
|t:|1782759366
|move|p1a: Mawile|Sucker Punch|p2b: Venusaur
|-damage|p2b: Venusaur|25/100
|move|p2a: Aerodactyl|Dual Wingbeat|p1b: Garchomp
|-crit|p1b: Garchomp
|-damage|p1b: Garchomp|61/100
|-damage|p2a: Aerodactyl|13/100|[from] ability: Rough Skin|[of] p1b: Garchomp
|-damage|p1b: Garchomp|48/100
|-damage|p2a: Aerodactyl|1/100|[from] ability: Rough Skin|[of] p1b: Garchomp
|-hitcount|p1b: Garchomp|2
|move|p2b: Venusaur|Earth Power|p1a: Mawile
|-supereffective|p1a: Mawile|1
|-damage|p1a: Mawile|0 fnt
|faint|p1a: Mawile
|move|p1b: Garchomp|Rock Slide|p2a: Aerodactyl|[spread] p2a,p2b
|-supereffective|p2a: Aerodactyl|1
|-damage|p2a: Aerodactyl|0 fnt
|-damage|p2b: Venusaur|3/100
|faint|p2a: Aerodactyl
|-damage|p1b: Garchomp|39/100|[from] item: Life Orb
|
|upkeep
|
|t:|1782759383
|switch|p2a: Incineroar|Incineroar, L50, M, shiny|100/100
|switch|p1a: Incineroar|Incineroar, L50, M|87/100
|-ability|p2a: Incineroar|Intimidate|boost
|-unboost|p1a: Incineroar|atk|1
|-unboost|p1b: Garchomp|atk|1
|-ability|p1a: Incineroar|Intimidate|boost
|-unboost|p2a: Incineroar|atk|1
|-unboost|p2b: Venusaur|atk|1
|turn|5
|
|t:|1782759408
|switch|p1b: Farigiraf|Farigiraf, L50, F|100/100
|move|p2a: Incineroar|Fake Out||[still]
|cant|p1b: Farigiraf|ability: Armor Tail|Fake Out|[of] p2a: Incineroar
|move|p1a: Incineroar|Fake Out|p2b: Venusaur
|-damage|p2b: Venusaur|0 fnt
|faint|p2b: Venusaur
|
|-heal|p1a: Incineroar|93/100|[from] item: Leftovers
|upkeep
|
|t:|1782759410
|switch|p2b: Metagross|Metagross, L50|100/100
|turn|6
|-message|Flinflox forfeited.
|
|win|chrisjhall12
|raw|chrisjhall12's rating: 1266 → 1293(+27 for winning)
|raw|Flinflox's rating: 1295 → 1268(-27 for losing)
|l|☆Flinflox
|player|p2|
