|j|☆superboke
|j|☆SoyUnaIA
|html|superbokeSoyUnaIA    
|uhtml|bestof|Game 1 of a best-of-3
|t:|1757927300
|gametype|doubles
|player|p1|superboke|steven|1300
|player|p2|SoyUnaIA|winona|1283
|gen|9
|tier|[Gen 9] VGC 2025 Reg H (Bo3)
|rated|
|rule|Species Clause: Limit one of each Pokémon
|rule|Item Clause: Limit 1 of each item
|clearpoke
|poke|p1|Weezing, L50, M|
|poke|p1|Slaking, L50, F|
|poke|p1|Sneasler, L50, F|
|poke|p1|Indeedee, L50, M|
|poke|p1|Dondozo, L50, F|
|poke|p1|Tatsugiri, L50, M|
|poke|p2|Garganacl, L50, M|
|poke|p2|Gothitelle, L50, M|
|poke|p2|Primarina, L50, F|
|poke|p2|Kingambit, L50, F|
|poke|p2|Magmar, L50, F|
|poke|p2|Dragapult, L50, M|
|teampreview|4
|showteam|p1|Weezing||CovertCloak|NeutralizingGas|SludgeBomb,Protect,Taunt,PoisonGas|||M|||50|,,,,,Flying]Slaking||ChoiceBand|Truant|DoubleEdge,Earthquake,KnockOff,HighHorsepower|||F|||50|,,,,,Ghost]Sneasler||PsychicSeed|Unburden|CloseCombat,DireClaw,Protect,ThroatChop|||F|||50|,,,,,Dark]Indeedee||FocusSash|PsychicSurge|ExpandingForce,TeraBlast,Protect,HelpingHand|||M|||50|,,,,,Psychic]Dondozo||Leftovers|Unaware|Earthquake,OrderUp,WaveCrash,Protect|||F|||50|,,,,,Grass]Tatsugiri||SafetyGoggles|Commander|MuddyWater,DracoMeteor,Protect,HelpingHand|||M|||50|,,,,,Fairy
|showteam|p2|Garganacl||Leftovers|PurifyingSalt|SaltCure,Recover,WideGuard,Protect|||M|||50|,,,,,Water]Gothitelle||SitrusBerry|ShadowTag|FakeOut,TrickRoom,Psychic,Protect|||M|||50|,,,,,Dark]Primarina||CovertCloak|LiquidVoice|HyperVoice,Moonblast,PerishSong,Protect|||F|||50|,,,,,Poison]Kingambit||BlackGlasses|Defiant|KowtowCleave,SuckerPunch,SwordsDance,Protect|||F|||50|,,,,,Dark]Magmar||Eviolite|VitalSpirit|Overheat,FollowMe,Taunt,Protect|||F|||50|,,,,,Ghost]Dragapult||ChoiceBand|ClearBody|PhantomForce,DragonDarts,Outrage,Uturn|||M|||50|,,,,,Dragon
|inactive|Battle timer is ON: inactive players will automatically lose when time's up. (requested by SoyUnaIA)
|inactive|superboke has 60 seconds left.
|inactive|SoyUnaIA has 60 seconds left.
|
|t:|1757927353
|teamsize|p1|4
|teamsize|p2|4
|start
|switch|p1a: Weezing|Weezing, L50, M|100/100
|switch|p1b: Slaking|Slaking, L50, F|100/100
|switch|p2a: Magmar|Magmar, L50, F|100/100
|switch|p2b: Dragapult|Dragapult, L50, M|100/100
|-ability|p1a: Weezing|Neutralizing Gas
|turn|1
|j| Rojo rojez
|inactive|superboke has 30 seconds left.
|inactive|superboke has 20 seconds left.
|
|t:|1757927397
|-terastallize|p1a: Weezing|Flying
|move|p2a: Magmar|Follow Me|p2a: Magmar
|-singleturn|p2a: Magmar|move: Follow Me
|move|p2b: Dragapult|Dragon Darts|p1a: Weezing
|-damage|p1a: Weezing|74/100
|-anim|p2b: Dragapult|Dragon Darts|p1b: Slaking
|-damage|p1b: Slaking|69/100
|move|p1b: Slaking|Earthquake|p2a: Magmar|[spread] p2a,p2b
|-immune|p1a: Weezing
|-supereffective|p2a: Magmar
|-damage|p2a: Magmar|26/100
|-damage|p2b: Dragapult|37/100
|move|p1a: Weezing|Poison Gas|p2b: Dragapult|[spread] 
|-miss|p1a: Weezing|p2a: Magmar
|-miss|p1a: Weezing|p2b: Dragapult
|
|upkeep
|turn|2
|
|t:|1757927419
|move|p2a: Magmar|Protect|p2a: Magmar
|-singleturn|p2a: Magmar|Protect
|move|p1a: Weezing|Protect|p1a: Weezing
|-singleturn|p1a: Weezing|Protect
|move|p2b: Dragapult|Dragon Darts|p1b: Slaking
|-damage|p1b: Slaking|38/100
|-anim|p2b: Dragapult|Dragon Darts|p1b: Slaking
|-damage|p1b: Slaking|8/100
|move|p1b: Slaking|Earthquake|p2b: Dragapult|[spread] p2b
|-activate|p1a: Weezing|move: Protect
|-activate|p2a: Magmar|move: Protect
|-damage|p2b: Dragapult|0 fnt
|faint|p2b: Dragapult
|
|upkeep
|
|t:|1757927433
|switch|p2b: Gothitelle|Gothitelle, L50, M|100/100
|turn|3
|l| Rojo rojez
|inactive|superboke has 30 seconds left.
|
|t:|1757927466
|switch|p1b: Dondozo|Dondozo, L50, F|100/100
|move|p2b: Gothitelle|Fake Out|p1b: Dondozo
|-damage|p1b: Dondozo|97/100
|move|p2a: Magmar|Overheat|p1b: Dondozo
|-resisted|p1b: Dondozo
|-damage|p1b: Dondozo|72/100
|-unboost|p2a: Magmar|spa|2
|move|p1a: Weezing|Poison Gas|p2a: Magmar|[spread] p2a,p2b
|-status|p2a: Magmar|psn
|-status|p2b: Gothitelle|psn
|
|-heal|p1b: Dondozo|78/100|[from] item: Leftovers
|-damage|p2a: Magmar|14/100 psn|[from] psn
|-damage|p2b: Gothitelle|88/100 psn|[from] psn
|upkeep
|turn|4
|inactive|SoyUnaIA has 30 seconds left.
|
|t:|1757927500
|switch|p2a: Primarina|Primarina, L50, F|100/100
|move|p1b: Dondozo|Protect|p1b: Dondozo
|-singleturn|p1b: Dondozo|Protect
|move|p1a: Weezing|Sludge Bomb|p2b: Gothitelle
|-damage|p2b: Gothitelle|64/100 psn
|move|p2b: Gothitelle|Psychic|p1a: Weezing
|-damage|p1a: Weezing|41/100
|
|-heal|p1b: Dondozo|85/100|[from] item: Leftovers
|-damage|p2b: Gothitelle|52/100 psn|[from] psn
|upkeep
|turn|5
|
|t:|1757927518
|move|p1b: Dondozo|Order Up|p2b: Gothitelle
|-damage|p2b: Gothitelle|33/100 psn
|-enditem|p2b: Gothitelle|Sitrus Berry|[eat]
|-heal|p2b: Gothitelle|58/100 psn|[from] item: Sitrus Berry
|move|p1a: Weezing|Poison Gas|p2b: Gothitelle|[spread] p2a,p2b
|-status|p2a: Primarina|psn
|-fail|p2b: Gothitelle|psn
|move|p2b: Gothitelle|Psychic|p1a: Weezing
|-damage|p1a: Weezing|3/100
|move|p2a: Primarina|Moonblast|p1a: Weezing
|-damage|p1a: Weezing|0 fnt
|faint|p1a: Weezing
|-end|p1a: Weezing|ability: Neutralizing Gas
|
|-heal|p1b: Dondozo|91/100|[from] item: Leftovers
|-damage|p2b: Gothitelle|46/100 psn|[from] psn
|-damage|p2a: Primarina|88/100 psn|[from] psn
|upkeep
|
|t:|1757927531
|switch|p1a: Slaking|Slaking, L50, F|8/100
|turn|6
|
|t:|1757927546
|move|p2a: Primarina|Protect|p2a: Primarina
|-singleturn|p2a: Primarina|Protect
|move|p1a: Slaking|Double-Edge|p2a: Primarina
|-activate|p2a: Primarina|move: Protect
|move|p1b: Dondozo|Wave Crash|p2b: Gothitelle
|-damage|p2b: Gothitelle|7/100 psn
|-damage|p1b: Dondozo|81/100|[from] Recoil
|move|p2b: Gothitelle|Psychic|p1a: Slaking
|-damage|p1a: Slaking|0 fnt
|faint|p1a: Slaking
|
|-heal|p1b: Dondozo|87/100|[from] item: Leftovers
|-damage|p2b: Gothitelle|0 fnt|[from] psn
|faint|p2b: Gothitelle
|-damage|p2a: Primarina|76/100 psn|[from] psn
|upkeep
|
|t:|1757927554
|switch|p1a: Tatsugiri|Tatsugiri, L50, M|100/100
|switch|p2b: Magmar|Magmar, L50, F|14/100 psn
|-activate|p1a: Tatsugiri|ability: Commander|[of] p1b: Dondozo
|-boost|p1b: Dondozo|atk|2
|-boost|p1b: Dondozo|spa|2
|-boost|p1b: Dondozo|spe|2
|-boost|p1b: Dondozo|def|2
|-boost|p1b: Dondozo|spd|2
|turn|7
|
|t:|1757927565
|move|p2b: Magmar|Protect|p2b: Magmar
|-singleturn|p2b: Magmar|Protect
|move|p1b: Dondozo|Earthquake|p2b: Magmar|[spread] p2a
|-miss|p1b: Dondozo|p1a: Tatsugiri
|-activate|p2b: Magmar|move: Protect
|-damage|p2a: Primarina|29/100 psn
|move|p2a: Primarina|Perish Song|p2a: Primarina
|-miss|p2a: Primarina|p1a: Tatsugiri
|-start|p1b: Dondozo|perish3|[silent]
|-start|p2a: Primarina|perish3|[silent]
|-start|p2b: Magmar|perish3|[silent]
|-fieldactivate|move: Perish Song
|
|-heal|p1b: Dondozo|93/100|[from] item: Leftovers
|-damage|p2b: Magmar|2/100 psn|[from] psn
|-damage|p2a: Primarina|17/100 psn|[from] psn
|-start|p1b: Dondozo|perish3
|-start|p2b: Magmar|perish3
|-start|p2a: Primarina|perish3
|upkeep
|turn|8
|
|t:|1757927579
|move|p2b: Magmar|Protect||[still]
|-fail|p2b: Magmar
|move|p2a: Primarina|Protect|p2a: Primarina
|-singleturn|p2a: Primarina|Protect
|move|p1b: Dondozo|Earthquake|p2a: Primarina|[spread] p2b
|-miss|p1b: Dondozo|p1a: Tatsugiri
|-activate|p2a: Primarina|move: Protect
|-supereffective|p2b: Magmar
|-damage|p2b: Magmar|0 fnt
|faint|p2b: Magmar
|
|-heal|p1b: Dondozo|99/100|[from] item: Leftovers
|-damage|p2a: Primarina|5/100 psn|[from] psn
|-start|p1b: Dondozo|perish2
|-start|p2a: Primarina|perish2
|upkeep
|turn|9
|
|t:|1757927584
|move|p1b: Dondozo|Protect|p1b: Dondozo
|-singleturn|p1b: Dondozo|Protect
|move|p2a: Primarina|Protect||[still]
|-fail|p2a: Primarina
|
|-heal|p1b: Dondozo|100/100|[from] item: Leftovers
|-damage|p2a: Primarina|0 fnt|[from] psn
|faint|p2a: Primarina
|
|win|superboke
||SoyUnaIA is ready for game 2.
||superboke is ready for game 2.
|uhtml|next|Next: Game 2 of 3
