|j|☆probandoteammvp
|j|☆mikelpoyarzabal
|html|probandoteammvpmikelpoyarzabal    
|uhtml|bestof|Game 3 of a best-of-3
|t:|1785703908
|gametype|doubles
|player|p1|probandoteammvp|101|1431
|player|p2|mikelpoyarzabal|arven-s|1399
|gen|9
|tier|[Gen 9 Champions] VGC 2026 Reg M-B (Bo3)
|rated|
|rule|Species Clause: Limit one of each Pokémon
|rule|Item Clause: Limit 1 of each item
|clearpoke
|poke|p1|Blastoise, L50, M, shiny|
|poke|p1|Sylveon, L50, F, shiny|
|poke|p1|Vivillon-Fancy, L50, F, shiny|
|poke|p1|Farigiraf, L50, F, shiny|
|poke|p1|Sinistcha, L50, shiny|
|poke|p1|Pelipper, L50, M, shiny|
|poke|p2|Gengar, L50, M|
|poke|p2|Swampert, L50, F|
|poke|p2|Incineroar, L50, F|
|poke|p2|Politoed, L50, M|
|poke|p2|Archaludon, L50, M|
|poke|p2|Vivillon, L50, F|
|teampreview|4
|showteam|p1|Blastoise||Blastoisinite|Torrent|WaterSpout,DarkPulse,ShellSmash,Protect|Modest||M|||50|]Sylveon||FairyFeather|Pixilate|HyperVoice,Moonblast,HyperBeam,Detect|Modest||F|||50|]Vivillon-Fancy||ChoiceScarf|CompoundEyes|PollenPuff,Hurricane,SleepPowder,RagePowder|Timid||F|||50|]Farigiraf||SitrusBerry|ArmorTail|TwinBeam,HelpingHand,TrickRoom,Protect|Sassy||F|||50|]Sinistcha||ColburBerry|Hospitality|MatchaGotcha,RagePowder,TrickRoom,Protect|Sassy|||||50|]Pelipper||FocusSash|Drizzle|Hurricane,HelpingHand,Tailwind,Protect|Timid||M|||50|
|showteam|p2|Gengar||Gengarite|CursedBody|ShadowBall,SludgeBomb,Protect,PerishSong|Timid||M|||50|]Swampert||Swampertite|Torrent|WaveCrash,Earthquake,IcePunch,Protect|Adamant||F|||50|]Incineroar||PasshoBerry|Intimidate|ThroatChop,PartingShot,FakeOut,Protect|Sassy||F|||50|]Politoed||SitrusBerry|Drizzle|WeatherBall,PerishSong,Encore,Protect|Calm||M|||50|]Archaludon||Leftovers|Stamina|DragonPulse,FlashCannon,ElectroShot,Protect|Bold||M|||50|]Vivillon||FocusSash|CompoundEyes|Hurricane,SleepPowder,RagePowder,Protect|Timid||F|||50|
|inactive|Battle timer is ON: inactive players will automatically lose when time's up. (requested by mikelpoyarzabal)
|
|t:|1785703925
|teamsize|p1|4
|teamsize|p2|4
|start
|switch|p1a: Tortugueitor|Blastoise, L50, M, shiny|100/100
|switch|p1b: Cuptea|Sinistcha, L50, shiny|100/100
|switch|p2a: Vivillon|Vivillon, L50, F|100/100
|switch|p2b: Swampert|Swampert, L50, F|100/100
|turn|1
|inactive|probandoteammvp has 30 seconds left.
|
|t:|1785703951
|detailschange|p2b: Swampert|Swampert-Mega, L50, F
|-mega|p2b: Swampert|Swampert|Swampertite
|move|p1a: Tortugueitor|Protect|p1a: Tortugueitor
|-singleturn|p1a: Tortugueitor|Protect
|move|p2a: Vivillon|Hurricane|p1b: Cuptea
|-supereffective|p1b: Cuptea|1
|-damage|p1b: Cuptea|21/100
|move|p2b: Swampert|Earthquake|p1b: Cuptea|[spread] p1b
|-activate|p1a: Tortugueitor|move: Protect
|-immune|p2a: Vivillon
|-resisted|p1b: Cuptea|1
|-damage|p1b: Cuptea|0 fnt
|faint|p1b: Cuptea
|
|upkeep
|
|t:|1785703952
|switch|p1b: Long neck|Farigiraf, L50, F, shiny|100/100
|turn|2
|
|t:|1785703968
|detailschange|p1a: Tortugueitor|Blastoise-Mega, L50, M, shiny
|-mega|p1a: Tortugueitor|Blastoise|Blastoisinite
|move|p2a: Vivillon|Sleep Powder|p1a: Tortugueitor
|-status|p1a: Tortugueitor|slp|[from] move: Sleep Powder
|cant|p1a: Tortugueitor|slp
|move|p2b: Swampert|Earthquake|p1a: Tortugueitor|[spread] p1a,p1b
|-immune|p2a: Vivillon
|-damage|p1a: Tortugueitor|57/100 slp
|-damage|p1b: Long neck|57/100
|move|p1b: Long neck|Trick Room|p1b: Long neck
|-fieldstart|move: Trick Room|[of] p1b: Long neck
|
|upkeep
|turn|3
|
|t:|1785703978
|move|p1b: Long neck|Protect|p1b: Long neck
|-singleturn|p1b: Long neck|Protect
|move|p2b: Swampert|Earthquake|p1b: Long neck|[spread] p1a
|-activate|p1b: Long neck|move: Protect
|-immune|p2a: Vivillon
|-damage|p1a: Tortugueitor|6/100 slp
|-curestatus|p1a: Tortugueitor|slp|[msg]
|move|p1a: Tortugueitor|Water Spout|p2b: Swampert|[spread] p2a,p2b
|-damage|p2a: Vivillon|92/100
|-damage|p2b: Swampert|96/100
|move|p2a: Vivillon|Hurricane|p1a: Tortugueitor
|-damage|p1a: Tortugueitor|0 fnt
|faint|p1a: Tortugueitor
|
|upkeep
|
|t:|1785703980
|switch|p1a: mr ribbons|Sylveon, L50, F, shiny|100/100
|turn|4
|
|t:|1785703994
|move|p1b: Long neck|Helping Hand|p1a: mr ribbons
|-singleturn|p1a: mr ribbons|Helping Hand|[of] p1b: Long neck
|move|p2b: Swampert|Protect|p2b: Swampert
|-singleturn|p2b: Swampert|Protect
|move|p2a: Vivillon|Protect|p2a: Vivillon
|-singleturn|p2a: Vivillon|Protect
|move|p1a: mr ribbons|Hyper Voice|p2b: Swampert|[spread] 
|-activate|p2a: Vivillon|move: Protect
|-activate|p2b: Swampert|move: Protect
|
|upkeep
|turn|5
|
|t:|1785704004
|switch|p2b: Politoed|Politoed, L50, M|100/100
|-weather|RainDance|[from] ability: Drizzle|[of] p2b: Politoed
|move|p1b: Long neck|Helping Hand|p1a: mr ribbons
|-singleturn|p1a: mr ribbons|Helping Hand|[of] p1b: Long neck
|move|p1a: mr ribbons|Hyper Voice|p2a: Vivillon|[spread] p2a,p2b
|-damage|p2a: Vivillon|0 fnt
|-damage|p2b: Politoed|40/100
|-enditem|p2b: Politoed|Sitrus Berry|[eat]
|-heal|p2b: Politoed|65/100|[from] item: Sitrus Berry
|faint|p2a: Vivillon
|
|-weather|RainDance|[upkeep]
|upkeep
|
|t:|1785704010
|switch|p2a: Swampert|Swampert-Mega, L50, F|96/100
|turn|6
|
|t:|1785704017
|move|p1b: Long neck|Helping Hand|p1a: mr ribbons
|-singleturn|p1a: mr ribbons|Helping Hand|[of] p1b: Long neck
|move|p2b: Politoed|Protect|p2b: Politoed
|-singleturn|p2b: Politoed|Protect
|move|p2a: Swampert|Protect|p2a: Swampert
|-singleturn|p2a: Swampert|Protect
|move|p1a: mr ribbons|Hyper Voice|p2b: Politoed|[spread] 
|-activate|p2a: Swampert|move: Protect
|-activate|p2b: Politoed|move: Protect
|
|-weather|RainDance|[upkeep]
|-fieldend|move: Trick Room
|upkeep
|turn|7
|
|t:|1785704027
|move|p1b: Long neck|Protect|p1b: Long neck
|-singleturn|p1b: Long neck|Protect
|move|p2a: Swampert|Wave Crash|p1b: Long neck
|-activate|p1b: Long neck|move: Protect
|move|p2b: Politoed|Perish Song|p2b: Politoed
|-start|p1a: mr ribbons|perish3|[silent]
|-start|p1b: Long neck|perish3|[silent]
|-start|p2a: Swampert|perish3|[silent]
|-start|p2b: Politoed|perish3|[silent]
|-fieldactivate|move: Perish Song
|move|p1a: mr ribbons|Hyper Beam|p2a: Swampert
|-damage|p2a: Swampert|1/100
|-mustrecharge|p1a: mr ribbons
|
|-weather|RainDance|[upkeep]
|-start|p2a: Swampert|perish3
|-start|p2b: Politoed|perish3
|-start|p1a: mr ribbons|perish3
|-start|p1b: Long neck|perish3
|upkeep
|turn|8
|
|t:|1785704042
|move|p2a: Swampert|Wave Crash|p1b: Long neck
|-damage|p1b: Long neck|0 fnt
|faint|p1b: Long neck
|-damage|p2a: Swampert|0 fnt|[from] Recoil
|faint|p2a: Swampert
|move|p2b: Politoed|Encore|p1a: mr ribbons
|-start|p1a: mr ribbons|Encore
|cant|p1a: mr ribbons|recharge
|
|-weather|RainDance|[upkeep]
|-start|p2b: Politoed|perish2
|-start|p1a: mr ribbons|perish2
|upkeep
|
|t:|1785704046
|switch|p2a: Archaludon|Archaludon, L50, M|100/100
|turn|9
|
|t:|1785704048
|move|p2a: Archaludon|Protect|p2a: Archaludon
|-singleturn|p2a: Archaludon|Protect
|move|p2b: Politoed|Protect|p2b: Politoed
|-singleturn|p2b: Politoed|Protect
|move|p1a: mr ribbons|Hyper Beam|p2a: Archaludon
|-activate|p2a: Archaludon|move: Protect
|
|-weather|none
|-start|p2b: Politoed|perish1
|-start|p1a: mr ribbons|perish1
|upkeep
|turn|10
|-message|probandoteammvp forfeited.
|
|win|mikelpoyarzabal
|raw|probandoteammvp's rating: 1431 → 1409(-22 for losing)
|raw|mikelpoyarzabal's rating: 1399 → 1421(+22 for winning)
