|j|☆Monkeephonix
|j|☆Pinoitaliano
|html|MonkeephonixPinoitaliano    
|uhtml|bestof|Game 2 of a best-of-3
|t:|1757095709
|gametype|doubles
|player|p1|Monkeephonix|265|1046
|player|p2|Pinoitaliano|allister|1061
|gen|9
|tier|[Gen 9] VGC 2025 Reg H (Bo3)
|rated|
|rule|Species Clause: Limit one of each Pokémon
|rule|Item Clause: Limit 1 of each item
|clearpoke
|poke|p1|Dragonite, L50, F|
|poke|p1|Ursaluna-Bloodmoon, L50, M|
|poke|p1|Incineroar, L50, M|
|poke|p1|Amoonguss, L50, F|
|poke|p1|Pelipper, L50, F|
|poke|p1|Archaludon, L50, F|
|poke|p2|Lycanroc, L50, F|
|poke|p2|Tyranitar, L50, F|
|poke|p2|Indeedee-F, L50, F|
|poke|p2|Armarouge, L50, F|
|poke|p2|Dondozo, L50, F|
|poke|p2|Tatsugiri, L50, F|
|teampreview|4
|showteam|p1|Dragonite||LoadedDice|Multiscale|ScaleShot,Protect,Haze,Tailwind|||F|||50|,,,,,Fire]Ursaluna-Bloodmoon||AssaultVest|MindsEye|EarthPower,BloodMoon,HyperVoice,VacuumWave|||M|||50|,,,,,Normal]Incineroar||SafetyGoggles|Intimidate|FakeOut,KnockOff,FlareBlitz,PartingShot|||M|||50|,,,,,Ghost]Amoonguss||SitrusBerry|Regenerator|Spore,RagePowder,Protect,SludgeBomb|||F|||50|,,,,,Ghost]Pelipper||FocusSash|Drizzle|Hurricane,WeatherBall,Protect,Tailwind|||F|||50|,,,,,Water]Archaludon||PowerHerb|Stamina|ElectroShot,FlashCannon,BodyPress,Protect|||F|||50|,,,,,Steel
|showteam|p2|Lycanroc||FocusSash|SandRush|Endeavor,Accelerock,CloseCombat,RockSlide|||F|||50|,,,,,Ghost]Tyranitar||ChoiceBand|SandStream|LowKick,TeraBlast,RockSlide,Assurance|||F|||50|,,,,,Flying]Indeedee-F||SafetyGoggles|PsychicSurge|DazzlingGleam,FollowMe,HelpingHand,TrickRoom|||F|||50|,,,,,Fairy]Armarouge||LifeOrb|FlashFire|TrickRoom,EnergyBall,HeatWave,ExpandingForce|||F|||50|,,,,,Grass]Dondozo||LumBerry|Unaware|WaveCrash,OrderUp,TeraBlast,Rest|||F|||50|,,,,,Grass]Tatsugiri||ChoiceSpecs|Commander|MuddyWater,DracoMeteor,SleepTalk,HydroPump|||F|||50|,,,,,Water
|inactive|Battle timer is ON: inactive players will automatically lose when time's up. (requested by Pinoitaliano)
|inactive|Pinoitaliano has 60 seconds left.
|
|t:|1757095744
|teamsize|p1|4
|teamsize|p2|4
|start
|switch|p1a: Dragonite|Dragonite, L50, F|100/100
|switch|p1b: Pelipper|Pelipper, L50, F|100/100
|switch|p2a: Dondozo|Dondozo, L50, F|100/100
|switch|p2b: Tatsugiri|Tatsugiri, L50, F|100/100
|-weather|RainDance|[from] ability: Drizzle|[of] p1b: Pelipper
|-activate|p2b: Tatsugiri|ability: Commander|[of] p2a: Dondozo
|-boost|p2a: Dondozo|atk|2
|-boost|p2a: Dondozo|spa|2
|-boost|p2a: Dondozo|spe|2
|-boost|p2a: Dondozo|def|2
|-boost|p2a: Dondozo|spd|2
|turn|1
|inactive|Monkeephonix has 30 seconds left.
|inactive|Pinoitaliano has 30 seconds left.
|
|t:|1757095774
|move|p2a: Dondozo|Wave Crash|p1a: Dragonite
|-resisted|p1a: Dragonite
|-damage|p1a: Dragonite|51/100
|-damage|p2a: Dondozo|88/100|[from] Recoil
|move|p1a: Dragonite|Haze|p1a: Dragonite
|-clearallboost
|move|p1b: Pelipper|Tailwind|p1b: Pelipper
|-sidestart|p1: Monkeephonix|move: Tailwind
|
|-weather|RainDance|[upkeep]
|upkeep
|turn|2
|
|t:|1757095789
|move|p1a: Dragonite|Scale Shot|p2a: Dondozo
|-damage|p2a: Dondozo|78/100
|-damage|p2a: Dondozo|68/100
|-damage|p2a: Dondozo|58/100
|-damage|p2a: Dondozo|48/100
|-hitcount|p2a: Dondozo|4
|-unboost|p1a: Dragonite|def|1
|-boost|p1a: Dragonite|spe|1
|move|p1b: Pelipper|Hurricane|p2a: Dondozo
|-damage|p2a: Dondozo|0 fnt
|faint|p2a: Dondozo
|
|-weather|RainDance|[upkeep]
|upkeep
|
|t:|1757095805
|switch|p2a: Tyranitar|Tyranitar, L50, F|100/100
|-weather|Sandstorm|[from] ability: Sand Stream|[of] p2a: Tyranitar
|turn|3
|inactive|Monkeephonix has 30 seconds left.
|inactive|Pinoitaliano has 30 seconds left.
|
|t:|1757095835
|switch|p1b: Ursaluna|Ursaluna-Bloodmoon, L50, M|100/100
|-terastallize|p2a: Tyranitar|Flying
|move|p1a: Dragonite|Protect|p1a: Dragonite
|-singleturn|p1a: Dragonite|Protect
|move|p2b: Tatsugiri|Draco Meteor|p1a: Dragonite
|-activate|p1a: Dragonite|move: Protect
|move|p2a: Tyranitar|Rock Slide|p1a: Dragonite|[spread] p1b
|-activate|p1a: Dragonite|move: Protect
|-resisted|p1b: Ursaluna
|-damage|p1b: Ursaluna|82/100
|
|-weather|Sandstorm|[upkeep]
|-damage|p1a: Dragonite|45/100|[from] Sandstorm
|-damage|p2b: Tatsugiri|94/100|[from] Sandstorm
|-damage|p2a: Tyranitar|95/100|[from] Sandstorm
|upkeep
|turn|4
|inactive|Monkeephonix has 30 seconds left.
|
|t:|1757095861
|switch|p2a: Lycanroc|Lycanroc, L50, F|100/100
|-terastallize|p1b: Ursaluna|Normal
|move|p1a: Dragonite|Scale Shot|p2b: Tatsugiri
|-supereffective|p2b: Tatsugiri
|-crit|p2b: Tatsugiri
|-damage|p2b: Tatsugiri|1/100
|-supereffective|p2b: Tatsugiri
|-damage|p2b: Tatsugiri|0 fnt
|faint|p2b: Tatsugiri
|-hitcount|p2: Tatsugiri|2
|-unboost|p1a: Dragonite|def|1
|-boost|p1a: Dragonite|spe|1
|move|p1b: Ursaluna|Blood Moon|p2a: Lycanroc
|-resisted|p2a: Lycanroc
|-damage|p2a: Lycanroc|34/100
|
|-weather|Sandstorm|[upkeep]
|-damage|p1a: Dragonite|39/100|[from] Sandstorm
|-damage|p1b: Ursaluna|76/100|[from] Sandstorm
|-sideend|p1: Monkeephonix|move: Tailwind
|upkeep
|
|t:|1757095882
|switch|p2b: Tyranitar|Tyranitar, L50, F, tera:Flying|95/100
|turn|5
|
|t:|1757095901
|move|p2a: Lycanroc|Rock Slide|p1a: Dragonite|[spread] p1a,p1b
|-supereffective|p1a: Dragonite
|-damage|p1a: Dragonite|0 fnt
|-damage|p1b: Ursaluna|53/100
|faint|p1a: Dragonite
|move|p2b: Tyranitar|Low Kick|p1b: Ursaluna
|-supereffective|p1b: Ursaluna
|-damage|p1b: Ursaluna|0 fnt
|faint|p1b: Ursaluna
|
|-weather|Sandstorm|[upkeep]
|-damage|p2b: Tyranitar|89/100|[from] Sandstorm
|upkeep
|
|t:|1757095908
|switch|p1a: Archaludon|Archaludon, L50, F|100/100
|switch|p1b: Pelipper|Pelipper, L50, F|100/100
|-weather|RainDance|[from] ability: Drizzle|[of] p1b: Pelipper
|turn|6
|
|t:|1757095931
|move|p2a: Lycanroc|Endeavor|p1a: Archaludon
|-damage|p1a: Archaludon|31/100
|-ability|p1a: Archaludon|Stamina|boost
|-boost|p1a: Archaludon|def|1
|move|p1a: Archaludon|Electro Shot||[still]
|-prepare|p1a: Archaludon|Electro Shot
|-boost|p1a: Archaludon|spa|1
|-anim|p1a: Archaludon|Electro Shot|p2b: Tyranitar
|-supereffective|p2b: Tyranitar
|-damage|p2b: Tyranitar|0 fnt
|faint|p2b: Tyranitar
|move|p1b: Pelipper|Weather Ball|p2a: Lycanroc
|-supereffective|p2a: Lycanroc
|-damage|p2a: Lycanroc|0 fnt
|faint|p2a: Lycanroc
|
|win|Monkeephonix
|raw|Monkeephonix's rating: 1046 → 1081(+35 for winning)
|raw|Pinoitaliano's rating: 1061 → 1041(-20 for losing)
|l|☆Monkeephonix
|player|p1|
