|j|â˜†SeanClubcardcoach
|j|â˜†Awesome Person III
|html|SeanClubcardcoachAwesome Person III    
|uhtml|bestof|Game 2 of a best-of-3
|t:|1755188056
|gametype|doubles
|player|p1|SeanClubcardcoach|alder|1413
|player|p2|Awesome Person III|fisherman-gen4|1407
|gen|9
|tier|[Gen 9] VGC 2025 Reg H (Bo3)
|rated|
|rule|Species Clause: Limit one of each PokÃ©mon
|rule|Item Clause: Limit 1 of each item
|clearpoke
|poke|p1|Murkrow, L50, M|
|poke|p1|Indeedee-F, L50, F|
|poke|p1|Ursaluna-Bloodmoon, L50, M|
|poke|p1|Armarouge, L50, F|
|poke|p1|Gholdengo, L50|
|poke|p1|Annihilape, L50, F|
|poke|p2|Ninetales-Alola, L50, F|
|poke|p2|Arcanine-Hisui, L50, M|
|poke|p2|Electabuzz, L50, M|
|poke|p2|Garchomp, L50, M|
|poke|p2|Glaceon, L50, F|
|poke|p2|Rillaboom, L50, M|
|teampreview|4
|showteam|p1|Murkrow||Eviolite|Prankster|Tailwind,FoulPlay,Haze,SunnyDay|||M|||50|,,,,,Ghost]Indeedee-F||RockyHelmet|PsychicSurge|FollowMe,TrickRoom,HelpingHand,Psychic|||F|||50|,,,,,Fairy]Ursaluna-Bloodmoon||LifeOrb|MindsEye|Protect,EarthPower,HyperVoice,BloodMoon|||M|||50|,,,,,Normal]Armarouge||PowerHerb|FlashFire|TrickRoom,MeteorBeam,HeatWave,ExpandingForce|||F|||50|,,,,,Grass]Gholdengo||ChoiceSpecs|GoodasGold|MakeItRain,ShadowBall,Thunderbolt,Trick||||||50|,,,,,Steel]Annihilape||SafetyGoggles|Defiant|Protect,BulkUp,RageFist,DrainPunch|||F|||50|,,,,,Fire
|showteam|p2|Ninetales-Alola||LightClay|SnowWarning|Blizzard,IcyWind,AuroraVeil,HelpingHand|||F|||50|,,,,,Ghost]Arcanine-Hisui||ChoiceBand|Intimidate|HeadSmash,FlareBlitz,RockSlide,ExtremeSpeed|||M|||50|,,,,,Ghost]Electabuzz||Eviolite|VitalSpirit|Thunderbolt,Electroweb,Protect,FollowMe|||M|||50|,,,,,Ghost]Garchomp||LifeOrb|RoughSkin|DragonClaw,StompingTantrum,RockSlide,Protect|||M|||50|,,,,,Fire]Glaceon||ChoiceSpecs|IceBody|IceBeam,Blizzard,FreezeDry,BatonPass|||F|||50|,,,,,Ice]Rillaboom||AssaultVest|GrassySurge|WoodHammer,GrassyGlide,Uturn,FakeOut|||M|||50|,,,,,Fire
|inactive|Battle timer is ON: inactive players will automatically lose when time's up. (requested by Awesome Person III)
|inactive|SeanClubcardcoach also wants the timer to be on.
|
|t:|1755188079
|teamsize|p1|4
|teamsize|p2|4
|start
|switch|p1a: MurkAli|Murkrow, L50, M, shiny|100/100
|switch|p1b: Gholdengo|Gholdengo, L50|100/100
|switch|p2a: Electabuzz|Electabuzz, L50, M|100/100
|switch|p2b: Garchomp|Garchomp, L50, M|100/100
|turn|1
|inactive|Awesome Person III has 30 seconds left.
|
|t:|1755188104
|switch|p1b: InWeiWei|Indeedee-F, L50, F|100/100
|-fieldstart|move: Psychic Terrain|[from] ability: Psychic Surge|[of] p1b: InWeiWei
|-terastallize|p2b: Garchomp|Fire
|move|p2b: Garchomp|Stomping Tantrum|p1b: InWeiWei
|-damage|p1b: InWeiWei|51/100
|-damage|p2b: Garchomp|84/100|[from] item: Rocky Helmet|[of] p1b: InWeiWei
|-damage|p2b: Garchomp|74/100|[from] item: Life Orb
|move|p2a: Electabuzz|Thunderbolt|p1a: MurkAli
|-supereffective|p1a: MurkAli
|-damage|p1a: MurkAli|39/100
|move|p1a: MurkAli|Foul Play|p2b: Garchomp
|-damage|p2b: Garchomp|20/100
|-damage|p1a: MurkAli|27/100|[from] ability: Rough Skin|[of] p2b: Garchomp
|
|upkeep
|turn|2
|
|t:|1755188123
|move|p2b: Garchomp|Protect|p2b: Garchomp
|-singleturn|p2b: Garchomp|Protect
|move|p1a: MurkAli|Tailwind|p1a: MurkAli
|-sidestart|p1: SeanClubcardcoach|move: Tailwind
|move|p1b: InWeiWei|Psychic|p2b: Garchomp
|-activate|p2b: Garchomp|move: Protect
|move|p2a: Electabuzz|Electroweb|p1b: InWeiWei|[spread] p1a,p1b
|-supereffective|p1a: MurkAli
|-damage|p1a: MurkAli|0 fnt
|-damage|p1b: InWeiWei|38/100
|-unboost|p1b: InWeiWei|spe|1
|faint|p1a: MurkAli
|
|upkeep
|
|t:|1755188128
|switch|p1a: Dandish|Ursaluna-Bloodmoon, L50, M|100/100
|turn|3
|
|t:|1755188136
|switch|p2b: Rillaboom|Rillaboom, L50, M|100/100
|-fieldstart|move: Grassy Terrain|[from] ability: Grassy Surge|[of] p2b: Rillaboom
|-terastallize|p1a: Dandish|Normal
|move|p1b: InWeiWei|Helping Hand|p1a: Dandish
|-singleturn|p1a: Dandish|Helping Hand|[of] p1b: InWeiWei
|move|p2a: Electabuzz|Protect|p2a: Electabuzz
|-singleturn|p2a: Electabuzz|Protect
|move|p1a: Dandish|Hyper Voice|p2a: Electabuzz|[spread] p2b
|-activate|p2a: Electabuzz|move: Protect
|-damage|p2b: Rillaboom|20/100
|-damage|p1a: Dandish|91/100|[from] item: Life Orb
|
|-heal|p1a: Dandish|97/100|[from] Grassy Terrain
|-heal|p1b: InWeiWei|44/100|[from] Grassy Terrain
|-heal|p2b: Rillaboom|26/100|[from] Grassy Terrain
|upkeep
|turn|4
|
|t:|1755188152
|switch|p1b: Gholdengo|Gholdengo, L50|100/100
|move|p1a: Dandish|Protect|p1a: Dandish
|-singleturn|p1a: Dandish|Protect
|move|p2b: Rillaboom|Fake Out|p1a: Dandish
|-activate|p1a: Dandish|move: Protect
|move|p2a: Electabuzz|Electroweb|p1b: Gholdengo|[spread] p1b
|-activate|p1a: Dandish|move: Protect
|-damage|p1b: Gholdengo|84/100
|-unboost|p1b: Gholdengo|spe|1
|
|-heal|p1a: Dandish|100/100|[from] Grassy Terrain
|-heal|p1b: Gholdengo|90/100|[from] Grassy Terrain
|-heal|p2b: Rillaboom|32/100|[from] Grassy Terrain
|upkeep
|turn|5
|
|t:|1755188171
|switch|p1b: InWeiWei|Indeedee-F, L50, F|44/100
|-fieldstart|move: Psychic Terrain|[from] ability: Psychic Surge|[of] p1b: InWeiWei
|move|p2a: Electabuzz|Protect|p2a: Electabuzz
|-singleturn|p2a: Electabuzz|Protect
|move|p1a: Dandish|Hyper Voice|p2b: Rillaboom|[spread] p2b
|-activate|p2a: Electabuzz|move: Protect
|-damage|p2b: Rillaboom|0 fnt
|faint|p2b: Rillaboom
|-damage|p1a: Dandish|91/100|[from] item: Life Orb
|
|-sideend|p1: SeanClubcardcoach|move: Tailwind
|upkeep
|
|t:|1755188174
|switch|p2b: Glaceon|Glaceon, L50, F|100/100
|turn|6
|
|t:|1755188188
|move|p1a: Dandish|Protect|p1a: Dandish
|-singleturn|p1a: Dandish|Protect
|move|p2a: Electabuzz|Electroweb|p1a: Dandish|[spread] p1b
|-activate|p1a: Dandish|move: Protect
|-damage|p1b: InWeiWei|30/100
|-unboost|p1b: InWeiWei|spe|1
|move|p2b: Glaceon|Blizzard|p1b: InWeiWei|[spread] p1b
|-activate|p1a: Dandish|move: Protect
|-damage|p1b: InWeiWei|0 fnt
|faint|p1b: InWeiWei
|
|upkeep
|
|t:|1755188198
|switch|p1b: Gholdengo|Gholdengo, L50|90/100
|turn|7
|
|t:|1755188214
|move|p2a: Electabuzz|Electroweb|p1a: Dandish|[spread] p1a,p1b
|-damage|p1a: Dandish|74/100
|-damage|p1b: Gholdengo|75/100
|-unboost|p1a: Dandish|spe|1
|-unboost|p1b: Gholdengo|spe|1
|move|p2b: Glaceon|Blizzard|p1b: Gholdengo|[spread] p1b
|-miss|p2b: Glaceon|p1a: Dandish
|-resisted|p1b: Gholdengo
|-damage|p1b: Gholdengo|39/100
|move|p1b: Gholdengo|Make It Rain|p2b: Glaceon|[spread] p2a,p2b
|-resisted|p2a: Electabuzz
|-supereffective|p2b: Glaceon
|-damage|p2a: Electabuzz|70/100
|-damage|p2b: Glaceon|0 fnt
|-unboost|p1b: Gholdengo|spa|1
|faint|p2b: Glaceon
|move|p1a: Dandish|Blood Moon|p2a: Electabuzz
|-damage|p2a: Electabuzz|0 fnt
|faint|p2a: Electabuzz
|-damage|p1a: Dandish|65/100|[from] item: Life Orb
|
|upkeep
|-message|Awesome Person III forfeited.
|
|win|SeanClubcardcoach
|raw|SeanClubcardcoach's rating: 1413 → 1433(+20 for winning)
|raw|Awesome Person III's rating: 1407 → 1387(-20 for losing)
|l|â˜†Awesome Person III
|player|p2|
