|j|☆testdigi
|j|☆1Manuel1410
|html|testdigi1Manuel1410    
|uhtml|bestof|Game 3 of a best-of-3
|t:|1785324777
|gametype|doubles
|player|p1|testdigi|169|1150
|player|p2|1Manuel1410|pokemaniac|1241
|gen|9
|tier|[Gen 9 Champions] VGC 2026 Reg M-B (Bo3)
|rated|
|rule|Species Clause: Limit one of each Pokémon
|rule|Item Clause: Limit 1 of each item
|clearpoke
|poke|p1|Tyranitar, L50, F|
|poke|p1|Excadrill, L50, F|
|poke|p1|Gholdengo, L50, shiny|
|poke|p1|Milotic, L50, M, shiny|
|poke|p1|Sinistcha, L50|
|poke|p1|Staraptor, L50, M|
|poke|p2|Staraptor, L50, F|
|poke|p2|Whimsicott, L50, F|
|poke|p2|Primarina, L50, M|
|poke|p2|Maushold, L50|
|poke|p2|Delphox, L50, M|
|poke|p2|Sneasler, L50, M|
|teampreview|4
|showteam|p1|Tyranitar||Tyranitarite|SandStream|RockSlide,KnockOff,LowKick,Protect|Jolly||F|||50|]Excadrill||FocusSash|SandRush|HighHorsepower,IronHead,RockSlide,Protect|Adamant||F|||50|]Gholdengo||LifeOrb|GoodasGold|ShadowBall,MakeItRain,NastyPlot,Protect|Modest|||||50|]Milotic||SitrusBerry|Competitive|Scald,IceBeam,IcyWind,Protect|Calm||M|||50|]Sinistcha||ColburBerry|Hospitality|MatchaGotcha,ShadowBall,RagePowder,Protect|Bold|||||50|]Staraptor||Staraptite|Intimidate|CloseCombat,BraveBird,Tailwind,Protect|Jolly||M|||50|
|showteam|p2|Staraptor||Staraptite|Intimidate|Protect,Roost,CloseCombat,DualWingbeat|Jolly||F|||50|]Whimsicott||FocusSash|Prankster|Tailwind,Charm,Moonblast,LightScreen|Timid||F|||50|]Primarina||Leftovers|LiquidVoice|Protect,CalmMind,HyperVoice,Moonblast|Calm||M|||50|]Maushold||WideLens|FriendGuard|Protect,FollowMe,Charm,PopulationBomb|Jolly|||||50|]Delphox||Delphoxite|Blaze|Psychic,HeatWave,NastyPlot,Protect|Timid||M|||50|]Sneasler||WhiteHerb|Unburden|FakeOut,CloseCombat,DireClaw,Protect|Adamant||M|||50|
|inactive|Battle timer is ON: inactive players will automatically lose when time's up. (requested by 1Manuel1410)
|inactive|testdigi has 60 seconds left.
|
|t:|1785324814
|teamsize|p1|4
|teamsize|p2|4
|start
|switch|p1a: Gholdengo|Gholdengo, L50, shiny|100/100
|switch|p1b: Staraptor|Staraptor, L50, M|100/100
|switch|p2a: Delphox|Delphox, L50, M|100/100
|switch|p2b: Maushold|Maushold, L50|100/100
|-ability|p1b: Staraptor|Intimidate|boost
|-unboost|p2a: Delphox|atk|1
|-unboost|p2b: Maushold|atk|1
|turn|1
|
|t:|1785324830
|switch|p1a: Milotic|Milotic, L50, M, shiny|100/100
|detailschange|p2a: Delphox|Delphox-Mega, L50, M
|-mega|p2a: Delphox|Delphox|Delphoxite
|move|p2a: Delphox|Heat Wave|p1b: Staraptor|[spread] p1a,p1b
|-resisted|p1a: Milotic|1
|-damage|p1a: Milotic|86/100
|-damage|p1b: Staraptor|36/100
|-status|p1a: Milotic|brn
|move|p2b: Maushold|Population Bomb|p1b: Staraptor
|-damage|p1b: Staraptor|31/100
|-hitcount|p1b: Staraptor|1
|move|p1b: Staraptor|Tailwind|p1b: Staraptor
|-sidestart|p1: testdigi|move: Tailwind
|
|-damage|p1a: Milotic|80/100 brn|[from] brn
|upkeep
|turn|2
|inactive|testdigi has 30 seconds left.
|
|t:|1785324863
|switch|p2a: Primarina|Primarina, L50, M|100/100
|move|p1b: Staraptor|Protect|p1b: Staraptor
|-singleturn|p1b: Staraptor|Protect
|move|p2b: Maushold|Protect|p2b: Maushold
|-singleturn|p2b: Maushold|Protect
|move|p1a: Milotic|Icy Wind|p2a: Primarina|[spread] p2a
|-activate|p2b: Maushold|move: Protect
|-resisted|p2a: Primarina|1
|-damage|p2a: Primarina|96/100
|-unboost|p2a: Primarina|spe|1
|
|-heal|p2a: Primarina|100/100|[from] item: Leftovers
|-damage|p1a: Milotic|74/100 brn|[from] brn
|upkeep
|turn|3
|
|t:|1785324885
|switch|p1b: Gholdengo|Gholdengo, L50, shiny|100/100
|switch|p2b: Whimsicott|Whimsicott, L50, F|100/100
|move|p1a: Milotic|Scald|p2b: Whimsicott
|-resisted|p2b: Whimsicott|1
|-damage|p2b: Whimsicott|80/100
|move|p2a: Primarina|Calm Mind|p2a: Primarina
|-boost|p2a: Primarina|spa|1
|-boost|p2a: Primarina|spd|1
|
|-damage|p1a: Milotic|68/100 brn|[from] brn
|upkeep
|turn|4
|inactive|testdigi has 30 seconds left.
|
|t:|1785324915
|move|p2b: Whimsicott|Light Screen|p2b: Whimsicott
|-sidestart|p2: 1Manuel1410|move: Light Screen
|move|p1b: Gholdengo|Nasty Plot|p1b: Gholdengo
|-boost|p1b: Gholdengo|spa|2
|move|p1a: Milotic|Scald|p2a: Primarina
|-resisted|p2a: Primarina|1
|-damage|p2a: Primarina|94/100
|-status|p2a: Primarina|brn
|move|p2a: Primarina|Calm Mind|p2a: Primarina
|-boost|p2a: Primarina|spa|1
|-boost|p2a: Primarina|spd|1
|
|-heal|p2a: Primarina|100/100 brn|[from] item: Leftovers
|-damage|p1a: Milotic|62/100 brn|[from] brn
|-damage|p2a: Primarina|94/100 brn|[from] brn
|-sideend|p1: testdigi|move: Tailwind
|upkeep
|turn|5
|inactive|1Manuel1410 has 30 seconds left.
|
|t:|1785324946
|move|p2b: Whimsicott|Tailwind|p2b: Whimsicott
|-sidestart|p2: 1Manuel1410|move: Tailwind
|move|p1b: Gholdengo|Nasty Plot|p1b: Gholdengo
|-boost|p1b: Gholdengo|spa|2
|move|p2a: Primarina|Hyper Voice|p1b: Gholdengo|[spread] p1a,p1b
|-resisted|p1a: Milotic|1
|-crit|p1a: Milotic
|-damage|p1a: Milotic|33/100 brn
|-damage|p1b: Gholdengo|35/100
|-enditem|p1a: Milotic|Sitrus Berry|[eat]
|-heal|p1a: Milotic|57/100 brn|[from] item: Sitrus Berry
|move|p1a: Milotic|Icy Wind|p2b: Whimsicott|[spread] p2a,p2b
|-resisted|p2a: Primarina|1
|-supereffective|p2b: Whimsicott|1
|-damage|p2a: Primarina|92/100 brn
|-damage|p2b: Whimsicott|60/100
|-unboost|p2a: Primarina|spe|1
|-unboost|p2b: Whimsicott|spe|1
|
|-heal|p2a: Primarina|98/100 brn|[from] item: Leftovers
|-damage|p1a: Milotic|51/100 brn|[from] brn
|-damage|p2a: Primarina|92/100 brn|[from] brn
|upkeep
|turn|6
|
|t:|1785324965
|move|p1a: Milotic|Protect|p1a: Milotic
|-singleturn|p1a: Milotic|Protect
|move|p2b: Whimsicott|Moonblast|p1a: Milotic
|-activate|p1a: Milotic|move: Protect
|move|p1b: Gholdengo|Make It Rain|p2a: Primarina|[spread] p2a,p2b
|-supereffective|p2b: Whimsicott|1
|-damage|p2a: Primarina|39/100 brn
|-damage|p2b: Whimsicott|0 fnt
|-unboost|p1b: Gholdengo|spa|2
|faint|p2b: Whimsicott
|-damage|p1b: Gholdengo|26/100|[from] item: Life Orb
|move|p2a: Primarina|Hyper Voice|p1b: Gholdengo|[spread] p1b
|-activate|p1a: Milotic|move: Protect
|-damage|p1b: Gholdengo|0 fnt
|faint|p1b: Gholdengo
|
|-heal|p2a: Primarina|44/100 brn|[from] item: Leftovers
|-damage|p1a: Milotic|46/100 brn|[from] brn
|-damage|p2a: Primarina|39/100 brn|[from] brn
|upkeep
|
|t:|1785324981
|switch|p2b: Maushold|Maushold, L50|100/100
|switch|p1b: Staraptor|Staraptor, L50, M|31/100
|-ability|p1b: Staraptor|Intimidate|boost
|-unboost|p2a: Primarina|atk|1
|-unboost|p2b: Maushold|atk|1
|turn|7
|
|t:|1785325000
|move|p1b: Staraptor|Protect|p1b: Staraptor
|-singleturn|p1b: Staraptor|Protect
|move|p2b: Maushold|Follow Me|p2b: Maushold
|-singleturn|p2b: Maushold|move: Follow Me
|move|p1a: Milotic|Scald|p2b: Maushold
|-damage|p2b: Maushold|73/100
|move|p2a: Primarina|Hyper Voice|p1a: Milotic|[spread] p1a
|-activate|p1b: Staraptor|move: Protect
|-resisted|p1a: Milotic|1
|-crit|p1a: Milotic
|-damage|p1a: Milotic|19/100 brn
|
|-heal|p2a: Primarina|44/100 brn|[from] item: Leftovers
|-damage|p1a: Milotic|13/100 brn|[from] brn
|-damage|p2a: Primarina|39/100 brn|[from] brn
|upkeep
|turn|8
|
|t:|1785325020
|move|p1a: Milotic|Protect|p1a: Milotic
|-singleturn|p1a: Milotic|Protect
|move|p2b: Maushold|Follow Me|p2b: Maushold
|-singleturn|p2b: Maushold|move: Follow Me
|move|p1b: Staraptor|Tailwind|p1b: Staraptor
|-sidestart|p1: testdigi|move: Tailwind
|move|p2a: Primarina|Hyper Voice|p1a: Milotic|[spread] p1b
|-activate|p1a: Milotic|move: Protect
|-damage|p1b: Staraptor|0 fnt
|faint|p1b: Staraptor
|
|-heal|p2a: Primarina|44/100 brn|[from] item: Leftovers
|-damage|p1a: Milotic|7/100 brn|[from] brn
|-damage|p2a: Primarina|39/100 brn|[from] brn
|-sideend|p2: 1Manuel1410|move: Light Screen
|-sideend|p2: 1Manuel1410|move: Tailwind
|upkeep
|
|t:|1785325027
|switch|p1b: Tyranitar|Tyranitar, L50, F|100/100
|-weather|Sandstorm|[from] ability: Sand Stream|[of] p1b: Tyranitar
|turn|9
|
|t:|1785325051
|detailschange|p1b: Tyranitar|Tyranitar-Mega, L50, F
|-mega|p1b: Tyranitar|Tyranitar|Tyranitarite
|move|p2b: Maushold|Follow Me|p2b: Maushold
|-singleturn|p2b: Maushold|move: Follow Me
|move|p1b: Tyranitar|Rock Slide|p2b: Maushold|[spread] p2b
|-miss|p1b: Tyranitar|p2a: Primarina
|-damage|p2b: Maushold|28/100
|move|p1a: Milotic|Icy Wind|p2b: Maushold|[spread] p2a,p2b
|-resisted|p2a: Primarina|1
|-damage|p2a: Primarina|37/100 brn
|-damage|p2b: Maushold|15/100
|-unboost|p2a: Primarina|spe|1
|-unboost|p2b: Maushold|spe|1
|move|p2a: Primarina|Hyper Voice|p1b: Tyranitar|[spread] p1a,p1b
|-resisted|p1a: Milotic|1
|-supereffective|p1b: Tyranitar|1
|-damage|p1a: Milotic|0 fnt
|-damage|p1b: Tyranitar|36/100
|faint|p1a: Milotic
|
|-weather|Sandstorm|[upkeep]
|-damage|p2b: Maushold|9/100|[from] Sandstorm
|-damage|p2a: Primarina|31/100 brn|[from] Sandstorm
|-heal|p2a: Primarina|37/100 brn|[from] item: Leftovers
|-damage|p2a: Primarina|31/100 brn|[from] brn
|upkeep
|turn|10
|-message|testdigi forfeited.
|
|win|1Manuel1410
