|j|☆jayoticnl
|j|☆Braixen coxuda
|html|jayoticnlBraixen coxuda    
|uhtml|bestof|Game 1 of a best-of-3
|t:|1757780682
|gametype|doubles
|player|p1|jayoticnl|preschooler|
|player|p2|Braixen coxuda|caitlin|
|gen|9
|tier|[Gen 9] VGC 2025 Reg H (Bo3)
|rule|Species Clause: Limit one of each Pokémon
|rule|Item Clause: Limit 1 of each item
|clearpoke
|poke|p1|Pelipper, L50, M|
|poke|p1|Basculegion, L50, M|
|poke|p1|Archaludon, L50, M|
|poke|p1|Rillaboom, L50, F|
|poke|p1|Comfey, L50, F|
|poke|p1|Annihilape, L50, F|
|poke|p2|Rillaboom, L50, M|
|poke|p2|Ursaluna-Bloodmoon, L50, M|
|poke|p2|Basculegion, L50, M|
|poke|p2|Murkrow, L50, M|
|poke|p2|Pelipper, L50, F|
|poke|p2|Archaludon, L50, F|
|teampreview|4
|showteam|p1|Pelipper||FocusSash|Drizzle|Hurricane,WeatherBall,Tailwind,Protect|||M|||50|,,,,,Ghost]Basculegion||ChoiceBand|SwiftSwim|WaveCrash,FlipTurn,LastRespects,AquaJet|||M|||50|,,,,,Grass]Archaludon||AssaultVest|Stamina|ElectroShot,BodyPress,FlashCannon,Snarl|||M|||50|,,,,,Bug]Rillaboom||LoadedDice|GrassySurge|GrassyGlide,BulletSeed,FakeOut,HighHorsepower|||F|||50|,,,,,Poison]Comfey||SafetyGoggles|Triage|DrainingKiss,FloralHealing,LightScreen,Protect|||F|||50|,,,,,Steel]Annihilape||Leftovers|Defiant|DrainPunch,RageFist,BulkUp,Protect|||F|||50|,,,,,Fire
|showteam|p2|Rillaboom||MiracleSeed|GrassySurge|WoodHammer,GrassyGlide,Taunt,FakeOut|||M|||50|,,,,,Fire]Ursaluna-Bloodmoon||LifeOrb|MindsEye|HyperVoice,Protect,BloodMoon,EarthPower|||M|||50|,,,,,Normal]Basculegion||ChoiceBand|SwiftSwim|FlipTurn,WaveCrash,AquaJet,LastRespects|||M|||50|,,,,,Grass]Murkrow||Eviolite|Prankster|Tailwind,Haze,FoulPlay,RainDance|||M|||50|,,,,,Ghost]Pelipper||FocusSash|Drizzle|Hurricane,WeatherBall,Protect,WideGuard|||F|||50|,,,,,Stellar]Archaludon||AssaultVest|Stamina|BodyPress,ElectroShot,FlashCannon,DragonPulse|||F|||50|,,,,,Bug
|inactive|Battle timer is ON: inactive players will automatically lose when time's up. (requested by Braixen coxuda)
|inactive|Braixen coxuda has 60 seconds left.
|
|t:|1757780714
|teamsize|p1|4
|teamsize|p2|4
|start
|switch|p1a: Pelipper|Pelipper, L50, M|100/100
|switch|p1b: Basculegion|Basculegion, L50, M|100/100
|switch|p2a: Ursaluna|Ursaluna-Bloodmoon, L50, M|100/100
|switch|p2b: Murkrow|Murkrow, L50, M|100/100
|-weather|RainDance|[from] ability: Drizzle|[of] p1a: Pelipper
|turn|1
|inactive|jayoticnl has 30 seconds left.
|
|t:|1757780744
|switch|p2a: Gendo|Archaludon, L50, F|100/100
|move|p1b: Basculegion|Flip Turn|p2a: Gendo
|-resisted|p2a: Gendo
|-damage|p2a: Gendo|76/100
|-ability|p2a: Gendo|Stamina|boost
|-boost|p2a: Gendo|def|1
|
|t:|1757780750
|switch|p1b: Archaludon|Archaludon, L50, M|100/100|[from] Flip Turn
|move|p1a: Pelipper|Tailwind|p1a: Pelipper
|-sidestart|p1: jayoticnl|move: Tailwind
|move|p2b: Murkrow|Foul Play|p1b: Archaludon
|-damage|p1b: Archaludon|79/100
|-ability|p1b: Archaludon|Stamina|boost
|-boost|p1b: Archaludon|def|1
|
|-weather|RainDance|[upkeep]
|upkeep
|turn|2
|
|t:|1757780769
|switch|p2b: Ursaluna|Ursaluna-Bloodmoon, L50, M|100/100
|move|p1a: Pelipper|Protect|p1a: Pelipper
|-singleturn|p1a: Pelipper|Protect
|move|p1b: Archaludon|Electro Shot||[still]
|-prepare|p1b: Archaludon|Electro Shot
|-boost|p1b: Archaludon|spa|1
|-anim|p1b: Archaludon|Electro Shot|p2b: Ursaluna
|-immune|p2b: Ursaluna
|move|p2a: Gendo|Electro Shot||[still]
|-prepare|p2a: Gendo|Electro Shot
|-boost|p2a: Gendo|spa|1
|-anim|p2a: Gendo|Electro Shot|p1a: Pelipper
|-activate|p1a: Pelipper|move: Protect
|
|-weather|RainDance|[upkeep]
|upkeep
|turn|3
|inactive|jayoticnl has 30 seconds left.
|
|t:|1757780795
|-terastallize|p1b: Archaludon|Bug
|-terastallize|p2b: Ursaluna|Normal
|move|p1a: Pelipper|Weather Ball|p2b: Ursaluna
|-damage|p2b: Ursaluna|22/100
|move|p1b: Archaludon|Body Press|p2b: Ursaluna
|-supereffective|p2b: Ursaluna
|-damage|p2b: Ursaluna|0 fnt
|faint|p2b: Ursaluna
|move|p2a: Gendo|Electro Shot||[still]
|-prepare|p2a: Gendo|Electro Shot
|-boost|p2a: Gendo|spa|1
|-anim|p2a: Gendo|Electro Shot|p1a: Pelipper
|-supereffective|p1a: Pelipper
|-enditem|p1a: Pelipper|Focus Sash
|-damage|p1a: Pelipper|1/100
|
|-weather|RainDance|[upkeep]
|upkeep
|
|t:|1757780801
|switch|p2b: Murkrow|Murkrow, L50, M|100/100
|turn|4
|
|t:|1757780815
|move|p1a: Pelipper|Protect|p1a: Pelipper
|-singleturn|p1a: Pelipper|Protect
|move|p2b: Murkrow|Tailwind|p2b: Murkrow
|-sidestart|p2: Braixen coxuda|move: Tailwind
|move|p1b: Archaludon|Electro Shot||[still]
|-prepare|p1b: Archaludon|Electro Shot
|-boost|p1b: Archaludon|spa|1
|-anim|p1b: Archaludon|Electro Shot|p2b: Murkrow
|-supereffective|p2b: Murkrow
|-crit|p2b: Murkrow
|-damage|p2b: Murkrow|0 fnt
|faint|p2b: Murkrow
|move|p2a: Gendo|Electro Shot||[still]
|-prepare|p2a: Gendo|Electro Shot
|-boost|p2a: Gendo|spa|1
|-anim|p2a: Gendo|Electro Shot|p1b: Archaludon
|-damage|p1b: Archaludon|12/100
|-ability|p1b: Archaludon|Stamina|boost
|-boost|p1b: Archaludon|def|1
|
|-weather|RainDance|[upkeep]
|-sideend|p1: jayoticnl|move: Tailwind
|upkeep
|
|t:|1757780824
|switch|p2b: Nobunaga|Basculegion, L50, M, shiny|100/100
|turn|5
|
|t:|1757780839
|switch|p1b: Basculegion|Basculegion, L50, M|100/100
|move|p2b: Nobunaga|Last Respects|p1a: Pelipper
|-damage|p1a: Pelipper|0 fnt
|faint|p1a: Pelipper
|move|p2a: Gendo|Electro Shot||[still]
|-prepare|p2a: Gendo|Electro Shot
|-boost|p2a: Gendo|spa|1
|-anim|p2a: Gendo|Electro Shot|p1b: Basculegion
|-supereffective|p1b: Basculegion
|-damage|p1b: Basculegion|0 fnt
|faint|p1b: Basculegion
|
|-weather|none
|upkeep
|
|t:|1757780845
|switch|p1b: Comfey|Comfey, L50, F|100/100
|switch|p1a: Archaludon|Archaludon, L50, M, tera:Bug|12/100
|turn|6
|
|t:|1757780865
|move|p1b: Comfey|Floral Healing|p1a: Archaludon
|-heal|p1a: Archaludon|62/100
|move|p2b: Nobunaga|Last Respects|p1a: Archaludon
|-damage|p1a: Archaludon|0 fnt
|faint|p1a: Archaludon
|move|p2a: Gendo|Flash Cannon|p1b: Comfey
|-supereffective|p1b: Comfey
|-damage|p1b: Comfey|0 fnt
|faint|p1b: Comfey
|
|win|Braixen coxuda
||jayoticnl is ready for game 2.
|inactive|Braixen coxuda has 30 seconds to confirm battle start!
||Braixen coxuda is ready for game 2.
|uhtml|next|Next: Game 2 of 3
|l|☆Braixen coxuda
|player|p2|
