|j|☆Vienna Vaporeons
|j|☆MidoMidori
|html|Vienna VaporeonsMidoMidori    
|uhtml|bestof|Game 2 of a best-of-3
|t:|1756236407
|gametype|doubles
|player|p1|Vienna Vaporeons|101|1147
|player|p2|MidoMidori|roxanne-gen6|1248
|gen|9
|tier|[Gen 9] VGC 2025 Reg H (Bo3)
|rated|
|rule|Species Clause: Limit one of each Pokémon
|rule|Item Clause: Limit 1 of each item
|clearpoke
|poke|p1|Politoed, L50, F|
|poke|p1|Archaludon, L50, M|
|poke|p1|Kingdra, L50, M|
|poke|p1|Incineroar, L50, M|
|poke|p1|Amoonguss, L50, M|
|poke|p1|Gothitelle, L50, M|
|poke|p2|Sneasler, L50, F|
|poke|p2|Indeedee, L50, M|
|poke|p2|Volcarona, L50, F|
|poke|p2|Ursaluna-Bloodmoon, L50, M|
|poke|p2|Annihilape, L50, F|
|poke|p2|Tyranitar, L50, M|
|teampreview|4
|showteam|p1|Politoed||Leftovers|Drizzle|Protect,WeatherBall,PerishSong,Encore|||F|||50|,,,,,Grass]Archaludon||PowerHerb|Sturdy|Protect,ElectroShot,FlashCannon,DragonPulse|||M|||50|,,,,,Electric]Kingdra||LifeOrb|SwiftSwim|Protect,DracoMeteor,WeatherBall,MuddyWater|||M|||50|,,,,,Stellar]Incineroar||SafetyGoggles|Intimidate|FakeOut,KnockOff,PartingShot,Protect|||M|||50|,,,,,Ghost]Amoonguss||EjectButton|Regenerator|Protect,RagePowder,Spore,PollenPuff|||M|||50|,,,,,Fairy]Gothitelle||SitrusBerry|ShadowTag|Protect,Psychic,FakeOut,TrickRoom|||M|||50|,,,,,Dark
|showteam|p2|Sneasler||PsychicSeed|Unburden|CloseCombat,DireClaw,ThroatChop,Protect|||F|||50|,,,,,Dark]Indeedee||ChoiceScarf|PsychicSurge|ExpandingForce,TeraBlast,Trick,Protect|||M|||50|,,,,,Psychic]Volcarona||SitrusBerry|FlameBody|Overheat,StruggleBug,RagePowder,Tailwind|||F|||50|,,,,,Grass]Ursaluna-Bloodmoon||LifeOrb|MindsEye|BloodMoon,HyperVoice,EarthPower,Protect|||M|||50|,,,,,Normal]Annihilape||SafetyGoggles|Defiant|CloseCombat,RageFist,Taunt,FinalGambit|||F|||50|,,,,,Fairy]Tyranitar||AssaultVest|SandStream|RockSlide,KnockOff,TeraBlast,LowKick|||M|||50|,,,,,Flying
|
|t:|1756236414
|teamsize|p1|4
|teamsize|p2|4
|start
|switch|p1a: Kingdra|Kingdra, L50, M, shiny|100/100
|switch|p1b: Gothitelle|Gothitelle, L50, M, shiny|100/100
|switch|p2a: Sneasler|Sneasler, L50, F|100/100
|switch|p2b: Annihilape|Annihilape, L50, F|100/100
|turn|1
|
|t:|1756236426
|move|p2a: Sneasler|Protect|p2a: Sneasler
|-singleturn|p2a: Sneasler|Protect
|move|p1a: Kingdra|Protect|p1a: Kingdra
|-singleturn|p1a: Kingdra|Protect
|move|p2b: Annihilape|Final Gambit|p1a: Kingdra
|-activate|p1a: Kingdra|move: Protect
|move|p1b: Gothitelle|Psychic|p2a: Sneasler
|-activate|p2a: Sneasler|move: Protect
|
|upkeep
|turn|2
|
|t:|1756236450
|switch|p1b: Politoed|Politoed, L50, F, shiny|100/100
|-weather|RainDance|[from] ability: Drizzle|[of] p1b: Politoed
|-terastallize|p2a: Sneasler|Dark
|move|p1a: Kingdra|Muddy Water|p2a: Sneasler|[spread] p2a,p2b
|-crit|p2a: Sneasler
|-damage|p2a: Sneasler|0 fnt
|-damage|p2b: Annihilape|53/100
|faint|p2a: Sneasler
|-damage|p1a: Kingdra|91/100|[from] item: Life Orb
|move|p2b: Annihilape|Final Gambit|p1a: Kingdra
|-damage|p1a: Kingdra|18/100
|faint|p2b: Annihilape
|
|-weather|RainDance|[upkeep]
|upkeep
|
|t:|1756236453
|switch|p2a: Tyranitar|Tyranitar, L50, M|100/100
|switch|p2b: Indeedee|Indeedee, L50, M|100/100
|-fieldstart|move: Psychic Terrain|[from] ability: Psychic Surge|[of] p2b: Indeedee
|-weather|Sandstorm|[from] ability: Sand Stream|[of] p2a: Tyranitar
|turn|3
|
|t:|1756236472
|switch|p1a: Incineroar|Incineroar, L50, M, shiny|100/100
|-ability|p1a: Incineroar|Intimidate|boost
|-unboost|p2a: Tyranitar|atk|1
|-unboost|p2b: Indeedee|atk|1
|switch|p1b: Gothitelle|Gothitelle, L50, M, shiny|100/100
|move|p2b: Indeedee|Expanding Force|p1b: Gothitelle|[spread] p1b
|-immune|p1a: Incineroar
|-resisted|p1b: Gothitelle
|-crit|p1b: Gothitelle
|-damage|p1b: Gothitelle|69/100
|move|p2a: Tyranitar|Rock Slide|p1b: Gothitelle|[spread] p1a,p1b
|-supereffective|p1a: Incineroar
|-damage|p1a: Incineroar|62/100
|-damage|p1b: Gothitelle|47/100
|-enditem|p1b: Gothitelle|Sitrus Berry|[eat]
|-heal|p1b: Gothitelle|72/100|[from] item: Sitrus Berry
|
|-weather|Sandstorm|[upkeep]
|-damage|p2b: Indeedee|95/100|[from] Sandstorm
|-damage|p1b: Gothitelle|65/100|[from] Sandstorm
|upkeep
|turn|4
|
|t:|1756236499
|switch|p1b: Politoed|Politoed, L50, F, shiny|100/100
|-weather|RainDance|[from] ability: Drizzle|[of] p1b: Politoed
|move|p1a: Incineroar|Protect|p1a: Incineroar
|-singleturn|p1a: Incineroar|Protect
|move|p2b: Indeedee|Expanding Force|p1a: Incineroar|[spread] p1b
|-activate|p1a: Incineroar|move: Protect
|-damage|p1b: Politoed|59/100
|move|p2a: Tyranitar|Rock Slide|p1b: Politoed|[spread] p1b
|-activate|p1a: Incineroar|move: Protect
|-damage|p1b: Politoed|38/100
|
|-weather|RainDance|[upkeep]
|-heal|p1b: Politoed|44/100|[from] item: Leftovers
|upkeep
|turn|5
|
|t:|1756236514
|move|p2b: Indeedee|Expanding Force|p1b: Politoed|[spread] p1b
|-immune|p1a: Incineroar
|-damage|p1b: Politoed|0 fnt
|faint|p1b: Politoed
|move|p2a: Tyranitar|Rock Slide|p1a: Incineroar
|-supereffective|p1a: Incineroar
|-crit|p1a: Incineroar
|-damage|p1a: Incineroar|0 fnt
|faint|p1a: Incineroar
|
|-weather|RainDance|[upkeep]
|upkeep
|
|t:|1756236523
|switch|p1b: Kingdra|Kingdra, L50, M, shiny|18/100
|switch|p1a: Gothitelle|Gothitelle, L50, M, shiny|65/100
|turn|6
|
|t:|1756236537
|-terastallize|p1b: Kingdra|Stellar
|move|p1b: Kingdra|Muddy Water|p2b: Indeedee|[spread] p2a,p2b
|-supereffective|p2a: Tyranitar
|-damage|p2a: Tyranitar|16/100
|-damage|p2b: Indeedee|0 fnt
|faint|p2b: Indeedee
|-damage|p1b: Kingdra|8/100|[from] item: Life Orb
|move|p2a: Tyranitar|Rock Slide|p1b: Kingdra|[spread] p1a,p1b
|-damage|p1a: Gothitelle|45/100
|-damage|p1b: Kingdra|0 fnt
|faint|p1b: Kingdra
|move|p1a: Gothitelle|Psychic|p2a: Tyranitar
|-immune|p2a: Tyranitar
|
|-weather|RainDance|[upkeep]
|upkeep
|turn|7
|c|☆Vienna Vaporeons|absolutely ridiculous
|c|☆Vienna Vaporeons|triple crit for the win
|-message|Vienna Vaporeons forfeited.
|
|win|MidoMidori
|raw|Vienna Vaporeons's rating: 1147 → 1129(-18 for losing)
|raw|MidoMidori's rating: 1248 → 1266(+18 for winning)
|l|☆Vienna Vaporeons
|player|p1|
