|j|‽gwen1126
|j|☆jakejakejake
|html|gwen1126jakejakejake    
|uhtml|bestof|Game 1 of a best-of-3
|t:|1784726042
|gametype|doubles
|player|p1|gwen1126|265|1087
|player|p2|jakejakejake|169|1142
|gen|9
|tier|[Gen 9 Champions] VGC 2026 Reg M-B (Bo3)
|rated|
|rule|Species Clause: Limit one of each Pokémon
|rule|Item Clause: Limit 1 of each item
|clearpoke
|poke|p1|Decidueye-Hisui, L50, M|
|poke|p1|Chandelure, L50, F|
|poke|p1|Liepard, L50, F|
|poke|p1|Scizor, L50, F|
|poke|p1|Greninja, L50, F|
|poke|p1|Aerodactyl, L50, M|
|poke|p2|Scovillain, L50, F|
|poke|p2|Froslass, L50, F|
|poke|p2|Basculegion, L50, M|
|poke|p2|Incineroar, L50, M|
|poke|p2|Avalugg-Hisui, L50, F|
|poke|p2|Chandelure, L50, M|
|teampreview|4
|showteam|p1|Decidueye-Hisui||ScopeLens|Scrappy|LeafBlade,TripleArrows,ShadowClaw,Protect|Adamant||M|||50|]Chandelure||ColburBerry|FlashFire|ShadowBall,HeatWave,Taunt,Protect|Modest||F|||50|]Liepard||FocusSash|Prankster|ThroatChop,Yawn,Encore,Protect|Serious||F|||50|]Scizor||Scizorite|Technician|IronHead,CloseCombat,Lunge,Protect|Adamant||F|||50|]Greninja||LifeOrb|Protean|IceBeam,Surf,RockSlide,Protect|Hasty||F|||50|]Aerodactyl||Aerodactylite|RockHead|RockSlide,AerialAce,DragonClaw,Protect|Jolly||M|||50|
|showteam|p2|Scovillain||Scovillainite|Moody|LeechSeed,Protect,RagePowder,Flamethrower|Calm||F|||50|]Froslass||Froslassite|CursedBody|Blizzard,Protect,DestinyBond,ShadowBall|Timid||F|||50|]Basculegion||SpellTag|Adaptability|HeadSmash,WaveCrash,LastRespects,FlipTurn|Adamant||M|||50|]Incineroar||SitrusBerry|Intimidate|FakeOut,PartingShot,FlareBlitz,Taunt|Serious||M|||50|]Avalugg-Hisui||Leftovers|IceBody|MirrorCoat,BodyPress,IronDefense,Recover|Calm||F|||50|]Chandelure||FocusSash|FlashFire|TrickRoom,FireBlast,ShadowBall,WillOWisp|Sassy||M|||50|
|inactive|Battle timer is ON: inactive players will automatically lose when time's up. (requested by jakejakejake)
|
|t:|1784726086
|teamsize|p1|4
|teamsize|p2|4
|start
|switch|p1a: Liepard|Liepard, L50, F|100/100
|switch|p1b: Decidueye|Decidueye-Hisui, L50, M|100/100
|switch|p2a: Scovillain|Scovillain, L50, F|100/100
|switch|p2b: Basculegion|Basculegion, L50, M|100/100
|turn|1
|inactive|gwen1126 has 30 seconds left.
|inactive|gwen1126 has 20 seconds left.
|inactive|gwen1126 has 15 seconds left.
|inactive|gwen1126 has 10 seconds left.
|inactive|gwen1126 has 5 seconds left.
|
|t:|1784726139
|detailschange|p2a: Scovillain|Scovillain-Mega, L50, F
|-mega|p2a: Scovillain|Scovillain|Scovillainite
|move|p1b: Decidueye|Protect|p1b: Decidueye
|-singleturn|p1b: Decidueye|Protect
|move|p2a: Scovillain|Rage Powder|p2a: Scovillain
|-singleturn|p2a: Scovillain|move: Rage Powder
|move|p1a: Liepard|Yawn|p2a: Scovillain
|-start|p2a: Scovillain|move: Yawn|[of] p1a: Liepard
|move|p2b: Basculegion|Flip Turn|p1a: Liepard
|-damage|p1a: Liepard|10/100
|
|t:|1784726161
|switch|p2b: Incineroar|Incineroar, L50, M|100/100|[from] Flip Turn
|-ability|p2b: Incineroar|Intimidate|boost
|-unboost|p1a: Liepard|atk|1
|-fail|p1b: Decidueye|unboost|Attack|[from] ability: Scrappy|[of] p1b: Decidueye
|
|upkeep
|turn|2
|inactive|gwen1126 has 30 seconds left.
|
|t:|1784726187
|switch|p2a: Chandelure|Chandelure, L50, M|100/100
|move|p2b: Incineroar|Fake Out|p1b: Decidueye
|-damage|p1b: Decidueye|86/100
|move|p1a: Liepard|Yawn|p2b: Incineroar
|-hint|Since gen 7, Dark is immune to Prankster moves.
|-immune|p2b: Incineroar
|cant|p1b: Decidueye|flinch
|
|upkeep
|turn|3
|inactive|gwen1126 has 30 seconds left.
|inactive|jakejakejake has 30 seconds left.
|inactive|jakejakejake has 20 seconds left.
|
|t:|1784726226
|switch|p2a: Basculegion|Basculegion, L50, M|100/100
|move|p1a: Liepard|Encore|p2b: Incineroar
|-hint|Since gen 7, Dark is immune to Prankster moves.
|-immune|p2b: Incineroar
|move|p1b: Decidueye|Shadow Claw|p2a: Basculegion
|-supereffective|p2a: Basculegion|1
|-crit|p2a: Basculegion
|-damage|p2a: Basculegion|4/100
|move|p2b: Incineroar|Flare Blitz|p1a: Liepard
|-damage|p1a: Liepard|0 fnt
|faint|p1a: Liepard
|-damage|p2b: Incineroar|97/100|[from] Recoil
|
|upkeep
|
|t:|1784726243
|switch|p1a: Chandelure|Chandelure, L50, F|100/100
|turn|4
|l|☆jakejakejake
|inactive|jakejakejake disconnected and has a minute to reconnect!
|player|p2|
|inactive|jakejakejake has 30 seconds left.
|j|☆jakejakejake
|inactive|jakejakejake reconnected and has 30 seconds left.
|player|p2|jakejakejake|169|
|inactive|jakejakejake has 20 seconds left.
|inactive|jakejakejake has 15 seconds left.
|inactive|jakejakejake has 10 seconds left.
|inactive|jakejakejake has 5 seconds left.
|
|t:|1784726298
|move|p2a: Basculegion|Head Smash|p1b: Decidueye
|-resisted|p1b: Decidueye|1
|-damage|p1b: Decidueye|51/100
|-damage|p2a: Basculegion|0 fnt|[from] Recoil
|faint|p2a: Basculegion
|move|p1b: Decidueye|Triple Arrows|p2b: Incineroar
|-supereffective|p2b: Incineroar|1
|-crit|p2b: Incineroar
|-damage|p2b: Incineroar|0 fnt
|faint|p2b: Incineroar
|move|p1a: Chandelure|Heat Wave|p2: Basculegion|[notarget]
|-fail|p1a: Chandelure
|
|upkeep
|
|t:|1784726301
|switch|p2a: Chandelure|Chandelure, L50, M|100/100
|switch|p2b: Scovillain|Scovillain-Mega, L50, F|100/100
|turn|5
|inactive|gwen1126 has 30 seconds left.
|inactive|gwen1126 has 20 seconds left.
|
|t:|1784726337
|switch|p1b: Greninja|Greninja, L50, F|100/100
|move|p1a: Chandelure|Protect|p1a: Chandelure
|-singleturn|p1a: Chandelure|Protect
|move|p2b: Scovillain|Rage Powder|p2b: Scovillain
|-singleturn|p2b: Scovillain|move: Rage Powder
|move|p2a: Chandelure|Shadow Ball|p1a: Chandelure
|-activate|p1a: Chandelure|move: Protect
|
|upkeep
|turn|6
|inactive|jakejakejake has 30 seconds left.
|inactive|jakejakejake has 20 seconds left.
|
|t:|1784726375
|move|p2b: Scovillain|Rage Powder|p2b: Scovillain
|-singleturn|p2b: Scovillain|move: Rage Powder
|move|p1b: Greninja|Rock Slide|p2a: Chandelure|[spread] p2a,p2b
|-start|p1b: Greninja|typechange|Rock|[from] ability: Protean
|-supereffective|p2a: Chandelure|1
|-supereffective|p2b: Scovillain|1
|-damage|p2a: Chandelure|39/100
|-damage|p2b: Scovillain|36/100
|-status|p1b: Greninja|brn|[from] ability: Spicy Spray|[of] p2b: Scovillain
|-damage|p1b: Greninja|90/100 brn|[from] item: Life Orb
|move|p1a: Chandelure|Shadow Ball|p2b: Scovillain
|-damage|p2b: Scovillain|0 fnt
|-immune|p1a: Chandelure
|faint|p2b: Scovillain
|move|p2a: Chandelure|Shadow Ball|p1a: Chandelure
|-supereffective|p1a: Chandelure|1
|-damage|p1a: Chandelure|16/100
|-unboost|p1a: Chandelure|spd|1
|
|-damage|p1b: Greninja|84/100 brn|[from] brn
|upkeep
|turn|7
|-message|jakejakejake forfeited.
|
|win|gwen1126
|l|☆jakejakejake
|player|p2|
|raw|gwen1126's rating: 1087 → 1118(+31 for winning)
|raw|jakejakejake's rating: 1142 → 1113(-29 for losing)
