|j|☆xdi8723
|j|☆ghostboydillon
|html|xdi8723ghostboydillon    
|uhtml|bestof|Game 1 of a best-of-3
|t:|1785868147
|gametype|doubles
|player|p1|xdi8723|265|1056
|player|p2|ghostboydillon|gambler|1000
|gen|9
|tier|[Gen 9 Champions] VGC 2026 Reg M-B (Bo3)
|rated|
|rule|Species Clause: Limit one of each Pokémon
|rule|Item Clause: Limit 1 of each item
|clearpoke
|poke|p1|Archaludon, L50, M|
|poke|p1|Pelipper, L50, M|
|poke|p1|Grimmsnarl, L50, M|
|poke|p1|Sinistcha, L50|
|poke|p1|Swampert, L50, F|
|poke|p1|Lycanroc-Dusk, L50, M|
|poke|p2|Aggron, L50, F|
|poke|p2|Pelipper, L50, M|
|poke|p2|Appletun, L50, F|
|poke|p2|Annihilape, L50, M|
|poke|p2|Grimmsnarl, L50, M|
|poke|p2|Glimmora, L50, M|
|teampreview|4
|showteam|p1|Archaludon||Leftovers|Stamina|ElectroShot,AuraSphere,FlashCannon,Protect|Modest||M|||50|]Pelipper||SitrusBerry|Drizzle|Tailwind,WeatherBall,Hurricane,WideGuard|Modest||M|||50|]Grimmsnarl||LightClay|Prankster|PartingShot,SpiritBreak,Reflect,LightScreen|Calm||M|||50|]Sinistcha||KasibBerry|Hospitality|MatchaGotcha,LifeDew,RagePowder,TrickRoom|Calm|||||50|]Swampert||Swampertite|Torrent|WaveCrash,Earthquake,IcePunch,Protect|Adamant||F|||50|]Lycanroc-Dusk||FocusSash|ToughClaws|Protect,RockSlide,Accelerock,CloseCombat|Jolly||M|||50|
|showteam|p2|Aggron||Aggronite|Sturdy|HeavySlam,BodyPress,IronDefense,Protect|Impish||F|||50|]Pelipper||Leftovers|Drizzle|Whirlpool,AquaRing,Roost,Protect|Bold||M|||50|]Appletun||SitrusBerry|ThickFat|AppleAcid,LeechSeed,Recover,Protect|Calm||F|||50|]Annihilape||LumBerry|Defiant|Earthquake,CrossChop,RageFist,Protect|Adamant||M|||50|]Grimmsnarl||LightClay|Prankster|Taunt,LightScreen,ScaryFace,DazzlingGleam|Careful||M|||50|]Glimmora||FocusSash|ToxicDebris|ToxicSpikes,StealthRock,AcidSpray,SpikyShield|Timid||M|||50|
|inactive|Battle timer is ON: inactive players will automatically lose when time's up. (requested by ghostboydillon)
|c|☆ghostboydillon|gl hf
|inactive|xdi8723 has 60 seconds left.
|c|☆xdi8723|glhf
|
|t:|1785868228
|teamsize|p1|4
|teamsize|p2|4
|start
|switch|p1a: Pelipper|Pelipper, L50, M|100/100
|switch|p1b: Archaludon|Archaludon, L50, M|100/100
|switch|p2a: Appletun|Appletun, L50, F|100/100
|switch|p2b: Glimmora|Glimmora, L50, M|100/100
|-weather|RainDance|[from] ability: Drizzle|[of] p1a: Pelipper
|turn|1
|inactive|xdi8723 has 30 seconds left.
|inactive|xdi8723 has 20 seconds left.
|inactive|xdi8723 has 15 seconds left.
|
|t:|1785868268
|move|p2b: Glimmora|Spiky Shield|p2b: Glimmora
|-singleturn|p2b: Glimmora|move: Protect
|move|p2a: Appletun|Protect|p2a: Appletun
|-singleturn|p2a: Appletun|Protect
|move|p1b: Archaludon|Electro Shot||[still]
|-prepare|p1b: Archaludon|Electro Shot
|-boost|p1b: Archaludon|spa|1
|-anim|p1b: Archaludon|Electro Shot|p2b: Glimmora
|-activate|p2b: Glimmora|move: Protect
|move|p1a: Pelipper|Hurricane|p2a: Appletun
|-activate|p2a: Appletun|move: Protect
|
|-weather|RainDance|[upkeep]
|upkeep
|turn|2
|
|t:|1785868286
|move|p2b: Glimmora|Toxic Spikes|p1a: Pelipper
|-sidestart|p1: xdi8723|move: Toxic Spikes
|move|p1b: Archaludon|Electro Shot||[still]
|-prepare|p1b: Archaludon|Electro Shot
|-boost|p1b: Archaludon|spa|1
|-anim|p1b: Archaludon|Electro Shot|p2b: Glimmora
|-enditem|p2b: Glimmora|Focus Sash
|-damage|p2b: Glimmora|1/100
|move|p1a: Pelipper|Tailwind|p1a: Pelipper
|-sidestart|p1: xdi8723|move: Tailwind
|move|p2a: Appletun|Leech Seed|p1b: Archaludon
|-start|p1b: Archaludon|move: Leech Seed
|
|-weather|RainDance|[upkeep]
|-damage|p1b: Archaludon|87/100|[from] Leech Seed|[of] p2a: Appletun
|upkeep
|turn|3
|inactive|xdi8723 has 30 seconds left.
|
|t:|1785868319
|move|p1b: Archaludon|Flash Cannon|p2a: Appletun
|-damage|p2a: Appletun|46/100
|-enditem|p2a: Appletun|Sitrus Berry|[eat]
|-heal|p2a: Appletun|70/100|[from] item: Sitrus Berry
|move|p1a: Pelipper|Weather Ball|p2b: Glimmora
|-supereffective|p2b: Glimmora|1
|-damage|p2b: Glimmora|0 fnt
|faint|p2b: Glimmora
|move|p2a: Appletun|Apple Acid|p1a: Pelipper
|-damage|p1a: Pelipper|61/100
|-unboost|p1a: Pelipper|spd|1
|
|-weather|RainDance|[upkeep]
|-heal|p1b: Archaludon|93/100|[from] item: Leftovers
|-damage|p1b: Archaludon|81/100|[from] Leech Seed|[of] p2a: Appletun
|-heal|p2a: Appletun|82/100|[silent]
|upkeep
|
|t:|1785868334
|switch|p2b: Annihilape|Annihilape, L50, M|100/100
|turn|4
|
|t:|1785868356
|switch|p1a: Sinistcha|Sinistcha, L50|100/100
|-status|p1a: Sinistcha|psn
|-heal|p1b: Archaludon|100/100|[from] ability: Hospitality|[of] p1a: Sinistcha
|switch|p2a: Pelipper|Pelipper, L50, M|100/100
|move|p1b: Archaludon|Electro Shot||[still]
|-prepare|p1b: Archaludon|Electro Shot
|-boost|p1b: Archaludon|spa|1
|-anim|p1b: Archaludon|Electro Shot|p2b: Annihilape
|-damage|p2b: Annihilape|3/100
|move|p2b: Annihilape|Rage Fist|p1a: Sinistcha
|-supereffective|p1a: Sinistcha|1
|-crit|p1a: Sinistcha
|-enditem|p1a: Sinistcha|Kasib Berry|[eat]
|-enditem|p1a: Sinistcha|Kasib Berry|[weaken]
|-damage|p1a: Sinistcha|25/100 psn
|
|-weather|RainDance|[upkeep]
|-damage|p1b: Archaludon|87/100|[from] Leech Seed|[of] p2a: Pelipper
|-damage|p1a: Sinistcha|12/100 psn|[from] psn
|upkeep
|turn|5
|inactive|xdi8723 has 30 seconds left.
|inactive|xdi8723 has 20 seconds left.
|
|t:|1785868394
|move|p2b: Annihilape|Protect|p2b: Annihilape
|-singleturn|p2b: Annihilape|Protect
|move|p2a: Pelipper|Protect|p2a: Pelipper
|-singleturn|p2a: Pelipper|Protect
|move|p1a: Sinistcha|Rage Powder|p1a: Sinistcha
|-singleturn|p1a: Sinistcha|move: Rage Powder
|move|p1b: Archaludon|Electro Shot||[still]
|-prepare|p1b: Archaludon|Electro Shot
|-boost|p1b: Archaludon|spa|1
|-anim|p1b: Archaludon|Electro Shot|p2a: Pelipper
|-activate|p2a: Pelipper|move: Protect
|
|-weather|none
|-heal|p1b: Archaludon|93/100|[from] item: Leftovers
|-damage|p1b: Archaludon|81/100|[from] Leech Seed|[of] p2a: Pelipper
|-damage|p1a: Sinistcha|0 fnt|[from] psn
|faint|p1a: Sinistcha
|-sideend|p1: xdi8723|move: Tailwind
|upkeep
|
|t:|1785868410
|switch|p1a: Pelipper|Pelipper, L50, M|61/100
|-weather|RainDance|[from] ability: Drizzle|[of] p1a: Pelipper
|turn|6
|inactive|ghostboydillon has 30 seconds left.
|inactive|ghostboydillon has 20 seconds left.
|inactive|ghostboydillon has 15 seconds left.
|
|t:|1785868453
|move|p1b: Archaludon|Electro Shot||[still]
|-prepare|p1b: Archaludon|Electro Shot
|-boost|p1b: Archaludon|spa|1
|-anim|p1b: Archaludon|Electro Shot|p2b: Annihilape
|-damage|p2b: Annihilape|0 fnt
|faint|p2b: Annihilape
|move|p1a: Pelipper|Tailwind|p1a: Pelipper
|-sidestart|p1: xdi8723|move: Tailwind
|move|p2a: Pelipper|Whirlpool|p1b: Archaludon
|-resisted|p1b: Archaludon|1
|-damage|p1b: Archaludon|70/100
|-activate|p1b: Archaludon|move: Whirlpool|[of] p2a: Pelipper
|-ability|p1b: Archaludon|Stamina|boost
|-boost|p1b: Archaludon|def|1
|
|-weather|RainDance|[upkeep]
|-heal|p1b: Archaludon|77/100|[from] item: Leftovers
|-damage|p1b: Archaludon|64/100|[from] Leech Seed|[of] p2a: Pelipper
|-damage|p1b: Archaludon|52/100|[from] move: Whirlpool|[partiallytrapped]
|upkeep
|
|t:|1785868468
|switch|p2b: Appletun|Appletun, L50, F|82/100
|turn|7
|
|t:|1785868483
|move|p1b: Archaludon|Electro Shot||[still]
|-prepare|p1b: Archaludon|Electro Shot
|-boost|p1b: Archaludon|spa|1
|-anim|p1b: Archaludon|Electro Shot|p2a: Pelipper
|-supereffective|p2a: Pelipper|2
|-damage|p2a: Pelipper|0 fnt
|faint|p2a: Pelipper
|move|p1a: Pelipper|Hurricane|p2b: Appletun
|-supereffective|p2b: Appletun|1
|-damage|p2b: Appletun|20/100y
|move|p2b: Appletun|Apple Acid|p1a: Pelipper
|-damage|p1a: Pelipper|22/100
|-unboost|p1a: Pelipper|spd|1
|-enditem|p1a: Pelipper|Sitrus Berry|[eat]
|-heal|p1a: Pelipper|46/100|[from] item: Sitrus Berry
|
|-weather|RainDance|[upkeep]
|-heal|p1b: Archaludon|58/100|[from] item: Leftovers
|-end|p1b: Archaludon|Whirlpool|[partiallytrapped]|[silent]
|upkeep
|turn|8
|-message|ghostboydillon forfeited.
|raw|xdi8723's rating: 1056 → 1083(+27 for winning)
|raw|ghostboydillon's rating: 1000 → 1000(+0 for losing)
|
|win|xdi8723
|l|☆ghostboydillon
|player|p2|
