|j|☆UltraMeowstic
|j|☆KodeBeast0526
|html|UltraMeowsticKodeBeast0526    
|uhtml|bestof|Game 3 of a best-of-3
|t:|1785722754
|gametype|doubles
|player|p1|UltraMeowstic|wallace|1130
|player|p2|KodeBeast0526|hiker|1247
|gen|9
|tier|[Gen 9 Champions] VGC 2026 Reg M-B (Bo3)
|rated|
|rule|Species Clause: Limit one of each Pokémon
|rule|Item Clause: Limit 1 of each item
|clearpoke
|poke|p1|Glimmora, L50, F, shiny|
|poke|p1|Beedrill, L50, M|
|poke|p1|Floette-Eternal, L50, F|
|poke|p1|Incineroar, L50, M, shiny|
|poke|p1|Altaria, L50, M|
|poke|p1|Tauros-Paldea-Aqua, L50, M|
|poke|p2|Basculegion, L50, M|
|poke|p2|Garchomp, L50, F|
|poke|p2|Scizor, L50, F|
|poke|p2|Tyranitar, L50, F|
|poke|p2|Sneasler, L50, F|
|poke|p2|Corviknight, L50, F|
|teampreview|4
|showteam|p1|Glimmora||FocusSash|ToxicDebris|SludgeBomb,PowerGem,EarthPower,SpikyShield|Modest||F|||50|]Beedrill||Beedrillite|Swarm|DualWingbeat,Protect,PoisonJab,Uturn|Adamant||M|||50|]Floette-Eternal||Floettite|FlowerVeil|LightofRuin,Protect,DazzlingGleam,Moonblast|Modest||F|||50|]Incineroar||PasshoBerry|Intimidate|FakeOut,FlareBlitz,PartingShot,DarkestLariat|Adamant||M|||50|]Altaria||Leftovers|CloudNine|WillOWisp,DragonPulse,Protect,Roost|Calm||M|||50|]Tauros-Paldea-Aqua||WhiteHerb|Intimidate|Protect,CloseCombat,AquaJet,WaveCrash|Adamant||M|||50|
|showteam|p2|Basculegion||SitrusBerry|Adaptability|WaveCrash,LastRespects,AquaJet,Protect|Jolly||M|||50|]Garchomp||Garchompite|RoughSkin|EarthPower,DracoMeteor,PowerGem,Protect|Modest||F|||50|]Scizor||LifeOrb|Technician|BulletPunch,BugBite,SwordsDance,Protect|Adamant||F|||50|]Tyranitar||ChoiceScarf|SandStream|RockSlide,KnockOff,IcePunch,Superpower|Jolly||F|||50|]Sneasler||FocusSash|PoisonTouch|PoisonJab,CloseCombat,FakeOut,Protect|Jolly||F|||50|]Corviknight||Leftovers|MirrorArmor|IronHead,BraveBird,Tailwind,Protect|Impish||F|||50|
|inactive|Battle timer is ON: inactive players will automatically lose when time's up. (requested by KodeBeast0526)
|
|t:|1785722861
|teamsize|p1|4
|teamsize|p2|4
|start
|switch|p1a: Beedrill|Beedrill, L50, M|100/100
|switch|p1b: Altaria|Altaria, L50, M|100/100
|switch|p2a: Garchomp|Garchomp, L50, F|100/100
|switch|p2b: Corviknight|Corviknight, L50, F|100/100
|-ability|p1b: Altaria|Cloud Nine
|turn|1
|
|t:|1785722885
|switch|p1b: Incineroar|Incineroar, L50, M, shiny|100/100
|-ability|p1b: Incineroar|Intimidate|boost
|-unboost|p2a: Garchomp|atk|1
|-ability|p2b: Corviknight|Mirror Armor
|-unboost|p1b: Incineroar|atk|1
|detailschange|p1a: Beedrill|Beedrill-Mega, L50, M
|-mega|p1a: Beedrill|Beedrill|Beedrillite
|move|p2a: Garchomp|Protect|p2a: Garchomp
|-singleturn|p2a: Garchomp|Protect
|move|p1a: Beedrill|U-turn|p2a: Garchomp
|-activate|p2a: Garchomp|move: Protect
|move|p2b: Corviknight|Tailwind|p2b: Corviknight
|-sidestart|p2: KodeBeast0526|move: Tailwind
|
|upkeep
|turn|2
|inactive|UltraMeowstic has 30 seconds left.
|inactive|KodeBeast0526 has 30 seconds left.
|inactive|UltraMeowstic has 20 seconds left.
|inactive|UltraMeowstic has 15 seconds left.
|
|t:|1785722929
|switch|p2a: Tyranitar|Tyranitar, L50, F|100/100
|-weather|Sandstorm|[from] ability: Sand Stream|[of] p2a: Tyranitar
|move|p1a: Beedrill|Protect|p1a: Beedrill
|-singleturn|p1a: Beedrill|Protect
|move|p2b: Corviknight|Brave Bird|p1a: Beedrill
|-activate|p1a: Beedrill|move: Protect
|move|p1b: Incineroar|Flare Blitz|p2b: Corviknight
|-supereffective|p2b: Corviknight|1
|-damage|p2b: Corviknight|41/100
|-damage|p1b: Incineroar|80/100|[from] Recoil
|
|-weather|Sandstorm|[upkeep]
|-damage|p1a: Beedrill|94/100|[from] Sandstorm
|-damage|p1b: Incineroar|74/100|[from] Sandstorm
|-heal|p2b: Corviknight|47/100|[from] item: Leftovers
|upkeep
|turn|3
|inactive|UltraMeowstic has 30 seconds left.
|
|t:|1785722961
|switch|p1a: Altaria|Altaria, L50, M|100/100
|-ability|p1a: Altaria|Cloud Nine
|move|p2a: Tyranitar|Rock Slide|p1a: Altaria|[spread] p1a,p1b
|-supereffective|p1a: Altaria|1
|-supereffective|p1b: Incineroar|1
|-damage|p1a: Altaria|46/100
|-damage|p1b: Incineroar|17/100
|move|p2b: Corviknight|Brave Bird|p1b: Incineroar
|-damage|p1b: Incineroar|0 fnt
|faint|p1b: Incineroar
|-damage|p2b: Corviknight|41/100|[from] Recoil
|
|-weather|Sandstorm|[upkeep]
|-heal|p2b: Corviknight|47/100|[from] item: Leftovers
|-heal|p1a: Altaria|52/100|[from] item: Leftovers
|upkeep
|
|t:|1785722975
|switch|p1b: Beedrill|Beedrill-Mega, L50, M|94/100
|turn|4
|
|t:|1785722985
|move|p1b: Beedrill|Protect|p1b: Beedrill
|-singleturn|p1b: Beedrill|Protect
|move|p1a: Altaria|Protect|p1a: Altaria
|-singleturn|p1a: Altaria|Protect
|move|p2a: Tyranitar|Rock Slide|p1b: Beedrill|[spread] 
|-activate|p1a: Altaria|move: Protect
|-activate|p1b: Beedrill|move: Protect
|move|p2b: Corviknight|Brave Bird|p1a: Altaria
|-activate|p1a: Altaria|move: Protect
|
|-weather|Sandstorm|[upkeep]
|-heal|p2b: Corviknight|53/100|[from] item: Leftovers
|-heal|p1a: Altaria|58/100|[from] item: Leftovers
|-sideend|p2: KodeBeast0526|move: Tailwind
|upkeep
|turn|5
|
|t:|1785723000
|move|p1b: Beedrill|U-turn|p2a: Tyranitar
|-supereffective|p2a: Tyranitar|1
|-damage|p2a: Tyranitar|0 fnt
|faint|p2a: Tyranitar
|
|t:|1785723005
|switch|p1b: Floette|Floette-Eternal, L50, F|100/100|[from] U-turn
|move|p1a: Altaria|Roost|p1a: Altaria
|-heal|p1a: Altaria|100/100
|-singleturn|p1a: Altaria|move: Roost
|move|p2b: Corviknight|Tailwind|p2b: Corviknight
|-sidestart|p2: KodeBeast0526|move: Tailwind
|
|-weather|Sandstorm|[upkeep]
|-heal|p2b: Corviknight|59/100|[from] item: Leftovers
|upkeep
|
|t:|1785723029
|switch|p2a: Garchomp|Garchomp, L50, F|100/100
|turn|6
|inactive|UltraMeowstic has 30 seconds left.
|
|t:|1785723063
|detailschange|p2a: Garchomp|Garchomp-Mega, L50, F
|-mega|p2a: Garchomp|Garchomp|Garchompite
|move|p1b: Floette|Protect|p1b: Floette
|-singleturn|p1b: Floette|Protect
|move|p2a: Garchomp|Draco Meteor|p1a: Altaria
|-supereffective|p1a: Altaria|1
|-damage|p1a: Altaria|0 fnt
|-unboost|p2a: Garchomp|spa|2
|faint|p1a: Altaria
|move|p2b: Corviknight|Iron Head|p1b: Floette
|-activate|p1b: Floette|move: Protect
|
|-weather|none
|-heal|p2b: Corviknight|64/100|[from] item: Leftovers
|upkeep
|
|t:|1785723072
|switch|p1a: Beedrill|Beedrill-Mega, L50, M|94/100
|turn|7
|inactive|KodeBeast0526 has 30 seconds left.
|inactive|UltraMeowstic has 30 seconds left.
|inactive|UltraMeowstic has 20 seconds left.
|inactive|UltraMeowstic has 15 seconds left.
|inactive|UltraMeowstic has 10 seconds left.
|
|t:|1785723128
|switch|p2a: Basculegion|Basculegion, L50, M|100/100
|move|p1a: Beedrill|U-turn|p2b: Corviknight
|-resisted|p2b: Corviknight|2
|-damage|p2b: Corviknight|53/100
|move|p2b: Corviknight|Iron Head|p1b: Floette
|-supereffective|p1b: Floette|1
|-damage|p1b: Floette|23/100
|move|p1b: Floette|Dazzling Gleam|p2b: Corviknight|[spread] p2a,p2b
|-resisted|p2b: Corviknight|1
|-damage|p2a: Basculegion|61/100
|-damage|p2b: Corviknight|41/100
|
|-heal|p2b: Corviknight|47/100|[from] item: Leftovers
|upkeep
|turn|8
|inactive|UltraMeowstic has 30 seconds left.
|
|t:|1785723157
|move|p1a: Beedrill|Protect|p1a: Beedrill
|-singleturn|p1a: Beedrill|Protect
|move|p1b: Floette|Protect|p1b: Floette
|-singleturn|p1b: Floette|Protect
|move|p2a: Basculegion|Last Respects|p1b: Floette
|-activate|p1b: Floette|move: Protect
|move|p2b: Corviknight|Brave Bird|p1a: Beedrill
|-activate|p1a: Beedrill|move: Protect
|
|-heal|p2b: Corviknight|53/100|[from] item: Leftovers
|-sideend|p2: KodeBeast0526|move: Tailwind
|upkeep
|turn|9
|
|t:|1785723171
|move|p2a: Basculegion|Aqua Jet|p1b: Floette
|-damage|p1b: Floette|0 fnt
|faint|p1b: Floette
|move|p1a: Beedrill|Poison Jab|p2a: Basculegion
|-resisted|p2a: Basculegion|1
|-damage|p2a: Basculegion|21/100
|-status|p2a: Basculegion|psn
|-enditem|p2a: Basculegion|Sitrus Berry|[eat]
|-heal|p2a: Basculegion|46/100 psn|[from] item: Sitrus Berry
|move|p2b: Corviknight|Brave Bird|p1a: Beedrill
|-supereffective|p1a: Beedrill|1
|-damage|p1a: Beedrill|0 fnt
|faint|p1a: Beedrill
|-damage|p2b: Corviknight|31/100|[from] Recoil
|
|win|KodeBeast0526
|raw|UltraMeowstic's rating: 1130 → 1113(-17 for losing)
|raw|KodeBeast0526's rating: 1247 → 1264(+17 for winning)
