|j|☆LeoFernando27
|j|☆Colonelpaco
|html|LeoFernando27Colonelpaco    
|uhtml|bestof|Game 1 of a best-of-3
|t:|1757625462
|gametype|doubles
|player|p1|LeoFernando27|2|1065
|player|p2|Colonelpaco|266|1000
|gen|9
|tier|[Gen 9] VGC 2025 Reg H (Bo3)
|rated|
|rule|Species Clause: Limit one of each Pokémon
|rule|Item Clause: Limit 1 of each item
|clearpoke
|poke|p1|Talonflame, L50, F|
|poke|p1|Typhlosion-Hisui, L50, F|
|poke|p1|Samurott-Hisui, L50, M|
|poke|p1|Garchomp, L50, M|
|poke|p1|Electabuzz, L50, M|
|poke|p1|Meowscarada, L50, M|
|poke|p2|Sneasler, L50, F|
|poke|p2|Dragapult, L50, M|
|poke|p2|Primarina, L50, F|
|poke|p2|Rillaboom, L50, F|
|poke|p2|Kingambit, L50, M|
|poke|p2|Magmar, L50, F|
|teampreview|4
|showteam|p1|Talonflame||CovertCloak|GaleWings|Tailwind,BraveBird,SunnyDay,QuickGuard|||F|||50|,,,,,Flying]Typhlosion-Hisui||ChoiceSpecs|Frisk|Eruption,HeatWave,Overheat,ShadowBall|||F|||50|,,,,,Fire]Samurott-Hisui||RazorClaw|Sharpness|AquaCutter,NightSlash,SacredSword,Protect|||M|||50|,,,,,Poison]Garchomp||LifeOrb|RoughSkin|Earthquake,DragonClaw,StompingTantrum,Protect|||M|||50|,,,,,Steel]Electabuzz||Eviolite|VitalSpirit|Thunderbolt,FollowMe,Taunt,Protect|||M|||50|,,,,,Fairy]Meowscarada||FocusSash|Overgrow|FlowerTrick,TripleAxel,KnockOff,Protect|||M|||50|,,,,,Grass
|showteam|p2|Sneasler||FocusSash|Unburden|CloseCombat,DireClaw,FakeOut,Protect|||F|||50|,,,,,Stellar]Dragapult||ChoiceBand|ClearBody|DragonDarts,TeraBlast,PhantomForce,Uturn|||M|||50|,,,,,Ghost]Primarina||SitrusBerry|LiquidVoice|HyperVoice,Moonblast,Haze,Protect|||F|||50|,,,,,Water]Rillaboom||AssaultVest|GrassySurge|WoodHammer,GrassyGlide,HighHorsepower,FakeOut|||F|||50|,,,,,Fire]Kingambit||BlackGlasses|Defiant|KowtowCleave,SuckerPunch,SwordsDance,Protect|||M|||50|,,,,,Ghost]Magmar||Eviolite|VitalSpirit|Overheat,WillOWisp,FollowMe,Protect|||F|||50|,,,,,Ghost
|inactive|Battle timer is ON: inactive players will automatically lose when time's up. (requested by Colonelpaco)
|
|t:|1757625486
|teamsize|p1|4
|teamsize|p2|4
|start
|switch|p1a: Typhlosion|Typhlosion-Hisui, L50, F|100/100
|switch|p1b: Talonflame|Talonflame, L50, F|100/100
|switch|p2a: Dragapult|Dragapult, L50, M|100/100
|switch|p2b: Kingambit|Kingambit, L50, M|100/100
|-item|p2a: Dragapult|Choice Band|[from] ability: Frisk|[of] p1a: Typhlosion
|-item|p2b: Kingambit|Black Glasses|[from] ability: Frisk|[of] p1a: Typhlosion
|turn|1
|inactive|Colonelpaco has 30 seconds left.
|inactive|Colonelpaco has 20 seconds left.
|inactive|Colonelpaco has 15 seconds left.
|
|t:|1757625527
|-terastallize|p1a: Typhlosion|Fire
|move|p2b: Kingambit|Sucker Punch|p1a: Typhlosion
|-damage|p1a: Typhlosion|31/100
|move|p2a: Dragapult|Dragon Darts|p1b: Talonflame
|-damage|p1b: Talonflame|50/100
|-anim|p2a: Dragapult|Dragon Darts|p1a: Typhlosion
|-damage|p1a: Typhlosion|0 fnt
|faint|p1a: Typhlosion
|move|p1b: Talonflame|Sunny Day|p1b: Talonflame
|-weather|SunnyDay
|
|-weather|SunnyDay|[upkeep]
|upkeep
|
|t:|1757625546
|switch|p1a: Garchomp|Garchomp, L50, M|100/100
|turn|2
|
|t:|1757625569
|move|p2b: Kingambit|Sucker Punch|p1a: Garchomp
|-damage|p1a: Garchomp|56/100
|-damage|p2b: Kingambit|88/100|[from] ability: Rough Skin|[of] p1a: Garchomp
|move|p2a: Dragapult|Dragon Darts|p1a: Garchomp
|-supereffective|p1a: Garchomp
|-damage|p1a: Garchomp|0 fnt
|-anim|p2a: Dragapult|Dragon Darts|p1b: Talonflame
|-damage|p1b: Talonflame|1/100
|faint|p1a: Garchomp
|move|p1b: Talonflame|Tailwind|p1b: Talonflame
|-sidestart|p1: LeoFernando27|move: Tailwind
|
|-weather|SunnyDay|[upkeep]
|upkeep
|
|t:|1757625582
|switch|p1a: Meowscarada|Meowscarada, L50, M|100/100
|turn|3
|
|t:|1757625600
|move|p1b: Talonflame|Brave Bird|p2b: Kingambit
|-resisted|p2b: Kingambit
|-damage|p2b: Kingambit|75/100
|-damage|p1b: Talonflame|0 fnt|[from] Recoil
|faint|p1b: Talonflame
|move|p1a: Meowscarada|Triple Axel|p2a: Dragapult
|-supereffective|p2a: Dragapult
|-damage|p2a: Dragapult|83/100
|-supereffective|p2a: Dragapult
|-damage|p2a: Dragapult|51/100
|-supereffective|p2a: Dragapult
|-crit|p2a: Dragapult
|-damage|p2a: Dragapult|0 fnt
|faint|p2a: Dragapult
|-hitcount|p2: Dragapult|3
|move|p2b: Kingambit|Kowtow Cleave|p1a: Meowscarada
|-resisted|p1a: Meowscarada
|-damage|p1a: Meowscarada|54/100
|
|-weather|SunnyDay|[upkeep]
|upkeep
|
|t:|1757625618
|switch|p2a: Rillaboom|Rillaboom, L50, F|100/100
|-fieldstart|move: Grassy Terrain|[from] ability: Grassy Surge|[of] p2a: Rillaboom
|turn|4
|
|t:|1757625624
|move|p1a: Meowscarada|Protect|p1a: Meowscarada
|-singleturn|p1a: Meowscarada|Protect
|move|p2a: Rillaboom|Fake Out|p1a: Meowscarada
|-activate|p1a: Meowscarada|move: Protect
|move|p2b: Kingambit|Swords Dance|p2b: Kingambit
|-boost|p2b: Kingambit|atk|2
|
|-weather|SunnyDay|[upkeep]
|-heal|p1a: Meowscarada|60/100|[from] Grassy Terrain
|-heal|p2b: Kingambit|81/100|[from] Grassy Terrain
|upkeep
|turn|5
|
|t:|1757625640
|move|p2b: Kingambit|Sucker Punch|p1a: Meowscarada
|-resisted|p1a: Meowscarada
|-damage|p1a: Meowscarada|0 fnt
|faint|p1a: Meowscarada
|
|win|Colonelpaco
