|j|☆That1Morpecko
|j|☆Vaccamad
|html|That1MorpeckoVaccamad    
|uhtml|bestof|Game 3 of a best-of-3
|t:|1782514458
|gametype|doubles
|player|p1|That1Morpecko|hiker-gen4|1078
|player|p2|Vaccamad|266|1090
|gen|9
|tier|[Gen 9 Champions] VGC 2026 Reg M-B (Bo3)
|rated|
|rule|Species Clause: Limit one of each Pokémon
|rule|Item Clause: Limit 1 of each item
|clearpoke
|poke|p1|Archaludon, L50, F|
|poke|p1|Pelipper, L50, M|
|poke|p1|Grimmsnarl, L50, M|
|poke|p1|Metagross, L50|
|poke|p1|Sinistcha, L50|
|poke|p1|Swampert, L50, F|
|poke|p2|Raichu, L50, F|
|poke|p2|Staraptor, L50, F|
|poke|p2|Incineroar, L50, M|
|poke|p2|Metagross, L50|
|poke|p2|Sinistcha, L50|
|poke|p2|Primarina, L50, M|
|teampreview|4
|showteam|p1|Archaludon||Leftovers|Stamina|Protect,ElectroShot,FlashCannon,DragonPulse|Modest||F|||50|]Pelipper||SitrusBerry|Drizzle|WideGuard,Tailwind,WeatherBall,Hurricane|Modest||M|||50|]Grimmsnarl||LightClay|Prankster|FoulPlay,PartingShot,LightScreen,Reflect|Calm||M|||50|]Metagross||Metagrossite|ClearBody|IronHead,Protect,BodyPress,PsychicFangs|Jolly|||||50|]Sinistcha||CobaBerry|Hospitality|Protect,TrickRoom,MatchaGotcha,RagePowder|Relaxed|||||50|]Swampert||Swampertite|Damp|Protect,IcePunch,WaveCrash,Earthquake|Adamant||F|||50|
|showteam|p2|Raichu||FocusSash|LightningRod|FakeOut,Nuzzle,EerieImpulse,Thunderbolt|Timid||F|||50|]Staraptor||Staraptite|Intimidate|BraveBird,Tailwind,CloseCombat,Protect|Jolly||F|||50|]Incineroar||SitrusBerry|Intimidate|FakeOut,FlareBlitz,ThroatChop,PartingShot|Impish||M|||50|]Metagross||Metagrossite|ClearBody|PsychicFangs,IronHead,StompingTantrum,Protect|Jolly|||||50|]Sinistcha||OccaBerry|Hospitality|MatchaGotcha,RagePowder,TrickRoom,Protect|Bold|||||50|]Primarina||LifeOrb|LiquidVoice|Protect,DazzlingGleam,IceBeam,HydroPump|Modest||M|||50|
|inactive|Battle timer is ON: inactive players will automatically lose when time's up. (requested by That1Morpecko)
|inactive|That1Morpecko has 60 seconds left.
|
|t:|1782514494
|teamsize|p1|4
|teamsize|p2|4
|start
|switch|p1a: Pelipper|Pelipper, L50, M|100/100
|switch|p1b: Archaludon|Archaludon, L50, F|100/100
|switch|p2a: Raichu|Raichu, L50, F|100/100
|switch|p2b: Primarina|Primarina, L50, M|100/100
|-weather|RainDance|[from] ability: Drizzle|[of] p1a: Pelipper
|turn|1
|inactive|That1Morpecko has 30 seconds left.
|inactive|That1Morpecko has 20 seconds left.
|inactive|That1Morpecko has 15 seconds left.
|
|t:|1782514536
|switch|p1a: Sinistcha|Sinistcha, L50|100/100
|move|p2a: Raichu|Thunderbolt|p1a: Sinistcha
|-resisted|p1a: Sinistcha|1
|-damage|p1a: Sinistcha|81/100
|move|p1b: Archaludon|Dragon Pulse|p2a: Raichu
|-damage|p2a: Raichu|44/100
|move|p2b: Primarina|Dazzling Gleam|p1b: Archaludon|[spread] p1a,p1b
|-damage|p1a: Sinistcha|41/100
|-damage|p1b: Archaludon|64/100
|-ability|p1b: Archaludon|Stamina|boost
|-boost|p1b: Archaludon|def|1
|-damage|p2b: Primarina|90/100|[from] item: Life Orb
|
|-weather|RainDance|[upkeep]
|-heal|p1b: Archaludon|70/100|[from] item: Leftovers
|upkeep
|turn|2
|inactive|That1Morpecko has 30 seconds left.
|inactive|That1Morpecko has 20 seconds left.
|inactive|That1Morpecko has 15 seconds left.
|inactive|That1Morpecko has 10 seconds left.
|inactive|That1Morpecko has 5 seconds left.
|
|t:|1782514591
|switch|p2a: Sinistcha|Sinistcha, L50|100/100
|-heal|p2b: Primarina|100/100|[from] ability: Hospitality|[of] p2a: Sinistcha
|move|p1b: Archaludon|Protect|p1b: Archaludon
|-singleturn|p1b: Archaludon|Protect
|move|p1a: Sinistcha|Protect|p1a: Sinistcha
|-singleturn|p1a: Sinistcha|Protect
|move|p2b: Primarina|Dazzling Gleam|p1a: Sinistcha|[spread] 
|-activate|p1a: Sinistcha|move: Protect
|-activate|p1b: Archaludon|move: Protect
|
|-weather|RainDance|[upkeep]
|-heal|p1b: Archaludon|76/100|[from] item: Leftovers
|upkeep
|turn|3
|inactive|That1Morpecko has 30 seconds left.
|inactive|Vaccamad has 30 seconds left.
|inactive|That1Morpecko has 20 seconds left.
|inactive|That1Morpecko has 15 seconds left.
|
|t:|1782514632
|move|p2b: Primarina|Protect|p2b: Primarina
|-singleturn|p2b: Primarina|Protect
|move|p1b: Archaludon|Dragon Pulse|p2a: Sinistcha
|-damage|p2a: Sinistcha|60/100
|move|p1a: Sinistcha|Matcha Gotcha|p2b: Primarina|[spread] p2a
|-activate|p2b: Primarina|move: Protect
|-resisted|p2a: Sinistcha|1
|-damage|p2a: Sinistcha|48/100
|-heal|p1a: Sinistcha|47/100|[from] drain|[of] p2a: Sinistcha
|-status|p2a: Sinistcha|brn
|move|p2a: Sinistcha|Trick Room|p2a: Sinistcha
|-fieldstart|move: Trick Room|[of] p2a: Sinistcha
|
|-weather|RainDance|[upkeep]
|-heal|p1b: Archaludon|82/100|[from] item: Leftovers
|-damage|p2a: Sinistcha|42/100 brn|[from] brn
|upkeep
|turn|4
|
|t:|1782514651
|move|p1a: Sinistcha|Protect|p1a: Sinistcha
|-singleturn|p1a: Sinistcha|Protect
|move|p2a: Sinistcha|Rage Powder|p2a: Sinistcha
|-singleturn|p2a: Sinistcha|move: Rage Powder
|move|p2b: Primarina|Ice Beam|p1a: Sinistcha
|-activate|p1a: Sinistcha|move: Protect
|move|p1b: Archaludon|Dragon Pulse|p2a: Sinistcha
|-damage|p2a: Sinistcha|8/100 brn
|
|-weather|RainDance|[upkeep]
|-heal|p1b: Archaludon|88/100|[from] item: Leftovers
|-damage|p2a: Sinistcha|2/100 brn|[from] brn
|upkeep
|turn|5
|
|t:|1782514666
|move|p1b: Archaludon|Protect|p1b: Archaludon
|-singleturn|p1b: Archaludon|Protect
|move|p2a: Sinistcha|Rage Powder|p2a: Sinistcha
|-singleturn|p2a: Sinistcha|move: Rage Powder
|move|p1a: Sinistcha|Matcha Gotcha|p2a: Sinistcha|[spread] p2a,p2b
|-resisted|p2a: Sinistcha|1
|-supereffective|p2b: Primarina|1
|-damage|p2a: Sinistcha|0 fnt
|-heal|p1a: Sinistcha|48/100|[from] drain|[of] p2a: Sinistcha
|-damage|p2b: Primarina|59/100
|-heal|p1a: Sinistcha|69/100|[from] drain|[of] p2b: Primarina
|-status|p2b: Primarina|brn
|faint|p2a: Sinistcha
|move|p2b: Primarina|Dazzling Gleam|p1a: Sinistcha|[spread] p1a
|-activate|p1b: Archaludon|move: Protect
|-damage|p1a: Sinistcha|29/100
|-damage|p2b: Primarina|49/100 brn|[from] item: Life Orb
|
|-weather|none
|-heal|p1b: Archaludon|94/100|[from] item: Leftovers
|-damage|p2b: Primarina|43/100 brn|[from] brn
|upkeep
|
|t:|1782514671
|switch|p2a: Raichu|Raichu, L50, F|44/100
|turn|6
|-message|Vaccamad forfeited.
|
|win|That1Morpecko
|raw|That1Morpecko's rating: 1078 → 1107(+29 for winning)
|raw|Vaccamad's rating: 1090 → 1066(-24 for losing)
|l|☆Vaccamad
|player|p2|
