|j|☆ikarishun82
|j|☆exessevio
|html|ikarishun82exessevio    
|uhtml|bestof|Game 1 of a best-of-3
|t:|1785254384
|gametype|doubles
|player|p1|ikarishun82|102|1161
|player|p2|exessevio|265|1087
|gen|9
|tier|[Gen 9 Champions] VGC 2026 Reg M-B (Bo3)
|rated|
|rule|Species Clause: Limit one of each Pokémon
|rule|Item Clause: Limit 1 of each item
|clearpoke
|poke|p1|Hawlucha, L50, F, shiny|
|poke|p1|Annihilape, L50, M, shiny|
|poke|p1|Grimmsnarl, L50, M, shiny|
|poke|p1|Kingambit, L50, M, shiny|
|poke|p1|Armarouge, L50, M, shiny|
|poke|p1|Toxapex, L50, F, shiny|
|poke|p2|Heracross, L50, M|
|poke|p2|Chandelure, L50, M|
|poke|p2|Gliscor, L50, M|
|poke|p2|Sceptile, L50, M|
|poke|p2|Feraligatr, L50, F|
|poke|p2|Sharpedo, L50, M|
|teampreview|4
|showteam|p1|Hawlucha||Hawluchanite|Limber|StoneEdge,BraveBird,HighJumpKick,Entrainment|Jolly||F|||50|]Annihilape||SitrusBerry|Defiant|Protect,DrainPunch,BulkUp,RageFist|Adamant||M|||50|]Grimmsnarl||RoseliBerry|Prankster|FakeOut,ScaryFace,SpiritBreak,PartingShot|Adamant||M|||50|]Kingambit||ChopleBerry|Defiant|KowtowCleave,Protect,Guillotine,SuckerPunch|Adamant||M|||50|]Armarouge||FocusSash|WeakArmor|ArmorCannon,EnergyBall,ScorchingSands,Protect|Timid||M|||50|]Toxapex||Leftovers|Regenerator|BanefulBunker,Toxic,WideGuard,Infestation|Bold||F|||50|
|showteam|p2|Heracross||Heracronite|Swarm|CloseCombat,PinMissile,BulletSeed,Detect|Adamant||M|||50|]Chandelure||Chandelurite|Infiltrator|HeatWave,ShadowBall,Protect,Flamethrower|Modest||M|||50|]Gliscor||SitrusBerry|HyperCutter|DualWingbeat,HighHorsepower,Protect,Tailwind|Adamant||M|||50|]Sceptile||WhiteHerb|Unburden|LeafStorm,RockTomb,QuickGuard,EarthPower|Timid||M|||50|]Feraligatr||LifeOrb|SheerForce|AquaJet,Liquidation,Protect,IcePunch|Adamant||F|||50|]Sharpedo||FocusSash|SpeedBoost|Crunch,Liquidation,PsychicFangs,Protect|Adamant||M|||50|
|j| DaraghJohn
|inactive|Battle timer is ON: inactive players will automatically lose when time's up. (requested by ikarishun82)
|inactiveoff|Battle timer is now OFF.
|
|t:|1785254425
|teamsize|p1|4
|teamsize|p2|4
|start
|switch|p1a: Grimmsnarl|Grimmsnarl, L50, M, shiny|100/100
|switch|p1b: Armarouge|Armarouge, L50, M, shiny|100/100
|switch|p2a: Gliscor|Gliscor, L50, M|100/100
|switch|p2b: Chandelure|Chandelure, L50, M|100/100
|turn|1
|
|t:|1785254444
|switch|p2b: Sharpedo|Sharpedo, L50, M|100/100
|move|p1a: Grimmsnarl|Fake Out|p2a: Gliscor
|-damage|p2a: Gliscor|89/100
|cant|p2a: Gliscor|flinch
|move|p1b: Armarouge|Scorching Sands|p2b: Sharpedo
|-damage|p2b: Sharpedo|41/100
|
|upkeep
|turn|2
|
|t:|1785254464
|move|p1b: Armarouge|Protect|p1b: Armarouge
|-singleturn|p1b: Armarouge|Protect
|move|p2b: Sharpedo|Liquidation|p1b: Armarouge
|-activate|p1b: Armarouge|move: Protect
|move|p2a: Gliscor|High Horsepower|p1b: Armarouge
|-activate|p1b: Armarouge|move: Protect
|move|p1a: Grimmsnarl|Spirit Break|p2b: Sharpedo
|-supereffective|p2b: Sharpedo|1
|-damage|p2b: Sharpedo|0 fnt
|faint|p2b: Sharpedo
|
|upkeep
|
|t:|1785254474
|switch|p2b: Chandelure|Chandelure, L50, M|100/100
|turn|3
|
|t:|1785254491
|switch|p1b: Hawlucha|Hawlucha, L50, F, shiny|100/100
|move|p2b: Chandelure|Protect|p2b: Chandelure
|-singleturn|p2b: Chandelure|Protect
|move|p2a: Gliscor|High Horsepower|p1b: Hawlucha
|-immune|p1b: Hawlucha
|move|p1a: Grimmsnarl|Spirit Break|p2a: Gliscor
|-damage|p2a: Gliscor|59/100
|-unboost|p2a: Gliscor|spa|1
|
|upkeep
|turn|4
|
|t:|1785254511
|detailschange|p1b: Hawlucha|Hawlucha-Mega, L50, F, shiny
|-mega|p1b: Hawlucha|Hawlucha|Hawluchanite
|detailschange|p2b: Chandelure|Chandelure-Mega, L50, M
|-mega|p2b: Chandelure|Chandelure|Chandelurite
|move|p1a: Grimmsnarl|Parting Shot|p2b: Chandelure
|-unboost|p2b: Chandelure|atk|1
|-unboost|p2b: Chandelure|spa|1
|
|t:|1785254521
|switch|p1a: Armarouge|Armarouge, L50, M, shiny|100/100|[from] Parting Shot
|move|p1b: Hawlucha|Brave Bird|p2a: Gliscor
|-damage|p2a: Gliscor|4/100
|-enditem|p2a: Gliscor|Sitrus Berry|[eat]
|-heal|p2a: Gliscor|29/100|[from] item: Sitrus Berry
|-damage|p1b: Hawlucha|79/100|[from] Recoil
|move|p2b: Chandelure|Heat Wave|p1b: Hawlucha|[spread] p1a,p1b
|-resisted|p1a: Armarouge|1
|-damage|p1a: Armarouge|80/100
|-damage|p1b: Hawlucha|40/100
|move|p2a: Gliscor|Tailwind|p2a: Gliscor
|-sidestart|p2: exessevio|move: Tailwind
|
|upkeep
|turn|5
|
|t:|1785254567
|move|p1a: Armarouge|Protect|p1a: Armarouge
|-singleturn|p1a: Armarouge|Protect
|move|p2b: Chandelure|Flamethrower|p1b: Hawlucha
|-damage|p1b: Hawlucha|0 fnt
|faint|p1b: Hawlucha
|move|p2a: Gliscor|High Horsepower|p1a: Armarouge
|-activate|p1a: Armarouge|move: Protect
|
|upkeep
|
|t:|1785254579
|switch|p1b: Grimmsnarl|Grimmsnarl, L50, M, shiny|100/100
|turn|6
|
|t:|1785254592
|move|p1b: Grimmsnarl|Fake Out|p2a: Gliscor
|-damage|p2a: Gliscor|18/100
|move|p2b: Chandelure|Shadow Ball|p1a: Armarouge
|-supereffective|p1a: Armarouge|1
|-damage|p1a: Armarouge|0 fnt
|faint|p1a: Armarouge
|cant|p2a: Gliscor|flinch
|
|upkeep
|
|t:|1785254601
|switch|p1a: Annihilape|Annihilape, L50, M, shiny|100/100
|turn|7
|
|t:|1785254625
|move|p1a: Annihilape|Protect|p1a: Annihilape
|-singleturn|p1a: Annihilape|Protect
|move|p1b: Grimmsnarl|Parting Shot|p2b: Chandelure
|-unboost|p2b: Chandelure|atk|1
|-unboost|p2b: Chandelure|spa|1
|move|p2b: Chandelure|Flamethrower|p1b: Grimmsnarl
|-damage|p1b: Grimmsnarl|67/100
|move|p2a: Gliscor|High Horsepower|p1b: Grimmsnarl
|-damage|p1b: Grimmsnarl|22/100
|
|-sideend|p2: exessevio|move: Tailwind
|upkeep
|turn|8
|
|t:|1785254650
|move|p1b: Grimmsnarl|Parting Shot|p2a: Gliscor
|-fail|p2a: Gliscor|unboost|Attack|[from] ability: Hyper Cutter|[of] p2a: Gliscor
|-unboost|p2a: Gliscor|spa|1
|move|p2b: Chandelure|Flamethrower|p1b: Grimmsnarl
|-damage|p1b: Grimmsnarl|0 fnt
|faint|p1b: Grimmsnarl
|move|p2a: Gliscor|Tailwind|p2a: Gliscor
|-sidestart|p2: exessevio|move: Tailwind
|move|p1a: Annihilape|Bulk Up|p1a: Annihilape
|-boost|p1a: Annihilape|atk|1
|-boost|p1a: Annihilape|def|1
|
|upkeep
|turn|9
|
|t:|1785254666
|switch|p2b: Feraligatr|Feraligatr, L50, F|100/100
|move|p2a: Gliscor|Dual Wingbeat|p1a: Annihilape
|-supereffective|p1a: Annihilape|1
|-damage|p1a: Annihilape|77/100
|-supereffective|p1a: Annihilape|1
|-damage|p1a: Annihilape|59/100
|-hitcount|p1a: Annihilape|2
|move|p1a: Annihilape|Rage Fist|p2b: Feraligatr
|-damage|p2b: Feraligatr|0 fnt
|faint|p2b: Feraligatr
|
|upkeep
|
|t:|1785254677
|switch|p2b: Chandelure|Chandelure-Mega, L50, M|100/100
|turn|10
|
|t:|1785254683
|move|p2b: Chandelure|Shadow Ball|p1a: Annihilape
|-supereffective|p1a: Annihilape|1
|-damage|p1a: Annihilape|0 fnt
|faint|p1a: Annihilape
|
|win|exessevio
|l|☆ikarishun82
|player|p1|
||exessevio is ready for game 2.
|l| DaraghJohn
||ikarishun82 is ready for game 2.
|uhtml|next|Next: Game 2 of 3
