|j|☆moicito
|j|☆Tyratruns
|html|moicitoTyratruns    
|uhtml|bestof|Game 2 of a best-of-3
|t:|1756781782
|gametype|doubles
|player|p1|moicito|caitlin|1173
|player|p2|Tyratruns|266|1121
|gen|9
|tier|[Gen 9] VGC 2025 Reg H (Bo3)
|rated|
|rule|Species Clause: Limit one of each Pokémon
|rule|Item Clause: Limit 1 of each item
|clearpoke
|poke|p1|Incineroar, L50, M|
|poke|p1|Rillaboom, L50, F|
|poke|p1|Ursaluna-Bloodmoon, L50, M|
|poke|p1|Sneasler, L50, F|
|poke|p1|Dragonite, L50, M|
|poke|p1|Gholdengo, L50|
|poke|p2|Archaludon, L50, M|
|poke|p2|Sneasler, L50, M|
|poke|p2|Maushold-Four, L50|
|poke|p2|Pelipper, L50, F|
|poke|p2|Incineroar, L50, F|
|poke|p2|Basculegion, L50, M|
|teampreview|4
|showteam|p1|Incineroar||SafetyGoggles|Intimidate|FlareBlitz,KnockOff,FakeOut,PartingShot|||M|||50|,,,,,Ghost]Rillaboom||AssaultVest|GrassySurge|WoodHammer,GrassyGlide,HighHorsepower,FakeOut|||F|||50|,,,,,Fire]Ursaluna-Bloodmoon||Leftovers|MindsEye|BloodMoon,HyperVoice,EarthPower,Protect|||M|||50|,,,,,Electric]Sneasler||FocusSash|PoisonTouch|CloseCombat,DireClaw,Coaching,FakeOut|||F|||50|,,,,,Stellar]Dragonite||LoadedDice|Multiscale|ScaleShot,Haze,ExtremeSpeed,Protect|||M|||50|,,,,,Fairy]Gholdengo||LifeOrb|GoodasGold|NastyPlot,MakeItRain,ShadowBall,Protect||||||50|,,,,,Water
|showteam|p2|Archaludon||AssaultVest|Stamina|BodyPress,DracoMeteor,ElectroShot,FlashCannon|||M|||50|,,,,,Electric]Sneasler||WhiteHerb|Unburden|Acrobatics,CloseCombat,DireClaw,FakeOut|||M|||50|,,,,,Dark]Maushold-Four||RockyHelmet|FriendGuard|PopulationBomb,Encore,FollowMe,Protect||||||50|,,,,,Normal]Pelipper||FocusSash|Drizzle|WeatherBall,Hurricane,Tailwind,Protect|||F|||50|,,,,,Ghost]Incineroar||SafetyGoggles|Intimidate|KnockOff,WillOWisp,PartingShot,FakeOut|||F|||50|,,,,,Ghost]Basculegion||LifeOrb|SwiftSwim|FlipTurn,WaveCrash,Protect,LastRespects|||M|||50|,,,,,Stellar
|
|t:|1756781831
|teamsize|p1|4
|teamsize|p2|4
|start
|switch|p1a: Changuito|Rillaboom, L50, F, shiny|100/100
|switch|p1b: Pelito|Sneasler, L50, F|100/100
|switch|p2a: 🐉|Incineroar, L50, F|100/100
|switch|p2b: Krillin|Sneasler, L50, M|100/100
|-fieldstart|move: Grassy Terrain|[from] ability: Grassy Surge|[of] p1a: Changuito
|-ability|p2a: 🐉|Intimidate|boost
|-unboost|p1a: Changuito|atk|1
|-unboost|p1b: Pelito|atk|1
|turn|1
|
|t:|1756781890
|move|p1b: Pelito|Close Combat|p2a: 🐉
|-supereffective|p2a: 🐉
|-damage|p2a: 🐉|37/100
|-unboost|p1b: Pelito|def|1
|-unboost|p1b: Pelito|spd|1
|move|p2b: Krillin|Dire Claw|p1a: Changuito
|-supereffective|p1a: Changuito
|-damage|p1a: Changuito|14/100
|-status|p1a: Changuito|slp
|cant|p1a: Changuito|slp
|move|p2a: 🐉|Parting Shot|p1b: Pelito
|-unboost|p1b: Pelito|atk|1
|-unboost|p1b: Pelito|spa|1
|
|t:|1756781904
|switch|p2a: Bolivia|Basculegion, L50, M|100/100|[from] Parting Shot
|
|-heal|p1a: Changuito|19/100 slp|[from] Grassy Terrain
|upkeep
|turn|2
|
|t:|1756781939
|cant|p1a: Changuito|slp
|move|p1b: Pelito|Dire Claw|p2a: Bolivia
|-resisted|p2a: Bolivia
|-damage|p2a: Bolivia|88/100
|move|p2b: Krillin|Acrobatics|p1b: Pelito
|-supereffective|p1b: Pelito
|-damage|p1b: Pelito|2/100
|move|p2a: Bolivia|Wave Crash|p1b: Pelito
|-damage|p1b: Pelito|0 fnt
|faint|p1b: Pelito
|-damage|p2a: Bolivia|87/100|[from] Recoil
|-damage|p2a: Bolivia|77/100|[from] item: Life Orb
|
|-heal|p1a: Changuito|25/100 slp|[from] Grassy Terrain
|-heal|p2a: Bolivia|84/100|[from] Grassy Terrain
|upkeep
|
|t:|1756781963
|switch|p1b: Monederito|Gholdengo, L50|100/100
|turn|3
|
|t:|1756782004
|-terastallize|p1b: Monederito|Water
|move|p2a: Bolivia|Protect|p2a: Bolivia
|-singleturn|p2a: Bolivia|Protect
|-curestatus|p1a: Changuito|slp|[msg]
|move|p1a: Changuito|Grassy Glide|p2a: Bolivia
|-activate|p2a: Bolivia|move: Protect
|move|p2b: Krillin|Dire Claw|p1a: Changuito
|-supereffective|p1a: Changuito
|-damage|p1a: Changuito|0 fnt
|faint|p1a: Changuito
|move|p1b: Monederito|Make It Rain|p2b: Krillin|[spread] p2b
|-activate|p2a: Bolivia|move: Protect
|-damage|p2b: Krillin|33/100
|-unboost|p1b: Monederito|spa|1
|-damage|p1b: Monederito|91/100|[from] item: Life Orb
|
|-heal|p2b: Krillin|39/100|[from] Grassy Terrain
|-heal|p1b: Monederito|97/100|[from] Grassy Terrain
|-heal|p2a: Bolivia|90/100|[from] Grassy Terrain
|upkeep
|
|t:|1756782024
|switch|p1a: Osito|Ursaluna-Bloodmoon, L50, M|100/100
|turn|4
|
|t:|1756782051
|move|p1a: Osito|Protect|p1a: Osito
|-singleturn|p1a: Osito|Protect
|move|p2b: Krillin|Close Combat|p1b: Monederito
|-damage|p1b: Monederito|35/100
|-unboost|p2b: Krillin|def|1
|-unboost|p2b: Krillin|spd|1
|-enditem|p2b: Krillin|White Herb
|-clearnegativeboost|p2b: Krillin|[silent]
|move|p1b: Monederito|Nasty Plot|p1b: Monederito
|-boost|p1b: Monederito|spa|2
|move|p2a: Bolivia|Flip Turn|p1a: Osito
|-activate|p1a: Osito|move: Protect
|
|-heal|p2b: Krillin|45/100|[from] Grassy Terrain
|-heal|p1b: Monederito|42/100|[from] Grassy Terrain
|-heal|p2a: Bolivia|96/100|[from] Grassy Terrain
|upkeep
|turn|5
|
|t:|1756782084
|move|p2b: Krillin|Acrobatics|p1b: Monederito
|-damage|p1b: Monederito|0 fnt
|faint|p1b: Monederito
|move|p2a: Bolivia|Wave Crash|p1a: Osito
|-supereffective|p1a: Osito
|-damage|p1a: Osito|0 fnt
|faint|p1a: Osito
|-damage|p2a: Bolivia|63/100|[from] Recoil
|-damage|p2a: Bolivia|54/100|[from] item: Life Orb
|
|win|Tyratruns
||Tyratruns is ready for game 3.
||moicito is ready for game 3.
|uhtml|next|Next: Game 3 of 3
