|j|☆dr_sugus_vgc
|j|☆Chknadobovgc
|html|dr_sugus_vgcChknadobovgc    
|uhtml|bestof|Game 2 of a best-of-3
|t:|1756639109
|gametype|doubles
|player|p1|dr_sugus_vgc|169|1059
|player|p2|Chknadobovgc|1|1111
|gen|9
|tier|[Gen 9] VGC 2025 Reg H (Bo3)
|rated|
|rule|Species Clause: Limit one of each Pokémon
|rule|Item Clause: Limit 1 of each item
|clearpoke
|poke|p1|Tyranitar, L50, M|
|poke|p1|Clefable, L50, F|
|poke|p1|Excadrill, L50, F|
|poke|p1|Salamence, L50, M|
|poke|p1|Rillaboom, L50, M|
|poke|p1|Skeledirge, L50, M|
|poke|p2|Pelipper, L50, F|
|poke|p2|Archaludon, L50, M|
|poke|p2|Basculegion, L50, M|
|poke|p2|Dragonite, L50, M|
|poke|p2|Maushold, L50|
|poke|p2|Gholdengo, L50|
|teampreview|4
|showteam|p1|Tyranitar||ClearAmulet|SandStream|RockSlide,KnockOff,Taunt,Protect|||M|||50|,,,,,Fire]Clefable||SitrusBerry|Unaware|AlluringVoice,ThunderWave,FollowMe,Protect|||F|||50|,,,,,Grass]Excadrill||FocusSash|SandRush|HighHorsepower,IronHead,SwordsDance,Protect|||F|||50|,,,,,Steel]Salamence||CovertCloak|Intimidate|DragonPulse,HeatWave,Tailwind,Protect|||M|||50|,,,,,Fairy]Rillaboom||AssaultVest|GrassySurge|FakeOut,GrassyGlide,WoodHammer,Uturn|||M|||50|,,,,,Fire]Skeledirge||SafetyGoggles|Unaware|TorchSong,Yawn,ShadowBall,Protect|||M|||50|,,,,,Fairy
|showteam|p2|Pelipper||FocusSash|Drizzle|WeatherBall,Hurricane,Tailwind,WideGuard|||F|||50|,,,,,Ghost]Archaludon||AssaultVest|Stamina|ElectroShot,DracoMeteor,Snarl,BodyPress|||M|||50|,,,,,Bug]Basculegion||LifeOrb|SwiftSwim|WaveCrash,LastRespects,FlipTurn,AquaJet|||M|||50|,,,,,Water]Dragonite||LoadedDice|Multiscale|ScaleShot,Tailwind,Haze,Protect|||M|||50|,,,,,Fairy]Maushold||SafetyGoggles|FriendGuard|BeatUp,Taunt,FollowMe,Protect||||||50|,,,,,Ghost]Gholdengo||ChoiceScarf|GoodasGold|MakeItRain,ShadowBall,Trick,Protect||||||50|,,,,,Steel
|inactive|Battle timer is ON: inactive players will automatically lose when time's up. (requested by Chknadobovgc)
|
|t:|1756639145
|teamsize|p1|4
|teamsize|p2|4
|start
|switch|p1a: Rillaboom|Rillaboom, L50, M|100/100
|switch|p1b: Clefable|Clefable, L50, F|100/100
|switch|p2a: Basculegion|Basculegion, L50, M|100/100
|switch|p2b: Gholdengo|Gholdengo, L50, shiny|100/100
|-fieldstart|move: Grassy Terrain|[from] ability: Grassy Surge|[of] p1a: Rillaboom
|turn|1
|
|t:|1756639166
|switch|p2a: Archaludon|Archaludon, L50, M|100/100
|-terastallize|p1b: Clefable|Grass
|move|p1a: Rillaboom|Grassy Glide|p2a: Archaludon
|-resisted|p2a: Archaludon
|-damage|p2a: Archaludon|94/100
|-ability|p2a: Archaludon|Stamina|boost
|-boost|p2a: Archaludon|def|1
|move|p2b: Gholdengo|Trick|p1b: Clefable
|-activate|p2b: Gholdengo|move: Trick|[of] p1b: Clefable
|-item|p1b: Clefable|Choice Scarf|[from] move: Trick
|-item|p2b: Gholdengo|Sitrus Berry|[from] move: Trick
|move|p1b: Clefable|Alluring Voice|p2a: Archaludon
|-damage|p2a: Archaludon|75/100
|-start|p2a: Archaludon|confusion
|-ability|p2a: Archaludon|Stamina|boost
|-boost|p2a: Archaludon|def|1
|
|-heal|p2a: Archaludon|82/100|[from] Grassy Terrain
|upkeep
|turn|2
|inactive|dr_sugus_vgc has 30 seconds left.
|inactive|Chknadobovgc has 30 seconds left.
|inactive|dr_sugus_vgc has 20 seconds left.
|inactive|dr_sugus_vgc has 15 seconds left.
|
|t:|1756639211
|switch|p1b: Excadrill|Excadrill, L50, F|100/100
|move|p2b: Gholdengo|Shadow Ball|p1b: Excadrill
|-damage|p1b: Excadrill|37/100
|move|p1a: Rillaboom|U-turn|p2b: Gholdengo
|-resisted|p2b: Gholdengo
|-damage|p2b: Gholdengo|94/100
|
|t:|1756639220
|switch|p1a: Clefable|Clefable, L50, F, tera:Grass|100/100|[from] U-turn
|-activate|p2a: Archaludon|confusion
|move|p2a: Archaludon|Snarl|p1b: Excadrill|[spread] p1a,p1b
|-damage|p1a: Clefable|89/100
|-damage|p1b: Excadrill|18/100
|-unboost|p1a: Clefable|spa|1
|-unboost|p1b: Excadrill|spa|1
|
|-heal|p1b: Excadrill|24/100|[from] Grassy Terrain
|-heal|p2b: Gholdengo|100/100|[from] Grassy Terrain
|-heal|p1a: Clefable|95/100|[from] Grassy Terrain
|-heal|p2a: Archaludon|88/100|[from] Grassy Terrain
|upkeep
|turn|3
|inactive|dr_sugus_vgc has 30 seconds left.
|inactive|Chknadobovgc has 30 seconds left.
|inactive|Chknadobovgc has 20 seconds left.
|inactive|Chknadobovgc has 15 seconds left.
|inactive|Chknadobovgc has 10 seconds left.
|
|t:|1756639265
|move|p1b: Excadrill|Iron Head|p2a: Archaludon
|-resisted|p2a: Archaludon
|-damage|p2a: Archaludon|78/100
|-ability|p2a: Archaludon|Stamina|boost
|-boost|p2a: Archaludon|def|1
|move|p2b: Gholdengo|Make It Rain|p1b: Excadrill|[spread] p1a,p1b
|-resisted|p1b: Excadrill
|-damage|p1a: Clefable|50/100
|-damage|p1b: Excadrill|0 fnt
|-unboost|p2b: Gholdengo|spa|1
|faint|p1b: Excadrill
|move|p1a: Clefable|Thunder Wave|p2a: Archaludon
|-status|p2a: Archaludon|par
|-activate|p2a: Archaludon|confusion
|-damage|p2a: Archaludon|75/100 par|[from] confusion
|
|-heal|p1a: Clefable|56/100|[from] Grassy Terrain
|-heal|p2a: Archaludon|81/100 par|[from] Grassy Terrain
|upkeep
|
|t:|1756639282
|switch|p1b: Tyranitar|Tyranitar, L50, M|100/100
|-weather|Sandstorm|[from] ability: Sand Stream|[of] p1b: Tyranitar
|turn|4
|
|t:|1756639299
|switch|p2b: Pelipper|Pelipper, L50, F, shiny|100/100
|-weather|RainDance|[from] ability: Drizzle|[of] p2b: Pelipper
|move|p1a: Clefable|Thunder Wave|p2b: Pelipper
|-status|p2b: Pelipper|par
|move|p1b: Tyranitar|Rock Slide|p2b: Pelipper|[spread] p2a
|-miss|p1b: Tyranitar|p2b: Pelipper
|-resisted|p2a: Archaludon
|-damage|p2a: Archaludon|77/100 par
|-ability|p2a: Archaludon|Stamina|boost
|-boost|p2a: Archaludon|def|1
|cant|p2a: Archaludon|flinch
|
|-weather|RainDance|[upkeep]
|-heal|p1a: Clefable|62/100|[from] Grassy Terrain
|-heal|p2a: Archaludon|83/100 par|[from] Grassy Terrain
|upkeep
|turn|5
|
|t:|1756639320
|switch|p1a: Rillaboom|Rillaboom, L50, M|100/100
|move|p1b: Tyranitar|Protect|p1b: Tyranitar
|-singleturn|p1b: Tyranitar|Protect
|move|p2b: Pelipper|Hurricane|p1a: Rillaboom
|-supereffective|p1a: Rillaboom
|-damage|p1a: Rillaboom|42/100
|-end|p2a: Archaludon|confusion
|cant|p2a: Archaludon|par
|
|-weather|RainDance|[upkeep]
|-heal|p1a: Rillaboom|47/100|[from] Grassy Terrain
|-heal|p2a: Archaludon|89/100 par|[from] Grassy Terrain
|-fieldend|move: Grassy Terrain
|upkeep
|turn|6
|inactive|dr_sugus_vgc has 30 seconds left.
|
|t:|1756639347
|move|p1a: Rillaboom|Fake Out|p2a: Archaludon
|-resisted|p2a: Archaludon
|-damage|p2a: Archaludon|87/100 par
|-ability|p2a: Archaludon|Stamina|boost
|-boost|p2a: Archaludon|def|1
|move|p2b: Pelipper|Wide Guard|p2b: Pelipper
|-singleturn|p2b: Pelipper|Wide Guard
|move|p1b: Tyranitar|Rock Slide|p2b: Pelipper|[spread] 
|-activate|p2a: Archaludon|move: Wide Guard
|-activate|p2b: Pelipper|move: Wide Guard
|cant|p2a: Archaludon|flinch
|
|-weather|RainDance|[upkeep]
|upkeep
|turn|7
|
|t:|1756639364
|switch|p1b: Clefable|Clefable, L50, F, tera:Grass|62/100
|move|p2b: Pelipper|Wide Guard|p2b: Pelipper
|-singleturn|p2b: Pelipper|Wide Guard
|move|p1a: Rillaboom|U-turn|p2b: Pelipper
|-resisted|p2b: Pelipper
|-damage|p2b: Pelipper|87/100 par
|
|t:|1756639371
|switch|p1a: Tyranitar|Tyranitar, L50, M|100/100|[from] U-turn
|-weather|Sandstorm|[from] ability: Sand Stream|[of] p1a: Tyranitar
|move|p2a: Archaludon|Body Press|p1a: Tyranitar
|-supereffective|p1a: Tyranitar
|-damage|p1a: Tyranitar|0 fnt
|faint|p1a: Tyranitar
|
|-weather|Sandstorm|[upkeep]
|-damage|p1b: Clefable|56/100|[from] Sandstorm
|-damage|p2b: Pelipper|81/100 par|[from] Sandstorm
|upkeep
|
|t:|1756639380
|switch|p1a: Rillaboom|Rillaboom, L50, M|47/100
|-fieldstart|move: Grassy Terrain|[from] ability: Grassy Surge|[of] p1a: Rillaboom
|turn|8
|
|t:|1756639391
|switch|p2b: Gholdengo|Gholdengo, L50, shiny|100/100
|move|p1a: Rillaboom|Fake Out|p2a: Archaludon
|-resisted|p2a: Archaludon
|-damage|p2a: Archaludon|85/100 par
|-ability|p2a: Archaludon|Stamina|boost
|-boost|p2a: Archaludon|def|1
|move|p1b: Clefable|Alluring Voice|p2a: Archaludon
|-damage|p2a: Archaludon|65/100 par
|-start|p2a: Archaludon|confusion
|cant|p2a: Archaludon|flinch
|
|-weather|Sandstorm|[upkeep]
|-damage|p1b: Clefable|50/100|[from] Sandstorm
|-damage|p1a: Rillaboom|42/100|[from] Sandstorm
|-heal|p1b: Clefable|56/100|[from] Grassy Terrain
|-heal|p1a: Rillaboom|47/100|[from] Grassy Terrain
|-heal|p2a: Archaludon|72/100 par|[from] Grassy Terrain
|upkeep
|turn|9
|
|t:|1756639407
|move|p2b: Gholdengo|Shadow Ball|p1a: Rillaboom
|-damage|p1a: Rillaboom|14/100
|move|p1b: Clefable|Alluring Voice|p2a: Archaludon
|-damage|p2a: Archaludon|53/100 par
|move|p1a: Rillaboom|Wood Hammer|p2a: Archaludon
|-resisted|p2a: Archaludon
|-damage|p2a: Archaludon|49/100 par
|-damage|p1a: Rillaboom|13/100|[from] Recoil
|-activate|p2a: Archaludon|confusion
|move|p2a: Archaludon|Body Press|p1b: Clefable
|-damage|p1b: Clefable|36/100
|
|-weather|Sandstorm|[upkeep]
|-damage|p1b: Clefable|30/100|[from] Sandstorm
|-damage|p1a: Rillaboom|7/100|[from] Sandstorm
|-heal|p1b: Clefable|36/100|[from] Grassy Terrain
|-heal|p1a: Rillaboom|13/100|[from] Grassy Terrain
|-heal|p2a: Archaludon|55/100 par|[from] Grassy Terrain
|upkeep
|turn|10
|
|t:|1756639428
|move|p1a: Rillaboom|Grassy Glide|p2a: Archaludon
|-resisted|p2a: Archaludon
|-damage|p2a: Archaludon|53/100 par
|move|p2b: Gholdengo|Shadow Ball|p1b: Clefable
|-damage|p1b: Clefable|0 fnt
|faint|p1b: Clefable
|-activate|p2a: Archaludon|confusion
|move|p2a: Archaludon|Body Press|p1a: Rillaboom
|-damage|p1a: Rillaboom|0 fnt
|faint|p1a: Rillaboom
|
|win|Chknadobovgc
||Chknadobovgc is ready for game 3.
|inactive|dr_sugus_vgc has 30 seconds to confirm battle start!
