|j|☆Vinzmoke
|j|☆Plus2OnBlock
|html|VinzmokePlus2OnBlock    
|uhtml|bestof|Game 1 of a best-of-3
|t:|1783292666
|gametype|doubles
|player|p1|Vinzmoke|blue|1054
|player|p2|Plus2OnBlock|clerkf|1000
|gen|9
|tier|[Gen 9 Champions] VGC 2026 Reg M-B (Bo3)
|rated|
|rule|Species Clause: Limit one of each Pokémon
|rule|Item Clause: Limit 1 of each item
|clearpoke
|poke|p1|Swampert, L50, M|
|poke|p1|Pelipper, L50, F|
|poke|p1|Archaludon, L50, F|
|poke|p1|Sableye, L50, F|
|poke|p1|Raichu, L50, F|
|poke|p1|Basculegion, L50, M|
|poke|p2|Blastoise, L50, F, shiny|
|poke|p2|Delphox, L50, F, shiny|
|poke|p2|Sinistcha, L50, shiny|
|poke|p2|Sneasler, L50, F, shiny|
|poke|p2|Kingambit, L50, M, shiny|
|poke|p2|Incineroar, L50, F, shiny|
|teampreview|4
|showteam|p1|Swampert||Swampertite|Torrent|Earthquake,Protect,WaveCrash,IcePunch|Serious||M|||50|]Pelipper||FocusSash|Drizzle|Hurricane,Tailwind,WideGuard,WeatherBall|Modest||F|||50|]Archaludon|||Stamina|ElectroShot,DracoMeteor,Protect,FlashCannon|Serious||F|||50|]Sableye||Leftovers|Prankster|RainDance,WillOWisp,FoulPlay,LightScreen|Calm||F|||50|]Raichu||RaichuniteY|LightningRod|FocusBlast,Thunder,FakeOut,Protect|Timid||F|||50|]Basculegion||ChoiceScarf|Adaptability|AquaJet,FlipTurn,LastRespects,WaveCrash|Jolly||M|||50|
|showteam|p2|Blastoise||Blastoisinite|RainDish|WaterSpout,DarkPulse,ShellSmash,Protect|Modest||F|||50|]Delphox||Delphoxite|Blaze|HeatWave,Psyshock,NastyPlot,Protect|Timid||F|||50|]Sinistcha||KasibBerry|Hospitality|MatchaGotcha,RagePowder,TrickRoom,Protect|Bold|||||50|]Sneasler||FocusSash|PoisonTouch|CloseCombat,PoisonJab,FakeOut,QuickGuard|Jolly||F|||50|]Kingambit||BlackGlasses|Defiant|KowtowCleave,SuckerPunch,SwordsDance,Protect|Adamant||M|||50|]Incineroar||SitrusBerry|Intimidate|FlareBlitz,FakeOut,HelpingHand,PartingShot|Impish||F|||50|
|inactive|Battle timer is ON: inactive players will automatically lose when time's up. (requested by Vinzmoke)
|inactive|Vinzmoke has 60 seconds left.
|inactive|Plus2OnBlock has 60 seconds left.
|inactive|Plus2OnBlock has 30 seconds left.
|
|t:|1783292727
|teamsize|p1|4
|teamsize|p2|4
|start
|switch|p1a: Pelipper|Pelipper, L50, F|100/100
|switch|p1b: Basculegion|Basculegion, L50, M|100/100
|switch|p2a: Blastoise|Blastoise, L50, F, shiny|100/100
|switch|p2b: Sneasler|Sneasler, L50, F, shiny|100/100
|-weather|RainDance|[from] ability: Drizzle|[of] p1a: Pelipper
|turn|1
|
|t:|1783292743
|detailschange|p2a: Blastoise|Blastoise-Mega, L50, F, shiny
|-mega|p2a: Blastoise|Blastoise|Blastoisinite
|move|p2b: Sneasler|Fake Out|p1a: Pelipper
|-damage|p1a: Pelipper|85/100
|move|p1b: Basculegion|Flip Turn|p2b: Sneasler
|-damage|p2b: Sneasler|8/100
|
|t:|1783292751
|switch|p1b: Archaludon|Archaludon, L50, F|100/100|[from] Flip Turn
|move|p2a: Blastoise|Shell Smash|p2a: Blastoise
|-unboost|p2a: Blastoise|def|1
|-unboost|p2a: Blastoise|spd|1
|-boost|p2a: Blastoise|atk|2
|-boost|p2a: Blastoise|spa|2
|-boost|p2a: Blastoise|spe|2
|cant|p1a: Pelipper|flinch
|
|-weather|RainDance|[upkeep]
|upkeep
|turn|2
|inactive|Vinzmoke has 30 seconds left.
|
|t:|1783292778
|move|p2a: Blastoise|Protect|p2a: Blastoise
|-singleturn|p2a: Blastoise|Protect
|move|p2b: Sneasler|Close Combat|p1b: Archaludon
|-supereffective|p1b: Archaludon|1
|-damage|p1b: Archaludon|0 fnt
|-unboost|p2b: Sneasler|def|1
|-unboost|p2b: Sneasler|spd|1
|faint|p1b: Archaludon
|move|p1a: Pelipper|Tailwind|p1a: Pelipper
|-sidestart|p1: Vinzmoke|move: Tailwind
|
|-weather|RainDance|[upkeep]
|upkeep
|
|t:|1783292788
|switch|p1b: Swampert|Swampert, L50, M|100/100
|turn|3
|
|t:|1783292812
|switch|p2a: Sinistcha|Sinistcha, L50, shiny|100/100
|-heal|p2b: Sneasler|32/100|[from] ability: Hospitality|[of] p2a: Sinistcha
|detailschange|p1b: Swampert|Swampert-Mega, L50, M
|-mega|p1b: Swampert|Swampert|Swampertite
|move|p1b: Swampert|Earthquake|p2a: Sinistcha|[spread] p2a,p2b
|-immune|p1a: Pelipper
|-resisted|p2a: Sinistcha|1
|-supereffective|p2b: Sneasler|1
|-damage|p2a: Sinistcha|83/100
|-damage|p2b: Sneasler|0 fnt
|faint|p2b: Sneasler
|move|p1a: Pelipper|Hurricane|p2a: Sinistcha
|-supereffective|p2a: Sinistcha|1
|-damage|p2a: Sinistcha|0 fnt
|faint|p2a: Sinistcha
|
|-weather|RainDance|[upkeep]
|upkeep
|
|t:|1783292826
|switch|p2b: Kingambit|Kingambit, L50, M, shiny|100/100
|switch|p2a: Blastoise|Blastoise-Mega, L50, F, shiny|100/100
|turn|4
|
|t:|1783292848
|move|p1b: Swampert|Protect|p1b: Swampert
|-singleturn|p1b: Swampert|Protect
|move|p2b: Kingambit|Protect|p2b: Kingambit
|-singleturn|p2b: Kingambit|Protect
|move|p1a: Pelipper|Weather Ball|p2b: Kingambit
|-activate|p2b: Kingambit|move: Protect
|move|p2a: Blastoise|Dark Pulse|p1a: Pelipper
|-damage|p1a: Pelipper|19/100
|
|-weather|RainDance|[upkeep]
|upkeep
|turn|5
|inactive|Plus2OnBlock has 30 seconds left.
|
|t:|1783292874
|move|p2a: Blastoise|Protect|p2a: Blastoise
|-singleturn|p2a: Blastoise|Protect
|move|p2b: Kingambit|Sucker Punch|p1a: Pelipper
|-damage|p1a: Pelipper|0 fnt
|faint|p1a: Pelipper
|move|p1b: Swampert|Earthquake|p2a: Blastoise|[spread] p2b
|-activate|p2a: Blastoise|move: Protect
|-supereffective|p2b: Kingambit|1
|-damage|p2b: Kingambit|41/100
|
|-weather|none
|-sideend|p1: Vinzmoke|move: Tailwind
|upkeep
|
|t:|1783292884
|switch|p1a: Basculegion|Basculegion, L50, M|100/100
|turn|6
|
|t:|1783292904
|move|p2b: Kingambit|Sucker Punch|p1b: Swampert
|-damage|p1b: Swampert|62/100
|move|p1a: Basculegion|Last Respects|p2a: Blastoise
|-damage|p2a: Blastoise|7/100
|move|p2a: Blastoise|Water Spout|p1b: Swampert|[spread] p1a,p1b
|-resisted|p1a: Basculegion|1
|-damage|p1a: Basculegion|96/100
|-damage|p1b: Swampert|58/100
|move|p1b: Swampert|Wave Crash|p2b: Kingambit
|-damage|p2b: Kingambit|0 fnt
|faint|p2b: Kingambit
|-damage|p1b: Swampert|43/100|[from] Recoil
|
|upkeep
|turn|7
|
|t:|1783292921
|move|p1a: Basculegion|Last Respects|p2a: Blastoise
|-damage|p2a: Blastoise|0 fnt
|faint|p2a: Blastoise
|
|win|Vinzmoke
||Plus2OnBlock is ready for game 2.
|inactive|Vinzmoke has 30 seconds to confirm battle start!
|inactive|Vinzmoke has 20 seconds to confirm battle start!
||Vinzmoke is ready for game 2.
|uhtml|next|Next: Game 2 of 3
|l|☆Vinzmoke
|player|p1|
