|j|☆mrhendawgy
|j|☆Gayangos
|html|mrhendawgyGayangos    
|uhtml|bestof|Game 2 of a best-of-3
|t:|1785058785
|gametype|doubles
|player|p1|mrhendawgy|170|1161
|player|p2|Gayangos|266|1287
|gen|9
|tier|[Gen 9 Champions] VGC 2026 Reg M-B (Bo3)
|rated|
|rule|Species Clause: Limit one of each Pokémon
|rule|Item Clause: Limit 1 of each item
|clearpoke
|poke|p1|Sneasler, L50, M|
|poke|p1|Blastoise, L50, M|
|poke|p1|Kingambit, L50, M|
|poke|p1|Incineroar, L50, M|
|poke|p1|Delphox, L50, F|
|poke|p1|Sinistcha, L50|
|poke|p2|Tyranitar, L50, F|
|poke|p2|Excadrill, L50, F|
|poke|p2|Milotic, L50, F|
|poke|p2|Sinistcha, L50|
|poke|p2|Staraptor, L50, F|
|poke|p2|Gholdengo, L50|
|teampreview|4
|showteam|p1|Sneasler||FocusSash|PoisonTouch|PoisonJab,CloseCombat,FakeOut,QuickGuard|Jolly||M|||50|]Blastoise||Blastoisinite|RainDish|DarkPulse,WaterSpout,ShellSmash,Protect|Modest||M|||50|]Kingambit||BlackGlasses|Defiant|KowtowCleave,SuckerPunch,SwordsDance,Protect|Adamant||M|||50|]Incineroar||SitrusBerry|Intimidate|FlareBlitz,HelpingHand,PartingShot,FakeOut|Careful||M|||50|]Delphox||Delphoxite|Blaze|HeatWave,NastyPlot,Psyshock,Protect|Modest||F|||50|]Sinistcha||KasibBerry|Hospitality|MatchaGotcha,RagePowder,TrickRoom,Protect|Bold|||||50|
|showteam|p2|Tyranitar||Tyranitarite|SandStream|KnockOff,RockSlide,LowKick,Protect|Jolly||F|||50|]Excadrill||FocusSash|SandRush|HighHorsepower,IronHead,RockSlide,Protect|Adamant||F|||50|]Milotic||SitrusBerry|Competitive|Scald,IcyWind,Haze,Protect|Calm||F|||50|]Sinistcha||ColburBerry|Hospitality|MatchaGotcha,ShadowBall,Protect,RagePowder|Bold|||||50|]Staraptor||Staraptite|Intimidate|CloseCombat,BraveBird,Tailwind,Protect|Jolly||F|||50|]Gholdengo||LifeOrb|GoodasGold|MakeItRain,ShadowBall,NastyPlot,Protect|Modest|||||50|
|inactive|Battle timer is ON: inactive players will automatically lose when time's up. (requested by Gayangos)
|
|t:|1785058805
|teamsize|p1|4
|teamsize|p2|4
|start
|switch|p1a: Delphox|Delphox, L50, F|100/100
|switch|p1b: Sneasler|Sneasler, L50, M|100/100
|switch|p2a: Staraptor|Staraptor, L50, F|100/100
|switch|p2b: Sinistcha|Sinistcha, L50|100/100
|-ability|p2a: Staraptor|Intimidate|boost
|-unboost|p1a: Delphox|atk|1
|-unboost|p1b: Sneasler|atk|1
|turn|1
|inactive|mrhendawgy has 30 seconds left.
|inactive|Gayangos has 30 seconds left.
|inactive|Gayangos has 20 seconds left.
|inactive|Gayangos has 15 seconds left.
|
|t:|1785058847
|switch|p2a: Tyranitar|Tyranitar, L50, F|100/100
|-weather|Sandstorm|[from] ability: Sand Stream|[of] p2a: Tyranitar
|switch|p2b: Excadrill|Excadrill, L50, F|100/100
|detailschange|p1a: Delphox|Delphox-Mega, L50, F
|-mega|p1a: Delphox|Delphox|Delphoxite
|move|p1b: Sneasler|Fake Out|p2a: Tyranitar
|-resisted|p2a: Tyranitar|1
|-damage|p2a: Tyranitar|95/100
|move|p1a: Delphox|Nasty Plot|p1a: Delphox
|-boost|p1a: Delphox|spa|2
|
|-weather|Sandstorm|[upkeep]
|-damage|p1b: Sneasler|94/100|[from] Sandstorm
|-damage|p1a: Delphox|94/100|[from] Sandstorm
|upkeep
|turn|2
|
|t:|1785058870
|detailschange|p2a: Tyranitar|Tyranitar-Mega, L50, F
|-mega|p2a: Tyranitar|Tyranitar|Tyranitarite
|move|p2b: Excadrill|High Horsepower|p1b: Sneasler
|-supereffective|p1b: Sneasler|1
|-damage|p1b: Sneasler|0 fnt
|faint|p1b: Sneasler
|move|p1a: Delphox|Heat Wave|p2b: Excadrill|[spread] 
|-miss|p1a: Delphox|p2a: Tyranitar
|-miss|p1a: Delphox|p2b: Excadrill
|move|p2a: Tyranitar|Knock Off|p1a: Delphox
|-supereffective|p1a: Delphox|1
|-damage|p1a: Delphox|4/100
|
|-weather|Sandstorm|[upkeep]
|-damage|p1a: Delphox|0 fnt|[from] Sandstorm
|faint|p1a: Delphox
|upkeep
|
|t:|1785058880
|switch|p1b: Sinistcha|Sinistcha, L50|100/100
|switch|p1a: Kingambit|Kingambit, L50, M|100/100
|turn|3
|
|t:|1785058894
|move|p1a: Kingambit|Protect|p1a: Kingambit
|-singleturn|p1a: Kingambit|Protect
|move|p2b: Excadrill|High Horsepower|p1a: Kingambit
|-activate|p1a: Kingambit|move: Protect
|move|p2a: Tyranitar|Knock Off|p1b: Sinistcha
|-supereffective|p1b: Sinistcha|1
|-damage|p1b: Sinistcha|11/100
|-enditem|p1b: Sinistcha|Kasib Berry|[from] move: Knock Off|[of] p2a: Tyranitar
|move|p1b: Sinistcha|Matcha Gotcha|p2b: Excadrill|[spread] p2a,p2b
|-supereffective|p2a: Tyranitar|1
|-damage|p2a: Tyranitar|70/100
|-heal|p1b: Sinistcha|24/100|[from] drain|[of] p2a: Tyranitar
|-damage|p2b: Excadrill|65/100
|-heal|p1b: Sinistcha|42/100|[from] drain|[of] p2b: Excadrill
|
|-weather|Sandstorm|[upkeep]
|-damage|p1b: Sinistcha|36/100|[from] Sandstorm
|upkeep
|turn|4
|
|t:|1785058913
|switch|p2b: Sinistcha|Sinistcha, L50|100/100
|-heal|p2a: Tyranitar|95/100|[from] ability: Hospitality|[of] p2b: Sinistcha
|move|p1b: Sinistcha|Rage Powder|p1b: Sinistcha
|-singleturn|p1b: Sinistcha|move: Rage Powder
|move|p1a: Kingambit|Sucker Punch||[still]
|-fail|p1a: Kingambit
|move|p2a: Tyranitar|Knock Off|p1b: Sinistcha
|-supereffective|p1b: Sinistcha|1
|-damage|p1b: Sinistcha|0 fnt
|faint|p1b: Sinistcha
|
|-weather|Sandstorm|[upkeep]
|-damage|p2b: Sinistcha|94/100|[from] Sandstorm
|upkeep
|turn|5
|
|t:|1785058926
|move|p2b: Sinistcha|Rage Powder|p2b: Sinistcha
|-singleturn|p2b: Sinistcha|move: Rage Powder
|move|p2a: Tyranitar|Low Kick|p1a: Kingambit
|-supereffective|p1a: Kingambit|2
|-damage|p1a: Kingambit|0 fnt
|faint|p1a: Kingambit
|
|win|Gayangos
|raw|mrhendawgy's rating: 1161 → 1145(-16 for losing)
|raw|Gayangos's rating: 1287 → 1303(+16 for winning)
|l|☆mrhendawgy
|player|p1|
