|j|☆Quill86
|j|☆dragonboy2100
|html|Quill86dragonboy2100    
|uhtml|bestof|Game 1 of a best-of-3
|t:|1756779165
|gametype|doubles
|player|p1|Quill86|lucas|1312
|player|p2|dragonboy2100|sage|1179
|gen|9
|tier|[Gen 9] VGC 2025 Reg H (Bo3)
|rated|
|rule|Species Clause: Limit one of each Pokémon
|rule|Item Clause: Limit 1 of each item
|clearpoke
|poke|p1|Indeedee-F, L50, F|
|poke|p1|Gallade, L50, M|
|poke|p1|Torkoal, L50, M|
|poke|p1|Ursaluna, L50, M|
|poke|p1|Hatterene, L50, F|
|poke|p1|Smeargle, L50, M|
|poke|p2|Corviknight, L50, F|
|poke|p2|Indeedee, L50, M|
|poke|p2|Sinistcha, L50|
|poke|p2|Tyranitar, L50, F|
|poke|p2|Excadrill, L50, M|
|poke|p2|Sneasler, L50, F|
|teampreview|4
|showteam|p1|Indeedee-F||PsychicSeed|PsychicSurge|FollowMe,TrickRoom,HelpingHand,DazzlingGleam|||F|||50|,,,,,Fairy]Gallade||ClearAmulet|Sharpness|SacredSword,WideGuard,TrickRoom,PsychoCut|||M|||50|,,,,,Grass]Torkoal||ChoiceSpecs|Drought|Eruption,WeatherBall,EarthPower,HeatWave|||M|||50|,,,,,Fire]Ursaluna||FlameOrb|Guts|Protect,HeadlongRush,Facade,Earthquake|||M|||50|,,,,,Ghost]Hatterene||LifeOrb|MagicBounce|DazzlingGleam,ExpandingForce,MysticalFire,TrickRoom|||F|||50|,,,,,Fire]Smeargle||FocusSash|Moody|FakeOut,Spore,Instruct,FollowMe|||M|||50|,,,,,Ghost
|showteam|p2|Corviknight||PsychicSeed|MirrorArmor|BraveBird,PowerTrip,BulkUp,Roost|||F|||50|,,,,,Water]Indeedee||ChoiceScarf|PsychicSurge|ExpandingForce,TeraBlast,Protect,Trick|||M|||50|,,,,,Psychic]Sinistcha||SitrusBerry|Hospitality|MatchaGotcha,ShadowBall,RagePowder,Protect||||||50|,,,,,Water]Tyranitar||AssaultVest|SandStream|RockSlide,KnockOff,LowKick,TeraBlast|||F|||50|,,,,,Flying]Excadrill||FocusSash|SandRush|Earthquake,IronHead,SwordsDance,Protect|||M|||50|,,,,,Ground]Sneasler||WhiteHerb|Unburden|CloseCombat,DireClaw,Coaching,FakeOut|||F|||50|,,,,,Flying
|inactive|Battle timer is ON: inactive players will automatically lose when time's up. (requested by dragonboy2100)
|inactive|Quill86 has 60 seconds left.
|inactive|dragonboy2100 has 60 seconds left.
|
|t:|1756779205
|teamsize|p1|4
|teamsize|p2|4
|start
|switch|p1a: Indeedee|Indeedee-F, L50, F|100/100
|switch|p1b: Gallade|Gallade, L50, M|100/100
|switch|p2a: Sneasler|Sneasler, L50, F|100/100
|switch|p2b: Excadrill|Excadrill, L50, M|100/100
|-fieldstart|move: Psychic Terrain|[from] ability: Psychic Surge|[of] p1a: Indeedee
|-enditem|p1a: Indeedee|Psychic Seed
|-boost|p1a: Indeedee|spd|1|[from] item: Psychic Seed
|turn|1
|inactive|dragonboy2100 has 30 seconds left.
|inactive|dragonboy2100 has 20 seconds left.
|inactive|dragonboy2100 has 15 seconds left.
|inactive|dragonboy2100 has 10 seconds left.
|
|t:|1756779252
|-terastallize|p2b: Excadrill|Ground
|move|p2a: Sneasler|Coaching|p2b: Excadrill
|-boost|p2b: Excadrill|atk|1
|-boost|p2b: Excadrill|def|1
|move|p2b: Excadrill|Earthquake|p1a: Indeedee|[spread] p2a,p1a,p1b
|-supereffective|p2a: Sneasler
|-damage|p2a: Sneasler|0 fnt
|-damage|p1a: Indeedee|19/100
|-damage|p1b: Gallade|0 fnt
|faint|p2a: Sneasler
|faint|p1b: Gallade
|move|p1a: Indeedee|Trick Room|p1a: Indeedee
|-fieldstart|move: Trick Room|[of] p1a: Indeedee
|
|upkeep
|
|t:|1756779268
|switch|p1b: Hatterene|Hatterene, L50, F|100/100
|switch|p2a: Sinistcha|Sinistcha, L50|100/100
|turn|2
|
|t:|1756779281
|move|p2b: Excadrill|Protect|p2b: Excadrill
|-singleturn|p2b: Excadrill|Protect
|move|p1b: Hatterene|Dazzling Gleam|p2a: Sinistcha|[spread] p2a
|-activate|p2b: Excadrill|move: Protect
|-damage|p2a: Sinistcha|53/100
|-damage|p1b: Hatterene|91/100|[from] item: Life Orb
|move|p2a: Sinistcha|Matcha Gotcha|p1b: Hatterene|[spread] p1a,p1b
|-damage|p1a: Indeedee|2/100
|-heal|p2a: Sinistcha|62/100|[from] drain|[of] p1a: Indeedee
|-damage|p1b: Hatterene|60/100
|-heal|p2a: Sinistcha|77/100|[from] drain|[of] p1b: Hatterene
|move|p1a: Indeedee|Dazzling Gleam|p2a: Sinistcha|[spread] p2a
|-activate|p2b: Excadrill|move: Protect
|-damage|p2a: Sinistcha|64/100
|
|upkeep
|turn|3
|
|t:|1756779301
|move|p1b: Hatterene|Dazzling Gleam|p2b: Excadrill|[spread] p2a,p2b
|-damage|p2a: Sinistcha|17/100
|-damage|p2b: Excadrill|41/100
|-enditem|p2a: Sinistcha|Sitrus Berry|[eat]
|-heal|p2a: Sinistcha|42/100|[from] item: Sitrus Berry
|-damage|p1b: Hatterene|50/100|[from] item: Life Orb
|move|p2a: Sinistcha|Matcha Gotcha|p1a: Indeedee|[spread] p1a,p1b
|-damage|p1a: Indeedee|0 fnt
|-heal|p2a: Sinistcha|43/100|[from] drain|[of] p1a: Indeedee
|-damage|p1b: Hatterene|16/100
|-heal|p2a: Sinistcha|58/100|[from] drain|[of] p1b: Hatterene
|faint|p1a: Indeedee
|move|p2b: Excadrill|Iron Head|p1b: Hatterene
|-supereffective|p1b: Hatterene
|-damage|p1b: Hatterene|0 fnt
|faint|p1b: Hatterene
|
|upkeep
|
|t:|1756779308
|switch|p1a: Torkoal|Torkoal, L50, M|100/100
|-weather|SunnyDay|[from] ability: Drought|[of] p1a: Torkoal
|turn|4
|
|t:|1756779311
|switch|p2a: Tyranitar|Tyranitar, L50, F|100/100
|-weather|Sandstorm|[from] ability: Sand Stream|[of] p2a: Tyranitar
|move|p2b: Excadrill|Protect|p2b: Excadrill
|-singleturn|p2b: Excadrill|Protect
|move|p1a: Torkoal|Eruption|p2b: Excadrill|[spread] p2a
|-activate|p2b: Excadrill|move: Protect
|-resisted|p2a: Tyranitar
|-damage|p2a: Tyranitar|89/100
|
|-weather|Sandstorm|[upkeep]
|-damage|p1a: Torkoal|94/100|[from] Sandstorm
|upkeep
|turn|5
|
|t:|1756779316
|-terastallize|p1a: Torkoal|Fire
|move|p1a: Torkoal|Eruption|p2b: Excadrill|[spread] p2a,p2b
|-resisted|p2a: Tyranitar
|-damage|p2a: Tyranitar|72/100
|-damage|p2b: Excadrill|0 fnt
|faint|p2b: Excadrill
|move|p2a: Tyranitar|Rock Slide|p1a: Torkoal
|-supereffective|p1a: Torkoal
|-damage|p1a: Torkoal|29/100
|
|-weather|Sandstorm|[upkeep]
|-damage|p1a: Torkoal|23/100|[from] Sandstorm
|-fieldend|move: Trick Room
|-fieldend|move: Psychic Terrain
|upkeep
|
|t:|1756779318
|switch|p2b: Sinistcha|Sinistcha, L50|58/100
|-heal|p2a: Tyranitar|97/100|[from] ability: Hospitality|[of] p2b: Sinistcha
|turn|6
|
|t:|1756779322
|move|p2b: Sinistcha|Shadow Ball|p1a: Torkoal
|-damage|p1a: Torkoal|0 fnt
|faint|p1a: Torkoal
|
|win|dragonboy2100
||Quill86 is ready for game 2.
||dragonboy2100 is ready for game 2.
|uhtml|next|Next: Game 2 of 3
