|j|☆vicboza
|j|☆CritHappens5
|html|vicbozaCritHappens5    
|uhtml|bestof|Game 2 of a best-of-3
|t:|1757187913
|gametype|doubles
|player|p1|vicboza|1|1261
|player|p2|CritHappens5|169|1270
|gen|9
|tier|[Gen 9] VGC 2025 Reg H (Bo3)
|rated|
|rule|Species Clause: Limit one of each Pokémon
|rule|Item Clause: Limit 1 of each item
|clearpoke
|poke|p1|Ninetales-Alola, L50, M|
|poke|p1|Gholdengo, L50|
|poke|p1|Magmar, L50, M|
|poke|p1|Samurott-Hisui, L50, M|
|poke|p1|Ursaluna-Bloodmoon, L50, M|
|poke|p1|Dragonite, L50, F|
|poke|p2|Sneasler, L50, F|
|poke|p2|Indeedee, L50, M|
|poke|p2|Volcarona, L50, F|
|poke|p2|Ursaluna-Bloodmoon, L50, M|
|poke|p2|Annihilape, L50, M|
|poke|p2|Tyranitar, L50, M|
|teampreview|4
|showteam|p1|Ninetales-Alola||CovertCloak|SnowWarning|IcyWind,AuroraVeil,FreezeDry,HelpingHand|||M|||50|,,,,,Water]Gholdengo||MetalCoat|GoodasGold|Protect,MakeItRain,NastyPlot,ShadowBall||||||50|,,,,,Dragon]Magmar||Eviolite|VitalSpirit|FollowMe,Overheat,WillOWisp,Protect|||M|||50|,,,,,Ghost]Samurott-Hisui||LifeOrb|Sharpness|Protect,AquaCutter,SacredSword,NightSlash|||M|||50|,,,,,Poison]Ursaluna-Bloodmoon||AssaultVest|MindsEye|BloodMoon,HyperVoice,EarthPower,VacuumWave|||M|||50|,,,,,Ghost]Dragonite||LoadedDice|Multiscale|ScaleShot,Tailwind,Protect,Haze|||F|||50|,,,,,Fairy
|showteam|p2|Sneasler||PsychicSeed|Unburden|CloseCombat,DireClaw,ThroatChop,Protect|||F|||50|,,,,,Dark]Indeedee||ChoiceScarf|PsychicSurge|ExpandingForce,TeraBlast,Trick,Protect|||M|||50|,,,,,Psychic]Volcarona||SitrusBerry|FlameBody|Overheat,StruggleBug,RagePowder,Tailwind|||F|||50|,,,,,Dragon]Ursaluna-Bloodmoon||LifeOrb|MindsEye|BloodMoon,HyperVoice,EarthPower,Protect|||M|||50|,,,,,Normal]Annihilape||SafetyGoggles|Defiant|CloseCombat,RageFist,Taunt,FinalGambit|||M|||50|,,,,,Fairy]Tyranitar||AssaultVest|SandStream|RockSlide,KnockOff,TeraBlast,LowKick|||M|||50|,,,,,Flying
|inactive|Battle timer is ON: inactive players will automatically lose when time's up. (requested by CritHappens5)
|inactive|vicboza has 60 seconds left.
|
|t:|1757187979
|teamsize|p1|4
|teamsize|p2|4
|start
|switch|p1a: Samurott|Samurott-Hisui, L50, M|100/100
|switch|p1b: Dragonite|Dragonite, L50, F|100/100
|switch|p2a: Annihilape|Annihilape, L50, M|100/100
|switch|p2b: Tyranitar|Tyranitar, L50, M|100/100
|-weather|Sandstorm|[from] ability: Sand Stream|[of] p2b: Tyranitar
|turn|1
|inactive|vicboza has 30 seconds left.
|inactive|CritHappens5 has 30 seconds left.
|inactive|vicboza has 20 seconds left.
|inactive|CritHappens5 has 20 seconds left.
|inactive|vicboza has 15 seconds left.
|inactive|vicboza has 10 seconds left.
|inactive|vicboza has 5 seconds left.
|
|t:|1757188032
|switch|p1b: Gholdengo|Gholdengo, L50|100/100
|-terastallize|p1a: Samurott|Poison
|-terastallize|p2b: Tyranitar|Flying
|move|p2a: Annihilape|Final Gambit|p1b: Gholdengo
|-immune|p1b: Gholdengo
|move|p1a: Samurott|Night Slash|p2a: Annihilape
|-damage|p2a: Annihilape|39/100
|-damage|p1a: Samurott|91/100|[from] item: Life Orb
|move|p2b: Tyranitar|Low Kick|p1a: Samurott
|-resisted|p1a: Samurott
|-damage|p1a: Samurott|71/100
|
|-weather|Sandstorm|[upkeep]
|-damage|p1a: Samurott|65/100|[from] Sandstorm
|-damage|p2b: Tyranitar|95/100|[from] Sandstorm
|upkeep
|turn|2
|inactive|vicboza has 30 seconds left.
|inactive|CritHappens5 has 30 seconds left.
|
|t:|1757188061
|move|p1b: Gholdengo|Protect|p1b: Gholdengo
|-singleturn|p1b: Gholdengo|Protect
|move|p2a: Annihilape|Rage Fist|p1b: Gholdengo
|-activate|p1b: Gholdengo|move: Protect
|move|p1a: Samurott|Aqua Cutter|p2a: Annihilape
|-damage|p2a: Annihilape|0 fnt
|faint|p2a: Annihilape
|-damage|p1a: Samurott|55/100|[from] item: Life Orb
|move|p2b: Tyranitar|Knock Off|p1a: Samurott
|-damage|p1a: Samurott|0 fnt
|-enditem|p1a: Samurott|Life Orb|[from] move: Knock Off|[of] p2b: Tyranitar
|faint|p1a: Samurott
|
|-weather|Sandstorm|[upkeep]
|-damage|p2b: Tyranitar|89/100|[from] Sandstorm
|upkeep
|
|t:|1757188079
|switch|p2a: Sneasler|Sneasler, L50, F|100/100
|switch|p1a: Ninetales|Ninetales-Alola, L50, M|100/100
|-weather|Snowscape|[from] ability: Snow Warning|[of] p1a: Ninetales
|turn|3
|inactive|vicboza has 30 seconds left.
|inactive|vicboza has 20 seconds left.
|
|t:|1757188120
|switch|p1b: Dragonite|Dragonite, L50, F|100/100
|move|p1a: Ninetales|Aurora Veil|p1a: Ninetales
|-sidestart|p1: vicboza|move: Aurora Veil
|move|p2a: Sneasler|Dire Claw|p1a: Ninetales
|-supereffective|p1a: Ninetales
|-damage|p1a: Ninetales|53/100
|move|p2b: Tyranitar|Knock Off|p1b: Dragonite
|-damage|p1b: Dragonite|80/100
|-enditem|p1b: Dragonite|Loaded Dice|[from] move: Knock Off|[of] p2b: Tyranitar
|
|-weather|Snowscape|[upkeep]
|upkeep
|turn|4
|
|t:|1757188135
|move|p1a: Ninetales|Icy Wind|p2a: Sneasler|[spread] p2a,p2b
|-crit|p2a: Sneasler
|-supereffective|p2b: Tyranitar
|-damage|p2a: Sneasler|77/100
|-damage|p2b: Tyranitar|72/100
|-unboost|p2a: Sneasler|spe|1
|-unboost|p2b: Tyranitar|spe|1
|move|p1b: Dragonite|Scale Shot|p2a: Sneasler|[miss]
|-miss|p1b: Dragonite|p2a: Sneasler
|move|p2a: Sneasler|Dire Claw|p1a: Ninetales
|-supereffective|p1a: Ninetales
|-damage|p1a: Ninetales|6/100
|move|p2b: Tyranitar|Rock Slide|p1b: Dragonite|[spread] p1a
|-miss|p2b: Tyranitar|p1b: Dragonite
|-supereffective|p1a: Ninetales
|-crit|p1a: Ninetales
|-damage|p1a: Ninetales|0 fnt
|faint|p1a: Ninetales
|
|-weather|Snowscape|[upkeep]
|upkeep
|
|t:|1757188151
|switch|p1a: Gholdengo|Gholdengo, L50|100/100
|turn|5
|
|t:|1757188164
|move|p1b: Dragonite|Scale Shot|p2b: Tyranitar
|-damage|p2b: Tyranitar|61/100
|-damage|p2b: Tyranitar|49/100
|-crit|p2b: Tyranitar
|-damage|p2b: Tyranitar|32/100
|-damage|p2b: Tyranitar|19/100
|-hitcount|p2b: Tyranitar|4
|-unboost|p1b: Dragonite|def|1
|-boost|p1b: Dragonite|spe|1
|move|p1a: Gholdengo|Make It Rain|p2a: Sneasler|[spread] p2a,p2b
|-damage|p2a: Sneasler|4/100
|-damage|p2b: Tyranitar|0 fnt
|-unboost|p1a: Gholdengo|spa|1
|faint|p2b: Tyranitar
|move|p2a: Sneasler|Dire Claw|p1b: Dragonite
|-damage|p1b: Dragonite|24/100
|
|-weather|Snowscape|[upkeep]
|upkeep
|
|t:|1757188181
|switch|p2b: Indeedee|Indeedee, L50, M|100/100
|-fieldstart|move: Psychic Terrain|[from] ability: Psychic Surge|[of] p2b: Indeedee
|-enditem|p2a: Sneasler|Psychic Seed
|-boost|p2a: Sneasler|spd|1|[from] item: Psychic Seed
|turn|6
|
|t:|1757188194
|move|p2a: Sneasler|Throat Chop|p1a: Gholdengo
|-supereffective|p1a: Gholdengo
|-damage|p1a: Gholdengo|60/100
|-start|p1a: Gholdengo|Throat Chop|[silent]
|move|p2b: Indeedee|Expanding Force|p1a: Gholdengo|[spread] p1a,p1b
|-resisted|p1a: Gholdengo
|-damage|p1a: Gholdengo|42/100
|-damage|p1b: Dragonite|0 fnt
|faint|p1b: Dragonite
|move|p1a: Gholdengo|Make It Rain|p2a: Sneasler|[spread] p2a,p2b
|-damage|p2a: Sneasler|0 fnt
|-damage|p2b: Indeedee|47/100
|-unboost|p1a: Gholdengo|spa|1
|faint|p2a: Sneasler
|
|-weather|Snowscape|[upkeep]
|upkeep
|turn|7
|inactive|vicboza has 30 seconds left.
|
|t:|1757188220
|move|p2b: Indeedee|Expanding Force|p1a: Gholdengo
|-resisted|p1a: Gholdengo
|-damage|p1a: Gholdengo|18/100
|move|p1a: Gholdengo|Make It Rain|p2b: Indeedee
|-damage|p2b: Indeedee|0 fnt
|-unboost|p1a: Gholdengo|spa|1
|faint|p2b: Indeedee
|
|win|vicboza
||CritHappens5 is ready for game 3.
||vicboza is ready for game 3.
|uhtml|next|Next: Game 3 of 3
