|j|☆temp10
|j|☆Chandeliere
|html|temp10Chandeliere    
|uhtml|bestof|Game 2 of a best-of-3
|t:|1756623662
|gametype|doubles
|player|p1|temp10|lucas|1102
|player|p2|Chandeliere|ethan|1073
|gen|9
|tier|[Gen 9] VGC 2025 Reg H (Bo3)
|rated|
|rule|Species Clause: Limit one of each Pokémon
|rule|Item Clause: Limit 1 of each item
|clearpoke
|poke|p1|Gothitelle, L50, M|
|poke|p1|Politoed, L50, F|
|poke|p1|Incineroar, L50, F|
|poke|p1|Amoonguss, L50, M|
|poke|p1|Kingdra, L50, M|
|poke|p1|Archaludon, L50, F|
|poke|p2|Ninetales-Alola, L50, F|
|poke|p2|Gholdengo, L50|
|poke|p2|Garchomp, L50, F|
|poke|p2|Incineroar, L50, M|
|poke|p2|Sneasler, L50, F|
|poke|p2|Corviknight, L50, M|
|teampreview|4
|showteam|p1|Gothitelle||SitrusBerry|ShadowTag|Protect,FakeOut,Psychic,TrickRoom|||M|||50|,,,,,Dark]Politoed||Leftovers|Drizzle|Protect,WeatherBall,Encore,PerishSong|||F|||50|,,,,,Grass]Incineroar||SafetyGoggles|Intimidate|FakeOut,KnockOff,PartingShot,Protect|||F|||50|,,,,,Ghost]Amoonguss||EjectButton|Regenerator|Protect,Spore,PollenPuff,RagePowder|||M|||50|,,,,,Fairy]Kingdra||LifeOrb|SwiftSwim|MuddyWater,DracoMeteor,WeatherBall,Protect|||M|||50|,,,,,Stellar]Archaludon||PowerHerb|Sturdy|ElectroShot,DragonPulse,Protect,FlashCannon|||F|||50|,,,,,Electric
|showteam|p2|Ninetales-Alola||LightClay|SnowWarning|AuroraVeil,Blizzard,FreezeDry,Protect|||F|||50|,,,,,Ghost]Gholdengo||LifeOrb|GoodasGold|MakeItRain,ShadowBall,NastyPlot,Protect||||||50|,,,,,Water]Garchomp||ClearAmulet|RoughSkin|Earthquake,StompingTantrum,DragonClaw,Protect|||F|||50|,,,,,Ground]Incineroar||SafetyGoggles|Intimidate|FakeOut,KnockOff,FlareBlitz,PartingShot|||M|||50|,,,,,Ghost]Sneasler||WhiteHerb|Unburden|Coaching,CloseCombat,DireClaw,Protect|||F|||50|,,,,,Ghost]Corviknight||SitrusBerry|MirrorArmor|BodyPress,BraveBird,Tailwind,Protect|||M|||50|,,,,,Fire
|inactive|Battle timer is ON: inactive players will automatically lose when time's up. (requested by temp10)
|inactive|Chandeliere has 60 seconds left.
|
|t:|1756623697
|teamsize|p1|4
|teamsize|p2|4
|start
|switch|p1a: Politoed|Politoed, L50, F|100/100
|switch|p1b: Incineroar|Incineroar, L50, F|100/100
|switch|p2a: Sneasler|Sneasler, L50, F|100/100
|switch|p2b: Garchomp|Garchomp, L50, F|100/100
|-weather|RainDance|[from] ability: Drizzle|[of] p1a: Politoed
|-ability|p1b: Incineroar|Intimidate|boost
|-unboost|p2a: Sneasler|atk|1
|-fail|p2b: Garchomp|unboost|[from] item: Clear Amulet|[of] p2b: Garchomp
|-enditem|p2a: Sneasler|White Herb
|-clearnegativeboost|p2a: Sneasler|[silent]
|turn|1
|inactive|temp10 has 30 seconds left.
|inactive|Chandeliere has 30 seconds left.
|inactive|temp10 has 20 seconds left.
|inactive|Chandeliere has 20 seconds left.
|inactive|temp10 has 15 seconds left.
|inactive|Chandeliere has 15 seconds left.
|inactive|temp10 has 10 seconds left.
|inactive|temp10 has 5 seconds left.
|
|t:|1756623748
|switch|p1a: Gothitelle|Gothitelle, L50, M|100/100
|-terastallize|p2a: Sneasler|Ghost
|move|p2a: Sneasler|Close Combat|p1b: Incineroar
|-supereffective|p1b: Incineroar
|-damage|p1b: Incineroar|0 fnt
|-unboost|p2a: Sneasler|def|1
|-unboost|p2a: Sneasler|spd|1
|faint|p1b: Incineroar
|move|p2b: Garchomp|Stomping Tantrum|p1a: Gothitelle
|-damage|p1a: Gothitelle|68/100
|
|-weather|RainDance|[upkeep]
|upkeep
|
|t:|1756623761
|switch|p1b: Kingdra|Kingdra, L50, M|100/100
|turn|2
|
|t:|1756623773
|switch|p2a: Ninetales|Ninetales-Alola, L50, F|100/100
|-weather|Snowscape|[from] ability: Snow Warning|[of] p2a: Ninetales
|move|p1b: Kingdra|Protect|p1b: Kingdra
|-singleturn|p1b: Kingdra|Protect
|move|p2b: Garchomp|Dragon Claw|p1b: Kingdra
|-activate|p1b: Kingdra|move: Protect
|move|p1a: Gothitelle|Psychic|p2a: Ninetales
|-damage|p2a: Ninetales|67/100
|
|-weather|Snowscape|[upkeep]
|upkeep
|turn|3
|inactive|temp10 has 30 seconds left.
|inactive|temp10 has 20 seconds left.
|inactive|temp10 has 15 seconds left.
|
|t:|1756623814
|move|p1b: Kingdra|Protect|p1b: Kingdra
|-singleturn|p1b: Kingdra|Protect
|move|p2a: Ninetales|Freeze-Dry|p1b: Kingdra
|-activate|p1b: Kingdra|move: Protect
|move|p2b: Garchomp|Dragon Claw|p1b: Kingdra
|-activate|p1b: Kingdra|move: Protect
|move|p1a: Gothitelle|Trick Room|p1a: Gothitelle
|-fieldstart|move: Trick Room|[of] p1a: Gothitelle
|
|-weather|Snowscape|[upkeep]
|upkeep
|turn|4
|
|t:|1756623834
|-terastallize|p1b: Kingdra|Stellar
|move|p1a: Gothitelle|Psychic|p2a: Ninetales
|-crit|p2a: Ninetales
|-damage|p2a: Ninetales|19/100
|move|p1b: Kingdra|Muddy Water|p2a: Ninetales|[spread] p2a,p2b
|-damage|p2a: Ninetales|0 fnt
|-damage|p2b: Garchomp|42/100
|faint|p2a: Ninetales
|-damage|p1b: Kingdra|91/100|[from] item: Life Orb
|move|p2b: Garchomp|Dragon Claw|p1b: Kingdra
|-supereffective|p1b: Kingdra
|-damage|p1b: Kingdra|0 fnt
|faint|p1b: Kingdra
|
|-weather|Snowscape|[upkeep]
|upkeep
|
|t:|1756623856
|switch|p1b: Politoed|Politoed, L50, F|100/100
|switch|p2a: Gholdengo|Gholdengo, L50|100/100
|-weather|RainDance|[from] ability: Drizzle|[of] p1b: Politoed
|turn|5
|
|t:|1756623871
|move|p1a: Gothitelle|Psychic|p2b: Garchomp
|-damage|p2b: Garchomp|8/100
|move|p1b: Politoed|Weather Ball|p2a: Gholdengo
|-damage|p2a: Gholdengo|42/100
|move|p2a: Gholdengo|Nasty Plot|p2a: Gholdengo
|-boost|p2a: Gholdengo|spa|2
|move|p2b: Garchomp|Dragon Claw|p1a: Gothitelle
|-damage|p1a: Gothitelle|33/100
|-enditem|p1a: Gothitelle|Sitrus Berry|[eat]
|-heal|p1a: Gothitelle|58/100|[from] item: Sitrus Berry
|
|-weather|RainDance|[upkeep]
|upkeep
|turn|6
|
|t:|1756623892
|move|p2a: Gholdengo|Protect|p2a: Gholdengo
|-singleturn|p2a: Gholdengo|Protect
|move|p2b: Garchomp|Protect|p2b: Garchomp
|-singleturn|p2b: Garchomp|Protect
|move|p1a: Gothitelle|Psychic|p2b: Garchomp
|-activate|p2b: Garchomp|move: Protect
|move|p1b: Politoed|Weather Ball|p2a: Gholdengo
|-activate|p2a: Gholdengo|move: Protect
|
|-weather|RainDance|[upkeep]
|upkeep
|turn|7
|
|t:|1756623914
|switch|p2a: Sneasler|Sneasler, L50, F, tera:Ghost|100/100
|move|p2b: Garchomp|Protect||[still]
|-fail|p2b: Garchomp
|move|p1a: Gothitelle|Psychic|p2b: Garchomp
|-damage|p2b: Garchomp|0 fnt
|faint|p2b: Garchomp
|move|p1b: Politoed|Weather Ball|p2a: Sneasler
|-damage|p2a: Sneasler|19/100
|
|-weather|RainDance|[upkeep]
|-fieldend|move: Trick Room
|upkeep
|
|t:|1756623924
|switch|p2b: Gholdengo|Gholdengo, L50|42/100
|turn|8
|
|t:|1756623937
|move|p2b: Gholdengo|Protect|p2b: Gholdengo
|-singleturn|p2b: Gholdengo|Protect
|move|p2a: Sneasler|Close Combat|p1b: Politoed
|-damage|p1b: Politoed|29/100
|-unboost|p2a: Sneasler|def|1
|-unboost|p2a: Sneasler|spd|1
|move|p1b: Politoed|Weather Ball|p2b: Gholdengo
|-activate|p2b: Gholdengo|move: Protect
|move|p1a: Gothitelle|Psychic|p2b: Gholdengo
|-activate|p2b: Gholdengo|move: Protect
|
|-weather|RainDance|[upkeep]
|-heal|p1b: Politoed|35/100|[from] item: Leftovers
|upkeep
|turn|9
|
|t:|1756623958
|move|p1b: Politoed|Protect|p1b: Politoed
|-singleturn|p1b: Politoed|Protect
|move|p2a: Sneasler|Close Combat|p1b: Politoed
|-activate|p1b: Politoed|move: Protect
|move|p2b: Gholdengo|Shadow Ball|p1a: Gothitelle
|-supereffective|p1a: Gothitelle
|-damage|p1a: Gothitelle|0 fnt
|faint|p1a: Gothitelle
|-damage|p2b: Gholdengo|32/100|[from] item: Life Orb
|
|-weather|none
|-heal|p1b: Politoed|41/100|[from] item: Leftovers
|upkeep
|turn|10
|-message|temp10 forfeited.
|
|win|Chandeliere
|l|☆temp10
|player|p1|
||Chandeliere is ready for game 3.
||temp10 is ready for game 3.
|uhtml|next|Next: Game 3 of 3
