|j|☆RegiSIXSEVEN
|j|☆golden sun boy
|html|RegiSIXSEVENgolden sun boy    
|uhtml|bestof|Game 2 of a best-of-3
|t:|1784803996
|gametype|doubles
|player|p1|RegiSIXSEVEN|steven|1228
|player|p2|golden sun boy|unknown|1127
|gen|9
|tier|[Gen 9 Champions] VGC 2026 Reg M-B (Bo3)
|rated|
|rule|Species Clause: Limit one of each Pokémon
|rule|Item Clause: Limit 1 of each item
|clearpoke
|poke|p1|Garchomp, L50, M, shiny|
|poke|p1|Venusaur, L50, F, shiny|
|poke|p1|Incineroar, L50, M, shiny|
|poke|p1|Charizard, L50, M, shiny|
|poke|p1|Toxapex, L50, M, shiny|
|poke|p1|Annihilape, L50, M, shiny|
|poke|p2|Zoroark-Hisui, L50, M|
|poke|p2|Scovillain, L50, F|
|poke|p2|Raichu, L50, M|
|poke|p2|Whimsicott, L50, F|
|poke|p2|Kommo-o, L50, F|
|poke|p2|Steelix, L50, F|
|teampreview|4
|showteam|p1|Garchomp||ChoiceScarf|RoughSkin|Earthquake,DragonClaw,StompingTantrum,RockSlide|Adamant||M|||50|]Venusaur||LifeOrb|Chlorophyll|SolarBeam,SludgeBomb,EarthPower,Protect|Modest||F|||50|]Incineroar||SitrusBerry|Intimidate|FlareBlitz,ThroatChop,FakeOut,PartingShot|Impish||M|||50|]Charizard||CharizarditeY|Blaze|HeatWave,WeatherBall,HelpingHand,Protect|Modest||M|||50|]Toxapex||Leftovers|Regenerator|Infestation,Toxic,WideGuard,BanefulBunker|Bold||M|||50|]Annihilape||FocusSash|Defiant|CloseCombat,PhantomForce,RockTomb,Protect|Jolly||M|||50|
|showteam|p2|Zoroark-Hisui||LifeOrb|Illusion|HyperBeam,HyperVoice,ShadowBall,Protect|Modest||M|||50|]Scovillain||Scovillainite|Moody|GigaDrain,Overheat,RagePowder,Protect|Modest||F|||50|]Raichu||RaichuniteX|LightningRod|VoltTackle,RisingVoltage,Feint,FakeOut|Adamant||M|||50|]Whimsicott||FocusSash|Prankster|Tailwind,LightScreen,Encore,Moonblast|Timid||F|||50|]Kommo-o||DragonFang|Soundproof|ClangingScales,DracoMeteor,AuraSphere,Protect|Modest||F|||50|]Steelix||MetalCoat|Sturdy|HeavySlam,HighHorsepower,WideGuard,BodyPress|Relaxed||F|||50|
|inactive|Battle timer is ON: inactive players will automatically lose when time's up. (requested by RegiSIXSEVEN)
|inactive|golden sun boy has 60 seconds left.
|inactive|golden sun boy has 30 seconds left.
|inactive|golden sun boy has 20 seconds left.
|inactive|golden sun boy has 15 seconds left.
|inactive|golden sun boy has 10 seconds left.
|
|t:|1784804081
|teamsize|p1|4
|teamsize|p2|4
|start
|switch|p1a: Charizard|Charizard, L50, M, shiny|100/100
|switch|p1b: Venusaur|Venusaur, L50, F, shiny|100/100
|switch|p2a: Kommo-o|Kommo-o, L50, F|100/100
|switch|p2b: Raichu|Raichu, L50, M|100/100
|turn|1
|inactive|golden sun boy has 30 seconds left.
|inactive|golden sun boy has 20 seconds left.
|
|t:|1784804118
|detailschange|p1a: Charizard|Charizard-Mega-Y, L50, M, shiny
|-mega|p1a: Charizard|Charizard|Charizardite Y
|-weather|SunnyDay|[from] ability: Drought|[of] p1a: Charizard
|move|p2b: Raichu|Protect|p2b: Raichu
|-singleturn|p2b: Raichu|Protect
|move|p1a: Charizard|Protect|p1a: Charizard
|-singleturn|p1a: Charizard|Protect
|move|p1b: Venusaur|Earth Power|p2b: Raichu
|-activate|p2b: Raichu|move: Protect
|move|p2a: Kommo-o|Clanging Scales|p1b: Venusaur|[spread] p1b
|-activate|p1a: Charizard|move: Protect
|-damage|p1b: Venusaur|47/100
|-unboost|p2a: Kommo-o|def|1
|
|-weather|SunnyDay|[upkeep]
|upkeep
|turn|2
|inactive|RegiSIXSEVEN has 30 seconds left.
|inactive|golden sun boy has 30 seconds left.
|inactive|golden sun boy has 20 seconds left.
|inactive|golden sun boy has 15 seconds left.
|
|t:|1784804158
|switch|p1b: Incineroar|Incineroar, L50, M, shiny|100/100
|-ability|p1b: Incineroar|Intimidate|boost
|-unboost|p2a: Kommo-o|atk|1
|-unboost|p2b: Raichu|atk|1
|move|p2b: Raichu|Hyper Beam|p1a: Charizard
|-damage|p1a: Charizard|7/100
|-mustrecharge|p2b: Raichu
|-damage|p2b: Raichu|90/100|[from] item: Life Orb
|move|p2a: Kommo-o|Clanging Scales|p1b: Incineroar|[spread] p1a,p1b
|-damage|p1a: Charizard|0 fnt
|-damage|p1b: Incineroar|56/100
|faint|p1a: Charizard
|-unboost|p2a: Kommo-o|def|1
|
|-weather|SunnyDay|[upkeep]
|upkeep
|
|t:|1784804170
|switch|p1a: Toxapex|Toxapex, L50, M, shiny|100/100
|turn|3
|
|t:|1784804186
|switch|p2a: Steelix|Steelix, L50, F|100/100
|cant|p2b: Raichu|recharge
|move|p1b: Incineroar|Throat Chop|p2b: Raichu
|-supereffective|p2b: Raichu|1
|-damage|p2b: Raichu|0 fnt
|replace|p2b: Zoroark|Zoroark-Hisui, L50, M
|-end|p2b: Zoroark|Illusion
|faint|p2b: Zoroark
|move|p1a: Toxapex|Toxic|p2a: Steelix
|-immune|p2a: Steelix
|
|-weather|SunnyDay|[upkeep]
|upkeep
|
|t:|1784804201
|switch|p2b: Raichu|Raichu, L50, M|100/100
|turn|4
|
|t:|1784804223
|detailschange|p2b: Raichu|Raichu-Mega-X, L50, M
|-mega|p2b: Raichu|Raichu|Raichunite X
|-fieldstart|move: Electric Terrain|[from] ability: Electric Surge|[of] p2b: Raichu
|move|p2b: Raichu|Rising Voltage|p1a: Toxapex
|-hint|Rising Voltage's BP doubled on grounded target.
|-supereffective|p1a: Toxapex|1
|-damage|p1a: Toxapex|15/100
|move|p1b: Incineroar|Flare Blitz|p2a: Steelix
|-supereffective|p2a: Steelix|1
|-damage|p2a: Steelix|28/100
|-damage|p1b: Incineroar|35/100|[from] Recoil
|-enditem|p1b: Incineroar|Sitrus Berry|[eat]
|-heal|p1b: Incineroar|60/100|[from] item: Sitrus Berry
|move|p1a: Toxapex|Infestation|p2b: Raichu
|-damage|p2b: Raichu|97/100
|-activate|p2b: Raichu|move: Infestation|[of] p1a: Toxapex
|move|p2a: Steelix|High Horsepower|p1b: Incineroar
|-supereffective|p1b: Incineroar|1
|-damage|p1b: Incineroar|8/100
|
|-weather|SunnyDay|[upkeep]
|-heal|p1a: Toxapex|21/100|[from] item: Leftovers
|-damage|p2b: Raichu|85/100|[from] move: Infestation|[partiallytrapped]
|upkeep
|turn|5
|inactive|RegiSIXSEVEN has 30 seconds left.
|inactive|golden sun boy has 30 seconds left.
|inactive|golden sun boy has 20 seconds left.
|
|t:|1784804261
|-heal|p1a: Toxapex|54/100|[from] ability: Regenerator|[silent]
|switch|p1a: Venusaur|Venusaur, L50, F, shiny|47/100
|switch|p2a: Kommo-o|Kommo-o, L50, F|100/100
|move|p2b: Raichu|Rising Voltage|p1b: Incineroar
|-hint|Rising Voltage's BP doubled on grounded target.
|-damage|p1b: Incineroar|0 fnt
|faint|p1b: Incineroar
|
|-weather|none
|-end|p2b: Raichu|Infestation|[partiallytrapped]|[silent]
|upkeep
|
|t:|1784804264
|switch|p1b: Toxapex|Toxapex, L50, M, shiny|54/100
|turn|6
|
|t:|1784804282
|move|p1b: Toxapex|Baneful Bunker|p1b: Toxapex
|-singleturn|p1b: Toxapex|move: Protect
|move|p2a: Kommo-o|Draco Meteor|p1a: Venusaur
|-damage|p1a: Venusaur|0 fnt
|-unboost|p2a: Kommo-o|spa|2
|faint|p1a: Venusaur
|move|p2b: Raichu|Rising Voltage|p1b: Toxapex
|-activate|p1b: Toxapex|move: Protect
|
|-heal|p1b: Toxapex|60/100|[from] item: Leftovers
|upkeep
|turn|7
|-message|RegiSIXSEVEN forfeited.
|
|win|golden sun boy
