|badge|p1|silver|gen9doublesou|30-6
|uhtml|medal-msg|Curious what those medals under the avatar are? PS now has Ladder Seasons! For more information, check out the thread on Smogon.
|j|☆Il Falco
|j|☆porygon-epilepz
|html|Il Falcoporygon-epilepz    
|uhtml|bestof|Game 1 of a best-of-3
|t:|1757086810
|gametype|doubles
|player|p1|Il Falco|cheren-masters|1224
|player|p2|porygon-epilepz|ghetsis-gen5bw|1127
|gen|9
|tier|[Gen 9] VGC 2025 Reg H (Bo3)
|rated|
|rule|Species Clause: Limit one of each Pokémon
|rule|Item Clause: Limit 1 of each item
|clearpoke
|poke|p1|Incineroar, L50, M|
|poke|p1|Serperior, L50, M|
|poke|p1|Primarina, L50, F|
|poke|p1|Raichu, L50, M|
|poke|p1|Gholdengo, L50|
|poke|p1|Grimmsnarl, L50, M|
|poke|p2|Farigiraf, L50, F|
|poke|p2|Incineroar, L50, M|
|poke|p2|Sneasler, L50, F|
|poke|p2|Pelipper, L50, F|
|poke|p2|Archaludon, L50, M|
|poke|p2|Porygon-Z, L50|
|teampreview|4
|showteam|p1|Incineroar||AssaultVest|Intimidate|FakeOut,FlareBlitz,KnockOff,Uturn|||M|||50|,,,,,Bug]Serperior||LifeOrb|Contrary|LeafStorm,TeraBlast,GrassPledge,Protect|||M|||50|,,,,,Fire]Primarina||SitrusBerry|LiquidVoice|HyperVoice,Moonblast,WaterPledge,Protect|||F|||50|,,,,,Poison]Raichu||FocusSash|LightningRod|FakeOut,Thunderbolt,Endeavor,VoltSwitch|||M|||50|,,,,,Ghost]Gholdengo||ChoiceScarf|GoodasGold|MakeItRain,ShadowBall,PowerGem,Trick||||||50|,,,,,Steel]Grimmsnarl||LightClay|Prankster|SpiritBreak,PartingShot,Reflect,LightScreen|||M|||50|,,,,,Ghost
|showteam|p2|Farigiraf||ThroatSpray|ArmorTail|TrickRoom,HyperVoice,Psychic,HelpingHand|||F|||50|,,,,,Fairy]Incineroar||SafetyGoggles|Intimidate|FakeOut,KnockOff,PartingShot,Taunt|||M|||50|,,,,,Ghost]Sneasler||WhiteHerb|Unburden|DireClaw,CloseCombat,ThroatChop,FakeOut|||F|||50|,,,,,Dark]Pelipper||FocusSash|Drizzle|Hurricane,WeatherBall,Tailwind,Protect|||F|||50|,,,,,Grass]Archaludon||AssaultVest|Stamina|ElectroShot,FlashCannon,DracoMeteor,BodyPress|||M|||50|,,,,,Bug]Porygon-Z||ChoiceScarf|Adaptability|TeraBlast,HyperBeam,ShadowBall,IceBeam||||||50|,,,,,Fairy
|
|t:|1757086886
|teamsize|p1|4
|teamsize|p2|4
|start
|switch|p1a: Serperior|Serperior, L50, M, shiny|100/100
|switch|p1b: Primarina|Primarina, L50, F|100/100
|switch|p2a: Sneasler|Sneasler, L50, F|100/100
|switch|p2b: Porygon-Z|Porygon-Z, L50|100/100
|turn|1
|
|t:|1757086918
|move|p1a: Serperior|Protect|p1a: Serperior
|-singleturn|p1a: Serperior|Protect
|move|p1b: Primarina|Protect|p1b: Primarina
|-singleturn|p1b: Primarina|Protect
|move|p2a: Sneasler|Fake Out|p1b: Primarina
|-activate|p1b: Primarina|move: Protect
|move|p2b: Porygon-Z|Hyper Beam|p1a: Serperior
|-activate|p1a: Serperior|move: Protect
|
|upkeep
|turn|2
|
|t:|1757086938
|switch|p1a: Gholdengo|Gholdengo, L50|100/100
|-terastallize|p1b: Primarina|Poison
|move|p2b: Porygon-Z|Hyper Beam|p1b: Primarina
|-damage|p1b: Primarina|9/100
|-mustrecharge|p2b: Porygon-Z
|-enditem|p1b: Primarina|Sitrus Berry|[eat]
|-heal|p1b: Primarina|34/100|[from] item: Sitrus Berry
|move|p2a: Sneasler|Dire Claw|p1a: Gholdengo
|-immune|p1a: Gholdengo
|move|p1b: Primarina|Hyper Voice|p2a: Sneasler|[spread] p2a,p2b
|-damage|p2a: Sneasler|46/100
|-damage|p2b: Porygon-Z|51/100
|
|upkeep
|turn|3
|
|t:|1757086962
|switch|p2a: Archaludon|Archaludon, L50, M|100/100
|cant|p2b: Porygon-Z|recharge
|move|p1a: Gholdengo|Make It Rain|p2b: Porygon-Z|[spread] p2a,p2b
|-resisted|p2a: Archaludon
|-damage|p2a: Archaludon|85/100
|-damage|p2b: Porygon-Z|0 fnt
|-unboost|p1a: Gholdengo|spa|1
|-ability|p2a: Archaludon|Stamina|boost
|-boost|p2a: Archaludon|def|1
|faint|p2b: Porygon-Z
|move|p1b: Primarina|Moonblast|p2a: Archaludon
|-damage|p2a: Archaludon|47/100
|-ability|p2a: Archaludon|Stamina|boost
|-boost|p2a: Archaludon|def|1
|
|upkeep
|
|t:|1757086969
|switch|p2b: Incineroar|Incineroar, L50, M|100/100
|-ability|p2b: Incineroar|Intimidate|boost
|-unboost|p1a: Gholdengo|atk|1
|-unboost|p1b: Primarina|atk|1
|turn|4
|
|t:|1757086980
|switch|p1a: Raichu|Raichu, L50, M|100/100
|move|p1b: Primarina|Protect|p1b: Primarina
|-singleturn|p1b: Primarina|Protect
|move|p2a: Archaludon|Body Press|p1b: Primarina
|-activate|p1b: Primarina|move: Protect
|move|p2b: Incineroar|Knock Off|p1a: Raichu
|-damage|p1a: Raichu|17/100
|-enditem|p1a: Raichu|Focus Sash|[from] move: Knock Off|[of] p2b: Incineroar
|
|upkeep
|turn|5
|
|t:|1757087007
|-terastallize|p2a: Archaludon|Bug
|move|p1a: Raichu|Fake Out|p2a: Archaludon
|-damage|p2a: Archaludon|44/100
|-ability|p2a: Archaludon|Stamina|boost
|-boost|p2a: Archaludon|def|1
|cant|p2a: Archaludon|flinch
|move|p2b: Incineroar|Parting Shot|p1b: Primarina
|-unboost|p1b: Primarina|atk|1
|-unboost|p1b: Primarina|spa|1
|
|t:|1757087015
|switch|p2b: Sneasler|Sneasler, L50, F|46/100|[from] Parting Shot
|move|p1b: Primarina|Moonblast|p2a: Archaludon
|-damage|p2a: Archaludon|21/100
|-ability|p2a: Archaludon|Stamina|boost
|-boost|p2a: Archaludon|def|1
|
|upkeep
|turn|6
|
|t:|1757087039
|switch|p1a: Gholdengo|Gholdengo, L50|100/100
|move|p1b: Primarina|Protect|p1b: Primarina
|-singleturn|p1b: Primarina|Protect
|move|p2b: Sneasler|Dire Claw|p1a: Gholdengo
|-immune|p1a: Gholdengo
|move|p2a: Archaludon|Electro Shot||[still]
|-prepare|p2a: Archaludon|Electro Shot
|-boost|p2a: Archaludon|spa|1
|
|upkeep
|turn|7
|
|t:|1757087058
|move|p1a: Gholdengo|Make It Rain|p2a: Archaludon|[spread] p2a,p2b
|-damage|p2a: Archaludon|0 fnt
|-damage|p2b: Sneasler|0 fnt
|-unboost|p1a: Gholdengo|spa|1
|faint|p2a: Archaludon
|faint|p2b: Sneasler
|move|p1b: Primarina|Hyper Voice|p2: Archaludon|[notarget]
|-fail|p1b: Primarina
|
|upkeep
|-message|porygon-epilepz forfeited.
|
|win|Il Falco
