|j|☆washingtongargacha
|j|☆boykie629
|html|washingtongargachaboykie629    
|uhtml|bestof|Game 3 of a best-of-3
|t:|1756983040
|gametype|doubles
|player|p1|washingtongargacha|2|1174
|player|p2|boykie629|169|1154
|gen|9
|tier|[Gen 9] VGC 2025 Reg H (Bo3)
|rated|
|rule|Species Clause: Limit one of each Pokémon
|rule|Item Clause: Limit 1 of each item
|clearpoke
|poke|p1|Talonflame, L50, M|
|poke|p1|Gholdengo, L50|
|poke|p1|Dragonite, L50, F|
|poke|p1|Archaludon, L50, M|
|poke|p1|Tyranitar, L50, M|
|poke|p1|Garchomp, L50, F|
|poke|p2|Pelipper, L50, M|
|poke|p2|Palafin, L50, M|
|poke|p2|Archaludon, L50, M|
|poke|p2|Gholdengo, L50|
|poke|p2|Rillaboom, L50, M|
|poke|p2|Incineroar, L50, M|
|teampreview|4
|showteam|p1|Talonflame||CovertCloak|GaleWings|Tailwind,BraveBird,Taunt,WillOWisp|||M|||50|,,,,,Ghost]Gholdengo||ChoiceSpecs|GoodasGold|MakeItRain,SteelBeam,ShadowBall,PowerGem||||||50|,,,,,Steel]Dragonite||LoadedDice|Multiscale|ScaleShot,IceSpinner,Haze,Protect|||F|||50|,,,,,Steel]Archaludon||PowerHerb|Sturdy|FlashCannon,ElectroShot,DracoMeteor,Protect|||M|||50|,,,,,Flying]Tyranitar||AssaultVest|SandStream|KnockOff,RockSlide,TeraBlast,LowKick|||M|||50|,,,,,Flying]Garchomp||LifeOrb|RoughSkin|DragonClaw,StompingTantrum,Earthquake,Protect|||F|||50|,,,,,Steel
|showteam|p2|Pelipper||FocusSash|Drizzle|Hurricane,WeatherBall,Tailwind,Protect|||M|||50|,,,,,Stellar]Palafin||MysticWater|ZerotoHero|JetPunch,WaveCrash,Haze,Protect|||M|||50|,,,,,Water]Archaludon||AssaultVest|Stamina|FlashCannon,DracoMeteor,ElectroShot,BodyPress|||M|||50|,,,,,Bug]Gholdengo||GrassySeed|GoodasGold|MakeItRain,ShadowBall,NastyPlot,Protect||||||50|,,,,,Water]Rillaboom||LoadedDice|GrassySurge|BulletSeed,GrassyGlide,Uturn,FakeOut|||M|||50|,,,,,Water]Incineroar||SafetyGoggles|Intimidate|FlareBlitz,PartingShot,KnockOff,FakeOut|||M|||50|,,,,,Ghost
|inactive|Battle timer is ON: inactive players will automatically lose when time's up. (requested by boykie629)
|
|t:|1756983084
|teamsize|p1|4
|teamsize|p2|4
|start
|switch|p1a: Gholdengo|Gholdengo, L50|100/100
|switch|p1b: Garchomp|Garchomp, L50, F|100/100
|switch|p2a: Incineroar|Incineroar, L50, M|100/100
|switch|p2b: Palafin|Palafin, L50, M|100/100
|-ability|p2a: Incineroar|Intimidate|boost
|-unboost|p1a: Gholdengo|atk|1
|-unboost|p1b: Garchomp|atk|1
|turn|1
|
|t:|1756983097
|move|p2b: Palafin|Protect|p2b: Palafin
|-singleturn|p2b: Palafin|Protect
|move|p1b: Garchomp|Stomping Tantrum|p2a: Incineroar
|-supereffective|p2a: Incineroar
|-damage|p2a: Incineroar|38/100
|-damage|p1b: Garchomp|91/100|[from] item: Life Orb
|move|p1a: Gholdengo|Shadow Ball|p2b: Palafin
|-activate|p2b: Palafin|move: Protect
|move|p2a: Incineroar|Flare Blitz|p1a: Gholdengo
|-supereffective|p1a: Gholdengo
|-damage|p1a: Gholdengo|10/100
|-damage|p2a: Incineroar|12/100|[from] Recoil
|
|upkeep
|turn|2
|
|t:|1756983122
|switch|p1a: Archaludon|Archaludon, L50, M|100/100
|switch|p2a: Pelipper|Pelipper, L50, M|100/100
|-weather|RainDance|[from] ability: Drizzle|[of] p2a: Pelipper
|move|p2b: Palafin|Jet Punch|p1a: Archaludon
|-resisted|p1a: Archaludon
|-damage|p1a: Archaludon|82/100
|move|p1b: Garchomp|Earthquake|p2a: Pelipper|[spread] p1a,p2b
|-immune|p2a: Pelipper
|-supereffective|p1a: Archaludon
|-damage|p1a: Archaludon|25/100
|-damage|p2b: Palafin|59/100
|-damage|p1b: Garchomp|81/100|[from] item: Life Orb
|
|-weather|RainDance|[upkeep]
|upkeep
|turn|3
|inactive|washingtongargacha has 30 seconds left.
|inactive|washingtongargacha has 20 seconds left.
|
|t:|1756983162
|switch|p1b: Talonflame|Talonflame, L50, M|100/100
|detailschange|p2b: Palafin|Palafin-Hero, L50, M
|switch|p2b: Incineroar|Incineroar, L50, M|12/100
|-ability|p2b: Incineroar|Intimidate|boost
|-unboost|p1a: Archaludon|atk|1
|-unboost|p1b: Talonflame|atk|1
|move|p1a: Archaludon|Electro Shot||[still]
|-prepare|p1a: Archaludon|Electro Shot
|-boost|p1a: Archaludon|spa|1
|-anim|p1a: Archaludon|Electro Shot|p2a: Pelipper
|-supereffective|p2a: Pelipper
|-enditem|p2a: Pelipper|Focus Sash
|-damage|p2a: Pelipper|1/100
|move|p2a: Pelipper|Tailwind|p2a: Pelipper
|-sidestart|p2: boykie629|move: Tailwind
|
|-weather|RainDance|[upkeep]
|upkeep
|turn|4
|inactive|washingtongargacha has 30 seconds left.
|
|t:|1756983194
|move|p1a: Archaludon|Protect|p1a: Archaludon
|-singleturn|p1a: Archaludon|Protect
|move|p2b: Incineroar|Fake Out|p1a: Archaludon
|-activate|p1a: Archaludon|move: Protect
|move|p1b: Talonflame|Tailwind|p1b: Talonflame
|-sidestart|p1: washingtongargacha|move: Tailwind
|move|p2a: Pelipper|Weather Ball|p1b: Talonflame
|-supereffective|p1b: Talonflame
|-damage|p1b: Talonflame|0 fnt
|faint|p1b: Talonflame
|
|-weather|RainDance|[upkeep]
|upkeep
|
|t:|1756983216
|switch|p1b: Gholdengo|Gholdengo, L50|10/100
|turn|5
|inactive|washingtongargacha has 30 seconds left.
|inactive|washingtongargacha has 20 seconds left.
|inactive|washingtongargacha has 15 seconds left.
|
|t:|1756983258
|move|p1a: Archaludon|Electro Shot||[still]
|-prepare|p1a: Archaludon|Electro Shot
|-boost|p1a: Archaludon|spa|1
|-anim|p1a: Archaludon|Electro Shot|p2b: Incineroar
|-damage|p2b: Incineroar|0 fnt
|faint|p2b: Incineroar
|move|p1b: Gholdengo|Shadow Ball|p2a: Pelipper
|-damage|p2a: Pelipper|0 fnt
|faint|p2a: Pelipper
|
|-weather|RainDance|[upkeep]
|upkeep
|
|t:|1756983260
|switch|p2a: Palafin|Palafin-Hero, L50, M|59/100
|switch|p2b: Archaludon|Archaludon, L50, M|100/100
|-activate|p2a: Palafin|ability: Zero to Hero
|turn|6
|inactive|washingtongargacha has 30 seconds left.
|
|t:|1756983286
|move|p2a: Palafin|Protect|p2a: Palafin
|-singleturn|p2a: Palafin|Protect
|move|p1a: Archaludon|Electro Shot||[still]
|-prepare|p1a: Archaludon|Electro Shot
|-boost|p1a: Archaludon|spa|1
|-anim|p1a: Archaludon|Electro Shot|p2a: Palafin
|-activate|p2a: Palafin|move: Protect
|move|p1b: Gholdengo|Shadow Ball|p2a: Palafin
|-activate|p2a: Palafin|move: Protect
|move|p2b: Archaludon|Electro Shot||[still]
|-prepare|p2b: Archaludon|Electro Shot
|-boost|p2b: Archaludon|spa|1
|-anim|p2b: Archaludon|Electro Shot|p1a: Archaludon
|-resisted|p1a: Archaludon
|-damage|p1a: Archaludon|0 fnt
|faint|p1a: Archaludon
|
|-weather|none
|-sideend|p2: boykie629|move: Tailwind
|upkeep
|
|t:|1756983305
|switch|p1a: Garchomp|Garchomp, L50, F|81/100
|turn|7
|inactive|washingtongargacha has 30 seconds left.
|inactive|washingtongargacha has 20 seconds left.
|
|t:|1756983343
|-terastallize|p1a: Garchomp|Steel
|-terastallize|p2b: Archaludon|Bug
|move|p2a: Palafin|Jet Punch|p1b: Gholdengo
|-damage|p1b: Gholdengo|0 fnt
|faint|p1b: Gholdengo
|move|p1a: Garchomp|Dragon Claw|p2a: Palafin
|-damage|p2a: Palafin|5/100
|-damage|p1a: Garchomp|71/100|[from] item: Life Orb
|move|p2b: Archaludon|Draco Meteor|p1a: Garchomp|[miss]
|-miss|p2b: Archaludon|p1a: Garchomp
|
|-sideend|p1: washingtongargacha|move: Tailwind
|upkeep
|turn|8
|
|t:|1756983366
|move|p2a: Palafin|Jet Punch|p1a: Garchomp
|-damage|p1a: Garchomp|22/100
|-damage|p2a: Palafin|0 fnt|[from] ability: Rough Skin|[of] p1a: Garchomp
|faint|p2a: Palafin
|move|p1a: Garchomp|Dragon Claw|p2b: Archaludon
|-damage|p2b: Archaludon|60/100
|-ability|p2b: Archaludon|Stamina|boost
|-boost|p2b: Archaludon|def|1
|-damage|p1a: Garchomp|12/100|[from] item: Life Orb
|move|p2b: Archaludon|Body Press|p1a: Garchomp
|-supereffective|p1a: Garchomp
|-damage|p1a: Garchomp|0 fnt
|-damage|p2b: Archaludon|48/100|[from] ability: Rough Skin|[of] p1a: Garchomp
|faint|p1a: Garchomp
|
|win|boykie629
|raw|washingtongargacha's rating: 1174 → 1148(-26 for losing)
|raw|boykie629's rating: 1154 → 1180(+26 for winning)
