|j|☆Scoseb
|j|☆AceSama(YT)
|html|ScosebAceSama(YT)    
|uhtml|bestof|Game 2 of a best-of-3
|t:|1784661548
|gametype|doubles
|player|p1|Scoseb|brycenman|1294
|player|p2|AceSama(YT)|169|1385
|gen|9
|tier|[Gen 9 Champions] VGC 2026 Reg M-B (Bo3)
|rated|
|rule|Species Clause: Limit one of each Pokémon
|rule|Item Clause: Limit 1 of each item
|clearpoke
|poke|p1|Gholdengo, L50|
|poke|p1|Zoroark-Hisui, L50, M|
|poke|p1|Incineroar, L50, M|
|poke|p1|Whimsicott, L50, F|
|poke|p1|Staraptor, L50, M|
|poke|p1|Garchomp, L50, M|
|poke|p2|Delphox, L50, F|
|poke|p2|Sneasler, L50, M|
|poke|p2|Whimsicott, L50, M|
|poke|p2|Meowscarada, L50, F|
|poke|p2|Milotic, L50, F|
|poke|p2|Farigiraf, L50, F|
|teampreview|4
|showteam|p1|Gholdengo||LifeOrb|GoodasGold|PowerGem,Protect,MakeItRain,ShadowBall|Modest|||||50|]Zoroark-Hisui||FocusSash|Illusion|Taunt,IcyWind,FakeTears,BitterMalice|Timid||M|||50|]Incineroar||SitrusBerry|Intimidate|FakeOut,PartingShot,FlareBlitz,DarkestLariat|Careful||M|||50|]Whimsicott||FairyFeather|Prankster|Moonblast,Tailwind,Charm,Encore|Modest||F|||50|]Staraptor||Staraptite|Reckless|CloseCombat,Protect,BraveBird,Roost|Jolly||M|||50|]Garchomp||Garchompite|RoughSkin|Protect,Earthquake,DragonClaw,RockSlide|Adamant||M|||50|
|showteam|p2|Delphox||Delphoxite|Blaze|HeatWave,Psychic,GrassKnot,Protect|Timid||F|||50|]Sneasler||WhiteHerb|Unburden|DireClaw,CloseCombat,RockSlide,FakeOut|Jolly||M|||50|]Whimsicott||FocusSash|Prankster|SunnyDay,Tailwind,Encore,Moonblast|Timid||M|||50|]Meowscarada||ChoiceScarf|Protean|FlowerTrick,TripleAxel,KnockOff,LowKick|Jolly||F|||50|]Milotic||Leftovers|Competitive|Scald,LifeDew,Protect,IcyWind|Bold||F|||50|]Farigiraf||ColburBerry|ArmorTail|Psychic,Imprison,TrickRoom,HelpingHand|Bold||F|||50|
|inactive|Battle timer is ON: inactive players will automatically lose when time's up. (requested by Scoseb)
|inactive|Scoseb has 60 seconds left.
|
|t:|1784661599
|teamsize|p1|4
|teamsize|p2|4
|start
|switch|p1a: Staraptor|Staraptor, L50, M|100/100
|switch|p1b: Whimsicott|Whimsicott, L50, F|100/100
|switch|p2a: Whimsicott|Whimsicott, L50, M|100/100
|switch|p2b: Meowscarada|Meowscarada, L50, F|100/100
|turn|1
|
|t:|1784661609
|switch|p1a: Incineroar|Incineroar, L50, M|100/100
|-ability|p1a: Incineroar|Intimidate|boost
|-unboost|p2a: Whimsicott|atk|1
|-unboost|p2b: Meowscarada|atk|1
|move|p2a: Whimsicott|Tailwind|p2a: Whimsicott
|-sidestart|p2: AceSama(YT)|move: Tailwind
|move|p1b: Whimsicott|Tailwind|p1b: Whimsicott
|-sidestart|p1: Scoseb|move: Tailwind
|move|p2b: Meowscarada|Triple Axel|p1a: Incineroar
|-start|p2b: Meowscarada|typechange|Ice|[from] ability: Protean
|-resisted|p1a: Incineroar|1
|-crit|p1a: Incineroar
|-damage|p1a: Incineroar|94/100
|-resisted|p1a: Incineroar|1
|-damage|p1a: Incineroar|88/100
|-resisted|p1a: Incineroar|1
|-damage|p1a: Incineroar|80/100
|-hitcount|p1a: Incineroar|3
|
|upkeep
|turn|2
|
|t:|1784661633
|switch|p2b: Milotic|Milotic, L50, F|100/100
|move|p1a: Incineroar|Fake Out|p2b: Milotic
|-damage|p2b: Milotic|91/100
|move|p2a: Whimsicott|Encore|p1b: Whimsicott
|-start|p1b: Whimsicott|Encore
|move|p1b: Whimsicott|Tailwind||[still]
|-fail|p1b: Whimsicott
|
|-heal|p2b: Milotic|97/100|[from] item: Leftovers
|upkeep
|turn|3
|
|t:|1784661647
|switch|p1b: Gholdengo|Gholdengo, L50|100/100
|move|p2a: Whimsicott|Moonblast|p1a: Incineroar
|-damage|p1a: Incineroar|50/100g
|move|p2b: Milotic|Scald|p1a: Incineroar
|-supereffective|p1a: Incineroar|1
|-damage|p1a: Incineroar|0 fnt
|faint|p1a: Incineroar
|
|-heal|p2b: Milotic|100/100|[from] item: Leftovers
|upkeep
|
|t:|1784661661
|switch|p1a: Staraptor|Staraptor, L50, M|100/100
|turn|4
|
|t:|1784661676
|switch|p2a: Meowscarada|Meowscarada, L50, F|100/100
|detailschange|p1a: Staraptor|Staraptor-Mega, L50, M
|-mega|p1a: Staraptor|Staraptor|Staraptite
|move|p1a: Staraptor|Close Combat|p2b: Milotic
|-damage|p2b: Milotic|49/100
|-boost|p1a: Staraptor|def|1
|-boost|p1a: Staraptor|spd|1
|move|p1b: Gholdengo|Shadow Ball|p2a: Meowscarada
|-resisted|p2a: Meowscarada|1
|-damage|p2a: Meowscarada|59/100
|-unboost|p2a: Meowscarada|spd|1
|-damage|p1b: Gholdengo|90/100|[from] item: Life Orb
|move|p2b: Milotic|Icy Wind|p1a: Staraptor|[spread] p1a,p1b
|-supereffective|p1a: Staraptor|1
|-resisted|p1b: Gholdengo|1
|-damage|p1a: Staraptor|86/100
|-damage|p1b: Gholdengo|85/100
|-boost|p1a: Staraptor|spe|1
|-unboost|p1b: Gholdengo|spe|1
|
|-heal|p2b: Milotic|54/100|[from] item: Leftovers
|-sideend|p1: Scoseb|move: Tailwind
|-sideend|p2: AceSama(YT)|move: Tailwind
|upkeep
|turn|5
|inactive|Scoseb has 30 seconds left.
|inactive|AceSama(YT) has 30 seconds left.
|
|t:|1784661705
|move|p2a: Meowscarada|Triple Axel|p1a: Staraptor
|-start|p2a: Meowscarada|typechange|Ice|[from] ability: Protean
|-supereffective|p1a: Staraptor|1
|-damage|p1a: Staraptor|73/100
|-supereffective|p1a: Staraptor|1
|-damage|p1a: Staraptor|52/100
|-hitcount|p1a: Staraptor|2
|move|p1a: Staraptor|Close Combat|p2a: Meowscarada
|-supereffective|p2a: Meowscarada|1
|-damage|p2a: Meowscarada|0 fnt
|-boost|p1a: Staraptor|def|1
|-boost|p1a: Staraptor|spd|1
|faint|p2a: Meowscarada
|move|p2b: Milotic|Life Dew|p2b: Milotic
|-heal|p2b: Milotic|80/100
|move|p1b: Gholdengo|Shadow Ball|p2b: Milotic
|-damage|p2b: Milotic|43/100
|-damage|p1b: Gholdengo|75/100|[from] item: Life Orb
|
|-heal|p2b: Milotic|49/100|[from] item: Leftovers
|upkeep
|
|t:|1784661721
|switch|p2a: Whimsicott|Whimsicott, L50, M|100/100
|turn|6
|
|t:|1784661739
|move|p2a: Whimsicott|Tailwind|p2a: Whimsicott
|-sidestart|p2: AceSama(YT)|move: Tailwind
|move|p1a: Staraptor|Roost|p1a: Staraptor
|-heal|p1a: Staraptor|100/100
|-singleturn|p1a: Staraptor|move: Roost
|move|p2b: Milotic|Scald|p1b: Gholdengo
|-damage|p1b: Gholdengo|40/100
|move|p1b: Gholdengo|Shadow Ball|p2a: Whimsicott
|-damage|p2a: Whimsicott|8/100
|-damage|p1b: Gholdengo|31/100|[from] item: Life Orb
|
|-heal|p2b: Milotic|54/100|[from] item: Leftovers
|upkeep
|turn|7
|inactive|Scoseb has 30 seconds left.
|
|t:|1784661768
|switch|p1a: Whimsicott|Whimsicott, L50, F|100/100
|move|p1b: Gholdengo|Protect|p1b: Gholdengo
|-singleturn|p1b: Gholdengo|Protect
|move|p2a: Whimsicott|Encore||[still]
|-fail|p2a: Whimsicott
|move|p2b: Milotic|Scald|p1b: Gholdengo
|-activate|p1b: Gholdengo|move: Protect
|
|-heal|p2b: Milotic|60/100|[from] item: Leftovers
|upkeep
|turn|8
|
|t:|1784661786
|switch|p2a: Delphox|Delphox, L50, F|100/100
|move|p1a: Whimsicott|Tailwind|p1a: Whimsicott
|-sidestart|p1: Scoseb|move: Tailwind
|move|p2b: Milotic|Scald|p1b: Gholdengo
|-damage|p1b: Gholdengo|2/100
|move|p1b: Gholdengo|Make It Rain|p2b: Milotic|[spread] p2a,p2b
|-resisted|p2a: Delphox|1
|-resisted|p2b: Milotic|1
|-damage|p2a: Delphox|66/100
|-damage|p2b: Milotic|39/100
|-unboost|p1b: Gholdengo|spa|2
|-damage|p1b: Gholdengo|0 fnt|[from] item: Life Orb
|faint|p1b: Gholdengo
|
|-heal|p2b: Milotic|45/100|[from] item: Leftovers
|upkeep
|
|t:|1784661801
|switch|p1b: Staraptor|Staraptor-Mega, L50, M|100/100
|turn|9
|
|t:|1784661824
|detailschange|p2a: Delphox|Delphox-Mega, L50, F
|-mega|p2a: Delphox|Delphox|Delphoxite
|move|p1a: Whimsicott|Charm|p1b: Staraptor
|-boost|p1b: Staraptor|atk|2
|move|p2a: Delphox|Heat Wave|p1a: Whimsicott|[spread] p1a
|-miss|p2a: Delphox|p1b: Staraptor
|-supereffective|p1a: Whimsicott|1
|-damage|p1a: Whimsicott|0 fnt
|faint|p1a: Whimsicott
|move|p1b: Staraptor|Close Combat|p2a: Delphox
|-resisted|p2a: Delphox|1
|-damage|p2a: Delphox|0 fnt
|-boost|p1b: Staraptor|def|1
|-boost|p1b: Staraptor|spd|1
|faint|p2a: Delphox
|move|p2b: Milotic|Life Dew|p2b: Milotic
|-heal|p2b: Milotic|70/100
|
|-heal|p2b: Milotic|76/100|[from] item: Leftovers
|-sideend|p2: AceSama(YT)|move: Tailwind
|upkeep
|
|t:|1784661836
|switch|p2a: Whimsicott|Whimsicott, L50, M|8/100
|turn|10
|
|t:|1784661851
|move|p2a: Whimsicott|Tailwind|p2a: Whimsicott
|-sidestart|p2: AceSama(YT)|move: Tailwind
|move|p1b: Staraptor|Close Combat|p2a: Whimsicott
|-resisted|p2a: Whimsicott|1
|-damage|p2a: Whimsicott|0 fnt
|-boost|p1b: Staraptor|def|1
|-boost|p1b: Staraptor|spd|1
|faint|p2a: Whimsicott
|move|p2b: Milotic|Scald|p1b: Staraptor
|-damage|p1b: Staraptor|82/100
|
|-heal|p2b: Milotic|82/100|[from] item: Leftovers
|upkeep
|turn|11
|
|t:|1784661863
|move|p2b: Milotic|Protect|p2b: Milotic
|-singleturn|p2b: Milotic|Protect
|move|p1b: Staraptor|Close Combat|p2b: Milotic
|-activate|p2b: Milotic|move: Protect
|
|-heal|p2b: Milotic|88/100|[from] item: Leftovers
|-sideend|p1: Scoseb|move: Tailwind
|upkeep
|turn|12
|
|t:|1784661871
|move|p1b: Staraptor|Protect|p1b: Staraptor
|-singleturn|p1b: Staraptor|Protect
|move|p2b: Milotic|Scald|p1b: Staraptor
|-activate|p1b: Staraptor|move: Protect
|
|-heal|p2b: Milotic|94/100|[from] item: Leftovers
|upkeep
|turn|13
|
|t:|1784661878
|move|p2b: Milotic|Scald|p1b: Staraptor
|-damage|p1b: Staraptor|68/100
|move|p1b: Staraptor|Close Combat|p2b: Milotic
|-damage|p2b: Milotic|1/100
|-boost|p1b: Staraptor|def|1
|-boost|p1b: Staraptor|spd|1
|
|-heal|p2b: Milotic|6/100|[from] item: Leftovers
|-sideend|p2: AceSama(YT)|move: Tailwind
|upkeep
|turn|14
|c|☆AceSama(YT)|gg
|
|t:|1784661890
|move|p1b: Staraptor|Close Combat|p2b: Milotic
|-damage|p2b: Milotic|0 fnt
|-boost|p1b: Staraptor|def|1
|-boost|p1b: Staraptor|spd|1
|faint|p2b: Milotic
|
|win|Scoseb
|raw|Scoseb's rating: 1294 → 1325(+31 for winning)
|raw|AceSama(YT)'s rating: 1385 → 1360(-25 for losing)
|c|☆Scoseb|ggs
|l|☆AceSama(YT)
|player|p2|
