|j|☆rubii7767
|j|☆FreezyPop439
|html|rubii7767FreezyPop439    
|uhtml|bestof|Game 3 of a best-of-3
|t:|1783679335
|gametype|doubles
|player|p1|rubii7767|266|1264
|player|p2|FreezyPop439|collector|1393
|gen|9
|tier|[Gen 9 Champions] VGC 2026 Reg M-B (Bo3)
|rated|
|rule|Species Clause: Limit one of each Pokémon
|rule|Item Clause: Limit 1 of each item
|clearpoke
|poke|p1|Excadrill, L50, F|
|poke|p1|Tyranitar, L50, M|
|poke|p1|Rotom-Wash, L50|
|poke|p1|Incineroar, L50, F|
|poke|p1|Corviknight, L50, M|
|poke|p1|Sinistcha, L50|
|poke|p2|Raichu, L50, F|
|poke|p2|Gyarados, L50, M|
|poke|p2|Mamoswine, L50, F|
|poke|p2|Ceruledge, L50, F|
|poke|p2|Clefable, L50, M|
|poke|p2|Kingambit, L50, M|
|teampreview|4
|showteam|p1|Excadrill||FocusSash|SandRush|Earthquake,RockSlide,IronHead,Protect|Adamant||F|||50|]Tyranitar||Tyranitarite|SandStream|KnockOff,RockSlide,BrickBreak,Protect|Adamant||M|||50|]Rotom-Wash||SitrusBerry|Levitate|HydroPump,Thunderbolt,Protect,WillOWisp|Modest|||||50|]Incineroar||ShucaBerry|Intimidate|FakeOut,FlareBlitz,PartingShot,DarkestLariat|Serious||F|||50|]Corviknight||Leftovers|MirrorArmor|BraveBird,IronDefense,Protect,BodyPress|Impish||M|||50|]Sinistcha||KasibBerry|Hospitality|MatchaGotcha,TrickRoom,StrengthSap,RagePowder|Calm|||||50|
|showteam|p2|Raichu||RaichuniteY|LightningRod|ZapCannon,FocusBlast,FakeOut,Protect|Timid||F|||50|]Gyarados||Gyaradosite|Intimidate|Waterfall,PowerWhip,DragonDance,Protect|Adamant||M|||50|]Mamoswine||LifeOrb|Oblivious|HighHorsepower,IceShard,IcicleCrash,Protect|Jolly||F|||50|]Ceruledge||ColburBerry|FlashFire|BitterBlade,ShadowSneak,BulkUp,Protect|Adamant||F|||50|]Clefable||SitrusBerry|Unaware|Moonblast,FollowMe,HelpingHand,Protect|Bold||M|||50|]Kingambit||FocusSash|Defiant|IronHead,KowtowCleave,SuckerPunch,LowKick|Adamant||M|||50|
|inactive|Battle timer is ON: inactive players will automatically lose when time's up. (requested by rubii7767)
|
|t:|1783679356
|teamsize|p1|4
|teamsize|p2|4
|start
|switch|p1a: Incineroar|Incineroar, L50, F|100/100
|switch|p1b: Tyranitar|Tyranitar, L50, M|100/100
|switch|p2a: Kingambit|Kingambit, L50, M|100/100
|switch|p2b: Clefable|Clefable, L50, M|100/100
|-weather|Sandstorm|[from] ability: Sand Stream|[of] p1b: Tyranitar
|-ability|p1a: Incineroar|Intimidate|boost
|-unboost|p2a: Kingambit|atk|1
|-ability|p2a: Kingambit|Defiant|boost
|-boost|p2a: Kingambit|atk|2
|-unboost|p2b: Clefable|atk|1
|turn|1
|inactive|rubii7767 has 30 seconds left.
|
|t:|1783679387
|switch|p1b: Excadrill|Excadrill, L50, F|100/100
|switch|p2b: Gyarados|Gyarados, L50, M|100/100
|-ability|p2b: Gyarados|Intimidate|boost
|-unboost|p1a: Incineroar|atk|1
|-unboost|p1b: Excadrill|atk|1
|move|p1a: Incineroar|Fake Out|p2a: Kingambit
|-resisted|p2a: Kingambit|1
|-damage|p2a: Kingambit|96/100
|cant|p2a: Kingambit|flinch
|
|-weather|Sandstorm|[upkeep]
|-damage|p2b: Gyarados|93/100|[from] Sandstorm
|-damage|p1a: Incineroar|94/100|[from] Sandstorm
|upkeep
|turn|2
|inactive|FreezyPop439 has 30 seconds left.
|
|t:|1783679421
|switch|p1b: Sinistcha|Sinistcha, L50|100/100
|-heal|p1a: Incineroar|100/100|[from] ability: Hospitality|[of] p1b: Sinistcha
|move|p2b: Gyarados|Waterfall|p1b: Sinistcha
|-resisted|p1b: Sinistcha|1
|-damage|p1b: Sinistcha|80/100
|move|p2a: Kingambit|Low Kick|p1b: Sinistcha
|-immune|p1b: Sinistcha
|move|p1a: Incineroar|Flare Blitz|p2a: Kingambit
|-supereffective|p2a: Kingambit|1
|-damage|p2a: Kingambit|38/100
|-damage|p1a: Incineroar|83/100|[from] Recoil
|
|-weather|Sandstorm|[upkeep]
|-damage|p2b: Gyarados|87/100|[from] Sandstorm
|-damage|p1b: Sinistcha|74/100|[from] Sandstorm
|-damage|p1a: Incineroar|77/100|[from] Sandstorm
|upkeep
|turn|3
|inactive|FreezyPop439 has 30 seconds left.
|inactive|FreezyPop439 has 20 seconds left.
|inactive|FreezyPop439 has 15 seconds left.
|
|t:|1783679464
|move|p2b: Gyarados|Dragon Dance|p2b: Gyarados
|-boost|p2b: Gyarados|atk|1
|-boost|p2b: Gyarados|spe|1
|move|p2a: Kingambit|Kowtow Cleave|p1b: Sinistcha
|-supereffective|p1b: Sinistcha|1
|-damage|p1b: Sinistcha|0 fnt
|faint|p1b: Sinistcha
|move|p1a: Incineroar|Flare Blitz|p2a: Kingambit
|-supereffective|p2a: Kingambit|1
|-damage|p2a: Kingambit|0 fnt
|faint|p2a: Kingambit
|-damage|p1a: Incineroar|65/100|[from] Recoil
|
|-weather|Sandstorm|[upkeep]
|-damage|p2b: Gyarados|81/100|[from] Sandstorm
|-damage|p1a: Incineroar|59/100|[from] Sandstorm
|upkeep
|
|t:|1783679475
|switch|p2a: Raichu|Raichu, L50, F|100/100
|switch|p1b: Tyranitar|Tyranitar, L50, M|100/100
|turn|4
|inactive|FreezyPop439 has 30 seconds left.
|
|t:|1783679503
|switch|p1a: Excadrill|Excadrill, L50, F|100/100
|move|p1b: Tyranitar|Protect|p1b: Tyranitar
|-singleturn|p1b: Tyranitar|Protect
|move|p2a: Raichu|Fake Out|p1b: Tyranitar
|-activate|p1b: Tyranitar|move: Protect
|move|p2b: Gyarados|Waterfall|p1a: Excadrill
|-supereffective|p1a: Excadrill|1
|-enditem|p1a: Excadrill|Focus Sash
|-damage|p1a: Excadrill|1/100
|
|-weather|Sandstorm|[upkeep]
|-damage|p2b: Gyarados|75/100|[from] Sandstorm
|-damage|p2a: Raichu|93/100|[from] Sandstorm
|upkeep
|turn|5
|inactive|FreezyPop439 has 30 seconds left.
|
|t:|1783679537
|switch|p2a: Clefable|Clefable, L50, M|100/100
|switch|p1b: Incineroar|Incineroar, L50, F|59/100
|-ability|p1b: Incineroar|Intimidate|boost
|-unboost|p2a: Clefable|atk|1
|-unboost|p2b: Gyarados|atk|1
|move|p1a: Excadrill|Earthquake|p2b: Gyarados|[spread] p1b,p2a
|-immune|p2b: Gyarados
|-supereffective|p1b: Incineroar|1
|-enditem|p1b: Incineroar|Shuca Berry|[eat]
|-enditem|p1b: Incineroar|Shuca Berry|[weaken]
|-damage|p1b: Incineroar|25/100
|-damage|p2a: Clefable|57/100
|move|p2b: Gyarados|Waterfall|p1b: Incineroar
|-supereffective|p1b: Incineroar|1
|-damage|p1b: Incineroar|0 fnt
|faint|p1b: Incineroar
|
|-weather|none
|upkeep
|
|t:|1783679549
|switch|p1b: Tyranitar|Tyranitar, L50, M|100/100
|-weather|Sandstorm|[from] ability: Sand Stream|[of] p1b: Tyranitar
|turn|6
|
|t:|1783679565
|detailschange|p1b: Tyranitar|Tyranitar-Mega, L50, M
|-mega|p1b: Tyranitar|Tyranitar|Tyranitarite
|move|p2b: Gyarados|Protect|p2b: Gyarados
|-singleturn|p2b: Gyarados|Protect
|move|p2a: Clefable|Protect|p2a: Clefable
|-singleturn|p2a: Clefable|Protect
|move|p1a: Excadrill|Rock Slide|p2a: Clefable|[spread] 
|-activate|p2a: Clefable|move: Protect
|-activate|p2b: Gyarados|move: Protect
|move|p1b: Tyranitar|Rock Slide|p2a: Clefable|[spread] 
|-activate|p2a: Clefable|move: Protect
|-activate|p2b: Gyarados|move: Protect
|
|-weather|Sandstorm|[upkeep]
|-damage|p2b: Gyarados|69/100|[from] Sandstorm
|-damage|p2a: Clefable|51/100|[from] Sandstorm
|upkeep
|turn|7
|
|t:|1783679589
|move|p1b: Tyranitar|Protect|p1b: Tyranitar
|-singleturn|p1b: Tyranitar|Protect
|move|p1a: Excadrill|Rock Slide|p2b: Gyarados|[spread] p2a,p2b
|-supereffective|p2b: Gyarados|1
|-damage|p2a: Clefable|31/100
|-damage|p2b: Gyarados|19/100
|-enditem|p2a: Clefable|Sitrus Berry|[eat]
|-heal|p2a: Clefable|56/100|[from] item: Sitrus Berry
|move|p2b: Gyarados|Waterfall|p1a: Excadrill
|-supereffective|p1a: Excadrill|1
|-damage|p1a: Excadrill|0 fnt
|faint|p1a: Excadrill
|cant|p2a: Clefable|flinch
|
|-weather|Sandstorm|[upkeep]
|-damage|p2b: Gyarados|13/100|[from] Sandstorm
|-damage|p2a: Clefable|50/100g|[from] Sandstorm
|upkeep
|turn|8
|
|t:|1783679605
|move|p2a: Clefable|Helping Hand|p2b: Gyarados
|-singleturn|p2b: Gyarados|Helping Hand|[of] p2a: Clefable
|move|p2b: Gyarados|Waterfall|p1b: Tyranitar
|-supereffective|p1b: Tyranitar|1
|-damage|p1b: Tyranitar|3/100
|move|p1b: Tyranitar|Rock Slide|p2a: Clefable|[spread] p2a,p2b
|-supereffective|p2b: Gyarados|1
|-damage|p2a: Clefable|14/100
|-damage|p2b: Gyarados|0 fnt
|faint|p2b: Gyarados
|
|-weather|Sandstorm|[upkeep]
|-damage|p2a: Clefable|8/100|[from] Sandstorm
|upkeep
|
|t:|1783679611
|switch|p2b: Raichu|Raichu, L50, F|93/100
|turn|9
|-message|rubii7767 forfeited.
|
|win|FreezyPop439
|raw|rubii7767's rating: 1264 → 1248(-16 for losing)
|raw|FreezyPop439's rating: 1393 → 1406(+13 for winning)
|l|☆rubii7767
|player|p1|
