|j|☆hit xeet
|j|☆JP ShinySeeker
|html|hit xeetJP ShinySeeker    
|uhtml|bestof|Game 3 of a best-of-3
|t:|1782701334
|gametype|doubles
|player|p1|hit xeet|dahlia|
|player|p2|JP ShinySeeker|taunie|
|gen|9
|tier|[Gen 9 Champions] VGC 2026 Reg M-B (Bo3)
|rule|Species Clause: Limit one of each Pokémon
|rule|Item Clause: Limit 1 of each item
|clearpoke
|poke|p1|Politoed, L50, F|
|poke|p1|Swampert, L50, F|
|poke|p1|Annihilape, L50, F|
|poke|p1|Klefki, L50, F|
|poke|p1|Dragonite, L50, M|
|poke|p1|Ditto, L50|
|poke|p2|Aurorus, L50, F, shiny|
|poke|p2|Greninja, L50, M, shiny|
|poke|p2|Raichu, L50, M|
|poke|p2|Whimsicott, L50, M, shiny|
|poke|p2|Arcanine-Hisui, L50, F|
|poke|p2|Staraptor, L50, M|
|teampreview|4
|showteam|p1|Politoed||DampRock|Drizzle|WeatherBall,IceBeam,Bulldoze,RainDance|Quiet||F|||50|]Swampert||Swampertite|Torrent|HighHorsepower,WaveCrash,IcePunch,Protect|Adamant||F|||50|]Annihilape||SitrusBerry|Defiant|RageFist,DrainPunch,IcePunch,BrickBreak|Jolly||F|||50|]Klefki||LightClay|Prankster|Reflect,LightScreen,ThunderWave,DazzlingGleam|Bold||F|||50|]Dragonite||Dragoninite|Multiscale|Hurricane,Thunder,DracoMeteor,Tailwind|Modest||M|||50|]Ditto||ChoiceScarf|Imposter|Transform|Bold|||||50|
|showteam|p2|Aurorus||PasshoBerry|SnowWarning|AuroraVeil,FreezeDry,EarthPower,Protect|Calm||F|||50|]Greninja||LifeOrb|Protean|Blizzard,GrassKnot,WeatherBall,Protect|Timid||M|||50|]Raichu||RaichuniteY|Static|GrassKnot,ZapCannon,Electroweb,Protect|Timid||M|||50|]Whimsicott||FocusSash|Prankster|SunnyDay,Charm,Tailwind,EnergyBall|Bold||M|||50|]Arcanine-Hisui||ExpertBelt|RockHead|RockSlide,FlareBlitz,HeadSmash,Protect|Jolly||F|||50|]Staraptor||Staraptite|Intimidate|CloseCombat,BraveBird,Roost,Protect|Adamant||M|||50|
|
|t:|1782701381
|teamsize|p1|4
|teamsize|p2|4
|start
|switch|p1a: Klefki|Klefki, L50, F|100/100
|switch|p1b: Ditto|Ditto, L50|100/100
|switch|p2a: Raichu|Raichu, L50, M|100/100
|switch|p2b: Whimsicott|Whimsicott, L50, M, shiny|100/100
|-transform|p1b: Ditto|p2a: Raichu|[from] ability: Imposter
|turn|1
|
|t:|1782701414
|detailschange|p2a: Raichu|Raichu-Mega-Y, L50, M
|-mega|p2a: Raichu|Raichu|Raichunite Y
|move|p2b: Whimsicott|Tailwind|p2b: Whimsicott
|-sidestart|p2: JP ShinySeeker|move: Tailwind
|move|p1a: Klefki|Light Screen|p1a: Klefki
|-sidestart|p1: hit xeet|move: Light Screen
|move|p2a: Raichu|Zap Cannon|p1a: Klefki
|-damage|p1a: Klefki|35/100
|-status|p1a: Klefki|par
|move|p1b: Ditto|Electroweb|p2a: Raichu|[spread] p2a,p2b
|-resisted|p2a: Raichu|1
|-resisted|p2b: Whimsicott|1
|-damage|p2a: Raichu|86/100
|-damage|p2b: Whimsicott|89/100
|-unboost|p2a: Raichu|spe|1
|-unboost|p2b: Whimsicott|spe|1
|
|upkeep
|turn|2
|
|t:|1782701438
|switch|p1b: Dragonite|Dragonite, L50, M|100/100
|move|p2a: Raichu|Zap Cannon|p1b: Dragonite
|-damage|p1b: Dragonite|76/100
|-status|p1b: Dragonite|par
|move|p2b: Whimsicott|Energy Ball|p1b: Dragonite
|-resisted|p1b: Dragonite|2
|-damage|p1b: Dragonite|73/100 par
|move|p1a: Klefki|Dazzling Gleam|p2a: Raichu|[spread] p2a,p2b
|-damage|p2a: Raichu|59/100
|-damage|p2b: Whimsicott|67/100
|
|upkeep
|turn|3
|
|t:|1782701480
|switch|p2a: Arcanine|Arcanine-Hisui, L50, F|100/100
|detailschange|p1b: Dragonite|Dragonite-Mega, L50, M
|-mega|p1b: Dragonite|Dragonite|Dragoninite
|move|p2b: Whimsicott|Sunny Day|p2b: Whimsicott
|-weather|SunnyDay
|move|p1b: Dragonite|Hurricane|p2b: Whimsicott|[miss]
|-miss|p1b: Dragonite|p2b: Whimsicott
|move|p1a: Klefki|Dazzling Gleam|p2b: Whimsicott|[spread] p2a,p2b
|-resisted|p2a: Arcanine|1
|-damage|p2a: Arcanine|89/100
|-damage|p2b: Whimsicott|44/100
|
|-weather|SunnyDay|[upkeep]
|upkeep
|turn|4
|
|t:|1782701501
|move|p2b: Whimsicott|Sunny Day||[still]
|-fail|p2b: Whimsicott
|move|p1a: Klefki|Thunder Wave|p2a: Arcanine
|-status|p2a: Arcanine|par
|move|p2a: Arcanine|Rock Slide|p1b: Dragonite|[spread] p1a,p1b
|-resisted|p1a: Klefki|1
|-supereffective|p1b: Dragonite|1
|-damage|p1a: Klefki|23/100 par
|-damage|p1b: Dragonite|22/100 par
|cant|p1b: Dragonite|par
|
|-weather|SunnyDay|[upkeep]
|-sideend|p2: JP ShinySeeker|move: Tailwind
|upkeep
|turn|5
|
|t:|1782701521
|move|p2b: Whimsicott|Tailwind|p2b: Whimsicott
|-sidestart|p2: JP ShinySeeker|move: Tailwind
|move|p1a: Klefki|Reflect|p1a: Klefki
|-sidestart|p1: hit xeet|Reflect
|move|p2a: Arcanine|Rock Slide|p1b: Dragonite|[spread] p1a
|-miss|p2a: Arcanine|p1b: Dragonite
|-resisted|p1a: Klefki|1
|-damage|p1a: Klefki|15/100 par
|move|p1b: Dragonite|Draco Meteor|p2a: Arcanine
|-damage|p2a: Arcanine|0 fnt
|-unboost|p1b: Dragonite|spa|2
|faint|p2a: Arcanine
|
|-weather|SunnyDay|[upkeep]
|upkeep
|
|t:|1782701532
|switch|p2a: Raichu|Raichu-Mega-Y, L50, M|59/100
|turn|6
|
|t:|1782701547
|move|p2a: Raichu|Electroweb|p1a: Klefki|[spread] p1a,p1b
|-damage|p1a: Klefki|0 fnt
|-damage|p1b: Dragonite|9/100 par
|-unboost|p1b: Dragonite|spe|1
|faint|p1a: Klefki
|move|p2b: Whimsicott|Energy Ball|p1b: Dragonite
|-resisted|p1b: Dragonite|2
|-damage|p1b: Dragonite|6/100 par
|cant|p1b: Dragonite|par
|
|-weather|SunnyDay|[upkeep]
|upkeep
|
|t:|1782701558
|switch|p1a: Annihilape|Annihilape, L50, F|100/100
|turn|7
|
|t:|1782701579
|move|p2a: Raichu|Zap Cannon|p1a: Annihilape
|-damage|p1a: Annihilape|45/100
|-status|p1a: Annihilape|par
|-enditem|p1a: Annihilape|Sitrus Berry|[eat]
|-heal|p1a: Annihilape|70/100 par|[from] item: Sitrus Berry
|move|p2b: Whimsicott|Energy Ball|p1a: Annihilape
|-damage|p1a: Annihilape|51/100 par
|move|p1a: Annihilape|Rage Fist|p2a: Raichu
|-crit|p2a: Raichu
|-damage|p2a: Raichu|0 fnt
|faint|p2a: Raichu
|move|p1b: Dragonite|Draco Meteor|p2b: Whimsicott
|-immune|p2b: Whimsicott
|
|-weather|none
|upkeep
|
|t:|1782701587
|switch|p2a: Greninja|Greninja, L50, M, shiny|100/100
|turn|8
|
|t:|1782701598
|move|p2b: Whimsicott|Sunny Day|p2b: Whimsicott
|-weather|SunnyDay
|move|p2a: Greninja|Weather Ball|p1a: Annihilape
|-start|p2a: Greninja|typechange|Fire|[from] ability: Protean
|-damage|p1a: Annihilape|0 fnt
|faint|p1a: Annihilape
|-damage|p2a: Greninja|90/100|[from] item: Life Orb
|move|p1b: Dragonite|Thunder|p2a: Greninja
|-damage|p2a: Greninja|54/100
|-status|p2a: Greninja|par
|
|-weather|SunnyDay|[upkeep]
|-sideend|p1: hit xeet|move: Light Screen
|-sideend|p2: JP ShinySeeker|move: Tailwind
|upkeep
|
|t:|1782701609
|switch|p1a: Ditto|Ditto, L50|100/100
|-transform|p1a: Ditto|p2b: Whimsicott|[from] ability: Imposter
|turn|9
|c|☆JP ShinySeeker|Okay
|
|t:|1782701629
|move|p2b: Whimsicott|Tailwind|p2b: Whimsicott
|-sidestart|p2: JP ShinySeeker|move: Tailwind
|move|p2a: Greninja|Weather Ball|p1a: Ditto
|-supereffective|p1a: Ditto|1
|-damage|p1a: Ditto|0 fnt
|faint|p1a: Ditto
|-damage|p2a: Greninja|44/100 par|[from] item: Life Orb
|move|p1b: Dragonite|Draco Meteor|p2a: Greninja
|-damage|p2a: Greninja|0 fnt
|-unboost|p1b: Dragonite|spa|2
|faint|p2a: Greninja
|
|-weather|SunnyDay|[upkeep]
|upkeep
|turn|10
|
|t:|1782701645
|move|p2b: Whimsicott|Energy Ball|p1b: Dragonite
|-resisted|p1b: Dragonite|2
|-damage|p1b: Dragonite|1/100 par
|move|p1b: Dragonite|Hurricane|p2b: Whimsicott|[miss]
|-miss|p1b: Dragonite|p2b: Whimsicott
|
|-weather|SunnyDay|[upkeep]
|upkeep
|turn|11
|c|☆JP ShinySeeker|Gg
|c|☆hit xeet|gg
|c|☆JP ShinySeeker|Clam fiesta of a final game
|
|t:|1782701669
|move|p2b: Whimsicott|Energy Ball|p1b: Dragonite
|-resisted|p1b: Dragonite|2
|-damage|p1b: Dragonite|0 fnt
|faint|p1b: Dragonite
|
|win|JP ShinySeeker
|l|☆JP ShinySeeker
|player|p2|
