|j|☆superslavery67
|j|☆That1Morpecko
|html|superslavery67That1Morpecko    
|uhtml|bestof|Game 3 of a best-of-3
|t:|1782240598
|gametype|doubles
|player|p1|superslavery67|266|1066
|player|p2|That1Morpecko|hiker-gen4|1079
|gen|9
|tier|[Gen 9 Champions] VGC 2026 Reg M-B (Bo3)
|rated|
|rule|Species Clause: Limit one of each Pokémon
|rule|Item Clause: Limit 1 of each item
|clearpoke
|poke|p1|Staraptor, L50, M|
|poke|p1|Tyranitar, L50, F|
|poke|p1|Whimsicott, L50, F|
|poke|p1|Farigiraf, L50, M|
|poke|p1|Gholdengo, L50|
|poke|p1|Zoroark, L50, M|
|poke|p2|Grimmsnarl, L50, M|
|poke|p2|Swampert, L50, F|
|poke|p2|Pelipper, L50, M|
|poke|p2|Archaludon, L50, F|
|poke|p2|Sinistcha, L50|
|poke|p2|Floette-Eternal, L50, F|
|teampreview|4
|showteam|p1|Staraptor||Staraptite|Reckless|Protect,Roost,CloseCombat,BraveBird|Jolly||M|||50|]Tyranitar||Tyranitarite|SandStream|Protect,DragonDance,RockSlide,KnockOff|Jolly||F|||50|]Whimsicott||FocusSash|Prankster|Tailwind,Protect,Taunt,Moonblast|Modest||F|||50|]Farigiraf||SitrusBerry|ArmorTail|TrickRoom,Protect,HyperVoice,Psychic|Modest||M|||50|]Gholdengo||Leftovers|GoodasGold|NastyPlot,Protect,MakeItRain,ShadowBall|Modest|||||50|]Zoroark||LifeOrb|Illusion|DarkPulse,Protect,Psychic,Encore|Timid||M|||50|
|showteam|p2|Grimmsnarl||LightClay|Prankster|FoulPlay,PartingShot,LightScreen,Reflect|Careful||M|||50|]Swampert||Swampertite|Torrent|WaveCrash,HighHorsepower,IcePunch,Protect|Adamant||F|||50|]Pelipper||SitrusBerry|Drizzle|Tailwind,Hurricane,WeatherBall,WideGuard|Modest||M|||50|]Archaludon||Leftovers|Stamina|ElectroShot,DragonPulse,FlashCannon,Protect|Modest||F|||50|]Sinistcha||CobaBerry|Hospitality|MatchaGotcha,RagePowder,LifeDew,Protect|Relaxed|||||50|]Floette-Eternal||Floettite|FlowerVeil|CalmMind,DazzlingGleam,Moonblast,Protect|Modest||F|||50|
|inactive|Battle timer is ON: inactive players will automatically lose when time's up. (requested by That1Morpecko)
|inactive|superslavery67 also wants the timer to be on.
|inactive|superslavery67 has 60 seconds left.
|
|t:|1782240647
|teamsize|p1|4
|teamsize|p2|4
|start
|switch|p1a: Whimsicott|Whimsicott, L50, F|100/100
|switch|p1b: Gholdengo|Gholdengo, L50|100/100
|switch|p2a: Swampert|Swampert, L50, F|100/100
|switch|p2b: Grimmsnarl|Grimmsnarl, L50, M|100/100
|turn|1
|
|t:|1782240661
|move|p2a: Swampert|Protect|p2a: Swampert
|-singleturn|p2a: Swampert|Protect
|move|p1a: Whimsicott|Tailwind|p1a: Whimsicott
|-sidestart|p1: superslavery67|move: Tailwind
|move|p2b: Grimmsnarl|Light Screen|p2b: Grimmsnarl
|-sidestart|p2: That1Morpecko|move: Light Screen
|move|p1b: Gholdengo|Make It Rain|p2a: Swampert|[spread] p2b
|-activate|p2a: Swampert|move: Protect
|-supereffective|p2b: Grimmsnarl|1
|-damage|p2b: Grimmsnarl|36/100
|-unboost|p1b: Gholdengo|spa|2
|
|upkeep
|turn|2
|
|t:|1782240679
|switch|p1b: Staraptor|Staraptor, L50, M|100/100
|detailschange|p2a: Swampert|Swampert-Mega, L50, F
|-mega|p2a: Swampert|Swampert|Swampertite
|move|p2b: Grimmsnarl|Parting Shot|p1a: Whimsicott
|-unboost|p1a: Whimsicott|atk|1
|-unboost|p1a: Whimsicott|spa|1
|
|t:|1782240693
|switch|p2b: Pelipper|Pelipper, L50, M|100/100|[from] Parting Shot
|-weather|RainDance|[from] ability: Drizzle|[of] p2b: Pelipper
|move|p1a: Whimsicott|Moonblast|p2b: Pelipper
|-damage|p2b: Pelipper|80/100
|move|p2a: Swampert|High Horsepower|p1b: Staraptor
|-immune|p1b: Staraptor
|
|-weather|RainDance|[upkeep]
|upkeep
|turn|3
|inactive|superslavery67 has 30 seconds left.
|inactive|superslavery67 has 20 seconds left.
|inactive|superslavery67 has 15 seconds left.
|
|t:|1782240736
|detailschange|p1b: Staraptor|Staraptor-Mega, L50, M
|-mega|p1b: Staraptor|Staraptor|Staraptite
|move|p1a: Whimsicott|Taunt|p2b: Pelipper
|-start|p2b: Pelipper|move: Taunt
|move|p1b: Staraptor|Close Combat|p2a: Swampert
|-damage|p2a: Swampert|46/100
|-boost|p1b: Staraptor|def|1
|-boost|p1b: Staraptor|spd|1
|move|p2a: Swampert|Wave Crash|p1b: Staraptor
|-damage|p1b: Staraptor|14/100
|-damage|p2a: Swampert|21/100|[from] Recoil
|move|p2b: Pelipper|Hurricane|p1b: Staraptor
|-supereffective|p1b: Staraptor|1
|-damage|p1b: Staraptor|0 fnt
|faint|p1b: Staraptor
|
|-weather|RainDance|[upkeep]
|upkeep
|
|t:|1782240760
|switch|p1b: Gholdengo|Gholdengo, L50|100/100
|turn|4
|
|t:|1782240777
|move|p2a: Swampert|Protect|p2a: Swampert
|-singleturn|p2a: Swampert|Protect
|move|p1a: Whimsicott|Moonblast|p2b: Pelipper
|-damage|p2b: Pelipper|61/100
|move|p1b: Gholdengo|Make It Rain|p2b: Pelipper|[spread] p2b
|-activate|p2a: Swampert|move: Protect
|-resisted|p2b: Pelipper|1
|-crit|p2b: Pelipper
|-damage|p2b: Pelipper|13/100
|-unboost|p1b: Gholdengo|spa|2
|-enditem|p2b: Pelipper|Sitrus Berry|[eat]
|-heal|p2b: Pelipper|38/100|[from] item: Sitrus Berry
|move|p2b: Pelipper|Hurricane|p1a: Whimsicott
|-supereffective|p1a: Whimsicott|1
|-enditem|p1a: Whimsicott|Focus Sash
|-damage|p1a: Whimsicott|1/100
|
|-weather|RainDance|[upkeep]
|-sideend|p1: superslavery67|move: Tailwind
|upkeep
|turn|5
|
|t:|1782240801
|switch|p2a: Grimmsnarl|Grimmsnarl, L50, M|36/100
|switch|p1a: Whimsicott|Whimsicott, L50, F|100/100
|switch|p2b: Archaludon|Archaludon, L50, F|100/100
|move|p1b: Gholdengo|Shadow Ball|p2a: Grimmsnarl
|-resisted|p2a: Grimmsnarl|1
|-damage|p2a: Grimmsnarl|29/100
|-unboost|p2a: Grimmsnarl|spd|1
|
|-weather|RainDance|[upkeep]
|upkeep
|turn|6
|inactive|superslavery67 has 30 seconds left.
|inactive|superslavery67 has 20 seconds left.
|
|t:|1782240838
|switch|p1b: Whimsicott|Whimsicott, L50, F|1/100
|move|p1a: Whimsicott|Protect|p1a: Whimsicott
|-singleturn|p1a: Whimsicott|Protect
|move|p2b: Archaludon|Electro Shot||[still]
|-prepare|p2b: Archaludon|Electro Shot
|-boost|p2b: Archaludon|spa|1
|-anim|p2b: Archaludon|Electro Shot|p1b: Whimsicott
|-resisted|p1b: Whimsicott|1
|-damage|p1b: Whimsicott|0 fnt
|faint|p1b: Whimsicott
|move|p2a: Grimmsnarl|Foul Play|p1a: Whimsicott
|-activate|p1a: Whimsicott|move: Protect
|
|-weather|none
|upkeep
|
|t:|1782240850
|switch|p1b: Gholdengo|Gholdengo, L50|100/100
|turn|7
|
|t:|1782240868
|move|p1b: Gholdengo|Protect|p1b: Gholdengo
|-singleturn|p1b: Gholdengo|Protect
|move|p1a: Whimsicott|Dark Pulse|p2a: Grimmsnarl
|-resisted|p2a: Grimmsnarl|2
|-damage|p2a: Grimmsnarl|18/100
|-damage|p1a: Whimsicott|90/100|[from] item: Life Orb
|move|p2b: Archaludon|Flash Cannon|p1a: Whimsicott
|-damage|p1a: Whimsicott|0 fnt
|replace|p1a: Zoroark|Zoroark, L50, M
|-end|p1a: Zoroark|Illusion
|faint|p1a: Zoroark
|move|p2a: Grimmsnarl|Foul Play|p1b: Gholdengo
|-activate|p1b: Gholdengo|move: Protect
|
|upkeep
|turn|8
|
|t:|1782240881
|move|p2b: Archaludon|Dragon Pulse|p1b: Gholdengo
|-resisted|p1b: Gholdengo|1
|-damage|p1b: Gholdengo|69/100
|move|p1b: Gholdengo|Make It Rain|p2b: Archaludon|[spread] p2a,p2b
|-supereffective|p2a: Grimmsnarl|1
|-resisted|p2b: Archaludon|1
|-damage|p2a: Grimmsnarl|0 fnt
|-damage|p2b: Archaludon|82/100
|-unboost|p1b: Gholdengo|spa|2
|-ability|p2b: Archaludon|Stamina|boost
|-boost|p2b: Archaludon|def|1
|faint|p2a: Grimmsnarl
|
|-heal|p2b: Archaludon|88/100|[from] item: Leftovers
|-heal|p1b: Gholdengo|75/100|[from] item: Leftovers
|-sideend|p2: That1Morpecko|move: Light Screen
|upkeep
|
|t:|1782240888
|switch|p2a: Swampert|Swampert-Mega, L50, F|21/100
|turn|9
|
|t:|1782240892
|switch|p2b: Pelipper|Pelipper, L50, M|38/100
|-weather|RainDance|[from] ability: Drizzle|[of] p2b: Pelipper
|move|p2a: Swampert|High Horsepower|p1b: Gholdengo
|-supereffective|p1b: Gholdengo|1
|-damage|p1b: Gholdengo|0 fnt
|faint|p1b: Gholdengo
|
|win|That1Morpecko
|raw|superslavery67's rating: 1066 → 1047(-19 for losing)
|raw|That1Morpecko's rating: 1079 → 1106(+27 for winning)
|c|☆superslavery67|Gg
