|j|☆TMJS01
|j|☆eriksp
|html|TMJS01eriksp    
|uhtml|bestof|Game 2 of a best-of-3
|t:|1783222836
|gametype|doubles
|player|p1|TMJS01|unknown|
|player|p2|eriksp|cynthia-masters4|
|gen|9
|tier|[Gen 9 Champions] VGC 2026 Reg M-B (Bo3)
|rule|Species Clause: Limit one of each Pokémon
|rule|Item Clause: Limit 1 of each item
|clearpoke
|poke|p1|Gengar, L50, M|
|poke|p1|Swampert, L50, F|
|poke|p1|Incineroar, L50, F|
|poke|p1|Politoed, L50, M|
|poke|p1|Archaludon, L50, F|
|poke|p1|Sableye, L50, F|
|poke|p2|Floette-Eternal, L50, F|
|poke|p2|Charizard, L50, M|
|poke|p2|Whimsicott, L50, M|
|poke|p2|Garchomp, L50, F|
|poke|p2|Basculegion, L50, M|
|poke|p2|Kingambit, L50, F|
|teampreview|4
|showteam|p1|Gengar||Gengarite|CursedBody|ShadowBall,PerishSong,Disable,Protect|Timid||M|||50|]Swampert||Swampertite|Torrent|WaveCrash,Earthquake,IcePunch,Protect|Adamant||F|||50|]Incineroar||PasshoBerry|Intimidate|ThroatChop,PartingShot,FakeOut,Protect|Sassy||F|||50|]Politoed||SitrusBerry|Drizzle|WeatherBall,PerishSong,Encore,Protect|Calm||M|||50|]Archaludon||Leftovers|Stamina|DragonPulse,FlashCannon,ElectroShot,Protect|Bold||F|||50|]Sableye||LightClay|Prankster|RainDance,WillOWisp,LightScreen,Reflect|Bold||F|||50|
|showteam|p2|Floette-Eternal||Floettite|FlowerVeil|Moonblast,DazzlingGleam,LightofRuin,Protect|Modest||F|||50|]Charizard||CharizarditeY|Blaze|HeatWave,WeatherBall,SolarBeam,Protect|Timid||M|||50|]Whimsicott||FocusSash|Prankster|Moonblast,Tailwind,Encore,Protect|Timid||M|||50|]Garchomp||LifeOrb|RoughSkin|DragonClaw,Earthquake,Protect,RockSlide|Jolly||F|||50|]Basculegion||MysticWater|Adaptability|WaveCrash,LastRespects,AquaJet,Protect|Adamant||M|||50|]Kingambit||ChopleBerry|Defiant|KowtowCleave,IronHead,SuckerPunch,LowKick|Adamant||F|||50|
|inactive|Battle timer is ON: inactive players will automatically lose when time's up. (requested by TMJS01)
|inactive|TMJS01 has 60 seconds left.
|inactive|eriksp has 60 seconds left.
|
|t:|1783222878
|teamsize|p1|4
|teamsize|p2|4
|start
|switch|p1a: Swampert|Swampert, L50, F|100/100
|switch|p1b: Sableye|Sableye, L50, F|100/100
|switch|p2a: Charizard|Charizard, L50, M|100/100
|switch|p2b: Kingambit|Kingambit, L50, F|100/100
|turn|1
|inactive|eriksp has 30 seconds left.
|inactive|eriksp has 20 seconds left.
|
|t:|1783222916
|switch|p2a: Basculegion|Basculegion, L50, M|100/100
|detailschange|p1a: Swampert|Swampert-Mega, L50, F
|-mega|p1a: Swampert|Swampert|Swampertite
|move|p1b: Sableye|Reflect|p1b: Sableye
|-sidestart|p1: TMJS01|Reflect
|move|p1a: Swampert|Earthquake|p2a: Basculegion|[spread] p1b,p2a,p2b
|-supereffective|p2b: Kingambit|1
|-damage|p1b: Sableye|65/100
|-damage|p2a: Basculegion|48/100
|-damage|p2b: Kingambit|26/100
|move|p2b: Kingambit|Kowtow Cleave|p1b: Sableye
|-damage|p1b: Sableye|29/100
|
|upkeep
|turn|2
|
|t:|1783222937
|move|p2a: Basculegion|Aqua Jet|p1b: Sableye
|-damage|p1b: Sableye|3/100
|move|p1b: Sableye|Will-O-Wisp|p2a: Basculegion
|-status|p2a: Basculegion|brn
|move|p2b: Kingambit|Sucker Punch|p1a: Swampert
|-damage|p1a: Swampert|73/100
|move|p1a: Swampert|Earthquake|p2b: Kingambit|[spread] p1b,p2a,p2b
|-supereffective|p2b: Kingambit|1
|-damage|p1b: Sableye|0 fnt
|-damage|p2a: Basculegion|0 fnt
|-damage|p2b: Kingambit|0 fnt
|faint|p1b: Sableye
|faint|p2a: Basculegion
|faint|p2b: Kingambit
|
|upkeep
|
|t:|1783222946
|switch|p2a: Charizard|Charizard, L50, M|100/100
|switch|p1b: Archaludon|Archaludon, L50, F|100/100
|switch|p2b: Garchomp|Garchomp, L50, F|100/100
|turn|3
|
|t:|1783222964
|move|p2b: Garchomp|Protect|p2b: Garchomp
|-singleturn|p2b: Garchomp|Protect
|move|p2a: Charizard|Protect|p2a: Charizard
|-singleturn|p2a: Charizard|Protect
|move|p1a: Swampert|Protect|p1a: Swampert
|-singleturn|p1a: Swampert|Protect
|move|p1b: Archaludon|Dragon Pulse|p2b: Garchomp
|-activate|p2b: Garchomp|move: Protect
|
|upkeep
|turn|4
|inactive|TMJS01 has 30 seconds left.
|inactive|TMJS01 has 20 seconds left.
|inactive|eriksp has 30 seconds left.
|inactive|eriksp has 20 seconds left.
|inactive|TMJS01 has 15 seconds left.
|inactive|TMJS01 has 10 seconds left.
|
|t:|1783223024
|move|p1a: Swampert|Protect|p1a: Swampert
|-singleturn|p1a: Swampert|Protect
|move|p2b: Garchomp|Earthquake|p1b: Archaludon|[spread] p1b
|-activate|p1a: Swampert|move: Protect
|-immune|p2a: Charizard
|-supereffective|p1b: Archaludon|1
|-crit|p1b: Archaludon
|-damage|p1b: Archaludon|7/100
|-ability|p1b: Archaludon|Stamina|boost
|-boost|p1b: Archaludon|def|1
|-damage|p2b: Garchomp|90/100|[from] item: Life Orb
|move|p2a: Charizard|Heat Wave|p1a: Swampert|[spread] p1b
|-activate|p1a: Swampert|move: Protect
|-damage|p1b: Archaludon|0 fnt
|faint|p1b: Archaludon
|
|upkeep
|
|t:|1783223029
|switch|p1b: Politoed|Politoed, L50, M|100/100
|-weather|RainDance|[from] ability: Drizzle|[of] p1b: Politoed
|turn|5
|
|t:|1783223042
|detailschange|p2a: Charizard|Charizard-Mega-Y, L50, M
|-mega|p2a: Charizard|Charizard|Charizardite Y
|-weather|SunnyDay|[from] ability: Drought|[of] p2a: Charizard
|move|p2b: Garchomp|Dragon Claw|p1b: Politoed
|-damage|p1b: Politoed|63/100
|-damage|p2b: Garchomp|80/100|[from] item: Life Orb
|move|p2a: Charizard|Solar Beam||[still]
|-prepare|p2a: Charizard|Solar Beam
|-anim|p2a: Charizard|Solar Beam|p1a: Swampert
|-supereffective|p1a: Swampert|2
|-damage|p1a: Swampert|0 fnt
|faint|p1a: Swampert
|move|p1b: Politoed|Encore|p2a: Charizard
|-start|p2a: Charizard|Encore
|
|-weather|SunnyDay|[upkeep]
|upkeep
|turn|6
|c|☆TMJS01|ggs
|
|t:|1783223052
|move|p2b: Garchomp|Dragon Claw|p1b: Politoed
|-damage|p1b: Politoed|30/100
|-enditem|p1b: Politoed|Sitrus Berry|[eat]
|-heal|p1b: Politoed|55/100|[from] item: Sitrus Berry
|-damage|p2b: Garchomp|70/100|[from] item: Life Orb
|move|p2a: Charizard|Solar Beam||[still]
|-prepare|p2a: Charizard|Solar Beam
|-anim|p2a: Charizard|Solar Beam|p1b: Politoed
|-supereffective|p1b: Politoed|1
|-damage|p1b: Politoed|0 fnt
|faint|p1b: Politoed
|
|win|eriksp
