|j|☆Ophiuca
|j|☆plaidhaxx
|html|Ophiucaplaidhaxx    
|uhtml|bestof|Game 1 of a best-of-3
|t:|1756569233
|gametype|doubles
|player|p1|Ophiuca|2|1072
|player|p2|plaidhaxx|grimsley|1104
|gen|9
|tier|[Gen 9] VGC 2025 Reg H (Bo3)
|rated|
|rule|Species Clause: Limit one of each Pokémon
|rule|Item Clause: Limit 1 of each item
|clearpoke
|poke|p1|Tyranitar, L50, F|
|poke|p1|Excadrill, L50, M|
|poke|p1|Incineroar, L50, F|
|poke|p1|Hydrapple, L50, F|
|poke|p1|Primarina, L50, F|
|poke|p1|Volcarona, L50, M|
|poke|p2|Sneasler, L50, M|
|poke|p2|Dragapult, L50, F|
|poke|p2|Primarina, L50, F|
|poke|p2|Rillaboom, L50, F|
|poke|p2|Kingambit, L50, F|
|poke|p2|Magmar, L50, F|
|teampreview|4
|showteam|p1|Tyranitar||AssaultVest|SandStream|KnockOff,RockSlide,TeraBlast,LowKick|||F|||50|,,,,,Flying]Excadrill||ClearAmulet|SandRush|IronHead,SwordsDance,Protect,HighHorsepower|||M|||50|,,,,,Ghost]Incineroar||SafetyGoggles|Intimidate|KnockOff,FlareBlitz,HelpingHand,FakeOut|||F|||50|,,,,,Ghost]Hydrapple||Leftovers|Regenerator|FickleBeam,PollenPuff,Yawn,GigaDrain|||F|||50|,,,,,Fairy]Primarina||ThroatSpray|LiquidVoice|HyperVoice,Moonblast,Protect,Haze|||F|||50|,,,,,Dragon]Volcarona||RockyHelmet|FlameBody|HeatWave,QuiverDance,Protect,GigaDrain|||M|||50|,,,,,Grass
|showteam|p2|Sneasler||FocusSash|PoisonTouch|CloseCombat,DireClaw,FakeOut,Protect|||M|||50|,,,,,Stellar]Dragapult||ChoiceBand|ClearBody|DragonDarts,TeraBlast,PhantomForce,Uturn|||F|||50|,,,,,Ghost]Primarina||SitrusBerry|LiquidVoice|HyperVoice,Moonblast,Haze,Protect|||F|||50|,,,,,Water]Rillaboom||AssaultVest|GrassySurge|WoodHammer,GrassyGlide,HighHorsepower,FakeOut|||F|||50|,,,,,Fire]Kingambit||BlackGlasses|Defiant|KowtowCleave,SuckerPunch,SwordsDance,Protect|||F|||50|,,,,,Ghost]Magmar||Eviolite|VitalSpirit|Overheat,WillOWisp,FollowMe,Protect|||F|||50|,,,,,Ghost
|inactive|Battle timer is ON: inactive players will automatically lose when time's up. (requested by Ophiuca)
|
|t:|1756569336
|teamsize|p1|4
|teamsize|p2|4
|start
|switch|p1a: Volcarona|Volcarona, L50, M|100/100
|switch|p1b: Excadrill|Excadrill, L50, M|100/100
|switch|p2a: Dragapult|Dragapult, L50, F|100/100
|switch|p2b: Sneasler|Sneasler, L50, M|100/100
|turn|1
|
|t:|1756569360
|move|p1b: Excadrill|Protect|p1b: Excadrill
|-singleturn|p1b: Excadrill|Protect
|move|p2a: Dragapult|Phantom Force||[still]
|-prepare|p2a: Dragapult|Phantom Force
|move|p2b: Sneasler|Dire Claw|p1a: Volcarona
|-damage|p1a: Volcarona|56/100
|-damage|p2b: Sneasler|84/100|[from] item: Rocky Helmet|[of] p1a: Volcarona
|-status|p1a: Volcarona|psn|[from] ability: Poison Touch|[of] p2b: Sneasler
|move|p1a: Volcarona|Quiver Dance|p1a: Volcarona
|-boost|p1a: Volcarona|spa|1
|-boost|p1a: Volcarona|spd|1
|-boost|p1a: Volcarona|spe|1
|
|-damage|p1a: Volcarona|44/100 psn|[from] psn
|upkeep
|turn|2
|inactive|Ophiuca has 30 seconds left.
|
|t:|1756569387
|switch|p1b: Tyranitar|Tyranitar, L50, F|100/100
|-weather|Sandstorm|[from] ability: Sand Stream|[of] p1b: Tyranitar
|move|p2b: Sneasler|Protect|p2b: Sneasler
|-singleturn|p2b: Sneasler|Protect
|move|p2a: Dragapult|Phantom Force|p1b: Tyranitar|[from] lockedmove
|-resisted|p1b: Tyranitar
|-damage|p1b: Tyranitar|74/100
|move|p1a: Volcarona|Heat Wave|p2b: Sneasler|[spread] p2a
|-activate|p2b: Sneasler|move: Protect
|-resisted|p2a: Dragapult
|-damage|p2a: Dragapult|64/100
|
|-weather|Sandstorm|[upkeep]
|-damage|p2a: Dragapult|58/100|[from] Sandstorm
|-damage|p1a: Volcarona|37/100 psn|[from] Sandstorm
|-damage|p2b: Sneasler|79/100|[from] Sandstorm
|-damage|p1a: Volcarona|25/100 psn|[from] psn
|upkeep
|turn|3
|inactive|Ophiuca has 30 seconds left.
|inactive|plaidhaxx has 30 seconds left.
|inactive|Ophiuca has 20 seconds left.
|inactive|plaidhaxx has 20 seconds left.
|inactive|Ophiuca has 15 seconds left.
|
|t:|1756569428
|switch|p1b: Hydrapple|Hydrapple, L50, F|100/100
|move|p2a: Dragapult|Phantom Force||[still]
|-prepare|p2a: Dragapult|Phantom Force
|move|p1a: Volcarona|Heat Wave|p2a: Dragapult|[spread] p2b
|-miss|p1a: Volcarona|p2a: Dragapult
|-damage|p2b: Sneasler|9/100
|move|p2b: Sneasler|Close Combat|p1b: Hydrapple
|-damage|p1b: Hydrapple|47/100
|-unboost|p2b: Sneasler|def|1
|-unboost|p2b: Sneasler|spd|1
|
|-weather|Sandstorm|[upkeep]
|-damage|p2a: Dragapult|51/100|[from] Sandstorm
|-damage|p1a: Volcarona|19/100 psn|[from] Sandstorm
|-damage|p2b: Sneasler|3/100|[from] Sandstorm
|-damage|p1b: Hydrapple|41/100|[from] Sandstorm
|-heal|p1b: Hydrapple|47/100|[from] item: Leftovers
|-damage|p1a: Volcarona|6/100 psn|[from] psn
|upkeep
|turn|4
|inactive|Ophiuca has 30 seconds left.
|inactive|plaidhaxx has 30 seconds left.
|inactive|Ophiuca has 20 seconds left.
|inactive|plaidhaxx has 20 seconds left.
|inactive|Ophiuca has 15 seconds left.
|
|t:|1756569472
|switch|p1b: Tyranitar|Tyranitar, L50, F|74/100
|move|p2a: Dragapult|Phantom Force|p1a: Volcarona|[from] lockedmove
|-damage|p1a: Volcarona|0 fnt
|-damage|p2a: Dragapult|35/100|[from] item: Rocky Helmet|[of] p1a: Volcarona
|-status|p2a: Dragapult|brn|[from] ability: Flame Body|[of] p1a: Volcarona
|faint|p1a: Volcarona
|move|p2b: Sneasler|Dire Claw|p1b: Tyranitar
|-resisted|p1b: Tyranitar
|-damage|p1b: Tyranitar|56/100
|-status|p1b: Tyranitar|par
|
|-weather|Sandstorm|[upkeep]
|-damage|p2a: Dragapult|29/100 brn|[from] Sandstorm
|-damage|p2b: Sneasler|0 fnt|[from] Sandstorm
|faint|p2b: Sneasler
|-damage|p2a: Dragapult|23/100 brn|[from] brn
|upkeep
|inactive|plaidhaxx has 30 seconds left.
|inactive|plaidhaxx has 20 seconds left.
|inactive|plaidhaxx has 15 seconds left.
|inactive|plaidhaxx has 10 seconds left.
|
|t:|1756569520
|switch|p2b: Magmar|Magmar, L50, F|100/100
|switch|p1a: Excadrill|Excadrill, L50, M|100/100
|turn|5
|-message|Ophiuca forfeited.
|
|win|plaidhaxx
