|j|☆cuduchi
|j|☆player150766
|html|cuduchiplayer150766    
|uhtml|bestof|Game 3 of a best-of-3
|t:|1756338524
|gametype|doubles
|player|p1|cuduchi|hilbert|1000
|player|p2|player150766|veteran|1100
|gen|9
|tier|[Gen 9] VGC 2025 Reg H (Bo3)
|rated|
|rule|Species Clause: Limit one of each Pokémon
|rule|Item Clause: Limit 1 of each item
|clearpoke
|poke|p1|Charizard, L50, F|
|poke|p1|Torkoal, L50, F|
|poke|p1|Porygon2, L50|
|poke|p1|Incineroar, L50, M|
|poke|p1|Jumpluff, L50, M|
|poke|p1|Ursaluna, L50, M|
|poke|p2|Dragonite, L50, F|
|poke|p2|Gholdengo, L50|
|poke|p2|Incineroar, L50, F|
|poke|p2|Sneasler, L50, F|
|poke|p2|Rillaboom, L50, F|
|poke|p2|Ninetales-Alola, L50, F|
|teampreview|4
|showteam|p1|Charizard||ChoiceSpecs|SolarPower|HeatWave,Overheat,WeatherBall,AirSlash|||F|||50|,,,,,Ghost]Torkoal||EjectPack|Drought|Eruption,Overheat,HelpingHand,Protect|||F|||50|,,,,,Fire]Porygon2||Eviolite|Download|IceBeam,TeraBlast,TrickRoom,Recover||||||50|,,,,,Fighting]Incineroar||SitrusBerry|Intimidate|FlareBlitz,KnockOff,FakeOut,PartingShot|||M|||50|,,,,,Ghost]Jumpluff||CovertCloak|Chlorophyll|SleepPowder,SunnyDay,RagePowder,Tailwind|||M|||50|,,,,,Water]Ursaluna||FlameOrb|Guts|HeadlongRush,Facade,Earthquake,Protect|||M|||50|,,,,,Ghost
|showteam|p2|Dragonite||LoadedDice|Multiscale|ScaleShot,Protect,Haze,ExtremeSpeed|||F|||50|,,,,,Fairy]Gholdengo||GrassySeed|GoodasGold|Protect,NastyPlot,MakeItRain,ShadowBall||||||50|,,,,,Water]Incineroar||SafetyGoggles|Intimidate|FakeOut,KnockOff,FlareBlitz,PartingShot|||F|||50|,,,,,Ghost]Sneasler||WhiteHerb|Unburden|Protect,DireClaw,CloseCombat,ThroatChop|||F|||50|,,,,,Dark]Rillaboom||AssaultVest|GrassySurge|FakeOut,GrassyGlide,WoodHammer,HighHorsepower|||F|||50|,,,,,Fire]Ninetales-Alola||FocusSash|SnowWarning|IcyWind,AuroraVeil,Encore,Blizzard|||F|||50|,,,,,Ghost
|inactive|Battle timer is ON: inactive players will automatically lose when time's up. (requested by player150766)
|inactive|cuduchi has 60 seconds left.
|inactive|player150766 has 60 seconds left.
|inactive|player150766 has 30 seconds left.
|
|t:|1756338585
|teamsize|p1|4
|teamsize|p2|4
|start
|switch|p1a: Torkoal|Torkoal, L50, F|100/100
|switch|p1b: Jumpluff|Jumpluff, L50, M|100/100
|switch|p2a: Incineroar|Incineroar, L50, F|100/100
|switch|p2b: Gholdengo|Gholdengo, L50|100/100
|-ability|p2a: Incineroar|Intimidate|boost
|-unboost|p1a: Torkoal|atk|1
|-unboost|p1b: Jumpluff|atk|1
|-weather|SunnyDay|[from] ability: Drought|[of] p1a: Torkoal
|-enditem|p1a: Torkoal|Eject Pack
|
|t:|1756338597
|switch|p1a: Charizard|Charizard, L50, F|100/100
|turn|1
|inactive|cuduchi has 30 seconds left.
|inactive|player150766 has 30 seconds left.
|
|t:|1756338631
|-terastallize|p1b: Jumpluff|Water
|move|p2b: Gholdengo|Protect|p2b: Gholdengo
|-singleturn|p2b: Gholdengo|Protect
|move|p1b: Jumpluff|Rage Powder|p1b: Jumpluff
|-singleturn|p1b: Jumpluff|move: Rage Powder
|move|p1a: Charizard|Heat Wave|p2b: Gholdengo|[spread] p2a
|-activate|p2b: Gholdengo|move: Protect
|-resisted|p2a: Incineroar
|-damage|p2a: Incineroar|58/100
|move|p2a: Incineroar|Knock Off|p1a: Charizard
|-damage|p1a: Charizard|45/100
|-enditem|p1a: Charizard|Choice Specs|[from] move: Knock Off|[of] p2a: Incineroar
|
|-weather|SunnyDay|[upkeep]
|-damage|p1a: Charizard|33/100|[from] ability: Solar Power|[of] p1a: Charizard
|upkeep
|turn|2
|inactive|player150766 has 30 seconds left.
|inactive|player150766 has 20 seconds left.
|inactive|player150766 has 15 seconds left.
|inactive|player150766 has 10 seconds left.
|
|t:|1756338680
|-terastallize|p2b: Gholdengo|Water
|move|p1b: Jumpluff|Sleep Powder|p2a: Incineroar
|-activate|p2a: Incineroar|item: Safety Goggles|Sleep Powder
|move|p1a: Charizard|Heat Wave|p2b: Gholdengo|[spread] p2b
|-miss|p1a: Charizard|p2a: Incineroar
|-resisted|p2b: Gholdengo
|-damage|p2b: Gholdengo|68/100
|move|p2b: Gholdengo|Nasty Plot|p2b: Gholdengo
|-boost|p2b: Gholdengo|spa|2
|move|p2a: Incineroar|Knock Off|p1a: Charizard
|-damage|p1a: Charizard|0 fnt
|faint|p1a: Charizard
|
|-weather|SunnyDay|[upkeep]
|upkeep
|
|t:|1756338696
|switch|p1a: Incineroar|Incineroar, L50, M|100/100
|-ability|p1a: Incineroar|Intimidate|boost
|-unboost|p2a: Incineroar|atk|1
|-unboost|p2b: Gholdengo|atk|1
|turn|3
|
|t:|1756338716
|move|p1a: Incineroar|Fake Out|p2b: Gholdengo
|-damage|p2b: Gholdengo|55/100
|move|p1b: Jumpluff|Tailwind|p1b: Jumpluff
|-sidestart|p1: cuduchi|move: Tailwind
|cant|p2b: Gholdengo|flinch
|move|p2a: Incineroar|Knock Off|p1a: Incineroar
|-resisted|p1a: Incineroar
|-damage|p1a: Incineroar|88/100
|-enditem|p1a: Incineroar|Sitrus Berry|[from] move: Knock Off|[of] p2a: Incineroar
|
|-weather|SunnyDay|[upkeep]
|upkeep
|turn|4
|
|t:|1756338739
|switch|p1b: Torkoal|Torkoal, L50, F|100/100
|move|p1a: Incineroar|Knock Off|p2a: Incineroar
|-resisted|p2a: Incineroar
|-damage|p2a: Incineroar|38/100
|-enditem|p2a: Incineroar|Safety Goggles|[from] move: Knock Off|[of] p1a: Incineroar
|move|p2b: Gholdengo|Shadow Ball|p1b: Torkoal
|-damage|p1b: Torkoal|0 fnt
|faint|p1b: Torkoal
|move|p2a: Incineroar|Knock Off|p1a: Incineroar
|-resisted|p1a: Incineroar
|-damage|p1a: Incineroar|80/100
|
|-weather|SunnyDay|[upkeep]
|upkeep
|
|t:|1756338751
|switch|p1b: Jumpluff|Jumpluff, L50, M, tera:Water|100/100
|turn|5
|
|t:|1756338763
|switch|p2a: Ninetales|Ninetales-Alola, L50, F|100/100
|-weather|Snowscape|[from] ability: Snow Warning|[of] p2a: Ninetales
|move|p1b: Jumpluff|Sleep Powder|p2a: Ninetales
|-status|p2a: Ninetales|slp|[from] move: Sleep Powder
|move|p1a: Incineroar|Knock Off|p2b: Gholdengo
|-damage|p2b: Gholdengo|15/100
|-enditem|p2b: Gholdengo|Grassy Seed|[from] move: Knock Off|[of] p1a: Incineroar
|move|p2b: Gholdengo|Shadow Ball|p1b: Jumpluff
|-damage|p1b: Jumpluff|9/100
|
|-weather|Snowscape|[upkeep]
|upkeep
|turn|6
|inactive|player150766 has 30 seconds left.
|
|t:|1756338795
|move|p2b: Gholdengo|Protect|p2b: Gholdengo
|-singleturn|p2b: Gholdengo|Protect
|move|p1b: Jumpluff|Sunny Day|p1b: Jumpluff
|-weather|SunnyDay
|move|p1a: Incineroar|Knock Off|p2b: Gholdengo
|-activate|p2b: Gholdengo|move: Protect
|cant|p2a: Ninetales|slp
|
|-weather|SunnyDay|[upkeep]
|-sideend|p1: cuduchi|move: Tailwind
|upkeep
|turn|7
|
|t:|1756338812
|switch|p2a: Dragonite|Dragonite, L50, F|100/100
|move|p1b: Jumpluff|Tailwind|p1b: Jumpluff
|-sidestart|p1: cuduchi|move: Tailwind
|move|p1a: Incineroar|Knock Off|p2b: Gholdengo
|-damage|p2b: Gholdengo|0 fnt
|faint|p2b: Gholdengo
|
|-weather|SunnyDay|[upkeep]
|upkeep
|
|t:|1756338825
|switch|p2b: Incineroar|Incineroar, L50, F|38/100
|-ability|p2b: Incineroar|Intimidate|boost
|-unboost|p1a: Incineroar|atk|1
|-unboost|p1b: Jumpluff|atk|1
|turn|8
|
|t:|1756338839
|move|p2b: Incineroar|Fake Out|p1a: Incineroar
|-damage|p1a: Incineroar|69/100
|move|p2a: Dragonite|Extreme Speed|p1b: Jumpluff
|-damage|p1b: Jumpluff|0 fnt
|faint|p1b: Jumpluff
|cant|p1a: Incineroar|flinch
|
|-weather|SunnyDay|[upkeep]
|upkeep
|turn|9
|
|t:|1756338856
|move|p1a: Incineroar|Flare Blitz|p2b: Incineroar
|-resisted|p2b: Incineroar
|-damage|p2b: Incineroar|13/100
|-damage|p1a: Incineroar|60/100|[from] Recoil
|move|p2a: Dragonite|Scale Shot|p1a: Incineroar|[miss]
|-miss|p2a: Dragonite|p1a: Incineroar
|move|p2b: Incineroar|Flare Blitz|p1a: Incineroar
|-resisted|p1a: Incineroar
|-damage|p1a: Incineroar|29/100
|-damage|p2b: Incineroar|2/100|[from] Recoil
|
|-weather|SunnyDay|[upkeep]
|upkeep
|turn|10
|
|t:|1756338869
|switch|p2b: Ninetales|Ninetales-Alola, L50, F|100/100 slp
|-weather|Snowscape|[from] ability: Snow Warning|[of] p2b: Ninetales
|move|p1a: Incineroar|Parting Shot|p2a: Dragonite
|-unboost|p2a: Dragonite|atk|1
|-unboost|p2a: Dragonite|spa|1
|move|p2a: Dragonite|Scale Shot|p1a: Incineroar
|-crit|p1a: Incineroar
|-damage|p1a: Incineroar|7/100
|-damage|p1a: Incineroar|0 fnt
|faint|p1a: Incineroar
|-hitcount|p1: Incineroar|2
|
|win|player150766
|raw|cuduchi's rating: 1000 → 1000(+0 for losing)
|raw|player150766's rating: 1100 → 1118(+18 for winning)
|l|☆cuduchi
|player|p1|
