|j|☆Ritzbitz12
|j|☆joaennavgc
|html|Ritzbitz12joaennavgc    
|uhtml|bestof|Game 1 of a best-of-3
|t:|1756491552
|gametype|doubles
|player|p1|Ritzbitz12|palmer|1055
|player|p2|joaennavgc|pokemonbreederf-gen4|1094
|gen|9
|tier|[Gen 9] VGC 2025 Reg H (Bo3)
|rated|
|rule|Species Clause: Limit one of each Pokémon
|rule|Item Clause: Limit 1 of each item
|clearpoke
|poke|p1|Incineroar, L50, M|
|poke|p1|Dragonite, L50, F|
|poke|p1|Porygon2, L50|
|poke|p1|Ursaluna-Bloodmoon, L50, M|
|poke|p1|Ninetales-Alola, L50, F|
|poke|p1|Annihilape, L50, F|
|poke|p2|Torkoal, L50, M|
|poke|p2|Oranguru, L50, F|
|poke|p2|Typhlosion-Hisui, L50, F|
|poke|p2|Whimsicott, L50, F|
|poke|p2|Ursaluna, L50, F|
|poke|p2|Dragonite, L50, F|
|teampreview|4
|showteam|p1|Incineroar||ChopleBerry|Intimidate|FlareBlitz,KnockOff,FakeOut,PartingShot|||M|||50|,,,,,Grass]Dragonite||LoadedDice|Multiscale|ScaleShot,Tailwind,Haze,Protect|||F|||50|,,,,,Steel]Porygon2||Eviolite|Download|TeraBlast,IceBeam,Recover,TrickRoom||||||50|,,,,,Fighting]Ursaluna-Bloodmoon||AssaultVest|MindsEye|HyperVoice,BloodMoon,VacuumWave,EarthPower|||M|||50|,,,,,Water]Ninetales-Alola||LightClay|SnowWarning|IcicleSpear,Encore,IcyWind,AuroraVeil|||F|||50|,,,,,Ghost]Annihilape||SafetyGoggles|Defiant|DrainPunch,RageFist,BulkUp,Protect|||F|||50|,,,,,Fire
|showteam|p2|Torkoal||EjectPack|Drought|Overheat,HeatWave,HelpingHand,Protect|||M|||50|,,,,,Fire]Oranguru||SitrusBerry|Telepathy|TrickRoom,Psychic,Instruct,Protect|||F|||50|,,,,,Dark]Typhlosion-Hisui||ChoiceSpecs|Blaze|HeatWave,Eruption,ShadowBall,TeraBlast|||F|||50|,,,,,Electric]Whimsicott||FocusSash|Prankster|Tailwind,Moonblast,SunnyDay,Protect|||F|||50|,,,,,Ghost]Ursaluna||FlameOrb|Guts|Facade,HeadlongRush,Earthquake,Protect|||F|||50|,,,,,Ghost]Dragonite||ChoiceBand|InnerFocus|ExtremeSpeed,IceSpinner,DragonClaw,LowKick|||F|||50|,,,,,Normal
|
|t:|1756491614
|teamsize|p1|4
|teamsize|p2|4
|start
|switch|p1a: Incineroar|Incineroar, L50, M|100/100
|switch|p1b: Dragonite|Dragonite, L50, F|100/100
|switch|p2a: Torkoal|Torkoal, L50, M|100/100
|switch|p2b: Typhlosion|Typhlosion-Hisui, L50, F|100/100
|-ability|p1a: Incineroar|Intimidate|boost
|-unboost|p2a: Torkoal|atk|1
|-unboost|p2b: Typhlosion|atk|1
|-weather|SunnyDay|[from] ability: Drought|[of] p2a: Torkoal
|-enditem|p2a: Torkoal|Eject Pack
|
|t:|1756491635
|switch|p2a: Ursaluna|Ursaluna, L50, F|100/100
|turn|1
|
|t:|1756491660
|switch|p2b: Torkoal|Torkoal, L50, M|100/100
|move|p1b: Dragonite|Protect|p1b: Dragonite
|-singleturn|p1b: Dragonite|Protect
|move|p2a: Ursaluna|Protect|p2a: Ursaluna
|-singleturn|p2a: Ursaluna|Protect
|move|p1a: Incineroar|Knock Off|p2b: Torkoal
|-damage|p2b: Torkoal|76/100
|
|-weather|SunnyDay|[upkeep]
|-status|p2a: Ursaluna|brn|[from] item: Flame Orb
|upkeep
|turn|2
|
|t:|1756491692
|switch|p2b: Oranguru|Oranguru, L50, F|100/100
|move|p1b: Dragonite|Scale Shot|p2a: Ursaluna
|-damage|p2a: Ursaluna|90/100 brn
|-damage|p2a: Ursaluna|80/100 brn
|-damage|p2a: Ursaluna|68/100 brn
|-damage|p2a: Ursaluna|58/100 brn
|-damage|p2a: Ursaluna|47/100 brn
|-hitcount|p2a: Ursaluna|5
|-unboost|p1b: Dragonite|def|1
|-boost|p1b: Dragonite|spe|1
|move|p1a: Incineroar|Parting Shot|p2a: Ursaluna
|-unboost|p2a: Ursaluna|atk|1
|-unboost|p2a: Ursaluna|spa|1
|
|t:|1756491706
|switch|p1a: Annihilape|Annihilape, L50, F|100/100|[from] Parting Shot
|move|p2a: Ursaluna|Earthquake|p1b: Dragonite|[spread] p1a
|-activate|p2b: Oranguru|ability: Telepathy
|-immune|p1b: Dragonite
|-damage|p1a: Annihilape|55/100
|
|-weather|SunnyDay|[upkeep]
|-damage|p2a: Ursaluna|41/100 brn|[from] brn
|upkeep
|turn|3
|
|t:|1756491731
|move|p2a: Ursaluna|Protect|p2a: Ursaluna
|-singleturn|p2a: Ursaluna|Protect
|move|p1b: Dragonite|Scale Shot|p2a: Ursaluna
|-activate|p2a: Ursaluna|move: Protect
|move|p1a: Annihilape|Bulk Up|p1a: Annihilape
|-boost|p1a: Annihilape|atk|1
|-boost|p1a: Annihilape|def|1
|move|p2b: Oranguru|Trick Room|p2b: Oranguru
|-fieldstart|move: Trick Room|[of] p2b: Oranguru
|
|-weather|SunnyDay|[upkeep]
|-damage|p2a: Ursaluna|36/100 brn|[from] brn
|upkeep
|turn|4
|
|t:|1756491755
|switch|p1b: Incineroar|Incineroar, L50, M|100/100
|-ability|p1b: Incineroar|Intimidate|boost
|-unboost|p2a: Ursaluna|atk|1
|-unboost|p2b: Oranguru|atk|1
|move|p1a: Annihilape|Protect|p1a: Annihilape
|-singleturn|p1a: Annihilape|Protect
|move|p2a: Ursaluna|Facade|p1b: Incineroar
|-damage|p1b: Incineroar|43/100
|move|p2b: Oranguru|Instruct|p2a: Ursaluna
|-singleturn|p2a: Ursaluna|move: Instruct|[of] p2b: Oranguru
|move|p2a: Ursaluna|Facade|p1b: Incineroar
|-damage|p1b: Incineroar|0 fnt
|faint|p1b: Incineroar
|
|-weather|SunnyDay|[upkeep]
|-damage|p2a: Ursaluna|30/100 brn|[from] brn
|upkeep
|
|t:|1756491786
|switch|p1b: Ninetales|Ninetales-Alola, L50, F|100/100
|-weather|Snowscape|[from] ability: Snow Warning|[of] p1b: Ninetales
|turn|5
|
|t:|1756491838
|switch|p2a: Torkoal|Torkoal, L50, M|76/100
|-weather|SunnyDay|[from] ability: Drought|[of] p2a: Torkoal
|move|p2b: Oranguru|Psychic|p1a: Annihilape
|-supereffective|p1a: Annihilape
|-damage|p1a: Annihilape|0 fnt
|faint|p1a: Annihilape
|move|p1b: Ninetales|Icicle Spear|p2a: Torkoal
|-resisted|p2a: Torkoal
|-damage|p2a: Torkoal|75/100
|-resisted|p2a: Torkoal
|-damage|p2a: Torkoal|73/100
|-hitcount|p2a: Torkoal|2
|
|-weather|SunnyDay|[upkeep]
|upkeep
|
|t:|1756491849
|switch|p1a: Dragonite|Dragonite, L50, F|100/100
|turn|6
|
|t:|1756491872
|-terastallize|p1b: Ninetales|Ghost
|move|p2a: Torkoal|Heat Wave|p1a: Dragonite|[spread] p1a,p1b
|-resisted|p1a: Dragonite
|-damage|p1a: Dragonite|88/100
|-damage|p1b: Ninetales|51/100
|move|p2b: Oranguru|Instruct|p2a: Torkoal
|-singleturn|p2a: Torkoal|move: Instruct|[of] p2b: Oranguru
|move|p2a: Torkoal|Heat Wave|p1b: Ninetales|[spread] p1a,p1b
|-resisted|p1a: Dragonite
|-damage|p1a: Dragonite|61/100
|-damage|p1b: Ninetales|0 fnt
|faint|p1b: Ninetales
|move|p1a: Dragonite|Scale Shot|p2a: Torkoal
|-damage|p2a: Torkoal|62/100
|-damage|p2a: Torkoal|51/100
|-damage|p2a: Torkoal|39/100
|-damage|p2a: Torkoal|29/100
|-damage|p2a: Torkoal|18/100
|-hitcount|p2a: Torkoal|5
|-unboost|p1a: Dragonite|def|1
|-boost|p1a: Dragonite|spe|1
|
|-weather|SunnyDay|[upkeep]
|upkeep
|turn|7
|
|t:|1756491893
|move|p1a: Dragonite|Protect|p1a: Dragonite
|-singleturn|p1a: Dragonite|Protect
|move|p2a: Torkoal|Overheat|p1a: Dragonite
|-activate|p1a: Dragonite|move: Protect
|move|p2b: Oranguru|Psychic|p1a: Dragonite
|-activate|p1a: Dragonite|move: Protect
|
|-weather|SunnyDay|[upkeep]
|-fieldend|move: Trick Room
|upkeep
|turn|8
|
|t:|1756491913
|move|p1a: Dragonite|Scale Shot|p2b: Oranguru
|-damage|p2b: Oranguru|89/100
|-crit|p2b: Oranguru
|-damage|p2b: Oranguru|71/100
|-damage|p2b: Oranguru|58/100
|-damage|p2b: Oranguru|45/100
|-enditem|p2b: Oranguru|Sitrus Berry|[eat]
|-heal|p2b: Oranguru|70/100|[from] item: Sitrus Berry
|-damage|p2b: Oranguru|57/100
|-hitcount|p2b: Oranguru|5
|-unboost|p1a: Dragonite|def|1
|-boost|p1a: Dragonite|spe|1
|move|p2a: Torkoal|Overheat|p1a: Dragonite
|-resisted|p1a: Dragonite
|-damage|p1a: Dragonite|15/100
|-unboost|p2a: Torkoal|spa|2
|move|p2b: Oranguru|Trick Room|p2b: Oranguru
|-fieldstart|move: Trick Room|[of] p2b: Oranguru
|
|-weather|SunnyDay|[upkeep]
|upkeep
|turn|9
|
|t:|1756491933
|move|p2a: Torkoal|Heat Wave|p1a: Dragonite
|-resisted|p1a: Dragonite
|-damage|p1a: Dragonite|0 fnt
|faint|p1a: Dragonite
|
|win|joaennavgc
||joaennavgc is ready for game 2.
