|j|☆FR45
|j|☆junky00
|html|FR45junky00    
|uhtml|bestof|Game 3 of a best-of-3
|t:|1782436389
|gametype|doubles
|player|p1|FR45|ethan|1149
|player|p2|junky00|266|1067
|gen|9
|tier|[Gen 9 Champions] VGC 2026 Reg M-B (Bo3)
|rated|
|rule|Species Clause: Limit one of each Pokémon
|rule|Item Clause: Limit 1 of each item
|clearpoke
|poke|p1|Garchomp, L50, M|
|poke|p1|Mawile, L50, M, shiny|
|poke|p1|Charizard, L50, M, shiny|
|poke|p1|Sneasler, L50, F|
|poke|p1|Farigiraf, L50, M|
|poke|p1|Milotic, L50, F|
|poke|p2|Eelektross, L50, F|
|poke|p2|Garchomp, L50, M|
|poke|p2|Whimsicott, L50, F|
|poke|p2|Ninetales-Alola, L50, F|
|poke|p2|Delphox, L50, F|
|poke|p2|Torkoal, L50, M|
|teampreview|4
|showteam|p1|Garchomp||LifeOrb|RoughSkin|DragonClaw,StompingTantrum,RockSlide,Protect|Jolly||M|||50|]Mawile||Mawilite|Intimidate|IronHead,SuckerPunch,PlayRough,Protect|Adamant||M|||50|]Charizard||CharizarditeY|SolarPower|HeatWave,SolarBeam,WeatherBall,Protect|Timid||M|||50|]Sneasler||WhiteHerb|Unburden|FakeOut,DireClaw,CloseCombat,Protect|Jolly||F|||50|]Farigiraf||SitrusBerry|ArmorTail|Psychic,Thunderbolt,Roar,TrickRoom|Quiet||M|||50|]Milotic||Leftovers|Competitive|Scald,IceBeam,PsychUp,Protect|Modest||F|||50|
|showteam|p2|Eelektross||Eelektrossite|Levitate|Discharge,GigaDrain,FlashCannon,Protect|Modest||F|||50|]Garchomp||LifeOrb|RoughSkin|Earthquake,RockSlide,DragonClaw,Protect|Jolly||M|||50|]Whimsicott||FocusSash|Prankster|FakeTears,Tailwind,Moonblast,SunnyDay|Timid||F|||50|]Ninetales-Alola||LightClay|SnowWarning|Moonblast,Blizzard,AuroraVeil,Encore|Modest||F|||50|]Delphox||Delphoxite|Blaze|HeatWave,Psychic,DazzlingGleam,Protect|Timid||F|||50|]Torkoal||Leftovers|Drought|WeatherBall,WillOWisp,HelpingHand,Protect|Modest||M|||50|
|inactive|Battle timer is ON: inactive players will automatically lose when time's up. (requested by FR45)
|inactive|FR45 has 60 seconds left.
|
|t:|1782436430
|teamsize|p1|4
|teamsize|p2|4
|start
|switch|p1a: Milotic|Milotic, L50, F|100/100
|switch|p1b: Garchomp|Garchomp, L50, M|100/100
|switch|p2a: Garchomp|Garchomp, L50, M|100/100
|switch|p2b: Delphox|Delphox, L50, F|100/100
|turn|1
|
|t:|1782436448
|detailschange|p2b: Delphox|Delphox-Mega, L50, F
|-mega|p2b: Delphox|Delphox|Delphoxite
|move|p1b: Garchomp|Protect|p1b: Garchomp
|-singleturn|p1b: Garchomp|Protect
|move|p2b: Delphox|Psychic|p1a: Milotic
|-damage|p1a: Milotic|57/100
|move|p2a: Garchomp|Dragon Claw|p1b: Garchomp
|-activate|p1b: Garchomp|move: Protect
|move|p1a: Milotic|Scald|p2b: Delphox
|-supereffective|p2b: Delphox|1
|-damage|p2b: Delphox|30/100
|
|-heal|p1a: Milotic|63/100|[from] item: Leftovers
|upkeep
|turn|2
|inactive|junky00 has 30 seconds left.
|
|t:|1782436473
|switch|p1a: Farigiraf|Farigiraf, L50, M|100/100
|move|p2b: Delphox|Psychic|p1a: Farigiraf
|-resisted|p1a: Farigiraf|1
|-damage|p1a: Farigiraf|75/100
|move|p2a: Garchomp|Earthquake|p1b: Garchomp|[spread] p1a,p1b
|-immune|p2b: Delphox|[from] ability: Levitate
|-damage|p1a: Farigiraf|24/100
|-damage|p1b: Garchomp|54/100
|-enditem|p1a: Farigiraf|Sitrus Berry|[eat]
|-heal|p1a: Farigiraf|49/100|[from] item: Sitrus Berry
|-damage|p2a: Garchomp|90/100|[from] item: Life Orb
|move|p1b: Garchomp|Rock Slide|p2b: Delphox|[spread] p2b
|-miss|p1b: Garchomp|p2a: Garchomp
|-supereffective|p2b: Delphox|1
|-damage|p2b: Delphox|0 fnt
|faint|p2b: Delphox
|-damage|p1b: Garchomp|44/100|[from] item: Life Orb
|
|upkeep
|
|t:|1782436493
|switch|p2b: Ninetales|Ninetales-Alola, L50, F|100/100
|-weather|Snowscape|[from] ability: Snow Warning|[of] p2b: Ninetales
|turn|3
|j| eustoquio
|
|t:|1782436505
|switch|p1b: Milotic|Milotic, L50, F|63/100
|move|p2a: Garchomp|Rock Slide|p1a: Farigiraf|[spread] p1a,p1b
|-crit|p1a: Farigiraf
|-damage|p1a: Farigiraf|10/100
|-damage|p1b: Milotic|40/100
|-damage|p2a: Garchomp|80/100|[from] item: Life Orb
|move|p2b: Ninetales|Blizzard|p1b: Milotic|[spread] p1a,p1b
|-resisted|p1b: Milotic|1
|-damage|p1a: Farigiraf|0 fnt
|-damage|p1b: Milotic|28/100
|faint|p1a: Farigiraf
|
|-weather|Snowscape|[upkeep]
|-heal|p1b: Milotic|34/100|[from] item: Leftovers
|upkeep
|l| eustoquio
|
|t:|1782436519
|switch|p1a: Mawile|Mawile, L50, M, shiny|100/100
|-ability|p1a: Mawile|Intimidate|boost
|-unboost|p2a: Garchomp|atk|1
|-unboost|p2b: Ninetales|atk|1
|turn|4
|
|t:|1782436551
|detailschange|p1a: Mawile|Mawile-Mega, L50, M, shiny
|-mega|p1a: Mawile|Mawile|Mawilite
|move|p2a: Garchomp|Earthquake|p1a: Mawile|[spread] p2b,p1a,p1b
|-supereffective|p1a: Mawile|1
|-damage|p2b: Ninetales|70/100
|-damage|p1a: Mawile|35/100
|-damage|p1b: Milotic|6/100
|-damage|p2a: Garchomp|70/100|[from] item: Life Orb
|move|p2b: Ninetales|Aurora Veil|p2b: Ninetales
|-sidestart|p2: junky00|move: Aurora Veil
|move|p1b: Milotic|Ice Beam|p2a: Garchomp
|-supereffective|p2a: Garchomp|2
|-damage|p2a: Garchomp|4/100
|move|p1a: Mawile|Iron Head|p2b: Ninetales
|-supereffective|p2b: Ninetales|2
|-damage|p2b: Ninetales|0 fnt
|faint|p2b: Ninetales
|
|-weather|Snowscape|[upkeep]
|-heal|p1b: Milotic|12/100|[from] item: Leftovers
|upkeep
|
|t:|1782436564
|switch|p2b: Torkoal|Torkoal, L50, M|100/100
|-weather|SunnyDay|[from] ability: Drought|[of] p2b: Torkoal
|turn|5
|
|t:|1782436588
|move|p2a: Garchomp|Protect|p2a: Garchomp
|-singleturn|p2a: Garchomp|Protect
|move|p1b: Milotic|Protect|p1b: Milotic
|-singleturn|p1b: Milotic|Protect
|move|p1a: Mawile|Protect|p1a: Mawile
|-singleturn|p1a: Mawile|Protect
|move|p2b: Torkoal|Weather Ball|p1b: Milotic
|-activate|p1b: Milotic|move: Protect
|
|-weather|SunnyDay|[upkeep]
|-heal|p1b: Milotic|18/100|[from] item: Leftovers
|upkeep
|turn|6
|
|t:|1782436604
|move|p2a: Garchomp|Protect|p2a: Garchomp
|-singleturn|p2a: Garchomp|Protect
|move|p1a: Mawile|Sucker Punch||[still]
|-fail|p1a: Mawile
|move|p1b: Milotic|Scald|p2b: Torkoal
|-supereffective|p2b: Torkoal|1
|-damage|p2b: Torkoal|72/100
|move|p2b: Torkoal|Weather Ball|p1a: Mawile
|-supereffective|p1a: Mawile|1
|-damage|p1a: Mawile|0 fnt
|faint|p1a: Mawile
|
|-weather|SunnyDay|[upkeep]
|-heal|p1b: Milotic|24/100|[from] item: Leftovers
|-heal|p2b: Torkoal|79/100|[from] item: Leftovers
|upkeep
|
|t:|1782436618
|switch|p1a: Garchomp|Garchomp, L50, M|44/100
|turn|7
|
|t:|1782436631
|move|p2a: Garchomp|Protect||[still]
|-fail|p2a: Garchomp
|move|p1a: Garchomp|Protect|p1a: Garchomp
|-singleturn|p1a: Garchomp|Protect
|move|p1b: Milotic|Scald|p2a: Garchomp
|-damage|p2a: Garchomp|0 fnt
|faint|p2a: Garchomp
|move|p2b: Torkoal|Will-O-Wisp|p1a: Garchomp
|-activate|p1a: Garchomp|move: Protect
|
|-weather|SunnyDay|[upkeep]
|-heal|p1b: Milotic|30/100|[from] item: Leftovers
|-heal|p2b: Torkoal|85/100|[from] item: Leftovers
|upkeep
|turn|8
|
|t:|1782436653
|move|p1a: Garchomp|Stomping Tantrum|p2b: Torkoal
|-supereffective|p2b: Torkoal|1
|-damage|p2b: Torkoal|34/100
|-damage|p1a: Garchomp|34/100|[from] item: Life Orb
|move|p1b: Milotic|Scald|p2b: Torkoal
|-supereffective|p2b: Torkoal|1
|-damage|p2b: Torkoal|9/100
|move|p2b: Torkoal|Weather Ball|p1b: Milotic
|-resisted|p1b: Milotic|1
|-damage|p1b: Milotic|8/100
|
|-weather|SunnyDay|[upkeep]
|-heal|p1b: Milotic|14/100|[from] item: Leftovers
|-heal|p2b: Torkoal|15/100|[from] item: Leftovers
|upkeep
|turn|9
|-message|junky00 forfeited.
|
|win|FR45
|raw|FR45's rating: 1149 → 1168(+19 for winning)
|raw|junky00's rating: 1067 → 1052(-15 for losing)
