|j|☆geardox
|j|☆Swami
|html|geardoxSwami    
|uhtml|bestof|Game 2 of a best-of-3
|t:|1756348566
|gametype|doubles
|player|p1|geardox|cyclist|1190
|player|p2|Swami|cyrus|1123
|gen|9
|tier|[Gen 9] VGC 2025 Reg H (Bo3)
|rated|
|rule|Species Clause: Limit one of each Pokémon
|rule|Item Clause: Limit 1 of each item
|clearpoke
|poke|p1|Sneasler, L50, M|
|poke|p1|Garchomp, L50, M|
|poke|p1|Corviknight, L50, F|
|poke|p1|Amoonguss, L50, F|
|poke|p1|Incineroar, L50, M|
|poke|p1|Dragonite, L50, M|
|poke|p2|Pelipper, L50, M|
|poke|p2|Basculegion, L50, M|
|poke|p2|Archaludon, L50, M|
|poke|p2|Amoonguss, L50, M|
|poke|p2|Incineroar, L50, M|
|poke|p2|Dragonite, L50, M|
|teampreview|4
|showteam|p1|Sneasler||FocusSash|Unburden|DireClaw,CloseCombat,FakeOut,Coaching|||M|||50|,,,,,Ghost]Garchomp||LifeOrb|RoughSkin|Protect,Earthquake,DragonClaw,StompingTantrum|||M|||50|,,,,,Ground]Corviknight||SitrusBerry|MirrorArmor|BraveBird,Tailwind,Roost,Taunt|||F|||50|,,,,,Fire]Amoonguss||RockyHelmet|Regenerator|ClearSmog,RagePowder,Spore,PollenPuff|||F|||50|,,,,,Water]Incineroar||AssaultVest|Intimidate|KnockOff,FlareBlitz,FakeOut,Uturn|||M|||50|,,,,,Ghost]Dragonite||LoadedDice|Multiscale|ScaleShot,Tailwind,Haze,ExtremeSpeed|||M|||50|,,,,,Fairy
|showteam|p2|Pelipper||CovertCloak|Drizzle|Hurricane,WeatherBall,Tailwind,Protect|||M|||50|,,,,,Electric]Basculegion||LifeOrb|SwiftSwim|WaveCrash,LastRespects,Protect,AquaJet|||M|||50|,,,,,Water]Archaludon||AssaultVest|Stamina|FlashCannon,ElectroShot,BodyPress,DragonPulse|||M|||50|,,,,,Fighting]Amoonguss||SitrusBerry|Regenerator|Spore,PollenPuff,ClearSmog,RagePowder|||M|||50|,,,,,Psychic]Incineroar||SafetyGoggles|Intimidate|FakeOut,Taunt,KnockOff,PartingShot|||M|||50|,,,,,Ghost]Dragonite||LoadedDice|Multiscale|ScaleShot,StompingTantrum,Haze,Protect|||M|||50|,,,,,Ground
|
|t:|1756348609
|teamsize|p1|4
|teamsize|p2|4
|start
|switch|p1a: Stinky Pete|Garchomp, L50, M|100/100
|switch|p1b: Riku|Sneasler, L50, M|100/100
|switch|p2a: Basculegion|Basculegion, L50, M, shiny|100/100
|switch|p2b: Incineroar|Incineroar, L50, M|100/100
|-ability|p2b: Incineroar|Intimidate|boost
|-unboost|p1a: Stinky Pete|atk|1
|-unboost|p1b: Riku|atk|1
|turn|1
|
|t:|1756348632
|switch|p1b: Incineroar|Incineroar, L50, M|100/100
|-ability|p1b: Incineroar|Intimidate|boost
|-unboost|p2a: Basculegion|atk|1
|-unboost|p2b: Incineroar|atk|1
|switch|p2b: Pelipper|Pelipper, L50, M, shiny|100/100
|-weather|RainDance|[from] ability: Drizzle|[of] p2b: Pelipper
|move|p1a: Stinky Pete|Protect|p1a: Stinky Pete
|-singleturn|p1a: Stinky Pete|Protect
|move|p2a: Basculegion|Wave Crash|p1a: Stinky Pete
|-activate|p1a: Stinky Pete|move: Protect
|
|-weather|RainDance|[upkeep]
|upkeep
|turn|2
|
|t:|1756348663
|switch|p1a: Moonster|Amoonguss, L50, F, shiny|100/100
|-terastallize|p2a: Basculegion|Water
|move|p2a: Basculegion|Wave Crash|p1b: Incineroar
|-supereffective|p1b: Incineroar
|-damage|p1b: Incineroar|0 fnt
|faint|p1b: Incineroar
|-damage|p2a: Basculegion|67/100|[from] Recoil
|-damage|p2a: Basculegion|57/100|[from] item: Life Orb
|move|p2b: Pelipper|Tailwind|p2b: Pelipper
|-sidestart|p2: Swami|move: Tailwind
|
|-weather|RainDance|[upkeep]
|upkeep
|
|t:|1756348679
|switch|p1b: Riku|Sneasler, L50, M|100/100
|turn|3
|
|t:|1756348694
|switch|p2a: Incineroar|Incineroar, L50, M|100/100
|-ability|p2a: Incineroar|Intimidate|boost
|-unboost|p1a: Moonster|atk|1
|-unboost|p1b: Riku|atk|1
|-terastallize|p1a: Moonster|Water
|move|p2b: Pelipper|Protect|p2b: Pelipper
|-singleturn|p2b: Pelipper|Protect
|move|p1b: Riku|Fake Out|p2a: Incineroar
|-damage|p2a: Incineroar|91/100
|move|p1a: Moonster|Spore|p2b: Pelipper
|-activate|p2b: Pelipper|move: Protect
|
|-weather|RainDance|[upkeep]
|upkeep
|turn|4
|
|t:|1756348732
|move|p2b: Pelipper|Weather Ball|p1b: Riku
|-damage|p1b: Riku|17/100
|move|p2a: Incineroar|Taunt|p1a: Moonster
|-start|p1a: Moonster|move: Taunt
|move|p1b: Riku|Dire Claw|p2b: Pelipper
|-damage|p2b: Pelipper|68/100
|cant|p1a: Moonster|move: Taunt|Spore
|
|-weather|RainDance|[upkeep]
|upkeep
|turn|5
|
|t:|1756348758
|switch|p1a: Stinky Pete|Garchomp, L50, M|100/100
|move|p2b: Pelipper|Hurricane|p1a: Stinky Pete
|-damage|p1a: Stinky Pete|56/100
|move|p2a: Incineroar|Parting Shot|p1b: Riku
|-unboost|p1b: Riku|atk|1
|-unboost|p1b: Riku|spa|1
|
|t:|1756348773
|switch|p2a: Basculegion|Basculegion, L50, M, shiny, tera:Water|57/100|[from] Parting Shot
|move|p1b: Riku|Coaching|p1a: Stinky Pete
|-boost|p1a: Stinky Pete|atk|1
|-boost|p1a: Stinky Pete|def|1
|
|-weather|none
|-sideend|p2: Swami|move: Tailwind
|upkeep
|turn|6
|inactive|Battle timer is ON: inactive players will automatically lose when time's up. (requested by geardox)
|
|t:|1756348839
|switch|p2a: Incineroar|Incineroar, L50, M|91/100
|-ability|p2a: Incineroar|Intimidate|boost
|-unboost|p1a: Stinky Pete|atk|1
|-unboost|p1b: Riku|atk|1
|move|p1b: Riku|Coaching|p1a: Stinky Pete
|-boost|p1a: Stinky Pete|atk|1
|-boost|p1a: Stinky Pete|def|1
|move|p1a: Stinky Pete|Earthquake|p2a: Incineroar|[spread] p1b,p2a
|-immune|p2b: Pelipper
|-supereffective|p1b: Riku
|-supereffective|p2a: Incineroar
|-damage|p1b: Riku|0 fnt
|-damage|p2a: Incineroar|0 fnt
|faint|p1b: Riku
|faint|p2a: Incineroar
|-damage|p1a: Stinky Pete|46/100|[from] item: Life Orb
|move|p2b: Pelipper|Tailwind|p2b: Pelipper
|-sidestart|p2: Swami|move: Tailwind
|
|upkeep
|
|t:|1756348858
|switch|p1b: Moonster|Amoonguss, L50, F, shiny, tera:Water|100/100
|switch|p2a: Basculegion|Basculegion, L50, M, shiny, tera:Water|57/100
|turn|7
|inactive|Swami has 30 seconds left.
|
|t:|1756348884
|move|p1b: Moonster|Rage Powder|p1b: Moonster
|-singleturn|p1b: Moonster|move: Rage Powder
|move|p2a: Basculegion|Last Respects|p1b: Moonster
|-damage|p1b: Moonster|47/100
|-damage|p2a: Basculegion|47/100|[from] item: Life Orb
|move|p2b: Pelipper|Hurricane|p1b: Moonster
|-damage|p1b: Moonster|9/100
|-start|p1b: Moonster|confusion
|move|p1a: Stinky Pete|Dragon Claw|p2b: Pelipper
|-damage|p2b: Pelipper|0 fnt
|faint|p2b: Pelipper
|-damage|p1a: Stinky Pete|36/100|[from] item: Life Orb
|
|upkeep
|
|t:|1756348891
|switch|p2b: Archaludon|Archaludon, L50, M, shiny|100/100
|turn|8
|
|t:|1756348914
|-activate|p1b: Moonster|confusion
|-damage|p1b: Moonster|4/100|[from] confusion
|move|p2a: Basculegion|Last Respects|p1a: Stinky Pete
|-damage|p1a: Stinky Pete|0 fnt
|faint|p1a: Stinky Pete
|-damage|p2a: Basculegion|38/100|[from] item: Life Orb
|move|p2b: Archaludon|Dragon Pulse|p1b: Moonster
|-damage|p1b: Moonster|0 fnt
|faint|p1b: Moonster
|
|win|Swami
|raw|geardox's rating: 1190 → 1160(-30 for losing)
|raw|Swami's rating: 1123 → 1153(+30 for winning)
|l|☆Swami
|player|p2|
|c|☆geardox|ow
