|j|☆sparshjha
|j|☆Delta Isn't Niche
|html|sparshjhaDelta Isn't Niche    
|uhtml|bestof|Game 1 of a best-of-3
|t:|1784737771
|gametype|doubles
|player|p1|sparshjha|266|1161
|player|p2|Delta Isn't Niche|unknown|1000
|gen|9
|tier|[Gen 9 Champions] VGC 2026 Reg M-B (Bo3)
|rated|
|rule|Species Clause: Limit one of each Pokémon
|rule|Item Clause: Limit 1 of each item
|clearpoke
|poke|p1|Charizard, L50, F|
|poke|p1|Grimmsnarl, L50, M|
|poke|p1|Pelipper, L50, M|
|poke|p1|Archaludon, L50, F|
|poke|p1|Basculegion, L50, M|
|poke|p1|Venusaur, L50, F|
|poke|p2|Floette-Eternal, L50, F|
|poke|p2|Vivillon, L50, M, shiny|
|poke|p2|Garchomp, L50, M, shiny|
|poke|p2|Farigiraf, L50, F|
|poke|p2|Aggron, L50, M, shiny|
|poke|p2|Grimmsnarl, L50, M, shiny|
|teampreview|4
|showteam|p1|Charizard||CharizarditeY|Blaze|Protect,HeatWave,WeatherBall,SolarBeam|Timid||F|||50|]Grimmsnarl||LightClay|Prankster|SpiritBreak,Reflect,LightScreen,PartingShot|Sassy||M|||50|]Pelipper||SitrusBerry|Drizzle|Hurricane,WeatherBall,Tailwind,WideGuard|Modest||M|||50|]Archaludon||Leftovers|Stamina|Protect,ElectroShot,DragonPulse,FlashCannon|Calm||F|||50|]Basculegion||ChoiceScarf|Adaptability|FlipTurn,WaveCrash,AquaJet,LastRespects|Jolly||M|||50|]Venusaur||FocusSash|Chlorophyll|Protect,SleepPowder,SludgeBomb,EarthPower|Modest||F|||50|
|showteam|p2|Floette-Eternal||Floettite|FlowerVeil|CalmMind,DrainingKiss,Protect,DazzlingGleam|Timid||F|||50|]Vivillon||FocusSash|CompoundEyes|Hurricane,Protect,SleepPowder,RagePowder|Timid||M|||50|]Garchomp||LifeOrb|RoughSkin|DragonClaw,Earthquake,RockSlide,Protect|Jolly||M|||50|]Farigiraf||SitrusBerry|ArmorTail|Psychic,TrickRoom,HelpingHand,HyperVoice|Relaxed||F|||50|]Aggron||Aggronite|Sturdy|BodyPress,IronDefense,HeavySlam,Protect|Relaxed||M|||50|]Grimmsnarl||LightClay|Prankster|FakeOut,LightScreen,Reflect,PartingShot|Impish||M|||50|
|inactive|Battle timer is ON: inactive players will automatically lose when time's up. (requested by Delta Isn't Niche)
|inactive|sparshjha has 60 seconds left.
|inactive|Delta Isn't Niche has 60 seconds left.
|inactive|sparshjha has 30 seconds left.
|inactive|sparshjha has 20 seconds left.
|inactive|sparshjha has 15 seconds left.
|inactive|sparshjha has 10 seconds left.
|inactive|sparshjha has 5 seconds left.
|
|t:|1784737858
|teamsize|p1|4
|teamsize|p2|4
|start
|switch|p1a: Charizard|Charizard, L50, F|100/100
|switch|p1b: Venusaur|Venusaur, L50, F|100/100
|switch|p2a: Vivillon|Vivillon, L50, M, shiny|100/100
|switch|p2b: Garchomp|Garchomp, L50, M, shiny|100/100
|turn|1
|inactive|sparshjha has 30 seconds left.
|inactive|Delta Isn't Niche has 30 seconds left.
|
|t:|1784737887
|detailschange|p1a: Charizard|Charizard-Mega-Y, L50, F
|-mega|p1a: Charizard|Charizard|Charizardite Y
|-weather|SunnyDay|[from] ability: Drought|[of] p1a: Charizard
|move|p2b: Garchomp|Protect|p2b: Garchomp
|-singleturn|p2b: Garchomp|Protect
|move|p1a: Charizard|Protect|p1a: Charizard
|-singleturn|p1a: Charizard|Protect
|move|p1b: Venusaur|Sleep Powder|p2b: Garchomp
|-activate|p2b: Garchomp|move: Protect
|move|p2a: Vivillon|Sleep Powder|p1a: Charizard
|-activate|p1a: Charizard|move: Protect
|
|-weather|SunnyDay|[upkeep]
|upkeep
|turn|2
|inactive|sparshjha has 30 seconds left.
|inactive|Delta Isn't Niche has 30 seconds left.
|
|t:|1784737915
|move|p1b: Venusaur|Sleep Powder|p2b: Garchomp
|-status|p2b: Garchomp|slp|[from] move: Sleep Powder
|cant|p2b: Garchomp|slp
|move|p2a: Vivillon|Sleep Powder|p1a: Charizard
|-status|p1a: Charizard|slp|[from] move: Sleep Powder
|cant|p1a: Charizard|slp
|
|-weather|SunnyDay|[upkeep]
|upkeep
|turn|3
|inactive|sparshjha has 30 seconds left.
|inactive|sparshjha has 20 seconds left.
|
|t:|1784737951
|switch|p1a: Pelipper|Pelipper, L50, M|100/100
|-weather|RainDance|[from] ability: Drizzle|[of] p1a: Pelipper
|cant|p2b: Garchomp|slp
|move|p2a: Vivillon|Hurricane|p1b: Venusaur
|-supereffective|p1b: Venusaur|1
|-enditem|p1b: Venusaur|Focus Sash
|-damage|p1b: Venusaur|1/100
|move|p1b: Venusaur|Sleep Powder|p2a: Vivillon
|-status|p2a: Vivillon|slp|[from] move: Sleep Powder
|
|-weather|RainDance|[upkeep]
|upkeep
|turn|4
|
|t:|1784737973
|switch|p1b: Basculegion|Basculegion, L50, M|100/100
|-curestatus|p2b: Garchomp|slp|[msg]
|move|p2b: Garchomp|Rock Slide|p1a: Pelipper|[spread] p1b
|-miss|p2b: Garchomp|p1a: Pelipper
|-damage|p1b: Basculegion|66/100
|-damage|p2b: Garchomp|90/100|[from] item: Life Orb
|cant|p2a: Vivillon|slp
|move|p1a: Pelipper|Tailwind|p1a: Pelipper
|-sidestart|p1: sparshjha|move: Tailwind
|
|-weather|RainDance|[upkeep]
|upkeep
|turn|5
|inactive|sparshjha has 30 seconds left.
|inactive|sparshjha has 20 seconds left.
|
|t:|1784738009
|switch|p1b: Venusaur|Venusaur, L50, F|1/100
|cant|p2a: Vivillon|slp
|move|p1a: Pelipper|Weather Ball|p2b: Garchomp
|-damage|p2b: Garchomp|18/100
|move|p2b: Garchomp|Rock Slide|p1a: Pelipper|[spread] p1a
|-miss|p2b: Garchomp|p1b: Venusaur
|-supereffective|p1a: Pelipper|1
|-damage|p1a: Pelipper|47/100
|-enditem|p1a: Pelipper|Sitrus Berry|[eat]
|-heal|p1a: Pelipper|71/100|[from] item: Sitrus Berry
|-damage|p2b: Garchomp|8/100|[from] item: Life Orb
|
|-weather|RainDance|[upkeep]
|upkeep
|turn|6
|inactive|sparshjha has 30 seconds left.
|inactive|Delta Isn't Niche has 30 seconds left.
|
|t:|1784738046
|move|p1b: Venusaur|Sludge Bomb|p2a: Vivillon
|-damage|p2a: Vivillon|15/100 slp
|move|p1a: Pelipper|Weather Ball|p2a: Vivillon
|-crit|p2a: Vivillon
|-damage|p2a: Vivillon|0 fnt
|faint|p2a: Vivillon
|move|p2b: Garchomp|Rock Slide|p1b: Venusaur|[spread] p1b
|-miss|p2b: Garchomp|p1a: Pelipper
|-damage|p1b: Venusaur|0 fnt
|faint|p1b: Venusaur
|-damage|p2b: Garchomp|0 fnt|[from] item: Life Orb
|faint|p2b: Garchomp
|
|-weather|RainDance|[upkeep]
|upkeep
|
|t:|1784738066
|switch|p2b: Grimmsnarl|Grimmsnarl, L50, M, shiny|100/100
|switch|p2a: Floette|Floette-Eternal, L50, F|100/100
|switch|p1b: Basculegion|Basculegion, L50, M|66/100
|turn|7
|inactive|sparshjha has 30 seconds left.
|inactive|sparshjha has 20 seconds left.
|
|t:|1784738105
|detailschange|p2a: Floette|Floette-Mega, L50, F
|-mega|p2a: Floette|Floette|Floettite
|-ability|p2a: Floette|Fairy Aura
|move|p2a: Floette|Protect|p2a: Floette
|-singleturn|p2a: Floette|Protect
|move|p2b: Grimmsnarl|Reflect|p2b: Grimmsnarl
|-sidestart|p2: Delta Isn't Niche|Reflect
|move|p1b: Basculegion|Flip Turn|p2b: Grimmsnarl
|-damage|p2b: Grimmsnarl|63/100
|
|t:|1784738114
|switch|p1b: Charizard|Charizard-Mega-Y, L50, F|100/100 slp|[from] Flip Turn
|-weather|SunnyDay|[from] ability: Drought|[of] p1b: Charizard
|move|p1a: Pelipper|Hurricane|p2b: Grimmsnarl|[miss]
|-miss|p1a: Pelipper|p2b: Grimmsnarl
|
|-weather|SunnyDay|[upkeep]
|-sideend|p1: sparshjha|move: Tailwind
|upkeep
|turn|8
|
|t:|1784738138
|move|p2b: Grimmsnarl|Light Screen|p2b: Grimmsnarl
|-sidestart|p2: Delta Isn't Niche|move: Light Screen
|move|p2a: Floette|Dazzling Gleam|p1a: Pelipper|[spread] p1a,p1b
|-resisted|p1b: Charizard|1
|-damage|p1a: Pelipper|21/100
|-damage|p1b: Charizard|79/100 slp
|cant|p1b: Charizard|slp
|move|p1a: Pelipper|Tailwind|p1a: Pelipper
|-sidestart|p1: sparshjha|move: Tailwind
|
|-weather|SunnyDay|[upkeep]
|upkeep
|turn|9
|
|t:|1784738152
|move|p1a: Pelipper|Wide Guard|p1a: Pelipper
|-singleturn|p1a: Pelipper|Wide Guard
|move|p2b: Grimmsnarl|Parting Shot|p1b: Charizard
|-unboost|p1b: Charizard|atk|1
|-unboost|p1b: Charizard|spa|1
|-curestatus|p1b: Charizard|slp|[msg]
|move|p1b: Charizard|Heat Wave|p2a: Floette|[spread] p2a,p2b
|-damage|p2a: Floette|77/100
|-damage|p2b: Grimmsnarl|38/100
|move|p2a: Floette|Dazzling Gleam|p1a: Pelipper|[spread] 
|-activate|p1a: Pelipper|move: Wide Guard
|-activate|p1b: Charizard|move: Wide Guard
|
|-weather|SunnyDay|[upkeep]
|upkeep
|turn|10
|inactive|sparshjha has 30 seconds left.
|
|t:|1784738178
|move|p2b: Grimmsnarl|Parting Shot|p1b: Charizard
|-unboost|p1b: Charizard|atk|1
|-unboost|p1b: Charizard|spa|1
|move|p1b: Charizard|Heat Wave|p2b: Grimmsnarl|[spread] p2a,p2b
|-damage|p2a: Floette|61/100
|-damage|p2b: Grimmsnarl|19/100
|move|p1a: Pelipper|Hurricane|p2b: Grimmsnarl
|-crit|p2b: Grimmsnarl
|-damage|p2b: Grimmsnarl|0 fnt
|faint|p2b: Grimmsnarl
|move|p2a: Floette|Draining Kiss|p1b: Charizard
|-resisted|p1b: Charizard|1
|-damage|p1b: Charizard|64/100
|-heal|p2a: Floette|73/100|[from] drain|[of] p1b: Charizard
|
|-weather|SunnyDay|[upkeep]
|upkeep
|turn|11
|
|t:|1784738196
|move|p1b: Charizard|Weather Ball|p2a: Floette
|-damage|p2a: Floette|50/100g
|move|p1a: Pelipper|Hurricane|p2a: Floette
|-damage|p2a: Floette|26/100
|move|p2a: Floette|Draining Kiss|p1b: Charizard
|-resisted|p1b: Charizard|1
|-damage|p1b: Charizard|49/100
|-heal|p2a: Floette|38/100|[from] drain|[of] p1b: Charizard
|
|-weather|none
|-sideend|p1: sparshjha|move: Tailwind
|upkeep
|turn|12
|
|t:|1784738207
|move|p2a: Floette|Dazzling Gleam|p1b: Charizard|[spread] p1a,p1b
|-resisted|p1b: Charizard|1
|-damage|p1a: Pelipper|0 fnt
|-damage|p1b: Charizard|32/100
|faint|p1a: Pelipper
|move|p1b: Charizard|Heat Wave|p2a: Floette
|-damage|p2a: Floette|24/100
|
|upkeep
|
|t:|1784738214
|switch|p1a: Basculegion|Basculegion, L50, M|66/100
|turn|13
|
|t:|1784738218
|move|p1a: Basculegion|Last Respects|p2a: Floette
|-crit|p2a: Floette
|-damage|p2a: Floette|0 fnt
|faint|p2a: Floette
|
|win|sparshjha
