|j|☆Stoney93
|j|☆FreezyPop439
|html|Stoney93FreezyPop439    
|uhtml|bestof|Game 2 of a best-of-3
|t:|1783078242
|gametype|doubles
|player|p1|Stoney93|169|1159
|player|p2|FreezyPop439|collector|1261
|gen|9
|tier|[Gen 9 Champions] VGC 2026 Reg M-B (Bo3)
|rated|
|rule|Species Clause: Limit one of each Pokémon
|rule|Item Clause: Limit 1 of each item
|clearpoke
|poke|p1|Gengar, L50, F, shiny|
|poke|p1|Incineroar, L50, M|
|poke|p1|Snorlax, L50, F|
|poke|p1|Dragonite, L50, M|
|poke|p1|Scrafty, L50, F|
|poke|p1|Ninetales-Alola, L50, M|
|poke|p2|Raichu, L50, M|
|poke|p2|Gyarados, L50, M|
|poke|p2|Mamoswine, L50, M|
|poke|p2|Ceruledge, L50, F|
|poke|p2|Clefable, L50, F|
|poke|p2|Kingambit, L50, F|
|teampreview|4
|showteam|p1|Gengar||Gengarite|CursedBody|ShadowBall,PerishSong,SludgeBomb,Protect|Modest||F|||50|]Incineroar||SitrusBerry|Intimidate|FlareBlitz,Protect,FakeOut,PartingShot|Impish||M|||50|]Snorlax||Leftovers|ThickFat|Protect,Yawn,Encore,Fissure|Impish||F|||50|]Dragonite||DragonFang|Multiscale|Protect,DragonClaw,LowKick,ExtremeSpeed|Adamant||M|||50|]Scrafty||Scraftinite|Intimidate|Protect,CloseCombat,KnockOff,FakeOut|Careful||F|||50|]Ninetales-Alola||FocusSash|SnowWarning|Blizzard,Disable,Encore,Protect|Timid||M|||50|
|showteam|p2|Raichu||RaichuniteY|Static|ZapCannon,FocusBlast,FakeOut,Protect|Timid||M|||50|]Gyarados||Gyaradosite|Intimidate|Waterfall,PowerWhip,DragonDance,Protect|Adamant||M|||50|]Mamoswine||LifeOrb|Oblivious|HighHorsepower,IceShard,IcicleCrash,Protect|Jolly||M|||50|]Ceruledge||ColburBerry|FlashFire|BitterBlade,ShadowSneak,BulkUp,Protect|Adamant||F|||50|]Clefable||SitrusBerry|Unaware|Moonblast,FollowMe,HelpingHand,Protect|Bold||F|||50|]Kingambit||FocusSash|Defiant|IronHead,KowtowCleave,SuckerPunch,LowKick|Adamant||F|||50|
|
|t:|1783078287
|teamsize|p1|4
|teamsize|p2|4
|start
|switch|p1a: Dragonite|Dragonite, L50, M|100/100
|switch|p1b: Gengar|Gengar, L50, F, shiny|100/100
|switch|p2a: Kingambit|Kingambit, L50, F|100/100
|switch|p2b: Raichu|Raichu, L50, M|100/100
|turn|1
|
|t:|1783078317
|detailschange|p1b: Gengar|Gengar-Mega, L50, F, shiny
|-mega|p1b: Gengar|Gengar|Gengarite
|move|p1b: Gengar|Protect|p1b: Gengar
|-singleturn|p1b: Gengar|Protect
|move|p2b: Raichu|Fake Out|p1a: Dragonite
|-damage|p1a: Dragonite|95/100
|cant|p1a: Dragonite|flinch
|move|p2a: Kingambit|Kowtow Cleave|p1b: Gengar
|-activate|p1b: Gengar|move: Protect
|
|upkeep
|turn|2
|
|t:|1783078336
|switch|p1b: Incineroar|Incineroar, L50, M|100/100
|-ability|p1b: Incineroar|Intimidate|boost
|-unboost|p2a: Kingambit|atk|1
|-ability|p2a: Kingambit|Defiant|boost
|-boost|p2a: Kingambit|atk|2
|-unboost|p2b: Raichu|atk|1
|detailschange|p2b: Raichu|Raichu-Mega-Y, L50, M
|-mega|p2b: Raichu|Raichu|Raichunite Y
|move|p2b: Raichu|Zap Cannon|p1a: Dragonite
|-damage|p1a: Dragonite|30/100
|-status|p1a: Dragonite|par
|move|p2a: Kingambit|Kowtow Cleave|p1b: Incineroar
|-resisted|p1b: Incineroar|1
|-damage|p1b: Incineroar|69/100
|move|p1a: Dragonite|Low Kick|p2a: Kingambit
|-supereffective|p2a: Kingambit|2
|-crit|p2a: Kingambit
|-enditem|p2a: Kingambit|Focus Sash
|-damage|p2a: Kingambit|1/100
|
|upkeep
|turn|3
|
|t:|1783078368
|switch|p2a: Gyarados|Gyarados, L50, M|100/100
|-ability|p2a: Gyarados|Intimidate|boost
|-unboost|p1a: Dragonite|atk|1
|-unboost|p1b: Incineroar|atk|1
|move|p1b: Incineroar|Fake Out|p2b: Raichu
|-damage|p2b: Raichu|90/100
|move|p1a: Dragonite|Extreme Speed|p2a: Gyarados
|-damage|p2a: Gyarados|76/100
|cant|p2b: Raichu|flinch
|
|upkeep
|turn|4
|
|t:|1783078415
|switch|p1b: Gengar|Gengar-Mega, L50, F, shiny|100/100
|move|p1a: Dragonite|Protect|p1a: Dragonite
|-singleturn|p1a: Dragonite|Protect
|move|p2b: Raichu|Zap Cannon|p1b: Gengar
|-damage|p1b: Gengar|34/100
|-status|p1b: Gengar|par
|move|p2a: Gyarados|Dragon Dance|p2a: Gyarados
|-boost|p2a: Gyarados|atk|1
|-boost|p2a: Gyarados|spe|1
|
|upkeep
|turn|5
|
|t:|1783078445
|switch|p1a: Incineroar|Incineroar, L50, M|69/100
|-ability|p1a: Incineroar|Intimidate|boost
|-unboost|p2a: Gyarados|atk|1
|-unboost|p2b: Raichu|atk|1
|move|p1b: Gengar|Protect|p1b: Gengar
|-singleturn|p1b: Gengar|Protect
|move|p2a: Gyarados|Waterfall|p1b: Gengar
|-activate|p1b: Gengar|move: Protect
|move|p2b: Raichu|Zap Cannon|p1a: Incineroar
|-damage|p1a: Incineroar|16/100
|-status|p1a: Incineroar|par
|-enditem|p1a: Incineroar|Sitrus Berry|[eat]
|-heal|p1a: Incineroar|41/100 par|[from] item: Sitrus Berry
|
|upkeep
|turn|6
|
|t:|1783078465
|move|p1a: Incineroar|Fake Out|p2b: Raichu
|-damage|p2b: Raichu|76/100
|move|p2a: Gyarados|Waterfall|p1b: Gengar
|-damage|p1b: Gengar|0 fnt
|faint|p1b: Gengar
|cant|p2b: Raichu|flinch
|
|upkeep
|
|t:|1783078472
|switch|p1b: Snorlax|Snorlax, L50, F|100/100
|turn|7
|
|t:|1783078485
|move|p2a: Gyarados|Waterfall|p1a: Incineroar
|-supereffective|p1a: Incineroar|1
|-damage|p1a: Incineroar|0 fnt
|faint|p1a: Incineroar
|move|p2b: Raichu|Focus Blast|p1b: Snorlax
|-supereffective|p1b: Snorlax|1
|-crit|p1b: Snorlax
|-damage|p1b: Snorlax|22/100
|move|p1b: Snorlax|Fissure|p2b: Raichu
|-damage|p2b: Raichu|0 fnt
|faint|p2b: Raichu
|-ohko
|
|-heal|p1b: Snorlax|28/100|[from] item: Leftovers
|upkeep
|
|t:|1783078499
|switch|p2b: Clefable|Clefable, L50, F|100/100
|switch|p1a: Dragonite|Dragonite, L50, M|30/100 par
|turn|8
|
|t:|1783078511
|move|p1a: Dragonite|Protect|p1a: Dragonite
|-singleturn|p1a: Dragonite|Protect
|move|p2a: Gyarados|Waterfall|p1b: Snorlax
|-damage|p1b: Snorlax|1/100
|move|p2b: Clefable|Moonblast|p1a: Dragonite
|-activate|p1a: Dragonite|move: Protect
|move|p1b: Snorlax|Fissure|p2b: Clefable
|-damage|p2b: Clefable|0 fnt
|faint|p2b: Clefable
|-ohko
|
|-heal|p1b: Snorlax|7/100|[from] item: Leftovers
|upkeep
|
|t:|1783078514
|switch|p2b: Kingambit|Kingambit, L50, F|1/100
|turn|9
|
|t:|1783078542
|move|p1a: Dragonite|Extreme Speed|p2b: Kingambit
|-resisted|p2b: Kingambit|1
|-damage|p2b: Kingambit|0 fnt
|faint|p2b: Kingambit
|move|p2a: Gyarados|Waterfall|p1b: Snorlax
|-damage|p1b: Snorlax|0 fnt
|faint|p1b: Snorlax
|
|upkeep
|turn|10
|
|t:|1783078556
|move|p2a: Gyarados|Waterfall|p1a: Dragonite
|-resisted|p1a: Dragonite|1
|-damage|p1a: Dragonite|8/100 par
|move|p1a: Dragonite|Dragon Claw|p2a: Gyarados
|-damage|p2a: Gyarados|8/100
|
|upkeep
|turn|11
|
|t:|1783078564
|move|p1a: Dragonite|Extreme Speed|p2a: Gyarados
|-damage|p2a: Gyarados|0 fnt
|faint|p2a: Gyarados
|
|win|Stoney93
