|j|☆vuyyvby
|j|☆electrictopi
|html|vuyyvbyelectrictopi    
|uhtml|bestof|Game 1 of a best-of-3
|t:|1757665960
|gametype|doubles
|player|p1|vuyyvby|2|1137
|player|p2|electrictopi|n|1042
|gen|9
|tier|[Gen 9] VGC 2025 Reg H (Bo3)
|rated|
|rule|Species Clause: Limit one of each Pokémon
|rule|Item Clause: Limit 1 of each item
|clearpoke
|poke|p1|Sneasler, L50, M|
|poke|p1|Indeedee, L50, M|
|poke|p1|Ursaluna, L50, F|
|poke|p1|Sinistcha, L50|
|poke|p1|Incineroar, L50, F|
|poke|p1|Orthworm, L50, M|
|poke|p2|Porygon2, L50|
|poke|p2|Ursaluna, L50, F|
|poke|p2|Sinistcha, L50|
|poke|p2|Incineroar, L50, F|
|poke|p2|Gholdengo, L50|
|poke|p2|Amoonguss, L50, M|
|teampreview|4
|showteam|p1|Sneasler||WhiteHerb|Unburden|CloseCombat,Protect,DireClaw,ThroatChop|||M|||50|,,,,,Stellar]Indeedee||FocusSash|PsychicSurge|ExpandingForce,TeraBlast,Protect,TrickRoom|||M|||50|,,,,,Fighting]Ursaluna||FlameOrb|Guts|Earthquake,HeadlongRush,Facade,Protect|||F|||50|,,,,,Ghost]Sinistcha||RockyHelmet|Hospitality|MatchaGotcha,RagePowder,TrickRoom,ShadowBall||||||50|,,,,,Fairy]Incineroar||SafetyGoggles|Intimidate|FakeOut,FlareBlitz,KnockOff,Uturn|||F|||50|,,,,,Grass]Orthworm||SitrusBerry|EarthEater|BodyPress,HighHorsepower,IronDefense,ShedTail|||M|||50|,,,,,Fire
|showteam|p2|Porygon2||Eviolite|Download|Recover,TrickRoom,IceBeam,TeraBlast||||||50|,,,,,Fighting]Ursaluna||FlameOrb|Guts|Earthquake,HeadlongRush,Facade,Protect|||F|||50|,,,,,Ghost]Sinistcha||SitrusBerry|Hospitality|MatchaGotcha,RagePowder,StrengthSap,Protect||||||50|,,,,,Water]Incineroar||SafetyGoggles|Intimidate|FlareBlitz,KnockOff,FakeOut,PartingShot|||F|||50|,,,,,Bug]Gholdengo||LifeOrb|GoodasGold|MakeItRain,ShadowBall,NastyPlot,Protect||||||50|,,,,,Water]Amoonguss||CovertCloak|Regenerator|Spore,Protect,PollenPuff,RagePowder|||M|||50|,,,,,Grass
|
|t:|1757666027
|teamsize|p1|4
|teamsize|p2|4
|start
|switch|p1a: Sneasler|Sneasler, L50, M|100/100
|switch|p1b: Indeedee|Indeedee, L50, M|100/100
|switch|p2a: Amoonguss|Amoonguss, L50, M|100/100
|switch|p2b: Gholdengo|Gholdengo, L50|100/100
|-fieldstart|move: Psychic Terrain|[from] ability: Psychic Surge|[of] p1b: Indeedee
|turn|1
|
|t:|1757666052
|switch|p2a: Incineroar|Incineroar, L50, F|100/100
|-ability|p2a: Incineroar|Intimidate|boost
|-unboost|p1a: Sneasler|atk|1
|-unboost|p1b: Indeedee|atk|1
|-enditem|p1a: Sneasler|White Herb
|-clearnegativeboost|p1a: Sneasler|[silent]
|move|p1a: Sneasler|Throat Chop|p2b: Gholdengo
|-supereffective|p2b: Gholdengo
|-damage|p2b: Gholdengo|44/100
|-start|p2b: Gholdengo|Throat Chop|[silent]
|move|p1b: Indeedee|Expanding Force|p2a: Incineroar|[spread] p2b
|-immune|p2a: Incineroar
|-resisted|p2b: Gholdengo
|-damage|p2b: Gholdengo|12/100
|move|p2b: Gholdengo|Nasty Plot|p2b: Gholdengo
|-boost|p2b: Gholdengo|spa|2
|
|upkeep
|turn|2
|
|t:|1757666087
|switch|p1b: Incineroar|Incineroar, L50, F|100/100
|-ability|p1b: Incineroar|Intimidate|boost
|-unboost|p2a: Incineroar|atk|1
|-unboost|p2b: Gholdengo|atk|1
|move|p1a: Sneasler|Dire Claw|p2a: Incineroar
|-damage|p2a: Incineroar|71/100
|-status|p2a: Incineroar|psn
|move|p2b: Gholdengo|Make It Rain|p1b: Incineroar|[spread] p1a,p1b
|-resisted|p1b: Incineroar
|-damage|p1a: Sneasler|0 fnt
|-damage|p1b: Incineroar|40/100
|-unboost|p2b: Gholdengo|spa|1
|faint|p1a: Sneasler
|-damage|p2b: Gholdengo|2/100|[from] item: Life Orb
|move|p2a: Incineroar|Parting Shot|p1b: Incineroar
|-unboost|p1b: Incineroar|atk|1
|-unboost|p1b: Incineroar|spa|1
|
|t:|1757666106
|switch|p2a: Amoonguss|Amoonguss, L50, M|100/100|[from] Parting Shot
|
|-end|p2b: Gholdengo|Throat Chop|[silent]
|upkeep
|
|t:|1757666116
|switch|p1a: Indeedee|Indeedee, L50, M|100/100
|turn|3
|
|t:|1757666129
|move|p2a: Amoonguss|Protect|p2a: Amoonguss
|-singleturn|p2a: Amoonguss|Protect
|move|p1a: Indeedee|Expanding Force|p2b: Gholdengo|[spread] p2b
|-activate|p2a: Amoonguss|move: Protect
|-resisted|p2b: Gholdengo
|-damage|p2b: Gholdengo|0 fnt
|faint|p2b: Gholdengo
|move|p1b: Incineroar|Flare Blitz|p2a: Amoonguss
|-activate|p2a: Amoonguss|move: Protect
|
|upkeep
|
|t:|1757666132
|switch|p2b: Incineroar|Incineroar, L50, F|71/100 psn
|-ability|p2b: Incineroar|Intimidate|boost
|-unboost|p1a: Indeedee|atk|1
|-unboost|p1b: Incineroar|atk|1
|turn|4
|
|t:|1757666157
|-terastallize|p2a: Amoonguss|Grass
|move|p1a: Indeedee|Protect|p1a: Indeedee
|-singleturn|p1a: Indeedee|Protect
|move|p2b: Incineroar|Parting Shot|p1b: Incineroar
|-unboost|p1b: Incineroar|atk|1
|-unboost|p1b: Incineroar|spa|1
|
|t:|1757666179
|switch|p2b: Porygon2|Porygon2, L50|100/100|[from] Parting Shot
|-ability|p2b: Porygon2|Download|boost
|-boost|p2b: Porygon2|atk|1
|move|p1b: Incineroar|U-turn|p2b: Porygon2
|-damage|p2b: Porygon2|94/100
|
|t:|1757666185
|switch|p1b: Sinistcha|Sinistcha, L50|100/100|[from] U-turn
|move|p2a: Amoonguss|Spore|p1a: Indeedee
|-activate|p1a: Indeedee|move: Protect
|
|upkeep
|turn|5
|
|t:|1757666215
|switch|p2a: Incineroar|Incineroar, L50, F|71/100 psn
|-ability|p2a: Incineroar|Intimidate|boost
|-unboost|p1a: Indeedee|atk|1
|-unboost|p1b: Sinistcha|atk|1
|move|p1a: Indeedee|Expanding Force|p2a: Incineroar|[spread] p2b
|-immune|p2a: Incineroar
|-damage|p2b: Porygon2|59/100
|move|p1b: Sinistcha|Matcha Gotcha|p2b: Porygon2|[spread] p2a,p2b
|-resisted|p2a: Incineroar
|-damage|p2a: Incineroar|60/100 psn
|-damage|p2b: Porygon2|44/100
|move|p2b: Porygon2|Ice Beam|p1b: Sinistcha
|-supereffective|p1b: Sinistcha
|-damage|p1b: Sinistcha|50/100
|
|-damage|p2a: Incineroar|48/100 psn|[from] psn
|-fieldend|move: Psychic Terrain
|upkeep
|turn|6
|
|t:|1757666239
|switch|p1b: Incineroar|Incineroar, L50, F|40/100
|-ability|p1b: Incineroar|Intimidate|boost
|-unboost|p2a: Incineroar|atk|1
|-unboost|p2b: Porygon2|atk|1
|move|p1a: Indeedee|Protect|p1a: Indeedee
|-singleturn|p1a: Indeedee|Protect
|move|p2a: Incineroar|Fake Out|p1a: Indeedee
|-activate|p1a: Indeedee|move: Protect
|move|p2b: Porygon2|Trick Room|p2b: Porygon2
|-fieldstart|move: Trick Room|[of] p2b: Porygon2
|
|-damage|p2a: Incineroar|36/100 psn|[from] psn
|upkeep
|turn|7
|
|t:|1757666273
|move|p2b: Porygon2|Recover|p2b: Porygon2
|-heal|p2b: Porygon2|94/100
|move|p1b: Incineroar|Flare Blitz|p2a: Incineroar
|-resisted|p2a: Incineroar
|-damage|p2a: Incineroar|16/100 psn
|-damage|p1b: Incineroar|33/100|[from] Recoil
|move|p2a: Incineroar|Knock Off|p1a: Indeedee
|-supereffective|p1a: Indeedee
|-enditem|p1a: Indeedee|Focus Sash
|-damage|p1a: Indeedee|1/100
|move|p1a: Indeedee|Expanding Force|p2a: Incineroar
|-immune|p2a: Incineroar
|
|-damage|p2a: Incineroar|4/100 psn|[from] psn
|upkeep
|turn|8
|
|t:|1757666318
|move|p1a: Indeedee|Protect|p1a: Indeedee
|-singleturn|p1a: Indeedee|Protect
|move|p2b: Porygon2|Ice Beam|p1a: Indeedee
|-activate|p1a: Indeedee|move: Protect
|move|p1b: Incineroar|U-turn|p2a: Incineroar
|-damage|p2a: Incineroar|0 fnt
|faint|p2a: Incineroar
|
|t:|1757666326
|switch|p1b: Sinistcha|Sinistcha, L50|50/100|[from] U-turn
|-heal|p1a: Indeedee|26/100|[from] ability: Hospitality|[of] p1b: Sinistcha
|
|upkeep
|
|t:|1757666331
|switch|p2a: Amoonguss|Amoonguss, L50, M, tera:Grass|100/100
|turn|9
|
|t:|1757666357
|switch|p1a: Incineroar|Incineroar, L50, F|33/100
|-ability|p1a: Incineroar|Intimidate|boost
|-unboost|p2a: Amoonguss|atk|1
|-unboost|p2b: Porygon2|atk|1
|move|p2a: Amoonguss|Spore|p1a: Incineroar
|-activate|p1a: Incineroar|item: Safety Goggles|Spore
|move|p2b: Porygon2|Ice Beam|p1b: Sinistcha
|-supereffective|p1b: Sinistcha
|-damage|p1b: Sinistcha|0 fnt
|faint|p1b: Sinistcha
|
|upkeep
|
|t:|1757666366
|switch|p1b: Indeedee|Indeedee, L50, M|26/100
|-fieldstart|move: Psychic Terrain|[from] ability: Psychic Surge|[of] p1b: Indeedee
|turn|10
|
|t:|1757666387
|move|p1b: Indeedee|Protect|p1b: Indeedee
|-singleturn|p1b: Indeedee|Protect
|move|p2a: Amoonguss|Spore|p1b: Indeedee
|-activate|p1b: Indeedee|move: Protect
|move|p2b: Porygon2|Tera Blast|p1a: Incineroar
|-damage|p1a: Incineroar|0 fnt
|faint|p1a: Incineroar
|
|-fieldend|move: Trick Room
|upkeep
|turn|11
|
|t:|1757666416
|move|p2a: Amoonguss|Protect|p2a: Amoonguss
|-singleturn|p2a: Amoonguss|Protect
|move|p1b: Indeedee|Expanding Force|p2b: Porygon2|[spread] p2b
|-activate|p2a: Amoonguss|move: Protect
|-damage|p2b: Porygon2|60/100
|move|p2b: Porygon2|Tera Blast|p1b: Indeedee
|-damage|p1b: Indeedee|0 fnt
|faint|p1b: Indeedee
|
|win|electrictopi
||electrictopi is ready for game 2.
||vuyyvby is ready for game 2.
|uhtml|next|Next: Game 2 of 3
