|j|☆Pengy
|j|☆PinkSylvie
|html|PengyPinkSylvie    
|uhtml|bestof|Game 3 of a best-of-3
|t:|1783641478
|gametype|doubles
|player|p1|Pengy|#smogonxnpa2024draftee|
|player|p2|PinkSylvie|#vgcpliiizoruas|
|gen|9
|tier|[Gen 9 Champions] VGC 2026 Reg M-B (Bo3)
|rule|Species Clause: Limit one of each Pokémon
|rule|Item Clause: Limit 1 of each item
|clearpoke
|poke|p1|Swampert, L50, F|
|poke|p1|Pelipper, L50, F|
|poke|p1|Archaludon, L50, M|
|poke|p1|Sinistcha, L50|
|poke|p1|Grimmsnarl, L50, M|
|poke|p1|Dragonite, L50, F|
|poke|p2|Gengar, L50, F|
|poke|p2|Swampert, L50, F|
|poke|p2|Incineroar, L50, M|
|poke|p2|Politoed, L50, M|
|poke|p2|Archaludon, L50, F|
|poke|p2|Vivillon-Savanna, L50, F|
|teampreview|4
|showteam|p1|Swampert||Swampertite|Damp|WaveCrash,Earthquake,IcePunch,Protect|Adamant||F|||50|]Pelipper||SitrusBerry|Drizzle|Hurricane,WeatherBall,Tailwind,WideGuard|Modest||F|||50|]Archaludon||Leftovers|Stamina|ElectroShot,DragonPulse,FlashCannon,Protect|Modest||M|||50|]Sinistcha||KasibBerry|Hospitality|MatchaGotcha,RagePowder,LifeDew,TrickRoom|Bold|||||50|]Grimmsnarl||LightClay|Prankster|SpiritBreak,Reflect,LightScreen,PartingShot|Careful||M|||50|]Dragonite||Dragoninite|Multiscale|Hurricane,DragonPulse,Thunderbolt,Protect|Modest||F|||50|
|showteam|p2|Gengar||Gengarite|CursedBody|ShadowBall,PerishSong,SludgeBomb,Protect|Timid||F|||50|]Swampert||Swampertite|Torrent|WaveCrash,Earthquake,IcePunch,Protect|Adamant||F|||50|]Incineroar||PasshoBerry|Intimidate|ThroatChop,PartingShot,FakeOut,Protect|Sassy||M|||50|]Politoed||SitrusBerry|Drizzle|WeatherBall,PerishSong,Encore,Protect|Calm||M|||50|]Archaludon||Leftovers|Stamina|DragonPulse,FlashCannon,ElectroShot,Protect|Bold||F|||50|]Vivillon-Savanna||FocusSash|CompoundEyes|Hurricane,SleepPowder,RagePowder,Protect|Timid||F|||50|
|j| Gehtgutdigga
|j| Kojay
|j| pls be kind to me
|j| nexmind
|j| gretchen grundler
|l| nexmind
|j| nexmind
|l| Gehtgutdigga
|l| gretchen grundler
|j| Gehtgutdigga
|
|t:|1783641563
|teamsize|p1|4
|teamsize|p2|4
|start
|switch|p1a: Pelipper|Pelipper, L50, F|100/100
|switch|p1b: Sinistcha|Sinistcha, L50|100/100
|switch|p2a: Vivillon|Vivillon-Savanna, L50, F|100/100
|switch|p2b: Swampert|Swampert, L50, F|100/100
|-weather|RainDance|[from] ability: Drizzle|[of] p1a: Pelipper
|turn|1
|inactive|Battle timer is ON: inactive players will automatically lose when time's up. (requested by Pengy)
|j| Grendylicius
|inactive|Pengy has 60 seconds left.
|j| gretchen grundler
|
|t:|1783641600
|detailschange|p2b: Swampert|Swampert-Mega, L50, F
|-mega|p2b: Swampert|Swampert|Swampertite
|move|p2b: Swampert|Wave Crash|p1b: Sinistcha
|-resisted|p1b: Sinistcha|1
|-damage|p1b: Sinistcha|62/100
|-damage|p2b: Swampert|89/100|[from] Recoil
|move|p2a: Vivillon|Hurricane|p1b: Sinistcha
|-supereffective|p1b: Sinistcha|1
|-damage|p1b: Sinistcha|0 fnt
|faint|p1b: Sinistcha
|move|p1a: Pelipper|Tailwind|p1a: Pelipper
|-sidestart|p1: Pengy|move: Tailwind
|
|-weather|RainDance|[upkeep]
|upkeep
|
|t:|1783641610
|switch|p1b: Swampert|Swampert, L50, F|100/100
|turn|2
|l| nexmind
|inactive|Pengy has 30 seconds left.
|inactive|PinkSylvie has 30 seconds left.
|inactive|Pengy has 20 seconds left.
|
|t:|1783641648
|move|p2b: Swampert|Protect|p2b: Swampert
|-singleturn|p2b: Swampert|Protect
|move|p1b: Swampert|Protect|p1b: Swampert
|-singleturn|p1b: Swampert|Protect
|move|p2a: Vivillon|Protect|p2a: Vivillon
|-singleturn|p2a: Vivillon|Protect
|move|p1a: Pelipper|Weather Ball|p2b: Swampert
|-activate|p2b: Swampert|move: Protect
|
|-weather|RainDance|[upkeep]
|upkeep
|turn|3
|j| nexmind
|inactive|Pengy has 30 seconds left.
|inactive|Pengy has 20 seconds left.
|inactive|Pengy has 15 seconds left.
|inactive|Pengy has 10 seconds left.
|
|t:|1783641695
|detailschange|p1b: Swampert|Swampert-Mega, L50, F
|-mega|p1b: Swampert|Swampert|Swampertite
|move|p2a: Vivillon|Rage Powder|p2a: Vivillon
|-singleturn|p2a: Vivillon|move: Rage Powder
|move|p1b: Swampert|Ice Punch|p2a: Vivillon
|-supereffective|p2a: Vivillon|1
|-enditem|p2a: Vivillon|Focus Sash
|-damage|p2a: Vivillon|1/100
|-status|p2a: Vivillon|frz
|move|p2b: Swampert|Wave Crash|p1b: Swampert
|-damage|p1b: Swampert|3/100
|-damage|p2b: Swampert|61/100|[from] Recoil
|move|p1a: Pelipper|Weather Ball|p2a: Vivillon
|-damage|p2a: Vivillon|0 fnt
|faint|p2a: Vivillon
|
|-weather|RainDance|[upkeep]
|upkeep
|
|t:|1783641715
|switch|p2a: Politoed|Politoed, L50, M|100/100
|turn|4
|inactive|Pengy has 30 seconds left.
|j| LogIce
|inactive|Pengy has 20 seconds left.
|
|t:|1783641752
|switch|p1a: Archaludon|Archaludon, L50, M|100/100
|move|p1b: Swampert|Protect|p1b: Swampert
|-singleturn|p1b: Swampert|Protect
|move|p2b: Swampert|Protect|p2b: Swampert
|-singleturn|p2b: Swampert|Protect
|move|p2a: Politoed|Weather Ball|p1b: Swampert
|-activate|p1b: Swampert|move: Protect
|
|-weather|RainDance|[upkeep]
|-sideend|p1: Pengy|move: Tailwind
|upkeep
|turn|5
|inactive|Pengy has 30 seconds left.
|inactive|PinkSylvie has 30 seconds left.
|inactive|Pengy has 20 seconds left.
|inactive|PinkSylvie has 20 seconds left.
|inactive|PinkSylvie has 15 seconds left.
|inactive|Pengy has 15 seconds left.
|inactive|PinkSylvie has 10 seconds left.
|inactive|Pengy has 10 seconds left.
|inactive|PinkSylvie has 5 seconds left.
|
|t:|1783641804
|move|p1b: Swampert|Wave Crash|p2b: Swampert
|-damage|p2b: Swampert|0 fnt
|faint|p2b: Swampert
|-damage|p1b: Swampert|0 fnt|[from] Recoil
|faint|p1b: Swampert
|move|p1a: Archaludon|Electro Shot||[still]
|-prepare|p1a: Archaludon|Electro Shot
|-boost|p1a: Archaludon|spa|1
|-anim|p1a: Archaludon|Electro Shot|p2a: Politoed
|-supereffective|p2a: Politoed|1
|-damage|p2a: Politoed|1/100
|-enditem|p2a: Politoed|Sitrus Berry|[eat]
|-heal|p2a: Politoed|26/100|[from] item: Sitrus Berry
|move|p2a: Politoed|Weather Ball|p1a: Archaludon
|-resisted|p1a: Archaludon|1
|-damage|p1a: Archaludon|76/100
|-ability|p1a: Archaludon|Stamina|boost
|-boost|p1a: Archaludon|def|1
|
|-weather|none
|-heal|p1a: Archaludon|82/100|[from] item: Leftovers
|upkeep
|
|t:|1783641808
|switch|p1b: Pelipper|Pelipper, L50, F|100/100
|switch|p2b: Archaludon|Archaludon, L50, F|100/100
|-weather|RainDance|[from] ability: Drizzle|[of] p1b: Pelipper
|turn|6
|inactive|Pengy has 30 seconds left.
|inactive|Pengy has 20 seconds left.
|l| nexmind
|inactive|Pengy has 15 seconds left.
|inactive|Pengy has 10 seconds left.
|
|t:|1783641857
|move|p2a: Politoed|Protect|p2a: Politoed
|-singleturn|p2a: Politoed|Protect
|move|p2b: Archaludon|Electro Shot||[still]
|-prepare|p2b: Archaludon|Electro Shot
|-boost|p2b: Archaludon|spa|1
|-anim|p2b: Archaludon|Electro Shot|p1b: Pelipper
|-supereffective|p1b: Pelipper|2
|-damage|p1b: Pelipper|0 fnt
|faint|p1b: Pelipper
|move|p1a: Archaludon|Dragon Pulse|p2b: Archaludon
|-crit|p2b: Archaludon
|-damage|p2b: Archaludon|13/100
|-ability|p2b: Archaludon|Stamina|boost
|-boost|p2b: Archaludon|def|1
|
|-weather|RainDance|[upkeep]
|-heal|p2b: Archaludon|20/100y|[from] item: Leftovers
|-heal|p1a: Archaludon|88/100|[from] item: Leftovers
|upkeep
|turn|7
|j| nexmind
|inactive|PinkSylvie has 30 seconds left.
|inactive|PinkSylvie has 20 seconds left.
|inactive|PinkSylvie has 15 seconds left.
|
|t:|1783641898
|move|p2b: Archaludon|Protect|p2b: Archaludon
|-singleturn|p2b: Archaludon|Protect
|move|p1a: Archaludon|Dragon Pulse|p2b: Archaludon
|-activate|p2b: Archaludon|move: Protect
|move|p2a: Politoed|Perish Song|p2a: Politoed
|-start|p1a: Archaludon|perish3|[silent]
|-start|p2a: Politoed|perish3|[silent]
|-start|p2b: Archaludon|perish3|[silent]
|-fieldactivate|move: Perish Song
|
|-weather|RainDance|[upkeep]
|-heal|p2b: Archaludon|26/100|[from] item: Leftovers
|-heal|p1a: Archaludon|94/100|[from] item: Leftovers
|-start|p2b: Archaludon|perish3
|-start|p1a: Archaludon|perish3
|-start|p2a: Politoed|perish3
|upkeep
|turn|8
|l| nexmind
|j| nexmind
|l| Grendylicius
|inactive|PinkSylvie has 30 seconds left.
|inactive|Pengy has 30 seconds left.
|
|t:|1783641929
|move|p2b: Archaludon|Dragon Pulse|p1a: Archaludon
|-crit|p1a: Archaludon
|-damage|p1a: Archaludon|12/100
|-ability|p1a: Archaludon|Stamina|boost
|-boost|p1a: Archaludon|def|1
|move|p1a: Archaludon|Dragon Pulse|p2b: Archaludon
|-damage|p2b: Archaludon|0 fnt
|faint|p2b: Archaludon
|move|p2a: Politoed|Weather Ball|p1a: Archaludon
|-resisted|p1a: Archaludon|1
|-damage|p1a: Archaludon|0 fnt
|faint|p1a: Archaludon
|
|win|PinkSylvie
|l| nexmind
|c|☆PinkSylvie|ggs
|c|☆Pengy|gg
|j| nexmind
|l| Gehtgutdigga
|l|☆Pengy
|player|p1|
|l| gretchen grundler
|l| nexmind
|l|☆PinkSylvie
|player|p2|
|l| LogIce
|l| pls be kind to me
|j| pls be kind to me
