|j|☆Woopah96
|j|☆Foppaa
|html|Woopah96Foppaa    
|uhtml|bestof|Game 2 of a best-of-3
|t:|1755808631
|gametype|doubles
|player|p1|Woopah96|170|1160
|player|p2|Foppaa|102|1187
|gen|9
|tier|[Gen 9] VGC 2025 Reg H (Bo3)
|rated|
|rule|Species Clause: Limit one of each Pokémon
|rule|Item Clause: Limit 1 of each item
|clearpoke
|poke|p1|Sneasler, L50, F|
|poke|p1|Dondozo, L50, F|
|poke|p1|Indeedee, L50, M|
|poke|p1|Ursaluna-Bloodmoon, L50, M|
|poke|p1|Tatsugiri, L50, M|
|poke|p1|Whimsicott, L50, F|
|poke|p2|Incineroar, L50, F|
|poke|p2|Gholdengo, L50|
|poke|p2|Amoonguss, L50, M|
|poke|p2|Ursaluna-Bloodmoon, L50, M|
|poke|p2|Sneasler, L50, F|
|poke|p2|Dragonite, L50, F|
|teampreview|4
|showteam|p1|Sneasler||PsychicSeed|Unburden|Protect,ThroatChop,DireClaw,CloseCombat|||F|||50|,,,,,Dark]Dondozo||Leftovers|Unaware|WaveCrash,Protect,Yawn,Earthquake|||F|||50|,,,,,Steel]Indeedee||FocusSash|PsychicSurge|ExpandingForce,HelpingHand,Protect,TeraBlast|||M|||50|,,,,,Fairy]Ursaluna-Bloodmoon||LifeOrb|MindsEye|BloodMoon,HyperVoice,Protect,EarthPower|||M|||50|,,,,,Ghost]Tatsugiri||ChoiceScarf|Commander|MuddyWater,DracoMeteor,IcyWind,DragonPulse|||M|||50|,,,,,Ghost]Whimsicott||CovertCloak|Prankster|Moonblast,LightScreen,Tailwind,HelpingHand|||F|||50|,,,,,Ghost
|showteam|p2|Incineroar||SafetyGoggles|Intimidate|FakeOut,PartingShot,FlareBlitz,KnockOff|||F|||50|,,,,,Ghost]Gholdengo||LifeOrb|GoodasGold|NastyPlot,MakeItRain,ShadowBall,Protect||||||50|,,,,,Water]Amoonguss||SitrusBerry|Regenerator|PollenPuff,RagePowder,Spore,Protect|||M|||50|,,,,,Water]Ursaluna-Bloodmoon||AssaultVest|MindsEye|BloodMoon,HyperVoice,EarthPower,VacuumWave|||M|||50|,,,,,Water]Sneasler||WhiteHerb|Unburden|DireClaw,Coaching,CloseCombat,FakeOut|||F|||50|,,,,,Ghost]Dragonite||LoadedDice|Multiscale|ScaleShot,Tailwind,Haze,Protect|||F|||50|,,,,,Fairy
|inactive|Battle timer is ON: inactive players will automatically lose when time's up. (requested by Woopah96)
|
|t:|1755808708
|teamsize|p1|4
|teamsize|p2|4
|start
|switch|p1a: Gumball|Sneasler, L50, F|100/100
|switch|p1b: Boy Nicole|Indeedee, L50, M|100/100
|switch|p2a: Amoonguss|Amoonguss, L50, M|100/100
|switch|p2b: Ursaluna|Ursaluna-Bloodmoon, L50, M|100/100
|-fieldstart|move: Psychic Terrain|[from] ability: Psychic Surge|[of] p1b: Boy Nicole
|-enditem|p1a: Gumball|Psychic Seed
|-boost|p1a: Gumball|spd|1|[from] item: Psychic Seed
|turn|1
|inactive|Woopah96 has 30 seconds left.
|inactive|Foppaa has 30 seconds left.
|inactive|Foppaa has 20 seconds left.
|inactive|Foppaa has 15 seconds left.
|inactive|Foppaa has 10 seconds left.
|
|t:|1755808753
|move|p2a: Amoonguss|Rage Powder|p2a: Amoonguss
|-singleturn|p2a: Amoonguss|move: Rage Powder
|move|p1a: Gumball|Dire Claw|p2a: Amoonguss
|-damage|p2a: Amoonguss|66/100
|move|p1b: Boy Nicole|Expanding Force|p2a: Amoonguss|[spread] p2a,p2b
|-supereffective|p2a: Amoonguss
|-crit|p2b: Ursaluna
|-damage|p2a: Amoonguss|0 fnt
|-damage|p2b: Ursaluna|36/100
|faint|p2a: Amoonguss
|move|p2b: Ursaluna|Hyper Voice|p1b: Boy Nicole|[spread] p1a,p1b
|-damage|p1a: Gumball|67/100
|-damage|p1b: Boy Nicole|49/100
|
|upkeep
|
|t:|1755808770
|switch|p2a: Dragonite|Dragonite, L50, F|100/100
|turn|2
|
|t:|1755808779
|switch|p2b: Incineroar|Incineroar, L50, F|100/100
|-ability|p2b: Incineroar|Intimidate|boost
|-unboost|p1a: Gumball|atk|1
|-unboost|p1b: Boy Nicole|atk|1
|move|p1a: Gumball|Dire Claw|p2a: Dragonite
|-damage|p2a: Dragonite|84/100
|move|p1b: Boy Nicole|Expanding Force|p2a: Dragonite|[spread] p2a
|-immune|p2b: Incineroar
|-damage|p2a: Dragonite|21/100
|move|p2a: Dragonite|Tailwind|p2a: Dragonite
|-sidestart|p2: Foppaa|move: Tailwind
|
|upkeep
|turn|3
|
|t:|1755808803
|move|p1a: Gumball|Protect|p1a: Gumball
|-singleturn|p1a: Gumball|Protect
|move|p1b: Boy Nicole|Protect|p1b: Boy Nicole
|-singleturn|p1b: Boy Nicole|Protect
|move|p2a: Dragonite|Scale Shot|p1a: Gumball
|-activate|p1a: Gumball|move: Protect
|move|p2b: Incineroar|Flare Blitz|p1b: Boy Nicole
|-activate|p1b: Boy Nicole|move: Protect
|
|upkeep
|turn|4
|
|t:|1755808822
|move|p1b: Boy Nicole|Helping Hand|p1a: Gumball
|-singleturn|p1a: Gumball|Helping Hand|[of] p1b: Boy Nicole
|move|p2a: Dragonite|Protect|p2a: Dragonite
|-singleturn|p2a: Dragonite|Protect
|move|p1a: Gumball|Close Combat|p2b: Incineroar
|-supereffective|p2b: Incineroar
|-damage|p2b: Incineroar|4/100
|-unboost|p1a: Gumball|def|1
|-unboost|p1a: Gumball|spd|1
|move|p2b: Incineroar|Flare Blitz|p1a: Gumball
|-damage|p1a: Gumball|0 fnt
|faint|p1a: Gumball
|-damage|p2b: Incineroar|0 fnt|[from] Recoil
|faint|p2b: Incineroar
|
|upkeep
|
|t:|1755808827
|switch|p1a: Richard|Ursaluna-Bloodmoon, L50, M|100/100
|switch|p2b: Ursaluna|Ursaluna-Bloodmoon, L50, M|36/100
|turn|5
|
|t:|1755808851
|move|p1b: Boy Nicole|Protect|p1b: Boy Nicole
|-singleturn|p1b: Boy Nicole|Protect
|move|p1a: Richard|Protect|p1a: Richard
|-singleturn|p1a: Richard|Protect
|move|p2a: Dragonite|Scale Shot|p1a: Richard
|-activate|p1a: Richard|move: Protect
|move|p2b: Ursaluna|Hyper Voice|p1b: Boy Nicole|[spread] 
|-activate|p1a: Richard|move: Protect
|-activate|p1b: Boy Nicole|move: Protect
|
|-sideend|p2: Foppaa|move: Tailwind
|-fieldend|move: Psychic Terrain
|upkeep
|turn|6
|
|t:|1755808874
|switch|p1b: Anais|Whimsicott, L50, F|100/100
|move|p2a: Dragonite|Scale Shot|p1a: Richard
|-damage|p1a: Richard|89/100
|-damage|p1a: Richard|78/100
|-damage|p1a: Richard|65/100
|-damage|p1a: Richard|53/100
|-hitcount|p1a: Richard|4
|-unboost|p2a: Dragonite|def|1
|-boost|p2a: Dragonite|spe|1
|move|p1a: Richard|Hyper Voice|p2a: Dragonite|[spread] p2a,p2b
|-damage|p2a: Dragonite|0 fnt
|-damage|p2b: Ursaluna|4/100
|faint|p2a: Dragonite
|-damage|p1a: Richard|44/100|[from] item: Life Orb
|move|p2b: Ursaluna|Blood Moon|p1a: Richard
|-damage|p1a: Richard|0 fnt
|faint|p1a: Richard
|
|upkeep
|
|t:|1755808880
|switch|p1a: Boy Nicole|Indeedee, L50, M|49/100
|-fieldstart|move: Psychic Terrain|[from] ability: Psychic Surge|[of] p1a: Boy Nicole
|turn|7
|
|t:|1755808896
|move|p1b: Anais|Tailwind|p1b: Anais
|-sidestart|p1: Woopah96|move: Tailwind
|move|p1a: Boy Nicole|Expanding Force|p2b: Ursaluna
|-damage|p2b: Ursaluna|0 fnt
|faint|p2b: Ursaluna
|
|win|Woopah96
|raw|Woopah96's rating: 1160 → 1187(+27 for winning)
|raw|Foppaa's rating: 1187 → 1160(-27 for losing)
