|j|☆pignetos
|j|☆ethical sga
|html|pignetosethical sga    
|uhtml|bestof|Game 3 of a best-of-3
|t:|1783440053
|gametype|doubles
|player|p1|pignetos|169|1186
|player|p2|ethical sga|lass-gen4dp|1148
|gen|9
|tier|[Gen 9 Champions] VGC 2026 Reg M-B (Bo3)
|rated|
|rule|Species Clause: Limit one of each Pokémon
|rule|Item Clause: Limit 1 of each item
|clearpoke
|poke|p1|Charizard, L50, F|
|poke|p1|Whimsicott, L50, F|
|poke|p1|Farigiraf, L50, M|
|poke|p1|Metagross, L50|
|poke|p1|Sylveon, L50, M|
|poke|p1|Garchomp, L50, F|
|poke|p2|Scrafty, L50, M, shiny|
|poke|p2|Ceruledge, L50, F|
|poke|p2|Ninetales-Alola, L50, F|
|poke|p2|Sinistcha, L50|
|poke|p2|Garchomp, L50, M|
|poke|p2|Raichu, L50, M|
|teampreview|4
|showteam|p1|Charizard||CharizarditeY|Blaze|HeatWave,SolarBeam,WeatherBall,Protect|Modest||F|||50|]Whimsicott||FocusSash|Prankster|Moonblast,Encore,GrassKnot,Tailwind|Timid||F|||50|]Farigiraf||SitrusBerry|ArmorTail|Psychic,Thunderbolt,TrickRoom,HelpingHand|Quiet||M|||50|]Metagross||Metagrossite|ClearBody|PsychicFangs,IcePunch,BulletPunch,Protect|Adamant|||||50|]Sylveon||FairyFeather|Pixilate|Protect,QuickAttack,HyperVoice,HyperBeam|Modest||M|||50|]Garchomp||LifeOrb|RoughSkin|Protect,RockSlide,DragonClaw,Earthquake|Jolly||F|||50|
|showteam|p2|Scrafty||Scraftinite|Intimidate|Detect,DrainPunch,KnockOff,FakeOut|Adamant||M|||50|]Ceruledge||ColburBerry|FlashFire|Protect,BitterBlade,ShadowSneak,BulkUp|Adamant||F|||50|]Ninetales-Alola||NeverMeltIce|SnowWarning|Protect,FreezeDry,IcyWind,AuroraVeil|Timid||F|||50|]Sinistcha||FocusSash|Hospitality|Protect,MatchaGotcha,Hex,RagePowder|Modest|||||50|]Garchomp||LifeOrb|RoughSkin|Protect,DragonClaw,StompingTantrum,RockTomb|Jolly||M|||50|]Raichu||RaichuniteY|LightningRod|Protect,ZapCannon,FocusBlast,FakeOut|Timid||M|||50|
|inactive|Battle timer is ON: inactive players will automatically lose when time's up. (requested by pignetos)
|inactive|ethical sga has 60 seconds left.
|
|t:|1783440085
|teamsize|p1|4
|teamsize|p2|4
|start
|switch|p1a: Whimsicott|Whimsicott, L50, F|100/100
|switch|p1b: Metagross|Metagross, L50|100/100
|switch|p2a: Scrafty|Scrafty, L50, M, shiny|100/100
|switch|p2b: Ceruledge|Ceruledge, L50, F|100/100
|-ability|p2a: Scrafty|Intimidate|boost
|-unboost|p1a: Whimsicott|atk|1
|-fail|p1b: Metagross|unboost|[from] ability: Clear Body|[of] p1b: Metagross
|turn|1
|
|t:|1783440108
|move|p1b: Metagross|Protect|p1b: Metagross
|-singleturn|p1b: Metagross|Protect
|move|p2a: Scrafty|Fake Out|p1a: Whimsicott
|-damage|p1a: Whimsicott|83/100
|cant|p1a: Whimsicott|flinch
|move|p2b: Ceruledge|Bitter Blade|p1a: Whimsicott
|-supereffective|p1a: Whimsicott|1
|-damage|p1a: Whimsicott|0 fnt
|faint|p1a: Whimsicott
|
|upkeep
|
|t:|1783440118
|switch|p1a: Sylveon|Sylveon, L50, M|100/100
|turn|2
|
|t:|1783440137
|switch|p2a: Ninetales|Ninetales-Alola, L50, F|100/100
|-weather|Snowscape|[from] ability: Snow Warning|[of] p2a: Ninetales
|move|p2b: Ceruledge|Bitter Blade|p1b: Metagross
|-supereffective|p1b: Metagross|1
|-damage|p1b: Metagross|37/100
|move|p1a: Sylveon|Hyper Voice|p2a: Ninetales|[spread] p2a,p2b
|-resisted|p2b: Ceruledge|1
|-damage|p2a: Ninetales|47/100
|-damage|p2b: Ceruledge|76/100
|move|p1b: Metagross|Psychic Fangs|p2b: Ceruledge
|-damage|p2b: Ceruledge|27/100
|
|-weather|Snowscape|[upkeep]
|upkeep
|turn|3
|inactive|pignetos has 30 seconds left.
|
|t:|1783440169
|move|p2b: Ceruledge|Protect|p2b: Ceruledge
|-singleturn|p2b: Ceruledge|Protect
|move|p1b: Metagross|Protect|p1b: Metagross
|-singleturn|p1b: Metagross|Protect
|move|p2a: Ninetales|Icy Wind|p1b: Metagross|[spread] p1a
|-activate|p1b: Metagross|move: Protect
|-damage|p1a: Sylveon|84/100
|-unboost|p1a: Sylveon|spe|1
|move|p1a: Sylveon|Hyper Voice|p2a: Ninetales|[spread] p2a
|-activate|p2b: Ceruledge|move: Protect
|-damage|p2a: Ninetales|0 fnt
|faint|p2a: Ninetales
|
|-weather|Snowscape|[upkeep]
|upkeep
|
|t:|1783440176
|switch|p2a: Scrafty|Scrafty, L50, M, shiny|100/100
|-ability|p2a: Scrafty|Intimidate|boost
|-unboost|p1a: Sylveon|atk|1
|-fail|p1b: Metagross|unboost|[from] ability: Clear Body|[of] p1b: Metagross
|turn|4
|inactive|pignetos has 30 seconds left.
|inactive|ethical sga has 30 seconds left.
|
|t:|1783440209
|switch|p1b: Garchomp|Garchomp, L50, F|100/100
|detailschange|p2a: Scrafty|Scrafty-Mega, L50, M, shiny
|-mega|p2a: Scrafty|Scrafty|Scraftinite
|-ability|p2a: Scrafty|Intimidate|boost
|-unboost|p1a: Sylveon|atk|1
|-unboost|p1b: Garchomp|atk|1
|move|p2a: Scrafty|Fake Out|p1b: Garchomp
|-damage|p1b: Garchomp|85/100
|-damage|p2a: Scrafty|87/100|[from] ability: Rough Skin|[of] p1b: Garchomp
|move|p2b: Ceruledge|Bitter Blade|p1a: Sylveon
|-damage|p1a: Sylveon|35/100
|-heal|p2b: Ceruledge|51/100|[from] drain|[of] p1a: Sylveon
|move|p1a: Sylveon|Hyper Voice|p2b: Ceruledge|[spread] p2a,p2b
|-supereffective|p2a: Scrafty|2
|-resisted|p2b: Ceruledge|1
|-damage|p2a: Scrafty|0 fnt
|-damage|p2b: Ceruledge|30/100
|faint|p2a: Scrafty
|
|-weather|Snowscape|[upkeep]
|upkeep
|
|t:|1783440220
|switch|p2a: Garchomp|Garchomp, L50, M|100/100
|turn|5
|
|t:|1783440237
|move|p1a: Sylveon|Protect|p1a: Sylveon
|-singleturn|p1a: Sylveon|Protect
|move|p1b: Garchomp|Earthquake|p2b: Ceruledge|[spread] p2a,p2b
|-activate|p1a: Sylveon|move: Protect
|-supereffective|p2b: Ceruledge|1
|-damage|p2a: Garchomp|67/100
|-damage|p2b: Ceruledge|0 fnt
|faint|p2b: Ceruledge
|-damage|p1b: Garchomp|76/100|[from] item: Life Orb
|move|p2a: Garchomp|Dragon Claw|p1b: Garchomp
|-supereffective|p1b: Garchomp|1
|-damage|p1b: Garchomp|0 fnt
|-damage|p2a: Garchomp|55/100|[from] ability: Rough Skin|[of] p1b: Garchomp
|faint|p1b: Garchomp
|-damage|p2a: Garchomp|45/100|[from] item: Life Orb
|
|-weather|Snowscape|[upkeep]
|upkeep
|
|t:|1783440253
|switch|p1b: Metagross|Metagross, L50|37/100
|turn|6
|
|t:|1783440269
|detailschange|p1b: Metagross|Metagross-Mega, L50
|-mega|p1b: Metagross|Metagross|Metagrossite
|move|p1b: Metagross|Bullet Punch|p2a: Garchomp
|-damage|p2a: Garchomp|15/100
|-damage|p1b: Metagross|25/100|[from] ability: Rough Skin|[of] p2a: Garchomp
|move|p1a: Sylveon|Quick Attack|p2a: Garchomp
|-supereffective|p2a: Garchomp|1
|-damage|p2a: Garchomp|2/100
|-damage|p1a: Sylveon|23/100|[from] ability: Rough Skin|[of] p2a: Garchomp
|move|p2a: Garchomp|Stomping Tantrum|p1b: Metagross
|-supereffective|p1b: Metagross|1
|-damage|p1b: Metagross|0 fnt
|faint|p1b: Metagross
|-damage|p2a: Garchomp|0 fnt|[from] item: Life Orb
|faint|p2a: Garchomp
|
|win|pignetos
|raw|pignetos's rating: 1186 → 1208(+22 for winning)
|raw|ethical sga's rating: 1148 → 1126(-22 for losing)
