|j|☆Invoker Kuzan
|j|☆Vitor_hsaf
|html|Invoker KuzanVitor_hsaf    
|uhtml|bestof|Game 2 of a best-of-3
|t:|1756318400
|gametype|doubles
|player|p1|Invoker Kuzan|marnie-masters3|1147
|player|p2|Vitor_hsaf|blue|1252
|gen|9
|tier|[Gen 9] VGC 2025 Reg H (Bo3)
|rated|
|rule|Species Clause: Limit one of each Pokémon
|rule|Item Clause: Limit 1 of each item
|clearpoke
|poke|p1|Indeedee-F, L50, F|
|poke|p1|Hatterene, L50, F|
|poke|p1|Gallade, L50, M|
|poke|p1|Ursaluna, L50, M|
|poke|p1|Lilligant-Hisui, L50, F|
|poke|p1|Torkoal, L50, M|
|poke|p2|Amoonguss, L50, F|
|poke|p2|Sneasler, L50, M|
|poke|p2|Gholdengo, L50|
|poke|p2|Incineroar, L50, M|
|poke|p2|Ursaluna-Bloodmoon, L50, M|
|poke|p2|Dragonite, L50, F|
|teampreview|4
|showteam|p1|Indeedee-F||PsychicSeed|PsychicSurge|TrickRoom,FollowMe,HelpingHand,DazzlingGleam|||F|||50|,,,,,Fire]Hatterene||LifeOrb|MagicBounce|ExpandingForce,TrickRoom,DazzlingGleam,Protect|||F|||50|,,,,,Psychic]Gallade||ClearAmulet|Sharpness|PsychoCut,TrickRoom,SacredSword,WideGuard|||M|||50|,,,,,Grass]Ursaluna||FlameOrb|Guts|HeadlongRush,Facade,SwordsDance,Protect|||M|||50|,,,,,Ghost]Lilligant-Hisui||FocusSash|Chlorophyll|SolarBlade,SleepPowder,CloseCombat,AfterYou|||F|||50|,,,,,Ghost]Torkoal||ChoiceSpecs|Drought|Eruption,HeatWave,WeatherBall,EarthPower|||M|||50|,,,,,Fire
|showteam|p2|Amoonguss||SitrusBerry|Regenerator|RagePowder,Spore,PollenPuff,Protect|||F|||50|,,,,,Psychic]Sneasler||FocusSash|Unburden|Protect,DireClaw,CloseCombat,ThroatChop|||M|||50|,,,,,Stellar]Gholdengo||LifeOrb|GoodasGold|Protect,MakeItRain,ShadowBall,NastyPlot||||||50|,,,,,Water]Incineroar||SafetyGoggles|Intimidate|KnockOff,PartingShot,FlareBlitz,FakeOut|||M|||50|,,,,,Ghost]Ursaluna-Bloodmoon||AssaultVest|MindsEye|BloodMoon,EarthPower,VacuumWave,HyperVoice|||M|||50|,,,,,Water]Dragonite||LoadedDice|Multiscale|ScaleShot,Tailwind,Haze,Protect|||F|||50|,,,,,Fairy
|inactive|Battle timer is ON: inactive players will automatically lose when time's up. (requested by Vitor_hsaf)
|
|t:|1756318421
|teamsize|p1|4
|teamsize|p2|4
|start
|switch|p1a: Indeedee|Indeedee-F, L50, F, shiny|100/100
|switch|p1b: Gallade|Gallade, L50, M, shiny|100/100
|switch|p2a: Zzzzzzzz|Amoonguss, L50, F|100/100
|switch|p2b: Say Cheese|Gholdengo, L50|100/100
|-fieldstart|move: Psychic Terrain|[from] ability: Psychic Surge|[of] p1a: Indeedee
|-enditem|p1a: Indeedee|Psychic Seed
|-boost|p1a: Indeedee|spd|1|[from] item: Psychic Seed
|turn|1
|
|t:|1756318435
|move|p2b: Say Cheese|Nasty Plot|p2b: Say Cheese
|-boost|p2b: Say Cheese|spa|2
|move|p1b: Gallade|Psycho Cut|p2a: Zzzzzzzz
|-supereffective|p2a: Zzzzzzzz
|-damage|p2a: Zzzzzzzz|0 fnt
|faint|p2a: Zzzzzzzz
|move|p1a: Indeedee|Trick Room|p1a: Indeedee
|-fieldstart|move: Trick Room|[of] p1a: Indeedee
|
|upkeep
|
|t:|1756318448
|switch|p2a: Tony|Ursaluna-Bloodmoon, L50, M|100/100
|turn|2
|
|t:|1756318454
|-terastallize|p2a: Tony|Water
|move|p1a: Indeedee|Helping Hand|p1b: Gallade
|-singleturn|p1b: Gallade|Helping Hand|[of] p1a: Indeedee
|move|p2a: Tony|Hyper Voice|p1b: Gallade|[spread] p1a,p1b
|-damage|p1a: Indeedee|75/100
|-damage|p1b: Gallade|68/100
|move|p1b: Gallade|Psycho Cut|p2a: Tony
|-damage|p2a: Tony|22/100
|move|p2b: Say Cheese|Make It Rain|p1a: Indeedee|[spread] p1a,p1b
|-damage|p1a: Indeedee|0 fnt
|-damage|p1b: Gallade|0 fnt
|-unboost|p2b: Say Cheese|spa|1
|faint|p1a: Indeedee
|faint|p1b: Gallade
|-damage|p2b: Say Cheese|91/100|[from] item: Life Orb
|
|upkeep
|
|t:|1756318463
|switch|p1a: Torkoal|Torkoal, L50, M, shiny|100/100
|switch|p1b: Ursaluna|Ursaluna, L50, M, shiny|100/100
|-weather|SunnyDay|[from] ability: Drought|[of] p1a: Torkoal
|turn|3
|
|t:|1756318479
|switch|p2b: Luffy|Incineroar, L50, M|100/100
|-ability|p2b: Luffy|Intimidate|boost
|-unboost|p1a: Torkoal|atk|1
|-unboost|p1b: Ursaluna|atk|1
|-terastallize|p1a: Torkoal|Fire
|move|p1a: Torkoal|Eruption|p2a: Tony|[spread] p2a,p2b
|-resisted|p2a: Tony
|-resisted|p2b: Luffy
|-damage|p2a: Tony|0 fnt
|-damage|p2b: Luffy|30/100
|faint|p2a: Tony
|move|p1b: Ursaluna|Swords Dance|p1b: Ursaluna
|-boost|p1b: Ursaluna|atk|2
|
|-weather|SunnyDay|[upkeep]
|-status|p1b: Ursaluna|brn|[from] item: Flame Orb
|upkeep
|
|t:|1756318483
|switch|p2a: Say Cheese|Gholdengo, L50|91/100
|turn|4
|
|t:|1756318493
|move|p2a: Say Cheese|Protect|p2a: Say Cheese
|-singleturn|p2a: Say Cheese|Protect
|move|p1a: Torkoal|Eruption|p2b: Luffy|[spread] p2b
|-activate|p2a: Say Cheese|move: Protect
|-resisted|p2b: Luffy
|-damage|p2b: Luffy|0 fnt
|faint|p2b: Luffy
|move|p1b: Ursaluna|Facade|p2a: Say Cheese
|-activate|p2a: Say Cheese|move: Protect
|
|-weather|SunnyDay|[upkeep]
|-damage|p1b: Ursaluna|95/100 brn|[from] brn
|upkeep
|turn|5
|
|t:|1756318496
|move|p2a: Say Cheese|Protect||[still]
|-fail|p2a: Say Cheese
|move|p1a: Torkoal|Eruption|p2a: Say Cheese
|-supereffective|p2a: Say Cheese
|-damage|p2a: Say Cheese|0 fnt
|faint|p2a: Say Cheese
|
|win|Invoker Kuzan
|raw|Invoker Kuzan's rating: 1124 → 1158(+34 for winning)
|raw|Vitor_hsaf's rating: 1252 → 1218(-34 for losing)
