|j|☆bupki
|j|☆eklyst
|html|bupkieklyst    
|uhtml|bestof|Game 3 of a best-of-3
|t:|1756940589
|gametype|doubles
|player|p1|bupki|miku-ghost|1148
|player|p2|eklyst|pokemaniac|1136
|gen|9
|tier|[Gen 9] VGC 2025 Reg H (Bo3)
|rated|
|rule|Species Clause: Limit one of each Pokémon
|rule|Item Clause: Limit 1 of each item
|clearpoke
|poke|p1|Ursaluna-Bloodmoon, L50, M|
|poke|p1|Smeargle, L50, F|
|poke|p1|Dragonite, L50, F|
|poke|p1|Gholdengo, L50|
|poke|p1|Sneasler, L50, F|
|poke|p1|Spiritomb, L50, F|
|poke|p2|Ursaluna-Bloodmoon, L50, M|
|poke|p2|Incineroar, L50, F|
|poke|p2|Rillaboom, L50, F|
|poke|p2|Farigiraf, L50, M|
|poke|p2|Sneasler, L50, M|
|poke|p2|Volcarona, L50, F|
|teampreview|4
|showteam|p1|Ursaluna-Bloodmoon||AssaultVest|MindsEye|HyperVoice,BloodMoon,EarthPower,VacuumWave|||M|||50|,,,,,Ghost]Smeargle||FocusSash|Moody|FakeOut,Decorate,FollowMe,Spore|||F|||50|,,,,,Grass]Dragonite||LoadedDice|Multiscale|ScaleShot,ExtremeSpeed,Protect,Tailwind|||F|||50|,,,,,Fairy]Gholdengo||LifeOrb|GoodasGold|MakeItRain,ShadowBall,Protect,NastyPlot||||||50|,,,,,Water]Sneasler||WhiteHerb|Unburden|FakeOut,DireClaw,Protect,CloseCombat|||F|||50|,,,,,Stellar]Spiritomb||Leftovers|Infiltrator|FoulPlay,Snarl,TrickRoom,WillOWisp|||F|||50|,,,,,Steel
|showteam|p2|Ursaluna-Bloodmoon||LifeOrb|MindsEye|HyperVoice,BloodMoon,EarthPower,Protect|||M|||50|,,,,,Normal]Incineroar||SitrusBerry|Intimidate|FakeOut,FlareBlitz,KnockOff,PartingShot|||F|||50|,,,,,Bug]Rillaboom||AssaultVest|GrassySurge|Uturn,WoodHammer,GrassyGlide,FakeOut|||F|||50|,,,,,Fire]Farigiraf||ThroatSpray|ArmorTail|HyperVoice,Protect,Psychic,TrickRoom|||M|||50|,,,,,Fairy]Sneasler||FocusSash|Unburden|CloseCombat,Protect,FakeOut,ThroatChop|||M|||50|,,,,,Dark]Volcarona||CovertCloak|FlameBody|HeatWave,Protect,StruggleBug,RagePowder|||F|||50|,,,,,Water
|inactive|Battle timer is ON: inactive players will automatically lose when time's up. (requested by bupki)
|
|t:|1756940643
|teamsize|p1|4
|teamsize|p2|4
|start
|switch|p1a: Smeargle|Smeargle, L50, F, shiny|100/100
|switch|p1b: Dragonite|Dragonite, L50, F|100/100
|switch|p2a: Volcarona|Volcarona, L50, F|100/100
|switch|p2b: Incineroar|Incineroar, L50, F|100/100
|-ability|p2b: Incineroar|Intimidate|boost
|-unboost|p1a: Smeargle|atk|1
|-unboost|p1b: Dragonite|atk|1
|turn|1
|
|t:|1756940667
|move|p2a: Volcarona|Protect|p2a: Volcarona
|-singleturn|p2a: Volcarona|Protect
|move|p1a: Smeargle|Fake Out|p2b: Incineroar
|-crit|p2b: Incineroar
|-damage|p2b: Incineroar|94/100
|move|p1b: Dragonite|Tailwind|p1b: Dragonite
|-sidestart|p1: bupki|move: Tailwind
|cant|p2b: Incineroar|flinch
|
|-ability|p1a: Smeargle|Moody|boost
|-boost|p1a: Smeargle|spe|2
|-unboost|p1a: Smeargle|spa|1
|upkeep
|turn|2
|inactive|bupki has 30 seconds left.
|
|t:|1756940694
|switch|p2a: Rillaboom|Rillaboom, L50, F|100/100
|-fieldstart|move: Grassy Terrain|[from] ability: Grassy Surge|[of] p2a: Rillaboom
|move|p1a: Smeargle|Spore|p2b: Incineroar
|-status|p2b: Incineroar|slp|[from] move: Spore
|move|p1b: Dragonite|Scale Shot|p2b: Incineroar
|-damage|p2b: Incineroar|86/100 slp
|-damage|p2b: Incineroar|78/100 slp
|-damage|p2b: Incineroar|70/100 slp
|-damage|p2b: Incineroar|62/100 slp
|-damage|p2b: Incineroar|54/100 slp
|-hitcount|p2b: Incineroar|5
|-unboost|p1b: Dragonite|def|1
|-boost|p1b: Dragonite|spe|1
|cant|p2b: Incineroar|slp
|
|-heal|p2b: Incineroar|60/100 slp|[from] Grassy Terrain
|-ability|p1a: Smeargle|Moody|boost
|-boost|p1a: Smeargle|def|2
|-unboost|p1a: Smeargle|spe|1
|upkeep
|turn|3
|j| stavraid
|inactive|bupki has 30 seconds left.
|inactive|eklyst has 30 seconds left.
|
|t:|1756940727
|move|p2a: Rillaboom|Fake Out|p1a: Smeargle
|-damage|p1a: Smeargle|84/100
|cant|p1a: Smeargle|flinch
|move|p1b: Dragonite|Scale Shot|p2a: Rillaboom
|-damage|p2a: Rillaboom|92/100
|-damage|p2a: Rillaboom|83/100
|-damage|p2a: Rillaboom|74/100
|-damage|p2a: Rillaboom|66/100
|-damage|p2a: Rillaboom|57/100
|-hitcount|p2a: Rillaboom|5
|-unboost|p1b: Dragonite|def|1
|-boost|p1b: Dragonite|spe|1
|-curestatus|p2b: Incineroar|slp|[msg]
|move|p2b: Incineroar|Knock Off|p1b: Dragonite
|-damage|p1b: Dragonite|53/100
|-enditem|p1b: Dragonite|Loaded Dice|[from] move: Knock Off|[of] p2b: Incineroar
|
|-heal|p1a: Smeargle|91/100|[from] Grassy Terrain
|-heal|p2a: Rillaboom|63/100|[from] Grassy Terrain
|-heal|p2b: Incineroar|66/100|[from] Grassy Terrain
|-ability|p1a: Smeargle|Moody|boost
|-boost|p1a: Smeargle|spe|2
|-unboost|p1a: Smeargle|def|1
|upkeep
|turn|4
|inactive|eklyst has 30 seconds left.
|
|t:|1756940753
|move|p2a: Rillaboom|Grassy Glide|p1a: Smeargle
|-damage|p1a: Smeargle|33/100
|move|p1a: Smeargle|Decorate|p1b: Dragonite
|-boost|p1b: Dragonite|atk|2
|-boost|p1b: Dragonite|spa|2
|move|p1b: Dragonite|Scale Shot|p2b: Incineroar
|-damage|p2b: Incineroar|51/100
|-damage|p2b: Incineroar|34/100
|-enditem|p2b: Incineroar|Sitrus Berry|[eat]
|-heal|p2b: Incineroar|59/100|[from] item: Sitrus Berry
|-damage|p2b: Incineroar|43/100
|-damage|p2b: Incineroar|25/100
|-hitcount|p2b: Incineroar|4
|-unboost|p1b: Dragonite|def|1
|-boost|p1b: Dragonite|spe|1
|move|p2b: Incineroar|Parting Shot|p1b: Dragonite
|-unboost|p1b: Dragonite|atk|1
|-unboost|p1b: Dragonite|spa|1
|
|t:|1756940774
|switch|p2b: Volcarona|Volcarona, L50, F|100/100|[from] Parting Shot
|
|-heal|p1a: Smeargle|39/100|[from] Grassy Terrain
|-heal|p2a: Rillaboom|69/100|[from] Grassy Terrain
|-sideend|p1: bupki|move: Tailwind
|-ability|p1a: Smeargle|Moody|boost
|-boost|p1a: Smeargle|spd|2
|-unboost|p1a: Smeargle|spa|1
|upkeep
|turn|5
|inactive|bupki has 30 seconds left.
|
|t:|1756940804
|switch|p1a: Spiritomb|Spiritomb, L50, F|100/100
|switch|p2b: Incineroar|Incineroar, L50, F|25/100
|-ability|p2b: Incineroar|Intimidate|boost
|-unboost|p1a: Spiritomb|atk|1
|-unboost|p1b: Dragonite|atk|1
|move|p2a: Rillaboom|Grassy Glide|p1a: Spiritomb
|-damage|p1a: Spiritomb|67/100
|move|p1b: Dragonite|Scale Shot|p2a: Rillaboom
|-damage|p2a: Rillaboom|60/100
|-damage|p2a: Rillaboom|51/100
|-hitcount|p2a: Rillaboom|2
|-unboost|p1b: Dragonite|def|1
|-boost|p1b: Dragonite|spe|1
|
|-heal|p2a: Rillaboom|57/100|[from] Grassy Terrain
|-heal|p2b: Incineroar|31/100|[from] Grassy Terrain
|-heal|p1a: Spiritomb|73/100|[from] Grassy Terrain
|-heal|p1a: Spiritomb|79/100|[from] item: Leftovers
|upkeep
|turn|6
|inactive|eklyst has 30 seconds left.
|
|t:|1756940832
|switch|p1b: Smeargle|Smeargle, L50, F, shiny|39/100
|move|p2a: Rillaboom|Wood Hammer|p1a: Spiritomb
|-damage|p1a: Spiritomb|13/100
|-damage|p2a: Rillaboom|40/100|[from] Recoil
|move|p2b: Incineroar|Knock Off|p1a: Spiritomb
|-damage|p1a: Spiritomb|0 fnt
|-enditem|p1a: Spiritomb|Leftovers|[from] move: Knock Off|[of] p2b: Incineroar
|faint|p1a: Spiritomb
|
|-heal|p1b: Smeargle|46/100|[from] Grassy Terrain
|-heal|p2a: Rillaboom|46/100|[from] Grassy Terrain
|-heal|p2b: Incineroar|37/100|[from] Grassy Terrain
|-fieldend|move: Grassy Terrain
|-ability|p1b: Smeargle|Moody|boost
|-boost|p1b: Smeargle|spd|2
|-unboost|p1b: Smeargle|atk|1
|upkeep
|
|t:|1756940846
|switch|p1a: Dragonite|Dragonite, L50, F|53/100
|turn|7
|
|t:|1756940857
|move|p1b: Smeargle|Decorate|p1a: Dragonite
|-boost|p1a: Dragonite|atk|2
|-boost|p1a: Dragonite|spa|2
|move|p1a: Dragonite|Scale Shot|p2a: Rillaboom
|-damage|p2a: Rillaboom|20/100
|-damage|p2a: Rillaboom|0 fnt
|faint|p2a: Rillaboom
|-hitcount|p2: Rillaboom|2
|-unboost|p1a: Dragonite|def|1
|-boost|p1a: Dragonite|spe|1
|move|p2b: Incineroar|Parting Shot|p1a: Dragonite
|-unboost|p1a: Dragonite|atk|1
|-unboost|p1a: Dragonite|spa|1
|
|t:|1756940871
|switch|p2b: Ursaluna|Ursaluna-Bloodmoon, L50, M|100/100|[from] Parting Shot
|
|-ability|p1b: Smeargle|Moody|boost
|-boost|p1b: Smeargle|def|2
|-unboost|p1b: Smeargle|spe|1
|upkeep
|
|t:|1756940877
|switch|p2a: Incineroar|Incineroar, L50, F|37/100
|-ability|p2a: Incineroar|Intimidate|boost
|-unboost|p1a: Dragonite|atk|1
|-unboost|p1b: Smeargle|atk|1
|turn|8
|
|t:|1756940888
|-terastallize|p2b: Ursaluna|Normal
|move|p2a: Incineroar|Fake Out|p1a: Dragonite
|-damage|p1a: Dragonite|35/100
|cant|p1a: Dragonite|flinch
|move|p1b: Smeargle|Spore|p2b: Ursaluna
|-status|p2b: Ursaluna|slp|[from] move: Spore
|cant|p2b: Ursaluna|slp
|
|-ability|p1b: Smeargle|Moody|boost
|-boost|p1b: Smeargle|spd|2
|-unboost|p1b: Smeargle|def|1
|upkeep
|turn|9
|
|t:|1756940904
|switch|p1a: Ursaluna|Ursaluna-Bloodmoon, L50, M|100/100
|move|p1b: Smeargle|Spore|p2a: Incineroar
|-status|p2a: Incineroar|slp|[from] move: Spore
|cant|p2b: Ursaluna|slp
|cant|p2a: Incineroar|slp
|
|-ability|p1b: Smeargle|Moody|boost
|-boost|p1b: Smeargle|atk|2
|-unboost|p1b: Smeargle|spa|1
|upkeep
|turn|10
|
|t:|1756940919
|-terastallize|p1a: Ursaluna|Ghost
|move|p1b: Smeargle|Decorate|p1a: Ursaluna
|-boost|p1a: Ursaluna|atk|2
|-boost|p1a: Ursaluna|spa|2
|-curestatus|p2b: Ursaluna|slp|[msg]
|move|p2b: Ursaluna|Hyper Voice|p1a: Ursaluna|[spread] p1a,p1b
|-damage|p1a: Ursaluna|55/100
|-damage|p1b: Smeargle|0 fnt
|faint|p1b: Smeargle
|-damage|p2b: Ursaluna|90/100|[from] item: Life Orb
|move|p1a: Ursaluna|Hyper Voice|p2a: Incineroar|[spread] p2a,p2b
|-damage|p2a: Incineroar|0 fnt
|-damage|p2b: Ursaluna|9/100
|faint|p2a: Incineroar
|
|upkeep
|
|t:|1756940942
|switch|p1b: Dragonite|Dragonite, L50, F|35/100
|switch|p2a: Volcarona|Volcarona, L50, F|100/100
|turn|11
|
|t:|1756940955
|move|p2b: Ursaluna|Protect|p2b: Ursaluna
|-singleturn|p2b: Ursaluna|Protect
|move|p1b: Dragonite|Extreme Speed|p2b: Ursaluna
|-activate|p2b: Ursaluna|move: Protect
|move|p2a: Volcarona|Heat Wave|p1b: Dragonite|[spread] p1a
|-miss|p2a: Volcarona|p1b: Dragonite
|-damage|p1a: Ursaluna|30/100
|move|p1a: Ursaluna|Blood Moon|p2a: Volcarona
|-damage|p2a: Volcarona|0 fnt
|faint|p2a: Volcarona
|
|upkeep
|turn|12
|
|t:|1756940973
|move|p1b: Dragonite|Extreme Speed|p2b: Ursaluna
|-damage|p2b: Ursaluna|0 fnt
|faint|p2b: Ursaluna
|
|win|bupki
|raw|bupki's rating: 1148 → 1172(+24 for winning)
|raw|eklyst's rating: 1136 → 1112(-24 for losing)
|l|☆bupki
|player|p1|
|l| stavraid
