|j|☆harrybxrry
|j|☆kDreamzzz
|html|harrybxrrykDreamzzz    
|uhtml|bestof|Game 1 of a best-of-3
|t:|1785690323
|gametype|doubles
|player|p1|harrybxrry|ingo|
|player|p2|kDreamzzz|169|
|gen|9
|tier|[Gen 9 Champions] VGC 2026 Reg M-B (Bo3)
|rule|Species Clause: Limit one of each Pokémon
|rule|Item Clause: Limit 1 of each item
|clearpoke
|poke|p1|Blastoise, L50, M|
|poke|p1|Orthworm, L50, F|
|poke|p1|Sylveon, L50, F, shiny|
|poke|p1|Incineroar, L50, M|
|poke|p1|Banette, L50, F|
|poke|p1|Kleavor, L50, M, shiny|
|poke|p2|Swampert, L50, F|
|poke|p2|Sableye, L50, F|
|poke|p2|Politoed, L50, F|
|poke|p2|Dragonite, L50, M|
|poke|p2|Tsareena, L50, F|
|poke|p2|Corviknight, L50, F|
|teampreview|4
|showteam|p1|Blastoise||Blastoisinite|RainDish|WaterSpout,DarkPulse,FakeOut,ShellSmash|Modest||M|||50|]Orthworm||ChopleBerry|EarthEater|BodyPress,ShedTail,HeavySlam,Protect|Careful||F|||50|]Sylveon||FairyFeather|Pixilate|HyperVoice,Detect,HyperBeam,QuickAttack|Modest||F|||50|]Incineroar||SitrusBerry|Intimidate|FakeOut,PartingShot,FlareBlitz,DarkestLariat|Careful||M|||50|]Banette||Banettite|Frisk|WillOWisp,Encore,Disable,Poltergeist|Adamant||F|||50|]Kleavor||FocusSash|Sharpness|StoneAxe,Protect,XScissor,Tailwind|Adamant||M|||50|
|showteam|p2|Swampert||Swampertite|Torrent|HighHorsepower,WaveCrash,Earthquake,Protect|Adamant||F|||50|]Sableye||KasibBerry|Prankster|Encore,Taunt,FoulPlay,LightScreen|Sassy||F|||50|]Politoed||SitrusBerry|Drizzle|HelpingHand,WeatherBall,Haze,IceBeam|Modest||F|||50|]Dragonite||Dragoninite|Multiscale|Protect,Hurricane,DracoMeteor,Thunder|Modest||M|||50|]Tsareena||WideLens|QueenlyMajesty|TropKick,LowKick,TripleAxel,Protect|Adamant||F|||50|]Corviknight||Leftovers|MirrorArmor|BraveBird,IronHead,Protect,Tailwind|Careful||F|||50|
|c|☆harrybxrry|my bad about that lol
|c|☆harrybxrry|ty
|c|☆kDreamzzz|np
|
|t:|1785690343
|teamsize|p1|4
|teamsize|p2|4
|start
|switch|p1a: NEO|Banette, L50, F|100/100
|switch|p1b: Wolfe|Incineroar, L50, M|100/100
|switch|p2a: Sableye|Sableye, L50, F|100/100
|switch|p2b: Politoed|Politoed, L50, F|100/100
|-weather|RainDance|[from] ability: Drizzle|[of] p2b: Politoed
|-item|p2a: Sableye|Kasib Berry|[from] ability: Frisk|[of] p1a: NEO
|-item|p2b: Politoed|Sitrus Berry|[from] ability: Frisk|[of] p1a: NEO
|-ability|p1b: Wolfe|Intimidate|boost
|-unboost|p2a: Sableye|atk|1
|-unboost|p2b: Politoed|atk|1
|turn|1
|
|t:|1785690371
|switch|p1a: Big Red Button|Sylveon, L50, F, shiny|100/100
|move|p1b: Wolfe|Fake Out|p2b: Politoed
|-damage|p2b: Politoed|87/100
|cant|p2b: Politoed|flinch
|move|p2a: Sableye|Foul Play|p1a: Big Red Button
|-resisted|p1a: Big Red Button|1
|-damage|p1a: Big Red Button|88/100
|
|-weather|RainDance|[upkeep]
|upkeep
|turn|2
|
|t:|1785690395
|move|p2a: Sableye|Light Screen|p2a: Sableye
|-sidestart|p2: kDreamzzz|move: Light Screen
|move|p2b: Politoed|Weather Ball|p1a: Big Red Button
|-damage|p1a: Big Red Button|36/100
|move|p1a: Big Red Button|Hyper Voice|p2a: Sableye|[spread] p2a,p2b
|-supereffective|p2a: Sableye|1
|-damage|p2a: Sableye|30/100
|-damage|p2b: Politoed|57/100
|move|p1b: Wolfe|Darkest Lariat|p2a: Sableye
|-damage|p2a: Sableye|0 fnt
|faint|p2a: Sableye
|
|-weather|RainDance|[upkeep]
|upkeep
|
|t:|1785690409
|switch|p2a: Swampert|Swampert, L50, F|100/100
|turn|3
|
|t:|1785690420
|switch|p2b: Corviknight|Corviknight, L50, F|100/100
|detailschange|p2a: Swampert|Swampert-Mega, L50, F
|-mega|p2a: Swampert|Swampert|Swampertite
|move|p1a: Big Red Button|Detect|p1a: Big Red Button
|-singleturn|p1a: Big Red Button|Protect
|move|p2a: Swampert|Earthquake|p1a: Big Red Button|[spread] p1b
|-activate|p1a: Big Red Button|move: Protect
|-immune|p2b: Corviknight
|-supereffective|p1b: Wolfe|1
|-damage|p1b: Wolfe|10/100
|-enditem|p1b: Wolfe|Sitrus Berry|[eat]
|-heal|p1b: Wolfe|35/100|[from] item: Sitrus Berry
|move|p1b: Wolfe|Parting Shot|p2a: Swampert
|-unboost|p2a: Swampert|atk|1
|-unboost|p2a: Swampert|spa|1
|
|t:|1785690435
|switch|p1b: NEO|Banette, L50, F|100/100|[from] Parting Shot
|-item|p2a: Swampert|Swampertite|[from] ability: Frisk|[of] p1b: NEO
|-item|p2b: Corviknight|Leftovers|[from] ability: Frisk|[of] p1b: NEO
|
|-weather|RainDance|[upkeep]
|upkeep
|turn|4
|
|t:|1785690474
|switch|p1a: Wolfe|Incineroar, L50, M|35/100
|-ability|p1a: Wolfe|Intimidate|boost
|-unboost|p2a: Swampert|atk|1
|-ability|p2b: Corviknight|Mirror Armor
|-unboost|p1a: Wolfe|atk|1
|detailschange|p1b: NEO|Banette-Mega, L50, F
|-mega|p1b: NEO|Banette|Banettite
|move|p1b: NEO|Will-O-Wisp|p2a: Swampert|[miss]
|-miss|p1b: NEO|p2a: Swampert
|move|p2a: Swampert|Earthquake|p1a: Wolfe|[spread] p1a,p1b
|-immune|p2b: Corviknight
|-supereffective|p1a: Wolfe|1
|-damage|p1a: Wolfe|0 fnt
|-damage|p1b: NEO|69/100
|faint|p1a: Wolfe
|move|p2b: Corviknight|Brave Bird|p1b: NEO
|-damage|p1b: NEO|19/100
|-damage|p2b: Corviknight|86/100|[from] Recoil
|
|-weather|RainDance|[upkeep]
|-heal|p2b: Corviknight|92/100|[from] item: Leftovers
|upkeep
|
|t:|1785690491
|switch|p1a: Sally|Orthworm, L50, F|100/100
|turn|5
|
|t:|1785690506
|switch|p2a: Politoed|Politoed, L50, F|57/100
|move|p1b: NEO|Poltergeist|p2b: Corviknight
|-activate|p2b: Corviknight|move: Poltergeist|Leftovers
|-damage|p2b: Corviknight|25/100
|move|p2b: Corviknight|Tailwind|p2b: Corviknight
|-sidestart|p2: kDreamzzz|move: Tailwind
|move|p1a: Sally|Shed Tail|p1a: Sally
|-start|p1a: Sally|Substitute|[from] move: Shed Tail
|-damage|p1a: Sally|50/100y
|
|t:|1785690518
|switch|p1a: Big Red Button|Sylveon, L50, F, shiny|36/100|[from] Shed Tail
|
|-weather|none
|-heal|p2b: Corviknight|31/100|[from] item: Leftovers
|upkeep
|turn|6
|
|t:|1785690548
|move|p2b: Corviknight|Protect|p2b: Corviknight
|-singleturn|p2b: Corviknight|Protect
|move|p1b: NEO|Encore|p2b: Corviknight
|-activate|p2b: Corviknight|move: Protect
|move|p2a: Politoed|Weather Ball|p1a: Big Red Button
|-activate|p1a: Big Red Button|move: Substitute|[damage]
|move|p1a: Big Red Button|Hyper Beam|p2a: Politoed
|-damage|p2a: Politoed|0 fnt
|-mustrecharge|p1a: Big Red Button
|faint|p2a: Politoed
|
|-heal|p2b: Corviknight|37/100|[from] item: Leftovers
|-sideend|p2: kDreamzzz|move: Light Screen
|upkeep
|
|t:|1785690560
|switch|p2a: Swampert|Swampert-Mega, L50, F|100/100
|turn|7
|
|t:|1785690587
|move|p1b: NEO|Encore|p2b: Corviknight
|-start|p2b: Corviknight|Encore
|move|p2b: Corviknight|Protect||[still]
|-fail|p2b: Corviknight
|move|p2a: Swampert|Earthquake|p1a: Big Red Button|[spread] p1a,p1b
|-immune|p2b: Corviknight
|-end|p1a: Big Red Button|Substitute
|-damage|p1b: NEO|0 fnt
|faint|p1b: NEO
|cant|p1a: Big Red Button|recharge
|
|-heal|p2b: Corviknight|43/100|[from] item: Leftovers
|upkeep
|
|t:|1785690597
|switch|p1b: Sally|Orthworm, L50, F|50/100y
|turn|8
|
|t:|1785690619
|move|p2b: Corviknight|Protect|p2b: Corviknight
|-singleturn|p2b: Corviknight|Protect
|move|p2a: Swampert|Wave Crash|p1a: Big Red Button
|-damage|p1a: Big Red Button|0 fnt
|faint|p1a: Big Red Button
|-damage|p2a: Swampert|87/100|[from] Recoil
|move|p1b: Sally|Body Press|p2a: Swampert
|-damage|p2a: Swampert|61/100
|
|-heal|p2b: Corviknight|49/100|[from] item: Leftovers
|-sideend|p2: kDreamzzz|move: Tailwind
|upkeep
|turn|9
|
|t:|1785690634
|move|p2b: Corviknight|Protect||[still]
|-fail|p2b: Corviknight
|move|p2a: Swampert|Wave Crash|p1b: Sally
|-damage|p1b: Sally|0 fnt
|faint|p1b: Sally
|-damage|p2a: Swampert|45/100|[from] Recoil
|
|win|kDreamzzz
||harrybxrry is ready for game 2.
||kDreamzzz is ready for game 2.
|uhtml|next|Next: Game 2 of 3
