|j|☆angelcwarrior
|j|☆DefNotAcheron
|html|angelcwarriorDefNotAcheron    
|uhtml|bestof|Game 1 of a best-of-3
|t:|1757656537
|gametype|doubles
|player|p1|angelcwarrior|roughneck-gen4|
|player|p2|DefNotAcheron|morty|
|gen|9
|tier|[Gen 9] VGC 2025 Reg H (Bo3)
|rule|Species Clause: Limit one of each Pokémon
|rule|Item Clause: Limit 1 of each item
|clearpoke
|poke|p1|Ursaluna, L50, F|
|poke|p1|Archaludon, L50, M|
|poke|p1|Kommo-o, L50, M|
|poke|p1|Pelipper, L50, F|
|poke|p1|Magmar, L50, F|
|poke|p1|Sableye, L50, M|
|poke|p2|Ursaluna, L50, M|
|poke|p2|Archaludon, L50, M|
|poke|p2|Kommo-o, L50, F|
|poke|p2|Pelipper, L50, F|
|poke|p2|Magmar, L50, F|
|poke|p2|Sableye, L50, M|
|teampreview|4
|showteam|p1|Ursaluna||FlameOrb|Guts|Earthquake,DrainPunch,Yawn,Protect|||F|||50|,,,,,Fighting]Archaludon||SitrusBerry|Stamina|ElectroShot,BodyPress,FlashCannon,Protect|||M|||50|,,,,,Fairy]Kommo-o||ThroatSpray|Overcoat|ClangorousSoul,ClangingScales,Boomburst,Protect|||M|||50|,,,,,Steel]Pelipper||CovertCloak|Drizzle|Tailwind,Hurricane,WeatherBall,WideGuard|||F|||50|,,,,,Flying]Magmar||Eviolite|VitalSpirit|FollowMe,ClearSmog,LowKick,Taunt|||F|||50|,,,,,Flying]Sableye||FocusSash|Prankster|FakeOut,Quash,FoulPlay,Encore|||M|||50|,,,,,Dark
|showteam|p2|Ursaluna||FlameOrb|Guts|Earthquake,DrainPunch,Yawn,Protect|||M|||50|,,,,,Fighting]Archaludon||SitrusBerry|Stamina|ElectroShot,BodyPress,FlashCannon,Protect|||M|||50|,,,,,Fairy]Kommo-o||ThroatSpray|Overcoat|ClangorousSoul,ClangingScales,Boomburst,Protect|||F|||50|,,,,,Steel]Pelipper||CovertCloak|Drizzle|Tailwind,Hurricane,WeatherBall,WideGuard|||F|||50|,,,,,Flying]Magmar||Eviolite|VitalSpirit|FollowMe,ClearSmog,LowKick,Taunt|||F|||50|,,,,,Flying]Sableye||FocusSash|Prankster|FakeOut,Quash,FoulPlay,Encore|||M|||50|,,,,,Dark
|
|t:|1757656571
|teamsize|p1|4
|teamsize|p2|4
|start
|switch|p1a: Ursaluna|Ursaluna, L50, F|100/100
|switch|p1b: Pelipper|Pelipper, L50, F|100/100
|switch|p2a: Sableye|Sableye, L50, M, shiny|100/100
|switch|p2b: Pelipper|Pelipper, L50, F|100/100
|-weather|RainDance|[from] ability: Drizzle|[of] p1b: Pelipper
|turn|1
|
|t:|1757656600
|switch|p1a: Archaludon|Archaludon, L50, M|100/100
|move|p2a: Sableye|Fake Out|p1b: Pelipper
|-crit|p1b: Pelipper
|-damage|p1b: Pelipper|87/100
|move|p1b: Pelipper|Tailwind|p1b: Pelipper
|-sidestart|p1: angelcwarrior|move: Tailwind
|move|p2b: Pelipper|Weather Ball|p1a: Archaludon
|-resisted|p1a: Archaludon
|-damage|p1a: Archaludon|56/100
|-ability|p1a: Archaludon|Stamina|boost
|-boost|p1a: Archaludon|def|1
|
|-weather|RainDance|[upkeep]
|upkeep
|turn|2
|
|t:|1757656647
|switch|p2b: Ursaluna|Ursaluna, L50, M|100/100
|move|p2a: Sableye|Encore|p1b: Pelipper
|-start|p1b: Pelipper|Encore
|move|p1a: Archaludon|Electro Shot||[still]
|-prepare|p1a: Archaludon|Electro Shot
|-boost|p1a: Archaludon|spa|1
|-anim|p1a: Archaludon|Electro Shot|p2a: Sableye
|-enditem|p2a: Sableye|Focus Sash
|-damage|p2a: Sableye|1/100
|move|p1b: Pelipper|Tailwind||[still]
|-fail|p1b: Pelipper
|
|-weather|RainDance|[upkeep]
|-status|p2b: Ursaluna|brn|[from] item: Flame Orb
|upkeep
|turn|3
|
|t:|1757656682
|switch|p1b: Ursaluna|Ursaluna, L50, F|100/100
|move|p1a: Archaludon|Protect|p1a: Archaludon
|-singleturn|p1a: Archaludon|Protect
|move|p2a: Sableye|Foul Play|p1b: Ursaluna
|-damage|p1b: Ursaluna|75/100
|move|p2b: Ursaluna|Earthquake|p1b: Ursaluna|[spread] p2a,p1b
|-activate|p1a: Archaludon|move: Protect
|-damage|p2a: Sableye|0 fnt
|-damage|p1b: Ursaluna|50/100
|faint|p2a: Sableye
|
|-weather|RainDance|[upkeep]
|-damage|p2b: Ursaluna|95/100 brn|[from] brn
|-status|p1b: Ursaluna|brn|[from] item: Flame Orb
|upkeep
|
|t:|1757656704
|switch|p2a: Pelipper|Pelipper, L50, F|100/100
|turn|4
|
|t:|1757656720
|-terastallize|p2b: Ursaluna|Fighting
|move|p1a: Archaludon|Body Press|p2b: Ursaluna
|-damage|p2b: Ursaluna|78/100 brn
|move|p1b: Ursaluna|Drain Punch|p2b: Ursaluna
|-damage|p2b: Ursaluna|60/100 brn
|-heal|p1b: Ursaluna|59/100 brn|[from] drain|[of] p2b: Ursaluna
|move|p2a: Pelipper|Weather Ball|p1b: Ursaluna
|-supereffective|p1b: Ursaluna
|-damage|p1b: Ursaluna|0 fnt
|faint|p1b: Ursaluna
|move|p2b: Ursaluna|Drain Punch|p1a: Archaludon
|-supereffective|p1a: Archaludon
|-damage|p1a: Archaludon|3/100
|-heal|p2b: Ursaluna|82/100 brn|[from] drain|[of] p1a: Archaludon
|-ability|p1a: Archaludon|Stamina|boost
|-boost|p1a: Archaludon|def|1
|-enditem|p1a: Archaludon|Sitrus Berry|[eat]
|-heal|p1a: Archaludon|28/100|[from] item: Sitrus Berry
|
|-weather|RainDance|[upkeep]
|-damage|p2b: Ursaluna|76/100 brn|[from] brn
|-sideend|p1: angelcwarrior|move: Tailwind
|upkeep
|
|t:|1757656736
|switch|p1b: Pelipper|Pelipper, L50, F|87/100
|turn|5
|
|t:|1757656759
|move|p1a: Archaludon|Protect|p1a: Archaludon
|-singleturn|p1a: Archaludon|Protect
|move|p2b: Ursaluna|Protect|p2b: Ursaluna
|-singleturn|p2b: Ursaluna|Protect
|move|p2a: Pelipper|Hurricane|p1b: Pelipper
|-damage|p1b: Pelipper|11/100
|move|p1b: Pelipper|Tailwind|p1b: Pelipper
|-sidestart|p1: angelcwarrior|move: Tailwind
|
|-weather|none
|-damage|p2b: Ursaluna|70/100 brn|[from] brn
|upkeep
|turn|6
|
|t:|1757656784
|switch|p1b: Magmar|Magmar, L50, F, shiny|100/100
|move|p2b: Ursaluna|Protect||[still]
|-fail|p2b: Ursaluna
|move|p1a: Archaludon|Electro Shot||[still]
|-prepare|p1a: Archaludon|Electro Shot
|-boost|p1a: Archaludon|spa|1
|move|p2a: Pelipper|Weather Ball|p1a: Archaludon
|-resisted|p1a: Archaludon
|-damage|p1a: Archaludon|19/100
|-ability|p1a: Archaludon|Stamina|boost
|-boost|p1a: Archaludon|def|1
|
|-damage|p2b: Ursaluna|64/100 brn|[from] brn
|upkeep
|turn|7
|
|t:|1757656817
|move|p1b: Magmar|Taunt|p2a: Pelipper
|-start|p2a: Pelipper|move: Taunt
|move|p1a: Archaludon|Electro Shot|p2b: Ursaluna|[from] lockedmove
|-damage|p2b: Ursaluna|0 fnt
|faint|p2b: Ursaluna
|move|p2a: Pelipper|Hurricane|p1b: Magmar
|-damage|p1b: Magmar|74/100
|
|upkeep
|
|t:|1757656826
|switch|p2b: Kommo-o|Kommo-o, L50, F|100/100
|turn|8
|
|t:|1757656846
|move|p1a: Archaludon|Protect|p1a: Archaludon
|-singleturn|p1a: Archaludon|Protect
|move|p1b: Magmar|Taunt|p2b: Kommo-o
|-start|p2b: Kommo-o|move: Taunt
|move|p2b: Kommo-o|Boomburst|p1b: Magmar|[spread] p2a,p1b
|-activate|p1a: Archaludon|move: Protect
|-damage|p2a: Pelipper|59/100
|-damage|p1b: Magmar|56/100
|-enditem|p2b: Kommo-o|Throat Spray
|-boost|p2b: Kommo-o|spa|1|[from] item: Throat Spray
|move|p2a: Pelipper|Hurricane|p1b: Magmar
|-damage|p1b: Magmar|26/100
|
|-sideend|p1: angelcwarrior|move: Tailwind
|upkeep
|turn|9
|
|t:|1757656890
|move|p1b: Magmar|Follow Me|p1b: Magmar
|-singleturn|p1b: Magmar|move: Follow Me
|move|p2b: Kommo-o|Boomburst|p1b: Magmar|[spread] p2a,p1a,p1b
|-resisted|p1a: Archaludon
|-damage|p2a: Pelipper|0 fnt
|-damage|p1a: Archaludon|0 fnt
|-damage|p1b: Magmar|0 fnt
|faint|p2a: Pelipper
|faint|p1a: Archaludon
|faint|p1b: Magmar
|
|upkeep
|
|t:|1757656900
|switch|p1b: Pelipper|Pelipper, L50, F|11/100
|-weather|RainDance|[from] ability: Drizzle|[of] p1b: Pelipper
|turn|10
|
|t:|1757656909
|-terastallize|p1b: Pelipper|Flying
|move|p2b: Kommo-o|Boomburst|p1b: Pelipper
|-damage|p1b: Pelipper|0 fnt
|faint|p1b: Pelipper
|
|win|DefNotAcheron
||angelcwarrior is ready for game 2.
|inactive|DefNotAcheron has 30 seconds to confirm battle start!
||DefNotAcheron is ready for game 2.
|uhtml|next|Next: Game 2 of 3
|l|☆DefNotAcheron
|player|p2|
