|j|☆Jon Mateo
|j|☆pablittoo
|html|Jon Mateopablittoo    
|uhtml|bestof|Game 1 of a best-of-3
|t:|1785761046
|gametype|doubles
|player|p1|Jon Mateo|1|1230
|player|p2|pablittoo|1|1327
|gen|9
|tier|[Gen 9 Champions] VGC 2026 Reg M-B (Bo3)
|rated|
|rule|Species Clause: Limit one of each Pokémon
|rule|Item Clause: Limit 1 of each item
|clearpoke
|poke|p1|Ninetales-Alola, L50, M|
|poke|p1|Milotic, L50, M|
|poke|p1|Scolipede, L50, M|
|poke|p1|Blaziken, L50, F|
|poke|p1|Aerodactyl, L50, M|
|poke|p1|Aegislash, L50, F|
|poke|p2|Whimsicott, L50, F|
|poke|p2|Floette-Eternal, L50, F|
|poke|p2|Garchomp, L50, M|
|poke|p2|Kingambit, L50, F|
|poke|p2|Rotom-Heat, L50|
|poke|p2|Basculegion, L50, M|
|teampreview|4
|showteam|p1|Ninetales-Alola||ChoiceScarf|SnowWarning|Blizzard,FreezeDry,Psyshock,Moonblast|Modest||M|||50|]Milotic||Leftovers|Competitive|Scald,Blizzard,Protect,Recover|Bold||M|||50|]Scolipede||Scolipite|SpeedBoost|Earthquake,PoisonJab,SwordsDance,Protect|Impish||M|||50|]Blaziken||FocusSash|SpeedBoost|Protect,CloseCombat,BlazeKick,Coaching|Adamant||F|||50|]Aerodactyl||Aerodactylite|Unnerve|DualWingbeat,RockSlide,Protect,Tailwind|Jolly||M|||50|]Aegislash||SpellTag|StanceChange|ShadowSneak,Poltergeist,IronHead,KingsShield|Adamant||F|||50|
|showteam|p2|Whimsicott||FocusSash|Prankster|Protect,Moonblast,Encore,Tailwind|Timid||F|||50|]Floette-Eternal||Floettite|FlowerVeil|Moonblast,DazzlingGleam,LightofRuin,Protect|Modest||F|||50|]Garchomp||LifeOrb|RoughSkin|StompingTantrum,RockSlide,DragonClaw,Protect|Jolly||M|||50|]Kingambit||BlackGlasses|Defiant|KowtowCleave,SuckerPunch,IronHead,Protect|Adamant||F|||50|]Rotom-Heat||ChoiceScarf|Levitate|Electroweb,VoltSwitch,Overheat,Thunderbolt|Timid|||||50|]Basculegion||MysticWater|Adaptability|WaveCrash,AquaJet,LastRespects,Protect|Adamant||M|||50|
|
|t:|1785761090
|teamsize|p1|4
|teamsize|p2|4
|start
|switch|p1a: Blaziken|Blaziken, L50, F|100/100
|switch|p1b: Aerodactyl|Aerodactyl, L50, M|100/100
|switch|p2a: Floette|Floette-Eternal, L50, F|100/100
|switch|p2b: Basculegion|Basculegion, L50, M|100/100
|-ability|p1b: Aerodactyl|Unnerve
|turn|1
|
|t:|1785761130
|detailschange|p2a: Floette|Floette-Mega, L50, F
|-mega|p2a: Floette|Floette|Floettite
|-ability|p2a: Floette|Fairy Aura
|move|p1b: Aerodactyl|Protect|p1b: Aerodactyl
|-singleturn|p1b: Aerodactyl|Protect
|move|p2a: Floette|Dazzling Gleam|p1a: Blaziken|[spread] p1a
|-activate|p1b: Aerodactyl|move: Protect
|-damage|p1a: Blaziken|20/100r
|move|p1a: Blaziken|Coaching|p1b: Aerodactyl
|-boost|p1b: Aerodactyl|atk|1
|-boost|p1b: Aerodactyl|def|1
|move|p2b: Basculegion|Wave Crash|p1b: Aerodactyl
|-activate|p1b: Aerodactyl|move: Protect
|
|-ability|p1a: Blaziken|Speed Boost|boost
|-boost|p1a: Blaziken|spe|1
|upkeep
|turn|2
|
|t:|1785761164
|detailschange|p1b: Aerodactyl|Aerodactyl-Mega, L50, M
|-mega|p1b: Aerodactyl|Aerodactyl|Aerodactylite
|move|p2a: Floette|Protect|p2a: Floette
|-singleturn|p2a: Floette|Protect
|move|p1b: Aerodactyl|Rock Slide|p2b: Basculegion|[spread] p2b
|-activate|p2a: Floette|move: Protect
|-damage|p2b: Basculegion|67/100
|move|p1a: Blaziken|Blaze Kick|p2a: Floette
|-activate|p2a: Floette|move: Protect
|cant|p2b: Basculegion|flinch
|
|-ability|p1a: Blaziken|Speed Boost|boost
|-boost|p1a: Blaziken|spe|1
|upkeep
|turn|3
|
|t:|1785761192
|move|p1b: Aerodactyl|Protect|p1b: Aerodactyl
|-singleturn|p1b: Aerodactyl|Protect
|move|p2b: Basculegion|Aqua Jet|p1a: Blaziken
|-supereffective|p1a: Blaziken|1
|-damage|p1a: Blaziken|0 fnt
|faint|p1a: Blaziken
|move|p2a: Floette|Moonblast|p1b: Aerodactyl
|-activate|p1b: Aerodactyl|move: Protect
|
|upkeep
|
|t:|1785761199
|switch|p1a: Aegislash|Aegislash, L50, F|100/100
|turn|4
|
|t:|1785761215
|-formechange|p1a: Aegislash|Aegislash-Blade|
|move|p1a: Aegislash|Shadow Sneak|p2b: Basculegion
|-supereffective|p2b: Basculegion|1
|-damage|p2b: Basculegion|5/100
|move|p1b: Aerodactyl|Rock Slide|p2b: Basculegion|[spread] p2a,p2b
|-damage|p2a: Floette|47/100
|-damage|p2b: Basculegion|0 fnt
|faint|p2b: Basculegion
|cant|p2a: Floette|flinch
|
|upkeep
|inactive|Battle timer is ON: inactive players will automatically lose when time's up. (requested by Jon Mateo)
|
|t:|1785761233
|switch|p2b: Whimsicott|Whimsicott, L50, F|100/100
|turn|5
|inactive|Jon Mateo has 30 seconds left.
|inactive|pablittoo has 30 seconds left.
|inactive|pablittoo has 20 seconds left.
|l|☆pablittoo
|inactive|pablittoo disconnected and has a minute to reconnect!
|player|p2|
|inactive|pablittoo has 15 seconds left.
|inactive|pablittoo has 10 seconds left.
|j|☆pablittoo
|inactive|pablittoo reconnected and has 10 seconds left.
|player|p2|pablittoo|1|
|
|t:|1785761282
|move|p2b: Whimsicott|Tailwind|p2b: Whimsicott
|-sidestart|p2: pablittoo|move: Tailwind
|move|p2a: Floette|Light of Ruin|p1b: Aerodactyl
|-damage|p1b: Aerodactyl|0 fnt
|faint|p1b: Aerodactyl
|-damage|p2a: Floette|0 fnt|[from] Recoil
|faint|p2a: Floette
|move|p1a: Aegislash|Iron Head|p2b: Whimsicott
|-supereffective|p2b: Whimsicott|1
|-enditem|p2b: Whimsicott|Focus Sash
|-damage|p2b: Whimsicott|1/100
|
|upkeep
|inactive|Jon Mateo has 30 seconds left.
|
|t:|1785761308
|switch|p1b: Ninetales|Ninetales-Alola, L50, M|100/100
|switch|p2a: Kingambit|Kingambit, L50, F|100/100
|-weather|Snowscape|[from] ability: Snow Warning|[of] p1b: Ninetales
|turn|6
|inactive|pablittoo has 30 seconds left.
|
|t:|1785761343
|move|p2b: Whimsicott|Protect|p2b: Whimsicott
|-singleturn|p2b: Whimsicott|Protect
|move|p1b: Ninetales|Blizzard|p2b: Whimsicott|[spread] p2a
|-activate|p2b: Whimsicott|move: Protect
|-resisted|p2a: Kingambit|1
|-damage|p2a: Kingambit|79/100
|-status|p2a: Kingambit|frz
|cant|p2a: Kingambit|frz
|move|p1a: Aegislash|Poltergeist|p2a: Kingambit|[miss]
|-miss|p1a: Aegislash|p2a: Kingambit
|
|-weather|Snowscape|[upkeep]
|upkeep
|turn|7
|inactive|pablittoo has 30 seconds left.
|
|t:|1785761372
|move|p2b: Whimsicott|Encore|p1a: Aegislash
|-start|p1a: Aegislash|Encore
|move|p1b: Ninetales|Blizzard|p2a: Kingambit|[spread] p2a,p2b
|-resisted|p2a: Kingambit|1
|-supereffective|p2b: Whimsicott|1
|-damage|p2a: Kingambit|62/100 frz
|-damage|p2b: Whimsicott|0 fnt
|faint|p2b: Whimsicott
|cant|p2a: Kingambit|frz
|move|p1a: Aegislash|Poltergeist|p2a: Kingambit
|-activate|p2a: Kingambit|move: Poltergeist|Black Glasses
|-resisted|p2a: Kingambit|1
|-damage|p2a: Kingambit|31/100 frz
|
|-weather|Snowscape|[upkeep]
|upkeep
|turn|8
|
|t:|1785761388
|move|p1b: Ninetales|Blizzard|p2a: Kingambit
|-resisted|p2a: Kingambit|1
|-damage|p2a: Kingambit|7/100 frz
|-curestatus|p2a: Kingambit|frz|[msg]
|move|p2a: Kingambit|Iron Head|p1b: Ninetales
|-supereffective|p1b: Ninetales|2
|-damage|p1b: Ninetales|0 fnt
|faint|p1b: Ninetales
|move|p1a: Aegislash|Poltergeist|p2a: Kingambit
|-activate|p2a: Kingambit|move: Poltergeist|Black Glasses
|-resisted|p2a: Kingambit|1
|-damage|p2a: Kingambit|0 fnt
|faint|p2a: Kingambit
|
|win|Jon Mateo
||Jon Mateo is ready for game 2.
|inactive|pablittoo has 30 seconds to confirm battle start!
|inactive|pablittoo has 20 seconds to confirm battle start!
|l|☆Jon Mateo
|player|p1|
|inactive|pablittoo has 10 seconds to confirm battle start!
|uhtml|next|Next: Game 2 of 3
