|j|☆labubumechanics
|j|☆ProtectThyKing34
|html|labubumechanicsProtectThyKing34    
|uhtml|bestof|Game 3 of a best-of-3
|t:|1784767052
|gametype|doubles
|player|p1|labubumechanics|101|1040
|player|p2|ProtectThyKing34|rocketgrunt|1136
|gen|9
|tier|[Gen 9 Champions] VGC 2026 Reg M-B (Bo3)
|rated|
|rule|Species Clause: Limit one of each Pokémon
|rule|Item Clause: Limit 1 of each item
|clearpoke
|poke|p1|Kommo-o, L50, F, shiny|
|poke|p1|Excadrill, L50, F, shiny|
|poke|p1|Tyranitar, L50, M|
|poke|p1|Grimmsnarl, L50, M|
|poke|p1|Scovillain, L50, M|
|poke|p1|Basculegion, L50, M|
|poke|p2|Delphox, L50, M|
|poke|p2|Incineroar, L50, F|
|poke|p2|Sneasler, L50, M|
|poke|p2|Sinistcha, L50|
|poke|p2|Kingambit, L50, M|
|poke|p2|Blastoise, L50, M|
|teampreview|4
|showteam|p1|Kommo-o||Leftovers|Overcoat|ClangingScales,ClangorousSoul,AuraSphere,Protect|Modest||F|||50|]Excadrill||LifeOrb|SandRush|HighHorsepower,RockSlide,IronHead,Protect|Adamant||F|||50|]Tyranitar||Tyranitarite|SandStream|DragonDance,RockSlide,KnockOff,Protect|Jolly||M|||50|]Grimmsnarl||LightClay|Prankster|SpiritBreak,LightScreen,Reflect,FakeOut|Impish||M|||50|]Scovillain||Scovillainite|Moody|Protect,RagePowder,Overheat,EnergyBall|Bold||M|||50|]Basculegion||ChoiceScarf|Adaptability|WaveCrash,LastRespects,AquaJet,FlipTurn|Adamant||M|||50|
|showteam|p2|Delphox||Delphoxite|Blaze|NastyPlot,Protect,Psyshock,HeatWave|Timid||M|||50|]Incineroar||SitrusBerry|Intimidate|FakeOut,PartingShot,FlareBlitz,DarkestLariat|Impish||F|||50|]Sneasler||FocusSash|PoisonTouch|GunkShot,FakeOut,CloseCombat,QuickGuard|Jolly||M|||50|]Sinistcha||OccaBerry|Hospitality|MatchaGotcha,RagePowder,TrickRoom,Protect|Calm|||||50|]Kingambit||BlackGlasses|Defiant|SuckerPunch,KowtowCleave,LowKick,Protect|Adamant||M|||50|]Blastoise||Blastoisinite|RainDish|ShellSmash,WaterSpout,DarkPulse,Protect|Timid||M|||50|
|inactive|Battle timer is ON: inactive players will automatically lose when time's up. (requested by ProtectThyKing34)
|
|t:|1784767098
|teamsize|p1|4
|teamsize|p2|4
|start
|switch|p1a: Excadrill|Excadrill, L50, F, shiny|100/100
|switch|p1b: Basculegion|Basculegion, L50, M|100/100
|switch|p2a: Sneasler|Sneasler, L50, M|100/100
|switch|p2b: Delphox|Delphox, L50, M|100/100
|turn|1
|
|t:|1784767122
|switch|p2b: Sinistcha|Sinistcha, L50|100/100
|move|p1a: Excadrill|Protect|p1a: Excadrill
|-singleturn|p1a: Excadrill|Protect
|move|p1b: Basculegion|Flip Turn|p2b: Sinistcha
|-resisted|p2b: Sinistcha|1
|-damage|p2b: Sinistcha|82/100
|
|t:|1784767131
|switch|p1b: Scovillain|Scovillain, L50, M|100/100|[from] Flip Turn
|move|p2a: Sneasler|Close Combat|p1a: Excadrill
|-activate|p1a: Excadrill|move: Protect
|
|-ability|p1b: Scovillain|Moody|boost
|-boost|p1b: Scovillain|def|2
|-unboost|p1b: Scovillain|spe|1
|upkeep
|turn|2
|j| combee54
|
|t:|1784767155
|switch|p1a: Basculegion|Basculegion, L50, M|100/100
|switch|p2b: Incineroar|Incineroar, L50, F|100/100
|-ability|p2b: Incineroar|Intimidate|boost
|-unboost|p1a: Basculegion|atk|1
|-unboost|p1b: Scovillain|atk|1
|detailschange|p1b: Scovillain|Scovillain-Mega, L50, M
|-mega|p1b: Scovillain|Scovillain|Scovillainite
|move|p2a: Sneasler|Gunk Shot|p1b: Scovillain
|-supereffective|p1b: Scovillain|1
|-damage|p1b: Scovillain|39/100
|-status|p2a: Sneasler|brn|[from] ability: Spicy Spray|[of] p1b: Scovillain
|move|p1b: Scovillain|Overheat|p2b: Incineroar
|-resisted|p2b: Incineroar|1
|-damage|p2b: Incineroar|76/100
|-unboost|p1b: Scovillain|spa|2
|
|-damage|p2a: Sneasler|94/100 brn|[from] brn
|upkeep
|turn|3
|
|t:|1784767179
|switch|p2a: Sinistcha|Sinistcha, L50|82/100
|-heal|p2b: Incineroar|100/100|[from] ability: Hospitality|[of] p2a: Sinistcha
|move|p1b: Scovillain|Protect|p1b: Scovillain
|-singleturn|p1b: Scovillain|Protect
|move|p1a: Basculegion|Flip Turn|p2a: Sinistcha
|-resisted|p2a: Sinistcha|1
|-damage|p2a: Sinistcha|71/100
|
|t:|1784767184
|switch|p1a: Excadrill|Excadrill, L50, F, shiny|100/100|[from] Flip Turn
|move|p2b: Incineroar|Darkest Lariat|p1a: Excadrill
|-damage|p1a: Excadrill|53/100
|
|upkeep
|turn|4
|c| combee54|lucky def boost
|
|t:|1784767204
|switch|p1b: Tyranitar|Tyranitar, L50, M|100/100
|-weather|Sandstorm|[from] ability: Sand Stream|[of] p1b: Tyranitar
|move|p1a: Excadrill|Rock Slide|p2a: Sinistcha|[spread] p2a,p2b
|-supereffective|p2b: Incineroar|1
|-damage|p2a: Sinistcha|47/100
|-damage|p2b: Incineroar|53/100
|-damage|p1a: Excadrill|44/100|[from] item: Life Orb
|cant|p2a: Sinistcha|flinch
|move|p2b: Incineroar|Darkest Lariat|p1b: Tyranitar
|-resisted|p1b: Tyranitar|1
|-damage|p1b: Tyranitar|84/100
|
|-weather|Sandstorm|[upkeep]
|-damage|p2a: Sinistcha|41/100|[from] Sandstorm
|-damage|p2b: Incineroar|47/100|[from] Sandstorm
|-enditem|p2b: Incineroar|Sitrus Berry|[eat]
|-heal|p2b: Incineroar|72/100|[from] item: Sitrus Berry
|upkeep
|turn|5
|
|t:|1784767226
|switch|p2b: Sneasler|Sneasler, L50, M|94/100 brn
|move|p1a: Excadrill|Protect|p1a: Excadrill
|-singleturn|p1a: Excadrill|Protect
|move|p2a: Sinistcha|Rage Powder|p2a: Sinistcha
|-singleturn|p2a: Sinistcha|move: Rage Powder
|move|p1b: Tyranitar|Dragon Dance|p1b: Tyranitar
|-boost|p1b: Tyranitar|atk|1
|-boost|p1b: Tyranitar|spe|1
|
|-weather|Sandstorm|[upkeep]
|-damage|p2b: Sneasler|88/100 brn|[from] Sandstorm
|-damage|p2a: Sinistcha|35/100|[from] Sandstorm
|-damage|p2b: Sneasler|82/100 brn|[from] brn
|upkeep
|turn|6
|
|t:|1784767250
|switch|p2a: Incineroar|Incineroar, L50, F|72/100
|-ability|p2a: Incineroar|Intimidate|boost
|-unboost|p1a: Excadrill|atk|1
|-unboost|p1b: Tyranitar|atk|1
|move|p1a: Excadrill|Rock Slide|p2b: Sneasler|[spread] p2a,p2b
|-supereffective|p2a: Incineroar|1
|-resisted|p2b: Sneasler|1
|-damage|p2a: Incineroar|45/100
|-damage|p2b: Sneasler|66/100 brn
|-damage|p1a: Excadrill|34/100|[from] item: Life Orb
|move|p2b: Sneasler|Close Combat|p1b: Tyranitar
|-supereffective|p1b: Tyranitar|2
|-damage|p1b: Tyranitar|0 fnt
|-unboost|p2b: Sneasler|def|1
|-unboost|p2b: Sneasler|spd|1
|faint|p1b: Tyranitar
|
|-weather|Sandstorm|[upkeep]
|-damage|p2b: Sneasler|61/100 brn|[from] Sandstorm
|-damage|p2a: Incineroar|39/100|[from] Sandstorm
|-damage|p2b: Sneasler|55/100 brn|[from] brn
|upkeep
|
|t:|1784767265
|switch|p1b: Basculegion|Basculegion, L50, M|100/100
|turn|7
|
|t:|1784767278
|switch|p2a: Sinistcha|Sinistcha, L50|35/100
|-heal|p2b: Sneasler|80/100 brn|[from] ability: Hospitality|[of] p2a: Sinistcha
|move|p1a: Excadrill|High Horsepower|p2b: Sneasler
|-supereffective|p2b: Sneasler|1
|-damage|p2b: Sneasler|0 fnt
|faint|p2b: Sneasler
|-damage|p1a: Excadrill|25/100|[from] item: Life Orb
|move|p1b: Basculegion|Flip Turn|p2a: Sinistcha
|-resisted|p2a: Sinistcha|1
|-damage|p2a: Sinistcha|17/100
|
|t:|1784767282
|switch|p1b: Scovillain|Scovillain-Mega, L50, M|39/100|[from] Flip Turn
|
|-weather|Sandstorm|[upkeep]
|-damage|p1b: Scovillain|33/100|[from] Sandstorm
|-damage|p2a: Sinistcha|11/100|[from] Sandstorm
|upkeep
|
|t:|1784767293
|switch|p2b: Incineroar|Incineroar, L50, F|39/100
|-ability|p2b: Incineroar|Intimidate|boost
|-unboost|p1a: Excadrill|atk|1
|-unboost|p1b: Scovillain|atk|1
|turn|8
|
|t:|1784767312
|move|p1a: Excadrill|High Horsepower|p2b: Incineroar
|-supereffective|p2b: Incineroar|1
|-damage|p2b: Incineroar|0 fnt
|faint|p2b: Incineroar
|-damage|p1a: Excadrill|15/100|[from] item: Life Orb
|move|p1b: Scovillain|Overheat|p2a: Sinistcha
|-supereffective|p2a: Sinistcha|1
|-enditem|p2a: Sinistcha|Occa Berry|[eat]
|-enditem|p2a: Sinistcha|Occa Berry|[weaken]
|-damage|p2a: Sinistcha|0 fnt
|-unboost|p1b: Scovillain|spa|2
|faint|p2a: Sinistcha
|
|-weather|none
|upkeep
|
|t:|1784767321
|switch|p2b: Delphox|Delphox, L50, M|100/100
|turn|9
|c|☆ProtectThyKing34|gg
|
|t:|1784767346
|detailschange|p2b: Delphox|Delphox-Mega, L50, M
|-mega|p2b: Delphox|Delphox|Delphoxite
|move|p1b: Scovillain|Protect|p1b: Scovillain
|-singleturn|p1b: Scovillain|Protect
|move|p2b: Delphox|Heat Wave|p1b: Scovillain|[spread] p1a
|-activate|p1b: Scovillain|move: Protect
|-supereffective|p1a: Excadrill|1
|-crit|p1a: Excadrill
|-damage|p1a: Excadrill|0 fnt
|faint|p1a: Excadrill
|
|upkeep
|c| combee54|yea delph could get these two but not basc
|
|t:|1784767353
|switch|p1a: Basculegion|Basculegion, L50, M|100/100
|turn|10
|
|t:|1784767360
|move|p1b: Scovillain|Rage Powder|p1b: Scovillain
|-singleturn|p1b: Scovillain|move: Rage Powder
|move|p2b: Delphox|Heat Wave|p1a: Basculegion|[spread] p1a,p1b
|-resisted|p1a: Basculegion|1
|-damage|p1a: Basculegion|75/100
|-damage|p1b: Scovillain|0 fnt
|-status|p1a: Basculegion|brn
|-immune|p2b: Delphox
|faint|p1b: Scovillain
|move|p1a: Basculegion|Last Respects|p2b: Delphox
|-supereffective|p2b: Delphox|1
|-damage|p2b: Delphox|0 fnt
|faint|p2b: Delphox
|
|win|labubumechanics
|raw|labubumechanics's rating: 1040 → 1083(+43 for winning)
|raw|ProtectThyKing34's rating: 1136 → 1104(-32 for losing)
|c|☆labubumechanics|gg
