|j|☆merr123
|j|☆BerryCekodok
|html|merr123BerryCekodok    
|uhtml|bestof|Game 2 of a best-of-3
|t:|1756887620
|gametype|doubles
|player|p1|merr123|sisandbro|1188
|player|p2|BerryCekodok|2|1129
|gen|9
|tier|[Gen 9] VGC 2025 Reg H (Bo3)
|rated|
|rule|Species Clause: Limit one of each Pokémon
|rule|Item Clause: Limit 1 of each item
|clearpoke
|poke|p1|Sneasler, L50, F|
|poke|p1|Gholdengo, L50|
|poke|p1|Amoonguss, L50, M|
|poke|p1|Incineroar, L50, F|
|poke|p1|Ursaluna-Bloodmoon, L50, M|
|poke|p1|Farigiraf, L50, M|
|poke|p2|Porygon2, L50|
|poke|p2|Ursaluna, L50, M|
|poke|p2|Gholdengo, L50|
|poke|p2|Flamigo, L50, F|
|poke|p2|Incineroar, L50, F|
|poke|p2|Amoonguss, L50, M|
|teampreview|4
|showteam|p1|Sneasler||ClearAmulet|PoisonTouch|FakeOut,CloseCombat,DireClaw,Protect|||F|||50|,,,,,Water]Gholdengo||MetalCoat|GoodasGold|NastyPlot,MakeItRain,ShadowBall,Protect||||||50|,,,,,Water]Amoonguss||MentalHerb|Regenerator|Spore,RagePowder,PollenPuff,Protect|||M|||50|,,,,,Water]Incineroar||SafetyGoggles|Intimidate|FakeOut,FlareBlitz,KnockOff,PartingShot|||F|||50|,,,,,Ghost]Ursaluna-Bloodmoon||LifeOrb|MindsEye|CalmMind,EarthPower,BloodMoon,Protect|||M|||50|,,,,,Poison]Farigiraf||ThroatSpray|ArmorTail|HyperVoice,Psychic,TrickRoom,Protect|||M|||50|,,,,,Dragon
|showteam|p2|Porygon2||Eviolite|Download|TeraBlast,IceBeam,TrickRoom,Recover||||||50|,,,,,Fighting]Ursaluna||FlameOrb|Guts|Facade,HeadlongRush,Earthquake,Protect|||M|||50|,,,,,Ghost]Gholdengo||LifeOrb|GoodasGold|MakeItRain,ShadowBall,Protect,NastyPlot||||||50|,,,,,Dragon]Flamigo||FocusSash|Scrappy|CloseCombat,BraveBird,Protect,WideGuard|||F|||50|,,,,,Stellar]Incineroar||SafetyGoggles|Intimidate|FlareBlitz,KnockOff,FakeOut,PartingShot|||F|||50|,,,,,Ghost]Amoonguss||SitrusBerry|Regenerator|PollenPuff,Protect,Spore,RagePowder|||M|||50|,,,,,Water
|inactive|Battle timer is ON: inactive players will automatically lose when time's up. (requested by merr123)
|inactive|merr123 has 60 seconds left.
|inactive|BerryCekodok has 60 seconds left.
|inactive|BerryCekodok has 30 seconds left.
|
|t:|1756887682
|teamsize|p1|4
|teamsize|p2|4
|start
|switch|p1a: Farigiraf|Farigiraf, L50, M|100/100
|switch|p1b: Incineroar|Incineroar, L50, F|100/100
|switch|p2a: Noodle|Flamigo, L50, F|100/100
|switch|p2b: Bling|Gholdengo, L50|100/100
|-ability|p1b: Incineroar|Intimidate|boost
|-fail|p2a: Noodle|unboost|Attack|[from] ability: Scrappy|[of] p2a: Noodle
|-unboost|p2b: Bling|atk|1
|turn|1
|inactive|BerryCekodok has 30 seconds left.
|inactive|BerryCekodok has 20 seconds left.
|inactive|BerryCekodok has 15 seconds left.
|inactive|BerryCekodok has 10 seconds left.
|inactive|BerryCekodok has 5 seconds left.
|
|t:|1756887736
|move|p1b: Incineroar|Fake Out|p2a: Noodle
|-damage|p2a: Noodle|83/100
|cant|p2a: Noodle|flinch
|move|p2b: Bling|Nasty Plot|p2b: Bling
|-boost|p2b: Bling|spa|2
|move|p1a: Farigiraf|Trick Room|p1a: Farigiraf
|-fieldstart|move: Trick Room|[of] p1a: Farigiraf
|
|upkeep
|turn|2
|inactive|merr123 has 30 seconds left.
|inactive|BerryCekodok has 30 seconds left.
|inactive|merr123 has 20 seconds left.
|inactive|BerryCekodok has 20 seconds left.
|inactive|BerryCekodok has 15 seconds left.
|inactive|BerryCekodok has 10 seconds left.
|
|t:|1756887781
|switch|p2a: Hunter|Incineroar, L50, F|100/100
|-ability|p2a: Hunter|Intimidate|boost
|-unboost|p1a: Farigiraf|atk|1
|-unboost|p1b: Incineroar|atk|1
|-terastallize|p2b: Bling|Dragon
|move|p1a: Farigiraf|Hyper Voice|p2a: Hunter|[spread] p2a,p2b
|-damage|p2a: Hunter|74/100
|-damage|p2b: Bling|66/100
|-enditem|p1a: Farigiraf|Throat Spray
|-boost|p1a: Farigiraf|spa|1|[from] item: Throat Spray
|move|p1b: Incineroar|Knock Off|p2b: Bling
|-damage|p2b: Bling|31/100
|-enditem|p2b: Bling|Life Orb|[from] move: Knock Off|[of] p1b: Incineroar
|move|p2b: Bling|Make It Rain|p1b: Incineroar|[spread] p1a,p1b
|-resisted|p1b: Incineroar
|-damage|p1a: Farigiraf|20/100
|-damage|p1b: Incineroar|64/100
|-unboost|p2b: Bling|spa|1
|
|upkeep
|turn|3
|inactive|BerryCekodok has 30 seconds left.
|inactive|BerryCekodok has 20 seconds left.
|inactive|BerryCekodok has 15 seconds left.
|
|t:|1756887824
|switch|p2b: Umbrella|Amoonguss, L50, M|100/100
|move|p1a: Farigiraf|Protect|p1a: Farigiraf
|-singleturn|p1a: Farigiraf|Protect
|move|p1b: Incineroar|Parting Shot|p2a: Hunter
|-unboost|p2a: Hunter|atk|1
|-unboost|p2a: Hunter|spa|1
|
|t:|1756887833
|switch|p1b: Ursaluna|Ursaluna-Bloodmoon, L50, M|100/100|[from] Parting Shot
|move|p2a: Hunter|Knock Off|p1a: Farigiraf
|-activate|p1a: Farigiraf|move: Protect
|
|upkeep
|turn|4
|
|t:|1756887844
|move|p2b: Umbrella|Spore|p1b: Ursaluna
|-status|p1b: Ursaluna|slp|[from] move: Spore
|move|p1a: Farigiraf|Psychic|p2b: Umbrella
|-supereffective|p2b: Umbrella
|-damage|p2b: Umbrella|1/100
|-enditem|p2b: Umbrella|Sitrus Berry|[eat]
|-heal|p2b: Umbrella|26/100|[from] item: Sitrus Berry
|move|p2a: Hunter|Knock Off|p1a: Farigiraf
|-supereffective|p1a: Farigiraf
|-damage|p1a: Farigiraf|0 fnt
|faint|p1a: Farigiraf
|cant|p1b: Ursaluna|slp
|
|upkeep
|
|t:|1756887861
|switch|p1a: Incineroar|Incineroar, L50, F|64/100
|-ability|p1a: Incineroar|Intimidate|boost
|-unboost|p2a: Hunter|atk|1
|-unboost|p2b: Umbrella|atk|1
|turn|5
|inactive|merr123 has 30 seconds left.
|inactive|BerryCekodok has 30 seconds left.
|inactive|BerryCekodok has 20 seconds left.
|inactive|BerryCekodok has 15 seconds left.
|inactive|BerryCekodok has 10 seconds left.
|inactive|BerryCekodok has 5 seconds left.
|
|t:|1756887916
|move|p2b: Umbrella|Pollen Puff|p1b: Ursaluna
|-damage|p1b: Ursaluna|81/100 slp
|move|p2a: Hunter|Flare Blitz|p1b: Ursaluna
|-damage|p1b: Ursaluna|63/100 slp
|-damage|p2a: Hunter|68/100|[from] Recoil
|move|p1a: Incineroar|Flare Blitz|p2b: Umbrella
|-supereffective|p2b: Umbrella
|-damage|p2b: Umbrella|0 fnt
|faint|p2b: Umbrella
|-damage|p1a: Incineroar|54/100|[from] Recoil
|-curestatus|p1b: Ursaluna|slp|[msg]
|move|p1b: Ursaluna|Calm Mind|p1b: Ursaluna
|-boost|p1b: Ursaluna|spa|1
|-boost|p1b: Ursaluna|spd|1
|
|-fieldend|move: Trick Room
|upkeep
|
|t:|1756887928
|switch|p2b: Noodle|Flamigo, L50, F|83/100
|turn|6
|inactive|BerryCekodok has 30 seconds left.
|
|t:|1756887967
|-terastallize|p1b: Ursaluna|Poison
|move|p2b: Noodle|Close Combat|p1b: Ursaluna
|-resisted|p1b: Ursaluna
|-damage|p1b: Ursaluna|43/100
|-unboost|p2b: Noodle|def|1
|-unboost|p2b: Noodle|spd|1
|move|p1b: Ursaluna|Earth Power|p2a: Hunter
|-supereffective|p2a: Hunter
|-damage|p2a: Hunter|0 fnt
|faint|p2a: Hunter
|-damage|p1b: Ursaluna|34/100|[from] item: Life Orb
|move|p1a: Incineroar|Flare Blitz|p2b: Noodle
|-damage|p2b: Noodle|0 fnt
|faint|p2b: Noodle
|-damage|p1a: Incineroar|33/100|[from] Recoil
|
|upkeep
|
|t:|1756887973
|switch|p2b: Bling|Gholdengo, L50, tera:Dragon|31/100
|turn|7
|
|t:|1756887989
|move|p2b: Bling|Make It Rain|p1a: Incineroar|[spread] p1a,p1b
|-resisted|p1a: Incineroar
|-damage|p1a: Incineroar|14/100
|-damage|p1b: Ursaluna|4/100
|-unboost|p2b: Bling|spa|1
|move|p1b: Ursaluna|Earth Power|p2b: Bling
|-damage|p2b: Bling|0 fnt
|faint|p2b: Bling
|-damage|p1b: Ursaluna|0 fnt|[from] item: Life Orb
|faint|p1b: Ursaluna
|
|win|merr123
