|j|☆blisswy
|j|☆raineyluvsu
|html|blisswyraineyluvsu    
|uhtml|bestof|Game 2 of a best-of-3
|t:|1783723104
|gametype|doubles
|player|p1|blisswy|lady-gen4|
|player|p2|raineyluvsu|169|
|gen|9
|tier|[Gen 9 Champions] VGC 2026 Reg M-B (Bo3)
|rule|Species Clause: Limit one of each Pokémon
|rule|Item Clause: Limit 1 of each item
|clearpoke
|poke|p1|Gholdengo, L50, shiny|
|poke|p1|Lopunny, L50, M, shiny|
|poke|p1|Garchomp, L50, M|
|poke|p1|Pelipper, L50, M|
|poke|p1|Sinistcha, L50|
|poke|p1|Archaludon, L50, M, shiny|
|poke|p2|Metagross, L50|
|poke|p2|Basculegion, L50, M|
|poke|p2|Blaziken, L50, M|
|poke|p2|Politoed, L50, F|
|poke|p2|Tsareena, L50, F|
|poke|p2|Kingambit, L50, M|
|teampreview|4
|showteam|p1|Gholdengo||MetalCoat|GoodasGold|MakeItRain,ShadowBall,Protect,NastyPlot|Modest|||||50|]Lopunny||Lopunnite|CuteCharm|FakeOut,CloseCombat,IcePunch,Uturn|Jolly||M|||50|]Garchomp||LifeOrb|RoughSkin|RockSlide,Earthquake,Protect,DragonClaw|Jolly||M|||50|]Pelipper||SitrusBerry|Drizzle|Hurricane,WeatherBall,WideGuard,Tailwind|Modest||M|||50|]Sinistcha||KasibBerry|Hospitality|Protect,TrickRoom,RagePowder,MatchaGotcha|Relaxed|||||50|]Archaludon||Leftovers|Stamina|ElectroShot,FlashCannon,DragonPulse,Protect|Modest||M|||50|
|showteam|p2|Metagross||Metagrossite|ClearBody|IronHead,PsychicFangs,StompingTantrum,Protect|Jolly|||||50|]Basculegion||LifeOrb|Adaptability|WaveCrash,LastRespects,AquaJet,Protect|Jolly||M|||50|]Blaziken||FocusSash|SpeedBoost|Overheat,AuraSphere,Coaching,Detect|Modest||M|||50|]Politoed||SitrusBerry|Drizzle|WeatherBall,IceBeam,PerishSong,Protect|Bold||F|||50|]Tsareena||ChoiceScarf|QueenlyMajesty|TropKick,TripleAxel,LowKick,Uturn|Jolly||F|||50|]Kingambit||BlackGlasses|Defiant|KowtowCleave,SuckerPunch,SwordsDance,Protect|Brave||M|||50|
|j| YamperIsTheBest
|j| TemporalDonut
|j| NorfOrSomething
|c|☆blisswy|1 sec plz
|c|☆raineyluvsu|ok
|c|☆raineyluvsu|npp
|j| Evelyie
|c|☆blisswy|hi im back
|c|☆raineyluvsu|hihi
|c|☆raineyluvsu|im rdy :)
|
|t:|1783723215
|teamsize|p1|4
|teamsize|p2|4
|start
|switch|p1a: Lopunny|Lopunny, L50, M, shiny|100/100
|switch|p1b: Archaludon|Archaludon, L50, M, shiny|100/100
|switch|p2a: Blaziken|Blaziken, L50, M|100/100
|switch|p2b: Metagross|Metagross, L50|100/100
|turn|1
|
|t:|1783723254
|switch|p1a: Pelipper|Pelipper, L50, M|100/100
|-weather|RainDance|[from] ability: Drizzle|[of] p1a: Pelipper
|detailschange|p2b: Metagross|Metagross-Mega, L50
|-mega|p2b: Metagross|Metagross|Metagrossite
|move|p2b: Metagross|Stomping Tantrum|p1b: Archaludon
|-supereffective|p1b: Archaludon|1
|-damage|p1b: Archaludon|50/100g
|-ability|p1b: Archaludon|Stamina|boost
|-boost|p1b: Archaludon|def|1
|move|p2a: Blaziken|Aura Sphere|p1b: Archaludon
|-supereffective|p1b: Archaludon|1
|-damage|p1b: Archaludon|0 fnt
|faint|p1b: Archaludon
|
|-weather|RainDance|[upkeep]
|-ability|p2a: Blaziken|Speed Boost|boost
|-boost|p2a: Blaziken|spe|1
|upkeep
|
|t:|1783723266
|switch|p1b: Garchomp|Garchomp, L50, M|100/100
|turn|2
|
|t:|1783723288
|move|p1b: Garchomp|Protect|p1b: Garchomp
|-singleturn|p1b: Garchomp|Protect
|move|p2a: Blaziken|Coaching|p2b: Metagross
|-boost|p2b: Metagross|atk|1
|-boost|p2b: Metagross|def|1
|move|p2b: Metagross|Psychic Fangs|p1b: Garchomp
|-activate|p1b: Garchomp|move: Protect
|move|p1a: Pelipper|Tailwind|p1a: Pelipper
|-sidestart|p1: blisswy|move: Tailwind
|
|-weather|RainDance|[upkeep]
|-ability|p2a: Blaziken|Speed Boost|boost
|-boost|p2a: Blaziken|spe|1
|upkeep
|turn|3
|
|t:|1783723300
|move|p2b: Metagross|Protect|p2b: Metagross
|-singleturn|p2b: Metagross|Protect
|move|p1b: Garchomp|Earthquake|p2a: Blaziken|[spread] p2a
|-activate|p2b: Metagross|move: Protect
|-immune|p1a: Pelipper
|-supereffective|p2a: Blaziken|1
|-enditem|p2a: Blaziken|Focus Sash
|-damage|p2a: Blaziken|1/100
|-damage|p1b: Garchomp|90/100|[from] item: Life Orb
|move|p2a: Blaziken|Aura Sphere|p1b: Garchomp
|-damage|p1b: Garchomp|41/100
|move|p1a: Pelipper|Weather Ball|p2b: Metagross
|-activate|p2b: Metagross|move: Protect
|
|-weather|RainDance|[upkeep]
|-ability|p2a: Blaziken|Speed Boost|boost
|-boost|p2a: Blaziken|spe|1
|upkeep
|turn|4
|
|t:|1783723330
|move|p1b: Garchomp|Protect|p1b: Garchomp
|-singleturn|p1b: Garchomp|Protect
|move|p2a: Blaziken|Aura Sphere|p1b: Garchomp
|-activate|p1b: Garchomp|move: Protect
|move|p1a: Pelipper|Weather Ball|p2a: Blaziken
|-supereffective|p2a: Blaziken|1
|-damage|p2a: Blaziken|0 fnt
|faint|p2a: Blaziken
|move|p2b: Metagross|Psychic Fangs|p1a: Pelipper
|-damage|p1a: Pelipper|1/100
|-enditem|p1a: Pelipper|Sitrus Berry|[eat]
|-heal|p1a: Pelipper|25/100|[from] item: Sitrus Berry
|
|-weather|RainDance|[upkeep]
|upkeep
|
|t:|1783723345
|switch|p2a: Basculegion|Basculegion, L50, M|100/100
|turn|5
|
|t:|1783723351
|move|p2b: Metagross|Protect|p2b: Metagross
|-singleturn|p2b: Metagross|Protect
|move|p2a: Basculegion|Protect|p2a: Basculegion
|-singleturn|p2a: Basculegion|Protect
|move|p1b: Garchomp|Earthquake|p2b: Metagross|[spread] 
|-activate|p2a: Basculegion|move: Protect
|-activate|p2b: Metagross|move: Protect
|-immune|p1a: Pelipper
|move|p1a: Pelipper|Weather Ball|p2b: Metagross
|-activate|p2b: Metagross|move: Protect
|
|-weather|none
|-sideend|p1: blisswy|move: Tailwind
|upkeep
|turn|6
|
|t:|1783723365
|move|p1b: Garchomp|Protect|p1b: Garchomp
|-singleturn|p1b: Garchomp|Protect
|move|p2b: Metagross|Psychic Fangs|p1b: Garchomp
|-activate|p1b: Garchomp|move: Protect
|move|p2a: Basculegion|Last Respects|p1a: Pelipper
|-damage|p1a: Pelipper|0 fnt
|faint|p1a: Pelipper
|-damage|p2a: Basculegion|90/100|[from] item: Life Orb
|
|upkeep
|
|t:|1783723368
|switch|p1a: Lopunny|Lopunny, L50, M, shiny|100/100
|turn|7
|
|t:|1783723388
|switch|p2a: Tsareena|Tsareena, L50, F|100/100
|detailschange|p1a: Lopunny|Lopunny-Mega, L50, M, shiny
|-mega|p1a: Lopunny|Lopunny|Lopunnite
|move|p1a: Lopunny|Close Combat|p2a: Tsareena
|-damage|p2a: Tsareena|20/100y
|-unboost|p1a: Lopunny|def|1
|-unboost|p1a: Lopunny|spd|1
|move|p2b: Metagross|Psychic Fangs|p1b: Garchomp
|-damage|p1b: Garchomp|0 fnt
|-damage|p2b: Metagross|87/100|[from] ability: Rough Skin|[of] p1b: Garchomp
|faint|p1b: Garchomp
|
|upkeep
|turn|8
|-message|blisswy forfeited.
|
|win|raineyluvsu
||blisswy is ready for game 3.
|inactive|raineyluvsu has 30 seconds to confirm battle start!
||raineyluvsu is ready for game 3.
|uhtml|next|Next: Game 3 of 3
|l| TemporalDonut
|l| Evelyie
|l| YamperIsTheBest
|l|☆raineyluvsu
|player|p2|
