|j|â˜†Arthur_FCB
|j|â˜†TheDomainOfCheese
|html|Arthur_FCBTheDomainOfCheese    
|uhtml|bestof|Game 1 of a best-of-3
|t:|1757647766
|gametype|doubles
|player|p1|Arthur_FCB|red-lgpe|1019
|player|p2|TheDomainOfCheese|cynthia-gen4|1070
|gen|9
|tier|[Gen 9] VGC 2025 Reg H (Bo3)
|rated|
|rule|Species Clause: Limit one of each PokÃ©mon
|rule|Item Clause: Limit 1 of each item
|clearpoke
|poke|p1|Golduck, L50, M|
|poke|p1|Electabuzz, L50, F|
|poke|p1|Ribombee, L50, M|
|poke|p1|Dragonite, L50, M|
|poke|p1|Annihilape, L50, F|
|poke|p1|Volcarona, L50, F|
|poke|p2|Incineroar, L50, M|
|poke|p2|Ursaluna, L50, M|
|poke|p2|Amoonguss, L50, F|
|poke|p2|Dragonite, L50, M|
|poke|p2|Rillaboom, L50, F|
|poke|p2|Medicham, L50, M|
|teampreview|4
|showteam|p1|Golduck||SitrusBerry|CloudNine|HydroPump,ClearSmog,IcyWind,HelpingHand|||M|||50|,,,,,Grass]Electabuzz||Eviolite|VitalSpirit|Taunt,FollowMe,Electroweb,Protect|||F|||50|,,,,,Flying]Ribombee||FocusSash|ShieldDust|Tailwind,Moonblast,Psychic,Protect|||M|||50|,,,,,Psychic]Dragonite||LoadedDice|Multiscale|ScaleShot,IceSpinner,ExtremeSpeed,Protect|||M|||50|,,,,,Fairy]Annihilape||ChoiceScarf|VitalSpirit|DrainPunch,RageFist,Earthquake,PoisonJab|||F|||50|,,,,,Steel]Volcarona||RockyHelmet|FlameBody|FieryDance,HeatWave,QuiverDance,Protect|||F|||50|,,,,,Grass
|showteam|p2|Incineroar||SafetyGoggles|Intimidate|FakeOut,KnockOff,PartingShot,FlareBlitz|||M|||50|,,,,,Grass]Ursaluna||FlameOrb|Guts|Facade,HeadlongRush,Earthquake,Protect|||M|||50|,,,,,Ghost]Amoonguss||SitrusBerry|Regenerator|Spore,RagePowder,PollenPuff,Protect|||F|||50|,,,,,Water]Dragonite||LoadedDice|Multiscale|Tailwind,ScaleShot,ExtremeSpeed,Protect|||M|||50|,,,,,Fairy]Rillaboom||AssaultVest|GrassySurge|FakeOut,GrassyGlide,WoodHammer,HighHorsepower|||F|||50|,,,,,Bug]Medicham||FocusSash|PurePower|FakeOut,TrickRoom,CloseCombat,PsychoCut|||M|||50|,,,,,Normal
|inactive|Battle timer is ON: inactive players will automatically lose when time's up. (requested by TheDomainOfCheese)
|inactive|Arthur_FCB has 60 seconds left.
|
|t:|1757647804
|teamsize|p1|4
|teamsize|p2|4
|start
|switch|p1a: Electabuzz|Electabuzz, L50, F|100/100
|switch|p1b: Volcarona|Volcarona, L50, F|100/100
|switch|p2a: Ursaluna|Ursaluna, L50, M, shiny|100/100
|switch|p2b: Dragonite|Dragonite, L50, M|100/100
|turn|1
|inactive|Arthur_FCB has 30 seconds left.
|inactive|TheDomainOfCheese has 30 seconds left.
|
|t:|1757647837
|switch|p1b: Dragonite|Dragonite, L50, M|100/100
|-terastallize|p1a: Electabuzz|Flying
|move|p2b: Dragonite|Scale Shot|p1a: Electabuzz
|-damage|p1a: Electabuzz|89/100
|-crit|p1a: Electabuzz
|-damage|p1a: Electabuzz|71/100
|-damage|p1a: Electabuzz|59/100
|-damage|p1a: Electabuzz|48/100
|-hitcount|p1a: Electabuzz|4
|-unboost|p2b: Dragonite|def|1
|-boost|p2b: Dragonite|spe|1
|move|p1a: Electabuzz|Electroweb|p2b: Dragonite|[spread] p2b
|-immune|p2a: Ursaluna
|-damage|p2b: Dragonite|93/100
|-unboost|p2b: Dragonite|spe|1
|move|p2a: Ursaluna|Headlong Rush|p1b: Dragonite
|-immune|p1b: Dragonite
|
|-status|p2a: Ursaluna|brn|[from] item: Flame Orb
|upkeep
|turn|2
|inactive|Arthur_FCB has 30 seconds left.
|
|t:|1757647868
|-terastallize|p2b: Dragonite|Fairy
|move|p1a: Electabuzz|Protect|p1a: Electabuzz
|-singleturn|p1a: Electabuzz|Protect
|move|p2b: Dragonite|Scale Shot|p1b: Dragonite
|-supereffective|p1b: Dragonite
|-damage|p1b: Dragonite|87/100
|-supereffective|p1b: Dragonite
|-damage|p1b: Dragonite|59/100
|-supereffective|p1b: Dragonite
|-damage|p1b: Dragonite|29/100
|-supereffective|p1b: Dragonite
|-damage|p1b: Dragonite|1/100
|-supereffective|p1b: Dragonite
|-damage|p1b: Dragonite|0 fnt
|faint|p1b: Dragonite
|-hitcount|p1: Dragonite|5
|-unboost|p2b: Dragonite|def|1
|-boost|p2b: Dragonite|spe|1
|move|p2a: Ursaluna|Facade|p1a: Electabuzz
|-activate|p1a: Electabuzz|move: Protect
|
|-damage|p2a: Ursaluna|95/100 brn|[from] brn
|upkeep
|
|t:|1757647888
|switch|p1b: Annihilape|Annihilape, L50, F|100/100
|turn|3
|
|t:|1757647900
|switch|p2b: Medicham|Medicham, L50, M|100/100
|move|p2a: Ursaluna|Protect|p2a: Ursaluna
|-singleturn|p2a: Ursaluna|Protect
|move|p1a: Electabuzz|Follow Me|p1a: Electabuzz
|-singleturn|p1a: Electabuzz|move: Follow Me
|move|p1b: Annihilape|Drain Punch|p2a: Ursaluna
|-activate|p2a: Ursaluna|move: Protect
|
|-damage|p2a: Ursaluna|89/100 brn|[from] brn
|upkeep
|turn|4
|
|t:|1757647923
|switch|p2a: Rillaboom|Rillaboom, L50, F|100/100
|-fieldstart|move: Grassy Terrain|[from] ability: Grassy Surge|[of] p2a: Rillaboom
|move|p1b: Annihilape|Drain Punch|p2a: Rillaboom
|-damage|p2a: Rillaboom|65/100
|move|p1a: Electabuzz|Taunt|p2b: Medicham
|-start|p2b: Medicham|move: Taunt
|cant|p2b: Medicham|move: Taunt|Trick Room
|
|-heal|p2a: Rillaboom|71/100|[from] Grassy Terrain
|upkeep
|turn|5
|inactive|TheDomainOfCheese has 30 seconds left.
|
|t:|1757647951
|move|p1a: Electabuzz|Follow Me|p1a: Electabuzz
|-singleturn|p1a: Electabuzz|move: Follow Me
|move|p1b: Annihilape|Drain Punch|p2a: Rillaboom
|-damage|p2a: Rillaboom|32/100
|move|p2b: Medicham|Psycho Cut|p1a: Electabuzz
|-crit|p1a: Electabuzz
|-damage|p1a: Electabuzz|0 fnt
|faint|p1a: Electabuzz
|move|p2a: Rillaboom|High Horsepower|p1b: Annihilape
|-damage|p1b: Annihilape|67/100
|
|-heal|p1b: Annihilape|73/100|[from] Grassy Terrain
|-heal|p2a: Rillaboom|38/100|[from] Grassy Terrain
|upkeep
|
|t:|1757647964
|switch|p1a: Volcarona|Volcarona, L50, F|100/100
|turn|6
|
|t:|1757647980
|move|p1b: Annihilape|Drain Punch|p2b: Medicham
|-resisted|p2b: Medicham
|-damage|p2b: Medicham|65/100
|-heal|p1b: Annihilape|86/100|[from] drain|[of] p2b: Medicham
|move|p2b: Medicham|Psycho Cut|p1b: Annihilape
|-supereffective|p1b: Annihilape
|-damage|p1b: Annihilape|0 fnt
|faint|p1b: Annihilape
|move|p1a: Volcarona|Heat Wave|p2b: Medicham|[spread] p2a,p2b
|-supereffective|p2a: Rillaboom
|-damage|p2a: Rillaboom|0 fnt
|-damage|p2b: Medicham|3/100
|faint|p2a: Rillaboom
|
|-heal|p2b: Medicham|9/100|[from] Grassy Terrain
|-end|p2b: Medicham|move: Taunt
|upkeep
|
|t:|1757647990
|switch|p2a: Ursaluna|Ursaluna, L50, M, shiny|89/100 brn
|turn|7
|
|t:|1757648004
|move|p2b: Medicham|Psycho Cut|p1a: Volcarona
|-crit|p1a: Volcarona
|-damage|p1a: Volcarona|23/100
|move|p1a: Volcarona|Heat Wave|p2a: Ursaluna|[spread] p2a,p2b
|-damage|p2a: Ursaluna|56/100 brn
|-damage|p2b: Medicham|0 fnt
|faint|p2b: Medicham
|move|p2a: Ursaluna|Facade|p1a: Volcarona
|-damage|p1a: Volcarona|0 fnt
|-damage|p2a: Ursaluna|40/100 brn|[from] item: Rocky Helmet|[of] p1a: Volcarona
|faint|p1a: Volcarona
|
|win|TheDomainOfCheese
|l|â˜†Arthur_FCB
|player|p1|
||Arthur_FCB is ready for game 2.
|inactive|TheDomainOfCheese has 30 seconds to confirm battle start!
||TheDomainOfCheese is ready for game 2.
|uhtml|next|Next: Game 2 of 3
|l|â˜†TheDomainOfCheese
|player|p2|
