|j|☆JNEST
|j|☆chupete goat
|html|JNESTchupete goat    
|uhtml|bestof|Game 1 of a best-of-3
|t:|1756156293
|gametype|doubles
|player|p1|JNEST|veteran-gen4|1251
|player|p2|chupete goat|marlon|1186
|gen|9
|tier|[Gen 9] VGC 2025 Reg H (Bo3)
|rated|
|rule|Species Clause: Limit one of each Pokémon
|rule|Item Clause: Limit 1 of each item
|clearpoke
|poke|p1|Weezing, L50, M|
|poke|p1|Indeedee, L50, M|
|poke|p1|Incineroar, L50, M|
|poke|p1|Annihilape, L50, M|
|poke|p1|Tyranitar, L50, M|
|poke|p1|Corviknight, L50, F|
|poke|p2|Grimmsnarl, L50, M|
|poke|p2|Archaludon, L50, M|
|poke|p2|Sinistcha, L50|
|poke|p2|Pelipper, L50, M|
|poke|p2|Maushold, L50|
|poke|p2|Annihilape, L50, F|
|teampreview|4
|showteam|p1|Weezing||SitrusBerry|NeutralizingGas|Protect,Taunt,WillOWisp,SludgeBomb|||M|||50|,,,,,Ghost]Indeedee||ChoiceScarf|PsychicSurge|ExpandingForce,TeraBlast,Trick,HyperVoice|||M|||50|,,,,,Fighting]Incineroar||AbilityShield|Intimidate|KnockOff,FlareBlitz,FakeOut,PartingShot|||M|||50|,,,,,Ghost]Annihilape||SafetyGoggles|Defiant|Taunt,RageFist,CloseCombat,FinalGambit|||M|||50|,,,,,Fairy]Tyranitar||AssaultVest|SandStream|RockSlide,KnockOff,TeraBlast,LowKick|||M|||50|,,,,,Flying]Corviknight||Leftovers|MirrorArmor|BraveBird,Tailwind,Roost,BulkUp|||F|||50|,,,,,Dragon
|showteam|p2|Grimmsnarl||LightClay|Prankster|SpiritBreak,ThunderWave,Reflect,LightScreen|||M|||50|,,,,,Ghost]Archaludon||AssaultVest|Stamina|ElectroShot,FlashCannon,BodyPress,Snarl|||M|||50|,,,,,Grass]Sinistcha||SitrusBerry|Hospitality|MatchaGotcha,LifeDew,RagePowder,TrickRoom||||||50|,,,,,Dark]Pelipper||FocusSash|Drizzle|Hurricane,WeatherBall,Tailwind,Protect|||M|||50|,,,,,Ghost]Maushold||SafetyGoggles|FriendGuard|BeatUp,Taunt,FollowMe,Protect||||||50|,,,,,Ghost]Annihilape||Leftovers|Defiant|DrainPunch,RageFist,BulkUp,Protect|||F|||50|,,,,,Water
|inactive|Battle timer is ON: inactive players will automatically lose when time's up. (requested by JNEST)
|
|t:|1756156320
|teamsize|p1|4
|teamsize|p2|4
|start
|switch|p1a: Weezing|Weezing, L50, M|100/100
|switch|p1b: Incineroar|Incineroar, L50, M|100/100
|switch|p2a: Grimmsnarl|Grimmsnarl, L50, M|100/100
|switch|p2b: Archaludon|Archaludon, L50, M|100/100
|-ability|p1a: Weezing|Neutralizing Gas
|-block|p1b: Incineroar|item: Ability Shield
|-ability|p1b: Incineroar|Intimidate|boost
|-unboost|p2a: Grimmsnarl|atk|1
|-unboost|p2b: Archaludon|atk|1
|turn|1
|inactive|chupete goat has 30 seconds left.
|
|t:|1756156350
|move|p1b: Incineroar|Fake Out|p2b: Archaludon
|-resisted|p2b: Archaludon
|-damage|p2b: Archaludon|96/100
|cant|p2b: Archaludon|flinch
|move|p1a: Weezing|Taunt|p2a: Grimmsnarl
|-start|p2a: Grimmsnarl|move: Taunt
|cant|p2a: Grimmsnarl|move: Taunt|Thunder Wave
|
|upkeep
|turn|2
|
|t:|1756156362
|move|p2b: Archaludon|Body Press|p1b: Incineroar
|-supereffective|p1b: Incineroar
|-damage|p1b: Incineroar|48/100
|move|p1b: Incineroar|Parting Shot|p2b: Archaludon
|-unboost|p2b: Archaludon|atk|1
|-unboost|p2b: Archaludon|spa|1
|
|t:|1756156368
|switch|p1b: Indeedee|Indeedee, L50, M|100/100|[from] Parting Shot
|move|p1a: Weezing|Sludge Bomb|p2a: Grimmsnarl
|-supereffective|p2a: Grimmsnarl
|-damage|p2a: Grimmsnarl|47/100
|move|p2a: Grimmsnarl|Spirit Break|p1b: Indeedee
|-damage|p1b: Indeedee|62/100
|-unboost|p1b: Indeedee|spa|1
|
|upkeep
|turn|3
|
|t:|1756156384
|-terastallize|p1b: Indeedee|Fighting
|move|p1b: Indeedee|Tera Blast|p2b: Archaludon|[anim] Tera Blast Fighting
|-supereffective|p2b: Archaludon
|-damage|p2b: Archaludon|60/100
|move|p2b: Archaludon|Snarl|p1a: Weezing|[spread] p1a,p1b
|-resisted|p1b: Indeedee
|-damage|p1a: Weezing|92/100
|-damage|p1b: Indeedee|57/100
|-unboost|p1a: Weezing|spa|1
|-unboost|p1b: Indeedee|spa|1
|move|p1a: Weezing|Sludge Bomb|p2a: Grimmsnarl
|-supereffective|p2a: Grimmsnarl
|-damage|p2a: Grimmsnarl|17/100
|move|p2a: Grimmsnarl|Spirit Break|p1b: Indeedee
|-supereffective|p1b: Indeedee
|-damage|p1b: Indeedee|0 fnt
|faint|p1b: Indeedee
|
|-end|p2a: Grimmsnarl|move: Taunt
|upkeep
|
|t:|1756156393
|switch|p1b: Incineroar|Incineroar, L50, M|48/100
|-ability|p1b: Incineroar|Intimidate|boost
|-unboost|p2a: Grimmsnarl|atk|1
|-unboost|p2b: Archaludon|atk|1
|turn|4
|
|t:|1756156406
|switch|p2a: Sinistcha|Sinistcha, L50|100/100
|move|p1b: Incineroar|Fake Out|p2b: Archaludon
|-resisted|p2b: Archaludon
|-damage|p2b: Archaludon|56/100
|cant|p2b: Archaludon|flinch
|move|p1a: Weezing|Sludge Bomb|p2a: Sinistcha
|-damage|p2a: Sinistcha|85/100
|
|upkeep
|turn|5
|
|t:|1756156421
|move|p2b: Archaludon|Body Press|p1b: Incineroar
|-supereffective|p1b: Incineroar
|-damage|p1b: Incineroar|0 fnt
|faint|p1b: Incineroar
|move|p2a: Sinistcha|Life Dew|p2a: Sinistcha|[spread] p2a,p2b
|-heal|p2a: Sinistcha|100/100
|-heal|p2b: Archaludon|81/100
|move|p1a: Weezing|Will-O-Wisp|p2b: Archaludon
|-status|p2b: Archaludon|brn
|
|-damage|p2b: Archaludon|75/100 brn|[from] brn
|upkeep
|
|t:|1756156425
|switch|p1b: Tyranitar|Tyranitar, L50, M|100/100
|turn|6
|
|t:|1756156437
|move|p2b: Archaludon|Body Press|p1b: Tyranitar
|-supereffective|p1b: Tyranitar
|-damage|p1b: Tyranitar|56/100
|move|p1b: Tyranitar|Knock Off|p2a: Sinistcha
|-supereffective|p2a: Sinistcha
|-damage|p2a: Sinistcha|0 fnt
|-enditem|p2a: Sinistcha|Sitrus Berry|[from] move: Knock Off|[of] p1b: Tyranitar
|faint|p2a: Sinistcha
|move|p1a: Weezing|Sludge Bomb|p2b: Archaludon
|-immune|p2b: Archaludon
|
|-damage|p2b: Archaludon|69/100 brn|[from] brn
|upkeep
|
|t:|1756156450
|switch|p2a: Grimmsnarl|Grimmsnarl, L50, M|17/100
|turn|7
|
|t:|1756156459
|move|p2b: Archaludon|Flash Cannon|p1b: Tyranitar
|-supereffective|p1b: Tyranitar
|-damage|p1b: Tyranitar|27/100
|move|p1b: Tyranitar|Low Kick|p2b: Archaludon
|-supereffective|p2b: Archaludon
|-damage|p2b: Archaludon|30/100 brn
|move|p1a: Weezing|Sludge Bomb|p2a: Grimmsnarl
|-supereffective|p2a: Grimmsnarl
|-damage|p2a: Grimmsnarl|0 fnt
|faint|p2a: Grimmsnarl
|
|-damage|p2b: Archaludon|24/100 brn|[from] brn
|upkeep
|
|t:|1756156467
|switch|p2a: Pelipper|Pelipper, L50, M|100/100
|turn|8
|
|t:|1756156474
|-terastallize|p2a: Pelipper|Ghost
|move|p2a: Pelipper|Hurricane|p1a: Weezing
|-damage|p1a: Weezing|43/100
|-enditem|p1a: Weezing|Sitrus Berry|[eat]
|-heal|p1a: Weezing|68/100|[from] item: Sitrus Berry
|move|p2b: Archaludon|Flash Cannon|p1b: Tyranitar
|-supereffective|p1b: Tyranitar
|-damage|p1b: Tyranitar|0 fnt
|faint|p1b: Tyranitar
|move|p1a: Weezing|Sludge Bomb|p2a: Pelipper
|-resisted|p2a: Pelipper
|-damage|p2a: Pelipper|85/100
|
|-damage|p2b: Archaludon|18/100 brn|[from] brn
|upkeep
|turn|9
|-message|JNEST forfeited.
|
|win|chupete goat
