|j|☆ultraclaw1
|j|☆TeyVgc
|html|ultraclaw1TeyVgc    
|uhtml|bestof|Game 1 of a best-of-3
|t:|1784061439
|gametype|doubles
|player|p1|ultraclaw1|brycenman|1347
|player|p2|TeyVgc|rood|1248
|gen|9
|tier|[Gen 9 Champions] VGC 2026 Reg M-B (Bo3)
|rated|
|rule|Species Clause: Limit one of each Pokémon
|rule|Item Clause: Limit 1 of each item
|clearpoke
|poke|p1|Maushold, L50|
|poke|p1|Kingambit, L50, M|
|poke|p1|Garchomp, L50, M|
|poke|p1|Basculegion, L50, M|
|poke|p1|Talonflame, L50, M|
|poke|p1|Floette-Eternal, L50, F|
|poke|p2|Raichu, L50, F|
|poke|p2|Sinistcha, L50|
|poke|p2|Ceruledge, L50, M|
|poke|p2|Milotic, L50, F|
|poke|p2|Incineroar, L50, M|
|poke|p2|Floette-Eternal, L50, F|
|teampreview|4
|showteam|p1|Maushold||FocusSash|FriendGuard|SuperFang,Taunt,FollowMe,Protect|Timid|||||50|]Kingambit||ChopleBerry|Defiant|KowtowCleave,SuckerPunch,LowKick,IronHead|Adamant||M|||50|]Garchomp||LifeOrb|RoughSkin|RockSlide,Earthquake,DragonClaw,Protect|Jolly||M|||50|]Basculegion||MysticWater|Adaptability|WaveCrash,LastRespects,AquaJet,Protect|Adamant||M|||50|]Talonflame||SharpBeak|GaleWings|QuickGuard,DualWingbeat,Tailwind,Protect|Jolly||M|||50|]Floette-Eternal||Floettite|FlowerVeil|LightofRuin,Protect,Moonblast,DazzlingGleam|Modest||F|||50|
|showteam|p2|Raichu||RaichuniteY|LightningRod|ZapCannon,FocusBlast,FakeOut,Protect|Timid||F|||50|]Sinistcha||KasibBerry|Hospitality|MatchaGotcha,Protect,RagePowder,TrickRoom|Relaxed|||||50|]Ceruledge||ColburBerry|FlashFire|BitterBlade,ShadowSneak,BulkUp,Protect|Adamant||M|||50|]Milotic||Leftovers|Competitive|MuddyWater,Coil,Hypnosis,Recover|Calm||F|||50|]Incineroar||SitrusBerry|Intimidate|FlareBlitz,ThroatChop,FakeOut,PartingShot|Impish||M|||50|]Floette-Eternal||Floettite|FlowerVeil|CalmMind,Protect,Moonblast,DazzlingGleam|Modest||F|||50|
|inactive|Battle timer is ON: inactive players will automatically lose when time's up. (requested by ultraclaw1)
|
|t:|1784061463
|teamsize|p1|4
|teamsize|p2|4
|start
|switch|p1a: Floette|Floette-Eternal, L50, F|100/100
|switch|p1b: Talonflame|Talonflame, L50, M|100/100
|switch|p2a: Floette|Floette-Eternal, L50, F|100/100
|switch|p2b: Milotic|Milotic, L50, F|100/100
|turn|1
|inactive|ultraclaw1 has 30 seconds left.
|
|t:|1784061494
|detailschange|p1a: Floette|Floette-Mega, L50, F
|-mega|p1a: Floette|Floette|Floettite
|-ability|p1a: Floette|Fairy Aura
|move|p1b: Talonflame|Dual Wingbeat|p2b: Milotic|[miss]
|-miss|p1b: Talonflame|p2b: Milotic
|move|p1a: Floette|Light of Ruin|p2b: Milotic
|-damage|p2b: Milotic|28/100
|-damage|p1a: Floette|52/100|[from] Recoil
|move|p2a: Floette|Dazzling Gleam|p1a: Floette|[spread] p1a,p1b
|-resisted|p1b: Talonflame|1
|-damage|p1a: Floette|23/100
|-damage|p1b: Talonflame|72/100
|move|p2b: Milotic|Muddy Water|p1a: Floette|[spread] p1a,p1b
|-supereffective|p1b: Talonflame|1
|-damage|p1a: Floette|5/100
|-damage|p1b: Talonflame|3/100
|
|-heal|p2b: Milotic|34/100|[from] item: Leftovers
|upkeep
|turn|2
|
|t:|1784061510
|detailschange|p2a: Floette|Floette-Mega, L50, F
|-mega|p2a: Floette|Floette|Floettite
|-ability|p2a: Floette|Fairy Aura
|move|p1b: Talonflame|Tailwind|p1b: Talonflame
|-sidestart|p1: ultraclaw1|move: Tailwind
|move|p1a: Floette|Dazzling Gleam|p2a: Floette|[spread] p2a,p2b
|-damage|p2a: Floette|61/100
|-damage|p2b: Milotic|4/100
|move|p2a: Floette|Dazzling Gleam|p1b: Talonflame|[spread] p1a,p1b
|-resisted|p1b: Talonflame|1
|-damage|p1a: Floette|0 fnt
|-damage|p1b: Talonflame|0 fnt
|faint|p1a: Floette
|faint|p1b: Talonflame
|move|p2b: Milotic|Recover|p2b: Milotic
|-heal|p2b: Milotic|54/100
|
|-heal|p2b: Milotic|60/100|[from] item: Leftovers
|upkeep
|
|t:|1784061514
|switch|p1b: Garchomp|Garchomp, L50, M|100/100
|switch|p1a: Basculegion|Basculegion, L50, M|100/100
|turn|3
|
|t:|1784061522
|switch|p2b: Incineroar|Incineroar, L50, M|100/100
|-ability|p2b: Incineroar|Intimidate|boost
|-unboost|p1a: Basculegion|atk|1
|-unboost|p1b: Garchomp|atk|1
|move|p2a: Floette|Protect|p2a: Floette
|-singleturn|p2a: Floette|Protect
|move|p1b: Garchomp|Earthquake|p2a: Floette|[spread] p1a,p2b
|-activate|p2a: Floette|move: Protect
|-supereffective|p2b: Incineroar|1
|-damage|p1a: Basculegion|66/100
|-damage|p2b: Incineroar|56/100
|-damage|p1b: Garchomp|90/100|[from] item: Life Orb
|move|p1a: Basculegion|Last Respects|p2b: Incineroar
|-resisted|p2b: Incineroar|1
|-damage|p2b: Incineroar|32/100
|-enditem|p2b: Incineroar|Sitrus Berry|[eat]
|-heal|p2b: Incineroar|57/100|[from] item: Sitrus Berry
|
|upkeep
|turn|4
|
|t:|1784061530
|switch|p2b: Sinistcha|Sinistcha, L50|100/100
|-heal|p2a: Floette|86/100|[from] ability: Hospitality|[of] p2b: Sinistcha
|move|p1b: Garchomp|Rock Slide|p2b: Sinistcha|[spread] p2a,p2b
|-damage|p2a: Floette|69/100
|-damage|p2b: Sinistcha|85/100
|-damage|p1b: Garchomp|80/100|[from] item: Life Orb
|move|p1a: Basculegion|Last Respects|p2a: Floette
|-damage|p2a: Floette|2/100
|cant|p2a: Floette|flinch
|
|upkeep
|turn|5
|
|t:|1784061543
|switch|p2a: Incineroar|Incineroar, L50, M|57/100
|-ability|p2a: Incineroar|Intimidate|boost
|-unboost|p1a: Basculegion|atk|1
|-unboost|p1b: Garchomp|atk|1
|move|p1b: Garchomp|Rock Slide|p2a: Incineroar|[spread] p2a,p2b
|-supereffective|p2a: Incineroar|1
|-damage|p2a: Incineroar|39/100
|-damage|p2b: Sinistcha|74/100
|-damage|p1b: Garchomp|70/100|[from] item: Life Orb
|move|p1a: Basculegion|Last Respects|p2b: Sinistcha
|-supereffective|p2b: Sinistcha|1
|-enditem|p2b: Sinistcha|Kasib Berry|[eat]
|-enditem|p2b: Sinistcha|Kasib Berry|[weaken]
|-damage|p2b: Sinistcha|34/100
|cant|p2b: Sinistcha|flinch
|
|-sideend|p1: ultraclaw1|move: Tailwind
|upkeep
|turn|6
|
|t:|1784061561
|move|p2a: Incineroar|Fake Out|p1b: Garchomp
|-damage|p1b: Garchomp|59/100
|-damage|p2a: Incineroar|27/100|[from] ability: Rough Skin|[of] p1b: Garchomp
|cant|p1b: Garchomp|flinch
|move|p1a: Basculegion|Last Respects|p2b: Sinistcha
|-supereffective|p2b: Sinistcha|1
|-crit|p2b: Sinistcha
|-damage|p2b: Sinistcha|0 fnt
|faint|p2b: Sinistcha
|
|upkeep
|
|t:|1784061567
|switch|p2b: Milotic|Milotic, L50, F|60/100
|turn|7
|
|t:|1784061577
|switch|p2a: Floette|Floette-Mega, L50, F|2/100
|-ability|p2a: Floette|Fairy Aura
|move|p1b: Garchomp|Earthquake|p2a: Floette|[spread] p1a,p2a,p2b
|-damage|p1a: Basculegion|40/100
|-damage|p2a: Floette|0 fnt
|-damage|p2b: Milotic|37/100
|faint|p2a: Floette
|-damage|p1b: Garchomp|49/100|[from] item: Life Orb
|move|p1a: Basculegion|Last Respects|p2b: Milotic
|-damage|p2b: Milotic|0 fnt
|faint|p2b: Milotic
|
|upkeep
|-message|TeyVgc forfeited.
|
|win|ultraclaw1
