|j|☆baichede
|j|☆moicito
|html|baichedemoicito    
|uhtml|bestof|Game 3 of a best-of-3
|t:|1756955230
|gametype|doubles
|player|p1|baichede|cyclistf|1138
|player|p2|moicito|caitlin|1101
|gen|9
|tier|[Gen 9] VGC 2025 Reg H (Bo3)
|rated|
|rule|Species Clause: Limit one of each Pokémon
|rule|Item Clause: Limit 1 of each item
|clearpoke
|poke|p1|Whimsicott, L50, F|
|poke|p1|Pelipper, L50, M|
|poke|p1|Archaludon, L50, F|
|poke|p1|Incineroar, L50, M|
|poke|p1|Sneasler, L50, F|
|poke|p1|Ursaluna-Bloodmoon, L50, M|
|poke|p2|Kingambit, L50, F|
|poke|p2|Rillaboom, L50, F|
|poke|p2|Magmar, L50, F|
|poke|p2|Primarina, L50, F|
|poke|p2|Sneasler, L50, M|
|poke|p2|Dragapult, L50, F|
|teampreview|4
|showteam|p1|Whimsicott||CovertCloak|Prankster|BeatUp,Tailwind,Taunt,Encore|||F|||50|,,,,,Dark]Pelipper||FocusSash|Drizzle|Tailwind,Protect,Hurricane,WeatherBall|||M|||50|,,,,,Ground]Archaludon||AssaultVest|Stamina|ElectroShot,FlashCannon,BodyPress,DracoMeteor|||F|||50|,,,,,Grass]Incineroar||SafetyGoggles|Intimidate|WillOWisp,PartingShot,FakeOut,KnockOff|||M|||50|,,,,,Bug]Sneasler||WhiteHerb|Unburden|DireClaw,CloseCombat,FakeOut,Protect|||F|||50|,,,,,Stellar]Ursaluna-Bloodmoon||ThroatSpray|MindsEye|EarthPower,BloodMoon,HyperVoice,Protect|||M|||50|,,,,,Normal
|showteam|p2|Kingambit||BlackGlasses|Defiant|Protect,KowtowCleave,SuckerPunch,SwordsDance|||F|||50|,,,,,Ghost]Rillaboom||AssaultVest|GrassySurge|WoodHammer,GrassyGlide,HighHorsepower,FakeOut|||F|||50|,,,,,Fire]Magmar||Eviolite|VitalSpirit|Overheat,WillOWisp,FollowMe,Protect|||F|||50|,,,,,Ghost]Primarina||SitrusBerry|LiquidVoice|HyperVoice,Moonblast,Haze,Protect|||F|||50|,,,,,Water]Sneasler||FocusSash|PoisonTouch|CloseCombat,DireClaw,Coaching,FakeOut|||M|||50|,,,,,Stellar]Dragapult||ChoiceBand|ClearBody|DragonDarts,TeraBlast,PhantomForce,Uturn|||F|||50|,,,,,Steel
|inactive|Battle timer is ON: inactive players will automatically lose when time's up. (requested by baichede)
|
|t:|1756955258
|teamsize|p1|4
|teamsize|p2|4
|start
|switch|p1a: Whimsicott|Whimsicott, L50, F|100/100
|switch|p1b: Ursaluna|Ursaluna-Bloodmoon, L50, M|100/100
|switch|p2a: Snisli|Sneasler, L50, M|100/100
|switch|p2b: Rilli|Rillaboom, L50, F, shiny|100/100
|-fieldstart|move: Grassy Terrain|[from] ability: Grassy Surge|[of] p2b: Rilli
|turn|1
|inactive|baichede has 30 seconds left.
|
|t:|1756955290
|-terastallize|p1a: Whimsicott|Dark
|move|p1b: Ursaluna|Protect|p1b: Ursaluna
|-singleturn|p1b: Ursaluna|Protect
|move|p1a: Whimsicott|Encore||[still]
|-fail|p1a: Whimsicott
|move|p2a: Snisli|Dire Claw|p1a: Whimsicott
|-damage|p1a: Whimsicott|47/100
|move|p2b: Rilli|Wood Hammer|p1b: Ursaluna
|-activate|p1b: Ursaluna|move: Protect
|
|-heal|p1a: Whimsicott|53/100|[from] Grassy Terrain
|upkeep
|turn|2
|inactive|moicito has 30 seconds left.
|inactive|moicito has 20 seconds left.
|
|t:|1756955330
|move|p1a: Whimsicott|Tailwind|p1a: Whimsicott
|-sidestart|p1: baichede|move: Tailwind
|move|p2b: Rilli|Grassy Glide|p1a: Whimsicott
|-damage|p1a: Whimsicott|9/100
|move|p1b: Ursaluna|Earth Power|p2a: Snisli
|-supereffective|p2a: Snisli
|-enditem|p2a: Snisli|Focus Sash
|-damage|p2a: Snisli|1/100
|move|p2a: Snisli|Coaching|p2b: Rilli
|-boost|p2b: Rilli|atk|1
|-boost|p2b: Rilli|def|1
|
|-heal|p1a: Whimsicott|15/100|[from] Grassy Terrain
|-heal|p2a: Snisli|7/100|[from] Grassy Terrain
|upkeep
|turn|3
|inactive|moicito has 30 seconds left.
|inactive|moicito has 20 seconds left.
|
|t:|1756955367
|switch|p2a: Dragapult|Dragapult, L50, F|100/100
|move|p1a: Whimsicott|Encore||[still]
|-fail|p1a: Whimsicott
|move|p2b: Rilli|Grassy Glide|p1b: Ursaluna
|-supereffective|p1b: Ursaluna
|-damage|p1b: Ursaluna|18/100
|move|p1b: Ursaluna|Hyper Voice|p2a: Dragapult|[spread] p2a,p2b
|-damage|p2a: Dragapult|44/100
|-damage|p2b: Rilli|70/100
|-enditem|p1b: Ursaluna|Throat Spray
|-boost|p1b: Ursaluna|spa|1|[from] item: Throat Spray
|
|-heal|p1a: Whimsicott|21/100|[from] Grassy Terrain
|-heal|p2a: Dragapult|50/100|[from] Grassy Terrain
|-heal|p1b: Ursaluna|24/100|[from] Grassy Terrain
|-heal|p2b: Rilli|75/100|[from] Grassy Terrain
|upkeep
|turn|4
|inactive|baichede has 30 seconds left.
|
|t:|1756955395
|move|p1b: Ursaluna|Protect|p1b: Ursaluna
|-singleturn|p1b: Ursaluna|Protect
|move|p2b: Rilli|Grassy Glide|p1a: Whimsicott
|-damage|p1a: Whimsicott|0 fnt
|faint|p1a: Whimsicott
|move|p2a: Dragapult|Dragon Darts|p1b: Ursaluna
|-activate|p1b: Ursaluna|move: Protect
|
|-heal|p2a: Dragapult|56/100|[from] Grassy Terrain
|-heal|p1b: Ursaluna|30/100|[from] Grassy Terrain
|-heal|p2b: Rilli|81/100|[from] Grassy Terrain
|upkeep
|
|t:|1756955407
|switch|p1a: Archaludon|Archaludon, L50, F|100/100
|turn|5
|inactive|moicito has 30 seconds left.
|
|t:|1756955435
|switch|p2a: Snisli|Sneasler, L50, M|7/100
|switch|p1b: Pelipper|Pelipper, L50, M|100/100
|-weather|RainDance|[from] ability: Drizzle|[of] p1b: Pelipper
|move|p2b: Rilli|Grassy Glide|p1b: Pelipper
|-crit|p1b: Pelipper
|-enditem|p1b: Pelipper|Focus Sash
|-damage|p1b: Pelipper|1/100
|move|p1a: Archaludon|Electro Shot||[still]
|-prepare|p1a: Archaludon|Electro Shot
|-boost|p1a: Archaludon|spa|1
|-anim|p1a: Archaludon|Electro Shot|p2a: Snisli
|-damage|p2a: Snisli|0 fnt
|faint|p2a: Snisli
|
|-weather|RainDance|[upkeep]
|-heal|p2b: Rilli|87/100|[from] Grassy Terrain
|-sideend|p1: baichede|move: Tailwind
|-fieldend|move: Grassy Terrain
|upkeep
|
|t:|1756955453
|switch|p2a: Dragapult|Dragapult, L50, F|56/100
|turn|6
|
|t:|1756955476
|move|p1b: Pelipper|Protect|p1b: Pelipper
|-singleturn|p1b: Pelipper|Protect
|move|p2a: Dragapult|U-turn|p1b: Pelipper
|-activate|p1b: Pelipper|move: Protect
|move|p2b: Rilli|High Horsepower|p1a: Archaludon
|-supereffective|p1a: Archaludon
|-damage|p1a: Archaludon|29/100
|-ability|p1a: Archaludon|Stamina|boost
|-boost|p1a: Archaludon|def|1
|move|p1a: Archaludon|Electro Shot||[still]
|-prepare|p1a: Archaludon|Electro Shot
|-boost|p1a: Archaludon|spa|1
|-anim|p1a: Archaludon|Electro Shot|p2a: Dragapult
|-resisted|p2a: Dragapult
|-damage|p2a: Dragapult|0 fnt
|faint|p2a: Dragapult
|
|-weather|RainDance|[upkeep]
|upkeep
|
|t:|1756955491
|switch|p2a: Magmar|Magmar, L50, F|100/100
|turn|7
|
|t:|1756955515
|move|p2a: Magmar|Follow Me|p2a: Magmar
|-singleturn|p2a: Magmar|move: Follow Me
|move|p1b: Pelipper|Weather Ball|p2a: Magmar
|-supereffective|p2a: Magmar
|-damage|p2a: Magmar|9/100
|move|p2b: Rilli|Grassy Glide|p1b: Pelipper
|-damage|p1b: Pelipper|0 fnt
|faint|p1b: Pelipper
|move|p1a: Archaludon|Electro Shot||[still]
|-prepare|p1a: Archaludon|Electro Shot
|-boost|p1a: Archaludon|spa|1
|-anim|p1a: Archaludon|Electro Shot|p2a: Magmar
|-damage|p2a: Magmar|0 fnt
|faint|p2a: Magmar
|
|-weather|RainDance|[upkeep]
|upkeep
|
|t:|1756955532
|switch|p1b: Ursaluna|Ursaluna-Bloodmoon, L50, M|30/100
|turn|8
|
|t:|1756955542
|move|p2b: Rilli|High Horsepower|p1a: Archaludon
|-supereffective|p1a: Archaludon
|-damage|p1a: Archaludon|0 fnt
|faint|p1a: Archaludon
|move|p1b: Ursaluna|Blood Moon|p2b: Rilli
|-damage|p2b: Rilli|24/100
|
|-weather|RainDance|[upkeep]
|upkeep
|turn|9
|-message|baichede forfeited.
|
|win|moicito
|raw|baichede's rating: 1138 → 1110(-28 for losing)
|raw|moicito's rating: 1101 → 1129(+28 for winning)
|l|☆baichede
|player|p1|
|c|☆moicito|gg
