|j|☆KMMULLER2020
|j|☆Pyos
|html|KMMULLER2020Pyos    
|uhtml|bestof|Game 1 of a best-of-3
|t:|1785738714
|gametype|doubles
|player|p1|KMMULLER2020|nate|1231
|player|p2|Pyos|tulip|1284
|gen|9
|tier|[Gen 9 Champions] VGC 2026 Reg M-B (Bo3)
|rated|
|rule|Species Clause: Limit one of each Pokémon
|rule|Item Clause: Limit 1 of each item
|clearpoke
|poke|p1|Chesnaught, L50, M|
|poke|p1|Clefable, L50, M|
|poke|p1|Pelipper, L50, F|
|poke|p1|Farigiraf, L50, F|
|poke|p1|Kingambit, L50, M|
|poke|p1|Raichu, L50, F|
|poke|p2|Froslass, L50, F|
|poke|p2|Basculegion, L50, M|
|poke|p2|Kingambit, L50, M|
|poke|p2|Sneasler, L50, F|
|poke|p2|Lycanroc-Dusk, L50, M|
|poke|p2|Scovillain, L50, F, shiny|
|teampreview|4
|showteam|p1|Chesnaught||Chesnaughtite|Bulletproof|SpikyShield,BulkUp,SeedBomb,BodyPress|Adamant||M|||50|]Clefable||LifeOrb|Unaware|Protect,FollowMe,Moonblast,Thunderbolt|Modest||M|||50|]Pelipper||FocusSash|Drizzle|Protect,Tailwind,WeatherBall,Hurricane|Modest||F|||50|]Farigiraf||SitrusBerry|ArmorTail|Protect,TrickRoom,HelpingHand,TwinBeam|Bold||F|||50|]Kingambit||BlackGlasses|Defiant|Protect,IronHead,KowtowCleave,SuckerPunch|Adamant||M|||50|]Raichu||RaichuniteY|LightningRod|Protect,FakeOut,ZapCannon,FocusBlast|Timid||F|||50|
|showteam|p2|Froslass||Froslassite|CursedBody|Blizzard,ShadowBall,AuroraVeil,Protect|Timid||F|||50|]Basculegion||SitrusBerry|Adaptability|WaveCrash,LastRespects,AquaJet,Protect|Adamant||M|||50|]Kingambit||BlackGlasses|Defiant|KowtowCleave,SuckerPunch,SwordsDance,Protect|Adamant||M|||50|]Sneasler||WhiteHerb|Unburden|CloseCombat,GunkShot,Protect,FakeOut|Adamant||F|||50|]Lycanroc-Dusk||FocusSash|ToughClaws|CloseCombat,Accelerock,RockSlide,Protect|Adamant||M|||50|]Scovillain||Scovillainite|Moody|GigaDrain,Overheat,RagePowder,Protect|Bold||F|||50|
|inactive|Battle timer is ON: inactive players will automatically lose when time's up. (requested by KMMULLER2020)
|inactive|KMMULLER2020 has 60 seconds left.
|inactive|Pyos has 60 seconds left.
|
|t:|1785738758
|teamsize|p1|4
|teamsize|p2|4
|start
|switch|p1a: Raichu|Raichu, L50, F|100/100
|switch|p1b: Pelipper|Pelipper, L50, F|100/100
|switch|p2a: Scovillain|Scovillain, L50, F, shiny|100/100
|switch|p2b: Lycanroc|Lycanroc-Dusk, L50, M|100/100
|-weather|RainDance|[from] ability: Drizzle|[of] p1b: Pelipper
|turn|1
|
|t:|1785738780
|switch|p2a: Basculegion|Basculegion, L50, M|100/100
|detailschange|p1a: Raichu|Raichu-Mega-Y, L50, F
|-mega|p1a: Raichu|Raichu|Raichunite Y
|move|p2b: Lycanroc|Protect|p2b: Lycanroc
|-singleturn|p2b: Lycanroc|Protect
|move|p1a: Raichu|Fake Out|p2b: Lycanroc
|-activate|p2b: Lycanroc|move: Protect
|move|p1b: Pelipper|Tailwind|p1b: Pelipper
|-sidestart|p1: KMMULLER2020|move: Tailwind
|
|-weather|RainDance|[upkeep]
|upkeep
|turn|2
|
|t:|1785738795
|switch|p1b: Farigiraf|Farigiraf, L50, F|100/100
|move|p2b: Lycanroc|Accelerock||[still]
|cant|p1b: Farigiraf|ability: Armor Tail|Accelerock|[of] p2b: Lycanroc
|move|p2a: Basculegion|Aqua Jet||[still]
|cant|p1b: Farigiraf|ability: Armor Tail|Aqua Jet|[of] p2a: Basculegion
|move|p1a: Raichu|Zap Cannon|p2a: Basculegion
|-supereffective|p2a: Basculegion|1
|-damage|p2a: Basculegion|0 fnt
|faint|p2a: Basculegion
|
|-weather|RainDance|[upkeep]
|upkeep
|
|t:|1785738803
|switch|p2a: Scovillain|Scovillain, L50, F, shiny|100/100
|turn|3
|
|t:|1785738813
|detailschange|p2a: Scovillain|Scovillain-Mega, L50, F, shiny
|-mega|p2a: Scovillain|Scovillain|Scovillainite
|move|p1b: Farigiraf|Helping Hand|p1a: Raichu
|-singleturn|p1a: Raichu|Helping Hand|[of] p1b: Farigiraf
|move|p2a: Scovillain|Rage Powder|p2a: Scovillain
|-singleturn|p2a: Scovillain|move: Rage Powder
|move|p1a: Raichu|Focus Blast|p2a: Scovillain
|-damage|p2a: Scovillain|25/100
|-unboost|p2a: Scovillain|spd|1
|-status|p1a: Raichu|brn|[from] ability: Spicy Spray|[of] p2a: Scovillain
|move|p2b: Lycanroc|Rock Slide|p1b: Farigiraf|[spread] p1a,p1b
|-damage|p1a: Raichu|33/100 brn
|-damage|p1b: Farigiraf|76/100
|
|-weather|RainDance|[upkeep]
|-damage|p1a: Raichu|27/100 brn|[from] brn
|upkeep
|turn|4
|
|t:|1785738831
|move|p1a: Raichu|Protect|p1a: Raichu
|-singleturn|p1a: Raichu|Protect
|move|p2a: Scovillain|Protect|p2a: Scovillain
|-singleturn|p2a: Scovillain|Protect
|move|p2b: Lycanroc|Rock Slide|p1a: Raichu|[spread] p1b
|-activate|p1a: Raichu|move: Protect
|-damage|p1b: Farigiraf|51/100
|cant|p1b: Farigiraf|flinch
|
|-weather|RainDance|[upkeep]
|-damage|p1a: Raichu|21/100 brn|[from] brn
|-sideend|p1: KMMULLER2020|move: Tailwind
|upkeep
|turn|5
|inactive|KMMULLER2020 has 30 seconds left.
|inactive|KMMULLER2020 has 20 seconds left.
|
|t:|1785738867
|switch|p1a: Clefable|Clefable, L50, M|100/100
|move|p2a: Scovillain|Rage Powder|p2a: Scovillain
|-singleturn|p2a: Scovillain|move: Rage Powder
|move|p2b: Lycanroc|Rock Slide|p1a: Clefable|[spread] p1a,p1b
|-damage|p1a: Clefable|64/100
|-damage|p1b: Farigiraf|30/100
|-enditem|p1b: Farigiraf|Sitrus Berry|[eat]
|-heal|p1b: Farigiraf|55/100|[from] item: Sitrus Berry
|move|p1b: Farigiraf|Twin Beam|p2a: Scovillain
|-damage|p2a: Scovillain|2/100
|-status|p1b: Farigiraf|brn|[from] ability: Spicy Spray|[of] p2a: Scovillain
|-damage|p2a: Scovillain|0 fnt
|faint|p2a: Scovillain
|-hitcount|p2: Scovillain|2
|
|-weather|none
|-damage|p1b: Farigiraf|48/100 brn|[from] brn
|upkeep
|
|t:|1785738880
|switch|p2a: Kingambit|Kingambit, L50, M|100/100
|turn|6
|inactive|KMMULLER2020 has 30 seconds left.
|
|t:|1785738911
|move|p1b: Farigiraf|Protect|p1b: Farigiraf
|-singleturn|p1b: Farigiraf|Protect
|move|p2b: Lycanroc|Rock Slide|p1a: Clefable|[spread] p1a
|-activate|p1b: Farigiraf|move: Protect
|-damage|p1a: Clefable|32/100
|move|p1a: Clefable|Moonblast|p2b: Lycanroc
|-damage|p2b: Lycanroc|16/100
|-damage|p1a: Clefable|22/100|[from] item: Life Orb
|move|p2a: Kingambit|Swords Dance|p2a: Kingambit
|-boost|p2a: Kingambit|atk|2
|
|-damage|p1b: Farigiraf|42/100 brn|[from] brn
|upkeep
|turn|7
|inactive|KMMULLER2020 has 30 seconds left.
|
|t:|1785738937
|move|p1a: Clefable|Protect|p1a: Clefable
|-singleturn|p1a: Clefable|Protect
|move|p2b: Lycanroc|Rock Slide|p1b: Farigiraf|[spread] p1b
|-activate|p1a: Clefable|move: Protect
|-damage|p1b: Farigiraf|17/100 brn
|cant|p1b: Farigiraf|flinch
|move|p2a: Kingambit|Kowtow Cleave|p1b: Farigiraf
|-supereffective|p1b: Farigiraf|1
|-damage|p1b: Farigiraf|0 fnt
|faint|p1b: Farigiraf
|
|upkeep
|
|t:|1785738949
|switch|p1b: Raichu|Raichu-Mega-Y, L50, F|21/100 brn
|turn|8
|
|t:|1785738977
|move|p2a: Kingambit|Protect|p2a: Kingambit
|-singleturn|p2a: Kingambit|Protect
|move|p1a: Clefable|Follow Me|p1a: Clefable
|-singleturn|p1a: Clefable|move: Follow Me
|move|p2b: Lycanroc|Accelerock|p1a: Clefable
|-damage|p1a: Clefable|0 fnt
|faint|p1a: Clefable
|move|p1b: Raichu|Zap Cannon|p2b: Lycanroc
|-damage|p2b: Lycanroc|0 fnt
|faint|p2b: Lycanroc
|
|-damage|p1b: Raichu|16/100 brn|[from] brn
|upkeep
|
|t:|1785738988
|switch|p1a: Pelipper|Pelipper, L50, F|100/100
|-weather|RainDance|[from] ability: Drizzle|[of] p1a: Pelipper
|turn|9
|
|t:|1785739007
|move|p1b: Raichu|Focus Blast|p2a: Kingambit
|-supereffective|p2a: Kingambit|2
|-damage|p2a: Kingambit|0 fnt
|faint|p2a: Kingambit
|
|win|KMMULLER2020
||Pyos is ready for game 2.
|inactive|KMMULLER2020 has 30 seconds to confirm battle start!
||KMMULLER2020 is ready for game 2.
|uhtml|next|Next: Game 2 of 3
|l|☆Pyos
|player|p2|
