|j|☆comanderchacha
|j|☆c00ldyl
|html|comanderchachac00ldyl    
|uhtml|bestof|Game 3 of a best-of-3
|t:|1784160842
|gametype|doubles
|player|p1|comanderchacha|1|
|player|p2|c00ldyl|gentleman-gen4dp|
|gen|9
|tier|[Gen 9 Champions] VGC 2026 Reg M-B (Bo3)
|rule|Species Clause: Limit one of each Pokémon
|rule|Item Clause: Limit 1 of each item
|clearpoke
|poke|p1|Charizard, L50, F|
|poke|p1|Floette-Eternal, L50, F|
|poke|p1|Corviknight, L50, M|
|poke|p1|Palafin, L50, F|
|poke|p1|Venusaur, L50, F|
|poke|p1|Espathra, L50, M|
|poke|p2|Lucario, L50, F|
|poke|p2|Gardevoir, L50, F|
|poke|p2|Wyrdeer, L50, M|
|poke|p2|Vileplume, L50, M|
|poke|p2|Torkoal, L50, F|
|poke|p2|Scrafty, L50, F|
|teampreview|4
|showteam|p1|Charizard||CharizarditeY|Blaze|HeatWave,SolarBeam,BrickBreak,Protect|Hasty||F|||50|]Floette-Eternal||Floettite|FlowerVeil|CalmMind,LightofRuin,DazzlingGleam,DrainingKiss|Timid||F|||50|]Corviknight||Leftovers|MirrorArmor|Roost,BodyPress,IronDefense,Tailwind|Bold||M|||50|]Palafin||ChoiceScarf|ZerotoHero|AquaJet,CloseCombat,FlipTurn,WaveCrash|Jolly||F|||50|]Venusaur||FocusSash|Chlorophyll|GigaDrain,SleepPowder,SludgeBomb,Protect|Modest||F|||50|]Espathra||MentalHerb|SpeedBoost|BatonPass,CalmMind,StoredPower,Protect|Modest||M|||50|
|showteam|p2|Lucario||Lucarionite|InnerFocus|CloseCombat,StoneEdge,MeteorMash,Detect|Adamant||F|||50|]Gardevoir||Gardevoirite|Telepathy|HyperVoice,Psychic,TrickRoom,Protect|Modest||F|||50|]Wyrdeer||SitrusBerry|SapSipper|SkillSwap,PsyshieldBash,Gravity,TrickRoom|Brave||M|||50|]Vileplume||LifeOrb|Chlorophyll|SleepPowder,AfterYou,LeafStorm,SludgeBomb|Modest||M|||50|]Torkoal||Charcoal|Drought|Eruption,Overheat,Protect,HelpingHand|Modest||F|||50|]Scrafty||Scraftinite|Intimidate|FakeOut,DrainPunch,KnockOff,RockSlide|Adamant||F|||50|
|
|t:|1784160861
|teamsize|p1|4
|teamsize|p2|4
|start
|switch|p1a: Charizard|Charizard, L50, F|100/100
|switch|p1b: Floette|Floette-Eternal, L50, F|100/100
|switch|p2a: Wyrdeer|Wyrdeer, L50, M|100/100
|switch|p2b: Scrafty|Scrafty, L50, F|100/100
|-ability|p2b: Scrafty|Intimidate|boost
|-unboost|p1a: Charizard|atk|1
|-unboost|p1b: Floette|atk|1
|turn|1
|
|t:|1784160905
|detailschange|p1a: Charizard|Charizard-Mega-Y, L50, F
|-mega|p1a: Charizard|Charizard|Charizardite Y
|-weather|SunnyDay|[from] ability: Drought|[of] p1a: Charizard
|move|p2b: Scrafty|Fake Out|p1b: Floette
|-damage|p1b: Floette|82/100
|move|p1a: Charizard|Heat Wave|p2a: Wyrdeer|[spread] p2a,p2b
|-crit|p2b: Scrafty
|-damage|p2a: Wyrdeer|52/100
|-damage|p2b: Scrafty|19/100
|cant|p1b: Floette|flinch
|move|p2a: Wyrdeer|Trick Room|p2a: Wyrdeer
|-fieldstart|move: Trick Room|[of] p2a: Wyrdeer
|
|-weather|SunnyDay|[upkeep]
|upkeep
|turn|2
|
|t:|1784160935
|move|p2a: Wyrdeer|Psyshield Bash|p1b: Floette
|-damage|p1b: Floette|25/100
|-boost|p2a: Wyrdeer|def|1
|move|p2b: Scrafty|Rock Slide|p1a: Charizard|[spread] p1a,p1b
|-supereffective|p1a: Charizard|2
|-crit|p1a: Charizard
|-crit|p1b: Floette
|-damage|p1a: Charizard|0 fnt
|-damage|p1b: Floette|0 fnt
|faint|p1a: Charizard
|faint|p1b: Floette
|
|-weather|SunnyDay|[upkeep]
|upkeep
|
|t:|1784160961
|switch|p1b: Venusaur|Venusaur, L50, F|100/100
|switch|p1a: Corviknight|Corviknight, L50, M|100/100
|turn|3
|
|t:|1784160998
|move|p2a: Wyrdeer|Psyshield Bash|p1b: Venusaur
|-supereffective|p1b: Venusaur|1
|-enditem|p1b: Venusaur|Focus Sash
|-damage|p1b: Venusaur|1/100
|-boost|p2a: Wyrdeer|def|1
|move|p2b: Scrafty|Rock Slide|p1b: Venusaur|[spread] p1a,p1b
|-crit|p1a: Corviknight
|-damage|p1a: Corviknight|85/100
|-damage|p1b: Venusaur|0 fnt
|faint|p1b: Venusaur
|move|p1a: Corviknight|Iron Defense|p1a: Corviknight
|-boost|p1a: Corviknight|def|2
|
|-weather|SunnyDay|[upkeep]
|-heal|p1a: Corviknight|91/100|[from] item: Leftovers
|upkeep
|turn|4
|
|t:|1784161030
|switch|p2a: Nacho|Torkoal, L50, F|100/100
|move|p2b: Scrafty|Knock Off|p1a: Corviknight
|-crit|p1a: Corviknight
|-damage|p1a: Corviknight|59/100
|-enditem|p1a: Corviknight|Leftovers|[from] move: Knock Off|[of] p2b: Scrafty
|move|p1a: Corviknight|Body Press|p2b: Scrafty
|-supereffective|p2b: Scrafty|1
|-damage|p2b: Scrafty|0 fnt
|faint|p2b: Scrafty
|
|-weather|SunnyDay|[upkeep]
|upkeep
|
|t:|1784161040
|switch|p2b: Gardevoir|Gardevoir, L50, F|100/100
|turn|5
|
|t:|1784161051
|detailschange|p2b: Gardevoir|Gardevoir-Mega, L50, F
|-mega|p2b: Gardevoir|Gardevoir|Gardevoirite
|move|p2a: Nacho|Eruption|p1a: Corviknight
|-supereffective|p1a: Corviknight|1
|-damage|p1a: Corviknight|0 fnt
|faint|p1a: Corviknight
|
|win|c00ldyl
