|j|☆Googy11
|j|☆okester
|html|Googy11okester    
|uhtml|bestof|Game 1 of a best-of-3
|t:|1783992789
|gametype|doubles
|player|p1|Googy11|ethan|
|player|p2|okester|265|
|gen|9
|tier|[Gen 9 Champions] VGC 2026 Reg M-B (Bo3)
|rule|Species Clause: Limit one of each Pokémon
|rule|Item Clause: Limit 1 of each item
|clearpoke
|poke|p1|Sceptile, L50, M|
|poke|p1|Rotom-Heat, L50|
|poke|p1|Mamoswine, L50, F|
|poke|p1|Tinkaton, L50, F|
|poke|p1|Gardevoir, L50, M, shiny|
|poke|p1|Basculegion, L50, M|
|poke|p2|Dragonite, L50, F|
|poke|p2|Gholdengo, L50|
|poke|p2|Talonflame, L50, M|
|poke|p2|Medicham, L50, M|
|poke|p2|Stunfisk, L50, M|
|poke|p2|Azumarill, L50, M|
|teampreview|4
|showteam|p1|Sceptile||Sceptilite|Overgrow|DragonPulse,EarthPower,EnergyBall,Protect|Timid||M|||50|]Rotom-Heat||ChoiceScarf|Levitate|Electroweb,Discharge,Overheat,VoltSwitch|Timid|||||50|]Mamoswine||FocusSash|Oblivious|RockSlide,IcicleCrash,HighHorsepower,Protect|Jolly||F|||50|]Tinkaton||SitrusBerry|MoldBreaker|FakeOut,PlayRough,KnockOff,Protect|Adamant||F|||50|]Gardevoir||Gardevoirite|Synchronize|HyperVoice,MysticalFire,Thunderbolt,Protect|Modest||M|||50|]Basculegion||LifeOrb|Adaptability|WaveCrash,AquaJet,LastRespects,Protect|Jolly||M|||50|
|showteam|p2|Dragonite||Dragoninite|Multiscale|DracoMeteor,IceBeam,AirSlash,ExtremeSpeed|Modest||F|||50|]Gholdengo||LifeOrb|GoodasGold|MakeItRain,ShadowBall,DazzlingGleam,NastyPlot|Modest|||||50|]Talonflame||SharpBeak|GaleWings|Tailwind,Protect,FlareBlitz,BraveBird|Jolly||M|||50|]Medicham||Medichamite|PurePower|FakeOut,CloseCombat,PoisonJab,RockSlide|Brave||M|||50|]Stunfisk||ExpertBelt|Static|Protect,SuckerPunch,EarthPower,Thunderbolt|Modest||M|||50|]Azumarill||SitrusBerry|HugePower|PlayRough,AquaJet,Protect,GrassKnot|Adamant||M|||50|
|
|t:|1783992845
|teamsize|p1|4
|teamsize|p2|4
|start
|switch|p1a: Tinkaton|Tinkaton, L50, F|100/100
|switch|p1b: Mamoswine|Mamoswine, L50, F|100/100
|switch|p2a: Talonflame|Talonflame, L50, M|100/100
|switch|p2b: Gholdengo|Gholdengo, L50|100/100
|-ability|p1a: Tinkaton|Mold Breaker
|turn|1
|
|t:|1783992866
|move|p1a: Tinkaton|Fake Out|p2a: Talonflame
|-damage|p2a: Talonflame|83/100
|cant|p2a: Talonflame|flinch
|move|p1b: Mamoswine|Rock Slide|p2a: Talonflame|[spread] p2a,p2b
|-supereffective|p2a: Talonflame|2
|-resisted|p2b: Gholdengo|1
|-damage|p2a: Talonflame|0 fnt
|-damage|p2b: Gholdengo|89/100
|faint|p2a: Talonflame
|cant|p2b: Gholdengo|flinch
|
|upkeep
|
|t:|1783992882
|switch|p2a: Stunfisk|Stunfisk, L50, M|100/100
|turn|2
|
|t:|1783992893
|switch|p1a: Rotom|Rotom-Heat, L50|100/100
|move|p1b: Mamoswine|High Horsepower|p2b: Gholdengo
|-supereffective|p2b: Gholdengo|1
|-damage|p2b: Gholdengo|0 fnt
|faint|p2b: Gholdengo
|move|p2a: Stunfisk|Earth Power|p1a: Rotom
|-immune|p1a: Rotom|[from] ability: Levitate
|
|upkeep
|
|t:|1783992906
|switch|p2b: Medicham|Medicham, L50, M|100/100
|turn|3
|
|t:|1783992923
|detailschange|p2b: Medicham|Medicham-Mega, L50, M
|-mega|p2b: Medicham|Medicham|Medichamite
|move|p2a: Stunfisk|Sucker Punch|p1a: Rotom
|-damage|p1a: Rotom|85/100
|move|p1a: Rotom|Electroweb|p2b: Medicham|[spread] p2b
|-immune|p2a: Stunfisk
|-damage|p2b: Medicham|76/100
|-unboost|p2b: Medicham|spe|1
|move|p1b: Mamoswine|Icicle Crash|p2a: Stunfisk
|-supereffective|p2a: Stunfisk|1
|-damage|p2a: Stunfisk|21/100
|move|p2b: Medicham|Rock Slide|p1a: Rotom|[spread] p1a,p1b
|-supereffective|p1a: Rotom|1
|-damage|p1a: Rotom|0 fnt
|-damage|p1b: Mamoswine|58/100
|faint|p1a: Rotom
|
|upkeep
|
|t:|1783992941
|switch|p1a: Tinkaton|Tinkaton, L50, F|100/100
|-ability|p1a: Tinkaton|Mold Breaker
|turn|4
|
|t:|1783992949
|move|p1a: Tinkaton|Fake Out|p2b: Medicham
|-damage|p2b: Medicham|61/100
|move|p1b: Mamoswine|Icicle Crash|p2a: Stunfisk
|-supereffective|p2a: Stunfisk|1
|-damage|p2a: Stunfisk|0 fnt
|faint|p2a: Stunfisk
|cant|p2b: Medicham|flinch
|
|upkeep
|turn|5
|
|t:|1783992961
|move|p1b: Mamoswine|High Horsepower|p2b: Medicham
|-crit|p2b: Medicham
|-damage|p2b: Medicham|0 fnt
|faint|p2b: Medicham
|
|win|Googy11
|c|☆Googy11|gg
