|j|☆volkron zz
|j|☆astonzin
|html|volkron zzastonzin    
|uhtml|bestof|Game 1 of a best-of-3
|t:|1782599612
|gametype|doubles
|player|p1|volkron zz|heroine2-conquest|1053
|player|p2|astonzin|1|1097
|gen|9
|tier|[Gen 9 Champions] VGC 2026 Reg M-B (Bo3)
|rated|
|rule|Species Clause: Limit one of each Pokémon
|rule|Item Clause: Limit 1 of each item
|clearpoke
|poke|p1|Absol, L50, F|
|poke|p1|Tinkaton, L50, F|
|poke|p1|Sinistcha, L50|
|poke|p1|Pelipper, L50, F|
|poke|p1|Garchomp, L50, F|
|poke|p1|Incineroar, L50, F|
|poke|p2|Froslass, L50, F|
|poke|p2|Kingambit, L50, F|
|poke|p2|Sinistcha, L50|
|poke|p2|Blaziken, L50, F|
|poke|p2|Basculegion, L50, M|
|poke|p2|Sneasler, L50, M|
|teampreview|4
|showteam|p1|Absol||Absolite|Justified|Protect,SuckerPunch,PsychoCut,SwordsDance|Adamant||F|||50|]Tinkaton||FocusSash|MoldBreaker|FakeOut,GigatonHammer,PlayRough,ThunderWave|Jolly||F|||50|]Sinistcha||SitrusBerry|Hospitality|RagePowder,LifeDew,MatchaGotcha,TrickRoom|Bold|||||50|]Pelipper||WacanBerry|Drizzle|WideGuard,Protect,Hurricane,WeatherBall|Bold||F|||50|]Garchomp||ChoiceScarf|RoughSkin|Earthquake,RockSlide,StompingTantrum,DragonClaw|Jolly||F|||50|]Incineroar||ChopleBerry|Intimidate|FlareBlitz,DarkestLariat,FakeOut,PartingShot|Careful||F|||50|
|showteam|p2|Froslass||Froslassite|CursedBody|Blizzard,ShadowBall,AuroraVeil,Protect|Modest||F|||50|]Kingambit||BlackGlasses|Defiant|KowtowCleave,SuckerPunch,IronHead,Protect|Adamant||F|||50|]Sinistcha||KasibBerry|Hospitality|MatchaGotcha,RagePowder,LifeDew,Protect|Relaxed|||||50|]Blaziken||Blazikenite|SpeedBoost|FlareBlitz,CloseCombat,RockSlide,Protect|Adamant||F|||50|]Basculegion||ChoiceScarf|Adaptability|WaveCrash,AquaJet,LastRespects,FlipTurn|Jolly||M|||50|]Sneasler||FocusSash|PoisonTouch|PoisonJab,CloseCombat,Protect,FakeOut|Adamant||M|||50|
|inactive|Battle timer is ON: inactive players will automatically lose when time's up. (requested by volkron zz)
|
|t:|1782599642
|teamsize|p1|4
|teamsize|p2|4
|start
|switch|p1a: Tinkaton|Tinkaton, L50, F|100/100
|switch|p1b: Garchomp|Garchomp, L50, F|100/100
|switch|p2a: Froslass|Froslass, L50, F|100/100
|switch|p2b: Basculegion|Basculegion, L50, M|100/100
|-ability|p1a: Tinkaton|Mold Breaker
|turn|1
|
|t:|1782599657
|detailschange|p2a: Froslass|Froslass-Mega, L50, F
|-mega|p2a: Froslass|Froslass|Froslassite
|-weather|Snowscape|[from] ability: Snow Warning|[of] p2a: Froslass
|move|p1b: Garchomp|Rock Slide|p2b: Basculegion|[spread] p2a,p2b
|-supereffective|p2a: Froslass|1
|-damage|p2a: Froslass|66/100
|-damage|p2b: Basculegion|77/100
|cant|p2b: Basculegion|flinch
|cant|p2a: Froslass|flinch
|move|p1a: Tinkaton|Gigaton Hammer|p2a: Froslass
|-supereffective|p2a: Froslass|1
|-damage|p2a: Froslass|0 fnt
|faint|p2a: Froslass
|
|-weather|Snowscape|[upkeep]
|upkeep
|
|t:|1782599668
|switch|p2a: Sinistcha|Sinistcha, L50|100/100
|-heal|p2b: Basculegion|100/100|[from] ability: Hospitality|[of] p2a: Sinistcha
|turn|2
|
|t:|1782599680
|move|p2a: Sinistcha|Rage Powder|p2a: Sinistcha
|-singleturn|p2a: Sinistcha|move: Rage Powder
|move|p1b: Garchomp|Rock Slide|p2a: Sinistcha|[spread] p2a,p2b
|-damage|p2a: Sinistcha|83/100
|-damage|p2b: Basculegion|76/100
|move|p2b: Basculegion|Last Respects|p1b: Garchomp
|-damage|p1b: Garchomp|44/100
|move|p1a: Tinkaton|Thunder Wave|p2a: Sinistcha
|-status|p2a: Sinistcha|par
|
|-weather|Snowscape|[upkeep]
|upkeep
|turn|3
|
|t:|1782599697
|switch|p1b: Incineroar|Incineroar, L50, F|100/100
|-ability|p1b: Incineroar|Intimidate|boost
|-unboost|p2a: Sinistcha|atk|1
|-unboost|p2b: Basculegion|atk|1
|switch|p2a: Kingambit|Kingambit, L50, F|100/100
|move|p2b: Basculegion|Last Respects|p1b: Incineroar
|-resisted|p1b: Incineroar|1
|-damage|p1b: Incineroar|82/100
|move|p1a: Tinkaton|Play Rough|p2b: Basculegion
|-damage|p2b: Basculegion|43/100
|
|-weather|Snowscape|[upkeep]
|upkeep
|turn|4
|
|t:|1782599718
|switch|p2b: Sinistcha|Sinistcha, L50|83/100 par
|move|p2a: Kingambit|Protect|p2a: Kingambit
|-singleturn|p2a: Kingambit|Protect
|move|p1a: Tinkaton|Gigaton Hammer|p2b: Sinistcha
|-damage|p2b: Sinistcha|33/100 par
|move|p1b: Incineroar|Flare Blitz|p2a: Kingambit
|-activate|p2a: Kingambit|move: Protect
|
|-weather|Snowscape|[upkeep]
|upkeep
|turn|5
|
|t:|1782599741
|move|p1a: Tinkaton|Play Rough|p2b: Sinistcha
|-damage|p2b: Sinistcha|2/100 par
|move|p1b: Incineroar|Parting Shot|p2a: Kingambit
|-unboost|p2a: Kingambit|atk|1
|-ability|p2a: Kingambit|Defiant|boost
|-boost|p2a: Kingambit|atk|2
|-unboost|p2a: Kingambit|spa|1
|-ability|p2a: Kingambit|Defiant|boost
|-boost|p2a: Kingambit|atk|2
|
|t:|1782599755
|switch|p1b: Garchomp|Garchomp, L50, F|44/100|[from] Parting Shot
|move|p2a: Kingambit|Kowtow Cleave|p1a: Tinkaton
|-resisted|p1a: Tinkaton|1
|-enditem|p1a: Tinkaton|Focus Sash
|-damage|p1a: Tinkaton|1/100
|move|p2b: Sinistcha|Life Dew||[still]|[spread] p2a,p2b
|-fail|p2a: Kingambit|heal
|-heal|p2b: Sinistcha|28/100 par
|
|-weather|none
|upkeep
|turn|6
|
|t:|1782599766
|move|p2a: Kingambit|Protect|p2a: Kingambit
|-singleturn|p2a: Kingambit|Protect
|move|p2b: Sinistcha|Protect|p2b: Sinistcha
|-singleturn|p2b: Sinistcha|Protect
|move|p1b: Garchomp|Earthquake|p2a: Kingambit|[spread] p1a
|-activate|p2a: Kingambit|move: Protect
|-activate|p2b: Sinistcha|move: Protect
|-supereffective|p1a: Tinkaton|1
|-damage|p1a: Tinkaton|0 fnt
|faint|p1a: Tinkaton
|
|upkeep
|
|t:|1782599769
|switch|p1a: Incineroar|Incineroar, L50, F|82/100
|-ability|p1a: Incineroar|Intimidate|boost
|-unboost|p2a: Kingambit|atk|1
|-ability|p2a: Kingambit|Defiant|boost
|-boost|p2a: Kingambit|atk|2
|-unboost|p2b: Sinistcha|atk|1
|turn|7
|
|t:|1782599783
|move|p1a: Incineroar|Fake Out|p2a: Kingambit
|-resisted|p2a: Kingambit|1
|-damage|p2a: Kingambit|96/100
|cant|p2a: Kingambit|flinch
|move|p1b: Garchomp|Earthquake|p2b: Sinistcha|[spread] p1a,p2a,p2b
|-supereffective|p1a: Incineroar|1
|-supereffective|p2a: Kingambit|1
|-resisted|p2b: Sinistcha|1
|-damage|p1a: Incineroar|10/100
|-damage|p2a: Kingambit|37/100
|-damage|p2b: Sinistcha|12/100 par
|move|p2b: Sinistcha|Matcha Gotcha|p1a: Incineroar|[spread] p1a,p1b
|-resisted|p1a: Incineroar|1
|-crit|p1a: Incineroar
|-damage|p1a: Incineroar|0 fnt
|-heal|p2b: Sinistcha|19/100 par|[from] drain|[of] p1a: Incineroar
|-damage|p1b: Garchomp|16/100
|-heal|p2b: Sinistcha|33/100 par|[from] drain|[of] p1b: Garchomp
|faint|p1a: Incineroar
|
|upkeep
|
|t:|1782599790
|switch|p1a: Absol|Absol, L50, F|100/100
|turn|8
|
|t:|1782599795
|detailschange|p1a: Absol|Absol-Mega, L50, F
|-mega|p1a: Absol|Absol|Absolite
|move|p2a: Kingambit|Protect|p2a: Kingambit
|-singleturn|p2a: Kingambit|Protect
|move|p1a: Absol|Sucker Punch||[still]
|-fail|p1a: Absol
|move|p1b: Garchomp|Earthquake|p2b: Sinistcha|[spread] p1a,p2b
|-activate|p2a: Kingambit|move: Protect
|-resisted|p2b: Sinistcha|1
|-damage|p1a: Absol|21/100
|-damage|p2b: Sinistcha|16/100 par
|move|p2b: Sinistcha|Life Dew|p2b: Sinistcha|[spread] p2a,p2b
|-heal|p2a: Kingambit|62/100
|-heal|p2b: Sinistcha|42/100 par
|
|upkeep
|turn|9
|
|t:|1782599812
|move|p1a: Absol|Protect|p1a: Absol
|-singleturn|p1a: Absol|Protect
|move|p2a: Kingambit|Sucker Punch|p1b: Garchomp
|-damage|p1b: Garchomp|0 fnt
|-damage|p2a: Kingambit|50/100g|[from] ability: Rough Skin|[of] p1b: Garchomp
|faint|p1b: Garchomp
|move|p2b: Sinistcha|Matcha Gotcha|p1a: Absol
|-activate|p1a: Absol|move: Protect
|
|upkeep
|turn|10
|
|t:|1782599817
|move|p1a: Absol|Sucker Punch|p2a: Kingambit
|-resisted|p2a: Kingambit|1
|-damage|p2a: Kingambit|32/100
|move|p2a: Kingambit|Kowtow Cleave|p1a: Absol
|-resisted|p1a: Absol|1
|-damage|p1a: Absol|0 fnt
|faint|p1a: Absol
|
|win|astonzin
|raw|volkron zz's rating: 1053 → 1037(-16 for losing)
|raw|astonzin's rating: 1097 → 1119(+22 for winning)
|l|☆volkron zz
|player|p1|
