|j|☆p0lisindet0n
|j|☆Jessditta
|html|p0lisindet0nJessditta    
|uhtml|bestof|Game 1 of a best-of-3
|t:|1757852283
|gametype|doubles
|player|p1|p0lisindet0n|lucas|1163
|player|p2|Jessditta|hilda|1215
|gen|9
|tier|[Gen 9] VGC 2025 Reg H (Bo3)
|rated|
|rule|Species Clause: Limit one of each Pokémon
|rule|Item Clause: Limit 1 of each item
|clearpoke
|poke|p1|Volcarona, L50, F|
|poke|p1|Rillaboom, L50, M|
|poke|p1|Electabuzz, L50, F|
|poke|p1|Whimsicott, L50, F|
|poke|p1|Typhlosion-Hisui, L50, F|
|poke|p1|Ursaluna-Bloodmoon, L50, M|
|poke|p2|Ninetales-Alola, L50, M|
|poke|p2|Rillaboom, L50, F|
|poke|p2|Volcarona, L50, M|
|poke|p2|Annihilape, L50, M|
|poke|p2|Samurott-Hisui, L50, F|
|poke|p2|Sneasler, L50, M|
|teampreview|4
|showteam|p1|Volcarona||GrassySeed|FlameBody|FieryDance,TeraBlast,QuiverDance,Protect|||F|||50|,,,,,Fairy]Rillaboom||AssaultVest|GrassySurge|WoodHammer,GrassyGlide,FakeOut,Uturn|||M|||50|,,,,,Fire]Electabuzz||Eviolite|VitalSpirit|FollowMe,Electroweb,Taunt,ThunderWave|||F|||50|,,,,,Ghost]Whimsicott||CovertCloak|Prankster|Tailwind,SunnyDay,Moonblast,FakeTears|||F|||50|,,,,,Poison]Typhlosion-Hisui||ChoiceSpecs|Blaze|Eruption,Overheat,ShadowBall,SolarBeam|||F|||50|,,,,,Fire]Ursaluna-Bloodmoon||LifeOrb|MindsEye|BloodMoon,EarthPower,HyperVoice,Protect|||M|||50|,,,,,Normal
|showteam|p2|Ninetales-Alola||LightClay|SnowWarning|Blizzard,IcicleSpear,AuroraVeil,FreezeDry|||M|||50|,,,,,Ghost]Rillaboom||AssaultVest|GrassySurge|FakeOut,WoodHammer,GrassyGlide,Uturn|||F|||50|,,,,,Fire]Volcarona||SitrusBerry|FlameBody|HeatWave,GigaDrain,QuiverDance,Protect|||M|||50|,,,,,Grass]Annihilape||Leftovers|Defiant|RageFist,DrainPunch,BulkUp,Protect|||M|||50|,,,,,Fire]Samurott-Hisui||LifeOrb|Sharpness|AquaCutter,CeaselessEdge,SacredSword,Protect|||F|||50|,,,,,Water]Sneasler||GrassySeed|Unburden|FakeOut,DireClaw,CloseCombat,Coaching|||M|||50|,,,,,Dark
|inactive|Battle timer is ON: inactive players will automatically lose when time's up. (requested by p0lisindet0n)
|
|t:|1757852334
|teamsize|p1|4
|teamsize|p2|4
|start
|switch|p1a: Whimsicott|Whimsicott, L50, F|100/100
|switch|p1b: Typhlosion|Typhlosion-Hisui, L50, F|100/100
|switch|p2a: Annihilape|Annihilape, L50, M, shiny|100/100
|switch|p2b: Ninetales|Ninetales-Alola, L50, M|100/100
|-weather|Snowscape|[from] ability: Snow Warning|[of] p2b: Ninetales
|turn|1
|
|t:|1757852355
|-terastallize|p1b: Typhlosion|Fire
|-terastallize|p2a: Annihilape|Fire
|move|p1a: Whimsicott|Tailwind|p1a: Whimsicott
|-sidestart|p1: p0lisindet0n|move: Tailwind
|move|p1b: Typhlosion|Eruption|p2a: Annihilape|[spread] p2a,p2b
|-resisted|p2a: Annihilape
|-supereffective|p2b: Ninetales
|-damage|p2a: Annihilape|48/100
|-damage|p2b: Ninetales|0 fnt
|faint|p2b: Ninetales
|move|p2a: Annihilape|Rage Fist|p1b: Typhlosion
|-damage|p1b: Typhlosion|17/100
|
|-weather|Snowscape|[upkeep]
|-heal|p2a: Annihilape|54/100|[from] item: Leftovers
|upkeep
|
|t:|1757852374
|switch|p2b: Volcarona|Volcarona, L50, M|100/100
|turn|2
|
|t:|1757852382
|switch|p1b: Electabuzz|Electabuzz, L50, F|100/100
|move|p1a: Whimsicott|Fake Tears|p2a: Annihilape
|-unboost|p2a: Annihilape|spd|2
|-ability|p2a: Annihilape|Defiant|boost
|-boost|p2a: Annihilape|atk|2
|move|p2b: Volcarona|Quiver Dance|p2b: Volcarona
|-boost|p2b: Volcarona|spa|1
|-boost|p2b: Volcarona|spd|1
|-boost|p2b: Volcarona|spe|1
|move|p2a: Annihilape|Rage Fist|p1a: Whimsicott
|-damage|p1a: Whimsicott|0 fnt
|faint|p1a: Whimsicott
|
|-weather|Snowscape|[upkeep]
|-heal|p2a: Annihilape|60/100|[from] item: Leftovers
|upkeep
|
|t:|1757852407
|switch|p1a: Ursaluna|Ursaluna-Bloodmoon, L50, M|100/100
|turn|3
|
|t:|1757852420
|move|p2b: Volcarona|Protect|p2b: Volcarona
|-singleturn|p2b: Volcarona|Protect
|move|p2a: Annihilape|Protect|p2a: Annihilape
|-singleturn|p2a: Annihilape|Protect
|move|p1b: Electabuzz|Thunder Wave|p2b: Volcarona
|-activate|p2b: Volcarona|move: Protect
|move|p1a: Ursaluna|Blood Moon|p2b: Volcarona
|-activate|p2b: Volcarona|move: Protect
|
|-weather|Snowscape|[upkeep]
|-heal|p2a: Annihilape|66/100|[from] item: Leftovers
|upkeep
|turn|4
|
|t:|1757852443
|move|p1b: Electabuzz|Thunder Wave|p2b: Volcarona
|-status|p2b: Volcarona|par
|move|p1a: Ursaluna|Earth Power|p2a: Annihilape
|-supereffective|p2a: Annihilape
|-damage|p2a: Annihilape|0 fnt
|faint|p2a: Annihilape
|-damage|p1a: Ursaluna|91/100|[from] item: Life Orb
|move|p2b: Volcarona|Giga Drain|p1a: Ursaluna
|-supereffective|p1a: Ursaluna
|-damage|p1a: Ursaluna|0 fnt
|faint|p1a: Ursaluna
|
|-weather|Snowscape|[upkeep]
|-sideend|p1: p0lisindet0n|move: Tailwind
|upkeep
|
|t:|1757852457
|switch|p2a: Sneasler|Sneasler, L50, M|100/100
|switch|p1a: Typhlosion|Typhlosion-Hisui, L50, F, tera:Fire|17/100
|turn|5
|
|t:|1757852479
|move|p2a: Sneasler|Fake Out|p1b: Electabuzz
|-damage|p1b: Electabuzz|89/100
|cant|p1b: Electabuzz|flinch
|move|p1a: Typhlosion|Overheat|p2a: Sneasler
|-damage|p2a: Sneasler|0 fnt
|-unboost|p1a: Typhlosion|spa|2
|faint|p2a: Sneasler
|move|p2b: Volcarona|Heat Wave|p1a: Typhlosion|[spread] p1b
|-miss|p2b: Volcarona|p1a: Typhlosion
|-damage|p1b: Electabuzz|45/100
|
|-weather|none
|upkeep
|turn|6
|inactive|p0lisindet0n has 30 seconds left.
|
|t:|1757852512
|move|p1a: Typhlosion|Overheat|p2b: Volcarona
|-damage|p2b: Volcarona|41/100 par
|-unboost|p1a: Typhlosion|spa|2
|-enditem|p2b: Volcarona|Sitrus Berry|[eat]
|-heal|p2b: Volcarona|66/100 par|[from] item: Sitrus Berry
|move|p1b: Electabuzz|Electroweb|p2b: Volcarona
|-damage|p2b: Volcarona|55/100 par
|-unboost|p2b: Volcarona|spe|1
|move|p2b: Volcarona|Heat Wave|p1b: Electabuzz|[spread] p1b
|-miss|p2b: Volcarona|p1a: Typhlosion
|-damage|p1b: Electabuzz|2/100
|
|upkeep
|turn|7
|
|t:|1757852530
|move|p1a: Typhlosion|Overheat|p2b: Volcarona
|-damage|p2b: Volcarona|10/100 par
|-unboost|p1a: Typhlosion|spa|2
|move|p1b: Electabuzz|Electroweb|p2b: Volcarona
|-damage|p2b: Volcarona|0 fnt
|faint|p2b: Volcarona
|
|win|p0lisindet0n
||Jessditta is ready for game 2.
||p0lisindet0n is ready for game 2.
|uhtml|next|Next: Game 2 of 3
