|j|☆mikelpoyarzabal
|j|☆1Manuel1410
|html|mikelpoyarzabal1Manuel1410    
|uhtml|bestof|Game 1 of a best-of-3
|t:|1785071491
|gametype|doubles
|player|p1|mikelpoyarzabal|arven-s|1355
|player|p2|1Manuel1410|pokemaniac|1155
|gen|9
|tier|[Gen 9 Champions] VGC 2026 Reg M-B (Bo3)
|rated|
|rule|Species Clause: Limit one of each Pokémon
|rule|Item Clause: Limit 1 of each item
|clearpoke
|poke|p1|Tyranitar, L50, F|
|poke|p1|Excadrill, L50, M|
|poke|p1|Gholdengo, L50|
|poke|p1|Milotic, L50, F|
|poke|p1|Sinistcha, L50|
|poke|p1|Staraptor, L50, M|
|poke|p2|Staraptor, L50, M|
|poke|p2|Whimsicott, L50, M|
|poke|p2|Milotic, L50, M|
|poke|p2|Rotom-Heat, L50|
|poke|p2|Gengar, L50, M|
|poke|p2|Sneasler, L50, F|
|teampreview|4
|showteam|p1|Tyranitar||Tyranitarite|SandStream|RockSlide,KnockOff,LowKick,Protect|Jolly||F|||50|]Excadrill||FocusSash|SandRush|HighHorsepower,IronHead,RockSlide,Protect|Adamant||M|||50|]Gholdengo||LifeOrb|GoodasGold|ShadowBall,MakeItRain,NastyPlot,Protect|Modest|||||50|]Milotic||SitrusBerry|Competitive|Scald,IceBeam,IcyWind,Protect|Calm||F|||50|]Sinistcha||ColburBerry|Hospitality|MatchaGotcha,ShadowBall,RagePowder,Protect|Bold|||||50|]Staraptor||Staraptite|Intimidate|BraveBird,CloseCombat,Tailwind,Protect|Jolly||M|||50|
|showteam|p2|Staraptor||Staraptite|Intimidate|Protect,Roost,CloseCombat,DualWingbeat|Jolly||M|||50|]Whimsicott||FocusSash|Prankster|Tailwind,Charm,Moonblast,LightScreen|Timid||M|||50|]Milotic||Leftovers|Competitive|Recover,MuddyWater,Coil,Hypnosis|Calm||M|||50|]Rotom-Heat||SitrusBerry|Levitate|Protect,WillOWisp,Overheat,Thunderbolt|Calm|||||50|]Gengar||Gengarite|CursedBody|Protect,ShadowBall,SludgeBomb,PerishSong|Modest||M|||50|]Sneasler||WhiteHerb|Unburden|FakeOut,CloseCombat,DireClaw,Protect|Adamant||F|||50|
|inactive|Battle timer is ON: inactive players will automatically lose when time's up. (requested by 1Manuel1410)
|inactive|mikelpoyarzabal also wants the timer to be on.
|inactive|mikelpoyarzabal has 60 seconds left.
|inactive|1Manuel1410 has 60 seconds left.
|
|t:|1785071531
|teamsize|p1|4
|teamsize|p2|4
|start
|switch|p1a: Milotic|Milotic, L50, F|100/100
|switch|p1b: Sinistcha|Sinistcha, L50|100/100
|switch|p2a: Milotic|Milotic, L50, M|100/100
|switch|p2b: Rotom|Rotom-Heat, L50|100/100
|turn|1
|
|t:|1785071545
|switch|p1a: Gholdengo|Gholdengo, L50|100/100
|move|p1b: Sinistcha|Protect|p1b: Sinistcha
|-singleturn|p1b: Sinistcha|Protect
|move|p2b: Rotom|Overheat|p1b: Sinistcha
|-activate|p1b: Sinistcha|move: Protect
|move|p2a: Milotic|Coil|p2a: Milotic
|-boost|p2a: Milotic|atk|1
|-boost|p2a: Milotic|def|1
|-boost|p2a: Milotic|accuracy|1
|
|upkeep
|turn|2
|inactive|1Manuel1410 has 30 seconds left.
|
|t:|1785071570
|move|p1b: Sinistcha|Rage Powder|p1b: Sinistcha
|-singleturn|p1b: Sinistcha|move: Rage Powder
|move|p1a: Gholdengo|Nasty Plot|p1a: Gholdengo
|-boost|p1a: Gholdengo|spa|2
|move|p2b: Rotom|Overheat|p1b: Sinistcha
|-supereffective|p1b: Sinistcha|1
|-damage|p1b: Sinistcha|0 fnt
|-unboost|p2b: Rotom|spa|2
|faint|p1b: Sinistcha
|move|p2a: Milotic|Coil|p2a: Milotic
|-boost|p2a: Milotic|atk|1
|-boost|p2a: Milotic|def|1
|-boost|p2a: Milotic|accuracy|1
|
|upkeep
|
|t:|1785071584
|switch|p1b: Staraptor|Staraptor, L50, M|100/100
|-ability|p1b: Staraptor|Intimidate|boost
|-unboost|p2a: Milotic|atk|1
|-ability|p2a: Milotic|Competitive|boost
|-boost|p2a: Milotic|spa|2
|-unboost|p2b: Rotom|atk|1
|turn|3
|
|t:|1785071592
|detailschange|p1b: Staraptor|Staraptor-Mega, L50, M
|-mega|p1b: Staraptor|Staraptor|Staraptite
|move|p1b: Staraptor|Close Combat|p2a: Milotic
|-damage|p2a: Milotic|71/100
|-boost|p1b: Staraptor|def|1
|-boost|p1b: Staraptor|spd|1
|move|p1a: Gholdengo|Shadow Ball|p2a: Milotic
|-damage|p2a: Milotic|5/100
|-damage|p1a: Gholdengo|90/100|[from] item: Life Orb
|move|p2b: Rotom|Will-O-Wisp|p1b: Staraptor
|-status|p1b: Staraptor|brn
|move|p2a: Milotic|Muddy Water|p1b: Staraptor|[spread] p1a,p1b
|-damage|p1a: Gholdengo|35/100
|-damage|p1b: Staraptor|68/100 brn
|
|-heal|p2a: Milotic|11/100|[from] item: Leftovers
|-damage|p1b: Staraptor|62/100 brn|[from] brn
|upkeep
|turn|4
|
|t:|1785071612
|move|p1b: Staraptor|Close Combat|p2a: Milotic
|-damage|p2a: Milotic|0 fnt
|-boost|p1b: Staraptor|def|1
|-boost|p1b: Staraptor|spd|1
|faint|p2a: Milotic
|move|p1a: Gholdengo|Shadow Ball|p2b: Rotom
|-damage|p2b: Rotom|0 fnt
|faint|p2b: Rotom
|-damage|p1a: Gholdengo|25/100|[from] item: Life Orb
|
|-damage|p1b: Staraptor|56/100 brn|[from] brn
|upkeep
|
|t:|1785071616
|switch|p2b: Gengar|Gengar, L50, M|100/100
|switch|p2a: Sneasler|Sneasler, L50, F|100/100
|turn|5
|
|t:|1785071626
|switch|p1a: Milotic|Milotic, L50, F|100/100
|detailschange|p2b: Gengar|Gengar-Mega, L50, M
|-mega|p2b: Gengar|Gengar|Gengarite
|move|p2a: Sneasler|Fake Out|p1b: Staraptor
|-damage|p1b: Staraptor|48/100 brn
|cant|p1b: Staraptor|flinch
|move|p2b: Gengar|Shadow Ball|p1a: Milotic
|-damage|p1a: Milotic|60/100
|
|-damage|p1b: Staraptor|42/100 brn|[from] brn
|upkeep
|turn|6
|inactive|1Manuel1410 has 30 seconds left.
|
|t:|1785071659
|move|p1b: Staraptor|Tailwind|p1b: Staraptor
|-sidestart|p1: mikelpoyarzabal|move: Tailwind
|move|p1a: Milotic|Scald|p2a: Sneasler
|-damage|p2a: Sneasler|55/100
|move|p2a: Sneasler|Dire Claw|p1b: Staraptor
|-damage|p1b: Staraptor|20/100y brn
|move|p2b: Gengar|Sludge Bomb|p1b: Staraptor
|-damage|p1b: Staraptor|0 fnt
|faint|p1b: Staraptor
|
|upkeep
|
|t:|1785071667
|switch|p1b: Gholdengo|Gholdengo, L50|25/100
|turn|7
|
|t:|1785071681
|move|p2a: Sneasler|Protect|p2a: Sneasler
|-singleturn|p2a: Sneasler|Protect
|move|p2b: Gengar|Protect|p2b: Gengar
|-singleturn|p2b: Gengar|Protect
|move|p1b: Gholdengo|Shadow Ball|p2b: Gengar
|-activate|p2b: Gengar|move: Protect
|move|p1a: Milotic|Scald|p2a: Sneasler
|-activate|p2a: Sneasler|move: Protect
|
|upkeep
|turn|8
|
|t:|1785071699
|move|p1b: Gholdengo|Shadow Ball|p2b: Gengar
|-supereffective|p2b: Gengar|1
|-damage|p2b: Gengar|0 fnt
|faint|p2b: Gengar
|-damage|p1b: Gholdengo|16/100|[from] item: Life Orb
|move|p1a: Milotic|Scald|p2a: Sneasler
|-damage|p2a: Sneasler|9/100
|-status|p2a: Sneasler|brn
|move|p2a: Sneasler|Close Combat|p1a: Milotic
|-damage|p1a: Milotic|25/100
|-unboost|p2a: Sneasler|def|1
|-unboost|p2a: Sneasler|spd|1
|-enditem|p1a: Milotic|Sitrus Berry|[eat]
|-heal|p1a: Milotic|50/100y|[from] item: Sitrus Berry
|-enditem|p2a: Sneasler|White Herb
|-clearnegativeboost|p2a: Sneasler|[silent]
|
|-damage|p2a: Sneasler|3/100 brn|[from] brn
|upkeep
|turn|9
|
|t:|1785071713
|move|p2a: Sneasler|Close Combat|p1a: Milotic
|-damage|p1a: Milotic|18/100
|-unboost|p2a: Sneasler|def|1
|-unboost|p2a: Sneasler|spd|1
|move|p1b: Gholdengo|Shadow Ball|p2a: Sneasler
|-damage|p2a: Sneasler|0 fnt
|faint|p2a: Sneasler
|-damage|p1b: Gholdengo|6/100|[from] item: Life Orb
|
|win|mikelpoyarzabal
