|j|☆Mortipherus
|j|☆Realfrytki
|html|MortipherusRealfrytki    
|uhtml|bestof|Game 1 of a best-of-3
|t:|1756404344
|gametype|doubles
|player|p1|Mortipherus|biker-gen4|
|player|p2|Realfrytki|veteranf|
|gen|9
|tier|[Gen 9] VGC 2025 Reg H (Bo3)
|rule|Species Clause: Limit one of each Pokémon
|rule|Item Clause: Limit 1 of each item
|clearpoke
|poke|p1|Hydrapple, L50, M|
|poke|p1|Arcanine-Hisui, L50, M|
|poke|p1|Gholdengo, L50|
|poke|p1|Electabuzz, L50, F|
|poke|p1|Indeedee, L50, M|
|poke|p1|Sneasler, L50, F|
|poke|p2|Volcarona, L50, F|
|poke|p2|Rillaboom, L50, M|
|poke|p2|Dragonite, L50, F|
|poke|p2|Kingambit, L50, M|
|poke|p2|Sneasler, L50, M|
|poke|p2|Electabuzz, L50, M|
|teampreview|4
|showteam|p1|Hydrapple||AssaultVest|Regenerator|FickleBeam,EnergyBall,EarthPower,PollenPuff|||M|||50|,,,,,Bug]Arcanine-Hisui||ClearAmulet|Intimidate|Protect,ExtremeSpeed,FlareBlitz,RockSlide|||M|||50|,,,,,Grass]Gholdengo||LifeOrb|GoodasGold|Protect,NastyPlot,MakeItRain,ShadowBall||||||50|,,,,,Flying]Electabuzz||Eviolite|VitalSpirit|Protect,FollowMe,Taunt,Electroweb|||F|||50|,,,,,Dragon]Indeedee||FocusSash|PsychicSurge|Protect,TrickRoom,ExpandingForce,TeraBlast|||M|||50|,,,,,Ground]Sneasler||PsychicSeed|Unburden|Protect,ThroatChop,DireClaw,CloseCombat|||F|||50|,,,,,Dark
|showteam|p2|Volcarona||Leftovers|FlameBody|HeatWave,TeraBlast,QuiverDance,Protect|||F|||50|,,,,,Fairy]Rillaboom||MiracleSeed|GrassySurge|WoodHammer,GrassyGlide,FakeOut,HighHorsepower|||M|||50|,,,,,Fire]Dragonite||LoadedDice|Multiscale|ScaleShot,ExtremeSpeed,Haze,Protect|||F|||50|,,,,,Steel]Kingambit||AssaultVest|Defiant|KowtowCleave,SuckerPunch,IronHead,TeraBlast|||M|||50|,,,,,Flying]Sneasler||FocusSash|Unburden|CloseCombat,DireClaw,Coaching,FakeOut|||M|||50|,,,,,Stellar]Electabuzz||Eviolite|VitalSpirit|Thunderbolt,FollowMe,Taunt,Protect|||M|||50|,,,,,Ghost
|c|☆Realfrytki|glhf
|c|☆Mortipherus|thx u2
|
|t:|1756404377
|teamsize|p1|4
|teamsize|p2|4
|start
|switch|p1a: Indeedee|Indeedee, L50, M|100/100
|switch|p1b: Arcanine|Arcanine-Hisui, L50, M|100/100
|switch|p2a: Sneasler|Sneasler, L50, M|100/100
|switch|p2b: Kingambit|Kingambit, L50, M|100/100
|-fieldstart|move: Psychic Terrain|[from] ability: Psychic Surge|[of] p1a: Indeedee
|-ability|p1b: Arcanine|Intimidate|boost
|-unboost|p2a: Sneasler|atk|1
|-unboost|p2b: Kingambit|atk|1
|-ability|p2b: Kingambit|Defiant|boost
|-boost|p2b: Kingambit|atk|2
|turn|1
|
|t:|1756404414
|switch|p2a: Rillaboom|Rillaboom, L50, M|100/100
|-fieldstart|move: Grassy Terrain|[from] ability: Grassy Surge|[of] p2a: Rillaboom
|-terastallize|p1a: Indeedee|Ground
|-terastallize|p2b: Kingambit|Flying
|move|p1b: Arcanine|Protect|p1b: Arcanine
|-singleturn|p1b: Arcanine|Protect
|move|p1a: Indeedee|Tera Blast|p2b: Kingambit|[anim] Tera Blast Ground
|-immune|p2b: Kingambit
|move|p2b: Kingambit|Iron Head|p1b: Arcanine
|-activate|p1b: Arcanine|move: Protect
|
|upkeep
|turn|2
|
|t:|1756404476
|switch|p1b: Hydrapple|Hydrapple, L50, M|100/100
|move|p2a: Rillaboom|Fake Out|p1b: Hydrapple
|-damage|p1b: Hydrapple|89/100
|move|p1a: Indeedee|Expanding Force|p2b: Kingambit
|-damage|p2b: Kingambit|76/100
|move|p2b: Kingambit|Tera Blast|p1a: Indeedee|[anim] Tera Blast Flying
|-enditem|p1a: Indeedee|Focus Sash
|-damage|p1a: Indeedee|1/100
|
|-heal|p1a: Indeedee|7/100|[from] Grassy Terrain
|-heal|p1b: Hydrapple|95/100|[from] Grassy Terrain
|upkeep
|turn|3
|
|t:|1756404549
|move|p1a: Indeedee|Protect|p1a: Indeedee
|-singleturn|p1a: Indeedee|Protect
|move|p2a: Rillaboom|Wood Hammer|p1a: Indeedee
|-activate|p1a: Indeedee|move: Protect
|move|p2b: Kingambit|Tera Blast|p1b: Hydrapple|[anim] Tera Blast Flying
|-supereffective|p1b: Hydrapple
|-damage|p1b: Hydrapple|0 fnt
|faint|p1b: Hydrapple
|
|-heal|p1a: Indeedee|13/100|[from] Grassy Terrain
|upkeep
|
|t:|1756404559
|switch|p1b: Arcanine|Arcanine-Hisui, L50, M|100/100
|-ability|p1b: Arcanine|Intimidate|boost
|-unboost|p2a: Rillaboom|atk|1
|-unboost|p2b: Kingambit|atk|1
|-ability|p2b: Kingambit|Defiant|boost
|-boost|p2b: Kingambit|atk|2
|turn|4
|
|t:|1756404578
|switch|p1a: Sneasler|Sneasler, L50, F|100/100
|move|p1b: Arcanine|Rock Slide|p2b: Kingambit|[spread] p2a,p2b
|-supereffective|p2b: Kingambit
|-damage|p2a: Rillaboom|75/100
|-damage|p2b: Kingambit|34/100
|move|p2a: Rillaboom|High Horsepower|p1b: Arcanine
|-supereffective|p1b: Arcanine
|-damage|p1b: Arcanine|9/100
|move|p2b: Kingambit|Tera Blast|p1a: Sneasler|[anim] Tera Blast Flying
|-supereffective|p1a: Sneasler
|-damage|p1a: Sneasler|0 fnt
|faint|p1a: Sneasler
|
|-heal|p1b: Arcanine|15/100|[from] Grassy Terrain
|-heal|p2a: Rillaboom|81/100|[from] Grassy Terrain
|upkeep
|
|t:|1756404601
|switch|p1a: Indeedee|Indeedee, L50, M, tera:Ground|13/100
|-fieldstart|move: Psychic Terrain|[from] ability: Psychic Surge|[of] p1a: Indeedee
|turn|5
|
|t:|1756404615
|switch|p2a: Sneasler|Sneasler, L50, M|100/100
|move|p1a: Indeedee|Expanding Force|p2b: Kingambit|[spread] p2a,p2b
|-supereffective|p2a: Sneasler
|-enditem|p2a: Sneasler|Focus Sash
|-damage|p2a: Sneasler|1/100
|-damage|p2b: Kingambit|0 fnt
|faint|p2b: Kingambit
|move|p1b: Arcanine|Rock Slide|p2a: Sneasler
|-resisted|p2a: Sneasler
|-damage|p2a: Sneasler|0 fnt
|faint|p2a: Sneasler
|
|upkeep
|
|t:|1756404627
|switch|p2a: Rillaboom|Rillaboom, L50, M|81/100
|switch|p2b: Dragonite|Dragonite, L50, F|100/100
|-fieldstart|move: Grassy Terrain|[from] ability: Grassy Surge|[of] p2a: Rillaboom
|turn|6
|
|t:|1756404679
|move|p1a: Indeedee|Protect|p1a: Indeedee
|-singleturn|p1a: Indeedee|Protect
|move|p1b: Arcanine|Protect|p1b: Arcanine
|-singleturn|p1b: Arcanine|Protect
|move|p2b: Dragonite|Extreme Speed|p1a: Indeedee
|-activate|p1a: Indeedee|move: Protect
|move|p2a: Rillaboom|Grassy Glide|p1b: Arcanine
|-activate|p1b: Arcanine|move: Protect
|
|-heal|p1a: Indeedee|19/100|[from] Grassy Terrain
|-heal|p1b: Arcanine|21/100|[from] Grassy Terrain
|-heal|p2a: Rillaboom|87/100|[from] Grassy Terrain
|upkeep
|turn|7
|
|t:|1756404695
|move|p2b: Dragonite|Extreme Speed|p1a: Indeedee
|-damage|p1a: Indeedee|0 fnt
|faint|p1a: Indeedee
|move|p2a: Rillaboom|Grassy Glide|p1b: Arcanine
|-damage|p1b: Arcanine|0 fnt
|faint|p1b: Arcanine
|
|win|Realfrytki
||Realfrytki is ready for game 2.
|inactive|Mortipherus has 30 seconds to confirm battle start!
||Mortipherus is ready for game 2.
|uhtml|next|Next: Game 2 of 3
