|j|☆RegiSIXSEVEN
|j|☆f54 squarer
|html|RegiSIXSEVENf54 squarer    
|uhtml|bestof|Game 2 of a best-of-3
|t:|1784902460
|gametype|doubles
|player|p1|RegiSIXSEVEN|steven|1162
|player|p2|f54 squarer|265|1209
|gen|9
|tier|[Gen 9 Champions] VGC 2026 Reg M-B (Bo3)
|rated|
|rule|Species Clause: Limit one of each Pokémon
|rule|Item Clause: Limit 1 of each item
|clearpoke
|poke|p1|Gengar, L50, M, shiny|
|poke|p1|Swampert, L50, M, shiny|
|poke|p1|Incineroar, L50, M, shiny|
|poke|p1|Politoed, L50, M, shiny|
|poke|p1|Archaludon, L50, M, shiny|
|poke|p1|Vivillon-Elegant, L50, M, shiny|
|poke|p2|Weavile, L50, F|
|poke|p2|Raichu, L50, F|
|poke|p2|Whimsicott, L50, M|
|poke|p2|Serperior, L50, M|
|poke|p2|Araquanid, L50, M|
|poke|p2|Talonflame, L50, M|
|teampreview|4
|showteam|p1|Gengar||Gengarite|CursedBody|ShadowBall,SludgeBomb,PerishSong,Protect|Timid||M|||50|]Swampert||Swampertite|Damp|WaveCrash,Earthquake,IcePunch,Protect|Adamant||M|||50|]Incineroar||PasshoBerry|Intimidate|FakeOut,ThroatChop,PartingShot,Protect|Sassy||M|||50|]Politoed||ZoomLens|Drizzle|HydroPump,Hypnosis,PerishSong,Protect|Calm||M|||50|]Archaludon||Leftovers|Stamina|DragonPulse,FlashCannon,ElectroShot,Protect|Bold||M|||50|]Vivillon-Elegant||FocusSash|CompoundEyes|Hurricane,SleepPowder,RagePowder,Protect|Timid||M|||50|
|showteam|p2|Weavile|||Pickpocket|IceSpinner,KnockOff,FocusPunch,Protect|Adamant||F|||50|]Raichu||RaichuniteY|LightningRod|ZapCannon,FocusBlast,FakeOut,VoltSwitch|Hasty||F|||50|]Whimsicott||FocusSash|Prankster|Moonblast,Encore,Protect,Tailwind|Bold||M|||50|]Serperior||LifeOrb|Contrary|LeafStorm,Taunt,DragonPulse,Protect|Timid||M|||50|]Araquanid||Leftovers|WaterBubble|Surf,BugBuzz,ChillingWater,Protect|Modest||M|||50|]Talonflame||MentalHerb|GaleWings|BraveBird,FlareBlitz,Protect,Tailwind|Jolly||M|||50|
|inactive|Battle timer is ON: inactive players will automatically lose when time's up. (requested by RegiSIXSEVEN)
|
|t:|1784902486
|teamsize|p1|4
|teamsize|p2|4
|start
|switch|p1a: Gengar|Gengar, L50, M, shiny|100/100
|switch|p1b: Vivillon|Vivillon-Elegant, L50, M, shiny|100/100
|switch|p2a: Talonflame|Talonflame, L50, M|100/100
|switch|p2b: Serperior|Serperior, L50, M|100/100
|turn|1
|inactive|RegiSIXSEVEN has 30 seconds left.
|inactive|f54 squarer has 30 seconds left.
|inactive|RegiSIXSEVEN has 20 seconds left.
|
|t:|1784902522
|switch|p1b: Archaludon|Archaludon, L50, M, shiny|100/100
|detailschange|p1a: Gengar|Gengar-Mega, L50, M, shiny
|-mega|p1a: Gengar|Gengar|Gengarite
|move|p2b: Serperior|Protect|p2b: Serperior
|-singleturn|p2b: Serperior|Protect
|move|p2a: Talonflame|Flare Blitz|p1b: Archaludon
|-damage|p1b: Archaludon|67/100
|-ability|p1b: Archaludon|Stamina|boost
|-boost|p1b: Archaludon|def|1
|-damage|p2a: Talonflame|86/100|[from] Recoil
|move|p1a: Gengar|Sludge Bomb|p2b: Serperior
|-activate|p2b: Serperior|move: Protect
|
|-heal|p1b: Archaludon|73/100|[from] item: Leftovers
|upkeep
|turn|2
|inactive|RegiSIXSEVEN has 30 seconds left.
|inactive|f54 squarer has 30 seconds left.
|inactive|f54 squarer has 20 seconds left.
|inactive|f54 squarer has 15 seconds left.
|inactive|f54 squarer has 10 seconds left.
|
|t:|1784902568
|move|p2a: Talonflame|Flare Blitz|p1a: Gengar
|-damage|p1a: Gengar|46/100
|-damage|p2a: Talonflame|67/100|[from] Recoil
|move|p2b: Serperior|Leaf Storm|p1a: Gengar
|-resisted|p1a: Gengar|1
|-damage|p1a: Gengar|15/100
|-boost|p2b: Serperior|spa|2
|-damage|p2b: Serperior|90/100|[from] item: Life Orb
|move|p1a: Gengar|Sludge Bomb|p2b: Serperior
|-supereffective|p2b: Serperior|1
|-damage|p2b: Serperior|0 fnt
|faint|p2b: Serperior
|move|p1b: Archaludon|Flash Cannon|p2a: Talonflame
|-resisted|p2a: Talonflame|1
|-damage|p2a: Talonflame|43/100
|
|-heal|p1b: Archaludon|79/100|[from] item: Leftovers
|upkeep
|
|t:|1784902584
|switch|p2b: Raichu|Raichu, L50, F|100/100
|turn|3
|inactive|RegiSIXSEVEN has 30 seconds left.
|
|t:|1784902615
|detailschange|p2b: Raichu|Raichu-Mega-Y, L50, F
|-mega|p2b: Raichu|Raichu|Raichunite Y
|move|p1a: Gengar|Protect|p1a: Gengar
|-singleturn|p1a: Gengar|Protect
|move|p1b: Archaludon|Protect|p1b: Archaludon
|-singleturn|p1b: Archaludon|Protect
|move|p2b: Raichu|Focus Blast|p1b: Archaludon
|-activate|p1b: Archaludon|move: Protect
|move|p2a: Talonflame|Flare Blitz|p1a: Gengar
|-activate|p1a: Gengar|move: Protect
|
|-heal|p1b: Archaludon|85/100|[from] item: Leftovers
|upkeep
|turn|4
|inactive|RegiSIXSEVEN has 30 seconds left.
|inactive|f54 squarer has 30 seconds left.
|inactive|RegiSIXSEVEN has 20 seconds left.
|
|t:|1784902655
|switch|p1a: Politoed|Politoed, L50, M, shiny|100/100
|-weather|RainDance|[from] ability: Drizzle|[of] p1a: Politoed
|move|p2b: Raichu|Zap Cannon|p1b: Archaludon
|-resisted|p1b: Archaludon|1
|-damage|p1b: Archaludon|50/100g
|-status|p1b: Archaludon|par
|-ability|p1b: Archaludon|Stamina|boost
|-boost|p1b: Archaludon|def|1
|move|p2a: Talonflame|Brave Bird|p1a: Politoed
|-damage|p1a: Politoed|61/100
|-damage|p2a: Talonflame|27/100|[from] Recoil
|cant|p1b: Archaludon|par
|
|-weather|RainDance|[upkeep]
|-heal|p1b: Archaludon|56/100 par|[from] item: Leftovers
|upkeep
|turn|5
|inactive|f54 squarer has 30 seconds left.
|inactive|f54 squarer has 20 seconds left.
|inactive|f54 squarer has 15 seconds left.
|
|t:|1784902696
|move|p2a: Talonflame|Protect|p2a: Talonflame
|-singleturn|p2a: Talonflame|Protect
|move|p2b: Raichu|Volt Switch|p1a: Politoed
|-supereffective|p1a: Politoed|1
|-damage|p1a: Politoed|0 fnt
|faint|p1a: Politoed
|
|t:|1784902705
|switch|p2b: Araquanid|Araquanid, L50, M|100/100|[from] Volt Switch
|move|p1b: Archaludon|Dragon Pulse|p2b: Araquanid
|-damage|p2b: Araquanid|70/100
|
|-weather|RainDance|[upkeep]
|-heal|p2b: Araquanid|76/100|[from] item: Leftovers
|-heal|p1b: Archaludon|62/100 par|[from] item: Leftovers
|upkeep
|
|t:|1784902710
|switch|p1a: Vivillon|Vivillon-Elegant, L50, M, shiny|100/100
|turn|6
|inactive|f54 squarer has 30 seconds left.
|
|t:|1784902736
|move|p2b: Araquanid|Protect|p2b: Araquanid
|-singleturn|p2b: Araquanid|Protect
|move|p2a: Talonflame|Brave Bird|p1a: Vivillon
|-supereffective|p1a: Vivillon|1
|-enditem|p1a: Vivillon|Focus Sash
|-damage|p1a: Vivillon|1/100
|-damage|p2a: Talonflame|0 fnt|[from] Recoil
|faint|p2a: Talonflame
|move|p1a: Vivillon|Hurricane|p2b: Araquanid
|-activate|p2b: Araquanid|move: Protect
|move|p1b: Archaludon|Dragon Pulse|p2b: Araquanid
|-activate|p2b: Araquanid|move: Protect
|
|-weather|RainDance|[upkeep]
|-heal|p2b: Araquanid|81/100|[from] item: Leftovers
|-heal|p1b: Archaludon|69/100 par|[from] item: Leftovers
|upkeep
|
|t:|1784902752
|switch|p2a: Raichu|Raichu-Mega-Y, L50, F|100/100
|turn|7
|
|t:|1784902772
|move|p2a: Raichu|Fake Out|p1a: Vivillon
|-damage|p1a: Vivillon|0 fnt
|faint|p1a: Vivillon
|move|p2b: Araquanid|Surf|p1b: Archaludon|[spread] p2a,p1b
|-resisted|p1b: Archaludon|1
|-damage|p2a: Raichu|0 fnt
|-damage|p1b: Archaludon|37/100 par
|-ability|p1b: Archaludon|Stamina|boost
|-boost|p1b: Archaludon|def|1
|faint|p2a: Raichu
|move|p1b: Archaludon|Electro Shot||[still]
|-prepare|p1b: Archaludon|Electro Shot
|-boost|p1b: Archaludon|spa|1
|-anim|p1b: Archaludon|Electro Shot|p2b: Araquanid
|-supereffective|p2b: Araquanid|1
|-damage|p2b: Araquanid|0 fnt
|faint|p2b: Araquanid
|
|win|RegiSIXSEVEN
|raw|RegiSIXSEVEN's rating: 1162 → 1190(+28 for winning)
|raw|f54 squarer's rating: 1209 → 1181(-28 for losing)
