|j|☆skar_lol
|j|☆EddyG_7889
|html|skar_lolEddyG_7889    
|uhtml|bestof|Game 2 of a best-of-3
|t:|1783837711
|gametype|doubles
|player|p1|skar_lol|hilda|
|player|p2|EddyG_7889|artist-gen4|
|gen|9
|tier|[Gen 9 Champions] VGC 2026 Reg M-B (Bo3)
|rule|Species Clause: Limit one of each Pokémon
|rule|Item Clause: Limit 1 of each item
|clearpoke
|poke|p1|Starmie, L50|
|poke|p1|Kingambit, L50, M|
|poke|p1|Sinistcha, L50|
|poke|p1|Archaludon, L50, F|
|poke|p1|Pelipper, L50, F|
|poke|p1|Basculegion, L50, M|
|poke|p2|Delphox, L50, M|
|poke|p2|Whimsicott, L50, F|
|poke|p2|Alcremie-Mint-Cream, L50, F|
|poke|p2|Ceruledge, L50, M|
|poke|p2|Pangoro, L50, M|
|poke|p2|Mimikyu, L50, F|
|teampreview|4
|showteam|p1|Starmie||Starminite|NaturalCure|Liquidation,ZenHeadbutt,AquaJet,Protect|Jolly|||||50|]Kingambit||OccaBerry|Defiant|KowtowCleave,SuckerPunch,Protect,IronHead|Adamant||M|||50|]Sinistcha||KasibBerry|Hospitality|MatchaGotcha,RagePowder,Protect|Calm|||||50|]Archaludon||Leftovers|Stamina|ElectroShot,FlashCannon,DracoMeteor,Protect|Timid||F|||50|]Pelipper||FocusSash|Drizzle|Hurricane,WeatherBall,WideGuard,Tailwind|Modest||F|||50|]Basculegion||ChoiceScarf|SwiftSwim|Liquidation,LastRespects,FlipTurn,WaveCrash|Adamant||M|||50|
|showteam|p2|Delphox||Delphoxite|Blaze|HeatWave,Psychic,Substitute,Protect|Timid||M|||50|]Whimsicott||FocusSash|Prankster|Moonblast,Tailwind,Protect,SunnyDay|Timid||F|||50|]Alcremie-Mint-Cream||SitrusBerry|SweetVeil|Decorate,DazzlingGleam,HelpingHand,Protect|Calm||F|||50|]Ceruledge||ColburBerry|FlashFire|BitterBlade,ShadowSneak,BulkUp,Protect|Adamant||M|||50|]Pangoro||ExpertBelt|IronFist|DrainPunch,KnockOff,BulletPunch,Protect|Brave||M|||50|]Mimikyu||LifeOrb|Disguise|TrickRoom,PlayRough,ShadowSneak,WoodHammer|Adamant||F|||50|
|
|t:|1783837786
|teamsize|p1|4
|teamsize|p2|4
|start
|switch|p1a: Pelipper|Pelipper, L50, F|100/100
|switch|p1b: Archaludon|Archaludon, L50, F|100/100
|switch|p2a: Kyubei|Mimikyu, L50, F|100/100
|switch|p2b: Palomita|Whimsicott, L50, F|100/100
|-weather|RainDance|[from] ability: Drizzle|[of] p1a: Pelipper
|turn|1
|
|t:|1783837825
|move|p2b: Palomita|Sunny Day|p2b: Palomita
|-weather|SunnyDay
|move|p1b: Archaludon|Flash Cannon|p2a: Kyubei
|-activate|p2a: Kyubei|ability: Disguise
|-damage|p2a: Kyubei|100/100
|detailschange|p2a: Kyubei|Mimikyu-Busted, L50, F
|-damage|p2a: Kyubei|87/100|[from] pokemon: Mimikyu-Busted
|move|p1a: Pelipper|Hurricane|p2b: Palomita
|-supereffective|p2b: Palomita|1
|-enditem|p2b: Palomita|Focus Sash
|-damage|p2b: Palomita|1/100
|move|p2a: Kyubei|Play Rough|p1b: Archaludon
|-damage|p1b: Archaludon|50/100g
|-ability|p1b: Archaludon|Stamina|boost
|-boost|p1b: Archaludon|def|1
|-damage|p2a: Kyubei|77/100|[from] item: Life Orb
|
|-weather|SunnyDay|[upkeep]
|-heal|p1b: Archaludon|56/100|[from] item: Leftovers
|upkeep
|turn|2
|
|t:|1783837901
|switch|p2a: Made n China|Pangoro, L50, M|100/100
|move|p1b: Archaludon|Protect|p1b: Archaludon
|-singleturn|p1b: Archaludon|Protect
|move|p2b: Palomita|Tailwind|p2b: Palomita
|-sidestart|p2: EddyG_7889|move: Tailwind
|move|p1a: Pelipper|Weather Ball|p2b: Palomita
|-supereffective|p2b: Palomita|1
|-damage|p2b: Palomita|0 fnt
|faint|p2b: Palomita
|
|-weather|SunnyDay|[upkeep]
|-heal|p1b: Archaludon|62/100|[from] item: Leftovers
|upkeep
|
|t:|1783837915
|switch|p2b: Madoka|Delphox, L50, M|100/100
|turn|3
|
|t:|1783837981
|switch|p1b: Sinistcha|Sinistcha, L50|100/100
|detailschange|p2b: Madoka|Delphox-Mega, L50, M
|-mega|p2b: Madoka|Delphox|Delphoxite
|move|p2b: Madoka|Heat Wave|p1a: Pelipper|[spread] p1a,p1b
|-resisted|p1a: Pelipper|1
|-supereffective|p1b: Sinistcha|1
|-damage|p1a: Pelipper|40/100
|-damage|p1b: Sinistcha|0 fnt
|faint|p1b: Sinistcha
|move|p2a: Made n China|Knock Off|p1a: Pelipper
|-damage|p1a: Pelipper|0 fnt
|-enditem|p1a: Pelipper|Focus Sash|[from] move: Knock Off|[of] p2a: Made n China
|faint|p1a: Pelipper
|
|-weather|SunnyDay|[upkeep]
|upkeep
|
|t:|1783837997
|switch|p1a: Basculegion|Basculegion, L50, M|100/100
|switch|p1b: Archaludon|Archaludon, L50, F|62/100
|turn|4
|
|t:|1783838042
|move|p2b: Madoka|Substitute|p2b: Madoka
|-start|p2b: Madoka|Substitute
|-damage|p2b: Madoka|75/100
|move|p1a: Basculegion|Last Respects|p2b: Madoka
|-supereffective|p2b: Madoka|1
|-end|p2b: Madoka|Substitute
|move|p1b: Archaludon|Draco Meteor|p2a: Made n China
|-damage|p2a: Made n China|28/100
|-unboost|p1b: Archaludon|spa|2
|move|p2a: Made n China|Knock Off|p1a: Basculegion
|-supereffective|p1a: Basculegion|1
|-damage|p1a: Basculegion|0 fnt
|-enditem|p1a: Basculegion|Choice Scarf|[from] move: Knock Off|[of] p2a: Made n China
|faint|p1a: Basculegion
|
|-weather|SunnyDay|[upkeep]
|-heal|p1b: Archaludon|68/100|[from] item: Leftovers
|upkeep
|turn|5
|
|t:|1783838066
|move|p1b: Archaludon|Protect|p1b: Archaludon
|-singleturn|p1b: Archaludon|Protect
|move|p2b: Madoka|Heat Wave|p1b: Archaludon
|-activate|p1b: Archaludon|move: Protect
|move|p2a: Made n China|Drain Punch|p1b: Archaludon
|-activate|p1b: Archaludon|move: Protect
|
|-weather|none
|-heal|p1b: Archaludon|74/100|[from] item: Leftovers
|-sideend|p2: EddyG_7889|move: Tailwind
|upkeep
|turn|6
|
|t:|1783838075
|move|p1b: Archaludon|Protect||[still]
|-fail|p1b: Archaludon
|move|p2b: Madoka|Heat Wave|p1b: Archaludon
|-damage|p1b: Archaludon|0 fnt
|faint|p1b: Archaludon
|
|win|EddyG_7889
||EddyG_7889 is ready for game 3.
|inactive|skar_lol has 30 seconds to confirm battle start!
|inactive|skar_lol has 20 seconds to confirm battle start!
|inactive|skar_lol has 10 seconds to confirm battle start!
||skar_lol is ready for game 3.
|uhtml|next|Next: Game 3 of 3
