|j|â˜†QuickClawExplosion
|j|â˜†upfrontsalt
|html|QuickClawExplosionupfrontsalt    
|uhtml|bestof|Game 2 of a best-of-3
|t:|1784504167
|gametype|doubles
|player|p1|QuickClawExplosion|rei|
|player|p2|upfrontsalt|wattson|
|gen|9
|tier|[Gen 9 Champions] VGC 2026 Reg M-B (Bo3)
|rule|Species Clause: Limit one of each PokÃ©mon
|rule|Item Clause: Limit 1 of each item
|clearpoke
|poke|p1|Floette-Eternal, L50, F|
|poke|p1|Gliscor, L50, F|
|poke|p1|Dragapult, L50, F|
|poke|p1|Salazzle, L50, F|
|poke|p1|Tyranitar, L50, F|
|poke|p1|Excadrill, L50, M, shiny|
|poke|p2|Meowstic, L50, M, shiny|
|poke|p2|Lucario, L50, F|
|poke|p2|Primarina, L50, F|
|poke|p2|Hydreigon, L50, M|
|poke|p2|Sinistcha, L50|
|poke|p2|Garganacl, L50, F|
|teampreview|4
|showteam|p1|Floette-Eternal||Floettite|FlowerVeil|Protect,DazzlingGleam,Moonblast,CalmMind|Timid||F|||50|]Gliscor||FocusSash|SandVeil|Tailwind,HighHorsepower,DualWingbeat,Protect|Jolly||F|||50|]Dragapult||LifeOrb|Infiltrator|PhantomForce,DragonDarts,Protect,Flamethrower|Naive||F|||50|]Salazzle||BrightPowder|Corrosion|FakeOut,SludgeBomb,Flamethrower,Protect|Timid||F|||50|]Tyranitar||ExpertBelt|SandStream|RockSlide,Protect,KnockOff,HighHorsepower|Adamant||F|||50|]Excadrill||KingsRock|SandRush|HighHorsepower,IronHead,Protect,Fling|Adamant||M|||50|
|showteam|p2|Meowstic||FocusSash|Prankster|FakeOut,ThunderWave,RainDance,Reflect|Timid||M|||50|]Lucario||Lucarionite|Steadfast|CloseCombat,MeteorMash,Protect,BulletPunch|Jolly||F|||50|]Primarina||Leftovers|LiquidVoice|HyperVoice,Moonblast,Encore,Protect|Modest||F|||50|]Hydreigon||ChoiceScarf|Levitate|DarkPulse,DracoMeteor,FlashCannon,Uturn|Modest||M|||50|]Sinistcha||SitrusBerry|Hospitality|MatchaGotcha,RagePowder,StrengthSap,TrickRoom|Calm|||||50|]Garganacl||ShucaBerry|ClearBody|RockSlide,WideGuard,BodyPress,HelpingHand|Relaxed||F|||50|
|j| P3VX
|j| Whim5
|j| MikuFan1287
|
|t:|1784504285
|teamsize|p1|4
|teamsize|p2|4
|start
|switch|p1a: Blue Tongue|Tyranitar, L50, F|100/100
|switch|p1b: Red Tongue|Excadrill, L50, M, shiny|100/100
|switch|p2a: Seal Finger|Primarina, L50, F|100/100
|switch|p2b: Jaundice|Meowstic, L50, M, shiny|100/100
|-weather|Sandstorm|[from] ability: Sand Stream|[of] p1a: Blue Tongue
|turn|1
|c| MikuFan1287|SANS???
|c|â˜†upfrontsalt|Wow those names
|c|â˜†QuickClawExplosion|We love the sand couple
|
|t:|1784504575
|switch|p1a: pourple tongue|Salazzle, L50, F|100/100
|move|p2b: Jaundice|Rain Dance|p2b: Jaundice
|-weather|RainDance
|move|p1b: Red Tongue|Fling|p2a: Seal Finger
|-resisted|p2a: Seal Finger|1
|-damage|p2a: Seal Finger|92/100
|-enditem|p1b: Red Tongue|King's Rock|[from] move: Fling
|cant|p2a: Seal Finger|flinch
|
|-weather|RainDance|[upkeep]
|-heal|p2a: Seal Finger|98/100|[from] item: Leftovers
|upkeep
|turn|2
|
|t:|1784504647
|move|p2a: Seal Finger|Protect|p2a: Seal Finger
|-singleturn|p2a: Seal Finger|Protect
|move|p2b: Jaundice|Thunder Wave|p1a: pourple tongue
|-status|p1a: pourple tongue|par
|move|p1b: Red Tongue|Iron Head|p2a: Seal Finger
|-activate|p2a: Seal Finger|move: Protect
|cant|p1a: pourple tongue|par
|
|-weather|RainDance|[upkeep]
|-heal|p2a: Seal Finger|100/100|[from] item: Leftovers
|upkeep
|turn|3
|
|t:|1784504667
|move|p2b: Jaundice|Reflect|p2b: Jaundice
|-sidestart|p2: upfrontsalt|Reflect
|move|p1b: Red Tongue|High Horsepower|p2a: Seal Finger
|-damage|p2a: Seal Finger|53/100
|move|p1a: pourple tongue|Sludge Bomb|p2a: Seal Finger
|-supereffective|p2a: Seal Finger|1
|-damage|p2a: Seal Finger|0 fnt
|faint|p2a: Seal Finger
|
|-weather|RainDance|[upkeep]
|upkeep
|
|t:|1784504706
|switch|p2a: Rabies|Hydreigon, L50, M|100/100
|turn|4
|
|t:|1784504854
|switch|p1a: Blue Tongue|Tyranitar, L50, F|100/100
|-weather|Sandstorm|[from] ability: Sand Stream|[of] p1a: Blue Tongue
|move|p2b: Jaundice|Rain Dance|p2b: Jaundice
|-weather|RainDance
|move|p2a: Rabies|U-turn|p1b: Red Tongue
|-resisted|p1b: Red Tongue|1
|-damage|p1b: Red Tongue|88/100
|
|t:|1784504862
|switch|p2a: Covid-19|Lucario, L50, F|100/100|[from] U-turn
|move|p1b: Red Tongue|High Horsepower|p2b: Jaundice
|-damage|p2b: Jaundice|61/100
|
|-weather|RainDance|[upkeep]
|upkeep
|turn|5
|c|â˜†QuickClawExplosion|this is advanced battling
|
|t:|1784505108
|switch|p2b: Rabies|Hydreigon, L50, M|100/100
|detailschange|p2a: Covid-19|Lucario-Mega, L50, F
|-mega|p2a: Covid-19|Lucario|Lucarionite
|move|p2a: Covid-19|Close Combat|p1a: Blue Tongue
|-supereffective|p1a: Blue Tongue|2
|-damage|p1a: Blue Tongue|0 fnt
|-unboost|p2a: Covid-19|def|1
|-unboost|p2a: Covid-19|spd|1
|faint|p1a: Blue Tongue
|move|p1b: Red Tongue|High Horsepower|p2a: Covid-19
|-supereffective|p2a: Covid-19|1
|-damage|p2a: Covid-19|0 fnt
|faint|p2a: Covid-19
|
|-weather|RainDance|[upkeep]
|upkeep
|
|t:|1784505123
|switch|p2a: Jaundice|Meowstic, L50, M, shiny|61/100
|switch|p1a: EvenLargerPinkBeam|Floette-Eternal, L50, F|100/100
|turn|6
|
|t:|1784505165
|detailschange|p1a: EvenLargerPinkBeam|Floette-Mega, L50, F
|-mega|p1a: EvenLargerPinkBeam|Floette|Floettite
|-ability|p1a: EvenLargerPinkBeam|Fairy Aura
|move|p1a: EvenLargerPinkBeam|Protect|p1a: EvenLargerPinkBeam
|-singleturn|p1a: EvenLargerPinkBeam|Protect
|move|p2a: Jaundice|Fake Out|p1a: EvenLargerPinkBeam
|-activate|p1a: EvenLargerPinkBeam|move: Protect
|move|p2b: Rabies|Flash Cannon|p1a: EvenLargerPinkBeam
|-activate|p1a: EvenLargerPinkBeam|move: Protect
|move|p1b: Red Tongue|Iron Head|p2a: Jaundice
|-damage|p2a: Jaundice|28/100
|
|-weather|RainDance|[upkeep]
|upkeep
|turn|7
|
|t:|1784505181
|move|p2a: Jaundice|Thunder Wave|p1a: EvenLargerPinkBeam
|-status|p1a: EvenLargerPinkBeam|par
|move|p2b: Rabies|Flash Cannon|p1a: EvenLargerPinkBeam
|-supereffective|p1a: EvenLargerPinkBeam|1
|-damage|p1a: EvenLargerPinkBeam|49/100 par
|move|p1b: Red Tongue|Iron Head|p2a: Jaundice
|-damage|p2a: Jaundice|0 fnt
|faint|p2a: Jaundice
|move|p1a: EvenLargerPinkBeam|Dazzling Gleam|p2b: Rabies
|-supereffective|p2b: Rabies|2
|-damage|p2b: Rabies|0 fnt
|faint|p2b: Rabies
|
|win|QuickClawExplosion
|c| Whim5|ggs
|c|â˜†upfrontsalt|GG
|c|â˜†QuickClawExplosion|ggwp
