|j|☆JeeraSoda
|j|☆Quinten165
|html|JeeraSodaQuinten165    
|uhtml|bestof|Game 3 of a best-of-3
|t:|1785486941
|gametype|doubles
|player|p1|JeeraSoda|red|1000
|player|p2|Quinten165|2|1054
|gen|9
|tier|[Gen 9 Champions] VGC 2026 Reg M-B (Bo3)
|rated|
|rule|Species Clause: Limit one of each Pokémon
|rule|Item Clause: Limit 1 of each item
|clearpoke
|poke|p1|Drampa, L50, M|
|poke|p1|Meowstic, L50, M|
|poke|p1|Gardevoir, L50, M|
|poke|p1|Basculegion, L50, M|
|poke|p1|Kangaskhan, L50, F|
|poke|p1|Blaziken, L50, F|
|poke|p2|Charizard, L50, M|
|poke|p2|Glimmora, L50, F|
|poke|p2|Whimsicott, L50, F|
|poke|p2|Ninetales-Alola, L50, M|
|poke|p2|Kingambit, L50, F|
|poke|p2|Kommo-o, L50, M|
|teampreview|4
|showteam|p1|Drampa||Leftovers|CloudNine|CalmMind,Round,Substitute,Protect|Modest||M|||50|]Meowstic||FocusSash|Prankster|PsychicTerrain,ExpandingForce,Protect,Round|Timid||M|||50|]Gardevoir||Gardevoirite|Synchronize|Round,HyperVoice,ExpandingForce,Protect|Modest||M|||50|]Basculegion||ChoiceScarf|Adaptability|LastRespects,WaveCrash,FlipTurn,PsychicFangs|Adamant||M|||50|]Kangaskhan||Kangaskhanite|Scrappy|FakeOut,LastResort,Protect|Adamant||F|||50|]Blaziken||ExpertBelt|SpeedBoost|CloseCombat,RockSlide,FlareBlitz,Protect|Adamant||F|||50|
|showteam|p2|Charizard||CharizarditeY|Blaze|HeatWave,WeatherBall,SolarBeam,Protect|Modest||M|||50|]Glimmora||Glimmoranite|ToxicDebris|SludgeBomb,PowerGem,EarthPower,SpikyShield|Modest||F|||50|]Whimsicott||FocusSash|Prankster|Moonblast,Tailwind,Encore,Protect|Timid||F|||50|]Ninetales-Alola||NeverMeltIce|SnowWarning|Blizzard,FreezeDry,Disable,Protect|Timid||M|||50|]Kingambit||BlackGlasses|Defiant|KowtowCleave,SuckerPunch,IronHead,Protect|Adamant||F|||50|]Kommo-o||LifeOrb|Overcoat|ClangingScales,AuraSphere,VacuumWave,Protect|Modest||M|||50|
|inactive|Battle timer is ON: inactive players will automatically lose when time's up. (requested by JeeraSoda)
|
|t:|1785486971
|teamsize|p1|4
|teamsize|p2|4
|start
|switch|p1a: Meowstic|Meowstic, L50, M|100/100
|switch|p1b: Kangaskhan|Kangaskhan, L50, F|100/100
|switch|p2a: Kingambit|Kingambit, L50, F|100/100
|switch|p2b: Ninetales|Ninetales-Alola, L50, M|100/100
|-weather|Snowscape|[from] ability: Snow Warning|[of] p2b: Ninetales
|turn|1
|
|t:|1785486995
|move|p1b: Kangaskhan|Fake Out|p2a: Kingambit
|-resisted|p2a: Kingambit|1
|-damage|p2a: Kingambit|91/100
|move|p1a: Meowstic|Psychic Terrain|p1a: Meowstic
|-fieldstart|move: Psychic Terrain
|move|p2b: Ninetales|Blizzard|p1b: Kangaskhan|[spread] p1a,p1b
|-damage|p1a: Meowstic|43/100
|-damage|p1b: Kangaskhan|56/100
|-status|p1a: Meowstic|frz
|cant|p2a: Kingambit|flinch
|
|-weather|Snowscape|[upkeep]
|upkeep
|turn|2
|
|t:|1785487008
|move|p1b: Kangaskhan|Protect|p1b: Kangaskhan
|-singleturn|p1b: Kangaskhan|Protect
|move|p2b: Ninetales|Blizzard|p1b: Kangaskhan|[spread] p1a
|-activate|p1b: Kangaskhan|move: Protect
|-crit|p1a: Meowstic
|-damage|p1a: Meowstic|0 fnt
|faint|p1a: Meowstic
|move|p2a: Kingambit|Kowtow Cleave|p1b: Kangaskhan
|-activate|p1b: Kangaskhan|move: Protect
|
|-weather|Snowscape|[upkeep]
|upkeep
|
|t:|1785487019
|switch|p1a: Gardevoir|Gardevoir, L50, M|100/100
|turn|3
|
|t:|1785487038
|detailschange|p1a: Gardevoir|Gardevoir-Mega, L50, M
|-mega|p1a: Gardevoir|Gardevoir|Gardevoirite
|move|p2b: Ninetales|Protect|p2b: Ninetales
|-singleturn|p2b: Ninetales|Protect
|move|p1a: Gardevoir|Hyper Voice|p2a: Kingambit|[spread] p2a
|-activate|p2b: Ninetales|move: Protect
|-damage|p2a: Kingambit|25/100
|move|p1b: Kangaskhan|Last Resort|p2a: Kingambit
|-resisted|p2a: Kingambit|1
|-damage|p2a: Kingambit|0 fnt
|faint|p2a: Kingambit
|
|-weather|Snowscape|[upkeep]
|upkeep
|
|t:|1785487048
|switch|p2a: Whimsicott|Whimsicott, L50, F|100/100
|turn|4
|
|t:|1785487055
|move|p2a: Whimsicott|Tailwind|p2a: Whimsicott
|-sidestart|p2: Quinten165|move: Tailwind
|move|p2b: Ninetales|Blizzard|p1a: Gardevoir|[spread] p1a,p1b
|-damage|p1a: Gardevoir|62/100
|-damage|p1b: Kangaskhan|12/100
|-status|p1b: Kangaskhan|frz
|move|p1a: Gardevoir|Expanding Force|p2a: Whimsicott|[spread] p2a,p2b
|-enditem|p2a: Whimsicott|Focus Sash
|-damage|p2a: Whimsicott|1/100
|-damage|p2b: Ninetales|5/100
|cant|p1b: Kangaskhan|frz
|
|-weather|Snowscape|[upkeep]
|upkeep
|turn|5
|
|t:|1785487075
|move|p2a: Whimsicott|Moonblast|p1a: Gardevoir
|-damage|p1a: Gardevoir|27/100
|move|p2b: Ninetales|Blizzard|p1a: Gardevoir|[spread] p1a,p1b
|-damage|p1a: Gardevoir|0 fnt
|-damage|p1b: Kangaskhan|0 fnt
|faint|p1a: Gardevoir
|faint|p1b: Kangaskhan
|
|-weather|none
|-fieldend|move: Psychic Terrain
|upkeep
|
|t:|1785487088
|switch|p1b: Basculegion|Basculegion, L50, M|100/100
|turn|6
|
|t:|1785487109
|move|p2a: Whimsicott|Moonblast|p1b: Basculegion
|-damage|p1b: Basculegion|59/100
|move|p2b: Ninetales|Freeze-Dry|p1b: Basculegion
|-supereffective|p1b: Basculegion|1
|-damage|p1b: Basculegion|0 fnt
|faint|p1b: Basculegion
|
|win|Quinten165
|raw|JeeraSoda's rating: 1000 → 1000(+0 for losing)
|raw|Quinten165's rating: 1054 → 1081(+27 for winning)
