|j|☆PkSbm
|j|☆sparrow.d.ace
|html|PkSbmsparrow.d.ace    
|uhtml|bestof|Game 2 of a best-of-3
|t:|1757091424
|gametype|doubles
|player|p1|PkSbm|266|1151
|player|p2|sparrow.d.ace|benga|1170
|gen|9
|tier|[Gen 9] VGC 2025 Reg H (Bo3)
|rated|
|rule|Species Clause: Limit one of each Pokémon
|rule|Item Clause: Limit 1 of each item
|clearpoke
|poke|p1|Gholdengo, L50|
|poke|p1|Dragonite, L50, F|
|poke|p1|Porygon2, L50|
|poke|p1|Ursaluna-Bloodmoon, L50, M|
|poke|p1|Primarina, L50, F|
|poke|p1|Incineroar, L50, F|
|poke|p2|Basculegion, L50, M|
|poke|p2|Archaludon, L50, M|
|poke|p2|Sneasler, L50, M|
|poke|p2|Rillaboom, L50, M|
|poke|p2|Pelipper, L50, F|
|poke|p2|Incineroar, L50, M|
|teampreview|4
|showteam|p1|Gholdengo||LifeOrb|GoodasGold|ShadowBall,MakeItRain,Reflect,LightScreen||||||50|,,,,,Steel]Dragonite||LoadedDice|Multiscale|Tailwind,ScaleShot,ExtremeSpeed,Haze|||F|||50|,,,,,Fairy]Porygon2||Eviolite|Download|Recover,IceBeam,TrickRoom,TeraBlast||||||50|,,,,,Fighting]Ursaluna-Bloodmoon||AssaultVest|MindsEye|VacuumWave,EarthPower,HyperVoice,BloodMoon|||M|||50|,,,,,Ghost]Primarina||SitrusBerry|LiquidVoice|HyperVoice,Haze,Moonblast,Protect|||F|||50|,,,,,Steel]Incineroar||SafetyGoggles|Intimidate|FakeOut,KnockOff,PartingShot,FlareBlitz|||F|||50|,,,,,Ghost
|showteam|p2|Basculegion||ChoiceBand|SwiftSwim|WaveCrash,FlipTurn,LastRespects,AquaJet|||M|||50|,,,,,Water]Archaludon||AssaultVest|Stamina|ElectroShot,DragonPulse,FlashCannon,BodyPress|||M|||50|,,,,,Bug]Sneasler||FocusSash|PoisonTouch|DireClaw,CloseCombat,ThroatChop,Protect|||M|||50|,,,,,Ghost]Rillaboom||LoadedDice|GrassySurge|BulletSeed,GrassyGlide,Uturn,FakeOut|||M|||50|,,,,,Fire]Pelipper||CovertCloak|Drizzle|WeatherBall,Hurricane,Tailwind,Protect|||F|||50|,,,,,Grass]Incineroar||SitrusBerry|Intimidate|FlareBlitz,KnockOff,FakeOut,PartingShot|||M|||50|,,,,,Ghost
|
|t:|1757091457
|teamsize|p1|4
|teamsize|p2|4
|start
|switch|p1a: Dragonite|Dragonite, L50, F|100/100
|switch|p1b: Porygon2|Porygon2, L50|100/100
|switch|p2a: Basculegion|Basculegion, L50, M, shiny|100/100
|switch|p2b: Incineroar|Incineroar, L50, M|100/100
|-ability|p2b: Incineroar|Intimidate|boost
|-unboost|p1a: Dragonite|atk|1
|-unboost|p1b: Porygon2|atk|1
|-ability|p1b: Porygon2|Download|boost
|-boost|p1b: Porygon2|atk|1
|turn|1
|
|t:|1757091488
|switch|p1a: Primarina|Primarina, L50, F|100/100
|-terastallize|p2a: Basculegion|Water
|-terastallize|p1b: Porygon2|Fighting
|move|p2b: Incineroar|Fake Out|p1a: Primarina
|-damage|p1a: Primarina|85/100
|move|p2a: Basculegion|Wave Crash|p1a: Primarina
|-resisted|p1a: Primarina
|-damage|p1a: Primarina|14/100
|-enditem|p1a: Primarina|Sitrus Berry|[eat]
|-heal|p1a: Primarina|39/100|[from] item: Sitrus Berry
|-damage|p2a: Basculegion|79/100|[from] Recoil
|move|p1b: Porygon2|Tera Blast|p2b: Incineroar|[anim] Tera Blast Fighting
|-supereffective|p2b: Incineroar
|-damage|p2b: Incineroar|28/100
|-enditem|p2b: Incineroar|Sitrus Berry|[eat]
|-heal|p2b: Incineroar|53/100|[from] item: Sitrus Berry
|
|upkeep
|turn|2
|
|t:|1757091520
|switch|p2a: Sneasler|Sneasler, L50, M|100/100
|switch|p1a: Dragonite|Dragonite, L50, F|100/100
|move|p2b: Incineroar|Parting Shot|p1b: Porygon2
|-unboost|p1b: Porygon2|atk|1
|-unboost|p1b: Porygon2|spa|1
|
|t:|1757091527
|switch|p2b: Pelipper|Pelipper, L50, F|100/100|[from] Parting Shot
|-weather|RainDance|[from] ability: Drizzle|[of] p2b: Pelipper
|move|p1b: Porygon2|Tera Blast|p2a: Sneasler|[anim] Tera Blast Fighting
|-resisted|p2a: Sneasler
|-damage|p2a: Sneasler|86/100
|
|-weather|RainDance|[upkeep]
|upkeep
|turn|3
|
|t:|1757091539
|switch|p2b: Incineroar|Incineroar, L50, M|53/100
|-ability|p2b: Incineroar|Intimidate|boost
|-unboost|p1a: Dragonite|atk|1
|-unboost|p1b: Porygon2|atk|1
|switch|p1b: Primarina|Primarina, L50, F|39/100
|move|p2a: Sneasler|Dire Claw|p1a: Dragonite
|-damage|p1a: Dragonite|79/100
|-status|p1a: Dragonite|psn|[from] ability: Poison Touch|[of] p2a: Sneasler
|move|p1a: Dragonite|Scale Shot|p2a: Sneasler
|-damage|p2a: Sneasler|70/100
|-damage|p2a: Sneasler|54/100
|-damage|p2a: Sneasler|37/100
|-damage|p2a: Sneasler|20/100
|-hitcount|p2a: Sneasler|4
|-unboost|p1a: Dragonite|def|1
|-boost|p1a: Dragonite|spe|1
|
|-weather|RainDance|[upkeep]
|-damage|p1a: Dragonite|67/100 psn|[from] psn
|upkeep
|turn|4
|
|t:|1757091578
|move|p2b: Incineroar|Fake Out|p1a: Dragonite
|-damage|p1a: Dragonite|45/100 psn
|cant|p1a: Dragonite|flinch
|move|p2a: Sneasler|Dire Claw|p1a: Dragonite
|-damage|p1a: Dragonite|0 fnt
|faint|p1a: Dragonite
|move|p1b: Primarina|Hyper Voice|p2b: Incineroar|[spread] p2a,p2b
|-crit|p2a: Sneasler
|-supereffective|p2b: Incineroar
|-damage|p2a: Sneasler|0 fnt
|-damage|p2b: Incineroar|0 fnt
|faint|p2a: Sneasler
|faint|p2b: Incineroar
|
|-weather|RainDance|[upkeep]
|upkeep
|
|t:|1757091592
|switch|p2a: Pelipper|Pelipper, L50, F|100/100
|switch|p1a: Porygon2|Porygon2, L50, tera:Fighting|100/100
|switch|p2b: Basculegion|Basculegion, L50, M, shiny, tera:Water|79/100
|-ability|p1a: Porygon2|Download|boost
|-boost|p1a: Porygon2|spa|1
|turn|5
|
|t:|1757091611
|move|p2b: Basculegion|Last Respects|p1a: Porygon2
|-damage|p1a: Porygon2|25/100
|move|p2a: Pelipper|Hurricane|p1a: Porygon2
|-supereffective|p1a: Porygon2
|-damage|p1a: Porygon2|0 fnt
|faint|p1a: Porygon2
|move|p1b: Primarina|Moonblast|p2a: Pelipper
|-damage|p2a: Pelipper|41/100
|
|-weather|RainDance|[upkeep]
|upkeep
|
|t:|1757091638
|switch|p1a: Ursaluna|Ursaluna-Bloodmoon, L50, M|100/100
|turn|6
|inactive|Battle timer is ON: inactive players will automatically lose when time's up. (requested by sparrow.d.ace)
|
|t:|1757091646
|move|p2b: Basculegion|Last Respects|p1b: Primarina
|-damage|p1b: Primarina|0 fnt
|faint|p1b: Primarina
|move|p2a: Pelipper|Weather Ball|p1a: Ursaluna
|-supereffective|p1a: Ursaluna
|-damage|p1a: Ursaluna|16/100
|move|p1a: Ursaluna|Blood Moon|p2b: Basculegion
|-damage|p2b: Basculegion|0 fnt
|faint|p2b: Basculegion
|
|-weather|none
|upkeep
|turn|7
|
|t:|1757091662
|move|p2a: Pelipper|Hurricane|p1a: Ursaluna|[miss]
|-miss|p2a: Pelipper|p1a: Ursaluna
|move|p1a: Ursaluna|Hyper Voice|p2a: Pelipper
|-damage|p2a: Pelipper|0 fnt
|faint|p2a: Pelipper
|
|win|PkSbm
|raw|PkSbm's rating: 1151 → 1177(+26 for winning)
|raw|sparrow.d.ace's rating: 1170 → 1144(-26 for losing)
|c|☆sparrow.d.ace|gg
|l|☆PkSbm
|player|p1|
