|j|☆SongokuVG Fr
|j|☆Trestkon
|html|SongokuVG FrTrestkon    
|uhtml|bestof|Game 2 of a best-of-3
|t:|1756387839
|gametype|doubles
|player|p1|SongokuVG Fr|lucian|1216
|player|p2|Trestkon|1|1165
|gen|9
|tier|[Gen 9] VGC 2025 Reg H (Bo3)
|rated|
|rule|Species Clause: Limit one of each Pokémon
|rule|Item Clause: Limit 1 of each item
|clearpoke
|poke|p1|Rillaboom, L50, M|
|poke|p1|Kingambit, L50, F|
|poke|p1|Sneasler, L50, M|
|poke|p1|Magmar, L50, F|
|poke|p1|Dragapult, L50, F|
|poke|p1|Dondozo, L50, M|
|poke|p2|Indeedee-F, L50, F|
|poke|p2|Gallade, L50, M|
|poke|p2|Torkoal, L50, F|
|poke|p2|Ursaluna-Bloodmoon, L50, M|
|poke|p2|Armarouge, L50, M|
|poke|p2|Exeggutor, L50, F|
|teampreview|4
|showteam|p1|Rillaboom||AssaultVest|GrassySurge|FakeOut,WoodHammer,GrassyGlide,HighHorsepower|||M|||50|,,,,,Fire]Kingambit||DreadPlate|Defiant|KowtowCleave,Protect,SwordsDance,SuckerPunch|||F|||50|,,,,,Ghost]Sneasler||FocusSash|PoisonTouch|DireClaw,CloseCombat,FakeOut,Protect|||M|||50|,,,,,Ghost]Magmar||Eviolite|VitalSpirit|FollowMe,HeatWave,Protect,Taunt|||F|||50|,,,,,Ghost]Dragapult||ChoiceBand|ClearBody|DragonDarts,Uturn,Outrage,PhantomForce|||F|||50|,,,,,Dragon]Dondozo||Leftovers|Unaware|WaveCrash,Yawn,Protect,Fissure|||M|||50|,,,,,Bug
|showteam|p2|Indeedee-F||SafetyGoggles|PsychicSurge|FollowMe,Psychic,HelpingHand,TrickRoom|||F|||50|,,,,,Fairy]Gallade||ClearAmulet|Sharpness|PsychoCut,SacredSword,WideGuard,TrickRoom|||M|||50|,,,,,Steel]Torkoal||Charcoal|Drought|Eruption,WeatherBall,ClearSmog,Protect|||F|||50|,,,,,Fire]Ursaluna-Bloodmoon||ThroatSpray|MindsEye|EarthPower,HyperVoice,BloodMoon,Protect|||M|||50|,,,,,Normal]Armarouge||PowerHerb|FlashFire|ArmorCannon,ExpandingForce,MeteorBeam,TrickRoom|||M|||50|,,,,,Grass]Exeggutor||FocusSash|Chlorophyll|TrickRoom,ExpandingForce,EnergyBall,SleepPowder|||F|||50|,,,,,Psychic
|inactive|Battle timer is ON: inactive players will automatically lose when time's up. (requested by SongokuVG Fr)
|inactive|Trestkon has 60 seconds left.
|
|t:|1756387901
|teamsize|p1|4
|teamsize|p2|4
|start
|switch|p1a: Magmar|Magmar, L50, F|100/100
|switch|p1b: Dragapult|Dragapult, L50, F|100/100
|switch|p2a: Dermezel|Indeedee-F, L50, F|100/100
|switch|p2b: Rockman.EXE|Armarouge, L50, M|100/100
|-fieldstart|move: Psychic Terrain|[from] ability: Psychic Surge|[of] p2a: Dermezel
|turn|1
|
|t:|1756387923
|move|p2a: Dermezel|Follow Me|p2a: Dermezel
|-singleturn|p2a: Dermezel|move: Follow Me
|move|p1b: Dragapult|U-turn|p2a: Dermezel
|-supereffective|p2a: Dermezel
|-damage|p2a: Dermezel|30/100
|
|t:|1756387927
|switch|p1b: Rillaboom|Rillaboom, L50, M|100/100|[from] U-turn
|-fieldstart|move: Grassy Terrain|[from] ability: Grassy Surge|[of] p1b: Rillaboom
|move|p1a: Magmar|Taunt|p2a: Dermezel
|-start|p2a: Dermezel|move: Taunt
|move|p2b: Rockman.EXE|Trick Room|p2b: Rockman.EXE
|-fieldstart|move: Trick Room|[of] p2b: Rockman.EXE
|
|-heal|p2a: Dermezel|37/100|[from] Grassy Terrain
|upkeep
|turn|2
|inactive|Trestkon has 30 seconds left.
|
|t:|1756387957
|switch|p2a: Dr. Love|Torkoal, L50, F|100/100
|-weather|SunnyDay|[from] ability: Drought|[of] p2a: Dr. Love
|switch|p1a: Dondozo|Dondozo, L50, M|100/100
|move|p1b: Rillaboom|Fake Out|p2b: Rockman.EXE
|-damage|p2b: Rockman.EXE|86/100
|cant|p2b: Rockman.EXE|flinch
|
|-weather|SunnyDay|[upkeep]
|-heal|p2b: Rockman.EXE|93/100|[from] Grassy Terrain
|upkeep
|turn|3
|
|t:|1756387979
|-terastallize|p2b: Rockman.EXE|Grass
|-terastallize|p1b: Rillaboom|Fire
|move|p2a: Dr. Love|Eruption|p1b: Rillaboom|[spread] p1a,p1b
|-resisted|p1a: Dondozo
|-resisted|p1b: Rillaboom
|-damage|p1a: Dondozo|66/100
|-damage|p1b: Rillaboom|69/100
|move|p1a: Dondozo|Yawn|p2a: Dr. Love
|-start|p2a: Dr. Love|move: Yawn|[of] p1a: Dondozo
|move|p2b: Rockman.EXE|Meteor Beam||[still]
|-prepare|p2b: Rockman.EXE|Meteor Beam
|-boost|p2b: Rockman.EXE|spa|1
|-enditem|p2b: Rockman.EXE|Power Herb
|-anim|p2b: Rockman.EXE|Meteor Beam|p1b: Rillaboom
|-supereffective|p1b: Rillaboom
|-damage|p1b: Rillaboom|0 fnt
|faint|p1b: Rillaboom
|
|-weather|SunnyDay|[upkeep]
|-heal|p1a: Dondozo|73/100|[from] Grassy Terrain
|-heal|p1a: Dondozo|79/100|[from] item: Leftovers
|-heal|p2b: Rockman.EXE|99/100|[from] Grassy Terrain
|upkeep
|
|t:|1756388000
|switch|p1b: Dragapult|Dragapult, L50, F|100/100
|turn|4
|
|t:|1756388009
|switch|p2a: Dermezel|Indeedee-F, L50, F|37/100
|-fieldstart|move: Psychic Terrain|[from] ability: Psychic Surge|[of] p2a: Dermezel
|switch|p1b: Magmar|Magmar, L50, F|100/100
|move|p1a: Dondozo|Yawn|p2b: Rockman.EXE
|-start|p2b: Rockman.EXE|move: Yawn|[of] p1a: Dondozo
|move|p2b: Rockman.EXE|Expanding Force|p1b: Magmar|[spread] p1a,p1b
|-damage|p1a: Dondozo|24/100
|-damage|p1b: Magmar|35/100
|
|-weather|SunnyDay|[upkeep]
|-heal|p1a: Dondozo|30/100|[from] item: Leftovers
|upkeep
|turn|5
|inactive|Trestkon has 30 seconds left.
|
|t:|1756388036
|move|p1a: Dondozo|Protect|p1a: Dondozo
|-singleturn|p1a: Dondozo|Protect
|move|p1b: Magmar|Protect|p1b: Magmar
|-singleturn|p1b: Magmar|Protect
|move|p2b: Rockman.EXE|Trick Room|p2b: Rockman.EXE
|-fieldend|move: Trick Room
|move|p2a: Dermezel|Trick Room|p2a: Dermezel
|-fieldstart|move: Trick Room|[of] p2a: Dermezel
|
|-weather|SunnyDay|[upkeep]
|-heal|p1a: Dondozo|36/100|[from] item: Leftovers
|-end|p2b: Rockman.EXE|move: Yawn|[silent]
|-status|p2b: Rockman.EXE|slp
|upkeep
|turn|6
|
|t:|1756388049
|switch|p2b: Ursaluna|Ursaluna-Bloodmoon, L50, M|100/100
|move|p1a: Dondozo|Wave Crash|p2a: Dermezel
|-damage|p2a: Dermezel|13/100
|-damage|p1a: Dondozo|30/100|[from] Recoil
|move|p2a: Dermezel|Psychic|p1a: Dondozo
|-damage|p1a: Dondozo|0 fnt
|faint|p1a: Dondozo
|move|p1b: Magmar|Heat Wave|p2b: Ursaluna|[spread] p2a,p2b
|-damage|p2a: Dermezel|0 fnt
|-damage|p2b: Ursaluna|55/100
|faint|p2a: Dermezel
|
|-weather|none
|upkeep
|
|t:|1756388063
|switch|p1a: Dragapult|Dragapult, L50, F|100/100
|switch|p2a: Dr. Love|Torkoal, L50, F|100/100
|-weather|SunnyDay|[from] ability: Drought|[of] p2a: Dr. Love
|turn|7
|
|t:|1756388070
|move|p1b: Magmar|Follow Me|p1b: Magmar
|-singleturn|p1b: Magmar|move: Follow Me
|move|p2a: Dr. Love|Eruption|p1a: Dragapult|[spread] p1a,p1b
|-resisted|p1a: Dragapult
|-resisted|p1b: Magmar
|-damage|p1a: Dragapult|43/100
|-damage|p1b: Magmar|5/100
|move|p2b: Ursaluna|Hyper Voice|p1a: Dragapult|[spread] p1a,p1b
|-damage|p1a: Dragapult|0 fnt
|-damage|p1b: Magmar|0 fnt
|faint|p1a: Dragapult
|faint|p1b: Magmar
|-enditem|p2b: Ursaluna|Throat Spray
|
|win|Trestkon
||SongokuVG Fr is ready for game 3.
|inactive|Trestkon has 30 seconds to confirm battle start!
||Trestkon is ready for game 3.
|uhtml|next|Next: Game 3 of 3
|l|☆SongokuVG Fr
|player|p1|
