|j|☆ILoveMIR
|j|‽daniiivgc
|html|ILoveMIRdaniiivgc    
|uhtml|bestof|Game 2 of a best-of-3
|t:|1783704801
|gametype|doubles
|player|p1|ILoveMIR|shauntal|1432
|player|p2|daniiivgc|giovanni|1333
|gen|9
|tier|[Gen 9 Champions] VGC 2026 Reg M-B (Bo3)
|rated|
|rule|Species Clause: Limit one of each Pokémon
|rule|Item Clause: Limit 1 of each item
|clearpoke
|poke|p1|Blaziken, L50, F|
|poke|p1|Tsareena, L50, F|
|poke|p1|Milotic, L50, M|
|poke|p1|Whimsicott, L50, M|
|poke|p1|Glimmora, L50, F|
|poke|p1|Hydreigon, L50, F|
|poke|p2|Charizard, L50, M|
|poke|p2|Venusaur, L50, M|
|poke|p2|Garchomp, L50, M|
|poke|p2|Incineroar, L50, M|
|poke|p2|Toxapex, L50, M|
|poke|p2|Annihilape, L50, M|
|teampreview|4
|showteam|p1|Blaziken||Blazikenite|SpeedBoost|FlareBlitz,CloseCombat,RockSlide,Detect|Adamant||F|||50|]Tsareena||WideLens|QueenlyMajesty|PowerWhip,TripleAxel,LowKick,Taunt|Adamant||F|||50|]Milotic||ExpertBelt|Competitive|Scald,IceBeam,Recover,Protect|Modest||M|||50|]Whimsicott||LifeOrb|Prankster|Moonblast,Tailwind,Encore,Protect|Modest||M|||50|]Glimmora||FocusSash|ToxicDebris|PowerGem,SludgeBomb,EarthPower,SpikyShield|Modest||F|||50|]Hydreigon||ChoiceScarf|Levitate|DarkPulse,DracoMeteor,Snarl,EarthPower|Modest||F|||50|
|showteam|p2|Charizard||CharizarditeY|Blaze|HeatWave,WeatherBall,HelpingHand,Protect|Modest||M|||50|]Venusaur||LifeOrb|Chlorophyll|LeafStorm,SludgeBomb,EarthPower,Protect|Modest||M|||50|]Garchomp||ChoiceScarf|RoughSkin|DragonClaw,Earthquake,RockSlide,StompingTantrum|Adamant||M|||50|]Incineroar||SitrusBerry|Intimidate|FlareBlitz,ThroatChop,PartingShot,FakeOut|Impish||M|||50|]Toxapex||Leftovers|Regenerator|Toxic,Infestation,WideGuard,BanefulBunker|Bold||M|||50|]Annihilape||FocusSash|Defiant|PhantomForce,CloseCombat,RockTomb,Protect|Jolly||M|||50|
|inactive|Battle timer is ON: inactive players will automatically lose when time's up. (requested by ILoveMIR)
|j| Agent_999_999
|l| Agent_999_999
|inactive|ILoveMIR has 60 seconds left.
|inactive|daniiivgc has 60 seconds left.
|inactive|daniiivgc has 30 seconds left.
|
|t:|1783704862
|teamsize|p1|4
|teamsize|p2|4
|start
|switch|p1a: Glimmora|Glimmora, L50, F|100/100
|switch|p1b: Whimsicott|Whimsicott, L50, M|100/100
|switch|p2a: Toxapex|Toxapex, L50, M|100/100
|switch|p2b: Incineroar|Incineroar, L50, M|100/100
|-ability|p2b: Incineroar|Intimidate|boost
|-unboost|p1a: Glimmora|atk|1
|-unboost|p1b: Whimsicott|atk|1
|turn|1
|
|t:|1783704875
|move|p1b: Whimsicott|Protect|p1b: Whimsicott
|-singleturn|p1b: Whimsicott|Protect
|move|p2b: Incineroar|Fake Out|p1b: Whimsicott
|-activate|p1b: Whimsicott|move: Protect
|move|p1a: Glimmora|Power Gem|p2b: Incineroar
|-supereffective|p2b: Incineroar|1
|-damage|p2b: Incineroar|22/100
|-enditem|p2b: Incineroar|Sitrus Berry|[eat]
|-heal|p2b: Incineroar|47/100|[from] item: Sitrus Berry
|move|p2a: Toxapex|Infestation|p1a: Glimmora
|-resisted|p1a: Glimmora|1
|-damage|p1a: Glimmora|98/100
|-activate|p1a: Glimmora|move: Infestation|[of] p2a: Toxapex
|
|-damage|p1a: Glimmora|86/100|[from] move: Infestation|[partiallytrapped]
|upkeep
|turn|2
|
|t:|1783704895
|move|p1b: Whimsicott|Tailwind|p1b: Whimsicott
|-sidestart|p1: ILoveMIR|move: Tailwind
|move|p1a: Glimmora|Power Gem|p2b: Incineroar
|-supereffective|p2b: Incineroar|1
|-damage|p2b: Incineroar|0 fnt
|faint|p2b: Incineroar
|move|p2a: Toxapex|Toxic|p1b: Whimsicott
|-status|p1b: Whimsicott|tox
|
|-damage|p1b: Whimsicott|94/100 tox|[from] psn
|-damage|p1a: Glimmora|74/100|[from] move: Infestation|[partiallytrapped]
|upkeep
|
|t:|1783704907
|switch|p2b: Charizard|Charizard, L50, M|100/100
|turn|3
|
|t:|1783704916
|move|p2b: Charizard|Protect|p2b: Charizard
|-singleturn|p2b: Charizard|Protect
|move|p1b: Whimsicott|Encore|p2a: Toxapex
|-start|p2a: Toxapex|Encore
|move|p1a: Glimmora|Power Gem|p2b: Charizard
|-activate|p2b: Charizard|move: Protect
|move|p2a: Toxapex|Toxic|p1b: Whimsicott
|-fail|p1b: Whimsicott|tox
|
|-damage|p1b: Whimsicott|82/100 tox|[from] psn
|-damage|p1a: Glimmora|62/100|[from] move: Infestation|[partiallytrapped]
|upkeep
|turn|4
|
|t:|1783704926
|switch|p2b: Garchomp|Garchomp, L50, M|100/100
|move|p1b: Whimsicott|Moonblast|p2b: Garchomp
|-supereffective|p2b: Garchomp|1
|-damage|p2b: Garchomp|0 fnt
|faint|p2b: Garchomp
|-damage|p1b: Whimsicott|73/100 tox|[from] item: Life Orb
|move|p1a: Glimmora|Power Gem|p2a: Toxapex
|-damage|p2a: Toxapex|65/100
|move|p2a: Toxapex|Toxic|p1b: Whimsicott
|-fail|p1b: Whimsicott|tox
|
|-heal|p2a: Toxapex|71/100|[from] item: Leftovers
|-damage|p1b: Whimsicott|56/100 tox|[from] psn
|-damage|p1a: Glimmora|50/100g|[from] move: Infestation|[partiallytrapped]
|upkeep
|
|t:|1783704937
|switch|p2b: Charizard|Charizard, L50, M|100/100
|turn|5
|inactive|ILoveMIR has 30 seconds left.
|
|t:|1783704968
|move|p2b: Charizard|Protect|p2b: Charizard
|-singleturn|p2b: Charizard|Protect
|move|p1b: Whimsicott|Moonblast|p2a: Toxapex
|-resisted|p2a: Toxapex|1
|-damage|p2a: Toxapex|52/100
|-damage|p1b: Whimsicott|46/100 tox|[from] item: Life Orb
|move|p1a: Glimmora|Power Gem|p2b: Charizard
|-activate|p2b: Charizard|move: Protect
|move|p2a: Toxapex|Toxic|p1b: Whimsicott
|-fail|p1b: Whimsicott|tox
|
|-heal|p2a: Toxapex|57/100|[from] item: Leftovers
|-damage|p1b: Whimsicott|23/100 tox|[from] psn
|-damage|p1a: Glimmora|38/100|[from] move: Infestation|[partiallytrapped]
|-end|p2a: Toxapex|Encore
|-sideend|p1: ILoveMIR|move: Tailwind
|upkeep
|turn|6
|
|t:|1783704980
|move|p2b: Charizard|Protect||[still]
|-fail|p2b: Charizard
|move|p1b: Whimsicott|Tailwind|p1b: Whimsicott
|-sidestart|p1: ILoveMIR|move: Tailwind
|move|p1a: Glimmora|Power Gem|p2b: Charizard
|-supereffective|p2b: Charizard|2
|-damage|p2b: Charizard|0 fnt
|faint|p2b: Charizard
|move|p2a: Toxapex|Infestation|p1b: Whimsicott
|-damage|p1b: Whimsicott|19/100 tox
|-activate|p1b: Whimsicott|move: Infestation|[of] p2a: Toxapex
|
|-heal|p2a: Toxapex|63/100|[from] item: Leftovers
|-damage|p1b: Whimsicott|0 fnt|[from] psn
|faint|p1b: Whimsicott
|-end|p1a: Glimmora|Infestation|[partiallytrapped]
|upkeep
|
|t:|1783704985
|switch|p1b: Hydreigon|Hydreigon, L50, F|100/100
|turn|7
|-message|daniiivgc forfeited.
|
|win|ILoveMIR
|raw|ILoveMIR's rating: 1432 → 1446(+14 for winning)
|raw|daniiivgc's rating: 1333 → 1319(-14 for losing)
