|j|☆bluntmaster9000
|j|☆8BitBidoof
|html|bluntmaster90008BitBidoof    
|uhtml|bestof|Game 1 of a best-of-3
|t:|1756851977
|gametype|doubles
|player|p1|bluntmaster9000|1|1215
|player|p2|8BitBidoof|red-lgpe|1316
|gen|9
|tier|[Gen 9] VGC 2025 Reg H (Bo3)
|rated|
|rule|Species Clause: Limit one of each Pokémon
|rule|Item Clause: Limit 1 of each item
|clearpoke
|poke|p1|Charizard, L50, M|
|poke|p1|Torkoal, L50, F|
|poke|p1|Jumpluff, L50, M|
|poke|p1|Ursaluna, L50, M|
|poke|p1|Sneasler, L50, M|
|poke|p1|Indeedee, L50, M|
|poke|p2|Sneasler, L50, F|
|poke|p2|Indeedee, L50, M|
|poke|p2|Volcarona, L50, M|
|poke|p2|Ursaluna-Bloodmoon, L50, M|
|poke|p2|Annihilape, L50, F|
|poke|p2|Tyranitar, L50, M|
|teampreview|4
|showteam|p1|Charizard||ChoiceSpecs|SolarPower|HeatWave,Overheat,WeatherBall,AirSlash|||M|||50|,,,,,Fire]Torkoal||EjectPack|Drought|Eruption,Overheat,HelpingHand,Protect|||F|||50|,,,,,Fire]Jumpluff||CovertCloak|Chlorophyll|SleepPowder,SunnyDay,RagePowder,Tailwind|||M|||50|,,,,,Poison]Ursaluna||FlameOrb|Guts|HeadlongRush,Facade,Earthquake,Protect|||M|||50|,,,,,Ghost]Sneasler||PsychicSeed|Unburden|CloseCombat,DireClaw,ThroatChop,Protect|||M|||50|,,,,,Ghost]Indeedee||FocusSash|PsychicSurge|ExpandingForce,EnergyBall,TrickRoom,Protect|||M|||50|,,,,,Grass
|showteam|p2|Sneasler||PsychicSeed|Unburden|CloseCombat,DireClaw,ThroatChop,Protect|||F|||50|,,,,,Dark]Indeedee||ChoiceScarf|PsychicSurge|ExpandingForce,TeraBlast,Trick,Protect|||M|||50|,,,,,Psychic]Volcarona||SitrusBerry|FlameBody|Overheat,StruggleBug,RagePowder,Tailwind|||M|||50|,,,,,Grass]Ursaluna-Bloodmoon||LifeOrb|MindsEye|BloodMoon,HyperVoice,EarthPower,Protect|||M|||50|,,,,,Normal]Annihilape||SafetyGoggles|Defiant|CloseCombat,RageFist,Taunt,FinalGambit|||F|||50|,,,,,Fairy]Tyranitar||AssaultVest|SandStream|RockSlide,KnockOff,TeraBlast,LowKick|||M|||50|,,,,,Flying
|inactive|Battle timer is ON: inactive players will automatically lose when time's up. (requested by bluntmaster9000)
|inactive|bluntmaster9000 has 60 seconds left.
|inactive|8BitBidoof has 60 seconds left.
|inactive|8BitBidoof has 30 seconds left.
|
|t:|1756852037
|teamsize|p1|4
|teamsize|p2|4
|start
|switch|p1a: Indeedee|Indeedee, L50, M|100/100
|switch|p1b: Sneasler|Sneasler, L50, M|100/100
|switch|p2a: Annihilape|Annihilape, L50, F|100/100
|switch|p2b: Sneasler|Sneasler, L50, F|100/100
|-fieldstart|move: Psychic Terrain|[from] ability: Psychic Surge|[of] p1a: Indeedee
|-enditem|p2b: Sneasler|Psychic Seed
|-boost|p2b: Sneasler|spd|1|[from] item: Psychic Seed
|-enditem|p1b: Sneasler|Psychic Seed
|-boost|p1b: Sneasler|spd|1|[from] item: Psychic Seed
|turn|1
|inactive|bluntmaster9000 has 30 seconds left.
|inactive|8BitBidoof has 30 seconds left.
|inactive|8BitBidoof has 20 seconds left.
|inactive|8BitBidoof has 15 seconds left.
|inactive|bluntmaster9000 has 20 seconds left.
|inactive|8BitBidoof has 10 seconds left.
|inactive|bluntmaster9000 has 15 seconds left.
|inactive|bluntmaster9000 has 10 seconds left.
|
|t:|1756852106
|switch|p2a: Tyranitar|Tyranitar, L50, M|100/100
|-weather|Sandstorm|[from] ability: Sand Stream|[of] p2a: Tyranitar
|move|p2b: Sneasler|Protect|p2b: Sneasler
|-singleturn|p2b: Sneasler|Protect
|move|p1b: Sneasler|Close Combat|p2b: Sneasler
|-activate|p2b: Sneasler|move: Protect
|move|p1a: Indeedee|Expanding Force|p2b: Sneasler|[spread] 
|-activate|p2b: Sneasler|move: Protect
|-immune|p2a: Tyranitar
|
|-weather|Sandstorm|[upkeep]
|-damage|p1b: Sneasler|95/100|[from] Sandstorm
|-damage|p2b: Sneasler|95/100|[from] Sandstorm
|-damage|p1a: Indeedee|95/100|[from] Sandstorm
|upkeep
|turn|2
|inactive|bluntmaster9000 has 30 seconds left.
|inactive|8BitBidoof has 30 seconds left.
|inactive|bluntmaster9000 has 20 seconds left.
|inactive|bluntmaster9000 has 15 seconds left.
|inactive|bluntmaster9000 has 10 seconds left.
|
|t:|1756852152
|switch|p1b: Ursaluna|Ursaluna, L50, M|100/100
|-terastallize|p2a: Tyranitar|Flying
|move|p1a: Indeedee|Protect|p1a: Indeedee
|-singleturn|p1a: Indeedee|Protect
|move|p2b: Sneasler|Throat Chop|p1a: Indeedee
|-activate|p1a: Indeedee|move: Protect
|move|p2a: Tyranitar|Tera Blast|p1b: Ursaluna|[anim] Tera Blast Flying
|-damage|p1b: Ursaluna|64/100
|
|-weather|Sandstorm|[upkeep]
|-damage|p2b: Sneasler|89/100|[from] Sandstorm
|-damage|p1a: Indeedee|89/100|[from] Sandstorm
|-damage|p2a: Tyranitar|95/100|[from] Sandstorm
|-status|p1b: Ursaluna|brn|[from] item: Flame Orb
|upkeep
|turn|3
|inactive|bluntmaster9000 has 30 seconds left.
|inactive|8BitBidoof has 30 seconds left.
|
|t:|1756852178
|switch|p1a: Torkoal|Torkoal, L50, F|100/100
|-weather|SunnyDay|[from] ability: Drought|[of] p1a: Torkoal
|-terastallize|p1b: Ursaluna|Ghost
|move|p2b: Sneasler|Throat Chop|p1a: Torkoal
|-damage|p1a: Torkoal|77/100
|-start|p1a: Torkoal|Throat Chop|[silent]
|move|p2a: Tyranitar|Knock Off|p1b: Ursaluna
|-supereffective|p1b: Ursaluna
|-damage|p1b: Ursaluna|0 fnt
|-enditem|p1b: Ursaluna|Flame Orb|[from] move: Knock Off|[of] p2a: Tyranitar
|faint|p1b: Ursaluna
|
|-weather|SunnyDay|[upkeep]
|upkeep
|inactive|bluntmaster9000 has 30 seconds left.
|
|t:|1756852203
|switch|p1b: Indeedee|Indeedee, L50, M|89/100
|turn|4
|
|t:|1756852217
|move|p1b: Indeedee|Protect|p1b: Indeedee
|-singleturn|p1b: Indeedee|Protect
|move|p2b: Sneasler|Throat Chop|p1b: Indeedee
|-activate|p1b: Indeedee|move: Protect
|move|p2a: Tyranitar|Rock Slide|p1a: Torkoal|[spread] p1a
|-activate|p1b: Indeedee|move: Protect
|-supereffective|p1a: Torkoal
|-damage|p1a: Torkoal|33/100
|move|p1a: Torkoal|Overheat|p2b: Sneasler
|-damage|p2b: Sneasler|5/100
|-unboost|p1a: Torkoal|spa|2
|-enditem|p1a: Torkoal|Eject Pack
|
|t:|1756852229
|switch|p1a: Sneasler|Sneasler, L50, M|95/100
|
|-weather|SunnyDay|[upkeep]
|upkeep
|turn|5
|
|t:|1756852252
|move|p2b: Sneasler|Throat Chop|p1b: Indeedee
|-supereffective|p1b: Indeedee
|-damage|p1b: Indeedee|0 fnt
|faint|p1b: Indeedee
|move|p1a: Sneasler|Dire Claw|p2b: Sneasler
|-resisted|p2b: Sneasler
|-damage|p2b: Sneasler|0 fnt
|faint|p2b: Sneasler
|move|p2a: Tyranitar|Tera Blast|p1a: Sneasler|[anim] Tera Blast Flying
|-supereffective|p1a: Sneasler
|-damage|p1a: Sneasler|0 fnt
|faint|p1a: Sneasler
|
|-weather|SunnyDay|[upkeep]
|-fieldend|move: Psychic Terrain
|upkeep
|-message|bluntmaster9000 forfeited.
|
|win|8BitBidoof
||bluntmaster9000 is ready for game 2.
