|j|☆Sangyforever
|j|☆spain core
|html|Sangyforeverspain core    
|uhtml|bestof|Game 3 of a best-of-3
|t:|1783450528
|gametype|doubles
|player|p1|Sangyforever|169|
|player|p2|spain core|benga|
|gen|9
|tier|[Gen 9 Champions] VGC 2026 Reg M-B (Bo3)
|rule|Species Clause: Limit one of each Pokémon
|rule|Item Clause: Limit 1 of each item
|clearpoke
|poke|p1|Swampert, L50, F|
|poke|p1|Pelipper, L50, F|
|poke|p1|Archaludon, L50, F|
|poke|p1|Raichu, L50, M|
|poke|p1|Sinistcha, L50|
|poke|p1|Sneasler, L50, M|
|poke|p2|Delphox, L50, F|
|poke|p2|Blastoise, L50, M|
|poke|p2|Sneasler, L50, M|
|poke|p2|Maushold, L50|
|poke|p2|Sinistcha-Masterpiece, L50|
|poke|p2|Kingambit, L50, M|
|teampreview|4
|showteam|p1|Swampert||Swampertite|Torrent|WaveCrash,HighHorsepower,IcePunch,Protect|Adamant||F|||50|]Pelipper||FocusSash|Drizzle|Tailwind,WeatherBall,Hurricane,WideGuard|Modest||F|||50|]Archaludon||Leftovers|Stamina|ElectroShot,DragonPulse,FlashCannon,Protect|Modest||F|||50|]Raichu||RaichuniteX|Static|VoltSwitch,VoltTackle,FakeOut,RainDance|Jolly||M|||50|]Sinistcha||CobaBerry|Hospitality|MatchaGotcha,RagePowder,TrickRoom,LifeDew|Bold|||||50|]Sneasler||WhiteHerb|Unburden|FakeOut,CloseCombat,DireClaw,Protect|Jolly||M|||50|
|showteam|p2|Delphox||Delphoxite|Blaze|HeatWave,Psychic,Protect,NastyPlot|Timid||F|||50|]Blastoise||Blastoisinite|RainDish|WaterSpout,DarkPulse,ShellSmash,Protect|Modest||M|||50|]Sneasler||FocusSash|PoisonTouch|CloseCombat,PoisonJab,RockTomb,FakeOut|Jolly||M|||50|]Maushold||SitrusBerry|FriendGuard|FollowMe,HelpingHand,Protect,SuperFang|Jolly|||||50|]Sinistcha-Masterpiece||KasibBerry|Hospitality|MatchaGotcha,RagePowder,Protect,TrickRoom|Bold|||||50|]Kingambit||BlackGlasses|Defiant|KowtowCleave,SuckerPunch,SwordsDance,Protect|Adamant||M|||50|
|inactive|Battle timer is ON: inactive players will automatically lose when time's up. (requested by spain core)
|j| Fcjavic09
|inactive|Sangyforever has 60 seconds left.
|c|☆spain core|gl
|inactive|spain core has 60 seconds left.
|c|☆Sangyforever|gl
|
|t:|1783450591
|teamsize|p1|4
|teamsize|p2|4
|start
|switch|p1a: Swampert|Swampert, L50, F|100/100
|switch|p1b: Pelipper|Pelipper, L50, F|100/100
|switch|p2a: Delphox|Delphox, L50, F|100/100
|switch|p2b: Sneasler|Sneasler, L50, M|100/100
|-weather|RainDance|[from] ability: Drizzle|[of] p1b: Pelipper
|turn|1
|
|t:|1783450619
|detailschange|p1a: Swampert|Swampert-Mega, L50, F
|-mega|p1a: Swampert|Swampert|Swampertite
|move|p2b: Sneasler|Fake Out|p1a: Swampert
|-crit|p1a: Swampert
|-damage|p1a: Swampert|80/100
|-status|p1a: Swampert|psn|[from] ability: Poison Touch|[of] p2b: Sneasler
|cant|p1a: Swampert|flinch
|move|p2a: Delphox|Psychic|p1b: Pelipper
|-damage|p1b: Pelipper|29/100
|move|p1b: Pelipper|Tailwind|p1b: Pelipper
|-sidestart|p1: Sangyforever|move: Tailwind
|
|-weather|RainDance|[upkeep]
|-damage|p1a: Swampert|68/100 psn|[from] psn
|upkeep
|turn|2
|inactive|Sangyforever has 30 seconds left.
|inactive|spain core has 30 seconds left.
|inactive|Sangyforever has 20 seconds left.
|inactive|Sangyforever has 15 seconds left.
|inactive|Sangyforever has 10 seconds left.
|
|t:|1783450665
|move|p1a: Swampert|Ice Punch|p2b: Sneasler
|-damage|p2b: Sneasler|48/100
|move|p1b: Pelipper|Weather Ball|p2b: Sneasler
|-damage|p2b: Sneasler|0 fnt
|faint|p2b: Sneasler
|move|p2a: Delphox|Psychic|p1a: Swampert
|-damage|p1a: Swampert|34/100 psn
|
|-weather|RainDance|[upkeep]
|-damage|p1a: Swampert|22/100 psn|[from] psn
|upkeep
|
|t:|1783450675
|switch|p2b: Sinistcha|Sinistcha-Masterpiece, L50|100/100
|turn|3
|
|t:|1783450698
|move|p1a: Swampert|Protect|p1a: Swampert
|-singleturn|p1a: Swampert|Protect
|move|p2b: Sinistcha|Protect|p2b: Sinistcha
|-singleturn|p2b: Sinistcha|Protect
|move|p1b: Pelipper|Hurricane|p2b: Sinistcha
|-activate|p2b: Sinistcha|move: Protect
|move|p2a: Delphox|Psychic|p1b: Pelipper
|-damage|p1b: Pelipper|0 fnt
|faint|p1b: Pelipper
|
|-weather|RainDance|[upkeep]
|-damage|p1a: Swampert|10/100 psn|[from] psn
|upkeep
|
|t:|1783450709
|switch|p1b: Sinistcha|Sinistcha, L50|100/100
|-heal|p1a: Swampert|34/100 psn|[from] ability: Hospitality|[of] p1b: Sinistcha
|turn|4
|inactive|Sangyforever has 30 seconds left.
|inactive|spain core has 30 seconds left.
|inactive|Sangyforever has 20 seconds left.
|
|t:|1783450748
|switch|p1a: Sneasler|Sneasler, L50, M|100/100
|move|p1b: Sinistcha|Matcha Gotcha|p2b: Sinistcha|[spread] p2b
|-miss|p1b: Sinistcha|p2a: Delphox
|-resisted|p2b: Sinistcha|1
|-damage|p2b: Sinistcha|87/100
|move|p2a: Delphox|Psychic|p1a: Sneasler
|-supereffective|p1a: Sneasler|2
|-damage|p1a: Sneasler|0 fnt
|faint|p1a: Sneasler
|move|p2b: Sinistcha|Matcha Gotcha|p1b: Sinistcha
|-resisted|p1b: Sinistcha|1
|-damage|p1b: Sinistcha|84/100
|-heal|p2b: Sinistcha|94/100|[from] drain|[of] p1b: Sinistcha
|
|-weather|RainDance|[upkeep]
|-sideend|p1: Sangyforever|move: Tailwind
|upkeep
|
|t:|1783450758
|switch|p1a: Swampert|Swampert-Mega, L50, F|34/100 psn
|turn|5
|
|t:|1783450774
|move|p2a: Delphox|Protect|p2a: Delphox
|-singleturn|p2a: Delphox|Protect
|move|p1a: Swampert|High Horsepower|p2a: Delphox
|-activate|p2a: Delphox|move: Protect
|move|p2b: Sinistcha|Matcha Gotcha|p1b: Sinistcha|[spread] p1a,p1b
|-supereffective|p1a: Swampert|2
|-resisted|p1b: Sinistcha|1
|-damage|p1a: Swampert|0 fnt
|-heal|p2b: Sinistcha|100/100|[from] drain|[of] p1a: Swampert
|-damage|p1b: Sinistcha|74/100
|faint|p1a: Swampert
|move|p1b: Sinistcha|Matcha Gotcha|p2a: Delphox|[spread] p2b
|-activate|p2a: Delphox|move: Protect
|-resisted|p2b: Sinistcha|1
|-damage|p2b: Sinistcha|86/100
|-heal|p1b: Sinistcha|81/100|[from] drain|[of] p2b: Sinistcha
|
|-weather|none
|upkeep
|turn|6
|-message|Sangyforever forfeited.
|
|win|spain core
|c|☆Sangyforever|gg
|c|☆spain core|ggs
|c|☆Sangyforever|Me pasé de lector supongo
|l| Fcjavic09
|l|☆spain core
|player|p2|
|j|☆spain core
|player|p2|spain core|benga|
