|j|â˜†shieeeee
|j|â˜†PigsPigsPigsPigs
|html|shieeeeePigsPigsPigsPigs    
|uhtml|bestof|Game 2 of a best-of-3
|t:|1757627357
|gametype|doubles
|player|p1|shieeeee|170|1142
|player|p2|PigsPigsPigsPigs|marley|1135
|gen|9
|tier|[Gen 9] VGC 2025 Reg H (Bo3)
|rated|
|rule|Species Clause: Limit one of each PokÃ©mon
|rule|Item Clause: Limit 1 of each item
|clearpoke
|poke|p1|Volcarona, L50, M|
|poke|p1|Dragonite, L50, M|
|poke|p1|Excadrill, L50, F|
|poke|p1|Tyranitar, L50, F|
|poke|p1|Gholdengo, L50|
|poke|p1|Rillaboom, L50, F|
|poke|p2|Indeedee-F, L50, F|
|poke|p2|Armarouge, L50, M|
|poke|p2|Ursaluna, L50, M|
|poke|p2|Gallade, L50, M|
|poke|p2|Incineroar, L50, M|
|poke|p2|Sneasler, L50, M|
|teampreview|4
|showteam|p1|Volcarona||SafetyGoggles|FlameBody|Overheat,WillOWisp,RagePowder,Tailwind|||M|||50|,,,,,Grass]Dragonite||ChoiceBand|InnerFocus|ExtremeSpeed,IceSpinner,StompingTantrum,Outrage|||M|||50|,,,,,Normal]Excadrill||FocusSash|SandRush|Protect,IronHead,Earthquake,HighHorsepower|||F|||50|,,,,,Ghost]Tyranitar||ClearAmulet|SandStream|RockSlide,KnockOff,LowKick,TeraBlast|||F|||50|,,,,,Flying]Gholdengo||LifeOrb|GoodasGold|MakeItRain,NastyPlot,Protect,ShadowBall||||||50|,,,,,Dragon]Rillaboom||AssaultVest|GrassySurge|FakeOut,WoodHammer,GrassyGlide,Uturn|||F|||50|,,,,,Fire
|showteam|p2|Indeedee-F||FocusSash|PsychicSurge|FollowMe,TrickRoom,HelpingHand,Psychic|||F|||50|,,,,,Fairy]Armarouge||LifeOrb|FlashFire|ExpandingForce,ArmorCannon,TrickRoom,Protect|||M|||50|,,,,,Grass]Ursaluna||FlameOrb|Guts|Facade,Earthquake,HeadlongRush,Protect|||M|||50|,,,,,Ghost]Gallade||ClearAmulet|Sharpness|SacredSword,PsychoCut,TrickRoom,WideGuard|||M|||50|,,,,,Steel]Incineroar||SafetyGoggles|Intimidate|FakeOut,FlareBlitz,KnockOff,PartingShot|||M|||50|,,,,,Flying]Sneasler||PsychicSeed|Unburden|DireClaw,CloseCombat,ThroatChop,Protect|||M|||50|,,,,,Stellar
|inactive|Battle timer is ON: inactive players will automatically lose when time's up. (requested by shieeeee)
|
|t:|1757627386
|teamsize|p1|4
|teamsize|p2|4
|start
|switch|p1a: Tyranitar|Tyranitar, L50, F, shiny|100/100
|switch|p1b: Excadrill|Excadrill, L50, F, shiny|100/100
|switch|p2a: Pomni|Indeedee-F, L50, F|100/100
|switch|p2b: Gummy Goo|Gallade, L50, M|100/100
|-weather|Sandstorm|[from] ability: Sand Stream|[of] p1a: Tyranitar
|-fieldstart|move: Psychic Terrain|[from] ability: Psychic Surge|[of] p2a: Pomni
|turn|1
|inactive|shieeeee has 30 seconds left.
|inactive|shieeeee has 20 seconds left.
|
|t:|1757627421
|-terastallize|p1a: Tyranitar|Flying
|move|p2a: Pomni|Follow Me|p2a: Pomni
|-singleturn|p2a: Pomni|move: Follow Me
|move|p1b: Excadrill|High Horsepower|p2a: Pomni
|-damage|p2a: Pomni|29/100
|move|p1a: Tyranitar|Tera Blast|p2a: Pomni|[anim] Tera Blast Flying
|-damage|p2a: Pomni|0 fnt
|faint|p2a: Pomni
|move|p2b: Gummy Goo|Trick Room|p2b: Gummy Goo
|-fieldstart|move: Trick Room|[of] p2b: Gummy Goo
|
|-weather|Sandstorm|[upkeep]
|-damage|p2b: Gummy Goo|95/100|[from] Sandstorm
|-damage|p1a: Tyranitar|94/100|[from] Sandstorm
|upkeep
|
|t:|1757627433
|switch|p2a: Zooble|Armarouge, L50, M|100/100
|turn|2
|
|t:|1757627449
|switch|p1b: Rillaboom|Rillaboom, L50, F, shiny|100/100
|-fieldstart|move: Grassy Terrain|[from] ability: Grassy Surge|[of] p1b: Rillaboom
|-terastallize|p2a: Zooble|Grass
|move|p2a: Zooble|Expanding Force|p1a: Tyranitar
|-damage|p1a: Tyranitar|42/100
|-damage|p2a: Zooble|91/100|[from] item: Life Orb
|move|p2b: Gummy Goo|Psycho Cut|p1a: Tyranitar
|-crit|p1a: Tyranitar
|-damage|p1a: Tyranitar|0 fnt
|faint|p1a: Tyranitar
|
|-weather|Sandstorm|[upkeep]
|-damage|p2a: Zooble|85/100|[from] Sandstorm
|-damage|p2b: Gummy Goo|89/100|[from] Sandstorm
|-damage|p1b: Rillaboom|94/100|[from] Sandstorm
|-heal|p2a: Zooble|91/100|[from] Grassy Terrain
|-heal|p2b: Gummy Goo|95/100|[from] Grassy Terrain
|-heal|p1b: Rillaboom|100/100|[from] Grassy Terrain
|upkeep
|
|t:|1757627466
|switch|p1a: Dragonite|Dragonite, L50, M, shiny|100/100
|turn|3
|
|t:|1757627488
|move|p1b: Rillaboom|Fake Out|p2b: Gummy Goo
|-damage|p2b: Gummy Goo|76/100
|move|p2a: Zooble|Armor Cannon|p1b: Rillaboom
|-supereffective|p1b: Rillaboom
|-damage|p1b: Rillaboom|0 fnt
|-unboost|p2a: Zooble|def|1
|-unboost|p2a: Zooble|spd|1
|faint|p1b: Rillaboom
|-damage|p2a: Zooble|81/100|[from] item: Life Orb
|cant|p2b: Gummy Goo|flinch
|move|p1a: Dragonite|Outrage|p2a: Zooble
|-damage|p2a: Zooble|0 fnt
|faint|p2a: Zooble
|
|-weather|Sandstorm|[upkeep]
|-damage|p2b: Gummy Goo|70/100|[from] Sandstorm
|-damage|p1a: Dragonite|95/100|[from] Sandstorm
|-heal|p2b: Gummy Goo|76/100|[from] Grassy Terrain
|upkeep
|
|t:|1757627502
|switch|p2a: Mildenhall|Ursaluna, L50, M|100/100
|switch|p1b: Excadrill|Excadrill, L50, F, shiny|100/100
|turn|4
|
|t:|1757627515
|move|p2a: Mildenhall|Protect|p2a: Mildenhall
|-singleturn|p2a: Mildenhall|Protect
|move|p2b: Gummy Goo|Sacred Sword|p1b: Excadrill
|-supereffective|p1b: Excadrill
|-enditem|p1b: Excadrill|Focus Sash
|-damage|p1b: Excadrill|1/100
|move|p1a: Dragonite|Outrage|p2a: Mildenhall|[from] lockedmove
|-activate|p2a: Mildenhall|move: Protect
|move|p1b: Excadrill|High Horsepower|p2b: Gummy Goo
|-damage|p2b: Gummy Goo|0 fnt
|faint|p2b: Gummy Goo
|
|-weather|Sandstorm|[upkeep]
|-damage|p1a: Dragonite|89/100|[from] Sandstorm
|-heal|p1b: Excadrill|7/100|[from] Grassy Terrain
|-status|p2a: Mildenhall|brn|[from] item: Flame Orb
|upkeep
|turn|5
|inactive|shieeeee has 30 seconds left.
|
|t:|1757627541
|move|p2a: Mildenhall|Facade|p1a: Dragonite
|-damage|p1a: Dragonite|0 fnt
|faint|p1a: Dragonite
|move|p1b: Excadrill|High Horsepower|p2a: Mildenhall
|-damage|p2a: Mildenhall|63/100 brn
|
|-weather|none
|-heal|p2a: Mildenhall|69/100 brn|[from] Grassy Terrain
|-heal|p1b: Excadrill|13/100|[from] Grassy Terrain
|-damage|p2a: Mildenhall|63/100 brn|[from] brn
|-fieldend|move: Trick Room
|upkeep
|turn|6
|
|t:|1757627552
|move|p1b: Excadrill|Protect|p1b: Excadrill
|-singleturn|p1b: Excadrill|Protect
|move|p2a: Mildenhall|Facade|p1b: Excadrill
|-activate|p1b: Excadrill|move: Protect
|
|-heal|p1b: Excadrill|19/100|[from] Grassy Terrain
|-heal|p2a: Mildenhall|69/100 brn|[from] Grassy Terrain
|-damage|p2a: Mildenhall|63/100 brn|[from] brn
|-fieldend|move: Grassy Terrain
|upkeep
|turn|7
|
|t:|1757627557
|move|p1b: Excadrill|Iron Head|p2a: Mildenhall
|-damage|p2a: Mildenhall|30/100 brn
|move|p2a: Mildenhall|Earthquake|p1b: Excadrill
|-supereffective|p1b: Excadrill
|-damage|p1b: Excadrill|0 fnt
|faint|p1b: Excadrill
|
|win|PigsPigsPigsPigs
||shieeeee is ready for game 3.
||PigsPigsPigsPigs is ready for game 3.
|uhtml|next|Next: Game 3 of 3
|l|â˜†PigsPigsPigsPigs
|player|p2|
