|j|☆Schwede1
|j|☆Bobbo1
|html|Schwede1Bobbo1    
|uhtml|bestof|Game 1 of a best-of-3
|t:|1757923706
|gametype|doubles
|player|p1|Schwede1|101|1089
|player|p2|Bobbo1|ghetsis|1123
|gen|9
|tier|[Gen 9] VGC 2025 Reg H (Bo3)
|rated|
|rule|Species Clause: Limit one of each Pokémon
|rule|Item Clause: Limit 1 of each item
|clearpoke
|poke|p1|Volcarona, L50, F|
|poke|p1|Sneasler, L50, M|
|poke|p1|Basculegion, L50, M|
|poke|p1|Archaludon, L50, F|
|poke|p1|Pelipper, L50, F|
|poke|p1|Kleavor, L50, M|
|poke|p2|Basculegion, L50, M|
|poke|p2|Pelipper, L50, F|
|poke|p2|Archaludon, L50, F|
|poke|p2|Incineroar, L50, M|
|poke|p2|Gholdengo, L50|
|poke|p2|Amoonguss, L50, M|
|teampreview|4
|showteam|p1|Volcarona||RockyHelmet|FlameBody|HeatWave,FieryDance,GigaDrain,QuiverDance|||F|||50|,,,,,Grass]Sneasler||FocusSash|Unburden|FakeOut,DireClaw,ThroatChop,CloseCombat|||M|||50|,,,,,Steel]Basculegion||ChoiceBand|SwiftSwim|Liquidation,FlipTurn,LastRespects,IceFang|||M|||50|,,,,,Dragon]Archaludon||AssaultVest|Stamina|ElectroShot,BodyPress,DragonPulse,FlashCannon|||F|||50|,,,,,Fairy]Pelipper||DampRock|Drizzle|Hurricane,WeatherBall,Protect,Tailwind|||F|||50|,,,,,Fire]Kleavor||CovertCloak|Sharpness|StoneAxe,XScissor,NightSlash,CloseCombat|||M|||50|,,,,,Dark
|showteam|p2|Basculegion||ChoiceBand|SwiftSwim|AquaJet,WaveCrash,FlipTurn,LastRespects|||M|||50|,,,,,Water]Pelipper||CovertCloak|Drizzle|Tailwind,Hurricane,WeatherBall,Protect|||F|||50|,,,,,Steel]Archaludon||AssaultVest|Stamina|ElectroShot,Snarl,DragonPulse,BodyPress|||F|||50|,,,,,Grass]Incineroar||SitrusBerry|Intimidate|KnockOff,PartingShot,Taunt,FakeOut|||M|||50|,,,,,Grass]Gholdengo||ChoiceSpecs|GoodasGold|MakeItRain,ShadowBall,Thunder,TeraBlast||||||50|,,,,,Water]Amoonguss||RockyHelmet|Regenerator|Spore,RagePowder,PollenPuff,Protect|||M|||50|,,,,,Water
|inactive|Battle timer is ON: inactive players will automatically lose when time's up. (requested by Schwede1)
|inactive|Schwede1 has 60 seconds left.
|inactive|Bobbo1 has 60 seconds left.
|
|t:|1757923749
|teamsize|p1|4
|teamsize|p2|4
|start
|switch|p1a: Kleavor|Kleavor, L50, M|100/100
|switch|p1b: Sneasler|Sneasler, L50, M|100/100
|switch|p2a: Pelipper|Pelipper, L50, F|100/100
|switch|p2b: Gholdengo|Gholdengo, L50|100/100
|-weather|RainDance|[from] ability: Drizzle|[of] p2a: Pelipper
|turn|1
|inactive|Schwede1 has 30 seconds left.
|inactive|Schwede1 has 20 seconds left.
|
|t:|1757923786
|switch|p2a: Incineroar|Incineroar, L50, M|100/100
|-ability|p2a: Incineroar|Intimidate|boost
|-unboost|p1a: Kleavor|atk|1
|-unboost|p1b: Sneasler|atk|1
|move|p1b: Sneasler|Fake Out|p2a: Incineroar
|-damage|p2a: Incineroar|91/100
|move|p2b: Gholdengo|Make It Rain|p1b: Sneasler|[spread] p1a,p1b
|-supereffective|p1a: Kleavor
|-damage|p1a: Kleavor|0 fnt
|-damage|p1b: Sneasler|13/100
|-unboost|p2b: Gholdengo|spa|1
|faint|p1a: Kleavor
|
|-weather|RainDance|[upkeep]
|upkeep
|
|t:|1757923804
|switch|p1a: Basculegion|Basculegion, L50, M|100/100
|turn|2
|
|t:|1757923827
|switch|p1b: Archaludon|Archaludon, L50, F|100/100
|switch|p2b: Pelipper|Pelipper, L50, F|100/100
|-terastallize|p2a: Incineroar|Grass
|move|p1a: Basculegion|Last Respects|p2b: Pelipper
|-damage|p2b: Pelipper|3/100
|move|p2a: Incineroar|Parting Shot|p1a: Basculegion
|-unboost|p1a: Basculegion|atk|1
|-unboost|p1a: Basculegion|spa|1
|
|t:|1757923841
|switch|p2a: Basculegion|Basculegion, L50, M|100/100|[from] Parting Shot
|
|-weather|RainDance|[upkeep]
|upkeep
|turn|3
|
|t:|1757923859
|switch|p1a: Sneasler|Sneasler, L50, M|13/100
|switch|p2a: Incineroar|Incineroar, L50, M, tera:Grass|91/100
|-ability|p2a: Incineroar|Intimidate|boost
|-unboost|p1a: Sneasler|atk|1
|-unboost|p1b: Archaludon|atk|1
|move|p1b: Archaludon|Electro Shot||[still]
|-prepare|p1b: Archaludon|Electro Shot
|-boost|p1b: Archaludon|spa|1
|-anim|p1b: Archaludon|Electro Shot|p2a: Incineroar
|-resisted|p2a: Incineroar
|-damage|p2a: Incineroar|67/100
|move|p2b: Pelipper|Tailwind|p2b: Pelipper
|-sidestart|p2: Bobbo1|move: Tailwind
|
|-weather|RainDance|[upkeep]
|upkeep
|turn|4
|inactive|Schwede1 has 30 seconds left.
|inactive|Bobbo1 has 30 seconds left.
|inactive|Schwede1 has 20 seconds left.
|
|t:|1757923895
|-terastallize|p1b: Archaludon|Fairy
|move|p1a: Sneasler|Fake Out|p2b: Pelipper
|-damage|p2b: Pelipper|0 fnt
|faint|p2b: Pelipper
|move|p2a: Incineroar|Parting Shot|p1b: Archaludon
|-unboost|p1b: Archaludon|atk|1
|-unboost|p1b: Archaludon|spa|1
|
|t:|1757923911
|switch|p2a: Gholdengo|Gholdengo, L50|100/100|[from] Parting Shot
|move|p1b: Archaludon|Electro Shot||[still]
|-prepare|p1b: Archaludon|Electro Shot
|-boost|p1b: Archaludon|spa|1
|-anim|p1b: Archaludon|Electro Shot|p2a: Gholdengo
|-crit|p2a: Gholdengo
|-damage|p2a: Gholdengo|13/100
|
|-weather|RainDance|[upkeep]
|upkeep
|
|t:|1757923921
|switch|p2b: Incineroar|Incineroar, L50, M, tera:Grass|67/100
|-ability|p2b: Incineroar|Intimidate|boost
|-unboost|p1a: Sneasler|atk|1
|-unboost|p1b: Archaludon|atk|1
|turn|5
|inactive|Schwede1 has 30 seconds left.
|inactive|Schwede1 has 20 seconds left.
|
|t:|1757923958
|move|p2a: Gholdengo|Make It Rain|p1a: Sneasler|[spread] p1a,p1b
|-supereffective|p1b: Archaludon
|-damage|p1a: Sneasler|0 fnt
|-damage|p1b: Archaludon|0 fnt
|-unboost|p2a: Gholdengo|spa|1
|faint|p1a: Sneasler
|faint|p1b: Archaludon
|move|p2b: Incineroar|Knock Off|p1: Sneasler|[notarget]
|-fail|p2b: Incineroar
|
|-weather|none
|upkeep
|
|t:|1757923972
|switch|p1b: Basculegion|Basculegion, L50, M|100/100
|turn|6
|-message|Schwede1 forfeited.
|
|win|Bobbo1
|l|☆Schwede1
|player|p1|
||Bobbo1 is ready for game 2.
||Schwede1 is ready for game 2.
|uhtml|next|Next: Game 2 of 3
|l|☆Bobbo1
|player|p2|
