|j|☆CaratroncoSun
|j|☆NotAfrog123
|html|CaratroncoSunNotAfrog123    
|uhtml|bestof|Game 2 of a best-of-3
|t:|1784130374
|gametype|doubles
|player|p1|CaratroncoSun|juan|1255
|player|p2|NotAfrog123|2|1283
|gen|9
|tier|[Gen 9 Champions] VGC 2026 Reg M-B (Bo3)
|rated|
|rule|Species Clause: Limit one of each Pokémon
|rule|Item Clause: Limit 1 of each item
|clearpoke
|poke|p1|Charizard, L50, M, shiny|
|poke|p1|Venusaur, L50, F, shiny|
|poke|p1|Whimsicott, L50, M, shiny|
|poke|p1|Basculegion, L50, M|
|poke|p1|Tyranitar, L50, F|
|poke|p1|Mamoswine, L50, F|
|poke|p2|Raichu, L50, F|
|poke|p2|Kingambit, L50, M, shiny|
|poke|p2|Ceruledge, L50, M|
|poke|p2|Whimsicott, L50, M, shiny|
|poke|p2|Staraptor, L50, F, shiny|
|poke|p2|Venusaur, L50, M, shiny|
|teampreview|4
|showteam|p1|Charizard||CharizarditeY|Blaze|Protect,SolarBeam,HeatWave,AirSlash|Modest||M|||50|]Venusaur||WideLens|Chlorophyll|Protect,GigaDrain,EarthPower,SleepPowder|Modest||F|||50|]Whimsicott||FocusSash|Prankster|Protect,Moonblast,Tailwind,Encore|Timid||M|||50|]Basculegion||MysticWater|Adaptability|Protect,AquaJet,WaveCrash,LastRespects|Adamant||M|||50|]Tyranitar||Tyranitarite|SandStream|Protect,RockSlide,KnockOff,LowKick|Adamant||F|||50|]Mamoswine||LifeOrb|Oblivious|Protect,HighHorsepower,RockSlide,IceShard|Adamant||F|||50|
|showteam|p2|Raichu||RaichuniteY|LightningRod|Protect,ZapCannon,FocusBlast,FakeOut|Timid||F|||50|]Kingambit||BlackGlasses|Defiant|KowtowCleave,SuckerPunch,IronHead,Protect|Adamant||M|||50|]Ceruledge||ColburBerry|FlashFire|Protect,BitterBlade,ShadowSneak,BulkUp|Adamant||M|||50|]Whimsicott||FocusSash|Prankster|Moonblast,Tailwind,Encore,Charm|Timid||M|||50|]Staraptor||Staraptite|Intimidate|Protect,CloseCombat,BraveBird,Roost|Jolly||F|||50|]Venusaur||LifeOrb|Chlorophyll|EnergyBall,SludgeBomb,EarthPower,Protect|Modest||M|||50|
|
|t:|1784130400
|teamsize|p1|4
|teamsize|p2|4
|start
|switch|p1a: Whimsicott|Whimsicott, L50, M, shiny|100/100
|switch|p1b: Venusaur|Venusaur, L50, F, shiny|100/100
|switch|p2a: Whimsicott|Whimsicott, L50, M, shiny|100/100
|switch|p2b: Clova|Staraptor, L50, F, shiny|100/100
|-ability|p2b: Clova|Intimidate|boost
|-unboost|p1a: Whimsicott|atk|1
|-unboost|p1b: Venusaur|atk|1
|turn|1
|
|t:|1784130435
|detailschange|p2b: Clova|Staraptor-Mega, L50, F, shiny
|-mega|p2b: Clova|Staraptor|Staraptite
|move|p1b: Venusaur|Protect|p1b: Venusaur
|-singleturn|p1b: Venusaur|Protect
|move|p2a: Whimsicott|Tailwind|p2a: Whimsicott
|-sidestart|p2: NotAfrog123|move: Tailwind
|move|p2b: Clova|Brave Bird|p1b: Venusaur
|-activate|p1b: Venusaur|move: Protect
|move|p1a: Whimsicott|Moonblast|p2b: Clova
|-supereffective|p2b: Clova|1
|-damage|p2b: Clova|19/100
|
|upkeep
|turn|2
|
|t:|1784130460
|switch|p2b: Ceruledge|Ceruledge, L50, M|100/100
|switch|p1b: Mamoswine|Mamoswine, L50, F|100/100
|move|p2a: Whimsicott|Encore||[still]
|-fail|p2a: Whimsicott
|move|p1a: Whimsicott|Encore||[still]
|-fail|p1a: Whimsicott
|
|upkeep
|turn|3
|
|t:|1784130480
|move|p2a: Whimsicott|Charm|p1b: Mamoswine
|-unboost|p1b: Mamoswine|atk|2
|move|p1a: Whimsicott|Tailwind|p1a: Whimsicott
|-sidestart|p1: CaratroncoSun|move: Tailwind
|move|p1b: Mamoswine|High Horsepower|p2b: Ceruledge
|-supereffective|p2b: Ceruledge|1
|-damage|p2b: Ceruledge|26/100
|-damage|p1b: Mamoswine|90/100|[from] item: Life Orb
|move|p2b: Ceruledge|Bitter Blade|p1b: Mamoswine
|-supereffective|p1b: Mamoswine|1
|-damage|p1b: Mamoswine|0 fnt
|-heal|p2b: Ceruledge|73/100|[from] drain|[of] p1b: Mamoswine
|faint|p1b: Mamoswine
|
|upkeep
|
|t:|1784130495
|switch|p1b: Charizard|Charizard, L50, M, shiny|100/100
|turn|4
|
|t:|1784130514
|detailschange|p1b: Charizard|Charizard-Mega-Y, L50, M, shiny
|-mega|p1b: Charizard|Charizard|Charizardite Y
|-weather|SunnyDay|[from] ability: Drought|[of] p1b: Charizard
|move|p1a: Whimsicott|Encore|p2a: Whimsicott
|-start|p2a: Whimsicott|Encore
|move|p2a: Whimsicott|Charm|p1b: Charizard
|-unboost|p1b: Charizard|atk|2
|move|p1b: Charizard|Air Slash|p2b: Ceruledge
|-damage|p2b: Ceruledge|32/100
|move|p2b: Ceruledge|Bitter Blade|p1a: Whimsicott
|-supereffective|p1a: Whimsicott|1
|-enditem|p1a: Whimsicott|Focus Sash
|-damage|p1a: Whimsicott|1/100
|-heal|p2b: Ceruledge|69/100|[from] drain|[of] p1a: Whimsicott
|
|-weather|SunnyDay|[upkeep]
|-sideend|p2: NotAfrog123|move: Tailwind
|upkeep
|turn|5
|
|t:|1784130547
|switch|p2a: Punkture II|Kingambit, L50, M, shiny|100/100
|move|p1a: Whimsicott|Moonblast|p2a: Punkture II
|-damage|p2a: Punkture II|64/100
|move|p1b: Charizard|Heat Wave|p2a: Punkture II|[spread] p2a
|-start|p2b: Ceruledge|ability: Flash Fire
|-supereffective|p2a: Punkture II|1
|-damage|p2a: Punkture II|0 fnt
|faint|p2a: Punkture II
|move|p2b: Ceruledge|Bitter Blade|p1a: Whimsicott
|-supereffective|p1a: Whimsicott|1
|-damage|p1a: Whimsicott|0 fnt
|-heal|p2b: Ceruledge|69/100|[from] drain|[of] p1a: Whimsicott
|faint|p1a: Whimsicott
|
|-weather|SunnyDay|[upkeep]
|upkeep
|
|t:|1784130569
|switch|p1a: Venusaur|Venusaur, L50, F, shiny|100/100
|switch|p2a: Whimsicott|Whimsicott, L50, M, shiny|100/100
|turn|6
|
|t:|1784130583
|move|p2b: Ceruledge|Protect|p2b: Ceruledge
|-singleturn|p2b: Ceruledge|Protect
|move|p2a: Whimsicott|Tailwind|p2a: Whimsicott
|-sidestart|p2: NotAfrog123|move: Tailwind
|move|p1a: Venusaur|Sleep Powder|p2b: Ceruledge
|-activate|p2b: Ceruledge|move: Protect
|move|p1b: Charizard|Air Slash|p2a: Whimsicott
|-supereffective|p2a: Whimsicott|1
|-enditem|p2a: Whimsicott|Focus Sash
|-damage|p2a: Whimsicott|1/100
|
|-weather|SunnyDay|[upkeep]
|-sideend|p1: CaratroncoSun|move: Tailwind
|upkeep
|turn|7
|
|t:|1784130608
|move|p2a: Whimsicott|Moonblast|p1b: Charizard
|-resisted|p1b: Charizard|1
|-damage|p1b: Charizard|82/100
|move|p1a: Venusaur|Earth Power|p2b: Ceruledge
|-supereffective|p2b: Ceruledge|1
|-damage|p2b: Ceruledge|15/100
|move|p2b: Ceruledge|Bitter Blade|p1a: Venusaur
|-supereffective|p1a: Venusaur|1
|-damage|p1a: Venusaur|0 fnt
|-heal|p2b: Ceruledge|60/100|[from] drain|[of] p1a: Venusaur
|faint|p1a: Venusaur
|move|p1b: Charizard|Air Slash|p2b: Ceruledge
|-damage|p2b: Ceruledge|13/100
|
|-weather|SunnyDay|[upkeep]
|upkeep
|turn|8
|
|t:|1784130636
|move|p2a: Whimsicott|Moonblast|p1b: Charizard
|-resisted|p1b: Charizard|1
|-damage|p1b: Charizard|66/100
|move|p2b: Ceruledge|Bitter Blade|p1b: Charizard
|-resisted|p1b: Charizard|1
|-damage|p1b: Charizard|12/100
|-heal|p2b: Ceruledge|38/100|[from] drain|[of] p1b: Charizard
|move|p1b: Charizard|Air Slash|p2b: Ceruledge
|-damage|p2b: Ceruledge|0 fnt
|faint|p2b: Ceruledge
|
|-weather|none
|upkeep
|
|t:|1784130646
|switch|p2b: Clova|Staraptor-Mega, L50, F, shiny|19/100
|turn|9
|
|t:|1784130657
|move|p2a: Whimsicott|Charm|p2b: Clova
|-boost|p2b: Clova|atk|2
|move|p2b: Clova|Roost|p2b: Clova
|-heal|p2b: Clova|69/100
|-singleturn|p2b: Clova|move: Roost
|move|p1b: Charizard|Heat Wave|p2a: Whimsicott|[spread] p2a,p2b
|-supereffective|p2a: Whimsicott|1
|-damage|p2a: Whimsicott|0 fnt
|-damage|p2b: Clova|21/100
|faint|p2a: Whimsicott
|
|-sideend|p2: NotAfrog123|move: Tailwind
|upkeep
|turn|10
|
|t:|1784130671
|move|p2b: Clova|Close Combat|p1b: Charizard
|-resisted|p1b: Charizard|1
|-damage|p1b: Charizard|0 fnt
|-boost|p2b: Clova|def|1
|-boost|p2b: Clova|spd|1
|faint|p1b: Charizard
|
|win|NotAfrog123
