|j|☆bluntmaster9000
|j|☆FlashoGoing
|html|bluntmaster9000FlashoGoing    
|uhtml|bestof|Game 1 of a best-of-3
|t:|1756767530
|gametype|doubles
|player|p1|bluntmaster9000|265|1177
|player|p2|FlashoGoing|pokemaniac|1090
|gen|9
|tier|[Gen 9] VGC 2025 Reg H (Bo3)
|rated|
|rule|Species Clause: Limit one of each Pokémon
|rule|Item Clause: Limit 1 of each item
|clearpoke
|poke|p1|Charizard, L50, M|
|poke|p1|Torkoal, L50, M|
|poke|p1|Porygon2, L50|
|poke|p1|Incineroar, L50, F|
|poke|p1|Jumpluff, L50, F|
|poke|p1|Ursaluna, L50, M|
|poke|p2|Incineroar, L50, M|
|poke|p2|Rillaboom, L50, M|
|poke|p2|Primarina, L50, F|
|poke|p2|Whimsicott, L50, M|
|poke|p2|Porygon2, L50|
|poke|p2|Ursaluna, L50, M|
|teampreview|4
|showteam|p1|Charizard||ChoiceSpecs|SolarPower|HeatWave,Overheat,WeatherBall,AirSlash|||M|||50|,,,,,Ghost]Torkoal||EjectPack|Drought|Eruption,Overheat,HelpingHand,Protect|||M|||50|,,,,,Fire]Porygon2||Eviolite|Download|IceBeam,TeraBlast,TrickRoom,Recover||||||50|,,,,,Fighting]Incineroar||SitrusBerry|Intimidate|FlareBlitz,KnockOff,FakeOut,PartingShot|||F|||50|,,,,,Ghost]Jumpluff||CovertCloak|Chlorophyll|SleepPowder,SunnyDay,RagePowder,Tailwind|||F|||50|,,,,,Poison]Ursaluna||FlameOrb|Guts|HeadlongRush,Facade,Earthquake,Protect|||M|||50|,,,,,Ghost
|showteam|p2|Incineroar||SafetyGoggles|Intimidate|FakeOut,Roar,KnockOff,PartingShot|||M|||50|,,,,,Ghost]Rillaboom||AssaultVest|GrassySurge|FakeOut,WoodHammer,GrassyGlide,Uturn|||M|||50|,,,,,Fire]Primarina||LifeOrb|LiquidVoice|Moonblast,HyperVoice,AlluringVoice,Protect|||F|||50|,,,,,Water]Whimsicott||CovertCloak|Prankster|Moonblast,Tailwind,Encore,Taunt|||M|||50|,,,,,Steel]Porygon2||Eviolite|Download|TeraBlast,IceBeam,TrickRoom,Recover||||||50|,,,,,Ghost]Ursaluna||FlameOrb|Guts|Facade,HeadlongRush,Earthquake,Protect|||M|||50|,,,,,Ghost
|inactive|Battle timer is ON: inactive players will automatically lose when time's up. (requested by bluntmaster9000)
|inactive|bluntmaster9000 has 60 seconds left.
|inactive|FlashoGoing has 60 seconds left.
|
|t:|1756767573
|teamsize|p1|4
|teamsize|p2|4
|start
|switch|p1a: Jumpluff|Jumpluff, L50, F|100/100
|switch|p1b: Torkoal|Torkoal, L50, M|100/100
|switch|p2a: Whimsicott|Whimsicott, L50, M|100/100
|switch|p2b: Incineroar|Incineroar, L50, M|100/100
|-ability|p2b: Incineroar|Intimidate|boost
|-unboost|p1a: Jumpluff|atk|1
|-unboost|p1b: Torkoal|atk|1
|-weather|SunnyDay|[from] ability: Drought|[of] p1b: Torkoal
|-enditem|p1b: Torkoal|Eject Pack
|
|t:|1756767585
|switch|p1b: Charizard|Charizard, L50, M|100/100
|turn|1
|inactive|bluntmaster9000 has 30 seconds left.
|inactive|FlashoGoing has 30 seconds left.
|inactive|bluntmaster9000 has 20 seconds left.
|inactive|FlashoGoing has 20 seconds left.
|inactive|FlashoGoing has 15 seconds left.
|inactive|FlashoGoing has 10 seconds left.
|
|t:|1756767633
|-terastallize|p1b: Charizard|Ghost
|move|p2b: Incineroar|Fake Out|p1b: Charizard
|-immune|p1b: Charizard
|move|p2a: Whimsicott|Taunt|p1a: Jumpluff
|-start|p1a: Jumpluff|move: Taunt
|cant|p1a: Jumpluff|move: Taunt|Tailwind
|move|p1b: Charizard|Heat Wave|p2a: Whimsicott|[spread] p2a,p2b
|-supereffective|p2a: Whimsicott
|-crit|p2a: Whimsicott
|-resisted|p2b: Incineroar
|-damage|p2a: Whimsicott|0 fnt
|-damage|p2b: Incineroar|51/100
|faint|p2a: Whimsicott
|
|-weather|SunnyDay|[upkeep]
|-damage|p1b: Charizard|88/100|[from] ability: Solar Power|[of] p1b: Charizard
|upkeep
|
|t:|1756767651
|switch|p2a: Ursaluna|Ursaluna, L50, M|100/100
|turn|2
|
|t:|1756767663
|switch|p1a: Ursaluna|Ursaluna, L50, M|100/100
|switch|p1b: Torkoal|Torkoal, L50, M|100/100
|move|p2a: Ursaluna|Protect|p2a: Ursaluna
|-singleturn|p2a: Ursaluna|Protect
|move|p2b: Incineroar|Knock Off|p1b: Torkoal
|-damage|p1b: Torkoal|80/100
|
|-weather|SunnyDay|[upkeep]
|-status|p1a: Ursaluna|brn|[from] item: Flame Orb
|-status|p2a: Ursaluna|brn|[from] item: Flame Orb
|upkeep
|turn|3
|
|t:|1756767686
|move|p1a: Ursaluna|Facade|p2a: Ursaluna
|-damage|p2a: Ursaluna|13/100 brn
|move|p2b: Incineroar|Parting Shot|p1a: Ursaluna
|-unboost|p1a: Ursaluna|atk|1
|-unboost|p1a: Ursaluna|spa|1
|
|t:|1756767692
|switch|p2b: Porygon2|Porygon2, L50|100/100|[from] Parting Shot
|-ability|p2b: Porygon2|Download|boost
|-boost|p2b: Porygon2|spa|1
|move|p2a: Ursaluna|Earthquake|p1a: Ursaluna|[spread] p2b,p1a,p1b
|-supereffective|p1b: Torkoal
|-damage|p2b: Porygon2|59/100
|-damage|p1a: Ursaluna|52/100 brn
|-damage|p1b: Torkoal|0 fnt
|faint|p1b: Torkoal
|
|-weather|SunnyDay|[upkeep]
|-damage|p1a: Ursaluna|46/100 brn|[from] brn
|-damage|p2a: Ursaluna|7/100 brn|[from] brn
|upkeep
|
|t:|1756767709
|switch|p1b: Jumpluff|Jumpluff, L50, F|100/100
|turn|4
|
|t:|1756767734
|move|p1b: Jumpluff|Sleep Powder|p2b: Porygon2
|-status|p2b: Porygon2|slp|[from] move: Sleep Powder
|move|p1a: Ursaluna|Facade|p2b: Porygon2
|-damage|p2b: Porygon2|0 fnt
|faint|p2b: Porygon2
|move|p2a: Ursaluna|Facade|p1b: Jumpluff
|-damage|p1b: Jumpluff|0 fnt
|faint|p1b: Jumpluff
|
|-weather|SunnyDay|[upkeep]
|-damage|p1a: Ursaluna|40/100 brn|[from] brn
|-damage|p2a: Ursaluna|1/100 brn|[from] brn
|upkeep
|
|t:|1756767747
|switch|p1b: Charizard|Charizard, L50, M, tera:Ghost|88/100
|switch|p2b: Incineroar|Incineroar, L50, M|51/100
|-ability|p2b: Incineroar|Intimidate|boost
|-unboost|p1a: Ursaluna|atk|1
|-unboost|p1b: Charizard|atk|1
|turn|5
|
|t:|1756767766
|move|p1b: Charizard|Weather Ball|p2b: Incineroar
|-resisted|p2b: Incineroar
|-damage|p2b: Incineroar|0 fnt
|faint|p2b: Incineroar
|move|p1a: Ursaluna|Headlong Rush|p2a: Ursaluna
|-damage|p2a: Ursaluna|0 fnt
|-unboost|p1a: Ursaluna|def|1
|-unboost|p1a: Ursaluna|spd|1
|faint|p2a: Ursaluna
|
|win|bluntmaster9000
||FlashoGoing is ready for game 2.
||bluntmaster9000 is ready for game 2.
|uhtml|next|Next: Game 2 of 3
