|j|☆SrBalleno
|j|☆homerj71
|html|SrBallenohomerj71    
|uhtml|bestof|Game 1 of a best-of-3
|t:|1783104448
|gametype|doubles
|player|p1|SrBalleno|wattson|1161
|player|p2|homerj71|266|1177
|gen|9
|tier|[Gen 9 Champions] VGC 2026 Reg M-B (Bo3)
|rated|
|rule|Species Clause: Limit one of each Pokémon
|rule|Item Clause: Limit 1 of each item
|clearpoke
|poke|p1|Sceptile, L50, M|
|poke|p1|Rotom-Heat, L50|
|poke|p1|Swampert, L50, M|
|poke|p1|Pelipper, L50, M|
|poke|p1|Archaludon, L50, M|
|poke|p1|Grimmsnarl, L50, M|
|poke|p2|Delphox, L50, F|
|poke|p2|Sneasler, L50, F|
|poke|p2|Floette-Eternal, L50, F|
|poke|p2|Incineroar, L50, M|
|poke|p2|Kingambit, L50, F|
|poke|p2|Sinistcha, L50|
|teampreview|4
|showteam|p1|Sceptile||Sceptilite|Overgrow|EnergyBall,DragonPulse,EarthPower,Protect|Timid||M|||50|]Rotom-Heat||ChoiceScarf|Levitate|Discharge,VoltSwitch,Overheat,Trick|Timid|||||50|]Swampert||Swampertite|Torrent|WaveCrash,Earthquake,IcePunch,Protect|Adamant||M|||50|]Pelipper||FocusSash|Drizzle|WeatherBall,Hurricane,Tailwind,Protect|Timid||M|||50|]Archaludon||SitrusBerry|Stamina|ElectroShot,DragonPulse,FlashCannon,Protect|Modest||M|||50|]Grimmsnarl||LightClay|Prankster|Reflect,LightScreen,PartingShot,SpiritBreak|Impish||M|||50|
|showteam|p2|Delphox||Delphoxite|Blaze|Protect,Psyshock,HeatWave,NastyPlot|Timid||F|||50|]Sneasler||FocusSash|PoisonTouch|QuickGuard,CloseCombat,FakeOut,DireClaw|Jolly||F|||50|]Floette-Eternal||Floettite|FlowerVeil|Protect,DazzlingGleam,CalmMind,Moonblast|Timid||F|||50|]Incineroar||SitrusBerry|Intimidate|ThroatChop,FlareBlitz,PartingShot,FakeOut|Impish||M|||50|]Kingambit||BlackGlasses|Defiant|Protect,KowtowCleave,SuckerPunch,SwordsDance|Adamant||F|||50|]Sinistcha||KasibBerry|Hospitality|Protect,TrickRoom,MatchaGotcha,RagePowder|Relaxed|||||50|
|inactive|Battle timer is ON: inactive players will automatically lose when time's up. (requested by homerj71)
|inactive|SrBalleno has 60 seconds left.
|
|t:|1783104481
|teamsize|p1|4
|teamsize|p2|4
|start
|switch|p1a: Swampert|Swampert, L50, M|100/100
|switch|p1b: Pelipper|Pelipper, L50, M|100/100
|switch|p2a: Floette|Floette-Eternal, L50, F|100/100
|switch|p2b: Incineroar|Incineroar, L50, M|100/100
|-weather|RainDance|[from] ability: Drizzle|[of] p1b: Pelipper
|-ability|p2b: Incineroar|Intimidate|boost
|-unboost|p1a: Swampert|atk|1
|-unboost|p1b: Pelipper|atk|1
|turn|1
|
|t:|1783104498
|detailschange|p2a: Floette|Floette-Mega, L50, F
|-mega|p2a: Floette|Floette|Floettite
|-ability|p2a: Floette|Fairy Aura
|detailschange|p1a: Swampert|Swampert-Mega, L50, M
|-mega|p1a: Swampert|Swampert|Swampertite
|move|p1b: Pelipper|Protect|p1b: Pelipper
|-singleturn|p1b: Pelipper|Protect
|move|p2b: Incineroar|Fake Out|p1a: Swampert
|-damage|p1a: Swampert|90/100
|cant|p1a: Swampert|flinch
|move|p2a: Floette|Calm Mind|p2a: Floette
|-boost|p2a: Floette|spa|1
|-boost|p2a: Floette|spd|1
|
|-weather|RainDance|[upkeep]
|upkeep
|turn|2
|
|t:|1783104511
|move|p1a: Swampert|Protect|p1a: Swampert
|-singleturn|p1a: Swampert|Protect
|move|p2a: Floette|Protect|p2a: Floette
|-singleturn|p2a: Floette|Protect
|move|p1b: Pelipper|Tailwind|p1b: Pelipper
|-sidestart|p1: SrBalleno|move: Tailwind
|move|p2b: Incineroar|Parting Shot|p1a: Swampert
|-activate|p1a: Swampert|move: Protect
|
|-weather|RainDance|[upkeep]
|upkeep
|turn|3
|
|t:|1783104527
|move|p2a: Floette|Protect||[still]
|-fail|p2a: Floette
|move|p1a: Swampert|Earthquake|p2a: Floette|[spread] p2a,p2b
|-immune|p1b: Pelipper
|-supereffective|p2b: Incineroar|1
|-damage|p2a: Floette|69/100
|-damage|p2b: Incineroar|55/100
|move|p1b: Pelipper|Weather Ball|p2b: Incineroar
|-supereffective|p2b: Incineroar|1
|-damage|p2b: Incineroar|0 fnt
|faint|p2b: Incineroar
|
|-weather|RainDance|[upkeep]
|upkeep
|
|t:|1783104535
|switch|p2b: Sinistcha|Sinistcha, L50|100/100
|-heal|p2a: Floette|94/100|[from] ability: Hospitality|[of] p2b: Sinistcha
|turn|4
|
|t:|1783104549
|switch|p1a: Archaludon|Archaludon, L50, M|100/100
|move|p2b: Sinistcha|Rage Powder|p2b: Sinistcha
|-singleturn|p2b: Sinistcha|move: Rage Powder
|move|p1b: Pelipper|Hurricane|p2b: Sinistcha
|-supereffective|p2b: Sinistcha|1
|-damage|p2b: Sinistcha|5/100
|move|p2a: Floette|Dazzling Gleam|p1a: Archaludon|[spread] p1a,p1b
|-damage|p1a: Archaludon|38/100
|-enditem|p1b: Pelipper|Focus Sash
|-damage|p1b: Pelipper|1/100
|-ability|p1a: Archaludon|Stamina|boost
|-boost|p1a: Archaludon|def|1
|-enditem|p1a: Archaludon|Sitrus Berry|[eat]
|-heal|p1a: Archaludon|63/100|[from] item: Sitrus Berry
|
|-weather|RainDance|[upkeep]
|upkeep
|turn|5
|
|t:|1783104570
|switch|p2b: Sneasler|Sneasler, L50, F|100/100
|move|p1b: Pelipper|Weather Ball|p2b: Sneasler
|-damage|p2b: Sneasler|14/100
|move|p1a: Archaludon|Flash Cannon|p2a: Floette
|-supereffective|p2a: Floette|1
|-damage|p2a: Floette|49/100
|move|p2a: Floette|Dazzling Gleam|p1b: Pelipper|[spread] p1a,p1b
|-damage|p1a: Archaludon|3/100
|-damage|p1b: Pelipper|0 fnt
|-ability|p1a: Archaludon|Stamina|boost
|-boost|p1a: Archaludon|def|1
|faint|p1b: Pelipper
|
|-weather|none
|-sideend|p1: SrBalleno|move: Tailwind
|upkeep
|
|t:|1783104581
|switch|p1b: Rotom|Rotom-Heat, L50|100/100
|turn|6
|
|t:|1783104601
|switch|p2b: Sinistcha|Sinistcha, L50|5/100
|-heal|p2a: Floette|73/100|[from] ability: Hospitality|[of] p2b: Sinistcha
|move|p1a: Archaludon|Protect|p1a: Archaludon
|-singleturn|p1a: Archaludon|Protect
|move|p1b: Rotom|Discharge|p2b: Sinistcha|[spread] p2a,p2b
|-activate|p1a: Archaludon|move: Protect
|-resisted|p2b: Sinistcha|1
|-damage|p2a: Floette|58/100
|-damage|p2b: Sinistcha|0 fnt
|faint|p2b: Sinistcha
|move|p2a: Floette|Dazzling Gleam|p1b: Rotom|[spread] p1b
|-activate|p1a: Archaludon|move: Protect
|-resisted|p1b: Rotom|1
|-crit|p1b: Rotom
|-damage|p1b: Rotom|38/100
|
|upkeep
|
|t:|1783104614
|switch|p2b: Sneasler|Sneasler, L50, F|14/100
|turn|7
|
|t:|1783104619
|move|p2b: Sneasler|Fake Out|p1b: Rotom
|-damage|p1b: Rotom|21/100
|cant|p1b: Rotom|flinch
|move|p2a: Floette|Dazzling Gleam|p1a: Archaludon|[spread] p1a,p1b
|-resisted|p1b: Rotom|1
|-damage|p1a: Archaludon|0 fnt
|-damage|p1b: Rotom|0 fnt
|faint|p1a: Archaludon
|faint|p1b: Rotom
|
|upkeep
|
|t:|1783104626
|switch|p1b: Swampert|Swampert-Mega, L50, M|90/100
|turn|8
|
|t:|1783104640
|move|p2b: Sneasler|Close Combat|p1b: Swampert
|-damage|p1b: Swampert|38/100
|-unboost|p2b: Sneasler|def|1
|-unboost|p2b: Sneasler|spd|1
|move|p2a: Floette|Moonblast|p1b: Swampert
|-damage|p1b: Swampert|0 fnt
|faint|p1b: Swampert
|
|win|homerj71
