|j|☆Dndndjdj
|j|☆Catzuki
|html|DndndjdjCatzuki    
|uhtml|bestof|Game 1 of a best-of-3
|t:|1785896839
|gametype|doubles
|player|p1|Dndndjdj|265|1000
|player|p2|Catzuki|101|1077
|gen|9
|tier|[Gen 9 Champions] VGC 2026 Reg M-B (Bo3)
|rated|
|rule|Species Clause: Limit one of each Pokémon
|rule|Item Clause: Limit 1 of each item
|clearpoke
|poke|p1|Whimsicott, L50, M|
|poke|p1|Archaludon, L50, M, shiny|
|poke|p1|Basculegion, L50, M|
|poke|p1|Pelipper, L50, M|
|poke|p1|Sinistcha, L50|
|poke|p1|Dragonite, L50, M|
|poke|p2|Grimmsnarl, L50, M|
|poke|p2|Hydreigon, L50, F|
|poke|p2|Toxapex, L50, F|
|poke|p2|Incineroar, L50, F|
|poke|p2|Charizard, L50, M|
|poke|p2|Venusaur, L50, F|
|teampreview|4
|showteam|p1|Whimsicott||FocusSash|Prankster|TrickRoom,Encore,Moonblast,Tailwind|Naive||M|||50|]Archaludon||Leftovers|Stamina|ElectroShot,DragonPulse,FlashCannon,Protect|Modest||M|||50|]Basculegion||ChoiceScarf|Adaptability|WaveCrash,FlipTurn,AquaJet,LastRespects|Jolly||M|||50|]Pelipper||SitrusBerry|Drizzle|Tailwind,WeatherBall,Hurricane,Uturn|Modest||M|||50|]Sinistcha||MentalHerb|Hospitality|MatchaGotcha,LifeDew,TrickRoom,RagePowder|Sassy|||||50|]Dragonite||Dragoninite|InnerFocus|DracoMeteor,ExtremeSpeed,Hurricane,Roost|Modest||M|||50|
|showteam|p2|Grimmsnarl||RoseliBerry|Prankster|PowerSwap,PartingShot,FakeOut,ScaryFace|Calm||M|||50|]Hydreigon||LifeOrb|Levitate|Protect,DracoMeteor,DarkPulse,Snarl|Modest||F|||50|]Toxapex||Leftovers|Regenerator|Infestation,Toxic,WideGuard,BanefulBunker|Bold||F|||50|]Incineroar||SitrusBerry|Intimidate|FlareBlitz,ThroatChop,FakeOut,PartingShot|Impish||F|||50|]Charizard||CharizarditeY|Blaze|HeatWave,Overheat,Hurricane,Protect|Modest||M|||50|]Venusaur||FocusSash|Chlorophyll|LeafStorm,SludgeBomb,EarthPower,Protect|Modest||F|||50|
|
|t:|1785896869
|teamsize|p1|4
|teamsize|p2|4
|start
|switch|p1a: Pelipper|Pelipper, L50, M|100/100
|switch|p1b: Archaludon|Archaludon, L50, M, shiny|100/100
|switch|p2a: Grimmsnarl|Grimmsnarl, L50, M|100/100
|switch|p2b: Hydreigon|Hydreigon, L50, F|100/100
|-weather|RainDance|[from] ability: Drizzle|[of] p1a: Pelipper
|turn|1
|
|t:|1785896913
|move|p2a: Grimmsnarl|Fake Out|p1a: Pelipper
|-damage|p1a: Pelipper|88/100
|move|p2b: Hydreigon|Draco Meteor|p1b: Archaludon
|-damage|p1b: Archaludon|11/100
|-unboost|p2b: Hydreigon|spa|2
|-ability|p1b: Archaludon|Stamina|boost
|-boost|p1b: Archaludon|def|1
|-damage|p2b: Hydreigon|90/100|[from] item: Life Orb
|move|p1b: Archaludon|Electro Shot||[still]
|-prepare|p1b: Archaludon|Electro Shot
|-boost|p1b: Archaludon|spa|1
|-anim|p1b: Archaludon|Electro Shot|p2a: Grimmsnarl
|-damage|p2a: Grimmsnarl|43/100
|cant|p1a: Pelipper|flinch
|
|-weather|RainDance|[upkeep]
|-heal|p1b: Archaludon|17/100|[from] item: Leftovers
|upkeep
|turn|2
|
|t:|1785896960
|move|p1b: Archaludon|Protect|p1b: Archaludon
|-singleturn|p1b: Archaludon|Protect
|move|p2a: Grimmsnarl|Scary Face|p1b: Archaludon
|-activate|p1b: Archaludon|move: Protect
|move|p2b: Hydreigon|Dark Pulse|p1b: Archaludon
|-activate|p1b: Archaludon|move: Protect
|move|p1a: Pelipper|Tailwind|p1a: Pelipper
|-sidestart|p1: Dndndjdj|move: Tailwind
|
|-weather|RainDance|[upkeep]
|-heal|p1b: Archaludon|23/100|[from] item: Leftovers
|upkeep
|turn|3
|
|t:|1785896995
|move|p2a: Grimmsnarl|Scary Face|p1b: Archaludon
|-unboost|p1b: Archaludon|spe|2
|move|p1a: Pelipper|Hurricane|p2b: Hydreigon
|-damage|p2b: Hydreigon|43/100
|move|p2b: Hydreigon|Dark Pulse|p1b: Archaludon
|-damage|p1b: Archaludon|0 fnt
|faint|p1b: Archaludon
|-damage|p2b: Hydreigon|34/100|[from] item: Life Orb
|
|-weather|RainDance|[upkeep]
|upkeep
|
|t:|1785897011
|switch|p1b: Dragonite|Dragonite, L50, M|100/100
|turn|4
|
|t:|1785897062
|detailschange|p1b: Dragonite|Dragonite-Mega, L50, M
|-mega|p1b: Dragonite|Dragonite|Dragoninite
|move|p2b: Hydreigon|Protect|p2b: Hydreigon
|-singleturn|p2b: Hydreigon|Protect
|move|p1b: Dragonite|Extreme Speed|p2b: Hydreigon
|-activate|p2b: Hydreigon|move: Protect
|move|p2a: Grimmsnarl|Power Swap|p2b: Hydreigon
|-activate|p2b: Hydreigon|move: Protect
|move|p1a: Pelipper|Hurricane|p2b: Hydreigon
|-activate|p2b: Hydreigon|move: Protect
|
|-weather|RainDance|[upkeep]
|upkeep
|turn|5
|
|t:|1785897108
|switch|p2b: Incineroar|Incineroar, L50, F|100/100
|-ability|p2b: Incineroar|Intimidate|boost
|-unboost|p1a: Pelipper|atk|1
|-unboost|p1b: Dragonite|atk|1
|move|p2a: Grimmsnarl|Parting Shot|p1b: Dragonite
|-unboost|p1b: Dragonite|atk|1
|-unboost|p1b: Dragonite|spa|1
|
|t:|1785897119
|switch|p2a: Hydreigon|Hydreigon, L50, F|34/100|[from] Parting Shot
|move|p1b: Dragonite|Draco Meteor|p2b: Incineroar
|-damage|p2b: Incineroar|50/100g
|-unboost|p1b: Dragonite|spa|2
|move|p1a: Pelipper|Hurricane|p2a: Hydreigon
|-damage|p2a: Hydreigon|0 fnt
|faint|p2a: Hydreigon
|
|-weather|none
|-sideend|p1: Dndndjdj|move: Tailwind
|upkeep
|
|t:|1785897132
|switch|p2a: Charizard|Charizard, L50, M|100/100
|turn|6
|
|t:|1785897152
|switch|p1b: Basculegion|Basculegion, L50, M|100/100
|detailschange|p2a: Charizard|Charizard-Mega-Y, L50, M
|-mega|p2a: Charizard|Charizard|Charizardite Y
|-weather|SunnyDay|[from] ability: Drought|[of] p2a: Charizard
|move|p2b: Incineroar|Fake Out|p1a: Pelipper
|-damage|p1a: Pelipper|77/100
|move|p2a: Charizard|Heat Wave|p1b: Basculegion|[spread] p1a,p1b
|-resisted|p1a: Pelipper|1
|-resisted|p1b: Basculegion|1
|-damage|p1a: Pelipper|45/100
|-damage|p1b: Basculegion|63/100
|-enditem|p1a: Pelipper|Sitrus Berry|[eat]
|-heal|p1a: Pelipper|70/100|[from] item: Sitrus Berry
|cant|p1a: Pelipper|flinch
|
|-weather|SunnyDay|[upkeep]
|upkeep
|turn|7
|
|t:|1785897185
|move|p2a: Charizard|Protect|p2a: Charizard
|-singleturn|p2a: Charizard|Protect
|move|p1b: Basculegion|Wave Crash|p2a: Charizard
|-activate|p2a: Charizard|move: Protect
|move|p1a: Pelipper|U-turn|p2b: Incineroar
|-damage|p2b: Incineroar|45/100
|-enditem|p2b: Incineroar|Sitrus Berry|[eat]
|-heal|p2b: Incineroar|70/100|[from] item: Sitrus Berry
|
|t:|1785897198
|switch|p1a: Dragonite|Dragonite-Mega, L50, M|100/100|[from] U-turn
|move|p2b: Incineroar|Parting Shot|p1b: Basculegion
|-unboost|p1b: Basculegion|atk|1
|-unboost|p1b: Basculegion|spa|1
|
|t:|1785897205
|switch|p2b: Grimmsnarl|Grimmsnarl, L50, M|43/100|[from] Parting Shot
|
|-weather|SunnyDay|[upkeep]
|upkeep
|turn|8
|
|t:|1785897248
|switch|p1a: Pelipper|Pelipper, L50, M|70/100
|-weather|RainDance|[from] ability: Drizzle|[of] p1a: Pelipper
|move|p2b: Grimmsnarl|Parting Shot|p1b: Basculegion
|-unboost|p1b: Basculegion|atk|1
|-unboost|p1b: Basculegion|spa|1
|
|t:|1785897255
|switch|p2b: Incineroar|Incineroar, L50, F|70/100|[from] Parting Shot
|-ability|p2b: Incineroar|Intimidate|boost
|-unboost|p1a: Pelipper|atk|1
|-unboost|p1b: Basculegion|atk|1
|move|p1b: Basculegion|Wave Crash|p2a: Charizard
|-supereffective|p2a: Charizard|1
|-damage|p2a: Charizard|11/100
|-damage|p1b: Basculegion|35/100|[from] Recoil
|move|p2a: Charizard|Hurricane|p1b: Basculegion
|-damage|p1b: Basculegion|0 fnt
|faint|p1b: Basculegion
|
|-weather|RainDance|[upkeep]
|upkeep
|
|t:|1785897271
|switch|p1b: Dragonite|Dragonite-Mega, L50, M|100/100
|turn|9
|
|t:|1785897287
|move|p2a: Charizard|Protect|p2a: Charizard
|-singleturn|p2a: Charizard|Protect
|move|p1b: Dragonite|Extreme Speed|p2b: Incineroar
|-damage|p2b: Incineroar|54/100
|move|p1a: Pelipper|Weather Ball|p2b: Incineroar
|-supereffective|p2b: Incineroar|1
|-damage|p2b: Incineroar|0 fnt
|faint|p2b: Incineroar
|
|-weather|RainDance|[upkeep]
|upkeep
|
|t:|1785897296
|switch|p2b: Grimmsnarl|Grimmsnarl, L50, M|43/100
|turn|10
|
|t:|1785897327
|move|p2b: Grimmsnarl|Fake Out|p1b: Dragonite
|-damage|p1b: Dragonite|95/100
|cant|p1b: Dragonite|flinch
|move|p2a: Charizard|Hurricane|p1a: Pelipper
|-damage|p1a: Pelipper|9/100
|move|p1a: Pelipper|Hurricane|p2b: Grimmsnarl
|-damage|p2b: Grimmsnarl|7/100
|
|-weather|RainDance|[upkeep]
|upkeep
|turn|11
|
|t:|1785897347
|move|p1b: Dragonite|Extreme Speed|p2a: Charizard
|-damage|p2a: Charizard|0 fnt
|faint|p2a: Charizard
|move|p2b: Grimmsnarl|Scary Face|p1b: Dragonite
|-unboost|p1b: Dragonite|spe|2
|move|p1a: Pelipper|Weather Ball|p2b: Grimmsnarl
|-damage|p2b: Grimmsnarl|0 fnt
|faint|p2b: Grimmsnarl
|
|win|Dndndjdj
