|j|☆SelvesterTheYAK
|j|☆wester7
|html|SelvesterTheYAKwester7    
|uhtml|bestof|Game 3 of a best-of-3
|t:|1756868260
|gametype|doubles
|player|p1|SelvesterTheYAK|170|1104
|player|p2|wester7|2|1130
|gen|9
|tier|[Gen 9] VGC 2025 Reg H (Bo3)
|rated|
|rule|Species Clause: Limit one of each Pokémon
|rule|Item Clause: Limit 1 of each item
|clearpoke
|poke|p1|Tyranitar, L50, F|
|poke|p1|Arcanine-Hisui, L50, M|
|poke|p1|Kommo-o, L50, F|
|poke|p1|Gholdengo, L50|
|poke|p1|Rillaboom, L50, M|
|poke|p1|Electabuzz, L50, F|
|poke|p2|Gastrodon-East, L50, F|
|poke|p2|Magmar, L50, F|
|poke|p2|Salamence, L50, F|
|poke|p2|Hydreigon, L50, M|
|poke|p2|Metagross, L50|
|poke|p2|Flamigo, L50, F|
|teampreview|4
|showteam|p1|Tyranitar||AssaultVest|SandStream|RockSlide,KnockOff,TeraBlast,LowKick|||F|||50|,,,,,Flying]Arcanine-Hisui||SitrusBerry|Intimidate|RockSlide,FlareBlitz,WillOWisp,Howl|||M|||50|,,,,,Water]Kommo-o||Leftovers|Overcoat|IronDefense,BodyPress,Protect,DragonClaw|||F|||50|,,,,,Steel]Gholdengo||LifeOrb|GoodasGold|MakeItRain,ShadowBall,NastyPlot,Protect||||||50|,,,,,Steel]Rillaboom||MiracleSeed|GrassySurge|FakeOut,GrassyGlide,WoodHammer,Protect|||M|||50|,,,,,Grass]Electabuzz||Eviolite|VitalSpirit|Taunt,Protect,Electroweb,FollowMe|||F|||50|,,,,,Ghost
|showteam|p2|Gastrodon-East||Leftovers|StormDrain|EarthPower,IceBeam,Yawn,Protect|||F|||50|,,,,,Fairy]Magmar||Eviolite|VitalSpirit|FireSpin,FollowMe,Taunt,Protect|||F|||50|,,,,,Water]Salamence||RockyHelmet|Intimidate|AirSlash,DracoMeteor,Tailwind,Protect|||F|||50|,,,,,Steel]Hydreigon||ChoiceSpecs|Levitate|DracoMeteor,DarkPulse,TeraBlast,Surf|||M|||50|,,,,,Poison]Metagross||AssaultVest|ClearBody|HeavySlam,BulletPunch,PsychicFangs,Earthquake||||||50|,,,,,Water]Flamigo||EjectPack|Scrappy|BraveBird,CloseCombat,WideGuard,Detect|||F|||50|,,,,,Fire
|inactive|Battle timer is ON: inactive players will automatically lose when time's up. (requested by SelvesterTheYAK)
|
|t:|1756868318
|teamsize|p1|4
|teamsize|p2|4
|start
|switch|p1a: Rillaboom|Rillaboom, L50, M|100/100
|switch|p1b: Tyranitar|Tyranitar, L50, F|100/100
|switch|p2a: Gastrodon|Gastrodon-East, L50, F|100/100
|switch|p2b: Hydreigon|Hydreigon, L50, M|100/100
|-fieldstart|move: Grassy Terrain|[from] ability: Grassy Surge|[of] p1a: Rillaboom
|-weather|Sandstorm|[from] ability: Sand Stream|[of] p1b: Tyranitar
|turn|1
|inactive|SelvesterTheYAK has 30 seconds left.
|inactive|wester7 has 30 seconds left.
|inactive|wester7 has 20 seconds left.
|inactive|SelvesterTheYAK has 20 seconds left.
|inactive|wester7 has 15 seconds left.
|inactive|wester7 has 10 seconds left.
|inactive|wester7 has 5 seconds left.
|
|t:|1756868370
|move|p2a: Gastrodon|Protect|p2a: Gastrodon
|-singleturn|p2a: Gastrodon|Protect
|move|p1a: Rillaboom|Fake Out|p2b: Hydreigon
|-damage|p2b: Hydreigon|83/100
|cant|p2b: Hydreigon|flinch
|move|p1b: Tyranitar|Rock Slide|p2a: Gastrodon|[spread] p2b
|-activate|p2a: Gastrodon|move: Protect
|-damage|p2b: Hydreigon|46/100
|
|-weather|Sandstorm|[upkeep]
|-damage|p2b: Hydreigon|40/100|[from] Sandstorm
|-damage|p1a: Rillaboom|95/100|[from] Sandstorm
|-heal|p1a: Rillaboom|100/100|[from] Grassy Terrain
|upkeep
|turn|2
|
|t:|1756868391
|-terastallize|p2a: Gastrodon|Fairy
|move|p1a: Rillaboom|Grassy Glide|p2a: Gastrodon
|-damage|p2a: Gastrodon|66/100
|move|p2b: Hydreigon|Surf|p1a: Rillaboom|[spread] p1a,p1b
|-ability|p2a: Gastrodon|Storm Drain|boost
|-boost|p2a: Gastrodon|spa|1
|-resisted|p1a: Rillaboom
|-supereffective|p1b: Tyranitar
|-damage|p1a: Rillaboom|80/100
|-damage|p1b: Tyranitar|69/100
|move|p1b: Tyranitar|Rock Slide|p2a: Gastrodon|[spread] p2a,p2b
|-damage|p2a: Gastrodon|39/100
|-damage|p2b: Hydreigon|1/100
|move|p2a: Gastrodon|Ice Beam|p1a: Rillaboom
|-supereffective|p1a: Rillaboom
|-damage|p1a: Rillaboom|11/100
|
|-weather|Sandstorm|[upkeep]
|-damage|p2b: Hydreigon|0 fnt|[from] Sandstorm
|-damage|p1a: Rillaboom|5/100|[from] Sandstorm
|-damage|p2a: Gastrodon|33/100|[from] Sandstorm
|faint|p2b: Hydreigon
|-heal|p1a: Rillaboom|11/100|[from] Grassy Terrain
|-heal|p1b: Tyranitar|75/100|[from] Grassy Terrain
|-heal|p2a: Gastrodon|39/100|[from] Grassy Terrain
|-heal|p2a: Gastrodon|45/100|[from] item: Leftovers
|upkeep
|
|t:|1756868411
|switch|p2b: Flamigo|Flamigo, L50, F|100/100
|turn|3
|j| KanelaEmPo
|inactive|SelvesterTheYAK has 30 seconds left.
|inactive|wester7 has 30 seconds left.
|
|t:|1756868436
|move|p1a: Rillaboom|Protect|p1a: Rillaboom
|-singleturn|p1a: Rillaboom|Protect
|move|p2b: Flamigo|Brave Bird|p1a: Rillaboom
|-activate|p1a: Rillaboom|move: Protect
|move|p1b: Tyranitar|Rock Slide|p2a: Gastrodon|[spread] p2a,p2b
|-damage|p2a: Gastrodon|20/100
|-damage|p2b: Flamigo|52/100
|move|p2a: Gastrodon|Yawn|p1b: Tyranitar
|-start|p1b: Tyranitar|move: Yawn|[of] p2a: Gastrodon
|
|-weather|Sandstorm|[upkeep]
|-damage|p2b: Flamigo|46/100|[from] Sandstorm
|-damage|p1a: Rillaboom|5/100|[from] Sandstorm
|-damage|p2a: Gastrodon|13/100|[from] Sandstorm
|-heal|p1a: Rillaboom|11/100|[from] Grassy Terrain
|-heal|p1b: Tyranitar|81/100|[from] Grassy Terrain
|-heal|p2a: Gastrodon|20/100|[from] Grassy Terrain
|-heal|p2a: Gastrodon|26/100|[from] item: Leftovers
|upkeep
|turn|4
|inactive|SelvesterTheYAK has 30 seconds left.
|inactive|wester7 has 30 seconds left.
|l| KanelaEmPo
|inactive|wester7 has 20 seconds left.
|
|t:|1756868473
|move|p2a: Gastrodon|Protect|p2a: Gastrodon
|-singleturn|p2a: Gastrodon|Protect
|move|p1a: Rillaboom|Grassy Glide|p2b: Flamigo
|-resisted|p2b: Flamigo
|-damage|p2b: Flamigo|9/100
|move|p2b: Flamigo|Close Combat|p1b: Tyranitar
|-supereffective|p1b: Tyranitar
|-damage|p1b: Tyranitar|0 fnt
|-unboost|p2b: Flamigo|def|1
|-unboost|p2b: Flamigo|spd|1
|faint|p1b: Tyranitar
|-enditem|p2b: Flamigo|Eject Pack
|
|t:|1756868481
|switch|p2b: Metagross|Metagross, L50|100/100
|
|-weather|Sandstorm|[upkeep]
|-damage|p1a: Rillaboom|5/100|[from] Sandstorm
|-damage|p2a: Gastrodon|20/100|[from] Sandstorm
|-heal|p1a: Rillaboom|11/100|[from] Grassy Terrain
|-heal|p2a: Gastrodon|26/100|[from] Grassy Terrain
|-heal|p2a: Gastrodon|32/100|[from] item: Leftovers
|upkeep
|
|t:|1756868492
|switch|p1b: Arcanine|Arcanine-Hisui, L50, M|100/100
|-ability|p1b: Arcanine|Intimidate|boost
|-unboost|p2a: Gastrodon|atk|1
|-fail|p2b: Metagross|unboost|[from] ability: Clear Body|[of] p2b: Metagross
|turn|5
|inactive|SelvesterTheYAK has 30 seconds left.
|inactive|wester7 has 30 seconds left.
|
|t:|1756868519
|switch|p2a: Flamigo|Flamigo, L50, F|9/100
|-terastallize|p1b: Arcanine|Water
|move|p1b: Arcanine|Flare Blitz|p2b: Metagross
|-supereffective|p2b: Metagross
|-damage|p2b: Metagross|27/100
|-damage|p1b: Arcanine|77/100|[from] Recoil
|move|p1a: Rillaboom|Wood Hammer|p2a: Flamigo
|-resisted|p2a: Flamigo
|-damage|p2a: Flamigo|0 fnt
|faint|p2a: Flamigo
|-damage|p1a: Rillaboom|8/100|[from] Recoil
|move|p2b: Metagross|Earthquake|p1b: Arcanine|[spread] p1a,p1b
|-resisted|p1a: Rillaboom
|-damage|p1a: Rillaboom|1/100
|-damage|p1b: Arcanine|62/100
|
|-weather|none
|-heal|p1b: Arcanine|68/100|[from] Grassy Terrain
|-heal|p1a: Rillaboom|7/100|[from] Grassy Terrain
|-heal|p2b: Metagross|33/100|[from] Grassy Terrain
|-fieldend|move: Grassy Terrain
|upkeep
|
|t:|1756868533
|switch|p2a: Gastrodon|Gastrodon-East, L50, F, tera:Fairy|32/100
|turn|6
|
|t:|1756868552
|move|p2b: Metagross|Bullet Punch|p1a: Rillaboom
|-damage|p1a: Rillaboom|0 fnt
|faint|p1a: Rillaboom
|move|p1b: Arcanine|Flare Blitz|p2b: Metagross
|-supereffective|p2b: Metagross
|-damage|p2b: Metagross|0 fnt
|faint|p2b: Metagross
|-damage|p1b: Arcanine|58/100|[from] Recoil
|move|p2a: Gastrodon|Yawn|p1b: Arcanine
|-start|p1b: Arcanine|move: Yawn|[of] p2a: Gastrodon
|
|-heal|p2a: Gastrodon|38/100|[from] item: Leftovers
|upkeep
|
|t:|1756868564
|switch|p1a: Gholdengo|Gholdengo, L50|100/100
|turn|7
|-message|wester7 forfeited.
|
|win|SelvesterTheYAK
|raw|SelvesterTheYAK's rating: 1104 → 1131(+27 for winning)
|raw|wester7's rating: 1130 → 1103(-27 for losing)
|l|☆wester7
|player|p2|
|c|☆SelvesterTheYAK|gg
