|j|☆Zero_BlazeVGC
|j|☆Brendu04
|html|Zero_BlazeVGCBrendu04    
|uhtml|bestof|Game 3 of a best-of-3
|t:|1754360649
|gametype|doubles
|player|p1|Zero_BlazeVGC|flint|1182
|player|p2|Brendu04|gambler|1222
|gen|9
|tier|[Gen 9] VGC 2025 Reg H (Bo3)
|rated|
|rule|Species Clause: Limit one of each Pokémon
|rule|Item Clause: Limit 1 of each item
|clearpoke
|poke|p1|Gholdengo, L50|
|poke|p1|Pelipper, L50, M|
|poke|p1|Basculegion, L50, M|
|poke|p1|Archaludon, L50, M|
|poke|p1|Amoonguss, L50, F|
|poke|p1|Incineroar, L50, M|
|poke|p2|Sneasler, L50, F|
|poke|p2|Baxcalibur, L50, M|
|poke|p2|Volcarona, L50, M|
|poke|p2|Rillaboom, L50, F|
|poke|p2|Kingambit, L50, M|
|poke|p2|Dondozo, L50, F|
|teampreview|4
|showteam|p1|Gholdengo||LifeOrb|GoodasGold|Protect,NastyPlot,MakeItRain,ShadowBall||||||50|,,,,,Water]Pelipper||FocusSash|Drizzle|Protect,Tailwind,WeatherBall,Hurricane|||M|||50|,,,,,Stellar]Basculegion||ChoiceBand|SwiftSwim|AquaJet,WaveCrash,FlipTurn,LastRespects|||M|||50|,,,,,Fairy]Archaludon||AssaultVest|Stamina|ElectroShot,Snarl,FlashCannon,BodyPress|||M|||50|,,,,,Bug]Amoonguss||SitrusBerry|Regenerator|PollenPuff,Spore,RagePowder,Protect|||F|||50|,,,,,Fairy]Incineroar||SafetyGoggles|Intimidate|FakeOut,KnockOff,PartingShot,Taunt|||M|||50|,,,,,Ghost
|showteam|p2|Sneasler||FocusSash|Unburden|FakeOut,CloseCombat,DireClaw,Coaching|||F|||50|,,,,,Ghost]Baxcalibur||LoadedDice|ThermalExchange|Protect,IceShard,ScaleShot,IcicleSpear|||M|||50|,,,,,Ghost]Volcarona||CovertCloak|FlameBody|QuiverDance,HeatWave,TeraBlast,RagePowder|||M|||50|,,,,,Fairy]Rillaboom||AssaultVest|GrassySurge|GrassyGlide,FakeOut,HighHorsepower,WoodHammer|||F|||50|,,,,,Fire]Kingambit||SafetyGoggles|Defiant|Protect,SwordsDance,SuckerPunch,KowtowCleave|||M|||50|,,,,,Dark]Dondozo||Leftovers|Unaware|WaveCrash,Fissure,Yawn,Protect|||F|||50|,,,,,Grass
|
|t:|1754360686
|teamsize|p1|4
|teamsize|p2|4
|start
|switch|p1a: Incineroar|Incineroar, L50, M, shiny|100/100
|switch|p1b: Omega|Gholdengo, L50|100/100
|switch|p2a: Sneasler|Sneasler, L50, F|100/100
|switch|p2b: Kingambit|Kingambit, L50, M|100/100
|-ability|p1a: Incineroar|Intimidate|boost
|-unboost|p2a: Sneasler|atk|1
|-unboost|p2b: Kingambit|atk|1
|-ability|p2b: Kingambit|Defiant|boost
|-boost|p2b: Kingambit|atk|2
|turn|1
|inactive|Battle timer is ON: inactive players will automatically lose when time's up. (requested by Brendu04)
|
|t:|1754360714
|move|p2a: Sneasler|Fake Out|p1a: Incineroar
|-damage|p1a: Incineroar|91/100
|cant|p1a: Incineroar|flinch
|move|p1b: Omega|Nasty Plot|p1b: Omega
|-boost|p1b: Omega|spa|2
|move|p2b: Kingambit|Swords Dance|p2b: Kingambit
|-boost|p2b: Kingambit|atk|2
|
|upkeep
|turn|2
|inactive|Zero_BlazeVGC has 30 seconds left.
|
|t:|1754360748
|move|p1b: Omega|Protect|p1b: Omega
|-singleturn|p1b: Omega|Protect
|move|p2a: Sneasler|Close Combat|p1a: Incineroar
|-supereffective|p1a: Incineroar
|-damage|p1a: Incineroar|2/100
|-unboost|p2a: Sneasler|def|1
|-unboost|p2a: Sneasler|spd|1
|move|p1a: Incineroar|Knock Off|p2b: Kingambit
|-resisted|p2b: Kingambit
|-damage|p2b: Kingambit|85/100
|-enditem|p2b: Kingambit|Safety Goggles|[from] move: Knock Off|[of] p1a: Incineroar
|move|p2b: Kingambit|Kowtow Cleave|p1b: Omega
|-activate|p1b: Omega|move: Protect
|
|upkeep
|turn|3
|inactive|Zero_BlazeVGC has 30 seconds left.
|
|t:|1754360778
|switch|p1b: Berry Delite|Pelipper, L50, M|100/100
|-weather|RainDance|[from] ability: Drizzle|[of] p1b: Berry Delite
|move|p2a: Sneasler|Close Combat|p1a: Incineroar
|-supereffective|p1a: Incineroar
|-damage|p1a: Incineroar|0 fnt
|-unboost|p2a: Sneasler|def|1
|-unboost|p2a: Sneasler|spd|1
|faint|p1a: Incineroar
|move|p2b: Kingambit|Kowtow Cleave|p1b: Berry Delite
|-enditem|p1b: Berry Delite|Focus Sash
|-damage|p1b: Berry Delite|1/100
|
|-weather|RainDance|[upkeep]
|upkeep
|
|t:|1754360799
|switch|p1a: Benadryl|Amoonguss, L50, F|100/100
|turn|4
|inactive|Zero_BlazeVGC has 30 seconds left.
|inactive|Zero_BlazeVGC has 20 seconds left.
|
|t:|1754360836
|move|p2b: Kingambit|Sucker Punch|p1b: Berry Delite
|-damage|p1b: Berry Delite|0 fnt
|faint|p1b: Berry Delite
|move|p2a: Sneasler|Dire Claw|p1a: Benadryl
|-damage|p1a: Benadryl|76/100
|move|p1a: Benadryl|Spore|p2b: Kingambit
|-status|p2b: Kingambit|slp|[from] move: Spore
|
|-weather|RainDance|[upkeep]
|upkeep
|
|t:|1754360844
|switch|p1b: Omega|Gholdengo, L50|100/100
|turn|5
|
|t:|1754360863
|move|p1a: Benadryl|Protect|p1a: Benadryl
|-singleturn|p1a: Benadryl|Protect
|move|p2a: Sneasler|Dire Claw|p1a: Benadryl
|-activate|p1a: Benadryl|move: Protect
|move|p1b: Omega|Nasty Plot|p1b: Omega
|-boost|p1b: Omega|spa|2
|cant|p2b: Kingambit|slp
|
|-weather|RainDance|[upkeep]
|upkeep
|turn|6
|inactive|Zero_BlazeVGC has 30 seconds left.
|
|t:|1754360892
|move|p2a: Sneasler|Dire Claw|p1a: Benadryl
|-crit|p1a: Benadryl
|-damage|p1a: Benadryl|17/100
|-enditem|p1a: Benadryl|Sitrus Berry|[eat]
|-heal|p1a: Benadryl|42/100|[from] item: Sitrus Berry
|move|p1b: Omega|Make It Rain|p2b: Kingambit|[spread] p2a,p2b
|-resisted|p2b: Kingambit
|-enditem|p2a: Sneasler|Focus Sash
|-damage|p2a: Sneasler|1/100
|-damage|p2b: Kingambit|25/100 slp
|-unboost|p1b: Omega|spa|1
|-damage|p1b: Omega|91/100|[from] item: Life Orb
|cant|p2b: Kingambit|slp
|move|p1a: Benadryl|Pollen Puff|p2a: Sneasler
|-resisted|p2a: Sneasler
|-damage|p2a: Sneasler|0 fnt
|faint|p2a: Sneasler
|
|-weather|RainDance|[upkeep]
|upkeep
|
|t:|1754360908
|switch|p2a: Dondozo|Dondozo, L50, F|100/100
|turn|7
|
|t:|1754360925
|-terastallize|p2a: Dondozo|Grass
|-curestatus|p2b: Kingambit|slp|[msg]
|move|p2b: Kingambit|Protect|p2b: Kingambit
|-singleturn|p2b: Kingambit|Protect
|move|p1a: Benadryl|Rage Powder|p1a: Benadryl
|-singleturn|p1a: Benadryl|move: Rage Powder
|move|p1b: Omega|Make It Rain|p2b: Kingambit|[spread] p2a
|-activate|p2b: Kingambit|move: Protect
|-damage|p2a: Dondozo|58/100
|-unboost|p1b: Omega|spa|1
|-damage|p1b: Omega|81/100|[from] item: Life Orb
|move|p2a: Dondozo|Yawn|p1a: Benadryl
|-start|p1a: Benadryl|move: Yawn|[of] p2a: Dondozo
|
|-weather|none
|-heal|p2a: Dondozo|64/100|[from] item: Leftovers
|upkeep
|turn|8
|inactive|Zero_BlazeVGC has 30 seconds left.
|inactive|Brendu04 has 30 seconds left.
|inactive|Zero_BlazeVGC has 20 seconds left.
|inactive|Zero_BlazeVGC has 15 seconds left.
|
|t:|1754360967
|move|p1a: Benadryl|Rage Powder|p1a: Benadryl
|-singleturn|p1a: Benadryl|move: Rage Powder
|move|p1b: Omega|Make It Rain|p2b: Kingambit|[spread] p2a,p2b
|-resisted|p2b: Kingambit
|-damage|p2a: Dondozo|18/100
|-damage|p2b: Kingambit|0 fnt
|-unboost|p1b: Omega|spa|1
|faint|p2b: Kingambit
|-damage|p1b: Omega|71/100|[from] item: Life Orb
|move|p2a: Dondozo|Wave Crash|p1b: Omega
|-damage|p1b: Omega|18/100
|-damage|p2a: Dondozo|7/100|[from] Recoil
|
|-heal|p2a: Dondozo|13/100|[from] item: Leftovers
|-end|p1a: Benadryl|move: Yawn|[silent]
|-status|p1a: Benadryl|slp
|upkeep
|
|t:|1754360972
|switch|p2b: Volcarona|Volcarona, L50, M|100/100
|turn|9
|inactive|Zero_BlazeVGC has 30 seconds left.
|inactive|Zero_BlazeVGC has 20 seconds left.
|inactive|Zero_BlazeVGC has 15 seconds left.
|
|t:|1754361015
|-terastallize|p1b: Omega|Water
|move|p1b: Omega|Make It Rain|p2b: Volcarona|[spread] p2a,p2b
|-resisted|p2b: Volcarona
|-damage|p2a: Dondozo|0 fnt
|-damage|p2b: Volcarona|82/100
|-unboost|p1b: Omega|spa|1
|faint|p2a: Dondozo
|-damage|p1b: Omega|8/100|[from] item: Life Orb
|move|p2b: Volcarona|Heat Wave|p1a: Benadryl|[spread] p1a,p1b
|-supereffective|p1a: Benadryl
|-resisted|p1b: Omega
|-damage|p1a: Benadryl|0 fnt
|-damage|p1b: Omega|0 fnt
|faint|p1a: Benadryl
|faint|p1b: Omega
|
|win|Brendu04
|raw|Zero_BlazeVGC's rating: 1182 → 1160(-22 for losing)
|raw|Brendu04's rating: 1222 → 1244(+22 for winning)
|l|☆Brendu04
|player|p2|
