|j|☆x-3 demon
|j|☆pix3000
|html|x-3 demonpix3000    
|uhtml|bestof|Game 1 of a best-of-3
|t:|1757637809
|gametype|doubles
|player|p1|x-3 demon|boarder-gen2|
|player|p2|pix3000|265|
|gen|9
|tier|[Gen 9] VGC 2025 Reg H (Bo3)
|rule|Species Clause: Limit one of each Pokémon
|rule|Item Clause: Limit 1 of each item
|clearpoke
|poke|p1|Gholdengo, L50|
|poke|p1|Sinistcha, L50|
|poke|p1|Ursaluna, L50, F|
|poke|p1|Dragonite, L50, F|
|poke|p1|Incineroar, L50, F|
|poke|p1|Ninetales-Alola, L50, F|
|poke|p2|Ursaluna-Bloodmoon, L50, M|
|poke|p2|Kingambit, L50, M|
|poke|p2|Electabuzz, L50, M|
|poke|p2|Dragonite, L50, F|
|poke|p2|Sneasler, L50, M|
|poke|p2|Ninetales-Alola, L50, M|
|teampreview|4
|showteam|p1|Gholdengo||ChoiceScarf|GoodasGold|MakeItRain,ShadowBall,Trick,Protect||||||50|,,,,,Flying]Sinistcha||SitrusBerry|Hospitality|MatchaGotcha,LifeDew,RagePowder,TrickRoom||||||50|,,,,,Dark]Ursaluna||FlameOrb|Guts|HeadlongRush,Earthquake,Facade,Protect|||F|||50|,,,,,Ghost]Dragonite||LoadedDice|Multiscale|ScaleShot,Haze,Tailwind,Protect|||F|||50|,,,,,Fairy]Incineroar||AssaultVest|Intimidate|FlareBlitz,KnockOff,FakeOut,Uturn|||F|||50|,,,,,Grass]Ninetales-Alola||FocusSash|SnowWarning|Blizzard,FreezeDry,Encore,AuroraVeil|||F|||50|,,,,,Ghost
|showteam|p2|Ursaluna-Bloodmoon||LifeOrb|MindsEye|BloodMoon,HyperVoice,EarthPower,Protect|||M|||50|,,,,,Normal]Kingambit||AssaultVest|Defiant|KowtowCleave,SuckerPunch,LowKick,IronHead|||M|||50|,,,,,Dark]Electabuzz||Eviolite|VitalSpirit|Electroweb,Taunt,FollowMe,Protect|||M|||50|,,,,,Electric]Dragonite||LoadedDice|InnerFocus|ScaleShot,Haze,Tailwind,Protect|||F|||50|,,,,,Fire]Sneasler||WhiteHerb|Unburden|CloseCombat,DireClaw,Coaching,FakeOut|||M|||50|,,,,,Ghost]Ninetales-Alola||SafetyGoggles|SnowWarning|Blizzard,Moonblast,FreezeDry,Protect|||M|||50|,,,,,Water
|
|t:|1757637959
|teamsize|p1|4
|teamsize|p2|4
|start
|switch|p1a: Dragonite|Dragonite, L50, F|100/100
|switch|p1b: Ninetales|Ninetales-Alola, L50, F|100/100
|switch|p2a: Ursaluna|Ursaluna-Bloodmoon, L50, M|100/100
|switch|p2b: Electabuzz|Electabuzz, L50, M|100/100
|-weather|Snowscape|[from] ability: Snow Warning|[of] p1b: Ninetales
|turn|1
|
|t:|1757638116
|-terastallize|p2a: Ursaluna|Normal
|move|p1b: Ninetales|Aurora Veil|p1b: Ninetales
|-sidestart|p1: x-3 demon|move: Aurora Veil
|move|p2b: Electabuzz|Taunt|p1a: Dragonite
|-start|p1a: Dragonite|move: Taunt
|move|p1a: Dragonite|Scale Shot|p2a: Ursaluna
|-damage|p2a: Ursaluna|89/100
|-damage|p2a: Ursaluna|78/100
|-damage|p2a: Ursaluna|65/100
|-damage|p2a: Ursaluna|53/100
|-hitcount|p2a: Ursaluna|4
|-unboost|p1a: Dragonite|def|1
|-boost|p1a: Dragonite|spe|1
|move|p2a: Ursaluna|Hyper Voice|p1a: Dragonite|[spread] p1a,p1b
|-damage|p1a: Dragonite|77/100
|-damage|p1b: Ninetales|42/100
|-damage|p2a: Ursaluna|44/100|[from] item: Life Orb
|
|-weather|Snowscape|[upkeep]
|upkeep
|turn|2
|
|t:|1757638181
|switch|p2a: Kingambit|Kingambit, L50, M|100/100
|move|p1a: Dragonite|Scale Shot|p2a: Kingambit
|-resisted|p2a: Kingambit
|-damage|p2a: Kingambit|96/100
|-resisted|p2a: Kingambit
|-damage|p2a: Kingambit|90/100
|-resisted|p2a: Kingambit
|-damage|p2a: Kingambit|85/100
|-resisted|p2a: Kingambit
|-damage|p2a: Kingambit|80/100
|-resisted|p2a: Kingambit
|-damage|p2a: Kingambit|75/100
|-hitcount|p2a: Kingambit|5
|-unboost|p1a: Dragonite|def|1
|-boost|p1a: Dragonite|spe|1
|move|p1b: Ninetales|Blizzard|p2a: Kingambit|[spread] p2a,p2b
|-resisted|p2a: Kingambit
|-damage|p2a: Kingambit|66/100
|-damage|p2b: Electabuzz|76/100
|move|p2b: Electabuzz|Taunt|p1b: Ninetales
|-start|p1b: Ninetales|move: Taunt
|
|-weather|Snowscape|[upkeep]
|upkeep
|turn|3
|
|t:|1757638261
|switch|p1a: Ursaluna|Ursaluna, L50, F, shiny|100/100
|move|p1b: Ninetales|Blizzard|p2b: Electabuzz|[spread] p2a,p2b
|-resisted|p2a: Kingambit
|-damage|p2a: Kingambit|57/100
|-damage|p2b: Electabuzz|49/100
|move|p2b: Electabuzz|Electroweb|p1b: Ninetales|[spread] p1b
|-immune|p1a: Ursaluna
|-damage|p1b: Ninetales|30/100
|-unboost|p1b: Ninetales|spe|1
|move|p2a: Kingambit|Kowtow Cleave|p1a: Ursaluna
|-damage|p1a: Ursaluna|74/100
|
|-weather|Snowscape|[upkeep]
|-status|p1a: Ursaluna|brn|[from] item: Flame Orb
|upkeep
|turn|4
|
|t:|1757638323
|switch|p1b: Dragonite|Dragonite, L50, F|77/100
|move|p2b: Electabuzz|Electroweb|p1b: Dragonite|[spread] p1b
|-immune|p1a: Ursaluna
|-damage|p1b: Dragonite|66/100
|-unboost|p1b: Dragonite|spe|1
|move|p1a: Ursaluna|Earthquake|p2a: Kingambit|[spread] p2a,p2b
|-immune|p1b: Dragonite
|-supereffective|p2a: Kingambit
|-supereffective|p2b: Electabuzz
|-damage|p2a: Kingambit|0 fnt
|-damage|p2b: Electabuzz|0 fnt
|faint|p2a: Kingambit
|faint|p2b: Electabuzz
|
|-weather|Snowscape|[upkeep]
|-damage|p1a: Ursaluna|69/100 brn|[from] brn
|upkeep
|
|t:|1757638339
|switch|p2b: Sneasler|Sneasler, L50, M|100/100
|switch|p2a: Ursaluna|Ursaluna-Bloodmoon, L50, M, tera:Normal|44/100
|turn|5
|
|t:|1757638420
|switch|p1a: Incineroar|Incineroar, L50, F|100/100
|-ability|p1a: Incineroar|Intimidate|boost
|-unboost|p2a: Ursaluna|atk|1
|-unboost|p2b: Sneasler|atk|1
|-enditem|p2b: Sneasler|White Herb
|-clearnegativeboost|p2b: Sneasler|[silent]
|move|p1b: Dragonite|Protect|p1b: Dragonite
|-singleturn|p1b: Dragonite|Protect
|move|p2b: Sneasler|Fake Out|p1b: Dragonite
|-activate|p1b: Dragonite|move: Protect
|move|p2a: Ursaluna|Hyper Voice|p1a: Incineroar|[spread] p1a
|-activate|p1b: Dragonite|move: Protect
|-damage|p1a: Incineroar|72/100
|-damage|p2a: Ursaluna|34/100|[from] item: Life Orb
|
|-weather|none
|-sideend|p1: x-3 demon|move: Aurora Veil
|upkeep
|turn|6
|
|t:|1757638454
|move|p1a: Incineroar|Fake Out|p2a: Ursaluna
|-damage|p2a: Ursaluna|25/100
|move|p2b: Sneasler|Dire Claw|p1b: Dragonite
|-damage|p1b: Dragonite|18/100
|cant|p2a: Ursaluna|flinch
|move|p1b: Dragonite|Tailwind|p1b: Dragonite
|-sidestart|p1: x-3 demon|move: Tailwind
|
|upkeep
|turn|7
|
|t:|1757638479
|move|p2a: Ursaluna|Protect|p2a: Ursaluna
|-singleturn|p2a: Ursaluna|Protect
|move|p2b: Sneasler|Dire Claw|p1b: Dragonite
|-damage|p1b: Dragonite|0 fnt
|faint|p1b: Dragonite
|move|p1a: Incineroar|Knock Off|p2a: Ursaluna
|-activate|p2a: Ursaluna|move: Protect
|
|upkeep
|
|t:|1757638491
|switch|p1b: Ninetales|Ninetales-Alola, L50, F|30/100
|-weather|Snowscape|[from] ability: Snow Warning|[of] p1b: Ninetales
|turn|8
|
|t:|1757638584
|move|p1b: Ninetales|Blizzard|p2a: Ursaluna|[spread] p2a,p2b
|-damage|p2a: Ursaluna|0 fnt
|-damage|p2b: Sneasler|65/100
|faint|p2a: Ursaluna
|move|p2b: Sneasler|Dire Claw|p1b: Ninetales
|-supereffective|p1b: Ninetales
|-damage|p1b: Ninetales|0 fnt
|faint|p1b: Ninetales
|move|p1a: Incineroar|Flare Blitz|p2b: Sneasler
|-damage|p2b: Sneasler|0 fnt
|faint|p2b: Sneasler
|-damage|p1a: Incineroar|53/100|[from] Recoil
|
|win|x-3 demon
||pix3000 is ready for game 2.
|inactive|x-3 demon has 30 seconds to confirm battle start!
||x-3 demon is ready for game 2.
|uhtml|next|Next: Game 2 of 3
|l|☆pix3000
|player|p2|
