|j|☆CalliopeOKBH
|j|☆Pokeventurer
|html|CalliopeOKBHPokeventurer    
|uhtml|bestof|Game 2 of a best-of-3
|t:|1757104549
|gametype|doubles
|player|p1|CalliopeOKBH|zinnia|1120
|player|p2|Pokeventurer|2|1133
|gen|9
|tier|[Gen 9] VGC 2025 Reg H (Bo3)
|rated|
|rule|Species Clause: Limit one of each Pokémon
|rule|Item Clause: Limit 1 of each item
|clearpoke
|poke|p1|Salamence, L50, F|
|poke|p1|Pelipper, L50, M|
|poke|p1|Archaludon, L50, M|
|poke|p1|Basculegion, L50, M|
|poke|p1|Incineroar, L50, F|
|poke|p1|Amoonguss, L50, F|
|poke|p2|Basculegion, L50, M|
|poke|p2|Pelipper, L50, F|
|poke|p2|Archaludon, L50, F|
|poke|p2|Rillaboom, L50, M|
|poke|p2|Maushold, L50|
|poke|p2|Annihilape, L50, F|
|teampreview|4
|showteam|p1|Salamence||LifeOrb|Intimidate|DracoMeteor,Hurricane,Tailwind,Protect|||F|||50|,,,,,Flying]Pelipper||FocusSash|Drizzle|Hurricane,WideGuard,MuddyWater,Tailwind|||M|||50|,,,,,Ground]Archaludon||AssaultVest|Stamina|ElectroShot,DracoMeteor,FlashCannon,BodyPress|||M|||50|,,,,,Electric]Basculegion||ClearAmulet|SwiftSwim|WaveCrash,LastRespects,FlipTurn,Protect|||M|||50|,,,,,Water]Incineroar||SafetyGoggles|Intimidate|FakeOut,Taunt,KnockOff,PartingShot|||F|||50|,,,,,Ghost]Amoonguss||RockyHelmet|Regenerator|RagePowder,Spore,SludgeBomb,Protect|||F|||50|,,,,,Bug
|showteam|p2|Basculegion||ChoiceBand|SwiftSwim|WaveCrash,FlipTurn,LastRespects,AquaJet|||M|||50|,,,,,Water]Pelipper||FocusSash|Drizzle|WeatherBall,Hurricane,Tailwind,Protect|||F|||50|,,,,,Stellar]Archaludon||AssaultVest|Stamina|ElectroShot,FlashCannon,Snarl,BodyPress|||F|||50|,,,,,Grass]Rillaboom||CobaBerry|GrassySurge|FakeOut,GrassyGlide,WoodHammer,Uturn|||M|||50|,,,,,Steel]Maushold||CovertCloak|FriendGuard|FollowMe,BeatUp,SuperFang,Taunt||||||50|,,,,,Ghost]Annihilape||SafetyGoggles|Defiant|DrainPunch,RageFist,BulkUp,Protect|||F|||50|,,,,,Fire
|inactive|Battle timer is ON: inactive players will automatically lose when time's up. (requested by CalliopeOKBH)
|inactive|CalliopeOKBH has 60 seconds left.
|
|t:|1757104594
|teamsize|p1|4
|teamsize|p2|4
|start
|switch|p1a: Pelipper|Pelipper, L50, M|100/100
|switch|p1b: Amoonguss|Amoonguss, L50, F, shiny|100/100
|switch|p2a: MouseySee|Maushold, L50|100/100
|switch|p2b: MonkeyDo|Annihilape, L50, F|100/100
|-weather|RainDance|[from] ability: Drizzle|[of] p1a: Pelipper
|turn|1
|inactive|Pokeventurer has 30 seconds left.
|inactive|Pokeventurer has 20 seconds left.
|
|t:|1757104630
|move|p1b: Amoonguss|Rage Powder|p1b: Amoonguss
|-singleturn|p1b: Amoonguss|move: Rage Powder
|move|p2a: MouseySee|Taunt|p1b: Amoonguss
|-start|p1b: Amoonguss|move: Taunt
|move|p2b: MonkeyDo|Bulk Up|p2b: MonkeyDo
|-boost|p2b: MonkeyDo|atk|1
|-boost|p2b: MonkeyDo|def|1
|move|p1a: Pelipper|Tailwind|p1a: Pelipper
|-sidestart|p1: CalliopeOKBH|move: Tailwind
|
|-weather|RainDance|[upkeep]
|upkeep
|turn|2
|inactive|CalliopeOKBH has 30 seconds left.
|
|t:|1757104657
|switch|p1b: Basculegion|Basculegion, L50, M|100/100
|move|p1a: Pelipper|Muddy Water|p2a: MouseySee|[spread] p2a,p2b
|-damage|p2a: MouseySee|47/100
|-damage|p2b: MonkeyDo|71/100
|move|p2a: MouseySee|Beat Up|p2b: MonkeyDo
|-damage|p2b: MonkeyDo|70/100
|-crit|p2b: MonkeyDo
|-damage|p2b: MonkeyDo|67/100
|-damage|p2b: MonkeyDo|66/100
|-damage|p2b: MonkeyDo|65/100
|-hitcount|p2b: MonkeyDo|4
|move|p2b: MonkeyDo|Rage Fist|p1a: Pelipper
|-enditem|p1a: Pelipper|Focus Sash
|-damage|p1a: Pelipper|1/100
|
|-weather|RainDance|[upkeep]
|upkeep
|turn|3
|inactive|Pokeventurer has 30 seconds left.
|inactive|Pokeventurer has 20 seconds left.
|inactive|Pokeventurer has 15 seconds left.
|inactive|Pokeventurer has 10 seconds left.
|inactive|Pokeventurer has 5 seconds left.
|
|t:|1757104710
|move|p2a: MouseySee|Follow Me|p2a: MouseySee
|-singleturn|p2a: MouseySee|move: Follow Me
|move|p1b: Basculegion|Wave Crash|p2a: MouseySee
|-damage|p2a: MouseySee|0 fnt
|faint|p2a: MouseySee
|-damage|p1b: Basculegion|87/100|[from] Recoil
|move|p1a: Pelipper|Hurricane|p2b: MonkeyDo
|-supereffective|p2b: MonkeyDo
|-damage|p2b: MonkeyDo|0 fnt
|faint|p2b: MonkeyDo
|
|-weather|RainDance|[upkeep]
|upkeep
|
|t:|1757104716
|switch|p2a: London Paris&Tokyo|Archaludon, L50, F|100/100
|switch|p2b: BigMouth|Pelipper, L50, F|100/100
|turn|4
|
|t:|1757104727
|move|p1b: Basculegion|Flip Turn|p2b: BigMouth
|-resisted|p2b: BigMouth
|-damage|p2b: BigMouth|68/100
|
|t:|1757104730
|switch|p1b: Amoonguss|Amoonguss, L50, F, shiny|100/100|[from] Flip Turn
|move|p1a: Pelipper|Muddy Water|p2a: London Paris&Tokyo|[spread] p2a,p2b
|-resisted|p2a: London Paris&Tokyo
|-resisted|p2b: BigMouth
|-damage|p2a: London Paris&Tokyo|79/100
|-damage|p2b: BigMouth|26/100
|-ability|p2a: London Paris&Tokyo|Stamina|boost
|-boost|p2a: London Paris&Tokyo|def|1
|move|p2a: London Paris&Tokyo|Electro Shot||[still]
|-prepare|p2a: London Paris&Tokyo|Electro Shot
|-boost|p2a: London Paris&Tokyo|spa|1
|-anim|p2a: London Paris&Tokyo|Electro Shot|p1b: Amoonguss
|-resisted|p1b: Amoonguss
|-damage|p1b: Amoonguss|72/100
|move|p2b: BigMouth|Hurricane|p1b: Amoonguss
|-supereffective|p1b: Amoonguss
|-damage|p1b: Amoonguss|0 fnt
|faint|p1b: Amoonguss
|
|-weather|RainDance|[upkeep]
|-sideend|p1: CalliopeOKBH|move: Tailwind
|upkeep
|
|t:|1757104733
|switch|p1b: Incineroar|Incineroar, L50, F|100/100
|-ability|p1b: Incineroar|Intimidate|boost
|-unboost|p2a: London Paris&Tokyo|atk|1
|-unboost|p2b: BigMouth|atk|1
|turn|5
|inactive|CalliopeOKBH has 30 seconds left.
|inactive|Pokeventurer has 30 seconds left.
|inactive|CalliopeOKBH has 20 seconds left.
|inactive|Pokeventurer has 20 seconds left.
|inactive|CalliopeOKBH has 15 seconds left.
|
|t:|1757104775
|switch|p1a: Basculegion|Basculegion, L50, M|87/100
|move|p1b: Incineroar|Fake Out|p2a: London Paris&Tokyo
|-resisted|p2a: London Paris&Tokyo
|-damage|p2a: London Paris&Tokyo|77/100
|-ability|p2a: London Paris&Tokyo|Stamina|boost
|-boost|p2a: London Paris&Tokyo|def|1
|cant|p2a: London Paris&Tokyo|flinch
|move|p2b: BigMouth|Hurricane|p1a: Basculegion
|-damage|p1a: Basculegion|41/100
|
|-weather|none
|upkeep
|turn|6
|
|t:|1757104793
|move|p2b: BigMouth|Protect|p2b: BigMouth
|-singleturn|p2b: BigMouth|Protect
|move|p1a: Basculegion|Protect|p1a: Basculegion
|-singleturn|p1a: Basculegion|Protect
|move|p2a: London Paris&Tokyo|Body Press|p1b: Incineroar
|-supereffective|p1b: Incineroar
|-damage|p1b: Incineroar|15/100
|move|p1b: Incineroar|Parting Shot|p2a: London Paris&Tokyo
|-unboost|p2a: London Paris&Tokyo|atk|1
|-unboost|p2a: London Paris&Tokyo|spa|1
|inactive|CalliopeOKBH has 30 seconds left.
|inactive|CalliopeOKBH has 20 seconds left.
|
|t:|1757104830
|switch|p1b: Pelipper|Pelipper, L50, M|1/100|[from] Parting Shot
|-weather|RainDance|[from] ability: Drizzle|[of] p1b: Pelipper
|
|-weather|RainDance|[upkeep]
|upkeep
|turn|7
|
|t:|1757104850
|switch|p1b: Incineroar|Incineroar, L50, F|15/100
|-ability|p1b: Incineroar|Intimidate|boost
|-unboost|p2a: London Paris&Tokyo|atk|1
|-unboost|p2b: BigMouth|atk|1
|move|p1a: Basculegion|Flip Turn|p2b: BigMouth
|-resisted|p2b: BigMouth
|-damage|p2b: BigMouth|0 fnt
|faint|p2b: BigMouth
|
|t:|1757104856
|switch|p1a: Pelipper|Pelipper, L50, M|1/100|[from] Flip Turn
|move|p2a: London Paris&Tokyo|Electro Shot||[still]
|-prepare|p2a: London Paris&Tokyo|Electro Shot
|-boost|p2a: London Paris&Tokyo|spa|1
|-anim|p2a: London Paris&Tokyo|Electro Shot|p1a: Pelipper
|-supereffective|p1a: Pelipper
|-damage|p1a: Pelipper|0 fnt
|faint|p1a: Pelipper
|
|-weather|RainDance|[upkeep]
|upkeep
|
|t:|1757104857
|switch|p1a: Basculegion|Basculegion, L50, M|41/100
|turn|8
|
|t:|1757104862
|move|p1b: Incineroar|Fake Out|p2a: London Paris&Tokyo
|-resisted|p2a: London Paris&Tokyo
|-damage|p2a: London Paris&Tokyo|75/100
|-ability|p2a: London Paris&Tokyo|Stamina|boost
|-boost|p2a: London Paris&Tokyo|def|1
|move|p1a: Basculegion|Last Respects|p2a: London Paris&Tokyo
|-damage|p2a: London Paris&Tokyo|48/100
|-ability|p2a: London Paris&Tokyo|Stamina|boost
|-boost|p2a: London Paris&Tokyo|def|1
|cant|p2a: London Paris&Tokyo|flinch
|
|-weather|RainDance|[upkeep]
|upkeep
|turn|9
|
|t:|1757104872
|move|p1a: Basculegion|Last Respects|p2a: London Paris&Tokyo
|-damage|p2a: London Paris&Tokyo|28/100
|-ability|p2a: London Paris&Tokyo|Stamina|boost
|-boost|p2a: London Paris&Tokyo|def|1
|move|p2a: London Paris&Tokyo|Electro Shot||[still]
|-prepare|p2a: London Paris&Tokyo|Electro Shot
|-boost|p2a: London Paris&Tokyo|spa|1
|-anim|p2a: London Paris&Tokyo|Electro Shot|p1b: Incineroar
|-damage|p1b: Incineroar|0 fnt
|faint|p1b: Incineroar
|
|-weather|RainDance|[upkeep]
|upkeep
|turn|10
|
|t:|1757104880
|move|p1a: Basculegion|Last Respects|p2a: London Paris&Tokyo
|-damage|p2a: London Paris&Tokyo|5/100
|-ability|p2a: London Paris&Tokyo|Stamina|boost
|-boost|p2a: London Paris&Tokyo|def|1
|move|p2a: London Paris&Tokyo|Flash Cannon|p1a: Basculegion
|-resisted|p1a: Basculegion
|-damage|p1a: Basculegion|0 fnt
|faint|p1a: Basculegion
|
|win|Pokeventurer
|raw|CalliopeOKBH's rating: 1120 → 1096(-24 for losing)
|raw|Pokeventurer's rating: 1133 → 1157(+24 for winning)
