|j|☆sernim
|j|☆TheGeckoLord
|html|sernimTheGeckoLord    
|uhtml|bestof|Game 2 of a best-of-3
|t:|1757714033
|gametype|doubles
|player|p1|sernim|bugcatcher-gen4dp|1040
|player|p2|TheGeckoLord|hilbert-wonderlauncher|1046
|gen|9
|tier|[Gen 9] VGC 2025 Reg H (Bo3)
|rated|
|rule|Species Clause: Limit one of each Pokémon
|rule|Item Clause: Limit 1 of each item
|clearpoke
|poke|p1|Ursaluna, L50, F|
|poke|p1|Farigiraf, L50, F|
|poke|p1|Incineroar, L50, F|
|poke|p1|Magmortar, L50, M|
|poke|p1|Primarina, L50, M|
|poke|p1|Gothitelle, L50, M|
|poke|p2|Annihilape, L50, M|
|poke|p2|Archaludon, L50, M|
|poke|p2|Whimsicott, L50, M|
|poke|p2|Weezing-Galar, L50, F|
|poke|p2|Sinistcha, L50|
|poke|p2|Typhlosion-Hisui, L50, M|
|teampreview|4
|showteam|p1|Ursaluna||FlameOrb|Guts|Facade,HeadlongRush,CloseCombat,Protect|||F|||50|,,,,,Ghost]Farigiraf||ThroatSpray|ArmorTail|TrickRoom,Protect,HyperVoice,Psychic|||F|||50|,,,,,Normal]Incineroar||AssaultVest|Intimidate|FlareBlitz,FakeOut,Uturn,KnockOff|||F|||50|,,,,,Ghost]Magmortar||CovertCloak|FlameBody|HeatWave,FollowMe,Protect,Taunt|||M|||50|,,,,,Grass]Primarina||Leftovers|LiquidVoice|PerishSong,HyperVoice,Moonblast,Protect|||M|||50|,,,,,Grass]Gothitelle||SitrusBerry|ShadowTag|FakeOut,Protect,Psychic,TrickRoom|||M|||50|,,,,,Electric
|showteam|p2|Annihilape||Leftovers|Defiant|RageFist,CloseCombat,DrainPunch,Protect|||M|||50|,,,,,Fire]Archaludon||AssaultVest|Stamina|BodyPress,FlashCannon,Thunderbolt,DragonPulse|||M|||50|,,,,,Ghost]Whimsicott||CovertCloak|Prankster|Tailwind,Taunt,BeatUp,Encore|||M|||50|,,,,,Dark]Weezing-Galar||ChoiceSpecs|NeutralizingGas|DazzlingGleam,DarkPulse,SludgeBomb,Overheat|||F|||50|,,,,,Dark]Sinistcha||SitrusBerry|Hospitality|RagePowder,MatchaGotcha,TrickRoom,LifeDew||||||50|,,,,,Water]Typhlosion-Hisui||ChoiceScarf|Blaze|Eruption,HeatWave,Overheat,ShadowBall|||M|||50|,,,,,Dark
|inactive|Battle timer is ON: inactive players will automatically lose when time's up. (requested by TheGeckoLord)
|inactive|sernim also wants the timer to be on.
|
|t:|1757714057
|teamsize|p1|4
|teamsize|p2|4
|start
|switch|p1a: Ursaluna|Ursaluna, L50, F|100/100
|switch|p1b: Magmortar|Magmortar, L50, M|100/100
|switch|p2a: Sinistcha|Sinistcha, L50|100/100
|switch|p2b: Typhlosion|Typhlosion-Hisui, L50, M|100/100
|turn|1
|
|t:|1757714076
|move|p1a: Ursaluna|Protect|p1a: Ursaluna
|-singleturn|p1a: Ursaluna|Protect
|move|p2b: Typhlosion|Eruption|p1a: Ursaluna|[spread] p1b
|-activate|p1a: Ursaluna|move: Protect
|-resisted|p1b: Magmortar
|-damage|p1b: Magmortar|72/100
|move|p1b: Magmortar|Heat Wave|p2b: Typhlosion|[spread] p2a,p2b
|-supereffective|p2a: Sinistcha
|-resisted|p2b: Typhlosion
|-damage|p2a: Sinistcha|40/100
|-damage|p2b: Typhlosion|78/100
|-enditem|p2a: Sinistcha|Sitrus Berry|[eat]
|-heal|p2a: Sinistcha|65/100|[from] item: Sitrus Berry
|move|p2a: Sinistcha|Matcha Gotcha|p1a: Ursaluna|[spread] 
|-activate|p1a: Ursaluna|move: Protect
|-miss|p2a: Sinistcha|p1b: Magmortar
|
|-status|p1a: Ursaluna|brn|[from] item: Flame Orb
|upkeep
|turn|2
|
|t:|1757714100
|switch|p1a: Incineroar|Incineroar, L50, F|100/100
|-ability|p1a: Incineroar|Intimidate|boost
|-unboost|p2a: Sinistcha|atk|1
|-unboost|p2b: Typhlosion|atk|1
|move|p2b: Typhlosion|Eruption|p1b: Magmortar|[spread] p1a,p1b
|-resisted|p1a: Incineroar
|-resisted|p1b: Magmortar
|-damage|p1a: Incineroar|87/100
|-damage|p1b: Magmortar|52/100
|move|p1b: Magmortar|Heat Wave|p2b: Typhlosion|[spread] p2a,p2b
|-supereffective|p2a: Sinistcha
|-resisted|p2b: Typhlosion
|-damage|p2a: Sinistcha|0 fnt
|-damage|p2b: Typhlosion|56/100
|faint|p2a: Sinistcha
|
|upkeep
|
|t:|1757714114
|switch|p2a: Annihilape|Annihilape, L50, M|100/100
|turn|3
|
|t:|1757714133
|switch|p2b: Weezing|Weezing-Galar, L50, F|100/100
|-ability|p2b: Weezing|Neutralizing Gas
|move|p1b: Magmortar|Follow Me|p1b: Magmortar
|-singleturn|p1b: Magmortar|move: Follow Me
|move|p2a: Annihilape|Drain Punch|p1b: Magmortar
|-damage|p1b: Magmortar|17/100
|move|p1a: Incineroar|Knock Off|p2b: Weezing
|-resisted|p2b: Weezing
|-damage|p2b: Weezing|76/100
|-enditem|p2b: Weezing|Choice Specs|[from] move: Knock Off|[of] p1a: Incineroar
|
|upkeep
|turn|4
|
|t:|1757714158
|-end|p2b: Weezing|ability: Neutralizing Gas
|-ability|p1a: Incineroar|Intimidate|boost
|-unboost|p2a: Annihilape|atk|1
|-ability|p2a: Annihilape|Defiant|boost
|-boost|p2a: Annihilape|atk|2
|-unboost|p2b: Weezing|atk|1
|switch|p2b: Typhlosion|Typhlosion-Hisui, L50, M|56/100
|move|p1b: Magmortar|Follow Me|p1b: Magmortar
|-singleturn|p1b: Magmortar|move: Follow Me
|move|p2a: Annihilape|Drain Punch|p1b: Magmortar
|-damage|p1b: Magmortar|0 fnt
|faint|p1b: Magmortar
|move|p1a: Incineroar|Flare Blitz|p2b: Typhlosion
|-resisted|p2b: Typhlosion
|-damage|p2b: Typhlosion|9/100
|-damage|p1a: Incineroar|75/100|[from] Recoil
|
|upkeep
|
|t:|1757714183
|switch|p1b: Farigiraf|Farigiraf, L50, F|100/100
|turn|5
|inactive|TheGeckoLord has 30 seconds left.
|
|t:|1757714210
|-terastallize|p2a: Annihilape|Fire
|move|p1b: Farigiraf|Protect|p1b: Farigiraf
|-singleturn|p1b: Farigiraf|Protect
|move|p2b: Typhlosion|Overheat|p1b: Farigiraf
|-activate|p1b: Farigiraf|move: Protect
|move|p2a: Annihilape|Close Combat|p1b: Farigiraf
|-activate|p1b: Farigiraf|move: Protect
|move|p1a: Incineroar|Flare Blitz|p2b: Typhlosion
|-resisted|p2b: Typhlosion
|-damage|p2b: Typhlosion|0 fnt
|faint|p2b: Typhlosion
|-damage|p1a: Incineroar|73/100|[from] Recoil
|
|upkeep
|
|t:|1757714215
|switch|p2b: Weezing|Weezing-Galar, L50, F|76/100
|-ability|p2b: Weezing|Neutralizing Gas
|turn|6
|
|t:|1757714235
|move|p2a: Annihilape|Close Combat|p1b: Farigiraf
|-damage|p1b: Farigiraf|23/100
|-unboost|p2a: Annihilape|def|1
|-unboost|p2a: Annihilape|spd|1
|move|p2b: Weezing|Sludge Bomb|p1b: Farigiraf
|-damage|p1b: Farigiraf|0 fnt
|faint|p1b: Farigiraf
|move|p1a: Incineroar|Flare Blitz|p2b: Weezing
|-damage|p2b: Weezing|15/100
|-damage|p1a: Incineroar|56/100|[from] Recoil
|
|upkeep
|
|t:|1757714247
|switch|p1b: Ursaluna|Ursaluna, L50, F|100/100 brn
|turn|7
|
|t:|1757714263
|move|p2a: Annihilape|Protect|p2a: Annihilape
|-singleturn|p2a: Annihilape|Protect
|move|p1b: Ursaluna|Protect|p1b: Ursaluna
|-singleturn|p1b: Ursaluna|Protect
|move|p2b: Weezing|Dazzling Gleam|p1a: Incineroar|[spread] p1a
|-activate|p1b: Ursaluna|move: Protect
|-damage|p1a: Incineroar|39/100
|move|p1a: Incineroar|Flare Blitz|p2b: Weezing
|-damage|p2b: Weezing|0 fnt
|faint|p2b: Weezing
|-end|p2b: Weezing|ability: Neutralizing Gas
|-ability|p1a: Incineroar|Intimidate|boost
|-unboost|p2a: Annihilape|atk|1
|-ability|p2a: Annihilape|Defiant|boost
|-boost|p2a: Annihilape|atk|2
|-damage|p1a: Incineroar|35/100|[from] Recoil
|
|-damage|p1b: Ursaluna|95/100 brn|[from] brn
|upkeep
|turn|8
|
|t:|1757714286
|-terastallize|p1b: Ursaluna|Ghost
|move|p2a: Annihilape|Rage Fist|p1b: Ursaluna
|-supereffective|p1b: Ursaluna
|-damage|p1b: Ursaluna|23/100 brn
|move|p1a: Incineroar|Knock Off|p2a: Annihilape
|-damage|p2a: Annihilape|18/100
|-enditem|p2a: Annihilape|Leftovers|[from] move: Knock Off|[of] p1a: Incineroar
|move|p1b: Ursaluna|Headlong Rush|p2a: Annihilape
|-supereffective|p2a: Annihilape
|-damage|p2a: Annihilape|0 fnt
|-unboost|p1b: Ursaluna|def|1
|-unboost|p1b: Ursaluna|spd|1
|faint|p2a: Annihilape
|
|win|sernim
|inactive|sernim has 30 seconds to confirm battle start!
|inactive|TheGeckoLord has 30 seconds to confirm battle start!
||TheGeckoLord is ready for game 3.
|inactive|sernim has 20 seconds to confirm battle start!
|inactive|sernim has 10 seconds to confirm battle start!
|uhtml|next|Next: Game 3 of 3
