|j|☆papucaru
|j|☆alkdfe
|html|papucarualkdfe    
|uhtml|bestof|Game 2 of a best-of-3
|t:|1784421891
|gametype|doubles
|player|p1|papucaru|169|1114
|player|p2|alkdfe|elesa|1155
|gen|9
|tier|[Gen 9 Champions] VGC 2026 Reg M-B (Bo3)
|rated|
|rule|Species Clause: Limit one of each Pokémon
|rule|Item Clause: Limit 1 of each item
|clearpoke
|poke|p1|Staraptor, L50, F|
|poke|p1|Vileplume, L50, F|
|poke|p1|Feraligatr, L50, M|
|poke|p1|Sceptile, L50, M|
|poke|p1|Gholdengo, L50|
|poke|p1|Houndoom, L50, F|
|poke|p2|Gengar, L50, M|
|poke|p2|Swampert, L50, M|
|poke|p2|Incineroar, L50, M|
|poke|p2|Politoed, L50, F|
|poke|p2|Archaludon, L50, F|
|poke|p2|Vivillon, L50, M|
|teampreview|4
|showteam|p1|Staraptor||Staraptite|Intimidate|BraveBird,CloseCombat,Protect,Roost|Jolly||F|||50|]Vileplume||BigRoot|EffectSpore|SludgeBomb,GigaDrain,StrengthSap,LeechSeed|Relaxed||F|||50|]Feraligatr||LifeOrb|SheerForce|Liquidation,RockSlide,AquaJet,IcePunch|Adamant||M|||50|]Sceptile||WhiteHerb|Unburden|LeafStorm,RockTomb,QuickGuard,EarthPower|Timid||M|||50|]Gholdengo||SitrusBerry|GoodasGold|MakeItRain,NastyPlot,Protect,ShadowBall|Modest|||||50|]Houndoom||FocusSash|FlashFire|SuckerPunch,HeatWave,Protect,Snarl|Hasty||F|||50|
|showteam|p2|Gengar||Gengarite|CursedBody|ShadowBall,PerishSong,SludgeBomb,Protect|Timid||M|||50|]Swampert||Swampertite|Torrent|WaveCrash,Earthquake,IcePunch,Protect|Adamant||M|||50|]Incineroar||PasshoBerry|Intimidate|ThroatChop,PartingShot,FakeOut,Protect|Sassy||M|||50|]Politoed||SitrusBerry|Drizzle|WeatherBall,PerishSong,Encore,Protect|Calm||F|||50|]Archaludon||Leftovers|Stamina|DragonPulse,FlashCannon,ElectroShot,Protect|Bold||F|||50|]Vivillon||FocusSash|CompoundEyes|Hurricane,SleepPowder,RagePowder,Protect|Timid||M|||50|
|inactive|Battle timer is ON: inactive players will automatically lose when time's up. (requested by alkdfe)
|
|t:|1784421930
|teamsize|p1|4
|teamsize|p2|4
|start
|switch|p1a: Staraptor|Staraptor, L50, F|100/100
|switch|p1b: Sceptile|Sceptile, L50, M|100/100
|switch|p2a: Incineroar|Incineroar, L50, M|100/100
|switch|p2b: Gengar|Gengar, L50, M|100/100
|-ability|p1a: Staraptor|Intimidate|boost
|-unboost|p2a: Incineroar|atk|1
|-unboost|p2b: Gengar|atk|1
|-ability|p2a: Incineroar|Intimidate|boost
|-unboost|p1a: Staraptor|atk|1
|-unboost|p1b: Sceptile|atk|1
|-enditem|p1b: Sceptile|White Herb
|-clearnegativeboost|p1b: Sceptile|[silent]
|turn|1
|inactive|papucaru has 30 seconds left.
|inactive|alkdfe has 30 seconds left.
|
|t:|1784421965
|switch|p1b: Gholdengo|Gholdengo, L50|100/100
|detailschange|p1a: Staraptor|Staraptor-Mega, L50, F
|-mega|p1a: Staraptor|Staraptor|Staraptite
|detailschange|p2b: Gengar|Gengar-Mega, L50, M
|-mega|p2b: Gengar|Gengar|Gengarite
|move|p2a: Incineroar|Fake Out|p1a: Staraptor
|-damage|p1a: Staraptor|93/100
|move|p2b: Gengar|Shadow Ball|p1b: Gholdengo
|-supereffective|p1b: Gholdengo|1
|-damage|p1b: Gholdengo|15/100
|-enditem|p1b: Gholdengo|Sitrus Berry|[eat]
|-heal|p1b: Gholdengo|39/100|[from] item: Sitrus Berry
|cant|p1a: Staraptor|flinch
|
|upkeep
|turn|2
|inactive|alkdfe has 30 seconds left.
|inactive|alkdfe has 20 seconds left.
|inactive|alkdfe has 15 seconds left.
|
|t:|1784422007
|move|p1b: Gholdengo|Protect|p1b: Gholdengo
|-singleturn|p1b: Gholdengo|Protect
|move|p2b: Gengar|Sludge Bomb|p1b: Gholdengo
|-activate|p1b: Gholdengo|move: Protect
|move|p1a: Staraptor|Close Combat|p2a: Incineroar
|-supereffective|p2a: Incineroar|1
|-damage|p2a: Incineroar|28/100
|-boost|p1a: Staraptor|def|1
|-boost|p1a: Staraptor|spd|1
|move|p2a: Incineroar|Throat Chop|p1b: Gholdengo
|-activate|p1b: Gholdengo|move: Protect
|
|upkeep
|turn|3
|inactive|papucaru has 30 seconds left.
|
|t:|1784422041
|move|p2a: Incineroar|Protect|p2a: Incineroar
|-singleturn|p2a: Incineroar|Protect
|move|p2b: Gengar|Shadow Ball|p1b: Gholdengo
|-supereffective|p1b: Gholdengo|1
|-damage|p1b: Gholdengo|0 fnt
|faint|p1b: Gholdengo
|move|p1a: Staraptor|Close Combat|p2a: Incineroar
|-activate|p2a: Incineroar|move: Protect
|
|upkeep
|
|t:|1784422046
|switch|p1b: Sceptile|Sceptile, L50, M|100/100
|turn|4
|inactive|papucaru has 30 seconds left.
|inactive|alkdfe has 30 seconds left.
|inactive|papucaru has 20 seconds left.
|
|t:|1784422086
|switch|p2a: Politoed|Politoed, L50, F|100/100
|-weather|RainDance|[from] ability: Drizzle|[of] p2a: Politoed
|move|p1b: Sceptile|Earth Power|p2b: Gengar
|-supereffective|p2b: Gengar|1
|-damage|p2b: Gengar|51/100
|move|p2b: Gengar|Sludge Bomb|p1b: Sceptile
|-supereffective|p1b: Sceptile|1
|-damage|p1b: Sceptile|0 fnt
|faint|p1b: Sceptile
|move|p1a: Staraptor|Close Combat|p2a: Politoed
|-damage|p2a: Politoed|63/100
|-boost|p1a: Staraptor|def|1
|-boost|p1a: Staraptor|spd|1
|
|-weather|RainDance|[upkeep]
|upkeep
|
|t:|1784422101
|switch|p1b: Feraligatr|Feraligatr, L50, M|100/100
|turn|5
|
|t:|1784422111
|move|p2b: Gengar|Perish Song|p2b: Gengar
|-start|p1a: Staraptor|perish3|[silent]
|-start|p1b: Feraligatr|perish3|[silent]
|-start|p2a: Politoed|perish3|[silent]
|-start|p2b: Gengar|perish3|[silent]
|-fieldactivate|move: Perish Song
|move|p1a: Staraptor|Close Combat|p2a: Politoed
|-damage|p2a: Politoed|26/100
|-boost|p1a: Staraptor|def|1
|-boost|p1a: Staraptor|spd|1
|-enditem|p2a: Politoed|Sitrus Berry|[eat]
|-heal|p2a: Politoed|51/100|[from] item: Sitrus Berry
|move|p1b: Feraligatr|Liquidation|p2b: Gengar
|-damage|p2b: Gengar|0 fnt
|faint|p2b: Gengar
|move|p2a: Politoed|Encore|p1a: Staraptor
|-start|p1a: Staraptor|Encore
|
|-weather|RainDance|[upkeep]
|-start|p1a: Staraptor|perish3
|-start|p1b: Feraligatr|perish3
|-start|p2a: Politoed|perish3
|upkeep
|
|t:|1784422129
|switch|p2b: Incineroar|Incineroar, L50, M|28/100
|-ability|p2b: Incineroar|Intimidate|boost
|-boost|p1a: Staraptor|atk|1
|-unboost|p1b: Feraligatr|atk|1
|turn|6
|
|t:|1784422151
|move|p2a: Politoed|Protect|p2a: Politoed
|-singleturn|p2a: Politoed|Protect
|move|p2b: Incineroar|Fake Out|p1b: Feraligatr
|-damage|p1b: Feraligatr|90/100
|move|p1a: Staraptor|Close Combat|p2b: Incineroar
|-supereffective|p2b: Incineroar|1
|-damage|p2b: Incineroar|0 fnt
|-boost|p1a: Staraptor|def|1
|-boost|p1a: Staraptor|spd|1
|faint|p2b: Incineroar
|cant|p1b: Feraligatr|flinch
|
|-weather|RainDance|[upkeep]
|-start|p1a: Staraptor|perish2
|-start|p1b: Feraligatr|perish2
|-start|p2a: Politoed|perish2
|upkeep
|
|t:|1784422166
|switch|p2b: Archaludon|Archaludon, L50, F|100/100
|turn|7
|inactive|papucaru has 30 seconds left.
|inactive|papucaru has 20 seconds left.
|inactive|papucaru has 15 seconds left.
|
|t:|1784422209
|move|p1a: Staraptor|Close Combat|p2b: Archaludon
|-supereffective|p2b: Archaludon|1
|-damage|p2b: Archaludon|17/100
|-boost|p1a: Staraptor|def|1
|-boost|p1a: Staraptor|spd|1
|-ability|p2b: Archaludon|Stamina|boost
|-boost|p2b: Archaludon|def|1
|move|p2b: Archaludon|Electro Shot||[still]
|-prepare|p2b: Archaludon|Electro Shot
|-boost|p2b: Archaludon|spa|1
|-anim|p2b: Archaludon|Electro Shot|p1b: Feraligatr
|-supereffective|p1b: Feraligatr|1
|-damage|p1b: Feraligatr|0 fnt
|faint|p1b: Feraligatr
|move|p2a: Politoed|Weather Ball|p1a: Staraptor
|-damage|p1a: Staraptor|77/100
|
|-weather|RainDance|[upkeep]
|-heal|p2b: Archaludon|23/100|[from] item: Leftovers
|-start|p1a: Staraptor|perish1
|-start|p2a: Politoed|perish1
|upkeep
|turn|8
|
|t:|1784422228
|move|p2b: Archaludon|Protect|p2b: Archaludon
|-singleturn|p2b: Archaludon|Protect
|move|p2a: Politoed|Protect|p2a: Politoed
|-singleturn|p2a: Politoed|Protect
|move|p1a: Staraptor|Close Combat|p2b: Archaludon
|-activate|p2b: Archaludon|move: Protect
|
|-weather|none
|-heal|p2b: Archaludon|29/100|[from] item: Leftovers
|-end|p1a: Staraptor|Encore
|-start|p1a: Staraptor|perish0
|-start|p2a: Politoed|perish0
|faint|p1a: Staraptor
|faint|p2a: Politoed
|
|win|alkdfe
||papucaru is ready for game 3.
||alkdfe is ready for game 3.
|uhtml|next|Next: Game 3 of 3
|l|☆papucaru
|player|p1|
