|j|☆Dragonaris
|j|☆Liminal Rain
|html|DragonarisLiminal Rain    
|uhtml|bestof|Game 1 of a best-of-3
|t:|1783166039
|gametype|doubles
|player|p1|Dragonaris|265|1188
|player|p2|Liminal Rain|cynthia-gen4|1172
|gen|9
|tier|[Gen 9 Champions] VGC 2026 Reg M-B (Bo3)
|rated|
|rule|Species Clause: Limit one of each Pokémon
|rule|Item Clause: Limit 1 of each item
|clearpoke
|poke|p1|Gengar, L50, F|
|poke|p1|Garchomp, L50, F|
|poke|p1|Charizard, L50, F|
|poke|p1|Archaludon, L50, M|
|poke|p1|Pelipper, L50, F|
|poke|p1|Whimsicott, L50, F|
|poke|p2|Delphox, L50, F|
|poke|p2|Maushold, L50|
|poke|p2|Sylveon, L50, F|
|poke|p2|Scizor, L50, M|
|poke|p2|Basculegion, L50, M|
|poke|p2|Mamoswine, L50, F|
|teampreview|4
|showteam|p1|Gengar||Gengarite|CursedBody|FocusBlast,SludgeWave,ShadowBall,Thunder|Modest||F|||50|]Garchomp||SitrusBerry|SandVeil|DragonClaw,Earthquake,RockSlide,IronHead|Jolly||F|||50|]Charizard||CharizarditeY|Blaze|HeatWave,SolarBeam,DragonPulse,Hurricane|Modest||F|||50|]Archaludon||Leftovers|Stamina|DracoMeteor,ElectroShot,FlashCannon,Protect|Bold||M|||50|]Pelipper||FocusSash|Drizzle|WeatherBall,Roost,Hurricane,Tailwind|Bold||F|||50|]Whimsicott||LumBerry|Prankster|Tailwind,Encore,DazzlingGleam,GigaDrain|Bold||F|||50|
|showteam|p2|Delphox||Delphoxite|Blaze|NastyPlot,HeatWave,Psychic,Protect|Timid||F|||50|]Maushold||FocusSash|FriendGuard|SuperFang,HelpingHand,FollowMe,Taunt|Timid|||||50|]Sylveon||FairyFeather|Pixilate|HyperVoice,HyperBeam,QuickAttack,Detect|Quiet||F|||50|]Scizor||Scizorite|Technician|SwordsDance,Trailblaze,BulletPunch,BugBite|Adamant||M|||50|]Basculegion||ChoiceScarf|Adaptability|FlipTurn,WaveCrash,LastRespects,AquaJet|Jolly||M|||50|]Mamoswine||LifeOrb|Oblivious|IceShard,IcicleCrash,HighHorsepower,Protect|Jolly||F|||50|
|inactive|Battle timer is ON: inactive players will automatically lose when time's up. (requested by Liminal Rain)
|
|t:|1783166081
|teamsize|p1|4
|teamsize|p2|4
|start
|switch|p1a: Whimsicott|Whimsicott, L50, F|100/100
|switch|p1b: Gengar|Gengar, L50, F|100/100
|switch|p2a: Mamoswine|Mamoswine, L50, F|100/100
|switch|p2b: Sylveon|Sylveon, L50, F|100/100
|turn|1
|inactive|Dragonaris has 30 seconds left.
|inactive|Liminal Rain has 30 seconds left.
|
|t:|1783166116
|detailschange|p1b: Gengar|Gengar-Mega, L50, F
|-mega|p1b: Gengar|Gengar|Gengarite
|move|p2a: Mamoswine|Ice Shard|p1a: Whimsicott
|-supereffective|p1a: Whimsicott|1
|-damage|p1a: Whimsicott|51/100
|-damage|p2a: Mamoswine|90/100|[from] item: Life Orb
|move|p1a: Whimsicott|Tailwind|p1a: Whimsicott
|-sidestart|p1: Dragonaris|move: Tailwind
|move|p2b: Sylveon|Quick Attack|p1a: Whimsicott
|-damage|p1a: Whimsicott|37/100
|move|p1b: Gengar|Focus Blast|p2a: Mamoswine
|-supereffective|p2a: Mamoswine|1
|-damage|p2a: Mamoswine|0 fnt
|faint|p2a: Mamoswine
|
|upkeep
|
|t:|1783166124
|switch|p2a: Scizor|Scizor, L50, M|100/100
|turn|2
|
|t:|1783166144
|switch|p1a: Archaludon|Archaludon, L50, M|100/100
|detailschange|p2a: Scizor|Scizor-Mega, L50, M
|-mega|p2a: Scizor|Scizor|Scizorite
|move|p2b: Sylveon|Detect|p2b: Sylveon
|-singleturn|p2b: Sylveon|Protect
|move|p2a: Scizor|Bullet Punch|p1a: Archaludon
|-resisted|p1a: Archaludon|1
|-damage|p1a: Archaludon|89/100
|-ability|p1a: Archaludon|Stamina|boost
|-boost|p1a: Archaludon|def|1
|move|p1b: Gengar|Sludge Wave|p2a: Scizor|[spread] 
|-activate|p2b: Sylveon|move: Protect
|-immune|p1a: Archaludon
|-immune|p2a: Scizor
|
|-heal|p1a: Archaludon|95/100|[from] item: Leftovers
|upkeep
|turn|3
|inactive|Dragonaris has 30 seconds left.
|
|t:|1783166173
|move|p2a: Scizor|Bullet Punch|p1b: Gengar
|-damage|p1b: Gengar|40/100
|move|p1b: Gengar|Sludge Wave|p2b: Sylveon|[spread] p2b
|-immune|p1a: Archaludon
|-immune|p2a: Scizor
|-supereffective|p2b: Sylveon|1
|-damage|p2b: Sylveon|33/100
|move|p1a: Archaludon|Flash Cannon|p2b: Sylveon
|-supereffective|p2b: Sylveon|1
|-damage|p2b: Sylveon|0 fnt
|faint|p2b: Sylveon
|
|-heal|p1a: Archaludon|100/100|[from] item: Leftovers
|upkeep
|
|t:|1783166183
|switch|p2b: Basculegion|Basculegion, L50, M|100/100
|turn|4
|
|t:|1783166200
|switch|p1b: Pelipper|Pelipper, L50, F|100/100
|-weather|RainDance|[from] ability: Drizzle|[of] p1b: Pelipper
|move|p2a: Scizor|Bullet Punch|p1b: Pelipper
|-resisted|p1b: Pelipper|1
|-damage|p1b: Pelipper|85/100
|move|p2b: Basculegion|Last Respects|p1a: Archaludon
|-damage|p1a: Archaludon|62/100
|-ability|p1a: Archaludon|Stamina|boost
|-boost|p1a: Archaludon|def|1
|move|p1a: Archaludon|Electro Shot||[still]
|-prepare|p1a: Archaludon|Electro Shot
|-boost|p1a: Archaludon|spa|1
|-anim|p1a: Archaludon|Electro Shot|p2b: Basculegion
|-supereffective|p2b: Basculegion|1
|-damage|p2b: Basculegion|0 fnt
|faint|p2b: Basculegion
|
|-weather|RainDance|[upkeep]
|-heal|p1a: Archaludon|68/100|[from] item: Leftovers
|-sideend|p1: Dragonaris|move: Tailwind
|upkeep
|turn|5
|-message|Liminal Rain forfeited.
|
|win|Dragonaris
|l|☆Liminal Rain
|player|p2|
||Liminal Rain is ready for game 2.
|inactive|Dragonaris has 30 seconds to confirm battle start!
||Dragonaris is ready for game 2.
|uhtml|next|Next: Game 2 of 3
|j|☆Liminal Rain
|player|p2|Liminal Rain|cynthia-gen4|
|l|☆Dragonaris
|player|p1|
