|j|☆kirkin07
|j|☆Raijin and Tonic
|html|kirkin07Raijin and Tonic    
|uhtml|bestof|Game 3 of a best-of-3
|t:|1756934717
|gametype|doubles
|player|p1|kirkin07|265|1092
|player|p2|Raijin and Tonic|1|1094
|gen|9
|tier|[Gen 9] VGC 2025 Reg H (Bo3)
|rated|
|rule|Species Clause: Limit one of each Pokémon
|rule|Item Clause: Limit 1 of each item
|clearpoke
|poke|p1|Kingambit, L50, F|
|poke|p1|Dragonite, L50, M|
|poke|p1|Incineroar, L50, M|
|poke|p1|Whimsicott, L50, F|
|poke|p1|Ursaluna-Bloodmoon, L50, M|
|poke|p1|Sneasler, L50, F|
|poke|p2|Torkoal, L50, F|
|poke|p2|Garchomp, L50, F|
|poke|p2|Typhlosion-Hisui, L50, F|
|poke|p2|Grimmsnarl, L50, M|
|poke|p2|Tyranitar, L50, M|
|poke|p2|Serperior, L50, F|
|teampreview|4
|showteam|p1|Kingambit||SafetyGoggles|Defiant|KowtowCleave,SuckerPunch,SwordsDance,Protect|||F|||50|,,,,,Fire]Dragonite||ChoiceBand|InnerFocus|Outrage,StompingTantrum,ExtremeSpeed,TeraBlast|||M|||50|,,,,,Flying]Incineroar||Leftovers|Intimidate|FlareBlitz,WillOWisp,PartingShot,FakeOut|||M|||50|,,,,,Ghost]Whimsicott||CovertCloak|Prankster|Encore,Protect,Tailwind,Moonblast|||F|||50|,,,,,Water]Ursaluna-Bloodmoon||LifeOrb|MindsEye|Protect,EarthPower,BloodMoon,HyperVoice|||M|||50|,,,,,Normal]Sneasler||FocusSash|PoisonTouch|FakeOut,CloseCombat,DireClaw,Protect|||F|||50|,,,,,Grass
|showteam|p2|Torkoal||EjectPack|Drought|Protect,BurningJealousy,HelpingHand,Overheat|||F|||50|,,,,,Fire]Garchomp||BrightPowder|SandVeil|Protect,StompingTantrum,RockSlide,SwordsDance|||F|||50|,,,,,Grass]Typhlosion-Hisui||ChoiceScarf|Blaze|Eruption,InfernalParade,Overheat,ShadowBall|||F|||50|,,,,,Fire]Grimmsnarl||LightClay|Prankster|SpiritBreak,Reflect,LightScreen,PartingShot|||M|||50|,,,,,Ghost]Tyranitar||AssaultVest|SandStream|RockSlide,KnockOff,LowKick,TeraBlast|||M|||50|,,,,,Flying]Serperior||CovertCloak|Contrary|Protect,LeafStorm,Glare,Taunt|||F|||50|,,,,,Fire
|inactive|Battle timer is ON: inactive players will automatically lose when time's up. (requested by Raijin and Tonic)
|
|t:|1756934747
|teamsize|p1|4
|teamsize|p2|4
|start
|switch|p1a: Dragonite|Dragonite, L50, M|100/100
|switch|p1b: Whimsicott|Whimsicott, L50, F|100/100
|switch|p2a: Grimmsnarl|Grimmsnarl, L50, M|100/100
|switch|p2b: Typhlosion|Typhlosion-Hisui, L50, F|100/100
|turn|1
|inactive|kirkin07 has 30 seconds left.
|
|t:|1756934782
|-terastallize|p1b: Whimsicott|Water
|move|p1b: Whimsicott|Tailwind|p1b: Whimsicott
|-sidestart|p1: kirkin07|move: Tailwind
|move|p2a: Grimmsnarl|Reflect|p2a: Grimmsnarl
|-sidestart|p2: Raijin and Tonic|Reflect
|move|p1a: Dragonite|Stomping Tantrum|p2b: Typhlosion
|-supereffective|p2b: Typhlosion
|-damage|p2b: Typhlosion|25/100
|move|p2b: Typhlosion|Eruption|p1a: Dragonite|[spread] p1a,p1b
|-resisted|p1a: Dragonite
|-resisted|p1b: Whimsicott
|-damage|p1a: Dragonite|89/100
|-damage|p1b: Whimsicott|86/100
|
|upkeep
|turn|2
|inactive|Raijin and Tonic has 30 seconds left.
|
|t:|1756934810
|switch|p2b: Serperior|Serperior, L50, F, shiny|100/100
|move|p2a: Grimmsnarl|Light Screen|p2a: Grimmsnarl
|-sidestart|p2: Raijin and Tonic|move: Light Screen
|move|p1b: Whimsicott|Moonblast|p2a: Grimmsnarl
|-supereffective|p2a: Grimmsnarl
|-damage|p2a: Grimmsnarl|67/100
|move|p1a: Dragonite|Stomping Tantrum|p2b: Serperior
|-resisted|p2b: Serperior
|-crit|p2b: Serperior
|-damage|p2b: Serperior|69/100
|
|upkeep
|turn|3
|inactive|kirkin07 has 30 seconds left.
|inactive|Raijin and Tonic has 30 seconds left.
|
|t:|1756934844
|move|p1b: Whimsicott|Moonblast|p2a: Grimmsnarl
|-supereffective|p2a: Grimmsnarl
|-damage|p2a: Grimmsnarl|31/100
|move|p1a: Dragonite|Stomping Tantrum|p2a: Grimmsnarl
|-damage|p2a: Grimmsnarl|2/100
|move|p2b: Serperior|Leaf Storm|p1b: Whimsicott
|-supereffective|p1b: Whimsicott
|-damage|p1b: Whimsicott|0 fnt
|-boost|p2b: Serperior|spa|2
|faint|p1b: Whimsicott
|move|p2a: Grimmsnarl|Spirit Break|p1a: Dragonite
|-supereffective|p1a: Dragonite
|-damage|p1a: Dragonite|27/100
|-unboost|p1a: Dragonite|spa|1
|
|upkeep
|
|t:|1756934858
|switch|p1b: Incineroar|Incineroar, L50, M|100/100
|-ability|p1b: Incineroar|Intimidate|boost
|-unboost|p2a: Grimmsnarl|atk|1
|-boost|p2b: Serperior|atk|1
|turn|4
|inactive|kirkin07 has 30 seconds left.
|
|t:|1756934889
|-terastallize|p2b: Serperior|Fire
|move|p2a: Grimmsnarl|Parting Shot|p1a: Dragonite
|-unboost|p1a: Dragonite|atk|1
|-unboost|p1a: Dragonite|spa|1
|
|t:|1756934898
|switch|p2a: Typhlosion|Typhlosion-Hisui, L50, F|25/100|[from] Parting Shot
|move|p1a: Dragonite|Stomping Tantrum|p2a: Typhlosion
|-supereffective|p2a: Typhlosion
|-damage|p2a: Typhlosion|0 fnt
|faint|p2a: Typhlosion
|move|p2b: Serperior|Glare|p1b: Incineroar
|-status|p1b: Incineroar|par
|move|p1b: Incineroar|Flare Blitz|p2b: Serperior
|-resisted|p2b: Serperior
|-damage|p2b: Serperior|51/100
|-damage|p1b: Incineroar|96/100 par|[from] Recoil
|
|-heal|p1b: Incineroar|100/100 par|[from] item: Leftovers
|-sideend|p1: kirkin07|move: Tailwind
|upkeep
|
|t:|1756934905
|switch|p2a: Tyranitar|Tyranitar, L50, M|100/100
|-weather|Sandstorm|[from] ability: Sand Stream|[of] p2a: Tyranitar
|turn|5
|
|t:|1756934920
|move|p2b: Serperior|Glare|p1a: Dragonite
|-status|p1a: Dragonite|par
|move|p2a: Tyranitar|Rock Slide|p1a: Dragonite|[spread] p1a,p1b
|-supereffective|p1a: Dragonite
|-supereffective|p1b: Incineroar
|-damage|p1a: Dragonite|0 fnt
|-damage|p1b: Incineroar|46/100 par
|faint|p1a: Dragonite
|cant|p1b: Incineroar|flinch
|
|-weather|Sandstorm|[upkeep]
|-damage|p2b: Serperior|45/100|[from] Sandstorm
|-damage|p1b: Incineroar|40/100 par|[from] Sandstorm
|-heal|p1b: Incineroar|46/100 par|[from] item: Leftovers
|upkeep
|
|t:|1756934931
|switch|p1a: Ursaluna|Ursaluna-Bloodmoon, L50, M|100/100
|turn|6
|
|t:|1756934940
|move|p2b: Serperior|Protect|p2b: Serperior
|-singleturn|p2b: Serperior|Protect
|move|p1a: Ursaluna|Protect|p1a: Ursaluna
|-singleturn|p1a: Ursaluna|Protect
|move|p2a: Tyranitar|Low Kick|p1a: Ursaluna
|-activate|p1a: Ursaluna|move: Protect
|move|p1b: Incineroar|Flare Blitz|p2b: Serperior
|-activate|p2b: Serperior|move: Protect
|
|-weather|Sandstorm|[upkeep]
|-damage|p2b: Serperior|39/100|[from] Sandstorm
|-damage|p1b: Incineroar|40/100 par|[from] Sandstorm
|-heal|p1b: Incineroar|46/100 par|[from] item: Leftovers
|upkeep
|turn|7
|
|t:|1756934956
|move|p1a: Ursaluna|Protect||[still]
|-fail|p1a: Ursaluna
|move|p2b: Serperior|Leaf Storm|p1a: Ursaluna|[miss]
|-miss|p2b: Serperior|p1a: Ursaluna
|move|p2a: Tyranitar|Rock Slide|p1b: Incineroar|[spread] p1a,p1b
|-resisted|p1a: Ursaluna
|-supereffective|p1b: Incineroar
|-damage|p1a: Ursaluna|89/100
|-damage|p1b: Incineroar|0 fnt
|faint|p1b: Incineroar
|
|-weather|Sandstorm|[upkeep]
|-damage|p2b: Serperior|33/100|[from] Sandstorm
|upkeep
|turn|8
|
|t:|1756934972
|move|p2b: Serperior|Protect|p2b: Serperior
|-singleturn|p2b: Serperior|Protect
|move|p1a: Ursaluna|Hyper Voice|p2b: Serperior|[spread] p2a
|-activate|p2b: Serperior|move: Protect
|-resisted|p2a: Tyranitar
|-damage|p2a: Tyranitar|94/100
|-damage|p1a: Ursaluna|80/100|[from] item: Life Orb
|move|p2a: Tyranitar|Knock Off|p1a: Ursaluna
|-damage|p1a: Ursaluna|34/100
|-enditem|p1a: Ursaluna|Life Orb|[from] move: Knock Off|[of] p2a: Tyranitar
|
|-weather|Sandstorm|[upkeep]
|-damage|p2b: Serperior|27/100|[from] Sandstorm
|-sideend|p2: Raijin and Tonic|Reflect
|upkeep
|turn|9
|-message|kirkin07 forfeited.
|raw|kirkin07's rating: 1092 → 1068(-24 for losing)
|raw|Raijin and Tonic's rating: 1094 → 1120(+26 for winning)
|
|win|Raijin and Tonic
|l|☆kirkin07
|player|p1|
