|j|☆Giraffes in Gdansk
|j|☆anivgc
|html|Giraffes in Gdanskanivgc    
|uhtml|bestof|Game 1 of a best-of-3
|t:|1756221599
|gametype|doubles
|player|p1|Giraffes in Gdansk|acetrainer-gen4dp|1327
|player|p2|anivgc|dawn|1376
|gen|9
|tier|[Gen 9] VGC 2025 Reg H (Bo3)
|rated|
|rule|Species Clause: Limit one of each Pokémon
|rule|Item Clause: Limit 1 of each item
|clearpoke
|poke|p1|Dragonite, L50, M|
|poke|p1|Amoonguss, L50, M|
|poke|p1|Incineroar, L50, M|
|poke|p1|Ursaluna, L50, F|
|poke|p1|Sneasler, L50, M|
|poke|p1|Farigiraf, L50, F|
|poke|p2|Kingambit, L50, F|
|poke|p2|Basculegion, L50, M|
|poke|p2|Magmar, L50, F|
|poke|p2|Rillaboom, L50, F|
|poke|p2|Sneasler, L50, F|
|poke|p2|Dragonite, L50, M|
|teampreview|4
|showteam|p1|Dragonite||LoadedDice|Multiscale|ScaleShot,Tailwind,Haze,Protect|||M|||50|,,,,,Fairy]Amoonguss||SitrusBerry|Regenerator|Spore,RagePowder,PollenPuff,Protect|||M|||50|,,,,,Psychic]Incineroar||SafetyGoggles|Intimidate|FlareBlitz,KnockOff,FakeOut,PartingShot|||M|||50|,,,,,Ghost]Ursaluna||FlameOrb|Guts|Earthquake,HeadlongRush,Facade,Protect|||F|||50|,,,,,Normal]Sneasler||FocusSash|Unburden|CloseCombat,DireClaw,Coaching,Protect|||M|||50|,,,,,Stellar]Farigiraf||ThroatSpray|ArmorTail|HyperVoice,TwinBeam,TrickRoom,Protect|||F|||50|,,,,,Fire
|showteam|p2|Kingambit||BlackGlasses|Defiant|KowtowCleave,SuckerPunch,SwordsDance,Protect|||F|||50|,,,,,Flying]Basculegion||ChoiceScarf|Adaptability|WaveCrash,LastRespects,FlipTurn,AquaJet|||M|||50|,,,,,Ghost]Magmar||Eviolite|VitalSpirit|Overheat,WillOWisp,FollowMe,Protect|||F|||50|,,,,,Ghost]Rillaboom||AssaultVest|GrassySurge|WoodHammer,GrassyGlide,HighHorsepower,FakeOut|||F|||50|,,,,,Fire]Sneasler||WhiteHerb|Unburden|CloseCombat,DireClaw,Coaching,FakeOut|||F|||50|,,,,,Stellar]Dragonite||LoadedDice|Multiscale|ScaleShot,ExtremeSpeed,Haze,Protect|||M|||50|,,,,,Normal
|c|☆Giraffes in Gdansk|Glhf
|
|t:|1756221652
|teamsize|p1|4
|teamsize|p2|4
|start
|switch|p1a: Jbungo|Dragonite, L50, M, shiny|100/100
|switch|p1b: Shblingus|Sneasler, L50, M, shiny|100/100
|switch|p2a: When One Falls|Kingambit, L50, F|100/100
|switch|p2b: We Continue|Basculegion, L50, M|100/100
|turn|1
|
|t:|1756221696
|move|p2b: We Continue|Flip Turn|p1b: Shblingus
|-crit|p1b: Shblingus
|-damage|p1b: Shblingus|4/100
|
|t:|1756221700
|switch|p2b: Gustave|Magmar, L50, F|100/100|[from] Flip Turn
|move|p1b: Shblingus|Coaching|p1a: Jbungo
|-boost|p1a: Jbungo|atk|1
|-boost|p1a: Jbungo|def|1
|move|p1a: Jbungo|Scale Shot|p2b: Gustave
|-damage|p2b: Gustave|81/100
|-damage|p2b: Gustave|62/100
|-damage|p2b: Gustave|40/100
|-damage|p2b: Gustave|19/100
|-hitcount|p2b: Gustave|4
|-unboost|p1a: Jbungo|def|1
|-boost|p1a: Jbungo|spe|1
|move|p2a: When One Falls|Kowtow Cleave|p1b: Shblingus
|-resisted|p1b: Shblingus
|-damage|p1b: Shblingus|0 fnt
|faint|p1b: Shblingus
|
|upkeep
|
|t:|1756221716
|switch|p1b: Shmungus|Amoonguss, L50, M, shiny|100/100
|turn|2
|
|t:|1756221752
|move|p1a: Jbungo|Scale Shot|p2b: Gustave|[miss]
|-miss|p1a: Jbungo|p2b: Gustave
|move|p2b: Gustave|Overheat|p1b: Shmungus
|-supereffective|p1b: Shmungus
|-damage|p1b: Shmungus|10/100
|-unboost|p2b: Gustave|spa|2
|-enditem|p1b: Shmungus|Sitrus Berry|[eat]
|-heal|p1b: Shmungus|35/100|[from] item: Sitrus Berry
|move|p2a: When One Falls|Kowtow Cleave|p1a: Jbungo
|-damage|p1a: Jbungo|67/100
|move|p1b: Shmungus|Spore|p2a: When One Falls
|-status|p2a: When One Falls|slp|[from] move: Spore
|
|upkeep
|turn|3
|
|t:|1756221768
|move|p1a: Jbungo|Scale Shot|p2b: Gustave
|-damage|p2b: Gustave|0 fnt
|faint|p2b: Gustave
|-hitcount|p2: Gustave|1
|-unboost|p1a: Jbungo|def|1
|-boost|p1a: Jbungo|spe|1
|cant|p2a: When One Falls|slp
|move|p1b: Shmungus|Pollen Puff|p1a: Jbungo
|-heal|p1a: Jbungo|100/100
|
|upkeep
|
|t:|1756221800
|switch|p2b: We Continue|Basculegion, L50, M|100/100
|turn|4
|
|t:|1756221820
|move|p1b: Shmungus|Protect|p1b: Shmungus
|-singleturn|p1b: Shmungus|Protect
|move|p1a: Jbungo|Scale Shot|p2b: We Continue
|-damage|p2b: We Continue|73/100
|-damage|p2b: We Continue|44/100
|-damage|p2b: We Continue|17/100
|-damage|p2b: We Continue|0 fnt
|faint|p2b: We Continue
|-hitcount|p2: We Continue|4
|-unboost|p1a: Jbungo|def|1
|-boost|p1a: Jbungo|spe|1
|cant|p2a: When One Falls|slp
|
|upkeep
|
|t:|1756221824
|switch|p2b: Monoco|Rillaboom, L50, F|100/100
|-fieldstart|move: Grassy Terrain|[from] ability: Grassy Surge|[of] p2b: Monoco
|turn|5
|
|t:|1756221836
|switch|p1b: The Incident|Incineroar, L50, M, shiny|100/100
|-ability|p1b: The Incident|Intimidate|boost
|-unboost|p2a: When One Falls|atk|1
|-ability|p2a: When One Falls|Defiant|boost
|-boost|p2a: When One Falls|atk|2
|-unboost|p2b: Monoco|atk|1
|move|p1a: Jbungo|Protect|p1a: Jbungo
|-singleturn|p1a: Jbungo|Protect
|move|p2b: Monoco|Fake Out|p1a: Jbungo
|-activate|p1a: Jbungo|move: Protect
|cant|p2a: When One Falls|slp
|
|upkeep
|turn|6
|
|t:|1756221850
|move|p1b: The Incident|Fake Out|p2a: When One Falls
|-resisted|p2a: When One Falls
|-damage|p2a: When One Falls|96/100 slp
|move|p2b: Monoco|Grassy Glide|p1a: Jbungo
|-resisted|p1a: Jbungo
|-damage|p1a: Jbungo|93/100
|-curestatus|p2a: When One Falls|slp|[msg]
|cant|p2a: When One Falls|flinch
|move|p1a: Jbungo|Tailwind|p1a: Jbungo
|-sidestart|p1: Giraffes in Gdansk|move: Tailwind
|
|-heal|p2a: When One Falls|100/100|[from] Grassy Terrain
|upkeep
|turn|7
|
|t:|1756221870
|move|p2a: When One Falls|Sucker Punch||[still]
|-fail|p2a: When One Falls
|move|p1a: Jbungo|Haze|p1a: Jbungo
|-clearallboost
|move|p1b: The Incident|Flare Blitz|p2a: When One Falls
|-supereffective|p2a: When One Falls
|-damage|p2a: When One Falls|15/100
|-damage|p1b: The Incident|72/100|[from] Recoil
|move|p2b: Monoco|High Horsepower|p1b: The Incident
|-supereffective|p1b: The Incident
|-damage|p1b: The Incident|3/100
|
|-heal|p1b: The Incident|9/100|[from] Grassy Terrain
|-heal|p2a: When One Falls|20/100|[from] Grassy Terrain
|upkeep
|turn|8
|
|t:|1756221884
|switch|p1b: Shmungus|Amoonguss, L50, M, shiny|68/100
|move|p1a: Jbungo|Scale Shot|p2a: When One Falls
|-resisted|p2a: When One Falls
|-damage|p2a: When One Falls|15/100
|-resisted|p2a: When One Falls
|-damage|p2a: When One Falls|9/100
|-resisted|p2a: When One Falls
|-damage|p2a: When One Falls|4/100
|-resisted|p2a: When One Falls
|-damage|p2a: When One Falls|0 fnt
|faint|p2a: When One Falls
|-hitcount|p2: When One Falls|4
|-unboost|p1a: Jbungo|def|1
|-boost|p1a: Jbungo|spe|1
|move|p2b: Monoco|High Horsepower|p1b: Shmungus
|-damage|p1b: Shmungus|41/100
|
|-heal|p1b: Shmungus|47/100|[from] Grassy Terrain
|upkeep
|turn|9
|-message|anivgc forfeited.
|
|win|Giraffes in Gdansk
||anivgc is ready for game 2.
