|j|☆kietdepzai123
|j|☆bupbe
|html|kietdepzai123bupbe    
|uhtml|bestof|Game 1 of a best-of-3
|t:|1785327783
|gametype|doubles
|player|p1|kietdepzai123|fisherman|
|player|p2|bupbe|101|
|gen|9
|tier|[Gen 9 Champions] VGC 2026 Reg M-B (Bo3)
|rule|Species Clause: Limit one of each Pokémon
|rule|Item Clause: Limit 1 of each item
|clearpoke
|poke|p1|Charizard, L50, M|
|poke|p1|Venusaur, L50, F|
|poke|p1|Pelipper, L50, F|
|poke|p1|Archaludon, L50, M|
|poke|p1|Basculegion, L50, M|
|poke|p1|Grimmsnarl, L50, M|
|poke|p2|Froslass, L50, F|
|poke|p2|Slowking-Galar, L50, F|
|poke|p2|Mamoswine, L50, M|
|poke|p2|Pyroar, L50, F|
|poke|p2|Sneasler, L50, F|
|poke|p2|Corviknight, L50, M|
|teampreview|4
|showteam|p1|Charizard||CharizarditeY|SolarPower|SolarBeam,HeatWave,WeatherBall,Protect|Timid||M|||50|]Venusaur||WideLens|Chlorophyll|SludgeBomb,Earthquake,SleepPowder,Protect|Hasty||F|||50|]Pelipper||SitrusBerry|Drizzle|Hurricane,WeatherBall,Protect,Tailwind|Bold||F|||50|]Archaludon||Leftovers|Stamina|ElectroShot,DragonPulse,FlashCannon,Protect|Timid||M|||50|]Basculegion||LifeOrb|Adaptability|AquaJet,LastRespects,WaveCrash,FlipTurn|Jolly||M|||50|]Grimmsnarl||LightClay|Prankster|LightScreen,Reflect,PartingShot,SpiritBreak|Careful||M|||50|
|showteam|p2|Froslass||Froslassite|CursedBody|ShadowBall,Blizzard,AuroraVeil,Protect|Timid||F|||50|]Slowking-Galar||MentalHerb|Regenerator|ChillyReception,TrickRoom,Snarl,Yawn|Calm||F|||50|]Mamoswine||LifeOrb|ThickFat|IceShard,Earthquake,IcicleCrash,Protect|Jolly||M|||50|]Pyroar||Pyroarite|Unnerve|HeatWave,HyperVoice,Overheat,Protect|Timid||F|||50|]Sneasler||WhiteHerb|Unburden|FakeOut,CloseCombat,DireClaw,Protect|Jolly||F|||50|]Corviknight||Leftovers|MirrorArmor|HeavySlam,BodyPress,Tailwind,Roost|Impish||M|||50|
|
|t:|1785327811
|teamsize|p1|4
|teamsize|p2|4
|start
|switch|p1a: Charizard|Charizard, L50, M|100/100
|switch|p1b: Pelipper|Pelipper, L50, F|100/100
|switch|p2a: Froslass|Froslass, L50, F|100/100
|switch|p2b: Sneasler|Sneasler, L50, F|100/100
|-weather|RainDance|[from] ability: Drizzle|[of] p1b: Pelipper
|turn|1
|
|t:|1785327837
|detailschange|p1a: Charizard|Charizard-Mega-Y, L50, M
|-mega|p1a: Charizard|Charizard|Charizardite Y
|-weather|SunnyDay|[from] ability: Drought|[of] p1a: Charizard
|move|p2a: Froslass|Protect|p2a: Froslass
|-singleturn|p2a: Froslass|Protect
|move|p2b: Sneasler|Fake Out|p1b: Pelipper
|-damage|p1b: Pelipper|88/100
|move|p1a: Charizard|Heat Wave|p2a: Froslass|[spread] 
|-activate|p2a: Froslass|move: Protect
|-miss|p1a: Charizard|p2b: Sneasler
|cant|p1b: Pelipper|flinch
|
|-weather|SunnyDay|[upkeep]
|upkeep
|turn|2
|
|t:|1785327862
|detailschange|p2a: Froslass|Froslass-Mega, L50, F
|-mega|p2a: Froslass|Froslass|Froslassite
|-weather|Snowscape|[from] ability: Snow Warning|[of] p2a: Froslass
|move|p2a: Froslass|Aurora Veil|p2a: Froslass
|-sidestart|p2: bupbe|move: Aurora Veil
|move|p2b: Sneasler|Dire Claw|p1a: Charizard
|-damage|p1a: Charizard|35/100
|move|p1a: Charizard|Heat Wave|p2a: Froslass|[spread] p2a,p2b
|-supereffective|p2a: Froslass|1
|-damage|p2a: Froslass|23/100
|-damage|p2b: Sneasler|60/100
|move|p1b: Pelipper|Hurricane|p2b: Sneasler
|-supereffective|p2b: Sneasler|1
|-damage|p2b: Sneasler|0 fnt
|faint|p2b: Sneasler
|
|-weather|Snowscape|[upkeep]
|upkeep
|
|t:|1785327923
|switch|p2b: Mamoswine|Mamoswine, L50, M|100/100
|turn|3
|
|t:|1785327934
|move|p2b: Mamoswine|Ice Shard|p1a: Charizard
|-damage|p1a: Charizard|0 fnt
|faint|p1a: Charizard
|-damage|p2b: Mamoswine|90/100|[from] item: Life Orb
|move|p2a: Froslass|Shadow Ball|p1b: Pelipper
|-damage|p1b: Pelipper|19/100
|-enditem|p1b: Pelipper|Sitrus Berry|[eat]
|-heal|p1b: Pelipper|44/100|[from] item: Sitrus Berry
|move|p1b: Pelipper|Hurricane|p2b: Mamoswine
|-damage|p2b: Mamoswine|55/100
|-start|p2b: Mamoswine|confusion
|
|-weather|Snowscape|[upkeep]
|upkeep
|
|t:|1785327948
|switch|p1a: Archaludon|Archaludon, L50, M|100/100
|turn|4
|
|t:|1785327983
|move|p2a: Froslass|Shadow Ball|p1b: Pelipper
|-damage|p1b: Pelipper|0 fnt
|faint|p1b: Pelipper
|move|p1a: Archaludon|Flash Cannon|p2b: Mamoswine
|-supereffective|p2b: Mamoswine|1
|-damage|p2b: Mamoswine|0 fnt
|faint|p2b: Mamoswine
|
|-weather|Snowscape|[upkeep]
|upkeep
|
|t:|1785327994
|switch|p2b: Corviknight|Corviknight, L50, M|100/100
|switch|p1b: Venusaur|Venusaur, L50, F|100/100
|turn|5
|
|t:|1785328005
|move|p1b: Venusaur|Protect|p1b: Venusaur
|-singleturn|p1b: Venusaur|Protect
|move|p2a: Froslass|Blizzard|p1b: Venusaur|[spread] p1a
|-activate|p1b: Venusaur|move: Protect
|-crit|p1a: Archaludon
|-damage|p1a: Archaludon|0 fnt
|faint|p1a: Archaludon
|move|p2b: Corviknight|Body Press|p1b: Venusaur
|-activate|p1b: Venusaur|move: Protect
|
|-weather|Snowscape|[upkeep]
|upkeep
|turn|6
|
|t:|1785328024
|move|p2a: Froslass|Blizzard|p1b: Venusaur
|-supereffective|p1b: Venusaur|1
|-damage|p1b: Venusaur|0 fnt
|faint|p1b: Venusaur
|
|win|bupbe
