|j|☆applejuice1738
|j|☆MasterSkillsalt
|html|applejuice1738MasterSkillsalt    
|uhtml|bestof|Game 1 of a best-of-3
|t:|1785605100
|gametype|doubles
|player|p1|applejuice1738|2|
|player|p2|MasterSkillsalt|101|
|gen|9
|tier|[Gen 9 Champions] VGC 2026 Reg M-B (Bo3)
|rule|Species Clause: Limit one of each Pokémon
|rule|Item Clause: Limit 1 of each item
|clearpoke
|poke|p1|Annihilape, L50, M, shiny|
|poke|p1|Gardevoir, L50, F|
|poke|p1|Mawile, L50, F|
|poke|p1|Rotom-Heat, L50|
|poke|p1|Crabominable, L50, M|
|poke|p1|Spiritomb, L50, M|
|poke|p2|Zoroark-Hisui, L50, F|
|poke|p2|Archaludon, L50, M|
|poke|p2|Politoed, L50, M|
|poke|p2|Starmie, L50|
|poke|p2|Liepard, L50, F|
|poke|p2|Mr. Rime, L50, M|
|teampreview|4
|showteam|p1|Annihilape||FocusSash|VitalSpirit|RageFist,BrickBreak,Protect,ThroatChop|Jolly||M|||50|]Gardevoir||MentalHerb|Synchronize|TrickRoom,DrainingKiss,LightScreen,Protect|Sassy||F|||50|]Mawile||Mawilite|HyperCutter|SuckerPunch,PlayRough,IronHead,Protect|Adamant||F|||50|]Rotom-Heat||ExpertBelt|Levitate|VoltSwitch,Overheat,Thunderbolt,Protect|Timid|||||50|]Crabominable||LifeOrb|IronFist|IcePunch,DynamicPunch,FocusPunch,Protect|Adamant||M|||50|]Spiritomb|||Pressure|TrickRoom,WillOWisp,DestinyBond,Snarl|Sassy||M|||50|
|showteam|p2|Zoroark-Hisui||ExpertBelt|Illusion|NastyPlot,BitterMalice,Flamethrower,HyperVoice|Modest||F|||50|]Archaludon||Leftovers|Stamina|Protect,ElectroShot,FlashCannon,DragonPulse|Modest||M|||50|]Politoed||SitrusBerry|Drizzle|IcyWind,WeatherBall,ChillingWater,HelpingHand|Calm||M|||50|]Starmie||Starminite|Illuminate|Protect,FlipTurn,ZenHeadbutt,Liquidation|Adamant|||||50|]Liepard||FocusSash|Prankster|FakeOut,FakeTears,Charm,Encore|Timid||F|||50|]Mr. Rime||BrightPowder|ScreenCleaner|Psychic,BatonPass,CalmMind,Reflect|Calm||M|||50|
|j| PsychedelicDawgII
|j| SlobCat47
|j| PJG4487
|
|t:|1785605209
|teamsize|p1|4
|teamsize|p2|4
|start
|switch|p1a: Crab-Daddy FEAST|Crabominable, L50, M|100/100
|switch|p1b: HOT BOX|Rotom-Heat, L50|100/100
|switch|p2a: Archaludon|Archaludon, L50, M|100/100
|switch|p2b: Politoed|Politoed, L50, M|100/100
|-weather|RainDance|[from] ability: Drizzle|[of] p2b: Politoed
|turn|1
|
|t:|1785605252
|move|p2b: Politoed|Helping Hand|p2a: Archaludon
|-singleturn|p2a: Archaludon|Helping Hand|[of] p2b: Politoed
|move|p2a: Archaludon|Flamethrower|p1a: Crab-Daddy FEAST
|-supereffective|p1a: Crab-Daddy FEAST|1
|-damage|p1a: Crab-Daddy FEAST|25/100
|move|p1b: HOT BOX|Thunderbolt|p2b: Politoed
|-supereffective|p2b: Politoed|1
|-damage|p2b: Politoed|30/100
|-status|p2b: Politoed|par
|-enditem|p2b: Politoed|Sitrus Berry|[eat]
|-heal|p2b: Politoed|55/100 par|[from] item: Sitrus Berry
|move|p1a: Crab-Daddy FEAST|Dynamic Punch|p2a: Archaludon
|-immune|p2a: Archaludon
|
|-weather|RainDance|[upkeep]
|upkeep
|turn|2
|
|t:|1785605281
|switch|p2b: Archaludon|Archaludon, L50, M|100/100
|move|p1a: Crab-Daddy FEAST|Protect|p1a: Crab-Daddy FEAST
|-singleturn|p1a: Crab-Daddy FEAST|Protect
|move|p2a: Archaludon|Flamethrower|p1a: Crab-Daddy FEAST
|-activate|p1a: Crab-Daddy FEAST|move: Protect
|move|p1b: HOT BOX|Volt Switch|p2b: Archaludon
|-resisted|p2b: Archaludon|1
|-damage|p2b: Archaludon|83/100
|-ability|p2b: Archaludon|Stamina|boost
|-boost|p2b: Archaludon|def|1
|
|t:|1785605303
|switch|p1b: mouth game|Mawile, L50, F|100/100|[from] Volt Switch
|
|-weather|RainDance|[upkeep]
|-heal|p2b: Archaludon|89/100|[from] item: Leftovers
|upkeep
|turn|3
|
|t:|1785605341
|detailschange|p1b: mouth game|Mawile-Mega, L50, F
|-mega|p1b: mouth game|Mawile|Mawilite
|move|p2a: Archaludon|Flamethrower|p1a: Crab-Daddy FEAST
|-supereffective|p1a: Crab-Daddy FEAST|1
|-damage|p1a: Crab-Daddy FEAST|0 fnt
|faint|p1a: Crab-Daddy FEAST
|move|p2b: Archaludon|Electro Shot||[still]
|-prepare|p2b: Archaludon|Electro Shot
|-boost|p2b: Archaludon|spa|1
|-anim|p2b: Archaludon|Electro Shot|p1b: mouth game
|-crit|p1b: mouth game
|-damage|p1b: mouth game|0 fnt
|faint|p1b: mouth game
|
|-weather|RainDance|[upkeep]
|-heal|p2b: Archaludon|95/100|[from] item: Leftovers
|upkeep
|
|t:|1785605354
|switch|p1b: HOT BOX|Rotom-Heat, L50|100/100
|switch|p1a: BADDIE ALERT|Gardevoir, L50, F|100/100
|turn|4
|
|t:|1785605369
|switch|p2b: Politoed|Politoed, L50, M|55/100 par
|move|p2a: Archaludon|Bitter Malice|p1a: BADDIE ALERT
|-supereffective|p1a: BADDIE ALERT|1
|-damage|p1a: BADDIE ALERT|38/100
|-unboost|p1a: BADDIE ALERT|atk|1
|move|p1b: HOT BOX|Overheat|p2b: Politoed
|-resisted|p2b: Politoed|1
|-crit|p2b: Politoed
|-damage|p2b: Politoed|41/100 par
|-unboost|p1b: HOT BOX|spa|2
|move|p1a: BADDIE ALERT|Light Screen|p1a: BADDIE ALERT
|-sidestart|p1: applejuice1738|move: Light Screen
|
|-weather|RainDance|[upkeep]
|upkeep
|turn|5
|
|t:|1785605387
|move|p2b: Politoed|Helping Hand|p2a: Archaludon
|-singleturn|p2a: Archaludon|Helping Hand|[of] p2b: Politoed
|move|p2a: Archaludon|Bitter Malice|p1a: BADDIE ALERT
|-supereffective|p1a: BADDIE ALERT|1
|-damage|p1a: BADDIE ALERT|0 fnt
|faint|p1a: BADDIE ALERT
|move|p1b: HOT BOX|Thunderbolt|p2b: Politoed
|-supereffective|p2b: Politoed|1
|-damage|p2b: Politoed|7/100 par
|
|-weather|none
|upkeep
|turn|6
|
|t:|1785605403
|switch|p2b: Archaludon|Archaludon, L50, M|95/100
|move|p2a: Archaludon|Bitter Malice|p1b: HOT BOX
|-damage|p1b: HOT BOX|62/100
|-unboost|p1b: HOT BOX|atk|1
|move|p1b: HOT BOX|Thunderbolt|p2b: Archaludon
|-resisted|p2b: Archaludon|1
|-damage|p2b: Archaludon|83/100
|-ability|p2b: Archaludon|Stamina|boost
|-boost|p2b: Archaludon|def|1
|
|-heal|p2b: Archaludon|89/100|[from] item: Leftovers
|upkeep
|turn|7
|
|t:|1785605423
|move|p2a: Archaludon|Bitter Malice|p1b: HOT BOX
|-damage|p1b: HOT BOX|25/100
|-unboost|p1b: HOT BOX|atk|1
|move|p1b: HOT BOX|Overheat|p2a: Archaludon
|-damage|p2a: Archaludon|44/100
|-unboost|p1b: HOT BOX|spa|2
|replace|p2a: Zoroark|Zoroark-Hisui, L50, F
|-end|p2a: Zoroark|Illusion
|move|p2b: Archaludon|Dragon Pulse|p1b: HOT BOX
|-damage|p1b: HOT BOX|0 fnt
|faint|p1b: HOT BOX
|
|win|MasterSkillsalt
|inactive|applejuice1738 has 30 seconds to confirm battle start!
|inactive|MasterSkillsalt has 30 seconds to confirm battle start!
|inactive|applejuice1738 has 20 seconds to confirm battle start!
|inactive|MasterSkillsalt has 20 seconds to confirm battle start!
|l|☆applejuice1738
|player|p1|
||MasterSkillsalt is ready for game 2.
||applejuice1738 is ready for game 2.
|uhtml|next|Next: Game 2 of 3
|j| aggroat23
|l| aggroat23
|l| PsychedelicDawgII
|l| SlobCat47
