|j|☆shiroblast
|j|☆SoundsHurt
|html|shiroblastSoundsHurt    
|uhtml|bestof|Game 1 of a best-of-3
|t:|1785607424
|gametype|doubles
|player|p1|shiroblast|benga|1172
|player|p2|SoundsHurt|harlequin|1077
|gen|9
|tier|[Gen 9 Champions] VGC 2026 Reg M-B (Bo3)
|rated|
|rule|Species Clause: Limit one of each Pokémon
|rule|Item Clause: Limit 1 of each item
|clearpoke
|poke|p1|Staraptor, L50, M|
|poke|p1|Garchomp, L50, M|
|poke|p1|Whimsicott, L50, M|
|poke|p1|Delphox, L50, M|
|poke|p1|Glimmora, L50, M|
|poke|p1|Kingambit, L50, M|
|poke|p2|Eelektross, L50, F|
|poke|p2|Garchomp, L50, F|
|poke|p2|Manectric, L50, M|
|poke|p2|Staraptor, L50, F|
|poke|p2|Kangaskhan, L50, F|
|poke|p2|Talonflame, L50, F|
|teampreview|4
|showteam|p1|Staraptor||Staraptite|Intimidate|Protect,Roost,CloseCombat,BraveBird|Jolly||M|||50|]Garchomp||LifeOrb|RoughSkin|Protect,RockSlide,Earthquake,DragonClaw|Jolly||M|||50|]Whimsicott||OccaBerry|Prankster|Moonblast,Tailwind,Charm,LightScreen|Timid||M|||50|]Delphox||Delphoxite|Magician|Protect,Psychic,HeatWave,Substitute|Timid||M|||50|]Glimmora||FocusSash|ToxicDebris|SpikyShield,SludgeBomb,EarthPower,PowerGem|Timid||M|||50|]Kingambit||ChopleBerry|Defiant|SuckerPunch,LowKick,IronHead,KowtowCleave|Adamant||M|||50|
|showteam|p2|Eelektross||Eelektrossite|Levitate|Discharge,DragonPulse,GigaDrain,Protect|Modest||F|||50|]Garchomp||LifeOrb|RoughSkin|Earthquake,DragonClaw,RockSlide,Protect|Jolly||F|||50|]Manectric||ShucaBerry|LightningRod|Thunderbolt,Snarl,Overheat,Protect|Modest||M|||50|]Staraptor||Staraptite|Intimidate|CloseCombat,BraveBird,Protect,Roost|Adamant||F|||50|]Kangaskhan||MentalHerb|Scrappy|FakeOut,DoubleEdge,SuckerPunch,LowKick|Jolly||F|||50|]Talonflame||FocusSash|GaleWings|Tailwind,BraveBird,FlareBlitz,Protect|Jolly||F|||50|
|inactive|Battle timer is ON: inactive players will automatically lose when time's up. (requested by SoundsHurt)
|inactive|shiroblast has 60 seconds left.
|inactive|shiroblast has 30 seconds left.
|inactive|shiroblast has 20 seconds left.
|inactive|shiroblast has 15 seconds left.
|inactive|shiroblast has 10 seconds left.
|
|t:|1785607508
|teamsize|p1|4
|teamsize|p2|4
|start
|switch|p1a: Garchomp|Garchomp, L50, M|100/100
|switch|p1b: Glimmora|Glimmora, L50, M|100/100
|switch|p2a: Talonflame|Talonflame, L50, F|100/100
|switch|p2b: Staraptor|Staraptor, L50, F|100/100
|-ability|p2b: Staraptor|Intimidate|boost
|-unboost|p1a: Garchomp|atk|1
|-unboost|p1b: Glimmora|atk|1
|turn|1
|
|t:|1785607522
|detailschange|p2b: Staraptor|Staraptor-Mega, L50, F
|-mega|p2b: Staraptor|Staraptor|Staraptite
|move|p2a: Talonflame|Tailwind|p2a: Talonflame
|-sidestart|p2: SoundsHurt|move: Tailwind
|move|p2b: Staraptor|Close Combat|p1b: Glimmora
|-damage|p1b: Glimmora|12/100
|-boost|p2b: Staraptor|def|1
|-boost|p2b: Staraptor|spd|1
|-activate|p1b: Glimmora|ability: Toxic Debris
|-sidestart|p2: SoundsHurt|move: Toxic Spikes
|move|p1a: Garchomp|Rock Slide|p2b: Staraptor|[spread] p2a,p2b
|-supereffective|p2a: Talonflame|2
|-enditem|p2a: Talonflame|Focus Sash
|-damage|p2a: Talonflame|1/100
|-damage|p2b: Staraptor|89/100
|-damage|p1a: Garchomp|90/100|[from] item: Life Orb
|move|p1b: Glimmora|Power Gem|p2b: Staraptor
|-damage|p2b: Staraptor|60/100
|
|upkeep
|turn|2
|
|t:|1785607544
|switch|p1b: Delphox|Delphox, L50, M|100/100
|move|p2a: Talonflame|Brave Bird|p1a: Garchomp
|-damage|p1a: Garchomp|43/100
|-damage|p2a: Talonflame|0 fnt|[from] ability: Rough Skin|[of] p1a: Garchomp
|faint|p2a: Talonflame
|move|p2b: Staraptor|Close Combat|p1b: Delphox
|-resisted|p1b: Delphox|1
|-damage|p1b: Delphox|52/100
|-boost|p2b: Staraptor|def|1
|-boost|p2b: Staraptor|spd|1
|move|p1a: Garchomp|Rock Slide|p2b: Staraptor
|-damage|p2b: Staraptor|49/100
|-damage|p1a: Garchomp|33/100|[from] item: Life Orb
|
|upkeep
|
|t:|1785607562
|switch|p2a: Garchomp|Garchomp, L50, F|100/100
|-status|p2a: Garchomp|psn
|turn|3
|
|t:|1785607570
|move|p1a: Garchomp|Protect|p1a: Garchomp
|-singleturn|p1a: Garchomp|Protect
|move|p1b: Delphox|Protect|p1b: Delphox
|-singleturn|p1b: Delphox|Protect
|move|p2a: Garchomp|Dragon Claw|p1a: Garchomp
|-activate|p1a: Garchomp|move: Protect
|move|p2b: Staraptor|Brave Bird|p1b: Delphox
|-activate|p1b: Delphox|move: Protect
|
|-damage|p2a: Garchomp|87/100 psn|[from] psn
|upkeep
|turn|4
|inactive|shiroblast has 30 seconds left.
|inactive|shiroblast has 20 seconds left.
|inactive|shiroblast has 15 seconds left.
|inactive|shiroblast has 10 seconds left.
|inactive|shiroblast has 5 seconds left.
|
|t:|1785607623
|move|p2a: Garchomp|Dragon Claw|p1a: Garchomp
|-supereffective|p1a: Garchomp|1
|-damage|p1a: Garchomp|0 fnt
|-damage|p2a: Garchomp|75/100 psn|[from] ability: Rough Skin|[of] p1a: Garchomp
|faint|p1a: Garchomp
|-damage|p2a: Garchomp|65/100 psn|[from] item: Life Orb
|move|p2b: Staraptor|Brave Bird|p1b: Delphox
|-damage|p1b: Delphox|0 fnt
|faint|p1b: Delphox
|-damage|p2b: Staraptor|34/100|[from] Recoil
|
|-damage|p2a: Garchomp|52/100 psn|[from] psn
|-sideend|p2: SoundsHurt|move: Tailwind
|upkeep
|
|t:|1785607637
|switch|p1a: Staraptor|Staraptor, L50, M|100/100
|switch|p1b: Glimmora|Glimmora, L50, M|12/100
|-ability|p1a: Staraptor|Intimidate|boost
|-unboost|p2a: Garchomp|atk|1
|-boost|p2b: Staraptor|atk|1
|turn|5
|
|t:|1785607657
|detailschange|p1a: Staraptor|Staraptor-Mega, L50, M
|-mega|p1a: Staraptor|Staraptor|Staraptite
|move|p1b: Glimmora|Spiky Shield|p1b: Glimmora
|-singleturn|p1b: Glimmora|move: Protect
|move|p1a: Staraptor|Brave Bird|p2b: Staraptor
|-supereffective|p2b: Staraptor|1
|-damage|p2b: Staraptor|0 fnt
|faint|p2b: Staraptor
|-damage|p1a: Staraptor|88/100|[from] Recoil
|move|p2a: Garchomp|Rock Slide|p1b: Glimmora|[spread] 
|-activate|p1b: Glimmora|move: Protect
|-miss|p2a: Garchomp|p1a: Staraptor
|
|-damage|p2a: Garchomp|40/100 psn|[from] psn
|upkeep
|
|t:|1785607670
|switch|p2b: Manectric|Manectric, L50, M|100/100
|-status|p2b: Manectric|psn
|turn|6
|
|t:|1785607679
|move|p1a: Staraptor|Protect|p1a: Staraptor
|-singleturn|p1a: Staraptor|Protect
|move|p2a: Garchomp|Rock Slide|p1b: Glimmora|[spread] p1b
|-activate|p1a: Staraptor|move: Protect
|-damage|p1b: Glimmora|0 fnt
|-activate|p1b: Glimmora|ability: Toxic Debris
|-sidestart|p2: SoundsHurt|move: Toxic Spikes
|faint|p1b: Glimmora
|-damage|p2a: Garchomp|30/100 psn|[from] item: Life Orb
|move|p2b: Manectric|Thunderbolt|p1a: Staraptor
|-activate|p1a: Staraptor|move: Protect
|
|-damage|p2a: Garchomp|18/100 psn|[from] psn
|-damage|p2b: Manectric|87/100 psn|[from] psn
|upkeep
|turn|7
|
|t:|1785607699
|move|p1a: Staraptor|Close Combat|p2b: Manectric
|-damage|p2b: Manectric|0 fnt
|-boost|p1a: Staraptor|def|1
|-boost|p1a: Staraptor|spd|1
|faint|p2b: Manectric
|move|p2a: Garchomp|Dragon Claw|p1a: Staraptor
|-damage|p1a: Staraptor|65/100
|-damage|p2a: Garchomp|8/100 psn|[from] item: Life Orb
|
|-damage|p2a: Garchomp|0 fnt|[from] psn
|faint|p2a: Garchomp
|
|win|shiroblast
|raw|shiroblast's rating: 1172 → 1190(+18 for winning)
|raw|SoundsHurt's rating: 1077 → 1061(-16 for losing)
|l|☆SoundsHurt
|player|p2|
