|j|☆importarcade
|j|☆Tytywhywhy
|html|importarcadeTytywhywhy    
|uhtml|bestof|Game 1 of a best-of-3
|t:|1782667693
|gametype|doubles
|player|p1|importarcade|ethan|1098
|player|p2|Tytywhywhy|skyla|1123
|gen|9
|tier|[Gen 9 Champions] VGC 2026 Reg M-B (Bo3)
|rated|
|rule|Species Clause: Limit one of each Pokémon
|rule|Item Clause: Limit 1 of each item
|clearpoke
|poke|p1|Pyroar, L50, M|
|poke|p1|Ninetales, L50, F|
|poke|p1|Whimsicott, L50, M|
|poke|p1|Floette-Eternal, L50, F|
|poke|p1|Basculegion, L50, M|
|poke|p1|Farigiraf, L50, M|
|poke|p2|Archaludon, L50, F|
|poke|p2|Sableye, L50, F|
|poke|p2|Gardevoir, L50, M|
|poke|p2|Aerodactyl, L50, F|
|poke|p2|Garchomp, L50, F|
|poke|p2|Gallade, L50, M|
|teampreview|4
|showteam|p1|Pyroar||Pyroarite|Rivalry|HeatWave,Overheat,SolarBeam,Protect|Timid||M|||50|]Ninetales||ChoiceScarf|Drought|HeatWave,Overheat,SolarBeam,FakeTears|Modest||F|||50|]Whimsicott||FocusSash|Prankster|Moonblast,Tailwind,SunnyDay,Protect|Timid||M|||50|]Floette-Eternal||Floettite|FlowerVeil|Moonblast,LightofRuin,DazzlingGleam,Protect|Modest||F|||50|]Basculegion||LifeOrb|Adaptability|WaveCrash,LastRespects,AquaJet,Protect|Adamant||M|||50|]Farigiraf||SitrusBerry|ArmorTail|Psychic,Thunderbolt,TrickRoom,HelpingHand|Bold||M|||50|
|showteam|p2|Archaludon||Leftovers|Stamina|AuraSphere,DragonPulse,Protect,ElectroShot|Modest||F|||50|]Sableye||MentalHerb|Prankster|RainDance,Protect,Disable,Encore|Bold||F|||50|]Gardevoir||Gardevoirite|Telepathy|HyperVoice,Psychic,Protect,AuraSphere|Timid||M|||50|]Aerodactyl||FocusSash|Pressure|Tailwind,RockSlide,Protect,WideGuard|Jolly||F|||50|]Garchomp||LifeOrb|RoughSkin|DragonClaw,Protect,RockSlide,Earthquake|Jolly||F|||50|]Gallade||ChoiceScarf|Sharpness|SacredSword,PsychoCut,NightSlash,AquaCutter|Jolly||M|||50|
|inactive|Battle timer is ON: inactive players will automatically lose when time's up. (requested by Tytywhywhy)
|
|t:|1782667741
|teamsize|p1|4
|teamsize|p2|4
|start
|switch|p1a: Whimsicott|Whimsicott, L50, M|100/100
|switch|p1b: Pyroar|Pyroar, L50, M|100/100
|switch|p2a: Garchomp|Garchomp, L50, F|100/100
|switch|p2b: Aerodactyl|Aerodactyl, L50, F|100/100
|-ability|p2b: Aerodactyl|Pressure
|turn|1
|inactive|importarcade has 30 seconds left.
|inactive|importarcade has 20 seconds left.
|
|t:|1782667777
|switch|p1b: Basculegion|Basculegion, L50, M|100/100
|move|p1a: Whimsicott|Tailwind|p1a: Whimsicott
|-sidestart|p1: importarcade|move: Tailwind
|move|p2b: Aerodactyl|Tailwind|p2b: Aerodactyl
|-sidestart|p2: Tytywhywhy|move: Tailwind
|move|p2a: Garchomp|Earthquake|p1b: Basculegion|[spread] p1a,p1b
|-immune|p2b: Aerodactyl
|-resisted|p1a: Whimsicott|1
|-damage|p1a: Whimsicott|59/100
|-damage|p1b: Basculegion|47/100
|-damage|p2a: Garchomp|90/100|[from] item: Life Orb
|
|upkeep
|turn|2
|inactive|importarcade has 30 seconds left.
|inactive|importarcade has 20 seconds left.
|
|t:|1782667814
|move|p2b: Aerodactyl|Rock Slide|p1b: Basculegion|[spread] p1a,p1b
|-damage|p1a: Whimsicott|30/100
|-damage|p1b: Basculegion|25/100
|move|p1a: Whimsicott|Moonblast|p2a: Garchomp
|-supereffective|p2a: Garchomp|1
|-damage|p2a: Garchomp|15/100
|move|p2a: Garchomp|Earthquake|p1b: Basculegion|[spread] p1a,p1b
|-immune|p2b: Aerodactyl
|-resisted|p1a: Whimsicott|1
|-damage|p1a: Whimsicott|0 fnt
|-damage|p1b: Basculegion|0 fnt
|faint|p1a: Whimsicott
|faint|p1b: Basculegion
|-damage|p2a: Garchomp|5/100|[from] item: Life Orb
|
|upkeep
|
|t:|1782667827
|switch|p1a: Ninetales|Ninetales, L50, F|100/100
|switch|p1b: Pyroar|Pyroar, L50, M|100/100
|-weather|SunnyDay|[from] ability: Drought|[of] p1a: Ninetales
|turn|3
|
|t:|1782667846
|detailschange|p1b: Pyroar|Pyroar-Mega, L50, M
|-mega|p1b: Pyroar|Pyroar|Pyroarite
|move|p1a: Ninetales|Heat Wave|p2b: Aerodactyl|[spread] p2a,p2b
|-resisted|p2a: Garchomp|1
|-resisted|p2b: Aerodactyl|1
|-damage|p2a: Garchomp|0 fnt
|-damage|p2b: Aerodactyl|75/100
|faint|p2a: Garchomp
|move|p2b: Aerodactyl|Rock Slide|p1a: Ninetales|[spread] p1a,p1b
|-supereffective|p1a: Ninetales|1
|-supereffective|p1b: Pyroar|1
|-damage|p1a: Ninetales|40/100
|-damage|p1b: Pyroar|55/100
|move|p1b: Pyroar|Heat Wave|p2b: Aerodactyl
|-resisted|p2b: Aerodactyl|1
|-damage|p2b: Aerodactyl|4/100
|
|-weather|SunnyDay|[upkeep]
|upkeep
|
|t:|1782667859
|switch|p2a: Sableye|Sableye, L50, F|100/100
|turn|4
|
|t:|1782667867
|move|p2b: Aerodactyl|Protect|p2b: Aerodactyl
|-singleturn|p2b: Aerodactyl|Protect
|move|p1b: Pyroar|Protect|p1b: Pyroar
|-singleturn|p1b: Pyroar|Protect
|move|p2a: Sableye|Rain Dance|p2a: Sableye
|-weather|RainDance
|move|p1a: Ninetales|Heat Wave|p2b: Aerodactyl|[spread] p2a
|-activate|p2b: Aerodactyl|move: Protect
|-damage|p2a: Sableye|77/100
|
|-weather|RainDance|[upkeep]
|-sideend|p1: importarcade|move: Tailwind
|-sideend|p2: Tytywhywhy|move: Tailwind
|upkeep
|turn|5
|inactive|Tytywhywhy has 30 seconds left.
|
|t:|1782667898
|move|p2a: Sableye|Encore|p1b: Pyroar
|-start|p1b: Pyroar|Encore
|move|p1b: Pyroar|Protect|p1b: Pyroar
|-singleturn|p1b: Pyroar|Protect
|move|p1a: Ninetales|Heat Wave|p2a: Sableye|[spread] p2a,p2b
|-resisted|p2b: Aerodactyl|1
|-damage|p2a: Sableye|52/100
|-damage|p2b: Aerodactyl|0 fnt
|faint|p2b: Aerodactyl
|
|-weather|RainDance|[upkeep]
|upkeep
|
|t:|1782667914
|switch|p2b: Archaludon|Archaludon, L50, F|100/100
|turn|6
|
|t:|1782667920
|move|p1b: Pyroar|Protect||[still]
|-fail|p1b: Pyroar
|move|p2a: Sableye|Disable|p1a: Ninetales
|-start|p1a: Ninetales|Disable|Heat Wave
|cant|p1a: Ninetales|Disable|Heat Wave
|move|p2b: Archaludon|Electro Shot||[still]
|-prepare|p2b: Archaludon|Electro Shot
|-boost|p2b: Archaludon|spa|1
|-anim|p2b: Archaludon|Electro Shot|p1a: Ninetales
|-damage|p1a: Ninetales|0 fnt
|faint|p1a: Ninetales
|
|-weather|RainDance|[upkeep]
|upkeep
|turn|7
|-message|importarcade forfeited.
|
|win|Tytywhywhy
||importarcade is ready for game 2.
||Tytywhywhy is ready for game 2.
|uhtml|next|Next: Game 2 of 3
