|j|☆Felon74
|j|☆maish
|html|Felon74maish    
|uhtml|bestof|Game 3 of a best-of-3
|t:|1756768244
|gametype|doubles
|player|p1|Felon74|1|1118
|player|p2|maish|roxie|1139
|gen|9
|tier|[Gen 9] VGC 2025 Reg H (Bo3)
|rated|
|rule|Species Clause: Limit one of each Pokémon
|rule|Item Clause: Limit 1 of each item
|clearpoke
|poke|p1|Kingambit, L50, M|
|poke|p1|Rillaboom, L50, F|
|poke|p1|Electabuzz, L50, F|
|poke|p1|Blaziken, L50, F|
|poke|p1|Dragapult, L50, M|
|poke|p1|Primarina, L50, M|
|poke|p2|Archaludon, L50, M|
|poke|p2|Pelipper, L50, M|
|poke|p2|Basculegion, L50, M|
|poke|p2|Amoonguss, L50, F|
|poke|p2|Gholdengo, L50|
|poke|p2|Incineroar, L50, M|
|teampreview|4
|showteam|p1|Kingambit||AssaultVest|Defiant|KowtowCleave,IronHead,SuckerPunch,LowKick|||M|||50|,,,,,Fire]Rillaboom||MiracleSeed|GrassySurge|WoodHammer,GrassyGlide,Uturn,FakeOut|||F|||50|,,,,,Fire]Electabuzz||Eviolite|VitalSpirit|Thunderbolt,FollowMe,Taunt,Protect|||F|||50|,,,,,Dark]Blaziken||FocusSash|SpeedBoost|CloseCombat,FlareBlitz,Coaching,Protect|||F|||50|,,,,,Stellar]Dragapult||ChoiceBand|ClearBody|DragonDarts,PhantomForce,TeraBlast,Uturn|||M|||50|,,,,,Ghost]Primarina||SitrusBerry|LiquidVoice|HyperVoice,Moonblast,Haze,Protect|||M|||50|,,,,,Steel
|showteam|p2|Archaludon||AssaultVest|Stamina|DragonPulse,ElectroShot,Snarl,BodyPress|||M|||50|,,,,,Bug]Pelipper||FocusSash|Drizzle|WeatherBall,Hurricane,Tailwind,Protect|||M|||50|,,,,,Ghost]Basculegion||ChoiceBand|SwiftSwim|WaveCrash,LastRespects,AquaJet,FlipTurn|||M|||50|,,,,,Grass]Amoonguss||RockyHelmet|Regenerator|PollenPuff,Spore,RagePowder,Protect|||F|||50|,,,,,Water]Gholdengo||LifeOrb|GoodasGold|MakeItRain,ShadowBall,NastyPlot,Protect||||||50|,,,,,Water]Incineroar||SafetyGoggles|Intimidate|KnockOff,WillOWisp,PartingShot,FakeOut|||M|||50|,,,,,Ghost
|inactive|Battle timer is ON: inactive players will automatically lose when time's up. (requested by maish)
|
|t:|1756768284
|teamsize|p1|4
|teamsize|p2|4
|start
|switch|p1a: Blaziken|Blaziken, L50, F|100/100
|switch|p1b: Rillaboom|Rillaboom, L50, F|100/100
|switch|p2a: Pelipper|Pelipper, L50, M|100/100
|switch|p2b: Archaludon|Archaludon, L50, M|100/100
|-fieldstart|move: Grassy Terrain|[from] ability: Grassy Surge|[of] p1b: Rillaboom
|-weather|RainDance|[from] ability: Drizzle|[of] p2a: Pelipper
|turn|1
|
|t:|1756768298
|-terastallize|p2a: Pelipper|Ghost
|move|p1a: Blaziken|Close Combat|p2b: Archaludon
|-supereffective|p2b: Archaludon
|-damage|p2b: Archaludon|3/100
|-unboost|p1a: Blaziken|def|1
|-unboost|p1a: Blaziken|spd|1
|-ability|p2b: Archaludon|Stamina|boost
|-boost|p2b: Archaludon|def|1
|move|p1b: Rillaboom|Wood Hammer|p2b: Archaludon
|-resisted|p2b: Archaludon
|-damage|p2b: Archaludon|0 fnt
|faint|p2b: Archaludon
|-damage|p1b: Rillaboom|99/100|[from] Recoil
|move|p2a: Pelipper|Hurricane|p1b: Rillaboom
|-supereffective|p1b: Rillaboom
|-crit|p1b: Rillaboom
|-damage|p1b: Rillaboom|0 fnt
|faint|p1b: Rillaboom
|
|-weather|RainDance|[upkeep]
|-ability|p1a: Blaziken|Speed Boost|boost
|-boost|p1a: Blaziken|spe|1
|upkeep
|
|t:|1756768316
|switch|p1b: Dragapult|Dragapult, L50, M|100/100
|switch|p2b: Basculegion|Basculegion, L50, M|100/100
|turn|2
|inactive|Felon74 has 30 seconds left.
|
|t:|1756768347
|switch|p1b: Electabuzz|Electabuzz, L50, F|100/100
|move|p2b: Basculegion|Last Respects|p1b: Electabuzz
|-damage|p1b: Electabuzz|37/100
|move|p1a: Blaziken|Flare Blitz|p2a: Pelipper
|-damage|p2a: Pelipper|59/100
|-damage|p1a: Blaziken|88/100|[from] Recoil
|move|p2a: Pelipper|Tailwind|p2a: Pelipper
|-sidestart|p2: maish|move: Tailwind
|
|-weather|RainDance|[upkeep]
|-heal|p2a: Pelipper|64/100|[from] Grassy Terrain
|-heal|p1a: Blaziken|94/100|[from] Grassy Terrain
|-heal|p1b: Electabuzz|43/100|[from] Grassy Terrain
|-ability|p1a: Blaziken|Speed Boost|boost
|-boost|p1a: Blaziken|spe|1
|upkeep
|turn|3
|
|t:|1756768372
|move|p1b: Electabuzz|Protect|p1b: Electabuzz
|-singleturn|p1b: Electabuzz|Protect
|move|p2b: Basculegion|Last Respects|p1b: Electabuzz
|-activate|p1b: Electabuzz|move: Protect
|move|p1a: Blaziken|Flare Blitz|p2b: Basculegion
|-resisted|p2b: Basculegion
|-damage|p2b: Basculegion|83/100
|-status|p2b: Basculegion|brn
|-damage|p1a: Blaziken|86/100|[from] Recoil
|move|p2a: Pelipper|Hurricane|p1a: Blaziken
|-supereffective|p1a: Blaziken
|-damage|p1a: Blaziken|0 fnt
|faint|p1a: Blaziken
|
|-weather|RainDance|[upkeep]
|-heal|p2b: Basculegion|89/100 brn|[from] Grassy Terrain
|-heal|p2a: Pelipper|70/100|[from] Grassy Terrain
|-heal|p1b: Electabuzz|49/100|[from] Grassy Terrain
|-damage|p2b: Basculegion|83/100 brn|[from] brn
|upkeep
|c|☆maish|lmao
|
|t:|1756768389
|switch|p1a: Dragapult|Dragapult, L50, M|100/100
|turn|4
|
|t:|1756768414
|-terastallize|p1a: Dragapult|Ghost
|move|p1b: Electabuzz|Follow Me|p1b: Electabuzz
|-singleturn|p1b: Electabuzz|move: Follow Me
|move|p2b: Basculegion|Last Respects|p1b: Electabuzz
|-damage|p1b: Electabuzz|22/100
|move|p2a: Pelipper|Weather Ball|p1b: Electabuzz
|-damage|p1b: Electabuzz|0 fnt
|faint|p1b: Electabuzz
|move|p1a: Dragapult|Phantom Force||[still]
|-prepare|p1a: Dragapult|Phantom Force
|
|-weather|RainDance|[upkeep]
|-heal|p2b: Basculegion|89/100 brn|[from] Grassy Terrain
|-heal|p2a: Pelipper|76/100|[from] Grassy Terrain
|-damage|p2b: Basculegion|83/100 brn|[from] brn
|upkeep
|turn|5
|
|t:|1756768429
|switch|p2a: Gholdengo|Gholdengo, L50|100/100
|move|p2b: Basculegion|Last Respects|p1a: Dragapult|[miss]
|-miss|p2b: Basculegion|p1a: Dragapult
|move|p1a: Dragapult|Phantom Force|p2b: Basculegion|[from] lockedmove
|-supereffective|p2b: Basculegion
|-damage|p2b: Basculegion|0 fnt
|faint|p2b: Basculegion
|
|-weather|none
|-sideend|p2: maish|move: Tailwind
|-fieldend|move: Grassy Terrain
|upkeep
|
|t:|1756768439
|switch|p2b: Pelipper|Pelipper, L50, M, tera:Ghost|76/100
|-weather|RainDance|[from] ability: Drizzle|[of] p2b: Pelipper
|turn|6
|
|t:|1756768464
|move|p1a: Dragapult|Phantom Force||[still]
|-prepare|p1a: Dragapult|Phantom Force
|move|p2a: Gholdengo|Shadow Ball|p1a: Dragapult|[miss]
|-miss|p2a: Gholdengo|p1a: Dragapult
|move|p2b: Pelipper|Tailwind|p2b: Pelipper
|-sidestart|p2: maish|move: Tailwind
|
|-weather|RainDance|[upkeep]
|upkeep
|turn|7
|
|t:|1756768476
|move|p2a: Gholdengo|Protect|p2a: Gholdengo
|-singleturn|p2a: Gholdengo|Protect
|move|p2b: Pelipper|Hurricane|p1a: Dragapult|[miss]
|-miss|p2b: Pelipper|p1a: Dragapult
|move|p1a: Dragapult|Phantom Force|p2a: Gholdengo|[from] lockedmove
|-activate|p2a: Gholdengo|move: Phantom Force|[broken]
|-supereffective|p2a: Gholdengo
|-damage|p2a: Gholdengo|0 fnt
|faint|p2a: Gholdengo
|
|-weather|RainDance|[upkeep]
|upkeep
|turn|8
|
|t:|1756768490
|move|p2b: Pelipper|Hurricane|p1a: Dragapult
|-damage|p1a: Dragapult|35/100
|move|p1a: Dragapult|Phantom Force||[still]
|-prepare|p1a: Dragapult|Phantom Force
|
|-weather|RainDance|[upkeep]
|upkeep
|turn|9
|
|t:|1756768497
|move|p2b: Pelipper|Hurricane|p1a: Dragapult|[miss]
|-miss|p2b: Pelipper|p1a: Dragapult
|move|p1a: Dragapult|Phantom Force|p2b: Pelipper|[from] lockedmove
|-supereffective|p2b: Pelipper
|-damage|p2b: Pelipper|0 fnt
|faint|p2b: Pelipper
|
|win|Felon74
|raw|Felon74's rating: 1118 → 1145(+27 for winning)
|raw|maish's rating: 1139 → 1112(-27 for losing)
