|j|☆fyukfvukufk
|j|☆Storm2184
|html|fyukfvukufkStorm2184    
|uhtml|bestof|Game 2 of a best-of-3
|t:|1756401017
|gametype|doubles
|player|p1|fyukfvukufk|265|1018
|player|p2|Storm2184|102|1021
|gen|9
|tier|[Gen 9] VGC 2025 Reg H (Bo3)
|rated|
|rule|Species Clause: Limit one of each Pokémon
|rule|Item Clause: Limit 1 of each item
|clearpoke
|poke|p1|Archaludon, L50, M|
|poke|p1|Armarouge, L50, M|
|poke|p1|Pelipper, L50, M|
|poke|p1|Indeedee-F, L50, F|
|poke|p1|Basculegion, L50, M|
|poke|p1|Annihilape, L50, M|
|poke|p2|Indeedee-F, L50, F|
|poke|p2|Amoonguss, L50, F|
|poke|p2|Torkoal, L50, M|
|poke|p2|Rabsca, L50, M|
|poke|p2|Ursaluna, L50, M|
|poke|p2|Armarouge, L50, F|
|teampreview|4
|showteam|p1|Archaludon||AssaultVest|Stamina|DracoMeteor,FlashCannon,ElectroShot,BodyPress|||M|||50|,,,,,Bug]Armarouge||LifeOrb|FlashFire|ExpandingForce,ArmorCannon,WeatherBall,Protect|||M|||50|,,,,,Grass]Pelipper||FocusSash|Drizzle|WeatherBall,Hurricane,Tailwind,Protect|||M|||50|,,,,,Ghost]Indeedee-F||PsychicSeed|PsychicSurge|Psychic,HelpingHand,FollowMe,TrickRoom|||F|||50|,,,,,Grass]Basculegion||ChoiceBand|SwiftSwim|WaveCrash,LastRespects,FlipTurn,AquaJet|||M|||50|,,,,,Water]Annihilape||SafetyGoggles|Defiant|CloseCombat,RageFist,FinalGambit,Taunt|||M|||50|,,,,,Fire
|showteam|p2|Indeedee-F||SafetyGoggles|PsychicSurge|TrickRoom,FollowMe,HelpingHand,DazzlingGleam|||F|||50|,,,,,Fairy]Amoonguss||RockyHelmet|Regenerator|Spore,PollenPuff,RagePowder,Protect|||F|||50|,,,,,Water]Torkoal||Charcoal|Drought|Protect,SolarBeam,LavaPlume,Eruption|||M|||50|,,,,,Fire]Rabsca||FocusSash|Telepathy|RevivalBlessing,StruggleBug,ExpandingForce,TrickRoom|||M|||50|,,,,,Psychic]Ursaluna||FlameOrb|Guts|Facade,HeadlongRush,Earthquake,Protect|||M|||50|,,,,,Ghost]Armarouge||LifeOrb|FlashFire|ExpandingForce,ArmorCannon,WideGuard,Protect|||F|||50|,,,,,Grass
|inactive|Battle timer is ON: inactive players will automatically lose when time's up. (requested by Storm2184)
|
|t:|1756401025
|teamsize|p1|4
|teamsize|p2|4
|start
|switch|p1a: Armarouge|Armarouge, L50, M|100/100
|switch|p1b: Basculegion|Basculegion, L50, M|100/100
|switch|p2a: Rabsca|Rabsca, L50, M|100/100
|switch|p2b: Indeedee|Indeedee-F, L50, F|100/100
|-fieldstart|move: Psychic Terrain|[from] ability: Psychic Surge|[of] p2b: Indeedee
|turn|1
|
|t:|1756401044
|move|p2b: Indeedee|Follow Me|p2b: Indeedee
|-singleturn|p2b: Indeedee|move: Follow Me
|move|p1b: Basculegion|Wave Crash|p2b: Indeedee
|-damage|p2b: Indeedee|0 fnt
|faint|p2b: Indeedee
|-damage|p1b: Basculegion|71/100|[from] Recoil
|move|p1a: Armarouge|Expanding Force|p2a: Rabsca
|-resisted|p2a: Rabsca
|-damage|p2a: Rabsca|46/100
|-damage|p1a: Armarouge|91/100|[from] item: Life Orb
|move|p2a: Rabsca|Trick Room|p2a: Rabsca
|-fieldstart|move: Trick Room|[of] p2a: Rabsca
|
|upkeep
|
|t:|1756401057
|switch|p2b: Armarouge|Armarouge, L50, F|100/100
|turn|2
|
|t:|1756401076
|switch|p1b: Pelipper|Pelipper, L50, M|100/100
|-weather|RainDance|[from] ability: Drizzle|[of] p1b: Pelipper
|move|p2a: Rabsca|Expanding Force|p1a: Armarouge|[spread] p1a,p1b
|-resisted|p1a: Armarouge
|-damage|p1a: Armarouge|57/100
|-enditem|p1b: Pelipper|Focus Sash
|-damage|p1b: Pelipper|1/100
|move|p2b: Armarouge|Expanding Force|p1a: Armarouge|[spread] p1a,p1b
|-resisted|p1a: Armarouge
|-damage|p1a: Armarouge|12/100
|-damage|p1b: Pelipper|0 fnt
|faint|p1b: Pelipper
|-damage|p2b: Armarouge|91/100|[from] item: Life Orb
|move|p1a: Armarouge|Weather Ball|p2b: Armarouge
|-supereffective|p2b: Armarouge
|-damage|p2b: Armarouge|0 fnt
|faint|p2b: Armarouge
|-damage|p1a: Armarouge|2/100|[from] item: Life Orb
|
|-weather|RainDance|[upkeep]
|upkeep
|
|t:|1756401100
|switch|p2b: Torkoal|Torkoal, L50, M|100/100
|switch|p1b: Basculegion|Basculegion, L50, M|71/100
|-weather|SunnyDay|[from] ability: Drought|[of] p2b: Torkoal
|turn|3
|
|t:|1756401115
|move|p1a: Armarouge|Protect|p1a: Armarouge
|-singleturn|p1a: Armarouge|Protect
|move|p2b: Torkoal|Solar Beam||[still]
|-prepare|p2b: Torkoal|Solar Beam
|-anim|p2b: Torkoal|Solar Beam|p1b: Basculegion
|-supereffective|p1b: Basculegion
|-damage|p1b: Basculegion|0 fnt
|faint|p1b: Basculegion
|move|p2a: Rabsca|Expanding Force|p1a: Armarouge
|-activate|p1a: Armarouge|move: Protect
|
|-weather|SunnyDay|[upkeep]
|upkeep
|
|t:|1756401122
|switch|p1b: Indeedee|Indeedee-F, L50, F|100/100
|-enditem|p1b: Indeedee|Psychic Seed
|-boost|p1b: Indeedee|spd|1|[from] item: Psychic Seed
|turn|4
|
|t:|1756401129
|move|p1a: Armarouge|Protect|p1a: Armarouge
|-singleturn|p1a: Armarouge|Protect
|move|p2b: Torkoal|Eruption|p1a: Armarouge|[spread] p1b
|-activate|p1a: Armarouge|move: Protect
|-damage|p1b: Indeedee|50/100
|move|p2a: Rabsca|Expanding Force|p1b: Indeedee|[spread] p1b
|-activate|p1a: Armarouge|move: Protect
|-resisted|p1b: Indeedee
|-damage|p1b: Indeedee|30/100
|move|p1b: Indeedee|Trick Room|p1b: Indeedee
|-fieldend|move: Trick Room
|
|-weather|SunnyDay|[upkeep]
|upkeep
|turn|5
|
|t:|1756401151
|move|p1b: Indeedee|Psychic|p2b: Torkoal
|-damage|p2b: Torkoal|51/100
|move|p1a: Armarouge|Weather Ball|p2a: Rabsca
|-supereffective|p2a: Rabsca
|-damage|p2a: Rabsca|0 fnt
|faint|p2a: Rabsca
|-damage|p1a: Armarouge|0 fnt|[from] item: Life Orb
|faint|p1a: Armarouge
|move|p2b: Torkoal|Solar Beam||[still]
|-prepare|p2b: Torkoal|Solar Beam
|-anim|p2b: Torkoal|Solar Beam|p1b: Indeedee
|-damage|p1b: Indeedee|6/100
|
|-weather|SunnyDay|[upkeep]
|-fieldend|move: Psychic Terrain
|upkeep
|turn|6
|
|t:|1756401165
|move|p1b: Indeedee|Psychic|p2b: Torkoal
|-damage|p2b: Torkoal|7/100
|move|p2b: Torkoal|Lava Plume|p1b: Indeedee
|-damage|p1b: Indeedee|0 fnt
|faint|p1b: Indeedee
|
|win|Storm2184
|raw|fyukfvukufk's rating: 1018 → 1005(-13 for losing)
|raw|Storm2184's rating: 1021 → 1058(+37 for winning)
