|j|☆lemonwedgesc
|j|☆Sammias
|html|lemonwedgescSammias    
|uhtml|bestof|Game 1 of a best-of-3
|t:|1783811762
|gametype|doubles
|player|p1|lemonwedgesc|266|1000
|player|p2|Sammias|miku-ground|1114
|gen|9
|tier|[Gen 9 Champions] VGC 2026 Reg M-B (Bo3)
|rated|
|rule|Species Clause: Limit one of each Pokémon
|rule|Item Clause: Limit 1 of each item
|clearpoke
|poke|p1|Staraptor, L50, F|
|poke|p1|Vileplume, L50, F|
|poke|p1|Feraligatr, L50, M|
|poke|p1|Sceptile, L50, M|
|poke|p1|Gholdengo, L50|
|poke|p1|Houndoom, L50, F|
|poke|p2|Floette-Eternal, L50, F|
|poke|p2|Typhlosion-Hisui, L50, F|
|poke|p2|Kingambit, L50, F|
|poke|p2|Garchomp, L50, F|
|poke|p2|Sneasler, L50, M|
|poke|p2|Whimsicott, L50, F, shiny|
|teampreview|4
|showteam|p1|Staraptor||Staraptite|Intimidate|BraveBird,CloseCombat,Protect,Roost|Jolly||F|||50|]Vileplume||BigRoot|EffectSpore|SludgeBomb,GigaDrain,StrengthSap,LeechSeed|Relaxed||F|||50|]Feraligatr||LifeOrb|SheerForce|Liquidation,RockSlide,AquaJet,IcePunch|Adamant||M|||50|]Sceptile||WhiteHerb|Unburden|LeafStorm,RockTomb,QuickGuard,EarthPower|Timid||M|||50|]Gholdengo||SitrusBerry|GoodasGold|MakeItRain,NastyPlot,Protect,ShadowBall|Modest|||||50|]Houndoom||FocusSash|FlashFire|SuckerPunch,HeatWave,Protect,Snarl|Hasty||F|||50|
|showteam|p2|Floette-Eternal||Floettite|FlowerVeil|Moonblast,DazzlingGleam,LightofRuin,Protect|Modest||F|||50|]Typhlosion-Hisui||ChoiceScarf|Blaze|Eruption,ShadowBall,HeatWave,Overheat|Modest||F|||50|]Kingambit||BlackGlasses|Defiant|KowtowCleave,SuckerPunch,SwordsDance,IronHead|Adamant||F|||50|]Garchomp||LifeOrb|RoughSkin|DragonClaw,RockSlide,Protect,StompingTantrum|Jolly||F|||50|]Sneasler||WhiteHerb|Unburden|FakeOut,CloseCombat,DireClaw,Taunt|Jolly||M|||50|]Whimsicott||FocusSash|Prankster|Protect,Tailwind,Encore,Moonblast|Timid||F|||50|
|inactive|Battle timer is ON: inactive players will automatically lose when time's up. (requested by Sammias)
|inactive|lemonwedgesc has 60 seconds left.
|inactive|Sammias has 60 seconds left.
|inactive|Sammias has 30 seconds left.
|inactive|Sammias has 20 seconds left.
|inactive|Sammias has 15 seconds left.
|
|t:|1783811840
|teamsize|p1|4
|teamsize|p2|4
|start
|switch|p1a: Houndoom|Houndoom, L50, F|100/100
|switch|p1b: Feraligatr|Feraligatr, L50, M|100/100
|switch|p2a: Sneasler|Sneasler, L50, M|100/100
|switch|p2b: Whimsicott|Whimsicott, L50, F, shiny|100/100
|turn|1
|inactive|lemonwedgesc has 30 seconds left.
|inactive|Sammias has 30 seconds left.
|
|t:|1783811870
|move|p1a: Houndoom|Protect|p1a: Houndoom
|-singleturn|p1a: Houndoom|Protect
|move|p2a: Sneasler|Fake Out|p1b: Feraligatr
|-damage|p1b: Feraligatr|86/100
|move|p2b: Whimsicott|Moonblast|p1a: Houndoom
|-activate|p1a: Houndoom|move: Protect
|cant|p1b: Feraligatr|flinch
|
|upkeep
|turn|2
|inactive|lemonwedgesc has 30 seconds left.
|
|t:|1783811900
|switch|p1a: Vileplume|Vileplume, L50, F|100/100
|move|p2a: Sneasler|Close Combat|p1a: Vileplume
|-resisted|p1a: Vileplume|1
|-damage|p1a: Vileplume|73/100
|-unboost|p2a: Sneasler|def|1
|-unboost|p2a: Sneasler|spd|1
|-enditem|p2a: Sneasler|White Herb
|-clearnegativeboost|p2a: Sneasler|[silent]
|move|p2b: Whimsicott|Moonblast|p1a: Vileplume
|-resisted|p1a: Vileplume|1
|-damage|p1a: Vileplume|60/100
|move|p1b: Feraligatr|Ice Punch|p2b: Whimsicott
|-supereffective|p2b: Whimsicott|1
|-damage|p2b: Whimsicott|1/100
|
|upkeep
|turn|3
|inactive|lemonwedgesc has 30 seconds left.
|inactive|Sammias has 30 seconds left.
|
|t:|1783811928
|move|p2b: Whimsicott|Protect|p2b: Whimsicott
|-singleturn|p2b: Whimsicott|Protect
|move|p2a: Sneasler|Close Combat|p1b: Feraligatr
|-damage|p1b: Feraligatr|26/100
|-unboost|p2a: Sneasler|def|1
|-unboost|p2a: Sneasler|spd|1
|move|p1b: Feraligatr|Rock Slide|p2a: Sneasler|[spread] p2a
|-activate|p2b: Whimsicott|move: Protect
|-resisted|p2a: Sneasler|1
|-damage|p2a: Sneasler|66/100
|move|p1a: Vileplume|Strength Sap|p2a: Sneasler
|-unboost|p2a: Sneasler|atk|1
|-heal|p1a: Vileplume|100/100
|
|upkeep
|turn|4
|
|t:|1783811954
|move|p2b: Whimsicott|Encore|p1a: Vileplume
|-start|p1a: Vileplume|Encore
|move|p1b: Feraligatr|Aqua Jet|p2b: Whimsicott
|-resisted|p2b: Whimsicott|1
|-damage|p2b: Whimsicott|0 fnt
|faint|p2b: Whimsicott
|-damage|p1b: Feraligatr|16/100|[from] item: Life Orb
|move|p2a: Sneasler|Close Combat|p1b: Feraligatr
|-damage|p1b: Feraligatr|0 fnt
|-unboost|p2a: Sneasler|def|1
|-unboost|p2a: Sneasler|spd|1
|faint|p1b: Feraligatr
|move|p1a: Vileplume|Strength Sap|p2a: Sneasler
|-unboost|p2a: Sneasler|atk|1
|
|upkeep
|inactive|lemonwedgesc has 30 seconds left.
|
|t:|1783811980
|switch|p2b: Typhlosion|Typhlosion-Hisui, L50, F|100/100
|switch|p1b: Staraptor|Staraptor, L50, F|100/100
|-ability|p1b: Staraptor|Intimidate|boost
|-unboost|p2a: Sneasler|atk|1
|-unboost|p2b: Typhlosion|atk|1
|turn|5
|
|t:|1783812000
|switch|p2a: Floette|Floette-Eternal, L50, F|100/100
|switch|p1a: Houndoom|Houndoom, L50, F|100/100
|detailschange|p1b: Staraptor|Staraptor-Mega, L50, F
|-mega|p1b: Staraptor|Staraptor|Staraptite
|move|p2b: Typhlosion|Eruption|p1a: Houndoom|[spread] p1b
|-start|p1a: Houndoom|ability: Flash Fire
|-damage|p1b: Staraptor|33/100
|move|p1b: Staraptor|Brave Bird|p2a: Floette
|-damage|p2a: Floette|9/100
|-damage|p1b: Staraptor|4/100|[from] Recoil
|
|upkeep
|turn|6
|inactive|lemonwedgesc has 30 seconds left.
|inactive|Sammias has 30 seconds left.
|
|t:|1783812032
|detailschange|p2a: Floette|Floette-Mega, L50, F
|-mega|p2a: Floette|Floette|Floettite
|-ability|p2a: Floette|Fairy Aura
|move|p1b: Staraptor|Protect|p1b: Staraptor
|-singleturn|p1b: Staraptor|Protect
|move|p2b: Typhlosion|Eruption|p1a: Houndoom|[spread] 
|-activate|p1b: Staraptor|move: Protect
|-immune|p1a: Houndoom|[from] ability: Flash Fire
|move|p1a: Houndoom|Snarl|p2a: Floette|[spread] p2a,p2b
|-resisted|p2a: Floette|1
|-supereffective|p2b: Typhlosion|1
|-damage|p2a: Floette|1/100
|-damage|p2b: Typhlosion|46/100
|-unboost|p2a: Floette|spa|1
|-unboost|p2b: Typhlosion|spa|1
|move|p2a: Floette|Light of Ruin|p1a: Houndoom
|-enditem|p1a: Houndoom|Focus Sash
|-damage|p1a: Houndoom|1/100
|-damage|p2a: Floette|0 fnt|[from] Recoil
|faint|p2a: Floette
|
|upkeep
|
|t:|1783812044
|switch|p2a: Sneasler|Sneasler, L50, M|66/100
|turn|7
|inactive|lemonwedgesc has 30 seconds left.
|
|t:|1783812070
|switch|p1b: Vileplume|Vileplume, L50, F|100/100
|move|p2a: Sneasler|Fake Out|p1a: Houndoom
|-damage|p1a: Houndoom|0 fnt
|faint|p1a: Houndoom
|move|p2b: Typhlosion|Eruption|p1b: Vileplume
|-supereffective|p1b: Vileplume|1
|-damage|p1b: Vileplume|53/100
|
|upkeep
|
|t:|1783812080
|switch|p1a: Staraptor|Staraptor-Mega, L50, F|4/100
|turn|8
|inactive|lemonwedgesc has 30 seconds left.
|
|t:|1783812110
|move|p2b: Typhlosion|Eruption|p1b: Vileplume|[spread] p1a,p1b
|-supereffective|p1b: Vileplume|1
|-damage|p1a: Staraptor|0 fnt
|-damage|p1b: Vileplume|17/100
|faint|p1a: Staraptor
|move|p2a: Sneasler|Dire Claw|p1b: Vileplume
|-damage|p1b: Vileplume|0 fnt
|faint|p1b: Vileplume
|
|win|Sammias
