|j|☆The Best Optimel
|j|☆DerpieHAHAHA
|html|The Best OptimelDerpieHAHAHA    
|uhtml|bestof|Game 1 of a best-of-3
|t:|1784397886
|gametype|doubles
|player|p1|The Best Optimel|acetrainer-gen4dp|
|player|p2|DerpieHAHAHA|2|
|gen|9
|tier|[Gen 9 Champions] VGC 2026 Reg M-B (Bo3)
|rule|Species Clause: Limit one of each Pokémon
|rule|Item Clause: Limit 1 of each item
|clearpoke
|poke|p1|Delphox, L50, M|
|poke|p1|Whimsicott, L50, M|
|poke|p1|Garchomp, L50, M|
|poke|p1|Sinistcha, L50|
|poke|p1|Staraptor, L50, M|
|poke|p1|Maushold, L50|
|poke|p2|Sableye, L50, M|
|poke|p2|Dragapult, L50, F|
|poke|p2|Pelipper, L50, M|
|poke|p2|Primarina, L50, M|
|poke|p2|Incineroar, L50, F|
|poke|p2|Kingambit, L50, F|
|teampreview|4
|showteam|p1|Delphox||Delphoxite|Blaze|HeatWave,Psychic,Substitute,Protect|Timid||M|||50|]Whimsicott||FocusSash|Prankster|Moonblast,Tailwind,FakeTears,SunnyDay|Bold||M|||50|]Garchomp||LifeOrb|RoughSkin|DragonClaw,Earthquake,RockSlide,Protect|Jolly||M|||50|]Sinistcha||KasibBerry|Hospitality|MatchaGotcha,RagePowder,StrengthSap,TrickRoom|Bold|||||50|]Staraptor||Staraptite|Intimidate|CloseCombat,BraveBird,Roost,Protect|Jolly||M|||50|]Maushold||ChopleBerry|FriendGuard|SuperFang,Charm,FollowMe,Protect|Jolly|||||50|
|showteam|p2|Sableye||Sablenite|Prankster|FoulPlay,Protect,Recover,WillOWisp|Calm||M|||50|]Dragapult||Leftovers|Infiltrator|DragonDance,DragonDarts,Protect,Substitute|Jolly||F|||50|]Pelipper||FocusSash|Drizzle|Hurricane,Tailwind,Protect,WideGuard|Timid||M|||50|]Primarina||SitrusBerry|Torrent|Moonblast,HydroPump,IcyWind,Protect|Modest||M|||50|]Incineroar||ExpertBelt|Intimidate|FakeOut,PartingShot,FlareBlitz,Protect|Careful||F|||50|]Kingambit||LifeOrb|SupremeOverlord|KowtowCleave,SuckerPunch,SwordsDance,Protect|Adamant||F|||50|
|
|t:|1784397941
|teamsize|p1|4
|teamsize|p2|4
|start
|switch|p1a: Whimsicott|Whimsicott, L50, M|100/100
|switch|p1b: Delphox|Delphox, L50, M|100/100
|switch|p2a: Incineroar|Incineroar, L50, F|100/100
|switch|p2b: Sableye|Sableye, L50, M|100/100
|-ability|p2a: Incineroar|Intimidate|boost
|-unboost|p1a: Whimsicott|atk|1
|-unboost|p1b: Delphox|atk|1
|turn|1
|
|t:|1784397976
|move|p1b: Delphox|Protect|p1b: Delphox
|-singleturn|p1b: Delphox|Protect
|move|p2a: Incineroar|Fake Out|p1a: Whimsicott
|-damage|p1a: Whimsicott|89/100
|cant|p1a: Whimsicott|flinch
|move|p2b: Sableye|Foul Play|p1b: Delphox
|-activate|p1b: Delphox|move: Protect
|
|upkeep
|turn|2
|
|t:|1784398012
|move|p2b: Sableye|Protect|p2b: Sableye
|-singleturn|p2b: Sableye|Protect
|move|p1a: Whimsicott|Tailwind|p1a: Whimsicott
|-sidestart|p1: The Best Optimel|move: Tailwind
|move|p1b: Delphox|Substitute|p1b: Delphox
|-start|p1b: Delphox|Substitute
|-damage|p1b: Delphox|75/100
|move|p2a: Incineroar|Flare Blitz|p1a: Whimsicott
|-supereffective|p1a: Whimsicott|1
|-damage|p1a: Whimsicott|0 fnt
|faint|p1a: Whimsicott
|-damage|p2a: Incineroar|80/100|[from] Recoil
|
|upkeep
|
|t:|1784398040
|switch|p1a: Maushold|Maushold, L50|100/100
|turn|3
|
|t:|1784398080
|move|p1b: Delphox|Protect|p1b: Delphox
|-singleturn|p1b: Delphox|Protect
|move|p1a: Maushold|Super Fang|p2a: Incineroar
|-damage|p2a: Incineroar|40/100
|move|p2a: Incineroar|Flare Blitz|p1a: Maushold
|-damage|p1a: Maushold|42/100
|-damage|p2a: Incineroar|26/100|[from] Recoil
|move|p2b: Sableye|Foul Play|p1a: Maushold
|-damage|p1a: Maushold|8/100
|
|upkeep
|turn|4
|
|t:|1784398144
|detailschange|p1b: Delphox|Delphox-Mega, L50, M
|-mega|p1b: Delphox|Delphox|Delphoxite
|detailschange|p2b: Sableye|Sableye-Mega, L50, M
|-mega|p2b: Sableye|Sableye|Sablenite
|move|p1a: Maushold|Protect|p1a: Maushold
|-singleturn|p1a: Maushold|Protect
|move|p2a: Incineroar|Protect|p2a: Incineroar
|-singleturn|p2a: Incineroar|Protect
|move|p1b: Delphox|Heat Wave|p2a: Incineroar|[spread] p2b
|-activate|p2a: Incineroar|move: Protect
|-damage|p2b: Sableye|57/100
|move|p2b: Sableye|Foul Play|p1b: Delphox
|-supereffective|p1b: Delphox|1
|-end|p1b: Delphox|Substitute
|
|upkeep
|turn|5
|
|t:|1784398188
|move|p1b: Delphox|Heat Wave|p2b: Sableye|[spread] p2b
|-miss|p1b: Delphox|p2a: Incineroar
|-damage|p2b: Sableye|19/100
|move|p1a: Maushold|Charm|p2b: Sableye
|move|p2b: Sableye|Charm|p1a: Maushold|[from] ability: Magic Bounce
|-unboost|p1a: Maushold|atk|2
|move|p2a: Incineroar|Parting Shot|p1b: Delphox
|-unboost|p1b: Delphox|atk|1
|-unboost|p1b: Delphox|spa|1
|
|t:|1784398205
|switch|p2a: Pelipper|Pelipper, L50, M|100/100|[from] Parting Shot
|-weather|RainDance|[from] ability: Drizzle|[of] p2a: Pelipper
|move|p2b: Sableye|Recover|p2b: Sableye
|-heal|p2b: Sableye|70/100
|
|-weather|RainDance|[upkeep]
|-sideend|p1: The Best Optimel|move: Tailwind
|upkeep
|turn|6
|
|t:|1784398257
|move|p1b: Delphox|Protect|p1b: Delphox
|-singleturn|p1b: Delphox|Protect
|move|p1a: Maushold|Super Fang|p2a: Pelipper
|-damage|p2a: Pelipper|50/100g
|move|p2a: Pelipper|Tailwind|p2a: Pelipper
|-sidestart|p2: DerpieHAHAHA|move: Tailwind
|move|p2b: Sableye|Foul Play|p1a: Maushold
|-damage|p1a: Maushold|0 fnt
|faint|p1a: Maushold
|
|-weather|RainDance|[upkeep]
|upkeep
|
|t:|1784398266
|switch|p1a: Staraptor|Staraptor, L50, M|100/100
|-ability|p1a: Staraptor|Intimidate|boost
|-unboost|p2a: Pelipper|atk|1
|-unboost|p2b: Sableye|atk|1
|turn|7
|
|t:|1784398309
|move|p2b: Sableye|Protect|p2b: Sableye
|-singleturn|p2b: Sableye|Protect
|move|p2a: Pelipper|Hurricane|p1a: Staraptor
|-damage|p1a: Staraptor|43/100
|move|p1b: Delphox|Psychic|p2a: Pelipper
|-damage|p2a: Pelipper|0 fnt
|faint|p2a: Pelipper
|move|p1a: Staraptor|Brave Bird|p2b: Sableye
|-activate|p2b: Sableye|move: Protect
|
|-weather|RainDance|[upkeep]
|upkeep
|
|t:|1784398323
|switch|p2a: Incineroar|Incineroar, L50, F|26/100
|-ability|p2a: Incineroar|Intimidate|boost
|-unboost|p1a: Staraptor|atk|1
|-unboost|p1b: Delphox|atk|1
|turn|8
|
|t:|1784398357
|move|p1b: Delphox|Protect|p1b: Delphox
|-singleturn|p1b: Delphox|Protect
|move|p2a: Incineroar|Fake Out|p1b: Delphox
|-activate|p1b: Delphox|move: Protect
|move|p1a: Staraptor|Roost|p1a: Staraptor
|-heal|p1a: Staraptor|93/100
|-singleturn|p1a: Staraptor|move: Roost
|move|p2b: Sableye|Foul Play|p1a: Staraptor
|-damage|p1a: Staraptor|44/100
|
|-weather|RainDance|[upkeep]
|upkeep
|turn|9
|
|t:|1784398393
|move|p2a: Incineroar|Protect|p2a: Incineroar
|-singleturn|p2a: Incineroar|Protect
|move|p1b: Delphox|Heat Wave|p2a: Incineroar|[spread] p2b
|-activate|p2a: Incineroar|move: Protect
|-damage|p2b: Sableye|57/100
|move|p1a: Staraptor|Brave Bird|p2a: Incineroar
|-activate|p2a: Incineroar|move: Protect
|move|p2b: Sableye|Foul Play|p1b: Delphox
|-supereffective|p1b: Delphox|1
|-damage|p1b: Delphox|50/100y
|
|-weather|none
|-sideend|p2: DerpieHAHAHA|move: Tailwind
|upkeep
|turn|10
|
|t:|1784398431
|move|p1b: Delphox|Substitute|p1b: Delphox
|-start|p1b: Delphox|Substitute
|-damage|p1b: Delphox|25/100
|move|p1a: Staraptor|Roost|p1a: Staraptor
|-heal|p1a: Staraptor|94/100
|-singleturn|p1a: Staraptor|move: Roost
|move|p2a: Incineroar|Parting Shot|p1a: Staraptor
|-unboost|p1a: Staraptor|atk|1
|-unboost|p1a: Staraptor|spa|1
|
|t:|1784398443
|switch|p2a: Primarina|Primarina, L50, M|100/100|[from] Parting Shot
|move|p2b: Sableye|Recover|p2b: Sableye
|-heal|p2b: Sableye|100/100
|
|upkeep
|turn|11
|
|t:|1784398465
|move|p1b: Delphox|Heat Wave|p2a: Primarina|[spread] p2a,p2b
|-resisted|p2a: Primarina|1
|-damage|p2a: Primarina|85/100
|-damage|p2b: Sableye|74/100
|-status|p2b: Sableye|brn
|move|p1a: Staraptor|Brave Bird|p2b: Sableye
|-damage|p2b: Sableye|42/100 brn
|-damage|p1a: Staraptor|86/100|[from] Recoil
|move|p2a: Primarina|Icy Wind|p1a: Staraptor|[spread] p1a,p1b
|-resisted|p1b: Delphox|1
|-activate|p1b: Delphox|move: Substitute|[damage]
|-supereffective|p1a: Staraptor|1
|-damage|p1a: Staraptor|36/100
|-unboost|p1a: Staraptor|spe|1
|move|p2b: Sableye|Foul Play|p1b: Delphox
|-supereffective|p1b: Delphox|1
|-activate|p1b: Delphox|move: Substitute|[damage]
|
|-damage|p2b: Sableye|37/100 brn|[from] brn
|upkeep
|turn|12
|
|t:|1784398501
|move|p1b: Delphox|Heat Wave|p2b: Sableye|[spread] p2a,p2b
|-resisted|p2a: Primarina|1
|-damage|p2a: Primarina|71/100
|-damage|p2b: Sableye|8/100 brn
|-status|p2a: Primarina|brn
|move|p2a: Primarina|Icy Wind|p1b: Delphox|[spread] p1a
|-miss|p2a: Primarina|p1b: Delphox
|-supereffective|p1a: Staraptor|1
|-damage|p1a: Staraptor|0 fnt
|faint|p1a: Staraptor
|move|p2b: Sableye|Recover|p2b: Sableye
|-heal|p2b: Sableye|59/100 brn
|
|-damage|p2a: Primarina|65/100 brn|[from] brn
|-damage|p2b: Sableye|53/100 brn|[from] brn
|upkeep
|turn|13
|
|t:|1784398521
|move|p1b: Delphox|Heat Wave|p2a: Primarina|[spread] p2a,p2b
|-resisted|p2a: Primarina|1
|-damage|p2a: Primarina|50/100g brn
|-damage|p2b: Sableye|29/100 brn
|move|p2a: Primarina|Hydro Pump|p1b: Delphox|[miss]
|-miss|p2a: Primarina|p1b: Delphox
|move|p2b: Sableye|Foul Play|p1b: Delphox
|-supereffective|p1b: Delphox|1
|-end|p1b: Delphox|Substitute
|
|-damage|p2a: Primarina|45/100 brn|[from] brn
|-damage|p2b: Sableye|23/100 brn|[from] brn
|upkeep
|-enditem|p2a: Primarina|Sitrus Berry|[eat]
|-heal|p2a: Primarina|70/100 brn|[from] item: Sitrus Berry
|turn|14
|
|t:|1784398553
|move|p2b: Sableye|Protect|p2b: Sableye
|-singleturn|p2b: Sableye|Protect
|move|p1b: Delphox|Heat Wave|p2b: Sableye|[spread] p2a
|-activate|p2b: Sableye|move: Protect
|-resisted|p2a: Primarina|1
|-damage|p2a: Primarina|54/100 brn
|move|p2a: Primarina|Hydro Pump|p1b: Delphox
|-supereffective|p1b: Delphox|1
|-damage|p1b: Delphox|0 fnt
|faint|p1b: Delphox
|
|win|DerpieHAHAHA
|inactive|The Best Optimel has 30 seconds to confirm battle start!
|inactive|DerpieHAHAHA has 30 seconds to confirm battle start!
||DerpieHAHAHA is ready for game 2.
|l|☆The Best Optimel
|player|p1|
|inactive|The Best Optimel has 20 seconds to confirm battle start!
||The Best Optimel is ready for game 2.
|uhtml|next|Next: Game 2 of 3
