|j|☆Hammycarter L
|j|☆whatsupbig
|html|Hammycarter Lwhatsupbig    
|uhtml|bestof|Game 2 of a best-of-3
|t:|1757862202
|gametype|doubles
|player|p1|Hammycarter L|2|
|player|p2|whatsupbig|170|
|gen|9
|tier|[Gen 9] VGC 2025 Reg H (Bo3)
|rule|Species Clause: Limit one of each Pokémon
|rule|Item Clause: Limit 1 of each item
|clearpoke
|poke|p1|Ursaluna, L50, F|
|poke|p1|Hydreigon, L50, M|
|poke|p1|Indeedee-F, L50, F|
|poke|p1|Dondozo, L50, M|
|poke|p1|Tatsugiri, L50, F|
|poke|p1|Incineroar, L50, F|
|poke|p2|Maushold-Four, L50|
|poke|p2|Archaludon, L50, M|
|poke|p2|Basculegion, L50, M|
|poke|p2|Pelipper, L50, F|
|poke|p2|Lurantis, L50, F|
|poke|p2|Gholdengo, L50|
|teampreview|4
|showteam|p1|Ursaluna||FlameOrb|Guts|Facade,Earthquake,HeadlongRush,Protect|||F|||50|,,,,,Ghost]Hydreigon||ScopeLens|Levitate|DracoMeteor,FlashCannon,FocusEnergy,Protect|||M|||50|,,,,,Ghost]Indeedee-F||PsychicSeed|PsychicSurge|FollowMe,HelpingHand,TrickRoom,DazzlingGleam|||F|||50|,,,,,Fairy]Dondozo||Leftovers|Unaware|WaveCrash,Earthquake,Yawn,Protect|||M|||50|,,,,,Grass]Tatsugiri||ChoiceScarf|Commander|IcyWind,HydroPump,MuddyWater,DracoMeteor|||F|||50|,,,,,Stellar]Incineroar||SafetyGoggles|Intimidate|PartingShot,FakeOut,FlareBlitz,KnockOff|||F|||50|,,,,,Bug
|showteam|p2|Maushold-Four||WideLens|Technician|PopulationBomb,Protect,FollowMe,BeatUp||||||50|,,,,,Normal]Archaludon||Leftovers|Stamina|ElectroShot,BodyPress,FlashCannon,Protect|||M|||50|,,,,,Ghost]Basculegion||ChoiceBand|SwiftSwim|LastRespects,WaveCrash,FlipTurn,Crunch|||M|||50|,,,,,Ghost]Pelipper||CovertCloak|Drizzle|Hurricane,Protect,Tailwind,IcyWind|||F|||50|,,,,,Ground]Lurantis||LifeOrb|Contrary|Superpower,LeafBlade,Protect,KnockOff|||F|||50|,,,,,Fighting]Gholdengo||ChoiceSpecs|GoodasGold|MakeItRain,ShadowBall,Thunder,PowerGem||||||50|,,,,,Dark
|
|t:|1757862231
|teamsize|p1|4
|teamsize|p2|4
|start
|switch|p1a: Dondozo|Dondozo, L50, M|100/100
|switch|p1b: Incineroar|Incineroar, L50, F|100/100
|switch|p2a: Lurantis|Lurantis, L50, F|100/100
|switch|p2b: Archaludon|Archaludon, L50, M|100/100
|-ability|p1b: Incineroar|Intimidate|boost
|-boost|p2a: Lurantis|atk|1
|-unboost|p2b: Archaludon|atk|1
|turn|1
|
|t:|1757862271
|-terastallize|p1a: Dondozo|Grass
|move|p2b: Archaludon|Body Press|p1b: Incineroar
|-supereffective|p1b: Incineroar
|-damage|p1b: Incineroar|53/100
|move|p1b: Incineroar|Flare Blitz|p2a: Lurantis
|-supereffective|p2a: Lurantis
|-damage|p2a: Lurantis|0 fnt
|faint|p2a: Lurantis
|-damage|p1b: Incineroar|24/100|[from] Recoil
|move|p1a: Dondozo|Yawn|p2b: Archaludon
|-start|p2b: Archaludon|move: Yawn|[of] p1a: Dondozo
|
|upkeep
|
|t:|1757862287
|switch|p2a: Pelipper|Pelipper, L50, F|100/100
|-weather|RainDance|[from] ability: Drizzle|[of] p2a: Pelipper
|turn|2
|
|t:|1757862296
|switch|p2b: Basculegion|Basculegion, L50, M|100/100
|switch|p1b: Tatsugiri|Tatsugiri, L50, F|100/100
|-activate|p1b: Tatsugiri|ability: Commander|[of] p1a: Dondozo
|-boost|p1a: Dondozo|atk|2
|-boost|p1a: Dondozo|spa|2
|-boost|p1a: Dondozo|spe|2
|-boost|p1a: Dondozo|def|2
|-boost|p1a: Dondozo|spd|2
|move|p1a: Dondozo|Protect|p1a: Dondozo
|-singleturn|p1a: Dondozo|Protect
|move|p2a: Pelipper|Hurricane|p1a: Dondozo
|-activate|p1a: Dondozo|move: Protect
|
|-weather|RainDance|[upkeep]
|upkeep
|turn|3
|
|t:|1757862318
|move|p2b: Basculegion|Last Respects|p1a: Dondozo
|-damage|p1a: Dondozo|84/100
|move|p1a: Dondozo|Wave Crash|p2a: Pelipper
|-resisted|p2a: Pelipper
|-damage|p2a: Pelipper|56/100
|-damage|p1a: Dondozo|74/100|[from] Recoil
|move|p2a: Pelipper|Hurricane|p1a: Dondozo
|-supereffective|p1a: Dondozo
|-damage|p1a: Dondozo|36/100
|
|-weather|RainDance|[upkeep]
|-heal|p1a: Dondozo|43/100|[from] item: Leftovers
|upkeep
|turn|4
|
|t:|1757862331
|move|p1a: Dondozo|Protect|p1a: Dondozo
|-singleturn|p1a: Dondozo|Protect
|move|p2b: Basculegion|Last Respects|p1a: Dondozo
|-activate|p1a: Dondozo|move: Protect
|move|p2a: Pelipper|Tailwind|p2a: Pelipper
|-sidestart|p2: whatsupbig|move: Tailwind
|
|-weather|RainDance|[upkeep]
|-heal|p1a: Dondozo|49/100|[from] item: Leftovers
|upkeep
|turn|5
|
|t:|1757862342
|move|p2b: Basculegion|Last Respects|p1a: Dondozo
|-damage|p1a: Dondozo|30/100
|move|p2a: Pelipper|Hurricane|p1a: Dondozo
|-supereffective|p1a: Dondozo
|-damage|p1a: Dondozo|0 fnt
|faint|p1a: Dondozo
|
|-weather|RainDance|[upkeep]
|upkeep
|
|t:|1757862352
|switch|p1a: Incineroar|Incineroar, L50, F|24/100
|-ability|p1a: Incineroar|Intimidate|boost
|-unboost|p2a: Pelipper|atk|1
|-unboost|p2b: Basculegion|atk|1
|turn|6
|
|t:|1757862368
|move|p1a: Incineroar|Fake Out|p2a: Pelipper
|-damage|p2a: Pelipper|45/100
|move|p2b: Basculegion|Last Respects|p1b: Tatsugiri
|-damage|p1b: Tatsugiri|8/100
|move|p1b: Tatsugiri|Draco Meteor|p2b: Basculegion
|-damage|p2b: Basculegion|26/100
|-unboost|p1b: Tatsugiri|spa|2
|move|p2a: Pelipper|Hurricane|p1a: Incineroar
|-damage|p1a: Incineroar|0 fnt
|faint|p1a: Incineroar
|
|-weather|none
|upkeep
|
|t:|1757862379
|switch|p1a: Ursaluna|Ursaluna, L50, F|100/100
|turn|7
|
|t:|1757862388
|move|p1a: Ursaluna|Protect|p1a: Ursaluna
|-singleturn|p1a: Ursaluna|Protect
|move|p2b: Basculegion|Last Respects|p1b: Tatsugiri
|-damage|p1b: Tatsugiri|0 fnt
|faint|p1b: Tatsugiri
|move|p2a: Pelipper|Hurricane|p1a: Ursaluna
|-activate|p1a: Ursaluna|move: Protect
|
|-sideend|p2: whatsupbig|move: Tailwind
|-status|p1a: Ursaluna|brn|[from] item: Flame Orb
|upkeep
|turn|8
|
|t:|1757862404
|move|p2b: Basculegion|Last Respects|p1a: Ursaluna
|-immune|p1a: Ursaluna
|move|p2a: Pelipper|Tailwind|p2a: Pelipper
|-sidestart|p2: whatsupbig|move: Tailwind
|move|p1a: Ursaluna|Facade|p2a: Pelipper
|-damage|p2a: Pelipper|0 fnt
|faint|p2a: Pelipper
|
|-damage|p1a: Ursaluna|95/100 brn|[from] brn
|upkeep
|
|t:|1757862412
|switch|p2a: Archaludon|Archaludon, L50, M|100/100
|turn|9
|
|t:|1757862420
|-terastallize|p2a: Archaludon|Ghost
|move|p2b: Basculegion|Last Respects|p1a: Ursaluna
|-immune|p1a: Ursaluna
|move|p2a: Archaludon|Body Press|p1a: Ursaluna
|-supereffective|p1a: Ursaluna
|-damage|p1a: Ursaluna|57/100 brn
|move|p1a: Ursaluna|Earthquake|p2b: Basculegion|[spread] p2a,p2b
|-damage|p2a: Archaludon|54/100
|-damage|p2b: Basculegion|0 fnt
|-ability|p2a: Archaludon|Stamina|boost
|-boost|p2a: Archaludon|def|1
|faint|p2b: Basculegion
|
|-heal|p2a: Archaludon|60/100|[from] item: Leftovers
|-damage|p1a: Ursaluna|52/100 brn|[from] brn
|upkeep
|turn|10
|
|t:|1757862449
|move|p2a: Archaludon|Body Press|p1a: Ursaluna
|-supereffective|p1a: Ursaluna
|-damage|p1a: Ursaluna|2/100 brn
|move|p1a: Ursaluna|Headlong Rush|p2a: Archaludon
|-damage|p2a: Archaludon|11/100
|-unboost|p1a: Ursaluna|def|1
|-unboost|p1a: Ursaluna|spd|1
|-ability|p2a: Archaludon|Stamina|boost
|-boost|p2a: Archaludon|def|1
|
|-heal|p2a: Archaludon|17/100|[from] item: Leftovers
|-damage|p1a: Ursaluna|0 fnt|[from] brn
|faint|p1a: Ursaluna
|
|win|whatsupbig
||Hammycarter L is ready for game 3.
|inactive|whatsupbig has 30 seconds to confirm battle start!
||whatsupbig is ready for game 3.
|uhtml|next|Next: Game 3 of 3
|l|☆Hammycarter L
|player|p1|
