|j|☆madperma
|j|☆Rhoads03193
|html|madpermaRhoads03193    
|uhtml|bestof|Game 2 of a best-of-3
|t:|1783039457
|gametype|doubles
|player|p1|madperma|fisherman-gen4|1077
|player|p2|Rhoads03193|red|1135
|gen|9
|tier|[Gen 9 Champions] VGC 2026 Reg M-B (Bo3)
|rated|
|rule|Species Clause: Limit one of each Pokémon
|rule|Item Clause: Limit 1 of each item
|clearpoke
|poke|p1|Gengar, L50, F|
|poke|p1|Swampert, L50, F|
|poke|p1|Incineroar, L50, M|
|poke|p1|Politoed, L50, F|
|poke|p1|Archaludon, L50, M|
|poke|p1|Vivillon-Polar, L50, M|
|poke|p2|Charizard, L50, F|
|poke|p2|Garchomp, L50, M|
|poke|p2|Basculegion, L50, M|
|poke|p2|Whimsicott, L50, M|
|poke|p2|Sylveon, L50, M|
|poke|p2|Incineroar, L50, M|
|teampreview|4
|showteam|p1|Gengar||Gengarite|CursedBody|ShadowBall,PerishSong,SludgeBomb,Protect|Timid||F|||50|]Swampert||Swampertite|Torrent|WaveCrash,Earthquake,IcePunch,Protect|Adamant||F|||50|]Incineroar||PasshoBerry|Intimidate|ThroatChop,PartingShot,FakeOut,Protect|Sassy||M|||50|]Politoed||SitrusBerry|Drizzle|WeatherBall,PerishSong,Encore,Protect|Calm||F|||50|]Archaludon||Leftovers|Stamina|DragonPulse,FlashCannon,ElectroShot,Protect|Bold||M|||50|]Vivillon-Polar||FocusSash|CompoundEyes|Hurricane,SleepPowder,RagePowder,Protect|Timid||M|||50|
|showteam|p2|Charizard||CharizarditeY|Blaze|HeatWave,SolarBeam,WeatherBall,Protect|Timid||F|||50|]Garchomp||LifeOrb|RoughSkin|Earthquake,DragonClaw,RockSlide,Protect|Jolly||M|||50|]Basculegion||MysticWater|Adaptability|LastRespects,WaveCrash,AquaJet,Protect|Adamant||M|||50|]Whimsicott||FocusSash|Prankster|EnergyBall,Protect,Encore,Tailwind|Timid||M|||50|]Sylveon||FairyFeather|Pixilate|HyperVoice,Moonblast,HyperBeam,Detect|Modest||M|||50|]Incineroar||PasshoBerry|Intimidate|ThroatChop,FlareBlitz,FakeOut,PartingShot|Impish||M|||50|
|
|t:|1783039489
|teamsize|p1|4
|teamsize|p2|4
|start
|switch|p1a: Politoed|Politoed, L50, F|100/100
|switch|p1b: Incineroar|Incineroar, L50, M|100/100
|switch|p2a: Incineroar|Incineroar, L50, M|100/100
|switch|p2b: Garchomp|Garchomp, L50, M|100/100
|-weather|RainDance|[from] ability: Drizzle|[of] p1a: Politoed
|-ability|p2a: Incineroar|Intimidate|boost
|-unboost|p1a: Politoed|atk|1
|-unboost|p1b: Incineroar|atk|1
|-ability|p1b: Incineroar|Intimidate|boost
|-unboost|p2a: Incineroar|atk|1
|-unboost|p2b: Garchomp|atk|1
|turn|1
|
|t:|1783039518
|switch|p1b: Swampert|Swampert, L50, F|100/100
|move|p1a: Politoed|Protect|p1a: Politoed
|-singleturn|p1a: Politoed|Protect
|move|p2a: Incineroar|Fake Out|p1a: Politoed
|-activate|p1a: Politoed|move: Protect
|move|p2b: Garchomp|Dragon Claw|p1a: Politoed
|-activate|p1a: Politoed|move: Protect
|
|-weather|RainDance|[upkeep]
|upkeep
|turn|2
|
|t:|1783039562
|switch|p1a: Incineroar|Incineroar, L50, M|100/100
|-ability|p1a: Incineroar|Intimidate|boost
|-unboost|p2a: Incineroar|atk|1
|-unboost|p2b: Garchomp|atk|1
|detailschange|p1b: Swampert|Swampert-Mega, L50, F
|-mega|p1b: Swampert|Swampert|Swampertite
|move|p2b: Garchomp|Protect|p2b: Garchomp
|-singleturn|p2b: Garchomp|Protect
|move|p1b: Swampert|Ice Punch|p2b: Garchomp
|-activate|p2b: Garchomp|move: Protect
|move|p2a: Incineroar|Parting Shot|p1b: Swampert
|-unboost|p1b: Swampert|atk|1
|-unboost|p1b: Swampert|spa|1
|
|t:|1783039576
|switch|p2a: Charizard|Charizard, L50, F|100/100|[from] Parting Shot
|
|-weather|RainDance|[upkeep]
|upkeep
|turn|3
|
|t:|1783039599
|switch|p2b: Incineroar|Incineroar, L50, M|100/100
|-ability|p2b: Incineroar|Intimidate|boost
|-unboost|p1a: Incineroar|atk|1
|-unboost|p1b: Swampert|atk|1
|detailschange|p2a: Charizard|Charizard-Mega-Y, L50, F
|-mega|p2a: Charizard|Charizard|Charizardite Y
|-weather|SunnyDay|[from] ability: Drought|[of] p2a: Charizard
|move|p2a: Charizard|Protect|p2a: Charizard
|-singleturn|p2a: Charizard|Protect
|move|p1b: Swampert|Wave Crash|p2a: Charizard
|-activate|p2a: Charizard|move: Protect
|move|p1a: Incineroar|Parting Shot|p2a: Charizard
|-activate|p2a: Charizard|move: Protect
|
|-weather|SunnyDay|[upkeep]
|upkeep
|turn|4
|
|t:|1783039638
|switch|p2a: Garchomp|Garchomp, L50, M|100/100
|move|p1b: Swampert|Protect|p1b: Swampert
|-singleturn|p1b: Swampert|Protect
|move|p2b: Incineroar|Fake Out|p1a: Incineroar
|-damage|p1a: Incineroar|87/100
|cant|p1a: Incineroar|flinch
|
|-weather|SunnyDay|[upkeep]
|upkeep
|turn|5
|
|t:|1783039658
|switch|p1a: Politoed|Politoed, L50, F|100/100
|-weather|RainDance|[from] ability: Drizzle|[of] p1a: Politoed
|move|p1b: Swampert|Protect||[still]
|-fail|p1b: Swampert
|move|p2a: Garchomp|Dragon Claw|p1a: Politoed
|-damage|p1a: Politoed|29/100
|-enditem|p1a: Politoed|Sitrus Berry|[eat]
|-heal|p1a: Politoed|53/100|[from] item: Sitrus Berry
|-damage|p2a: Garchomp|90/100|[from] item: Life Orb
|move|p2b: Incineroar|Parting Shot|p1b: Swampert
|-unboost|p1b: Swampert|atk|1
|-unboost|p1b: Swampert|spa|1
|
|t:|1783039673
|switch|p2b: Charizard|Charizard-Mega-Y, L50, F|100/100|[from] Parting Shot
|-weather|SunnyDay|[from] ability: Drought|[of] p2b: Charizard
|
|-weather|SunnyDay|[upkeep]
|upkeep
|turn|6
|
|t:|1783039685
|switch|p1a: Incineroar|Incineroar, L50, M|87/100
|-ability|p1a: Incineroar|Intimidate|boost
|-unboost|p2a: Garchomp|atk|1
|-unboost|p2b: Charizard|atk|1
|switch|p1b: Archaludon|Archaludon, L50, M|100/100
|move|p2a: Garchomp|Earthquake|p1a: Incineroar|[spread] p1a,p1b
|-immune|p2b: Charizard
|-supereffective|p1a: Incineroar|1
|-supereffective|p1b: Archaludon|1
|-damage|p1a: Incineroar|8/100
|-damage|p1b: Archaludon|41/100
|-ability|p1b: Archaludon|Stamina|boost
|-boost|p1b: Archaludon|def|1
|-damage|p2a: Garchomp|80/100|[from] item: Life Orb
|move|p2b: Charizard|Heat Wave|p1b: Archaludon|[spread] p1a,p1b
|-resisted|p1a: Incineroar|1
|-damage|p1a: Incineroar|0 fnt
|-damage|p1b: Archaludon|0 fnt
|faint|p1a: Incineroar
|faint|p1b: Archaludon
|
|-weather|SunnyDay|[upkeep]
|upkeep
|-message|madperma forfeited.
|
|win|Rhoads03193
|raw|madperma's rating: 1077 → 1059(-18 for losing)
|raw|Rhoads03193's rating: 1135 → 1156(+21 for winning)
|l|☆madperma
|player|p1|
