|j|☆GS Barnabe
|j|☆uPinhuu
|html|GS BarnabeuPinhuu    
|uhtml|bestof|Game 1 of a best-of-3
|t:|1784842584
|gametype|doubles
|player|p1|GS Barnabe|barry|
|player|p2|uPinhuu|102|
|gen|9
|tier|[Gen 9 Champions] VGC 2026 Reg M-B (Bo3)
|rule|Species Clause: Limit one of each Pokémon
|rule|Item Clause: Limit 1 of each item
|clearpoke
|poke|p1|Grimmsnarl, L50, M|
|poke|p1|Tyranitar, L50, F|
|poke|p1|Scovillain, L50, M|
|poke|p1|Houndstone, L50, M|
|poke|p1|Aerodactyl, L50, M|
|poke|p1|Metagross, L50|
|poke|p2|Garchomp, L50, F|
|poke|p2|Venusaur, L50, M|
|poke|p2|Incineroar, L50, M|
|poke|p2|Charizard, L50, F|
|poke|p2|Toxapex, L50, F|
|poke|p2|Annihilape, L50, F|
|teampreview|4
|showteam|p1|Grimmsnarl||LightClay|Prankster|SpiritBreak,Reflect,LightScreen,PartingShot|Sassy||M|||50|]Tyranitar||ChoiceScarf|SandStream|RockSlide,KnockOff,IcePunch,LowKick|Jolly||F|||50|]Scovillain||Scovillainite|Moody|Overheat,LeechSeed,RagePowder,Protect|Calm||M|||50|]Houndstone||SitrusBerry|SandRush|LastRespects,Disable,AllySwitch,Protect|Adamant||M|||50|]Aerodactyl||FocusSash|Unnerve|RockSlide,Tailwind,WideGuard,Protect|Jolly||M|||50|]Metagross||Metagrossite|ClearBody|IronHead,PsychicFangs,ThunderPunch,Protect|Adamant|||||50|
|showteam|p2|Garchomp||ChoiceScarf|RoughSkin|Earthquake,DragonClaw,StompingTantrum,RockSlide|Adamant||F|||50|]Venusaur||LifeOrb|Chlorophyll|SolarBeam,SludgeBomb,EarthPower,Protect|Modest||M|||50|]Incineroar||SitrusBerry|Intimidate|FlareBlitz,ThroatChop,FakeOut,PartingShot|Impish||M|||50|]Charizard||CharizarditeY|Blaze|HeatWave,WeatherBall,HelpingHand,Protect|Modest||F|||50|]Toxapex||Leftovers|Regenerator|Infestation,Toxic,WideGuard,BanefulBunker|Bold||F|||50|]Annihilape||FocusSash|Defiant|CloseCombat,PhantomForce,RockTomb,Protect|Jolly||F|||50|
|
|t:|1784842624
|teamsize|p1|4
|teamsize|p2|4
|start
|switch|p1a: Scovillain|Scovillain, L50, M|100/100
|switch|p1b: Grimmsnarl|Grimmsnarl, L50, M|100/100
|switch|p2a: Charizard|Charizard, L50, F|100/100
|switch|p2b: Toxapex|Toxapex, L50, F|100/100
|turn|1
|
|t:|1784842648
|detailschange|p1a: Scovillain|Scovillain-Mega, L50, M
|-mega|p1a: Scovillain|Scovillain|Scovillainite
|move|p1b: Grimmsnarl|Light Screen|p1b: Grimmsnarl
|-sidestart|p1: GS Barnabe|move: Light Screen
|move|p2a: Charizard|Heat Wave|p1a: Scovillain|[spread] p1a,p1b
|-damage|p1a: Scovillain|80/100
|-damage|p1b: Grimmsnarl|81/100
|-immune|p2a: Charizard
|move|p1a: Scovillain|Leech Seed|p2a: Charizard
|-start|p2a: Charizard|move: Leech Seed
|move|p2b: Toxapex|Toxic|p1a: Scovillain
|-status|p1a: Scovillain|tox
|
|-damage|p2a: Charizard|87/100|[from] Leech Seed|[of] p1a: Scovillain
|-heal|p1a: Scovillain|93/100 tox|[silent]
|-damage|p1a: Scovillain|87/100 tox|[from] psn
|upkeep
|turn|2
|
|t:|1784842677
|move|p2a: Charizard|Protect|p2a: Charizard
|-singleturn|p2a: Charizard|Protect
|move|p1b: Grimmsnarl|Reflect|p1b: Grimmsnarl
|-sidestart|p1: GS Barnabe|Reflect
|move|p1a: Scovillain|Leech Seed|p2b: Toxapex
|-start|p2b: Toxapex|move: Leech Seed
|move|p2b: Toxapex|Toxic|p1b: Grimmsnarl
|-status|p1b: Grimmsnarl|tox
|
|-damage|p2a: Charizard|75/100|[from] Leech Seed|[of] p1a: Scovillain
|-heal|p1a: Scovillain|100/100 tox|[silent]
|-damage|p2b: Toxapex|87/100|[from] Leech Seed|[of] p1a: Scovillain
|-damage|p1a: Scovillain|88/100 tox|[from] psn
|-damage|p1b: Grimmsnarl|75/100 tox|[from] psn
|upkeep
|turn|3
|
|t:|1784842707
|detailschange|p2a: Charizard|Charizard-Mega-Y, L50, F
|-mega|p2a: Charizard|Charizard|Charizardite Y
|-weather|SunnyDay|[from] ability: Drought|[of] p2a: Charizard
|move|p1a: Scovillain|Rage Powder|p1a: Scovillain
|-singleturn|p1a: Scovillain|move: Rage Powder
|move|p1b: Grimmsnarl|Parting Shot|p2a: Charizard
|-unboost|p2a: Charizard|atk|1
|-unboost|p2a: Charizard|spa|1
|
|t:|1784842714
|switch|p1b: Tyranitar|Tyranitar, L50, F|100/100|[from] Parting Shot
|-weather|Sandstorm|[from] ability: Sand Stream|[of] p1b: Tyranitar
|move|p2a: Charizard|Heat Wave|p1b: Tyranitar|[spread] p1a,p1b
|-resisted|p1b: Tyranitar|1
|-damage|p1a: Scovillain|71/100 tox
|-damage|p1b: Tyranitar|93/100
|-immune|p2a: Charizard
|move|p2b: Toxapex|Infestation|p1a: Scovillain
|-damage|p1a: Scovillain|69/100 tox
|-activate|p1a: Scovillain|move: Infestation|[of] p2b: Toxapex
|-status|p2b: Toxapex|brn|[from] ability: Spicy Spray|[of] p1a: Scovillain
|
|-weather|Sandstorm|[upkeep]
|-damage|p2a: Charizard|69/100|[from] Sandstorm
|-damage|p1a: Scovillain|63/100 tox|[from] Sandstorm
|-damage|p2b: Toxapex|82/100 brn|[from] Sandstorm
|-heal|p2b: Toxapex|87/100 brn|[from] item: Leftovers
|-damage|p2a: Charizard|57/100|[from] Leech Seed|[of] p1a: Scovillain
|-heal|p1a: Scovillain|76/100 tox|[silent]
|-damage|p2b: Toxapex|75/100 brn|[from] Leech Seed|[of] p1a: Scovillain
|-heal|p1a: Scovillain|87/100 tox|[silent]
|-damage|p1a: Scovillain|69/100 tox|[from] psn
|-damage|p2b: Toxapex|70/100 brn|[from] brn
|-damage|p1a: Scovillain|57/100 tox|[from] move: Infestation|[partiallytrapped]
|upkeep
|turn|4
|
|t:|1784842745
|move|p2a: Charizard|Protect|p2a: Charizard
|-singleturn|p2a: Charizard|Protect
|move|p2b: Toxapex|Baneful Bunker|p2b: Toxapex
|-singleturn|p2b: Toxapex|move: Protect
|move|p1b: Tyranitar|Knock Off|p2b: Toxapex
|-activate|p2b: Toxapex|move: Protect
|-status|p1b: Tyranitar|psn
|move|p1a: Scovillain|Leech Seed|p2a: Charizard
|-activate|p2a: Charizard|move: Protect
|
|-weather|Sandstorm|[upkeep]
|-damage|p2a: Charizard|51/100|[from] Sandstorm
|-damage|p1a: Scovillain|51/100 tox|[from] Sandstorm
|-damage|p2b: Toxapex|64/100 brn|[from] Sandstorm
|-heal|p2b: Toxapex|70/100 brn|[from] item: Leftovers
|-damage|p2a: Charizard|39/100|[from] Leech Seed|[of] p1a: Scovillain
|-heal|p1a: Scovillain|64/100 tox|[silent]
|-damage|p2b: Toxapex|57/100 brn|[from] Leech Seed|[of] p1a: Scovillain
|-heal|p1a: Scovillain|75/100 tox|[silent]
|-damage|p1b: Tyranitar|81/100 psn|[from] psn
|-damage|p1a: Scovillain|52/100 tox|[from] psn
|-damage|p2b: Toxapex|52/100 brn|[from] brn
|-damage|p1a: Scovillain|40/100 tox|[from] move: Infestation|[partiallytrapped]
|upkeep
|turn|5
|
|t:|1784842781
|move|p1b: Tyranitar|Knock Off|p2b: Toxapex
|-damage|p2b: Toxapex|19/100 brn
|-enditem|p2b: Toxapex|Leftovers|[from] move: Knock Off|[of] p1b: Tyranitar
|move|p2a: Charizard|Weather Ball|p1a: Scovillain
|-supereffective|p1a: Scovillain|1
|-damage|p1a: Scovillain|6/100 tox
|-immune|p2a: Charizard
|move|p1a: Scovillain|Overheat|p2a: Charizard
|-resisted|p2a: Charizard|1
|-damage|p2a: Charizard|14/100
|-unboost|p1a: Scovillain|spa|2
|move|p2b: Toxapex|Infestation|p1b: Tyranitar
|-supereffective|p1b: Tyranitar|1
|-damage|p1b: Tyranitar|78/100 psn
|-activate|p1b: Tyranitar|move: Infestation|[of] p2b: Toxapex
|
|-weather|Sandstorm|[upkeep]
|-damage|p2a: Charizard|8/100|[from] Sandstorm
|-damage|p1a: Scovillain|1/100 tox|[from] Sandstorm
|-damage|p2b: Toxapex|13/100 brn|[from] Sandstorm
|-damage|p2a: Charizard|0 fnt|[from] Leech Seed|[of] p1a: Scovillain
|-heal|p1a: Scovillain|9/100 tox|[silent]
|faint|p2a: Charizard
|-damage|p2b: Toxapex|1/100 brn|[from] Leech Seed|[of] p1a: Scovillain
|-heal|p1a: Scovillain|20/100y tox|[silent]
|-damage|p1b: Tyranitar|66/100 psn|[from] psn
|-damage|p1a: Scovillain|0 fnt|[from] psn
|faint|p1a: Scovillain
|-damage|p2b: Toxapex|0 fnt|[from] brn
|faint|p2b: Toxapex
|-end|p1b: Tyranitar|Infestation|[partiallytrapped]|[silent]
|upkeep
|
|t:|1784842814
|switch|p2a: Incineroar|Incineroar, L50, M|100/100
|switch|p1a: Grimmsnarl|Grimmsnarl, L50, M|75/100 tox
|switch|p2b: Garchomp|Garchomp, L50, F|100/100
|-ability|p2a: Incineroar|Intimidate|boost
|-unboost|p1a: Grimmsnarl|atk|1
|-unboost|p1b: Tyranitar|atk|1
|turn|6
|
|t:|1784842838
|move|p2a: Incineroar|Fake Out|p1a: Grimmsnarl
|-damage|p1a: Grimmsnarl|67/100 tox
|move|p2b: Garchomp|Stomping Tantrum|p1b: Tyranitar
|-supereffective|p1b: Tyranitar|1
|-damage|p1b: Tyranitar|12/100 psn
|move|p1b: Tyranitar|Knock Off|p2a: Incineroar
|-resisted|p2a: Incineroar|1
|-damage|p2a: Incineroar|86/100
|-enditem|p2a: Incineroar|Sitrus Berry|[from] move: Knock Off|[of] p1b: Tyranitar
|cant|p1a: Grimmsnarl|flinch
|
|-weather|Sandstorm|[upkeep]
|-damage|p2a: Incineroar|80/100|[from] Sandstorm
|-damage|p1a: Grimmsnarl|61/100 tox|[from] Sandstorm
|-damage|p1b: Tyranitar|0 fnt|[from] psn
|faint|p1b: Tyranitar
|-damage|p1a: Grimmsnarl|55/100 tox|[from] psn
|upkeep
|
|t:|1784842854
|switch|p1b: Houndstone|Houndstone, L50, M|100/100
|turn|7
|
|t:|1784842885
|move|p2b: Garchomp|Stomping Tantrum|p1a: Grimmsnarl
|-damage|p1a: Grimmsnarl|29/100 tox
|move|p1b: Houndstone|Last Respects|p2b: Garchomp
|-damage|p2b: Garchomp|45/100
|move|p2a: Incineroar|Throat Chop|p1a: Grimmsnarl
|-resisted|p1a: Grimmsnarl|2
|-damage|p1a: Grimmsnarl|24/100 tox
|-start|p1a: Grimmsnarl|Throat Chop|[silent]
|move|p1a: Grimmsnarl|Spirit Break|p2b: Garchomp
|-supereffective|p2b: Garchomp|1
|-damage|p2b: Garchomp|8/100
|-unboost|p2b: Garchomp|spa|1
|-damage|p1a: Grimmsnarl|12/100 tox|[from] ability: Rough Skin|[of] p2b: Garchomp
|
|-weather|none
|-damage|p1a: Grimmsnarl|1/100 tox|[from] psn
|upkeep
|turn|8
|
|t:|1784842933
|move|p2b: Garchomp|Stomping Tantrum|p1a: Grimmsnarl
|-damage|p1a: Grimmsnarl|0 fnt
|faint|p1a: Grimmsnarl
|move|p1b: Houndstone|Last Respects|p2b: Garchomp
|-damage|p2b: Garchomp|0 fnt
|faint|p2b: Garchomp
|move|p2a: Incineroar|Throat Chop|p1b: Houndstone
|-supereffective|p1b: Houndstone|1
|-damage|p1b: Houndstone|61/100
|-start|p1b: Houndstone|Throat Chop|[silent]
|
|-sideend|p1: GS Barnabe|move: Light Screen
|upkeep
|turn|9
|
|t:|1784842949
|move|p1b: Houndstone|Disable|p2a: Incineroar
|-start|p2a: Incineroar|Disable|Throat Chop
|cant|p2a: Incineroar|Disable|Throat Chop
|
|-end|p1b: Houndstone|Throat Chop|[silent]
|-sideend|p1: GS Barnabe|Reflect
|upkeep
|turn|10
|
|t:|1784842958
|move|p1b: Houndstone|Last Respects|p2a: Incineroar
|-resisted|p2a: Incineroar|1
|-damage|p2a: Incineroar|48/100
|move|p2a: Incineroar|Flare Blitz|p1b: Houndstone
|-damage|p1b: Houndstone|18/100
|-enditem|p1b: Houndstone|Sitrus Berry|[eat]
|-heal|p1b: Houndstone|42/100|[from] item: Sitrus Berry
|-damage|p2a: Incineroar|36/100|[from] Recoil
|
|upkeep
|turn|11
|
|t:|1784842969
|move|p1b: Houndstone|Last Respects|p2a: Incineroar
|-resisted|p2a: Incineroar|1
|-damage|p2a: Incineroar|4/100
|move|p2a: Incineroar|Flare Blitz|p1b: Houndstone
|-damage|p1b: Houndstone|0 fnt
|faint|p1b: Houndstone
|-damage|p2a: Incineroar|0 fnt|[from] Recoil
|faint|p2a: Incineroar
|
|win|uPinhuu
