|j|☆SmolivStayStrong<3
|j|☆icanttext
|html|SmolivStayStrong<3icanttext    
|uhtml|bestof|Game 2 of a best-of-3
|t:|1783624611
|gametype|doubles
|player|p1|SmolivStayStrong<3|miku-flying|1074
|player|p2|icanttext|2|1096
|gen|9
|tier|[Gen 9 Champions] VGC 2026 Reg M-B (Bo3)
|rated|
|rule|Species Clause: Limit one of each Pokémon
|rule|Item Clause: Limit 1 of each item
|clearpoke
|poke|p1|Mawile, L50, M|
|poke|p1|Farigiraf, L50, F, shiny|
|poke|p1|Toxapex, L50, M|
|poke|p1|Garchomp, L50, M|
|poke|p1|Charizard, L50, M|
|poke|p1|Venusaur, L50, M, shiny|
|poke|p2|Staraptor, L50, M, shiny|
|poke|p2|Grimmsnarl, L50, M, shiny|
|poke|p2|Whimsicott, L50, F, shiny|
|poke|p2|Incineroar, L50, M, shiny|
|poke|p2|Sinistcha-Masterpiece, L50|
|poke|p2|Gengar, L50, M|
|teampreview|4
|showteam|p1|Mawile||Mawilite|Intimidate|Protect,PlayRough,IronHead,SuckerPunch|Brave||M|||50|]Farigiraf||SitrusBerry|ArmorTail|Psychic,EnergyBall,Protect,TrickRoom|Modest||F|||50|]Toxapex||Leftovers|Regenerator|Protect,Toxic,Infestation,WideGuard|Serious||M|||50|]Garchomp||LifeOrb|RoughSkin|DragonClaw,Earthquake,RockSlide,Protect|Jolly||M|||50|]Charizard||CharizarditeY|Blaze|HeatWave,WeatherBall,SolarBeam,Protect|Timid||M|||50|]Venusaur||FocusSash|Chlorophyll|EarthPower,SleepPowder,SludgeBomb,GigaDrain|Timid||M|||50|
|showteam|p2|Staraptor||Staraptite|Intimidate|BraveBird,CloseCombat,Roost,Protect|Jolly||M|||50|]Grimmsnarl||LightClay|Prankster|SpiritBreak,PartingShot,Reflect,LightScreen|Impish||M|||50|]Whimsicott||FocusSash|Prankster|Moonblast,Tailwind,Taunt,Protect|Timid||F|||50|]Incineroar||ShucaBerry|Intimidate|FakeOut,FlareBlitz,PartingShot,Snarl|Impish||M|||50|]Sinistcha-Masterpiece||SitrusBerry|Hospitality|MatchaGotcha,LifeDew,RagePowder,Protect|Calm|||||50|]Gengar||Gengarite|CursedBody|ShadowBall,SludgeBomb,DarkPulse,Protect|Timid||M|||50|
|inactive|Battle timer is ON: inactive players will automatically lose when time's up. (requested by SmolivStayStrong<3)
|inactive|SmolivStayStrong<3 has 60 seconds left.
|inactive|icanttext has 60 seconds left.
|inactive|icanttext has 30 seconds left.
|inactive|icanttext has 20 seconds left.
|inactive|icanttext has 15 seconds left.
|
|t:|1783624690
|teamsize|p1|4
|teamsize|p2|4
|start
|switch|p1a: Farigiraf|Farigiraf, L50, F, shiny|100/100
|switch|p1b: Charizard|Charizard, L50, M|100/100
|switch|p2a: Incineroar|Incineroar, L50, M, shiny|100/100
|switch|p2b: Staraptor|Staraptor, L50, M, shiny|100/100
|-ability|p2b: Staraptor|Intimidate|boost
|-unboost|p1a: Farigiraf|atk|1
|-unboost|p1b: Charizard|atk|1
|-ability|p2a: Incineroar|Intimidate|boost
|-unboost|p1a: Farigiraf|atk|1
|-unboost|p1b: Charizard|atk|1
|turn|1
|inactive|SmolivStayStrong<3 has 30 seconds left.
|inactive|icanttext has 30 seconds left.
|
|t:|1783624718
|detailschange|p2b: Staraptor|Staraptor-Mega, L50, M, shiny
|-mega|p2b: Staraptor|Staraptor|Staraptite
|detailschange|p1b: Charizard|Charizard-Mega-Y, L50, M
|-mega|p1b: Charizard|Charizard|Charizardite Y
|-weather|SunnyDay|[from] ability: Drought|[of] p1b: Charizard
|move|p2b: Staraptor|Close Combat|p1a: Farigiraf
|-damage|p1a: Farigiraf|32/100
|-boost|p2b: Staraptor|def|1
|-boost|p2b: Staraptor|spd|1
|-enditem|p1a: Farigiraf|Sitrus Berry|[eat]
|-heal|p1a: Farigiraf|57/100|[from] item: Sitrus Berry
|move|p1b: Charizard|Weather Ball|p2b: Staraptor
|-damage|p2b: Staraptor|40/100
|move|p2a: Incineroar|Snarl|p1a: Farigiraf|[spread] p1b
|-miss|p2a: Incineroar|p1a: Farigiraf
|-damage|p1b: Charizard|89/100
|-unboost|p1b: Charizard|spa|1
|move|p1a: Farigiraf|Trick Room|p1a: Farigiraf
|-fieldstart|move: Trick Room|[of] p1a: Farigiraf
|
|-weather|SunnyDay|[upkeep]
|upkeep
|turn|2
|
|t:|1783624740
|switch|p2a: Grimmsnarl|Grimmsnarl, L50, M, shiny|100/100
|switch|p1b: Toxapex|Toxapex, L50, M|100/100
|move|p2b: Staraptor|Protect|p2b: Staraptor
|-singleturn|p2b: Staraptor|Protect
|move|p1a: Farigiraf|Psychic|p2b: Staraptor
|-activate|p2b: Staraptor|move: Protect
|
|-weather|SunnyDay|[upkeep]
|upkeep
|turn|3
|inactive|icanttext has 30 seconds left.
|
|t:|1783624774
|move|p1b: Toxapex|Infestation|p2a: Grimmsnarl
|-damage|p2a: Grimmsnarl|96/100
|-activate|p2a: Grimmsnarl|move: Infestation|[of] p1b: Toxapex
|move|p2a: Grimmsnarl|Spirit Break|p1a: Farigiraf
|-damage|p1a: Farigiraf|25/100
|-unboost|p1a: Farigiraf|spa|1
|move|p1a: Farigiraf|Psychic|p2b: Staraptor
|-supereffective|p2b: Staraptor|1
|-damage|p2b: Staraptor|0 fnt
|faint|p2b: Staraptor
|
|-weather|SunnyDay|[upkeep]
|-damage|p2a: Grimmsnarl|84/100|[from] move: Infestation|[partiallytrapped]
|upkeep
|
|t:|1783624793
|switch|p2b: Incineroar|Incineroar, L50, M, shiny|100/100
|-ability|p2b: Incineroar|Intimidate|boost
|-unboost|p1a: Farigiraf|atk|1
|-unboost|p1b: Toxapex|atk|1
|turn|4
|inactive|icanttext has 30 seconds left.
|inactive|icanttext has 20 seconds left.
|inactive|icanttext has 15 seconds left.
|inactive|icanttext has 10 seconds left.
|
|t:|1783624840
|move|p1a: Farigiraf|Protect|p1a: Farigiraf
|-singleturn|p1a: Farigiraf|Protect
|move|p1b: Toxapex|Toxic|p2b: Incineroar
|-status|p2b: Incineroar|tox
|move|p2a: Grimmsnarl|Spirit Break|p1a: Farigiraf
|-activate|p1a: Farigiraf|move: Protect
|move|p2b: Incineroar|Flare Blitz|p1b: Toxapex
|-resisted|p1b: Toxapex|1
|-damage|p1b: Toxapex|74/100
|-damage|p2b: Incineroar|93/100 tox|[from] Recoil
|
|-weather|SunnyDay|[upkeep]
|-heal|p1b: Toxapex|80/100|[from] item: Leftovers
|-damage|p2b: Incineroar|87/100 tox|[from] psn
|-damage|p2a: Grimmsnarl|71/100|[from] move: Infestation|[partiallytrapped]
|upkeep
|turn|5
|inactive|SmolivStayStrong<3 has 30 seconds left.
|inactive|icanttext has 30 seconds left.
|
|t:|1783624870
|switch|p1a: Venusaur|Venusaur, L50, M, shiny|100/100
|move|p1b: Toxapex|Toxic|p2a: Grimmsnarl
|-status|p2a: Grimmsnarl|tox
|move|p2a: Grimmsnarl|Spirit Break|p1a: Venusaur
|-resisted|p1a: Venusaur|1
|-damage|p1a: Venusaur|78/100
|-unboost|p1a: Venusaur|spa|1
|move|p2b: Incineroar|Flare Blitz|p1b: Toxapex
|-resisted|p1b: Toxapex|1
|-damage|p1b: Toxapex|50/100g
|-damage|p2b: Incineroar|79/100 tox|[from] Recoil
|
|-weather|none
|-heal|p1b: Toxapex|56/100|[from] item: Leftovers
|-damage|p2a: Grimmsnarl|65/100 tox|[from] psn
|-damage|p2b: Incineroar|67/100 tox|[from] psn
|-damage|p2a: Grimmsnarl|53/100 tox|[from] move: Infestation|[partiallytrapped]
|-fieldend|move: Trick Room
|upkeep
|turn|6
|
|t:|1783624891
|switch|p2b: Sinistcha|Sinistcha-Masterpiece, L50|100/100
|-heal|p2a: Grimmsnarl|78/100 tox|[from] ability: Hospitality|[of] p2b: Sinistcha
|-heal|p1b: Toxapex|89/100|[from] ability: Regenerator|[silent]
|switch|p1b: Farigiraf|Farigiraf, L50, F, shiny|25/100
|move|p2a: Grimmsnarl|Light Screen|p2a: Grimmsnarl
|-sidestart|p2: icanttext|move: Light Screen
|move|p1a: Venusaur|Earth Power|p2b: Sinistcha
|-resisted|p2b: Sinistcha|1
|-damage|p2b: Sinistcha|94/100
|
|-damage|p2a: Grimmsnarl|66/100 tox|[from] psn
|-end|p2a: Grimmsnarl|Infestation|[partiallytrapped]|[silent]
|upkeep
|turn|7
|inactive|SmolivStayStrong<3 has 30 seconds left.
|inactive|icanttext has 30 seconds left.
|inactive|SmolivStayStrong<3 has 20 seconds left.
|
|t:|1783624927
|switch|p1b: Charizard|Charizard-Mega-Y, L50, M|89/100
|-weather|SunnyDay|[from] ability: Drought|[of] p1b: Charizard
|move|p1a: Venusaur|Sludge Bomb|p2a: Grimmsnarl
|-supereffective|p2a: Grimmsnarl|1
|-damage|p2a: Grimmsnarl|32/100 tox
|move|p2b: Sinistcha|Matcha Gotcha|p1a: Venusaur|[spread] p1a,p1b
|-resisted|p1a: Venusaur|2
|-resisted|p1b: Charizard|2
|-damage|p1a: Venusaur|71/100
|-heal|p2b: Sinistcha|98/100|[from] drain|[of] p1a: Venusaur
|-damage|p1b: Charizard|84/100
|-heal|p2b: Sinistcha|100/100|[from] drain|[of] p1b: Charizard
|move|p2a: Grimmsnarl|Spirit Break|p1b: Charizard
|-resisted|p1b: Charizard|1
|-damage|p1b: Charizard|68/100
|-unboost|p1b: Charizard|spa|1
|
|-weather|SunnyDay|[upkeep]
|-damage|p2a: Grimmsnarl|14/100 tox|[from] psn
|upkeep
|turn|8
|inactive|SmolivStayStrong<3 has 30 seconds left.
|inactive|icanttext has 30 seconds left.
|
|t:|1783624955
|switch|p2a: Incineroar|Incineroar, L50, M, shiny|67/100 tox
|-ability|p2a: Incineroar|Intimidate|boost
|-unboost|p1a: Venusaur|atk|1
|-unboost|p1b: Charizard|atk|1
|move|p2b: Sinistcha|Protect|p2b: Sinistcha
|-singleturn|p2b: Sinistcha|Protect
|move|p1a: Venusaur|Sludge Bomb|p2b: Sinistcha
|-activate|p2b: Sinistcha|move: Protect
|move|p1b: Charizard|Heat Wave|p2a: Incineroar|[spread] p2a
|-activate|p2b: Sinistcha|move: Protect
|-resisted|p2a: Incineroar|1
|-damage|p2a: Incineroar|58/100 tox
|
|-weather|SunnyDay|[upkeep]
|-damage|p2a: Incineroar|52/100 tox|[from] psn
|upkeep
|turn|9
|
|t:|1783624978
|switch|p1b: Farigiraf|Farigiraf, L50, F, shiny|25/100
|switch|p2b: Grimmsnarl|Grimmsnarl, L50, M, shiny|14/100 tox
|move|p1a: Venusaur|Sludge Bomb|p2b: Grimmsnarl
|-supereffective|p2b: Grimmsnarl|1
|-damage|p2b: Grimmsnarl|0 fnt
|faint|p2b: Grimmsnarl
|move|p2a: Incineroar|Flare Blitz|p1b: Farigiraf
|-damage|p1b: Farigiraf|0 fnt
|faint|p1b: Farigiraf
|-damage|p2a: Incineroar|43/100 tox|[from] Recoil
|
|-weather|SunnyDay|[upkeep]
|-damage|p2a: Incineroar|31/100 tox|[from] psn
|upkeep
|
|t:|1783624997
|switch|p2b: Sinistcha|Sinistcha-Masterpiece, L50|100/100
|switch|p1b: Charizard|Charizard-Mega-Y, L50, M|68/100
|-heal|p2a: Incineroar|56/100 tox|[from] ability: Hospitality|[of] p2b: Sinistcha
|turn|10
|
|t:|1783625009
|move|p1a: Venusaur|Earth Power|p2a: Incineroar
|-supereffective|p2a: Incineroar|1
|-enditem|p2a: Incineroar|Shuca Berry|[eat]
|-enditem|p2a: Incineroar|Shuca Berry|[weaken]
|-damage|p2a: Incineroar|47/100 tox
|move|p1b: Charizard|Weather Ball|p2b: Sinistcha
|-supereffective|p2b: Sinistcha|1
|-damage|p2b: Sinistcha|16/100
|-enditem|p2b: Sinistcha|Sitrus Berry|[eat]
|-heal|p2b: Sinistcha|41/100|[from] item: Sitrus Berry
|move|p2b: Sinistcha|Life Dew|p2b: Sinistcha|[spread] p2a,p2b
|-heal|p2a: Incineroar|72/100 tox
|-heal|p2b: Sinistcha|66/100
|move|p2a: Incineroar|Snarl|p1b: Charizard|[spread] p1a,p1b
|-crit|p1a: Venusaur
|-crit|p1b: Charizard
|-damage|p1a: Venusaur|52/100
|-damage|p1b: Charizard|51/100
|-unboost|p1a: Venusaur|spa|1
|-unboost|p1b: Charizard|spa|1
|
|-weather|SunnyDay|[upkeep]
|-damage|p2a: Incineroar|54/100 tox|[from] psn
|upkeep
|turn|11
|inactive|icanttext has 30 seconds left.
|
|t:|1783625035
|switch|p1a: Toxapex|Toxapex, L50, M|89/100
|move|p1b: Charizard|Protect|p1b: Charizard
|-singleturn|p1b: Charizard|Protect
|move|p2b: Sinistcha|Life Dew|p2b: Sinistcha|[spread] p2a,p2b
|-heal|p2a: Incineroar|79/100 tox
|-heal|p2b: Sinistcha|92/100
|move|p2a: Incineroar|Snarl|p1a: Toxapex|[spread] p1a
|-activate|p1b: Charizard|move: Protect
|-damage|p1a: Toxapex|79/100
|-unboost|p1a: Toxapex|spa|1
|
|-weather|none
|-heal|p1a: Toxapex|85/100|[from] item: Leftovers
|-damage|p2a: Incineroar|55/100 tox|[from] psn
|upkeep
|turn|12
|inactive|icanttext has 30 seconds left.
|
|t:|1783625060
|switch|p1b: Venusaur|Venusaur, L50, M, shiny|52/100
|move|p2b: Sinistcha|Life Dew|p2b: Sinistcha|[spread] p2a,p2b
|-heal|p2a: Incineroar|81/100 tox
|-heal|p2b: Sinistcha|100/100
|move|p2a: Incineroar|Snarl|p1a: Toxapex|[spread] p1b
|-miss|p2a: Incineroar|p1a: Toxapex
|-damage|p1b: Venusaur|38/100
|-unboost|p1b: Venusaur|spa|1
|move|p1a: Toxapex|Toxic|p2b: Sinistcha
|-status|p2b: Sinistcha|tox
|
|-heal|p1a: Toxapex|91/100|[from] item: Leftovers
|-damage|p2b: Sinistcha|93/100 tox|[from] psn
|-damage|p2a: Incineroar|51/100 tox|[from] psn
|upkeep
|turn|13
|inactive|SmolivStayStrong<3 has 30 seconds left.
|
|t:|1783625087
|move|p1b: Venusaur|Earth Power|p2a: Incineroar
|-supereffective|p2a: Incineroar|1
|-damage|p2a: Incineroar|33/100 tox
|move|p2b: Sinistcha|Matcha Gotcha|p1b: Venusaur|[spread] p1a,p1b
|-resisted|p1b: Venusaur|2
|-damage|p1a: Toxapex|71/100
|-heal|p2b: Sinistcha|100/100 tox|[from] drain|[of] p1a: Toxapex
|-damage|p1b: Venusaur|31/100
|move|p2a: Incineroar|Snarl|p1b: Venusaur|[spread] p1a,p1b
|-damage|p1a: Toxapex|61/100
|-damage|p1b: Venusaur|17/100
|-unboost|p1a: Toxapex|spa|1
|-unboost|p1b: Venusaur|spa|1
|move|p1a: Toxapex|Infestation|p2b: Sinistcha
|-damage|p2b: Sinistcha|98/100 tox
|-activate|p2b: Sinistcha|move: Infestation|[of] p1a: Toxapex
|
|-heal|p1a: Toxapex|67/100|[from] item: Leftovers
|-damage|p2b: Sinistcha|86/100 tox|[from] psn
|-damage|p2a: Incineroar|0 fnt|[from] psn
|faint|p2a: Incineroar
|-damage|p2b: Sinistcha|74/100 tox|[from] move: Infestation|[partiallytrapped]
|-sideend|p2: icanttext|move: Light Screen
|upkeep
|turn|14
|
|t:|1783625108
|-heal|p1a: Toxapex|100/100|[from] ability: Regenerator|[silent]
|switch|p1a: Charizard|Charizard-Mega-Y, L50, M|51/100
|-weather|SunnyDay|[from] ability: Drought|[of] p1a: Charizard
|move|p1b: Venusaur|Sludge Bomb|p2b: Sinistcha
|-damage|p2b: Sinistcha|55/100 tox
|move|p2b: Sinistcha|Matcha Gotcha|p1b: Venusaur|[spread] p1a,p1b
|-resisted|p1a: Charizard|2
|-resisted|p1b: Venusaur|2
|-damage|p1a: Charizard|46/100
|-heal|p2b: Sinistcha|58/100 tox|[from] drain|[of] p1a: Charizard
|-damage|p1b: Venusaur|11/100
|-heal|p2b: Sinistcha|61/100 tox|[from] drain|[of] p1b: Venusaur
|
|-weather|SunnyDay|[upkeep]
|-damage|p2b: Sinistcha|42/100 tox|[from] psn
|-end|p2b: Sinistcha|Infestation|[partiallytrapped]|[silent]
|upkeep
|turn|15
|c|☆SmolivStayStrong<3|gg
|
|t:|1783625131
|move|p2b: Sinistcha|Protect|p2b: Sinistcha
|-singleturn|p2b: Sinistcha|Protect
|move|p1b: Venusaur|Sludge Bomb|p2b: Sinistcha
|-activate|p2b: Sinistcha|move: Protect
|move|p1a: Charizard|Weather Ball|p2b: Sinistcha
|-activate|p2b: Sinistcha|move: Protect
|
|-weather|SunnyDay|[upkeep]
|-damage|p2b: Sinistcha|17/100 tox|[from] psn
|upkeep
|turn|16
|inactive|icanttext has 30 seconds left.
|
|t:|1783625144
|move|p2b: Sinistcha|Protect|p2b: Sinistcha
|-singleturn|p2b: Sinistcha|Protect
|move|p1b: Venusaur|Giga Drain|p1a: Charizard
|-resisted|p1a: Charizard|2
|-damage|p1a: Charizard|42/100
|-heal|p1b: Venusaur|14/100|[from] drain|[of] p1a: Charizard
|move|p1a: Charizard|Solar Beam||[still]
|-prepare|p1a: Charizard|Solar Beam
|-anim|p1a: Charizard|Solar Beam|p1b: Venusaur
|-resisted|p1b: Venusaur|2
|-damage|p1b: Venusaur|3/100
|
|-weather|SunnyDay|[upkeep]
|-damage|p2b: Sinistcha|0 fnt|[from] psn
|faint|p2b: Sinistcha
|
|win|SmolivStayStrong<3
|raw|SmolivStayStrong<3's rating: 1074 → 1105(+31 for winning)
|raw|icanttext's rating: 1096 → 1070(-26 for losing)
|l|☆icanttext
|player|p2|
