|j|☆LukarioVGC
|j|☆dialghite
|html|LukarioVGCdialghite    
|uhtml|bestof|Game 2 of a best-of-3
|t:|1756927217
|gametype|doubles
|player|p1|LukarioVGC|cynthia-gen4|
|player|p2|dialghite|volkner|
|gen|9
|tier|[Gen 9] VGC 2025 Reg H (Bo3)
|rule|Species Clause: Limit one of each Pokémon
|rule|Item Clause: Limit 1 of each item
|clearpoke
|poke|p1|Sneasler, L50, F|
|poke|p1|Kingambit, L50, M|
|poke|p1|Rillaboom, L50, F|
|poke|p1|Dragonite, L50, F|
|poke|p1|Volcarona, L50, F|
|poke|p1|Sinistcha, L50|
|poke|p2|Whimsicott, L50, M|
|poke|p2|Corviknight, L50, F|
|poke|p2|Indeedee, L50, M|
|poke|p2|Sneasler, L50, M|
|poke|p2|Ursaluna-Bloodmoon, L50, M|
|poke|p2|Archaludon, L50, F|
|teampreview|4
|showteam|p1|Sneasler||FocusSash|Unburden|DireClaw,CloseCombat,Coaching,FakeOut|||F|||50|,,,,,Ghost]Kingambit||BlackGlasses|Defiant|KowtowCleave,SwordsDance,SuckerPunch,Protect|||M|||50|,,,,,Dark]Rillaboom||AssaultVest|GrassySurge|FakeOut,WoodHammer,GrassyGlide,HighHorsepower|||F|||50|,,,,,Fire]Dragonite||LoadedDice|Multiscale|ScaleShot,ExtremeSpeed,Haze,Protect|||F|||50|,,,,,Fairy]Volcarona||CovertCloak|FlameBody|HeatWave,TeraBlast,QuiverDance,Protect|||F|||50|,,,,,Fairy]Sinistcha||SitrusBerry|Hospitality|MatchaGotcha,LifeDew,RagePowder,TrickRoom||||||50|,,,,,Dark
|showteam|p2|Whimsicott||CovertCloak|Prankster|Moonblast,Taunt,Tailwind,FakeTears|||M|||50|,,,,,Water]Corviknight||Leftovers|MirrorArmor|BraveBird,BulkUp,Tailwind,Roost|||F|||50|,,,,,Dragon]Indeedee||FocusSash|PsychicSurge|ExpandingForce,TeraBlast,Imprison,TrickRoom|||M|||50|,,,,,Psychic]Sneasler||PsychicSeed|Unburden|CloseCombat,DireClaw,ThroatChop,Protect|||M|||50|,,,,,Dark]Ursaluna-Bloodmoon||LifeOrb|MindsEye|HyperVoice,BloodMoon,EarthPower,Protect|||M|||50|,,,,,Normal]Archaludon||PowerHerb|Stalwart|ElectroShot,DragonPulse,Thunderbolt,Protect|||F|||50|,,,,,Electric
|inactive|Battle timer is ON: inactive players will automatically lose when time's up. (requested by dialghite)
|inactive|LukarioVGC has 60 seconds left.
|
|t:|1756927279
|teamsize|p1|4
|teamsize|p2|4
|start
|switch|p1a: Sinistcha|Sinistcha, L50|100/100
|switch|p1b: Dragonite|Dragonite, L50, F|100/100
|switch|p2a: Whimsicott|Whimsicott, L50, M|100/100
|switch|p2b: Archaludon|Archaludon, L50, F|100/100
|turn|1
|inactive|LukarioVGC has 30 seconds left.
|
|t:|1756927310
|move|p2a: Whimsicott|Taunt|p1a: Sinistcha
|-start|p1a: Sinistcha|move: Taunt
|move|p2b: Archaludon|Electro Shot||[still]
|-prepare|p2b: Archaludon|Electro Shot
|-boost|p2b: Archaludon|spa|1
|-enditem|p2b: Archaludon|Power Herb
|-anim|p2b: Archaludon|Electro Shot|p1b: Dragonite
|-damage|p1b: Dragonite|60/100
|move|p1b: Dragonite|Scale Shot|p2b: Archaludon
|-damage|p2b: Archaludon|89/100
|-damage|p2b: Archaludon|76/100
|-damage|p2b: Archaludon|65/100
|-damage|p2b: Archaludon|52/100
|-hitcount|p2b: Archaludon|4
|-unboost|p1b: Dragonite|def|1
|-boost|p1b: Dragonite|spe|1
|cant|p1a: Sinistcha|move: Taunt|Life Dew
|
|upkeep
|turn|2
|inactive|LukarioVGC has 30 seconds left.
|
|t:|1756927337
|move|p1b: Dragonite|Protect|p1b: Dragonite
|-singleturn|p1b: Dragonite|Protect
|move|p2a: Whimsicott|Fake Tears|p1a: Sinistcha
|-unboost|p1a: Sinistcha|spd|2
|move|p2b: Archaludon|Dragon Pulse|p1a: Sinistcha
|-damage|p1a: Sinistcha|0 fnt
|faint|p1a: Sinistcha
|
|upkeep
|
|t:|1756927353
|switch|p1a: Kingambit|Kingambit, L50, M|100/100
|turn|3
|
|t:|1756927373
|-terastallize|p2b: Archaludon|Electric
|move|p1b: Dragonite|Extreme Speed|p2b: Archaludon
|-damage|p2b: Archaludon|25/100
|move|p2a: Whimsicott|Tailwind|p2a: Whimsicott
|-sidestart|p2: dialghite|move: Tailwind
|move|p1a: Kingambit|Sucker Punch|p2b: Archaludon
|-damage|p2b: Archaludon|0 fnt
|faint|p2b: Archaludon
|
|upkeep
|
|t:|1756927381
|switch|p2b: Sneasler|Sneasler, L50, M|100/100
|turn|4
|inactive|LukarioVGC has 30 seconds left.
|inactive|dialghite has 30 seconds left.
|
|t:|1756927412
|move|p1b: Dragonite|Protect|p1b: Dragonite
|-singleturn|p1b: Dragonite|Protect
|move|p2a: Whimsicott|Moonblast|p1b: Dragonite
|-activate|p1b: Dragonite|move: Protect
|move|p2b: Sneasler|Dire Claw|p1b: Dragonite
|-activate|p1b: Dragonite|move: Protect
|move|p1a: Kingambit|Kowtow Cleave|p2a: Whimsicott
|-resisted|p2a: Whimsicott
|-damage|p2a: Whimsicott|64/100
|
|upkeep
|turn|5
|inactive|LukarioVGC has 30 seconds left.
|
|t:|1756927445
|-terastallize|p1b: Dragonite|Fairy
|move|p1a: Kingambit|Sucker Punch|p2a: Whimsicott
|-resisted|p2a: Whimsicott
|-damage|p2a: Whimsicott|36/100
|move|p2a: Whimsicott|Moonblast|p1b: Dragonite
|-damage|p1b: Dragonite|32/100
|move|p2b: Sneasler|Dire Claw|p1b: Dragonite
|-supereffective|p1b: Dragonite
|-damage|p1b: Dragonite|0 fnt
|faint|p1b: Dragonite
|
|upkeep
|
|t:|1756927455
|switch|p1b: Volcarona|Volcarona, L50, F|100/100
|turn|6
|
|t:|1756927467
|move|p1a: Kingambit|Protect|p1a: Kingambit
|-singleturn|p1a: Kingambit|Protect
|move|p2a: Whimsicott|Taunt|p1b: Volcarona
|-start|p1b: Volcarona|move: Taunt
|move|p2b: Sneasler|Close Combat|p1a: Kingambit
|-activate|p1a: Kingambit|move: Protect
|move|p1b: Volcarona|Heat Wave|p2a: Whimsicott|[spread] p2a,p2b
|-supereffective|p2a: Whimsicott
|-damage|p2a: Whimsicott|0 fnt
|-damage|p2b: Sneasler|52/100
|faint|p2a: Whimsicott
|
|-sideend|p2: dialghite|move: Tailwind
|upkeep
|
|t:|1756927470
|switch|p2a: Indeedee|Indeedee, L50, M|100/100
|-fieldstart|move: Psychic Terrain|[from] ability: Psychic Surge|[of] p2a: Indeedee
|-enditem|p2b: Sneasler|Psychic Seed
|-boost|p2b: Sneasler|spd|1|[from] item: Psychic Seed
|turn|7
|inactive|LukarioVGC has 30 seconds left.
|
|t:|1756927499
|move|p2b: Sneasler|Close Combat|p1a: Kingambit
|-supereffective|p1a: Kingambit
|-damage|p1a: Kingambit|0 fnt
|-unboost|p2b: Sneasler|def|1
|-unboost|p2b: Sneasler|spd|1
|faint|p1a: Kingambit
|move|p2a: Indeedee|Expanding Force|p1b: Volcarona
|-damage|p1b: Volcarona|35/100
|move|p1b: Volcarona|Heat Wave|p2b: Sneasler|[spread] p2a,p2b
|-damage|p2a: Indeedee|53/100
|-damage|p2b: Sneasler|0 fnt
|faint|p2b: Sneasler
|
|upkeep
|turn|8
|
|t:|1756927511
|move|p2a: Indeedee|Expanding Force|p1b: Volcarona
|-damage|p1b: Volcarona|0 fnt
|faint|p1b: Volcarona
|
|win|dialghite
