|j|☆thaduck
|j|☆xDanyul
|html|thaduckxDanyul    
|uhtml|bestof|Game 1 of a best-of-3
|t:|1783204311
|gametype|doubles
|player|p1|thaduck|morty|1133
|player|p2|xDanyul|elaine|1141
|gen|9
|tier|[Gen 9 Champions] VGC 2026 Reg M-B (Bo3)
|rated|
|rule|Species Clause: Limit one of each Pokémon
|rule|Item Clause: Limit 1 of each item
|clearpoke
|poke|p1|Whimsicott, L50, F|
|poke|p1|Gholdengo, L50|
|poke|p1|Raichu, L50, M|
|poke|p1|Garchomp, L50, M|
|poke|p1|Floette-Eternal, L50, F|
|poke|p1|Basculegion, L50, M|
|poke|p2|Dragalge, L50, F|
|poke|p2|Sinistcha, L50|
|poke|p2|Blaziken, L50, F|
|poke|p2|Sylveon, L50, F|
|poke|p2|Kingambit, L50, F|
|poke|p2|Aerodactyl, L50, F|
|teampreview|4
|showteam|p1|Whimsicott||FocusSash|Prankster|Tailwind,Moonblast,Protect,Encore|Timid||F|||50|]Gholdengo||LifeOrb|GoodasGold|MakeItRain,ShadowBall,NastyPlot,Protect|Modest|||||50|]Raichu||RaichuniteY|Static|ZapCannon,FocusBlast,FakeOut,Protect|Modest||M|||50|]Garchomp||SitrusBerry|RoughSkin|StompingTantrum,RockSlide,DragonClaw,Protect|Serious||M|||50|]Floette-Eternal||Floettite|FlowerVeil|Moonblast,LightofRuin,DazzlingGleam,Protect|Modest||F|||50|]Basculegion||MysticWater|Adaptability|WaveCrash,AquaJet,LastRespects,Protect|Adamant||M|||50|
|showteam|p2|Dragalge||Dragalgite|Adaptability|Protect,DracoMeteor,SludgeBomb,Thunderbolt|Calm||F|||50|]Sinistcha||CobaBerry|Hospitality|Protect,MatchaGotcha,TrickRoom,RagePowder|Calm|||||50|]Blaziken||LifeOrb|SpeedBoost|Detect,Overheat,CloseCombat,RockSlide|Naive||F|||50|]Sylveon||FairyFeather|Pixilate|Detect,HyperVoice,HyperBeam,QuickAttack|Modest||F|||50|]Kingambit||BlackGlasses|Defiant|Protect,KowtowCleave,SuckerPunch,LowKick|Adamant||F|||50|]Aerodactyl||Aerodactylite|Unnerve|RockSlide,DualWingbeat,IceFang,Tailwind|Jolly||F|||50|
|inactive|Battle timer is ON: inactive players will automatically lose when time's up. (requested by xDanyul)
|inactive|thaduck has 60 seconds left.
|inactive|xDanyul has 60 seconds left.
|
|t:|1783204370
|teamsize|p1|4
|teamsize|p2|4
|start
|switch|p1a: Gholdengo|Gholdengo, L50|100/100
|switch|p1b: Raichu|Raichu, L50, M|100/100
|switch|p2a: Aerodactyl|Aerodactyl, L50, F|100/100
|switch|p2b: Kingambit|Kingambit, L50, F|100/100
|-ability|p2a: Aerodactyl|Unnerve
|turn|1
|inactive|xDanyul has 30 seconds left.
|
|t:|1783204398
|switch|p2a: Sinistcha|Sinistcha, L50|100/100
|detailschange|p1b: Raichu|Raichu-Mega-Y, L50, M
|-mega|p1b: Raichu|Raichu|Raichunite Y
|move|p2b: Kingambit|Protect|p2b: Kingambit
|-singleturn|p2b: Kingambit|Protect
|move|p1b: Raichu|Focus Blast|p2b: Kingambit
|-activate|p2b: Kingambit|move: Protect
|move|p1a: Gholdengo|Nasty Plot|p1a: Gholdengo
|-boost|p1a: Gholdengo|spa|2
|
|upkeep
|turn|2
|inactive|xDanyul has 30 seconds left.
|
|t:|1783204428
|move|p1a: Gholdengo|Protect|p1a: Gholdengo
|-singleturn|p1a: Gholdengo|Protect
|move|p2b: Kingambit|Sucker Punch||[still]
|-fail|p2b: Kingambit
|move|p1b: Raichu|Zap Cannon|p2b: Kingambit
|-damage|p2b: Kingambit|21/100
|-status|p2b: Kingambit|par
|move|p2a: Sinistcha|Trick Room|p2a: Sinistcha
|-fieldstart|move: Trick Room|[of] p2a: Sinistcha
|
|upkeep
|turn|3
|
|t:|1783204451
|move|p2b: Kingambit|Kowtow Cleave|p1a: Gholdengo
|-supereffective|p1a: Gholdengo|1
|-damage|p1a: Gholdengo|0 fnt
|faint|p1a: Gholdengo
|move|p2a: Sinistcha|Matcha Gotcha|p1b: Raichu
|-damage|p1b: Raichu|52/100
|move|p1b: Raichu|Zap Cannon|p2b: Kingambit
|-damage|p2b: Kingambit|0 fnt
|faint|p2b: Kingambit
|
|upkeep
|
|t:|1783204457
|switch|p2b: Sylveon|Sylveon, L50, F|100/100
|switch|p1a: Whimsicott|Whimsicott, L50, F|100/100
|turn|4
|
|t:|1783204463
|move|p1b: Raichu|Protect|p1b: Raichu
|-singleturn|p1b: Raichu|Protect
|move|p2a: Sinistcha|Matcha Gotcha|p1b: Raichu|[spread] p1a
|-activate|p1b: Raichu|move: Protect
|-resisted|p1a: Whimsicott|1
|-damage|p1a: Whimsicott|81/100
|move|p2b: Sylveon|Hyper Voice|p1a: Whimsicott|[spread] p1a
|-activate|p1b: Raichu|move: Protect
|-damage|p1a: Whimsicott|0 fnt
|faint|p1a: Whimsicott
|
|upkeep
|
|t:|1783204466
|switch|p1a: Garchomp|Garchomp, L50, M|100/100
|turn|5
|
|t:|1783204471
|move|p1b: Raichu|Protect||[still]
|-fail|p1b: Raichu
|move|p2a: Sinistcha|Matcha Gotcha|p1b: Raichu|[spread] p1b
|-miss|p2a: Sinistcha|p1a: Garchomp
|-damage|p1b: Raichu|15/100
|move|p2b: Sylveon|Hyper Voice|p1a: Garchomp|[spread] p1a,p1b
|-supereffective|p1a: Garchomp|1
|-crit|p1b: Raichu
|-damage|p1a: Garchomp|5/100
|-damage|p1b: Raichu|0 fnt
|-enditem|p1a: Garchomp|Sitrus Berry|[eat]
|-heal|p1a: Garchomp|30/100|[from] item: Sitrus Berry
|faint|p1b: Raichu
|move|p1a: Garchomp|Rock Slide|p2a: Sinistcha|[spread] p2a,p2b
|-damage|p2a: Sinistcha|83/100
|-damage|p2b: Sylveon|76/100
|
|upkeep
|turn|6
|
|t:|1783204475
|move|p2a: Sinistcha|Matcha Gotcha|p1a: Garchomp
|-damage|p1a: Garchomp|0 fnt
|-heal|p2a: Sinistcha|100/100|[from] drain|[of] p1a: Garchomp
|faint|p1a: Garchomp
|
|win|xDanyul
||xDanyul is ready for game 2.
||thaduck is ready for game 2.
|uhtml|next|Next: Game 2 of 3
