|j|☆EchoShadowYT
|j|☆lalalaing
|html|EchoShadowYTlalalaing    
|uhtml|bestof|Game 2 of a best-of-3
|t:|1786052741
|gametype|doubles
|player|p1|EchoShadowYT|skierf|1313
|player|p2|lalalaing|birdkeeper|1326
|gen|9
|tier|[Gen 9 Champions] VGC 2026 Reg M-B (Bo3)
|rated|
|rule|Species Clause: Limit one of each Pokémon
|rule|Item Clause: Limit 1 of each item
|clearpoke
|poke|p1|Floette-Eternal, L50, F|
|poke|p1|Maushold, L50|
|poke|p1|Garchomp, L50, F|
|poke|p1|Talonflame, L50, F|
|poke|p1|Raichu, L50, M|
|poke|p1|Kingambit, L50, F|
|poke|p2|Gengar, L50, M|
|poke|p2|Swampert, L50, F|
|poke|p2|Kommo-o, L50, M|
|poke|p2|Politoed, L50, M|
|poke|p2|Vivillon-Marine, L50, F|
|poke|p2|Incineroar, L50, M|
|teampreview|4
|showteam|p1|Floette-Eternal||Floettite|FlowerVeil|DazzlingGleam,Moonblast,LightofRuin,Protect|Timid||F|||50|]Maushold||WideLens|Technician|PopulationBomb,FollowMe,Feint,Protect|Jolly|||||50|]Garchomp||SitrusBerry|RoughSkin|DragonClaw,Earthquake,RockSlide,Protect|Adamant||F|||50|]Talonflame||Charcoal|GaleWings|Tailwind,QuickGuard,Overheat,Protect|Timid||F|||50|]Raichu||RaichuniteY|LightningRod|ZapCannon,FocusBlast,FakeOut,Protect|Timid||M|||50|]Kingambit||FocusSash|Defiant|KowtowCleave,SuckerPunch,IronHead,Protect|Adamant||F|||50|
|showteam|p2|Gengar||Gengarite|CursedBody|ShadowBall,PerishSong,Disable,Protect|Modest||M|||50|]Swampert||Swampertite|Torrent|WaveCrash,Earthquake,IcePunch,Protect|Adamant||F|||50|]Kommo-o||Leftovers|Soundproof|ClangingScales,AuraSphere,ClangorousSoul,Protect|Modest||M|||50|]Politoed||SitrusBerry|Drizzle|WeatherBall,Encore,PerishSong,Protect|Calm||M|||50|]Vivillon-Marine||FocusSash|CompoundEyes|Hurricane,SleepPowder,RagePowder,Protect|Timid||F|||50|]Incineroar||ChopleBerry|Intimidate|ThroatChop,FakeOut,PartingShot,Protect|Impish||M|||50|
|inactive|Battle timer is ON: inactive players will automatically lose when time's up. (requested by EchoShadowYT)
|
|t:|1786052769
|teamsize|p1|4
|teamsize|p2|4
|start
|switch|p1a: Garchomp|Garchomp, L50, F|100/100
|switch|p1b: Talonflame|Talonflame, L50, F|100/100
|switch|p2a: Gengar|Gengar, L50, M|100/100
|switch|p2b: Incineroar|Incineroar, L50, M|100/100
|-ability|p2b: Incineroar|Intimidate|boost
|-unboost|p1a: Garchomp|atk|1
|-unboost|p1b: Talonflame|atk|1
|turn|1
|
|t:|1786052793
|switch|p2a: Vivillon|Vivillon-Marine, L50, F|100/100
|move|p1b: Talonflame|Quick Guard|p1b: Talonflame
|-singleturn|p1b: Talonflame|Quick Guard
|move|p1a: Garchomp|Earthquake|p2a: Vivillon|[spread] p2b
|-immune|p1b: Talonflame
|-immune|p2a: Vivillon
|-supereffective|p2b: Incineroar|1
|-crit|p2b: Incineroar
|-damage|p2b: Incineroar|1/100
|move|p2b: Incineroar|Parting Shot|p1a: Garchomp
|-unboost|p1a: Garchomp|atk|1
|-unboost|p1a: Garchomp|spa|1
|
|t:|1786052804
|switch|p2b: Kommo-o|Kommo-o, L50, M|100/100|[from] Parting Shot
|
|upkeep
|turn|2
|
|t:|1786052818
|move|p1b: Talonflame|Tailwind|p1b: Talonflame
|-sidestart|p1: EchoShadowYT|move: Tailwind
|move|p1a: Garchomp|Rock Slide|p2b: Kommo-o|[spread] p2a,p2b
|-supereffective|p2a: Vivillon|2
|-resisted|p2b: Kommo-o|1
|-damage|p2a: Vivillon|31/100
|-damage|p2b: Kommo-o|95/100
|move|p2a: Vivillon|Sleep Powder|p1a: Garchomp
|-status|p1a: Garchomp|slp|[from] move: Sleep Powder
|cant|p2b: Kommo-o|flinch
|
|-heal|p2b: Kommo-o|100/100|[from] item: Leftovers
|upkeep
|turn|3
|
|t:|1786052836
|switch|p1a: Maushold|Maushold, L50|100/100
|move|p2a: Vivillon|Protect|p2a: Vivillon
|-singleturn|p2a: Vivillon|Protect
|move|p2b: Kommo-o|Protect|p2b: Kommo-o
|-singleturn|p2b: Kommo-o|Protect
|move|p1b: Talonflame|Overheat|p2a: Vivillon
|-activate|p2a: Vivillon|move: Protect
|
|upkeep
|turn|4
|
|t:|1786052849
|switch|p2a: Incineroar|Incineroar, L50, M|1/100
|-ability|p2a: Incineroar|Intimidate|boost
|-unboost|p1a: Maushold|atk|1
|-unboost|p1b: Talonflame|atk|1
|move|p1b: Talonflame|Overheat|p2a: Incineroar|[miss]
|-miss|p1b: Talonflame|p2a: Incineroar
|move|p1a: Maushold|Population Bomb|p2b: Kommo-o
|-damage|p2b: Kommo-o|92/100
|-damage|p2b: Kommo-o|85/100
|-damage|p2b: Kommo-o|77/100
|-damage|p2b: Kommo-o|71/100
|-damage|p2b: Kommo-o|65/100
|-damage|p2b: Kommo-o|58/100
|-damage|p2b: Kommo-o|51/100
|-damage|p2b: Kommo-o|45/100
|-damage|p2b: Kommo-o|38/100
|-damage|p2b: Kommo-o|31/100
|-hitcount|p2b: Kommo-o|10
|move|p2b: Kommo-o|Clangorous Soul||[still]
|-fail|p2b: Kommo-o
|
|-heal|p2b: Kommo-o|37/100|[from] item: Leftovers
|upkeep
|turn|5
|inactive|EchoShadowYT has 30 seconds left.
|inactive|lalalaing has 30 seconds left.
|
|t:|1786052881
|move|p1b: Talonflame|Quick Guard|p1b: Talonflame
|-singleturn|p1b: Talonflame|Quick Guard
|move|p2a: Incineroar|Fake Out|p1a: Maushold
|-activate|p1a: Maushold|move: Quick Guard
|move|p1a: Maushold|Population Bomb|p2b: Kommo-o
|-damage|p2b: Kommo-o|30/100
|-damage|p2b: Kommo-o|21/100
|-damage|p2b: Kommo-o|14/100
|-damage|p2b: Kommo-o|6/100
|-damage|p2b: Kommo-o|0 fnt
|faint|p2b: Kommo-o
|-hitcount|p2: Kommo-o|5
|
|-sideend|p1: EchoShadowYT|move: Tailwind
|upkeep
|-message|lalalaing forfeited.
|
|win|EchoShadowYT
|l|☆lalalaing
|player|p2|
||lalalaing is ready for game 3.
||EchoShadowYT is ready for game 3.
|uhtml|next|Next: Game 3 of 3
