|j|☆PinkSpaceDragon
|j|☆THESENATE56
|html|PinkSpaceDragonTHESENATE56    
|uhtml|bestof|Game 2 of a best-of-3
|t:|1785776958
|gametype|doubles
|player|p1|PinkSpaceDragon|lass-gen4dp|1000
|player|p2|THESENATE56|lucas|1046
|gen|9
|tier|[Gen 9 Champions] VGC 2026 Reg M-B (Bo3)
|rated|
|rule|Species Clause: Limit one of each Pokémon
|rule|Item Clause: Limit 1 of each item
|clearpoke
|poke|p1|Charizard, L50, F|
|poke|p1|Tsareena, L50, F|
|poke|p1|Aromatisse, L50, F|
|poke|p1|Garchomp, L50, M|
|poke|p1|Kingambit, L50, F|
|poke|p1|Aerodactyl, L50, M|
|poke|p2|Meowstic, L50, M, shiny|
|poke|p2|Armarouge, L50, F, shiny|
|poke|p2|Incineroar, L50, M, shiny|
|poke|p2|Charizard, L50, M, shiny|
|poke|p2|Whimsicott, L50, F, shiny|
|poke|p2|Metagross, L50, shiny|
|teampreview|4
|showteam|p1|Charizard||CharizarditeY|Blaze|Protect,WeatherBall,HeatWave,SolarBeam|Modest||F|||50|]Tsareena||WideLens|QueenlyMajesty|Protect,TropKick,TripleAxel,LowKick|Adamant||F|||50|]Aromatisse||SitrusBerry|AromaVeil|Moonblast,HelpingHand,Encore,TrickRoom|Sassy||F|||50|]Garchomp||LifeOrb|RoughSkin|Protect,DragonClaw,Earthquake,RockSlide|Jolly||M|||50|]Kingambit||FocusSash|Defiant|KowtowCleave,IronHead,LowKick,SuckerPunch|Adamant||F|||50|]Aerodactyl||Aerodactylite|Unnerve|WideGuard,RockSlide,DualWingbeat,Tailwind|Jolly||M|||50|
|showteam|p2|Meowstic||Leftovers|Prankster|PsychicTerrain,FakeOut,FakeTears,Psychic|Sassy||M|||50|]Armarouge||LifeOrb|FlashFire|TrickRoom,ExpandingForce,Protect,HeatWave|Quiet||F|||50|]Incineroar||WhiteHerb|Intimidate|CloseCombat,FlareBlitz,FakeOut,Protect|Serious||M|||50|]Charizard||CharizarditeX|Blaze|FlareBlitz,DragonClaw,DragonDance,Protect|Adamant||M|||50|]Whimsicott||FocusSash|Prankster|Tailwind,SunnyDay,Moonblast,Encore|Modest||F|||50|]Metagross||Metagrossite|ClearBody|MeteorMash,StompingTantrum,Protect,PsychicFangs|Adamant|||||50|
|
|t:|1785776974
|teamsize|p1|4
|teamsize|p2|4
|start
|switch|p1a: Kingambit|Kingambit, L50, F|100/100
|switch|p1b: Garchomp|Garchomp, L50, M|100/100
|switch|p2a: Incineroar|Incineroar, L50, M, shiny|100/100
|switch|p2b: Charizard|Charizard, L50, M, shiny|100/100
|-ability|p2a: Incineroar|Intimidate|boost
|-unboost|p1a: Kingambit|atk|1
|-ability|p1a: Kingambit|Defiant|boost
|-boost|p1a: Kingambit|atk|2
|-unboost|p1b: Garchomp|atk|1
|turn|1
|inactive|Battle timer is ON: inactive players will automatically lose when time's up. (requested by THESENATE56)
|
|t:|1785777003
|switch|p1b: Aromatisse|Aromatisse, L50, F|100/100
|move|p2a: Incineroar|Fake Out|p1a: Kingambit
|-resisted|p1a: Kingambit|1
|-damage|p1a: Kingambit|94/100
|cant|p1a: Kingambit|flinch
|move|p2b: Charizard|Dragon Dance|p2b: Charizard
|-boost|p2b: Charizard|atk|1
|-boost|p2b: Charizard|spe|1
|
|upkeep
|turn|2
|
|t:|1785777018
|detailschange|p2b: Charizard|Charizard-Mega-X, L50, M, shiny
|-mega|p2b: Charizard|Charizard|Charizardite X
|move|p1b: Aromatisse|Helping Hand|p1a: Kingambit
|-singleturn|p1a: Kingambit|Helping Hand|[of] p1b: Aromatisse
|move|p2b: Charizard|Protect|p2b: Charizard
|-singleturn|p2b: Charizard|Protect
|move|p1a: Kingambit|Sucker Punch||[still]
|-fail|p1a: Kingambit
|move|p2a: Incineroar|Flare Blitz|p1a: Kingambit
|-supereffective|p1a: Kingambit|1
|-damage|p1a: Kingambit|0 fnt
|faint|p1a: Kingambit
|-damage|p2a: Incineroar|68/100|[from] Recoil
|
|upkeep
|
|t:|1785777029
|switch|p1a: Aerodactyl|Aerodactyl, L50, M|100/100
|-ability|p1a: Aerodactyl|Unnerve
|turn|3
|
|t:|1785777043
|detailschange|p1a: Aerodactyl|Aerodactyl-Mega, L50, M
|-mega|p1a: Aerodactyl|Aerodactyl|Aerodactylite
|move|p1b: Aromatisse|Helping Hand|p1a: Aerodactyl
|-singleturn|p1a: Aerodactyl|Helping Hand|[of] p1b: Aromatisse
|move|p2b: Charizard|Dragon Claw|p1a: Aerodactyl
|-damage|p1a: Aerodactyl|9/100
|move|p1a: Aerodactyl|Rock Slide|p2a: Incineroar|[spread] p2a
|-miss|p1a: Aerodactyl|p2b: Charizard
|-supereffective|p2a: Incineroar|1
|-damage|p2a: Incineroar|0 fnt
|faint|p2a: Incineroar
|
|upkeep
|
|t:|1785777061
|switch|p2a: Whimsicott|Whimsicott, L50, F, shiny|100/100
|turn|4
|
|t:|1785777074
|move|p2b: Charizard|Dragon Claw|p1a: Aerodactyl
|-damage|p1a: Aerodactyl|0 fnt
|faint|p1a: Aerodactyl
|move|p2a: Whimsicott|Moonblast|p1b: Aromatisse
|-damage|p1b: Aromatisse|72/100
|move|p1b: Aromatisse|Trick Room|p1b: Aromatisse
|-fieldstart|move: Trick Room|[of] p1b: Aromatisse
|
|upkeep
|
|t:|1785777077
|switch|p1a: Garchomp|Garchomp, L50, M|100/100
|turn|5
|
|t:|1785777093
|move|p1a: Garchomp|Protect|p1a: Garchomp
|-singleturn|p1a: Garchomp|Protect
|move|p2b: Charizard|Protect|p2b: Charizard
|-singleturn|p2b: Charizard|Protect
|move|p2a: Whimsicott|Encore|p1b: Aromatisse
|-block|p1b: Aromatisse|ability: Aroma Veil|[of] p1b: Aromatisse
|move|p1b: Aromatisse|Moonblast|p2a: Whimsicott
|-damage|p2a: Whimsicott|51/100
|
|upkeep
|turn|6
|
|t:|1785777116
|switch|p2b: Metagross|Metagross, L50, shiny|100/100
|move|p1b: Aromatisse|Encore||[still]
|-fail|p1b: Aromatisse
|move|p2a: Whimsicott|Moonblast|p1a: Garchomp
|-supereffective|p1a: Garchomp|1
|-damage|p1a: Garchomp|22/100
|-unboost|p1a: Garchomp|spa|1
|move|p1a: Garchomp|Rock Slide|p2a: Whimsicott|[spread] p2a,p2b
|-resisted|p2b: Metagross|1
|-damage|p2a: Whimsicott|13/100
|-damage|p2b: Metagross|91/100
|-damage|p1a: Garchomp|12/100|[from] item: Life Orb
|
|upkeep
|turn|7
|
|t:|1785777133
|move|p1a: Garchomp|Protect|p1a: Garchomp
|-singleturn|p1a: Garchomp|Protect
|move|p1b: Aromatisse|Moonblast|p2a: Whimsicott
|-crit|p2a: Whimsicott
|-damage|p2a: Whimsicott|0 fnt
|faint|p2a: Whimsicott
|move|p2b: Metagross|Meteor Mash|p1b: Aromatisse
|-supereffective|p1b: Aromatisse|1
|-damage|p1b: Aromatisse|0 fnt
|faint|p1b: Aromatisse
|
|upkeep
|
|t:|1785777144
|switch|p2a: Charizard|Charizard-Mega-X, L50, M, shiny|100/100
|turn|8
|
|t:|1785777154
|move|p1a: Garchomp|Protect|p1a: Garchomp
|-singleturn|p1a: Garchomp|Protect
|move|p2b: Metagross|Psychic Fangs|p1a: Garchomp
|-activate|p1a: Garchomp|move: Protect
|move|p2a: Charizard|Dragon Claw|p1a: Garchomp
|-activate|p1a: Garchomp|move: Protect
|
|-fieldend|move: Trick Room
|upkeep
|turn|9
|
|t:|1785777167
|move|p1a: Garchomp|Earthquake|p2b: Metagross|[spread] p2a,p2b
|-supereffective|p2a: Charizard|1
|-supereffective|p2b: Metagross|1
|-damage|p2a: Charizard|0 fnt
|-damage|p2b: Metagross|11/100
|faint|p2a: Charizard
|-damage|p1a: Garchomp|2/100|[from] item: Life Orb
|move|p2b: Metagross|Psychic Fangs|p1a: Garchomp
|-damage|p1a: Garchomp|0 fnt
|-damage|p2b: Metagross|0 fnt|[from] ability: Rough Skin|[of] p1a: Garchomp
|faint|p1a: Garchomp
|faint|p2b: Metagross
|
|win|THESENATE56
