|j|☆0-x ft wayne
|j|☆11880USERSONLINE
|html|0-x ft wayne11880USERSONLINE    
|uhtml|bestof|Game 3 of a best-of-3
|t:|1756324879
|gametype|doubles
|player|p1|0-x ft wayne|kamado-armor|1208
|player|p2|11880USERSONLINE|2|1197
|gen|9
|tier|[Gen 9] VGC 2025 Reg H (Bo3)
|rated|
|rule|Species Clause: Limit one of each Pokémon
|rule|Item Clause: Limit 1 of each item
|clearpoke
|poke|p1|Garchomp, L50, F|
|poke|p1|Sneasler, L50, M|
|poke|p1|Vivillon-Continental, L50, F|
|poke|p1|Ninetales-Alola, L50, M|
|poke|p1|Incineroar, L50, M|
|poke|p1|Dragonite, L50, F|
|poke|p2|Rillaboom, L50, M|
|poke|p2|Kingambit, L50, F|
|poke|p2|Sneasler, L50, F|
|poke|p2|Dragonite, L50, F|
|poke|p2|Magmar, L50, M|
|poke|p2|Dondozo, L50, F|
|teampreview|4
|showteam|p1|Garchomp||LifeOrb|RoughSkin|Earthquake,DragonClaw,StompingTantrum,Protect|||F|||50|,,,,,Ground]Sneasler||WhiteHerb|Unburden|Coaching,Protect,DireClaw,CloseCombat|||M|||50|,,,,,Stellar]Vivillon-Continental||FocusSash|CompoundEyes|Hurricane,SleepPowder,RagePowder,Protect|||F|||50|,,,,,Ghost]Ninetales-Alola||CovertCloak|SnowWarning|Blizzard,Encore,FreezeDry,IcyWind|||M|||50|,,,,,Ghost]Incineroar||SafetyGoggles|Intimidate|FakeOut,FlareBlitz,KnockOff,PartingShot|||M|||50|,,,,,Ghost]Dragonite||LoadedDice|InnerFocus|TeraBlast,ScaleShot,Tailwind,Protect|||F|||50|,,,,,Flying
|showteam|p2|Rillaboom||AssaultVest|GrassySurge|WoodHammer,GrassyGlide,HighHorsepower,FakeOut|||M|||50|,,,,,Water]Kingambit||BlackGlasses|Defiant|KowtowCleave,SuckerPunch,SwordsDance,Protect|||F|||50|,,,,,Ghost]Sneasler||FocusSash|Unburden|DireClaw,CloseCombat,Coaching,Protect|||F|||50|,,,,,Stellar]Dragonite||LoadedDice|Multiscale|ScaleShot,StompingTantrum,Haze,Protect|||F|||50|,,,,,Fairy]Magmar||Eviolite|VitalSpirit|Overheat,WillOWisp,FollowMe,Protect|||M|||50|,,,,,Ghost]Dondozo||Leftovers|Unaware|Liquidation,Fissure,Yawn,Protect|||F|||50|,,,,,Bug
|
|t:|1756324893
|teamsize|p1|4
|teamsize|p2|4
|start
|switch|p1a: Kaladin|Garchomp, L50, F, shiny|100/100
|switch|p1b: Dragonite|Dragonite, L50, F|100/100
|switch|p2a: Dragonite|Dragonite, L50, F|100/100
|switch|p2b: Magmar|Magmar, L50, M|100/100
|turn|1
|inactive|Battle timer is ON: inactive players will automatically lose when time's up. (requested by 0-x ft wayne)
|
|t:|1756324952
|-terastallize|p1b: Dragonite|Flying
|move|p1a: Kaladin|Earthquake|p2a: Dragonite|[spread] p2b
|-immune|p1b: Dragonite
|-immune|p2a: Dragonite
|-supereffective|p2b: Magmar
|-damage|p2b: Magmar|27/100
|-damage|p1a: Kaladin|91/100|[from] item: Life Orb
|move|p1b: Dragonite|Tera Blast|p2b: Magmar|[anim] Tera Blast Flying
|-damage|p2b: Magmar|0 fnt
|faint|p2b: Magmar
|move|p2a: Dragonite|Scale Shot|p1a: Kaladin|[miss]
|-miss|p2a: Dragonite|p1a: Kaladin
|
|upkeep
|c|☆0-x ft wayne|what a format
|
|t:|1756324971
|switch|p2b: Sneasler|Sneasler, L50, F|100/100
|turn|2
|
|t:|1756324986
|switch|p1b: Dalinar|Incineroar, L50, M, shiny|100/100
|-ability|p1b: Dalinar|Intimidate|boost
|-unboost|p2a: Dragonite|atk|1
|-unboost|p2b: Sneasler|atk|1
|-terastallize|p2a: Dragonite|Fairy
|move|p1a: Kaladin|Protect|p1a: Kaladin
|-singleturn|p1a: Kaladin|Protect
|move|p2b: Sneasler|Dire Claw|p1b: Dalinar
|-damage|p1b: Dalinar|75/100
|move|p2a: Dragonite|Scale Shot|p1a: Kaladin
|-activate|p1a: Kaladin|move: Protect
|
|upkeep
|turn|3
|
|t:|1756325009
|switch|p1b: Dragonite|Dragonite, L50, F, tera:Flying|100/100
|move|p2b: Sneasler|Protect|p2b: Sneasler
|-singleturn|p2b: Sneasler|Protect
|move|p2a: Dragonite|Protect|p2a: Dragonite
|-singleturn|p2a: Dragonite|Protect
|move|p1a: Kaladin|Earthquake|p2b: Sneasler|[spread] 
|-activate|p2a: Dragonite|move: Protect
|-activate|p2b: Sneasler|move: Protect
|-immune|p1b: Dragonite
|
|upkeep
|turn|4
|
|t:|1756325028
|switch|p2a: Kingambit|Kingambit, L50, F|100/100
|move|p2b: Sneasler|Dire Claw|p1b: Dragonite
|-damage|p1b: Dragonite|69/100
|-status|p1b: Dragonite|par
|move|p1a: Kaladin|Earthquake|p2b: Sneasler|[spread] p2a,p2b
|-immune|p1b: Dragonite
|-supereffective|p2a: Kingambit
|-supereffective|p2b: Sneasler
|-damage|p2a: Kingambit|21/100
|-enditem|p2b: Sneasler|Focus Sash
|-damage|p2b: Sneasler|1/100
|-damage|p1a: Kaladin|81/100|[from] item: Life Orb
|move|p1b: Dragonite|Tera Blast|p2a: Kingambit|[anim] Tera Blast Flying
|-resisted|p2a: Kingambit
|-damage|p2a: Kingambit|0 fnt
|faint|p2a: Kingambit
|
|upkeep
|
|t:|1756325043
|switch|p2a: Dragonite|Dragonite, L50, F, tera:Fairy|100/100
|turn|5
|
|t:|1756325054
|move|p2b: Sneasler|Protect|p2b: Sneasler
|-singleturn|p2b: Sneasler|Protect
|move|p1a: Kaladin|Protect|p1a: Kaladin
|-singleturn|p1a: Kaladin|Protect
|move|p2a: Dragonite|Scale Shot|p1a: Kaladin
|-activate|p1a: Kaladin|move: Protect
|move|p1b: Dragonite|Tailwind|p1b: Dragonite
|-sidestart|p1: 0-x ft wayne|move: Tailwind
|
|upkeep
|turn|6
|
|t:|1756325066
|move|p2b: Sneasler|Coaching|p2a: Dragonite
|-boost|p2a: Dragonite|atk|1
|-boost|p2a: Dragonite|def|1
|move|p1a: Kaladin|Earthquake|p2a: Dragonite|[spread] p2a,p2b
|-immune|p1b: Dragonite
|-supereffective|p2b: Sneasler
|-damage|p2a: Dragonite|83/100
|-damage|p2b: Sneasler|0 fnt
|faint|p2b: Sneasler
|-damage|p1a: Kaladin|71/100|[from] item: Life Orb
|move|p2a: Dragonite|Scale Shot|p1a: Kaladin|[miss]
|-miss|p2a: Dragonite|p1a: Kaladin
|move|p1b: Dragonite|Tera Blast|p2a: Dragonite|[anim] Tera Blast Flying
|-damage|p2a: Dragonite|38/100
|
|upkeep
|turn|7
|c|☆0-x ft wayne|LOL
|c|☆11880USERSONLINE|:|
|
|t:|1756325088
|move|p1a: Kaladin|Earthquake|p2a: Dragonite|[spread] p2a
|-immune|p1b: Dragonite
|-damage|p2a: Dragonite|2/100
|-damage|p1a: Kaladin|61/100|[from] item: Life Orb
|move|p2a: Dragonite|Scale Shot|p1a: Kaladin
|-supereffective|p1a: Kaladin
|-damage|p1a: Kaladin|15/100
|-supereffective|p1a: Kaladin
|-damage|p1a: Kaladin|0 fnt
|faint|p1a: Kaladin
|-hitcount|p1: Kaladin|2
|-unboost|p2a: Dragonite|def|1
|-boost|p2a: Dragonite|spe|1
|cant|p1b: Dragonite|par
|
|upkeep
|
|t:|1756325091
|switch|p1a: Dalinar|Incineroar, L50, M, shiny|75/100
|-ability|p1a: Dalinar|Intimidate|boost
|-unboost|p2a: Dragonite|atk|1
|turn|8
|c|☆11880USERSONLINE|GOTTEM
|c|☆0-x ft wayne|yippee!!
|
|t:|1756325104
|switch|p1b: Sneasler|Sneasler, L50, M|100/100
|move|p2a: Dragonite|Protect|p2a: Dragonite
|-singleturn|p2a: Dragonite|Protect
|move|p1a: Dalinar|Fake Out|p2a: Dragonite
|-activate|p2a: Dragonite|move: Protect
|
|-sideend|p1: 0-x ft wayne|move: Tailwind
|upkeep
|turn|9
|
|t:|1756325110
|move|p2a: Dragonite|Stomping Tantrum|p1a: Dalinar
|-supereffective|p1a: Dalinar
|-damage|p1a: Dalinar|21/100
|move|p1b: Sneasler|Dire Claw|p2a: Dragonite
|-supereffective|p2a: Dragonite
|-damage|p2a: Dragonite|0 fnt
|faint|p2a: Dragonite
|
|win|0-x ft wayne
|raw|0-x ft wayne's rating: 1208 → 1232(+24 for winning)
|raw|11880USERSONLINE's rating: 1197 → 1173(-24 for losing)
