|j|☆freddyber
|j|☆alj-kun
|html|freddyberalj-kun    
|uhtml|bestof|Game 1 of a best-of-3
|t:|1786152819
|gametype|doubles
|player|p1|freddyber|102|1109
|player|p2|alj-kun|169|1119
|gen|9
|tier|[Gen 9 Champions] VGC 2026 Reg M-B (Bo3)
|rated|
|rule|Species Clause: Limit one of each Pokémon
|rule|Item Clause: Limit 1 of each item
|clearpoke
|poke|p1|Hatterene, L50, F|
|poke|p1|Slowbro, L50, M, shiny|
|poke|p1|Mawile, L50, F, shiny|
|poke|p1|Pelipper, L50, M|
|poke|p1|Basculegion, L50, M, shiny|
|poke|p1|Archaludon, L50, F|
|poke|p2|Tyranitar, L50, M|
|poke|p2|Excadrill, L50, M|
|poke|p2|Milotic, L50, F|
|poke|p2|Sinistcha-Masterpiece, L50|
|poke|p2|Staraptor, L50, M|
|poke|p2|Gholdengo, L50|
|teampreview|4
|showteam|p1|Hatterene||TwistedSpoon|MagicBounce|TrickRoom,AfterYou,DazzlingGleam,ExpandingForce|Modest||F|||50|]Slowbro||Slowbronite|Regenerator|PsychicTerrain,ExpandingForce,Scald,NastyPlot|Modest||M|||50|]Mawile||Mawilite|HyperCutter|PlayRough,PsychicFangs,Protect,KnockOff|Brave||F|||50|]Pelipper||ChartiBerry|Drizzle|WideGuard,WeatherBall,Hurricane,Uturn|Serious||M|||50|]Basculegion||LifeOrb|SwiftSwim|FlipTurn,LastRespects,WaveCrash,Protect|Adamant||M|||50|]Archaludon||ExpertBelt|Stamina|ElectroShot,FlashCannon,DracoMeteor,AuraSphere|Timid||F|||50|
|showteam|p2|Tyranitar||Tyranitarite|SandStream|RockSlide,KnockOff,LowKick,Protect|Jolly||M|||50|]Excadrill||FocusSash|SandRush|IronHead,HighHorsepower,RockSlide,Protect|Jolly||M|||50|]Milotic||Leftovers|Competitive|Scald,IcyWind,IceBeam,Protect|Calm||F|||50|]Sinistcha-Masterpiece||ColburBerry|Hospitality|MatchaGotcha,ShadowBall,Protect,RagePowder|Bold|||||50|]Staraptor||Staraptite|Intimidate|CloseCombat,BraveBird,Tailwind,Protect|Jolly||M|||50|]Gholdengo||LifeOrb|GoodasGold|ShadowBall,MakeItRain,NastyPlot,Protect|Modest|||||50|
|
|t:|1786152858
|teamsize|p1|4
|teamsize|p2|4
|start
|switch|p1a: Pelipper|Pelipper, L50, M|100/100
|switch|p1b: Basculegion|Basculegion, L50, M, shiny|100/100
|switch|p2a: Tyranitar|Tyranitar, L50, M|100/100
|switch|p2b: Excadrill|Excadrill, L50, M|100/100
|-weather|Sandstorm|[from] ability: Sand Stream|[of] p2a: Tyranitar
|-weather|RainDance|[from] ability: Drizzle|[of] p1a: Pelipper
|turn|1
|
|t:|1786152886
|detailschange|p2a: Tyranitar|Tyranitar-Mega, L50, M
|-mega|p2a: Tyranitar|Tyranitar|Tyranitarite
|-weather|Sandstorm|[from] ability: Sand Stream|[of] p2a: Tyranitar
|move|p2b: Excadrill|Protect|p2b: Excadrill
|-singleturn|p2b: Excadrill|Protect
|move|p1a: Pelipper|Wide Guard|p1a: Pelipper
|-singleturn|p1a: Pelipper|Wide Guard
|move|p2a: Tyranitar|Knock Off|p1b: Basculegion
|-supereffective|p1b: Basculegion|1
|-damage|p1b: Basculegion|0 fnt
|-enditem|p1b: Basculegion|Life Orb|[from] move: Knock Off|[of] p2a: Tyranitar
|faint|p1b: Basculegion
|
|-weather|Sandstorm|[upkeep]
|-damage|p1a: Pelipper|94/100|[from] Sandstorm
|upkeep
|
|t:|1786152898
|switch|p1b: Mawile|Mawile, L50, F, shiny|100/100
|turn|2
|
|t:|1786152920
|detailschange|p1b: Mawile|Mawile-Mega, L50, F, shiny
|-mega|p1b: Mawile|Mawile|Mawilite
|move|p2a: Tyranitar|Protect|p2a: Tyranitar
|-singleturn|p2a: Tyranitar|Protect
|move|p1b: Mawile|Protect|p1b: Mawile
|-singleturn|p1b: Mawile|Protect
|move|p2b: Excadrill|High Horsepower|p1b: Mawile
|-activate|p1b: Mawile|move: Protect
|move|p1a: Pelipper|U-turn|p2a: Tyranitar
|-activate|p2a: Tyranitar|move: Protect
|
|-weather|Sandstorm|[upkeep]
|-damage|p1a: Pelipper|88/100|[from] Sandstorm
|upkeep
|turn|3
|
|t:|1786152948
|switch|p2a: Sinistcha|Sinistcha-Masterpiece, L50|100/100
|move|p1a: Pelipper|Wide Guard|p1a: Pelipper
|-singleturn|p1a: Pelipper|Wide Guard
|move|p2b: Excadrill|High Horsepower|p1b: Mawile
|-supereffective|p1b: Mawile|1
|-damage|p1b: Mawile|0 fnt
|faint|p1b: Mawile
|
|-weather|Sandstorm|[upkeep]
|-damage|p2a: Sinistcha|94/100|[from] Sandstorm
|-damage|p1a: Pelipper|82/100|[from] Sandstorm
|upkeep
|
|t:|1786152955
|switch|p1b: Slowbro|Slowbro, L50, M, shiny|100/100
|turn|4
|
|t:|1786152964
|move|p2b: Excadrill|Rock Slide|p1b: Slowbro|[spread] p1a,p1b
|-supereffective|p1a: Pelipper|1
|-enditem|p1a: Pelipper|Charti Berry|[eat]
|-enditem|p1a: Pelipper|Charti Berry|[weaken]
|-damage|p1a: Pelipper|61/100
|-damage|p1b: Slowbro|84/100
|move|p2a: Sinistcha|Matcha Gotcha|p1b: Slowbro|[spread] p1a,p1b
|-supereffective|p1b: Slowbro|1
|-damage|p1a: Pelipper|26/100
|-heal|p2a: Sinistcha|100/100|[from] drain|[of] p1a: Pelipper
|-damage|p1b: Slowbro|35/100
|move|p1a: Pelipper|Hurricane|p2a: Sinistcha
|-supereffective|p2a: Sinistcha|1
|-damage|p2a: Sinistcha|0 fnt
|faint|p2a: Sinistcha
|move|p1b: Slowbro|Scald|p2b: Excadrill
|-supereffective|p2b: Excadrill|1
|-damage|p2b: Excadrill|8/100
|
|-weather|Sandstorm|[upkeep]
|-damage|p1a: Pelipper|20/100y|[from] Sandstorm
|-damage|p1b: Slowbro|29/100|[from] Sandstorm
|upkeep
|
|t:|1786152984
|switch|p2a: Tyranitar|Tyranitar-Mega, L50, M|100/100
|turn|5
|
|t:|1786153001
|move|p2b: Excadrill|Iron Head|p1a: Pelipper
|-resisted|p1a: Pelipper|1
|-damage|p1a: Pelipper|0 fnt
|faint|p1a: Pelipper
|move|p2a: Tyranitar|Knock Off|p1b: Slowbro
|-supereffective|p1b: Slowbro|1
|-damage|p1b: Slowbro|0 fnt
|faint|p1b: Slowbro
|
|win|alj-kun
||freddyber is ready for game 2.
|inactive|alj-kun has 30 seconds to confirm battle start!
||alj-kun is ready for game 2.
|uhtml|next|Next: Game 2 of 3
