|j|☆ladderal
|j|☆Sammias
|html|ladderalSammias    
|uhtml|bestof|Game 1 of a best-of-3
|t:|1756227939
|gametype|doubles
|player|p1|ladderal|265|1080
|player|p2|Sammias|miku-ground|1140
|gen|9
|tier|[Gen 9] VGC 2025 Reg H (Bo3)
|rated|
|rule|Species Clause: Limit one of each Pokémon
|rule|Item Clause: Limit 1 of each item
|clearpoke
|poke|p1|Kingambit, L50, M|
|poke|p1|Primarina, L50, F|
|poke|p1|Sneasler, L50, F|
|poke|p1|Magmar, L50, M|
|poke|p1|Rillaboom, L50, M|
|poke|p1|Dragapult, L50, M|
|poke|p2|Torkoal, L50, M|
|poke|p2|Typhlosion-Hisui, L50, F|
|poke|p2|Indeedee-F, L50, F|
|poke|p2|Amoonguss, L50, M|
|poke|p2|Sneasler, L50, F|
|poke|p2|Primarina, L50, F|
|teampreview|4
|showteam|p1|Kingambit||BlackGlasses|Defiant|KowtowCleave,SuckerPunch,SwordsDance,Protect|||M|||50|,,,,,Dark]Primarina||SitrusBerry|LiquidVoice|HyperVoice,Moonblast,Haze,Protect|||F|||50|,,,,,Poison]Sneasler||FocusSash|PoisonTouch|CloseCombat,DireClaw,FakeOut,Protect|||F|||50|,,,,,Ghost]Magmar||Eviolite|VitalSpirit|Overheat,WillOWisp,FollowMe,Protect|||M|||50|,,,,,Ghost]Rillaboom||AssaultVest|GrassySurge|WoodHammer,GrassyGlide,HighHorsepower,FakeOut|||M|||50|,,,,,Fire]Dragapult||ChoiceBand|ClearBody|DragonDarts,PhantomForce,Outrage,Uturn|||M|||50|,,,,,Dragon
|showteam|p2|Torkoal||Charcoal|Drought|Eruption,Overheat,EarthPower,Protect|||M|||50|,,,,,Fire]Typhlosion-Hisui||ChoiceScarf|Blaze|Eruption,HeatWave,ShadowBall,SolarBeam|||F|||50|,,,,,Fire]Indeedee-F||SitrusBerry|PsychicSurge|FollowMe,TrickRoom,HelpingHand,Psychic|||F|||50|,,,,,Fairy]Amoonguss||RockyHelmet|Regenerator|RagePowder,Spore,ClearSmog,PollenPuff|||M|||50|,,,,,Psychic]Sneasler||PsychicSeed|Unburden|DireClaw,CloseCombat,Taunt,Protect|||F|||50|,,,,,Dark]Primarina||ThroatSpray|LiquidVoice|HyperVoice,Moonblast,CalmMind,Protect|||F|||50|,,,,,Poison
|inactive|Battle timer is ON: inactive players will automatically lose when time's up. (requested by Sammias)
|inactive|ladderal has 60 seconds left.
|inactive|Sammias has 60 seconds left.
|inactive|Sammias has 30 seconds left.
|
|t:|1756228004
|teamsize|p1|4
|teamsize|p2|4
|start
|switch|p1a: Primarina|Primarina, L50, F|100/100
|switch|p1b: Dragapult|Dragapult, L50, M|100/100
|switch|p2a: Indeedee|Indeedee-F, L50, F|100/100
|switch|p2b: Sneasler|Sneasler, L50, F|100/100
|-fieldstart|move: Psychic Terrain|[from] ability: Psychic Surge|[of] p2a: Indeedee
|-enditem|p2b: Sneasler|Psychic Seed
|-boost|p2b: Sneasler|spd|1|[from] item: Psychic Seed
|turn|1
|inactive|ladderal has 30 seconds left.
|inactive|Sammias has 30 seconds left.
|inactive|Sammias has 20 seconds left.
|
|t:|1756228039
|-terastallize|p2a: Indeedee|Fairy
|-terastallize|p1a: Primarina|Poison
|move|p2a: Indeedee|Follow Me|p2a: Indeedee
|-singleturn|p2a: Indeedee|move: Follow Me
|move|p2b: Sneasler|Dire Claw|p1a: Primarina
|-resisted|p1a: Primarina
|-damage|p1a: Primarina|79/100
|move|p1b: Dragapult|U-turn|p2a: Indeedee
|-resisted|p2a: Indeedee
|-damage|p2a: Indeedee|73/100
|
|t:|1756228050
|switch|p1b: Rillaboom|Rillaboom, L50, M|100/100|[from] U-turn
|-fieldstart|move: Grassy Terrain|[from] ability: Grassy Surge|[of] p1b: Rillaboom
|move|p1a: Primarina|Hyper Voice|p2b: Sneasler|[spread] p2a,p2b
|-damage|p2a: Indeedee|49/100
|-damage|p2b: Sneasler|76/100
|-enditem|p2a: Indeedee|Sitrus Berry|[eat]
|-heal|p2a: Indeedee|74/100|[from] item: Sitrus Berry
|
|-heal|p2b: Sneasler|81/100|[from] Grassy Terrain
|-heal|p2a: Indeedee|80/100|[from] Grassy Terrain
|-heal|p1a: Primarina|85/100|[from] Grassy Terrain
|upkeep
|turn|2
|
|t:|1756228066
|switch|p2a: Amoonguss|Amoonguss, L50, M|100/100
|move|p2b: Sneasler|Protect|p2b: Sneasler
|-singleturn|p2b: Sneasler|Protect
|move|p1b: Rillaboom|Fake Out|p2b: Sneasler
|-activate|p2b: Sneasler|move: Protect
|move|p1a: Primarina|Moonblast|p2b: Sneasler
|-activate|p2b: Sneasler|move: Protect
|
|-heal|p2b: Sneasler|87/100|[from] Grassy Terrain
|-heal|p1a: Primarina|91/100|[from] Grassy Terrain
|upkeep
|turn|3
|inactive|Sammias has 30 seconds left.
|
|t:|1756228096
|move|p1a: Primarina|Protect|p1a: Primarina
|-singleturn|p1a: Primarina|Protect
|move|p2b: Sneasler|Dire Claw|p1b: Rillaboom
|-supereffective|p1b: Rillaboom
|-damage|p1b: Rillaboom|24/100
|move|p1b: Rillaboom|High Horsepower|p2b: Sneasler
|-supereffective|p2b: Sneasler
|-damage|p2b: Sneasler|0 fnt
|faint|p2b: Sneasler
|move|p2a: Amoonguss|Spore|p1a: Primarina
|-activate|p1a: Primarina|move: Protect
|
|-heal|p1b: Rillaboom|30/100|[from] Grassy Terrain
|-heal|p1a: Primarina|97/100|[from] Grassy Terrain
|upkeep
|
|t:|1756228111
|switch|p2b: Indeedee|Indeedee-F, L50, F, tera:Fairy|80/100
|-fieldstart|move: Psychic Terrain|[from] ability: Psychic Surge|[of] p2b: Indeedee
|turn|4
|
|t:|1756228132
|move|p1b: Rillaboom|Wood Hammer|p2b: Indeedee
|-damage|p2b: Indeedee|0 fnt
|faint|p2b: Indeedee
|-damage|p1b: Rillaboom|7/100|[from] Recoil
|move|p1a: Primarina|Hyper Voice|p2a: Amoonguss
|-resisted|p2a: Amoonguss
|-damage|p2a: Amoonguss|81/100
|move|p2a: Amoonguss|Pollen Puff|p1b: Rillaboom
|-supereffective|p1b: Rillaboom
|-damage|p1b: Rillaboom|0 fnt
|faint|p1b: Rillaboom
|
|upkeep
|
|t:|1756228146
|switch|p1b: Dragapult|Dragapult, L50, M|100/100
|switch|p2b: Primarina|Primarina, L50, F|100/100
|turn|5
|
|t:|1756228161
|move|p1b: Dragapult|Dragon Darts|p2a: Amoonguss
|-damage|p2a: Amoonguss|50/100
|-anim|p1b: Dragapult|Dragon Darts|p2a: Amoonguss
|-damage|p2a: Amoonguss|17/100
|move|p1a: Primarina|Hyper Voice|p2a: Amoonguss|[spread] p2a,p2b
|-resisted|p2a: Amoonguss
|-crit|p2a: Amoonguss
|-resisted|p2b: Primarina
|-damage|p2a: Amoonguss|0 fnt
|-damage|p2b: Primarina|88/100
|faint|p2a: Amoonguss
|move|p2b: Primarina|Hyper Voice|p1b: Dragapult|[spread] p1a,p1b
|-resisted|p1b: Dragapult
|-damage|p1a: Primarina|65/100
|-damage|p1b: Dragapult|75/100
|-enditem|p2b: Primarina|Throat Spray
|-boost|p2b: Primarina|spa|1|[from] item: Throat Spray
|
|upkeep
|turn|6
|inactive|ladderal has 30 seconds left.
|inactive|Sammias has 30 seconds left.
|
|t:|1756228193
|switch|p1b: Sneasler|Sneasler, L50, F|100/100
|move|p1a: Primarina|Moonblast|p2b: Primarina
|-damage|p2b: Primarina|53/100
|-unboost|p2b: Primarina|spa|1
|move|p2b: Primarina|Moonblast|p1b: Sneasler
|-damage|p1b: Sneasler|27/100
|-unboost|p1b: Sneasler|spa|1
|
|upkeep
|turn|7
|
|t:|1756228203
|move|p1b: Sneasler|Dire Claw|p2b: Primarina
|-supereffective|p2b: Primarina
|-damage|p2b: Primarina|0 fnt
|faint|p2b: Primarina
|
|win|ladderal
||ladderal is ready for game 2.
