|j|☆Dkcor
|j|☆kbcao
|html|Dkcorkbcao    
|uhtml|bestof|Game 2 of a best-of-3
|t:|1783020816
|gametype|doubles
|player|p1|Dkcor|1|1000
|player|p2|kbcao|170|1000
|gen|9
|tier|[Gen 9 Champions] VGC 2026 Reg M-B (Bo3)
|rated|
|rule|Species Clause: Limit one of each Pokémon
|rule|Item Clause: Limit 1 of each item
|clearpoke
|poke|p1|Aegislash, L50, F|
|poke|p1|Archaludon, L50, M|
|poke|p1|Diggersby, L50, M|
|poke|p1|Sableye, L50, M|
|poke|p1|Ariados, L50, M|
|poke|p1|Swampert, L50, M|
|poke|p2|Sinistcha, L50|
|poke|p2|Incineroar, L50, F|
|poke|p2|Milotic, L50, M|
|poke|p2|Raichu, L50, M|
|poke|p2|Ninetales-Alola, L50, M|
|poke|p2|Ceruledge, L50, F|
|teampreview|4
|showteam|p1|Aegislash||LifeOrb|StanceChange|SwordsDance,ShadowSneak,SacredSword,KingsShield|Adamant||F|||50|]Archaludon||WiseGlasses|Stamina|AuraSphere,DracoMeteor,ElectroShot,FlashCannon|Modest||M|||50|]Diggersby||ChoiceScarf|HugePower|RockSlide,BrickBreak,HighHorsepower,FirePunch|Jolly||M|||50|]Sableye||Leftovers|Prankster|RainDance,LightScreen,FoulPlay,Taunt|Careful||M|||50|]Ariados||SitrusBerry|Sniper|ToxicThread,RagePowder,SkitterSmack,Protect|Careful||M|||50|]Swampert||Swampertite|Torrent|Protect,IcePunch,HighHorsepower,Waterfall|Jolly||M|||50|
|showteam|p2|Sinistcha||KasibBerry|Hospitality|MatchaGotcha,LifeDew,RagePowder,Protect|Relaxed|||||50|]Incineroar||SitrusBerry|Intimidate|FlareBlitz,ThroatChop,FakeOut,PartingShot|Impish||F|||50|]Milotic||Leftovers|Competitive|MuddyWater,Coil,Hypnosis,Protect|Calm||M|||50|]Raichu||RaichuniteY|LightningRod|ZapCannon,FocusBlast,FakeOut,Protect|Timid||M|||50|]Ninetales-Alola||FocusSash|SnowWarning|Protect,Encore,Disable,Blizzard|Timid||M|||50|]Ceruledge||ColburBerry|FlashFire|BitterBlade,ShadowSneak,BulkUp,Protect|Adamant||F|||50|
|inactive|Battle timer is ON: inactive players will automatically lose when time's up. (requested by Dkcor)
|inactive|kbcao has 60 seconds left.
|
|t:|1783020871
|teamsize|p1|4
|teamsize|p2|4
|start
|switch|p1a: Sableye|Sableye, L50, M|100/100
|switch|p1b: Archaludon|Archaludon, L50, M|100/100
|switch|p2a: Raichu|Raichu, L50, M|100/100
|switch|p2b: Incineroar|Incineroar, L50, F|100/100
|-ability|p2b: Incineroar|Intimidate|boost
|-unboost|p1a: Sableye|atk|1
|-unboost|p1b: Archaludon|atk|1
|turn|1
|inactive|Dkcor has 30 seconds left.
|
|t:|1783020900
|switch|p1b: Swampert|Swampert, L50, M|100/100
|detailschange|p2a: Raichu|Raichu-Mega-Y, L50, M
|-mega|p2a: Raichu|Raichu|Raichunite Y
|move|p2b: Incineroar|Fake Out|p1b: Swampert
|-damage|p1b: Swampert|87/100
|move|p1a: Sableye|Rain Dance|p1a: Sableye
|-weather|RainDance
|move|p2a: Raichu|Zap Cannon|p1a: Sableye
|-damage|p1a: Sableye|22/100
|-status|p1a: Sableye|par
|
|-weather|RainDance|[upkeep]
|-heal|p1a: Sableye|28/100 par|[from] item: Leftovers
|upkeep
|turn|2
|inactive|Dkcor has 30 seconds left.
|inactive|kbcao has 30 seconds left.
|
|t:|1783020934
|switch|p2a: Milotic|Milotic, L50, M|100/100
|switch|p1a: Archaludon|Archaludon, L50, M|100/100
|detailschange|p1b: Swampert|Swampert-Mega, L50, M
|-mega|p1b: Swampert|Swampert|Swampertite
|move|p1b: Swampert|High Horsepower|p2b: Incineroar|[miss]
|-miss|p1b: Swampert|p2b: Incineroar
|move|p2b: Incineroar|Parting Shot|p1b: Swampert
|-unboost|p1b: Swampert|atk|1
|-unboost|p1b: Swampert|spa|1
|
|t:|1783020952
|switch|p2b: Sinistcha|Sinistcha, L50|100/100|[from] Parting Shot
|
|-weather|RainDance|[upkeep]
|upkeep
|turn|3
|
|t:|1783020964
|move|p1b: Swampert|Protect|p1b: Swampert
|-singleturn|p1b: Swampert|Protect
|move|p2b: Sinistcha|Rage Powder|p2b: Sinistcha
|-singleturn|p2b: Sinistcha|move: Rage Powder
|move|p1a: Archaludon|Electro Shot||[still]
|-prepare|p1a: Archaludon|Electro Shot
|-boost|p1a: Archaludon|spa|1
|-anim|p1a: Archaludon|Electro Shot|p2b: Sinistcha
|-resisted|p2b: Sinistcha|1
|-damage|p2b: Sinistcha|65/100
|move|p2a: Milotic|Coil|p2a: Milotic
|-boost|p2a: Milotic|atk|1
|-boost|p2a: Milotic|def|1
|-boost|p2a: Milotic|accuracy|1
|
|-weather|RainDance|[upkeep]
|upkeep
|turn|4
|inactive|kbcao has 30 seconds left.
|
|t:|1783020995
|switch|p2b: Incineroar|Incineroar, L50, F|100/100
|-ability|p2b: Incineroar|Intimidate|boost
|-unboost|p1a: Archaludon|atk|1
|-unboost|p1b: Swampert|atk|1
|move|p2a: Milotic|Protect|p2a: Milotic
|-singleturn|p2a: Milotic|Protect
|move|p1b: Swampert|Ice Punch|p2b: Incineroar
|-resisted|p2b: Incineroar|1
|-damage|p2b: Incineroar|95/100
|move|p1a: Archaludon|Electro Shot||[still]
|-prepare|p1a: Archaludon|Electro Shot
|-boost|p1a: Archaludon|spa|1
|-anim|p1a: Archaludon|Electro Shot|p2a: Milotic
|-activate|p2a: Milotic|move: Protect
|
|-weather|RainDance|[upkeep]
|upkeep
|turn|5
|
|t:|1783021018
|switch|p1b: Sableye|Sableye, L50, M|28/100 par
|move|p2b: Incineroar|Fake Out|p1a: Archaludon
|-resisted|p1a: Archaludon|1
|-damage|p1a: Archaludon|96/100
|-ability|p1a: Archaludon|Stamina|boost
|-boost|p1a: Archaludon|def|1
|cant|p1a: Archaludon|flinch
|move|p2a: Milotic|Coil|p2a: Milotic
|-boost|p2a: Milotic|atk|1
|-boost|p2a: Milotic|def|1
|-boost|p2a: Milotic|accuracy|1
|
|-weather|none
|-heal|p1b: Sableye|34/100 par|[from] item: Leftovers
|upkeep
|turn|6
|
|t:|1783021041
|move|p2a: Milotic|Protect|p2a: Milotic
|-singleturn|p2a: Milotic|Protect
|move|p1b: Sableye|Rain Dance|p1b: Sableye
|-weather|RainDance
|move|p1a: Archaludon|Aura Sphere|p2b: Incineroar
|-supereffective|p2b: Incineroar|1
|-damage|p2b: Incineroar|0 fnt
|faint|p2b: Incineroar
|
|-weather|RainDance|[upkeep]
|-heal|p1b: Sableye|40/100 par|[from] item: Leftovers
|upkeep
|
|t:|1783021055
|switch|p2b: Raichu|Raichu-Mega-Y, L50, M|100/100
|turn|7
|
|t:|1783021075
|move|p2b: Raichu|Fake Out|p1a: Archaludon
|-resisted|p1a: Archaludon|1
|-damage|p1a: Archaludon|94/100
|-ability|p1a: Archaludon|Stamina|boost
|-boost|p1a: Archaludon|def|1
|move|p1b: Sableye|Light Screen|p1b: Sableye
|-sidestart|p1: Dkcor|move: Light Screen
|cant|p1a: Archaludon|flinch
|move|p2a: Milotic|Hypnosis|p1a: Archaludon
|-status|p1a: Archaludon|slp|[from] move: Hypnosis
|
|-weather|RainDance|[upkeep]
|-heal|p1b: Sableye|45/100 par|[from] item: Leftovers
|upkeep
|turn|8
|inactive|Dkcor has 30 seconds left.
|
|t:|1783021102
|move|p2b: Raichu|Focus Blast|p1a: Archaludon
|-supereffective|p1a: Archaludon|1
|-damage|p1a: Archaludon|30/100 slp
|-ability|p1a: Archaludon|Stamina|boost
|-boost|p1a: Archaludon|def|1
|cant|p1a: Archaludon|slp
|move|p2a: Milotic|Muddy Water|p1a: Archaludon|[spread] p1a,p1b
|-resisted|p1a: Archaludon|1
|-damage|p1a: Archaludon|16/100 slp
|-damage|p1b: Sableye|15/100 par
|-unboost|p1a: Archaludon|accuracy|1
|-ability|p1a: Archaludon|Stamina|boost
|-boost|p1a: Archaludon|def|1
|move|p1b: Sableye|Foul Play|p2b: Raichu
|-damage|p2b: Raichu|53/100
|
|-weather|RainDance|[upkeep]
|-heal|p1b: Sableye|21/100 par|[from] item: Leftovers
|upkeep
|turn|9
|
|t:|1783021126
|move|p2b: Raichu|Focus Blast|p1a: Archaludon
|-supereffective|p1a: Archaludon|1
|-damage|p1a: Archaludon|0 fnt
|faint|p1a: Archaludon
|move|p2a: Milotic|Muddy Water|p1b: Sableye
|-damage|p1b: Sableye|0 fnt
|faint|p1b: Sableye
|
|-weather|RainDance|[upkeep]
|upkeep
|
|t:|1783021137
|switch|p1a: Aegislash|Aegislash, L50, F|100/100
|switch|p1b: Swampert|Swampert-Mega, L50, M|87/100
|turn|10
|
|t:|1783021153
|move|p1b: Swampert|Protect|p1b: Swampert
|-singleturn|p1b: Swampert|Protect
|move|p2b: Raichu|Protect|p2b: Raichu
|-singleturn|p2b: Raichu|Protect
|move|p2a: Milotic|Hypnosis|p1a: Aegislash
|-status|p1a: Aegislash|slp|[from] move: Hypnosis
|cant|p1a: Aegislash|slp
|
|-weather|none
|upkeep
|turn|11
|
|t:|1783021173
|move|p2b: Raichu|Focus Blast|p1b: Swampert
|-damage|p1b: Swampert|62/100
|-unboost|p1b: Swampert|spd|1
|move|p1b: Swampert|High Horsepower|p2b: Raichu
|-supereffective|p2b: Raichu|1
|-damage|p2b: Raichu|0 fnt
|faint|p2b: Raichu
|move|p2a: Milotic|Hypnosis|p1b: Swampert
|-status|p1b: Swampert|slp|[from] move: Hypnosis
|cant|p1a: Aegislash|slp
|
|-sideend|p1: Dkcor|move: Light Screen
|upkeep
|
|t:|1783021187
|switch|p2b: Sinistcha|Sinistcha, L50|65/100
|turn|12
|
|t:|1783021196
|cant|p1b: Swampert|slp
|move|p2a: Milotic|Muddy Water|p1a: Aegislash|[spread] p1a,p1b
|-damage|p1a: Aegislash|81/100 slp
|-damage|p1b: Swampert|29/100 slp
|-unboost|p1b: Swampert|accuracy|1
|move|p2b: Sinistcha|Matcha Gotcha|p1b: Swampert|[spread] p1a
|-miss|p2b: Sinistcha|p1b: Swampert
|-resisted|p1a: Aegislash|1
|-damage|p1a: Aegislash|71/100 slp
|-heal|p2b: Sinistcha|70/100|[from] drain|[of] p1a: Aegislash
|-curestatus|p1a: Aegislash|slp|[msg]
|move|p1a: Aegislash|Swords Dance|p1a: Aegislash
|-boost|p1a: Aegislash|atk|2
|
|upkeep
|turn|13
|inactive|Dkcor has 30 seconds left.
|
|t:|1783021231
|move|p2b: Sinistcha|Protect|p2b: Sinistcha
|-singleturn|p2b: Sinistcha|Protect
|-formechange|p1a: Aegislash|Aegislash-Blade|
|move|p1a: Aegislash|Shadow Sneak|p2b: Sinistcha
|-activate|p2b: Sinistcha|move: Protect
|cant|p1b: Swampert|slp
|move|p2a: Milotic|Hypnosis|p1a: Aegislash
|-status|p1a: Aegislash|slp|[from] move: Hypnosis
|
|upkeep
|turn|14
|
|t:|1783021249
|cant|p1a: Aegislash|slp
|-curestatus|p1b: Swampert|slp|[msg]
|move|p1b: Swampert|Ice Punch|p2b: Sinistcha|[miss]
|-miss|p1b: Swampert|p2b: Sinistcha
|move|p2a: Milotic|Muddy Water|p1b: Swampert|[spread] p1a,p1b
|-damage|p1a: Aegislash|30/100 slp
|-damage|p1b: Swampert|0 fnt
|faint|p1b: Swampert
|move|p2b: Sinistcha|Matcha Gotcha|p1a: Aegislash
|-resisted|p1a: Aegislash|1
|-damage|p1a: Aegislash|3/100 slp
|-heal|p2b: Sinistcha|83/100|[from] drain|[of] p1a: Aegislash
|
|upkeep
|turn|15
|c|☆kbcao|gg
|-message|Dkcor forfeited.
|
|win|kbcao
|raw|Dkcor's rating: 1000 → 1000(+0 for losing)
|raw|kbcao's rating: 1000 → 1040(+40 for winning)
|l|☆Dkcor
|player|p1|
