|j|☆PixelJaguar
|j|☆Abhi504
|html|PixelJaguarAbhi504    
|uhtml|bestof|Game 2 of a best-of-3
|t:|1785963840
|gametype|doubles
|player|p1|PixelJaguar|1|1097
|player|p2|Abhi504|169|1170
|gen|9
|tier|[Gen 9 Champions] VGC 2026 Reg M-B (Bo3)
|rated|
|rule|Species Clause: Limit one of each Pokémon
|rule|Item Clause: Limit 1 of each item
|clearpoke
|poke|p1|Whimsicott, L50, F|
|poke|p1|Staraptor, L50, F|
|poke|p1|Garchomp, L50, F|
|poke|p1|Ceruledge, L50, M|
|poke|p1|Metagross, L50|
|poke|p1|Farigiraf, L50, M|
|poke|p2|Pelipper, L50, F|
|poke|p2|Swampert, L50, M|
|poke|p2|Archaludon, L50, M|
|poke|p2|Ditto, L50|
|poke|p2|Staraptor, L50, M|
|poke|p2|Grimmsnarl, L50, M|
|teampreview|4
|showteam|p1|Whimsicott||FocusSash|Prankster|Encore,Tailwind,Moonblast,Charm|Timid||F|||50|]Staraptor||Staraptite|Intimidate|Protect,CloseCombat,BraveBird,Roost|Jolly||F|||50|]Garchomp||LifeOrb|RoughSkin|Protect,RockSlide,Earthquake,DragonClaw|Jolly||F|||50|]Ceruledge||ColburBerry|FlashFire|Protect,BitterBlade,BulkUp,ShadowSneak|Adamant||M|||50|]Metagross||Metagrossite|ClearBody|Protect,StompingTantrum,IronHead,PsychicFangs|Adamant|||||50|]Farigiraf||SitrusBerry|ArmorTail|HelpingHand,TrickRoom,Psychic,Thunderbolt|Calm||M|||50|
|showteam|p2|Pelipper||FocusSash|Drizzle|Hurricane,WeatherBall,Protect,WideGuard|Bold||F|||50|]Swampert||Swampertite|Torrent|WaveCrash,IcePunch,Earthquake,Protect|Adamant||M|||50|]Archaludon||LifeOrb|Stamina|ElectroShot,FlashCannon,Protect,DragonPulse|Timid||M|||50|]Ditto||SitrusBerry|Imposter|Transform|Bold|||||50|]Staraptor||Staraptite|Intimidate|Protect,Tailwind,CloseCombat,BraveBird|Jolly||M|||50|]Grimmsnarl||LightClay|Prankster|LightScreen,PartingShot,Reflect,SpiritBreak|Adamant||M|||50|
|inactive|Battle timer is ON: inactive players will automatically lose when time's up. (requested by Abhi504)
|
|t:|1785963858
|teamsize|p1|4
|teamsize|p2|4
|start
|switch|p1a: Garchomp|Garchomp, L50, F|100/100
|switch|p1b: Whimsicott|Whimsicott, L50, F|100/100
|switch|p2a: Pelipper|Pelipper, L50, F|100/100
|switch|p2b: Swampert|Swampert, L50, M|100/100
|-weather|RainDance|[from] ability: Drizzle|[of] p2a: Pelipper
|turn|1
|
|t:|1785963873
|detailschange|p2b: Swampert|Swampert-Mega, L50, M
|-mega|p2b: Swampert|Swampert|Swampertite
|move|p1b: Whimsicott|Tailwind|p1b: Whimsicott
|-sidestart|p1: PixelJaguar|move: Tailwind
|move|p1a: Garchomp|Rock Slide|p2b: Swampert|[spread] p2b
|-miss|p1a: Garchomp|p2a: Pelipper
|-resisted|p2b: Swampert|1
|-damage|p2b: Swampert|87/100
|-damage|p1a: Garchomp|90/100|[from] item: Life Orb
|cant|p2b: Swampert|flinch
|move|p2a: Pelipper|Hurricane|p1b: Whimsicott
|-supereffective|p1b: Whimsicott|1
|-enditem|p1b: Whimsicott|Focus Sash
|-damage|p1b: Whimsicott|1/100
|
|-weather|RainDance|[upkeep]
|upkeep
|turn|2
|inactive|Abhi504 has 30 seconds left.
|inactive|Abhi504 has 20 seconds left.
|
|t:|1785963909
|move|p1b: Whimsicott|Charm|p2b: Swampert
|-unboost|p2b: Swampert|atk|2
|move|p1a: Garchomp|Rock Slide|p2a: Pelipper|[spread] 
|-miss|p1a: Garchomp|p2a: Pelipper
|-miss|p1a: Garchomp|p2b: Swampert
|move|p2b: Swampert|Wave Crash|p1a: Garchomp
|-damage|p1a: Garchomp|29/100
|-damage|p2b: Swampert|75/100|[from] ability: Rough Skin|[of] p1a: Garchomp
|-damage|p2b: Swampert|54/100|[from] Recoil
|move|p2a: Pelipper|Weather Ball|p1b: Whimsicott
|-resisted|p1b: Whimsicott|1
|-damage|p1b: Whimsicott|0 fnt
|faint|p1b: Whimsicott
|
|-weather|RainDance|[upkeep]
|upkeep
|
|t:|1785963925
|switch|p1b: Metagross|Metagross, L50|100/100
|turn|3
|inactive|PixelJaguar has 30 seconds left.
|
|t:|1785963953
|switch|p2b: Ditto|Ditto, L50|100/100
|-transform|p2b: Ditto|p1a: Garchomp|[from] ability: Imposter
|detailschange|p1b: Metagross|Metagross-Mega, L50
|-mega|p1b: Metagross|Metagross|Metagrossite
|move|p1a: Garchomp|Rock Slide|p2b: Ditto|[spread] p2a
|-miss|p1a: Garchomp|p2b: Ditto
|-supereffective|p2a: Pelipper|1
|-damage|p2a: Pelipper|59/100
|-damage|p1a: Garchomp|20/100r|[from] item: Life Orb
|move|p1b: Metagross|Psychic Fangs|p2b: Ditto
|-damage|p2b: Ditto|14/100
|-damage|p1b: Metagross|87/100|[from] ability: Rough Skin|[of] p2b: Ditto
|-enditem|p2b: Ditto|Sitrus Berry|[eat]
|-heal|p2b: Ditto|39/100|[from] item: Sitrus Berry
|cant|p2a: Pelipper|flinch
|
|-weather|RainDance|[upkeep]
|upkeep
|turn|4
|inactive|Abhi504 has 30 seconds left.
|
|t:|1785963987
|move|p2b: Ditto|Protect|p2b: Ditto
|-singleturn|p2b: Ditto|Protect
|move|p1a: Garchomp|Rock Slide|p2a: Pelipper|[spread] 
|-activate|p2b: Ditto|move: Protect
|-miss|p1a: Garchomp|p2a: Pelipper
|move|p1b: Metagross|Psychic Fangs|p2b: Ditto
|-activate|p2b: Ditto|move: Protect
|move|p2a: Pelipper|Weather Ball|p1a: Garchomp
|-damage|p1a: Garchomp|0 fnt
|faint|p1a: Garchomp
|
|-weather|RainDance|[upkeep]
|-sideend|p1: PixelJaguar|move: Tailwind
|upkeep
|
|t:|1785964000
|switch|p1a: Farigiraf|Farigiraf, L50, M|100/100
|turn|5
|inactive|PixelJaguar has 30 seconds left.
|
|t:|1785964030
|move|p2b: Ditto|Earthquake|p1b: Metagross|[spread] p1a,p1b
|-immune|p2a: Pelipper
|-supereffective|p1b: Metagross|1
|-damage|p1a: Farigiraf|59/100
|-damage|p1b: Metagross|36/100
|move|p1b: Metagross|Iron Head|p2b: Ditto
|-damage|p2b: Ditto|0 fnt
|-damage|p1b: Metagross|24/100|[from] ability: Rough Skin|[of] p2b: Ditto
|faint|p2b: Ditto
|move|p2a: Pelipper|Weather Ball|p1a: Farigiraf
|-damage|p1a: Farigiraf|22/100
|-enditem|p1a: Farigiraf|Sitrus Berry|[eat]
|-heal|p1a: Farigiraf|47/100|[from] item: Sitrus Berry
|move|p1a: Farigiraf|Thunderbolt|p2a: Pelipper
|-supereffective|p2a: Pelipper|2
|-damage|p2a: Pelipper|0 fnt
|faint|p2a: Pelipper
|
|-weather|none
|upkeep
|
|t:|1785964049
|switch|p2a: Swampert|Swampert-Mega, L50, M|54/100
|switch|p2b: Archaludon|Archaludon, L50, M|100/100
|turn|6
|
|t:|1785964064
|move|p2b: Archaludon|Protect|p2b: Archaludon
|-singleturn|p2b: Archaludon|Protect
|move|p1b: Metagross|Protect|p1b: Metagross
|-singleturn|p1b: Metagross|Protect
|move|p2a: Swampert|Earthquake|p1b: Metagross|[spread] p1a
|-activate|p2b: Archaludon|move: Protect
|-activate|p1b: Metagross|move: Protect
|-damage|p1a: Farigiraf|0 fnt
|faint|p1a: Farigiraf
|
|upkeep
|turn|7
|
|t:|1785964082
|move|p2b: Archaludon|Dragon Pulse|p1b: Metagross
|-resisted|p1b: Metagross|1
|-damage|p1b: Metagross|0 fnt
|faint|p1b: Metagross
|-damage|p2b: Archaludon|90/100|[from] item: Life Orb
|
|win|Abhi504
|raw|PixelJaguar's rating: 1097 → 1078(-19 for losing)
|raw|Abhi504's rating: 1170 → 1190(+20 for winning)
