|j|☆MinasDevilCrobats
|j|☆Blitzball Ace
|html|MinasDevilCrobatsBlitzball Ace    
|uhtml|bestof|Game 2 of a best-of-3
|t:|1756864515
|gametype|doubles
|player|p1|MinasDevilCrobats|darach-caitlin|1259
|player|p2|Blitzball Ace|kamado-armor|1241
|gen|9
|tier|[Gen 9] VGC 2025 Reg H (Bo3)
|rated|
|rule|Species Clause: Limit one of each Pokémon
|rule|Item Clause: Limit 1 of each item
|clearpoke
|poke|p1|Indeedee, L50, M|
|poke|p1|Sneasler, L50, M|
|poke|p1|Dondozo, L50, M|
|poke|p1|Tatsugiri, L50, M|
|poke|p1|Talonflame, L50, F|
|poke|p1|Glimmora, L50, F|
|poke|p2|Garchomp, L50, F|
|poke|p2|Sneasler, L50, M|
|poke|p2|Incineroar, L50, M|
|poke|p2|Dragonite, L50, M|
|poke|p2|Gholdengo, L50|
|poke|p2|Vivillon, L50, M|
|teampreview|4
|showteam|p1|Indeedee||ChoiceScarf|PsychicSurge|ExpandingForce,DazzlingGleam,Trick,Protect|||M|||50|,,,,,Psychic]Sneasler||PsychicSeed|Unburden|CloseCombat,DireClaw,ThroatChop,Protect|||M|||50|,,,,,Dark]Dondozo||Leftovers|Unaware|WaveCrash,OrderUp,Earthquake,Protect|||M|||50|,,,,,Grass]Tatsugiri||LifeOrb|Commander|MuddyWater,DracoMeteor,DragonPulse,Protect|||M|||50|,,,,,Steel]Talonflame||CovertCloak|GaleWings|FlareBlitz,WillOWisp,Tailwind,Taunt|||F|||50|,,,,,Water]Glimmora||PowerHerb|ToxicDebris|MeteorBeam,SludgeBomb,EarthPower,SpikyShield|||F|||50|,,,,,Grass
|showteam|p2|Garchomp||LifeOrb|RoughSkin|Earthquake,DragonClaw,StompingTantrum,Protect|||F|||50|,,,,,Ground]Sneasler||WhiteHerb|Unburden|Coaching,Protect,DireClaw,CloseCombat|||M|||50|,,,,,Ghost]Incineroar||SafetyGoggles|Intimidate|FakeOut,FlareBlitz,KnockOff,PartingShot|||M|||50|,,,,,Ghost]Dragonite||LoadedDice|InnerFocus|TeraBlast,ScaleShot,Tailwind,Protect|||M|||50|,,,,,Flying]Gholdengo||ChoiceScarf|GoodasGold|MakeItRain,ShadowBall,Trick,Thunderbolt||||||50|,,,,,Steel]Vivillon||FocusSash|CompoundEyes|Hurricane,SleepPowder,RagePowder,Protect|||M|||50|,,,,,Ghost
|
|t:|1756864560
|teamsize|p1|4
|teamsize|p2|4
|start
|switch|p1a: Talonflame|Talonflame, L50, F|100/100
|switch|p1b: Glimmora|Glimmora, L50, F|100/100
|switch|p2a: Gholdengo|Gholdengo, L50|100/100
|switch|p2b: Dragonite|Dragonite, L50, M, shiny|100/100
|turn|1
|
|t:|1756864572
|move|p2b: Dragonite|Protect|p2b: Dragonite
|-singleturn|p2b: Dragonite|Protect
|move|p1a: Talonflame|Tailwind|p1a: Talonflame
|-sidestart|p1: MinasDevilCrobats|move: Tailwind
|move|p1b: Glimmora|Meteor Beam||[still]
|-prepare|p1b: Glimmora|Meteor Beam
|-boost|p1b: Glimmora|spa|1
|-enditem|p1b: Glimmora|Power Herb
|-anim|p1b: Glimmora|Meteor Beam|p2b: Dragonite
|-activate|p2b: Dragonite|move: Protect
|move|p2a: Gholdengo|Thunderbolt|p1a: Talonflame
|-supereffective|p1a: Talonflame
|-damage|p1a: Talonflame|0 fnt
|faint|p1a: Talonflame
|
|upkeep
|
|t:|1756864585
|switch|p1a: Dondozo|Dondozo, L50, M|100/100
|turn|2
|
|t:|1756864624
|-terastallize|p1a: Dondozo|Grass
|move|p1b: Glimmora|Earth Power|p2a: Gholdengo
|-supereffective|p2a: Gholdengo
|-damage|p2a: Gholdengo|0 fnt
|faint|p2a: Gholdengo
|move|p1a: Dondozo|Order Up|p2b: Dragonite
|-supereffective|p2b: Dragonite
|-damage|p2b: Dragonite|51/100
|move|p2b: Dragonite|Tailwind|p2b: Dragonite
|-sidestart|p2: Blitzball Ace|move: Tailwind
|
|upkeep
|
|t:|1756864635
|switch|p2a: Vivillon|Vivillon, L50, M|100/100
|turn|3
|
|t:|1756864650
|switch|p1b: Tatsugiri|Tatsugiri, L50, M|100/100
|-activate|p1b: Tatsugiri|ability: Commander|[of] p1a: Dondozo
|-boost|p1a: Dondozo|atk|2
|-boost|p1a: Dondozo|spa|2
|-boost|p1a: Dondozo|spe|2
|-boost|p1a: Dondozo|def|2
|-boost|p1a: Dondozo|spd|2
|-terastallize|p2b: Dragonite|Flying
|move|p1a: Dondozo|Order Up|p2a: Vivillon
|-damage|p2a: Vivillon|29/100
|-boost|p1a: Dondozo|atk|1
|move|p2a: Vivillon|Sleep Powder|p1b: Tatsugiri|[miss]
|-miss|p2a: Vivillon|p1b: Tatsugiri
|move|p2b: Dragonite|Tera Blast|p1a: Dondozo|[anim] Tera Blast Flying
|-supereffective|p1a: Dondozo
|-damage|p1a: Dondozo|56/100
|
|-heal|p1a: Dondozo|62/100|[from] item: Leftovers
|upkeep
|turn|4
|inactive|Battle timer is ON: inactive players will automatically lose when time's up. (requested by Blitzball Ace)
|
|t:|1756864673
|move|p2a: Vivillon|Protect|p2a: Vivillon
|-singleturn|p2a: Vivillon|Protect
|move|p2b: Dragonite|Protect|p2b: Dragonite
|-singleturn|p2b: Dragonite|Protect
|move|p1a: Dondozo|Order Up|p2a: Vivillon
|-activate|p2a: Vivillon|move: Protect
|
|-heal|p1a: Dondozo|69/100|[from] item: Leftovers
|-sideend|p1: MinasDevilCrobats|move: Tailwind
|upkeep
|turn|5
|
|t:|1756864681
|switch|p2a: Dalinar|Incineroar, L50, M, shiny|100/100
|-ability|p2a: Dalinar|Intimidate|boost
|-unboost|p1a: Dondozo|atk|1
|-unboost|p1b: Tatsugiri|atk|1
|move|p1a: Dondozo|Protect|p1a: Dondozo
|-singleturn|p1a: Dondozo|Protect
|move|p2b: Dragonite|Tera Blast|p1a: Dondozo|[anim] Tera Blast Flying
|-activate|p1a: Dondozo|move: Protect
|
|-heal|p1a: Dondozo|75/100|[from] item: Leftovers
|-sideend|p2: Blitzball Ace|move: Tailwind
|upkeep
|turn|6
|
|t:|1756864687
|move|p1a: Dondozo|Protect|p1a: Dondozo
|-singleturn|p1a: Dondozo|Protect
|move|p2a: Dalinar|Fake Out|p1a: Dondozo
|-activate|p1a: Dondozo|move: Protect
|move|p2b: Dragonite|Tailwind|p2b: Dragonite
|-sidestart|p2: Blitzball Ace|move: Tailwind
|
|-heal|p1a: Dondozo|81/100|[from] item: Leftovers
|upkeep
|turn|7
|
|t:|1756864708
|move|p2b: Dragonite|Tera Blast|p1a: Dondozo|[anim] Tera Blast Flying
|-supereffective|p1a: Dondozo
|-damage|p1a: Dondozo|40/100
|move|p2a: Dalinar|Flare Blitz|p1a: Dondozo
|-supereffective|p1a: Dondozo
|-damage|p1a: Dondozo|0 fnt
|faint|p1a: Dondozo
|-damage|p2a: Dalinar|85/100|[from] Recoil
|
|upkeep
|
|t:|1756864716
|switch|p1a: Glimmora|Glimmora, L50, F|100/100
|turn|8
|
|t:|1756864736
|move|p1b: Tatsugiri|Protect|p1b: Tatsugiri
|-singleturn|p1b: Tatsugiri|Protect
|move|p2b: Dragonite|Scale Shot|p1a: Glimmora
|-damage|p1a: Glimmora|83/100
|-activate|p1a: Glimmora|ability: Toxic Debris
|-sidestart|p2: Blitzball Ace|move: Toxic Spikes
|-damage|p1a: Glimmora|66/100
|-activate|p1a: Glimmora|ability: Toxic Debris
|-sidestart|p2: Blitzball Ace|move: Toxic Spikes
|-damage|p1a: Glimmora|46/100
|-damage|p1a: Glimmora|30/100
|-hitcount|p1a: Glimmora|4
|-unboost|p2b: Dragonite|def|1
|-boost|p2b: Dragonite|spe|1
|move|p2a: Dalinar|Knock Off|p1b: Tatsugiri
|-activate|p1b: Tatsugiri|move: Protect
|move|p1a: Glimmora|Sludge Bomb|p2b: Dragonite
|-damage|p2b: Dragonite|0 fnt
|faint|p2b: Dragonite
|
|upkeep
|
|t:|1756864742
|switch|p2b: Vivillon|Vivillon, L50, M|29/100
|turn|9
|inactive|MinasDevilCrobats has 30 seconds left.
|
|t:|1756864774
|move|p1b: Tatsugiri|Protect||[still]
|-fail|p1b: Tatsugiri
|move|p2b: Vivillon|Sleep Powder|p1b: Tatsugiri
|-status|p1b: Tatsugiri|slp|[from] move: Sleep Powder
|move|p2a: Dalinar|Flare Blitz|p1a: Glimmora
|-resisted|p1a: Glimmora
|-damage|p1a: Glimmora|0 fnt
|faint|p1a: Glimmora
|-damage|p2a: Dalinar|77/100|[from] Recoil
|
|-sideend|p2: Blitzball Ace|move: Tailwind
|upkeep
|turn|10
|
|t:|1756864784
|move|p2b: Vivillon|Hurricane|p1b: Tatsugiri
|-damage|p1b: Tatsugiri|48/100 slp
|-start|p1b: Tatsugiri|confusion
|cant|p1b: Tatsugiri|slp
|move|p2a: Dalinar|Knock Off|p1b: Tatsugiri
|-damage|p1b: Tatsugiri|0 fnt
|-enditem|p1b: Tatsugiri|Life Orb|[from] move: Knock Off|[of] p2a: Dalinar
|faint|p1b: Tatsugiri
|
|win|Blitzball Ace
||Blitzball Ace is ready for game 3.
