|j|☆sergio23perez
|j|‽CaratroncoSun
|html|sergio23perezCaratroncoSun    
|uhtml|bestof|Game 1 of a best-of-3
|t:|1784808873
|gametype|doubles
|player|p1|sergio23perez|170|1297
|player|p2|CaratroncoSun|1|1318
|gen|9
|tier|[Gen 9 Champions] VGC 2026 Reg M-B (Bo3)
|rated|
|rule|Species Clause: Limit one of each Pokémon
|rule|Item Clause: Limit 1 of each item
|clearpoke
|poke|p1|Whimsicott, L50, F|
|poke|p1|Charizard, L50, M, shiny|
|poke|p1|Kingambit, L50, M|
|poke|p1|Floette-Eternal, L50, F|
|poke|p1|Garchomp, L50, F|
|poke|p1|Basculegion, L50, M|
|poke|p2|Charizard, L50, F, shiny|
|poke|p2|Venusaur, L50, F, shiny|
|poke|p2|Whimsicott, L50, F, shiny|
|poke|p2|Basculegion, L50, M|
|poke|p2|Tyranitar, L50, M|
|poke|p2|Mamoswine, L50, F|
|teampreview|4
|showteam|p1|Whimsicott||FocusSash|Prankster|Protect,Tailwind,Encore,Moonblast|Timid||F|||50|]Charizard||CharizarditeY|SolarPower|SolarBeam,HeatWave,Protect,WeatherBall|Timid||M|||50|]Kingambit||ChopleBerry|Defiant|Protect,SuckerPunch,KowtowCleave,LowKick|Adamant||M|||50|]Floette-Eternal||Floettite|FlowerVeil|LightofRuin,Moonblast,DazzlingGleam,Protect|Modest||F|||50|]Garchomp||LifeOrb|RoughSkin|RockSlide,Protect,DragonClaw,StompingTantrum|Jolly||F|||50|]Basculegion||ChoiceScarf|Adaptability|AquaJet,LastRespects,WaveCrash,FlipTurn|Jolly||M|||50|
|showteam|p2|Charizard||CharizarditeY|Blaze|Protect,SolarBeam,HeatWave,AirSlash|Modest||F|||50|]Venusaur||WideLens|Chlorophyll|Protect,GigaDrain,EarthPower,SleepPowder|Modest||F|||50|]Whimsicott||FocusSash|Prankster|Protect,Moonblast,Tailwind,Encore|Timid||F|||50|]Basculegion||MysticWater|Adaptability|Protect,AquaJet,WaveCrash,LastRespects|Adamant||M|||50|]Tyranitar||Tyranitarite|SandStream|Protect,RockSlide,KnockOff,LowKick|Adamant||M|||50|]Mamoswine||LifeOrb|Oblivious|Protect,HighHorsepower,RockSlide,IceShard|Adamant||F|||50|
|inactive|Battle timer is ON: inactive players will automatically lose when time's up. (requested by sergio23perez)
|
|t:|1784808901
|teamsize|p1|4
|teamsize|p2|4
|start
|switch|p1a: Whimsicott|Whimsicott, L50, F|100/100
|switch|p1b: Charizard|Charizard, L50, M, shiny|100/100
|switch|p2a: Charizard|Charizard, L50, F, shiny|100/100
|switch|p2b: Venusaur|Venusaur, L50, F, shiny|100/100
|turn|1
|
|t:|1784808925
|detailschange|p1b: Charizard|Charizard-Mega-Y, L50, M, shiny
|-mega|p1b: Charizard|Charizard|Charizardite Y
|-weather|SunnyDay|[from] ability: Drought|[of] p1b: Charizard
|detailschange|p2a: Charizard|Charizard-Mega-Y, L50, F, shiny
|-mega|p2a: Charizard|Charizard|Charizardite Y
|move|p2b: Venusaur|Protect|p2b: Venusaur
|-singleturn|p2b: Venusaur|Protect
|move|p1a: Whimsicott|Tailwind|p1a: Whimsicott
|-sidestart|p1: sergio23perez|move: Tailwind
|move|p1b: Charizard|Heat Wave|p2a: Charizard|[spread] p2a
|-activate|p2b: Venusaur|move: Protect
|-resisted|p2a: Charizard|1
|-damage|p2a: Charizard|69/100
|move|p2a: Charizard|Heat Wave|p1b: Charizard|[spread] p1a,p1b
|-supereffective|p1a: Whimsicott|1
|-resisted|p1b: Charizard|1
|-enditem|p1a: Whimsicott|Focus Sash
|-damage|p1a: Whimsicott|1/100
|-damage|p1b: Charizard|67/100
|
|-weather|SunnyDay|[upkeep]
|upkeep
|turn|2
|inactive|CaratroncoSun has 30 seconds left.
|
|t:|1784808955
|switch|p2b: Tyranitar|Tyranitar, L50, M|100/100
|-weather|Sandstorm|[from] ability: Sand Stream|[of] p2b: Tyranitar
|move|p1a: Whimsicott|Encore|p2a: Charizard
|-start|p2a: Charizard|Encore
|move|p1b: Charizard|Heat Wave|p2b: Tyranitar|[spread] p2a,p2b
|-resisted|p2a: Charizard|1
|-resisted|p2b: Tyranitar|1
|-damage|p2a: Charizard|47/100
|-damage|p2b: Tyranitar|86/100
|move|p2a: Charizard|Heat Wave|p1a: Whimsicott|[spread] p1a,p1b
|-supereffective|p1a: Whimsicott|1
|-resisted|p1b: Charizard|1
|-damage|p1a: Whimsicott|0 fnt
|-damage|p1b: Charizard|46/100
|faint|p1a: Whimsicott
|
|-weather|Sandstorm|[upkeep]
|-damage|p1b: Charizard|40/100|[from] Sandstorm
|-damage|p2a: Charizard|41/100|[from] Sandstorm
|upkeep
|
|t:|1784808974
|switch|p1a: Garchomp|Garchomp, L50, F|100/100
|turn|3
|inactive|sergio23perez has 30 seconds left.
|
|t:|1784809003
|switch|p2a: Venusaur|Venusaur, L50, F, shiny|100/100
|move|p1a: Garchomp|Stomping Tantrum|p2b: Tyranitar
|-supereffective|p2b: Tyranitar|1
|-damage|p2b: Tyranitar|0 fnt
|faint|p2b: Tyranitar
|-damage|p1a: Garchomp|90/100|[from] item: Life Orb
|move|p1b: Charizard|Weather Ball|p2a: Venusaur
|-damage|p2a: Venusaur|52/100
|
|-weather|Sandstorm|[upkeep]
|-damage|p1b: Charizard|34/100|[from] Sandstorm
|-damage|p2a: Venusaur|46/100|[from] Sandstorm
|upkeep
|
|t:|1784809021
|switch|p2b: Whimsicott|Whimsicott, L50, F, shiny|100/100
|turn|4
|
|t:|1784809035
|move|p2b: Whimsicott|Protect|p2b: Whimsicott
|-singleturn|p2b: Whimsicott|Protect
|move|p2a: Venusaur|Protect|p2a: Venusaur
|-singleturn|p2a: Venusaur|Protect
|move|p1a: Garchomp|Rock Slide|p2a: Venusaur|[spread] 
|-activate|p2a: Venusaur|move: Protect
|-activate|p2b: Whimsicott|move: Protect
|move|p1b: Charizard|Heat Wave|p2a: Venusaur|[spread] 
|-activate|p2a: Venusaur|move: Protect
|-activate|p2b: Whimsicott|move: Protect
|
|-weather|Sandstorm|[upkeep]
|-damage|p1b: Charizard|28/100|[from] Sandstorm
|-damage|p2b: Whimsicott|94/100|[from] Sandstorm
|-damage|p2a: Venusaur|40/100|[from] Sandstorm
|-sideend|p1: sergio23perez|move: Tailwind
|upkeep
|turn|5
|inactive|CaratroncoSun has 30 seconds left.
|
|t:|1784809063
|move|p2b: Whimsicott|Tailwind|p2b: Whimsicott
|-sidestart|p2: CaratroncoSun|move: Tailwind
|move|p2a: Venusaur|Sleep Powder|p1b: Charizard
|-status|p1b: Charizard|slp|[from] move: Sleep Powder
|move|p1a: Garchomp|Rock Slide|p2a: Venusaur|[spread] p2a,p2b
|-crit|p2a: Venusaur
|-damage|p2a: Venusaur|0 fnt
|-damage|p2b: Whimsicott|52/100
|faint|p2a: Venusaur
|-damage|p1a: Garchomp|80/100|[from] item: Life Orb
|cant|p1b: Charizard|slp
|
|-weather|Sandstorm|[upkeep]
|-damage|p2b: Whimsicott|46/100|[from] Sandstorm
|-damage|p1b: Charizard|22/100 slp|[from] Sandstorm
|upkeep
|l|☆sergio23perez
|inactive|sergio23perez disconnected and has a minute to reconnect!
|player|p1|
|
|t:|1784809077
|switch|p2a: Charizard|Charizard-Mega-Y, L50, F, shiny|41/100
|-weather|SunnyDay|[from] ability: Drought|[of] p2a: Charizard
|turn|6
|inactive|sergio23perez has 30 seconds left.
|inactive|sergio23perez has 20 seconds left.
|inactive|sergio23perez has 15 seconds left.
|inactive|sergio23perez has 10 seconds left.
|inactive|sergio23perez has 5 seconds left.
|-message|sergio23perez lost due to inactivity.
|
|win|CaratroncoSun
