|j|☆hertsu
|j|☆axcoquette
|html|hertsuaxcoquette    
|uhtml|bestof|Game 1 of a best-of-3
|t:|1784580033
|gametype|doubles
|player|p1|hertsu|lyra|1148
|player|p2|axcoquette|2|1198
|gen|9
|tier|[Gen 9 Champions] VGC 2026 Reg M-B (Bo3)
|rated|
|rule|Species Clause: Limit one of each Pokémon
|rule|Item Clause: Limit 1 of each item
|clearpoke
|poke|p1|Trevenant, L50, M|
|poke|p1|Charizard, L50, M|
|poke|p1|Aerodactyl, L50, M|
|poke|p1|Torkoal, L50, F|
|poke|p1|Mawile, L50, F|
|poke|p1|Incineroar, L50, M|
|poke|p2|Aerodactyl, L50, F|
|poke|p2|Kingambit, L50, M|
|poke|p2|Sylveon, L50, M|
|poke|p2|Garchomp, L50, F|
|poke|p2|Charizard, L50, M|
|poke|p2|Incineroar, L50, M|
|teampreview|4
|showteam|p1|Trevenant||SitrusBerry|Harvest|Poltergeist,Curse,TrickRoom,Protect|Relaxed||M|||50|]Charizard||CharizarditeY|SolarPower|Protect,WeatherBall,SolarBeam,HeatWave|Modest||M|||50|]Aerodactyl||FocusSash|Unnerve|Tailwind,WideGuard,RockSlide,DualWingbeat|Jolly||M|||50|]Torkoal||Charcoal|Drought|Eruption,HelpingHand,Overheat,Protect|Quiet||F|||50|]Mawile||Mawilite|Intimidate|PlayRough,SuckerPunch,SwordsDance,Protect|Adamant||F|||50|]Incineroar||LifeOrb|Intimidate|FakeOut,FlareBlitz,DarkestLariat,PartingShot|Brave||M|||50|
|showteam|p2|Aerodactyl||Aerodactylite|Unnerve|IceFang,RockSlide,Tailwind,WideGuard|Jolly||F|||50|]Kingambit||FocusSash|Defiant|KowtowCleave,SuckerPunch,IronHead,Protect|Adamant||M|||50|]Sylveon||FairyFeather|Pixilate|Detect,HyperVoice,HyperBeam,QuickAttack|Modest||M|||50|]Garchomp||LifeOrb|RoughSkin|Earthquake,DragonClaw,StompingTantrum,Protect|Jolly||F|||50|]Charizard||CharizarditeY|Blaze|Protect,HeatWave,SolarBeam,WeatherBall|Modest||M|||50|]Incineroar||SitrusBerry|Intimidate|DarkestLariat,FlareBlitz,FakeOut,PartingShot|Impish||M|||50|
|inactive|Battle timer is ON: inactive players will automatically lose when time's up. (requested by axcoquette)
|inactive|hertsu has 60 seconds left.
|inactive|axcoquette has 60 seconds left.
|inactive|hertsu has 30 seconds left.
|inactive|axcoquette has 30 seconds left.
|inactive|hertsu has 20 seconds left.
|
|t:|1784580106
|teamsize|p1|4
|teamsize|p2|4
|start
|switch|p1a: Aerodactyl|Aerodactyl, L50, M|100/100
|switch|p1b: Incineroar|Incineroar, L50, M|100/100
|switch|p2a: Kingambit|Kingambit, L50, M|100/100
|switch|p2b: Charizard|Charizard, L50, M|100/100
|-ability|p1a: Aerodactyl|Unnerve
|-ability|p1b: Incineroar|Intimidate|boost
|-unboost|p2a: Kingambit|atk|1
|-ability|p2a: Kingambit|Defiant|boost
|-boost|p2a: Kingambit|atk|2
|-unboost|p2b: Charizard|atk|1
|turn|1
|j| UI Rain
|inactive|hertsu has 30 seconds left.
|inactive|axcoquette has 30 seconds left.
|inactive|axcoquette has 20 seconds left.
|
|t:|1784580144
|switch|p2b: Incineroar|Incineroar, L50, M|100/100
|-ability|p2b: Incineroar|Intimidate|boost
|-unboost|p1a: Aerodactyl|atk|1
|-unboost|p1b: Incineroar|atk|1
|move|p2a: Kingambit|Protect|p2a: Kingambit
|-singleturn|p2a: Kingambit|Protect
|move|p1a: Aerodactyl|Tailwind|p1a: Aerodactyl
|-sidestart|p1: hertsu|move: Tailwind
|move|p1b: Incineroar|Flare Blitz|p2a: Kingambit
|-activate|p2a: Kingambit|move: Protect
|
|upkeep
|turn|2
|inactive|hertsu has 30 seconds left.
|
|t:|1784580172
|switch|p1a: Mawile|Mawile, L50, F|100/100
|-ability|p1a: Mawile|Intimidate|boost
|-unboost|p2a: Kingambit|atk|1
|-ability|p2a: Kingambit|Defiant|boost
|-boost|p2a: Kingambit|atk|2
|-unboost|p2b: Incineroar|atk|1
|move|p2b: Incineroar|Fake Out|p1b: Incineroar
|-damage|p1b: Incineroar|93/100
|cant|p1b: Incineroar|flinch
|move|p2a: Kingambit|Kowtow Cleave|p1a: Mawile
|-resisted|p1a: Mawile|1
|-damage|p1a: Mawile|27/100
|
|upkeep
|turn|3
|
|t:|1784580192
|detailschange|p1a: Mawile|Mawile-Mega, L50, F
|-mega|p1a: Mawile|Mawile|Mawilite
|move|p2a: Kingambit|Sucker Punch|p1a: Mawile
|-resisted|p1a: Mawile|1
|-damage|p1a: Mawile|0 fnt
|faint|p1a: Mawile
|move|p1b: Incineroar|Flare Blitz|p2a: Kingambit
|-supereffective|p2a: Kingambit|1
|-damage|p2a: Kingambit|17/100
|-damage|p1b: Incineroar|68/100|[from] Recoil
|-damage|p1b: Incineroar|58/100|[from] item: Life Orb
|move|p2b: Incineroar|Parting Shot|p1b: Incineroar
|-unboost|p1b: Incineroar|atk|1
|-unboost|p1b: Incineroar|spa|1
|
|t:|1784580213
|switch|p2b: Garchomp|Garchomp, L50, F|100/100|[from] Parting Shot
|
|upkeep
|
|t:|1784580218
|switch|p1a: Aerodactyl|Aerodactyl, L50, M|100/100
|-ability|p1a: Aerodactyl|Unnerve
|turn|4
|
|t:|1784580241
|move|p1a: Aerodactyl|Wide Guard|p1a: Aerodactyl
|-singleturn|p1a: Aerodactyl|Wide Guard
|move|p2a: Kingambit|Sucker Punch|p1b: Incineroar
|-resisted|p1b: Incineroar|1
|-damage|p1b: Incineroar|23/100
|move|p2b: Garchomp|Dragon Claw|p1a: Aerodactyl
|-damage|p1a: Aerodactyl|12/100
|-damage|p2b: Garchomp|90/100|[from] item: Life Orb
|move|p1b: Incineroar|Flare Blitz|p2a: Kingambit
|-supereffective|p2a: Kingambit|1
|-crit|p2a: Kingambit
|-damage|p2a: Kingambit|0 fnt
|faint|p2a: Kingambit
|-damage|p1b: Incineroar|17/100|[from] Recoil
|-damage|p1b: Incineroar|7/100|[from] item: Life Orb
|
|-sideend|p1: hertsu|move: Tailwind
|upkeep
|inactive|axcoquette has 30 seconds left.
|
|t:|1784580268
|switch|p2a: Incineroar|Incineroar, L50, M|100/100
|-ability|p2a: Incineroar|Intimidate|boost
|-unboost|p1a: Aerodactyl|atk|1
|-unboost|p1b: Incineroar|atk|1
|turn|5
|inactive|hertsu has 30 seconds left.
|
|t:|1784580295
|switch|p1a: Trevenant|Trevenant, L50, M|100/100
|move|p2a: Incineroar|Fake Out|p1b: Incineroar
|-damage|p1b: Incineroar|0 fnt
|faint|p1b: Incineroar
|move|p2b: Garchomp|Dragon Claw|p1a: Trevenant
|-damage|p1a: Trevenant|48/100
|-enditem|p1a: Trevenant|Sitrus Berry|[eat]
|-heal|p1a: Trevenant|73/100|[from] item: Sitrus Berry
|-damage|p2b: Garchomp|80/100|[from] item: Life Orb
|
|-item|p1a: Trevenant|Sitrus Berry|[from] ability: Harvest
|upkeep
|
|t:|1784580308
|switch|p1b: Aerodactyl|Aerodactyl, L50, M|12/100
|-ability|p1b: Aerodactyl|Unnerve
|turn|6
|
|t:|1784580320
|move|p1b: Aerodactyl|Rock Slide|p2b: Garchomp|[spread] p2a,p2b
|-supereffective|p2a: Incineroar|1
|-resisted|p2b: Garchomp|1
|-damage|p2a: Incineroar|66/100
|-damage|p2b: Garchomp|68/100
|move|p2b: Garchomp|Dragon Claw|p1b: Aerodactyl
|-damage|p1b: Aerodactyl|0 fnt
|faint|p1b: Aerodactyl
|-damage|p2b: Garchomp|59/100|[from] item: Life Orb
|cant|p2a: Incineroar|flinch
|move|p1a: Trevenant|Poltergeist|p2b: Garchomp
|-activate|p2b: Garchomp|move: Poltergeist|Life Orb
|-damage|p2b: Garchomp|15/100
|
|upkeep
|turn|7
|-message|hertsu forfeited.
|
|win|axcoquette
