|j|☆higigig
|j|☆SeeYaNextTime
|html|higigigSeeYaNextTime    
|uhtml|bestof|Game 1 of a best-of-3
|t:|1756715118
|gametype|doubles
|player|p1|higigig|sisandbro|1183
|player|p2|SeeYaNextTime|102|1040
|gen|9
|tier|[Gen 9] VGC 2025 Reg H (Bo3)
|rated|
|rule|Species Clause: Limit one of each Pokémon
|rule|Item Clause: Limit 1 of each item
|clearpoke
|poke|p1|Sneasler, L50, M|
|poke|p1|Gholdengo, L50|
|poke|p1|Amoonguss, L50, F|
|poke|p1|Incineroar, L50, F|
|poke|p1|Ursaluna-Bloodmoon, L50, M|
|poke|p1|Farigiraf, L50, M|
|poke|p2|Sneasler, L50, M|
|poke|p2|Farigiraf, L50, F|
|poke|p2|Indeedee, L50, M|
|poke|p2|Basculegion, L50, M|
|poke|p2|Tyranitar, L50, F|
|poke|p2|Excadrill, L50, M|
|teampreview|4
|showteam|p1|Sneasler||ClearAmulet|PoisonTouch|FakeOut,CloseCombat,DireClaw,Protect|||M|||50|,,,,,Water]Gholdengo||MetalCoat|GoodasGold|NastyPlot,MakeItRain,ShadowBall,Protect||||||50|,,,,,Water]Amoonguss||MentalHerb|Regenerator|Spore,RagePowder,PollenPuff,Protect|||F|||50|,,,,,Water]Incineroar||SafetyGoggles|Intimidate|FakeOut,FlareBlitz,KnockOff,PartingShot|||F|||50|,,,,,Ghost]Ursaluna-Bloodmoon||LifeOrb|MindsEye|CalmMind,HyperVoice,EarthPower,BloodMoon|||M|||50|,,,,,Poison]Farigiraf||ThroatSpray|ArmorTail|HyperVoice,Psychic,TrickRoom,Protect|||M|||50|,,,,,Dragon
|showteam|p2|Sneasler||PsychicSeed|Unburden|ThroatChop,DireClaw,CloseCombat,Protect|||M|||50|,,,,,Dark]Farigiraf||ThroatSpray|ArmorTail|TrickRoom,HelpingHand,HyperVoice,PsychicNoise|||F|||50|,,,,,Grass]Indeedee||LifeOrb|PsychicSurge|ExpandingForce,DazzlingGleam,Psychic,Protect|||M|||50|,,,,,Fairy]Basculegion||ChoiceScarf|Adaptability|FlipTurn,WaveCrash,LastRespects,PsychicFangs|||M|||50|,,,,,Water]Tyranitar||SitrusBerry|SandStream|KnockOff,RockSlide,Protect,Sandstorm|||F|||50|,,,,,Flying]Excadrill||FocusSash|SandRush|Earthquake,HighHorsepower,IronHead,RockSlide|||M|||50|,,,,,Ground
|inactive|Battle timer is ON: inactive players will automatically lose when time's up. (requested by higigig)
|inactive|higigig has 60 seconds left.
|inactive|higigig has 30 seconds left.
|inactive|higigig has 20 seconds left.
|inactive|higigig has 15 seconds left.
|inactive|higigig has 10 seconds left.
|
|t:|1756715202
|teamsize|p1|4
|teamsize|p2|4
|start
|switch|p1a: Amoonguss|Amoonguss, L50, F|100/100
|switch|p1b: Gholdengo|Gholdengo, L50|100/100
|switch|p2a: Tyranitar|Tyranitar, L50, F|100/100
|switch|p2b: Excadrill|Excadrill, L50, M|100/100
|-weather|Sandstorm|[from] ability: Sand Stream|[of] p2a: Tyranitar
|turn|1
|
|t:|1756715225
|-terastallize|p2a: Tyranitar|Flying
|move|p1b: Gholdengo|Protect|p1b: Gholdengo
|-singleturn|p1b: Gholdengo|Protect
|move|p2b: Excadrill|Earthquake|p1a: Amoonguss|[spread] p1a
|-activate|p1b: Gholdengo|move: Protect
|-immune|p2a: Tyranitar
|-damage|p1a: Amoonguss|65/100
|move|p2a: Tyranitar|Knock Off|p1a: Amoonguss
|-damage|p1a: Amoonguss|28/100
|-enditem|p1a: Amoonguss|Mental Herb|[from] move: Knock Off|[of] p2a: Tyranitar
|move|p1a: Amoonguss|Spore|p2b: Excadrill
|-status|p2b: Excadrill|slp|[from] move: Spore
|
|-weather|Sandstorm|[upkeep]
|-damage|p2a: Tyranitar|95/100|[from] Sandstorm
|-damage|p1a: Amoonguss|22/100|[from] Sandstorm
|upkeep
|turn|2
|inactive|higigig has 30 seconds left.
|
|t:|1756715253
|switch|p1a: Incineroar|Incineroar, L50, F|100/100
|-ability|p1a: Incineroar|Intimidate|boost
|-unboost|p2a: Tyranitar|atk|1
|-unboost|p2b: Excadrill|atk|1
|-terastallize|p1b: Gholdengo|Water
|cant|p2b: Excadrill|slp
|move|p1b: Gholdengo|Nasty Plot|p1b: Gholdengo
|-boost|p1b: Gholdengo|spa|2
|move|p2a: Tyranitar|Knock Off|p1a: Incineroar
|-resisted|p1a: Incineroar
|-damage|p1a: Incineroar|88/100
|-enditem|p1a: Incineroar|Safety Goggles|[from] move: Knock Off|[of] p2a: Tyranitar
|
|-weather|Sandstorm|[upkeep]
|-damage|p1b: Gholdengo|94/100|[from] Sandstorm
|-damage|p1a: Incineroar|82/100|[from] Sandstorm
|-damage|p2a: Tyranitar|89/100|[from] Sandstorm
|upkeep
|turn|3
|
|t:|1756715276
|move|p1a: Incineroar|Fake Out|p2b: Excadrill
|-resisted|p2b: Excadrill
|-crit|p2b: Excadrill
|-damage|p2b: Excadrill|88/100 slp
|cant|p2b: Excadrill|slp
|move|p1b: Gholdengo|Shadow Ball|p2b: Excadrill
|-damage|p2b: Excadrill|0 fnt
|faint|p2b: Excadrill
|move|p2a: Tyranitar|Knock Off|p1b: Gholdengo
|-damage|p1b: Gholdengo|68/100
|-enditem|p1b: Gholdengo|Metal Coat|[from] move: Knock Off|[of] p2a: Tyranitar
|
|-weather|Sandstorm|[upkeep]
|-damage|p1b: Gholdengo|62/100|[from] Sandstorm
|-damage|p1a: Incineroar|76/100|[from] Sandstorm
|-damage|p2a: Tyranitar|83/100|[from] Sandstorm
|upkeep
|
|t:|1756715300
|switch|p2b: Indeedee|Indeedee, L50, M|100/100
|-fieldstart|move: Psychic Terrain|[from] ability: Psychic Surge|[of] p2b: Indeedee
|turn|4
|inactive|higigig has 30 seconds left.
|
|t:|1756715335
|move|p2b: Indeedee|Protect|p2b: Indeedee
|-singleturn|p2b: Indeedee|Protect
|move|p1b: Gholdengo|Protect|p1b: Gholdengo
|-singleturn|p1b: Gholdengo|Protect
|move|p1a: Incineroar|Knock Off|p2b: Indeedee
|-activate|p2b: Indeedee|move: Protect
|move|p2a: Tyranitar|Rock Slide|p1a: Incineroar|[spread] p1a
|-activate|p1b: Gholdengo|move: Protect
|-supereffective|p1a: Incineroar
|-damage|p1a: Incineroar|42/100
|
|-weather|Sandstorm|[upkeep]
|-damage|p2b: Indeedee|95/100|[from] Sandstorm
|-damage|p1b: Gholdengo|56/100|[from] Sandstorm
|-damage|p1a: Incineroar|36/100|[from] Sandstorm
|-damage|p2a: Tyranitar|77/100|[from] Sandstorm
|upkeep
|turn|5
|
|t:|1756715359
|move|p1b: Gholdengo|Protect|p1b: Gholdengo
|-singleturn|p1b: Gholdengo|Protect
|move|p2b: Indeedee|Psychic|p1b: Gholdengo
|-activate|p1b: Gholdengo|move: Protect
|move|p1a: Incineroar|Knock Off|p2b: Indeedee
|-supereffective|p2b: Indeedee
|-damage|p2b: Indeedee|0 fnt
|-enditem|p2b: Indeedee|Life Orb|[from] move: Knock Off|[of] p1a: Incineroar
|faint|p2b: Indeedee
|move|p2a: Tyranitar|Rock Slide|p1a: Incineroar|[spread] p1a
|-activate|p1b: Gholdengo|move: Protect
|-supereffective|p1a: Incineroar
|-damage|p1a: Incineroar|0 fnt
|faint|p1a: Incineroar
|
|-weather|none
|upkeep
|
|t:|1756715376
|switch|p2b: Basculegion|Basculegion, L50, M|100/100
|switch|p1a: Amoonguss|Amoonguss, L50, F|55/100
|turn|6
|
|t:|1756715398
|move|p1a: Amoonguss|Rage Powder|p1a: Amoonguss
|-singleturn|p1a: Amoonguss|move: Rage Powder
|move|p2b: Basculegion|Last Respects|p1a: Amoonguss
|-damage|p1a: Amoonguss|0 fnt
|faint|p1a: Amoonguss
|move|p1b: Gholdengo|Shadow Ball|p2b: Basculegion
|-supereffective|p2b: Basculegion
|-damage|p2b: Basculegion|0 fnt
|faint|p2b: Basculegion
|move|p2a: Tyranitar|Knock Off|p1b: Gholdengo
|-damage|p1b: Gholdengo|37/100
|
|upkeep
|
|t:|1756715401
|switch|p1a: Sneasler|Sneasler, L50, M|100/100
|turn|7
|
|t:|1756715426
|move|p1a: Sneasler|Dire Claw|p2a: Tyranitar
|-damage|p2a: Tyranitar|43/100
|-enditem|p2a: Tyranitar|Sitrus Berry|[eat]
|-heal|p2a: Tyranitar|68/100|[from] item: Sitrus Berry
|move|p1b: Gholdengo|Make It Rain|p2a: Tyranitar
|-damage|p2a: Tyranitar|0 fnt
|-unboost|p1b: Gholdengo|spa|1
|faint|p2a: Tyranitar
|
|win|higigig
