|j|☆StonksVgc89
|j|☆TehCruzeFan123
|html|StonksVgc89TehCruzeFan123    
|uhtml|bestof|Game 1 of a best-of-3
|t:|1784955207
|gametype|doubles
|player|p1|StonksVgc89|169|1132
|player|p2|TehCruzeFan123|guzma|1151
|gen|9
|tier|[Gen 9 Champions] VGC 2026 Reg M-B (Bo3)
|rated|
|rule|Species Clause: Limit one of each Pokémon
|rule|Item Clause: Limit 1 of each item
|clearpoke
|poke|p1|Raichu, L50, M|
|poke|p1|Sinistcha, L50|
|poke|p1|Corviknight, L50, F|
|poke|p1|Sylveon, L50, M|
|poke|p1|Garchomp, L50, M|
|poke|p1|Tyranitar, L50, F|
|poke|p2|Aerodactyl, L50, M|
|poke|p2|Hippowdon, L50, M|
|poke|p2|Gholdengo, L50|
|poke|p2|Sneasler, L50, M|
|poke|p2|Floette-Eternal, L50, F|
|poke|p2|Incineroar, L50, F|
|teampreview|4
|showteam|p1|Raichu||RaichuniteY|LightningRod|ZapCannon,FocusBlast,FakeOut,Protect|Timid||M|||50|]Sinistcha||KasibBerry|Hospitality|MatchaGotcha,ShadowBall,RagePowder,Protect|Modest|||||50|]Corviknight||Leftovers|MirrorArmor|IronHead,BraveBird,Tailwind,Protect|Adamant||F|||50|]Sylveon||FairyFeather|Pixilate|HyperVoice,QuickAttack,Yawn,Detect|Modest||M|||50|]Garchomp||SitrusBerry|RoughSkin|DragonClaw,StompingTantrum,RockSlide,Protect|Adamant||M|||50|]Tyranitar||FocusSash|SandStream|RockSlide,KnockOff,Superpower,Protect|Adamant||F|||50|
|showteam|p2|Aerodactyl||Aerodactylite|RockHead|DualWingbeat,RockSlide,IceFang,Tailwind|Jolly||M|||50|]Hippowdon||Leftovers|SandStream|Protect,Yawn,HighHorsepower,StoneEdge|Brave||M|||50|]Gholdengo||FocusSash|GoodasGold|Protect,MakeItRain,ShadowBall,NastyPlot|Modest|||||50|]Sneasler||WhiteHerb|Unburden|Protect,FakeOut,CloseCombat,DireClaw|Jolly||M|||50|]Floette-Eternal||Floettite|FlowerVeil|Protect,Moonblast,DrainingKiss,CalmMind|Modest||F|||50|]Incineroar||SitrusBerry|Intimidate|FakeOut,ThroatChop,FlareBlitz,PartingShot|Impish||F|||50|
|inactive|Battle timer is ON: inactive players will automatically lose when time's up. (requested by TehCruzeFan123)
|inactive|TehCruzeFan123 has 60 seconds left.
|
|t:|1784955246
|teamsize|p1|4
|teamsize|p2|4
|start
|switch|p1a: Raichu|Raichu, L50, M|100/100
|switch|p1b: Tyranitar|Tyranitar, L50, F|100/100
|switch|p2a: Incineroar|Incineroar, L50, F|100/100
|switch|p2b: Gholdengo|Gholdengo, L50|100/100
|-weather|Sandstorm|[from] ability: Sand Stream|[of] p1b: Tyranitar
|-ability|p2a: Incineroar|Intimidate|boost
|-unboost|p1a: Raichu|atk|1
|-unboost|p1b: Tyranitar|atk|1
|turn|1
|inactive|StonksVgc89 has 30 seconds left.
|
|t:|1784955277
|switch|p2b: Hippowdon|Hippowdon, L50, M|100/100
|detailschange|p1a: Raichu|Raichu-Mega-Y, L50, M
|-mega|p1a: Raichu|Raichu|Raichunite Y
|move|p1a: Raichu|Fake Out|p2a: Incineroar
|-damage|p2a: Incineroar|95/100
|cant|p2a: Incineroar|flinch
|move|p1b: Tyranitar|Knock Off|p2b: Hippowdon
|-damage|p2b: Hippowdon|72/100
|-enditem|p2b: Hippowdon|Leftovers|[from] move: Knock Off|[of] p1b: Tyranitar
|
|-weather|Sandstorm|[upkeep]
|-damage|p1a: Raichu|93/100|[from] Sandstorm
|-damage|p2a: Incineroar|89/100|[from] Sandstorm
|upkeep
|turn|2
|
|t:|1784955300
|move|p1a: Raichu|Zap Cannon|p2a: Incineroar
|-damage|p2a: Incineroar|40/100
|-status|p2a: Incineroar|par
|-enditem|p2a: Incineroar|Sitrus Berry|[eat]
|-heal|p2a: Incineroar|64/100 par|[from] item: Sitrus Berry
|move|p1b: Tyranitar|Rock Slide|p2a: Incineroar|[spread] p2a,p2b
|-supereffective|p2a: Incineroar|1
|-resisted|p2b: Hippowdon|1
|-damage|p2a: Incineroar|32/100 par
|-damage|p2b: Hippowdon|63/100
|cant|p2b: Hippowdon|flinch
|move|p2a: Incineroar|Parting Shot|p1a: Raichu
|-unboost|p1a: Raichu|atk|1
|-unboost|p1a: Raichu|spa|1
|
|t:|1784955320
|switch|p2a: Aerodactyl|Aerodactyl, L50, M|100/100|[from] Parting Shot
|
|-weather|Sandstorm|[upkeep]
|-damage|p1a: Raichu|87/100|[from] Sandstorm
|upkeep
|turn|3
|
|t:|1784955333
|switch|p2a: Incineroar|Incineroar, L50, F|32/100 par
|-ability|p2a: Incineroar|Intimidate|boost
|-unboost|p1a: Raichu|atk|1
|-unboost|p1b: Tyranitar|atk|1
|move|p1a: Raichu|Zap Cannon|p2a: Incineroar
|-damage|p2a: Incineroar|0 fnt
|faint|p2a: Incineroar
|move|p1b: Tyranitar|Rock Slide|p2b: Hippowdon
|-resisted|p2b: Hippowdon|1
|-damage|p2b: Hippowdon|55/100
|move|p2b: Hippowdon|High Horsepower|p1b: Tyranitar
|-supereffective|p1b: Tyranitar|1
|-damage|p1b: Tyranitar|21/100
|
|-weather|Sandstorm|[upkeep]
|-damage|p1a: Raichu|81/100|[from] Sandstorm
|upkeep
|
|t:|1784955352
|switch|p2a: Aerodactyl|Aerodactyl, L50, M|100/100
|turn|4
|
|t:|1784955363
|detailschange|p2a: Aerodactyl|Aerodactyl-Mega, L50, M
|-mega|p2a: Aerodactyl|Aerodactyl|Aerodactylite
|move|p2a: Aerodactyl|Tailwind|p2a: Aerodactyl
|-sidestart|p2: TehCruzeFan123|move: Tailwind
|move|p1a: Raichu|Zap Cannon|p2a: Aerodactyl
|-supereffective|p2a: Aerodactyl|1
|-damage|p2a: Aerodactyl|36/100
|-status|p2a: Aerodactyl|par
|move|p2b: Hippowdon|High Horsepower|p1a: Raichu
|-supereffective|p1a: Raichu|1
|-damage|p1a: Raichu|0 fnt
|faint|p1a: Raichu
|move|p1b: Tyranitar|Superpower|p2b: Hippowdon
|-damage|p2b: Hippowdon|39/100
|-unboost|p1b: Tyranitar|atk|1
|-unboost|p1b: Tyranitar|def|1
|
|-weather|Sandstorm|[upkeep]
|upkeep
|
|t:|1784955383
|switch|p1a: Garchomp|Garchomp, L50, M|100/100
|turn|5
|
|t:|1784955391
|move|p1b: Tyranitar|Protect|p1b: Tyranitar
|-singleturn|p1b: Tyranitar|Protect
|move|p2a: Aerodactyl|Ice Fang|p1a: Garchomp
|-supereffective|p1a: Garchomp|2
|-damage|p1a: Garchomp|0 fnt
|-damage|p2a: Aerodactyl|23/100 par|[from] ability: Rough Skin|[of] p1a: Garchomp
|faint|p1a: Garchomp
|move|p2b: Hippowdon|High Horsepower|p1b: Tyranitar
|-activate|p1b: Tyranitar|move: Protect
|
|-weather|none
|upkeep
|
|t:|1784955401
|switch|p1a: Sylveon|Sylveon, L50, M|100/100
|turn|6
|
|t:|1784955409
|move|p2a: Aerodactyl|Rock Slide|p1a: Sylveon|[spread] p1a,p1b
|-crit|p1a: Sylveon
|-damage|p1a: Sylveon|50/100g
|-damage|p1b: Tyranitar|0 fnt
|faint|p1b: Tyranitar
|move|p2b: Hippowdon|High Horsepower|p1a: Sylveon
|-damage|p1a: Sylveon|6/100
|move|p1a: Sylveon|Hyper Voice|p2b: Hippowdon|[spread] p2a,p2b
|-damage|p2a: Aerodactyl|0 fnt
|-damage|p2b: Hippowdon|0 fnt
|faint|p2a: Aerodactyl
|faint|p2b: Hippowdon
|
|upkeep
|
|t:|1784955418
|switch|p2b: Gholdengo|Gholdengo, L50|100/100
|turn|7
|
|t:|1784955428
|move|p1a: Sylveon|Detect|p1a: Sylveon
|-singleturn|p1a: Sylveon|Protect
|move|p2b: Gholdengo|Shadow Ball|p1a: Sylveon
|-activate|p1a: Sylveon|move: Protect
|
|-sideend|p2: TehCruzeFan123|move: Tailwind
|upkeep
|turn|8
|
|t:|1784955438
|move|p1a: Sylveon|Quick Attack|p2b: Gholdengo
|-resisted|p2b: Gholdengo|1
|-damage|p2b: Gholdengo|92/100
|move|p2b: Gholdengo|Shadow Ball|p1a: Sylveon
|-damage|p1a: Sylveon|0 fnt
|faint|p1a: Sylveon
|
|win|TehCruzeFan123
