|j|☆Mateadelvgc
|j|☆root2iris
|html|Mateadelvgcroot2iris    
|uhtml|bestof|Game 1 of a best-of-3
|t:|1756999359
|gametype|doubles
|player|p1|Mateadelvgc|giovanni|
|player|p2|root2iris|unknownf|
|gen|9
|tier|[Gen 9] VGC 2025 Reg H (Bo3)
|rule|Species Clause: Limit one of each Pokémon
|rule|Item Clause: Limit 1 of each item
|clearpoke
|poke|p1|Gholdengo, L50|
|poke|p1|Sneasler, L50, M|
|poke|p1|Rillaboom, L50, F|
|poke|p1|Dragonite, L50, F|
|poke|p1|Ninetales-Alola, L50, M|
|poke|p1|Arcanine-Hisui, L50, M|
|poke|p2|Archaludon, L50, F|
|poke|p2|Pelipper, L50, M|
|poke|p2|Amoonguss, L50, F|
|poke|p2|Incineroar, L50, M|
|poke|p2|Baxcalibur, L50, F|
|poke|p2|Annihilape, L50, M|
|teampreview|4
|showteam|p1|Gholdengo||GrassySeed|GoodasGold|NastyPlot,MakeItRain,ShadowBall,Protect||||||50|,,,,,Water]Sneasler||WhiteHerb|Unburden|CloseCombat,DireClaw,Coaching,Protect|||M|||50|,,,,,Ghost]Rillaboom||AssaultVest|GrassySurge|FakeOut,GrassyGlide,DrumBeating,HighHorsepower|||F|||50|,,,,,Fire]Dragonite||LoadedDice|Multiscale|ScaleShot,StompingTantrum,Tailwind,Protect|||F|||50|,,,,,Ground]Ninetales-Alola||FocusSash|SnowWarning|Blizzard,IcyWind,Encore,AuroraVeil|||M|||50|,,,,,Ghost]Arcanine-Hisui||ClearAmulet|Intimidate|RockSlide,FlareBlitz,ExtremeSpeed,Protect|||M|||50|,,,,,Water
|showteam|p2|Archaludon||AssaultVest|Stamina|DragonPulse,ElectroShot,BodyPress,Thunderbolt|||F|||50|,,,,,Electric]Pelipper||FocusSash|Drizzle|MuddyWater,Hurricane,Tailwind,Protect|||M|||50|,,,,,Ghost]Amoonguss||CovertCloak|Regenerator|PollenPuff,RagePowder,Spore,Protect|||F|||50|,,,,,Fairy]Incineroar||SafetyGoggles|Intimidate|KnockOff,BurningJealousy,PartingShot,FakeOut|||M|||50|,,,,,Ghost]Baxcalibur||LoadedDice|ThermalExchange|IcicleSpear,ScaleShot,HighHorsepower,Protect|||F|||50|,,,,,Ghost]Annihilape||SitrusBerry|Defiant|RageFist,FinalGambit,Coaching,Taunt|||M|||50|,,,,,Water
|inactive|Battle timer is ON: inactive players will automatically lose when time's up. (requested by root2iris)
|inactive|Mateadelvgc has 60 seconds left.
|inactive|Mateadelvgc has 30 seconds left.
|
|t:|1756999425
|teamsize|p1|4
|teamsize|p2|4
|start
|switch|p1a: Gholdengo|Gholdengo, L50|100/100
|switch|p1b: Dragonite|Dragonite, L50, F|100/100
|switch|p2a: Roxas|Archaludon, L50, F|100/100
|switch|p2b: RC|Incineroar, L50, M|100/100
|-ability|p2b: RC|Intimidate|boost
|-unboost|p1a: Gholdengo|atk|1
|-unboost|p1b: Dragonite|atk|1
|turn|1
|inactive|Mateadelvgc has 30 seconds left.
|inactive|Mateadelvgc has 20 seconds left.
|inactive|root2iris has 30 seconds left.
|
|t:|1756999465
|switch|p1b: Rillaboom|Rillaboom, L50, F|100/100
|-fieldstart|move: Grassy Terrain|[from] ability: Grassy Surge|[of] p1b: Rillaboom
|-enditem|p1a: Gholdengo|Grassy Seed
|-boost|p1a: Gholdengo|def|1|[from] item: Grassy Seed
|move|p1a: Gholdengo|Protect|p1a: Gholdengo
|-singleturn|p1a: Gholdengo|Protect
|move|p2b: RC|Burning Jealousy|p1b: Rillaboom|[spread] p1b
|-activate|p1a: Gholdengo|move: Protect
|-supereffective|p1b: Rillaboom
|-damage|p1b: Rillaboom|80/100
|move|p2a: Roxas|Thunderbolt|p1a: Gholdengo
|-activate|p1a: Gholdengo|move: Protect
|
|-heal|p1b: Rillaboom|86/100|[from] Grassy Terrain
|upkeep
|turn|2
|inactive|Mateadelvgc has 30 seconds left.
|
|t:|1756999494
|move|p1b: Rillaboom|Fake Out|p2a: Roxas
|-resisted|p2a: Roxas
|-damage|p2a: Roxas|96/100
|-ability|p2a: Roxas|Stamina|boost
|-boost|p2a: Roxas|def|1
|move|p1a: Gholdengo|Nasty Plot|p1a: Gholdengo
|-boost|p1a: Gholdengo|spa|2
|move|p2b: RC|Burning Jealousy|p1b: Rillaboom|[spread] p1a,p1b
|-supereffective|p1a: Gholdengo
|-supereffective|p1b: Rillaboom
|-damage|p1a: Gholdengo|72/100
|-damage|p1b: Rillaboom|64/100
|-status|p1a: Gholdengo|brn
|cant|p2a: Roxas|flinch
|
|-heal|p1b: Rillaboom|70/100|[from] Grassy Terrain
|-heal|p1a: Gholdengo|79/100 brn|[from] Grassy Terrain
|-heal|p2a: Roxas|100/100|[from] Grassy Terrain
|-damage|p1a: Gholdengo|72/100 brn|[from] brn
|upkeep
|turn|3
|inactive|Mateadelvgc has 30 seconds left.
|inactive|Mateadelvgc has 20 seconds left.
|inactive|Mateadelvgc has 15 seconds left.
|inactive|Mateadelvgc has 10 seconds left.
|inactive|Mateadelvgc has 5 seconds left.
|
|t:|1756999546
|-terastallize|p2a: Roxas|Electric
|move|p1b: Rillaboom|Drum Beating|p2a: Roxas
|-damage|p2a: Roxas|79/100
|-unboost|p2a: Roxas|spe|1
|-ability|p2a: Roxas|Stamina|boost
|-boost|p2a: Roxas|def|1
|move|p1a: Gholdengo|Shadow Ball|p2a: Roxas
|-damage|p2a: Roxas|24/100
|-ability|p2a: Roxas|Stamina|boost
|-boost|p2a: Roxas|def|1
|move|p2b: RC|Parting Shot|p1b: Rillaboom
|-unboost|p1b: Rillaboom|atk|1
|-unboost|p1b: Rillaboom|spa|1
|
|t:|1756999558
|switch|p2b: Oathkeeper|Pelipper, L50, M, shiny|100/100|[from] Parting Shot
|-weather|RainDance|[from] ability: Drizzle|[of] p2b: Oathkeeper
|move|p2a: Roxas|Electro Shot||[still]
|-prepare|p2a: Roxas|Electro Shot
|-boost|p2a: Roxas|spa|1
|-anim|p2a: Roxas|Electro Shot|p1a: Gholdengo
|-damage|p1a: Gholdengo|0 fnt
|faint|p1a: Gholdengo
|
|-weather|RainDance|[upkeep]
|-heal|p1b: Rillaboom|76/100|[from] Grassy Terrain
|-heal|p2a: Roxas|30/100|[from] Grassy Terrain
|upkeep
|
|t:|1756999574
|switch|p1a: Dragonite|Dragonite, L50, F|100/100
|turn|4
|
|t:|1756999589
|-terastallize|p1a: Dragonite|Ground
|move|p1b: Rillaboom|High Horsepower|p2a: Roxas
|-supereffective|p2a: Roxas
|-damage|p2a: Roxas|20/100
|-ability|p2a: Roxas|Stamina|boost
|-boost|p2a: Roxas|def|1
|move|p1a: Dragonite|Scale Shot|p2b: Oathkeeper
|-damage|p2b: Oathkeeper|81/100
|-damage|p2b: Oathkeeper|61/100
|-damage|p2b: Oathkeeper|42/100
|-damage|p2b: Oathkeeper|23/100
|-damage|p2b: Oathkeeper|3/100
|-hitcount|p2b: Oathkeeper|5
|-unboost|p1a: Dragonite|def|1
|-boost|p1a: Dragonite|spe|1
|move|p2b: Oathkeeper|Tailwind|p2b: Oathkeeper
|-sidestart|p2: root2iris|move: Tailwind
|move|p2a: Roxas|Dragon Pulse|p1a: Dragonite
|-damage|p1a: Dragonite|74/100
|
|-weather|RainDance|[upkeep]
|-heal|p1a: Dragonite|80/100|[from] Grassy Terrain
|-heal|p2a: Roxas|26/100|[from] Grassy Terrain
|-heal|p1b: Rillaboom|81/100|[from] Grassy Terrain
|upkeep
|turn|5
|inactive|Mateadelvgc has 30 seconds left.
|inactive|root2iris has 30 seconds left.
|inactive|Mateadelvgc has 20 seconds left.
|
|t:|1756999626
|switch|p2b: RC|Incineroar, L50, M|100/100
|-ability|p2b: RC|Intimidate|boost
|-unboost|p1a: Dragonite|atk|1
|-unboost|p1b: Rillaboom|atk|1
|move|p1b: Rillaboom|Grassy Glide|p2b: RC
|-resisted|p2b: RC
|-damage|p2b: RC|92/100
|move|p1a: Dragonite|Scale Shot|p2a: Roxas
|-damage|p2a: Roxas|24/100
|-ability|p2a: Roxas|Stamina|boost
|-boost|p2a: Roxas|def|1
|-damage|p2a: Roxas|22/100
|-ability|p2a: Roxas|Stamina|boost
|-boost|p2a: Roxas|def|1
|-damage|p2a: Roxas|20/100
|-damage|p2a: Roxas|18/100
|-damage|p2a: Roxas|16/100
|-hitcount|p2a: Roxas|5
|-unboost|p1a: Dragonite|def|1
|-boost|p1a: Dragonite|spe|1
|move|p2a: Roxas|Body Press|p1b: Rillaboom
|-damage|p1b: Rillaboom|0 fnt
|faint|p1b: Rillaboom
|
|-weather|RainDance|[upkeep]
|-heal|p1a: Dragonite|86/100|[from] Grassy Terrain
|-heal|p2b: RC|98/100|[from] Grassy Terrain
|-heal|p2a: Roxas|22/100|[from] Grassy Terrain
|-fieldend|move: Grassy Terrain
|upkeep
|inactive|Mateadelvgc has 30 seconds left.
|
|t:|1756999653
|switch|p1b: Ninetales|Ninetales-Alola, L50, M|100/100
|-weather|Snowscape|[from] ability: Snow Warning|[of] p1b: Ninetales
|turn|6
|
|t:|1756999677
|move|p2b: RC|Fake Out|p1b: Ninetales
|-damage|p1b: Ninetales|90/100
|move|p1a: Dragonite|Stomping Tantrum|p2a: Roxas
|-supereffective|p2a: Roxas
|-damage|p2a: Roxas|12/100
|cant|p1b: Ninetales|flinch
|move|p2a: Roxas|Body Press|p1b: Ninetales
|-damage|p1b: Ninetales|0 fnt
|faint|p1b: Ninetales
|
|-weather|Snowscape|[upkeep]
|upkeep
|turn|7
|
|t:|1756999695
|move|p1a: Dragonite|Stomping Tantrum|p2a: Roxas
|-supereffective|p2a: Roxas
|-damage|p2a: Roxas|3/100
|move|p2b: RC|Parting Shot|p1a: Dragonite
|-unboost|p1a: Dragonite|atk|1
|-unboost|p1a: Dragonite|spa|1
|
|t:|1756999701
|switch|p2b: Oathkeeper|Pelipper, L50, M, shiny|3/100|[from] Parting Shot
|-weather|RainDance|[from] ability: Drizzle|[of] p2b: Oathkeeper
|move|p2a: Roxas|Body Press|p1a: Dragonite
|-damage|p1a: Dragonite|0 fnt
|faint|p1a: Dragonite
|
|win|root2iris
||Mateadelvgc is ready for game 2.
||root2iris is ready for game 2.
|uhtml|next|Next: Game 2 of 3
