|j|☆SHLOK101
|j|☆alexshyness
|html|SHLOK101alexshyness    
|uhtml|bestof|Game 2 of a best-of-3
|t:|1785460740
|gametype|doubles
|player|p1|SHLOK101|cynthia-gen4|1217
|player|p2|alexshyness|lass-gen4dp|1250
|gen|9
|tier|[Gen 9 Champions] VGC 2026 Reg M-B (Bo3)
|rated|
|rule|Species Clause: Limit one of each Pokémon
|rule|Item Clause: Limit 1 of each item
|clearpoke
|poke|p1|Tyranitar, L50, F|
|poke|p1|Houndstone, L50, F|
|poke|p1|Blaziken, L50, M|
|poke|p1|Sinistcha, L50|
|poke|p1|Aggron, L50, F|
|poke|p1|Mamoswine, L50, F|
|poke|p2|Kommo-o, L50, M|
|poke|p2|Gengar, L50, M, shiny|
|poke|p2|Maushold-Four, L50|
|poke|p2|Charizard, L50, M, shiny|
|poke|p2|Venusaur, L50, M|
|poke|p2|Incineroar, L50, M|
|teampreview|4
|showteam|p1|Tyranitar||Tyranitarite|SandStream|RockSlide,KnockOff,DragonDance,Protect|Jolly||F|||50|]Houndstone||WideLens|SandRush|LastRespects,WillOWisp,Howl,Protect|Jolly||F|||50|]Blaziken||FocusSash|SpeedBoost|HeatWave,AuraSphere,Coaching,Protect|Timid||M|||50|]Sinistcha||SitrusBerry|Hospitality|MatchaGotcha,TrickRoom,RagePowder,LifeDew|Calm|||||50|]Aggron||Aggronite|Sturdy|HeavySlam,BodyPress,IronDefense,Protect|Careful||F|||50|]Mamoswine||LifeOrb|Oblivious|IcicleCrash,HighHorsepower,IceShard,Protect|Adamant||F|||50|
|showteam|p2|Kommo-o||Leftovers|Soundproof|Protect,ClangingScales,AuraSphere,ClangorousSoul|Timid||M|||50|]Gengar||Gengarite|CursedBody|Protect,ShadowBall,SludgeBomb,PerishSong|Timid||M|||50|]Maushold-Four||ChopleBerry|FriendGuard|Protect,HelpingHand,FollowMe,Encore|Jolly|||||50|]Charizard||CharizarditeY|Blaze|Protect,HeatWave,WeatherBall,SolarBeam|Modest||M|||50|]Venusaur||FocusSash|Chlorophyll|Protect,LeafStorm,EarthPower,SleepPowder|Modest||M|||50|]Incineroar||SitrusBerry|Intimidate|Protect,ThroatChop,PartingShot,FakeOut|Careful||M|||50|
|inactive|Battle timer is ON: inactive players will automatically lose when time's up. (requested by SHLOK101)
|
|t:|1785460761
|teamsize|p1|4
|teamsize|p2|4
|start
|switch|p1a: Blaziken|Blaziken, L50, M|100/100
|switch|p1b: Mamoswine|Mamoswine, L50, F|100/100
|switch|p2a: Kommo-o|Kommo-o, L50, M|100/100
|switch|p2b: Incineroar|Incineroar, L50, M|100/100
|-ability|p2b: Incineroar|Intimidate|boost
|-unboost|p1a: Blaziken|atk|1
|-fail|p1b: Mamoswine|unboost|Attack|[from] ability: Oblivious|[of] p1b: Mamoswine
|turn|1
|
|t:|1785460780
|move|p2b: Incineroar|Fake Out|p1b: Mamoswine
|-damage|p1b: Mamoswine|88/100
|move|p2a: Kommo-o|Clangorous Soul|p2a: Kommo-o
|-boost|p2a: Kommo-o|atk|1
|-boost|p2a: Kommo-o|def|1
|-boost|p2a: Kommo-o|spa|1
|-boost|p2a: Kommo-o|spd|1
|-boost|p2a: Kommo-o|spe|1
|-damage|p2a: Kommo-o|67/100
|move|p1a: Blaziken|Coaching|p1b: Mamoswine
|-boost|p1b: Mamoswine|atk|1
|-boost|p1b: Mamoswine|def|1
|cant|p1b: Mamoswine|flinch
|
|-heal|p2a: Kommo-o|73/100|[from] item: Leftovers
|-ability|p1a: Blaziken|Speed Boost|boost
|-boost|p1a: Blaziken|spe|1
|upkeep
|turn|2
|
|t:|1785460790
|move|p2a: Kommo-o|Protect|p2a: Kommo-o
|-singleturn|p2a: Kommo-o|Protect
|move|p1b: Mamoswine|Ice Shard|p2a: Kommo-o
|-activate|p2a: Kommo-o|move: Protect
|move|p1a: Blaziken|Aura Sphere|p2a: Kommo-o
|-activate|p2a: Kommo-o|move: Protect
|move|p2b: Incineroar|Parting Shot|p1a: Blaziken
|-unboost|p1a: Blaziken|atk|1
|-unboost|p1a: Blaziken|spa|1
|
|t:|1785460792
|switch|p2b: Maushold|Maushold-Four, L50|100/100|[from] Parting Shot
|
|-heal|p2a: Kommo-o|79/100|[from] item: Leftovers
|-ability|p1a: Blaziken|Speed Boost|boost
|-boost|p1a: Blaziken|spe|1
|upkeep
|turn|3
|
|t:|1785460801
|move|p1b: Mamoswine|Protect|p1b: Mamoswine
|-singleturn|p1b: Mamoswine|Protect
|move|p2b: Maushold|Follow Me|p2b: Maushold
|-singleturn|p2b: Maushold|move: Follow Me
|move|p1a: Blaziken|Aura Sphere|p2b: Maushold
|-supereffective|p2b: Maushold|1
|-enditem|p2b: Maushold|Chople Berry|[eat]
|-enditem|p2b: Maushold|Chople Berry|[weaken]
|-damage|p2b: Maushold|67/100
|move|p2a: Kommo-o|Clanging Scales|p1b: Mamoswine|[spread] p1a
|-activate|p1b: Mamoswine|move: Protect
|-damage|p1a: Blaziken|21/100
|-unboost|p2a: Kommo-o|def|1
|
|-heal|p2a: Kommo-o|85/100|[from] item: Leftovers
|-ability|p1a: Blaziken|Speed Boost|boost
|-boost|p1a: Blaziken|spe|1
|upkeep
|turn|4
|
|t:|1785460821
|move|p2b: Maushold|Follow Me|p2b: Maushold
|-singleturn|p2b: Maushold|move: Follow Me
|move|p1a: Blaziken|Aura Sphere|p2b: Maushold
|-supereffective|p2b: Maushold|1
|-crit|p2b: Maushold
|-damage|p2b: Maushold|0 fnt
|faint|p2b: Maushold
|move|p2a: Kommo-o|Aura Sphere|p1b: Mamoswine
|-supereffective|p1b: Mamoswine|1
|-damage|p1b: Mamoswine|0 fnt
|faint|p1b: Mamoswine
|
|-heal|p2a: Kommo-o|91/100|[from] item: Leftovers
|-ability|p1a: Blaziken|Speed Boost|boost
|-boost|p1a: Blaziken|spe|1
|upkeep
|
|t:|1785460831
|switch|p2b: Incineroar|Incineroar, L50, M|100/100
|switch|p1b: Tyranitar|Tyranitar, L50, F|100/100
|-weather|Sandstorm|[from] ability: Sand Stream|[of] p1b: Tyranitar
|-ability|p2b: Incineroar|Intimidate|boost
|-unboost|p1a: Blaziken|atk|1
|-unboost|p1b: Tyranitar|atk|1
|turn|5
|
|t:|1785460839
|move|p1a: Blaziken|Protect|p1a: Blaziken
|-singleturn|p1a: Blaziken|Protect
|move|p1b: Tyranitar|Protect|p1b: Tyranitar
|-singleturn|p1b: Tyranitar|Protect
|move|p2b: Incineroar|Fake Out|p1b: Tyranitar
|-activate|p1b: Tyranitar|move: Protect
|move|p2a: Kommo-o|Clanging Scales|p1a: Blaziken|[spread] 
|-activate|p1a: Blaziken|move: Protect
|-activate|p1b: Tyranitar|move: Protect
|
|-weather|Sandstorm|[upkeep]
|-damage|p1a: Blaziken|16/100|[from] Sandstorm
|-damage|p2a: Kommo-o|85/100|[from] Sandstorm
|-damage|p2b: Incineroar|94/100|[from] Sandstorm
|-heal|p2a: Kommo-o|91/100|[from] item: Leftovers
|-ability|p1a: Blaziken|Speed Boost|boost
|-boost|p1a: Blaziken|spe|1
|upkeep
|turn|6
|
|t:|1785460849
|switch|p1b: Houndstone|Houndstone, L50, F|100/100
|move|p1a: Blaziken|Coaching|p1b: Houndstone
|-boost|p1b: Houndstone|atk|1
|-boost|p1b: Houndstone|def|1
|move|p2a: Kommo-o|Aura Sphere|p1b: Houndstone
|-immune|p1b: Houndstone
|move|p2b: Incineroar|Throat Chop|p1a: Blaziken
|-resisted|p1a: Blaziken|1
|-damage|p1a: Blaziken|0 fnt
|faint|p1a: Blaziken
|
|-weather|Sandstorm|[upkeep]
|-damage|p2a: Kommo-o|85/100|[from] Sandstorm
|-damage|p2b: Incineroar|88/100|[from] Sandstorm
|-heal|p2a: Kommo-o|91/100|[from] item: Leftovers
|upkeep
|
|t:|1785460858
|switch|p1a: Tyranitar|Tyranitar, L50, F|100/100
|turn|7
|
|t:|1785460867
|detailschange|p1a: Tyranitar|Tyranitar-Mega, L50, F
|-mega|p1a: Tyranitar|Tyranitar|Tyranitarite
|move|p1b: Houndstone|Last Respects|p2b: Incineroar
|-resisted|p2b: Incineroar|1
|-damage|p2b: Incineroar|50/100g
|move|p2a: Kommo-o|Aura Sphere|p1a: Tyranitar
|-supereffective|p1a: Tyranitar|2
|-damage|p1a: Tyranitar|0 fnt
|faint|p1a: Tyranitar
|move|p2b: Incineroar|Throat Chop|p1b: Houndstone
|-supereffective|p1b: Houndstone|1
|-damage|p1b: Houndstone|49/100
|-start|p1b: Houndstone|Throat Chop|[silent]
|
|-weather|Sandstorm|[upkeep]
|-damage|p2a: Kommo-o|85/100|[from] Sandstorm
|-damage|p2b: Incineroar|44/100|[from] Sandstorm
|-enditem|p2b: Incineroar|Sitrus Berry|[eat]
|-heal|p2b: Incineroar|69/100|[from] item: Sitrus Berry
|-heal|p2a: Kommo-o|91/100|[from] item: Leftovers
|upkeep
|turn|8
|
|t:|1785460883
|move|p1b: Houndstone|Last Respects|p2b: Incineroar
|-resisted|p2b: Incineroar|1
|-damage|p2b: Incineroar|11/100
|move|p2a: Kommo-o|Clanging Scales|p1b: Houndstone
|-damage|p1b: Houndstone|0 fnt
|faint|p1b: Houndstone
|
|win|alexshyness
|raw|SHLOK101's rating: 1217 → 1194(-23 for losing)
|raw|alexshyness's rating: 1250 → 1273(+23 for winning)
|l|☆SHLOK101
|player|p1|
