|j|☆Ouraiti
|j|☆AviDotWav
|html|OuraitiAviDotWav    
|uhtml|bestof|Game 2 of a best-of-3
|t:|1756861003
|gametype|doubles
|player|p1|Ouraiti|bugcatcher-gen4dp|1049
|player|p2|AviDotWav|parasollady|1042
|gen|9
|tier|[Gen 9] VGC 2025 Reg H (Bo3)
|rated|
|rule|Species Clause: Limit one of each Pokémon
|rule|Item Clause: Limit 1 of each item
|clearpoke
|poke|p1|Weezing-Galar, L50, F|
|poke|p1|Annihilape, L50, M|
|poke|p1|Toedscruel, L50, M|
|poke|p1|Kingambit, L50, M|
|poke|p1|Maushold, L50|
|poke|p1|Volcarona, L50, F|
|poke|p2|Hydreigon, L50, F|
|poke|p2|Amoonguss, L50, F|
|poke|p2|Incineroar, L50, M|
|poke|p2|Gholdengo, L50|
|poke|p2|Ursaluna, L50, F|
|poke|p2|Porygon2, L50|
|teampreview|4
|showteam|p1|Weezing-Galar||SafetyGoggles|NeutralizingGas|Toxic,Taunt,StrangeSteam,Protect|||F|||50|,,,,,Dark]Annihilape||ChoiceScarf|Defiant|CloseCombat,FinalGambit,ShadowClaw,SeedBomb|||M|||50|,,,,,Ghost]Toedscruel||CovertCloak|MyceliumMight|Spore,EarthPower,LeechSeed,Protect|||M|||50|,,,,,Water]Kingambit||BlackGlasses|Defiant|SuckerPunch,KowtowCleave,IronHead,Protect|||M|||50|,,,,,Dark]Maushold||SitrusBerry|FriendGuard|PopulationBomb,Encore,FollowMe,Protect||||||50|,,,,,Ghost]Volcarona||FocusSash|FlameBody|HeatWave,QuiverDance,TeraBlast,Protect|||F|||50|,,,,,Water
|showteam|p2|Hydreigon||SafetyGoggles|Levitate|Protect,DracoMeteor,Tailwind,Snarl|||F|||50|,,,,,Ghost]Amoonguss||CovertCloak|Regenerator|PollenPuff,Spore,RagePowder,Protect|||F|||50|,,,,,Water]Incineroar||SitrusBerry|Intimidate|FakeOut,KnockOff,FlareBlitz,PartingShot|||M|||50|,,,,,Ghost]Gholdengo||MetalCoat|GoodasGold|MakeItRain,ShadowBall,NastyPlot,Protect||||||50|,,,,,Dragon]Ursaluna||FlameOrb|Guts|Facade,HeadlongRush,Protect,Earthquake|||F|||50|,,,,,Ghost]Porygon2||Eviolite|Download|IceBeam,TeraBlast,Recover,TrickRoom||||||50|,,,,,Fighting
|inactive|Battle timer is ON: inactive players will automatically lose when time's up. (requested by AviDotWav)
|
|t:|1756861022
|teamsize|p1|4
|teamsize|p2|4
|start
|switch|p1a: Weezing|Weezing-Galar, L50, F|100/100
|switch|p1b: Annihilape|Annihilape, L50, M|100/100
|switch|p2a: Ursaluna|Ursaluna, L50, F|100/100
|switch|p2b: Hydreigon|Hydreigon, L50, F|100/100
|-ability|p1a: Weezing|Neutralizing Gas
|turn|1
|
|t:|1756861044
|move|p2a: Ursaluna|Protect|p2a: Ursaluna
|-singleturn|p2a: Ursaluna|Protect
|move|p1b: Annihilape|Close Combat|p2a: Ursaluna
|-activate|p2a: Ursaluna|move: Protect
|move|p2b: Hydreigon|Tailwind|p2b: Hydreigon
|-sidestart|p2: AviDotWav|move: Tailwind
|move|p1a: Weezing|Strange Steam|p2a: Ursaluna
|-activate|p2a: Ursaluna|move: Protect
|
|-status|p2a: Ursaluna|brn|[from] item: Flame Orb
|upkeep
|turn|2
|
|t:|1756861067
|switch|p2a: Amoonguss|Amoonguss, L50, F|100/100
|-terastallize|p2b: Hydreigon|Ghost
|move|p2b: Hydreigon|Draco Meteor|p1b: Annihilape
|-damage|p1b: Annihilape|45/100
|-unboost|p2b: Hydreigon|spa|2
|move|p1b: Annihilape|Close Combat|p2b: Hydreigon
|-immune|p2b: Hydreigon
|move|p1a: Weezing|Strange Steam|p2b: Hydreigon
|-damage|p2b: Hydreigon|69/100
|
|upkeep
|turn|3
|
|t:|1756861087
|switch|p2b: Ursaluna|Ursaluna, L50, F|100/100 brn
|switch|p1b: Toedscruel|Toedscruel, L50, M|100/100
|move|p2a: Amoonguss|Spore|p1b: Toedscruel
|-immune|p1b: Toedscruel
|move|p1a: Weezing|Taunt|p2a: Amoonguss
|-start|p2a: Amoonguss|move: Taunt
|
|-damage|p2b: Ursaluna|95/100 brn|[from] brn
|upkeep
|turn|4
|
|t:|1756861102
|switch|p2a: Porygon2|Porygon2, L50|100/100
|move|p1b: Toedscruel|Leech Seed|p2b: Ursaluna
|-start|p2b: Ursaluna|move: Leech Seed
|move|p2b: Ursaluna|Headlong Rush|p1a: Weezing
|-supereffective|p1a: Weezing
|-damage|p1a: Weezing|46/100
|-unboost|p2b: Ursaluna|def|1
|-unboost|p2b: Ursaluna|spd|1
|move|p1a: Weezing|Strange Steam|p2b: Ursaluna
|-damage|p2b: Ursaluna|63/100 brn
|
|-damage|p2b: Ursaluna|50/100 brn|[from] Leech Seed|[of] p1b: Toedscruel
|-damage|p2b: Ursaluna|44/100 brn|[from] brn
|-sideend|p2: AviDotWav|move: Tailwind
|upkeep
|turn|5
|
|t:|1756861123
|switch|p2b: Amoonguss|Amoonguss, L50, F|100/100
|move|p1a: Weezing|Protect|p1a: Weezing
|-singleturn|p1a: Weezing|Protect
|move|p1b: Toedscruel|Leech Seed|p2a: Porygon2
|-start|p2a: Porygon2|move: Leech Seed
|move|p2a: Porygon2|Tera Blast|p1a: Weezing
|-activate|p1a: Weezing|move: Protect
|
|-damage|p2a: Porygon2|88/100|[from] Leech Seed|[of] p1b: Toedscruel
|upkeep
|turn|6
|
|t:|1756861148
|move|p1b: Toedscruel|Earth Power|p2b: Amoonguss
|-damage|p2b: Amoonguss|79/100
|move|p1a: Weezing|Taunt|p2a: Porygon2
|-start|p2a: Porygon2|move: Taunt
|move|p2a: Porygon2|Tera Blast|p1a: Weezing
|-damage|p1a: Weezing|13/100
|move|p2b: Amoonguss|Pollen Puff|p2a: Porygon2
|-heal|p2a: Porygon2|100/100
|
|-damage|p2a: Porygon2|88/100|[from] Leech Seed|[of] p1b: Toedscruel
|upkeep
|turn|7
|
|t:|1756861158
|move|p1a: Weezing|Protect|p1a: Weezing
|-singleturn|p1a: Weezing|Protect
|move|p1b: Toedscruel|Earth Power|p2a: Porygon2
|-damage|p2a: Porygon2|74/100
|move|p2a: Porygon2|Tera Blast|p1a: Weezing
|-activate|p1a: Weezing|move: Protect
|move|p2b: Amoonguss|Pollen Puff|p2a: Porygon2
|-heal|p2a: Porygon2|100/100
|
|-damage|p2a: Porygon2|88/100|[from] Leech Seed|[of] p1b: Toedscruel
|upkeep
|turn|8
|
|t:|1756861179
|-end|p1a: Weezing|ability: Neutralizing Gas
|-ability|p2a: Porygon2|Download|boost
|-boost|p2a: Porygon2|atk|1
|switch|p1a: Annihilape|Annihilape, L50, M|45/100
|move|p1b: Toedscruel|Spore|p2a: Porygon2
|-status|p2a: Porygon2|slp|[from] move: Spore
|cant|p2a: Porygon2|slp
|move|p2b: Amoonguss|Pollen Puff|p2a: Porygon2
|-heal|p2a: Porygon2|100/100 slp
|
|-damage|p2a: Porygon2|88/100 slp|[from] Leech Seed|[of] p1b: Toedscruel
|-end|p2a: Porygon2|move: Taunt
|upkeep
|turn|9
|inactive|Ouraiti has 30 seconds left.
|
|t:|1756861206
|move|p2b: Amoonguss|Protect|p2b: Amoonguss
|-singleturn|p2b: Amoonguss|Protect
|move|p1a: Annihilape|Shadow Claw|p2a: Porygon2
|-immune|p2a: Porygon2
|move|p1b: Toedscruel|Spore|p2a: Porygon2
|-fail|p2a: Porygon2|slp
|-curestatus|p2a: Porygon2|slp|[msg]
|move|p2a: Porygon2|Trick Room|p2a: Porygon2
|-fieldstart|move: Trick Room|[of] p2a: Porygon2
|
|-damage|p2a: Porygon2|76/100|[from] Leech Seed|[of] p1b: Toedscruel
|upkeep
|turn|10
|
|t:|1756861228
|-terastallize|p1b: Toedscruel|Water
|move|p2b: Amoonguss|Spore|p1a: Annihilape
|-status|p1a: Annihilape|slp|[from] move: Spore
|move|p2a: Porygon2|Ice Beam|p1b: Toedscruel
|-resisted|p1b: Toedscruel
|-damage|p1b: Toedscruel|90/100
|move|p1b: Toedscruel|Earth Power|p2a: Porygon2
|-damage|p2a: Porygon2|59/100
|-unboost|p2a: Porygon2|spd|1
|cant|p1a: Annihilape|slp
|
|-damage|p2a: Porygon2|47/100|[from] Leech Seed|[of] p1b: Toedscruel
|-heal|p1b: Toedscruel|100/100|[silent]
|upkeep
|turn|11
|
|t:|1756861247
|switch|p2a: Ursaluna|Ursaluna, L50, F|44/100 brn
|switch|p1b: Weezing|Weezing-Galar, L50, F|13/100
|-ability|p1b: Weezing|Neutralizing Gas
|move|p2b: Amoonguss|Spore|p1b: Weezing
|-activate|p1b: Weezing|item: Safety Goggles|Spore
|cant|p1a: Annihilape|slp
|
|-damage|p2a: Ursaluna|38/100 brn|[from] brn
|upkeep
|turn|12
|
|t:|1756861263
|move|p1b: Weezing|Protect|p1b: Weezing
|-singleturn|p1b: Weezing|Protect
|move|p2b: Amoonguss|Pollen Puff|p2a: Ursaluna
|-heal|p2a: Ursaluna|88/100 brn
|move|p2a: Ursaluna|Earthquake|p1a: Annihilape|[spread] p2b,p1a
|-activate|p1b: Weezing|move: Protect
|-damage|p2b: Amoonguss|61/100
|-damage|p1a: Annihilape|24/100 slp
|cant|p1a: Annihilape|slp
|
|-damage|p2a: Ursaluna|82/100 brn|[from] brn
|upkeep
|turn|13
|inactive|AviDotWav has 30 seconds left.
|
|t:|1756861290
|-end|p1b: Weezing|ability: Neutralizing Gas
|switch|p1b: Toedscruel|Toedscruel, L50, M, tera:Water|100/100
|move|p2b: Amoonguss|Rage Powder|p2b: Amoonguss
|-singleturn|p2b: Amoonguss|move: Rage Powder
|move|p2a: Ursaluna|Earthquake|p1b: Toedscruel|[spread] p2b,p1a,p1b
|-damage|p2b: Amoonguss|10/100
|-damage|p1a: Annihilape|0 fnt
|-damage|p1b: Toedscruel|15/100
|faint|p1a: Annihilape
|
|-damage|p2a: Ursaluna|76/100 brn|[from] brn
|-fieldend|move: Trick Room
|upkeep
|
|t:|1756861300
|switch|p1a: Volcarona|Volcarona, L50, F|100/100
|turn|14
|
|t:|1756861316
|switch|p2b: Hydreigon|Hydreigon, L50, F, tera:Ghost|69/100
|move|p1b: Toedscruel|Earth Power|p2a: Ursaluna
|-damage|p2a: Ursaluna|54/100 brn
|move|p1a: Volcarona|Heat Wave|p2a: Ursaluna|[spread] p2a,p2b
|-damage|p2a: Ursaluna|20/100 brn
|-damage|p2b: Hydreigon|20/100
|move|p2a: Ursaluna|Earthquake|p1a: Volcarona|[spread] p1a,p1b
|-immune|p2b: Hydreigon|[from] ability: Levitate
|-damage|p1a: Volcarona|5/100
|-damage|p1b: Toedscruel|0 fnt
|faint|p1b: Toedscruel
|
|-damage|p2a: Ursaluna|14/100 brn|[from] brn
|upkeep
|
|t:|1756861326
|switch|p1b: Weezing|Weezing-Galar, L50, F|13/100
|-ability|p1b: Weezing|Neutralizing Gas
|turn|15
|
|t:|1756861343
|move|p2a: Ursaluna|Protect|p2a: Ursaluna
|-singleturn|p2a: Ursaluna|Protect
|move|p2b: Hydreigon|Tailwind|p2b: Hydreigon
|-sidestart|p2: AviDotWav|move: Tailwind
|move|p1a: Volcarona|Heat Wave|p2a: Ursaluna|[spread] p2b
|-activate|p2a: Ursaluna|move: Protect
|-damage|p2b: Hydreigon|0 fnt
|faint|p2b: Hydreigon
|move|p1b: Weezing|Strange Steam|p2a: Ursaluna
|-activate|p2a: Ursaluna|move: Protect
|
|-damage|p2a: Ursaluna|9/100 brn|[from] brn
|upkeep
|
|t:|1756861349
|switch|p2b: Amoonguss|Amoonguss, L50, F|44/100
|turn|16
|
|t:|1756861376
|move|p1a: Volcarona|Heat Wave|p2a: Ursaluna|[spread] p2a,p2b
|-supereffective|p2b: Amoonguss
|-damage|p2a: Ursaluna|0 fnt
|-damage|p2b: Amoonguss|0 fnt
|faint|p2a: Ursaluna
|faint|p2b: Amoonguss
|move|p1b: Weezing|Taunt|p2: Ursaluna|[notarget]
|-fail|p1b: Weezing
|
|upkeep
|
|t:|1756861378
|switch|p2b: Porygon2|Porygon2, L50|47/100
|turn|17
|inactive|Ouraiti has 30 seconds left.
|
|t:|1756861409
|move|p1a: Volcarona|Protect|p1a: Volcarona
|-singleturn|p1a: Volcarona|Protect
|move|p2b: Porygon2|Recover|p2b: Porygon2
|-heal|p2b: Porygon2|97/100
|move|p1b: Weezing|Taunt|p2b: Porygon2
|-start|p2b: Porygon2|move: Taunt
|
|upkeep
|turn|18
|
|t:|1756861421
|move|p1a: Volcarona|Heat Wave|p2b: Porygon2
|-damage|p2b: Porygon2|65/100
|move|p2b: Porygon2|Tera Blast|p1a: Volcarona
|-damage|p1a: Volcarona|0 fnt
|faint|p1a: Volcarona
|move|p1b: Weezing|Toxic|p2b: Porygon2
|-status|p2b: Porygon2|tox
|
|-damage|p2b: Porygon2|59/100 tox|[from] psn
|-sideend|p2: AviDotWav|move: Tailwind
|upkeep
|turn|19
|
|t:|1756861432
|move|p1b: Weezing|Protect|p1b: Weezing
|-singleturn|p1b: Weezing|Protect
|move|p2b: Porygon2|Tera Blast|p1b: Weezing
|-activate|p1b: Weezing|move: Protect
|
|-damage|p2b: Porygon2|48/100 tox|[from] psn
|upkeep
|turn|20
|
|t:|1756861439
|move|p1b: Weezing|Strange Steam|p2b: Porygon2
|-damage|p2b: Porygon2|31/100 tox
|move|p2b: Porygon2|Tera Blast|p1b: Weezing
|-damage|p1b: Weezing|0 fnt
|faint|p1b: Weezing
|-end|p1b: Weezing|ability: Neutralizing Gas
|
|win|AviDotWav
||AviDotWav is ready for game 3.
