|j|☆Milesymiles
|j|☆Scoseb
|html|MilesymilesScoseb    
|uhtml|bestof|Game 2 of a best-of-3
|t:|1784652485
|gametype|doubles
|player|p1|Milesymiles|veteran|1291
|player|p2|Scoseb|brycenman|1272
|gen|9
|tier|[Gen 9 Champions] VGC 2026 Reg M-B (Bo3)
|rated|
|rule|Species Clause: Limit one of each Pokémon
|rule|Item Clause: Limit 1 of each item
|clearpoke
|poke|p1|Chandelure, L50, F|
|poke|p1|Staraptor, L50, M|
|poke|p1|Vanilluxe, L50, M, shiny|
|poke|p1|Grimmsnarl, L50, M|
|poke|p1|Excadrill, L50, M|
|poke|p1|Rotom-Wash, L50, shiny|
|poke|p2|Gholdengo, L50|
|poke|p2|Zoroark-Hisui, L50, F|
|poke|p2|Incineroar, L50, M|
|poke|p2|Whimsicott, L50, F|
|poke|p2|Staraptor, L50, F|
|poke|p2|Garchomp, L50, F|
|teampreview|4
|showteam|p1|Chandelure||FocusSash|FlashFire|HeatWave,ShadowBall,TrickRoom,Protect|Modest||F|||50|]Staraptor||Staraptite|Intimidate|Tailwind,Roost,CloseCombat,BraveBird|Adamant||M|||50|]Vanilluxe||LightClay|SnowWarning|FreezeDry,Blizzard,AuroraVeil,Protect|Calm||M|||50|]Grimmsnarl||RoseliBerry|Prankster|FakeOut,PartingShot,SpiritBreak,LightScreen|Adamant||M|||50|]Excadrill||Excadrite|SandRush|Earthquake,IronHead,Protect,RockSlide|Jolly||M|||50|]Rotom-Wash||Magnet|Levitate|Thunderbolt,Electroweb,WillOWisp,HydroPump|Modest|||||50|
|showteam|p2|Gholdengo||LifeOrb|GoodasGold|PowerGem,Protect,MakeItRain,ShadowBall|Modest|||||50|]Zoroark-Hisui||FocusSash|Illusion|Taunt,IcyWind,FakeTears,BitterMalice|Timid||F|||50|]Incineroar||SitrusBerry|Intimidate|FakeOut,PartingShot,FlareBlitz,DarkestLariat|Careful||M|||50|]Whimsicott||FairyFeather|Prankster|Moonblast,Tailwind,Charm,Encore|Modest||F|||50|]Staraptor||Staraptite|Reckless|CloseCombat,Protect,BraveBird,Roost|Jolly||F|||50|]Garchomp||Garchompite|RoughSkin|Protect,Earthquake,DragonClaw,RockSlide|Adamant||F|||50|
|inactive|Battle timer is ON: inactive players will automatically lose when time's up. (requested by Scoseb)
|inactive|Milesymiles has 60 seconds left.
|
|t:|1784652532
|teamsize|p1|4
|teamsize|p2|4
|start
|switch|p1a: Staraptor|Staraptor, L50, M|100/100
|switch|p1b: Rotom|Rotom-Wash, L50, shiny|100/100
|switch|p2a: Incineroar|Incineroar, L50, M|100/100
|switch|p2b: Staraptor|Staraptor, L50, F|100/100
|-ability|p1a: Staraptor|Intimidate|boost
|-unboost|p2a: Incineroar|atk|1
|-unboost|p2b: Staraptor|atk|1
|-ability|p2a: Incineroar|Intimidate|boost
|-unboost|p1a: Staraptor|atk|1
|-unboost|p1b: Rotom|atk|1
|turn|1
|
|t:|1784652553
|detailschange|p2b: Staraptor|Staraptor-Mega, L50, F
|-mega|p2b: Staraptor|Staraptor|Staraptite
|detailschange|p1a: Staraptor|Staraptor-Mega, L50, M
|-mega|p1a: Staraptor|Staraptor|Staraptite
|move|p2a: Incineroar|Fake Out|p1b: Rotom
|-damage|p1b: Rotom|91/100
|move|p2b: Staraptor|Close Combat|p1b: Rotom
|-damage|p1b: Rotom|50/100g
|-boost|p2b: Staraptor|def|1
|-boost|p2b: Staraptor|spd|1
|move|p1a: Staraptor|Close Combat|p2a: Incineroar
|-supereffective|p2a: Incineroar|1
|-damage|p2a: Incineroar|22/100
|-boost|p1a: Staraptor|def|1
|-boost|p1a: Staraptor|spd|1
|-enditem|p2a: Incineroar|Sitrus Berry|[eat]
|-heal|p2a: Incineroar|47/100|[from] item: Sitrus Berry
|cant|p1b: Rotom|flinch
|
|upkeep
|turn|2
|inactive|Milesymiles has 30 seconds left.
|
|t:|1784652586
|switch|p2a: Gholdengo|Gholdengo, L50|100/100
|move|p2b: Staraptor|Protect|p2b: Staraptor
|-singleturn|p2b: Staraptor|Protect
|move|p1a: Staraptor|Close Combat|p2a: Gholdengo
|-immune|p2a: Gholdengo
|move|p1b: Rotom|Will-O-Wisp|p2b: Staraptor
|-activate|p2b: Staraptor|move: Protect
|
|upkeep
|turn|3
|
|t:|1784652608
|move|p2b: Staraptor|Close Combat|p1a: Staraptor
|-resisted|p1a: Staraptor|1
|-damage|p1a: Staraptor|89/100
|-boost|p2b: Staraptor|def|1
|-boost|p2b: Staraptor|spd|1
|move|p1a: Staraptor|Tailwind|p1a: Staraptor
|-sidestart|p1: Milesymiles|move: Tailwind
|move|p1b: Rotom|Will-O-Wisp|p2b: Staraptor
|-status|p2b: Staraptor|brn
|move|p2a: Gholdengo|Shadow Ball|p1b: Rotom
|-damage|p1b: Rotom|0 fnt
|faint|p1b: Rotom
|-damage|p2a: Gholdengo|90/100|[from] item: Life Orb
|
|-damage|p2b: Staraptor|93/100 brn|[from] brn
|upkeep
|
|t:|1784652616
|switch|p1b: Chandelure|Chandelure, L50, F|100/100
|turn|4
|inactive|Scoseb has 30 seconds left.
|
|t:|1784652644
|move|p2b: Staraptor|Protect|p2b: Staraptor
|-singleturn|p2b: Staraptor|Protect
|move|p1a: Staraptor|Close Combat|p2a: Gholdengo
|-immune|p2a: Gholdengo
|move|p1b: Chandelure|Heat Wave|p2a: Gholdengo|[spread] 
|-activate|p2b: Staraptor|move: Protect
|-miss|p1b: Chandelure|p2a: Gholdengo
|move|p2a: Gholdengo|Make It Rain|p1b: Chandelure|[spread] p1a,p1b
|-resisted|p1b: Chandelure|1
|-damage|p1a: Staraptor|50/100g
|-damage|p1b: Chandelure|65/100
|-unboost|p2a: Gholdengo|spa|2
|-damage|p2a: Gholdengo|80/100|[from] item: Life Orb
|
|-damage|p2b: Staraptor|87/100 brn|[from] brn
|upkeep
|turn|5
|
|t:|1784652667
|move|p1a: Staraptor|Close Combat|p2b: Staraptor
|-resisted|p2b: Staraptor|1
|-damage|p2b: Staraptor|77/100 brn
|-boost|p1a: Staraptor|def|1
|-boost|p1a: Staraptor|spd|1
|move|p1b: Chandelure|Heat Wave|p2b: Staraptor|[spread] p2a,p2b
|-supereffective|p2a: Gholdengo|1
|-damage|p2a: Gholdengo|11/100
|-damage|p2b: Staraptor|57/100 brn
|move|p2b: Staraptor|Close Combat|p1a: Staraptor
|-resisted|p1a: Staraptor|1
|-damage|p1a: Staraptor|46/100
|-boost|p2b: Staraptor|def|1
|-boost|p2b: Staraptor|spd|1
|move|p2a: Gholdengo|Shadow Ball|p1b: Chandelure
|-supereffective|p1b: Chandelure|1
|-damage|p1b: Chandelure|0 fnt
|faint|p1b: Chandelure
|-damage|p2a: Gholdengo|1/100|[from] item: Life Orb
|
|-damage|p2b: Staraptor|51/100 brn|[from] brn
|upkeep
|
|t:|1784652674
|switch|p1b: Vanilluxe|Vanilluxe, L50, M, shiny|100/100
|-weather|Snowscape|[from] ability: Snow Warning|[of] p1b: Vanilluxe
|turn|6
|
|t:|1784652698
|move|p2b: Staraptor|Protect|p2b: Staraptor
|-singleturn|p2b: Staraptor|Protect
|move|p1a: Staraptor|Roost|p1a: Staraptor
|-heal|p1a: Staraptor|96/100
|-singleturn|p1a: Staraptor|move: Roost
|move|p1b: Vanilluxe|Aurora Veil|p1b: Vanilluxe
|-sidestart|p1: Milesymiles|move: Aurora Veil
|move|p2a: Gholdengo|Make It Rain|p1b: Vanilluxe|[spread] p1a,p1b
|-supereffective|p1b: Vanilluxe|1
|-damage|p1a: Staraptor|87/100
|-damage|p1b: Vanilluxe|61/100
|-unboost|p2a: Gholdengo|spa|2
|-damage|p2a: Gholdengo|0 fnt|[from] item: Life Orb
|faint|p2a: Gholdengo
|
|-weather|Snowscape|[upkeep]
|-damage|p2b: Staraptor|45/100 brn|[from] brn
|-sideend|p1: Milesymiles|move: Tailwind
|upkeep
|
|t:|1784652714
|switch|p2a: Whimsicott|Whimsicott, L50, F|100/100
|turn|7
|
|t:|1784652730
|move|p2a: Whimsicott|Encore|p1b: Vanilluxe
|-start|p1b: Vanilluxe|Encore
|move|p2b: Staraptor|Roost|p2b: Staraptor
|-heal|p2b: Staraptor|95/100 brn
|-singleturn|p2b: Staraptor|move: Roost
|move|p1a: Staraptor|Brave Bird|p2a: Whimsicott
|-supereffective|p2a: Whimsicott|1
|-damage|p2a: Whimsicott|0 fnt
|faint|p2a: Whimsicott
|-damage|p1a: Staraptor|61/100|[from] Recoil
|move|p1b: Vanilluxe|Aurora Veil||[still]
|-fail|p1b: Vanilluxe
|
|-weather|Snowscape|[upkeep]
|-damage|p2b: Staraptor|89/100 brn|[from] brn
|upkeep
|
|t:|1784652743
|switch|p2a: Incineroar|Incineroar, L50, M|47/100
|-ability|p2a: Incineroar|Intimidate|boost
|-boost|p1a: Staraptor|atk|1
|-unboost|p1b: Vanilluxe|atk|1
|turn|8
|
|t:|1784652753
|move|p2b: Staraptor|Close Combat|p1b: Vanilluxe
|-supereffective|p1b: Vanilluxe|1
|-crit|p1b: Vanilluxe
|-damage|p1b: Vanilluxe|0 fnt
|-boost|p2b: Staraptor|def|1
|-boost|p2b: Staraptor|spd|1
|faint|p1b: Vanilluxe
|move|p1a: Staraptor|Close Combat|p2a: Incineroar
|-supereffective|p2a: Incineroar|1
|-damage|p2a: Incineroar|0 fnt
|-boost|p1a: Staraptor|def|1
|-boost|p1a: Staraptor|spd|1
|faint|p2a: Incineroar
|
|-weather|Snowscape|[upkeep]
|-damage|p2b: Staraptor|82/100 brn|[from] brn
|upkeep
|turn|9
|
|t:|1784652767
|move|p2b: Staraptor|Brave Bird|p1a: Staraptor
|-supereffective|p1a: Staraptor|1
|-damage|p1a: Staraptor|52/100
|-damage|p2b: Staraptor|79/100 brn|[from] Recoil
|move|p1a: Staraptor|Close Combat|p2b: Staraptor
|-resisted|p2b: Staraptor|1
|-damage|p2b: Staraptor|68/100 brn
|-boost|p1a: Staraptor|def|1
|-boost|p1a: Staraptor|spd|1
|
|-weather|Snowscape|[upkeep]
|-damage|p2b: Staraptor|62/100 brn|[from] brn
|upkeep
|turn|10
|
|t:|1784652778
|move|p2b: Staraptor|Brave Bird|p1a: Staraptor
|-supereffective|p1a: Staraptor|1
|-damage|p1a: Staraptor|44/100
|-damage|p2b: Staraptor|59/100 brn|[from] Recoil
|move|p1a: Staraptor|Close Combat|p2b: Staraptor
|-resisted|p2b: Staraptor|1
|-damage|p2b: Staraptor|49/100 brn
|-boost|p1a: Staraptor|def|1
|-boost|p1a: Staraptor|spd|1
|
|-weather|none
|-damage|p2b: Staraptor|43/100 brn|[from] brn
|upkeep
|turn|11
|
|t:|1784652789
|move|p2b: Staraptor|Roost|p2b: Staraptor
|-heal|p2b: Staraptor|93/100 brn
|-singleturn|p2b: Staraptor|move: Roost
|move|p1a: Staraptor|Close Combat|p2b: Staraptor
|-damage|p2b: Staraptor|69/100 brn
|-boost|p1a: Staraptor|def|1
|-boost|p1a: Staraptor|spd|1
|
|-damage|p2b: Staraptor|63/100 brn|[from] brn
|upkeep
|turn|12
|
|t:|1784652805
|move|p2b: Staraptor|Brave Bird|p1a: Staraptor
|-supereffective|p1a: Staraptor|1
|-damage|p1a: Staraptor|38/100
|-damage|p2b: Staraptor|61/100 brn|[from] Recoil
|move|p1a: Staraptor|Roost|p1a: Staraptor
|-heal|p1a: Staraptor|88/100
|-singleturn|p1a: Staraptor|move: Roost
|
|-damage|p2b: Staraptor|55/100 brn|[from] brn
|upkeep
|turn|13
|
|t:|1784652816
|move|p2b: Staraptor|Brave Bird|p1a: Staraptor
|-supereffective|p1a: Staraptor|1
|-damage|p1a: Staraptor|82/100
|-damage|p2b: Staraptor|53/100 brn|[from] Recoil
|move|p1a: Staraptor|Brave Bird|p2b: Staraptor
|-supereffective|p2b: Staraptor|1
|-damage|p2b: Staraptor|12/100 brn
|-damage|p1a: Staraptor|69/100|[from] Recoil
|
|-damage|p2b: Staraptor|6/100 brn|[from] brn
|-sideend|p1: Milesymiles|move: Aurora Veil
|upkeep
|turn|14
|
|t:|1784652826
|move|p2b: Staraptor|Roost|p2b: Staraptor
|-heal|p2b: Staraptor|56/100 brn
|-singleturn|p2b: Staraptor|move: Roost
|move|p1a: Staraptor|Brave Bird|p2b: Staraptor
|-supereffective|p2b: Staraptor|1
|-damage|p2b: Staraptor|12/100 brn
|-damage|p1a: Staraptor|54/100|[from] Recoil
|
|-damage|p2b: Staraptor|6/100 brn|[from] brn
|upkeep
|turn|15
|
|t:|1784652838
|move|p2b: Staraptor|Roost|p2b: Staraptor
|-heal|p2b: Staraptor|56/100 brn
|-singleturn|p2b: Staraptor|move: Roost
|move|p1a: Staraptor|Brave Bird|p2b: Staraptor
|-supereffective|p2b: Staraptor|1
|-damage|p2b: Staraptor|15/100 brn
|-damage|p1a: Staraptor|41/100|[from] Recoil
|
|-damage|p2b: Staraptor|9/100 brn|[from] brn
|upkeep
|turn|16
|
|t:|1784652848
|move|p2b: Staraptor|Roost|p2b: Staraptor
|-heal|p2b: Staraptor|59/100 brn
|-singleturn|p2b: Staraptor|move: Roost
|move|p1a: Staraptor|Tailwind|p1a: Staraptor
|-sidestart|p1: Milesymiles|move: Tailwind
|
|-damage|p2b: Staraptor|53/100 brn|[from] brn
|upkeep
|turn|17
|
|t:|1784652855
|move|p1a: Staraptor|Roost|p1a: Staraptor
|-heal|p1a: Staraptor|91/100
|-singleturn|p1a: Staraptor|move: Roost
|move|p2b: Staraptor|Roost|p2b: Staraptor
|-heal|p2b: Staraptor|100/100 brn
|-singleturn|p2b: Staraptor|move: Roost
|
|-damage|p2b: Staraptor|93/100 brn|[from] brn
|upkeep
|turn|18
|
|t:|1784652870
|move|p2b: Staraptor|Protect|p2b: Staraptor
|-singleturn|p2b: Staraptor|Protect
|move|p1a: Staraptor|Brave Bird|p2b: Staraptor
|-activate|p2b: Staraptor|move: Protect
|
|-damage|p2b: Staraptor|87/100 brn|[from] brn
|upkeep
|turn|19
|
|t:|1784652879
|move|p1a: Staraptor|Brave Bird|p2b: Staraptor
|-supereffective|p2b: Staraptor|1
|-damage|p2b: Staraptor|42/100 brn
|-damage|p1a: Staraptor|76/100|[from] Recoil
|move|p2b: Staraptor|Close Combat|p1a: Staraptor
|-resisted|p1a: Staraptor|1
|-damage|p1a: Staraptor|74/100
|-boost|p2b: Staraptor|def|1
|-boost|p2b: Staraptor|spd|1
|
|-damage|p2b: Staraptor|36/100 brn|[from] brn
|-sideend|p1: Milesymiles|move: Tailwind
|upkeep
|turn|20
|
|t:|1784652889
|move|p2b: Staraptor|Roost|p2b: Staraptor
|-heal|p2b: Staraptor|86/100 brn
|-singleturn|p2b: Staraptor|move: Roost
|move|p1a: Staraptor|Tailwind|p1a: Staraptor
|-sidestart|p1: Milesymiles|move: Tailwind
|
|-damage|p2b: Staraptor|80/100 brn|[from] brn
|upkeep
|turn|21
|
|t:|1784652898
|move|p2b: Staraptor|Protect|p2b: Staraptor
|-singleturn|p2b: Staraptor|Protect
|move|p1a: Staraptor|Roost|p1a: Staraptor
|-heal|p1a: Staraptor|100/100
|-singleturn|p1a: Staraptor|move: Roost
|
|-damage|p2b: Staraptor|73/100 brn|[from] brn
|upkeep
|turn|22
|
|t:|1784652907
|move|p1a: Staraptor|Brave Bird|p2b: Staraptor
|-supereffective|p2b: Staraptor|1
|-damage|p2b: Staraptor|36/100 brn
|-damage|p1a: Staraptor|87/100|[from] Recoil
|move|p2b: Staraptor|Brave Bird|p1a: Staraptor
|-supereffective|p1a: Staraptor|1
|-damage|p1a: Staraptor|78/100
|-damage|p2b: Staraptor|33/100 brn|[from] Recoil
|
|-damage|p2b: Staraptor|27/100 brn|[from] brn
|upkeep
|turn|23
|-message|Scoseb forfeited.
|
|win|Milesymiles
|raw|Milesymiles's rating: 1291 → 1315(+24 for winning)
|raw|Scoseb's rating: 1272 → 1248(-24 for losing)
