|j|☆Gen4lover2
|j|☆Daremodayo
|html|Gen4lover2Daremodayo    
|uhtml|bestof|Game 2 of a best-of-3
|t:|1785843609
|gametype|doubles
|player|p1|Gen4lover2|wallace|1318
|player|p2|Daremodayo|101|1289
|gen|9
|tier|[Gen 9 Champions] VGC 2026 Reg M-B (Bo3)
|rated|
|rule|Species Clause: Limit one of each Pokémon
|rule|Item Clause: Limit 1 of each item
|clearpoke
|poke|p1|Tyranitar, L50, M|
|poke|p1|Excadrill, L50, F|
|poke|p1|Staraptor, L50, F|
|poke|p1|Milotic, L50, F|
|poke|p1|Gholdengo, L50|
|poke|p1|Sinistcha-Masterpiece, L50|
|poke|p2|Froslass, L50, F, shiny|
|poke|p2|Scovillain, L50, F|
|poke|p2|Lycanroc-Dusk, L50, M, shiny|
|poke|p2|Kingambit, L50, M|
|poke|p2|Sneasler, L50, M|
|poke|p2|Basculegion, L50, M|
|teampreview|4
|showteam|p1|Tyranitar||Tyranitarite|SandStream|RockSlide,KnockOff,LowKick,Protect|Adamant||M|||50|]Excadrill||FocusSash|SandRush|HighHorsepower,IronHead,RockSlide,Protect|Adamant||F|||50|]Staraptor||Staraptite|Intimidate|BraveBird,CloseCombat,Tailwind,Protect|Jolly||F|||50|]Milotic||SitrusBerry|Competitive|Scald,IceBeam,Recover,Protect|Modest||F|||50|]Gholdengo||LifeOrb|GoodasGold|MakeItRain,ShadowBall,NastyPlot,Protect|Modest|||||50|]Sinistcha-Masterpiece||ColburBerry|Hospitality|MatchaGotcha,RagePowder,TrickRoom,Protect|Relaxed|||||50|
|showteam|p2|Froslass||Froslassite|CursedBody|Blizzard,ShadowBall,AuroraVeil,Protect|Modest||F|||50|]Scovillain||Scovillainite|Moody|Overheat,GigaDrain,RagePowder,Protect|Bold||F|||50|]Lycanroc-Dusk||FocusSash|ToughClaws|RockSlide,CloseCombat,Accelerock,Protect|Adamant||M|||50|]Kingambit||BlackGlasses|Defiant|KowtowCleave,SuckerPunch,SwordsDance,Protect|Adamant||M|||50|]Sneasler||WhiteHerb|Unburden|FakeOut,CloseCombat,GunkShot,Protect|Adamant||M|||50|]Basculegion||SitrusBerry|Adaptability|WaveCrash,LastRespects,AquaJet,Protect|Adamant||M|||50|
|inactive|Battle timer is ON: inactive players will automatically lose when time's up. (requested by Gen4lover2)
|inactive|Gen4lover2 has 60 seconds left.
|
|t:|1785843660
|teamsize|p1|4
|teamsize|p2|4
|start
|switch|p1a: Staraptor|Staraptor, L50, F|100/100
|switch|p1b: Gholdengo|Gholdengo, L50|100/100
|switch|p2a: Scovillain|Scovillain, L50, F|100/100
|switch|p2b: Kingambit|Kingambit, L50, M|100/100
|-ability|p1a: Staraptor|Intimidate|boost
|-unboost|p2a: Scovillain|atk|1
|-unboost|p2b: Kingambit|atk|1
|-ability|p2b: Kingambit|Defiant|boost
|-boost|p2b: Kingambit|atk|2
|turn|1
|
|t:|1785843683
|detailschange|p2a: Scovillain|Scovillain-Mega, L50, F
|-mega|p2a: Scovillain|Scovillain|Scovillainite
|move|p1b: Gholdengo|Protect|p1b: Gholdengo
|-singleturn|p1b: Gholdengo|Protect
|move|p2a: Scovillain|Rage Powder|p2a: Scovillain
|-singleturn|p2a: Scovillain|move: Rage Powder
|move|p1a: Staraptor|Brave Bird|p2a: Scovillain
|-supereffective|p2a: Scovillain|1
|-damage|p2a: Scovillain|1/100
|-status|p1a: Staraptor|brn|[from] ability: Spicy Spray|[of] p2a: Scovillain
|-damage|p1a: Staraptor|69/100 brn|[from] Recoil
|move|p2b: Kingambit|Kowtow Cleave|p1b: Gholdengo
|-activate|p1b: Gholdengo|move: Protect
|
|-damage|p1a: Staraptor|63/100 brn|[from] brn
|upkeep
|turn|2
|inactive|Daremodayo has 30 seconds left.
|inactive|Daremodayo has 20 seconds left.
|inactive|Daremodayo has 15 seconds left.
|inactive|Daremodayo has 10 seconds left.
|
|t:|1785843729
|switch|p1a: Milotic|Milotic, L50, F|100/100
|switch|p1b: Tyranitar|Tyranitar, L50, M|100/100
|-weather|Sandstorm|[from] ability: Sand Stream|[of] p1b: Tyranitar
|move|p2a: Scovillain|Rage Powder|p2a: Scovillain
|-singleturn|p2a: Scovillain|move: Rage Powder
|move|p2b: Kingambit|Kowtow Cleave|p1b: Tyranitar
|-resisted|p1b: Tyranitar|1
|-damage|p1b: Tyranitar|62/100
|
|-weather|Sandstorm|[upkeep]
|-damage|p1a: Milotic|94/100|[from] Sandstorm
|-damage|p2a: Scovillain|0 fnt|[from] Sandstorm
|faint|p2a: Scovillain
|upkeep
|
|t:|1785843745
|switch|p2a: Lycanroc|Lycanroc-Dusk, L50, M, shiny|100/100
|turn|3
|inactive|Daremodayo has 30 seconds left.
|inactive|Daremodayo has 20 seconds left.
|inactive|Daremodayo has 15 seconds left.
|
|t:|1785843787
|move|p1b: Tyranitar|Protect|p1b: Tyranitar
|-singleturn|p1b: Tyranitar|Protect
|move|p2a: Lycanroc|Close Combat|p1b: Tyranitar
|-activate|p1b: Tyranitar|move: Protect
|move|p1a: Milotic|Scald|p2a: Lycanroc
|-supereffective|p2a: Lycanroc|1
|-damage|p2a: Lycanroc|28/100
|move|p2b: Kingambit|Kowtow Cleave|p1a: Milotic
|-damage|p1a: Milotic|3/100
|-enditem|p1a: Milotic|Sitrus Berry|[eat]
|-heal|p1a: Milotic|28/100|[from] item: Sitrus Berry
|
|-weather|Sandstorm|[upkeep]
|-damage|p1a: Milotic|22/100|[from] Sandstorm
|upkeep
|turn|4
|inactive|Gen4lover2 has 30 seconds left.
|
|t:|1785843819
|switch|p1b: Gholdengo|Gholdengo, L50|100/100
|move|p2a: Lycanroc|Close Combat|p1b: Gholdengo
|-immune|p1b: Gholdengo
|move|p1a: Milotic|Scald|p2a: Lycanroc
|-supereffective|p2a: Lycanroc|1
|-damage|p2a: Lycanroc|0 fnt
|faint|p2a: Lycanroc
|move|p2b: Kingambit|Swords Dance|p2b: Kingambit
|-boost|p2b: Kingambit|atk|2
|
|-weather|Sandstorm|[upkeep]
|-damage|p1a: Milotic|16/100|[from] Sandstorm
|upkeep
|
|t:|1785843832
|switch|p2a: Basculegion|Basculegion, L50, M|100/100
|turn|5
|
|t:|1785843851
|move|p1b: Gholdengo|Protect|p1b: Gholdengo
|-singleturn|p1b: Gholdengo|Protect
|move|p2b: Kingambit|Sucker Punch||[still]
|-fail|p2b: Kingambit
|move|p1a: Milotic|Scald|p2b: Kingambit
|-damage|p2b: Kingambit|63/100
|move|p2a: Basculegion|Last Respects|p1a: Milotic
|-damage|p1a: Milotic|0 fnt
|faint|p1a: Milotic
|
|-weather|Sandstorm|[upkeep]
|-damage|p2a: Basculegion|94/100|[from] Sandstorm
|upkeep
|
|t:|1785843861
|switch|p1a: Tyranitar|Tyranitar, L50, M|62/100
|turn|6
|
|t:|1785843878
|detailschange|p1a: Tyranitar|Tyranitar-Mega, L50, M
|-mega|p1a: Tyranitar|Tyranitar|Tyranitarite
|move|p2b: Kingambit|Sucker Punch|p1a: Tyranitar
|-resisted|p1a: Tyranitar|1
|-damage|p1a: Tyranitar|19/100
|move|p1b: Gholdengo|Nasty Plot|p1b: Gholdengo
|-boost|p1b: Gholdengo|spa|2
|move|p1a: Tyranitar|Knock Off|p2a: Basculegion
|-supereffective|p2a: Basculegion|1
|-damage|p2a: Basculegion|0 fnt
|-enditem|p2a: Basculegion|Sitrus Berry|[from] move: Knock Off|[of] p1a: Tyranitar
|faint|p2a: Basculegion
|
|-weather|none
|upkeep
|turn|7
|
|t:|1785843899
|move|p2b: Kingambit|Sucker Punch|p1b: Gholdengo
|-supereffective|p1b: Gholdengo|1
|-damage|p1b: Gholdengo|0 fnt
|faint|p1b: Gholdengo
|move|p1a: Tyranitar|Low Kick|p2b: Kingambit
|-supereffective|p2b: Kingambit|2
|-damage|p2b: Kingambit|0 fnt
|faint|p2b: Kingambit
|
|win|Gen4lover2
