|j|☆Drunk express
|j|☆gundot
|html|Drunk expressgundot    
|uhtml|bestof|Game 1 of a best-of-3
|t:|1783529341
|gametype|doubles
|player|p1|Drunk express|102|1091
|player|p2|gundot|ethan-gen2|1198
|gen|9
|tier|[Gen 9 Champions] VGC 2026 Reg M-B (Bo3)
|rated|
|rule|Species Clause: Limit one of each Pokémon
|rule|Item Clause: Limit 1 of each item
|clearpoke
|poke|p1|Tyranitar, L50, M|
|poke|p1|Pelipper, L50, F, shiny|
|poke|p1|Raichu, L50, M|
|poke|p1|Archaludon, L50, M|
|poke|p1|Sinistcha, L50|
|poke|p1|Volcarona, L50, M|
|poke|p2|Charizard, L50, F, shiny|
|poke|p2|Whimsicott, L50, F|
|poke|p2|Farigiraf, L50, F, shiny|
|poke|p2|Garchomp, L50, M|
|poke|p2|Mawile, L50, F, shiny|
|poke|p2|Basculegion, L50, M|
|teampreview|4
|showteam|p1|Tyranitar||Tyranitarite|Unnerve|DragonDance,RockSlide,Protect,KnockOff|Adamant||M|||50|]Pelipper||FocusSash|Drizzle|Tailwind,Hurricane,WeatherBall,WideGuard|Modest||F|||50|]Raichu||RaichuniteY|LightningRod|FakeOut,FocusBlast,ZapCannon,Protect|Timid||M|||50|]Archaludon||ShucaBerry|Stalwart|ElectroShot,DracoMeteor,Protect,FlashCannon|Modest||M|||50|]Sinistcha||KasibBerry|Hospitality|RagePowder,TrickRoom,MatchaGotcha,LifeDew|Relaxed|||||50|]Volcarona||SitrusBerry|FlameBody|RagePowder,Protect,HeatWave,GigaDrain|Timid||M|||50|
|showteam|p2|Charizard||CharizarditeY|SolarPower|HeatWave,WeatherBall,SolarBeam,Protect|Modest||F|||50|]Whimsicott||FocusSash|Prankster|Moonblast,Tailwind,Encore,Protect|Timid||F|||50|]Farigiraf||SitrusBerry|ArmorTail|Psychic,Thunderbolt,TrickRoom,HelpingHand|Modest||F|||50|]Garchomp||LifeOrb|RoughSkin|Earthquake,DragonClaw,RockSlide,Protect|Jolly||M|||50|]Mawile||Mawilite|Intimidate|PlayRough,RockSlide,SuckerPunch,Protect|Adamant||F|||50|]Basculegion||MysticWater|Adaptability|WaveCrash,AquaJet,LastRespects,Protect|Adamant||M|||50|
|inactive|Battle timer is ON: inactive players will automatically lose when time's up. (requested by gundot)
|inactive|gundot has 60 seconds left.
|inactive|gundot has 30 seconds left.
|inactive|gundot has 20 seconds left.
|inactive|gundot has 15 seconds left.
|
|t:|1783529419
|teamsize|p1|4
|teamsize|p2|4
|start
|switch|p1a: Tyranitar|Tyranitar, L50, M|100/100
|switch|p1b: Sinistcha|Sinistcha, L50|100/100
|switch|p2a: Basculegion|Basculegion, L50, M|100/100
|switch|p2b: Whimsicott|Whimsicott, L50, F|100/100
|-ability|p1a: Tyranitar|Unnerve
|turn|1
|j| ui rain
|
|t:|1783529440
|move|p1a: Tyranitar|Protect|p1a: Tyranitar
|-singleturn|p1a: Tyranitar|Protect
|move|p2b: Whimsicott|Moonblast|p1b: Sinistcha
|-crit|p1b: Sinistcha
|-damage|p1b: Sinistcha|35/100
|-unboost|p1b: Sinistcha|spa|1
|move|p2a: Basculegion|Wave Crash|p1a: Tyranitar
|-activate|p1a: Tyranitar|move: Protect
|move|p1b: Sinistcha|Matcha Gotcha|p2a: Basculegion|[spread] p2a,p2b
|-supereffective|p2a: Basculegion|1
|-resisted|p2b: Whimsicott|1
|-crit|p2b: Whimsicott
|-damage|p2a: Basculegion|65/100
|-heal|p1b: Sinistcha|55/100|[from] drain|[of] p2a: Basculegion
|-damage|p2b: Whimsicott|70/100
|-heal|p1b: Sinistcha|66/100|[from] drain|[of] p2b: Whimsicott
|-status|p2a: Basculegion|brn
|
|-damage|p2a: Basculegion|59/100 brn|[from] brn
|upkeep
|turn|2
|inactive|Drunk express has 30 seconds left.
|
|t:|1783529473
|switch|p1a: Pelipper|Pelipper, L50, F, shiny|100/100
|-weather|RainDance|[from] ability: Drizzle|[of] p1a: Pelipper
|move|p2b: Whimsicott|Moonblast|p1a: Pelipper
|-damage|p1a: Pelipper|47/100
|move|p2a: Basculegion|Wave Crash|p1a: Pelipper
|-resisted|p1a: Pelipper|1
|-damage|p1a: Pelipper|9/100
|-damage|p2a: Basculegion|49/100 brn|[from] Recoil
|move|p1b: Sinistcha|Matcha Gotcha|p2b: Whimsicott|[spread] p2a,p2b
|-supereffective|p2a: Basculegion|1
|-resisted|p2b: Whimsicott|1
|-damage|p2a: Basculegion|11/100 brn
|-heal|p1b: Sinistcha|88/100|[from] drain|[of] p2a: Basculegion
|-damage|p2b: Whimsicott|57/100
|-heal|p1b: Sinistcha|93/100|[from] drain|[of] p2b: Whimsicott
|-status|p2b: Whimsicott|brn
|
|-weather|RainDance|[upkeep]
|-damage|p2b: Whimsicott|51/100 brn|[from] brn
|-damage|p2a: Basculegion|5/100 brn|[from] brn
|upkeep
|turn|3
|
|t:|1783529497
|move|p2b: Whimsicott|Moonblast|p1a: Pelipper
|-damage|p1a: Pelipper|0 fnt
|faint|p1a: Pelipper
|move|p2a: Basculegion|Last Respects|p1b: Sinistcha
|-supereffective|p1b: Sinistcha|1
|-enditem|p1b: Sinistcha|Kasib Berry|[eat]
|-enditem|p1b: Sinistcha|Kasib Berry|[weaken]
|-damage|p1b: Sinistcha|80/100
|move|p1b: Sinistcha|Trick Room|p1b: Sinistcha
|-fieldstart|move: Trick Room|[of] p1b: Sinistcha
|
|-weather|RainDance|[upkeep]
|-damage|p2a: Basculegion|0 fnt|[from] brn
|faint|p2a: Basculegion
|-damage|p2b: Whimsicott|45/100 brn|[from] brn
|upkeep
|
|t:|1783529513
|switch|p1a: Tyranitar|Tyranitar, L50, M|100/100
|switch|p2a: Mawile|Mawile, L50, F, shiny|100/100
|-ability|p1a: Tyranitar|Unnerve
|-ability|p2a: Mawile|Intimidate|boost
|-unboost|p1a: Tyranitar|atk|1
|-unboost|p1b: Sinistcha|atk|1
|turn|4
|
|t:|1783529529
|detailschange|p2a: Mawile|Mawile-Mega, L50, F, shiny
|-mega|p2a: Mawile|Mawile|Mawilite
|move|p1a: Tyranitar|Protect|p1a: Tyranitar
|-singleturn|p1a: Tyranitar|Protect
|move|p2b: Whimsicott|Encore|p1b: Sinistcha
|-start|p1b: Sinistcha|Encore
|move|p2a: Mawile|Play Rough|p1a: Tyranitar
|-activate|p1a: Tyranitar|move: Protect
|move|p1b: Sinistcha|Trick Room|p1b: Sinistcha
|-fieldend|move: Trick Room
|
|-weather|RainDance|[upkeep]
|-damage|p2b: Whimsicott|40/100 brn|[from] brn
|upkeep
|turn|5
|
|t:|1783529553
|switch|p1b: Raichu|Raichu, L50, M|100/100
|move|p2b: Whimsicott|Moonblast|p1a: Tyranitar
|-supereffective|p1a: Tyranitar|1
|-damage|p1a: Tyranitar|37/100
|-unboost|p1a: Tyranitar|spa|1
|move|p1a: Tyranitar|Rock Slide|p2a: Mawile|[spread] p2a,p2b
|-resisted|p2a: Mawile|1
|-damage|p2a: Mawile|90/100
|-damage|p2b: Whimsicott|5/100 brn
|move|p2a: Mawile|Play Rough|p1a: Tyranitar
|-supereffective|p1a: Tyranitar|1
|-damage|p1a: Tyranitar|0 fnt
|faint|p1a: Tyranitar
|
|-weather|RainDance|[upkeep]
|-damage|p2b: Whimsicott|0 fnt|[from] brn
|faint|p2b: Whimsicott
|upkeep
|
|t:|1783529572
|switch|p2b: Farigiraf|Farigiraf, L50, F, shiny|100/100
|switch|p1a: Sinistcha|Sinistcha, L50|80/100
|turn|6
|
|t:|1783529588
|detailschange|p1b: Raichu|Raichu-Mega-Y, L50, M
|-mega|p1b: Raichu|Raichu|Raichunite Y
|move|p1b: Raichu|Zap Cannon|p2b: Farigiraf
|-damage|p2b: Farigiraf|28/100
|-status|p2b: Farigiraf|par
|-enditem|p2b: Farigiraf|Sitrus Berry|[eat]
|-heal|p2b: Farigiraf|52/100 par|[from] item: Sitrus Berry
|move|p1a: Sinistcha|Matcha Gotcha|p2a: Mawile|[spread] p2a,p2b
|-resisted|p2a: Mawile|1
|-damage|p2a: Mawile|75/100
|-heal|p1a: Sinistcha|87/100|[from] drain|[of] p2a: Mawile
|-damage|p2b: Farigiraf|25/100 par
|-heal|p1a: Sinistcha|100/100|[from] drain|[of] p2b: Farigiraf
|move|p2a: Mawile|Play Rough|p1a: Sinistcha
|-damage|p1a: Sinistcha|41/100
|move|p2b: Farigiraf|Psychic|p1a: Sinistcha
|-damage|p1a: Sinistcha|0 fnt
|faint|p1a: Sinistcha
|
|-weather|none
|upkeep
|turn|7
|
|t:|1783529610
|move|p2b: Farigiraf|Helping Hand|p2a: Mawile
|-singleturn|p2a: Mawile|Helping Hand|[of] p2b: Farigiraf
|move|p2a: Mawile|Sucker Punch|p1b: Raichu
|-damage|p1b: Raichu|0 fnt
|faint|p1b: Raichu
|
|win|gundot
|l|☆Drunk express
|player|p1|
