|j|☆leejit
|j|☆Alysonz
|html|leejitAlysonz    
|uhtml|bestof|Game 1 of a best-of-3
|t:|1784772052
|gametype|doubles
|player|p1|leejit|170|1172
|player|p2|Alysonz|steven|1094
|gen|9
|tier|[Gen 9 Champions] VGC 2026 Reg M-B (Bo3)
|rated|
|rule|Species Clause: Limit one of each Pokémon
|rule|Item Clause: Limit 1 of each item
|clearpoke
|poke|p1|Raichu, L50, M|
|poke|p1|Charizard, L50, F|
|poke|p1|Incineroar, L50, M|
|poke|p1|Farigiraf, L50, M|
|poke|p1|Sylveon, L50, M|
|poke|p1|Kingambit, L50, M|
|poke|p2|Gardevoir, L50, M, shiny|
|poke|p2|Garchomp, L50, F|
|poke|p2|Whimsicott, L50, M|
|poke|p2|Gholdengo, L50|
|poke|p2|Farigiraf, L50, M|
|poke|p2|Tyranitar, L50, M|
|teampreview|4
|showteam|p1|Raichu||RaichuniteY|LightningRod|FakeOut,ZapCannon,FocusBlast,Protect|Timid||M|||50|]Charizard||CharizarditeY|Blaze|HeatWave,WeatherBall,SolarBeam,Protect|Modest||F|||50|]Incineroar||SitrusBerry|Intimidate|FakeOut,FlareBlitz,DarkestLariat,PartingShot|Impish||M|||50|]Farigiraf||ColburBerry|ArmorTail|Psychic,Thunderbolt,HelpingHand,TrickRoom|Modest||M|||50|]Sylveon||FairyFeather|Pixilate|HyperVoice,Moonblast,Detect,CalmMind|Modest||M|||50|]Kingambit||LifeOrb|Defiant|SuckerPunch,KowtowCleave,Protect,SwordsDance|Adamant||M|||50|
|showteam|p2|Gardevoir||Gardevoirite|Telepathy|HyperVoice,Psychic,VacuumWave,Protect|Modest||M|||50|]Garchomp||LifeOrb|RoughSkin|DragonTail,Earthquake,RockSlide,Protect|Adamant||F|||50|]Whimsicott||FocusSash|Prankster|EnergyBall,Encore,Tailwind,Protect|Timid||M|||50|]Gholdengo||Leftovers|GoodasGold|MakeItRain,NastyPlot,ShadowBall,Protect|Modest|||||50|]Farigiraf||SitrusBerry|ArmorTail|Psychic,Thunderbolt,Roar,Protect|Calm||M|||50|]Tyranitar||Tyranitarite|SandStream|KnockOff,RockSlide,Earthquake,Protect|Adamant||M|||50|
|inactive|Battle timer is ON: inactive players will automatically lose when time's up. (requested by Alysonz)
|inactive|leejit has 60 seconds left.
|inactive|Alysonz has 60 seconds left.
|inactive|leejit has 30 seconds left.
|
|t:|1784772117
|teamsize|p1|4
|teamsize|p2|4
|start
|switch|p1a: Farigiraf|Farigiraf, L50, M|100/100
|switch|p1b: Incineroar|Incineroar, L50, M|100/100
|switch|p2a: Farigiraf|Farigiraf, L50, M|100/100
|switch|p2b: Tyranitar|Tyranitar, L50, M|100/100
|-weather|Sandstorm|[from] ability: Sand Stream|[of] p2b: Tyranitar
|-ability|p1b: Incineroar|Intimidate|boost
|-unboost|p2a: Farigiraf|atk|1
|-unboost|p2b: Tyranitar|atk|1
|turn|1
|inactive|leejit has 30 seconds left.
|inactive|Alysonz has 30 seconds left.
|inactive|leejit has 20 seconds left.
|inactive|leejit has 15 seconds left.
|
|t:|1784772158
|switch|p1a: Kingambit|Kingambit, L50, M|100/100
|move|p1b: Incineroar|Fake Out||[still]
|cant|p2a: Farigiraf|ability: Armor Tail|Fake Out|[of] p1b: Incineroar
|move|p2b: Tyranitar|Knock Off|p1a: Kingambit
|-resisted|p1a: Kingambit|1
|-damage|p1a: Kingambit|85/100
|-enditem|p1a: Kingambit|Life Orb|[from] move: Knock Off|[of] p2b: Tyranitar
|move|p2a: Farigiraf|Roar|p1a: Kingambit
|drag|p1a: Charizard|Charizard, L50, F|100/100
|
|-weather|Sandstorm|[upkeep]
|-damage|p1a: Charizard|93/100|[from] Sandstorm
|-damage|p2a: Farigiraf|94/100|[from] Sandstorm
|-damage|p1b: Incineroar|94/100|[from] Sandstorm
|upkeep
|turn|2
|inactive|leejit has 30 seconds left.
|inactive|leejit has 20 seconds left.
|
|t:|1784772195
|move|p1a: Charizard|Protect|p1a: Charizard
|-singleturn|p1a: Charizard|Protect
|move|p2b: Tyranitar|Rock Slide|p1b: Incineroar|[spread] 
|-activate|p1a: Charizard|move: Protect
|-miss|p2b: Tyranitar|p1b: Incineroar
|move|p1b: Incineroar|Parting Shot|p2b: Tyranitar
|-unboost|p2b: Tyranitar|atk|1
|-unboost|p2b: Tyranitar|spa|1
|
|t:|1784772205
|switch|p1b: Kingambit|Kingambit, L50, M|85/100|[from] Parting Shot
|move|p2a: Farigiraf|Roar|p1a: Charizard
|drag|p1a: Incineroar|Incineroar, L50, M|94/100
|-ability|p1a: Incineroar|Intimidate|boost
|-unboost|p2a: Farigiraf|atk|1
|-unboost|p2b: Tyranitar|atk|1
|
|-weather|Sandstorm|[upkeep]
|-damage|p2a: Farigiraf|88/100|[from] Sandstorm
|-damage|p1a: Incineroar|88/100|[from] Sandstorm
|upkeep
|turn|3
|inactive|leejit has 30 seconds left.
|
|t:|1784772237
|switch|p2b: Garchomp|Garchomp, L50, F|100/100
|move|p2a: Farigiraf|Protect|p2a: Farigiraf
|-singleturn|p2a: Farigiraf|Protect
|move|p1a: Incineroar|Parting Shot|p2b: Garchomp
|-unboost|p2b: Garchomp|atk|1
|-unboost|p2b: Garchomp|spa|1
|inactive|leejit has 30 seconds left.
|
|t:|1784772270
|switch|p1a: Charizard|Charizard, L50, F|93/100|[from] Parting Shot
|move|p1b: Kingambit|Swords Dance|p1b: Kingambit
|-boost|p1b: Kingambit|atk|2
|
|-weather|Sandstorm|[upkeep]
|-damage|p1a: Charizard|87/100|[from] Sandstorm
|-damage|p2a: Farigiraf|82/100|[from] Sandstorm
|upkeep
|turn|4
|inactive|Alysonz has 30 seconds left.
|
|t:|1784772296
|move|p1a: Charizard|Protect|p1a: Charizard
|-singleturn|p1a: Charizard|Protect
|move|p2b: Garchomp|Rock Slide|p1b: Kingambit|[spread] p1b
|-activate|p1a: Charizard|move: Protect
|-resisted|p1b: Kingambit|1
|-damage|p1b: Kingambit|78/100
|-damage|p2b: Garchomp|90/100|[from] item: Life Orb
|move|p1b: Kingambit|Kowtow Cleave|p2b: Garchomp
|-damage|p2b: Garchomp|1/100
|-damage|p1b: Kingambit|66/100|[from] ability: Rough Skin|[of] p2b: Garchomp
|move|p2a: Farigiraf|Roar|p1b: Kingambit
|drag|p1b: Farigiraf|Farigiraf, L50, M|100/100
|
|-weather|Sandstorm|[upkeep]
|-damage|p1a: Charizard|81/100|[from] Sandstorm
|-damage|p1b: Farigiraf|93/100|[from] Sandstorm
|-damage|p2a: Farigiraf|76/100|[from] Sandstorm
|upkeep
|turn|5
|inactive|leejit has 30 seconds left.
|inactive|leejit has 20 seconds left.
|
|t:|1784772335
|switch|p1a: Incineroar|Incineroar, L50, M|88/100
|-ability|p1a: Incineroar|Intimidate|boost
|-unboost|p2a: Farigiraf|atk|1
|-unboost|p2b: Garchomp|atk|1
|move|p2b: Garchomp|Rock Slide|p1a: Incineroar|[spread] p1b
|-miss|p2b: Garchomp|p1a: Incineroar
|-damage|p1b: Farigiraf|80/100
|-damage|p2b: Garchomp|0 fnt|[from] item: Life Orb
|faint|p2b: Garchomp
|move|p1b: Farigiraf|Psychic|p2a: Farigiraf
|-resisted|p2a: Farigiraf|1
|-damage|p2a: Farigiraf|61/100
|move|p2a: Farigiraf|Roar|p1b: Farigiraf
|drag|p1b: Kingambit|Kingambit, L50, M|66/100
|
|-weather|none
|upkeep
|
|t:|1784772351
|switch|p2b: Tyranitar|Tyranitar, L50, M|100/100
|-weather|Sandstorm|[from] ability: Sand Stream|[of] p2b: Tyranitar
|turn|6
|inactive|leejit has 30 seconds left.
|
|t:|1784772382
|detailschange|p2b: Tyranitar|Tyranitar-Mega, L50, M
|-mega|p2b: Tyranitar|Tyranitar|Tyranitarite
|move|p2a: Farigiraf|Protect|p2a: Farigiraf
|-singleturn|p2a: Farigiraf|Protect
|move|p2b: Tyranitar|Earthquake|p1a: Incineroar|[spread] p1a,p1b
|-activate|p2a: Farigiraf|move: Protect
|-supereffective|p1a: Incineroar|1
|-supereffective|p1b: Kingambit|1
|-damage|p1a: Incineroar|33/100
|-damage|p1b: Kingambit|13/100
|-enditem|p1a: Incineroar|Sitrus Berry|[eat]
|-heal|p1a: Incineroar|58/100|[from] item: Sitrus Berry
|move|p1a: Incineroar|Parting Shot|p2b: Tyranitar
|-unboost|p2b: Tyranitar|atk|1
|-unboost|p2b: Tyranitar|spa|1
|
|t:|1784772398
|switch|p1a: Charizard|Charizard, L50, F|81/100|[from] Parting Shot
|move|p1b: Kingambit|Kowtow Cleave|p2b: Tyranitar
|-resisted|p2b: Tyranitar|1
|-damage|p2b: Tyranitar|84/100
|
|-weather|Sandstorm|[upkeep]
|-damage|p1a: Charizard|75/100|[from] Sandstorm
|-damage|p2a: Farigiraf|55/100|[from] Sandstorm
|upkeep
|turn|7
|inactive|leejit has 30 seconds left.
|inactive|leejit has 20 seconds left.
|inactive|leejit has 15 seconds left.
|inactive|leejit has 10 seconds left.
|
|t:|1784772447
|detailschange|p1a: Charizard|Charizard-Mega-Y, L50, F
|-mega|p1a: Charizard|Charizard|Charizardite Y
|-weather|SunnyDay|[from] ability: Drought|[of] p1a: Charizard
|move|p2b: Tyranitar|Rock Slide|p1b: Kingambit|[spread] p1b
|-miss|p2b: Tyranitar|p1a: Charizard
|-resisted|p1b: Kingambit|1
|-damage|p1b: Kingambit|2/100
|move|p1a: Charizard|Solar Beam||[still]
|-prepare|p1a: Charizard|Solar Beam
|-anim|p1a: Charizard|Solar Beam|p2b: Tyranitar
|-supereffective|p2b: Tyranitar|1
|-damage|p2b: Tyranitar|0 fnt
|faint|p2b: Tyranitar
|move|p2a: Farigiraf|Thunderbolt|p1a: Charizard
|-supereffective|p1a: Charizard|1
|-crit|p1a: Charizard
|-damage|p1a: Charizard|18/100
|move|p1b: Kingambit|Kowtow Cleave|p2a: Farigiraf
|-supereffective|p2a: Farigiraf|1
|-damage|p2a: Farigiraf|0 fnt
|faint|p2a: Farigiraf
|
|-weather|SunnyDay|[upkeep]
|upkeep
|
|t:|1784772467
|switch|p2b: Gardevoir|Gardevoir, L50, M, shiny|100/100
|turn|8
|
|t:|1784772481
|move|p1b: Kingambit|Sucker Punch|p2b: Gardevoir
|-damage|p2b: Gardevoir|46/100
|move|p1a: Charizard|Weather Ball|p2b: Gardevoir
|-damage|p2b: Gardevoir|0 fnt
|faint|p2b: Gardevoir
|
|win|leejit
