|j|â˜†gdfox802
|j|â˜†munchlaxfortnite
|html|gdfox802munchlaxfortnite    
|uhtml|bestof|Game 2 of a best-of-3
|t:|1784940976
|gametype|doubles
|player|p1|gdfox802|miku-fire|1108
|player|p2|munchlaxfortnite|266|1151
|gen|9
|tier|[Gen 9 Champions] VGC 2026 Reg M-B (Bo3)
|rated|
|rule|Species Clause: Limit one of each PokÃ©mon
|rule|Item Clause: Limit 1 of each item
|clearpoke
|poke|p1|Charizard, L50, M, shiny|
|poke|p1|Whimsicott, L50, M|
|poke|p1|Basculegion, L50, M|
|poke|p1|Metagross, L50|
|poke|p1|Farigiraf, L50, M|
|poke|p1|Garchomp, L50, F, shiny|
|poke|p2|Blastoise, L50, M|
|poke|p2|Staraptor, L50, F|
|poke|p2|Camerupt, L50, F|
|poke|p2|Farigiraf, L50, F|
|poke|p2|Vanilluxe, L50, M|
|poke|p2|Kingambit, L50, M|
|teampreview|4
|showteam|p1|Charizard||CharizarditeY|SolarPower|HeatWave,WeatherBall,SolarBeam,Protect|Modest||M|||50|]Whimsicott||FocusSash|Prankster|Moonblast,Tailwind,Encore,Protect|Timid||M|||50|]Basculegion||SitrusBerry|Adaptability|WaveCrash,AquaJet,LastRespects,Protect|Adamant||M|||50|]Metagross||Metagrossite|ClearBody|RockSlide,PsychicFangs,IronHead,BodyPress|Jolly|||||50|]Farigiraf||ColburBerry|ArmorTail|HyperVoice,Psychic,HelpingHand,TrickRoom|Relaxed||M|||50|]Garchomp||LifeOrb|RoughSkin|Earthquake,DragonClaw,RockSlide,Protect|Jolly||F|||50|
|showteam|p2|Blastoise||Blastoisinite|Torrent|AuraSphere,FakeOut,DarkPulse,WaterSpout|Quiet||M|||50|]Staraptor||ChoiceScarf|Intimidate|FinalGambit,BraveBird,Uturn,CloseCombat|Jolly||F|||50|]Camerupt||Cameruptite|MagmaArmor|HeatWave,AncientPower,EarthPower,Protect|Quiet||F|||50|]Farigiraf||SitrusBerry|ArmorTail|PsychicFangs,HyperVoice,HelpingHand,TrickRoom|Relaxed||F|||50|]Vanilluxe||NeverMeltIce|SnowWarning|IceShard,Blizzard,Protect,FreezeDry|Quiet||M|||50|]Kingambit||BlackGlasses|Defiant|SuckerPunch,KowtowCleave,Protect,IronHead|Brave||M|||50|
|inactive|Battle timer is ON: inactive players will automatically lose when time's up. (requested by munchlaxfortnite)
|inactive|gdfox802 has 60 seconds left.
|
|t:|1784941050
|teamsize|p1|4
|teamsize|p2|4
|start
|switch|p1a: Basculegion|Basculegion, L50, M|100/100
|switch|p1b: Charizard|Charizard, L50, M, shiny|100/100
|switch|p2a: Farigiraf|Farigiraf, L50, F|100/100
|switch|p2b: Staraptor|Staraptor, L50, F|100/100
|-ability|p2b: Staraptor|Intimidate|boost
|-unboost|p1a: Basculegion|atk|1
|-unboost|p1b: Charizard|atk|1
|turn|1
|inactive|munchlaxfortnite has 30 seconds left.
|
|t:|1784941076
|move|p1b: Charizard|Protect|p1b: Charizard
|-singleturn|p1b: Charizard|Protect
|move|p2b: Staraptor|Final Gambit|p1b: Charizard
|-activate|p1b: Charizard|move: Protect
|move|p1a: Basculegion|Wave Crash|p2b: Staraptor
|-damage|p2b: Staraptor|34/100
|-damage|p1a: Basculegion|78/100|[from] Recoil
|move|p2a: Farigiraf|Trick Room|p2a: Farigiraf
|-fieldstart|move: Trick Room|[of] p2a: Farigiraf
|
|upkeep
|turn|2
|inactive|gdfox802 has 30 seconds left.
|inactive|gdfox802 has 20 seconds left.
|inactive|gdfox802 has 15 seconds left.
|
|t:|1784941121
|detailschange|p1b: Charizard|Charizard-Mega-Y, L50, M, shiny
|-mega|p1b: Charizard|Charizard|Charizardite Y
|-weather|SunnyDay|[from] ability: Drought|[of] p1b: Charizard
|move|p2a: Farigiraf|Psychic Fangs|p1a: Basculegion
|-damage|p1a: Basculegion|52/100
|move|p1a: Basculegion|Wave Crash|p2a: Farigiraf
|-damage|p2a: Farigiraf|77/100
|-damage|p1a: Basculegion|43/100|[from] Recoil
|-enditem|p1a: Basculegion|Sitrus Berry|[eat]
|-heal|p1a: Basculegion|68/100|[from] item: Sitrus Berry
|move|p1b: Charizard|Weather Ball|p2a: Farigiraf
|-damage|p2a: Farigiraf|0 fnt
|faint|p2a: Farigiraf
|move|p2b: Staraptor|Final Gambit|p1b: Charizard
|-damage|p1b: Charizard|57/100
|faint|p2b: Staraptor
|
|-weather|SunnyDay|[upkeep]
|upkeep
|
|t:|1784941138
|switch|p2a: Vanilluxe|Vanilluxe, L50, M|100/100
|switch|p2b: Camerupt|Camerupt, L50, F|100/100
|-weather|Snowscape|[from] ability: Snow Warning|[of] p2a: Vanilluxe
|turn|3
|
|t:|1784941161
|switch|p1b: Farigiraf|Farigiraf, L50, M|100/100
|detailschange|p2b: Camerupt|Camerupt-Mega, L50, F
|-mega|p2b: Camerupt|Camerupt|Cameruptite
|move|p1a: Basculegion|Protect|p1a: Basculegion
|-singleturn|p1a: Basculegion|Protect
|move|p2b: Camerupt|Ancient Power|p1b: Farigiraf
|-damage|p1b: Farigiraf|70/100
|move|p2a: Vanilluxe|Blizzard|p1a: Basculegion|[spread] p1b
|-activate|p1a: Basculegion|move: Protect
|-crit|p1b: Farigiraf
|-damage|p1b: Farigiraf|3/100
|
|-weather|Snowscape|[upkeep]
|upkeep
|turn|4
|inactive|gdfox802 has 30 seconds left.
|
|t:|1784941195
|move|p1b: Farigiraf|Helping Hand|p1a: Basculegion
|-singleturn|p1a: Basculegion|Helping Hand|[of] p1b: Farigiraf
|move|p1a: Basculegion|Aqua Jet|p2b: Camerupt
|-supereffective|p2b: Camerupt|2
|-damage|p2b: Camerupt|1/100
|move|p2b: Camerupt|Heat Wave|p1a: Basculegion|[spread] p1a,p1b
|-resisted|p1a: Basculegion|1
|-damage|p1a: Basculegion|36/100
|-damage|p1b: Farigiraf|0 fnt
|faint|p1b: Farigiraf
|move|p2a: Vanilluxe|Freeze-Dry|p1a: Basculegion
|-supereffective|p1a: Basculegion|1
|-damage|p1a: Basculegion|0 fnt
|faint|p1a: Basculegion
|
|-weather|Snowscape|[upkeep]
|upkeep
|
|t:|1784941205
|switch|p1b: Charizard|Charizard-Mega-Y, L50, M, shiny|57/100
|switch|p1a: Garchomp|Garchomp, L50, F, shiny|100/100
|-weather|SunnyDay|[from] ability: Drought|[of] p1b: Charizard
|turn|5
|
|t:|1784941227
|move|p1b: Charizard|Protect|p1b: Charizard
|-singleturn|p1b: Charizard|Protect
|move|p1a: Garchomp|Protect|p1a: Garchomp
|-singleturn|p1a: Garchomp|Protect
|move|p2b: Camerupt|Ancient Power|p1b: Charizard
|-activate|p1b: Charizard|move: Protect
|move|p2a: Vanilluxe|Freeze-Dry|p1a: Garchomp
|-activate|p1a: Garchomp|move: Protect
|
|-weather|SunnyDay|[upkeep]
|-fieldend|move: Trick Room
|upkeep
|turn|6
|inactive|munchlaxfortnite has 30 seconds left.
|c|â˜†munchlaxfortnite|you are actually such a fucking idiot for not protecting charizard first game
|inactive|gdfox802 has 30 seconds left.
|inactive|munchlaxfortnite has 20 seconds left.
|inactive|munchlaxfortnite has 15 seconds left.
|c|â˜†gdfox802|el weso
|inactive|munchlaxfortnite has 10 seconds left.
|inactive|munchlaxfortnite has 5 seconds left.
|
|t:|1784941280
|move|p2b: Camerupt|Protect|p2b: Camerupt
|-singleturn|p2b: Camerupt|Protect
|move|p2a: Vanilluxe|Ice Shard|p1a: Garchomp
|-supereffective|p1a: Garchomp|2
|-damage|p1a: Garchomp|26/100
|move|p1a: Garchomp|Earthquake|p2b: Camerupt|[spread] p2a
|-activate|p2b: Camerupt|move: Protect
|-immune|p1b: Charizard
|-damage|p2a: Vanilluxe|44/100
|-damage|p1a: Garchomp|16/100|[from] item: Life Orb
|move|p1b: Charizard|Weather Ball|p2b: Camerupt
|-activate|p2b: Camerupt|move: Protect
|
|-weather|SunnyDay|[upkeep]
|upkeep
|turn|7
|
|t:|1784941301
|move|p2a: Vanilluxe|Ice Shard|p1a: Garchomp
|-supereffective|p1a: Garchomp|2
|-damage|p1a: Garchomp|0 fnt
|faint|p1a: Garchomp
|move|p1b: Charizard|Heat Wave|p2b: Camerupt|[spread] p2a,p2b
|-supereffective|p2a: Vanilluxe|1
|-resisted|p2b: Camerupt|1
|-damage|p2a: Vanilluxe|0 fnt
|-damage|p2b: Camerupt|0 fnt
|faint|p2a: Vanilluxe
|faint|p2b: Camerupt
|
|win|gdfox802
