|j|☆NandoGTG
|j|☆Craser13
|html|NandoGTGCraser13    
|uhtml|bestof|Game 1 of a best-of-3
|t:|1785283638
|gametype|doubles
|player|p1|NandoGTG|cheren|
|player|p2|Craser13|265|
|gen|9
|tier|[Gen 9 Champions] VGC 2026 Reg M-B (Bo3)
|rule|Species Clause: Limit one of each Pokémon
|rule|Item Clause: Limit 1 of each item
|clearpoke
|poke|p1|Sinistcha, L50|
|poke|p1|Incineroar, L50, F|
|poke|p1|Milotic, L50, F|
|poke|p1|Raichu, L50, F|
|poke|p1|Floette-Eternal, L50, F|
|poke|p1|Ceruledge, L50, F|
|poke|p2|Floette-Eternal, L50, F|
|poke|p2|Charizard, L50, M|
|poke|p2|Garchomp, L50, M|
|poke|p2|Whimsicott, L50, F|
|poke|p2|Basculegion, L50, M|
|poke|p2|Kingambit, L50, F|
|teampreview|4
|showteam|p1|Sinistcha||KasibBerry|Hospitality|MatchaGotcha,LifeDew,RagePowder,Protect|Relaxed|||||50|]Incineroar||SitrusBerry|Intimidate|FlareBlitz,ThroatChop,FakeOut,PartingShot|Careful||F|||50|]Milotic||Leftovers|Competitive|MuddyWater,Coil,Hypnosis,Recover|Calm||F|||50|]Raichu||RaichuniteY|LightningRod|ZapCannon,FocusBlast,FakeOut,Protect|Timid||F|||50|]Floette-Eternal||Floettite|FlowerVeil|DazzlingGleam,DrainingKiss,CalmMind,Protect|Serious||F|||50|]Ceruledge||ColburBerry|FlashFire|BitterBlade,ShadowSneak,BulkUp,Protect|Adamant||F|||50|
|showteam|p2|Floette-Eternal||Floettite|FlowerVeil|Moonblast,DazzlingGleam,LightofRuin,Protect|Modest||F|||50|]Charizard||CharizarditeY|Blaze|HeatWave,SolarBeam,WeatherBall,Protect|Timid||M|||50|]Garchomp||LifeOrb|RoughSkin|Earthquake,RockSlide,DragonClaw,Protect|Jolly||M|||50|]Whimsicott||FocusSash|Prankster|Moonblast,Tailwind,Encore,Protect|Timid||F|||50|]Basculegion||MysticWater|Adaptability|WaveCrash,LastRespects,AquaJet,Protect|Adamant||M|||50|]Kingambit||BlackGlasses|Defiant|KowtowCleave,SuckerPunch,LowKick,Protect|Adamant||F|||50|
|inactive|Battle timer is ON: inactive players will automatically lose when time's up. (requested by NandoGTG)
|
|t:|1785283675
|teamsize|p1|4
|teamsize|p2|4
|start
|switch|p1a: Raichu|Raichu, L50, F|100/100
|switch|p1b: Milotic|Milotic, L50, F|100/100
|switch|p2a: Whimsicott|Whimsicott, L50, F|100/100
|switch|p2b: Kingambit|Kingambit, L50, F|100/100
|turn|1
|inactive|Craser13 has 30 seconds left.
|inactive|Craser13 has 20 seconds left.
|
|t:|1785283712
|detailschange|p1a: Raichu|Raichu-Mega-Y, L50, F
|-mega|p1a: Raichu|Raichu|Raichunite Y
|move|p2a: Whimsicott|Tailwind|p2a: Whimsicott
|-sidestart|p2: Craser13|move: Tailwind
|move|p2b: Kingambit|Sucker Punch|p1a: Raichu
|-damage|p1a: Raichu|0 fnt
|faint|p1a: Raichu
|move|p1b: Milotic|Coil|p1b: Milotic
|-boost|p1b: Milotic|atk|1
|-boost|p1b: Milotic|def|1
|-boost|p1b: Milotic|accuracy|1
|
|upkeep
|
|t:|1785283728
|switch|p1a: Ceruledge|Ceruledge, L50, F|100/100
|turn|2
|inactive|NandoGTG has 30 seconds left.
|
|t:|1785283761
|move|p2a: Whimsicott|Encore|p1b: Milotic
|-start|p1b: Milotic|Encore
|move|p2b: Kingambit|Sucker Punch|p1a: Ceruledge
|-supereffective|p1a: Ceruledge|1
|-enditem|p1a: Ceruledge|Colbur Berry|[eat]
|-enditem|p1a: Ceruledge|Colbur Berry|[weaken]
|-damage|p1a: Ceruledge|26/100
|move|p1a: Ceruledge|Bitter Blade|p2a: Whimsicott
|-supereffective|p2a: Whimsicott|1
|-enditem|p2a: Whimsicott|Focus Sash
|-damage|p2a: Whimsicott|1/100
|-heal|p1a: Ceruledge|71/100|[from] drain|[of] p2a: Whimsicott
|move|p1b: Milotic|Coil|p1b: Milotic
|-boost|p1b: Milotic|atk|1
|-boost|p1b: Milotic|def|1
|-boost|p1b: Milotic|accuracy|1
|
|upkeep
|turn|3
|inactive|Craser13 has 30 seconds left.
|
|t:|1785283789
|switch|p1b: Sinistcha|Sinistcha, L50|100/100
|-heal|p1a: Ceruledge|96/100|[from] ability: Hospitality|[of] p1b: Sinistcha
|move|p2a: Whimsicott|Moonblast|p1b: Sinistcha
|-crit|p1b: Sinistcha
|-damage|p1b: Sinistcha|23/100
|move|p2b: Kingambit|Kowtow Cleave|p1a: Ceruledge
|-supereffective|p1a: Ceruledge|1
|-damage|p1a: Ceruledge|0 fnt
|faint|p1a: Ceruledge
|
|upkeep
|
|t:|1785283799
|switch|p1a: Milotic|Milotic, L50, F|100/100
|turn|4
|
|t:|1785283821
|move|p2a: Whimsicott|Protect|p2a: Whimsicott
|-singleturn|p2a: Whimsicott|Protect
|move|p2b: Kingambit|Protect|p2b: Kingambit
|-singleturn|p2b: Kingambit|Protect
|move|p1a: Milotic|Hypnosis|p2b: Kingambit
|-activate|p2b: Kingambit|move: Protect
|move|p1b: Sinistcha|Matcha Gotcha|p2b: Kingambit|[spread] 
|-activate|p2a: Whimsicott|move: Protect
|-activate|p2b: Kingambit|move: Protect
|
|-sideend|p2: Craser13|move: Tailwind
|upkeep
|turn|5
|
|t:|1785283846
|move|p2a: Whimsicott|Tailwind|p2a: Whimsicott
|-sidestart|p2: Craser13|move: Tailwind
|move|p2b: Kingambit|Kowtow Cleave|p1b: Sinistcha
|-supereffective|p1b: Sinistcha|1
|-damage|p1b: Sinistcha|0 fnt
|faint|p1b: Sinistcha
|move|p1a: Milotic|Muddy Water|p2b: Kingambit|[spread] p2a,p2b
|-resisted|p2a: Whimsicott|1
|-damage|p2a: Whimsicott|0 fnt
|-damage|p2b: Kingambit|76/100
|-unboost|p2b: Kingambit|accuracy|1
|-ability|p2b: Kingambit|Defiant|boost
|-boost|p2b: Kingambit|atk|2
|faint|p2a: Whimsicott
|
|upkeep
|-message|NandoGTG forfeited.
|
|win|Craser13
||NandoGTG is ready for game 2.
||Craser13 is ready for game 2.
|uhtml|next|Next: Game 2 of 3
