|j|☆Skols
|j|☆Invoker Kuzan
|html|SkolsInvoker Kuzan    
|uhtml|bestof|Game 1 of a best-of-3
|t:|1756339791
|gametype|doubles
|player|p1|Skols|265|1208
|player|p2|Invoker Kuzan|marnie-masters3|1309
|gen|9
|tier|[Gen 9] VGC 2025 Reg H (Bo3)
|rated|
|rule|Species Clause: Limit one of each Pokémon
|rule|Item Clause: Limit 1 of each item
|clearpoke
|poke|p1|Tyranitar, L50, F|
|poke|p1|Garchomp, L50, M|
|poke|p1|Sinistcha, L50|
|poke|p1|Metagross, L50|
|poke|p1|Sneasler, L50, F|
|poke|p1|Ursaluna-Bloodmoon, L50, M|
|poke|p2|Indeedee-F, L50, F|
|poke|p2|Hatterene, L50, F|
|poke|p2|Gallade, L50, M|
|poke|p2|Ursaluna, L50, M|
|poke|p2|Lilligant-Hisui, L50, F|
|poke|p2|Torkoal, L50, M|
|teampreview|4
|showteam|p1|Tyranitar||AssaultVest|SandStream|RockSlide,StoneEdge,KnockOff,TeraBlast|||F|||50|,,,,,Flying]Garchomp||LifeOrb|SandVeil|StompingTantrum,DragonClaw,Earthquake,Protect|||M|||50|,,,,,Fire]Sinistcha||SitrusBerry|Hospitality|Protect,TrickRoom,MatchaGotcha,RagePowder||||||50|,,,,,Dark]Metagross||WeaknessPolicy|ClearBody|Protect,PsychicFangs,HeavySlam,BulletPunch||||||50|,,,,,Water]Sneasler||ClearAmulet|PoisonTouch|CloseCombat,DireClaw,Coaching,Protect|||F|||50|,,,,,Dark]Ursaluna-Bloodmoon||ThroatSpray|MindsEye|EarthPower,BloodMoon,HyperVoice,Protect|||M|||50|,,,,,Normal
|showteam|p2|Indeedee-F||PsychicSeed|PsychicSurge|TrickRoom,FollowMe,HelpingHand,DazzlingGleam|||F|||50|,,,,,Fire]Hatterene||LifeOrb|MagicBounce|ExpandingForce,TrickRoom,DazzlingGleam,Protect|||F|||50|,,,,,Psychic]Gallade||ClearAmulet|Sharpness|PsychoCut,TrickRoom,SacredSword,WideGuard|||M|||50|,,,,,Grass]Ursaluna||FlameOrb|Guts|HeadlongRush,Facade,SwordsDance,Protect|||M|||50|,,,,,Ghost]Lilligant-Hisui||FocusSash|Chlorophyll|SolarBlade,SleepPowder,CloseCombat,AfterYou|||F|||50|,,,,,Ghost]Torkoal||ChoiceSpecs|Drought|Eruption,HeatWave,WeatherBall,EarthPower|||M|||50|,,,,,Fire
|inactive|Battle timer is ON: inactive players will automatically lose when time's up. (requested by Skols)
|
|t:|1756339811
|teamsize|p1|4
|teamsize|p2|4
|start
|switch|p1a: Metagross|Metagross, L50|100/100
|switch|p1b: Ursaluna|Ursaluna-Bloodmoon, L50, M|100/100
|switch|p2a: Indeedee|Indeedee-F, L50, F, shiny|100/100
|switch|p2b: Gallade|Gallade, L50, M, shiny|100/100
|-fieldstart|move: Psychic Terrain|[from] ability: Psychic Surge|[of] p2a: Indeedee
|-enditem|p2a: Indeedee|Psychic Seed
|-boost|p2a: Indeedee|spd|1|[from] item: Psychic Seed
|turn|1
|
|t:|1756339826
|move|p2b: Gallade|Sacred Sword|p1b: Ursaluna
|-supereffective|p1b: Ursaluna
|-damage|p1b: Ursaluna|0 fnt
|faint|p1b: Ursaluna
|move|p1a: Metagross|Heavy Slam|p2a: Indeedee
|-damage|p2a: Indeedee|39/100
|move|p2a: Indeedee|Trick Room|p2a: Indeedee
|-fieldstart|move: Trick Room|[of] p2a: Indeedee
|
|upkeep
|
|t:|1756339838
|switch|p1b: Garchomp|Garchomp, L50, M|100/100
|turn|2
|
|t:|1756339845
|move|p2a: Indeedee|Helping Hand|p2b: Gallade
|-singleturn|p2b: Gallade|Helping Hand|[of] p2a: Indeedee
|move|p1a: Metagross|Protect|p1a: Metagross
|-singleturn|p1a: Metagross|Protect
|move|p1b: Garchomp|Protect|p1b: Garchomp
|-singleturn|p1b: Garchomp|Protect
|move|p2b: Gallade|Psycho Cut|p1b: Garchomp
|-activate|p1b: Garchomp|move: Protect
|
|upkeep
|turn|3
|
|t:|1756339869
|switch|p1b: Tyranitar|Tyranitar, L50, F|100/100
|-weather|Sandstorm|[from] ability: Sand Stream|[of] p1b: Tyranitar
|move|p2a: Indeedee|Helping Hand|p2b: Gallade
|-singleturn|p2b: Gallade|Helping Hand|[of] p2a: Indeedee
|move|p1a: Metagross|Heavy Slam|p2b: Gallade
|-damage|p2b: Gallade|2/100
|move|p2b: Gallade|Sacred Sword|p1a: Metagross
|-damage|p1a: Metagross|11/100
|
|-weather|Sandstorm|[upkeep]
|-damage|p2a: Indeedee|33/100|[from] Sandstorm
|-damage|p2b: Gallade|0 fnt|[from] Sandstorm
|faint|p2b: Gallade
|upkeep
|
|t:|1756339875
|switch|p2b: Torkoal|Torkoal, L50, M, shiny|100/100
|-weather|SunnyDay|[from] ability: Drought|[of] p2b: Torkoal
|turn|4
|
|t:|1756339894
|switch|p2a: Ursaluna|Ursaluna, L50, M, shiny|100/100
|switch|p1b: Garchomp|Garchomp, L50, M|100/100
|-terastallize|p2b: Torkoal|Fire
|move|p1a: Metagross|Protect|p1a: Metagross
|-singleturn|p1a: Metagross|Protect
|move|p2b: Torkoal|Eruption|p1a: Metagross|[spread] p1b
|-activate|p1a: Metagross|move: Protect
|-resisted|p1b: Garchomp
|-damage|p1b: Garchomp|24/100
|
|-weather|SunnyDay|[upkeep]
|-status|p2a: Ursaluna|brn|[from] item: Flame Orb
|upkeep
|turn|5
|
|t:|1756339918
|switch|p2b: Indeedee|Indeedee-F, L50, F, shiny|33/100
|switch|p1a: Tyranitar|Tyranitar, L50, F|100/100
|-weather|Sandstorm|[from] ability: Sand Stream|[of] p1a: Tyranitar
|move|p1b: Garchomp|Protect|p1b: Garchomp
|-singleturn|p1b: Garchomp|Protect
|move|p2a: Ursaluna|Facade|p1b: Garchomp
|-activate|p1b: Garchomp|move: Protect
|
|-weather|Sandstorm|[upkeep]
|-damage|p2b: Indeedee|26/100|[from] Sandstorm
|-damage|p2a: Ursaluna|95/100 brn|[from] brn
|-fieldend|move: Trick Room
|-fieldend|move: Psychic Terrain
|upkeep
|turn|6
|
|t:|1756339938
|move|p1b: Garchomp|Dragon Claw|p2a: Ursaluna
|-damage|p2a: Ursaluna|48/100 brn
|-damage|p1b: Garchomp|14/100|[from] item: Life Orb
|move|p1a: Tyranitar|Knock Off|p2b: Indeedee
|-supereffective|p2b: Indeedee
|-damage|p2b: Indeedee|0 fnt
|faint|p2b: Indeedee
|move|p2a: Ursaluna|Headlong Rush|p1a: Tyranitar
|-supereffective|p1a: Tyranitar
|-damage|p1a: Tyranitar|0 fnt
|-unboost|p2a: Ursaluna|def|1
|-unboost|p2a: Ursaluna|spd|1
|faint|p1a: Tyranitar
|
|-weather|Sandstorm|[upkeep]
|-damage|p2a: Ursaluna|42/100 brn|[from] brn
|upkeep
|
|t:|1756339953
|switch|p1a: Metagross|Metagross, L50|11/100
|switch|p2b: Torkoal|Torkoal, L50, M, shiny, tera:Fire|100/100
|-weather|SunnyDay|[from] ability: Drought|[of] p2b: Torkoal
|turn|7
|
|t:|1756339961
|move|p1a: Metagross|Protect|p1a: Metagross
|-singleturn|p1a: Metagross|Protect
|move|p1b: Garchomp|Earthquake|p2b: Torkoal|[spread] p2a,p2b
|-activate|p1a: Metagross|move: Protect
|-supereffective|p2b: Torkoal
|-damage|p2a: Ursaluna|0 fnt
|-damage|p2b: Torkoal|20/100
|faint|p2a: Ursaluna
|-damage|p1b: Garchomp|4/100|[from] item: Life Orb
|move|p2b: Torkoal|Heat Wave|p1a: Metagross|[spread] 
|-activate|p1a: Metagross|move: Protect
|-miss|p2b: Torkoal|p1b: Garchomp
|
|-weather|SunnyDay|[upkeep]
|upkeep
|turn|8
|-message|Invoker Kuzan forfeited.
|
|win|Skols
||Invoker Kuzan is ready for game 2.
||Skols is ready for game 2.
|uhtml|next|Next: Game 2 of 3
|l|☆Skols
|player|p1|
