|j|☆d_malicious
|j|☆MurQrow
|html|d_maliciousMurQrow    
|uhtml|bestof|Game 1 of a best-of-3
|t:|1756852701
|gametype|doubles
|player|p1|d_malicious|265|1217
|player|p2|MurQrow|101|1101
|gen|9
|tier|[Gen 9] VGC 2025 Reg H (Bo3)
|rated|
|rule|Species Clause: Limit one of each Pokémon
|rule|Item Clause: Limit 1 of each item
|clearpoke
|poke|p1|Dragonite, L50, F|
|poke|p1|Whimsicott, L50, F|
|poke|p1|Arcanine-Hisui, L50, F|
|poke|p1|Rillaboom, L50, M|
|poke|p1|Torkoal, L50, M|
|poke|p1|Archaludon, L50, M|
|poke|p2|Ninetales-Alola, L50, F|
|poke|p2|Baxcalibur, L50, F|
|poke|p2|Gholdengo, L50|
|poke|p2|Magmar, L50, F|
|poke|p2|Rillaboom, L50, M|
|poke|p2|Flamigo, L50, F|
|teampreview|4
|showteam|p1|Dragonite||ChoiceBand|InnerFocus|ExtremeSpeed,Outrage,AerialAce,StompingTantrum|||F|||50|,,,,,Normal]Whimsicott||CovertCloak|Prankster|Tailwind,Moonblast,TrickRoom,Encore|||F|||50|,,,,,Water]Arcanine-Hisui||ClearAmulet|Intimidate|RockSlide,FlareBlitz,ExtremeSpeed,Protect|||F|||50|,,,,,Dragon]Rillaboom||AssaultVest|GrassySurge|GrassyGlide,HighHorsepower,FakeOut,Uturn|||M|||50|,,,,,Grass]Torkoal||EjectPack|Drought|Protect,Eruption,Overheat,HelpingHand|||M|||50|,,,,,Fire]Archaludon||PowerHerb|Sturdy|Protect,ElectroShot,FlashCannon,DragonPulse|||M|||50|,,,,,Electric
|showteam|p2|Ninetales-Alola||CovertCloak|SnowWarning|Blizzard,IcyWind,Encore,AuroraVeil|||F|||50|,,,,,Fire]Baxcalibur||LoadedDice|ThermalExchange|Protect,IceShard,IcicleSpear,ScaleShot|||F|||50|,,,,,Water]Gholdengo||LifeOrb|GoodasGold|NastyPlot,Protect,MakeItRain,ShadowBall||||||50|,,,,,Water]Magmar||Eviolite|VitalSpirit|ClearSmog,FollowMe,Protect,Flamethrower|||F|||50|,,,,,Ghost]Rillaboom||AssaultVest|GrassySurge|FakeOut,GrassyGlide,WoodHammer,HighHorsepower|||M|||50|,,,,,Fire]Flamigo||ChoiceScarf|Scrappy|CloseCombat,BraveBird,DualWingbeat,Tailwind|||F|||50|,,,,,Ghost
|inactive|Battle timer is ON: inactive players will automatically lose when time's up. (requested by MurQrow)
|inactive|MurQrow has 60 seconds left.
|
|t:|1756852744
|teamsize|p1|4
|teamsize|p2|4
|start
|switch|p1a: Whimsicott|Whimsicott, L50, F|100/100
|switch|p1b: Arcanine|Arcanine-Hisui, L50, F|100/100
|switch|p2a: Flush five|Baxcalibur, L50, F|100/100
|switch|p2b: Rillaboom|Rillaboom, L50, M|100/100
|-ability|p1b: Arcanine|Intimidate|boost
|-unboost|p2a: Flush five|atk|1
|-unboost|p2b: Rillaboom|atk|1
|-fieldstart|move: Grassy Terrain|[from] ability: Grassy Surge|[of] p2b: Rillaboom
|turn|1
|inactive|MurQrow has 30 seconds left.
|
|t:|1756852772
|-terastallize|p2a: Flush five|Water
|move|p1b: Arcanine|Protect|p1b: Arcanine
|-singleturn|p1b: Arcanine|Protect
|move|p2b: Rillaboom|Fake Out|p1b: Arcanine
|-activate|p1b: Arcanine|move: Protect
|move|p1a: Whimsicott|Moonblast|p2a: Flush five
|-damage|p2a: Flush five|59/100
|-unboost|p2a: Flush five|spa|1
|move|p2a: Flush five|Icicle Spear|p1a: Whimsicott
|-supereffective|p1a: Whimsicott
|-damage|p1a: Whimsicott|70/100
|-supereffective|p1a: Whimsicott
|-damage|p1a: Whimsicott|43/100
|-supereffective|p1a: Whimsicott
|-damage|p1a: Whimsicott|15/100
|-supereffective|p1a: Whimsicott
|-damage|p1a: Whimsicott|0 fnt
|faint|p1a: Whimsicott
|-hitcount|p1: Whimsicott|4
|
|-heal|p2a: Flush five|65/100|[from] Grassy Terrain
|upkeep
|
|t:|1756852785
|switch|p1a: Archaludon|Archaludon, L50, M|100/100
|turn|2
|inactive|MurQrow has 30 seconds left.
|
|t:|1756852817
|move|p2a: Flush five|Protect|p2a: Flush five
|-singleturn|p2a: Flush five|Protect
|move|p1b: Arcanine|Flare Blitz|p2b: Rillaboom
|-supereffective|p2b: Rillaboom
|-damage|p2b: Rillaboom|0 fnt
|faint|p2b: Rillaboom
|-damage|p1b: Arcanine|61/100|[from] Recoil
|move|p1a: Archaludon|Electro Shot||[still]
|-prepare|p1a: Archaludon|Electro Shot
|-boost|p1a: Archaludon|spa|1
|-enditem|p1a: Archaludon|Power Herb
|-anim|p1a: Archaludon|Electro Shot|p2a: Flush five
|-activate|p2a: Flush five|move: Protect
|
|-heal|p1b: Arcanine|67/100|[from] Grassy Terrain
|-heal|p2a: Flush five|71/100|[from] Grassy Terrain
|upkeep
|
|t:|1756852831
|switch|p2b: Flamigo|Flamigo, L50, F|100/100
|turn|3
|
|t:|1756852845
|switch|p2a: Ninetales|Ninetales-Alola, L50, F|100/100
|-weather|Snowscape|[from] ability: Snow Warning|[of] p2a: Ninetales
|-terastallize|p1a: Archaludon|Electric
|move|p1b: Arcanine|Protect|p1b: Arcanine
|-singleturn|p1b: Arcanine|Protect
|move|p2b: Flamigo|Close Combat|p1b: Arcanine
|-activate|p1b: Arcanine|move: Protect
|move|p1a: Archaludon|Dragon Pulse|p2a: Ninetales
|-immune|p2a: Ninetales
|
|-weather|Snowscape|[upkeep]
|-heal|p1b: Arcanine|73/100|[from] Grassy Terrain
|upkeep
|turn|4
|
|t:|1756852863
|switch|p1b: Torkoal|Torkoal, L50, M|100/100
|-weather|SunnyDay|[from] ability: Drought|[of] p1b: Torkoal
|move|p2b: Flamigo|Close Combat|p1b: Torkoal
|-damage|p1b: Torkoal|57/100
|-unboost|p2b: Flamigo|def|1
|-unboost|p2b: Flamigo|spd|1
|move|p2a: Ninetales|Icy Wind|p1b: Torkoal|[spread] p1a,p1b
|-resisted|p1b: Torkoal
|-damage|p1a: Archaludon|85/100
|-damage|p1b: Torkoal|49/100
|-unboost|p1a: Archaludon|spe|1
|-unboost|p1b: Torkoal|spe|1
|-enditem|p1b: Torkoal|Eject Pack
|
|t:|1756852875
|switch|p1b: Arcanine|Arcanine-Hisui, L50, F|73/100
|-ability|p1b: Arcanine|Intimidate|boost
|-unboost|p2a: Ninetales|atk|1
|-fail|p2b: Flamigo|unboost|Attack|[from] ability: Scrappy|[of] p2b: Flamigo
|move|p1a: Archaludon|Dragon Pulse|p2b: Flamigo
|-damage|p2b: Flamigo|0 fnt
|faint|p2b: Flamigo
|
|-weather|SunnyDay|[upkeep]
|-heal|p1b: Arcanine|79/100|[from] Grassy Terrain
|-heal|p1a: Archaludon|91/100|[from] Grassy Terrain
|upkeep
|
|t:|1756852884
|switch|p2b: Flush five|Baxcalibur, L50, F, tera:Water|71/100
|turn|5
|inactive|MurQrow has 30 seconds left.
|
|t:|1756852914
|move|p2a: Ninetales|Encore|p1a: Archaludon
|-start|p1a: Archaludon|Encore
|move|p1b: Arcanine|Rock Slide|p2b: Flush five|[spread] p2a,p2b
|-supereffective|p2a: Ninetales
|-crit|p2a: Ninetales
|-damage|p2a: Ninetales|3/100
|-damage|p2b: Flush five|45/100
|move|p2b: Flush five|Scale Shot|p1b: Arcanine
|-damage|p1b: Arcanine|58/100
|-damage|p1b: Arcanine|38/100
|-damage|p1b: Arcanine|17/100
|-damage|p1b: Arcanine|0 fnt
|faint|p1b: Arcanine
|-hitcount|p1: Arcanine|4
|-unboost|p2b: Flush five|def|1
|-boost|p2b: Flush five|spe|1
|move|p1a: Archaludon|Dragon Pulse|p2b: Flush five
|-damage|p2b: Flush five|0 fnt
|faint|p2b: Flush five
|
|-weather|SunnyDay|[upkeep]
|-heal|p2a: Ninetales|9/100|[from] Grassy Terrain
|-heal|p1a: Archaludon|98/100|[from] Grassy Terrain
|-fieldend|move: Grassy Terrain
|upkeep
|
|t:|1756852923
|switch|p1b: Torkoal|Torkoal, L50, M|49/100
|turn|6
|
|t:|1756852933
|move|p2a: Ninetales|Blizzard|p1b: Torkoal|[spread] p1b
|-miss|p2a: Ninetales|p1a: Archaludon
|-resisted|p1b: Torkoal
|-damage|p1b: Torkoal|33/100
|move|p1a: Archaludon|Dragon Pulse|p2a: Ninetales
|-immune|p2a: Ninetales
|move|p1b: Torkoal|Eruption|p2a: Ninetales
|-supereffective|p2a: Ninetales
|-damage|p2a: Ninetales|0 fnt
|faint|p2a: Ninetales
|
|win|d_malicious
