|j|☆AngryApeReturn
|j|☆Darth Floette
|html|AngryApeReturnDarth Floette    
|uhtml|bestof|Game 1 of a best-of-3
|t:|1784097943
|gametype|doubles
|player|p1|AngryApeReturn|265|1363
|player|p2|Darth Floette|unknown|1415
|gen|9
|tier|[Gen 9 Champions] VGC 2026 Reg M-B (Bo3)
|rated|
|rule|Species Clause: Limit one of each Pokémon
|rule|Item Clause: Limit 1 of each item
|clearpoke
|poke|p1|Blastoise, L50, F|
|poke|p1|Incineroar, L50, M|
|poke|p1|Sinistcha, L50|
|poke|p1|Delphox, L50, F|
|poke|p1|Sneasler, L50, M|
|poke|p1|Maushold, L50|
|poke|p2|Whimsicott, L50, M|
|poke|p2|Gholdengo, L50|
|poke|p2|Basculegion, L50, M|
|poke|p2|Charizard, L50, M|
|poke|p2|Garchomp, L50, M|
|poke|p2|Incineroar, L50, F|
|teampreview|4
|showteam|p1|Blastoise||Blastoisinite|RainDish|WaterSpout,DarkPulse,ShellSmash,Protect|Serious||F|||50|]Incineroar||SitrusBerry|Intimidate|FlareBlitz,FakeOut,PartingShot,HelpingHand|Impish||M|||50|]Sinistcha||OccaBerry|Hospitality|MatchaGotcha,RagePowder,TrickRoom,Protect|Relaxed|||||50|]Delphox||Delphoxite|Blaze|HeatWave,Psyshock,NastyPlot,Protect|Timid||F|||50|]Sneasler||FocusSash|PoisonTouch|DireClaw,CloseCombat,FakeOut,QuickGuard|Jolly||M|||50|]Maushold||ChopleBerry|FriendGuard|SuperFang,FollowMe,Feint,Protect|Timid|||||50|
|showteam|p2|Whimsicott||FocusSash|Prankster|Encore,Protect,Tailwind,Moonblast|Timid||M|||50|]Gholdengo||SpellTag|GoodasGold|Protect,NastyPlot,ShadowBall,MakeItRain|Modest|||||50|]Basculegion||ChoiceScarf|Adaptability|FlipTurn,AquaJet,WaveCrash,LastRespects|Jolly||M|||50|]Charizard||CharizarditeY|Blaze|Protect,HeatWave,SolarBeam,WeatherBall|Modest||M|||50|]Garchomp||LifeOrb|RoughSkin|Protect,StompingTantrum,RockSlide,DragonClaw|Jolly||M|||50|]Incineroar||SitrusBerry|Intimidate|FakeOut,FlareBlitz,ThroatChop,PartingShot|Impish||F|||50|
|c|☆Darth Floette|//rank AngryApeReturn
|inactive|Battle timer is ON: inactive players will automatically lose when time's up. (requested by Darth Floette)
|
|t:|1784098003
|teamsize|p1|4
|teamsize|p2|4
|start
|switch|p1a: Blastoise|Blastoise, L50, F|100/100
|switch|p1b: Sneasler|Sneasler, L50, M|100/100
|switch|p2a: Gholdengo|Gholdengo, L50|100/100
|switch|p2b: Incineroar|Incineroar, L50, F|100/100
|-ability|p2b: Incineroar|Intimidate|boost
|-unboost|p1a: Blastoise|atk|1
|-unboost|p1b: Sneasler|atk|1
|turn|1
|inactive|AngryApeReturn has 30 seconds left.
|inactive|AngryApeReturn has 20 seconds left.
|inactive|Darth Floette has 30 seconds left.
|inactive|AngryApeReturn has 15 seconds left.
|inactive|AngryApeReturn has 10 seconds left.
|inactive|AngryApeReturn has 5 seconds left.
|
|t:|1784098056
|detailschange|p1a: Blastoise|Blastoise-Mega, L50, F
|-mega|p1a: Blastoise|Blastoise|Blastoisinite
|move|p1b: Sneasler|Fake Out|p2b: Incineroar
|-damage|p2b: Incineroar|93/100
|cant|p2b: Incineroar|flinch
|move|p2a: Gholdengo|Shadow Ball|p1a: Blastoise
|-crit|p1a: Blastoise
|-damage|p1a: Blastoise|14/100
|move|p1a: Blastoise|Water Spout|p2a: Gholdengo|[spread] p2a,p2b
|-supereffective|p2b: Incineroar|1
|-damage|p2a: Gholdengo|90/100
|-damage|p2b: Incineroar|77/100
|
|upkeep
|turn|2
|inactive|AngryApeReturn has 30 seconds left.
|inactive|AngryApeReturn has 20 seconds left.
|inactive|AngryApeReturn has 15 seconds left.
|
|t:|1784098098
|switch|p1b: Sinistcha|Sinistcha, L50|100/100
|-heal|p1a: Blastoise|39/100|[from] ability: Hospitality|[of] p1b: Sinistcha
|move|p1a: Blastoise|Protect|p1a: Blastoise
|-singleturn|p1a: Blastoise|Protect
|move|p2a: Gholdengo|Shadow Ball|p1a: Blastoise
|-activate|p1a: Blastoise|move: Protect
|move|p2b: Incineroar|Parting Shot|p1b: Sinistcha
|-unboost|p1b: Sinistcha|atk|1
|-unboost|p1b: Sinistcha|spa|1
|
|t:|1784098112
|switch|p2b: Garchomp|Garchomp, L50, M|100/100|[from] Parting Shot
|
|upkeep
|turn|3
|
|t:|1784098131
|switch|p1a: Incineroar|Incineroar, L50, M|100/100
|-ability|p1a: Incineroar|Intimidate|boost
|-unboost|p2a: Gholdengo|atk|1
|-unboost|p2b: Garchomp|atk|1
|move|p2b: Garchomp|Rock Slide|p1a: Incineroar|[spread] p1a,p1b
|-supereffective|p1a: Incineroar|1
|-crit|p1a: Incineroar
|-damage|p1a: Incineroar|45/100
|-damage|p1b: Sinistcha|85/100
|-enditem|p1a: Incineroar|Sitrus Berry|[eat]
|-heal|p1a: Incineroar|70/100|[from] item: Sitrus Berry
|-damage|p2b: Garchomp|90/100|[from] item: Life Orb
|move|p2a: Gholdengo|Make It Rain|p1b: Sinistcha|[spread] p1a,p1b
|-resisted|p1a: Incineroar|1
|-damage|p1a: Incineroar|47/100
|-damage|p1b: Sinistcha|36/100
|-unboost|p2a: Gholdengo|spa|2
|move|p1b: Sinistcha|Trick Room|p1b: Sinistcha
|-fieldstart|move: Trick Room|[of] p1b: Sinistcha
|
|upkeep
|turn|4
|
|t:|1784098156
|switch|p1b: Blastoise|Blastoise-Mega, L50, F|39/100
|switch|p2a: Whimsicott|Whimsicott, L50, M|100/100
|switch|p2b: Incineroar|Incineroar, L50, F|77/100
|-ability|p2b: Incineroar|Intimidate|boost
|-unboost|p1a: Incineroar|atk|1
|-unboost|p1b: Blastoise|atk|1
|move|p1a: Incineroar|Parting Shot|p2b: Incineroar
|-unboost|p2b: Incineroar|atk|1
|-unboost|p2b: Incineroar|spa|1
|
|t:|1784098164
|switch|p1a: Sinistcha|Sinistcha, L50|36/100|[from] Parting Shot
|-heal|p1b: Blastoise|63/100|[from] ability: Hospitality|[of] p1a: Sinistcha
|
|upkeep
|turn|5
|inactive|Darth Floette has 30 seconds left.
|
|t:|1784098189
|switch|p1b: Incineroar|Incineroar, L50, M|47/100
|-ability|p1b: Incineroar|Intimidate|boost
|-unboost|p2a: Whimsicott|atk|1
|-unboost|p2b: Incineroar|atk|1
|move|p1a: Sinistcha|Protect|p1a: Sinistcha
|-singleturn|p1a: Sinistcha|Protect
|move|p2b: Incineroar|Parting Shot|p1a: Sinistcha
|-activate|p1a: Sinistcha|move: Protect
|move|p2a: Whimsicott|Moonblast|p1a: Sinistcha
|-activate|p1a: Sinistcha|move: Protect
|
|upkeep
|turn|6
|
|t:|1784098209
|switch|p1a: Blastoise|Blastoise-Mega, L50, F|63/100
|move|p2b: Incineroar|Parting Shot|p1b: Incineroar
|-unboost|p1b: Incineroar|atk|1
|-unboost|p1b: Incineroar|spa|1
|
|t:|1784098217
|switch|p2b: Gholdengo|Gholdengo, L50|90/100|[from] Parting Shot
|move|p1b: Incineroar|Parting Shot|p2a: Whimsicott
|-unboost|p2a: Whimsicott|atk|1
|-unboost|p2a: Whimsicott|spa|1
|
|t:|1784098222
|switch|p1b: Sinistcha|Sinistcha, L50|36/100|[from] Parting Shot
|-heal|p1a: Blastoise|88/100|[from] ability: Hospitality|[of] p1b: Sinistcha
|move|p2a: Whimsicott|Moonblast|p1b: Sinistcha
|-damage|p1b: Sinistcha|12/100
|
|upkeep
|turn|7
|inactive|AngryApeReturn has 30 seconds left.
|inactive|Darth Floette has 30 seconds left.
|inactive|AngryApeReturn has 20 seconds left.
|inactive|AngryApeReturn has 15 seconds left.
|inactive|AngryApeReturn has 10 seconds left.
|
|t:|1784098269
|move|p2b: Gholdengo|Protect|p2b: Gholdengo
|-singleturn|p2b: Gholdengo|Protect
|move|p1b: Sinistcha|Rage Powder|p1b: Sinistcha
|-singleturn|p1b: Sinistcha|move: Rage Powder
|move|p1a: Blastoise|Shell Smash|p1a: Blastoise
|-unboost|p1a: Blastoise|def|1
|-unboost|p1a: Blastoise|spd|1
|-boost|p1a: Blastoise|atk|2
|-boost|p1a: Blastoise|spa|2
|-boost|p1a: Blastoise|spe|2
|move|p2a: Whimsicott|Moonblast|p1a: Blastoise
|-damage|p1a: Blastoise|53/100
|-unboost|p1a: Blastoise|spa|1
|
|-fieldend|move: Trick Room
|upkeep
|turn|8
|inactive|Darth Floette has 30 seconds left.
|
|t:|1784098295
|switch|p1b: Incineroar|Incineroar, L50, M|47/100
|-ability|p1b: Incineroar|Intimidate|boost
|-unboost|p2a: Whimsicott|atk|1
|-unboost|p2b: Gholdengo|atk|1
|move|p1a: Blastoise|Protect|p1a: Blastoise
|-singleturn|p1a: Blastoise|Protect
|move|p2a: Whimsicott|Encore|p1a: Blastoise
|-activate|p1a: Blastoise|move: Protect
|move|p2b: Gholdengo|Nasty Plot|p2b: Gholdengo
|-boost|p2b: Gholdengo|spa|2
|
|upkeep
|turn|9
|inactive|AngryApeReturn has 30 seconds left.
|
|t:|1784098320
|switch|p2a: Incineroar|Incineroar, L50, F|77/100
|-ability|p2a: Incineroar|Intimidate|boost
|-unboost|p1a: Blastoise|atk|1
|-unboost|p1b: Incineroar|atk|1
|move|p2b: Gholdengo|Protect|p2b: Gholdengo
|-singleturn|p2b: Gholdengo|Protect
|move|p1b: Incineroar|Fake Out|p2a: Incineroar
|-damage|p2a: Incineroar|72/100
|move|p1a: Blastoise|Dark Pulse|p2b: Gholdengo
|-activate|p2b: Gholdengo|move: Protect
|
|upkeep
|turn|10
|
|t:|1784098343
|move|p1a: Blastoise|Protect|p1a: Blastoise
|-singleturn|p1a: Blastoise|Protect
|move|p2a: Incineroar|Fake Out|p1a: Blastoise
|-activate|p1a: Blastoise|move: Protect
|move|p2b: Gholdengo|Shadow Ball|p1b: Incineroar
|-resisted|p1b: Incineroar|1
|-damage|p1b: Incineroar|0 fnt
|faint|p1b: Incineroar
|
|upkeep
|
|t:|1784098350
|switch|p1b: Sinistcha|Sinistcha, L50|12/100
|-heal|p1a: Blastoise|77/100|[from] ability: Hospitality|[of] p1b: Sinistcha
|turn|11
|
|t:|1784098364
|move|p2b: Gholdengo|Protect|p2b: Gholdengo
|-singleturn|p2b: Gholdengo|Protect
|move|p1b: Sinistcha|Rage Powder|p1b: Sinistcha
|-singleturn|p1b: Sinistcha|move: Rage Powder
|move|p1a: Blastoise|Water Spout|p2a: Incineroar|[spread] p2a
|-activate|p2b: Gholdengo|move: Protect
|-supereffective|p2a: Incineroar|1
|-damage|p2a: Incineroar|0 fnt
|faint|p2a: Incineroar
|
|upkeep
|
|t:|1784098380
|switch|p2a: Whimsicott|Whimsicott, L50, M|100/100
|turn|12
|
|t:|1784098389
|move|p1b: Sinistcha|Rage Powder|p1b: Sinistcha
|-singleturn|p1b: Sinistcha|move: Rage Powder
|move|p2a: Whimsicott|Tailwind|p2a: Whimsicott
|-sidestart|p2: Darth Floette|move: Tailwind
|move|p2b: Gholdengo|Make It Rain|p1b: Sinistcha|[spread] p1a,p1b
|-resisted|p1a: Blastoise|1
|-damage|p1a: Blastoise|7/100
|-damage|p1b: Sinistcha|0 fnt
|-unboost|p2b: Gholdengo|spa|2
|faint|p1b: Sinistcha
|move|p1a: Blastoise|Dark Pulse|p2b: Gholdengo
|-supereffective|p2b: Gholdengo|1
|-damage|p2b: Gholdengo|0 fnt
|faint|p2b: Gholdengo
|
|upkeep
|
|t:|1784098398
|switch|p2b: Garchomp|Garchomp, L50, M|90/100
|switch|p1b: Sneasler|Sneasler, L50, M|100/100
|turn|13
|inactive|Darth Floette has 30 seconds left.
|
|t:|1784098430
|move|p1a: Blastoise|Protect|p1a: Blastoise
|-singleturn|p1a: Blastoise|Protect
|move|p2a: Whimsicott|Moonblast|p1a: Blastoise
|-activate|p1a: Blastoise|move: Protect
|move|p2b: Garchomp|Rock Slide|p1a: Blastoise|[spread] p1b
|-activate|p1a: Blastoise|move: Protect
|-resisted|p1b: Sneasler|1
|-damage|p1b: Sneasler|79/100
|-damage|p2b: Garchomp|80/100|[from] item: Life Orb
|move|p1b: Sneasler|Dire Claw|p2a: Whimsicott
|-supereffective|p2a: Whimsicott|2
|-enditem|p2a: Whimsicott|Focus Sash
|-damage|p2a: Whimsicott|1/100
|
|upkeep
|turn|14
|inactive|AngryApeReturn has 30 seconds left.
|inactive|AngryApeReturn has 20 seconds left.
|
|t:|1784098465
|move|p1a: Blastoise|Protect|p1a: Blastoise
|-singleturn|p1a: Blastoise|Protect
|move|p2a: Whimsicott|Moonblast|p1a: Blastoise
|-activate|p1a: Blastoise|move: Protect
|move|p2b: Garchomp|Stomping Tantrum|p1b: Sneasler
|-supereffective|p1b: Sneasler|1
|-damage|p1b: Sneasler|0 fnt
|faint|p1b: Sneasler
|-damage|p2b: Garchomp|70/100|[from] item: Life Orb
|
|upkeep
|turn|15
|
|t:|1784098476
|move|p1a: Blastoise|Protect||[still]
|-fail|p1a: Blastoise
|move|p2a: Whimsicott|Encore|p1a: Blastoise
|-start|p1a: Blastoise|Encore
|move|p2b: Garchomp|Dragon Claw|p1a: Blastoise
|-damage|p1a: Blastoise|0 fnt
|faint|p1a: Blastoise
|-damage|p2b: Garchomp|61/100|[from] item: Life Orb
|
|win|Darth Floette
||AngryApeReturn is ready for game 2.
||Darth Floette is ready for game 2.
|uhtml|next|Next: Game 2 of 3
|l|☆Darth Floette
|player|p2|
