|j|☆burgertime7904
|j|☆Someoneofficial
|html|burgertime7904Someoneofficial    
|uhtml|bestof|Game 2 of a best-of-3
|t:|1783912476
|gametype|doubles
|player|p1|burgertime7904|265|
|player|p2|Someoneofficial|gentleman-gen4|
|gen|9
|tier|[Gen 9 Champions] VGC 2026 Reg M-B (Bo3)
|rule|Species Clause: Limit one of each Pokémon
|rule|Item Clause: Limit 1 of each item
|clearpoke
|poke|p1|Floette-Eternal, L50, F|
|poke|p1|Incineroar, L50, F|
|poke|p1|Sinistcha-Masterpiece, L50|
|poke|p1|Sneasler, L50, F|
|poke|p1|Kingambit, L50, M|
|poke|p1|Basculegion, L50, M|
|poke|p2|Floette-Eternal, L50, F|
|poke|p2|Grimmsnarl, L50, M, shiny|
|poke|p2|Basculegion, L50, M, shiny|
|poke|p2|Sneasler, L50, M, shiny|
|poke|p2|Garchomp, L50, M, shiny|
|poke|p2|Charizard, L50, M, shiny|
|teampreview|4
|showteam|p1|Floette-Eternal||Floettite|FlowerVeil|DazzlingGleam,DrainingKiss,CalmMind,Protect|Modest||F|||50|]Incineroar||SitrusBerry|Intimidate|FakeOut,FlareBlitz,HelpingHand,PartingShot|Adamant||F|||50|]Sinistcha-Masterpiece||FocusSash|Hospitality|MatchaGotcha,ShadowBall,RagePowder,Protect|Bold|||||50|]Sneasler||WhiteHerb|Unburden|FakeOut,CloseCombat,DireClaw,Protect|Adamant||F|||50|]Kingambit||BlackGlasses|Defiant|KowtowCleave,SuckerPunch,SwordsDance,Protect|Adamant||M|||50|]Basculegion||ChoiceScarf|Adaptability|WaveCrash,FlipTurn,AquaJet,LastRespects|Jolly||M|||50|
|showteam|p2|Floette-Eternal||Floettite|FlowerVeil|Moonblast,Protect,LightofRuin,DazzlingGleam|Timid||F|||50|]Grimmsnarl||LightClay|Prankster|LightScreen,Reflect,PartingShot,SpiritBreak|Impish||M|||50|]Basculegion||ChoiceScarf|Adaptability|WaveCrash,LastRespects,AquaJet,FlipTurn|Jolly||M|||50|]Sneasler||FocusSash|PoisonTouch|FakeOut,CloseCombat,DireClaw,Protect|Jolly||M|||50|]Garchomp||LifeOrb|RoughSkin|DragonClaw,StompingTantrum,RockSlide,Protect|Jolly||M|||50|]Charizard||CharizarditeY|Blaze|Protect,SolarBeam,WeatherBall,HeatWave|Timid||M|||50|
|
|t:|1783912500
|teamsize|p1|4
|teamsize|p2|4
|start
|switch|p1a: Sinistcha|Sinistcha-Masterpiece, L50|100/100
|switch|p1b: Basculegion|Basculegion, L50, M|100/100
|switch|p2a: Sneasler|Sneasler, L50, M, shiny|100/100
|switch|p2b: Charizard|Charizard, L50, M, shiny|100/100
|turn|1
|
|t:|1783912516
|detailschange|p2b: Charizard|Charizard-Mega-Y, L50, M, shiny
|-mega|p2b: Charizard|Charizard|Charizardite Y
|-weather|SunnyDay|[from] ability: Drought|[of] p2b: Charizard
|move|p2b: Charizard|Protect|p2b: Charizard
|-singleturn|p2b: Charizard|Protect
|move|p1a: Sinistcha|Protect|p1a: Sinistcha
|-singleturn|p1a: Sinistcha|Protect
|move|p1b: Basculegion|Flip Turn|p2b: Charizard
|-activate|p2b: Charizard|move: Protect
|move|p2a: Sneasler|Dire Claw|p1a: Sinistcha
|-activate|p1a: Sinistcha|move: Protect
|
|-weather|SunnyDay|[upkeep]
|upkeep
|turn|2
|
|t:|1783912532
|switch|p2a: Grimmsnarl|Grimmsnarl, L50, M, shiny|100/100
|move|p1b: Basculegion|Flip Turn|p2b: Charizard
|-supereffective|p2b: Charizard|1
|-damage|p2b: Charizard|48/100
|
|t:|1783912540
|switch|p1b: Sneasler|Sneasler, L50, F|100/100|[from] Flip Turn
|move|p2b: Charizard|Heat Wave|p1a: Sinistcha|[spread] p1a,p1b
|-supereffective|p1a: Sinistcha|1
|-enditem|p1a: Sinistcha|Focus Sash
|-damage|p1a: Sinistcha|1/100
|-damage|p1b: Sneasler|13/100
|move|p1a: Sinistcha|Shadow Ball|p2a: Grimmsnarl
|-resisted|p2a: Grimmsnarl|1
|-damage|p2a: Grimmsnarl|83/100
|-unboost|p2a: Grimmsnarl|spd|1
|
|-weather|SunnyDay|[upkeep]
|upkeep
|turn|3
|
|t:|1783912557
|switch|p1a: Floette|Floette-Eternal, L50, F|100/100
|move|p2a: Grimmsnarl|Reflect|p2a: Grimmsnarl
|-sidestart|p2: Someoneofficial|Reflect
|move|p1b: Sneasler|Dire Claw|p2a: Grimmsnarl
|-supereffective|p2a: Grimmsnarl|1
|-damage|p2a: Grimmsnarl|30/100
|move|p2b: Charizard|Heat Wave|p1b: Sneasler|[spread] p1b
|-miss|p2b: Charizard|p1a: Floette
|-damage|p1b: Sneasler|0 fnt
|faint|p1b: Sneasler
|
|-weather|SunnyDay|[upkeep]
|upkeep
|
|t:|1783912563
|switch|p1b: Sinistcha|Sinistcha-Masterpiece, L50|1/100
|turn|4
|
|t:|1783912576
|detailschange|p1a: Floette|Floette-Mega, L50, F
|-mega|p1a: Floette|Floette|Floettite
|-ability|p1a: Floette|Fairy Aura
|move|p2a: Grimmsnarl|Light Screen|p2a: Grimmsnarl
|-sidestart|p2: Someoneofficial|move: Light Screen
|move|p2b: Charizard|Heat Wave|p1b: Sinistcha|[spread] p1a,p1b
|-supereffective|p1b: Sinistcha|1
|-damage|p1a: Floette|45/100
|-damage|p1b: Sinistcha|0 fnt
|faint|p1b: Sinistcha
|move|p1a: Floette|Calm Mind|p1a: Floette
|-boost|p1a: Floette|spa|1
|-boost|p1a: Floette|spd|1
|
|-weather|SunnyDay|[upkeep]
|upkeep
|
|t:|1783912579
|switch|p1b: Basculegion|Basculegion, L50, M|100/100
|turn|5
|
|t:|1783912596
|move|p1b: Basculegion|Aqua Jet|p2b: Charizard
|-supereffective|p2b: Charizard|1
|-damage|p2b: Charizard|25/100
|move|p2a: Grimmsnarl|Parting Shot|p1b: Basculegion
|-unboost|p1b: Basculegion|atk|1
|-unboost|p1b: Basculegion|spa|1
|
|t:|1783912607
|switch|p2a: Sneasler|Sneasler, L50, M, shiny|100/100|[from] Parting Shot
|move|p2b: Charizard|Solar Beam||[still]
|-prepare|p2b: Charizard|Solar Beam
|-anim|p2b: Charizard|Solar Beam|p1b: Basculegion
|-supereffective|p1b: Basculegion|1
|-damage|p1b: Basculegion|0 fnt
|faint|p1b: Basculegion
|move|p1a: Floette|Draining Kiss|p2a: Sneasler
|-damage|p2a: Sneasler|38/100
|-heal|p1a: Floette|93/100|[from] drain|[of] p2a: Sneasler
|
|-weather|none
|upkeep
|turn|6
|
|t:|1783912616
|move|p2a: Sneasler|Fake Out|p1a: Floette
|-damage|p1a: Floette|72/100
|move|p2b: Charizard|Heat Wave|p1a: Floette
|-damage|p1a: Floette|43/100
|cant|p1a: Floette|flinch
|
|upkeep
|turn|7
|
|t:|1783912622
|move|p2a: Sneasler|Dire Claw|p1a: Floette
|-supereffective|p1a: Floette|1
|-damage|p1a: Floette|0 fnt
|faint|p1a: Floette
|
|win|Someoneofficial
|c|☆burgertime7904|gg
|c|☆Someoneofficial|Gg
