|j|☆ronjohn
|j|☆K1rbyChaos
|html|ronjohnK1rbyChaos    
|uhtml|bestof|Game 1 of a best-of-3
|t:|1757816671
|gametype|doubles
|player|p1|ronjohn|102|1174
|player|p2|K1rbyChaos|n|1169
|gen|9
|tier|[Gen 9] VGC 2025 Reg H (Bo3)
|rated|
|rule|Species Clause: Limit one of each Pokémon
|rule|Item Clause: Limit 1 of each item
|clearpoke
|poke|p1|Dragonite, L50, F|
|poke|p1|Incineroar, L50, M|
|poke|p1|Gholdengo, L50|
|poke|p1|Ursaluna-Bloodmoon, L50, M|
|poke|p1|Rillaboom, L50, F|
|poke|p1|Ninetales-Alola, L50, M|
|poke|p2|Tauros-Paldea-Blaze, L50, M|
|poke|p2|Rillaboom, L50, M|
|poke|p2|Weavile, L50, M|
|poke|p2|Gastrodon, L50, F|
|poke|p2|Indeedee, L50, M|
|poke|p2|Sneasler, L50, F|
|teampreview|4
|showteam|p1|Dragonite||LoadedDice|Multiscale|ScaleShot,Tailwind,Protect,Haze|||F|||50|,,,,,Fairy]Incineroar||SafetyGoggles|Intimidate|FlareBlitz,KnockOff,FakeOut,PartingShot|||M|||50|,,,,,Ghost]Gholdengo||LifeOrb|GoodasGold|MakeItRain,ShadowBall,Protect,NastyPlot||||||50|,,,,,Water]Ursaluna-Bloodmoon||AssaultVest|MindsEye|BloodMoon,EarthPower,HyperVoice,VacuumWave|||M|||50|,,,,,Water]Rillaboom||MiracleSeed|GrassySurge|FakeOut,HighHorsepower,WoodHammer,GrassyGlide|||F|||50|,,,,,Fire]Ninetales-Alola||FocusSash|SnowWarning|IcyWind,Blizzard,Encore,Protect|||M|||50|,,,,,Ghost
|showteam|p2|Tauros-Paldea-Blaze||GrassySeed|Intimidate|BodyPress,BulkUp,Protect,FlareBlitz|||M|||50|,,,,,Steel]Rillaboom||AssaultVest|GrassySurge|Uturn,WoodHammer,FakeOut,GrassyGlide|||M|||50|,,,,,Poison]Weavile||FocusSash|Pickpocket|TripleAxel,Protect,Snarl,KnockOff|||M|||50|,,,,,Ghost]Gastrodon||Leftovers|StormDrain|EarthPower,HelpingHand,MuddyWater,Protect|||F|||50|,,,,,Fire]Indeedee||ChoiceScarf|PsychicSurge|TeraBlast,ExpandingForce,HyperVoice,Trick|||M|||50|,,,,,Fairy]Sneasler||PsychicSeed|Unburden|DireClaw,CloseCombat,ThroatChop,Protect|||F|||50|,,,,,Dark
|inactive|Battle timer is ON: inactive players will automatically lose when time's up. (requested by K1rbyChaos)
|inactive|ronjohn has 60 seconds left.
|inactive|K1rbyChaos has 60 seconds left.
|
|t:|1757816715
|teamsize|p1|4
|teamsize|p2|4
|start
|switch|p1a: Dragonite|Dragonite, L50, F|100/100
|switch|p1b: Incineroar|Incineroar, L50, M|100/100
|switch|p2a: Tauros|Tauros-Paldea-Blaze, L50, M|100/100
|switch|p2b: Gastrodon|Gastrodon, L50, F|100/100
|-ability|p2a: Tauros|Intimidate|boost
|-unboost|p1a: Dragonite|atk|1
|-unboost|p1b: Incineroar|atk|1
|-ability|p1b: Incineroar|Intimidate|boost
|-unboost|p2a: Tauros|atk|1
|-unboost|p2b: Gastrodon|atk|1
|turn|1
|inactive|ronjohn has 30 seconds left.
|
|t:|1757816743
|move|p1a: Dragonite|Tailwind|p1a: Dragonite
|-sidestart|p1: ronjohn|move: Tailwind
|move|p1b: Incineroar|Parting Shot|p2a: Tauros
|-unboost|p2a: Tauros|atk|1
|-unboost|p2a: Tauros|spa|1
|
|t:|1757816754
|switch|p1b: Gholdengo|Gholdengo, L50|100/100|[from] Parting Shot
|move|p2a: Tauros|Body Press|p1b: Gholdengo
|-immune|p1b: Gholdengo
|move|p2b: Gastrodon|Muddy Water|p1b: Gholdengo|[spread] p1a
|-miss|p2b: Gastrodon|p1b: Gholdengo
|-resisted|p1a: Dragonite
|-damage|p1a: Dragonite|94/100
|
|upkeep
|turn|2
|inactive|ronjohn has 30 seconds left.
|
|t:|1757816784
|switch|p1a: Incineroar|Incineroar, L50, M|100/100
|-ability|p1a: Incineroar|Intimidate|boost
|-unboost|p2a: Tauros|atk|1
|-unboost|p2b: Gastrodon|atk|1
|-terastallize|p1b: Gholdengo|Water
|move|p1b: Gholdengo|Nasty Plot|p1b: Gholdengo
|-boost|p1b: Gholdengo|spa|2
|move|p2a: Tauros|Flare Blitz|p1b: Gholdengo
|-resisted|p1b: Gholdengo
|-damage|p1b: Gholdengo|92/100
|-damage|p2a: Tauros|98/100|[from] Recoil
|move|p2b: Gastrodon|Earth Power|p1b: Gholdengo
|-damage|p1b: Gholdengo|59/100
|
|upkeep
|turn|3
|inactive|ronjohn has 30 seconds left.
|
|t:|1757816810
|move|p1a: Incineroar|Fake Out|p2b: Gastrodon
|-damage|p2b: Gastrodon|88/100
|move|p1b: Gholdengo|Make It Rain|p2a: Tauros|[spread] p2a,p2b
|-resisted|p2a: Tauros
|-resisted|p2b: Gastrodon
|-damage|p2a: Tauros|19/100
|-damage|p2b: Gastrodon|37/100
|-unboost|p1b: Gholdengo|spa|1
|-damage|p1b: Gholdengo|49/100|[from] item: Life Orb
|move|p2a: Tauros|Body Press|p1b: Gholdengo
|-damage|p1b: Gholdengo|10/100
|cant|p2b: Gastrodon|flinch
|
|-heal|p2b: Gastrodon|43/100|[from] item: Leftovers
|upkeep
|turn|4
|
|t:|1757816832
|move|p2a: Tauros|Protect|p2a: Tauros
|-singleturn|p2a: Tauros|Protect
|move|p1b: Gholdengo|Make It Rain|p2b: Gastrodon|[spread] p2b
|-activate|p2a: Tauros|move: Protect
|-resisted|p2b: Gastrodon
|-damage|p2b: Gastrodon|1/100
|-unboost|p1b: Gholdengo|spa|1
|-damage|p1b: Gholdengo|0 fnt|[from] item: Life Orb
|faint|p1b: Gholdengo
|move|p1a: Incineroar|Parting Shot|p2b: Gastrodon
|-unboost|p2b: Gastrodon|atk|1
|-unboost|p2b: Gastrodon|spa|1
|
|t:|1757816857
|switch|p1a: Dragonite|Dragonite, L50, F|94/100|[from] Parting Shot
|move|p2b: Gastrodon|Muddy Water|p1a: Dragonite
|-resisted|p1a: Dragonite
|-damage|p1a: Dragonite|83/100
|
|-heal|p2b: Gastrodon|8/100|[from] item: Leftovers
|-sideend|p1: ronjohn|move: Tailwind
|upkeep
|
|t:|1757816868
|switch|p1b: Incineroar|Incineroar, L50, M|100/100
|-ability|p1b: Incineroar|Intimidate|boost
|-unboost|p2a: Tauros|atk|1
|-unboost|p2b: Gastrodon|atk|1
|turn|5
|
|t:|1757816892
|move|p1a: Dragonite|Scale Shot|p2a: Tauros
|-damage|p2a: Tauros|7/100
|-damage|p2a: Tauros|0 fnt
|faint|p2a: Tauros
|-hitcount|p2: Tauros|2
|-unboost|p1a: Dragonite|def|1
|-boost|p1a: Dragonite|spe|1
|move|p1b: Incineroar|Knock Off|p2b: Gastrodon
|-damage|p2b: Gastrodon|0 fnt
|-enditem|p2b: Gastrodon|Leftovers|[from] move: Knock Off|[of] p1b: Incineroar
|faint|p2b: Gastrodon
|
|upkeep
|
|t:|1757816896
|switch|p2a: double terrain|Indeedee, L50, M|100/100
|switch|p2b: Chien-pao Jr.|Weavile, L50, M|100/100
|-fieldstart|move: Psychic Terrain|[from] ability: Psychic Surge|[of] p2a: double terrain
|turn|6
|inactive|ronjohn has 30 seconds left.
|inactive|ronjohn has 20 seconds left.
|inactive|ronjohn has 15 seconds left.
|inactive|ronjohn has 10 seconds left.
|
|t:|1757816942
|-terastallize|p2a: double terrain|Fairy
|move|p2a: double terrain|Tera Blast|p1b: Incineroar|[anim] Tera Blast Fairy
|-damage|p1b: Incineroar|67/100
|move|p1a: Dragonite|Tailwind|p1a: Dragonite
|-sidestart|p1: ronjohn|move: Tailwind
|move|p2b: Chien-pao Jr.|Triple Axel|p1a: Dragonite
|-supereffective|p1a: Dragonite
|-damage|p1a: Dragonite|18/100
|-supereffective|p1a: Dragonite
|-damage|p1a: Dragonite|0 fnt
|faint|p1a: Dragonite
|-hitcount|p1: Dragonite|2
|move|p1b: Incineroar|Flare Blitz|p2a: double terrain
|-damage|p2a: double terrain|0 fnt
|faint|p2a: double terrain
|-damage|p1b: Incineroar|45/100|[from] Recoil
|
|upkeep
|-message|K1rbyChaos forfeited.
|
|win|ronjohn
|l|☆K1rbyChaos
|player|p2|
||K1rbyChaos is ready for game 2.
||ronjohn is ready for game 2.
|uhtml|next|Next: Game 2 of 3
