|j|☆gianfrixiz
|j|☆spellbreakvgc
|html|gianfrixizspellbreakvgc    
|uhtml|bestof|Game 2 of a best-of-3
|t:|1756993981
|gametype|doubles
|player|p1|gianfrixiz|102|1057
|player|p2|spellbreakvgc|lance|1138
|gen|9
|tier|[Gen 9] VGC 2025 Reg H (Bo3)
|rated|
|rule|Species Clause: Limit one of each Pokémon
|rule|Item Clause: Limit 1 of each item
|clearpoke
|poke|p1|Kingambit, L50, F|
|poke|p1|Rillaboom, L50, F|
|poke|p1|Electabuzz, L50, M|
|poke|p1|Dragapult, L50, M|
|poke|p1|Volcarona, L50, M|
|poke|p1|Tauros-Paldea-Aqua, L50, M|
|poke|p2|Baxcalibur, L50, F|
|poke|p2|Kingambit, L50, M|
|poke|p2|Volcarona, L50, M|
|poke|p2|Dondozo, L50, M|
|poke|p2|Sneasler, L50, F|
|poke|p2|Rillaboom, L50, M|
|teampreview|4
|showteam|p1|Kingambit||BlackGlasses|Defiant|Protect,KowtowCleave,SuckerPunch,SwordsDance|||F|||50|,,,,,Dark]Rillaboom||AssaultVest|GrassySurge|WoodHammer,GrassyGlide,Uturn,FakeOut|||F|||50|,,,,,Fire]Electabuzz||Eviolite|VitalSpirit|Protect,Thunderbolt,HelpingHand,FollowMe|||M|||50|,,,,,Ghost]Dragapult||ChoiceSpecs|ClearBody|DracoMeteor,ShadowBall,FireBlast,Uturn|||M|||50|,,,,,Ghost]Volcarona||CovertCloak|FlameBody|Tailwind,HeatWave,GigaDrain,QuiverDance|||M|||50|,,,,,Dragon]Tauros-Paldea-Aqua||MirrorHerb|Intimidate|Protect,WaveCrash,CloseCombat,AquaJet|||M|||50|,,,,,Water
|showteam|p2|Baxcalibur||LoadedDice|ThermalExchange|Protect,IcicleSpear,ScaleShot,IceShard|||F|||50|,,,,,Ghost]Kingambit||SafetyGoggles|Defiant|Protect,KowtowCleave,SuckerPunch,SwordsDance|||M|||50|,,,,,Ghost]Volcarona||CovertCloak|FlameBody|HeatWave,TeraBlast,QuiverDance,RagePowder|||M|||50|,,,,,Fairy]Dondozo||Leftovers|Unaware|Protect,Liquidation,Yawn,Fissure|||M|||50|,,,,,Poison]Sneasler||FocusSash|Unburden|Protect,CloseCombat,DireClaw,Coaching|||F|||50|,,,,,Stellar]Rillaboom||AssaultVest|GrassySurge|WoodHammer,GrassyGlide,FakeOut,HighHorsepower|||M|||50|,,,,,Water
|inactive|Battle timer is ON: inactive players will automatically lose when time's up. (requested by spellbreakvgc)
|inactive|spellbreakvgc has 60 seconds left.
|
|t:|1756994029
|teamsize|p1|4
|teamsize|p2|4
|start
|switch|p1a: Heimlich|Volcarona, L50, M, shiny|100/100
|switch|p1b: Bull CRIT!!|Tauros-Paldea-Aqua, L50, M|100/100
|switch|p2a: Volcarona|Volcarona, L50, M|100/100
|switch|p2b: Dondozo|Dondozo, L50, M|100/100
|-ability|p1b: Bull CRIT!!|Intimidate|boost
|-unboost|p2a: Volcarona|atk|1
|-unboost|p2b: Dondozo|atk|1
|turn|1
|
|t:|1756994053
|-terastallize|p2a: Volcarona|Fairy
|move|p1b: Bull CRIT!!|Wave Crash|p2a: Volcarona
|-damage|p2a: Volcarona|34/100
|-damage|p1b: Bull CRIT!!|75/100|[from] Recoil
|move|p1a: Heimlich|Giga Drain|p2b: Dondozo
|-supereffective|p2b: Dondozo
|-damage|p2b: Dondozo|64/100
|move|p2a: Volcarona|Quiver Dance|p2a: Volcarona
|-boost|p2a: Volcarona|spa|1
|-boost|p2a: Volcarona|spd|1
|-boost|p2a: Volcarona|spe|1
|-enditem|p1b: Bull CRIT!!|Mirror Herb
|-boost|p1b: Bull CRIT!!|spa|1|[from] item: Mirror Herb
|-boost|p1b: Bull CRIT!!|spd|1|[from] item: Mirror Herb
|-boost|p1b: Bull CRIT!!|spe|1|[from] item: Mirror Herb
|move|p2b: Dondozo|Yawn|p1a: Heimlich
|-start|p1a: Heimlich|move: Yawn|[of] p2b: Dondozo
|
|-heal|p2b: Dondozo|70/100|[from] item: Leftovers
|upkeep
|turn|2
|inactive|spellbreakvgc has 30 seconds left.
|
|t:|1756994088
|switch|p2a: Rillaboom|Rillaboom, L50, M|100/100
|-fieldstart|move: Grassy Terrain|[from] ability: Grassy Surge|[of] p2a: Rillaboom
|move|p1b: Bull CRIT!!|Wave Crash|p2a: Rillaboom
|-resisted|p2a: Rillaboom
|-crit|p2a: Rillaboom
|-damage|p2a: Rillaboom|56/100
|-damage|p1b: Bull CRIT!!|57/100|[from] Recoil
|move|p1a: Heimlich|Giga Drain|p2b: Dondozo
|-supereffective|p2b: Dondozo
|-damage|p2b: Dondozo|25/100
|move|p2b: Dondozo|Yawn|p1b: Bull CRIT!!
|-start|p1b: Bull CRIT!!|move: Yawn|[of] p2b: Dondozo
|
|-heal|p1b: Bull CRIT!!|63/100|[from] Grassy Terrain
|-heal|p2a: Rillaboom|62/100|[from] Grassy Terrain
|-heal|p2b: Dondozo|32/100|[from] Grassy Terrain
|-heal|p2b: Dondozo|38/100|[from] item: Leftovers
|-end|p1a: Heimlich|move: Yawn|[silent]
|-status|p1a: Heimlich|slp
|upkeep
|turn|3
|inactive|gianfrixiz has 30 seconds left.
|inactive|gianfrixiz has 20 seconds left.
|inactive|gianfrixiz has 15 seconds left.
|inactive|gianfrixiz has 10 seconds left.
|
|t:|1756994135
|switch|p1b: Litofsky|Electabuzz, L50, M, shiny|100/100
|move|p2b: Dondozo|Protect|p2b: Dondozo
|-singleturn|p2b: Dondozo|Protect
|cant|p1a: Heimlich|slp
|move|p2a: Rillaboom|Wood Hammer|p1b: Litofsky
|-damage|p1b: Litofsky|46/100
|-damage|p2a: Rillaboom|47/100|[from] Recoil
|
|-heal|p1b: Litofsky|52/100|[from] Grassy Terrain
|-heal|p2a: Rillaboom|53/100|[from] Grassy Terrain
|-heal|p2b: Dondozo|44/100|[from] Grassy Terrain
|-heal|p2b: Dondozo|50/100|[from] item: Leftovers
|upkeep
|turn|4
|inactive|spellbreakvgc has 30 seconds left.
|
|t:|1756994161
|switch|p2a: Volcarona|Volcarona, L50, M, tera:Fairy|34/100
|move|p1b: Litofsky|Helping Hand|p1a: Heimlich
|-singleturn|p1a: Heimlich|Helping Hand|[of] p1b: Litofsky
|cant|p1a: Heimlich|slp
|move|p2b: Dondozo|Fissure|p1a: Heimlich|[miss]
|-miss|p2b: Dondozo|p1a: Heimlich
|
|-heal|p2a: Volcarona|41/100|[from] Grassy Terrain
|-heal|p1b: Litofsky|58/100|[from] Grassy Terrain
|-heal|p2b: Dondozo|57/100|[from] Grassy Terrain
|-heal|p2b: Dondozo|63/100|[from] item: Leftovers
|upkeep
|turn|5
|
|t:|1756994184
|switch|p2b: Rillaboom|Rillaboom, L50, M|53/100
|cant|p1a: Heimlich|slp
|move|p2a: Volcarona|Quiver Dance|p2a: Volcarona
|-boost|p2a: Volcarona|spa|1
|-boost|p2a: Volcarona|spd|1
|-boost|p2a: Volcarona|spe|1
|move|p1b: Litofsky|Thunderbolt|p2b: Rillaboom
|-resisted|p2b: Rillaboom
|-damage|p2b: Rillaboom|44/100
|
|-heal|p2a: Volcarona|47/100|[from] Grassy Terrain
|-heal|p1b: Litofsky|64/100|[from] Grassy Terrain
|-heal|p2b: Rillaboom|50/100|[from] Grassy Terrain
|upkeep
|turn|6
|
|t:|1756994206
|move|p1b: Litofsky|Helping Hand|p1a: Heimlich
|-singleturn|p1a: Heimlich|Helping Hand|[of] p1b: Litofsky
|move|p2b: Rillaboom|Fake Out|p1a: Heimlich
|-damage|p1a: Heimlich|83/100 slp
|-status|p2b: Rillaboom|brn|[from] ability: Flame Body|[of] p1a: Heimlich
|move|p2a: Volcarona|Quiver Dance|p2a: Volcarona
|-boost|p2a: Volcarona|spa|1
|-boost|p2a: Volcarona|spd|1
|-boost|p2a: Volcarona|spe|1
|-curestatus|p1a: Heimlich|slp|[msg]
|move|p1a: Heimlich|Heat Wave|p2a: Volcarona|[spread] p2a,p2b
|-supereffective|p2b: Rillaboom
|-damage|p2a: Volcarona|23/100
|-damage|p2b: Rillaboom|0 fnt
|faint|p2b: Rillaboom
|
|-heal|p2a: Volcarona|30/100|[from] Grassy Terrain
|-heal|p1a: Heimlich|90/100|[from] Grassy Terrain
|-heal|p1b: Litofsky|70/100|[from] Grassy Terrain
|-fieldend|move: Grassy Terrain
|upkeep
|
|t:|1756994230
|switch|p2b: Sneasler|Sneasler, L50, F|100/100
|turn|7
|
|t:|1756994254
|move|p1b: Litofsky|Helping Hand|p1a: Heimlich
|-singleturn|p1a: Heimlich|Helping Hand|[of] p1b: Litofsky
|move|p2a: Volcarona|Heat Wave|p1b: Litofsky|[spread] p1a,p1b
|-damage|p1a: Heimlich|30/100
|-damage|p1b: Litofsky|15/100
|move|p2b: Sneasler|Dire Claw|p1a: Heimlich
|-damage|p1a: Heimlich|0 fnt
|-status|p2b: Sneasler|brn|[from] ability: Flame Body|[of] p1a: Heimlich
|faint|p1a: Heimlich
|
|-damage|p2b: Sneasler|95/100 brn|[from] brn
|upkeep
|
|t:|1756994269
|switch|p1a: WrathofKhan|Kingambit, L50, F, shiny|100/100
|turn|8
|inactive|spellbreakvgc has 30 seconds left.
|
|t:|1756994301
|-terastallize|p1a: WrathofKhan|Dark
|move|p2a: Volcarona|Heat Wave|p1a: WrathofKhan|[spread] p1a,p1b
|-damage|p1a: WrathofKhan|35/100
|-damage|p1b: Litofsky|0 fnt
|faint|p1b: Litofsky
|move|p2b: Sneasler|Close Combat|p1a: WrathofKhan
|-supereffective|p1a: WrathofKhan
|-damage|p1a: WrathofKhan|0 fnt
|-unboost|p2b: Sneasler|def|1
|-unboost|p2b: Sneasler|spd|1
|faint|p1a: WrathofKhan
|
|-damage|p2b: Sneasler|89/100 brn|[from] brn
|upkeep
|
|t:|1756994318
|switch|p1b: Bull CRIT!!|Tauros-Paldea-Aqua, L50, M|63/100
|-ability|p1b: Bull CRIT!!|Intimidate|boost
|-unboost|p2a: Volcarona|atk|1
|-unboost|p2b: Sneasler|atk|1
|turn|9
|
|t:|1756994337
|move|p2a: Volcarona|Tera Blast|p1b: Bull CRIT!!|[anim] Tera Blast Fairy
|-supereffective|p1b: Bull CRIT!!
|-damage|p1b: Bull CRIT!!|0 fnt
|faint|p1b: Bull CRIT!!
|
|win|spellbreakvgc
