|j|☆hungry hillo
|j|☆khe7marak
|html|hungry hillokhe7marak    
|uhtml|bestof|Game 3 of a best-of-3
|t:|1757181601
|gametype|doubles
|player|p1|hungry hillo|n|
|player|p2|khe7marak|gardenia|
|gen|9
|tier|[Gen 9] VGC 2025 Reg H (Bo3)
|rule|Species Clause: Limit one of each Pokémon
|rule|Item Clause: Limit 1 of each item
|clearpoke
|poke|p1|Kingambit, L50, M|
|poke|p1|Electabuzz, L50, M|
|poke|p1|Ursaluna-Bloodmoon, L50, M|
|poke|p1|Incineroar, L50, F|
|poke|p1|Whimsicott, L50, F|
|poke|p1|Annihilape, L50, M|
|poke|p2|Kilowattrel, L50, M|
|poke|p2|Ursaluna, L50, F|
|poke|p2|Incineroar, L50, F|
|poke|p2|Porygon2, L50|
|poke|p2|Gholdengo, L50|
|poke|p2|Amoonguss, L50, M|
|teampreview|4
|showteam|p1|Kingambit||BlackGlasses|Defiant|SuckerPunch,KowtowCleave,SwordsDance,Protect|||M|||50|,,,,,Dark]Electabuzz||Eviolite|VitalSpirit|Thunderbolt,FollowMe,Taunt,HelpingHand|||M|||50|,,,,,Ghost]Ursaluna-Bloodmoon||LifeOrb|MindsEye|EarthPower,BloodMoon,HyperVoice,Protect|||M|||50|,,,,,Normal]Incineroar||AssaultVest|Intimidate|KnockOff,FlareBlitz,Uturn,FakeOut|||F|||50|,,,,,Bug]Whimsicott||CovertCloak|Prankster|Tailwind,BeatUp,Moonblast,Encore|||F|||50|,,,,,Dragon]Annihilape||SafetyGoggles|Defiant|RageFist,DrainPunch,BulkUp,Protect|||M|||50|,,,,,Fire
|showteam|p2|Kilowattrel||FocusSash|Competitive|Thunderbolt,AirSlash,Tailwind,Protect|||M|||50|,,,,,Ghost]Ursaluna||FlameOrb|Guts|Protect,Facade,HeadlongRush,Earthquake|||F|||50|,,,,,Ghost]Incineroar||SafetyGoggles|Intimidate|KnockOff,FlareBlitz,PartingShot,FakeOut|||F|||50|,,,,,Water]Porygon2||Eviolite|Download|TeraBlast,IceBeam,TrickRoom,Recover||||||50|,,,,,Fighting]Gholdengo||LifeOrb|GoodasGold|MakeItRain,ShadowBall,NastyPlot,Protect||||||50|,,,,,Water]Amoonguss||SitrusBerry|Regenerator|Spore,PollenPuff,RagePowder,Protect|||M|||50|,,,,,Water
|inactive|Battle timer is ON: inactive players will automatically lose when time's up. (requested by khe7marak)
|j| Okknd
|c| Okknd|For your info grape Riggs games
|c|☆khe7marak|makes sense
|inactive|hungry hillo has 60 seconds left.
|inactive|khe7marak has 60 seconds left.
|c| Okknd|He got a ice beam freeze twice
|
|t:|1757181659
|teamsize|p1|4
|teamsize|p2|4
|start
|switch|p1a: Whimsicott|Whimsicott, L50, F|100/100
|switch|p1b: lion|Ursaluna-Bloodmoon, L50, M|100/100
|switch|p2a: Porygon2|Porygon2, L50, shiny|100/100
|switch|p2b: Kilowattrel|Kilowattrel, L50, M|100/100
|-ability|p2a: Porygon2|Download|boost
|-boost|p2a: Porygon2|spa|1
|turn|1
|c| Okknd|Do not add a extra K 😭
|inactive|khe7marak has 30 seconds left.
|inactive|hungry hillo has 30 seconds left.
|
|t:|1757181693
|move|p1b: lion|Protect|p1b: lion
|-singleturn|p1b: lion|Protect
|move|p2b: Kilowattrel|Air Slash|p1b: lion
|-activate|p1b: lion|move: Protect
|move|p1a: Whimsicott|Moonblast|p2a: Porygon2
|-damage|p2a: Porygon2|83/100
|-unboost|p2a: Porygon2|spa|1
|move|p2a: Porygon2|Ice Beam|p1a: Whimsicott
|-supereffective|p1a: Whimsicott
|-damage|p1a: Whimsicott|36/100
|
|upkeep
|turn|2
|inactive|khe7marak has 30 seconds left.
|inactive|khe7marak has 20 seconds left.
|inactive|khe7marak has 15 seconds left.
|
|t:|1757181736
|-terastallize|p1b: lion|Normal
|move|p1a: Whimsicott|Tailwind|p1a: Whimsicott
|-sidestart|p1: hungry hillo|move: Tailwind
|move|p1b: lion|Blood Moon|p2a: Porygon2
|-damage|p2a: Porygon2|4/100
|-damage|p1b: lion|91/100|[from] item: Life Orb
|move|p2b: Kilowattrel|Tailwind|p2b: Kilowattrel
|-sidestart|p2: khe7marak|move: Tailwind
|move|p2a: Porygon2|Ice Beam|p1a: Whimsicott
|-supereffective|p1a: Whimsicott
|-damage|p1a: Whimsicott|0 fnt
|faint|p1a: Whimsicott
|
|upkeep
|
|t:|1757181751
|switch|p1a: Shang chi|Kingambit, L50, M, shiny|100/100
|turn|3
|
|t:|1757181765
|switch|p2a: Ursaluna|Ursaluna, L50, F|100/100
|move|p2b: Kilowattrel|Thunderbolt|p1a: Shang chi
|-damage|p1a: Shang chi|61/100
|move|p1b: lion|Hyper Voice|p2b: Kilowattrel|[spread] p2a,p2b
|-damage|p2a: Ursaluna|42/100
|-enditem|p2b: Kilowattrel|Focus Sash
|-damage|p2b: Kilowattrel|1/100
|-damage|p1b: lion|81/100|[from] item: Life Orb
|move|p1a: Shang chi|Swords Dance|p1a: Shang chi
|-boost|p1a: Shang chi|atk|2
|
|-status|p2a: Ursaluna|brn|[from] item: Flame Orb
|upkeep
|turn|4
|inactive|khe7marak has 30 seconds left.
|
|t:|1757181796
|move|p2a: Ursaluna|Protect|p2a: Ursaluna
|-singleturn|p2a: Ursaluna|Protect
|move|p1a: Shang chi|Sucker Punch||[still]
|-fail|p1a: Shang chi
|move|p2b: Kilowattrel|Air Slash|p1b: lion
|-damage|p1b: lion|40/100
|move|p1b: lion|Hyper Voice|p2a: Ursaluna|[spread] p2b
|-activate|p2a: Ursaluna|move: Protect
|-damage|p2b: Kilowattrel|0 fnt
|faint|p2b: Kilowattrel
|-damage|p1b: lion|31/100|[from] item: Life Orb
|
|-damage|p2a: Ursaluna|36/100 brn|[from] brn
|upkeep
|inactive|khe7marak has 30 seconds left.
|inactive|khe7marak has 20 seconds left.
|inactive|khe7marak has 15 seconds left.
|c| Okknd|I searched the name
|
|t:|1757181841
|switch|p2b: Gholdengo|Gholdengo, L50|100/100
|turn|5
|inactive|khe7marak has 30 seconds left.
|
|t:|1757181873
|move|p2a: Ursaluna|Protect||[still]
|-fail|p2a: Ursaluna
|move|p1a: Shang chi|Sucker Punch|p2b: Gholdengo
|-supereffective|p2b: Gholdengo
|-damage|p2b: Gholdengo|0 fnt
|faint|p2b: Gholdengo
|move|p1b: lion|Hyper Voice|p2a: Ursaluna
|-damage|p2a: Ursaluna|0 fnt
|faint|p2a: Ursaluna
|-damage|p1b: lion|21/100|[from] item: Life Orb
|
|-sideend|p2: khe7marak|move: Tailwind
|-sideend|p1: hungry hillo|move: Tailwind
|upkeep
|
|t:|1757181880
|switch|p2b: Porygon2|Porygon2, L50, shiny|4/100
|-ability|p2b: Porygon2|Download|boost
|-boost|p2b: Porygon2|spa|1
|turn|6
|
|t:|1757181887
|-terastallize|p2b: Porygon2|Fighting
|move|p1a: Shang chi|Sucker Punch|p2b: Porygon2
|-resisted|p2b: Porygon2
|-damage|p2b: Porygon2|0 fnt
|faint|p2b: Porygon2
|
|win|hungry hillo
