|j|☆imonx6pace!
|j|☆blackstormgames
|html|imonx6pace!blackstormgames    
|uhtml|bestof|Game 1 of a best-of-3
|t:|1783045837
|gametype|doubles
|player|p1|imonx6pace!|rocketgrunt|1203
|player|p2|blackstormgames|lance|1319
|gen|9
|tier|[Gen 9 Champions] VGC 2026 Reg M-B (Bo3)
|rated|
|rule|Species Clause: Limit one of each Pokémon
|rule|Item Clause: Limit 1 of each item
|clearpoke
|poke|p1|Floette-Eternal, L50, F|
|poke|p1|Sinistcha, L50|
|poke|p1|Sneasler, L50, M|
|poke|p1|Basculegion, L50, M|
|poke|p1|Kingambit, L50, M|
|poke|p1|Talonflame, L50, M|
|poke|p2|Metagross, L50|
|poke|p2|Sneasler, L50, M|
|poke|p2|Whimsicott, L50, F|
|poke|p2|Garchomp, L50, F|
|poke|p2|Milotic, L50, M|
|poke|p2|Charizard, L50, M|
|teampreview|4
|showteam|p1|Floette-Eternal||Floettite|FlowerVeil|CalmMind,Moonblast,DazzlingGleam,Protect|Bold||F|||50|]Sinistcha||SitrusBerry|Hospitality|MatchaGotcha,RagePowder,LifeDew,TrickRoom|Calm|||||50|]Sneasler||WhiteHerb|Unburden|FakeOut,GunkShot,CloseCombat,Protect|Jolly||M|||50|]Basculegion||ChoiceScarf|Adaptability|FlipTurn,WaveCrash,AquaJet,LastRespects|Jolly||M|||50|]Kingambit||ChopleBerry|Defiant|KowtowCleave,SuckerPunch,IronHead,Protect|Adamant||M|||50|]Talonflame||FocusSash|GaleWings|Protect,Tailwind,DualWingbeat,FlareBlitz|Jolly||M|||50|
|showteam|p2|Metagross||Metagrossite|ClearBody|IronHead,PsychicFangs,BodyPress,Protect|Jolly|||||50|]Sneasler||FocusSash|PoisonTouch|FakeOut,GunkShot,CloseCombat,Coaching|Jolly||M|||50|]Whimsicott||OccaBerry|Prankster|Moonblast,Tailwind,Encore,Protect|Bold||F|||50|]Garchomp||LifeOrb|SandVeil|Earthquake,DragonClaw,RockSlide,Protect|Jolly||F|||50|]Milotic||Leftovers|Competitive|MuddyWater,Coil,Recover,Hypnosis|Bold||M|||50|]Charizard||CharizarditeY|Blaze|HeatWave,SolarBeam,Overheat,Protect|Modest||M|||50|
|
|t:|1783045867
|teamsize|p1|4
|teamsize|p2|4
|start
|switch|p1a: Sinistcha|Sinistcha, L50|100/100
|switch|p1b: Floette|Floette-Eternal, L50, F|100/100
|switch|p2a: Metagross|Metagross, L50|100/100
|switch|p2b: Sneasler|Sneasler, L50, M|100/100
|turn|1
|inactive|Battle timer is ON: inactive players will automatically lose when time's up. (requested by imonx6pace!)
|
|t:|1783045886
|detailschange|p2a: Metagross|Metagross-Mega, L50
|-mega|p2a: Metagross|Metagross|Metagrossite
|detailschange|p1b: Floette|Floette-Mega, L50, F
|-mega|p1b: Floette|Floette|Floettite
|-ability|p1b: Floette|Fairy Aura
|move|p2b: Sneasler|Fake Out|p1b: Floette
|-damage|p1b: Floette|87/100
|-status|p1b: Floette|psn|[from] ability: Poison Touch|[of] p2b: Sneasler
|move|p2a: Metagross|Psychic Fangs|p1a: Sinistcha
|-damage|p1a: Sinistcha|43/100
|-enditem|p1a: Sinistcha|Sitrus Berry|[eat]
|-heal|p1a: Sinistcha|68/100|[from] item: Sitrus Berry
|cant|p1b: Floette|flinch
|move|p1a: Sinistcha|Trick Room|p1a: Sinistcha
|-fieldstart|move: Trick Room|[of] p1a: Sinistcha
|
|-damage|p1b: Floette|75/100 psn|[from] psn
|upkeep
|turn|2
|
|t:|1783045908
|move|p1a: Sinistcha|Matcha Gotcha|p2a: Metagross|[spread] p2a,p2b
|-resisted|p2a: Metagross|1
|-crit|p2a: Metagross
|-resisted|p2b: Sneasler|1
|-damage|p2a: Metagross|79/100
|-heal|p1a: Sinistcha|77/100|[from] drain|[of] p2a: Metagross
|-damage|p2b: Sneasler|82/100
|-heal|p1a: Sinistcha|85/100|[from] drain|[of] p2b: Sneasler
|move|p1b: Floette|Dazzling Gleam|p2a: Metagross|[spread] p2a,p2b
|-resisted|p2a: Metagross|1
|-damage|p2a: Metagross|58/100
|-damage|p2b: Sneasler|29/100
|move|p2a: Metagross|Psychic Fangs|p1b: Floette
|-damage|p1b: Floette|30/100 psn
|move|p2b: Sneasler|Gunk Shot|p1b: Floette
|-supereffective|p1b: Floette|1
|-damage|p1b: Floette|0 fnt
|faint|p1b: Floette
|
|upkeep
|
|t:|1783045919
|switch|p1b: Kingambit|Kingambit, L50, M|100/100
|turn|3
|
|t:|1783045933
|move|p2a: Metagross|Protect|p2a: Metagross
|-singleturn|p2a: Metagross|Protect
|move|p1b: Kingambit|Kowtow Cleave|p2b: Sneasler
|-resisted|p2b: Sneasler|1
|-crit|p2b: Sneasler
|-damage|p2b: Sneasler|0 fnt
|faint|p2b: Sneasler
|move|p1a: Sinistcha|Matcha Gotcha|p2a: Metagross
|-activate|p2a: Metagross|move: Protect
|
|upkeep
|
|t:|1783045944
|switch|p2b: Garchomp|Garchomp, L50, F|100/100
|turn|4
|
|t:|1783045951
|switch|p2a: Whimsicott|Whimsicott, L50, F|100/100
|move|p2b: Garchomp|Protect|p2b: Garchomp
|-singleturn|p2b: Garchomp|Protect
|move|p1b: Kingambit|Kowtow Cleave|p2b: Garchomp
|-activate|p2b: Garchomp|move: Protect
|move|p1a: Sinistcha|Matcha Gotcha|p2a: Whimsicott|[spread] p2a
|-activate|p2b: Garchomp|move: Protect
|-resisted|p2a: Whimsicott|1
|-damage|p2a: Whimsicott|85/100
|-heal|p1a: Sinistcha|92/100|[from] drain|[of] p2a: Whimsicott
|-status|p2a: Whimsicott|brn
|
|-damage|p2a: Whimsicott|79/100 brn|[from] brn
|upkeep
|turn|5
|
|t:|1783045972
|move|p1b: Kingambit|Iron Head|p2a: Whimsicott
|-supereffective|p2a: Whimsicott|1
|-damage|p2a: Whimsicott|0 fnt
|faint|p2a: Whimsicott
|move|p1a: Sinistcha|Matcha Gotcha|p2b: Garchomp
|-damage|p2b: Garchomp|61/100
|-heal|p1a: Sinistcha|100/100|[from] drain|[of] p2b: Garchomp
|move|p2b: Garchomp|Earthquake|p1a: Sinistcha|[spread] p1a,p1b
|-resisted|p1a: Sinistcha|1
|-supereffective|p1b: Kingambit|1
|-damage|p1a: Sinistcha|75/100
|-damage|p1b: Kingambit|18/100
|-damage|p2b: Garchomp|51/100|[from] item: Life Orb
|
|-fieldend|move: Trick Room
|upkeep
|
|t:|1783045985
|switch|p2a: Metagross|Metagross-Mega, L50|58/100
|turn|6
|
|t:|1783045997
|move|p2a: Metagross|Protect|p2a: Metagross
|-singleturn|p2a: Metagross|Protect
|move|p1b: Kingambit|Protect|p1b: Kingambit
|-singleturn|p1b: Kingambit|Protect
|move|p2b: Garchomp|Earthquake|p1a: Sinistcha|[spread] p1a
|-activate|p2a: Metagross|move: Protect
|-activate|p1b: Kingambit|move: Protect
|-resisted|p1a: Sinistcha|1
|-damage|p1a: Sinistcha|51/100
|-damage|p2b: Garchomp|41/100|[from] item: Life Orb
|move|p1a: Sinistcha|Matcha Gotcha|p2a: Metagross|[spread] p2b
|-activate|p2a: Metagross|move: Protect
|-crit|p2b: Garchomp
|-damage|p2b: Garchomp|0 fnt
|-heal|p1a: Sinistcha|73/100|[from] drain|[of] p2b: Garchomp
|faint|p2b: Garchomp
|
|upkeep
|turn|7
|-message|blackstormgames forfeited.
|
|win|imonx6pace!
|l|☆blackstormgames
|player|p2|
