|j|☆the doctor rock
|j|☆Z4RDEL
|html|the doctor rockZ4RDEL    
|uhtml|bestof|Game 2 of a best-of-3
|t:|1783034329
|gametype|doubles
|player|p1|the doctor rock|marlon|1054
|player|p2|Z4RDEL|miku-fire|1079
|gen|9
|tier|[Gen 9 Champions] VGC 2026 Reg M-B (Bo3)
|rated|
|rule|Species Clause: Limit one of each Pokémon
|rule|Item Clause: Limit 1 of each item
|clearpoke
|poke|p1|Malamar, L50, F|
|poke|p1|Sylveon, L50, F|
|poke|p1|Sneasler, L50, F|
|poke|p1|Grimmsnarl, L50, M|
|poke|p1|Sinistcha, L50|
|poke|p1|Glimmora, L50, F|
|poke|p2|Froslass, L50, F|
|poke|p2|Glimmora, L50, F|
|poke|p2|Sinistcha-Masterpiece, L50|
|poke|p2|Archaludon, L50, F|
|poke|p2|Incineroar, L50, F|
|poke|p2|Raichu, L50, F|
|teampreview|4
|showteam|p1|Malamar||Malamarite|Contrary|KnockOff,PsychoCut,Superpower,Protect|Adamant||F|||50|]Sylveon||FairyFeather|Pixilate|HyperVoice,QuickAttack,Yawn,Detect|Modest||F|||50|]Sneasler||WhiteHerb|Unburden|DireClaw,CloseCombat,FakeOut,Protect|Jolly||F|||50|]Grimmsnarl||RoseliBerry|Prankster|FoulPlay,FakeTears,ScaryFace,PartingShot|Bold||M|||50|]Sinistcha||SitrusBerry|Hospitality|MatchaGotcha,LifeDew,RagePowder,TrickRoom|Bold|||||50|]Glimmora||FocusSash|ToxicDebris|PowerGem,SludgeBomb,EarthPower,SpikyShield|Timid||F|||50|
|showteam|p2|Froslass||Froslassite|SnowCloak|AuroraVeil,Blizzard,ShadowBall,Protect|Modest||F|||50|]Glimmora||FocusSash|ToxicDebris|PowerGem,EarthPower,MortalSpin,StealthRock|Modest||F|||50|]Sinistcha-Masterpiece||SitrusBerry|Hospitality|MatchaGotcha,TrickRoom,RagePowder,LifeDew|Sassy|||||50|]Archaludon||Leftovers|Stamina|ElectroShot,FlashCannon,DracoMeteor,Protect|Bold||F|||50|]Incineroar||QuickClaw|Intimidate|PartingShot,FakeOut,FlareBlitz,DarkestLariat|Adamant||F|||50|]Raichu||RaichuniteY|LightningRod|FocusBlast,FakeOut,ZapCannon,Protect|Mild||F|||50|
|inactive|Battle timer is ON: inactive players will automatically lose when time's up. (requested by Z4RDEL)
|inactive|the doctor rock also wants the timer to be on.
|
|t:|1783034359
|teamsize|p1|4
|teamsize|p2|4
|start
|switch|p1a: Malamar|Malamar, L50, F|100/100
|switch|p1b: Grimmsnarl|Grimmsnarl, L50, M|100/100
|switch|p2a: Froslass|Froslass, L50, F|100/100
|switch|p2b: Archaludon|Archaludon, L50, F|100/100
|turn|1
|
|t:|1783034393
|switch|p2a: Glimmora|Glimmora, L50, F|100/100
|detailschange|p1a: Malamar|Malamar-Mega, L50, F
|-mega|p1a: Malamar|Malamar|Malamarite
|move|p1b: Grimmsnarl|Fake Tears|p1a: Malamar
|-boost|p1a: Malamar|spd|2
|move|p1a: Malamar|Superpower|p2b: Archaludon
|-supereffective|p2b: Archaludon|1
|-damage|p2b: Archaludon|57/100
|-boost|p1a: Malamar|atk|1
|-boost|p1a: Malamar|def|1
|-ability|p2b: Archaludon|Stamina|boost
|-boost|p2b: Archaludon|def|1
|move|p2b: Archaludon|Flash Cannon|p1b: Grimmsnarl
|-supereffective|p1b: Grimmsnarl|1
|-damage|p1b: Grimmsnarl|25/100
|
|-heal|p2b: Archaludon|63/100|[from] item: Leftovers
|upkeep
|turn|2
|
|t:|1783034417
|move|p1a: Malamar|Protect|p1a: Malamar
|-singleturn|p1a: Malamar|Protect
|move|p2a: Glimmora|Mortal Spin|p1b: Grimmsnarl|[spread] p1b
|-activate|p1a: Malamar|move: Protect
|-supereffective|p1b: Grimmsnarl|1
|-damage|p1b: Grimmsnarl|16/100
|-status|p1b: Grimmsnarl|psn
|move|p2b: Archaludon|Flash Cannon|p1b: Grimmsnarl
|-supereffective|p1b: Grimmsnarl|1
|-damage|p1b: Grimmsnarl|0 fnt
|faint|p1b: Grimmsnarl
|
|-heal|p2b: Archaludon|69/100|[from] item: Leftovers
|upkeep
|
|t:|1783034433
|switch|p1b: Sinistcha|Sinistcha, L50|100/100
|turn|3
|inactive|the doctor rock has 30 seconds left.
|
|t:|1783034466
|move|p2a: Glimmora|Mortal Spin|p1b: Sinistcha|[spread] p1a,p1b
|-damage|p1a: Malamar|96/100
|-damage|p1b: Sinistcha|96/100
|-status|p1a: Malamar|psn
|-status|p1b: Sinistcha|psn
|move|p1a: Malamar|Superpower|p2b: Archaludon
|-supereffective|p2b: Archaludon|1
|-damage|p2b: Archaludon|23/100
|-boost|p1a: Malamar|atk|1
|-boost|p1a: Malamar|def|1
|-ability|p2b: Archaludon|Stamina|boost
|-boost|p2b: Archaludon|def|1
|move|p2b: Archaludon|Flash Cannon|p1b: Sinistcha
|-damage|p1b: Sinistcha|64/100 psn
|-unboost|p1b: Sinistcha|spd|1
|move|p1b: Sinistcha|Trick Room|p1b: Sinistcha
|-fieldstart|move: Trick Room|[of] p1b: Sinistcha
|
|-heal|p2b: Archaludon|29/100|[from] item: Leftovers
|-damage|p1b: Sinistcha|51/100 psn|[from] psn
|-damage|p1a: Malamar|84/100 psn|[from] psn
|upkeep
|turn|4
|inactive|Z4RDEL has 30 seconds left.
|
|t:|1783034498
|switch|p2a: Sinistcha|Sinistcha-Masterpiece, L50|100/100
|-heal|p2b: Archaludon|54/100|[from] ability: Hospitality|[of] p2a: Sinistcha
|move|p2b: Archaludon|Protect|p2b: Archaludon
|-singleturn|p2b: Archaludon|Protect
|move|p1b: Sinistcha|Matcha Gotcha|p2a: Sinistcha|[spread] p2a
|-activate|p2b: Archaludon|move: Protect
|-resisted|p2a: Sinistcha|1
|-damage|p2a: Sinistcha|89/100
|-heal|p1b: Sinistcha|56/100 psn|[from] drain|[of] p2a: Sinistcha
|-status|p2a: Sinistcha|brn
|move|p1a: Malamar|Knock Off|p2a: Sinistcha
|-supereffective|p2a: Sinistcha|1
|-damage|p2a: Sinistcha|0 fnt
|-enditem|p2a: Sinistcha|Sitrus Berry|[from] move: Knock Off|[of] p1a: Malamar
|faint|p2a: Sinistcha
|
|-heal|p2b: Archaludon|60/100|[from] item: Leftovers
|-damage|p1b: Sinistcha|44/100 psn|[from] psn
|-damage|p1a: Malamar|72/100 psn|[from] psn
|upkeep
|-enditem|p1b: Sinistcha|Sitrus Berry|[eat]
|-heal|p1b: Sinistcha|69/100 psn|[from] item: Sitrus Berry
|
|t:|1783034522
|switch|p2a: Froslass|Froslass, L50, F|100/100
|turn|5
|
|t:|1783034547
|detailschange|p2a: Froslass|Froslass-Mega, L50, F
|-mega|p2a: Froslass|Froslass|Froslassite
|-weather|Snowscape|[from] ability: Snow Warning|[of] p2a: Froslass
|move|p1b: Sinistcha|Life Dew|p1b: Sinistcha|[spread] p1a,p1b
|-heal|p1a: Malamar|96/100 psn
|-heal|p1b: Sinistcha|94/100 psn
|move|p2b: Archaludon|Flash Cannon|p1b: Sinistcha
|-damage|p1b: Sinistcha|46/100 psn
|move|p1a: Malamar|Superpower|p2b: Archaludon
|-supereffective|p2b: Archaludon|1
|-damage|p2b: Archaludon|21/100
|-boost|p1a: Malamar|atk|1
|-boost|p1a: Malamar|def|1
|-ability|p2b: Archaludon|Stamina|boost
|-boost|p2b: Archaludon|def|1
|move|p2a: Froslass|Aurora Veil|p2a: Froslass
|-sidestart|p2: Z4RDEL|move: Aurora Veil
|
|-weather|Snowscape|[upkeep]
|-heal|p2b: Archaludon|27/100|[from] item: Leftovers
|-damage|p1b: Sinistcha|34/100 psn|[from] psn
|-damage|p1a: Malamar|84/100 psn|[from] psn
|upkeep
|turn|6
|inactive|Z4RDEL has 30 seconds left.
|inactive|Z4RDEL has 20 seconds left.
|inactive|the doctor rock has 30 seconds left.
|inactive|Z4RDEL has 15 seconds left.
|inactive|Z4RDEL has 10 seconds left.
|
|t:|1783034592
|move|p1b: Sinistcha|Life Dew|p1b: Sinistcha|[spread] p1a,p1b
|-heal|p1a: Malamar|100/100 psn
|-heal|p1b: Sinistcha|59/100 psn
|move|p2b: Archaludon|Flash Cannon|p1b: Sinistcha
|-damage|p1b: Sinistcha|12/100 psn
|move|p1a: Malamar|Knock Off|p2a: Froslass
|-supereffective|p2a: Froslass|1
|-damage|p2a: Froslass|0 fnt
|faint|p2a: Froslass
|
|-weather|Snowscape|[upkeep]
|-heal|p2b: Archaludon|33/100|[from] item: Leftovers
|-damage|p1b: Sinistcha|0 fnt|[from] psn
|faint|p1b: Sinistcha
|-damage|p1a: Malamar|87/100 psn|[from] psn
|upkeep
|
|t:|1783034602
|switch|p1b: Glimmora|Glimmora, L50, F|100/100
|switch|p2a: Glimmora|Glimmora, L50, F|100/100
|turn|7
|
|t:|1783034618
|move|p2b: Archaludon|Flash Cannon|p1b: Glimmora
|-supereffective|p1b: Glimmora|1
|-damage|p1b: Glimmora|11/100
|move|p1a: Malamar|Superpower|p2a: Glimmora
|-damage|p2a: Glimmora|20/100y
|-boost|p1a: Malamar|atk|1
|-boost|p1a: Malamar|def|1
|-activate|p2a: Glimmora|ability: Toxic Debris
|-sidestart|p1: the doctor rock|move: Toxic Spikes
|move|p2a: Glimmora|Earth Power|p1b: Glimmora
|-supereffective|p1b: Glimmora|2
|-damage|p1b: Glimmora|0 fnt
|faint|p1b: Glimmora
|
|-weather|Snowscape|[upkeep]
|-heal|p2b: Archaludon|39/100|[from] item: Leftovers
|-damage|p1a: Malamar|75/100 psn|[from] psn
|-fieldend|move: Trick Room
|upkeep
|turn|8
|inactive|Z4RDEL has 30 seconds left.
|inactive|Z4RDEL has 20 seconds left.
|
|t:|1783034657
|move|p2a: Glimmora|Power Gem|p1a: Malamar
|-damage|p1a: Malamar|55/100 psn
|move|p1a: Malamar|Psycho Cut|p2a: Glimmora
|-supereffective|p2a: Glimmora|1
|-damage|p2a: Glimmora|0 fnt
|-activate|p2a: Glimmora|ability: Toxic Debris
|-sidestart|p1: the doctor rock|move: Toxic Spikes
|faint|p2a: Glimmora
|move|p2b: Archaludon|Draco Meteor|p1a: Malamar
|-damage|p1a: Malamar|33/100 psn
|-unboost|p2b: Archaludon|spa|2
|
|-weather|Snowscape|[upkeep]
|-heal|p2b: Archaludon|45/100|[from] item: Leftovers
|-damage|p1a: Malamar|21/100 psn|[from] psn
|upkeep
|turn|9
|
|t:|1783034678
|move|p1a: Malamar|Superpower|p2b: Archaludon
|-supereffective|p2b: Archaludon|1
|-damage|p2b: Archaludon|10/100
|-boost|p1a: Malamar|atk|1
|-boost|p1a: Malamar|def|1
|-ability|p2b: Archaludon|Stamina|boost
|-boost|p2b: Archaludon|def|1
|move|p2b: Archaludon|Draco Meteor|p1a: Malamar|[miss]
|-miss|p2b: Archaludon|p1a: Malamar
|
|-weather|none
|-heal|p2b: Archaludon|16/100|[from] item: Leftovers
|-damage|p1a: Malamar|8/100 psn|[from] psn
|-sideend|p2: Z4RDEL|move: Aurora Veil
|upkeep
|turn|10
|c|☆the doctor rock|gg
|
|t:|1783034691
|move|p2b: Archaludon|Protect|p2b: Archaludon
|-singleturn|p2b: Archaludon|Protect
|move|p1a: Malamar|Superpower|p2b: Archaludon
|-activate|p2b: Archaludon|move: Protect
|
|-heal|p2b: Archaludon|22/100|[from] item: Leftovers
|-damage|p1a: Malamar|0 fnt|[from] psn
|faint|p1a: Malamar
|
|win|Z4RDEL
|raw|the doctor rock's rating: 1054 → 1037(-17 for losing)
|raw|Z4RDEL's rating: 1079 → 1105(+26 for winning)
|l|☆the doctor rock
|player|p1|
|c|☆Z4RDEL|Gg
|l|☆Z4RDEL
|player|p2|
|j|☆Z4RDEL
|player|p2|Z4RDEL|miku-fire|
