|j|☆lunalotll
|j|☆bexuanmailonto
|html|lunalotllbexuanmailonto    
|uhtml|bestof|Game 1 of a best-of-3
|t:|1786099024
|gametype|doubles
|player|p1|lunalotll|lana|1146
|player|p2|bexuanmailonto|266|1138
|gen|9
|tier|[Gen 9 Champions] VGC 2026 Reg M-B (Bo3)
|rated|
|rule|Species Clause: Limit one of each Pokémon
|rule|Item Clause: Limit 1 of each item
|clearpoke
|poke|p1|Primarina, L50, M|
|poke|p1|Sinistcha, L50|
|poke|p1|Garchomp, L50, F|
|poke|p1|Lopunny, L50, F|
|poke|p1|Whimsicott, L50, F|
|poke|p1|Sneasler, L50, F|
|poke|p2|Charizard, L50, M|
|poke|p2|Garchomp, L50, F|
|poke|p2|Sylveon, L50, M|
|poke|p2|Farigiraf, L50, M|
|poke|p2|Kingambit, L50, F|
|poke|p2|Aerodactyl, L50, M|
|teampreview|4
|showteam|p1|Primarina||LifeOrb|LiquidVoice|HyperVoice,Moonblast,DrainingKiss,Protect|Modest||M|||50|]Sinistcha||SitrusBerry|Hospitality|MatchaGotcha,RagePowder,LifeDew,Protect|Bold|||||50|]Garchomp||HardStone|RoughSkin|DragonClaw,StompingTantrum,RockSlide,Protect|Jolly||F|||50|]Lopunny||Lopunnite|Limber|CloseCombat,GigaImpact,FakeOut,Encore|Jolly||F|||50|]Whimsicott||FocusSash|Prankster|Moonblast,Encore,Tailwind,Protect|Timid||F|||50|]Sneasler||WhiteHerb|Unburden|DireClaw,Coaching,FakeOut,Feint|Adamant||F|||50|
|showteam|p2|Charizard||CharizarditeY|SolarPower|Protect,HeatWave,WeatherBall,SolarBeam|Modest||M|||50|]Garchomp||Garchompite|RoughSkin|Protect,DragonClaw,StompingTantrum,Earthquake|Jolly||F|||50|]Sylveon||FairyFeather|Pixilate|Detect,QuickAttack,HyperVoice,HyperBeam|Modest||M|||50|]Farigiraf||SitrusBerry|ArmorTail|TwinBeam,Thunderbolt,Roar,TrickRoom|Bold||M|||50|]Kingambit||BlackGlasses|Defiant|KowtowCleave,Protect,SuckerPunch,LowKick|Adamant||F|||50|]Aerodactyl||FocusSash|Unnerve|RockSlide,DualWingbeat,WideGuard,Tailwind|Jolly||M|||50|
|inactive|Battle timer is ON: inactive players will automatically lose when time's up. (requested by lunalotll)
|inactive|lunalotll has 60 seconds left.
|inactive|bexuanmailonto has 60 seconds left.
|
|t:|1786099074
|teamsize|p1|4
|teamsize|p2|4
|start
|switch|p1a: Sneasler|Sneasler, L50, F|100/100
|switch|p1b: Primarina|Primarina, L50, M|100/100
|switch|p2a: Aerodactyl|Aerodactyl, L50, M|100/100
|switch|p2b: Farigiraf|Farigiraf, L50, M|100/100
|-ability|p2a: Aerodactyl|Unnerve
|turn|1
|inactive|bexuanmailonto has 30 seconds left.
|inactive|bexuanmailonto has 20 seconds left.
|inactive|bexuanmailonto has 15 seconds left.
|inactive|bexuanmailonto has 10 seconds left.
|
|t:|1786099120
|switch|p2b: Garchomp|Garchomp, L50, F|100/100
|move|p2a: Aerodactyl|Tailwind|p2a: Aerodactyl
|-sidestart|p2: bexuanmailonto|move: Tailwind
|move|p1a: Sneasler|Dire Claw|p2a: Aerodactyl
|-resisted|p2a: Aerodactyl|1
|-damage|p2a: Aerodactyl|60/100
|move|p1b: Primarina|Moonblast|p2a: Aerodactyl
|-damage|p2a: Aerodactyl|0 fnt
|faint|p2a: Aerodactyl
|-damage|p1b: Primarina|90/100|[from] item: Life Orb
|
|upkeep
|
|t:|1786099137
|switch|p2a: Farigiraf|Farigiraf, L50, M|100/100
|turn|2
|inactive|lunalotll has 30 seconds left.
|
|t:|1786099169
|switch|p1a: Whimsicott|Whimsicott, L50, F|100/100
|detailschange|p2b: Garchomp|Garchomp-Mega, L50, F
|-mega|p2b: Garchomp|Garchomp|Garchompite
|move|p1b: Primarina|Protect|p1b: Primarina
|-singleturn|p1b: Primarina|Protect
|move|p2b: Garchomp|Earthquake|p1a: Whimsicott|[spread] p2a,p1a
|-activate|p1b: Primarina|move: Protect
|-resisted|p1a: Whimsicott|1
|-damage|p2a: Farigiraf|63/100
|-damage|p1a: Whimsicott|70/100
|move|p2a: Farigiraf|Thunderbolt|p1b: Primarina
|-activate|p1b: Primarina|move: Protect
|
|upkeep
|turn|3
|inactive|lunalotll has 30 seconds left.
|inactive|bexuanmailonto has 30 seconds left.
|inactive|lunalotll has 20 seconds left.
|inactive|lunalotll has 15 seconds left.
|
|t:|1786099210
|switch|p1b: Sneasler|Sneasler, L50, F|100/100
|move|p2b: Garchomp|Protect|p2b: Garchomp
|-singleturn|p2b: Garchomp|Protect
|move|p1a: Whimsicott|Moonblast|p2b: Garchomp
|-activate|p2b: Garchomp|move: Protect
|move|p2a: Farigiraf|Thunderbolt|p1b: Sneasler
|-damage|p1b: Sneasler|68/100
|
|upkeep
|turn|4
|inactive|bexuanmailonto has 30 seconds left.
|
|t:|1786099237
|move|p2b: Garchomp|Stomping Tantrum|p1b: Sneasler
|-supereffective|p1b: Sneasler|1
|-damage|p1b: Sneasler|0 fnt
|faint|p1b: Sneasler
|move|p1a: Whimsicott|Moonblast|p2b: Garchomp
|-supereffective|p2b: Garchomp|1
|-damage|p2b: Garchomp|50/100g
|move|p2a: Farigiraf|Twin Beam|p1a: Whimsicott
|-crit|p1a: Whimsicott
|-damage|p1a: Whimsicott|41/100
|-damage|p1a: Whimsicott|17/100
|-hitcount|p1a: Whimsicott|2
|
|-sideend|p2: bexuanmailonto|move: Tailwind
|upkeep
|
|t:|1786099254
|switch|p1b: Primarina|Primarina, L50, M|90/100
|turn|5
|
|t:|1786099266
|move|p2b: Garchomp|Protect|p2b: Garchomp
|-singleturn|p2b: Garchomp|Protect
|move|p1a: Whimsicott|Tailwind|p1a: Whimsicott
|-sidestart|p1: lunalotll|move: Tailwind
|move|p1b: Primarina|Moonblast|p2a: Farigiraf
|-damage|p2a: Farigiraf|2/100
|-enditem|p2a: Farigiraf|Sitrus Berry|[eat]
|-heal|p2a: Farigiraf|27/100|[from] item: Sitrus Berry
|-damage|p1b: Primarina|80/100|[from] item: Life Orb
|move|p2a: Farigiraf|Trick Room|p2a: Farigiraf
|-fieldstart|move: Trick Room|[of] p2a: Farigiraf
|
|upkeep
|turn|6
|c|☆lunalotll|always with this giraffe bro
|inactive|lunalotll has 30 seconds left.
|inactive|bexuanmailonto has 30 seconds left.
|inactive|lunalotll has 20 seconds left.
|inactive|bexuanmailonto has 20 seconds left.
|inactive|bexuanmailonto has 15 seconds left.
|
|t:|1786099307
|move|p1a: Whimsicott|Protect|p1a: Whimsicott
|-singleturn|p1a: Whimsicott|Protect
|move|p1b: Primarina|Protect|p1b: Primarina
|-singleturn|p1b: Primarina|Protect
|move|p2a: Farigiraf|Twin Beam|p1a: Whimsicott
|-activate|p1a: Whimsicott|move: Protect
|move|p2b: Garchomp|Stomping Tantrum|p1b: Primarina
|-activate|p1b: Primarina|move: Protect
|
|upkeep
|turn|7
|inactive|lunalotll has 30 seconds left.
|inactive|lunalotll has 20 seconds left.
|
|t:|1786099344
|switch|p1b: Lopunny|Lopunny, L50, F|100/100
|move|p2a: Farigiraf|Twin Beam|p1b: Lopunny
|-damage|p1b: Lopunny|78/100
|-damage|p1b: Lopunny|57/100
|-hitcount|p1b: Lopunny|2
|move|p2b: Garchomp|Earthquake|p1a: Whimsicott|[spread] p2a,p1a,p1b
|-resisted|p1a: Whimsicott|1
|-damage|p2a: Farigiraf|0 fnt
|-damage|p1a: Whimsicott|0 fnt
|-damage|p1b: Lopunny|0 fnt
|faint|p2a: Farigiraf
|faint|p1a: Whimsicott
|faint|p1b: Lopunny
|
|upkeep
|
|t:|1786099362
|switch|p2a: Kingambit|Kingambit, L50, F|100/100
|switch|p1b: Primarina|Primarina, L50, M|80/100
|turn|8
|
|t:|1786099380
|move|p1b: Primarina|Protect|p1b: Primarina
|-singleturn|p1b: Primarina|Protect
|move|p2a: Kingambit|Kowtow Cleave|p1b: Primarina
|-activate|p1b: Primarina|move: Protect
|move|p2b: Garchomp|Stomping Tantrum|p1b: Primarina
|-activate|p1b: Primarina|move: Protect
|
|-sideend|p1: lunalotll|move: Tailwind
|upkeep
|turn|9
|
|t:|1786099403
|move|p2a: Kingambit|Kowtow Cleave|p1b: Primarina
|-resisted|p1b: Primarina|1
|-damage|p1b: Primarina|47/100
|move|p1b: Primarina|Draining Kiss|p2a: Kingambit
|-damage|p2a: Kingambit|61/100
|-heal|p1b: Primarina|78/100|[from] drain|[of] p2a: Kingambit
|-damage|p1b: Primarina|68/100|[from] item: Life Orb
|move|p2b: Garchomp|Stomping Tantrum|p1b: Primarina
|-damage|p1b: Primarina|8/100
|
|-fieldend|move: Trick Room
|upkeep
|turn|10
|c|☆lunalotll|ggs
|-message|lunalotll forfeited.
|
|win|bexuanmailonto
||lunalotll is ready for game 2.
||bexuanmailonto is ready for game 2.
|uhtml|next|Next: Game 2 of 3
