|j|☆junky00
|j|☆raksbach123
|html|junky00raksbach123    
|uhtml|bestof|Game 1 of a best-of-3
|t:|1784714916
|gametype|doubles
|player|p1|junky00|101|1295
|player|p2|raksbach123|102|1182
|gen|9
|tier|[Gen 9 Champions] VGC 2026 Reg M-B (Bo3)
|rated|
|rule|Species Clause: Limit one of each Pokémon
|rule|Item Clause: Limit 1 of each item
|clearpoke
|poke|p1|Metagross, L50|
|poke|p1|Annihilape, L50, M|
|poke|p1|Whimsicott, L50, F|
|poke|p1|Lycanroc-Dusk, L50, M|
|poke|p1|Milotic, L50, M|
|poke|p1|Incineroar, L50, M|
|poke|p2|Incineroar, L50, F|
|poke|p2|Kingambit, L50, F|
|poke|p2|Sinistcha, L50|
|poke|p2|Sneasler, L50, F|
|poke|p2|Blastoise, L50, F|
|poke|p2|Delphox, L50, M|
|teampreview|4
|showteam|p1|Metagross||Metagrossite|ClearBody|BulletPunch,PsychicFangs,IcePunch,Protect|Jolly|||||50|]Annihilape||Leftovers|Defiant|ShadowPunch,DrainPunch,Coaching,Protect|Adamant||M|||50|]Whimsicott||MentalHerb|Prankster|Moonblast,Tailwind,TrickRoom,WorrySeed|Timid||F|||50|]Lycanroc-Dusk||FocusSash|ToughClaws|Accelerock,CloseCombat,RockSlide,Protect|Jolly||M|||50|]Milotic||SitrusBerry|Competitive|Scald,IcyWind,IceBeam,Recover|Modest||M|||50|]Incineroar||PasshoBerry|Intimidate|FakeOut,FlareBlitz,DarkestLariat,PartingShot|Careful||M|||50|
|showteam|p2|Incineroar||SitrusBerry|Intimidate|FakeOut,FlareBlitz,ThroatChop,PartingShot|Impish||F|||50|]Kingambit||BlackGlasses|Defiant|KowtowCleave,SuckerPunch,SwordsDance,Protect|Adamant||F|||50|]Sinistcha||OccaBerry|Hospitality|MatchaGotcha,RagePowder,TrickRoom,Protect|Relaxed|||||50|]Sneasler||FocusSash|PoisonTouch|FakeOut,CloseCombat,PoisonJab,QuickGuard|Jolly||F|||50|]Blastoise||Blastoisinite|RainDish|WaterSpout,DarkPulse,ShellSmash,Protect|Modest||F|||50|]Delphox||Delphoxite|Blaze|HeatWave,Psychic,NastyPlot,Protect|Timid||M|||50|
|inactive|Battle timer is ON: inactive players will automatically lose when time's up. (requested by raksbach123)
|
|t:|1784714947
|teamsize|p1|4
|teamsize|p2|4
|start
|switch|p1a: Annihilape|Annihilape, L50, M|100/100
|switch|p1b: Incineroar|Incineroar, L50, M|100/100
|switch|p2a: Sneasler|Sneasler, L50, F|100/100
|switch|p2b: Incineroar|Incineroar, L50, F|100/100
|-ability|p2b: Incineroar|Intimidate|boost
|-unboost|p1a: Annihilape|atk|1
|-ability|p1a: Annihilape|Defiant|boost
|-boost|p1a: Annihilape|atk|2
|-unboost|p1b: Incineroar|atk|1
|-ability|p1b: Incineroar|Intimidate|boost
|-unboost|p2a: Sneasler|atk|1
|-unboost|p2b: Incineroar|atk|1
|turn|1
|inactive|raksbach123 has 30 seconds left.
|
|t:|1784714980
|switch|p2b: Kingambit|Kingambit, L50, F|100/100
|switch|p1b: Metagross|Metagross, L50|100/100
|move|p2a: Sneasler|Close Combat|p1b: Metagross
|-damage|p1b: Metagross|59/100
|-unboost|p2a: Sneasler|def|1
|-unboost|p2a: Sneasler|spd|1
|move|p1a: Annihilape|Coaching|p1b: Metagross
|-boost|p1b: Metagross|atk|1
|-boost|p1b: Metagross|def|1
|
|upkeep
|turn|2
|inactive|junky00 has 30 seconds left.
|inactive|raksbach123 has 30 seconds left.
|
|t:|1784715012
|switch|p2a: Sinistcha|Sinistcha, L50|100/100
|move|p1b: Metagross|Protect|p1b: Metagross
|-singleturn|p1b: Metagross|Protect
|move|p2b: Kingambit|Protect|p2b: Kingambit
|-singleturn|p2b: Kingambit|Protect
|move|p1a: Annihilape|Drain Punch|p2b: Kingambit
|-activate|p2b: Kingambit|move: Protect
|
|upkeep
|turn|3
|
|t:|1784715031
|detailschange|p1b: Metagross|Metagross-Mega, L50
|-mega|p1b: Metagross|Metagross|Metagrossite
|move|p2a: Sinistcha|Rage Powder|p2a: Sinistcha
|-singleturn|p2a: Sinistcha|move: Rage Powder
|move|p1b: Metagross|Ice Punch|p2a: Sinistcha
|-supereffective|p2a: Sinistcha|1
|-damage|p2a: Sinistcha|16/100
|move|p1a: Annihilape|Shadow Punch|p2a: Sinistcha
|-supereffective|p2a: Sinistcha|1
|-damage|p2a: Sinistcha|0 fnt
|faint|p2a: Sinistcha
|move|p2b: Kingambit|Kowtow Cleave|p1b: Metagross
|-supereffective|p1b: Metagross|1
|-damage|p1b: Metagross|0 fnt
|faint|p1b: Metagross
|
|upkeep
|
|t:|1784715045
|switch|p1b: Lycanroc|Lycanroc-Dusk, L50, M|100/100
|switch|p2a: Sneasler|Sneasler, L50, F|100/100
|turn|4
|
|t:|1784715059
|move|p1b: Lycanroc|Protect|p1b: Lycanroc
|-singleturn|p1b: Lycanroc|Protect
|move|p2a: Sneasler|Fake Out|p1b: Lycanroc
|-activate|p1b: Lycanroc|move: Protect
|move|p1a: Annihilape|Coaching|p1b: Lycanroc
|-boost|p1b: Lycanroc|atk|1
|-boost|p1b: Lycanroc|def|1
|move|p2b: Kingambit|Kowtow Cleave|p1a: Annihilape
|-damage|p1a: Annihilape|51/100
|
|-heal|p1a: Annihilape|57/100|[from] item: Leftovers
|upkeep
|turn|5
|
|t:|1784715077
|move|p2b: Kingambit|Sucker Punch|p1b: Lycanroc
|-damage|p1b: Lycanroc|54/100
|move|p2a: Sneasler|Close Combat|p1b: Lycanroc
|-supereffective|p1b: Lycanroc|1
|-damage|p1b: Lycanroc|0 fnt
|-unboost|p2a: Sneasler|def|1
|-unboost|p2a: Sneasler|spd|1
|faint|p1b: Lycanroc
|move|p1a: Annihilape|Drain Punch|p2b: Kingambit
|-supereffective|p2b: Kingambit|2
|-damage|p2b: Kingambit|0 fnt
|-heal|p1a: Annihilape|100/100|[from] drain|[of] p2b: Kingambit
|faint|p2b: Kingambit
|
|upkeep
|
|t:|1784715090
|switch|p1b: Incineroar|Incineroar, L50, M|100/100
|switch|p2b: Incineroar|Incineroar, L50, F|100/100
|-ability|p2b: Incineroar|Intimidate|boost
|-unboost|p1a: Annihilape|atk|1
|-ability|p1a: Annihilape|Defiant|boost
|-boost|p1a: Annihilape|atk|2
|-unboost|p1b: Incineroar|atk|1
|-ability|p1b: Incineroar|Intimidate|boost
|-unboost|p2a: Sneasler|atk|1
|-unboost|p2b: Incineroar|atk|1
|turn|6
|inactive|raksbach123 has 30 seconds left.
|
|t:|1784715119
|move|p1b: Incineroar|Fake Out|p2a: Sneasler
|-damage|p2a: Sneasler|80/100
|cant|p2a: Sneasler|flinch
|move|p1a: Annihilape|Shadow Punch|p2a: Sneasler
|-damage|p2a: Sneasler|0 fnt
|faint|p2a: Sneasler
|move|p2b: Incineroar|Flare Blitz|p1a: Annihilape
|-damage|p1a: Annihilape|64/100
|-damage|p2b: Incineroar|88/100|[from] Recoil
|
|-heal|p1a: Annihilape|70/100|[from] item: Leftovers
|upkeep
|turn|7
|-message|raksbach123 forfeited.
|
|win|junky00
