|j|☆jxnh
|j|☆Chandeliere
|html|jxnhChandeliere    
|uhtml|bestof|Game 2 of a best-of-3
|t:|1756512068
|gametype|doubles
|player|p1|jxnh|102|1142
|player|p2|Chandeliere|ethan|1224
|gen|9
|tier|[Gen 9] VGC 2025 Reg H (Bo3)
|rated|
|rule|Species Clause: Limit one of each Pokémon
|rule|Item Clause: Limit 1 of each item
|clearpoke
|poke|p1|Corviknight, L50, M|
|poke|p1|Sneasler, L50, F|
|poke|p1|Garchomp, L50, M|
|poke|p1|Incineroar, L50, M|
|poke|p1|Araquanid, L50, M|
|poke|p1|Ursaluna-Bloodmoon, L50, M|
|poke|p2|Incineroar, L50, M|
|poke|p2|Dragonite, L50, M|
|poke|p2|Porygon2, L50|
|poke|p2|Ursaluna-Bloodmoon, L50, M|
|poke|p2|Ninetales-Alola, L50, F|
|poke|p2|Annihilape, L50, M|
|teampreview|4
|showteam|p1|Corviknight||Leftovers|MirrorArmor|DualWingbeat,BodyPress,IronDefense,Protect|||M|||50|,,,,,Fire]Sneasler||FocusSash|Unburden|DireClaw,CloseCombat,Coaching,Protect|||F|||50|,,,,,Ghost]Garchomp||LoadedDice|RoughSkin|StompingTantrum,Earthquake,ScaleShot,Protect|||M|||50|,,,,,Fairy]Incineroar||SitrusBerry|Intimidate|FakeOut,KnockOff,PartingShot,FlareBlitz|||M|||50|,,,,,Ghost]Araquanid||RoomService|WaterBubble|Liquidation,LeechLife,WideGuard,Protect|||M|||50|,,,,,Grass]Ursaluna-Bloodmoon||AssaultVest|MindsEye|HyperVoice,EarthPower,BloodMoon,Snarl|||M|||50|,,,,,Grass
|showteam|p2|Incineroar||ChopleBerry|Intimidate|FlareBlitz,KnockOff,FakeOut,PartingShot|||M|||50|,,,,,Grass]Dragonite||LoadedDice|Multiscale|ScaleShot,Tailwind,Haze,Protect|||M|||50|,,,,,Steel]Porygon2||Eviolite|Download|TeraBlast,IceBeam,Recover,TrickRoom||||||50|,,,,,Fighting]Ursaluna-Bloodmoon||AssaultVest|MindsEye|HyperVoice,BloodMoon,VacuumWave,EarthPower|||M|||50|,,,,,Water]Ninetales-Alola||LightClay|SnowWarning|IcicleSpear,Encore,IcyWind,AuroraVeil|||F|||50|,,,,,Ghost]Annihilape||SafetyGoggles|Defiant|DrainPunch,RageFist,BulkUp,Protect|||M|||50|,,,,,Fire
|inactive|Battle timer is ON: inactive players will automatically lose when time's up. (requested by jxnh)
|
|t:|1756512091
|teamsize|p1|4
|teamsize|p2|4
|start
|switch|p1a: Garchomp|Garchomp, L50, M|100/100
|switch|p1b: Sneasler|Sneasler, L50, F|100/100
|switch|p2a: Ninetales|Ninetales-Alola, L50, F|100/100
|switch|p2b: Annihilape|Annihilape, L50, M|100/100
|-weather|Snowscape|[from] ability: Snow Warning|[of] p2a: Ninetales
|turn|1
|j| mirokartlivehc
|l| mirokartlivehc
|inactive|Chandeliere has 30 seconds left.
|
|t:|1756512118
|-terastallize|p2a: Ninetales|Ghost
|move|p1a: Garchomp|Protect|p1a: Garchomp
|-singleturn|p1a: Garchomp|Protect
|move|p1b: Sneasler|Coaching|p1a: Garchomp
|-boost|p1a: Garchomp|atk|1
|-boost|p1a: Garchomp|def|1
|move|p2a: Ninetales|Icy Wind|p1b: Sneasler|[spread] p1b
|-activate|p1a: Garchomp|move: Protect
|-damage|p1b: Sneasler|83/100
|-unboost|p1b: Sneasler|spe|1
|move|p2b: Annihilape|Bulk Up|p2b: Annihilape
|-boost|p2b: Annihilape|atk|1
|-boost|p2b: Annihilape|def|1
|
|-weather|Snowscape|[upkeep]
|upkeep
|turn|2
|inactive|Chandeliere has 30 seconds left.
|inactive|Chandeliere has 20 seconds left.
|inactive|Chandeliere has 15 seconds left.
|
|t:|1756512159
|move|p2a: Ninetales|Aurora Veil|p2a: Ninetales
|-sidestart|p2: Chandeliere|move: Aurora Veil
|move|p1a: Garchomp|Scale Shot|p2b: Annihilape
|-damage|p2b: Annihilape|91/100
|-damage|p2b: Annihilape|83/100
|-damage|p2b: Annihilape|74/100
|-damage|p2b: Annihilape|65/100
|-damage|p2b: Annihilape|56/100
|-hitcount|p2b: Annihilape|5
|-unboost|p1a: Garchomp|def|1
|-boost|p1a: Garchomp|spe|1
|move|p2b: Annihilape|Bulk Up|p2b: Annihilape
|-boost|p2b: Annihilape|atk|1
|-boost|p2b: Annihilape|def|1
|move|p1b: Sneasler|Dire Claw|p2b: Annihilape
|-resisted|p2b: Annihilape
|-damage|p2b: Annihilape|49/100
|-status|p2b: Annihilape|slp
|
|-weather|Snowscape|[upkeep]
|upkeep
|turn|3
|inactive|jxnh has 30 seconds left.
|inactive|Chandeliere has 30 seconds left.
|
|t:|1756512192
|-terastallize|p1a: Garchomp|Fairy
|cant|p2b: Annihilape|slp
|move|p1a: Garchomp|Scale Shot|p2b: Annihilape
|-damage|p2b: Annihilape|42/100 slp
|-damage|p2b: Annihilape|35/100 slp
|-damage|p2b: Annihilape|28/100 slp
|-damage|p2b: Annihilape|21/100 slp
|-hitcount|p2b: Annihilape|4
|-unboost|p1a: Garchomp|def|1
|-boost|p1a: Garchomp|spe|1
|move|p2a: Ninetales|Icy Wind|p1b: Sneasler|[spread] p1a,p1b
|-damage|p1a: Garchomp|86/100
|-damage|p1b: Sneasler|66/100
|-unboost|p1a: Garchomp|spe|1
|-unboost|p1b: Sneasler|spe|1
|move|p1b: Sneasler|Coaching|p1a: Garchomp
|-boost|p1a: Garchomp|atk|1
|-boost|p1a: Garchomp|def|1
|
|-weather|Snowscape|[upkeep]
|upkeep
|turn|4
|
|t:|1756512214
|-curestatus|p2b: Annihilape|slp|[msg]
|move|p2b: Annihilape|Protect|p2b: Annihilape
|-singleturn|p2b: Annihilape|Protect
|move|p1a: Garchomp|Scale Shot|p2b: Annihilape
|-activate|p2b: Annihilape|move: Protect
|move|p2a: Ninetales|Icy Wind|p1b: Sneasler|[spread] p1a,p1b
|-crit|p1b: Sneasler
|-damage|p1a: Garchomp|72/100
|-damage|p1b: Sneasler|41/100
|-unboost|p1a: Garchomp|spe|1
|-unboost|p1b: Sneasler|spe|1
|move|p1b: Sneasler|Dire Claw|p2a: Ninetales
|-resisted|p2a: Ninetales
|-damage|p2a: Ninetales|83/100
|
|-weather|Snowscape|[upkeep]
|upkeep
|turn|5
|inactive|Chandeliere has 30 seconds left.
|
|t:|1756512248
|move|p2a: Ninetales|Icy Wind|p1a: Garchomp|[spread] p1a,p1b
|-damage|p1a: Garchomp|59/100
|-damage|p1b: Sneasler|25/100
|-unboost|p1a: Garchomp|spe|1
|-unboost|p1b: Sneasler|spe|1
|move|p2b: Annihilape|Rage Fist|p1a: Garchomp
|-damage|p1a: Garchomp|0 fnt
|-damage|p2b: Annihilape|9/100|[from] ability: Rough Skin|[of] p1a: Garchomp
|faint|p1a: Garchomp
|move|p1b: Sneasler|Dire Claw|p2b: Annihilape
|-resisted|p2b: Annihilape
|-damage|p2b: Annihilape|1/100
|
|-weather|none
|upkeep
|inactive|jxnh has 30 seconds left.
|
|t:|1756512280
|switch|p1a: Araquanid|Araquanid, L50, M|100/100
|turn|6
|
|t:|1756512301
|move|p2a: Ninetales|Icy Wind|p1b: Sneasler|[spread] p1a,p1b
|-resisted|p1a: Araquanid
|-damage|p1a: Araquanid|95/100
|-damage|p1b: Sneasler|10/100
|-unboost|p1a: Araquanid|spe|1
|-unboost|p1b: Sneasler|spe|1
|move|p2b: Annihilape|Drain Punch|p1a: Araquanid
|-resisted|p1a: Araquanid
|-damage|p1a: Araquanid|61/100
|-heal|p2b: Annihilape|14/100|[from] drain|[of] p1a: Araquanid
|move|p1b: Sneasler|Dire Claw|p2a: Ninetales
|-resisted|p2a: Ninetales
|-damage|p2a: Ninetales|67/100
|-status|p2a: Ninetales|par
|move|p1a: Araquanid|Liquidation|p2b: Annihilape
|-crit|p2b: Annihilape
|-damage|p2b: Annihilape|0 fnt
|faint|p2b: Annihilape
|
|upkeep
|
|t:|1756512321
|switch|p2b: Dragonite|Dragonite, L50, M|100/100
|turn|7
|
|t:|1756512337
|move|p2b: Dragonite|Scale Shot|p1a: Araquanid
|-damage|p1a: Araquanid|44/100
|-damage|p1a: Araquanid|27/100
|-damage|p1a: Araquanid|10/100
|-damage|p1a: Araquanid|0 fnt
|faint|p1a: Araquanid
|-hitcount|p1: Araquanid|4
|-unboost|p2b: Dragonite|def|1
|-boost|p2b: Dragonite|spe|1
|move|p2a: Ninetales|Icy Wind|p1b: Sneasler
|-damage|p1b: Sneasler|0 fnt
|faint|p1b: Sneasler
|
|upkeep
|
|t:|1756512350
|switch|p1b: Ursaluna|Ursaluna-Bloodmoon, L50, M|100/100
|turn|8
|
|t:|1756512360
|move|p2b: Dragonite|Scale Shot|p1b: Ursaluna
|-damage|p1b: Ursaluna|90/100
|-damage|p1b: Ursaluna|80/100
|-damage|p1b: Ursaluna|70/100
|-damage|p1b: Ursaluna|59/100
|-damage|p1b: Ursaluna|49/100
|-hitcount|p1b: Ursaluna|5
|-unboost|p2b: Dragonite|def|1
|-boost|p2b: Dragonite|spe|1
|move|p2a: Ninetales|Icy Wind|p1b: Ursaluna
|-supereffective|p1b: Ursaluna
|-damage|p1b: Ursaluna|24/100
|-unboost|p1b: Ursaluna|spe|1
|move|p1b: Ursaluna|Hyper Voice|p2b: Dragonite|[spread] p2a,p2b
|-damage|p2a: Ninetales|40/100 par
|-damage|p2b: Dragonite|85/100
|
|upkeep
|turn|9
|
|t:|1756512379
|move|p2b: Dragonite|Scale Shot|p1b: Ursaluna
|-damage|p1b: Ursaluna|14/100
|-damage|p1b: Ursaluna|3/100
|-damage|p1b: Ursaluna|0 fnt
|faint|p1b: Ursaluna
|-hitcount|p1: Ursaluna|3
|
|win|Chandeliere
||Chandeliere is ready for game 3.
||jxnh is ready for game 3.
|uhtml|next|Next: Game 3 of 3
