|j|☆avalos jr
|j|☆RXUXBXEXN
|html|avalos jrRXUXBXEXN    
|uhtml|bestof|Game 1 of a best-of-3
|t:|1783334464
|gametype|doubles
|player|p1|avalos jr|miku-ghost|1143
|player|p2|RXUXBXEXN|169|1105
|gen|9
|tier|[Gen 9 Champions] VGC 2026 Reg M-B (Bo3)
|rated|
|rule|Species Clause: Limit one of each Pokémon
|rule|Item Clause: Limit 1 of each item
|clearpoke
|poke|p1|Floette-Eternal, L50, F|
|poke|p1|Incineroar, L50, F, shiny|
|poke|p1|Sinistcha, L50, shiny|
|poke|p1|Garchomp, L50, M, shiny|
|poke|p1|Whimsicott, L50, F, shiny|
|poke|p1|Delphox, L50, F, shiny|
|poke|p2|Incineroar, L50, M|
|poke|p2|Maushold, L50, shiny|
|poke|p2|Sinistcha, L50|
|poke|p2|Sneasler, L50, M|
|poke|p2|Blastoise, L50, F|
|poke|p2|Delphox, L50, F, shiny|
|teampreview|4
|showteam|p1|Floette-Eternal||Floettite|FlowerVeil|DrainingKiss,DazzlingGleam,CalmMind,Protect|Modest||F|||50|]Incineroar||Charcoal|Intimidate|FakeOut,ThroatChop,FlareBlitz,PartingShot|Adamant||F|||50|]Sinistcha||CobaBerry|Hospitality|MatchaGotcha,RagePowder,LifeDew,TrickRoom|Bold|||||50|]Garchomp||LifeOrb|RoughSkin|RockSlide,Earthquake,DragonClaw,Protect|Jolly||M|||50|]Whimsicott||FocusSash|Prankster|Moonblast,Tailwind,Encore,Protect|Timid||F|||50|]Delphox||Delphoxite|Blaze|HeatWave,Psychic,NastyPlot,Protect|Timid||F|||50|
|showteam|p2|Incineroar||SitrusBerry|Intimidate|FakeOut,FlareBlitz,DarkestLariat,PartingShot|Impish||M|||50|]Maushold||ChopleBerry|FriendGuard|SuperFang,Feint,FollowMe,Protect|Impish|||||50|]Sinistcha||KasibBerry|Hospitality|MatchaGotcha,LifeDew,RagePowder,Protect|Bold|||||50|]Sneasler||FocusSash|PoisonTouch|FakeOut,CloseCombat,DireClaw,QuickGuard|Jolly||M|||50|]Blastoise||Blastoisinite|RainDish|WaterSpout,DarkPulse,ShellSmash,Protect|Modest||F|||50|]Delphox||Delphoxite|Blaze|HeatWave,Psychic,NastyPlot,Protect|Timid||F|||50|
|inactive|Battle timer is ON: inactive players will automatically lose when time's up. (requested by avalos jr)
|
|t:|1783334483
|teamsize|p1|4
|teamsize|p2|4
|start
|switch|p1a: Psychopomp|Delphox, L50, F, shiny|100/100
|switch|p1b: Mr. Meow|Incineroar, L50, F, shiny|100/100
|switch|p2a: Sneasler|Sneasler, L50, M|100/100
|switch|p2b: Blastoise|Blastoise, L50, F|100/100
|-ability|p1b: Mr. Meow|Intimidate|boost
|-unboost|p2a: Sneasler|atk|1
|-unboost|p2b: Blastoise|atk|1
|turn|1
|inactive|RXUXBXEXN has 30 seconds left.
|inactive|RXUXBXEXN has 20 seconds left.
|inactive|RXUXBXEXN has 15 seconds left.
|inactive|RXUXBXEXN has 10 seconds left.
|
|t:|1783334532
|detailschange|p1a: Psychopomp|Delphox-Mega, L50, F, shiny
|-mega|p1a: Psychopomp|Delphox|Delphoxite
|detailschange|p2b: Blastoise|Blastoise-Mega, L50, F
|-mega|p2b: Blastoise|Blastoise|Blastoisinite
|move|p2a: Sneasler|Quick Guard|p2a: Sneasler
|-singleturn|p2a: Sneasler|Quick Guard
|move|p1b: Mr. Meow|Fake Out|p2b: Blastoise
|-activate|p2b: Blastoise|move: Quick Guard
|move|p1a: Psychopomp|Heat Wave|p2a: Sneasler|[spread] p2a,p2b
|-resisted|p2b: Blastoise|1
|-damage|p2a: Sneasler|47/100
|-damage|p2b: Blastoise|82/100
|move|p2b: Blastoise|Dark Pulse|p1a: Psychopomp
|-supereffective|p1a: Psychopomp|1
|-damage|p1a: Psychopomp|20/100y
|
|upkeep
|turn|2
|
|t:|1783334555
|switch|p1b: Flaure|Whimsicott, L50, F, shiny|100/100
|move|p1a: Psychopomp|Protect|p1a: Psychopomp
|-singleturn|p1a: Psychopomp|Protect
|move|p2a: Sneasler|Close Combat|p1b: Flaure
|-resisted|p1b: Flaure|1
|-damage|p1b: Flaure|68/100
|-unboost|p2a: Sneasler|def|1
|-unboost|p2a: Sneasler|spd|1
|-status|p1b: Flaure|psn|[from] ability: Poison Touch|[of] p2a: Sneasler
|move|p2b: Blastoise|Dark Pulse|p1a: Psychopomp
|-activate|p1a: Psychopomp|move: Protect
|
|-damage|p1b: Flaure|57/100 psn|[from] psn
|upkeep
|turn|3
|inactive|avalos jr has 30 seconds left.
|
|t:|1783334582
|switch|p1a: Mr. Meow|Incineroar, L50, F, shiny|100/100
|-ability|p1a: Mr. Meow|Intimidate|boost
|-unboost|p2a: Sneasler|atk|1
|-unboost|p2b: Blastoise|atk|1
|move|p1b: Flaure|Tailwind|p1b: Flaure
|-sidestart|p1: avalos jr|move: Tailwind
|move|p2a: Sneasler|Dire Claw|p1b: Flaure
|-supereffective|p1b: Flaure|2
|-damage|p1b: Flaure|0 fnt
|faint|p1b: Flaure
|move|p2b: Blastoise|Dark Pulse|p1a: Mr. Meow
|-resisted|p1a: Mr. Meow|1
|-crit|p1a: Mr. Meow
|-damage|p1a: Mr. Meow|67/100
|
|upkeep
|
|t:|1783334596
|switch|p1b: Beri|Sinistcha, L50, shiny|100/100
|-heal|p1a: Mr. Meow|92/100|[from] ability: Hospitality|[of] p1b: Beri
|turn|4
|
|t:|1783334619
|move|p2a: Sneasler|Close Combat|p1a: Mr. Meow
|-supereffective|p1a: Mr. Meow|1
|-damage|p1a: Mr. Meow|35/100
|-unboost|p2a: Sneasler|def|1
|-unboost|p2a: Sneasler|spd|1
|move|p1b: Beri|Matcha Gotcha|p2a: Sneasler|[spread] p2a,p2b
|-resisted|p2a: Sneasler|1
|-supereffective|p2b: Blastoise|1
|-damage|p2a: Sneasler|15/100
|-damage|p2b: Blastoise|38/100
|-status|p2a: Sneasler|brn
|-status|p2b: Blastoise|brn
|move|p1a: Mr. Meow|Flare Blitz|p2a: Sneasler
|-damage|p2a: Sneasler|0 fnt
|faint|p2a: Sneasler
|-damage|p1a: Mr. Meow|31/100|[from] Recoil
|move|p2b: Blastoise|Water Spout|p1b: Beri|[spread] p1a,p1b
|-supereffective|p1a: Mr. Meow|1
|-resisted|p1b: Beri|1
|-damage|p1a: Mr. Meow|0 fnt
|-damage|p1b: Beri|88/100
|faint|p1a: Mr. Meow
|
|-damage|p2b: Blastoise|32/100 brn|[from] brn
|upkeep
|
|t:|1783334639
|switch|p2a: Incineroar|Incineroar, L50, M|100/100
|switch|p1a: Psychopomp|Delphox-Mega, L50, F, shiny|20/100y
|-ability|p2a: Incineroar|Intimidate|boost
|-unboost|p1a: Psychopomp|atk|1
|-unboost|p1b: Beri|atk|1
|turn|5
|
|t:|1783334647
|move|p2a: Incineroar|Fake Out|p1a: Psychopomp
|-damage|p1a: Psychopomp|1/100
|cant|p1a: Psychopomp|flinch
|move|p1b: Beri|Matcha Gotcha|p2b: Blastoise|[spread] p2a,p2b
|-resisted|p2a: Incineroar|1
|-supereffective|p2b: Blastoise|1
|-damage|p2a: Incineroar|88/100
|-heal|p1b: Beri|93/100|[from] drain|[of] p2a: Incineroar
|-damage|p2b: Blastoise|0 fnt
|-heal|p1b: Beri|100/100|[from] drain|[of] p2b: Blastoise
|faint|p2b: Blastoise
|
|upkeep
|
|t:|1783334660
|switch|p2b: Sinistcha|Sinistcha, L50|100/100
|-heal|p2a: Incineroar|100/100|[from] ability: Hospitality|[of] p2b: Sinistcha
|turn|6
|
|t:|1783334669
|move|p1a: Psychopomp|Protect|p1a: Psychopomp
|-singleturn|p1a: Psychopomp|Protect
|move|p2b: Sinistcha|Protect|p2b: Sinistcha
|-singleturn|p2b: Sinistcha|Protect
|move|p1b: Beri|Life Dew||[still]|[spread] p1a,p1b
|-heal|p1a: Psychopomp|26/100
|-fail|p1b: Beri|heal
|move|p2a: Incineroar|Darkest Lariat|p1a: Psychopomp
|-activate|p1a: Psychopomp|move: Protect
|
|-sideend|p1: avalos jr|move: Tailwind
|upkeep
|turn|7
|
|t:|1783334685
|move|p2b: Sinistcha|Protect|p2b: Sinistcha
|-singleturn|p2b: Sinistcha|Protect
|move|p1b: Beri|Rage Powder|p1b: Beri
|-singleturn|p1b: Beri|move: Rage Powder
|move|p1a: Psychopomp|Heat Wave|p2b: Sinistcha|[spread] p2a
|-activate|p2b: Sinistcha|move: Protect
|-resisted|p2a: Incineroar|1
|-damage|p2a: Incineroar|78/100
|move|p2a: Incineroar|Darkest Lariat|p1b: Beri
|-supereffective|p1b: Beri|1
|-damage|p1b: Beri|35/100
|
|upkeep
|turn|8
|
|t:|1783334702
|move|p1b: Beri|Rage Powder|p1b: Beri
|-singleturn|p1b: Beri|move: Rage Powder
|move|p1a: Psychopomp|Heat Wave|p2b: Sinistcha|[spread] p2a,p2b
|-resisted|p2a: Incineroar|1
|-supereffective|p2b: Sinistcha|1
|-damage|p2a: Incineroar|57/100
|-damage|p2b: Sinistcha|0 fnt
|faint|p2b: Sinistcha
|move|p2a: Incineroar|Darkest Lariat|p1b: Beri
|-supereffective|p1b: Beri|1
|-damage|p1b: Beri|0 fnt
|faint|p1b: Beri
|
|upkeep
|turn|9
|
|t:|1783334713
|move|p1a: Psychopomp|Heat Wave|p2a: Incineroar
|-resisted|p2a: Incineroar|1
|-damage|p2a: Incineroar|27/100
|-enditem|p2a: Incineroar|Sitrus Berry|[eat]
|-heal|p2a: Incineroar|52/100|[from] item: Sitrus Berry
|move|p2a: Incineroar|Darkest Lariat|p1a: Psychopomp
|-supereffective|p1a: Psychopomp|1
|-damage|p1a: Psychopomp|0 fnt
|faint|p1a: Psychopomp
|
|win|RXUXBXEXN
||avalos jr is ready for game 2.
|l|☆RXUXBXEXN
|player|p2|
|inactive|RXUXBXEXN has 30 seconds to confirm battle start!
||RXUXBXEXN is ready for game 2.
|uhtml|next|Next: Game 2 of 3
