|j|☆char_labs
|j|☆Gligar64
|html|char_labsGligar64    
|uhtml|bestof|Game 1 of a best-of-3
|t:|1757819069
|gametype|doubles
|player|p1|char_labs|clerkf|1134
|player|p2|Gligar64|red|1200
|gen|9
|tier|[Gen 9] VGC 2025 Reg H (Bo3)
|rated|
|rule|Species Clause: Limit one of each Pokémon
|rule|Item Clause: Limit 1 of each item
|clearpoke
|poke|p1|Dragonite, L50, F|
|poke|p1|Vivillon, L50, M|
|poke|p1|Ursaluna, L50, F|
|poke|p1|Gholdengo, L50|
|poke|p1|Incineroar, L50, F|
|poke|p1|Primarina, L50, M|
|poke|p2|Kommo-o, L50, M|
|poke|p2|Sneasler, L50, F|
|poke|p2|Electabuzz, L50, F|
|poke|p2|Sinistcha, L50|
|poke|p2|Maushold-Four, L50|
|poke|p2|Annihilape, L50, F|
|teampreview|4
|showteam|p1|Dragonite||LoadedDice|Multiscale|ScaleShot,Protect,Haze,LowKick|||F|||50|,,,,,Fairy]Vivillon||FocusSash|CompoundEyes|Tailwind,Protect,Hurricane,SleepPowder|||M|||50|,,,,,Ghost]Ursaluna||FlameOrb|Guts|Protect,Facade,Earthquake,HeadlongRush|||F|||50|,,,,,Ghost]Gholdengo||Leftovers|GoodasGold|MakeItRain,ShadowBall,NastyPlot,Protect||||||50|,,,,,Water]Incineroar||SafetyGoggles|Intimidate|FakeOut,PartingShot,KnockOff,FlareBlitz|||F|||50|,,,,,Dragon]Primarina||SitrusBerry|LiquidVoice|Protect,DazzlingGleam,Moonblast,HyperVoice|||M|||50|,,,,,Steel
|showteam|p2|Kommo-o||ThroatSpray|Soundproof|ClangingScales,Flamethrower,ClangorousSoul,Protect|||M|||50|,,,,,Fairy]Sneasler||FocusSash|Unburden|FakeOut,DireClaw,CloseCombat,Protect|||F|||50|,,,,,Stellar]Electabuzz||Eviolite|VitalSpirit|Electroweb,Protect,FollowMe,HelpingHand|||F|||50|,,,,,Grass]Sinistcha||SitrusBerry|Hospitality|TrickRoom,RagePowder,MatchaGotcha,LifeDew||||||50|,,,,,Dark]Maushold-Four||SafetyGoggles|FriendGuard|BeatUp,Taunt,FollowMe,Protect||||||50|,,,,,Ghost]Annihilape||Leftovers|Defiant|RageFist,DrainPunch,BulkUp,Protect|||F|||50|,,,,,Fire
|inactive|Battle timer is ON: inactive players will automatically lose when time's up. (requested by char_labs)
|inactive|char_labs has 60 seconds left.
|inactive|Gligar64 has 60 seconds left.
|
|t:|1757819127
|teamsize|p1|4
|teamsize|p2|4
|start
|switch|p1a: Vivillon|Vivillon, L50, M|100/100
|switch|p1b: Dragonite|Dragonite, L50, F|100/100
|switch|p2a: Sneasler|Sneasler, L50, F|100/100
|switch|p2b: Kommo-o|Kommo-o, L50, M|100/100
|turn|1
|inactive|Gligar64 has 30 seconds left.
|
|t:|1757819155
|-terastallize|p2b: Kommo-o|Fairy
|move|p2a: Sneasler|Fake Out|p1a: Vivillon
|-damage|p1a: Vivillon|72/100
|cant|p1a: Vivillon|flinch
|move|p2b: Kommo-o|Clangorous Soul|p2b: Kommo-o
|-boost|p2b: Kommo-o|atk|1
|-boost|p2b: Kommo-o|def|1
|-boost|p2b: Kommo-o|spa|1
|-boost|p2b: Kommo-o|spd|1
|-boost|p2b: Kommo-o|spe|1
|-damage|p2b: Kommo-o|68/100
|-enditem|p2b: Kommo-o|Throat Spray
|-boost|p2b: Kommo-o|spa|1|[from] item: Throat Spray
|move|p1b: Dragonite|Scale Shot|p2a: Sneasler
|-damage|p2a: Sneasler|75/100
|-damage|p2a: Sneasler|49/100
|-crit|p2a: Sneasler
|-damage|p2a: Sneasler|9/100
|-damage|p2a: Sneasler|0 fnt
|faint|p2a: Sneasler
|-hitcount|p2: Sneasler|4
|-unboost|p1b: Dragonite|def|1
|-boost|p1b: Dragonite|spe|1
|
|upkeep
|
|t:|1757819169
|switch|p2a: Sinistcha|Sinistcha, L50|100/100
|-heal|p2b: Kommo-o|92/100|[from] ability: Hospitality|[of] p2a: Sinistcha
|turn|2
|
|t:|1757819180
|move|p1a: Vivillon|Protect|p1a: Vivillon
|-singleturn|p1a: Vivillon|Protect
|move|p2b: Kommo-o|Flamethrower|p1a: Vivillon
|-activate|p1a: Vivillon|move: Protect
|move|p1b: Dragonite|Haze|p1b: Dragonite
|-clearallboost
|move|p2a: Sinistcha|Life Dew||[still]|[spread] p2a,p2b
|-fail|p2a: Sinistcha|heal
|-heal|p2b: Kommo-o|100/100
|
|upkeep
|turn|3
|
|t:|1757819191
|move|p2b: Kommo-o|Protect|p2b: Kommo-o
|-singleturn|p2b: Kommo-o|Protect
|move|p1a: Vivillon|Hurricane|p2a: Sinistcha
|-supereffective|p2a: Sinistcha
|-damage|p2a: Sinistcha|20/100
|-start|p2a: Sinistcha|confusion
|-enditem|p2a: Sinistcha|Sitrus Berry|[eat]
|-heal|p2a: Sinistcha|44/100|[from] item: Sitrus Berry
|move|p1b: Dragonite|Scale Shot|p2a: Sinistcha|[miss]
|-miss|p1b: Dragonite|p2a: Sinistcha
|-activate|p2a: Sinistcha|confusion
|move|p2a: Sinistcha|Trick Room|p2a: Sinistcha
|-fieldstart|move: Trick Room|[of] p2a: Sinistcha
|
|upkeep
|turn|4
|
|t:|1757819206
|switch|p1a: Ursaluna|Ursaluna, L50, F|100/100
|-activate|p2a: Sinistcha|confusion
|-damage|p2a: Sinistcha|40/100|[from] confusion
|move|p1b: Dragonite|Scale Shot|p2a: Sinistcha
|-damage|p2a: Sinistcha|27/100
|-damage|p2a: Sinistcha|13/100
|-damage|p2a: Sinistcha|1/100
|-damage|p2a: Sinistcha|0 fnt
|faint|p2a: Sinistcha
|-hitcount|p2: Sinistcha|4
|-unboost|p1b: Dragonite|def|1
|-boost|p1b: Dragonite|spe|1
|move|p2b: Kommo-o|Clanging Scales|p1a: Ursaluna|[spread] p1a,p1b
|-supereffective|p1b: Dragonite
|-damage|p1a: Ursaluna|72/100
|-damage|p1b: Dragonite|68/100
|-unboost|p2b: Kommo-o|def|1
|
|-status|p1a: Ursaluna|brn|[from] item: Flame Orb
|upkeep
|
|t:|1757819213
|switch|p2a: Annihilape|Annihilape, L50, F|100/100
|turn|5
|
|t:|1757819227
|move|p1a: Ursaluna|Protect|p1a: Ursaluna
|-singleturn|p1a: Ursaluna|Protect
|move|p2a: Annihilape|Drain Punch|p1a: Ursaluna
|-activate|p1a: Ursaluna|move: Protect
|move|p2b: Kommo-o|Clanging Scales|p1a: Ursaluna|[spread] p1b
|-activate|p1a: Ursaluna|move: Protect
|-supereffective|p1b: Dragonite
|-damage|p1b: Dragonite|0 fnt
|faint|p1b: Dragonite
|-unboost|p2b: Kommo-o|def|1
|
|-damage|p1a: Ursaluna|67/100 brn|[from] brn
|upkeep
|
|t:|1757819246
|switch|p1b: Vivillon|Vivillon, L50, M|72/100
|turn|6
|
|t:|1757819258
|move|p1a: Ursaluna|Headlong Rush|p2a: Annihilape
|-damage|p2a: Annihilape|0 fnt
|-unboost|p1a: Ursaluna|def|1
|-unboost|p1a: Ursaluna|spd|1
|faint|p2a: Annihilape
|move|p2b: Kommo-o|Clangorous Soul|p2b: Kommo-o
|-boost|p2b: Kommo-o|atk|1
|-boost|p2b: Kommo-o|def|1
|-boost|p2b: Kommo-o|spa|1
|-boost|p2b: Kommo-o|spd|1
|-boost|p2b: Kommo-o|spe|1
|-damage|p2b: Kommo-o|68/100
|move|p1b: Vivillon|Sleep Powder|p2b: Kommo-o
|-status|p2b: Kommo-o|slp|[from] move: Sleep Powder
|
|-damage|p1a: Ursaluna|61/100 brn|[from] brn
|upkeep
|turn|7
|-message|Gligar64 forfeited.
|
|win|char_labs
|l|☆Gligar64
|player|p2|
||Gligar64 is ready for game 2.
|inactive|char_labs has 30 seconds to confirm battle start!
||char_labs is ready for game 2.
|uhtml|next|Next: Game 2 of 3
