|j|☆practicesemijrlman
|j|☆aviles0036
|html|practicesemijrlmanaviles0036    
|uhtml|bestof|Game 2 of a best-of-3
|t:|1757776453
|gametype|doubles
|player|p1|practicesemijrlman|1|1306
|player|p2|aviles0036|noland-gen3|1313
|gen|9
|tier|[Gen 9] VGC 2025 Reg H (Bo3)
|rated|
|rule|Species Clause: Limit one of each Pokémon
|rule|Item Clause: Limit 1 of each item
|clearpoke
|poke|p1|Dondozo, L50, F|
|poke|p1|Tatsugiri, L50, M|
|poke|p1|Indeedee, L50, M|
|poke|p1|Garchomp, L50, M|
|poke|p1|Gholdengo, L50|
|poke|p1|Murkrow, L50, M|
|poke|p2|Amoonguss, L50, F|
|poke|p2|Sneasler, L50, M|
|poke|p2|Gholdengo, L50|
|poke|p2|Incineroar, L50, M|
|poke|p2|Ursaluna-Bloodmoon, L50, M|
|poke|p2|Dragonite, L50, M|
|teampreview|4
|showteam|p1|Dondozo||Leftovers|Unaware|OrderUp,Earthquake,WaveCrash,Protect|||F|||50|,,,,,Grass]Tatsugiri||FocusSash|Commander|DracoMeteor,MuddyWater,IcyWind,Protect|||M|||50|,,,,,Stellar]Indeedee||ChoiceScarf|PsychicSurge|ExpandingForce,Trick,AfterYou,HyperVoice|||M|||50|,,,,,Psychic]Garchomp||LifeOrb|RoughSkin|Earthquake,StompingTantrum,DragonClaw,Protect|||M|||50|,,,,,Ground]Gholdengo||ChoiceSpecs|GoodasGold|MakeItRain,ShadowBall,SteelBeam,Thunderbolt||||||50|,,,,,Steel]Murkrow||Eviolite|Prankster|FoulPlay,Tailwind,Quash,Haze|||M|||50|,,,,,Ghost
|showteam|p2|Amoonguss||SitrusBerry|Regenerator|RagePowder,Spore,PollenPuff,Protect|||F|||50|,,,,,Water]Sneasler||FocusSash|Unburden|Protect,DireClaw,CloseCombat,ThroatChop|||M|||50|,,,,,Stellar]Gholdengo||LifeOrb|GoodasGold|Protect,MakeItRain,ShadowBall,NastyPlot||||||50|,,,,,Water]Incineroar||SafetyGoggles|Intimidate|KnockOff,PartingShot,FlareBlitz,FakeOut|||M|||50|,,,,,Ghost]Ursaluna-Bloodmoon||AssaultVest|MindsEye|BloodMoon,EarthPower,VacuumWave,HyperVoice|||M|||50|,,,,,Water]Dragonite||LoadedDice|Multiscale|ScaleShot,Tailwind,Haze,Protect|||M|||50|,,,,,Fairy
|inactive|Battle timer is ON: inactive players will automatically lose when time's up. (requested by practicesemijrlman)
|
|t:|1757776463
|teamsize|p1|4
|teamsize|p2|4
|start
|switch|p1a: Garchomp|Garchomp, L50, M|100/100
|switch|p1b: Murkrow|Murkrow, L50, M|100/100
|switch|p2a: Sneasler|Sneasler, L50, M|100/100
|switch|p2b: Dragonite|Dragonite, L50, M|100/100
|turn|1
|
|t:|1757776473
|-terastallize|p1a: Garchomp|Ground
|move|p1b: Murkrow|Tailwind|p1b: Murkrow
|-sidestart|p1: practicesemijrlman|move: Tailwind
|move|p1a: Garchomp|Earthquake|p2b: Dragonite|[spread] p2a
|-immune|p1b: Murkrow
|-immune|p2b: Dragonite
|-supereffective|p2a: Sneasler
|-enditem|p2a: Sneasler|Focus Sash
|-damage|p2a: Sneasler|1/100
|-damage|p1a: Garchomp|91/100|[from] item: Life Orb
|move|p2a: Sneasler|Dire Claw|p1b: Murkrow
|-damage|p1b: Murkrow|52/100
|-status|p1b: Murkrow|slp
|move|p2b: Dragonite|Scale Shot|p1b: Murkrow
|-damage|p1b: Murkrow|34/100 slp
|-damage|p1b: Murkrow|19/100 slp
|-damage|p1b: Murkrow|3/100 slp
|-damage|p1b: Murkrow|0 fnt
|faint|p1b: Murkrow
|-hitcount|p1: Murkrow|4
|-unboost|p2b: Dragonite|def|1
|-boost|p2b: Dragonite|spe|1
|
|upkeep
|
|t:|1757776482
|switch|p1b: Indeedee|Indeedee, L50, M|100/100
|-fieldstart|move: Psychic Terrain|[from] ability: Psychic Surge|[of] p1b: Indeedee
|turn|2
|inactive|aviles0036 has 30 seconds left.
|
|t:|1757776512
|switch|p2a: Incineroar|Incineroar, L50, M|100/100
|-ability|p2a: Incineroar|Intimidate|boost
|-unboost|p1a: Garchomp|atk|1
|-unboost|p1b: Indeedee|atk|1
|-terastallize|p2b: Dragonite|Fairy
|move|p1b: Indeedee|Expanding Force|p2b: Dragonite|[spread] p2b
|-immune|p2a: Incineroar
|-damage|p2b: Dragonite|72/100
|move|p1a: Garchomp|Stomping Tantrum|p2b: Dragonite
|-crit|p2b: Dragonite
|-damage|p2b: Dragonite|0 fnt
|faint|p2b: Dragonite
|-damage|p1a: Garchomp|81/100|[from] item: Life Orb
|
|upkeep
|c|☆aviles0036|jajaja
|c|☆aviles0036|good crit
|
|t:|1757776532
|switch|p2b: Ursaluna|Ursaluna-Bloodmoon, L50, M|100/100
|turn|3
|
|t:|1757776538
|switch|p2a: Sneasler|Sneasler, L50, M|1/100
|move|p1b: Indeedee|Expanding Force|p2a: Sneasler|[spread] p2a,p2b
|-supereffective|p2a: Sneasler
|-damage|p2a: Sneasler|0 fnt
|-damage|p2b: Ursaluna|64/100
|faint|p2a: Sneasler
|move|p1a: Garchomp|Earthquake|p2b: Ursaluna|[spread] p1b,p2b
|-damage|p1b: Indeedee|7/100
|-damage|p2b: Ursaluna|29/100
|-damage|p1a: Garchomp|71/100|[from] item: Life Orb
|move|p2b: Ursaluna|Blood Moon|p1a: Garchomp
|-damage|p1a: Garchomp|0 fnt
|faint|p1a: Garchomp
|
|upkeep
|
|t:|1757776543
|switch|p2a: Incineroar|Incineroar, L50, M|100/100
|switch|p1a: Gholdengo|Gholdengo, L50|100/100
|-ability|p2a: Incineroar|Intimidate|boost
|-unboost|p1a: Gholdengo|atk|1
|-unboost|p1b: Indeedee|atk|1
|turn|4
|
|t:|1757776563
|move|p1b: Indeedee|Expanding Force|p2a: Incineroar|[spread] p2b
|-immune|p2a: Incineroar
|-damage|p2b: Ursaluna|0 fnt
|faint|p2b: Ursaluna
|move|p1a: Gholdengo|Make It Rain|p2a: Incineroar
|-resisted|p2a: Incineroar
|-damage|p2a: Incineroar|53/100
|-unboost|p1a: Gholdengo|spa|1
|move|p2a: Incineroar|Knock Off|p1a: Gholdengo
|-supereffective|p1a: Gholdengo
|-damage|p1a: Gholdengo|7/100
|-enditem|p1a: Gholdengo|Choice Specs|[from] move: Knock Off|[of] p2a: Incineroar
|
|-sideend|p1: practicesemijrlman|move: Tailwind
|upkeep
|turn|5
|inactive|practicesemijrlman has 30 seconds left.
|
|t:|1757776593
|move|p1b: Indeedee|Expanding Force|p2a: Incineroar
|-immune|p2a: Incineroar
|move|p1a: Gholdengo|Thunderbolt|p2a: Incineroar
|-damage|p2a: Incineroar|32/100
|move|p2a: Incineroar|Knock Off|p1a: Gholdengo
|-supereffective|p1a: Gholdengo
|-crit|p1a: Gholdengo
|-damage|p1a: Gholdengo|0 fnt
|faint|p1a: Gholdengo
|
|upkeep
|turn|6
|
|t:|1757776605
|move|p1b: Indeedee|Expanding Force|p2a: Incineroar
|-immune|p2a: Incineroar
|move|p2a: Incineroar|Knock Off|p1b: Indeedee
|-supereffective|p1b: Indeedee
|-damage|p1b: Indeedee|0 fnt
|-enditem|p1b: Indeedee|Choice Scarf|[from] move: Knock Off|[of] p2a: Incineroar
|faint|p1b: Indeedee
|
|win|aviles0036
||aviles0036 is ready for game 3.
|l|☆aviles0036
|player|p2|
||practicesemijrlman is ready for game 3.
|uhtml|next|Next: Game 3 of 3
