|j|☆zephnix
|j|☆breloomb01
|html|zephnixbreloomb01    
|uhtml|bestof|Game 3 of a best-of-3
|t:|1785688771
|gametype|doubles
|player|p1|zephnix|lucas-gen4pt|1106
|player|p2|breloomb01|roughneck|1224
|gen|9
|tier|[Gen 9 Champions] VGC 2026 Reg M-B (Bo3)
|rated|
|rule|Species Clause: Limit one of each Pokémon
|rule|Item Clause: Limit 1 of each item
|clearpoke
|poke|p1|Scizor, L50, F, shiny|
|poke|p1|Meowscarada, L50, F|
|poke|p1|Armarouge, L50, M|
|poke|p1|Milotic, L50, M|
|poke|p1|Clefable, L50, F|
|poke|p1|Meowstic, L50, M|
|poke|p2|Floette-Eternal, L50, F|
|poke|p2|Incineroar, L50, M|
|poke|p2|Sinistcha, L50|
|poke|p2|Garchomp, L50, M|
|poke|p2|Sneasler, L50, M|
|poke|p2|Rotom-Wash, L50|
|teampreview|4
|showteam|p1|Scizor||Scizorite|Technician|BulletPunch,BugBite,Protect,SwordsDance|Adamant||F|||50|]Meowscarada||FocusSash|Protean|SuckerPunch,KnockOff,FlowerTrick,TripleAxel|Jolly||F|||50|]Armarouge||ShucaBerry|FlashFire|HeatWave,Psychic,Protect,WideGuard|Quiet||M|||50|]Milotic||Leftovers|Competitive|Scald,IceBeam,Protect,LifeDew|Bold||M|||50|]Clefable||SitrusBerry|Unaware|Moonblast,FollowMe,Protect,LifeDew|Calm||F|||50|]Meowstic||Meowsticite|Prankster|FakeOut,Reflect,LightScreen,Psychic|Timid||M|||50|
|showteam|p2|Floette-Eternal||Floettite|FlowerVeil|DrainingKiss,DazzlingGleam,CalmMind,Protect|Modest||F|||50|]Incineroar||SitrusBerry|Intimidate|FakeOut,FlareBlitz,ThroatChop,PartingShot|Careful||M|||50|]Sinistcha||KasibBerry|Hospitality|Protect,RagePowder,MatchaGotcha,TrickRoom|Calm|||||50|]Garchomp||LifeOrb|RoughSkin|Earthquake,DragonClaw,RockSlide,Protect|Jolly||M|||50|]Sneasler||WhiteHerb|Unburden|FakeOut,DireClaw,CloseCombat,Protect|Jolly||M|||50|]Rotom-Wash||Leftovers|Levitate|HydroPump,Protect,WillOWisp,Electroweb|Bold|||||50|
|
|t:|1785688803
|teamsize|p1|4
|teamsize|p2|4
|start
|switch|p1a: Meowscarada|Meowscarada, L50, F|100/100
|switch|p1b: Meowstic|Meowstic, L50, M|100/100
|switch|p2a: Rotom|Rotom-Wash, L50|100/100
|switch|p2b: Sneasler|Sneasler, L50, M|100/100
|turn|1
|
|t:|1785688818
|move|p2b: Sneasler|Fake Out|p1a: Meowscarada
|-crit|p1a: Meowscarada
|-damage|p1a: Meowscarada|68/100
|move|p1b: Meowstic|Light Screen|p1b: Meowstic
|-sidestart|p1: zephnix|move: Light Screen
|cant|p1a: Meowscarada|flinch
|move|p2a: Rotom|Will-O-Wisp|p1a: Meowscarada
|-status|p1a: Meowscarada|brn
|
|-damage|p1a: Meowscarada|62/100 brn|[from] brn
|upkeep
|turn|2
|
|t:|1785688835
|switch|p2b: Incineroar|Incineroar, L50, M|100/100
|-ability|p2b: Incineroar|Intimidate|boost
|-unboost|p1a: Meowscarada|atk|1
|-unboost|p1b: Meowstic|atk|1
|move|p1b: Meowstic|Reflect|p1b: Meowstic
|-sidestart|p1: zephnix|Reflect
|move|p1a: Meowscarada|Flower Trick|p2a: Rotom
|-start|p1a: Meowscarada|typechange|Grass|[from] ability: Protean
|-supereffective|p2a: Rotom|1
|-crit|p2a: Rotom
|-damage|p2a: Rotom|54/100
|move|p2a: Rotom|Electroweb|p1a: Meowscarada|[spread] p1a,p1b
|-resisted|p1a: Meowscarada|1
|-damage|p1a: Meowscarada|55/100 brn
|-damage|p1b: Meowstic|85/100
|-unboost|p1a: Meowscarada|spe|1
|-unboost|p1b: Meowstic|spe|1
|
|-heal|p2a: Rotom|60/100|[from] item: Leftovers
|-damage|p1a: Meowscarada|49/100 brn|[from] brn
|upkeep
|turn|3
|
|t:|1785688862
|switch|p1a: Clefable|Clefable, L50, F|100/100
|switch|p2a: Floette|Floette-Eternal, L50, F|100/100
|move|p1b: Meowstic|Psychic|p2a: Floette
|-damage|p2a: Floette|72/100
|move|p2b: Incineroar|Parting Shot|p1b: Meowstic
|-unboost|p1b: Meowstic|atk|1
|-unboost|p1b: Meowstic|spa|1
|
|t:|1785688865
|switch|p2b: Sneasler|Sneasler, L50, M|100/100|[from] Parting Shot
|
|upkeep
|turn|4
|
|t:|1785688892
|switch|p1b: Scizor|Scizor, L50, F, shiny|100/100
|move|p2b: Sneasler|Fake Out|p1b: Scizor
|-resisted|p1b: Scizor|1
|-damage|p1b: Scizor|94/100
|move|p2a: Floette|Calm Mind|p2a: Floette
|-boost|p2a: Floette|spa|1
|-boost|p2a: Floette|spd|1
|move|p1a: Clefable|Moonblast|p2a: Floette
|-damage|p2a: Floette|48/100
|
|upkeep
|turn|5
|
|t:|1785688918
|switch|p2b: Rotom|Rotom-Wash, L50|60/100
|switch|p2a: Incineroar|Incineroar, L50, M|100/100
|-ability|p2a: Incineroar|Intimidate|boost
|-unboost|p1a: Clefable|atk|1
|-unboost|p1b: Scizor|atk|1
|detailschange|p1b: Scizor|Scizor-Mega, L50, F, shiny
|-mega|p1b: Scizor|Scizor|Scizorite
|move|p1b: Scizor|Swords Dance|p1b: Scizor
|-boost|p1b: Scizor|atk|2
|move|p1a: Clefable|Moonblast|p2b: Rotom
|-damage|p2b: Rotom|26/100
|
|-heal|p2b: Rotom|32/100|[from] item: Leftovers
|-sideend|p1: zephnix|move: Light Screen
|upkeep
|turn|6
|
|t:|1785688951
|switch|p2a: Sneasler|Sneasler, L50, M|100/100
|move|p2b: Rotom|Protect|p2b: Rotom
|-singleturn|p2b: Rotom|Protect
|move|p1b: Scizor|Protect|p1b: Scizor
|-singleturn|p1b: Scizor|Protect
|move|p1a: Clefable|Life Dew||[still]|[spread] p1a,p1b
|-fail|p1a: Clefable|heal
|-heal|p1b: Scizor|100/100
|
|-heal|p2b: Rotom|37/100|[from] item: Leftovers
|-sideend|p1: zephnix|Reflect
|upkeep
|turn|7
|
|t:|1785688976
|switch|p1b: Meowstic|Meowstic, L50, M|85/100
|move|p2a: Sneasler|Fake Out|p1a: Clefable
|-damage|p1a: Clefable|82/100
|move|p2b: Rotom|Will-O-Wisp|p1b: Meowstic
|-status|p1b: Meowstic|brn
|cant|p1a: Clefable|flinch
|
|-heal|p2b: Rotom|43/100|[from] item: Leftovers
|-damage|p1b: Meowstic|79/100 brn|[from] brn
|upkeep
|turn|8
|
|t:|1785689002
|move|p2a: Sneasler|Protect|p2a: Sneasler
|-singleturn|p2a: Sneasler|Protect
|move|p1b: Meowstic|Reflect|p1b: Meowstic
|-sidestart|p1: zephnix|Reflect
|move|p2b: Rotom|Electroweb|p1a: Clefable|[spread] p1a,p1b
|-damage|p1a: Clefable|73/100
|-damage|p1b: Meowstic|59/100 brn
|-unboost|p1a: Clefable|spe|1
|-unboost|p1b: Meowstic|spe|1
|move|p1a: Clefable|Moonblast|p2b: Rotom
|-damage|p2b: Rotom|12/100
|
|-heal|p2b: Rotom|18/100|[from] item: Leftovers
|-damage|p1b: Meowstic|53/100 brn|[from] brn
|upkeep
|turn|9
|
|t:|1785689025
|switch|p2b: Incineroar|Incineroar, L50, M|100/100
|-ability|p2b: Incineroar|Intimidate|boost
|-unboost|p1a: Clefable|atk|1
|-unboost|p1b: Meowstic|atk|1
|move|p1b: Meowstic|Light Screen|p1b: Meowstic
|-sidestart|p1: zephnix|move: Light Screen
|move|p2a: Sneasler|Dire Claw|p1a: Clefable
|-supereffective|p1a: Clefable|1
|-damage|p1a: Clefable|5/100
|-enditem|p1a: Clefable|Sitrus Berry|[eat]
|-heal|p1a: Clefable|30/100|[from] item: Sitrus Berry
|move|p1a: Clefable|Moonblast|p2b: Incineroar
|-damage|p2b: Incineroar|77/100
|
|-damage|p1b: Meowstic|47/100 brn|[from] brn
|upkeep
|turn|10
|
|t:|1785689053
|switch|p1a: Scizor|Scizor-Mega, L50, F, shiny|100/100
|move|p2a: Sneasler|Protect|p2a: Sneasler
|-singleturn|p2a: Sneasler|Protect
|move|p1b: Meowstic|Psychic|p2a: Sneasler
|-activate|p2a: Sneasler|move: Protect
|move|p2b: Incineroar|Throat Chop|p1b: Meowstic
|-supereffective|p1b: Meowstic|1
|-damage|p1b: Meowstic|0 fnt
|faint|p1b: Meowstic
|
|upkeep
|
|t:|1785689069
|switch|p1b: Clefable|Clefable, L50, F|30/100
|turn|11
|
|t:|1785689074
|move|p1b: Clefable|Follow Me|p1b: Clefable
|-singleturn|p1b: Clefable|move: Follow Me
|move|p2a: Sneasler|Dire Claw|p1b: Clefable
|-supereffective|p1b: Clefable|1
|-damage|p1b: Clefable|0 fnt
|faint|p1b: Clefable
|move|p1a: Scizor|Swords Dance|p1a: Scizor
|-boost|p1a: Scizor|atk|2
|move|p2b: Incineroar|Flare Blitz|p1a: Scizor
|-supereffective|p1a: Scizor|2
|-damage|p1a: Scizor|9/100
|-damage|p2b: Incineroar|51/100|[from] Recoil
|
|upkeep
|
|t:|1785689079
|switch|p1b: Meowscarada|Meowscarada, L50, F|49/100 brn
|turn|12
|
|t:|1785689091
|switch|p2b: Rotom|Rotom-Wash, L50|18/100
|move|p1b: Meowscarada|Triple Axel|p2a: Sneasler
|-start|p1b: Meowscarada|typechange|Ice|[from] ability: Protean
|-damage|p2a: Sneasler|92/100
|-damage|p2a: Sneasler|75/100
|-hitcount|p2a: Sneasler|2
|move|p2a: Sneasler|Close Combat|p1a: Scizor
|-damage|p1a: Scizor|0 fnt
|-unboost|p2a: Sneasler|def|1
|-unboost|p2a: Sneasler|spd|1
|faint|p1a: Scizor
|-enditem|p2a: Sneasler|White Herb
|-clearnegativeboost|p2a: Sneasler|[silent]
|
|-heal|p2b: Rotom|24/100|[from] item: Leftovers
|-damage|p1b: Meowscarada|43/100 brn|[from] brn
|-sideend|p1: zephnix|Reflect
|upkeep
|turn|13
|
|t:|1785689103
|switch|p2b: Incineroar|Incineroar, L50, M|51/100
|-ability|p2b: Incineroar|Intimidate|boost
|-unboost|p1b: Meowscarada|atk|1
|move|p1b: Meowscarada|Sucker Punch||[still]
|-fail|p1b: Meowscarada
|move|p2a: Sneasler|Close Combat|p1b: Meowscarada
|-supereffective|p1b: Meowscarada|1
|-damage|p1b: Meowscarada|0 fnt
|-unboost|p2a: Sneasler|def|1
|-unboost|p2a: Sneasler|spd|1
|faint|p1b: Meowscarada
|
|win|breloomb01
|raw|zephnix's rating: 1106 → 1089(-17 for losing)
|raw|breloomb01's rating: 1224 → 1241(+17 for winning)
