|j|☆Isagii
|j|☆bermusinho
|html|Isagiibermusinho    
|uhtml|bestof|Game 1 of a best-of-3
|t:|1783249636
|gametype|doubles
|player|p1|Isagii|steven|1248
|player|p2|bermusinho|265|1329
|gen|9
|tier|[Gen 9 Champions] VGC 2026 Reg M-B (Bo3)
|rated|
|rule|Species Clause: Limit one of each Pokémon
|rule|Item Clause: Limit 1 of each item
|clearpoke
|poke|p1|Metagross, L50, shiny|
|poke|p1|Grimmsnarl, L50, M, shiny|
|poke|p1|Toxapex, L50, M|
|poke|p1|Hydreigon, L50, F|
|poke|p1|Charizard, L50, M, shiny|
|poke|p1|Garchomp, L50, F, shiny|
|poke|p2|Grimmsnarl, L50, M|
|poke|p2|Venusaur, L50, M|
|poke|p2|Swampert, L50, M|
|poke|p2|Archaludon, L50, M|
|poke|p2|Sneasler, L50, F|
|poke|p2|Pelipper, L50, F|
|teampreview|4
|showteam|p1|Metagross||Metagrossite|ClearBody|PsychicFangs,IronHead,BodyPress,Protect|Jolly|||||50|]Grimmsnarl||LightClay|Prankster|LightScreen,Reflect,PartingShot,SpiritBreak|Careful||M|||50|]Toxapex||Leftovers|Regenerator|Toxic,Infestation,WideGuard,BanefulBunker|Bold||M|||50|]Hydreigon||ChoiceScarf|Levitate|DracoMeteor,DarkPulse,HeatWave,Snarl|Modest||F|||50|]Charizard||CharizarditeY|Blaze|HeatWave,SolarBeam,WeatherBall,Protect|Modest||M|||50|]Garchomp||LifeOrb|RoughSkin|Earthquake,DragonClaw,RockSlide,Protect|Jolly||F|||50|
|showteam|p2|Grimmsnarl||LightClay|Prankster|PartingShot,SpiritBreak,Reflect,LightScreen|Careful||M|||50|]Venusaur||Venusaurite|Overgrow|Protect,GigaDrain,LeechSeed,SludgeBomb|Modest||M|||50|]Swampert||Swampertite|Torrent|Protect,WaveCrash,FlipTurn,HighHorsepower|Adamant||M|||50|]Archaludon||Leftovers|Stamina|Protect,FlashCannon,DragonPulse,ElectroShot|Modest||M|||50|]Sneasler||WhiteHerb|Unburden|Protect,CloseCombat,DireClaw,FakeOut|Adamant||F|||50|]Pelipper||LifeOrb|Drizzle|Protect,WeatherBall,Hurricane,Tailwind|Modest||F|||50|
|inactive|Battle timer is ON: inactive players will automatically lose when time's up. (requested by Isagii)
|
|t:|1783249659
|teamsize|p1|4
|teamsize|p2|4
|start
|switch|p1a: Garchomp|Garchomp, L50, F, shiny|100/100
|switch|p1b: Hydreigon|Hydreigon, L50, F|100/100
|switch|p2a: Grimmsnarl|Grimmsnarl, L50, M|100/100
|switch|p2b: Swampert|Swampert, L50, M|100/100
|turn|1
|
|t:|1783249682
|switch|p1a: Grimmsnarl|Grimmsnarl, L50, M, shiny|100/100
|move|p2b: Swampert|Protect|p2b: Swampert
|-singleturn|p2b: Swampert|Protect
|move|p2a: Grimmsnarl|Reflect|p2a: Grimmsnarl
|-sidestart|p2: bermusinho|Reflect
|move|p1b: Hydreigon|Draco Meteor|p2b: Swampert
|-activate|p2b: Swampert|move: Protect
|
|upkeep
|turn|2
|
|t:|1783249698
|detailschange|p2b: Swampert|Swampert-Mega, L50, M
|-mega|p2b: Swampert|Swampert|Swampertite
|move|p2a: Grimmsnarl|Light Screen|p2a: Grimmsnarl
|-sidestart|p2: bermusinho|move: Light Screen
|move|p1a: Grimmsnarl|Reflect|p1a: Grimmsnarl
|-sidestart|p1: Isagii|Reflect
|move|p1b: Hydreigon|Draco Meteor|p2b: Swampert
|-damage|p2b: Swampert|54/100
|-unboost|p1b: Hydreigon|spa|2
|move|p2b: Swampert|Flip Turn|p1a: Grimmsnarl
|-damage|p1a: Grimmsnarl|73/100
|
|t:|1783249710
|switch|p2b: Archaludon|Archaludon, L50, M|100/100|[from] Flip Turn
|
|upkeep
|turn|3
|
|t:|1783249717
|switch|p1b: Garchomp|Garchomp, L50, F, shiny|100/100
|move|p1a: Grimmsnarl|Light Screen|p1a: Grimmsnarl
|-sidestart|p1: Isagii|move: Light Screen
|move|p2b: Archaludon|Dragon Pulse|p1b: Garchomp
|-supereffective|p1b: Garchomp|1
|-damage|p1b: Garchomp|35/100
|move|p2a: Grimmsnarl|Spirit Break|p1b: Garchomp
|-supereffective|p1b: Garchomp|1
|-damage|p1b: Garchomp|0 fnt
|-damage|p2a: Grimmsnarl|87/100|[from] ability: Rough Skin|[of] p1b: Garchomp
|faint|p1b: Garchomp
|
|upkeep
|
|t:|1783249725
|switch|p1b: Hydreigon|Hydreigon, L50, F|100/100
|turn|4
|
|t:|1783249734
|move|p1b: Hydreigon|Draco Meteor|p2b: Archaludon
|-damage|p2b: Archaludon|53/100
|-unboost|p1b: Hydreigon|spa|2
|-ability|p2b: Archaludon|Stamina|boost
|-boost|p2b: Archaludon|def|1
|move|p2b: Archaludon|Dragon Pulse|p1b: Hydreigon
|-supereffective|p1b: Hydreigon|1
|-crit|p1b: Hydreigon
|-damage|p1b: Hydreigon|0 fnt
|faint|p1b: Hydreigon
|move|p2a: Grimmsnarl|Spirit Break|p1a: Grimmsnarl
|-supereffective|p1a: Grimmsnarl|1
|-damage|p1a: Grimmsnarl|30/100
|-unboost|p1a: Grimmsnarl|spa|1
|move|p1a: Grimmsnarl|Spirit Break|p2a: Grimmsnarl
|-supereffective|p2a: Grimmsnarl|1
|-damage|p2a: Grimmsnarl|48/100
|-unboost|p2a: Grimmsnarl|spa|1
|
|-heal|p2b: Archaludon|59/100|[from] item: Leftovers
|upkeep
|
|t:|1783249739
|switch|p1b: Charizard|Charizard, L50, M, shiny|100/100
|turn|5
|inactive|bermusinho has 30 seconds left.
|
|t:|1783249765
|detailschange|p1b: Charizard|Charizard-Mega-Y, L50, M, shiny
|-mega|p1b: Charizard|Charizard|Charizardite Y
|-weather|SunnyDay|[from] ability: Drought|[of] p1b: Charizard
|move|p2b: Archaludon|Protect|p2b: Archaludon
|-singleturn|p2b: Archaludon|Protect
|move|p2a: Grimmsnarl|Parting Shot|p1b: Charizard
|-unboost|p1b: Charizard|atk|1
|-unboost|p1b: Charizard|spa|1
|-message|Isagii forfeited.
|
|win|bermusinho
|l|☆Isagii
|player|p1|
||Isagii is ready for game 2.
||bermusinho is ready for game 2.
|uhtml|next|Next: Game 2 of 3
|j|☆Isagii
|player|p1|Isagii|steven|
