|j|☆battle gym trainer
|j|☆elziko
|html|battle gym trainerelziko    
|uhtml|bestof|Game 2 of a best-of-3
|t:|1756983701
|gametype|doubles
|player|p1|battle gym trainer|turo|1045
|player|p2|elziko|caitlin|1087
|gen|9
|tier|[Gen 9] VGC 2025 Reg H (Bo3)
|rated|
|rule|Species Clause: Limit one of each Pokémon
|rule|Item Clause: Limit 1 of each item
|clearpoke
|poke|p1|Pincurchin, L50, F|
|poke|p1|Toxtricity-Low-Key, L50, F|
|poke|p1|Sinistcha, L50|
|poke|p1|Araquanid, L50, F|
|poke|p1|Bronzong, L50|
|poke|p1|Archaludon, L50, M|
|poke|p2|Incineroar, L50, F|
|poke|p2|Kingambit, L50, M|
|poke|p2|Amoonguss, L50, F|
|poke|p2|Porygon2, L50|
|poke|p2|Ursaluna, L50, F|
|poke|p2|Flamigo, L50, F|
|teampreview|4
|showteam|p1|Pincurchin||EjectButton|ElectricSurge|Protect,RainDance,ZingZap,Recover|||F|||50|,,,,,Electric]Toxtricity-Low-Key||LifeOrb|PunkRock|Protect,Overdrive,Boomburst,SludgeBomb|||F|||50|,,,,,Electric]Sinistcha||SitrusBerry|Hospitality|TrickRoom,LifeDew,RagePowder,GigaDrain||||||50|,,,,,Dark]Araquanid||MysticWater|WaterBubble|Liquidation,Soak,WideGuard,Protect|||F|||50|,,,,,Water]Bronzong||ElectricSeed|Heatproof|BodyPress,IronDefense,HelpingHand,TrickRoom||||||50|,,,,,Flying]Archaludon||PowerHerb|Sturdy|ElectroShot,DragonPulse,FlashCannon,DarkPulse|||M|||50|,,,,,Electric
|showteam|p2|Incineroar||SafetyGoggles|Intimidate|FlareBlitz,KnockOff,FakeOut,PartingShot|||F|||50|,,,,,Ghost]Kingambit||LifeOrb|Defiant|KowtowCleave,IronHead,Protect,SuckerPunch|||M|||50|,,,,,Dark]Amoonguss||MentalHerb|Regenerator|Protect,Spore,RagePowder,SludgeBomb|||F|||50|,,,,,Water]Porygon2||Eviolite|Download|TrickRoom,TeraBlast,IceBeam,Protect||||||50|,,,,,Flying]Ursaluna||FlameOrb|Guts|Facade,HeadlongRush,Protect,Earthquake|||F|||50|,,,,,Normal]Flamigo||FocusSash|Scrappy|CloseCombat,BraveBird,WideGuard,Protect|||F|||50|,,,,,Flying
|inactive|Battle timer is ON: inactive players will automatically lose when time's up. (requested by elziko)
|
|t:|1756983730
|teamsize|p1|4
|teamsize|p2|4
|start
|switch|p1a: Bronzong|Bronzong, L50|100/100
|switch|p1b: Sinistcha|Sinistcha, L50|100/100
|switch|p2a: Porygon2|Porygon2, L50|100/100
|switch|p2b: Flamigo|Flamigo, L50, F|100/100
|-ability|p2a: Porygon2|Download|boost
|-boost|p2a: Porygon2|spa|1
|turn|1
|inactive|battle gym trainer has 30 seconds left.
|inactive|battle gym trainer has 20 seconds left.
|inactive|battle gym trainer has 15 seconds left.
|
|t:|1756983774
|switch|p1b: Pincurchin|Pincurchin, L50, F|100/100
|-fieldstart|move: Electric Terrain|[from] ability: Electric Surge|[of] p1b: Pincurchin
|-enditem|p1a: Bronzong|Electric Seed
|-boost|p1a: Bronzong|def|1|[from] item: Electric Seed
|move|p2b: Flamigo|Close Combat|p1a: Bronzong
|-damage|p1a: Bronzong|73/100
|-unboost|p2b: Flamigo|def|1
|-unboost|p2b: Flamigo|spd|1
|move|p1a: Bronzong|Iron Defense|p1a: Bronzong
|-boost|p1a: Bronzong|def|2
|move|p2a: Porygon2|Trick Room|p2a: Porygon2
|-fieldstart|move: Trick Room|[of] p2a: Porygon2
|
|upkeep
|turn|2
|c|☆elziko|Hm.
|inactive|battle gym trainer has 30 seconds left.
|inactive|elziko has 30 seconds left.
|inactive|elziko has 20 seconds left.
|
|t:|1756983811
|move|p2b: Flamigo|Protect|p2b: Flamigo
|-singleturn|p2b: Flamigo|Protect
|move|p1b: Pincurchin|Zing Zap|p2b: Flamigo
|-activate|p2b: Flamigo|move: Protect
|move|p1a: Bronzong|Body Press|p2b: Flamigo
|-activate|p2b: Flamigo|move: Protect
|move|p2a: Porygon2|Trick Room|p2a: Porygon2
|-fieldend|move: Trick Room
|
|upkeep
|turn|3
|c|☆elziko|Much better
|inactive|battle gym trainer has 30 seconds left.
|inactive|elziko has 30 seconds left.
|c|☆battle gym trainer|This is sobig brain
|inactive|battle gym trainer has 20 seconds left.
|inactive|elziko has 20 seconds left.
|inactive|battle gym trainer has 15 seconds left.
|
|t:|1756983854
|switch|p2b: Incineroar|Incineroar, L50, F|100/100
|-ability|p2b: Incineroar|Intimidate|boost
|-unboost|p1a: Bronzong|atk|1
|-unboost|p1b: Pincurchin|atk|1
|move|p2a: Porygon2|Tera Blast|p1a: Bronzong
|-resisted|p1a: Bronzong
|-damage|p1a: Bronzong|53/100
|move|p1b: Pincurchin|Zing Zap|p2b: Incineroar
|-damage|p2b: Incineroar|79/100
|move|p1a: Bronzong|Trick Room|p1a: Bronzong
|-fieldstart|move: Trick Room|[of] p1a: Bronzong
|
|upkeep
|turn|4
|
|t:|1756983876
|switch|p1b: Sinistcha|Sinistcha, L50|100/100
|-heal|p1a: Bronzong|78/100|[from] ability: Hospitality|[of] p1b: Sinistcha
|move|p2b: Incineroar|Fake Out|p1a: Bronzong
|-resisted|p1a: Bronzong
|-damage|p1a: Bronzong|75/100
|cant|p1a: Bronzong|flinch
|move|p2a: Porygon2|Tera Blast|p1a: Bronzong
|-resisted|p1a: Bronzong
|-damage|p1a: Bronzong|56/100
|
|upkeep
|turn|5
|
|t:|1756983893
|-terastallize|p2a: Porygon2|Flying
|move|p1a: Bronzong|Body Press|p2a: Porygon2
|-resisted|p2a: Porygon2
|-damage|p2a: Porygon2|76/100
|move|p2a: Porygon2|Tera Blast|p1b: Sinistcha|[anim] Tera Blast Flying
|-supereffective|p1b: Sinistcha
|-damage|p1b: Sinistcha|0 fnt
|faint|p1b: Sinistcha
|move|p2b: Incineroar|Flare Blitz|p1a: Bronzong
|-supereffective|p1a: Bronzong
|-damage|p1a: Bronzong|38/100
|-damage|p2b: Incineroar|74/100|[from] Recoil
|
|-fieldend|move: Electric Terrain
|upkeep
|
|t:|1756983905
|switch|p1b: Archaludon|Archaludon, L50, M, shiny|100/100
|turn|6
|c|☆elziko|Well
|c|☆elziko|That's not good
|
|t:|1756983928
|switch|p2a: Ursaluna|Ursaluna, L50, F|100/100
|move|p1a: Bronzong|Body Press|p2b: Incineroar
|-supereffective|p2b: Incineroar
|-damage|p2b: Incineroar|0 fnt
|faint|p2b: Incineroar
|move|p1b: Archaludon|Electro Shot||[still]
|-prepare|p1b: Archaludon|Electro Shot
|-boost|p1b: Archaludon|spa|1
|-enditem|p1b: Archaludon|Power Herb
|-anim|p1b: Archaludon|Electro Shot|p2a: Ursaluna
|-immune|p2a: Ursaluna
|
|-status|p2a: Ursaluna|brn|[from] item: Flame Orb
|upkeep
|
|t:|1756983941
|switch|p2b: Flamigo|Flamigo, L50, F|100/100
|turn|7
|inactive|battle gym trainer has 30 seconds left.
|
|t:|1756983967
|move|p2b: Flamigo|Protect|p2b: Flamigo
|-singleturn|p2b: Flamigo|Protect
|move|p1a: Bronzong|Body Press|p2a: Ursaluna
|-supereffective|p2a: Ursaluna
|-damage|p2a: Ursaluna|0 fnt
|faint|p2a: Ursaluna
|move|p1b: Archaludon|Dragon Pulse|p2b: Flamigo
|-activate|p2b: Flamigo|move: Protect
|
|-fieldend|move: Trick Room
|upkeep
|
|t:|1756983978
|switch|p2a: Porygon2|Porygon2, L50, tera:Flying|76/100
|-ability|p2a: Porygon2|Download|boost
|-boost|p2a: Porygon2|spa|1
|turn|8
|
|t:|1756983996
|move|p2b: Flamigo|Close Combat|p1a: Bronzong
|-damage|p1a: Bronzong|22/100
|-unboost|p2b: Flamigo|def|1
|-unboost|p2b: Flamigo|spd|1
|move|p1b: Archaludon|Dragon Pulse|p2b: Flamigo
|-enditem|p2b: Flamigo|Focus Sash
|-damage|p2b: Flamigo|1/100
|move|p2a: Porygon2|Tera Blast|p1a: Bronzong|[anim] Tera Blast Flying
|-resisted|p1a: Bronzong
|-damage|p1a: Bronzong|2/100
|move|p1a: Bronzong|Body Press|p2a: Porygon2
|-resisted|p2a: Porygon2
|-damage|p2a: Porygon2|51/100
|
|upkeep
|turn|9
|c|☆battle gym trainer|My brain
|inactive|battle gym trainer has 30 seconds left.
|c|☆battle gym trainer|Forgot it terad
|inactive|battle gym trainer has 20 seconds left.
|inactive|battle gym trainer has 15 seconds left.
|
|t:|1756984037
|move|p1a: Bronzong|Helping Hand|p1b: Archaludon
|-singleturn|p1b: Archaludon|Helping Hand|[of] p1a: Bronzong
|move|p2b: Flamigo|Close Combat|p1b: Archaludon
|-supereffective|p1b: Archaludon
|-damage|p1b: Archaludon|24/100
|-unboost|p2b: Flamigo|def|1
|-unboost|p2b: Flamigo|spd|1
|move|p1b: Archaludon|Dragon Pulse|p2b: Flamigo
|-damage|p2b: Flamigo|0 fnt
|faint|p2b: Flamigo
|move|p2a: Porygon2|Tera Blast|p1a: Bronzong|[anim] Tera Blast Flying
|-resisted|p1a: Bronzong
|-damage|p1a: Bronzong|0 fnt
|faint|p1a: Bronzong
|
|upkeep
|
|t:|1756984050
|switch|p1a: Pincurchin|Pincurchin, L50, F|100/100
|-fieldstart|move: Electric Terrain|[from] ability: Electric Surge|[of] p1a: Pincurchin
|turn|10
|
|t:|1756984059
|move|p1b: Archaludon|Dragon Pulse|p2a: Porygon2
|-damage|p2a: Porygon2|22/100
|move|p2a: Porygon2|Tera Blast|p1b: Archaludon|[anim] Tera Blast Flying
|-resisted|p1b: Archaludon
|-damage|p1b: Archaludon|0 fnt
|faint|p1b: Archaludon
|move|p1a: Pincurchin|Zing Zap|p2a: Porygon2
|-supereffective|p2a: Porygon2
|-damage|p2a: Porygon2|0 fnt
|faint|p2a: Porygon2
|
|win|battle gym trainer
||elziko is ready for game 3.
||battle gym trainer is ready for game 3.
|uhtml|next|Next: Game 3 of 3
