|j|☆vilan333
|j|☆altdotcom
|html|vilan333altdotcom    
|uhtml|bestof|Game 1 of a best-of-3
|t:|1782367908
|gametype|doubles
|player|p1|vilan333|marshal|1137
|player|p2|altdotcom|waitress|1267
|gen|9
|tier|[Gen 9 Champions] VGC 2026 Reg M-B (Bo3)
|rated|
|rule|Species Clause: Limit one of each Pokémon
|rule|Item Clause: Limit 1 of each item
|clearpoke
|poke|p1|Torkoal, L50, F|
|poke|p1|Vileplume, L50, F|
|poke|p1|Farigiraf, L50, F|
|poke|p1|Gallade, L50, M|
|poke|p1|Mawile, L50, F|
|poke|p1|Kangaskhan, L50, F|
|poke|p2|Pyroar, L50, F, shiny|
|poke|p2|Whimsicott, L50, F|
|poke|p2|Zoroark-Hisui, L50, F, shiny|
|poke|p2|Sylveon, L50, M|
|poke|p2|Kingambit, L50, M|
|poke|p2|Raichu, L50, F|
|teampreview|4
|showteam|p1|Torkoal||Charcoal|Drought|Eruption,WeatherBall,EarthPower,Protect|Quiet||F|||50|]Vileplume||FocusSash|Chlorophyll|EnergyBall,SludgeBomb,SleepPowder,AfterYou|Timid||F|||50|]Farigiraf||SitrusBerry|ArmorTail|TrickRoom,Protect,Psychic,HelpingHand|Bold||F|||50|]Gallade||IronBall|Sharpness|SacredSword,PsychoCut,WideGuard,TrickRoom|Brave||M|||50|]Mawile||Mawilite|Intimidate|SuckerPunch,PlayRough,SwordsDance,Protect|Brave||F|||50|]Kangaskhan||Kangaskhanite|Scrappy|FakeOut,LowKick,DoubleEdge,IcePunch|Brave||F|||50|
|showteam|p2|Pyroar||Pyroarite|Moxie|HeatWave,Overheat,SolarBeam,Protect|Modest||F|||50|]Whimsicott||FocusSash|Prankster|Tailwind,Moonblast,Encore,SunnyDay|Timid||F|||50|]Zoroark-Hisui||LifeOrb|Illusion|HyperVoice,ShadowBall,IcyWind,GrassKnot|Timid||F|||50|]Sylveon||FairyFeather|Pixilate|HyperVoice,HyperBeam,QuickAttack,Detect|Modest||M|||50|]Kingambit||BlackGlasses|Defiant|KowtowCleave,SuckerPunch,SwordsDance,Protect|Adamant||M|||50|]Raichu||RaichuniteY|LightningRod|FakeOut,ZapCannon,FocusBlast,Encore|Timid||F|||50|
|inactive|Battle timer is ON: inactive players will automatically lose when time's up. (requested by altdotcom)
|inactive|altdotcom has 60 seconds left.
|
|t:|1782367971
|teamsize|p1|4
|teamsize|p2|4
|start
|switch|p1a: Farigiraf|Farigiraf, L50, F|100/100
|switch|p1b: Kangaskhan|Kangaskhan, L50, F|100/100
|switch|p2a: Sylveon|Sylveon, L50, M|100/100
|switch|p2b: Kingambit|Kingambit, L50, M|100/100
|turn|1
|inactive|vilan333 has 30 seconds left.
|
|t:|1782368001
|move|p2b: Kingambit|Protect|p2b: Kingambit
|-singleturn|p2b: Kingambit|Protect
|move|p1b: Kangaskhan|Fake Out|p2a: Sylveon
|-damage|p2a: Sylveon|74/100
|cant|p2a: Sylveon|flinch
|move|p1a: Farigiraf|Trick Room|p1a: Farigiraf
|-fieldstart|move: Trick Room|[of] p1a: Farigiraf
|
|upkeep
|turn|2
|
|t:|1782368021
|switch|p2b: Whimsicott|Whimsicott, L50, F|100/100
|detailschange|p1b: Kangaskhan|Kangaskhan-Mega, L50, F
|-mega|p1b: Kangaskhan|Kangaskhan|Kangaskhanite
|move|p1a: Farigiraf|Psychic|p2a: Sylveon
|-damage|p2a: Sylveon|47/100
|move|p2a: Sylveon|Hyper Voice|p1a: Farigiraf|[spread] p1a,p1b
|-damage|p1a: Farigiraf|61/100
|-damage|p1b: Kangaskhan|59/100
|move|p1b: Kangaskhan|Low Kick|p2b: Whimsicott
|-resisted|p2b: Whimsicott|1
|-damage|p2b: Whimsicott|94/100
|-resisted|p2b: Whimsicott|1
|-damage|p2b: Whimsicott|94/100
|-hitcount|p2b: Whimsicott|2
|
|upkeep
|turn|3
|inactive|altdotcom has 30 seconds left.
|
|t:|1782368048
|move|p2b: Whimsicott|Sunny Day|p2b: Whimsicott
|-weather|SunnyDay
|move|p1a: Farigiraf|Psychic|p2a: Sylveon
|-damage|p2a: Sylveon|24/100
|-unboost|p2a: Sylveon|spd|1
|move|p2a: Sylveon|Hyper Voice|p1b: Kangaskhan|[spread] p1a,p1b
|-crit|p1a: Farigiraf
|-damage|p1a: Farigiraf|0 fnt
|-damage|p1b: Kangaskhan|17/100
|faint|p1a: Farigiraf
|move|p1b: Kangaskhan|Double-Edge|p2b: Whimsicott
|-damage|p2b: Whimsicott|0 fnt
|faint|p2b: Whimsicott
|-damage|p1b: Kangaskhan|0 fnt|[from] Recoil
|faint|p1b: Kangaskhan
|
|-weather|SunnyDay|[upkeep]
|upkeep
|
|t:|1782368066
|switch|p1a: Torkoal|Torkoal, L50, F|100/100
|switch|p1b: Mawile|Mawile, L50, F|100/100
|switch|p2b: Kingambit|Kingambit, L50, M|100/100
|-ability|p1b: Mawile|Intimidate|boost
|-unboost|p2a: Sylveon|atk|1
|-unboost|p2b: Kingambit|atk|1
|-ability|p2b: Kingambit|Defiant|boost
|-boost|p2b: Kingambit|atk|2
|turn|4
|inactive|altdotcom has 30 seconds left.
|
|t:|1782368098
|switch|p2a: Pyroar|Pyroar, L50, F, shiny|100/100
|move|p2b: Kingambit|Sucker Punch|p1a: Torkoal
|-damage|p1a: Torkoal|41/100
|move|p1a: Torkoal|Eruption|p2b: Kingambit|[spread] p2a,p2b
|-resisted|p2a: Pyroar|1
|-supereffective|p2b: Kingambit|1
|-damage|p2a: Pyroar|73/100
|-damage|p2b: Kingambit|33/100
|move|p1b: Mawile|Swords Dance|p1b: Mawile
|-boost|p1b: Mawile|atk|2
|
|-weather|SunnyDay|[upkeep]
|upkeep
|turn|5
|
|t:|1782368120
|detailschange|p2a: Pyroar|Pyroar-Mega, L50, F, shiny
|-mega|p2a: Pyroar|Pyroar|Pyroarite
|move|p2a: Pyroar|Protect|p2a: Pyroar
|-singleturn|p2a: Pyroar|Protect
|move|p2b: Kingambit|Sucker Punch|p1a: Torkoal
|-damage|p1a: Torkoal|0 fnt
|faint|p1a: Torkoal
|move|p1b: Mawile|Play Rough|p2a: Pyroar
|-activate|p2a: Pyroar|move: Protect
|
|-weather|SunnyDay|[upkeep]
|-fieldend|move: Trick Room
|upkeep
|turn|6
|inactive|altdotcom has 30 seconds left.
|
|t:|1782368147
|move|p1b: Mawile|Sucker Punch|p2a: Pyroar
|-damage|p2a: Pyroar|22/100
|move|p2a: Pyroar|Overheat|p1b: Mawile
|-supereffective|p1b: Mawile|1
|-damage|p1b: Mawile|0 fnt
|-unboost|p2a: Pyroar|spa|2
|faint|p1b: Mawile
|
|win|altdotcom
||altdotcom is ready for game 2.
|l|☆vilan333
|player|p1|
||vilan333 is ready for game 2.
|uhtml|next|Next: Game 2 of 3
|l|☆altdotcom
|player|p2|
|j|☆vilan333
|player|p1|vilan333|marshal|
