|j|☆llufamistica
|j|☆Xeno_07
|html|llufamisticaXeno_07    
|uhtml|bestof|Game 1 of a best-of-3
|t:|1756457001
|gametype|doubles
|player|p1|llufamistica|169|1106
|player|p2|Xeno_07|266|1109
|gen|9
|tier|[Gen 9] VGC 2025 Reg H (Bo3)
|rated|
|rule|Species Clause: Limit one of each Pokémon
|rule|Item Clause: Limit 1 of each item
|clearpoke
|poke|p1|Murkrow, L50, M|
|poke|p1|Garchomp, L50, M|
|poke|p1|Toxtricity, L50, M|
|poke|p1|Zoroark-Hisui, L50, F|
|poke|p1|Indeedee-F, L50, F|
|poke|p1|Annihilape, L50, F|
|poke|p2|Toxapex, L50, F|
|poke|p2|Raichu, L50, M|
|poke|p2|Gholdengo, L50|
|poke|p2|Amoonguss, L50, M|
|poke|p2|Incineroar, L50, F|
|poke|p2|Gastrodon, L50, F|
|teampreview|4
|showteam|p1|Murkrow||Eviolite|Prankster|Tailwind,BraveBird,Quash,Haze|||M|||50|,,,,,Ghost]Garchomp||LifeOrb|RoughSkin|Earthquake,IronHead,RockSlide,Protect|||M|||50|,,,,,Steel]Toxtricity||ChoiceSpecs|PunkRock|Boomburst,Overdrive,VoltSwitch,SludgeBomb|||M|||50|,,,,,Normal]Zoroark-Hisui||FocusSash|Illusion|ShadowBall,Protect,HyperVoice,NastyPlot|||F|||50|,,,,,Stellar]Indeedee-F||SafetyGoggles|Synchronize|FollowMe,HelpingHand,FakeOut,ShadowBall|||F|||50|,,,,,Ghost]Annihilape||ChoiceScarf|Defiant|FinalGambit,HelpingHand,ShadowClaw,CloseCombat|||F|||50|,,,,,Grass
|showteam|p2|Toxapex||BlackSludge|Merciless|BanefulBunker,PainSplit,Venoshock,Hex|||F|||50|,,,,,Grass]Raichu||FocusSash|LightningRod|FakeOut,Nuzzle,VoltSwitch,Protect|||M|||50|,,,,,Ghost]Gholdengo||LifeOrb|GoodasGold|NastyPlot,Protect,MakeItRain,ShadowBall||||||50|,,,,,Water]Amoonguss||RockyHelmet|Regenerator|Protect,RagePowder,Spore,PollenPuff|||M|||50|,,,,,Water]Incineroar||SitrusBerry|Intimidate|FlareBlitz,FakeOut,KnockOff,PartingShot|||F|||50|,,,,,Ghost]Gastrodon||Leftovers|StormDrain|EarthPower,Protect,IceBeam,Yawn|||F|||50|,,,,,Grass
|inactive|Battle timer is ON: inactive players will automatically lose when time's up. (requested by llufamistica)
|inactive|llufamistica has 60 seconds left.
|inactive|Xeno_07 has 60 seconds left.
|inactive|llufamistica has 30 seconds left.
|
|t:|1756457077
|teamsize|p1|4
|teamsize|p2|4
|start
|switch|p1a: Toxtricity|Toxtricity, L50, M, shiny|100/100
|switch|p1b: Annihilape|Annihilape, L50, F, shiny|100/100
|switch|p2a: Raichu|Raichu, L50, M|100/100
|switch|p2b: Gholdengo|Gholdengo, L50|100/100
|turn|1
|inactive|llufamistica has 30 seconds left.
|inactive|Xeno_07 has 30 seconds left.
|
|t:|1756457107
|-terastallize|p1a: Toxtricity|Normal
|move|p2b: Gholdengo|Protect|p2b: Gholdengo
|-singleturn|p2b: Gholdengo|Protect
|move|p1b: Annihilape|Shadow Claw|p2b: Gholdengo
|-activate|p2b: Gholdengo|move: Protect
|move|p2a: Raichu|Nuzzle|p1b: Annihilape
|-damage|p1b: Annihilape|95/100
|-status|p1b: Annihilape|par
|move|p1a: Toxtricity|Boomburst|p2a: Raichu|[spread] p2a
|-activate|p2b: Gholdengo|move: Protect
|-immune|p1b: Annihilape
|-enditem|p2a: Raichu|Focus Sash
|-damage|p2a: Raichu|1/100
|
|upkeep
|turn|2
|inactive|llufamistica has 30 seconds left.
|inactive|Xeno_07 has 30 seconds left.
|inactive|Xeno_07 has 20 seconds left.
|inactive|Xeno_07 has 15 seconds left.
|
|t:|1756457150
|move|p2a: Raichu|Protect|p2a: Raichu
|-singleturn|p2a: Raichu|Protect
|move|p1a: Toxtricity|Boomburst|p2b: Gholdengo|[spread] 
|-activate|p2a: Raichu|move: Protect
|-immune|p1b: Annihilape
|-immune|p2b: Gholdengo
|move|p2b: Gholdengo|Make It Rain|p1b: Annihilape|[spread] p1a,p1b
|-damage|p1a: Toxtricity|8/100
|-damage|p1b: Annihilape|45/100 par
|-unboost|p2b: Gholdengo|spa|1
|-damage|p2b: Gholdengo|91/100|[from] item: Life Orb
|move|p1b: Annihilape|Shadow Claw|p2a: Raichu
|-activate|p2a: Raichu|move: Protect
|
|upkeep
|turn|3
|inactive|llufamistica has 30 seconds left.
|inactive|Xeno_07 has 30 seconds left.
|
|t:|1756457184
|move|p2a: Raichu|Volt Switch|p1a: Toxtricity
|-damage|p1a: Toxtricity|0 fnt
|faint|p1a: Toxtricity
|
|t:|1756457194
|switch|p2a: Gastrodon|Gastrodon, L50, F|100/100|[from] Volt Switch
|move|p2b: Gholdengo|Shadow Ball|p1b: Annihilape
|-supereffective|p1b: Annihilape
|-damage|p1b: Annihilape|0 fnt
|faint|p1b: Annihilape
|-damage|p2b: Gholdengo|81/100|[from] item: Life Orb
|
|upkeep
|
|t:|1756457203
|switch|p1b: Indeedee|Indeedee-F, L50, F|100/100
|switch|p1a: Indeedee|Indeedee-F, L50, F|100/100
|turn|4
|inactive|Xeno_07 has 30 seconds left.
|inactive|llufamistica has 30 seconds left.
|inactive|Xeno_07 has 20 seconds left.
|
|t:|1756457241
|switch|p2b: Amoonguss|Amoonguss, L50, M|100/100
|move|p1b: Indeedee|Fake Out|p2a: Gastrodon
|-damage|p2a: Gastrodon|94/100
|move|p1a: Indeedee|Nasty Plot|p1a: Indeedee
|-boost|p1a: Indeedee|spa|2
|cant|p2a: Gastrodon|flinch
|
|-heal|p2a: Gastrodon|99/100|[from] item: Leftovers
|upkeep
|turn|5
|inactive|llufamistica has 30 seconds left.
|
|t:|1756457273
|move|p1b: Indeedee|Follow Me|p1b: Indeedee
|-singleturn|p1b: Indeedee|move: Follow Me
|move|p1a: Indeedee|Nasty Plot|p1a: Indeedee
|-boost|p1a: Indeedee|spa|2
|move|p2b: Amoonguss|Spore|p1b: Indeedee
|-activate|p1b: Indeedee|item: Safety Goggles|Spore
|move|p2a: Gastrodon|Earth Power|p1b: Indeedee
|-damage|p1b: Indeedee|72/100
|
|-heal|p2a: Gastrodon|100/100|[from] item: Leftovers
|upkeep
|turn|6
|
|t:|1756457295
|move|p1b: Indeedee|Helping Hand|p1a: Indeedee
|-singleturn|p1a: Indeedee|Helping Hand|[of] p1b: Indeedee
|move|p1a: Indeedee|Hyper Voice|p2a: Gastrodon|[spread] p2a,p2b
|-damage|p2a: Gastrodon|0 fnt
|-damage|p2b: Amoonguss|0 fnt
|faint|p2a: Gastrodon
|faint|p2b: Amoonguss
|
|upkeep
|
|t:|1756457303
|switch|p2b: Gholdengo|Gholdengo, L50|81/100
|switch|p2a: Raichu|Raichu, L50, M|1/100
|turn|7
|inactive|llufamistica has 30 seconds left.
|inactive|Xeno_07 has 30 seconds left.
|
|t:|1756457337
|-terastallize|p2a: Raichu|Ghost
|move|p1a: Indeedee|Protect|p1a: Indeedee
|-singleturn|p1a: Indeedee|Protect
|move|p2a: Raichu|Nuzzle|p1a: Indeedee
|-activate|p1a: Indeedee|move: Protect
|move|p2b: Gholdengo|Make It Rain|p1b: Indeedee|[spread] p1b
|-activate|p1a: Indeedee|move: Protect
|-damage|p1b: Indeedee|13/100
|-unboost|p2b: Gholdengo|spa|1
|-damage|p2b: Gholdengo|71/100|[from] item: Life Orb
|move|p1b: Indeedee|Shadow Ball|p2a: Raichu
|-supereffective|p2a: Raichu
|-damage|p2a: Raichu|0 fnt
|faint|p2a: Raichu
|
|upkeep
|turn|8
|inactive|Xeno_07 has 30 seconds left.
|
|t:|1756457363
|move|p1b: Indeedee|Helping Hand|p1a: Indeedee
|-singleturn|p1a: Indeedee|Helping Hand|[of] p1b: Indeedee
|move|p1a: Indeedee|Shadow Ball|p2b: Gholdengo
|-supereffective|p2b: Gholdengo
|-damage|p2b: Gholdengo|0 fnt
|faint|p2b: Gholdengo
|
|win|llufamistica
|l|☆Xeno_07
|player|p2|
||Xeno_07 is ready for game 2.
||llufamistica is ready for game 2.
|uhtml|next|Next: Game 2 of 3
