|j|☆Blindfistin
|j|☆lux raymundi
|html|Blindfistinlux raymundi    
|uhtml|bestof|Game 2 of a best-of-3
|t:|1782599078
|gametype|doubles
|player|p1|Blindfistin|101|1169
|player|p2|lux raymundi|169|1223
|gen|9
|tier|[Gen 9 Champions] VGC 2026 Reg M-B (Bo3)
|rated|
|rule|Species Clause: Limit one of each Pokémon
|rule|Item Clause: Limit 1 of each item
|clearpoke
|poke|p1|Sableye, L50, F|
|poke|p1|Basculegion-F, L50, F|
|poke|p1|Lopunny, L50, F|
|poke|p1|Archaludon, L50, F|
|poke|p1|Glimmora, L50, M|
|poke|p1|Meganium, L50, F|
|poke|p2|Farigiraf, L50, M|
|poke|p2|Floette-Eternal, L50, F|
|poke|p2|Basculegion, L50, M|
|poke|p2|Sneasler, L50, M|
|poke|p2|Sinistcha, L50|
|poke|p2|Delphox, L50, M|
|teampreview|4
|showteam|p1|Sableye||RoseliBerry|Prankster|WillOWisp,RainDance,Encore,Disable|Sassy||F|||50|]Basculegion-F||ChoiceScarf|Adaptability|MuddyWater,ShadowBall,Hex,IceBeam|Timid||F|||50|]Lopunny||Lopunnite|CuteCharm|CloseCombat,TripleAxel,FakeOut,Protect|Adamant||F|||50|]Archaludon||Leftovers|Stamina|ElectroShot,DragonPulse,FlashCannon,Protect|Bold||F|||50|]Glimmora||FocusSash|ToxicDebris|PowerGem,SludgeBomb,EarthPower,SpikyShield|Modest||M|||50|]Meganium||Meganiumite|Overgrow|SolarBeam,DazzlingGleam,WeatherBall,Protect|Modest||F|||50|
|showteam|p2|Farigiraf||SitrusBerry|ArmorTail|TrickRoom,HelpingHand,Protect,TwinBeam|Bold||M|||50|]Floette-Eternal||Floettite|FlowerVeil|CalmMind,DazzlingGleam,Moonblast,Protect|Modest||F|||50|]Basculegion||FocusSash|Adaptability|AquaJet,Liquidation,LastRespects,Protect|Adamant||M|||50|]Sneasler||WhiteHerb|Unburden|FakeOut,CloseCombat,DireClaw,Protect|Jolly||M|||50|]Sinistcha||KasibBerry|Hospitality|MatchaGotcha,RagePowder,TrickRoom,LifeDew|Serious|||||50|]Delphox||Delphoxite|Blaze|NastyPlot,HeatWave,Psychic,Protect|Timid||M|||50|
|
|t:|1782599118
|teamsize|p1|4
|teamsize|p2|4
|start
|switch|p1a: Sableye|Sableye, L50, F|100/100
|switch|p1b: Basculegion|Basculegion-F, L50, F|100/100
|switch|p2a: Farigiraf|Farigiraf, L50, M|100/100
|switch|p2b: Floette|Floette-Eternal, L50, F|100/100
|turn|1
|
|t:|1782599123
|detailschange|p2b: Floette|Floette-Mega, L50, F
|-mega|p2b: Floette|Floette|Floettite
|-ability|p2b: Floette|Fairy Aura
|move|p2a: Farigiraf|Helping Hand|p2b: Floette
|-singleturn|p2b: Floette|Helping Hand|[of] p2a: Farigiraf
|move|p1a: Sableye|Rain Dance|p1a: Sableye
|-weather|RainDance
|move|p1b: Basculegion|Muddy Water|p2b: Floette|[spread] p2a,p2b
|-damage|p2a: Farigiraf|50/100g
|-damage|p2b: Floette|59/100
|move|p2b: Floette|Dazzling Gleam|p1a: Sableye|[spread] p1a,p1b
|-supereffective|p1a: Sableye|1
|-enditem|p1a: Sableye|Roseli Berry|[eat]
|-enditem|p1a: Sableye|Roseli Berry|[weaken]
|-damage|p1a: Sableye|21/100
|-damage|p1b: Basculegion|23/100
|
|-weather|RainDance|[upkeep]
|upkeep
|turn|2
|
|t:|1782599163
|switch|p2a: Sinistcha|Sinistcha, L50|100/100
|-heal|p2b: Floette|84/100|[from] ability: Hospitality|[of] p2a: Sinistcha
|switch|p1a: Archaludon|Archaludon, L50, F|100/100
|move|p2b: Floette|Protect|p2b: Floette
|-singleturn|p2b: Floette|Protect
|move|p1b: Basculegion|Muddy Water|p2a: Sinistcha|[spread] 
|-activate|p2b: Floette|move: Protect
|-miss|p1b: Basculegion|p2a: Sinistcha
|
|-weather|RainDance|[upkeep]
|upkeep
|turn|3
|
|t:|1782599181
|move|p2a: Sinistcha|Rage Powder|p2a: Sinistcha
|-singleturn|p2a: Sinistcha|move: Rage Powder
|move|p1b: Basculegion|Muddy Water|p2b: Floette|[spread] p2a,p2b
|-resisted|p2a: Sinistcha|1
|-damage|p2a: Sinistcha|73/100
|-damage|p2b: Floette|38/100
|move|p2b: Floette|Calm Mind|p2b: Floette
|-boost|p2b: Floette|spa|1
|-boost|p2b: Floette|spd|1
|move|p1a: Archaludon|Electro Shot||[still]
|-prepare|p1a: Archaludon|Electro Shot
|-boost|p1a: Archaludon|spa|1
|-anim|p1a: Archaludon|Electro Shot|p2a: Sinistcha
|-resisted|p2a: Sinistcha|1
|-damage|p2a: Sinistcha|45/100
|
|-weather|RainDance|[upkeep]
|upkeep
|turn|4
|
|t:|1782599196
|move|p2a: Sinistcha|Rage Powder|p2a: Sinistcha
|-singleturn|p2a: Sinistcha|move: Rage Powder
|move|p1b: Basculegion|Muddy Water|p2a: Sinistcha|[spread] p2b
|-miss|p1b: Basculegion|p2a: Sinistcha
|-damage|p2b: Floette|9/100
|move|p2b: Floette|Moonblast|p1a: Archaludon
|-damage|p1a: Archaludon|0 fnt
|faint|p1a: Archaludon
|
|-weather|RainDance|[upkeep]
|upkeep
|
|t:|1782599214
|switch|p1a: Glimmora|Glimmora, L50, M|100/100
|turn|5
|
|t:|1782599228
|switch|p2b: Farigiraf|Farigiraf, L50, M|50/100g
|move|p1b: Basculegion|Muddy Water|p2a: Sinistcha|[spread] p2a
|-miss|p1b: Basculegion|p2b: Farigiraf
|-resisted|p2a: Sinistcha|1
|-damage|p2a: Sinistcha|16/100
|move|p1a: Glimmora|Sludge Bomb|p2a: Sinistcha
|-damage|p2a: Sinistcha|0 fnt
|faint|p2a: Sinistcha
|
|-weather|none
|upkeep
|
|t:|1782599237
|switch|p2a: Basculegion|Basculegion, L50, M|100/100
|turn|6
|
|t:|1782599270
|move|p2a: Basculegion|Protect|p2a: Basculegion
|-singleturn|p2a: Basculegion|Protect
|move|p1b: Basculegion|Muddy Water|p2a: Basculegion|[spread] p2b
|-activate|p2a: Basculegion|move: Protect
|-damage|p2b: Farigiraf|17/100
|-unboost|p2b: Farigiraf|accuracy|1
|-enditem|p2b: Farigiraf|Sitrus Berry|[eat]
|-heal|p2b: Farigiraf|41/100|[from] item: Sitrus Berry
|move|p1a: Glimmora|Sludge Bomb|p2b: Farigiraf
|-damage|p2b: Farigiraf|0 fnt
|faint|p2b: Farigiraf
|
|upkeep
|
|t:|1782599277
|switch|p2b: Floette|Floette-Mega, L50, F|9/100
|-ability|p2b: Floette|Fairy Aura
|turn|7
|
|t:|1782599309
|move|p2a: Basculegion|Aqua Jet|p1a: Glimmora
|-supereffective|p1a: Glimmora|1
|-damage|p1a: Glimmora|37/100
|-activate|p1a: Glimmora|ability: Toxic Debris
|-sidestart|p2: lux raymundi|move: Toxic Spikes
|move|p1b: Basculegion|Muddy Water|p2a: Basculegion|[spread] p2a,p2b
|-resisted|p2a: Basculegion|1
|-damage|p2a: Basculegion|77/100
|-damage|p2b: Floette|0 fnt
|-unboost|p2a: Basculegion|accuracy|1
|faint|p2b: Floette
|move|p1a: Glimmora|Sludge Bomb|p2a: Basculegion
|-resisted|p2a: Basculegion|1
|-damage|p2a: Basculegion|45/100
|-status|p2a: Basculegion|psn
|
|-damage|p2a: Basculegion|32/100 psn|[from] psn
|upkeep
|turn|8
|
|t:|1782599318
|move|p2a: Basculegion|Aqua Jet|p1b: Basculegion
|-resisted|p1b: Basculegion|1
|-damage|p1b: Basculegion|5/100
|move|p1b: Basculegion|Muddy Water|p2a: Basculegion|[miss]
|-miss|p1b: Basculegion|p2a: Basculegion
|move|p1a: Glimmora|Power Gem|p2a: Basculegion
|-damage|p2a: Basculegion|0 fnt
|faint|p2a: Basculegion
|
|win|Blindfistin
