|j|â˜†SitrusC
|j|â˜†MagicalArcher57
|html|SitrusCMagicalArcher57    
|uhtml|bestof|Game 2 of a best-of-3
|t:|1783861519
|gametype|doubles
|player|p1|SitrusC|lucas|
|player|p2|MagicalArcher57|diantha|
|gen|9
|tier|[Gen 9 Champions] VGC 2026 Reg M-B (Bo3)
|rule|Species Clause: Limit one of each PokÃ©mon
|rule|Item Clause: Limit 1 of each item
|clearpoke
|poke|p1|Charizard, L50, M|
|poke|p1|Garchomp, L50, M|
|poke|p1|Kingambit, L50, F|
|poke|p1|Aerodactyl, L50, F|
|poke|p1|Farigiraf, L50, F|
|poke|p1|Sylveon, L50, F|
|poke|p2|Aerodactyl, L50, F|
|poke|p2|Kingambit, L50, F|
|poke|p2|Sylveon, L50, F|
|poke|p2|Garchomp, L50, F|
|poke|p2|Charizard, L50, M|
|poke|p2|Incineroar, L50, F|
|teampreview|4
|showteam|p1|Charizard||CharizarditeY|Blaze|Protect,HeatWave,SolarBeam,WeatherBall|Modest||M|||50|]Garchomp||LifeOrb|RoughSkin|Protect,Earthquake,DragonClaw,StompingTantrum|Jolly||M|||50|]Kingambit||FocusSash|Defiant|LowKick,IronHead,SuckerPunch,KowtowCleave|Adamant||F|||50|]Aerodactyl||Aerodactylite|Unnerve|Tailwind,IceFang,RockSlide,WideGuard|Jolly||F|||50|]Farigiraf||SitrusBerry|ArmorTail|TrickRoom,TwinBeam,Thunderbolt,HelpingHand|Bold||F|||50|]Sylveon||FairyFeather|Pixilate|Protect,HyperVoice,HyperBeam,QuickAttack|Modest||F|||50|
|showteam|p2|Aerodactyl||Aerodactylite|Unnerve|RockSlide,IceFang,Tailwind,WideGuard|Jolly||F|||50|]Kingambit||FocusSash|Defiant|KowtowCleave,SuckerPunch,IronHead,LowKick|Adamant||F|||50|]Sylveon||FairyFeather|Pixilate|Detect,HyperVoice,HyperBeam,QuickAttack|Modest||F|||50|]Garchomp||LifeOrb|RoughSkin|Earthquake,DragonClaw,StompingTantrum,Protect|Jolly||F|||50|]Charizard||CharizarditeY|Blaze|Protect,HeatWave,SolarBeam,WeatherBall|Modest||M|||50|]Incineroar||SitrusBerry|Intimidate|DarkestLariat,FlareBlitz,FakeOut,PartingShot|Impish||F|||50|
|inactive|Battle timer is ON: inactive players will automatically lose when time's up. (requested by MagicalArcher57)
|inactive|SitrusC also wants the timer to be on.
|inactive|SitrusC has 60 seconds left.
|c|â˜†SitrusC|Rng is a big part in the mirror so I think finding the moves that require the least amount of luck would be good
|c|â˜†MagicalArcher57|true
|inactive|SitrusC has 30 seconds left.
|c|â˜†MagicalArcher57|granted the entire mu is speed mindgames
|c|â˜†MagicalArcher57|and rng
|inactive|SitrusC has 20 seconds left.
|inactive|SitrusC has 15 seconds left.
|inactive|SitrusC has 10 seconds left.
|c|â˜†SitrusC|So low kick gambit+tw then next turn rock slide and something with gambit
|inactive|SitrusC has 5 seconds left.
|
|t:|1783861605
|teamsize|p1|4
|teamsize|p2|4
|start
|switch|p1a: Kingambit|Kingambit, L50, F|100/100
|switch|p1b: Aerodactyl|Aerodactyl, L50, F|100/100
|switch|p2a: Kingambit|Kingambit, L50, F|100/100
|switch|p2b: Aerodactyl|Aerodactyl, L50, F|100/100
|-ability|p1b: Aerodactyl|Unnerve
|-ability|p2b: Aerodactyl|Unnerve
|turn|1
|
|t:|1783861619
|detailschange|p1b: Aerodactyl|Aerodactyl-Mega, L50, F
|-mega|p1b: Aerodactyl|Aerodactyl|Aerodactylite
|detailschange|p2b: Aerodactyl|Aerodactyl-Mega, L50, F
|-mega|p2b: Aerodactyl|Aerodactyl|Aerodactylite
|move|p1b: Aerodactyl|Tailwind|p1b: Aerodactyl
|-sidestart|p1: SitrusC|move: Tailwind
|move|p2b: Aerodactyl|Rock Slide|p1b: Aerodactyl|[spread] p1b
|-miss|p2b: Aerodactyl|p1a: Kingambit
|-supereffective|p1b: Aerodactyl|1
|-damage|p1b: Aerodactyl|29/100
|move|p1a: Kingambit|Low Kick|p2a: Kingambit
|-supereffective|p2a: Kingambit|2
|-enditem|p2a: Kingambit|Focus Sash
|-damage|p2a: Kingambit|1/100
|move|p2a: Kingambit|Low Kick|p1a: Kingambit
|-supereffective|p1a: Kingambit|2
|-enditem|p1a: Kingambit|Focus Sash
|-damage|p1a: Kingambit|1/100
|
|upkeep
|turn|2
|inactive|SitrusC has 30 seconds left.
|
|t:|1783861652
|move|p1a: Kingambit|Sucker Punch|p2a: Kingambit
|-resisted|p2a: Kingambit|1
|-damage|p2a: Kingambit|0 fnt
|faint|p2a: Kingambit
|move|p1b: Aerodactyl|Rock Slide|p2b: Aerodactyl
|-supereffective|p2b: Aerodactyl|1
|-damage|p2b: Aerodactyl|20/100y
|move|p2b: Aerodactyl|Tailwind|p2b: Aerodactyl
|-sidestart|p2: MagicalArcher57|move: Tailwind
|
|upkeep
|
|t:|1783861675
|switch|p2a: Sylveon|Sylveon, L50, F|100/100
|turn|3
|inactive|SitrusC has 30 seconds left.
|
|t:|1783861705
|move|p1a: Kingambit|Sucker Punch|p2a: Sylveon
|-resisted|p2a: Sylveon|1
|-damage|p2a: Sylveon|75/100
|move|p2a: Sylveon|Quick Attack|p1b: Aerodactyl
|-damage|p1b: Aerodactyl|12/100
|move|p1b: Aerodactyl|Ice Fang|p2b: Aerodactyl
|-supereffective|p2b: Aerodactyl|1
|-crit|p2b: Aerodactyl
|-damage|p2b: Aerodactyl|0 fnt
|faint|p2b: Aerodactyl
|
|upkeep
|
|t:|1783861718
|switch|p2b: Garchomp|Garchomp, L50, F|100/100
|turn|4
|
|t:|1783861739
|move|p1a: Kingambit|Sucker Punch|p2b: Garchomp
|-damage|p2b: Garchomp|57/100
|-damage|p1a: Kingambit|0 fnt|[from] ability: Rough Skin|[of] p2b: Garchomp
|faint|p1a: Kingambit
|move|p2a: Sylveon|Quick Attack|p1b: Aerodactyl
|-damage|p1b: Aerodactyl|0 fnt
|faint|p1b: Aerodactyl
|move|p2b: Garchomp|Dragon Claw|p1: Kingambit|[notarget]
|-fail|p2b: Garchomp
|
|-sideend|p1: SitrusC|move: Tailwind
|upkeep
|
|t:|1783861750
|switch|p1b: Garchomp|Garchomp, L50, M|100/100
|switch|p1a: Sylveon|Sylveon, L50, F|100/100
|turn|5
|
|t:|1783861769
|move|p1b: Garchomp|Protect|p1b: Garchomp
|-singleturn|p1b: Garchomp|Protect
|move|p2b: Garchomp|Stomping Tantrum|p1a: Sylveon
|-damage|p1a: Sylveon|0 fnt
|faint|p1a: Sylveon
|-damage|p2b: Garchomp|47/100|[from] item: Life Orb
|move|p2a: Sylveon|Hyper Voice|p1b: Garchomp
|-activate|p1b: Garchomp|move: Protect
|
|-sideend|p2: MagicalArcher57|move: Tailwind
|upkeep
|turn|6
|c|â˜†SitrusC|Ggwp
|c|â˜†MagicalArcher57|gg
|inactive|MagicalArcher57 has 30 seconds left.
|
|t:|1783861795
|move|p1b: Garchomp|Dragon Claw|p2b: Garchomp
|-supereffective|p2b: Garchomp|1
|-damage|p2b: Garchomp|0 fnt
|-damage|p1b: Garchomp|87/100|[from] ability: Rough Skin|[of] p2b: Garchomp
|faint|p2b: Garchomp
|-damage|p1b: Garchomp|77/100|[from] item: Life Orb
|move|p2a: Sylveon|Hyper Beam|p1b: Garchomp
|-supereffective|p1b: Garchomp|1
|-damage|p1b: Garchomp|0 fnt
|-mustrecharge|p2a: Sylveon
|faint|p1b: Garchomp
|
|win|MagicalArcher57
