|j|☆KoopaPlays
|j|☆UncAshty
|html|KoopaPlaysUncAshty    
|uhtml|bestof|Game 1 of a best-of-3
|t:|1784493814
|gametype|doubles
|player|p1|KoopaPlays|hiker|
|player|p2|UncAshty|266|
|gen|9
|tier|[Gen 9 Champions] VGC 2026 Reg M-B (Bo3)
|rule|Species Clause: Limit one of each Pokémon
|rule|Item Clause: Limit 1 of each item
|clearpoke
|poke|p1|Glimmora, L50, M, shiny|
|poke|p1|Krookodile, L50, M|
|poke|p1|Meowscarada, L50, F|
|poke|p1|Corviknight, L50, M, shiny|
|poke|p1|Liepard, L50, F, shiny|
|poke|p1|Mawile, L50, F, shiny|
|poke|p2|Skarmory, L50, F|
|poke|p2|Pelipper, L50, F|
|poke|p2|Meganium, L50, F, shiny|
|poke|p2|Raichu, L50, M|
|poke|p2|Palafin, L50, F, shiny|
|poke|p2|Toxicroak, L50, M, shiny|
|teampreview|4
|showteam|p1|Glimmora||Glimmoranite|Corrosion|SludgeBomb,PowerGem,EarthPower,SpikyShield|Timid||M|||50|]Krookodile||LifeOrb|Intimidate|KnockOff,HighHorsepower,CloseCombat,Protect|Jolly||M|||50|]Meowscarada||FocusSash|Overgrow|FlowerTrick,KnockOff,SuckerPunch,Protect|Jolly||F|||50|]Corviknight||WacanBerry|Unnerve|BraveBird,IronHead,Tailwind,Protect|Impish||M|||50|]Liepard||MentalHerb|Prankster|FakeOut,Encore,SunnyDay,FakeTears|Impish||F|||50|]Mawile||Mawilite|Intimidate|PlayRough,IronHead,SuckerPunch,Protect|Adamant||F|||50|
|showteam|p2|Skarmory||OccaBerry|Sturdy|BodyPress,IronHead,Roar,Protect|Impish||F|||50|]Pelipper||FocusSash|Drizzle|Hurricane,WeatherBall,Protect,WideGuard|Bold||F|||50|]Meganium||Meganiumite|Overgrow|SolarBeam,Synthesis,DazzlingGleam,Protect|Timid||F|||50|]Raichu||RaichuniteY|LightningRod|ZapCannon,FocusBlast,Protect,FakeOut|Hasty||M|||50|]Palafin||ChoiceScarf|ZerotoHero|FlipTurn,JetPunch,WaveCrash,CloseCombat|Jolly||F|||50|]Toxicroak||MentalHerb|DrySkin|CloseCombat,GunkShot,Protect,SuckerPunch|Jolly||M|||50|
|
|t:|1784493889
|teamsize|p1|4
|teamsize|p2|4
|start
|switch|p1a: Meowscarada|Meowscarada, L50, F|100/100
|switch|p1b: Liepard|Liepard, L50, F, shiny|100/100
|switch|p2a: Pelipper|Pelipper, L50, F|100/100
|switch|p2b: Meganium|Meganium, L50, F, shiny|100/100
|-weather|RainDance|[from] ability: Drizzle|[of] p2a: Pelipper
|turn|1
|j| xanian7
|
|t:|1784493965
|detailschange|p2b: Meganium|Meganium-Mega, L50, F, shiny
|-mega|p2b: Meganium|Meganium|Meganiumite
|move|p1b: Liepard|Fake Out|p2a: Pelipper
|-damage|p2a: Pelipper|92/100
|move|p1a: Meowscarada|Sucker Punch|p2a: Pelipper
|-damage|p2a: Pelipper|69/100
|move|p2b: Meganium|Dazzling Gleam|p1b: Liepard|[spread] p1a,p1b
|-supereffective|p1a: Meowscarada|1
|-supereffective|p1b: Liepard|1
|-enditem|p1a: Meowscarada|Focus Sash
|-damage|p1a: Meowscarada|1/100
|-damage|p1b: Liepard|0 fnt
|faint|p1b: Liepard
|cant|p2a: Pelipper|flinch
|
|-weather|RainDance|[upkeep]
|upkeep
|
|t:|1784493983
|switch|p1b: Glimmora|Glimmora, L50, M, shiny|100/100
|turn|2
|
|t:|1784494063
|move|p1a: Meowscarada|Flower Trick|p2a: Pelipper
|-crit|p2a: Pelipper
|-damage|p2a: Pelipper|7/100
|move|p1b: Glimmora|Sludge Bomb|p2b: Meganium
|-supereffective|p2b: Meganium|2
|-damage|p2b: Meganium|0 fnt
|faint|p2b: Meganium
|move|p2a: Pelipper|Weather Ball|p1b: Glimmora
|-supereffective|p1b: Glimmora|1
|-damage|p1b: Glimmora|0 fnt
|faint|p1b: Glimmora
|
|-weather|RainDance|[upkeep]
|upkeep
|
|t:|1784494078
|switch|p1b: Mawile|Mawile, L50, F, shiny|100/100
|switch|p2b: Toxicroak|Toxicroak, L50, M, shiny|100/100
|-ability|p1b: Mawile|Intimidate|boost
|-unboost|p2a: Pelipper|atk|1
|-unboost|p2b: Toxicroak|atk|1
|turn|3
|
|t:|1784494151
|detailschange|p1b: Mawile|Mawile-Mega, L50, F, shiny
|-mega|p1b: Mawile|Mawile|Mawilite
|move|p2a: Pelipper|Protect|p2a: Pelipper
|-singleturn|p2a: Pelipper|Protect
|move|p2b: Toxicroak|Sucker Punch|p1a: Meowscarada
|-resisted|p1a: Meowscarada|1
|-damage|p1a: Meowscarada|0 fnt
|faint|p1a: Meowscarada
|move|p1b: Mawile|Play Rough|p2b: Toxicroak
|-damage|p2b: Toxicroak|0 fnt
|faint|p2b: Toxicroak
|
|-weather|RainDance|[upkeep]
|upkeep
|
|t:|1784494163
|switch|p2b: Skarmory|Skarmory, L50, F|100/100
|turn|4
|
|t:|1784494230
|move|p2b: Skarmory|Iron Head|p1b: Mawile
|-damage|p1b: Mawile|76/100
|move|p2a: Pelipper|Weather Ball|p1b: Mawile
|-damage|p1b: Mawile|19/100
|move|p1b: Mawile|Play Rough|p2b: Skarmory
|-resisted|p2b: Skarmory|1
|-damage|p2b: Skarmory|72/100
|-unboost|p2b: Skarmory|atk|1
|
|-weather|RainDance|[upkeep]
|upkeep
|turn|5
|
|t:|1784494250
|move|p1b: Mawile|Sucker Punch|p2b: Skarmory
|-damage|p2b: Skarmory|45/100
|move|p2b: Skarmory|Body Press|p1b: Mawile
|-damage|p1b: Mawile|0 fnt
|faint|p1b: Mawile
|
|win|UncAshty
||KoopaPlays is ready for game 2.
|inactive|UncAshty has 30 seconds to confirm battle start!
||UncAshty is ready for game 2.
|uhtml|next|Next: Game 2 of 3
|l|☆UncAshty
|player|p2|
|l| xanian7
