|j|☆Axo of DOOM
|j|☆RouletteRegional
|html|Axo of DOOMRouletteRegional    
|uhtml|bestof|Game 1 of a best-of-3
|t:|1784401848
|gametype|doubles
|player|p1|Axo of DOOM|crasherwake|1314
|player|p2|RouletteRegional|lance|1464
|gen|9
|tier|[Gen 9 Champions] VGC 2026 Reg M-B (Bo3)
|rated|
|rule|Species Clause: Limit one of each Pokémon
|rule|Item Clause: Limit 1 of each item
|clearpoke
|poke|p1|Sinistcha, L50, shiny|
|poke|p1|Incineroar, L50, F|
|poke|p1|Milotic, L50, F, shiny|
|poke|p1|Raichu, L50, M|
|poke|p1|Floette-Eternal, L50, F|
|poke|p1|Ceruledge, L50, M, shiny|
|poke|p2|Froslass, L50, F|
|poke|p2|Blaziken, L50, F|
|poke|p2|Dragonite, L50, M|
|poke|p2|Toxapex, L50, M|
|poke|p2|Sneasler, L50, M|
|poke|p2|Kingambit, L50, M|
|teampreview|4
|showteam|p1|Sinistcha||KasibBerry|Hospitality|MatchaGotcha,LifeDew,RagePowder,Protect|Relaxed|||||50|]Incineroar||SitrusBerry|Intimidate|FlareBlitz,ThroatChop,FakeOut,PartingShot|Impish||F|||50|]Milotic||Leftovers|Competitive|MuddyWater,Coil,Hypnosis,Protect|Calm||F|||50|]Raichu||RaichuniteY|LightningRod|ZapCannon,FocusBlast,FakeOut,Protect|Timid||M|||50|]Floette-Eternal||Floettite|FlowerVeil|DazzlingGleam,DrainingKiss,CalmMind,Protect|Timid||F|||50|]Ceruledge||ColburBerry|FlashFire|BitterBlade,ShadowSneak,BulkUp,Protect|Adamant||M|||50|
|showteam|p2|Froslass||Froslassite|CursedBody|Blizzard,ShadowBall,AuroraVeil,Protect|Timid||F|||50|]Blaziken||Blazikenite|SpeedBoost|CloseCombat,FlareBlitz,RockSlide,Protect|Adamant||F|||50|]Dragonite||LifeOrb|InnerFocus|DragonClaw,ExtremeSpeed,LowKick,Protect|Adamant||M|||50|]Toxapex||Leftovers|Regenerator|Infestation,Toxic,WideGuard,BanefulBunker|Bold||M|||50|]Sneasler||FocusSash|PoisonTouch|CloseCombat,PoisonJab,FakeOut,Protect|Jolly||M|||50|]Kingambit||BlackGlasses|Defiant|KowtowCleave,SuckerPunch,IronHead,Protect|Adamant||M|||50|
|inactive|Battle timer is ON: inactive players will automatically lose when time's up. (requested by Axo of DOOM)
|
|t:|1784401901
|teamsize|p1|4
|teamsize|p2|4
|start
|switch|p1a: Milotic|Milotic, L50, F, shiny|100/100
|switch|p1b: Raichu|Raichu, L50, M|100/100
|switch|p2a: Froslass|Froslass, L50, F|100/100
|switch|p2b: Toxapex|Toxapex, L50, M|100/100
|turn|1
|
|t:|1784401921
|detailschange|p2a: Froslass|Froslass-Mega, L50, F
|-mega|p2a: Froslass|Froslass|Froslassite
|-weather|Snowscape|[from] ability: Snow Warning|[of] p2a: Froslass
|detailschange|p1b: Raichu|Raichu-Mega-Y, L50, M
|-mega|p1b: Raichu|Raichu|Raichunite Y
|move|p1b: Raichu|Zap Cannon|p2a: Froslass
|-damage|p2a: Froslass|37/100
|-status|p2a: Froslass|par
|move|p1a: Milotic|Coil|p1a: Milotic
|-boost|p1a: Milotic|atk|1
|-boost|p1a: Milotic|def|1
|-boost|p1a: Milotic|accuracy|1
|move|p2a: Froslass|Aurora Veil|p2a: Froslass
|-sidestart|p2: RouletteRegional|move: Aurora Veil
|move|p2b: Toxapex|Toxic|p1a: Milotic
|-status|p1a: Milotic|tox
|
|-weather|Snowscape|[upkeep]
|-damage|p1a: Milotic|94/100 tox|[from] psn
|upkeep
|turn|2
|inactive|RouletteRegional has 30 seconds left.
|
|t:|1784401951
|move|p2b: Toxapex|Baneful Bunker|p2b: Toxapex
|-singleturn|p2b: Toxapex|move: Protect
|move|p1b: Raichu|Zap Cannon|p2a: Froslass
|-damage|p2a: Froslass|0 fnt
|faint|p2a: Froslass
|move|p1a: Milotic|Hypnosis|p2b: Toxapex
|-activate|p2b: Toxapex|move: Protect
|
|-weather|Snowscape|[upkeep]
|-heal|p1a: Milotic|100/100 tox|[from] item: Leftovers
|-damage|p1a: Milotic|88/100 tox|[from] psn
|upkeep
|
|t:|1784401967
|switch|p2a: Sneasler|Sneasler, L50, M|100/100
|turn|3
|
|t:|1784401981
|move|p2a: Sneasler|Fake Out|p1b: Raichu
|-damage|p1b: Raichu|80/100
|cant|p1b: Raichu|flinch
|move|p1a: Milotic|Hypnosis|p2b: Toxapex
|-status|p2b: Toxapex|slp|[from] move: Hypnosis
|cant|p2b: Toxapex|slp
|
|-weather|Snowscape|[upkeep]
|-heal|p1a: Milotic|94/100 tox|[from] item: Leftovers
|-damage|p1a: Milotic|76/100 tox|[from] psn
|upkeep
|turn|4
|
|t:|1784402002
|move|p2a: Sneasler|Protect|p2a: Sneasler
|-singleturn|p2a: Sneasler|Protect
|move|p1b: Raichu|Zap Cannon|p2b: Toxapex
|-supereffective|p2b: Toxapex|1
|-damage|p2b: Toxapex|40/100 slp
|move|p1a: Milotic|Hypnosis|p2a: Sneasler
|-activate|p2a: Sneasler|move: Protect
|-curestatus|p2b: Toxapex|slp|[msg]
|move|p2b: Toxapex|Infestation|p1b: Raichu
|-crit|p1b: Raichu
|-damage|p1b: Raichu|72/100
|-activate|p1b: Raichu|move: Infestation|[of] p2b: Toxapex
|
|-weather|Snowscape|[upkeep]
|-heal|p1a: Milotic|82/100 tox|[from] item: Leftovers
|-heal|p2b: Toxapex|46/100|[from] item: Leftovers
|-damage|p1a: Milotic|58/100 tox|[from] psn
|-damage|p1b: Raichu|60/100|[from] move: Infestation|[partiallytrapped]
|upkeep
|turn|5
|
|t:|1784402023
|move|p2b: Toxapex|Baneful Bunker|p2b: Toxapex
|-singleturn|p2b: Toxapex|move: Protect
|move|p1b: Raichu|Zap Cannon|p2a: Sneasler
|-damage|p2a: Sneasler|45/100
|-status|p2a: Sneasler|par
|move|p1a: Milotic|Hypnosis|p2b: Toxapex
|-activate|p2b: Toxapex|move: Protect
|move|p2a: Sneasler|Close Combat|p1b: Raichu
|-damage|p1b: Raichu|0 fnt
|-unboost|p2a: Sneasler|def|1
|-unboost|p2a: Sneasler|spd|1
|faint|p1b: Raichu
|
|-weather|none
|-heal|p1a: Milotic|64/100 tox|[from] item: Leftovers
|-heal|p2b: Toxapex|52/100|[from] item: Leftovers
|-damage|p1a: Milotic|34/100 tox|[from] psn
|-sideend|p2: RouletteRegional|move: Aurora Veil
|upkeep
|inactive|Axo of DOOM has 30 seconds left.
|
|t:|1784402049
|switch|p1b: Ceruledge|Ceruledge, L50, M, shiny|100/100
|turn|6
|
|t:|1784402061
|move|p1b: Ceruledge|Bulk Up|p1b: Ceruledge
|-boost|p1b: Ceruledge|atk|1
|-boost|p1b: Ceruledge|def|1
|move|p1a: Milotic|Hypnosis|p2b: Toxapex|[miss]
|-miss|p1a: Milotic|p2b: Toxapex
|cant|p2a: Sneasler|par
|move|p2b: Toxapex|Toxic|p1b: Ceruledge
|-status|p1b: Ceruledge|tox
|
|-heal|p1a: Milotic|40/100 tox|[from] item: Leftovers
|-heal|p2b: Toxapex|57/100|[from] item: Leftovers
|-damage|p1b: Ceruledge|93/100 tox|[from] psn
|-damage|p1a: Milotic|4/100 tox|[from] psn
|upkeep
|turn|7
|
|t:|1784402083
|move|p2a: Sneasler|Protect|p2a: Sneasler
|-singleturn|p2a: Sneasler|Protect
|move|p2b: Toxapex|Baneful Bunker|p2b: Toxapex
|-singleturn|p2b: Toxapex|move: Protect
|move|p1b: Ceruledge|Bulk Up|p1b: Ceruledge
|-boost|p1b: Ceruledge|atk|1
|-boost|p1b: Ceruledge|def|1
|move|p1a: Milotic|Hypnosis|p2b: Toxapex
|-activate|p2b: Toxapex|move: Protect
|
|-heal|p1a: Milotic|10/100 tox|[from] item: Leftovers
|-heal|p2b: Toxapex|63/100|[from] item: Leftovers
|-damage|p1b: Ceruledge|81/100 tox|[from] psn
|-damage|p1a: Milotic|0 fnt|[from] psn
|faint|p1a: Milotic
|upkeep
|
|t:|1784402091
|switch|p1a: Incineroar|Incineroar, L50, F|100/100
|-ability|p1a: Incineroar|Intimidate|boost
|-unboost|p2a: Sneasler|atk|1
|-unboost|p2b: Toxapex|atk|1
|turn|8
|
|t:|1784402098
|move|p1a: Incineroar|Fake Out|p2b: Toxapex
|-damage|p2b: Toxapex|55/100
|move|p1b: Ceruledge|Bitter Blade|p2a: Sneasler
|-damage|p2a: Sneasler|0 fnt
|-heal|p1b: Ceruledge|100/100 tox|[from] drain|[of] p2a: Sneasler
|faint|p2a: Sneasler
|cant|p2b: Toxapex|flinch
|
|-heal|p2b: Toxapex|61/100|[from] item: Leftovers
|-damage|p1b: Ceruledge|81/100 tox|[from] psn
|upkeep
|
|t:|1784402105
|switch|p2a: Kingambit|Kingambit, L50, M|100/100
|turn|9
|
|t:|1784402120
|move|p2a: Kingambit|Protect|p2a: Kingambit
|-singleturn|p2a: Kingambit|Protect
|move|p1b: Ceruledge|Bitter Blade|p2b: Toxapex
|-resisted|p2b: Toxapex|1
|-damage|p2b: Toxapex|26/100
|-heal|p1b: Ceruledge|96/100 tox|[from] drain|[of] p2b: Toxapex
|move|p1a: Incineroar|Throat Chop|p2b: Toxapex
|-damage|p2b: Toxapex|1/100
|-start|p2b: Toxapex|Throat Chop|[silent]
|move|p2b: Toxapex|Toxic|p1a: Incineroar
|-status|p1a: Incineroar|tox
|
|-heal|p2b: Toxapex|7/100|[from] item: Leftovers
|-damage|p1b: Ceruledge|72/100 tox|[from] psn
|-damage|p1a: Incineroar|94/100 tox|[from] psn
|upkeep
|turn|10
|
|t:|1784402135
|move|p2b: Toxapex|Baneful Bunker|p2b: Toxapex
|-singleturn|p2b: Toxapex|move: Protect
|move|p2a: Kingambit|Sucker Punch|p1b: Ceruledge
|-supereffective|p1b: Ceruledge|1
|-enditem|p1b: Ceruledge|Colbur Berry|[eat]
|-enditem|p1b: Ceruledge|Colbur Berry|[weaken]
|-damage|p1b: Ceruledge|49/100 tox
|move|p1b: Ceruledge|Bitter Blade|p2a: Kingambit
|-supereffective|p2a: Kingambit|1
|-damage|p2a: Kingambit|0 fnt
|-heal|p1b: Ceruledge|100/100 tox|[from] drain|[of] p2a: Kingambit
|faint|p2a: Kingambit
|move|p1a: Incineroar|Throat Chop|p2b: Toxapex
|-activate|p2b: Toxapex|move: Protect
|
|-heal|p2b: Toxapex|13/100|[from] item: Leftovers
|-damage|p1b: Ceruledge|69/100 tox|[from] psn
|-damage|p1a: Incineroar|82/100 tox|[from] psn
|-end|p2b: Toxapex|Throat Chop|[silent]
|upkeep
|turn|11
|-message|RouletteRegional forfeited.
|
|win|Axo of DOOM
