|j|â˜†jeanryupr
|j|â˜†CulantroVGC
|html|jeanryuprCulantroVGC    
|uhtml|bestof|Game 3 of a best-of-3
|t:|1785979631
|gametype|doubles
|player|p1|jeanryupr|169|1168
|player|p2|CulantroVGC|169|1363
|gen|9
|tier|[Gen 9 Champions] VGC 2026 Reg M-B (Bo3)
|rated|
|rule|Species Clause: Limit one of each PokÃ©mon
|rule|Item Clause: Limit 1 of each item
|clearpoke
|poke|p1|Charizard, L50, F|
|poke|p1|Whimsicott, L50, F|
|poke|p1|Floette-Eternal, L50, F|
|poke|p1|Basculegion, L50, M|
|poke|p1|Garchomp, L50, F|
|poke|p1|Kingambit, L50, F, shiny|
|poke|p2|Sneasler, L50, F|
|poke|p2|Sinistcha, L50|
|poke|p2|Azumarill, L50, M|
|poke|p2|Delphox, L50, M, shiny|
|poke|p2|Tyranitar, L50, M|
|poke|p2|Farigiraf, L50, M, shiny|
|teampreview|4
|showteam|p1|Charizard||CharizarditeY|Blaze|HeatWave,SolarBeam,WeatherBall,Protect|Modest||F|||50|]Whimsicott||FocusSash|Prankster|Moonblast,Encore,Tailwind,Protect|Timid||F|||50|]Floette-Eternal||Floettite|FlowerVeil|Moonblast,DazzlingGleam,LightofRuin,Protect|Modest||F|||50|]Basculegion||MysticWater|Adaptability|WaveCrash,AquaJet,LastRespects,Protect|Adamant||M|||50|]Garchomp||LifeOrb|RoughSkin|DragonClaw,Earthquake,RockSlide,Protect|Jolly||F|||50|]Kingambit||OccaBerry|Defiant|KowtowCleave,SuckerPunch,IronHead,Protect|Adamant||F|||50|
|showteam|p2|Sneasler||WhiteHerb|Unburden|CloseCombat,FakeOut,Protect,DireClaw|Jolly||F|||50|]Sinistcha||KasibBerry|Hospitality|MatchaGotcha,RagePowder,Protect,TrickRoom|Bold|||||50|]Azumarill||SitrusBerry|HugePower|AquaJet,BellyDrum,Protect,PlayRough|Adamant||M|||50|]Delphox||Delphoxite|Blaze|Psychic,HeatWave,NastyPlot,Protect|Timid||M|||50|]Tyranitar||Tyranitarite|SandStream|RockSlide,KnockOff,LowKick,Protect|Adamant||M|||50|]Farigiraf||ColburBerry|ArmorTail|FoulPlay,Psychic,HelpingHand,TrickRoom|Modest||M|||50|
|inactive|Battle timer is ON: inactive players will automatically lose when time's up. (requested by CulantroVGC)
|
|t:|1785979661
|teamsize|p1|4
|teamsize|p2|4
|start
|switch|p1a: Whimsicott|Whimsicott, L50, F|100/100
|switch|p1b: Basculegion|Basculegion, L50, M|100/100
|switch|p2a: Sneasler|Sneasler, L50, F|100/100
|switch|p2b: Azumarill|Azumarill, L50, M|100/100
|turn|1
|
|t:|1785979681
|move|p1a: Whimsicott|Protect|p1a: Whimsicott
|-singleturn|p1a: Whimsicott|Protect
|move|p2a: Sneasler|Dire Claw|p1a: Whimsicott
|-activate|p1a: Whimsicott|move: Protect
|move|p1b: Basculegion|Wave Crash|p2b: Azumarill
|-resisted|p2b: Azumarill|1
|-damage|p2b: Azumarill|50/100g
|-damage|p1b: Basculegion|84/100|[from] Recoil
|move|p2b: Azumarill|Belly Drum|p2b: Azumarill
|-damage|p2b: Azumarill|1/100
|-setboost|p2b: Azumarill|atk|6|[from] move: Belly Drum
|-enditem|p2b: Azumarill|Sitrus Berry|[eat]
|-heal|p2b: Azumarill|25/100|[from] item: Sitrus Berry
|
|upkeep
|turn|2
|inactive|jeanryupr has 30 seconds left.
|
|t:|1785979714
|switch|p2a: Sinistcha|Sinistcha, L50|100/100
|-heal|p2b: Azumarill|50/100g|[from] ability: Hospitality|[of] p2a: Sinistcha
|move|p2b: Azumarill|Protect|p2b: Azumarill
|-singleturn|p2b: Azumarill|Protect
|move|p1a: Whimsicott|Encore|p2b: Azumarill
|-activate|p2b: Azumarill|move: Protect
|move|p1b: Basculegion|Wave Crash|p2a: Sinistcha
|-resisted|p2a: Sinistcha|1
|-damage|p2a: Sinistcha|64/100
|-damage|p1b: Basculegion|73/100|[from] Recoil
|
|upkeep
|turn|3
|
|t:|1785979735
|switch|p2a: Farigiraf|Farigiraf, L50, M, shiny|100/100
|move|p2b: Azumarill|Aqua Jet|p1b: Basculegion
|-resisted|p1b: Basculegion|1
|-damage|p1b: Basculegion|15/100
|move|p1a: Whimsicott|Moonblast|p2b: Azumarill
|-damage|p2b: Azumarill|12/100
|move|p1b: Basculegion|Wave Crash|p2b: Azumarill
|-resisted|p2b: Azumarill|1
|-crit|p2b: Azumarill
|-damage|p2b: Azumarill|0 fnt
|faint|p2b: Azumarill
|-damage|p1b: Basculegion|12/100|[from] Recoil
|
|upkeep
|
|t:|1785979754
|switch|p2b: Sneasler|Sneasler, L50, F|100/100
|turn|4
|
|t:|1785979771
|move|p1a: Whimsicott|Protect|p1a: Whimsicott
|-singleturn|p1a: Whimsicott|Protect
|move|p2b: Sneasler|Protect|p2b: Sneasler
|-singleturn|p2b: Sneasler|Protect
|move|p1b: Basculegion|Wave Crash|p2b: Sneasler
|-activate|p2b: Sneasler|move: Protect
|move|p2a: Farigiraf|Foul Play|p1b: Basculegion
|-supereffective|p1b: Basculegion|1
|-damage|p1b: Basculegion|0 fnt
|faint|p1b: Basculegion
|
|upkeep
|
|t:|1785979776
|switch|p1b: Charizard|Charizard, L50, F|100/100
|turn|5
|inactive|CulantroVGC has 30 seconds left.
|c|â˜†CulantroVGC|Do you have bulk in bascu?
|inactive|CulantroVGC has 20 seconds left.
|inactive|CulantroVGC has 15 seconds left.
|inactive|CulantroVGC has 10 seconds left.
|
|t:|1785979821
|detailschange|p1b: Charizard|Charizard-Mega-Y, L50, F
|-mega|p1b: Charizard|Charizard|Charizardite Y
|-weather|SunnyDay|[from] ability: Drought|[of] p1b: Charizard
|move|p2b: Sneasler|Dire Claw|p1b: Charizard
|-damage|p1b: Charizard|58/100
|move|p1a: Whimsicott|Moonblast|p2b: Sneasler
|-damage|p2b: Sneasler|55/100
|move|p1b: Charizard|Weather Ball|p2b: Sneasler
|-damage|p2b: Sneasler|0 fnt
|faint|p2b: Sneasler
|move|p2a: Farigiraf|Psychic|p1b: Charizard
|-damage|p1b: Charizard|28/100
|
|-weather|SunnyDay|[upkeep]
|upkeep
|c|â˜†jeanryupr|No
|c|â˜†CulantroVGC|K
|inactive|CulantroVGC has 30 seconds left.
|c|â˜†CulantroVGC|ggs
|
|t:|1785979856
|switch|p2b: Sinistcha|Sinistcha, L50|64/100
|turn|6
|-message|CulantroVGC forfeited.
|raw|jeanryupr's rating: 1168 → 1206(+38 for winning)
|raw|CulantroVGC's rating: 1363 → 1333(-30 for losing)
|
|win|jeanryupr
|l|â˜†CulantroVGC
|player|p2|
