|j|☆UmbryFuuro
|j|☆latios66
|html|UmbryFuurolatios66    
|uhtml|bestof|Game 2 of a best-of-3
|t:|1785351770
|gametype|doubles
|player|p1|UmbryFuuro|canari|
|player|p2|latios66|102|
|gen|9
|tier|[Gen 9 Champions] VGC 2026 Reg M-B (Bo3)
|rule|Species Clause: Limit one of each Pokémon
|rule|Item Clause: Limit 1 of each item
|clearpoke
|poke|p1|Garchomp, L50, F, shiny|
|poke|p1|Talonflame, L50, F, shiny|
|poke|p1|Eelektross, L50, F, shiny|
|poke|p1|Farigiraf, L50, F, shiny|
|poke|p1|Kingambit, L50, F, shiny|
|poke|p1|Blaziken, L50, M, shiny|
|poke|p2|Ninetales-Alola, L50, F|
|poke|p2|Skeledirge, L50, M, shiny|
|poke|p2|Kingambit, L50, F|
|poke|p2|Aerodactyl, L50, M, shiny|
|poke|p2|Sneasler, L50, M|
|poke|p2|Basculegion, L50, M|
|teampreview|4
|showteam|p1|Garchomp||LifeOrb|RoughSkin|DragonClaw,RockSlide,Earthquake,Protect|Jolly||F|||50|]Talonflame||SharpBeak|GaleWings|DualWingbeat,Taunt,Tailwind,WillOWisp|Jolly||F|||50|]Eelektross||Eelektrossite|Levitate|Thunderbolt,Discharge,GrassKnot,Protect|Modest||F|||50|]Farigiraf||SitrusBerry|ArmorTail|Thunderbolt,TwinBeam,HelpingHand,TrickRoom|Bold||F|||50|]Kingambit||BlackGlasses|Defiant|SuckerPunch,KowtowCleave,IronHead,Protect|Adamant||F|||50|]Blaziken||FocusSash|SpeedBoost|Detect,AuraSphere,HeatWave,StoneEdge|Naive||M|||50|
|showteam|p2|Ninetales-Alola||LightClay|SnowWarning|Blizzard,AuroraVeil,FreezeDry,Protect|Timid||F|||50|]Skeledirge||Leftovers|Unaware|TorchSong,EarthPower,WillOWisp,SlackOff|Calm||M|||50|]Kingambit||BlackGlasses|Defiant|KowtowCleave,SuckerPunch,SwordsDance,Protect|Adamant||F|||50|]Aerodactyl||Aerodactylite|Unnerve|Tailwind,IceFang,RockSlide,DualWingbeat|Jolly||M|||50|]Sneasler||FocusSash|PoisonTouch|FakeOut,DireClaw,CloseCombat,QuickGuard|Jolly||M|||50|]Basculegion||LifeOrb|Adaptability|WaveCrash,LastRespects,Protect,AquaJet|Adamant||M|||50|
|
|t:|1785351782
|teamsize|p1|4
|teamsize|p2|4
|start
|switch|p1a: Oroshi|Farigiraf, L50, F, shiny|100/100
|switch|p1b: Canary|Eelektross, L50, F, shiny|100/100
|switch|p2a: Kingambit|Kingambit, L50, F|100/100
|switch|p2b: Aerodactyl|Aerodactyl, L50, M, shiny|100/100
|-ability|p2b: Aerodactyl|Unnerve
|turn|1
|
|t:|1785351812
|switch|p1a: Cynthia|Garchomp, L50, F, shiny|100/100
|detailschange|p2b: Aerodactyl|Aerodactyl-Mega, L50, M, shiny
|-mega|p2b: Aerodactyl|Aerodactyl|Aerodactylite
|detailschange|p1b: Canary|Eelektross-Mega, L50, F, shiny
|-mega|p1b: Canary|Eelektross|Eelektrossite
|move|p2b: Aerodactyl|Rock Slide|p1b: Canary|[spread] p1a,p1b
|-resisted|p1a: Cynthia|1
|-damage|p1a: Cynthia|85/100
|-damage|p1b: Canary|65/100
|cant|p1b: Canary|flinch
|move|p2a: Kingambit|Kowtow Cleave|p1a: Cynthia
|-damage|p1a: Cynthia|26/100
|-damage|p2a: Kingambit|87/100|[from] ability: Rough Skin|[of] p1a: Cynthia
|
|upkeep
|turn|2
|
|t:|1785351835
|switch|p1a: Oroshi|Farigiraf, L50, F, shiny|100/100
|move|p2a: Kingambit|Sucker Punch||[still]
|cant|p1a: Oroshi|ability: Armor Tail|Sucker Punch|[of] p2a: Kingambit
|move|p2b: Aerodactyl|Rock Slide|p1b: Canary|[spread] p1a,p1b
|-damage|p1a: Oroshi|76/100
|-damage|p1b: Canary|30/100
|cant|p1b: Canary|flinch
|
|upkeep
|turn|3
|
|t:|1785351854
|move|p2b: Aerodactyl|Rock Slide|p1b: Canary|[spread] p1a,p1b
|-damage|p1a: Oroshi|52/100
|-damage|p1b: Canary|0 fnt
|faint|p1b: Canary
|move|p1a: Oroshi|Thunderbolt|p2b: Aerodactyl
|-supereffective|p2b: Aerodactyl|1
|-damage|p2b: Aerodactyl|49/100
|move|p2a: Kingambit|Kowtow Cleave|p1a: Oroshi
|-supereffective|p1a: Oroshi|1
|-damage|p1a: Oroshi|0 fnt
|faint|p1a: Oroshi
|
|upkeep
|
|t:|1785351865
|switch|p1b: Cynthia|Garchomp, L50, F, shiny|26/100
|switch|p1a: Auster|Blaziken, L50, M, shiny|100/100
|turn|4
|
|t:|1785351884
|move|p1a: Auster|Detect|p1a: Auster
|-singleturn|p1a: Auster|Protect
|move|p2a: Kingambit|Sucker Punch|p1b: Cynthia
|-damage|p1b: Cynthia|0 fnt
|-damage|p2a: Kingambit|75/100|[from] ability: Rough Skin|[of] p1b: Cynthia
|faint|p1b: Cynthia
|move|p2b: Aerodactyl|Tailwind|p2b: Aerodactyl
|-sidestart|p2: latios66|move: Tailwind
|
|-ability|p1a: Auster|Speed Boost|boost
|-boost|p1a: Auster|spe|1
|upkeep
|turn|5
|
|t:|1785351899
|move|p2b: Aerodactyl|Dual Wingbeat|p1a: Auster
|-supereffective|p1a: Auster|1
|-damage|p1a: Auster|18/100
|-supereffective|p1a: Auster|1
|-damage|p1a: Auster|0 fnt
|faint|p1a: Auster
|-hitcount|p1: Auster|2
|
|win|latios66
||latios66 is ready for game 3.
||UmbryFuuro is ready for game 3.
|uhtml|next|Next: Game 3 of 3
