|j|☆jamesbake
|j|☆SnowBusiness
|html|jamesbakeSnowBusiness    
|uhtml|bestof|Game 2 of a best-of-3
|t:|1756951506
|gametype|doubles
|player|p1|jamesbake|1|1103
|player|p2|SnowBusiness|blue|1000
|gen|9
|tier|[Gen 9] VGC 2025 Reg H (Bo3)
|rated|
|rule|Species Clause: Limit one of each Pokémon
|rule|Item Clause: Limit 1 of each item
|clearpoke
|poke|p1|Gyarados, L50, M|
|poke|p1|Indeedee, L50, M|
|poke|p1|Sneasler, L50, F|
|poke|p1|Tyranitar, L50, M|
|poke|p1|Ursaluna-Bloodmoon, L50, M|
|poke|p1|Volcarona, L50, F|
|poke|p2|Dragonite, L50, M|
|poke|p2|Gholdengo, L50|
|poke|p2|Sneasler, L50, M|
|poke|p2|Garchomp, L50, F|
|poke|p2|Ninetales-Alola, L50, M|
|poke|p2|Arcanine-Hisui, L50, M|
|teampreview|4
|showteam|p1|Gyarados||SafetyGoggles|Intimidate|Taunt,ThunderWave,Waterfall,Protect|||M|||50|,,,,,Steel]Indeedee||ChoiceScarf|PsychicSurge|ExpandingForce,TeraBlast,Trick,Protect|||M|||50|,,,,,Psychic]Sneasler||PsychicSeed|Unburden|CloseCombat,DireClaw,ThroatChop,Protect|||F|||50|,,,,,Dark]Tyranitar||AssaultVest|SandStream|LowKick,TeraBlast,KnockOff,RockSlide|||M|||50|,,,,,Flying]Ursaluna-Bloodmoon||LifeOrb|MindsEye|HyperVoice,BloodMoon,EarthPower,Protect|||M|||50|,,,,,Normal]Volcarona||SitrusBerry|FlameBody|Overheat,StruggleBug,RagePowder,Tailwind|||F|||50|,,,,,Grass
|showteam|p2|Dragonite||LoadedDice|Multiscale|ScaleShot,Tailwind,Haze,Protect|||M|||50|,,,,,Fairy]Gholdengo||LifeOrb|GoodasGold|MakeItRain,ShadowBall,NastyPlot,Protect||||||50|,,,,,Water]Sneasler||FocusSash|Unburden|CloseCombat,DireClaw,FakeOut,Coaching|||M|||50|,,,,,Stellar]Garchomp||ClearAmulet|RoughSkin|Earthquake,StompingTantrum,DragonClaw,Protect|||F|||50|,,,,,Steel]Ninetales-Alola||ChoiceSpecs|SnowWarning|Blizzard,IcyWind,Moonblast,FreezeDry|||M|||50|,,,,,Ghost]Arcanine-Hisui||MirrorHerb|Intimidate|RockSlide,FlareBlitz,ExtremeSpeed,Protect|||M|||50|,,,,,Ghost
|j| teamthief420
|l| teamthief420
|inactive|Battle timer is ON: inactive players will automatically lose when time's up. (requested by SnowBusiness)
|
|t:|1756951544
|teamsize|p1|4
|teamsize|p2|4
|start
|switch|p1a: Pestilence|Sneasler, L50, F|100/100
|switch|p1b: Pythia|Indeedee, L50, M|100/100
|switch|p2a: sharktile|Garchomp, L50, F|100/100
|switch|p2b: scale shot misses|Dragonite, L50, M, shiny|100/100
|-fieldstart|move: Psychic Terrain|[from] ability: Psychic Surge|[of] p1b: Pythia
|-enditem|p1a: Pestilence|Psychic Seed
|-boost|p1a: Pestilence|spd|1|[from] item: Psychic Seed
|turn|1
|inactive|SnowBusiness has 30 seconds left.
|
|t:|1756951569
|move|p1a: Pestilence|Dire Claw|p2b: scale shot misses
|-damage|p2b: scale shot misses|75/100
|move|p1b: Pythia|Expanding Force|p2b: scale shot misses|[spread] p2a,p2b
|-damage|p2a: sharktile|33/100
|-damage|p2b: scale shot misses|14/100
|move|p2a: sharktile|Earthquake|p1b: Pythia|[spread] p1a,p1b
|-immune|p2b: scale shot misses
|-supereffective|p1a: Pestilence
|-damage|p1a: Pestilence|0 fnt
|-damage|p1b: Pythia|17/100
|faint|p1a: Pestilence
|move|p2b: scale shot misses|Scale Shot|p1b: Pythia
|-damage|p1b: Pythia|0 fnt
|faint|p1b: Pythia
|-hitcount|p1: Pythia|1
|-unboost|p2b: scale shot misses|def|1
|-boost|p2b: scale shot misses|spe|1
|
|upkeep
|
|t:|1756951579
|switch|p1a: Sirocco|Tyranitar, L50, M|100/100
|switch|p1b: Seraphiel|Volcarona, L50, F|100/100
|-weather|Sandstorm|[from] ability: Sand Stream|[of] p1a: Sirocco
|turn|2
|
|t:|1756951592
|-terastallize|p1a: Sirocco|Flying
|move|p2b: scale shot misses|Scale Shot|p1a: Sirocco
|-damage|p1a: Sirocco|87/100
|-damage|p1a: Sirocco|75/100
|-damage|p1a: Sirocco|62/100
|-damage|p1a: Sirocco|50/100
|-hitcount|p1a: Sirocco|4
|-unboost|p2b: scale shot misses|def|1
|-boost|p2b: scale shot misses|spe|1
|move|p2a: sharktile|Stomping Tantrum|p1b: Seraphiel
|-damage|p1b: Seraphiel|56/100
|move|p1b: Seraphiel|Tailwind|p1b: Seraphiel
|-sidestart|p1: jamesbake|move: Tailwind
|move|p1a: Sirocco|Tera Blast|p2b: scale shot misses|[anim] Tera Blast Flying
|-damage|p2b: scale shot misses|0 fnt
|faint|p2b: scale shot misses
|
|-weather|Sandstorm|[upkeep]
|-damage|p1b: Seraphiel|50/100|[from] Sandstorm
|-damage|p1a: Sirocco|45/100|[from] Sandstorm
|-enditem|p1b: Seraphiel|Sitrus Berry|[eat]
|-heal|p1b: Seraphiel|75/100|[from] item: Sitrus Berry
|upkeep
|
|t:|1756951602
|switch|p2b: icetile|Ninetales-Alola, L50, M|100/100
|-weather|Snowscape|[from] ability: Snow Warning|[of] p2b: icetile
|turn|3
|
|t:|1756951609
|-terastallize|p2b: icetile|Ghost
|move|p2a: sharktile|Protect|p2a: sharktile
|-singleturn|p2a: sharktile|Protect
|move|p1b: Seraphiel|Overheat|p2b: icetile
|-damage|p2b: icetile|29/100
|-unboost|p1b: Seraphiel|spa|2
|move|p1a: Sirocco|Rock Slide|p2a: sharktile|[spread] p2b
|-activate|p2a: sharktile|move: Protect
|-damage|p2b: icetile|0 fnt
|faint|p2b: icetile
|
|-weather|Snowscape|[upkeep]
|upkeep
|
|t:|1756951621
|switch|p2b: faketile|Sneasler, L50, M, shiny|100/100
|turn|4
|
|t:|1756951633
|move|p2b: faketile|Fake Out|p1a: Sirocco
|-hint|Psychic Terrain doesn't affect Pokémon immune to Ground.
|-damage|p1a: Sirocco|32/100
|move|p1b: Seraphiel|Struggle Bug|p2a: sharktile|[spread] p2a,p2b
|-resisted|p2b: faketile
|-damage|p2a: sharktile|25/100
|-damage|p2b: faketile|98/100
|-unboost|p2b: faketile|spa|1
|cant|p1a: Sirocco|flinch
|move|p2a: sharktile|Stomping Tantrum|p1b: Seraphiel
|-damage|p1b: Seraphiel|30/100
|
|-weather|Snowscape|[upkeep]
|upkeep
|turn|5
|inactive|SnowBusiness has 30 seconds left.
|
|t:|1756951665
|move|p2a: sharktile|Protect|p2a: sharktile
|-singleturn|p2a: sharktile|Protect
|move|p1b: Seraphiel|Overheat|p2a: sharktile
|-activate|p2a: sharktile|move: Protect
|move|p1a: Sirocco|Tera Blast|p2b: faketile|[anim] Tera Blast Flying
|-supereffective|p2b: faketile
|-damage|p2b: faketile|0 fnt
|faint|p2b: faketile
|
|-weather|Snowscape|[upkeep]
|-sideend|p1: jamesbake|move: Tailwind
|-fieldend|move: Psychic Terrain
|upkeep
|turn|6
|
|t:|1756951684
|move|p1b: Seraphiel|Rage Powder|p1b: Seraphiel
|-singleturn|p1b: Seraphiel|move: Rage Powder
|move|p2a: sharktile|Dragon Claw|p1b: Seraphiel
|-damage|p1b: Seraphiel|0 fnt
|faint|p1b: Seraphiel
|move|p1a: Sirocco|Tera Blast|p2a: sharktile|[anim] Tera Blast Flying
|-damage|p2a: sharktile|0 fnt
|faint|p2a: sharktile
|
|win|jamesbake
