|j|☆luisjocr
|j|☆Reynordg
|html|luisjocrReynordg    
|uhtml|bestof|Game 3 of a best-of-3
|t:|1782590140
|gametype|doubles
|player|p1|luisjocr|ghetsis|
|player|p2|Reynordg|265|
|gen|9
|tier|[Gen 9 Champions] VGC 2026 Reg M-B (Bo3)
|rule|Species Clause: Limit one of each Pokémon
|rule|Item Clause: Limit 1 of each item
|clearpoke
|poke|p1|Delphox, L50, F|
|poke|p1|Kingambit, L50, M|
|poke|p1|Garchomp, L50, F|
|poke|p1|Aerodactyl, L50, M|
|poke|p1|Whimsicott, L50, F|
|poke|p1|Sneasler, L50, F|
|poke|p2|Whimsicott, L50, M|
|poke|p2|Swampert, L50, F|
|poke|p2|Pelipper, L50, M|
|poke|p2|Archaludon, L50, M|
|poke|p2|Floette-Eternal, L50, F|
|poke|p2|Basculegion, L50, M|
|teampreview|4
|showteam|p1|Delphox||Delphoxite|Blaze|Psychic,Protect,Flamethrower,DazzlingGleam|Modest||F|||50|]Kingambit||ChopleBerry|Defiant|SuckerPunch,KowtowCleave,IronHead,Protect|Adamant||M|||50|]Garchomp||LifeOrb|RoughSkin|Earthquake,StompingTantrum,DragonClaw,Protect|Jolly||F|||50|]Aerodactyl||Aerodactylite|Pressure|DualWingbeat,RockSlide,IceFang,Protect|Jolly||M|||50|]Whimsicott||FocusSash|Prankster|Tailwind,Encore,Moonblast,GigaDrain|Timid||F|||50|]Sneasler||MentalHerb|PoisonTouch|DireClaw,Protect,CloseCombat,FakeOut|Jolly||F|||50|
|showteam|p2|Whimsicott||CobaBerry|Prankster|Moonblast,Tailwind,Encore,Protect|Bold||M|||50|]Swampert||Swampertite|Torrent|WaveCrash,Earthquake,IcePunch,Protect|Adamant||F|||50|]Pelipper||LifeOrb|Drizzle|WeatherBall,Hurricane,Tailwind,Protect|Modest||M|||50|]Archaludon||Leftovers|Stamina|DracoMeteor,FlashCannon,ElectroShot,Protect|Modest||M|||50|]Floette-Eternal||Floettite|FlowerVeil|Moonblast,DazzlingGleam,LightofRuin,Protect|Modest||F|||50|]Basculegion||FocusSash|Adaptability|Liquidation,LastRespects,AquaJet,Protect|Adamant||M|||50|
|inactive|Battle timer is ON: inactive players will automatically lose when time's up. (requested by Reynordg)
|
|t:|1782590163
|teamsize|p1|4
|teamsize|p2|4
|start
|switch|p1a: Sneasler|Sneasler, L50, F|100/100
|switch|p1b: Garchomp|Garchomp, L50, F|100/100
|switch|p2a: Pelipper|Pelipper, L50, M|100/100
|switch|p2b: Swampert|Swampert, L50, F|100/100
|-weather|RainDance|[from] ability: Drizzle|[of] p2a: Pelipper
|turn|1
|
|t:|1782590187
|switch|p1b: Whimsicott|Whimsicott, L50, F|100/100
|detailschange|p2b: Swampert|Swampert-Mega, L50, F
|-mega|p2b: Swampert|Swampert|Swampertite
|move|p1a: Sneasler|Fake Out|p2b: Swampert
|-damage|p2b: Swampert|87/100
|cant|p2b: Swampert|flinch
|move|p2a: Pelipper|Tailwind|p2a: Pelipper
|-sidestart|p2: Reynordg|move: Tailwind
|
|-weather|RainDance|[upkeep]
|upkeep
|turn|2
|inactive|luisjocr has 30 seconds left.
|inactive|luisjocr has 20 seconds left.
|
|t:|1782590225
|move|p1b: Whimsicott|Encore|p2a: Pelipper
|-start|p2a: Pelipper|Encore
|move|p2b: Swampert|Earthquake|p1b: Whimsicott|[spread] p1a,p1b
|-immune|p2a: Pelipper
|-supereffective|p1a: Sneasler|1
|-resisted|p1b: Whimsicott|1
|-damage|p1a: Sneasler|0 fnt
|-damage|p1b: Whimsicott|64/100
|faint|p1a: Sneasler
|move|p2a: Pelipper|Tailwind||[still]
|-fail|p2a: Pelipper
|
|-weather|RainDance|[upkeep]
|upkeep
|
|t:|1782590236
|switch|p1a: Garchomp|Garchomp, L50, F|100/100
|turn|3
|inactive|Reynordg has 30 seconds left.
|
|t:|1782590270
|switch|p2a: Whimsicott|Whimsicott, L50, M|100/100
|move|p1a: Garchomp|Protect|p1a: Garchomp
|-singleturn|p1a: Garchomp|Protect
|move|p2b: Swampert|Ice Punch|p1b: Whimsicott
|-supereffective|p1b: Whimsicott|1
|-damage|p1b: Whimsicott|0 fnt
|faint|p1b: Whimsicott
|
|-weather|RainDance|[upkeep]
|upkeep
|
|t:|1782590281
|switch|p1b: Kingambit|Kingambit, L50, M|100/100
|turn|4
|
|t:|1782590305
|move|p2a: Whimsicott|Encore|p1a: Garchomp
|-start|p1a: Garchomp|Encore
|move|p1a: Garchomp|Protect|p1a: Garchomp
|-singleturn|p1a: Garchomp|Protect
|move|p2b: Swampert|Wave Crash|p1b: Kingambit
|-damage|p1b: Kingambit|26/100
|-damage|p2b: Swampert|62/100|[from] Recoil
|move|p1b: Kingambit|Kowtow Cleave|p2b: Swampert
|-damage|p2b: Swampert|21/100
|
|-weather|RainDance|[upkeep]
|-sideend|p2: Reynordg|move: Tailwind
|upkeep
|turn|5
|
|t:|1782590321
|switch|p2b: Archaludon|Archaludon, L50, M|100/100
|move|p1a: Garchomp|Protect||[still]
|-fail|p1a: Garchomp
|move|p1b: Kingambit|Sucker Punch||[still]
|-fail|p1b: Kingambit
|move|p2a: Whimsicott|Moonblast|p1b: Kingambit
|-damage|p1b: Kingambit|2/100
|
|-weather|none
|upkeep
|turn|6
|
|t:|1782590336
|move|p1a: Garchomp|Protect|p1a: Garchomp
|-singleturn|p1a: Garchomp|Protect
|move|p2a: Whimsicott|Tailwind|p2a: Whimsicott
|-sidestart|p2: Reynordg|move: Tailwind
|move|p2b: Archaludon|Flash Cannon|p1b: Kingambit
|-resisted|p1b: Kingambit|1
|-damage|p1b: Kingambit|0 fnt
|faint|p1b: Kingambit
|
|-end|p1a: Garchomp|Encore
|upkeep
|turn|7
|
|t:|1782590350
|move|p2a: Whimsicott|Moonblast|p1a: Garchomp
|-supereffective|p1a: Garchomp|1
|-damage|p1a: Garchomp|44/100
|move|p2b: Archaludon|Flash Cannon|p1a: Garchomp
|-damage|p1a: Garchomp|7/100
|move|p1a: Garchomp|Earthquake|p2b: Archaludon|[spread] p2a,p2b
|-resisted|p2a: Whimsicott|1
|-supereffective|p2b: Archaludon|1
|-damage|p2a: Whimsicott|78/100
|-damage|p2b: Archaludon|19/100
|-ability|p2b: Archaludon|Stamina|boost
|-boost|p2b: Archaludon|def|1
|-damage|p1a: Garchomp|0 fnt|[from] item: Life Orb
|faint|p1a: Garchomp
|
|win|Reynordg
