|j|☆Sizzle2466
|j|☆PR1NC3735
|html|Sizzle2466PR1NC3735    
|uhtml|bestof|Game 3 of a best-of-3
|t:|1757637227
|gametype|doubles
|player|p1|Sizzle2466|2|1036
|player|p2|PR1NC3735|102|1000
|gen|9
|tier|[Gen 9] VGC 2025 Reg H (Bo3)
|rated|
|rule|Species Clause: Limit one of each Pokémon
|rule|Item Clause: Limit 1 of each item
|clearpoke
|poke|p1|Bruxish, L50, F|
|poke|p1|Coalossal, L50, M|
|poke|p1|Sinistcha, L50|
|poke|p1|Dragapult, L50, M|
|poke|p1|Whimsicott, L50, F|
|poke|p1|Lucario, L50, F|
|poke|p2|Garchomp, L50, M|
|poke|p2|Gholdengo, L50|
|poke|p2|Murkrow, L50, F|
|poke|p2|Indeedee-F, L50, F|
|poke|p2|Incineroar, L50, F|
|poke|p2|Annihilape, L50, M|
|teampreview|4
|showteam|p1|Bruxish||SafetyGoggles|Dazzling|AquaJet,WaveCrash,Protect,PsychicFangs|||F|||50|,,,,,Fairy]Coalossal||WeaknessPolicy|SteamEngine|HeatWave,EarthPower,PowerGem,Protect|||M|||50|,,,,,Fire]Sinistcha||SitrusBerry|Hospitality|MatchaGotcha,RagePowder,TrickRoom,PsychUp||||||50|,,,,,Water]Dragapult||ChoiceBand|ClearBody|DragonDarts,TeraBlast,Surf,PhantomForce|||M|||50|,,,,,Ghost]Whimsicott||FocusSash|Prankster|BeatUp,Tailwind,Taunt,Moonblast|||F|||50|,,,,,Ghost]Lucario||ClearAmulet|Justified|CloseCombat,ExtremeSpeed,BulletPunch,Protect|||F|||50|,,,,,Normal
|showteam|p2|Garchomp||LifeOrb|RoughSkin|Earthquake,DragonClaw,SwordsDance,Protect|||M|||50|,,,,,Steel]Gholdengo||IronPlate|GoodasGold|MakeItRain,ShadowBall,NastyPlot,Protect||||||50|,,,,,Steel]Murkrow||Eviolite|Prankster|FoulPlay,Tailwind,Taunt,Protect|||F|||50|,,,,,Ghost]Indeedee-F||SafetyGoggles|PsychicSurge|DazzlingGleam,FollowMe,Protect,Psychic|||F|||50|,,,,,Flying]Incineroar||AguavBerry|Intimidate|PartingShot,FlareBlitz,KnockOff,FakeOut|||F|||50|,,,,,Flying]Annihilape||PsychicSeed|Defiant|DrainPunch,RageFist,Protect,BulkUp|||M|||50|,,,,,Grass
|
|t:|1757637242
|teamsize|p1|4
|teamsize|p2|4
|start
|switch|p1a: Whimsicott|Whimsicott, L50, F|100/100
|switch|p1b: Lucario|Lucario, L50, F|100/100
|switch|p2a: Garchomp|Garchomp, L50, M|100/100
|switch|p2b: Incineroar|Incineroar, L50, F|100/100
|-ability|p2b: Incineroar|Intimidate|boost
|-unboost|p1a: Whimsicott|atk|1
|-fail|p1b: Lucario|unboost|[from] item: Clear Amulet|[of] p1b: Lucario
|turn|1
|
|t:|1757637278
|switch|p2b: Annihilape|Annihilape, L50, M|100/100
|-terastallize|p1a: Whimsicott|Ghost
|move|p2a: Garchomp|Protect|p2a: Garchomp
|-singleturn|p2a: Garchomp|Protect
|move|p1b: Lucario|Protect|p1b: Lucario
|-singleturn|p1b: Lucario|Protect
|move|p1a: Whimsicott|Moonblast|p2a: Garchomp
|-activate|p2a: Garchomp|move: Protect
|
|upkeep
|turn|2
|
|t:|1757637312
|-terastallize|p2a: Garchomp|Steel
|move|p1a: Whimsicott|Beat Up|p1b: Lucario
|-resisted|p1b: Lucario
|-damage|p1b: Lucario|99/100
|-ability|p1b: Lucario|Justified|boost
|-boost|p1b: Lucario|atk|1
|-resisted|p1b: Lucario
|-damage|p1b: Lucario|98/100
|-ability|p1b: Lucario|Justified|boost
|-boost|p1b: Lucario|atk|1
|-resisted|p1b: Lucario
|-damage|p1b: Lucario|97/100
|-ability|p1b: Lucario|Justified|boost
|-boost|p1b: Lucario|atk|1
|-resisted|p1b: Lucario
|-damage|p1b: Lucario|96/100
|-ability|p1b: Lucario|Justified|boost
|-boost|p1b: Lucario|atk|1
|-hitcount|p1b: Lucario|4
|move|p2a: Garchomp|Dragon Claw|p1a: Whimsicott
|-crit|p1a: Whimsicott
|-enditem|p1a: Whimsicott|Focus Sash
|-damage|p1a: Whimsicott|1/100
|-damage|p2a: Garchomp|91/100|[from] item: Life Orb
|move|p1b: Lucario|Close Combat|p2a: Garchomp
|-supereffective|p2a: Garchomp
|-damage|p2a: Garchomp|0 fnt
|-unboost|p1b: Lucario|def|1
|-unboost|p1b: Lucario|spd|1
|-damage|p1b: Lucario|83/100|[from] ability: Rough Skin|[of] p2a: Garchomp
|faint|p2a: Garchomp
|move|p2b: Annihilape|Bulk Up|p2b: Annihilape
|-boost|p2b: Annihilape|atk|1
|-boost|p2b: Annihilape|def|1
|
|upkeep
|
|t:|1757637333
|switch|p2a: Murkrow|Murkrow, L50, F|100/100
|turn|3
|
|t:|1757637348
|move|p1b: Lucario|Bullet Punch|p2b: Annihilape
|-damage|p2b: Annihilape|67/100
|move|p2a: Murkrow|Taunt|p1a: Whimsicott
|-start|p1a: Whimsicott|move: Taunt
|move|p1a: Whimsicott|Moonblast|p2b: Annihilape
|-supereffective|p2b: Annihilape
|-damage|p2b: Annihilape|12/100
|move|p2b: Annihilape|Drain Punch|p1b: Lucario
|-supereffective|p1b: Lucario
|-damage|p1b: Lucario|0 fnt
|-heal|p2b: Annihilape|39/100|[from] drain|[of] p1b: Lucario
|faint|p1b: Lucario
|
|upkeep
|
|t:|1757637362
|switch|p1b: Bruxish|Bruxish, L50, F|100/100
|turn|4
|
|t:|1757637368
|move|p2b: Annihilape|Protect|p2b: Annihilape
|-singleturn|p2b: Annihilape|Protect
|move|p1a: Whimsicott|Moonblast|p2b: Annihilape
|-activate|p2b: Annihilape|move: Protect
|move|p1b: Bruxish|Wave Crash|p2b: Annihilape
|-activate|p2b: Annihilape|move: Protect
|move|p2a: Murkrow|Foul Play|p1a: Whimsicott
|-supereffective|p1a: Whimsicott
|-damage|p1a: Whimsicott|0 fnt
|faint|p1a: Whimsicott
|
|upkeep
|
|t:|1757637379
|switch|p1a: Coalossal|Coalossal, L50, M|100/100
|turn|5
|
|t:|1757637394
|move|p1b: Bruxish|Aqua Jet|p1a: Coalossal
|-supereffective|p1a: Coalossal
|-damage|p1a: Coalossal|47/100
|-ability|p1a: Coalossal|Steam Engine|boost
|-boost|p1a: Coalossal|spe|6
|-enditem|p1a: Coalossal|Weakness Policy
|-boost|p1a: Coalossal|atk|2|[from] item: Weakness Policy
|-boost|p1a: Coalossal|spa|2|[from] item: Weakness Policy
|move|p1a: Coalossal|Heat Wave|p2a: Murkrow|[spread] p2a,p2b
|-damage|p2a: Murkrow|42/100
|-damage|p2b: Annihilape|0 fnt
|faint|p2b: Annihilape
|move|p2a: Murkrow|Foul Play|p1a: Coalossal
|-damage|p1a: Coalossal|14/100
|
|upkeep
|
|t:|1757637397
|switch|p2b: Incineroar|Incineroar, L50, F|100/100
|-ability|p2b: Incineroar|Intimidate|boost
|-unboost|p1a: Coalossal|atk|1
|-unboost|p1b: Bruxish|atk|1
|turn|6
|
|t:|1757637426
|move|p1a: Coalossal|Earth Power|p2b: Incineroar
|-supereffective|p2b: Incineroar
|-damage|p2b: Incineroar|27/100
|move|p1b: Bruxish|Wave Crash|p2a: Murkrow
|-damage|p2a: Murkrow|6/100
|-damage|p1b: Bruxish|89/100|[from] Recoil
|move|p2a: Murkrow|Foul Play|p1a: Coalossal
|-damage|p1a: Coalossal|0 fnt
|faint|p1a: Coalossal
|move|p2b: Incineroar|Knock Off|p1b: Bruxish
|-supereffective|p1b: Bruxish
|-damage|p1b: Bruxish|0 fnt
|-enditem|p1b: Bruxish|Safety Goggles|[from] move: Knock Off|[of] p2b: Incineroar
|faint|p1b: Bruxish
|
|win|PR1NC3735
|raw|Sizzle2466's rating: 1036 → 1019(-17 for losing)
|raw|PR1NC3735's rating: 1000 → 1044(+44 for winning)
|c|☆Sizzle2466|ggs
|c|☆PR1NC3735|Gg
|c|☆PR1NC3735|sick strat
|c|☆Sizzle2466|haha ty
|c|☆Sizzle2466|i like ur team too
|c|☆PR1NC3735|Thanks
|l|☆Sizzle2466
|player|p1|
