|j|‽Juaner95
|j|☆chungoc
|html|Juaner95chungoc    
|uhtml|bestof|Game 1 of a best-of-3
|t:|1785006186
|gametype|doubles
|player|p1|Juaner95|ash-hoenn|1192
|player|p2|chungoc|birdkeeper|1166
|gen|9
|tier|[Gen 9 Champions] VGC 2026 Reg M-B (Bo3)
|rated|
|rule|Species Clause: Limit one of each Pokémon
|rule|Item Clause: Limit 1 of each item
|clearpoke
|poke|p1|Scrafty, L50, M|
|poke|p1|Vileplume, L50, F, shiny|
|poke|p1|Oranguru, L50, M|
|poke|p1|Torkoal, L50, F, shiny|
|poke|p1|Gholdengo, L50, shiny|
|poke|p1|Lucario, L50, M|
|poke|p2|Tyranitar, L50, M, shiny|
|poke|p2|Whimsicott, L50, F|
|poke|p2|Excadrill, L50, M|
|poke|p2|Rotom-Wash, L50|
|poke|p2|Hydreigon, L50, M|
|poke|p2|Delphox, L50, F|
|teampreview|4
|showteam|p1|Scrafty||Scraftinite|Intimidate|FakeOut,KnockOff,DrainPunch,RockSlide|Brave||M|||50|]Vileplume||FocusSash|Chlorophyll|AfterYou,SludgeBomb,LeafStorm,Protect|Modest||F|||50|]Oranguru||MentalHerb|InnerFocus|Instruct,Encore,TrickRoom,Protect|Bold||M|||50|]Torkoal||Charcoal|Drought|Eruption,EarthPower,HeatWave,Protect|Quiet||F|||50|]Gholdengo||LifeOrb|GoodasGold|ShadowBall,MakeItRain,NastyPlot,Protect|Timid|||||50|]Lucario||ChoiceScarf|InnerFocus|FinalGambit,HelpingHand,SunnyDay,HealPulse|Timid||M|||50|
|showteam|p2|Tyranitar||Tyranitarite|SandStream|RockSlide,KnockOff,Protect,Superpower|Adamant||M|||50|]Whimsicott||FocusSash|Prankster|Moonblast,Tailwind,Encore,Taunt|Timid||F|||50|]Excadrill||LifeOrb|SandRush|HighHorsepower,IronHead,RockSlide,Protect|Adamant||M|||50|]Rotom-Wash||SitrusBerry|Levitate|Protect,WillOWisp,Thunderbolt,HydroPump|Modest|||||50|]Hydreigon||RoseliBerry|Levitate|Protect,DarkPulse,DracoMeteor,FlashCannon|Modest||M|||50|]Delphox||Delphoxite|Blaze|HeatWave,Psychic,Protect,DazzlingGleam|Modest||F|||50|
|inactive|Battle timer is ON: inactive players will automatically lose when time's up. (requested by chungoc)
|inactive|Juaner95 has 60 seconds left.
|inactive|Juaner95 has 30 seconds left.
|inactive|Juaner95 has 20 seconds left.
|inactive|Juaner95 has 15 seconds left.
|
|t:|1785006326
|teamsize|p1|4
|teamsize|p2|4
|start
|switch|p1a: Lucario|Lucario, L50, M|100/100
|switch|p1b: Oranguru|Oranguru, L50, M|100/100
|switch|p2a: Whimsicott|Whimsicott, L50, F|100/100
|switch|p2b: Delphox|Delphox, L50, F|100/100
|turn|1
|inactive|chungoc has 30 seconds left.
|
|t:|1785006352
|detailschange|p2b: Delphox|Delphox-Mega, L50, F
|-mega|p2b: Delphox|Delphox|Delphoxite
|move|p2a: Whimsicott|Taunt|p1b: Oranguru
|-start|p1b: Oranguru|move: Taunt
|-enditem|p1b: Oranguru|Mental Herb
|-end|p1b: Oranguru|move: Taunt
|move|p1a: Lucario|Final Gambit|p2b: Delphox
|-damage|p2b: Delphox|0 fnt
|faint|p1a: Lucario
|faint|p2b: Delphox
|move|p1b: Oranguru|Trick Room|p1b: Oranguru
|-fieldstart|move: Trick Room|[of] p1b: Oranguru
|
|upkeep
|
|t:|1785006370
|switch|p1a: Torkoal|Torkoal, L50, F, shiny|100/100
|switch|p2b: Excadrill|Excadrill, L50, M|100/100
|-weather|SunnyDay|[from] ability: Drought|[of] p1a: Torkoal
|turn|2
|
|t:|1785006388
|move|p2a: Whimsicott|Encore|p1b: Oranguru
|-start|p1b: Oranguru|Encore
|move|p1a: Torkoal|Eruption|p2b: Excadrill|[spread] p2a,p2b
|-supereffective|p2a: Whimsicott|1
|-supereffective|p2b: Excadrill|1
|-crit|p2b: Excadrill
|-enditem|p2a: Whimsicott|Focus Sash
|-damage|p2a: Whimsicott|1/100
|-damage|p2b: Excadrill|0 fnt
|faint|p2b: Excadrill
|move|p1b: Oranguru|Trick Room|p1b: Oranguru
|-fieldend|move: Trick Room
|
|-weather|SunnyDay|[upkeep]
|upkeep
|
|t:|1785006400
|switch|p2b: Tyranitar|Tyranitar, L50, M, shiny|100/100
|-weather|Sandstorm|[from] ability: Sand Stream|[of] p2b: Tyranitar
|turn|3
|
|t:|1785006422
|switch|p1a: Scrafty|Scrafty, L50, M|100/100
|-ability|p1a: Scrafty|Intimidate|boost
|-unboost|p2a: Whimsicott|atk|1
|-unboost|p2b: Tyranitar|atk|1
|move|p2a: Whimsicott|Moonblast|p1a: Scrafty
|-supereffective|p1a: Scrafty|2
|-damage|p1a: Scrafty|0 fnt
|faint|p1a: Scrafty
|move|p2b: Tyranitar|Rock Slide|p1b: Oranguru
|-damage|p1b: Oranguru|78/100
|move|p1b: Oranguru|Trick Room|p1b: Oranguru
|-fieldstart|move: Trick Room|[of] p1b: Oranguru
|
|-weather|Sandstorm|[upkeep]
|-damage|p1b: Oranguru|71/100|[from] Sandstorm
|-damage|p2a: Whimsicott|0 fnt|[from] Sandstorm
|faint|p2a: Whimsicott
|upkeep
|
|t:|1785006434
|switch|p1a: Torkoal|Torkoal, L50, F, shiny|100/100
|-weather|SunnyDay|[from] ability: Drought|[of] p1a: Torkoal
|turn|4
|
|t:|1785006452
|move|p2b: Tyranitar|Protect|p2b: Tyranitar
|-singleturn|p2b: Tyranitar|Protect
|move|p1a: Torkoal|Earth Power|p2b: Tyranitar
|-activate|p2b: Tyranitar|move: Protect
|move|p1b: Oranguru|Trick Room|p1b: Oranguru
|-fieldend|move: Trick Room
|
|-weather|SunnyDay|[upkeep]
|-end|p1b: Oranguru|Encore
|upkeep
|turn|5
|
|t:|1785006467
|move|p1a: Torkoal|Protect|p1a: Torkoal
|-singleturn|p1a: Torkoal|Protect
|move|p2b: Tyranitar|Knock Off|p1b: Oranguru
|-supereffective|p1b: Oranguru|1
|-damage|p1b: Oranguru|31/100
|move|p1b: Oranguru|Trick Room|p1b: Oranguru
|-fieldstart|move: Trick Room|[of] p1b: Oranguru
|
|-weather|SunnyDay|[upkeep]
|upkeep
|turn|6
|
|t:|1785006479
|move|p2b: Tyranitar|Protect|p2b: Tyranitar
|-singleturn|p2b: Tyranitar|Protect
|move|p1a: Torkoal|Eruption|p2b: Tyranitar
|-activate|p2b: Tyranitar|move: Protect
|move|p1b: Oranguru|Instruct|p1a: Torkoal
|-singleturn|p1a: Torkoal|move: Instruct|[of] p1b: Oranguru
|move|p1a: Torkoal|Eruption|p2b: Tyranitar
|-activate|p2b: Tyranitar|move: Protect
|
|-weather|SunnyDay|[upkeep]
|upkeep
|turn|7
|
|t:|1785006492
|move|p1a: Torkoal|Eruption|p2b: Tyranitar
|-resisted|p2b: Tyranitar|1
|-damage|p2b: Tyranitar|50/100g
|move|p1b: Oranguru|Encore|p2b: Tyranitar
|-start|p2b: Tyranitar|Encore
|move|p2b: Tyranitar|Protect||[still]
|-fail|p2b: Tyranitar
|
|-weather|SunnyDay|[upkeep]
|upkeep
|turn|8
|-message|chungoc forfeited.
|
|win|Juaner95
|l|☆chungoc
|player|p2|
||chungoc is ready for game 2.
|inactive|Juaner95 has 30 seconds to confirm battle start!
|inactive|Juaner95 has 20 seconds to confirm battle start!
|inactive|Juaner95 has 10 seconds to confirm battle start!
|uhtml|next|Next: Game 2 of 3
