|j|☆EnigmaEUW
|html|EnigmaEUWColustrioVGC    
|uhtml|bestof|Game 3 of a best-of-3
|t:|1757806983
|gametype|doubles
|player|p1|EnigmaEUW|ingo|
|player|p2|ColustrioVGC|170|
|gen|9
|tier|[Gen 9] VGC 2025 Reg H (Bo3)
|rule|Species Clause: Limit one of each Pokémon
|rule|Item Clause: Limit 1 of each item
|clearpoke
|poke|p1|Pelipper, L50, M|
|poke|p1|Archaludon, L50, M|
|poke|p1|Incineroar, L50, F|
|poke|p1|Hydreigon, L50, M|
|poke|p1|Ursaluna, L50, F|
|poke|p1|Amoonguss, L50, M|
|poke|p2|Dragonite, L50, F|
|poke|p2|Primarina, L50, M|
|poke|p2|Porygon2, L50|
|poke|p2|Ursaluna, L50, M|
|poke|p2|Incineroar, L50, M|
|poke|p2|Yanmega, L50, F|
|teampreview|4
|showteam|p1|Pelipper||CovertCloak|Drizzle|WeatherBall,Hurricane,Tailwind,Protect|||M|||50|,,,,,Grass]Archaludon||AssaultVest|Stamina|ElectroShot,BodyPress,DracoMeteor,FlashCannon|||M|||50|,,,,,Bug]Incineroar||RockyHelmet|Intimidate|FlareBlitz,KnockOff,FakeOut,PartingShot|||F|||50|,,,,,Grass]Hydreigon||SafetyGoggles|Levitate|Snarl,DracoMeteor,Tailwind,Protect|||M|||50|,,,,,Fire]Ursaluna||FlameOrb|Guts|Facade,Earthquake,HeadlongRush,Protect|||F|||50|,,,,,Ghost]Amoonguss||SitrusBerry|Regenerator|Spore,RagePowder,PollenPuff,Protect|||M|||50|,,,,,Water
|showteam|p2|Dragonite||LoadedDice|Multiscale|ScaleShot,IceSpinner,Protect,Haze|||F|||50|,,,,,Fairy]Primarina||ThroatSpray|Torrent|HyperVoice,Moonblast,Protect,ShadowBall|||M|||50|,,,,,Poison]Porygon2||Eviolite|Download|TeraBlast,IceBeam,Recover,TrickRoom||||||50|,,,,,Flying]Ursaluna||FlameOrb|Guts|HeadlongRush,Protect,Facade,Earthquake|||M|||50|,,,,,Ghost]Incineroar||SafetyGoggles|Intimidate|FakeOut,KnockOff,PartingShot,FlareBlitz|||M|||50|,,,,,Ghost]Yanmega||FocusSash|SpeedBoost|BugBuzz,AirSlash,Detect,Tailwind|||F|||50|,,,,,Ghost
|inactive|Battle timer is ON: inactive players will automatically lose when time's up. (requested by EnigmaEUW)
|inactive|ColustrioVGC disconnected and has 300 seconds to reconnect!
|j|‽ColustrioVGC
|inactive|ColustrioVGC reconnected and has 90 seconds left.
|player|p2|ColustrioVGC|170|
|
|t:|1757807030
|teamsize|p1|4
|teamsize|p2|4
|start
|switch|p1a: Incineroar|Incineroar, L50, F|100/100
|switch|p1b: Amoonguss|Amoonguss, L50, M|100/100
|switch|p2a: Porygon2|Porygon2, L50, shiny|100/100
|switch|p2b: Ursaluna|Ursaluna, L50, M, shiny|100/100
|-ability|p1a: Incineroar|Intimidate|boost
|-unboost|p2a: Porygon2|atk|1
|-unboost|p2b: Ursaluna|atk|1
|-ability|p2a: Porygon2|Download|boost
|-boost|p2a: Porygon2|atk|1
|turn|1
|
|t:|1757807046
|-terastallize|p2b: Ursaluna|Ghost
|move|p1a: Incineroar|Knock Off|p2b: Ursaluna
|-supereffective|p2b: Ursaluna
|-damage|p2b: Ursaluna|49/100
|-enditem|p2b: Ursaluna|Flame Orb|[from] move: Knock Off|[of] p1a: Incineroar
|move|p2a: Porygon2|Ice Beam|p1b: Amoonguss
|-supereffective|p1b: Amoonguss
|-damage|p1b: Amoonguss|50/100
|-enditem|p1b: Amoonguss|Sitrus Berry|[eat]
|-heal|p1b: Amoonguss|75/100|[from] item: Sitrus Berry
|move|p2b: Ursaluna|Headlong Rush|p1a: Incineroar
|-supereffective|p1a: Incineroar
|-damage|p1a: Incineroar|15/100
|-unboost|p2b: Ursaluna|def|1
|-unboost|p2b: Ursaluna|spd|1
|-damage|p2b: Ursaluna|32/100|[from] item: Rocky Helmet|[of] p1a: Incineroar
|move|p1b: Amoonguss|Spore|p2a: Porygon2
|-status|p2a: Porygon2|slp|[from] move: Spore
|
|upkeep
|turn|2
|inactive|EnigmaEUW has 30 seconds left.
|inactive|ColustrioVGC has 30 seconds left.
|
|t:|1757807073
|switch|p2b: Incineroar|Incineroar, L50, M|100/100
|-ability|p2b: Incineroar|Intimidate|boost
|-unboost|p1a: Incineroar|atk|1
|-unboost|p1b: Amoonguss|atk|1
|move|p1a: Incineroar|Knock Off|p2a: Porygon2
|-damage|p2a: Porygon2|84/100 slp
|-enditem|p2a: Porygon2|Eviolite|[from] move: Knock Off|[of] p1a: Incineroar
|cant|p2a: Porygon2|slp
|move|p1b: Amoonguss|Spore|p2b: Incineroar
|-activate|p2b: Incineroar|item: Safety Goggles|Spore
|
|upkeep
|turn|3
|
|t:|1757807089
|switch|p1a: Hydreigon|Hydreigon, L50, M|100/100
|move|p1b: Amoonguss|Protect|p1b: Amoonguss
|-singleturn|p1b: Amoonguss|Protect
|move|p2b: Incineroar|Fake Out|p1a: Hydreigon
|-damage|p1a: Hydreigon|89/100
|cant|p2a: Porygon2|slp
|
|upkeep
|turn|4
|
|t:|1757807105
|move|p1a: Hydreigon|Snarl|p2a: Porygon2|[spread] p2a,p2b
|-resisted|p2b: Incineroar
|-damage|p2a: Porygon2|65/100 slp
|-damage|p2b: Incineroar|92/100
|-unboost|p2a: Porygon2|spa|1
|-unboost|p2b: Incineroar|spa|1
|move|p2b: Incineroar|Parting Shot|p1a: Hydreigon
|-unboost|p1a: Hydreigon|atk|1
|-unboost|p1a: Hydreigon|spa|1
|
|t:|1757807113
|switch|p2b: Ursaluna|Ursaluna, L50, M, shiny, tera:Ghost|32/100|[from] Parting Shot
|-curestatus|p2a: Porygon2|slp|[msg]
|move|p2a: Porygon2|Ice Beam|p1a: Hydreigon
|-supereffective|p1a: Hydreigon
|-damage|p1a: Hydreigon|47/100
|-status|p1a: Hydreigon|frz
|move|p1b: Amoonguss|Spore|p2a: Porygon2
|-status|p2a: Porygon2|slp|[from] move: Spore
|
|upkeep
|turn|5
|c|☆EnigmaEUW|FUCK FOF BRO
|
|t:|1757807131
|switch|p1a: Incineroar|Incineroar, L50, F|15/100
|-ability|p1a: Incineroar|Intimidate|boost
|-unboost|p2a: Porygon2|atk|1
|-unboost|p2b: Ursaluna|atk|1
|move|p2b: Ursaluna|Facade|p1b: Amoonguss
|-damage|p1b: Amoonguss|55/100
|move|p1b: Amoonguss|Spore|p2b: Ursaluna
|-status|p2b: Ursaluna|slp|[from] move: Spore
|cant|p2a: Porygon2|slp
|
|upkeep
|turn|6
|
|t:|1757807152
|move|p1a: Incineroar|Knock Off|p2b: Ursaluna
|-supereffective|p2b: Ursaluna
|-damage|p2b: Ursaluna|0 fnt
|faint|p2b: Ursaluna
|-curestatus|p2a: Porygon2|slp|[msg]
|move|p2a: Porygon2|Tera Blast|p1a: Incineroar
|-damage|p1a: Incineroar|0 fnt
|faint|p1a: Incineroar
|move|p1b: Amoonguss|Pollen Puff|p2a: Porygon2
|-damage|p2a: Porygon2|47/100
|
|upkeep
|j| ethnol1816
|
|t:|1757807164
|switch|p1a: Ursaluna|Ursaluna, L50, F|100/100
|switch|p2b: Incineroar|Incineroar, L50, M|92/100
|-ability|p2b: Incineroar|Intimidate|boost
|-unboost|p1a: Ursaluna|atk|1
|-unboost|p1b: Amoonguss|atk|1
|turn|7
|
|t:|1757807173
|move|p1a: Ursaluna|Protect|p1a: Ursaluna
|-singleturn|p1a: Ursaluna|Protect
|move|p1b: Amoonguss|Protect|p1b: Amoonguss
|-singleturn|p1b: Amoonguss|Protect
|move|p2b: Incineroar|Knock Off|p1a: Ursaluna
|-activate|p1a: Ursaluna|move: Protect
|move|p2a: Porygon2|Ice Beam|p1b: Amoonguss
|-activate|p1b: Amoonguss|move: Protect
|
|-status|p1a: Ursaluna|brn|[from] item: Flame Orb
|upkeep
|turn|8
|
|t:|1757807191
|move|p1a: Ursaluna|Facade|p2b: Incineroar
|-damage|p2b: Incineroar|30/100
|move|p2b: Incineroar|Flare Blitz|p1a: Ursaluna
|-damage|p1a: Ursaluna|57/100 brn
|-damage|p2b: Incineroar|14/100|[from] Recoil
|move|p2a: Porygon2|Ice Beam|p1a: Ursaluna
|-supereffective|p1a: Ursaluna
|-damage|p1a: Ursaluna|21/100 brn
|move|p1b: Amoonguss|Spore|p2a: Porygon2
|-status|p2a: Porygon2|slp|[from] move: Spore
|
|-damage|p1a: Ursaluna|15/100 brn|[from] brn
|upkeep
|turn|9
|inactive|ColustrioVGC has 30 seconds left.
|
|t:|1757807221
|switch|p2b: Primarina|Primarina, L50, M|100/100
|move|p1b: Amoonguss|Protect|p1b: Amoonguss
|-singleturn|p1b: Amoonguss|Protect
|move|p1a: Ursaluna|Earthquake|p2b: Primarina|[spread] p2a,p2b
|-activate|p1b: Amoonguss|move: Protect
|-damage|p2a: Porygon2|1/100 slp
|-damage|p2b: Primarina|58/100
|cant|p2a: Porygon2|slp
|
|-damage|p1a: Ursaluna|9/100 brn|[from] brn
|upkeep
|turn|10
|inactive|EnigmaEUW has 30 seconds left.
|
|t:|1757807254
|move|p1a: Ursaluna|Protect|p1a: Ursaluna
|-singleturn|p1a: Ursaluna|Protect
|move|p2b: Primarina|Protect|p2b: Primarina
|-singleturn|p2b: Primarina|Protect
|cant|p2a: Porygon2|slp
|move|p1b: Amoonguss|Spore|p2b: Primarina
|-activate|p2b: Primarina|move: Protect
|
|-damage|p1a: Ursaluna|3/100 brn|[from] brn
|upkeep
|turn|11
|c| ethnol1816|ok im caught up now holy fuck jays ice beam luck 😭
|
|t:|1757807267
|switch|p2b: Incineroar|Incineroar, L50, M|14/100
|-ability|p2b: Incineroar|Intimidate|boost
|-unboost|p1a: Ursaluna|atk|1
|-unboost|p1b: Amoonguss|atk|1
|move|p1b: Amoonguss|Rage Powder|p1b: Amoonguss
|-singleturn|p1b: Amoonguss|move: Rage Powder
|move|p1a: Ursaluna|Facade|p2b: Incineroar
|-damage|p2b: Incineroar|0 fnt
|faint|p2b: Incineroar
|-curestatus|p2a: Porygon2|slp|[msg]
|move|p2a: Porygon2|Recover|p2a: Porygon2
|-heal|p2a: Porygon2|51/100
|
|-damage|p1a: Ursaluna|0 fnt|[from] brn
|faint|p1a: Ursaluna
|upkeep
|
|t:|1757807281
|switch|p1a: Hydreigon|Hydreigon, L50, M|47/100 frz
|switch|p2b: Primarina|Primarina, L50, M|58/100
|turn|12
|
|t:|1757807293
|-terastallize|p1a: Hydreigon|Fire
|cant|p1a: Hydreigon|frz
|move|p2b: Primarina|Hyper Voice|p1b: Amoonguss|[spread] p1a,p1b
|-damage|p1a: Hydreigon|24/100 frz
|-damage|p1b: Amoonguss|35/100
|-enditem|p2b: Primarina|Throat Spray
|-boost|p2b: Primarina|spa|1|[from] item: Throat Spray
|move|p2a: Porygon2|Ice Beam|p1b: Amoonguss
|-supereffective|p1b: Amoonguss
|-damage|p1b: Amoonguss|3/100
|-status|p1b: Amoonguss|frz
|cant|p1b: Amoonguss|frz
|
|upkeep
|turn|13
|c| ethnol1816|OH MY FUCKING GOF
|
|t:|1757807307
|cant|p1a: Hydreigon|frz
|move|p2b: Primarina|Hyper Voice|p1b: Amoonguss|[spread] p1a,p1b
|-damage|p1a: Hydreigon|0 fnt
|-damage|p1b: Amoonguss|0 fnt
|faint|p1a: Hydreigon
|faint|p1b: Amoonguss
|
|win|ColustrioVGC
|l|☆EnigmaEUW
|player|p1|
|j|☆EnigmaEUW
|player|p1|EnigmaEUW|ingo|
|l| ethnol1816
