|j|☆LorGhez
|j|☆bhs24
|html|LorGhezbhs24    
|uhtml|bestof|Game 2 of a best-of-3
|t:|1782757111
|gametype|doubles
|player|p1|LorGhez|169|1125
|player|p2|bhs24|lucas-gen4pt|1069
|gen|9
|tier|[Gen 9 Champions] VGC 2026 Reg M-B (Bo3)
|rated|
|rule|Species Clause: Limit one of each Pokémon
|rule|Item Clause: Limit 1 of each item
|clearpoke
|poke|p1|Sceptile, L50, F|
|poke|p1|Sylveon, L50, F|
|poke|p1|Rotom-Wash, L50|
|poke|p1|Aerodactyl, L50, F|
|poke|p1|Incineroar, L50, F|
|poke|p1|Kingambit, L50, F|
|poke|p2|Raichu, L50, F|
|poke|p2|Sinistcha, L50|
|poke|p2|Aerodactyl, L50, M|
|poke|p2|Annihilape, L50, F|
|poke|p2|Maushold, L50|
|poke|p2|Aggron, L50, M|
|teampreview|4
|showteam|p1|Sceptile||Sceptilite|Overgrow|Protect,LeafStorm,DragonPulse,EarthPower|Timid||F|||50|]Sylveon||FairyFeather|Pixilate|Protect,HyperBeam,HyperVoice,QuickAttack|Modest||F|||50|]Rotom-Wash||Leftovers|Levitate|WillOWisp,Discharge,HydroPump,LightScreen|Modest|||||50|]Aerodactyl||Aerodactylite|Unnerve|Protect,Tailwind,RockSlide,IceFang|Jolly||F|||50|]Incineroar||SitrusBerry|Intimidate|FakeOut,PartingShot,ThroatChop,FlareBlitz|Careful||F|||50|]Kingambit||BlackGlasses|Defiant|Protect,SuckerPunch,KowtowCleave,IronHead|Adamant||F|||50|
|showteam|p2|Raichu||RaichuniteY|Static|ZapCannon,FocusBlast,FakeOut,Protect|Hasty||F|||50|]Sinistcha||SitrusBerry|Hospitality|MatchaGotcha,TrickRoom,RagePowder,StrengthSap|Relaxed|||||50|]Aerodactyl||FocusSash|Unnerve|Tailwind,RockSlide,WideGuard,DualWingbeat|Jolly||M|||50|]Annihilape||LifeOrb|Defiant|BulkUp,DrainPunch,RageFist,IcePunch|Adamant||F|||50|]Maushold||ChopleBerry|FriendGuard|BeatUp,FollowMe,SuperFang,Taunt|Bold|||||50|]Aggron||Aggronite|HeavyMetal|BodyPress,HeavySlam,Curse,RockSlide|Impish||M|||50|
|inactive|Battle timer is ON: inactive players will automatically lose when time's up. (requested by bhs24)
|inactive|bhs24 has 60 seconds left.
|
|t:|1782757151
|teamsize|p1|4
|teamsize|p2|4
|start
|switch|p1a: Aerodactyl|Aerodactyl, L50, F|100/100
|switch|p1b: Incineroar|Incineroar, L50, F|100/100
|switch|p2a: Annihilape|Annihilape, L50, F|100/100
|switch|p2b: Maushold|Maushold, L50|100/100
|-ability|p1a: Aerodactyl|Unnerve
|-ability|p1b: Incineroar|Intimidate|boost
|-unboost|p2a: Annihilape|atk|1
|-ability|p2a: Annihilape|Defiant|boost
|-boost|p2a: Annihilape|atk|2
|-unboost|p2b: Maushold|atk|1
|turn|1
|inactive|LorGhez has 30 seconds left.
|inactive|bhs24 has 30 seconds left.
|inactive|LorGhez has 20 seconds left.
|inactive|bhs24 has 20 seconds left.
|inactive|LorGhez has 15 seconds left.
|
|t:|1782757194
|switch|p1b: Sylveon|Sylveon, L50, F|100/100
|move|p1a: Aerodactyl|Tailwind|p1a: Aerodactyl
|-sidestart|p1: LorGhez|move: Tailwind
|move|p2b: Maushold|Beat Up|p2a: Annihilape
|-damage|p2a: Annihilape|98/100
|-damage|p2a: Annihilape|97/100
|-damage|p2a: Annihilape|95/100
|-damage|p2a: Annihilape|94/100
|-hitcount|p2a: Annihilape|4
|move|p2a: Annihilape|Drain Punch|p1b: Sylveon
|-resisted|p1b: Sylveon|1
|-damage|p1b: Sylveon|61/100
|-heal|p2a: Annihilape|100/100|[from] drain|[of] p1b: Sylveon
|-damage|p2a: Annihilape|90/100|[from] item: Life Orb
|
|upkeep
|turn|2
|inactive|bhs24 has 30 seconds left.
|inactive|bhs24 has 20 seconds left.
|
|t:|1782757231
|move|p2b: Maushold|Follow Me|p2b: Maushold
|-singleturn|p2b: Maushold|move: Follow Me
|move|p1a: Aerodactyl|Rock Slide|p2a: Annihilape|[spread] p2a,p2b
|-resisted|p2a: Annihilape|1
|-damage|p2a: Annihilape|79/100
|-damage|p2b: Maushold|75/100
|move|p1b: Sylveon|Hyper Voice|p2b: Maushold|[spread] p2a,p2b
|-supereffective|p2a: Annihilape|1
|-damage|p2a: Annihilape|2/100
|-damage|p2b: Maushold|9/100
|move|p2a: Annihilape|Rage Fist|p1a: Aerodactyl
|-damage|p1a: Aerodactyl|0 fnt
|faint|p1a: Aerodactyl
|-damage|p2a: Annihilape|0 fnt|[from] item: Life Orb
|faint|p2a: Annihilape
|
|upkeep
|inactive|LorGhez has 30 seconds left.
|inactive|LorGhez has 20 seconds left.
|
|t:|1782757269
|switch|p1a: Incineroar|Incineroar, L50, F|100/100
|switch|p2a: Raichu|Raichu, L50, F|100/100
|-ability|p1a: Incineroar|Intimidate|boost
|-unboost|p2a: Raichu|atk|1
|-unboost|p2b: Maushold|atk|1
|turn|3
|inactive|bhs24 has 30 seconds left.
|
|t:|1782757297
|switch|p2b: Aerodactyl|Aerodactyl, L50, M|100/100
|-ability|p2b: Aerodactyl|Unnerve
|detailschange|p2a: Raichu|Raichu-Mega-Y, L50, F
|-mega|p2a: Raichu|Raichu|Raichunite Y
|move|p2a: Raichu|Protect|p2a: Raichu
|-singleturn|p2a: Raichu|Protect
|move|p1a: Incineroar|Fake Out|p2a: Raichu
|-activate|p2a: Raichu|move: Protect
|move|p1b: Sylveon|Hyper Voice|p2b: Aerodactyl|[spread] p2b
|-activate|p2a: Raichu|move: Protect
|-damage|p2b: Aerodactyl|32/100
|
|upkeep
|turn|4
|inactive|bhs24 has 30 seconds left.
|
|t:|1782757327
|switch|p2b: Maushold|Maushold, L50|9/100
|move|p2a: Raichu|Protect|p2a: Raichu
|-singleturn|p2a: Raichu|Protect
|move|p1b: Sylveon|Protect|p1b: Sylveon
|-singleturn|p1b: Sylveon|Protect
|move|p1a: Incineroar|Parting Shot|p2a: Raichu
|-activate|p2a: Raichu|move: Protect
|
|-sideend|p1: LorGhez|move: Tailwind
|upkeep
|turn|5
|inactive|LorGhez has 30 seconds left.
|
|t:|1782757357
|move|p2b: Maushold|Follow Me|p2b: Maushold
|-singleturn|p2b: Maushold|move: Follow Me
|move|p2a: Raichu|Zap Cannon|p1b: Sylveon
|-damage|p1b: Sylveon|9/100
|-status|p1b: Sylveon|par
|move|p1a: Incineroar|Flare Blitz|p2b: Maushold
|-damage|p2b: Maushold|0 fnt
|faint|p2b: Maushold
|-damage|p1a: Incineroar|97/100|[from] Recoil
|move|p1b: Sylveon|Hyper Voice|p2a: Raichu
|-damage|p2a: Raichu|0 fnt
|faint|p2a: Raichu
|
|upkeep
|
|t:|1782757369
|switch|p2b: Aerodactyl|Aerodactyl, L50, M|32/100
|-ability|p2b: Aerodactyl|Unnerve
|turn|6
|
|t:|1782757390
|move|p1b: Sylveon|Quick Attack|p2b: Aerodactyl
|-damage|p2b: Aerodactyl|13/100
|move|p2b: Aerodactyl|Rock Slide|p1a: Incineroar|[spread] p1a,p1b
|-supereffective|p1a: Incineroar|1
|-damage|p1a: Incineroar|55/100
|-damage|p1b: Sylveon|0 fnt
|faint|p1b: Sylveon
|cant|p1a: Incineroar|flinch
|
|upkeep
|
|t:|1782757403
|switch|p1b: Sceptile|Sceptile, L50, F|100/100
|turn|7
|
|t:|1782757410
|detailschange|p1b: Sceptile|Sceptile-Mega, L50, F
|-mega|p1b: Sceptile|Sceptile|Sceptilite
|move|p1b: Sceptile|Dragon Pulse|p2b: Aerodactyl
|-damage|p2b: Aerodactyl|0 fnt
|faint|p2b: Aerodactyl
|
|win|LorGhez
|raw|LorGhez's rating: 1125 → 1146(+21 for winning)
|raw|bhs24's rating: 1069 → 1052(-17 for losing)
|l|☆bhs24
|player|p2|
