|j|☆RedAllay
|j|☆maviuc
|html|RedAllaymaviuc    
|uhtml|bestof|Game 3 of a best-of-3
|t:|1784317987
|gametype|doubles
|player|p1|RedAllay|gladion|1129
|player|p2|maviuc|elesa|1117
|gen|9
|tier|[Gen 9 Champions] VGC 2026 Reg M-B (Bo3)
|rated|
|rule|Species Clause: Limit one of each Pokémon
|rule|Item Clause: Limit 1 of each item
|clearpoke
|poke|p1|Floette-Eternal, L50, F|
|poke|p1|Garchomp, L50, M|
|poke|p1|Incineroar, L50, F|
|poke|p1|Sinistcha, L50|
|poke|p1|Sneasler, L50, F|
|poke|p1|Aerodactyl, L50, F|
|poke|p2|Charizard, L50, M|
|poke|p2|Incineroar, L50, F|
|poke|p2|Sylveon, L50, F|
|poke|p2|Farigiraf, L50, M|
|poke|p2|Garchomp, L50, F|
|poke|p2|Aerodactyl, L50, F|
|teampreview|4
|showteam|p1|Floette-Eternal||Floettite|FlowerVeil|Moonblast,DazzlingGleam,CalmMind,Protect|Modest||F|||50|]Garchomp||LifeOrb|RoughSkin|Earthquake,StompingTantrum,DragonClaw,Protect|Adamant||M|||50|]Incineroar||SitrusBerry|Intimidate|FlareBlitz,ThroatChop,PartingShot,FakeOut|Relaxed||F|||50|]Sinistcha||Leftovers|Hospitality|MatchaGotcha,RagePowder,LifeDew,Protect|Bold|||||50|]Sneasler||WhiteHerb|Unburden|CloseCombat,DireClaw,FakeOut,Protect|Adamant||F|||50|]Aerodactyl||FocusSash|Unnerve|RockSlide,DualWingbeat,Tailwind,Protect|Jolly||F|||50|
|showteam|p2|Charizard||CharizarditeY|Blaze|HeatWave,WeatherBall,SolarBeam,Protect|Modest||M|||50|]Incineroar||Charcoal|Intimidate|FlareBlitz,DarkestLariat,FakeOut,PartingShot|Brave||F|||50|]Sylveon||FairyFeather|Pixilate|HyperVoice,Yawn,QuickAttack,Protect|Modest||F|||50|]Farigiraf||SitrusBerry|ArmorTail|Psyshock,HelpingHand,TrickRoom,Protect|Calm||M|||50|]Garchomp||LifeOrb|RoughSkin|Earthquake,Protect,DragonClaw,StompingTantrum|Jolly||F|||50|]Aerodactyl||FocusSash|Unnerve|RockSlide,Tailwind,WideGuard,Protect|Jolly||F|||50|
|inactive|Battle timer is ON: inactive players will automatically lose when time's up. (requested by RedAllay)
|inactive|maviuc has 60 seconds left.
|
|t:|1784318025
|teamsize|p1|4
|teamsize|p2|4
|start
|switch|p1a: Floette|Floette-Eternal, L50, F|100/100
|switch|p1b: Incineroar|Incineroar, L50, F|100/100
|switch|p2a: Sylveon|Sylveon, L50, F|100/100
|switch|p2b: Charizard|Charizard, L50, M|100/100
|-ability|p1b: Incineroar|Intimidate|boost
|-unboost|p2a: Sylveon|atk|1
|-unboost|p2b: Charizard|atk|1
|turn|1
|
|t:|1784318051
|switch|p2a: Farigiraf|Farigiraf, L50, M|100/100
|detailschange|p2b: Charizard|Charizard-Mega-Y, L50, M
|-mega|p2b: Charizard|Charizard|Charizardite Y
|-weather|SunnyDay|[from] ability: Drought|[of] p2b: Charizard
|detailschange|p1a: Floette|Floette-Mega, L50, F
|-mega|p1a: Floette|Floette|Floettite
|-ability|p1a: Floette|Fairy Aura
|move|p1b: Incineroar|Fake Out||[still]
|cant|p2a: Farigiraf|ability: Armor Tail|Fake Out|[of] p1b: Incineroar
|move|p2b: Charizard|Heat Wave|p1a: Floette|[spread] p1a,p1b
|-resisted|p1b: Incineroar|1
|-damage|p1a: Floette|51/100
|-damage|p1b: Incineroar|73/100
|move|p1a: Floette|Calm Mind|p1a: Floette
|-boost|p1a: Floette|spa|1
|-boost|p1a: Floette|spd|1
|
|-weather|SunnyDay|[upkeep]
|upkeep
|turn|2
|inactive|maviuc has 30 seconds left.
|
|t:|1784318077
|switch|p2b: Incineroar|Incineroar, L50, F|100/100
|-ability|p2b: Incineroar|Intimidate|boost
|-unboost|p1a: Floette|atk|1
|-unboost|p1b: Incineroar|atk|1
|move|p1a: Floette|Protect|p1a: Floette
|-singleturn|p1a: Floette|Protect
|move|p2a: Farigiraf|Psyshock|p1b: Incineroar
|-immune|p1b: Incineroar
|move|p1b: Incineroar|Parting Shot|p2b: Incineroar
|-unboost|p2b: Incineroar|atk|1
|-unboost|p2b: Incineroar|spa|1
|
|t:|1784318093
|switch|p1b: Sneasler|Sneasler, L50, F|100/100|[from] Parting Shot
|
|-weather|SunnyDay|[upkeep]
|upkeep
|turn|3
|
|t:|1784318109
|move|p2b: Incineroar|Fake Out|p1a: Floette
|-damage|p1a: Floette|41/100
|move|p1b: Sneasler|Close Combat|p2b: Incineroar
|-supereffective|p2b: Incineroar|1
|-damage|p2b: Incineroar|0 fnt
|-unboost|p1b: Sneasler|def|1
|-unboost|p1b: Sneasler|spd|1
|faint|p2b: Incineroar
|-enditem|p1b: Sneasler|White Herb
|-clearnegativeboost|p1b: Sneasler|[silent]
|cant|p1a: Floette|flinch
|move|p2a: Farigiraf|Trick Room|p2a: Farigiraf
|-fieldstart|move: Trick Room|[of] p2a: Farigiraf
|
|-weather|SunnyDay|[upkeep]
|upkeep
|
|t:|1784318116
|switch|p2b: Sylveon|Sylveon, L50, F|100/100
|turn|4
|inactive|RedAllay has 30 seconds left.
|
|t:|1784318148
|move|p2a: Farigiraf|Helping Hand|p2b: Sylveon
|-singleturn|p2b: Sylveon|Helping Hand|[of] p2a: Farigiraf
|move|p1a: Floette|Protect|p1a: Floette
|-singleturn|p1a: Floette|Protect
|move|p2b: Sylveon|Hyper Voice|p1b: Sneasler|[spread] p1b
|-activate|p1a: Floette|move: Protect
|-damage|p1b: Sneasler|0 fnt
|faint|p1b: Sneasler
|
|-weather|SunnyDay|[upkeep]
|upkeep
|
|t:|1784318158
|switch|p1b: Incineroar|Incineroar, L50, F|73/100
|-ability|p1b: Incineroar|Intimidate|boost
|-unboost|p2a: Farigiraf|atk|1
|-unboost|p2b: Sylveon|atk|1
|turn|5
|
|t:|1784318172
|move|p2b: Sylveon|Protect|p2b: Sylveon
|-singleturn|p2b: Sylveon|Protect
|move|p1b: Incineroar|Parting Shot|p2b: Sylveon
|-activate|p2b: Sylveon|move: Protect
|move|p2a: Farigiraf|Psyshock|p1a: Floette
|-damage|p1a: Floette|12/100
|move|p1a: Floette|Dazzling Gleam|p2b: Sylveon|[spread] p2a
|-activate|p2b: Sylveon|move: Protect
|-damage|p2a: Farigiraf|51/100
|
|-weather|none
|upkeep
|turn|6
|
|t:|1784318197
|switch|p2a: Charizard|Charizard-Mega-Y, L50, M|100/100
|-weather|SunnyDay|[from] ability: Drought|[of] p2a: Charizard
|move|p1a: Floette|Protect|p1a: Floette
|-singleturn|p1a: Floette|Protect
|move|p1b: Incineroar|Throat Chop|p2b: Sylveon
|-resisted|p2b: Sylveon|1
|-damage|p2b: Sylveon|82/100
|-start|p2b: Sylveon|Throat Chop|[silent]
|cant|p2b: Sylveon|move: Throat Chop
|
|-weather|SunnyDay|[upkeep]
|upkeep
|turn|7
|inactive|RedAllay has 30 seconds left.
|inactive|maviuc has 30 seconds left.
|
|t:|1784318229
|switch|p2b: Farigiraf|Farigiraf, L50, M|51/100
|move|p1b: Incineroar|Flare Blitz|p2b: Farigiraf
|-damage|p2b: Farigiraf|0 fnt
|faint|p2b: Farigiraf
|-damage|p1b: Incineroar|54/100|[from] Recoil
|move|p1a: Floette|Dazzling Gleam|p2a: Charizard
|-resisted|p2a: Charizard|1
|-damage|p2a: Charizard|50/100g
|move|p2a: Charizard|Heat Wave|p1a: Floette|[spread] p1a,p1b
|-resisted|p1b: Incineroar|1
|-damage|p1a: Floette|0 fnt
|-damage|p1b: Incineroar|27/100
|-enditem|p1b: Incineroar|Sitrus Berry|[eat]
|-heal|p1b: Incineroar|52/100|[from] item: Sitrus Berry
|faint|p1a: Floette
|
|-weather|SunnyDay|[upkeep]
|-fieldend|move: Trick Room
|upkeep
|
|t:|1784318243
|switch|p1a: Aerodactyl|Aerodactyl, L50, F|100/100
|switch|p2b: Sylveon|Sylveon, L50, F|82/100
|-ability|p1a: Aerodactyl|Unnerve
|turn|8
|
|t:|1784318259
|move|p2a: Charizard|Protect|p2a: Charizard
|-singleturn|p2a: Charizard|Protect
|move|p2b: Sylveon|Protect|p2b: Sylveon
|-singleturn|p2b: Sylveon|Protect
|move|p1a: Aerodactyl|Rock Slide|p2b: Sylveon|[spread] 
|-activate|p2a: Charizard|move: Protect
|-activate|p2b: Sylveon|move: Protect
|move|p1b: Incineroar|Flare Blitz|p2b: Sylveon
|-activate|p2b: Sylveon|move: Protect
|
|-weather|SunnyDay|[upkeep]
|upkeep
|turn|9
|
|t:|1784318275
|move|p1a: Aerodactyl|Rock Slide|p2a: Charizard|[spread] p2a,p2b
|-supereffective|p2a: Charizard|2
|-damage|p2a: Charizard|0 fnt
|-damage|p2b: Sylveon|53/100
|faint|p2a: Charizard
|cant|p2b: Sylveon|flinch
|move|p1b: Incineroar|Flare Blitz|p2b: Sylveon
|-damage|p2b: Sylveon|0 fnt
|faint|p2b: Sylveon
|-damage|p1b: Incineroar|34/100|[from] Recoil
|
|win|RedAllay
|raw|RedAllay's rating: 1129 → 1153(+24 for winning)
|raw|maviuc's rating: 1117 → 1093(-24 for losing)
|c|☆RedAllay|Charizard Y hella overrated
