|j|☆lazywarlock
|j|☆hexagonfoot
|html|lazywarlockhexagonfoot    
|uhtml|bestof|Game 3 of a best-of-3
|t:|1756352289
|gametype|doubles
|player|p1|lazywarlock|fantina|1115
|player|p2|hexagonfoot|caitlin|1194
|gen|9
|tier|[Gen 9] VGC 2025 Reg H (Bo3)
|rated|
|rule|Species Clause: Limit one of each Pokémon
|rule|Item Clause: Limit 1 of each item
|clearpoke
|poke|p1|Ninetales-Alola, L50, F|
|poke|p1|Rillaboom, L50, M|
|poke|p1|Magmar, L50, M|
|poke|p1|Sneasler, L50, M|
|poke|p1|Kingambit, L50, F|
|poke|p1|Basculegion, L50, M|
|poke|p2|Kingambit, L50, F|
|poke|p2|Primarina, L50, F|
|poke|p2|Sneasler, L50, F|
|poke|p2|Magmar, L50, F|
|poke|p2|Rillaboom, L50, F|
|poke|p2|Dragapult, L50, F|
|teampreview|4
|showteam|p1|Ninetales-Alola||LifeOrb|SnowWarning|Blizzard,FreezeDry,Encore,Protect|||F|||50|,,,,,Ghost]Rillaboom||AssaultVest|GrassySurge|WoodHammer,FakeOut,Uturn,GrassyGlide|||M|||50|,,,,,Ghost]Magmar||Eviolite|VitalSpirit|Protect,HeatWave,WillOWisp,FollowMe|||M|||50|,,,,,Ghost]Sneasler||FocusSash|PoisonTouch|FakeOut,DireClaw,CloseCombat,Protect|||M|||50|,,,,,Ghost]Kingambit||BlackGlasses|Defiant|KowtowCleave,SwordsDance,SuckerPunch,Protect|||F|||50|,,,,,Fire]Basculegion||ChoiceScarf|Adaptability|WaveCrash,FlipTurn,TeraBlast,LastRespects|||M|||50|,,,,,Fighting
|showteam|p2|Kingambit||BlackGlasses|Defiant|KowtowCleave,SuckerPunch,SwordsDance,Protect|||F|||50|,,,,,Ghost]Primarina||SitrusBerry|LiquidVoice|HyperVoice,Moonblast,Haze,Protect|||F|||50|,,,,,Water]Sneasler||FocusSash|PoisonTouch|CloseCombat,DireClaw,FakeOut,Protect|||F|||50|,,,,,Stellar]Magmar||Eviolite|VitalSpirit|Overheat,WillOWisp,FollowMe,Protect|||F|||50|,,,,,Ghost]Rillaboom||AssaultVest|GrassySurge|WoodHammer,GrassyGlide,HighHorsepower,FakeOut|||F|||50|,,,,,Fire]Dragapult||ChoiceBand|ClearBody|DragonDarts,PhantomForce,TeraBlast,Uturn|||F|||50|,,,,,Ghost
|inactive|Battle timer is ON: inactive players will automatically lose when time's up. (requested by lazywarlock)
|inactive|hexagonfoot has 60 seconds left.
|
|t:|1756352321
|teamsize|p1|4
|teamsize|p2|4
|start
|switch|p1a: Basculegion|Basculegion, L50, M|100/100
|switch|p1b: Kingambit|Kingambit, L50, F|100/100
|switch|p2a: Rillaboom|Rillaboom, L50, F|100/100
|switch|p2b: Primarina|Primarina, L50, F|100/100
|-fieldstart|move: Grassy Terrain|[from] ability: Grassy Surge|[of] p2a: Rillaboom
|turn|1
|
|t:|1756352344
|move|p1a: Basculegion|Flip Turn|p2a: Rillaboom
|-resisted|p2a: Rillaboom
|-damage|p2a: Rillaboom|82/100
|
|t:|1756352351
|switch|p1a: Magmar|Magmar, L50, M|100/100|[from] Flip Turn
|move|p2a: Rillaboom|High Horsepower|p1b: Kingambit
|-supereffective|p1b: Kingambit
|-damage|p1b: Kingambit|45/100
|move|p1b: Kingambit|Swords Dance|p1b: Kingambit
|-boost|p1b: Kingambit|atk|2
|move|p2b: Primarina|Moonblast|p1b: Kingambit
|-damage|p1b: Kingambit|0 fnt
|faint|p1b: Kingambit
|
|-heal|p2a: Rillaboom|88/100|[from] Grassy Terrain
|upkeep
|
|t:|1756352357
|switch|p1b: Sneasler|Sneasler, L50, M|100/100
|turn|2
|
|t:|1756352381
|switch|p2a: Magmar|Magmar, L50, F|100/100
|move|p2b: Primarina|Protect|p2b: Primarina
|-singleturn|p2b: Primarina|Protect
|move|p1b: Sneasler|Dire Claw|p2b: Primarina
|-activate|p2b: Primarina|move: Protect
|move|p1a: Magmar|Heat Wave|p2a: Magmar|[spread] p2a
|-activate|p2b: Primarina|move: Protect
|-resisted|p2a: Magmar
|-damage|p2a: Magmar|91/100
|
|-heal|p2a: Magmar|97/100|[from] Grassy Terrain
|upkeep
|turn|3
|
|t:|1756352401
|-terastallize|p1b: Sneasler|Ghost
|-terastallize|p2a: Magmar|Ghost
|move|p2a: Magmar|Follow Me|p2a: Magmar
|-singleturn|p2a: Magmar|move: Follow Me
|move|p1b: Sneasler|Dire Claw|p2a: Magmar
|-resisted|p2a: Magmar
|-damage|p2a: Magmar|80/100
|-status|p2a: Magmar|psn|[from] ability: Poison Touch|[of] p1b: Sneasler
|move|p1a: Magmar|Heat Wave|p2b: Primarina|[spread] p2a,p2b
|-resisted|p2b: Primarina
|-damage|p2a: Magmar|60/100 psn
|-damage|p2b: Primarina|91/100
|-status|p2b: Primarina|brn
|move|p2b: Primarina|Hyper Voice|p1b: Sneasler|[spread] p1a,p1b
|-supereffective|p1a: Magmar
|-damage|p1a: Magmar|53/100
|-damage|p1b: Sneasler|58/100
|
|-heal|p1b: Sneasler|64/100|[from] Grassy Terrain
|-heal|p2a: Magmar|66/100 psn|[from] Grassy Terrain
|-heal|p1a: Magmar|59/100|[from] Grassy Terrain
|-heal|p2b: Primarina|97/100 brn|[from] Grassy Terrain
|-damage|p2a: Magmar|54/100 psn|[from] psn
|-damage|p2b: Primarina|91/100 brn|[from] brn
|upkeep
|turn|4
|
|t:|1756352422
|move|p1a: Magmar|Protect|p1a: Magmar
|-singleturn|p1a: Magmar|Protect
|move|p2a: Magmar|Follow Me|p2a: Magmar
|-singleturn|p2a: Magmar|move: Follow Me
|move|p1b: Sneasler|Dire Claw|p2a: Magmar
|-resisted|p2a: Magmar
|-damage|p2a: Magmar|36/100 psn
|move|p2b: Primarina|Hyper Voice|p1a: Magmar|[spread] p1b
|-activate|p1a: Magmar|move: Protect
|-damage|p1b: Sneasler|17/100
|
|-heal|p1b: Sneasler|23/100|[from] Grassy Terrain
|-heal|p2a: Magmar|42/100 psn|[from] Grassy Terrain
|-heal|p1a: Magmar|65/100|[from] Grassy Terrain
|-heal|p2b: Primarina|97/100 brn|[from] Grassy Terrain
|-damage|p2a: Magmar|30/100 psn|[from] psn
|-damage|p2b: Primarina|91/100 brn|[from] brn
|upkeep
|turn|5
|
|t:|1756352438
|move|p1b: Sneasler|Protect|p1b: Sneasler
|-singleturn|p1b: Sneasler|Protect
|move|p2a: Magmar|Protect|p2a: Magmar
|-singleturn|p2a: Magmar|Protect
|move|p1a: Magmar|Heat Wave|p2b: Primarina|[spread] p2b
|-activate|p2a: Magmar|move: Protect
|-resisted|p2b: Primarina
|-damage|p2b: Primarina|80/100 brn
|move|p2b: Primarina|Hyper Voice|p1b: Sneasler|[spread] p1a
|-activate|p1b: Sneasler|move: Protect
|-supereffective|p1a: Magmar
|-damage|p1a: Magmar|18/100
|
|-heal|p1b: Sneasler|29/100|[from] Grassy Terrain
|-heal|p2a: Magmar|35/100 psn|[from] Grassy Terrain
|-heal|p1a: Magmar|24/100|[from] Grassy Terrain
|-heal|p2b: Primarina|86/100 brn|[from] Grassy Terrain
|-damage|p2a: Magmar|23/100 psn|[from] psn
|-damage|p2b: Primarina|80/100 brn|[from] brn
|-fieldend|move: Grassy Terrain
|upkeep
|turn|6
|
|t:|1756352455
|move|p2a: Magmar|Follow Me|p2a: Magmar
|-singleturn|p2a: Magmar|move: Follow Me
|move|p1b: Sneasler|Dire Claw|p2a: Magmar
|-resisted|p2a: Magmar
|-damage|p2a: Magmar|6/100 psn
|move|p1a: Magmar|Heat Wave|p2a: Magmar|[spread] p2a,p2b
|-resisted|p2b: Primarina
|-damage|p2a: Magmar|0 fnt
|-damage|p2b: Primarina|70/100 brn
|faint|p2a: Magmar
|move|p2b: Primarina|Hyper Voice|p1b: Sneasler|[spread] p1a,p1b
|-supereffective|p1a: Magmar
|-damage|p1a: Magmar|0 fnt
|-damage|p1b: Sneasler|0 fnt
|faint|p1a: Magmar
|faint|p1b: Sneasler
|
|-damage|p2b: Primarina|64/100 brn|[from] brn
|upkeep
|-message|lazywarlock forfeited.
|
|win|hexagonfoot
|raw|lazywarlock's rating: 1115 → 1096(-19 for losing)
|raw|hexagonfoot's rating: 1194 → 1213(+19 for winning)
|l|☆lazywarlock
|player|p1|
