|j|☆kememe
|j|☆naibot2814
|html|kememenaibot2814    
|uhtml|bestof|Game 1 of a best-of-3
|t:|1783210677
|gametype|doubles
|player|p1|kememe|crasherwake|1067
|player|p2|naibot2814|ghetsis|1342
|gen|9
|tier|[Gen 9 Champions] VGC 2026 Reg M-B (Bo3)
|rated|
|rule|Species Clause: Limit one of each Pokémon
|rule|Item Clause: Limit 1 of each item
|clearpoke
|poke|p1|Politoed, L50, M|
|poke|p1|Whimsicott, L50, M|
|poke|p1|Archaludon, L50, F|
|poke|p1|Scolipede, L50, F|
|poke|p1|Venusaur, L50, M|
|poke|p1|Diggersby, L50, M|
|poke|p2|Incineroar, L50, M|
|poke|p2|Sinistcha, L50, shiny|
|poke|p2|Maushold-Four, L50|
|poke|p2|Delphox, L50, F|
|poke|p2|Sneasler, L50, M|
|poke|p2|Blastoise, L50, M|
|teampreview|4
|showteam|p1|Politoed||Leftovers|Drizzle|Haze,Protect,ChillingWater,WeatherBall|Modest||M|||50|]Whimsicott||FocusSash|Prankster|EnergyBall,Protect,Tailwind,Taunt|Modest||M|||50|]Archaludon||ShucaBerry|Stamina|DragonPulse,ElectroShot,Protect,FlashCannon|Modest||F|||50|]Scolipede||WhiteHerb|SpeedBoost|LeechLife,PoisonJab,SwordsDance,Protect|Adamant||F|||50|]Venusaur||Venusaurite|Chlorophyll|SludgeBomb,Protect,EnergyBall,LeechSeed|Modest||M|||50|]Diggersby||ChoiceScarf|HugePower|HighHorsepower,Earthquake,LowKick,Uturn|Adamant||M|||50|
|showteam|p2|Incineroar||SitrusBerry|Intimidate|FakeOut,DarkestLariat,FlareBlitz,PartingShot|Impish||M|||50|]Sinistcha||KasibBerry|Hospitality|MatchaGotcha,RagePowder,TrickRoom,Protect|Bold|||||50|]Maushold-Four||ChopleBerry|FriendGuard|SuperFang,Feint,FollowMe,Protect|Impish|||||50|]Delphox||Delphoxite|Blaze|HeatWave,Psyshock,NastyPlot,Protect|Timid||F|||50|]Sneasler||FocusSash|PoisonTouch|FakeOut,PoisonJab,CloseCombat,QuickGuard|Jolly||M|||50|]Blastoise||Blastoisinite|Torrent|WaterSpout,DarkPulse,ShellSmash,Protect|Modest||M|||50|
|
|t:|1783210715
|teamsize|p1|4
|teamsize|p2|4
|start
|switch|p1a: Politoed|Politoed, L50, M|100/100
|switch|p1b: Archaludon|Archaludon, L50, F|100/100
|switch|p2a: Blastoise|Blastoise, L50, M|100/100
|switch|p2b: Sneasler|Sneasler, L50, M|100/100
|-weather|RainDance|[from] ability: Drizzle|[of] p1a: Politoed
|turn|1
|
|t:|1783210738
|detailschange|p2a: Blastoise|Blastoise-Mega, L50, M
|-mega|p2a: Blastoise|Blastoise|Blastoisinite
|move|p2b: Sneasler|Fake Out|p1b: Archaludon
|-resisted|p1b: Archaludon|1
|-damage|p1b: Archaludon|93/100
|-ability|p1b: Archaludon|Stamina|boost
|-boost|p1b: Archaludon|def|1
|move|p2a: Blastoise|Shell Smash|p2a: Blastoise
|-unboost|p2a: Blastoise|def|1
|-unboost|p2a: Blastoise|spd|1
|-boost|p2a: Blastoise|atk|2
|-boost|p2a: Blastoise|spa|2
|-boost|p2a: Blastoise|spe|2
|cant|p1b: Archaludon|flinch
|move|p1a: Politoed|Weather Ball|p2b: Sneasler
|-damage|p2b: Sneasler|26/100
|
|-weather|RainDance|[upkeep]
|upkeep
|turn|2
|
|t:|1783210752
|move|p1b: Archaludon|Protect|p1b: Archaludon
|-singleturn|p1b: Archaludon|Protect
|move|p2a: Blastoise|Water Spout|p1a: Politoed|[spread] p1a
|-activate|p1b: Archaludon|move: Protect
|-resisted|p1a: Politoed|1
|-damage|p1a: Politoed|12/100
|move|p2b: Sneasler|Close Combat|p1a: Politoed
|-damage|p1a: Politoed|0 fnt
|-unboost|p2b: Sneasler|def|1
|-unboost|p2b: Sneasler|spd|1
|faint|p1a: Politoed
|
|-weather|RainDance|[upkeep]
|upkeep
|
|t:|1783210763
|switch|p1a: Scolipede|Scolipede, L50, F|100/100
|turn|3
|
|t:|1783210769
|switch|p1b: Venusaur|Venusaur, L50, M|100/100
|move|p1a: Scolipede|Protect|p1a: Scolipede
|-singleturn|p1a: Scolipede|Protect
|move|p2a: Blastoise|Water Spout|p1a: Scolipede|[spread] p1b
|-activate|p1a: Scolipede|move: Protect
|-resisted|p1b: Venusaur|1
|-damage|p1b: Venusaur|0 fnt
|faint|p1b: Venusaur
|move|p2b: Sneasler|Close Combat|p1a: Scolipede
|-activate|p1a: Scolipede|move: Protect
|
|-weather|RainDance|[upkeep]
|-ability|p1a: Scolipede|Speed Boost|boost
|-boost|p1a: Scolipede|spe|1
|upkeep
|
|t:|1783210787
|switch|p1b: Archaludon|Archaludon, L50, F|93/100
|turn|4
|
|t:|1783210805
|switch|p2b: Sinistcha|Sinistcha, L50, shiny|100/100
|move|p2a: Blastoise|Protect|p2a: Blastoise
|-singleturn|p2a: Blastoise|Protect
|move|p1b: Archaludon|Protect|p1b: Archaludon
|-singleturn|p1b: Archaludon|Protect
|move|p1a: Scolipede|Leech Life|p2b: Sinistcha
|-damage|p2b: Sinistcha|67/100
|
|-weather|RainDance|[upkeep]
|-ability|p1a: Scolipede|Speed Boost|boost
|-boost|p1a: Scolipede|spe|1
|upkeep
|turn|5
|
|t:|1783210826
|move|p2b: Sinistcha|Rage Powder|p2b: Sinistcha
|-singleturn|p2b: Sinistcha|move: Rage Powder
|move|p1a: Scolipede|Poison Jab|p2b: Sinistcha
|-damage|p2b: Sinistcha|38/100
|move|p2a: Blastoise|Water Spout|p1b: Archaludon|[spread] p1a,p1b
|-resisted|p1b: Archaludon|1
|-crit|p1b: Archaludon
|-damage|p1a: Scolipede|0 fnt
|-damage|p1b: Archaludon|0 fnt
|faint|p1a: Scolipede
|faint|p1b: Archaludon
|
|win|naibot2814
||naibot2814 is ready for game 2.
||kememe is ready for game 2.
|uhtml|next|Next: Game 2 of 3
