|j|☆elosodevastador
|j|☆dobbyyyy
|html|elosodevastadordobbyyyy    
|uhtml|bestof|Game 2 of a best-of-3
|t:|1783709554
|gametype|doubles
|player|p1|elosodevastador|clown|1189
|player|p2|dobbyyyy|1|1267
|gen|9
|tier|[Gen 9 Champions] VGC 2026 Reg M-B (Bo3)
|rated|
|rule|Species Clause: Limit one of each Pokémon
|rule|Item Clause: Limit 1 of each item
|clearpoke
|poke|p1|Aerodactyl, L50, F|
|poke|p1|Farigiraf, L50, F|
|poke|p1|Charizard, L50, F|
|poke|p1|Sylveon, L50, M, shiny|
|poke|p1|Garchomp, L50, M|
|poke|p1|Kingambit, L50, M|
|poke|p2|Floette-Eternal, L50, F|
|poke|p2|Kingambit, L50, M|
|poke|p2|Sneasler, L50, M|
|poke|p2|Incineroar, L50, F|
|poke|p2|Basculegion, L50, M|
|poke|p2|Delphox, L50, M|
|teampreview|4
|showteam|p1|Aerodactyl||Aerodactylite|Unnerve|RockSlide,DualWingbeat,IceFang,Tailwind|Jolly||F|||50|]Farigiraf||SitrusBerry|ArmorTail|TrickRoom,Protect,Thunderbolt,TwinBeam|Relaxed||F|||50|]Charizard||CharizarditeY|Blaze|HeatWave,SolarBeam,Protect,WeatherBall|Modest||F|||50|]Sylveon||FairyFeather|Pixilate|Detect,HyperBeam,HyperVoice,QuickAttack|Modest||M|||50|]Garchomp||LifeOrb|RoughSkin|Earthquake,StompingTantrum,Protect,DragonClaw|Jolly||M|||50|]Kingambit||FocusSash|Defiant|IronHead,KowtowCleave,SuckerPunch,LowKick|Adamant||M|||50|
|showteam|p2|Floette-Eternal||Floettite|FlowerVeil|Moonblast,CalmMind,Protect,DazzlingGleam|Serious||F|||50|]Kingambit||BlackGlasses|Defiant|SuckerPunch,SwordsDance,KowtowCleave,Protect|Serious||M|||50|]Sneasler||WhiteHerb|Pressure|CloseCombat,DireClaw,FakeOut,Protect|Serious||M|||50|]Incineroar||SitrusBerry|Intimidate|FlareBlitz,FakeOut,DarkestLariat,PartingShot|Serious||F|||50|]Basculegion||ChoiceScarf|SwiftSwim|AquaJet,FlipTurn,LastRespects,WaveCrash|Serious||M|||50|]Delphox||Delphoxite|Blaze|NastyPlot,Psyshock,HeatWave,Protect|Serious||M|||50|
|inactive|Battle timer is ON: inactive players will automatically lose when time's up. (requested by elosodevastador)
|
|t:|1783709610
|teamsize|p1|4
|teamsize|p2|4
|start
|switch|p1a: Aerodactyl|Aerodactyl, L50, F|100/100
|switch|p1b: Kingambit|Kingambit, L50, M|100/100
|switch|p2a: Sneasler|Sneasler, L50, M|100/100
|switch|p2b: Floette|Floette-Eternal, L50, F|100/100
|-ability|p1a: Aerodactyl|Unnerve
|-ability|p2a: Sneasler|Pressure
|turn|1
|inactive|dobbyyyy has 30 seconds left.
|inactive|dobbyyyy has 20 seconds left.
|inactive|dobbyyyy has 15 seconds left.
|
|t:|1783709655
|detailschange|p1a: Aerodactyl|Aerodactyl-Mega, L50, F
|-mega|p1a: Aerodactyl|Aerodactyl|Aerodactylite
|move|p2b: Floette|Protect|p2b: Floette
|-singleturn|p2b: Floette|Protect
|move|p1a: Aerodactyl|Dual Wingbeat|p2a: Sneasler
|-supereffective|p2a: Sneasler|1
|-damage|p2a: Sneasler|10/100
|-supereffective|p2a: Sneasler|1
|-damage|p2a: Sneasler|0 fnt
|faint|p2a: Sneasler
|-hitcount|p2: Sneasler|2
|move|p1b: Kingambit|Iron Head|p2b: Floette
|-activate|p2b: Floette|move: Protect
|
|upkeep
|
|t:|1783709662
|switch|p2a: Kingambit|Kingambit, L50, M|100/100
|turn|2
|
|t:|1783709690
|switch|p2b: Incineroar|Incineroar, L50, F|100/100
|-ability|p2b: Incineroar|Intimidate|boost
|-unboost|p1a: Aerodactyl|atk|1
|-unboost|p1b: Kingambit|atk|1
|-ability|p1b: Kingambit|Defiant|boost
|-boost|p1b: Kingambit|atk|2
|move|p1a: Aerodactyl|Tailwind|p1a: Aerodactyl
|-sidestart|p1: elosodevastador|move: Tailwind
|move|p1b: Kingambit|Iron Head|p2b: Incineroar
|-resisted|p2b: Incineroar|1
|-damage|p2b: Incineroar|73/100
|move|p2a: Kingambit|Swords Dance|p2a: Kingambit
|-boost|p2a: Kingambit|atk|2
|
|upkeep
|turn|3
|
|t:|1783709701
|switch|p1a: Farigiraf|Farigiraf, L50, F|100/100
|move|p2b: Incineroar|Fake Out||[still]
|cant|p1a: Farigiraf|ability: Armor Tail|Fake Out|[of] p2b: Incineroar
|move|p1b: Kingambit|Low Kick|p2a: Kingambit
|-supereffective|p2a: Kingambit|2
|-damage|p2a: Kingambit|0 fnt
|faint|p2a: Kingambit
|
|upkeep
|
|t:|1783709705
|switch|p2a: Floette|Floette-Eternal, L50, F|100/100
|turn|4
|
|t:|1783709720
|detailschange|p2a: Floette|Floette-Mega, L50, F
|-mega|p2a: Floette|Floette|Floettite
|-ability|p2a: Floette|Fairy Aura
|move|p1b: Kingambit|Low Kick|p2b: Incineroar
|-supereffective|p2b: Incineroar|1
|-crit|p2b: Incineroar
|-damage|p2b: Incineroar|0 fnt
|faint|p2b: Incineroar
|move|p2a: Floette|Dazzling Gleam|p1a: Farigiraf|[spread] p1a,p1b
|-damage|p1a: Farigiraf|56/100
|-damage|p1b: Kingambit|48/100
|move|p1a: Farigiraf|Twin Beam|p2a: Floette
|-damage|p2a: Floette|86/100
|-damage|p2a: Floette|74/100
|-hitcount|p2a: Floette|2
|
|upkeep
|turn|5
|
|t:|1783709730
|move|p1b: Kingambit|Iron Head|p2a: Floette
|-supereffective|p2a: Floette|1
|-damage|p2a: Floette|0 fnt
|faint|p2a: Floette
|
|win|elosodevastador
|raw|elosodevastador's rating: 1189 → 1220(+31 for winning)
|raw|dobbyyyy's rating: 1267 → 1236(-31 for losing)
