|j|☆bmcqueen
|j|☆Colonelpaco
|html|bmcqueenColonelpaco    
|uhtml|bestof|Game 2 of a best-of-3
|t:|1757811732
|gametype|doubles
|player|p1|bmcqueen|2|
|player|p2|Colonelpaco|worker-gen4|
|gen|9
|tier|[Gen 9] VGC 2025 Reg H (Bo3)
|rule|Species Clause: Limit one of each Pokémon
|rule|Item Clause: Limit 1 of each item
|clearpoke
|poke|p1|Tyranitar, L50, F|
|poke|p1|Excadrill, L50, F|
|poke|p1|Houndstone, L50, M|
|poke|p1|Farigiraf, L50, F|
|poke|p1|Primarina, L50, F|
|poke|p1|Amoonguss, L50, F|
|poke|p2|Sneasler, L50, M|
|poke|p2|Dragapult, L50, M|
|poke|p2|Primarina, L50, F|
|poke|p2|Rillaboom, L50, M|
|poke|p2|Kingambit, L50, F|
|poke|p2|Magmar, L50, F|
|teampreview|4
|showteam|p1|Tyranitar||AssaultVest|SandStream|RockSlide,KnockOff,TeraBlast,LowKick|||F|||50|,,,,,Flying]Excadrill||FocusSash|SandRush|IronHead,HighHorsepower,Earthquake,Protect|||F|||50|,,,,,Ground]Houndstone||LifeOrb|SandRush|LastRespects,BodyPress,WillOWisp,Protect|||M|||50|,,,,,Fighting]Farigiraf||SafetyGoggles|ArmorTail|Psychic,DazzlingGleam,TrickRoom,HelpingHand|||F|||50|,,,,,Fairy]Primarina||ThroatSpray|LiquidVoice|HyperVoice,Moonblast,Haze,Protect|||F|||50|,,,,,Poison]Amoonguss||SitrusBerry|Regenerator|SludgeBomb,Spore,RagePowder,Protect|||F|||50|,,,,,Water
|showteam|p2|Sneasler||FocusSash|Unburden|CloseCombat,DireClaw,FakeOut,Protect|||M|||50|,,,,,Stellar]Dragapult||ChoiceBand|ClearBody|DragonDarts,TeraBlast,PhantomForce,Uturn|||M|||50|,,,,,Ghost]Primarina||ThroatSpray|LiquidVoice|HyperVoice,Moonblast,Haze,Protect|||F|||50|,,,,,Poison]Rillaboom||AssaultVest|GrassySurge|WoodHammer,GrassyGlide,HighHorsepower,FakeOut|||M|||50|,,,,,Fire]Kingambit||BlackGlasses|Defiant|KowtowCleave,SuckerPunch,SwordsDance,Protect|||F|||50|,,,,,Ghost]Magmar||Eviolite|VitalSpirit|Overheat,WillOWisp,FollowMe,Protect|||F|||50|,,,,,Ghost
|inactive|Battle timer is ON: inactive players will automatically lose when time's up. (requested by bmcqueen)
|inactive|Colonelpaco also wants the timer to be on.
|
|t:|1757811751
|teamsize|p1|4
|teamsize|p2|4
|start
|switch|p1a: Tyranitar|Tyranitar, L50, F|100/100
|switch|p1b: Houndstone|Houndstone, L50, M|100/100
|switch|p2a: Sneasler|Sneasler, L50, M|100/100
|switch|p2b: Primarina|Primarina, L50, F|100/100
|-weather|Sandstorm|[from] ability: Sand Stream|[of] p1a: Tyranitar
|turn|1
|
|t:|1757811773
|switch|p1a: Farigiraf|Farigiraf, L50, F|100/100
|move|p2a: Sneasler|Protect|p2a: Sneasler
|-singleturn|p2a: Sneasler|Protect
|move|p1b: Houndstone|Will-O-Wisp|p2a: Sneasler
|-activate|p2a: Sneasler|move: Protect
|move|p2b: Primarina|Hyper Voice|p1a: Farigiraf|[spread] p1a,p1b
|-damage|p1a: Farigiraf|69/100
|-damage|p1b: Houndstone|68/100
|-enditem|p2b: Primarina|Throat Spray
|-boost|p2b: Primarina|spa|1|[from] item: Throat Spray
|
|-weather|Sandstorm|[upkeep]
|-damage|p2a: Sneasler|95/100|[from] Sandstorm
|-damage|p2b: Primarina|95/100|[from] Sandstorm
|upkeep
|turn|2
|
|t:|1757811796
|move|p1b: Houndstone|Protect|p1b: Houndstone
|-singleturn|p1b: Houndstone|Protect
|move|p2a: Sneasler|Dire Claw|p1a: Farigiraf
|-damage|p1a: Farigiraf|35/100
|-status|p1a: Farigiraf|par
|move|p2b: Primarina|Hyper Voice|p1a: Farigiraf|[spread] p1a
|-activate|p1b: Houndstone|move: Protect
|-crit|p1a: Farigiraf
|-damage|p1a: Farigiraf|0 fnt
|faint|p1a: Farigiraf
|
|-weather|Sandstorm|[upkeep]
|-damage|p2a: Sneasler|89/100|[from] Sandstorm
|-damage|p2b: Primarina|89/100|[from] Sandstorm
|upkeep
|
|t:|1757811811
|switch|p1a: Excadrill|Excadrill, L50, F|100/100
|turn|3
|inactive|Colonelpaco has 30 seconds left.
|
|t:|1757811837
|move|p2a: Sneasler|Protect|p2a: Sneasler
|-singleturn|p2a: Sneasler|Protect
|move|p1a: Excadrill|High Horsepower|p2a: Sneasler
|-activate|p2a: Sneasler|move: Protect
|move|p1b: Houndstone|Last Respects|p2b: Primarina
|-damage|p2b: Primarina|33/100
|-damage|p1b: Houndstone|59/100|[from] item: Life Orb
|move|p2b: Primarina|Hyper Voice|p1b: Houndstone|[spread] p1a,p1b
|-supereffective|p1a: Excadrill
|-enditem|p1a: Excadrill|Focus Sash
|-damage|p1a: Excadrill|1/100
|-damage|p1b: Houndstone|4/100
|
|-weather|Sandstorm|[upkeep]
|-damage|p2a: Sneasler|83/100|[from] Sandstorm
|-damage|p2b: Primarina|27/100|[from] Sandstorm
|upkeep
|turn|4
|j| redshoes7
|l| redshoes7
|inactive|Colonelpaco has 30 seconds left.
|
|t:|1757811866
|move|p1b: Houndstone|Protect|p1b: Houndstone
|-singleturn|p1b: Houndstone|Protect
|move|p2a: Sneasler|Protect||[still]
|-fail|p2a: Sneasler
|move|p2b: Primarina|Protect|p2b: Primarina
|-singleturn|p2b: Primarina|Protect
|move|p1a: Excadrill|Earthquake|p2a: Sneasler|[spread] p2a
|-activate|p1b: Houndstone|move: Protect
|-activate|p2b: Primarina|move: Protect
|-supereffective|p2a: Sneasler
|-damage|p2a: Sneasler|0 fnt
|faint|p2a: Sneasler
|
|-weather|Sandstorm|[upkeep]
|-damage|p2b: Primarina|21/100|[from] Sandstorm
|upkeep
|
|t:|1757811882
|switch|p2a: Kingambit|Kingambit, L50, F|100/100
|turn|5
|
|t:|1757811905
|switch|p1a: Tyranitar|Tyranitar, L50, F|100/100
|-terastallize|p2a: Kingambit|Ghost
|move|p2a: Kingambit|Sucker Punch||[still]
|-fail|p2a: Kingambit
|move|p1b: Houndstone|Last Respects|p2a: Kingambit
|-supereffective|p2a: Kingambit
|-crit|p2a: Kingambit
|-damage|p2a: Kingambit|0 fnt
|faint|p2a: Kingambit
|-damage|p1b: Houndstone|0 fnt|[from] item: Life Orb
|faint|p1b: Houndstone
|move|p2b: Primarina|Hyper Voice|p1a: Tyranitar
|-supereffective|p1a: Tyranitar
|-damage|p1a: Tyranitar|52/100
|
|-weather|none
|upkeep
|
|t:|1757811919
|switch|p1b: Excadrill|Excadrill, L50, F|1/100
|switch|p2a: Magmar|Magmar, L50, F|100/100
|turn|6
|
|t:|1757811934
|-terastallize|p1a: Tyranitar|Flying
|move|p1b: Excadrill|Earthquake|p2a: Magmar|[spread] p2a,p2b
|-immune|p1a: Tyranitar
|-supereffective|p2a: Magmar
|-damage|p2a: Magmar|31/100
|-damage|p2b: Primarina|0 fnt
|faint|p2b: Primarina
|move|p2a: Magmar|Will-O-Wisp|p1a: Tyranitar
|-status|p1a: Tyranitar|brn
|move|p1a: Tyranitar|Rock Slide|p2a: Magmar
|-supereffective|p2a: Magmar
|-damage|p2a: Magmar|0 fnt
|faint|p2a: Magmar
|
|win|bmcqueen
|inactive|bmcqueen has 30 seconds to confirm battle start!
|inactive|Colonelpaco has 30 seconds to confirm battle start!
||Colonelpaco is ready for game 3.
||bmcqueen is ready for game 3.
|uhtml|next|Next: Game 3 of 3
