|j|☆Kevin-V8
|j|☆lujanray
|html|Kevin-V8lujanray    
|uhtml|bestof|Game 2 of a best-of-3
|t:|1784502504
|gametype|doubles
|player|p1|Kevin-V8|ethan|1247
|player|p2|lujanray|blue|1126
|gen|9
|tier|[Gen 9 Champions] VGC 2026 Reg M-B (Bo3)
|rated|
|rule|Species Clause: Limit one of each Pokémon
|rule|Item Clause: Limit 1 of each item
|clearpoke
|poke|p1|Metagross, L50|
|poke|p1|Incineroar, L50, M|
|poke|p1|Sinistcha, L50|
|poke|p1|Tyranitar, L50, F|
|poke|p1|Excadrill, L50, M, shiny|
|poke|p1|Dragonite, L50, F|
|poke|p2|Gholdengo, L50|
|poke|p2|Hatterene, L50, F|
|poke|p2|Kingambit, L50, M|
|poke|p2|Farigiraf, L50, F|
|poke|p2|Primarina, L50, M|
|poke|p2|Camerupt, L50, F|
|teampreview|4
|showteam|p1|Metagross||Metagrossite|ClearBody|PsychicFangs,BodyPress,CosmicPower,Protect|Impish|||||50|]Incineroar||SitrusBerry|Intimidate|FlareBlitz,DarkestLariat,FakeOut,PartingShot|Careful||M|||50|]Sinistcha||KasibBerry|Hospitality|MatchaGotcha,RagePowder,LifeDew,Protect|Bold|||||50|]Tyranitar||ChoiceScarf|SandStream|RockSlide,KnockOff,IcePunch,LowKick|Jolly||F|||50|]Excadrill||FocusSash|SandRush|Earthquake,IronHead,RockSlide,Protect|Adamant||M|||50|]Dragonite||Dragoninite|Multiscale|DragonPulse,HeatWave,Tailwind,Protect|Modest||F|||50|
|showteam|p2|Gholdengo||ChoiceScarf|GoodasGold|MakeItRain,ShadowBall,PowerGem,SteelBeam|Modest|||||50|]Hatterene||FocusSash|MagicBounce|Psychic,TrickRoom,Protect,DazzlingGleam|Quiet||F|||50|]Kingambit||ChopleBerry|Defiant|KowtowCleave,SwordsDance,SuckerPunch,Protect|Brave||M|||50|]Farigiraf||SitrusBerry|ArmorTail|GrassKnot,TrickRoom,HelpingHand,Thunderbolt|Bold||F|||50|]Primarina||LifeOrb|LiquidVoice|HyperVoice,CalmMind,DrainingKiss,Protect|Modest||M|||50|]Camerupt||Cameruptite|SolidRock|HeatWave,EarthPower,AncientPower,Protect|Quiet||F|||50|
|inactive|Battle timer is ON: inactive players will automatically lose when time's up. (requested by Kevin-V8)
|
|t:|1784502531
|teamsize|p1|4
|teamsize|p2|4
|start
|switch|p1a: Metagross|Metagross, L50|100/100
|switch|p1b: Sinistcha|Sinistcha, L50|100/100
|switch|p2a: Hatterene|Hatterene, L50, F|100/100
|switch|p2b: Farigiraf|Farigiraf, L50, F|100/100
|turn|1
|inactive|lujanray has 30 seconds left.
|
|t:|1784502560
|switch|p2a: Camerupt|Camerupt, L50, F|100/100
|detailschange|p1a: Metagross|Metagross-Mega, L50
|-mega|p1a: Metagross|Metagross|Metagrossite
|move|p1a: Metagross|Cosmic Power|p1a: Metagross
|-boost|p1a: Metagross|def|1
|-boost|p1a: Metagross|spd|1
|move|p1b: Sinistcha|Matcha Gotcha|p2b: Farigiraf|[spread] p2b
|-miss|p1b: Sinistcha|p2a: Camerupt
|-damage|p2b: Farigiraf|75/100
|move|p2b: Farigiraf|Trick Room|p2b: Farigiraf
|-fieldstart|move: Trick Room|[of] p2b: Farigiraf
|
|upkeep
|turn|2
|inactive|Kevin-V8 has 30 seconds left.
|
|t:|1784502594
|detailschange|p2a: Camerupt|Camerupt-Mega, L50, F
|-mega|p2a: Camerupt|Camerupt|Cameruptite
|move|p2b: Farigiraf|Helping Hand|p2a: Camerupt
|-singleturn|p2a: Camerupt|Helping Hand|[of] p2b: Farigiraf
|move|p1b: Sinistcha|Protect|p1b: Sinistcha
|-singleturn|p1b: Sinistcha|Protect
|move|p1a: Metagross|Protect|p1a: Metagross
|-singleturn|p1a: Metagross|Protect
|move|p2a: Camerupt|Earth Power|p1a: Metagross
|-activate|p1a: Metagross|move: Protect
|
|upkeep
|turn|3
|
|t:|1784502614
|move|p2b: Farigiraf|Helping Hand|p2a: Camerupt
|-singleturn|p2a: Camerupt|Helping Hand|[of] p2b: Farigiraf
|move|p1b: Sinistcha|Rage Powder|p1b: Sinistcha
|-singleturn|p1b: Sinistcha|move: Rage Powder
|move|p2a: Camerupt|Heat Wave|p1a: Metagross|[spread] p1a
|-miss|p2a: Camerupt|p1b: Sinistcha
|-supereffective|p1a: Metagross|1
|-damage|p1a: Metagross|5/100
|move|p1a: Metagross|Cosmic Power|p1a: Metagross
|-boost|p1a: Metagross|def|1
|-boost|p1a: Metagross|spd|1
|
|upkeep
|turn|4
|
|t:|1784502635
|move|p2b: Farigiraf|Helping Hand|p2a: Camerupt
|-singleturn|p2a: Camerupt|Helping Hand|[of] p2b: Farigiraf
|move|p1a: Metagross|Protect|p1a: Metagross
|-singleturn|p1a: Metagross|Protect
|move|p2a: Camerupt|Heat Wave|p1b: Sinistcha|[spread] p1b
|-activate|p1a: Metagross|move: Protect
|-supereffective|p1b: Sinistcha|1
|-damage|p1b: Sinistcha|0 fnt
|faint|p1b: Sinistcha
|
|upkeep
|
|t:|1784502645
|switch|p1b: Tyranitar|Tyranitar, L50, F|100/100
|-weather|Sandstorm|[from] ability: Sand Stream|[of] p1b: Tyranitar
|turn|5
|
|t:|1784502664
|move|p2a: Camerupt|Earth Power|p1b: Tyranitar
|-supereffective|p1b: Tyranitar|1
|-damage|p1b: Tyranitar|3/100
|move|p2b: Farigiraf|Thunderbolt|p1a: Metagross
|-damage|p1a: Metagross|0 fnt
|faint|p1a: Metagross
|move|p1b: Tyranitar|Rock Slide|p2a: Camerupt|[spread] p2b
|-miss|p1b: Tyranitar|p2a: Camerupt
|-damage|p2b: Farigiraf|53/100
|
|-weather|Sandstorm|[upkeep]
|-damage|p2b: Farigiraf|47/100|[from] Sandstorm
|-enditem|p2b: Farigiraf|Sitrus Berry|[eat]
|-heal|p2b: Farigiraf|72/100|[from] item: Sitrus Berry
|-fieldend|move: Trick Room
|upkeep
|
|t:|1784502677
|switch|p1a: Excadrill|Excadrill, L50, M, shiny|100/100
|turn|6
|
|t:|1784502692
|move|p2a: Camerupt|Protect|p2a: Camerupt
|-singleturn|p2a: Camerupt|Protect
|move|p1a: Excadrill|Rock Slide|p2a: Camerupt|[spread] p2b
|-activate|p2a: Camerupt|move: Protect
|-damage|p2b: Farigiraf|55/100
|move|p1b: Tyranitar|Rock Slide|p2b: Farigiraf|[spread] p2b
|-activate|p2a: Camerupt|move: Protect
|-damage|p2b: Farigiraf|33/100
|cant|p2b: Farigiraf|flinch
|
|-weather|Sandstorm|[upkeep]
|-damage|p2b: Farigiraf|26/100|[from] Sandstorm
|upkeep
|turn|7
|inactive|Kevin-V8 has 30 seconds left.
|
|t:|1784502721
|move|p1a: Excadrill|Rock Slide|p2b: Farigiraf|[spread] p2a,p2b
|-damage|p2a: Camerupt|75/100
|-damage|p2b: Farigiraf|9/100
|move|p1b: Tyranitar|Rock Slide|p2b: Farigiraf|[spread] p2a,p2b
|-damage|p2a: Camerupt|41/100
|-damage|p2b: Farigiraf|0 fnt
|faint|p2b: Farigiraf
|move|p2a: Camerupt|Earth Power|p1a: Excadrill
|-supereffective|p1a: Excadrill|1
|-enditem|p1a: Excadrill|Focus Sash
|-damage|p1a: Excadrill|1/100
|
|-weather|Sandstorm|[upkeep]
|upkeep
|
|t:|1784502736
|switch|p2b: Hatterene|Hatterene, L50, F|100/100
|turn|8
|
|t:|1784502742
|move|p1a: Excadrill|Iron Head|p2b: Hatterene
|-supereffective|p2b: Hatterene|1
|-crit|p2b: Hatterene
|-enditem|p2b: Hatterene|Focus Sash
|-damage|p2b: Hatterene|1/100
|move|p1b: Tyranitar|Rock Slide|p2a: Camerupt|[spread] p2a,p2b
|-damage|p2a: Camerupt|11/100
|-damage|p2b: Hatterene|0 fnt
|faint|p2b: Hatterene
|move|p2a: Camerupt|Earth Power|p1a: Excadrill
|-supereffective|p1a: Excadrill|1
|-damage|p1a: Excadrill|0 fnt
|faint|p1a: Excadrill
|
|-weather|Sandstorm|[upkeep]
|upkeep
|
|t:|1784502755
|switch|p2b: Primarina|Primarina, L50, M|100/100
|turn|9
|
|t:|1784502759
|move|p1b: Tyranitar|Rock Slide|p2a: Camerupt|[spread] p2b
|-miss|p1b: Tyranitar|p2a: Camerupt
|-damage|p2b: Primarina|66/100
|move|p2b: Primarina|Hyper Voice|p1b: Tyranitar
|-supereffective|p1b: Tyranitar|1
|-damage|p1b: Tyranitar|0 fnt
|faint|p1b: Tyranitar
|-damage|p2b: Primarina|57/100|[from] item: Life Orb
|
|win|lujanray
||Kevin-V8 is ready for game 3.
|l|☆lujanray
|player|p2|
||lujanray is ready for game 3.
|uhtml|next|Next: Game 3 of 3
|l|☆Kevin-V8
|player|p1|
|j|☆Kevin-V8
|player|p1|Kevin-V8|ethan|
|l|☆Kevin-V8
|player|p1|
|j|☆Kevin-V8
|player|p1|Kevin-V8|ethan|
