|j|☆TAG2004
|j|☆cavzuy
|html|TAG2004cavzuy    
|uhtml|bestof|Game 1 of a best-of-3
|t:|1783174237
|gametype|doubles
|player|p1|TAG2004|169|1145
|player|p2|cavzuy|gentleman-gen4|1070
|gen|9
|tier|[Gen 9 Champions] VGC 2026 Reg M-B (Bo3)
|rated|
|rule|Species Clause: Limit one of each Pokémon
|rule|Item Clause: Limit 1 of each item
|clearpoke
|poke|p1|Venusaur, L50, M|
|poke|p1|Gholdengo, L50|
|poke|p1|Sableye, L50, F|
|poke|p1|Pelipper, L50, F|
|poke|p1|Archaludon, L50, F|
|poke|p1|Swampert, L50, F|
|poke|p2|Archaludon, L50, F|
|poke|p2|Pelipper, L50, F|
|poke|p2|Beartic, L50, M|
|poke|p2|Incineroar, L50, M|
|poke|p2|Sinistcha, L50|
|poke|p2|Farigiraf, L50, F|
|teampreview|4
|showteam|p1|Venusaur||Venusaurite|Chlorophyll|SludgeBomb,Protect,EarthPower,GigaDrain|Modest||M|||50|]Gholdengo||ChoiceScarf|GoodasGold|ShadowBall,PowerGem,Trick,MakeItRain|Timid|||||50|]Sableye||LightClay|Prankster|RainDance,LightScreen,Reflect,Encore|Calm||F|||50|]Pelipper||FocusSash|Drizzle|Hurricane,WeatherBall,Tailwind,Protect|Modest||F|||50|]Archaludon||Leftovers|Stamina|ElectroShot,FlashCannon,DragonPulse,Protect|Serious||F|||50|]Swampert||Swampertite|Damp|Protect,WaveCrash,HighHorsepower,IcePunch|Adamant||F|||50|
|showteam|p2|Archaludon||Leftovers|Stamina|AuraSphere,FlashCannon,ElectroShot,DragonPulse|Rash||F|||50|]Pelipper||DampRock|Drizzle|Tailwind,Hurricane,WeatherBall,WideGuard|Modest||F|||50|]Beartic||WideLens|SwiftSwim|SwordsDance,IcePunch,CloseCombat,SheerCold|Brave||M|||50|]Incineroar||SitrusBerry|Intimidate|FakeOut,FlareBlitz,PartingShot,BulkUp|Adamant||M|||50|]Sinistcha||SpellTag|Hospitality|MatchaGotcha,Hex,LifeDew,RagePowder|Modest|||||50|]Farigiraf||LifeOrb|ArmorTail|CalmMind,TrickRoom,HyperVoice,TwinBeam|Quiet||F|||50|
|inactive|Battle timer is ON: inactive players will automatically lose when time's up. (requested by TAG2004)
|inactive|TAG2004 has 60 seconds left.
|inactive|TAG2004 has 30 seconds left.
|inactive|TAG2004 has 20 seconds left.
|
|t:|1783174311
|teamsize|p1|4
|teamsize|p2|4
|start
|switch|p1a: Sableye|Sableye, L50, F|100/100
|switch|p1b: Archaludon|Archaludon, L50, F|100/100
|switch|p2a: Pelipper|Pelipper, L50, F|100/100
|switch|p2b: Incineroar|Incineroar, L50, M|100/100
|-weather|RainDance|[from] ability: Drizzle|[of] p2a: Pelipper
|-ability|p2b: Incineroar|Intimidate|boost
|-unboost|p1a: Sableye|atk|1
|-unboost|p1b: Archaludon|atk|1
|turn|1
|
|t:|1783174326
|move|p1b: Archaludon|Protect|p1b: Archaludon
|-singleturn|p1b: Archaludon|Protect
|move|p2b: Incineroar|Fake Out|p1b: Archaludon
|-activate|p1b: Archaludon|move: Protect
|move|p1a: Sableye|Light Screen|p1a: Sableye
|-sidestart|p1: TAG2004|move: Light Screen
|move|p2a: Pelipper|Tailwind|p2a: Pelipper
|-sidestart|p2: cavzuy|move: Tailwind
|
|-weather|RainDance|[upkeep]
|upkeep
|turn|2
|
|t:|1783174336
|move|p1a: Sableye|Reflect|p1a: Sableye
|-sidestart|p1: TAG2004|Reflect
|move|p2a: Pelipper|Weather Ball|p1b: Archaludon
|-resisted|p1b: Archaludon|1
|-damage|p1b: Archaludon|75/100
|-ability|p1b: Archaludon|Stamina|boost
|-boost|p1b: Archaludon|def|1
|move|p2b: Incineroar|Parting Shot|p1b: Archaludon
|-unboost|p1b: Archaludon|atk|1
|-unboost|p1b: Archaludon|spa|1
|
|t:|1783174344
|switch|p2b: Archaludon|Archaludon, L50, F|100/100|[from] Parting Shot
|move|p1b: Archaludon|Electro Shot||[still]
|-prepare|p1b: Archaludon|Electro Shot
|-boost|p1b: Archaludon|spa|1
|-anim|p1b: Archaludon|Electro Shot|p2a: Pelipper
|-supereffective|p2a: Pelipper|2
|-damage|p2a: Pelipper|0 fnt
|faint|p2a: Pelipper
|
|-weather|RainDance|[upkeep]
|-heal|p1b: Archaludon|81/100|[from] item: Leftovers
|upkeep
|
|t:|1783174349
|switch|p2a: Incineroar|Incineroar, L50, M|100/100
|-ability|p2a: Incineroar|Intimidate|boost
|-unboost|p1a: Sableye|atk|1
|-unboost|p1b: Archaludon|atk|1
|turn|3
|
|t:|1783174374
|switch|p1b: Swampert|Swampert, L50, F|100/100
|move|p2a: Incineroar|Fake Out|p1b: Swampert
|-damage|p1b: Swampert|91/100
|move|p1a: Sableye|Light Screen||[still]
|-fail|p1a: Sableye
|move|p2b: Archaludon|Dragon Pulse|p1b: Swampert
|-damage|p1b: Swampert|55/100
|
|-weather|RainDance|[upkeep]
|upkeep
|turn|4
|
|t:|1783174393
|detailschange|p1b: Swampert|Swampert-Mega, L50, F
|-mega|p1b: Swampert|Swampert|Swampertite
|move|p1a: Sableye|Light Screen||[still]
|-fail|p1a: Sableye
|move|p1b: Swampert|High Horsepower|p2b: Archaludon
|-supereffective|p2b: Archaludon|1
|-damage|p2b: Archaludon|26/100
|-ability|p2b: Archaludon|Stamina|boost
|-boost|p2b: Archaludon|def|1
|move|p2b: Archaludon|Dragon Pulse|p1b: Swampert
|-damage|p1b: Swampert|23/100
|move|p2a: Incineroar|Parting Shot|p1b: Swampert
|-unboost|p1b: Swampert|atk|1
|-unboost|p1b: Swampert|spa|1
|
|t:|1783174406
|switch|p2a: Beartic|Beartic, L50, M|100/100|[from] Parting Shot
|
|-weather|RainDance|[upkeep]
|-heal|p2b: Archaludon|32/100|[from] item: Leftovers
|-sideend|p2: cavzuy|move: Tailwind
|upkeep
|turn|5
|
|t:|1783174429
|move|p1a: Sableye|Light Screen||[still]
|-fail|p1a: Sableye
|move|p1b: Swampert|Wave Crash|p2a: Beartic
|-damage|p2a: Beartic|23/100
|-damage|p1b: Swampert|0 fnt|[from] Recoil
|faint|p1b: Swampert
|move|p2a: Beartic|Sheer Cold|p1a: Sableye|[miss]
|-miss|p2a: Beartic|p1a: Sableye
|move|p2b: Archaludon|Electro Shot||[still]
|-prepare|p2b: Archaludon|Electro Shot
|-boost|p2b: Archaludon|spa|1
|-anim|p2b: Archaludon|Electro Shot|p1a: Sableye
|-damage|p1a: Sableye|42/100
|
|-weather|RainDance|[upkeep]
|-heal|p2b: Archaludon|39/100|[from] item: Leftovers
|upkeep
|
|t:|1783174435
|switch|p1b: Archaludon|Archaludon, L50, F|81/100
|turn|6
|
|t:|1783174455
|move|p1a: Sableye|Encore|p2b: Archaludon
|-start|p2b: Archaludon|Encore
|move|p2a: Beartic|Close Combat|p1b: Archaludon
|-supereffective|p1b: Archaludon|1
|-damage|p1b: Archaludon|34/100
|-unboost|p2a: Beartic|def|1
|-unboost|p2a: Beartic|spd|1
|-ability|p1b: Archaludon|Stamina|boost
|-boost|p1b: Archaludon|def|1
|move|p1b: Archaludon|Electro Shot||[still]
|-prepare|p1b: Archaludon|Electro Shot
|-boost|p1b: Archaludon|spa|1
|-anim|p1b: Archaludon|Electro Shot|p2b: Archaludon
|-resisted|p2b: Archaludon|1
|-damage|p2b: Archaludon|0 fnt
|faint|p2b: Archaludon
|
|-weather|RainDance|[upkeep]
|-heal|p1b: Archaludon|40/100|[from] item: Leftovers
|upkeep
|
|t:|1783174462
|switch|p2b: Incineroar|Incineroar, L50, M|100/100
|-ability|p2b: Incineroar|Intimidate|boost
|-unboost|p1a: Sableye|atk|1
|-unboost|p1b: Archaludon|atk|1
|turn|7
|
|t:|1783174480
|move|p1b: Archaludon|Protect|p1b: Archaludon
|-singleturn|p1b: Archaludon|Protect
|move|p2b: Incineroar|Fake Out|p1b: Archaludon
|-activate|p1b: Archaludon|move: Protect
|move|p1a: Sableye|Encore|p2a: Beartic
|-start|p2a: Beartic|Encore
|move|p2a: Beartic|Close Combat|p1b: Archaludon
|-activate|p1b: Archaludon|move: Protect
|
|-weather|RainDance|[upkeep]
|-heal|p1b: Archaludon|46/100|[from] item: Leftovers
|upkeep
|turn|8
|
|t:|1783174495
|switch|p1a: Pelipper|Pelipper, L50, F|100/100
|move|p2a: Beartic|Close Combat|p1b: Archaludon
|-supereffective|p1b: Archaludon|1
|-damage|p1b: Archaludon|18/100
|-unboost|p2a: Beartic|def|1
|-unboost|p2a: Beartic|spd|1
|-ability|p1b: Archaludon|Stamina|boost
|-boost|p1b: Archaludon|def|1
|move|p1b: Archaludon|Flash Cannon|p2a: Beartic
|-supereffective|p2a: Beartic|1
|-damage|p2a: Beartic|0 fnt
|faint|p2a: Beartic
|move|p2b: Incineroar|Flare Blitz|p1b: Archaludon
|-damage|p1b: Archaludon|11/100
|-status|p1b: Archaludon|brn
|-ability|p1b: Archaludon|Stamina|boost
|-boost|p1b: Archaludon|def|1
|-damage|p2b: Incineroar|97/100|[from] Recoil
|
|-weather|none
|-heal|p1b: Archaludon|17/100 brn|[from] item: Leftovers
|-damage|p1b: Archaludon|11/100 brn|[from] brn
|-sideend|p1: TAG2004|move: Light Screen
|upkeep
|turn|9
|-message|cavzuy forfeited.
|
|win|TAG2004
