|j|☆m4nabu
|j|☆scappopolo
|html|m4nabuscappopolo    
|uhtml|bestof|Game 3 of a best-of-3
|t:|1782329640
|gametype|doubles
|player|p1|m4nabu|artist|
|player|p2|scappopolo|caitlin|
|gen|9
|tier|[Gen 9 Champions] VGC 2026 Reg M-B (Bo3)
|rule|Species Clause: Limit one of each Pokémon
|rule|Item Clause: Limit 1 of each item
|clearpoke
|poke|p1|Staraptor, L50, M|
|poke|p1|Incineroar, L50, F|
|poke|p1|Sinistcha, L50|
|poke|p1|Maushold, L50|
|poke|p1|Delphox, L50, M|
|poke|p1|Grimmsnarl, L50, M|
|poke|p2|Chandelure, L50, M|
|poke|p2|Meowscarada, L50, M|
|poke|p2|Sylveon, L50, F|
|poke|p2|Rotom-Wash, L50|
|poke|p2|Garchomp, L50, F|
|poke|p2|Aerodactyl, L50, M|
|teampreview|4
|showteam|p1|Staraptor||Staraptite|Intimidate|CloseCombat,DualWingbeat,Roost,Protect|Jolly||M|||50|]Incineroar||PasshoBerry|Intimidate|FlareBlitz,ThroatChop,FakeOut,PartingShot|Careful||F|||50|]Sinistcha||KasibBerry|Hospitality|MatchaGotcha,LifeDew,RagePowder,Protect|Bold|||||50|]Maushold||FocusSash|FriendGuard|SunnyDay,FollowMe,Charm,Protect|Timid|||||50|]Delphox||Delphoxite|Blaze|HeatWave,Psyshock,NastyPlot,Protect|Timid||M|||50|]Grimmsnarl||RoseliBerry|Prankster|FakeOut,SpiritBreak,FakeTears,PartingShot|Impish||M|||50|
|showteam|p2|Chandelure||Chandelurite|Infiltrator|HeatWave,ShadowBall,Overheat,Protect|Modest||M|||50|]Meowscarada||ChoiceScarf|Protean|FlowerTrick,TripleAxel,ThroatChop,Uturn|Adamant||M|||50|]Sylveon||FairyFeather|Pixilate|HyperVoice,HyperBeam,QuickAttack,Detect|Modest||F|||50|]Rotom-Wash||WideLens|Levitate|HydroPump,Thunderbolt,WillOWisp,Protect|Modest|||||50|]Garchomp||LifeOrb|RoughSkin|Earthquake,DragonClaw,PoisonJab,Protect|Jolly||F|||50|]Aerodactyl||FocusSash|Unnerve|RockSlide,DualWingbeat,Tailwind,Protect|Jolly||M|||50|
|inactive|Battle timer is ON: inactive players will automatically lose when time's up. (requested by scappopolo)
|inactive|scappopolo has 60 seconds left.
|
|t:|1782329675
|teamsize|p1|4
|teamsize|p2|4
|start
|switch|p1a: Delphox|Delphox, L50, M|100/100
|switch|p1b: Grimmsnarl|Grimmsnarl, L50, M|100/100
|switch|p2a: Aerodactyl|Aerodactyl, L50, M|100/100
|switch|p2b: Rotom|Rotom-Wash, L50|100/100
|-ability|p2a: Aerodactyl|Unnerve
|turn|1
|
|t:|1782329692
|move|p1a: Delphox|Protect|p1a: Delphox
|-singleturn|p1a: Delphox|Protect
|move|p1b: Grimmsnarl|Parting Shot|p2a: Aerodactyl
|-unboost|p2a: Aerodactyl|atk|1
|-unboost|p2a: Aerodactyl|spa|1
|
|t:|1782329699
|switch|p1b: Incineroar|Incineroar, L50, F|100/100|[from] Parting Shot
|-ability|p1b: Incineroar|Intimidate|boost
|-unboost|p2a: Aerodactyl|atk|1
|-unboost|p2b: Rotom|atk|1
|move|p2a: Aerodactyl|Rock Slide|p1a: Delphox|[spread] p1b
|-activate|p1a: Delphox|move: Protect
|-supereffective|p1b: Incineroar|1
|-damage|p1b: Incineroar|78/100
|move|p2b: Rotom|Hydro Pump|p1a: Delphox
|-activate|p1a: Delphox|move: Protect
|
|upkeep
|turn|2
|
|t:|1782329715
|switch|p2a: Garchomp|Garchomp, L50, F|100/100
|detailschange|p1a: Delphox|Delphox-Mega, L50, M
|-mega|p1a: Delphox|Delphox|Delphoxite
|move|p2b: Rotom|Protect|p2b: Rotom
|-singleturn|p2b: Rotom|Protect
|move|p1b: Incineroar|Fake Out|p2b: Rotom
|-activate|p2b: Rotom|move: Protect
|move|p1a: Delphox|Nasty Plot|p1a: Delphox
|-boost|p1a: Delphox|spa|2
|
|upkeep
|turn|3
|inactive|scappopolo has 30 seconds left.
|
|t:|1782329742
|switch|p1b: Grimmsnarl|Grimmsnarl, L50, M|100/100
|move|p1a: Delphox|Protect|p1a: Delphox
|-singleturn|p1a: Delphox|Protect
|move|p2a: Garchomp|Earthquake|p1b: Grimmsnarl|[spread] p1b
|-activate|p1a: Delphox|move: Protect
|-immune|p2b: Rotom|[from] ability: Levitate
|-damage|p1b: Grimmsnarl|51/100
|-damage|p2a: Garchomp|90/100|[from] item: Life Orb
|move|p2b: Rotom|Hydro Pump|p1b: Grimmsnarl
|-damage|p1b: Grimmsnarl|6/100
|
|upkeep
|turn|4
|
|t:|1782329763
|move|p1b: Grimmsnarl|Fake Out|p2b: Rotom
|-damage|p2b: Rotom|88/100
|move|p1a: Delphox|Psyshock|p2b: Rotom
|-damage|p2b: Rotom|0 fnt
|faint|p2b: Rotom
|move|p2a: Garchomp|Dragon Claw|p1a: Delphox
|-damage|p1a: Delphox|23/100
|-damage|p2a: Garchomp|80/100|[from] item: Life Orb
|
|upkeep
|
|t:|1782329773
|switch|p2b: Aerodactyl|Aerodactyl, L50, M|100/100
|-ability|p2b: Aerodactyl|Unnerve
|turn|5
|
|t:|1782329793
|move|p1a: Delphox|Protect|p1a: Delphox
|-singleturn|p1a: Delphox|Protect
|move|p2b: Aerodactyl|Protect|p2b: Aerodactyl
|-singleturn|p2b: Aerodactyl|Protect
|move|p1b: Grimmsnarl|Parting Shot|p2b: Aerodactyl
|-activate|p2b: Aerodactyl|move: Protect
|move|p2a: Garchomp|Poison Jab|p1b: Grimmsnarl
|-supereffective|p1b: Grimmsnarl|1
|-damage|p1b: Grimmsnarl|0 fnt
|faint|p1b: Grimmsnarl
|-damage|p2a: Garchomp|70/100|[from] item: Life Orb
|
|upkeep
|
|t:|1782329805
|switch|p1b: Incineroar|Incineroar, L50, F|78/100
|-ability|p1b: Incineroar|Intimidate|boost
|-unboost|p2a: Garchomp|atk|1
|-unboost|p2b: Aerodactyl|atk|1
|turn|6
|
|t:|1782329812
|move|p1b: Incineroar|Fake Out|p2b: Aerodactyl
|-resisted|p2b: Aerodactyl|1
|-damage|p2b: Aerodactyl|91/100
|move|p1a: Delphox|Psyshock|p2a: Garchomp
|-damage|p2a: Garchomp|0 fnt
|faint|p2a: Garchomp
|cant|p2b: Aerodactyl|flinch
|
|upkeep
|
|t:|1782329819
|switch|p2a: Chandelure|Chandelure, L50, M|100/100
|turn|7
|
|t:|1782329828
|detailschange|p2a: Chandelure|Chandelure-Mega, L50, M
|-mega|p2a: Chandelure|Chandelure|Chandelurite
|move|p1a: Delphox|Psyshock|p2b: Aerodactyl
|-damage|p2b: Aerodactyl|0 fnt
|faint|p2b: Aerodactyl
|move|p2a: Chandelure|Heat Wave|p1b: Incineroar|[spread] p1b
|-miss|p2a: Chandelure|p1a: Delphox
|-resisted|p1b: Incineroar|1
|-damage|p1b: Incineroar|59/100
|move|p1b: Incineroar|Throat Chop|p2a: Chandelure
|-supereffective|p2a: Chandelure|1
|-damage|p2a: Chandelure|32/100
|-start|p2a: Chandelure|Throat Chop|[silent]
|
|upkeep
|turn|8
|c|☆scappopolo|gg
|
|t:|1782329842
|move|p1a: Delphox|Psyshock|p2a: Chandelure
|-damage|p2a: Chandelure|0 fnt
|faint|p2a: Chandelure
|
|win|m4nabu
|c|☆m4nabu|ggs
|l|☆scappopolo
|player|p2|
