|j|☆Squ1dge_
|j|☆x-demon18
|html|Squ1dge_x-demon18    
|uhtml|bestof|Game 2 of a best-of-3
|t:|1784074809
|gametype|doubles
|player|p1|Squ1dge_|170|1238
|player|p2|x-demon18|lucas|1146
|gen|9
|tier|[Gen 9 Champions] VGC 2026 Reg M-B (Bo3)
|rated|
|rule|Species Clause: Limit one of each Pokémon
|rule|Item Clause: Limit 1 of each item
|clearpoke
|poke|p1|Aerodactyl, L50, F|
|poke|p1|Kingambit, L50, F|
|poke|p1|Sylveon, L50, F|
|poke|p1|Garchomp, L50, M|
|poke|p1|Charizard, L50, F|
|poke|p1|Incineroar, L50, F|
|poke|p2|Incineroar, L50, F|
|poke|p2|Rotom-Wash, L50|
|poke|p2|Venusaur, L50, F|
|poke|p2|Garchomp, L50, M|
|poke|p2|Sylveon, L50, F|
|poke|p2|Corviknight, L50, F|
|teampreview|4
|showteam|p1|Aerodactyl||Aerodactylite|Unnerve|RockSlide,IceFang,Tailwind,WideGuard|Jolly||F|||50|]Kingambit||FocusSash|Defiant|KowtowCleave,SuckerPunch,IronHead,Protect|Adamant||F|||50|]Sylveon||FairyFeather|Pixilate|Detect,HyperVoice,HyperBeam,QuickAttack|Modest||F|||50|]Garchomp||LifeOrb|RoughSkin|Earthquake,DragonClaw,StompingTantrum,Protect|Jolly||M|||50|]Charizard||CharizarditeY|Blaze|Protect,HeatWave,SolarBeam,WeatherBall|Modest||F|||50|]Incineroar||SitrusBerry|Intimidate|DarkestLariat,FlareBlitz,FakeOut,PartingShot|Impish||F|||50|
|showteam|p2|Incineroar||ExpertBelt|Intimidate|FakeOut,TemperFlare,ThroatChop,PartingShot|Adamant||F|||50|]Rotom-Wash||SitrusBerry|Levitate|HydroPump,Electroweb,WillOWisp,VoltSwitch|Modest|||||50|]Venusaur||Venusaurite|Chlorophyll|GigaDrain,SludgeBomb,EarthPower,Protect|Modest||F|||50|]Garchomp||LifeOrb|RoughSkin|RockSlide,DragonClaw,StompingTantrum,Protect|Jolly||M|||50|]Sylveon||FairyFeather|Pixilate|HyperVoice,QuickAttack,Yawn,Detect|Modest||F|||50|]Corviknight||OccaBerry|MirrorArmor|Tailwind,BraveBird,IronHead,BodyPress|Careful||F|||50|
|
|t:|1784074837
|teamsize|p1|4
|teamsize|p2|4
|start
|switch|p1a: Charizard|Charizard, L50, F|100/100
|switch|p1b: Incineroar|Incineroar, L50, F|100/100
|switch|p2a: HydroVolt|Rotom-Wash, L50|100/100
|switch|p2b: Wolverine|Incineroar, L50, F|100/100
|-ability|p2b: Wolverine|Intimidate|boost
|-unboost|p1a: Charizard|atk|1
|-unboost|p1b: Incineroar|atk|1
|-ability|p1b: Incineroar|Intimidate|boost
|-unboost|p2a: HydroVolt|atk|1
|-unboost|p2b: Wolverine|atk|1
|turn|1
|
|t:|1784074858
|detailschange|p1a: Charizard|Charizard-Mega-Y, L50, F
|-mega|p1a: Charizard|Charizard|Charizardite Y
|-weather|SunnyDay|[from] ability: Drought|[of] p1a: Charizard
|move|p2b: Wolverine|Fake Out|p1a: Charizard
|-damage|p1a: Charizard|90/100
|move|p1b: Incineroar|Fake Out|p2a: HydroVolt
|-damage|p2a: HydroVolt|92/100
|cant|p1a: Charizard|flinch
|cant|p2a: HydroVolt|flinch
|
|-weather|SunnyDay|[upkeep]
|upkeep
|turn|2
|
|t:|1784074882
|move|p1a: Charizard|Solar Beam||[still]
|-prepare|p1a: Charizard|Solar Beam
|-anim|p1a: Charizard|Solar Beam|p2a: HydroVolt
|-supereffective|p2a: HydroVolt|1
|-damage|p2a: HydroVolt|0 fnt
|faint|p2a: HydroVolt
|move|p2b: Wolverine|Parting Shot|p1a: Charizard
|-unboost|p1a: Charizard|atk|1
|-unboost|p1a: Charizard|spa|1
|
|t:|1784074893
|switch|p2b: Yggdrasil|Venusaur, L50, F|100/100|[from] Parting Shot
|move|p1b: Incineroar|Parting Shot|p2b: Yggdrasil
|-unboost|p2b: Yggdrasil|atk|1
|-unboost|p2b: Yggdrasil|spa|1
|
|t:|1784074900
|switch|p1b: Garchomp|Garchomp, L50, M|100/100|[from] Parting Shot
|
|-weather|SunnyDay|[upkeep]
|upkeep
|
|t:|1784074907
|switch|p2a: Wolverine|Incineroar, L50, F|100/100
|-ability|p2a: Wolverine|Intimidate|boost
|-unboost|p1a: Charizard|atk|1
|-unboost|p1b: Garchomp|atk|1
|turn|3
|
|t:|1784074929
|switch|p1a: Incineroar|Incineroar, L50, F|100/100
|-ability|p1a: Incineroar|Intimidate|boost
|-unboost|p2a: Wolverine|atk|1
|-unboost|p2b: Yggdrasil|atk|1
|detailschange|p2b: Yggdrasil|Venusaur-Mega, L50, F
|-mega|p2b: Yggdrasil|Venusaur|Venusaurite
|move|p1b: Garchomp|Protect|p1b: Garchomp
|-singleturn|p1b: Garchomp|Protect
|move|p2a: Wolverine|Fake Out|p1a: Incineroar
|-damage|p1a: Incineroar|93/100
|move|p2b: Yggdrasil|Sludge Bomb|p1a: Incineroar
|-damage|p1a: Incineroar|64/100
|
|-weather|SunnyDay|[upkeep]
|upkeep
|turn|4
|
|t:|1784074956
|move|p1b: Garchomp|Dragon Claw|p2b: Yggdrasil
|-damage|p2b: Yggdrasil|69/100
|-damage|p1b: Garchomp|90/100|[from] item: Life Orb
|move|p2b: Yggdrasil|Giga Drain|p1b: Garchomp
|-damage|p1b: Garchomp|63/100
|-heal|p2b: Yggdrasil|83/100|[from] drain|[of] p1b: Garchomp
|move|p2a: Wolverine|Parting Shot|p1b: Garchomp
|-unboost|p1b: Garchomp|atk|1
|-unboost|p1b: Garchomp|spa|1
|
|t:|1784074967
|switch|p2a: Berserk|Garchomp, L50, M|100/100|[from] Parting Shot
|move|p1a: Incineroar|Flare Blitz|p2b: Yggdrasil
|-supereffective|p2b: Yggdrasil|1
|-damage|p2b: Yggdrasil|30/100
|-damage|p1a: Incineroar|49/100|[from] Recoil
|-enditem|p1a: Incineroar|Sitrus Berry|[eat]
|-heal|p1a: Incineroar|73/100|[from] item: Sitrus Berry
|
|-weather|SunnyDay|[upkeep]
|upkeep
|turn|5
|
|t:|1784074989
|switch|p1b: Charizard|Charizard-Mega-Y, L50, F|90/100
|switch|p2b: Wolverine|Incineroar, L50, F|100/100
|-ability|p2b: Wolverine|Intimidate|boost
|-unboost|p1a: Incineroar|atk|1
|-unboost|p1b: Charizard|atk|1
|switch|p1a: Kingambit|Kingambit, L50, F|100/100
|move|p2a: Berserk|Rock Slide|p1b: Charizard|[spread] p1b
|-miss|p2a: Berserk|p1a: Kingambit
|-supereffective|p1b: Charizard|2
|-damage|p1b: Charizard|0 fnt
|faint|p1b: Charizard
|-damage|p2a: Berserk|90/100|[from] item: Life Orb
|
|-weather|none
|upkeep
|
|t:|1784075006
|switch|p1b: Incineroar|Incineroar, L50, F|73/100
|-ability|p1b: Incineroar|Intimidate|boost
|-unboost|p2a: Berserk|atk|1
|-unboost|p2b: Wolverine|atk|1
|turn|6
|
|t:|1784075020
|switch|p1a: Garchomp|Garchomp, L50, M|63/100
|move|p2b: Wolverine|Fake Out|p1a: Garchomp
|-damage|p1a: Garchomp|55/100
|-damage|p2b: Wolverine|87/100|[from] ability: Rough Skin|[of] p1a: Garchomp
|move|p1b: Incineroar|Fake Out|p2a: Berserk
|-damage|p2a: Berserk|79/100
|-damage|p1b: Incineroar|61/100|[from] ability: Rough Skin|[of] p2a: Berserk
|cant|p2a: Berserk|flinch
|
|upkeep
|turn|7
|
|t:|1784075040
|move|p1a: Garchomp|Protect|p1a: Garchomp
|-singleturn|p1a: Garchomp|Protect
|move|p2a: Berserk|Dragon Claw|p1a: Garchomp
|-activate|p1a: Garchomp|move: Protect
|move|p2b: Wolverine|Parting Shot|p1b: Incineroar
|-unboost|p1b: Incineroar|atk|1
|-unboost|p1b: Incineroar|spa|1
|
|t:|1784075048
|switch|p2b: Yggdrasil|Venusaur-Mega, L50, F|30/100|[from] Parting Shot
|move|p1b: Incineroar|Parting Shot|p2a: Berserk
|-unboost|p2a: Berserk|atk|1
|-unboost|p2a: Berserk|spa|1
|
|t:|1784075054
|switch|p1b: Kingambit|Kingambit, L50, F|100/100|[from] Parting Shot
|
|upkeep
|turn|8
|
|t:|1784075067
|move|p1a: Garchomp|Dragon Claw|p2a: Berserk
|-supereffective|p2a: Berserk|1
|-damage|p2a: Berserk|0 fnt
|-damage|p1a: Garchomp|43/100|[from] ability: Rough Skin|[of] p2a: Berserk
|faint|p2a: Berserk
|-damage|p1a: Garchomp|33/100|[from] item: Life Orb
|move|p2b: Yggdrasil|Earth Power|p1b: Kingambit
|-supereffective|p1b: Kingambit|1
|-damage|p1b: Kingambit|27/100
|move|p1b: Kingambit|Kowtow Cleave|p2b: Yggdrasil
|-damage|p2b: Yggdrasil|0 fnt
|faint|p2b: Yggdrasil
|
|upkeep
|
|t:|1784075083
|switch|p2b: Wolverine|Incineroar, L50, F|87/100
|-ability|p2b: Wolverine|Intimidate|boost
|-unboost|p1a: Garchomp|atk|1
|-unboost|p1b: Kingambit|atk|1
|-ability|p1b: Kingambit|Defiant|boost
|-boost|p1b: Kingambit|atk|2
|turn|9
|
|t:|1784075090
|switch|p1a: Incineroar|Incineroar, L50, F|61/100
|-ability|p1a: Incineroar|Intimidate|boost
|-unboost|p2b: Wolverine|atk|1
|move|p1b: Kingambit|Protect|p1b: Kingambit
|-singleturn|p1b: Kingambit|Protect
|move|p2b: Wolverine|Temper Flare|p1b: Kingambit
|-activate|p1b: Kingambit|move: Protect
|
|upkeep
|turn|10
|
|t:|1784075104
|move|p1a: Incineroar|Fake Out|p2b: Wolverine
|-damage|p2b: Wolverine|77/100
|move|p1b: Kingambit|Kowtow Cleave|p2b: Wolverine
|-resisted|p2b: Wolverine|1
|-damage|p2b: Wolverine|42/100
|cant|p2b: Wolverine|flinch
|
|upkeep
|turn|11
|
|t:|1784075113
|move|p1b: Kingambit|Kowtow Cleave|p2b: Wolverine
|-resisted|p2b: Wolverine|1
|-damage|p2b: Wolverine|7/100
|move|p2b: Wolverine|Temper Flare|p1b: Kingambit
|-supereffective|p1b: Kingambit|1
|-damage|p1b: Kingambit|0 fnt
|faint|p1b: Kingambit
|move|p1a: Incineroar|Parting Shot|p2b: Wolverine
|-unboost|p2b: Wolverine|atk|1
|-unboost|p2b: Wolverine|spa|1
|
|t:|1784075120
|switch|p1a: Garchomp|Garchomp, L50, M|33/100|[from] Parting Shot
|
|upkeep
|
|t:|1784075121
|switch|p1b: Incineroar|Incineroar, L50, F|61/100
|-ability|p1b: Incineroar|Intimidate|boost
|-unboost|p2b: Wolverine|atk|1
|turn|12
|
|t:|1784075131
|move|p1b: Incineroar|Fake Out|p2b: Wolverine
|-damage|p2b: Wolverine|0 fnt
|faint|p2b: Wolverine
|
|win|Squ1dge_
|raw|Squ1dge_'s rating: 1238 → 1257(+19 for winning)
|raw|x-demon18's rating: 1146 → 1127(-19 for losing)
