|j|☆Garrman3
|j|☆MMTQ
|html|Garrman3MMTQ    
|uhtml|bestof|Game 3 of a best-of-3
|t:|1755856608
|gametype|doubles
|player|p1|Garrman3|unknown|1287
|player|p2|MMTQ|101|1192
|gen|9
|tier|[Gen 9] VGC 2025 Reg H (Bo3)
|rated|
|rule|Species Clause: Limit one of each Pokémon
|rule|Item Clause: Limit 1 of each item
|clearpoke
|poke|p1|Annihilape, L50, M|
|poke|p1|Archaludon, L50, F|
|poke|p1|Ursaluna-Bloodmoon, L50, M|
|poke|p1|Whimsicott, L50, M|
|poke|p1|Sneasler, L50, M|
|poke|p1|Dragonite, L50, F|
|poke|p2|Gholdengo, L50|
|poke|p2|Sneasler, L50, F|
|poke|p2|Rillaboom, L50, M|
|poke|p2|Dragonite, L50, F|
|poke|p2|Ninetales-Alola, L50, M|
|poke|p2|Arcanine-Hisui, L50, F|
|teampreview|4
|showteam|p1|Annihilape||ChoiceScarf|Defiant|FinalGambit,RageFist,Uturn,CloseCombat|||M|||50|,,,,,Grass]Archaludon||AssaultVest|Stamina|BodyPress,FlashCannon,Snarl,DracoMeteor|||F|||50|,,,,,Water]Ursaluna-Bloodmoon||LifeOrb|MindsEye|EarthPower,BloodMoon,HyperVoice,Protect|||M|||50|,,,,,Normal]Whimsicott||FocusSash|Prankster|Moonblast,BeatUp,Tailwind,HelpingHand|||M|||50|,,,,,Ghost]Sneasler||WhiteHerb|Unburden|DireClaw,ThroatChop,CloseCombat,Protect|||M|||50|,,,,,Dark]Dragonite||LoadedDice|Multiscale|ScaleShot,IceSpinner,Haze,Protect|||F|||50|,,,,,Steel
|showteam|p2|Gholdengo||GrassySeed|GoodasGold|NastyPlot,MakeItRain,ShadowBall,Protect||||||50|,,,,,Water]Sneasler||WhiteHerb|Unburden|CloseCombat,DireClaw,Coaching,Protect|||F|||50|,,,,,Ghost]Rillaboom||AssaultVest|GrassySurge|FakeOut,GrassyGlide,DrumBeating,HighHorsepower|||M|||50|,,,,,Stellar]Dragonite||LoadedDice|Multiscale|ScaleShot,StompingTantrum,Tailwind,Protect|||F|||50|,,,,,Ground]Ninetales-Alola||FocusSash|SnowWarning|Blizzard,IcyWind,Encore,AuroraVeil|||M|||50|,,,,,Ghost]Arcanine-Hisui||ClearAmulet|Intimidate|RockSlide,FlareBlitz,ExtremeSpeed,Protect|||F|||50|,,,,,Water
|inactive|Battle timer is ON: inactive players will automatically lose when time's up. (requested by Garrman3)
|inactive|Garrman3 has 60 seconds left.
|
|t:|1755856659
|teamsize|p1|4
|teamsize|p2|4
|start
|switch|p1a: Annihilape|Annihilape, L50, M|100/100
|switch|p1b: Whimsicott|Whimsicott, L50, M|100/100
|switch|p2a: Sneasler|Sneasler, L50, F|100/100
|switch|p2b: Dragonite|Dragonite, L50, F|100/100
|turn|1
|inactive|Garrman3 has 30 seconds left.
|
|t:|1755856688
|switch|p1a: Archaludon|Archaludon, L50, F, shiny|100/100
|move|p2a: Sneasler|Protect|p2a: Sneasler
|-singleturn|p2a: Sneasler|Protect
|move|p1b: Whimsicott|Beat Up|p1a: Archaludon
|-damage|p1a: Archaludon|98/100
|-ability|p1a: Archaludon|Stamina|boost
|-boost|p1a: Archaludon|def|1
|-damage|p1a: Archaludon|97/100
|-ability|p1a: Archaludon|Stamina|boost
|-boost|p1a: Archaludon|def|1
|-damage|p1a: Archaludon|96/100
|-ability|p1a: Archaludon|Stamina|boost
|-boost|p1a: Archaludon|def|1
|-damage|p1a: Archaludon|95/100
|-ability|p1a: Archaludon|Stamina|boost
|-boost|p1a: Archaludon|def|1
|-hitcount|p1a: Archaludon|4
|move|p2b: Dragonite|Scale Shot|p1a: Archaludon
|-damage|p1a: Archaludon|91/100
|-ability|p1a: Archaludon|Stamina|boost
|-boost|p1a: Archaludon|def|1
|-damage|p1a: Archaludon|88/100
|-ability|p1a: Archaludon|Stamina|boost
|-boost|p1a: Archaludon|def|1
|-damage|p1a: Archaludon|85/100
|-damage|p1a: Archaludon|82/100
|-hitcount|p1a: Archaludon|4
|-unboost|p2b: Dragonite|def|1
|-boost|p2b: Dragonite|spe|1
|
|upkeep
|turn|2
|inactive|Garrman3 has 30 seconds left.
|inactive|MMTQ has 30 seconds left.
|inactive|Garrman3 has 20 seconds left.
|inactive|Garrman3 has 15 seconds left.
|inactive|Garrman3 has 10 seconds left.
|inactive|Garrman3 has 5 seconds left.
|
|t:|1755856738
|switch|p2b: Gholdengo|Gholdengo, L50|100/100
|move|p1b: Whimsicott|Moonblast|p2a: Sneasler
|-damage|p2a: Sneasler|58/100
|-unboost|p2a: Sneasler|spa|1
|-enditem|p2a: Sneasler|White Herb
|-clearnegativeboost|p2a: Sneasler|[silent]
|move|p2a: Sneasler|Dire Claw|p1b: Whimsicott
|-supereffective|p1b: Whimsicott
|-enditem|p1b: Whimsicott|Focus Sash
|-damage|p1b: Whimsicott|1/100
|-status|p1b: Whimsicott|slp
|move|p1a: Archaludon|Flash Cannon|p2a: Sneasler
|-damage|p2a: Sneasler|10/100
|
|upkeep
|turn|3
|inactive|Garrman3 has 30 seconds left.
|inactive|MMTQ has 30 seconds left.
|inactive|Garrman3 has 20 seconds left.
|inactive|Garrman3 has 15 seconds left.
|inactive|MMTQ has 20 seconds left.
|inactive|Garrman3 has 10 seconds left.
|
|t:|1755856787
|switch|p2a: Rillaboom|Rillaboom, L50, M|100/100
|-fieldstart|move: Grassy Terrain|[from] ability: Grassy Surge|[of] p2a: Rillaboom
|-enditem|p2b: Gholdengo|Grassy Seed
|-boost|p2b: Gholdengo|def|1|[from] item: Grassy Seed
|switch|p1b: Sneasler|Sneasler, L50, M|100/100
|move|p2b: Gholdengo|Nasty Plot|p2b: Gholdengo
|-boost|p2b: Gholdengo|spa|2
|move|p1a: Archaludon|Snarl|p2b: Gholdengo|[spread] p2a,p2b
|-supereffective|p2b: Gholdengo
|-damage|p2a: Rillaboom|89/100
|-damage|p2b: Gholdengo|71/100
|-unboost|p2a: Rillaboom|spa|1
|-unboost|p2b: Gholdengo|spa|1
|
|-heal|p2a: Rillaboom|95/100|[from] Grassy Terrain
|-heal|p2b: Gholdengo|78/100|[from] Grassy Terrain
|-heal|p1a: Archaludon|88/100|[from] Grassy Terrain
|upkeep
|turn|4
|inactive|MMTQ has 30 seconds left.
|inactive|MMTQ has 20 seconds left.
|inactive|Garrman3 has 30 seconds left.
|inactive|MMTQ has 15 seconds left.
|
|t:|1755856831
|switch|p1b: Whimsicott|Whimsicott, L50, M|1/100 slp
|move|p2a: Rillaboom|Fake Out|p1b: Whimsicott
|-damage|p1b: Whimsicott|0 fnt
|faint|p1b: Whimsicott
|move|p2b: Gholdengo|Nasty Plot|p2b: Gholdengo
|-boost|p2b: Gholdengo|spa|2
|move|p1a: Archaludon|Snarl|p2a: Rillaboom|[spread] p2a,p2b
|-supereffective|p2b: Gholdengo
|-damage|p2a: Rillaboom|85/100
|-damage|p2b: Gholdengo|53/100
|-unboost|p2a: Rillaboom|spa|1
|-unboost|p2b: Gholdengo|spa|1
|
|-heal|p2a: Rillaboom|92/100|[from] Grassy Terrain
|-heal|p2b: Gholdengo|59/100|[from] Grassy Terrain
|-heal|p1a: Archaludon|94/100|[from] Grassy Terrain
|upkeep
|
|t:|1755856852
|switch|p1b: Sneasler|Sneasler, L50, M|100/100
|turn|5
|inactive|Garrman3 has 30 seconds left.
|
|t:|1755856878
|-terastallize|p1b: Sneasler|Dark
|move|p2b: Gholdengo|Protect|p2b: Gholdengo
|-singleturn|p2b: Gholdengo|Protect
|move|p1b: Sneasler|Throat Chop|p2b: Gholdengo
|-activate|p2b: Gholdengo|move: Protect
|move|p2a: Rillaboom|Drum Beating|p1b: Sneasler
|-damage|p1b: Sneasler|21/100
|-unboost|p1b: Sneasler|spe|1
|-enditem|p1b: Sneasler|White Herb
|-clearnegativeboost|p1b: Sneasler|[silent]
|move|p1a: Archaludon|Snarl|p2a: Rillaboom|[spread] p2a
|-activate|p2b: Gholdengo|move: Protect
|-damage|p2a: Rillaboom|80/100
|-unboost|p2a: Rillaboom|spa|1
|
|-heal|p1b: Sneasler|27/100|[from] Grassy Terrain
|-heal|p2a: Rillaboom|87/100|[from] Grassy Terrain
|-heal|p2b: Gholdengo|65/100|[from] Grassy Terrain
|-heal|p1a: Archaludon|99/100|[from] Grassy Terrain
|upkeep
|turn|6
|inactive|MMTQ has 30 seconds left.
|
|t:|1755856905
|switch|p1b: Annihilape|Annihilape, L50, M|100/100
|-terastallize|p2b: Gholdengo|Water
|move|p2a: Rillaboom|Grassy Glide|p1b: Annihilape
|-damage|p1b: Annihilape|69/100
|move|p2b: Gholdengo|Shadow Ball|p1a: Archaludon
|-damage|p1a: Archaludon|45/100
|-unboost|p1a: Archaludon|spd|1
|move|p1a: Archaludon|Snarl|p2b: Gholdengo|[spread] p2a,p2b
|-damage|p2a: Rillaboom|76/100
|-damage|p2b: Gholdengo|52/100
|-unboost|p2a: Rillaboom|spa|1
|-unboost|p2b: Gholdengo|spa|1
|
|-heal|p1b: Annihilape|75/100|[from] Grassy Terrain
|-heal|p2a: Rillaboom|82/100|[from] Grassy Terrain
|-heal|p2b: Gholdengo|58/100|[from] Grassy Terrain
|-heal|p1a: Archaludon|51/100|[from] Grassy Terrain
|upkeep
|turn|7
|inactive|Garrman3 has 30 seconds left.
|inactive|MMTQ has 30 seconds left.
|inactive|Garrman3 has 20 seconds left.
|inactive|MMTQ has 20 seconds left.
|inactive|Garrman3 has 15 seconds left.
|inactive|Garrman3 has 10 seconds left.
|inactive|Garrman3 has 5 seconds left.
|
|t:|1755856958
|move|p2b: Gholdengo|Protect|p2b: Gholdengo
|-singleturn|p2b: Gholdengo|Protect
|move|p1b: Annihilape|Rage Fist|p2a: Rillaboom
|-damage|p2a: Rillaboom|32/100
|move|p2a: Rillaboom|Drum Beating|p1b: Annihilape
|-damage|p1b: Annihilape|24/100
|-unboost|p1b: Annihilape|spe|1
|-ability|p1b: Annihilape|Defiant|boost
|-boost|p1b: Annihilape|atk|2
|move|p1a: Archaludon|Body Press|p2b: Gholdengo
|-activate|p2b: Gholdengo|move: Protect
|
|-heal|p2a: Rillaboom|38/100|[from] Grassy Terrain
|-heal|p2b: Gholdengo|65/100|[from] Grassy Terrain
|-heal|p1b: Annihilape|30/100|[from] Grassy Terrain
|-heal|p1a: Archaludon|57/100|[from] Grassy Terrain
|-fieldend|move: Grassy Terrain
|upkeep
|turn|8
|inactive|Garrman3 has 30 seconds left.
|inactive|MMTQ has 30 seconds left.
|inactive|Garrman3 has 20 seconds left.
|
|t:|1755856993
|move|p2a: Rillaboom|High Horsepower|p1a: Archaludon
|-supereffective|p1a: Archaludon
|-damage|p1a: Archaludon|46/100
|move|p2b: Gholdengo|Make It Rain|p1a: Archaludon|[spread] p1a,p1b
|-resisted|p1a: Archaludon
|-damage|p1a: Archaludon|15/100
|-damage|p1b: Annihilape|0 fnt
|-unboost|p2b: Gholdengo|spa|1
|faint|p1b: Annihilape
|move|p1a: Archaludon|Body Press|p2b: Gholdengo
|-damage|p2b: Gholdengo|5/100
|
|upkeep
|
|t:|1755856998
|switch|p1b: Sneasler|Sneasler, L50, M, tera:Dark|27/100
|turn|9
|
|t:|1755857008
|switch|p2a: Sneasler|Sneasler, L50, F|10/100
|move|p2b: Gholdengo|Protect|p2b: Gholdengo
|-singleturn|p2b: Gholdengo|Protect
|move|p1b: Sneasler|Dire Claw|p2b: Gholdengo
|-activate|p2b: Gholdengo|move: Protect
|move|p1a: Archaludon|Body Press|p2a: Sneasler
|-resisted|p2a: Sneasler
|-damage|p2a: Sneasler|0 fnt
|faint|p2a: Sneasler
|
|upkeep
|c|☆Garrman3|i thought you were 110% dead
|
|t:|1755857019
|switch|p2a: Rillaboom|Rillaboom, L50, M|38/100
|-fieldstart|move: Grassy Terrain|[from] ability: Grassy Surge|[of] p2a: Rillaboom
|turn|10
|c|☆Garrman3|from my body press
|
|t:|1755857044
|move|p1b: Sneasler|Protect|p1b: Sneasler
|-singleturn|p1b: Sneasler|Protect
|move|p2a: Rillaboom|Grassy Glide|p1b: Sneasler
|-activate|p1b: Sneasler|move: Protect
|move|p2b: Gholdengo|Shadow Ball|p1a: Archaludon
|-damage|p1a: Archaludon|0 fnt
|faint|p1a: Archaludon
|
|-heal|p1b: Sneasler|33/100|[from] Grassy Terrain
|-heal|p2a: Rillaboom|45/100|[from] Grassy Terrain
|-heal|p2b: Gholdengo|11/100|[from] Grassy Terrain
|upkeep
|turn|11
|c|☆Garrman3|gg
|
|t:|1755857063
|move|p2a: Rillaboom|Grassy Glide|p1b: Sneasler
|-damage|p1b: Sneasler|0 fnt
|faint|p1b: Sneasler
|
|win|MMTQ
|raw|Garrman3's rating: 1287 → 1255(-32 for losing)
|raw|MMTQ's rating: 1192 → 1224(+32 for winning)
