|j|☆ivanciooo
|j|☆NandoGTG
|html|ivancioooNandoGTG    
|uhtml|bestof|Game 2 of a best-of-3
|t:|1785516734
|gametype|doubles
|player|p1|ivanciooo|acerola-masters3|
|player|p2|NandoGTG|cheren|
|gen|9
|tier|[Gen 9 Champions] VGC 2026 Reg M-B (Bo3)
|rule|Species Clause: Limit one of each Pokémon
|rule|Item Clause: Limit 1 of each item
|clearpoke
|poke|p1|Tyranitar, L50, F|
|poke|p1|Staraptor, L50, M|
|poke|p1|Gholdengo, L50|
|poke|p1|Excadrill, L50, F|
|poke|p1|Milotic, L50, M|
|poke|p1|Sinistcha, L50|
|poke|p2|Charizard, L50, M|
|poke|p2|Hydreigon, L50, M|
|poke|p2|Incineroar, L50, F|
|poke|p2|Toxapex, L50, F|
|poke|p2|Garchomp, L50, M|
|poke|p2|Venusaur, L50, M|
|teampreview|4
|showteam|p1|Tyranitar||Tyranitarite|SandStream|RockSlide,KnockOff,LowKick,Protect|Jolly||F|||50|]Staraptor||Staraptite|Intimidate|CloseCombat,BraveBird,Tailwind,Protect|Jolly||M|||50|]Gholdengo||LifeOrb|GoodasGold|MakeItRain,ShadowBall,NastyPlot,Protect|Modest|||||50|]Excadrill||FocusSash|SandRush|HighHorsepower,RockSlide,IronHead,Protect|Adamant||F|||50|]Milotic||SitrusBerry|Competitive|IceBeam,IcyWind,Scald,Protect|Calm||M|||50|]Sinistcha||ColburBerry|Hospitality|MatchaGotcha,ShadowBall,RagePowder,Protect|Bold|||||50|
|showteam|p2|Charizard||CharizarditeY|Blaze|HeatWave,WeatherBall,SolarBeam,Protect|Modest||M|||50|]Hydreigon||ChoiceScarf|Levitate|DarkPulse,DracoMeteor,Snarl,EarthPower|Modest||M|||50|]Incineroar||SitrusBerry|Intimidate|FlareBlitz,ThroatChop,FakeOut,PartingShot|Impish||F|||50|]Toxapex||Leftovers|Regenerator|Infestation,Toxic,WideGuard,BanefulBunker|Bold||F|||50|]Garchomp||LifeOrb|RoughSkin|DragonClaw,Earthquake,RockTomb,Protect|Jolly||M|||50|]Venusaur||FocusSash|Chlorophyll|SludgeBomb,EarthPower,SleepPowder,Protect|Modest||M|||50|
|j| Manolete espinete
|j| CharmanditoABM
|
|t:|1785516794
|teamsize|p1|4
|teamsize|p2|4
|start
|switch|p1a: Tyranitar|Tyranitar, L50, F|100/100
|switch|p1b: Excadrill|Excadrill, L50, F|100/100
|switch|p2a: Charizard|Charizard, L50, M|100/100
|switch|p2b: Venusaur|Venusaur, L50, M|100/100
|-weather|Sandstorm|[from] ability: Sand Stream|[of] p1a: Tyranitar
|turn|1
|
|t:|1785516817
|detailschange|p2a: Charizard|Charizard-Mega-Y, L50, M
|-mega|p2a: Charizard|Charizard|Charizardite Y
|-weather|SunnyDay|[from] ability: Drought|[of] p2a: Charizard
|move|p1b: Excadrill|Protect|p1b: Excadrill
|-singleturn|p1b: Excadrill|Protect
|move|p1a: Tyranitar|Protect|p1a: Tyranitar
|-singleturn|p1a: Tyranitar|Protect
|move|p2b: Venusaur|Sleep Powder|p1a: Tyranitar
|-activate|p1a: Tyranitar|move: Protect
|move|p2a: Charizard|Heat Wave|p1a: Tyranitar|[spread] 
|-activate|p1a: Tyranitar|move: Protect
|-activate|p1b: Excadrill|move: Protect
|
|-weather|SunnyDay|[upkeep]
|upkeep
|turn|2
|
|t:|1785516834
|detailschange|p1a: Tyranitar|Tyranitar-Mega, L50, F
|-mega|p1a: Tyranitar|Tyranitar|Tyranitarite
|-weather|Sandstorm|[from] ability: Sand Stream|[of] p1a: Tyranitar
|move|p1b: Excadrill|High Horsepower|p2b: Venusaur
|-damage|p2b: Venusaur|28/100
|move|p1a: Tyranitar|Rock Slide|p2b: Venusaur|[spread] p2a,p2b
|-supereffective|p2a: Charizard|2
|-damage|p2a: Charizard|0 fnt
|-damage|p2b: Venusaur|0 fnt
|faint|p2a: Charizard
|faint|p2b: Venusaur
|
|-weather|Sandstorm|[upkeep]
|upkeep
|
|t:|1785516841
|switch|p2a: Toxapex|Toxapex, L50, F|100/100
|switch|p2b: Hydreigon|Hydreigon, L50, M|100/100
|turn|3
|
|t:|1785516890
|move|p1b: Excadrill|Iron Head|p2b: Hydreigon
|-damage|p2b: Hydreigon|45/100
|move|p2b: Hydreigon|Earth Power|p1b: Excadrill
|-supereffective|p1b: Excadrill|1
|-damage|p1b: Excadrill|10/100
|move|p1a: Tyranitar|Low Kick|p2b: Hydreigon
|-supereffective|p2b: Hydreigon|1
|-damage|p2b: Hydreigon|0 fnt
|faint|p2b: Hydreigon
|move|p2a: Toxapex|Infestation|p1b: Excadrill
|-resisted|p1b: Excadrill|1
|-damage|p1b: Excadrill|8/100
|-activate|p1b: Excadrill|move: Infestation|[of] p2a: Toxapex
|
|-weather|Sandstorm|[upkeep]
|-damage|p2a: Toxapex|94/100|[from] Sandstorm
|-heal|p2a: Toxapex|100/100|[from] item: Leftovers
|-damage|p1b: Excadrill|0 fnt|[from] move: Infestation|[partiallytrapped]
|faint|p1b: Excadrill
|upkeep
|
|t:|1785516894
|switch|p1b: Sinistcha|Sinistcha, L50|100/100
|turn|4
|
|t:|1785516900
|move|p1a: Tyranitar|Knock Off|p2a: Toxapex
|-damage|p2a: Toxapex|57/100
|-enditem|p2a: Toxapex|Leftovers|[from] move: Knock Off|[of] p1a: Tyranitar
|move|p1b: Sinistcha|Matcha Gotcha|p2a: Toxapex
|-damage|p2a: Toxapex|31/100
|move|p2a: Toxapex|Toxic|p1a: Tyranitar
|-status|p1a: Tyranitar|tox
|
|-weather|Sandstorm|[upkeep]
|-damage|p1b: Sinistcha|94/100|[from] Sandstorm
|-damage|p2a: Toxapex|25/100|[from] Sandstorm
|-damage|p1a: Tyranitar|93/100 tox|[from] psn
|upkeep
|turn|5
|
|t:|1785516904
|move|p1a: Tyranitar|Knock Off|p2a: Toxapex
|-damage|p2a: Toxapex|0 fnt
|faint|p2a: Toxapex
|
|win|ivanciooo
|c|☆ivanciooo|ggs
|c|☆NandoGTG|GGs
|c|☆NandoGTG|Mamita lo de no cambiar el CharY en T2 ha tenido telita mío ahí JAJAJAJA
|c|☆ivanciooo|jsdjfsdjfsd bueno era dificil el mu no te preocupes
|l| Manolete espinete
|j| Manolete espinete
|l| Manolete espinete
|c|☆NandoGTG|Sisi pero por la podía haber peleado un poquitillo mejor XDD
|c|☆NandoGTG|Estuve testeando ese equipo hace par de días y casi te lo traigo hoy
|l| CharmanditoABM
