|j|☆lolgz
|j|☆p1ch1pichi
|html|lolgzp1ch1pichi    
|uhtml|bestof|Game 1 of a best-of-3
|t:|1784108190
|gametype|doubles
|player|p1|lolgz|dawn|1126
|player|p2|p1ch1pichi|n|1009
|gen|9
|tier|[Gen 9 Champions] VGC 2026 Reg M-B (Bo3)
|rated|
|rule|Species Clause: Limit one of each Pokémon
|rule|Item Clause: Limit 1 of each item
|clearpoke
|poke|p1|Delphox, L50, M|
|poke|p1|Incineroar, L50, M|
|poke|p1|Vivillon, L50, M|
|poke|p1|Sinistcha, L50|
|poke|p1|Blastoise, L50, M|
|poke|p1|Maushold, L50|
|poke|p2|Ampharos, L50, M, shiny|
|poke|p2|Farigiraf, L50, F, shiny|
|poke|p2|Torkoal, L50, F|
|poke|p2|Vileplume, L50, F|
|poke|p2|Mawile, L50, F, shiny|
|poke|p2|Weavile, L50, F|
|teampreview|4
|showteam|p1|Delphox||Delphoxite|Blaze|HeatWave,Psychic,NastyPlot,Protect|Timid||M|||50|]Incineroar||SitrusBerry|Intimidate|FakeOut,PartingShot,FlareBlitz,ThroatChop|Impish||M|||50|]Vivillon||ChoiceScarf|CompoundEyes|SleepPowder,Hurricane,RagePowder,Tailwind|Timid||M|||50|]Sinistcha||CobaBerry|Hospitality|MatchaGotcha,RagePowder,Protect,TrickRoom|Bold|||||50|]Blastoise||Blastoisinite|RainDish|Protect,WaterSpout,DarkPulse,ShellSmash|Modest||M|||50|]Maushold||FocusSash|FriendGuard|FollowMe,Protect,SuperFang,HelpingHand|Jolly|||||50|
|showteam|p2|Ampharos||Ampharosite|Static|DragonPulse,Thunderbolt,PowerGem,Protect|Quiet||M|||50|]Farigiraf||ColburBerry|ArmorTail|Psychic,TrickRoom,HelpingHand,Protect|Relaxed||F|||50|]Torkoal||Charcoal|Drought|Eruption,HeatWave,EarthPower,Protect|Quiet||F|||50|]Vileplume||FocusSash|Chlorophyll|SludgeBomb,SleepPowder,AfterYou,Protect|Timid||F|||50|]Mawile||Mawilite|Intimidate|Protect,PlayRough,IronHead,SuckerPunch|Brave||F|||50|]Weavile||WideLens|Pressure|FakeOut,KnockOff,TripleAxel,Protect|Jolly||F|||50|
|inactive|Battle timer is ON: inactive players will automatically lose when time's up. (requested by lolgz)
|inactive|p1ch1pichi also wants the timer to be on.
|inactive|lolgz has 60 seconds left.
|inactive|lolgz has 30 seconds left.
|
|t:|1784108254
|teamsize|p1|4
|teamsize|p2|4
|start
|switch|p1a: Vivillon|Vivillon, L50, M|100/100
|switch|p1b: Delphox|Delphox, L50, M|100/100
|switch|p2a: Weavile|Weavile, L50, F|100/100
|switch|p2b: Farigiraf|Farigiraf, L50, F, shiny|100/100
|-ability|p2a: Weavile|Pressure
|turn|1
|inactive|p1ch1pichi has 30 seconds left.
|
|t:|1784108285
|move|p2a: Weavile|Fake Out|p1a: Vivillon
|-damage|p1a: Vivillon|74/100
|cant|p1a: Vivillon|flinch
|move|p1b: Delphox|Heat Wave|p2b: Farigiraf|[spread] p2a,p2b
|-supereffective|p2a: Weavile|1
|-damage|p2a: Weavile|3/100
|-damage|p2b: Farigiraf|67/100
|move|p2b: Farigiraf|Trick Room|p2b: Farigiraf
|-fieldstart|move: Trick Room|[of] p2b: Farigiraf
|
|upkeep
|turn|2
|
|t:|1784108306
|switch|p2a: Ampharos|Ampharos, L50, M, shiny|100/100
|switch|p1a: Sinistcha|Sinistcha, L50|100/100
|move|p2b: Farigiraf|Psychic|p1a: Sinistcha
|-damage|p1a: Sinistcha|69/100
|move|p1b: Delphox|Heat Wave|p2b: Farigiraf|[spread] p2a
|-miss|p1b: Delphox|p2b: Farigiraf
|-damage|p2a: Ampharos|64/100
|-status|p2a: Ampharos|brn
|
|-damage|p2a: Ampharos|58/100 brn|[from] brn
|upkeep
|turn|3
|inactive|p1ch1pichi has 30 seconds left.
|
|t:|1784108334
|detailschange|p2a: Ampharos|Ampharos-Mega, L50, M, shiny
|-mega|p2a: Ampharos|Ampharos|Ampharosite
|-ability|p2a: Ampharos|Mold Breaker
|detailschange|p1b: Delphox|Delphox-Mega, L50, M
|-mega|p1b: Delphox|Delphox|Delphoxite
|move|p2b: Farigiraf|Helping Hand|p2a: Ampharos
|-singleturn|p2a: Ampharos|Helping Hand|[of] p2b: Farigiraf
|move|p2a: Ampharos|Power Gem|p1b: Delphox
|-supereffective|p1b: Delphox|1
|-damage|p1b: Delphox|0 fnt
|faint|p1b: Delphox
|move|p1a: Sinistcha|Trick Room|p1a: Sinistcha
|-fieldend|move: Trick Room
|
|-damage|p2a: Ampharos|52/100 brn|[from] brn
|upkeep
|
|t:|1784108348
|switch|p1b: Blastoise|Blastoise, L50, M|100/100
|turn|4
|
|t:|1784108370
|move|p2b: Farigiraf|Protect|p2b: Farigiraf
|-singleturn|p2b: Farigiraf|Protect
|move|p2a: Ampharos|Protect|p2a: Ampharos
|-singleturn|p2a: Ampharos|Protect
|move|p1b: Blastoise|Water Spout|p2a: Ampharos|[spread] 
|-activate|p2a: Ampharos|move: Protect
|-activate|p2b: Farigiraf|move: Protect
|move|p1a: Sinistcha|Matcha Gotcha|p2a: Ampharos|[spread] 
|-activate|p2a: Ampharos|move: Protect
|-activate|p2b: Farigiraf|move: Protect
|
|-damage|p2a: Ampharos|46/100 brn|[from] brn
|upkeep
|turn|5
|
|t:|1784108390
|switch|p2a: Torkoal|Torkoal, L50, F|100/100
|-weather|SunnyDay|[from] ability: Drought|[of] p2a: Torkoal
|move|p1b: Blastoise|Water Spout|p2a: Torkoal|[spread] p2a,p2b
|-supereffective|p2a: Torkoal|1
|-crit|p2a: Torkoal
|-damage|p2a: Torkoal|1/100
|-damage|p2b: Farigiraf|43/100
|move|p1a: Sinistcha|Matcha Gotcha|p2a: Torkoal|[spread] p2a,p2b
|-resisted|p2a: Torkoal|1
|-damage|p2a: Torkoal|0 fnt
|-heal|p1a: Sinistcha|69/100|[from] drain|[of] p2a: Torkoal
|-damage|p2b: Farigiraf|20/100y
|-heal|p1a: Sinistcha|84/100|[from] drain|[of] p2b: Farigiraf
|-status|p2b: Farigiraf|brn
|faint|p2a: Torkoal
|move|p2b: Farigiraf|Trick Room|p2b: Farigiraf
|-fieldstart|move: Trick Room|[of] p2b: Farigiraf
|
|-weather|SunnyDay|[upkeep]
|-damage|p2b: Farigiraf|14/100 brn|[from] brn
|upkeep
|-message|lolgz forfeited.
|raw|lolgz's rating: 1126 → 1093(-33 for losing)
|raw|p1ch1pichi's rating: 1009 → 1060(+51 for winning)
|
|win|p1ch1pichi
|l|☆lolgz
|player|p1|
