|j|☆Cristante terabug
|j|☆Cenacchi359
|html|Cristante terabugCenacchi359    
|uhtml|bestof|Game 3 of a best-of-3
|t:|1756475905
|gametype|doubles
|player|p1|Cristante terabug|kieran-champion|
|player|p2|Cenacchi359|leon|
|gen|9
|tier|[Gen 9] VGC 2025 Reg H (Bo3)
|rule|Species Clause: Limit one of each Pokémon
|rule|Item Clause: Limit 1 of each item
|clearpoke
|poke|p1|Incineroar, L50, F|
|poke|p1|Pelipper, L50, M|
|poke|p1|Archaludon, L50, M|
|poke|p1|Dragonite, L50, M|
|poke|p1|Sinistcha, L50|
|poke|p1|Ursaluna, L50, F|
|poke|p2|Incineroar, L50, M|
|poke|p2|Amoonguss, L50, M|
|poke|p2|Gholdengo, L50|
|poke|p2|Pelipper, L50, M|
|poke|p2|Archaludon, L50, M|
|poke|p2|Basculegion, L50, M|
|teampreview|4
|showteam|p1|Incineroar||SafetyGoggles|Intimidate|FakeOut,PartingShot,KnockOff,FlareBlitz|||F|||50|,,,,,Flying]Pelipper||FocusSash|Drizzle|Hurricane,MuddyWater,Tailwind,Protect|||M|||50|,,,,,Ghost]Archaludon||AssaultVest|Stamina|ElectroShot,Snarl,FlashCannon,BodyPress|||M|||50|,,,,,Bug]Dragonite||LoadedDice|Multiscale|ScaleShot,Tailwind,Haze,Protect|||M|||50|,,,,,Fairy]Sinistcha||SitrusBerry|Hospitality|MatchaGotcha,RagePowder,LifeDew,TrickRoom||||||50|,,,,,Dark]Ursaluna||FlameOrb|Guts|Earthquake,Facade,HeadlongRush,Protect|||F|||50|,,,,,Ghost
|showteam|p2|Incineroar||SafetyGoggles|Intimidate|FakeOut,KnockOff,Taunt,PartingShot|||M|||50|,,,,,Ghost]Amoonguss||SitrusBerry|Regenerator|Spore,RagePowder,PollenPuff,Protect|||M|||50|,,,,,Fairy]Gholdengo||LifeOrb|GoodasGold|MakeItRain,ShadowBall,NastyPlot,Protect||||||50|,,,,,Water]Pelipper||FocusSash|Drizzle|WeatherBall,Hurricane,Tailwind,Protect|||M|||50|,,,,,Ghost]Archaludon||AssaultVest|Stamina|ElectroShot,DragonPulse,FlashCannon,BodyPress|||M|||50|,,,,,Bug]Basculegion||ChoiceBand|SwiftSwim|WaveCrash,AquaJet,FlipTurn,LastRespects|||M|||50|,,,,,Water
|
|t:|1756475927
|teamsize|p1|4
|teamsize|p2|4
|start
|switch|p1a: Incineroar|Incineroar, L50, F|100/100
|switch|p1b: Sinistcha|Sinistcha, L50, shiny|100/100
|switch|p2a: Amoonguss|Amoonguss, L50, M|100/100
|switch|p2b: Gholdengo|Gholdengo, L50|100/100
|-ability|p1a: Incineroar|Intimidate|boost
|-unboost|p2a: Amoonguss|atk|1
|-unboost|p2b: Gholdengo|atk|1
|turn|1
|
|t:|1756475948
|-terastallize|p2b: Gholdengo|Water
|move|p2b: Gholdengo|Nasty Plot|p2b: Gholdengo
|-boost|p2b: Gholdengo|spa|2
|move|p1a: Incineroar|Flare Blitz|p2b: Gholdengo
|-resisted|p2b: Gholdengo
|-damage|p2b: Gholdengo|74/100
|-damage|p1a: Incineroar|93/100|[from] Recoil
|move|p2a: Amoonguss|Spore|p1b: Sinistcha
|-immune|p1b: Sinistcha
|move|p1b: Sinistcha|Trick Room|p1b: Sinistcha
|-fieldstart|move: Trick Room|[of] p1b: Sinistcha
|
|upkeep
|turn|2
|
|t:|1756475970
|switch|p2b: Incineroar|Incineroar, L50, M|100/100
|-ability|p2b: Incineroar|Intimidate|boost
|-unboost|p1a: Incineroar|atk|1
|-unboost|p1b: Sinistcha|atk|1
|move|p2a: Amoonguss|Protect|p2a: Amoonguss
|-singleturn|p2a: Amoonguss|Protect
|move|p1a: Incineroar|Knock Off|p2b: Incineroar
|-resisted|p2b: Incineroar
|-damage|p2b: Incineroar|88/100
|-enditem|p2b: Incineroar|Safety Goggles|[from] move: Knock Off|[of] p1a: Incineroar
|move|p1b: Sinistcha|Matcha Gotcha|p2b: Incineroar|[spread] p2b
|-activate|p2a: Amoonguss|move: Protect
|-resisted|p2b: Incineroar
|-damage|p2b: Incineroar|79/100
|
|upkeep
|turn|3
|
|t:|1756475987
|switch|p2a: Archaludon|Archaludon, L50, M|100/100
|switch|p1b: Ursaluna|Ursaluna, L50, F|100/100
|move|p2b: Incineroar|Knock Off|p1b: Ursaluna
|-damage|p1b: Ursaluna|71/100
|-enditem|p1b: Ursaluna|Flame Orb|[from] move: Knock Off|[of] p2b: Incineroar
|move|p1a: Incineroar|Parting Shot|p2a: Archaludon
|-unboost|p2a: Archaludon|atk|1
|-unboost|p2a: Archaludon|spa|1
|
|t:|1756475997
|switch|p1a: Sinistcha|Sinistcha, L50, shiny|100/100|[from] Parting Shot
|-heal|p1b: Ursaluna|95/100|[from] ability: Hospitality|[of] p1a: Sinistcha
|
|upkeep
|turn|4
|
|t:|1756476013
|switch|p2a: Amoonguss|Amoonguss, L50, M|100/100
|move|p1a: Sinistcha|Rage Powder|p1a: Sinistcha
|-singleturn|p1a: Sinistcha|move: Rage Powder
|move|p2b: Incineroar|Parting Shot|p1a: Sinistcha
|-unboost|p1a: Sinistcha|atk|1
|-unboost|p1a: Sinistcha|spa|1
|
|t:|1756476021
|switch|p2b: Archaludon|Archaludon, L50, M|100/100|[from] Parting Shot
|move|p1b: Ursaluna|Headlong Rush|p2a: Amoonguss
|-damage|p2a: Amoonguss|47/100
|-unboost|p1b: Ursaluna|def|1
|-unboost|p1b: Ursaluna|spd|1
|-enditem|p2a: Amoonguss|Sitrus Berry|[eat]
|-heal|p2a: Amoonguss|72/100|[from] item: Sitrus Berry
|
|upkeep
|turn|5
|
|t:|1756476060
|switch|p2b: Gholdengo|Gholdengo, L50, tera:Water|74/100
|move|p1a: Sinistcha|Rage Powder|p1a: Sinistcha
|-singleturn|p1a: Sinistcha|move: Rage Powder
|move|p2a: Amoonguss|Spore|p1b: Ursaluna
|-status|p1b: Ursaluna|slp|[from] move: Spore
|cant|p1b: Ursaluna|slp
|
|-fieldend|move: Trick Room
|upkeep
|turn|6
|
|t:|1756476074
|move|p2b: Gholdengo|Shadow Ball|p1a: Sinistcha
|-supereffective|p1a: Sinistcha
|-damage|p1a: Sinistcha|7/100
|-unboost|p1a: Sinistcha|spd|1
|-enditem|p1a: Sinistcha|Sitrus Berry|[eat]
|-heal|p1a: Sinistcha|32/100|[from] item: Sitrus Berry
|-damage|p2b: Gholdengo|64/100|[from] item: Life Orb
|cant|p1b: Ursaluna|slp
|move|p1a: Sinistcha|Matcha Gotcha|p2b: Gholdengo|[spread] p2a,p2b
|-resisted|p2a: Amoonguss
|-supereffective|p2b: Gholdengo
|-damage|p2a: Amoonguss|69/100
|-heal|p1a: Sinistcha|34/100|[from] drain|[of] p2a: Amoonguss
|-damage|p2b: Gholdengo|28/100
|-heal|p1a: Sinistcha|52/100|[from] drain|[of] p2b: Gholdengo
|move|p2a: Amoonguss|Spore|p1a: Sinistcha
|-immune|p1a: Sinistcha
|
|upkeep
|turn|7
|
|t:|1756476100
|-terastallize|p1a: Sinistcha|Dark
|move|p2b: Gholdengo|Make It Rain|p1a: Sinistcha|[spread] p1a,p1b
|-damage|p1a: Sinistcha|0 fnt
|-damage|p1b: Ursaluna|4/100 slp
|-unboost|p2b: Gholdengo|spa|1
|faint|p1a: Sinistcha
|-damage|p2b: Gholdengo|18/100|[from] item: Life Orb
|cant|p1b: Ursaluna|slp
|move|p2a: Amoonguss|Pollen Puff|p2b: Gholdengo
|-heal|p2b: Gholdengo|68/100
|
|upkeep
|
|t:|1756476135
|switch|p1a: Incineroar|Incineroar, L50, F|93/100
|-ability|p1a: Incineroar|Intimidate|boost
|-unboost|p2a: Amoonguss|atk|1
|-unboost|p2b: Gholdengo|atk|1
|turn|8
|
|t:|1756476152
|switch|p2a: Incineroar|Incineroar, L50, M|79/100
|-ability|p2a: Incineroar|Intimidate|boost
|-unboost|p1a: Incineroar|atk|1
|-unboost|p1b: Ursaluna|atk|1
|move|p2b: Gholdengo|Protect|p2b: Gholdengo
|-singleturn|p2b: Gholdengo|Protect
|-curestatus|p1b: Ursaluna|slp|[msg]
|move|p1b: Ursaluna|Headlong Rush|p2b: Gholdengo
|-activate|p2b: Gholdengo|move: Protect
|move|p1a: Incineroar|Flare Blitz|p2a: Incineroar
|-resisted|p2a: Incineroar
|-damage|p2a: Incineroar|65/100
|-damage|p1a: Incineroar|88/100|[from] Recoil
|
|upkeep
|turn|9
|
|t:|1756476171
|switch|p1b: Archaludon|Archaludon, L50, M|100/100
|move|p2a: Incineroar|Fake Out|p1b: Archaludon
|-resisted|p1b: Archaludon
|-damage|p1b: Archaludon|97/100
|-ability|p1b: Archaludon|Stamina|boost
|-boost|p1b: Archaludon|def|1
|move|p2b: Gholdengo|Nasty Plot|p2b: Gholdengo
|-boost|p2b: Gholdengo|spa|2
|move|p1a: Incineroar|Knock Off|p2b: Gholdengo
|-damage|p2b: Gholdengo|41/100
|-enditem|p2b: Gholdengo|Life Orb|[from] move: Knock Off|[of] p1a: Incineroar
|
|upkeep
|turn|10
|
|t:|1756476193
|move|p2b: Gholdengo|Protect|p2b: Gholdengo
|-singleturn|p2b: Gholdengo|Protect
|move|p1b: Archaludon|Snarl|p2b: Gholdengo|[spread] p2a
|-activate|p2b: Gholdengo|move: Protect
|-resisted|p2a: Incineroar
|-damage|p2a: Incineroar|60/100
|-unboost|p2a: Incineroar|spa|1
|move|p1a: Incineroar|Flare Blitz|p2a: Incineroar
|-resisted|p2a: Incineroar
|-damage|p2a: Incineroar|47/100
|-damage|p1a: Incineroar|84/100|[from] Recoil
|move|p2a: Incineroar|Parting Shot|p1b: Archaludon
|-unboost|p1b: Archaludon|atk|1
|-unboost|p1b: Archaludon|spa|1
|
|t:|1756476206
|switch|p2a: Amoonguss|Amoonguss, L50, M|100/100|[from] Parting Shot
|
|upkeep
|turn|11
|
|t:|1756476223
|move|p2b: Gholdengo|Nasty Plot|p2b: Gholdengo
|-boost|p2b: Gholdengo|spa|2
|move|p1b: Archaludon|Snarl|p2a: Amoonguss|[spread] p2a,p2b
|-damage|p2a: Amoonguss|93/100
|-damage|p2b: Gholdengo|31/100
|-unboost|p2a: Amoonguss|spa|1
|-unboost|p2b: Gholdengo|spa|1
|move|p1a: Incineroar|Knock Off|p2b: Gholdengo
|-crit|p2b: Gholdengo
|-damage|p2b: Gholdengo|0 fnt
|faint|p2b: Gholdengo
|move|p2a: Amoonguss|Spore|p1b: Archaludon
|-status|p1b: Archaludon|slp|[from] move: Spore
|
|upkeep
|
|t:|1756476239
|switch|p2b: Archaludon|Archaludon, L50, M|100/100
|turn|12
|
|t:|1756476252
|switch|p2a: Incineroar|Incineroar, L50, M|47/100
|-ability|p2a: Incineroar|Intimidate|boost
|-unboost|p1a: Incineroar|atk|1
|-unboost|p1b: Archaludon|atk|1
|cant|p1b: Archaludon|slp
|move|p2b: Archaludon|Body Press|p1a: Incineroar
|-supereffective|p1a: Incineroar
|-damage|p1a: Incineroar|41/100
|move|p1a: Incineroar|Flare Blitz|p2a: Incineroar
|-resisted|p2a: Incineroar
|-damage|p2a: Incineroar|35/100
|-damage|p1a: Incineroar|37/100|[from] Recoil
|
|upkeep
|turn|13
|
|t:|1756476270
|switch|p1a: Ursaluna|Ursaluna, L50, F|4/100
|cant|p1b: Archaludon|slp
|move|p2b: Archaludon|Body Press|p1a: Ursaluna
|-supereffective|p1a: Ursaluna
|-damage|p1a: Ursaluna|0 fnt
|faint|p1a: Ursaluna
|move|p2a: Incineroar|Parting Shot|p1b: Archaludon
|-unboost|p1b: Archaludon|atk|1
|-unboost|p1b: Archaludon|spa|1
|
|t:|1756476275
|switch|p2a: Amoonguss|Amoonguss, L50, M|100/100|[from] Parting Shot
|
|upkeep
|
|t:|1756476282
|switch|p1a: Incineroar|Incineroar, L50, F|37/100
|-ability|p1a: Incineroar|Intimidate|boost
|-unboost|p2a: Amoonguss|atk|1
|-unboost|p2b: Archaludon|atk|1
|turn|14
|
|t:|1756476294
|switch|p2a: Incineroar|Incineroar, L50, M|35/100
|-ability|p2a: Incineroar|Intimidate|boost
|-unboost|p1a: Incineroar|atk|1
|-unboost|p1b: Archaludon|atk|1
|-curestatus|p1b: Archaludon|slp|[msg]
|move|p1b: Archaludon|Body Press|p2b: Archaludon
|-supereffective|p2b: Archaludon
|-damage|p2b: Archaludon|45/100
|-ability|p2b: Archaludon|Stamina|boost
|-boost|p2b: Archaludon|def|1
|move|p2b: Archaludon|Body Press|p1a: Incineroar
|-supereffective|p1a: Incineroar
|-damage|p1a: Incineroar|0 fnt
|faint|p1a: Incineroar
|
|upkeep
|turn|15
|
|t:|1756476313
|switch|p2b: Amoonguss|Amoonguss, L50, M|100/100
|move|p1b: Archaludon|Body Press|p2b: Amoonguss
|-resisted|p2b: Amoonguss
|-damage|p2b: Amoonguss|84/100
|move|p2a: Incineroar|Parting Shot|p1b: Archaludon
|-unboost|p1b: Archaludon|atk|1
|-unboost|p1b: Archaludon|spa|1
|-message|Cristante terabug forfeited.
|
|win|Cenacchi359
|l|☆Cristante terabug
|player|p1|
|j|☆Cristante terabug
|player|p1|Cristante terabug|kieran-champion|
