|j|☆Luckstat10
|j|☆ddx9000
|html|Luckstat10ddx9000    
|uhtml|bestof|Game 2 of a best-of-3
|t:|1756793038
|gametype|doubles
|player|p1|Luckstat10|266|1147
|player|p2|ddx9000|266|1093
|gen|9
|tier|[Gen 9] VGC 2025 Reg H (Bo3)
|rated|
|rule|Species Clause: Limit one of each Pokémon
|rule|Item Clause: Limit 1 of each item
|clearpoke
|poke|p1|Rillaboom, L50, M|
|poke|p1|Gholdengo, L50|
|poke|p1|Milotic, L50, F|
|poke|p1|Garchomp, L50, M|
|poke|p1|Volcarona, L50, F|
|poke|p1|Annihilape, L50, M|
|poke|p2|Incineroar, L50, M|
|poke|p2|Porygon2, L50|
|poke|p2|Amoonguss, L50, F|
|poke|p2|Hydreigon, L50, M|
|poke|p2|Ursaluna, L50, M|
|poke|p2|Gholdengo, L50|
|teampreview|4
|showteam|p1|Rillaboom||AssaultVest|GrassySurge|FakeOut,WoodHammer,GrassyGlide,HighHorsepower|||M|||50|,,,,,Fire]Gholdengo||LifeOrb|GoodasGold|NastyPlot,MakeItRain,ShadowBall,Protect||||||50|,,,,,Water]Milotic||FlameOrb|MarvelScale|IcyWind,Scald,Haze,Recover|||F|||50|,,,,,Dragon]Garchomp||ChoiceScarf|RoughSkin|DragonClaw,StompingTantrum,Earthquake,RockSlide|||M|||50|,,,,,Fairy]Volcarona||CovertCloak|FlameBody|QuiverDance,HeatWave,GigaDrain,Protect|||F|||50|,,,,,Grass]Annihilape||Leftovers|Defiant|BulkUp,DrainPunch,RageFist,Protect|||M|||50|,,,,,Fire
|showteam|p2|Incineroar||AssaultVest|Intimidate|FakeOut,Uturn,FlareBlitz,KnockOff|||M|||50|,,,,,Ghost]Porygon2||Eviolite|Download|TeraBlast,IceBeam,Recover,TrickRoom||||||50|,,,,,Fighting]Amoonguss||RockyHelmet|Regenerator|Spore,ClearSmog,RagePowder,PollenPuff|||F|||50|,,,,,Water]Hydreigon||SafetyGoggles|Levitate|Tailwind,Snarl,Protect,DracoMeteor|||M|||50|,,,,,Ghost]Ursaluna||FlameOrb|Guts|Protect,HeadlongRush,Earthquake,Facade|||M|||50|,,,,,Ghost]Gholdengo||LifeOrb|GoodasGold|Protect,NastyPlot,MakeItRain,ShadowBall||||||50|,,,,,Water
|
|t:|1756793062
|teamsize|p1|4
|teamsize|p2|4
|start
|switch|p1a: Midas|Gholdengo, L50|100/100
|switch|p1b: Annihilape|Annihilape, L50, M, shiny|100/100
|switch|p2a: Amoonguss|Amoonguss, L50, F, shiny|100/100
|switch|p2b: Porygon2|Porygon2, L50|100/100
|-ability|p2b: Porygon2|Download|boost
|-boost|p2b: Porygon2|spa|1
|turn|1
|
|t:|1756793084
|move|p2a: Amoonguss|Rage Powder|p2a: Amoonguss
|-singleturn|p2a: Amoonguss|move: Rage Powder
|move|p1b: Annihilape|Bulk Up|p1b: Annihilape
|-boost|p1b: Annihilape|atk|1
|-boost|p1b: Annihilape|def|1
|move|p1a: Midas|Nasty Plot|p1a: Midas
|-boost|p1a: Midas|spa|2
|move|p2b: Porygon2|Trick Room|p2b: Porygon2
|-fieldstart|move: Trick Room|[of] p2b: Porygon2
|
|upkeep
|turn|2
|
|t:|1756793098
|switch|p2b: Incineroar|Incineroar, L50, M, shiny|100/100
|-ability|p2b: Incineroar|Intimidate|boost
|-unboost|p1a: Midas|atk|1
|-unboost|p1b: Annihilape|atk|1
|-ability|p1b: Annihilape|Defiant|boost
|-boost|p1b: Annihilape|atk|2
|move|p1b: Annihilape|Protect|p1b: Annihilape
|-singleturn|p1b: Annihilape|Protect
|move|p2a: Amoonguss|Clear Smog|p1b: Annihilape
|-activate|p1b: Annihilape|move: Protect
|move|p1a: Midas|Shadow Ball|p2a: Amoonguss
|-damage|p2a: Amoonguss|6/100
|-damage|p1a: Midas|91/100|[from] item: Life Orb
|
|upkeep
|turn|3
|
|t:|1756793138
|-terastallize|p1b: Annihilape|Fire
|move|p2a: Amoonguss|Clear Smog|p1b: Annihilape
|-damage|p1b: Annihilape|85/100
|-clearboost|p1b: Annihilape
|move|p2b: Incineroar|Flare Blitz|p1b: Annihilape
|-resisted|p1b: Annihilape
|-damage|p1b: Annihilape|63/100
|-damage|p2b: Incineroar|93/100|[from] Recoil
|move|p1a: Midas|Make It Rain|p2b: Incineroar|[spread] p2a,p2b
|-resisted|p2b: Incineroar
|-damage|p2a: Amoonguss|0 fnt
|-damage|p2b: Incineroar|59/100
|-unboost|p1a: Midas|spa|1
|faint|p2a: Amoonguss
|-damage|p1a: Midas|81/100|[from] item: Life Orb
|move|p1b: Annihilape|Drain Punch|p2b: Incineroar
|-supereffective|p2b: Incineroar
|-damage|p2b: Incineroar|0 fnt
|-heal|p1b: Annihilape|90/100|[from] drain|[of] p2b: Incineroar
|faint|p2b: Incineroar
|
|-heal|p1b: Annihilape|96/100|[from] item: Leftovers
|upkeep
|
|t:|1756793145
|switch|p2a: Ursaluna|Ursaluna, L50, M|100/100
|switch|p2b: Porygon2|Porygon2, L50|100/100
|-ability|p2b: Porygon2|Download|boost
|-boost|p2b: Porygon2|spa|1
|turn|4
|
|t:|1756793152
|switch|p1b: Calypso|Milotic, L50, F, shiny|100/100
|move|p1a: Midas|Protect|p1a: Midas
|-singleturn|p1a: Midas|Protect
|move|p2b: Porygon2|Ice Beam|p1b: Calypso
|-resisted|p1b: Calypso
|-damage|p1b: Calypso|85/100
|move|p2a: Ursaluna|Earthquake|p1b: Calypso|[spread] p2b,p1b
|-activate|p1a: Midas|move: Protect
|-damage|p2b: Porygon2|73/100
|-damage|p1b: Calypso|46/100
|
|-status|p2a: Ursaluna|brn|[from] item: Flame Orb
|-status|p1b: Calypso|brn|[from] item: Flame Orb
|upkeep
|turn|5
|
|t:|1756793172
|switch|p1a: Koba|Rillaboom, L50, M, shiny|100/100
|-fieldstart|move: Grassy Terrain|[from] ability: Grassy Surge|[of] p1a: Koba
|-terastallize|p2a: Ursaluna|Ghost
|move|p2b: Porygon2|Recover|p2b: Porygon2
|-heal|p2b: Porygon2|100/100
|move|p2a: Ursaluna|Facade|p1b: Calypso
|-damage|p1b: Calypso|0 fnt
|faint|p1b: Calypso
|
|-damage|p2a: Ursaluna|95/100 brn|[from] brn
|-fieldend|move: Trick Room
|upkeep
|
|t:|1756793175
|switch|p1b: Midas|Gholdengo, L50|81/100
|turn|6
|
|t:|1756793187
|move|p2a: Ursaluna|Protect|p2a: Ursaluna
|-singleturn|p2a: Ursaluna|Protect
|move|p1a: Koba|Fake Out|p2b: Porygon2
|-damage|p2b: Porygon2|91/100
|move|p1b: Midas|Shadow Ball|p2a: Ursaluna
|-activate|p2a: Ursaluna|move: Protect
|cant|p2b: Porygon2|flinch
|
|-heal|p1b: Midas|87/100|[from] Grassy Terrain
|-heal|p2a: Ursaluna|100/100 brn|[from] Grassy Terrain
|-heal|p2b: Porygon2|97/100|[from] Grassy Terrain
|-damage|p2a: Ursaluna|95/100 brn|[from] brn
|upkeep
|turn|7
|
|t:|1756793194
|move|p2a: Ursaluna|Protect|p2a: Ursaluna
|-singleturn|p2a: Ursaluna|Protect
|move|p1b: Midas|Shadow Ball|p2a: Ursaluna
|-activate|p2a: Ursaluna|move: Protect
|move|p1a: Koba|Wood Hammer|p2a: Ursaluna
|-activate|p2a: Ursaluna|move: Protect
|move|p2b: Porygon2|Trick Room|p2b: Porygon2
|-fieldstart|move: Trick Room|[of] p2b: Porygon2
|
|-heal|p2b: Porygon2|100/100|[from] Grassy Terrain
|-heal|p2a: Ursaluna|100/100 brn|[from] Grassy Terrain
|-heal|p1b: Midas|93/100|[from] Grassy Terrain
|-damage|p2a: Ursaluna|95/100 brn|[from] brn
|upkeep
|turn|8
|
|t:|1756793209
|switch|p1a: Annihilape|Annihilape, L50, M, shiny, tera:Fire|96/100
|move|p1b: Midas|Protect|p1b: Midas
|-singleturn|p1b: Midas|Protect
|move|p2b: Porygon2|Ice Beam|p1a: Annihilape
|-resisted|p1a: Annihilape
|-damage|p1a: Annihilape|78/100
|move|p2a: Ursaluna|Headlong Rush|p1b: Midas
|-activate|p1b: Midas|move: Protect
|
|-heal|p2a: Ursaluna|100/100 brn|[from] Grassy Terrain
|-heal|p1b: Midas|99/100|[from] Grassy Terrain
|-heal|p1a: Annihilape|84/100|[from] Grassy Terrain
|-heal|p1a: Annihilape|90/100|[from] item: Leftovers
|-damage|p2a: Ursaluna|95/100 brn|[from] brn
|upkeep
|turn|9
|
|t:|1756793224
|switch|p1b: Koba|Rillaboom, L50, M, shiny|100/100
|move|p2b: Porygon2|Ice Beam|p1a: Annihilape
|-resisted|p1a: Annihilape
|-damage|p1a: Annihilape|68/100
|-status|p1a: Annihilape|frz
|move|p2a: Ursaluna|Earthquake|p1a: Annihilape|[spread] p2b,p1a,p1b
|-supereffective|p1a: Annihilape
|-resisted|p1b: Koba
|-damage|p2b: Porygon2|80/100
|-damage|p1a: Annihilape|11/100 frz
|-damage|p1b: Koba|84/100
|cant|p1a: Annihilape|frz
|
|-heal|p2b: Porygon2|86/100|[from] Grassy Terrain
|-heal|p2a: Ursaluna|100/100 brn|[from] Grassy Terrain
|-heal|p1b: Koba|90/100|[from] Grassy Terrain
|-heal|p1a: Annihilape|17/100 frz|[from] Grassy Terrain
|-heal|p1a: Annihilape|23/100 frz|[from] item: Leftovers
|-damage|p2a: Ursaluna|95/100 brn|[from] brn
|-fieldend|move: Grassy Terrain
|upkeep
|turn|10
|
|t:|1756793247
|cant|p1a: Annihilape|frz
|move|p2b: Porygon2|Tera Blast|p1a: Annihilape
|-damage|p1a: Annihilape|0 fnt
|faint|p1a: Annihilape
|move|p2a: Ursaluna|Facade|p1b: Koba
|-damage|p1b: Koba|0 fnt
|faint|p1b: Koba
|
|-damage|p2a: Ursaluna|89/100 brn|[from] brn
|upkeep
|
|t:|1756793250
|switch|p1b: Midas|Gholdengo, L50|99/100
|turn|11
|
|t:|1756793258
|move|p2b: Porygon2|Recover|p2b: Porygon2
|-heal|p2b: Porygon2|100/100
|move|p2a: Ursaluna|Headlong Rush|p1b: Midas
|-supereffective|p1b: Midas
|-damage|p1b: Midas|0 fnt
|-unboost|p2a: Ursaluna|def|1
|-unboost|p2a: Ursaluna|spd|1
|faint|p1b: Midas
|
|win|ddx9000
||Luckstat10 is ready for game 3.
||ddx9000 is ready for game 3.
|uhtml|next|Next: Game 3 of 3
