|j|☆borntobethegoat
|j|☆SuprEpcGuy
|html|borntobethegoatSuprEpcGuy    
|uhtml|bestof|Game 2 of a best-of-3
|t:|1784995860
|gametype|doubles
|player|p1|borntobethegoat|caitlin|1293
|player|p2|SuprEpcGuy|shauntal|1193
|gen|9
|tier|[Gen 9 Champions] VGC 2026 Reg M-B (Bo3)
|rated|
|rule|Species Clause: Limit one of each Pokémon
|rule|Item Clause: Limit 1 of each item
|clearpoke
|poke|p1|Sneasler, L50, M|
|poke|p1|Blastoise, L50, M|
|poke|p1|Kingambit, L50, M|
|poke|p1|Incineroar, L50, M|
|poke|p1|Delphox, L50, F|
|poke|p1|Sinistcha, L50|
|poke|p2|Zoroark-Hisui, L50, F|
|poke|p2|Torkoal, L50, F|
|poke|p2|Farigiraf, L50, F|
|poke|p2|Floette-Eternal, L50, F|
|poke|p2|Aerodactyl, L50, M|
|poke|p2|Incineroar, L50, M|
|teampreview|4
|showteam|p1|Sneasler||FocusSash|PoisonTouch|PoisonJab,CloseCombat,FakeOut,QuickGuard|Jolly||M|||50|]Blastoise||Blastoisinite|RainDish|DarkPulse,WaterSpout,ShellSmash,Protect|Modest||M|||50|]Kingambit||BlackGlasses|Defiant|KowtowCleave,SuckerPunch,SwordsDance,Protect|Adamant||M|||50|]Incineroar||SitrusBerry|Intimidate|FlareBlitz,HelpingHand,PartingShot,FakeOut|Careful||M|||50|]Delphox||Delphoxite|Blaze|HeatWave,NastyPlot,Psyshock,Protect|Modest||F|||50|]Sinistcha||KasibBerry|Hospitality|MatchaGotcha,RagePowder,TrickRoom,Protect|Bold|||||50|
|showteam|p2|Zoroark-Hisui||ChoiceScarf|Illusion|IcyWind,BitterMalice,HyperVoice,Taunt|Timid||F|||50|]Torkoal||Charcoal|Drought|Eruption,WeatherBall,EarthPower,Protect|Quiet||F|||50|]Farigiraf||ColburBerry|ArmorTail|Psychic,Thunderbolt,TrickRoom,HelpingHand|Quiet||F|||50|]Floette-Eternal||Floettite|FlowerVeil|Moonblast,DazzlingGleam,LightofRuin,Protect|Timid||F|||50|]Aerodactyl||FocusSash|Unnerve|RockSlide,DualWingbeat,Tailwind,Protect|Jolly||M|||50|]Incineroar||LifeOrb|Intimidate|FakeOut,DarkestLariat,FlareBlitz,PartingShot|Adamant||M|||50|
|inactive|Battle timer is ON: inactive players will automatically lose when time's up. (requested by SuprEpcGuy)
|inactive|borntobethegoat has 60 seconds left.
|inactive|borntobethegoat has 30 seconds left.
|inactive|borntobethegoat has 20 seconds left.
|inactive|borntobethegoat has 15 seconds left.
|inactive|borntobethegoat has 10 seconds left.
|inactive|borntobethegoat has 5 seconds left.
|
|t:|1784995951
|teamsize|p1|4
|teamsize|p2|4
|start
|switch|p1a: Sneasler|Sneasler, L50, M|100/100
|switch|p1b: Blastoise|Blastoise, L50, M|100/100
|switch|p2a: Racecar|Farigiraf, L50, F|100/100
|switch|p2b: Floette|Floette-Eternal, L50, F|100/100
|turn|1
|inactive|SuprEpcGuy has 30 seconds left.
|
|t:|1784995981
|detailschange|p2b: Floette|Floette-Mega, L50, F
|-mega|p2b: Floette|Floette|Floettite
|-ability|p2b: Floette|Fairy Aura
|detailschange|p1b: Blastoise|Blastoise-Mega, L50, M
|-mega|p1b: Blastoise|Blastoise|Blastoisinite
|move|p2a: Racecar|Helping Hand|p2b: Floette
|-singleturn|p2b: Floette|Helping Hand|[of] p2a: Racecar
|move|p1a: Sneasler|Poison Jab|p2b: Floette
|-supereffective|p2b: Floette|1
|-damage|p2b: Floette|0 fnt
|faint|p2b: Floette
|move|p1b: Blastoise|Water Spout|p2a: Racecar
|-damage|p2a: Racecar|32/100
|
|upkeep
|inactive|SuprEpcGuy has 30 seconds left.
|
|t:|1784996015
|switch|p2b: Big Purr|Incineroar, L50, M|100/100
|-ability|p2b: Big Purr|Intimidate|boost
|-unboost|p1a: Sneasler|atk|1
|-unboost|p1b: Blastoise|atk|1
|turn|2
|inactive|SuprEpcGuy has 30 seconds left.
|
|t:|1784996042
|move|p2b: Big Purr|Fake Out|p1b: Blastoise
|-damage|p1b: Blastoise|82/100
|-damage|p2b: Big Purr|90/100|[from] item: Life Orb
|move|p1a: Sneasler|Close Combat|p2a: Racecar
|-damage|p2a: Racecar|0 fnt
|-unboost|p1a: Sneasler|def|1
|-unboost|p1a: Sneasler|spd|1
|faint|p2a: Racecar
|cant|p1b: Blastoise|flinch
|
|upkeep
|
|t:|1784996050
|switch|p2a: Steve|Aerodactyl, L50, M|100/100
|-ability|p2a: Steve|Unnerve
|turn|3
|
|t:|1784996062
|switch|p1a: Incineroar|Incineroar, L50, M|100/100
|-ability|p1a: Incineroar|Intimidate|boost
|-unboost|p2a: Steve|atk|1
|-unboost|p2b: Big Purr|atk|1
|move|p2a: Steve|Protect|p2a: Steve
|-singleturn|p2a: Steve|Protect
|move|p1b: Blastoise|Protect|p1b: Blastoise
|-singleturn|p1b: Blastoise|Protect
|move|p2b: Big Purr|Flare Blitz|p1a: Incineroar
|-resisted|p1a: Incineroar|1
|-crit|p1a: Incineroar
|-damage|p1a: Incineroar|39/100
|-damage|p2b: Big Purr|70/100|[from] Recoil
|-damage|p2b: Big Purr|60/100|[from] item: Life Orb
|
|upkeep
|turn|4
|inactive|SuprEpcGuy has 30 seconds left.
|
|t:|1784996094
|move|p2a: Steve|Protect|p2a: Steve
|-singleturn|p2a: Steve|Protect
|move|p1a: Incineroar|Fake Out|p2a: Steve
|-activate|p2a: Steve|move: Protect
|move|p1b: Blastoise|Water Spout|p2a: Steve|[spread] p2b
|-activate|p2a: Steve|move: Protect
|-supereffective|p2b: Big Purr|1
|-damage|p2b: Big Purr|0 fnt
|faint|p2b: Big Purr
|
|upkeep
|turn|5
|
|t:|1784996104
|switch|p1a: Sneasler|Sneasler, L50, M|100/100
|move|p1b: Blastoise|Protect|p1b: Blastoise
|-singleturn|p1b: Blastoise|Protect
|move|p2a: Steve|Rock Slide|p1b: Blastoise|[spread] p1a
|-activate|p1b: Blastoise|move: Protect
|-resisted|p1a: Sneasler|1
|-damage|p1a: Sneasler|86/100
|
|upkeep
|turn|6
|
|t:|1784996115
|move|p2a: Steve|Protect|p2a: Steve
|-singleturn|p2a: Steve|Protect
|move|p1a: Sneasler|Fake Out|p2a: Steve
|-activate|p2a: Steve|move: Protect
|move|p1b: Blastoise|Shell Smash|p1b: Blastoise
|-unboost|p1b: Blastoise|def|1
|-unboost|p1b: Blastoise|spd|1
|-boost|p1b: Blastoise|atk|2
|-boost|p1b: Blastoise|spa|2
|-boost|p1b: Blastoise|spe|2
|
|upkeep
|turn|7
|
|t:|1784996120
|move|p1a: Sneasler|Quick Guard|p1a: Sneasler
|-singleturn|p1a: Sneasler|Quick Guard
|move|p1b: Blastoise|Water Spout|p2a: Steve
|-supereffective|p2a: Steve|1
|-enditem|p2a: Steve|Focus Sash
|-damage|p2a: Steve|1/100
|move|p2a: Steve|Rock Slide|p1b: Blastoise|[spread] p1a,p1b
|-resisted|p1a: Sneasler|1
|-damage|p1a: Sneasler|71/100
|-damage|p1b: Blastoise|57/100
|
|upkeep
|turn|8
|
|t:|1784996135
|move|p1b: Blastoise|Water Spout|p2a: Steve
|-supereffective|p2a: Steve|1
|-damage|p2a: Steve|0 fnt
|faint|p2a: Steve
|
|win|borntobethegoat
