|j|☆melon7744
|j|☆Eggy’sDad
|html|melon7744Eggy’sDad    
|uhtml|bestof|Game 3 of a best-of-3
|t:|1785592964
|gametype|doubles
|player|p1|melon7744|rosa|
|player|p2|Eggy’sDad|1|
|gen|9
|tier|[Gen 9 Champions] VGC 2026 Reg M-B (Bo3)
|rule|Species Clause: Limit one of each Pokémon
|rule|Item Clause: Limit 1 of each item
|clearpoke
|poke|p1|Staraptor, L50, F|
|poke|p1|Raichu, L50, M|
|poke|p1|Arcanine-Hisui, L50, M|
|poke|p1|Kingambit, L50, F|
|poke|p1|Sylveon, L50, M|
|poke|p1|Farigiraf, L50, M|
|poke|p2|Pyroar, L50, M|
|poke|p2|Aerodactyl, L50, M|
|poke|p2|Torkoal, L50, F|
|poke|p2|Venusaur, L50, M|
|poke|p2|Farigiraf, L50, M|
|poke|p2|Sylveon, L50, M|
|teampreview|4
|showteam|p1|Staraptor||Staraptite|Intimidate|BraveBird,CloseCombat,Tailwind,Protect|Jolly||F|||50|]Raichu||RaichuniteY|LightningRod|ZapCannon,FocusBlast,FakeOut,Protect|Timid||M|||50|]Arcanine-Hisui||FocusSash|RockHead|FlareBlitz,HeadSmash,ExtremeSpeed,Protect|Jolly||M|||50|]Kingambit||LifeOrb|Defiant|KowtowCleave,SuckerPunch,SwordsDance,Protect|Adamant||F|||50|]Sylveon||FairyFeather|Pixilate|HyperVoice,HyperBeam,QuickAttack,Detect|Modest||M|||50|]Farigiraf||SitrusBerry|ArmorTail|Psychic,HelpingHand,TrickRoom,Protect|Calm||M|||50|
|showteam|p2|Pyroar||Pyroarite|Unnerve|HeatWave,Overheat,SunnyDay,Protect|Modest||M|||50|]Aerodactyl||Aerodactylite|Unnerve|RockSlide,IceFang,Tailwind,Protect|Jolly||M|||50|]Torkoal||Charcoal|Drought|Eruption,WeatherBall,HelpingHand,Protect|Quiet||F|||50|]Venusaur||LifeOrb|Chlorophyll|LeafStorm,SludgeBomb,EarthPower,SleepPowder|Modest||M|||50|]Farigiraf||SitrusBerry|ArmorTail|Psychic,Thunderbolt,TrickRoom,Protect|Quiet||M|||50|]Sylveon||FairyFeather|Pixilate|HyperVoice,QuickAttack,HyperBeam,Detect|Modest||M|||50|
|
|t:|1785593014
|teamsize|p1|4
|teamsize|p2|4
|start
|switch|p1a: Raichu|Raichu, L50, M|100/100
|switch|p1b: Arcanine|Arcanine-Hisui, L50, M|100/100
|switch|p2a: Aerodactyl|Aerodactyl, L50, M|100/100
|switch|p2b: Venusaur|Venusaur, L50, M|100/100
|-ability|p2a: Aerodactyl|Unnerve
|turn|1
|
|t:|1785593099
|switch|p2b: Torkoal|Torkoal, L50, F|100/100
|-weather|SunnyDay|[from] ability: Drought|[of] p2b: Torkoal
|detailschange|p1a: Raichu|Raichu-Mega-Y, L50, M
|-mega|p1a: Raichu|Raichu|Raichunite Y
|move|p1a: Raichu|Fake Out|p2b: Torkoal
|-damage|p2b: Torkoal|93/100
|move|p2a: Aerodactyl|Tailwind|p2a: Aerodactyl
|-sidestart|p2: Eggy’sDad|move: Tailwind
|move|p1b: Arcanine|Flare Blitz|p2b: Torkoal
|-resisted|p2b: Torkoal|1
|-damage|p2b: Torkoal|59/100
|
|-weather|SunnyDay|[upkeep]
|upkeep
|turn|2
|
|t:|1785593132
|move|p2b: Torkoal|Helping Hand|p2a: Aerodactyl
|-singleturn|p2a: Aerodactyl|Helping Hand|[of] p2b: Torkoal
|move|p2a: Aerodactyl|Rock Slide|p1b: Arcanine|[spread] p1a,p1b
|-crit|p1a: Raichu
|-supereffective|p1b: Arcanine|1
|-damage|p1a: Raichu|33/100
|-damage|p1b: Arcanine|21/100
|cant|p1a: Raichu|flinch
|move|p1b: Arcanine|Head Smash|p2b: Torkoal
|-supereffective|p2b: Torkoal|1
|-damage|p2b: Torkoal|0 fnt
|faint|p2b: Torkoal
|
|-weather|SunnyDay|[upkeep]
|upkeep
|
|t:|1785593140
|switch|p2b: Venusaur|Venusaur, L50, M|100/100
|turn|3
|
|t:|1785593177
|move|p1a: Raichu|Protect|p1a: Raichu
|-singleturn|p1a: Raichu|Protect
|move|p1b: Arcanine|Protect|p1b: Arcanine
|-singleturn|p1b: Arcanine|Protect
|move|p2b: Venusaur|Sleep Powder|p1b: Arcanine
|-activate|p1b: Arcanine|move: Protect
|move|p2a: Aerodactyl|Rock Slide|p1a: Raichu|[spread] 
|-activate|p1a: Raichu|move: Protect
|-activate|p1b: Arcanine|move: Protect
|
|-weather|SunnyDay|[upkeep]
|upkeep
|turn|4
|
|t:|1785593192
|switch|p1a: Kingambit|Kingambit, L50, F|100/100
|move|p1b: Arcanine|Extreme Speed|p2b: Venusaur
|-damage|p2b: Venusaur|62/100
|move|p2b: Venusaur|Sleep Powder|p1a: Kingambit|[miss]
|-miss|p2b: Venusaur|p1a: Kingambit
|move|p2a: Aerodactyl|Rock Slide|p1b: Arcanine|[spread] p1a
|-miss|p2a: Aerodactyl|p1b: Arcanine
|-resisted|p1a: Kingambit|1
|-damage|p1a: Kingambit|90/100
|
|-weather|SunnyDay|[upkeep]
|-sideend|p2: Eggy’sDad|move: Tailwind
|upkeep
|turn|5
|
|t:|1785593246
|detailschange|p2a: Aerodactyl|Aerodactyl-Mega, L50, M
|-mega|p2a: Aerodactyl|Aerodactyl|Aerodactylite
|move|p2b: Venusaur|Sleep Powder|p1a: Kingambit|[miss]
|-miss|p2b: Venusaur|p1a: Kingambit
|move|p2a: Aerodactyl|Tailwind|p2a: Aerodactyl
|-sidestart|p2: Eggy’sDad|move: Tailwind
|move|p1b: Arcanine|Head Smash|p2a: Aerodactyl
|-supereffective|p2a: Aerodactyl|1
|-damage|p2a: Aerodactyl|0 fnt
|faint|p2a: Aerodactyl
|move|p1a: Kingambit|Kowtow Cleave|p2b: Venusaur
|-damage|p2b: Venusaur|0 fnt
|faint|p2b: Venusaur
|-damage|p1a: Kingambit|80/100|[from] item: Life Orb
|
|-weather|none
|upkeep
|
|t:|1785593262
|switch|p2b: Pyroar|Pyroar, L50, M|100/100
|-ability|p2b: Pyroar|Unnerve
|turn|6
|
|t:|1785593271
|move|p1b: Arcanine|Extreme Speed|p2b: Pyroar
|-damage|p2b: Pyroar|64/100
|move|p1a: Kingambit|Sucker Punch|p2b: Pyroar
|-damage|p2b: Pyroar|0 fnt
|faint|p2b: Pyroar
|-damage|p1a: Kingambit|71/100|[from] item: Life Orb
|
|win|melon7744
|l|☆melon7744
|player|p1|
|j|☆melon7744
|player|p1|melon7744|rosa|
|l|☆Eggy’sDad
|player|p2|
|j|☆Eggy’sDad
|player|p2|Eggy’sDad|1|
