|j|‽DarkSoul8000
|j|☆ariel.mr_
|html|DarkSoul8000ariel.mr_    
|uhtml|bestof|Game 2 of a best-of-3
|t:|1784444763
|gametype|doubles
|player|p1|DarkSoul8000|266|1226
|player|p2|ariel.mr_|hilbert|1256
|gen|9
|tier|[Gen 9 Champions] VGC 2026 Reg M-B (Bo3)
|rated|
|rule|Species Clause: Limit one of each Pokémon
|rule|Item Clause: Limit 1 of each item
|clearpoke
|poke|p1|Charizard, L50, M|
|poke|p1|Garchomp, L50, M|
|poke|p1|Sylveon, L50, M|
|poke|p1|Incineroar, L50, M|
|poke|p1|Kingambit, L50, M|
|poke|p1|Aerodactyl, L50, F|
|poke|p2|Charizard, L50, M, shiny|
|poke|p2|Kingambit, L50, M|
|poke|p2|Sylveon, L50, M|
|poke|p2|Garchomp, L50, F|
|poke|p2|Aerodactyl, L50, M|
|poke|p2|Farigiraf, L50, M|
|teampreview|4
|showteam|p1|Charizard||CharizarditeY|Blaze|HeatWave,WeatherBall,SolarBeam,Protect|Modest||M|||50|]Garchomp||LifeOrb|RoughSkin|Earthquake,DragonClaw,StompingTantrum,Protect|Jolly||M|||50|]Sylveon||FairyFeather|Pixilate|HyperVoice,HyperBeam,QuickAttack,Detect|Modest||M|||50|]Incineroar||SitrusBerry|Intimidate|FakeOut,PartingShot,FlareBlitz,DarkestLariat|Impish||M|||50|]Kingambit||FocusSash|Defiant|KowtowCleave,SuckerPunch,IronHead,Protect|Adamant||M|||50|]Aerodactyl||Aerodactylite|Unnerve|RockSlide,IceFang,Tailwind,WideGuard|Jolly||F|||50|
|showteam|p2|Charizard||CharizarditeY|SolarPower|Protect,HeatWave,SolarBeam,WeatherBall|Modest||M|||50|]Kingambit||FocusSash|Defiant|IronHead,SuckerPunch,KowtowCleave,LowKick|Adamant||M|||50|]Sylveon||FairyFeather|Pixilate|Protect,HyperVoice,HyperBeam,QuickAttack|Modest||M|||50|]Garchomp||LifeOrb|RoughSkin|Protect,DragonClaw,Earthquake,RockSlide|Jolly||F|||50|]Aerodactyl||Aerodactylite|Unnerve|IceFang,RockSlide,Tailwind,DualWingbeat|Jolly||M|||50|]Farigiraf||SitrusBerry|ArmorTail|TrickRoom,Psychic,Thunderbolt,Roar|Bold||M|||50|
|inactive|Battle timer is ON: inactive players will automatically lose when time's up. (requested by ariel.mr_)
|
|t:|1784444792
|teamsize|p1|4
|teamsize|p2|4
|start
|switch|p1a: Incineroar|Incineroar, L50, M|100/100
|switch|p1b: Charizard|Charizard, L50, M|100/100
|switch|p2a: Kingambit|Kingambit, L50, M|100/100
|switch|p2b: Aerodactyl|Aerodactyl, L50, M|100/100
|-ability|p2b: Aerodactyl|Unnerve
|-ability|p1a: Incineroar|Intimidate|boost
|-unboost|p2a: Kingambit|atk|1
|-ability|p2a: Kingambit|Defiant|boost
|-boost|p2a: Kingambit|atk|2
|-unboost|p2b: Aerodactyl|atk|1
|turn|1
|inactive|DarkSoul8000 has 30 seconds left.
|inactive|ariel.mr_ has 30 seconds left.
|inactive|DarkSoul8000 has 20 seconds left.
|
|t:|1784444832
|switch|p2a: Farigiraf|Farigiraf, L50, M|100/100
|detailschange|p2b: Aerodactyl|Aerodactyl-Mega, L50, M
|-mega|p2b: Aerodactyl|Aerodactyl|Aerodactylite
|detailschange|p1b: Charizard|Charizard-Mega-Y, L50, M
|-mega|p1b: Charizard|Charizard|Charizardite Y
|-weather|SunnyDay|[from] ability: Drought|[of] p1b: Charizard
|move|p1a: Incineroar|Fake Out||[still]
|cant|p2a: Farigiraf|ability: Armor Tail|Fake Out|[of] p1a: Incineroar
|move|p2b: Aerodactyl|Rock Slide|p1b: Charizard|[spread] p1b
|-miss|p2b: Aerodactyl|p1a: Incineroar
|-supereffective|p1b: Charizard|2
|-damage|p1b: Charizard|25/100
|move|p1b: Charizard|Heat Wave|p2b: Aerodactyl|[spread] p2a,p2b
|-resisted|p2b: Aerodactyl|1
|-damage|p2a: Farigiraf|38/100
|-damage|p2b: Aerodactyl|64/100
|-enditem|p2a: Farigiraf|Sitrus Berry|[eat]
|-heal|p2a: Farigiraf|63/100|[from] item: Sitrus Berry
|
|-weather|SunnyDay|[upkeep]
|upkeep
|turn|2
|inactive|DarkSoul8000 has 30 seconds left.
|inactive|ariel.mr_ has 30 seconds left.
|
|t:|1784444866
|switch|p1b: Sylveon|Sylveon, L50, M|100/100
|move|p2b: Aerodactyl|Rock Slide|p1b: Sylveon|[spread] p1a,p1b
|-supereffective|p1a: Incineroar|1
|-damage|p1a: Incineroar|75/100
|-damage|p1b: Sylveon|77/100
|move|p2a: Farigiraf|Thunderbolt|p1b: Sylveon
|-damage|p1b: Sylveon|59/100
|move|p1a: Incineroar|Parting Shot|p2b: Aerodactyl
|-unboost|p2b: Aerodactyl|atk|1
|-unboost|p2b: Aerodactyl|spa|1
|
|t:|1784444882
|switch|p1a: Garchomp|Garchomp, L50, M|100/100|[from] Parting Shot
|
|-weather|SunnyDay|[upkeep]
|upkeep
|turn|3
|inactive|ariel.mr_ has 30 seconds left.
|inactive|DarkSoul8000 has 30 seconds left.
|
|t:|1784444920
|switch|p2b: Sylveon|Sylveon, L50, M|100/100
|switch|p1a: Incineroar|Incineroar, L50, M|75/100
|-ability|p1a: Incineroar|Intimidate|boost
|-unboost|p2a: Farigiraf|atk|1
|-unboost|p2b: Sylveon|atk|1
|move|p1b: Sylveon|Hyper Voice|p2b: Sylveon|[spread] p2a,p2b
|-damage|p2a: Farigiraf|22/100
|-damage|p2b: Sylveon|62/100
|move|p2a: Farigiraf|Thunderbolt|p1b: Sylveon
|-damage|p1b: Sylveon|43/100
|
|-weather|SunnyDay|[upkeep]
|upkeep
|turn|4
|inactive|ariel.mr_ has 30 seconds left.
|
|t:|1784444955
|move|p1b: Sylveon|Hyper Voice|p2a: Farigiraf|[spread] p2a,p2b
|-damage|p2a: Farigiraf|0 fnt
|-damage|p2b: Sylveon|23/100
|faint|p2a: Farigiraf
|move|p2b: Sylveon|Hyper Beam|p1a: Incineroar
|-damage|p1a: Incineroar|0 fnt
|-mustrecharge|p2b: Sylveon
|faint|p1a: Incineroar
|
|-weather|SunnyDay|[upkeep]
|upkeep
|
|t:|1784444967
|switch|p1a: Garchomp|Garchomp, L50, M|100/100
|switch|p2a: Kingambit|Kingambit, L50, M|100/100
|turn|5
|
|t:|1784444980
|move|p1b: Sylveon|Quick Attack|p2a: Kingambit
|-damage|p2a: Kingambit|88/100
|move|p1a: Garchomp|Stomping Tantrum|p2a: Kingambit
|-supereffective|p2a: Kingambit|1
|-damage|p2a: Kingambit|0 fnt
|faint|p2a: Kingambit
|-damage|p1a: Garchomp|90/100|[from] item: Life Orb
|cant|p2b: Sylveon|recharge
|
|-weather|none
|upkeep
|
|t:|1784444983
|switch|p2a: Aerodactyl|Aerodactyl-Mega, L50, M|64/100
|turn|6
|inactive|DarkSoul8000 has 30 seconds left.
|inactive|DarkSoul8000 has 20 seconds left.
|
|t:|1784445022
|move|p2a: Aerodactyl|Ice Fang|p1a: Garchomp
|-supereffective|p1a: Garchomp|2
|-damage|p1a: Garchomp|0 fnt
|-damage|p2a: Aerodactyl|52/100|[from] ability: Rough Skin|[of] p1a: Garchomp
|faint|p1a: Garchomp
|move|p1b: Sylveon|Hyper Voice|p2b: Sylveon|[spread] p2a,p2b
|-damage|p2a: Aerodactyl|0 fnt
|-damage|p2b: Sylveon|0 fnt
|faint|p2a: Aerodactyl
|faint|p2b: Sylveon
|
|win|DarkSoul8000
||ariel.mr_ is ready for game 3.
|inactive|DarkSoul8000 has 30 seconds to confirm battle start!
||DarkSoul8000 is ready for game 3.
|uhtml|next|Next: Game 3 of 3
|l|‽DarkSoul8000
|player|p1|
