|j|☆Yinzo
|j|‽Livnlarge27
|html|YinzoLivnlarge27    
|uhtml|bestof|Game 3 of a best-of-3
|t:|1755904092
|gametype|doubles
|player|p1|Yinzo|drayden|1340
|player|p2|Livnlarge27|steven|1410
|gen|9
|tier|[Gen 9] VGC 2025 Reg H (Bo3)
|rated|
|rule|Species Clause: Limit one of each Pokémon
|rule|Item Clause: Limit 1 of each item
|clearpoke
|poke|p1|Amoonguss, L50, M|
|poke|p1|Ursaluna, L50, M|
|poke|p1|Incineroar, L50, M|
|poke|p1|Bronzong, L50|
|poke|p1|Porygon2, L50|
|poke|p1|Torkoal, L50, M|
|poke|p2|Blastoise, L50, M|
|poke|p2|Sneasler, L50, F|
|poke|p2|Whimsicott, L50, F|
|poke|p2|Indeedee, L50, M|
|poke|p2|Baxcalibur, L50, F|
|poke|p2|Electivire, L50, M|
|teampreview|4
|showteam|p1|Amoonguss||SitrusBerry|Regenerator|PollenPuff,Spore,RagePowder,Protect|||M|||50|,,,,,Water]Ursaluna||FlameOrb|Guts|Facade,HeadlongRush,Earthquake,Protect|||M|||50|,,,,,Ghost]Incineroar||AssaultVest|Intimidate|FlareBlitz,KnockOff,Uturn,FakeOut|||M|||50|,,,,,Grass]Bronzong||SafetyGoggles|Levitate|IceSpinner,BodyPress,TrickRoom,SunnyDay||||||50|,,,,,Water]Porygon2||Eviolite|Download|TeraBlast,ShadowBall,Protect,TrickRoom||||||50|,,,,,Fighting]Torkoal||Charcoal|Drought|Eruption,WeatherBall,ClearSmog,Protect|||M|||50|,,,,,Ghost
|showteam|p2|Blastoise||MysticWater|Torrent|Protect,WaterSpout,WaterPledge,ShellSmash|||M|||50|,,,,,Water]Sneasler||PsychicSeed|Unburden|FakeOut,CloseCombat,DireClaw,ThroatChop|||F|||50|,,,,,Dark]Whimsicott||CovertCloak|Prankster|Tailwind,Moonblast,Encore,Taunt|||F|||50|,,,,,Dark]Indeedee||FocusSash|PsychicSurge|ExpandingForce,Imprison,TrickRoom,DazzlingGleam|||M|||50|,,,,,Fairy]Baxcalibur||LoadedDice|ThermalExchange|IcicleSpear,ScaleShot,HighHorsepower,Protect|||F|||50|,,,,,Fire]Electivire||SitrusBerry|VitalSpirit|IcePunch,FollowMe,WildCharge,LowKick|||M|||50|,,,,,Water
|inactive|Battle timer is ON: inactive players will automatically lose when time's up. (requested by Yinzo)
|
|t:|1755904117
|teamsize|p1|4
|teamsize|p2|4
|start
|switch|p1a: Bronzong|Bronzong, L50|100/100
|switch|p1b: Amoonguss|Amoonguss, L50, M|100/100
|switch|p2a: Whimsicott|Whimsicott, L50, F|100/100
|switch|p2b: Blastoise|Blastoise, L50, M|100/100
|turn|1
|inactive|Yinzo has 30 seconds left.
|
|t:|1755904145
|move|p2b: Blastoise|Protect|p2b: Blastoise
|-singleturn|p2b: Blastoise|Protect
|move|p2a: Whimsicott|Taunt|p1a: Bronzong
|-start|p1a: Bronzong|move: Taunt
|move|p1b: Amoonguss|Spore|p2b: Blastoise
|-activate|p2b: Blastoise|move: Protect
|cant|p1a: Bronzong|move: Taunt|Trick Room
|
|upkeep
|turn|2
|
|t:|1755904161
|move|p2a: Whimsicott|Taunt|p1b: Amoonguss
|-start|p1b: Amoonguss|move: Taunt
|move|p2b: Blastoise|Shell Smash|p2b: Blastoise
|-unboost|p2b: Blastoise|def|1
|-unboost|p2b: Blastoise|spd|1
|-boost|p2b: Blastoise|atk|2
|-boost|p2b: Blastoise|spa|2
|-boost|p2b: Blastoise|spe|2
|move|p1b: Amoonguss|Pollen Puff|p2b: Blastoise
|-damage|p2b: Blastoise|68/100
|move|p1a: Bronzong|Body Press|p2b: Blastoise
|-damage|p2b: Blastoise|28/100
|
|upkeep
|turn|3
|inactive|Yinzo has 30 seconds left.
|inactive|Livnlarge27 has 30 seconds left.
|inactive|Livnlarge27 has 20 seconds left.
|
|t:|1755904200
|-terastallize|p2b: Blastoise|Water
|-terastallize|p1a: Bronzong|Water
|move|p2a: Whimsicott|Encore|p1b: Amoonguss
|-start|p1b: Amoonguss|Encore
|move|p2b: Blastoise|Water Pledge|p1a: Bronzong
|-resisted|p1a: Bronzong
|-damage|p1a: Bronzong|34/100
|move|p1b: Amoonguss|Pollen Puff|p2b: Blastoise
|-damage|p2b: Blastoise|0 fnt
|faint|p2b: Blastoise
|move|p1a: Bronzong|Ice Spinner|p2a: Whimsicott
|-supereffective|p2a: Whimsicott
|-damage|p2a: Whimsicott|68/100
|
|-end|p1a: Bronzong|move: Taunt
|upkeep
|
|t:|1755904208
|switch|p2b: Baxcalibur|Baxcalibur, L50, F|100/100
|turn|4
|inactive|Yinzo has 30 seconds left.
|
|t:|1755904239
|switch|p1b: Incineroar|Incineroar, L50, M, shiny|100/100
|-ability|p1b: Incineroar|Intimidate|boost
|-unboost|p2a: Whimsicott|atk|1
|-unboost|p2b: Baxcalibur|atk|1
|move|p2a: Whimsicott|Encore|p1a: Bronzong
|-start|p1a: Bronzong|Encore
|move|p2b: Baxcalibur|High Horsepower|p1b: Incineroar
|-supereffective|p1b: Incineroar
|-damage|p1b: Incineroar|58/100
|move|p1a: Bronzong|Ice Spinner|p2b: Baxcalibur
|-damage|p2b: Baxcalibur|82/100
|
|upkeep
|turn|5
|
|t:|1755904260
|switch|p2a: Sneasler|Sneasler, L50, F|100/100
|move|p1b: Incineroar|Fake Out|p2b: Baxcalibur
|-damage|p2b: Baxcalibur|70/100
|cant|p2b: Baxcalibur|flinch
|move|p1a: Bronzong|Ice Spinner|p2a: Sneasler
|-damage|p2a: Sneasler|72/100
|
|upkeep
|turn|6
|inactive|Yinzo has 30 seconds left.
|inactive|Livnlarge27 has 30 seconds left.
|
|t:|1755904294
|switch|p1b: Amoonguss|Amoonguss, L50, M|100/100
|switch|p1a: Torkoal|Torkoal, L50, M|100/100
|-weather|SunnyDay|[from] ability: Drought|[of] p1a: Torkoal
|move|p2a: Sneasler|Close Combat|p1a: Torkoal
|-damage|p1a: Torkoal|46/100
|-unboost|p2a: Sneasler|def|1
|-unboost|p2a: Sneasler|spd|1
|move|p2b: Baxcalibur|Icicle Spear|p1b: Amoonguss
|-supereffective|p1b: Amoonguss
|-damage|p1b: Amoonguss|86/100
|-supereffective|p1b: Amoonguss
|-damage|p1b: Amoonguss|70/100
|-supereffective|p1b: Amoonguss
|-damage|p1b: Amoonguss|55/100
|-supereffective|p1b: Amoonguss
|-damage|p1b: Amoonguss|40/100
|-enditem|p1b: Amoonguss|Sitrus Berry|[eat]
|-heal|p1b: Amoonguss|65/100|[from] item: Sitrus Berry
|-hitcount|p1b: Amoonguss|4
|
|-weather|SunnyDay|[upkeep]
|upkeep
|turn|7
|inactive|Yinzo has 30 seconds left.
|inactive|Livnlarge27 has 30 seconds left.
|inactive|Livnlarge27 has 20 seconds left.
|
|t:|1755904329
|move|p1b: Amoonguss|Rage Powder|p1b: Amoonguss
|-singleturn|p1b: Amoonguss|move: Rage Powder
|move|p2a: Sneasler|Close Combat|p1b: Amoonguss
|-resisted|p1b: Amoonguss
|-damage|p1b: Amoonguss|37/100
|-unboost|p2a: Sneasler|def|1
|-unboost|p2a: Sneasler|spd|1
|move|p2b: Baxcalibur|Icicle Spear|p1b: Amoonguss
|-supereffective|p1b: Amoonguss
|-damage|p1b: Amoonguss|23/100
|-supereffective|p1b: Amoonguss
|-damage|p1b: Amoonguss|8/100
|-supereffective|p1b: Amoonguss
|-damage|p1b: Amoonguss|0 fnt
|faint|p1b: Amoonguss
|-hitcount|p1: Amoonguss|3
|move|p1a: Torkoal|Eruption|p2a: Sneasler|[spread] p2a,p2b
|-damage|p2a: Sneasler|0 fnt
|-damage|p2b: Baxcalibur|26/100
|-ability|p2b: Baxcalibur|Thermal Exchange|boost
|-boost|p2b: Baxcalibur|atk|1
|faint|p2a: Sneasler
|
|-weather|SunnyDay|[upkeep]
|upkeep
|inactive|Yinzo has 30 seconds left.
|inactive|Yinzo has 20 seconds left.
|inactive|Yinzo has 15 seconds left.
|
|t:|1755904373
|switch|p2a: Whimsicott|Whimsicott, L50, F|68/100
|switch|p1b: Incineroar|Incineroar, L50, M, shiny|58/100
|-ability|p1b: Incineroar|Intimidate|boost
|-unboost|p2a: Whimsicott|atk|1
|-unboost|p2b: Baxcalibur|atk|1
|turn|8
|
|t:|1755904384
|move|p2b: Baxcalibur|Protect|p2b: Baxcalibur
|-singleturn|p2b: Baxcalibur|Protect
|move|p1b: Incineroar|Fake Out|p2b: Baxcalibur
|-activate|p2b: Baxcalibur|move: Protect
|move|p2a: Whimsicott|Moonblast|p1a: Torkoal
|-resisted|p1a: Torkoal
|-damage|p1a: Torkoal|28/100
|move|p1a: Torkoal|Weather Ball|p2a: Whimsicott
|-supereffective|p2a: Whimsicott
|-damage|p2a: Whimsicott|0 fnt
|faint|p2a: Whimsicott
|
|-weather|SunnyDay|[upkeep]
|upkeep
|turn|9
|
|t:|1755904399
|move|p2b: Baxcalibur|High Horsepower|p1b: Incineroar
|-supereffective|p1b: Incineroar
|-damage|p1b: Incineroar|16/100
|move|p1b: Incineroar|Flare Blitz|p2b: Baxcalibur
|-damage|p2b: Baxcalibur|0 fnt
|faint|p2b: Baxcalibur
|-damage|p1b: Incineroar|8/100|[from] Recoil
|
|win|Yinzo
|raw|Yinzo's rating: 1340 → 1364(+24 for winning)
|raw|Livnlarge27's rating: 1410 → 1386(-24 for losing)
