|j|☆lald3n
|j|☆alkdfe
|html|lald3nalkdfe    
|uhtml|bestof|Game 1 of a best-of-3
|t:|1784983512
|gametype|doubles
|player|p1|lald3n|iono-masters|1179
|player|p2|alkdfe|266|1235
|gen|9
|tier|[Gen 9 Champions] VGC 2026 Reg M-B (Bo3)
|rated|
|rule|Species Clause: Limit one of each Pokémon
|rule|Item Clause: Limit 1 of each item
|clearpoke
|poke|p1|Ceruledge, L50, F|
|poke|p1|Incineroar, L50, M|
|poke|p1|Froslass, L50, F|
|poke|p1|Overqwil, L50, F|
|poke|p1|Sylveon, L50, M, shiny|
|poke|p1|Sneasler, L50, M|
|poke|p2|Charizard, L50, M|
|poke|p2|Toxapex, L50, F|
|poke|p2|Venusaur, L50, F|
|poke|p2|Sylveon, L50, M|
|poke|p2|Garchomp, L50, M|
|poke|p2|Incineroar, L50, F|
|teampreview|4
|showteam|p1|Ceruledge||BigRoot|FlashFire|PsychUp,BulkUp,BitterBlade,ShadowSneak|Jolly||F|||50|]Incineroar||SitrusBerry|Intimidate|FakeOut,PartingShot,WillOWisp,FlareBlitz|Careful||M|||50|]Froslass||Froslassite|CursedBody|AuroraVeil,Blizzard,PsychUp,Protect|Timid||F|||50|]Overqwil||Leftovers|Intimidate|Minimize,Substitute,BarbBarrage,Spite|Jolly||F|||50|]Sylveon||FairyFeather|Pixilate|CalmMind,HyperBeam,HyperVoice,Yawn|Modest||M|||50|]Sneasler||FocusSash|PoisonTouch|FakeOut,DireClaw,CloseCombat,Uturn|Jolly||M|||50|
|showteam|p2|Charizard||CharizarditeY|Blaze|HeatWave,WeatherBall,HelpingHand,Protect|Modest||M|||50|]Toxapex||Leftovers|Regenerator|Infestation,Toxic,WideGuard,BanefulBunker|Bold||F|||50|]Venusaur||LifeOrb|Chlorophyll|LeafStorm,SludgeBomb,EarthPower,Protect|Modest||F|||50|]Sylveon||FairyFeather|Pixilate|HyperVoice,QuickAttack,Yawn,Protect|Modest||M|||50|]Garchomp||ChoiceScarf|RoughSkin|Earthquake,DragonClaw,RockTomb,StompingTantrum|Adamant||M|||50|]Incineroar||SitrusBerry|Intimidate|ThroatChop,FlareBlitz,PartingShot,FakeOut|Careful||F|||50|
|inactive|Battle timer is ON: inactive players will automatically lose when time's up. (requested by alkdfe)
|
|t:|1784983548
|teamsize|p1|4
|teamsize|p2|4
|start
|switch|p1a: Froslass|Froslass, L50, F|100/100
|switch|p1b: Overqwil|Overqwil, L50, F|100/100
|switch|p2a: Charizard|Charizard, L50, M|100/100
|switch|p2b: Garchomp|Garchomp, L50, M|100/100
|-ability|p1b: Overqwil|Intimidate|boost
|-unboost|p2a: Charizard|atk|1
|-unboost|p2b: Garchomp|atk|1
|turn|1
|
|t:|1784983565
|switch|p1b: Incineroar|Incineroar, L50, M|100/100
|-ability|p1b: Incineroar|Intimidate|boost
|-unboost|p2a: Charizard|atk|1
|-unboost|p2b: Garchomp|atk|1
|detailschange|p2a: Charizard|Charizard-Mega-Y, L50, M
|-mega|p2a: Charizard|Charizard|Charizardite Y
|-weather|SunnyDay|[from] ability: Drought|[of] p2a: Charizard
|move|p1a: Froslass|Protect|p1a: Froslass
|-singleturn|p1a: Froslass|Protect
|move|p2b: Garchomp|Earthquake|p1a: Froslass|[spread] p1b
|-activate|p1a: Froslass|move: Protect
|-immune|p2a: Charizard
|-supereffective|p1b: Incineroar|1
|-damage|p1b: Incineroar|57/100
|move|p2a: Charizard|Heat Wave|p1b: Incineroar|[spread] p1b
|-activate|p1a: Froslass|move: Protect
|-resisted|p1b: Incineroar|1
|-damage|p1b: Incineroar|35/100
|-enditem|p1b: Incineroar|Sitrus Berry|[eat]
|-heal|p1b: Incineroar|59/100|[from] item: Sitrus Berry
|
|-weather|SunnyDay|[upkeep]
|upkeep
|turn|2
|
|t:|1784983589
|switch|p2b: Incineroar|Incineroar, L50, F|100/100
|-ability|p2b: Incineroar|Intimidate|boost
|-unboost|p1a: Froslass|atk|1
|-unboost|p1b: Incineroar|atk|1
|detailschange|p1a: Froslass|Froslass-Mega, L50, F
|-mega|p1a: Froslass|Froslass|Froslassite
|-weather|Snowscape|[from] ability: Snow Warning|[of] p1a: Froslass
|move|p1a: Froslass|Aurora Veil|p1a: Froslass
|-sidestart|p1: lald3n|move: Aurora Veil
|move|p2a: Charizard|Heat Wave|p1a: Froslass|[spread] p1a,p1b
|-supereffective|p1a: Froslass|1
|-resisted|p1b: Incineroar|1
|-damage|p1a: Froslass|47/100
|-damage|p1b: Incineroar|50/100g
|move|p1b: Incineroar|Will-O-Wisp|p2b: Incineroar
|-immune|p2b: Incineroar
|
|-weather|Snowscape|[upkeep]
|upkeep
|turn|3
|inactive|alkdfe has 30 seconds left.
|
|t:|1784983616
|switch|p1b: Overqwil|Overqwil, L50, F|100/100
|-ability|p1b: Overqwil|Intimidate|boost
|-unboost|p2a: Charizard|atk|1
|-unboost|p2b: Incineroar|atk|1
|move|p1a: Froslass|Blizzard|p2a: Charizard|[spread] p2a,p2b
|-resisted|p2b: Incineroar|1
|-damage|p2a: Charizard|67/100
|-damage|p2b: Incineroar|85/100
|move|p2a: Charizard|Heat Wave|p1b: Overqwil|[spread] p1a,p1b
|-supereffective|p1a: Froslass|1
|-damage|p1a: Froslass|0 fnt
|-damage|p1b: Overqwil|64/100
|faint|p1a: Froslass
|move|p2b: Incineroar|Parting Shot|p1b: Overqwil
|-unboost|p1b: Overqwil|atk|1
|-unboost|p1b: Overqwil|spa|1
|
|t:|1784983639
|switch|p2b: Venusaur|Venusaur, L50, F|100/100|[from] Parting Shot
|
|-weather|Snowscape|[upkeep]
|-heal|p1b: Overqwil|70/100|[from] item: Leftovers
|upkeep
|
|t:|1784983643
|switch|p1a: Incineroar|Incineroar, L50, M|50/100g
|-ability|p1a: Incineroar|Intimidate|boost
|-unboost|p2a: Charizard|atk|1
|-unboost|p2b: Venusaur|atk|1
|turn|4
|
|t:|1784983652
|move|p1a: Incineroar|Fake Out|p2b: Venusaur
|-damage|p2b: Venusaur|84/100
|move|p1b: Overqwil|Minimize|p1b: Overqwil
|-boost|p1b: Overqwil|evasion|2
|move|p2a: Charizard|Weather Ball|p1b: Overqwil
|-damage|p1b: Overqwil|34/100
|cant|p2b: Venusaur|flinch
|
|-weather|Snowscape|[upkeep]
|-heal|p1b: Overqwil|39/100|[from] item: Leftovers
|upkeep
|turn|5
|
|t:|1784983668
|switch|p2a: Garchomp|Garchomp, L50, M|100/100
|move|p1b: Overqwil|Minimize|p1b: Overqwil
|-boost|p1b: Overqwil|evasion|2
|move|p2b: Venusaur|Earth Power|p1b: Overqwil|[miss]
|-miss|p2b: Venusaur|p1b: Overqwil
|move|p1a: Incineroar|Parting Shot|p2a: Garchomp
|-unboost|p2a: Garchomp|atk|1
|-unboost|p2a: Garchomp|spa|1
|
|t:|1784983670
|switch|p1a: Ceruledge|Ceruledge, L50, F|100/100|[from] Parting Shot
|
|-weather|Snowscape|[upkeep]
|-heal|p1b: Overqwil|45/100|[from] item: Leftovers
|upkeep
|turn|6
|
|t:|1784983683
|switch|p1a: Incineroar|Incineroar, L50, M|50/100g
|-ability|p1a: Incineroar|Intimidate|boost
|-unboost|p2a: Garchomp|atk|1
|-unboost|p2b: Venusaur|atk|1
|switch|p2b: Charizard|Charizard-Mega-Y, L50, M|67/100
|-weather|SunnyDay|[from] ability: Drought|[of] p2b: Charizard
|move|p2a: Garchomp|Earthquake|p1b: Overqwil|[spread] p1a,p1b
|-immune|p2b: Charizard
|-supereffective|p1a: Incineroar|1
|-supereffective|p1b: Overqwil|1
|-damage|p1a: Incineroar|22/100
|-damage|p1b: Overqwil|18/100
|move|p1b: Overqwil|Minimize|p1b: Overqwil
|-boost|p1b: Overqwil|evasion|2
|
|-weather|SunnyDay|[upkeep]
|-heal|p1b: Overqwil|24/100|[from] item: Leftovers
|-sideend|p1: lald3n|move: Aurora Veil
|upkeep
|turn|7
|inactive|alkdfe has 30 seconds left.
|
|t:|1784983709
|move|p1a: Incineroar|Fake Out|p2b: Charizard
|-damage|p2b: Charizard|56/100
|move|p2a: Garchomp|Earthquake|p1a: Incineroar|[spread] p1a
|-immune|p2b: Charizard
|-miss|p2a: Garchomp|p1b: Overqwil
|-supereffective|p1a: Incineroar|1
|-damage|p1a: Incineroar|0 fnt
|faint|p1a: Incineroar
|move|p1b: Overqwil|Barb Barrage|p2a: Garchomp
|-resisted|p2a: Garchomp|1
|-damage|p2a: Garchomp|91/100
|-status|p2a: Garchomp|psn
|cant|p2b: Charizard|flinch
|
|-weather|SunnyDay|[upkeep]
|-heal|p1b: Overqwil|29/100|[from] item: Leftovers
|-damage|p2a: Garchomp|79/100 psn|[from] psn
|upkeep
|
|t:|1784983719
|switch|p1a: Ceruledge|Ceruledge, L50, F|100/100
|turn|8
|
|t:|1784983737
|move|p2a: Garchomp|Earthquake|p1b: Overqwil|[spread] p1a
|-immune|p2b: Charizard
|-miss|p2a: Garchomp|p1b: Overqwil
|-supereffective|p1a: Ceruledge|1
|-damage|p1a: Ceruledge|39/100
|move|p1b: Overqwil|Substitute|p1b: Overqwil
|-start|p1b: Overqwil|Substitute
|-damage|p1b: Overqwil|5/100
|move|p1a: Ceruledge|Psych Up|p1b: Overqwil
|-copyboost|p1a: Ceruledge|p1b: Overqwil|[from] move: Psych Up
|move|p2b: Charizard|Weather Ball|p1b: Overqwil
|-end|p1b: Overqwil|Substitute
|
|-weather|SunnyDay|[upkeep]
|-heal|p1b: Overqwil|10/100|[from] item: Leftovers
|-damage|p2a: Garchomp|67/100 psn|[from] psn
|upkeep
|turn|9
|
|t:|1784983758
|move|p2a: Garchomp|Earthquake|p1b: Overqwil|[spread] p1a,p1b
|-immune|p2b: Charizard
|-supereffective|p1a: Ceruledge|1
|-supereffective|p1b: Overqwil|1
|-damage|p1a: Ceruledge|0 fnt
|-damage|p1b: Overqwil|0 fnt
|faint|p1a: Ceruledge
|faint|p1b: Overqwil
|
|win|alkdfe
||lald3n is ready for game 2.
||alkdfe is ready for game 2.
|uhtml|next|Next: Game 2 of 3
|l|☆lald3n
|player|p1|
