|j|☆tomnumbers
|j|☆Tlayer4002
|html|tomnumbersTlayer4002    
|uhtml|bestof|Game 3 of a best-of-3
|t:|1755683139
|gametype|doubles
|player|p1|tomnumbers|gambler|1382
|player|p2|Tlayer4002|101|1400
|gen|9
|tier|[Gen 9] VGC 2025 Reg H (Bo3)
|rated|
|rule|Species Clause: Limit one of each Pokémon
|rule|Item Clause: Limit 1 of each item
|clearpoke
|poke|p1|Gholdengo, L50|
|poke|p1|Amoonguss, L50, M|
|poke|p1|Ursaluna, L50, F|
|poke|p1|Porygon2, L50|
|poke|p1|Hydreigon, L50, F|
|poke|p1|Incineroar, L50, F|
|poke|p2|Annihilape, L50, F|
|poke|p2|Volcarona, L50, F|
|poke|p2|Indeedee, L50, M|
|poke|p2|Incineroar, L50, M|
|poke|p2|Amoonguss, L50, F|
|poke|p2|Ninetales-Alola, L50, F|
|teampreview|4
|showteam|p1|Gholdengo||MetalCoat|GoodasGold|MakeItRain,ShadowBall,NastyPlot,Protect||||||50|,,,,,Water]Amoonguss||CovertCloak|Regenerator|Spore,RagePowder,PollenPuff,Protect|||M|||50|,,,,,Fairy]Ursaluna||FlameOrb|Guts|Facade,HeadlongRush,Earthquake,Protect|||F|||50|,,,,,Ghost]Porygon2||Eviolite|Download|TeraBlast,IceBeam,TrickRoom,Recover||||||50|,,,,,Fighting]Hydreigon||SafetyGoggles|Levitate|DracoMeteor,Snarl,Tailwind,Protect|||F|||50|,,,,,Ghost]Incineroar||SitrusBerry|Intimidate|FlareBlitz,KnockOff,PartingShot,FakeOut|||F|||50|,,,,,Grass
|showteam|p2|Annihilape||PsychicSeed|VitalSpirit|DrainPunch,RageFist,Protect,BulkUp|||F|||50|,,,,,Water]Volcarona||Leftovers|FlameBody|HeatWave,TeraBlast,QuiverDance,Protect|||F|||50|,,,,,Fairy]Indeedee||ChoiceScarf|PsychicSurge|ExpandingForce,Trick,TeraBlast,HyperVoice|||M|||50|,,,,,Fighting]Incineroar||AssaultVest|Intimidate|FlareBlitz,KnockOff,Uturn,FakeOut|||M|||50|,,,,,Ghost]Amoonguss||SitrusBerry|Regenerator|PollenPuff,Spore,RagePowder,ClearSmog|||F|||50|,,,,,Water]Ninetales-Alola||LightClay|SnowWarning|Blizzard,AuroraVeil,Protect,IcicleSpear|||F|||50|,,,,,Steel
|inactive|Battle timer is ON: inactive players will automatically lose when time's up. (requested by tomnumbers)
|inactive|tomnumbers has 60 seconds left.
|inactive|tomnumbers has 30 seconds left.
|
|t:|1755683202
|teamsize|p1|4
|teamsize|p2|4
|start
|switch|p1a: Incineroar|Incineroar, L50, F|100/100
|switch|p1b: Porygon2|Porygon2, L50|100/100
|switch|p2a: Volcarona|Volcarona, L50, F|100/100
|switch|p2b: Ninetales|Ninetales-Alola, L50, F|100/100
|-weather|Snowscape|[from] ability: Snow Warning|[of] p2b: Ninetales
|-ability|p1a: Incineroar|Intimidate|boost
|-unboost|p2a: Volcarona|atk|1
|-unboost|p2b: Ninetales|atk|1
|-ability|p1b: Porygon2|Download|boost
|-boost|p1b: Porygon2|atk|1
|turn|1
|
|t:|1755683216
|switch|p2a: Annihilape|Annihilape, L50, F|100/100
|move|p1a: Incineroar|Fake Out|p2a: Annihilape
|-immune|p2a: Annihilape
|move|p2b: Ninetales|Aurora Veil|p2b: Ninetales
|-sidestart|p2: Tlayer4002|move: Aurora Veil
|move|p1b: Porygon2|Trick Room|p1b: Porygon2
|-fieldstart|move: Trick Room|[of] p1b: Porygon2
|
|-weather|Snowscape|[upkeep]
|upkeep
|turn|2
|
|t:|1755683229
|move|p1b: Porygon2|Tera Blast|p2b: Ninetales
|-damage|p2b: Ninetales|74/100
|move|p1a: Incineroar|Parting Shot|p2a: Annihilape
|-unboost|p2a: Annihilape|atk|1
|-unboost|p2a: Annihilape|spa|1
|
|t:|1755683234
|switch|p1a: Ursaluna|Ursaluna, L50, F|100/100|[from] Parting Shot
|move|p2a: Annihilape|Bulk Up|p2a: Annihilape
|-boost|p2a: Annihilape|atk|1
|-boost|p2a: Annihilape|def|1
|move|p2b: Ninetales|Icicle Spear|p2a: Annihilape
|-damage|p2a: Annihilape|99/100
|-damage|p2a: Annihilape|97/100
|-hitcount|p2a: Annihilape|2
|
|-weather|Snowscape|[upkeep]
|-status|p1a: Ursaluna|brn|[from] item: Flame Orb
|upkeep
|turn|3
|
|t:|1755683250
|switch|p1b: Incineroar|Incineroar, L50, F|100/100
|-ability|p1b: Incineroar|Intimidate|boost
|-unboost|p2a: Annihilape|atk|1
|-unboost|p2b: Ninetales|atk|1
|switch|p2b: Incineroar|Incineroar, L50, M|100/100
|-ability|p2b: Incineroar|Intimidate|boost
|-unboost|p1a: Ursaluna|atk|1
|-unboost|p1b: Incineroar|atk|1
|move|p1a: Ursaluna|Facade|p2b: Incineroar
|-damage|p2b: Incineroar|47/100
|move|p2a: Annihilape|Bulk Up|p2a: Annihilape
|-boost|p2a: Annihilape|atk|1
|-boost|p2a: Annihilape|def|1
|
|-weather|Snowscape|[upkeep]
|-damage|p1a: Ursaluna|95/100 brn|[from] brn
|upkeep
|turn|4
|inactive|Tlayer4002 has 30 seconds left.
|inactive|Tlayer4002 has 20 seconds left.
|inactive|Tlayer4002 has 15 seconds left.
|inactive|Tlayer4002 has 10 seconds left.
|
|t:|1755683295
|move|p2b: Incineroar|Fake Out|p1a: Ursaluna
|-damage|p1a: Ursaluna|84/100 brn
|cant|p1a: Ursaluna|flinch
|move|p1b: Incineroar|Parting Shot|p2a: Annihilape
|-unboost|p2a: Annihilape|atk|1
|-unboost|p2a: Annihilape|spa|1
|
|t:|1755683301
|switch|p1b: Amoonguss|Amoonguss, L50, M|100/100|[from] Parting Shot
|move|p2a: Annihilape|Rage Fist|p1a: Ursaluna
|-immune|p1a: Ursaluna
|
|-weather|Snowscape|[upkeep]
|-damage|p1a: Ursaluna|78/100 brn|[from] brn
|upkeep
|turn|5
|
|t:|1755683317
|switch|p1b: Incineroar|Incineroar, L50, F|100/100
|-ability|p1b: Incineroar|Intimidate|boost
|-unboost|p2a: Annihilape|atk|1
|-unboost|p2b: Incineroar|atk|1
|switch|p2b: Ninetales|Ninetales-Alola, L50, F|74/100
|move|p1a: Ursaluna|Facade|p2b: Ninetales
|-damage|p2b: Ninetales|19/100
|move|p2a: Annihilape|Rage Fist|p1b: Incineroar
|-resisted|p1b: Incineroar
|-damage|p1b: Incineroar|84/100
|
|-weather|none
|-damage|p1a: Ursaluna|72/100 brn|[from] brn
|-fieldend|move: Trick Room
|upkeep
|turn|6
|inactive|Tlayer4002 has 30 seconds left.
|
|t:|1755683342
|move|p2b: Ninetales|Icicle Spear|p2a: Annihilape
|-crit|p2a: Annihilape
|-damage|p2a: Annihilape|89/100
|-damage|p2a: Annihilape|87/100
|-damage|p2a: Annihilape|85/100
|-hitcount|p2a: Annihilape|3
|move|p2a: Annihilape|Bulk Up|p2a: Annihilape
|-boost|p2a: Annihilape|atk|1
|-boost|p2a: Annihilape|def|1
|move|p1b: Incineroar|Parting Shot|p2a: Annihilape
|-unboost|p2a: Annihilape|atk|1
|-unboost|p2a: Annihilape|spa|1
|
|t:|1755683348
|switch|p1b: Amoonguss|Amoonguss, L50, M|100/100|[from] Parting Shot
|move|p1a: Ursaluna|Facade|p2b: Ninetales
|-damage|p2b: Ninetales|0 fnt
|faint|p2b: Ninetales
|
|-damage|p1a: Ursaluna|66/100 brn|[from] brn
|upkeep
|
|t:|1755683353
|switch|p2b: Volcarona|Volcarona, L50, F|100/100
|turn|7
|
|t:|1755683364
|switch|p1a: Incineroar|Incineroar, L50, F|84/100
|-ability|p1a: Incineroar|Intimidate|boost
|-unboost|p2a: Annihilape|atk|1
|-unboost|p2b: Volcarona|atk|1
|move|p2b: Volcarona|Quiver Dance|p2b: Volcarona
|-boost|p2b: Volcarona|spa|1
|-boost|p2b: Volcarona|spd|1
|-boost|p2b: Volcarona|spe|1
|move|p2a: Annihilape|Rage Fist|p1b: Amoonguss
|-crit|p1b: Amoonguss
|-damage|p1b: Amoonguss|0 fnt
|faint|p1b: Amoonguss
|
|upkeep
|c|☆tomnumbers|yeah that's gg
|
|t:|1755683389
|switch|p1b: Porygon2|Porygon2, L50|100/100
|-ability|p1b: Porygon2|Download|boost
|-boost|p1b: Porygon2|spa|1
|turn|8
|
|t:|1755683403
|-terastallize|p2b: Volcarona|Fairy
|move|p2b: Volcarona|Tera Blast|p1a: Incineroar|[anim] Tera Blast Fairy
|-damage|p1a: Incineroar|38/100
|-enditem|p1a: Incineroar|Sitrus Berry|[eat]
|-heal|p1a: Incineroar|62/100|[from] item: Sitrus Berry
|move|p2a: Annihilape|Bulk Up|p2a: Annihilape
|-boost|p2a: Annihilape|atk|1
|-boost|p2a: Annihilape|def|1
|move|p1a: Incineroar|Parting Shot|p2a: Annihilape
|-unboost|p2a: Annihilape|atk|1
|-unboost|p2a: Annihilape|spa|1
|
|t:|1755683409
|switch|p1a: Ursaluna|Ursaluna, L50, F|66/100 brn|[from] Parting Shot
|move|p1b: Porygon2|Trick Room|p1b: Porygon2
|-fieldstart|move: Trick Room|[of] p1b: Porygon2
|
|-damage|p1a: Ursaluna|60/100 brn|[from] brn
|-sideend|p2: Tlayer4002|move: Aurora Veil
|upkeep
|turn|9
|
|t:|1755683424
|move|p2b: Volcarona|Protect|p2b: Volcarona
|-singleturn|p2b: Volcarona|Protect
|move|p1b: Porygon2|Ice Beam|p2a: Annihilape
|-crit|p2a: Annihilape
|-damage|p2a: Annihilape|41/100
|-status|p2a: Annihilape|frz
|move|p1a: Ursaluna|Facade|p2b: Volcarona
|-activate|p2b: Volcarona|move: Protect
|cant|p2a: Annihilape|frz
|
|-damage|p1a: Ursaluna|54/100 brn|[from] brn
|upkeep
|turn|10
|c|☆tomnumbers|maybe not
|
|t:|1755683449
|switch|p2b: Incineroar|Incineroar, L50, M|47/100
|-ability|p2b: Incineroar|Intimidate|boost
|-unboost|p1a: Ursaluna|atk|1
|-unboost|p1b: Porygon2|atk|1
|move|p1b: Porygon2|Ice Beam|p2a: Annihilape
|-damage|p2a: Annihilape|9/100 frz
|move|p1a: Ursaluna|Facade|p2b: Incineroar
|-damage|p2b: Incineroar|0 fnt
|faint|p2b: Incineroar
|cant|p2a: Annihilape|frz
|
|-damage|p1a: Ursaluna|48/100 brn|[from] brn
|upkeep
|
|t:|1755683462
|switch|p2b: Volcarona|Volcarona, L50, F, tera:Fairy|100/100
|turn|11
|
|t:|1755683466
|cant|p2a: Annihilape|frz
|move|p2b: Volcarona|Protect|p2b: Volcarona
|-singleturn|p2b: Volcarona|Protect
|move|p1b: Porygon2|Ice Beam|p2a: Annihilape
|-damage|p2a: Annihilape|0 fnt
|faint|p2a: Annihilape
|move|p1a: Ursaluna|Facade|p2b: Volcarona
|-activate|p2b: Volcarona|move: Protect
|
|-damage|p1a: Ursaluna|42/100 brn|[from] brn
|upkeep
|turn|12
|
|t:|1755683479
|switch|p1b: Incineroar|Incineroar, L50, F|62/100
|-ability|p1b: Incineroar|Intimidate|boost
|-unboost|p2b: Volcarona|atk|1
|move|p2b: Volcarona|Protect||[still]
|-fail|p2b: Volcarona
|move|p1a: Ursaluna|Facade|p2b: Volcarona
|-damage|p2b: Volcarona|24/100
|
|-heal|p2b: Volcarona|30/100|[from] item: Leftovers
|-damage|p1a: Ursaluna|36/100 brn|[from] brn
|-fieldend|move: Trick Room
|upkeep
|turn|13
|
|t:|1755683496
|switch|p1a: Porygon2|Porygon2, L50|100/100
|-ability|p1a: Porygon2|Download|boost
|-boost|p1a: Porygon2|atk|1
|move|p1b: Incineroar|Fake Out|p2b: Volcarona
|-damage|p2b: Volcarona|19/100
|cant|p2b: Volcarona|flinch
|
|-heal|p2b: Volcarona|25/100|[from] item: Leftovers
|upkeep
|turn|14
|
|t:|1755683514
|move|p2b: Volcarona|Quiver Dance|p2b: Volcarona
|-boost|p2b: Volcarona|spa|1
|-boost|p2b: Volcarona|spd|1
|-boost|p2b: Volcarona|spe|1
|move|p1b: Incineroar|Flare Blitz|p2b: Volcarona
|-damage|p2b: Volcarona|0 fnt
|faint|p2b: Volcarona
|-damage|p1b: Incineroar|54/100|[from] Recoil
|
|win|tomnumbers
|raw|tomnumbers's rating: 1382 → 1403(+21 for winning)
|raw|Tlayer4002's rating: 1400 → 1379(-21 for losing)
|l|☆Tlayer4002
|player|p2|
