|j|â˜†Chill3d1
|j|â˜†Guiltypleasure06
|html|Chill3d1Guiltypleasure06    
|uhtml|bestof|Game 2 of a best-of-3
|t:|1756310344
|gametype|doubles
|player|p1|Chill3d1|musician|1197
|player|p2|Guiltypleasure06|265|1143
|gen|9
|tier|[Gen 9] VGC 2025 Reg H (Bo3)
|rated|
|rule|Species Clause: Limit one of each PokÃ©mon
|rule|Item Clause: Limit 1 of each item
|clearpoke
|poke|p1|Indeedee-F, L50, F|
|poke|p1|Hatterene, L50, F|
|poke|p1|Torkoal, L50, M|
|poke|p1|Kingambit, L50, F|
|poke|p1|Gallade, L50, M|
|poke|p1|Exeggutor, L50, M|
|poke|p2|Sneasler, L50, F|
|poke|p2|Dondozo, L50, F|
|poke|p2|Magmar, L50, M|
|poke|p2|Rillaboom, L50, M|
|poke|p2|Dragonite, L50, M|
|poke|p2|Kingambit, L50, M|
|teampreview|4
|showteam|p1|Indeedee-F||RockyHelmet|PsychicSurge|Psychic,HelpingHand,FollowMe,TrickRoom|||F|||50|,,,,,Grass]Hatterene||LifeOrb|MagicBounce|ExpandingForce,DazzlingGleam,MysticalFire,TrickRoom|||F|||50|,,,,,Fire]Torkoal||Charcoal|Drought|Eruption,WeatherBall,HeatWave,Protect|||M|||50|,,,,,Fire]Kingambit||SafetyGoggles|Defiant|KowtowCleave,SuckerPunch,LowKick,SwordsDance|||F|||50|,,,,,Dark]Gallade||ClearAmulet|Sharpness|SacredSword,PsychoCut,LeafBlade,TrickRoom|||M|||50|,,,,,Grass]Exeggutor||FocusSash|Chlorophyll|ExpandingForce,EnergyBall,SleepPowder,TrickRoom|||M|||50|,,,,,Psychic
|showteam|p2|Sneasler||FocusSash|Unburden|CloseCombat,DireClaw,Coaching,Protect|||F|||50|,,,,,Stellar]Dondozo||Leftovers|Unaware|Liquidation,Yawn,Protect,Fissure|||F|||50|,,,,,Fire]Magmar||Eviolite|VitalSpirit|Overheat,WillOWisp,FollowMe,Protect|||M|||50|,,,,,Dragon]Rillaboom||AssaultVest|GrassySurge|WoodHammer,GrassyGlide,Uturn,FakeOut|||M|||50|,,,,,Fire]Dragonite||LoadedDice|Multiscale|ExtremeSpeed,ScaleShot,LowKick,Protect|||M|||50|,,,,,Fairy]Kingambit||BlackGlasses|Defiant|Protect,SwordsDance,SuckerPunch,KowtowCleave|||M|||50|,,,,,Dark
|inactive|Battle timer is ON: inactive players will automatically lose when time's up. (requested by Chill3d1)
|
|t:|1756310384
|teamsize|p1|4
|teamsize|p2|4
|start
|switch|p1a: Exeggutor|Exeggutor, L50, M|100/100
|switch|p1b: Torkoal|Torkoal, L50, M|100/100
|switch|p2a: Kingambit|Kingambit, L50, M, shiny|100/100
|switch|p2b: Sneasler|Sneasler, L50, F|100/100
|-weather|SunnyDay|[from] ability: Drought|[of] p1b: Torkoal
|turn|1
|
|t:|1756310401
|switch|p2b: Magmar|Magmar, L50, M|100/100
|move|p1a: Exeggutor|Sleep Powder|p2a: Kingambit
|-status|p2a: Kingambit|slp|[from] move: Sleep Powder
|cant|p2a: Kingambit|slp
|move|p1b: Torkoal|Heat Wave|p2a: Kingambit|[spread] p2a,p2b
|-supereffective|p2a: Kingambit
|-resisted|p2b: Magmar
|-damage|p2a: Kingambit|0 fnt
|-damage|p2b: Magmar|80/100
|faint|p2a: Kingambit
|
|-weather|SunnyDay|[upkeep]
|upkeep
|c|â˜†Guiltypleasure06|Imposible
|c|â˜†Guiltypleasure06|an never miss
|
|t:|1756310418
|switch|p2a: Sneasler|Sneasler, L50, F|100/100
|turn|2
|
|t:|1756310429
|switch|p1b: Indeedee|Indeedee-F, L50, F|100/100
|-fieldstart|move: Psychic Terrain|[from] ability: Psychic Surge|[of] p1b: Indeedee
|-terastallize|p1a: Exeggutor|Psychic
|move|p2b: Magmar|Follow Me|p2b: Magmar
|-singleturn|p2b: Magmar|move: Follow Me
|move|p1a: Exeggutor|Expanding Force|p2a: Sneasler|[spread] p2a,p2b
|-supereffective|p2a: Sneasler
|-enditem|p2a: Sneasler|Focus Sash
|-damage|p2a: Sneasler|1/100
|-damage|p2b: Magmar|18/100
|move|p2a: Sneasler|Dire Claw|p1b: Indeedee
|-damage|p1b: Indeedee|61/100
|-status|p1b: Indeedee|slp
|-damage|p2a: Sneasler|0 fnt|[from] item: Rocky Helmet|[of] p1b: Indeedee
|faint|p2a: Sneasler
|
|-weather|SunnyDay|[upkeep]
|upkeep
|c|â˜†Guiltypleasure06|No Right Answer
|
|t:|1756310451
|switch|p2a: Rillaboom|Rillaboom, L50, M|100/100
|-fieldstart|move: Grassy Terrain|[from] ability: Grassy Surge|[of] p2a: Rillaboom
|turn|3
|
|t:|1756310461
|switch|p1b: Torkoal|Torkoal, L50, M|100/100
|move|p2a: Rillaboom|Fake Out|p1a: Exeggutor
|-damage|p1a: Exeggutor|84/100
|cant|p1a: Exeggutor|flinch
|move|p2b: Magmar|Overheat|p1a: Exeggutor
|-damage|p1a: Exeggutor|0 fnt
|-unboost|p2b: Magmar|spa|2
|faint|p1a: Exeggutor
|
|-weather|SunnyDay|[upkeep]
|-heal|p2b: Magmar|24/100|[from] Grassy Terrain
|upkeep
|
|t:|1756310466
|switch|p1a: Indeedee|Indeedee-F, L50, F|61/100 slp
|-fieldstart|move: Psychic Terrain|[from] ability: Psychic Surge|[of] p1a: Indeedee
|turn|4
|inactive|Guiltypleasure06 has 30 seconds left.
|
|t:|1756310497
|-terastallize|p2a: Rillaboom|Fire
|cant|p1a: Indeedee|slp
|move|p2b: Magmar|Overheat|p1a: Indeedee
|-damage|p1a: Indeedee|28/100 slp
|-unboost|p2b: Magmar|spa|2
|move|p2a: Rillaboom|Wood Hammer|p1b: Torkoal
|-resisted|p1b: Torkoal
|-damage|p1b: Torkoal|77/100
|-damage|p2a: Rillaboom|94/100|[from] Recoil
|move|p1b: Torkoal|Heat Wave|p2a: Rillaboom|[spread] p2a,p2b
|-resisted|p2a: Rillaboom
|-resisted|p2b: Magmar
|-damage|p2a: Rillaboom|73/100
|-damage|p2b: Magmar|3/100
|
|-weather|SunnyDay|[upkeep]
|upkeep
|turn|5
|
|t:|1756310512
|move|p2b: Magmar|Protect|p2b: Magmar
|-singleturn|p2b: Magmar|Protect
|move|p2a: Rillaboom|U-turn|p1a: Indeedee
|-supereffective|p1a: Indeedee
|-damage|p1a: Indeedee|0 fnt
|-damage|p2a: Rillaboom|57/100|[from] item: Rocky Helmet|[of] p1a: Indeedee
|faint|p1a: Indeedee
|move|p1b: Torkoal|Heat Wave|p2a: Rillaboom|[spread] p2a
|-activate|p2b: Magmar|move: Protect
|-resisted|p2a: Rillaboom
|-damage|p2a: Rillaboom|36/100
|
|-weather|none
|upkeep
|
|t:|1756310523
|switch|p1a: Hatterene|Hatterene, L50, F|100/100
|turn|6
|
|t:|1756310534
|move|p2b: Magmar|Overheat|p1b: Torkoal
|-resisted|p1b: Torkoal
|-damage|p1b: Torkoal|67/100
|-unboost|p2b: Magmar|spa|2
|move|p2a: Rillaboom|Wood Hammer|p1a: Hatterene
|-damage|p1a: Hatterene|29/100
|-damage|p2a: Rillaboom|18/100|[from] Recoil
|move|p1a: Hatterene|Expanding Force|p2a: Rillaboom|[spread] p2a,p2b
|-damage|p2a: Rillaboom|0 fnt
|-damage|p2b: Magmar|0 fnt
|faint|p2a: Rillaboom
|faint|p2b: Magmar
|-damage|p1a: Hatterene|19/100|[from] item: Life Orb
|
|win|Chill3d1
|raw|Chill3d1's rating: 1197 → 1218(+21 for winning)
|raw|Guiltypleasure06's rating: 1143 → 1122(-21 for losing)
|c|â˜†Guiltypleasure06|Imposible
|c|â˜†Chill3d1|ðŸ«¡
|c|â˜†Guiltypleasure06|GG
|l|â˜†Chill3d1
|player|p1|
