|j|☆grfynnvgc
|j|☆lysydzik
|html|grfynnvgclysydzik    
|uhtml|bestof|Game 1 of a best-of-3
|t:|1785380592
|gametype|doubles
|player|p1|grfynnvgc|1|1115
|player|p2|lysydzik|169|1040
|gen|9
|tier|[Gen 9 Champions] VGC 2026 Reg M-B (Bo3)
|rated|
|rule|Species Clause: Limit one of each Pokémon
|rule|Item Clause: Limit 1 of each item
|clearpoke
|poke|p1|Gengar, L50, M|
|poke|p1|Kommo-o, L50, F|
|poke|p1|Ninetales-Alola, L50, F|
|poke|p1|Primarina, L50, M|
|poke|p1|Volcarona, L50, M|
|poke|p1|Incineroar, L50, M|
|poke|p2|Metagross, L50, shiny|
|poke|p2|Talonflame, L50, M, shiny|
|poke|p2|Sinistcha-Masterpiece, L50|
|poke|p2|Ditto, L50, shiny|
|poke|p2|Sylveon, L50, M, shiny|
|poke|p2|Krookodile, L50, F|
|teampreview|4
|showteam|p1|Gengar||Gengarite|CursedBody|ShadowBall,SludgeBomb,PerishSong,Protect|Modest||M|||50|]Kommo-o||Leftovers|Soundproof|ClangingScales,AuraSphere,ClangorousSoul,Protect|Modest||F|||50|]Ninetales-Alola||FocusSash|SnowWarning|Blizzard,FreezeDry,AuroraVeil,Protect|Timid||F|||50|]Primarina||MysticWater|LiquidVoice|HyperVoice,Moonblast,PerishSong,Protect|Modest||M|||50|]Volcarona||SitrusBerry|FlameBody|Flamethrower,StruggleBug,RagePowder,Protect|Bold||M|||50|]Incineroar||ShucaBerry|Intimidate|FakeOut,ThroatChop,PartingShot,Protect|Impish||M|||50|
|showteam|p2|Metagross||Metagrossite|ClearBody|BulletPunch,PsychicFangs,MeteorMash,Protect|Adamant|||||50|]Talonflame||FocusSash|GaleWings|Tailwind,BraveBird,Uturn,FlareBlitz|Adamant||M|||50|]Sinistcha-Masterpiece||OccaBerry|Hospitality|TrickRoom,MatchaGotcha,ShadowBall,Protect|Relaxed|||||50|]Ditto||SitrusBerry|Limber|Transform|Timid|||||50|]Sylveon||FairyFeather|Pixilate|HyperVoice,HyperBeam,QuickAttack,Detect|Quiet||M|||50|]Krookodile||ChoiceScarf|Intimidate|AquaTail,Earthquake,Crunch,CloseCombat|Jolly||F|||50|
|
|t:|1785380646
|teamsize|p1|4
|teamsize|p2|4
|start
|switch|p1a: Volcarona|Volcarona, L50, M|100/100
|switch|p1b: Ninetales|Ninetales-Alola, L50, F|100/100
|switch|p2a: Metagross|Metagross, L50, shiny|100/100
|switch|p2b: Ditto|Ditto, L50, shiny|100/100
|-weather|Snowscape|[from] ability: Snow Warning|[of] p1b: Ninetales
|turn|1
|
|t:|1785380665
|detailschange|p2a: Metagross|Metagross-Mega, L50, shiny
|-mega|p2a: Metagross|Metagross|Metagrossite
|move|p1b: Ninetales|Aurora Veil|p1b: Ninetales
|-sidestart|p1: grfynnvgc|move: Aurora Veil
|move|p2a: Metagross|Meteor Mash|p1b: Ninetales
|-supereffective|p1b: Ninetales|2
|-enditem|p1b: Ninetales|Focus Sash
|-damage|p1b: Ninetales|1/100
|move|p1a: Volcarona|Flamethrower|p2a: Metagross
|-supereffective|p2a: Metagross|1
|-damage|p2a: Metagross|9/100
|move|p2b: Ditto|Transform|p2a: Metagross
|-transform|p2b: Ditto|p2a: Metagross
|
|-weather|Snowscape|[upkeep]
|upkeep
|turn|2
|
|t:|1785380692
|move|p1a: Volcarona|Rage Powder|p1a: Volcarona
|-singleturn|p1a: Volcarona|move: Rage Powder
|move|p2a: Metagross|Bullet Punch|p1a: Volcarona
|-resisted|p1a: Volcarona|1
|-damage|p1a: Volcarona|89/100
|move|p1b: Ninetales|Blizzard|p2a: Metagross|[spread] p2a,p2b
|-resisted|p2a: Metagross|1
|-resisted|p2b: Ditto|1
|-damage|p2a: Metagross|0 fnt
|-damage|p2b: Ditto|82/100
|faint|p2a: Metagross
|move|p2b: Ditto|Psychic Fangs|p1a: Volcarona
|-sideend|p1: grfynnvgc|move: Aurora Veil
|-damage|p1a: Volcarona|27/100
|-enditem|p1a: Volcarona|Sitrus Berry|[eat]
|-heal|p1a: Volcarona|52/100|[from] item: Sitrus Berry
|
|-weather|Snowscape|[upkeep]
|upkeep
|
|t:|1785380711
|switch|p2a: Krookodile|Krookodile, L50, F|100/100
|-ability|p2a: Krookodile|Intimidate|boost
|-unboost|p1a: Volcarona|atk|1
|-unboost|p1b: Ninetales|atk|1
|turn|3
|
|t:|1785380728
|move|p1b: Ninetales|Protect|p1b: Ninetales
|-singleturn|p1b: Ninetales|Protect
|move|p2b: Ditto|Protect|p2b: Ditto
|-singleturn|p2b: Ditto|Protect
|move|p1a: Volcarona|Protect|p1a: Volcarona
|-singleturn|p1a: Volcarona|Protect
|move|p2a: Krookodile|Earthquake|p1b: Ninetales|[spread] 
|-activate|p2b: Ditto|move: Protect
|-activate|p1a: Volcarona|move: Protect
|-activate|p1b: Ninetales|move: Protect
|
|-weather|Snowscape|[upkeep]
|upkeep
|turn|4
|
|t:|1785380741
|move|p1a: Volcarona|Rage Powder|p1a: Volcarona
|-singleturn|p1a: Volcarona|move: Rage Powder
|move|p2b: Ditto|Bullet Punch|p1a: Volcarona
|-resisted|p1a: Volcarona|1
|-damage|p1a: Volcarona|36/100
|-status|p2b: Ditto|brn|[from] ability: Flame Body|[of] p1a: Volcarona
|move|p2a: Krookodile|Earthquake|p1b: Ninetales|[spread] p2b,p1a,p1b
|-supereffective|p2b: Ditto|1
|-damage|p2b: Ditto|23/100 brn
|-damage|p1a: Volcarona|4/100
|-damage|p1b: Ninetales|0 fnt
|-enditem|p2b: Ditto|Sitrus Berry|[eat]
|-heal|p2b: Ditto|47/100 brn|[from] item: Sitrus Berry
|faint|p1b: Ninetales
|
|-weather|Snowscape|[upkeep]
|-damage|p2b: Ditto|41/100 brn|[from] brn
|upkeep
|
|t:|1785380756
|switch|p1b: Incineroar|Incineroar, L50, M|100/100
|-ability|p1b: Incineroar|Intimidate|boost
|-unboost|p2a: Krookodile|atk|1
|-unboost|p2b: Ditto|atk|1
|turn|5
|
|t:|1785380769
|switch|p2a: Sinistcha|Sinistcha-Masterpiece, L50|100/100
|-heal|p2b: Ditto|66/100 brn|[from] ability: Hospitality|[of] p2a: Sinistcha
|switch|p1a: Gengar|Gengar, L50, M|100/100
|move|p1b: Incineroar|Fake Out|p2a: Sinistcha
|-immune|p2a: Sinistcha
|move|p2b: Ditto|Bullet Punch|p1a: Gengar
|-damage|p1a: Gengar|85/100
|
|-weather|none
|-damage|p2b: Ditto|60/100 brn|[from] brn
|upkeep
|turn|6
|
|t:|1785380822
|switch|p2b: Krookodile|Krookodile, L50, F|100/100
|-ability|p2b: Krookodile|Intimidate|boost
|-unboost|p1a: Gengar|atk|1
|-unboost|p1b: Incineroar|atk|1
|detailschange|p1a: Gengar|Gengar-Mega, L50, M
|-mega|p1a: Gengar|Gengar|Gengarite
|move|p1a: Gengar|Shadow Ball|p2a: Sinistcha
|-supereffective|p2a: Sinistcha|1
|-damage|p2a: Sinistcha|0 fnt
|faint|p2a: Sinistcha
|move|p1b: Incineroar|Throat Chop|p2b: Krookodile
|-resisted|p2b: Krookodile|1
|-damage|p2b: Krookodile|87/100
|-start|p2b: Krookodile|Throat Chop|[silent]
|
|upkeep
|
|t:|1785380833
|switch|p2a: Ditto|Ditto, L50, shiny|60/100 brn
|turn|7
|
|t:|1785380868
|move|p1b: Incineroar|Protect|p1b: Incineroar
|-singleturn|p1b: Incineroar|Protect
|move|p2b: Krookodile|Earthquake|p1a: Gengar|[spread] p2a,p1a
|-activate|p1b: Incineroar|move: Protect
|-supereffective|p1a: Gengar|1
|-damage|p2a: Ditto|0 fnt
|-damage|p1a: Gengar|0 fnt
|faint|p2a: Ditto
|faint|p1a: Gengar
|
|-end|p2b: Krookodile|Throat Chop|[silent]
|upkeep
|
|t:|1785380876
|switch|p1a: Volcarona|Volcarona, L50, M|4/100
|turn|8
|
|t:|1785380885
|move|p2b: Krookodile|Earthquake|p1b: Incineroar|[spread] p1a,p1b
|-supereffective|p1b: Incineroar|1
|-enditem|p1b: Incineroar|Shuca Berry|[eat]
|-enditem|p1b: Incineroar|Shuca Berry|[weaken]
|-damage|p1a: Volcarona|0 fnt
|-damage|p1b: Incineroar|71/100
|faint|p1a: Volcarona
|move|p1b: Incineroar|Throat Chop|p2b: Krookodile
|-resisted|p2b: Krookodile|1
|-damage|p2b: Krookodile|75/100
|-start|p2b: Krookodile|Throat Chop|[silent]
|
|upkeep
|turn|9
|
|t:|1785380895
|move|p2b: Krookodile|Earthquake|p1b: Incineroar
|-supereffective|p1b: Incineroar|1
|-damage|p1b: Incineroar|0 fnt
|faint|p1b: Incineroar
|
|win|lysydzik
