|j|☆monkey stall
|j|☆RaikuDraco
|html|monkey stallRaikuDraco    
|uhtml|bestof|Game 1 of a best-of-3
|t:|1756779242
|gametype|doubles
|player|p1|monkey stall|169|1138
|player|p2|RaikuDraco|drake-gen3|1194
|gen|9
|tier|[Gen 9] VGC 2025 Reg H (Bo3)
|rated|
|rule|Species Clause: Limit one of each Pokémon
|rule|Item Clause: Limit 1 of each item
|clearpoke
|poke|p1|Sneasler, L50, F|
|poke|p1|Annihilape, L50, M|
|poke|p1|Volcarona, L50, F|
|poke|p1|Dragonite, L50, F|
|poke|p1|Ninetales-Alola, L50, M|
|poke|p1|Garchomp, L50, F|
|poke|p2|Whimsicott, L50, F|
|poke|p2|Dragonite, L50, F|
|poke|p2|Gholdengo, L50|
|poke|p2|Garchomp, L50, F|
|poke|p2|Sneasler, L50, F|
|poke|p2|Incineroar, L50, F|
|teampreview|4
|showteam|p1|Sneasler||FocusSash|PoisonTouch|CloseCombat,DireClaw,FakeOut,Coaching|||F|||50|,,,,,Ghost]Annihilape||SafetyGoggles|Defiant|FinalGambit,Taunt,CloseCombat,RageFist|||M|||50|,,,,,Stellar]Volcarona||Leftovers|FlameBody|FieryDance,GigaDrain,QuiverDance,Protect|||F|||50|,,,,,Grass]Dragonite||LoadedDice|Multiscale|ScaleShot,Haze,Tailwind,Protect|||F|||50|,,,,,Fairy]Ninetales-Alola||CovertCloak|SnowWarning|Blizzard,FreezeDry,AuroraVeil,Encore|||M|||50|,,,,,Water]Garchomp||LifeOrb|RoughSkin|Earthquake,StompingTantrum,DragonClaw,Protect|||F|||50|,,,,,Fire
|showteam|p2|Whimsicott||CovertCloak|Prankster|Moonblast,Tailwind,Encore,Taunt|||F|||50|,,,,,Water]Dragonite||LoadedDice|Multiscale|ScaleShot,ExtremeSpeed,Haze,Protect|||F|||50|,,,,,Fairy]Gholdengo||ChoiceSpecs|GoodasGold|MakeItRain,ShadowBall,Thunderbolt,Trick||||||50|,,,,,Steel]Garchomp||LifeOrb|RoughSkin|DragonClaw,StompingTantrum,Earthquake,Protect|||F|||50|,,,,,Ground]Sneasler||FocusSash|Unburden|DireClaw,CloseCombat,Coaching,Protect|||F|||50|,,,,,Stellar]Incineroar||AssaultVest|Intimidate|FlareBlitz,KnockOff,Uturn,FakeOut|||F|||50|,,,,,Grass
|inactive|Battle timer is ON: inactive players will automatically lose when time's up. (requested by RaikuDraco)
|inactive|monkey stall has 60 seconds left.
|inactive|RaikuDraco has 60 seconds left.
|inactive|monkey stall has 30 seconds left.
|inactive|monkey stall has 20 seconds left.
|inactive|monkey stall has 15 seconds left.
|inactive|monkey stall has 10 seconds left.
|inactive|monkey stall has 5 seconds left.
|
|t:|1756779343
|teamsize|p1|4
|teamsize|p2|4
|start
|switch|p1a: Volcarona|Volcarona, L50, F|100/100
|switch|p1b: Ninetales|Ninetales-Alola, L50, M, shiny|100/100
|switch|p2a: Whimsicott|Whimsicott, L50, F|100/100
|switch|p2b: Dragonite|Dragonite, L50, F|100/100
|-weather|Snowscape|[from] ability: Snow Warning|[of] p1b: Ninetales
|turn|1
|
|t:|1756779365
|-terastallize|p2b: Dragonite|Fairy
|move|p2a: Whimsicott|Taunt|p1b: Ninetales
|-start|p1b: Ninetales|move: Taunt
|move|p1b: Ninetales|Blizzard|p2b: Dragonite|[spread] p2a,p2b
|-supereffective|p2a: Whimsicott
|-damage|p2a: Whimsicott|39/100
|-damage|p2b: Dragonite|86/100
|move|p1a: Volcarona|Quiver Dance|p1a: Volcarona
|-boost|p1a: Volcarona|spa|1
|-boost|p1a: Volcarona|spd|1
|-boost|p1a: Volcarona|spe|1
|move|p2b: Dragonite|Scale Shot|p1a: Volcarona
|-damage|p1a: Volcarona|82/100
|-crit|p1a: Volcarona
|-damage|p1a: Volcarona|54/100
|-damage|p1a: Volcarona|37/100
|-damage|p1a: Volcarona|20/100
|-hitcount|p1a: Volcarona|4
|-unboost|p2b: Dragonite|def|1
|-boost|p2b: Dragonite|spe|1
|
|-weather|Snowscape|[upkeep]
|-heal|p1a: Volcarona|26/100|[from] item: Leftovers
|upkeep
|turn|2
|inactive|RaikuDraco has 30 seconds left.
|inactive|monkey stall has 30 seconds left.
|inactive|RaikuDraco has 20 seconds left.
|
|t:|1756779409
|move|p1a: Volcarona|Protect|p1a: Volcarona
|-singleturn|p1a: Volcarona|Protect
|move|p2a: Whimsicott|Tailwind|p2a: Whimsicott
|-sidestart|p2: RaikuDraco|move: Tailwind
|move|p2b: Dragonite|Scale Shot|p1a: Volcarona
|-activate|p1a: Volcarona|move: Protect
|move|p1b: Ninetales|Blizzard|p2a: Whimsicott|[spread] p2a,p2b
|-supereffective|p2a: Whimsicott
|-damage|p2a: Whimsicott|0 fnt
|-damage|p2b: Dragonite|57/100
|-status|p2b: Dragonite|frz
|faint|p2a: Whimsicott
|
|-weather|Snowscape|[upkeep]
|-heal|p1a: Volcarona|32/100|[from] item: Leftovers
|upkeep
|
|t:|1756779432
|switch|p2a: Sneasler|Sneasler, L50, F|100/100
|turn|3
|inactive|RaikuDraco has 30 seconds left.
|
|t:|1756779459
|cant|p2b: Dragonite|frz
|move|p2a: Sneasler|Dire Claw|p1b: Ninetales
|-supereffective|p1b: Ninetales
|-damage|p1b: Ninetales|21/100
|move|p1a: Volcarona|Fiery Dance|p2a: Sneasler
|-damage|p2a: Sneasler|31/100
|-boost|p1a: Volcarona|spa|1
|move|p1b: Ninetales|Blizzard|p2a: Sneasler|[spread] p2a,p2b
|-damage|p2a: Sneasler|0 fnt
|-damage|p2b: Dragonite|26/100 frz
|faint|p2a: Sneasler
|
|-weather|Snowscape|[upkeep]
|-heal|p1a: Volcarona|39/100|[from] item: Leftovers
|-end|p1b: Ninetales|move: Taunt
|upkeep
|
|t:|1756779474
|switch|p2a: Gholdengo|Gholdengo, L50|100/100
|turn|4
|inactive|RaikuDraco has 30 seconds left.
|
|t:|1756779502
|move|p1a: Volcarona|Protect|p1a: Volcarona
|-singleturn|p1a: Volcarona|Protect
|-curestatus|p2b: Dragonite|frz|[msg]
|move|p2b: Dragonite|Extreme Speed|p1b: Ninetales
|-damage|p1b: Ninetales|0 fnt
|faint|p1b: Ninetales
|move|p2a: Gholdengo|Make It Rain|p1a: Volcarona
|-activate|p1a: Volcarona|move: Protect
|
|-weather|Snowscape|[upkeep]
|-heal|p1a: Volcarona|45/100|[from] item: Leftovers
|upkeep
|
|t:|1756779519
|switch|p1b: Dragonite|Dragonite, L50, F|100/100
|turn|5
|inactive|RaikuDraco has 30 seconds left.
|inactive|RaikuDraco has 20 seconds left.
|
|t:|1756779554
|move|p2b: Dragonite|Extreme Speed|p1b: Dragonite
|-damage|p1b: Dragonite|83/100
|move|p2a: Gholdengo|Make It Rain|p1a: Volcarona|[spread] p1a,p1b
|-resisted|p1a: Volcarona
|-damage|p1a: Volcarona|24/100
|-damage|p1b: Dragonite|5/100
|-unboost|p2a: Gholdengo|spa|1
|move|p1a: Volcarona|Fiery Dance|p2a: Gholdengo
|-supereffective|p2a: Gholdengo
|-damage|p2a: Gholdengo|0 fnt
|faint|p2a: Gholdengo
|move|p1b: Dragonite|Tailwind|p1b: Dragonite
|-sidestart|p1: monkey stall|move: Tailwind
|
|-weather|none
|-heal|p1a: Volcarona|31/100|[from] item: Leftovers
|-sideend|p2: RaikuDraco|move: Tailwind
|upkeep
|turn|6
|inactive|RaikuDraco has 30 seconds left.
|
|t:|1756779586
|switch|p1b: Annihilape|Annihilape, L50, M|100/100
|move|p2b: Dragonite|Extreme Speed|p1a: Volcarona
|-damage|p1a: Volcarona|0 fnt
|-status|p2b: Dragonite|brn|[from] ability: Flame Body|[of] p1a: Volcarona
|faint|p1a: Volcarona
|
|-damage|p2b: Dragonite|20/100 brn|[from] brn
|upkeep
|
|t:|1756779588
|switch|p1a: Dragonite|Dragonite, L50, F|5/100
|turn|7
|
|t:|1756779605
|-terastallize|p1b: Annihilape|Stellar
|move|p2b: Dragonite|Protect|p2b: Dragonite
|-singleturn|p2b: Dragonite|Protect
|move|p1b: Annihilape|Close Combat|p2b: Dragonite
|-activate|p2b: Dragonite|move: Protect
|move|p1a: Dragonite|Haze|p1a: Dragonite
|-clearallboost
|
|-damage|p2b: Dragonite|14/100 brn|[from] brn
|upkeep
|turn|8
|
|t:|1756779622
|move|p2b: Dragonite|Extreme Speed|p1a: Dragonite
|-damage|p1a: Dragonite|0 fnt
|faint|p1a: Dragonite
|move|p1b: Annihilape|Close Combat|p2b: Dragonite
|-resisted|p2b: Dragonite
|-damage|p2b: Dragonite|0 fnt
|-unboost|p1b: Annihilape|def|1
|-unboost|p1b: Annihilape|spd|1
|faint|p2b: Dragonite
|
|win|monkey stall
||monkey stall is ready for game 2.
||RaikuDraco is ready for game 2.
|uhtml|next|Next: Game 2 of 3
