|j|☆bankaimike
|j|☆ShinkaiEx
|html|bankaimikeShinkaiEx    
|uhtml|bestof|Game 1 of a best-of-3
|t:|1757636282
|gametype|doubles
|player|p1|bankaimike|alder|
|player|p2|ShinkaiEx|102|
|gen|9
|tier|[Gen 9] VGC 2025 Reg H (Bo3)
|rule|Species Clause: Limit one of each Pokémon
|rule|Item Clause: Limit 1 of each item
|clearpoke
|poke|p1|Haxorus, L50, M|
|poke|p1|Dondozo, L50, M|
|poke|p1|Tatsugiri, L50, M|
|poke|p1|Indeedee, L50, M|
|poke|p1|Sneasler, L50, M|
|poke|p1|Dragapult, L50, M|
|poke|p2|Excadrill, L50, M|
|poke|p2|Tyranitar, L50, M|
|poke|p2|Sneasler, L50, M|
|poke|p2|Indeedee, L50, M|
|poke|p2|Corviknight, L50, F|
|poke|p2|Annihilape, L50, M|
|teampreview|4
|showteam|p1|Haxorus||LoadedDice|Rivalry|ScaleShot,CloseCombat,Crunch,Protect|||M|||50|,,,,,Steel]Dondozo||CovertCloak|Unaware|TeraBlast,BodyPress,WaveCrash,Protect|||M|||50|,,,,,Poison]Tatsugiri||ChoiceScarf|Commander|MuddyWater,DragonPulse,DracoMeteor,IcyWind|||M|||50|,,,,,Steel]Indeedee||LifeOrb|PsychicSurge|ExpandingForce,HelpingHand,ShadowBall,Protect|||M|||50|,,,,,Psychic]Sneasler||PsychicSeed|Unburden|ThroatChop,DireClaw,CloseCombat,Protect|||M|||50|,,,,,Dark]Dragapult||ChoiceBand|ClearBody|DragonDarts,Uturn,Outrage,PhantomForce|||M|||50|,,,,,Dragon
|showteam|p2|Excadrill||FocusSash|SandRush|IronHead,HighHorsepower,Earthquake,Protect|||M|||50|,,,,,Stellar]Tyranitar||AssaultVest|SandStream|RockSlide,KnockOff,TeraBlast,LowKick|||M|||50|,,,,,Flying]Sneasler||PsychicSeed|Unburden|DireClaw,CloseCombat,ThroatChop,Protect|||M|||50|,,,,,Dark]Indeedee||ChoiceScarf|PsychicSurge|ExpandingForce,TeraBlast,HelpingHand,TrickRoom|||M|||50|,,,,,Psychic]Corviknight||Leftovers|MirrorArmor|BraveBird,BulkUp,Roost,Tailwind|||F|||50|,,,,,Dragon]Annihilape||SafetyGoggles|Defiant|CloseCombat,FinalGambit,RageFist,Taunt|||M|||50|,,,,,Water
|
|t:|1757636377
|teamsize|p1|4
|teamsize|p2|4
|start
|switch|p1a: Dondozo|Dondozo, L50, M|100/100
|switch|p1b: Haxorus|Haxorus, L50, M|100/100
|switch|p2a: Corviknight|Corviknight, L50, F|100/100
|switch|p2b: Sneasler|Sneasler, L50, M, shiny|100/100
|turn|1
|
|t:|1757636484
|switch|p1a: Dragapult|Dragapult, L50, M|100/100
|move|p2b: Sneasler|Protect|p2b: Sneasler
|-singleturn|p2b: Sneasler|Protect
|move|p1b: Haxorus|Scale Shot|p2b: Sneasler
|-activate|p2b: Sneasler|move: Protect
|move|p2a: Corviknight|Tailwind|p2a: Corviknight
|-sidestart|p2: ShinkaiEx|move: Tailwind
|
|upkeep
|turn|2
|
|t:|1757636542
|move|p2b: Sneasler|Throat Chop|p1a: Dragapult
|-supereffective|p1a: Dragapult
|-damage|p1a: Dragapult|8/100
|-start|p1a: Dragapult|Throat Chop|[silent]
|move|p1a: Dragapult|Phantom Force||[still]
|-prepare|p1a: Dragapult|Phantom Force
|move|p2a: Corviknight|Bulk Up|p2a: Corviknight
|-boost|p2a: Corviknight|atk|1
|-boost|p2a: Corviknight|def|1
|move|p1b: Haxorus|Scale Shot|p2b: Sneasler
|-damage|p2b: Sneasler|69/100
|-damage|p2b: Sneasler|33/100
|-damage|p2b: Sneasler|0 fnt
|faint|p2b: Sneasler
|-hitcount|p2: Sneasler|3
|-unboost|p1b: Haxorus|def|1
|-boost|p1b: Haxorus|spe|1
|
|upkeep
|
|t:|1757636558
|switch|p2b: Indeedee|Indeedee, L50, M, shiny|100/100
|-fieldstart|move: Psychic Terrain|[from] ability: Psychic Surge|[of] p2b: Indeedee
|turn|3
|
|t:|1757636580
|move|p1b: Haxorus|Protect|p1b: Haxorus
|-singleturn|p1b: Haxorus|Protect
|move|p2b: Indeedee|Expanding Force|p1b: Haxorus|[spread] 
|-miss|p2b: Indeedee|p1a: Dragapult
|-activate|p1b: Haxorus|move: Protect
|move|p1a: Dragapult|Phantom Force|p2a: Corviknight|[from] lockedmove
|-damage|p2a: Corviknight|64/100
|move|p2a: Corviknight|Brave Bird|p1a: Dragapult
|-damage|p1a: Dragapult|0 fnt
|faint|p1a: Dragapult
|-damage|p2a: Corviknight|62/100|[from] Recoil
|
|-heal|p2a: Corviknight|68/100|[from] item: Leftovers
|upkeep
|
|t:|1757636621
|switch|p1a: Dondozo|Dondozo, L50, M|100/100
|turn|4
|
|t:|1757636635
|-terastallize|p1b: Haxorus|Steel
|move|p1a: Dondozo|Protect|p1a: Dondozo
|-singleturn|p1a: Dondozo|Protect
|move|p2b: Indeedee|Expanding Force|p1b: Haxorus|[spread] p1b
|-activate|p1a: Dondozo|move: Protect
|-resisted|p1b: Haxorus
|-damage|p1b: Haxorus|52/100
|move|p1b: Haxorus|Scale Shot|p2b: Indeedee
|-damage|p2b: Indeedee|61/100
|-damage|p2b: Indeedee|21/100
|-damage|p2b: Indeedee|0 fnt
|faint|p2b: Indeedee
|-hitcount|p2: Indeedee|3
|-unboost|p1b: Haxorus|def|1
|-boost|p1b: Haxorus|spe|1
|move|p2a: Corviknight|Roost|p2a: Corviknight
|-heal|p2a: Corviknight|100/100
|-singleturn|p2a: Corviknight|move: Roost
|
|-sideend|p2: ShinkaiEx|move: Tailwind
|upkeep
|
|t:|1757636647
|switch|p2b: Annihilape|Annihilape, L50, M|100/100
|turn|5
|
|t:|1757636668
|move|p1b: Haxorus|Scale Shot|p2b: Annihilape
|-damage|p2b: Annihilape|83/100
|-damage|p2b: Annihilape|64/100
|-damage|p2b: Annihilape|45/100
|-crit|p2b: Annihilape
|-damage|p2b: Annihilape|14/100
|-damage|p2b: Annihilape|0 fnt
|faint|p2b: Annihilape
|-hitcount|p2: Annihilape|5
|-unboost|p1b: Haxorus|def|1
|-boost|p1b: Haxorus|spe|1
|move|p2a: Corviknight|Brave Bird|p1b: Haxorus
|-resisted|p1b: Haxorus
|-damage|p1b: Haxorus|0 fnt
|faint|p1b: Haxorus
|-damage|p2a: Corviknight|88/100|[from] Recoil
|move|p1a: Dondozo|Wave Crash|p2a: Corviknight
|-damage|p2a: Corviknight|46/100
|-damage|p1a: Dondozo|89/100|[from] Recoil
|
|-heal|p2a: Corviknight|52/100|[from] item: Leftovers
|upkeep
|
|t:|1757636689
|switch|p1b: Tatsugiri|Tatsugiri, L50, M|100/100
|-activate|p1b: Tatsugiri|ability: Commander|[of] p1a: Dondozo
|-boost|p1a: Dondozo|atk|2
|-boost|p1a: Dondozo|spa|2
|-boost|p1a: Dondozo|spe|2
|-boost|p1a: Dondozo|def|2
|-boost|p1a: Dondozo|spd|2
|turn|6
|
|t:|1757636692
|move|p1a: Dondozo|Wave Crash|p2a: Corviknight
|-damage|p2a: Corviknight|0 fnt
|faint|p2a: Corviknight
|-damage|p1a: Dondozo|74/100|[from] Recoil
|
|win|bankaimike
||bankaimike is ready for game 2.
|inactive|ShinkaiEx has 30 seconds to confirm battle start!
||ShinkaiEx is ready for game 2.
|uhtml|next|Next: Game 2 of 3
