|j|☆lets buy packs
|j|☆EdRedRyan
|html|lets buy packsEdRedRyan    
|uhtml|bestof|Game 1 of a best-of-3
|t:|1783948969
|gametype|doubles
|player|p1|lets buy packs|red-masters3|1175
|player|p2|EdRedRyan|gambler|1072
|gen|9
|tier|[Gen 9 Champions] VGC 2026 Reg M-B (Bo3)
|rated|
|rule|Species Clause: Limit one of each Pokémon
|rule|Item Clause: Limit 1 of each item
|clearpoke
|poke|p1|Farigiraf, L50, F|
|poke|p1|Incineroar, L50, F|
|poke|p1|Gardevoir, L50, M, shiny|
|poke|p1|Torkoal, L50, M|
|poke|p1|Mudsdale, L50, M|
|poke|p1|Vivillon-Marine, L50, M|
|poke|p2|Talonflame, L50, F|
|poke|p2|Garchomp, L50, M|
|poke|p2|Tinkaton, L50, F|
|poke|p2|Meowscarada, L50, M|
|poke|p2|Froslass, L50, F|
|poke|p2|Kleavor, L50, M|
|teampreview|4
|showteam|p1|Farigiraf||ColburBerry|ArmorTail|Psychic,Thunderbolt,TrickRoom,Protect|Sassy||F|||50|]Incineroar||BlackGlasses|Intimidate|FakeOut,FlareBlitz,DarkestLariat,PartingShot|Adamant||F|||50|]Gardevoir||Gardevoirite|Telepathy|HyperVoice,Psychic,TrickRoom,Protect|Quiet||M|||50|]Torkoal||Charcoal|Drought|Eruption,Flamethrower,SolarBeam,Protect|Quiet||M|||50|]Mudsdale||LifeOrb|InnerFocus|Earthquake,HighHorsepower,RockSlide,HeavySlam|Brave||M|||50|]Vivillon-Marine||FocusSash|CompoundEyes|Hurricane,SleepPowder,RagePowder,Protect|Timid||M|||50|
|showteam|p2|Talonflame||FocusSash|GaleWings|Tailwind,Taunt,Acrobatics,BlazeKick|Adamant||F|||50|]Garchomp||LifeOrb|SandVeil|Earthquake,RockSlide,DragonClaw,Protect|Adamant||M|||50|]Tinkaton||SitrusBerry|MoldBreaker|FakeOut,GigatonHammer,PlayRough,Protect|Adamant||F|||50|]Meowscarada||MuscleBand|Protean|TripleAxel,FlowerTrick,KnockOff,Protect|Adamant||M|||50|]Froslass||Froslassite|SnowCloak|Blizzard,AuroraVeil,ShadowBall,Protect|Modest||F|||50|]Kleavor||ExpertBelt|Sharpness|XScissor,StoneAxe,HelpingHand,Protect|Adamant||M|||50|
|inactive|Battle timer is ON: inactive players will automatically lose when time's up. (requested by lets buy packs)
|inactive|EdRedRyan has 60 seconds left.
|
|t:|1783949024
|teamsize|p1|4
|teamsize|p2|4
|start
|switch|p1a: Incineroar|Incineroar, L50, F|100/100
|switch|p1b: Farigiraf|Farigiraf, L50, F|100/100
|switch|p2a: Talonflame|Talonflame, L50, F|100/100
|switch|p2b: Kleavor|Kleavor, L50, M|100/100
|-ability|p1a: Incineroar|Intimidate|boost
|-unboost|p2a: Talonflame|atk|1
|-unboost|p2b: Kleavor|atk|1
|turn|1
|
|t:|1783949041
|move|p1a: Incineroar|Fake Out|p2a: Talonflame
|-damage|p2a: Talonflame|80/100
|cant|p2a: Talonflame|flinch
|move|p2b: Kleavor|Stone Axe|p1a: Incineroar
|-supereffective|p1a: Incineroar|1
|-damage|p1a: Incineroar|7/100
|-sidestart|p1: lets buy packs|move: Stealth Rock
|move|p1b: Farigiraf|Trick Room|p1b: Farigiraf
|-fieldstart|move: Trick Room|[of] p1b: Farigiraf
|
|upkeep
|turn|2
|inactive|EdRedRyan has 30 seconds left.
|inactive|EdRedRyan has 20 seconds left.
|
|t:|1783949080
|move|p1b: Farigiraf|Thunderbolt|p2a: Talonflame
|-supereffective|p2a: Talonflame|1
|-damage|p2a: Talonflame|14/100
|move|p1a: Incineroar|Darkest Lariat|p2a: Talonflame
|-damage|p2a: Talonflame|0 fnt
|faint|p2a: Talonflame
|move|p2b: Kleavor|Stone Axe|p1a: Incineroar
|-supereffective|p1a: Incineroar|1
|-damage|p1a: Incineroar|0 fnt
|faint|p1a: Incineroar
|
|upkeep
|
|t:|1783949093
|switch|p1a: Gardevoir|Gardevoir, L50, M, shiny|100/100
|switch|p2a: Froslass|Froslass, L50, F|100/100
|-damage|p1a: Gardevoir|88/100|[from] Stealth Rock
|turn|3
|
|t:|1783949108
|detailschange|p1a: Gardevoir|Gardevoir-Mega, L50, M, shiny
|-mega|p1a: Gardevoir|Gardevoir|Gardevoirite
|detailschange|p2a: Froslass|Froslass-Mega, L50, F
|-mega|p2a: Froslass|Froslass|Froslassite
|-weather|Snowscape|[from] ability: Snow Warning|[of] p2a: Froslass
|move|p2a: Froslass|Protect|p2a: Froslass
|-singleturn|p2a: Froslass|Protect
|move|p1b: Farigiraf|Psychic|p2b: Kleavor
|-damage|p2b: Kleavor|46/100
|move|p1a: Gardevoir|Hyper Voice|p2a: Froslass|[spread] p2b
|-activate|p2a: Froslass|move: Protect
|-damage|p2b: Kleavor|0 fnt
|faint|p2b: Kleavor
|
|-weather|Snowscape|[upkeep]
|upkeep
|
|t:|1783949121
|switch|p2b: Meowscarada|Meowscarada, L50, M|100/100
|turn|4
|
|t:|1783949141
|switch|p1b: Torkoal|Torkoal, L50, M|100/100
|-damage|p1b: Torkoal|75/100|[from] Stealth Rock
|-weather|SunnyDay|[from] ability: Drought|[of] p1b: Torkoal
|move|p1a: Gardevoir|Hyper Voice|p2a: Froslass|[spread] p2a,p2b
|-supereffective|p2b: Meowscarada|1
|-damage|p2a: Froslass|39/100
|-damage|p2b: Meowscarada|0 fnt
|faint|p2b: Meowscarada
|move|p2a: Froslass|Blizzard|p1b: Torkoal|[spread] p1b
|-miss|p2a: Froslass|p1a: Gardevoir
|-resisted|p1b: Torkoal|1
|-damage|p1b: Torkoal|42/100
|
|-weather|SunnyDay|[upkeep]
|upkeep
|turn|5
|-message|EdRedRyan forfeited.
|
|win|lets buy packs
