|j|☆Prizical
|j|☆tilremo
|html|Prizicaltilremo    
|uhtml|bestof|Game 2 of a best-of-3
|t:|1784936206
|gametype|doubles
|player|p1|Prizical|youngster-gen4dp|
|player|p2|tilremo|169|
|gen|9
|tier|[Gen 9 Champions] VGC 2026 Reg M-B (Bo3)
|rule|Species Clause: Limit one of each Pokémon
|rule|Item Clause: Limit 1 of each item
|clearpoke
|poke|p1|Floette-Eternal, L50, F|
|poke|p1|Talonflame, L50, M|
|poke|p1|Kangaskhan, L50, F|
|poke|p1|Espathra, L50, F|
|poke|p1|Rotom-Wash, L50|
|poke|p1|Ceruledge, L50, M|
|poke|p2|Lopunny, L50, F|
|poke|p2|Garchomp, L50, M|
|poke|p2|Sableye, L50, M|
|poke|p2|Ariados, L50, F|
|poke|p2|Skarmory, L50, M|
|poke|p2|Eelektross, L50, F|
|teampreview|4
|showteam|p1|Floette-Eternal||Floettite|FlowerVeil|LightofRuin,DazzlingGleam,Moonblast,Protect|Modest||F|||50|]Talonflame||FocusSash|GaleWings|BraveBird,Protect,WillOWisp,Tailwind|Adamant||M|||50|]Kangaskhan||Kangaskhanite|Scrappy|FakeOut,Protect,DoubleEdge,BrickBreak|Adamant||F|||50|]Espathra||MentalHerb|SpeedBoost|CalmMind,BatonPass,Protect,LuminaCrash|Calm||F|||50|]Rotom-Wash||ChoiceScarf|Levitate|Electroweb,WillOWisp,HydroPump,Thunderbolt|Modest|||||50|]Ceruledge||SitrusBerry|FlashFire|BitterBlade,CloseCombat,Protect,Taunt|Adamant||M|||50|
|showteam|p2|Lopunny||Lopunnite|Limber|CloseCombat,FakeOut,Facade,Protect|Jolly||F|||50|]Garchomp||LifeOrb|RoughSkin|RockSlide,Earthquake,ScaleShot,Protect|Jolly||M|||50|]Sableye||Leftovers|Prankster|FakeOut,Quash,Encore,Taunt|Impish||M|||50|]Ariados||SitrusBerry|Swarm|PoisonJab,StringShot,FirstImpression,RagePowder|Adamant||F|||50|]Skarmory||MetalCoat|Sturdy|IronHead,RockSlide,BodyPress,Tailwind|Adamant||M|||50|]Eelektross||Eelektrossite|Levitate|ThunderPunch,BrickBreak,Crunch,IronTail|Adamant||F|||50|
|
|t:|1784936299
|teamsize|p1|4
|teamsize|p2|4
|start
|switch|p1a: Talonflame|Talonflame, L50, M|100/100
|switch|p1b: Kangaskhan|Kangaskhan, L50, F|100/100
|switch|p2a: Eeleven|Eelektross, L50, F|100/100
|switch|p2b: Neil|Sableye, L50, M|100/100
|turn|1
|
|t:|1784936358
|detailschange|p2a: Eeleven|Eelektross-Mega, L50, F
|-mega|p2a: Eeleven|Eelektross|Eelektrossite
|move|p1a: Talonflame|Protect|p1a: Talonflame
|-singleturn|p1a: Talonflame|Protect
|move|p1b: Kangaskhan|Fake Out|p2a: Eeleven
|-damage|p2a: Eeleven|79/100
|move|p2b: Neil|Fake Out|p1a: Talonflame
|-activate|p1a: Talonflame|move: Protect
|cant|p2a: Eeleven|flinch
|
|upkeep
|turn|2
|
|t:|1784936396
|move|p1a: Talonflame|Tailwind|p1a: Talonflame
|-sidestart|p1: Prizical|move: Tailwind
|move|p2b: Neil|Encore|p1b: Kangaskhan
|-start|p1b: Kangaskhan|Encore
|move|p1b: Kangaskhan|Fake Out||[still]
|-hint|Fake Out only works on your first turn out.
|-fail|p1b: Kangaskhan
|move|p2a: Eeleven|Thunder Punch|p1a: Talonflame
|-supereffective|p1a: Talonflame|1
|-enditem|p1a: Talonflame|Focus Sash
|-damage|p1a: Talonflame|1/100
|
|upkeep
|turn|3
|
|t:|1784936413
|switch|p1a: Rotom|Rotom-Wash, L50|100/100
|move|p2b: Neil|Quash||[still]
|-fail|p2b: Neil
|-activate|p1b: Kangaskhan|move: Struggle
|move|p1b: Kangaskhan|Struggle|p2a: Eeleven
|-damage|p2a: Eeleven|60/100
|-damage|p1b: Kangaskhan|75/100|[from] recoil
|move|p2a: Eeleven|Thunder Punch|p1a: Rotom
|-damage|p1a: Rotom|51/100
|
|upkeep
|turn|4
|
|t:|1784936452
|switch|p1b: Talonflame|Talonflame, L50, M|1/100
|move|p2b: Neil|Quash|p1a: Rotom
|-activate|p1a: Rotom|move: Quash
|move|p2a: Eeleven|Thunder Punch|p1a: Rotom
|-damage|p1a: Rotom|0 fnt
|faint|p1a: Rotom
|-ability|p2a: Eeleven|Eelevate|boost
|-boost|p2a: Eeleven|atk|1
|
|upkeep
|
|t:|1784936463
|switch|p1a: Floette|Floette-Eternal, L50, F|100/100
|turn|5
|
|t:|1784936497
|detailschange|p1a: Floette|Floette-Mega, L50, F
|-mega|p1a: Floette|Floette|Floettite
|-ability|p1a: Floette|Fairy Aura
|move|p2b: Neil|Quash|p1a: Floette
|-activate|p1a: Floette|move: Quash
|move|p1b: Talonflame|Brave Bird|p2b: Neil
|-damage|p2b: Neil|45/100
|-damage|p1b: Talonflame|0 fnt|[from] Recoil
|faint|p1b: Talonflame
|move|p2a: Eeleven|Iron Tail|p1a: Floette|[miss]
|-miss|p2a: Eeleven|p1a: Floette
|move|p1a: Floette|Dazzling Gleam|p2a: Eeleven|[spread] p2a,p2b
|-supereffective|p2b: Neil|1
|-damage|p2a: Eeleven|13/100
|-damage|p2b: Neil|0 fnt
|faint|p2b: Neil
|
|-sideend|p1: Prizical|move: Tailwind
|upkeep
|
|t:|1784936515
|switch|p1b: Kangaskhan|Kangaskhan, L50, F|75/100
|switch|p2b: Nikki|Ariados, L50, F|100/100
|turn|6
|
|t:|1784936562
|move|p1a: Floette|Dazzling Gleam|p2b: Nikki|[spread] p2a,p2b
|-resisted|p2b: Nikki|1
|-damage|p2a: Eeleven|0 fnt
|-damage|p2b: Nikki|68/100
|faint|p2a: Eeleven
|move|p1b: Kangaskhan|Double-Edge|p2b: Nikki
|-damage|p2b: Nikki|0 fnt
|faint|p2b: Nikki
|-damage|p1b: Kangaskhan|56/100|[from] Recoil
|
|upkeep
|
|t:|1784936572
|switch|p2a: Longshanks|Garchomp, L50, M|100/100
|turn|7
|c|☆tilremo|gg
|
|t:|1784936584
|move|p2a: Longshanks|Earthquake|p1a: Floette|[spread] p1a,p1b
|-damage|p1a: Floette|30/100
|-damage|p1b: Kangaskhan|6/100
|-damage|p2a: Longshanks|90/100|[from] item: Life Orb
|move|p1a: Floette|Moonblast|p2a: Longshanks
|-supereffective|p2a: Longshanks|1
|-damage|p2a: Longshanks|0 fnt
|faint|p2a: Longshanks
|
|win|Prizical
|inactive|Prizical has 30 seconds to confirm battle start!
|inactive|tilremo has 30 seconds to confirm battle start!
||Prizical is ready for game 3.
|inactive|tilremo has 20 seconds to confirm battle start!
||tilremo is ready for game 3.
|uhtml|next|Next: Game 3 of 3
