|j|☆Zacharykeith
|j|☆Joker113
|html|ZacharykeithJoker113    
|uhtml|bestof|Game 1 of a best-of-3
|t:|1757761908
|gametype|doubles
|player|p1|Zacharykeith|fisherman-gen4|1140
|player|p2|Joker113|170|1020
|gen|9
|tier|[Gen 9] VGC 2025 Reg H (Bo3)
|rated|
|rule|Species Clause: Limit one of each Pokémon
|rule|Item Clause: Limit 1 of each item
|clearpoke
|poke|p1|Baxcalibur, L50, M|
|poke|p1|Kingambit, L50, F|
|poke|p1|Dondozo, L50, M|
|poke|p1|Rillaboom, L50, M|
|poke|p1|Magmar, L50, M|
|poke|p1|Sneasler, L50, M|
|poke|p2|Farigiraf, L50, F|
|poke|p2|Amoonguss, L50, F|
|poke|p2|Ursaluna, L50, M|
|poke|p2|Gholdengo, L50|
|poke|p2|Incineroar, L50, F|
|poke|p2|Slowbro, L50, F|
|teampreview|4
|showteam|p1|Baxcalibur||LoadedDice|ThermalExchange|IcicleSpear,IceShard,ScaleShot,Protect|||M|||50|,,,,,Ghost]Kingambit||BlackGlasses|Defiant|SuckerPunch,KowtowCleave,SwordsDance,Protect|||F|||50|,,,,,Dark]Dondozo||Leftovers|Unaware|WaveCrash,Fissure,Yawn,Protect|||M|||50|,,,,,Grass]Rillaboom||AssaultVest|GrassySurge|FakeOut,GrassyGlide,WoodHammer,Uturn|||M|||50|,,,,,Fire]Magmar||Eviolite|VitalSpirit|Overheat,WillOWisp,FollowMe,Protect|||M|||50|,,,,,Fairy]Sneasler||FocusSash|PoisonTouch|DireClaw,CloseCombat,Coaching,Protect|||M|||50|,,,,,Stellar
|showteam|p2|Farigiraf||ThroatSpray|ArmorTail|TrickRoom,Psychic,HelpingHand,HyperVoice|||F|||50|,,,,,Grass]Amoonguss||SitrusBerry|Regenerator|SludgeBomb,RagePowder,Spore,Protect|||F|||50|,,,,,Water]Ursaluna||FlameOrb|Guts|Earthquake,Facade,HeadlongRush,Protect|||M|||50|,,,,,Ghost]Gholdengo||FocusSash|GoodasGold|MakeItRain,ShadowBall,NastyPlot,Protect||||||50|,,,,,Steel]Incineroar||CovertCloak|Intimidate|FlareBlitz,FakeOut,KnockOff,PartingShot|||F|||50|,,,,,Water]Slowbro||RockyHelmet|Regenerator|BodyPress,HealPulse,MuddyWater,IronDefense|||F|||50|,,,,,Fighting
|
|t:|1757761944
|teamsize|p1|4
|teamsize|p2|4
|start
|switch|p1a: Metal T-Rex|Baxcalibur, L50, M|100/100
|switch|p1b: Forest Dude|Rillaboom, L50, M, shiny|100/100
|switch|p2a: Amoonguss|Amoonguss, L50, F|100/100
|switch|p2b: Farigiraf|Farigiraf, L50, F|100/100
|-fieldstart|move: Grassy Terrain|[from] ability: Grassy Surge|[of] p1b: Forest Dude
|turn|1
|inactive|Battle timer is ON: inactive players will automatically lose when time's up. (requested by Joker113)
|
|t:|1757761959
|move|p1a: Metal T-Rex|Icicle Spear|p2b: Farigiraf
|-damage|p2b: Farigiraf|84/100
|-damage|p2b: Farigiraf|67/100
|-damage|p2b: Farigiraf|51/100
|-damage|p2b: Farigiraf|35/100
|-hitcount|p2b: Farigiraf|4
|move|p1b: Forest Dude|U-turn|p2b: Farigiraf
|-supereffective|p2b: Farigiraf
|-damage|p2b: Farigiraf|0 fnt
|faint|p2b: Farigiraf
|
|t:|1757761973
|switch|p1b: Donbozo|Dondozo, L50, M, shiny|100/100|[from] U-turn
|move|p2a: Amoonguss|Spore|p1a: Metal T-Rex
|-status|p1a: Metal T-Rex|slp|[from] move: Spore
|
|upkeep
|
|t:|1757761983
|switch|p2b: Gholdengo|Gholdengo, L50|100/100
|turn|2
|inactive|Zacharykeith has 30 seconds left.
|
|t:|1757762010
|switch|p1a: Forest Dude|Rillaboom, L50, M, shiny|100/100
|-terastallize|p1b: Donbozo|Grass
|move|p2a: Amoonguss|Rage Powder|p2a: Amoonguss
|-singleturn|p2a: Amoonguss|move: Rage Powder
|move|p2b: Gholdengo|Nasty Plot|p2b: Gholdengo
|-boost|p2b: Gholdengo|spa|2
|move|p1b: Donbozo|Yawn|p2a: Amoonguss
|-start|p2a: Amoonguss|move: Yawn|[of] p1b: Donbozo
|
|upkeep
|turn|3
|inactive|Zacharykeith has 30 seconds left.
|
|t:|1757762037
|switch|p2a: Ursaluna|Ursaluna, L50, M|100/100
|-terastallize|p2b: Gholdengo|Steel
|move|p1a: Forest Dude|Wood Hammer|p2b: Gholdengo
|-resisted|p2b: Gholdengo
|-damage|p2b: Gholdengo|66/100
|-damage|p1a: Forest Dude|90/100|[from] Recoil
|move|p2b: Gholdengo|Make It Rain|p1b: Donbozo|[spread] p1a,p1b
|-damage|p1a: Forest Dude|0 fnt
|-damage|p1b: Donbozo|53/100
|-unboost|p2b: Gholdengo|spa|1
|faint|p1a: Forest Dude
|move|p1b: Donbozo|Fissure|p2b: Gholdengo|[miss]
|-miss|p1b: Donbozo|p2b: Gholdengo
|
|-heal|p2b: Gholdengo|72/100|[from] Grassy Terrain
|-heal|p1b: Donbozo|59/100|[from] Grassy Terrain
|-heal|p1b: Donbozo|65/100|[from] item: Leftovers
|-status|p2a: Ursaluna|brn|[from] item: Flame Orb
|upkeep
|
|t:|1757762055
|switch|p1a: King Bug|Kingambit, L50, F, shiny|100/100
|turn|4
|
|t:|1757762077
|move|p1a: King Bug|Sucker Punch||[still]
|-fail|p1a: King Bug
|move|p2b: Gholdengo|Nasty Plot|p2b: Gholdengo
|-boost|p2b: Gholdengo|spa|2
|move|p1b: Donbozo|Fissure|p2a: Ursaluna|[miss]
|-miss|p1b: Donbozo|p2a: Ursaluna
|move|p2a: Ursaluna|Headlong Rush|p1a: King Bug
|-supereffective|p1a: King Bug
|-damage|p1a: King Bug|0 fnt
|-unboost|p2a: Ursaluna|def|1
|-unboost|p2a: Ursaluna|spd|1
|faint|p1a: King Bug
|
|-heal|p2b: Gholdengo|78/100|[from] Grassy Terrain
|-heal|p1b: Donbozo|72/100|[from] Grassy Terrain
|-heal|p1b: Donbozo|78/100|[from] item: Leftovers
|-damage|p2a: Ursaluna|95/100 brn|[from] brn
|upkeep
|
|t:|1757762091
|switch|p1a: Metal T-Rex|Baxcalibur, L50, M|100/100 slp
|turn|5
|
|t:|1757762098
|cant|p1a: Metal T-Rex|slp
|move|p2b: Gholdengo|Make It Rain|p1b: Donbozo|[spread] p1a,p1b
|-supereffective|p1a: Metal T-Rex
|-damage|p1a: Metal T-Rex|0 fnt
|-damage|p1b: Donbozo|27/100
|-unboost|p2b: Gholdengo|spa|1
|faint|p1a: Metal T-Rex
|move|p1b: Donbozo|Fissure|p2a: Ursaluna|[miss]
|-miss|p1b: Donbozo|p2a: Ursaluna
|move|p2a: Ursaluna|Facade|p1b: Donbozo
|-damage|p1b: Donbozo|0 fnt
|faint|p1b: Donbozo
|
|win|Joker113
