|j|☆yzuii
|j|☆gamemaster54
|html|yzuiigamemaster54    
|uhtml|bestof|Game 2 of a best-of-3
|t:|1786080425
|gametype|doubles
|player|p1|yzuii|kimonogirl|
|player|p2|gamemaster54|gambler|
|gen|9
|tier|[Gen 9 Champions] VGC 2026 Reg M-B (Bo3)
|rule|Species Clause: Limit one of each Pokémon
|rule|Item Clause: Limit 1 of each item
|clearpoke
|poke|p1|Gengar, L50, M|
|poke|p1|Politoed, L50, M|
|poke|p1|Incineroar, L50, F|
|poke|p1|Sinistcha, L50|
|poke|p1|Annihilape, L50, F|
|poke|p1|Grimmsnarl, L50, M|
|poke|p2|Hatterene, L50, F|
|poke|p2|Metagross, L50|
|poke|p2|Archaludon, L50, F|
|poke|p2|Golurk, L50|
|poke|p2|Aerodactyl, L50, M|
|poke|p2|Farigiraf, L50, F|
|teampreview|4
|showteam|p1|Gengar||Gengarite|CursedBody|ShadowBall,Disable,Protect,PerishSong|Timid||M|||50|]Politoed||SitrusBerry|Drizzle|PerishSong,Protect,Encore,WeatherBall|Bold||M|||50|]Incineroar||PasshoBerry|Intimidate|PartingShot,FakeOut,ThroatChop,Protect|Sassy||F|||50|]Sinistcha||KasibBerry|Hospitality|RagePowder,TrickRoom,Protect,MatchaGotcha|Relaxed|||||50|]Annihilape||Leftovers|Defiant|Protect,DrainPunch,BulkUp,RageFist|Adamant||F|||50|]Grimmsnarl||LightClay|Prankster|SpiritBreak,PartingShot,Reflect,LightScreen|Careful||M|||50|
|showteam|p2|Hatterene||FocusSash|MagicBounce|TrickRoom,Psychic,DarkPulse,GigaDrain|Modest||F|||50|]Metagross||Metagrossite|ClearBody|PsychicFangs,BodyPress,Protect,IronHead|Adamant|||||50|]Archaludon||LifeOrb|Stamina|ElectroShot,IronDefense,Protect,FlashCannon|Quiet||F|||50|]Golurk||ExpertBelt|NoGuard|Earthquake,LowSweep,HeavySlam,Poltergeist|Impish|||||50|]Aerodactyl||Aerodactylite|Unnerve|RockSlide,Tailwind,DualWingbeat,IceFang|Jolly||M|||50|]Farigiraf||SitrusBerry|ArmorTail|TrickRoom,AllySwitch,HelpingHand,DazzlingGleam|Sassy||F|||50|
|l|☆yzuii
|player|p1|
|inactive|Battle timer is ON: inactive players will automatically lose when time's up. (requested by gamemaster54)
|inactive|yzuii has 270 seconds to reconnect!
|inactive|gamemaster54 has 60 seconds left.
|j|☆yzuii
|inactive|yzuii reconnected and has 90 seconds left.
|player|p1|yzuii|kimonogirl|
|
|t:|1786080496
|teamsize|p1|4
|teamsize|p2|4
|start
|switch|p1a: Protect the Queen|Gengar, L50, M|100/100
|switch|p1b: Pawn|Incineroar, L50, F|100/100
|switch|p2a: Hatterene|Hatterene, L50, F|100/100
|switch|p2b: Archaludon|Archaludon, L50, F|100/100
|-ability|p1b: Pawn|Intimidate|boost
|-unboost|p2a: Hatterene|atk|1
|-unboost|p2b: Archaludon|atk|1
|turn|1
|inactive|gamemaster54 has 30 seconds left.
|
|t:|1786080522
|switch|p2b: Farigiraf|Farigiraf, L50, F|100/100
|detailschange|p1a: Protect the Queen|Gengar-Mega, L50, M
|-mega|p1a: Protect the Queen|Gengar|Gengarite
|move|p1b: Pawn|Fake Out||[still]
|cant|p2b: Farigiraf|ability: Armor Tail|Fake Out|[of] p1b: Pawn
|move|p1a: Protect the Queen|Perish Song|p1a: Protect the Queen
|-start|p1a: Protect the Queen|perish3|[silent]
|-start|p1b: Pawn|perish3|[silent]
|-start|p2a: Hatterene|perish3|[silent]
|-start|p2b: Farigiraf|perish3|[silent]
|-fieldactivate|move: Perish Song
|move|p2a: Hatterene|Dark Pulse|p1a: Protect the Queen
|-supereffective|p1a: Protect the Queen|1
|-damage|p1a: Protect the Queen|36/100
|
|-start|p1a: Protect the Queen|perish3
|-start|p2b: Farigiraf|perish3
|-start|p1b: Pawn|perish3
|-start|p2a: Hatterene|perish3
|upkeep
|turn|2
|
|t:|1786080543
|move|p1a: Protect the Queen|Protect|p1a: Protect the Queen
|-singleturn|p1a: Protect the Queen|Protect
|move|p1b: Pawn|Parting Shot|p2b: Farigiraf
|-unboost|p2b: Farigiraf|atk|1
|-unboost|p2b: Farigiraf|spa|1
|
|t:|1786080548
|switch|p1b: Rook|Sinistcha, L50|100/100|[from] Parting Shot
|-heal|p1a: Protect the Queen|61/100|[from] ability: Hospitality|[of] p1b: Rook
|move|p2b: Farigiraf|Dazzling Gleam|p1a: Protect the Queen|[spread] p1b
|-activate|p1a: Protect the Queen|move: Protect
|-damage|p1b: Rook|89/100
|move|p2a: Hatterene|Trick Room|p2a: Hatterene
|-fieldstart|move: Trick Room|[of] p2a: Hatterene
|
|-start|p2a: Hatterene|perish2
|-start|p2b: Farigiraf|perish2
|-start|p1a: Protect the Queen|perish2
|upkeep
|turn|3
|inactive|yzuii has 30 seconds left.
|
|t:|1786080573
|move|p2b: Farigiraf|Helping Hand|p2a: Hatterene
|-singleturn|p2a: Hatterene|Helping Hand|[of] p2b: Farigiraf
|move|p1b: Rook|Rage Powder|p1b: Rook
|-singleturn|p1b: Rook|move: Rage Powder
|move|p2a: Hatterene|Dark Pulse|p1b: Rook
|-supereffective|p1b: Rook|1
|-damage|p1b: Rook|2/100
|move|p1a: Protect the Queen|Shadow Ball|p2a: Hatterene
|-supereffective|p2a: Hatterene|1
|-enditem|p2a: Hatterene|Focus Sash
|-damage|p2a: Hatterene|1/100
|
|-start|p2a: Hatterene|perish1
|-start|p2b: Farigiraf|perish1
|-start|p1a: Protect the Queen|perish1
|upkeep
|turn|4
|
|t:|1786080592
|switch|p1b: King|Politoed, L50, M|100/100
|-weather|RainDance|[from] ability: Drizzle|[of] p1b: King
|switch|p1a: Pawn|Incineroar, L50, F|100/100
|-ability|p1a: Pawn|Intimidate|boost
|-unboost|p2a: Hatterene|atk|1
|-unboost|p2b: Farigiraf|atk|1
|move|p2a: Hatterene|Dark Pulse|p1a: Pawn
|-resisted|p1a: Pawn|1
|-damage|p1a: Pawn|89/100
|move|p2b: Farigiraf|Dazzling Gleam|p1b: King|[spread] p1a,p1b
|-damage|p1a: Pawn|80/100
|-damage|p1b: King|91/100
|
|-weather|RainDance|[upkeep]
|-start|p2a: Hatterene|perish0
|-start|p2b: Farigiraf|perish0
|faint|p2a: Hatterene
|faint|p2b: Farigiraf
|upkeep
|
|t:|1786080611
|switch|p2a: Metagross|Metagross, L50|100/100
|switch|p2b: Archaludon|Archaludon, L50, F|100/100
|turn|5
|
|t:|1786080625
|detailschange|p2a: Metagross|Metagross-Mega, L50
|-mega|p2a: Metagross|Metagross|Metagrossite
|move|p2a: Metagross|Protect|p2a: Metagross
|-singleturn|p2a: Metagross|Protect
|move|p1a: Pawn|Fake Out|p2b: Archaludon
|-resisted|p2b: Archaludon|1
|-damage|p2b: Archaludon|96/100
|-ability|p2b: Archaludon|Stamina|boost
|-boost|p2b: Archaludon|def|1
|move|p1b: King|Perish Song|p1b: King
|-start|p1a: Pawn|perish3|[silent]
|-start|p1b: King|perish3|[silent]
|-start|p2a: Metagross|perish3|[silent]
|-start|p2b: Archaludon|perish3|[silent]
|-fieldactivate|move: Perish Song
|cant|p2b: Archaludon|flinch
|
|-weather|RainDance|[upkeep]
|-start|p1a: Pawn|perish3
|-start|p1b: King|perish3
|-start|p2b: Archaludon|perish3
|-start|p2a: Metagross|perish3
|upkeep
|turn|6
|inactive|gamemaster54 has 30 seconds left.
|inactive|gamemaster54 has 20 seconds left.
|
|t:|1786080661
|move|p1a: Pawn|Parting Shot|p2b: Archaludon
|-unboost|p2b: Archaludon|atk|1
|-unboost|p2b: Archaludon|spa|1
|
|t:|1786080664
|switch|p1a: Protect the Queen|Gengar-Mega, L50, M|61/100|[from] Parting Shot
|move|p1b: King|Encore|p2a: Metagross
|-start|p2a: Metagross|Encore
|move|p2a: Metagross|Protect||[still]
|-fail|p2a: Metagross
|move|p2b: Archaludon|Electro Shot||[still]
|-prepare|p2b: Archaludon|Electro Shot
|-boost|p2b: Archaludon|spa|1
|-anim|p2b: Archaludon|Electro Shot|p1b: King
|-supereffective|p1b: King|1
|-damage|p1b: King|0 fnt
|faint|p1b: King
|-damage|p2b: Archaludon|86/100|[from] item: Life Orb
|
|-weather|RainDance|[upkeep]
|-start|p2b: Archaludon|perish2
|-start|p2a: Metagross|perish2
|-fieldend|move: Trick Room
|upkeep
|
|t:|1786080675
|switch|p1b: Rook|Sinistcha, L50|2/100
|-heal|p1a: Protect the Queen|85/100|[from] ability: Hospitality|[of] p1b: Rook
|turn|7
|
|t:|1786080682
|switch|p1b: Pawn|Incineroar, L50, F|80/100
|-ability|p1b: Pawn|Intimidate|boost
|-unboost|p2a: Metagross|atk|1
|-unboost|p2b: Archaludon|atk|1
|move|p2a: Metagross|Protect|p2a: Metagross
|-singleturn|p2a: Metagross|Protect
|move|p1a: Protect the Queen|Disable|p2b: Archaludon
|-start|p2b: Archaludon|Disable|Electro Shot
|cant|p2b: Archaludon|Disable|Electro Shot
|
|-weather|RainDance|[upkeep]
|-start|p2a: Metagross|perish1
|-start|p2b: Archaludon|perish1
|upkeep
|turn|8
|
|t:|1786080700
|move|p2a: Metagross|Protect|p2a: Metagross
|-singleturn|p2a: Metagross|Protect
|move|p1b: Pawn|Fake Out|p2b: Archaludon
|-resisted|p2b: Archaludon|1
|-damage|p2b: Archaludon|84/100
|-ability|p2b: Archaludon|Stamina|boost
|-boost|p2b: Archaludon|def|1
|move|p1a: Protect the Queen|Shadow Ball|p2a: Metagross
|-activate|p2a: Metagross|move: Protect
|cant|p2b: Archaludon|flinch
|
|-weather|none
|-end|p2a: Metagross|Encore
|-start|p2a: Metagross|perish0
|-start|p2b: Archaludon|perish0
|faint|p2a: Metagross
|faint|p2b: Archaludon
|
|win|yzuii
|c|☆gamemaster54|Gg
|l|☆gamemaster54
|player|p2|
|l|☆yzuii
|player|p1|
|j|☆yzuii
|player|p1|yzuii|kimonogirl|
