|j|☆lettitripppp
|j|☆chungoc
|html|lettitrippppchungoc    
|uhtml|bestof|Game 3 of a best-of-3
|t:|1783789531
|gametype|doubles
|player|p1|lettitripppp|lucas|1249
|player|p2|chungoc|birdkeeper|1113
|gen|9
|tier|[Gen 9 Champions] VGC 2026 Reg M-B (Bo3)
|rated|
|rule|Species Clause: Limit one of each Pokémon
|rule|Item Clause: Limit 1 of each item
|clearpoke
|poke|p1|Charizard, L50, M|
|poke|p1|Basculegion, L50, M|
|poke|p1|Whimsicott, L50, F, shiny|
|poke|p1|Garchomp, L50, M, shiny|
|poke|p1|Floette-Eternal, L50, F|
|poke|p1|Kingambit, L50, F, shiny|
|poke|p2|Staraptor, L50, M|
|poke|p2|Whimsicott, L50, F|
|poke|p2|Sinistcha-Masterpiece, L50|
|poke|p2|Rotom-Wash, L50|
|poke|p2|Gholdengo, L50|
|poke|p2|Incineroar, L50, M|
|teampreview|4
|showteam|p1|Charizard||CharizarditeY|Blaze|WeatherBall,SolarBeam,HeatWave,Protect|Modest||M|||50|]Basculegion||MysticWater|Adaptability|LastRespects,WaveCrash,AquaJet,Protect|Adamant||M|||50|]Whimsicott||FocusSash|Prankster|Moonblast,Tailwind,Encore,Protect|Timid||F|||50|]Garchomp||LifeOrb|RoughSkin|DragonClaw,Earthquake,RockSlide,Protect|Jolly||M|||50|]Floette-Eternal||Floettite|FlowerVeil|DazzlingGleam,LightofRuin,Moonblast,Protect|Modest||F|||50|]Kingambit||ChopleBerry|Defiant|KowtowCleave,SuckerPunch,IronHead,LowKick|Adamant||F|||50|
|showteam|p2|Staraptor||Staraptite|Intimidate|CloseCombat,Uturn,BraveBird,Protect|Jolly||M|||50|]Whimsicott||FocusSash|Prankster|Charm,Tailwind,Moonblast,Taunt|Timid||F|||50|]Sinistcha-Masterpiece||BigRoot|Hospitality|MatchaGotcha,LifeDew,RagePowder,StrengthSap|Bold|||||50|]Rotom-Wash||SitrusBerry|Levitate|HydroPump,Thunderbolt,WillOWisp,Protect|Modest|||||50|]Gholdengo||LifeOrb|GoodasGold|MakeItRain,ShadowBall,Protect,Psychic|Modest|||||50|]Incineroar||Leftovers|Intimidate|FakeOut,FlareBlitz,PartingShot,Protect|Adamant||M|||50|
|inactive|Battle timer is ON: inactive players will automatically lose when time's up. (requested by lettitripppp)
|
|t:|1783789555
|teamsize|p1|4
|teamsize|p2|4
|start
|switch|p1a: GENERAL BLADUS|Kingambit, L50, F, shiny|100/100
|switch|p1b: LETS GO GO|Whimsicott, L50, F, shiny|100/100
|switch|p2a: Whimsicott|Whimsicott, L50, F|100/100
|switch|p2b: Rotom|Rotom-Wash, L50|100/100
|turn|1
|inactive|chungoc has 30 seconds left.
|
|t:|1783789584
|switch|p1a: AGNI|Charizard, L50, M|100/100
|move|p2a: Whimsicott|Tailwind|p2a: Whimsicott
|-sidestart|p2: chungoc|move: Tailwind
|move|p1b: LETS GO GO|Tailwind|p1b: LETS GO GO
|-sidestart|p1: lettitripppp|move: Tailwind
|move|p2b: Rotom|Will-O-Wisp|p1a: AGNI
|-immune|p1a: AGNI
|
|upkeep
|turn|2
|
|t:|1783789608
|detailschange|p1a: AGNI|Charizard-Mega-Y, L50, M
|-mega|p1a: AGNI|Charizard|Charizardite Y
|-weather|SunnyDay|[from] ability: Drought|[of] p1a: AGNI
|move|p1b: LETS GO GO|Encore|p2b: Rotom
|-start|p2b: Rotom|Encore
|move|p2a: Whimsicott|Moonblast|p1b: LETS GO GO
|-damage|p1b: LETS GO GO|43/100
|move|p1a: AGNI|Heat Wave|p2a: Whimsicott|[spread] p2a,p2b
|-supereffective|p2a: Whimsicott|1
|-resisted|p2b: Rotom|1
|-enditem|p2a: Whimsicott|Focus Sash
|-damage|p2a: Whimsicott|1/100
|-damage|p2b: Rotom|66/100
|move|p2b: Rotom|Will-O-Wisp|p1a: AGNI
|-immune|p1a: AGNI
|
|-weather|SunnyDay|[upkeep]
|upkeep
|turn|3
|inactive|chungoc has 30 seconds left.
|
|t:|1783789639
|switch|p2b: Staraptor|Staraptor, L50, M|100/100
|-ability|p2b: Staraptor|Intimidate|boost
|-unboost|p1a: AGNI|atk|1
|-unboost|p1b: LETS GO GO|atk|1
|move|p1b: LETS GO GO|Protect|p1b: LETS GO GO
|-singleturn|p1b: LETS GO GO|Protect
|move|p2a: Whimsicott|Moonblast|p1b: LETS GO GO
|-activate|p1b: LETS GO GO|move: Protect
|move|p1a: AGNI|Heat Wave|p2b: Staraptor|[spread] p2a,p2b
|-supereffective|p2a: Whimsicott|1
|-damage|p2a: Whimsicott|0 fnt
|-damage|p2b: Staraptor|0 fnt
|faint|p2a: Whimsicott
|faint|p2b: Staraptor
|
|-weather|SunnyDay|[upkeep]
|upkeep
|
|t:|1783789654
|switch|p2a: Gholdengo|Gholdengo, L50|100/100
|switch|p2b: Rotom|Rotom-Wash, L50|66/100
|turn|4
|
|t:|1783789674
|move|p1b: LETS GO GO|Moonblast|p2b: Rotom
|-damage|p2b: Rotom|33/100
|-unboost|p2b: Rotom|spa|1
|-enditem|p2b: Rotom|Sitrus Berry|[eat]
|-heal|p2b: Rotom|58/100|[from] item: Sitrus Berry
|move|p1a: AGNI|Heat Wave|p2b: Rotom|[spread] p2b
|-miss|p1a: AGNI|p2a: Gholdengo
|-resisted|p2b: Rotom|1
|-damage|p2b: Rotom|20/100y
|move|p2b: Rotom|Thunderbolt|p1a: AGNI
|-supereffective|p1a: AGNI|1
|-damage|p1a: AGNI|48/100
|move|p2a: Gholdengo|Shadow Ball|p1b: LETS GO GO
|-damage|p1b: LETS GO GO|0 fnt
|faint|p1b: LETS GO GO
|-damage|p2a: Gholdengo|90/100|[from] item: Life Orb
|
|-weather|SunnyDay|[upkeep]
|-sideend|p2: chungoc|move: Tailwind
|-sideend|p1: lettitripppp|move: Tailwind
|upkeep
|
|t:|1783789690
|switch|p1b: CRUSH SHARK|Garchomp, L50, M, shiny|100/100
|turn|5
|
|t:|1783789699
|move|p1b: CRUSH SHARK|Dragon Claw|p2b: Rotom
|-damage|p2b: Rotom|0 fnt
|faint|p2b: Rotom
|-damage|p1b: CRUSH SHARK|90/100|[from] item: Life Orb
|move|p1a: AGNI|Weather Ball|p2a: Gholdengo
|-supereffective|p2a: Gholdengo|1
|-damage|p2a: Gholdengo|0 fnt
|faint|p2a: Gholdengo
|
|win|lettitripppp
|raw|lettitripppp's rating: 1249 → 1265(+16 for winning)
|raw|chungoc's rating: 1113 → 1097(-16 for losing)
