|j|☆jaborro95
|j|☆snvyy
|html|jaborro95snvyy    
|uhtml|bestof|Game 1 of a best-of-3
|t:|1756750724
|gametype|doubles
|player|p1|jaborro95|170|1095
|player|p2|snvyy|caitlin|1025
|gen|9
|tier|[Gen 9] VGC 2025 Reg H (Bo3)
|rated|
|rule|Species Clause: Limit one of each Pokémon
|rule|Item Clause: Limit 1 of each item
|clearpoke
|poke|p1|Dragonite, L50, M|
|poke|p1|Volcarona, L50, F|
|poke|p1|Sneasler, L50, M|
|poke|p1|Rillaboom, L50, M|
|poke|p1|Electabuzz, L50, M|
|poke|p1|Kingambit, L50, M|
|poke|p2|Sneasler, L50, F|
|poke|p2|Maushold, L50|
|poke|p2|Indeedee-F, L50, F|
|poke|p2|Armarouge, L50, F|
|poke|p2|Dondozo, L50, F|
|poke|p2|Tatsugiri-Droopy, L50, F|
|teampreview|4
|showteam|p1|Dragonite||LoadedDice|Multiscale|ScaleShot,ExtremeSpeed,Haze,Protect|||M|||50|,,,,,Fairy]Volcarona||CovertCloak|FlameBody|HeatWave,TeraBlast,QuiverDance,Protect|||F|||50|,,,,,Fairy]Sneasler||FocusSash|Unburden|CloseCombat,DireClaw,Coaching,Protect|||M|||50|,,,,,Stellar]Rillaboom||AssaultVest|GrassySurge|WoodHammer,GrassyGlide,HighHorsepower,FakeOut|||M|||50|,,,,,Water]Electabuzz||Eviolite|VitalSpirit|Thunderbolt,FollowMe,Taunt,Protect|||M|||50|,,,,,Ghost]Kingambit||BlackGlasses|Defiant|KowtowCleave,SuckerPunch,SwordsDance,Protect|||M|||50|,,,,,Flying
|showteam|p2|Sneasler||PsychicSeed|Unburden|DireClaw,CloseCombat,ThroatChop,Protect|||F|||50|,,,,,Dark]Maushold||WideLens|Technician|PopulationBomb,FollowMe,Protect,BeatUp||||||50|,,,,,Ghost]Indeedee-F||SafetyGoggles|PsychicSurge|DazzlingGleam,FollowMe,HelpingHand,TrickRoom|||F|||50|,,,,,Fairy]Armarouge||LifeOrb|FlashFire|ExpandingForce,EnergyBall,HeatWave,TrickRoom|||F|||50|,,,,,Grass]Dondozo||LumBerry|Unaware|WaveCrash,RockSlide,TeraBlast,Rest|||F|||50|,,,,,Grass]Tatsugiri-Droopy||ChoiceSpecs|Commander|MuddyWater,DracoMeteor,SleepTalk,HydroPump|||F|||50|,,,,,Water
|inactive|Battle timer is ON: inactive players will automatically lose when time's up. (requested by snvyy)
|inactive|jaborro95 has 60 seconds left.
|inactive|jaborro95 has 30 seconds left.
|
|t:|1756750791
|teamsize|p1|4
|teamsize|p2|4
|start
|switch|p1a: Volcarona|Volcarona, L50, F|100/100
|switch|p1b: Electabuzz|Electabuzz, L50, M|100/100
|switch|p2a: Indeedee|Indeedee-F, L50, F|100/100
|switch|p2b: Armarouge|Armarouge, L50, F|100/100
|-fieldstart|move: Psychic Terrain|[from] ability: Psychic Surge|[of] p2a: Indeedee
|turn|1
|
|t:|1756750812
|move|p2a: Indeedee|Follow Me|p2a: Indeedee
|-singleturn|p2a: Indeedee|move: Follow Me
|move|p1a: Volcarona|Quiver Dance|p1a: Volcarona
|-boost|p1a: Volcarona|spa|1
|-boost|p1a: Volcarona|spd|1
|-boost|p1a: Volcarona|spe|1
|move|p1b: Electabuzz|Taunt|p2a: Indeedee
|-start|p2a: Indeedee|move: Taunt
|move|p2b: Armarouge|Trick Room|p2b: Armarouge
|-fieldstart|move: Trick Room|[of] p2b: Armarouge
|
|upkeep
|turn|2
|inactive|snvyy has 30 seconds left.
|
|t:|1756750845
|switch|p1b: Rillaboom|Rillaboom, L50, M|100/100
|-fieldstart|move: Grassy Terrain|[from] ability: Grassy Surge|[of] p1b: Rillaboom
|move|p2b: Armarouge|Expanding Force|p1b: Rillaboom
|-damage|p1b: Rillaboom|56/100
|-damage|p2b: Armarouge|91/100|[from] item: Life Orb
|move|p2a: Indeedee|Dazzling Gleam|p1b: Rillaboom|[spread] p1a,p1b
|-resisted|p1a: Volcarona
|-damage|p1a: Volcarona|96/100
|-damage|p1b: Rillaboom|46/100
|move|p1a: Volcarona|Heat Wave|p2b: Armarouge|[spread] p2a
|-start|p2b: Armarouge|ability: Flash Fire
|-damage|p2a: Indeedee|46/100
|
|-heal|p2b: Armarouge|96/100|[from] Grassy Terrain
|-heal|p2a: Indeedee|52/100|[from] Grassy Terrain
|-heal|p1b: Rillaboom|52/100|[from] Grassy Terrain
|-heal|p1a: Volcarona|100/100|[from] Grassy Terrain
|upkeep
|turn|3
|inactive|jaborro95 has 30 seconds left.
|
|t:|1756750875
|switch|p2a: Dondozo|Dondozo, L50, F|100/100
|move|p2b: Armarouge|Heat Wave|p1b: Rillaboom|[spread] p1a,p1b
|-supereffective|p1b: Rillaboom
|-damage|p1a: Volcarona|51/100
|-damage|p1b: Rillaboom|0 fnt
|faint|p1b: Rillaboom
|-damage|p2b: Armarouge|86/100|[from] item: Life Orb
|move|p1a: Volcarona|Quiver Dance|p1a: Volcarona
|-boost|p1a: Volcarona|spa|1
|-boost|p1a: Volcarona|spd|1
|-boost|p1a: Volcarona|spe|1
|
|-heal|p2b: Armarouge|92/100|[from] Grassy Terrain
|-heal|p1a: Volcarona|58/100|[from] Grassy Terrain
|upkeep
|inactive|jaborro95 has 30 seconds left.
|inactive|jaborro95 has 20 seconds left.
|
|t:|1756750914
|switch|p1b: Electabuzz|Electabuzz, L50, M|100/100
|turn|4
|
|t:|1756750925
|switch|p2a: Indeedee|Indeedee-F, L50, F|52/100
|-fieldstart|move: Psychic Terrain|[from] ability: Psychic Surge|[of] p2a: Indeedee
|move|p1b: Electabuzz|Protect|p1b: Electabuzz
|-singleturn|p1b: Electabuzz|Protect
|move|p1a: Volcarona|Protect|p1a: Volcarona
|-singleturn|p1a: Volcarona|Protect
|move|p2b: Armarouge|Expanding Force|p1b: Electabuzz|[spread] 
|-activate|p1a: Volcarona|move: Protect
|-activate|p1b: Electabuzz|move: Protect
|
|upkeep
|turn|5
|inactive|jaborro95 has 30 seconds left.
|inactive|jaborro95 has 20 seconds left.
|inactive|jaborro95 has 15 seconds left.
|
|t:|1756750971
|move|p2a: Indeedee|Helping Hand|p2b: Armarouge
|-singleturn|p2b: Armarouge|Helping Hand|[of] p2a: Indeedee
|move|p2b: Armarouge|Expanding Force|p1a: Volcarona|[spread] p1a,p1b
|-damage|p1a: Volcarona|0 fnt
|-damage|p1b: Electabuzz|5/100
|faint|p1a: Volcarona
|-damage|p2b: Armarouge|82/100|[from] item: Life Orb
|move|p1b: Electabuzz|Thunderbolt|p2b: Armarouge
|-damage|p2b: Armarouge|51/100
|
|-fieldend|move: Trick Room
|upkeep
|
|t:|1756750982
|switch|p1a: Dragonite|Dragonite, L50, M|100/100
|turn|6
|
|t:|1756750994
|move|p1b: Electabuzz|Thunderbolt|p2b: Armarouge
|-damage|p2b: Armarouge|19/100
|-status|p2b: Armarouge|par
|move|p1a: Dragonite|Scale Shot|p2b: Armarouge
|-damage|p2b: Armarouge|3/100 par
|-damage|p2b: Armarouge|0 fnt
|faint|p2b: Armarouge
|-hitcount|p2: Armarouge|2
|-unboost|p1a: Dragonite|def|1
|-boost|p1a: Dragonite|spe|1
|move|p2a: Indeedee|Trick Room|p2a: Indeedee
|-fieldstart|move: Trick Room|[of] p2a: Indeedee
|
|upkeep
|
|t:|1756751002
|switch|p2b: Dondozo|Dondozo, L50, F|100/100
|turn|7
|
|t:|1756751023
|switch|p2a: Tatsugiri|Tatsugiri-Droopy, L50, F|100/100
|-activate|p2a: Tatsugiri|ability: Commander|[of] p2b: Dondozo
|-boost|p2b: Dondozo|atk|2
|-boost|p2b: Dondozo|spa|2
|-boost|p2b: Dondozo|spe|2
|-boost|p2b: Dondozo|def|2
|-boost|p2b: Dondozo|spd|2
|-terastallize|p2b: Dondozo|Grass
|move|p1b: Electabuzz|Follow Me|p1b: Electabuzz
|-singleturn|p1b: Electabuzz|move: Follow Me
|move|p2b: Dondozo|Rock Slide|p1b: Electabuzz|[spread] p1a,p1b
|-supereffective|p1a: Dragonite
|-damage|p1a: Dragonite|58/100
|-damage|p1b: Electabuzz|0 fnt
|faint|p1b: Electabuzz
|cant|p1a: Dragonite|flinch
|
|upkeep
|turn|8
|
|t:|1756751047
|move|p2b: Dondozo|Wave Crash|p2a: Tatsugiri|[miss]
|-miss|p2b: Dondozo|p2a: Tatsugiri
|move|p1a: Dragonite|Scale Shot|p2b: Dondozo
|-damage|p2b: Dondozo|95/100
|-damage|p2b: Dondozo|89/100
|-damage|p2b: Dondozo|84/100
|-damage|p2b: Dondozo|78/100
|-hitcount|p2b: Dondozo|4
|-unboost|p1a: Dragonite|def|1
|-boost|p1a: Dragonite|spe|1
|
|-fieldend|move: Psychic Terrain
|upkeep
|turn|9
|
|t:|1756751059
|move|p1a: Dragonite|Protect|p1a: Dragonite
|-singleturn|p1a: Dragonite|Protect
|move|p2b: Dondozo|Wave Crash|p1a: Dragonite
|-activate|p1a: Dragonite|move: Protect
|
|upkeep
|turn|10
|
|t:|1756751065
|move|p1a: Dragonite|Protect||[still]
|-fail|p1a: Dragonite
|move|p2b: Dondozo|Wave Crash|p1a: Dragonite
|-resisted|p1a: Dragonite
|-damage|p1a: Dragonite|0 fnt
|faint|p1a: Dragonite
|-damage|p2b: Dondozo|64/100|[from] Recoil
|
|win|snvyy
