|j|☆quetzalyami
|j|☆Gayangos
|html|quetzalyamiGayangos    
|uhtml|bestof|Game 1 of a best-of-3
|t:|1757625519
|gametype|doubles
|player|p1|quetzalyami|265|1257
|player|p2|Gayangos|2|1257
|gen|9
|tier|[Gen 9] VGC 2025 Reg H (Bo3)
|rated|
|rule|Species Clause: Limit one of each Pokémon
|rule|Item Clause: Limit 1 of each item
|clearpoke
|poke|p1|Rillaboom, L50, M|
|poke|p1|Kingambit, L50, F|
|poke|p1|Dragonite, L50, F|
|poke|p1|Sneasler, L50, M|
|poke|p1|Ceruledge, L50, M|
|poke|p1|Gastrodon, L50, F|
|poke|p2|Dragapult, L50, M|
|poke|p2|Sneasler, L50, M|
|poke|p2|Incineroar, L50, M|
|poke|p2|Rillaboom, L50, M|
|poke|p2|Kingambit, L50, F|
|poke|p2|Volcarona, L50, F|
|teampreview|4
|showteam|p1|Rillaboom||MiracleSeed|GrassySurge|FakeOut,GrassyGlide,WoodHammer,HighHorsepower|||M|||50|,,,,,Fire]Kingambit||AssaultVest|Defiant|KowtowCleave,SuckerPunch,IronHead,TeraBlast|||F|||50|,,,,,Flying]Dragonite||LoadedDice|Multiscale|ExtremeSpeed,ScaleShot,Protect,LowKick|||F|||50|,,,,,Fairy]Sneasler||FocusSash|Unburden|DireClaw,CloseCombat,FakeOut,Coaching|||M|||50|,,,,,Ghost]Ceruledge||Leftovers|FlashFire|BitterBlade,Protect,BulkUp,ShadowClaw|||M|||50|,,,,,Grass]Gastrodon||SitrusBerry|StormDrain|EarthPower,Protect,ClearSmog,IceBeam|||F|||50|,,,,,Poison
|showteam|p2|Dragapult||ChoiceBand|ClearBody|DragonDarts,Outrage,PhantomForce,Uturn|||M|||50|,,,,,Dragon]Sneasler||FocusSash|Unburden|CloseCombat,DireClaw,ThroatChop,Protect|||M|||50|,,,,,Stellar]Incineroar||SafetyGoggles|Intimidate|KnockOff,FakeOut,Taunt,PartingShot|||M|||50|,,,,,Ghost]Rillaboom||AssaultVest|GrassySurge|WoodHammer,GrassyGlide,FakeOut,Uturn|||M|||50|,,,,,Fire]Kingambit||BlackGlasses|Defiant|KowtowCleave,SuckerPunch,SwordsDance,Protect|||F|||50|,,,,,Dark]Volcarona||GrassySeed|FlameBody|HeatWave,TeraBlast,QuiverDance,Protect|||F|||50|,,,,,Fairy
|inactive|Battle timer is ON: inactive players will automatically lose when time's up. (requested by quetzalyami)
|inactive|quetzalyami has 60 seconds left.
|
|t:|1757625553
|teamsize|p1|4
|teamsize|p2|4
|start
|switch|p1a: Kingambit|Kingambit, L50, F|100/100
|switch|p1b: Sneasler|Sneasler, L50, M|100/100
|switch|p2a: Dragapult|Dragapult, L50, M|100/100
|switch|p2b: Sneasler|Sneasler, L50, M|100/100
|turn|1
|inactive|quetzalyami has 30 seconds left.
|
|t:|1757625579
|switch|p2a: Rillaboom|Rillaboom, L50, M|100/100
|-fieldstart|move: Grassy Terrain|[from] ability: Grassy Surge|[of] p2a: Rillaboom
|move|p2b: Sneasler|Protect|p2b: Sneasler
|-singleturn|p2b: Sneasler|Protect
|move|p1b: Sneasler|Fake Out|p2b: Sneasler
|-activate|p2b: Sneasler|move: Protect
|move|p1a: Kingambit|Sucker Punch||[still]
|-fail|p1a: Kingambit
|
|upkeep
|turn|2
|inactive|Gayangos has 30 seconds left.
|inactive|Gayangos has 20 seconds left.
|
|t:|1757625614
|-terastallize|p1a: Kingambit|Flying
|move|p2a: Rillaboom|Fake Out|p1b: Sneasler
|-damage|p1b: Sneasler|77/100
|move|p2b: Sneasler|Dire Claw|p1b: Sneasler
|-resisted|p1b: Sneasler
|-damage|p1b: Sneasler|38/100
|-status|p1b: Sneasler|slp
|cant|p1b: Sneasler|slp
|move|p1a: Kingambit|Tera Blast|p2a: Rillaboom|[anim] Tera Blast Flying
|-supereffective|p2a: Rillaboom
|-damage|p2a: Rillaboom|16/100
|
|-heal|p1b: Sneasler|44/100 slp|[from] Grassy Terrain
|-heal|p2a: Rillaboom|22/100|[from] Grassy Terrain
|upkeep
|turn|3
|
|t:|1757625638
|move|p2b: Sneasler|Dire Claw|p1a: Kingambit
|-crit|p1a: Kingambit
|-damage|p1a: Kingambit|55/100
|-curestatus|p1b: Sneasler|slp|[msg]
|move|p1b: Sneasler|Dire Claw|p2b: Sneasler
|-resisted|p2b: Sneasler
|-damage|p2b: Sneasler|61/100
|move|p2a: Rillaboom|Wood Hammer|p1a: Kingambit
|-resisted|p1a: Kingambit
|-damage|p1a: Kingambit|26/100
|-damage|p2a: Rillaboom|12/100|[from] Recoil
|move|p1a: Kingambit|Tera Blast|p2a: Rillaboom|[anim] Tera Blast Flying
|-supereffective|p2a: Rillaboom
|-damage|p2a: Rillaboom|0 fnt
|faint|p2a: Rillaboom
|
|-heal|p2b: Sneasler|67/100|[from] Grassy Terrain
|-heal|p1b: Sneasler|50/100|[from] Grassy Terrain
|upkeep
|
|t:|1757625649
|switch|p2a: Dragapult|Dragapult, L50, M|100/100
|turn|4
|
|t:|1757625667
|switch|p1a: Gastrodon|Gastrodon, L50, F|100/100
|-terastallize|p2a: Dragapult|Dragon
|move|p2a: Dragapult|Dragon Darts|p1a: Gastrodon
|-damage|p1a: Gastrodon|48/100
|-enditem|p1a: Gastrodon|Sitrus Berry|[eat]
|-heal|p1a: Gastrodon|73/100|[from] item: Sitrus Berry
|-anim|p2a: Dragapult|Dragon Darts|p1b: Sneasler
|-crit|p1b: Sneasler
|-damage|p1b: Sneasler|0 fnt
|faint|p1b: Sneasler
|move|p2b: Sneasler|Dire Claw|p1a: Gastrodon
|-resisted|p1a: Gastrodon
|-damage|p1a: Gastrodon|52/100
|-status|p1a: Gastrodon|slp
|
|-heal|p2b: Sneasler|72/100|[from] Grassy Terrain
|-heal|p1a: Gastrodon|58/100 slp|[from] Grassy Terrain
|upkeep
|
|t:|1757625683
|switch|p1b: Rillaboom|Rillaboom, L50, M|100/100
|turn|5
|inactive|quetzalyami has 30 seconds left.
|
|t:|1757625712
|move|p1b: Rillaboom|Fake Out|p2a: Dragapult
|-damage|p2a: Dragapult|82/100
|cant|p2a: Dragapult|flinch
|move|p2b: Sneasler|Dire Claw|p1b: Rillaboom
|-supereffective|p1b: Rillaboom
|-damage|p1b: Rillaboom|14/100
|-status|p1b: Rillaboom|psn
|cant|p1a: Gastrodon|slp
|
|-heal|p2a: Dragapult|88/100|[from] Grassy Terrain
|-heal|p2b: Sneasler|78/100|[from] Grassy Terrain
|-heal|p1b: Rillaboom|20/100 psn|[from] Grassy Terrain
|-heal|p1a: Gastrodon|64/100 slp|[from] Grassy Terrain
|-damage|p1b: Rillaboom|7/100 psn|[from] psn
|-fieldend|move: Grassy Terrain
|upkeep
|turn|6
|
|t:|1757625737
|move|p2a: Dragapult|Dragon Darts|p1a: Gastrodon
|-damage|p1a: Gastrodon|12/100 slp
|-anim|p2a: Dragapult|Dragon Darts|p1b: Rillaboom
|-crit|p1b: Rillaboom
|-damage|p1b: Rillaboom|0 fnt
|faint|p1b: Rillaboom
|move|p2b: Sneasler|Dire Claw|p1a: Gastrodon
|-resisted|p1a: Gastrodon
|-damage|p1a: Gastrodon|0 fnt
|faint|p1a: Gastrodon
|
|upkeep
|
|t:|1757625743
|switch|p1a: Kingambit|Kingambit, L50, F, tera:Flying|26/100
|turn|7
|
|t:|1757625747
|move|p1a: Kingambit|Sucker Punch|p2a: Dragapult
|-damage|p2a: Dragapult|35/100
|move|p2a: Dragapult|Dragon Darts|p1a: Kingambit
|-damage|p1a: Kingambit|0 fnt
|faint|p1a: Kingambit
|
|win|Gayangos
||Gayangos is ready for game 2.
||quetzalyami is ready for game 2.
|uhtml|next|Next: Game 2 of 3
