|j|☆jacre22
|j|☆belinvgc
|html|jacre22belinvgc    
|uhtml|bestof|Game 2 of a best-of-3
|t:|1756680603
|gametype|doubles
|player|p1|jacre22|iris-gen5bw2|1413
|player|p2|belinvgc|2|1318
|gen|9
|tier|[Gen 9] VGC 2025 Reg H (Bo3)
|rated|
|rule|Species Clause: Limit one of each Pokémon
|rule|Item Clause: Limit 1 of each item
|clearpoke
|poke|p1|Whimsicott, L50, M|
|poke|p1|Garchomp, L50, F|
|poke|p1|Gholdengo, L50|
|poke|p1|Incineroar, L50, F|
|poke|p1|Sneasler, L50, F|
|poke|p1|Dragonite, L50, M|
|poke|p2|Ursaluna-Bloodmoon, L50, M|
|poke|p2|Sinistcha, L50|
|poke|p2|Rillaboom, L50, M|
|poke|p2|Incineroar, L50, F|
|poke|p2|Sneasler, L50, M|
|poke|p2|Kingambit, L50, F|
|teampreview|4
|showteam|p1|Whimsicott||FocusSash|Prankster|Moonblast,Tailwind,Encore,Protect|||M|||50|,,,,,Ghost]Garchomp||LifeOrb|RoughSkin|Earthquake,DragonClaw,StompingTantrum,Protect|||F|||50|,,,,,Ground]Gholdengo||ChoiceSpecs|GoodasGold|MakeItRain,ShadowBall,Trick,PowerGem||||||50|,,,,,Steel]Incineroar||AssaultVest|Intimidate|FakeOut,FlareBlitz,KnockOff,Uturn|||F|||50|,,,,,Grass]Sneasler||WhiteHerb|Unburden|FakeOut,DireClaw,CloseCombat,Protect|||F|||50|,,,,,Stellar]Dragonite||ChoiceBand|InnerFocus|ExtremeSpeed,Outrage,IceSpinner,StompingTantrum|||M|||50|,,,,,Normal
|showteam|p2|Ursaluna-Bloodmoon||Leftovers|MindsEye|BloodMoon,EarthPower,CalmMind,Protect|||M|||50|,,,,,Water]Sinistcha||SitrusBerry|Hospitality|MatchaGotcha,RagePowder,LifeDew,TrickRoom||||||50|,,,,,Water]Rillaboom||AssaultVest|GrassySurge|GrassyGlide,DrumBeating,Uturn,FakeOut|||M|||50|,,,,,Fire]Incineroar||FigyBerry|Intimidate|FlareBlitz,KnockOff,PartingShot,FakeOut|||F|||50|,,,,,Grass]Sneasler||GrassySeed|Unburden|DireClaw,CloseCombat,Taunt,Protect|||M|||50|,,,,,Stellar]Kingambit||SafetyGoggles|Defiant|KowtowCleave,SuckerPunch,SwordsDance,Protect|||F|||50|,,,,,Dark
|
|t:|1756680650
|teamsize|p1|4
|teamsize|p2|4
|start
|switch|p1a: Sneasler|Sneasler, L50, F|100/100
|switch|p1b: Gholdengo|Gholdengo, L50|100/100
|switch|p2a: Ursaluna|Ursaluna-Bloodmoon, L50, M|100/100
|switch|p2b: Incineroar|Incineroar, L50, F, shiny|100/100
|-ability|p2b: Incineroar|Intimidate|boost
|-unboost|p1a: Sneasler|atk|1
|-unboost|p1b: Gholdengo|atk|1
|-enditem|p1a: Sneasler|White Herb
|-clearnegativeboost|p1a: Sneasler|[silent]
|turn|1
|
|t:|1756680717
|move|p2a: Ursaluna|Protect|p2a: Ursaluna
|-singleturn|p2a: Ursaluna|Protect
|move|p1a: Sneasler|Close Combat|p2b: Incineroar
|-supereffective|p2b: Incineroar
|-damage|p2b: Incineroar|0 fnt
|-unboost|p1a: Sneasler|def|1
|-unboost|p1a: Sneasler|spd|1
|faint|p2b: Incineroar
|move|p1b: Gholdengo|Make It Rain|p2a: Ursaluna
|-activate|p2a: Ursaluna|move: Protect
|
|upkeep
|
|t:|1756680735
|switch|p2b: Rillaboom|Rillaboom, L50, M, shiny|100/100
|-fieldstart|move: Grassy Terrain|[from] ability: Grassy Surge|[of] p2b: Rillaboom
|turn|2
|inactive|Battle timer is ON: inactive players will automatically lose when time's up. (requested by jacre22)
|
|t:|1756680862
|-terastallize|p1b: Gholdengo|Steel
|-terastallize|p2a: Ursaluna|Water
|move|p1a: Sneasler|Protect|p1a: Sneasler
|-singleturn|p1a: Sneasler|Protect
|move|p2b: Rillaboom|Drum Beating|p1b: Gholdengo
|-resisted|p1b: Gholdengo
|-damage|p1b: Gholdengo|67/100
|-unboost|p1b: Gholdengo|spe|1
|move|p2a: Ursaluna|Earth Power|p1a: Sneasler
|-activate|p1a: Sneasler|move: Protect
|move|p1b: Gholdengo|Make It Rain|p2b: Rillaboom|[spread] p2a,p2b
|-resisted|p2a: Ursaluna
|-damage|p2a: Ursaluna|46/100
|-damage|p2b: Rillaboom|18/100
|-unboost|p1b: Gholdengo|spa|1
|
|-heal|p2b: Rillaboom|24/100|[from] Grassy Terrain
|-heal|p2a: Ursaluna|52/100|[from] Grassy Terrain
|-heal|p2a: Ursaluna|58/100|[from] item: Leftovers
|-heal|p1b: Gholdengo|73/100|[from] Grassy Terrain
|upkeep
|turn|3
|inactive|jacre22 has 30 seconds left.
|inactive|belinvgc has 30 seconds left.
|inactive|jacre22 has 20 seconds left.
|inactive|jacre22 has 15 seconds left.
|
|t:|1756680906
|switch|p2b: Sneasler|Sneasler, L50, M|100/100
|-enditem|p2b: Sneasler|Grassy Seed
|-boost|p2b: Sneasler|def|1|[from] item: Grassy Seed
|switch|p1b: Dragonite|Dragonite, L50, M|100/100
|move|p1a: Sneasler|Dire Claw|p2b: Sneasler
|-resisted|p2b: Sneasler
|-damage|p2b: Sneasler|78/100
|move|p2a: Ursaluna|Earth Power|p1b: Dragonite
|-immune|p1b: Dragonite
|
|-heal|p2b: Sneasler|84/100|[from] Grassy Terrain
|-heal|p2a: Ursaluna|64/100|[from] Grassy Terrain
|-heal|p2a: Ursaluna|71/100|[from] item: Leftovers
|upkeep
|turn|4
|inactive|jacre22 has 30 seconds left.
|inactive|belinvgc has 30 seconds left.
|inactive|jacre22 has 20 seconds left.
|
|t:|1756680944
|move|p2a: Ursaluna|Protect|p2a: Ursaluna
|-singleturn|p2a: Ursaluna|Protect
|move|p1a: Sneasler|Close Combat|p2a: Ursaluna
|-activate|p2a: Ursaluna|move: Protect
|move|p2b: Sneasler|Dire Claw|p1b: Dragonite
|-damage|p1b: Dragonite|62/100
|move|p1b: Dragonite|Outrage|p2b: Sneasler
|-damage|p2b: Sneasler|0 fnt
|faint|p2b: Sneasler
|
|-heal|p2a: Ursaluna|77/100|[from] Grassy Terrain
|-heal|p2a: Ursaluna|83/100|[from] item: Leftovers
|upkeep
|
|t:|1756680955
|switch|p2b: Rillaboom|Rillaboom, L50, M, shiny|24/100
|turn|5
|
|t:|1756680972
|move|p1a: Sneasler|Protect|p1a: Sneasler
|-singleturn|p1a: Sneasler|Protect
|move|p2b: Rillaboom|Fake Out|p1a: Sneasler
|-activate|p1a: Sneasler|move: Protect
|move|p1b: Dragonite|Outrage|p2b: Rillaboom|[from] lockedmove
|-damage|p2b: Rillaboom|0 fnt
|faint|p2b: Rillaboom
|move|p2a: Ursaluna|Blood Moon|p1b: Dragonite
|-damage|p1b: Dragonite|0 fnt
|faint|p1b: Dragonite
|
|-heal|p2a: Ursaluna|89/100|[from] Grassy Terrain
|-heal|p2a: Ursaluna|96/100|[from] item: Leftovers
|upkeep
|-message|belinvgc forfeited.
|
|win|jacre22
||jacre22 is ready for game 3.
||belinvgc is ready for game 3.
|uhtml|next|Next: Game 3 of 3
|l|☆belinvgc
|player|p2|
