|j|☆ChoraoSofa
|j|☆atmhools1
|html|ChoraoSofaatmhools1    
|uhtml|bestof|Game 1 of a best-of-3
|t:|1757788437
|gametype|doubles
|player|p1|ChoraoSofa|swimmer-gen4|1037
|player|p2|atmhools1|101|1033
|gen|9
|tier|[Gen 9] VGC 2025 Reg H (Bo3)
|rated|
|rule|Species Clause: Limit one of each Pokémon
|rule|Item Clause: Limit 1 of each item
|clearpoke
|poke|p1|Gardevoir, L50, F|
|poke|p1|Salamence, L50, F|
|poke|p1|Excadrill, L50, F|
|poke|p1|Tyranitar, L50, M|
|poke|p1|Braviary, L50, M|
|poke|p1|Rotom-Mow, L50|
|poke|p2|Torkoal, L50, M|
|poke|p2|Indeedee-F, L50, F|
|poke|p2|Annihilape, L50, M|
|poke|p2|Amoonguss, L50, F|
|poke|p2|Ursaluna, L50, F|
|poke|p2|Incineroar, L50, F|
|teampreview|4
|showteam|p1|Gardevoir||LifeOrb|Telepathy|ExpandingForce,Moonblast,DazzlingGleam,Protect|||F|||50|,,,,,Fairy]Salamence||ScopeLens|Intimidate|DracoMeteor,HeatWave,FocusEnergy,Protect|||F|||50|,,,,,Steel]Excadrill||ClearAmulet|SandRush|HighHorsepower,IronHead,Earthquake,Protect|||F|||50|,,,,,Stellar]Tyranitar||AssaultVest|SandStream|RockSlide,KnockOff,LowKick,TeraBlast|||M|||50|,,,,,Flying]Braviary||CovertCloak|Defiant|Tailwind,BraveBird,CloseCombat,Protect|||M|||50|,,,,,Grass]Rotom-Mow||ChoiceSpecs|Levitate|LeafStorm,Discharge,VoltSwitch,Trick||||||50|,,,,,Rock
|showteam|p2|Torkoal||Charcoal|Drought|Eruption,EarthPower,Flamethrower,Protect|||M|||50|,,,,,Grass]Indeedee-F||PsychicSeed|PsychicSurge|DazzlingGleam,HelpingHand,TrickRoom,FollowMe|||F|||50|,,,,,Flying]Annihilape||SafetyGoggles|Defiant|RageFist,DrainPunch,BulkUp,Protect|||M|||50|,,,,,Fairy]Amoonguss||MentalHerb|Regenerator|PollenPuff,Spore,RagePowder,ClearSmog|||F|||50|,,,,,Dark]Ursaluna||FlameOrb|Guts|Facade,HeadlongRush,BulkUp,Protect|||F|||50|,,,,,Ghost]Incineroar||SitrusBerry|Intimidate|FlareBlitz,KnockOff,PartingShot,FakeOut|||F|||50|,,,,,Grass
|inactive|Battle timer is ON: inactive players will automatically lose when time's up. (requested by ChoraoSofa)
|inactive|ChoraoSofa has 60 seconds left.
|inactive|ChoraoSofa has 30 seconds left.
|inactive|ChoraoSofa has 20 seconds left.
|
|t:|1757788511
|teamsize|p1|4
|teamsize|p2|4
|start
|switch|p1a: Excadrill|Excadrill, L50, F|100/100
|switch|p1b: Tyranitar|Tyranitar, L50, M|100/100
|switch|p2a: Indeedee|Indeedee-F, L50, F|100/100
|switch|p2b: Amoonguss|Amoonguss, L50, F|100/100
|-fieldstart|move: Psychic Terrain|[from] ability: Psychic Surge|[of] p2a: Indeedee
|-enditem|p2a: Indeedee|Psychic Seed
|-boost|p2a: Indeedee|spd|1|[from] item: Psychic Seed
|-weather|Sandstorm|[from] ability: Sand Stream|[of] p1b: Tyranitar
|turn|1
|inactive|ChoraoSofa has 30 seconds left.
|
|t:|1757788541
|-terastallize|p1b: Tyranitar|Flying
|move|p1a: Excadrill|Iron Head|p2a: Indeedee
|-damage|p2a: Indeedee|55/100
|move|p1b: Tyranitar|Tera Blast|p2b: Amoonguss|[anim] Tera Blast Flying
|-supereffective|p2b: Amoonguss
|-damage|p2b: Amoonguss|8/100
|move|p2b: Amoonguss|Spore|p1b: Tyranitar
|-status|p1b: Tyranitar|slp|[from] move: Spore
|move|p2a: Indeedee|Trick Room|p2a: Indeedee
|-fieldstart|move: Trick Room|[of] p2a: Indeedee
|
|-weather|Sandstorm|[upkeep]
|-damage|p2b: Amoonguss|2/100|[from] Sandstorm
|-damage|p1b: Tyranitar|95/100 slp|[from] Sandstorm
|-damage|p2a: Indeedee|49/100|[from] Sandstorm
|upkeep
|turn|2
|
|t:|1757788565
|switch|p2b: Torkoal|Torkoal, L50, M|100/100
|-weather|SunnyDay|[from] ability: Drought|[of] p2b: Torkoal
|switch|p1b: Braviary|Braviary, L50, M|100/100
|move|p1a: Excadrill|Protect|p1a: Excadrill
|-singleturn|p1a: Excadrill|Protect
|move|p2a: Indeedee|Follow Me|p2a: Indeedee
|-singleturn|p2a: Indeedee|move: Follow Me
|
|-weather|SunnyDay|[upkeep]
|upkeep
|turn|3
|inactive|ChoraoSofa has 30 seconds left.
|inactive|ChoraoSofa has 20 seconds left.
|
|t:|1757788603
|switch|p2a: Ursaluna|Ursaluna, L50, F|100/100
|switch|p1a: Salamence|Salamence, L50, F|100/100
|-ability|p1a: Salamence|Intimidate|boost
|-unboost|p2a: Ursaluna|atk|1
|-unboost|p2b: Torkoal|atk|1
|move|p2b: Torkoal|Eruption|p1b: Braviary|[spread] p1a,p1b
|-resisted|p1a: Salamence
|-damage|p1a: Salamence|44/100
|-damage|p1b: Braviary|0 fnt
|faint|p1b: Braviary
|
|-weather|SunnyDay|[upkeep]
|-status|p2a: Ursaluna|brn|[from] item: Flame Orb
|upkeep
|
|t:|1757788621
|switch|p1b: Excadrill|Excadrill, L50, F|100/100
|turn|4
|
|t:|1757788631
|move|p1b: Excadrill|Protect|p1b: Excadrill
|-singleturn|p1b: Excadrill|Protect
|move|p1a: Salamence|Protect|p1a: Salamence
|-singleturn|p1a: Salamence|Protect
|move|p2b: Torkoal|Eruption|p1b: Excadrill|[spread] 
|-activate|p1a: Salamence|move: Protect
|-activate|p1b: Excadrill|move: Protect
|move|p2a: Ursaluna|Facade|p1a: Salamence
|-activate|p1a: Salamence|move: Protect
|
|-weather|SunnyDay|[upkeep]
|-damage|p2a: Ursaluna|95/100 brn|[from] brn
|upkeep
|turn|5
|
|t:|1757788647
|switch|p1b: Tyranitar|Tyranitar, L50, M, tera:Flying|95/100 slp
|-weather|Sandstorm|[from] ability: Sand Stream|[of] p1b: Tyranitar
|move|p2b: Torkoal|Eruption|p1b: Tyranitar|[spread] p1a,p1b
|-resisted|p1a: Salamence
|-damage|p1a: Salamence|11/100
|-damage|p1b: Tyranitar|59/100 slp
|move|p2a: Ursaluna|Facade|p1b: Tyranitar
|-damage|p1b: Tyranitar|0 fnt
|faint|p1b: Tyranitar
|move|p1a: Salamence|Draco Meteor|p2b: Torkoal
|-damage|p2b: Torkoal|14/100
|-unboost|p1a: Salamence|spa|2
|
|-weather|Sandstorm|[upkeep]
|-damage|p2b: Torkoal|9/100|[from] Sandstorm
|-damage|p1a: Salamence|5/100|[from] Sandstorm
|-damage|p2a: Ursaluna|89/100 brn|[from] brn
|-fieldend|move: Trick Room
|-fieldend|move: Psychic Terrain
|upkeep
|
|t:|1757788658
|switch|p1b: Excadrill|Excadrill, L50, F|100/100
|turn|6
|
|t:|1757788675
|move|p2a: Ursaluna|Protect|p2a: Ursaluna
|-singleturn|p2a: Ursaluna|Protect
|move|p1b: Excadrill|High Horsepower|p2a: Ursaluna
|-activate|p2a: Ursaluna|move: Protect
|move|p1a: Salamence|Draco Meteor|p2a: Ursaluna
|-activate|p2a: Ursaluna|move: Protect
|move|p2b: Torkoal|Flamethrower|p1b: Excadrill
|-supereffective|p1b: Excadrill
|-damage|p1b: Excadrill|0 fnt
|faint|p1b: Excadrill
|
|-weather|Sandstorm|[upkeep]
|-damage|p1a: Salamence|0 fnt|[from] Sandstorm
|-damage|p2b: Torkoal|3/100|[from] Sandstorm
|faint|p1a: Salamence
|
|win|atmhools1
||atmhools1 is ready for game 2.
||ChoraoSofa is ready for game 2.
|uhtml|next|Next: Game 2 of 3
|l|☆atmhools1
|player|p2|
