|j|☆TestingTeam00
|j|☆raksbach
|html|TestingTeam00raksbach    
|uhtml|bestof|Game 3 of a best-of-3
|t:|1784042946
|gametype|doubles
|player|p1|TestingTeam00|265|1237
|player|p2|raksbach|1|1306
|gen|9
|tier|[Gen 9 Champions] VGC 2026 Reg M-B (Bo3)
|rated|
|rule|Species Clause: Limit one of each Pokémon
|rule|Item Clause: Limit 1 of each item
|clearpoke
|poke|p1|Staraptor, L50, M|
|poke|p1|Whimsicott, L50, F|
|poke|p1|Garchomp, L50, M|
|poke|p1|Ceruledge, L50, M|
|poke|p1|Farigiraf, L50, F|
|poke|p1|Metagross, L50|
|poke|p2|Incineroar, L50, F|
|poke|p2|Maushold, L50|
|poke|p2|Sinistcha, L50|
|poke|p2|Sneasler, L50, F|
|poke|p2|Blastoise, L50, F|
|poke|p2|Delphox, L50, F|
|teampreview|4
|showteam|p1|Staraptor||Staraptite|Intimidate|BraveBird,CloseCombat,Roost,Protect|Jolly||M|||50|]Whimsicott||FocusSash|Prankster|Tailwind,Charm,Moonblast,Encore|Timid||F|||50|]Garchomp||LifeOrb|RoughSkin|StompingTantrum,RockSlide,DragonClaw,Protect|Jolly||M|||50|]Ceruledge||ColburBerry|FlashFire|ShadowSneak,BitterBlade,BulkUp,Protect|Adamant||M|||50|]Farigiraf||SitrusBerry|ArmorTail|Psychic,Thunderbolt,TrickRoom,HelpingHand|Calm||F|||50|]Metagross||Metagrossite|ClearBody|IronHead,PsychicFangs,StompingTantrum,Protect|Adamant|||||50|
|showteam|p2|Incineroar||SitrusBerry|Intimidate|FakeOut,FlareBlitz,DarkestLariat,PartingShot|Impish||F|||50|]Maushold||ChopleBerry|FriendGuard|SuperFang,FollowMe,Protect,Feint|Impish|||||50|]Sinistcha||OccaBerry|Hospitality|MatchaGotcha,LifeDew,RagePowder,Protect|Bold|||||50|]Sneasler||FocusSash|PoisonTouch|FakeOut,CloseCombat,DireClaw,QuickGuard|Jolly||F|||50|]Blastoise||Blastoisinite|Torrent|WaterSpout,DarkPulse,ShellSmash,Protect|Modest||F|||50|]Delphox||Delphoxite|Blaze|HeatWave,Psychic,NastyPlot,Protect|Timid||F|||50|
|inactive|Battle timer is ON: inactive players will automatically lose when time's up. (requested by raksbach)
|inactive|TestingTeam00 has 60 seconds left.
|inactive|raksbach has 60 seconds left.
|inactive|TestingTeam00 has 30 seconds left.
|inactive|raksbach has 30 seconds left.
|inactive|TestingTeam00 has 20 seconds left.
|inactive|TestingTeam00 has 15 seconds left.
|inactive|TestingTeam00 has 10 seconds left.
|
|t:|1784043030
|teamsize|p1|4
|teamsize|p2|4
|start
|switch|p1a: Farigiraf|Farigiraf, L50, F|100/100
|switch|p1b: Staraptor|Staraptor, L50, M|100/100
|switch|p2a: Incineroar|Incineroar, L50, F|100/100
|switch|p2b: Blastoise|Blastoise, L50, F|100/100
|-ability|p1b: Staraptor|Intimidate|boost
|-unboost|p2a: Incineroar|atk|1
|-unboost|p2b: Blastoise|atk|1
|-ability|p2a: Incineroar|Intimidate|boost
|-unboost|p1a: Farigiraf|atk|1
|-unboost|p1b: Staraptor|atk|1
|turn|1
|inactive|TestingTeam00 has 30 seconds left.
|inactive|raksbach has 30 seconds left.
|inactive|TestingTeam00 has 20 seconds left.
|inactive|raksbach has 20 seconds left.
|inactive|TestingTeam00 has 15 seconds left.
|inactive|TestingTeam00 has 10 seconds left.
|
|t:|1784043078
|switch|p1a: Garchomp|Garchomp, L50, M|100/100
|detailschange|p1b: Staraptor|Staraptor-Mega, L50, M
|-mega|p1b: Staraptor|Staraptor|Staraptite
|detailschange|p2b: Blastoise|Blastoise-Mega, L50, F
|-mega|p2b: Blastoise|Blastoise|Blastoisinite
|move|p2b: Blastoise|Protect|p2b: Blastoise
|-singleturn|p2b: Blastoise|Protect
|move|p1b: Staraptor|Close Combat|p2a: Incineroar
|-supereffective|p2a: Incineroar|1
|-damage|p2a: Incineroar|43/100
|-boost|p1b: Staraptor|def|1
|-boost|p1b: Staraptor|spd|1
|-enditem|p2a: Incineroar|Sitrus Berry|[eat]
|-heal|p2a: Incineroar|68/100|[from] item: Sitrus Berry
|move|p2a: Incineroar|Parting Shot|p1a: Garchomp
|-unboost|p1a: Garchomp|atk|1
|-unboost|p1a: Garchomp|spa|1
|
|t:|1784043091
|switch|p2a: Maushold|Maushold, L50|100/100|[from] Parting Shot
|
|upkeep
|turn|2
|inactive|TestingTeam00 has 30 seconds left.
|inactive|TestingTeam00 has 20 seconds left.
|inactive|TestingTeam00 has 15 seconds left.
|
|t:|1784043132
|move|p2a: Maushold|Follow Me|p2a: Maushold
|-singleturn|p2a: Maushold|move: Follow Me
|move|p1b: Staraptor|Close Combat|p2a: Maushold
|-supereffective|p2a: Maushold|1
|-enditem|p2a: Maushold|Chople Berry|[eat]
|-enditem|p2a: Maushold|Chople Berry|[weaken]
|-damage|p2a: Maushold|61/100
|-boost|p1b: Staraptor|def|1
|-boost|p1b: Staraptor|spd|1
|move|p1a: Garchomp|Rock Slide|p2b: Blastoise|[spread] p2a,p2b
|-damage|p2a: Maushold|42/100
|-damage|p2b: Blastoise|87/100
|-damage|p1a: Garchomp|90/100|[from] item: Life Orb
|move|p2b: Blastoise|Shell Smash|p2b: Blastoise
|-unboost|p2b: Blastoise|def|1
|-unboost|p2b: Blastoise|spd|1
|-boost|p2b: Blastoise|atk|2
|-boost|p2b: Blastoise|spa|2
|-boost|p2b: Blastoise|spe|2
|
|upkeep
|turn|3
|inactive|TestingTeam00 has 30 seconds left.
|inactive|TestingTeam00 has 20 seconds left.
|inactive|TestingTeam00 has 15 seconds left.
|
|t:|1784043175
|move|p2b: Blastoise|Protect|p2b: Blastoise
|-singleturn|p2b: Blastoise|Protect
|move|p1b: Staraptor|Protect|p1b: Staraptor
|-singleturn|p1b: Staraptor|Protect
|move|p1a: Garchomp|Rock Slide|p2a: Maushold|[spread] p2a
|-activate|p2b: Blastoise|move: Protect
|-crit|p2a: Maushold
|-damage|p2a: Maushold|6/100
|-damage|p1a: Garchomp|80/100|[from] item: Life Orb
|cant|p2a: Maushold|flinch
|
|upkeep
|turn|4
|inactive|TestingTeam00 has 30 seconds left.
|inactive|raksbach has 30 seconds left.
|inactive|TestingTeam00 has 20 seconds left.
|inactive|TestingTeam00 has 15 seconds left.
|
|t:|1784043219
|move|p2a: Maushold|Protect|p2a: Maushold
|-singleturn|p2a: Maushold|Protect
|move|p2b: Blastoise|Water Spout|p1a: Garchomp|[spread] p1a,p1b
|-damage|p1a: Garchomp|0 fnt
|-damage|p1b: Staraptor|40/100
|faint|p1a: Garchomp
|move|p1b: Staraptor|Roost|p1b: Staraptor
|-heal|p1b: Staraptor|90/100
|-singleturn|p1b: Staraptor|move: Roost
|
|upkeep
|inactive|TestingTeam00 has 30 seconds left.
|
|t:|1784043247
|switch|p1a: Farigiraf|Farigiraf, L50, F|100/100
|turn|5
|
|t:|1784043264
|move|p2a: Maushold|Follow Me|p2a: Maushold
|-singleturn|p2a: Maushold|move: Follow Me
|move|p2b: Blastoise|Water Spout|p1a: Farigiraf|[spread] p1a,p1b
|-damage|p1a: Farigiraf|1/100
|-damage|p1b: Staraptor|33/100
|-enditem|p1a: Farigiraf|Sitrus Berry|[eat]
|-heal|p1a: Farigiraf|25/100|[from] item: Sitrus Berry
|move|p1b: Staraptor|Close Combat|p2a: Maushold
|-supereffective|p2a: Maushold|1
|-damage|p2a: Maushold|0 fnt
|-boost|p1b: Staraptor|def|1
|-boost|p1b: Staraptor|spd|1
|faint|p2a: Maushold
|move|p1a: Farigiraf|Trick Room|p1a: Farigiraf
|-fieldstart|move: Trick Room|[of] p1a: Farigiraf
|
|upkeep
|c|☆raksbach|1% I lost because of that
|c|☆raksbach|I played bad there
|inactive|raksbach has 30 seconds left.
|inactive|raksbach has 20 seconds left.
|
|t:|1784043300
|switch|p2a: Incineroar|Incineroar, L50, F|68/100
|-ability|p2a: Incineroar|Intimidate|boost
|-unboost|p1a: Farigiraf|atk|1
|-boost|p1b: Staraptor|atk|1
|turn|6
|c|☆TestingTeam00|no problem, it's just a test
|inactive|TestingTeam00 has 30 seconds left.
|inactive|raksbach has 30 seconds left.
|inactive|TestingTeam00 has 20 seconds left.
|inactive|TestingTeam00 has 15 seconds left.
|inactive|TestingTeam00 has 10 seconds left.
|inactive|TestingTeam00 has 5 seconds left.
|
|t:|1784043351
|move|p2a: Incineroar|Darkest Lariat|p1a: Farigiraf
|-supereffective|p1a: Farigiraf|1
|-damage|p1a: Farigiraf|0 fnt
|faint|p1a: Farigiraf
|move|p1b: Staraptor|Close Combat|p2b: Blastoise
|-damage|p2b: Blastoise|8/100
|-boost|p1b: Staraptor|def|1
|-boost|p1b: Staraptor|spd|1
|move|p2b: Blastoise|Water Spout|p1b: Staraptor
|-damage|p1b: Staraptor|27/100
|
|upkeep
|
|t:|1784043362
|switch|p1a: Metagross|Metagross, L50|100/100
|turn|7
|inactive|TestingTeam00 has 30 seconds left.
|inactive|TestingTeam00 has 20 seconds left.
|inactive|TestingTeam00 has 15 seconds left.
|inactive|TestingTeam00 has 10 seconds left.
|inactive|raksbach has 30 seconds left.
|
|t:|1784043416
|move|p2a: Incineroar|Flare Blitz|p1b: Staraptor
|-damage|p1b: Staraptor|11/100
|-damage|p2a: Incineroar|63/100|[from] Recoil
|move|p1a: Metagross|Psychic Fangs|p2b: Blastoise
|-damage|p2b: Blastoise|0 fnt
|faint|p2b: Blastoise
|move|p1b: Staraptor|Roost|p1b: Staraptor
|-heal|p1b: Staraptor|61/100
|-singleturn|p1b: Staraptor|move: Roost
|
|upkeep
|
|t:|1784043422
|switch|p2b: Sneasler|Sneasler, L50, F|100/100
|turn|8
|inactive|raksbach has 30 seconds left.
|
|t:|1784043454
|move|p1a: Metagross|Protect|p1a: Metagross
|-singleturn|p1a: Metagross|Protect
|move|p1b: Staraptor|Protect|p1b: Staraptor
|-singleturn|p1b: Staraptor|Protect
|move|p2a: Incineroar|Flare Blitz|p1a: Metagross
|-activate|p1a: Metagross|move: Protect
|move|p2b: Sneasler|Close Combat|p1a: Metagross
|-activate|p1a: Metagross|move: Protect
|
|upkeep
|turn|9
|
|t:|1784043471
|move|p2a: Incineroar|Flare Blitz|p1b: Staraptor
|-damage|p1b: Staraptor|47/100
|-damage|p2a: Incineroar|58/100|[from] Recoil
|move|p1a: Metagross|Psychic Fangs|p2b: Sneasler
|-supereffective|p2b: Sneasler|2
|-enditem|p2b: Sneasler|Focus Sash
|-damage|p2b: Sneasler|1/100
|move|p1b: Staraptor|Close Combat|p2a: Incineroar
|-supereffective|p2a: Incineroar|1
|-damage|p2a: Incineroar|0 fnt
|-boost|p1b: Staraptor|def|1
|-boost|p1b: Staraptor|spd|1
|faint|p2a: Incineroar
|move|p2b: Sneasler|Dire Claw|p1b: Staraptor
|-damage|p1b: Staraptor|36/100
|-status|p1b: Staraptor|psn|[from] ability: Poison Touch|[of] p2b: Sneasler
|
|-damage|p1b: Staraptor|24/100 psn|[from] psn
|-fieldend|move: Trick Room
|upkeep
|turn|10
|-message|raksbach forfeited.
|
|win|TestingTeam00
|raw|TestingTeam00's rating: 1237 → 1267(+30 for winning)
|raw|raksbach's rating: 1306 → 1282(-24 for losing)
