|j|☆kokomiiiii
|j|☆Sub Force
|html|kokomiiiiiSub Force    
|uhtml|bestof|Game 1 of a best-of-3
|t:|1757903431
|gametype|doubles
|player|p1|kokomiiiii|lillie-masters|1151
|player|p2|Sub Force|smasher|1095
|gen|9
|tier|[Gen 9] VGC 2025 Reg H (Bo3)
|rated|
|rule|Species Clause: Limit one of each Pokémon
|rule|Item Clause: Limit 1 of each item
|clearpoke
|poke|p1|Gholdengo, L50|
|poke|p1|Ursaluna, L50, M|
|poke|p1|Dragonite, L50, M|
|poke|p1|Porygon2, L50|
|poke|p1|Incineroar, L50, M|
|poke|p1|Amoonguss, L50, M|
|poke|p2|Corviknight, L50, M|
|poke|p2|Garchomp, L50, M|
|poke|p2|Tyranitar, L50, F|
|poke|p2|Volcarona, L50, F|
|poke|p2|Whimsicott, L50, F|
|poke|p2|Annihilape, L50, F|
|teampreview|4
|showteam|p1|Gholdengo||LifeOrb|GoodasGold|MakeItRain,ShadowBall,NastyPlot,Protect||||||50|,,,,,Water]Ursaluna||FlameOrb|Guts|HeadlongRush,Facade,Earthquake,Protect|||M|||50|,,,,,Ghost]Dragonite||LoadedDice|Multiscale|ScaleShot,Haze,Tailwind,Protect|||M|||50|,,,,,Fairy]Porygon2||Eviolite|Download|IceBeam,TeraBlast,TrickRoom,Recover||||||50|,,,,,Fighting]Incineroar||SafetyGoggles|Intimidate|FakeOut,KnockOff,FlareBlitz,PartingShot|||M|||50|,,,,,Ghost]Amoonguss||SitrusBerry|Regenerator|RagePowder,PollenPuff,Spore,Protect|||M|||50|,,,,,Water
|showteam|p2|Corviknight||RockyHelmet|MirrorArmor|BraveBird,Roost,Tailwind,Taunt|||M|||50|,,,,,Water]Garchomp||ClearAmulet|SandVeil|Earthquake,Protect,DragonClaw,IronHead|||M|||50|,,,,,Steel]Tyranitar||AssaultVest|SandStream|RockSlide,KnockOff,TeraBlast,Snarl|||F|||50|,,,,,Flying]Volcarona||Leftovers|FlameBody|HeatWave,QuiverDance,Protect,GigaDrain|||F|||50|,,,,,Grass]Whimsicott||CovertCloak|Prankster|Moonblast,BeatUp,Tailwind,Encore|||F|||50|,,,,,Water]Annihilape||SafetyGoggles|Defiant|DrainPunch,RageFist,Coaching,Protect|||F|||50|,,,,,Fire
|inactive|Battle timer is ON: inactive players will automatically lose when time's up. (requested by Sub Force)
|inactive|Sub Force has 60 seconds left.
|
|t:|1757903477
|teamsize|p1|4
|teamsize|p2|4
|start
|switch|p1a: da king|Gholdengo, L50|100/100
|switch|p1b: Midcineroar|Incineroar, L50, M, shiny|100/100
|switch|p2a: Corviknight|Corviknight, L50, M|100/100
|switch|p2b: Garchomp|Garchomp, L50, M|100/100
|-ability|p1b: Midcineroar|Intimidate|boost
|-ability|p2a: Corviknight|Mirror Armor
|-unboost|p1b: Midcineroar|atk|1
|-fail|p2b: Garchomp|unboost|[from] item: Clear Amulet|[of] p2b: Garchomp
|turn|1
|
|t:|1757903502
|move|p1b: Midcineroar|Fake Out|p2b: Garchomp
|-damage|p2b: Garchomp|94/100
|cant|p2b: Garchomp|flinch
|move|p1a: da king|Nasty Plot|p1a: da king
|-boost|p1a: da king|spa|2
|move|p2a: Corviknight|Tailwind|p2a: Corviknight
|-sidestart|p2: Sub Force|move: Tailwind
|
|upkeep
|turn|2
|inactive|Sub Force has 30 seconds left.
|
|t:|1757903530
|switch|p1b: Annoyingon2|Porygon2, L50, shiny|100/100
|-ability|p1b: Annoyingon2|Download|boost
|-boost|p1b: Annoyingon2|spa|1
|-terastallize|p1a: da king|Water
|move|p2b: Garchomp|Earthquake|p1b: Annoyingon2|[spread] p1a,p1b
|-immune|p2a: Corviknight
|-damage|p1a: da king|59/100
|-damage|p1b: Annoyingon2|72/100
|move|p2a: Corviknight|Brave Bird|p1a: da king
|-damage|p1a: da king|12/100
|-damage|p2a: Corviknight|86/100|[from] Recoil
|move|p1a: da king|Shadow Ball|p2b: Garchomp
|-damage|p2b: Garchomp|0 fnt
|faint|p2b: Garchomp
|-damage|p1a: da king|2/100|[from] item: Life Orb
|
|upkeep
|inactive|Sub Force has 30 seconds left.
|
|t:|1757903556
|switch|p2b: Tyranitar|Tyranitar, L50, F|100/100
|-weather|Sandstorm|[from] ability: Sand Stream|[of] p2b: Tyranitar
|turn|3
|
|t:|1757903575
|-terastallize|p2b: Tyranitar|Flying
|move|p2a: Corviknight|Taunt|p1b: Annoyingon2
|-start|p1b: Annoyingon2|move: Taunt
|move|p2b: Tyranitar|Rock Slide|p1a: da king|[spread] p1a,p1b
|-damage|p1a: da king|0 fnt
|-damage|p1b: Annoyingon2|56/100
|faint|p1a: da king
|cant|p1b: Annoyingon2|move: Taunt|Trick Room
|
|-weather|Sandstorm|[upkeep]
|-damage|p2b: Tyranitar|94/100|[from] Sandstorm
|-damage|p1b: Annoyingon2|50/100|[from] Sandstorm
|upkeep
|
|t:|1757903587
|switch|p1a: Midcineroar|Incineroar, L50, M, shiny|100/100
|-ability|p1a: Midcineroar|Intimidate|boost
|-ability|p2a: Corviknight|Mirror Armor
|-unboost|p1a: Midcineroar|atk|1
|-unboost|p2b: Tyranitar|atk|1
|turn|4
|
|t:|1757903610
|switch|p2b: Volcarona|Volcarona, L50, F|100/100
|switch|p1b: bam|Ursaluna, L50, M, shiny|100/100
|move|p1a: Midcineroar|Fake Out|p2a: Corviknight
|-resisted|p2a: Corviknight
|-damage|p2a: Corviknight|83/100
|-damage|p1a: Midcineroar|84/100|[from] item: Rocky Helmet|[of] p2a: Corviknight
|cant|p2a: Corviknight|flinch
|
|-weather|Sandstorm|[upkeep]
|-damage|p2b: Volcarona|94/100|[from] Sandstorm
|-heal|p2b: Volcarona|100/100|[from] item: Leftovers
|-sideend|p2: Sub Force|move: Tailwind
|-status|p1b: bam|brn|[from] item: Flame Orb
|upkeep
|turn|5
|
|t:|1757903633
|move|p2b: Volcarona|Giga Drain|p1b: bam
|-supereffective|p1b: bam
|-damage|p1b: bam|54/100 brn
|move|p1a: Midcineroar|Flare Blitz|p2a: Corviknight
|-supereffective|p2a: Corviknight
|-damage|p2a: Corviknight|29/100
|-damage|p1a: Midcineroar|67/100|[from] item: Rocky Helmet|[of] p2a: Corviknight
|-damage|p1a: Midcineroar|50/100|[from] Recoil
|move|p2a: Corviknight|Taunt|p1a: Midcineroar
|-start|p1a: Midcineroar|move: Taunt
|move|p1b: bam|Facade|p2b: Volcarona
|-damage|p2b: Volcarona|0 fnt
|faint|p2b: Volcarona
|
|-weather|Sandstorm|[upkeep]
|-damage|p1b: bam|48/100 brn|[from] brn
|upkeep
|
|t:|1757903645
|switch|p2b: Tyranitar|Tyranitar, L50, F, tera:Flying|94/100
|turn|6
|
|t:|1757903656
|move|p1b: bam|Protect|p1b: bam
|-singleturn|p1b: bam|Protect
|move|p1a: Midcineroar|Flare Blitz|p2a: Corviknight
|-supereffective|p2a: Corviknight
|-damage|p2a: Corviknight|0 fnt
|-damage|p1a: Midcineroar|34/100|[from] item: Rocky Helmet|[of] p2a: Corviknight
|faint|p2a: Corviknight
|-damage|p1a: Midcineroar|25/100|[from] Recoil
|move|p2b: Tyranitar|Rock Slide|p1a: Midcineroar|[spread] p1a
|-activate|p1b: bam|move: Protect
|-supereffective|p1a: Midcineroar
|-damage|p1a: Midcineroar|0 fnt
|faint|p1a: Midcineroar
|
|-weather|Sandstorm|[upkeep]
|-damage|p2b: Tyranitar|88/100|[from] Sandstorm
|-damage|p1b: bam|42/100 brn|[from] brn
|upkeep
|
|t:|1757903661
|switch|p1a: Annoyingon2|Porygon2, L50, shiny|50/100
|-ability|p1a: Annoyingon2|Download|boost
|-boost|p1a: Annoyingon2|spa|1
|turn|7
|
|t:|1757903670
|move|p2b: Tyranitar|Rock Slide|p1a: Annoyingon2|[spread] p1a,p1b
|-resisted|p1b: bam
|-damage|p1a: Annoyingon2|33/100
|-damage|p1b: bam|32/100 brn
|move|p1b: bam|Facade|p2b: Tyranitar
|-damage|p2b: Tyranitar|0 fnt
|faint|p2b: Tyranitar
|
|win|kokomiiiii
