|j|☆syvliesdaddy
|j|☆tactical espeonage
|html|syvliesdaddytactical espeonage    
|uhtml|bestof|Game 2 of a best-of-3
|t:|1757754149
|gametype|doubles
|player|p1|syvliesdaddy|pokefan-gen4|1052
|player|p2|tactical espeonage|1|1062
|gen|9
|tier|[Gen 9] VGC 2025 Reg H (Bo3)
|rated|
|rule|Species Clause: Limit one of each Pokémon
|rule|Item Clause: Limit 1 of each item
|clearpoke
|poke|p1|Sneasler, L50, M|
|poke|p1|Indeedee, L50, M|
|poke|p1|Ursaluna-Bloodmoon, L50, M|
|poke|p1|Electabuzz, L50, M|
|poke|p1|Incineroar, L50, M|
|poke|p1|Talonflame, L50, M|
|poke|p2|Indeedee-F, L50, F|
|poke|p2|Espeon, L50, F|
|poke|p2|Tyranitar, L50, F|
|poke|p2|Excadrill, L50, M|
|poke|p2|Annihilape, L50, M|
|poke|p2|Scyther, L50, F|
|teampreview|4
|showteam|p1|Sneasler||PsychicSeed|Unburden|CloseCombat,DireClaw,ThroatChop,Protect|||M|||50|,,,,,Dark]Indeedee||FocusSash|PsychicSurge|ExpandingForce,TrickRoom,HelpingHand,Protect|||M|||50|,,,,,Psychic]Ursaluna-Bloodmoon||LifeOrb|MindsEye|BloodMoon,HyperVoice,EarthPower,Protect|||M|||50|,,,,,Normal]Electabuzz||Eviolite|VitalSpirit|Electroweb,FollowMe,Taunt,Protect|||M|||50|,,,,,Dragon]Incineroar||SafetyGoggles|Intimidate|FlareBlitz,KnockOff,PartingShot,FakeOut|||M|||50|,,,,,Ghost]Talonflame||CovertCloak|GaleWings|FlareBlitz,DualWingbeat,WillOWisp,Tailwind|||M|||50|,,,,,Fairy
|showteam|p2|Indeedee-F||PsychicSeed|PsychicSurge|Psychic,FollowMe,HelpingHand,TrickRoom|||F|||50|,,,,,Fairy]Espeon||ChoiceSpecs|MagicBounce|ExpandingForce,ShadowBall,PowerGem,AlluringVoice|||F|||50|,,,,,Fairy]Tyranitar||AssaultVest|SandStream|KnockOff,RockSlide,LowKick,TeraBlast|||F|||50|,,,,,Flying]Excadrill||ClearAmulet|SandRush|HighHorsepower,IronHead,Earthquake,Protect|||M|||50|,,,,,Ghost]Annihilape||SafetyGoggles|Defiant|RageFist,CloseCombat,Taunt,Protect|||M|||50|,,,,,Fire]Scyther||Eviolite|Technician|DualWingbeat,StruggleBug,Tailwind,Protect|||F|||50|,,,,,Rock
|inactive|Battle timer is ON: inactive players will automatically lose when time's up. (requested by syvliesdaddy)
|inactive|tactical espeonage has 60 seconds left.
|
|t:|1757754188
|teamsize|p1|4
|teamsize|p2|4
|start
|switch|p1a: Indeedee|Indeedee, L50, M|100/100
|switch|p1b: Ursaluna|Ursaluna-Bloodmoon, L50, M|100/100
|switch|p2a: Annihilape|Annihilape, L50, M|100/100
|switch|p2b: Scyther|Scyther, L50, F|100/100
|-fieldstart|move: Psychic Terrain|[from] ability: Psychic Surge|[of] p1a: Indeedee
|turn|1
|inactive|syvliesdaddy has 30 seconds left.
|inactive|tactical espeonage has 30 seconds left.
|inactive|syvliesdaddy has 20 seconds left.
|
|t:|1757754227
|switch|p2a: Tyranitar|Tyranitar, L50, F|100/100
|-weather|Sandstorm|[from] ability: Sand Stream|[of] p2a: Tyranitar
|move|p1a: Indeedee|Protect|p1a: Indeedee
|-singleturn|p1a: Indeedee|Protect
|move|p2b: Scyther|Tailwind|p2b: Scyther
|-sidestart|p2: tactical espeonage|move: Tailwind
|move|p1b: Ursaluna|Blood Moon|p2b: Scyther
|-damage|p2b: Scyther|14/100
|-damage|p1b: Ursaluna|91/100|[from] item: Life Orb
|
|-weather|Sandstorm|[upkeep]
|-damage|p2b: Scyther|8/100|[from] Sandstorm
|-damage|p1a: Indeedee|95/100|[from] Sandstorm
|upkeep
|turn|2
|inactive|syvliesdaddy has 30 seconds left.
|inactive|tactical espeonage has 30 seconds left.
|inactive|tactical espeonage has 20 seconds left.
|inactive|syvliesdaddy has 20 seconds left.
|inactive|tactical espeonage has 15 seconds left.
|
|t:|1757754269
|switch|p1a: Incineroar|Incineroar, L50, M|100/100
|-ability|p1a: Incineroar|Intimidate|boost
|-unboost|p2a: Tyranitar|atk|1
|-unboost|p2b: Scyther|atk|1
|move|p2b: Scyther|Dual Wingbeat|p1a: Incineroar
|-damage|p1a: Incineroar|81/100
|-damage|p1a: Incineroar|62/100
|-hitcount|p1a: Incineroar|2
|move|p2a: Tyranitar|Knock Off|p1a: Incineroar
|-resisted|p1a: Incineroar
|-damage|p1a: Incineroar|42/100
|-enditem|p1a: Incineroar|Safety Goggles|[from] move: Knock Off|[of] p2a: Tyranitar
|move|p1b: Ursaluna|Earth Power|p2b: Scyther
|-immune|p2b: Scyther
|
|-weather|Sandstorm|[upkeep]
|-damage|p2b: Scyther|2/100|[from] Sandstorm
|-damage|p1a: Incineroar|36/100|[from] Sandstorm
|upkeep
|turn|3
|inactive|syvliesdaddy has 30 seconds left.
|inactive|tactical espeonage has 30 seconds left.
|inactive|syvliesdaddy has 20 seconds left.
|inactive|tactical espeonage has 20 seconds left.
|inactive|syvliesdaddy has 15 seconds left.
|inactive|tactical espeonage has 15 seconds left.
|inactive|syvliesdaddy has 10 seconds left.
|inactive|tactical espeonage has 10 seconds left.
|
|t:|1757754317
|switch|p2b: Espeon|Espeon, L50, F|100/100
|move|p1b: Ursaluna|Protect|p1b: Ursaluna
|-singleturn|p1b: Ursaluna|Protect
|move|p1a: Incineroar|Fake Out|p2a: Tyranitar
|-activate|p2a: Tyranitar|move: Psychic Terrain
|move|p2a: Tyranitar|Rock Slide|p1b: Ursaluna|[spread] p1a
|-activate|p1b: Ursaluna|move: Protect
|-supereffective|p1a: Incineroar
|-damage|p1a: Incineroar|0 fnt
|faint|p1a: Incineroar
|
|-weather|Sandstorm|[upkeep]
|-damage|p2b: Espeon|95/100|[from] Sandstorm
|upkeep
|
|t:|1757754327
|switch|p1a: Sneasler|Sneasler, L50, M|100/100
|-enditem|p1a: Sneasler|Psychic Seed
|-boost|p1a: Sneasler|spd|1|[from] item: Psychic Seed
|turn|4
|inactive|tactical espeonage has 30 seconds left.
|
|t:|1757754355
|switch|p2b: Annihilape|Annihilape, L50, M|100/100
|-terastallize|p1a: Sneasler|Dark
|-terastallize|p2a: Tyranitar|Flying
|move|p1b: Ursaluna|Protect||[still]
|-fail|p1b: Ursaluna
|move|p1a: Sneasler|Throat Chop|p2b: Annihilape
|-damage|p2b: Annihilape|54/100
|-start|p2b: Annihilape|Throat Chop|[silent]
|move|p2a: Tyranitar|Tera Blast|p1a: Sneasler|[anim] Tera Blast Flying
|-damage|p1a: Sneasler|51/100
|
|-weather|Sandstorm|[upkeep]
|-damage|p1a: Sneasler|46/100|[from] Sandstorm
|-damage|p2a: Tyranitar|95/100|[from] Sandstorm
|-sideend|p2: tactical espeonage|move: Tailwind
|upkeep
|turn|5
|inactive|syvliesdaddy has 30 seconds left.
|inactive|tactical espeonage has 30 seconds left.
|inactive|tactical espeonage has 20 seconds left.
|inactive|tactical espeonage has 15 seconds left.
|
|t:|1757754396
|move|p1a: Sneasler|Protect|p1a: Sneasler
|-singleturn|p1a: Sneasler|Protect
|move|p2b: Annihilape|Close Combat|p1b: Ursaluna
|-supereffective|p1b: Ursaluna
|-damage|p1b: Ursaluna|1/100
|-unboost|p2b: Annihilape|def|1
|-unboost|p2b: Annihilape|spd|1
|move|p2a: Tyranitar|Tera Blast|p1a: Sneasler|[anim] Tera Blast Flying
|-activate|p1a: Sneasler|move: Protect
|move|p1b: Ursaluna|Blood Moon|p2b: Annihilape
|-damage|p2b: Annihilape|0 fnt
|faint|p2b: Annihilape
|-damage|p1b: Ursaluna|0 fnt|[from] item: Life Orb
|faint|p1b: Ursaluna
|
|-weather|none
|-fieldend|move: Psychic Terrain
|upkeep
|
|t:|1757754421
|switch|p2b: Scyther|Scyther, L50, F|2/100
|switch|p1b: Indeedee|Indeedee, L50, M|95/100
|-fieldstart|move: Psychic Terrain|[from] ability: Psychic Surge|[of] p1b: Indeedee
|turn|6
|
|t:|1757754443
|move|p1a: Sneasler|Dire Claw|p2a: Tyranitar
|-damage|p2a: Tyranitar|56/100
|move|p2b: Scyther|Dual Wingbeat|p1a: Sneasler
|-damage|p1a: Sneasler|0 fnt
|faint|p1a: Sneasler
|-hitcount|p1: Sneasler|1
|move|p2a: Tyranitar|Tera Blast|p1b: Indeedee|[anim] Tera Blast Flying
|-damage|p1b: Indeedee|28/100
|move|p1b: Indeedee|Trick Room|p1b: Indeedee
|-fieldstart|move: Trick Room|[of] p1b: Indeedee
|
|upkeep
|turn|7
|
|t:|1757754459
|move|p2a: Tyranitar|Knock Off|p1b: Indeedee
|-supereffective|p1b: Indeedee
|-damage|p1b: Indeedee|0 fnt
|-enditem|p1b: Indeedee|Focus Sash|[from] move: Knock Off|[of] p2a: Tyranitar
|faint|p1b: Indeedee
|
|win|tactical espeonage
|raw|syvliesdaddy's rating: 1052 → 1035(-17 for losing)
|raw|tactical espeonage's rating: 1062 → 1092(+30 for winning)
|l|☆syvliesdaddy
|player|p1|
|l|☆tactical espeonage
|player|p2|
