|j|☆reuman
|j|☆guillelona
|html|reumanguillelona    
|uhtml|bestof|Game 3 of a best-of-3
|t:|1784991270
|gametype|doubles
|player|p1|reuman|lucas|1145
|player|p2|guillelona|2|1161
|gen|9
|tier|[Gen 9 Champions] VGC 2026 Reg M-B (Bo3)
|rated|
|rule|Species Clause: Limit one of each Pokémon
|rule|Item Clause: Limit 1 of each item
|clearpoke
|poke|p1|Gengar, L50, F, shiny|
|poke|p1|Milotic, L50, F|
|poke|p1|Whimsicott, L50, F|
|poke|p1|Metagross, L50, shiny|
|poke|p1|Rotom-Mow, L50|
|poke|p1|Incineroar, L50, M|
|poke|p2|Vivillon-Tundra, L50, F|
|poke|p2|Mawile, L50, F|
|poke|p2|Torkoal, L50, M|
|poke|p2|Farigiraf, L50, F|
|poke|p2|Garchomp, L50, M|
|poke|p2|Raichu, L50, F|
|teampreview|4
|showteam|p1|Gengar||Gengarite|CursedBody|ShadowBall,SludgeBomb,WillOWisp,Protect|Timid||F|||50|]Milotic||Leftovers|Competitive|AlluringVoice,MuddyWater,IcyWind,Protect|Calm||F|||50|]Whimsicott||FocusSash|Prankster|Tailwind,Encore,Protect,Moonblast|Bold||F|||50|]Metagross||Metagrossite|ClearBody|BodyPress,BulletPunch,Protect,PsychicFangs|Adamant|||||50|]Rotom-Mow||BrightPowder|Levitate|WillOWisp,Protect,LeafStorm,VoltSwitch|Calm|||||50|]Incineroar||SitrusBerry|Intimidate|FlareBlitz,CloseCombat,FakeOut,DarkestLariat|Brave||M|||50|
|showteam|p2|Vivillon-Tundra||FocusSash|CompoundEyes|Hurricane,SleepPowder,RagePowder,Protect|Timid||F|||50|]Mawile||Mawilite|Intimidate|PlayRough,RockSlide,SuckerPunch,Protect|Adamant||F|||50|]Torkoal||Charcoal|Drought|Eruption,WeatherBall,Protect,EarthPower|Quiet||M|||50|]Farigiraf||SitrusBerry|ArmorTail|Psychic,Thunderbolt,TrickRoom,HelpingHand|Relaxed||F|||50|]Garchomp||LifeOrb|RoughSkin|DragonClaw,Earthquake,RockSlide,Protect|Jolly||M|||50|]Raichu||RaichuniteY|LightningRod|ZapCannon,FocusBlast,FakeOut,Protect|Timid||F|||50|
|inactive|Battle timer is ON: inactive players will automatically lose when time's up. (requested by reuman)
|inactive|guillelona has 60 seconds left.
|
|t:|1784991305
|teamsize|p1|4
|teamsize|p2|4
|start
|switch|p1a: Rotom|Rotom-Mow, L50|100/100
|switch|p1b: Milotic|Milotic, L50, F|100/100
|switch|p2a: Vivillon|Vivillon-Tundra, L50, F|100/100
|switch|p2b: Raichu|Raichu, L50, F|100/100
|turn|1
|
|t:|1784991321
|detailschange|p2b: Raichu|Raichu-Mega-Y, L50, F
|-mega|p2b: Raichu|Raichu|Raichunite Y
|move|p1a: Rotom|Protect|p1a: Rotom
|-singleturn|p1a: Rotom|Protect
|move|p1b: Milotic|Protect|p1b: Milotic
|-singleturn|p1b: Milotic|Protect
|move|p2b: Raichu|Fake Out|p1a: Rotom
|-activate|p1a: Rotom|move: Protect
|move|p2a: Vivillon|Sleep Powder|p1b: Milotic
|-activate|p1b: Milotic|move: Protect
|
|upkeep
|turn|2
|
|t:|1784991342
|move|p2b: Raichu|Focus Blast|p1a: Rotom
|-damage|p1a: Rotom|68/100
|move|p2a: Vivillon|Sleep Powder|p1b: Milotic
|-status|p1b: Milotic|slp|[from] move: Sleep Powder
|move|p1a: Rotom|Volt Switch|p2a: Vivillon
|-supereffective|p2a: Vivillon|1
|-enditem|p2a: Vivillon|Focus Sash
|-damage|p2a: Vivillon|1/100
|
|t:|1784991348
|switch|p1a: Incineroar|Incineroar, L50, M|100/100|[from] Volt Switch
|-ability|p1a: Incineroar|Intimidate|boost
|-unboost|p2a: Vivillon|atk|1
|-unboost|p2b: Raichu|atk|1
|cant|p1b: Milotic|slp
|
|upkeep
|turn|3
|
|t:|1784991363
|switch|p2a: Farigiraf|Farigiraf, L50, F|100/100
|move|p2b: Raichu|Zap Cannon|p1b: Milotic
|-supereffective|p1b: Milotic|1
|-damage|p1b: Milotic|28/100 slp
|cant|p1b: Milotic|slp
|move|p1a: Incineroar|Flare Blitz|p2b: Raichu
|-crit|p2b: Raichu
|-damage|p2b: Raichu|0 fnt
|faint|p2b: Raichu
|-damage|p1a: Incineroar|73/100|[from] Recoil
|
|-heal|p1b: Milotic|34/100 slp|[from] item: Leftovers
|upkeep
|
|t:|1784991377
|switch|p2b: Vivillon|Vivillon-Tundra, L50, F|1/100
|turn|4
|
|t:|1784991386
|switch|p1a: Rotom|Rotom-Mow, L50|68/100
|move|p2b: Vivillon|Sleep Powder|p1a: Rotom
|-immune|p1a: Rotom
|-curestatus|p1b: Milotic|slp|[msg]
|move|p1b: Milotic|Muddy Water|p2b: Vivillon|[spread] p2b
|-miss|p1b: Milotic|p2a: Farigiraf
|-damage|p2b: Vivillon|0 fnt
|faint|p2b: Vivillon
|move|p2a: Farigiraf|Trick Room|p2a: Farigiraf
|-fieldstart|move: Trick Room|[of] p2a: Farigiraf
|
|-heal|p1b: Milotic|40/100|[from] item: Leftovers
|upkeep
|
|t:|1784991395
|switch|p2b: Torkoal|Torkoal, L50, M|100/100
|-weather|SunnyDay|[from] ability: Drought|[of] p2b: Torkoal
|turn|5
|
|t:|1784991411
|move|p1b: Milotic|Protect|p1b: Milotic
|-singleturn|p1b: Milotic|Protect
|move|p1a: Rotom|Protect|p1a: Rotom
|-singleturn|p1a: Rotom|Protect
|move|p2b: Torkoal|Eruption|p1b: Milotic|[spread] 
|-activate|p1a: Rotom|move: Protect
|-activate|p1b: Milotic|move: Protect
|move|p2a: Farigiraf|Thunderbolt|p1b: Milotic
|-activate|p1b: Milotic|move: Protect
|
|-weather|SunnyDay|[upkeep]
|-heal|p1b: Milotic|46/100|[from] item: Leftovers
|upkeep
|turn|6
|
|t:|1784991429
|move|p2b: Torkoal|Eruption|p1a: Rotom|[spread] p1a,p1b
|-supereffective|p1a: Rotom|1
|-resisted|p1b: Milotic|1
|-damage|p1a: Rotom|0 fnt
|-damage|p1b: Milotic|19/100
|faint|p1a: Rotom
|move|p2a: Farigiraf|Thunderbolt|p1b: Milotic
|-supereffective|p1b: Milotic|1
|-damage|p1b: Milotic|0 fnt
|faint|p1b: Milotic
|
|-weather|SunnyDay|[upkeep]
|upkeep
|
|t:|1784991433
|switch|p1b: Metagross|Metagross, L50, shiny|100/100
|switch|p1a: Incineroar|Incineroar, L50, M|73/100
|-ability|p1a: Incineroar|Intimidate|boost
|-unboost|p2a: Farigiraf|atk|1
|-unboost|p2b: Torkoal|atk|1
|turn|7
|
|t:|1784991457
|move|p2a: Farigiraf|Helping Hand|p2b: Torkoal
|-singleturn|p2b: Torkoal|Helping Hand|[of] p2a: Farigiraf
|move|p1b: Metagross|Protect|p1b: Metagross
|-singleturn|p1b: Metagross|Protect
|move|p2b: Torkoal|Earth Power|p1a: Incineroar
|-supereffective|p1a: Incineroar|1
|-damage|p1a: Incineroar|12/100
|-enditem|p1a: Incineroar|Sitrus Berry|[eat]
|-heal|p1a: Incineroar|37/100|[from] item: Sitrus Berry
|move|p1a: Incineroar|Darkest Lariat|p2b: Torkoal
|-damage|p2b: Torkoal|72/100
|
|-weather|SunnyDay|[upkeep]
|upkeep
|turn|8
|
|t:|1784991480
|detailschange|p1b: Metagross|Metagross-Mega, L50, shiny
|-mega|p1b: Metagross|Metagross|Metagrossite
|move|p1b: Metagross|Protect||[still]
|-fail|p1b: Metagross
|move|p2b: Torkoal|Weather Ball|p1b: Metagross
|-supereffective|p1b: Metagross|1
|-damage|p1b: Metagross|0 fnt
|faint|p1b: Metagross
|move|p1a: Incineroar|Darkest Lariat|p2a: Farigiraf
|-supereffective|p2a: Farigiraf|1
|-damage|p2a: Farigiraf|40/100
|-enditem|p2a: Farigiraf|Sitrus Berry|[eat]
|-heal|p2a: Farigiraf|65/100|[from] item: Sitrus Berry
|move|p2a: Farigiraf|Thunderbolt|p1a: Incineroar
|-damage|p1a: Incineroar|20/100y
|-status|p1a: Incineroar|par
|
|-weather|SunnyDay|[upkeep]
|-fieldend|move: Trick Room
|upkeep
|turn|9
|
|t:|1784991496
|move|p2a: Farigiraf|Thunderbolt|p1a: Incineroar
|-damage|p1a: Incineroar|1/100 par
|move|p1a: Incineroar|Darkest Lariat|p2b: Torkoal
|-damage|p2b: Torkoal|45/100
|move|p2b: Torkoal|Earth Power|p1a: Incineroar
|-supereffective|p1a: Incineroar|1
|-damage|p1a: Incineroar|0 fnt
|faint|p1a: Incineroar
|
|win|guillelona
|raw|reuman's rating: 1145 → 1121(-24 for losing)
|raw|guillelona's rating: 1161 → 1185(+24 for winning)
|l|☆reuman
|player|p1|
|l|☆guillelona
|player|p2|
|j|☆guillelona
|player|p2|guillelona|2|
