|j|☆shynessvgc
|j|☆Darkan33
|html|shynessvgcDarkan33    
|uhtml|bestof|Game 2 of a best-of-3
|t:|1756945785
|gametype|doubles
|player|p1|shynessvgc|dawn|1149
|player|p2|Darkan33|veteran|1098
|gen|9
|tier|[Gen 9] VGC 2025 Reg H (Bo3)
|rated|
|rule|Species Clause: Limit one of each Pokémon
|rule|Item Clause: Limit 1 of each item
|clearpoke
|poke|p1|Porygon2, L50|
|poke|p1|Ursaluna, L50, F|
|poke|p1|Amoonguss, L50, F|
|poke|p1|Incineroar, L50, M|
|poke|p1|Gholdengo, L50|
|poke|p1|Hydreigon, L50, M|
|poke|p2|Hydreigon, L50, F|
|poke|p2|Ursaluna, L50, M|
|poke|p2|Gholdengo, L50|
|poke|p2|Incineroar, L50, F|
|poke|p2|Amoonguss, L50, F|
|poke|p2|Porygon2, L50|
|teampreview|4
|showteam|p1|Porygon2||Eviolite|Download|TeraBlast,IceBeam,TrickRoom,Recover||||||50|,,,,,Fighting]Ursaluna||FlameOrb|Guts|Protect,HeadlongRush,Facade,Earthquake|||F|||50|,,,,,Ghost]Amoonguss||CovertCloak|Regenerator|ClearSmog,RagePowder,PollenPuff,Spore|||F|||50|,,,,,Fairy]Incineroar||SitrusBerry|Intimidate|FlareBlitz,KnockOff,PartingShot,FakeOut|||M|||50|,,,,,Ghost]Gholdengo||LifeOrb|GoodasGold|Protect,NastyPlot,MakeItRain,ShadowBall||||||50|,,,,,Water]Hydreigon||SafetyGoggles|Levitate|Protect,DragonPulse,Snarl,Tailwind|||M|||50|,,,,,Ghost
|showteam|p2|Hydreigon||SafetyGoggles|Levitate|DracoMeteor,Snarl,Protect,Tailwind|||F|||50|,,,,,Fire]Ursaluna||FlameOrb|Guts|HeadlongRush,Facade,Protect,Earthquake|||M|||50|,,,,,Ghost]Gholdengo||LifeOrb|GoodasGold|MakeItRain,ShadowBall,Protect,NastyPlot||||||50|,,,,,Water]Incineroar||MirrorHerb|Intimidate|FakeOut,KnockOff,FlareBlitz,PartingShot|||F|||50|,,,,,Ghost]Amoonguss||SitrusBerry|Regenerator|Spore,RagePowder,Protect,PollenPuff|||F|||50|,,,,,Fairy]Porygon2||Eviolite|Download|TrickRoom,IceBeam,TeraBlast,Recover||||||50|,,,,,Fighting
|
|t:|1756945821
|teamsize|p1|4
|teamsize|p2|4
|start
|switch|p1a: Gholdengo|Gholdengo, L50|100/100
|switch|p1b: Incineroar|Incineroar, L50, M|100/100
|switch|p2a: Gholdengo|Gholdengo, L50|100/100
|switch|p2b: Amoonguss|Amoonguss, L50, F|100/100
|-ability|p1b: Incineroar|Intimidate|boost
|-unboost|p2a: Gholdengo|atk|1
|-unboost|p2b: Amoonguss|atk|1
|turn|1
|
|t:|1756945869
|switch|p1b: Hydreigon|Hydreigon, L50, M|100/100
|-terastallize|p2a: Gholdengo|Water
|-terastallize|p1a: Gholdengo|Water
|move|p2b: Amoonguss|Protect|p2b: Amoonguss
|-singleturn|p2b: Amoonguss|Protect
|move|p2a: Gholdengo|Shadow Ball|p1a: Gholdengo
|-damage|p1a: Gholdengo|37/100
|-unboost|p1a: Gholdengo|spd|1
|-damage|p2a: Gholdengo|91/100|[from] item: Life Orb
|move|p1a: Gholdengo|Nasty Plot|p1a: Gholdengo
|-boost|p1a: Gholdengo|spa|2
|
|upkeep
|turn|2
|
|t:|1756945901
|move|p1a: Gholdengo|Protect|p1a: Gholdengo
|-singleturn|p1a: Gholdengo|Protect
|move|p1b: Hydreigon|Tailwind|p1b: Hydreigon
|-sidestart|p1: shynessvgc|move: Tailwind
|move|p2a: Gholdengo|Make It Rain|p1b: Hydreigon|[spread] p1b
|-activate|p1a: Gholdengo|move: Protect
|-damage|p1b: Hydreigon|27/100
|-unboost|p2a: Gholdengo|spa|1
|-damage|p2a: Gholdengo|81/100|[from] item: Life Orb
|move|p2b: Amoonguss|Spore|p1b: Hydreigon
|-activate|p1b: Hydreigon|item: Safety Goggles|Spore
|
|upkeep
|turn|3
|
|t:|1756945926
|switch|p2a: Hydreigon|Hydreigon, L50, F, shiny|100/100
|move|p2b: Amoonguss|Protect|p2b: Amoonguss
|-singleturn|p2b: Amoonguss|Protect
|move|p1b: Hydreigon|Snarl|p2a: Hydreigon|[spread] p2a
|-activate|p2b: Amoonguss|move: Protect
|-resisted|p2a: Hydreigon
|-damage|p2a: Hydreigon|90/100
|-unboost|p2a: Hydreigon|spa|1
|move|p1a: Gholdengo|Nasty Plot|p1a: Gholdengo
|-boost|p1a: Gholdengo|spa|2
|
|upkeep
|turn|4
|
|t:|1756945943
|move|p1b: Hydreigon|Dragon Pulse|p2a: Hydreigon
|-supereffective|p2a: Hydreigon
|-damage|p2a: Hydreigon|0 fnt
|faint|p2a: Hydreigon
|move|p1a: Gholdengo|Make It Rain|p2b: Amoonguss
|-damage|p2b: Amoonguss|0 fnt
|-unboost|p1a: Gholdengo|spa|1
|faint|p2b: Amoonguss
|-damage|p1a: Gholdengo|28/100|[from] item: Life Orb
|
|upkeep
|
|t:|1756945950
|switch|p2a: Gholdengo|Gholdengo, L50, tera:Water|81/100
|switch|p2b: Toti|Ursaluna, L50, M|100/100
|turn|5
|
|t:|1756945959
|move|p2a: Gholdengo|Protect|p2a: Gholdengo
|-singleturn|p2a: Gholdengo|Protect
|move|p2b: Toti|Protect|p2b: Toti
|-singleturn|p2b: Toti|Protect
|move|p1b: Hydreigon|Dragon Pulse|p2a: Gholdengo
|-activate|p2a: Gholdengo|move: Protect
|move|p1a: Gholdengo|Make It Rain|p2a: Gholdengo|[spread] 
|-activate|p2a: Gholdengo|move: Protect
|-activate|p2b: Toti|move: Protect
|
|-sideend|p1: shynessvgc|move: Tailwind
|-status|p2b: Toti|brn|[from] item: Flame Orb
|upkeep
|turn|6
|
|t:|1756945990
|move|p1b: Hydreigon|Tailwind|p1b: Hydreigon
|-sidestart|p1: shynessvgc|move: Tailwind
|move|p1a: Gholdengo|Shadow Ball|p2a: Gholdengo
|-damage|p2a: Gholdengo|0 fnt
|faint|p2a: Gholdengo
|-damage|p1a: Gholdengo|18/100|[from] item: Life Orb
|move|p2b: Toti|Facade|p1a: Gholdengo
|-damage|p1a: Gholdengo|0 fnt
|faint|p1a: Gholdengo
|
|-damage|p2b: Toti|95/100 brn|[from] brn
|upkeep
|
|t:|1756945998
|switch|p1a: Ursaluna|Ursaluna, L50, F|100/100
|turn|7
|
|t:|1756946003
|move|p1a: Ursaluna|Protect|p1a: Ursaluna
|-singleturn|p1a: Ursaluna|Protect
|move|p1b: Hydreigon|Dragon Pulse|p2b: Toti
|-damage|p2b: Toti|51/100 brn
|move|p2b: Toti|Earthquake|p1a: Ursaluna|[spread] 
|-activate|p1a: Ursaluna|move: Protect
|-immune|p1b: Hydreigon|[from] ability: Levitate
|
|-damage|p2b: Toti|45/100 brn|[from] brn
|-status|p1a: Ursaluna|brn|[from] item: Flame Orb
|upkeep
|turn|8
|
|t:|1756946008
|move|p1b: Hydreigon|Dragon Pulse|p2b: Toti
|-damage|p2b: Toti|4/100 brn
|move|p1a: Ursaluna|Headlong Rush|p2b: Toti
|-damage|p2b: Toti|0 fnt
|-unboost|p1a: Ursaluna|def|1
|-unboost|p1a: Ursaluna|spd|1
|faint|p2b: Toti
|
|win|shynessvgc
|raw|shynessvgc's rating: 1149 → 1170(+21 for winning)
|raw|Darkan33's rating: 1098 → 1077(-21 for losing)
