|j|☆ichoseyoupoppo
|j|☆Strom spriggan
|html|ichoseyoupoppoStrom spriggan    
|uhtml|bestof|Game 1 of a best-of-3
|t:|1757761938
|gametype|doubles
|player|p1|ichoseyoupoppo|2|1007
|player|p2|Strom spriggan|lacey|1081
|gen|9
|tier|[Gen 9] VGC 2025 Reg H (Bo3)
|rated|
|rule|Species Clause: Limit one of each Pokémon
|rule|Item Clause: Limit 1 of each item
|clearpoke
|poke|p1|Decidueye-Hisui, L50, F|
|poke|p1|Weavile, L50, M|
|poke|p1|Whimsicott, L50, F|
|poke|p1|Farigiraf, L50, F|
|poke|p1|Barraskewda, L50, M|
|poke|p2|Pelipper, L50, F|
|poke|p2|Archaludon, L50, F|
|poke|p2|Incineroar, L50, F|
|poke|p2|Sneasler, L50, M|
|poke|p2|Sinistcha, L50|
|poke|p2|Ursaluna, L50, M|
|teampreview|4
|showteam|p1|Decidueye-Hisui||ChoiceScarf|Scrappy|LeafBlade,TripleArrows,Uturn,CloseCombat|||F|||50|,,,,,Fire]Weavile||FocusSash|Pressure|FakeOut,IceSpinner,Protect,KnockOff|||M|||50|,,,,,Ghost]Whimsicott||CovertCloak|Prankster|Tailwind,Taunt,Protect,Moonblast|||F|||50|,,,,,Water]Farigiraf||SitrusBerry|ArmorTail|Psychic,DazzlingGleam,TrickRoom,HelpingHand|||F|||50|,,,,,Fairy]Barraskewda||ChoiceBand|PropellerTail|FlipTurn,Liquidation,ThroatChop,PsychicFangs|||M|||50|,,,,,Water
|showteam|p2|Pelipper||CovertCloak|Drizzle|Hurricane,HelpingHand,Tailwind,WeatherBall|||F|||50|,,,,,Water]Archaludon||AssaultVest|Stamina|ElectroShot,BodyPress,FlashCannon,DragonPulse|||F|||50|,,,,,Grass]Incineroar||SafetyGoggles|Intimidate|KnockOff,FlareBlitz,FakeOut,PartingShot|||F|||50|,,,,,Ghost]Sneasler||FocusSash|PoisonTouch|CloseCombat,DireClaw,ThroatChop,Protect|||M|||50|,,,,,Stellar]Sinistcha||SitrusBerry|Hospitality|LifeDew,MatchaGotcha,TrickRoom,RagePowder||||||50|,,,,,Water]Ursaluna||FlameOrb|Guts|HeadlongRush,Facade,Earthquake,Protect|||M|||50|,,,,,Ghost
|
|t:|1757761974
|teamsize|p1|4
|teamsize|p2|4
|start
|switch|p1a: Decidueye|Decidueye-Hisui, L50, F|100/100
|switch|p1b: Farigiraf|Farigiraf, L50, F|100/100
|switch|p2a: Incineroar|Incineroar, L50, F|100/100
|switch|p2b: Sneasler|Sneasler, L50, M|100/100
|-ability|p2a: Incineroar|Intimidate|boost
|-fail|p1a: Decidueye|unboost|Attack|[from] ability: Scrappy|[of] p1a: Decidueye
|-unboost|p1b: Farigiraf|atk|1
|turn|1
|inactive|Battle timer is ON: inactive players will automatically lose when time's up. (requested by Strom spriggan)
|
|t:|1757761996
|move|p2b: Sneasler|Dire Claw|p1a: Decidueye
|-supereffective|p1a: Decidueye
|-damage|p1a: Decidueye|0 fnt
|faint|p1a: Decidueye
|move|p2a: Incineroar|Knock Off|p1b: Farigiraf
|-supereffective|p1b: Farigiraf
|-damage|p1b: Farigiraf|24/100
|-enditem|p1b: Farigiraf|Sitrus Berry|[from] move: Knock Off|[of] p2a: Incineroar
|move|p1b: Farigiraf|Psychic|p2b: Sneasler
|-supereffective|p2b: Sneasler
|-enditem|p2b: Sneasler|Focus Sash
|-damage|p2b: Sneasler|1/100
|
|upkeep
|
|t:|1757762006
|switch|p1a: Barraskewda|Barraskewda, L50, M|100/100
|turn|2
|
|t:|1757762019
|-terastallize|p1a: Barraskewda|Water
|move|p2b: Sneasler|Protect|p2b: Sneasler
|-singleturn|p2b: Sneasler|Protect
|move|p1a: Barraskewda|Flip Turn|p2a: Incineroar
|-supereffective|p2a: Incineroar
|-damage|p2a: Incineroar|0 fnt
|faint|p2a: Incineroar
|
|t:|1757762027
|switch|p1a: Weavile|Weavile, L50, M|100/100|[from] Flip Turn
|-ability|p1a: Weavile|Pressure
|move|p1b: Farigiraf|Dazzling Gleam|p2b: Sneasler
|-activate|p2b: Sneasler|move: Protect
|
|upkeep
|
|t:|1757762036
|switch|p2a: Sinistcha|Sinistcha, L50|100/100
|-heal|p2b: Sneasler|26/100|[from] ability: Hospitality|[of] p2a: Sinistcha
|turn|3
|
|t:|1757762048
|-terastallize|p2a: Sinistcha|Water
|move|p2a: Sinistcha|Rage Powder|p2a: Sinistcha
|-singleturn|p2a: Sinistcha|move: Rage Powder
|move|p1a: Weavile|Knock Off|p2a: Sinistcha
|-damage|p2a: Sinistcha|63/100
|-enditem|p2a: Sinistcha|Sitrus Berry|[from] move: Knock Off|[of] p1a: Weavile
|move|p2b: Sneasler|Dire Claw|p1a: Weavile
|-damage|p1a: Weavile|33/100
|move|p1b: Farigiraf|Dazzling Gleam|p2a: Sinistcha|[spread] p2a,p2b
|-damage|p2a: Sinistcha|44/100
|-damage|p2b: Sneasler|0 fnt
|faint|p2b: Sneasler
|
|upkeep
|
|t:|1757762062
|switch|p2b: Ursaluna|Ursaluna, L50, M|100/100
|turn|4
|inactive|ichoseyoupoppo has 30 seconds left.
|
|t:|1757762088
|move|p2b: Ursaluna|Protect|p2b: Ursaluna
|-singleturn|p2b: Ursaluna|Protect
|move|p1a: Weavile|Knock Off|p2b: Ursaluna
|-activate|p2b: Ursaluna|move: Protect
|move|p1b: Farigiraf|Psychic|p2b: Ursaluna
|-activate|p2b: Ursaluna|move: Protect
|move|p2a: Sinistcha|Trick Room|p2a: Sinistcha
|-fieldstart|move: Trick Room|[of] p2a: Sinistcha
|
|-status|p2b: Ursaluna|brn|[from] item: Flame Orb
|upkeep
|turn|5
|inactive|Strom spriggan has 30 seconds left.
|
|t:|1757762113
|move|p2a: Sinistcha|Life Dew||[still]|[spread] p2a,p2b
|-heal|p2a: Sinistcha|70/100
|-fail|p2b: Ursaluna|heal
|move|p2b: Ursaluna|Earthquake|p1b: Farigiraf|[spread] p2a,p1a,p1b
|-damage|p2a: Sinistcha|12/100
|-damage|p1a: Weavile|0 fnt
|-damage|p1b: Farigiraf|0 fnt
|faint|p1a: Weavile
|faint|p1b: Farigiraf
|
|-damage|p2b: Ursaluna|95/100 brn|[from] brn
|upkeep
|-message|ichoseyoupoppo forfeited.
|
|win|Strom spriggan
||ichoseyoupoppo is ready for game 2.
||Strom spriggan is ready for game 2.
|uhtml|next|Next: Game 2 of 3
|l|☆ichoseyoupoppo
|player|p1|
