|j|☆123e45
|j|☆marcusquinn
|html|123e45marcusquinn    
|uhtml|bestof|Game 3 of a best-of-3
|t:|1755618948
|gametype|doubles
|player|p1|123e45|2|1327
|player|p2|marcusquinn|hilbert-wonderlauncher|1295
|gen|9
|tier|[Gen 9] VGC 2025 Reg H (Bo3)
|rated|
|rule|Species Clause: Limit one of each Pokémon
|rule|Item Clause: Limit 1 of each item
|clearpoke
|poke|p1|Sneasler, L50, F|
|poke|p1|Primarina, L50, M|
|poke|p1|Garchomp, L50, M|
|poke|p1|Vivillon, L50, F|
|poke|p1|Porygon2, L50|
|poke|p1|Gholdengo, L50|
|poke|p2|Archaludon, L50, M|
|poke|p2|Porygon2, L50|
|poke|p2|Incineroar, L50, F|
|poke|p2|Ursaluna, L50, M|
|poke|p2|Sneasler, L50, M|
|poke|p2|Dragonite, L50, M|
|teampreview|4
|showteam|p1|Sneasler||CovertCloak|PoisonTouch|DireClaw,CloseCombat,FakeOut,Protect|||F|||50|,,,,,Stellar]Primarina||ThroatSpray|LiquidVoice|Protect,Moonblast,HyperVoice,Haze|||M|||50|,,,,,Steel]Garchomp||LifeOrb|RoughSkin|Protect,StompingTantrum,DragonClaw,Earthquake|||M|||50|,,,,,Fire]Vivillon||FocusSash|CompoundEyes|Protect,Hurricane,RagePowder,SleepPowder|||F|||50|,,,,,Ghost]Porygon2||Eviolite|Download|TeraBlast,IceBeam,Recover,TrickRoom||||||50|,,,,,Fighting]Gholdengo||MetalCoat|GoodasGold|Protect,MakeItRain,ShadowBall,NastyPlot||||||50|,,,,,Dragon
|showteam|p2|Archaludon||PowerHerb|Sturdy|Protect,ElectroShot,DracoMeteor,FlashCannon|||M|||50|,,,,,Electric]Porygon2||Eviolite|Download|TeraBlast,IceBeam,Recover,TrickRoom||||||50|,,,,,Fighting]Incineroar||SitrusBerry|Intimidate|FlareBlitz,KnockOff,FakeOut,PartingShot|||F|||50|,,,,,Ghost]Ursaluna||FlameOrb|Guts|HeadlongRush,Facade,Earthquake,Protect|||M|||50|,,,,,Ghost]Sneasler||FocusSash|Unburden|Protect,CloseCombat,DireClaw,ThroatChop|||M|||50|,,,,,Stellar]Dragonite||LoadedDice|Multiscale|ScaleShot,Tailwind,Haze,Protect|||M|||50|,,,,,Steel
|inactive|Battle timer is ON: inactive players will automatically lose when time's up. (requested by marcusquinn)
|inactive|123e45 has 60 seconds left.
|inactive|marcusquinn has 60 seconds left.
|
|t:|1755618985
|teamsize|p1|4
|teamsize|p2|4
|start
|switch|p1a: Gholdengo|Gholdengo, L50|100/100
|switch|p1b: Vivillon|Vivillon, L50, F|100/100
|switch|p2a: Porygon2|Porygon2, L50, shiny|100/100
|switch|p2b: Ursaluna|Ursaluna, L50, M|100/100
|-ability|p2a: Porygon2|Download|boost
|-boost|p2a: Porygon2|spa|1
|turn|1
|
|t:|1755619007
|-terastallize|p1a: Gholdengo|Dragon
|move|p1b: Vivillon|Sleep Powder|p2a: Porygon2
|-status|p2a: Porygon2|slp|[from] move: Sleep Powder
|move|p1a: Gholdengo|Nasty Plot|p1a: Gholdengo
|-boost|p1a: Gholdengo|spa|2
|move|p2b: Ursaluna|Headlong Rush|p1a: Gholdengo
|-damage|p1a: Gholdengo|26/100
|-unboost|p2b: Ursaluna|def|1
|-unboost|p2b: Ursaluna|spd|1
|cant|p2a: Porygon2|slp
|
|-status|p2b: Ursaluna|brn|[from] item: Flame Orb
|upkeep
|turn|2
|
|t:|1755619029
|switch|p2b: Incineroar|Incineroar, L50, F, shiny|100/100
|-ability|p2b: Incineroar|Intimidate|boost
|-unboost|p1a: Gholdengo|atk|1
|-unboost|p1b: Vivillon|atk|1
|-terastallize|p2a: Porygon2|Fighting
|move|p1b: Vivillon|Hurricane|p2a: Porygon2
|-supereffective|p2a: Porygon2
|-damage|p2a: Porygon2|41/100 slp
|move|p1a: Gholdengo|Make It Rain|p2b: Incineroar|[spread] p2a,p2b
|-resisted|p2b: Incineroar
|-damage|p2a: Porygon2|0 fnt
|-damage|p2b: Incineroar|40/100
|-unboost|p1a: Gholdengo|spa|1
|-enditem|p2b: Incineroar|Sitrus Berry|[eat]
|-heal|p2b: Incineroar|65/100|[from] item: Sitrus Berry
|faint|p2a: Porygon2
|
|upkeep
|inactive|marcusquinn has 30 seconds left.
|
|t:|1755619057
|switch|p2a: Dragonite|Dragonite, L50, M, shiny|100/100
|turn|3
|
|t:|1755619073
|switch|p1b: Primarina|Primarina, L50, M|100/100
|move|p1a: Gholdengo|Protect|p1a: Gholdengo
|-singleturn|p1a: Gholdengo|Protect
|move|p2b: Incineroar|Fake Out|p1b: Primarina
|-damage|p1b: Primarina|88/100
|move|p2a: Dragonite|Tailwind|p2a: Dragonite
|-sidestart|p2: marcusquinn|move: Tailwind
|
|upkeep
|turn|4
|inactive|marcusquinn has 30 seconds left.
|
|t:|1755619107
|move|p2a: Dragonite|Scale Shot|p1a: Gholdengo
|-supereffective|p1a: Gholdengo
|-damage|p1a: Gholdengo|0 fnt
|faint|p1a: Gholdengo
|-hitcount|p1: Gholdengo|1
|-unboost|p2a: Dragonite|def|1
|-boost|p2a: Dragonite|spe|1
|move|p2b: Incineroar|Knock Off|p1b: Primarina
|-resisted|p1b: Primarina
|-damage|p1b: Primarina|66/100
|-enditem|p1b: Primarina|Throat Spray|[from] move: Knock Off|[of] p2b: Incineroar
|move|p1b: Primarina|Hyper Voice|p2b: Incineroar|[spread] p2a,p2b
|-resisted|p2a: Dragonite
|-supereffective|p2b: Incineroar
|-damage|p2a: Dragonite|92/100
|-damage|p2b: Incineroar|0 fnt
|faint|p2b: Incineroar
|
|upkeep
|
|t:|1755619121
|switch|p1a: Garchomp|Garchomp, L50, M|100/100
|switch|p2b: Ursaluna|Ursaluna, L50, M|100/100 brn
|turn|5
|
|t:|1755619143
|move|p1a: Garchomp|Protect|p1a: Garchomp
|-singleturn|p1a: Garchomp|Protect
|move|p1b: Primarina|Protect|p1b: Primarina
|-singleturn|p1b: Primarina|Protect
|move|p2a: Dragonite|Scale Shot|p1a: Garchomp
|-activate|p1a: Garchomp|move: Protect
|move|p2b: Ursaluna|Earthquake|p1b: Primarina|[spread] 
|-activate|p1a: Garchomp|move: Protect
|-activate|p1b: Primarina|move: Protect
|-immune|p2a: Dragonite
|
|-damage|p2b: Ursaluna|95/100 brn|[from] brn
|upkeep
|turn|6
|
|t:|1755619158
|switch|p1b: Vivillon|Vivillon, L50, F|100/100
|move|p1a: Garchomp|Protect||[still]
|-fail|p1a: Garchomp
|move|p2a: Dragonite|Scale Shot|p1a: Garchomp
|-supereffective|p1a: Garchomp
|-damage|p1a: Garchomp|74/100
|-supereffective|p1a: Garchomp
|-damage|p1a: Garchomp|48/100
|-supereffective|p1a: Garchomp
|-damage|p1a: Garchomp|22/100
|-supereffective|p1a: Garchomp
|-damage|p1a: Garchomp|0 fnt
|faint|p1a: Garchomp
|-hitcount|p1: Garchomp|4
|-unboost|p2a: Dragonite|def|1
|-boost|p2a: Dragonite|spe|1
|move|p2b: Ursaluna|Earthquake|p1b: Vivillon|[spread] 
|-immune|p2a: Dragonite
|-immune|p1b: Vivillon
|
|-damage|p2b: Ursaluna|89/100 brn|[from] brn
|-sideend|p2: marcusquinn|move: Tailwind
|upkeep
|
|t:|1755619163
|switch|p1a: Primarina|Primarina, L50, M|66/100
|turn|7
|
|t:|1755619187
|move|p1a: Primarina|Protect|p1a: Primarina
|-singleturn|p1a: Primarina|Protect
|move|p2a: Dragonite|Scale Shot|p1b: Vivillon
|-damage|p1b: Vivillon|71/100
|-damage|p1b: Vivillon|44/100
|-damage|p1b: Vivillon|18/100
|-damage|p1b: Vivillon|0 fnt
|faint|p1b: Vivillon
|-hitcount|p1: Vivillon|4
|-unboost|p2a: Dragonite|def|1
|-boost|p2a: Dragonite|spe|1
|move|p2b: Ursaluna|Facade|p1a: Primarina
|-activate|p1a: Primarina|move: Protect
|
|-damage|p2b: Ursaluna|83/100 brn|[from] brn
|upkeep
|turn|8
|-message|123e45 forfeited.
|
|win|marcusquinn
|raw|123e45's rating: 1327 → 1305(-22 for losing)
|raw|marcusquinn's rating: 1295 → 1322(+27 for winning)
|l|☆123e45
|player|p1|
