|j|☆MAF1010
|j|☆pinba2
|html|MAF1010pinba2    
|uhtml|bestof|Game 2 of a best-of-3
|t:|1756597705
|gametype|doubles
|player|p1|MAF1010|unknown|1000
|player|p2|pinba2|nate|1000
|gen|9
|tier|[Gen 9] VGC 2025 Reg H (Bo3)
|rated|
|rule|Species Clause: Limit one of each Pokémon
|rule|Item Clause: Limit 1 of each item
|clearpoke
|poke|p1|Sableye, L50, F|
|poke|p1|Ditto, L50|
|poke|p1|Weezing-Galar, L50, F|
|poke|p1|Milotic, L50, M|
|poke|p1|Archaludon, L50, F|
|poke|p1|Tsareena, L50, F|
|poke|p2|Garchomp, L50, F|
|poke|p2|Incineroar, L50, M|
|poke|p2|Whimsicott, L50, F|
|poke|p2|Rillaboom, L50, F|
|poke|p2|Sneasler, L50, M|
|poke|p2|Gyarados, L50, F|
|teampreview|4
|showteam|p1|Sableye||AguavBerry|Prankster|WillOWisp,FakeOut,Quash,Protect|||F|||50|,,,,,Dark]Ditto||MirrorHerb|Imposter|Transform||||||50|,,,,,Normal]Weezing-Galar||EjectButton|NeutralizingGas|ClearSmog,PoisonGas,Protect,StrangeSteam|||F|||50|,,,,,Poison]Milotic||LifeOrb|Competitive|PsychUp,IcyWind,DrainingKiss,Scald|||M|||50|,,,,,Fairy]Archaludon||PowerHerb|Stamina|BodyPress,ElectroShot,IronHead,Snarl|||F|||50|,,,,,Electric]Tsareena||FocusSash|SweetVeil|TeeterDance,Uturn,SeedBomb,KnockOff|||F|||50|,,,,,Dark
|showteam|p2|Garchomp||LifeOrb|RoughSkin|ScaleShot,RockSlide,Earthquake,Protect|||F|||50|,,,,,Ground]Incineroar||CovertCloak|Intimidate|FlareBlitz,ScaryFace,KnockOff,FakeOut|||M|||50|,,,,,Bug]Whimsicott||FocusSash|Prankster|Encore,Tailwind,Moonblast,TrickRoom|||F|||50|,,,,,Dark]Rillaboom||MiracleSeed|GrassySurge|FakeOut,GrassyGlide,WoodHammer,Taunt|||F|||50|,,,,,Fire]Sneasler||GrassySeed|Unburden|CloseCombat,DireClaw,Protect,ThroatChop|||M|||50|,,,,,Fighting]Gyarados||SafetyGoggles|Intimidate|Waterfall,Taunt,ThunderWave,Protect|||F|||50|,,,,,Water
|inactive|Battle timer is ON: inactive players will automatically lose when time's up. (requested by pinba2)
|inactive|MAF1010 has 60 seconds left.
|
|t:|1756597739
|teamsize|p1|4
|teamsize|p2|4
|start
|switch|p1a: Sableye|Sableye, L50, F|100/100
|switch|p1b: Tsareena|Tsareena, L50, F|100/100
|switch|p2a: Sneasler|Sneasler, L50, M|100/100
|switch|p2b: Incineroar|Incineroar, L50, M|100/100
|-ability|p2b: Incineroar|Intimidate|boost
|-unboost|p1a: Sableye|atk|1
|-unboost|p1b: Tsareena|atk|1
|turn|1
|inactive|pinba2 has 30 seconds left.
|
|t:|1756597768
|switch|p1b: Ditto|Ditto, L50|100/100
|-transform|p1b: Ditto|p2a: Sneasler|[from] ability: Imposter
|move|p2b: Incineroar|Fake Out|p1b: Ditto
|-damage|p1b: Ditto|77/100
|move|p1a: Sableye|Will-O-Wisp|p2a: Sneasler
|-status|p2a: Sneasler|brn
|move|p2a: Sneasler|Dire Claw|p1b: Ditto
|-resisted|p1b: Ditto
|-damage|p1b: Ditto|56/100
|
|-damage|p2a: Sneasler|95/100 brn|[from] brn
|upkeep
|turn|2
|inactive|MAF1010 has 30 seconds left.
|inactive|pinba2 has 30 seconds left.
|inactive|pinba2 has 20 seconds left.
|inactive|pinba2 has 15 seconds left.
|inactive|pinba2 has 10 seconds left.
|inactive|pinba2 has 5 seconds left.
|
|t:|1756597823
|switch|p1b: Milotic|Milotic, L50, M|100/100
|move|p1a: Sableye|Protect|p1a: Sableye
|-singleturn|p1a: Sableye|Protect
|move|p2a: Sneasler|Close Combat|p1b: Milotic
|-damage|p1b: Milotic|67/100
|-unboost|p2a: Sneasler|def|1
|-unboost|p2a: Sneasler|spd|1
|move|p2b: Incineroar|Flare Blitz|p1b: Milotic
|-resisted|p1b: Milotic
|-damage|p1b: Milotic|40/100
|-damage|p2b: Incineroar|93/100|[from] Recoil
|
|-damage|p2a: Sneasler|89/100 brn|[from] brn
|upkeep
|turn|3
|
|t:|1756597844
|switch|p2b: Rillaboom|Rillaboom, L50, F|100/100
|-fieldstart|move: Grassy Terrain|[from] ability: Grassy Surge|[of] p2b: Rillaboom
|-enditem|p2a: Sneasler|Grassy Seed
|-boost|p2a: Sneasler|def|1|[from] item: Grassy Seed
|move|p2a: Sneasler|Protect|p2a: Sneasler
|-singleturn|p2a: Sneasler|Protect
|move|p1a: Sableye|Quash|p2a: Sneasler
|-activate|p2a: Sneasler|move: Protect
|move|p1b: Milotic|Scald|p2b: Rillaboom
|-resisted|p2b: Rillaboom
|-damage|p2b: Rillaboom|61/100
|-damage|p1b: Milotic|30/100|[from] item: Life Orb
|
|-heal|p2a: Sneasler|95/100 brn|[from] Grassy Terrain
|-heal|p2b: Rillaboom|67/100|[from] Grassy Terrain
|-heal|p1b: Milotic|36/100|[from] Grassy Terrain
|-damage|p2a: Sneasler|89/100 brn|[from] brn
|upkeep
|turn|4
|inactive|pinba2 has 30 seconds left.
|
|t:|1756597872
|switch|p1b: Tsareena|Tsareena, L50, F|100/100
|move|p1a: Sableye|Will-O-Wisp|p2b: Rillaboom|[miss]
|-miss|p1a: Sableye|p2b: Rillaboom
|move|p2a: Sneasler|Dire Claw|p1b: Tsareena
|-supereffective|p1b: Tsareena
|-damage|p1b: Tsareena|50/100
|-status|p1b: Tsareena|psn
|move|p2b: Rillaboom|Wood Hammer|p1a: Sableye
|-damage|p1a: Sableye|0 fnt
|faint|p1a: Sableye
|-damage|p2b: Rillaboom|43/100|[from] Recoil
|
|-heal|p2a: Sneasler|95/100 brn|[from] Grassy Terrain
|-heal|p2b: Rillaboom|48/100|[from] Grassy Terrain
|-heal|p1b: Tsareena|56/100 psn|[from] Grassy Terrain
|-damage|p1b: Tsareena|44/100 psn|[from] psn
|-damage|p2a: Sneasler|89/100 brn|[from] brn
|upkeep
|
|t:|1756597894
|switch|p1a: Milotic|Milotic, L50, M|36/100
|turn|5
|
|t:|1756597907
|-terastallize|p1a: Milotic|Fairy
|move|p2b: Rillaboom|Grassy Glide|p1a: Milotic
|-damage|p1a: Milotic|0 fnt
|faint|p1a: Milotic
|move|p2a: Sneasler|Dire Claw|p1b: Tsareena
|-supereffective|p1b: Tsareena
|-damage|p1b: Tsareena|0 fnt
|faint|p1b: Tsareena
|
|-heal|p2a: Sneasler|95/100 brn|[from] Grassy Terrain
|-heal|p2b: Rillaboom|54/100|[from] Grassy Terrain
|-damage|p2a: Sneasler|89/100 brn|[from] brn
|upkeep
|
|t:|1756597922
|switch|p1b: Ditto|Ditto, L50|56/100
|-transform|p1b: Ditto|p2a: Sneasler|[from] ability: Imposter
|turn|6
|
|t:|1756597937
|switch|p2b: Garchomp|Garchomp, L50, F|100/100
|move|p2a: Sneasler|Protect|p2a: Sneasler
|-singleturn|p2a: Sneasler|Protect
|move|p1b: Ditto|Dire Claw|p2b: Garchomp
|-resisted|p2b: Garchomp
|-damage|p2b: Garchomp|79/100
|-status|p2b: Garchomp|par
|-damage|p1b: Ditto|44/100|[from] ability: Rough Skin|[of] p2b: Garchomp
|
|-heal|p2a: Sneasler|95/100 brn|[from] Grassy Terrain
|-heal|p1b: Ditto|50/100|[from] Grassy Terrain
|-heal|p2b: Garchomp|85/100 par|[from] Grassy Terrain
|-damage|p2a: Sneasler|89/100 brn|[from] brn
|upkeep
|turn|7
|
|t:|1756597957
|switch|p2a: Rillaboom|Rillaboom, L50, F|54/100
|-terastallize|p2b: Garchomp|Ground
|move|p1b: Ditto|Throat Chop|p2b: Garchomp
|-damage|p2b: Garchomp|54/100 par
|-start|p2b: Garchomp|Throat Chop|[silent]
|-damage|p1b: Ditto|37/100|[from] ability: Rough Skin|[of] p2b: Garchomp
|move|p2b: Garchomp|Earthquake|p1b: Ditto|[spread] p2a,p1b
|-resisted|p2a: Rillaboom
|-supereffective|p1b: Ditto
|-damage|p2a: Rillaboom|32/100
|-damage|p1b: Ditto|0 fnt
|faint|p1b: Ditto
|-damage|p2b: Garchomp|44/100 par|[from] item: Life Orb
|
|win|pinba2
|l|☆MAF1010
|player|p1|
|inactive|MAF1010 has 30 seconds to confirm battle start!
|inactive|pinba2 has 30 seconds to confirm battle start!
|raw|MAF1010's rating: 1000 → 1000(+0 for losing)
|raw|pinba2's rating: 1000 → 1040(+40 for winning)
