|j|☆theghostgymleader
|j|☆freak_rv
|html|theghostgymleaderfreak_rv    
|uhtml|bestof|Game 1 of a best-of-3
|t:|1783197972
|gametype|doubles
|player|p1|theghostgymleader|169|1033
|player|p2|freak_rv|kieran-festival|1063
|gen|9
|tier|[Gen 9 Champions] VGC 2026 Reg M-B (Bo3)
|rated|
|rule|Species Clause: Limit one of each Pokémon
|rule|Item Clause: Limit 1 of each item
|clearpoke
|poke|p1|Gengar, L50, M, shiny|
|poke|p1|Froslass, L50, F|
|poke|p1|Decidueye, L50, M, shiny|
|poke|p1|Skeledirge, L50, F, shiny|
|poke|p1|Basculegion, L50, M, shiny|
|poke|p1|Sableye, L50, F|
|poke|p2|Staraptor, L50, M, shiny|
|poke|p2|Garchomp, L50, F|
|poke|p2|Whimsicott, L50, F|
|poke|p2|Kingambit, L50, M|
|poke|p2|Basculegion, L50, M|
|poke|p2|Sylveon, L50, M|
|teampreview|4
|showteam|p1|Gengar||Gengarite|CursedBody|Protect,SludgeBomb,Thunderbolt,DazzlingGleam|Modest||M|||50|]Froslass||Froslassite|CursedBody|Blizzard,DestinyBond,ShadowBall,AuroraVeil|Timid||F|||50|]Decidueye||FocusSash|LongReach|Tailwind,LeafBlade,SuckerPunch,BraveBird|Adamant||M|||50|]Skeledirge||Leftovers|Unaware|TorchSong,WillOWisp,Hex,SlackOff|Bold||F|||50|]Basculegion||ChoiceScarf|Adaptability|Crunch,LastRespects,WaveCrash,FlipTurn|Jolly||M|||50|]Sableye||RoseliBerry|Prankster|Quash,Disable,Encore,WillOWisp|Calm||F|||50|
|showteam|p2|Staraptor||Staraptite|Intimidate|CloseCombat,DualWingbeat,Roost,Protect|Jolly||M|||50|]Garchomp||LifeOrb|RoughSkin|DragonClaw,RockSlide,Earthquake,Protect|Adamant||F|||50|]Whimsicott||FocusSash|Prankster|Tailwind,Encore,Moonblast,Charm|Timid||F|||50|]Kingambit||ChopleBerry|Defiant|IronHead,SuckerPunch,KowtowCleave,Protect|Adamant||M|||50|]Basculegion||MysticWater|Adaptability|WaveCrash,LastRespects,AquaJet,Protect|Jolly||M|||50|]Sylveon||FairyFeather|Pixilate|HyperBeam,HyperVoice,Detect,BabyDollEyes|Modest||M|||50|
|inactive|Battle timer is ON: inactive players will automatically lose when time's up. (requested by freak_rv)
|
|t:|1783198020
|teamsize|p1|4
|teamsize|p2|4
|start
|switch|p1a: Elegy|Skeledirge, L50, F, shiny|100/100
|switch|p1b: Yuki-onna|Froslass, L50, F|100/100
|switch|p2a: Kingambit|Kingambit, L50, M|100/100
|switch|p2b: Whimsicott|Whimsicott, L50, F|100/100
|turn|1
|
|t:|1783198034
|detailschange|p1b: Yuki-onna|Froslass-Mega, L50, F
|-mega|p1b: Yuki-onna|Froslass|Froslassite
|-weather|Snowscape|[from] ability: Snow Warning|[of] p1b: Yuki-onna
|move|p2b: Whimsicott|Tailwind|p2b: Whimsicott
|-sidestart|p2: freak_rv|move: Tailwind
|move|p2a: Kingambit|Sucker Punch||[still]
|-fail|p2a: Kingambit
|move|p1b: Yuki-onna|Aurora Veil|p1b: Yuki-onna
|-sidestart|p1: theghostgymleader|move: Aurora Veil
|move|p1a: Elegy|Will-O-Wisp|p2a: Kingambit
|-status|p2a: Kingambit|brn
|
|-weather|Snowscape|[upkeep]
|-damage|p2a: Kingambit|94/100 brn|[from] brn
|upkeep
|turn|2
|
|t:|1783198056
|move|p2b: Whimsicott|Encore|p1b: Yuki-onna
|-start|p1b: Yuki-onna|Encore
|move|p1b: Yuki-onna|Aurora Veil||[still]
|-fail|p1b: Yuki-onna
|move|p2a: Kingambit|Kowtow Cleave|p1a: Elegy
|-supereffective|p1a: Elegy|1
|-crit|p1a: Elegy
|-damage|p1a: Elegy|57/100
|move|p1a: Elegy|Torch Song|p2a: Kingambit
|-supereffective|p2a: Kingambit|1
|-damage|p2a: Kingambit|33/100 brn
|-boost|p1a: Elegy|spa|1
|
|-weather|Snowscape|[upkeep]
|-heal|p1a: Elegy|63/100|[from] item: Leftovers
|-damage|p2a: Kingambit|27/100 brn|[from] brn
|upkeep
|turn|3
|inactive|freak_rv has 30 seconds left.
|inactive|freak_rv has 20 seconds left.
|inactive|freak_rv has 15 seconds left.
|
|t:|1783198097
|switch|p1b: Shadow|Gengar, L50, M, shiny|100/100
|switch|p2a: Sylveon|Sylveon, L50, M|100/100
|move|p2b: Whimsicott|Moonblast|p1a: Elegy
|-resisted|p1a: Elegy|1
|-damage|p1a: Elegy|54/100
|move|p1a: Elegy|Torch Song|p2a: Sylveon
|-damage|p2a: Sylveon|63/100
|-boost|p1a: Elegy|spa|1
|
|-weather|Snowscape|[upkeep]
|-heal|p1a: Elegy|60/100|[from] item: Leftovers
|upkeep
|turn|4
|inactive|theghostgymleader has 30 seconds left.
|
|t:|1783198124
|move|p2b: Whimsicott|Moonblast|p1a: Elegy
|-resisted|p1a: Elegy|1
|-damage|p1a: Elegy|50/100g
|move|p2a: Sylveon|Hyper Voice|p1b: Shadow|[spread] p1a,p1b
|-resisted|p1a: Elegy|1
|-resisted|p1b: Shadow|1
|-damage|p1a: Elegy|33/100
|-damage|p1b: Shadow|75/100
|-start|p2a: Sylveon|Disable|Hyper Voice|[from] ability: Cursed Body|[of] p1b: Shadow
|move|p1b: Shadow|Sludge Bomb|p2b: Whimsicott
|-supereffective|p2b: Whimsicott|2
|-enditem|p2b: Whimsicott|Focus Sash
|-damage|p2b: Whimsicott|1/100
|move|p1a: Elegy|Torch Song|p2a: Sylveon
|-damage|p2a: Sylveon|12/100
|-boost|p1a: Elegy|spa|1
|
|-weather|Snowscape|[upkeep]
|-heal|p1a: Elegy|39/100|[from] item: Leftovers
|-sideend|p2: freak_rv|move: Tailwind
|upkeep
|turn|5
|inactive|freak_rv has 30 seconds left.
|inactive|freak_rv has 20 seconds left.
|inactive|freak_rv has 15 seconds left.
|inactive|freak_rv has 10 seconds left.
|inactive|freak_rv has 5 seconds left.
|
|t:|1783198179
|move|p2b: Whimsicott|Tailwind|p2b: Whimsicott
|-sidestart|p2: freak_rv|move: Tailwind
|move|p2a: Sylveon|Hyper Beam|p1b: Shadow|[miss]
|-miss|p2a: Sylveon|p1b: Shadow
|move|p1b: Shadow|Dazzling Gleam|p2b: Whimsicott|[spread] p2a,p2b
|-damage|p2a: Sylveon|0 fnt
|-damage|p2b: Whimsicott|0 fnt
|faint|p2a: Sylveon
|faint|p2b: Whimsicott
|move|p1a: Elegy|Slack Off|p1a: Elegy
|-heal|p1a: Elegy|89/100
|
|-weather|none
|-heal|p1a: Elegy|95/100|[from] item: Leftovers
|-sideend|p1: theghostgymleader|move: Aurora Veil
|upkeep
|inactive|freak_rv has 30 seconds left.
|-message|freak_rv forfeited.
|raw|theghostgymleader's rating: 1033 → 1071(+38 for winning)
|raw|freak_rv's rating: 1063 → 1042(-21 for losing)
|
|win|theghostgymleader
|l|☆freak_rv
|player|p2|
