|j|☆smalltownkirlia
|j|☆Hyaskul
|html|smalltownkirliaHyaskul    
|uhtml|bestof|Game 1 of a best-of-3
|t:|1757689362
|gametype|doubles
|player|p1|smalltownkirlia|whitney|1110
|player|p2|Hyaskul|bellelba|1000
|gen|9
|tier|[Gen 9] VGC 2025 Reg H (Bo3)
|rated|
|rule|Species Clause: Limit one of each Pokémon
|rule|Item Clause: Limit 1 of each item
|clearpoke
|poke|p1|Dragonite, L50, F|
|poke|p1|Ursaluna-Bloodmoon, L50, M|
|poke|p1|Gholdengo, L50|
|poke|p1|Maushold-Four, L50|
|poke|p1|Annihilape, L50, F|
|poke|p1|Rillaboom, L50, M|
|poke|p2|Talonflame, L50, M|
|poke|p2|Mimikyu, L50, F|
|poke|p2|Krookodile, L50, F|
|poke|p2|Zoroark-Hisui, L50, M|
|poke|p2|Pawmot, L50, F|
|poke|p2|Gallade, L50, M|
|teampreview|4
|showteam|p1|Dragonite||LoadedDice|Multiscale|ScaleShot,Tailwind,Haze,Protect|||F|||50|,,,,,Fairy]Ursaluna-Bloodmoon||AssaultVest|MindsEye|BloodMoon,EarthPower,HyperVoice,VacuumWave|||M|||50|,,,,,Water]Gholdengo||LifeOrb|GoodasGold|MakeItRain,ShadowBall,NastyPlot,Protect||||||50|,,,,,Dragon]Maushold-Four||FocusSash|FriendGuard|Taunt,FollowMe,BeatUp,Protect||||||50|,,,,,Ghost]Annihilape||SitrusBerry|Defiant|RageFist,DrainPunch,BulkUp,Protect|||F|||50|,,,,,Fire]Rillaboom||MiracleSeed|GrassySurge|WoodHammer,GrassyGlide,HighHorsepower,FakeOut|||M|||50|,,,,,Fire
|showteam|p2|Talonflame||ChartiBerry|GaleWings|Tailwind,WillOWisp,AirSlash,Taunt|||M|||50|,,,,,Fire]Mimikyu||AirBalloon|Disguise|ThunderWave,PlayRough,Taunt,TrickRoom|||F|||50|,,,,,Flying]Krookodile||LifeOrb|Intimidate|BrickBreak,Earthquake,Crunch,Protect|||F|||50|,,,,,Dark]Zoroark-Hisui||ChoiceSpecs|Illusion|ShadowBall,HyperVoice,HyperBeam,SleepTalk|||M|||50|,,,,,Normal]Pawmot||FocusSash|VoltAbsorb|RevivalBlessing,CloseCombat,DoubleShock,Protect|||F|||50|,,,,,Electric]Gallade||ChoiceBand|Sharpness|SacredSword,PsychoCut,IcePunch,LeafBlade|||M|||50|,,,,,Psychic
|inactive|Battle timer is ON: inactive players will automatically lose when time's up. (requested by smalltownkirlia)
|
|t:|1757689391
|teamsize|p1|4
|teamsize|p2|4
|start
|switch|p1a: Ursaluna|Ursaluna-Bloodmoon, L50, M|100/100
|switch|p1b: Maushold|Maushold-Four, L50|100/100
|switch|p2a: Talonflame|Talonflame, L50, M|100/100
|switch|p2b: Gallade|Gallade, L50, M|100/100
|turn|1
|inactive|Hyaskul has 30 seconds left.
|
|t:|1757689417
|move|p1b: Maushold|Follow Me|p1b: Maushold
|-singleturn|p1b: Maushold|move: Follow Me
|move|p2a: Talonflame|Tailwind|p2a: Talonflame
|-sidestart|p2: Hyaskul|move: Tailwind
|move|p2b: Gallade|Hyper Voice|p1b: Maushold|[spread] p1a,p1b
|-damage|p1a: Ursaluna|74/100
|-damage|p1b: Maushold|36/100
|move|p1a: Ursaluna|Hyper Voice|p2a: Talonflame|[spread] p2a,p2b
|-damage|p2a: Talonflame|40/100
|-damage|p2b: Gallade|28/100
|replace|p2b: Zoroark|Zoroark-Hisui, L50, M
|-end|p2b: Zoroark|Illusion
|
|upkeep
|turn|2
|
|t:|1757689436
|move|p1b: Maushold|Protect|p1b: Maushold
|-singleturn|p1b: Maushold|Protect
|move|p1a: Ursaluna|Vacuum Wave|p2b: Zoroark
|-supereffective|p2b: Zoroark
|-damage|p2b: Zoroark|0 fnt
|faint|p2b: Zoroark
|move|p2a: Talonflame|Air Slash|p1a: Ursaluna
|-damage|p1a: Ursaluna|61/100
|
|upkeep
|
|t:|1757689454
|switch|p2b: Gallade|Gallade, L50, M|100/100
|turn|3
|
|t:|1757689482
|switch|p2a: Pawmot|Pawmot, L50, F|100/100
|move|p1b: Maushold|Follow Me|p1b: Maushold
|-singleturn|p1b: Maushold|move: Follow Me
|move|p2b: Gallade|Sacred Sword|p1b: Maushold
|-supereffective|p1b: Maushold
|-damage|p1b: Maushold|0 fnt
|faint|p1b: Maushold
|move|p1a: Ursaluna|Hyper Voice|p2b: Gallade|[spread] p2a,p2b
|-damage|p2a: Pawmot|38/100
|-damage|p2b: Gallade|60/100
|
|upkeep
|
|t:|1757689496
|switch|p1b: Gholdengo|Gholdengo, L50|100/100
|turn|4
|
|t:|1757689507
|move|p2a: Pawmot|Revival Blessing|p2a: Pawmot
|
|t:|1757689509
|-heal|p2: Zoroark|50/100|[from] move: Revival Blessing
|move|p2b: Gallade|Sacred Sword|p1a: Ursaluna
|-supereffective|p1a: Ursaluna
|-damage|p1a: Ursaluna|0 fnt
|faint|p1a: Ursaluna
|move|p1b: Gholdengo|Make It Rain|p2b: Gallade|[spread] p2a,p2b
|-resisted|p2a: Pawmot
|-damage|p2a: Pawmot|0 fnt
|-damage|p2b: Gallade|0 fnt
|-unboost|p1b: Gholdengo|spa|1
|faint|p2a: Pawmot
|faint|p2b: Gallade
|-damage|p1b: Gholdengo|91/100|[from] item: Life Orb
|
|-sideend|p2: Hyaskul|move: Tailwind
|upkeep
|
|t:|1757689518
|switch|p2a: Talonflame|Talonflame, L50, M|40/100
|switch|p2b: Zoroark|Zoroark-Hisui, L50, M|50/100
|switch|p1a: Dragonite|Dragonite, L50, F|100/100
|turn|5
|
|t:|1757689538
|-terastallize|p2b: Zoroark|Normal
|move|p1b: Gholdengo|Protect|p1b: Gholdengo
|-singleturn|p1b: Gholdengo|Protect
|move|p2a: Talonflame|Air Slash|p1a: Dragonite
|-damage|p1a: Dragonite|86/100
|move|p2b: Zoroark|Hyper Voice|p1a: Dragonite|[spread] p1a
|-activate|p1b: Gholdengo|move: Protect
|-damage|p1a: Dragonite|18/100
|move|p1a: Dragonite|Scale Shot|p2b: Zoroark
|-damage|p2b: Zoroark|22/100
|-damage|p2b: Zoroark|0 fnt
|faint|p2b: Zoroark
|-hitcount|p2: Zoroark|2
|-unboost|p1a: Dragonite|def|1
|-boost|p1a: Dragonite|spe|1
|
|upkeep
|turn|6
|
|t:|1757689554
|move|p1a: Dragonite|Scale Shot|p2a: Talonflame|[miss]
|-miss|p1a: Dragonite|p2a: Talonflame
|move|p2a: Talonflame|Air Slash|p1a: Dragonite
|-damage|p1a: Dragonite|0 fnt
|faint|p1a: Dragonite
|move|p1b: Gholdengo|Shadow Ball|p2a: Talonflame
|-damage|p2a: Talonflame|0 fnt
|faint|p2a: Talonflame
|-damage|p1b: Gholdengo|82/100|[from] item: Life Orb
|
|win|smalltownkirlia
