|j|☆KKameleon8
|j|☆dondozo ate my son
|html|KKameleon8dondozo ate my son    
|uhtml|bestof|Game 1 of a best-of-3
|t:|1784421385
|gametype|doubles
|player|p1|KKameleon8|1|1405
|player|p2|dondozo ate my son|102|1355
|gen|9
|tier|[Gen 9 Champions] VGC 2026 Reg M-B (Bo3)
|rated|
|rule|Species Clause: Limit one of each Pokémon
|rule|Item Clause: Limit 1 of each item
|clearpoke
|poke|p1|Hawlucha, L50, F|
|poke|p1|Mr. Rime, L50, F|
|poke|p1|Incineroar, L50, M|
|poke|p1|Kingambit, L50, M|
|poke|p1|Sinistcha, L50|
|poke|p1|Floette-Eternal, L50, F|
|poke|p2|Gengar, L50, F|
|poke|p2|Swampert, L50, F|
|poke|p2|Incineroar, L50, F|
|poke|p2|Politoed, L50, M|
|poke|p2|Archaludon, L50, M|
|poke|p2|Vivillon, L50, F|
|teampreview|4
|showteam|p1|Hawlucha||Hawluchanite|Limber|BraveBird,StoneEdge,Entrainment,Protect|Jolly||F|||50|]Mr. Rime||FocusSash|ScreenCleaner|IceShard,FakeOut,SheerCold,Protect|Jolly||F|||50|]Incineroar||SitrusBerry|Intimidate|DarkestLariat,FlareBlitz,FakeOut,PartingShot|Impish||M|||50|]Kingambit||LifeOrb|Defiant|KowtowCleave,SuckerPunch,SwordsDance,Protect|Adamant||M|||50|]Sinistcha||CobaBerry|Hospitality|MatchaGotcha,RagePowder,TrickRoom,ShadowBall|Calm|||||50|]Floette-Eternal||Floettite|FlowerVeil|Moonblast,DazzlingGleam,LightofRuin,Protect|Timid||F|||50|
|showteam|p2|Gengar||Gengarite|CursedBody|ShadowBall,PerishSong,SludgeBomb,Protect|Timid||F|||50|]Swampert||Swampertite|Torrent|WaveCrash,Earthquake,IcePunch,Protect|Adamant||F|||50|]Incineroar||PasshoBerry|Intimidate|ThroatChop,PartingShot,FakeOut,Protect|Sassy||F|||50|]Politoed||SitrusBerry|Drizzle|WeatherBall,PerishSong,Encore,Protect|Calm||M|||50|]Archaludon||Leftovers|Stamina|DragonPulse,FlashCannon,ElectroShot,Protect|Bold||M|||50|]Vivillon||FocusSash|CompoundEyes|Hurricane,SleepPowder,RagePowder,Protect|Timid||F|||50|
|inactive|Battle timer is ON: inactive players will automatically lose when time's up. (requested by KKameleon8)
|inactive|dondozo ate my son has 60 seconds left.
|
|t:|1784421464
|teamsize|p1|4
|teamsize|p2|4
|start
|switch|p1a: Mr. Rime|Mr. Rime, L50, F|100/100
|switch|p1b: Kingambit|Kingambit, L50, M|100/100
|switch|p2a: Incineroar|Incineroar, L50, F|100/100
|switch|p2b: Gengar|Gengar, L50, F|100/100
|-ability|p2a: Incineroar|Intimidate|boost
|-unboost|p1a: Mr. Rime|atk|1
|-unboost|p1b: Kingambit|atk|1
|-ability|p1b: Kingambit|Defiant|boost
|-boost|p1b: Kingambit|atk|2
|turn|1
|inactive|dondozo ate my son has 30 seconds left.
|inactive|dondozo ate my son has 20 seconds left.
|inactive|dondozo ate my son has 15 seconds left.
|inactive|dondozo ate my son has 10 seconds left.
|inactive|dondozo ate my son has 5 seconds left.
|
|t:|1784421517
|switch|p2a: Politoed|Politoed, L50, M|100/100
|-weather|RainDance|[from] ability: Drizzle|[of] p2a: Politoed
|detailschange|p2b: Gengar|Gengar-Mega, L50, F
|-mega|p2b: Gengar|Gengar|Gengarite
|move|p2b: Gengar|Protect|p2b: Gengar
|-singleturn|p2b: Gengar|Protect
|move|p1a: Mr. Rime|Fake Out|p2a: Politoed
|-damage|p2a: Politoed|93/100
|move|p1b: Kingambit|Kowtow Cleave|p2b: Gengar
|-activate|p2b: Gengar|move: Protect
|
|-weather|RainDance|[upkeep]
|upkeep
|turn|2
|inactive|dondozo ate my son has 30 seconds left.
|
|t:|1784421543
|switch|p2b: Archaludon|Archaludon, L50, M|100/100
|move|p1a: Mr. Rime|Sheer Cold|p2a: Politoed|[miss]
|-miss|p1a: Mr. Rime|p2a: Politoed
|move|p2a: Politoed|Weather Ball|p1b: Kingambit
|-damage|p1b: Kingambit|47/100
|move|p1b: Kingambit|Kowtow Cleave|p2b: Archaludon
|-damage|p2b: Archaludon|38/100
|-ability|p2b: Archaludon|Stamina|boost
|-boost|p2b: Archaludon|def|1
|-damage|p1b: Kingambit|38/100|[from] item: Life Orb
|
|-weather|RainDance|[upkeep]
|-heal|p2b: Archaludon|44/100|[from] item: Leftovers
|upkeep
|turn|3
|inactive|dondozo ate my son has 30 seconds left.
|
|t:|1784421571
|switch|p1a: Sinistcha|Sinistcha, L50|100/100
|-heal|p1b: Kingambit|63/100|[from] ability: Hospitality|[of] p1a: Sinistcha
|move|p1b: Kingambit|Protect|p1b: Kingambit
|-singleturn|p1b: Kingambit|Protect
|move|p2b: Archaludon|Electro Shot||[still]
|-prepare|p2b: Archaludon|Electro Shot
|-boost|p2b: Archaludon|spa|1
|-anim|p2b: Archaludon|Electro Shot|p1b: Kingambit
|-activate|p1b: Kingambit|move: Protect
|move|p2a: Politoed|Weather Ball|p1b: Kingambit
|-activate|p1b: Kingambit|move: Protect
|
|-weather|RainDance|[upkeep]
|-heal|p2b: Archaludon|50/100g|[from] item: Leftovers
|upkeep
|turn|4
|inactive|dondozo ate my son has 30 seconds left.
|inactive|dondozo ate my son has 20 seconds left.
|inactive|dondozo ate my son has 15 seconds left.
|
|t:|1784421616
|move|p1a: Sinistcha|Rage Powder|p1a: Sinistcha
|-singleturn|p1a: Sinistcha|move: Rage Powder
|move|p2b: Archaludon|Electro Shot||[still]
|-prepare|p2b: Archaludon|Electro Shot
|-boost|p2b: Archaludon|spa|1
|-anim|p2b: Archaludon|Electro Shot|p1a: Sinistcha
|-resisted|p1a: Sinistcha|1
|-crit|p1a: Sinistcha
|-damage|p1a: Sinistcha|51/100
|move|p2a: Politoed|Perish Song|p2a: Politoed
|-start|p1a: Sinistcha|perish3|[silent]
|-start|p1b: Kingambit|perish3|[silent]
|-start|p2a: Politoed|perish3|[silent]
|-start|p2b: Archaludon|perish3|[silent]
|-fieldactivate|move: Perish Song
|move|p1b: Kingambit|Kowtow Cleave|p2a: Politoed
|-damage|p2a: Politoed|0 fnt
|faint|p2a: Politoed
|-damage|p1b: Kingambit|53/100|[from] item: Life Orb
|
|-weather|RainDance|[upkeep]
|-heal|p2b: Archaludon|56/100|[from] item: Leftovers
|-start|p2b: Archaludon|perish3
|-start|p1a: Sinistcha|perish3
|-start|p1b: Kingambit|perish3
|upkeep
|inactive|dondozo ate my son has 30 seconds left.
|
|t:|1784421645
|switch|p2a: Gengar|Gengar-Mega, L50, F|100/100
|turn|5
|
|t:|1784421664
|switch|p2b: Incineroar|Incineroar, L50, F|100/100
|-ability|p2b: Incineroar|Intimidate|boost
|-unboost|p1a: Sinistcha|atk|1
|-unboost|p1b: Kingambit|atk|1
|-ability|p1b: Kingambit|Defiant|boost
|-boost|p1b: Kingambit|atk|2
|move|p2a: Gengar|Protect|p2a: Gengar
|-singleturn|p2a: Gengar|Protect
|move|p1b: Kingambit|Sucker Punch||[still]
|-fail|p1b: Kingambit
|move|p1a: Sinistcha|Shadow Ball|p2b: Incineroar
|-resisted|p2b: Incineroar|1
|-damage|p2b: Incineroar|87/100
|
|-weather|none
|-start|p1a: Sinistcha|perish2
|-start|p1b: Kingambit|perish2
|upkeep
|turn|6
|inactive|KKameleon8 has 30 seconds left.
|inactive|KKameleon8 has 20 seconds left.
|
|t:|1784421702
|move|p1b: Kingambit|Protect|p1b: Kingambit
|-singleturn|p1b: Kingambit|Protect
|move|p2b: Incineroar|Fake Out|p1b: Kingambit
|-activate|p1b: Kingambit|move: Protect
|move|p2a: Gengar|Shadow Ball|p1a: Sinistcha
|-supereffective|p1a: Sinistcha|1
|-damage|p1a: Sinistcha|0 fnt
|faint|p1a: Sinistcha
|
|-start|p1b: Kingambit|perish1
|upkeep
|
|t:|1784421710
|switch|p1a: Hawlucha|Hawlucha, L50, F|100/100
|turn|7
|inactive|dondozo ate my son has 30 seconds left.
|
|t:|1784421741
|detailschange|p1a: Hawlucha|Hawlucha-Mega, L50, F
|-mega|p1a: Hawlucha|Hawlucha|Hawluchanite
|move|p2a: Gengar|Protect|p2a: Gengar
|-singleturn|p2a: Gengar|Protect
|move|p2b: Incineroar|Protect|p2b: Incineroar
|-singleturn|p2b: Incineroar|Protect
|move|p1a: Hawlucha|Entrainment|p2a: Gengar
|-activate|p2a: Gengar|move: Protect
|move|p1b: Kingambit|Kowtow Cleave|p2b: Incineroar
|-activate|p2b: Incineroar|move: Protect
|
|-start|p1b: Kingambit|perish0
|faint|p1b: Kingambit
|upkeep
|
|t:|1784421744
|switch|p1b: Mr. Rime|Mr. Rime, L50, F|100/100
|turn|8
|inactive|dondozo ate my son has 30 seconds left.
|inactive|dondozo ate my son has 20 seconds left.
|inactive|dondozo ate my son has 15 seconds left.
|
|t:|1784421788
|move|p1a: Hawlucha|Entrainment|p1b: Mr. Rime
|-ability|p1b: Mr. Rime|No Guard|Screen Cleaner|[from] move: Entrainment|[of] p1a: Hawlucha
|move|p2a: Gengar|Perish Song|p2a: Gengar
|-start|p1a: Hawlucha|perish3|[silent]
|-start|p1b: Mr. Rime|perish3|[silent]
|-start|p2a: Gengar|perish3|[silent]
|-start|p2b: Incineroar|perish3|[silent]
|-fieldactivate|move: Perish Song
|move|p1b: Mr. Rime|Sheer Cold|p2b: Incineroar
|-damage|p2b: Incineroar|0 fnt
|faint|p2b: Incineroar
|-ohko
|
|-start|p1a: Hawlucha|perish3
|-start|p2a: Gengar|perish3
|-start|p1b: Mr. Rime|perish3
|upkeep
|
|t:|1784421797
|switch|p2b: Archaludon|Archaludon, L50, M|56/100
|turn|9
|inactive|dondozo ate my son has 30 seconds left.
|inactive|dondozo ate my son has 20 seconds left.
|inactive|dondozo ate my son has 15 seconds left.
|
|t:|1784421838
|move|p1a: Hawlucha|Stone Edge|p2a: Gengar
|-damage|p2a: Gengar|60/100
|move|p2a: Gengar|Sludge Bomb|p1b: Mr. Rime
|-damage|p1b: Mr. Rime|43/100
|move|p1b: Mr. Rime|Sheer Cold|p2b: Archaludon
|-damage|p2b: Archaludon|0 fnt
|faint|p2b: Archaludon
|-ohko
|
|-start|p1a: Hawlucha|perish2
|-start|p2a: Gengar|perish2
|-start|p1b: Mr. Rime|perish2
|upkeep
|turn|10
|inactive|KKameleon8 has 30 seconds left.
|inactive|dondozo ate my son has 30 seconds left.
|inactive|KKameleon8 has 20 seconds left.
|inactive|dondozo ate my son has 20 seconds left.
|inactive|KKameleon8 has 15 seconds left.
|inactive|dondozo ate my son has 15 seconds left.
|inactive|dondozo ate my son has 10 seconds left.
|
|t:|1784421889
|move|p1b: Mr. Rime|Ice Shard|p2a: Gengar
|-damage|p2a: Gengar|40/100
|move|p1a: Hawlucha|Brave Bird|p2a: Gengar
|-damage|p2a: Gengar|0 fnt
|faint|p2a: Gengar
|-damage|p1a: Hawlucha|85/100|[from] Recoil
|
|win|KKameleon8
||KKameleon8 is ready for game 2.
|inactive|dondozo ate my son has 30 seconds to confirm battle start!
