|j|☆conmur313
|j|☆andiom123
|html|conmur313andiom123    
|uhtml|bestof|Game 2 of a best-of-3
|t:|1784773158
|gametype|doubles
|player|p1|conmur313|linebacker|1147
|player|p2|andiom123|red|1079
|gen|9
|tier|[Gen 9 Champions] VGC 2026 Reg M-B (Bo3)
|rated|
|rule|Species Clause: Limit one of each Pokémon
|rule|Item Clause: Limit 1 of each item
|clearpoke
|poke|p1|Farigiraf, L50, M|
|poke|p1|Scrafty, L50, M, shiny|
|poke|p1|Torkoal, L50, F|
|poke|p1|Vileplume, L50, F|
|poke|p1|Sylveon, L50, F|
|poke|p1|Staraptor, L50, F|
|poke|p2|Incineroar, L50, F|
|poke|p2|Farigiraf, L50, F|
|poke|p2|Sylveon, L50, F|
|poke|p2|Torkoal, L50, F|
|poke|p2|Kangaskhan, L50, F|
|poke|p2|Mudsdale, L50, M|
|teampreview|4
|showteam|p1|Farigiraf||SitrusBerry|ArmorTail|Protect,Thunderbolt,TwinBeam,TrickRoom|Sassy||M|||50|]Scrafty||Scraftinite|Intimidate|FakeOut,IronHead,KnockOff,CloseCombat|Brave||M|||50|]Torkoal||Charcoal|Drought|HeatWave,WeatherBall,Eruption,Protect|Quiet||F|||50|]Vileplume||FocusSash|Chlorophyll|SludgeBomb,SleepPowder,AfterYou,LeafStorm|Serious||F|||50|]Sylveon||FairyFeather|Pixilate|HyperVoice,QuickAttack,HyperBeam,Detect|Quiet||F|||50|]Staraptor||ChoiceScarf|Intimidate|BraveBird,CloseCombat,Uturn,FinalGambit|Jolly||F|||50|
|showteam|p2|Incineroar||MuscleBand|Intimidate|ThroatChop,FlareBlitz,FakeOut,PartingShot|Brave||F|||50|]Farigiraf||SitrusBerry|ArmorTail|FoulPlay,PsychicNoise,TrickRoom,HelpingHand|Relaxed||F|||50|]Sylveon||FairyFeather|Pixilate|HyperVoice,HyperBeam,Yawn,Detect|Modest||F|||50|]Torkoal||Charcoal|Drought|Eruption,EarthPower,Flamethrower,Protect|Quiet||F|||50|]Kangaskhan||Kangaskhanite|Scrappy|DoubleEdge,FakeOut,IcePunch,HammerArm|Brave||F|||50|]Mudsdale||LifeOrb|InnerFocus|HighHorsepower,Earthquake,RockSlide,HeavySlam|Brave||M|||50|
|
|t:|1784773164
|teamsize|p1|4
|teamsize|p2|4
|start
|switch|p1a: Torkoal|Torkoal, L50, F|100/100
|switch|p1b: Vileplume|Vileplume, L50, F|100/100
|switch|p2a: Farigiraf|Farigiraf, L50, F|100/100
|switch|p2b: Kangaskhan|Kangaskhan, L50, F|100/100
|-weather|SunnyDay|[from] ability: Drought|[of] p1a: Torkoal
|turn|1
|
|t:|1784773191
|switch|p1b: Farigiraf|Farigiraf, L50, M|100/100
|detailschange|p2b: Kangaskhan|Kangaskhan-Mega, L50, F
|-mega|p2b: Kangaskhan|Kangaskhan|Kangaskhanite
|move|p2b: Kangaskhan|Double-Edge|p1a: Torkoal
|-damage|p1a: Torkoal|45/100
|-damage|p1a: Torkoal|33/100
|-hitcount|p1a: Torkoal|2
|-damage|p2b: Kangaskhan|81/100|[from] Recoil
|move|p2a: Farigiraf|Psychic Noise|p1a: Torkoal
|-damage|p1a: Torkoal|0 fnt
|faint|p1a: Torkoal
|
|-weather|SunnyDay|[upkeep]
|upkeep
|
|t:|1784773204
|switch|p1a: Vileplume|Vileplume, L50, F|100/100
|turn|2
|
|t:|1784773216
|move|p1a: Vileplume|Sleep Powder|p2a: Farigiraf|[miss]
|-miss|p1a: Vileplume|p2a: Farigiraf
|move|p2b: Kangaskhan|Ice Punch|p1a: Vileplume
|-supereffective|p1a: Vileplume|1
|-damage|p1a: Vileplume|26/100
|-supereffective|p1a: Vileplume|1
|-damage|p1a: Vileplume|9/100
|-hitcount|p1a: Vileplume|2
|move|p2a: Farigiraf|Psychic Noise|p1a: Vileplume
|-supereffective|p1a: Vileplume|1
|-damage|p1a: Vileplume|0 fnt
|faint|p1a: Vileplume
|move|p1b: Farigiraf|Thunderbolt|p2b: Kangaskhan
|-damage|p2b: Kangaskhan|61/100
|
|-weather|SunnyDay|[upkeep]
|upkeep
|
|t:|1784773229
|switch|p1a: Scrafty|Scrafty, L50, M, shiny|100/100
|-ability|p1a: Scrafty|Intimidate|boost
|-unboost|p2a: Farigiraf|atk|1
|-unboost|p2b: Kangaskhan|atk|1
|turn|3
|
|t:|1784773248
|switch|p2b: Sylveon|Sylveon, L50, F|100/100
|detailschange|p1a: Scrafty|Scrafty-Mega, L50, M, shiny
|-mega|p1a: Scrafty|Scrafty|Scraftinite
|-ability|p1a: Scrafty|Intimidate|boost
|-unboost|p2a: Farigiraf|atk|1
|-unboost|p2b: Sylveon|atk|1
|move|p1a: Scrafty|Knock Off|p2a: Farigiraf
|-supereffective|p2a: Farigiraf|1
|-damage|p2a: Farigiraf|22/100
|-enditem|p2a: Farigiraf|Sitrus Berry|[from] move: Knock Off|[of] p1a: Scrafty
|move|p1b: Farigiraf|Thunderbolt|p2b: Sylveon
|-damage|p2b: Sylveon|83/100
|move|p2a: Farigiraf|Trick Room|p2a: Farigiraf
|-fieldstart|move: Trick Room|[of] p2a: Farigiraf
|
|-weather|SunnyDay|[upkeep]
|upkeep
|turn|4
|
|t:|1784773269
|move|p2a: Farigiraf|Helping Hand|p2b: Sylveon
|-singleturn|p2b: Sylveon|Helping Hand|[of] p2a: Farigiraf
|move|p1b: Farigiraf|Twin Beam|p2a: Farigiraf
|-resisted|p2a: Farigiraf|1
|-damage|p2a: Farigiraf|15/100
|-resisted|p2a: Farigiraf|1
|-damage|p2a: Farigiraf|8/100
|-hitcount|p2a: Farigiraf|2
|move|p1a: Scrafty|Iron Head|p2b: Sylveon
|-supereffective|p2b: Sylveon|1
|-damage|p2b: Sylveon|15/100
|move|p2b: Sylveon|Hyper Voice|p1b: Farigiraf|[spread] p1a,p1b
|-supereffective|p1a: Scrafty|2
|-damage|p1a: Scrafty|0 fnt
|-damage|p1b: Farigiraf|42/100
|-enditem|p1b: Farigiraf|Sitrus Berry|[eat]
|-heal|p1b: Farigiraf|67/100|[from] item: Sitrus Berry
|faint|p1a: Scrafty
|
|-weather|SunnyDay|[upkeep]
|upkeep
|turn|5
|
|t:|1784773290
|move|p1b: Farigiraf|Twin Beam|p2b: Sylveon
|-damage|p2b: Sylveon|2/100
|-damage|p2b: Sylveon|0 fnt
|faint|p2b: Sylveon
|-hitcount|p2: Sylveon|2
|move|p2a: Farigiraf|Foul Play|p1b: Farigiraf
|-supereffective|p1b: Farigiraf|1
|-damage|p1b: Farigiraf|32/100
|
|-weather|none
|upkeep
|
|t:|1784773299
|switch|p2b: Mudsdale|Mudsdale, L50, M|100/100
|turn|6
|
|t:|1784773305
|move|p2b: Mudsdale|Rock Slide|p1b: Farigiraf
|-damage|p1b: Farigiraf|1/100
|-damage|p2b: Mudsdale|90/100|[from] item: Life Orb
|move|p1b: Farigiraf|Twin Beam|p2a: Farigiraf
|-resisted|p2a: Farigiraf|1
|-damage|p2a: Farigiraf|1/100
|-resisted|p2a: Farigiraf|1
|-damage|p2a: Farigiraf|0 fnt
|faint|p2a: Farigiraf
|-hitcount|p2: Farigiraf|2
|
|upkeep
|
|t:|1784773316
|switch|p2a: Kangaskhan|Kangaskhan-Mega, L50, F|61/100
|turn|7
|
|t:|1784773324
|move|p2a: Kangaskhan|Fake Out||[still]
|cant|p1b: Farigiraf|ability: Armor Tail|Fake Out|[of] p2a: Kangaskhan
|move|p2b: Mudsdale|Rock Slide|p1b: Farigiraf
|-damage|p1b: Farigiraf|0 fnt
|faint|p1b: Farigiraf
|-damage|p2b: Mudsdale|80/100|[from] item: Life Orb
|
|win|andiom123
||andiom123 is ready for game 3.
||conmur313 is ready for game 3.
|uhtml|next|Next: Game 3 of 3
|l|☆conmur313
|player|p1|
