|j|☆EnigmaEUW
|j|☆Gotissues
|html|EnigmaEUWGotissues    
|uhtml|bestof|Game 2 of a best-of-3
|t:|1757702389
|gametype|doubles
|player|p1|EnigmaEUW|ingo|1108
|player|p2|Gotissues|hiker-gen4|1016
|gen|9
|tier|[Gen 9] VGC 2025 Reg H (Bo3)
|rated|
|rule|Species Clause: Limit one of each Pokémon
|rule|Item Clause: Limit 1 of each item
|clearpoke
|poke|p1|Pelipper, L50, F|
|poke|p1|Archaludon, L50, M|
|poke|p1|Incineroar, L50, M|
|poke|p1|Hydreigon, L50, F|
|poke|p1|Ursaluna, L50, M|
|poke|p1|Amoonguss, L50, M|
|poke|p2|Whimsicott, L50, M|
|poke|p2|Typhlosion-Hisui, L50, M|
|poke|p2|Farigiraf, L50, M|
|poke|p2|Ursaluna-Bloodmoon, L50, M|
|poke|p2|Clefairy, L50, F|
|poke|p2|Annihilape, L50, F|
|teampreview|4
|showteam|p1|Pelipper||CovertCloak|Drizzle|WeatherBall,Hurricane,Tailwind,Protect|||F|||50|,,,,,Grass]Archaludon||AssaultVest|Stamina|ElectroShot,BodyPress,DracoMeteor,FlashCannon|||M|||50|,,,,,Bug]Incineroar||RockyHelmet|Intimidate|FlareBlitz,KnockOff,FakeOut,PartingShot|||M|||50|,,,,,Grass]Hydreigon||SafetyGoggles|Levitate|Snarl,DracoMeteor,Tailwind,Protect|||F|||50|,,,,,Poison]Ursaluna||FlameOrb|Guts|Facade,Earthquake,HeadlongRush,Protect|||M|||50|,,,,,Ghost]Amoonguss||SitrusBerry|Regenerator|Spore,RagePowder,PollenPuff,Protect|||M|||50|,,,,,Water
|showteam|p2|Whimsicott||CovertCloak|Prankster|DazzlingGleam,Tailwind,BeatUp,SunnyDay|||M|||50|,,,,,Dark]Typhlosion-Hisui||ChoiceSpecs|Blaze|Eruption,HeatWave,ShadowBall,SolarBeam|||M|||50|,,,,,Fire]Farigiraf||ThroatSpray|ArmorTail|HyperVoice,DazzlingGleam,TrickRoom,Protect|||M|||50|,,,,,Dragon]Ursaluna-Bloodmoon||LifeOrb|MindsEye|HyperVoice,BloodMoon,Protect,EarthPower|||M|||50|,,,,,Normal]Clefairy||Eviolite|FriendGuard|FollowMe,Protect,AfterYou,HelpingHand|||F|||50|,,,,,Fairy]Annihilape||AssaultVest|Defiant|RageFist,CloseCombat,DrainPunch,FinalGambit|||F|||50|,,,,,Fire
|inactive|Battle timer is ON: inactive players will automatically lose when time's up. (requested by EnigmaEUW)
|inactive|EnigmaEUW has 60 seconds left.
|inactive|Gotissues has 60 seconds left.
|
|t:|1757702424
|teamsize|p1|4
|teamsize|p2|4
|start
|switch|p1a: Hydreigon|Hydreigon, L50, F|100/100
|switch|p1b: Amoonguss|Amoonguss, L50, M|100/100
|switch|p2a: Ursaluna|Ursaluna-Bloodmoon, L50, M|100/100
|switch|p2b: Annihilape|Annihilape, L50, F|100/100
|turn|1
|inactive|EnigmaEUW has 30 seconds left.
|inactive|Gotissues has 30 seconds left.
|inactive|EnigmaEUW has 20 seconds left.
|inactive|EnigmaEUW has 15 seconds left.
|
|t:|1757702467
|move|p1a: Hydreigon|Protect|p1a: Hydreigon
|-singleturn|p1a: Hydreigon|Protect
|move|p2a: Ursaluna|Protect|p2a: Ursaluna
|-singleturn|p2a: Ursaluna|Protect
|move|p2b: Annihilape|Drain Punch|p1a: Hydreigon
|-activate|p1a: Hydreigon|move: Protect
|move|p1b: Amoonguss|Spore|p2b: Annihilape
|-status|p2b: Annihilape|slp|[from] move: Spore
|
|upkeep
|turn|2
|inactive|Gotissues has 30 seconds left.
|inactive|EnigmaEUW has 30 seconds left.
|inactive|EnigmaEUW has 20 seconds left.
|inactive|EnigmaEUW has 15 seconds left.
|
|t:|1757702516
|switch|p2b: Whimsicott|Whimsicott, L50, M, shiny|100/100
|-terastallize|p2a: Ursaluna|Normal
|move|p1a: Hydreigon|Tailwind|p1a: Hydreigon
|-sidestart|p1: EnigmaEUW|move: Tailwind
|move|p1b: Amoonguss|Spore|p2a: Ursaluna
|-status|p2a: Ursaluna|slp|[from] move: Spore
|cant|p2a: Ursaluna|slp
|
|upkeep
|turn|3
|
|t:|1757702538
|switch|p1b: Incineroar|Incineroar, L50, M|100/100
|-ability|p1b: Incineroar|Intimidate|boost
|-unboost|p2a: Ursaluna|atk|1
|-unboost|p2b: Whimsicott|atk|1
|switch|p2a: Typhlosion|Typhlosion-Hisui, L50, M|100/100
|-terastallize|p1a: Hydreigon|Poison
|move|p2b: Whimsicott|Tailwind|p2b: Whimsicott
|-sidestart|p2: Gotissues|move: Tailwind
|move|p1a: Hydreigon|Snarl|p2a: Typhlosion|[spread] p2a,p2b
|-supereffective|p2a: Typhlosion
|-resisted|p2b: Whimsicott
|-damage|p2a: Typhlosion|47/100
|-damage|p2b: Whimsicott|89/100
|-unboost|p2a: Typhlosion|spa|1
|
|upkeep
|turn|4
|inactive|Gotissues has 30 seconds left.
|
|t:|1757702566
|move|p1a: Hydreigon|Protect|p1a: Hydreigon
|-singleturn|p1a: Hydreigon|Protect
|move|p2b: Whimsicott|Sunny Day|p2b: Whimsicott
|-weather|SunnyDay
|move|p2a: Typhlosion|Heat Wave|p1b: Incineroar|[spread] p1b
|-activate|p1a: Hydreigon|move: Protect
|-resisted|p1b: Incineroar
|-damage|p1b: Incineroar|79/100
|move|p1b: Incineroar|Knock Off|p2a: Typhlosion
|-supereffective|p2a: Typhlosion
|-damage|p2a: Typhlosion|0 fnt
|-enditem|p2a: Typhlosion|Choice Specs|[from] move: Knock Off|[of] p1b: Incineroar
|faint|p2a: Typhlosion
|
|-weather|SunnyDay|[upkeep]
|upkeep
|
|t:|1757702581
|switch|p2a: Annihilape|Annihilape, L50, F|100/100 slp
|turn|5
|inactive|Gotissues has 30 seconds left.
|
|t:|1757702616
|move|p1a: Hydreigon|Draco Meteor|p2a: Annihilape
|-damage|p2a: Annihilape|61/100 slp
|-unboost|p1a: Hydreigon|spa|2
|move|p2b: Whimsicott|Dazzling Gleam|p1b: Incineroar|[spread] p1a,p1b
|-resisted|p1a: Hydreigon
|-damage|p1a: Hydreigon|91/100
|-damage|p1b: Incineroar|66/100
|cant|p2a: Annihilape|slp
|move|p1b: Incineroar|Flare Blitz|p2b: Whimsicott
|-supereffective|p2b: Whimsicott
|-damage|p2b: Whimsicott|0 fnt
|faint|p2b: Whimsicott
|-damage|p1b: Incineroar|42/100|[from] Recoil
|
|-weather|SunnyDay|[upkeep]
|-sideend|p1: EnigmaEUW|move: Tailwind
|upkeep
|
|t:|1757702630
|switch|p2b: Ursaluna|Ursaluna-Bloodmoon, L50, M, tera:Normal|100/100 slp
|turn|6
|inactive|Gotissues has 30 seconds left.
|
|t:|1757702656
|switch|p1b: Pelipper|Pelipper, L50, F|100/100
|-weather|RainDance|[from] ability: Drizzle|[of] p1b: Pelipper
|-curestatus|p2a: Annihilape|slp|[msg]
|move|p2a: Annihilape|Drain Punch|p1b: Pelipper
|-resisted|p1b: Pelipper
|-damage|p1b: Pelipper|82/100
|-heal|p2a: Annihilape|69/100|[from] drain|[of] p1b: Pelipper
|-curestatus|p2b: Ursaluna|slp|[msg]
|move|p2b: Ursaluna|Blood Moon|p1a: Hydreigon
|-damage|p1a: Hydreigon|0 fnt
|faint|p1a: Hydreigon
|-damage|p2b: Ursaluna|91/100|[from] item: Life Orb
|
|-weather|RainDance|[upkeep]
|-sideend|p2: Gotissues|move: Tailwind
|upkeep
|
|t:|1757702674
|switch|p1a: Amoonguss|Amoonguss, L50, M|100/100
|turn|7
|inactive|EnigmaEUW has 30 seconds left.
|inactive|Gotissues has 30 seconds left.
|inactive|Gotissues has 20 seconds left.
|inactive|Gotissues has 15 seconds left.
|inactive|Gotissues has 10 seconds left.
|inactive|Gotissues has 5 seconds left.
|
|t:|1757702729
|move|p2a: Annihilape|Rage Fist|p1b: Pelipper
|-damage|p1b: Pelipper|35/100
|move|p1b: Pelipper|Hurricane|p2a: Annihilape
|-supereffective|p2a: Annihilape
|-damage|p2a: Annihilape|19/100
|move|p2b: Ursaluna|Hyper Voice|p1b: Pelipper|[spread] p1a,p1b
|-damage|p1a: Amoonguss|40/100
|-damage|p1b: Pelipper|0 fnt
|-enditem|p1a: Amoonguss|Sitrus Berry|[eat]
|-heal|p1a: Amoonguss|65/100|[from] item: Sitrus Berry
|faint|p1b: Pelipper
|-damage|p2b: Ursaluna|81/100|[from] item: Life Orb
|move|p1a: Amoonguss|Spore|p2b: Ursaluna
|-status|p2b: Ursaluna|slp|[from] move: Spore
|
|-weather|RainDance|[upkeep]
|upkeep
|
|t:|1757702746
|switch|p1b: Incineroar|Incineroar, L50, M|42/100
|-ability|p1b: Incineroar|Intimidate|boost
|-unboost|p2a: Annihilape|atk|1
|-ability|p2a: Annihilape|Defiant|boost
|-boost|p2a: Annihilape|atk|2
|-unboost|p2b: Ursaluna|atk|1
|turn|8
|
|t:|1757702763
|move|p1a: Amoonguss|Rage Powder|p1a: Amoonguss
|-singleturn|p1a: Amoonguss|move: Rage Powder
|move|p2a: Annihilape|Rage Fist|p1a: Amoonguss
|-damage|p1a: Amoonguss|0 fnt
|faint|p1a: Amoonguss
|cant|p2b: Ursaluna|slp
|move|p1b: Incineroar|Knock Off|p2a: Annihilape
|-damage|p2a: Annihilape|0 fnt
|-enditem|p2a: Annihilape|Assault Vest|[from] move: Knock Off|[of] p1b: Incineroar
|faint|p2a: Annihilape
|
|-weather|RainDance|[upkeep]
|upkeep
|turn|9
|
|t:|1757702782
|cant|p2b: Ursaluna|slp
|move|p1b: Incineroar|Knock Off|p2b: Ursaluna
|-damage|p2b: Ursaluna|54/100 slp
|-enditem|p2b: Ursaluna|Life Orb|[from] move: Knock Off|[of] p1b: Incineroar
|
|-weather|RainDance|[upkeep]
|upkeep
|turn|10
|
|t:|1757702801
|-curestatus|p2b: Ursaluna|slp|[msg]
|move|p2b: Ursaluna|Blood Moon|p1b: Incineroar
|-damage|p1b: Incineroar|0 fnt
|faint|p1b: Incineroar
|
|win|Gotissues
||EnigmaEUW is ready for game 3.
|inactive|Gotissues has 30 seconds to confirm battle start!
||Gotissues is ready for game 3.
|uhtml|next|Next: Game 3 of 3
|l|☆Gotissues
|player|p2|
