|j|☆jhakque zyx
|j|☆Harys67
|html|jhakque zyxHarys67    
|uhtml|bestof|Game 2 of a best-of-3
|t:|1756656643
|gametype|doubles
|player|p1|jhakque zyx|2|1152
|player|p2|Harys67|1|1040
|gen|9
|tier|[Gen 9] VGC 2025 Reg H (Bo3)
|rated|
|rule|Species Clause: Limit one of each Pokémon
|rule|Item Clause: Limit 1 of each item
|clearpoke
|poke|p1|Ursaluna-Bloodmoon, L50, M|
|poke|p1|Indeedee-F, L50, F|
|poke|p1|Hatterene, L50, F|
|poke|p1|Torkoal, L50, F|
|poke|p1|Typhlosion-Hisui, L50, M|
|poke|p1|Lilligant-Hisui, L50, F|
|poke|p2|Gothitelle, L50, F|
|poke|p2|Politoed, L50, F|
|poke|p2|Archaludon, L50, M|
|poke|p2|Incineroar, L50, F|
|poke|p2|Kingdra, L50, F|
|poke|p2|Amoonguss, L50, M|
|teampreview|4
|showteam|p1|Ursaluna-Bloodmoon||LifeOrb|MindsEye|BloodMoon,HyperVoice,EarthPower,Protect|||M|||50|,,,,,Normal]Indeedee-F||SafetyGoggles|PsychicSurge|FollowMe,TrickRoom,HelpingHand,HealingWish|||F|||50|,,,,,Water]Hatterene||FocusSash|MagicBounce|DazzlingGleam,DrainingKiss,ExpandingForce,TrickRoom|||F|||50|,,,,,Psychic]Torkoal||ChoiceSpecs|Drought|Eruption,HeatWave,Overheat,WeatherBall|||F|||50|,,,,,Ghost]Typhlosion-Hisui||ChoiceScarf|Blaze|Eruption,HeatWave,Flamethrower,ShadowBall|||M|||50|,,,,,Fire]Lilligant-Hisui||CovertCloak|Chlorophyll|AfterYou,SleepPowder,CloseCombat,SolarBlade|||F|||50|,,,,,Water
|showteam|p2|Gothitelle||SitrusBerry|ShadowTag|Psychic,TrickRoom,FakeOut,Protect|||F|||50|,,,,,Dragon]Politoed||Leftovers|Drizzle|PerishSong,Protect,WeatherBall,Encore|||F|||50|,,,,,Grass]Archaludon||PowerHerb|Sturdy|ElectroShot,Protect,FlashCannon,DracoMeteor|||M|||50|,,,,,Electric]Incineroar||SafetyGoggles|Intimidate|FakeOut,PartingShot,KnockOff,Protect|||F|||50|,,,,,Ghost]Kingdra||LifeOrb|SwiftSwim|WeatherBall,MuddyWater,Protect,DracoMeteor|||F|||50|,,,,,Stellar]Amoonguss||EjectButton|Regenerator|PollenPuff,Spore,RagePowder,Protect|||M|||50|,,,,,Fairy
|inactive|Battle timer is ON: inactive players will automatically lose when time's up. (requested by jhakque zyx)
|
|t:|1756656671
|teamsize|p1|4
|teamsize|p2|4
|start
|switch|p1a: Indeedee|Indeedee-F, L50, F|100/100
|switch|p1b: Hatterene|Hatterene, L50, F|100/100
|switch|p2a: Politoed|Politoed, L50, F|100/100
|switch|p2b: Kingdra|Kingdra, L50, F|100/100
|-weather|RainDance|[from] ability: Drizzle|[of] p2a: Politoed
|-fieldstart|move: Psychic Terrain|[from] ability: Psychic Surge|[of] p1a: Indeedee
|turn|1
|
|t:|1756656687
|-terastallize|p2b: Kingdra|Stellar
|move|p1a: Indeedee|Follow Me|p1a: Indeedee
|-singleturn|p1a: Indeedee|move: Follow Me
|move|p2b: Kingdra|Muddy Water|p1a: Indeedee|[spread] p1a,p1b
|-damage|p1a: Indeedee|39/100
|-damage|p1b: Hatterene|19/100
|-unboost|p1b: Hatterene|accuracy|1
|-damage|p2b: Kingdra|91/100|[from] item: Life Orb
|move|p2a: Politoed|Perish Song|p2a: Politoed
|-start|p1a: Indeedee|perish3|[silent]
|-start|p1b: Hatterene|perish3|[silent]
|-start|p2a: Politoed|perish3|[silent]
|-start|p2b: Kingdra|perish3|[silent]
|-fieldactivate|move: Perish Song
|move|p1b: Hatterene|Trick Room|p1b: Hatterene
|-fieldstart|move: Trick Room|[of] p1b: Hatterene
|
|-weather|RainDance|[upkeep]
|-start|p1b: Hatterene|perish3
|-start|p1a: Indeedee|perish3
|-start|p2a: Politoed|perish3
|-start|p2b: Kingdra|perish3
|upkeep
|turn|2
|inactive|Harys67 has 30 seconds left.
|
|t:|1756656713
|switch|p1b: Torkoal|Torkoal, L50, F|100/100
|-weather|SunnyDay|[from] ability: Drought|[of] p1b: Torkoal
|move|p2a: Politoed|Protect|p2a: Politoed
|-singleturn|p2a: Politoed|Protect
|move|p2b: Kingdra|Protect|p2b: Kingdra
|-singleturn|p2b: Kingdra|Protect
|move|p1a: Indeedee|Healing Wish|p1a: Indeedee
|faint|p1a: Indeedee
|
|-weather|SunnyDay|[upkeep]
|-start|p2a: Politoed|perish2
|-start|p2b: Kingdra|perish2
|upkeep
|
|t:|1756656729
|switch|p1a: Hatterene|Hatterene, L50, F|19/100
|-heal|p1a: Hatterene|100/100|[from] move: Healing Wish
|turn|3
|
|t:|1756656740
|switch|p2b: Incineroar|Incineroar, L50, F|100/100
|-ability|p2b: Incineroar|Intimidate|boost
|-unboost|p1a: Hatterene|atk|1
|-unboost|p1b: Torkoal|atk|1
|-terastallize|p1a: Hatterene|Psychic
|move|p1b: Torkoal|Eruption|p2a: Politoed|[spread] p2a,p2b
|-resisted|p2a: Politoed
|-resisted|p2b: Incineroar
|-damage|p2a: Politoed|56/100
|-damage|p2b: Incineroar|63/100
|move|p1a: Hatterene|Expanding Force|p2a: Politoed|[spread] p2a
|-immune|p2b: Incineroar
|-damage|p2a: Politoed|0 fnt
|faint|p2a: Politoed
|
|-weather|SunnyDay|[upkeep]
|upkeep
|
|t:|1756656754
|switch|p2a: Kingdra|Kingdra, L50, F, tera:Stellar|91/100
|turn|4
|
|t:|1756656764
|move|p2b: Incineroar|Fake Out|p1a: Hatterene
|-activate|p1a: Hatterene|move: Psychic Terrain
|move|p1b: Torkoal|Eruption|p2b: Incineroar|[spread] p2a,p2b
|-resisted|p2a: Kingdra
|-resisted|p2b: Incineroar
|-damage|p2a: Kingdra|59/100
|-damage|p2b: Incineroar|25/100
|move|p1a: Hatterene|Expanding Force|p2b: Incineroar|[spread] p2a
|-immune|p2b: Incineroar
|-damage|p2a: Kingdra|0 fnt
|faint|p2a: Kingdra
|
|-weather|SunnyDay|[upkeep]
|upkeep
|
|t:|1756656776
|switch|p2a: Gothitelle|Gothitelle, L50, F, shiny|100/100
|turn|5
|
|t:|1756656787
|move|p1b: Torkoal|Eruption|p2a: Gothitelle|[spread] p2a,p2b
|-resisted|p2b: Incineroar
|-damage|p2a: Gothitelle|21/100
|-damage|p2b: Incineroar|0 fnt
|-enditem|p2a: Gothitelle|Sitrus Berry|[eat]
|-heal|p2a: Gothitelle|46/100|[from] item: Sitrus Berry
|faint|p2b: Incineroar
|move|p1a: Hatterene|Dazzling Gleam|p2a: Gothitelle
|-damage|p2a: Gothitelle|7/100
|move|p2a: Gothitelle|Psychic|p1b: Torkoal
|-damage|p1b: Torkoal|44/100
|
|-weather|SunnyDay|[upkeep]
|-fieldend|move: Trick Room
|-fieldend|move: Psychic Terrain
|upkeep
|turn|6
|
|t:|1756656810
|move|p2a: Gothitelle|Psychic|p1b: Torkoal
|-damage|p1b: Torkoal|6/100
|move|p1a: Hatterene|Draining Kiss|p2a: Gothitelle
|-damage|p2a: Gothitelle|0 fnt
|faint|p2a: Gothitelle
|
|win|jhakque zyx
|raw|jhakque zyx's rating: 1152 → 1169(+17 for winning)
|raw|Harys67's rating: 1040 → 1029(-11 for losing)
|l|☆Harys67
|player|p2|
