|j|☆Chelo.vgc
|j|☆Tacos4vgc
|html|Chelo.vgcTacos4vgc    
|uhtml|bestof|Game 1 of a best-of-3
|t:|1756824118
|gametype|doubles
|player|p1|Chelo.vgc|benga|1109
|player|p2|Tacos4vgc|pokemaniac|1015
|gen|9
|tier|[Gen 9] VGC 2025 Reg H (Bo3)
|rated|
|rule|Species Clause: Limit one of each Pokémon
|rule|Item Clause: Limit 1 of each item
|clearpoke
|poke|p1|Dragalge, L50, M|
|poke|p1|Indeedee-F, L50, F|
|poke|p1|Armarouge, L50, F|
|poke|p1|Ursaluna, L50, M|
|poke|p1|Torkoal, L50, M|
|poke|p1|Lilligant-Hisui, L50, F|
|poke|p2|Incineroar, L50, F|
|poke|p2|Amoonguss, L50, F|
|poke|p2|Archaludon, L50, F|
|poke|p2|Sneasler, L50, M|
|poke|p2|Gholdengo, L50|
|poke|p2|Azumarill, L50, F|
|teampreview|4
|showteam|p1|Dragalge||WhiteHerb|PoisonTouch|SludgeBomb,Haze,DracoMeteor,Thunderbolt|||M|||50|,,,,,Flying]Indeedee-F||SafetyGoggles|PsychicSurge|Psychic,HelpingHand,TrickRoom,FollowMe|||F|||50|,,,,,Fairy]Armarouge||LifeOrb|FlashFire|TrickRoom,ArmorCannon,ExpandingForce,Protect|||F|||50|,,,,,Grass]Ursaluna||FlameOrb|Guts|Protect,HeadlongRush,Earthquake,Facade|||M|||50|,,,,,Ghost]Torkoal||EjectPack|Drought|HeatWave,Protect,EarthPower,Overheat|||M|||50|,,,,,Fire]Lilligant-Hisui||FocusSash|Chlorophyll|Encore,LeafBlade,CloseCombat,AfterYou|||F|||50|,,,,,Ghost
|showteam|p2|Incineroar||SafetyGoggles|Intimidate|KnockOff,FakeOut,PartingShot,FlareBlitz|||F|||50|,,,,,Bug]Amoonguss||RockyHelmet|Regenerator|Protect,RagePowder,Spore,SludgeBomb|||F|||50|,,,,,Dark]Archaludon||AssaultVest|Stamina|BodyPress,ElectroShot,DracoMeteor,Snarl|||F|||50|,,,,,Electric]Sneasler||FocusSash|Unburden|DireClaw,CloseCombat,Protect,Coaching|||M|||50|,,,,,Ghost]Gholdengo||ChoiceSpecs|GoodasGold|DazzlingGleam,MakeItRain,ShadowBall,FocusBlast||||||50|,,,,,Steel]Azumarill||SitrusBerry|HugePower|BellyDrum,AquaJet,RainDance,IcyWind|||F|||50|,,,,,Water
|
|t:|1756824215
|teamsize|p1|4
|teamsize|p2|4
|start
|switch|p1a: frenemy|Indeedee-F, L50, F|100/100
|switch|p1b: moggerman|Armarouge, L50, F|100/100
|switch|p2a: Archaludon|Archaludon, L50, F|100/100
|switch|p2b: Sneasler|Sneasler, L50, M|100/100
|-fieldstart|move: Psychic Terrain|[from] ability: Psychic Surge|[of] p1a: frenemy
|turn|1
|inactive|Battle timer is ON: inactive players will automatically lose when time's up. (requested by Tacos4vgc)
|
|t:|1756824270
|switch|p2b: Azumarill|Azumarill, L50, F|100/100
|switch|p1b: turcool|Torkoal, L50, M|100/100
|-weather|SunnyDay|[from] ability: Drought|[of] p1b: turcool
|move|p1a: frenemy|Follow Me|p1a: frenemy
|-singleturn|p1a: frenemy|move: Follow Me
|move|p2a: Archaludon|Draco Meteor|p1a: frenemy
|-damage|p1a: frenemy|43/100
|-unboost|p2a: Archaludon|spa|2
|
|-weather|SunnyDay|[upkeep]
|upkeep
|turn|2
|inactive|Chelo.vgc has 30 seconds left.
|inactive|Chelo.vgc has 20 seconds left.
|
|t:|1756824308
|move|p1a: frenemy|Helping Hand|p1b: turcool
|-singleturn|p1b: turcool|Helping Hand|[of] p1a: frenemy
|move|p2a: Archaludon|Snarl|p1a: frenemy|[spread] p1a,p1b
|-supereffective|p1a: frenemy
|-damage|p1a: frenemy|32/100
|-damage|p1b: turcool|92/100
|-unboost|p1a: frenemy|spa|1
|-unboost|p1b: turcool|spa|1
|-enditem|p1b: turcool|Eject Pack
|inactive|Chelo.vgc has 30 seconds left.
|inactive|Chelo.vgc has 20 seconds left.
|inactive|Chelo.vgc has 15 seconds left.
|inactive|Chelo.vgc has 10 seconds left.
|
|t:|1756824353
|switch|p1b: go to sleep|Lilligant-Hisui, L50, F|100/100
|move|p2b: Azumarill|Rain Dance|p2b: Azumarill
|-weather|RainDance
|
|-weather|RainDance|[upkeep]
|upkeep
|turn|3
|inactive|Chelo.vgc has 30 seconds left.
|inactive|Tacos4vgc has 30 seconds left.
|inactive|Chelo.vgc has 20 seconds left.
|inactive|Chelo.vgc has 15 seconds left.
|inactive|Chelo.vgc has 10 seconds left.
|inactive|Chelo.vgc has 5 seconds left.
|
|t:|1756824407
|move|p1a: frenemy|Follow Me|p1a: frenemy
|-singleturn|p1a: frenemy|move: Follow Me
|move|p1b: go to sleep|Leaf Blade|p2b: Azumarill
|-supereffective|p2b: Azumarill
|-damage|p2b: Azumarill|21/100
|-enditem|p2b: Azumarill|Sitrus Berry|[eat]
|-heal|p2b: Azumarill|46/100|[from] item: Sitrus Berry
|move|p2a: Archaludon|Electro Shot||[still]
|-prepare|p2a: Archaludon|Electro Shot
|-boost|p2a: Archaludon|spa|1
|-anim|p2a: Archaludon|Electro Shot|p1a: frenemy
|-damage|p1a: frenemy|10/100
|move|p2b: Azumarill|Icy Wind|p1a: frenemy|[spread] p1a,p1b
|-supereffective|p1b: go to sleep
|-damage|p1a: frenemy|4/100
|-damage|p1b: go to sleep|83/100
|-unboost|p1a: frenemy|spe|1
|-unboost|p1b: go to sleep|spe|1
|
|-weather|RainDance|[upkeep]
|upkeep
|turn|4
|inactive|Chelo.vgc has 30 seconds left.
|inactive|Tacos4vgc has 30 seconds left.
|inactive|Chelo.vgc has 20 seconds left.
|inactive|Chelo.vgc has 15 seconds left.
|inactive|Chelo.vgc has 10 seconds left.
|inactive|Tacos4vgc has 20 seconds left.
|inactive|Tacos4vgc has 15 seconds left.
|inactive|Tacos4vgc has 10 seconds left.
|
|t:|1756824468
|switch|p2b: Incineroar|Incineroar, L50, F|100/100
|-ability|p2b: Incineroar|Intimidate|boost
|-unboost|p1a: frenemy|atk|1
|-unboost|p1b: go to sleep|atk|1
|switch|p1a: turcool|Torkoal, L50, M|92/100
|-weather|SunnyDay|[from] ability: Drought|[of] p1a: turcool
|move|p1b: go to sleep|Encore|p2a: Archaludon
|-start|p2a: Archaludon|Encore
|move|p2a: Archaludon|Electro Shot||[still]
|-prepare|p2a: Archaludon|Electro Shot
|-boost|p2a: Archaludon|spa|1
|
|-weather|SunnyDay|[upkeep]
|upkeep
|turn|5
|inactive|Chelo.vgc has 30 seconds left.
|inactive|Tacos4vgc has 30 seconds left.
|inactive|Chelo.vgc has 20 seconds left.
|
|t:|1756824506
|-terastallize|p1a: turcool|Fire
|move|p1b: go to sleep|Close Combat|p2b: Incineroar
|-supereffective|p2b: Incineroar
|-damage|p2b: Incineroar|37/100
|-unboost|p1b: go to sleep|def|1
|-unboost|p1b: go to sleep|spd|1
|move|p2a: Archaludon|Electro Shot|p1b: go to sleep|[from] lockedmove
|-resisted|p1b: go to sleep
|-damage|p1b: go to sleep|37/100
|move|p2b: Incineroar|Parting Shot|p1a: turcool
|-unboost|p1a: turcool|atk|1
|-unboost|p1a: turcool|spa|1
|
|t:|1756824518
|switch|p2b: Azumarill|Azumarill, L50, F|46/100|[from] Parting Shot
|move|p1a: turcool|Overheat|p2a: Archaludon
|-damage|p2a: Archaludon|56/100
|-unboost|p1a: turcool|spa|2
|-ability|p2a: Archaludon|Stamina|boost
|-boost|p2a: Archaludon|def|1
|
|-weather|SunnyDay|[upkeep]
|-fieldend|move: Psychic Terrain
|upkeep
|turn|6
|inactive|Chelo.vgc has 30 seconds left.
|inactive|Tacos4vgc has 30 seconds left.
|inactive|Tacos4vgc has 20 seconds left.
|inactive|Tacos4vgc has 15 seconds left.
|inactive|Tacos4vgc has 10 seconds left.
|inactive|Tacos4vgc has 5 seconds left.
|
|t:|1756824571
|move|p1b: go to sleep|Leaf Blade|p2b: Azumarill
|-supereffective|p2b: Azumarill
|-damage|p2b: Azumarill|0 fnt
|faint|p2b: Azumarill
|move|p2a: Archaludon|Electro Shot||[still]
|-prepare|p2a: Archaludon|Electro Shot
|-boost|p2a: Archaludon|spa|1
|move|p1a: turcool|Heat Wave|p2a: Archaludon
|-damage|p2a: Archaludon|37/100
|-status|p2a: Archaludon|brn
|-ability|p2a: Archaludon|Stamina|boost
|-boost|p2a: Archaludon|def|1
|
|-weather|SunnyDay|[upkeep]
|-damage|p2a: Archaludon|30/100 brn|[from] brn
|-end|p2a: Archaludon|Encore
|upkeep
|
|t:|1756824574
|switch|p2b: Incineroar|Incineroar, L50, F|37/100
|-ability|p2b: Incineroar|Intimidate|boost
|-unboost|p1a: turcool|atk|1
|-unboost|p1b: go to sleep|atk|1
|turn|7
|inactive|Chelo.vgc has 30 seconds left.
|inactive|Tacos4vgc has 30 seconds left.
|
|t:|1756824608
|switch|p1b: moggerman|Armarouge, L50, F|100/100
|switch|p1a: frenemy|Indeedee-F, L50, F|4/100
|-fieldstart|move: Psychic Terrain|[from] ability: Psychic Surge|[of] p1a: frenemy
|move|p2b: Incineroar|Fake Out|p1a: frenemy
|-activate|p1a: frenemy|move: Psychic Terrain
|move|p2a: Archaludon|Electro Shot|p1a: frenemy|[from] lockedmove
|-damage|p1a: frenemy|0 fnt
|faint|p1a: frenemy
|
|-weather|SunnyDay|[upkeep]
|-damage|p2a: Archaludon|24/100 brn|[from] brn
|upkeep
|
|t:|1756824621
|switch|p1a: go to sleep|Lilligant-Hisui, L50, F|37/100
|turn|8
|inactive|Tacos4vgc has 30 seconds left.
|inactive|Tacos4vgc has 20 seconds left.
|inactive|Tacos4vgc has 15 seconds left.
|inactive|Tacos4vgc has 10 seconds left.
|inactive|Tacos4vgc has 5 seconds left.
|
|t:|1756824676
|move|p1a: go to sleep|Close Combat|p2b: Incineroar
|-supereffective|p2b: Incineroar
|-damage|p2b: Incineroar|0 fnt
|-unboost|p1a: go to sleep|def|1
|-unboost|p1a: go to sleep|spd|1
|faint|p2b: Incineroar
|move|p2a: Archaludon|Body Press|p1a: go to sleep
|-damage|p1a: go to sleep|0 fnt
|faint|p1a: go to sleep
|move|p1b: moggerman|Armor Cannon|p2a: Archaludon
|-damage|p2a: Archaludon|0 fnt
|-unboost|p1b: moggerman|def|1
|-unboost|p1b: moggerman|spd|1
|faint|p2a: Archaludon
|-damage|p1b: moggerman|91/100|[from] item: Life Orb
|
|-weather|none
|upkeep
|
|t:|1756824692
|switch|p1a: turcool|Torkoal, L50, M, tera:Fire|92/100
|switch|p2b: Sneasler|Sneasler, L50, M|100/100
|-weather|SunnyDay|[from] ability: Drought|[of] p1a: turcool
|turn|9
|inactive|Tacos4vgc has 30 seconds left.
|
|t:|1756824720
|move|p2b: Sneasler|Dire Claw|p1a: turcool
|-damage|p1a: turcool|60/100
|move|p1b: moggerman|Expanding Force|p2b: Sneasler
|-supereffective|p2b: Sneasler
|-enditem|p2b: Sneasler|Focus Sash
|-damage|p2b: Sneasler|1/100
|-damage|p1b: moggerman|81/100|[from] item: Life Orb
|move|p1a: turcool|Overheat|p2b: Sneasler
|-damage|p2b: Sneasler|0 fnt
|-unboost|p1a: turcool|spa|2
|faint|p2b: Sneasler
|
|win|Chelo.vgc
||Tacos4vgc is ready for game 2.
|inactive|Chelo.vgc has 30 seconds to confirm battle start!
||Chelo.vgc is ready for game 2.
|uhtml|next|Next: Game 2 of 3
|l|☆Tacos4vgc
|player|p2|
