|j|☆legionvgc
|j|☆breloomb01
|html|legionvgcbreloomb01    
|uhtml|bestof|Game 2 of a best-of-3
|t:|1757725812
|gametype|doubles
|player|p1|legionvgc|101|1293
|player|p2|breloomb01|2|1324
|gen|9
|tier|[Gen 9] VGC 2025 Reg H (Bo3)
|rated|
|rule|Species Clause: Limit one of each Pokémon
|rule|Item Clause: Limit 1 of each item
|clearpoke
|poke|p1|Jumpluff, L50, M|
|poke|p1|Charizard, L50, M|
|poke|p1|Incineroar, L50, M|
|poke|p1|Ursaluna, L50, M|
|poke|p1|Porygon2, L50|
|poke|p1|Torkoal, L50, M|
|poke|p2|Amoonguss, L50, M|
|poke|p2|Pelipper, L50, F|
|poke|p2|Archaludon, L50, F|
|poke|p2|Basculegion, L50, M|
|poke|p2|Gholdengo, L50|
|poke|p2|Weavile, L50, M|
|teampreview|4
|showteam|p1|Jumpluff||CovertCloak|Chlorophyll|RagePowder,SleepPowder,SunnyDay,Tailwind|||M|||50|,,,,,Water]Charizard||ChoiceSpecs|SolarPower|HeatWave,Overheat,WeatherBall,AirSlash|||M|||50|,,,,,Ghost]Incineroar||SitrusBerry|Intimidate|FlareBlitz,KnockOff,FakeOut,PartingShot|||M|||50|,,,,,Ghost]Ursaluna||FlameOrb|Guts|HeadlongRush,Facade,Earthquake,Protect|||M|||50|,,,,,Ghost]Porygon2||Eviolite|Download|TeraBlast,IceBeam,Recover,TrickRoom||||||50|,,,,,Fighting]Torkoal||EjectPack|Drought|Eruption,Overheat,HelpingHand,Protect|||M|||50|,,,,,Fire
|showteam|p2|Amoonguss||CovertCloak|Regenerator|PollenPuff,RagePowder,Spore,ClearSmog|||M|||50|,,,,,Water]Pelipper||SafetyGoggles|Drizzle|WeatherBall,Hurricane,Tailwind,Protect|||F|||50|,,,,,Ghost]Archaludon||AssaultVest|Stamina|DragonPulse,ElectroShot,FlashCannon,BodyPress|||F|||50|,,,,,Bug]Basculegion||ChoiceBand|SwiftSwim|WaveCrash,AquaJet,LastRespects,FlipTurn|||M|||50|,,,,,Fairy]Gholdengo||MetalCoat|GoodasGold|MakeItRain,NastyPlot,ShadowBall,Protect||||||50|,,,,,Water]Weavile||FocusSash|Pickpocket|FakeOut,TripleAxel,KnockOff,Taunt|||M|||50|,,,,,Ghost
|inactive|Battle timer is ON: inactive players will automatically lose when time's up. (requested by legionvgc)
|
|t:|1757725834
|teamsize|p1|4
|teamsize|p2|4
|start
|switch|p1a: Scat Pack|Incineroar, L50, M|100/100
|switch|p1b: Blueberry|Jumpluff, L50, M|100/100
|switch|p2a: Weavile|Weavile, L50, M|100/100
|switch|p2b: Amoonguss|Amoonguss, L50, M|100/100
|-ability|p1a: Scat Pack|Intimidate|boost
|-unboost|p2a: Weavile|atk|1
|-unboost|p2b: Amoonguss|atk|1
|turn|1
|inactive|legionvgc has 30 seconds left.
|inactive|legionvgc has 20 seconds left.
|inactive|legionvgc has 15 seconds left.
|
|t:|1757725875
|switch|p2a: Pelipper|Pelipper, L50, F|100/100
|-weather|RainDance|[from] ability: Drizzle|[of] p2a: Pelipper
|-terastallize|p1b: Blueberry|Water
|move|p1b: Blueberry|Sleep Powder|p2a: Pelipper
|-activate|p2a: Pelipper|item: Safety Goggles|Sleep Powder
|move|p1a: Scat Pack|Knock Off|p2b: Amoonguss
|-damage|p2b: Amoonguss|65/100
|-enditem|p2b: Amoonguss|Covert Cloak|[from] move: Knock Off|[of] p1a: Scat Pack
|move|p2b: Amoonguss|Spore|p1a: Scat Pack
|-status|p1a: Scat Pack|slp|[from] move: Spore
|
|-weather|RainDance|[upkeep]
|upkeep
|turn|2
|inactive|legionvgc has 30 seconds left.
|
|t:|1757725905
|switch|p2a: Weavile|Weavile, L50, M|100/100
|switch|p1a: Starbreaker|Porygon2, L50|100/100
|-ability|p1a: Starbreaker|Download|boost
|-boost|p1a: Starbreaker|atk|1
|move|p1b: Blueberry|Sunny Day|p1b: Blueberry
|-weather|SunnyDay
|move|p2b: Amoonguss|Spore|p1b: Blueberry
|-status|p1b: Blueberry|slp|[from] move: Spore
|
|-weather|SunnyDay|[upkeep]
|upkeep
|turn|3
|
|t:|1757725919
|switch|p1b: Scat Pack|Incineroar, L50, M|100/100 slp
|-ability|p1b: Scat Pack|Intimidate|boost
|-unboost|p2a: Weavile|atk|1
|-unboost|p2b: Amoonguss|atk|1
|move|p2a: Weavile|Knock Off|p1b: Scat Pack
|-resisted|p1b: Scat Pack
|-damage|p1b: Scat Pack|84/100 slp
|-enditem|p1b: Scat Pack|Sitrus Berry|[from] move: Knock Off|[of] p2a: Weavile
|move|p1a: Starbreaker|Ice Beam|p2b: Amoonguss
|-supereffective|p2b: Amoonguss
|-damage|p2b: Amoonguss|19/100
|move|p2b: Amoonguss|Spore|p1a: Starbreaker
|-status|p1a: Starbreaker|slp|[from] move: Spore
|
|-weather|SunnyDay|[upkeep]
|upkeep
|turn|4
|
|t:|1757725940
|switch|p1a: Blueberry|Jumpluff, L50, M, tera:Water|100/100 slp
|switch|p2b: Gholdengo|Gholdengo, L50|100/100
|move|p2a: Weavile|Knock Off|p1a: Blueberry
|-damage|p1a: Blueberry|61/100 slp
|-enditem|p1a: Blueberry|Covert Cloak|[from] move: Knock Off|[of] p2a: Weavile
|cant|p1b: Scat Pack|slp
|
|-weather|SunnyDay|[upkeep]
|upkeep
|turn|5
|
|t:|1757725963
|switch|p2a: Pelipper|Pelipper, L50, F|100/100
|-weather|RainDance|[from] ability: Drizzle|[of] p2a: Pelipper
|-terastallize|p2b: Gholdengo|Water
|cant|p1a: Blueberry|slp
|move|p2b: Gholdengo|Nasty Plot|p2b: Gholdengo
|-boost|p2b: Gholdengo|spa|2
|cant|p1b: Scat Pack|slp
|
|-weather|RainDance|[upkeep]
|upkeep
|turn|6
|-message|legionvgc forfeited.
|
|win|breloomb01
|raw|legionvgc's rating: 1293 → 1270(-23 for losing)
|raw|breloomb01's rating: 1324 → 1342(+18 for winning)
