|j|☆MiniBerg10
|j|☆geardox
|html|MiniBerg10geardox    
|uhtml|bestof|Game 2 of a best-of-3
|t:|1756484330
|gametype|doubles
|player|p1|MiniBerg10|lucas-gen4pt|1103
|player|p2|geardox|170|1127
|gen|9
|tier|[Gen 9] VGC 2025 Reg H (Bo3)
|rated|
|rule|Species Clause: Limit one of each Pokémon
|rule|Item Clause: Limit 1 of each item
|clearpoke
|poke|p1|Garchomp, L50, M|
|poke|p1|Talonflame, L50, F|
|poke|p1|Slaking, L50, F|
|poke|p1|Weezing-Galar, L50, F|
|poke|p1|Sinistcha-Masterpiece, L50|
|poke|p1|Kingambit, L50, M|
|poke|p2|Sneasler, L50, M|
|poke|p2|Garchomp, L50, M|
|poke|p2|Corviknight, L50, F|
|poke|p2|Archaludon, L50, M|
|poke|p2|Amoonguss, L50, F|
|poke|p2|Incineroar, L50, M|
|teampreview|4
|showteam|p1|Garchomp||SoftSand|RoughSkin|DragonClaw,Earthquake,SwordsDance,Protect|||M|||50|,,,,,Fire]Talonflame||SharpBeak|GaleWings|DualWingbeat,Tailwind,BraveBird,UpperHand|||F|||50|,,,,,Ghost]Slaking||LifeOrb|Truant|DoubleEdge,HighHorsepower,PlayRough,Protect|||F|||50|,,,,,Stellar]Weezing-Galar||SitrusBerry|NeutralizingGas|StrangeSteam,Taunt,WillOWisp,Protect|||F|||50|,,,,,Flying]Sinistcha-Masterpiece||RockyHelmet|Hospitality|MatchaGotcha,ShadowBall,RagePowder,StrengthSap||||||50|,,,,,Fairy]Kingambit||AssaultVest|Defiant|KowtowCleave,IronHead,SuckerPunch,LowKick|||M|||50|,,,,,Fairy
|showteam|p2|Sneasler||FocusSash|Unburden|DireClaw,CloseCombat,ThroatChop,Coaching|||M|||50|,,,,,Ghost]Garchomp||LifeOrb|RoughSkin|Protect,Earthquake,DragonClaw,StompingTantrum|||M|||50|,,,,,Ground]Corviknight||SitrusBerry|MirrorArmor|BraveBird,Tailwind,Roost,Taunt|||F|||50|,,,,,Fire]Archaludon||PowerHerb|Stamina|Protect,DracoMeteor,FlashCannon,ElectroShot|||M|||50|,,,,,Dragon]Amoonguss||RockyHelmet|Regenerator|ClearSmog,RagePowder,Spore,PollenPuff|||F|||50|,,,,,Water]Incineroar||AssaultVest|Intimidate|KnockOff,FlareBlitz,FakeOut,Uturn|||M|||50|,,,,,Ghost
|inactive|Battle timer is ON: inactive players will automatically lose when time's up. (requested by geardox)
|inactive|MiniBerg10 has 60 seconds left.
|
|t:|1756484380
|teamsize|p1|4
|teamsize|p2|4
|start
|switch|p1a: Slaking|Slaking, L50, F, shiny|100/100
|switch|p1b: Weezing|Weezing-Galar, L50, F|100/100
|switch|p2a: Riku|Sneasler, L50, M|100/100
|switch|p2b: Chica|Corviknight, L50, F|100/100
|-ability|p1b: Weezing|Neutralizing Gas
|turn|1
|inactive|MiniBerg10 has 30 seconds left.
|inactive|geardox has 30 seconds left.
|inactive|MiniBerg10 has 20 seconds left.
|inactive|MiniBerg10 has 15 seconds left.
|inactive|geardox has 20 seconds left.
|inactive|MiniBerg10 has 10 seconds left.
|inactive|geardox has 15 seconds left.
|inactive|MiniBerg10 has 5 seconds left.
|inactive|geardox has 10 seconds left.
|
|t:|1756484434
|-terastallize|p1a: Slaking|Stellar
|move|p2a: Riku|Dire Claw|p1b: Weezing
|-damage|p1b: Weezing|64/100
|-status|p1b: Weezing|par
|move|p1a: Slaking|Double-Edge|p2b: Chica
|-resisted|p2b: Chica
|-damage|p2b: Chica|39/100
|-enditem|p2b: Chica|Sitrus Berry|[eat]
|-heal|p2b: Chica|64/100|[from] item: Sitrus Berry
|-damage|p1a: Slaking|82/100|[from] Recoil
|-damage|p1a: Slaking|72/100|[from] item: Life Orb
|move|p2b: Chica|Tailwind|p2b: Chica
|-sidestart|p2: geardox|move: Tailwind
|move|p1b: Weezing|Strange Steam|p2b: Chica
|-resisted|p2b: Chica
|-damage|p2b: Chica|52/100
|
|upkeep
|turn|2
|inactive|geardox has 30 seconds left.
|
|t:|1756484461
|move|p1b: Weezing|Protect|p1b: Weezing
|-singleturn|p1b: Weezing|Protect
|move|p2a: Riku|Coaching|p2b: Chica
|-boost|p2b: Chica|atk|1
|-boost|p2b: Chica|def|1
|move|p2b: Chica|Brave Bird|p1b: Weezing
|-activate|p1b: Weezing|move: Protect
|move|p1a: Slaking|High Horsepower|p2a: Riku
|-supereffective|p2a: Riku
|-enditem|p2a: Riku|Focus Sash
|-damage|p2a: Riku|1/100
|-damage|p1a: Slaking|63/100|[from] item: Life Orb
|
|upkeep
|turn|3
|
|t:|1756484482
|move|p2a: Riku|Close Combat|p1a: Slaking
|-supereffective|p1a: Slaking
|-damage|p1a: Slaking|0 fnt
|-unboost|p2a: Riku|def|1
|-unboost|p2a: Riku|spd|1
|faint|p1a: Slaking
|move|p2b: Chica|Brave Bird|p1b: Weezing
|-damage|p1b: Weezing|12/100 par
|-enditem|p1b: Weezing|Sitrus Berry|[eat]
|-heal|p1b: Weezing|37/100 par|[from] item: Sitrus Berry
|-damage|p2b: Chica|39/100|[from] Recoil
|move|p1b: Weezing|Strange Steam|p2a: Riku
|-damage|p2a: Riku|0 fnt
|faint|p2a: Riku
|
|upkeep
|
|t:|1756484500
|switch|p2a: Big Mo|Archaludon, L50, M|100/100
|switch|p1a: Sinistcha|Sinistcha-Masterpiece, L50, shiny|100/100
|turn|4
|inactive|MiniBerg10 has 30 seconds left.
|inactive|MiniBerg10 has 20 seconds left.
|inactive|MiniBerg10 has 15 seconds left.
|inactive|MiniBerg10 has 10 seconds left.
|inactive|MiniBerg10 has 5 seconds left.
|
|t:|1756484555
|move|p2a: Big Mo|Flash Cannon|p1a: Sinistcha
|-damage|p1a: Sinistcha|60/100
|-unboost|p1a: Sinistcha|spd|1
|move|p2b: Chica|Roost|p2b: Chica
|-heal|p2b: Chica|89/100
|-singleturn|p2b: Chica|move: Roost
|move|p1a: Sinistcha|Matcha Gotcha|p2a: Big Mo|[spread] 
|-miss|p1a: Sinistcha|p2a: Big Mo
|-miss|p1a: Sinistcha|p2b: Chica
|move|p1b: Weezing|Strange Steam|p2a: Big Mo
|-damage|p2a: Big Mo|60/100
|
|-sideend|p2: geardox|move: Tailwind
|upkeep
|turn|5
|
|t:|1756484578
|move|p2a: Big Mo|Flash Cannon|p1a: Sinistcha
|-damage|p1a: Sinistcha|0 fnt
|faint|p1a: Sinistcha
|move|p2b: Chica|Tailwind|p2b: Chica
|-sidestart|p2: geardox|move: Tailwind
|move|p1b: Weezing|Taunt|p2b: Chica
|-start|p2b: Chica|move: Taunt
|
|upkeep
|
|t:|1756484581
|switch|p1a: Garchomp|Garchomp, L50, M, shiny|100/100
|turn|6
|inactive|geardox has 30 seconds left.
|
|t:|1756484609
|move|p1b: Weezing|Protect|p1b: Weezing
|-singleturn|p1b: Weezing|Protect
|move|p2a: Big Mo|Electro Shot||[still]
|-prepare|p2a: Big Mo|Electro Shot
|-boost|p2a: Big Mo|spa|1
|-enditem|p2a: Big Mo|Power Herb
|-anim|p2a: Big Mo|Electro Shot|p1a: Garchomp
|-immune|p1a: Garchomp
|move|p2b: Chica|Brave Bird|p1b: Weezing
|-activate|p1b: Weezing|move: Protect
|move|p1a: Garchomp|Earthquake|p2a: Big Mo|[spread] p2a
|-activate|p1b: Weezing|move: Protect
|-immune|p2b: Chica
|-supereffective|p2a: Big Mo
|-damage|p2a: Big Mo|0 fnt
|faint|p2a: Big Mo
|
|upkeep
|
|t:|1756484624
|switch|p2a: Stinky Pete|Garchomp, L50, M|100/100
|turn|7
|
|t:|1756484632
|move|p1a: Garchomp|Protect|p1a: Garchomp
|-singleturn|p1a: Garchomp|Protect
|move|p2a: Stinky Pete|Earthquake|p1a: Garchomp|[spread] p1b
|-activate|p1a: Garchomp|move: Protect
|-immune|p2b: Chica
|-supereffective|p1b: Weezing
|-damage|p1b: Weezing|0 fnt
|faint|p1b: Weezing
|-end|p1b: Weezing|ability: Neutralizing Gas
|-damage|p2a: Stinky Pete|91/100|[from] item: Life Orb
|move|p2b: Chica|Brave Bird|p1a: Garchomp
|-activate|p1a: Garchomp|move: Protect
|
|upkeep
|turn|8
|-message|MiniBerg10 forfeited.
|raw|MiniBerg10's rating: 1103 → 1080(-23 for losing)
|raw|geardox's rating: 1127 → 1150(+23 for winning)
|
|win|geardox
|l|☆MiniBerg10
|player|p1|
