|j|☆fortubruno
|j|☆arkjsmith
|html|fortubrunoarkjsmith    
|uhtml|bestof|Game 1 of a best-of-3
|t:|1756375021
|gametype|doubles
|player|p1|fortubruno|preschoolerf|1203
|player|p2|arkjsmith|roxie|1193
|gen|9
|tier|[Gen 9] VGC 2025 Reg H (Bo3)
|rated|
|rule|Species Clause: Limit one of each Pokémon
|rule|Item Clause: Limit 1 of each item
|clearpoke
|poke|p1|Ninetales-Alola, L50, F|
|poke|p1|Ursaluna-Bloodmoon, L50, M|
|poke|p1|Gholdengo, L50|
|poke|p1|Talonflame, L50, M|
|poke|p1|Volcarona, L50, M|
|poke|p1|Samurott-Hisui, L50, F|
|poke|p2|Dragonite, L50, M|
|poke|p2|Gholdengo, L50|
|poke|p2|Ursaluna-Bloodmoon, L50, M|
|poke|p2|Indeedee, L50, M|
|poke|p2|Tyranitar, L50, F|
|poke|p2|Talonflame, L50, M|
|teampreview|4
|showteam|p1|Ninetales-Alola||LightClay|SnowWarning|AuroraVeil,Blizzard,Encore,Protect|||F|||50|,,,,,Ghost]Ursaluna-Bloodmoon||AssaultVest|MindsEye|HyperVoice,EarthPower,BloodMoon,VacuumWave|||M|||50|,,,,,Ghost]Gholdengo||Leftovers|GoodasGold|MakeItRain,ShadowBall,NastyPlot,Protect||||||50|,,,,,Water]Talonflame||CovertCloak|GaleWings|Tailwind,DualWingbeat,FlareBlitz,Protect|||M|||50|,,,,,Ghost]Volcarona||SitrusBerry|FlameBody|HeatWave,GigaDrain,Protect,QuiverDance|||M|||50|,,,,,Water]Samurott-Hisui||LifeOrb|Sharpness|AquaCutter,SacredSword,CeaselessEdge,Protect|||F|||50|,,,,,Water
|showteam|p2|Dragonite||LoadedDice|Multiscale|ScaleShot,ExtremeSpeed,Haze,Protect|||M|||50|,,,,,Fairy]Gholdengo||LifeOrb|GoodasGold|MakeItRain,ShadowBall,NastyPlot,Protect||||||50|,,,,,Water]Ursaluna-Bloodmoon||AssaultVest|MindsEye|BloodMoon,HyperVoice,EarthPower,VacuumWave|||M|||50|,,,,,Water]Indeedee||ChoiceScarf|PsychicSurge|ExpandingForce,TeraBlast,Trick,Protect|||M|||50|,,,,,Fighting]Tyranitar||PsychicSeed|SandStream|KnockOff,RockSlide,LowKick,TeraBlast|||F|||50|,,,,,Ghost]Talonflame||SharpBeak|GaleWings|Tailwind,BraveBird,FlareBlitz,Protect|||M|||50|,,,,,Stellar
|inactive|Battle timer is ON: inactive players will automatically lose when time's up. (requested by arkjsmith)
|inactive|fortubruno also wants the timer to be on.
|inactive|arkjsmith has 60 seconds left.
|
|t:|1756375064
|teamsize|p1|4
|teamsize|p2|4
|start
|switch|p1a: Talonflame|Talonflame, L50, M|100/100
|switch|p1b: Volcarona|Volcarona, L50, M|100/100
|switch|p2a: Gholdengo|Gholdengo, L50|100/100
|switch|p2b: Talonflame|Talonflame, L50, M|100/100
|turn|1
|inactive|arkjsmith has 30 seconds left.
|
|t:|1756375092
|switch|p2a: Tyranitar|Tyranitar, L50, F|100/100
|-weather|Sandstorm|[from] ability: Sand Stream|[of] p2a: Tyranitar
|-terastallize|p2b: Talonflame|Stellar
|-terastallize|p1b: Volcarona|Water
|move|p2b: Talonflame|Brave Bird|p1b: Volcarona
|-damage|p1b: Volcarona|14/100
|-enditem|p1b: Volcarona|Sitrus Berry|[eat]
|-heal|p1b: Volcarona|39/100|[from] item: Sitrus Berry
|-damage|p2b: Talonflame|67/100|[from] Recoil
|move|p1a: Talonflame|Tailwind|p1a: Talonflame
|-sidestart|p1: fortubruno|move: Tailwind
|move|p1b: Volcarona|Quiver Dance|p1b: Volcarona
|-boost|p1b: Volcarona|spa|1
|-boost|p1b: Volcarona|spd|1
|-boost|p1b: Volcarona|spe|1
|
|-weather|Sandstorm|[upkeep]
|-damage|p1b: Volcarona|33/100|[from] Sandstorm
|-damage|p1a: Talonflame|95/100|[from] Sandstorm
|-damage|p2b: Talonflame|61/100|[from] Sandstorm
|upkeep
|turn|2
|
|t:|1756375116
|switch|p1a: Ninetales|Ninetales-Alola, L50, F|100/100
|-weather|Snowscape|[from] ability: Snow Warning|[of] p1a: Ninetales
|switch|p2b: Indeedee|Indeedee, L50, M|100/100
|-fieldstart|move: Psychic Terrain|[from] ability: Psychic Surge|[of] p2b: Indeedee
|-enditem|p2a: Tyranitar|Psychic Seed
|-boost|p2a: Tyranitar|spd|1|[from] item: Psychic Seed
|move|p1b: Volcarona|Giga Drain|p2a: Tyranitar
|-supereffective|p2a: Tyranitar
|-damage|p2a: Tyranitar|47/100
|-heal|p1b: Volcarona|61/100|[from] drain|[of] p2a: Tyranitar
|move|p2a: Tyranitar|Rock Slide|p1b: Volcarona|[spread] p1b
|-miss|p2a: Tyranitar|p1a: Ninetales
|-damage|p1b: Volcarona|29/100
|
|-weather|Snowscape|[upkeep]
|upkeep
|turn|3
|inactive|arkjsmith has 30 seconds left.
|
|t:|1756375144
|switch|p2a: Gholdengo|Gholdengo, L50|100/100
|move|p1b: Volcarona|Heat Wave|p2b: Indeedee|[spread] p2a,p2b
|-supereffective|p2a: Gholdengo
|-damage|p2a: Gholdengo|0 fnt
|-damage|p2b: Indeedee|15/100
|faint|p2a: Gholdengo
|move|p1a: Ninetales|Aurora Veil|p1a: Ninetales
|-sidestart|p1: fortubruno|move: Aurora Veil
|move|p2b: Indeedee|Expanding Force|p1b: Volcarona|[spread] p1a,p1b
|-damage|p1a: Ninetales|54/100
|-damage|p1b: Volcarona|5/100
|
|-weather|Snowscape|[upkeep]
|upkeep
|
|t:|1756375157
|switch|p2a: Talonflame|Talonflame, L50, M, tera:Stellar|61/100
|turn|4
|
|t:|1756375162
|move|p2a: Talonflame|Protect|p2a: Talonflame
|-singleturn|p2a: Talonflame|Protect
|move|p1b: Volcarona|Giga Drain|p2b: Indeedee
|-damage|p2b: Indeedee|0 fnt
|-heal|p1b: Volcarona|10/100|[from] drain|[of] p2b: Indeedee
|faint|p2b: Indeedee
|move|p1a: Ninetales|Blizzard|p2a: Talonflame
|-activate|p2a: Talonflame|move: Protect
|
|-weather|Snowscape|[upkeep]
|-sideend|p1: fortubruno|move: Tailwind
|upkeep
|
|t:|1756375163
|switch|p2b: Tyranitar|Tyranitar, L50, F|47/100
|-weather|Sandstorm|[from] ability: Sand Stream|[of] p2b: Tyranitar
|turn|5
|
|t:|1756375172
|move|p2a: Talonflame|Tailwind|p2a: Talonflame
|-sidestart|p2: arkjsmith|move: Tailwind
|move|p2b: Tyranitar|Rock Slide|p1a: Ninetales|[spread] p1a,p1b
|-supereffective|p1a: Ninetales
|-damage|p1a: Ninetales|0 fnt
|-damage|p1b: Volcarona|0 fnt
|faint|p1a: Ninetales
|faint|p1b: Volcarona
|
|-weather|Sandstorm|[upkeep]
|-damage|p2a: Talonflame|55/100|[from] Sandstorm
|upkeep
|
|t:|1756375181
|switch|p1a: Talonflame|Talonflame, L50, M|95/100
|switch|p1b: Samurott|Samurott-Hisui, L50, F|100/100
|turn|6
|
|t:|1756375194
|move|p2a: Talonflame|Brave Bird|p1b: Samurott
|-crit|p1b: Samurott
|-damage|p1b: Samurott|2/100
|-damage|p2a: Talonflame|20/100|[from] Recoil
|move|p2b: Tyranitar|Rock Slide|p1a: Talonflame|[spread] p1b
|-miss|p2b: Tyranitar|p1a: Talonflame
|-damage|p1b: Samurott|0 fnt
|faint|p1b: Samurott
|move|p1a: Talonflame|Flare Blitz|p2a: Talonflame
|-resisted|p2a: Talonflame
|-damage|p2a: Talonflame|0 fnt
|faint|p2a: Talonflame
|-damage|p1a: Talonflame|88/100|[from] Recoil
|
|-weather|Sandstorm|[upkeep]
|-damage|p1a: Talonflame|82/100|[from] Sandstorm
|-fieldend|move: Psychic Terrain
|upkeep
|turn|7
|
|t:|1756375202
|move|p1a: Talonflame|Protect|p1a: Talonflame
|-singleturn|p1a: Talonflame|Protect
|move|p2b: Tyranitar|Rock Slide|p1a: Talonflame
|-activate|p1a: Talonflame|move: Protect
|
|-weather|Sandstorm|[upkeep]
|-damage|p1a: Talonflame|76/100|[from] Sandstorm
|upkeep
|turn|8
|
|t:|1756375207
|move|p2b: Tyranitar|Rock Slide|p1a: Talonflame
|-supereffective|p1a: Talonflame
|-damage|p1a: Talonflame|0 fnt
|faint|p1a: Talonflame
|
|win|arkjsmith
||fortubruno is ready for game 2.
|l|☆arkjsmith
|player|p2|
|inactive|arkjsmith has 30 seconds to confirm battle start!
|j|☆arkjsmith
|player|p2|arkjsmith|roxie|
|inactive|arkjsmith has 20 seconds to confirm battle start!
||arkjsmith is ready for game 2.
|uhtml|next|Next: Game 2 of 3
|l|☆arkjsmith
|player|p2|
|l|☆fortubruno
|player|p1|
|j|☆arkjsmith
|player|p2|arkjsmith|roxie|
