|j|☆spellbreakvgc
|j|☆Gadiel_VaStar
|html|spellbreakvgcGadiel_VaStar    
|uhtml|bestof|Game 1 of a best-of-3
|t:|1756947289
|gametype|doubles
|player|p1|spellbreakvgc|lance|1106
|player|p2|Gadiel_VaStar|169|1000
|gen|9
|tier|[Gen 9] VGC 2025 Reg H (Bo3)
|rated|
|rule|Species Clause: Limit one of each Pokémon
|rule|Item Clause: Limit 1 of each item
|clearpoke
|poke|p1|Typhlosion-Hisui, L50, F|
|poke|p1|Tatsugiri, L50, F|
|poke|p1|Whimsicott, L50, M|
|poke|p1|Dondozo, L50, M|
|poke|p1|Annihilape, L50, M|
|poke|p1|Dragapult, L50, M|
|poke|p2|Smeargle, L50, M|
|poke|p2|Archaludon, L50, M|
|poke|p2|Pelipper, L50, F|
|poke|p2|Amoonguss, L50, F|
|poke|p2|Incineroar, L50, M|
|poke|p2|Basculegion, L50, M|
|teampreview|4
|showteam|p1|Typhlosion-Hisui||ChoiceSpecs|Blaze|Eruption,ShadowBall,Flamethrower,HeatWave|||F|||50|,,,,,Fire]Tatsugiri||FocusSash|Commander|DracoMeteor,MuddyWater,DragonPulse,Protect|||F|||50|,,,,,Fairy]Whimsicott||CovertCloak|Prankster|Moonblast,FakeTears,Tailwind,Taunt|||M|||50|,,,,,Water]Dondozo||AssaultVest|Unaware|Earthquake,OrderUp,WaveCrash,HeavySlam|||M|||50|,,,,,Grass]Annihilape||ChoiceScarf|VitalSpirit|CloseCombat,FinalGambit,Coaching,RockSlide|||M|||50|,,,,,Fighting]Dragapult||ChoiceBand|ClearBody|DragonDarts,Outrage,SuckerPunch,Uturn|||M|||50|,,,,,Dragon
|showteam|p2|Smeargle||FocusSash|Moody|Spore,Decorate,FollowMe,SpikyShield|||M|||50|,,,,,Ghost]Archaludon||AssaultVest|Stamina|BodyPress,ElectroShot,FlashCannon,DragonPulse|||M|||50|,,,,,Fairy]Pelipper||LifeOrb|Drizzle|WeatherBall,Hurricane,IcyWind,Protect|||F|||50|,,,,,Stellar]Amoonguss||RockyHelmet|Regenerator|Spore,PollenPuff,RagePowder,Protect|||F|||50|,,,,,Fairy]Incineroar||SafetyGoggles|Intimidate|FakeOut,WillOWisp,KnockOff,PartingShot|||M|||50|,,,,,Water]Basculegion||ChoiceScarf|Adaptability|AquaJet,FlipTurn,WaveCrash,LastRespects|||M|||50|,,,,,Grass
|inactive|Battle timer is ON: inactive players will automatically lose when time's up. (requested by spellbreakvgc)
|inactive|spellbreakvgc has 60 seconds left.
|inactive|spellbreakvgc has 30 seconds left.
|inactive|spellbreakvgc has 20 seconds left.
|
|t:|1756947371
|teamsize|p1|4
|teamsize|p2|4
|start
|switch|p1a: Dragapult|Dragapult, L50, M|100/100
|switch|p1b: Annihilape|Annihilape, L50, M|100/100
|switch|p2a: Incineroar|Incineroar, L50, M|100/100
|switch|p2b: Archaludon|Archaludon, L50, M|100/100
|-ability|p2a: Incineroar|Intimidate|boost
|-fail|p1a: Dragapult|unboost|[from] ability: Clear Body|[of] p1a: Dragapult
|-unboost|p1b: Annihilape|atk|1
|turn|1
|inactive|spellbreakvgc has 30 seconds left.
|inactive|Gadiel_VaStar has 30 seconds left.
|inactive|spellbreakvgc has 20 seconds left.
|inactive|Gadiel_VaStar has 20 seconds left.
|inactive|spellbreakvgc has 15 seconds left.
|inactive|Gadiel_VaStar has 15 seconds left.
|inactive|Gadiel_VaStar has 10 seconds left.
|inactive|Gadiel_VaStar has 5 seconds left.
|
|t:|1756947423
|-terastallize|p1a: Dragapult|Dragon
|move|p1b: Annihilape|Coaching|p1a: Dragapult
|-boost|p1a: Dragapult|atk|1
|-boost|p1a: Dragapult|def|1
|move|p1a: Dragapult|Dragon Darts|p2b: Archaludon
|-damage|p2b: Archaludon|45/100
|-ability|p2b: Archaludon|Stamina|boost
|-boost|p2b: Archaludon|def|1
|-anim|p1a: Dragapult|Dragon Darts|p2a: Incineroar
|-damage|p2a: Incineroar|36/100
|move|p2b: Archaludon|Dragon Pulse|p1a: Dragapult
|-supereffective|p1a: Dragapult
|-damage|p1a: Dragapult|0 fnt
|faint|p1a: Dragapult
|move|p2a: Incineroar|Knock Off|p1b: Annihilape
|-damage|p1b: Annihilape|65/100
|-enditem|p1b: Annihilape|Choice Scarf|[from] move: Knock Off|[of] p2a: Incineroar
|
|upkeep
|
|t:|1756947440
|switch|p1a: Dondozo|Dondozo, L50, M|100/100
|turn|2
|inactive|Gadiel_VaStar has 30 seconds left.
|
|t:|1756947474
|switch|p2a: Pelipper|Pelipper, L50, F|100/100
|-weather|RainDance|[from] ability: Drizzle|[of] p2a: Pelipper
|move|p1b: Annihilape|Final Gambit|p2b: Archaludon
|-damage|p2b: Archaludon|0 fnt
|faint|p1b: Annihilape
|faint|p2b: Archaludon
|move|p1a: Dondozo|Earthquake|p2a: Pelipper
|-immune|p2a: Pelipper
|
|-weather|RainDance|[upkeep]
|upkeep
|
|t:|1756947487
|switch|p1b: Tatsugiri|Tatsugiri, L50, F|100/100
|switch|p2b: Incineroar|Incineroar, L50, M|36/100
|-ability|p2b: Incineroar|Intimidate|boost
|-unboost|p1a: Dondozo|atk|1
|-unboost|p1b: Tatsugiri|atk|1
|-activate|p1b: Tatsugiri|ability: Commander|[of] p1a: Dondozo
|-boost|p1a: Dondozo|atk|2
|-boost|p1a: Dondozo|spa|2
|-boost|p1a: Dondozo|spe|2
|-boost|p1a: Dondozo|def|2
|-boost|p1a: Dondozo|spd|2
|turn|3
|
|t:|1756947505
|move|p2b: Incineroar|Fake Out|p1a: Dondozo
|-damage|p1a: Dondozo|96/100
|cant|p1a: Dondozo|flinch
|move|p2a: Pelipper|Icy Wind|p1a: Dondozo|[spread] p1a
|-miss|p2a: Pelipper|p1b: Tatsugiri
|-resisted|p1a: Dondozo
|-damage|p1a: Dondozo|94/100
|-unboost|p1a: Dondozo|spe|1
|-damage|p2a: Pelipper|91/100|[from] item: Life Orb
|
|-weather|RainDance|[upkeep]
|upkeep
|turn|4
|
|t:|1756947530
|-terastallize|p2b: Incineroar|Water
|move|p2a: Pelipper|Icy Wind|p1b: Tatsugiri|[spread] p1a
|-miss|p2a: Pelipper|p1b: Tatsugiri
|-resisted|p1a: Dondozo
|-damage|p1a: Dondozo|92/100
|-unboost|p1a: Dondozo|spe|1
|-damage|p2a: Pelipper|81/100|[from] item: Life Orb
|move|p2b: Incineroar|Will-O-Wisp|p1a: Dondozo
|-status|p1a: Dondozo|brn
|move|p1a: Dondozo|Wave Crash|p2b: Incineroar
|-resisted|p2b: Incineroar
|-damage|p2b: Incineroar|12/100
|-damage|p1a: Dondozo|85/100 brn|[from] Recoil
|
|-weather|RainDance|[upkeep]
|-damage|p1a: Dondozo|79/100 brn|[from] brn
|upkeep
|turn|5
|inactive|Gadiel_VaStar has 30 seconds left.
|
|t:|1756947559
|move|p2a: Pelipper|Hurricane|p1a: Dondozo
|-crit|p1a: Dondozo
|-damage|p1a: Dondozo|25/100 brn
|-damage|p2a: Pelipper|71/100|[from] item: Life Orb
|move|p2b: Incineroar|Parting Shot|p1a: Dondozo
|-unboost|p1a: Dondozo|atk|1
|-unboost|p1a: Dondozo|spa|1
|-message|spellbreakvgc forfeited.
|
|win|Gadiel_VaStar
