|j|☆FALL3N_DWN
|j|☆sp3x
|html|FALL3N_DWNsp3x    
|uhtml|bestof|Game 3 of a best-of-3
|t:|1757626256
|gametype|doubles
|player|p1|FALL3N_DWN|carmine-festival|1211
|player|p2|sp3x|unknownf|1159
|gen|9
|tier|[Gen 9] VGC 2025 Reg H (Bo3)
|rated|
|rule|Species Clause: Limit one of each Pokémon
|rule|Item Clause: Limit 1 of each item
|clearpoke
|poke|p1|Gholdengo, L50|
|poke|p1|Amoonguss, L50, M|
|poke|p1|Basculegion, L50, M|
|poke|p1|Pelipper, L50, F|
|poke|p1|Incineroar, L50, F|
|poke|p1|Archaludon, L50, M|
|poke|p2|Garchomp, L50, M|
|poke|p2|Pawmot, L50, M|
|poke|p2|Corviknight, L50, M|
|poke|p2|Toedscruel, L50, M|
|poke|p2|Weezing-Galar, L50, M|
|poke|p2|Typhlosion-Hisui, L50, M|
|teampreview|4
|showteam|p1|Gholdengo||LifeOrb|GoodasGold|MakeItRain,ShadowBall,NastyPlot,Protect||||||50|,,,,,Water]Amoonguss||SitrusBerry|Regenerator|Spore,RagePowder,PollenPuff,Protect|||M|||50|,,,,,Psychic]Basculegion||ChoiceBand|SwiftSwim|WaveCrash,FlipTurn,LastRespects,AquaJet|||M|||50|,,,,,Water]Pelipper||FocusSash|Drizzle|WeatherBall,Hurricane,Tailwind,Protect|||F|||50|,,,,,Ground]Incineroar||SafetyGoggles|Intimidate|FlareBlitz,KnockOff,PartingShot,FakeOut|||F|||50|,,,,,Ghost]Archaludon||AssaultVest|Stamina|ElectroShot,FlashCannon,DracoMeteor,BodyPress|||M|||50|,,,,,Bug
|showteam|p2|Garchomp||LifeOrb|RoughSkin|Earthquake,StompingTantrum,Protect,DragonClaw|||M|||50|,,,,,Fairy]Pawmot||FocusSash|NaturalCure|Protect,CloseCombat,DoubleShock,FakeOut|||M|||50|,,,,,Electric]Corviknight||SitrusBerry|MirrorArmor|BraveBird,Tailwind,Protect,Roost|||M|||50|,,,,,Water]Toedscruel||CovertCloak|MyceliumMight|RagePowder,Spore,AcidSpray,EarthPower|||M|||50|,,,,,Water]Weezing-Galar||ChoiceSpecs|NeutralizingGas|StrangeSteam,DazzlingGleam,Flamethrower,SludgeBomb|||M|||50|,,,,,Fire]Typhlosion-Hisui||ChoiceScarf|Blaze|HeatWave,Eruption,ShadowBall,SleepTalk|||M|||50|,,,,,Fire
|inactive|Battle timer is ON: inactive players will automatically lose when time's up. (requested by sp3x)
|inactive|FALL3N_DWN has 60 seconds left.
|
|t:|1757626298
|teamsize|p1|4
|teamsize|p2|4
|start
|switch|p1a: Incineroar|Incineroar, L50, F|100/100
|switch|p1b: Archaludon|Archaludon, L50, M|100/100
|switch|p2a: Weezing|Weezing-Galar, L50, M|100/100
|switch|p2b: Typhlosion|Typhlosion-Hisui, L50, M|100/100
|-ability|p2a: Weezing|Neutralizing Gas
|turn|1
|inactive|FALL3N_DWN has 30 seconds left.
|inactive|FALL3N_DWN has 20 seconds left.
|
|t:|1757626334
|move|p1a: Incineroar|Fake Out|p2a: Weezing
|-damage|p2a: Weezing|88/100
|move|p2b: Typhlosion|Eruption|p1a: Incineroar|[spread] p1a,p1b
|-resisted|p1a: Incineroar
|-damage|p1a: Incineroar|73/100
|-damage|p1b: Archaludon|59/100
|move|p1b: Archaludon|Draco Meteor|p2b: Typhlosion
|-damage|p2b: Typhlosion|21/100
|-unboost|p1b: Archaludon|spa|2
|cant|p2a: Weezing|flinch
|
|upkeep
|turn|2
|inactive|FALL3N_DWN has 30 seconds left.
|inactive|FALL3N_DWN has 20 seconds left.
|inactive|FALL3N_DWN has 15 seconds left.
|
|t:|1757626378
|switch|p2b: Pawmot|Pawmot, L50, M, shiny|100/100
|move|p1b: Archaludon|Draco Meteor|p2b: Pawmot
|-damage|p2b: Pawmot|46/100
|-unboost|p1b: Archaludon|spa|2
|move|p2a: Weezing|Sludge Bomb|p1a: Incineroar
|-damage|p1a: Incineroar|29/100
|move|p1a: Incineroar|Knock Off|p2a: Weezing
|-resisted|p2a: Weezing
|-damage|p2a: Weezing|66/100
|-enditem|p2a: Weezing|Choice Specs|[from] move: Knock Off|[of] p1a: Incineroar
|
|upkeep
|turn|3
|inactive|FALL3N_DWN has 30 seconds left.
|inactive|sp3x has 30 seconds left.
|inactive|FALL3N_DWN has 20 seconds left.
|
|t:|1757626417
|switch|p2b: Typhlosion|Typhlosion-Hisui, L50, M|21/100
|switch|p1b: Gholdengo|Gholdengo, L50|100/100
|move|p2a: Weezing|Sludge Bomb|p1a: Incineroar
|-damage|p1a: Incineroar|0 fnt
|faint|p1a: Incineroar
|
|upkeep
|
|t:|1757626433
|switch|p1a: Archaludon|Archaludon, L50, M|59/100
|turn|4
|
|t:|1757626450
|-terastallize|p1b: Gholdengo|Water
|move|p2b: Typhlosion|Heat Wave|p1a: Archaludon|[spread] p1a,p1b
|-resisted|p1b: Gholdengo
|-damage|p1a: Archaludon|28/100
|-damage|p1b: Gholdengo|77/100
|-status|p1a: Archaludon|brn
|move|p1b: Gholdengo|Make It Rain|p2a: Weezing|[spread] p2a,p2b
|-supereffective|p2a: Weezing
|-resisted|p2b: Typhlosion
|-damage|p2a: Weezing|0 fnt
|-damage|p2b: Typhlosion|0 fnt
|-unboost|p1b: Gholdengo|spa|1
|faint|p2a: Weezing
|-end|p2a: Weezing|ability: Neutralizing Gas
|faint|p2b: Typhlosion
|-damage|p1b: Gholdengo|68/100|[from] item: Life Orb
|move|p1a: Archaludon|Flash Cannon|p2: Weezing|[notarget]
|-fail|p1a: Archaludon
|
|-damage|p1a: Archaludon|22/100 brn|[from] brn
|upkeep
|
|t:|1757626461
|switch|p2b: Pawmot|Pawmot, L50, M, shiny|46/100
|switch|p2a: Corviknight|Corviknight, L50, M|100/100
|turn|5
|inactive|FALL3N_DWN has 30 seconds left.
|
|t:|1757626488
|switch|p1b: Pelipper|Pelipper, L50, F|100/100
|-weather|RainDance|[from] ability: Drizzle|[of] p1b: Pelipper
|move|p2b: Pawmot|Double Shock|p1b: Pelipper
|-supereffective|p1b: Pelipper
|-enditem|p1b: Pelipper|Focus Sash
|-damage|p1b: Pelipper|1/100
|-start|p2b: Pawmot|typechange|???/Fighting|[from] move: Double Shock
|move|p1a: Archaludon|Electro Shot||[still]
|-prepare|p1a: Archaludon|Electro Shot
|-boost|p1a: Archaludon|spa|1
|-anim|p1a: Archaludon|Electro Shot|p2a: Corviknight
|-supereffective|p2a: Corviknight
|-damage|p2a: Corviknight|0 fnt
|faint|p2a: Corviknight
|
|-weather|RainDance|[upkeep]
|-damage|p1a: Archaludon|16/100 brn|[from] brn
|upkeep
|turn|6
|-message|sp3x forfeited.
|
|win|FALL3N_DWN
|raw|FALL3N_DWN's rating: 1211 → 1232(+21 for winning)
|raw|sp3x's rating: 1159 → 1138(-21 for losing)
|l|☆sp3x
|player|p2|
