|j|☆lebronsusedtoilet
|j|☆failandimprove2
|html|lebronsusedtoiletfailandimprove2    
|uhtml|bestof|Game 3 of a best-of-3
|t:|1782610241
|gametype|doubles
|player|p1|lebronsusedtoilet|169|1057
|player|p2|failandimprove2|2|1141
|gen|9
|tier|[Gen 9 Champions] VGC 2026 Reg M-B (Bo3)
|rated|
|rule|Species Clause: Limit one of each Pokémon
|rule|Item Clause: Limit 1 of each item
|clearpoke
|poke|p1|Tyranitar, L50, F|
|poke|p1|Arcanine-Hisui, L50, F|
|poke|p1|Klefki, L50, M|
|poke|p1|Sandaconda, L50, M|
|poke|p1|Garchomp, L50, F, shiny|
|poke|p1|Sinistcha, L50|
|poke|p2|Incineroar, L50, M|
|poke|p2|Kingambit, L50, M|
|poke|p2|Sneasler, L50, M|
|poke|p2|Floette-Eternal, L50, F|
|poke|p2|Sinistcha, L50|
|poke|p2|Dragonite, L50, F|
|teampreview|4
|showteam|p1|Tyranitar||Tyranitarite|SandStream|RockSlide,Protect,KnockOff,LowKick|Serious||F|||50|]Arcanine-Hisui||FocusSash|Intimidate|FlareBlitz,WillOWisp,Protect,ExtremeSpeed|Adamant||F|||50|]Klefki||Leftovers|Prankster|ThunderWave,TrickRoom,Reflect,Spikes|Relaxed||M|||50|]Sandaconda||BrightPowder|SandVeil|BodyPress,Minimize,IronDefense,ZenHeadbutt|Impish||M|||50|]Garchomp||Garchompite|SandVeil|EarthPower,DracoMeteor,HelpingHand,Protect|Modest||F|||50|]Sinistcha||SitrusBerry|Hospitality|LifeDew,RagePowder,MatchaGotcha,TrickRoom|Modest|||||50|
|showteam|p2|Incineroar||SitrusBerry|Intimidate|FakeOut,FlareBlitz,DarkestLariat,PartingShot|Careful||M|||50|]Kingambit||ChopleBerry|Defiant|KowtowCleave,SuckerPunch,SwordsDance,Protect|Adamant||M|||50|]Sneasler||FocusSash|PoisonTouch|FakeOut,Coaching,CloseCombat,PoisonJab|Jolly||M|||50|]Floette-Eternal||Floettite|FlowerVeil|DrainingKiss,DazzlingGleam,CalmMind,Protect|Bold||F|||50|]Sinistcha||Leftovers|Hospitality|TrickRoom,RagePowder,MatchaGotcha,Protect|Bold|||||50|]Dragonite||LumBerry|Multiscale|ExtremeSpeed,DragonClaw,Protect,FirePunch|Adamant||F|||50|
|inactive|Battle timer is ON: inactive players will automatically lose when time's up. (requested by lebronsusedtoilet)
|
|t:|1782610293
|teamsize|p1|4
|teamsize|p2|4
|start
|switch|p1a: Arcanine|Arcanine-Hisui, L50, F|100/100
|switch|p1b: Sandaconda|Sandaconda, L50, M|100/100
|switch|p2a: Kingambit|Kingambit, L50, M|100/100
|switch|p2b: Sneasler|Sneasler, L50, M|100/100
|-ability|p1a: Arcanine|Intimidate|boost
|-unboost|p2a: Kingambit|atk|1
|-ability|p2a: Kingambit|Defiant|boost
|-boost|p2a: Kingambit|atk|2
|-unboost|p2b: Sneasler|atk|1
|turn|1
|
|t:|1782610307
|move|p2b: Sneasler|Fake Out|p1a: Arcanine
|-resisted|p1a: Arcanine|1
|-damage|p1a: Arcanine|93/100
|-status|p1a: Arcanine|psn|[from] ability: Poison Touch|[of] p2b: Sneasler
|cant|p1a: Arcanine|flinch
|move|p1b: Sandaconda|Minimize|p1b: Sandaconda
|-boost|p1b: Sandaconda|evasion|2
|move|p2a: Kingambit|Swords Dance|p2a: Kingambit
|-boost|p2a: Kingambit|atk|2
|
|-damage|p1a: Arcanine|81/100 psn|[from] psn
|upkeep
|turn|2
|
|t:|1782610324
|move|p2b: Sneasler|Close Combat|p1a: Arcanine
|-supereffective|p1a: Arcanine|1
|-damage|p1a: Arcanine|0 fnt
|-unboost|p2b: Sneasler|def|1
|-unboost|p2b: Sneasler|spd|1
|faint|p1a: Arcanine
|move|p1b: Sandaconda|Iron Defense|p1b: Sandaconda
|-boost|p1b: Sandaconda|def|2
|move|p2a: Kingambit|Kowtow Cleave|p1b: Sandaconda
|-damage|p1b: Sandaconda|49/100
|
|upkeep
|
|t:|1782610338
|switch|p1a: Garchomp|Garchomp, L50, F, shiny|100/100
|turn|3
|
|t:|1782610351
|switch|p2b: Incineroar|Incineroar, L50, M|100/100
|-ability|p2b: Incineroar|Intimidate|boost
|-unboost|p1a: Garchomp|atk|1
|-unboost|p1b: Sandaconda|atk|1
|move|p2a: Kingambit|Protect|p2a: Kingambit
|-singleturn|p2a: Kingambit|Protect
|move|p1a: Garchomp|Earth Power|p2a: Kingambit
|-activate|p2a: Kingambit|move: Protect
|move|p1b: Sandaconda|Minimize|p1b: Sandaconda
|-boost|p1b: Sandaconda|evasion|2
|
|upkeep
|turn|4
|
|t:|1782610367
|detailschange|p1a: Garchomp|Garchomp-Mega, L50, F, shiny
|-mega|p1a: Garchomp|Garchomp|Garchompite
|move|p2b: Incineroar|Fake Out|p1a: Garchomp
|-damage|p1a: Garchomp|91/100
|cant|p1a: Garchomp|flinch
|move|p1b: Sandaconda|Body Press|p2b: Incineroar
|-supereffective|p2b: Incineroar|1
|-damage|p2b: Incineroar|2/100
|-enditem|p2b: Incineroar|Sitrus Berry|[eat]
|-heal|p2b: Incineroar|27/100|[from] item: Sitrus Berry
|move|p2a: Kingambit|Kowtow Cleave|p1b: Sandaconda
|-damage|p1b: Sandaconda|1/100
|
|upkeep
|turn|5
|inactive|failandimprove2 has 30 seconds left.
|
|t:|1782610396
|switch|p2b: Sinistcha|Sinistcha, L50|100/100
|move|p2a: Kingambit|Sucker Punch|p1a: Garchomp
|-damage|p1a: Garchomp|4/100
|move|p1a: Garchomp|Earth Power|p2a: Kingambit
|-supereffective|p2a: Kingambit|1
|-damage|p2a: Kingambit|7/100
|move|p1b: Sandaconda|Minimize|p1b: Sandaconda
|-boost|p1b: Sandaconda|evasion|2
|
|upkeep
|turn|6
|
|t:|1782610420
|move|p1a: Garchomp|Protect|p1a: Garchomp
|-singleturn|p1a: Garchomp|Protect
|move|p2a: Kingambit|Protect|p2a: Kingambit
|-singleturn|p2a: Kingambit|Protect
|move|p1b: Sandaconda|Body Press|p2a: Kingambit
|-activate|p2a: Kingambit|move: Protect
|move|p2b: Sinistcha|Trick Room|p2b: Sinistcha
|-fieldstart|move: Trick Room|[of] p2b: Sinistcha
|
|upkeep
|turn|7
|
|t:|1782610437
|switch|p1a: Sinistcha|Sinistcha, L50|100/100
|-heal|p1b: Sandaconda|26/100|[from] ability: Hospitality|[of] p1a: Sinistcha
|move|p2b: Sinistcha|Rage Powder|p2b: Sinistcha
|-singleturn|p2b: Sinistcha|move: Rage Powder
|move|p2a: Kingambit|Kowtow Cleave|p1b: Sandaconda
|-damage|p1b: Sandaconda|0 fnt
|faint|p1b: Sandaconda
|
|upkeep
|
|t:|1782610446
|switch|p1b: Garchomp|Garchomp-Mega, L50, F, shiny|4/100
|turn|8
|
|t:|1782610452
|move|p1b: Garchomp|Protect|p1b: Garchomp
|-singleturn|p1b: Garchomp|Protect
|move|p2a: Kingambit|Kowtow Cleave|p1a: Sinistcha
|-supereffective|p1a: Sinistcha|1
|-damage|p1a: Sinistcha|0 fnt
|faint|p1a: Sinistcha
|move|p2b: Sinistcha|Trick Room|p2b: Sinistcha
|-fieldend|move: Trick Room
|
|upkeep
|turn|9
|-message|lebronsusedtoilet forfeited.
|raw|lebronsusedtoilet's rating: 1057 → 1043(-14 for losing)
|raw|failandimprove2's rating: 1141 → 1160(+19 for winning)
|
|win|failandimprove2
