|j|☆Realmyth10
|j|☆justin tang1234
|html|Realmyth10justin tang1234    
|uhtml|bestof|Game 3 of a best-of-3
|t:|1785754492
|gametype|doubles
|player|p1|Realmyth10|101|1093
|player|p2|justin tang1234|266|1213
|gen|9
|tier|[Gen 9 Champions] VGC 2026 Reg M-B (Bo3)
|rated|
|rule|Species Clause: Limit one of each Pokémon
|rule|Item Clause: Limit 1 of each item
|clearpoke
|poke|p1|Froslass, L50, F|
|poke|p1|Bellibolt, L50, F|
|poke|p1|Garchomp, L50, M|
|poke|p1|Incineroar, L50, M|
|poke|p1|Venusaur, L50, F|
|poke|p1|Milotic, L50, F|
|poke|p2|Staraptor, L50, M|
|poke|p2|Garchomp, L50, M|
|poke|p2|Whimsicott, L50, M|
|poke|p2|Delphox, L50, M|
|poke|p2|Glimmora, L50, M|
|poke|p2|Kingambit, L50, M|
|teampreview|4
|showteam|p1|Froslass||Froslassite|SnowCloak|Blizzard,ShadowBall,AuroraVeil,Protect|Modest||F|||50|]Bellibolt||Leftovers|Electromorphosis|Electroweb,Protect,Thunderbolt,Soak|Quiet||F|||50|]Garchomp||ChoiceScarf|RoughSkin|DragonClaw,StompingTantrum,RockSlide,BreakingSwipe|Adamant||M|||50|]Incineroar||SitrusBerry|Intimidate|FakeOut,ThroatChop,PartingShot,FlareBlitz|Adamant||M|||50|]Venusaur||Venusaurite|Chlorophyll|SludgeBomb,EarthPower,SleepPowder,GigaDrain|Modest||F|||50|]Milotic||LifeOrb|Competitive|Scald,IcyWind,Protect,LifeDew|Modest||F|||50|
|showteam|p2|Staraptor||Staraptite|Intimidate|Protect,Roost,CloseCombat,BraveBird|Jolly||M|||50|]Garchomp||LifeOrb|RoughSkin|Protect,RockSlide,Earthquake,DragonClaw|Jolly||M|||50|]Whimsicott||OccaBerry|Prankster|Moonblast,Tailwind,Charm,LightScreen|Timid||M|||50|]Delphox||Delphoxite|Magician|Protect,Psychic,HeatWave,Substitute|Timid||M|||50|]Glimmora||FocusSash|ToxicDebris|SpikyShield,SludgeBomb,EarthPower,PowerGem|Timid||M|||50|]Kingambit||ChopleBerry|Defiant|SuckerPunch,LowKick,IronHead,KowtowCleave|Adamant||M|||50|
|j| humanbacon
|inactive|Battle timer is ON: inactive players will automatically lose when time's up. (requested by Realmyth10)
|
|t:|1785754519
|teamsize|p1|4
|teamsize|p2|4
|start
|switch|p1a: Milotic|Milotic, L50, F|100/100
|switch|p1b: Froslass|Froslass, L50, F|100/100
|switch|p2a: Delphox|Delphox, L50, M|100/100
|switch|p2b: Whimsicott|Whimsicott, L50, M|100/100
|turn|1
|inactive|Realmyth10 has 30 seconds left.
|inactive|justin tang1234 has 30 seconds left.
|inactive|Realmyth10 has 20 seconds left.
|inactive|justin tang1234 has 20 seconds left.
|inactive|Realmyth10 has 15 seconds left.
|inactive|justin tang1234 has 15 seconds left.
|inactive|Realmyth10 has 10 seconds left.
|inactive|justin tang1234 has 10 seconds left.
|
|t:|1785754570
|detailschange|p2a: Delphox|Delphox-Mega, L50, M
|-mega|p2a: Delphox|Delphox|Delphoxite
|detailschange|p1b: Froslass|Froslass-Mega, L50, F
|-mega|p1b: Froslass|Froslass|Froslassite
|-weather|Snowscape|[from] ability: Snow Warning|[of] p1b: Froslass
|move|p2a: Delphox|Protect|p2a: Delphox
|-singleturn|p2a: Delphox|Protect
|move|p2b: Whimsicott|Light Screen|p2b: Whimsicott
|-sidestart|p2: justin tang1234|move: Light Screen
|move|p1b: Froslass|Aurora Veil|p1b: Froslass
|-sidestart|p1: Realmyth10|move: Aurora Veil
|move|p1a: Milotic|Icy Wind|p2a: Delphox|[spread] p2b
|-activate|p2a: Delphox|move: Protect
|-supereffective|p2b: Whimsicott|1
|-damage|p2b: Whimsicott|64/100
|-unboost|p2b: Whimsicott|spe|1
|-damage|p1a: Milotic|90/100|[from] item: Life Orb
|
|-weather|Snowscape|[upkeep]
|upkeep
|turn|2
|inactive|Realmyth10 has 30 seconds left.
|inactive|Realmyth10 has 20 seconds left.
|
|t:|1785754605
|move|p1b: Froslass|Protect|p1b: Froslass
|-singleturn|p1b: Froslass|Protect
|move|p2a: Delphox|Heat Wave|p1a: Milotic|[spread] p1a
|-activate|p1b: Froslass|move: Protect
|-resisted|p1a: Milotic|1
|-damage|p1a: Milotic|79/100
|-status|p1a: Milotic|brn
|move|p2b: Whimsicott|Moonblast|p1b: Froslass
|-activate|p1b: Froslass|move: Protect
|move|p1a: Milotic|Icy Wind|p2a: Delphox|[spread] p2a,p2b
|-resisted|p2a: Delphox|1
|-crit|p2a: Delphox
|-supereffective|p2b: Whimsicott|1
|-damage|p2a: Delphox|88/100
|-damage|p2b: Whimsicott|29/100
|-unboost|p2a: Delphox|spe|1
|-unboost|p2b: Whimsicott|spe|1
|-damage|p1a: Milotic|69/100 brn|[from] item: Life Orb
|
|-weather|Snowscape|[upkeep]
|-damage|p1a: Milotic|63/100 brn|[from] brn
|upkeep
|turn|3
|
|t:|1785754629
|switch|p1b: Incineroar|Incineroar, L50, M|100/100
|-ability|p1b: Incineroar|Intimidate|boost
|-unboost|p2a: Delphox|atk|1
|-unboost|p2b: Whimsicott|atk|1
|move|p2b: Whimsicott|Tailwind|p2b: Whimsicott
|-sidestart|p2: justin tang1234|move: Tailwind
|move|p2a: Delphox|Heat Wave|p1b: Incineroar|[spread] p1b
|-miss|p2a: Delphox|p1a: Milotic
|-resisted|p1b: Incineroar|1
|-damage|p1b: Incineroar|87/100
|move|p1a: Milotic|Icy Wind|p2b: Whimsicott|[spread] p2a,p2b
|-resisted|p2a: Delphox|1
|-supereffective|p2b: Whimsicott|1
|-damage|p2a: Delphox|82/100
|-damage|p2b: Whimsicott|0 fnt
|-unboost|p2a: Delphox|spe|1
|faint|p2b: Whimsicott
|-damage|p1a: Milotic|53/100 brn|[from] item: Life Orb
|
|-weather|Snowscape|[upkeep]
|-damage|p1a: Milotic|47/100 brn|[from] brn
|upkeep
|
|t:|1785754636
|switch|p2b: Garchomp|Garchomp, L50, M|100/100
|turn|4
|
|t:|1785754653
|switch|p2a: Kingambit|Kingambit, L50, M|100/100
|move|p2b: Garchomp|Protect|p2b: Garchomp
|-singleturn|p2b: Garchomp|Protect
|move|p1b: Incineroar|Fake Out|p2b: Garchomp
|-activate|p2b: Garchomp|move: Protect
|move|p1a: Milotic|Icy Wind|p2b: Garchomp|[spread] p2a
|-activate|p2b: Garchomp|move: Protect
|-resisted|p2a: Kingambit|1
|-damage|p2a: Kingambit|95/100
|-unboost|p2a: Kingambit|spe|1
|-ability|p2a: Kingambit|Defiant|boost
|-boost|p2a: Kingambit|atk|2
|-damage|p1a: Milotic|38/100 brn|[from] item: Life Orb
|
|-weather|Snowscape|[upkeep]
|-damage|p1a: Milotic|32/100 brn|[from] brn
|upkeep
|turn|5
|inactive|justin tang1234 has 30 seconds left.
|inactive|justin tang1234 has 20 seconds left.
|inactive|Realmyth10 has 30 seconds left.
|
|t:|1785754698
|move|p1a: Milotic|Protect|p1a: Milotic
|-singleturn|p1a: Milotic|Protect
|move|p2b: Garchomp|Dragon Claw|p1a: Milotic
|-activate|p1a: Milotic|move: Protect
|move|p2a: Kingambit|Low Kick|p1b: Incineroar
|-supereffective|p1b: Incineroar|1
|-damage|p1b: Incineroar|15/100
|-enditem|p1b: Incineroar|Sitrus Berry|[eat]
|-heal|p1b: Incineroar|40/100|[from] item: Sitrus Berry
|move|p1b: Incineroar|Flare Blitz|p2a: Kingambit
|-supereffective|p2a: Kingambit|1
|-damage|p2a: Kingambit|8/100
|-damage|p1b: Incineroar|10/100|[from] Recoil
|
|-weather|none
|-damage|p1a: Milotic|25/100 brn|[from] brn
|-sideend|p2: justin tang1234|move: Light Screen
|-sideend|p1: Realmyth10|move: Aurora Veil
|upkeep
|turn|6
|inactive|Realmyth10 has 30 seconds left.
|
|t:|1785754733
|move|p2b: Garchomp|Dragon Claw|p1a: Milotic
|-damage|p1a: Milotic|0 fnt
|faint|p1a: Milotic
|-damage|p2b: Garchomp|90/100|[from] item: Life Orb
|move|p2a: Kingambit|Kowtow Cleave|p1b: Incineroar
|-resisted|p1b: Incineroar|1
|-damage|p1b: Incineroar|0 fnt
|faint|p1b: Incineroar
|
|-sideend|p2: justin tang1234|move: Tailwind
|upkeep
|
|t:|1785754736
|switch|p1a: Froslass|Froslass-Mega, L50, F|100/100
|switch|p1b: Garchomp|Garchomp, L50, M|100/100
|-weather|Snowscape|[from] ability: Snow Warning|[of] p1a: Froslass
|turn|7
|inactive|justin tang1234 has 30 seconds left.
|
|t:|1785754766
|move|p2a: Kingambit|Sucker Punch||[still]
|-fail|p2a: Kingambit
|move|p1b: Garchomp|Rock Slide|p2a: Kingambit|[spread] p2a
|-miss|p1b: Garchomp|p2b: Garchomp
|-resisted|p2a: Kingambit|1
|-crit|p2a: Kingambit
|-damage|p2a: Kingambit|0 fnt
|faint|p2a: Kingambit
|move|p1a: Froslass|Aurora Veil|p1a: Froslass
|-sidestart|p1: Realmyth10|move: Aurora Veil
|move|p2b: Garchomp|Dragon Claw|p1b: Garchomp
|-supereffective|p1b: Garchomp|1
|-damage|p1b: Garchomp|29/100
|-damage|p2b: Garchomp|78/100|[from] ability: Rough Skin|[of] p1b: Garchomp
|-damage|p2b: Garchomp|68/100|[from] item: Life Orb
|
|-weather|Snowscape|[upkeep]
|upkeep
|
|t:|1785754771
|switch|p2a: Delphox|Delphox-Mega, L50, M|82/100
|turn|8
|inactive|justin tang1234 has 30 seconds left.
|
|t:|1785754798
|move|p1b: Garchomp|Rock Slide|p2a: Delphox|[spread] p2a
|-miss|p1b: Garchomp|p2b: Garchomp
|-supereffective|p2a: Delphox|1
|-damage|p2a: Delphox|25/100
|move|p2a: Delphox|Heat Wave|p1b: Garchomp|[spread] p1a,p1b
|-supereffective|p1a: Froslass|1
|-resisted|p1b: Garchomp|1
|-damage|p1a: Froslass|35/100
|-damage|p1b: Garchomp|14/100
|move|p1a: Froslass|Blizzard|p2a: Delphox|[spread] p2a,p2b
|-resisted|p2a: Delphox|1
|-supereffective|p2b: Garchomp|2
|-damage|p2a: Delphox|3/100
|-damage|p2b: Garchomp|0 fnt
|-status|p2a: Delphox|frz
|faint|p2b: Garchomp
|
|-weather|Snowscape|[upkeep]
|upkeep
|turn|9
|-message|justin tang1234 forfeited.
|
|win|Realmyth10
|raw|Realmyth10's rating: 1093 → 1128(+35 for winning)
|raw|justin tang1234's rating: 1213 → 1180(-33 for losing)
|l|☆justin tang1234
|player|p2|
