|j|☆Slafyx
|j|☆jellytelescope
|html|Slafyxjellytelescope    
|uhtml|bestof|Game 2 of a best-of-3
|t:|1783529764
|gametype|doubles
|player|p1|Slafyx|steven|1199
|player|p2|jellytelescope|266|1223
|gen|9
|tier|[Gen 9 Champions] VGC 2026 Reg M-B (Bo3)
|rated|
|rule|Species Clause: Limit one of each Pokémon
|rule|Item Clause: Limit 1 of each item
|clearpoke
|poke|p1|Gengar, L50, F, shiny|
|poke|p1|Swampert, L50, F, shiny|
|poke|p1|Incineroar, L50, F, shiny|
|poke|p1|Politoed, L50, F, shiny|
|poke|p1|Archaludon, L50, F, shiny|
|poke|p1|Vivillon-Elegant, L50, M, shiny|
|poke|p2|Swampert, L50, M|
|poke|p2|Pelipper, L50, M|
|poke|p2|Archaludon, L50, M|
|poke|p2|Sinistcha, L50|
|poke|p2|Metagross, L50|
|poke|p2|Sableye, L50, M|
|teampreview|4
|showteam|p1|Gengar||Gengarite|CursedBody|ShadowBall,SludgeBomb,PerishSong,Protect|Timid||F|||50|]Swampert||Swampertite|Damp|WaveCrash,Earthquake,IcePunch,Protect|Adamant||F|||50|]Incineroar||PasshoBerry|Intimidate|FakeOut,ThroatChop,PartingShot,Protect|Sassy||F|||50|]Politoed||SitrusBerry|Drizzle|WeatherBall,Encore,PerishSong,Protect|Calm||F|||50|]Archaludon||Leftovers|Stamina|DragonPulse,FlashCannon,ElectroShot,Protect|Bold||F|||50|]Vivillon-Elegant||FocusSash|CompoundEyes|Hurricane,SleepPowder,RagePowder,Protect|Timid||M|||50|
|showteam|p2|Swampert||Swampertite|Torrent|Protect,WaveCrash,HighHorsepower,IcePunch|Adamant||M|||50|]Pelipper||FocusSash|Drizzle|Protect,WeatherBall,Hurricane,Tailwind|Timid||M|||50|]Archaludon||Leftovers|Stamina|Protect,ElectroShot,FlashCannon,DragonPulse|Modest||M|||50|]Sinistcha||KasibBerry|Hospitality|MatchaGotcha,RagePowder,Imprison,TrickRoom|Bold|||||50|]Metagross||Metagrossite|ClearBody|Protect,IronHead,PsychicFangs,StompingTantrum|Jolly|||||50|]Sableye||RoseliBerry|Prankster|Reflect,LightScreen,WillOWisp,RainDance|Calm||M|||50|
|inactive|Battle timer is ON: inactive players will automatically lose when time's up. (requested by Slafyx)
|inactive|jellytelescope has 60 seconds left.
|
|t:|1783529823
|teamsize|p1|4
|teamsize|p2|4
|start
|switch|p1a: Swampert|Swampert, L50, F, shiny|100/100
|switch|p1b: Vivillon|Vivillon-Elegant, L50, M, shiny|100/100
|switch|p2a: THE BRIDGE|Archaludon, L50, M|100/100
|switch|p2b: Sableye|Sableye, L50, M|100/100
|turn|1
|inactive|jellytelescope has 30 seconds left.
|
|t:|1783529852
|switch|p1a: Incineroar|Incineroar, L50, F, shiny|100/100
|-ability|p1a: Incineroar|Intimidate|boost
|-unboost|p2a: THE BRIDGE|atk|1
|-unboost|p2b: Sableye|atk|1
|move|p2b: Sableye|Will-O-Wisp|p1a: Incineroar
|-immune|p1a: Incineroar
|move|p1b: Vivillon|Sleep Powder|p2a: THE BRIDGE
|-status|p2a: THE BRIDGE|slp|[from] move: Sleep Powder
|cant|p2a: THE BRIDGE|slp
|
|upkeep
|turn|2
|
|t:|1783529870
|move|p2b: Sableye|Reflect|p2b: Sableye
|-sidestart|p2: jellytelescope|Reflect
|move|p1b: Vivillon|Sleep Powder|p2b: Sableye
|-status|p2b: Sableye|slp|[from] move: Sleep Powder
|-curestatus|p2a: THE BRIDGE|slp|[msg]
|move|p2a: THE BRIDGE|Electro Shot||[still]
|-prepare|p2a: THE BRIDGE|Electro Shot
|-boost|p2a: THE BRIDGE|spa|1
|move|p1a: Incineroar|Parting Shot|p2a: THE BRIDGE
|-unboost|p2a: THE BRIDGE|atk|1
|-unboost|p2a: THE BRIDGE|spa|1
|
|t:|1783529879
|switch|p1a: Archaludon|Archaludon, L50, F, shiny|100/100|[from] Parting Shot
|
|upkeep
|turn|3
|
|t:|1783529894
|cant|p2b: Sableye|slp
|move|p1b: Vivillon|Sleep Powder|p2a: THE BRIDGE
|-status|p2a: THE BRIDGE|slp|[from] move: Sleep Powder
|cant|p2a: THE BRIDGE|slp
|move|p1a: Archaludon|Dragon Pulse|p2a: THE BRIDGE
|-crit|p2a: THE BRIDGE
|-damage|p2a: THE BRIDGE|46/100 slp
|-ability|p2a: THE BRIDGE|Stamina|boost
|-boost|p2a: THE BRIDGE|def|1
|
|-heal|p2a: THE BRIDGE|52/100 slp|[from] item: Leftovers
|upkeep
|turn|4
|
|t:|1783529908
|cant|p2a: THE BRIDGE|slp
|cant|p2b: Sableye|slp
|move|p1b: Vivillon|Hurricane|p2a: THE BRIDGE
|-resisted|p2a: THE BRIDGE|1
|-damage|p2a: THE BRIDGE|28/100 slp
|-ability|p2a: THE BRIDGE|Stamina|boost
|-boost|p2a: THE BRIDGE|def|1
|move|p1a: Archaludon|Dragon Pulse|p2a: THE BRIDGE
|-damage|p2a: THE BRIDGE|0 fnt
|faint|p2a: THE BRIDGE
|
|upkeep
|
|t:|1783529916
|switch|p2a: Swampert|Swampert, L50, M|100/100
|turn|5
|
|t:|1783529931
|switch|p1a: Incineroar|Incineroar, L50, F, shiny|100/100
|-ability|p1a: Incineroar|Intimidate|boost
|-unboost|p2a: Swampert|atk|1
|-unboost|p2b: Sableye|atk|1
|move|p2a: Swampert|Protect|p2a: Swampert
|-singleturn|p2a: Swampert|Protect
|-curestatus|p2b: Sableye|slp|[msg]
|move|p2b: Sableye|Will-O-Wisp|p1b: Vivillon
|-status|p1b: Vivillon|brn
|move|p1b: Vivillon|Sleep Powder|p2a: Swampert
|-activate|p2a: Swampert|move: Protect
|
|-damage|p1b: Vivillon|94/100 brn|[from] brn
|upkeep
|turn|6
|
|t:|1783529944
|detailschange|p2a: Swampert|Swampert-Mega, L50, M
|-mega|p2a: Swampert|Swampert|Swampertite
|move|p2b: Sableye|Rain Dance|p2b: Sableye
|-weather|RainDance
|move|p2a: Swampert|Ice Punch|p1b: Vivillon
|-supereffective|p1b: Vivillon|1
|-damage|p1b: Vivillon|16/100 brn
|move|p1b: Vivillon|Sleep Powder|p2a: Swampert
|-status|p2a: Swampert|slp|[from] move: Sleep Powder
|move|p1a: Incineroar|Parting Shot|p2a: Swampert
|-unboost|p2a: Swampert|atk|1
|-unboost|p2a: Swampert|spa|1
|
|t:|1783529952
|switch|p1a: Archaludon|Archaludon, L50, F, shiny|100/100|[from] Parting Shot
|
|-weather|RainDance|[upkeep]
|-damage|p1b: Vivillon|10/100 brn|[from] brn
|-sideend|p2: jellytelescope|Reflect
|upkeep
|turn|7
|
|t:|1783529960
|cant|p2a: Swampert|slp
|move|p2b: Sableye|Light Screen|p2b: Sableye
|-sidestart|p2: jellytelescope|move: Light Screen
|move|p1b: Vivillon|Hurricane|p2a: Swampert
|-crit|p2a: Swampert
|-damage|p2a: Swampert|45/100 slp
|move|p1a: Archaludon|Dragon Pulse|p2a: Swampert
|-damage|p2a: Swampert|27/100 slp
|
|-weather|RainDance|[upkeep]
|-damage|p1b: Vivillon|5/100 brn|[from] brn
|upkeep
|turn|8
|
|t:|1783529974
|switch|p2a: Pelipper|Pelipper, L50, M|100/100
|move|p2b: Sableye|Reflect|p2b: Sableye
|-sidestart|p2: jellytelescope|Reflect
|move|p1b: Vivillon|Hurricane|p2a: Pelipper
|-damage|p2a: Pelipper|44/100
|-start|p2a: Pelipper|confusion
|move|p1a: Archaludon|Dragon Pulse|p2a: Pelipper
|-crit|p2a: Pelipper
|-damage|p2a: Pelipper|0 fnt
|faint|p2a: Pelipper
|
|-weather|RainDance|[upkeep]
|-damage|p1b: Vivillon|0 fnt|[from] brn
|faint|p1b: Vivillon
|upkeep
|
|t:|1783529985
|switch|p1b: Incineroar|Incineroar, L50, F, shiny|100/100
|switch|p2a: Swampert|Swampert-Mega, L50, M|27/100 slp
|-ability|p1b: Incineroar|Intimidate|boost
|-unboost|p2a: Swampert|atk|1
|-unboost|p2b: Sableye|atk|1
|turn|9
|
|t:|1783529997
|cant|p2a: Swampert|slp
|move|p1b: Incineroar|Fake Out|p2a: Swampert
|-damage|p2a: Swampert|20/100y slp
|move|p2b: Sableye|Will-O-Wisp|p1a: Archaludon
|-status|p1a: Archaludon|brn
|move|p1a: Archaludon|Electro Shot||[still]
|-prepare|p1a: Archaludon|Electro Shot
|-boost|p1a: Archaludon|spa|1
|-anim|p1a: Archaludon|Electro Shot|p2b: Sableye
|-damage|p2b: Sableye|59/100
|
|-weather|RainDance|[upkeep]
|-damage|p1a: Archaludon|93/100 brn|[from] brn
|upkeep
|turn|10
|
|t:|1783530020
|move|p2b: Sableye|Light Screen||[still]
|-fail|p2b: Sableye
|-curestatus|p2a: Swampert|slp|[msg]
|move|p2a: Swampert|High Horsepower|p1a: Archaludon
|-supereffective|p1a: Archaludon|1
|-damage|p1a: Archaludon|45/100 brn
|-ability|p1a: Archaludon|Stamina|boost
|-boost|p1a: Archaludon|def|1
|move|p1a: Archaludon|Dragon Pulse|p2a: Swampert
|-damage|p2a: Swampert|0 fnt
|faint|p2a: Swampert
|move|p1b: Incineroar|Throat Chop|p2b: Sableye
|-damage|p2b: Sableye|28/100
|-start|p2b: Sableye|Throat Chop|[silent]
|
|-weather|none
|-heal|p1a: Archaludon|51/100 brn|[from] item: Leftovers
|-damage|p1a: Archaludon|45/100 brn|[from] brn
|upkeep
|turn|11
|-message|jellytelescope forfeited.
|
|win|Slafyx
