|j|☆antimatterj
|j|☆Sn0laxSe7en
|html|antimatterjSn0laxSe7en    
|uhtml|bestof|Game 2 of a best-of-3
|t:|1783907999
|gametype|doubles
|player|p1|antimatterj|266|
|player|p2|Sn0laxSe7en|1|
|gen|9
|tier|[Gen 9 Champions] VGC 2026 Reg M-B (Bo3)
|rule|Species Clause: Limit one of each Pokémon
|rule|Item Clause: Limit 1 of each item
|clearpoke
|poke|p1|Basculegion, L50, M, shiny|
|poke|p1|Alakazam, L50, M, shiny|
|poke|p1|Aerodactyl, L50, F, shiny|
|poke|p1|Meowstic, L50, M, shiny|
|poke|p1|Scizor, L50, M, shiny|
|poke|p1|Incineroar, L50, F, shiny|
|poke|p2|Snorlax, L50, F|
|poke|p2|Slowbro-Galar, L50, F|
|poke|p2|Toxapex, L50, F|
|poke|p2|Bastiodon, L50, F|
|poke|p2|Aegislash, L50, F|
|poke|p2|Garganacl, L50, F|
|teampreview|4
|showteam|p1|Basculegion||LifeOrb|Adaptability|AquaJet,IceFang,WaveCrash,LastRespects|Adamant||M|||50|]Alakazam||Alakazite|MagicGuard|NastyPlot,ExpandingForce,Substitute,Protect|Modest||M|||50|]Aerodactyl||FocusSash|Unnerve|RockSlide,Crunch,Tailwind,Taunt|Naughty||F|||50|]Meowstic||Meowsticite|Prankster|FakeOut,PsychicTerrain,TrickRoom,Imprison|Modest||M|||50|]Scizor||Scizorite|Technician|BulletPunch,BugBite,BrutalSwing,SwordsDance|Adamant||M|||50|]Incineroar||SitrusBerry|Intimidate|FakeOut,FlareBlitz,DarkestLariat,PartingShot|Adamant||F|||50|
|showteam|p2|Snorlax||Leftovers|ThickFat|Protect,Yawn,SleepTalk,Superpower|Relaxed||F|||50|]Slowbro-Galar||ChestoBerry|OwnTempo|TrickRoom,Protect,Toxic,ShellSideArm|Serious||F|||50|]Toxapex||ExpertBelt|Limber|Toxic,BanefulBunker,GunkShot,Protect|Impish||F|||50|]Bastiodon||FocusSash|Sturdy|Protect,Earthquake,Thunder,IronDefense|Sassy||F|||50|]Aegislash||LifeOrb|StanceChange|KingsShield,IronDefense,SacredSword,ShadowSneak|Careful||F|||50|]Garganacl||MentalHerb|Sturdy|Earthquake,IronHead,IronDefense,Protect|Careful||F|||50|
|
|t:|1783908039
|teamsize|p1|4
|teamsize|p2|4
|start
|switch|p1a: Aerodactyl|Aerodactyl, L50, F, shiny|100/100
|switch|p1b: Scizor|Scizor, L50, M, shiny|100/100
|switch|p2a: Snorlax|Snorlax, L50, F|100/100
|switch|p2b: Aegislash|Aegislash, L50, F|100/100
|-ability|p1a: Aerodactyl|Unnerve
|turn|1
|
|t:|1783908067
|detailschange|p1b: Scizor|Scizor-Mega, L50, M, shiny
|-mega|p1b: Scizor|Scizor|Scizorite
|move|p2b: Aegislash|King's Shield|p2b: Aegislash
|-singleturn|p2b: Aegislash|Protect
|move|p1a: Aerodactyl|Crunch|p2b: Aegislash
|-activate|p2b: Aegislash|move: Protect
|-unboost|p1a: Aerodactyl|atk|1
|move|p1b: Scizor|Swords Dance|p1b: Scizor
|-boost|p1b: Scizor|atk|2
|move|p2a: Snorlax|Yawn|p1b: Scizor
|-start|p1b: Scizor|move: Yawn|[of] p2a: Snorlax
|
|upkeep
|turn|2
|
|t:|1783908091
|switch|p1b: Incineroar|Incineroar, L50, F, shiny|100/100
|-ability|p1b: Incineroar|Intimidate|boost
|-unboost|p2a: Snorlax|atk|1
|-unboost|p2b: Aegislash|atk|1
|move|p1a: Aerodactyl|Tailwind|p1a: Aerodactyl
|-sidestart|p1: antimatterj|move: Tailwind
|move|p2b: Aegislash|Iron Defense|p2b: Aegislash
|-boost|p2b: Aegislash|def|2
|move|p2a: Snorlax|Yawn|p1a: Aerodactyl
|-start|p1a: Aerodactyl|move: Yawn|[of] p2a: Snorlax
|
|upkeep
|turn|3
|
|t:|1783908113
|switch|p1a: Scizor|Scizor-Mega, L50, M, shiny|100/100
|move|p2b: Aegislash|King's Shield|p2b: Aegislash
|-singleturn|p2b: Aegislash|Protect
|move|p1b: Incineroar|Fake Out|p2a: Snorlax
|-damage|p2a: Snorlax|91/100
|cant|p2a: Snorlax|flinch
|
|-heal|p2a: Snorlax|97/100|[from] item: Leftovers
|upkeep
|turn|4
|
|t:|1783908136
|move|p1a: Scizor|Brutal Swing|p2b: Aegislash|[spread] p1b,p2a,p2b
|-resisted|p1b: Incineroar|1
|-supereffective|p2b: Aegislash|1
|-damage|p1b: Incineroar|86/100
|-damage|p2a: Snorlax|79/100
|-damage|p2b: Aegislash|77/100
|move|p1b: Incineroar|Flare Blitz|p2b: Aegislash
|-supereffective|p2b: Aegislash|1
|-damage|p2b: Aegislash|26/100
|-damage|p1b: Incineroar|72/100|[from] Recoil
|-formechange|p2b: Aegislash|Aegislash-Blade|
|move|p2b: Aegislash|Sacred Sword|p1a: Scizor
|-damage|p1a: Scizor|80/100
|-damage|p2b: Aegislash|17/100|[from] item: Life Orb
|move|p2a: Snorlax|Superpower|p1b: Incineroar
|-supereffective|p1b: Incineroar|1
|-damage|p1b: Incineroar|33/100
|-unboost|p2a: Snorlax|atk|1
|-unboost|p2a: Snorlax|def|1
|-enditem|p1b: Incineroar|Sitrus Berry|[eat]
|-heal|p1b: Incineroar|58/100|[from] item: Sitrus Berry
|
|-heal|p2a: Snorlax|85/100|[from] item: Leftovers
|upkeep
|turn|5
|
|t:|1783908168
|-formechange|p2b: Aegislash|Aegislash|
|move|p2b: Aegislash|King's Shield|p2b: Aegislash
|-singleturn|p2b: Aegislash|Protect
|move|p2a: Snorlax|Protect|p2a: Snorlax
|-singleturn|p2a: Snorlax|Protect
|move|p1a: Scizor|Swords Dance|p1a: Scizor
|-boost|p1a: Scizor|atk|2
|move|p1b: Incineroar|Parting Shot|p2a: Snorlax
|-activate|p2a: Snorlax|move: Protect
|
|-heal|p2a: Snorlax|91/100|[from] item: Leftovers
|-sideend|p1: antimatterj|move: Tailwind
|upkeep
|turn|6
|
|t:|1783908211
|move|p1a: Scizor|Brutal Swing|p2b: Aegislash|[spread] p1b,p2a,p2b
|-resisted|p1b: Incineroar|1
|-supereffective|p2b: Aegislash|1
|-damage|p1b: Incineroar|29/100
|-damage|p2a: Snorlax|42/100
|-damage|p2b: Aegislash|0 fnt
|faint|p2b: Aegislash
|move|p1b: Incineroar|Darkest Lariat|p2a: Snorlax
|-damage|p2a: Snorlax|13/100
|move|p2a: Snorlax|Superpower|p1b: Incineroar
|-supereffective|p1b: Incineroar|1
|-damage|p1b: Incineroar|0 fnt
|-unboost|p2a: Snorlax|atk|1
|-unboost|p2a: Snorlax|def|1
|faint|p1b: Incineroar
|
|-heal|p2a: Snorlax|19/100|[from] item: Leftovers
|upkeep
|
|t:|1783908227
|switch|p1b: Aerodactyl|Aerodactyl, L50, F, shiny|100/100
|switch|p2b: Slowbro|Slowbro-Galar, L50, F|100/100
|-ability|p1b: Aerodactyl|Unnerve
|turn|7
|
|t:|1783908247
|move|p2a: Snorlax|Protect|p2a: Snorlax
|-singleturn|p2a: Snorlax|Protect
|move|p1b: Aerodactyl|Crunch|p2b: Slowbro
|-supereffective|p2b: Slowbro|1
|-damage|p2b: Slowbro|54/100
|move|p1a: Scizor|Brutal Swing|p2b: Slowbro|[spread] p1b,p2b
|-activate|p2a: Snorlax|move: Protect
|-supereffective|p2b: Slowbro|1
|-damage|p1b: Aerodactyl|20/100y
|-damage|p2b: Slowbro|0 fnt
|faint|p2b: Slowbro
|
|-heal|p2a: Snorlax|25/100|[from] item: Leftovers
|upkeep
|
|t:|1783908258
|switch|p2b: Bastiodon|Bastiodon, L50, F|100/100
|turn|8
|
|t:|1783908287
|move|p1b: Aerodactyl|Rock Slide|p2b: Bastiodon|[spread] p2b
|-miss|p1b: Aerodactyl|p2a: Snorlax
|-resisted|p2b: Bastiodon|1
|-damage|p2b: Bastiodon|89/100
|move|p1a: Scizor|Bug Bite|p2a: Snorlax
|-damage|p2a: Snorlax|0 fnt
|faint|p2a: Snorlax
|move|p2b: Bastiodon|Thunder|p1b: Aerodactyl
|-supereffective|p1b: Aerodactyl|1
|-damage|p1b: Aerodactyl|0 fnt
|faint|p1b: Aerodactyl
|
|upkeep
|
|t:|1783908304
|switch|p1b: Basculegion|Basculegion, L50, M, shiny|100/100
|turn|9
|
|t:|1783908313
|move|p1a: Scizor|Bullet Punch|p2b: Bastiodon
|-damage|p2b: Bastiodon|33/100
|move|p1b: Basculegion|Last Respects|p2b: Bastiodon
|-damage|p2b: Bastiodon|0 fnt
|faint|p2b: Bastiodon
|-damage|p1b: Basculegion|90/100|[from] item: Life Orb
|
|win|antimatterj
|l|☆Sn0laxSe7en
|player|p2|
