|j|☆raksbachtesting1
|j|☆cillianvgc
|html|raksbachtesting1cillianvgc    
|uhtml|bestof|Game 1 of a best-of-3
|t:|1785334792
|gametype|doubles
|player|p1|raksbachtesting1|doubleteam|1184
|player|p2|cillianvgc|nate|1263
|gen|9
|tier|[Gen 9 Champions] VGC 2026 Reg M-B (Bo3)
|rated|
|rule|Species Clause: Limit one of each Pokémon
|rule|Item Clause: Limit 1 of each item
|clearpoke
|poke|p1|Charizard, L50, F|
|poke|p1|Garchomp, L50, M|
|poke|p1|Incineroar, L50, M|
|poke|p1|Venusaur, L50, F|
|poke|p1|Toxapex, L50, M|
|poke|p1|Sylveon, L50, M|
|poke|p2|Chandelure, L50, M|
|poke|p2|Incineroar, L50, M|
|poke|p2|Sinistcha, L50|
|poke|p2|Torkoal, L50, M|
|poke|p2|Kommo-o, L50, M|
|poke|p2|Venusaur, L50, M|
|teampreview|4
|showteam|p1|Charizard||CharizarditeY|Blaze|WeatherBall,HeatWave,AncientPower,Protect|Modest||F|||50|]Garchomp||ChoiceScarf|RoughSkin|RockSlide,DragonClaw,Earthquake,StompingTantrum|Adamant||M|||50|]Incineroar||SitrusBerry|Intimidate|FlareBlitz,FakeOut,DarkestLariat,PartingShot|Impish||M|||50|]Venusaur||LifeOrb|Chlorophyll|SludgeBomb,LeafStorm,EarthPower,Protect|Modest||F|||50|]Toxapex||Leftovers|Regenerator|Infestation,Toxic,WideGuard,BanefulBunker|Bold||M|||50|]Sylveon||FairyFeather|Pixilate|HyperVoice,QuickAttack,Yawn,Detect|Modest||M|||50|
|showteam|p2|Chandelure||Chandelurite|FlashFire|HeatWave,ShadowBall,Protect,TrickRoom|Modest||M|||50|]Incineroar||SitrusBerry|Intimidate|FlareBlitz,FakeOut,PartingShot,WillOWisp|Relaxed||M|||50|]Sinistcha||BrightPowder|Hospitality|MatchaGotcha,RagePowder,LifeDew,TrickRoom|Sassy|||||50|]Torkoal||Charcoal|Drought|Eruption,HeatWave,SolarBeam,Protect|Quiet||M|||50|]Kommo-o||DragonFang|Soundproof|ClangorousSoul,AuraSphere,Protect,ClangingScales|Rash||M|||50|]Venusaur||Venusaurite|Chlorophyll|GigaDrain,SludgeBomb,EarthPower,Protect|Modest||M|||50|
|inactive|Battle timer is ON: inactive players will automatically lose when time's up. (requested by raksbachtesting1)
|inactive|cillianvgc has 60 seconds left.
|
|t:|1785334829
|teamsize|p1|4
|teamsize|p2|4
|start
|switch|p1a: Toxapex|Toxapex, L50, M|100/100
|switch|p1b: Garchomp|Garchomp, L50, M|100/100
|switch|p2a: KommUh-oh|Kommo-o, L50, M|100/100
|switch|p2b: Venusaur|Venusaur, L50, M|100/100
|turn|1
|
|t:|1785334846
|detailschange|p2b: Venusaur|Venusaur-Mega, L50, M
|-mega|p2b: Venusaur|Venusaur|Venusaurite
|move|p2a: KommUh-oh|Protect|p2a: KommUh-oh
|-singleturn|p2a: KommUh-oh|Protect
|move|p1b: Garchomp|Dragon Claw|p2a: KommUh-oh
|-activate|p2a: KommUh-oh|move: Protect
|move|p2b: Venusaur|Earth Power|p1a: Toxapex
|-supereffective|p1a: Toxapex|1
|-damage|p1a: Toxapex|52/100
|move|p1a: Toxapex|Infestation|p2a: KommUh-oh
|-activate|p2a: KommUh-oh|move: Protect
|
|-heal|p1a: Toxapex|58/100|[from] item: Leftovers
|upkeep
|turn|2
|
|t:|1785334867
|switch|p2a: Incineroar|Incineroar, L50, M|100/100
|-ability|p2a: Incineroar|Intimidate|boost
|-unboost|p1a: Toxapex|atk|1
|-unboost|p1b: Garchomp|atk|1
|-heal|p1a: Toxapex|91/100|[from] ability: Regenerator|[silent]
|switch|p1a: Charizard|Charizard, L50, F|100/100
|move|p1b: Garchomp|Dragon Claw|p2a: Incineroar
|-damage|p2a: Incineroar|77/100
|move|p2b: Venusaur|Earth Power|p1a: Charizard
|-immune|p1a: Charizard
|
|upkeep
|turn|3
|
|t:|1785334887
|switch|p1b: Toxapex|Toxapex, L50, M|91/100
|detailschange|p1a: Charizard|Charizard-Mega-Y, L50, F
|-mega|p1a: Charizard|Charizard|Charizardite Y
|-weather|SunnyDay|[from] ability: Drought|[of] p1a: Charizard
|move|p1a: Charizard|Protect|p1a: Charizard
|-singleturn|p1a: Charizard|Protect
|move|p2b: Venusaur|Giga Drain|p1b: Toxapex
|-damage|p1b: Toxapex|63/100
|move|p2a: Incineroar|Parting Shot|p1a: Charizard
|-activate|p1a: Charizard|move: Protect
|
|-weather|SunnyDay|[upkeep]
|-heal|p1b: Toxapex|68/100|[from] item: Leftovers
|upkeep
|turn|4
|inactive|cillianvgc has 30 seconds left.
|
|t:|1785334919
|move|p1a: Charizard|Ancient Power|p2a: Incineroar
|-supereffective|p2a: Incineroar|1
|-damage|p2a: Incineroar|35/100
|-enditem|p2a: Incineroar|Sitrus Berry|[eat]
|-heal|p2a: Incineroar|60/100|[from] item: Sitrus Berry
|move|p2b: Venusaur|Giga Drain|p1b: Toxapex
|-damage|p1b: Toxapex|37/100
|move|p2a: Incineroar|Parting Shot|p1a: Charizard
|-unboost|p1a: Charizard|atk|1
|-unboost|p1a: Charizard|spa|1
|
|t:|1785334930
|switch|p2a: KommUh-oh|Kommo-o, L50, M|100/100|[from] Parting Shot
|move|p1b: Toxapex|Infestation|p2b: Venusaur
|-damage|p2b: Venusaur|97/100
|-activate|p2b: Venusaur|move: Infestation|[of] p1b: Toxapex
|
|-weather|SunnyDay|[upkeep]
|-heal|p1b: Toxapex|43/100|[from] item: Leftovers
|-damage|p2b: Venusaur|85/100|[from] move: Infestation|[partiallytrapped]
|upkeep
|turn|5
|
|t:|1785334954
|move|p1b: Toxapex|Baneful Bunker|p1b: Toxapex
|-singleturn|p1b: Toxapex|move: Protect
|move|p1a: Charizard|Heat Wave|p2a: KommUh-oh|[spread] p2a,p2b
|-resisted|p2a: KommUh-oh|1
|-supereffective|p2b: Venusaur|1
|-damage|p2a: KommUh-oh|75/100
|-damage|p2b: Venusaur|51/100
|-status|p2a: KommUh-oh|brn
|move|p2a: KommUh-oh|Clanging Scales|p1b: Toxapex|[spread] p1a
|-activate|p1b: Toxapex|move: Protect
|-crit|p1a: Charizard
|-damage|p1a: Charizard|41/100
|-unboost|p2a: KommUh-oh|def|1
|move|p2b: Venusaur|Earth Power|p1b: Toxapex
|-activate|p1b: Toxapex|move: Protect
|
|-weather|SunnyDay|[upkeep]
|-heal|p1b: Toxapex|49/100|[from] item: Leftovers
|-damage|p2a: KommUh-oh|69/100 brn|[from] brn
|-damage|p2b: Venusaur|39/100|[from] move: Infestation|[partiallytrapped]
|upkeep
|turn|6
|inactive|cillianvgc has 30 seconds left.
|inactive|cillianvgc has 20 seconds left.
|inactive|cillianvgc has 15 seconds left.
|
|t:|1785334995
|switch|p1a: Garchomp|Garchomp, L50, M|100/100
|switch|p2a: Incineroar|Incineroar, L50, M|60/100
|-ability|p2a: Incineroar|Intimidate|boost
|-unboost|p1a: Garchomp|atk|1
|-unboost|p1b: Toxapex|atk|1
|-heal|p1b: Toxapex|82/100|[from] ability: Regenerator|[silent]
|switch|p1b: Venusaur|Venusaur, L50, F|100/100
|move|p2b: Venusaur|Protect||[still]
|-fail|p2b: Venusaur
|
|-weather|SunnyDay|[upkeep]
|-end|p2b: Venusaur|Infestation|[partiallytrapped]|[silent]
|upkeep
|turn|7
|
|t:|1785335016
|switch|p2a: Sinistcha|Sinistcha, L50|100/100
|-heal|p2b: Venusaur|63/100|[from] ability: Hospitality|[of] p2a: Sinistcha
|move|p1b: Venusaur|Protect|p1b: Venusaur
|-singleturn|p1b: Venusaur|Protect
|move|p1a: Garchomp|Earthquake|p2b: Venusaur|[spread] p2a,p2b
|-activate|p1b: Venusaur|move: Protect
|-resisted|p2a: Sinistcha|1
|-damage|p2a: Sinistcha|86/100
|-damage|p2b: Venusaur|41/100
|move|p2b: Venusaur|Giga Drain|p1a: Garchomp
|-damage|p1a: Garchomp|57/100
|-heal|p2b: Venusaur|63/100|[from] drain|[of] p1a: Garchomp
|
|-weather|none
|upkeep
|turn|8
|
|t:|1785335036
|switch|p1a: Charizard|Charizard-Mega-Y, L50, F|41/100
|-weather|SunnyDay|[from] ability: Drought|[of] p1a: Charizard
|move|p1b: Venusaur|Sludge Bomb|p2a: Sinistcha
|-damage|p2a: Sinistcha|32/100
|-status|p2a: Sinistcha|psn
|-damage|p1b: Venusaur|90/100|[from] item: Life Orb
|move|p2b: Venusaur|Giga Drain|p1a: Charizard
|-resisted|p1a: Charizard|2
|-damage|p1a: Charizard|33/100
|-heal|p2b: Venusaur|67/100|[from] drain|[of] p1a: Charizard
|move|p2a: Sinistcha|Life Dew|p2a: Sinistcha|[spread] p2a,p2b
|-heal|p2a: Sinistcha|57/100 psn
|-heal|p2b: Venusaur|92/100
|
|-weather|SunnyDay|[upkeep]
|-damage|p2a: Sinistcha|44/100 psn|[from] psn
|upkeep
|turn|9
|inactive|cillianvgc has 30 seconds left.
|
|t:|1785335061
|switch|p1b: Toxapex|Toxapex, L50, M|82/100
|switch|p2a: Incineroar|Incineroar, L50, M|60/100
|-ability|p2a: Incineroar|Intimidate|boost
|-unboost|p1a: Charizard|atk|1
|-unboost|p1b: Toxapex|atk|1
|move|p1a: Charizard|Weather Ball|p2b: Venusaur
|-supereffective|p2b: Venusaur|1
|-damage|p2b: Venusaur|26/100
|move|p2b: Venusaur|Sludge Bomb|p1a: Charizard
|-damage|p1a: Charizard|0 fnt
|faint|p1a: Charizard
|
|-weather|SunnyDay|[upkeep]
|-heal|p1b: Toxapex|87/100|[from] item: Leftovers
|upkeep
|-message|raksbachtesting1 forfeited.
|raw|raksbachtesting1's rating: 1184 → 1165(-19 for losing)
|raw|cillianvgc's rating: 1263 → 1282(+19 for winning)
|
|win|cillianvgc
|l|☆cillianvgc
|player|p2|
|j|☆cillianvgc
|player|p2|cillianvgc|nate|
