|j|☆eutherians
|j|☆TrainerChrxs
|html|eutheriansTrainerChrxs    
|uhtml|bestof|Game 2 of a best-of-3
|t:|1756939298
|gametype|doubles
|player|p1|eutherians|ethan|1295
|player|p2|TrainerChrxs|psychic-gen4|1302
|gen|9
|tier|[Gen 9] VGC 2025 Reg H (Bo3)
|rated|
|rule|Species Clause: Limit one of each Pokémon
|rule|Item Clause: Limit 1 of each item
|clearpoke
|poke|p1|Archaludon, L50, F|
|poke|p1|Pelipper, L50, F|
|poke|p1|Blastoise, L50, M|
|poke|p1|Dragonite, L50, M|
|poke|p1|Sneasler, L50, M|
|poke|p1|Indeedee-F, L50, F|
|poke|p2|Ninetales-Alola, L50, M|
|poke|p2|Baxcalibur, L50, M|
|poke|p2|Rillaboom, L50, F|
|poke|p2|Electabuzz, L50, F|
|poke|p2|Tauros-Paldea-Blaze, L50, M|
|poke|p2|Gholdengo, L50|
|teampreview|4
|showteam|p1|Archaludon||AssaultVest|Stamina|BodyPress,ElectroShot,DragonPulse,FlashCannon|||F|||50|,,,,,Bug]Pelipper||ChoiceScarf|Drizzle|Hurricane,MuddyWater,Tailwind,HelpingHand|||F|||50|,,,,,Ghost]Blastoise||SplashPlate|Torrent|WaterSpout,WaterPledge,ShellSmash,Protect|||M|||50|,,,,,Water]Dragonite||LoadedDice|Multiscale|ScaleShot,StompingTantrum,Haze,Protect|||M|||50|,,,,,Steel]Sneasler||PsychicSeed|Unburden|DireClaw,CloseCombat,ThroatChop,Protect|||M|||50|,,,,,Dark]Indeedee-F||SafetyGoggles|PsychicSurge|Psychic,Protect,HelpingHand,FollowMe|||F|||50|,,,,,Fairy
|showteam|p2|Ninetales-Alola||LightClay|SnowWarning|Protect,FreezeDry,Moonblast,AuroraVeil|||M|||50|,,,,,Water]Baxcalibur||LoadedDice|IceBody|Protect,GlaiveRush,IcicleSpear,SwordsDance|||M|||50|,,,,,Fire]Rillaboom||AssaultVest|GrassySurge|FakeOut,WoodHammer,GrassyGlide,Uturn|||F|||50|,,,,,Fire]Electabuzz||Eviolite|VitalSpirit|Protect,FollowMe,VoltSwitch,Electroweb|||F|||50|,,,,,Dragon]Tauros-Paldea-Blaze||ClearAmulet|Intimidate|Protect,RagingBull,CloseCombat,WillOWisp|||M|||50|,,,,,Ghost]Gholdengo||Leftovers|GoodasGold|Protect,MakeItRain,ShadowBall,NastyPlot||||||50|,,,,,Water
|
|t:|1756939326
|teamsize|p1|4
|teamsize|p2|4
|start
|switch|p1a: Sneasler|Sneasler, L50, M|100/100
|switch|p1b: Pelipper|Pelipper, L50, F|100/100
|switch|p2a: Rillaboom|Rillaboom, L50, F|100/100
|switch|p2b: Baxcalibur|Baxcalibur, L50, M|100/100
|-weather|RainDance|[from] ability: Drizzle|[of] p1b: Pelipper
|-fieldstart|move: Grassy Terrain|[from] ability: Grassy Surge|[of] p2a: Rillaboom
|turn|1
|
|t:|1756939341
|switch|p1b: Indeedee|Indeedee-F, L50, F|100/100
|-fieldstart|move: Psychic Terrain|[from] ability: Psychic Surge|[of] p1b: Indeedee
|-enditem|p1a: Sneasler|Psychic Seed
|-boost|p1a: Sneasler|spd|1|[from] item: Psychic Seed
|switch|p2a: Ninetales|Ninetales-Alola, L50, M|100/100
|-weather|Snowscape|[from] ability: Snow Warning|[of] p2a: Ninetales
|move|p1a: Sneasler|Close Combat|p2b: Baxcalibur
|-supereffective|p2b: Baxcalibur
|-damage|p2b: Baxcalibur|11/100
|-unboost|p1a: Sneasler|def|1
|-unboost|p1a: Sneasler|spd|1
|move|p2b: Baxcalibur|Icicle Spear|p1a: Sneasler
|-damage|p1a: Sneasler|57/100
|-damage|p1a: Sneasler|17/100
|-damage|p1a: Sneasler|0 fnt
|faint|p1a: Sneasler
|-hitcount|p1: Sneasler|3
|
|-weather|Snowscape|[upkeep]
|-heal|p2b: Baxcalibur|17/100|[from] ability: Ice Body
|upkeep
|
|t:|1756939359
|switch|p1a: Archaludon|Archaludon, L50, F|100/100
|turn|2
|
|t:|1756939375
|switch|p2b: Rillaboom|Rillaboom, L50, F|100/100
|-fieldstart|move: Grassy Terrain|[from] ability: Grassy Surge|[of] p2b: Rillaboom
|switch|p1b: Pelipper|Pelipper, L50, F|100/100
|-weather|RainDance|[from] ability: Drizzle|[of] p1b: Pelipper
|move|p2a: Ninetales|Freeze-Dry|p1b: Pelipper
|-supereffective|p1b: Pelipper
|-damage|p1b: Pelipper|0 fnt
|faint|p1b: Pelipper
|move|p1a: Archaludon|Electro Shot||[still]
|-prepare|p1a: Archaludon|Electro Shot
|-boost|p1a: Archaludon|spa|1
|-anim|p1a: Archaludon|Electro Shot|p2b: Rillaboom
|-resisted|p2b: Rillaboom
|-damage|p2b: Rillaboom|79/100
|
|-weather|RainDance|[upkeep]
|-heal|p2b: Rillaboom|85/100|[from] Grassy Terrain
|upkeep
|
|t:|1756939382
|switch|p1b: Indeedee|Indeedee-F, L50, F|100/100
|-fieldstart|move: Psychic Terrain|[from] ability: Psychic Surge|[of] p1b: Indeedee
|turn|3
|
|t:|1756939415
|switch|p2a: Baxcalibur|Baxcalibur, L50, M|17/100
|move|p1b: Indeedee|Helping Hand|p1a: Archaludon
|-singleturn|p1a: Archaludon|Helping Hand|[of] p1b: Indeedee
|move|p1a: Archaludon|Electro Shot||[still]
|-prepare|p1a: Archaludon|Electro Shot
|-boost|p1a: Archaludon|spa|1
|-anim|p1a: Archaludon|Electro Shot|p2a: Baxcalibur
|-resisted|p2a: Baxcalibur
|-damage|p2a: Baxcalibur|0 fnt
|faint|p2a: Baxcalibur
|move|p2b: Rillaboom|U-turn|p1b: Indeedee
|-supereffective|p1b: Indeedee
|-damage|p1b: Indeedee|58/100
|inactive|Battle timer is ON: inactive players will automatically lose when time's up. (requested by eutherians)
|
|t:|1756939441
|switch|p2b: Ninetales|Ninetales-Alola, L50, M|100/100|[from] U-turn
|-weather|Snowscape|[from] ability: Snow Warning|[of] p2b: Ninetales
|
|-weather|Snowscape|[upkeep]
|upkeep
|inactiveoff|Battle timer is now OFF.
|
|t:|1756939447
|switch|p2a: Rillaboom|Rillaboom, L50, F|85/100
|-fieldstart|move: Grassy Terrain|[from] ability: Grassy Surge|[of] p2a: Rillaboom
|turn|4
|
|t:|1756939462
|move|p1b: Indeedee|Protect|p1b: Indeedee
|-singleturn|p1b: Indeedee|Protect
|move|p2b: Ninetales|Aurora Veil|p2b: Ninetales
|-sidestart|p2: TrainerChrxs|move: Aurora Veil
|move|p1a: Archaludon|Flash Cannon|p2b: Ninetales
|-supereffective|p2b: Ninetales
|-damage|p2b: Ninetales|0 fnt
|faint|p2b: Ninetales
|move|p2a: Rillaboom|Wood Hammer|p1b: Indeedee
|-activate|p1b: Indeedee|move: Protect
|
|-weather|Snowscape|[upkeep]
|-heal|p1b: Indeedee|64/100|[from] Grassy Terrain
|-heal|p2a: Rillaboom|90/100|[from] Grassy Terrain
|upkeep
|
|t:|1756939468
|switch|p2b: Tauros|Tauros-Paldea-Blaze, L50, M|100/100
|-ability|p2b: Tauros|Intimidate|boost
|-unboost|p1a: Archaludon|atk|1
|-unboost|p1b: Indeedee|atk|1
|turn|5
|
|t:|1756939481
|-terastallize|p1a: Archaludon|Bug
|move|p1b: Indeedee|Helping Hand|p1a: Archaludon
|-singleturn|p1a: Archaludon|Helping Hand|[of] p1b: Indeedee
|move|p2b: Tauros|Protect|p2b: Tauros
|-singleturn|p2b: Tauros|Protect
|move|p1a: Archaludon|Dragon Pulse|p2b: Tauros
|-activate|p2b: Tauros|move: Protect
|move|p2a: Rillaboom|Wood Hammer|p1b: Indeedee
|-damage|p1b: Indeedee|0 fnt
|faint|p1b: Indeedee
|-damage|p2a: Rillaboom|72/100|[from] Recoil
|
|-weather|Snowscape|[upkeep]
|-heal|p2a: Rillaboom|78/100|[from] Grassy Terrain
|upkeep
|turn|6
|inactive|Battle timer is ON: inactive players will automatically lose when time's up. (requested by eutherians)
|
|t:|1756939541
|-terastallize|p2b: Tauros|Ghost
|move|p2b: Tauros|Raging Bull|p1a: Archaludon
|-supereffective|p1a: Archaludon
|-damage|p1a: Archaludon|45/100
|-ability|p1a: Archaludon|Stamina|boost
|-boost|p1a: Archaludon|def|1
|move|p1a: Archaludon|Dragon Pulse|p2b: Tauros
|-damage|p2b: Tauros|17/100
|move|p2a: Rillaboom|Wood Hammer|p1a: Archaludon
|-resisted|p1a: Archaludon
|-crit|p1a: Archaludon
|-damage|p1a: Archaludon|6/100
|-ability|p1a: Archaludon|Stamina|boost
|-boost|p1a: Archaludon|def|1
|-damage|p2a: Rillaboom|66/100|[from] Recoil
|
|-weather|Snowscape|[upkeep]
|-heal|p2b: Tauros|23/100|[from] Grassy Terrain
|-heal|p1a: Archaludon|12/100|[from] Grassy Terrain
|-heal|p2a: Rillaboom|72/100|[from] Grassy Terrain
|upkeep
|turn|7
|
|t:|1756939556
|move|p2b: Tauros|Raging Bull|p1a: Archaludon
|-supereffective|p1a: Archaludon
|-damage|p1a: Archaludon|0 fnt
|faint|p1a: Archaludon
|
|win|TrainerChrxs
|raw|eutherians's rating: 1295 → 1271(-24 for losing)
|raw|TrainerChrxs's rating: 1302 → 1322(+20 for winning)
