|j|☆DanielSantosgg
|j|☆Plopy14
|html|DanielSantosggPlopy14    
|uhtml|bestof|Game 1 of a best-of-3
|t:|1783129180
|gametype|doubles
|player|p1|DanielSantosgg|skier|1074
|player|p2|Plopy14|bugcatcher|1079
|gen|9
|tier|[Gen 9 Champions] VGC 2026 Reg M-B (Bo3)
|rated|
|rule|Species Clause: Limit one of each Pokémon
|rule|Item Clause: Limit 1 of each item
|clearpoke
|poke|p1|Blastoise, L50, F|
|poke|p1|Incineroar, L50, M|
|poke|p1|Kingambit, L50, M|
|poke|p1|Sneasler, L50, F|
|poke|p1|Delphox, L50, F|
|poke|p1|Sinistcha-Masterpiece, L50|
|poke|p2|Kingambit, L50, F|
|poke|p2|Sneasler, L50, F|
|poke|p2|Sinistcha, L50|
|poke|p2|Floette-Eternal, L50, F|
|poke|p2|Delphox, L50, M|
|poke|p2|Incineroar, L50, M|
|teampreview|4
|showteam|p1|Blastoise||Blastoisinite|Torrent|WaterSpout,ShellSmash,DarkPulse,Protect|Modest||F|||50|]Incineroar||SitrusBerry|Intimidate|FlareBlitz,PartingShot,HelpingHand,FakeOut|Impish||M|||50|]Kingambit||BlackGlasses|Defiant|Protect,SwordsDance,KowtowCleave,SuckerPunch|Adamant||M|||50|]Sneasler||FocusSash|PoisonTouch|DireClaw,CloseCombat,FakeOut,Protect|Jolly||F|||50|]Delphox||Delphoxite|Blaze|NastyPlot,HeatWave,Psyshock,Protect|Timid||F|||50|]Sinistcha-Masterpiece||OccaBerry|Hospitality|Protect,RagePowder,TrickRoom,MatchaGotcha|Bold|||||50|
|showteam|p2|Kingambit||BlackGlasses|Defiant|KowtowCleave,SuckerPunch,SwordsDance,Protect|Adamant||F|||50|]Sneasler||FocusSash|PoisonTouch|FakeOut,PoisonJab,CloseCombat,QuickGuard|Jolly||F|||50|]Sinistcha||OccaBerry|Hospitality|MatchaGotcha,RagePowder,TrickRoom,Protect|Bold|||||50|]Floette-Eternal||Floettite|FlowerVeil|DazzlingGleam,Moonblast,CalmMind,Protect|Modest||F|||50|]Delphox||Delphoxite|Blaze|HeatWave,Psyshock,NastyPlot,Protect|Timid||M|||50|]Incineroar||SitrusBerry|Intimidate|FakeOut,FlareBlitz,HelpingHand,PartingShot|Careful||M|||50|
|inactive|Battle timer is ON: inactive players will automatically lose when time's up. (requested by DanielSantosgg)
|
|t:|1783129218
|teamsize|p1|4
|teamsize|p2|4
|start
|switch|p1a: Blastoise|Blastoise, L50, F|100/100
|switch|p1b: Sneasler|Sneasler, L50, F|100/100
|switch|p2a: Floette|Floette-Eternal, L50, F|100/100
|switch|p2b: Incineroar|Incineroar, L50, M|100/100
|-ability|p2b: Incineroar|Intimidate|boost
|-unboost|p1a: Blastoise|atk|1
|-unboost|p1b: Sneasler|atk|1
|turn|1
|inactive|DanielSantosgg has 30 seconds left.
|inactive|Plopy14 has 30 seconds left.
|inactive|Plopy14 has 20 seconds left.
|
|t:|1783129254
|detailschange|p2a: Floette|Floette-Mega, L50, F
|-mega|p2a: Floette|Floette|Floettite
|-ability|p2a: Floette|Fairy Aura
|detailschange|p1a: Blastoise|Blastoise-Mega, L50, F
|-mega|p1a: Blastoise|Blastoise|Blastoisinite
|move|p1b: Sneasler|Fake Out|p2a: Floette
|-damage|p2a: Floette|90/100
|cant|p2a: Floette|flinch
|move|p1a: Blastoise|Shell Smash|p1a: Blastoise
|-unboost|p1a: Blastoise|def|1
|-unboost|p1a: Blastoise|spd|1
|-boost|p1a: Blastoise|atk|2
|-boost|p1a: Blastoise|spa|2
|-boost|p1a: Blastoise|spe|2
|move|p2b: Incineroar|Parting Shot|p1a: Blastoise
|-unboost|p1a: Blastoise|atk|1
|-unboost|p1a: Blastoise|spa|1
|
|t:|1783129266
|switch|p2b: Sinistcha|Sinistcha, L50|100/100|[from] Parting Shot
|-heal|p2a: Floette|100/100|[from] ability: Hospitality|[of] p2b: Sinistcha
|
|upkeep
|turn|2
|inactive|DanielSantosgg has 30 seconds left.
|inactive|DanielSantosgg has 20 seconds left.
|inactive|DanielSantosgg has 15 seconds left.
|
|t:|1783129307
|switch|p1b: Incineroar|Incineroar, L50, M|100/100
|-ability|p1b: Incineroar|Intimidate|boost
|-unboost|p2a: Floette|atk|1
|-unboost|p2b: Sinistcha|atk|1
|switch|p2b: Incineroar|Incineroar, L50, M|100/100
|-ability|p2b: Incineroar|Intimidate|boost
|-unboost|p1a: Blastoise|atk|1
|-unboost|p1b: Incineroar|atk|1
|move|p1a: Blastoise|Protect|p1a: Blastoise
|-singleturn|p1a: Blastoise|Protect
|move|p2a: Floette|Dazzling Gleam|p1a: Blastoise|[spread] p1b
|-activate|p1a: Blastoise|move: Protect
|-damage|p1b: Incineroar|57/100
|
|upkeep
|turn|3
|
|t:|1783129330
|move|p1b: Incineroar|Helping Hand|p1a: Blastoise
|-singleturn|p1a: Blastoise|Helping Hand|[of] p1b: Incineroar
|move|p2b: Incineroar|Fake Out|p1a: Blastoise
|-damage|p1a: Blastoise|84/100
|cant|p1a: Blastoise|flinch
|move|p2a: Floette|Dazzling Gleam|p1a: Blastoise|[spread] p1a,p1b
|-damage|p1a: Blastoise|17/100
|-damage|p1b: Incineroar|11/100
|-enditem|p1b: Incineroar|Sitrus Berry|[eat]
|-heal|p1b: Incineroar|36/100|[from] item: Sitrus Berry
|
|upkeep
|turn|4
|inactive|Plopy14 has 30 seconds left.
|
|t:|1783129356
|switch|p1b: Sinistcha|Sinistcha-Masterpiece, L50|100/100
|-heal|p1a: Blastoise|42/100|[from] ability: Hospitality|[of] p1b: Sinistcha
|switch|p2b: Sneasler|Sneasler, L50, F|100/100
|move|p1a: Blastoise|Protect|p1a: Blastoise
|-singleturn|p1a: Blastoise|Protect
|move|p2a: Floette|Dazzling Gleam|p1b: Sinistcha|[spread] p1b
|-activate|p1a: Blastoise|move: Protect
|-damage|p1b: Sinistcha|57/100
|
|upkeep
|turn|5
|inactive|DanielSantosgg has 30 seconds left.
|inactive|DanielSantosgg has 20 seconds left.
|inactive|Plopy14 has 30 seconds left.
|
|t:|1783129395
|switch|p1b: Sneasler|Sneasler, L50, F|100/100
|move|p1a: Blastoise|Protect||[still]
|-fail|p1a: Blastoise
|move|p2b: Sneasler|Fake Out|p1a: Blastoise
|-damage|p1a: Blastoise|21/100
|move|p2a: Floette|Dazzling Gleam|p1b: Sneasler|[spread] p1a,p1b
|-crit|p1a: Blastoise
|-damage|p1a: Blastoise|0 fnt
|-damage|p1b: Sneasler|45/100
|faint|p1a: Blastoise
|
|upkeep
|
|t:|1783129409
|switch|p1a: Incineroar|Incineroar, L50, M|36/100
|-ability|p1a: Incineroar|Intimidate|boost
|-unboost|p2a: Floette|atk|1
|-unboost|p2b: Sneasler|atk|1
|turn|6
|
|t:|1783129418
|switch|p2a: Incineroar|Incineroar, L50, M|100/100
|-ability|p2a: Incineroar|Intimidate|boost
|-unboost|p1a: Incineroar|atk|1
|-unboost|p1b: Sneasler|atk|1
|move|p1a: Incineroar|Helping Hand|p1b: Sneasler
|-singleturn|p1b: Sneasler|Helping Hand|[of] p1a: Incineroar
|move|p2b: Sneasler|Close Combat|p1a: Incineroar
|-supereffective|p1a: Incineroar|1
|-damage|p1a: Incineroar|0 fnt
|-unboost|p2b: Sneasler|def|1
|-unboost|p2b: Sneasler|spd|1
|faint|p1a: Incineroar
|move|p1b: Sneasler|Dire Claw|p2a: Incineroar
|-damage|p2a: Incineroar|64/100
|
|upkeep
|
|t:|1783129433
|switch|p1a: Sinistcha|Sinistcha-Masterpiece, L50|57/100
|-heal|p1b: Sneasler|70/100|[from] ability: Hospitality|[of] p1a: Sinistcha
|turn|7
|
|t:|1783129443
|switch|p2b: Sinistcha|Sinistcha, L50|100/100
|-heal|p2a: Incineroar|89/100|[from] ability: Hospitality|[of] p2b: Sinistcha
|move|p1a: Sinistcha|Rage Powder|p1a: Sinistcha
|-singleturn|p1a: Sinistcha|move: Rage Powder
|move|p1b: Sneasler|Close Combat|p2a: Incineroar
|-supereffective|p2a: Incineroar|1
|-damage|p2a: Incineroar|22/100
|-unboost|p1b: Sneasler|def|1
|-unboost|p1b: Sneasler|spd|1
|-enditem|p2a: Incineroar|Sitrus Berry|[eat]
|-heal|p2a: Incineroar|47/100|[from] item: Sitrus Berry
|move|p2a: Incineroar|Flare Blitz|p1a: Sinistcha
|-supereffective|p1a: Sinistcha|1
|-enditem|p1a: Sinistcha|Occa Berry|[eat]
|-enditem|p1a: Sinistcha|Occa Berry|[weaken]
|-damage|p1a: Sinistcha|21/100
|-damage|p2a: Incineroar|37/100|[from] Recoil
|
|upkeep
|turn|8
|
|t:|1783129464
|move|p1b: Sneasler|Protect|p1b: Sneasler
|-singleturn|p1b: Sneasler|Protect
|move|p1a: Sinistcha|Protect|p1a: Sinistcha
|-singleturn|p1a: Sinistcha|Protect
|move|p2b: Sinistcha|Rage Powder|p2b: Sinistcha
|-singleturn|p2b: Sinistcha|move: Rage Powder
|move|p2a: Incineroar|Flare Blitz|p1b: Sneasler
|-activate|p1b: Sneasler|move: Protect
|
|upkeep
|turn|9
|
|t:|1783129488
|move|p2b: Sinistcha|Rage Powder|p2b: Sinistcha
|-singleturn|p2b: Sinistcha|move: Rage Powder
|move|p1b: Sneasler|Dire Claw|p2b: Sinistcha
|-damage|p2b: Sinistcha|75/100
|move|p2a: Incineroar|Flare Blitz|p1b: Sneasler
|-damage|p1b: Sneasler|0 fnt
|faint|p1b: Sneasler
|-damage|p2a: Incineroar|18/100|[from] Recoil
|move|p1a: Sinistcha|Matcha Gotcha|p2b: Sinistcha|[spread] p2a,p2b
|-resisted|p2a: Incineroar|1
|-resisted|p2b: Sinistcha|1
|-damage|p2a: Incineroar|8/100
|-heal|p1a: Sinistcha|27/100|[from] drain|[of] p2a: Incineroar
|-damage|p2b: Sinistcha|63/100
|-heal|p1a: Sinistcha|33/100|[from] drain|[of] p2b: Sinistcha
|
|upkeep
|turn|10
|-message|DanielSantosgg forfeited.
|
|win|Plopy14
