|j|☆newcastle mets
|j|☆HohnWolf
|html|newcastle metsHohnWolf    
|uhtml|bestof|Game 3 of a best-of-3
|t:|1786089279
|gametype|doubles
|player|p1|newcastle mets|pilot|
|player|p2|HohnWolf|102|
|gen|9
|tier|[Gen 9 Champions] VGC 2026 Reg M-B (Bo3)
|rule|Species Clause: Limit one of each Pokémon
|rule|Item Clause: Limit 1 of each item
|clearpoke
|poke|p1|Grimmsnarl, L50, M|
|poke|p1|Swampert, L50, F|
|poke|p1|Pelipper, L50, M|
|poke|p1|Archaludon, L50, M|
|poke|p1|Venusaur, L50, M|
|poke|p1|Basculegion, L50, M|
|poke|p2|Meganium, L50, F|
|poke|p2|Aerodactyl, L50, M|
|poke|p2|Tauros-Paldea-Aqua, L50, M|
|poke|p2|Kangaskhan, L50, F|
|poke|p2|Tyranitar, L50, M|
|poke|p2|Typhlosion-Hisui, L50, F|
|teampreview|4
|showteam|p1|Grimmsnarl||LightClay|Prankster|SpiritBreak,Reflect,LightScreen,PartingShot|Careful||M|||50|]Swampert||Swampertite|Torrent|WaveCrash,Earthquake,IcePunch,Protect|Adamant||F|||50|]Pelipper||SitrusBerry|Drizzle|WeatherBall,Hurricane,Tailwind,WideGuard|Bold||M|||50|]Archaludon||Leftovers|Stamina|ElectroShot,DragonPulse,FlashCannon,Protect|Modest||M|||50|]Venusaur||Venusaurite|Chlorophyll|SludgeBomb,GigaDrain,EarthPower,Protect|Modest||M|||50|]Basculegion||ChoiceScarf|Adaptability|WaveCrash,LastRespects,AquaJet,FlipTurn|Jolly||M|||50|
|showteam|p2|Meganium||Meganiumite|LeafGuard|Protect,DazzlingGleam,SolarBeam,WeatherBall|Modest||F|||50|]Aerodactyl||FocusSash|Unnerve|Tailwind,DualWingbeat,RockSlide,Protect|Jolly||M|||50|]Tauros-Paldea-Aqua||LifeOrb|Intimidate|AquaJet,CloseCombat,WaveCrash,Protect|Jolly||M|||50|]Kangaskhan||Kangaskhanite|InnerFocus|FakeOut,DoubleEdge,SuckerPunch,LowKick|Adamant||F|||50|]Tyranitar||Leftovers|SandStream|RockSlide,Protect,KnockOff,LowKick|Adamant||M|||50|]Typhlosion-Hisui||ChoiceScarf|Frisk|Eruption,ShadowBall,HeatWave,FocusBlast|Modest||F|||50|
|
|t:|1786089308
|teamsize|p1|4
|teamsize|p2|4
|start
|switch|p1a: Pelipper|Pelipper, L50, M|100/100
|switch|p1b: Swampert|Swampert, L50, F|100/100
|switch|p2a: Meganium|Meganium, L50, F|100/100
|switch|p2b: Typhlosion|Typhlosion-Hisui, L50, F|100/100
|-item|p1a: Pelipper|Sitrus Berry|[from] ability: Frisk|[of] p2b: Typhlosion
|-item|p1b: Swampert|Swampertite|[from] ability: Frisk|[of] p2b: Typhlosion
|-weather|RainDance|[from] ability: Drizzle|[of] p1a: Pelipper
|turn|1
|
|t:|1786089335
|switch|p2b: Tyranitar|Tyranitar, L50, M|100/100
|-weather|Sandstorm|[from] ability: Sand Stream|[of] p2b: Tyranitar
|detailschange|p1b: Swampert|Swampert-Mega, L50, F
|-mega|p1b: Swampert|Swampert|Swampertite
|detailschange|p2a: Meganium|Meganium-Mega, L50, F
|-mega|p2a: Meganium|Meganium|Meganiumite
|move|p1b: Swampert|Protect|p1b: Swampert
|-singleturn|p1b: Swampert|Protect
|move|p1a: Pelipper|Hurricane|p2a: Meganium
|-supereffective|p2a: Meganium|1
|-damage|p2a: Meganium|42/100
|move|p2a: Meganium|Solar Beam||[still]
|-prepare|p2a: Meganium|Solar Beam
|-activate|p2a: Meganium|ability: Mega Sol
|-anim|p2a: Meganium|Solar Beam|p1b: Swampert
|-activate|p1b: Swampert|move: Protect
|
|-weather|Sandstorm|[upkeep]
|-damage|p1a: Pelipper|94/100|[from] Sandstorm
|-damage|p2a: Meganium|36/100|[from] Sandstorm
|upkeep
|turn|2
|
|t:|1786089371
|switch|p1b: Archaludon|Archaludon, L50, M|100/100
|move|p1a: Pelipper|Hurricane|p2a: Meganium
|-supereffective|p2a: Meganium|1
|-damage|p2a: Meganium|0 fnt
|faint|p2a: Meganium
|move|p2b: Tyranitar|Rock Slide|p1b: Archaludon|[spread] p1a,p1b
|-supereffective|p1a: Pelipper|1
|-resisted|p1b: Archaludon|1
|-damage|p1a: Pelipper|32/100
|-damage|p1b: Archaludon|87/100
|-ability|p1b: Archaludon|Stamina|boost
|-boost|p1b: Archaludon|def|1
|-enditem|p1a: Pelipper|Sitrus Berry|[eat]
|-heal|p1a: Pelipper|57/100|[from] item: Sitrus Berry
|
|-weather|Sandstorm|[upkeep]
|-damage|p1a: Pelipper|51/100|[from] Sandstorm
|-heal|p1b: Archaludon|93/100|[from] item: Leftovers
|upkeep
|
|t:|1786089382
|switch|p2a: Typhlosion|Typhlosion-Hisui, L50, F|100/100
|-item|p1b: Archaludon|Leftovers|[from] ability: Frisk|[of] p2a: Typhlosion
|turn|3
|
|t:|1786089406
|switch|p1a: Basculegion|Basculegion, L50, M|100/100
|move|p1b: Archaludon|Protect|p1b: Archaludon
|-singleturn|p1b: Archaludon|Protect
|move|p2a: Typhlosion|Focus Blast|p1b: Archaludon
|-activate|p1b: Archaludon|move: Protect
|move|p2b: Tyranitar|Rock Slide|p1b: Archaludon|[spread] p1a
|-activate|p1b: Archaludon|move: Protect
|-damage|p1a: Basculegion|62/100
|
|-weather|Sandstorm|[upkeep]
|-damage|p2a: Typhlosion|94/100|[from] Sandstorm
|-damage|p1a: Basculegion|56/100|[from] Sandstorm
|-heal|p1b: Archaludon|100/100|[from] item: Leftovers
|upkeep
|turn|4
|
|t:|1786089425
|switch|p2a: Tauros|Tauros-Paldea-Aqua, L50, M|100/100
|-ability|p2a: Tauros|Intimidate|boost
|-unboost|p1a: Basculegion|atk|1
|-unboost|p1b: Archaludon|atk|1
|switch|p1a: Pelipper|Pelipper, L50, M|51/100
|-weather|RainDance|[from] ability: Drizzle|[of] p1a: Pelipper
|switch|p1b: Swampert|Swampert-Mega, L50, F|100/100
|move|p2b: Tyranitar|Knock Off|p1a: Pelipper
|-damage|p1a: Pelipper|18/100
|
|-weather|RainDance|[upkeep]
|upkeep
|turn|5
|
|t:|1786089461
|switch|p1a: Archaludon|Archaludon, L50, M|100/100
|move|p2b: Tyranitar|Protect|p2b: Tyranitar
|-singleturn|p2b: Tyranitar|Protect
|move|p2a: Tauros|Aqua Jet|p1a: Archaludon
|-resisted|p1a: Archaludon|1
|-damage|p1a: Archaludon|87/100
|-ability|p1a: Archaludon|Stamina|boost
|-boost|p1a: Archaludon|def|1
|-damage|p2a: Tauros|90/100|[from] item: Life Orb
|move|p1b: Swampert|Wave Crash|p2b: Tyranitar
|-activate|p2b: Tyranitar|move: Protect
|
|-weather|RainDance|[upkeep]
|-heal|p1a: Archaludon|93/100|[from] item: Leftovers
|upkeep
|turn|6
|
|t:|1786089510
|move|p1b: Swampert|Wave Crash|p2b: Tyranitar
|-supereffective|p2b: Tyranitar|1
|-damage|p2b: Tyranitar|0 fnt
|faint|p2b: Tyranitar
|-damage|p1b: Swampert|61/100|[from] Recoil
|move|p2a: Tauros|Close Combat|p1a: Archaludon
|-supereffective|p1a: Archaludon|1
|-damage|p1a: Archaludon|25/100
|-unboost|p2a: Tauros|def|1
|-unboost|p2a: Tauros|spd|1
|-ability|p1a: Archaludon|Stamina|boost
|-boost|p1a: Archaludon|def|1
|-damage|p2a: Tauros|80/100|[from] item: Life Orb
|move|p1a: Archaludon|Electro Shot||[still]
|-prepare|p1a: Archaludon|Electro Shot
|-boost|p1a: Archaludon|spa|1
|-anim|p1a: Archaludon|Electro Shot|p2a: Tauros
|-supereffective|p2a: Tauros|1
|-damage|p2a: Tauros|0 fnt
|faint|p2a: Tauros
|
|-weather|RainDance|[upkeep]
|-heal|p1a: Archaludon|31/100|[from] item: Leftovers
|upkeep
|
|t:|1786089522
|switch|p2a: Typhlosion|Typhlosion-Hisui, L50, F|94/100
|-item|p1a: Archaludon|Leftovers|[from] ability: Frisk|[of] p2a: Typhlosion
|-item|p1b: Swampert|Swampertite|[from] ability: Frisk|[of] p2a: Typhlosion
|turn|7
|
|t:|1786089539
|move|p1b: Swampert|Wave Crash|p2a: Typhlosion
|-supereffective|p2a: Typhlosion|1
|-damage|p2a: Typhlosion|0 fnt
|faint|p2a: Typhlosion
|-damage|p1b: Swampert|35/100|[from] Recoil
|
|win|newcastle mets
