|j|☆M9RBLEST6R
|j|☆im rune not rine
|html|M9RBLEST6Rim rune not rine    
|uhtml|bestof|Game 3 of a best-of-3
|t:|1783367682
|gametype|doubles
|player|p1|M9RBLEST6R|hilda-wonderlauncher|
|player|p2|im rune not rine|2|
|gen|9
|tier|[Gen 9 Champions] VGC 2026 Reg M-B (Bo3)
|rule|Species Clause: Limit one of each Pokémon
|rule|Item Clause: Limit 1 of each item
|clearpoke
|poke|p1|Zoroark-Hisui, L50, M, shiny|
|poke|p1|Klefki, L50, M|
|poke|p1|Scizor, L50, F|
|poke|p1|Milotic, L50, M|
|poke|p1|Roserade, L50, F, shiny|
|poke|p1|Incineroar, L50, F|
|poke|p2|Pelipper, L50, M|
|poke|p2|Azumarill, L50, M, shiny|
|poke|p2|Archaludon, L50, F, shiny|
|poke|p2|Dragonite, L50, F|
|poke|p2|Raichu, L50, F|
|poke|p2|Incineroar, L50, F|
|teampreview|4
|showteam|p1|Zoroark-Hisui||FocusSash|Illusion|IcyWind,PhantomForce,BitterMalice,ShadowBall|Hasty||M|||50|]Klefki||LightClay|Prankster|LightScreen,PlayRough,Protect,Reflect|Brave||M|||50|]Scizor||Scizorite|Technician|AerialAce,Uturn,KnockOff,BulletPunch|Adamant||F|||50|]Milotic||Leftovers|Competitive|IcyWind,HydroPump,AlluringVoice,Recover|Modest||M|||50|]Roserade||BrightPowder|NaturalCure|StunSpore,SludgeBomb,PetalDance,Protect|Modest||F|||50|]Incineroar||BlackGlasses|Intimidate|BulkUp,DarkestLariat,FakeOut,FlareBlitz|Adamant||F|||50|
|showteam|p2|Pelipper||DampRock|Drizzle|Hurricane,Uturn,RainDance,Tailwind|Bold||M|||50|]Azumarill||LifeOrb|HugePower|AquaJet,PlayRough,Encore,IceSpinner|Adamant||M|||50|]Archaludon||QuickClaw|Stamina|AuraSphere,DracoMeteor,ElectroShot,Protect|Timid||F|||50|]Dragonite||Dragoninite|Multiscale|DracoMeteor,ExtremeSpeed,IceBeam,WeatherBall|Quiet||F|||50|]Raichu||RaichuniteY|LightningRod|Encore,FakeOut,ZapCannon,FocusBlast|Modest||F|||50|]Incineroar||Leftovers|Intimidate|CloseCombat,DarkestLariat,FakeOut,PartingShot|Impish||F|||50|
|
|t:|1783367699
|teamsize|p1|4
|teamsize|p2|4
|start
|switch|p1a: Milotic|Milotic, L50, M|100/100
|switch|p1b: Whiskers|Incineroar, L50, F|100/100
|switch|p2a: plskeeprain|Pelipper, L50, M|100/100
|switch|p2b: BascuIegion|Raichu, L50, F|100/100
|-ability|p1b: Whiskers|Intimidate|boost
|-unboost|p2a: plskeeprain|atk|1
|-unboost|p2b: BascuIegion|atk|1
|-weather|RainDance|[from] ability: Drizzle|[of] p2a: plskeeprain
|turn|1
|
|t:|1783367721
|move|p2b: BascuIegion|Fake Out|p1a: Milotic
|-damage|p1a: Milotic|95/100
|move|p1b: Whiskers|Fake Out|p2a: plskeeprain
|-damage|p2a: plskeeprain|88/100
|cant|p1a: Milotic|flinch
|cant|p2a: plskeeprain|flinch
|
|-weather|RainDance|[upkeep]
|-heal|p1a: Milotic|100/100|[from] item: Leftovers
|upkeep
|turn|2
|
|t:|1783367742
|detailschange|p2b: BascuIegion|Raichu-Mega-Y, L50, F
|-mega|p2b: BascuIegion|Raichu|Raichunite Y
|move|p2b: BascuIegion|Encore|p1b: Whiskers
|-start|p1b: Whiskers|Encore
|move|p1b: Whiskers|Fake Out||[still]
|-hint|Fake Out only works on your first turn out.
|-fail|p1b: Whiskers
|move|p1a: Milotic|Icy Wind|p2a: plskeeprain|[spread] p2a,p2b
|-damage|p2a: plskeeprain|70/100
|-damage|p2b: BascuIegion|78/100
|-unboost|p2a: plskeeprain|spe|1
|-unboost|p2b: BascuIegion|spe|1
|move|p2a: plskeeprain|Tailwind|p2a: plskeeprain
|-sidestart|p2: im rune not rine|move: Tailwind
|
|-weather|RainDance|[upkeep]
|upkeep
|turn|3
|
|t:|1783367770
|move|p2b: BascuIegion|Zap Cannon|p1a: Milotic
|-supereffective|p1a: Milotic|1
|-damage|p1a: Milotic|0 fnt
|faint|p1a: Milotic
|move|p2a: plskeeprain|U-turn|p1b: Whiskers
|-damage|p1b: Whiskers|94/100
|
|t:|1783367777
|switch|p2a: BaxcaIibur|Archaludon, L50, F, shiny|100/100|[from] U-turn
|-activate|p1b: Whiskers|move: Struggle
|move|p1b: Whiskers|Struggle|p2b: BascuIegion
|-damage|p2b: BascuIegion|44/100
|-damage|p1b: Whiskers|69/100|[from] recoil
|
|-weather|RainDance|[upkeep]
|upkeep
|
|t:|1783367789
|switch|p1a: Bud-Bud|Roserade, L50, F, shiny|100/100
|turn|4
|
|t:|1783367802
|move|p2a: BaxcaIibur|Electro Shot||[still]
|-prepare|p2a: BaxcaIibur|Electro Shot
|-boost|p2a: BaxcaIibur|spa|1
|-anim|p2a: BaxcaIibur|Electro Shot|p1a: Bud-Bud
|-resisted|p1a: Bud-Bud|1
|-damage|p1a: Bud-Bud|57/100
|move|p2b: BascuIegion|Zap Cannon|p1b: Whiskers
|-damage|p1b: Whiskers|0 fnt
|faint|p1b: Whiskers
|move|p1a: Bud-Bud|Sludge Bomb|p2b: BascuIegion
|-damage|p2b: BascuIegion|0 fnt
|faint|p2b: BascuIegion
|
|-weather|RainDance|[upkeep]
|upkeep
|
|t:|1783367818
|switch|p2b: Magenton|Dragonite, L50, F|100/100
|switch|p1b: Scizor|Scizor, L50, F|100/100
|turn|5
|
|t:|1783367838
|detailschange|p1b: Scizor|Scizor-Mega, L50, F
|-mega|p1b: Scizor|Scizor|Scizorite
|move|p1b: Scizor|Bullet Punch|p2b: Magenton
|-damage|p2b: Magenton|81/100
|move|p2a: BaxcaIibur|Electro Shot||[still]
|-prepare|p2a: BaxcaIibur|Electro Shot
|-boost|p2a: BaxcaIibur|spa|1
|-anim|p2a: BaxcaIibur|Electro Shot|p1b: Scizor
|-damage|p1b: Scizor|5/100
|move|p2b: Magenton|Ice Beam|p1a: Bud-Bud
|-supereffective|p1a: Bud-Bud|1
|-damage|p1a: Bud-Bud|0 fnt
|faint|p1a: Bud-Bud
|
|-weather|RainDance|[upkeep]
|-sideend|p2: im rune not rine|move: Tailwind
|upkeep
|turn|6
|
|t:|1783367860
|move|p2a: BaxcaIibur|Aura Sphere|p1b: Scizor
|-damage|p1b: Scizor|0 fnt
|faint|p1b: Scizor
|
|win|im rune not rine
|c|☆im rune not rine|gg
