|j|☆benjitulio
|j|☆the_arki
|html|benjituliothe_arki    
|uhtml|bestof|Game 1 of a best-of-3
|t:|1783378967
|gametype|doubles
|player|p1|benjitulio|wattson|1105
|player|p2|the_arki|dawn|1062
|gen|9
|tier|[Gen 9 Champions] VGC 2026 Reg M-B (Bo3)
|rated|
|rule|Species Clause: Limit one of each Pokémon
|rule|Item Clause: Limit 1 of each item
|clearpoke
|poke|p1|Maushold-Four, L50|
|poke|p1|Incineroar, L50, F|
|poke|p1|Metagross, L50|
|poke|p1|Aerodactyl, L50, F|
|poke|p1|Primarina, L50, M|
|poke|p1|Sinistcha, L50|
|poke|p2|Blastoise, L50, M, shiny|
|poke|p2|Sneasler, L50, M, shiny|
|poke|p2|Staraptor, L50, F, shiny|
|poke|p2|Sinistcha, L50|
|poke|p2|Whimsicott, L50, M|
|poke|p2|Incineroar, L50, F|
|teampreview|4
|showteam|p1|Maushold-Four||FocusSash|FriendGuard|FollowMe,RainDance,PopulationBomb,SuperFang|Jolly|||||50|]Incineroar||ChopleBerry|Intimidate|FakeOut,FlareBlitz,PartingShot,DarkestLariat|Impish||F|||50|]Metagross||Metagrossite|ClearBody|IronHead,Protect,PsychicFangs,Earthquake|Adamant|||||50|]Aerodactyl||Aerodactylite|Unnerve|RockSlide,Protect,Tailwind,IceFang|Jolly||F|||50|]Primarina||ChoiceScarf|LiquidVoice|HyperVoice,HydroPump,IcyWind,Moonblast|Modest||M|||50|]Sinistcha||Leftovers|Hospitality|MatchaGotcha,LifeDew,ShadowBall,RagePowder|Calm|||||50|
|showteam|p2|Blastoise||Blastoisinite|RainDish|Protect,ShellSmash,DarkPulse,WaterSpout|Modest||M|||50|]Sneasler||LifeOrb|PoisonTouch|FakeOut,BrickBreak,DireClaw,Protect|Jolly||M|||50|]Staraptor||Staraptite|Intimidate|CloseCombat,BraveBird,Protect,Roost|Adamant||F|||50|]Sinistcha||SitrusBerry|Hospitality|MatchaGotcha,LifeDew,Protect,RagePowder|Relaxed|||||50|]Whimsicott||FocusSash|Prankster|Moonblast,Tailwind,Protect,Encore|Bold||M|||50|]Incineroar||PasshoBerry|Intimidate|FakeOut,PartingShot,FlareBlitz,HelpingHand|Adamant||F|||50|
|inactive|Battle timer is ON: inactive players will automatically lose when time's up. (requested by benjitulio)
|
|t:|1783378999
|teamsize|p1|4
|teamsize|p2|4
|start
|switch|p1a: Primarina|Primarina, L50, M|100/100
|switch|p1b: Sinistcha|Sinistcha, L50|100/100
|switch|p2a: Blastoise|Blastoise, L50, M, shiny|100/100
|switch|p2b: Incineroar|Incineroar, L50, F|100/100
|-ability|p2b: Incineroar|Intimidate|boost
|-unboost|p1a: Primarina|atk|1
|-unboost|p1b: Sinistcha|atk|1
|turn|1
|inactive|benjitulio has 30 seconds left.
|inactive|the_arki has 30 seconds left.
|inactive|benjitulio has 20 seconds left.
|inactive|benjitulio has 15 seconds left.
|inactive|benjitulio has 10 seconds left.
|
|t:|1783379046
|switch|p1a: Aerodactyl|Aerodactyl, L50, F|100/100
|-ability|p1a: Aerodactyl|Unnerve
|detailschange|p2a: Blastoise|Blastoise-Mega, L50, M, shiny
|-mega|p2a: Blastoise|Blastoise|Blastoisinite
|move|p2b: Incineroar|Fake Out|p1a: Aerodactyl
|-resisted|p1a: Aerodactyl|1
|-damage|p1a: Aerodactyl|89/100
|move|p2a: Blastoise|Dark Pulse|p1b: Sinistcha
|-supereffective|p1b: Sinistcha|1
|-damage|p1b: Sinistcha|20/100y
|cant|p1b: Sinistcha|flinch
|
|-heal|p1b: Sinistcha|26/100|[from] item: Leftovers
|upkeep
|turn|2
|inactive|the_arki has 30 seconds left.
|inactive|the_arki has 20 seconds left.
|inactive|the_arki has 15 seconds left.
|inactive|the_arki has 10 seconds left.
|
|t:|1783379095
|move|p2b: Incineroar|Helping Hand|p2a: Blastoise
|-singleturn|p2a: Blastoise|Helping Hand|[of] p2b: Incineroar
|move|p1a: Aerodactyl|Tailwind|p1a: Aerodactyl
|-sidestart|p1: benjitulio|move: Tailwind
|move|p1b: Sinistcha|Matcha Gotcha|p2b: Incineroar|[spread] p2a,p2b
|-supereffective|p2a: Blastoise|1
|-resisted|p2b: Incineroar|1
|-damage|p2a: Blastoise|56/100
|-heal|p1b: Sinistcha|45/100|[from] drain|[of] p2a: Blastoise
|-damage|p2b: Incineroar|89/100
|-heal|p1b: Sinistcha|51/100|[from] drain|[of] p2b: Incineroar
|move|p2a: Blastoise|Water Spout|p1a: Aerodactyl|[spread] p1a,p1b
|-supereffective|p1a: Aerodactyl|1
|-resisted|p1b: Sinistcha|1
|-damage|p1a: Aerodactyl|0 fnt
|-damage|p1b: Sinistcha|28/100
|faint|p1a: Aerodactyl
|
|-heal|p1b: Sinistcha|34/100|[from] item: Leftovers
|upkeep
|
|t:|1783379112
|switch|p1a: Metagross|Metagross, L50|100/100
|turn|3
|inactive|the_arki has 30 seconds left.
|
|t:|1783379137
|switch|p2b: Sinistcha|Sinistcha, L50|100/100
|-heal|p2a: Blastoise|81/100|[from] ability: Hospitality|[of] p2b: Sinistcha
|detailschange|p1a: Metagross|Metagross-Mega, L50
|-mega|p1a: Metagross|Metagross|Metagrossite
|move|p2a: Blastoise|Protect|p2a: Blastoise
|-singleturn|p2a: Blastoise|Protect
|move|p1b: Sinistcha|Rage Powder|p1b: Sinistcha
|-singleturn|p1b: Sinistcha|move: Rage Powder
|move|p1a: Metagross|Earthquake|p2a: Blastoise|[spread] p1b,p2b
|-activate|p2a: Blastoise|move: Protect
|-resisted|p1b: Sinistcha|1
|-resisted|p2b: Sinistcha|1
|-damage|p1b: Sinistcha|20/100y
|-damage|p2b: Sinistcha|89/100
|
|-heal|p1b: Sinistcha|26/100|[from] item: Leftovers
|upkeep
|turn|4
|inactive|the_arki has 30 seconds left.
|inactive|the_arki has 20 seconds left.
|
|t:|1783379173
|switch|p2a: Incineroar|Incineroar, L50, F|89/100
|-ability|p2a: Incineroar|Intimidate|boost
|-unboost|p1a: Metagross|atk|1
|-unboost|p1b: Sinistcha|atk|1
|move|p1a: Metagross|Psychic Fangs|p2a: Incineroar
|-immune|p2a: Incineroar
|move|p1b: Sinistcha|Matcha Gotcha|p2a: Incineroar|[spread] p2a
|-miss|p1b: Sinistcha|p2b: Sinistcha
|-resisted|p2a: Incineroar|1
|-damage|p2a: Incineroar|79/100
|-heal|p1b: Sinistcha|32/100|[from] drain|[of] p2a: Incineroar
|move|p2b: Sinistcha|Matcha Gotcha|p1a: Metagross|[spread] p1a,p1b
|-resisted|p1a: Metagross|1
|-resisted|p1b: Sinistcha|1
|-damage|p1a: Metagross|88/100
|-heal|p2b: Sinistcha|94/100|[from] drain|[of] p1a: Metagross
|-damage|p1b: Sinistcha|22/100
|-heal|p2b: Sinistcha|99/100|[from] drain|[of] p1b: Sinistcha
|
|-heal|p1b: Sinistcha|28/100|[from] item: Leftovers
|upkeep
|turn|5
|inactive|the_arki has 30 seconds left.
|
|t:|1783379201
|switch|p1a: Primarina|Primarina, L50, M|100/100
|move|p2a: Incineroar|Fake Out|p1a: Primarina
|-damage|p1a: Primarina|81/100
|move|p1b: Sinistcha|Life Dew|p1b: Sinistcha|[spread] p1a,p1b
|-heal|p1a: Primarina|100/100
|-heal|p1b: Sinistcha|53/100
|move|p2b: Sinistcha|Matcha Gotcha|p1a: Primarina|[spread] p1a,p1b
|-supereffective|p1a: Primarina|1
|-resisted|p1b: Sinistcha|1
|-damage|p1a: Primarina|46/100
|-heal|p2b: Sinistcha|100/100|[from] drain|[of] p1a: Primarina
|-damage|p1b: Sinistcha|42/100
|-status|p1b: Sinistcha|brn
|
|-heal|p1b: Sinistcha|48/100 brn|[from] item: Leftovers
|-damage|p1b: Sinistcha|42/100 brn|[from] brn
|-sideend|p1: benjitulio|move: Tailwind
|upkeep
|turn|6
|inactive|the_arki has 30 seconds left.
|
|t:|1783379234
|switch|p2a: Sneasler|Sneasler, L50, M, shiny|100/100
|move|p1a: Primarina|Hydro Pump|p2a: Sneasler|[miss]
|-miss|p1a: Primarina|p2a: Sneasler
|move|p1b: Sinistcha|Life Dew|p1b: Sinistcha|[spread] p1a,p1b
|-heal|p1a: Primarina|71/100
|-heal|p1b: Sinistcha|67/100 brn
|move|p2b: Sinistcha|Matcha Gotcha|p1a: Primarina|[spread] p1a,p1b
|-supereffective|p1a: Primarina|1
|-resisted|p1b: Sinistcha|1
|-damage|p1a: Primarina|24/100
|-damage|p1b: Sinistcha|57/100 brn
|
|-heal|p1b: Sinistcha|64/100 brn|[from] item: Leftovers
|-damage|p1b: Sinistcha|57/100 brn|[from] brn
|upkeep
|turn|7
|
|t:|1783379258
|switch|p1a: Metagross|Metagross-Mega, L50|88/100
|move|p2a: Sneasler|Dire Claw|p1b: Sinistcha
|-damage|p1b: Sinistcha|7/100 brn
|-damage|p2a: Sneasler|90/100|[from] item: Life Orb
|move|p1b: Sinistcha|Matcha Gotcha|p2b: Sinistcha|[spread] p2a,p2b
|-resisted|p2a: Sneasler|1
|-resisted|p2b: Sinistcha|1
|-damage|p2a: Sneasler|74/100
|-heal|p1b: Sinistcha|14/100 brn|[from] drain|[of] p2a: Sneasler
|-damage|p2b: Sinistcha|85/100
|-heal|p1b: Sinistcha|21/100 brn|[from] drain|[of] p2b: Sinistcha
|move|p2b: Sinistcha|Matcha Gotcha|p1b: Sinistcha|[spread] p1a,p1b
|-resisted|p1a: Metagross|1
|-resisted|p1b: Sinistcha|1
|-damage|p1a: Metagross|75/100
|-heal|p2b: Sinistcha|92/100|[from] drain|[of] p1a: Metagross
|-damage|p1b: Sinistcha|11/100 brn
|-heal|p2b: Sinistcha|97/100|[from] drain|[of] p1b: Sinistcha
|
|-heal|p1b: Sinistcha|17/100 brn|[from] item: Leftovers
|-damage|p1b: Sinistcha|11/100 brn|[from] brn
|upkeep
|turn|8
|inactive|benjitulio has 30 seconds left.
|inactive|the_arki has 30 seconds left.
|
|t:|1783379289
|move|p2a: Sneasler|Protect|p2a: Sneasler
|-singleturn|p2a: Sneasler|Protect
|move|p1a: Metagross|Earthquake|p2a: Sneasler|[spread] p1b,p2b
|-activate|p2a: Sneasler|move: Protect
|-resisted|p1b: Sinistcha|1
|-resisted|p2b: Sinistcha|1
|-damage|p1b: Sinistcha|0 fnt
|-damage|p2b: Sinistcha|86/100
|faint|p1b: Sinistcha
|move|p2b: Sinistcha|Matcha Gotcha|p1a: Metagross
|-resisted|p1a: Metagross|1
|-damage|p1a: Metagross|57/100
|-heal|p2b: Sinistcha|94/100|[from] drain|[of] p1a: Metagross
|
|upkeep
|
|t:|1783379293
|switch|p1b: Primarina|Primarina, L50, M|24/100
|turn|9
|
|t:|1783379314
|switch|p2a: Incineroar|Incineroar, L50, F|79/100
|-ability|p2a: Incineroar|Intimidate|boost
|-unboost|p1a: Metagross|atk|1
|-unboost|p1b: Primarina|atk|1
|move|p1b: Primarina|Moonblast|p2b: Sinistcha
|-damage|p2b: Sinistcha|28/100
|-unboost|p2b: Sinistcha|spa|1
|-enditem|p2b: Sinistcha|Sitrus Berry|[eat]
|-heal|p2b: Sinistcha|53/100|[from] item: Sitrus Berry
|move|p1a: Metagross|Psychic Fangs|p2a: Incineroar
|-immune|p2a: Incineroar
|move|p2b: Sinistcha|Matcha Gotcha|p1a: Metagross|[spread] p1a,p1b
|-resisted|p1a: Metagross|1
|-supereffective|p1b: Primarina|1
|-damage|p1a: Metagross|49/100
|-heal|p2b: Sinistcha|57/100|[from] drain|[of] p1a: Metagross
|-damage|p1b: Primarina|0 fnt
|-heal|p2b: Sinistcha|67/100|[from] drain|[of] p1b: Primarina
|faint|p1b: Primarina
|
|upkeep
|turn|10
|inactive|the_arki has 30 seconds left.
|
|t:|1783379346
|move|p2a: Incineroar|Fake Out|p1a: Metagross
|-resisted|p1a: Metagross|1
|-damage|p1a: Metagross|43/100
|cant|p1a: Metagross|flinch
|move|p2b: Sinistcha|Matcha Gotcha|p1a: Metagross
|-resisted|p1a: Metagross|1
|-damage|p1a: Metagross|32/100
|-heal|p2b: Sinistcha|73/100|[from] drain|[of] p1a: Metagross
|
|upkeep
|turn|11
|
|t:|1783379363
|move|p1a: Metagross|Earthquake|p2b: Sinistcha|[spread] p2a,p2b
|-supereffective|p2a: Incineroar|1
|-resisted|p2b: Sinistcha|1
|-damage|p2a: Incineroar|40/100
|-damage|p2b: Sinistcha|65/100
|move|p2b: Sinistcha|Matcha Gotcha|p1a: Metagross
|-resisted|p1a: Metagross|1
|-damage|p1a: Metagross|21/100
|-heal|p2b: Sinistcha|70/100|[from] drain|[of] p1a: Metagross
|move|p2a: Incineroar|Flare Blitz|p1a: Metagross
|-supereffective|p1a: Metagross|1
|-damage|p1a: Metagross|0 fnt
|faint|p1a: Metagross
|-damage|p2a: Incineroar|34/100|[from] Recoil
|
|win|the_arki
