|j|☆Darkan33
|j|☆tulpeon
|html|Darkan33tulpeon    
|uhtml|bestof|Game 2 of a best-of-3
|t:|1756329894
|gametype|doubles
|player|p1|Darkan33|veteran|1013
|player|p2|tulpeon|hilda|1032
|gen|9
|tier|[Gen 9] VGC 2025 Reg H (Bo3)
|rated|
|rule|Species Clause: Limit one of each Pokémon
|rule|Item Clause: Limit 1 of each item
|clearpoke
|poke|p1|Hydreigon, L50, M|
|poke|p1|Ursaluna, L50, M|
|poke|p1|Gholdengo, L50|
|poke|p1|Incineroar, L50, F|
|poke|p1|Amoonguss, L50, M|
|poke|p1|Porygon2, L50|
|poke|p2|Archaludon, L50, F|
|poke|p2|Pelipper, L50, F|
|poke|p2|Grimmsnarl, L50, M|
|poke|p2|Amoonguss, L50, F|
|poke|p2|Basculegion, L50, M|
|poke|p2|Incineroar, L50, M|
|teampreview|4
|showteam|p1|Hydreigon||SafetyGoggles|Levitate|DracoMeteor,Snarl,Protect,Tailwind|||M|||50|,,,,,Fire]Ursaluna||FlameOrb|Guts|HeadlongRush,Facade,Protect,Earthquake|||M|||50|,,,,,Ghost]Gholdengo||LifeOrb|GoodasGold|MakeItRain,ShadowBall,Protect,NastyPlot||||||50|,,,,,Water]Incineroar||MirrorHerb|Intimidate|FakeOut,KnockOff,FlareBlitz,PartingShot|||F|||50|,,,,,Ghost]Amoonguss||SitrusBerry|Regenerator|Spore,RagePowder,Protect,PollenPuff|||M|||50|,,,,,Fairy]Porygon2||Eviolite|Download|TrickRoom,IceBeam,TeraBlast,Recover||||||50|,,,,,Fighting
|showteam|p2|Archaludon||AssaultVest|Stamina|ElectroShot,BodyPress,FlashCannon,DracoMeteor|||F|||50|,,,,,Flying]Pelipper||FocusSash|Drizzle|Tailwind,Hurricane,WeatherBall,Protect|||F|||50|,,,,,Ghost]Grimmsnarl||LightClay|Prankster|PartingShot,SpiritBreak,LightScreen,Reflect|||M|||50|,,,,,Steel]Amoonguss||RockyHelmet|Regenerator|PollenPuff,RagePowder,Spore,Protect|||F|||50|,,,,,Dark]Basculegion||ChoiceBand|Adaptability|WaveCrash,LastRespects,FlipTurn,TeraBlast|||M|||50|,,,,,Stellar]Incineroar||SafetyGoggles|Intimidate|FakeOut,PartingShot,KnockOff,FlareBlitz|||M|||50|,,,,,Ghost
|
|t:|1756329911
|teamsize|p1|4
|teamsize|p2|4
|start
|switch|p1a: Gholdengo|Gholdengo, L50|100/100
|switch|p1b: Amoonguss|Amoonguss, L50, M|100/100
|switch|p2a: Grimmsnarl|Grimmsnarl, L50, M|100/100
|switch|p2b: la poste|Pelipper, L50, F|100/100
|-weather|RainDance|[from] ability: Drizzle|[of] p2b: la poste
|turn|1
|l|☆tulpeon
|player|p2|
|j|☆tulpeon
|player|p2|tulpeon|hilda|
|inactive|Battle timer is ON: inactive players will automatically lose when time's up. (requested by Darkan33)
|
|t:|1756329998
|move|p2a: Grimmsnarl|Light Screen|p2a: Grimmsnarl
|-sidestart|p2: tulpeon|move: Light Screen
|move|p1a: Gholdengo|Nasty Plot|p1a: Gholdengo
|-boost|p1a: Gholdengo|spa|2
|move|p2b: la poste|Hurricane|p1b: Amoonguss
|-supereffective|p1b: Amoonguss
|-damage|p1b: Amoonguss|27/100
|-enditem|p1b: Amoonguss|Sitrus Berry|[eat]
|-heal|p1b: Amoonguss|52/100|[from] item: Sitrus Berry
|move|p1b: Amoonguss|Spore|p2b: la poste
|-status|p2b: la poste|slp|[from] move: Spore
|
|-weather|RainDance|[upkeep]
|upkeep
|turn|2
|inactive|tulpeon has 30 seconds left.
|
|t:|1756330030
|move|p1a: Gholdengo|Nasty Plot|p1a: Gholdengo
|-boost|p1a: Gholdengo|spa|2
|cant|p2b: la poste|slp
|move|p2a: Grimmsnarl|Spirit Break|p1a: Gholdengo
|-resisted|p1a: Gholdengo
|-damage|p1a: Gholdengo|86/100
|-unboost|p1a: Gholdengo|spa|1
|move|p1b: Amoonguss|Spore|p2a: Grimmsnarl
|-status|p2a: Grimmsnarl|slp|[from] move: Spore
|
|-weather|RainDance|[upkeep]
|upkeep
|turn|3
|l|☆tulpeon
|inactive|tulpeon disconnected and has a minute to reconnect!
|player|p2|
|inactive|Darkan33 has 30 seconds left.
|inactive|tulpeon has 30 seconds left.
|inactive|tulpeon has 20 seconds left.
|inactive|tulpeon has 15 seconds left.
|inactive|tulpeon has 10 seconds left.
|j|☆tulpeon
|inactive|tulpeon reconnected and has 10 seconds left.
|player|p2|tulpeon|hilda|
|inactive|tulpeon has 5 seconds left.
|
|t:|1756330086
|move|p1b: Amoonguss|Protect|p1b: Amoonguss
|-singleturn|p1b: Amoonguss|Protect
|move|p1a: Gholdengo|Make It Rain|p2a: Grimmsnarl|[spread] p2a,p2b
|-supereffective|p2a: Grimmsnarl
|-resisted|p2b: la poste
|-damage|p2a: Grimmsnarl|0 fnt
|-damage|p2b: la poste|2/100 slp
|-unboost|p1a: Gholdengo|spa|1
|faint|p2a: Grimmsnarl
|-damage|p1a: Gholdengo|76/100|[from] item: Life Orb
|cant|p2b: la poste|slp
|
|-weather|RainDance|[upkeep]
|upkeep
|
|t:|1756330101
|switch|p2a: arch btw|Archaludon, L50, F, shiny|100/100
|turn|4
|inactive|Darkan33 has 30 seconds left.
|
|t:|1756330128
|move|p1a: Gholdengo|Shadow Ball|p2a: arch btw
|-damage|p2a: arch btw|23/100
|-ability|p2a: arch btw|Stamina|boost
|-boost|p2a: arch btw|def|1
|-damage|p1a: Gholdengo|67/100|[from] item: Life Orb
|cant|p2b: la poste|slp
|move|p2a: arch btw|Draco Meteor|p1b: Amoonguss
|-damage|p1b: Amoonguss|0 fnt
|-unboost|p2a: arch btw|spa|2
|faint|p1b: Amoonguss
|
|-weather|RainDance|[upkeep]
|upkeep
|
|t:|1756330137
|switch|p1b: Incineroar|Incineroar, L50, F, shiny|100/100
|-ability|p1b: Incineroar|Intimidate|boost
|-unboost|p2a: arch btw|atk|1
|-unboost|p2b: la poste|atk|1
|turn|5
|
|t:|1756330158
|switch|p2b: M$|Incineroar, L50, M, shiny|100/100
|-ability|p2b: M$|Intimidate|boost
|-unboost|p1a: Gholdengo|atk|1
|-unboost|p1b: Incineroar|atk|1
|move|p1b: Incineroar|Fake Out|p2a: arch btw
|-resisted|p2a: arch btw
|-damage|p2a: arch btw|21/100
|-ability|p2a: arch btw|Stamina|boost
|-boost|p2a: arch btw|def|1
|-enditem|p1b: Incineroar|Mirror Herb
|-boost|p1b: Incineroar|def|1|[from] item: Mirror Herb
|move|p1a: Gholdengo|Make It Rain|p2b: M$|[spread] p2a,p2b
|-resisted|p2a: arch btw
|-resisted|p2b: M$
|-damage|p2a: arch btw|0 fnt
|-damage|p2b: M$|58/100
|-unboost|p1a: Gholdengo|spa|1
|faint|p2a: arch btw
|-damage|p1a: Gholdengo|57/100|[from] item: Life Orb
|
|-weather|none
|upkeep
|
|t:|1756330175
|switch|p2a: la poste|Pelipper, L50, F|2/100 slp
|-weather|RainDance|[from] ability: Drizzle|[of] p2a: la poste
|turn|6
|inactive|Darkan33 has 30 seconds left.
|inactive|Darkan33 has 20 seconds left.
|
|t:|1756330212
|move|p1a: Gholdengo|Protect|p1a: Gholdengo
|-singleturn|p1a: Gholdengo|Protect
|-curestatus|p2a: la poste|slp|[msg]
|move|p2a: la poste|Tailwind|p2a: la poste
|-sidestart|p2: tulpeon|move: Tailwind
|move|p2b: M$|Knock Off|p1a: Gholdengo
|-activate|p1a: Gholdengo|move: Protect
|move|p1b: Incineroar|Knock Off|p2a: la poste
|-damage|p2a: la poste|0 fnt
|-enditem|p2a: la poste|Focus Sash|[from] move: Knock Off|[of] p1b: Incineroar
|faint|p2a: la poste
|
|-weather|RainDance|[upkeep]
|upkeep
|turn|7
|inactive|Darkan33 has 30 seconds left.
|inactive|Darkan33 has 20 seconds left.
|inactive|Darkan33 has 15 seconds left.
|inactive|Darkan33 has 10 seconds left.
|inactive|Darkan33 has 5 seconds left.
|
|t:|1756330267
|move|p1b: Incineroar|Fake Out||[still]
|-hint|Fake Out only works on your first turn out.
|-fail|p1b: Incineroar
|move|p2b: M$|Knock Off|p1a: Gholdengo
|-supereffective|p1a: Gholdengo
|-damage|p1a: Gholdengo|0 fnt
|-enditem|p1a: Gholdengo|Life Orb|[from] move: Knock Off|[of] p2b: M$
|faint|p1a: Gholdengo
|
|-weather|RainDance|[upkeep]
|upkeep
|
|t:|1756330272
|switch|p1a: Toti|Ursaluna, L50, M|100/100
|turn|8
|inactive|Darkan33 has 30 seconds left.
|
|t:|1756330305
|move|p2b: M$|Flare Blitz|p1b: Incineroar
|-resisted|p1b: Incineroar
|-damage|p1b: Incineroar|95/100
|-damage|p2b: M$|56/100|[from] Recoil
|move|p1a: Toti|Headlong Rush|p2b: M$
|-supereffective|p2b: M$
|-damage|p2b: M$|0 fnt
|-unboost|p1a: Toti|def|1
|-unboost|p1a: Toti|spd|1
|faint|p2b: M$
|
|win|Darkan33
|raw|Darkan33's rating: 1013 → 1053(+40 for winning)
|raw|tulpeon's rating: 1032 → 1016(-16 for losing)
|c|☆tulpeon|ggs
|l|☆tulpeon
|player|p2|
