|j|☆MinasDevilCrobats
|j|☆Cogao vascaino
|html|MinasDevilCrobatsCogao vascaino    
|uhtml|bestof|Game 1 of a best-of-3
|t:|1756592682
|gametype|doubles
|player|p1|MinasDevilCrobats|darach-caitlin|1244
|player|p2|Cogao vascaino|dancer|1320
|gen|9
|tier|[Gen 9] VGC 2025 Reg H (Bo3)
|rated|
|rule|Species Clause: Limit one of each Pokémon
|rule|Item Clause: Limit 1 of each item
|clearpoke
|poke|p1|Indeedee, L50, M|
|poke|p1|Sneasler, L50, F|
|poke|p1|Gholdengo, L50|
|poke|p1|Pelipper, L50, M|
|poke|p1|Archaludon, L50, F|
|poke|p1|Basculegion, L50, M|
|poke|p2|Gholdengo, L50|
|poke|p2|Dragonite, L50, M|
|poke|p2|Garchomp, L50, F|
|poke|p2|Rillaboom, L50, M|
|poke|p2|Ninetales-Alola, L50, M|
|poke|p2|Incineroar, L50, M|
|teampreview|4
|showteam|p1|Indeedee||ChoiceScarf|PsychicSurge|ExpandingForce,DazzlingGleam,Trick,Protect|||M|||50|,,,,,Psychic]Sneasler||PsychicSeed|Unburden|CloseCombat,DireClaw,ThroatChop,Protect|||F|||50|,,,,,Dark]Gholdengo||LifeOrb|GoodasGold|MakeItRain,ShadowBall,NastyPlot,Protect||||||50|,,,,,Steel]Pelipper||FocusSash|Drizzle|Hurricane,WeatherBall,Tailwind,Protect|||M|||50|,,,,,Ghost]Archaludon||AssaultVest|Stamina|ElectroShot,BodyPress,FlashCannon,DracoMeteor|||F|||50|,,,,,Grass]Basculegion||ChoiceBand|SwiftSwim|WaveCrash,LastRespects,FlipTurn,AquaJet|||M|||50|,,,,,Ghost
|showteam|p2|Gholdengo||LifeOrb|GoodasGold|MakeItRain,ShadowBall,NastyPlot,Protect||||||50|,,,,,Water]Dragonite||LoadedDice|Multiscale|ScaleShot,Tailwind,Haze,Protect|||M|||50|,,,,,Fairy]Garchomp||ClearAmulet|RoughSkin|DragonClaw,RockSlide,StompingTantrum,Protect|||F|||50|,,,,,Fire]Rillaboom||AssaultVest|GrassySurge|GrassyGlide,FakeOut,HighHorsepower,WoodHammer|||M|||50|,,,,,Fire]Ninetales-Alola||CovertCloak|SnowWarning|Blizzard,AuroraVeil,IcyWind,Encore|||M|||50|,,,,,Water]Incineroar||SafetyGoggles|Intimidate|FlareBlitz,KnockOff,FakeOut,PartingShot|||M|||50|,,,,,Ghost
|inactive|Battle timer is ON: inactive players will automatically lose when time's up. (requested by MinasDevilCrobats)
|
|t:|1756592728
|teamsize|p1|4
|teamsize|p2|4
|start
|switch|p1a: Indeedee|Indeedee, L50, M|100/100
|switch|p1b: Sneasler|Sneasler, L50, F|100/100
|switch|p2a: Rillaboom|Rillaboom, L50, M|100/100
|switch|p2b: Incineroar|Incineroar, L50, M|100/100
|-fieldstart|move: Psychic Terrain|[from] ability: Psychic Surge|[of] p1a: Indeedee
|-enditem|p1b: Sneasler|Psychic Seed
|-boost|p1b: Sneasler|spd|1|[from] item: Psychic Seed
|-fieldstart|move: Grassy Terrain|[from] ability: Grassy Surge|[of] p2a: Rillaboom
|-ability|p2b: Incineroar|Intimidate|boost
|-unboost|p1a: Indeedee|atk|1
|-unboost|p1b: Sneasler|atk|1
|turn|1
|
|t:|1756592750
|switch|p1a: Pelipper|Pelipper, L50, M|100/100
|-weather|RainDance|[from] ability: Drizzle|[of] p1a: Pelipper
|move|p1b: Sneasler|Protect|p1b: Sneasler
|-singleturn|p1b: Sneasler|Protect
|move|p2a: Rillaboom|Fake Out|p1b: Sneasler
|-activate|p1b: Sneasler|move: Protect
|move|p2b: Incineroar|Knock Off|p1a: Pelipper
|-damage|p1a: Pelipper|41/100
|-enditem|p1a: Pelipper|Focus Sash|[from] move: Knock Off|[of] p2b: Incineroar
|
|-weather|RainDance|[upkeep]
|upkeep
|turn|2
|
|t:|1756592774
|switch|p2a: Ninetales|Ninetales-Alola, L50, M|100/100
|-weather|Snowscape|[from] ability: Snow Warning|[of] p2a: Ninetales
|-terastallize|p2b: Incineroar|Ghost
|move|p1b: Sneasler|Close Combat|p2b: Incineroar
|-immune|p2b: Incineroar
|move|p1a: Pelipper|Hurricane|p2a: Ninetales
|-damage|p2a: Ninetales|50/100
|move|p2b: Incineroar|Parting Shot|p1b: Sneasler
|-unboost|p1b: Sneasler|atk|1
|-unboost|p1b: Sneasler|spa|1
|
|t:|1756592797
|switch|p2b: Gholdengo|Gholdengo, L50|100/100|[from] Parting Shot
|
|-weather|Snowscape|[upkeep]
|-heal|p2a: Ninetales|57/100|[from] Grassy Terrain
|upkeep
|turn|3
|
|t:|1756592816
|switch|p1a: Indeedee|Indeedee, L50, M|100/100
|-fieldstart|move: Psychic Terrain|[from] ability: Psychic Surge|[of] p1a: Indeedee
|-terastallize|p1b: Sneasler|Dark
|move|p1b: Sneasler|Throat Chop|p2b: Gholdengo
|-supereffective|p2b: Gholdengo
|-damage|p2b: Gholdengo|54/100
|-start|p2b: Gholdengo|Throat Chop|[silent]
|move|p2a: Ninetales|Aurora Veil|p2a: Ninetales
|-sidestart|p2: Cogao vascaino|move: Aurora Veil
|move|p2b: Gholdengo|Nasty Plot|p2b: Gholdengo
|-boost|p2b: Gholdengo|spa|2
|
|-weather|Snowscape|[upkeep]
|upkeep
|turn|4
|inactive|Cogao vascaino has 30 seconds left.
|
|t:|1756592844
|switch|p1b: Pelipper|Pelipper, L50, M|41/100
|-weather|RainDance|[from] ability: Drizzle|[of] p1b: Pelipper
|switch|p2a: Incineroar|Incineroar, L50, M, tera:Ghost|100/100
|-ability|p2a: Incineroar|Intimidate|boost
|-unboost|p1a: Indeedee|atk|1
|-unboost|p1b: Pelipper|atk|1
|move|p1a: Indeedee|Expanding Force|p2a: Incineroar|[spread] p2a,p2b
|-resisted|p2b: Gholdengo
|-damage|p2a: Incineroar|71/100
|-damage|p2b: Gholdengo|34/100
|move|p2b: Gholdengo|Make It Rain|p1b: Pelipper|[spread] p1a,p1b
|-resisted|p1b: Pelipper
|-damage|p1a: Indeedee|0 fnt
|-damage|p1b: Pelipper|0 fnt
|-unboost|p2b: Gholdengo|spa|1
|faint|p1a: Indeedee
|faint|p1b: Pelipper
|-damage|p2b: Gholdengo|24/100|[from] item: Life Orb
|
|-weather|RainDance|[upkeep]
|-end|p2b: Gholdengo|Throat Chop|[silent]
|upkeep
|
|t:|1756592857
|switch|p1a: Sneasler|Sneasler, L50, F, tera:Dark|100/100
|switch|p1b: Basculegion|Basculegion, L50, M|100/100
|turn|5
|
|t:|1756592875
|switch|p2b: Ninetales|Ninetales-Alola, L50, M|57/100
|-weather|Snowscape|[from] ability: Snow Warning|[of] p2b: Ninetales
|switch|p2a: Rillaboom|Rillaboom, L50, M|100/100
|-fieldstart|move: Grassy Terrain|[from] ability: Grassy Surge|[of] p2a: Rillaboom
|move|p1a: Sneasler|Throat Chop|p2a: Rillaboom
|-damage|p2a: Rillaboom|73/100
|-start|p2a: Rillaboom|Throat Chop|[silent]
|move|p1b: Basculegion|Last Respects|p2b: Ninetales
|-damage|p2b: Ninetales|0 fnt
|faint|p2b: Ninetales
|
|-weather|Snowscape|[upkeep]
|-heal|p2a: Rillaboom|79/100|[from] Grassy Terrain
|upkeep
|
|t:|1756592887
|switch|p2b: Incineroar|Incineroar, L50, M, tera:Ghost|71/100
|-ability|p2b: Incineroar|Intimidate|boost
|-unboost|p1a: Sneasler|atk|1
|-unboost|p1b: Basculegion|atk|1
|turn|6
|inactive|Cogao vascaino has 30 seconds left.
|inactive|Cogao vascaino has 20 seconds left.
|inactive|Cogao vascaino has 15 seconds left.
|inactive|Cogao vascaino has 10 seconds left.
|
|t:|1756592934
|switch|p2b: Gholdengo|Gholdengo, L50|24/100
|move|p1a: Sneasler|Dire Claw|p2a: Rillaboom
|-supereffective|p2a: Rillaboom
|-damage|p2a: Rillaboom|43/100
|move|p1b: Basculegion|Last Respects|p2b: Gholdengo
|-supereffective|p2b: Gholdengo
|-damage|p2b: Gholdengo|0 fnt
|faint|p2b: Gholdengo
|move|p2a: Rillaboom|Wood Hammer|p1b: Basculegion
|-supereffective|p1b: Basculegion
|-damage|p1b: Basculegion|0 fnt
|faint|p1b: Basculegion
|-damage|p2a: Rillaboom|12/100|[from] Recoil
|
|-weather|Snowscape|[upkeep]
|-heal|p2a: Rillaboom|18/100|[from] Grassy Terrain
|-end|p2a: Rillaboom|Throat Chop|[silent]
|upkeep
|
|t:|1756592943
|switch|p2b: Incineroar|Incineroar, L50, M, tera:Ghost|71/100
|-ability|p2b: Incineroar|Intimidate|boost
|-unboost|p1a: Sneasler|atk|1
|turn|7
|
|t:|1756592954
|move|p1a: Sneasler|Protect|p1a: Sneasler
|-singleturn|p1a: Sneasler|Protect
|move|p2b: Incineroar|Fake Out|p1a: Sneasler
|-activate|p1a: Sneasler|move: Protect
|move|p2a: Rillaboom|Wood Hammer|p1a: Sneasler
|-activate|p1a: Sneasler|move: Protect
|
|-weather|Snowscape|[upkeep]
|-heal|p2a: Rillaboom|23/100|[from] Grassy Terrain
|-heal|p2b: Incineroar|77/100|[from] Grassy Terrain
|-sideend|p2: Cogao vascaino|move: Aurora Veil
|upkeep
|turn|8
|
|t:|1756592961
|move|p2a: Rillaboom|Grassy Glide|p1a: Sneasler
|-damage|p1a: Sneasler|35/100
|move|p1a: Sneasler|Dire Claw|p2a: Rillaboom
|-supereffective|p2a: Rillaboom
|-damage|p2a: Rillaboom|0 fnt
|faint|p2a: Rillaboom
|move|p2b: Incineroar|Flare Blitz|p1a: Sneasler
|-damage|p1a: Sneasler|0 fnt
|faint|p1a: Sneasler
|-damage|p2b: Incineroar|68/100|[from] Recoil
|
|win|Cogao vascaino
||MinasDevilCrobats is ready for game 2.
||Cogao vascaino is ready for game 2.
|uhtml|next|Next: Game 2 of 3
