|j|☆jillyboy
|j|☆aqueousbloop
|html|jillyboyaqueousbloop    
|uhtml|bestof|Game 2 of a best-of-3
|t:|1756212750
|gametype|doubles
|player|p1|jillyboy|1|1005
|player|p2|aqueousbloop|101|1091
|gen|9
|tier|[Gen 9] VGC 2025 Reg H (Bo3)
|rated|
|rule|Species Clause: Limit one of each Pokémon
|rule|Item Clause: Limit 1 of each item
|clearpoke
|poke|p1|Jumpluff, L50, M|
|poke|p1|Charizard, L50, F|
|poke|p1|Incineroar, L50, F|
|poke|p1|Torkoal, L50, M|
|poke|p1|Porygon2, L50|
|poke|p1|Ursaluna, L50, F|
|poke|p2|Sneasler, L50, F|
|poke|p2|Basculegion, L50, M|
|poke|p2|Pelipper, L50, M|
|poke|p2|Indeedee-F, L50, F|
|poke|p2|Lurantis, L50, F|
|poke|p2|Hatterene, L50, F|
|teampreview|4
|showteam|p1|Jumpluff||CovertCloak|Chlorophyll|SleepPowder,SunnyDay,Tailwind,RagePowder|||M|||50|,,,,,Fire]Charizard||ChoiceSpecs|SolarPower|DragonPulse,HeatWave,Overheat,WeatherBall|||F|||50|,,,,,Ghost]Incineroar||SitrusBerry|Intimidate|FakeOut,FlareBlitz,KnockOff,PartingShot|||F|||50|,,,,,Ghost]Torkoal||EjectPack|Drought|ClearSmog,Eruption,Overheat,Protect|||M|||50|,,,,,Fire]Porygon2||Eviolite|Download|TeraBlast,IceBeam,Recover,TrickRoom||||||50|,,,,,Fighting]Ursaluna||FlameOrb|Guts|HeadlongRush,Facade,Earthquake,Protect|||F|||50|,,,,,Ghost
|showteam|p2|Sneasler||SafetyGoggles|PoisonTouch|ThroatChop,CloseCombat,DireClaw,FakeOut|||F|||50|,,,,,Dark]Basculegion||ChoiceBand|SwiftSwim|FlipTurn,WaveCrash,LastRespects,AquaJet|||M|||50|,,,,,Grass]Pelipper||FocusSash|Drizzle|Hurricane,WeatherBall,WideGuard,Protect|||M|||50|,,,,,Ghost]Indeedee-F||PsychicSeed|PsychicSurge|TrickRoom,FollowMe,HelpingHand,Psychic|||F|||50|,,,,,Fairy]Lurantis||AssaultVest|Contrary|Superpower,LeafBlade,KnockOff,Rest|||F|||50|,,,,,Poison]Hatterene||LifeOrb|MagicBounce|TrickRoom,ExpandingForce,DazzlingGleam,Protect|||F|||50|,,,,,Psychic
|
|t:|1756212813
|teamsize|p1|4
|teamsize|p2|4
|start
|switch|p1a: Incineroar|Incineroar, L50, F|100/100
|switch|p1b: Ursaluna|Ursaluna, L50, F|100/100
|switch|p2a: Basculegion|Basculegion, L50, M|100/100
|switch|p2b: Lurantis|Lurantis, L50, F|100/100
|-ability|p1a: Incineroar|Intimidate|boost
|-unboost|p2a: Basculegion|atk|1
|-boost|p2b: Lurantis|atk|1
|turn|1
|
|t:|1756212874
|move|p1b: Ursaluna|Protect|p1b: Ursaluna
|-singleturn|p1b: Ursaluna|Protect
|move|p2a: Basculegion|Wave Crash|p1a: Incineroar
|-supereffective|p1a: Incineroar
|-damage|p1a: Incineroar|0 fnt
|faint|p1a: Incineroar
|-damage|p2a: Basculegion|69/100|[from] Recoil
|move|p2b: Lurantis|Knock Off|p1b: Ursaluna
|-activate|p1b: Ursaluna|move: Protect
|
|-status|p1b: Ursaluna|brn|[from] item: Flame Orb
|upkeep
|
|t:|1756212888
|switch|p1a: Jumpluff|Jumpluff, L50, M|100/100
|turn|2
|
|t:|1756212920
|move|p1a: Jumpluff|Sleep Powder|p2a: Basculegion
|-status|p2a: Basculegion|slp|[from] move: Sleep Powder
|cant|p2a: Basculegion|slp
|move|p1b: Ursaluna|Facade|p2b: Lurantis
|-damage|p2b: Lurantis|0 fnt
|faint|p2b: Lurantis
|
|-damage|p1b: Ursaluna|94/100 brn|[from] brn
|upkeep
|
|t:|1756212941
|switch|p2b: Sneasler|Sneasler, L50, F|100/100
|turn|3
|
|t:|1756212970
|move|p1a: Jumpluff|Rage Powder|p1a: Jumpluff
|-singleturn|p1a: Jumpluff|move: Rage Powder
|move|p2b: Sneasler|Throat Chop|p1b: Ursaluna
|-damage|p1b: Ursaluna|71/100 brn
|-start|p1b: Ursaluna|Throat Chop|[silent]
|cant|p2a: Basculegion|slp
|move|p1b: Ursaluna|Facade|p2b: Sneasler
|-damage|p2b: Sneasler|0 fnt
|faint|p2b: Sneasler
|
|-damage|p1b: Ursaluna|65/100 brn|[from] brn
|upkeep
|
|t:|1756212981
|switch|p2b: Pelipper|Pelipper, L50, M|100/100
|-weather|RainDance|[from] ability: Drizzle|[of] p2b: Pelipper
|turn|4
|
|t:|1756213001
|-curestatus|p2a: Basculegion|slp|[msg]
|move|p2a: Basculegion|Wave Crash|p1b: Ursaluna
|-supereffective|p1b: Ursaluna
|-damage|p1b: Ursaluna|0 fnt
|faint|p1b: Ursaluna
|-damage|p2a: Basculegion|46/100|[from] Recoil
|move|p1a: Jumpluff|Sunny Day|p1a: Jumpluff
|-weather|SunnyDay
|move|p2b: Pelipper|Hurricane|p1a: Jumpluff
|-supereffective|p1a: Jumpluff
|-damage|p1a: Jumpluff|0 fnt
|faint|p1a: Jumpluff
|
|-weather|SunnyDay|[upkeep]
|upkeep
|
|t:|1756213016
|switch|p1a: Charizard|Charizard, L50, F|100/100
|turn|5
|
|t:|1756213041
|-terastallize|p1a: Charizard|Ghost
|move|p1a: Charizard|Heat Wave|p2b: Pelipper|[spread] p2a,p2b
|-resisted|p2a: Basculegion
|-resisted|p2b: Pelipper
|-damage|p2a: Basculegion|0 fnt
|-damage|p2b: Pelipper|18/100
|faint|p2a: Basculegion
|move|p2b: Pelipper|Weather Ball|p1a: Charizard
|-damage|p1a: Charizard|45/100
|
|-weather|SunnyDay|[upkeep]
|-damage|p1a: Charizard|33/100|[from] ability: Solar Power|[of] p1a: Charizard
|upkeep
|turn|6
|
|t:|1756213055
|move|p2b: Pelipper|Protect|p2b: Pelipper
|-singleturn|p2b: Pelipper|Protect
|move|p1a: Charizard|Heat Wave|p2b: Pelipper
|-activate|p2b: Pelipper|move: Protect
|
|-weather|SunnyDay|[upkeep]
|-damage|p1a: Charizard|20/100|[from] ability: Solar Power|[of] p1a: Charizard
|upkeep
|turn|7
|
|t:|1756213065
|move|p2b: Pelipper|Wide Guard|p2b: Pelipper
|-singleturn|p2b: Pelipper|Wide Guard
|move|p1a: Charizard|Heat Wave|p2b: Pelipper
|-activate|p2b: Pelipper|move: Wide Guard
|
|-weather|SunnyDay|[upkeep]
|-damage|p1a: Charizard|8/100|[from] ability: Solar Power|[of] p1a: Charizard
|upkeep
|turn|8
|
|t:|1756213074
|move|p2b: Pelipper|Wide Guard|p2b: Pelipper
|-singleturn|p2b: Pelipper|Wide Guard
|move|p1a: Charizard|Heat Wave|p2b: Pelipper
|-activate|p2b: Pelipper|move: Wide Guard
|
|-weather|none
|upkeep
|turn|9
|c|☆jillyboy|gg
|
|t:|1756213087
|move|p2b: Pelipper|Wide Guard|p2b: Pelipper
|-singleturn|p2b: Pelipper|Wide Guard
|move|p1a: Charizard|Heat Wave|p2b: Pelipper
|-activate|p2b: Pelipper|move: Wide Guard
|
|upkeep
|turn|10
|
|t:|1756213098
|move|p2b: Pelipper|Wide Guard|p2b: Pelipper
|-singleturn|p2b: Pelipper|Wide Guard
|move|p1a: Charizard|Heat Wave|p2b: Pelipper
|-activate|p2b: Pelipper|move: Wide Guard
|
|upkeep
|turn|11
|
|t:|1756213103
|move|p2b: Pelipper|Wide Guard|p2b: Pelipper
|-singleturn|p2b: Pelipper|Wide Guard
|move|p1a: Charizard|Heat Wave|p2b: Pelipper
|-activate|p2b: Pelipper|move: Wide Guard
|
|upkeep
|turn|12
|
|t:|1756213110
|move|p2b: Pelipper|Wide Guard|p2b: Pelipper
|-singleturn|p2b: Pelipper|Wide Guard
|move|p1a: Charizard|Heat Wave|p2b: Pelipper
|-activate|p2b: Pelipper|move: Wide Guard
|
|upkeep
|turn|13
|
|t:|1756213116
|move|p2b: Pelipper|Wide Guard|p2b: Pelipper
|-singleturn|p2b: Pelipper|Wide Guard
|move|p1a: Charizard|Heat Wave|p2b: Pelipper
|-activate|p2b: Pelipper|move: Wide Guard
|
|upkeep
|turn|14
|
|t:|1756213122
|move|p2b: Pelipper|Wide Guard|p2b: Pelipper
|-singleturn|p2b: Pelipper|Wide Guard
|move|p1a: Charizard|Heat Wave|p2b: Pelipper
|-activate|p2b: Pelipper|move: Wide Guard
|
|upkeep
|turn|15
|
|t:|1756213130
|move|p2b: Pelipper|Wide Guard|p2b: Pelipper
|-singleturn|p2b: Pelipper|Wide Guard
|move|p1a: Charizard|Heat Wave|p2b: Pelipper
|-activate|p2b: Pelipper|move: Wide Guard
|
|upkeep
|turn|16
|
|t:|1756213136
|move|p2b: Pelipper|Wide Guard|p2b: Pelipper
|-singleturn|p2b: Pelipper|Wide Guard
|move|p1a: Charizard|Heat Wave|p2b: Pelipper
|-activate|p2b: Pelipper|move: Wide Guard
|
|upkeep
|turn|17
|
|t:|1756213143
|move|p2b: Pelipper|Wide Guard|p2b: Pelipper
|-singleturn|p2b: Pelipper|Wide Guard
|move|p1a: Charizard|Heat Wave|p2b: Pelipper
|-activate|p2b: Pelipper|move: Wide Guard
|
|upkeep
|turn|18
|
|t:|1756213149
|move|p2b: Pelipper|Wide Guard|p2b: Pelipper
|-singleturn|p2b: Pelipper|Wide Guard
|move|p1a: Charizard|Heat Wave|p2b: Pelipper
|-activate|p2b: Pelipper|move: Wide Guard
|
|upkeep
|turn|19
|
|t:|1756213155
|move|p2b: Pelipper|Wide Guard|p2b: Pelipper
|-singleturn|p2b: Pelipper|Wide Guard
|move|p1a: Charizard|Heat Wave|p2b: Pelipper
|-activate|p2b: Pelipper|move: Wide Guard
|
|upkeep
|turn|20
|
|t:|1756213162
|move|p2b: Pelipper|Wide Guard|p2b: Pelipper
|-singleturn|p2b: Pelipper|Wide Guard
|move|p1a: Charizard|Heat Wave|p2b: Pelipper
|-activate|p2b: Pelipper|move: Wide Guard
|
|upkeep
|turn|21
|
|t:|1756213169
|move|p2b: Pelipper|Protect||[still]
|-fail|p2b: Pelipper
|-activate|p1a: Charizard|move: Struggle
|move|p1a: Charizard|Struggle|p2b: Pelipper
|-damage|p2b: Pelipper|11/100
|-damage|p1a: Charizard|0 fnt|[from] recoil
|faint|p1a: Charizard
|
|win|aqueousbloop
||jillyboy is ready for game 3.
|c|☆aqueousbloop|gg
|inactive|aqueousbloop has 30 seconds to confirm battle start!
||aqueousbloop is ready for game 3.
|uhtml|next|Next: Game 3 of 3
|l|☆jillyboy
|player|p1|
