|j|☆TheDark69420
|j|☆SunshineTufo
|html|TheDark69420SunshineTufo    
|uhtml|bestof|Game 1 of a best-of-3
|t:|1784797042
|gametype|doubles
|player|p1|TheDark69420|ghetsis-gen5bw|1408
|player|p2|SunshineTufo|li|1313
|gen|9
|tier|[Gen 9 Champions] VGC 2026 Reg M-B (Bo3)
|rated|
|rule|Species Clause: Limit one of each Pokémon
|rule|Item Clause: Limit 1 of each item
|clearpoke
|poke|p1|Raichu, L50, M|
|poke|p1|Sinistcha, L50|
|poke|p1|Corviknight, L50, M|
|poke|p1|Sylveon, L50, F|
|poke|p1|Garchomp, L50, F|
|poke|p1|Tyranitar, L50, F|
|poke|p2|Charizard, L50, M, shiny|
|poke|p2|Incineroar, L50, M, shiny|
|poke|p2|Sylveon, L50, M, shiny|
|poke|p2|Aerodactyl, L50, M, shiny|
|poke|p2|Garchomp, L50, M, shiny|
|poke|p2|Farigiraf, L50, M, shiny|
|teampreview|4
|showteam|p1|Raichu||RaichuniteY|LightningRod|ZapCannon,FocusBlast,FakeOut,Protect|Timid||M|||50|]Sinistcha||KasibBerry|Hospitality|MatchaGotcha,ShadowBall,RagePowder,Protect|Modest|||||50|]Corviknight||Leftovers|MirrorArmor|IronHead,BraveBird,Tailwind,Protect|Adamant||M|||50|]Sylveon||FairyFeather|Pixilate|HyperVoice,QuickAttack,Yawn,Detect|Modest||F|||50|]Garchomp||SitrusBerry|RoughSkin|DragonClaw,Earthquake,RockSlide,Protect|Adamant||F|||50|]Tyranitar||FocusSash|SandStream|RockSlide,KnockOff,Superpower,Protect|Adamant||F|||50|
|showteam|p2|Charizard||CharizarditeY|SolarPower|HeatWave,WeatherBall,SolarBeam,Protect|Modest||M|||50|]Incineroar||Charcoal|Intimidate|FlareBlitz,DarkestLariat,FakeOut,PartingShot|Brave||M|||50|]Sylveon||FairyFeather|Pixilate|HyperVoice,QuickAttack,HyperBeam,Detect|Modest||M|||50|]Aerodactyl||Aerodactylite|Unnerve|WideGuard,RockSlide,DualWingbeat,Tailwind|Jolly||M|||50|]Garchomp||LifeOrb|RoughSkin|Protect,StompingTantrum,DragonClaw,Earthquake|Adamant||M|||50|]Farigiraf||SitrusBerry|ArmorTail|SunnyDay,PsychicFangs,Thunderbolt,TrickRoom|Relaxed||M|||50|
|inactive|Battle timer is ON: inactive players will automatically lose when time's up. (requested by SunshineTufo)
|inactive|TheDark69420 also wants the timer to be on.
|inactive|TheDark69420 has 60 seconds left.
|inactive|SunshineTufo has 60 seconds left.
|
|t:|1784797078
|teamsize|p1|4
|teamsize|p2|4
|start
|switch|p1a: Sinistcha|Sinistcha, L50|100/100
|switch|p1b: Raichu|Raichu, L50, M|100/100
|switch|p2a: Charizard|Charizard, L50, M, shiny|100/100
|switch|p2b: Aerodactyl|Aerodactyl, L50, M, shiny|100/100
|-ability|p2b: Aerodactyl|Unnerve
|turn|1
|
|t:|1784797095
|switch|p2b: Incineroar|Incineroar, L50, M, shiny|100/100
|-ability|p2b: Incineroar|Intimidate|boost
|-unboost|p1a: Sinistcha|atk|1
|-unboost|p1b: Raichu|atk|1
|detailschange|p1b: Raichu|Raichu-Mega-Y, L50, M
|-mega|p1b: Raichu|Raichu|Raichunite Y
|move|p2a: Charizard|Protect|p2a: Charizard
|-singleturn|p2a: Charizard|Protect
|move|p1a: Sinistcha|Protect|p1a: Sinistcha
|-singleturn|p1a: Sinistcha|Protect
|move|p1b: Raichu|Fake Out|p2b: Incineroar
|-damage|p2b: Incineroar|94/100
|
|upkeep
|turn|2
|
|t:|1784797107
|switch|p1a: Tyranitar|Tyranitar, L50, F|100/100
|-weather|Sandstorm|[from] ability: Sand Stream|[of] p1a: Tyranitar
|switch|p2b: Aerodactyl|Aerodactyl, L50, M, shiny|100/100
|-ability|p2b: Aerodactyl|Unnerve
|detailschange|p2a: Charizard|Charizard-Mega-Y, L50, M, shiny
|-mega|p2a: Charizard|Charizard|Charizardite Y
|-weather|SunnyDay|[from] ability: Drought|[of] p2a: Charizard
|move|p1b: Raichu|Protect|p1b: Raichu
|-singleturn|p1b: Raichu|Protect
|move|p2a: Charizard|Heat Wave|p1b: Raichu|[spread] 
|-activate|p1b: Raichu|move: Protect
|-miss|p2a: Charizard|p1a: Tyranitar
|
|-weather|SunnyDay|[upkeep]
|upkeep
|turn|3
|
|t:|1784797124
|move|p2b: Aerodactyl|Wide Guard|p2b: Aerodactyl
|-singleturn|p2b: Aerodactyl|Wide Guard
|move|p1b: Raichu|Zap Cannon|p2b: Aerodactyl
|-supereffective|p2b: Aerodactyl|1
|-damage|p2b: Aerodactyl|0 fnt
|faint|p2b: Aerodactyl
|move|p2a: Charizard|Heat Wave|p1a: Tyranitar|[spread] p1b
|-miss|p2a: Charizard|p1a: Tyranitar
|-damage|p1b: Raichu|20/100y
|move|p1a: Tyranitar|Rock Slide|p2a: Charizard
|-activate|p2a: Charizard|move: Wide Guard
|
|-weather|SunnyDay|[upkeep]
|upkeep
|
|t:|1784797130
|switch|p2b: Garchomp|Garchomp, L50, M, shiny|100/100
|turn|4
|
|t:|1784797145
|switch|p2a: Incineroar|Incineroar, L50, M, shiny|94/100
|-ability|p2a: Incineroar|Intimidate|boost
|-unboost|p1a: Tyranitar|atk|1
|-unboost|p1b: Raichu|atk|1
|move|p1b: Raichu|Protect|p1b: Raichu
|-singleturn|p1b: Raichu|Protect
|move|p2b: Garchomp|Stomping Tantrum|p1a: Tyranitar
|-supereffective|p1a: Tyranitar|1
|-damage|p1a: Tyranitar|10/100
|-damage|p2b: Garchomp|90/100|[from] item: Life Orb
|move|p1a: Tyranitar|Knock Off|p2b: Garchomp
|-damage|p2b: Garchomp|58/100
|-damage|p1a: Tyranitar|0 fnt|[from] ability: Rough Skin|[of] p2b: Garchomp
|-enditem|p2b: Garchomp|Life Orb|[from] move: Knock Off|[of] p1a: Tyranitar
|faint|p1a: Tyranitar
|
|-weather|SunnyDay|[upkeep]
|upkeep
|
|t:|1784797159
|switch|p1a: Sylveon|Sylveon, L50, F|100/100
|turn|5
|
|t:|1784797168
|switch|p1b: Sinistcha|Sinistcha, L50|100/100
|move|p2a: Incineroar|Fake Out|p1a: Sylveon
|-damage|p1a: Sylveon|85/100
|move|p2b: Garchomp|Stomping Tantrum|p1b: Sinistcha
|-resisted|p1b: Sinistcha|1
|-damage|p1b: Sinistcha|82/100
|cant|p1a: Sylveon|flinch
|
|-weather|SunnyDay|[upkeep]
|upkeep
|turn|6
|
|t:|1784797175
|move|p2b: Garchomp|Protect|p2b: Garchomp
|-singleturn|p2b: Garchomp|Protect
|move|p1b: Sinistcha|Rage Powder|p1b: Sinistcha
|-singleturn|p1b: Sinistcha|move: Rage Powder
|move|p1a: Sylveon|Hyper Voice|p2a: Incineroar|[spread] p2a
|-activate|p2b: Garchomp|move: Protect
|-damage|p2a: Incineroar|55/100
|move|p2a: Incineroar|Flare Blitz|p1b: Sinistcha
|-supereffective|p1b: Sinistcha|1
|-damage|p1b: Sinistcha|0 fnt
|faint|p1b: Sinistcha
|-damage|p2a: Incineroar|31/100|[from] Recoil
|
|-weather|none
|upkeep
|
|t:|1784797178
|switch|p1b: Raichu|Raichu-Mega-Y, L50, M|20/100y
|turn|7
|
|t:|1784797190
|switch|p2b: Charizard|Charizard-Mega-Y, L50, M, shiny|100/100
|-weather|SunnyDay|[from] ability: Drought|[of] p2b: Charizard
|move|p1b: Raichu|Fake Out|p2b: Charizard
|-damage|p2b: Charizard|91/100
|move|p1a: Sylveon|Hyper Voice|p2a: Incineroar|[spread] p2a,p2b
|-resisted|p2b: Charizard|1
|-crit|p2b: Charizard
|-damage|p2a: Incineroar|0 fnt
|-damage|p2b: Charizard|63/100
|faint|p2a: Incineroar
|
|-weather|SunnyDay|[upkeep]
|upkeep
|
|t:|1784797198
|switch|p2a: Garchomp|Garchomp, L50, M, shiny|58/100
|turn|8
|
|t:|1784797204
|move|p1b: Raichu|Zap Cannon|p2b: Charizard
|-supereffective|p2b: Charizard|1
|-damage|p2b: Charizard|0 fnt
|faint|p2b: Charizard
|move|p2a: Garchomp|Earthquake|p1a: Sylveon|[spread] p1a,p1b
|-supereffective|p1b: Raichu|1
|-damage|p1a: Sylveon|40/100
|-damage|p1b: Raichu|0 fnt
|faint|p1b: Raichu
|move|p1a: Sylveon|Yawn|p2a: Garchomp
|-start|p2a: Garchomp|move: Yawn|[of] p1a: Sylveon
|
|-weather|SunnyDay|[upkeep]
|upkeep
|turn|9
|
|t:|1784797212
|move|p1a: Sylveon|Detect|p1a: Sylveon
|-singleturn|p1a: Sylveon|Protect
|move|p2a: Garchomp|Earthquake|p1a: Sylveon
|-activate|p1a: Sylveon|move: Protect
|
|-weather|SunnyDay|[upkeep]
|-end|p2a: Garchomp|move: Yawn|[silent]
|-status|p2a: Garchomp|slp
|upkeep
|turn|10
|
|t:|1784797214
|cant|p2a: Garchomp|slp
|move|p1a: Sylveon|Hyper Voice|p2a: Garchomp
|-supereffective|p2a: Garchomp|1
|-damage|p2a: Garchomp|0 fnt
|faint|p2a: Garchomp
|
|win|TheDark69420
