|j|☆ShinyPSIDuck
|j|☆glucon
|html|ShinyPSIDuckglucon    
|uhtml|bestof|Game 1 of a best-of-3
|t:|1785270440
|gametype|doubles
|player|p1|ShinyPSIDuck|1|1038
|player|p2|glucon|proton|1000
|gen|9
|tier|[Gen 9 Champions] VGC 2026 Reg M-B (Bo3)
|rated|
|rule|Species Clause: Limit one of each Pokémon
|rule|Item Clause: Limit 1 of each item
|clearpoke
|poke|p1|Archaludon, L50, M|
|poke|p1|Basculegion, L50, M, shiny|
|poke|p1|Pelipper, L50, M, shiny|
|poke|p1|Maushold, L50|
|poke|p1|Gardevoir, L50, F, shiny|
|poke|p1|Swampert, L50, M|
|poke|p2|Audino, L50, M, shiny|
|poke|p2|Kommo-o, L50, F, shiny|
|poke|p2|Volcarona, L50, M, shiny|
|poke|p2|Sinistcha, L50|
|poke|p2|Kingambit, L50, F, shiny|
|poke|p2|Sneasler, L50, M, shiny|
|teampreview|4
|showteam|p1|Archaludon||Leftovers|Stamina|DragonPulse,FlashCannon,ElectroShot,Protect|Calm||M|||50|]Basculegion||ChoiceScarf|Adaptability|WaveCrash,LastRespects,AquaJet,FlipTurn|Jolly||M|||50|]Pelipper||SitrusBerry|Drizzle|Hurricane,WeatherBall,Tailwind,Protect|Modest||M|||50|]Maushold||FocusSash|FriendGuard|SuperFang,RainDance,FollowMe,Protect|Timid|||||50|]Gardevoir||Gardevoirite|Trace|Psyshock,HyperVoice,TrickRoom,Protect|Modest||F|||50|]Swampert||Swampertite|Torrent|WaveCrash,HighHorsepower,IcePunch,Protect|Adamant||M|||50|
|showteam|p2|Audino||Audinite|Healer|SimpleBeam,HealPulse,HelpingHand,DrainingKiss|Timid||M|||50|]Kommo-o||SitrusBerry|Overcoat|ClangingScales,ClangorousSoul,AuraSphere,Protect|Modest||F|||50|]Volcarona||FocusSash|FlameBody|HeatWave,GigaDrain,QuiverDance,Protect|Quiet||M|||50|]Sinistcha||BigRoot|Hospitality|MatchaGotcha,LifeDew,RagePowder,TrickRoom|Relaxed|||||50|]Kingambit||LifeOrb|Defiant|SuckerPunch,IronHead,SwordsDance,Protect|Careful||F|||50|]Sneasler||WhiteHerb|PoisonTouch|FakeOut,DireClaw,CloseCombat,Protect|Adamant||M|||50|
|inactive|Battle timer is ON: inactive players will automatically lose when time's up. (requested by glucon)
|inactive|ShinyPSIDuck has 60 seconds left.
|inactive|ShinyPSIDuck has 30 seconds left.
|inactive|ShinyPSIDuck has 20 seconds left.
|inactive|ShinyPSIDuck has 15 seconds left.
|
|t:|1785270517
|teamsize|p1|4
|teamsize|p2|4
|start
|switch|p1a: Maushold|Maushold, L50|100/100
|switch|p1b: Gardevoir|Gardevoir, L50, F, shiny|100/100
|switch|p2a: Sneasler|Sneasler, L50, M, shiny|100/100
|switch|p2b: Sinistcha|Sinistcha, L50|100/100
|-ability|p1b: Gardevoir|Poison Touch|Trace|[from] ability: Trace|[of] p2a: Sneasler
|turn|1
|
|t:|1785270540
|move|p1a: Maushold|Protect|p1a: Maushold
|-singleturn|p1a: Maushold|Protect
|move|p1b: Gardevoir|Protect|p1b: Gardevoir
|-singleturn|p1b: Gardevoir|Protect
|move|p2a: Sneasler|Fake Out|p1b: Gardevoir
|-activate|p1b: Gardevoir|move: Protect
|move|p2b: Sinistcha|Rage Powder|p2b: Sinistcha
|-singleturn|p2b: Sinistcha|move: Rage Powder
|
|upkeep
|turn|2
|inactive|ShinyPSIDuck has 30 seconds left.
|
|t:|1785270571
|detailschange|p1b: Gardevoir|Gardevoir-Mega, L50, F, shiny
|-mega|p1b: Gardevoir|Gardevoir|Gardevoirite
|move|p1a: Maushold|Super Fang|p2a: Sneasler|[miss]
|-miss|p1a: Maushold|p2a: Sneasler
|move|p2a: Sneasler|Dire Claw|p1b: Gardevoir
|-supereffective|p1b: Gardevoir|1
|-damage|p1b: Gardevoir|20/100y
|move|p1b: Gardevoir|Hyper Voice|p2b: Sinistcha|[spread] p2a,p2b
|-damage|p2a: Sneasler|35/100
|-damage|p2b: Sinistcha|41/100
|move|p2b: Sinistcha|Matcha Gotcha|p1a: Maushold|[spread] p1a,p1b
|-crit|p1a: Maushold
|-damage|p1a: Maushold|55/100
|-heal|p2b: Sinistcha|70/100|[from] drain|[of] p1a: Maushold
|-damage|p1b: Gardevoir|6/100
|-heal|p2b: Sinistcha|80/100|[from] drain|[of] p1b: Gardevoir
|
|upkeep
|turn|3
|
|t:|1785270594
|move|p1a: Maushold|Follow Me|p1a: Maushold
|-singleturn|p1a: Maushold|move: Follow Me
|move|p2a: Sneasler|Dire Claw|p1a: Maushold
|-damage|p1a: Maushold|0 fnt
|faint|p1a: Maushold
|move|p1b: Gardevoir|Hyper Voice|p2b: Sinistcha|[spread] p2a,p2b
|-damage|p2a: Sneasler|0 fnt
|-damage|p2b: Sinistcha|14/100
|faint|p2a: Sneasler
|move|p2b: Sinistcha|Life Dew|p2b: Sinistcha
|-heal|p2b: Sinistcha|39/100
|
|upkeep
|
|t:|1785270612
|switch|p1a: Pelipper|Pelipper, L50, M, shiny|100/100
|switch|p2a: Kommo-o|Kommo-o, L50, F, shiny|100/100
|-weather|RainDance|[from] ability: Drizzle|[of] p1a: Pelipper
|turn|4
|
|t:|1785270633
|move|p2a: Kommo-o|Protect|p2a: Kommo-o
|-singleturn|p2a: Kommo-o|Protect
|move|p1b: Gardevoir|Hyper Voice|p2a: Kommo-o|[spread] p2b
|-activate|p2a: Kommo-o|move: Protect
|-damage|p2b: Sinistcha|0 fnt
|faint|p2b: Sinistcha
|move|p1a: Pelipper|Hurricane|p2a: Kommo-o
|-activate|p2a: Kommo-o|move: Protect
|
|-weather|RainDance|[upkeep]
|upkeep
|
|t:|1785270643
|switch|p2b: Audino|Audino, L50, M, shiny|100/100
|turn|5
|
|t:|1785270668
|detailschange|p2b: Audino|Audino-Mega, L50, M, shiny
|-mega|p2b: Audino|Audino|Audinite
|move|p1b: Gardevoir|Hyper Voice|p2a: Kommo-o|[spread] p2a,p2b
|-supereffective|p2a: Kommo-o|2
|-damage|p2a: Kommo-o|0 fnt
|-damage|p2b: Audino|54/100
|faint|p2a: Kommo-o
|move|p2b: Audino|Heal Pulse|p2: Kommo-o|[notarget]
|-fail|p2b: Audino
|move|p1a: Pelipper|Hurricane|p2b: Audino
|-damage|p2b: Audino|20/100y
|-start|p2b: Audino|confusion
|
|-weather|RainDance|[upkeep]
|upkeep
|turn|6
|j| soulmoonvgc
|-message|glucon forfeited.
|
|win|ShinyPSIDuck
