|j|☆ur1ryanpowney
|j|☆i cant fit in
|html|ur1ryanpowneyi cant fit in    
|uhtml|bestof|Game 2 of a best-of-3
|t:|1756234718
|gametype|doubles
|player|p1|ur1ryanpowney|nate|
|player|p2|i cant fit in|1|
|gen|9
|tier|[Gen 9] VGC 2025 Reg H (Bo3)
|rule|Species Clause: Limit one of each Pokémon
|rule|Item Clause: Limit 1 of each item
|clearpoke
|poke|p1|Ursaluna, L50, F|
|poke|p1|Kommo-o, L50, M|
|poke|p1|Indeedee-F, L50, F|
|poke|p1|Incineroar, L50, F|
|poke|p1|Braviary-Hisui, L50, M|
|poke|p1|Amoonguss, L50, F|
|poke|p2|Sneasler, L50, M|
|poke|p2|Clefable, L50, M|
|poke|p2|Gholdengo, L50|
|poke|p2|Rillaboom, L50, M|
|poke|p2|Magmar, L50, M|
|poke|p2|Dragapult, L50, F|
|teampreview|4
|showteam|p1|Ursaluna||FlameOrb|Guts|Facade,Earthquake,Protect,HeadlongRush|||F|||50|,,,,,Normal]Kommo-o||ThroatSpray|Overcoat|ClangorousSoul,ClangingScales,Protect,Flamethrower|||M|||50|,,,,,Fire]Indeedee-F||MentalHerb|PsychicSurge|DazzlingGleam,FollowMe,TrickRoom,HelpingHand|||F|||50|,,,,,Fairy]Incineroar||SafetyGoggles|Intimidate|FakeOut,KnockOff,PartingShot,FlareBlitz|||F|||50|,,,,,Grass]Braviary-Hisui||LifeOrb|TintedLens|ExpandingForce,Protect,TeraBlast,EsperWing|||M|||50|,,,,,Fighting]Amoonguss||RoomService|Regenerator|Spore,PollenPuff,RagePowder,ClearSmog|||F|||50|,,,,,Water
|showteam|p2|Sneasler||FocusSash|Unburden|CloseCombat,DireClaw,Protect,ThroatChop|||M|||50|,,,,,Dark]Clefable||RockyHelmet|Unaware|Moonblast,IcyWind,FollowMe,Protect|||M|||50|,,,,,Steel]Gholdengo||LifeOrb|GoodasGold|MakeItRain,ShadowBall,NastyPlot,Protect||||||50|,,,,,Water]Rillaboom||AssaultVest|GrassySurge|WoodHammer,GrassyGlide,HighHorsepower,FakeOut|||M|||50|,,,,,Fire]Magmar||Eviolite|VitalSpirit|Taunt,Overheat,FollowMe,Protect|||M|||50|,,,,,Ghost]Dragapult||ChoiceSpecs|ClearBody|ShadowBall,DracoMeteor,Thunderbolt,Flamethrower|||F|||50|,,,,,Fire
|
|t:|1756234769
|teamsize|p1|4
|teamsize|p2|4
|start
|switch|p1a: Indeedee|Indeedee-F, L50, F|100/100
|switch|p1b: Braviary|Braviary-Hisui, L50, M|100/100
|switch|p2a: Gholdengo|Gholdengo, L50|100/100
|switch|p2b: Clefable|Clefable, L50, M, shiny|100/100
|-fieldstart|move: Psychic Terrain|[from] ability: Psychic Surge|[of] p1a: Indeedee
|turn|1
|
|t:|1756234790
|switch|p2b: Dk|Rillaboom, L50, M, shiny|100/100
|-fieldstart|move: Grassy Terrain|[from] ability: Grassy Surge|[of] p2b: Dk
|-terastallize|p1b: Braviary|Fighting
|move|p1a: Indeedee|Helping Hand|p1b: Braviary
|-singleturn|p1b: Braviary|Helping Hand|[of] p1a: Indeedee
|move|p2a: Gholdengo|Nasty Plot|p2a: Gholdengo
|-boost|p2a: Gholdengo|spa|2
|move|p1b: Braviary|Expanding Force|p2a: Gholdengo
|-resisted|p2a: Gholdengo
|-damage|p2a: Gholdengo|16/100
|-damage|p1b: Braviary|91/100|[from] item: Life Orb
|
|-heal|p2a: Gholdengo|22/100|[from] Grassy Terrain
|-heal|p1b: Braviary|97/100|[from] Grassy Terrain
|upkeep
|turn|2
|
|t:|1756234819
|switch|p1b: Amoonguss|Amoonguss, L50, F, shiny|100/100
|move|p2b: Dk|Fake Out|p1a: Indeedee
|-crit|p1a: Indeedee
|-damage|p1a: Indeedee|76/100
|move|p2a: Gholdengo|Make It Rain|p1a: Indeedee|[spread] p1a,p1b
|-damage|p1a: Indeedee|0 fnt
|-damage|p1b: Amoonguss|17/100
|-unboost|p2a: Gholdengo|spa|1
|faint|p1a: Indeedee
|-damage|p2a: Gholdengo|12/100|[from] item: Life Orb
|
|-heal|p2a: Gholdengo|18/100|[from] Grassy Terrain
|-heal|p1b: Amoonguss|23/100|[from] Grassy Terrain
|upkeep
|
|t:|1756234838
|switch|p1a: Braviary|Braviary-Hisui, L50, M, tera:Fighting|97/100
|turn|3
|
|t:|1756234861
|move|p1a: Braviary|Protect|p1a: Braviary
|-singleturn|p1a: Braviary|Protect
|move|p2b: Dk|Grassy Glide|p1a: Braviary
|-activate|p1a: Braviary|move: Protect
|move|p2a: Gholdengo|Make It Rain|p1a: Braviary|[spread] p1b
|-activate|p1a: Braviary|move: Protect
|-crit|p1b: Amoonguss
|-damage|p1b: Amoonguss|0 fnt
|-unboost|p2a: Gholdengo|spa|1
|faint|p1b: Amoonguss
|-damage|p2a: Gholdengo|8/100|[from] item: Life Orb
|
|-heal|p2a: Gholdengo|14/100|[from] Grassy Terrain
|-heal|p1a: Braviary|100/100|[from] Grassy Terrain
|upkeep
|
|t:|1756234875
|switch|p1b: Kommo-o|Kommo-o, L50, M|100/100
|turn|4
|
|t:|1756234884
|move|p2a: Gholdengo|Make It Rain|p1a: Braviary|[spread] p1a,p1b
|-damage|p1a: Braviary|33/100
|-damage|p1b: Kommo-o|50/100
|-unboost|p2a: Gholdengo|spa|1
|-damage|p2a: Gholdengo|5/100|[from] item: Life Orb
|move|p2b: Dk|Wood Hammer|p1b: Kommo-o
|-resisted|p1b: Kommo-o
|-damage|p1b: Kommo-o|12/100
|-damage|p2b: Dk|90/100|[from] Recoil
|move|p1a: Braviary|Esper Wing|p2b: Dk
|-damage|p2b: Dk|47/100
|-boost|p1a: Braviary|spe|1
|-damage|p1a: Braviary|23/100|[from] item: Life Orb
|move|p1b: Kommo-o|Clangorous Soul||[still]
|-fail|p1b: Kommo-o
|
|-heal|p1a: Braviary|29/100|[from] Grassy Terrain
|-heal|p2a: Gholdengo|11/100|[from] Grassy Terrain
|-heal|p2b: Dk|53/100|[from] Grassy Terrain
|-heal|p1b: Kommo-o|18/100|[from] Grassy Terrain
|upkeep
|turn|5
|-message|ur1ryanpowney forfeited.
|
|win|i cant fit in
|l|☆ur1ryanpowney
|player|p1|
