|j|☆Fireb7798
|j|☆essypunk
|html|Fireb7798essypunk    
|uhtml|bestof|Game 1 of a best-of-3
|t:|1785111042
|gametype|doubles
|player|p1|Fireb7798|shauntal|1168
|player|p2|essypunk|hilda|1032
|gen|9
|tier|[Gen 9 Champions] VGC 2026 Reg M-B (Bo3)
|rated|
|rule|Species Clause: Limit one of each Pokémon
|rule|Item Clause: Limit 1 of each item
|clearpoke
|poke|p1|Beedrill, L50, F|
|poke|p1|Incineroar, L50, M|
|poke|p1|Garchomp, L50, F|
|poke|p1|Sylveon, L50, M|
|poke|p1|Farigiraf, L50, M|
|poke|p1|Annihilape, L50, F|
|poke|p2|Delphox, L50, F, shiny|
|poke|p2|Garchomp, L50, M|
|poke|p2|Incineroar, L50, M, shiny|
|poke|p2|Sinistcha, L50|
|poke|p2|Maushold, L50|
|poke|p2|Whimsicott, L50, M, shiny|
|teampreview|4
|showteam|p1|Beedrill||Beedrillite|Swarm|PoisonJab,Uturn,Protect,StringShot|Jolly||F|||50|]Incineroar||Charcoal|Intimidate|FakeOut,HelpingHand,FlareBlitz,PartingShot|Brave||M|||50|]Garchomp||LifeOrb|RoughSkin|DragonClaw,StompingTantrum,RockSlide,Protect|Jolly||F|||50|]Sylveon||FairyFeather|Pixilate|HyperVoice,HyperBeam,QuickAttack,Detect|Modest||M|||50|]Farigiraf||SitrusBerry|ArmorTail|Psychic,TrickRoom,Protect,Imprison|Calm||M|||50|]Annihilape||ChoiceScarf|Defiant|CloseCombat,PhantomForce,RockTomb,Coaching|Jolly||F|||50|
|showteam|p2|Delphox||Delphoxite|Blaze|HeatWave,NastyPlot,Psychic,Protect|Timid||F|||50|]Garchomp||LifeOrb|RoughSkin|RockSlide,DragonClaw,Earthquake,Protect|Adamant||M|||50|]Incineroar||ShucaBerry|Intimidate|FakeOut,PartingShot,DarkestLariat,FlareBlitz|Careful||M|||50|]Sinistcha||ColburBerry|Hospitality|MatchaGotcha,RagePowder,Reflect,Protect|Bold|||||50|]Maushold||WideLens|FriendGuard|FollowMe,Taunt,PopulationBomb,Protect|Jolly|||||50|]Whimsicott||FocusSash|Prankster|Tailwind,SunnyDay,Moonblast,Protect|Modest||M|||50|
|
|t:|1785111071
|teamsize|p1|4
|teamsize|p2|4
|start
|switch|p1a: Annihilape|Annihilape, L50, F|100/100
|switch|p1b: Incineroar|Incineroar, L50, M|100/100
|switch|p2a: Maushold|Maushold, L50|100/100
|switch|p2b: Delphox|Delphox, L50, F, shiny|100/100
|-ability|p1b: Incineroar|Intimidate|boost
|-unboost|p2a: Maushold|atk|1
|-unboost|p2b: Delphox|atk|1
|turn|1
|inactive|Battle timer is ON: inactive players will automatically lose when time's up. (requested by essypunk)
|
|t:|1785111095
|switch|p2a: Garchomp|Garchomp, L50, M|100/100
|detailschange|p2b: Delphox|Delphox-Mega, L50, F, shiny
|-mega|p2b: Delphox|Delphox|Delphoxite
|move|p1a: Annihilape|Close Combat|p2a: Garchomp
|-damage|p2a: Garchomp|45/100
|-unboost|p1a: Annihilape|def|1
|-unboost|p1a: Annihilape|spd|1
|-damage|p1a: Annihilape|87/100|[from] ability: Rough Skin|[of] p2a: Garchomp
|move|p2b: Delphox|Nasty Plot|p2b: Delphox
|-boost|p2b: Delphox|spa|2
|move|p1b: Incineroar|Parting Shot|p2b: Delphox
|-unboost|p2b: Delphox|atk|1
|-unboost|p2b: Delphox|spa|1
|
|t:|1785111108
|switch|p1b: Beedrill|Beedrill, L50, F|100/100|[from] Parting Shot
|
|upkeep
|turn|2
|
|t:|1785111116
|switch|p2a: Maushold|Maushold, L50|100/100
|detailschange|p1b: Beedrill|Beedrill-Mega, L50, F
|-mega|p1b: Beedrill|Beedrill|Beedrillite
|move|p2b: Delphox|Protect|p2b: Delphox
|-singleturn|p2b: Delphox|Protect
|move|p1a: Annihilape|Close Combat|p2a: Maushold
|-supereffective|p2a: Maushold|1
|-damage|p2a: Maushold|0 fnt
|-unboost|p1a: Annihilape|def|1
|-unboost|p1a: Annihilape|spd|1
|faint|p2a: Maushold
|move|p1b: Beedrill|U-turn|p2b: Delphox
|-activate|p2b: Delphox|move: Protect
|
|upkeep
|
|t:|1785111129
|switch|p2a: Whimsicott|Whimsicott, L50, M, shiny|100/100
|turn|3
|
|t:|1785111140
|switch|p1a: Incineroar|Incineroar, L50, M|100/100
|-ability|p1a: Incineroar|Intimidate|boost
|-unboost|p2a: Whimsicott|atk|1
|-unboost|p2b: Delphox|atk|1
|move|p1b: Beedrill|Protect|p1b: Beedrill
|-singleturn|p1b: Beedrill|Protect
|move|p2a: Whimsicott|Tailwind|p2a: Whimsicott
|-sidestart|p2: essypunk|move: Tailwind
|move|p2b: Delphox|Heat Wave|p1a: Incineroar|[spread] p1a
|-activate|p1b: Beedrill|move: Protect
|-resisted|p1a: Incineroar|1
|-damage|p1a: Incineroar|77/100
|
|upkeep
|turn|4
|
|t:|1785111161
|switch|p2a: Garchomp|Garchomp, L50, M|45/100
|switch|p1b: Annihilape|Annihilape, L50, F|87/100
|move|p1a: Incineroar|Fake Out|p2b: Delphox
|-damage|p2b: Delphox|83/100
|cant|p2b: Delphox|flinch
|
|upkeep
|turn|5
|inactive|Fireb7798 has 30 seconds left.
|
|t:|1785111195
|switch|p1a: Beedrill|Beedrill-Mega, L50, F|100/100
|move|p2b: Delphox|Psychic|p1b: Annihilape
|-supereffective|p1b: Annihilape|1
|-damage|p1b: Annihilape|0 fnt
|faint|p1b: Annihilape
|move|p2a: Garchomp|Earthquake|p1a: Beedrill|[spread] p1a
|-immune|p2b: Delphox|[from] ability: Levitate
|-damage|p1a: Beedrill|0 fnt
|faint|p1a: Beedrill
|-damage|p2a: Garchomp|35/100|[from] item: Life Orb
|
|upkeep
|
|t:|1785111201
|switch|p1a: Sylveon|Sylveon, L50, M|100/100
|switch|p1b: Incineroar|Incineroar, L50, M|77/100
|-ability|p1b: Incineroar|Intimidate|boost
|-unboost|p2a: Garchomp|atk|1
|-unboost|p2b: Delphox|atk|1
|turn|6
|
|t:|1785111214
|switch|p2a: Whimsicott|Whimsicott, L50, M, shiny|100/100
|move|p1b: Incineroar|Helping Hand|p1a: Sylveon
|-singleturn|p1a: Sylveon|Helping Hand|[of] p1b: Incineroar
|move|p2b: Delphox|Protect|p2b: Delphox
|-singleturn|p2b: Delphox|Protect
|move|p1a: Sylveon|Hyper Voice|p2a: Whimsicott|[spread] p2a
|-activate|p2b: Delphox|move: Protect
|-damage|p2a: Whimsicott|11/100
|
|-sideend|p2: essypunk|move: Tailwind
|upkeep
|turn|7
|inactive|Fireb7798 has 30 seconds left.
|inactive|essypunk has 30 seconds left.
|inactive|Fireb7798 has 20 seconds left.
|j| guccirain2006
|
|t:|1785111250
|move|p2a: Whimsicott|Tailwind|p2a: Whimsicott
|-sidestart|p2: essypunk|move: Tailwind
|move|p2b: Delphox|Heat Wave|p1a: Sylveon|[spread] p1a,p1b
|-resisted|p1b: Incineroar|1
|-damage|p1a: Sylveon|61/100
|-damage|p1b: Incineroar|56/100
|move|p1a: Sylveon|Hyper Voice|p2a: Whimsicott|[spread] p2a,p2b
|-resisted|p2b: Delphox|1
|-damage|p2a: Whimsicott|0 fnt
|-damage|p2b: Delphox|65/100
|faint|p2a: Whimsicott
|move|p1b: Incineroar|Flare Blitz|p2b: Delphox
|-resisted|p2b: Delphox|1
|-damage|p2b: Delphox|22/100
|-damage|p1b: Incineroar|43/100|[from] Recoil
|
|upkeep
|
|t:|1785111262
|switch|p2a: Garchomp|Garchomp, L50, M|35/100
|turn|8
|
|t:|1785111268
|move|p1b: Incineroar|Helping Hand|p1a: Sylveon
|-singleturn|p1a: Sylveon|Helping Hand|[of] p1b: Incineroar
|move|p1a: Sylveon|Quick Attack|p2a: Garchomp
|-supereffective|p2a: Garchomp|1
|-damage|p2a: Garchomp|2/100
|-damage|p1a: Sylveon|49/100|[from] ability: Rough Skin|[of] p2a: Garchomp
|move|p2b: Delphox|Heat Wave|p1b: Incineroar|[spread] p1a,p1b
|-resisted|p1b: Incineroar|1
|-damage|p1a: Sylveon|8/100
|-damage|p1b: Incineroar|19/100
|move|p2a: Garchomp|Earthquake|p1b: Incineroar|[spread] p1a,p1b
|-immune|p2b: Delphox|[from] ability: Levitate
|-supereffective|p1b: Incineroar|1
|-damage|p1a: Sylveon|0 fnt
|-damage|p1b: Incineroar|0 fnt
|faint|p1a: Sylveon
|faint|p1b: Incineroar
|-damage|p2a: Garchomp|0 fnt|[from] item: Life Orb
|faint|p2a: Garchomp
|
|win|essypunk
