|j|☆MenOfStrat
|j|☆Imanol Alguacil
|html|MenOfStratImanol Alguacil    
|uhtml|bestof|Game 1 of a best-of-3
|t:|1756726932
|gametype|doubles
|player|p1|MenOfStrat|li|1040
|player|p2|Imanol Alguacil|hiker-gen7|1000
|gen|9
|tier|[Gen 9] VGC 2025 Reg H (Bo3)
|rated|
|rule|Species Clause: Limit one of each Pokémon
|rule|Item Clause: Limit 1 of each item
|clearpoke
|poke|p1|Incineroar, L50, F|
|poke|p1|Rillaboom, L50, M|
|poke|p1|Basculegion, L50, M|
|poke|p1|Volcarona, L50, M|
|poke|p1|Tyranitar, L50, F|
|poke|p1|Dragonite, L50, F|
|poke|p2|Murkrow, L50, M|
|poke|p2|Gholdengo, L50|
|poke|p2|Slowking-Galar, L50, M|
|poke|p2|Sinistcha, L50|
|poke|p2|Ursaluna, L50, F|
|poke|p2|Kingambit, L50, M|
|teampreview|4
|showteam|p1|Incineroar||SafetyGoggles|Intimidate|FakeOut,KnockOff,PartingShot,FlareBlitz|||F|||50|,,,,,Ghost]Rillaboom||MiracleSeed|GrassySurge|FakeOut,GrassyGlide,WoodHammer,HighHorsepower|||M|||50|,,,,,Fire]Basculegion||ChoiceScarf|Adaptability|WaveCrash,FlipTurn,AquaJet,LastRespects|||M|||50|,,,,,Grass]Volcarona||Leftovers|FlameBody|HeatWave,QuiverDance,TeraBlast,Protect|||M|||50|,,,,,Fairy]Tyranitar||AssaultVest|SandStream|KnockOff,TeraBlast,LowKick,RockSlide|||F|||50|,,,,,Flying]Dragonite||LoadedDice|Multiscale|Protect,Tailwind,ScaleShot,Haze|||F|||50|,,,,,Fairy
|showteam|p2|Murkrow||Eviolite|Prankster|Tailwind,Haze,FeatherDance,RainDance|||M|||50|,,,,,Ghost]Gholdengo||ChoiceSpecs|GoodasGold|MakeItRain,Trick,ShadowBall,Thunderbolt||||||50|,,,,,Steel]Slowking-Galar||LifeOrb|CuriousMedicine|Protect,SludgeBomb,Psychic,Flamethrower|||M|||50|,,,,,Poison]Sinistcha||SitrusBerry|Hospitality|RagePowder,MatchaGotcha,TrickRoom,StrengthSap||||||50|,,,,,Dark]Ursaluna||FlameOrb|Guts|Protect,Facade,Earthquake,HeadlongRush|||F|||50|,,,,,Ghost]Kingambit||BlackGlasses|Defiant|Protect,SuckerPunch,KowtowCleave,SwordsDance|||M|||50|,,,,,Dark
|inactive|Battle timer is ON: inactive players will automatically lose when time's up. (requested by Imanol Alguacil)
|c|☆Imanol Alguacil|Kevid
|inactive|MenOfStrat has 60 seconds left.
|inactive|Imanol Alguacil has 60 seconds left.
|inactive|Imanol Alguacil has 30 seconds left.
|inactive|Imanol Alguacil has 20 seconds left.
|inactive|Imanol Alguacil has 15 seconds left.
|
|t:|1756727008
|teamsize|p1|4
|teamsize|p2|4
|start
|switch|p1a: Volcarona|Volcarona, L50, M|100/100
|switch|p1b: Basculegion|Basculegion, L50, M|100/100
|switch|p2a: Caldo de Puchero|Murkrow, L50, M|100/100
|switch|p2b: Mejillones|Gholdengo, L50|100/100
|turn|1
|inactive|MenOfStrat has 30 seconds left.
|inactive|Imanol Alguacil has 30 seconds left.
|inactive|MenOfStrat has 20 seconds left.
|
|t:|1756727045
|switch|p1b: Incineroar|Incineroar, L50, F|100/100
|-ability|p1b: Incineroar|Intimidate|boost
|-unboost|p2a: Caldo de Puchero|atk|1
|-unboost|p2b: Mejillones|atk|1
|move|p2a: Caldo de Puchero|Tailwind|p2a: Caldo de Puchero
|-sidestart|p2: Imanol Alguacil|move: Tailwind
|move|p2b: Mejillones|Shadow Ball|p1a: Volcarona
|-damage|p1a: Volcarona|37/100
|move|p1a: Volcarona|Heat Wave|p2b: Mejillones|[spread] p2a,p2b
|-supereffective|p2b: Mejillones
|-damage|p2a: Caldo de Puchero|57/100
|-damage|p2b: Mejillones|21/100
|
|-heal|p1a: Volcarona|43/100|[from] item: Leftovers
|upkeep
|turn|2
|inactive|MenOfStrat has 30 seconds left.
|inactive|Imanol Alguacil has 30 seconds left.
|inactive|MenOfStrat has 20 seconds left.
|inactive|Imanol Alguacil has 20 seconds left.
|inactive|Imanol Alguacil has 15 seconds left.
|inactive|Imanol Alguacil has 10 seconds left.
|
|t:|1756727093
|switch|p2a: Sal gorda|Sinistcha, L50|100/100
|-heal|p2b: Mejillones|46/100|[from] ability: Hospitality|[of] p2a: Sal gorda
|-terastallize|p2b: Mejillones|Steel
|move|p1a: Volcarona|Protect|p1a: Volcarona
|-singleturn|p1a: Volcarona|Protect
|move|p2b: Mejillones|Shadow Ball|p1a: Volcarona
|-activate|p1a: Volcarona|move: Protect
|move|p1b: Incineroar|Flare Blitz|p2b: Mejillones
|-supereffective|p2b: Mejillones
|-crit|p2b: Mejillones
|-damage|p2b: Mejillones|0 fnt
|faint|p2b: Mejillones
|-damage|p1b: Incineroar|88/100|[from] Recoil
|
|-heal|p1a: Volcarona|49/100|[from] item: Leftovers
|upkeep
|
|t:|1756727101
|switch|p2b: Pasta al dente|Ursaluna, L50, F|100/100
|turn|3
|inactive|MenOfStrat has 30 seconds left.
|inactive|MenOfStrat has 20 seconds left.
|
|t:|1756727137
|move|p2b: Pasta al dente|Earthquake|p1b: Incineroar|[spread] p2a,p1a,p1b
|-resisted|p2a: Sal gorda
|-crit|p2a: Sal gorda
|-supereffective|p1b: Incineroar
|-damage|p2a: Sal gorda|75/100
|-damage|p1a: Volcarona|0 fnt
|-damage|p1b: Incineroar|14/100
|faint|p1a: Volcarona
|move|p2a: Sal gorda|Matcha Gotcha|p1b: Incineroar
|-resisted|p1b: Incineroar
|-damage|p1b: Incineroar|1/100
|-heal|p2a: Sal gorda|83/100|[from] drain|[of] p1b: Incineroar
|move|p1b: Incineroar|Parting Shot|p2a: Sal gorda
|-unboost|p2a: Sal gorda|atk|1
|-unboost|p2a: Sal gorda|spa|1
|
|t:|1756727148
|switch|p1b: Rillaboom|Rillaboom, L50, M|100/100|[from] Parting Shot
|-fieldstart|move: Grassy Terrain|[from] ability: Grassy Surge|[of] p1b: Rillaboom
|
|-heal|p2a: Sal gorda|89/100|[from] Grassy Terrain
|-status|p2b: Pasta al dente|brn|[from] item: Flame Orb
|upkeep
|
|t:|1756727151
|switch|p1a: Incineroar|Incineroar, L50, F|1/100
|-ability|p1a: Incineroar|Intimidate|boost
|-unboost|p2a: Sal gorda|atk|1
|-unboost|p2b: Pasta al dente|atk|1
|turn|4
|inactive|MenOfStrat has 30 seconds left.
|inactive|MenOfStrat has 20 seconds left.
|
|t:|1756727190
|switch|p2b: Caldo de Puchero|Murkrow, L50, M|57/100
|switch|p1a: Basculegion|Basculegion, L50, M|100/100
|move|p2a: Sal gorda|Matcha Gotcha|p1a: Basculegion|[spread] p1a,p1b
|-supereffective|p1a: Basculegion
|-resisted|p1b: Rillaboom
|-damage|p1a: Basculegion|54/100
|-heal|p2a: Sal gorda|100/100|[from] drain|[of] p1a: Basculegion
|-damage|p1b: Rillaboom|90/100
|move|p1b: Rillaboom|Wood Hammer|p2b: Caldo de Puchero
|-resisted|p2b: Caldo de Puchero
|-damage|p2b: Caldo de Puchero|14/100
|-damage|p1b: Rillaboom|77/100|[from] Recoil
|
|-heal|p1a: Basculegion|60/100|[from] Grassy Terrain
|-heal|p1b: Rillaboom|83/100|[from] Grassy Terrain
|-sideend|p2: Imanol Alguacil|move: Tailwind
|upkeep
|turn|5
|inactive|MenOfStrat has 30 seconds left.
|inactive|Imanol Alguacil has 30 seconds left.
|inactive|Imanol Alguacil has 20 seconds left.
|
|t:|1756727228
|move|p2b: Caldo de Puchero|Feather Dance|p1a: Basculegion
|-unboost|p1a: Basculegion|atk|2
|move|p1a: Basculegion|Wave Crash|p2b: Caldo de Puchero
|-damage|p2b: Caldo de Puchero|0 fnt
|faint|p2b: Caldo de Puchero
|-damage|p1a: Basculegion|57/100|[from] Recoil
|move|p1b: Rillaboom|Wood Hammer|p2a: Sal gorda
|-resisted|p2a: Sal gorda
|-damage|p2a: Sal gorda|66/100
|-damage|p1b: Rillaboom|73/100|[from] Recoil
|move|p2a: Sal gorda|Trick Room|p2a: Sal gorda
|-fieldstart|move: Trick Room|[of] p2a: Sal gorda
|
|-heal|p2a: Sal gorda|72/100|[from] Grassy Terrain
|-heal|p1b: Rillaboom|79/100|[from] Grassy Terrain
|-heal|p1a: Basculegion|63/100|[from] Grassy Terrain
|upkeep
|
|t:|1756727237
|switch|p2b: Pasta al dente|Ursaluna, L50, F|100/100 brn
|turn|6
|
|t:|1756727259
|switch|p1a: Incineroar|Incineroar, L50, F|1/100
|-ability|p1a: Incineroar|Intimidate|boost
|-unboost|p2a: Sal gorda|atk|1
|-unboost|p2b: Pasta al dente|atk|1
|move|p2a: Sal gorda|Strength Sap|p1a: Incineroar
|-unboost|p1a: Incineroar|atk|1
|-heal|p2a: Sal gorda|100/100
|move|p2b: Pasta al dente|Facade|p1b: Rillaboom
|-damage|p1b: Rillaboom|0 fnt
|faint|p1b: Rillaboom
|
|-heal|p1a: Incineroar|7/100|[from] Grassy Terrain
|-damage|p2b: Pasta al dente|95/100 brn|[from] brn
|upkeep
|
|t:|1756727262
|switch|p1b: Basculegion|Basculegion, L50, M|63/100
|turn|7
|inactive|MenOfStrat has 30 seconds left.
|inactive|MenOfStrat has 20 seconds left.
|inactive|MenOfStrat has 15 seconds left.
|
|t:|1756727303
|-terastallize|p1b: Basculegion|Grass
|move|p2b: Pasta al dente|Protect|p2b: Pasta al dente
|-singleturn|p2b: Pasta al dente|Protect
|move|p1a: Incineroar|Fake Out|p2b: Pasta al dente
|-activate|p2b: Pasta al dente|move: Protect
|move|p2a: Sal gorda|Matcha Gotcha|p1b: Basculegion|[spread] p1a,p1b
|-resisted|p1a: Incineroar
|-resisted|p1b: Basculegion
|-damage|p1a: Incineroar|0 fnt
|-damage|p1b: Basculegion|52/100
|faint|p1a: Incineroar
|move|p1b: Basculegion|Wave Crash|p2b: Pasta al dente
|-activate|p2b: Pasta al dente|move: Protect
|
|-heal|p2b: Pasta al dente|100/100 brn|[from] Grassy Terrain
|-heal|p1b: Basculegion|58/100|[from] Grassy Terrain
|-damage|p2b: Pasta al dente|95/100 brn|[from] brn
|-fieldend|move: Grassy Terrain
|upkeep
|turn|8
|
|t:|1756727321
|move|p2a: Sal gorda|Strength Sap|p1b: Basculegion
|-unboost|p1b: Basculegion|atk|1
|move|p2b: Pasta al dente|Facade|p1b: Basculegion
|-damage|p1b: Basculegion|0 fnt
|faint|p1b: Basculegion
|
|win|Imanol Alguacil
||Imanol Alguacil is ready for game 2.
||MenOfStrat is ready for game 2.
|uhtml|next|Next: Game 2 of 3
