|j|☆D4ilos
|j|☆Pytonia
|html|D4ilosPytonia    
|uhtml|bestof|Game 1 of a best-of-3
|t:|1783146771
|gametype|doubles
|player|p1|D4ilos|102|1065
|player|p2|Pytonia|lucian|1135
|gen|9
|tier|[Gen 9 Champions] VGC 2026 Reg M-B (Bo3)
|rated|
|rule|Species Clause: Limit one of each Pokémon
|rule|Item Clause: Limit 1 of each item
|clearpoke
|poke|p1|Garchomp, L50, M|
|poke|p1|Metagross, L50|
|poke|p1|Farigiraf, L50, F|
|poke|p1|Milotic, L50, F|
|poke|p1|Zoroark-Hisui, L50, M|
|poke|p1|Tyranitar, L50, M|
|poke|p2|Meganium, L50, F|
|poke|p2|Tyranitar, L50, F|
|poke|p2|Armarouge, L50, M|
|poke|p2|Excadrill, L50, M|
|poke|p2|Malamar, L50, F|
|poke|p2|Sinistcha, L50|
|teampreview|4
|showteam|p1|Garchomp||Garchompite|SandVeil|Earthquake,RockSlide,DragonClaw,Protect|Brave||M|||50|]Metagross||Metagrossite|ClearBody|BodyPress,BulletPunch,PsychicFangs,IcePunch|Brave|||||50|]Farigiraf||SitrusBerry|ArmorTail|TrickRoom,TwinBeam,AllySwitch,HyperVoice|Bold||F|||50|]Milotic||Leftovers|Competitive|Scald,LifeDew,IceBeam,Protect|Modest||F|||50|]Zoroark-Hisui||LifeOrb|Illusion|HyperVoice,ShadowBall,SludgeBomb,IcyWind|Modest||M|||50|]Tyranitar||FocusSash|SandStream|KnockOff,Protect,RockSlide,StealthRock|Brave||M|||50|
|showteam|p2|Meganium||Meganiumite|LeafGuard|SolarBeam,DazzlingGleam,WeatherBall,Protect|Modest||F|||50|]Tyranitar||ChopleBerry|SandStream|RockSlide,KnockOff,IcePunch,Protect|Adamant||F|||50|]Armarouge||SitrusBerry|FlashFire|WideGuard,HeatWave,AuraSphere,EnergyBall|Modest||M|||50|]Excadrill||FocusSash|SandRush|RockSlide,Earthquake,IronHead,Protect|Adamant||M|||50|]Malamar||Leftovers|Contrary|Superpower,PsychoCut,KnockOff,Protect|Careful||F|||50|]Sinistcha||ColburBerry|Hospitality|RagePowder,MatchaGotcha,LifeDew,Protect|Bold|||||50|
|inactive|Battle timer is ON: inactive players will automatically lose when time's up. (requested by D4ilos)
|inactive|Pytonia has 60 seconds left.
|inactive|Pytonia has 30 seconds left.
|
|t:|1783146853
|teamsize|p1|4
|teamsize|p2|4
|start
|switch|p1a: Farigiraf|Farigiraf, L50, F|100/100
|switch|p1b: Tyranitar|Tyranitar, L50, M|100/100
|switch|p2a: Excadrill|Excadrill, L50, M|100/100
|switch|p2b: Sinistcha|Sinistcha, L50|100/100
|turn|1
|c|☆Pytonia|Hi zoroark
|
|t:|1783146875
|move|p2a: Excadrill|Protect|p2a: Excadrill
|-singleturn|p2a: Excadrill|Protect
|move|p1b: Tyranitar|Shadow Ball|p2b: Sinistcha
|-supereffective|p2b: Sinistcha|1
|-damage|p2b: Sinistcha|0 fnt
|faint|p2b: Sinistcha
|-damage|p1b: Tyranitar|90/100|[from] item: Life Orb
|move|p1a: Farigiraf|Trick Room|p1a: Farigiraf
|-fieldstart|move: Trick Room|[of] p1a: Farigiraf
|
|upkeep
|
|t:|1783146884
|switch|p2b: Malamar|Malamar, L50, F|100/100
|turn|2
|
|t:|1783146895
|switch|p2a: Meganium|Meganium, L50, F|100/100
|move|p1a: Farigiraf|Hyper Voice|p2a: Meganium|[spread] p2a,p2b
|-crit|p2b: Malamar
|-damage|p2a: Meganium|79/100
|-damage|p2b: Malamar|65/100
|move|p2b: Malamar|Knock Off|p1b: Tyranitar
|-supereffective|p1b: Tyranitar|1
|-damage|p1b: Tyranitar|0 fnt
|replace|p1b: Zoroark|Zoroark-Hisui, L50, M
|-end|p1b: Zoroark|Illusion
|-enditem|p1b: Zoroark|Life Orb|[from] move: Knock Off|[of] p2b: Malamar
|faint|p1b: Zoroark
|
|-heal|p2b: Malamar|71/100|[from] item: Leftovers
|upkeep
|
|t:|1783146905
|switch|p1b: Tyranitar|Tyranitar, L50, M|100/100
|-weather|Sandstorm|[from] ability: Sand Stream|[of] p1b: Tyranitar
|turn|3
|
|t:|1783146913
|detailschange|p2a: Meganium|Meganium-Mega, L50, F
|-mega|p2a: Meganium|Meganium|Meganiumite
|move|p1a: Farigiraf|Ally Switch|p1a: Farigiraf
|swap|p1a: Farigiraf|1|[from] move: Ally Switch
|move|p1a: Tyranitar|Knock Off|p2b: Malamar
|-damage|p2b: Malamar|20/100y
|-enditem|p2b: Malamar|Leftovers|[from] move: Knock Off|[of] p1a: Tyranitar
|move|p2b: Malamar|Superpower|p1b: Farigiraf
|-damage|p1b: Farigiraf|78/100
|-boost|p2b: Malamar|atk|1
|-boost|p2b: Malamar|def|1
|move|p2a: Meganium|Dazzling Gleam|p1a: Tyranitar|[spread] p1a,p1b
|-supereffective|p1a: Tyranitar|1
|-damage|p1a: Tyranitar|49/100
|-damage|p1b: Farigiraf|50/100g
|
|-weather|Sandstorm|[upkeep]
|-damage|p1b: Farigiraf|44/100|[from] Sandstorm
|-damage|p2b: Malamar|15/100|[from] Sandstorm
|-damage|p2a: Meganium|73/100|[from] Sandstorm
|-enditem|p1b: Farigiraf|Sitrus Berry|[eat]
|-heal|p1b: Farigiraf|68/100|[from] item: Sitrus Berry
|upkeep
|turn|4
|inactive|Pytonia has 30 seconds left.
|
|t:|1783146942
|move|p2b: Malamar|Protect|p2b: Malamar
|-singleturn|p2b: Malamar|Protect
|move|p1a: Tyranitar|Knock Off|p2b: Malamar
|-activate|p2b: Malamar|move: Protect
|move|p1b: Farigiraf|Hyper Voice|p2b: Malamar|[spread] p2a
|-activate|p2b: Malamar|move: Protect
|-damage|p2a: Meganium|54/100
|move|p2a: Meganium|Dazzling Gleam|p1a: Tyranitar|[spread] p1a,p1b
|-supereffective|p1a: Tyranitar|1
|-crit|p1a: Tyranitar
|-damage|p1a: Tyranitar|0 fnt
|-damage|p1b: Farigiraf|40/100
|faint|p1a: Tyranitar
|
|-weather|Sandstorm|[upkeep]
|-damage|p1b: Farigiraf|34/100|[from] Sandstorm
|-damage|p2b: Malamar|9/100|[from] Sandstorm
|-damage|p2a: Meganium|48/100|[from] Sandstorm
|upkeep
|
|t:|1783146951
|switch|p1a: Garchomp|Garchomp, L50, M|100/100
|turn|5
|
|t:|1783146966
|detailschange|p1a: Garchomp|Garchomp-Mega, L50, M
|-mega|p1a: Garchomp|Garchomp|Garchompite
|move|p1b: Farigiraf|Twin Beam|p2a: Meganium
|-damage|p2a: Meganium|34/100
|-damage|p2a: Meganium|21/100
|-hitcount|p2a: Meganium|2
|move|p2b: Malamar|Superpower|p1a: Garchomp
|-damage|p1a: Garchomp|69/100
|-boost|p2b: Malamar|atk|1
|-boost|p2b: Malamar|def|1
|move|p1a: Garchomp|Earthquake|p2a: Meganium|[spread] p1b,p2a,p2b
|-resisted|p2a: Meganium|1
|-damage|p1b: Farigiraf|0 fnt
|-damage|p2a: Meganium|0 fnt
|-damage|p2b: Malamar|0 fnt
|faint|p1b: Farigiraf
|faint|p2a: Meganium
|faint|p2b: Malamar
|
|-weather|Sandstorm|[upkeep]
|-fieldend|move: Trick Room
|upkeep
|
|t:|1783146974
|switch|p2b: Excadrill|Excadrill, L50, M|100/100
|turn|6
|
|t:|1783146978
|move|p2b: Excadrill|Earthquake|p1a: Garchomp
|-damage|p1a: Garchomp|27/100
|move|p1a: Garchomp|Earthquake|p2b: Excadrill
|-supereffective|p2b: Excadrill|1
|-enditem|p2b: Excadrill|Focus Sash
|-damage|p2b: Excadrill|1/100
|
|-weather|Sandstorm|[upkeep]
|upkeep
|turn|7
|
|t:|1783146981
|move|p1a: Garchomp|Protect|p1a: Garchomp
|-singleturn|p1a: Garchomp|Protect
|move|p2b: Excadrill|Earthquake|p1a: Garchomp
|-activate|p1a: Garchomp|move: Protect
|
|-weather|none
|upkeep
|turn|8
|
|t:|1783146987
|move|p2b: Excadrill|Earthquake|p1a: Garchomp
|-damage|p1a: Garchomp|0 fnt
|faint|p1a: Garchomp
|
|win|Pytonia
||Pytonia is ready for game 2.
|l|☆D4ilos
|player|p1|
|raw|D4ilos's rating: 1065 → 1049(-16 for losing)
|raw|Pytonia's rating: 1135 → 1155(+20 for winning)
