|j|☆Rg67
|j|☆colemarcusvgc
|html|Rg67colemarcusvgc    
|uhtml|bestof|Game 1 of a best-of-3
|t:|1756790875
|gametype|doubles
|player|p1|Rg67|nate|1081
|player|p2|colemarcusvgc|n|1122
|gen|9
|tier|[Gen 9] VGC 2025 Reg H (Bo3)
|rated|
|rule|Species Clause: Limit one of each Pokémon
|rule|Item Clause: Limit 1 of each item
|clearpoke
|poke|p1|Talonflame, L50, M|
|poke|p1|Gholdengo, L50|
|poke|p1|Baxcalibur, L50, M|
|poke|p1|Primarina, L50, F|
|poke|p1|Indeedee, L50, M|
|poke|p1|Sneasler, L50, M|
|poke|p2|Indeedee-F, L50, F|
|poke|p2|Hatterene, L50, F|
|poke|p2|Gallade, L50, M|
|poke|p2|Ursaluna, L50, M|
|poke|p2|Lilligant-Hisui, L50, F|
|poke|p2|Torkoal, L50, M|
|teampreview|4
|showteam|p1|Talonflame||CovertCloak|GaleWings|DualWingbeat,WillOWisp,FlareBlitz,Tailwind|||M|||50|,,,,,Fairy]Gholdengo||ChoiceSpecs|GoodasGold|MakeItRain,ShadowBall,PowerGem,SteelBeam||||||50|,,,,,Steel]Baxcalibur||LoadedDice|ThermalExchange|ScaleShot,IcicleSpear,IceShard,Protect|||M|||50|,,,,,Fairy]Primarina||ThroatSpray|LiquidVoice|HyperVoice,Haze,Moonblast,Protect|||F|||50|,,,,,Poison]Indeedee||FocusSash|PsychicSurge|ExpandingForce,TrickRoom,Imprison,Protect|||M|||50|,,,,,Psychic]Sneasler||PsychicSeed|Unburden|DireClaw,ThroatChop,CloseCombat,Protect|||M|||50|,,,,,Dark
|showteam|p2|Indeedee-F||PsychicSeed|PsychicSurge|TrickRoom,FollowMe,HelpingHand,DazzlingGleam|||F|||50|,,,,,Fire]Hatterene||LifeOrb|MagicBounce|ExpandingForce,TrickRoom,DazzlingGleam,Protect|||F|||50|,,,,,Psychic]Gallade||ClearAmulet|Sharpness|PsychoCut,TrickRoom,SacredSword,WideGuard|||M|||50|,,,,,Grass]Ursaluna||FlameOrb|Guts|HeadlongRush,Facade,SwordsDance,Protect|||M|||50|,,,,,Ghost]Lilligant-Hisui||FocusSash|Chlorophyll|SolarBlade,SleepPowder,CloseCombat,AfterYou|||F|||50|,,,,,Ghost]Torkoal||ChoiceSpecs|Drought|Eruption,HeatWave,WeatherBall,EarthPower|||M|||50|,,,,,Fire
|inactive|Battle timer is ON: inactive players will automatically lose when time's up. (requested by colemarcusvgc)
|inactive|colemarcusvgc has 60 seconds left.
|
|t:|1756790936
|teamsize|p1|4
|teamsize|p2|4
|start
|switch|p1a: Sneasler|Sneasler, L50, M|100/100
|switch|p1b: Indeedee|Indeedee, L50, M|100/100
|switch|p2a: Indeedee|Indeedee-F, L50, F|100/100
|switch|p2b: Hatterene|Hatterene, L50, F, shiny|100/100
|-fieldstart|move: Psychic Terrain|[from] ability: Psychic Surge|[of] p1b: Indeedee
|-enditem|p1a: Sneasler|Psychic Seed
|-boost|p1a: Sneasler|spd|1|[from] item: Psychic Seed
|-enditem|p2a: Indeedee|Psychic Seed
|-boost|p2a: Indeedee|spd|1|[from] item: Psychic Seed
|turn|1
|
|t:|1756790957
|move|p2a: Indeedee|Follow Me|p2a: Indeedee
|-singleturn|p2a: Indeedee|move: Follow Me
|move|p1a: Sneasler|Dire Claw|p2a: Indeedee
|-damage|p2a: Indeedee|53/100
|move|p1b: Indeedee|Imprison|p1b: Indeedee
|-start|p1b: Indeedee|move: Imprison
|cant|p2b: Hatterene|move: Imprison|Expanding Force
|
|upkeep
|turn|2
|
|t:|1756790980
|switch|p1a: Gholdengo|Gholdengo, L50|100/100
|move|p2a: Indeedee|Follow Me|p2a: Indeedee
|-singleturn|p2a: Indeedee|move: Follow Me
|move|p1b: Indeedee|Expanding Force|p2a: Indeedee|[spread] p2a,p2b
|-resisted|p2a: Indeedee
|-resisted|p2b: Hatterene
|-damage|p2a: Indeedee|38/100
|-damage|p2b: Hatterene|70/100
|move|p2b: Hatterene|Dazzling Gleam|p1a: Gholdengo|[spread] p1a,p1b
|-resisted|p1a: Gholdengo
|-damage|p1a: Gholdengo|74/100
|-damage|p1b: Indeedee|37/100
|-damage|p2b: Hatterene|61/100|[from] item: Life Orb
|
|upkeep
|turn|3
|
|t:|1756791003
|move|p2a: Indeedee|Follow Me|p2a: Indeedee
|-singleturn|p2a: Indeedee|move: Follow Me
|move|p1b: Indeedee|Expanding Force|p2a: Indeedee|[spread] p2a,p2b
|-resisted|p2a: Indeedee
|-resisted|p2b: Hatterene
|-damage|p2a: Indeedee|23/100
|-damage|p2b: Hatterene|34/100
|move|p1a: Gholdengo|Make It Rain|p2a: Indeedee|[spread] p2a,p2b
|-supereffective|p2b: Hatterene
|-damage|p2a: Indeedee|0 fnt
|-damage|p2b: Hatterene|0 fnt
|-unboost|p1a: Gholdengo|spa|1
|faint|p2a: Indeedee
|faint|p2b: Hatterene
|
|upkeep
|
|t:|1756791015
|switch|p2a: Torkoal|Torkoal, L50, M|100/100
|switch|p2b: Lilligant|Lilligant-Hisui, L50, F|100/100
|-weather|SunnyDay|[from] ability: Drought|[of] p2a: Torkoal
|turn|4
|inactive|colemarcusvgc has 30 seconds left.
|
|t:|1756791045
|move|p2b: Lilligant|After You|p1a: Gholdengo
|-immune|p1a: Gholdengo|[from] ability: Good as Gold
|move|p1b: Indeedee|Expanding Force|p2a: Torkoal|[spread] p2a,p2b
|-supereffective|p2b: Lilligant
|-damage|p2a: Torkoal|36/100
|-enditem|p2b: Lilligant|Focus Sash
|-damage|p2b: Lilligant|1/100
|move|p1a: Gholdengo|Make It Rain|p2b: Lilligant|[spread] p2a,p2b
|-resisted|p2a: Torkoal
|-damage|p2a: Torkoal|3/100
|-damage|p2b: Lilligant|0 fnt
|-unboost|p1a: Gholdengo|spa|1
|faint|p2b: Lilligant
|move|p2a: Torkoal|Heat Wave|p1b: Indeedee|[spread] p1a,p1b
|-supereffective|p1a: Gholdengo
|-damage|p1a: Gholdengo|0 fnt
|-damage|p1b: Indeedee|0 fnt
|faint|p1a: Gholdengo
|faint|p1b: Indeedee
|
|-weather|SunnyDay|[upkeep]
|upkeep
|
|t:|1756791068
|switch|p1b: Primarina|Primarina, L50, F|100/100
|switch|p1a: Sneasler|Sneasler, L50, M|100/100
|turn|5
|
|t:|1756791087
|move|p1a: Sneasler|Dire Claw|p2a: Torkoal
|-damage|p2a: Torkoal|0 fnt
|faint|p2a: Torkoal
|
|win|Rg67
||colemarcusvgc is ready for game 2.
||Rg67 is ready for game 2.
|uhtml|next|Next: Game 2 of 3
