|j|☆ldifwheofih
|j|☆AbadanRiyi92
|html|ldifwheofihAbadanRiyi92    
|uhtml|bestof|Game 3 of a best-of-3
|t:|1785444757
|gametype|doubles
|player|p1|ldifwheofih|2|1040
|player|p2|AbadanRiyi92|colress|1198
|gen|9
|tier|[Gen 9 Champions] VGC 2026 Reg M-B (Bo3)
|rated|
|rule|Species Clause: Limit one of each Pokémon
|rule|Item Clause: Limit 1 of each item
|clearpoke
|poke|p1|Staraptor, L50, F, shiny|
|poke|p1|Gholdengo, L50, shiny|
|poke|p1|Maushold-Four, L50, shiny|
|poke|p1|Krookodile, L50, M, shiny|
|poke|p1|Whimsicott, L50, M|
|poke|p1|Rampardos, L50, M, shiny|
|poke|p2|Gengar, L50, F, shiny|
|poke|p2|Maushold-Four, L50|
|poke|p2|Annihilape, L50, F|
|poke|p2|Incineroar, L50, M|
|poke|p2|Politoed, L50, M, shiny|
|poke|p2|Archaludon, L50, M|
|teampreview|4
|showteam|p1|Staraptor||Staraptite|Intimidate|BraveBird,CloseCombat,Protect,Tailwind|Jolly||F|||50|]Gholdengo||MetalCoat|GoodasGold|MakeItRain,Protect,ShadowBall,NastyPlot|Timid|||||50|]Maushold-Four||FocusSash|FriendGuard|Protect,Taunt,FollowMe,PopulationBomb|Jolly|||||50|]Krookodile||Leftovers|Intimidate|KnockOff,HighHorsepower,RockSlide,Protect|Adamant||M|||50|]Whimsicott||MentalHerb|Prankster|Taunt,Protect,Moonblast,Tailwind|Bold||M|||50|]Rampardos||LifeOrb|SheerForce|RockSlide,Protect,StoneEdge,Crunch|Adamant||M|||50|
|showteam|p2|Gengar||Gengarite|CursedBody|ShadowBall,Disable,PerishSong,Protect|Timid||F|||50|]Maushold-Four||FocusSash|FriendGuard|FollowMe,Encore,BeatUp,Protect|Jolly|||||50|]Annihilape||RoseliBerry|Defiant|RageFist,CloseCombat,Encore,Protect|Jolly||F|||50|]Incineroar||PasshoBerry|Intimidate|PartingShot,ThroatChop,Protect,FakeOut|Sassy||M|||50|]Politoed||SitrusBerry|Drizzle|WeatherBall,Encore,PerishSong,Protect|Calm||M|||50|]Archaludon||Leftovers|Stamina|DragonPulse,FlashCannon,ElectroShot,Protect|Bold||M|||50|
|
|t:|1785444779
|teamsize|p1|4
|teamsize|p2|4
|start
|switch|p1a: Krookodile|Krookodile, L50, M, shiny|100/100
|switch|p1b: Staraptor|Staraptor, L50, F, shiny|100/100
|switch|p2a: Gengar|Gengar, L50, F, shiny|100/100
|switch|p2b: Incineroar|Incineroar, L50, M|100/100
|-ability|p1b: Staraptor|Intimidate|boost
|-unboost|p2a: Gengar|atk|1
|-unboost|p2b: Incineroar|atk|1
|-ability|p1a: Krookodile|Intimidate|boost
|-unboost|p2a: Gengar|atk|1
|-unboost|p2b: Incineroar|atk|1
|-ability|p2b: Incineroar|Intimidate|boost
|-unboost|p1a: Krookodile|atk|1
|-unboost|p1b: Staraptor|atk|1
|turn|1
|
|t:|1785444817
|detailschange|p2a: Gengar|Gengar-Mega, L50, F, shiny
|-mega|p2a: Gengar|Gengar|Gengarite
|detailschange|p1b: Staraptor|Staraptor-Mega, L50, F, shiny
|-mega|p1b: Staraptor|Staraptor|Staraptite
|move|p2b: Incineroar|Fake Out|p1a: Krookodile
|-damage|p1a: Krookodile|93/100
|move|p2a: Gengar|Perish Song|p2a: Gengar
|-start|p1a: Krookodile|perish3|[silent]
|-start|p1b: Staraptor|perish3|[silent]
|-start|p2a: Gengar|perish3|[silent]
|-start|p2b: Incineroar|perish3|[silent]
|-fieldactivate|move: Perish Song
|move|p1b: Staraptor|Close Combat|p2b: Incineroar
|-supereffective|p2b: Incineroar|1
|-damage|p2b: Incineroar|25/100
|-boost|p1b: Staraptor|def|1
|-boost|p1b: Staraptor|spd|1
|cant|p1a: Krookodile|flinch
|
|-heal|p1a: Krookodile|99/100|[from] item: Leftovers
|-start|p2a: Gengar|perish3
|-start|p1b: Staraptor|perish3
|-start|p1a: Krookodile|perish3
|-start|p2b: Incineroar|perish3
|upkeep
|turn|2
|
|t:|1785444836
|move|p2a: Gengar|Protect|p2a: Gengar
|-singleturn|p2a: Gengar|Protect
|move|p2b: Incineroar|Protect|p2b: Incineroar
|-singleturn|p2b: Incineroar|Protect
|move|p1b: Staraptor|Tailwind|p1b: Staraptor
|-sidestart|p1: ldifwheofih|move: Tailwind
|move|p1a: Krookodile|High Horsepower|p2b: Incineroar
|-activate|p2b: Incineroar|move: Protect
|
|-heal|p1a: Krookodile|100/100|[from] item: Leftovers
|-start|p1b: Staraptor|perish2
|-start|p1a: Krookodile|perish2
|-start|p2a: Gengar|perish2
|-start|p2b: Incineroar|perish2
|upkeep
|turn|3
|
|t:|1785444876
|switch|p2a: Maushold|Maushold-Four, L50|100/100
|move|p1b: Staraptor|Close Combat|p2b: Incineroar
|-supereffective|p2b: Incineroar|1
|-damage|p2b: Incineroar|0 fnt
|-boost|p1b: Staraptor|def|1
|-boost|p1b: Staraptor|spd|1
|faint|p2b: Incineroar
|move|p1a: Krookodile|High Horsepower|p2a: Maushold
|-damage|p2a: Maushold|58/100
|
|-start|p1b: Staraptor|perish1
|-start|p1a: Krookodile|perish1
|upkeep
|
|t:|1785444888
|switch|p2b: Gengar|Gengar-Mega, L50, F, shiny|100/100
|turn|4
|
|t:|1785444906
|switch|p2a: Annihilape|Annihilape, L50, F|100/100
|move|p1b: Staraptor|Close Combat|p2a: Annihilape
|-immune|p2a: Annihilape
|move|p1a: Krookodile|Knock Off|p2b: Gengar
|-supereffective|p2b: Gengar|1
|-damage|p2b: Gengar|47/100
|move|p2b: Gengar|Disable|p1a: Krookodile
|-start|p1a: Krookodile|Disable|Knock Off
|
|-start|p1b: Staraptor|perish0
|-start|p1a: Krookodile|perish0
|faint|p1b: Staraptor
|faint|p1a: Krookodile
|upkeep
|
|t:|1785444921
|switch|p1b: Gholdengo|Gholdengo, L50, shiny|100/100
|switch|p1a: Whimsicott|Whimsicott, L50, M|100/100
|turn|5
|
|t:|1785444943
|move|p1b: Gholdengo|Shadow Ball|p2b: Gengar
|-supereffective|p2b: Gengar|1
|-damage|p2b: Gengar|0 fnt
|faint|p2b: Gengar
|move|p1a: Whimsicott|Moonblast|p2a: Annihilape
|-supereffective|p2a: Annihilape|1
|-enditem|p2a: Annihilape|Roseli Berry|[eat]
|-enditem|p2a: Annihilape|Roseli Berry|[weaken]
|-damage|p2a: Annihilape|72/100
|move|p2a: Annihilape|Rage Fist|p1b: Gholdengo
|-supereffective|p1b: Gholdengo|1
|-damage|p1b: Gholdengo|4/100
|
|-sideend|p1: ldifwheofih|move: Tailwind
|upkeep
|
|t:|1785444956
|switch|p2b: Maushold|Maushold-Four, L50|58/100
|turn|6
|
|t:|1785444993
|move|p2a: Annihilape|Protect|p2a: Annihilape
|-singleturn|p2a: Annihilape|Protect
|move|p1b: Gholdengo|Protect|p1b: Gholdengo
|-singleturn|p1b: Gholdengo|Protect
|move|p1a: Whimsicott|Taunt|p2b: Maushold
|-start|p2b: Maushold|move: Taunt
|move|p2b: Maushold|Beat Up|p1b: Gholdengo
|-activate|p1b: Gholdengo|move: Protect
|
|upkeep
|turn|7
|
|t:|1785445019
|move|p1a: Whimsicott|Tailwind|p1a: Whimsicott
|-sidestart|p1: ldifwheofih|move: Tailwind
|move|p1b: Gholdengo|Shadow Ball|p2a: Annihilape
|-supereffective|p2a: Annihilape|1
|-damage|p2a: Annihilape|13/100
|move|p2b: Maushold|Beat Up|p1b: Gholdengo
|-supereffective|p1b: Gholdengo|1
|-damage|p1b: Gholdengo|0 fnt
|faint|p1b: Gholdengo
|-hitcount|p1: Gholdengo|1
|move|p2a: Annihilape|Encore|p1a: Whimsicott
|-start|p1a: Whimsicott|Encore
|-enditem|p1a: Whimsicott|Mental Herb
|-end|p1a: Whimsicott|Encore
|
|upkeep
|turn|8
|
|t:|1785445049
|move|p2a: Annihilape|Protect|p2a: Annihilape
|-singleturn|p2a: Annihilape|Protect
|move|p1a: Whimsicott|Moonblast|p2a: Annihilape
|-activate|p2a: Annihilape|move: Protect
|move|p2b: Maushold|Beat Up|p1a: Whimsicott
|-resisted|p1a: Whimsicott|1
|-damage|p1a: Whimsicott|98/100
|-resisted|p1a: Whimsicott|1
|-damage|p1a: Whimsicott|97/100
|-hitcount|p1a: Whimsicott|2
|
|-end|p2b: Maushold|move: Taunt
|upkeep
|turn|9
|
|t:|1785445061
|move|p2b: Maushold|Follow Me|p2b: Maushold
|-singleturn|p2b: Maushold|move: Follow Me
|move|p1a: Whimsicott|Moonblast|p2b: Maushold
|-damage|p2b: Maushold|25/100
|move|p2a: Annihilape|Rage Fist|p1a: Whimsicott
|-damage|p1a: Whimsicott|34/100
|
|upkeep
|turn|10
|
|t:|1785445098
|move|p2b: Maushold|Follow Me|p2b: Maushold
|-singleturn|p2b: Maushold|move: Follow Me
|move|p1a: Whimsicott|Moonblast|p2b: Maushold
|-damage|p2b: Maushold|0 fnt
|faint|p2b: Maushold
|move|p2a: Annihilape|Rage Fist|p1a: Whimsicott
|-damage|p1a: Whimsicott|0 fnt
|faint|p1a: Whimsicott
|
|win|AbadanRiyi92
|raw|ldifwheofih's rating: 1040 → 1031(-9 for losing)
|raw|AbadanRiyi92's rating: 1198 → 1212(+14 for winning)
|l|☆ldifwheofih
|player|p1|
|c|☆AbadanRiyi92|ggs m8
