|j|☆breloomb01
|j|☆Delacruso
|html|breloomb01Delacruso    
|uhtml|bestof|Game 2 of a best-of-3
|t:|1783622289
|gametype|doubles
|player|p1|breloomb01|roughneck|1239
|player|p2|Delacruso|red|1192
|gen|9
|tier|[Gen 9 Champions] VGC 2026 Reg M-B (Bo3)
|rated|
|rule|Species Clause: Limit one of each Pokémon
|rule|Item Clause: Limit 1 of each item
|clearpoke
|poke|p1|Gengar, L50, F, shiny|
|poke|p1|Swampert, L50, F, shiny|
|poke|p1|Incineroar, L50, F, shiny|
|poke|p1|Politoed, L50, M, shiny|
|poke|p1|Archaludon, L50, M, shiny|
|poke|p1|Vivillon-Polar, L50, M|
|poke|p2|Swampert, L50, M|
|poke|p2|Grimmsnarl, L50, M, shiny|
|poke|p2|Archaludon, L50, M|
|poke|p2|Pelipper, L50, F|
|poke|p2|Sinistcha, L50|
|poke|p2|Staraptor, L50, M, shiny|
|teampreview|4
|showteam|p1|Gengar||Gengarite|CursedBody|ShadowBall,PerishSong,SludgeBomb,Protect|Timid||F|||50|]Swampert||Swampertite|Torrent|WaveCrash,Earthquake,IcePunch,Protect|Adamant||F|||50|]Incineroar||PasshoBerry|Intimidate|ThroatChop,PartingShot,FakeOut,Protect|Sassy||F|||50|]Politoed||SitrusBerry|Drizzle|WeatherBall,PerishSong,Encore,Protect|Calm||M|||50|]Archaludon||Leftovers|Stamina|DragonPulse,FlashCannon,ElectroShot,Protect|Bold||M|||50|]Vivillon-Polar||FocusSash|CompoundEyes|Hurricane,SleepPowder,RagePowder,Protect|Timid||M|||50|
|showteam|p2|Swampert||Swampertite|Damp|WaveCrash,Earthquake,IcePunch,Protect|Adamant||M|||50|]Grimmsnarl||LightClay|Prankster|FoulPlay,PartingShot,LightScreen,Reflect|Careful||M|||50|]Archaludon||Leftovers|Stamina|ElectroShot,DragonPulse,FlashCannon,Protect|Modest||M|||50|]Pelipper||FocusSash|Drizzle|Hurricane,WeatherBall,Tailwind,WideGuard|Modest||F|||50|]Sinistcha||SitrusBerry|Hospitality|MatchaGotcha,RagePowder,Protect,TrickRoom|Serious|||||50|]Staraptor||Staraptite|Intimidate|CloseCombat,BraveBird,Roost,Protect|Adamant||M|||50|
|inactive|Battle timer is ON: inactive players will automatically lose when time's up. (requested by Delacruso)
|inactive|Delacruso has 60 seconds left.
|inactive|Delacruso has 30 seconds left.
|inactive|Delacruso has 20 seconds left.
|
|t:|1783622364
|teamsize|p1|4
|teamsize|p2|4
|start
|switch|p1a: Incineroar|Incineroar, L50, F, shiny|100/100
|switch|p1b: Gengar|Gengar, L50, F, shiny|100/100
|switch|p2a: Grimmsnarl|Grimmsnarl, L50, M, shiny|100/100
|switch|p2b: Staraptor|Staraptor, L50, M, shiny|100/100
|-ability|p2b: Staraptor|Intimidate|boost
|-unboost|p1a: Incineroar|atk|1
|-unboost|p1b: Gengar|atk|1
|-ability|p1a: Incineroar|Intimidate|boost
|-unboost|p2a: Grimmsnarl|atk|1
|-unboost|p2b: Staraptor|atk|1
|turn|1
|inactive|Delacruso has 30 seconds left.
|
|t:|1783622396
|detailschange|p1b: Gengar|Gengar-Mega, L50, F, shiny
|-mega|p1b: Gengar|Gengar|Gengarite
|move|p2b: Staraptor|Protect|p2b: Staraptor
|-singleturn|p2b: Staraptor|Protect
|move|p1a: Incineroar|Fake Out|p2b: Staraptor
|-activate|p2b: Staraptor|move: Protect
|move|p2a: Grimmsnarl|Light Screen|p2a: Grimmsnarl
|-sidestart|p2: Delacruso|move: Light Screen
|move|p1b: Gengar|Perish Song|p1b: Gengar
|-start|p1a: Incineroar|perish3|[silent]
|-start|p1b: Gengar|perish3|[silent]
|-start|p2a: Grimmsnarl|perish3|[silent]
|-start|p2b: Staraptor|perish3|[silent]
|-fieldactivate|move: Perish Song
|
|-start|p1b: Gengar|perish3
|-start|p2b: Staraptor|perish3
|-start|p2a: Grimmsnarl|perish3
|-start|p1a: Incineroar|perish3
|upkeep
|turn|2
|inactive|Delacruso has 30 seconds left.
|
|t:|1783622425
|detailschange|p2b: Staraptor|Staraptor-Mega, L50, M, shiny
|-mega|p2b: Staraptor|Staraptor|Staraptite
|move|p2a: Grimmsnarl|Parting Shot|p2b: Staraptor
|-boost|p2b: Staraptor|atk|1
|-boost|p2b: Staraptor|spa|1
|
|t:|1783622434
|switch|p2a: Archaludon|Archaludon, L50, M|100/100|[from] Parting Shot
|move|p1b: Gengar|Perish Song|p1b: Gengar
|-start|p2a: Archaludon|perish3|[silent]
|-fieldactivate|move: Perish Song
|move|p2b: Staraptor|Close Combat|p1a: Incineroar
|-supereffective|p1a: Incineroar|1
|-damage|p1a: Incineroar|0 fnt
|-boost|p2b: Staraptor|def|1
|-boost|p2b: Staraptor|spd|1
|faint|p1a: Incineroar
|
|-start|p1b: Gengar|perish2
|-start|p2b: Staraptor|perish2
|-start|p2a: Archaludon|perish3
|upkeep
|
|t:|1783622439
|switch|p1a: Vivillon|Vivillon-Polar, L50, M|100/100
|turn|3
|inactive|Delacruso has 30 seconds left.
|inactive|Delacruso has 20 seconds left.
|
|t:|1783622474
|move|p1b: Gengar|Protect|p1b: Gengar
|-singleturn|p1b: Gengar|Protect
|move|p1a: Vivillon|Sleep Powder|p2a: Archaludon
|-status|p2a: Archaludon|slp|[from] move: Sleep Powder
|move|p2b: Staraptor|Brave Bird|p1b: Gengar
|-activate|p1b: Gengar|move: Protect
|cant|p2a: Archaludon|slp
|
|-start|p1b: Gengar|perish1
|-start|p2b: Staraptor|perish1
|-start|p2a: Archaludon|perish2
|upkeep
|turn|4
|inactive|breloomb01 has 30 seconds left.
|inactive|Delacruso has 30 seconds left.
|inactive|breloomb01 has 20 seconds left.
|inactive|breloomb01 has 15 seconds left.
|
|t:|1783622517
|switch|p1b: Archaludon|Archaludon, L50, M, shiny|100/100
|move|p1a: Vivillon|Protect|p1a: Vivillon
|-singleturn|p1a: Vivillon|Protect
|move|p2b: Staraptor|Close Combat|p1b: Archaludon
|-supereffective|p1b: Archaludon|1
|-damage|p1b: Archaludon|4/100
|-boost|p2b: Staraptor|def|1
|-boost|p2b: Staraptor|spd|1
|-ability|p1b: Archaludon|Stamina|boost
|-boost|p1b: Archaludon|def|1
|cant|p2a: Archaludon|slp
|
|-heal|p1b: Archaludon|10/100|[from] item: Leftovers
|-start|p2b: Staraptor|perish0
|-start|p2a: Archaludon|perish1
|faint|p2b: Staraptor
|upkeep
|inactive|Delacruso has 30 seconds left.
|
|t:|1783622552
|switch|p2b: Grimmsnarl|Grimmsnarl, L50, M, shiny|100/100
|turn|5
|inactive|breloomb01 has 30 seconds left.
|
|t:|1783622581
|switch|p2a: Sinistcha|Sinistcha, L50|100/100
|move|p1a: Vivillon|Hurricane|p2b: Grimmsnarl
|-damage|p2b: Grimmsnarl|74/100
|move|p1b: Archaludon|Flash Cannon|p2b: Grimmsnarl
|-supereffective|p2b: Grimmsnarl|1
|-crit|p2b: Grimmsnarl
|-damage|p2b: Grimmsnarl|0 fnt
|faint|p2b: Grimmsnarl
|
|-heal|p1b: Archaludon|16/100|[from] item: Leftovers
|upkeep
|
|t:|1783622592
|switch|p2b: Archaludon|Archaludon, L50, M|100/100 slp
|turn|6
|
|t:|1783622608
|move|p1a: Vivillon|Hurricane|p2a: Sinistcha
|-supereffective|p2a: Sinistcha|1
|-damage|p2a: Sinistcha|38/100
|-start|p2a: Sinistcha|confusion
|-enditem|p2a: Sinistcha|Sitrus Berry|[eat]
|-heal|p2a: Sinistcha|63/100|[from] item: Sitrus Berry
|move|p1b: Archaludon|Dragon Pulse|p2a: Sinistcha
|-damage|p2a: Sinistcha|40/100
|-curestatus|p2b: Archaludon|slp|[msg]
|move|p2b: Archaludon|Dragon Pulse|p1b: Archaludon
|-damage|p1b: Archaludon|0 fnt
|faint|p1b: Archaludon
|-activate|p2a: Sinistcha|confusion
|move|p2a: Sinistcha|Trick Room|p2a: Sinistcha
|-fieldstart|move: Trick Room|[of] p2a: Sinistcha
|
|upkeep
|
|t:|1783622611
|switch|p1b: Gengar|Gengar-Mega, L50, F, shiny|100/100
|turn|7
|inactive|Delacruso has 30 seconds left.
|
|t:|1783622646
|-activate|p2a: Sinistcha|confusion
|move|p2a: Sinistcha|Matcha Gotcha|p1a: Vivillon|[spread] p1a,p1b
|-resisted|p1a: Vivillon|2
|-resisted|p1b: Gengar|1
|-damage|p1a: Vivillon|88/100
|-heal|p2a: Sinistcha|45/100|[from] drain|[of] p1a: Vivillon
|-damage|p1b: Gengar|88/100
|-heal|p2a: Sinistcha|51/100|[from] drain|[of] p1b: Gengar
|-status|p1b: Gengar|brn
|move|p2b: Archaludon|Dragon Pulse|p1a: Vivillon
|-damage|p1a: Vivillon|10/100
|move|p1a: Vivillon|Sleep Powder|p2b: Archaludon
|-status|p2b: Archaludon|slp|[from] move: Sleep Powder
|move|p1b: Gengar|Shadow Ball|p2a: Sinistcha
|-supereffective|p2a: Sinistcha|1
|-damage|p2a: Sinistcha|0 fnt
|faint|p2a: Sinistcha
|
|-damage|p1b: Gengar|82/100 brn|[from] brn
|upkeep
|turn|8
|inactive|Delacruso has 30 seconds left.
|
|t:|1783622671
|cant|p2b: Archaludon|slp
|move|p1a: Vivillon|Hurricane|p2b: Archaludon
|-resisted|p2b: Archaludon|1
|-damage|p2b: Archaludon|84/100 slp
|-ability|p2b: Archaludon|Stamina|boost
|-boost|p2b: Archaludon|def|1
|move|p1b: Gengar|Shadow Ball|p2b: Archaludon
|-damage|p2b: Archaludon|53/100 slp
|-ability|p2b: Archaludon|Stamina|boost
|-boost|p2b: Archaludon|def|1
|
|-heal|p2b: Archaludon|59/100 slp|[from] item: Leftovers
|-damage|p1b: Gengar|76/100 brn|[from] brn
|-sideend|p2: Delacruso|move: Light Screen
|upkeep
|turn|9
|inactive|breloomb01 has 30 seconds left.
|inactive|breloomb01 has 20 seconds left.
|
|t:|1783622711
|-curestatus|p2b: Archaludon|slp|[msg]
|move|p2b: Archaludon|Dragon Pulse|p1a: Vivillon
|-damage|p1a: Vivillon|0 fnt
|faint|p1a: Vivillon
|move|p1b: Gengar|Shadow Ball|p2b: Archaludon
|-damage|p2b: Archaludon|15/100
|-ability|p2b: Archaludon|Stamina|boost
|-boost|p2b: Archaludon|def|1
|
|-heal|p2b: Archaludon|21/100|[from] item: Leftovers
|-damage|p1b: Gengar|70/100 brn|[from] brn
|upkeep
|turn|10
|
|t:|1783622724
|move|p1b: Gengar|Protect|p1b: Gengar
|-singleturn|p1b: Gengar|Protect
|move|p2b: Archaludon|Dragon Pulse|p1b: Gengar
|-activate|p1b: Gengar|move: Protect
|
|-heal|p2b: Archaludon|27/100|[from] item: Leftovers
|-damage|p1b: Gengar|64/100 brn|[from] brn
|-fieldend|move: Trick Room
|upkeep
|turn|11
|
|t:|1783622732
|move|p2b: Archaludon|Protect|p2b: Archaludon
|-singleturn|p2b: Archaludon|Protect
|move|p1b: Gengar|Shadow Ball|p2b: Archaludon
|-activate|p2b: Archaludon|move: Protect
|
|-heal|p2b: Archaludon|34/100|[from] item: Leftovers
|-damage|p1b: Gengar|58/100 brn|[from] brn
|upkeep
|turn|12
|c|☆Delacruso|wp gg
|
|t:|1783622743
|move|p1b: Gengar|Shadow Ball|p2b: Archaludon
|-damage|p2b: Archaludon|0 fnt
|faint|p2b: Archaludon
|
|win|breloomb01
|raw|breloomb01's rating: 1239 → 1261(+22 for winning)
|raw|Delacruso's rating: 1192 → 1170(-22 for losing)
