|j|☆P!nkbearz07
|j|☆Sedrav
|html|P!nkbearz07Sedrav    
|uhtml|bestof|Game 2 of a best-of-3
|t:|1756950128
|gametype|doubles
|player|p1|P!nkbearz07|marlon|1116
|player|p2|Sedrav|265|1179
|gen|9
|tier|[Gen 9] VGC 2025 Reg H (Bo3)
|rated|
|rule|Species Clause: Limit one of each Pokémon
|rule|Item Clause: Limit 1 of each item
|clearpoke
|poke|p1|Hydreigon, L50, M|
|poke|p1|Empoleon, L50, M|
|poke|p1|Clefable, L50, M|
|poke|p1|Annihilape, L50, F|
|poke|p1|Tyranitar, L50, F|
|poke|p1|Rillaboom, L50, M|
|poke|p2|Garchomp, L50, M|
|poke|p2|Talonflame, L50, M|
|poke|p2|Gholdengo, L50|
|poke|p2|Tyranitar, L50, F|
|poke|p2|Amoonguss, L50, M|
|poke|p2|Milotic, L50, M|
|teampreview|4
|showteam|p1|Hydreigon||ChoiceSpecs|Levitate|TeraBlast,Snarl,DarkPulse,DracoMeteor|||M|||50|,,,,,Poison]Empoleon||Leftovers|Competitive|WaterPledge,FlashCannon,IceBeam,Protect|||M|||50|,,,,,Bug]Clefable||CovertCloak|Unaware|Moonblast,IcyWind,FollowMe,Protect|||M|||50|,,,,,Poison]Annihilape||ChoiceScarf|Defiant|RageFist,CloseCombat,FinalGambit,Coaching|||F|||50|,,,,,Grass]Tyranitar||AssaultVest|SandStream|RockSlide,KnockOff,TeraBlast,LowKick|||F|||50|,,,,,Flying]Rillaboom||MiracleSeed|GrassySurge|FakeOut,DrumBeating,GrassPledge,Protect|||M|||50|,,,,,Fire
|showteam|p2|Garchomp||LifeOrb|RoughSkin|DragonClaw,StompingTantrum,Earthquake,Protect|||M|||50|,,,,,Fairy]Talonflame||CovertCloak|GaleWings|BraveBird,Tailwind,WillOWisp,Taunt|||M|||50|,,,,,Grass]Gholdengo||MetalCoat|GoodasGold|MakeItRain,ShadowBall,NastyPlot,Protect||||||50|,,,,,Flying]Tyranitar||AssaultVest|SandStream|RockSlide,KnockOff,LowKick,TeraBlast|||F|||50|,,,,,Flying]Amoonguss||SitrusBerry|Regenerator|Spore,RagePowder,PollenPuff,Protect|||M|||50|,,,,,Water]Milotic||SafetyGoggles|Competitive|Scald,IcyWind,Haze,Protect|||M|||50|,,,,,Dragon
|inactive|Battle timer is ON: inactive players will automatically lose when time's up. (requested by P!nkbearz07)
|inactive|P!nkbearz07 has 60 seconds left.
|inactive|Sedrav has 60 seconds left.
|inactive|P!nkbearz07 has 30 seconds left.
|inactive|Sedrav has 30 seconds left.
|
|t:|1756950202
|teamsize|p1|4
|teamsize|p2|4
|start
|switch|p1a: Yama no Orichi|Hydreigon, L50, M|100/100
|switch|p1b: Dust Devil|Tyranitar, L50, F|100/100
|switch|p2a: Gholdengo|Gholdengo, L50|100/100
|switch|p2b: Talonflame|Talonflame, L50, M|100/100
|-weather|Sandstorm|[from] ability: Sand Stream|[of] p1b: Dust Devil
|turn|1
|
|t:|1756950227
|switch|p2b: Tyranitar|Tyranitar, L50, F|100/100
|move|p2a: Gholdengo|Protect|p2a: Gholdengo
|-singleturn|p2a: Gholdengo|Protect
|move|p1a: Yama no Orichi|Snarl|p2b: Tyranitar|[spread] p2b
|-activate|p2a: Gholdengo|move: Protect
|-resisted|p2b: Tyranitar
|-damage|p2b: Tyranitar|93/100
|-unboost|p2b: Tyranitar|spa|1
|move|p1b: Dust Devil|Rock Slide|p2a: Gholdengo|[spread] p2b
|-activate|p2a: Gholdengo|move: Protect
|-damage|p2b: Tyranitar|70/100
|
|-weather|Sandstorm|[upkeep]
|-damage|p1a: Yama no Orichi|95/100|[from] Sandstorm
|upkeep
|turn|2
|inactive|Sedrav has 30 seconds left.
|inactive|Sedrav has 20 seconds left.
|inactive|Sedrav has 15 seconds left.
|inactive|Sedrav has 10 seconds left.
|
|t:|1756950276
|switch|p1a: DK|Annihilape, L50, F|100/100
|switch|p2a: Amoonguss|Amoonguss, L50, M|100/100
|-terastallize|p2b: Tyranitar|Flying
|move|p2b: Tyranitar|Rock Slide|p1b: Dust Devil|[spread] p1a
|-miss|p2b: Tyranitar|p1b: Dust Devil
|-resisted|p1a: DK
|-damage|p1a: DK|87/100
|move|p1b: Dust Devil|Low Kick|p2b: Tyranitar
|-resisted|p2b: Tyranitar
|-damage|p2b: Tyranitar|53/100
|
|-weather|Sandstorm|[upkeep]
|-damage|p1a: DK|81/100|[from] Sandstorm
|-damage|p2b: Tyranitar|47/100|[from] Sandstorm
|-damage|p2a: Amoonguss|95/100|[from] Sandstorm
|upkeep
|turn|3
|inactive|P!nkbearz07 has 30 seconds left.
|inactive|Sedrav has 30 seconds left.
|
|t:|1756950308
|switch|p2a: Gholdengo|Gholdengo, L50|100/100
|-terastallize|p1b: Dust Devil|Flying
|move|p1a: DK|Coaching|p1b: Dust Devil
|-boost|p1b: Dust Devil|atk|1
|-boost|p1b: Dust Devil|def|1
|move|p2b: Tyranitar|Low Kick|p1b: Dust Devil
|-resisted|p1b: Dust Devil
|-damage|p1b: Dust Devil|89/100
|move|p1b: Dust Devil|Tera Blast|p2a: Gholdengo|[anim] Tera Blast Flying
|-resisted|p2a: Gholdengo
|-damage|p2a: Gholdengo|63/100
|
|-weather|Sandstorm|[upkeep]
|-damage|p1a: DK|75/100|[from] Sandstorm
|-damage|p2b: Tyranitar|41/100|[from] Sandstorm
|-damage|p1b: Dust Devil|83/100|[from] Sandstorm
|upkeep
|turn|4
|inactive|Sedrav has 30 seconds left.
|
|t:|1756950335
|move|p2a: Gholdengo|Protect|p2a: Gholdengo
|-singleturn|p2a: Gholdengo|Protect
|move|p1a: DK|Coaching|p1b: Dust Devil
|-boost|p1b: Dust Devil|atk|1
|-boost|p1b: Dust Devil|def|1
|move|p2b: Tyranitar|Rock Slide|p1b: Dust Devil|[spread] p1a,p1b
|-resisted|p1a: DK
|-crit|p1a: DK
|-supereffective|p1b: Dust Devil
|-damage|p1a: DK|52/100
|-damage|p1b: Dust Devil|57/100
|cant|p1b: Dust Devil|flinch
|
|-weather|Sandstorm|[upkeep]
|-damage|p1a: DK|46/100|[from] Sandstorm
|-damage|p2b: Tyranitar|35/100|[from] Sandstorm
|-damage|p1b: Dust Devil|50/100|[from] Sandstorm
|upkeep
|turn|5
|
|t:|1756950351
|switch|p1a: Yama no Orichi|Hydreigon, L50, M|95/100
|move|p2a: Gholdengo|Make It Rain|p1a: Yama no Orichi|[spread] p1a,p1b
|-damage|p1a: Yama no Orichi|34/100
|-damage|p1b: Dust Devil|20/100
|-unboost|p2a: Gholdengo|spa|1
|move|p2b: Tyranitar|Rock Slide|p1b: Dust Devil|[spread] p1a,p1b
|-supereffective|p1b: Dust Devil
|-damage|p1a: Yama no Orichi|0 fnt
|-damage|p1b: Dust Devil|0 fnt
|faint|p1a: Yama no Orichi
|faint|p1b: Dust Devil
|
|-weather|none
|upkeep
|
|t:|1756950364
|switch|p1a: DK|Annihilape, L50, F|46/100
|switch|p1b: Clefable|Clefable, L50, M|100/100
|turn|6
|
|t:|1756950384
|switch|p2a: Amoonguss|Amoonguss, L50, M|100/100
|switch|p2b: Talonflame|Talonflame, L50, M|100/100
|move|p1a: DK|Rage Fist|p2a: Amoonguss
|-damage|p2a: Amoonguss|48/100
|-enditem|p2a: Amoonguss|Sitrus Berry|[eat]
|-heal|p2a: Amoonguss|73/100|[from] item: Sitrus Berry
|move|p1b: Clefable|Moonblast|p2b: Talonflame
|-resisted|p2b: Talonflame
|-damage|p2b: Talonflame|78/100
|
|upkeep
|turn|7
|
|t:|1756950406
|move|p1b: Clefable|Follow Me|p1b: Clefable
|-singleturn|p1b: Clefable|move: Follow Me
|move|p1a: DK|Rage Fist|p2b: Talonflame
|-damage|p2b: Talonflame|0 fnt
|faint|p2b: Talonflame
|move|p2a: Amoonguss|Spore|p1b: Clefable
|-status|p1b: Clefable|slp|[from] move: Spore
|
|upkeep
|
|t:|1756950415
|switch|p2b: Gholdengo|Gholdengo, L50|63/100
|turn|8
|
|t:|1756950426
|cant|p1b: Clefable|slp
|move|p2a: Amoonguss|Rage Powder|p2a: Amoonguss
|-singleturn|p2a: Amoonguss|move: Rage Powder
|move|p1a: DK|Rage Fist|p2a: Amoonguss
|-damage|p2a: Amoonguss|15/100
|move|p2b: Gholdengo|Shadow Ball|p1a: DK
|-supereffective|p1a: DK
|-damage|p1a: DK|0 fnt
|faint|p1a: DK
|
|upkeep
|turn|9
|
|t:|1756950440
|move|p2b: Gholdengo|Nasty Plot|p2b: Gholdengo
|-boost|p2b: Gholdengo|spa|2
|cant|p1b: Clefable|slp
|move|p2a: Amoonguss|Pollen Puff|p2b: Gholdengo
|-heal|p2b: Gholdengo|100/100
|
|upkeep
|turn|10
|-message|P!nkbearz07 forfeited.
|
|win|Sedrav
|raw|P!nkbearz07's rating: 1116 → 1095(-21 for losing)
|raw|Sedrav's rating: 1179 → 1200(+21 for winning)
