|j|☆KodeBeast0526
|j|☆Elju
|html|KodeBeast0526Elju    
|uhtml|bestof|Game 2 of a best-of-3
|t:|1784354199
|gametype|doubles
|player|p1|KodeBeast0526|hiker|1204
|player|p2|Elju|1|1284
|gen|9
|tier|[Gen 9 Champions] VGC 2026 Reg M-B (Bo3)
|rated|
|rule|Species Clause: Limit one of each Pokémon
|rule|Item Clause: Limit 1 of each item
|clearpoke
|poke|p1|Aerodactyl, L50, M|
|poke|p1|Kingambit, L50, M|
|poke|p1|Sylveon, L50, M|
|poke|p1|Garchomp, L50, M|
|poke|p1|Charizard, L50, M|
|poke|p1|Farigiraf, L50, F, shiny|
|poke|p2|Floette-Eternal, L50, F|
|poke|p2|Ceruledge, L50, M|
|poke|p2|Milotic, L50, F|
|poke|p2|Grimmsnarl, L50, M|
|poke|p2|Wyrdeer, L50, M|
|poke|p2|Sneasler, L50, F|
|teampreview|4
|showteam|p1|Aerodactyl||Aerodactylite|Unnerve|RockSlide,IceFang,Tailwind,WideGuard|Jolly||M|||50|]Kingambit||FocusSash|Defiant|KowtowCleave,SuckerPunch,IronHead,LowKick|Adamant||M|||50|]Sylveon||FairyFeather|Pixilate|Detect,HyperVoice,HyperBeam,QuickAttack|Modest||M|||50|]Garchomp||LifeOrb|RoughSkin|Earthquake,DragonClaw,StompingTantrum,Protect|Jolly||M|||50|]Charizard||CharizarditeY|Blaze|Protect,HeatWave,SolarBeam,WeatherBall|Modest||M|||50|]Farigiraf||SitrusBerry|ArmorTail|Thunderbolt,PsychicNoise,TrickRoom,HelpingHand|Bold||F|||50|
|showteam|p2|Floette-Eternal||Floettite|FlowerVeil|Moonblast,DazzlingGleam,CalmMind,Protect|Modest||F|||50|]Ceruledge||Charcoal|FlashFire|BitterBlade,ShadowSneak,BulkUp,Protect|Adamant||M|||50|]Milotic||Leftovers|Competitive|MuddyWater,Hypnosis,Recover,Coil|Sassy||F|||50|]Grimmsnarl||LightClay|Prankster|FakeOut,Reflect,LightScreen,PartingShot|Impish||M|||50|]Wyrdeer||ColburBerry|Intimidate|TrickRoom,Gravity,Hypnosis,PsyshieldBash|Adamant||M|||50|]Sneasler||WhiteHerb|Unburden|FakeOut,CloseCombat,DireClaw,Protect|Adamant||F|||50|
|
|t:|1784354225
|teamsize|p1|4
|teamsize|p2|4
|start
|switch|p1a: Aerodactyl|Aerodactyl, L50, M|100/100
|switch|p1b: Farigiraf|Farigiraf, L50, F, shiny|100/100
|switch|p2a: Grimmsnarl|Grimmsnarl, L50, M|100/100
|switch|p2b: Milotic|Milotic, L50, F|100/100
|-ability|p1a: Aerodactyl|Unnerve
|turn|1
|
|t:|1784354239
|detailschange|p1a: Aerodactyl|Aerodactyl-Mega, L50, M
|-mega|p1a: Aerodactyl|Aerodactyl|Aerodactylite
|move|p2a: Grimmsnarl|Light Screen|p2a: Grimmsnarl
|-sidestart|p2: Elju|move: Light Screen
|move|p1a: Aerodactyl|Tailwind|p1a: Aerodactyl
|-sidestart|p1: KodeBeast0526|move: Tailwind
|move|p1b: Farigiraf|Thunderbolt|p2b: Milotic
|-supereffective|p2b: Milotic|1
|-damage|p2b: Milotic|82/100
|move|p2b: Milotic|Coil|p2b: Milotic
|-boost|p2b: Milotic|atk|1
|-boost|p2b: Milotic|def|1
|-boost|p2b: Milotic|accuracy|1
|
|-heal|p2b: Milotic|88/100|[from] item: Leftovers
|upkeep
|turn|2
|inactive|Battle timer is ON: inactive players will automatically lose when time's up. (requested by Elju)
|
|t:|1784354252
|move|p2a: Grimmsnarl|Reflect|p2a: Grimmsnarl
|-sidestart|p2: Elju|Reflect
|move|p1a: Aerodactyl|Rock Slide|p2b: Milotic|[spread] p2a,p2b
|-crit|p2b: Milotic
|-damage|p2a: Grimmsnarl|82/100
|-damage|p2b: Milotic|49/100
|move|p1b: Farigiraf|Psychic Noise|p2b: Milotic
|-damage|p2b: Milotic|38/100
|-start|p2b: Milotic|move: Heal Block
|move|p2b: Milotic|Coil|p2b: Milotic
|-boost|p2b: Milotic|atk|1
|-boost|p2b: Milotic|def|1
|-boost|p2b: Milotic|accuracy|1
|
|upkeep
|turn|3
|
|t:|1784354269
|switch|p2a: Wyrdeer|Wyrdeer, L50, M|100/100
|-ability|p2a: Wyrdeer|Intimidate|boost
|-unboost|p1a: Aerodactyl|atk|1
|-unboost|p1b: Farigiraf|atk|1
|move|p1b: Farigiraf|Helping Hand|p1a: Aerodactyl
|-singleturn|p1a: Aerodactyl|Helping Hand|[of] p1b: Farigiraf
|move|p1a: Aerodactyl|Rock Slide|p2a: Wyrdeer|[spread] p2a
|-miss|p1a: Aerodactyl|p2b: Milotic
|-damage|p2a: Wyrdeer|82/100
|move|p2b: Milotic|Hypnosis|p1b: Farigiraf
|-status|p1b: Farigiraf|slp|[from] move: Hypnosis
|
|-end|p2b: Milotic|move: Heal Block
|upkeep
|turn|4
|
|t:|1784354287
|switch|p1a: Kingambit|Kingambit, L50, M|100/100
|move|p2a: Wyrdeer|Psyshield Bash|p1a: Kingambit
|-immune|p1a: Kingambit
|move|p2b: Milotic|Recover|p2b: Milotic
|-heal|p2b: Milotic|88/100
|cant|p1b: Farigiraf|slp
|
|-heal|p2b: Milotic|94/100|[from] item: Leftovers
|-sideend|p1: KodeBeast0526|move: Tailwind
|upkeep
|turn|5
|inactive|KodeBeast0526 has 30 seconds left.
|inactive|KodeBeast0526 has 20 seconds left.
|inactive|KodeBeast0526 has 15 seconds left.
|inactive|KodeBeast0526 has 10 seconds left.
|inactive|KodeBeast0526 has 5 seconds left.
|
|t:|1784354339
|move|p1a: Kingambit|Kowtow Cleave|p2a: Wyrdeer
|-supereffective|p2a: Wyrdeer|1
|-enditem|p2a: Wyrdeer|Colbur Berry|[eat]
|-enditem|p2a: Wyrdeer|Colbur Berry|[weaken]
|-damage|p2a: Wyrdeer|51/100
|move|p2a: Wyrdeer|Gravity|p2a: Wyrdeer
|-fieldstart|move: Gravity
|move|p2b: Milotic|Hypnosis|p1a: Kingambit
|-status|p1a: Kingambit|slp|[from] move: Hypnosis
|cant|p1b: Farigiraf|slp
|
|-heal|p2b: Milotic|100/100|[from] item: Leftovers
|upkeep
|turn|6
|
|t:|1784354352
|switch|p2a: Floette|Floette-Eternal, L50, F|100/100
|cant|p1a: Kingambit|slp
|move|p2b: Milotic|Muddy Water|p1b: Farigiraf|[spread] p1a,p1b
|-damage|p1a: Kingambit|74/100 slp
|-damage|p1b: Farigiraf|79/100 slp
|-curestatus|p1b: Farigiraf|slp|[msg]
|move|p1b: Farigiraf|Thunderbolt|p2b: Milotic
|-supereffective|p2b: Milotic|1
|-damage|p2b: Milotic|81/100
|
|-heal|p2b: Milotic|87/100|[from] item: Leftovers
|upkeep
|turn|7
|
|t:|1784354369
|detailschange|p2a: Floette|Floette-Mega, L50, F
|-mega|p2a: Floette|Floette|Floettite
|-ability|p2a: Floette|Fairy Aura
|move|p2a: Floette|Moonblast|p1a: Kingambit
|-damage|p1a: Kingambit|0 fnt
|faint|p1a: Kingambit
|move|p2b: Milotic|Hypnosis|p1b: Farigiraf
|-status|p1b: Farigiraf|slp|[from] move: Hypnosis
|cant|p1b: Farigiraf|slp
|
|-heal|p2b: Milotic|93/100|[from] item: Leftovers
|upkeep
|
|t:|1784354384
|switch|p1a: Sylveon|Sylveon, L50, M|100/100
|turn|8
|
|t:|1784354391
|-curestatus|p1b: Farigiraf|slp|[msg]
|move|p1b: Farigiraf|Helping Hand|p1a: Sylveon
|-singleturn|p1a: Sylveon|Helping Hand|[of] p1b: Farigiraf
|move|p2a: Floette|Moonblast|p1b: Farigiraf
|-damage|p1b: Farigiraf|8/100
|-enditem|p1b: Farigiraf|Sitrus Berry|[eat]
|-heal|p1b: Farigiraf|33/100|[from] item: Sitrus Berry
|move|p1a: Sylveon|Hyper Voice|p2b: Milotic|[spread] p2a,p2b
|-damage|p2a: Floette|47/100
|-damage|p2b: Milotic|60/100
|move|p2b: Milotic|Hypnosis|p1a: Sylveon
|-status|p1a: Sylveon|slp|[from] move: Hypnosis
|
|-heal|p2b: Milotic|66/100|[from] item: Leftovers
|-sideend|p2: Elju|move: Light Screen
|upkeep
|turn|9
|
|t:|1784354409
|move|p2a: Floette|Dazzling Gleam|p1b: Farigiraf|[spread] p1a,p1b
|-damage|p1a: Sylveon|63/100 slp
|-damage|p1b: Farigiraf|0 fnt
|faint|p1b: Farigiraf
|cant|p1a: Sylveon|slp
|move|p2b: Milotic|Muddy Water|p1a: Sylveon
|-damage|p1a: Sylveon|40/100 slp
|
|-heal|p2b: Milotic|72/100|[from] item: Leftovers
|-sideend|p2: Elju|Reflect
|-fieldend|move: Gravity
|upkeep
|
|t:|1784354412
|switch|p1b: Aerodactyl|Aerodactyl-Mega, L50, M|100/100
|turn|10
|
|t:|1784354431
|move|p1b: Aerodactyl|Ice Fang|p2a: Floette
|-damage|p2a: Floette|7/100
|move|p2a: Floette|Moonblast|p1a: Sylveon
|-damage|p1a: Sylveon|0 fnt
|faint|p1a: Sylveon
|move|p2b: Milotic|Hypnosis|p1b: Aerodactyl
|-status|p1b: Aerodactyl|slp|[from] move: Hypnosis
|
|-heal|p2b: Milotic|78/100|[from] item: Leftovers
|upkeep
|turn|11
|
|t:|1784354439
|cant|p1b: Aerodactyl|slp
|move|p2a: Floette|Moonblast|p1b: Aerodactyl
|-damage|p1b: Aerodactyl|11/100 slp
|move|p2b: Milotic|Muddy Water|p1b: Aerodactyl
|-supereffective|p1b: Aerodactyl|1
|-damage|p1b: Aerodactyl|0 fnt
|faint|p1b: Aerodactyl
|
|win|Elju
