|j|☆ranakos
|j|☆Philippejava
|html|ranakosPhilippejava    
|uhtml|bestof|Game 2 of a best-of-3
|t:|1756896082
|gametype|doubles
|player|p1|ranakos|scientist-gen4|1153
|player|p2|Philippejava|falkner|1103
|gen|9
|tier|[Gen 9] VGC 2025 Reg H (Bo3)
|rated|
|rule|Species Clause: Limit one of each Pokémon
|rule|Item Clause: Limit 1 of each item
|clearpoke
|poke|p1|Gholdengo, L50|
|poke|p1|Sneasler, L50, M|
|poke|p1|Rillaboom, L50, M|
|poke|p1|Dragonite, L50, F|
|poke|p1|Ninetales-Alola, L50, M|
|poke|p1|Arcanine-Hisui, L50, M|
|poke|p2|Ursaluna, L50, F|
|poke|p2|Indeedee-F, L50, F|
|poke|p2|Exeggutor, L50, M|
|poke|p2|Torkoal, L50, F|
|poke|p2|Gallade, L50, M|
|poke|p2|Zoroark-Hisui, L50, M|
|teampreview|4
|showteam|p1|Gholdengo||GrassySeed|GoodasGold|NastyPlot,MakeItRain,ShadowBall,Protect||||||50|,,,,,Water]Sneasler||WhiteHerb|Unburden|CloseCombat,DireClaw,Coaching,Protect|||M|||50|,,,,,Ghost]Rillaboom||AssaultVest|GrassySurge|FakeOut,GrassyGlide,DrumBeating,HighHorsepower|||M|||50|,,,,,Fire]Dragonite||LoadedDice|Multiscale|ScaleShot,TeraBlast,Haze,Protect|||F|||50|,,,,,Flying]Ninetales-Alola||FocusSash|SnowWarning|Blizzard,Protect,Encore,AuroraVeil|||M|||50|,,,,,Ghost]Arcanine-Hisui||ClearAmulet|Intimidate|RockSlide,FlareBlitz,ExtremeSpeed,Protect|||M|||50|,,,,,Fairy
|showteam|p2|Ursaluna||FlameOrb|Guts|Protect,Facade,Earthquake,HeadlongRush|||F|||50|,,,,,Ghost]Indeedee-F||PsychicSeed|PsychicSurge|TrickRoom,FollowMe,HelpingHand,Psychic|||F|||50|,,,,,Grass]Exeggutor||FocusSash|Chlorophyll|TrickRoom,ExpandingForce,EnergyBall,SleepPowder|||M|||50|,,,,,Psychic]Torkoal||Charcoal|Drought|Eruption,ClearSmog,Protect,WeatherBall|||F|||50|,,,,,Fire]Gallade||ClearAmulet|Sharpness|PsychoCut,TrickRoom,WideGuard,SacredSword|||M|||50|,,,,,Fire]Zoroark-Hisui||ChoiceScarf|Illusion|HyperVoice,Flamethrower,ShadowBall,IcyWind|||M|||50|,,,,,Normal
|inactive|Battle timer is ON: inactive players will automatically lose when time's up. (requested by Philippejava)
|inactive|ranakos has 60 seconds left.
|inactive|Philippejava has 60 seconds left.
|
|t:|1756896131
|teamsize|p1|4
|teamsize|p2|4
|start
|switch|p1a: Uretro|Gholdengo, L50|100/100
|switch|p1b: Arcanine|Arcanine-Hisui, L50, M|100/100
|switch|p2a: Ursaluna|Ursaluna, L50, F|100/100
|switch|p2b: Torkoal|Torkoal, L50, F|100/100
|-ability|p1b: Arcanine|Intimidate|boost
|-unboost|p2a: Ursaluna|atk|1
|-unboost|p2b: Torkoal|atk|1
|-weather|SunnyDay|[from] ability: Drought|[of] p2b: Torkoal
|turn|1
|inactive|ranakos has 30 seconds left.
|
|t:|1756896161
|switch|p1b: Rillaboom|Rillaboom, L50, M|100/100
|-fieldstart|move: Grassy Terrain|[from] ability: Grassy Surge|[of] p1b: Rillaboom
|-enditem|p1a: Uretro|Grassy Seed
|-boost|p1a: Uretro|def|1|[from] item: Grassy Seed
|-terastallize|p1a: Uretro|Water
|move|p2b: Torkoal|Protect|p2b: Torkoal
|-singleturn|p2b: Torkoal|Protect
|move|p1a: Uretro|Make It Rain|p2a: Ursaluna|[spread] p2a
|-activate|p2b: Torkoal|move: Protect
|-damage|p2a: Ursaluna|61/100
|-unboost|p1a: Uretro|spa|1
|move|p2a: Ursaluna|Earthquake|p1a: Uretro|[spread] p1a,p1b
|-activate|p2b: Torkoal|move: Protect
|-resisted|p1b: Rillaboom
|-damage|p1a: Uretro|91/100
|-damage|p1b: Rillaboom|93/100
|
|-weather|SunnyDay|[upkeep]
|-heal|p1b: Rillaboom|98/100|[from] Grassy Terrain
|-heal|p1a: Uretro|97/100|[from] Grassy Terrain
|-heal|p2a: Ursaluna|67/100|[from] Grassy Terrain
|-status|p2a: Ursaluna|brn|[from] item: Flame Orb
|upkeep
|turn|2
|inactive|ranakos has 30 seconds left.
|inactive|Philippejava has 30 seconds left.
|inactive|ranakos has 20 seconds left.
|inactive|Philippejava has 20 seconds left.
|inactive|ranakos has 15 seconds left.
|inactive|Philippejava has 15 seconds left.
|inactive|Philippejava has 10 seconds left.
|inactive|Philippejava has 5 seconds left.
|
|t:|1756896216
|move|p2a: Ursaluna|Protect|p2a: Ursaluna
|-singleturn|p2a: Ursaluna|Protect
|move|p1b: Rillaboom|Drum Beating|p2a: Ursaluna
|-activate|p2a: Ursaluna|move: Protect
|move|p1a: Uretro|Make It Rain|p2b: Torkoal|[spread] p2b
|-activate|p2a: Ursaluna|move: Protect
|-resisted|p2b: Torkoal
|-damage|p2b: Torkoal|82/100
|-unboost|p1a: Uretro|spa|1
|move|p2b: Torkoal|Eruption|p1b: Rillaboom|[spread] p1a,p1b
|-resisted|p1a: Uretro
|-supereffective|p1b: Rillaboom
|-damage|p1a: Uretro|62/100
|-damage|p1b: Rillaboom|0 fnt
|faint|p1b: Rillaboom
|
|-weather|SunnyDay|[upkeep]
|-heal|p1a: Uretro|69/100|[from] Grassy Terrain
|-heal|p2a: Ursaluna|73/100 brn|[from] Grassy Terrain
|-heal|p2b: Torkoal|88/100|[from] Grassy Terrain
|-damage|p2a: Ursaluna|67/100 brn|[from] brn
|upkeep
|
|t:|1756896228
|switch|p1b: Arcanine|Arcanine-Hisui, L50, M|100/100
|-ability|p1b: Arcanine|Intimidate|boost
|-unboost|p2a: Ursaluna|atk|1
|-unboost|p2b: Torkoal|atk|1
|turn|3
|
|t:|1756896241
|switch|p2a: Indeedee|Indeedee-F, L50, F|100/100
|-fieldstart|move: Psychic Terrain|[from] ability: Psychic Surge|[of] p2a: Indeedee
|-enditem|p2a: Indeedee|Psychic Seed
|-boost|p2a: Indeedee|spd|1|[from] item: Psychic Seed
|move|p2b: Torkoal|Protect|p2b: Torkoal
|-singleturn|p2b: Torkoal|Protect
|move|p1b: Arcanine|Flare Blitz|p2a: Indeedee
|-damage|p2a: Indeedee|14/100
|-damage|p1b: Arcanine|71/100|[from] Recoil
|move|p1a: Uretro|Nasty Plot|p1a: Uretro
|-boost|p1a: Uretro|spa|2
|
|-weather|SunnyDay|[upkeep]
|upkeep
|turn|4
|inactive|Philippejava has 30 seconds left.
|
|t:|1756896275
|switch|p2b: Ursaluna|Ursaluna, L50, F|67/100 brn
|move|p1b: Arcanine|Rock Slide|p2b: Ursaluna|[spread] p2a,p2b
|-resisted|p2b: Ursaluna
|-damage|p2a: Indeedee|0 fnt
|-damage|p2b: Ursaluna|58/100 brn
|faint|p2a: Indeedee
|move|p1a: Uretro|Shadow Ball|p2b: Ursaluna
|-immune|p2b: Ursaluna
|
|-weather|SunnyDay|[upkeep]
|-damage|p2b: Ursaluna|52/100 brn|[from] brn
|upkeep
|
|t:|1756896289
|switch|p2a: Exeggutor|Exeggutor, L50, M|100/100
|turn|5
|
|t:|1756896300
|-terastallize|p2a: Exeggutor|Psychic
|move|p1b: Arcanine|Protect|p1b: Arcanine
|-singleturn|p1b: Arcanine|Protect
|move|p1a: Uretro|Protect|p1a: Uretro
|-singleturn|p1a: Uretro|Protect
|move|p2a: Exeggutor|Expanding Force|p1b: Arcanine|[spread] 
|-activate|p1a: Uretro|move: Protect
|-activate|p1b: Arcanine|move: Protect
|move|p2b: Ursaluna|Facade|p1a: Uretro
|-activate|p1a: Uretro|move: Protect
|
|-weather|none
|-damage|p2b: Ursaluna|46/100 brn|[from] brn
|upkeep
|turn|6
|inactive|ranakos has 30 seconds left.
|inactive|ranakos has 20 seconds left.
|
|t:|1756896337
|switch|p2b: Torkoal|Torkoal, L50, F|88/100
|-weather|SunnyDay|[from] ability: Drought|[of] p2b: Torkoal
|move|p2a: Exeggutor|Expanding Force|p1a: Uretro|[spread] p1a,p1b
|-damage|p1a: Uretro|0 fnt
|-damage|p1b: Arcanine|0 fnt
|faint|p1a: Uretro
|faint|p1b: Arcanine
|
|-weather|SunnyDay|[upkeep]
|upkeep
|-message|ranakos forfeited.
|
|win|Philippejava
||ranakos is ready for game 3.
|inactive|Philippejava has 30 seconds to confirm battle start!
|inactive|Philippejava has 20 seconds to confirm battle start!
|inactive|Philippejava has 10 seconds to confirm battle start!
|uhtml|next|Next: Game 3 of 3
|l|☆Philippejava
|player|p2|
