|j|☆Keith Jones
|j|☆NemoAK
|html|Keith JonesNemoAK    
|uhtml|bestof|Game 3 of a best-of-3
|t:|1783785614
|gametype|doubles
|player|p1|Keith Jones|169|1346
|player|p2|NemoAK|2|1234
|gen|9
|tier|[Gen 9 Champions] VGC 2026 Reg M-B (Bo3)
|rated|
|rule|Species Clause: Limit one of each Pokémon
|rule|Item Clause: Limit 1 of each item
|clearpoke
|poke|p1|Annihilape, L50, F|
|poke|p1|Maushold-Four, L50|
|poke|p1|Floette-Eternal, L50, F|
|poke|p1|Aerodactyl, L50, F|
|poke|p1|Mudsdale, L50, M|
|poke|p1|Gholdengo, L50|
|poke|p2|Staraptor, L50, M|
|poke|p2|Whimsicott, L50, M|
|poke|p2|Basculegion, L50, M|
|poke|p2|Farigiraf, L50, M|
|poke|p2|Garchomp, L50, M|
|poke|p2|Kingambit, L50, M|
|teampreview|4
|showteam|p1|Annihilape||SitrusBerry|Defiant|RageFist,CloseCombat,RockTomb,Protect|Jolly||F|||50|]Maushold-Four||FocusSash|FriendGuard|SuperFang,BeatUp,FollowMe,Protect|Timid|||||50|]Floette-Eternal||Floettite|FlowerVeil|Moonblast,DazzlingGleam,LightofRuin,Protect|Timid||F|||50|]Aerodactyl||Aerodactylite|RockHead|RockSlide,DualWingbeat,Tailwind,Protect|Jolly||F|||50|]Mudsdale||Leftovers|Stamina|BodyPress,HighHorsepower,StoneEdge,Protect|Impish||M|||50|]Gholdengo||LifeOrb|GoodasGold|MakeItRain,ShadowBall,NastyPlot,Protect|Timid|||||50|
|showteam|p2|Staraptor||Staraptite|Intimidate|CloseCombat,BraveBird,Roost,Protect|Jolly||M|||50|]Whimsicott||MentalHerb|Prankster|Moonblast,Tailwind,Protect,Charm|Timid||M|||50|]Basculegion||ChoiceScarf|Adaptability|LastRespects,WaveCrash,AquaJet,FlipTurn|Adamant||M|||50|]Farigiraf||SitrusBerry|ArmorTail|Psychic,HyperVoice,TrickRoom,HelpingHand|Quiet||M|||50|]Garchomp||LifeOrb|RoughSkin|Earthquake,RockSlide,ScaleShot,Protect|Jolly||M|||50|]Kingambit||FocusSash|Defiant|LowKick,SuckerPunch,IronHead,KowtowCleave|Brave||M|||50|
|inactive|Battle timer is ON: inactive players will automatically lose when time's up. (requested by NemoAK)
|
|t:|1783785643
|teamsize|p1|4
|teamsize|p2|4
|start
|switch|p1a: Maushold|Maushold-Four, L50|100/100
|switch|p1b: Floette|Floette-Eternal, L50, F|100/100
|switch|p2a: Fluffy|Whimsicott, L50, M|100/100
|switch|p2b: The Biggest Bird|Staraptor, L50, M|100/100
|-ability|p2b: The Biggest Bird|Intimidate|boost
|-unboost|p1a: Maushold|atk|1
|-unboost|p1b: Floette|atk|1
|turn|1
|inactive|NemoAK has 30 seconds left.
|inactive|NemoAK has 20 seconds left.
|inactive|NemoAK has 15 seconds left.
|inactive|NemoAK has 10 seconds left.
|inactive|NemoAK has 5 seconds left.
|
|t:|1783785694
|detailschange|p2b: The Biggest Bird|Staraptor-Mega, L50, M
|-mega|p2b: The Biggest Bird|Staraptor|Staraptite
|detailschange|p1b: Floette|Floette-Mega, L50, F
|-mega|p1b: Floette|Floette|Floettite
|-ability|p1b: Floette|Fairy Aura
|move|p1a: Maushold|Protect|p1a: Maushold
|-singleturn|p1a: Maushold|Protect
|move|p2b: The Biggest Bird|Protect|p2b: The Biggest Bird
|-singleturn|p2b: The Biggest Bird|Protect
|move|p2a: Fluffy|Tailwind|p2a: Fluffy
|-sidestart|p2: NemoAK|move: Tailwind
|move|p1b: Floette|Dazzling Gleam|p2b: The Biggest Bird|[spread] p2a
|-activate|p2b: The Biggest Bird|move: Protect
|-damage|p2a: Fluffy|39/100
|
|upkeep
|turn|2
|
|t:|1783785712
|move|p1a: Maushold|Follow Me|p1a: Maushold
|-singleturn|p1a: Maushold|move: Follow Me
|move|p2b: The Biggest Bird|Close Combat|p1a: Maushold
|-supereffective|p1a: Maushold|1
|-enditem|p1a: Maushold|Focus Sash
|-damage|p1a: Maushold|1/100
|-boost|p2b: The Biggest Bird|def|1
|-boost|p2b: The Biggest Bird|spd|1
|move|p2a: Fluffy|Moonblast|p1a: Maushold
|-damage|p1a: Maushold|0 fnt
|faint|p1a: Maushold
|move|p1b: Floette|Dazzling Gleam|p2a: Fluffy|[spread] p2a,p2b
|-supereffective|p2b: The Biggest Bird|1
|-damage|p2a: Fluffy|0 fnt
|-damage|p2b: The Biggest Bird|25/100
|faint|p2a: Fluffy
|
|upkeep
|
|t:|1783785718
|switch|p1a: Aerodactyl|Aerodactyl, L50, F|100/100
|switch|p2a: Toothless|Garchomp, L50, M|100/100
|turn|3
|
|t:|1783785726
|move|p1b: Floette|Protect|p1b: Floette
|-singleturn|p1b: Floette|Protect
|move|p2b: The Biggest Bird|Close Combat|p1a: Aerodactyl
|-damage|p1a: Aerodactyl|10/100
|-boost|p2b: The Biggest Bird|def|1
|-boost|p2b: The Biggest Bird|spd|1
|move|p2a: Toothless|Rock Slide|p1a: Aerodactyl|[spread] p1a
|-activate|p1b: Floette|move: Protect
|-supereffective|p1a: Aerodactyl|1
|-damage|p1a: Aerodactyl|0 fnt
|faint|p1a: Aerodactyl
|-damage|p2a: Toothless|90/100|[from] item: Life Orb
|
|upkeep
|
|t:|1783785728
|switch|p1a: Annihilape|Annihilape, L50, F|100/100
|turn|4
|
|t:|1783785733
|move|p1b: Floette|Protect|p1b: Floette
|-singleturn|p1b: Floette|Protect
|move|p1a: Annihilape|Protect|p1a: Annihilape
|-singleturn|p1a: Annihilape|Protect
|move|p2b: The Biggest Bird|Brave Bird|p1b: Floette
|-activate|p1b: Floette|move: Protect
|move|p2a: Toothless|Earthquake|p1a: Annihilape|[spread] 
|-activate|p1a: Annihilape|move: Protect
|-activate|p1b: Floette|move: Protect
|-immune|p2b: The Biggest Bird
|
|-sideend|p2: NemoAK|move: Tailwind
|upkeep
|turn|5
|
|t:|1783785752
|move|p2b: The Biggest Bird|Brave Bird|p1a: Annihilape
|-supereffective|p1a: Annihilape|1
|-damage|p1a: Annihilape|0 fnt
|faint|p1a: Annihilape
|-damage|p2b: The Biggest Bird|0 fnt|[from] Recoil
|faint|p2b: The Biggest Bird
|move|p1b: Floette|Dazzling Gleam|p2a: Toothless
|-supereffective|p2a: Toothless|1
|-damage|p2a: Toothless|0 fnt
|faint|p2a: Toothless
|
|upkeep
|
|t:|1783785759
|switch|p2b: Gary’s Raticate|Basculegion, L50, M|100/100
|turn|6
|
|t:|1783785763
|move|p2b: Gary’s Raticate|Last Respects|p1b: Floette
|-damage|p1b: Floette|0 fnt
|faint|p1b: Floette
|
|win|NemoAK
|raw|Keith Jones's rating: 1346 → 1320(-26 for losing)
|raw|NemoAK's rating: 1234 → 1267(+33 for winning)
