|j|☆TeyOnTheRox
|j|☆EnzoPS
|html|TeyOnTheRoxEnzoPS    
|uhtml|bestof|Game 1 of a best-of-3
|t:|1757778089
|gametype|doubles
|player|p1|TeyOnTheRox|benga|1182
|player|p2|EnzoPS|cynthia-gen4|1162
|gen|9
|tier|[Gen 9] VGC 2025 Reg H (Bo3)
|rated|
|rule|Species Clause: Limit one of each Pokémon
|rule|Item Clause: Limit 1 of each item
|clearpoke
|poke|p1|Tyranitar, L50, M|
|poke|p1|Excadrill, L50, M|
|poke|p1|Sneasler, L50, F|
|poke|p1|Indeedee, L50, M|
|poke|p1|Corviknight, L50, F|
|poke|p1|Annihilape, L50, F|
|poke|p2|Pelipper, L50, F|
|poke|p2|Amoonguss, L50, M|
|poke|p2|Archaludon, L50, M|
|poke|p2|Basculegion, L50, M|
|poke|p2|Gholdengo, L50|
|poke|p2|Incineroar, L50, F|
|teampreview|4
|showteam|p1|Tyranitar||AssaultVest|SandStream|RockSlide,KnockOff,TeraBlast,LowKick|||M|||50|,,,,,Flying]Excadrill||FocusSash|SandRush|IronHead,HighHorsepower,Earthquake,Protect|||M|||50|,,,,,Stellar]Sneasler||PsychicSeed|Unburden|DireClaw,CloseCombat,ThroatChop,Protect|||F|||50|,,,,,Dark]Indeedee||ChoiceScarf|PsychicSurge|ExpandingForce,TeraBlast,Protect,Trick|||M|||50|,,,,,Psychic]Corviknight||Leftovers|MirrorArmor|BraveBird,BulkUp,Roost,Tailwind|||F|||50|,,,,,Dragon]Annihilape||SafetyGoggles|Defiant|CloseCombat,FinalGambit,RageFist,Taunt|||F|||50|,,,,,Water
|showteam|p2|Pelipper||FocusSash|Drizzle|Protect,WeatherBall,Hurricane,Tailwind|||F|||50|,,,,,Ground]Amoonguss||SitrusBerry|Regenerator|Protect,Spore,RagePowder,PollenPuff|||M|||50|,,,,,Water]Archaludon||AssaultVest|Stamina|DragonPulse,ElectroShot,FlashCannon,BodyPress|||M|||50|,,,,,Grass]Basculegion||ChoiceBand|SwiftSwim|FlipTurn,WaveCrash,AquaJet,LastRespects|||M|||50|,,,,,Grass]Gholdengo||LifeOrb|GoodasGold|Protect,MakeItRain,ShadowBall,NastyPlot||||||50|,,,,,Water]Incineroar||SafetyGoggles|Intimidate|FlareBlitz,KnockOff,PartingShot,FakeOut|||F|||50|,,,,,Ghost
|
|t:|1757778137
|teamsize|p1|4
|teamsize|p2|4
|start
|switch|p1a: Cars I|Indeedee, L50, M, shiny|100/100
|switch|p1b: Lightnin'|Sneasler, L50, F|100/100
|switch|p2a: Gholdengo|Gholdengo, L50|100/100
|switch|p2b: Amoonguss|Amoonguss, L50, M|100/100
|-fieldstart|move: Psychic Terrain|[from] ability: Psychic Surge|[of] p1a: Cars I
|-enditem|p1b: Lightnin'|Psychic Seed
|-boost|p1b: Lightnin'|spd|1|[from] item: Psychic Seed
|turn|1
|
|t:|1757778189
|-terastallize|p1b: Lightnin'|Dark
|-terastallize|p2b: Amoonguss|Water
|move|p2b: Amoonguss|Rage Powder|p2b: Amoonguss
|-singleturn|p2b: Amoonguss|move: Rage Powder
|move|p1b: Lightnin'|Throat Chop|p2b: Amoonguss
|-damage|p2b: Amoonguss|62/100
|-start|p2b: Amoonguss|Throat Chop|[silent]
|move|p1a: Cars I|Expanding Force|p2b: Amoonguss|[spread] p2a,p2b
|-resisted|p2a: Gholdengo
|-damage|p2a: Gholdengo|70/100
|-damage|p2b: Amoonguss|17/100
|-enditem|p2b: Amoonguss|Sitrus Berry|[eat]
|-heal|p2b: Amoonguss|42/100|[from] item: Sitrus Berry
|move|p2a: Gholdengo|Make It Rain|p1a: Cars I|[spread] p1a,p1b
|-damage|p1a: Cars I|20/100
|-damage|p1b: Lightnin'|50/100
|-unboost|p2a: Gholdengo|spa|1
|-damage|p2a: Gholdengo|61/100|[from] item: Life Orb
|
|upkeep
|turn|2
|
|t:|1757778220
|move|p1b: Lightnin'|Protect|p1b: Lightnin'
|-singleturn|p1b: Lightnin'|Protect
|move|p2b: Amoonguss|Rage Powder|p2b: Amoonguss
|-singleturn|p2b: Amoonguss|move: Rage Powder
|move|p1a: Cars I|Expanding Force|p2a: Gholdengo|[spread] p2a,p2b
|-resisted|p2a: Gholdengo
|-damage|p2a: Gholdengo|26/100
|-damage|p2b: Amoonguss|0 fnt
|faint|p2b: Amoonguss
|move|p2a: Gholdengo|Make It Rain|p1a: Cars I|[spread] p1a
|-activate|p1b: Lightnin'|move: Protect
|-damage|p1a: Cars I|0 fnt
|-unboost|p2a: Gholdengo|spa|1
|faint|p1a: Cars I
|-damage|p2a: Gholdengo|16/100|[from] item: Life Orb
|
|upkeep
|
|t:|1757778231
|switch|p1a: Toe Master|Excadrill, L50, M|100/100
|switch|p2b: Basculegion|Basculegion, L50, M|100/100
|turn|3
|
|t:|1757778247
|switch|p2a: Pelipper|Pelipper, L50, F, shiny|100/100
|-weather|RainDance|[from] ability: Drizzle|[of] p2a: Pelipper
|move|p1b: Lightnin'|Throat Chop|p2b: Basculegion
|-supereffective|p2b: Basculegion
|-damage|p2b: Basculegion|0 fnt
|faint|p2b: Basculegion
|move|p1a: Toe Master|High Horsepower|p2a: Pelipper
|-immune|p2a: Pelipper
|
|-weather|RainDance|[upkeep]
|upkeep
|
|t:|1757778256
|switch|p2b: Gholdengo|Gholdengo, L50|16/100
|turn|4
|
|t:|1757778282
|switch|p1b: Doc Hudson|Tyranitar, L50, M, shiny|100/100
|-weather|Sandstorm|[from] ability: Sand Stream|[of] p1b: Doc Hudson
|move|p2b: Gholdengo|Protect|p2b: Gholdengo
|-singleturn|p2b: Gholdengo|Protect
|move|p1a: Toe Master|High Horsepower|p2b: Gholdengo
|-activate|p2b: Gholdengo|move: Protect
|move|p2a: Pelipper|Weather Ball|p1b: Doc Hudson
|-damage|p1b: Doc Hudson|88/100
|
|-weather|Sandstorm|[upkeep]
|-damage|p2a: Pelipper|95/100|[from] Sandstorm
|upkeep
|turn|5
|
|t:|1757778339
|move|p2b: Gholdengo|Protect||[still]
|-fail|p2b: Gholdengo
|move|p1a: Toe Master|High Horsepower|p2b: Gholdengo
|-supereffective|p2b: Gholdengo
|-crit|p2b: Gholdengo
|-damage|p2b: Gholdengo|0 fnt
|faint|p2b: Gholdengo
|move|p2a: Pelipper|Tailwind|p2a: Pelipper
|-sidestart|p2: EnzoPS|move: Tailwind
|move|p1b: Doc Hudson|Knock Off|p2a: Pelipper
|-damage|p2a: Pelipper|20/100
|-enditem|p2a: Pelipper|Focus Sash|[from] move: Knock Off|[of] p1b: Doc Hudson
|
|-weather|Sandstorm|[upkeep]
|-damage|p2a: Pelipper|14/100|[from] Sandstorm
|-fieldend|move: Psychic Terrain
|upkeep
|turn|6
|-message|EnzoPS forfeited.
|
|win|TeyOnTheRox
||EnzoPS is ready for game 2.
||TeyOnTheRox is ready for game 2.
|uhtml|next|Next: Game 2 of 3
