|j|☆bruhgokusolo
|j|☆Quyt_DZ
|html|bruhgokusoloQuyt_DZ    
|uhtml|bestof|Game 2 of a best-of-3
|t:|1784960997
|gametype|doubles
|player|p1|bruhgokusolo|265|
|player|p2|Quyt_DZ|iris|
|gen|9
|tier|[Gen 9 Champions] VGC 2026 Reg M-B (Bo3)
|rule|Species Clause: Limit one of each Pokémon
|rule|Item Clause: Limit 1 of each item
|clearpoke
|poke|p1|Floette-Eternal, L50, F|
|poke|p1|Sinistcha, L50|
|poke|p1|Incineroar, L50, M|
|poke|p1|Garchomp, L50, F|
|poke|p1|Talonflame, L50, F, shiny|
|poke|p1|Grimmsnarl, L50, M|
|poke|p2|Tyranitar, L50, M, shiny|
|poke|p2|Excadrill, L50, M, shiny|
|poke|p2|Corviknight, L50, M|
|poke|p2|Sneasler, L50, F, shiny|
|poke|p2|Scovillain, L50, F, shiny|
|poke|p2|Houndstone, L50, M|
|teampreview|4
|showteam|p1|Floette-Eternal||Floettite|FlowerVeil|CalmMind,Moonblast,Protect,DazzlingGleam|Modest||F|||50|]Sinistcha||ColburBerry|Hospitality|MatchaGotcha,LifeDew,TrickRoom,RagePowder|Bold|||||50|]Incineroar||SitrusBerry|Intimidate|FakeOut,FlareBlitz,ThroatChop,PartingShot|Careful||M|||50|]Garchomp||LifeOrb|RoughSkin|Protect,RockSlide,Earthquake,DragonClaw|Jolly||F|||50|]Talonflame|||GaleWings|Acrobatics,FlareBlitz,Tailwind,Protect|Adamant||F|||50|]Grimmsnarl||LightClay|Prankster|LightScreen,Reflect,PartingShot,SpiritBreak|Careful||M|||50|
|showteam|p2|Tyranitar||Tyranitarite|SandStream|RockSlide,KnockOff,LowKick,Protect|Adamant||M|||50|]Excadrill||FocusSash|SandRush|IronHead,HighHorsepower,RockSlide,Protect|Adamant||M|||50|]Corviknight||Leftovers|MirrorArmor|Tailwind,BraveBird,Roost,IronHead|Adamant||M|||50|]Sneasler||WhiteHerb|Unburden|Coaching,FakeOut,DireClaw,CloseCombat|Adamant||F|||50|]Scovillain||Scovillainite|Moody|Overheat,GigaDrain,RagePowder,Protect|Modest||F|||50|]Houndstone||SpellTag|SandRush|LastRespects,WillOWisp,ShadowSneak,Protect|Adamant||M|||50|
|inactive|Battle timer is ON: inactive players will automatically lose when time's up. (requested by bruhgokusolo)
|
|t:|1784961040
|teamsize|p1|4
|teamsize|p2|4
|start
|switch|p1a: Garchomp|Garchomp, L50, F|100/100
|switch|p1b: Talonflame|Talonflame, L50, F, shiny|100/100
|switch|p2a: Tyranitar|Tyranitar, L50, M, shiny|100/100
|switch|p2b: Sneasler|Sneasler, L50, F, shiny|100/100
|-weather|Sandstorm|[from] ability: Sand Stream|[of] p2a: Tyranitar
|turn|1
|inactive|bruhgokusolo has 30 seconds left.
|
|t:|1784961074
|detailschange|p2a: Tyranitar|Tyranitar-Mega, L50, M, shiny
|-mega|p2a: Tyranitar|Tyranitar|Tyranitarite
|move|p2b: Sneasler|Fake Out|p1b: Talonflame
|-damage|p1b: Talonflame|77/100
|cant|p1b: Talonflame|flinch
|move|p1a: Garchomp|Earthquake|p2a: Tyranitar|[spread] p2a,p2b
|-immune|p1b: Talonflame
|-supereffective|p2a: Tyranitar|1
|-supereffective|p2b: Sneasler|1
|-damage|p2a: Tyranitar|38/100
|-damage|p2b: Sneasler|0 fnt
|faint|p2b: Sneasler
|-damage|p1a: Garchomp|90/100|[from] item: Life Orb
|move|p2a: Tyranitar|Knock Off|p1a: Garchomp
|-damage|p1a: Garchomp|23/100
|-damage|p2a: Tyranitar|26/100|[from] ability: Rough Skin|[of] p1a: Garchomp
|-enditem|p1a: Garchomp|Life Orb|[from] move: Knock Off|[of] p2a: Tyranitar
|
|-weather|Sandstorm|[upkeep]
|-damage|p1b: Talonflame|71/100|[from] Sandstorm
|upkeep
|
|t:|1784961092
|switch|p2b: Excadrill|Excadrill, L50, M, shiny|100/100
|turn|2
|
|t:|1784961105
|switch|p1b: Incineroar|Incineroar, L50, M|100/100
|-ability|p1b: Incineroar|Intimidate|boost
|-unboost|p2a: Tyranitar|atk|1
|-unboost|p2b: Excadrill|atk|1
|move|p1a: Garchomp|Protect|p1a: Garchomp
|-singleturn|p1a: Garchomp|Protect
|move|p2b: Excadrill|Rock Slide|p1b: Incineroar|[spread] p1b
|-activate|p1a: Garchomp|move: Protect
|-supereffective|p1b: Incineroar|1
|-crit|p1b: Incineroar
|-damage|p1b: Incineroar|46/100
|-enditem|p1b: Incineroar|Sitrus Berry|[eat]
|-heal|p1b: Incineroar|71/100|[from] item: Sitrus Berry
|move|p2a: Tyranitar|Rock Slide|p1b: Incineroar|[spread] p1b
|-activate|p1a: Garchomp|move: Protect
|-supereffective|p1b: Incineroar|1
|-damage|p1b: Incineroar|29/100
|
|-weather|Sandstorm|[upkeep]
|-damage|p1b: Incineroar|23/100|[from] Sandstorm
|upkeep
|turn|3
|inactive|Quyt_DZ has 30 seconds left.
|
|t:|1784961135
|switch|p2a: Corviknight|Corviknight, L50, M|100/100
|move|p2b: Excadrill|Protect|p2b: Excadrill
|-singleturn|p2b: Excadrill|Protect
|move|p1b: Incineroar|Fake Out|p2b: Excadrill
|-activate|p2b: Excadrill|move: Protect
|move|p1a: Garchomp|Dragon Claw|p2a: Corviknight
|-resisted|p2a: Corviknight|1
|-damage|p2a: Corviknight|85/100
|
|-weather|Sandstorm|[upkeep]
|-damage|p1b: Incineroar|17/100|[from] Sandstorm
|-heal|p2a: Corviknight|91/100|[from] item: Leftovers
|upkeep
|turn|4
|
|t:|1784961152
|switch|p1b: Talonflame|Talonflame, L50, F, shiny|71/100
|move|p1a: Garchomp|Protect|p1a: Garchomp
|-singleturn|p1a: Garchomp|Protect
|move|p2b: Excadrill|Rock Slide|p1b: Talonflame|[spread] p1b
|-activate|p1a: Garchomp|move: Protect
|-supereffective|p1b: Talonflame|2
|-damage|p1b: Talonflame|0 fnt
|faint|p1b: Talonflame
|move|p2a: Corviknight|Tailwind|p2a: Corviknight
|-sidestart|p2: Quyt_DZ|move: Tailwind
|
|-weather|Sandstorm|[upkeep]
|-heal|p2a: Corviknight|97/100|[from] item: Leftovers
|upkeep
|
|t:|1784961159
|switch|p1b: Grimmsnarl|Grimmsnarl, L50, M|100/100
|turn|5
|
|t:|1784961177
|switch|p1a: Incineroar|Incineroar, L50, M|17/100
|-ability|p1a: Incineroar|Intimidate|boost
|-ability|p2a: Corviknight|Mirror Armor
|-unboost|p1a: Incineroar|atk|1
|-unboost|p2b: Excadrill|atk|1
|move|p1b: Grimmsnarl|Reflect|p1b: Grimmsnarl
|-sidestart|p1: bruhgokusolo|Reflect
|move|p2b: Excadrill|Iron Head|p1b: Grimmsnarl
|-supereffective|p1b: Grimmsnarl|1
|-damage|p1b: Grimmsnarl|65/100
|move|p2a: Corviknight|Brave Bird|p1a: Incineroar
|-damage|p1a: Incineroar|0 fnt
|faint|p1a: Incineroar
|-damage|p2a: Corviknight|91/100|[from] Recoil
|
|-weather|none
|-heal|p2a: Corviknight|97/100|[from] item: Leftovers
|upkeep
|
|t:|1784961180
|switch|p1a: Garchomp|Garchomp, L50, F|23/100
|turn|6
|-message|bruhgokusolo forfeited.
|
|win|Quyt_DZ
