|j|☆SunshineTufo
|j|☆lexerthanatauros
|html|SunshineTufolexerthanatauros    
|uhtml|bestof|Game 2 of a best-of-3
|t:|1784227065
|gametype|doubles
|player|p1|SunshineTufo|li|1156
|player|p2|lexerthanatauros|lucas|1094
|gen|9
|tier|[Gen 9 Champions] VGC 2026 Reg M-B (Bo3)
|rated|
|rule|Species Clause: Limit one of each Pokémon
|rule|Item Clause: Limit 1 of each item
|clearpoke
|poke|p1|Charizard, L50, M, shiny|
|poke|p1|Incineroar, L50, M, shiny|
|poke|p1|Sylveon, L50, M, shiny|
|poke|p1|Aerodactyl, L50, M, shiny|
|poke|p1|Garchomp, L50, M, shiny|
|poke|p1|Farigiraf, L50, M, shiny|
|poke|p2|Beedrill, L50, M|
|poke|p2|Clefable, L50, F|
|poke|p2|Primarina, L50, F|
|poke|p2|Sneasler, L50, F|
|poke|p2|Chimecho, L50, F|
|poke|p2|Incineroar, L50, F|
|teampreview|4
|showteam|p1|Charizard||CharizarditeY|SolarPower|HeatWave,WeatherBall,SolarBeam,Protect|Modest||M|||50|]Incineroar||Charcoal|Intimidate|FlareBlitz,DarkestLariat,PartingShot,FakeOut|Brave||M|||50|]Sylveon||FairyFeather|Pixilate|HyperVoice,QuickAttack,HyperBeam,Detect|Modest||M|||50|]Aerodactyl||Aerodactylite|Unnerve|WideGuard,RockSlide,DualWingbeat,Tailwind|Jolly||M|||50|]Garchomp||LifeOrb|RoughSkin|Protect,RockSlide,DragonClaw,Earthquake|Adamant||M|||50|]Farigiraf||SitrusBerry|ArmorTail|SunnyDay,PsychicFangs,Thunderbolt,TrickRoom|Relaxed||M|||50|
|showteam|p2|Beedrill||Beedrillite|Sniper|Uturn,PoisonJab,DrillRun,Protect|Jolly||M|||50|]Clefable||Leftovers|CuteCharm|FollowMe,HelpingHand,Moonblast,Protect|Calm||F|||50|]Primarina||MysticWater|LiquidVoice|HyperVoice,Moonblast,CalmMind,Protect|Modest||F|||50|]Sneasler||WhiteHerb|Pressure|Protect,CloseCombat,DireClaw,FakeOut|Jolly||F|||50|]Chimecho||Chimechite|Levitate|StoredPower,CosmicPower,TrickRoom,FlashCannon|Quiet||F|||50|]Incineroar||SitrusBerry|Intimidate|FakeOut,FlareBlitz,HelpingHand,PartingShot|Careful||F|||50|
|inactive|Battle timer is ON: inactive players will automatically lose when time's up. (requested by SunshineTufo)
|inactive|lexerthanatauros has 60 seconds left.
|
|t:|1784227117
|teamsize|p1|4
|teamsize|p2|4
|start
|switch|p1a: Charizard|Charizard, L50, M, shiny|100/100
|switch|p1b: Incineroar|Incineroar, L50, M, shiny|100/100
|switch|p2a: Chimecho|Chimecho, L50, F|100/100
|switch|p2b: Incineroar|Incineroar, L50, F|100/100
|-ability|p2b: Incineroar|Intimidate|boost
|-unboost|p1a: Charizard|atk|1
|-unboost|p1b: Incineroar|atk|1
|-ability|p1b: Incineroar|Intimidate|boost
|-unboost|p2a: Chimecho|atk|1
|-unboost|p2b: Incineroar|atk|1
|turn|1
|inactive|lexerthanatauros has 30 seconds left.
|
|t:|1784227147
|detailschange|p1a: Charizard|Charizard-Mega-Y, L50, M, shiny
|-mega|p1a: Charizard|Charizard|Charizardite Y
|-weather|SunnyDay|[from] ability: Drought|[of] p1a: Charizard
|move|p2b: Incineroar|Fake Out|p1a: Charizard
|-damage|p1a: Charizard|91/100
|move|p1b: Incineroar|Fake Out|p2a: Chimecho
|-damage|p2a: Chimecho|90/100
|cant|p1a: Charizard|flinch
|cant|p2a: Chimecho|flinch
|
|-weather|SunnyDay|[upkeep]
|upkeep
|turn|2
|
|t:|1784227168
|switch|p2a: Primarina|Primarina, L50, F|100/100
|move|p1a: Charizard|Weather Ball|p2a: Primarina
|-resisted|p2a: Primarina|1
|-damage|p2a: Primarina|60/100
|move|p2b: Incineroar|Parting Shot|p1a: Charizard
|-unboost|p1a: Charizard|atk|1
|-unboost|p1a: Charizard|spa|1
|
|t:|1784227172
|switch|p2b: Chimecho|Chimecho, L50, F|90/100|[from] Parting Shot
|move|p1b: Incineroar|Flare Blitz|p2a: Primarina
|-resisted|p2a: Primarina|1
|-damage|p2a: Primarina|31/100
|-damage|p1b: Incineroar|90/100|[from] Recoil
|
|-weather|SunnyDay|[upkeep]
|upkeep
|turn|3
|
|t:|1784227181
|switch|p2b: Incineroar|Incineroar, L50, F|100/100
|-ability|p2b: Incineroar|Intimidate|boost
|-unboost|p1a: Charizard|atk|1
|-unboost|p1b: Incineroar|atk|1
|move|p1a: Charizard|Weather Ball|p2b: Incineroar
|-resisted|p2b: Incineroar|1
|-damage|p2b: Incineroar|78/100
|move|p2a: Primarina|Hyper Voice|p1a: Charizard|[spread] p1a,p1b
|-supereffective|p1a: Charizard|1
|-supereffective|p1b: Incineroar|1
|-damage|p1a: Charizard|61/100
|-damage|p1b: Incineroar|59/100
|move|p1b: Incineroar|Flare Blitz|p2b: Incineroar
|-resisted|p2b: Incineroar|1
|-damage|p2b: Incineroar|57/100
|-damage|p1b: Incineroar|52/100|[from] Recoil
|
|-weather|SunnyDay|[upkeep]
|upkeep
|turn|4
|
|t:|1784227189
|switch|p1a: Garchomp|Garchomp, L50, M, shiny|100/100
|move|p2b: Incineroar|Fake Out|p1a: Garchomp
|-damage|p1a: Garchomp|90/100
|-damage|p2b: Incineroar|45/100|[from] ability: Rough Skin|[of] p1a: Garchomp
|-enditem|p2b: Incineroar|Sitrus Berry|[eat]
|-heal|p2b: Incineroar|69/100|[from] item: Sitrus Berry
|move|p2a: Primarina|Hyper Voice|p1b: Incineroar|[spread] p1a,p1b
|-supereffective|p1b: Incineroar|1
|-damage|p1a: Garchomp|72/100
|-damage|p1b: Incineroar|23/100
|move|p1b: Incineroar|Parting Shot|p2a: Primarina
|-unboost|p2a: Primarina|atk|1
|-unboost|p2a: Primarina|spa|1
|
|t:|1784227198
|switch|p1b: Charizard|Charizard-Mega-Y, L50, M, shiny|61/100|[from] Parting Shot
|
|-weather|SunnyDay|[upkeep]
|upkeep
|turn|5
|
|t:|1784227211
|switch|p1b: Incineroar|Incineroar, L50, M, shiny|23/100
|-ability|p1b: Incineroar|Intimidate|boost
|-unboost|p2a: Primarina|atk|1
|-unboost|p2b: Incineroar|atk|1
|move|p2a: Primarina|Protect|p2a: Primarina
|-singleturn|p2a: Primarina|Protect
|move|p1a: Garchomp|Earthquake|p2b: Incineroar|[spread] p1b,p2b
|-activate|p2a: Primarina|move: Protect
|-supereffective|p1b: Incineroar|1
|-supereffective|p2b: Incineroar|1
|-damage|p1b: Incineroar|0 fnt
|-damage|p2b: Incineroar|0 fnt
|faint|p1b: Incineroar
|faint|p2b: Incineroar
|-damage|p1a: Garchomp|62/100|[from] item: Life Orb
|
|-weather|none
|upkeep
|
|t:|1784227221
|switch|p2b: Chimecho|Chimecho, L50, F|90/100
|switch|p1b: Charizard|Charizard-Mega-Y, L50, M, shiny|61/100
|-weather|SunnyDay|[from] ability: Drought|[of] p1b: Charizard
|turn|6
|
|t:|1784227228
|move|p1a: Garchomp|Earthquake|p2b: Chimecho|[spread] p2a
|-immune|p1b: Charizard
|-immune|p2b: Chimecho|[from] ability: Levitate
|-damage|p2a: Primarina|0 fnt
|faint|p2a: Primarina
|-damage|p1a: Garchomp|53/100|[from] item: Life Orb
|move|p1b: Charizard|Weather Ball|p2b: Chimecho
|-damage|p2b: Chimecho|0 fnt
|faint|p2b: Chimecho
|
|-weather|SunnyDay|[upkeep]
|upkeep
|-message|lexerthanatauros forfeited.
|
|win|SunshineTufo
