|j|☆louffytarau
|j|☆ExploudGaming
|html|louffytarauExploudGaming    
|uhtml|bestof|Game 2 of a best-of-3
|t:|1756270667
|gametype|doubles
|player|p1|louffytarau|1|1190
|player|p2|ExploudGaming|burglar|1267
|gen|9
|tier|[Gen 9] VGC 2025 Reg H (Bo3)
|rated|
|rule|Species Clause: Limit one of each Pokémon
|rule|Item Clause: Limit 1 of each item
|clearpoke
|poke|p1|Incineroar, L50, M|
|poke|p1|Gholdengo, L50|
|poke|p1|Amoonguss, L50, M|
|poke|p1|Hydreigon, L50, M|
|poke|p1|Porygon2, L50|
|poke|p1|Ursaluna, L50, F|
|poke|p2|Whimsicott, L50, M|
|poke|p2|Annihilape, L50, F|
|poke|p2|Ursaluna-Bloodmoon, L50, M|
|poke|p2|Farigiraf, L50, F|
|poke|p2|Salamence, L50, F|
|poke|p2|Rillaboom, L50, M|
|teampreview|4
|showteam|p1|Incineroar||SitrusBerry|Intimidate|KnockOff,FakeOut,FlareBlitz,PartingShot|||M|||50|,,,,,Ghost]Gholdengo||MetalCoat|GoodasGold|Protect,NastyPlot,MakeItRain,ShadowBall||||||50|,,,,,Water]Amoonguss||RockyHelmet|Regenerator|Spore,RagePowder,PollenPuff,Protect|||M|||50|,,,,,Fairy]Hydreigon||SafetyGoggles|Levitate|DracoMeteor,Snarl,Tailwind,Protect|||M|||50|,,,,,Ghost]Porygon2||Eviolite|Download|Recover,IceBeam,TeraBlast,TrickRoom||||||50|,,,,,Fighting]Ursaluna||FlameOrb|Guts|Earthquake,Facade,HeadlongRush,Protect|||F|||50|,,,,,Ghost
|showteam|p2|Whimsicott||CovertCloak|Prankster|HelpingHand,Tailwind,BeatUp,Moonblast|||M|||50|,,,,,Fire]Annihilape||SafetyGoggles|Defiant|Protect,Taunt,RageFist,CloseCombat|||F|||50|,,,,,Water]Ursaluna-Bloodmoon||LifeOrb|MindsEye|Protect,BloodMoon,HyperVoice,EarthPower|||M|||50|,,,,,Normal]Farigiraf||SitrusBerry|ArmorTail|TrickRoom,HelpingHand,HyperVoice,Psychic|||F|||50|,,,,,Fire]Salamence||ChoiceBand|Intimidate|BreakingSwipe,Outrage,TemperFlare,DualWingbeat|||F|||50|,,,,,Fire]Rillaboom||AssaultVest|GrassySurge|FakeOut,GrassyGlide,HighHorsepower,WoodHammer|||M|||50|,,,,,Poison
|inactive|Battle timer is ON: inactive players will automatically lose when time's up. (requested by ExploudGaming)
|
|t:|1756270729
|teamsize|p1|4
|teamsize|p2|4
|start
|switch|p1a: Porygon2|Porygon2, L50|100/100
|switch|p1b: Ursaluna|Ursaluna, L50, F|100/100
|switch|p2a: Whimsicott|Whimsicott, L50, M|100/100
|switch|p2b: Annihilape|Annihilape, L50, F|100/100
|-ability|p1a: Porygon2|Download|boost
|-boost|p1a: Porygon2|atk|1
|turn|1
|inactive|louffytarau has 30 seconds left.
|inactive|ExploudGaming has 30 seconds left.
|inactive|ExploudGaming has 20 seconds left.
|
|t:|1756270765
|move|p2a: Whimsicott|Moonblast|p1a: Porygon2
|-damage|p1a: Porygon2|84/100
|move|p2b: Annihilape|Taunt|p1a: Porygon2
|-start|p1a: Porygon2|move: Taunt
|move|p1b: Ursaluna|Headlong Rush|p2b: Annihilape
|-damage|p2b: Annihilape|22/100
|-unboost|p1b: Ursaluna|def|1
|-unboost|p1b: Ursaluna|spd|1
|move|p1a: Porygon2|Ice Beam|p2a: Whimsicott
|-supereffective|p2a: Whimsicott
|-damage|p2a: Whimsicott|41/100
|
|-status|p1b: Ursaluna|brn|[from] item: Flame Orb
|upkeep
|turn|2
|inactive|louffytarau has 30 seconds left.
|inactive|ExploudGaming has 30 seconds left.
|inactive|louffytarau has 20 seconds left.
|inactive|louffytarau has 15 seconds left.
|inactive|louffytarau has 10 seconds left.
|inactive|louffytarau has 5 seconds left.
|
|t:|1756270817
|switch|p1a: Gholdengo|Gholdengo, L50|100/100
|move|p1b: Ursaluna|Protect|p1b: Ursaluna
|-singleturn|p1b: Ursaluna|Protect
|move|p2a: Whimsicott|Tailwind|p2a: Whimsicott
|-sidestart|p2: ExploudGaming|move: Tailwind
|move|p2b: Annihilape|Close Combat|p1a: Gholdengo
|-immune|p1a: Gholdengo
|
|-damage|p1b: Ursaluna|94/100 brn|[from] brn
|upkeep
|turn|3
|inactive|louffytarau has 30 seconds left.
|inactive|louffytarau has 20 seconds left.
|inactive|louffytarau has 15 seconds left.
|
|t:|1756270861
|switch|p1a: Amoonguss|Amoonguss, L50, M|100/100
|move|p2a: Whimsicott|Moonblast|p1a: Amoonguss
|-resisted|p1a: Amoonguss
|-damage|p1a: Amoonguss|88/100
|-unboost|p1a: Amoonguss|spa|1
|move|p2b: Annihilape|Rage Fist|p1a: Amoonguss
|-damage|p1a: Amoonguss|51/100
|-damage|p2b: Annihilape|5/100|[from] item: Rocky Helmet|[of] p1a: Amoonguss
|move|p1b: Ursaluna|Earthquake|p2a: Whimsicott|[spread] p1a,p2a,p2b
|-resisted|p2a: Whimsicott
|-damage|p1a: Amoonguss|0 fnt
|-damage|p2a: Whimsicott|1/100
|-damage|p2b: Annihilape|0 fnt
|faint|p1a: Amoonguss
|faint|p2b: Annihilape
|
|-damage|p1b: Ursaluna|88/100 brn|[from] brn
|upkeep
|inactive|louffytarau has 30 seconds left.
|
|t:|1756270890
|switch|p2b: Ursaluna|Ursaluna-Bloodmoon, L50, M|100/100
|switch|p1a: Porygon2|Porygon2, L50|84/100
|-ability|p1a: Porygon2|Download|boost
|-boost|p1a: Porygon2|spa|1
|turn|4
|
|t:|1756270913
|switch|p1b: Gholdengo|Gholdengo, L50|100/100
|-terastallize|p1a: Porygon2|Fighting
|move|p2a: Whimsicott|Helping Hand|p2b: Ursaluna
|-singleturn|p2b: Ursaluna|Helping Hand|[of] p2a: Whimsicott
|move|p2b: Ursaluna|Blood Moon|p1a: Porygon2
|-damage|p1a: Porygon2|0 fnt
|faint|p1a: Porygon2
|-damage|p2b: Ursaluna|91/100|[from] item: Life Orb
|
|upkeep
|
|t:|1756270923
|switch|p1a: Ursaluna|Ursaluna, L50, F|88/100 brn
|turn|5
|inactive|louffytarau has 30 seconds left.
|inactive|louffytarau has 20 seconds left.
|
|t:|1756270962
|switch|p2a: Salamence|Salamence, L50, F|100/100
|-ability|p2a: Salamence|Intimidate|boost
|-unboost|p1a: Ursaluna|atk|1
|-unboost|p1b: Gholdengo|atk|1
|move|p2b: Ursaluna|Earth Power|p1b: Gholdengo
|-supereffective|p1b: Gholdengo
|-damage|p1b: Gholdengo|0 fnt
|faint|p1b: Gholdengo
|-damage|p2b: Ursaluna|81/100|[from] item: Life Orb
|move|p1a: Ursaluna|Facade|p2b: Ursaluna
|-damage|p2b: Ursaluna|24/100
|
|-damage|p1a: Ursaluna|82/100 brn|[from] brn
|-sideend|p2: ExploudGaming|move: Tailwind
|upkeep
|turn|6
|-message|louffytarau forfeited.
|
|win|ExploudGaming
