|j|☆gunkqing
|j|☆vgc88
|html|gunkqingvgc88    
|uhtml|bestof|Game 1 of a best-of-3
|t:|1756308009
|gametype|doubles
|player|p1|gunkqing|striker|
|player|p2|vgc88|n|
|gen|9
|tier|[Gen 9] VGC 2025 Reg H (Bo3)
|rule|Species Clause: Limit one of each Pokémon
|rule|Item Clause: Limit 1 of each item
|clearpoke
|poke|p1|Charizard, L50, M|
|poke|p1|Jumpluff, L50, M|
|poke|p1|Torkoal, L50, M|
|poke|p1|Ursaluna, L50, F|
|poke|p1|Incineroar, L50, M|
|poke|p1|Duskull, L50, M|
|poke|p2|Sneasler, L50, F|
|poke|p2|Indeedee, L50, M|
|poke|p2|Murkrow, L50, M|
|poke|p2|Dragapult, L50, M|
|poke|p2|Clefable, L50, F|
|poke|p2|Ursaluna-Bloodmoon, L50, M|
|teampreview|4
|showteam|p1|Charizard||ChoiceSpecs|SolarPower|HeatWave,Overheat,WeatherBall,DragonPulse|||M|||50|,,,,,Ghost]Jumpluff||CovertCloak|Chlorophyll|SleepPowder,Tailwind,RagePowder,SunnyDay|||M|||50|,,,,,Water]Torkoal||EjectPack|Drought|Overheat,Eruption,ClearSmog,Protect|||M|||50|,,,,,Fire]Ursaluna||FlameOrb|Guts|Facade,HeadlongRush,Earthquake,Protect|||F|||50|,,,,,Ghost]Incineroar||AssaultVest|Intimidate|FakeOut,FlareBlitz,KnockOff,Uturn|||M|||50|,,,,,Ghost]Duskull||Eviolite|Levitate|NightShade,TrickRoom,Haze,PainSplit|||M|||50|,,,,,Steel
|showteam|p2|Sneasler||PsychicSeed|Unburden|CloseCombat,DireClaw,ThroatChop,Protect|||F|||50|,,,,,Dark]Indeedee||FocusSash|PsychicSurge|ExpandingForce,TrickRoom,TeraBlast,Protect|||M|||50|,,,,,Fighting]Murkrow||Eviolite|Prankster|Tailwind,FoulPlay,Haze,RainDance|||M|||50|,,,,,Ghost]Dragapult||ChoiceBand|ClearBody|DragonDarts,Uturn,PhantomForce,Outrage|||M|||50|,,,,,Dragon]Clefable||SitrusBerry|Unaware|Moonblast,FollowMe,Protect,HelpingHand|||F|||50|,,,,,Water]Ursaluna-Bloodmoon||LifeOrb|MindsEye|Protect,EarthPower,BloodMoon,HyperVoice|||M|||50|,,,,,Normal
|inactive|Battle timer is ON: inactive players will automatically lose when time's up. (requested by gunkqing)
|c|☆gunkqing|glhf
|inactive|gunkqing has 60 seconds left.
|inactive|vgc88 has 60 seconds left.
|c|☆vgc88|glhf
|inactive|vgc88 has 30 seconds left.
|
|t:|1756308078
|teamsize|p1|4
|teamsize|p2|4
|start
|switch|p1a: Incineroar|Incineroar, L50, M|100/100
|switch|p1b: Duskull|Duskull, L50, M|100/100
|switch|p2a: Sneasler|Sneasler, L50, F, shiny|100/100
|switch|p2b: Indeedee|Indeedee, L50, M, shiny|100/100
|-fieldstart|move: Psychic Terrain|[from] ability: Psychic Surge|[of] p2b: Indeedee
|-enditem|p2a: Sneasler|Psychic Seed
|-boost|p2a: Sneasler|spd|1|[from] item: Psychic Seed
|-ability|p1a: Incineroar|Intimidate|boost
|-unboost|p2a: Sneasler|atk|1
|-unboost|p2b: Indeedee|atk|1
|turn|1
|inactive|gunkqing has 30 seconds left.
|inactive|vgc88 has 30 seconds left.
|inactive|gunkqing has 20 seconds left.
|inactive|vgc88 has 20 seconds left.
|inactive|gunkqing has 15 seconds left.
|inactive|vgc88 has 15 seconds left.
|inactive|vgc88 has 10 seconds left.
|inactive|vgc88 has 5 seconds left.
|
|t:|1756308130
|move|p2a: Sneasler|Throat Chop|p1b: Duskull
|-supereffective|p1b: Duskull
|-damage|p1b: Duskull|63/100
|-start|p1b: Duskull|Throat Chop|[silent]
|move|p2b: Indeedee|Expanding Force|p1b: Duskull|[spread] p1b
|-immune|p1a: Incineroar
|-damage|p1b: Duskull|18/100
|move|p1a: Incineroar|U-turn|p2b: Indeedee
|-supereffective|p2b: Indeedee
|-damage|p2b: Indeedee|5/100
|
|t:|1756308150
|switch|p1a: Ursaluna|Ursaluna, L50, F|100/100|[from] U-turn
|move|p1b: Duskull|Trick Room|p1b: Duskull
|-fieldstart|move: Trick Room|[of] p1b: Duskull
|
|-status|p1a: Ursaluna|brn|[from] item: Flame Orb
|upkeep
|turn|2
|
|t:|1756308171
|move|p1b: Duskull|Pain Split|p2a: Sneasler
|-sethp|p2a: Sneasler|57/100|[from] move: Pain Split|[silent]
|-sethp|p1b: Duskull|70/100|[from] move: Pain Split
|move|p1a: Ursaluna|Earthquake|p2b: Indeedee|[spread] p2a,p2b
|-immune|p1b: Duskull|[from] ability: Levitate
|-supereffective|p2a: Sneasler
|-damage|p2a: Sneasler|0 fnt
|-damage|p2b: Indeedee|0 fnt
|faint|p2a: Sneasler
|faint|p2b: Indeedee
|
|-damage|p1a: Ursaluna|94/100 brn|[from] brn
|-end|p1b: Duskull|Throat Chop|[silent]
|upkeep
|
|t:|1756308177
|switch|p2b: Ursaluna|Ursaluna-Bloodmoon, L50, M|100/100
|switch|p2a: Dragapult|Dragapult, L50, M|100/100
|turn|3
|inactive|gunkqing has 30 seconds left.
|
|t:|1756308204
|move|p1b: Duskull|Night Shade|p2a: Dragapult
|-damage|p2a: Dragapult|70/100
|move|p1a: Ursaluna|Earthquake|p2b: Ursaluna|[spread] p2a,p2b
|-immune|p1b: Duskull|[from] ability: Levitate
|-damage|p2a: Dragapult|0 fnt
|-damage|p2b: Ursaluna|50/100
|faint|p2a: Dragapult
|move|p2b: Ursaluna|Hyper Voice|p1a: Ursaluna|[spread] p1a,p1b
|-damage|p1a: Ursaluna|48/100 brn
|-damage|p1b: Duskull|26/100
|-damage|p2b: Ursaluna|40/100|[from] item: Life Orb
|
|-damage|p1a: Ursaluna|42/100 brn|[from] brn
|upkeep
|turn|4
|
|t:|1756308214
|move|p2b: Ursaluna|Protect|p2b: Ursaluna
|-singleturn|p2b: Ursaluna|Protect
|move|p1b: Duskull|Night Shade|p2b: Ursaluna
|-activate|p2b: Ursaluna|move: Protect
|move|p1a: Ursaluna|Facade|p2b: Ursaluna
|-activate|p2b: Ursaluna|move: Protect
|
|-damage|p1a: Ursaluna|36/100 brn|[from] brn
|upkeep
|turn|5
|
|t:|1756308221
|move|p2b: Ursaluna|Protect||[still]
|-fail|p2b: Ursaluna
|move|p1b: Duskull|Night Shade|p2b: Ursaluna
|-immune|p2b: Ursaluna
|move|p1a: Ursaluna|Facade|p2b: Ursaluna
|-damage|p2b: Ursaluna|0 fnt
|faint|p2b: Ursaluna
|
|win|gunkqing
||gunkqing is ready for game 2.
||vgc88 is ready for game 2.
|uhtml|next|Next: Game 2 of 3
