|j|☆PickledogVGC
|j|☆ApolloLou
|html|PickledogVGCApolloLou    
|uhtml|bestof|Game 1 of a best-of-3
|t:|1756731007
|gametype|doubles
|player|p1|PickledogVGC|roughneck|
|player|p2|ApolloLou|birch|
|gen|9
|tier|[Gen 9] VGC 2025 Reg H (Bo3)
|rule|Species Clause: Limit one of each Pokémon
|rule|Item Clause: Limit 1 of each item
|clearpoke
|poke|p1|Gholdengo, L50|
|poke|p1|Amoonguss, L50, M|
|poke|p1|Incineroar, L50, M|
|poke|p1|Rillaboom, L50, M|
|poke|p1|Primarina, L50, F|
|poke|p1|Dragonite, L50, M|
|poke|p2|Sneasler, L50, M|
|poke|p2|Indeedee, L50, M|
|poke|p2|Annihilape, L50, M|
|poke|p2|Electabuzz, L50, M|
|poke|p2|Ursaluna, L50, F|
|poke|p2|Primarina, L50, F|
|teampreview|4
|showteam|p1|Gholdengo||SitrusBerry|GoodasGold|MakeItRain,Protect,NastyPlot,ShadowBall||||||50|,,,,,Water]Amoonguss||MentalHerb|Regenerator|SludgeBomb,RagePowder,Spore,PollenPuff|||M|||50|,,,,,Water]Incineroar||SafetyGoggles|Intimidate|KnockOff,FakeOut,PartingShot,FlareBlitz|||M|||50|,,,,,Ghost]Rillaboom||AssaultVest|GrassySurge|GrassyGlide,WoodHammer,FakeOut,Uturn|||M|||50|,,,,,Fire]Primarina||ThroatSpray|LiquidVoice|HyperVoice,Moonblast,Protect,CalmMind|||F|||50|,,,,,Steel]Dragonite||ChoiceBand|InnerFocus|ExtremeSpeed,Outrage,StompingTantrum,IronHead|||M|||50|,,,,,Normal
|showteam|p2|Sneasler||PsychicSeed|Unburden|DireClaw,Protect,ThroatChop,CloseCombat|||M|||50|,,,,,Dark]Indeedee||FocusSash|PsychicSurge|ExpandingForce,TrickRoom,TeraBlast,Protect|||M|||50|,,,,,Ground]Annihilape||SitrusBerry|Defiant|RageFist,DrainPunch,BulkUp,Protect|||M|||50|,,,,,Steel]Electabuzz||Eviolite|VitalSpirit|FollowMe,Electroweb,Protect,Taunt|||M|||50|,,,,,Fairy]Ursaluna||FlameOrb|Guts|Facade,HeadlongRush,Earthquake,Protect|||F|||50|,,,,,Normal]Primarina||RoomService|LiquidVoice|Protect,HyperVoice,Moonblast,Haze|||F|||50|,,,,,Normal
|inactive|Battle timer is ON: inactive players will automatically lose when time's up. (requested by PickledogVGC)
|inactive|PickledogVGC has 60 seconds left.
|inactive|ApolloLou has 60 seconds left.
|inactive|PickledogVGC has 30 seconds left.
|
|t:|1756731073
|teamsize|p1|4
|teamsize|p2|4
|start
|switch|p1a: Oooh banana|Rillaboom, L50, M, shiny|100/100
|switch|p1b: Kraaaabs|Gholdengo, L50|100/100
|switch|p2a: Sneasler|Sneasler, L50, M|100/100
|switch|p2b: Electabuzz|Electabuzz, L50, M|100/100
|-fieldstart|move: Grassy Terrain|[from] ability: Grassy Surge|[of] p1a: Oooh banana
|turn|1
|
|t:|1756731098
|switch|p2b: Indeedee|Indeedee, L50, M|100/100
|-fieldstart|move: Psychic Terrain|[from] ability: Psychic Surge|[of] p2b: Indeedee
|-enditem|p2a: Sneasler|Psychic Seed
|-boost|p2a: Sneasler|spd|1|[from] item: Psychic Seed
|move|p1a: Oooh banana|Fake Out|p2a: Sneasler
|-activate|p2a: Sneasler|move: Psychic Terrain
|move|p2a: Sneasler|Dire Claw|p1a: Oooh banana
|-supereffective|p1a: Oooh banana
|-damage|p1a: Oooh banana|3/100
|move|p1b: Kraaaabs|Nasty Plot|p1b: Kraaaabs
|-boost|p1b: Kraaaabs|spa|2
|
|upkeep
|turn|2
|inactive|PickledogVGC has 30 seconds left.
|inactive|ApolloLou has 30 seconds left.
|
|t:|1756731125
|-terastallize|p2b: Indeedee|Ground
|move|p2a: Sneasler|Throat Chop|p1b: Kraaaabs
|-supereffective|p1b: Kraaaabs
|-damage|p1b: Kraaaabs|51/100
|-start|p1b: Kraaaabs|Throat Chop|[silent]
|move|p2b: Indeedee|Tera Blast|p1b: Kraaaabs|[anim] Tera Blast Ground
|-supereffective|p1b: Kraaaabs
|-damage|p1b: Kraaaabs|0 fnt
|faint|p1b: Kraaaabs
|move|p1a: Oooh banana|U-turn|p2b: Indeedee
|-damage|p2b: Indeedee|53/100
|
|t:|1756731141
|switch|p1a: Tyrese|Incineroar, L50, M, shiny|100/100|[from] U-turn
|-ability|p1a: Tyrese|Intimidate|boost
|-unboost|p2a: Sneasler|atk|1
|-unboost|p2b: Indeedee|atk|1
|
|upkeep
|
|t:|1756731145
|switch|p1b: Oooh banana|Rillaboom, L50, M, shiny|3/100
|-fieldstart|move: Grassy Terrain|[from] ability: Grassy Surge|[of] p1b: Oooh banana
|turn|3
|
|t:|1756731167
|move|p2a: Sneasler|Protect|p2a: Sneasler
|-singleturn|p2a: Sneasler|Protect
|move|p2b: Indeedee|Protect|p2b: Indeedee
|-singleturn|p2b: Indeedee|Protect
|move|p1b: Oooh banana|Fake Out|p2a: Sneasler
|-activate|p2a: Sneasler|move: Protect
|move|p1a: Tyrese|Flare Blitz|p2a: Sneasler
|-activate|p2a: Sneasler|move: Protect
|
|-heal|p2b: Indeedee|59/100|[from] Grassy Terrain
|-heal|p1b: Oooh banana|9/100|[from] Grassy Terrain
|upkeep
|turn|4
|
|t:|1756731191
|-terastallize|p1a: Tyrese|Ghost
|move|p1b: Oooh banana|Grassy Glide|p2b: Indeedee
|-supereffective|p2b: Indeedee
|-damage|p2b: Indeedee|0 fnt
|faint|p2b: Indeedee
|move|p2a: Sneasler|Close Combat|p1a: Tyrese
|-immune|p1a: Tyrese
|move|p1a: Tyrese|Flare Blitz|p2a: Sneasler
|-damage|p2a: Sneasler|14/100
|-damage|p1a: Tyrese|78/100|[from] Recoil
|
|-heal|p2a: Sneasler|20/100|[from] Grassy Terrain
|-heal|p1b: Oooh banana|15/100|[from] Grassy Terrain
|-heal|p1a: Tyrese|84/100|[from] Grassy Terrain
|upkeep
|
|t:|1756731208
|switch|p2b: Annihilape|Annihilape, L50, M|100/100
|turn|5
|
|t:|1756731227
|switch|p1a: Amoongussy|Amoonguss, L50, M|100/100
|move|p1b: Oooh banana|Grassy Glide|p2a: Sneasler
|-resisted|p2a: Sneasler
|-damage|p2a: Sneasler|0 fnt
|faint|p2a: Sneasler
|move|p2b: Annihilape|Bulk Up|p2b: Annihilape
|-boost|p2b: Annihilape|atk|1
|-boost|p2b: Annihilape|def|1
|
|-heal|p1b: Oooh banana|21/100|[from] Grassy Terrain
|upkeep
|
|t:|1756731236
|switch|p2a: Electabuzz|Electabuzz, L50, M|100/100
|turn|6
|
|t:|1756731251
|move|p2a: Electabuzz|Follow Me|p2a: Electabuzz
|-singleturn|p2a: Electabuzz|move: Follow Me
|move|p1b: Oooh banana|Wood Hammer|p2a: Electabuzz
|-damage|p2a: Electabuzz|34/100
|-damage|p1b: Oooh banana|3/100|[from] Recoil
|move|p2b: Annihilape|Rage Fist|p1b: Oooh banana
|-damage|p1b: Oooh banana|0 fnt
|faint|p1b: Oooh banana
|move|p1a: Amoongussy|Pollen Puff|p2a: Electabuzz
|-damage|p2a: Electabuzz|19/100
|
|-heal|p2a: Electabuzz|25/100|[from] Grassy Terrain
|upkeep
|
|t:|1756731262
|switch|p1b: Tyrese|Incineroar, L50, M, shiny, tera:Ghost|84/100
|-ability|p1b: Tyrese|Intimidate|boost
|-unboost|p2a: Electabuzz|atk|1
|-unboost|p2b: Annihilape|atk|1
|-ability|p2b: Annihilape|Defiant|boost
|-boost|p2b: Annihilape|atk|2
|turn|7
|
|t:|1756731275
|move|p2a: Electabuzz|Protect|p2a: Electabuzz
|-singleturn|p2a: Electabuzz|Protect
|move|p2b: Annihilape|Protect|p2b: Annihilape
|-singleturn|p2b: Annihilape|Protect
|move|p1b: Tyrese|Fake Out|p2a: Electabuzz
|-activate|p2a: Electabuzz|move: Protect
|move|p1a: Amoongussy|Spore|p2b: Annihilape
|-activate|p2b: Annihilape|move: Protect
|
|-heal|p2a: Electabuzz|31/100|[from] Grassy Terrain
|-heal|p1b: Tyrese|90/100|[from] Grassy Terrain
|-fieldend|move: Grassy Terrain
|upkeep
|turn|8
|
|t:|1756731295
|move|p2a: Electabuzz|Follow Me|p2a: Electabuzz
|-singleturn|p2a: Electabuzz|move: Follow Me
|move|p2b: Annihilape|Rage Fist|p1b: Tyrese
|-supereffective|p1b: Tyrese
|-damage|p1b: Tyrese|3/100
|move|p1b: Tyrese|Knock Off|p2a: Electabuzz
|-damage|p2a: Electabuzz|0 fnt
|-enditem|p2a: Electabuzz|Eviolite|[from] move: Knock Off|[of] p1b: Tyrese
|faint|p2a: Electabuzz
|move|p1a: Amoongussy|Spore|p2b: Annihilape
|-status|p2b: Annihilape|slp|[from] move: Spore
|
|upkeep
|turn|9
|inactive|PickledogVGC has 30 seconds left.
|
|t:|1756731326
|cant|p2b: Annihilape|slp
|move|p1b: Tyrese|Knock Off|p2b: Annihilape
|-damage|p2b: Annihilape|69/100 slp
|-enditem|p2b: Annihilape|Sitrus Berry|[from] move: Knock Off|[of] p1b: Tyrese
|move|p1a: Amoongussy|Pollen Puff|p1b: Tyrese
|-heal|p1b: Tyrese|53/100
|
|upkeep
|turn|10
|
|t:|1756731341
|move|p1a: Amoongussy|Rage Powder|p1a: Amoongussy
|-singleturn|p1a: Amoongussy|move: Rage Powder
|cant|p2b: Annihilape|slp
|move|p1b: Tyrese|Flare Blitz|p2b: Annihilape
|-damage|p2b: Annihilape|35/100 slp
|-damage|p1b: Tyrese|42/100|[from] Recoil
|
|upkeep
|turn|11
|
|t:|1756731353
|move|p1a: Amoongussy|Rage Powder|p1a: Amoongussy
|-singleturn|p1a: Amoongussy|move: Rage Powder
|-curestatus|p2b: Annihilape|slp|[msg]
|move|p2b: Annihilape|Rage Fist|p1a: Amoongussy
|-damage|p1a: Amoongussy|0 fnt
|faint|p1a: Amoongussy
|move|p1b: Tyrese|Flare Blitz|p2b: Annihilape
|-damage|p2b: Annihilape|0 fnt
|faint|p2b: Annihilape
|-damage|p1b: Tyrese|30/100|[from] Recoil
|
|win|PickledogVGC
