|j|☆Hackervgc
|j|☆Chalky Cheeks
|html|HackervgcChalky Cheeks    
|uhtml|bestof|Game 1 of a best-of-3
|t:|1782311413
|gametype|doubles
|player|p1|Hackervgc|gentleman-gen4|1248
|player|p2|Chalky Cheeks|wally-masters|1174
|gen|9
|tier|[Gen 9 Champions] VGC 2026 Reg M-B (Bo3)
|rated|
|rule|Species Clause: Limit one of each Pokémon
|rule|Item Clause: Limit 1 of each item
|clearpoke
|poke|p1|Metagross, L50|
|poke|p1|Sneasler, L50, F|
|poke|p1|Hydreigon, L50, F|
|poke|p1|Whimsicott, L50, F|
|poke|p1|Basculegion, L50, M|
|poke|p1|Incineroar, L50, M|
|poke|p2|Staraptor, L50, M, shiny|
|poke|p2|Maushold-Four, L50|
|poke|p2|Froslass, L50, F|
|poke|p2|Garchomp, L50, F, shiny|
|poke|p2|Rotom-Wash, L50, shiny|
|poke|p2|Sneasler, L50, F, shiny|
|teampreview|4
|showteam|p1|Metagross||Metagrossite|ClearBody|IronHead,PsychicFangs,Protect,StompingTantrum|Adamant|||||50|]Sneasler||WhiteHerb|Unburden|CloseCombat,DireClaw,Protect,FakeOut|Adamant||F|||50|]Hydreigon||ChoiceScarf|Levitate|DracoMeteor,DarkPulse,Snarl,Flamethrower|Modest||F|||50|]Whimsicott||FocusSash|Prankster|Moonblast,Tailwind,Encore,Protect|Timid||F|||50|]Basculegion||MysticWater|Adaptability|WaveCrash,LastRespects,Protect,AquaJet|Adamant||M|||50|]Incineroar||ChopleBerry|Intimidate|FakeOut,FlareBlitz,DarkestLariat,PartingShot|Careful||M|||50|
|showteam|p2|Staraptor||Staraptite|Intimidate|BraveBird,CloseCombat,Protect,Tailwind|Jolly||M|||50|]Maushold-Four||ChopleBerry|FriendGuard|SuperFang,BabyDollEyes,Protect,FollowMe|Jolly|||||50|]Froslass||Froslassite|CursedBody|Blizzard,ShadowBall,Protect,AuroraVeil|Modest||F|||50|]Garchomp||LifeOrb|RoughSkin|Earthquake,DragonClaw,Protect,RockSlide|Adamant||F|||50|]Rotom-Wash||SitrusBerry|Levitate|Thunderbolt,HydroPump,Protect,WillOWisp|Modest|||||50|]Sneasler||WhiteHerb|Unburden|DireClaw,CloseCombat,Protect,FakeOut|Adamant||F|||50|
|
|t:|1782311463
|teamsize|p1|4
|teamsize|p2|4
|start
|switch|p1a: Metagross|Metagross, L50|100/100
|switch|p1b: Whimsicott|Whimsicott, L50, F|100/100
|switch|p2a: Sneasler|Sneasler, L50, F, shiny|100/100
|switch|p2b: Froslass|Froslass, L50, F|100/100
|turn|1
|
|t:|1782311501
|detailschange|p2b: Froslass|Froslass-Mega, L50, F
|-mega|p2b: Froslass|Froslass|Froslassite
|-weather|Snowscape|[from] ability: Snow Warning|[of] p2b: Froslass
|detailschange|p1a: Metagross|Metagross-Mega, L50
|-mega|p1a: Metagross|Metagross|Metagrossite
|move|p1b: Whimsicott|Tailwind|p1b: Whimsicott
|-sidestart|p1: Hackervgc|move: Tailwind
|move|p1a: Metagross|Iron Head|p2b: Froslass
|-supereffective|p2b: Froslass|1
|-damage|p2b: Froslass|1/100
|move|p2b: Froslass|Aurora Veil|p2b: Froslass
|-sidestart|p2: Chalky Cheeks|move: Aurora Veil
|move|p2a: Sneasler|Close Combat|p1a: Metagross
|-damage|p1a: Metagross|52/100
|-unboost|p2a: Sneasler|def|1
|-unboost|p2a: Sneasler|spd|1
|-enditem|p2a: Sneasler|White Herb
|-clearnegativeboost|p2a: Sneasler|[silent]
|
|-weather|Snowscape|[upkeep]
|upkeep
|turn|2
|
|t:|1782311552
|move|p2a: Sneasler|Protect|p2a: Sneasler
|-singleturn|p2a: Sneasler|Protect
|move|p1b: Whimsicott|Moonblast|p2b: Froslass
|-damage|p2b: Froslass|0 fnt
|faint|p2b: Froslass
|move|p1a: Metagross|Psychic Fangs|p2a: Sneasler
|-activate|p2a: Sneasler|move: Protect
|
|-weather|Snowscape|[upkeep]
|upkeep
|
|t:|1782311560
|switch|p2b: Maushold|Maushold-Four, L50|100/100
|turn|3
|
|t:|1782311578
|move|p2b: Maushold|Follow Me|p2b: Maushold
|-singleturn|p2b: Maushold|move: Follow Me
|move|p1b: Whimsicott|Moonblast|p2b: Maushold
|-damage|p2b: Maushold|69/100
|move|p1a: Metagross|Psychic Fangs|p2b: Maushold
|-sideend|p2: Chalky Cheeks|move: Aurora Veil
|-damage|p2b: Maushold|0 fnt
|faint|p2b: Maushold
|move|p2a: Sneasler|Dire Claw|p1b: Whimsicott
|-supereffective|p1b: Whimsicott|2
|-enditem|p1b: Whimsicott|Focus Sash
|-damage|p1b: Whimsicott|1/100
|
|-weather|Snowscape|[upkeep]
|upkeep
|
|t:|1782311588
|switch|p2b: Garchomp|Garchomp, L50, F, shiny|100/100
|turn|4
|
|t:|1782311599
|move|p1b: Whimsicott|Protect|p1b: Whimsicott
|-singleturn|p1b: Whimsicott|Protect
|move|p1a: Metagross|Protect|p1a: Metagross
|-singleturn|p1a: Metagross|Protect
|move|p2a: Sneasler|Protect|p2a: Sneasler
|-singleturn|p2a: Sneasler|Protect
|move|p2b: Garchomp|Earthquake|p1a: Metagross|[spread] 
|-activate|p2a: Sneasler|move: Protect
|-activate|p1a: Metagross|move: Protect
|-activate|p1b: Whimsicott|move: Protect
|
|-weather|Snowscape|[upkeep]
|-sideend|p1: Hackervgc|move: Tailwind
|upkeep
|turn|5
|
|t:|1782311621
|move|p1b: Whimsicott|Tailwind|p1b: Whimsicott
|-sidestart|p1: Hackervgc|move: Tailwind
|move|p1a: Metagross|Psychic Fangs|p2a: Sneasler
|-supereffective|p2a: Sneasler|2
|-damage|p2a: Sneasler|0 fnt
|faint|p2a: Sneasler
|move|p2b: Garchomp|Earthquake|p1b: Whimsicott|[spread] p1a,p1b
|-supereffective|p1a: Metagross|1
|-resisted|p1b: Whimsicott|1
|-damage|p1a: Metagross|0 fnt
|-damage|p1b: Whimsicott|0 fnt
|faint|p1a: Metagross
|faint|p1b: Whimsicott
|-damage|p2b: Garchomp|90/100|[from] item: Life Orb
|
|-weather|none
|upkeep
|
|t:|1782311626
|switch|p1b: Sneasler|Sneasler, L50, F|100/100
|switch|p1a: Hydreigon|Hydreigon, L50, F|100/100
|turn|6
|
|t:|1782311631
|move|p2b: Garchomp|Protect|p2b: Garchomp
|-singleturn|p2b: Garchomp|Protect
|move|p1b: Sneasler|Fake Out|p2b: Garchomp
|-activate|p2b: Garchomp|move: Protect
|move|p1a: Hydreigon|Dark Pulse|p2b: Garchomp
|-activate|p2b: Garchomp|move: Protect
|
|upkeep
|turn|7
|
|t:|1782311637
|move|p1a: Hydreigon|Dark Pulse|p2b: Garchomp
|-damage|p2b: Garchomp|48/100
|move|p1b: Sneasler|Close Combat|p2b: Garchomp
|-damage|p2b: Garchomp|0 fnt
|-unboost|p1b: Sneasler|def|1
|-unboost|p1b: Sneasler|spd|1
|-damage|p1b: Sneasler|87/100|[from] ability: Rough Skin|[of] p2b: Garchomp
|faint|p2b: Garchomp
|
|win|Hackervgc
||Chalky Cheeks is ready for game 2.
||Hackervgc is ready for game 2.
|uhtml|next|Next: Game 2 of 3
|l|☆Chalky Cheeks
|player|p2|
