|j|☆spellbreakvgc
|j|☆Eduard738838
|html|spellbreakvgcEduard738838    
|uhtml|bestof|Game 2 of a best-of-3
|t:|1757937880
|gametype|doubles
|player|p1|spellbreakvgc|lance|1073
|player|p2|Eduard738838|101|1026
|gen|9
|tier|[Gen 9] VGC 2025 Reg H (Bo3)
|rated|
|rule|Species Clause: Limit one of each Pokémon
|rule|Item Clause: Limit 1 of each item
|clearpoke
|poke|p1|Incineroar, L50, M|
|poke|p1|Tyranitar, L50, M|
|poke|p1|Porygon2, L50|
|poke|p1|Ursaluna, L50, M|
|poke|p1|Indeedee-F, L50, F|
|poke|p1|Gholdengo, L50|
|poke|p2|Incineroar, L50, M|
|poke|p2|Ursaluna-Bloodmoon, L50, M|
|poke|p2|Rillaboom, L50, M|
|poke|p2|Ninetales-Alola, L50, M|
|poke|p2|Sneasler, L50, M|
|poke|p2|Gholdengo, L50|
|teampreview|4
|showteam|p1|Incineroar||SitrusBerry|Intimidate|PartingShot,FakeOut,KnockOff,Snarl|||M|||50|,,,,,Water]Tyranitar||AssaultVest|SandStream|RockSlide,KnockOff,LowKick,Outrage|||M|||50|,,,,,Flying]Porygon2||Eviolite|Download|TrickRoom,Recover,IceBeam,TeraBlast||||||50|,,,,,Ghost]Ursaluna||FlameOrb|Guts|Earthquake,HeadlongRush,Facade,Protect|||M|||50|,,,,,Fairy]Indeedee-F||PsychicSeed|PsychicSurge|FollowMe,HelpingHand,Psychic,TrickRoom|||F|||50|,,,,,Grass]Gholdengo||Leftovers|GoodasGold|MakeItRain,ShadowBall,NastyPlot,Protect||||||50|,,,,,Dragon
|showteam|p2|Incineroar||SafetyGoggles|Intimidate|FakeOut,FlareBlitz,KnockOff,PartingShot|||M|||50|,,,,,Water]Ursaluna-Bloodmoon||Leftovers|MindsEye|BloodMoon,Yawn,EarthPower,Protect|||M|||50|,,,,,Electric]Rillaboom||AssaultVest|GrassySurge|WoodHammer,FakeOut,GrassyGlide,HighHorsepower|||M|||50|,,,,,Fire]Ninetales-Alola||FocusSash|SnowWarning|Blizzard,AuroraVeil,Encore,Protect|||M|||50|,,,,,Ghost]Sneasler||GrassySeed|Unburden|Acrobatics,Protect,SwordsDance,CloseCombat|||M|||50|,,,,,Flying]Gholdengo||LifeOrb|GoodasGold|MakeItRain,ShadowBall,NastyPlot,Protect||||||50|,,,,,Water
|inactive|Battle timer is ON: inactive players will automatically lose when time's up. (requested by spellbreakvgc)
|
|t:|1757937912
|teamsize|p1|4
|teamsize|p2|4
|start
|switch|p1a: Porygon2|Porygon2, L50|100/100
|switch|p1b: Incineroar|Incineroar, L50, M|100/100
|switch|p2a: Rillaboom|Rillaboom, L50, M, shiny|100/100
|switch|p2b: Gholdengo|Gholdengo, L50|100/100
|-fieldstart|move: Grassy Terrain|[from] ability: Grassy Surge|[of] p2a: Rillaboom
|-ability|p1b: Incineroar|Intimidate|boost
|-unboost|p2a: Rillaboom|atk|1
|-unboost|p2b: Gholdengo|atk|1
|-ability|p1a: Porygon2|Download|boost
|-boost|p1a: Porygon2|spa|1
|turn|1
|
|t:|1757937935
|move|p2a: Rillaboom|Fake Out|p1b: Incineroar
|-damage|p1b: Incineroar|91/100
|move|p2b: Gholdengo|Nasty Plot|p2b: Gholdengo
|-boost|p2b: Gholdengo|spa|2
|cant|p1b: Incineroar|flinch
|move|p1a: Porygon2|Trick Room|p1a: Porygon2
|-fieldstart|move: Trick Room|[of] p1a: Porygon2
|
|-heal|p1b: Incineroar|97/100|[from] Grassy Terrain
|upkeep
|turn|2
|
|t:|1757937956
|-terastallize|p2b: Gholdengo|Water
|move|p1a: Porygon2|Ice Beam|p2b: Gholdengo
|-resisted|p2b: Gholdengo
|-damage|p2b: Gholdengo|74/100
|move|p1b: Incineroar|Parting Shot|p1a: Porygon2
|-unboost|p1a: Porygon2|atk|1
|-unboost|p1a: Porygon2|spa|1
|
|t:|1757937964
|switch|p1b: Ursaluna|Ursaluna, L50, M|100/100|[from] Parting Shot
|move|p2a: Rillaboom|High Horsepower|p1b: Ursaluna
|-damage|p1b: Ursaluna|84/100
|move|p2b: Gholdengo|Make It Rain|p1b: Ursaluna|[spread] p1a,p1b
|-damage|p1a: Porygon2|29/100
|-damage|p1b: Ursaluna|0 fnt
|-unboost|p2b: Gholdengo|spa|1
|faint|p1b: Ursaluna
|-damage|p2b: Gholdengo|64/100|[from] item: Life Orb
|
|-heal|p1a: Porygon2|34/100|[from] Grassy Terrain
|-heal|p2b: Gholdengo|70/100|[from] Grassy Terrain
|upkeep
|
|t:|1757937982
|switch|p1b: Tyranitar|Tyranitar, L50, M|100/100
|-weather|Sandstorm|[from] ability: Sand Stream|[of] p1b: Tyranitar
|turn|3
|
|t:|1757937994
|move|p2a: Rillaboom|Grassy Glide|p1b: Tyranitar
|-supereffective|p1b: Tyranitar
|-damage|p1b: Tyranitar|56/100
|move|p1a: Porygon2|Recover|p1a: Porygon2
|-heal|p1a: Porygon2|85/100
|move|p1b: Tyranitar|Rock Slide|p2b: Gholdengo|[spread] p2a,p2b
|-damage|p2a: Rillaboom|69/100
|-damage|p2b: Gholdengo|33/100
|cant|p2b: Gholdengo|flinch
|
|-weather|Sandstorm|[upkeep]
|-damage|p1a: Porygon2|79/100|[from] Sandstorm
|-damage|p2a: Rillaboom|63/100|[from] Sandstorm
|-damage|p2b: Gholdengo|26/100|[from] Sandstorm
|-heal|p1a: Porygon2|85/100|[from] Grassy Terrain
|-heal|p1b: Tyranitar|62/100|[from] Grassy Terrain
|-heal|p2a: Rillaboom|69/100|[from] Grassy Terrain
|-heal|p2b: Gholdengo|33/100|[from] Grassy Terrain
|upkeep
|turn|4
|
|t:|1757938014
|move|p2b: Gholdengo|Protect|p2b: Gholdengo
|-singleturn|p2b: Gholdengo|Protect
|move|p2a: Rillaboom|Grassy Glide|p1b: Tyranitar
|-supereffective|p1b: Tyranitar
|-damage|p1b: Tyranitar|21/100
|move|p1a: Porygon2|Ice Beam|p2a: Rillaboom
|-supereffective|p2a: Rillaboom
|-damage|p2a: Rillaboom|26/100
|move|p1b: Tyranitar|Rock Slide|p2b: Gholdengo|[spread] p2a
|-activate|p2b: Gholdengo|move: Protect
|-damage|p2a: Rillaboom|0 fnt
|faint|p2a: Rillaboom
|
|-weather|Sandstorm|[upkeep]
|-damage|p1a: Porygon2|79/100|[from] Sandstorm
|-damage|p2b: Gholdengo|26/100|[from] Sandstorm
|-heal|p1a: Porygon2|85/100|[from] Grassy Terrain
|-heal|p1b: Tyranitar|27/100|[from] Grassy Terrain
|-heal|p2b: Gholdengo|33/100|[from] Grassy Terrain
|upkeep
|
|t:|1757938024
|switch|p2a: Ursaluna|Ursaluna-Bloodmoon, L50, M|100/100
|turn|5
|
|t:|1757938040
|move|p2b: Gholdengo|Protect||[still]
|-fail|p2b: Gholdengo
|move|p1a: Porygon2|Ice Beam|p2b: Gholdengo
|-resisted|p2b: Gholdengo
|-damage|p2b: Gholdengo|17/100
|move|p1b: Tyranitar|Knock Off|p2b: Gholdengo
|-damage|p2b: Gholdengo|0 fnt
|-enditem|p2b: Gholdengo|Life Orb|[from] move: Knock Off|[of] p1b: Tyranitar
|faint|p2b: Gholdengo
|move|p2a: Ursaluna|Yawn|p1a: Porygon2
|-start|p1a: Porygon2|move: Yawn|[of] p2a: Ursaluna
|
|-weather|Sandstorm|[upkeep]
|-damage|p1a: Porygon2|79/100|[from] Sandstorm
|-heal|p1a: Porygon2|85/100|[from] Grassy Terrain
|-heal|p1b: Tyranitar|33/100|[from] Grassy Terrain
|-fieldend|move: Trick Room
|-fieldend|move: Grassy Terrain
|upkeep
|
|t:|1757938043
|switch|p2b: Ninetales|Ninetales-Alola, L50, M|100/100
|-weather|Snowscape|[from] ability: Snow Warning|[of] p2b: Ninetales
|turn|6
|
|t:|1757938054
|switch|p1b: Incineroar|Incineroar, L50, M|97/100
|-ability|p1b: Incineroar|Intimidate|boost
|-unboost|p2a: Ursaluna|atk|1
|-unboost|p2b: Ninetales|atk|1
|move|p2b: Ninetales|Aurora Veil|p2b: Ninetales
|-sidestart|p2: Eduard738838|move: Aurora Veil
|move|p2a: Ursaluna|Earth Power|p1b: Incineroar
|-supereffective|p1b: Incineroar
|-damage|p1b: Incineroar|39/100
|-enditem|p1b: Incineroar|Sitrus Berry|[eat]
|-heal|p1b: Incineroar|64/100|[from] item: Sitrus Berry
|move|p1a: Porygon2|Trick Room|p1a: Porygon2
|-fieldstart|move: Trick Room|[of] p1a: Porygon2
|
|-weather|Snowscape|[upkeep]
|-end|p1a: Porygon2|move: Yawn|[silent]
|-status|p1a: Porygon2|slp
|upkeep
|turn|7
|
|t:|1757938075
|switch|p1a: Tyranitar|Tyranitar, L50, M|33/100
|-weather|Sandstorm|[from] ability: Sand Stream|[of] p1a: Tyranitar
|move|p2b: Ninetales|Protect|p2b: Ninetales
|-singleturn|p2b: Ninetales|Protect
|move|p1b: Incineroar|Fake Out|p2b: Ninetales
|-activate|p2b: Ninetales|move: Protect
|move|p2a: Ursaluna|Blood Moon|p1b: Incineroar
|-damage|p1b: Incineroar|16/100
|
|-weather|Sandstorm|[upkeep]
|-damage|p1b: Incineroar|10/100|[from] Sandstorm
|-damage|p2b: Ninetales|94/100|[from] Sandstorm
|upkeep
|turn|8
|inactive|spellbreakvgc has 30 seconds left.
|
|t:|1757938104
|-terastallize|p1a: Tyranitar|Flying
|move|p1b: Incineroar|Knock Off|p2b: Ninetales
|-resisted|p2b: Ninetales
|-damage|p2b: Ninetales|73/100
|-enditem|p2b: Ninetales|Focus Sash|[from] move: Knock Off|[of] p1b: Incineroar
|move|p1a: Tyranitar|Rock Slide|p2b: Ninetales|[spread] p2a,p2b
|-resisted|p2a: Ursaluna
|-supereffective|p2b: Ninetales
|-damage|p2a: Ursaluna|93/100
|-damage|p2b: Ninetales|11/100
|move|p2a: Ursaluna|Earth Power|p1a: Tyranitar
|-immune|p1a: Tyranitar
|move|p2b: Ninetales|Blizzard|p1b: Incineroar|[spread] p1a
|-miss|p2b: Ninetales|p1b: Incineroar
|-supereffective|p1a: Tyranitar
|-damage|p1a: Tyranitar|0 fnt
|faint|p1a: Tyranitar
|
|-weather|Sandstorm|[upkeep]
|-damage|p1b: Incineroar|4/100|[from] Sandstorm
|-damage|p2b: Ninetales|5/100|[from] Sandstorm
|-heal|p2a: Ursaluna|99/100|[from] item: Leftovers
|upkeep
|
|t:|1757938119
|switch|p1a: Porygon2|Porygon2, L50|85/100 slp
|-ability|p1a: Porygon2|Download|boost
|-boost|p1a: Porygon2|spa|1
|turn|9
|
|t:|1757938126
|move|p2b: Ninetales|Protect|p2b: Ninetales
|-singleturn|p2b: Ninetales|Protect
|cant|p1a: Porygon2|slp
|move|p1b: Incineroar|Snarl|p2b: Ninetales|[spread] p2a
|-activate|p2b: Ninetales|move: Protect
|-damage|p2a: Ursaluna|91/100
|-unboost|p2a: Ursaluna|spa|1
|move|p2a: Ursaluna|Earth Power|p1b: Incineroar
|-supereffective|p1b: Incineroar
|-damage|p1b: Incineroar|0 fnt
|faint|p1b: Incineroar
|
|-weather|Sandstorm|[upkeep]
|-damage|p1a: Porygon2|79/100 slp|[from] Sandstorm
|-damage|p2b: Ninetales|0 fnt|[from] Sandstorm
|faint|p2b: Ninetales
|-heal|p2a: Ursaluna|97/100|[from] item: Leftovers
|upkeep
|turn|10
|
|t:|1757938141
|cant|p1a: Porygon2|slp
|move|p2a: Ursaluna|Blood Moon|p1a: Porygon2
|-damage|p1a: Porygon2|51/100 slp
|
|-weather|Sandstorm|[upkeep]
|-damage|p1a: Porygon2|45/100 slp|[from] Sandstorm
|-heal|p2a: Ursaluna|100/100|[from] item: Leftovers
|-sideend|p2: Eduard738838|move: Aurora Veil
|-fieldend|move: Trick Room
|upkeep
|turn|11
|
|t:|1757938149
|move|p2a: Ursaluna|Earth Power|p1a: Porygon2
|-damage|p1a: Porygon2|26/100 slp
|cant|p1a: Porygon2|slp
|
|-weather|none
|upkeep
|turn|12
|
|t:|1757938152
|move|p2a: Ursaluna|Yawn||[still]
|-fail|p2a: Ursaluna
|-curestatus|p1a: Porygon2|slp|[msg]
|move|p1a: Porygon2|Recover|p1a: Porygon2
|-heal|p1a: Porygon2|76/100
|
|upkeep
|turn|13
|
|t:|1757938158
|move|p2a: Ursaluna|Yawn|p1a: Porygon2
|-start|p1a: Porygon2|move: Yawn|[of] p2a: Ursaluna
|move|p1a: Porygon2|Recover|p1a: Porygon2
|-heal|p1a: Porygon2|100/100
|
|upkeep
|turn|14
|
|t:|1757938162
|move|p2a: Ursaluna|Protect|p2a: Ursaluna
|-singleturn|p2a: Ursaluna|Protect
|move|p1a: Porygon2|Trick Room|p1a: Porygon2
|-fieldstart|move: Trick Room|[of] p1a: Porygon2
|
|-end|p1a: Porygon2|move: Yawn|[silent]
|-status|p1a: Porygon2|slp
|upkeep
|turn|15
|
|t:|1757938167
|cant|p1a: Porygon2|slp
|move|p2a: Ursaluna|Blood Moon|p1a: Porygon2
|-damage|p1a: Porygon2|70/100 slp
|
|upkeep
|turn|16
|
|t:|1757938173
|cant|p1a: Porygon2|slp
|move|p2a: Ursaluna|Earth Power|p1a: Porygon2
|-crit|p1a: Porygon2
|-damage|p1a: Porygon2|25/100 slp
|-unboost|p1a: Porygon2|spd|1
|
|upkeep
|turn|17
|
|t:|1757938178
|cant|p1a: Porygon2|slp
|move|p2a: Ursaluna|Blood Moon|p2: Ninetales|[notarget]
|-fail|p2a: Ursaluna
|
|upkeep
|turn|18
|
|t:|1757938182
|-curestatus|p1a: Porygon2|slp|[msg]
|move|p1a: Porygon2|Recover|p1a: Porygon2
|-heal|p1a: Porygon2|76/100
|move|p2a: Ursaluna|Earth Power|p1a: Porygon2
|-damage|p1a: Porygon2|50/100
|
|-fieldend|move: Trick Room
|upkeep
|turn|19
|
|t:|1757938189
|move|p2a: Ursaluna|Yawn|p1a: Porygon2
|-start|p1a: Porygon2|move: Yawn|[of] p2a: Ursaluna
|move|p1a: Porygon2|Recover|p1a: Porygon2
|-heal|p1a: Porygon2|99/100
|
|upkeep
|turn|20
|
|t:|1757938193
|move|p2a: Ursaluna|Blood Moon|p1a: Porygon2
|-damage|p1a: Porygon2|55/100
|move|p1a: Porygon2|Trick Room|p1a: Porygon2
|-fieldstart|move: Trick Room|[of] p1a: Porygon2
|
|-end|p1a: Porygon2|move: Yawn|[silent]
|-status|p1a: Porygon2|slp
|upkeep
|turn|21
|
|t:|1757938198
|cant|p1a: Porygon2|slp
|move|p2a: Ursaluna|Earth Power|p1a: Porygon2
|-damage|p1a: Porygon2|29/100 slp
|
|upkeep
|turn|22
|
|t:|1757938202
|cant|p1a: Porygon2|slp
|move|p2a: Ursaluna|Blood Moon|p1a: Porygon2
|-damage|p1a: Porygon2|0 fnt
|faint|p1a: Porygon2
|
|win|Eduard738838
