|j|☆Npc red panther
|j|☆chang21
|html|Npc red pantherchang21    
|uhtml|bestof|Game 3 of a best-of-3
|t:|1757650653
|gametype|doubles
|player|p1|Npc red panther|101|1197
|player|p2|chang21|veteran-gen4|1280
|gen|9
|tier|[Gen 9] VGC 2025 Reg H (Bo3)
|rated|
|rule|Species Clause: Limit one of each Pokémon
|rule|Item Clause: Limit 1 of each item
|clearpoke
|poke|p1|Gholdengo, L50|
|poke|p1|Basculegion, L50, M|
|poke|p1|Electabuzz, L50, F|
|poke|p1|Incineroar, L50, M|
|poke|p1|Sneasler, L50, F|
|poke|p1|Whimsicott, L50, F|
|poke|p2|Sneasler, L50, M|
|poke|p2|Indeedee, L50, M|
|poke|p2|Volcarona, L50, M|
|poke|p2|Ursaluna-Bloodmoon, L50, M|
|poke|p2|Annihilape, L50, F|
|poke|p2|Tyranitar, L50, M|
|teampreview|4
|showteam|p1|Gholdengo||LifeOrb|GoodasGold|MakeItRain,ShadowBall,NastyPlot,Protect||||||50|,,,,,Steel]Basculegion||ChoiceScarf|Adaptability|WaveCrash,AquaJet,FlipTurn,LastRespects|||M|||50|,,,,,Water]Electabuzz||Eviolite|VitalSpirit|FollowMe,Electroweb,VoltSwitch,Protect|||F|||50|,,,,,Fairy]Incineroar||AssaultVest|Intimidate|FakeOut,FlareBlitz,KnockOff,Uturn|||M|||50|,,,,,Ghost]Sneasler||ClearAmulet|PoisonTouch|DireClaw,CloseCombat,ThroatChop,Protect|||F|||50|,,,,,Dark]Whimsicott||CovertCloak|Prankster|Tailwind,Moonblast,Encore,Protect|||F|||50|,,,,,Water
|showteam|p2|Sneasler||PsychicSeed|Unburden|CloseCombat,DireClaw,ThroatChop,Protect|||M|||50|,,,,,Dark]Indeedee||ChoiceScarf|PsychicSurge|ExpandingForce,TeraBlast,Trick,Protect|||M|||50|,,,,,Psychic]Volcarona||SitrusBerry|FlameBody|Overheat,StruggleBug,RagePowder,Tailwind|||M|||50|,,,,,Grass]Ursaluna-Bloodmoon||LifeOrb|MindsEye|BloodMoon,HyperVoice,EarthPower,Protect|||M|||50|,,,,,Normal]Annihilape||SafetyGoggles|Defiant|CloseCombat,RageFist,Taunt,FinalGambit|||F|||50|,,,,,Fairy]Tyranitar||AssaultVest|SandStream|RockSlide,KnockOff,TeraBlast,LowKick|||M|||50|,,,,,Flying
|inactive|Battle timer is ON: inactive players will automatically lose when time's up. (requested by chang21)
|inactive|Npc red panther has 60 seconds left.
|inactive|chang21 has 60 seconds left.
|
|t:|1757650710
|teamsize|p1|4
|teamsize|p2|4
|start
|switch|p1a: Incineroar|Incineroar, L50, M, shiny|100/100
|switch|p1b: Whimsicott|Whimsicott, L50, F|100/100
|switch|p2a: Volcarona|Volcarona, L50, M|100/100
|switch|p2b: Annihilape|Annihilape, L50, F|100/100
|-ability|p1a: Incineroar|Intimidate|boost
|-unboost|p2a: Volcarona|atk|1
|-unboost|p2b: Annihilape|atk|1
|-ability|p2b: Annihilape|Defiant|boost
|-boost|p2b: Annihilape|atk|2
|turn|1
|inactive|Npc red panther has 30 seconds left.
|inactive|chang21 has 30 seconds left.
|inactive|chang21 has 20 seconds left.
|inactive|chang21 has 15 seconds left.
|inactive|chang21 has 10 seconds left.
|inactive|chang21 has 5 seconds left.
|
|t:|1757650763
|-terastallize|p2b: Annihilape|Fairy
|move|p1b: Whimsicott|Tailwind|p1b: Whimsicott
|-sidestart|p1: Npc red panther|move: Tailwind
|move|p1a: Incineroar|Knock Off|p2b: Annihilape
|-resisted|p2b: Annihilape
|-damage|p2b: Annihilape|74/100
|-enditem|p2b: Annihilape|Safety Goggles|[from] move: Knock Off|[of] p1a: Incineroar
|move|p2a: Volcarona|Tailwind|p2a: Volcarona
|-sidestart|p2: chang21|move: Tailwind
|move|p2b: Annihilape|Close Combat|p1a: Incineroar
|-supereffective|p1a: Incineroar
|-damage|p1a: Incineroar|0 fnt
|-unboost|p2b: Annihilape|def|1
|-unboost|p2b: Annihilape|spd|1
|faint|p1a: Incineroar
|
|upkeep
|
|t:|1757650772
|switch|p1a: Gholdengo|Gholdengo, L50|100/100
|turn|2
|inactive|chang21 has 30 seconds left.
|inactive|Npc red panther has 30 seconds left.
|inactive|chang21 has 20 seconds left.
|inactive|chang21 has 15 seconds left.
|
|t:|1757650816
|switch|p2b: Indeedee|Indeedee, L50, M|100/100
|-fieldstart|move: Psychic Terrain|[from] ability: Psychic Surge|[of] p2b: Indeedee
|-terastallize|p1a: Gholdengo|Steel
|move|p1b: Whimsicott|Encore|p2a: Volcarona
|-activate|p2a: Volcarona|move: Psychic Terrain
|move|p2a: Volcarona|Struggle Bug|p1a: Gholdengo|[spread] p1a,p1b
|-resisted|p1a: Gholdengo
|-damage|p1a: Gholdengo|91/100
|-damage|p1b: Whimsicott|82/100
|-unboost|p1a: Gholdengo|spa|1
|move|p1a: Gholdengo|Make It Rain|p2a: Volcarona|[spread] p2a,p2b
|-resisted|p2a: Volcarona
|-damage|p2a: Volcarona|73/100
|-damage|p2b: Indeedee|26/100
|-unboost|p1a: Gholdengo|spa|1
|-damage|p1a: Gholdengo|81/100|[from] item: Life Orb
|
|upkeep
|turn|3
|
|t:|1757650840
|switch|p1a: Basculegion|Basculegion, L50, M, shiny|100/100
|move|p2b: Indeedee|Expanding Force|p1a: Basculegion|[spread] p1a,p1b
|-damage|p1a: Basculegion|36/100
|-damage|p1b: Whimsicott|13/100
|move|p2a: Volcarona|Overheat|p1a: Basculegion
|-resisted|p1a: Basculegion
|-damage|p1a: Basculegion|0 fnt
|-unboost|p2a: Volcarona|spa|2
|faint|p1a: Basculegion
|move|p1b: Whimsicott|Moonblast|p2b: Indeedee
|-damage|p2b: Indeedee|0 fnt
|faint|p2b: Indeedee
|
|upkeep
|
|t:|1757650854
|switch|p2b: Sneasler|Sneasler, L50, M|100/100
|switch|p1a: Gholdengo|Gholdengo, L50, tera:Steel|81/100
|-enditem|p2b: Sneasler|Psychic Seed
|-boost|p2b: Sneasler|spd|1|[from] item: Psychic Seed
|turn|4
|
|t:|1757650863
|move|p1b: Whimsicott|Protect|p1b: Whimsicott
|-singleturn|p1b: Whimsicott|Protect
|move|p1a: Gholdengo|Protect|p1a: Gholdengo
|-singleturn|p1a: Gholdengo|Protect
|move|p2b: Sneasler|Close Combat|p1a: Gholdengo
|-activate|p1a: Gholdengo|move: Protect
|move|p2a: Volcarona|Overheat|p1b: Whimsicott
|-activate|p1b: Whimsicott|move: Protect
|
|-sideend|p2: chang21|move: Tailwind
|-sideend|p1: Npc red panther|move: Tailwind
|upkeep
|turn|5
|
|t:|1757650867
|move|p1b: Whimsicott|Tailwind|p1b: Whimsicott
|-sidestart|p1: Npc red panther|move: Tailwind
|move|p2b: Sneasler|Close Combat|p1a: Gholdengo
|-supereffective|p1a: Gholdengo
|-damage|p1a: Gholdengo|0 fnt
|-unboost|p2b: Sneasler|def|1
|-unboost|p2b: Sneasler|spd|1
|faint|p1a: Gholdengo
|move|p2a: Volcarona|Overheat|p1b: Whimsicott
|-supereffective|p1b: Whimsicott
|-damage|p1b: Whimsicott|0 fnt
|-unboost|p2a: Volcarona|spa|2
|faint|p1b: Whimsicott
|
|win|chang21
|raw|Npc red panther's rating: 1180 → 1162(-18 for losing)
|raw|chang21's rating: 1280 → 1298(+18 for winning)
|l|☆Npc red panther
|player|p1|
|l|☆chang21
|player|p2|
