|j|☆Farigi no Raf
|j|☆Mahomeswinz
|html|Farigi no RafMahomeswinz    
|uhtml|bestof|Game 1 of a best-of-3
|t:|1757009748
|gametype|doubles
|player|p1|Farigi no Raf|vince|1321
|player|p2|Mahomeswinz|dawn|1312
|gen|9
|tier|[Gen 9] VGC 2025 Reg H (Bo3)
|rated|
|rule|Species Clause: Limit one of each Pokémon
|rule|Item Clause: Limit 1 of each item
|clearpoke
|poke|p1|Dragonite, L50, F|
|poke|p1|Gholdengo, L50|
|poke|p1|Sneasler, L50, F|
|poke|p1|Rillaboom, L50, M|
|poke|p1|Ursaluna-Bloodmoon, L50, M|
|poke|p1|Magmar, L50, F|
|poke|p2|Dragonite, L50, M|
|poke|p2|Gholdengo, L50|
|poke|p2|Rillaboom, L50, F|
|poke|p2|Ursaluna-Bloodmoon, L50, M|
|poke|p2|Maushold-Four, L50|
|poke|p2|Annihilape, L50, M|
|teampreview|4
|showteam|p1|Dragonite||LoadedDice|Multiscale|ScaleShot,Tailwind,ExtremeSpeed,Protect|||F|||50|,,,,,Fairy]Gholdengo||LifeOrb|GoodasGold|MakeItRain,ShadowBall,NastyPlot,Protect||||||50|,,,,,Water]Sneasler||FocusSash|PoisonTouch|CloseCombat,DireClaw,Coaching,FakeOut|||F|||50|,,,,,Ghost]Rillaboom||AssaultVest|GrassySurge|WoodHammer,FakeOut,GrassyGlide,HighHorsepower|||M|||50|,,,,,Fire]Ursaluna-Bloodmoon||SilkScarf|MindsEye|HyperVoice,EarthPower,BloodMoon,Protect|||M|||50|,,,,,Water]Magmar||Eviolite|VitalSpirit|FollowMe,BurningJealousy,ClearSmog,Protect|||F|||50|,,,,,Dragon
|showteam|p2|Dragonite||LoadedDice|Multiscale|Tailwind,Haze,Protect,ScaleShot|||M|||50|,,,,,Fairy]Gholdengo||LifeOrb|GoodasGold|MakeItRain,ShadowBall,NastyPlot,Protect||||||50|,,,,,Water]Rillaboom||MiracleSeed|GrassySurge|WoodHammer,GrassyGlide,FakeOut,HighHorsepower|||F|||50|,,,,,Fire]Ursaluna-Bloodmoon||AssaultVest|MindsEye|BloodMoon,EarthPower,HyperVoice,VacuumWave|||M|||50|,,,,,Water]Maushold-Four||FocusSash|FriendGuard|SuperFang,FollowMe,BeatUp,Protect||||||50|,,,,,Ghost]Annihilape||SitrusBerry|Defiant|RageFist,DrainPunch,BulkUp,Protect|||M|||50|,,,,,Fire
|inactive|Battle timer is ON: inactive players will automatically lose when time's up. (requested by Mahomeswinz)
|inactive|Farigi no Raf has 60 seconds left.
|inactive|Mahomeswinz has 60 seconds left.
|
|t:|1757009802
|teamsize|p1|4
|teamsize|p2|4
|start
|switch|p1a: Dragonite|Dragonite, L50, F|100/100
|switch|p1b: Magmar|Magmar, L50, F|100/100
|switch|p2a: Dragonite|Dragonite, L50, M|100/100
|switch|p2b: Gholdengo|Gholdengo, L50|100/100
|turn|1
|inactive|Farigi no Raf has 30 seconds left.
|inactive|Mahomeswinz has 30 seconds left.
|inactive|Farigi no Raf has 20 seconds left.
|inactive|Mahomeswinz has 20 seconds left.
|inactive|Farigi no Raf has 15 seconds left.
|inactive|Mahomeswinz has 15 seconds left.
|inactive|Farigi no Raf has 10 seconds left.
|inactive|Mahomeswinz has 10 seconds left.
|inactive|Farigi no Raf has 5 seconds left.
|inactive|Mahomeswinz has 5 seconds left.
|
|t:|1757009854
|-terastallize|p2a: Dragonite|Fairy
|move|p2b: Gholdengo|Make It Rain|p1b: Magmar|[spread] p1a,p1b
|-resisted|p1b: Magmar
|-damage|p1a: Dragonite|67/100
|-damage|p1b: Magmar|80/100
|-unboost|p2b: Gholdengo|spa|1
|-damage|p2b: Gholdengo|91/100|[from] item: Life Orb
|move|p1a: Dragonite|Scale Shot|p2a: Dragonite
|-immune|p2a: Dragonite
|move|p2a: Dragonite|Tailwind|p2a: Dragonite
|-sidestart|p2: Mahomeswinz|move: Tailwind
|move|p1b: Magmar|Burning Jealousy|p2b: Gholdengo|[spread] p2a,p2b
|-supereffective|p2b: Gholdengo
|-damage|p2a: Dragonite|91/100
|-damage|p2b: Gholdengo|50/100
|
|upkeep
|turn|2
|
|t:|1757009870
|move|p2b: Gholdengo|Make It Rain|p1b: Magmar|[spread] p1a,p1b
|-resisted|p1b: Magmar
|-damage|p1a: Dragonite|30/100
|-damage|p1b: Magmar|64/100
|-unboost|p2b: Gholdengo|spa|1
|-damage|p2b: Gholdengo|41/100|[from] item: Life Orb
|move|p2a: Dragonite|Scale Shot|p1b: Magmar|[miss]
|-miss|p2a: Dragonite|p1b: Magmar
|move|p1a: Dragonite|Tailwind|p1a: Dragonite
|-sidestart|p1: Farigi no Raf|move: Tailwind
|move|p1b: Magmar|Burning Jealousy|p2a: Dragonite|[spread] p2a,p2b
|-supereffective|p2b: Gholdengo
|-damage|p2a: Dragonite|73/100
|-damage|p2b: Gholdengo|3/100
|
|upkeep
|turn|3
|
|t:|1757009889
|switch|p2b: Ursaluna|Ursaluna-Bloodmoon, L50, M|100/100
|move|p1a: Dragonite|Extreme Speed|p2a: Dragonite
|-damage|p2a: Dragonite|41/100
|move|p2a: Dragonite|Scale Shot|p1a: Dragonite
|-supereffective|p1a: Dragonite
|-damage|p1a: Dragonite|0 fnt
|faint|p1a: Dragonite
|-hitcount|p1: Dragonite|1
|-unboost|p2a: Dragonite|def|1
|-boost|p2a: Dragonite|spe|1
|move|p1b: Magmar|Burning Jealousy|p2a: Dragonite|[spread] p2a,p2b
|-damage|p2a: Dragonite|22/100
|-damage|p2b: Ursaluna|87/100
|-status|p2a: Dragonite|brn
|
|-damage|p2a: Dragonite|16/100 brn|[from] brn
|upkeep
|
|t:|1757009901
|switch|p1a: Ursaluna|Ursaluna-Bloodmoon, L50, M|100/100
|turn|4
|inactive|Mahomeswinz has 30 seconds left.
|inactive|Mahomeswinz has 20 seconds left.
|
|t:|1757009937
|switch|p2a: Maushold|Maushold-Four, L50|100/100
|move|p1b: Magmar|Burning Jealousy|p2b: Ursaluna|[spread] p2a,p2b
|-damage|p2a: Maushold|77/100
|-damage|p2b: Ursaluna|77/100
|move|p1a: Ursaluna|Blood Moon|p2b: Ursaluna
|-damage|p2b: Ursaluna|27/100
|move|p2b: Ursaluna|Earth Power|p1b: Magmar
|-supereffective|p1b: Magmar
|-damage|p1b: Magmar|0 fnt
|faint|p1b: Magmar
|
|-sideend|p2: Mahomeswinz|move: Tailwind
|upkeep
|
|t:|1757009949
|switch|p1b: Sneasler|Sneasler, L50, F|100/100
|turn|5
|inactive|Mahomeswinz has 30 seconds left.
|inactive|Farigi no Raf has 30 seconds left.
|inactive|Mahomeswinz has 20 seconds left.
|inactive|Mahomeswinz has 15 seconds left.
|
|t:|1757009990
|move|p1a: Ursaluna|Protect|p1a: Ursaluna
|-singleturn|p1a: Ursaluna|Protect
|move|p2a: Maushold|Protect|p2a: Maushold
|-singleturn|p2a: Maushold|Protect
|move|p2b: Ursaluna|Vacuum Wave|p1b: Sneasler
|-resisted|p1b: Sneasler
|-damage|p1b: Sneasler|91/100
|move|p1b: Sneasler|Close Combat|p2b: Ursaluna
|-supereffective|p2b: Ursaluna
|-damage|p2b: Ursaluna|0 fnt
|-unboost|p1b: Sneasler|def|1
|-unboost|p1b: Sneasler|spd|1
|faint|p2b: Ursaluna
|
|-sideend|p1: Farigi no Raf|move: Tailwind
|upkeep
|inactive|Mahomeswinz has 30 seconds left.
|inactive|Mahomeswinz has 20 seconds left.
|inactive|Mahomeswinz has 15 seconds left.
|inactive|Mahomeswinz has 10 seconds left.
|
|t:|1757010038
|switch|p2b: Dragonite|Dragonite, L50, M, tera:Fairy|16/100 brn
|turn|6
|inactive|Mahomeswinz has 30 seconds left.
|inactive|Mahomeswinz has 20 seconds left.
|
|t:|1757010081
|move|p1b: Sneasler|Dire Claw|p2b: Dragonite
|-supereffective|p2b: Dragonite
|-damage|p2b: Dragonite|0 fnt
|faint|p2b: Dragonite
|move|p2a: Maushold|Super Fang|p1a: Ursaluna|[miss]
|-miss|p2a: Maushold|p1a: Ursaluna
|move|p1a: Ursaluna|Hyper Voice|p2a: Maushold
|-damage|p2a: Maushold|6/100
|
|upkeep
|
|t:|1757010090
|switch|p2b: Gholdengo|Gholdengo, L50|3/100
|turn|7
|inactive|Mahomeswinz has 30 seconds left.
|inactive|Mahomeswinz has 20 seconds left.
|
|t:|1757010125
|-terastallize|p1a: Ursaluna|Water
|move|p2a: Maushold|Protect|p2a: Maushold
|-singleturn|p2a: Maushold|Protect
|move|p1b: Sneasler|Close Combat|p2a: Maushold
|-activate|p2a: Maushold|move: Protect
|move|p2b: Gholdengo|Nasty Plot|p2b: Gholdengo
|-boost|p2b: Gholdengo|spa|2
|move|p1a: Ursaluna|Hyper Voice|p2b: Gholdengo|[spread] p2b
|-activate|p2a: Maushold|move: Protect
|-resisted|p2b: Gholdengo
|-damage|p2b: Gholdengo|0 fnt
|faint|p2b: Gholdengo
|
|upkeep
|turn|8
|
|t:|1757010132
|move|p1b: Sneasler|Dire Claw|p2a: Maushold
|-damage|p2a: Maushold|0 fnt
|faint|p2a: Maushold
|
|win|Farigi no Raf
