|j|☆drumer sama
|j|☆hozesama
|html|drumer samahozesama    
|uhtml|bestof|Game 2 of a best-of-3
|t:|1784223577
|gametype|doubles
|player|p1|drumer sama|veteran|
|player|p2|hozesama|cynthia-gen4|
|gen|9
|tier|[Gen 9 Champions] VGC 2026 Reg M-B (Bo3)
|rule|Species Clause: Limit one of each Pokémon
|rule|Item Clause: Limit 1 of each item
|clearpoke
|poke|p1|Charizard, L50, F|
|poke|p1|Metagross, L50|
|poke|p1|Garchomp, L50, M|
|poke|p1|Whimsicott, L50, M|
|poke|p1|Incineroar, L50, F|
|poke|p1|Sylveon, L50, M|
|poke|p2|Aerodactyl, L50, F|
|poke|p2|Kingambit, L50, M|
|poke|p2|Sylveon, L50, M|
|poke|p2|Garchomp, L50, M|
|poke|p2|Charizard, L50, F|
|poke|p2|Incineroar, L50, M|
|teampreview|4
|showteam|p1|Charizard||CharizarditeY|Blaze|Protect,WeatherBall,Overheat,SolarBeam|Timid||F|||50|]Metagross||Metagrossite|ClearBody|IronHead,PsychicFangs,Protect,StompingTantrum|Adamant|||||50|]Garchomp||LifeOrb|SandVeil|StompingTantrum,Protect,RockSlide,DragonClaw|Jolly||M|||50|]Whimsicott||FocusSash|Prankster|SunnyDay,Tailwind,GrassKnot,Moonblast|Timid||M|||50|]Incineroar||SitrusBerry|Blaze|FakeOut,DarkestLariat,PartingShot,FlareBlitz|Sassy||F|||50|]Sylveon||FairyFeather|Pixilate|Detect,QuickAttack,HyperBeam,HyperVoice|Modest||M|||50|
|showteam|p2|Aerodactyl||Aerodactylite|Unnerve|RockSlide,IceFang,Tailwind,WideGuard|Jolly||F|||50|]Kingambit||FocusSash|Defiant|KowtowCleave,SuckerPunch,IronHead,Protect|Adamant||M|||50|]Sylveon||FairyFeather|Pixilate|Detect,HyperVoice,HyperBeam,QuickAttack|Modest||M|||50|]Garchomp||LifeOrb|RoughSkin|Earthquake,DragonClaw,StompingTantrum,Protect|Jolly||M|||50|]Charizard||CharizarditeY|Blaze|Protect,HeatWave,SolarBeam,WeatherBall|Modest||F|||50|]Incineroar||SitrusBerry|Intimidate|DarkestLariat,FlareBlitz,FakeOut,PartingShot|Impish||M|||50|
|
|t:|1784223619
|teamsize|p1|4
|teamsize|p2|4
|start
|switch|p1a: Whimsicott|Whimsicott, L50, M|100/100
|switch|p1b: Sylveon|Sylveon, L50, M|100/100
|switch|p2a: Incineroar|Incineroar, L50, M|100/100
|switch|p2b: Kingambit|Kingambit, L50, M|100/100
|-ability|p2a: Incineroar|Intimidate|boost
|-unboost|p1a: Whimsicott|atk|1
|-unboost|p1b: Sylveon|atk|1
|turn|1
|
|t:|1784223631
|switch|p1a: Garchomp|Garchomp, L50, M|100/100
|move|p2a: Incineroar|Fake Out|p1a: Garchomp
|-damage|p1a: Garchomp|89/100
|move|p2b: Kingambit|Iron Head|p1b: Sylveon
|-supereffective|p1b: Sylveon|1
|-damage|p1b: Sylveon|0 fnt
|faint|p1b: Sylveon
|
|upkeep
|
|t:|1784223644
|switch|p1b: Whimsicott|Whimsicott, L50, M|100/100
|turn|2
|
|t:|1784223674
|move|p2b: Kingambit|Protect|p2b: Kingambit
|-singleturn|p2b: Kingambit|Protect
|move|p1b: Whimsicott|Moonblast|p2a: Incineroar
|-damage|p2a: Incineroar|62/100
|move|p1a: Garchomp|Stomping Tantrum|p2a: Incineroar
|-supereffective|p2a: Incineroar|1
|-damage|p2a: Incineroar|0 fnt
|faint|p2a: Incineroar
|-damage|p1a: Garchomp|79/100|[from] item: Life Orb
|
|upkeep
|
|t:|1784223686
|switch|p2a: Aerodactyl|Aerodactyl, L50, F|100/100
|-ability|p2a: Aerodactyl|Unnerve
|turn|3
|
|t:|1784223695
|switch|p1a: Metagross|Metagross, L50|100/100
|detailschange|p2a: Aerodactyl|Aerodactyl-Mega, L50, F
|-mega|p2a: Aerodactyl|Aerodactyl|Aerodactylite
|move|p1b: Whimsicott|Tailwind|p1b: Whimsicott
|-sidestart|p1: drumer sama|move: Tailwind
|move|p2a: Aerodactyl|Tailwind|p2a: Aerodactyl
|-sidestart|p2: hozesama|move: Tailwind
|move|p2b: Kingambit|Iron Head|p1b: Whimsicott
|-supereffective|p1b: Whimsicott|1
|-enditem|p1b: Whimsicott|Focus Sash
|-damage|p1b: Whimsicott|1/100
|
|upkeep
|turn|4
|
|t:|1784223725
|switch|p2a: Garchomp|Garchomp, L50, M|100/100
|switch|p1b: Garchomp|Garchomp, L50, M|79/100
|move|p2b: Kingambit|Sucker Punch||[still]
|-fail|p2b: Kingambit
|move|p1a: Metagross|Iron Head|p2a: Garchomp
|-damage|p2a: Garchomp|53/100
|-damage|p1a: Metagross|87/100|[from] ability: Rough Skin|[of] p2a: Garchomp
|
|upkeep
|turn|5
|
|t:|1784223751
|switch|p2b: Aerodactyl|Aerodactyl-Mega, L50, F|100/100
|move|p1a: Metagross|Protect|p1a: Metagross
|-singleturn|p1a: Metagross|Protect
|move|p1b: Garchomp|Stomping Tantrum|p2b: Aerodactyl
|-immune|p2b: Aerodactyl
|move|p2a: Garchomp|Earthquake|p1b: Garchomp|[spread] p1b
|-activate|p1a: Metagross|move: Protect
|-immune|p2b: Aerodactyl
|-damage|p1b: Garchomp|27/100
|-damage|p2a: Garchomp|43/100|[from] item: Life Orb
|
|upkeep
|turn|6
|
|t:|1784223770
|detailschange|p1a: Metagross|Metagross-Mega, L50
|-mega|p1a: Metagross|Metagross|Metagrossite
|move|p2b: Aerodactyl|Ice Fang|p1b: Garchomp
|-supereffective|p1b: Garchomp|2
|-damage|p1b: Garchomp|0 fnt
|faint|p1b: Garchomp
|move|p2a: Garchomp|Earthquake|p1a: Metagross|[spread] p1a
|-immune|p2b: Aerodactyl
|-supereffective|p1a: Metagross|1
|-damage|p1a: Metagross|7/100
|-damage|p2a: Garchomp|33/100|[from] item: Life Orb
|move|p1a: Metagross|Iron Head|p2b: Aerodactyl
|-supereffective|p2b: Aerodactyl|1
|-damage|p2b: Aerodactyl|0 fnt
|faint|p2b: Aerodactyl
|
|-sideend|p1: drumer sama|move: Tailwind
|-sideend|p2: hozesama|move: Tailwind
|upkeep
|
|t:|1784223784
|switch|p2b: Kingambit|Kingambit, L50, M|100/100
|switch|p1b: Whimsicott|Whimsicott, L50, M|1/100
|turn|7
|
|t:|1784223795
|move|p2b: Kingambit|Sucker Punch|p1b: Whimsicott
|-resisted|p1b: Whimsicott|1
|-damage|p1b: Whimsicott|0 fnt
|faint|p1b: Whimsicott
|move|p2a: Garchomp|Stomping Tantrum|p1a: Metagross
|-supereffective|p1a: Metagross|1
|-damage|p1a: Metagross|0 fnt
|faint|p1a: Metagross
|-damage|p2a: Garchomp|24/100|[from] item: Life Orb
|
|win|hozesama
|c|☆drumer sama|el diablo
|c|☆hozesama|GG
|c|☆drumer sama|le atintaste con eso
|c|☆hozesama|xD
|c|☆drumer sama|xd
|c|☆drumer sama|que buena partida
|c|☆hozesama|Era casi un mirror
|c|☆hozesama|pero no jugaste mal
|c|☆drumer sama|si, pude entender algunas jugadas
|c|☆drumer sama|me quede wtf con el kingambit veloz
|c|☆drumer sama|JAJAJAJA
|l|☆drumer sama
|player|p1|
