|j|☆malo maalez
|j|☆randomguy1114s
|html|malo maalezrandomguy1114s    
|uhtml|bestof|Game 1 of a best-of-3
|t:|1756677773
|gametype|doubles
|player|p1|malo maalez|steven|1137
|player|p2|randomguy1114s|lillie-masters|1182
|gen|9
|tier|[Gen 9] VGC 2025 Reg H (Bo3)
|rated|
|rule|Species Clause: Limit one of each Pokémon
|rule|Item Clause: Limit 1 of each item
|clearpoke
|poke|p1|Sneasler, L50, M|
|poke|p1|Kingambit, L50, F|
|poke|p1|Dragonite, L50, F|
|poke|p1|Rillaboom, L50, F|
|poke|p1|Volcarona, L50, M|
|poke|p1|Electabuzz, L50, M|
|poke|p2|Archaludon, L50, F|
|poke|p2|Pelipper, L50, F|
|poke|p2|Incineroar, L50, M|
|poke|p2|Amoonguss, L50, F|
|poke|p2|Farigiraf, L50, F|
|poke|p2|Dragonite, L50, F|
|teampreview|4
|showteam|p1|Sneasler||FocusSash|PoisonTouch|FakeOut,Coaching,CloseCombat,DireClaw|||M|||50|,,,,,Ghost]Kingambit||BlackGlasses|Defiant|KowtowCleave,SuckerPunch,SwordsDance,Protect|||F|||50|,,,,,Dark]Dragonite||LoadedDice|Multiscale|Protect,Haze,ScaleShot,ExtremeSpeed|||F|||50|,,,,,Fairy]Rillaboom||AssaultVest|GrassySurge|FakeOut,GrassyGlide,WoodHammer,HighHorsepower|||F|||50|,,,,,Fire]Volcarona||Leftovers|FlameBody|QuiverDance,Protect,TeraBlast,HeatWave|||M|||50|,,,,,Fairy]Electabuzz||Eviolite|VitalSpirit|Electroweb,FollowMe,Taunt,Protect|||M|||50|,,,,,Ghost
|showteam|p2|Archaludon||AssaultVest|Stamina|ElectroShot,DragonPulse,FlashCannon,BodyPress|||F|||50|,,,,,Grass]Pelipper||FocusSash|Drizzle|Tailwind,WeatherBall,Hurricane,Protect|||F|||50|,,,,,Ghost]Incineroar||SafetyGoggles|Intimidate|FakeOut,KnockOff,Taunt,PartingShot|||M|||50|,,,,,Ghost]Amoonguss||RockyHelmet|Regenerator|RagePowder,PollenPuff,Spore,Protect|||F|||50|,,,,,Water]Farigiraf||ThroatSpray|ArmorTail|HyperVoice,Psychic,TrickRoom,Protect|||F|||50|,,,,,Normal]Dragonite||LoadedDice|Multiscale|ScaleShot,StompingTantrum,Tailwind,Protect|||F|||50|,,,,,Ground
|inactive|Battle timer is ON: inactive players will automatically lose when time's up. (requested by malo maalez)
|
|t:|1756677856
|teamsize|p1|4
|teamsize|p2|4
|start
|switch|p1a: A Su Lugar|Electabuzz, L50, M, shiny|100/100
|switch|p1b: ImitadoraVoy|Volcarona, L50, M|100/100
|switch|p2a: Midcineroar|Incineroar, L50, M, shiny|100/100
|switch|p2b: IM SHEDDING|Dragonite, L50, F|100/100
|-ability|p2a: Midcineroar|Intimidate|boost
|-unboost|p1a: A Su Lugar|atk|1
|-unboost|p1b: ImitadoraVoy|atk|1
|turn|1
|inactive|randomguy1114s has 30 seconds left.
|inactive|randomguy1114s has 20 seconds left.
|inactive|randomguy1114s has 15 seconds left.
|inactive|randomguy1114s has 10 seconds left.
|inactive|malo maalez has 30 seconds left.
|
|t:|1756677908
|move|p2a: Midcineroar|Fake Out|p1b: ImitadoraVoy
|-damage|p1b: ImitadoraVoy|87/100
|cant|p1b: ImitadoraVoy|flinch
|move|p1a: A Su Lugar|Electroweb|p2a: Midcineroar|[spread] p2a,p2b
|-damage|p2a: Midcineroar|89/100
|-damage|p2b: IM SHEDDING|93/100
|-unboost|p2a: Midcineroar|spe|1
|-unboost|p2b: IM SHEDDING|spe|1
|move|p2b: IM SHEDDING|Scale Shot|p1b: ImitadoraVoy
|-damage|p1b: ImitadoraVoy|68/100
|-damage|p1b: ImitadoraVoy|50/100
|-damage|p1b: ImitadoraVoy|31/100
|-damage|p1b: ImitadoraVoy|14/100
|-hitcount|p1b: ImitadoraVoy|4
|-unboost|p2b: IM SHEDDING|def|1
|-boost|p2b: IM SHEDDING|spe|1
|
|-heal|p1b: ImitadoraVoy|20/100|[from] item: Leftovers
|upkeep
|turn|2
|inactive|malo maalez has 30 seconds left.
|inactive|randomguy1114s has 30 seconds left.
|
|t:|1756677940
|move|p1a: A Su Lugar|Follow Me|p1a: A Su Lugar
|-singleturn|p1a: A Su Lugar|move: Follow Me
|move|p1b: ImitadoraVoy|Quiver Dance|p1b: ImitadoraVoy
|-boost|p1b: ImitadoraVoy|spa|1
|-boost|p1b: ImitadoraVoy|spd|1
|-boost|p1b: ImitadoraVoy|spe|1
|move|p2b: IM SHEDDING|Scale Shot|p1a: A Su Lugar
|-damage|p1a: A Su Lugar|90/100
|-damage|p1a: A Su Lugar|79/100
|-damage|p1a: A Su Lugar|67/100
|-damage|p1a: A Su Lugar|55/100
|-hitcount|p1a: A Su Lugar|4
|-unboost|p2b: IM SHEDDING|def|1
|-boost|p2b: IM SHEDDING|spe|1
|move|p2a: Midcineroar|Knock Off|p1a: A Su Lugar
|-damage|p1a: A Su Lugar|27/100
|-enditem|p1a: A Su Lugar|Eviolite|[from] move: Knock Off|[of] p2a: Midcineroar
|
|-heal|p1b: ImitadoraVoy|26/100|[from] item: Leftovers
|upkeep
|turn|3
|
|t:|1756677961
|-terastallize|p1b: ImitadoraVoy|Fairy
|move|p1a: A Su Lugar|Follow Me|p1a: A Su Lugar
|-singleturn|p1a: A Su Lugar|move: Follow Me
|move|p1b: ImitadoraVoy|Tera Blast|p2b: IM SHEDDING|[anim] Tera Blast Fairy
|-supereffective|p2b: IM SHEDDING
|-damage|p2b: IM SHEDDING|0 fnt
|faint|p2b: IM SHEDDING
|move|p2a: Midcineroar|Knock Off|p1a: A Su Lugar
|-damage|p1a: A Su Lugar|0 fnt
|faint|p1a: A Su Lugar
|
|-heal|p1b: ImitadoraVoy|32/100|[from] item: Leftovers
|upkeep
|
|t:|1756677971
|switch|p1a: She's At|Dragonite, L50, F|100/100
|switch|p2b: its my bridge!|Archaludon, L50, F, shiny|100/100
|turn|4
|inactive|malo maalez has 30 seconds left.
|
|t:|1756677999
|switch|p2a: Pelicopter|Pelipper, L50, F, shiny|100/100
|-weather|RainDance|[from] ability: Drizzle|[of] p2a: Pelicopter
|move|p1b: ImitadoraVoy|Tera Blast|p2b: its my bridge!|[anim] Tera Blast Fairy
|-damage|p2b: its my bridge!|43/100
|-ability|p2b: its my bridge!|Stamina|boost
|-boost|p2b: its my bridge!|def|1
|move|p1a: She's At|Scale Shot|p2a: Pelicopter
|-damage|p2a: Pelicopter|81/100
|-damage|p2a: Pelicopter|62/100
|-damage|p2a: Pelicopter|42/100
|-damage|p2a: Pelicopter|25/100
|-hitcount|p2a: Pelicopter|4
|-unboost|p1a: She's At|def|1
|-boost|p1a: She's At|spe|1
|move|p2b: its my bridge!|Electro Shot||[still]
|-prepare|p2b: its my bridge!|Electro Shot
|-boost|p2b: its my bridge!|spa|1
|-anim|p2b: its my bridge!|Electro Shot|p1b: ImitadoraVoy
|-damage|p1b: ImitadoraVoy|0 fnt
|faint|p1b: ImitadoraVoy
|
|-weather|RainDance|[upkeep]
|upkeep
|
|t:|1756678006
|switch|p1b: Where|Kingambit, L50, F|100/100
|turn|5
|inactive|randomguy1114s has 30 seconds left.
|inactive|malo maalez has 30 seconds left.
|inactive|randomguy1114s has 20 seconds left.
|inactive|malo maalez has 20 seconds left.
|inactive|randomguy1114s has 15 seconds left.
|inactive|malo maalez has 15 seconds left.
|inactive|malo maalez has 10 seconds left.
|
|t:|1756678058
|switch|p2a: Midcineroar|Incineroar, L50, M, shiny|89/100
|-ability|p2a: Midcineroar|Intimidate|boost
|-unboost|p1a: She's At|atk|1
|-unboost|p1b: Where|atk|1
|-ability|p1b: Where|Defiant|boost
|-boost|p1b: Where|atk|2
|move|p1b: Where|Protect|p1b: Where
|-singleturn|p1b: Where|Protect
|move|p1a: She's At|Extreme Speed|p2a: Midcineroar
|-damage|p2a: Midcineroar|70/100
|move|p2b: its my bridge!|Body Press|p1b: Where
|-activate|p1b: Where|move: Protect
|
|-weather|RainDance|[upkeep]
|upkeep
|turn|6
|
|t:|1756678083
|move|p1b: Where|Protect||[still]
|-fail|p1b: Where
|move|p2a: Midcineroar|Fake Out|p1a: She's At
|-damage|p1a: She's At|92/100
|cant|p1a: She's At|flinch
|move|p2b: its my bridge!|Body Press|p1b: Where
|-supereffective|p1b: Where
|-damage|p1b: Where|0 fnt
|faint|p1b: Where
|
|-weather|RainDance|[upkeep]
|upkeep
|turn|7
|-message|malo maalez forfeited.
|
|win|randomguy1114s
