|j|☆Llama_Llord
|j|☆rivilicia
|html|Llama_Llordrivilicia    
|uhtml|bestof|Game 1 of a best-of-3
|t:|1756278284
|gametype|doubles
|player|p1|Llama_Llord|170|1109
|player|p2|rivilicia|rosa|1026
|gen|9
|tier|[Gen 9] VGC 2025 Reg H (Bo3)
|rated|
|rule|Species Clause: Limit one of each Pokémon
|rule|Item Clause: Limit 1 of each item
|clearpoke
|poke|p1|Meowscarada, L50, F|
|poke|p1|Primarina, L50, F|
|poke|p1|Indeedee, L50, M|
|poke|p1|Sneasler, L50, F|
|poke|p1|Tatsugiri, L50, M|
|poke|p1|Amoonguss, L50, F|
|poke|p2|Archaludon, L50, F|
|poke|p2|Pelipper, L50, F|
|poke|p2|Farigiraf, L50, F|
|poke|p2|Amoonguss, L50, F|
|poke|p2|Incineroar, L50, M|
|poke|p2|Kingambit, L50, M|
|teampreview|4
|showteam|p1|Meowscarada||FocusSash|Overgrow|GrassPledge,KnockOff,FlowerTrick,Protect|||F|||50|,,,,,Fairy]Primarina||LifeOrb|LiquidVoice|WaterPledge,HyperVoice,Moonblast,Protect|||F|||50|,,,,,Poison]Indeedee||SafetyGoggles|PsychicSurge|ExpandingForce,Protect,TrickRoom,Imprison|||M|||50|,,,,,Fire]Sneasler||PsychicSeed|Unburden|DireClaw,CloseCombat,ThroatChop,Protect|||F|||50|,,,,,Stellar]Tatsugiri||AssaultVest|StormDrain|DracoMeteor,IcyWind,TeraBlast,Surf|||M|||50|,,,,,Ground]Amoonguss||SitrusBerry|EffectSpore|Spore,RagePowder,SludgeBomb,Protect|||F|||50|,,,,,Steel
|showteam|p2|Archaludon||AssaultVest|Stamina|ElectroShot,DragonPulse,FlashCannon,BodyPress|||F|||50|,,,,,Electric]Pelipper||CovertCloak|Drizzle|Tailwind,RainDance,HelpingHand,QuickAttack|||F|||50|,,,,,Water]Farigiraf||ThroatSpray|ArmorTail|HyperVoice,Protect,Psychic,TrickRoom|||F|||50|,,,,,Fairy]Amoonguss||Leftovers|Regenerator|PollenPuff,RagePowder,Spore,Synthesis|||F|||50|,,,,,Water]Incineroar||SafetyGoggles|Intimidate|FakeOut,PartingShot,KnockOff,Protect|||M|||50|,,,,,Ghost]Kingambit||BlackGlasses|SupremeOverlord|KowtowCleave,IronHead,PoisonJab,Protect|||M|||50|,,,,,Water
|inactive|Battle timer is ON: inactive players will automatically lose when time's up. (requested by Llama_Llord)
|inactive|rivilicia has 60 seconds left.
|
|t:|1756278320
|teamsize|p1|4
|teamsize|p2|4
|start
|switch|p1a: Sneasler|Sneasler, L50, F|100/100
|switch|p1b: Indeedee|Indeedee, L50, M|100/100
|switch|p2a: Terra Water|Amoonguss, L50, F|100/100
|switch|p2b: asthma|Farigiraf, L50, F|100/100
|-fieldstart|move: Psychic Terrain|[from] ability: Psychic Surge|[of] p1b: Indeedee
|-enditem|p1a: Sneasler|Psychic Seed
|-boost|p1a: Sneasler|spd|1|[from] item: Psychic Seed
|turn|1
|inactive|rivilicia has 30 seconds left.
|inactive|rivilicia has 20 seconds left.
|inactive|rivilicia has 15 seconds left.
|inactive|rivilicia has 10 seconds left.
|inactive|rivilicia has 5 seconds left.
|
|t:|1756278373
|-terastallize|p2a: Terra Water|Water
|move|p1a: Sneasler|Protect|p1a: Sneasler
|-singleturn|p1a: Sneasler|Protect
|move|p1b: Indeedee|Imprison|p1b: Indeedee
|-start|p1b: Indeedee|move: Imprison
|move|p2b: asthma|Hyper Voice|p1a: Sneasler|[spread] p1b
|-activate|p1a: Sneasler|move: Protect
|-damage|p1b: Indeedee|58/100
|-enditem|p2b: asthma|Throat Spray
|-boost|p2b: asthma|spa|1|[from] item: Throat Spray
|move|p2a: Terra Water|Spore|p1a: Sneasler
|-activate|p1a: Sneasler|move: Protect
|
|upkeep
|turn|2
|inactive|rivilicia has 30 seconds left.
|
|t:|1756278398
|move|p2a: Terra Water|Rage Powder|p2a: Terra Water
|-singleturn|p2a: Terra Water|move: Rage Powder
|move|p1a: Sneasler|Dire Claw|p2a: Terra Water
|-damage|p2a: Terra Water|50/100
|move|p1b: Indeedee|Expanding Force|p2b: asthma|[spread] p2a,p2b
|-resisted|p2b: asthma
|-damage|p2a: Terra Water|16/100
|-damage|p2b: asthma|80/100
|move|p2b: asthma|Psychic|p1a: Sneasler
|-supereffective|p1a: Sneasler
|-damage|p1a: Sneasler|0 fnt
|faint|p1a: Sneasler
|
|-heal|p2a: Terra Water|22/100|[from] item: Leftovers
|upkeep
|
|t:|1756278406
|switch|p1a: Tatsugiri|Tatsugiri, L50, M|100/100
|turn|3
|
|t:|1756278429
|move|p1b: Indeedee|Protect|p1b: Indeedee
|-singleturn|p1b: Indeedee|Protect
|move|p1a: Tatsugiri|Surf|p2b: asthma|[spread] p2a,p2b
|-activate|p1b: Indeedee|move: Protect
|-resisted|p2a: Terra Water
|-damage|p2a: Terra Water|10/100
|-damage|p2b: asthma|52/100
|move|p2b: asthma|Hyper Voice|p1a: Tatsugiri|[spread] p1a
|-activate|p1b: Indeedee|move: Protect
|-damage|p1a: Tatsugiri|65/100
|move|p2a: Terra Water|Synthesis|p2a: Terra Water
|-heal|p2a: Terra Water|60/100
|
|-heal|p2a: Terra Water|66/100|[from] item: Leftovers
|upkeep
|turn|4
|
|t:|1756278449
|move|p1b: Indeedee|Expanding Force|p2b: asthma|[spread] p2a,p2b
|-resisted|p2b: asthma
|-damage|p2a: Terra Water|29/100
|-damage|p2b: asthma|28/100
|move|p1a: Tatsugiri|Draco Meteor|p2a: Terra Water
|-damage|p2a: Terra Water|0 fnt
|-unboost|p1a: Tatsugiri|spa|2
|faint|p2a: Terra Water
|move|p2b: asthma|Hyper Voice|p1a: Tatsugiri|[spread] p1a,p1b
|-damage|p1a: Tatsugiri|25/100
|-damage|p1b: Indeedee|0 fnt
|faint|p1b: Indeedee
|
|upkeep
|
|t:|1756278461
|switch|p1b: Amoonguss|Amoonguss, L50, F|100/100
|switch|p2a: Er er ee ah|Archaludon, L50, F|100/100
|turn|5
|inactive|rivilicia has 30 seconds left.
|
|t:|1756278490
|-terastallize|p1a: Tatsugiri|Ground
|move|p1a: Tatsugiri|Tera Blast|p2a: Er er ee ah|[anim] Tera Blast Ground
|-supereffective|p2a: Er er ee ah
|-damage|p2a: Er er ee ah|66/100
|-ability|p2a: Er er ee ah|Stamina|boost
|-boost|p2a: Er er ee ah|def|1
|move|p2a: Er er ee ah|Dragon Pulse|p1a: Tatsugiri
|-damage|p1a: Tatsugiri|0 fnt
|faint|p1a: Tatsugiri
|move|p2b: asthma|Psychic|p1b: Amoonguss
|-supereffective|p1b: Amoonguss
|-damage|p1b: Amoonguss|0 fnt
|faint|p1b: Amoonguss
|
|win|rivilicia
