|j|☆Hackervgc
|j|☆JZ21
|html|HackervgcJZ21    
|uhtml|bestof|Game 1 of a best-of-3
|t:|1756566146
|gametype|doubles
|player|p1|Hackervgc|gentleman-gen4|
|player|p2|JZ21|brendan-rs|
|gen|9
|tier|[Gen 9] VGC 2025 Reg H (Bo3)
|rule|Species Clause: Limit one of each Pokémon
|rule|Item Clause: Limit 1 of each item
|clearpoke
|poke|p1|Kingambit, L50, M|
|poke|p1|Magmar, L50, F|
|poke|p1|Dragonite, L50, M|
|poke|p1|Sneasler, L50, F|
|poke|p1|Ursaluna-Bloodmoon, L50, M|
|poke|p1|Farigiraf, L50, F|
|poke|p2|Archaludon, L50, M|
|poke|p2|Pelipper, L50, M|
|poke|p2|Basculegion, L50, M|
|poke|p2|Gholdengo, L50|
|poke|p2|Incineroar, L50, M|
|poke|p2|Amoonguss, L50, M|
|teampreview|4
|showteam|p1|Kingambit||AssaultVest|Defiant|KowtowCleave,SuckerPunch,LowKick,TeraBlast|||M|||50|,,,,,Flying]Magmar||Eviolite|VitalSpirit|FollowMe,Protect,Flamethrower,WillOWisp|||F|||50|,,,,,Grass]Dragonite||LoadedDice|Multiscale|ScaleShot,Protect,Haze,Tailwind|||M|||50|,,,,,Fairy]Sneasler||FocusSash|Unburden|ThroatChop,DireClaw,CloseCombat,Protect|||F|||50|,,,,,Stellar]Ursaluna-Bloodmoon||LifeOrb|MindsEye|BloodMoon,Protect,EarthPower,HyperVoice|||M|||50|,,,,,Normal]Farigiraf||SitrusBerry|ArmorTail|TrickRoom,HelpingHand,Psychic,Protect|||F|||50|,,,,,Water
|showteam|p2|Archaludon||AssaultVest|Stamina|ElectroShot,BodyPress,DragonPulse,Snarl|||M|||50|,,,,,Bug]Pelipper||FocusSash|Drizzle|WeatherBall,Hurricane,Tailwind,Protect|||M|||50|,,,,,Ground]Basculegion||ChoiceBand|SwiftSwim|WaveCrash,FlipTurn,LastRespects,AquaJet|||M|||50|,,,,,Water]Gholdengo||LifeOrb|GoodasGold|MakeItRain,ShadowBall,NastyPlot,Protect||||||50|,,,,,Water]Incineroar||SafetyGoggles|Intimidate|KnockOff,PartingShot,Taunt,FakeOut|||M|||50|,,,,,Ghost]Amoonguss||SitrusBerry|Regenerator|Spore,RagePowder,PollenPuff,Protect|||M|||50|,,,,,Water
|
|t:|1756566212
|teamsize|p1|4
|teamsize|p2|4
|start
|switch|p1a: Sneasler|Sneasler, L50, F|100/100
|switch|p1b: Dragonita|Dragonite, L50, M|100/100
|switch|p2a: Archaludon|Archaludon, L50, M, shiny|100/100
|switch|p2b: Pelipper|Pelipper, L50, M, shiny|100/100
|-weather|RainDance|[from] ability: Drizzle|[of] p2b: Pelipper
|turn|1
|
|t:|1756566264
|-terastallize|p2a: Archaludon|Bug
|move|p1a: Sneasler|Close Combat|p2a: Archaludon
|-resisted|p2a: Archaludon
|-damage|p2a: Archaludon|78/100
|-unboost|p1a: Sneasler|def|1
|-unboost|p1a: Sneasler|spd|1
|-ability|p2a: Archaludon|Stamina|boost
|-boost|p2a: Archaludon|def|1
|move|p1b: Dragonita|Scale Shot|p2b: Pelipper
|-damage|p2b: Pelipper|84/100
|-damage|p2b: Pelipper|68/100
|-damage|p2b: Pelipper|52/100
|-damage|p2b: Pelipper|34/100
|-hitcount|p2b: Pelipper|4
|-unboost|p1b: Dragonita|def|1
|-boost|p1b: Dragonita|spe|1
|move|p2b: Pelipper|Hurricane|p1a: Sneasler
|-supereffective|p1a: Sneasler
|-enditem|p1a: Sneasler|Focus Sash
|-damage|p1a: Sneasler|1/100
|-start|p1a: Sneasler|confusion
|move|p2a: Archaludon|Electro Shot||[still]
|-prepare|p2a: Archaludon|Electro Shot
|-boost|p2a: Archaludon|spa|1
|-anim|p2a: Archaludon|Electro Shot|p1b: Dragonita
|-damage|p1b: Dragonita|63/100
|
|-weather|RainDance|[upkeep]
|upkeep
|turn|2
|
|t:|1756566335
|switch|p2b: Mushroom|Amoonguss, L50, M, shiny|100/100
|move|p1b: Dragonita|Protect|p1b: Dragonita
|-singleturn|p1b: Dragonita|Protect
|-activate|p1a: Sneasler|confusion
|move|p1a: Sneasler|Dire Claw|p2b: Mushroom
|-damage|p2b: Mushroom|69/100
|-status|p2b: Mushroom|par
|move|p2a: Archaludon|Dragon Pulse|p1b: Dragonita
|-activate|p1b: Dragonita|move: Protect
|
|-weather|RainDance|[upkeep]
|upkeep
|turn|3
|
|t:|1756566377
|switch|p1a: Magmar|Magmar, L50, F|100/100
|move|p1b: Dragonita|Haze|p1b: Dragonita
|-clearallboost
|move|p2a: Archaludon|Snarl|p1b: Dragonita|[spread] p1a,p1b
|-damage|p1a: Magmar|89/100
|-damage|p1b: Dragonita|47/100
|-unboost|p1a: Magmar|spa|1
|-unboost|p1b: Dragonita|spa|1
|move|p2b: Mushroom|Spore|p1b: Dragonita
|-status|p1b: Dragonita|slp|[from] move: Spore
|
|-weather|RainDance|[upkeep]
|upkeep
|turn|4
|
|t:|1756566411
|switch|p2b: Pelipper|Pelipper, L50, M, shiny|34/100
|move|p1a: Magmar|Protect|p1a: Magmar
|-singleturn|p1a: Magmar|Protect
|cant|p1b: Dragonita|slp
|move|p2a: Archaludon|Electro Shot||[still]
|-prepare|p2a: Archaludon|Electro Shot
|-boost|p2a: Archaludon|spa|1
|-anim|p2a: Archaludon|Electro Shot|p1b: Dragonita
|-crit|p1b: Dragonita
|-damage|p1b: Dragonita|0 fnt
|faint|p1b: Dragonita
|
|-weather|RainDance|[upkeep]
|upkeep
|
|t:|1756566421
|switch|p1b: Sneasler|Sneasler, L50, F|1/100
|turn|5
|
|t:|1756566446
|-terastallize|p1b: Sneasler|Stellar
|move|p2b: Pelipper|Protect|p2b: Pelipper
|-singleturn|p2b: Pelipper|Protect
|move|p1b: Sneasler|Dire Claw|p2a: Archaludon
|-damage|p2a: Archaludon|41/100
|-ability|p2a: Archaludon|Stamina|boost
|-boost|p2a: Archaludon|def|1
|move|p1a: Magmar|Flamethrower|p2a: Archaludon
|-supereffective|p2a: Archaludon
|-damage|p2a: Archaludon|23/100
|-ability|p2a: Archaludon|Stamina|boost
|-boost|p2a: Archaludon|def|1
|move|p2a: Archaludon|Snarl|p1b: Sneasler|[spread] p1a,p1b
|-resisted|p1b: Sneasler
|-damage|p1a: Magmar|73/100
|-damage|p1b: Sneasler|0 fnt
|-unboost|p1a: Magmar|spa|1
|faint|p1b: Sneasler
|
|-weather|none
|upkeep
|
|t:|1756566458
|switch|p1b: Kingambit|Kingambit, L50, M|100/100
|turn|6
|
|t:|1756566501
|switch|p2b: Mushroom|Amoonguss, L50, M, shiny|100/100 par
|move|p1a: Magmar|Flamethrower|p2a: Archaludon
|-supereffective|p2a: Archaludon
|-damage|p2a: Archaludon|0 fnt
|faint|p2a: Archaludon
|move|p1b: Kingambit|Kowtow Cleave|p2b: Mushroom
|-damage|p2b: Mushroom|62/100 par
|
|upkeep
|
|t:|1756566529
|switch|p2a: Pelipper|Pelipper, L50, M, shiny|34/100
|-weather|RainDance|[from] ability: Drizzle|[of] p2a: Pelipper
|turn|7
|
|t:|1756566615
|move|p1a: Magmar|Protect|p1a: Magmar
|-singleturn|p1a: Magmar|Protect
|move|p2b: Mushroom|Rage Powder|p2b: Mushroom
|-singleturn|p2b: Mushroom|move: Rage Powder
|move|p2a: Pelipper|Weather Ball|p1a: Magmar
|-activate|p1a: Magmar|move: Protect
|move|p1b: Kingambit|Kowtow Cleave|p2b: Mushroom
|-damage|p2b: Mushroom|20/100 par
|-enditem|p2b: Mushroom|Sitrus Berry|[eat]
|-heal|p2b: Mushroom|45/100 par|[from] item: Sitrus Berry
|
|-weather|RainDance|[upkeep]
|upkeep
|turn|8
|inactive|Battle timer is ON: inactive players will automatically lose when time's up. (requested by JZ21)
|
|t:|1756566645
|switch|p2a: Basculegion|Basculegion, L50, M|100/100
|move|p2b: Mushroom|Protect|p2b: Mushroom
|-singleturn|p2b: Mushroom|Protect
|move|p1a: Magmar|Follow Me|p1a: Magmar
|-singleturn|p1a: Magmar|move: Follow Me
|move|p1b: Kingambit|Kowtow Cleave|p2b: Mushroom
|-activate|p2b: Mushroom|move: Protect
|
|-weather|RainDance|[upkeep]
|upkeep
|turn|9
|inactive|Hackervgc has 30 seconds left.
|
|t:|1756566676
|move|p2b: Mushroom|Rage Powder|p2b: Mushroom
|-singleturn|p2b: Mushroom|move: Rage Powder
|move|p2a: Basculegion|Wave Crash|p1a: Magmar
|-supereffective|p1a: Magmar
|-damage|p1a: Magmar|0 fnt
|faint|p1a: Magmar
|-damage|p2a: Basculegion|81/100|[from] Recoil
|move|p1b: Kingambit|Kowtow Cleave|p2b: Mushroom
|-damage|p2b: Mushroom|7/100 par
|
|-weather|RainDance|[upkeep]
|upkeep
|turn|10
|
|t:|1756566697
|move|p2b: Mushroom|Rage Powder|p2b: Mushroom
|-singleturn|p2b: Mushroom|move: Rage Powder
|move|p1b: Kingambit|Sucker Punch||[still]
|-fail|p1b: Kingambit
|move|p2a: Basculegion|Wave Crash|p1b: Kingambit
|-damage|p1b: Kingambit|2/100
|-damage|p2a: Basculegion|49/100|[from] Recoil
|
|-weather|RainDance|[upkeep]
|upkeep
|turn|11
|
|t:|1756566708
|move|p1b: Kingambit|Sucker Punch|p2a: Basculegion
|-supereffective|p2a: Basculegion
|-crit|p2a: Basculegion
|-damage|p2a: Basculegion|0 fnt
|faint|p2a: Basculegion
|move|p2b: Mushroom|Pollen Puff|p1b: Kingambit
|-damage|p1b: Kingambit|0 fnt
|faint|p1b: Kingambit
|
|win|JZ21
||Hackervgc is ready for game 2.
||JZ21 is ready for game 2.
|uhtml|next|Next: Game 2 of 3
|l|☆Hackervgc
|player|p1|
