|j|☆oriozz
|j|☆talos2ba.g.
|html|oriozztalos2ba.g.    
|uhtml|bestof|Game 1 of a best-of-3
|t:|1783992454
|gametype|doubles
|player|p1|oriozz|101|1032
|player|p2|talos2ba.g.|allister|1095
|gen|9
|tier|[Gen 9 Champions] VGC 2026 Reg M-B (Bo3)
|rated|
|rule|Species Clause: Limit one of each Pokémon
|rule|Item Clause: Limit 1 of each item
|clearpoke
|poke|p1|Charizard, L50, F|
|poke|p1|Grimmsnarl, L50, M|
|poke|p1|Pelipper, L50, F|
|poke|p1|Archaludon, L50, F|
|poke|p1|Basculegion, L50, M|
|poke|p1|Venusaur, L50, F|
|poke|p2|Sneasler, L50, F, shiny|
|poke|p2|Sinistcha, L50|
|poke|p2|Talonflame, L50, M|
|poke|p2|Steelix, L50, M, shiny|
|poke|p2|Rotom-Wash, L50, shiny|
|poke|p2|Tyranitar, L50, F|
|teampreview|4
|showteam|p1|Charizard||CharizarditeY|Blaze|Protect,HeatWave,WeatherBall,SolarBeam|Timid||F|||50|]Grimmsnarl||LightClay|Prankster|SpiritBreak,Reflect,LightScreen,PartingShot|Careful||M|||50|]Pelipper||SitrusBerry|Drizzle|Hurricane,WeatherBall,Tailwind,WideGuard|Modest||F|||50|]Archaludon||Leftovers|Stamina|Protect,ElectroShot,DragonPulse,FlashCannon|Modest||F|||50|]Basculegion||ChoiceScarf|Adaptability|FlipTurn,WaveCrash,AquaJet,LastRespects|Jolly||M|||50|]Venusaur||FocusSash|Chlorophyll|Protect,SleepPowder,SludgeBomb,EarthPower|Modest||F|||50|
|showteam|p2|Sneasler||WhiteHerb|Unburden|Protect,CloseCombat,DireClaw,FakeOut|Jolly||F|||50|]Sinistcha||SitrusBerry|Hospitality|RagePowder,TrickRoom,MatchaGotcha,Protect|Bold|||||50|]Talonflame||LifeOrb|GaleWings|SwordsDance,Protect,BraveBird,FlareBlitz|Jolly||M|||50|]Steelix||Steelixite|RockHead|Protect,HeavySlam,HighHorsepower,WideGuard|Brave||M|||50|]Rotom-Wash||Leftovers|Levitate|WillOWisp,Thunderbolt,HydroPump,LightScreen|Modest|||||50|]Tyranitar||Tyranitarite|SandStream|Protect,RockSlide,KnockOff,DragonDance|Adamant||F|||50|
|inactive|Battle timer is ON: inactive players will automatically lose when time's up. (requested by oriozz)
|inactive|oriozz has 60 seconds left.
|inactive|talos2ba.g. has 60 seconds left.
|
|t:|1783992492
|teamsize|p1|4
|teamsize|p2|4
|start
|switch|p1a: Basculegion|Basculegion, L50, M|100/100
|switch|p1b: Pelipper|Pelipper, L50, F|100/100
|switch|p2a: Sneasler|Sneasler, L50, F, shiny|100/100
|switch|p2b: Tyranitar|Tyranitar, L50, F|100/100
|-weather|Sandstorm|[from] ability: Sand Stream|[of] p2b: Tyranitar
|-weather|RainDance|[from] ability: Drizzle|[of] p1b: Pelipper
|turn|1
|inactive|oriozz has 30 seconds left.
|
|t:|1783992525
|switch|p2b: Rotom|Rotom-Wash, L50, shiny|100/100
|switch|p1b: Grimmsnarl|Grimmsnarl, L50, M|100/100
|move|p2a: Sneasler|Fake Out|p1b: Grimmsnarl
|-damage|p1b: Grimmsnarl|82/100
|move|p1a: Basculegion|Flip Turn|p2b: Rotom
|-resisted|p2b: Rotom|1
|-damage|p2b: Rotom|72/100
|
|t:|1783992543
|switch|p1a: Charizard|Charizard, L50, F|100/100|[from] Flip Turn
|
|-weather|RainDance|[upkeep]
|-heal|p2b: Rotom|78/100|[from] item: Leftovers
|upkeep
|turn|2
|inactive|oriozz has 30 seconds left.
|
|t:|1783992569
|detailschange|p1a: Charizard|Charizard-Mega-Y, L50, F
|-mega|p1a: Charizard|Charizard|Charizardite Y
|-weather|SunnyDay|[from] ability: Drought|[of] p1a: Charizard
|move|p1b: Grimmsnarl|Reflect|p1b: Grimmsnarl
|-sidestart|p1: oriozz|Reflect
|move|p2a: Sneasler|Dire Claw|p1b: Grimmsnarl
|-supereffective|p1b: Grimmsnarl|1
|-damage|p1b: Grimmsnarl|12/100
|move|p1a: Charizard|Solar Beam||[still]
|-prepare|p1a: Charizard|Solar Beam
|-anim|p1a: Charizard|Solar Beam|p2b: Rotom
|-supereffective|p2b: Rotom|1
|-damage|p2b: Rotom|0 fnt
|faint|p2b: Rotom
|
|-weather|SunnyDay|[upkeep]
|upkeep
|
|t:|1783992581
|switch|p2b: Tyranitar|Tyranitar, L50, F|100/100
|-weather|Sandstorm|[from] ability: Sand Stream|[of] p2b: Tyranitar
|turn|3
|
|t:|1783992604
|detailschange|p2b: Tyranitar|Tyranitar-Mega, L50, F
|-mega|p2b: Tyranitar|Tyranitar|Tyranitarite
|move|p1a: Charizard|Protect|p1a: Charizard
|-singleturn|p1a: Charizard|Protect
|move|p1b: Grimmsnarl|Parting Shot|p2b: Tyranitar
|-hint|Since gen 7, Dark is immune to Prankster moves.
|-immune|p2b: Tyranitar
|move|p2a: Sneasler|Dire Claw|p1a: Charizard
|-activate|p1a: Charizard|move: Protect
|move|p2b: Tyranitar|Rock Slide|p1b: Grimmsnarl|[spread] p1b
|-activate|p1a: Charizard|move: Protect
|-damage|p1b: Grimmsnarl|0 fnt
|faint|p1b: Grimmsnarl
|
|-weather|Sandstorm|[upkeep]
|-damage|p2a: Sneasler|94/100|[from] Sandstorm
|-damage|p1a: Charizard|94/100|[from] Sandstorm
|upkeep
|
|t:|1783992619
|switch|p1b: Basculegion|Basculegion, L50, M|100/100
|turn|4
|
|t:|1783992639
|switch|p1a: Pelipper|Pelipper, L50, F|100/100
|-weather|RainDance|[from] ability: Drizzle|[of] p1a: Pelipper
|move|p2b: Tyranitar|Protect|p2b: Tyranitar
|-singleturn|p2b: Tyranitar|Protect
|move|p1b: Basculegion|Flip Turn|p2b: Tyranitar
|-activate|p2b: Tyranitar|move: Protect
|move|p2a: Sneasler|Dire Claw|p1a: Pelipper
|-damage|p1a: Pelipper|72/100
|
|-weather|RainDance|[upkeep]
|upkeep
|turn|5
|
|t:|1783992656
|switch|p2b: Steelix|Steelix, L50, M, shiny|100/100
|move|p1b: Basculegion|Flip Turn|p2b: Steelix
|-supereffective|p2b: Steelix|1
|-damage|p2b: Steelix|36/100
|
|t:|1783992662
|switch|p1b: Charizard|Charizard-Mega-Y, L50, F|94/100|[from] Flip Turn
|-weather|SunnyDay|[from] ability: Drought|[of] p1b: Charizard
|move|p2a: Sneasler|Dire Claw|p1a: Pelipper
|-damage|p1a: Pelipper|42/100
|-enditem|p1a: Pelipper|Sitrus Berry|[eat]
|-heal|p1a: Pelipper|67/100|[from] item: Sitrus Berry
|move|p1a: Pelipper|Hurricane|p2a: Sneasler|[miss]
|-miss|p1a: Pelipper|p2a: Sneasler
|
|-weather|SunnyDay|[upkeep]
|upkeep
|turn|6
|inactive|oriozz has 30 seconds left.
|inactive|oriozz has 20 seconds left.
|
|t:|1783992699
|switch|p2a: Tyranitar|Tyranitar-Mega, L50, F|100/100
|-weather|Sandstorm|[from] ability: Sand Stream|[of] p2a: Tyranitar
|move|p2b: Steelix|Wide Guard|p2b: Steelix
|-singleturn|p2b: Steelix|Wide Guard
|move|p1b: Charizard|Weather Ball|p2a: Tyranitar
|-damage|p2a: Tyranitar|80/100
|move|p1a: Pelipper|Tailwind|p1a: Pelipper
|-sidestart|p1: oriozz|move: Tailwind
|
|-weather|Sandstorm|[upkeep]
|-damage|p1b: Charizard|88/100|[from] Sandstorm
|-damage|p1a: Pelipper|61/100|[from] Sandstorm
|upkeep
|turn|7
|
|t:|1783992723
|switch|p1b: Basculegion|Basculegion, L50, M|100/100
|move|p1a: Pelipper|Wide Guard|p1a: Pelipper
|-singleturn|p1a: Pelipper|Wide Guard
|move|p2b: Steelix|Wide Guard|p2b: Steelix
|-singleturn|p2b: Steelix|Wide Guard
|move|p2a: Tyranitar|Knock Off|p1a: Pelipper
|-damage|p1a: Pelipper|30/100
|
|-weather|Sandstorm|[upkeep]
|-damage|p1b: Basculegion|93/100|[from] Sandstorm
|-damage|p1a: Pelipper|24/100|[from] Sandstorm
|upkeep
|turn|8
|
|t:|1783992740
|switch|p1b: Charizard|Charizard-Mega-Y, L50, F|88/100
|-weather|SunnyDay|[from] ability: Drought|[of] p1b: Charizard
|switch|p2a: Sneasler|Sneasler, L50, F, shiny|94/100
|move|p1a: Pelipper|Weather Ball|p2b: Steelix
|-supereffective|p2b: Steelix|1
|-damage|p2b: Steelix|0 fnt
|faint|p2b: Steelix
|
|-weather|SunnyDay|[upkeep]
|upkeep
|
|t:|1783992745
|switch|p2b: Tyranitar|Tyranitar-Mega, L50, F|80/100
|-weather|Sandstorm|[from] ability: Sand Stream|[of] p2b: Tyranitar
|turn|9
|
|t:|1783992759
|switch|p1a: Basculegion|Basculegion, L50, M|93/100
|move|p1b: Charizard|Protect|p1b: Charizard
|-singleturn|p1b: Charizard|Protect
|move|p2a: Sneasler|Dire Claw|p1a: Basculegion
|-resisted|p1a: Basculegion|1
|-damage|p1a: Basculegion|76/100
|move|p2b: Tyranitar|Knock Off|p1b: Charizard
|-activate|p1b: Charizard|move: Protect
|
|-weather|Sandstorm|[upkeep]
|-damage|p1a: Basculegion|70/100|[from] Sandstorm
|-damage|p1b: Charizard|82/100|[from] Sandstorm
|-damage|p2a: Sneasler|88/100|[from] Sandstorm
|-sideend|p1: oriozz|Reflect
|-sideend|p1: oriozz|move: Tailwind
|upkeep
|turn|10
|inactive|oriozz has 30 seconds left.
|
|t:|1783992790
|switch|p1b: Pelipper|Pelipper, L50, F|24/100
|-weather|RainDance|[from] ability: Drizzle|[of] p1b: Pelipper
|move|p1a: Basculegion|Wave Crash|p2b: Tyranitar
|-supereffective|p2b: Tyranitar|1
|-damage|p2b: Tyranitar|0 fnt
|faint|p2b: Tyranitar
|-damage|p1a: Basculegion|44/100|[from] Recoil
|move|p2a: Sneasler|Dire Claw|p1b: Pelipper
|-damage|p1b: Pelipper|0 fnt
|faint|p1b: Pelipper
|
|-weather|RainDance|[upkeep]
|upkeep
|
|t:|1783992802
|switch|p1b: Charizard|Charizard-Mega-Y, L50, F|82/100
|-weather|SunnyDay|[from] ability: Drought|[of] p1b: Charizard
|turn|11
|
|t:|1783992810
|move|p1a: Basculegion|Wave Crash|p2a: Sneasler
|-damage|p2a: Sneasler|21/100
|-damage|p1a: Basculegion|27/100|[from] Recoil
|move|p2a: Sneasler|Dire Claw|p1b: Charizard
|-damage|p1b: Charizard|27/100
|-status|p1b: Charizard|slp
|cant|p1b: Charizard|slp
|
|-weather|SunnyDay|[upkeep]
|upkeep
|turn|12
|
|t:|1783992821
|move|p1a: Basculegion|Wave Crash|p2a: Sneasler
|-damage|p2a: Sneasler|0 fnt
|faint|p2a: Sneasler
|-damage|p1a: Basculegion|21/100|[from] Recoil
|
|win|oriozz
||oriozz is ready for game 2.
||talos2ba.g. is ready for game 2.
|uhtml|next|Next: Game 2 of 3
|l|☆talos2ba.g.
|player|p2|
