|j|‽Juaner95
|j|☆Capyburu1918
|html|Juaner95Capyburu1918    
|uhtml|bestof|Game 1 of a best-of-3
|t:|1785261892
|gametype|doubles
|player|p1|Juaner95|ash-hoenn|1131
|player|p2|Capyburu1918|caitlin|1065
|gen|9
|tier|[Gen 9 Champions] VGC 2026 Reg M-B (Bo3)
|rated|
|rule|Species Clause: Limit one of each Pokémon
|rule|Item Clause: Limit 1 of each item
|clearpoke
|poke|p1|Eelektross, L50, F|
|poke|p1|Ninetales-Alola, L50, F, shiny|
|poke|p1|Talonflame, L50, M|
|poke|p1|Garchomp, L50, M|
|poke|p1|Incineroar, L50, M, shiny|
|poke|p1|Kingambit, L50, M|
|poke|p2|Charizard, L50, F, shiny|
|poke|p2|Venusaur, L50, M, shiny|
|poke|p2|Archaludon, L50, F, shiny|
|poke|p2|Pelipper, L50, M, shiny|
|poke|p2|Grimmsnarl, L50, M, shiny|
|poke|p2|Basculegion, L50, M, shiny|
|teampreview|4
|showteam|p1|Eelektross||Eelektrossite|Levitate|SupercellSlam,DrainPunch,Coil,Protect|Adamant||F|||50|]Ninetales-Alola||ChoiceScarf|SnowWarning|Blizzard,FreezeDry,IcyWind,Moonblast|Modest||F|||50|]Talonflame||SharpBeak|GaleWings|BraveBird,FlareBlitz,Tailwind,Protect|Jolly||M|||50|]Garchomp||LifeOrb|RoughSkin|RockSlide,Earthquake,DragonClaw,Protect|Jolly||M|||50|]Incineroar||SitrusBerry|Intimidate|FlareBlitz,ThroatChop,PartingShot,FakeOut|Careful||M|||50|]Kingambit||FocusSash|Defiant|KowtowCleave,SuckerPunch,LowKick,Protect|Adamant||M|||50|
|showteam|p2|Charizard||CharizarditeY|Blaze|HeatWave,WeatherBall,SolarBeam,Protect|Modest||F|||50|]Venusaur||FocusSash|Chlorophyll|SludgeBomb,EarthPower,SleepPowder,Protect|Modest||M|||50|]Archaludon||Leftovers|Stamina|ElectroShot,DragonClaw,FlashCannon,Protect|Calm||F|||50|]Pelipper||SitrusBerry|Drizzle|WeatherBall,Hurricane,Tailwind,WideGuard|Modest||M|||50|]Grimmsnarl||LightClay|Prankster|SpiritBreak,PartingShot,LightScreen,Reflect|Sassy||M|||50|]Basculegion||ChoiceScarf|Adaptability|WaveCrash,LastRespects,AquaJet,FlipTurn|Jolly||M|||50|
|inactive|Battle timer is ON: inactive players will automatically lose when time's up. (requested by Capyburu1918)
|inactive|Juaner95 has 60 seconds left.
|inactive|Juaner95 has 30 seconds left.
|inactive|Juaner95 has 20 seconds left.
|
|t:|1785262011
|teamsize|p1|4
|teamsize|p2|4
|start
|switch|p1a: Incineroar|Incineroar, L50, M, shiny|100/100
|switch|p1b: Talonflame|Talonflame, L50, M|100/100
|switch|p2a: Pelipper|Pelipper, L50, M, shiny|100/100
|switch|p2b: Archaludon|Archaludon, L50, F, shiny|100/100
|-weather|RainDance|[from] ability: Drizzle|[of] p2a: Pelipper
|-ability|p1a: Incineroar|Intimidate|boost
|-unboost|p2a: Pelipper|atk|1
|-unboost|p2b: Archaludon|atk|1
|turn|1
|inactive|Capyburu1918 has 30 seconds left.
|
|t:|1785262037
|move|p1a: Incineroar|Fake Out|p2a: Pelipper
|-damage|p2a: Pelipper|88/100
|move|p1b: Talonflame|Tailwind|p1b: Talonflame
|-sidestart|p1: Juaner95|move: Tailwind
|move|p2b: Archaludon|Electro Shot||[still]
|-prepare|p2b: Archaludon|Electro Shot
|-boost|p2b: Archaludon|spa|1
|-anim|p2b: Archaludon|Electro Shot|p1b: Talonflame
|-supereffective|p1b: Talonflame|1
|-damage|p1b: Talonflame|0 fnt
|faint|p1b: Talonflame
|cant|p2a: Pelipper|flinch
|
|-weather|RainDance|[upkeep]
|upkeep
|
|t:|1785262047
|switch|p1b: Ninetales|Ninetales-Alola, L50, F, shiny|100/100
|-weather|Snowscape|[from] ability: Snow Warning|[of] p1b: Ninetales
|turn|2
|
|t:|1785262058
|move|p1b: Ninetales|Blizzard|p2a: Pelipper|[spread] p2a,p2b
|-crit|p2a: Pelipper
|-damage|p2a: Pelipper|30/100
|-damage|p2b: Archaludon|72/100
|-ability|p2b: Archaludon|Stamina|boost
|-boost|p2b: Archaludon|def|1
|-enditem|p2a: Pelipper|Sitrus Berry|[eat]
|-heal|p2a: Pelipper|55/100|[from] item: Sitrus Berry
|move|p1a: Incineroar|Parting Shot|p2b: Archaludon
|-unboost|p2b: Archaludon|atk|1
|-unboost|p2b: Archaludon|spa|1
|
|t:|1785262067
|switch|p1a: Eelektross|Eelektross, L50, F|100/100|[from] Parting Shot
|move|p2b: Archaludon|Electro Shot||[still]
|-prepare|p2b: Archaludon|Electro Shot
|-boost|p2b: Archaludon|spa|1
|move|p2a: Pelipper|Tailwind|p2a: Pelipper
|-sidestart|p2: Capyburu1918|move: Tailwind
|
|-weather|Snowscape|[upkeep]
|-heal|p2b: Archaludon|78/100|[from] item: Leftovers
|upkeep
|turn|3
|
|t:|1785262083
|switch|p2a: Grimmsnarl|Grimmsnarl, L50, M, shiny|100/100
|detailschange|p1a: Eelektross|Eelektross-Mega, L50, F
|-mega|p1a: Eelektross|Eelektross|Eelektrossite
|move|p1b: Ninetales|Blizzard|p2a: Grimmsnarl|[spread] p2a,p2b
|-damage|p2a: Grimmsnarl|68/100
|-damage|p2b: Archaludon|47/100
|-status|p2b: Archaludon|frz
|-ability|p2b: Archaludon|Stamina|boost
|-boost|p2b: Archaludon|def|1
|move|p1a: Eelektross|Coil|p1a: Eelektross
|-boost|p1a: Eelektross|atk|1
|-boost|p1a: Eelektross|def|1
|-boost|p1a: Eelektross|accuracy|1
|-curestatus|p2b: Archaludon|frz|[msg]
|move|p2b: Archaludon|Electro Shot|p1a: Eelektross|[from] lockedmove
|-resisted|p1a: Eelektross|1
|-damage|p1a: Eelektross|71/100
|
|-weather|Snowscape|[upkeep]
|-heal|p2b: Archaludon|53/100|[from] item: Leftovers
|upkeep
|turn|4
|inactive|Juaner95 has 30 seconds left.
|
|t:|1785262110
|switch|p1b: Incineroar|Incineroar, L50, M, shiny|100/100
|-ability|p1b: Incineroar|Intimidate|boost
|-unboost|p2a: Grimmsnarl|atk|1
|-unboost|p2b: Archaludon|atk|1
|move|p2b: Archaludon|Protect|p2b: Archaludon
|-singleturn|p2b: Archaludon|Protect
|move|p2a: Grimmsnarl|Light Screen|p2a: Grimmsnarl
|-sidestart|p2: Capyburu1918|move: Light Screen
|move|p1a: Eelektross|Drain Punch|p2b: Archaludon
|-activate|p2b: Archaludon|move: Protect
|
|-weather|Snowscape|[upkeep]
|-heal|p2b: Archaludon|59/100|[from] item: Leftovers
|-sideend|p1: Juaner95|move: Tailwind
|upkeep
|turn|5
|inactive|Capyburu1918 has 30 seconds left.
|
|t:|1785262135
|move|p2b: Archaludon|Protect||[still]
|-fail|p2b: Archaludon
|move|p1b: Incineroar|Fake Out|p2a: Grimmsnarl
|-damage|p2a: Grimmsnarl|57/100
|cant|p2a: Grimmsnarl|flinch
|move|p1a: Eelektross|Drain Punch|p2b: Archaludon
|-supereffective|p2b: Archaludon|1
|-damage|p2b: Archaludon|28/100
|-heal|p1a: Eelektross|87/100|[from] drain|[of] p2b: Archaludon
|-ability|p2b: Archaludon|Stamina|boost
|-boost|p2b: Archaludon|def|1
|
|-weather|Snowscape|[upkeep]
|-heal|p2b: Archaludon|34/100|[from] item: Leftovers
|-sideend|p2: Capyburu1918|move: Tailwind
|upkeep
|turn|6
|
|t:|1785262157
|move|p2b: Archaludon|Protect|p2b: Archaludon
|-singleturn|p2b: Archaludon|Protect
|move|p2a: Grimmsnarl|Reflect|p2a: Grimmsnarl
|-sidestart|p2: Capyburu1918|Reflect
|move|p1a: Eelektross|Drain Punch|p2b: Archaludon
|-activate|p2b: Archaludon|move: Protect
|move|p1b: Incineroar|Flare Blitz|p2b: Archaludon
|-activate|p2b: Archaludon|move: Protect
|
|-weather|none
|-heal|p2b: Archaludon|40/100|[from] item: Leftovers
|upkeep
|turn|7
|inactive|Capyburu1918 has 30 seconds left.
|
|t:|1785262182
|move|p2a: Grimmsnarl|Parting Shot|p1a: Eelektross
|-unboost|p1a: Eelektross|atk|1
|-unboost|p1a: Eelektross|spa|1
|
|t:|1785262186
|switch|p2a: Pelipper|Pelipper, L50, M, shiny|55/100|[from] Parting Shot
|-weather|RainDance|[from] ability: Drizzle|[of] p2a: Pelipper
|move|p1a: Eelektross|Drain Punch|p2b: Archaludon
|-supereffective|p2b: Archaludon|1
|-damage|p2b: Archaludon|28/100
|-heal|p1a: Eelektross|93/100|[from] drain|[of] p2b: Archaludon
|-ability|p2b: Archaludon|Stamina|boost
|-boost|p2b: Archaludon|def|1
|move|p2b: Archaludon|Flash Cannon|p1b: Incineroar
|-resisted|p1b: Incineroar|1
|-damage|p1b: Incineroar|80/100
|move|p1b: Incineroar|Flare Blitz|p2b: Archaludon
|-damage|p2b: Archaludon|25/100
|-ability|p2b: Archaludon|Stamina|boost
|-boost|p2b: Archaludon|def|1
|-damage|p1b: Incineroar|79/100|[from] Recoil
|
|-weather|RainDance|[upkeep]
|-heal|p2b: Archaludon|31/100|[from] item: Leftovers
|upkeep
|turn|8
|
|t:|1785262210
|move|p2b: Archaludon|Protect|p2b: Archaludon
|-singleturn|p2b: Archaludon|Protect
|move|p1a: Eelektross|Supercell Slam|p2a: Pelipper
|-supereffective|p2a: Pelipper|2
|-damage|p2a: Pelipper|0 fnt
|faint|p2a: Pelipper
|-ability|p1a: Eelektross|Eelevate|boost
|-boost|p1a: Eelektross|atk|1
|move|p1b: Incineroar|Parting Shot|p2b: Archaludon
|-activate|p2b: Archaludon|move: Protect
|
|-weather|RainDance|[upkeep]
|-heal|p2b: Archaludon|37/100|[from] item: Leftovers
|upkeep
|
|t:|1785262222
|switch|p2a: Basculegion|Basculegion, L50, M, shiny|100/100
|turn|9
|
|t:|1785262236
|switch|p1b: Ninetales|Ninetales-Alola, L50, F, shiny|100/100
|-weather|Snowscape|[from] ability: Snow Warning|[of] p1b: Ninetales
|move|p1a: Eelektross|Protect|p1a: Eelektross
|-singleturn|p1a: Eelektross|Protect
|move|p2a: Basculegion|Flip Turn|p1b: Ninetales
|-damage|p1b: Ninetales|67/100
|
|t:|1785262244
|switch|p2a: Grimmsnarl|Grimmsnarl, L50, M, shiny|57/100|[from] Flip Turn
|move|p2b: Archaludon|Electro Shot||[still]
|-prepare|p2b: Archaludon|Electro Shot
|-boost|p2b: Archaludon|spa|1
|
|-weather|Snowscape|[upkeep]
|-heal|p2b: Archaludon|43/100|[from] item: Leftovers
|upkeep
|turn|10
|
|t:|1785262264
|move|p1b: Ninetales|Blizzard|p2a: Grimmsnarl|[spread] p2a,p2b
|-damage|p2a: Grimmsnarl|37/100
|-damage|p2b: Archaludon|23/100
|-ability|p2b: Archaludon|Stamina|boost
|-boost|p2b: Archaludon|def|1
|move|p1a: Eelektross|Coil|p1a: Eelektross
|-boost|p1a: Eelektross|atk|1
|-boost|p1a: Eelektross|def|1
|-boost|p1a: Eelektross|accuracy|1
|move|p2b: Archaludon|Electro Shot|p1a: Eelektross|[from] lockedmove
|-resisted|p1a: Eelektross|1
|-damage|p1a: Eelektross|56/100
|move|p2a: Grimmsnarl|Spirit Break|p1b: Ninetales
|-damage|p1b: Ninetales|40/100
|-unboost|p1b: Ninetales|spa|1
|
|-weather|Snowscape|[upkeep]
|-heal|p2b: Archaludon|29/100|[from] item: Leftovers
|upkeep
|turn|11
|inactive|Juaner95 has 30 seconds left.
|inactive|Capyburu1918 has 30 seconds left.
|
|t:|1785262295
|switch|p1b: Incineroar|Incineroar, L50, M, shiny|79/100
|-ability|p1b: Incineroar|Intimidate|boost
|-unboost|p2a: Grimmsnarl|atk|1
|-unboost|p2b: Archaludon|atk|1
|move|p1a: Eelektross|Drain Punch|p2b: Archaludon
|-supereffective|p2b: Archaludon|1
|-damage|p2b: Archaludon|16/100
|-heal|p1a: Eelektross|63/100|[from] drain|[of] p2b: Archaludon
|move|p2b: Archaludon|Flash Cannon|p1b: Incineroar
|-resisted|p1b: Incineroar|1
|-damage|p1b: Incineroar|53/100
|move|p2a: Grimmsnarl|Spirit Break|p1a: Eelektross
|-damage|p1a: Eelektross|53/100
|-unboost|p1a: Eelektross|spa|1
|
|-weather|Snowscape|[upkeep]
|-heal|p2b: Archaludon|22/100|[from] item: Leftovers
|-sideend|p2: Capyburu1918|move: Light Screen
|upkeep
|turn|12
|
|t:|1785262319
|move|p1b: Incineroar|Fake Out|p2a: Grimmsnarl
|-damage|p2a: Grimmsnarl|30/100
|move|p1a: Eelektross|Drain Punch|p2b: Archaludon
|-supereffective|p2b: Archaludon|1
|-damage|p2b: Archaludon|8/100
|-heal|p1a: Eelektross|60/100|[from] drain|[of] p2b: Archaludon
|move|p2b: Archaludon|Flash Cannon|p1b: Incineroar
|-resisted|p1b: Incineroar|1
|-damage|p1b: Incineroar|30/100
|-enditem|p1b: Incineroar|Sitrus Berry|[eat]
|-heal|p1b: Incineroar|55/100|[from] item: Sitrus Berry
|cant|p2a: Grimmsnarl|flinch
|
|-weather|Snowscape|[upkeep]
|-heal|p2b: Archaludon|14/100|[from] item: Leftovers
|upkeep
|turn|13
|inactive|Juaner95 has 30 seconds left.
|
|t:|1785262346
|move|p2b: Archaludon|Protect|p2b: Archaludon
|-singleturn|p2b: Archaludon|Protect
|move|p1a: Eelektross|Drain Punch|p2b: Archaludon
|-activate|p2b: Archaludon|move: Protect
|move|p1b: Incineroar|Flare Blitz|p2b: Archaludon
|-activate|p2b: Archaludon|move: Protect
|move|p2a: Grimmsnarl|Spirit Break|p1b: Incineroar
|-damage|p1b: Incineroar|38/100
|-unboost|p1b: Incineroar|spa|1
|
|-weather|none
|-heal|p2b: Archaludon|20/100y|[from] item: Leftovers
|-sideend|p2: Capyburu1918|Reflect
|upkeep
|turn|14
|
|t:|1785262361
|move|p2b: Archaludon|Protect||[still]
|-fail|p2b: Archaludon
|move|p2a: Grimmsnarl|Reflect|p2a: Grimmsnarl
|-sidestart|p2: Capyburu1918|Reflect
|move|p1a: Eelektross|Drain Punch|p2b: Archaludon
|-supereffective|p2b: Archaludon|1
|-damage|p2b: Archaludon|6/100
|-heal|p1a: Eelektross|68/100|[from] drain|[of] p2b: Archaludon
|move|p1b: Incineroar|Flare Blitz|p2b: Archaludon
|-damage|p2b: Archaludon|1/100
|-damage|p1b: Incineroar|36/100|[from] Recoil
|
|-heal|p2b: Archaludon|7/100|[from] item: Leftovers
|upkeep
|turn|15
|
|t:|1785262378
|move|p2b: Archaludon|Protect|p2b: Archaludon
|-singleturn|p2b: Archaludon|Protect
|move|p2a: Grimmsnarl|Light Screen|p2a: Grimmsnarl
|-sidestart|p2: Capyburu1918|move: Light Screen
|move|p1a: Eelektross|Coil|p1a: Eelektross
|-boost|p1a: Eelektross|atk|1
|-boost|p1a: Eelektross|def|1
|-boost|p1a: Eelektross|accuracy|1
|move|p1b: Incineroar|Parting Shot|p2b: Archaludon
|-activate|p2b: Archaludon|move: Protect
|
|-heal|p2b: Archaludon|13/100|[from] item: Leftovers
|upkeep
|turn|16
|
|t:|1785262398
|move|p1a: Eelektross|Drain Punch|p2b: Archaludon
|-supereffective|p2b: Archaludon|1
|-damage|p2b: Archaludon|0 fnt
|-heal|p1a: Eelektross|74/100|[from] drain|[of] p2b: Archaludon
|faint|p2b: Archaludon
|-ability|p1a: Eelektross|Eelevate|boost
|-boost|p1a: Eelektross|atk|1
|move|p1b: Incineroar|Flare Blitz|p2a: Grimmsnarl
|-damage|p2a: Grimmsnarl|0 fnt
|faint|p2a: Grimmsnarl
|-damage|p1b: Incineroar|26/100|[from] Recoil
|
|upkeep
|inactive|Capyburu1918 has 30 seconds left.
|inactive|Capyburu1918 has 20 seconds left.
|
|t:|1785262433
|switch|p2a: Basculegion|Basculegion, L50, M, shiny|100/100
|turn|17
|
|t:|1785262440
|switch|p1b: Ninetales|Ninetales-Alola, L50, F, shiny|40/100
|-weather|Snowscape|[from] ability: Snow Warning|[of] p1b: Ninetales
|move|p1a: Eelektross|Protect|p1a: Eelektross
|-singleturn|p1a: Eelektross|Protect
|move|p2a: Basculegion|Last Respects|p1a: Eelektross
|-activate|p1a: Eelektross|move: Protect
|
|-weather|Snowscape|[upkeep]
|upkeep
|turn|18
|
|t:|1785262461
|move|p1b: Ninetales|Freeze-Dry|p2a: Basculegion
|-supereffective|p2a: Basculegion|1
|-damage|p2a: Basculegion|52/100
|move|p2a: Basculegion|Last Respects|p1a: Eelektross
|-damage|p1a: Eelektross|23/100
|move|p1a: Eelektross|Supercell Slam|p2a: Basculegion
|-supereffective|p2a: Basculegion|1
|-damage|p2a: Basculegion|0 fnt
|faint|p2a: Basculegion
|
|win|Juaner95
|c|☆Capyburu1918|yo
|c|☆Capyburu1918|im so hungry
||Capyburu1918 is ready for game 2.
|inactive|Juaner95 has 30 seconds to confirm battle start!
|inactive|Juaner95 has 20 seconds to confirm battle start!
|inactive|Juaner95 has 10 seconds to confirm battle start!
|uhtml|next|Next: Game 2 of 3
