|j|вҳҶjpishere
|j|вҳҶBestof8PerDay
|html|jpishereBestof8PerDay    
|uhtml|bestof|Game 1 of a best-of-3
|t:|1756926101
|gametype|doubles
|player|p1|jpishere|palmer|1148
|player|p2|Bestof8PerDay|janitor|1077
|gen|9
|tier|[Gen 9] VGC 2025 Reg H (Bo3)
|rated|
|rule|Species Clause: Limit one of each PokГ©mon
|rule|Item Clause: Limit 1 of each item
|clearpoke
|poke|p1|Indeedee-F, L50, F|
|poke|p1|Hatterene, L50, F|
|poke|p1|Gallade, L50, M|
|poke|p1|Ursaluna, L50, M|
|poke|p1|Lilligant-Hisui, L50, F|
|poke|p1|Torkoal, L50, M|
|poke|p2|Incineroar, L50, F|
|poke|p2|Amoonguss, L50, F|
|poke|p2|Ursaluna-Bloodmoon, L50, M|
|poke|p2|Sneasler, L50, M|
|poke|p2|Gholdengo, L50|
|poke|p2|Dragonite, L50, M|
|teampreview|4
|showteam|p1|Indeedee-F||PsychicSeed|PsychicSurge|TrickRoom,FollowMe,HelpingHand,DazzlingGleam|||F|||50|,,,,,Fairy]Hatterene||LifeOrb|MagicBounce|ExpandingForce,TrickRoom,DazzlingGleam,Protect|||F|||50|,,,,,Psychic]Gallade||ClearAmulet|Sharpness|PsychoCut,TrickRoom,SacredSword,WideGuard|||M|||50|,,,,,Grass]Ursaluna||FlameOrb|Guts|HeadlongRush,Facade,SwordsDance,Protect|||M|||50|,,,,,Ghost]Lilligant-Hisui||FocusSash|Chlorophyll|SolarBlade,SleepPowder,CloseCombat,AfterYou|||F|||50|,,,,,Ghost]Torkoal||ChoiceSpecs|Drought|Eruption,HeatWave,WeatherBall,EarthPower|||M|||50|,,,,,Fire
|showteam|p2|Incineroar||SafetyGoggles|Intimidate|FlareBlitz,KnockOff,PartingShot,FakeOut|||F|||50|,,,,,Ghost]Amoonguss||SitrusBerry|Regenerator|Spore,RagePowder,PollenPuff,Protect|||F|||50|,,,,,Psychic]Ursaluna-Bloodmoon||AssaultVest|MindsEye|HyperVoice,BloodMoon,EarthPower,VacuumWave|||M|||50|,,,,,Water]Sneasler||FocusSash|Unburden|CloseCombat,DireClaw,ThroatChop,Protect|||M|||50|,,,,,Stellar]Gholdengo||LifeOrb|GoodasGold|MakeItRain,ShadowBall,NastyPlot,Protect||||||50|,,,,,Water]Dragonite||LoadedDice|Multiscale|ScaleShot,Tailwind,Haze,Protect|||M|||50|,,,,,Fairy
|inactive|Battle timer is ON: inactive players will automatically lose when time's up. (requested by jpishere)
|
|t:|1756926182
|teamsize|p1|4
|teamsize|p2|4
|start
|switch|p1a: зҙ«з«Ҫи¶…еҸҜж„ӣ|Indeedee-F, L50, F, shiny|100/100
|switch|p1b: зҙ«з«ҪиҰӘиЎӣйҡҠ|Gallade, L50, M, shiny|100/100
|switch|p2a: Sneasler|Sneasler, L50, M|100/100
|switch|p2b: Gholdengo|Gholdengo, L50|100/100
|-fieldstart|move: Psychic Terrain|[from] ability: Psychic Surge|[of] p1a: зҙ«з«Ҫи¶…еҸҜж„ӣ
|-enditem|p1a: зҙ«з«Ҫи¶…еҸҜж„ӣ|Psychic Seed
|-boost|p1a: зҙ«з«Ҫи¶…еҸҜж„ӣ|spd|1|[from] item: Psychic Seed
|turn|1
|inactive|Bestof8PerDay has 30 seconds left.
|inactive|Bestof8PerDay has 20 seconds left.
|inactive|Bestof8PerDay has 15 seconds left.
|
|t:|1756926225
|switch|p2a: Amoonguss|Amoonguss, L50, F|100/100
|-terastallize|p2b: Gholdengo|Water
|move|p1a: зҙ«з«Ҫи¶…еҸҜж„ӣ|Follow Me|p1a: зҙ«з«Ҫи¶…еҸҜж„ӣ
|-singleturn|p1a: зҙ«з«Ҫи¶…еҸҜж„ӣ|move: Follow Me
|move|p2b: Gholdengo|Nasty Plot|p2b: Gholdengo
|-boost|p2b: Gholdengo|spa|2
|move|p1b: зҙ«з«ҪиҰӘиЎӣйҡҠ|Trick Room|p1b: зҙ«з«ҪиҰӘиЎӣйҡҠ
|-fieldstart|move: Trick Room|[of] p1b: зҙ«з«ҪиҰӘиЎӣйҡҠ
|
|upkeep
|turn|2
|inactive|jpishere has 30 seconds left.
|inactive|Bestof8PerDay has 30 seconds left.
|inactive|jpishere has 20 seconds left.
|inactive|jpishere has 15 seconds left.
|
|t:|1756926267
|-terastallize|p1b: зҙ«з«ҪиҰӘиЎӣйҡҠ|Grass
|move|p2a: Amoonguss|Protect|p2a: Amoonguss
|-singleturn|p2a: Amoonguss|Protect
|move|p1b: зҙ«з«ҪиҰӘиЎӣйҡҠ|Psycho Cut|p2a: Amoonguss
|-activate|p2a: Amoonguss|move: Protect
|move|p1a: зҙ«з«Ҫи¶…еҸҜж„ӣ|Dazzling Gleam|p2b: Gholdengo|[spread] p2b
|-activate|p2a: Amoonguss|move: Protect
|-damage|p2b: Gholdengo|85/100
|move|p2b: Gholdengo|Make It Rain|p1a: зҙ«з«Ҫи¶…еҸҜж„ӣ|[spread] p1a,p1b
|-damage|p1a: зҙ«з«Ҫи¶…еҸҜж„ӣ|15/100
|-damage|p1b: зҙ«з«ҪиҰӘиЎӣйҡҠ|0 fnt
|-unboost|p2b: Gholdengo|spa|1
|faint|p1b: зҙ«з«ҪиҰӘиЎӣйҡҠ
|-damage|p2b: Gholdengo|76/100|[from] item: Life Orb
|
|upkeep
|
|t:|1756926286
|switch|p1b: еӨӘжЁӮе·ҙжҲҲж–Ҝ|Torkoal, L50, M, shiny|100/100
|-weather|SunnyDay|[from] ability: Drought|[of] p1b: еӨӘжЁӮе·ҙжҲҲж–Ҝ
|turn|3
|inactive|Bestof8PerDay has 30 seconds left.
|inactive|Bestof8PerDay has 20 seconds left.
|inactive|Bestof8PerDay has 15 seconds left.
|
|t:|1756926326
|move|p1b: еӨӘжЁӮе·ҙжҲҲж–Ҝ|Eruption|p2b: Gholdengo|[spread] p2a,p2b
|-supereffective|p2a: Amoonguss
|-resisted|p2b: Gholdengo
|-damage|p2a: Amoonguss|0 fnt
|-damage|p2b: Gholdengo|17/100
|faint|p2a: Amoonguss
|move|p1a: зҙ«з«Ҫи¶…еҸҜж„ӣ|Dazzling Gleam|p2b: Gholdengo
|-damage|p2b: Gholdengo|0 fnt
|faint|p2b: Gholdengo
|
|-weather|SunnyDay|[upkeep]
|upkeep
|
|t:|1756926329
|switch|p2a: Sneasler|Sneasler, L50, M|100/100
|switch|p2b: Ursaluna|Ursaluna-Bloodmoon, L50, M|100/100
|turn|4
|inactive|jpishere has 30 seconds left.
|inactive|Bestof8PerDay has 30 seconds left.
|
|t:|1756926355
|switch|p1a: дёҖжӢіжңҲжңҲзҶҠ|Ursaluna, L50, M, shiny|100/100
|move|p1b: еӨӘжЁӮе·ҙжҲҲж–Ҝ|Eruption|p2a: Sneasler|[spread] p2a,p2b
|-enditem|p2a: Sneasler|Focus Sash
|-damage|p2a: Sneasler|1/100
|-damage|p2b: Ursaluna|28/100
|move|p2b: Ursaluna|Earth Power|p1b: еӨӘжЁӮе·ҙжҲҲж–Ҝ
|-supereffective|p1b: еӨӘжЁӮе·ҙжҲҲж–Ҝ
|-crit|p1b: еӨӘжЁӮе·ҙжҲҲж–Ҝ
|-damage|p1b: еӨӘжЁӮе·ҙжҲҲж–Ҝ|0 fnt
|faint|p1b: еӨӘжЁӮе·ҙжҲҲж–Ҝ
|move|p2a: Sneasler|Close Combat|p1a: дёҖжӢіжңҲжңҲзҶҠ
|-supereffective|p1a: дёҖжӢіжңҲжңҲзҶҠ
|-damage|p1a: дёҖжӢіжңҲжңҲзҶҠ|9/100
|-unboost|p2a: Sneasler|def|1
|-unboost|p2a: Sneasler|spd|1
|
|-weather|SunnyDay|[upkeep]
|-status|p1a: дёҖжӢіжңҲжңҲзҶҠ|brn|[from] item: Flame Orb
|upkeep
|
|t:|1756926374
|switch|p1b: зҙ«з«Ҫи¶…еҸҜж„ӣ|Indeedee-F, L50, F, shiny|15/100
|turn|5
|inactive|Bestof8PerDay has 30 seconds left.
|inactive|Bestof8PerDay has 20 seconds left.
|
|t:|1756926412
|move|p2a: Sneasler|Protect|p2a: Sneasler
|-singleturn|p2a: Sneasler|Protect
|move|p1a: дёҖжӢіжңҲжңҲзҶҠ|Facade|p2b: Ursaluna
|-damage|p2b: Ursaluna|0 fnt
|faint|p2b: Ursaluna
|move|p1b: зҙ«з«Ҫи¶…еҸҜж„ӣ|Dazzling Gleam|p2a: Sneasler
|-activate|p2a: Sneasler|move: Protect
|
|-weather|SunnyDay|[upkeep]
|-damage|p1a: дёҖжӢіжңҲжңҲзҶҠ|3/100 brn|[from] brn
|-fieldend|move: Trick Room
|-fieldend|move: Psychic Terrain
|upkeep
|turn|6
|
|t:|1756926427
|move|p2a: Sneasler|Close Combat|p1b: зҙ«з«Ҫи¶…еҸҜж„ӣ
|-damage|p1b: зҙ«з«Ҫи¶…еҸҜж„ӣ|0 fnt
|-unboost|p2a: Sneasler|def|1
|-unboost|p2a: Sneasler|spd|1
|faint|p1b: зҙ«з«Ҫи¶…еҸҜж„ӣ
|move|p1a: дёҖжӢіжңҲжңҲзҶҠ|Facade|p2a: Sneasler
|-damage|p2a: Sneasler|0 fnt
|faint|p2a: Sneasler
|
|win|jpishere
||Bestof8PerDay is ready for game 2.
|inactive|jpishere has 30 seconds to confirm battle start!
||jpishere is ready for game 2.
|uhtml|next|Next: Game 2 of 3
