|j|☆emptinessmach
|j|☆JusttestingforVGC
|html|emptinessmachJusttestingforVGC    
|uhtml|bestof|Game 1 of a best-of-3
|t:|1757035071
|gametype|doubles
|player|p1|emptinessmach|red|1129
|player|p2|JusttestingforVGC|steven|1208
|gen|9
|tier|[Gen 9] VGC 2025 Reg H (Bo3)
|rated|
|rule|Species Clause: Limit one of each Pokémon
|rule|Item Clause: Limit 1 of each item
|clearpoke
|poke|p1|Porygon2, L50|
|poke|p1|Incineroar, L50, F|
|poke|p1|Garchomp, L50, F|
|poke|p1|Gholdengo, L50|
|poke|p1|Amoonguss, L50, F|
|poke|p1|Sneasler, L50, M|
|poke|p2|Garchomp, L50, F|
|poke|p2|Corviknight, L50, M|
|poke|p2|Lycanroc, L50, F|
|poke|p2|Tyranitar, L50, M|
|poke|p2|Raichu, L50, M|
|poke|p2|Sinistcha, L50|
|teampreview|4
|showteam|p1|Porygon2||Eviolite|Download|TeraBlast,IceBeam,Recover,TrickRoom||||||50|,,,,,Ground]Incineroar||SafetyGoggles|Intimidate|FlareBlitz,KnockOff,FakeOut,PartingShot|||F|||50|,,,,,Ghost]Garchomp||ClearAmulet|RoughSkin|Earthquake,Protect,StompingTantrum,DragonClaw|||F|||50|,,,,,Fire]Gholdengo||LifeOrb|GoodasGold|Protect,NastyPlot,MakeItRain,ShadowBall||||||50|,,,,,Water]Amoonguss||SitrusBerry|Regenerator|Spore,RagePowder,Protect,PollenPuff|||F|||50|,,,,,Fairy]Sneasler||FocusSash|PoisonTouch|DireClaw,CloseCombat,Coaching,Protect|||M|||50|,,,,,Flying
|showteam|p2|Garchomp||Leftovers|SandVeil|Earthquake,DragonClaw,Substitute,Protect|||F|||50|,,,,,Steel]Corviknight||SitrusBerry|MirrorArmor|BulkUp,BraveBird,Tailwind,Roost|||M|||50|,,,,,Fire]Lycanroc||FocusSash|SandRush|Protect,CloseCombat,RockSlide,Endeavor|||F|||50|,,,,,Ghost]Tyranitar||AssaultVest|SandStream|KnockOff,RockSlide,LowKick,TeraBlast|||M|||50|,,,,,Grass]Raichu||SafetyGoggles|LightningRod|Protect,FakeOut,VoltSwitch,AlluringVoice|||M|||50|,,,,,Grass]Sinistcha||MiracleSeed|Hospitality|Protect,CalmMind,MatchaGotcha,ShadowBall||||||50|,,,,,Dark
|inactive|Battle timer is ON: inactive players will automatically lose when time's up. (requested by JusttestingforVGC)
|inactive|emptinessmach has 60 seconds left.
|inactive|JusttestingforVGC has 60 seconds left.
|inactive|emptinessmach has 30 seconds left.
|
|t:|1757035133
|teamsize|p1|4
|teamsize|p2|4
|start
|switch|p1a: Sneasler|Sneasler, L50, M|100/100
|switch|p1b: Porygon2|Porygon2, L50|100/100
|switch|p2a: Corviknight|Corviknight, L50, M|100/100
|switch|p2b: Garchomp|Garchomp, L50, F|100/100
|-ability|p1b: Porygon2|Download|boost
|-boost|p1b: Porygon2|spa|1
|turn|1
|inactive|emptinessmach has 30 seconds left.
|inactive|JusttestingforVGC has 30 seconds left.
|inactive|JusttestingforVGC has 20 seconds left.
|
|t:|1757035169
|move|p1a: Sneasler|Coaching|p1b: Porygon2
|-boost|p1b: Porygon2|atk|1
|-boost|p1b: Porygon2|def|1
|move|p2b: Garchomp|Earthquake|p1b: Porygon2|[spread] p1a,p1b
|-immune|p2a: Corviknight
|-supereffective|p1a: Sneasler
|-enditem|p1a: Sneasler|Focus Sash
|-damage|p1a: Sneasler|1/100
|-damage|p1b: Porygon2|85/100
|move|p2a: Corviknight|Bulk Up|p2a: Corviknight
|-boost|p2a: Corviknight|atk|1
|-boost|p2a: Corviknight|def|1
|move|p1b: Porygon2|Ice Beam|p2a: Corviknight
|-damage|p2a: Corviknight|62/100
|
|upkeep
|turn|2
|inactive|JusttestingforVGC has 30 seconds left.
|
|t:|1757035194
|move|p1a: Sneasler|Protect|p1a: Sneasler
|-singleturn|p1a: Sneasler|Protect
|move|p2b: Garchomp|Protect|p2b: Garchomp
|-singleturn|p2b: Garchomp|Protect
|move|p2a: Corviknight|Brave Bird|p1a: Sneasler
|-activate|p1a: Sneasler|move: Protect
|move|p1b: Porygon2|Ice Beam|p2b: Garchomp
|-activate|p2b: Garchomp|move: Protect
|
|upkeep
|turn|3
|
|t:|1757035208
|switch|p1a: Incineroar|Incineroar, L50, F|100/100
|-ability|p1a: Incineroar|Intimidate|boost
|-ability|p2a: Corviknight|Mirror Armor
|-unboost|p1a: Incineroar|atk|1
|-unboost|p2b: Garchomp|atk|1
|move|p2b: Garchomp|Earthquake|p1a: Incineroar|[spread] p1a,p1b
|-immune|p2a: Corviknight
|-supereffective|p1a: Incineroar
|-damage|p1a: Incineroar|55/100
|-damage|p1b: Porygon2|74/100
|move|p2a: Corviknight|Brave Bird|p1b: Porygon2
|-damage|p1b: Porygon2|52/100
|-damage|p2a: Corviknight|55/100|[from] Recoil
|move|p1b: Porygon2|Ice Beam|p2a: Corviknight
|-crit|p2a: Corviknight
|-damage|p2a: Corviknight|0 fnt
|faint|p2a: Corviknight
|
|upkeep
|
|t:|1757035227
|switch|p2a: Lycanroc|Lycanroc, L50, F|100/100
|turn|4
|
|t:|1757035233
|move|p2b: Garchomp|Protect|p2b: Garchomp
|-singleturn|p2b: Garchomp|Protect
|move|p2a: Lycanroc|Protect|p2a: Lycanroc
|-singleturn|p2a: Lycanroc|Protect
|move|p1a: Incineroar|Fake Out|p2a: Lycanroc
|-activate|p2a: Lycanroc|move: Protect
|move|p1b: Porygon2|Trick Room|p1b: Porygon2
|-fieldstart|move: Trick Room|[of] p1b: Porygon2
|
|upkeep
|turn|5
|
|t:|1757035243
|switch|p1a: Gholdengo|Gholdengo, L50|100/100
|switch|p2b: Tyranitar|Tyranitar, L50, M|100/100
|-weather|Sandstorm|[from] ability: Sand Stream|[of] p2b: Tyranitar
|move|p1b: Porygon2|Ice Beam|p2b: Tyranitar
|-damage|p2b: Tyranitar|86/100
|move|p2a: Lycanroc|Rock Slide|p1b: Porygon2|[spread] p1a,p1b
|-resisted|p1a: Gholdengo
|-damage|p1a: Gholdengo|87/100
|-damage|p1b: Porygon2|41/100
|
|-weather|Sandstorm|[upkeep]
|-damage|p1b: Porygon2|35/100|[from] Sandstorm
|upkeep
|turn|6
|inactive|emptinessmach has 30 seconds left.
|
|t:|1757035273
|switch|p1a: Incineroar|Incineroar, L50, F|55/100
|-ability|p1a: Incineroar|Intimidate|boost
|-unboost|p2a: Lycanroc|atk|1
|-unboost|p2b: Tyranitar|atk|1
|move|p2b: Tyranitar|Knock Off|p1a: Incineroar
|-resisted|p1a: Incineroar
|-damage|p1a: Incineroar|37/100
|-enditem|p1a: Incineroar|Safety Goggles|[from] move: Knock Off|[of] p2b: Tyranitar
|move|p2a: Lycanroc|Close Combat|p1b: Porygon2
|-supereffective|p1b: Porygon2
|-damage|p1b: Porygon2|14/100
|-unboost|p2a: Lycanroc|def|1
|-unboost|p2a: Lycanroc|spd|1
|move|p1b: Porygon2|Trick Room|p1b: Porygon2
|-fieldend|move: Trick Room
|
|-weather|Sandstorm|[upkeep]
|-damage|p1a: Incineroar|31/100|[from] Sandstorm
|-damage|p1b: Porygon2|8/100|[from] Sandstorm
|upkeep
|turn|7
|
|t:|1757035295
|move|p1a: Incineroar|Fake Out|p2a: Lycanroc
|-resisted|p2a: Lycanroc
|-damage|p2a: Lycanroc|88/100
|cant|p2a: Lycanroc|flinch
|move|p2b: Tyranitar|Rock Slide|p1a: Incineroar|[spread] p1a
|-miss|p2b: Tyranitar|p1b: Porygon2
|-supereffective|p1a: Incineroar
|-damage|p1a: Incineroar|0 fnt
|faint|p1a: Incineroar
|move|p1b: Porygon2|Trick Room|p1b: Porygon2
|-fieldstart|move: Trick Room|[of] p1b: Porygon2
|
|-weather|Sandstorm|[upkeep]
|-damage|p1b: Porygon2|2/100|[from] Sandstorm
|upkeep
|
|t:|1757035299
|switch|p1a: Gholdengo|Gholdengo, L50|87/100
|turn|8
|
|t:|1757035312
|switch|p2a: Garchomp|Garchomp, L50, F|100/100
|-terastallize|p1a: Gholdengo|Water
|move|p1b: Porygon2|Recover|p1b: Porygon2
|-heal|p1b: Porygon2|52/100
|move|p2b: Tyranitar|Knock Off|p1a: Gholdengo
|-damage|p1a: Gholdengo|52/100
|-enditem|p1a: Gholdengo|Life Orb|[from] move: Knock Off|[of] p2b: Tyranitar
|move|p1a: Gholdengo|Make It Rain|p2b: Tyranitar|[spread] p2a,p2b
|-crit|p2a: Garchomp
|-supereffective|p2b: Tyranitar
|-damage|p2a: Garchomp|33/100
|-damage|p2b: Tyranitar|51/100
|-unboost|p1a: Gholdengo|spa|1
|
|-weather|Sandstorm|[upkeep]
|-damage|p1b: Porygon2|45/100|[from] Sandstorm
|-damage|p1a: Gholdengo|46/100|[from] Sandstorm
|-heal|p2a: Garchomp|39/100|[from] item: Leftovers
|upkeep
|turn|9
|inactive|emptinessmach has 30 seconds left.
|inactive|emptinessmach has 20 seconds left.
|
|t:|1757035351
|-terastallize|p2b: Tyranitar|Grass
|move|p1b: Porygon2|Ice Beam|p2a: Garchomp
|-supereffective|p2a: Garchomp
|-damage|p2a: Garchomp|0 fnt
|faint|p2a: Garchomp
|move|p2b: Tyranitar|Tera Blast|p1a: Gholdengo|[anim] Tera Blast Grass
|-supereffective|p1a: Gholdengo
|-damage|p1a: Gholdengo|0 fnt
|faint|p1a: Gholdengo
|
|-weather|none
|upkeep
|
|t:|1757035354
|switch|p1a: Sneasler|Sneasler, L50, M|1/100
|switch|p2a: Lycanroc|Lycanroc, L50, F|88/100
|turn|10
|
|t:|1757035367
|move|p1a: Sneasler|Protect|p1a: Sneasler
|-singleturn|p1a: Sneasler|Protect
|move|p1b: Porygon2|Ice Beam|p2b: Tyranitar
|-supereffective|p2b: Tyranitar
|-damage|p2b: Tyranitar|4/100
|-status|p2b: Tyranitar|frz
|cant|p2b: Tyranitar|frz
|move|p2a: Lycanroc|Rock Slide|p1a: Sneasler|[spread] p1b
|-activate|p1a: Sneasler|move: Protect
|-crit|p1b: Porygon2
|-damage|p1b: Porygon2|22/100
|
|upkeep
|turn|11
|
|t:|1757035376
|move|p1a: Sneasler|Protect|p1a: Sneasler
|-singleturn|p1a: Sneasler|Protect
|move|p1b: Porygon2|Recover|p1b: Porygon2
|-heal|p1b: Porygon2|72/100
|cant|p2b: Tyranitar|frz
|move|p2a: Lycanroc|Rock Slide|p1a: Sneasler|[spread] p1b
|-activate|p1a: Sneasler|move: Protect
|-damage|p1b: Porygon2|61/100
|
|-fieldend|move: Trick Room
|upkeep
|turn|12
|inactive|emptinessmach has 30 seconds left.
|
|t:|1757035402
|move|p1a: Sneasler|Close Combat|p2a: Lycanroc
|-supereffective|p2a: Lycanroc
|-damage|p2a: Lycanroc|0 fnt
|-unboost|p1a: Sneasler|def|1
|-unboost|p1a: Sneasler|spd|1
|faint|p2a: Lycanroc
|cant|p2b: Tyranitar|frz
|move|p1b: Porygon2|Tera Blast|p2b: Tyranitar
|-damage|p2b: Tyranitar|0 fnt
|faint|p2b: Tyranitar
|
|win|emptinessmach
||JusttestingforVGC is ready for game 2.
|inactive|emptinessmach has 30 seconds to confirm battle start!
|inactive|emptinessmach has 20 seconds to confirm battle start!
||emptinessmach is ready for game 2.
|uhtml|next|Next: Game 2 of 3
|l|☆JusttestingforVGC
|player|p2|
