|j|☆Zain06
|j|☆PaquitoelBollito
|html|Zain06PaquitoelBollito    
|uhtml|bestof|Game 3 of a best-of-3
|t:|1783804584
|gametype|doubles
|player|p1|Zain06|hilbert|1093
|player|p2|PaquitoelBollito|102|1053
|gen|9
|tier|[Gen 9 Champions] VGC 2026 Reg M-B (Bo3)
|rated|
|rule|Species Clause: Limit one of each Pokémon
|rule|Item Clause: Limit 1 of each item
|clearpoke
|poke|p1|Archaludon, L50, F|
|poke|p1|Grimmsnarl, L50, M|
|poke|p1|Charizard, L50, M|
|poke|p1|Venusaur, L50, M|
|poke|p1|Pelipper, L50, F|
|poke|p1|Basculegion, L50, M|
|poke|p2|Aerodactyl, L50, M|
|poke|p2|Kingambit, L50, M|
|poke|p2|Garchomp, L50, F|
|poke|p2|Whimsicott, L50, F|
|poke|p2|Incineroar, L50, F|
|poke|p2|Floette-Eternal, L50, F|
|teampreview|4
|showteam|p1|Archaludon||Leftovers|Stamina|ElectroShot,DragonPulse,FlashCannon,Protect|Modest||F|||50|]Grimmsnarl||LightClay|Prankster|LightScreen,Reflect,PartingShot,SpiritBreak|Careful||M|||50|]Charizard||CharizarditeY|Blaze|Protect,WeatherBall,HeatWave,SolarBeam|Modest||M|||50|]Venusaur||Venusaurite|Chlorophyll|SleepPowder,GigaDrain,EarthPower,SludgeBomb|Modest||M|||50|]Pelipper||SitrusBerry|Drizzle|WeatherBall,Protect,Tailwind,Hurricane|Modest||F|||50|]Basculegion||ChoiceScarf|Adaptability|WaveCrash,FlipTurn,AquaJet,LastRespects|Jolly||M|||50|
|showteam|p2|Aerodactyl||Aerodactylite|Unnerve|Tailwind,DualWingbeat,IceFang,RockSlide|Jolly||M|||50|]Kingambit||BlackGlasses|Defiant|SuckerPunch,KowtowCleave,Protect,IronHead|Adamant||M|||50|]Garchomp||LifeOrb|RoughSkin|Protect,DragonClaw,RockSlide,StompingTantrum|Jolly||F|||50|]Whimsicott||FocusSash|Prankster|Tailwind,Moonblast,Protect,Encore|Timid||F|||50|]Incineroar||SitrusBerry|Intimidate|FakeOut,PartingShot,FlareBlitz,ThroatChop|Relaxed||F|||50|]Floette-Eternal||Floettite|FlowerVeil|Protect,DazzlingGleam,Moonblast,LightofRuin|Timid||F|||50|
|inactive|Battle timer is ON: inactive players will automatically lose when time's up. (requested by PaquitoelBollito)
|inactive|PaquitoelBollito has 60 seconds left.
|
|t:|1783804619
|teamsize|p1|4
|teamsize|p2|4
|start
|switch|p1a: Pelipper|Pelipper, L50, F|100/100
|switch|p1b: Basculegion|Basculegion, L50, M|100/100
|switch|p2a: Aerodactyl|Aerodactyl, L50, M|100/100
|switch|p2b: Floette|Floette-Eternal, L50, F|100/100
|-ability|p2a: Aerodactyl|Unnerve
|-weather|RainDance|[from] ability: Drizzle|[of] p1a: Pelipper
|turn|1
|inactive|PaquitoelBollito has 30 seconds left.
|inactive|PaquitoelBollito has 20 seconds left.
|
|t:|1783804658
|detailschange|p2b: Floette|Floette-Mega, L50, F
|-mega|p2b: Floette|Floette|Floettite
|-ability|p2b: Floette|Fairy Aura
|move|p1b: Basculegion|Flip Turn|p2a: Aerodactyl
|-supereffective|p2a: Aerodactyl|1
|-damage|p2a: Aerodactyl|0 fnt
|faint|p2a: Aerodactyl
|
|t:|1783804665
|switch|p1b: Archaludon|Archaludon, L50, F|100/100|[from] Flip Turn
|move|p2b: Floette|Dazzling Gleam|p1a: Pelipper|[spread] p1a,p1b
|-damage|p1a: Pelipper|47/100
|-damage|p1b: Archaludon|58/100
|-ability|p1b: Archaludon|Stamina|boost
|-boost|p1b: Archaludon|def|1
|-enditem|p1a: Pelipper|Sitrus Berry|[eat]
|-heal|p1a: Pelipper|72/100|[from] item: Sitrus Berry
|move|p1a: Pelipper|Weather Ball|p2b: Floette
|-damage|p2b: Floette|51/100
|
|-weather|RainDance|[upkeep]
|-heal|p1b: Archaludon|64/100|[from] item: Leftovers
|upkeep
|
|t:|1783804676
|switch|p2a: Kingambit|Kingambit, L50, M|100/100
|turn|2
|
|t:|1783804697
|move|p2b: Floette|Light of Ruin|p1b: Archaludon
|-damage|p1b: Archaludon|0 fnt
|faint|p1b: Archaludon
|-damage|p2b: Floette|9/100|[from] Recoil
|move|p1a: Pelipper|Weather Ball|p2b: Floette
|-damage|p2b: Floette|0 fnt
|faint|p2b: Floette
|move|p2a: Kingambit|Kowtow Cleave|p1a: Pelipper
|-damage|p1a: Pelipper|12/100
|
|-weather|RainDance|[upkeep]
|upkeep
|
|t:|1783804707
|switch|p2b: Garchomp|Garchomp, L50, F|100/100
|switch|p1b: Charizard|Charizard, L50, M|100/100
|turn|3
|inactive|PaquitoelBollito has 30 seconds left.
|
|t:|1783804733
|detailschange|p1b: Charizard|Charizard-Mega-Y, L50, M
|-mega|p1b: Charizard|Charizard|Charizardite Y
|-weather|SunnyDay|[from] ability: Drought|[of] p1b: Charizard
|move|p1b: Charizard|Protect|p1b: Charizard
|-singleturn|p1b: Charizard|Protect
|move|p2b: Garchomp|Rock Slide|p1a: Pelipper|[spread] p1a
|-activate|p1b: Charizard|move: Protect
|-supereffective|p1a: Pelipper|1
|-damage|p1a: Pelipper|0 fnt
|faint|p1a: Pelipper
|-damage|p2b: Garchomp|90/100|[from] item: Life Orb
|move|p2a: Kingambit|Kowtow Cleave|p1b: Charizard
|-activate|p1b: Charizard|move: Protect
|
|-weather|SunnyDay|[upkeep]
|upkeep
|
|t:|1783804740
|switch|p1a: Basculegion|Basculegion, L50, M|100/100
|turn|4
|
|t:|1783804763
|move|p1a: Basculegion|Aqua Jet|p2b: Garchomp
|-damage|p2b: Garchomp|79/100
|-damage|p1a: Basculegion|87/100|[from] ability: Rough Skin|[of] p2b: Garchomp
|move|p2a: Kingambit|Sucker Punch||[still]
|-fail|p2a: Kingambit
|move|p2b: Garchomp|Rock Slide|p1a: Basculegion|[spread] p1a,p1b
|-supereffective|p1b: Charizard|2
|-damage|p1a: Basculegion|59/100
|-damage|p1b: Charizard|0 fnt
|faint|p1b: Charizard
|-damage|p2b: Garchomp|69/100|[from] item: Life Orb
|
|-weather|SunnyDay|[upkeep]
|upkeep
|turn|5
|
|t:|1783804779
|move|p1a: Basculegion|Aqua Jet|p2b: Garchomp
|-damage|p2b: Garchomp|57/100
|-damage|p1a: Basculegion|47/100|[from] ability: Rough Skin|[of] p2b: Garchomp
|move|p2b: Garchomp|Dragon Claw|p1a: Basculegion
|-damage|p1a: Basculegion|0 fnt
|faint|p1a: Basculegion
|-damage|p2b: Garchomp|48/100|[from] item: Life Orb
|
|win|PaquitoelBollito
|raw|Zain06's rating: 1093 → 1066(-27 for losing)
|raw|PaquitoelBollito's rating: 1053 → 1089(+36 for winning)
