|j|☆gigase
|j|☆axcoquette
|html|gigaseaxcoquette    
|uhtml|bestof|Game 1 of a best-of-3
|t:|1783971029
|gametype|doubles
|player|p1|gigase|1|1147
|player|p2|axcoquette|maid|1158
|gen|9
|tier|[Gen 9 Champions] VGC 2026 Reg M-B (Bo3)
|rated|
|rule|Species Clause: Limit one of each Pokémon
|rule|Item Clause: Limit 1 of each item
|clearpoke
|poke|p1|Tyranitar, L50, F|
|poke|p1|Sneasler, L50, M|
|poke|p1|Incineroar, L50, M|
|poke|p1|Milotic, L50, M|
|poke|p1|Sinistcha, L50|
|poke|p1|Floette-Eternal, L50, F|
|poke|p2|Ceruledge, L50, F|
|poke|p2|Glimmora, L50, M|
|poke|p2|Weavile, L50, M|
|poke|p2|Raichu, L50, M|
|poke|p2|Tsareena, L50, F|
|poke|p2|Milotic, L50, M|
|teampreview|4
|showteam|p1|Tyranitar||Tyranitarite|SandStream|RockSlide,KnockOff,DragonDance,Protect|Jolly||F|||50|]Sneasler||FocusSash|PoisonTouch|FakeOut,DireClaw,Protect,CloseCombat|Jolly||M|||50|]Incineroar||SitrusBerry|Intimidate|FakeOut,FlareBlitz,PartingShot,ThroatChop|Careful||M|||50|]Milotic||WideLens|MarvelScale|Scald,Coil,Hypnosis,Recover|Bold||M|||50|]Sinistcha||KasibBerry|Hospitality|MatchaGotcha,RagePowder,LifeDew,Protect|Bold|||||50|]Floette-Eternal||Floettite|FlowerVeil|DazzlingGleam,Moonblast,CalmMind,Protect|Timid||F|||50|
|showteam|p2|Ceruledge||ColburBerry|FlashFire|BitterBlade,ShadowSneak,BulkUp,Protect|Impish||F|||50|]Glimmora||Glimmoranite|ToxicDebris|SpikyShield,PowerGem,EarthPower,SludgeBomb|Timid||M|||50|]Weavile||FocusSash|Pressure|IcePunch,FakeOut,Protect,KnockOff|Jolly||M|||50|]Raichu||RaichuniteY|LightningRod|FakeOut,FocusBlast,ZapCannon,Protect|Timid||M|||50|]Tsareena||ChoiceScarf|QueenlyMajesty|TropKick,LowKick,Uturn,GigaImpact|Jolly||F|||50|]Milotic||Leftovers|Competitive|Coil,Hypnosis,MuddyWater,Recover|Calm||M|||50|
|inactive|Battle timer is ON: inactive players will automatically lose when time's up. (requested by axcoquette)
|inactive|gigase has 60 seconds left.
|inactive|gigase has 30 seconds left.
|inactive|gigase has 20 seconds left.
|inactive|gigase has 15 seconds left.
|inactive|gigase has 10 seconds left.
|inactive|gigase has 5 seconds left.
|
|t:|1783971118
|teamsize|p1|4
|teamsize|p2|4
|start
|switch|p1a: Sinistcha|Sinistcha, L50|100/100
|switch|p1b: Tyranitar|Tyranitar, L50, F|100/100
|switch|p2a: Glimmora|Glimmora, L50, M|100/100
|switch|p2b: Milotic|Milotic, L50, M|100/100
|-weather|Sandstorm|[from] ability: Sand Stream|[of] p1b: Tyranitar
|turn|1
|inactive|gigase has 30 seconds left.
|inactive|axcoquette has 30 seconds left.
|inactive|gigase has 20 seconds left.
|
|t:|1783971155
|detailschange|p2a: Glimmora|Glimmora-Mega, L50, M
|-mega|p2a: Glimmora|Glimmora|Glimmoranite
|detailschange|p1b: Tyranitar|Tyranitar-Mega, L50, F
|-mega|p1b: Tyranitar|Tyranitar|Tyranitarite
|move|p1a: Sinistcha|Rage Powder|p1a: Sinistcha
|-singleturn|p1a: Sinistcha|move: Rage Powder
|move|p2a: Glimmora|Sludge Bomb|p1a: Sinistcha
|-damage|p1a: Sinistcha|30/100
|move|p1b: Tyranitar|Dragon Dance|p1b: Tyranitar
|-boost|p1b: Tyranitar|atk|1
|-boost|p1b: Tyranitar|spe|1
|move|p2b: Milotic|Muddy Water|p1b: Tyranitar|[spread] p1a,p1b
|-resisted|p1a: Sinistcha|1
|-supereffective|p1b: Tyranitar|1
|-damage|p1a: Sinistcha|20/100y
|-damage|p1b: Tyranitar|73/100
|
|-weather|Sandstorm|[upkeep]
|-damage|p2b: Milotic|94/100|[from] Sandstorm
|-damage|p1a: Sinistcha|14/100|[from] Sandstorm
|-heal|p2b: Milotic|100/100|[from] item: Leftovers
|upkeep
|turn|2
|inactive|gigase has 30 seconds left.
|inactive|gigase has 20 seconds left.
|
|t:|1783971193
|switch|p1a: Incineroar|Incineroar, L50, M|100/100
|-ability|p1a: Incineroar|Intimidate|boost
|-unboost|p2a: Glimmora|atk|1
|-unboost|p2b: Milotic|atk|1
|-ability|p2b: Milotic|Competitive|boost
|-boost|p2b: Milotic|spa|2
|move|p1b: Tyranitar|Protect|p1b: Tyranitar
|-singleturn|p1b: Tyranitar|Protect
|move|p2a: Glimmora|Sludge Bomb|p1a: Incineroar
|-crit|p1a: Incineroar
|-damage|p1a: Incineroar|21/100
|-enditem|p1a: Incineroar|Sitrus Berry|[eat]
|-heal|p1a: Incineroar|46/100|[from] item: Sitrus Berry
|move|p2b: Milotic|Coil|p2b: Milotic
|-boost|p2b: Milotic|atk|1
|-boost|p2b: Milotic|def|1
|-boost|p2b: Milotic|accuracy|1
|
|-weather|Sandstorm|[upkeep]
|-damage|p2b: Milotic|94/100|[from] Sandstorm
|-damage|p1a: Incineroar|40/100|[from] Sandstorm
|-heal|p2b: Milotic|100/100|[from] item: Leftovers
|upkeep
|turn|3
|
|t:|1783971212
|move|p2a: Glimmora|Spiky Shield|p2a: Glimmora
|-singleturn|p2a: Glimmora|move: Protect
|move|p1a: Incineroar|Fake Out|p2a: Glimmora
|-activate|p2a: Glimmora|move: Protect
|-damage|p1a: Incineroar|27/100|[from] Spiky Shield|[of] p2a: Glimmora
|move|p1b: Tyranitar|Rock Slide|p2a: Glimmora|[spread] p2b
|-activate|p2a: Glimmora|move: Protect
|-damage|p2b: Milotic|71/100
|move|p2b: Milotic|Muddy Water|p1b: Tyranitar|[spread] p1a,p1b
|-supereffective|p1a: Incineroar|1
|-crit|p1a: Incineroar
|-supereffective|p1b: Tyranitar|1
|-damage|p1a: Incineroar|0 fnt
|-damage|p1b: Tyranitar|18/100
|faint|p1a: Incineroar
|
|-weather|Sandstorm|[upkeep]
|-damage|p2b: Milotic|65/100|[from] Sandstorm
|-heal|p2b: Milotic|71/100|[from] item: Leftovers
|upkeep
|
|t:|1783971226
|switch|p1a: Sneasler|Sneasler, L50, M|100/100
|turn|4
|inactive|gigase has 30 seconds left.
|inactive|axcoquette has 30 seconds left.
|inactive|gigase has 20 seconds left.
|
|t:|1783971262
|switch|p1a: Sinistcha|Sinistcha, L50|14/100
|-heal|p1b: Tyranitar|42/100|[from] ability: Hospitality|[of] p1a: Sinistcha
|move|p1b: Tyranitar|Protect|p1b: Tyranitar
|-singleturn|p1b: Tyranitar|Protect
|move|p2a: Glimmora|Sludge Bomb|p1b: Tyranitar
|-activate|p1b: Tyranitar|move: Protect
|move|p2b: Milotic|Muddy Water|p1a: Sinistcha|[spread] p1a
|-activate|p1b: Tyranitar|move: Protect
|-resisted|p1a: Sinistcha|1
|-damage|p1a: Sinistcha|0 fnt
|faint|p1a: Sinistcha
|
|-weather|Sandstorm|[upkeep]
|-damage|p2b: Milotic|65/100|[from] Sandstorm
|-heal|p2b: Milotic|71/100|[from] item: Leftovers
|upkeep
|
|t:|1783971278
|switch|p1a: Sneasler|Sneasler, L50, M|100/100
|turn|5
|
|t:|1783971286
|move|p1b: Tyranitar|Knock Off|p2b: Milotic
|-damage|p2b: Milotic|21/100
|-enditem|p2b: Milotic|Leftovers|[from] move: Knock Off|[of] p1b: Tyranitar
|move|p1a: Sneasler|Close Combat|p2b: Milotic
|-damage|p2b: Milotic|0 fnt
|-unboost|p1a: Sneasler|def|1
|-unboost|p1a: Sneasler|spd|1
|faint|p2b: Milotic
|move|p2a: Glimmora|Earth Power|p1b: Tyranitar
|-supereffective|p1b: Tyranitar|1
|-damage|p1b: Tyranitar|3/100
|
|-weather|none
|upkeep
|
|t:|1783971299
|switch|p2b: Ceruledge|Ceruledge, L50, F|100/100
|turn|6
|
|t:|1783971317
|move|p2b: Ceruledge|Shadow Sneak|p1b: Tyranitar
|-resisted|p1b: Tyranitar|1
|-damage|p1b: Tyranitar|0 fnt
|faint|p1b: Tyranitar
|move|p1a: Sneasler|Dire Claw|p2b: Ceruledge
|-resisted|p2b: Ceruledge|1
|-crit|p2b: Ceruledge
|-damage|p2b: Ceruledge|70/100
|move|p2a: Glimmora|Earth Power|p1a: Sneasler
|-supereffective|p1a: Sneasler|1
|-enditem|p1a: Sneasler|Focus Sash
|-damage|p1a: Sneasler|1/100
|
|upkeep
|turn|7
|-message|gigase forfeited.
|
|win|axcoquette
