|j|☆jeanmape
|j|‽M1ido
|html|jeanmapeM1ido    
|uhtml|bestof|Game 3 of a best-of-3
|t:|1782295373
|gametype|doubles
|player|p1|jeanmape|linebacker|1133
|player|p2|M1ido|scientist-gen4|1188
|gen|9
|tier|[Gen 9 Champions] VGC 2026 Reg M-B (Bo3)
|rated|
|rule|Species Clause: Limit one of each Pokémon
|rule|Item Clause: Limit 1 of each item
|clearpoke
|poke|p1|Archaludon, L50, M|
|poke|p1|Pelipper, L50, F, shiny|
|poke|p1|Grimmsnarl, L50, M|
|poke|p1|Metagross, L50, shiny|
|poke|p1|Sinistcha, L50|
|poke|p1|Swampert, L50, M, shiny|
|poke|p2|Staraptor, L50, M, shiny|
|poke|p2|Sinistcha, L50|
|poke|p2|Grimmsnarl, L50, M, shiny|
|poke|p2|Delphox, L50, F, shiny|
|poke|p2|Basculegion, L50, M, shiny|
|poke|p2|Maushold, L50|
|teampreview|4
|showteam|p1|Archaludon||Leftovers|Stamina|Protect,ElectroShot,FlashCannon,DragonPulse|Modest||M|||50|]Pelipper||SitrusBerry|Drizzle|WideGuard,Tailwind,WeatherBall,Hurricane|Modest||F|||50|]Grimmsnarl||LightClay|Prankster|FoulPlay,PartingShot,LightScreen,Reflect|Calm||M|||50|]Metagross||Metagrossite|ClearBody|Protect,BodyPress,PsychicFangs,IronHead|Jolly|||||50|]Sinistcha||CobaBerry|Hospitality|Protect,TrickRoom,MatchaGotcha,RagePowder|Bold|||||50|]Swampert||Swampertite|Damp|Protect,IcePunch,WaveCrash,Earthquake|Adamant||M|||50|
|showteam|p2|Staraptor||Staraptite|Intimidate|BraveBird,CloseCombat,Roost,Protect|Jolly||M|||50|]Sinistcha||OccaBerry|Hospitality|MatchaGotcha,RagePowder,TrickRoom,Protect|Bold|||||50|]Grimmsnarl||LightClay|Prankster|LightScreen,Reflect,FoulPlay,PartingShot|Calm||M|||50|]Delphox||Delphoxite|Blaze|HeatWave,Psychic,NastyPlot,Protect|Timid||F|||50|]Basculegion||LifeOrb|Adaptability|LastRespects,AquaJet,WaveCrash,Protect|Jolly||M|||50|]Maushold||FocusSash|FriendGuard|FollowMe,SuperFang,Tickle,Protect|Timid|||||50|
|inactive|Battle timer is ON: inactive players will automatically lose when time's up. (requested by M1ido)
|inactive|jeanmape has 60 seconds left.
|
|t:|1782295428
|teamsize|p1|4
|teamsize|p2|4
|start
|switch|p1a: Metagross|Metagross, L50, shiny|100/100
|switch|p1b: Grimmsnarl|Grimmsnarl, L50, M|100/100
|switch|p2a: Staraptor|Staraptor, L50, M, shiny|100/100
|switch|p2b: Maushold|Maushold, L50|100/100
|-ability|p2a: Staraptor|Intimidate|boost
|-fail|p1a: Metagross|unboost|[from] ability: Clear Body|[of] p1a: Metagross
|-unboost|p1b: Grimmsnarl|atk|1
|turn|1
|inactive|jeanmape has 30 seconds left.
|inactive|M1ido has 30 seconds left.
|
|t:|1782295460
|detailschange|p2a: Staraptor|Staraptor-Mega, L50, M, shiny
|-mega|p2a: Staraptor|Staraptor|Staraptite
|detailschange|p1a: Metagross|Metagross-Mega, L50, shiny
|-mega|p1a: Metagross|Metagross|Metagrossite
|move|p2b: Maushold|Tickle|p2a: Staraptor
|-boost|p2a: Staraptor|atk|1
|-boost|p2a: Staraptor|def|1
|move|p2a: Staraptor|Close Combat|p1a: Metagross
|-damage|p1a: Metagross|30/100
|-boost|p2a: Staraptor|def|1
|-boost|p2a: Staraptor|spd|1
|move|p1a: Metagross|Body Press|p2b: Maushold
|-supereffective|p2b: Maushold|1
|-damage|p2b: Maushold|17/100
|move|p1b: Grimmsnarl|Foul Play|p2b: Maushold
|-damage|p2b: Maushold|0 fnt
|faint|p2b: Maushold
|
|upkeep
|inactive|M1ido has 30 seconds left.
|
|t:|1782295489
|switch|p2b: Sinistcha|Sinistcha, L50|100/100
|turn|2
|
|t:|1782295517
|move|p1a: Metagross|Protect|p1a: Metagross
|-singleturn|p1a: Metagross|Protect
|move|p2b: Sinistcha|Protect|p2b: Sinistcha
|-singleturn|p2b: Sinistcha|Protect
|move|p1b: Grimmsnarl|Reflect|p1b: Grimmsnarl
|-sidestart|p1: jeanmape|Reflect
|move|p2a: Staraptor|Close Combat|p1b: Grimmsnarl
|-damage|p1b: Grimmsnarl|40/100
|-boost|p2a: Staraptor|def|1
|-boost|p2a: Staraptor|spd|1
|
|upkeep
|turn|3
|
|t:|1782295540
|switch|p1a: Pelipper|Pelipper, L50, F, shiny|100/100
|-weather|RainDance|[from] ability: Drizzle|[of] p1a: Pelipper
|move|p2b: Sinistcha|Rage Powder|p2b: Sinistcha
|-singleturn|p2b: Sinistcha|move: Rage Powder
|move|p2a: Staraptor|Brave Bird|p1b: Grimmsnarl
|-damage|p1b: Grimmsnarl|0 fnt
|faint|p1b: Grimmsnarl
|-damage|p2a: Staraptor|84/100|[from] Recoil
|
|-weather|RainDance|[upkeep]
|upkeep
|
|t:|1782295554
|switch|p1b: Metagross|Metagross-Mega, L50, shiny|30/100
|turn|4
|
|t:|1782295572
|move|p1b: Metagross|Protect|p1b: Metagross
|-singleturn|p1b: Metagross|Protect
|move|p2b: Sinistcha|Rage Powder|p2b: Sinistcha
|-singleturn|p2b: Sinistcha|move: Rage Powder
|move|p2a: Staraptor|Close Combat|p1b: Metagross
|-activate|p1b: Metagross|move: Protect
|move|p1a: Pelipper|Tailwind|p1a: Pelipper
|-sidestart|p1: jeanmape|move: Tailwind
|
|-weather|RainDance|[upkeep]
|upkeep
|turn|5
|
|t:|1782295595
|switch|p1b: Archaludon|Archaludon, L50, M|100/100
|move|p2b: Sinistcha|Rage Powder|p2b: Sinistcha
|-singleturn|p2b: Sinistcha|move: Rage Powder
|move|p1a: Pelipper|Hurricane|p2b: Sinistcha
|-supereffective|p2b: Sinistcha|1
|-damage|p2b: Sinistcha|14/100
|move|p2a: Staraptor|Close Combat|p1b: Archaludon
|-supereffective|p1b: Archaludon|1
|-damage|p1b: Archaludon|6/100
|-boost|p2a: Staraptor|def|1
|-boost|p2a: Staraptor|spd|1
|-ability|p1b: Archaludon|Stamina|boost
|-boost|p1b: Archaludon|def|1
|
|-weather|RainDance|[upkeep]
|-heal|p1b: Archaludon|12/100|[from] item: Leftovers
|upkeep
|turn|6
|inactive|M1ido has 30 seconds left.
|inactive|M1ido has 20 seconds left.
|
|t:|1782295632
|move|p1b: Archaludon|Protect|p1b: Archaludon
|-singleturn|p1b: Archaludon|Protect
|move|p2b: Sinistcha|Rage Powder|p2b: Sinistcha
|-singleturn|p2b: Sinistcha|move: Rage Powder
|move|p1a: Pelipper|Hurricane|p2b: Sinistcha
|-supereffective|p2b: Sinistcha|1
|-damage|p2b: Sinistcha|0 fnt
|faint|p2b: Sinistcha
|move|p2a: Staraptor|Close Combat|p1b: Archaludon
|-activate|p1b: Archaludon|move: Protect
|
|-weather|RainDance|[upkeep]
|-heal|p1b: Archaludon|18/100|[from] item: Leftovers
|upkeep
|
|t:|1782295635
|switch|p2b: Basculegion|Basculegion, L50, M, shiny|100/100
|turn|7
|
|t:|1782295659
|move|p2b: Basculegion|Protect|p2b: Basculegion
|-singleturn|p2b: Basculegion|Protect
|move|p1b: Archaludon|Electro Shot||[still]
|-prepare|p1b: Archaludon|Electro Shot
|-boost|p1b: Archaludon|spa|1
|-anim|p1b: Archaludon|Electro Shot|p2b: Basculegion
|-activate|p2b: Basculegion|move: Protect
|move|p1a: Pelipper|Hurricane|p2a: Staraptor
|-supereffective|p2a: Staraptor|1
|-damage|p2a: Staraptor|49/100
|-start|p2a: Staraptor|confusion
|-activate|p2a: Staraptor|confusion
|-damage|p2a: Staraptor|41/100|[from] confusion
|
|-weather|none
|-heal|p1b: Archaludon|24/100|[from] item: Leftovers
|-sideend|p1: jeanmape|move: Tailwind
|upkeep
|turn|8
|inactive|M1ido has 30 seconds left.
|inactive|jeanmape has 30 seconds left.
|
|t:|1782295698
|-end|p2a: Staraptor|confusion
|move|p2a: Staraptor|Roost|p2a: Staraptor
|-heal|p2a: Staraptor|92/100
|-singleturn|p2a: Staraptor|move: Roost
|move|p2b: Basculegion|Last Respects|p1b: Archaludon
|-damage|p1b: Archaludon|0 fnt
|faint|p1b: Archaludon
|-damage|p2b: Basculegion|90/100|[from] item: Life Orb
|move|p1a: Pelipper|Tailwind|p1a: Pelipper
|-sidestart|p1: jeanmape|move: Tailwind
|
|upkeep
|
|t:|1782295709
|switch|p1b: Metagross|Metagross-Mega, L50, shiny|30/100
|turn|9
|
|t:|1782295724
|move|p2a: Staraptor|Protect|p2a: Staraptor
|-singleturn|p2a: Staraptor|Protect
|move|p2b: Basculegion|Protect|p2b: Basculegion
|-singleturn|p2b: Basculegion|Protect
|move|p1b: Metagross|Psychic Fangs|p2a: Staraptor
|-activate|p2a: Staraptor|move: Protect
|move|p1a: Pelipper|Hurricane|p2b: Basculegion
|-activate|p2b: Basculegion|move: Protect
|
|-sideend|p1: jeanmape|Reflect
|upkeep
|turn|10
|c|☆jeanmape|gg
|
|t:|1782295745
|move|p1b: Metagross|Psychic Fangs|p2a: Staraptor
|-supereffective|p2a: Staraptor|1
|-damage|p2a: Staraptor|47/100
|move|p1a: Pelipper|Hurricane|p2a: Staraptor
|-supereffective|p2a: Staraptor|1
|-damage|p2a: Staraptor|12/100
|-start|p2a: Staraptor|confusion
|-activate|p2a: Staraptor|confusion
|-damage|p2a: Staraptor|4/100|[from] confusion
|move|p2b: Basculegion|Last Respects|p1a: Pelipper
|-damage|p1a: Pelipper|0 fnt
|faint|p1a: Pelipper
|-damage|p2b: Basculegion|80/100|[from] item: Life Orb
|
|upkeep
|turn|11
|
|t:|1782295766
|move|p1b: Metagross|Iron Head|p2b: Basculegion
|-resisted|p2b: Basculegion|1
|-damage|p2b: Basculegion|40/100
|-activate|p2a: Staraptor|confusion
|move|p2a: Staraptor|Close Combat|p1b: Metagross
|-damage|p1b: Metagross|0 fnt
|-boost|p2a: Staraptor|def|1
|-boost|p2a: Staraptor|spd|1
|faint|p1b: Metagross
|
|win|M1ido
|raw|jeanmape's rating: 1133 → 1112(-21 for losing)
|raw|M1ido's rating: 1188 → 1209(+21 for winning)
|l|‽M1ido
|player|p2|
