|j|☆doingVGCthings
|j|☆Qicide
|html|doingVGCthingsQicide    
|uhtml|bestof|Game 2 of a best-of-3
|t:|1756845148
|gametype|doubles
|player|p1|doingVGCthings|swimmer-gen4dp|1127
|player|p2|Qicide|red|1238
|gen|9
|tier|[Gen 9] VGC 2025 Reg H (Bo3)
|rated|
|rule|Species Clause: Limit one of each Pokémon
|rule|Item Clause: Limit 1 of each item
|clearpoke
|poke|p1|Volcarona, L50, M|
|poke|p1|Electabuzz, L50, M|
|poke|p1|Sneasler, L50, M|
|poke|p1|Rillaboom, L50, M|
|poke|p1|Dragonite, L50, M|
|poke|p1|Annihilape, L50, F|
|poke|p2|Porygon2, L50|
|poke|p2|Incineroar, L50, F|
|poke|p2|Ursaluna, L50, M|
|poke|p2|Jumpluff, L50, F|
|poke|p2|Charizard, L50, F|
|poke|p2|Torkoal, L50, M|
|teampreview|4
|showteam|p1|Volcarona||CovertCloak|FlameBody|Protect,HeatWave,TeraBlast,QuiverDance|||M|||50|,,,,,Fairy]Electabuzz||Eviolite|VitalSpirit|Protect,Thunderbolt,Taunt,FollowMe|||M|||50|,,,,,Ghost]Sneasler||FocusSash|Unburden|Protect,DireClaw,CloseCombat,Coaching|||M|||50|,,,,,Stellar]Rillaboom||AssaultVest|GrassySurge|WoodHammer,GrassyGlide,HighHorsepower,FakeOut|||M|||50|,,,,,Fire]Dragonite||LoadedDice|Multiscale|Protect,ScaleShot,ExtremeSpeed,Haze|||M|||50|,,,,,Normal]Annihilape||SafetyGoggles|Defiant|Protect,RageFist,DrainPunch,BulkUp|||F|||50|,,,,,Water
|showteam|p2|Porygon2||Eviolite|Download|TeraBlast,IceBeam,TrickRoom,Recover||||||50|,,,,,Fighting]Incineroar||SitrusBerry|Intimidate|FakeOut,KnockOff,FlareBlitz,PartingShot|||F|||50|,,,,,Ghost]Ursaluna||FlameOrb|Guts|HeadlongRush,Facade,Earthquake,Protect|||M|||50|,,,,,Ghost]Jumpluff||CovertCloak|Chlorophyll|RagePowder,PollenPuff,Tailwind,SleepPowder|||F|||50|,,,,,Water]Charizard||ChoiceSpecs|SolarPower|HeatWave,Overheat,WeatherBall,DragonPulse|||F|||50|,,,,,Ghost]Torkoal||EjectPack|Drought|Overheat,Eruption,HelpingHand,Protect|||M|||50|,,,,,Fire
|inactive|Battle timer is ON: inactive players will automatically lose when time's up. (requested by doingVGCthings)
|inactive|Qicide also wants the timer to be on.
|inactive|doingVGCthings has 60 seconds left.
|
|t:|1756845182
|teamsize|p1|4
|teamsize|p2|4
|start
|switch|p1a: Annihilape|Annihilape, L50, F|100/100
|switch|p1b: Volcarona|Volcarona, L50, M|100/100
|switch|p2a: Jumpluff|Jumpluff, L50, F|100/100
|switch|p2b: Ursaluna|Ursaluna, L50, M|100/100
|turn|1
|inactive|Qicide has 30 seconds left.
|
|t:|1756845209
|switch|p1b: Rillaboom|Rillaboom, L50, M|100/100
|-fieldstart|move: Grassy Terrain|[from] ability: Grassy Surge|[of] p1b: Rillaboom
|-terastallize|p2b: Ursaluna|Ghost
|move|p2a: Jumpluff|Tailwind|p2a: Jumpluff
|-sidestart|p2: Qicide|move: Tailwind
|move|p2b: Ursaluna|Earthquake|p1b: Rillaboom|[spread] p1a,p1b
|-immune|p2a: Jumpluff
|-resisted|p1b: Rillaboom
|-damage|p1a: Annihilape|77/100
|-damage|p1b: Rillaboom|91/100
|move|p1a: Annihilape|Bulk Up|p1a: Annihilape
|-boost|p1a: Annihilape|atk|1
|-boost|p1a: Annihilape|def|1
|
|-heal|p1a: Annihilape|82/100|[from] Grassy Terrain
|-heal|p1b: Rillaboom|97/100|[from] Grassy Terrain
|-status|p2b: Ursaluna|brn|[from] item: Flame Orb
|upkeep
|turn|2
|inactive|doingVGCthings has 30 seconds left.
|
|t:|1756845237
|switch|p2a: Charizard|Charizard, L50, F, shiny|100/100
|move|p2b: Ursaluna|Protect|p2b: Ursaluna
|-singleturn|p2b: Ursaluna|Protect
|move|p1b: Rillaboom|Grassy Glide|p2b: Ursaluna
|-activate|p2b: Ursaluna|move: Protect
|move|p1a: Annihilape|Rage Fist|p2b: Ursaluna
|-activate|p2b: Ursaluna|move: Protect
|
|-heal|p1a: Annihilape|88/100|[from] Grassy Terrain
|-heal|p1b: Rillaboom|100/100|[from] Grassy Terrain
|-damage|p2b: Ursaluna|95/100 brn|[from] brn
|upkeep
|turn|3
|
|t:|1756845248
|switch|p1b: Dragonite|Dragonite, L50, M|100/100
|move|p1a: Annihilape|Protect|p1a: Annihilape
|-singleturn|p1a: Annihilape|Protect
|move|p2a: Charizard|Heat Wave|p1b: Dragonite|[spread] p1b
|-activate|p1a: Annihilape|move: Protect
|-resisted|p1b: Dragonite
|-damage|p1b: Dragonite|88/100
|-status|p1b: Dragonite|brn
|move|p2b: Ursaluna|Earthquake|p1a: Annihilape|[spread] 
|-activate|p1a: Annihilape|move: Protect
|-immune|p2a: Charizard
|-immune|p1b: Dragonite
|
|-heal|p2b: Ursaluna|100/100 brn|[from] Grassy Terrain
|-heal|p1a: Annihilape|94/100|[from] Grassy Terrain
|-damage|p2b: Ursaluna|95/100 brn|[from] brn
|-damage|p1b: Dragonite|82/100 brn|[from] brn
|upkeep
|turn|4
|
|t:|1756845270
|switch|p2b: Torkoal|Torkoal, L50, M|100/100
|-weather|SunnyDay|[from] ability: Drought|[of] p2b: Torkoal
|-terastallize|p1a: Annihilape|Water
|move|p2a: Charizard|Heat Wave|p1a: Annihilape|[spread] p1a,p1b
|-resisted|p1a: Annihilape
|-resisted|p1b: Dragonite
|-damage|p1a: Annihilape|48/100
|-damage|p1b: Dragonite|29/100 brn
|move|p1a: Annihilape|Rage Fist|p2b: Torkoal
|-damage|p2b: Torkoal|24/100
|move|p1b: Dragonite|Scale Shot|p2a: Charizard
|-damage|p2a: Charizard|90/100
|-damage|p2a: Charizard|80/100
|-damage|p2a: Charizard|71/100
|-damage|p2a: Charizard|61/100
|-damage|p2a: Charizard|49/100
|-hitcount|p2a: Charizard|5
|-unboost|p1b: Dragonite|def|1
|-boost|p1b: Dragonite|spe|1
|
|-weather|SunnyDay|[upkeep]
|-damage|p2a: Charizard|37/100|[from] ability: Solar Power|[of] p2a: Charizard
|-heal|p1a: Annihilape|54/100|[from] Grassy Terrain
|-heal|p2b: Torkoal|30/100|[from] Grassy Terrain
|-damage|p1b: Dragonite|23/100 brn|[from] brn
|-sideend|p2: Qicide|move: Tailwind
|upkeep
|turn|5
|inactive|doingVGCthings has 30 seconds left.
|inactive|Qicide has 30 seconds left.
|inactive|doingVGCthings has 20 seconds left.
|inactive|doingVGCthings has 15 seconds left.
|
|t:|1756845311
|switch|p2a: Jumpluff|Jumpluff, L50, F|100/100
|move|p1b: Dragonite|Scale Shot|p2b: Torkoal
|-damage|p2b: Torkoal|24/100
|-damage|p2b: Torkoal|19/100
|-damage|p2b: Torkoal|14/100
|-damage|p2b: Torkoal|9/100
|-damage|p2b: Torkoal|4/100
|-hitcount|p2b: Torkoal|5
|-unboost|p1b: Dragonite|def|1
|-boost|p1b: Dragonite|spe|1
|move|p1a: Annihilape|Rage Fist|p2a: Jumpluff
|-damage|p2a: Jumpluff|0 fnt
|faint|p2a: Jumpluff
|move|p2b: Torkoal|Overheat|p1a: Annihilape
|-resisted|p1a: Annihilape
|-damage|p1a: Annihilape|15/100
|-unboost|p2b: Torkoal|spa|2
|-enditem|p2b: Torkoal|Eject Pack
|
|t:|1756845321
|switch|p2b: Charizard|Charizard, L50, F, shiny|37/100
|
|-weather|SunnyDay|[upkeep]
|-damage|p2b: Charizard|25/100|[from] ability: Solar Power|[of] p2b: Charizard
|-heal|p1a: Annihilape|21/100|[from] Grassy Terrain
|-damage|p1b: Dragonite|17/100 brn|[from] brn
|-fieldend|move: Grassy Terrain
|upkeep
|
|t:|1756845324
|switch|p2a: Ursaluna|Ursaluna, L50, M, tera:Ghost|95/100 brn
|turn|6
|
|t:|1756845340
|move|p1b: Dragonite|Protect|p1b: Dragonite
|-singleturn|p1b: Dragonite|Protect
|move|p1a: Annihilape|Protect|p1a: Annihilape
|-singleturn|p1a: Annihilape|Protect
|move|p2a: Ursaluna|Protect|p2a: Ursaluna
|-singleturn|p2a: Ursaluna|Protect
|move|p2b: Charizard|Dragon Pulse|p1a: Annihilape
|-activate|p1a: Annihilape|move: Protect
|
|-weather|SunnyDay|[upkeep]
|-damage|p2b: Charizard|12/100|[from] ability: Solar Power|[of] p2b: Charizard
|-damage|p1b: Dragonite|12/100 brn|[from] brn
|-damage|p2a: Ursaluna|89/100 brn|[from] brn
|upkeep
|turn|7
|
|t:|1756845361
|switch|p2a: Torkoal|Torkoal, L50, M|4/100
|move|p1b: Dragonite|Extreme Speed|p2b: Charizard
|-damage|p2b: Charizard|0 fnt
|faint|p2b: Charizard
|move|p1a: Annihilape|Rage Fist|p2a: Torkoal
|-damage|p2a: Torkoal|0 fnt
|faint|p2a: Torkoal
|
|-weather|SunnyDay|[upkeep]
|-damage|p1b: Dragonite|6/100 brn|[from] brn
|upkeep
|
|t:|1756845367
|switch|p2b: Ursaluna|Ursaluna, L50, M, tera:Ghost|89/100 brn
|turn|8
|
|t:|1756845379
|move|p1b: Dragonite|Scale Shot|p2b: Ursaluna
|-damage|p2b: Ursaluna|83/100 brn
|-damage|p2b: Ursaluna|77/100 brn
|-damage|p2b: Ursaluna|72/100 brn
|-damage|p2b: Ursaluna|66/100 brn
|-hitcount|p2b: Ursaluna|4
|-unboost|p1b: Dragonite|def|1
|-boost|p1b: Dragonite|spe|1
|move|p1a: Annihilape|Rage Fist|p2b: Ursaluna
|-supereffective|p2b: Ursaluna
|-damage|p2b: Ursaluna|0 fnt
|faint|p2b: Ursaluna
|
|win|doingVGCthings
