|j|☆thedelybird
|j|☆Gentlefish
|html|thedelybirdGentlefish    
|uhtml|bestof|Game 1 of a best-of-3
|t:|1756692378
|gametype|doubles
|player|p1|thedelybird|2|1180
|player|p2|Gentlefish|burglar-gen1rb|1157
|gen|9
|tier|[Gen 9] VGC 2025 Reg H (Bo3)
|rated|
|rule|Species Clause: Limit one of each Pokémon
|rule|Item Clause: Limit 1 of each item
|clearpoke
|poke|p1|Rillaboom, L50, F|
|poke|p1|Dragonite, L50, F|
|poke|p1|Sneasler, L50, M|
|poke|p1|Kingambit, L50, M|
|poke|p1|Electabuzz, L50, M|
|poke|p1|Volcarona, L50, F|
|poke|p2|Garchomp, L50, F|
|poke|p2|Weezing-Galar, L50, F|
|poke|p2|Archaludon, L50, F|
|poke|p2|Gholdengo, L50|
|poke|p2|Talonflame, L50, M|
|poke|p2|Annihilape, L50, F|
|teampreview|4
|showteam|p1|Rillaboom||AssaultVest|GrassySurge|FakeOut,HighHorsepower,WoodHammer,GrassyGlide|||F|||50|,,,,,Fire]Dragonite||LoadedDice|Multiscale|ExtremeSpeed,ScaleShot,Protect,Haze|||F|||50|,,,,,Steel]Sneasler||FocusSash|PoisonTouch|DireClaw,CloseCombat,FakeOut,Coaching|||M|||50|,,,,,Stellar]Kingambit||BlackGlasses|Defiant|KowtowCleave,SuckerPunch,SwordsDance,Protect|||M|||50|,,,,,Dark]Electabuzz||Eviolite|VitalSpirit|Thunderbolt,Taunt,FollowMe,Protect|||M|||50|,,,,,Ghost]Volcarona||Leftovers|FlameBody|HeatWave,TeraBlast,QuiverDance,Protect|||F|||50|,,,,,Fairy
|showteam|p2|Garchomp||LifeOrb|RoughSkin|DragonClaw,Earthquake,StompingTantrum,Protect|||F|||50|,,,,,Ground]Weezing-Galar||FocusSash|NeutralizingGas|Protect,SludgeBomb,Taunt,StrangeSteam|||F|||50|,,,,,Flying]Archaludon||PowerHerb|Sturdy|ElectroShot,Thunderbolt,DracoMeteor,Protect|||F|||50|,,,,,Electric]Gholdengo||ChoiceSpecs|GoodasGold|ShadowBall,DazzlingGleam,PowerGem,MakeItRain||||||50|,,,,,Fairy]Talonflame||CovertCloak|GaleWings|Tailwind,DualWingbeat,Taunt,FlareBlitz|||M|||50|,,,,,Stellar]Annihilape||AssaultVest|Defiant|CloseCombat,RageFist,FinalGambit,IcePunch|||F|||50|,,,,,Grass
|c|☆Gentlefish|wait like the youtube guy?
|inactive|Battle timer is ON: inactive players will automatically lose when time's up. (requested by thedelybird)
|
|t:|1756692440
|teamsize|p1|4
|teamsize|p2|4
|start
|switch|p1a: Volcarona|Volcarona, L50, F|100/100
|switch|p1b: Electabuzz|Electabuzz, L50, M|100/100
|switch|p2a: Talonflame|Talonflame, L50, M|100/100
|switch|p2b: Gholdengo|Gholdengo, L50|100/100
|turn|1
|inactive|Gentlefish has 30 seconds left.
|
|t:|1756692467
|switch|p2b: Garchomp|Garchomp, L50, F|100/100
|move|p1b: Electabuzz|Follow Me|p1b: Electabuzz
|-singleturn|p1b: Electabuzz|move: Follow Me
|move|p2a: Talonflame|Tailwind|p2a: Talonflame
|-sidestart|p2: Gentlefish|move: Tailwind
|move|p1a: Volcarona|Quiver Dance|p1a: Volcarona
|-boost|p1a: Volcarona|spa|1
|-boost|p1a: Volcarona|spd|1
|-boost|p1a: Volcarona|spe|1
|
|upkeep
|turn|2
|inactive|Gentlefish has 30 seconds left.
|
|t:|1756692498
|-terastallize|p1a: Volcarona|Fairy
|move|p2b: Garchomp|Protect|p2b: Garchomp
|-singleturn|p2b: Garchomp|Protect
|move|p2a: Talonflame|Taunt|p1a: Volcarona
|-start|p1a: Volcarona|move: Taunt
|move|p1a: Volcarona|Tera Blast|p2b: Garchomp|[anim] Tera Blast Fairy
|-activate|p2b: Garchomp|move: Protect
|move|p1b: Electabuzz|Thunderbolt|p2a: Talonflame
|-supereffective|p2a: Talonflame
|-damage|p2a: Talonflame|2/100
|
|upkeep
|turn|3
|
|t:|1756692514
|move|p1b: Electabuzz|Follow Me|p1b: Electabuzz
|-singleturn|p1b: Electabuzz|move: Follow Me
|move|p2a: Talonflame|Dual Wingbeat|p1b: Electabuzz
|-resisted|p1b: Electabuzz
|-damage|p1b: Electabuzz|95/100
|-resisted|p1b: Electabuzz
|-damage|p1b: Electabuzz|89/100
|-hitcount|p1b: Electabuzz|2
|move|p2b: Garchomp|Earthquake|p1a: Volcarona|[spread] p1a,p1b
|-immune|p2a: Talonflame
|-supereffective|p1b: Electabuzz
|-damage|p1a: Volcarona|42/100
|-damage|p1b: Electabuzz|15/100
|-damage|p2b: Garchomp|91/100|[from] item: Life Orb
|move|p1a: Volcarona|Heat Wave|p2a: Talonflame|[spread] p2a,p2b
|-resisted|p2a: Talonflame
|-resisted|p2b: Garchomp
|-damage|p2a: Talonflame|0 fnt
|-damage|p2b: Garchomp|64/100
|faint|p2a: Talonflame
|
|-heal|p1a: Volcarona|48/100|[from] item: Leftovers
|upkeep
|
|t:|1756692522
|switch|p2a: Gholdengo|Gholdengo, L50|100/100
|turn|4
|inactive|Gentlefish has 30 seconds left.
|inactive|Gentlefish has 20 seconds left.
|
|t:|1756692559
|switch|p2b: Weezing|Weezing-Galar, L50, F|100/100
|-ability|p2b: Weezing|Neutralizing Gas
|switch|p1a: Sneasler|Sneasler, L50, M|100/100
|-terastallize|p2a: Gholdengo|Fairy
|move|p1b: Electabuzz|Protect|p1b: Electabuzz
|-singleturn|p1b: Electabuzz|Protect
|move|p2a: Gholdengo|Dazzling Gleam|p1a: Sneasler|[spread] p1a
|-activate|p1b: Electabuzz|move: Protect
|-crit|p1a: Sneasler
|-enditem|p1a: Sneasler|Focus Sash
|-damage|p1a: Sneasler|1/100
|
|-sideend|p2: Gentlefish|move: Tailwind
|upkeep
|turn|5
|inactive|Gentlefish has 30 seconds left.
|inactive|Gentlefish has 20 seconds left.
|
|t:|1756692598
|switch|p1b: Kingambit|Kingambit, L50, M|100/100
|move|p1a: Sneasler|Dire Claw|p2a: Gholdengo
|-supereffective|p2a: Gholdengo
|-damage|p2a: Gholdengo|18/100
|-status|p2a: Gholdengo|slp
|cant|p2a: Gholdengo|slp
|move|p2b: Weezing|Sludge Bomb|p1b: Kingambit
|-immune|p1b: Kingambit
|
|upkeep
|turn|6
|
|t:|1756692620
|move|p1b: Kingambit|Sucker Punch|p2a: Gholdengo
|-resisted|p2a: Gholdengo
|-damage|p2a: Gholdengo|0 fnt
|faint|p2a: Gholdengo
|move|p1a: Sneasler|Dire Claw|p2b: Weezing
|-damage|p2b: Weezing|55/100
|move|p2b: Weezing|Taunt|p1b: Kingambit
|-start|p1b: Kingambit|move: Taunt
|
|upkeep
|
|t:|1756692627
|switch|p2a: Garchomp|Garchomp, L50, F|64/100
|turn|7
|
|t:|1756692651
|move|p2a: Garchomp|Protect|p2a: Garchomp
|-singleturn|p2a: Garchomp|Protect
|move|p1a: Sneasler|Coaching|p1b: Kingambit
|-boost|p1b: Kingambit|atk|1
|-boost|p1b: Kingambit|def|1
|move|p2b: Weezing|Strange Steam|p1b: Kingambit
|-damage|p1b: Kingambit|63/100
|-start|p1b: Kingambit|confusion
|-activate|p1b: Kingambit|confusion
|move|p1b: Kingambit|Kowtow Cleave|p2a: Garchomp
|-activate|p2a: Garchomp|move: Protect
|
|upkeep
|turn|8
|
|t:|1756692679
|move|p2b: Weezing|Protect|p2b: Weezing
|-singleturn|p2b: Weezing|Protect
|-activate|p1b: Kingambit|confusion
|move|p1b: Kingambit|Sucker Punch|p2a: Garchomp
|-damage|p2a: Garchomp|0 fnt
|faint|p2a: Garchomp
|move|p1a: Sneasler|Close Combat|p2b: Weezing
|-activate|p2b: Weezing|move: Protect
|
|upkeep
|turn|9
|-message|Gentlefish forfeited.
|
|win|thedelybird
||Gentlefish is ready for game 2.
||thedelybird is ready for game 2.
|uhtml|next|Next: Game 2 of 3
