|j|☆AtomicTwilight
|j|☆Im_Neutro
|html|AtomicTwilightIm_Neutro    
|uhtml|bestof|Game 2 of a best-of-3
|t:|1784380362
|gametype|doubles
|player|p1|AtomicTwilight|swimmerf-gen4|1118
|player|p2|Im_Neutro|noland|1081
|gen|9
|tier|[Gen 9 Champions] VGC 2026 Reg M-B (Bo3)
|rated|
|rule|Species Clause: Limit one of each Pokémon
|rule|Item Clause: Limit 1 of each item
|clearpoke
|poke|p1|Typhlosion-Hisui, L50, F|
|poke|p1|Charizard, L50, F|
|poke|p1|Sneasler, L50, F|
|poke|p1|Whimsicott, L50, M|
|poke|p1|Garchomp, L50, M|
|poke|p1|Basculegion, L50, M|
|poke|p2|Gengar, L50, M|
|poke|p2|Kingambit, L50, F|
|poke|p2|Incineroar, L50, F|
|poke|p2|Farigiraf, L50, F|
|poke|p2|Primarina, L50, M|
|poke|p2|Kommo-o, L50, M|
|teampreview|4
|showteam|p1|Typhlosion-Hisui||ChoiceScarf|Frisk|Eruption,HeatWave,Overheat,ShadowBall|Timid||F|||50|]Charizard||CharizarditeY|Blaze|HeatWave,Protect,WeatherBall,SolarBeam|Modest||F|||50|]Sneasler||WhiteHerb|Unburden|FakeOut,Protect,DireClaw,CloseCombat|Adamant||F|||50|]Whimsicott||FocusSash|Prankster|Encore,Moonblast,Protect,Tailwind|Timid||M|||50|]Garchomp||LifeOrb|RoughSkin|DragonClaw,Protect,StompingTantrum,RockSlide|Adamant||M|||50|]Basculegion||MysticWater|Adaptability|AquaJet,Protect,LastRespects,WaveCrash|Jolly||M|||50|
|showteam|p2|Gengar||Gengarite|CursedBody|PerishSong,Protect,ShadowBall,Disable|Timid||M|||50|]Kingambit||BlackGlasses|Defiant|KowtowCleave,IronHead,SuckerPunch,Protect|Brave||F|||50|]Incineroar||PasshoBerry|Intimidate|FlareBlitz,FakeOut,PartingShot,Protect|Relaxed||F|||50|]Farigiraf||ColburBerry|ArmorTail|TrickRoom,Roar,Protect,TwinBeam|Sassy||F|||50|]Primarina||SitrusBerry|LiquidVoice|HyperVoice,PerishSong,Protect,Encore|Sassy||M|||50|]Kommo-o||Leftovers|Soundproof|ClangorousSoul,ClangingScales,AuraSphere,Protect|Modest||M|||50|
|inactive|Battle timer is ON: inactive players will automatically lose when time's up. (requested by Im_Neutro)
|inactive|AtomicTwilight has 60 seconds left.
|inactive|Im_Neutro has 60 seconds left.
|
|t:|1784380404
|teamsize|p1|4
|teamsize|p2|4
|start
|switch|p1a: Garchomp|Garchomp, L50, M|100/100
|switch|p1b: Basculegion|Basculegion, L50, M|100/100
|switch|p2a: Gengar|Gengar, L50, M|100/100
|switch|p2b: Incineroar|Incineroar, L50, F|100/100
|-ability|p2b: Incineroar|Intimidate|boost
|-unboost|p1a: Garchomp|atk|1
|-unboost|p1b: Basculegion|atk|1
|turn|1
|
|t:|1784380429
|switch|p1a: Typhlosion|Typhlosion-Hisui, L50, F|100/100
|-item|p2a: Gengar|Gengarite|[from] ability: Frisk|[of] p1a: Typhlosion
|-item|p2b: Incineroar|Passho Berry|[from] ability: Frisk|[of] p1a: Typhlosion
|detailschange|p2a: Gengar|Gengar-Mega, L50, M
|-mega|p2a: Gengar|Gengar|Gengarite
|move|p2b: Incineroar|Fake Out|p1a: Typhlosion
|-immune|p1a: Typhlosion
|move|p2a: Gengar|Perish Song|p2a: Gengar
|-start|p1a: Typhlosion|perish3|[silent]
|-start|p1b: Basculegion|perish3|[silent]
|-start|p2a: Gengar|perish3|[silent]
|-start|p2b: Incineroar|perish3|[silent]
|-fieldactivate|move: Perish Song
|move|p1b: Basculegion|Wave Crash|p2a: Gengar
|-damage|p2a: Gengar|18/100
|-damage|p1b: Basculegion|77/100|[from] Recoil
|
|-start|p1a: Typhlosion|perish3
|-start|p2a: Gengar|perish3
|-start|p1b: Basculegion|perish3
|-start|p2b: Incineroar|perish3
|upkeep
|turn|2
|inactive|AtomicTwilight has 30 seconds left.
|inactive|AtomicTwilight has 20 seconds left.
|inactive|AtomicTwilight has 15 seconds left.
|inactive|AtomicTwilight has 10 seconds left.
|
|t:|1784380474
|switch|p1a: Garchomp|Garchomp, L50, M|100/100
|switch|p1b: Sneasler|Sneasler, L50, F|100/100
|move|p2a: Gengar|Protect|p2a: Gengar
|-singleturn|p2a: Gengar|Protect
|move|p2b: Incineroar|Parting Shot|p1a: Garchomp
|-unboost|p1a: Garchomp|atk|1
|-unboost|p1a: Garchomp|spa|1
|
|t:|1784380485
|switch|p2b: Farigiraf|Farigiraf, L50, F|100/100|[from] Parting Shot
|
|-start|p2a: Gengar|perish2
|upkeep
|turn|3
|
|t:|1784380505
|switch|p2a: Incineroar|Incineroar, L50, F|100/100
|-ability|p2a: Incineroar|Intimidate|boost
|-unboost|p1a: Garchomp|atk|1
|-unboost|p1b: Sneasler|atk|1
|-enditem|p1b: Sneasler|White Herb
|-clearnegativeboost|p1b: Sneasler|[silent]
|move|p1b: Sneasler|Protect|p1b: Sneasler
|-singleturn|p1b: Sneasler|Protect
|move|p1a: Garchomp|Dragon Claw|p2a: Incineroar
|-damage|p2a: Incineroar|80/100
|-damage|p1a: Garchomp|90/100|[from] item: Life Orb
|move|p2b: Farigiraf|Trick Room|p2b: Farigiraf
|-fieldstart|move: Trick Room|[of] p2b: Farigiraf
|
|upkeep
|turn|4
|inactive|AtomicTwilight has 30 seconds left.
|
|t:|1784380531
|switch|p1b: Basculegion|Basculegion, L50, M|77/100
|move|p2b: Farigiraf|Twin Beam|p1b: Basculegion
|-damage|p1b: Basculegion|58/100
|-crit|p1b: Basculegion
|-damage|p1b: Basculegion|32/100
|-hitcount|p1b: Basculegion|2
|move|p2a: Incineroar|Parting Shot|p1a: Garchomp
|-unboost|p1a: Garchomp|atk|1
|-unboost|p1a: Garchomp|spa|1
|
|t:|1784380540
|switch|p2a: Kingambit|Kingambit, L50, F|100/100|[from] Parting Shot
|move|p1a: Garchomp|Stomping Tantrum|p2a: Kingambit
|-supereffective|p2a: Kingambit|1
|-damage|p2a: Kingambit|72/100
|-damage|p1a: Garchomp|80/100|[from] item: Life Orb
|
|upkeep
|turn|5
|
|t:|1784380558
|switch|p1a: Sneasler|Sneasler, L50, F|100/100
|move|p1b: Basculegion|Aqua Jet||[still]
|cant|p2b: Farigiraf|ability: Armor Tail|Aqua Jet|[of] p1b: Basculegion
|move|p2a: Kingambit|Kowtow Cleave|p1b: Basculegion
|-supereffective|p1b: Basculegion|1
|-damage|p1b: Basculegion|0 fnt
|faint|p1b: Basculegion
|move|p2b: Farigiraf|Twin Beam|p1a: Sneasler
|-supereffective|p1a: Sneasler|2
|-damage|p1a: Sneasler|15/100
|-supereffective|p1a: Sneasler|2
|-damage|p1a: Sneasler|0 fnt
|faint|p1a: Sneasler
|-hitcount|p1: Sneasler|2
|
|upkeep
|
|t:|1784380570
|switch|p1b: Garchomp|Garchomp, L50, M|80/100
|switch|p1a: Typhlosion|Typhlosion-Hisui, L50, F|100/100
|-item|p2a: Kingambit|Black Glasses|[from] ability: Frisk|[of] p1a: Typhlosion
|-item|p2b: Farigiraf|Colbur Berry|[from] ability: Frisk|[of] p1a: Typhlosion
|turn|6
|
|t:|1784380586
|move|p2a: Kingambit|Kowtow Cleave|p1a: Typhlosion
|-supereffective|p1a: Typhlosion|1
|-damage|p1a: Typhlosion|0 fnt
|faint|p1a: Typhlosion
|move|p2b: Farigiraf|Twin Beam|p1b: Garchomp
|-damage|p1b: Garchomp|65/100
|-damage|p1b: Garchomp|51/100
|-hitcount|p1b: Garchomp|2
|move|p1b: Garchomp|Stomping Tantrum|p2a: Kingambit
|-supereffective|p2a: Kingambit|1
|-damage|p2a: Kingambit|0 fnt
|faint|p2a: Kingambit
|-damage|p1b: Garchomp|42/100|[from] item: Life Orb
|
|upkeep
|
|t:|1784380596
|switch|p2a: Incineroar|Incineroar, L50, F|80/100
|-ability|p2a: Incineroar|Intimidate|boost
|-unboost|p1b: Garchomp|atk|1
|turn|7
|-message|AtomicTwilight forfeited.
|
|win|Im_Neutro
||AtomicTwilight is ready for game 3.
|l|☆Im_Neutro
|player|p2|
||Im_Neutro is ready for game 3.
|uhtml|next|Next: Game 3 of 3
