|j|☆FrancoilCieco777
|j|☆taillow40
|html|FrancoilCieco777taillow40    
|uhtml|bestof|Game 1 of a best-of-3
|t:|1757001695
|gametype|doubles
|player|p1|FrancoilCieco777|baker|1061
|player|p2|taillow40|1|1130
|gen|9
|tier|[Gen 9] VGC 2025 Reg H (Bo3)
|rated|
|rule|Species Clause: Limit one of each Pokémon
|rule|Item Clause: Limit 1 of each item
|clearpoke
|poke|p1|Volcarona, L50, F|
|poke|p1|Electabuzz, L50, M|
|poke|p1|Sneasler, L50, M|
|poke|p1|Kingambit, L50, F|
|poke|p1|Dragonite, L50, M|
|poke|p1|Rillaboom, L50, M|
|poke|p2|Pelipper, L50, F|
|poke|p2|Archaludon, L50, M|
|poke|p2|Basculegion, L50, M|
|poke|p2|Amoonguss, L50, F|
|poke|p2|Indeedee-F, L50, F|
|poke|p2|Kingambit, L50, F|
|teampreview|4
|showteam|p1|Volcarona||CovertCloak|FlameBody|HeatWave,TeraBlast,QuiverDance,Protect|||F|||50|,,,,,Fairy]Electabuzz||Eviolite|VitalSpirit|Thunderbolt,FollowMe,Taunt,Protect|||M|||50|,,,,,Ghost]Sneasler||FocusSash|Unburden|FakeOut,CloseCombat,DireClaw,Coaching|||M|||50|,,,,,Stellar]Kingambit||BlackGlasses|Defiant|KowtowCleave,SuckerPunch,SwordsDance,Protect|||F|||50|,,,,,Dark]Dragonite||LoadedDice|Multiscale|ScaleShot,ExtremeSpeed,Haze,Protect|||M|||50|,,,,,Normal]Rillaboom||AssaultVest|GrassySurge|WoodHammer,GrassyGlide,HighHorsepower,FakeOut|||M|||50|,,,,,Fire
|showteam|p2|Pelipper||FocusSash|Drizzle|Uturn,Tailwind,Hurricane,Protect|||F|||50|,,,,,Water]Archaludon||LifeOrb|Stamina|ElectroShot,FlashCannon,DragonPulse,Protect|||M|||50|,,,,,Steel]Basculegion||ChoiceBand|SwiftSwim|FlipTurn,LastRespects,Crunch,WaveCrash|||M|||50|,,,,,Water]Amoonguss||RockyHelmet|Regenerator|RagePowder,Protect,PollenPuff,Spore|||F|||50|,,,,,Water]Indeedee-F||MentalHerb|PsychicSurge|TrickRoom,Psychic,FollowMe,Protect|||F|||50|,,,,,Psychic]Kingambit||Leftovers|Defiant|SuckerPunch,Protect,SwordsDance,ThroatChop|||F|||50|,,,,,Ghost
|inactive|Battle timer is ON: inactive players will automatically lose when time's up. (requested by taillow40)
|inactive|FrancoilCieco777 also wants the timer to be on.
|inactive|taillow40 has 60 seconds left.
|
|t:|1757001732
|teamsize|p1|4
|teamsize|p2|4
|start
|switch|p1a: Electabuzz|Electabuzz, L50, M|100/100
|switch|p1b: Kingambit|Kingambit, L50, F, shiny|100/100
|switch|p2a: Pelipper|Pelipper, L50, F|100/100
|switch|p2b: Basculegion|Basculegion, L50, M|100/100
|-weather|RainDance|[from] ability: Drizzle|[of] p2a: Pelipper
|turn|1
|inactive|taillow40 has 30 seconds left.
|inactive|taillow40 has 20 seconds left.
|inactive|taillow40 has 15 seconds left.
|inactive|taillow40 has 10 seconds left.
|
|t:|1757001782
|-terastallize|p2b: Basculegion|Water
|move|p2a: Pelipper|Protect|p2a: Pelipper
|-singleturn|p2a: Pelipper|Protect
|move|p1a: Electabuzz|Follow Me|p1a: Electabuzz
|-singleturn|p1a: Electabuzz|move: Follow Me
|move|p2b: Basculegion|Flip Turn|p1a: Electabuzz
|-damage|p1a: Electabuzz|34/100
|
|t:|1757001806
|switch|p2b: Amoonguss|Amoonguss, L50, F|100/100|[from] Flip Turn
|move|p1b: Kingambit|Swords Dance|p1b: Kingambit
|-boost|p1b: Kingambit|atk|2
|
|-weather|RainDance|[upkeep]
|upkeep
|turn|2
|
|t:|1757001828
|-terastallize|p1b: Kingambit|Dark
|move|p1a: Electabuzz|Thunderbolt|p2a: Pelipper
|-supereffective|p2a: Pelipper
|-enditem|p2a: Pelipper|Focus Sash
|-damage|p2a: Pelipper|1/100
|move|p2a: Pelipper|U-turn|p1b: Kingambit
|-supereffective|p1b: Kingambit
|-damage|p1b: Kingambit|85/100
|
|t:|1757001839
|switch|p2a: Archaludon|Archaludon, L50, M|100/100|[from] U-turn
|move|p1b: Kingambit|Kowtow Cleave|p2b: Amoonguss
|-damage|p2b: Amoonguss|0 fnt
|-damage|p1b: Kingambit|69/100|[from] item: Rocky Helmet|[of] p2b: Amoonguss
|faint|p2b: Amoonguss
|
|-weather|RainDance|[upkeep]
|upkeep
|
|t:|1757001860
|switch|p2b: Basculegion|Basculegion, L50, M, tera:Water|100/100
|turn|3
|
|t:|1757001875
|move|p1a: Electabuzz|Follow Me|p1a: Electabuzz
|-singleturn|p1a: Electabuzz|move: Follow Me
|move|p2b: Basculegion|Wave Crash|p1a: Electabuzz
|-damage|p1a: Electabuzz|0 fnt
|faint|p1a: Electabuzz
|-damage|p2b: Basculegion|91/100|[from] Recoil
|move|p2a: Archaludon|Electro Shot||[still]
|-prepare|p2a: Archaludon|Electro Shot
|-boost|p2a: Archaludon|spa|1
|-anim|p2a: Archaludon|Electro Shot|p1b: Kingambit
|-damage|p1b: Kingambit|0 fnt
|faint|p1b: Kingambit
|-damage|p2a: Archaludon|91/100|[from] item: Life Orb
|
|-weather|RainDance|[upkeep]
|upkeep
|
|t:|1757001886
|switch|p1a: Rillaboom|Rillaboom, L50, M|100/100
|switch|p1b: Sneasler|Sneasler, L50, M|100/100
|-fieldstart|move: Grassy Terrain|[from] ability: Grassy Surge|[of] p1a: Rillaboom
|turn|4
|inactive|taillow40 has 30 seconds left.
|
|t:|1757001914
|move|p1a: Rillaboom|Fake Out|p2b: Basculegion
|-damage|p2b: Basculegion|79/100
|cant|p2b: Basculegion|flinch
|move|p1b: Sneasler|Close Combat|p2a: Archaludon
|-supereffective|p2a: Archaludon
|-damage|p2a: Archaludon|0 fnt
|-unboost|p1b: Sneasler|def|1
|-unboost|p1b: Sneasler|spd|1
|faint|p2a: Archaludon
|
|-weather|RainDance|[upkeep]
|-heal|p2b: Basculegion|85/100|[from] Grassy Terrain
|upkeep
|
|t:|1757001925
|switch|p2a: Pelipper|Pelipper, L50, F|1/100
|turn|5
|
|t:|1757001932
|move|p1a: Rillaboom|Grassy Glide|p2b: Basculegion
|-supereffective|p2b: Basculegion
|-damage|p2b: Basculegion|23/100
|move|p2b: Basculegion|Wave Crash|p1b: Sneasler
|-enditem|p1b: Sneasler|Focus Sash
|-damage|p1b: Sneasler|1/100
|-damage|p2b: Basculegion|0 fnt|[from] Recoil
|faint|p2b: Basculegion
|move|p1b: Sneasler|Dire Claw|p2a: Pelipper
|-damage|p2a: Pelipper|0 fnt
|faint|p2a: Pelipper
|
|win|FrancoilCieco777
