|j|☆CEO of Crawdaunt
|j|☆don zaloog is real
|html|CEO of Crawdauntdon zaloog is real    
|uhtml|bestof|Game 2 of a best-of-3
|t:|1756137470
|gametype|doubles
|player|p1|CEO of Crawdaunt|parasollady|1234
|player|p2|don zaloog is real|collector|1220
|gen|9
|tier|[Gen 9] VGC 2025 Reg H (Bo3)
|rated|
|rule|Species Clause: Limit one of each Pokémon
|rule|Item Clause: Limit 1 of each item
|clearpoke
|poke|p1|Hydreigon, L50, F|
|poke|p1|Garchomp, L50, M|
|poke|p1|Gholdengo, L50|
|poke|p1|Talonflame, L50, M|
|poke|p1|Amoonguss, L50, F|
|poke|p1|Sneasler, L50, M|
|poke|p2|Rillaboom, L50, M|
|poke|p2|Volcarona, L50, F|
|poke|p2|Kingambit, L50, M|
|poke|p2|Ninetales-Alola, L50, F|
|poke|p2|Basculegion, L50, M|
|poke|p2|Electabuzz, L50, M|
|teampreview|4
|showteam|p1|Hydreigon||ChoiceSpecs|Levitate|DracoMeteor,DarkPulse,Snarl,Flamethrower|||F|||50|,,,,,Ghost]Garchomp||LifeOrb|RoughSkin|Earthquake,DragonClaw,StompingTantrum,Protect|||M|||50|,,,,,Ground]Gholdengo||MetalCoat|GoodasGold|MakeItRain,ShadowBall,NastyPlot,Protect||||||50|,,,,,Steel]Talonflame||CovertCloak|GaleWings|DualWingbeat,FlareBlitz,Taunt,Tailwind|||M|||50|,,,,,Ground]Amoonguss||SitrusBerry|Regenerator|SludgeBomb,Spore,RagePowder,Protect|||F|||50|,,,,,Fairy]Sneasler||FocusSash|Unburden|CloseCombat,DireClaw,FakeOut,Protect|||M|||50|,,,,,Flying
|showteam|p2|Rillaboom||AssaultVest|GrassySurge|WoodHammer,GrassyGlide,HighHorsepower,FakeOut|||M|||50|,,,,,Fire]Volcarona||GrassySeed|FlameBody|HeatWave,GigaDrain,QuiverDance,Protect|||F|||50|,,,,,Grass]Kingambit||SafetyGoggles|Defiant|KowtowCleave,SuckerPunch,SwordsDance,Protect|||M|||50|,,,,,Dark]Ninetales-Alola||FocusSash|SnowWarning|Blizzard,Encore,Disable,Protect|||F|||50|,,,,,Ghost]Basculegion||ChoiceScarf|Adaptability|WaveCrash,LastRespects,FlipTurn,AquaJet|||M|||50|,,,,,Dragon]Electabuzz||Eviolite|VitalSpirit|Thunderbolt,FollowMe,Taunt,HelpingHand|||M|||50|,,,,,Fairy
|
|t:|1756137492
|teamsize|p1|4
|teamsize|p2|4
|start
|switch|p1a: Garchomp|Garchomp, L50, M|100/100
|switch|p1b: Talonflame|Talonflame, L50, M|100/100
|switch|p2a: Basculegion|Basculegion, L50, M|100/100
|switch|p2b: Kingambit|Kingambit, L50, M|100/100
|turn|1
|
|t:|1756137504
|-terastallize|p1a: Garchomp|Ground
|-terastallize|p2b: Kingambit|Dark
|move|p1b: Talonflame|Tailwind|p1b: Talonflame
|-sidestart|p1: CEO of Crawdaunt|move: Tailwind
|move|p1a: Garchomp|Earthquake|p2a: Basculegion|[spread] p2a,p2b
|-immune|p1b: Talonflame
|-damage|p2a: Basculegion|11/100
|-damage|p2b: Kingambit|52/100
|-damage|p1a: Garchomp|91/100|[from] item: Life Orb
|move|p2a: Basculegion|Flip Turn|p1b: Talonflame
|-supereffective|p1b: Talonflame
|-damage|p1b: Talonflame|0 fnt
|faint|p1b: Talonflame
|
|t:|1756137518
|switch|p2a: Volcarona|Volcarona, L50, F|100/100|[from] Flip Turn
|move|p2b: Kingambit|Kowtow Cleave|p1a: Garchomp
|-damage|p1a: Garchomp|27/100
|-damage|p2b: Kingambit|40/100|[from] ability: Rough Skin|[of] p1a: Garchomp
|
|upkeep
|
|t:|1756137524
|switch|p1b: Sneasler|Sneasler, L50, M|100/100
|turn|2
|
|t:|1756137530
|move|p2a: Volcarona|Protect|p2a: Volcarona
|-singleturn|p2a: Volcarona|Protect
|move|p2b: Kingambit|Protect|p2b: Kingambit
|-singleturn|p2b: Kingambit|Protect
|move|p1b: Sneasler|Fake Out|p2b: Kingambit
|-activate|p2b: Kingambit|move: Protect
|move|p1a: Garchomp|Dragon Claw|p2a: Volcarona
|-activate|p2a: Volcarona|move: Protect
|
|upkeep
|turn|3
|
|t:|1756137543
|move|p1a: Garchomp|Protect|p1a: Garchomp
|-singleturn|p1a: Garchomp|Protect
|move|p2b: Kingambit|Sucker Punch||[still]
|-fail|p2b: Kingambit
|move|p1b: Sneasler|Dire Claw|p2a: Volcarona
|-damage|p2a: Volcarona|57/100
|move|p2a: Volcarona|Quiver Dance|p2a: Volcarona
|-boost|p2a: Volcarona|spa|1
|-boost|p2a: Volcarona|spd|1
|-boost|p2a: Volcarona|spe|1
|
|upkeep
|turn|4
|
|t:|1756137560
|move|p2a: Volcarona|Protect|p2a: Volcarona
|-singleturn|p2a: Volcarona|Protect
|move|p2b: Kingambit|Protect|p2b: Kingambit
|-singleturn|p2b: Kingambit|Protect
|move|p1b: Sneasler|Dire Claw|p2a: Volcarona
|-activate|p2a: Volcarona|move: Protect
|move|p1a: Garchomp|Stomping Tantrum|p2a: Volcarona
|-activate|p2a: Volcarona|move: Protect
|
|-sideend|p1: CEO of Crawdaunt|move: Tailwind
|upkeep
|turn|5
|
|t:|1756137570
|move|p1a: Garchomp|Protect|p1a: Garchomp
|-singleturn|p1a: Garchomp|Protect
|move|p2b: Kingambit|Sucker Punch|p1b: Sneasler
|-resisted|p1b: Sneasler
|-damage|p1b: Sneasler|57/100
|move|p2a: Volcarona|Giga Drain|p1a: Garchomp
|-activate|p1a: Garchomp|move: Protect
|move|p1b: Sneasler|Dire Claw|p2a: Volcarona
|-damage|p2a: Volcarona|17/100
|-status|p2a: Volcarona|slp
|-status|p1b: Sneasler|brn|[from] ability: Flame Body|[of] p2a: Volcarona
|
|-damage|p1b: Sneasler|51/100 brn|[from] brn
|upkeep
|turn|6
|
|t:|1756137588
|move|p2b: Kingambit|Sucker Punch|p1a: Garchomp
|-damage|p1a: Garchomp|0 fnt
|-damage|p2b: Kingambit|28/100|[from] ability: Rough Skin|[of] p1a: Garchomp
|faint|p1a: Garchomp
|cant|p2a: Volcarona|slp
|move|p1b: Sneasler|Close Combat|p2b: Kingambit
|-supereffective|p2b: Kingambit
|-damage|p2b: Kingambit|0 fnt
|-unboost|p1b: Sneasler|def|1
|-unboost|p1b: Sneasler|spd|1
|faint|p2b: Kingambit
|
|-damage|p1b: Sneasler|45/100 brn|[from] brn
|upkeep
|
|t:|1756137597
|switch|p1a: Gholdengo|Gholdengo, L50|100/100
|switch|p2b: Basculegion|Basculegion, L50, M|11/100
|turn|7
|
|t:|1756137610
|-curestatus|p2a: Volcarona|slp|[msg]
|move|p2a: Volcarona|Heat Wave|p1a: Gholdengo|[spread] p1a,p1b
|-supereffective|p1a: Gholdengo
|-damage|p1a: Gholdengo|3/100
|-damage|p1b: Sneasler|0 fnt
|faint|p1b: Sneasler
|move|p2b: Basculegion|Flip Turn|p1a: Gholdengo
|-damage|p1a: Gholdengo|0 fnt
|faint|p1a: Gholdengo
|
|win|don zaloog is real
|raw|CEO of Crawdaunt's rating: 1234 → 1208(-26 for losing)
|raw|don zaloog is real's rating: 1220 → 1246(+26 for winning)
|l|☆CEO of Crawdaunt
|player|p1|
