|j|☆Yoters
|j|☆ErTest25
|html|YotersErTest25    
|uhtml|bestof|Game 2 of a best-of-3
|t:|1756758698
|gametype|doubles
|player|p1|Yoters|veteranf|1080
|player|p2|ErTest25|infielder|1088
|gen|9
|tier|[Gen 9] VGC 2025 Reg H (Bo3)
|rated|
|rule|Species Clause: Limit one of each Pokémon
|rule|Item Clause: Limit 1 of each item
|clearpoke
|poke|p1|Grafaiai, L50, M|
|poke|p1|Slaking, L50, F|
|poke|p1|Ninetales-Alola, L50, M|
|poke|p1|Hydrapple, L50, F|
|poke|p1|Mandibuzz, L50, F|
|poke|p1|Rillaboom, L50, F|
|poke|p2|Archaludon, L50, M|
|poke|p2|Gholdengo, L50|
|poke|p2|Ursaluna, L50, F|
|poke|p2|Pelipper, L50, M|
|poke|p2|Sinistcha-Masterpiece, L50|
|poke|p2|Dragonite, L50, M|
|teampreview|4
|showteam|p1|Grafaiai||FocusSash|Prankster|KnockOff,Protect,Doodle,Taunt|||M|||50|,,,,,Dark]Slaking||LifeOrb|Truant|DrainPunch,DoubleEdge,Protect,ShadowClaw|||F|||50|,,,,,Ghost]Ninetales-Alola||ChoiceScarf|SnowWarning|Blizzard,IcyWind,Moonblast,AuroraVeil|||M|||50|,,,,,Fire]Hydrapple||ChoiceSpecs|Regenerator|FickleBeam,GigaDrain,EarthPower,PollenPuff|||F|||50|,,,,,Steel]Mandibuzz||SitrusBerry|Overcoat|FoulPlay,Tailwind,Protect,Taunt|||F|||50|,,,,,Steel]Rillaboom||AssaultVest|GrassySurge|FakeOut,WoodHammer,Uturn,HighHorsepower|||F|||50|,,,,,Fire
|showteam|p2|Archaludon||AssaultVest|Stamina|FlashCannon,ElectroShot,BodyPress,Snarl|||M|||50|,,,,,Fighting]Gholdengo||ChoiceScarf|GoodasGold|MakeItRain,ShadowBall,PowerGem,Trick||||||50|,,,,,Flying]Ursaluna||FlameOrb|Guts|HeadlongRush,Facade,Earthquake,Protect|||F|||50|,,,,,Water]Pelipper||SafetyGoggles|Drizzle|MuddyWater,Hurricane,Tailwind,Protect|||M|||50|,,,,,Steel]Sinistcha-Masterpiece||SitrusBerry|Hospitality|MatchaGotcha,LifeDew,RagePowder,TrickRoom||||||50|,,,,,Dark]Dragonite||LoadedDice|Multiscale|ScaleShot,Tailwind,Haze,Protect|||M|||50|,,,,,Fairy
|
|t:|1756758723
|teamsize|p1|4
|teamsize|p2|4
|start
|switch|p1a: Slaking|Slaking, L50, F|100/100
|switch|p1b: Grafaiai|Grafaiai, L50, M|100/100
|switch|p2a: Sinistcha|Sinistcha-Masterpiece, L50|100/100
|switch|p2b: Gholdengo|Gholdengo, L50|100/100
|turn|1
|
|t:|1756758737
|switch|p2b: Ursaluna|Ursaluna, L50, F|100/100
|-terastallize|p1b: Grafaiai|Dark
|move|p1b: Grafaiai|Knock Off|p2a: Sinistcha
|-supereffective|p2a: Sinistcha
|-damage|p2a: Sinistcha|29/100
|-enditem|p2a: Sinistcha|Sitrus Berry|[from] move: Knock Off|[of] p1b: Grafaiai
|move|p1a: Slaking|Shadow Claw|p2b: Ursaluna
|-immune|p2b: Ursaluna
|move|p2a: Sinistcha|Trick Room|p2a: Sinistcha
|-fieldstart|move: Trick Room|[of] p2a: Sinistcha
|
|-status|p2b: Ursaluna|brn|[from] item: Flame Orb
|upkeep
|turn|2
|
|t:|1756758775
|move|p1b: Grafaiai|Doodle|p2a: Sinistcha
|-ability|p1a: Slaking|Hospitality|Truant|[from] move: Doodle
|-ability|p1b: Grafaiai|Hospitality|Prankster|[from] move: Doodle
|move|p2a: Sinistcha|Life Dew||[still]|[spread] p2a,p2b
|-heal|p2a: Sinistcha|54/100
|-fail|p2b: Ursaluna|heal
|move|p2b: Ursaluna|Facade|p1a: Slaking
|-damage|p1a: Slaking|20/100
|move|p1a: Slaking|Double-Edge|p2b: Ursaluna
|-damage|p2b: Ursaluna|19/100 brn
|-damage|p1a: Slaking|0 fnt|[from] Recoil
|faint|p1a: Slaking
|
|-damage|p2b: Ursaluna|13/100 brn|[from] brn
|upkeep
|
|t:|1756758795
|switch|p1a: Hydrapple|Hydrapple, L50, F|100/100
|turn|3
|
|t:|1756758820
|move|p2b: Ursaluna|Protect|p2b: Ursaluna
|-singleturn|p2b: Ursaluna|Protect
|move|p1a: Hydrapple|Fickle Beam|p2b: Ursaluna
|-activate|p2b: Ursaluna|move: Protect
|move|p2a: Sinistcha|Life Dew|p2a: Sinistcha|[spread] p2a,p2b
|-heal|p2a: Sinistcha|79/100
|-heal|p2b: Ursaluna|38/100 brn
|move|p1b: Grafaiai|Knock Off|p2b: Ursaluna
|-activate|p2b: Ursaluna|move: Protect
|
|-damage|p2b: Ursaluna|32/100 brn|[from] brn
|upkeep
|turn|4
|
|t:|1756758843
|switch|p2b: Gholdengo|Gholdengo, L50|100/100
|move|p1a: Hydrapple|Fickle Beam|p2b: Gholdengo
|-resisted|p2b: Gholdengo
|-damage|p2b: Gholdengo|60/100
|move|p2a: Sinistcha|Life Dew|p2a: Sinistcha|[spread] p2a
|-immune|p2b: Gholdengo|[from] ability: Good as Gold
|-heal|p2a: Sinistcha|100/100
|move|p1b: Grafaiai|Knock Off|p2a: Sinistcha
|-supereffective|p2a: Sinistcha
|-damage|p2a: Sinistcha|47/100
|
|upkeep
|turn|5
|
|t:|1756758861
|move|p2a: Sinistcha|Rage Powder|p2a: Sinistcha
|-singleturn|p2a: Sinistcha|move: Rage Powder
|move|p1a: Hydrapple|Fickle Beam|p2b: Gholdengo|[anim] Fickle Beam All Out
|-activate|p1a: Hydrapple|move: Fickle Beam
|-resisted|p2b: Gholdengo
|-damage|p2b: Gholdengo|0 fnt
|faint|p2b: Gholdengo
|move|p1b: Grafaiai|Knock Off|p2a: Sinistcha
|-supereffective|p2a: Sinistcha
|-damage|p2a: Sinistcha|0 fnt
|faint|p2a: Sinistcha
|
|-fieldend|move: Trick Room
|upkeep
|
|t:|1756758867
|switch|p2b: Archaludon|Archaludon, L50, M|100/100
|switch|p2a: Ursaluna|Ursaluna, L50, F|32/100 brn
|turn|6
|
|t:|1756758890
|move|p1b: Grafaiai|Knock Off|p2b: Archaludon
|-damage|p2b: Archaludon|77/100
|-ability|p2b: Archaludon|Stamina|boost
|-boost|p2b: Archaludon|def|1
|-enditem|p2b: Archaludon|Assault Vest|[from] move: Knock Off|[of] p1b: Grafaiai
|move|p2b: Archaludon|Flash Cannon|p1a: Hydrapple
|-damage|p1a: Hydrapple|64/100
|move|p2a: Ursaluna|Facade|p1a: Hydrapple
|-damage|p1a: Hydrapple|0 fnt
|faint|p1a: Hydrapple
|
|-damage|p2a: Ursaluna|26/100 brn|[from] brn
|upkeep
|
|t:|1756758902
|switch|p1a: Ninetales|Ninetales-Alola, L50, M|100/100
|-weather|Snowscape|[from] ability: Snow Warning|[of] p1a: Ninetales
|turn|7
|
|t:|1756758912
|move|p2a: Ursaluna|Protect|p2a: Ursaluna
|-singleturn|p2a: Ursaluna|Protect
|move|p1a: Ninetales|Blizzard|p2a: Ursaluna|[spread] p2b
|-activate|p2a: Ursaluna|move: Protect
|-damage|p2b: Archaludon|45/100
|-ability|p2b: Archaludon|Stamina|boost
|-boost|p2b: Archaludon|def|1
|move|p1b: Grafaiai|Knock Off|p2b: Archaludon
|-damage|p2b: Archaludon|36/100
|-ability|p2b: Archaludon|Stamina|boost
|-boost|p2b: Archaludon|def|1
|move|p2b: Archaludon|Flash Cannon|p1a: Ninetales
|-supereffective|p1a: Ninetales
|-damage|p1a: Ninetales|0 fnt
|faint|p1a: Ninetales
|
|-weather|Snowscape|[upkeep]
|-damage|p2a: Ursaluna|19/100 brn|[from] brn
|upkeep
|turn|8
|-message|Yoters forfeited.
|
|win|ErTest25
|raw|Yoters's rating: 1080 → 1059(-21 for losing)
|raw|ErTest25's rating: 1088 → 1114(+26 for winning)
|l|☆Yoters
|player|p1|
