|j|☆rainisgame
|j|☆lordtentacle69
|html|rainisgamelordtentacle69    
|uhtml|bestof|Game 2 of a best-of-3
|t:|1784870367
|gametype|doubles
|player|p1|rainisgame|266|1463
|player|p2|lordtentacle69|corbeau|1403
|gen|9
|tier|[Gen 9 Champions] VGC 2026 Reg M-B (Bo3)
|rated|
|rule|Species Clause: Limit one of each Pokémon
|rule|Item Clause: Limit 1 of each item
|clearpoke
|poke|p1|Charizard, L50, M|
|poke|p1|Venusaur, L50, F|
|poke|p1|Grimmsnarl, L50, M|
|poke|p1|Basculegion, L50, M|
|poke|p1|Archaludon, L50, M|
|poke|p1|Pelipper, L50, M|
|poke|p2|Delphox, L50, M|
|poke|p2|Incineroar, L50, M|
|poke|p2|Maushold-Four, L50|
|poke|p2|Sinistcha, L50|
|poke|p2|Sneasler, L50, F|
|poke|p2|Blastoise, L50, M|
|teampreview|4
|showteam|p1|Charizard||CharizarditeY|Blaze|WeatherBall,HeatWave,SolarBeam,Protect|Timid||M|||50|]Venusaur||FocusSash|Chlorophyll|EarthPower,SludgeBomb,SleepPowder,Protect|Timid||F|||50|]Grimmsnarl||LightClay|Prankster|SpiritBreak,LightScreen,Reflect,PartingShot|Sassy||M|||50|]Basculegion||ChoiceScarf|Adaptability|WaveCrash,FlipTurn,LastRespects,AquaJet|Jolly||M|||50|]Archaludon||Leftovers|Stamina|ElectroShot,DragonPulse,FlashCannon,Protect|Calm||M|||50|]Pelipper||SitrusBerry|Drizzle|WeatherBall,Hurricane,Tailwind,WideGuard|Modest||M|||50|
|showteam|p2|Delphox||Delphoxite|Blaze|HeatWave,Psychic,NastyPlot,Protect|Timid||M|||50|]Incineroar||SitrusBerry|Intimidate|FakeOut,PartingShot,FlareBlitz,ThroatChop|Impish||M|||50|]Maushold-Four||ChopleBerry|FriendGuard|Feint,HelpingHand,Protect,FollowMe|Impish|||||50|]Sinistcha||ColburBerry|Hospitality|Protect,MatchaGotcha,TrickRoom,RagePowder|Bold|||||50|]Sneasler||FocusSash|PoisonTouch|CloseCombat,PoisonJab,QuickGuard,FakeOut|Adamant||F|||50|]Blastoise||Blastoisinite|RainDish|Protect,WaterSpout,DarkPulse,ShellSmash|Timid||M|||50|
|
|t:|1784870376
|teamsize|p1|4
|teamsize|p2|4
|start
|switch|p1a: Charizard|Charizard, L50, M|100/100
|switch|p1b: Basculegion|Basculegion, L50, M|100/100
|switch|p2a: Unctober|Delphox, L50, M|100/100
|switch|p2b: Gochujang|Incineroar, L50, M|100/100
|-ability|p2b: Gochujang|Intimidate|boost
|-unboost|p1a: Charizard|atk|1
|-unboost|p1b: Basculegion|atk|1
|turn|1
|
|t:|1784870391
|switch|p1a: Pelipper|Pelipper, L50, M|100/100
|-weather|RainDance|[from] ability: Drizzle|[of] p1a: Pelipper
|switch|p2b: MMCH|Maushold-Four, L50|100/100
|detailschange|p2a: Unctober|Delphox-Mega, L50, M
|-mega|p2a: Unctober|Delphox|Delphoxite
|move|p2a: Unctober|Protect|p2a: Unctober
|-singleturn|p2a: Unctober|Protect
|move|p1b: Basculegion|Wave Crash|p2a: Unctober
|-activate|p2a: Unctober|move: Protect
|
|-weather|RainDance|[upkeep]
|upkeep
|turn|2
|
|t:|1784870409
|move|p2b: MMCH|Follow Me|p2b: MMCH
|-singleturn|p2b: MMCH|move: Follow Me
|move|p1b: Basculegion|Wave Crash|p2b: MMCH
|-damage|p2b: MMCH|38/100
|-damage|p1b: Basculegion|82/100|[from] Recoil
|move|p2a: Unctober|Nasty Plot|p2a: Unctober
|-boost|p2a: Unctober|spa|2
|move|p1a: Pelipper|Tailwind|p1a: Pelipper
|-sidestart|p1: rainisgame|move: Tailwind
|
|-weather|RainDance|[upkeep]
|upkeep
|turn|3
|
|t:|1784870427
|move|p2a: Unctober|Protect|p2a: Unctober
|-singleturn|p2a: Unctober|Protect
|move|p2b: MMCH|Protect|p2b: MMCH
|-singleturn|p2b: MMCH|Protect
|move|p1b: Basculegion|Wave Crash|p2a: Unctober
|-activate|p2a: Unctober|move: Protect
|move|p1a: Pelipper|Weather Ball|p2b: MMCH
|-activate|p2b: MMCH|move: Protect
|
|-weather|RainDance|[upkeep]
|upkeep
|turn|4
|
|t:|1784870440
|move|p2b: MMCH|Follow Me|p2b: MMCH
|-singleturn|p2b: MMCH|move: Follow Me
|move|p1b: Basculegion|Wave Crash|p2b: MMCH
|-damage|p2b: MMCH|0 fnt
|faint|p2b: MMCH
|-damage|p1b: Basculegion|71/100|[from] Recoil
|move|p1a: Pelipper|Weather Ball|p2a: Unctober
|-supereffective|p2a: Unctober|1
|-damage|p2a: Unctober|1/100
|move|p2a: Unctober|Psychic|p1a: Pelipper
|-damage|p1a: Pelipper|0 fnt
|faint|p1a: Pelipper
|
|-weather|RainDance|[upkeep]
|upkeep
|
|t:|1784870453
|switch|p2b: Green Day|Sinistcha, L50|100/100
|switch|p1a: Charizard|Charizard, L50, M|100/100
|-heal|p2a: Unctober|25/100|[from] ability: Hospitality|[of] p2b: Green Day
|turn|5
|
|t:|1784870468
|switch|p1b: Archaludon|Archaludon, L50, M|100/100
|switch|p2b: Gochujang|Incineroar, L50, M|100/100
|-ability|p2b: Gochujang|Intimidate|boost
|-unboost|p1a: Charizard|atk|1
|-unboost|p1b: Archaludon|atk|1
|detailschange|p1a: Charizard|Charizard-Mega-Y, L50, M
|-mega|p1a: Charizard|Charizard|Charizardite Y
|-weather|SunnyDay|[from] ability: Drought|[of] p1a: Charizard
|move|p2a: Unctober|Protect|p2a: Unctober
|-singleturn|p2a: Unctober|Protect
|move|p1a: Charizard|Heat Wave|p2b: Gochujang|[spread] p2b
|-activate|p2a: Unctober|move: Protect
|-resisted|p2b: Gochujang|1
|-damage|p2b: Gochujang|76/100
|
|-weather|SunnyDay|[upkeep]
|-sideend|p1: rainisgame|move: Tailwind
|upkeep
|turn|6
|
|t:|1784870488
|switch|p2b: Green Day|Sinistcha, L50|100/100
|-heal|p2a: Unctober|50/100g|[from] ability: Hospitality|[of] p2b: Green Day
|move|p1a: Charizard|Protect|p1a: Charizard
|-singleturn|p1a: Charizard|Protect
|move|p2a: Unctober|Heat Wave|p1b: Archaludon|[spread] p1b
|-activate|p1a: Charizard|move: Protect
|-damage|p1b: Archaludon|0 fnt
|faint|p1b: Archaludon
|
|-weather|SunnyDay|[upkeep]
|upkeep
|
|t:|1784870495
|switch|p1b: Basculegion|Basculegion, L50, M|71/100
|turn|7
|
|t:|1784870512
|move|p2b: Green Day|Rage Powder|p2b: Green Day
|-singleturn|p2b: Green Day|move: Rage Powder
|move|p1b: Basculegion|Last Respects|p2b: Green Day
|-supereffective|p2b: Green Day|1
|-damage|p2b: Green Day|0 fnt
|faint|p2b: Green Day
|move|p2a: Unctober|Psychic|p1b: Basculegion
|-damage|p1b: Basculegion|0 fnt
|faint|p1b: Basculegion
|move|p1a: Charizard|Heat Wave|p2a: Unctober
|-resisted|p2a: Unctober|1
|-damage|p2a: Unctober|18/100
|
|-weather|SunnyDay|[upkeep]
|upkeep
|
|t:|1784870524
|switch|p2b: Gochujang|Incineroar, L50, M|76/100
|-ability|p2b: Gochujang|Intimidate|boost
|-unboost|p1a: Charizard|atk|1
|turn|8
|
|t:|1784870526
|move|p1a: Charizard|Protect|p1a: Charizard
|-singleturn|p1a: Charizard|Protect
|move|p2b: Gochujang|Fake Out|p1a: Charizard
|-activate|p1a: Charizard|move: Protect
|move|p2a: Unctober|Nasty Plot|p2a: Unctober
|-boost|p2a: Unctober|spa|2
|
|-weather|SunnyDay|[upkeep]
|upkeep
|turn|9
|
|t:|1784870537
|move|p2a: Unctober|Psychic|p1a: Charizard
|-damage|p1a: Charizard|0 fnt
|faint|p1a: Charizard
|
|win|lordtentacle69
||rainisgame is ready for game 3.
|inactive|lordtentacle69 has 30 seconds to confirm battle start!
||lordtentacle69 is ready for game 3.
|uhtml|next|Next: Game 3 of 3
|l|☆rainisgame
|player|p1|
