|j|☆Mrpizzaofoz
|j|☆Axily
|html|MrpizzaofozAxily    
|uhtml|bestof|Game 1 of a best-of-3
|t:|1785680511
|gametype|doubles
|player|p1|Mrpizzaofoz|corbeau|
|player|p2|Axily|roxanne|
|gen|9
|tier|[Gen 9 Champions] VGC 2026 Reg M-B (Bo3)
|rule|Species Clause: Limit one of each Pokémon
|rule|Item Clause: Limit 1 of each item
|clearpoke
|poke|p1|Sinistcha, L50|
|poke|p1|Garchomp, L50, M|
|poke|p1|Sneasler, L50, M|
|poke|p1|Floette-Eternal, L50, F|
|poke|p1|Incineroar, L50, M|
|poke|p1|Kingambit, L50, M|
|poke|p2|Aerodactyl, L50, M|
|poke|p2|Kingambit, L50, F|
|poke|p2|Sylveon, L50, M|
|poke|p2|Garchomp, L50, F|
|poke|p2|Charizard, L50, M|
|poke|p2|Incineroar, L50, F|
|teampreview|4
|showteam|p1|Sinistcha||KasibBerry|Hospitality|MatchaGotcha,TrickRoom,RagePowder,Protect|Bold|||||50|]Garchomp||Garchompite|RoughSkin|StompingTantrum,DragonClaw,RockSlide,Earthquake|Adamant||M|||50|]Sneasler||FocusSash|Unburden|CloseCombat,DireClaw,FakeOut,Coaching|Jolly||M|||50|]Floette-Eternal||Floettite|FlowerVeil|DazzlingGleam,DrainingKiss,CalmMind,Protect|Timid||F|||50|]Incineroar||PasshoBerry|Intimidate|FakeOut,FlareBlitz,PartingShot,HelpingHand|Relaxed||M|||50|]Kingambit||ChopleBerry|Defiant|KowtowCleave,SuckerPunch,IronHead,Protect|Adamant||M|||50|
|showteam|p2|Aerodactyl||Aerodactylite|Unnerve|RockSlide,IceFang,Tailwind,WideGuard|Jolly||M|||50|]Kingambit||FocusSash|Defiant|KowtowCleave,SuckerPunch,IronHead,Protect|Adamant||F|||50|]Sylveon||FairyFeather|Pixilate|Detect,HyperVoice,HyperBeam,QuickAttack|Modest||M|||50|]Garchomp||LifeOrb|RoughSkin|Earthquake,DragonClaw,StompingTantrum,Protect|Jolly||F|||50|]Charizard||CharizarditeY|Blaze|Protect,HeatWave,SolarBeam,WeatherBall|Modest||M|||50|]Incineroar||SitrusBerry|Intimidate|DarkestLariat,FlareBlitz,FakeOut,PartingShot|Impish||F|||50|
|c|☆Mrpizzaofoz|glhf
|c|☆Axily|u2
|
|t:|1785680618
|teamsize|p1|4
|teamsize|p2|4
|start
|switch|p1a: Sneasler|Sneasler, L50, M|100/100
|switch|p1b: Floette|Floette-Eternal, L50, F|100/100
|switch|p2a: Aerodactyl|Aerodactyl, L50, M|100/100
|switch|p2b: Garchomp|Garchomp, L50, F|100/100
|-ability|p2a: Aerodactyl|Unnerve
|turn|1
|
|t:|1785680668
|detailschange|p1b: Floette|Floette-Mega, L50, F
|-mega|p1b: Floette|Floette|Floettite
|-ability|p1b: Floette|Fairy Aura
|move|p1a: Sneasler|Fake Out|p2a: Aerodactyl
|-resisted|p2a: Aerodactyl|1
|-damage|p2a: Aerodactyl|90/100
|cant|p2a: Aerodactyl|flinch
|move|p2b: Garchomp|Earthquake|p1a: Sneasler|[spread] p1a,p1b
|-immune|p2a: Aerodactyl
|-supereffective|p1a: Sneasler|1
|-crit|p1b: Floette
|-enditem|p1a: Sneasler|Focus Sash
|-damage|p1a: Sneasler|1/100
|-damage|p1b: Floette|33/100
|-damage|p2b: Garchomp|90/100|[from] item: Life Orb
|move|p1b: Floette|Calm Mind|p1b: Floette
|-boost|p1b: Floette|spa|1
|-boost|p1b: Floette|spd|1
|
|upkeep
|turn|2
|
|t:|1785680698
|move|p1b: Floette|Protect|p1b: Floette
|-singleturn|p1b: Floette|Protect
|move|p1a: Sneasler|Close Combat|p2a: Aerodactyl
|-damage|p2a: Aerodactyl|13/100
|-unboost|p1a: Sneasler|def|1
|-unboost|p1a: Sneasler|spd|1
|move|p2a: Aerodactyl|Tailwind|p2a: Aerodactyl
|-sidestart|p2: Axily|move: Tailwind
|move|p2b: Garchomp|Earthquake|p1b: Floette|[spread] p1a
|-activate|p1b: Floette|move: Protect
|-immune|p2a: Aerodactyl
|-supereffective|p1a: Sneasler|1
|-damage|p1a: Sneasler|0 fnt
|faint|p1a: Sneasler
|-damage|p2b: Garchomp|80/100|[from] item: Life Orb
|
|upkeep
|
|t:|1785680708
|switch|p1a: Sinistcha|Sinistcha, L50|100/100
|-heal|p1b: Floette|58/100|[from] ability: Hospitality|[of] p1a: Sinistcha
|turn|3
|
|t:|1785680720
|move|p1a: Sinistcha|Rage Powder|p1a: Sinistcha
|-singleturn|p1a: Sinistcha|move: Rage Powder
|move|p2a: Aerodactyl|Ice Fang|p1a: Sinistcha
|-supereffective|p1a: Sinistcha|1
|-damage|p1a: Sinistcha|68/100
|move|p2b: Garchomp|Earthquake|p1a: Sinistcha|[spread] p1a,p1b
|-immune|p2a: Aerodactyl
|-resisted|p1a: Sinistcha|1
|-damage|p1a: Sinistcha|46/100
|-damage|p1b: Floette|15/100
|-damage|p2b: Garchomp|70/100|[from] item: Life Orb
|move|p1b: Floette|Draining Kiss|p2b: Garchomp
|-supereffective|p2b: Garchomp|1
|-damage|p2b: Garchomp|0 fnt
|-heal|p1b: Floette|74/100|[from] drain|[of] p2b: Garchomp
|-damage|p1b: Floette|62/100|[from] ability: Rough Skin|[of] p2b: Garchomp
|faint|p2b: Garchomp
|
|upkeep
|
|t:|1785680734
|switch|p2b: Kingambit|Kingambit, L50, F|100/100
|turn|4
|
|t:|1785680747
|move|p1b: Floette|Protect|p1b: Floette
|-singleturn|p1b: Floette|Protect
|move|p1a: Sinistcha|Protect|p1a: Sinistcha
|-singleturn|p1a: Sinistcha|Protect
|move|p2a: Aerodactyl|Rock Slide|p1a: Sinistcha|[spread] 
|-activate|p1a: Sinistcha|move: Protect
|-activate|p1b: Floette|move: Protect
|move|p2b: Kingambit|Kowtow Cleave|p1a: Sinistcha
|-activate|p1a: Sinistcha|move: Protect
|
|upkeep
|turn|5
|
|t:|1785680765
|move|p1a: Sinistcha|Rage Powder|p1a: Sinistcha
|-singleturn|p1a: Sinistcha|move: Rage Powder
|move|p2a: Aerodactyl|Rock Slide|p1b: Floette|[spread] p1a,p1b
|-damage|p1a: Sinistcha|26/100
|-damage|p1b: Floette|41/100
|move|p2b: Kingambit|Kowtow Cleave|p1a: Sinistcha
|-supereffective|p1a: Sinistcha|1
|-damage|p1a: Sinistcha|0 fnt
|faint|p1a: Sinistcha
|move|p1b: Floette|Dazzling Gleam|p2a: Aerodactyl|[spread] p2a,p2b
|-damage|p2a: Aerodactyl|0 fnt
|-damage|p2b: Kingambit|37/100
|faint|p2a: Aerodactyl
|
|-sideend|p2: Axily|move: Tailwind
|upkeep
|
|t:|1785680775
|switch|p2a: Charizard|Charizard, L50, M|100/100
|switch|p1a: Garchomp|Garchomp, L50, M|100/100
|turn|6
|
|t:|1785680787
|detailschange|p2a: Charizard|Charizard-Mega-Y, L50, M
|-mega|p2a: Charizard|Charizard|Charizardite Y
|-weather|SunnyDay|[from] ability: Drought|[of] p2a: Charizard
|move|p2b: Kingambit|Sucker Punch|p1a: Garchomp
|-damage|p1a: Garchomp|57/100
|-damage|p2b: Kingambit|25/100|[from] ability: Rough Skin|[of] p1a: Garchomp
|move|p1a: Garchomp|Rock Slide|p2b: Kingambit|[spread] p2b
|-miss|p1a: Garchomp|p2a: Charizard
|-resisted|p2b: Kingambit|1
|-damage|p2b: Kingambit|15/100
|move|p1b: Floette|Dazzling Gleam|p2b: Kingambit|[spread] p2a,p2b
|-resisted|p2a: Charizard|1
|-damage|p2a: Charizard|71/100
|-damage|p2b: Kingambit|0 fnt
|faint|p2b: Kingambit
|move|p2a: Charizard|Heat Wave|p1b: Floette|[spread] p1a,p1b
|-resisted|p1a: Garchomp|1
|-damage|p1a: Garchomp|22/100
|-damage|p1b: Floette|9/100
|
|-weather|SunnyDay|[upkeep]
|upkeep
|turn|7
|
|t:|1785680837
|move|p1b: Floette|Dazzling Gleam|p2a: Charizard
|-resisted|p2a: Charizard|1
|-damage|p2a: Charizard|34/100
|move|p1a: Garchomp|Rock Slide|p2a: Charizard
|-supereffective|p2a: Charizard|2
|-damage|p2a: Charizard|0 fnt
|faint|p2a: Charizard
|
|win|Mrpizzaofoz
||Mrpizzaofoz is ready for game 2.
||Axily is ready for game 2.
|uhtml|next|Next: Game 2 of 3
|l|☆Axily
|player|p2|
