|j|☆Beeetch
|j|☆A Regu1ar Guy
|html|BeeetchA Regu1ar Guy    
|uhtml|bestof|Game 2 of a best-of-3
|t:|1756644217
|gametype|doubles
|player|p1|Beeetch|beauty-gen4dp|1306
|player|p2|A Regu1ar Guy|elesa|1443
|gen|9
|tier|[Gen 9] VGC 2025 Reg H (Bo3)
|rated|
|rule|Species Clause: Limit one of each Pokémon
|rule|Item Clause: Limit 1 of each item
|clearpoke
|poke|p1|Toedscruel, L50, F|
|poke|p1|Weezing-Galar, L50, M|
|poke|p1|Corviknight, L50, M|
|poke|p1|Pawmot, L50, F|
|poke|p1|Garchomp, L50, M|
|poke|p1|Typhlosion-Hisui, L50, M|
|poke|p2|Volcarona, L50, M|
|poke|p2|Rillaboom, L50, F|
|poke|p2|Electabuzz, L50, M|
|poke|p2|Tauros-Paldea-Aqua, L50, M|
|poke|p2|Dragonite, L50, F|
|poke|p2|Ninetales-Alola, L50, M|
|teampreview|4
|showteam|p1|Toedscruel||CovertCloak|MyceliumMight|Spore,EarthPower,AcidSpray,RagePowder|||F|||50|,,,,,Water]Weezing-Galar||ChoiceSpecs|NeutralizingGas|DazzlingGleam,SludgeBomb,StrangeSteam,Flamethrower|||M|||50|,,,,,Flying]Corviknight||SitrusBerry|MirrorArmor|Protect,Tailwind,Roost,BraveBird|||M|||50|,,,,,Dragon]Pawmot||FocusSash|NaturalCure|Protect,CloseCombat,DoubleShock,FakeOut|||F|||50|,,,,,Electric]Garchomp||LifeOrb|RoughSkin|Protect,Earthquake,DragonClaw,StompingTantrum|||M|||50|,,,,,Ground]Typhlosion-Hisui||ChoiceScarf|Blaze|Eruption,SleepTalk,HeatWave,ShadowBall|||M|||50|,,,,,Fire
|showteam|p2|Volcarona||GrassySeed|FlameBody|HeatWave,GigaDrain,QuiverDance,Protect|||M|||50|,,,,,Grass]Rillaboom||AssaultVest|GrassySurge|FakeOut,WoodHammer,GrassyGlide,HighHorsepower|||F|||50|,,,,,Fire]Electabuzz||Eviolite|VitalSpirit|Thunderbolt,FollowMe,Taunt,Protect|||M|||50|,,,,,Ghost]Tauros-Paldea-Aqua||MirrorHerb|Intimidate|WaveCrash,AquaJet,CloseCombat,Protect|||M|||50|,,,,,Water]Dragonite||LoadedDice|Multiscale|ScaleShot,ExtremeSpeed,Haze,Protect|||F|||50|,,,,,Fairy]Ninetales-Alola||FocusSash|SnowWarning|Blizzard,IcyWind,Mist,AuroraVeil|||M|||50|,,,,,Ghost
|
|t:|1756644234
|teamsize|p1|4
|teamsize|p2|4
|start
|switch|p1a: Weezing|Weezing-Galar, L50, M|100/100
|switch|p1b: Toedscruel|Toedscruel, L50, F|100/100
|switch|p2a: Volcarona|Volcarona, L50, M, shiny|100/100
|switch|p2b: Ninetales|Ninetales-Alola, L50, M|100/100
|-ability|p1a: Weezing|Neutralizing Gas
|turn|1
|
|t:|1756644252
|-terastallize|p1b: Toedscruel|Water
|move|p2b: Ninetales|Blizzard|p1a: Weezing|[spread] p1a,p1b
|-resisted|p1b: Toedscruel
|-damage|p1a: Weezing|60/100
|-damage|p1b: Toedscruel|89/100
|move|p1b: Toedscruel|Spore|p2a: Volcarona
|-status|p2a: Volcarona|slp|[from] move: Spore
|cant|p2a: Volcarona|slp
|move|p1a: Weezing|Dazzling Gleam|p2a: Volcarona|[spread] p2a,p2b
|-resisted|p2a: Volcarona
|-damage|p2a: Volcarona|85/100 slp
|-damage|p2b: Ninetales|56/100
|
|upkeep
|turn|2
|
|t:|1756644269
|switch|p2b: Rillaboom|Rillaboom, L50, F|100/100
|move|p1b: Toedscruel|Acid Spray|p2a: Volcarona
|-damage|p2a: Volcarona|79/100 slp
|-unboost|p2a: Volcarona|spd|2
|cant|p2a: Volcarona|slp
|move|p1a: Weezing|Dazzling Gleam|p2b: Rillaboom|[spread] p2a,p2b
|-resisted|p2a: Volcarona
|-crit|p2a: Volcarona
|-damage|p2a: Volcarona|34/100 slp
|-damage|p2b: Rillaboom|75/100
|
|upkeep
|turn|3
|
|t:|1756644288
|switch|p1b: Corviknight|Corviknight, L50, M|100/100
|-curestatus|p2a: Volcarona|slp|[msg]
|move|p2a: Volcarona|Quiver Dance|p2a: Volcarona
|-boost|p2a: Volcarona|spa|1
|-boost|p2a: Volcarona|spd|1
|-boost|p2a: Volcarona|spe|1
|move|p2b: Rillaboom|Wood Hammer|p1b: Corviknight
|-resisted|p1b: Corviknight
|-damage|p1b: Corviknight|87/100
|-damage|p2b: Rillaboom|71/100|[from] Recoil
|move|p1a: Weezing|Dazzling Gleam|p2b: Rillaboom|[spread] p2a,p2b
|-resisted|p2a: Volcarona
|-damage|p2a: Volcarona|11/100
|-damage|p2b: Rillaboom|44/100
|
|upkeep
|turn|4
|
|t:|1756644308
|move|p1b: Corviknight|Protect|p1b: Corviknight
|-singleturn|p1b: Corviknight|Protect
|move|p2a: Volcarona|Heat Wave|p1a: Weezing|[spread] p1a
|-activate|p1b: Corviknight|move: Protect
|-damage|p1a: Weezing|0 fnt
|faint|p1a: Weezing
|-end|p1a: Weezing|ability: Neutralizing Gas
|-fieldstart|move: Grassy Terrain|[from] ability: Grassy Surge|[of] p2b: Rillaboom
|-enditem|p2a: Volcarona|Grassy Seed
|-boost|p2a: Volcarona|def|1|[from] item: Grassy Seed
|move|p2b: Rillaboom|High Horsepower|p1b: Corviknight
|-activate|p1b: Corviknight|move: Protect
|
|-heal|p2a: Volcarona|17/100|[from] Grassy Terrain
|-heal|p2b: Rillaboom|50/100|[from] Grassy Terrain
|upkeep
|
|t:|1756644316
|switch|p1a: Typhlosion|Typhlosion-Hisui, L50, M|100/100
|turn|5
|
|t:|1756644327
|-terastallize|p2b: Rillaboom|Fire
|move|p2a: Volcarona|Protect|p2a: Volcarona
|-singleturn|p2a: Volcarona|Protect
|move|p1a: Typhlosion|Eruption|p2a: Volcarona|[spread] p2b
|-activate|p2a: Volcarona|move: Protect
|-resisted|p2b: Rillaboom
|-damage|p2b: Rillaboom|30/100
|move|p2b: Rillaboom|High Horsepower|p1a: Typhlosion
|-supereffective|p1a: Typhlosion
|-damage|p1a: Typhlosion|0 fnt
|faint|p1a: Typhlosion
|move|p1b: Corviknight|Brave Bird|p2b: Rillaboom
|-crit|p2b: Rillaboom
|-damage|p2b: Rillaboom|0 fnt
|faint|p2b: Rillaboom
|-damage|p1b: Corviknight|77/100|[from] Recoil
|
|-heal|p2a: Volcarona|23/100|[from] Grassy Terrain
|upkeep
|
|t:|1756644340
|switch|p1a: Toedscruel|Toedscruel, L50, F, tera:Water|89/100
|switch|p2b: Dragonite|Dragonite, L50, F|100/100
|turn|6
|
|t:|1756644355
|move|p2a: Volcarona|Giga Drain|p1a: Toedscruel
|-supereffective|p1a: Toedscruel
|-damage|p1a: Toedscruel|3/100
|-heal|p2a: Volcarona|64/100|[from] drain|[of] p1a: Toedscruel
|move|p2b: Dragonite|Scale Shot|p1a: Toedscruel
|-damage|p1a: Toedscruel|0 fnt
|faint|p1a: Toedscruel
|-hitcount|p1: Toedscruel|1
|-unboost|p2b: Dragonite|def|1
|-boost|p2b: Dragonite|spe|1
|move|p1b: Corviknight|Brave Bird|p2a: Volcarona
|-supereffective|p2a: Volcarona
|-damage|p2a: Volcarona|0 fnt
|faint|p2a: Volcarona
|-damage|p1b: Corviknight|58/100|[from] Recoil
|
|upkeep
|
|t:|1756644357
|switch|p2a: Ninetales|Ninetales-Alola, L50, M|56/100
|-weather|Snowscape|[from] ability: Snow Warning|[of] p2a: Ninetales
|turn|7
|
|t:|1756644368
|move|p2b: Dragonite|Scale Shot|p1b: Corviknight
|-resisted|p1b: Corviknight
|-damage|p1b: Corviknight|52/100
|-resisted|p1b: Corviknight
|-damage|p1b: Corviknight|46/100
|-enditem|p1b: Corviknight|Sitrus Berry|[eat]
|-heal|p1b: Corviknight|71/100|[from] item: Sitrus Berry
|-resisted|p1b: Corviknight
|-damage|p1b: Corviknight|66/100
|-resisted|p1b: Corviknight
|-damage|p1b: Corviknight|60/100
|-resisted|p1b: Corviknight
|-damage|p1b: Corviknight|54/100
|-hitcount|p1b: Corviknight|5
|-unboost|p2b: Dragonite|def|1
|-boost|p2b: Dragonite|spe|1
|move|p2a: Ninetales|Blizzard|p1b: Corviknight
|-damage|p1b: Corviknight|19/100
|move|p1b: Corviknight|Roost|p1b: Corviknight
|-heal|p1b: Corviknight|69/100
|-singleturn|p1b: Corviknight|move: Roost
|
|-weather|Snowscape|[upkeep]
|-heal|p2a: Ninetales|62/100|[from] Grassy Terrain
|-heal|p1b: Corviknight|75/100|[from] Grassy Terrain
|upkeep
|turn|8
|
|t:|1756644394
|move|p2b: Dragonite|Haze|p2b: Dragonite
|-clearallboost
|move|p2a: Ninetales|Aurora Veil|p2a: Ninetales
|-sidestart|p2: A Regu1ar Guy|move: Aurora Veil
|move|p1b: Corviknight|Roost|p1b: Corviknight
|-heal|p1b: Corviknight|100/100
|-singleturn|p1b: Corviknight|move: Roost
|
|-weather|Snowscape|[upkeep]
|-heal|p2a: Ninetales|68/100|[from] Grassy Terrain
|-fieldend|move: Grassy Terrain
|upkeep
|turn|9
|
|t:|1756644410
|move|p1b: Corviknight|Protect|p1b: Corviknight
|-singleturn|p1b: Corviknight|Protect
|move|p2a: Ninetales|Blizzard|p1b: Corviknight
|-activate|p1b: Corviknight|move: Protect
|move|p2b: Dragonite|Scale Shot|p1b: Corviknight
|-activate|p1b: Corviknight|move: Protect
|
|-weather|Snowscape|[upkeep]
|upkeep
|turn|10
|
|t:|1756644423
|move|p2a: Ninetales|Blizzard|p1b: Corviknight
|-damage|p1b: Corviknight|62/100
|move|p2b: Dragonite|Scale Shot|p1b: Corviknight
|-resisted|p1b: Corviknight
|-damage|p1b: Corviknight|56/100
|-resisted|p1b: Corviknight
|-damage|p1b: Corviknight|51/100
|-resisted|p1b: Corviknight
|-damage|p1b: Corviknight|45/100
|-resisted|p1b: Corviknight
|-damage|p1b: Corviknight|39/100
|-resisted|p1b: Corviknight
|-damage|p1b: Corviknight|33/100
|-hitcount|p1b: Corviknight|5
|-unboost|p2b: Dragonite|def|1
|-boost|p2b: Dragonite|spe|1
|move|p1b: Corviknight|Brave Bird|p2a: Ninetales
|-damage|p2a: Ninetales|39/100
|-damage|p1b: Corviknight|26/100|[from] Recoil
|
|-weather|Snowscape|[upkeep]
|upkeep
|turn|11
|
|t:|1756644431
|move|p1b: Corviknight|Protect|p1b: Corviknight
|-singleturn|p1b: Corviknight|Protect
|move|p2b: Dragonite|Scale Shot|p1b: Corviknight
|-activate|p1b: Corviknight|move: Protect
|move|p2a: Ninetales|Blizzard|p1b: Corviknight
|-activate|p1b: Corviknight|move: Protect
|
|-weather|none
|upkeep
|turn|12
|
|t:|1756644440
|move|p2b: Dragonite|Scale Shot|p1b: Corviknight
|-resisted|p1b: Corviknight
|-damage|p1b: Corviknight|20/100
|-resisted|p1b: Corviknight
|-damage|p1b: Corviknight|15/100
|-resisted|p1b: Corviknight
|-crit|p1b: Corviknight
|-damage|p1b: Corviknight|6/100
|-resisted|p1b: Corviknight
|-damage|p1b: Corviknight|0 fnt
|faint|p1b: Corviknight
|-hitcount|p1: Corviknight|4
|
|win|A Regu1ar Guy
|raw|Beeetch's rating: 1306 → 1294(-12 for losing)
|raw|A Regu1ar Guy's rating: 1443 → 1455(+12 for winning)
