|j|☆busterbunner
|j|☆eufii
|html|busterbunnereufii    
|uhtml|bestof|Game 2 of a best-of-3
|t:|1785708130
|gametype|doubles
|player|p1|busterbunner|clair|1132
|player|p2|eufii|2|1044
|gen|9
|tier|[Gen 9 Champions] VGC 2026 Reg M-B (Bo3)
|rated|
|rule|Species Clause: Limit one of each Pokémon
|rule|Item Clause: Limit 1 of each item
|clearpoke
|poke|p1|Whimsicott, L50, M|
|poke|p1|Metagross, L50|
|poke|p1|Kingambit, L50, M|
|poke|p1|Garchomp, L50, M|
|poke|p1|Gardevoir, L50, F|
|poke|p1|Pelipper, L50, F|
|poke|p2|Politoed, L50, F|
|poke|p2|Dragonite, L50, F|
|poke|p2|Incineroar, L50, F|
|poke|p2|Raichu, L50, F|
|poke|p2|Primarina, L50, M|
|poke|p2|Whimsicott, L50, M|
|teampreview|4
|showteam|p1|Whimsicott||FocusSash|Prankster|Moonblast,Encore,Tailwind,Protect|Timid||M|||50|]Metagross||Metagrossite|ClearBody|PsychicFangs,Protect,IronHead,StompingTantrum|Jolly|||||50|]Kingambit||BlackGlasses|Defiant|KowtowCleave,SuckerPunch,IronHead,Protect|Adamant||M|||50|]Garchomp||LifeOrb|RoughSkin|DragonClaw,Earthquake,RockSlide,Protect|Jolly||M|||50|]Gardevoir||Gardevoirite|Trace|HyperVoice,Moonblast,TrickRoom,Protect|Timid||F|||50|]Pelipper|||Drizzle|MuddyWater,Hurricane,WideGuard,Protect|Timid||F|||50|
|showteam|p2|Politoed||DampRock|Drizzle|WeatherBall,HelpingHand,IceBeam,Protect|Calm||F|||50|]Dragonite||Dragoninite|Multiscale|Hurricane,DragonPulse,IceBeam,Protect|Modest||F|||50|]Incineroar||SitrusBerry|Intimidate|FakeOut,PartingShot,DarkestLariat,FirePunch|Adamant||F|||50|]Raichu||RaichuniteY|LightningRod|ZapCannon,FocusBlast,Protect,Encore|Timid||F|||50|]Primarina||FairyFeather|LiquidVoice|HyperVoice,Moonblast,IcyWind,Protect|Modest||M|||50|]Whimsicott||FocusSash|Prankster|Encore,FakeTears,EnergyBall,Tailwind|Timid||M|||50|
|inactive|Battle timer is ON: inactive players will automatically lose when time's up. (requested by busterbunner)
|inactive|busterbunner has 60 seconds left.
|
|t:|1785708179
|teamsize|p1|4
|teamsize|p2|4
|start
|switch|p1a: Whimsicott|Whimsicott, L50, M|100/100
|switch|p1b: Pelipper|Pelipper, L50, F|100/100
|switch|p2a: Incineroar|Incineroar, L50, F|100/100
|switch|p2b: Whimsicott|Whimsicott, L50, M|100/100
|-weather|RainDance|[from] ability: Drizzle|[of] p1b: Pelipper
|-ability|p2a: Incineroar|Intimidate|boost
|-unboost|p1a: Whimsicott|atk|1
|-unboost|p1b: Pelipper|atk|1
|turn|1
|
|t:|1785708198
|move|p2a: Incineroar|Fake Out|p1b: Pelipper
|-damage|p1b: Pelipper|84/100
|move|p1a: Whimsicott|Tailwind|p1a: Whimsicott
|-sidestart|p1: busterbunner|move: Tailwind
|move|p2b: Whimsicott|Tailwind|p2b: Whimsicott
|-sidestart|p2: eufii|move: Tailwind
|cant|p1b: Pelipper|flinch
|
|-weather|RainDance|[upkeep]
|upkeep
|turn|2
|
|t:|1785708217
|switch|p2b: Primarina|Primarina, L50, M|100/100
|move|p1a: Whimsicott|Encore||[still]
|-fail|p1a: Whimsicott
|move|p1b: Pelipper|Muddy Water|p2a: Incineroar|[spread] p2b
|-miss|p1b: Pelipper|p2a: Incineroar
|-resisted|p2b: Primarina|1
|-damage|p2b: Primarina|85/100
|move|p2a: Incineroar|Parting Shot|p1b: Pelipper
|-unboost|p1b: Pelipper|atk|1
|-unboost|p1b: Pelipper|spa|1
|
|t:|1785708231
|switch|p2a: Raichu|Raichu, L50, F|100/100|[from] Parting Shot
|
|-weather|RainDance|[upkeep]
|upkeep
|turn|3
|
|t:|1785708253
|move|p1b: Pelipper|Protect|p1b: Pelipper
|-singleturn|p1b: Pelipper|Protect
|move|p1a: Whimsicott|Moonblast|p2a: Raichu
|-damage|p2a: Raichu|48/100
|move|p2a: Raichu|Zap Cannon|p1a: Whimsicott|[miss]
|-miss|p2a: Raichu|p1a: Whimsicott
|move|p2b: Primarina|Icy Wind|p1b: Pelipper|[spread] p1a
|-activate|p1b: Pelipper|move: Protect
|-supereffective|p1a: Whimsicott|1
|-crit|p1a: Whimsicott
|-damage|p1a: Whimsicott|24/100
|-unboost|p1a: Whimsicott|spe|1
|
|-weather|RainDance|[upkeep]
|upkeep
|turn|4
|
|t:|1785708276
|switch|p1b: Garchomp|Garchomp, L50, M|100/100
|detailschange|p2a: Raichu|Raichu-Mega-Y, L50, F
|-mega|p2a: Raichu|Raichu|Raichunite Y
|move|p1a: Whimsicott|Protect|p1a: Whimsicott
|-singleturn|p1a: Whimsicott|Protect
|move|p2a: Raichu|Protect|p2a: Raichu
|-singleturn|p2a: Raichu|Protect
|move|p2b: Primarina|Icy Wind|p1a: Whimsicott|[spread] p1b
|-activate|p1a: Whimsicott|move: Protect
|-supereffective|p1b: Garchomp|2
|-damage|p1b: Garchomp|25/100
|-unboost|p1b: Garchomp|spe|1
|
|-weather|RainDance|[upkeep]
|-sideend|p1: busterbunner|move: Tailwind
|-sideend|p2: eufii|move: Tailwind
|upkeep
|turn|5
|
|t:|1785708297
|switch|p2a: Incineroar|Incineroar, L50, F|100/100
|-ability|p2a: Incineroar|Intimidate|boost
|-unboost|p1a: Whimsicott|atk|1
|-unboost|p1b: Garchomp|atk|1
|move|p1b: Garchomp|Protect|p1b: Garchomp
|-singleturn|p1b: Garchomp|Protect
|move|p1a: Whimsicott|Tailwind|p1a: Whimsicott
|-sidestart|p1: busterbunner|move: Tailwind
|move|p2b: Primarina|Icy Wind|p1a: Whimsicott|[spread] p1a
|-activate|p1b: Garchomp|move: Protect
|-supereffective|p1a: Whimsicott|1
|-damage|p1a: Whimsicott|0 fnt
|faint|p1a: Whimsicott
|
|-weather|none
|upkeep
|
|t:|1785708301
|switch|p1a: Pelipper|Pelipper, L50, F|84/100
|-weather|RainDance|[from] ability: Drizzle|[of] p1a: Pelipper
|turn|6
|
|t:|1785708320
|switch|p1b: Metagross|Metagross, L50|100/100
|move|p1a: Pelipper|Protect|p1a: Pelipper
|-singleturn|p1a: Pelipper|Protect
|move|p2b: Primarina|Protect|p2b: Primarina
|-singleturn|p2b: Primarina|Protect
|move|p2a: Incineroar|Fake Out|p1b: Metagross
|-resisted|p1b: Metagross|1
|-damage|p1b: Metagross|94/100
|
|-weather|RainDance|[upkeep]
|upkeep
|turn|7
|
|t:|1785708343
|switch|p2b: Whimsicott|Whimsicott, L50, M|100/100
|move|p1b: Metagross|Stomping Tantrum|p2a: Incineroar
|-supereffective|p2a: Incineroar|1
|-damage|p2a: Incineroar|54/100
|move|p1a: Pelipper|Muddy Water|p2a: Incineroar|[spread] p2a,p2b
|-supereffective|p2a: Incineroar|1
|-resisted|p2b: Whimsicott|1
|-crit|p2b: Whimsicott
|-damage|p2a: Incineroar|0 fnt
|-damage|p2b: Whimsicott|63/100
|faint|p2a: Incineroar
|
|-weather|RainDance|[upkeep]
|upkeep
|
|t:|1785708357
|switch|p2a: Primarina|Primarina, L50, M|85/100
|turn|8
|
|t:|1785708371
|detailschange|p1b: Metagross|Metagross-Mega, L50
|-mega|p1b: Metagross|Metagross|Metagrossite
|move|p2b: Whimsicott|Tailwind|p2b: Whimsicott
|-sidestart|p2: eufii|move: Tailwind
|move|p1b: Metagross|Iron Head|p2a: Primarina
|-damage|p2a: Primarina|18/100
|move|p1a: Pelipper|Hurricane|p2b: Whimsicott
|-supereffective|p2b: Whimsicott|1
|-damage|p2b: Whimsicott|0 fnt
|faint|p2b: Whimsicott
|cant|p2a: Primarina|flinch
|
|-weather|RainDance|[upkeep]
|-sideend|p1: busterbunner|move: Tailwind
|upkeep
|
|t:|1785708386
|switch|p2b: Raichu|Raichu-Mega-Y, L50, F|48/100
|turn|9
|
|t:|1785708393
|move|p1a: Pelipper|Wide Guard|p1a: Pelipper
|-singleturn|p1a: Pelipper|Wide Guard
|move|p2b: Raichu|Focus Blast|p1b: Metagross
|-damage|p1b: Metagross|41/100
|move|p1b: Metagross|Psychic Fangs|p2b: Raichu
|-damage|p2b: Raichu|0 fnt
|faint|p2b: Raichu
|move|p2a: Primarina|Hyper Voice|p1b: Metagross|[spread] 
|-activate|p1a: Pelipper|move: Wide Guard
|-activate|p1b: Metagross|move: Wide Guard
|
|-weather|RainDance|[upkeep]
|upkeep
|turn|10
|
|t:|1785708410
|move|p1a: Pelipper|Wide Guard|p1a: Pelipper
|-singleturn|p1a: Pelipper|Wide Guard
|move|p1b: Metagross|Psychic Fangs|p2a: Primarina
|-damage|p2a: Primarina|0 fnt
|faint|p2a: Primarina
|
|win|busterbunner
|raw|busterbunner's rating: 1132 → 1151(+19 for winning)
|raw|eufii's rating: 1044 → 1032(-12 for losing)
|l|☆eufii
|player|p2|
|c|☆busterbunner|let that be a warning to all those you challenge a gladiator of ORAS
