|j|‽mackerjuan
|j|☆matrod
|html|mackerjuanmatrod    
|uhtml|bestof|Game 3 of a best-of-3
|t:|1755195330
|gametype|doubles
|player|p1|mackerjuan|101|1247
|player|p2|matrod|steven|1367
|gen|9
|tier|[Gen 9] VGC 2025 Reg H (Bo3)
|rated|
|rule|Species Clause: Limit one of each Pokémon
|rule|Item Clause: Limit 1 of each item
|clearpoke
|poke|p1|Annihilape, L50, F|
|poke|p1|Maushold, L50|
|poke|p1|Pelipper, L50, M|
|poke|p1|Archaludon, L50, F|
|poke|p1|Sinistcha, L50|
|poke|p1|Basculegion, L50, M|
|poke|p2|Amoonguss, L50, M|
|poke|p2|Gholdengo, L50|
|poke|p2|Incineroar, L50, M|
|poke|p2|Archaludon, L50, F|
|poke|p2|Dragonite, L50, M|
|poke|p2|Pelipper, L50, F|
|teampreview|4
|showteam|p1|Annihilape||SpellTag|Defiant|BulkUp,Protect,DrainPunch,RageFist|||F|||50|,,,,,Water]Maushold||SafetyGoggles|FriendGuard|BeatUp,Taunt,FollowMe,Protect||||||50|,,,,,Ghost]Pelipper||FocusSash|Drizzle|Hurricane,WeatherBall,Tailwind,Protect|||M|||50|,,,,,Stellar]Archaludon||AssaultVest|Stamina|ElectroShot,DracoMeteor,Snarl,BodyPress|||F|||50|,,,,,Grass]Sinistcha||SitrusBerry|Hospitality|LifeDew,TrickRoom,StrengthSap,MatchaGotcha||||||50|,,,,,Water]Basculegion||LifeOrb|SwiftSwim|AquaJet,WaveCrash,LastRespects,Protect|||M|||50|,,,,,Water
|showteam|p2|Amoonguss||RockyHelmet|Regenerator|Spore,Protect,RagePowder,PollenPuff|||M|||50|,,,,,Water]Gholdengo||LifeOrb|GoodasGold|MakeItRain,ShadowBall,NastyPlot,Protect||||||50|,,,,,Bug]Incineroar||SafetyGoggles|Intimidate|FakeOut,KnockOff,FlareBlitz,PartingShot|||M|||50|,,,,,Water]Archaludon||AssaultVest|Stamina|Snarl,ElectroShot,FlashCannon,BodyPress|||F|||50|,,,,,Grass]Dragonite||LoadedDice|Multiscale|ScaleShot,Tailwind,Protect,StompingTantrum|||M|||50|,,,,,Steel]Pelipper||FocusSash|Drizzle|WeatherBall,Hurricane,Tailwind,Protect|||F|||50|,,,,,Stellar
|inactive|Battle timer is ON: inactive players will automatically lose when time's up. (requested by mackerjuan)
|
|t:|1755195358
|teamsize|p1|4
|teamsize|p2|4
|start
|switch|p1a: Archaludon|Archaludon, L50, F|100/100
|switch|p1b: Pelipper|Pelipper, L50, M|100/100
|switch|p2a: Pelipper|Pelipper, L50, F|100/100
|switch|p2b: Dragonite|Dragonite, L50, M|100/100
|-weather|RainDance|[from] ability: Drizzle|[of] p2a: Pelipper
|turn|1
|inactive|matrod has 30 seconds left.
|inactive|matrod has 20 seconds left.
|inactive|matrod has 15 seconds left.
|inactive|matrod has 10 seconds left.
|inactive|matrod has 5 seconds left.
|
|t:|1755195409
|switch|p2a: Archaludon|Archaludon, L50, F|100/100
|move|p2b: Dragonite|Tailwind|p2b: Dragonite
|-sidestart|p2: matrod|move: Tailwind
|move|p1b: Pelipper|Tailwind|p1b: Pelipper
|-sidestart|p1: mackerjuan|move: Tailwind
|move|p1a: Archaludon|Electro Shot||[still]
|-prepare|p1a: Archaludon|Electro Shot
|-boost|p1a: Archaludon|spa|1
|-anim|p1a: Archaludon|Electro Shot|p2b: Dragonite
|-damage|p2b: Dragonite|68/100
|
|-weather|RainDance|[upkeep]
|upkeep
|turn|2
|inactive|mackerjuan has 30 seconds left.
|inactive|mackerjuan has 20 seconds left.
|inactive|mackerjuan has 15 seconds left.
|inactive|mackerjuan has 10 seconds left.
|inactive|mackerjuan has 5 seconds left.
|
|t:|1755195462
|-terastallize|p1a: Archaludon|Grass
|move|p2b: Dragonite|Scale Shot|p2a: Archaludon
|-damage|p2a: Archaludon|90/100
|-ability|p2a: Archaludon|Stamina|boost
|-boost|p2a: Archaludon|def|1
|-damage|p2a: Archaludon|83/100
|-ability|p2a: Archaludon|Stamina|boost
|-boost|p2a: Archaludon|def|1
|-damage|p2a: Archaludon|78/100
|-ability|p2a: Archaludon|Stamina|boost
|-boost|p2a: Archaludon|def|1
|-damage|p2a: Archaludon|74/100
|-ability|p2a: Archaludon|Stamina|boost
|-boost|p2a: Archaludon|def|1
|-damage|p2a: Archaludon|69/100
|-ability|p2a: Archaludon|Stamina|boost
|-boost|p2a: Archaludon|def|1
|-hitcount|p2a: Archaludon|5
|-unboost|p2b: Dragonite|def|1
|-boost|p2b: Dragonite|spe|1
|move|p2a: Archaludon|Body Press|p1a: Archaludon
|-damage|p1a: Archaludon|45/100
|-ability|p1a: Archaludon|Stamina|boost
|-boost|p1a: Archaludon|def|1
|move|p1b: Pelipper|Weather Ball|p2a: Archaludon
|-resisted|p2a: Archaludon
|-damage|p2a: Archaludon|43/100
|-ability|p2a: Archaludon|Stamina|boost
|-boost|p2a: Archaludon|def|1
|move|p1a: Archaludon|Draco Meteor|p2a: Archaludon
|-damage|p2a: Archaludon|0 fnt
|-unboost|p1a: Archaludon|spa|2
|faint|p2a: Archaludon
|
|-weather|RainDance|[upkeep]
|upkeep
|inactive|matrod has 30 seconds left.
|
|t:|1755195496
|switch|p2a: Pelipper|Pelipper, L50, F|100/100
|turn|3
|inactive|mackerjuan has 30 seconds left.
|
|t:|1755195523
|move|p2b: Dragonite|Scale Shot|p1b: Pelipper
|-damage|p1b: Pelipper|83/100
|-damage|p1b: Pelipper|66/100
|-damage|p1b: Pelipper|49/100
|-damage|p1b: Pelipper|31/100
|-hitcount|p1b: Pelipper|4
|-unboost|p2b: Dragonite|def|1
|-boost|p2b: Dragonite|spe|1
|move|p2a: Pelipper|Hurricane|p1a: Archaludon
|-supereffective|p1a: Archaludon
|-damage|p1a: Archaludon|0 fnt
|faint|p1a: Archaludon
|move|p1b: Pelipper|Hurricane|p2a: Pelipper
|-damage|p2a: Pelipper|12/100
|
|-weather|RainDance|[upkeep]
|upkeep
|
|t:|1755195543
|switch|p1a: Maushold|Maushold, L50, shiny|100/100
|turn|4
|
|t:|1755195562
|move|p1a: Maushold|Follow Me|p1a: Maushold
|-singleturn|p1a: Maushold|move: Follow Me
|move|p2b: Dragonite|Scale Shot|p1a: Maushold
|-damage|p1a: Maushold|82/100
|-crit|p1a: Maushold
|-damage|p1a: Maushold|59/100
|-crit|p1a: Maushold
|-damage|p1a: Maushold|33/100
|-damage|p1a: Maushold|15/100
|-hitcount|p1a: Maushold|4
|-unboost|p2b: Dragonite|def|1
|-boost|p2b: Dragonite|spe|1
|move|p2a: Pelipper|Hurricane|p1a: Maushold
|-damage|p1a: Maushold|0 fnt
|faint|p1a: Maushold
|move|p1b: Pelipper|Weather Ball|p2a: Pelipper
|-resisted|p2a: Pelipper
|-damage|p2a: Pelipper|0 fnt
|faint|p2a: Pelipper
|
|-weather|RainDance|[upkeep]
|-sideend|p2: matrod|move: Tailwind
|-sideend|p1: mackerjuan|move: Tailwind
|upkeep
|
|t:|1755195580
|switch|p1a: Annihilape|Annihilape, L50, F|100/100
|switch|p2a: Amoonguss|Amoonguss, L50, M, shiny|100/100
|turn|5
|
|t:|1755195603
|-terastallize|p2a: Amoonguss|Water
|move|p2b: Dragonite|Scale Shot|p1a: Annihilape
|-damage|p1a: Annihilape|86/100
|-damage|p1a: Annihilape|72/100
|-damage|p1a: Annihilape|58/100
|-damage|p1a: Annihilape|44/100
|-damage|p1a: Annihilape|29/100
|-hitcount|p1a: Annihilape|5
|-unboost|p2b: Dragonite|def|1
|-boost|p2b: Dragonite|spe|1
|move|p1a: Annihilape|Rage Fist|p2b: Dragonite
|-damage|p2b: Dragonite|0 fnt
|faint|p2b: Dragonite
|move|p1b: Pelipper|Hurricane|p2a: Amoonguss
|-damage|p2a: Amoonguss|61/100
|move|p2a: Amoonguss|Spore|p1a: Annihilape
|-status|p1a: Annihilape|slp|[from] move: Spore
|
|-weather|none
|upkeep
|turn|6
|c|☆matrod|Really???
|
|t:|1755195622
|cant|p1a: Annihilape|slp
|move|p1b: Pelipper|Hurricane|p2a: Amoonguss
|-damage|p2a: Amoonguss|20/100
|-start|p2a: Amoonguss|confusion
|-activate|p2a: Amoonguss|confusion
|move|p2a: Amoonguss|Pollen Puff|p1a: Annihilape
|-resisted|p1a: Annihilape
|-damage|p1a: Annihilape|24/100 slp
|
|upkeep
|turn|7
|c|☆matrod|Dawg
|
|t:|1755195635
|-curestatus|p1a: Annihilape|slp|[msg]
|move|p1a: Annihilape|Rage Fist|p2a: Amoonguss
|-damage|p2a: Amoonguss|0 fnt
|-damage|p1a: Annihilape|7/100|[from] item: Rocky Helmet|[of] p2a: Amoonguss
|faint|p2a: Amoonguss
|
|win|mackerjuan
|raw|mackerjuan's rating: 1247 → 1280(+33 for winning)
|raw|matrod's rating: 1367 → 1340(-27 for losing)
|c|☆matrod|I coulda rage powdered why would u rage fist???
