|j|☆We_Are_Toasted
|j|☆Lenk H
|html|We_Are_ToastedLenk H    
|uhtml|bestof|Game 1 of a best-of-3
|t:|1756323781
|gametype|doubles
|player|p1|We_Are_Toasted|larry|1175
|player|p2|Lenk H|1|1083
|gen|9
|tier|[Gen 9] VGC 2025 Reg H (Bo3)
|rated|
|rule|Species Clause: Limit one of each Pokémon
|rule|Item Clause: Limit 1 of each item
|clearpoke
|poke|p1|Gholdengo, L50|
|poke|p1|Garganacl, L50, F|
|poke|p1|Sneasler, L50, M|
|poke|p1|Dondozo, L50, M|
|poke|p1|Incineroar, L50, M|
|poke|p1|Ninetales-Alola, L50, M|
|poke|p2|Farigiraf, L50, F|
|poke|p2|Ursaluna-Bloodmoon, L50, M|
|poke|p2|Incineroar, L50, M|
|poke|p2|Palafin, L50, F|
|poke|p2|Whimsicott, L50, F|
|poke|p2|Annihilape, L50, M|
|teampreview|4
|showteam|p1|Gholdengo||ChoiceScarf|GoodasGold|MakeItRain,ShadowBall,PowerGem,Trick||||||50|,,,,,Steel]Garganacl||MarangaBerry|PurifyingSalt|SaltCure,Recover,Protect,StealthRock|||F|||50|,,,,,Flying]Sneasler||FocusSash|PoisonTouch|DireClaw,CloseCombat,Coaching,Protect|||M|||50|,,,,,Ghost]Dondozo||Leftovers|Unaware|Liquidation,Yawn,Curse,Protect|||M|||50|,,,,,Poison]Incineroar||AssaultVest|Intimidate|KnockOff,FlareBlitz,DrainPunch,FakeOut|||M|||50|,,,,,Grass]Ninetales-Alola||NeverMeltIce|SnowWarning|Blizzard,AuroraVeil,FreezeDry,Protect|||M|||50|,,,,,Ice
|showteam|p2|Farigiraf||SafetyGoggles|ArmorTail|Uproar,Psychic,TrickRoom,HelpingHand|||F|||50|,,,,,Fairy]Ursaluna-Bloodmoon||LifeOrb|MindsEye|Protect,BloodMoon,HyperVoice,EarthPower|||M|||50|,,,,,Normal]Incineroar||AssaultVest|Intimidate|FakeOut,Uturn,KnockOff,FlareBlitz|||M|||50|,,,,,Grass]Palafin||MysticWater|ZerotoHero|JetPunch,WaveCrash,Haze,Protect|||F|||50|,,,,,Water]Whimsicott||FocusSash|Prankster|Moonblast,BeatUp,Tailwind,LightScreen|||F|||50|,,,,,Ghost]Annihilape||Leftovers|Defiant|RageFist,DrainPunch,BulkUp,Protect|||M|||50|,,,,,Fire
|inactive|Battle timer is ON: inactive players will automatically lose when time's up. (requested by We_Are_Toasted)
|inactive|We_Are_Toasted has 60 seconds left.
|inactive|We_Are_Toasted has 30 seconds left.
|inactive|We_Are_Toasted has 20 seconds left.
|inactive|We_Are_Toasted has 15 seconds left.
|inactive|We_Are_Toasted has 10 seconds left.
|inactive|We_Are_Toasted has 5 seconds left.
|
|t:|1756323876
|teamsize|p1|4
|teamsize|p2|4
|start
|switch|p1a: Gholdengo|Gholdengo, L50|100/100
|switch|p1b: Ninetales|Ninetales-Alola, L50, M|100/100
|switch|p2a: Palafin|Palafin, L50, F|100/100
|switch|p2b: Annihilape|Annihilape, L50, M|100/100
|-weather|Snowscape|[from] ability: Snow Warning|[of] p1b: Ninetales
|turn|1
|inactive|We_Are_Toasted has 30 seconds left.
|inactive|Lenk H has 30 seconds left.
|inactive|Lenk H has 20 seconds left.
|inactive|Lenk H has 15 seconds left.
|inactive|Lenk H has 10 seconds left.
|
|t:|1756323923
|detailschange|p2a: Palafin|Palafin-Hero, L50, F
|switch|p2a: Whimsicott|Whimsicott, L50, F|100/100
|-terastallize|p2b: Annihilape|Fire
|move|p1a: Gholdengo|Trick|p2b: Annihilape
|-activate|p1a: Gholdengo|move: Trick|[of] p2b: Annihilape
|-item|p2b: Annihilape|Choice Scarf|[from] move: Trick
|-item|p1a: Gholdengo|Leftovers|[from] move: Trick
|move|p2b: Annihilape|Bulk Up|p2b: Annihilape
|-boost|p2b: Annihilape|atk|1
|-boost|p2b: Annihilape|def|1
|move|p1b: Ninetales|Aurora Veil|p1b: Ninetales
|-sidestart|p1: We_Are_Toasted|move: Aurora Veil
|
|-weather|Snowscape|[upkeep]
|upkeep
|turn|2
|inactive|We_Are_Toasted has 30 seconds left.
|inactive|Lenk H has 30 seconds left.
|inactive|We_Are_Toasted has 20 seconds left.
|inactive|Lenk H has 20 seconds left.
|inactive|We_Are_Toasted has 15 seconds left.
|inactive|Lenk H has 15 seconds left.
|inactive|We_Are_Toasted has 10 seconds left.
|inactive|We_Are_Toasted has 5 seconds left.
|
|t:|1756323975
|switch|p2b: Palafin|Palafin-Hero, L50, F|100/100
|-activate|p2b: Palafin|ability: Zero to Hero
|move|p2a: Whimsicott|Light Screen|p2a: Whimsicott
|-sidestart|p2: Lenk H|move: Light Screen
|move|p1b: Ninetales|Blizzard|p2a: Whimsicott|[spread] p2a,p2b
|-supereffective|p2a: Whimsicott
|-resisted|p2b: Palafin
|-damage|p2a: Whimsicott|23/100
|-damage|p2b: Palafin|89/100
|-status|p2a: Whimsicott|frz
|move|p1a: Gholdengo|Make It Rain|p2b: Palafin|[spread] p2a,p2b
|-supereffective|p2a: Whimsicott
|-resisted|p2b: Palafin
|-crit|p2b: Palafin
|-damage|p2a: Whimsicott|0 fnt
|-damage|p2b: Palafin|55/100
|-unboost|p1a: Gholdengo|spa|1
|faint|p2a: Whimsicott
|
|-weather|Snowscape|[upkeep]
|upkeep
|
|t:|1756323993
|switch|p2a: Annihilape|Annihilape, L50, M, tera:Fire|100/100
|turn|3
|inactive|We_Are_Toasted has 30 seconds left.
|inactive|Lenk H has 30 seconds left.
|
|t:|1756324023
|switch|p1a: Dondozo|Dondozo, L50, M|100/100
|move|p2a: Annihilape|Rage Fist|p1b: Ninetales
|-damage|p1b: Ninetales|87/100
|move|p1b: Ninetales|Freeze-Dry|p2b: Palafin
|-supereffective|p2b: Palafin
|-damage|p2b: Palafin|12/100
|move|p2b: Palafin|Wave Crash|p1a: Dondozo
|-resisted|p1a: Dondozo
|-damage|p1a: Dondozo|82/100
|-damage|p2b: Palafin|4/100|[from] Recoil
|
|-weather|Snowscape|[upkeep]
|-heal|p1a: Dondozo|88/100|[from] item: Leftovers
|upkeep
|turn|4
|inactive|Lenk H has 30 seconds left.
|
|t:|1756324049
|switch|p2b: Ursaluna|Ursaluna-Bloodmoon, L50, M|100/100
|move|p2a: Annihilape|Rage Fist|p1b: Ninetales
|-damage|p1b: Ninetales|72/100
|move|p1b: Ninetales|Freeze-Dry|p2b: Ursaluna
|-supereffective|p2b: Ursaluna
|-damage|p2b: Ursaluna|52/100
|move|p1a: Dondozo|Curse|p1a: Dondozo
|-unboost|p1a: Dondozo|spe|1
|-boost|p1a: Dondozo|atk|1
|-boost|p1a: Dondozo|def|1
|
|-weather|Snowscape|[upkeep]
|-heal|p1a: Dondozo|94/100|[from] item: Leftovers
|upkeep
|turn|5
|inactive|We_Are_Toasted has 30 seconds left.
|
|t:|1756324075
|move|p2a: Annihilape|Rage Fist|p1b: Ninetales
|-damage|p1b: Ninetales|57/100
|move|p1b: Ninetales|Blizzard|p2a: Annihilape|[spread] p2a,p2b
|-resisted|p2a: Annihilape
|-supereffective|p2b: Ursaluna
|-damage|p2a: Annihilape|89/100
|-damage|p2b: Ursaluna|0 fnt
|faint|p2b: Ursaluna
|move|p1a: Dondozo|Liquidation|p2a: Annihilape
|-supereffective|p2a: Annihilape
|-damage|p2a: Annihilape|0 fnt
|faint|p2a: Annihilape
|
|-weather|none
|-heal|p1a: Dondozo|99/100|[from] item: Leftovers
|-sideend|p1: We_Are_Toasted|move: Aurora Veil
|upkeep
|
|t:|1756324088
|switch|p2a: Palafin|Palafin-Hero, L50, F|4/100
|turn|6
|
|t:|1756324093
|move|p1b: Ninetales|Freeze-Dry|p2a: Palafin
|-supereffective|p2a: Palafin
|-damage|p2a: Palafin|0 fnt
|faint|p2a: Palafin
|
|win|We_Are_Toasted
|inactive|We_Are_Toasted has 30 seconds to confirm battle start!
|inactive|Lenk H has 30 seconds to confirm battle start!
