|j|☆Caporosso74
|j|☆RamonTheKiller
|html|Caporosso74RamonTheKiller    
|uhtml|bestof|Game 2 of a best-of-3
|t:|1756420170
|gametype|doubles
|player|p1|Caporosso74|101|1150
|player|p2|RamonTheKiller|palmer|1109
|gen|9
|tier|[Gen 9] VGC 2025 Reg H (Bo3)
|rated|
|rule|Species Clause: Limit one of each Pokémon
|rule|Item Clause: Limit 1 of each item
|clearpoke
|poke|p1|Pelipper, L50, F|
|poke|p1|Basculegion, L50, M|
|poke|p1|Archaludon, L50, M|
|poke|p1|Rillaboom, L50, F|
|poke|p1|Dragonite, L50, F|
|poke|p1|Gholdengo, L50|
|poke|p2|Incineroar, L50, F|
|poke|p2|Amoonguss, L50, F|
|poke|p2|Gholdengo, L50|
|poke|p2|Dragonite, L50, M|
|poke|p2|Sneasler, L50, F|
|poke|p2|Primarina, L50, M|
|teampreview|4
|showteam|p1|Pelipper||CovertCloak|Drizzle|Hurricane,Protect,WeatherBall,Tailwind|||F|||50|,,,,,Flying]Basculegion||LifeOrb|SwiftSwim|LastRespects,AquaJet,WaveCrash,PsychicFangs|||M|||50|,,,,,Water]Archaludon||SafetyGoggles|Stamina|DragonPulse,ElectroShot,FlashCannon,Protect|||M|||50|,,,,,Electric]Rillaboom||AssaultVest|GrassySurge|FakeOut,WoodHammer,GrassyGlide,Uturn|||F|||50|,,,,,Water]Dragonite||ChoiceBand|Multiscale|IceSpinner,ExtremeSpeed,LowKick,StompingTantrum|||F|||50|,,,,,Normal]Gholdengo||FocusSash|GoodasGold|Protect,ShadowBall,MakeItRain,NastyPlot||||||50|,,,,,Steel
|showteam|p2|Incineroar||SafetyGoggles|Intimidate|KnockOff,FakeOut,PartingShot,FlareBlitz|||F|||50|,,,,,Ghost]Amoonguss||RockyHelmet|Regenerator|RagePowder,PollenPuff,Spore,Protect|||F|||50|,,,,,Fairy]Gholdengo||LifeOrb|GoodasGold|MakeItRain,ShadowBall,NastyPlot,Protect||||||50|,,,,,Water]Dragonite||LoadedDice|Multiscale|ScaleShot,Protect,Tailwind,Haze|||M|||50|,,,,,Fairy]Sneasler||FocusSash|Unburden|DireClaw,CloseCombat,Protect,ThroatChop|||F|||50|,,,,,Stellar]Primarina||AssaultVest|LiquidVoice|HyperVoice,Moonblast,IcyWind,TeraBlast|||M|||50|,,,,,Poison
|
|t:|1756420186
|teamsize|p1|4
|teamsize|p2|4
|start
|switch|p1a: Pelipper|Pelipper, L50, F|100/100
|switch|p1b: Archaludon|Archaludon, L50, M|100/100
|switch|p2a: Dragonite|Dragonite, L50, M|100/100
|switch|p2b: Sneasler|Sneasler, L50, F|100/100
|-weather|RainDance|[from] ability: Drizzle|[of] p1a: Pelipper
|turn|1
|
|t:|1756420221
|-terastallize|p1b: Archaludon|Electric
|-terastallize|p2a: Dragonite|Fairy
|move|p2b: Sneasler|Dire Claw|p1a: Pelipper
|-damage|p1a: Pelipper|57/100
|move|p2a: Dragonite|Scale Shot|p1a: Pelipper
|-damage|p1a: Pelipper|44/100
|-damage|p1a: Pelipper|31/100
|-damage|p1a: Pelipper|16/100
|-damage|p1a: Pelipper|2/100
|-damage|p1a: Pelipper|0 fnt
|faint|p1a: Pelipper
|-hitcount|p1: Pelipper|5
|-unboost|p2a: Dragonite|def|1
|-boost|p2a: Dragonite|spe|1
|move|p1b: Archaludon|Electro Shot||[still]
|-prepare|p1b: Archaludon|Electro Shot
|-boost|p1b: Archaludon|spa|1
|-anim|p1b: Archaludon|Electro Shot|p2a: Dragonite
|-damage|p2a: Dragonite|44/100
|
|-weather|RainDance|[upkeep]
|upkeep
|
|t:|1756420255
|switch|p1a: Basculegion|Basculegion, L50, M|100/100
|turn|2
|
|t:|1756420264
|switch|p2a: Amoonguss|Amoonguss, L50, F|100/100
|move|p2b: Sneasler|Protect|p2b: Sneasler
|-singleturn|p2b: Sneasler|Protect
|move|p1a: Basculegion|Aqua Jet|p2b: Sneasler
|-activate|p2b: Sneasler|move: Protect
|move|p1b: Archaludon|Electro Shot||[still]
|-prepare|p1b: Archaludon|Electro Shot
|-boost|p1b: Archaludon|spa|1
|-anim|p1b: Archaludon|Electro Shot|p2a: Amoonguss
|-resisted|p2a: Amoonguss
|-damage|p2a: Amoonguss|44/100
|
|-weather|RainDance|[upkeep]
|upkeep
|turn|3
|
|t:|1756420286
|move|p2a: Amoonguss|Rage Powder|p2a: Amoonguss
|-singleturn|p2a: Amoonguss|move: Rage Powder
|move|p1a: Basculegion|Aqua Jet|p2a: Amoonguss
|-resisted|p2a: Amoonguss
|-damage|p2a: Amoonguss|28/100
|-damage|p1a: Basculegion|84/100|[from] item: Rocky Helmet|[of] p2a: Amoonguss
|-damage|p1a: Basculegion|74/100|[from] item: Life Orb
|move|p2b: Sneasler|Throat Chop|p1a: Basculegion
|-supereffective|p1a: Basculegion
|-damage|p1a: Basculegion|0 fnt
|faint|p1a: Basculegion
|move|p1b: Archaludon|Electro Shot||[still]
|-prepare|p1b: Archaludon|Electro Shot
|-boost|p1b: Archaludon|spa|1
|-anim|p1b: Archaludon|Electro Shot|p2a: Amoonguss
|-resisted|p2a: Amoonguss
|-damage|p2a: Amoonguss|0 fnt
|faint|p2a: Amoonguss
|
|-weather|RainDance|[upkeep]
|upkeep
|
|t:|1756420313
|switch|p1a: Dragonite|Dragonite, L50, F|100/100
|switch|p2a: Dragonite|Dragonite, L50, M, tera:Fairy|44/100
|turn|4
|
|t:|1756420324
|move|p2b: Sneasler|Protect|p2b: Sneasler
|-singleturn|p2b: Sneasler|Protect
|move|p2a: Dragonite|Protect|p2a: Dragonite
|-singleturn|p2a: Dragonite|Protect
|move|p1a: Dragonite|Extreme Speed|p2b: Sneasler
|-activate|p2b: Sneasler|move: Protect
|move|p1b: Archaludon|Electro Shot||[still]
|-prepare|p1b: Archaludon|Electro Shot
|-boost|p1b: Archaludon|spa|1
|-anim|p1b: Archaludon|Electro Shot|p2a: Dragonite
|-activate|p2a: Dragonite|move: Protect
|
|-weather|RainDance|[upkeep]
|upkeep
|turn|5
|
|t:|1756420345
|move|p1a: Dragonite|Extreme Speed|p2b: Sneasler
|-crit|p2b: Sneasler
|-damage|p2b: Sneasler|7/100
|move|p2b: Sneasler|Dire Claw|p1b: Archaludon
|-damage|p1b: Archaludon|60/100
|-ability|p1b: Archaludon|Stamina|boost
|-boost|p1b: Archaludon|def|1
|move|p1b: Archaludon|Flash Cannon|p2a: Dragonite
|-supereffective|p2a: Dragonite
|-damage|p2a: Dragonite|0 fnt
|faint|p2a: Dragonite
|
|-weather|none
|upkeep
|
|t:|1756420358
|switch|p2a: Gholdengo|Gholdengo, L50|100/100
|turn|6
|
|t:|1756420370
|move|p2b: Sneasler|Protect|p2b: Sneasler
|-singleturn|p2b: Sneasler|Protect
|move|p1a: Dragonite|Extreme Speed|p2b: Sneasler
|-activate|p2b: Sneasler|move: Protect
|move|p2a: Gholdengo|Shadow Ball|p1b: Archaludon
|-damage|p1b: Archaludon|0 fnt
|faint|p1b: Archaludon
|-damage|p2a: Gholdengo|91/100|[from] item: Life Orb
|
|upkeep
|turn|7
|
|t:|1756420384
|move|p1a: Dragonite|Extreme Speed|p2b: Sneasler
|-crit|p2b: Sneasler
|-damage|p2b: Sneasler|0 fnt
|faint|p2b: Sneasler
|move|p2a: Gholdengo|Nasty Plot|p2a: Gholdengo
|-boost|p2a: Gholdengo|spa|2
|
|upkeep
|turn|8
|
|t:|1756420392
|move|p1a: Dragonite|Extreme Speed|p2a: Gholdengo
|-immune|p2a: Gholdengo
|move|p2a: Gholdengo|Nasty Plot|p2a: Gholdengo
|-boost|p2a: Gholdengo|spa|2
|
|upkeep
|turn|9
|
|t:|1756420400
|move|p1a: Dragonite|Extreme Speed|p2a: Gholdengo
|-immune|p2a: Gholdengo
|move|p2a: Gholdengo|Nasty Plot|p2a: Gholdengo
|-boost|p2a: Gholdengo|spa|2
|
|upkeep
|turn|10
|
|t:|1756420407
|move|p1a: Dragonite|Extreme Speed|p2a: Gholdengo
|-immune|p2a: Gholdengo
|move|p2a: Gholdengo|Make It Rain|p1a: Dragonite
|-damage|p1a: Dragonite|0 fnt
|-unboost|p2a: Gholdengo|spa|1
|faint|p1a: Dragonite
|-damage|p2a: Gholdengo|82/100|[from] item: Life Orb
|
|win|RamonTheKiller
|raw|Caporosso74's rating: 1150 → 1122(-28 for losing)
|raw|RamonTheKiller's rating: 1109 → 1137(+28 for winning)
|l|☆Caporosso74
|player|p1|
