|j|☆la cabra1
|j|☆bandicoot25
|html|la cabra1bandicoot25    
|uhtml|bestof|Game 2 of a best-of-3
|t:|1783163903
|gametype|doubles
|player|p1|la cabra1|volkner|1339
|player|p2|bandicoot25|blaine|1235
|gen|9
|tier|[Gen 9 Champions] VGC 2026 Reg M-B (Bo3)
|rated|
|rule|Species Clause: Limit one of each Pokémon
|rule|Item Clause: Limit 1 of each item
|clearpoke
|poke|p1|Aerodactyl, L50, M|
|poke|p1|Garchomp, L50, M|
|poke|p1|Kingambit, L50, M|
|poke|p1|Charizard, L50, M|
|poke|p1|Sylveon, L50, M|
|poke|p1|Farigiraf, L50, M|
|poke|p2|Sylveon, L50, M|
|poke|p2|Charizard, L50, M|
|poke|p2|Aerodactyl, L50, M|
|poke|p2|Metagross, L50|
|poke|p2|Incineroar, L50, F|
|poke|p2|Garchomp, L50, M|
|teampreview|4
|showteam|p1|Aerodactyl||Aerodactylite|Unnerve|IceFang,RockSlide,Tailwind,DualWingbeat|Jolly||M|||50|]Garchomp||LifeOrb|RoughSkin|DragonClaw,StompingTantrum,Earthquake,Protect|Jolly||M|||50|]Kingambit||FocusSash|Defiant|SuckerPunch,KowtowCleave,IronHead,LowKick|Adamant||M|||50|]Charizard||CharizarditeY|SolarPower|Protect,HeatWave,SolarBeam,WeatherBall|Timid||M|||50|]Sylveon||FairyFeather|Pixilate|Protect,HyperVoice,HyperBeam,QuickAttack|Modest||M|||50|]Farigiraf||SitrusBerry|ArmorTail|TrickRoom,Thunderbolt,Psychic,Roar|Bold||M|||50|
|showteam|p2|Sylveon||FairyFeather|Pixilate|Detect,HyperBeam,HyperVoice,QuickAttack|Modest||M|||50|]Charizard||CharizarditeY|Blaze|HeatWave,SolarBeam,Protect,WeatherBall|Modest||M|||50|]Aerodactyl||FocusSash|Unnerve|Protect,Tailwind,DualWingbeat,RockSlide|Jolly||M|||50|]Metagross||Metagrossite|ClearBody|Protect,BulletPunch,PsychicFangs,BodyPress|Adamant|||||50|]Incineroar||SitrusBerry|Intimidate|FakeOut,FlareBlitz,ThroatChop,PartingShot|Careful||F|||50|]Garchomp||LifeOrb|RoughSkin|RockSlide,Earthquake,DragonClaw,Protect|Jolly||M|||50|
|
|t:|1783163930
|teamsize|p1|4
|teamsize|p2|4
|start
|switch|p1a: Aerodactyl|Aerodactyl, L50, M|100/100
|switch|p1b: Kingambit|Kingambit, L50, M|100/100
|switch|p2a: Metagross|Metagross, L50|100/100
|switch|p2b: Incineroar|Incineroar, L50, F|100/100
|-ability|p1a: Aerodactyl|Unnerve
|-ability|p2b: Incineroar|Intimidate|boost
|-unboost|p1a: Aerodactyl|atk|1
|-unboost|p1b: Kingambit|atk|1
|-ability|p1b: Kingambit|Defiant|boost
|-boost|p1b: Kingambit|atk|2
|turn|1
|inactive|Battle timer is ON: inactive players will automatically lose when time's up. (requested by bandicoot25)
|inactive|la cabra1 has 60 seconds left.
|
|t:|1783163963
|switch|p1a: Farigiraf|Farigiraf, L50, M|100/100
|detailschange|p2a: Metagross|Metagross-Mega, L50
|-mega|p2a: Metagross|Metagross|Metagrossite
|move|p2a: Metagross|Body Press|p1b: Kingambit
|-supereffective|p1b: Kingambit|2
|-enditem|p1b: Kingambit|Focus Sash
|-damage|p1b: Kingambit|1/100
|move|p1b: Kingambit|Low Kick|p2b: Incineroar
|-supereffective|p2b: Incineroar|1
|-damage|p2b: Incineroar|11/100
|-enditem|p2b: Incineroar|Sitrus Berry|[eat]
|-heal|p2b: Incineroar|36/100|[from] item: Sitrus Berry
|move|p2b: Incineroar|Throat Chop|p1a: Farigiraf
|-supereffective|p1a: Farigiraf|1
|-damage|p1a: Farigiraf|50/100g
|-start|p1a: Farigiraf|Throat Chop|[silent]
|
|upkeep
|turn|2
|inactive|bandicoot25 has 30 seconds left.
|
|t:|1783163991
|move|p2a: Metagross|Protect|p2a: Metagross
|-singleturn|p2a: Metagross|Protect
|move|p1b: Kingambit|Sucker Punch||[still]
|-fail|p1b: Kingambit
|move|p2b: Incineroar|Throat Chop|p1a: Farigiraf
|-supereffective|p1a: Farigiraf|1
|-crit|p1a: Farigiraf
|-damage|p1a: Farigiraf|0 fnt
|faint|p1a: Farigiraf
|
|upkeep
|
|t:|1783163995
|switch|p1a: Aerodactyl|Aerodactyl, L50, M|100/100
|-ability|p1a: Aerodactyl|Unnerve
|turn|3
|
|t:|1783164015
|detailschange|p1a: Aerodactyl|Aerodactyl-Mega, L50, M
|-mega|p1a: Aerodactyl|Aerodactyl|Aerodactylite
|move|p2a: Metagross|Bullet Punch|p1a: Aerodactyl
|-supereffective|p1a: Aerodactyl|1
|-damage|p1a: Aerodactyl|28/100
|move|p1a: Aerodactyl|Tailwind|p1a: Aerodactyl
|-sidestart|p1: la cabra1|move: Tailwind
|move|p1b: Kingambit|Kowtow Cleave|p2a: Metagross
|-supereffective|p2a: Metagross|1
|-damage|p2a: Metagross|0 fnt
|faint|p2a: Metagross
|move|p2b: Incineroar|Flare Blitz|p1b: Kingambit
|-supereffective|p1b: Kingambit|1
|-damage|p1b: Kingambit|0 fnt
|faint|p1b: Kingambit
|-damage|p2b: Incineroar|36/100|[from] Recoil
|
|upkeep
|
|t:|1783164027
|switch|p2a: Sylveon|Sylveon, L50, M|100/100
|switch|p1b: Sylveon|Sylveon, L50, M|100/100
|turn|4
|
|t:|1783164035
|move|p1a: Aerodactyl|Dual Wingbeat|p2a: Sylveon
|-damage|p2a: Sylveon|69/100
|-damage|p2a: Sylveon|43/100
|-hitcount|p2a: Sylveon|2
|move|p1b: Sylveon|Hyper Voice|p2a: Sylveon|[spread] p2a,p2b
|-damage|p2a: Sylveon|3/100
|-damage|p2b: Incineroar|1/100
|move|p2a: Sylveon|Hyper Voice|p1a: Aerodactyl|[spread] p1a,p1b
|-damage|p1a: Aerodactyl|0 fnt
|-damage|p1b: Sylveon|59/100
|faint|p1a: Aerodactyl
|move|p2b: Incineroar|Parting Shot|p1b: Sylveon
|-unboost|p1b: Sylveon|atk|1
|-unboost|p1b: Sylveon|spa|1
|
|t:|1783164046
|switch|p2b: Garchomp|Garchomp, L50, M|100/100|[from] Parting Shot
|
|upkeep
|turn|5
|
|t:|1783164050
|move|p2b: Garchomp|Protect|p2b: Garchomp
|-singleturn|p2b: Garchomp|Protect
|move|p1b: Sylveon|Hyper Voice|p2a: Sylveon|[spread] p2a
|-activate|p2b: Garchomp|move: Protect
|-damage|p2a: Sylveon|0 fnt
|faint|p2a: Sylveon
|
|upkeep
|
|t:|1783164055
|switch|p2a: Incineroar|Incineroar, L50, F|1/100
|-ability|p2a: Incineroar|Intimidate|boost
|-unboost|p1b: Sylveon|atk|1
|turn|6
|
|t:|1783164061
|move|p2a: Incineroar|Fake Out|p1b: Sylveon
|-damage|p1b: Sylveon|47/100
|cant|p1b: Sylveon|flinch
|move|p2b: Garchomp|Rock Slide|p1b: Sylveon
|-damage|p1b: Sylveon|10/100
|-damage|p2b: Garchomp|90/100|[from] item: Life Orb
|
|-sideend|p1: la cabra1|move: Tailwind
|upkeep
|turn|7
|
|t:|1783164070
|move|p2b: Garchomp|Earthquake|p1b: Sylveon|[spread] p2a,p1b
|-supereffective|p2a: Incineroar|1
|-crit|p1b: Sylveon
|-damage|p2a: Incineroar|0 fnt
|-damage|p1b: Sylveon|0 fnt
|faint|p2a: Incineroar
|faint|p1b: Sylveon
|-damage|p2b: Garchomp|80/100|[from] item: Life Orb
|
|win|bandicoot25
|raw|la cabra1's rating: 1339 → 1313(-26 for losing)
|raw|bandicoot25's rating: 1235 → 1267(+32 for winning)
|l|☆bandicoot25
|player|p2|
|l|☆la cabra1
|player|p1|
|j|☆la cabra1
|player|p1|la cabra1|volkner|
