|j|☆ak47Akimbo
|j|☆AntonioCartana
|html|ak47AkimboAntonioCartana    
|uhtml|bestof|Game 2 of a best-of-3
|t:|1757175362
|gametype|doubles
|player|p1|ak47Akimbo|wattson|1016
|player|p2|AntonioCartana|bruno|1067
|gen|9
|tier|[Gen 9] VGC 2025 Reg H (Bo3)
|rated|
|rule|Species Clause: Limit one of each Pokémon
|rule|Item Clause: Limit 1 of each item
|clearpoke
|poke|p1|Torkoal, L50, M|
|poke|p1|Indeedee-F, L50, F|
|poke|p1|Typhlosion, L50, M|
|poke|p1|Armarouge, L50, M|
|poke|p1|Magmar, L50, F|
|poke|p1|Murkrow, L50, F|
|poke|p2|Ursaluna, L50, M|
|poke|p2|Gholdengo, L50|
|poke|p2|Porygon2, L50|
|poke|p2|Amoonguss, L50, M|
|poke|p2|Incineroar, L50, F|
|poke|p2|Dragonite, L50, F|
|teampreview|4
|showteam|p1|Torkoal||QuickClaw|Drought|Eruption,EarthPower,HeatWave,Protect|||M|||50|,,,,,Stellar]Indeedee-F||BrightPowder|PsychicSurge|TrickRoom,HelpingHand,Psychic,Protect|||F|||50|,,,,,Dark]Typhlosion||ChoiceScarf|FlashFire|LavaPlume,Eruption,ShadowBall,SolarBeam|||M|||50|,,,,,Grass]Armarouge||CovertCloak|FlashFire|TrickRoom,LavaPlume,Protect,ExpandingForce|||M|||50|,,,,,Grass]Magmar||Eviolite|VitalSpirit|LavaPlume,FollowMe,Taunt,HelpingHand|||F|||50|,,,,,Flying]Murkrow||FocusSash|Prankster|Tailwind,SunnyDay,BraveBird,FoulPlay|||F|||50|,,,,,Flying
|showteam|p2|Ursaluna||FlameOrb|Guts|Facade,Earthquake,HeadlongRush,Protect|||M|||50|,,,,,Ghost]Gholdengo||LifeOrb|GoodasGold|MakeItRain,ShadowBall,NastyPlot,Protect||||||50|,,,,,Water]Porygon2||Eviolite|Download|TeraBlast,IceBeam,Recover,TrickRoom||||||50|,,,,,Fighting]Amoonguss||CovertCloak|Regenerator|PollenPuff,ClearSmog,RagePowder,Spore|||M|||50|,,,,,Water]Incineroar||SitrusBerry|Intimidate|FakeOut,FlareBlitz,KnockOff,PartingShot|||F|||50|,,,,,Ghost]Dragonite||LoadedDice|Multiscale|ScaleShot,Tailwind,IceSpinner,Protect|||F|||50|,,,,,Fairy
|inactive|Battle timer is ON: inactive players will automatically lose when time's up. (requested by AntonioCartana)
|
|t:|1757175383
|teamsize|p1|4
|teamsize|p2|4
|start
|switch|p1a: Torkoal|Torkoal, L50, M|100/100
|switch|p1b: Typhlosion|Typhlosion, L50, M|100/100
|switch|p2a: giuanni|Dragonite, L50, F|100/100
|switch|p2b: Gholdengo|Gholdengo, L50|100/100
|-weather|SunnyDay|[from] ability: Drought|[of] p1a: Torkoal
|turn|1
|inactive|ak47Akimbo has 30 seconds left.
|inactive|ak47Akimbo has 20 seconds left.
|inactive|ak47Akimbo has 15 seconds left.
|-activate|p1a: Torkoal|item: Quick Claw
|
|t:|1757175427
|-terastallize|p1a: Torkoal|Stellar
|move|p2b: Gholdengo|Protect|p2b: Gholdengo
|-singleturn|p2b: Gholdengo|Protect
|move|p1a: Torkoal|Earth Power|p2b: Gholdengo
|-activate|p2b: Gholdengo|move: Protect
|move|p1b: Typhlosion|Eruption|p2a: giuanni|[spread] p2a
|-activate|p2b: Gholdengo|move: Protect
|-resisted|p2a: giuanni
|-damage|p2a: giuanni|83/100
|move|p2a: giuanni|Tailwind|p2a: giuanni
|-sidestart|p2: AntonioCartana|move: Tailwind
|
|-weather|SunnyDay|[upkeep]
|upkeep
|turn|2
|inactive|ak47Akimbo has 30 seconds left.
|inactive|ak47Akimbo has 20 seconds left.
|
|t:|1757175464
|switch|p1b: Indeedee|Indeedee-F, L50, F|100/100
|-fieldstart|move: Psychic Terrain|[from] ability: Psychic Surge|[of] p1b: Indeedee
|-terastallize|p2b: Gholdengo|Water
|move|p1a: Torkoal|Protect|p1a: Torkoal
|-singleturn|p1a: Torkoal|Protect
|move|p2b: Gholdengo|Make It Rain|p1b: Indeedee|[spread] p1b
|-activate|p1a: Torkoal|move: Protect
|-damage|p1b: Indeedee|61/100
|-unboost|p2b: Gholdengo|spa|1
|-damage|p2b: Gholdengo|91/100|[from] item: Life Orb
|move|p2a: giuanni|Scale Shot|p1b: Indeedee
|-damage|p1b: Indeedee|40/100
|-damage|p1b: Indeedee|20/100
|-damage|p1b: Indeedee|0 fnt
|faint|p1b: Indeedee
|-hitcount|p1: Indeedee|3
|-unboost|p2a: giuanni|def|1
|-boost|p2a: giuanni|spe|1
|
|-weather|SunnyDay|[upkeep]
|upkeep
|inactive|ak47Akimbo has 30 seconds left.
|inactive|ak47Akimbo has 20 seconds left.
|
|t:|1757175500
|switch|p1b: Typhlosion|Typhlosion, L50, M|100/100
|turn|3
|inactive|ak47Akimbo has 30 seconds left.
|
|t:|1757175527
|move|p2a: giuanni|Scale Shot|p1b: Typhlosion
|-damage|p1b: Typhlosion|80/100
|-damage|p1b: Typhlosion|62/100
|-damage|p1b: Typhlosion|42/100
|-damage|p1b: Typhlosion|24/100
|-damage|p1b: Typhlosion|6/100
|-hitcount|p1b: Typhlosion|5
|-unboost|p2a: giuanni|def|1
|-boost|p2a: giuanni|spe|1
|move|p2b: Gholdengo|Shadow Ball|p1b: Typhlosion
|-damage|p1b: Typhlosion|0 fnt
|faint|p1b: Typhlosion
|-damage|p2b: Gholdengo|82/100|[from] item: Life Orb
|move|p1a: Torkoal|Heat Wave|p2b: Gholdengo|[spread] p2a,p2b
|-resisted|p2a: giuanni
|-resisted|p2b: Gholdengo
|-damage|p2a: giuanni|51/100
|-damage|p2b: Gholdengo|50/100
|
|-weather|SunnyDay|[upkeep]
|upkeep
|
|t:|1757175543
|switch|p1b: Armarouge|Armarouge, L50, M|100/100
|turn|4
|inactive|ak47Akimbo has 30 seconds left.
|inactive|ak47Akimbo has 20 seconds left.
|
|t:|1757175581
|move|p2a: giuanni|Scale Shot|p1a: Torkoal|[miss]
|-miss|p2a: giuanni|p1a: Torkoal
|move|p2b: Gholdengo|Shadow Ball|p1b: Armarouge
|-supereffective|p1b: Armarouge
|-damage|p1b: Armarouge|38/100
|-damage|p2b: Gholdengo|40/100|[from] item: Life Orb
|move|p1a: Torkoal|Earth Power|p2b: Gholdengo
|-damage|p2b: Gholdengo|3/100
|move|p1b: Armarouge|Trick Room|p1b: Armarouge
|-fieldstart|move: Trick Room|[of] p1b: Armarouge
|
|-weather|SunnyDay|[upkeep]
|-sideend|p2: AntonioCartana|move: Tailwind
|upkeep
|turn|5
|-activate|p1a: Torkoal|item: Quick Claw
|
|t:|1757175603
|move|p2b: Gholdengo|Protect|p2b: Gholdengo
|-singleturn|p2b: Gholdengo|Protect
|move|p1a: Torkoal|Eruption|p2a: giuanni|[spread] p2a
|-activate|p2b: Gholdengo|move: Protect
|-resisted|p2a: giuanni
|-crit|p2a: giuanni
|-damage|p2a: giuanni|1/100
|move|p1b: Armarouge|Expanding Force|p2b: Gholdengo|[spread] p2a
|-activate|p2b: Gholdengo|move: Protect
|-damage|p2a: giuanni|0 fnt
|faint|p2a: giuanni
|
|-weather|none
|upkeep
|
|t:|1757175612
|switch|p2a: Ursaluna|Ursaluna, L50, M|100/100
|turn|6
|
|t:|1757175623
|move|p2a: Ursaluna|Protect|p2a: Ursaluna
|-singleturn|p2a: Ursaluna|Protect
|move|p1a: Torkoal|Eruption|p2b: Gholdengo|[spread] p2b
|-activate|p2a: Ursaluna|move: Protect
|-resisted|p2b: Gholdengo
|-damage|p2b: Gholdengo|0 fnt
|faint|p2b: Gholdengo
|move|p1b: Armarouge|Expanding Force|p2a: Ursaluna
|-activate|p2a: Ursaluna|move: Protect
|
|-fieldend|move: Psychic Terrain
|-status|p2a: Ursaluna|brn|[from] item: Flame Orb
|upkeep
|
|t:|1757175646
|switch|p2b: Porygon2|Porygon2, L50|100/100
|-ability|p2b: Porygon2|Download|boost
|-boost|p2b: Porygon2|spa|1
|turn|7
|inactive|ak47Akimbo has 30 seconds left.
|
|t:|1757175671
|move|p1a: Torkoal|Eruption|p2b: Porygon2|[spread] p2a,p2b
|-damage|p2a: Ursaluna|50/100 brn
|-damage|p2b: Porygon2|69/100
|move|p1b: Armarouge|Expanding Force|p2a: Ursaluna
|-damage|p2a: Ursaluna|15/100 brn
|move|p2b: Porygon2|Recover|p2b: Porygon2
|-heal|p2b: Porygon2|100/100
|move|p2a: Ursaluna|Earthquake|p1a: Torkoal|[spread] p2b,p1a,p1b
|-supereffective|p1a: Torkoal
|-supereffective|p1b: Armarouge
|-damage|p2b: Porygon2|57/100
|-damage|p1a: Torkoal|8/100
|-damage|p1b: Armarouge|0 fnt
|faint|p1b: Armarouge
|
|-damage|p2a: Ursaluna|9/100 brn|[from] brn
|upkeep
|turn|8
|-activate|p1a: Torkoal|item: Quick Claw
|
|t:|1757175688
|move|p2a: Ursaluna|Protect|p2a: Ursaluna
|-singleturn|p2a: Ursaluna|Protect
|move|p1a: Torkoal|Heat Wave|p2a: Ursaluna|[spread] p2b
|-activate|p2a: Ursaluna|move: Protect
|-damage|p2b: Porygon2|37/100
|move|p2b: Porygon2|Tera Blast|p1a: Torkoal
|-damage|p1a: Torkoal|0 fnt
|faint|p1a: Torkoal
|
|win|AntonioCartana
