|j|☆shakyturtle
|j|☆Siegfried_TV
|html|shakyturtleSiegfried_TV    
|uhtml|bestof|Game 2 of a best-of-3
|t:|1757193204
|gametype|doubles
|player|p1|shakyturtle|blaine|1104
|player|p2|Siegfried_TV|lance|1089
|gen|9
|tier|[Gen 9] VGC 2025 Reg H (Bo3)
|rated|
|rule|Species Clause: Limit one of each Pokémon
|rule|Item Clause: Limit 1 of each item
|clearpoke
|poke|p1|Persian-Alola, L50, M|
|poke|p1|Annihilape, L50, F|
|poke|p1|Klefki, L50, F|
|poke|p1|Farigiraf, L50, F|
|poke|p1|Volcarona, L50, M|
|poke|p1|Clawitzer, L50, M|
|poke|p2|Indeedee-F, L50, F|
|poke|p2|Hatterene, L50, F|
|poke|p2|Gallade, L50, M|
|poke|p2|Ursaluna, L50, M|
|poke|p2|Lilligant-Hisui, L50, F|
|poke|p2|Torkoal, L50, M|
|teampreview|4
|showteam|p1|Persian-Alola||AssaultVest|FurCoat|FoulPlay,Snarl,FakeOut,IcyWind|||M|||50|,,,,,Ghost]Annihilape||Leftovers|Defiant|Protect,BulkUp,DrainPunch,RageFist|||F|||50|,,,,,Fire]Klefki||LightClay|Prankster|DazzlingGleam,LightScreen,Reflect,ThunderWave|||F|||50|,,,,,Ghost]Farigiraf||ThroatSpray|ArmorTail|Protect,TrickRoom,HyperVoice,PsychicNoise|||F|||50|,,,,,Fairy]Volcarona||SafetyGoggles|FlameBody|FieryDance,StruggleBug,GigaDrain,QuiverDance|||M|||50|,,,,,Grass]Clawitzer||LifeOrb|MegaLauncher|Protect,DragonPulse,DarkPulse,WaterPulse|||M|||50|,,,,,Dragon
|showteam|p2|Indeedee-F||PsychicSeed|PsychicSurge|TrickRoom,FollowMe,HelpingHand,DazzlingGleam|||F|||50|,,,,,Fire]Hatterene||LifeOrb|MagicBounce|ExpandingForce,TrickRoom,DazzlingGleam,Protect|||F|||50|,,,,,Psychic]Gallade||ClearAmulet|Sharpness|PsychoCut,TrickRoom,SacredSword,WideGuard|||M|||50|,,,,,Grass]Ursaluna||FlameOrb|Guts|HeadlongRush,Facade,SwordsDance,Protect|||M|||50|,,,,,Ghost]Lilligant-Hisui||FocusSash|Chlorophyll|SolarBlade,SleepPowder,CloseCombat,AfterYou|||F|||50|,,,,,Ghost]Torkoal||ChoiceSpecs|Drought|Eruption,HeatWave,WeatherBall,EarthPower|||M|||50|,,,,,Fire
|inactive|Battle timer is ON: inactive players will automatically lose when time's up. (requested by shakyturtle)
|
|t:|1757193226
|teamsize|p1|4
|teamsize|p2|4
|start
|switch|p1a: Volcarona|Volcarona, L50, M|100/100
|switch|p1b: Persian|Persian-Alola, L50, M|100/100
|switch|p2a: MOIN|Indeedee-F, L50, F, shiny|100/100
|switch|p2b: Meister|Hatterene, L50, F, shiny|100/100
|-fieldstart|move: Psychic Terrain|[from] ability: Psychic Surge|[of] p2a: MOIN
|-enditem|p2a: MOIN|Psychic Seed
|-boost|p2a: MOIN|spd|1|[from] item: Psychic Seed
|turn|1
|inactive|Siegfried_TV has 30 seconds left.
|
|t:|1757193254
|move|p2b: Meister|Protect|p2b: Meister
|-singleturn|p2b: Meister|Protect
|move|p1b: Persian|Snarl|p2b: Meister|[spread] p2a
|-activate|p2b: Meister|move: Protect
|-supereffective|p2a: MOIN
|-damage|p2a: MOIN|84/100
|-unboost|p2a: MOIN|spa|1
|move|p1a: Volcarona|Struggle Bug|p2a: MOIN|[spread] p2a
|-activate|p2b: Meister|move: Protect
|-supereffective|p2a: MOIN
|-damage|p2a: MOIN|55/100
|-unboost|p2a: MOIN|spa|1
|move|p2a: MOIN|Trick Room|p2a: MOIN
|-fieldstart|move: Trick Room|[of] p2a: MOIN
|
|upkeep
|turn|2
|inactive|Siegfried_TV has 30 seconds left.
|
|t:|1757193281
|move|p2a: MOIN|Helping Hand|p2b: Meister
|-singleturn|p2b: Meister|Helping Hand|[of] p2a: MOIN
|move|p2b: Meister|Expanding Force|p1a: Volcarona|[spread] p1a
|-immune|p1b: Persian
|-damage|p1a: Volcarona|0 fnt
|faint|p1a: Volcarona
|-damage|p2b: Meister|91/100|[from] item: Life Orb
|move|p1b: Persian|Snarl|p2b: Meister|[spread] p2a,p2b
|-supereffective|p2a: MOIN
|-crit|p2b: Meister
|-damage|p2a: MOIN|41/100
|-damage|p2b: Meister|72/100
|-unboost|p2a: MOIN|spa|1
|-unboost|p2b: Meister|spa|1
|
|upkeep
|
|t:|1757193294
|switch|p1a: Farigiraf|Farigiraf, L50, F|100/100
|turn|3
|
|t:|1757193316
|switch|p2a: Bruder?|Torkoal, L50, M, shiny|100/100
|-weather|SunnyDay|[from] ability: Drought|[of] p2a: Bruder?
|move|p2b: Meister|Expanding Force|p1a: Farigiraf|[spread] p1a
|-immune|p1b: Persian
|-resisted|p1a: Farigiraf
|-damage|p1a: Farigiraf|69/100
|-damage|p2b: Meister|63/100|[from] item: Life Orb
|move|p1b: Persian|Snarl|p2b: Meister|[spread] p2a,p2b
|-damage|p2a: Bruder?|85/100
|-damage|p2b: Meister|49/100
|-unboost|p2a: Bruder?|spa|1
|-unboost|p2b: Meister|spa|1
|move|p1a: Farigiraf|Trick Room|p1a: Farigiraf
|-fieldend|move: Trick Room
|
|-weather|SunnyDay|[upkeep]
|upkeep
|turn|4
|inactive|shakyturtle has 30 seconds left.
|inactive|Siegfried_TV has 30 seconds left.
|
|t:|1757193348
|switch|p2a: MOIN|Indeedee-F, L50, F, shiny|41/100
|move|p1b: Persian|Snarl|p2a: MOIN|[spread] p2b
|-miss|p1b: Persian|p2a: MOIN
|-damage|p2b: Meister|37/100
|-unboost|p2b: Meister|spa|1
|move|p1a: Farigiraf|Hyper Voice|p2a: MOIN|[spread] p2a,p2b
|-damage|p2a: MOIN|11/100
|-damage|p2b: Meister|0 fnt
|faint|p2b: Meister
|-enditem|p1a: Farigiraf|Throat Spray
|-boost|p1a: Farigiraf|spa|1|[from] item: Throat Spray
|
|-weather|SunnyDay|[upkeep]
|upkeep
|
|t:|1757193362
|switch|p2b: Bruder?|Torkoal, L50, M, shiny|85/100
|turn|5
|
|t:|1757193379
|-terastallize|p2b: Bruder?|Fire
|move|p2a: MOIN|Helping Hand|p2b: Bruder?
|-singleturn|p2b: Bruder?|Helping Hand|[of] p2a: MOIN
|move|p1b: Persian|Snarl|p2a: MOIN|[spread] p2a,p2b
|-supereffective|p2a: MOIN
|-damage|p2a: MOIN|0 fnt
|-damage|p2b: Bruder?|69/100
|-unboost|p2b: Bruder?|spa|1
|faint|p2a: MOIN
|move|p1a: Farigiraf|Hyper Voice|p2b: Bruder?
|-damage|p2b: Bruder?|0 fnt
|faint|p2b: Bruder?
|
|-weather|SunnyDay|[upkeep]
|-fieldend|move: Psychic Terrain
|upkeep
|-message|Siegfried_TV forfeited.
|
|win|shakyturtle
|l|☆Siegfried_TV
|player|p2|
||shakyturtle is ready for game 3.
||Siegfried_TV is ready for game 3.
|uhtml|next|Next: Game 3 of 3
|l|☆shakyturtle
|player|p1|
|j|☆Siegfried_TV
|player|p2|Siegfried_TV|lance|
