|j|☆redoctober91
|j|☆marcusquinn
|html|redoctober91marcusquinn    
|uhtml|bestof|Game 2 of a best-of-3
|t:|1757648027
|gametype|doubles
|player|p1|redoctober91|170|1151
|player|p2|marcusquinn|hilbert-wonderlauncher|1148
|gen|9
|tier|[Gen 9] VGC 2025 Reg H (Bo3)
|rated|
|rule|Species Clause: Limit one of each Pokémon
|rule|Item Clause: Limit 1 of each item
|clearpoke
|poke|p1|Amoonguss, L50, M|
|poke|p1|Incineroar, L50, M|
|poke|p1|Kingambit, L50, M|
|poke|p1|Ninetales-Alola, L50, F|
|poke|p1|Garchomp, L50, F|
|poke|p1|Dragonite, L50, F|
|poke|p2|Archaludon, L50, F|
|poke|p2|Porygon2, L50|
|poke|p2|Incineroar, L50, M|
|poke|p2|Ursaluna, L50, F|
|poke|p2|Sneasler, L50, F|
|poke|p2|Dragonite, L50, F|
|teampreview|4
|showteam|p1|Amoonguss||SitrusBerry|Regenerator|Protect,PollenPuff,Spore,RagePowder|||M|||50|,,,,,Fairy]Incineroar||RockyHelmet|Intimidate|FakeOut,FlareBlitz,KnockOff,PartingShot|||M|||50|,,,,,Grass]Kingambit||SafetyGoggles|Defiant|KowtowCleave,SuckerPunch,SwordsDance,Protect|||M|||50|,,,,,Dark]Ninetales-Alola||ChoiceSpecs|SnowWarning|Blizzard,DazzlingGleam,FreezeDry,Moonblast|||F|||50|,,,,,Ice]Garchomp||ChoiceBand|RoughSkin|DragonClaw,Earthquake,StompingTantrum,RockSlide|||F|||50|,,,,,Steel]Dragonite||AssaultVest|Multiscale|TeraBlast,ExtremeSpeed,IceSpinner,LowKick|||F|||50|,,,,,Flying
|showteam|p2|Archaludon||PowerHerb|Sturdy|Protect,ElectroShot,DracoMeteor,FlashCannon|||F|||50|,,,,,Electric]Porygon2||Eviolite|Download|TeraBlast,IceBeam,Recover,TrickRoom||||||50|,,,,,Fighting]Incineroar||SafetyGoggles|Intimidate|FlareBlitz,KnockOff,FakeOut,PartingShot|||M|||50|,,,,,Ghost]Ursaluna||FlameOrb|Guts|HeadlongRush,Facade,Earthquake,Protect|||F|||50|,,,,,Ghost]Sneasler||FocusSash|Unburden|Protect,CloseCombat,DireClaw,ThroatChop|||F|||50|,,,,,Stellar]Dragonite||LoadedDice|Multiscale|ScaleShot,Tailwind,Haze,Protect|||F|||50|,,,,,Fairy
|inactive|Battle timer is ON: inactive players will automatically lose when time's up. (requested by marcusquinn)
|inactive|redoctober91 has 60 seconds left.
|inactive|redoctober91 has 30 seconds left.
|
|t:|1757648088
|teamsize|p1|4
|teamsize|p2|4
|start
|switch|p1a: Incineroar|Incineroar, L50, M|100/100
|switch|p1b: Ninetales|Ninetales-Alola, L50, F, shiny|100/100
|switch|p2a: Ursaluna|Ursaluna, L50, F|100/100
|switch|p2b: Dragonite|Dragonite, L50, F, shiny|100/100
|-weather|Snowscape|[from] ability: Snow Warning|[of] p1b: Ninetales
|-ability|p1a: Incineroar|Intimidate|boost
|-unboost|p2a: Ursaluna|atk|1
|-unboost|p2b: Dragonite|atk|1
|turn|1
|inactive|redoctober91 has 30 seconds left.
|
|t:|1757648114
|switch|p2b: Incineroar|Incineroar, L50, M, shiny|100/100
|-ability|p2b: Incineroar|Intimidate|boost
|-unboost|p1a: Incineroar|atk|1
|-unboost|p1b: Ninetales|atk|1
|-terastallize|p1b: Ninetales|Ice
|move|p2a: Ursaluna|Protect|p2a: Ursaluna
|-singleturn|p2a: Ursaluna|Protect
|move|p1b: Ninetales|Blizzard|p2b: Incineroar|[spread] p2b
|-activate|p2a: Ursaluna|move: Protect
|-resisted|p2b: Incineroar
|-damage|p2b: Incineroar|73/100
|move|p1a: Incineroar|Knock Off|p2a: Ursaluna
|-activate|p2a: Ursaluna|move: Protect
|
|-weather|Snowscape|[upkeep]
|-status|p2a: Ursaluna|brn|[from] item: Flame Orb
|upkeep
|turn|2
|inactive|marcusquinn has 30 seconds left.
|
|t:|1757648145
|switch|p1b: Dragonite|Dragonite, L50, F|100/100
|move|p2b: Incineroar|Fake Out|p1b: Dragonite
|-damage|p1b: Dragonite|95/100
|move|p2a: Ursaluna|Headlong Rush|p1a: Incineroar
|-supereffective|p1a: Incineroar
|-damage|p1a: Incineroar|0 fnt
|-unboost|p2a: Ursaluna|def|1
|-unboost|p2a: Ursaluna|spd|1
|-damage|p2a: Ursaluna|84/100 brn|[from] item: Rocky Helmet|[of] p1a: Incineroar
|faint|p1a: Incineroar
|
|-weather|Snowscape|[upkeep]
|-damage|p2a: Ursaluna|78/100 brn|[from] brn
|upkeep
|
|t:|1757648163
|switch|p1a: Garchomp|Garchomp, L50, F, shiny|100/100
|turn|3
|inactive|redoctober91 has 30 seconds left.
|inactive|redoctober91 has 20 seconds left.
|inactive|redoctober91 has 15 seconds left.
|
|t:|1757648205
|switch|p2a: Dragonite|Dragonite, L50, F, shiny|100/100
|-terastallize|p2b: Incineroar|Ghost
|move|p1a: Garchomp|Rock Slide|p2a: Dragonite|[spread] p2a,p2b
|-supereffective|p2a: Dragonite
|-damage|p2a: Dragonite|71/100
|-damage|p2b: Incineroar|49/100
|move|p1b: Dragonite|Low Kick|p2b: Incineroar
|-immune|p2b: Incineroar
|cant|p2b: Incineroar|flinch
|
|-weather|Snowscape|[upkeep]
|upkeep
|turn|4
|
|t:|1757648230
|move|p1a: Garchomp|Rock Slide|p2a: Dragonite|[spread] p2a,p2b
|-supereffective|p2a: Dragonite
|-damage|p2a: Dragonite|15/100
|-damage|p2b: Incineroar|23/100
|move|p2a: Dragonite|Scale Shot|p1b: Dragonite
|-supereffective|p1b: Dragonite
|-damage|p1b: Dragonite|70/100
|-supereffective|p1b: Dragonite
|-damage|p1b: Dragonite|44/100
|-supereffective|p1b: Dragonite
|-damage|p1b: Dragonite|15/100
|-supereffective|p1b: Dragonite
|-crit|p1b: Dragonite
|-damage|p1b: Dragonite|0 fnt
|faint|p1b: Dragonite
|-hitcount|p1: Dragonite|4
|-unboost|p2a: Dragonite|def|1
|-boost|p2a: Dragonite|spe|1
|move|p2b: Incineroar|Parting Shot|p1a: Garchomp
|-unboost|p1a: Garchomp|atk|1
|-unboost|p1a: Garchomp|spa|1
|
|t:|1757648248
|switch|p2b: Sneasler|Sneasler, L50, F|100/100|[from] Parting Shot
|
|-weather|Snowscape|[upkeep]
|upkeep
|
|t:|1757648252
|switch|p1b: Ninetales|Ninetales-Alola, L50, F, shiny, tera:Ice|100/100
|turn|5
|
|t:|1757648261
|move|p2a: Dragonite|Scale Shot|p1a: Garchomp
|-supereffective|p1a: Garchomp
|-damage|p1a: Garchomp|75/100
|-supereffective|p1a: Garchomp
|-damage|p1a: Garchomp|47/100
|-supereffective|p1a: Garchomp
|-damage|p1a: Garchomp|20/100
|-supereffective|p1a: Garchomp
|-damage|p1a: Garchomp|0 fnt
|faint|p1a: Garchomp
|-hitcount|p1: Garchomp|4
|-unboost|p2a: Dragonite|def|1
|-boost|p2a: Dragonite|spe|1
|move|p2b: Sneasler|Close Combat|p1b: Ninetales
|-supereffective|p1b: Ninetales
|-damage|p1b: Ninetales|0 fnt
|-unboost|p2b: Sneasler|def|1
|-unboost|p2b: Sneasler|spd|1
|faint|p1b: Ninetales
|
|win|marcusquinn
|raw|redoctober91's rating: 1151 → 1126(-25 for losing)
|raw|marcusquinn's rating: 1148 → 1173(+25 for winning)
