|j|‽Rfriedrich16
|j|☆Tiplaf
|html|Rfriedrich16Tiplaf    
|uhtml|bestof|Game 1 of a best-of-3
|t:|1756497030
|gametype|doubles
|player|p1|Rfriedrich16|unknownf|1119
|player|p2|Tiplaf|volkner|1040
|gen|9
|tier|[Gen 9] VGC 2025 Reg H (Bo3)
|rated|
|rule|Species Clause: Limit one of each Pokémon
|rule|Item Clause: Limit 1 of each item
|clearpoke
|poke|p1|Ursaluna, L50, M|
|poke|p1|Amoonguss, L50, F|
|poke|p1|Incineroar, L50, F|
|poke|p1|Pelipper, L50, M|
|poke|p1|Dusclops, L50, F|
|poke|p1|Dragapult, L50, F|
|poke|p2|Gholdengo, L50|
|poke|p2|Incineroar, L50, F|
|poke|p2|Amoonguss, L50, M|
|poke|p2|Archaludon, L50, F|
|poke|p2|Pelipper, L50, F|
|poke|p2|Basculegion, L50, M|
|teampreview|4
|showteam|p1|Ursaluna||FlameOrb|Guts|Facade,HeadlongRush,Protect,SwordsDance|||M|||50|,,,,,Ghost]Amoonguss||RockyHelmet|Regenerator|Spore,RagePowder,Protect,PollenPuff|||F|||50|,,,,,Dark]Incineroar||SafetyGoggles|Intimidate|FakeOut,PartingShot,FlareBlitz,KnockOff|||F|||50|,,,,,Ghost]Pelipper||FocusSash|Drizzle|Hurricane,WeatherBall,Tailwind,Protect|||M|||50|,,,,,Ghost]Dusclops||Eviolite|Pressure|TrickRoom,PainSplit,WillOWisp,NightShade|||F|||50|,,,,,Dark]Dragapult||ChoiceBand|ClearBody|DragonDarts,Uturn,PhantomForce,Outrage|||F|||50|,,,,,Dragon
|showteam|p2|Gholdengo||LifeOrb|GoodasGold|MakeItRain,ShadowBall,NastyPlot,Protect||||||50|,,,,,Water]Incineroar||RockyHelmet|Intimidate|Taunt,KnockOff,PartingShot,FakeOut|||F|||50|,,,,,Ghost]Amoonguss||SitrusBerry|Regenerator|PollenPuff,Spore,RagePowder,Protect|||M|||50|,,,,,Water]Archaludon||AssaultVest|Stamina|DragonPulse,FlashCannon,ElectroShot,BodyPress|||F|||50|,,,,,Bug]Pelipper||FocusSash|Drizzle|WeatherBall,Hurricane,Tailwind,Protect|||F|||50|,,,,,Ground]Basculegion||ChoiceBand|SwiftSwim|WaveCrash,LastRespects,FlipTurn,AquaJet|||M|||50|,,,,,Water
|inactive|Battle timer is ON: inactive players will automatically lose when time's up. (requested by Rfriedrich16)
|inactive|Tiplaf has 60 seconds left.
|
|t:|1756497160
|teamsize|p1|4
|teamsize|p2|4
|start
|switch|p1a: Dragapult|Dragapult, L50, F|100/100
|switch|p1b: Amoonguss|Amoonguss, L50, F, shiny|100/100
|switch|p2a: Pelipper|Pelipper, L50, F|100/100
|switch|p2b: Basculegion|Basculegion, L50, M|100/100
|-weather|RainDance|[from] ability: Drizzle|[of] p2a: Pelipper
|turn|1
|inactive|Rfriedrich16 has 30 seconds left.
|inactive|Tiplaf has 30 seconds left.
|inactive|Rfriedrich16 has 20 seconds left.
|inactive|Tiplaf has 20 seconds left.
|inactive|Rfriedrich16 has 15 seconds left.
|inactive|Rfriedrich16 has 10 seconds left.
|inactive|Tiplaf has 15 seconds left.
|inactive|Tiplaf has 10 seconds left.
|
|t:|1756497215
|-terastallize|p2b: Basculegion|Water
|move|p1b: Amoonguss|Rage Powder|p1b: Amoonguss
|-singleturn|p1b: Amoonguss|move: Rage Powder
|move|p2b: Basculegion|Flip Turn|p1b: Amoonguss
|-resisted|p1b: Amoonguss
|-damage|p1b: Amoonguss|63/100
|-damage|p2b: Basculegion|84/100|[from] item: Rocky Helmet|[of] p1b: Amoonguss
|
|t:|1756497223
|switch|p2b: Incineroar|Incineroar, L50, F|100/100|[from] Flip Turn
|-ability|p2b: Incineroar|Intimidate|boost
|-fail|p1a: Dragapult|unboost|[from] ability: Clear Body|[of] p1a: Dragapult
|-unboost|p1b: Amoonguss|atk|1
|move|p1a: Dragapult|U-turn|p2a: Pelipper
|-resisted|p2a: Pelipper
|-crit|p2a: Pelipper
|-damage|p2a: Pelipper|63/100
|
|t:|1756497248
|switch|p1a: Incineroar|Incineroar, L50, F, shiny|100/100|[from] U-turn
|-ability|p1a: Incineroar|Intimidate|boost
|-unboost|p2a: Pelipper|atk|1
|-unboost|p2b: Incineroar|atk|1
|move|p2a: Pelipper|Tailwind|p2a: Pelipper
|-sidestart|p2: Tiplaf|move: Tailwind
|
|-weather|RainDance|[upkeep]
|upkeep
|turn|2
|
|t:|1756497261
|switch|p1b: Dragapult|Dragapult, L50, F|100/100
|move|p2a: Pelipper|Protect|p2a: Pelipper
|-singleturn|p2a: Pelipper|Protect
|move|p1a: Incineroar|Fake Out|p2a: Pelipper
|-activate|p2a: Pelipper|move: Protect
|move|p2b: Incineroar|Taunt|p1b: Dragapult
|-start|p1b: Dragapult|move: Taunt
|
|-weather|RainDance|[upkeep]
|upkeep
|turn|3
|inactive|Rfriedrich16 has 30 seconds left.
|
|t:|1756497289
|move|p2a: Pelipper|Hurricane|p1b: Dragapult
|-damage|p1b: Dragapult|29/100
|-start|p1b: Dragapult|confusion
|move|p2b: Incineroar|Knock Off|p1b: Dragapult
|-supereffective|p1b: Dragapult
|-damage|p1b: Dragapult|0 fnt
|-enditem|p1b: Dragapult|Choice Band|[from] move: Knock Off|[of] p2b: Incineroar
|faint|p1b: Dragapult
|move|p1a: Incineroar|Parting Shot|p2b: Incineroar
|-unboost|p2b: Incineroar|atk|1
|-unboost|p2b: Incineroar|spa|1
|
|t:|1756497295
|switch|p1a: Ursaluna|Ursaluna, L50, M, shiny|100/100|[from] Parting Shot
|
|-weather|RainDance|[upkeep]
|-status|p1a: Ursaluna|brn|[from] item: Flame Orb
|upkeep
|
|t:|1756497297
|switch|p1b: Incineroar|Incineroar, L50, F, shiny|100/100
|-ability|p1b: Incineroar|Intimidate|boost
|-unboost|p2a: Pelipper|atk|1
|-unboost|p2b: Incineroar|atk|1
|turn|4
|
|t:|1756497315
|switch|p2a: Archaludon|Archaludon, L50, F|100/100
|move|p1b: Incineroar|Fake Out|p2a: Archaludon
|-resisted|p2a: Archaludon
|-damage|p2a: Archaludon|96/100
|-ability|p2a: Archaludon|Stamina|boost
|-boost|p2a: Archaludon|def|1
|move|p2b: Incineroar|Parting Shot|p1b: Incineroar
|-unboost|p1b: Incineroar|atk|1
|-unboost|p1b: Incineroar|spa|1
|
|t:|1756497328
|switch|p2b: Pelipper|Pelipper, L50, F|63/100|[from] Parting Shot
|move|p1a: Ursaluna|Headlong Rush|p2b: Pelipper
|-immune|p2b: Pelipper
|
|-weather|RainDance|[upkeep]
|-damage|p1a: Ursaluna|95/100 brn|[from] brn
|-sideend|p2: Tiplaf|move: Tailwind
|upkeep
|turn|5
|inactive|Rfriedrich16 has 30 seconds left.
|inactive|Tiplaf has 30 seconds left.
|inactive|Tiplaf has 20 seconds left.
|inactive|Tiplaf has 15 seconds left.
|
|t:|1756497372
|switch|p1b: Amoonguss|Amoonguss, L50, F, shiny|96/100
|move|p1a: Ursaluna|Protect|p1a: Ursaluna
|-singleturn|p1a: Ursaluna|Protect
|move|p2a: Archaludon|Dragon Pulse|p1a: Ursaluna
|-activate|p1a: Ursaluna|move: Protect
|move|p2b: Pelipper|Weather Ball|p1a: Ursaluna
|-activate|p1a: Ursaluna|move: Protect
|
|-weather|none
|-damage|p1a: Ursaluna|89/100 brn|[from] brn
|upkeep
|turn|6
|inactive|Tiplaf has 30 seconds left.
|inactive|Tiplaf has 20 seconds left.
|
|t:|1756497408
|switch|p2b: Incineroar|Incineroar, L50, F|100/100
|-ability|p2b: Incineroar|Intimidate|boost
|-unboost|p1a: Ursaluna|atk|1
|-unboost|p1b: Amoonguss|atk|1
|move|p2a: Archaludon|Dragon Pulse|p1b: Amoonguss
|-damage|p1b: Amoonguss|65/100
|move|p1b: Amoonguss|Spore|p2a: Archaludon
|-status|p2a: Archaludon|slp|[from] move: Spore
|move|p1a: Ursaluna|Facade|p2b: Incineroar
|-damage|p2b: Incineroar|31/100
|-damage|p1a: Ursaluna|72/100 brn|[from] item: Rocky Helmet|[of] p2b: Incineroar
|
|-damage|p1a: Ursaluna|67/100 brn|[from] brn
|upkeep
|turn|7
|
|t:|1756497432
|switch|p1b: Incineroar|Incineroar, L50, F, shiny|100/100
|-ability|p1b: Incineroar|Intimidate|boost
|-unboost|p2a: Archaludon|atk|1
|-unboost|p2b: Incineroar|atk|1
|-terastallize|p1a: Ursaluna|Ghost
|move|p2b: Incineroar|Fake Out|p1a: Ursaluna
|-immune|p1a: Ursaluna
|cant|p2a: Archaludon|slp
|move|p1a: Ursaluna|Swords Dance|p1a: Ursaluna
|-boost|p1a: Ursaluna|atk|2
|
|-damage|p1a: Ursaluna|61/100 brn|[from] brn
|upkeep
|turn|8
|
|t:|1756497456
|move|p1b: Incineroar|Fake Out|p2b: Incineroar
|-damage|p2b: Incineroar|21/100
|-damage|p1b: Incineroar|84/100|[from] item: Rocky Helmet|[of] p2b: Incineroar
|cant|p2a: Archaludon|slp
|cant|p2b: Incineroar|flinch
|move|p1a: Ursaluna|Swords Dance|p1a: Ursaluna
|-boost|p1a: Ursaluna|atk|2
|
|-damage|p1a: Ursaluna|55/100 brn|[from] brn
|upkeep
|turn|9
|
|t:|1756497478
|move|p1a: Ursaluna|Protect|p1a: Ursaluna
|-singleturn|p1a: Ursaluna|Protect
|-curestatus|p2a: Archaludon|slp|[msg]
|move|p2a: Archaludon|Dragon Pulse|p1a: Ursaluna
|-activate|p1a: Ursaluna|move: Protect
|move|p2b: Incineroar|Knock Off|p1a: Ursaluna
|-activate|p1a: Ursaluna|move: Protect
|move|p1b: Incineroar|Parting Shot|p2a: Archaludon
|-unboost|p2a: Archaludon|atk|1
|-unboost|p2a: Archaludon|spa|1
|
|t:|1756497483
|switch|p1b: Amoonguss|Amoonguss, L50, F, shiny|98/100|[from] Parting Shot
|
|-damage|p1a: Ursaluna|49/100 brn|[from] brn
|upkeep
|turn|10
|inactive|Tiplaf has 30 seconds left.
|inactive|Tiplaf has 20 seconds left.
|inactive|Tiplaf has 15 seconds left.
|
|t:|1756497526
|move|p1b: Amoonguss|Rage Powder|p1b: Amoonguss
|-singleturn|p1b: Amoonguss|move: Rage Powder
|move|p2a: Archaludon|Dragon Pulse|p1b: Amoonguss
|-damage|p1b: Amoonguss|73/100
|move|p2b: Incineroar|Taunt|p1b: Amoonguss
|-start|p1b: Amoonguss|move: Taunt
|move|p1a: Ursaluna|Headlong Rush|p2a: Archaludon
|-supereffective|p2a: Archaludon
|-damage|p2a: Archaludon|0 fnt
|-unboost|p1a: Ursaluna|def|1
|-unboost|p1a: Ursaluna|spd|1
|faint|p2a: Archaludon
|
|-damage|p1a: Ursaluna|43/100 brn|[from] brn
|upkeep
|inactive|Tiplaf has 30 seconds left.
|
|t:|1756497553
|switch|p2a: Basculegion|Basculegion, L50, M, tera:Water|84/100
|turn|11
|inactive|Tiplaf has 30 seconds left.
|
|t:|1756497587
|switch|p1a: Incineroar|Incineroar, L50, F, shiny|84/100
|-ability|p1a: Incineroar|Intimidate|boost
|-unboost|p2a: Basculegion|atk|1
|-unboost|p2b: Incineroar|atk|1
|move|p2a: Basculegion|Last Respects|p1b: Amoonguss
|-damage|p1b: Amoonguss|31/100
|move|p2b: Incineroar|Parting Shot|p1a: Incineroar
|-unboost|p1a: Incineroar|atk|1
|-unboost|p1a: Incineroar|spa|1
|
|t:|1756497596
|switch|p2b: Pelipper|Pelipper, L50, F|63/100|[from] Parting Shot
|-weather|RainDance|[from] ability: Drizzle|[of] p2b: Pelipper
|move|p1b: Amoonguss|Pollen Puff|p2b: Pelipper
|-resisted|p2b: Pelipper
|-damage|p2b: Pelipper|49/100
|
|-weather|RainDance|[upkeep]
|upkeep
|turn|12
|inactive|Tiplaf has 30 seconds left.
|inactive|Tiplaf has 20 seconds left.
|
|t:|1756497633
|switch|p1b: Ursaluna|Ursaluna, L50, M, shiny, tera:Ghost|43/100 brn
|move|p1a: Incineroar|Fake Out|p2a: Basculegion
|-damage|p2a: Basculegion|74/100
|cant|p2a: Basculegion|flinch
|move|p2b: Pelipper|Weather Ball|p1a: Incineroar
|-supereffective|p1a: Incineroar
|-damage|p1a: Incineroar|0 fnt
|faint|p1a: Incineroar
|
|-weather|RainDance|[upkeep]
|-damage|p1b: Ursaluna|37/100 brn|[from] brn
|upkeep
|
|t:|1756497640
|switch|p1a: Amoonguss|Amoonguss, L50, F, shiny|64/100
|turn|13
|inactive|Tiplaf has 30 seconds left.
|inactive|Tiplaf has 20 seconds left.
|
|t:|1756497672
|switch|p2a: Incineroar|Incineroar, L50, F|21/100
|-ability|p2a: Incineroar|Intimidate|boost
|-unboost|p1a: Amoonguss|atk|1
|-unboost|p1b: Ursaluna|atk|1
|move|p1a: Amoonguss|Rage Powder|p1a: Amoonguss
|-singleturn|p1a: Amoonguss|move: Rage Powder
|move|p2b: Pelipper|Hurricane|p1a: Amoonguss
|-supereffective|p1a: Amoonguss
|-damage|p1a: Amoonguss|0 fnt
|faint|p1a: Amoonguss
|move|p1b: Ursaluna|Facade|p2a: Incineroar
|-damage|p2a: Incineroar|0 fnt
|-damage|p1b: Ursaluna|21/100 brn|[from] item: Rocky Helmet|[of] p2a: Incineroar
|faint|p2a: Incineroar
|
|-weather|RainDance|[upkeep]
|-damage|p1b: Ursaluna|15/100 brn|[from] brn
|upkeep
|inactive|Tiplaf has 20 seconds left this turn.
|inactive|Tiplaf has 15 seconds left.
|inactive|Tiplaf has 10 seconds left.
|
|t:|1756497684
|switch|p2a: Basculegion|Basculegion, L50, M, tera:Water|74/100
|turn|14
|inactive|Tiplaf has 10 seconds left this turn.
|
|t:|1756497691
|move|p2a: Basculegion|Wave Crash|p1b: Ursaluna
|-damage|p1b: Ursaluna|0 fnt
|faint|p1b: Ursaluna
|-damage|p2a: Basculegion|68/100|[from] Recoil
|
|win|Tiplaf
||Rfriedrich16 is ready for game 2.
|inactive|Tiplaf has 30 seconds to confirm battle start!
