|j|☆m111naaaa
|j|☆arm fire
|html|m111naaaaarm fire    
|uhtml|bestof|Game 1 of a best-of-3
|t:|1756421137
|gametype|doubles
|player|p1|m111naaaa|jasmine|1149
|player|p2|arm fire|flannery|1185
|gen|9
|tier|[Gen 9] VGC 2025 Reg H (Bo3)
|rated|
|rule|Species Clause: Limit one of each Pokémon
|rule|Item Clause: Limit 1 of each item
|clearpoke
|poke|p1|Kilowattrel, L50, M|
|poke|p1|Amoonguss, L50, F|
|poke|p1|Incineroar, L50, M|
|poke|p1|Porygon2, L50|
|poke|p1|Gholdengo, L50|
|poke|p1|Ursaluna, L50, M|
|poke|p2|Garchomp, L50, F|
|poke|p2|Gholdengo, L50|
|poke|p2|Incineroar, L50, F|
|poke|p2|Amoonguss, L50, M|
|poke|p2|Kilowattrel, L50, F|
|poke|p2|Tyranitar, L50, M|
|teampreview|4
|showteam|p1|Kilowattrel||FocusSash|Competitive|Thunderbolt,AirSlash,Tailwind,Protect|||M|||50|,,,,,Ghost]Amoonguss||SitrusBerry|Regenerator|PollenPuff,Spore,RagePowder,Protect|||F|||50|,,,,,Water]Incineroar||SafetyGoggles|Intimidate|FakeOut,FlareBlitz,KnockOff,PartingShot|||M|||50|,,,,,Ghost]Porygon2||Eviolite|Download|TeraBlast,IceBeam,Recover,TrickRoom||||||50|,,,,,Fighting]Gholdengo||MetalCoat|GoodasGold|MakeItRain,ShadowBall,NastyPlot,Protect||||||50|,,,,,Flying]Ursaluna||FlameOrb|Guts|Facade,HeadlongRush,Earthquake,Protect|||M|||50|,,,,,Ghost
|showteam|p2|Garchomp||LifeOrb|SandVeil|DragonClaw,StompingTantrum,Earthquake,Protect|||F|||50|,,,,,Ground]Gholdengo||MetalCoat|GoodasGold|MakeItRain,ShadowBall,NastyPlot,Protect||||||50|,,,,,Flying]Incineroar||MirrorHerb|Intimidate|FakeOut,FlareBlitz,KnockOff,PartingShot|||F|||50|,,,,,Ghost]Amoonguss||SitrusBerry|Regenerator|Protect,PollenPuff,Spore,RagePowder|||M|||50|,,,,,Fairy]Kilowattrel||FocusSash|Competitive|Electroweb,VoltSwitch,AirSlash,Tailwind|||F|||50|,,,,,Ghost]Tyranitar||AssaultVest|SandStream|RockSlide,KnockOff,LowKick,TeraBlast|||M|||50|,,,,,Flying
|inactive|Battle timer is ON: inactive players will automatically lose when time's up. (requested by arm fire)
|inactive|m111naaaa has 60 seconds left.
|inactive|arm fire has 60 seconds left.
|
|t:|1756421169
|teamsize|p1|4
|teamsize|p2|4
|start
|switch|p1a: Incineroar|Incineroar, L50, M|100/100
|switch|p1b: Porygon2|Porygon2, L50|100/100
|switch|p2a: Tyranitar|Tyranitar, L50, M|100/100
|switch|p2b: Gholdengo|Gholdengo, L50|100/100
|-ability|p1a: Incineroar|Intimidate|boost
|-unboost|p2a: Tyranitar|atk|1
|-unboost|p2b: Gholdengo|atk|1
|-weather|Sandstorm|[from] ability: Sand Stream|[of] p2a: Tyranitar
|-ability|p1b: Porygon2|Download|boost
|-boost|p1b: Porygon2|spa|1
|turn|1
|
|t:|1756421181
|move|p1a: Incineroar|Fake Out|p2a: Tyranitar
|-resisted|p2a: Tyranitar
|-damage|p2a: Tyranitar|95/100
|move|p2b: Gholdengo|Nasty Plot|p2b: Gholdengo
|-boost|p2b: Gholdengo|spa|2
|cant|p2a: Tyranitar|flinch
|move|p1b: Porygon2|Trick Room|p1b: Porygon2
|-fieldstart|move: Trick Room|[of] p1b: Porygon2
|
|-weather|Sandstorm|[upkeep]
|-damage|p1b: Porygon2|94/100|[from] Sandstorm
|upkeep
|turn|2
|
|t:|1756421203
|move|p1b: Porygon2|Ice Beam|p2b: Gholdengo
|-resisted|p2b: Gholdengo
|-damage|p2b: Gholdengo|80/100
|move|p2a: Tyranitar|Knock Off|p1b: Porygon2
|-damage|p1b: Porygon2|71/100
|-enditem|p1b: Porygon2|Eviolite|[from] move: Knock Off|[of] p2a: Tyranitar
|move|p1a: Incineroar|Knock Off|p2b: Gholdengo
|-supereffective|p2b: Gholdengo
|-damage|p2b: Gholdengo|0 fnt
|-enditem|p2b: Gholdengo|Metal Coat|[from] move: Knock Off|[of] p1a: Incineroar
|faint|p2b: Gholdengo
|
|-weather|Sandstorm|[upkeep]
|-damage|p1b: Porygon2|65/100|[from] Sandstorm
|upkeep
|
|t:|1756421212
|switch|p2b: Amoonguss|Amoonguss, L50, M|100/100
|turn|3
|
|t:|1756421230
|switch|p1b: Amoonguss|Amoonguss, L50, F|100/100
|move|p2b: Amoonguss|Spore|p1b: Amoonguss
|-immune|p1b: Amoonguss
|move|p2a: Tyranitar|Knock Off|p1a: Incineroar
|-resisted|p1a: Incineroar
|-damage|p1a: Incineroar|83/100
|-enditem|p1a: Incineroar|Safety Goggles|[from] move: Knock Off|[of] p2a: Tyranitar
|move|p1a: Incineroar|Parting Shot|p2b: Amoonguss
|-unboost|p2b: Amoonguss|atk|1
|-unboost|p2b: Amoonguss|spa|1
|
|t:|1756421242
|switch|p1a: Ursaluna|Ursaluna, L50, M|100/100|[from] Parting Shot
|
|-weather|Sandstorm|[upkeep]
|-damage|p2b: Amoonguss|95/100|[from] Sandstorm
|-damage|p1b: Amoonguss|95/100|[from] Sandstorm
|-status|p1a: Ursaluna|brn|[from] item: Flame Orb
|upkeep
|turn|4
|
|t:|1756421254
|switch|p2b: Incineroar|Incineroar, L50, F|100/100
|-ability|p2b: Incineroar|Intimidate|boost
|-unboost|p1a: Ursaluna|atk|1
|-unboost|p1b: Amoonguss|atk|1
|switch|p1a: Incineroar|Incineroar, L50, M|83/100
|-ability|p1a: Incineroar|Intimidate|boost
|-unboost|p2a: Tyranitar|atk|1
|-unboost|p2b: Incineroar|atk|1
|-terastallize|p2a: Tyranitar|Flying
|move|p1b: Amoonguss|Spore|p2a: Tyranitar
|-status|p2a: Tyranitar|slp|[from] move: Spore
|cant|p2a: Tyranitar|slp
|
|-weather|Sandstorm|[upkeep]
|-damage|p1b: Amoonguss|89/100|[from] Sandstorm
|-damage|p2b: Incineroar|95/100|[from] Sandstorm
|-damage|p2a: Tyranitar|89/100 slp|[from] Sandstorm
|-damage|p1a: Incineroar|77/100|[from] Sandstorm
|upkeep
|turn|5
|
|t:|1756421274
|switch|p1a: Porygon2|Porygon2, L50|65/100
|-ability|p1a: Porygon2|Download|boost
|-boost|p1a: Porygon2|atk|1
|-enditem|p2b: Incineroar|Mirror Herb
|-boost|p2b: Incineroar|atk|1|[from] item: Mirror Herb
|move|p1b: Amoonguss|Pollen Puff|p1a: Porygon2
|-heal|p1a: Porygon2|100/100
|move|p2b: Incineroar|Flare Blitz|p1b: Amoonguss
|-supereffective|p1b: Amoonguss
|-damage|p1b: Amoonguss|6/100
|-enditem|p1b: Amoonguss|Sitrus Berry|[eat]
|-heal|p1b: Amoonguss|31/100|[from] item: Sitrus Berry
|-damage|p2b: Incineroar|65/100|[from] Recoil
|-curestatus|p2a: Tyranitar|slp|[msg]
|move|p2a: Tyranitar|Rock Slide|p1b: Amoonguss|[spread] p1a,p1b
|-damage|p1a: Porygon2|87/100
|-damage|p1b: Amoonguss|19/100
|
|-weather|none
|-fieldend|move: Trick Room
|upkeep
|turn|6
|inactive|arm fire has 30 seconds left.
|
|t:|1756421303
|switch|p1b: Incineroar|Incineroar, L50, M|77/100
|-ability|p1b: Incineroar|Intimidate|boost
|-unboost|p2a: Tyranitar|atk|1
|-unboost|p2b: Incineroar|atk|1
|move|p2a: Tyranitar|Knock Off|p1a: Porygon2
|-damage|p1a: Porygon2|73/100
|move|p2b: Incineroar|Parting Shot|p1a: Porygon2
|-unboost|p1a: Porygon2|atk|1
|-unboost|p1a: Porygon2|spa|1
|
|t:|1756421311
|switch|p2b: Amoonguss|Amoonguss, L50, M|100/100|[from] Parting Shot
|move|p1a: Porygon2|Ice Beam|p2a: Tyranitar
|-supereffective|p2a: Tyranitar
|-damage|p2a: Tyranitar|70/100
|
|upkeep
|turn|7
|
|t:|1756421322
|switch|p1a: Amoonguss|Amoonguss, L50, F|52/100
|move|p1b: Incineroar|Fake Out|p2b: Amoonguss
|-damage|p2b: Amoonguss|92/100
|move|p2a: Tyranitar|Knock Off|p1b: Incineroar
|-resisted|p1b: Incineroar
|-damage|p1b: Incineroar|69/100
|cant|p2b: Amoonguss|flinch
|
|upkeep
|turn|8
|
|t:|1756421336
|switch|p2a: Incineroar|Incineroar, L50, F|65/100
|-ability|p2a: Incineroar|Intimidate|boost
|-unboost|p1a: Amoonguss|atk|1
|-unboost|p1b: Incineroar|atk|1
|switch|p1a: Porygon2|Porygon2, L50|73/100
|-ability|p1a: Porygon2|Download|boost
|-boost|p1a: Porygon2|atk|1
|move|p1b: Incineroar|Parting Shot|p2a: Incineroar
|-unboost|p2a: Incineroar|atk|1
|-unboost|p2a: Incineroar|spa|1
|
|t:|1756421351
|switch|p1b: Amoonguss|Amoonguss, L50, F|85/100|[from] Parting Shot
|move|p2b: Amoonguss|Spore|p1b: Amoonguss
|-immune|p1b: Amoonguss
|
|upkeep
|turn|9
|
|t:|1756421365
|move|p2a: Incineroar|Parting Shot|p1a: Porygon2
|-unboost|p1a: Porygon2|atk|1
|-unboost|p1a: Porygon2|spa|1
|
|t:|1756421367
|switch|p2a: Tyranitar|Tyranitar, L50, M, tera:Flying|70/100|[from] Parting Shot
|-weather|Sandstorm|[from] ability: Sand Stream|[of] p2a: Tyranitar
|move|p1a: Porygon2|Ice Beam|p2b: Amoonguss
|-supereffective|p2b: Amoonguss
|-damage|p2b: Amoonguss|62/100
|move|p1b: Amoonguss|Spore|p2a: Tyranitar
|-status|p2a: Tyranitar|slp|[from] move: Spore
|move|p2b: Amoonguss|Spore|p1a: Porygon2
|-status|p1a: Porygon2|slp|[from] move: Spore
|
|-weather|Sandstorm|[upkeep]
|-damage|p2a: Tyranitar|64/100 slp|[from] Sandstorm
|-damage|p1a: Porygon2|67/100 slp|[from] Sandstorm
|-damage|p1b: Amoonguss|79/100|[from] Sandstorm
|-damage|p2b: Amoonguss|56/100|[from] Sandstorm
|upkeep
|turn|10
|
|t:|1756421384
|move|p2b: Amoonguss|Rage Powder|p2b: Amoonguss
|-singleturn|p2b: Amoonguss|move: Rage Powder
|cant|p2a: Tyranitar|slp
|cant|p1a: Porygon2|slp
|move|p1b: Amoonguss|Spore|p2b: Amoonguss
|-immune|p2b: Amoonguss
|
|-weather|Sandstorm|[upkeep]
|-damage|p2a: Tyranitar|58/100 slp|[from] Sandstorm
|-damage|p1a: Porygon2|61/100 slp|[from] Sandstorm
|-damage|p1b: Amoonguss|73/100|[from] Sandstorm
|-damage|p2b: Amoonguss|50/100|[from] Sandstorm
|-enditem|p2b: Amoonguss|Sitrus Berry|[eat]
|-heal|p2b: Amoonguss|74/100|[from] item: Sitrus Berry
|upkeep
|turn|11
|
|t:|1756421395
|-curestatus|p2a: Tyranitar|slp|[msg]
|move|p2a: Tyranitar|Rock Slide|p1b: Amoonguss|[spread] p1b
|-miss|p2a: Tyranitar|p1a: Porygon2
|-damage|p1b: Amoonguss|47/100
|cant|p1a: Porygon2|slp
|move|p1b: Amoonguss|Pollen Puff|p1a: Porygon2
|-heal|p1a: Porygon2|100/100 slp
|move|p2b: Amoonguss|Pollen Puff|p2a: Tyranitar
|-heal|p2a: Tyranitar|100/100
|
|-weather|Sandstorm|[upkeep]
|-damage|p2a: Tyranitar|94/100|[from] Sandstorm
|-damage|p1a: Porygon2|94/100 slp|[from] Sandstorm
|-damage|p1b: Amoonguss|41/100|[from] Sandstorm
|-damage|p2b: Amoonguss|69/100|[from] Sandstorm
|upkeep
|turn|12
|
|t:|1756421416
|switch|p1b: Incineroar|Incineroar, L50, M|69/100
|-ability|p1b: Incineroar|Intimidate|boost
|-unboost|p2a: Tyranitar|atk|1
|-unboost|p2b: Amoonguss|atk|1
|move|p2a: Tyranitar|Tera Blast|p1b: Incineroar|[anim] Tera Blast Flying
|-damage|p1b: Incineroar|44/100
|-curestatus|p1a: Porygon2|slp|[msg]
|move|p1a: Porygon2|Ice Beam|p2a: Tyranitar
|-supereffective|p2a: Tyranitar
|-damage|p2a: Tyranitar|74/100
|move|p2b: Amoonguss|Spore|p1a: Porygon2
|-status|p1a: Porygon2|slp|[from] move: Spore
|
|-weather|Sandstorm|[upkeep]
|-damage|p1b: Incineroar|38/100|[from] Sandstorm
|-damage|p2a: Tyranitar|68/100|[from] Sandstorm
|-damage|p1a: Porygon2|88/100 slp|[from] Sandstorm
|-damage|p2b: Amoonguss|63/100|[from] Sandstorm
|upkeep
|turn|13
|
|t:|1756421437
|switch|p2b: Incineroar|Incineroar, L50, F|65/100
|-ability|p2b: Incineroar|Intimidate|boost
|-unboost|p1a: Porygon2|atk|1
|-unboost|p1b: Incineroar|atk|1
|move|p1b: Incineroar|Parting Shot|p2a: Tyranitar
|-unboost|p2a: Tyranitar|atk|1
|-unboost|p2a: Tyranitar|spa|1
|
|t:|1756421444
|switch|p1b: Amoonguss|Amoonguss, L50, F|75/100|[from] Parting Shot
|move|p2a: Tyranitar|Rock Slide|p1b: Amoonguss|[spread] p1a,p1b
|-damage|p1a: Porygon2|73/100 slp
|-damage|p1b: Amoonguss|62/100
|cant|p1a: Porygon2|slp
|
|-weather|none
|upkeep
|turn|14
|
|t:|1756421463
|switch|p2a: Amoonguss|Amoonguss, L50, M|96/100
|switch|p1b: Incineroar|Incineroar, L50, M|38/100
|-ability|p1b: Incineroar|Intimidate|boost
|-unboost|p2a: Amoonguss|atk|1
|-unboost|p2b: Incineroar|atk|1
|move|p2b: Incineroar|Flare Blitz|p1a: Porygon2
|-damage|p1a: Porygon2|42/100 slp
|-damage|p2b: Incineroar|55/100|[from] Recoil
|cant|p1a: Porygon2|slp
|
|upkeep
|turn|15
|
|t:|1756421481
|move|p1b: Incineroar|Flare Blitz|p2a: Amoonguss
|-supereffective|p2a: Amoonguss
|-damage|p2a: Amoonguss|16/100
|-damage|p1b: Incineroar|9/100|[from] Recoil
|move|p2b: Incineroar|Flare Blitz|p1a: Porygon2
|-damage|p1a: Porygon2|12/100 slp
|-damage|p2b: Incineroar|46/100|[from] Recoil
|-curestatus|p1a: Porygon2|slp|[msg]
|move|p1a: Porygon2|Ice Beam|p2a: Amoonguss
|-supereffective|p2a: Amoonguss
|-damage|p2a: Amoonguss|0 fnt
|faint|p2a: Amoonguss
|
|upkeep
|
|t:|1756421491
|switch|p2a: Tyranitar|Tyranitar, L50, M, tera:Flying|68/100
|-weather|Sandstorm|[from] ability: Sand Stream|[of] p2a: Tyranitar
|turn|16
|
|t:|1756421498
|switch|p1a: Amoonguss|Amoonguss, L50, F|95/100
|move|p1b: Incineroar|Parting Shot|p2a: Tyranitar
|-unboost|p2a: Tyranitar|atk|1
|-unboost|p2a: Tyranitar|spa|1
|
|t:|1756421504
|switch|p1b: Porygon2|Porygon2, L50|12/100|[from] Parting Shot
|-ability|p1b: Porygon2|Download|boost
|-boost|p1b: Porygon2|atk|1
|move|p2a: Tyranitar|Rock Slide|p1a: Amoonguss|[spread] p1a,p1b
|-damage|p1a: Amoonguss|78/100
|-damage|p1b: Porygon2|0 fnt
|faint|p1b: Porygon2
|move|p2b: Incineroar|Flare Blitz|p1a: Amoonguss
|-supereffective|p1a: Amoonguss
|-damage|p1a: Amoonguss|23/100
|-damage|p2b: Incineroar|26/100|[from] Recoil
|
|-weather|Sandstorm|[upkeep]
|-damage|p2a: Tyranitar|62/100|[from] Sandstorm
|-damage|p2b: Incineroar|20/100|[from] Sandstorm
|-damage|p1a: Amoonguss|17/100|[from] Sandstorm
|upkeep
|
|t:|1756421515
|switch|p1b: Ursaluna|Ursaluna, L50, M|100/100 brn
|turn|17
|
|t:|1756421525
|switch|p1a: Incineroar|Incineroar, L50, M|9/100
|-ability|p1a: Incineroar|Intimidate|boost
|-unboost|p2a: Tyranitar|atk|1
|-unboost|p2b: Incineroar|atk|1
|move|p1b: Ursaluna|Protect|p1b: Ursaluna
|-singleturn|p1b: Ursaluna|Protect
|move|p2a: Tyranitar|Rock Slide|p1a: Incineroar|[spread] p1a
|-activate|p1b: Ursaluna|move: Protect
|-supereffective|p1a: Incineroar
|-damage|p1a: Incineroar|0 fnt
|faint|p1a: Incineroar
|move|p2b: Incineroar|Knock Off|p1b: Ursaluna
|-activate|p1b: Ursaluna|move: Protect
|
|-weather|Sandstorm|[upkeep]
|-damage|p2a: Tyranitar|56/100|[from] Sandstorm
|-damage|p2b: Incineroar|14/100|[from] Sandstorm
|-damage|p1b: Ursaluna|94/100 brn|[from] brn
|upkeep
|
|t:|1756421538
|switch|p1a: Amoonguss|Amoonguss, L50, F|50/100
|turn|18
|
|t:|1756421544
|-terastallize|p1a: Amoonguss|Water
|move|p1a: Amoonguss|Rage Powder|p1a: Amoonguss
|-singleturn|p1a: Amoonguss|move: Rage Powder
|move|p1b: Ursaluna|Facade|p2a: Tyranitar
|-damage|p2a: Tyranitar|0 fnt
|faint|p2a: Tyranitar
|move|p2b: Incineroar|Flare Blitz|p1a: Amoonguss
|-resisted|p1a: Amoonguss
|-crit|p1a: Amoonguss
|-damage|p1a: Amoonguss|15/100
|-damage|p2b: Incineroar|1/100|[from] Recoil
|
|-weather|Sandstorm|[upkeep]
|-damage|p2b: Incineroar|0 fnt|[from] Sandstorm
|-damage|p1a: Amoonguss|10/100|[from] Sandstorm
|faint|p2b: Incineroar
|
|win|m111naaaa
||arm fire is ready for game 2.
|inactive|m111naaaa has 30 seconds to confirm battle start!
||m111naaaa is ready for game 2.
|uhtml|next|Next: Game 2 of 3
