|j|☆searows
|j|☆bleepbopboop
|html|searowsbleepbopboop    
|uhtml|bestof|Game 2 of a best-of-3
|t:|1756756285
|gametype|doubles
|player|p1|searows|miku-water|1085
|player|p2|bleepbopboop|ethan|1133
|gen|9
|tier|[Gen 9] VGC 2025 Reg H (Bo3)
|rated|
|rule|Species Clause: Limit one of each Pokémon
|rule|Item Clause: Limit 1 of each item
|clearpoke
|poke|p1|Rillaboom, L50, M|
|poke|p1|Maushold-Four, L50|
|poke|p1|Dragonite, L50, M|
|poke|p1|Gholdengo, L50|
|poke|p1|Ursaluna-Bloodmoon, L50, M|
|poke|p1|Annihilape, L50, F|
|poke|p2|Excadrill, L50, M|
|poke|p2|Tyranitar, L50, M|
|poke|p2|Sneasler, L50, F|
|poke|p2|Indeedee, L50, M|
|poke|p2|Corviknight, L50, M|
|poke|p2|Annihilape, L50, M|
|teampreview|4
|showteam|p1|Rillaboom||MiracleSeed|GrassySurge|WoodHammer,GrassyGlide,FakeOut,Protect|||M|||50|,,,,,Grass]Maushold-Four||SafetyGoggles|FriendGuard|Taunt,FollowMe,BeatUp,Protect||||||50|,,,,,Ghost]Dragonite||LoadedDice|Multiscale|ScaleShot,Tailwind,Haze,Protect|||M|||50|,,,,,Fairy]Gholdengo||LifeOrb|GoodasGold|MakeItRain,ShadowBall,NastyPlot,Protect||||||50|,,,,,Water]Ursaluna-Bloodmoon||AssaultVest|MindsEye|HyperVoice,EarthPower,BloodMoon,VacuumWave|||M|||50|,,,,,Water]Annihilape||SitrusBerry|Defiant|DrainPunch,RageFist,BulkUp,Protect|||F|||50|,,,,,Fire
|showteam|p2|Excadrill||FocusSash|SandRush|IronHead,Earthquake,HighHorsepower,Protect|||M|||50|,,,,,Stellar]Tyranitar||AssaultVest|SandStream|RockSlide,KnockOff,TeraBlast,LowKick|||M|||50|,,,,,Flying]Sneasler||PsychicSeed|Unburden|DireClaw,CloseCombat,ThroatChop,Protect|||F|||50|,,,,,Dark]Indeedee||ChoiceScarf|PsychicSurge|ExpandingForce,TeraBlast,Trick,Protect|||M|||50|,,,,,Psychic]Corviknight||Leftovers|MirrorArmor|BraveBird,BulkUp,Roost,Tailwind|||M|||50|,,,,,Dragon]Annihilape||SafetyGoggles|Defiant|RageFist,CloseCombat,FinalGambit,Taunt|||M|||50|,,,,,Water
|inactive|Battle timer is ON: inactive players will automatically lose when time's up. (requested by bleepbopboop)
|inactive|searows has 60 seconds left.
|inactive|bleepbopboop has 60 seconds left.
|
|t:|1756756321
|teamsize|p1|4
|teamsize|p2|4
|start
|switch|p1a: Gholdengo|Gholdengo, L50|100/100
|switch|p1b: Maushold|Maushold-Four, L50|100/100
|switch|p2a: Corviknight|Corviknight, L50, M|100/100
|switch|p2b: Annihilape|Annihilape, L50, M|100/100
|turn|1
|
|t:|1756756344
|-terastallize|p1b: Maushold|Ghost
|-terastallize|p2b: Annihilape|Water
|move|p1b: Maushold|Taunt|p2a: Corviknight
|-start|p2a: Corviknight|move: Taunt
|move|p2b: Annihilape|Close Combat|p1b: Maushold
|-immune|p1b: Maushold
|move|p1a: Gholdengo|Nasty Plot|p1a: Gholdengo
|-boost|p1a: Gholdengo|spa|2
|cant|p2a: Corviknight|move: Taunt|Tailwind
|
|upkeep
|turn|2
|inactive|searows has 30 seconds left.
|inactive|bleepbopboop has 30 seconds left.
|inactive|bleepbopboop has 20 seconds left.
|inactive|searows has 20 seconds left.
|
|t:|1756756387
|switch|p2a: Indeedee|Indeedee, L50, M|100/100
|-fieldstart|move: Psychic Terrain|[from] ability: Psychic Surge|[of] p2a: Indeedee
|move|p1b: Maushold|Protect|p1b: Maushold
|-singleturn|p1b: Maushold|Protect
|move|p2b: Annihilape|Rage Fist|p1a: Gholdengo
|-supereffective|p1a: Gholdengo
|-damage|p1a: Gholdengo|65/100
|move|p1a: Gholdengo|Nasty Plot|p1a: Gholdengo
|-boost|p1a: Gholdengo|spa|2
|
|upkeep
|turn|3
|inactive|bleepbopboop has 30 seconds left.
|inactive|bleepbopboop has 20 seconds left.
|
|t:|1756756423
|switch|p1b: Rillaboom|Rillaboom, L50, M|100/100
|-fieldstart|move: Grassy Terrain|[from] ability: Grassy Surge|[of] p1b: Rillaboom
|move|p1a: Gholdengo|Protect|p1a: Gholdengo
|-singleturn|p1a: Gholdengo|Protect
|move|p2a: Indeedee|Expanding Force|p1b: Rillaboom
|-damage|p1b: Rillaboom|53/100
|move|p2b: Annihilape|Rage Fist|p1a: Gholdengo
|-activate|p1a: Gholdengo|move: Protect
|
|-heal|p1a: Gholdengo|71/100|[from] Grassy Terrain
|-heal|p1b: Rillaboom|58/100|[from] Grassy Terrain
|upkeep
|turn|4
|inactive|bleepbopboop has 30 seconds left.
|inactive|searows has 30 seconds left.
|
|t:|1756756462
|switch|p2a: Corviknight|Corviknight, L50, M|100/100
|move|p1b: Rillaboom|Fake Out|p2b: Annihilape
|-damage|p2b: Annihilape|85/100
|cant|p2b: Annihilape|flinch
|move|p1a: Gholdengo|Make It Rain|p2b: Annihilape|[spread] p2a,p2b
|-resisted|p2a: Corviknight
|-resisted|p2b: Annihilape
|-damage|p2a: Corviknight|5/100
|-damage|p2b: Annihilape|4/100
|-unboost|p1a: Gholdengo|spa|1
|-damage|p1a: Gholdengo|61/100|[from] item: Life Orb
|
|-heal|p2b: Annihilape|10/100|[from] Grassy Terrain
|-heal|p1a: Gholdengo|67/100|[from] Grassy Terrain
|-heal|p1b: Rillaboom|64/100|[from] Grassy Terrain
|-heal|p2a: Corviknight|11/100|[from] item: Leftovers
|upkeep
|turn|5
|
|t:|1756756485
|switch|p1b: Maushold|Maushold-Four, L50, tera:Ghost|100/100
|move|p1a: Gholdengo|Protect|p1a: Gholdengo
|-singleturn|p1a: Gholdengo|Protect
|move|p2b: Annihilape|Rage Fist|p1a: Gholdengo
|-activate|p1a: Gholdengo|move: Protect
|move|p2a: Corviknight|Tailwind|p2a: Corviknight
|-sidestart|p2: bleepbopboop|move: Tailwind
|
|-heal|p2b: Annihilape|16/100|[from] Grassy Terrain
|-heal|p2a: Corviknight|17/100|[from] item: Leftovers
|-heal|p1a: Gholdengo|74/100|[from] Grassy Terrain
|upkeep
|turn|6
|
|t:|1756756506
|move|p1b: Maushold|Follow Me|p1b: Maushold
|-singleturn|p1b: Maushold|move: Follow Me
|move|p2b: Annihilape|Rage Fist|p1b: Maushold
|-supereffective|p1b: Maushold
|-damage|p1b: Maushold|0 fnt
|faint|p1b: Maushold
|move|p2a: Corviknight|Roost|p2a: Corviknight
|-heal|p2a: Corviknight|67/100
|-singleturn|p2a: Corviknight|move: Roost
|move|p1a: Gholdengo|Make It Rain|p2a: Corviknight|[spread] p2a,p2b
|-resisted|p2a: Corviknight
|-resisted|p2b: Annihilape
|-damage|p2a: Corviknight|0 fnt
|-damage|p2b: Annihilape|0 fnt
|-unboost|p1a: Gholdengo|spa|1
|faint|p2a: Corviknight
|faint|p2b: Annihilape
|-damage|p1a: Gholdengo|64/100|[from] item: Life Orb
|
|-heal|p1a: Gholdengo|70/100|[from] Grassy Terrain
|upkeep
|inactive|searows has 30 seconds left.
|
|t:|1756756532
|switch|p1b: Rillaboom|Rillaboom, L50, M|64/100
|switch|p2b: Sneasler|Sneasler, L50, F|100/100
|switch|p2a: Indeedee|Indeedee, L50, M|100/100
|-fieldstart|move: Psychic Terrain|[from] ability: Psychic Surge|[of] p2a: Indeedee
|-enditem|p2b: Sneasler|Psychic Seed
|-boost|p2b: Sneasler|spd|1|[from] item: Psychic Seed
|-fieldstart|move: Grassy Terrain|[from] ability: Grassy Surge|[of] p1b: Rillaboom
|turn|7
|inactive|bleepbopboop has 30 seconds left.
|
|t:|1756756558
|move|p1b: Rillaboom|Fake Out|p2b: Sneasler
|-damage|p2b: Sneasler|78/100
|cant|p2b: Sneasler|flinch
|move|p2a: Indeedee|Expanding Force|p1b: Rillaboom
|-damage|p1b: Rillaboom|18/100
|move|p1a: Gholdengo|Make It Rain|p2b: Sneasler|[spread] p2a,p2b
|-damage|p2a: Indeedee|0 fnt
|-damage|p2b: Sneasler|0 fnt
|-unboost|p1a: Gholdengo|spa|1
|faint|p2a: Indeedee
|faint|p2b: Sneasler
|-damage|p1a: Gholdengo|60/100|[from] item: Life Orb
|
|win|searows
|raw|searows's rating: 1085 → 1116(+31 for winning)
|raw|bleepbopboop's rating: 1133 → 1105(-28 for losing)
|l|☆searows
|player|p1|
