|j|☆t3hsleepyshuckle
|j|☆claudiusmaximus
|html|t3hsleepyshuckleclaudiusmaximus    
|uhtml|bestof|Game 2 of a best-of-3
|t:|1756769904
|gametype|doubles
|player|p1|t3hsleepyshuckle|bugcatcher-gen4dp|1068
|player|p2|claudiusmaximus|ghetsis-gen5bw|1085
|gen|9
|tier|[Gen 9] VGC 2025 Reg H (Bo3)
|rated|
|rule|Species Clause: Limit one of each Pokémon
|rule|Item Clause: Limit 1 of each item
|clearpoke
|poke|p1|Tyranitar, L50, F|
|poke|p1|Excadrill, L50, M|
|poke|p1|Indeedee, L50, M|
|poke|p1|Sneasler, L50, M|
|poke|p1|Gastrodon, L50, F|
|poke|p1|Whimsicott, L50, F|
|poke|p2|Whimsicott, L50, M|
|poke|p2|Gholdengo, L50|
|poke|p2|Incineroar, L50, F|
|poke|p2|Ursaluna-Bloodmoon, L50, M|
|poke|p2|Tyranitar, L50, F|
|poke|p2|Basculegion, L50, M|
|teampreview|4
|showteam|p1|Tyranitar||AssaultVest|SandStream|RockSlide,KnockOff,LowKick,TeraBlast|||F|||50|,,,,,Flying]Excadrill||FocusSash|SandRush|Protect,Earthquake,IronHead,SwordsDance|||M|||50|,,,,,Ground]Indeedee||LifeOrb|PsychicSurge|ExpandingForce,ShadowBall,TeraBlast,Protect|||M|||50|,,,,,Psychic]Sneasler||PsychicSeed|Unburden|DireClaw,CloseCombat,ThroatChop,Protect|||M|||50|,,,,,Stellar]Gastrodon||Leftovers|StormDrain|Yawn,Protect,EarthPower,MuddyWater|||F|||50|,,,,,Fire]Whimsicott||CovertCloak|Prankster|Moonblast,Tailwind,Taunt,HelpingHand|||F|||50|,,,,,Rock
|showteam|p2|Whimsicott||CovertCloak|Prankster|Moonblast,Tailwind,Taunt,LightScreen|||M|||50|,,,,,Water]Gholdengo||MetalCoat|GoodasGold|MakeItRain,ShadowBall,NastyPlot,Protect||||||50|,,,,,Steel]Incineroar||SafetyGoggles|Intimidate|KnockOff,FlareBlitz,PartingShot,FakeOut|||F|||50|,,,,,Ghost]Ursaluna-Bloodmoon||LifeOrb|MindsEye|BloodMoon,HyperVoice,EarthPower,Protect|||M|||50|,,,,,Normal]Tyranitar||AssaultVest|SandStream|RockSlide,KnockOff,LowKick,TeraBlast|||F|||50|,,,,,Flying]Basculegion||ChoiceScarf|Adaptability|FlipTurn,LastRespects,WaveCrash,TeraBlast|||M|||50|,,,,,Fighting
|inactive|Battle timer is ON: inactive players will automatically lose when time's up. (requested by t3hsleepyshuckle)
|inactive|t3hsleepyshuckle has 60 seconds left.
|inactive|t3hsleepyshuckle has 30 seconds left.
|inactive|t3hsleepyshuckle has 20 seconds left.
|inactive|t3hsleepyshuckle has 15 seconds left.
|inactive|t3hsleepyshuckle has 10 seconds left.
|
|t:|1756770012
|teamsize|p1|4
|teamsize|p2|4
|start
|switch|p1a: Excadrill|Excadrill, L50, M|100/100
|switch|p1b: Tyranitar|Tyranitar, L50, F|100/100
|switch|p2a: Mistral|Whimsicott, L50, M, shiny|100/100
|switch|p2b: Raiden|Basculegion, L50, M, shiny|100/100
|-weather|Sandstorm|[from] ability: Sand Stream|[of] p1b: Tyranitar
|turn|1
|inactive|t3hsleepyshuckle has 30 seconds left.
|inactive|claudiusmaximus has 30 seconds left.
|inactive|t3hsleepyshuckle has 20 seconds left.
|
|t:|1756770047
|-terastallize|p1b: Tyranitar|Flying
|move|p1a: Excadrill|Protect|p1a: Excadrill
|-singleturn|p1a: Excadrill|Protect
|move|p2a: Mistral|Tailwind|p2a: Mistral
|-sidestart|p2: claudiusmaximus|move: Tailwind
|move|p2b: Raiden|Flip Turn|p1b: Tyranitar
|-damage|p1b: Tyranitar|63/100
|
|t:|1756770055
|switch|p2b: Armstrong|Incineroar, L50, F, shiny|100/100|[from] Flip Turn
|-ability|p2b: Armstrong|Intimidate|boost
|-unboost|p1a: Excadrill|atk|1
|-unboost|p1b: Tyranitar|atk|1
|move|p1b: Tyranitar|Knock Off|p2b: Armstrong
|-resisted|p2b: Armstrong
|-damage|p2b: Armstrong|87/100
|-enditem|p2b: Armstrong|Safety Goggles|[from] move: Knock Off|[of] p1b: Tyranitar
|
|-weather|Sandstorm|[upkeep]
|-damage|p2a: Mistral|95/100|[from] Sandstorm
|-damage|p2b: Armstrong|81/100|[from] Sandstorm
|-damage|p1b: Tyranitar|58/100|[from] Sandstorm
|upkeep
|turn|2
|inactive|t3hsleepyshuckle has 30 seconds left.
|inactive|claudiusmaximus has 30 seconds left.
|
|t:|1756770090
|move|p2a: Mistral|Moonblast|p1a: Excadrill
|-resisted|p1a: Excadrill
|-damage|p1a: Excadrill|83/100
|-unboost|p1a: Excadrill|spa|1
|move|p1a: Excadrill|Swords Dance|p1a: Excadrill
|-boost|p1a: Excadrill|atk|2
|move|p2b: Armstrong|Parting Shot|p1b: Tyranitar
|-unboost|p1b: Tyranitar|atk|1
|-unboost|p1b: Tyranitar|spa|1
|
|t:|1756770111
|switch|p2b: Raiden|Basculegion, L50, M, shiny|100/100|[from] Parting Shot
|move|p1b: Tyranitar|Rock Slide|p2a: Mistral|[spread] p2a,p2b
|-damage|p2a: Mistral|78/100
|-damage|p2b: Raiden|80/100
|
|-weather|Sandstorm|[upkeep]
|-damage|p2b: Raiden|74/100|[from] Sandstorm
|-damage|p2a: Mistral|72/100|[from] Sandstorm
|-damage|p1b: Tyranitar|52/100|[from] Sandstorm
|upkeep
|turn|3
|inactive|t3hsleepyshuckle has 30 seconds left.
|inactive|t3hsleepyshuckle has 20 seconds left.
|inactive|t3hsleepyshuckle has 15 seconds left.
|inactive|t3hsleepyshuckle has 10 seconds left.
|inactive|t3hsleepyshuckle has 5 seconds left.
|
|t:|1756770164
|switch|p2a: Armstrong|Incineroar, L50, F, shiny|81/100
|-ability|p2a: Armstrong|Intimidate|boost
|-unboost|p1a: Excadrill|atk|1
|-unboost|p1b: Tyranitar|atk|1
|switch|p1a: Sneasler|Sneasler, L50, M|100/100
|move|p2b: Raiden|Wave Crash|p1b: Tyranitar
|-damage|p1b: Tyranitar|0 fnt
|faint|p1b: Tyranitar
|-damage|p2b: Raiden|56/100|[from] Recoil
|
|-weather|Sandstorm|[upkeep]
|-damage|p2b: Raiden|50/100|[from] Sandstorm
|-damage|p1a: Sneasler|95/100|[from] Sandstorm
|-damage|p2a: Armstrong|75/100|[from] Sandstorm
|upkeep
|inactive|t3hsleepyshuckle has 30 seconds left.
|inactive|t3hsleepyshuckle has 20 seconds left.
|
|t:|1756770202
|switch|p1b: Indeedee|Indeedee, L50, M|100/100
|-fieldstart|move: Psychic Terrain|[from] ability: Psychic Surge|[of] p1b: Indeedee
|-enditem|p1a: Sneasler|Psychic Seed
|-boost|p1a: Sneasler|spd|1|[from] item: Psychic Seed
|turn|4
|inactive|t3hsleepyshuckle has 30 seconds left.
|inactive|claudiusmaximus has 30 seconds left.
|
|t:|1756770231
|switch|p2a: Mistral|Whimsicott, L50, M, shiny|72/100
|move|p1b: Indeedee|Protect|p1b: Indeedee
|-singleturn|p1b: Indeedee|Protect
|move|p2b: Raiden|Wave Crash|p1a: Sneasler
|-damage|p1a: Sneasler|0 fnt
|faint|p1a: Sneasler
|-damage|p2b: Raiden|25/100|[from] Recoil
|
|-weather|Sandstorm|[upkeep]
|-damage|p2b: Raiden|19/100|[from] Sandstorm
|-damage|p2a: Mistral|66/100|[from] Sandstorm
|-damage|p1b: Indeedee|95/100|[from] Sandstorm
|-sideend|p2: claudiusmaximus|move: Tailwind
|upkeep
|
|t:|1756770239
|switch|p1a: Excadrill|Excadrill, L50, M|83/100
|turn|5
|
|t:|1756770260
|switch|p2a: Armstrong|Incineroar, L50, F, shiny|75/100
|-ability|p2a: Armstrong|Intimidate|boost
|-unboost|p1a: Excadrill|atk|1
|-unboost|p1b: Indeedee|atk|1
|move|p1b: Indeedee|Protect||[still]
|-fail|p1b: Indeedee
|move|p1a: Excadrill|Earthquake|p2b: Raiden|[spread] p1b,p2a,p2b
|-supereffective|p2a: Armstrong
|-damage|p1b: Indeedee|34/100
|-damage|p2a: Armstrong|33/100
|-damage|p2b: Raiden|0 fnt
|faint|p2b: Raiden
|
|-weather|none
|upkeep
|inactive|claudiusmaximus has 30 seconds left.
|
|t:|1756770286
|switch|p2b: Mistral|Whimsicott, L50, M, shiny|66/100
|turn|6
|
|t:|1756770303
|move|p2b: Mistral|Tailwind|p2b: Mistral
|-sidestart|p2: claudiusmaximus|move: Tailwind
|move|p2a: Armstrong|Flare Blitz|p1a: Excadrill
|-supereffective|p1a: Excadrill
|-damage|p1a: Excadrill|0 fnt
|faint|p1a: Excadrill
|-damage|p2a: Armstrong|8/100|[from] Recoil
|move|p1b: Indeedee|Tera Blast|p2a: Armstrong
|-damage|p2a: Armstrong|0 fnt
|faint|p2a: Armstrong
|-damage|p1b: Indeedee|25/100|[from] item: Life Orb
|
|upkeep
|
|t:|1756770318
|switch|p2a: Big Boss|Ursaluna-Bloodmoon, L50, M|100/100
|turn|7
|
|t:|1756770325
|-terastallize|p2a: Big Boss|Normal
|move|p2b: Mistral|Moonblast|p1b: Indeedee
|-damage|p1b: Indeedee|0 fnt
|faint|p1b: Indeedee
|
|win|claudiusmaximus
|raw|t3hsleepyshuckle's rating: 1068 → 1049(-19 for losing)
|raw|claudiusmaximus's rating: 1085 → 1111(+26 for winning)
|c|☆t3hsleepyshuckle|gg
|c|☆claudiusmaximus|gg
