|j|☆ThierryVGC
|j|☆Njstinks
|html|ThierryVGCNjstinks    
|uhtml|bestof|Game 1 of a best-of-3
|t:|1756950738
|gametype|doubles
|player|p1|ThierryVGC|101|1236
|player|p2|Njstinks|169|1350
|gen|9
|tier|[Gen 9] VGC 2025 Reg H (Bo3)
|rated|
|rule|Species Clause: Limit one of each Pokémon
|rule|Item Clause: Limit 1 of each item
|clearpoke
|poke|p1|Porygon2, L50|
|poke|p1|Ursaluna, L50, M|
|poke|p1|Amoonguss, L50, F|
|poke|p1|Incineroar, L50, M|
|poke|p1|Pelipper, L50, M|
|poke|p1|Archaludon, L50, M|
|poke|p2|Sneasler, L50, M|
|poke|p2|Dondozo, L50, M|
|poke|p2|Tatsugiri, L50, M|
|poke|p2|Indeedee, L50, M|
|poke|p2|Talonflame, L50, F|
|poke|p2|Ursaluna-Bloodmoon, L50, M|
|teampreview|4
|showteam|p1|Porygon2||Eviolite|Download|IceBeam,TeraBlast,Recover,TrickRoom||||||50|,,,,,Fighting]Ursaluna||FlameOrb|Guts|Facade,Earthquake,HeadlongRush,Protect|||M|||50|,,,,,Fairy]Amoonguss||CovertCloak|Regenerator|PollenPuff,ClearSmog,RagePowder,Spore|||F|||50|,,,,,Dark]Incineroar||SafetyGoggles|Intimidate|KnockOff,PartingShot,Taunt,FakeOut|||M|||50|,,,,,Ghost]Pelipper||LifeOrb|Drizzle|Hurricane,Protect,WeatherBall,Tailwind|||M|||50|,,,,,Stellar]Archaludon||AssaultVest|Stamina|FlashCannon,DragonPulse,ElectroShot,BodyPress|||M|||50|,,,,,Grass
|showteam|p2|Sneasler||PsychicSeed|Unburden|DireClaw,CloseCombat,Protect,ThroatChop|||M|||50|,,,,,Dark]Dondozo||Leftovers|Unaware|WaveCrash,HeavySlam,OrderUp,Protect|||M|||50|,,,,,Grass]Tatsugiri||ChoiceScarf|Commander|DracoMeteor,MuddyWater,IcyWind,DragonPulse|||M|||50|,,,,,Water]Indeedee||FocusSash|PsychicSurge|ExpandingForce,HelpingHand,TrickRoom,Protect|||M|||50|,,,,,Psychic]Talonflame||CovertCloak|GaleWings|BraveBird,FlareBlitz,Tailwind,WillOWisp|||F|||50|,,,,,Ghost]Ursaluna-Bloodmoon||LifeOrb|MindsEye|HyperVoice,BloodMoon,EarthPower,Protect|||M|||50|,,,,,Normal
|
|t:|1756950776
|teamsize|p1|4
|teamsize|p2|4
|start
|switch|p1a: Archaludon|Archaludon, L50, M|100/100
|switch|p1b: Pelipper|Pelipper, L50, M|100/100
|switch|p2a: Sneasler|Sneasler, L50, M|100/100
|switch|p2b: Indeedee|Indeedee, L50, M|100/100
|-fieldstart|move: Psychic Terrain|[from] ability: Psychic Surge|[of] p2b: Indeedee
|-enditem|p2a: Sneasler|Psychic Seed
|-boost|p2a: Sneasler|spd|1|[from] item: Psychic Seed
|-weather|RainDance|[from] ability: Drizzle|[of] p1b: Pelipper
|turn|1
|
|t:|1756950810
|move|p2a: Sneasler|Dire Claw|p1b: Pelipper
|-damage|p1b: Pelipper|52/100
|move|p2b: Indeedee|Expanding Force|p1b: Pelipper|[spread] p1a,p1b
|-resisted|p1a: Archaludon
|-damage|p1a: Archaludon|82/100
|-damage|p1b: Pelipper|0 fnt
|-ability|p1a: Archaludon|Stamina|boost
|-boost|p1a: Archaludon|def|1
|faint|p1b: Pelipper
|move|p1a: Archaludon|Electro Shot||[still]
|-prepare|p1a: Archaludon|Electro Shot
|-boost|p1a: Archaludon|spa|1
|-anim|p1a: Archaludon|Electro Shot|p2b: Indeedee
|-damage|p2b: Indeedee|20/100
|
|-weather|RainDance|[upkeep]
|upkeep
|
|t:|1756950820
|switch|p1b: Ursaluna|Ursaluna, L50, M|100/100
|turn|2
|
|t:|1756950849
|-terastallize|p1a: Archaludon|Grass
|move|p2a: Sneasler|Close Combat|p1a: Archaludon
|-damage|p1a: Archaludon|54/100
|-unboost|p2a: Sneasler|def|1
|-unboost|p2a: Sneasler|spd|1
|-ability|p1a: Archaludon|Stamina|boost
|-boost|p1a: Archaludon|def|1
|move|p2b: Indeedee|Expanding Force|p1b: Ursaluna|[spread] p1a,p1b
|-damage|p1a: Archaludon|19/100
|-damage|p1b: Ursaluna|48/100
|-ability|p1a: Archaludon|Stamina|boost
|-boost|p1a: Archaludon|def|1
|move|p1a: Archaludon|Flash Cannon|p2b: Indeedee
|-crit|p2b: Indeedee
|-damage|p2b: Indeedee|0 fnt
|faint|p2b: Indeedee
|move|p1b: Ursaluna|Headlong Rush|p2a: Sneasler
|-supereffective|p2a: Sneasler
|-damage|p2a: Sneasler|0 fnt
|-unboost|p1b: Ursaluna|def|1
|-unboost|p1b: Ursaluna|spd|1
|faint|p2a: Sneasler
|
|-weather|RainDance|[upkeep]
|-status|p1b: Ursaluna|brn|[from] item: Flame Orb
|upkeep
|
|t:|1756950853
|switch|p2a: Dondozo|Dondozo, L50, M|100/100
|switch|p2b: Tatsugiri|Tatsugiri, L50, M|100/100
|-activate|p2b: Tatsugiri|ability: Commander|[of] p2a: Dondozo
|-boost|p2a: Dondozo|atk|2
|-boost|p2a: Dondozo|spa|2
|-boost|p2a: Dondozo|spe|2
|-boost|p2a: Dondozo|def|2
|-boost|p2a: Dondozo|spd|2
|turn|3
|
|t:|1756950869
|switch|p1b: Amoonguss|Amoonguss, L50, F|100/100
|-terastallize|p2a: Dondozo|Grass
|move|p2a: Dondozo|Wave Crash|p1b: Amoonguss
|-resisted|p1b: Amoonguss
|-damage|p1b: Amoonguss|37/100
|-damage|p2a: Dondozo|80/100|[from] Recoil
|move|p1a: Archaludon|Electro Shot||[still]
|-prepare|p1a: Archaludon|Electro Shot
|-boost|p1a: Archaludon|spa|1
|-anim|p1a: Archaludon|Electro Shot|p2a: Dondozo
|-resisted|p2a: Dondozo
|-damage|p2a: Dondozo|70/100
|
|-weather|RainDance|[upkeep]
|-heal|p2a: Dondozo|76/100|[from] item: Leftovers
|upkeep
|turn|4
|
|t:|1756950897
|move|p2a: Dondozo|Heavy Slam|p1b: Amoonguss
|-damage|p1b: Amoonguss|0 fnt
|faint|p1b: Amoonguss
|move|p1a: Archaludon|Dragon Pulse|p2a: Dondozo
|-crit|p2a: Dondozo
|-damage|p2a: Dondozo|15/100
|
|-weather|RainDance|[upkeep]
|-heal|p2a: Dondozo|21/100|[from] item: Leftovers
|upkeep
|
|t:|1756950900
|switch|p1b: Ursaluna|Ursaluna, L50, M|48/100 brn
|turn|5
|
|t:|1756950909
|move|p2a: Dondozo|Protect|p2a: Dondozo
|-singleturn|p2a: Dondozo|Protect
|move|p1a: Archaludon|Dragon Pulse|p2a: Dondozo
|-activate|p2a: Dondozo|move: Protect
|move|p1b: Ursaluna|Facade|p2a: Dondozo
|-activate|p2a: Dondozo|move: Protect
|
|-weather|none
|-heal|p2a: Dondozo|27/100|[from] item: Leftovers
|-damage|p1b: Ursaluna|42/100 brn|[from] brn
|-fieldend|move: Psychic Terrain
|upkeep
|turn|6
|
|t:|1756950928
|move|p2a: Dondozo|Order Up|p1a: Archaludon
|-damage|p1a: Archaludon|0 fnt
|faint|p1a: Archaludon
|-boost|p2a: Dondozo|atk|1
|move|p1b: Ursaluna|Facade|p2a: Dondozo
|-damage|p2a: Dondozo|0 fnt
|faint|p2a: Dondozo
|
|-damage|p1b: Ursaluna|36/100 brn|[from] brn
|upkeep
|turn|7
|
|t:|1756950933
|move|p2b: Tatsugiri|Dragon Pulse|p1b: Ursaluna
|-damage|p1b: Ursaluna|0 fnt
|faint|p1b: Ursaluna
|
|win|Njstinks
||Njstinks is ready for game 2.
||ThierryVGC is ready for game 2.
|uhtml|next|Next: Game 2 of 3
