|j|☆chaewonstany
|j|☆trchlt1
|html|chaewonstanytrchlt1    
|uhtml|bestof|Game 2 of a best-of-3
|t:|1757703325
|gametype|doubles
|player|p1|chaewonstany|101|1445
|player|p2|trchlt1|265|1375
|gen|9
|tier|[Gen 9] VGC 2025 Reg H (Bo3)
|rated|
|rule|Species Clause: Limit one of each Pokémon
|rule|Item Clause: Limit 1 of each item
|clearpoke
|poke|p1|Whimsicott, L50, M|
|poke|p1|Gholdengo, L50|
|poke|p1|Ursaluna-Bloodmoon, L50, M|
|poke|p1|Pelipper, L50, F|
|poke|p1|Archaludon, L50, F|
|poke|p1|Basculegion, L50, M|
|poke|p2|Whimsicott, L50, M|
|poke|p2|Gholdengo, L50|
|poke|p2|Sneasler, L50, M|
|poke|p2|Garchomp, L50, F|
|poke|p2|Dragonite, L50, F|
|poke|p2|Incineroar, L50, F|
|teampreview|4
|showteam|p1|Whimsicott||CovertCloak|Prankster|Moonblast,Taunt,FakeTears,Tailwind|||M|||50|,,,,,Steel]Gholdengo||LifeOrb|GoodasGold|MakeItRain,ShadowBall,TeraBlast,Protect||||||50|,,,,,Fighting]Ursaluna-Bloodmoon||AssaultVest|MindsEye|HyperVoice,BloodMoon,EarthPower,VacuumWave|||M|||50|,,,,,Ghost]Pelipper||SafetyGoggles|Drizzle|WeatherBall,Hurricane,WideGuard,Protect|||F|||50|,,,,,Steel]Archaludon||PowerHerb|Sturdy|ElectroShot,DracoMeteor,FlashCannon,Protect|||F|||50|,,,,,Electric]Basculegion||FocusSash|Adaptability|Liquidation,LastRespects,AquaJet,Protect|||M|||50|,,,,,Ghost
|showteam|p2|Whimsicott||FocusSash|Prankster|Protect,Moonblast,Tailwind,Encore|||M|||50|,,,,,Ghost]Gholdengo||ChoiceSpecs|GoodasGold|MakeItRain,ShadowBall,Trick,PowerGem||||||50|,,,,,Steel]Sneasler||WhiteHerb|Unburden|Protect,DireClaw,CloseCombat,FakeOut|||M|||50|,,,,,Stellar]Garchomp||LifeOrb|RoughSkin|Protect,Earthquake,StompingTantrum,DragonClaw|||F|||50|,,,,,Ground]Dragonite||ChoiceBand|InnerFocus|ExtremeSpeed,Outrage,IceSpinner,StompingTantrum|||F|||50|,,,,,Normal]Incineroar||AssaultVest|Intimidate|FlareBlitz,KnockOff,Uturn,FakeOut|||F|||50|,,,,,Grass
|inactive|Battle timer is ON: inactive players will automatically lose when time's up. (requested by trchlt1)
|inactive|chaewonstany has 60 seconds left.
|inactive|chaewonstany has 30 seconds left.
|inactive|chaewonstany has 20 seconds left.
|inactive|chaewonstany has 15 seconds left.
|inactive|chaewonstany has 10 seconds left.
|
|t:|1757703413
|teamsize|p1|4
|teamsize|p2|4
|start
|switch|p1a: Whimsicott|Whimsicott, L50, M|100/100
|switch|p1b: Gholdengo|Gholdengo, L50|100/100
|switch|p2a: Whimsicott|Whimsicott, L50, M|100/100
|switch|p2b: Gholdengo|Gholdengo, L50|100/100
|turn|1
|inactive|chaewonstany has 30 seconds left.
|inactive|trchlt1 has 30 seconds left.
|
|t:|1757703441
|-terastallize|p1a: Whimsicott|Steel
|-terastallize|p2b: Gholdengo|Steel
|move|p2a: Whimsicott|Protect|p2a: Whimsicott
|-singleturn|p2a: Whimsicott|Protect
|move|p1b: Gholdengo|Protect|p1b: Gholdengo
|-singleturn|p1b: Gholdengo|Protect
|move|p1a: Whimsicott|Taunt|p2a: Whimsicott
|-activate|p2a: Whimsicott|move: Protect
|move|p2b: Gholdengo|Make It Rain|p1b: Gholdengo|[spread] p1a
|-activate|p1b: Gholdengo|move: Protect
|-resisted|p1a: Whimsicott
|-damage|p1a: Whimsicott|40/100
|-unboost|p2b: Gholdengo|spa|1
|
|upkeep
|turn|2
|
|t:|1757703460
|move|p2a: Whimsicott|Encore|p1a: Whimsicott
|-start|p1a: Whimsicott|Encore
|move|p1a: Whimsicott|Taunt|p2b: Gholdengo
|-immune|p2b: Gholdengo|[from] ability: Good as Gold
|move|p1b: Gholdengo|Make It Rain|p2b: Gholdengo|[spread] p2a,p2b
|-supereffective|p2a: Whimsicott
|-resisted|p2b: Gholdengo
|-enditem|p2a: Whimsicott|Focus Sash
|-damage|p2a: Whimsicott|1/100
|-damage|p2b: Gholdengo|62/100
|-unboost|p1b: Gholdengo|spa|1
|-damage|p1b: Gholdengo|91/100|[from] item: Life Orb
|move|p2b: Gholdengo|Make It Rain|p1b: Gholdengo|[spread] p1a,p1b
|-resisted|p1a: Whimsicott
|-resisted|p1b: Gholdengo
|-damage|p1a: Whimsicott|0 fnt
|-damage|p1b: Gholdengo|51/100
|-unboost|p2b: Gholdengo|spa|1
|faint|p1a: Whimsicott
|
|upkeep
|
|t:|1757703480
|switch|p1a: Basculegion|Basculegion, L50, M|100/100
|turn|3
|
|t:|1757703487
|move|p2a: Whimsicott|Tailwind|p2a: Whimsicott
|-sidestart|p2: trchlt1|move: Tailwind
|move|p2b: Gholdengo|Make It Rain|p1a: Basculegion|[spread] p1a,p1b
|-resisted|p1a: Basculegion
|-resisted|p1b: Gholdengo
|-crit|p1b: Gholdengo
|-damage|p1a: Basculegion|68/100
|-damage|p1b: Gholdengo|0 fnt
|-unboost|p2b: Gholdengo|spa|1
|faint|p1b: Gholdengo
|move|p1a: Basculegion|Last Respects|p2b: Gholdengo
|-damage|p2b: Gholdengo|0 fnt
|faint|p2b: Gholdengo
|
|upkeep
|
|t:|1757703499
|switch|p2b: Garchomp|Garchomp, L50, F|100/100
|switch|p1b: Archaludon|Archaludon, L50, F|100/100
|turn|4
|
|t:|1757703514
|switch|p2a: Dragonite|Dragonite, L50, F|100/100
|move|p1a: Basculegion|Protect|p1a: Basculegion
|-singleturn|p1a: Basculegion|Protect
|move|p2b: Garchomp|Earthquake|p1b: Archaludon|[spread] p1b
|-activate|p1a: Basculegion|move: Protect
|-immune|p2a: Dragonite
|-supereffective|p1b: Archaludon
|-damage|p1b: Archaludon|16/100
|-damage|p2b: Garchomp|91/100|[from] item: Life Orb
|move|p1b: Archaludon|Draco Meteor|p2b: Garchomp
|-supereffective|p2b: Garchomp
|-damage|p2b: Garchomp|0 fnt
|-unboost|p1b: Archaludon|spa|2
|faint|p2b: Garchomp
|
|upkeep
|
|t:|1757703520
|switch|p2b: Whimsicott|Whimsicott, L50, M|1/100
|turn|5
|
|t:|1757703532
|move|p2b: Whimsicott|Encore|p1a: Basculegion
|-start|p1a: Basculegion|Encore
|move|p1a: Basculegion|Protect||[still]
|-fail|p1a: Basculegion
|move|p2a: Dragonite|Stomping Tantrum|p1b: Archaludon
|-supereffective|p1b: Archaludon
|-damage|p1b: Archaludon|0 fnt
|faint|p1b: Archaludon
|
|upkeep
|turn|6
|
|t:|1757703541
|move|p1a: Basculegion|Protect|p1a: Basculegion
|-singleturn|p1a: Basculegion|Protect
|move|p2b: Whimsicott|Moonblast|p1a: Basculegion
|-activate|p1a: Basculegion|move: Protect
|move|p2a: Dragonite|Stomping Tantrum|p1a: Basculegion
|-activate|p1a: Basculegion|move: Protect
|
|-sideend|p2: trchlt1|move: Tailwind
|upkeep
|turn|7
|
|t:|1757703546
|move|p1a: Basculegion|Protect|p1a: Basculegion
|-singleturn|p1a: Basculegion|Protect
|move|p2b: Whimsicott|Tailwind|p2b: Whimsicott
|-sidestart|p2: trchlt1|move: Tailwind
|move|p2a: Dragonite|Stomping Tantrum|p1a: Basculegion
|-activate|p1a: Basculegion|move: Protect
|
|-end|p1a: Basculegion|Encore
|upkeep
|turn|8
|
|t:|1757703554
|move|p2b: Whimsicott|Encore|p1a: Basculegion
|-start|p1a: Basculegion|Encore
|move|p1a: Basculegion|Protect||[still]
|-fail|p1a: Basculegion
|move|p2a: Dragonite|Stomping Tantrum|p1a: Basculegion
|-damage|p1a: Basculegion|13/100
|
|upkeep
|turn|9
|-message|chaewonstany forfeited.
|
|win|trchlt1
