|j|☆zrmbe
|j|☆DrDooginbun
|html|zrmbeDrDooginbun    
|uhtml|bestof|Game 2 of a best-of-3
|t:|1785474191
|gametype|doubles
|player|p1|zrmbe|pokemaniac|
|player|p2|DrDooginbun|102|
|gen|9
|tier|[Gen 9 Champions] VGC 2026 Reg M-B (Bo3)
|rule|Species Clause: Limit one of each Pokémon
|rule|Item Clause: Limit 1 of each item
|clearpoke
|poke|p1|Aegislash, L50, F|
|poke|p1|Rotom-Wash, L50|
|poke|p1|Scizor, L50, M|
|poke|p1|Noivern, L50, M|
|poke|p1|Arcanine, L50, M|
|poke|p1|Ceruledge, L50, M|
|poke|p2|Pelipper, L50, M|
|poke|p2|Archaludon, L50, F|
|poke|p2|Basculegion, L50, M|
|poke|p2|Dragonite, L50, F, shiny|
|poke|p2|Toxapex, L50, F, shiny|
|poke|p2|Charizard, L50, F, shiny|
|teampreview|4
|showteam|p1|Aegislash||SpellTag|StanceChange|WideGuard,ShadowBall,FlashCannon,KingsShield|Sassy||F|||50|]Rotom-Wash||SitrusBerry|Levitate|HydroPump,Thunderbolt,WillOWisp,VoltSwitch|Timid|||||50|]Scizor||Scizorite|Technician|BulletPunch,KnockOff,SwordsDance,Protect|Adamant||M|||50|]Noivern||FocusSash|Infiltrator|Tailwind,Taunt,DracoMeteor,Protect|Timid||M|||50|]Arcanine||Leftovers|Intimidate|FlareBlitz,Snarl,WillOWisp,Protect|Sassy||M|||50|]Ceruledge||LifeOrb|WeakArmor|Protect,BitterBlade,ShadowSneak,CloseCombat|Jolly||M|||50|
|showteam|p2|Pelipper||DampRock|Drizzle|Tailwind,Uturn,Protect,Hurricane|Calm||M|||50|]Archaludon||Leftovers|Stamina|ElectroShot,DracoMeteor,AuraSphere,Protect|Modest||F|||50|]Basculegion||LifeOrb|SwiftSwim|WaveCrash,FlipTurn,LastRespects,PsychicFangs|Careful||M|||50|]Dragonite||Dragoninite|Multiscale|Hurricane,Thunder,DracoMeteor,Protect|Bold||F|||50|]Toxapex||SitrusBerry|Merciless|BanefulBunker,ToxicSpikes,SludgeWave,Recover|Calm||F|||50|]Charizard||ChoiceScarf|Blaze|WillOWisp,Protect,WeatherBall,Hurricane|Modest||F|||50|
|
|t:|1785474312
|teamsize|p1|4
|teamsize|p2|4
|start
|switch|p1a: Rotom|Rotom-Wash, L50|100/100
|switch|p1b: Noivern|Noivern, L50, M|100/100
|switch|p2a: Pelipper|Pelipper, L50, M|100/100
|switch|p2b: Archaludon|Archaludon, L50, F|100/100
|-weather|RainDance|[from] ability: Drizzle|[of] p2a: Pelipper
|turn|1
|
|t:|1785474367
|move|p1b: Noivern|Tailwind|p1b: Noivern
|-sidestart|p1: zrmbe|move: Tailwind
|move|p1a: Rotom|Will-O-Wisp|p2b: Archaludon
|-status|p2b: Archaludon|brn
|move|p2b: Archaludon|Draco Meteor|p1b: Noivern
|-supereffective|p1b: Noivern|1
|-enditem|p1b: Noivern|Focus Sash
|-damage|p1b: Noivern|1/100
|-unboost|p2b: Archaludon|spa|2
|move|p2a: Pelipper|Tailwind|p2a: Pelipper
|-sidestart|p2: DrDooginbun|move: Tailwind
|
|-weather|RainDance|[upkeep]
|-damage|p2b: Archaludon|93/100 brn|[from] brn
|upkeep
|turn|2
|
|t:|1785474393
|switch|p2b: Basculegion|Basculegion, L50, M|100/100
|move|p1b: Noivern|Protect|p1b: Noivern
|-singleturn|p1b: Noivern|Protect
|move|p1a: Rotom|Thunderbolt|p2a: Pelipper
|-supereffective|p2a: Pelipper|2
|-damage|p2a: Pelipper|0 fnt
|faint|p2a: Pelipper
|
|-weather|RainDance|[upkeep]
|upkeep
|
|t:|1785474416
|switch|p2a: Dragonite|Dragonite, L50, F, shiny|100/100
|turn|3
|
|t:|1785474436
|detailschange|p2a: Dragonite|Dragonite-Mega, L50, F, shiny
|-mega|p2a: Dragonite|Dragonite|Dragoninite
|move|p2b: Basculegion|Flip Turn|p1b: Noivern
|-resisted|p1b: Noivern|1
|-damage|p1b: Noivern|0 fnt
|faint|p1b: Noivern
|-damage|p2b: Basculegion|90/100|[from] item: Life Orb
|
|t:|1785474443
|switch|p2b: Archaludon|Archaludon, L50, F|93/100 brn|[from] Flip Turn
|move|p1a: Rotom|Thunderbolt|p2b: Archaludon
|-resisted|p2b: Archaludon|1
|-damage|p2b: Archaludon|72/100 brn
|-ability|p2b: Archaludon|Stamina|boost
|-boost|p2b: Archaludon|def|1
|move|p2a: Dragonite|Thunder|p1a: Rotom
|-damage|p1a: Rotom|45/100
|-enditem|p1a: Rotom|Sitrus Berry|[eat]
|-heal|p1a: Rotom|70/100|[from] item: Sitrus Berry
|
|-weather|RainDance|[upkeep]
|-heal|p2b: Archaludon|78/100 brn|[from] item: Leftovers
|-damage|p2b: Archaludon|72/100 brn|[from] brn
|upkeep
|
|t:|1785474457
|switch|p1b: Arcanine|Arcanine, L50, M|100/100
|-ability|p1b: Arcanine|Intimidate|boost
|-unboost|p2a: Dragonite|atk|1
|-unboost|p2b: Archaludon|atk|1
|turn|4
|
|t:|1785474481
|move|p2a: Dragonite|Protect|p2a: Dragonite
|-singleturn|p2a: Dragonite|Protect
|move|p2b: Archaludon|Protect|p2b: Archaludon
|-singleturn|p2b: Archaludon|Protect
|move|p1a: Rotom|Thunderbolt|p2a: Dragonite
|-activate|p2a: Dragonite|move: Protect
|move|p1b: Arcanine|Snarl|p2a: Dragonite|[spread] 
|-activate|p2a: Dragonite|move: Protect
|-activate|p2b: Archaludon|move: Protect
|
|-weather|RainDance|[upkeep]
|-heal|p2b: Archaludon|78/100 brn|[from] item: Leftovers
|-damage|p2b: Archaludon|72/100 brn|[from] brn
|-sideend|p2: DrDooginbun|move: Tailwind
|-sideend|p1: zrmbe|move: Tailwind
|upkeep
|turn|5
|
|t:|1785474615
|move|p1b: Arcanine|Protect|p1b: Arcanine
|-singleturn|p1b: Arcanine|Protect
|move|p1a: Rotom|Thunderbolt|p2a: Dragonite
|-damage|p2a: Dragonite|85/100
|move|p2a: Dragonite|Thunder|p1a: Rotom
|-damage|p1a: Rotom|18/100
|move|p2b: Archaludon|Electro Shot||[still]
|-prepare|p2b: Archaludon|Electro Shot
|-boost|p2b: Archaludon|spa|1
|-anim|p2b: Archaludon|Electro Shot|p1a: Rotom
|-damage|p1a: Rotom|0 fnt
|faint|p1a: Rotom
|
|-weather|RainDance|[upkeep]
|-heal|p2b: Archaludon|78/100 brn|[from] item: Leftovers
|-damage|p2b: Archaludon|72/100 brn|[from] brn
|upkeep
|
|t:|1785474630
|switch|p1a: Scizor|Scizor, L50, M|100/100
|turn|6
|
|t:|1785474645
|detailschange|p1a: Scizor|Scizor-Mega, L50, M
|-mega|p1a: Scizor|Scizor|Scizorite
|move|p2a: Dragonite|Hurricane|p1b: Arcanine
|-damage|p1b: Arcanine|54/100
|move|p2b: Archaludon|Electro Shot||[still]
|-prepare|p2b: Archaludon|Electro Shot
|-boost|p2b: Archaludon|spa|1
|-anim|p2b: Archaludon|Electro Shot|p1b: Arcanine
|-damage|p1b: Arcanine|0 fnt
|faint|p1b: Arcanine
|move|p1a: Scizor|Swords Dance|p1a: Scizor
|-boost|p1a: Scizor|atk|2
|
|-weather|RainDance|[upkeep]
|-heal|p2b: Archaludon|78/100 brn|[from] item: Leftovers
|-damage|p2b: Archaludon|72/100 brn|[from] brn
|upkeep
|turn|7
|
|t:|1785474668
|move|p2a: Dragonite|Hurricane|p1a: Scizor
|-damage|p1a: Scizor|40/100
|move|p2b: Archaludon|Electro Shot||[still]
|-prepare|p2b: Archaludon|Electro Shot
|-boost|p2b: Archaludon|spa|1
|-anim|p2b: Archaludon|Electro Shot|p1a: Scizor
|-damage|p1a: Scizor|0 fnt
|faint|p1a: Scizor
|
|win|DrDooginbun
