|j|☆DkayMM
|j|☆chuckie2274
|html|DkayMMchuckie2274    
|uhtml|bestof|Game 2 of a best-of-3
|t:|1756954166
|gametype|doubles
|player|p1|DkayMM|169|1000
|player|p2|chuckie2274|101|1004
|gen|9
|tier|[Gen 9] VGC 2025 Reg H (Bo3)
|rated|
|rule|Species Clause: Limit one of each Pokémon
|rule|Item Clause: Limit 1 of each item
|clearpoke
|poke|p1|Charizard, L50, M|
|poke|p1|Torkoal, L50, M|
|poke|p1|Porygon2, L50|
|poke|p1|Incineroar, L50, F|
|poke|p1|Jumpluff, L50, M|
|poke|p1|Ursaluna, L50, M|
|poke|p2|Gholdengo, L50|
|poke|p2|Dondozo, L50, M|
|poke|p2|Incineroar, L50, F|
|poke|p2|Maushold, L50|
|poke|p2|Muk-Alola, L50, M|
|poke|p2|Ursaluna-Bloodmoon, L50, M|
|teampreview|4
|showteam|p1|Charizard||ChoiceSpecs|SolarPower|HeatWave,Overheat,WeatherBall,AirSlash|||M|||50|,,,,,Ghost]Torkoal||EjectPack|Drought|Eruption,Overheat,HelpingHand,Protect|||M|||50|,,,,,Fire]Porygon2||Eviolite|Download|TeraBlast,IceBeam,Recover,TrickRoom||||||50|,,,,,Fighting]Incineroar||SitrusBerry|Intimidate|FlareBlitz,KnockOff,FakeOut,PartingShot|||F|||50|,,,,,Ghost]Jumpluff||CovertCloak|Chlorophyll|SleepPowder,SunnyDay,RagePowder,Tailwind|||M|||50|,,,,,Water]Ursaluna||FlameOrb|Guts|HeadlongRush,Facade,Earthquake,Protect|||M|||50|,,,,,Ghost
|showteam|p2|Gholdengo||ChoiceSpecs|GoodasGold|ShadowBall,MakeItRain,FlashCannon,PowerGem||||||50|,,,,,Steel]Dondozo||ChoiceBand|Unaware|WaveCrash,Avalanche,BodyPress,HeavySlam|||M|||50|,,,,,Water]Incineroar||AssaultVest|Intimidate|FakeOut,Uturn,KnockOff,FlareBlitz|||F|||50|,,,,,Ghost]Maushold||WideLens|Technician|PopulationBomb,Protect,BulletSeed,HyperVoice||||||50|,,,,,Ghost]Muk-Alola||BrightPowder|PoisonTouch|Minimize,Curse,PoisonJab,Protect|||M|||50|,,,,,Poison]Ursaluna-Bloodmoon||Leftovers|MindsEye|CalmMind,HighHorsepower,BloodMoon,Protect|||M|||50|,,,,,Ground
|j| teamthief420
|inactive|Battle timer is ON: inactive players will automatically lose when time's up. (requested by chuckie2274)
|l| teamthief420
|inactive|DkayMM has 60 seconds left.
|
|t:|1756954211
|teamsize|p1|4
|teamsize|p2|4
|start
|switch|p1a: Incineroar|Incineroar, L50, F|100/100
|switch|p1b: Porygon2|Porygon2, L50|100/100
|switch|p2a: Incineroar|Incineroar, L50, F|100/100
|switch|p2b: Muk|Muk-Alola, L50, M|100/100
|-ability|p1a: Incineroar|Intimidate|boost
|-unboost|p2a: Incineroar|atk|1
|-unboost|p2b: Muk|atk|1
|-ability|p1b: Porygon2|Download|boost
|-boost|p1b: Porygon2|atk|1
|-ability|p2a: Incineroar|Intimidate|boost
|-unboost|p1a: Incineroar|atk|1
|-unboost|p1b: Porygon2|atk|1
|turn|1
|inactive|DkayMM has 30 seconds left.
|
|t:|1756954246
|switch|p1b: Ursaluna|Ursaluna, L50, M|100/100
|move|p2b: Muk|Protect|p2b: Muk
|-singleturn|p2b: Muk|Protect
|move|p1a: Incineroar|Fake Out|p2a: Incineroar
|-damage|p2a: Incineroar|92/100
|cant|p2a: Incineroar|flinch
|
|-status|p1b: Ursaluna|brn|[from] item: Flame Orb
|upkeep
|turn|2
|inactive|DkayMM has 30 seconds left.
|inactive|chuckie2274 has 30 seconds left.
|inactive|DkayMM has 20 seconds left.
|inactive|DkayMM has 15 seconds left.
|inactive|DkayMM has 10 seconds left.
|inactive|DkayMM has 5 seconds left.
|
|t:|1756954300
|-terastallize|p2a: Incineroar|Ghost
|move|p1a: Incineroar|Knock Off|p2b: Muk
|-resisted|p2b: Muk
|-damage|p2b: Muk|85/100
|-enditem|p2b: Muk|Bright Powder|[from] move: Knock Off|[of] p1a: Incineroar
|move|p1b: Ursaluna|Facade|p2b: Muk
|-damage|p2b: Muk|0 fnt
|faint|p2b: Muk
|move|p2a: Incineroar|Flare Blitz|p1b: Ursaluna
|-damage|p1b: Ursaluna|66/100 brn
|-damage|p2a: Incineroar|80/100|[from] Recoil
|
|-damage|p1b: Ursaluna|61/100 brn|[from] brn
|upkeep
|
|t:|1756954313
|switch|p2b: Dondozo|Dondozo, L50, M|100/100
|turn|3
|
|t:|1756954336
|move|p1b: Ursaluna|Protect|p1b: Ursaluna
|-singleturn|p1b: Ursaluna|Protect
|move|p1a: Incineroar|Parting Shot|p2b: Dondozo
|-unboost|p2b: Dondozo|atk|1
|-unboost|p2b: Dondozo|spa|1
|
|t:|1756954347
|switch|p1a: Porygon2|Porygon2, L50|100/100|[from] Parting Shot
|-ability|p1a: Porygon2|Download|boost
|-boost|p1a: Porygon2|spa|1
|move|p2a: Incineroar|Knock Off|p1a: Porygon2
|-damage|p1a: Porygon2|77/100
|-enditem|p1a: Porygon2|Eviolite|[from] move: Knock Off|[of] p2a: Incineroar
|move|p2b: Dondozo|Wave Crash|p1b: Ursaluna
|-activate|p1b: Ursaluna|move: Protect
|
|-damage|p1b: Ursaluna|55/100 brn|[from] brn
|upkeep
|turn|4
|inactive|DkayMM has 30 seconds left.
|inactive|DkayMM has 20 seconds left.
|inactive|DkayMM has 15 seconds left.
|inactive|DkayMM has 10 seconds left.
|inactive|DkayMM has 5 seconds left.
|
|t:|1756954401
|move|p1b: Ursaluna|Facade|p2b: Dondozo
|-damage|p2b: Dondozo|25/100
|move|p2a: Incineroar|Flare Blitz|p1a: Porygon2
|-damage|p1a: Porygon2|36/100
|-damage|p2a: Incineroar|67/100|[from] Recoil
|move|p2b: Dondozo|Wave Crash|p1b: Ursaluna
|-supereffective|p1b: Ursaluna
|-damage|p1b: Ursaluna|0 fnt
|faint|p1b: Ursaluna
|-damage|p2b: Dondozo|9/100|[from] Recoil
|move|p1a: Porygon2|Trick Room|p1a: Porygon2
|-fieldstart|move: Trick Room|[of] p1a: Porygon2
|
|upkeep
|
|t:|1756954411
|switch|p1b: Torkoal|Torkoal, L50, M|100/100
|-weather|SunnyDay|[from] ability: Drought|[of] p1b: Torkoal
|turn|5
|
|t:|1756954420
|move|p1b: Torkoal|Eruption|p2b: Dondozo|[spread] p2a,p2b
|-resisted|p2b: Dondozo
|-damage|p2a: Incineroar|20/100
|-damage|p2b: Dondozo|0 fnt
|faint|p2b: Dondozo
|move|p2a: Incineroar|Knock Off|p1b: Torkoal
|-damage|p1b: Torkoal|75/100
|-enditem|p1b: Torkoal|Eject Pack|[from] move: Knock Off|[of] p2a: Incineroar
|move|p1a: Porygon2|Recover|p1a: Porygon2
|-heal|p1a: Porygon2|86/100
|
|-weather|SunnyDay|[upkeep]
|upkeep
|
|t:|1756954433
|switch|p2b: Maushold|Maushold, L50|100/100
|turn|6
|
|t:|1756954450
|move|p1b: Torkoal|Eruption|p2b: Maushold|[spread] p2a,p2b
|-damage|p2a: Incineroar|0 fnt
|-damage|p2b: Maushold|15/100
|faint|p2a: Incineroar
|move|p1a: Porygon2|Tera Blast|p2b: Maushold
|-damage|p2b: Maushold|0 fnt
|faint|p2b: Maushold
|
|win|DkayMM
|raw|DkayMM's rating: 1000 → 1040(+40 for winning)
|raw|chuckie2274's rating: 1004 → 1000(-4 for losing)
|l|☆chuckie2274
|player|p2|
