|j|☆olciax34
|j|☆Imreesithink
|html|olciax34Imreesithink    
|uhtml|bestof|Game 3 of a best-of-3
|t:|1785866409
|gametype|doubles
|player|p1|olciax34|266|1335
|player|p2|Imreesithink|1|1278
|gen|9
|tier|[Gen 9 Champions] VGC 2026 Reg M-B (Bo3)
|rated|
|rule|Species Clause: Limit one of each Pokémon
|rule|Item Clause: Limit 1 of each item
|clearpoke
|poke|p1|Incineroar, L50, F|
|poke|p1|Floette-Eternal, L50, F|
|poke|p1|Sinistcha, L50|
|poke|p1|Basculegion, L50, M|
|poke|p1|Glimmora, L50, F|
|poke|p1|Staraptor, L50, M|
|poke|p2|Staraptor, L50, F, shiny|
|poke|p2|Raichu, L50, M, shiny|
|poke|p2|Sylveon, L50, F, shiny|
|poke|p2|Farigiraf, L50, F, shiny|
|poke|p2|Arcanine-Hisui, L50, M, shiny|
|poke|p2|Kingambit, L50, F, shiny|
|teampreview|4
|showteam|p1|Incineroar||SitrusBerry|Intimidate|FakeOut,ThroatChop,FlareBlitz,PartingShot|Careful||F|||50|]Floette-Eternal||Floettite|FlowerVeil|DazzlingGleam,DrainingKiss,CalmMind,Protect|Modest||F|||50|]Sinistcha||ColburBerry|Hospitality|MatchaGotcha,LifeDew,RagePowder,Protect|Calm|||||50|]Basculegion||ChoiceScarf|Adaptability|WaveCrash,FlipTurn,AquaJet,LastRespects|Jolly||M|||50|]Glimmora||FocusSash|ToxicDebris|SludgeBomb,PowerGem,EarthPower,SpikyShield|Modest||F|||50|]Staraptor||Staraptite|Intimidate|DualWingbeat,CloseCombat,Tailwind,Protect|Jolly||M|||50|
|showteam|p2|Staraptor||Staraptite|Intimidate|Tailwind,Protect,CloseCombat,DualWingbeat|Jolly||F|||50|]Raichu||RaichuniteY|LightningRod|FakeOut,ZapCannon,FocusBlast,Protect|Timid||M|||50|]Sylveon||FairyFeather|Pixilate|Detect,HyperVoice,QuickAttack,HyperBeam|Modest||F|||50|]Farigiraf||SitrusBerry|ArmorTail|Psychic,TrickRoom,HelpingHand,Protect|Sassy||F|||50|]Arcanine-Hisui||FocusSash|RockHead|Protect,ExtremeSpeed,HeadSmash,FlareBlitz|Jolly||M|||50|]Kingambit||LifeOrb|Defiant|Protect,KowtowCleave,SwordsDance,SuckerPunch|Adamant||F|||50|
|inactive|Battle timer is ON: inactive players will automatically lose when time's up. (requested by Imreesithink)
|
|t:|1785866437
|teamsize|p1|4
|teamsize|p2|4
|start
|switch|p1a: Floette|Floette-Eternal, L50, F|100/100
|switch|p1b: Glimmora|Glimmora, L50, F|100/100
|switch|p2a: Farigiraf|Farigiraf, L50, F, shiny|100/100
|switch|p2b: Staraptor|Staraptor, L50, F, shiny|100/100
|-ability|p2b: Staraptor|Intimidate|boost
|-unboost|p1a: Floette|atk|1
|-unboost|p1b: Glimmora|atk|1
|turn|1
|
|t:|1785866460
|detailschange|p2b: Staraptor|Staraptor-Mega, L50, F, shiny
|-mega|p2b: Staraptor|Staraptor|Staraptite
|detailschange|p1a: Floette|Floette-Mega, L50, F
|-mega|p1a: Floette|Floette|Floettite
|-ability|p1a: Floette|Fairy Aura
|move|p2b: Staraptor|Close Combat|p1b: Glimmora
|-damage|p1b: Glimmora|25/100
|-boost|p2b: Staraptor|def|1
|-boost|p2b: Staraptor|spd|1
|-activate|p1b: Glimmora|ability: Toxic Debris
|-sidestart|p2: Imreesithink|move: Toxic Spikes
|move|p1b: Glimmora|Sludge Bomb|p2b: Staraptor
|-damage|p2b: Staraptor|63/100
|move|p1a: Floette|Calm Mind|p1a: Floette
|-boost|p1a: Floette|spa|1
|-boost|p1a: Floette|spd|1
|move|p2a: Farigiraf|Trick Room|p2a: Farigiraf
|-fieldstart|move: Trick Room|[of] p2a: Farigiraf
|
|upkeep
|turn|2
|inactive|olciax34 has 30 seconds left.
|
|t:|1785866485
|move|p1b: Glimmora|Spiky Shield|p1b: Glimmora
|-singleturn|p1b: Glimmora|move: Protect
|move|p2a: Farigiraf|Psychic|p1b: Glimmora
|-activate|p1b: Glimmora|move: Protect
|move|p1a: Floette|Dazzling Gleam|p2a: Farigiraf|[spread] p2a,p2b
|-supereffective|p2b: Staraptor|1
|-damage|p2a: Farigiraf|49/100
|-damage|p2b: Staraptor|0 fnt
|-enditem|p2a: Farigiraf|Sitrus Berry|[eat]
|-heal|p2a: Farigiraf|74/100|[from] item: Sitrus Berry
|faint|p2b: Staraptor
|
|upkeep
|
|t:|1785866491
|switch|p2b: Sylveon|Sylveon, L50, F, shiny|100/100
|-status|p2b: Sylveon|psn
|turn|3
|
|t:|1785866502
|move|p2a: Farigiraf|Helping Hand|p2b: Sylveon
|-singleturn|p2b: Sylveon|Helping Hand|[of] p2a: Farigiraf
|move|p2b: Sylveon|Hyper Voice|p1b: Glimmora|[spread] p1a,p1b
|-resisted|p1b: Glimmora|1
|-damage|p1a: Floette|49/100
|-damage|p1b: Glimmora|0 fnt
|faint|p1b: Glimmora
|move|p1a: Floette|Draining Kiss|p2b: Sylveon
|-damage|p2b: Sylveon|57/100 psn
|-heal|p1a: Floette|86/100|[from] drain|[of] p2b: Sylveon
|
|-damage|p2b: Sylveon|45/100 psn|[from] psn
|upkeep
|
|t:|1785866512
|switch|p1b: Sinistcha|Sinistcha, L50|100/100
|-heal|p1a: Floette|100/100|[from] ability: Hospitality|[of] p1b: Sinistcha
|turn|4
|
|t:|1785866520
|move|p2a: Farigiraf|Helping Hand|p2b: Sylveon
|-singleturn|p2b: Sylveon|Helping Hand|[of] p2a: Farigiraf
|move|p1b: Sinistcha|Protect|p1b: Sinistcha
|-singleturn|p1b: Sinistcha|Protect
|move|p2b: Sylveon|Hyper Voice|p1b: Sinistcha|[spread] p1a
|-activate|p1b: Sinistcha|move: Protect
|-damage|p1a: Floette|52/100
|move|p1a: Floette|Draining Kiss|p2b: Sylveon
|-damage|p2b: Sylveon|1/100 psn
|-heal|p1a: Floette|89/100|[from] drain|[of] p2b: Sylveon
|
|-damage|p2b: Sylveon|0 fnt|[from] psn
|faint|p2b: Sylveon
|upkeep
|
|t:|1785866533
|switch|p2b: Kingambit|Kingambit, L50, F, shiny|100/100
|turn|5
|
|t:|1785866539
|switch|p1b: Basculegion|Basculegion, L50, M|100/100
|move|p1a: Floette|Protect|p1a: Floette
|-singleturn|p1a: Floette|Protect
|move|p2b: Kingambit|Kowtow Cleave|p1a: Floette
|-activate|p1a: Floette|move: Protect
|move|p2a: Farigiraf|Psychic|p1a: Floette
|-activate|p1a: Floette|move: Protect
|
|-fieldend|move: Trick Room
|upkeep
|turn|6
|c|☆Imreesithink|gg
|c|☆olciax34|gg
|
|t:|1785866559
|move|p2b: Kingambit|Sucker Punch|p1b: Basculegion
|-supereffective|p1b: Basculegion|1
|-damage|p1b: Basculegion|0 fnt
|faint|p1b: Basculegion
|-damage|p2b: Kingambit|90/100|[from] item: Life Orb
|move|p1a: Floette|Dazzling Gleam|p2b: Kingambit|[spread] p2a,p2b
|-damage|p2a: Farigiraf|22/100
|-damage|p2b: Kingambit|27/100
|move|p2a: Farigiraf|Psychic|p1a: Floette
|-damage|p1a: Floette|71/100
|
|upkeep
|
|t:|1785866568
|switch|p1b: Sinistcha|Sinistcha, L50|100/100
|-heal|p1a: Floette|96/100|[from] ability: Hospitality|[of] p1b: Sinistcha
|turn|7
|
|t:|1785866573
|move|p2a: Farigiraf|Protect|p2a: Farigiraf
|-singleturn|p2a: Farigiraf|Protect
|move|p1b: Sinistcha|Rage Powder|p1b: Sinistcha
|-singleturn|p1b: Sinistcha|move: Rage Powder
|move|p1a: Floette|Dazzling Gleam|p2b: Kingambit|[spread] p2b
|-activate|p2a: Farigiraf|move: Protect
|-damage|p2b: Kingambit|0 fnt
|faint|p2b: Kingambit
|
|upkeep
|turn|8
|-message|Imreesithink forfeited.
|raw|olciax34's rating: 1335 → 1352(+17 for winning)
|raw|Imreesithink's rating: 1278 → 1257(-21 for losing)
|
|win|olciax34
|l|☆Imreesithink
|player|p2|
