|j|☆shakyturtle
|j|☆EgoJJ
|html|shakyturtleEgoJJ    
|uhtml|bestof|Game 1 of a best-of-3
|t:|1756925259
|gametype|doubles
|player|p1|shakyturtle|blaine|1185
|player|p2|EgoJJ|brock|1101
|gen|9
|tier|[Gen 9] VGC 2025 Reg H (Bo3)
|rated|
|rule|Species Clause: Limit one of each Pokémon
|rule|Item Clause: Limit 1 of each item
|clearpoke
|poke|p1|Farigiraf, L50, M|
|poke|p1|Annihilape, L50, M|
|poke|p1|Ursaluna-Bloodmoon, L50, M|
|poke|p1|Tinkaton, L50, F|
|poke|p1|Dragonite, L50, F|
|poke|p1|Grimmsnarl, L50, M|
|poke|p2|Glimmora, L50, F|
|poke|p2|Tatsugiri, L50, M|
|poke|p2|Dondozo, L50, M|
|poke|p2|Rillaboom, L50, F|
|poke|p2|Volcarona, L50, F|
|poke|p2|Sneasler, L50, F|
|teampreview|4
|showteam|p1|Farigiraf||ThroatSpray|ArmorTail|Protect,TrickRoom,HyperVoice,PsychicNoise|||M|||50|,,,,,Fairy]Annihilape||Leftovers|Defiant|Protect,BulkUp,DrainPunch,RageFist|||M|||50|,,,,,Fire]Ursaluna-Bloodmoon||AssaultVest|MindsEye|HyperVoice,EarthPower,BloodMoon,Moonblast|||M|||50|,,,,,Fairy]Tinkaton||ClearAmulet|MoldBreaker|PlayRough,GigatonHammer,FakeOut,SwordsDance|||F|||50|,,,,,Fire]Dragonite||ChoiceBand|InnerFocus|Outrage,TeraBlast,ExtremeSpeed,AquaJet|||F|||50|,,,,,Flying]Grimmsnarl||LightClay|Prankster|ThroatChop,LightScreen,Reflect,PartingShot|||M|||50|,,,,,Ghost
|showteam|p2|Glimmora||PowerHerb|ToxicDebris|MeteorBeam,SludgeBomb,EarthPower,SpikyShield|||F|||50|,,,,,Grass]Tatsugiri||FocusSash|Commander|DracoMeteor,MuddyWater,Taunt,Protect|||M|||50|,,,,,Stellar]Dondozo||CovertCloak|Unaware|WaveCrash,OrderUp,HeavySlam,Protect|||M|||50|,,,,,Steel]Rillaboom||AssaultVest|GrassySurge|FakeOut,GrassyGlide,WoodHammer,HighHorsepower|||F|||50|,,,,,Fire]Volcarona||SitrusBerry|FlameBody|FieryDance,TeraBlast,WillOWisp,Tailwind|||F|||50|,,,,,Fairy]Sneasler||GrassySeed|Unburden|DireClaw,CloseCombat,Coaching,Protect|||F|||50|,,,,,Stellar
|inactive|Battle timer is ON: inactive players will automatically lose when time's up. (requested by EgoJJ)
|inactive|shakyturtle also wants the timer to be on.
|
|t:|1756925281
|teamsize|p1|4
|teamsize|p2|4
|start
|switch|p1a: Annihilape|Annihilape, L50, M|100/100
|switch|p1b: Farigiraf|Farigiraf, L50, M|100/100
|switch|p2a: Glimmora|Glimmora, L50, F|100/100
|switch|p2b: Volcarona|Volcarona, L50, F|100/100
|turn|1
|inactive|shakyturtle has 30 seconds left.
|inactive|EgoJJ has 30 seconds left.
|inactive|shakyturtle has 20 seconds left.
|inactive|EgoJJ has 20 seconds left.
|inactive|EgoJJ has 15 seconds left.
|inactive|EgoJJ has 10 seconds left.
|inactive|EgoJJ has 5 seconds left.
|
|t:|1756925331
|move|p2a: Glimmora|Spiky Shield|p2a: Glimmora
|-singleturn|p2a: Glimmora|move: Protect
|move|p2b: Volcarona|Will-O-Wisp|p1a: Annihilape
|-status|p1a: Annihilape|brn
|move|p1a: Annihilape|Bulk Up|p1a: Annihilape
|-boost|p1a: Annihilape|atk|1
|-boost|p1a: Annihilape|def|1
|move|p1b: Farigiraf|Psychic Noise|p2a: Glimmora
|-activate|p2a: Glimmora|move: Protect
|
|-damage|p1a: Annihilape|94/100 brn|[from] brn
|upkeep
|turn|2
|inactive|shakyturtle has 30 seconds left.
|inactive|EgoJJ has 30 seconds left.
|
|t:|1756925362
|-terastallize|p2a: Glimmora|Grass
|move|p2b: Volcarona|Fiery Dance|p1a: Annihilape
|-damage|p1a: Annihilape|61/100 brn
|move|p2a: Glimmora|Meteor Beam||[still]
|-prepare|p2a: Glimmora|Meteor Beam
|-boost|p2a: Glimmora|spa|1
|-enditem|p2a: Glimmora|Power Herb
|-anim|p2a: Glimmora|Meteor Beam|p1a: Annihilape
|-resisted|p1a: Annihilape
|-damage|p1a: Annihilape|22/100 brn
|move|p1a: Annihilape|Bulk Up|p1a: Annihilape
|-boost|p1a: Annihilape|atk|1
|-boost|p1a: Annihilape|def|1
|move|p1b: Farigiraf|Psychic Noise|p2a: Glimmora
|-damage|p2a: Glimmora|55/100
|-start|p2a: Glimmora|move: Heal Block
|-enditem|p1b: Farigiraf|Throat Spray
|-boost|p1b: Farigiraf|spa|1|[from] item: Throat Spray
|
|-heal|p1a: Annihilape|28/100 brn|[from] item: Leftovers
|-damage|p1a: Annihilape|22/100 brn|[from] brn
|upkeep
|turn|3
|inactive|shakyturtle has 30 seconds left.
|inactive|EgoJJ has 30 seconds left.
|inactive|shakyturtle has 20 seconds left.
|inactive|shakyturtle has 15 seconds left.
|inactive|EgoJJ has 20 seconds left.
|inactive|EgoJJ has 15 seconds left.
|
|t:|1756925414
|move|p2b: Volcarona|Fiery Dance|p1b: Farigiraf
|-damage|p1b: Farigiraf|67/100
|-boost|p2b: Volcarona|spa|1
|move|p2a: Glimmora|Sludge Bomb|p1b: Farigiraf
|-damage|p1b: Farigiraf|5/100
|-status|p1b: Farigiraf|psn
|move|p1a: Annihilape|Drain Punch|p2a: Glimmora
|-damage|p2a: Glimmora|7/100
|-heal|p1a: Annihilape|42/100 brn|[from] drain|[of] p2a: Glimmora
|-activate|p2a: Glimmora|ability: Toxic Debris
|-sidestart|p1: shakyturtle|move: Toxic Spikes
|move|p1b: Farigiraf|Hyper Voice|p2a: Glimmora|[spread] p2a,p2b
|-damage|p2a: Glimmora|0 fnt
|-damage|p2b: Volcarona|56/100
|faint|p2a: Glimmora
|
|-heal|p1a: Annihilape|48/100 brn|[from] item: Leftovers
|-damage|p1b: Farigiraf|0 fnt|[from] psn
|faint|p1b: Farigiraf
|-damage|p1a: Annihilape|42/100 brn|[from] brn
|upkeep
|inactive|shakyturtle has 30 seconds left.
|
|t:|1756925442
|switch|p2a: Tatsugiri|Tatsugiri, L50, M|100/100
|switch|p1b: Tinkaton|Tinkaton, L50, F|100/100
|-ability|p1b: Tinkaton|Mold Breaker
|turn|4
|inactive|EgoJJ has 30 seconds left.
|inactive|EgoJJ has 20 seconds left.
|
|t:|1756925477
|-terastallize|p1b: Tinkaton|Fire
|move|p2b: Volcarona|Will-O-Wisp|p1b: Tinkaton
|-immune|p1b: Tinkaton
|move|p2a: Tatsugiri|Draco Meteor|p1a: Annihilape
|-damage|p1a: Annihilape|0 fnt
|-unboost|p2a: Tatsugiri|spa|2
|faint|p1a: Annihilape
|move|p1b: Tinkaton|Swords Dance|p1b: Tinkaton
|-boost|p1b: Tinkaton|atk|2
|
|upkeep
|
|t:|1756925490
|switch|p1a: Ursaluna|Ursaluna-Bloodmoon, L50, M|100/100
|-status|p1a: Ursaluna|psn
|turn|5
|inactive|shakyturtle has 30 seconds left.
|inactive|EgoJJ has 30 seconds left.
|inactive|EgoJJ has 20 seconds left.
|inactive|EgoJJ has 15 seconds left.
|
|t:|1756925530
|move|p2a: Tatsugiri|Protect|p2a: Tatsugiri
|-singleturn|p2a: Tatsugiri|Protect
|move|p2b: Volcarona|Fiery Dance|p1a: Ursaluna
|-damage|p1a: Ursaluna|60/100 psn
|-boost|p2b: Volcarona|spa|1
|move|p1b: Tinkaton|Gigaton Hammer|p2b: Volcarona
|-resisted|p2b: Volcarona
|-damage|p2b: Volcarona|0 fnt
|faint|p2b: Volcarona
|move|p1a: Ursaluna|Hyper Voice|p2a: Tatsugiri
|-activate|p2a: Tatsugiri|move: Protect
|
|-damage|p1a: Ursaluna|48/100 psn|[from] psn
|upkeep
|
|t:|1756925540
|switch|p2b: Dondozo|Dondozo, L50, M|100/100
|-activate|p2a: Tatsugiri|ability: Commander|[of] p2b: Dondozo
|-boost|p2b: Dondozo|atk|2
|-boost|p2b: Dondozo|spa|2
|-boost|p2b: Dondozo|spe|2
|-boost|p2b: Dondozo|def|2
|-boost|p2b: Dondozo|spd|2
|turn|6
|
|t:|1756925565
|move|p2b: Dondozo|Wave Crash|p1b: Tinkaton
|-supereffective|p1b: Tinkaton
|-damage|p1b: Tinkaton|0 fnt
|faint|p1b: Tinkaton
|-damage|p2b: Dondozo|74/100|[from] Recoil
|move|p1a: Ursaluna|Moonblast|p2b: Dondozo
|-damage|p2b: Dondozo|57/100
|
|-damage|p1a: Ursaluna|36/100 psn|[from] psn
|upkeep
|turn|7
|-message|shakyturtle forfeited.
|
|win|EgoJJ
|l|☆shakyturtle
|player|p1|
|raw|shakyturtle's rating: 1185 → 1154(-31 for losing)
|raw|EgoJJ's rating: 1101 → 1132(+31 for winning)
