|j|☆Northgdh
|j|☆93Warrior
|html|Northgdh93Warrior    
|uhtml|bestof|Game 3 of a best-of-3
|t:|1783729760
|gametype|doubles
|player|p1|Northgdh|265|1052
|player|p2|93Warrior|2|1148
|gen|9
|tier|[Gen 9 Champions] VGC 2026 Reg M-B (Bo3)
|rated|
|rule|Species Clause: Limit one of each Pokémon
|rule|Item Clause: Limit 1 of each item
|clearpoke
|poke|p1|Floette-Eternal, L50, F|
|poke|p1|Sinistcha, L50|
|poke|p1|Sneasler, L50, F|
|poke|p1|Incineroar, L50, F, shiny|
|poke|p1|Kingambit, L50, M, shiny|
|poke|p1|Blastoise, L50, M, shiny|
|poke|p2|Charizard, L50, M|
|poke|p2|Basculegion, L50, M|
|poke|p2|Kingambit, L50, F|
|poke|p2|Whimsicott, L50, M|
|poke|p2|Glimmora, L50, M|
|poke|p2|Garchomp, L50, F|
|teampreview|4
|showteam|p1|Floette-Eternal||Floettite|FlowerVeil|Moonblast,DrainingKiss,CalmMind,Protect|Modest||F|||50|]Sinistcha||OccaBerry|Hospitality|MatchaGotcha,LifeDew,RagePowder,Protect|Calm|||||50|]Sneasler||FocusSash|PoisonTouch|CloseCombat,PoisonJab,FakeOut,QuickGuard|Jolly||F|||50|]Incineroar||SitrusBerry|Intimidate|FlareBlitz,FakeOut,HelpingHand,PartingShot|Impish||F|||50|]Kingambit||BlackGlasses|Defiant|KowtowCleave,SuckerPunch,SwordsDance,Protect|Adamant||M|||50|]Blastoise||Blastoisinite|RainDish|WaterSpout,DarkPulse,ShellSmash,Protect|Modest||M|||50|
|showteam|p2|Charizard||CharizarditeY|Blaze|HeatWave,WeatherBall,SolarBeam,Protect|Modest||M|||50|]Basculegion||MysticWater|Adaptability|LastRespects,WaveCrash,AquaJet,Protect|Adamant||M|||50|]Kingambit||ChopleBerry|Defiant|KowtowCleave,SuckerPunch,IronHead,Protect|Adamant||F|||50|]Whimsicott||FairyFeather|Prankster|Moonblast,Tailwind,Encore,Protect|Timid||M|||50|]Glimmora||FocusSash|ToxicDebris|PowerGem,SludgeBomb,EarthPower,SpikyShield|Modest||M|||50|]Garchomp||LifeOrb|RoughSkin|Earthquake,DragonClaw,RockSlide,Protect|Jolly||F|||50|
|inactive|Battle timer is ON: inactive players will automatically lose when time's up. (requested by Northgdh)
|inactive|Northgdh has 60 seconds left.
|inactive|93Warrior has 60 seconds left.
|
|t:|1783729815
|teamsize|p1|4
|teamsize|p2|4
|start
|switch|p1a: honeybee|Sneasler, L50, F|100/100
|switch|p1b: begged|Blastoise, L50, M, shiny|100/100
|switch|p2a: Whimsicott|Whimsicott, L50, M|100/100
|switch|p2b: Charizard|Charizard, L50, M|100/100
|turn|1
|inactive|Northgdh has 30 seconds left.
|inactive|93Warrior has 30 seconds left.
|inactive|Northgdh has 20 seconds left.
|inactive|Northgdh has 15 seconds left.
|
|t:|1783729858
|detailschange|p2b: Charizard|Charizard-Mega-Y, L50, M
|-mega|p2b: Charizard|Charizard|Charizardite Y
|-weather|SunnyDay|[from] ability: Drought|[of] p2b: Charizard
|detailschange|p1b: begged|Blastoise-Mega, L50, M, shiny
|-mega|p1b: begged|Blastoise|Blastoisinite
|move|p1b: begged|Protect|p1b: begged
|-singleturn|p1b: begged|Protect
|move|p2a: Whimsicott|Tailwind|p2a: Whimsicott
|-sidestart|p2: 93Warrior|move: Tailwind
|move|p2b: Charizard|Solar Beam||[still]
|-prepare|p2b: Charizard|Solar Beam
|-anim|p2b: Charizard|Solar Beam|p1b: begged
|-activate|p1b: begged|move: Protect
|move|p1a: honeybee|Poison Jab|p2a: Whimsicott
|-supereffective|p2a: Whimsicott|2
|-damage|p2a: Whimsicott|0 fnt
|faint|p2a: Whimsicott
|
|-weather|SunnyDay|[upkeep]
|upkeep
|
|t:|1783729878
|switch|p2a: Garchomp|Garchomp, L50, F|100/100
|turn|2
|inactive|Northgdh has 30 seconds left.
|inactive|Northgdh has 20 seconds left.
|inactive|Northgdh has 15 seconds left.
|
|t:|1783729923
|switch|p1a: drop dead|Kingambit, L50, M, shiny|100/100
|move|p1b: begged|Protect||[still]
|-fail|p1b: begged
|move|p2a: Garchomp|Earthquake|p1a: drop dead|[spread] p1a,p1b
|-immune|p2b: Charizard
|-supereffective|p1a: drop dead|1
|-damage|p1a: drop dead|20/100y
|-damage|p1b: begged|47/100
|-damage|p2a: Garchomp|90/100|[from] item: Life Orb
|move|p2b: Charizard|Heat Wave|p1b: begged|[spread] p1a,p1b
|-supereffective|p1a: drop dead|1
|-resisted|p1b: begged|1
|-damage|p1a: drop dead|0 fnt
|-damage|p1b: begged|17/100
|faint|p1a: drop dead
|
|-weather|SunnyDay|[upkeep]
|upkeep
|
|t:|1783729927
|switch|p1a: honeybee|Sneasler, L50, F|100/100
|turn|3
|
|t:|1783729943
|switch|p1b: the cure|Sinistcha, L50|100/100
|move|p1a: honeybee|Fake Out|p2b: Charizard
|-damage|p2b: Charizard|85/100
|move|p2a: Garchomp|Earthquake|p1b: the cure|[spread] p1a,p1b
|-immune|p2b: Charizard
|-supereffective|p1a: honeybee|1
|-resisted|p1b: the cure|1
|-enditem|p1a: honeybee|Focus Sash
|-damage|p1a: honeybee|1/100
|-damage|p1b: the cure|78/100
|-damage|p2a: Garchomp|80/100|[from] item: Life Orb
|cant|p2b: Charizard|flinch
|
|-weather|SunnyDay|[upkeep]
|upkeep
|turn|4
|
|t:|1783729967
|switch|p1a: begged|Blastoise-Mega, L50, M, shiny|17/100
|move|p1b: the cure|Protect|p1b: the cure
|-singleturn|p1b: the cure|Protect
|move|p2a: Garchomp|Earthquake|p1b: the cure|[spread] p1a
|-activate|p1b: the cure|move: Protect
|-immune|p2b: Charizard
|-damage|p1a: begged|0 fnt
|faint|p1a: begged
|-damage|p2a: Garchomp|70/100|[from] item: Life Orb
|move|p2b: Charizard|Weather Ball|p1b: the cure
|-activate|p1b: the cure|move: Protect
|
|-weather|SunnyDay|[upkeep]
|-sideend|p2: 93Warrior|move: Tailwind
|upkeep
|
|t:|1783729968
|switch|p1a: honeybee|Sneasler, L50, F|1/100
|turn|5
|
|t:|1783729989
|move|p1a: honeybee|Fake Out|p2b: Charizard
|-damage|p2b: Charizard|71/100
|move|p2a: Garchomp|Earthquake|p1a: honeybee|[spread] p1a,p1b
|-immune|p2b: Charizard
|-supereffective|p1a: honeybee|1
|-resisted|p1b: the cure|1
|-damage|p1a: honeybee|0 fnt
|-damage|p1b: the cure|57/100
|faint|p1a: honeybee
|-damage|p2a: Garchomp|60/100|[from] item: Life Orb
|cant|p2b: Charizard|flinch
|move|p1b: the cure|Matcha Gotcha|p2a: Garchomp|[spread] p2b
|-miss|p1b: the cure|p2a: Garchomp
|-resisted|p2b: Charizard|2
|-damage|p2b: Charizard|66/100
|-heal|p1b: the cure|60/100|[from] drain|[of] p2b: Charizard
|
|-weather|none
|upkeep
|turn|6
|-message|Northgdh forfeited.
|
|win|93Warrior
|raw|Northgdh's rating: 1052 → 1039(-13 for losing)
|raw|93Warrior's rating: 1148 → 1166(+18 for winning)
