|j|☆TheDark69420
|j|☆Chelicerate1
|html|TheDark69420Chelicerate1    
|uhtml|bestof|Game 1 of a best-of-3
|t:|1784529114
|gametype|doubles
|player|p1|TheDark69420|ghetsis-gen5bw|1231
|player|p2|Chelicerate1|ethan|1397
|gen|9
|tier|[Gen 9 Champions] VGC 2026 Reg M-B (Bo3)
|rated|
|rule|Species Clause: Limit one of each Pokémon
|rule|Item Clause: Limit 1 of each item
|clearpoke
|poke|p1|Raichu, L50, M|
|poke|p1|Corviknight, L50, F|
|poke|p1|Sylveon, L50, M|
|poke|p1|Basculegion, L50, M|
|poke|p1|Mamoswine, L50, F|
|poke|p1|Tyranitar, L50, F|
|poke|p2|Metagross, L50|
|poke|p2|Incineroar, L50, M|
|poke|p2|Sinistcha, L50|
|poke|p2|Tyranitar, L50, F|
|poke|p2|Excadrill, L50, F|
|poke|p2|Dragonite, L50, M|
|teampreview|4
|showteam|p1|Raichu||RaichuniteY|LightningRod|ZapCannon,FocusBlast,FakeOut,Protect|Timid||M|||50|]Corviknight||Leftovers|MirrorArmor|BraveBird,IronHead,Tailwind,Protect|Careful||F|||50|]Sylveon||FairyFeather|Pixilate|HyperVoice,Yawn,QuickAttack,Protect|Modest||M|||50|]Basculegion||MysticWater|Adaptability|LastRespects,WaveCrash,AquaJet,Protect|Jolly||M|||50|]Mamoswine||LifeOrb|Oblivious|HighHorsepower,IcicleCrash,IceShard,Protect|Jolly||F|||50|]Tyranitar||FocusSash|SandStream|RockSlide,KnockOff,Superpower,Protect|Adamant||F|||50|
|showteam|p2|Metagross||Metagrossite|ClearBody|PsychicFangs,BodyPress,CosmicPower,Rest|Impish|||||50|]Incineroar||SitrusBerry|Intimidate|FlareBlitz,DarkestLariat,PartingShot,FakeOut|Careful||M|||50|]Sinistcha||KasibBerry|Hospitality|MatchaGotcha,RagePowder,TrickRoom,Protect|Bold|||||50|]Tyranitar||ChoiceScarf|SandStream|RockSlide,KnockOff,IcePunch,LowKick|Jolly||F|||50|]Excadrill||FocusSash|SandRush|Earthquake,IronHead,RockSlide,Protect|Adamant||F|||50|]Dragonite||Dragoninite|Multiscale|DragonPulse,HeatWave,Tailwind,Protect|Modest||M|||50|
|inactive|Battle timer is ON: inactive players will automatically lose when time's up. (requested by Chelicerate1)
|inactive|TheDark69420 also wants the timer to be on.
|inactive|TheDark69420 has 60 seconds left.
|
|t:|1784529151
|teamsize|p1|4
|teamsize|p2|4
|start
|switch|p1a: Corviknight|Corviknight, L50, F|100/100
|switch|p1b: Raichu|Raichu, L50, M|100/100
|switch|p2a: Metagross|Metagross, L50|100/100
|switch|p2b: Incineroar|Incineroar, L50, M|100/100
|-ability|p2b: Incineroar|Intimidate|boost
|-ability|p1a: Corviknight|Mirror Armor
|-unboost|p2b: Incineroar|atk|1
|-unboost|p1b: Raichu|atk|1
|turn|1
|
|t:|1784529167
|detailschange|p1b: Raichu|Raichu-Mega-Y, L50, M
|-mega|p1b: Raichu|Raichu|Raichunite Y
|detailschange|p2a: Metagross|Metagross-Mega, L50
|-mega|p2a: Metagross|Metagross|Metagrossite
|move|p2b: Incineroar|Fake Out|p1a: Corviknight
|-resisted|p1a: Corviknight|1
|-damage|p1a: Corviknight|97/100
|move|p1b: Raichu|Zap Cannon|p2a: Metagross
|-damage|p2a: Metagross|50/100g
|-status|p2a: Metagross|par
|cant|p1a: Corviknight|flinch
|move|p2a: Metagross|Cosmic Power|p2a: Metagross
|-boost|p2a: Metagross|def|1
|-boost|p2a: Metagross|spd|1
|
|-heal|p1a: Corviknight|100/100|[from] item: Leftovers
|upkeep
|turn|2
|inactive|TheDark69420 has 30 seconds left.
|
|t:|1784529197
|switch|p1a: Mamoswine|Mamoswine, L50, F|100/100
|switch|p2b: Sinistcha|Sinistcha, L50|100/100
|-heal|p2a: Metagross|74/100 par|[from] ability: Hospitality|[of] p2b: Sinistcha
|move|p1b: Raichu|Zap Cannon|p2a: Metagross
|-damage|p2a: Metagross|42/100 par
|move|p2a: Metagross|Rest|p2a: Metagross
|-status|p2a: Metagross|slp|[from] move: Rest
|-heal|p2a: Metagross|100/100 slp|[silent]
|
|upkeep
|turn|3
|inactive|Chelicerate1 has 30 seconds left.
|
|t:|1784529223
|move|p2b: Sinistcha|Rage Powder|p2b: Sinistcha
|-singleturn|p2b: Sinistcha|move: Rage Powder
|move|p1b: Raichu|Zap Cannon|p2b: Sinistcha
|-resisted|p2b: Sinistcha|1
|-damage|p2b: Sinistcha|71/100
|-status|p2b: Sinistcha|par
|move|p1a: Mamoswine|Icicle Crash|p2b: Sinistcha
|-supereffective|p2b: Sinistcha|1
|-damage|p2b: Sinistcha|0 fnt
|faint|p2b: Sinistcha
|-damage|p1a: Mamoswine|90/100|[from] item: Life Orb
|cant|p2a: Metagross|slp
|
|upkeep
|
|t:|1784529240
|switch|p2b: Tyranitar|Tyranitar, L50, F|100/100
|-weather|Sandstorm|[from] ability: Sand Stream|[of] p2b: Tyranitar
|turn|4
|
|t:|1784529253
|move|p1b: Raichu|Focus Blast|p2b: Tyranitar
|-supereffective|p2b: Tyranitar|2
|-damage|p2b: Tyranitar|0 fnt
|faint|p2b: Tyranitar
|move|p1a: Mamoswine|High Horsepower|p2a: Metagross
|-supereffective|p2a: Metagross|1
|-damage|p2a: Metagross|52/100 slp
|-damage|p1a: Mamoswine|80/100|[from] item: Life Orb
|cant|p2a: Metagross|slp
|
|-weather|Sandstorm|[upkeep]
|-damage|p1b: Raichu|94/100|[from] Sandstorm
|upkeep
|
|t:|1784529266
|switch|p2b: Incineroar|Incineroar, L50, M|100/100
|-ability|p2b: Incineroar|Intimidate|boost
|-fail|p1a: Mamoswine|unboost|Attack|[from] ability: Oblivious|[of] p1a: Mamoswine
|-unboost|p1b: Raichu|atk|1
|turn|5
|
|t:|1784529277
|move|p2b: Incineroar|Fake Out|p1a: Mamoswine
|-damage|p1a: Mamoswine|68/100
|move|p1b: Raichu|Zap Cannon|p2a: Metagross
|-damage|p2a: Metagross|15/100 slp
|cant|p1a: Mamoswine|flinch
|-curestatus|p2a: Metagross|slp|[msg]
|move|p2a: Metagross|Body Press|p1b: Raichu
|-damage|p1b: Raichu|2/100
|
|-weather|Sandstorm|[upkeep]
|-damage|p1b: Raichu|0 fnt|[from] Sandstorm
|-damage|p2b: Incineroar|94/100|[from] Sandstorm
|faint|p1b: Raichu
|upkeep
|
|t:|1784529284
|switch|p1b: Basculegion|Basculegion, L50, M|100/100
|turn|6
|
|t:|1784529293
|move|p1a: Mamoswine|High Horsepower|p2b: Incineroar
|-supereffective|p2b: Incineroar|1
|-damage|p2b: Incineroar|0 fnt
|faint|p2b: Incineroar
|-damage|p1a: Mamoswine|58/100|[from] item: Life Orb
|move|p2a: Metagross|Rest|p2a: Metagross
|-status|p2a: Metagross|slp|[from] move: Rest
|-heal|p2a: Metagross|100/100 slp|[silent]
|move|p1b: Basculegion|Last Respects|p2a: Metagross
|-supereffective|p2a: Metagross|1
|-damage|p2a: Metagross|52/100 slp
|
|-weather|Sandstorm|[upkeep]
|-damage|p1b: Basculegion|93/100|[from] Sandstorm
|upkeep
|turn|7
|
|t:|1784529303
|move|p1a: Mamoswine|High Horsepower|p2a: Metagross
|-supereffective|p2a: Metagross|1
|-damage|p2a: Metagross|0 fnt
|faint|p2a: Metagross
|-damage|p1a: Mamoswine|49/100|[from] item: Life Orb
|
|win|TheDark69420
|l|☆TheDark69420
|player|p1|
