|j|☆3rdPlaceTennis
|j|☆Bandoboi
|html|3rdPlaceTennisBandoboi    
|uhtml|bestof|Game 2 of a best-of-3
|t:|1756762650
|gametype|doubles
|player|p1|3rdPlaceTennis|bugcatcher-gen4dp|1095
|player|p2|Bandoboi|alder|1105
|gen|9
|tier|[Gen 9] VGC 2025 Reg H (Bo3)
|rated|
|rule|Species Clause: Limit one of each Pokémon
|rule|Item Clause: Limit 1 of each item
|clearpoke
|poke|p1|Dragonite, L50, F|
|poke|p1|Ribombee, L50, F|
|poke|p1|Archaludon, L50, F|
|poke|p1|Mimikyu, L50, F|
|poke|p1|Incineroar, L50, F|
|poke|p1|Typhlosion-Hisui, L50, F|
|poke|p2|Porygon2, L50|
|poke|p2|Ursaluna, L50, M|
|poke|p2|Torkoal, L50, F|
|poke|p2|Incineroar, L50, M|
|poke|p2|Charizard, L50, M|
|poke|p2|Jumpluff, L50, F|
|teampreview|4
|showteam|p1|Dragonite||LoadedDice|Multiscale|ScaleShot,LowKick,ExtremeSpeed,Protect|||F|||50|,,,,,Fairy]Ribombee||FocusSash|ShieldDust|Moonblast,Tailwind,FakeTears,Protect|||F|||50|,,,,,Fairy]Archaludon||PowerHerb|Sturdy|ElectroShot,DracoMeteor,Thunderbolt,Protect|||F|||50|,,,,,Electric]Mimikyu||LifeOrb|Disguise|WoodHammer,ShadowSneak,PlayRough,TrickRoom|||F|||50|,,,,,Grass]Incineroar||AssaultVest|Intimidate|FlareBlitz,KnockOff,Uturn,FakeOut|||F|||50|,,,,,Bug]Typhlosion-Hisui||ChoiceSpecs|Blaze|Eruption,Overheat,ShadowBall,HeatWave|||F|||50|,,,,,Fire
|showteam|p2|Porygon2||Eviolite|Download|TrickRoom,Recover,IceBeam,TeraBlast||||||50|,,,,,Fighting]Ursaluna||FlameOrb|Guts|Facade,HeadlongRush,Protect,Earthquake|||M|||50|,,,,,Ghost]Torkoal||EjectPack|Drought|Eruption,Overheat,HelpingHand,Protect|||F|||50|,,,,,Fire]Incineroar||SafetyGoggles|Intimidate|KnockOff,PartingShot,FakeOut,FlareBlitz|||M|||50|,,,,,Fire]Charizard||ChoiceSpecs|SolarPower|HeatWave,Overheat,AirSlash,WeatherBall|||M|||50|,,,,,Ghost]Jumpluff||CovertCloak|Chlorophyll|Tailwind,SleepPowder,RagePowder,SunnyDay|||F|||50|,,,,,Water
|
|t:|1756762670
|teamsize|p1|4
|teamsize|p2|4
|start
|switch|p1a: Archaludon|Archaludon, L50, F, shiny|100/100
|switch|p1b: Typhlosion|Typhlosion-Hisui, L50, F, shiny|100/100
|switch|p2a: Porygon2|Porygon2, L50, shiny|100/100
|switch|p2b: Incineroar|Incineroar, L50, M|100/100
|-ability|p2b: Incineroar|Intimidate|boost
|-unboost|p1a: Archaludon|atk|1
|-unboost|p1b: Typhlosion|atk|1
|-ability|p2a: Porygon2|Download|boost
|-boost|p2a: Porygon2|spa|1
|turn|1
|
|t:|1756762692
|switch|p1a: Literature|Incineroar, L50, F|100/100
|-ability|p1a: Literature|Intimidate|boost
|-unboost|p2a: Porygon2|atk|1
|-unboost|p2b: Incineroar|atk|1
|move|p1b: Typhlosion|Eruption|p2a: Porygon2|[spread] p2a,p2b
|-resisted|p2b: Incineroar
|-damage|p2a: Porygon2|53/100
|-damage|p2b: Incineroar|73/100
|move|p2b: Incineroar|Knock Off|p1b: Typhlosion
|-supereffective|p1b: Typhlosion
|-damage|p1b: Typhlosion|28/100
|-enditem|p1b: Typhlosion|Choice Specs|[from] move: Knock Off|[of] p2b: Incineroar
|move|p2a: Porygon2|Trick Room|p2a: Porygon2
|-fieldstart|move: Trick Room|[of] p2a: Porygon2
|
|upkeep
|turn|2
|
|t:|1756762712
|switch|p1b: Mimikyu|Mimikyu, L50, F, shiny|100/100
|-terastallize|p2a: Porygon2|Fighting
|move|p2a: Porygon2|Tera Blast|p1a: Literature|[anim] Tera Blast Fighting
|-supereffective|p1a: Literature
|-damage|p1a: Literature|46/100
|move|p2b: Incineroar|Knock Off|p1b: Mimikyu
|-activate|p1b: Mimikyu|ability: Disguise
|-damage|p1b: Mimikyu|100/100
|-enditem|p1b: Mimikyu|Life Orb|[from] move: Knock Off|[of] p2b: Incineroar
|detailschange|p1b: Mimikyu|Mimikyu-Busted, L50, F, shiny
|-damage|p1b: Mimikyu|88/100|[from] pokemon: Mimikyu-Busted
|move|p1a: Literature|Knock Off|p2a: Porygon2
|-resisted|p2a: Porygon2
|-damage|p2a: Porygon2|41/100
|-enditem|p2a: Porygon2|Eviolite|[from] move: Knock Off|[of] p1a: Literature
|
|upkeep
|turn|3
|
|t:|1756762735
|-terastallize|p1a: Literature|Bug
|move|p2a: Porygon2|Tera Blast|p1a: Literature|[anim] Tera Blast Fighting
|-resisted|p1a: Literature
|-damage|p1a: Literature|35/100
|move|p2b: Incineroar|Parting Shot|p1b: Mimikyu
|-unboost|p1b: Mimikyu|atk|1
|-unboost|p1b: Mimikyu|spa|1
|
|t:|1756762743
|switch|p2b: Ursaluna|Ursaluna, L50, M|100/100|[from] Parting Shot
|move|p1a: Literature|U-turn|p2b: Ursaluna
|-damage|p2b: Ursaluna|77/100
|
|t:|1756762745
|switch|p1a: Typhlosion|Typhlosion-Hisui, L50, F, shiny|28/100|[from] U-turn
|move|p1b: Mimikyu|Trick Room|p1b: Mimikyu
|-fieldend|move: Trick Room
|
|-status|p2b: Ursaluna|brn|[from] item: Flame Orb
|upkeep
|turn|4
|
|t:|1756762762
|switch|p2a: Incineroar|Incineroar, L50, M|73/100
|-ability|p2a: Incineroar|Intimidate|boost
|-unboost|p1a: Typhlosion|atk|1
|-unboost|p1b: Mimikyu|atk|1
|move|p2b: Ursaluna|Protect|p2b: Ursaluna
|-singleturn|p2b: Ursaluna|Protect
|move|p1a: Typhlosion|Heat Wave|p2b: Ursaluna|[spread] p2a
|-activate|p2b: Ursaluna|move: Protect
|-resisted|p2a: Incineroar
|-damage|p2a: Incineroar|53/100
|move|p1b: Mimikyu|Wood Hammer|p2b: Ursaluna
|-activate|p2b: Ursaluna|move: Protect
|
|-damage|p2b: Ursaluna|71/100 brn|[from] brn
|upkeep
|turn|5
|
|t:|1756762783
|move|p1a: Typhlosion|Overheat|p2b: Ursaluna
|-damage|p2b: Ursaluna|0 fnt
|-unboost|p1a: Typhlosion|spa|2
|faint|p2b: Ursaluna
|move|p1b: Mimikyu|Wood Hammer|p2a: Incineroar
|-resisted|p2a: Incineroar
|-damage|p2a: Incineroar|46/100
|-damage|p1b: Mimikyu|85/100|[from] Recoil
|move|p2a: Incineroar|Knock Off|p1a: Typhlosion
|-supereffective|p1a: Typhlosion
|-damage|p1a: Typhlosion|0 fnt
|faint|p1a: Typhlosion
|
|upkeep
|
|t:|1756762800
|switch|p1a: Archaludon|Archaludon, L50, F, shiny|100/100
|switch|p2b: Charizard|Charizard, L50, M, shiny|100/100
|turn|6
|
|t:|1756762818
|switch|p1b: Literature|Incineroar, L50, F, tera:Bug|35/100
|-ability|p1b: Literature|Intimidate|boost
|-unboost|p2a: Incineroar|atk|1
|-unboost|p2b: Charizard|atk|1
|move|p2b: Charizard|Heat Wave|p1a: Archaludon|[spread] p1a,p1b
|-supereffective|p1b: Literature
|-damage|p1a: Archaludon|22/100
|-damage|p1b: Literature|0 fnt
|faint|p1b: Literature
|move|p1a: Archaludon|Electro Shot||[still]
|-prepare|p1a: Archaludon|Electro Shot
|-boost|p1a: Archaludon|spa|1
|-enditem|p1a: Archaludon|Power Herb
|-anim|p1a: Archaludon|Electro Shot|p2b: Charizard
|-supereffective|p2b: Charizard
|-damage|p2b: Charizard|0 fnt
|faint|p2b: Charizard
|move|p2a: Incineroar|Flare Blitz|p1a: Archaludon
|-damage|p1a: Archaludon|0 fnt
|faint|p1a: Archaludon
|-damage|p2a: Incineroar|40/100|[from] Recoil
|
|upkeep
|
|t:|1756762837
|switch|p2b: Porygon2|Porygon2, L50, shiny, tera:Fighting|41/100
|switch|p1b: Mimikyu|Mimikyu-Busted, L50, F, shiny|85/100
|-ability|p2b: Porygon2|Download|boost
|-boost|p2b: Porygon2|atk|1
|turn|7
|
|t:|1756762848
|move|p1b: Mimikyu|Play Rough|p2b: Porygon2|[miss]
|-miss|p1b: Mimikyu|p2b: Porygon2
|move|p2a: Incineroar|Knock Off|p1b: Mimikyu
|-crit|p1b: Mimikyu
|-damage|p1b: Mimikyu|29/100
|move|p2b: Porygon2|Recover|p2b: Porygon2
|-heal|p2b: Porygon2|92/100
|
|upkeep
|turn|8
|
|t:|1756762860
|move|p1b: Mimikyu|Play Rough|p2b: Porygon2
|-supereffective|p2b: Porygon2
|-damage|p2b: Porygon2|32/100
|move|p2a: Incineroar|Knock Off|p1b: Mimikyu
|-damage|p1b: Mimikyu|4/100
|move|p2b: Porygon2|Ice Beam|p1b: Mimikyu
|-damage|p1b: Mimikyu|0 fnt
|faint|p1b: Mimikyu
|
|win|Bandoboi
