|j|☆MrsMarxy
|j|☆davidxrt
|html|MrsMarxydavidxrt    
|uhtml|bestof|Game 1 of a best-of-3
|t:|1784500444
|gametype|doubles
|player|p1|MrsMarxy|bellelba|1198
|player|p2|davidxrt|hilbert-wonderlauncher|1209
|gen|9
|tier|[Gen 9 Champions] VGC 2026 Reg M-B (Bo3)
|rated|
|rule|Species Clause: Limit one of each Pokémon
|rule|Item Clause: Limit 1 of each item
|clearpoke
|poke|p1|Venusaur, L50, M|
|poke|p1|Charizard, L50, M|
|poke|p1|Grimmsnarl, L50, M|
|poke|p1|Archaludon, L50, F|
|poke|p1|Basculegion, L50, M|
|poke|p1|Pelipper, L50, F|
|poke|p2|Klefki, L50, F|
|poke|p2|Gallade, L50, M|
|poke|p2|Pelipper, L50, M|
|poke|p2|Archaludon, L50, M|
|poke|p2|Basculegion, L50, M|
|poke|p2|Floette-Eternal, L50, F|
|teampreview|4
|showteam|p1|Venusaur||FocusSash|Chlorophyll|SludgeBomb,EarthPower,SleepPowder,Protect|Modest||M|||50|]Charizard||CharizarditeY|Blaze|Protect,HeatWave,SolarBeam,WeatherBall|Modest||M|||50|]Grimmsnarl||LightClay|Prankster|SpiritBreak,LightScreen,Reflect,PartingShot|Sassy||M|||50|]Archaludon||Leftovers|Stamina|ElectroShot,DragonPulse,FlashCannon,Protect|Calm||F|||50|]Basculegion||ChoiceScarf|Adaptability|WaveCrash,LastRespects,AquaJet,FlipTurn|Jolly||M|||50|]Pelipper||SitrusBerry|Drizzle|Hurricane,WeatherBall,Tailwind,WideGuard|Modest||F|||50|
|showteam|p2|Klefki||LightClay|Prankster|Reflect,LightScreen,RainDance,TrickRoom|Bold||F|||50|]Gallade||LifeOrb|Sharpness|Protect,PsychoCut,SacredSword,KnockOff|Adamant||M|||50|]Pelipper||SitrusBerry|Drizzle|Protect,Tailwind,WeatherBall,Hurricane|Modest||M|||50|]Archaludon||QuickClaw|Stamina|Protect,ElectroShot,DracoMeteor,FlashCannon|Modest||M|||50|]Basculegion||MysticWater|SwiftSwim|Protect,AquaJet,WaveCrash,LastRespects|Adamant||M|||50|]Floette-Eternal||Floettite|FlowerVeil|Protect,DazzlingGleam,Moonblast,LightofRuin|Modest||F|||50|
|inactive|Battle timer is ON: inactive players will automatically lose when time's up. (requested by MrsMarxy)
|inactive|davidxrt also wants the timer to be on.
|inactive|MrsMarxy has 60 seconds left.
|
|t:|1784500488
|teamsize|p1|4
|teamsize|p2|4
|start
|switch|p1a: Grimmsnarl|Grimmsnarl, L50, M|100/100
|switch|p1b: Archaludon|Archaludon, L50, F|100/100
|switch|p2a: Klefki|Klefki, L50, F|100/100
|switch|p2b: Gallade|Gallade, L50, M|100/100
|turn|1
|
|t:|1784500500
|switch|p1b: Basculegion|Basculegion, L50, M|100/100
|move|p2a: Klefki|Light Screen|p2a: Klefki
|-sidestart|p2: davidxrt|move: Light Screen
|move|p2b: Gallade|Sacred Sword|p1b: Basculegion
|-immune|p1b: Basculegion
|move|p1a: Grimmsnarl|Spirit Break|p2b: Gallade
|-supereffective|p2b: Gallade|1
|-crit|p2b: Gallade
|-damage|p2b: Gallade|0 fnt
|faint|p2b: Gallade
|
|upkeep
|
|t:|1784500512
|switch|p2b: Basculegion|Basculegion, L50, M|100/100
|turn|2
|
|t:|1784500531
|move|p2a: Klefki|Rain Dance|p2a: Klefki
|-weather|RainDance
|move|p1a: Grimmsnarl|Reflect|p1a: Grimmsnarl
|-sidestart|p1: MrsMarxy|Reflect
|move|p2b: Basculegion|Last Respects|p1b: Basculegion
|-supereffective|p1b: Basculegion|1
|-damage|p1b: Basculegion|26/100
|move|p1b: Basculegion|Flip Turn|p2b: Basculegion
|-resisted|p2b: Basculegion|1
|-damage|p2b: Basculegion|69/100
|
|t:|1784500540
|switch|p1b: Archaludon|Archaludon, L50, F|100/100|[from] Flip Turn
|
|-weather|RainDance|[upkeep]
|upkeep
|turn|3
|
|t:|1784500548
|switch|p2a: Floette|Floette-Eternal, L50, F|100/100
|move|p1a: Grimmsnarl|Reflect||[still]
|-fail|p1a: Grimmsnarl
|move|p2b: Basculegion|Wave Crash|p1a: Grimmsnarl
|-damage|p1a: Grimmsnarl|22/100
|-damage|p2b: Basculegion|46/100|[from] Recoil
|move|p1b: Archaludon|Electro Shot||[still]
|-prepare|p1b: Archaludon|Electro Shot
|-boost|p1b: Archaludon|spa|1
|-anim|p1b: Archaludon|Electro Shot|p2b: Basculegion
|-supereffective|p2b: Basculegion|1
|-damage|p2b: Basculegion|0 fnt
|faint|p2b: Basculegion
|
|-weather|RainDance|[upkeep]
|upkeep
|
|t:|1784500560
|switch|p2b: Klefki|Klefki, L50, F|100/100
|turn|4
|
|t:|1784500567
|detailschange|p2a: Floette|Floette-Mega, L50, F
|-mega|p2a: Floette|Floette|Floettite
|-ability|p2a: Floette|Fairy Aura
|move|p2b: Klefki|Reflect|p2b: Klefki
|-sidestart|p2: davidxrt|Reflect
|move|p1a: Grimmsnarl|Parting Shot|p2a: Floette
|-unboost|p2a: Floette|atk|1
|-unboost|p2a: Floette|spa|1
|
|t:|1784500577
|switch|p1a: Charizard|Charizard, L50, M|100/100|[from] Parting Shot
|move|p2a: Floette|Light of Ruin|p1b: Archaludon
|-damage|p1b: Archaludon|32/100
|-ability|p1b: Archaludon|Stamina|boost
|-boost|p1b: Archaludon|def|1
|-damage|p2a: Floette|63/100|[from] Recoil
|move|p1b: Archaludon|Flash Cannon|p2a: Floette
|-supereffective|p2a: Floette|1
|-damage|p2a: Floette|14/100
|
|-weather|RainDance|[upkeep]
|-heal|p1b: Archaludon|39/100|[from] item: Leftovers
|upkeep
|turn|5
|
|t:|1784500591
|detailschange|p1a: Charizard|Charizard-Mega-Y, L50, M
|-mega|p1a: Charizard|Charizard|Charizardite Y
|-weather|SunnyDay|[from] ability: Drought|[of] p1a: Charizard
|move|p2a: Floette|Protect|p2a: Floette
|-singleturn|p2a: Floette|Protect
|move|p1b: Archaludon|Protect|p1b: Archaludon
|-singleturn|p1b: Archaludon|Protect
|move|p1a: Charizard|Heat Wave|p2a: Floette|[spread] p2b
|-activate|p2a: Floette|move: Protect
|-supereffective|p2b: Klefki|1
|-damage|p2b: Klefki|18/100
|move|p2b: Klefki|Trick Room|p2b: Klefki
|-fieldstart|move: Trick Room|[of] p2b: Klefki
|
|-weather|SunnyDay|[upkeep]
|-heal|p1b: Archaludon|45/100|[from] item: Leftovers
|upkeep
|turn|6
|inactive|MrsMarxy has 30 seconds left.
|
|t:|1784500623
|move|p2b: Klefki|Rain Dance|p2b: Klefki
|-weather|RainDance
|move|p1b: Archaludon|Flash Cannon|p2a: Floette
|-supereffective|p2a: Floette|1
|-damage|p2a: Floette|0 fnt
|faint|p2a: Floette
|move|p1a: Charizard|Heat Wave|p2b: Klefki
|-supereffective|p2b: Klefki|1
|-damage|p2b: Klefki|0 fnt
|faint|p2b: Klefki
|
|win|MrsMarxy
||davidxrt is ready for game 2.
|inactive|MrsMarxy has 30 seconds to confirm battle start!
|inactive|MrsMarxy has 20 seconds to confirm battle start!
|inactive|MrsMarxy has 10 seconds to confirm battle start!
||MrsMarxy is ready for game 2.
|uhtml|next|Next: Game 2 of 3
|l|☆davidxrt
|player|p2|
