|j|☆testkaka
|j|☆KarBot8
|html|testkakaKarBot8    
|uhtml|bestof|Game 2 of a best-of-3
|t:|1782529562
|gametype|doubles
|player|p1|testkaka|170|1176
|player|p2|KarBot8|265|1139
|gen|9
|tier|[Gen 9 Champions] VGC 2026 Reg M-B (Bo3)
|rated|
|rule|Species Clause: Limit one of each Pokémon
|rule|Item Clause: Limit 1 of each item
|clearpoke
|poke|p1|Froslass, L50, F|
|poke|p1|Whimsicott, L50, F|
|poke|p1|Garchomp, L50, F|
|poke|p1|Kingambit, L50, F|
|poke|p1|Basculegion, L50, M|
|poke|p1|Glimmora, L50, M|
|poke|p2|Tyranitar, L50, M, shiny|
|poke|p2|Houndstone, L50, M, shiny|
|poke|p2|Excadrill, L50, F, shiny|
|poke|p2|Corviknight, L50, M, shiny|
|poke|p2|Sneasler, L50, F, shiny|
|poke|p2|Farigiraf, L50, F|
|teampreview|4
|showteam|p1|Froslass||Froslassite|CursedBody|Protect,Blizzard,ShadowBall,AuroraVeil|Modest||F|||50|]Whimsicott||FocusSash|Prankster|Protect,Moonblast,Tailwind,Encore|Timid||F|||50|]Garchomp||LifeOrb|RoughSkin|Protect,DragonClaw,Earthquake,StompingTantrum|Jolly||F|||50|]Kingambit||BlackGlasses|Defiant|Protect,KowtowCleave,SuckerPunch,SwordsDance|Adamant||F|||50|]Basculegion||MysticWater|Adaptability|Protect,WaveCrash,LastRespects,AquaJet|Adamant||M|||50|]Glimmora||Glimmoranite|ToxicDebris|SpikyShield,SludgeBomb,PowerGem,EarthPower|Timid||M|||50|
|showteam|p2|Tyranitar||Tyranitarite|SandStream|RockSlide,KnockOff,LowKick,Protect|Adamant||M|||50|]Houndstone||SitrusBerry|SandRush|LastRespects,WillOWisp,Howl,Protect|Jolly||M|||50|]Excadrill||FocusSash|SandRush|HighHorsepower,IronHead,RockSlide,Protect|Adamant||F|||50|]Corviknight||Leftovers|MirrorArmor|DrillPeck,BodyPress,BulkUp,Tailwind|Impish||M|||50|]Sneasler||WhiteHerb|Unburden|CloseCombat,DireClaw,FakeOut,Protect|Adamant||F|||50|]Farigiraf||ColburBerry|ArmorTail|TwinBeam,TrickRoom,EnergyBall,Protect|Quiet||F|||50|
|inactive|Battle timer is ON: inactive players will automatically lose when time's up. (requested by testkaka)
|inactive|KarBot8 has 60 seconds left.
|inactive|KarBot8 has 30 seconds left.
|inactive|KarBot8 has 20 seconds left.
|inactive|KarBot8 has 15 seconds left.
|
|t:|1782529643
|teamsize|p1|4
|teamsize|p2|4
|start
|switch|p1a: Whimsicott|Whimsicott, L50, F|100/100
|switch|p1b: Froslass|Froslass, L50, F|100/100
|switch|p2a: Corviknight|Corviknight, L50, M, shiny|100/100
|switch|p2b: Houndstone|Houndstone, L50, M, shiny|100/100
|turn|1
|
|t:|1782529657
|detailschange|p1b: Froslass|Froslass-Mega, L50, F
|-mega|p1b: Froslass|Froslass|Froslassite
|-weather|Snowscape|[from] ability: Snow Warning|[of] p1b: Froslass
|move|p2b: Houndstone|Protect|p2b: Houndstone
|-singleturn|p2b: Houndstone|Protect
|move|p1a: Whimsicott|Tailwind|p1a: Whimsicott
|-sidestart|p1: testkaka|move: Tailwind
|move|p1b: Froslass|Blizzard|p2a: Corviknight|[spread] p2a
|-activate|p2b: Houndstone|move: Protect
|-damage|p2a: Corviknight|63/100
|move|p2a: Corviknight|Tailwind|p2a: Corviknight
|-sidestart|p2: KarBot8|move: Tailwind
|
|-weather|Snowscape|[upkeep]
|-heal|p2a: Corviknight|69/100|[from] item: Leftovers
|upkeep
|turn|2
|inactive|testkaka has 30 seconds left.
|
|t:|1782529691
|switch|p2b: Tyranitar|Tyranitar, L50, M, shiny|100/100
|-weather|Sandstorm|[from] ability: Sand Stream|[of] p2b: Tyranitar
|switch|p2a: Excadrill|Excadrill, L50, F, shiny|100/100
|move|p1a: Whimsicott|Encore|p2b: Tyranitar
|-hint|Since gen 7, Dark is immune to Prankster moves.
|-immune|p2b: Tyranitar
|move|p1b: Froslass|Blizzard|p2a: Excadrill|[spread] p2a,p2b
|-damage|p2a: Excadrill|40/100
|-damage|p2b: Tyranitar|73/100
|
|-weather|Sandstorm|[upkeep]
|-damage|p1a: Whimsicott|94/100|[from] Sandstorm
|-damage|p1b: Froslass|94/100|[from] Sandstorm
|upkeep
|turn|3
|inactive|testkaka has 30 seconds left.
|
|t:|1782529721
|switch|p1b: Garchomp|Garchomp, L50, F|100/100
|detailschange|p2b: Tyranitar|Tyranitar-Mega, L50, M, shiny
|-mega|p2b: Tyranitar|Tyranitar|Tyranitarite
|move|p2a: Excadrill|Iron Head|p1a: Whimsicott
|-supereffective|p1a: Whimsicott|1
|-damage|p1a: Whimsicott|0 fnt
|faint|p1a: Whimsicott
|move|p2b: Tyranitar|Knock Off|p1b: Garchomp
|-damage|p1b: Garchomp|40/100
|-damage|p2b: Tyranitar|61/100|[from] ability: Rough Skin|[of] p1b: Garchomp
|-enditem|p1b: Garchomp|Life Orb|[from] move: Knock Off|[of] p2b: Tyranitar
|
|-weather|Sandstorm|[upkeep]
|upkeep
|
|t:|1782529731
|switch|p1a: Froslass|Froslass-Mega, L50, F|94/100
|-weather|Snowscape|[from] ability: Snow Warning|[of] p1a: Froslass
|turn|4
|
|t:|1782529745
|move|p2b: Tyranitar|Protect|p2b: Tyranitar
|-singleturn|p2b: Tyranitar|Protect
|move|p1a: Froslass|Blizzard|p2a: Excadrill|[spread] p2a
|-activate|p2b: Tyranitar|move: Protect
|-damage|p2a: Excadrill|0 fnt
|faint|p2a: Excadrill
|move|p1b: Garchomp|Stomping Tantrum|p2b: Tyranitar
|-activate|p2b: Tyranitar|move: Protect
|
|-weather|Snowscape|[upkeep]
|-sideend|p2: KarBot8|move: Tailwind
|-sideend|p1: testkaka|move: Tailwind
|upkeep
|
|t:|1782529754
|switch|p2a: Corviknight|Corviknight, L50, M, shiny|69/100
|turn|5
|
|t:|1782529766
|switch|p2b: Houndstone|Houndstone, L50, M, shiny|100/100
|move|p1a: Froslass|Blizzard|p2a: Corviknight|[spread] p2a,p2b
|-damage|p2a: Corviknight|26/100
|-damage|p2b: Houndstone|52/100
|move|p1b: Garchomp|Dragon Claw|p2a: Corviknight
|-resisted|p2a: Corviknight|1
|-damage|p2a: Corviknight|13/100
|move|p2a: Corviknight|Tailwind|p2a: Corviknight
|-sidestart|p2: KarBot8|move: Tailwind
|
|-weather|Snowscape|[upkeep]
|-heal|p2a: Corviknight|19/100|[from] item: Leftovers
|upkeep
|turn|6
|inactive|testkaka has 30 seconds left.
|
|t:|1782529792
|switch|p2a: Tyranitar|Tyranitar-Mega, L50, M, shiny|61/100
|-weather|Sandstorm|[from] ability: Sand Stream|[of] p2a: Tyranitar
|switch|p1a: Basculegion|Basculegion, L50, M|100/100
|move|p1b: Garchomp|Protect|p1b: Garchomp
|-singleturn|p1b: Garchomp|Protect
|move|p2b: Houndstone|Last Respects|p1a: Basculegion
|-supereffective|p1a: Basculegion|1
|-damage|p1a: Basculegion|17/100
|
|-weather|Sandstorm|[upkeep]
|-damage|p1a: Basculegion|11/100|[from] Sandstorm
|upkeep
|turn|7
|inactive|testkaka has 30 seconds left.
|inactive|KarBot8 has 30 seconds left.
|
|t:|1782529823
|move|p1a: Basculegion|Protect|p1a: Basculegion
|-singleturn|p1a: Basculegion|Protect
|move|p2b: Houndstone|Last Respects|p1a: Basculegion
|-activate|p1a: Basculegion|move: Protect
|move|p2a: Tyranitar|Knock Off|p1b: Garchomp
|-damage|p1b: Garchomp|0 fnt
|-damage|p2a: Tyranitar|49/100|[from] ability: Rough Skin|[of] p1b: Garchomp
|faint|p1b: Garchomp
|
|-weather|Sandstorm|[upkeep]
|-damage|p1a: Basculegion|5/100|[from] Sandstorm
|upkeep
|
|t:|1782529838
|switch|p1b: Froslass|Froslass-Mega, L50, F|94/100
|-weather|Snowscape|[from] ability: Snow Warning|[of] p1b: Froslass
|turn|8
|
|t:|1782529848
|switch|p2a: Corviknight|Corviknight, L50, M, shiny|19/100
|move|p1a: Basculegion|Aqua Jet|p2a: Corviknight
|-damage|p2a: Corviknight|0 fnt
|faint|p2a: Corviknight
|move|p2b: Houndstone|Last Respects|p1a: Basculegion
|-supereffective|p1a: Basculegion|1
|-damage|p1a: Basculegion|0 fnt
|faint|p1a: Basculegion
|move|p1b: Froslass|Blizzard|p2b: Houndstone
|-damage|p2b: Houndstone|0 fnt
|faint|p2b: Houndstone
|
|-weather|Snowscape|[upkeep]
|-sideend|p2: KarBot8|move: Tailwind
|upkeep
|
|t:|1782529850
|switch|p2b: Tyranitar|Tyranitar-Mega, L50, M, shiny|49/100
|-weather|Sandstorm|[from] ability: Sand Stream|[of] p2b: Tyranitar
|turn|9
|
|t:|1782529868
|move|p1b: Froslass|Blizzard|p2b: Tyranitar|[miss]
|-miss|p1b: Froslass|p2b: Tyranitar
|move|p2b: Tyranitar|Knock Off|p1b: Froslass
|-supereffective|p1b: Froslass|1
|-damage|p1b: Froslass|0 fnt
|faint|p1b: Froslass
|
|win|KarBot8
||testkaka is ready for game 3.
||KarBot8 is ready for game 3.
|uhtml|next|Next: Game 3 of 3
