|j|вҳҶkuoji гғғ
|j|вҳҶpufferfish209
|html|kuoji гғғpufferfish209    
|uhtml|bestof|Game 3 of a best-of-3
|t:|1782180901
|gametype|doubles
|player|p1|kuoji гғғ|argenta|
|player|p2|pufferfish209|byron|
|gen|9
|tier|[Gen 9 Champions] VGC 2026 Reg M-B (Bo3)
|rule|Species Clause: Limit one of each PokГ©mon
|rule|Item Clause: Limit 1 of each item
|clearpoke
|poke|p1|Garchomp, L50, F|
|poke|p1|Gholdengo, L50|
|poke|p1|Delphox, L50, F|
|poke|p1|Whimsicott, L50, F|
|poke|p1|Staraptor, L50, F|
|poke|p1|Sinistcha, L50|
|poke|p2|Kingambit, L50, F, shiny|
|poke|p2|Sylveon, L50, M, shiny|
|poke|p2|Scovillain, L50, M|
|poke|p2|Basculegion, L50, M, shiny|
|poke|p2|Aerodactyl, L50, F|
|poke|p2|Garchomp, L50, F|
|teampreview|4
|showteam|p1|Garchomp||FocusSash|RoughSkin|Earthquake,Protect,RockSlide,DragonClaw|Jolly||F|||50|]Gholdengo||LifeOrb|GoodasGold|MakeItRain,ShadowBall,NastyPlot,Protect|Timid|||||50|]Delphox||Delphoxite|Blaze|NastyPlot,Psychic,HeatWave,Protect|Timid||F|||50|]Whimsicott||KebiaBerry|Prankster|Charm,Encore,Tailwind,Moonblast|Bold||F|||50|]Staraptor||Staraptite|Intimidate|CloseCombat,BraveBird,Roost,Protect|Adamant||F|||50|]Sinistcha||ColburBerry|Hospitality|RagePowder,TrickRoom,LifeDew,Imprison|Bold|||||50|
|showteam|p2|Kingambit||FocusSash|Defiant|KowtowCleave,LowKick,IronHead,SuckerPunch|Adamant||F|||50|]Sylveon||FairyFeather|Pixilate|HyperBeam,HyperVoice,QuickAttack,Detect|Modest||M|||50|]Scovillain||Scovillainite|Moody|Overheat,LeechSeed,RagePowder,Protect|Calm||M|||50|]Basculegion||ChoiceScarf|Adaptability|WaveCrash,LastRespects,FlipTurn,AquaJet|Jolly||M|||50|]Aerodactyl||Aerodactylite|Unnerve|RockSlide,DualWingbeat,Tailwind,Protect|Jolly||F|||50|]Garchomp||SitrusBerry|RoughSkin|Protect,PoisonJab,Earthquake,DragonClaw|Adamant||F|||50|
|
|t:|1782180925
|teamsize|p1|4
|teamsize|p2|4
|start
|switch|p1a: гӮөгғјгғ•гӮҙгғј|Gholdengo, L50|100/100
|switch|p1b: гӮЁгғ«гғ•гғјгғі|Whimsicott, L50, F|100/100
|switch|p2a: Kingambit|Kingambit, L50, F, shiny|100/100
|switch|p2b: Sylveon|Sylveon, L50, M, shiny|100/100
|turn|1
|
|t:|1782180949
|switch|p2b: Basculegion|Basculegion, L50, M, shiny|100/100
|move|p1b: гӮЁгғ«гғ•гғјгғі|Tailwind|p1b: гӮЁгғ«гғ•гғјгғі
|-sidestart|p1: kuoji гғғ|move: Tailwind
|move|p2a: Kingambit|Sucker Punch||[still]
|-fail|p2a: Kingambit
|move|p1a: гӮөгғјгғ•гӮҙгғј|Nasty Plot|p1a: гӮөгғјгғ•гӮҙгғј
|-boost|p1a: гӮөгғјгғ•гӮҙгғј|spa|2
|
|upkeep
|turn|2
|
|t:|1782180983
|move|p1a: гӮөгғјгғ•гӮҙгғј|Protect|p1a: гӮөгғјгғ•гӮҙгғј
|-singleturn|p1a: гӮөгғјгғ•гӮҙгғј|Protect
|move|p1b: гӮЁгғ«гғ•гғјгғі|Charm|p2b: Basculegion
|-unboost|p2b: Basculegion|atk|2
|move|p2b: Basculegion|Flip Turn|p1b: гӮЁгғ«гғ•гғјгғі
|-resisted|p1b: гӮЁгғ«гғ•гғјгғі|1
|-damage|p1b: гӮЁгғ«гғ•гғјгғі|90/100
|
|t:|1782180991
|switch|p2b: Aerodactyl|Aerodactyl, L50, F|100/100|[from] Flip Turn
|-ability|p2b: Aerodactyl|Unnerve
|move|p2a: Kingambit|Kowtow Cleave|p1a: гӮөгғјгғ•гӮҙгғј
|-activate|p1a: гӮөгғјгғ•гӮҙгғј|move: Protect
|
|upkeep
|turn|3
|
|t:|1782181012
|detailschange|p2b: Aerodactyl|Aerodactyl-Mega, L50, F
|-mega|p2b: Aerodactyl|Aerodactyl|Aerodactylite
|move|p2a: Kingambit|Sucker Punch||[still]
|-fail|p2a: Kingambit
|move|p1b: гӮЁгғ«гғ•гғјгғі|Moonblast|p2b: Aerodactyl
|-damage|p2b: Aerodactyl|74/100
|move|p1a: гӮөгғјгғ•гӮҙгғј|Nasty Plot|p1a: гӮөгғјгғ•гӮҙгғј
|-boost|p1a: гӮөгғјгғ•гӮҙгғј|spa|2
|move|p2b: Aerodactyl|Tailwind|p2b: Aerodactyl
|-sidestart|p2: pufferfish209|move: Tailwind
|
|upkeep
|turn|4
|
|t:|1782181035
|move|p1b: гӮЁгғ«гғ•гғјгғі|Encore|p2b: Aerodactyl
|-start|p2b: Aerodactyl|Encore
|move|p2b: Aerodactyl|Tailwind||[still]
|-fail|p2b: Aerodactyl
|move|p1a: гӮөгғјгғ•гӮҙгғј|Make It Rain|p2a: Kingambit|[spread] p2a,p2b
|-resisted|p2a: Kingambit|1
|-supereffective|p2b: Aerodactyl|1
|-damage|p2a: Kingambit|7/100
|-damage|p2b: Aerodactyl|0 fnt
|-unboost|p1a: гӮөгғјгғ•гӮҙгғј|spa|2
|faint|p2b: Aerodactyl
|-damage|p1a: гӮөгғјгғ•гӮҙгғј|90/100|[from] item: Life Orb
|move|p2a: Kingambit|Kowtow Cleave|p1a: гӮөгғјгғ•гӮҙгғј
|-supereffective|p1a: гӮөгғјгғ•гӮҙгғј|1
|-damage|p1a: гӮөгғјгғ•гӮҙгғј|0 fnt
|faint|p1a: гӮөгғјгғ•гӮҙгғј
|
|-sideend|p1: kuoji гғғ|move: Tailwind
|upkeep
|
|t:|1782181050
|switch|p2b: Basculegion|Basculegion, L50, M, shiny|100/100
|switch|p1a: гғһгғ•гӮ©гӮҜгӮ·гғј|Delphox, L50, F|100/100
|turn|5
|
|t:|1782181067
|switch|p1a: гӮ¬гғ–гғӘгӮўгӮ№|Garchomp, L50, F|100/100
|move|p2a: Kingambit|Sucker Punch||[still]
|-fail|p2a: Kingambit
|move|p1b: гӮЁгғ«гғ•гғјгғі|Charm|p2b: Basculegion
|-unboost|p2b: Basculegion|atk|2
|move|p2b: Basculegion|Flip Turn|p1b: гӮЁгғ«гғ•гғјгғі
|-resisted|p1b: гӮЁгғ«гғ•гғјгғі|1
|-damage|p1b: гӮЁгғ«гғ•гғјгғі|80/100
|c|вҳҶkuoji гғғ|outplayed btw
|
|t:|1782181077
|switch|p2b: Sylveon|Sylveon, L50, M, shiny|100/100|[from] Flip Turn
|
|upkeep
|turn|6
|
|t:|1782181089
|move|p1b: гӮЁгғ«гғ•гғјгғі|Tailwind|p1b: гӮЁгғ«гғ•гғјгғі
|-sidestart|p1: kuoji гғғ|move: Tailwind
|move|p1a: гӮ¬гғ–гғӘгӮўгӮ№|Earthquake|p2a: Kingambit|[spread] p1b,p2a,p2b
|-resisted|p1b: гӮЁгғ«гғ•гғјгғі|1
|-supereffective|p2a: Kingambit|1
|-damage|p1b: гӮЁгғ«гғ•гғјгғі|62/100
|-damage|p2a: Kingambit|0 fnt
|-damage|p2b: Sylveon|45/100
|faint|p2a: Kingambit
|move|p2b: Sylveon|Hyper Voice|p1a: гӮ¬гғ–гғӘгӮўгӮ№|[spread] p1a,p1b
|-supereffective|p1a: гӮ¬гғ–гғӘгӮўгӮ№|1
|-enditem|p1a: гӮ¬гғ–гғӘгӮўгӮ№|Focus Sash
|-damage|p1a: гӮ¬гғ–гғӘгӮўгӮ№|1/100
|-damage|p1b: гӮЁгғ«гғ•гғјгғі|0 fnt
|faint|p1b: гӮЁгғ«гғ•гғјгғі
|
|-sideend|p2: pufferfish209|move: Tailwind
|upkeep
|c|вҳҶkuoji гғғ|omg
|c|вҳҶkuoji гғғ|chomp
|c|вҳҶkuoji гғғ|ur crazy
|
|t:|1782181102
|switch|p1b: гғһгғ•гӮ©гӮҜгӮ·гғј|Delphox, L50, F|100/100
|switch|p2a: Basculegion|Basculegion, L50, M, shiny|100/100
|turn|7
|
|t:|1782181115
|detailschange|p1b: гғһгғ•гӮ©гӮҜгӮ·гғј|Delphox-Mega, L50, F
|-mega|p1b: гғһгғ•гӮ©гӮҜгӮ·гғј|Delphox|Delphoxite
|move|p2a: Basculegion|Aqua Jet|p1b: гғһгғ•гӮ©гӮҜгӮ·гғј
|-supereffective|p1b: гғһгғ•гӮ©гӮҜгӮ·гғј|1
|-damage|p1b: гғһгғ•гӮ©гӮҜгӮ·гғј|32/100
|move|p2b: Sylveon|Quick Attack|p1a: гӮ¬гғ–гғӘгӮўгӮ№
|-supereffective|p1a: гӮ¬гғ–гғӘгӮўгӮ№|1
|-damage|p1a: гӮ¬гғ–гғӘгӮўгӮ№|0 fnt
|-damage|p2b: Sylveon|33/100|[from] ability: Rough Skin|[of] p1a: гӮ¬гғ–гғӘгӮўгӮ№
|faint|p1a: гӮ¬гғ–гғӘгӮўгӮ№
|move|p1b: гғһгғ•гӮ©гӮҜгӮ·гғј|Psychic|p2a: Basculegion
|-damage|p2a: Basculegion|37/100
|-unboost|p2a: Basculegion|spd|1
|
|upkeep
|turn|8
|c|вҳҶkuoji гғғ|nooo
|c|вҳҶkuoji гғғ|gg
|c|вҳҶpufferfish209|gg
|
|t:|1782181137
|move|p2a: Basculegion|Aqua Jet|p1b: гғһгғ•гӮ©гӮҜгӮ·гғј
|-supereffective|p1b: гғһгғ•гӮ©гӮҜгӮ·гғј|1
|-damage|p1b: гғһгғ•гӮ©гӮҜгӮ·гғј|0 fnt
|faint|p1b: гғһгғ•гӮ©гӮҜгӮ·гғј
|
|win|pufferfish209
