|j|☆Link6166
|j|☆Biboom
|html|Link6166Biboom    
|uhtml|bestof|Game 1 of a best-of-3
|t:|1782706355
|gametype|doubles
|player|p1|Link6166|102|
|player|p2|Biboom|swimmer-gen4dp|
|gen|9
|tier|[Gen 9 Champions] VGC 2026 Reg M-B (Bo3)
|rule|Species Clause: Limit one of each Pokémon
|rule|Item Clause: Limit 1 of each item
|clearpoke
|poke|p1|Meganium, L50, M|
|poke|p1|Farigiraf, L50, F|
|poke|p1|Golurk, L50|
|poke|p1|Dragapult, L50, F|
|poke|p1|Ditto, L50|
|poke|p1|Tyranitar, L50, F|
|poke|p2|Garchomp, L50, M|
|poke|p2|Incineroar, L50, F|
|poke|p2|Klefki, L50, M|
|poke|p2|Sneasler, L50, F|
|poke|p2|Skarmory, L50, M|
|poke|p2|Ninetales, L50, F|
|teampreview|4
|showteam|p1|Meganium||Meganiumite|Overgrow|SolarBeam,WeatherBall,Synthesis,Protect|Modest||M|||50|]Farigiraf||MentalHerb|ArmorTail|TrickRoom,HelpingHand,PsychicNoise,Imprison|Sassy||F|||50|]Golurk||Golurkite|NoGuard|HighHorsepower,ShadowPunch,CloseCombat,Protect|Brave|||||50|]Dragapult||FocusSash|Infiltrator|DragonDarts,ShadowBall,WillOWisp,Protect|Timid||F|||50|]Ditto||ChoiceScarf|Imposter|Transform|Relaxed|||||50|]Tyranitar||ChopleBerry|SandStream|RockSlide,Crunch,IcePunch,StompingTantrum|Adamant||F|||50|
|showteam|p2|Garchomp||ExpertBelt|RoughSkin|Earthquake,DragonClaw,RockSlide,Protect|Jolly||M|||50|]Incineroar||SitrusBerry|Intimidate|FakeOut,ThroatChop,PartingShot,FlareBlitz|Careful||F|||50|]Klefki||MentalHerb|Prankster|LightScreen,TrickRoom,Reflect,DazzlingGleam|Calm||M|||50|]Sneasler||WhiteHerb|Unburden|CloseCombat,DireClaw,FakeOut,Protect|Jolly||F|||50|]Skarmory||Skarmorite|Sturdy|BraveBird,IronHead,SwordsDance,Protect|Jolly||M|||50|]Ninetales||Charcoal|Drought|Protect,HeatWave,SolarBeam,Encore|Timid||F|||50|
|j| PorygonTheBot
|c| PorygonTheBot|y'all are stupid
|
|t:|1782706643
|teamsize|p1|4
|teamsize|p2|4
|start
|switch|p1a: Meganium|Meganium, L50, M|100/100
|switch|p1b: Farigiraf|Farigiraf, L50, F|100/100
|switch|p2a: Gata Michu Michu|Sneasler, L50, F|100/100
|switch|p2b: Tigre Tony|Incineroar, L50, F|100/100
|-ability|p2b: Tigre Tony|Intimidate|boost
|-unboost|p1a: Meganium|atk|1
|-unboost|p1b: Farigiraf|atk|1
|turn|1
|j| EGG_dude
|c| EGG_dude|x2 porygon
|
|t:|1782706786
|switch|p2a: Don Pusa|Skarmory, L50, M|100/100
|detailschange|p1a: Meganium|Meganium-Mega, L50, M
|-mega|p1a: Meganium|Meganium|Meganiumite
|move|p1a: Meganium|Weather Ball|p2b: Tigre Tony
|-resisted|p2b: Tigre Tony|1
|-damage|p2b: Tigre Tony|77/100
|move|p2b: Tigre Tony|Throat Chop|p1b: Farigiraf
|-supereffective|p1b: Farigiraf|1
|-damage|p1b: Farigiraf|33/100
|-start|p1b: Farigiraf|Throat Chop|[silent]
|cant|p1b: Farigiraf|move: Throat Chop
|
|upkeep
|turn|2
|c| EGG_dude|hoooooooooooooo
|c| EGG_dude|el tech de throat chop
|c|☆Biboom|jia
|
|t:|1782706865
|switch|p1b: Golurk|Golurk, L50|100/100
|detailschange|p2a: Don Pusa|Skarmory-Mega, L50, M
|-mega|p2a: Don Pusa|Skarmory|Skarmorite
|move|p1a: Meganium|Protect|p1a: Meganium
|-singleturn|p1a: Meganium|Protect
|move|p2a: Don Pusa|Brave Bird|p1a: Meganium
|-activate|p1a: Meganium|move: Protect
|move|p2b: Tigre Tony|Throat Chop|p1b: Golurk
|-supereffective|p1b: Golurk|1
|-damage|p1b: Golurk|35/100
|-start|p1b: Golurk|Throat Chop|[silent]
|
|upkeep
|turn|3
|c| EGG_dude|solo a recibir verga
|c| EGG_dude|entro ese golurk
|
|t:|1782706995
|move|p2a: Don Pusa|Brave Bird|p1a: Meganium
|-supereffective|p1a: Meganium|1
|-crit|p1a: Meganium
|-damage|p1a: Meganium|0 fnt
|faint|p1a: Meganium
|-damage|p2a: Don Pusa|57/100|[from] Recoil
|move|p2b: Tigre Tony|Throat Chop|p1b: Golurk
|-supereffective|p1b: Golurk|1
|-damage|p1b: Golurk|0 fnt
|faint|p1b: Golurk
|
|upkeep
|
|t:|1782707005
|switch|p1a: Ditto|Ditto, L50|100/100
|switch|p1b: Farigiraf|Farigiraf, L50, F|33/100
|-transform|p1a: Ditto|p2b: Tigre Tony|[from] ability: Imposter
|-ability|p1a: Ditto|Intimidate|boost
|-unboost|p2a: Don Pusa|atk|1
|-unboost|p2b: Tigre Tony|atk|1
|turn|4
|
|t:|1782707099
|move|p2a: Don Pusa|Protect|p2a: Don Pusa
|-singleturn|p2a: Don Pusa|Protect
|move|p1a: Ditto|Fake Out|p2a: Don Pusa
|-activate|p2a: Don Pusa|move: Protect
|move|p2b: Tigre Tony|Throat Chop|p1b: Farigiraf
|-supereffective|p1b: Farigiraf|1
|-crit|p1b: Farigiraf
|-damage|p1b: Farigiraf|0 fnt
|faint|p1b: Farigiraf
|
|upkeep
|turn|5
|c| EGG_dude|close game
|c| EGG_dude|JAJAJA no habia visto los nicknames
|
|t:|1782707190
|move|p2a: Don Pusa|Brave Bird|p1a: Ditto
|-damage|p1a: Ditto|49/100
|-damage|p2a: Don Pusa|39/100|[from] Recoil
|-activate|p1a: Ditto|move: Struggle
|move|p1a: Ditto|Struggle|p2b: Tigre Tony
|-damage|p2b: Tigre Tony|67/100
|-damage|p1a: Ditto|24/100|[from] recoil
|move|p2b: Tigre Tony|Parting Shot|p1a: Ditto
|-unboost|p1a: Ditto|atk|1
|-unboost|p1a: Ditto|spa|1
|c| EGG_dude|JAJAJAJAJAJAJAAJAJAJA hiciste fake out con choice scarf
|
|t:|1782707214
|switch|p2b: Gata Michu Michu|Sneasler, L50, F|100/100|[from] Parting Shot
|
|upkeep
|turn|6
|
|t:|1782707229
|move|p2b: Gata Michu Michu|Close Combat|p1a: Ditto
|-supereffective|p1a: Ditto|1
|-damage|p1a: Ditto|0 fnt
|-unboost|p2b: Gata Michu Michu|def|1
|-unboost|p2b: Gata Michu Michu|spd|1
|faint|p1a: Ditto
|
|win|Biboom
