|j|☆mixxserenade
|j|☆mudkipc4
|html|mixxserenademudkipc4    
|uhtml|bestof|Game 2 of a best-of-3
|t:|1782667607
|gametype|doubles
|player|p1|mixxserenade|170|1000
|player|p2|mudkipc4|pokemaniac|1088
|gen|9
|tier|[Gen 9 Champions] VGC 2026 Reg M-B (Bo3)
|rated|
|rule|Species Clause: Limit one of each Pokémon
|rule|Item Clause: Limit 1 of each item
|clearpoke
|poke|p1|Floette-Eternal, L50, F|
|poke|p1|Whimsicott, L50, M|
|poke|p1|Basculegion, L50, M|
|poke|p1|Charizard, L50, M|
|poke|p1|Kingambit, L50, F|
|poke|p1|Garchomp, L50, M|
|poke|p2|Mawile, L50, M|
|poke|p2|Farigiraf, L50, M|
|poke|p2|Tyranitar, L50, F|
|poke|p2|Gengar, L50, M|
|poke|p2|Grimmsnarl, L50, M|
|poke|p2|Hydreigon, L50, M|
|teampreview|4
|showteam|p1|Floette-Eternal||Floettite|FlowerVeil|DazzlingGleam,Moonblast,LightofRuin,Protect|Timid||F|||50|]Whimsicott||FocusSash|Prankster|Moonblast,Encore,Tailwind,Protect|Timid||M|||50|]Basculegion||MysticWater|Adaptability|WaveCrash,AquaJet,LastRespects,Protect|Adamant||M|||50|]Charizard||CharizarditeY|Blaze|HeatWave,WeatherBall,SolarBeam,Protect|Modest||M|||50|]Kingambit||OccaBerry|Defiant|KowtowCleave,SuckerPunch,IronHead,Protect|Adamant||F|||50|]Garchomp||RoseliBerry|RoughSkin|Earthquake,DragonClaw,RockSlide,PoisonJab|Jolly||M|||50|
|showteam|p2|Mawile||Mawilite|Intimidate|PlayRough,IronHead,SuckerPunch,Protect|Brave||M|||50|]Farigiraf||SitrusBerry|ArmorTail|TrickRoom,Psychic,Protect,Imprison|Bold||M|||50|]Tyranitar||FocusSash|SandStream|RockSlide,BrickBreak,KnockOff,Protect|Adamant||F|||50|]Gengar||Gengarite|CursedBody|SludgeBomb,ShadowBall,Protect,WillOWisp|Timid||M|||50|]Grimmsnarl||LightClay|Prankster|FakeOut,PartingShot,Reflect,SpiritBreak|Impish||M|||50|]Hydreigon||ChoiceScarf|Levitate|DarkPulse,DracoMeteor,EarthPower,Snarl|Modest||M|||50|
|
|t:|1782667626
|teamsize|p1|4
|teamsize|p2|4
|start
|switch|p1a: Charizard|Charizard, L50, M|100/100
|switch|p1b: Kingambit|Kingambit, L50, F|100/100
|switch|p2a: Charybdis|Gengar, L50, M|100/100
|switch|p2b: Gorgon|Grimmsnarl, L50, M|100/100
|turn|1
|
|t:|1782667641
|detailschange|p2a: Charybdis|Gengar-Mega, L50, M
|-mega|p2a: Charybdis|Gengar|Gengarite
|detailschange|p1a: Charizard|Charizard-Mega-Y, L50, M
|-mega|p1a: Charizard|Charizard|Charizardite Y
|-weather|SunnyDay|[from] ability: Drought|[of] p1a: Charizard
|move|p2b: Gorgon|Fake Out|p1a: Charizard
|-damage|p1a: Charizard|83/100
|move|p2a: Charybdis|Will-O-Wisp|p1b: Kingambit
|-status|p1b: Kingambit|brn
|cant|p1a: Charizard|flinch
|move|p1b: Kingambit|Iron Head|p2b: Gorgon
|-supereffective|p2b: Gorgon|1
|-damage|p2b: Gorgon|66/100
|
|-weather|SunnyDay|[upkeep]
|-damage|p1b: Kingambit|94/100 brn|[from] brn
|upkeep
|turn|2
|
|t:|1782667661
|move|p2a: Charybdis|Protect|p2a: Charybdis
|-singleturn|p2a: Charybdis|Protect
|move|p2b: Gorgon|Parting Shot|p1a: Charizard
|-unboost|p1a: Charizard|atk|1
|-unboost|p1a: Charizard|spa|1
|
|t:|1782667665
|switch|p2b: Typhon|Tyranitar, L50, F|100/100|[from] Parting Shot
|-weather|Sandstorm|[from] ability: Sand Stream|[of] p2b: Typhon
|move|p1a: Charizard|Weather Ball|p2b: Typhon
|-damage|p2b: Typhon|85/100
|move|p1b: Kingambit|Iron Head|p2b: Typhon
|-supereffective|p2b: Typhon|1
|-damage|p2b: Typhon|53/100
|
|-weather|Sandstorm|[upkeep]
|-damage|p2a: Charybdis|94/100|[from] Sandstorm
|-damage|p1a: Charizard|77/100|[from] Sandstorm
|-damage|p1b: Kingambit|88/100 brn|[from] brn
|upkeep
|turn|3
|
|t:|1782667684
|switch|p2a: Gorgon|Grimmsnarl, L50, M|66/100
|move|p1a: Charizard|Protect|p1a: Charizard
|-singleturn|p1a: Charizard|Protect
|move|p1b: Kingambit|Sucker Punch||[still]
|-fail|p1b: Kingambit
|move|p2b: Typhon|Rock Slide|p1a: Charizard|[spread] p1b
|-activate|p1a: Charizard|move: Protect
|-resisted|p1b: Kingambit|1
|-damage|p1b: Kingambit|75/100 brn
|
|-weather|Sandstorm|[upkeep]
|-damage|p1a: Charizard|71/100|[from] Sandstorm
|-damage|p2a: Gorgon|60/100|[from] Sandstorm
|-damage|p1b: Kingambit|69/100 brn|[from] brn
|upkeep
|turn|4
|
|t:|1782667708
|switch|p1a: Floette|Floette-Eternal, L50, F|100/100
|move|p2b: Typhon|Brick Break|p1b: Kingambit
|-supereffective|p1b: Kingambit|2
|-damage|p1b: Kingambit|0 fnt
|faint|p1b: Kingambit
|move|p2a: Gorgon|Spirit Break|p1a: Floette
|-damage|p1a: Floette|53/100
|-unboost|p1a: Floette|spa|1
|
|-weather|Sandstorm|[upkeep]
|-damage|p1a: Floette|47/100|[from] Sandstorm
|-damage|p2a: Gorgon|54/100|[from] Sandstorm
|upkeep
|
|t:|1782667720
|switch|p1b: Basculegion|Basculegion, L50, M|100/100
|turn|5
|
|t:|1782667728
|switch|p2b: Chimera|Farigiraf, L50, M|100/100
|move|p1b: Basculegion|Aqua Jet||[still]
|cant|p2b: Chimera|ability: Armor Tail|Aqua Jet|[of] p1b: Basculegion
|move|p2a: Gorgon|Parting Shot|p1b: Basculegion
|-unboost|p1b: Basculegion|atk|1
|-unboost|p1b: Basculegion|spa|1
|
|t:|1782667735
|switch|p2a: Typhon|Tyranitar, L50, F|53/100|[from] Parting Shot
|move|p1a: Floette|Dazzling Gleam|p2a: Typhon|[spread] p2a,p2b
|-supereffective|p2a: Typhon|1
|-damage|p2a: Typhon|34/100
|-damage|p2b: Chimera|83/100
|
|-weather|Sandstorm|[upkeep]
|-damage|p1a: Floette|41/100|[from] Sandstorm
|-damage|p1b: Basculegion|93/100|[from] Sandstorm
|-damage|p2b: Chimera|76/100|[from] Sandstorm
|upkeep
|turn|6
|
|t:|1782667755
|move|p1b: Basculegion|Protect|p1b: Basculegion
|-singleturn|p1b: Basculegion|Protect
|move|p2a: Typhon|Protect|p2a: Typhon
|-singleturn|p2a: Typhon|Protect
|move|p1a: Floette|Light of Ruin|p2a: Typhon
|-activate|p2a: Typhon|move: Protect
|move|p2b: Chimera|Trick Room|p2b: Chimera
|-fieldstart|move: Trick Room|[of] p2b: Chimera
|
|-weather|none
|upkeep
|turn|7
|
|t:|1782667771
|move|p1b: Basculegion|Aqua Jet||[still]
|cant|p2b: Chimera|ability: Armor Tail|Aqua Jet|[of] p1b: Basculegion
|move|p2b: Chimera|Psychic|p1a: Floette
|-damage|p1a: Floette|5/100
|move|p2a: Typhon|Rock Slide|p1b: Basculegion|[spread] p1a,p1b
|-damage|p1a: Floette|0 fnt
|-damage|p1b: Basculegion|48/100
|faint|p1a: Floette
|
|upkeep
|
|t:|1782667780
|switch|p1a: Charizard|Charizard-Mega-Y, L50, M|71/100
|-weather|SunnyDay|[from] ability: Drought|[of] p1a: Charizard
|turn|8
|c|☆mudkipc4|ggswp
|
|t:|1782667793
|move|p2b: Chimera|Psychic|p1b: Basculegion
|-damage|p1b: Basculegion|5/100
|move|p2a: Typhon|Rock Slide|p1a: Charizard|[spread] p1a,p1b
|-supereffective|p1a: Charizard|2
|-damage|p1a: Charizard|0 fnt
|-damage|p1b: Basculegion|0 fnt
|faint|p1a: Charizard
|faint|p1b: Basculegion
|
|win|mudkipc4
|raw|mixxserenade's rating: 1000 → 1000(+0 for losing)
|raw|mudkipc4's rating: 1088 → 1108(+20 for winning)
