|j|☆ropplebees
|j|☆upfrontsalt
|html|ropplebeesupfrontsalt    
|uhtml|bestof|Game 1 of a best-of-3
|t:|1783300451
|gametype|doubles
|player|p1|ropplebees|n|
|player|p2|upfrontsalt|wattson|
|gen|9
|tier|[Gen 9 Champions] VGC 2026 Reg M-B (Bo3)
|rule|Species Clause: Limit one of each Pokémon
|rule|Item Clause: Limit 1 of each item
|clearpoke
|poke|p1|Charizard, L50, F, shiny|
|poke|p1|Blastoise, L50, F, shiny|
|poke|p1|Garchomp, L50, F, shiny|
|poke|p1|Krookodile, L50, F, shiny|
|poke|p1|Aerodactyl, L50, F, shiny|
|poke|p1|Rotom-Wash, L50, shiny|
|poke|p2|Primarina, L50, M|
|poke|p2|Lucario, L50, M|
|poke|p2|Goodra-Hisui, L50, M, shiny|
|poke|p2|Sandaconda, L50, F, shiny|
|poke|p2|Sinistcha, L50|
|poke|p2|Hydreigon, L50, M, shiny|
|teampreview|4
|showteam|p1|Charizard||CharizarditeY|Blaze|HeatWave,AncientPower,SolarBeam,Protect|Timid||F|||50|]Blastoise||Blastoisinite|Torrent|FakeOut,WaterSpout,AuraSphere,IcyWind|Modest||F|||50|]Garchomp||LifeOrb|RoughSkin|StompingTantrum,DragonClaw,PoisonJab,Protect|Jolly||F|||50|]Krookodile||ExpertBelt|Intimidate|KnockOff,HighHorsepower,GunkShot,Protect|Jolly||F|||50|]Aerodactyl||FocusSash|Unnerve|WideGuard,Tailwind,RockSlide,Earthquake|Jolly||F|||50|]Rotom-Wash||LightClay|Levitate|Electroweb,VoltSwitch,HydroPump,LightScreen|Modest|||||50|
|showteam|p2|Primarina||ExpertBelt|LiquidVoice|HyperVoice,Moonblast,EnergyBall,Protect|Modest||M|||50|]Lucario||Lucarionite|Justified|CloseCombat,RockSlide,Protect,BulletPunch|Jolly||M|||50|]Goodra-Hisui||SitrusBerry|Gooey|Feint,IceBeam,DracoMeteor,Counter|Modest||M|||50|]Sandaconda||Leftovers|SandSpit|HighHorsepower,Coil,BodyPress,RockBlast|Careful||F|||50|]Sinistcha||OccaBerry|Hospitality|MatchaGotcha,ShadowBall,RagePowder,Protect|Calm|||||50|]Hydreigon||ChoiceScarf|Levitate|Flamethrower,DracoMeteor,DarkPulse,Uturn|Modest||M|||50|
|c|☆upfrontsalt|Ancient Power? Im so freaking scared
|j| Whim5
|j| Moose32
|
|t:|1783300898
|teamsize|p1|4
|teamsize|p2|4
|start
|switch|p1a: Idle Death Gamble|Aerodactyl, L50, F, shiny|100/100
|switch|p1b: CaptivatingSkandha|Blastoise, L50, F, shiny|100/100
|switch|p2a: Punch Merchant|Lucario, L50, M|100/100
|switch|p2b: Address Me|Sandaconda, L50, F, shiny|100/100
|-ability|p1a: Idle Death Gamble|Unnerve
|turn|1
|j| mundie mudsnapper
|
|t:|1783301135
|detailschange|p2a: Punch Merchant|Lucario-Mega, L50, M
|-mega|p2a: Punch Merchant|Lucario|Lucarionite
|detailschange|p1b: CaptivatingSkandha|Blastoise-Mega, L50, F, shiny
|-mega|p1b: CaptivatingSkandha|Blastoise|Blastoisinite
|move|p2a: Punch Merchant|Protect|p2a: Punch Merchant
|-singleturn|p2a: Punch Merchant|Protect
|move|p1a: Idle Death Gamble|Tailwind|p1a: Idle Death Gamble
|-sidestart|p1: ropplebees|move: Tailwind
|move|p1b: CaptivatingSkandha|Water Spout|p2a: Punch Merchant|[spread] p2b
|-activate|p2a: Punch Merchant|move: Protect
|-supereffective|p2b: Address Me|1
|-damage|p2b: Address Me|0 fnt
|-weather|Sandstorm|[from] ability: Sand Spit|[of] p2b: Address Me
|faint|p2b: Address Me
|
|-weather|Sandstorm|[upkeep]
|-damage|p1b: CaptivatingSkandha|94/100|[from] Sandstorm
|upkeep
|
|t:|1783301232
|switch|p2b: NANOYO|Primarina, L50, M|100/100
|turn|2
|
|t:|1783301401
|switch|p2a: Fruit Punch|Sinistcha, L50|100/100
|move|p2b: NANOYO|Protect|p2b: NANOYO
|-singleturn|p2b: NANOYO|Protect
|move|p1a: Idle Death Gamble|Rock Slide|p2b: NANOYO|[spread] p2a
|-activate|p2b: NANOYO|move: Protect
|-damage|p2a: Fruit Punch|78/100
|move|p1b: CaptivatingSkandha|Water Spout|p2b: NANOYO|[spread] p2a
|-activate|p2b: NANOYO|move: Protect
|-resisted|p2a: Fruit Punch|1
|-damage|p2a: Fruit Punch|52/100
|
|-weather|Sandstorm|[upkeep]
|-damage|p1b: CaptivatingSkandha|88/100|[from] Sandstorm
|-damage|p2a: Fruit Punch|46/100|[from] Sandstorm
|-damage|p2b: NANOYO|94/100|[from] Sandstorm
|upkeep
|turn|3
|
|t:|1783301625
|move|p2a: Fruit Punch|Protect|p2a: Fruit Punch
|-singleturn|p2a: Fruit Punch|Protect
|move|p1a: Idle Death Gamble|Rock Slide|p2a: Fruit Punch|[spread] p2b
|-activate|p2a: Fruit Punch|move: Protect
|-damage|p2b: NANOYO|61/100
|move|p1b: CaptivatingSkandha|Icy Wind|p2a: Fruit Punch|[spread] p2b
|-activate|p2a: Fruit Punch|move: Protect
|-resisted|p2b: NANOYO|1
|-damage|p2b: NANOYO|54/100
|-unboost|p2b: NANOYO|spe|1
|move|p2b: NANOYO|Hyper Voice|p1a: Idle Death Gamble|[spread] p1a,p1b
|-supereffective|p1a: Idle Death Gamble|1
|-resisted|p1b: CaptivatingSkandha|1
|-damage|p1a: Idle Death Gamble|11/100
|-damage|p1b: CaptivatingSkandha|71/100
|
|-weather|Sandstorm|[upkeep]
|-damage|p1b: CaptivatingSkandha|65/100|[from] Sandstorm
|-damage|p2a: Fruit Punch|39/100|[from] Sandstorm
|-damage|p2b: NANOYO|48/100|[from] Sandstorm
|upkeep
|turn|4
|
|t:|1783301689
|move|p2b: NANOYO|Protect|p2b: NANOYO
|-singleturn|p2b: NANOYO|Protect
|move|p1a: Idle Death Gamble|Rock Slide|p2a: Fruit Punch|[spread] p2a
|-activate|p2b: NANOYO|move: Protect
|-damage|p2a: Fruit Punch|17/100
|move|p1b: CaptivatingSkandha|Icy Wind|p2a: Fruit Punch|[spread] p2a
|-activate|p2b: NANOYO|move: Protect
|-supereffective|p2a: Fruit Punch|1
|-damage|p2a: Fruit Punch|0 fnt
|faint|p2a: Fruit Punch
|
|-weather|Sandstorm|[upkeep]
|-damage|p1b: CaptivatingSkandha|59/100|[from] Sandstorm
|-damage|p2b: NANOYO|42/100|[from] Sandstorm
|-sideend|p1: ropplebees|move: Tailwind
|upkeep
|
|t:|1783301703
|switch|p2a: Punch Merchant|Lucario-Mega, L50, M|100/100
|turn|5
|
|t:|1783301774
|move|p2a: Punch Merchant|Bullet Punch|p1a: Idle Death Gamble
|-supereffective|p1a: Idle Death Gamble|1
|-damage|p1a: Idle Death Gamble|0 fnt
|faint|p1a: Idle Death Gamble
|move|p1b: CaptivatingSkandha|Icy Wind|p2a: Punch Merchant|[spread] p2a,p2b
|-resisted|p2a: Punch Merchant|1
|-resisted|p2b: NANOYO|1
|-damage|p2a: Punch Merchant|85/100
|-damage|p2b: NANOYO|35/100
|-unboost|p2a: Punch Merchant|spe|1
|-unboost|p2b: NANOYO|spe|1
|move|p2b: NANOYO|Energy Ball|p1b: CaptivatingSkandha
|-supereffective|p1b: CaptivatingSkandha|1
|-damage|p1b: CaptivatingSkandha|0 fnt
|faint|p1b: CaptivatingSkandha
|
|-weather|none
|upkeep
|
|t:|1783301788
|switch|p1a: Malevolent Shrine|Garchomp, L50, F, shiny|100/100
|switch|p1b: IronMountainCoffin|Charizard, L50, F, shiny|100/100
|turn|6
|
|t:|1783301957
|move|p2b: NANOYO|Protect|p2b: NANOYO
|-singleturn|p2b: NANOYO|Protect
|move|p1a: Malevolent Shrine|Poison Jab|p2b: NANOYO
|-activate|p2b: NANOYO|move: Protect
|move|p1b: IronMountainCoffin|Heat Wave|p2b: NANOYO|[spread] p2a
|-activate|p2b: NANOYO|move: Protect
|-supereffective|p2a: Punch Merchant|1
|-damage|p2a: Punch Merchant|0 fnt
|faint|p2a: Punch Merchant
|
|upkeep
|turn|7
|c|☆upfrontsalt|damn
|
|t:|1783301980
|move|p1a: Malevolent Shrine|Poison Jab|p2b: NANOYO
|-supereffective|p2b: NANOYO|1
|-damage|p2b: NANOYO|0 fnt
|faint|p2b: NANOYO
|-damage|p1a: Malevolent Shrine|90/100|[from] item: Life Orb
|
|win|ropplebees
|c| Whim5|ggs
|c|☆upfrontsalt|gg
|c|☆ropplebees|ggs!
||upfrontsalt is ready for game 2.
|inactive|ropplebees has 30 seconds to confirm battle start!
|c| Whim5|no hollow wicker basket 🥀
