|j|☆taytayla
|j|☆Hadrian1917
|html|taytaylaHadrian1917    
|uhtml|bestof|Game 2 of a best-of-3
|t:|1757111359
|gametype|doubles
|player|p1|taytayla|lady|1224
|player|p2|Hadrian1917|169|1156
|gen|9
|tier|[Gen 9] VGC 2025 Reg H (Bo3)
|rated|
|rule|Species Clause: Limit one of each Pokémon
|rule|Item Clause: Limit 1 of each item
|clearpoke
|poke|p1|Arcanine-Hisui, L50, M|
|poke|p1|Ninetales-Alola, L50, M|
|poke|p1|Gholdengo, L50|
|poke|p1|Sneasler, L50, F|
|poke|p1|Rillaboom, L50, M|
|poke|p1|Dragonite, L50, F|
|poke|p2|Dragonite, L50, M|
|poke|p2|Ursaluna-Bloodmoon, L50, M|
|poke|p2|Gholdengo, L50|
|poke|p2|Maushold-Four, L50|
|poke|p2|Annihilape, L50, F|
|poke|p2|Rillaboom, L50, M|
|teampreview|4
|showteam|p1|Arcanine-Hisui||ClearAmulet|Intimidate|FlareBlitz,RockSlide,Protect,ExtremeSpeed|||M|||50|,,,,,Water]Ninetales-Alola||FocusSash|SnowWarning|Blizzard,IcyWind,AuroraVeil,Encore|||M|||50|,,,,,Ghost]Gholdengo||GrassySeed|GoodasGold|MakeItRain,NastyPlot,ShadowBall,Protect||||||50|,,,,,Water]Sneasler||WhiteHerb|Unburden|DireClaw,CloseCombat,Coaching,Protect|||F|||50|,,,,,Ghost]Rillaboom||AssaultVest|GrassySurge|FakeOut,DrumBeating,HighHorsepower,GrassyGlide|||M|||50|,,,,,Fire]Dragonite||LoadedDice|Multiscale|ScaleShot,Protect,StompingTantrum,Tailwind|||F|||50|,,,,,Ground
|showteam|p2|Dragonite||LoadedDice|Multiscale|ScaleShot,Tailwind,Haze,Protect|||M|||50|,,,,,Fairy]Ursaluna-Bloodmoon||AssaultVest|MindsEye|BloodMoon,EarthPower,HyperVoice,VacuumWave|||M|||50|,,,,,Water]Gholdengo||LifeOrb|GoodasGold|MakeItRain,ShadowBall,NastyPlot,Protect||||||50|,,,,,Dragon]Maushold-Four||FocusSash|FriendGuard|Taunt,FollowMe,BeatUp,Protect||||||50|,,,,,Ghost]Annihilape||SitrusBerry|Defiant|RageFist,DrainPunch,BulkUp,Protect|||F|||50|,,,,,Fire]Rillaboom||MiracleSeed|GrassySurge|WoodHammer,GrassyGlide,HighHorsepower,FakeOut|||M|||50|,,,,,Fire
|inactive|Battle timer is ON: inactive players will automatically lose when time's up. (requested by taytayla)
|inactive|taytayla has 60 seconds left.
|inactive|Hadrian1917 has 60 seconds left.
|
|t:|1757111416
|teamsize|p1|4
|teamsize|p2|4
|start
|switch|p1a: Ninetales|Ninetales-Alola, L50, M|100/100
|switch|p1b: Gholdengo|Gholdengo, L50|100/100
|switch|p2a: Dragonite|Dragonite, L50, M, shiny|100/100
|switch|p2b: Maushold|Maushold-Four, L50, shiny|100/100
|-weather|Snowscape|[from] ability: Snow Warning|[of] p1a: Ninetales
|turn|1
|
|t:|1757111439
|move|p2b: Maushold|Taunt|p1a: Ninetales
|-start|p1a: Ninetales|move: Taunt
|cant|p1a: Ninetales|move: Taunt|Aurora Veil
|move|p1b: Gholdengo|Nasty Plot|p1b: Gholdengo
|-boost|p1b: Gholdengo|spa|2
|move|p2a: Dragonite|Scale Shot|p1b: Gholdengo
|-resisted|p1b: Gholdengo
|-damage|p1b: Gholdengo|91/100
|-resisted|p1b: Gholdengo
|-damage|p1b: Gholdengo|83/100
|-resisted|p1b: Gholdengo
|-damage|p1b: Gholdengo|75/100
|-resisted|p1b: Gholdengo
|-damage|p1b: Gholdengo|67/100
|-resisted|p1b: Gholdengo
|-damage|p1b: Gholdengo|59/100
|-hitcount|p1b: Gholdengo|5
|-unboost|p2a: Dragonite|def|1
|-boost|p2a: Dragonite|spe|1
|
|-weather|Snowscape|[upkeep]
|upkeep
|turn|2
|
|t:|1757111462
|move|p2a: Dragonite|Protect|p2a: Dragonite
|-singleturn|p2a: Dragonite|Protect
|move|p2b: Maushold|Beat Up|p1b: Gholdengo
|-supereffective|p1b: Gholdengo
|-damage|p1b: Gholdengo|51/100
|-supereffective|p1b: Gholdengo
|-damage|p1b: Gholdengo|47/100
|-supereffective|p1b: Gholdengo
|-damage|p1b: Gholdengo|39/100
|-supereffective|p1b: Gholdengo
|-damage|p1b: Gholdengo|34/100
|-hitcount|p1b: Gholdengo|4
|move|p1a: Ninetales|Icy Wind|p2a: Dragonite|[spread] p2b
|-activate|p2a: Dragonite|move: Protect
|-damage|p2b: Maushold|78/100
|-unboost|p2b: Maushold|spe|1
|move|p1b: Gholdengo|Make It Rain|p2a: Dragonite|[spread] p2b
|-activate|p2a: Dragonite|move: Protect
|-damage|p2b: Maushold|0 fnt
|-unboost|p1b: Gholdengo|spa|1
|faint|p2b: Maushold
|
|-weather|Snowscape|[upkeep]
|upkeep
|
|t:|1757111483
|switch|p2b: Annihilape|Annihilape, L50, F, shiny|100/100
|turn|3
|
|t:|1757111501
|-terastallize|p2b: Annihilape|Fire
|move|p2a: Dragonite|Tailwind|p2a: Dragonite
|-sidestart|p2: Hadrian1917|move: Tailwind
|move|p2b: Annihilape|Rage Fist|p1b: Gholdengo
|-supereffective|p1b: Gholdengo
|-damage|p1b: Gholdengo|0 fnt
|faint|p1b: Gholdengo
|move|p1a: Ninetales|Blizzard|p2b: Annihilape|[spread] p2a,p2b
|-supereffective|p2a: Dragonite
|-resisted|p2b: Annihilape
|-damage|p2a: Dragonite|37/100
|-damage|p2b: Annihilape|86/100
|
|-weather|Snowscape|[upkeep]
|-end|p1a: Ninetales|move: Taunt
|upkeep
|
|t:|1757111511
|switch|p1b: Sneasler|Sneasler, L50, F|100/100
|turn|4
|
|t:|1757111529
|move|p1b: Sneasler|Protect|p1b: Sneasler
|-singleturn|p1b: Sneasler|Protect
|move|p2a: Dragonite|Scale Shot|p2b: Annihilape
|-damage|p2b: Annihilape|71/100
|-crit|p2b: Annihilape
|-damage|p2b: Annihilape|48/100
|-enditem|p2b: Annihilape|Sitrus Berry|[eat]
|-heal|p2b: Annihilape|73/100|[from] item: Sitrus Berry
|-damage|p2b: Annihilape|60/100
|-damage|p2b: Annihilape|45/100
|-hitcount|p2b: Annihilape|4
|-unboost|p2a: Dragonite|def|1
|-boost|p2a: Dragonite|spe|1
|move|p2b: Annihilape|Rage Fist|p1a: Ninetales
|-enditem|p1a: Ninetales|Focus Sash
|-damage|p1a: Ninetales|1/100
|move|p1a: Ninetales|Aurora Veil|p1a: Ninetales
|-sidestart|p1: taytayla|move: Aurora Veil
|
|-weather|Snowscape|[upkeep]
|upkeep
|turn|5
|inactive|taytayla has 30 seconds left.
|inactive|Hadrian1917 has 30 seconds left.
|inactive|taytayla has 20 seconds left.
|inactive|Hadrian1917 has 20 seconds left.
|inactive|taytayla has 15 seconds left.
|inactive|Hadrian1917 has 15 seconds left.
|inactive|taytayla has 10 seconds left.
|inactive|Hadrian1917 has 10 seconds left.
|
|t:|1757111577
|move|p2a: Dragonite|Scale Shot|p1b: Sneasler
|-damage|p1b: Sneasler|84/100
|-damage|p1b: Sneasler|67/100
|-damage|p1b: Sneasler|48/100
|-damage|p1b: Sneasler|31/100
|-hitcount|p1b: Sneasler|4
|-unboost|p2a: Dragonite|def|1
|-boost|p2a: Dragonite|spe|1
|move|p2b: Annihilape|Rage Fist|p1a: Ninetales
|-damage|p1a: Ninetales|0 fnt
|faint|p1a: Ninetales
|move|p1b: Sneasler|Close Combat|p2b: Annihilape
|-damage|p2b: Annihilape|0 fnt
|-unboost|p1b: Sneasler|def|1
|-unboost|p1b: Sneasler|spd|1
|faint|p2b: Annihilape
|-enditem|p1b: Sneasler|White Herb
|-clearnegativeboost|p1b: Sneasler|[silent]
|
|-weather|none
|upkeep
|
|t:|1757111596
|switch|p1a: Arcanine|Arcanine-Hisui, L50, M|100/100
|switch|p2b: Gholdengo|Gholdengo, L50, shiny|100/100
|-ability|p1a: Arcanine|Intimidate|boost
|-unboost|p2a: Dragonite|atk|1
|-unboost|p2b: Gholdengo|atk|1
|turn|6
|inactive|taytayla has 30 seconds left.
|
|t:|1757111624
|move|p1b: Sneasler|Protect|p1b: Sneasler
|-singleturn|p1b: Sneasler|Protect
|move|p2a: Dragonite|Scale Shot|p1a: Arcanine
|-damage|p1a: Arcanine|92/100
|-damage|p1a: Arcanine|85/100
|-damage|p1a: Arcanine|76/100
|-damage|p1a: Arcanine|68/100
|-damage|p1a: Arcanine|60/100
|-hitcount|p1a: Arcanine|5
|-unboost|p2a: Dragonite|def|1
|-boost|p2a: Dragonite|spe|1
|move|p2b: Gholdengo|Shadow Ball|p1a: Arcanine
|-damage|p1a: Arcanine|18/100
|-damage|p2b: Gholdengo|91/100|[from] item: Life Orb
|move|p1a: Arcanine|Flare Blitz|p2b: Gholdengo
|-supereffective|p2b: Gholdengo
|-damage|p2b: Gholdengo|0 fnt
|faint|p2b: Gholdengo
|-damage|p1a: Arcanine|0 fnt|[from] Recoil
|faint|p1a: Arcanine
|
|-sideend|p2: Hadrian1917|move: Tailwind
|upkeep
|turn|7
|
|t:|1757111648
|move|p2a: Dragonite|Protect|p2a: Dragonite
|-singleturn|p2a: Dragonite|Protect
|move|p1b: Sneasler|Dire Claw|p2a: Dragonite
|-activate|p2a: Dragonite|move: Protect
|
|upkeep
|turn|8
|
|t:|1757111656
|move|p2a: Dragonite|Scale Shot|p1b: Sneasler
|-damage|p1b: Sneasler|19/100
|-damage|p1b: Sneasler|8/100
|-crit|p1b: Sneasler
|-damage|p1b: Sneasler|0 fnt
|faint|p1b: Sneasler
|-hitcount|p1: Sneasler|3
|
|win|Hadrian1917
|raw|taytayla's rating: 1224 → 1194(-30 for losing)
|raw|Hadrian1917's rating: 1156 → 1186(+30 for winning)
|l|☆taytayla
|player|p1|
