|j|☆Crafter568
|j|☆alkdfe
|html|Crafter568alkdfe    
|uhtml|bestof|Game 2 of a best-of-3
|t:|1783453618
|gametype|doubles
|player|p1|Crafter568|hilbert|1112
|player|p2|alkdfe|elesa|1091
|gen|9
|tier|[Gen 9 Champions] VGC 2026 Reg M-B (Bo3)
|rated|
|rule|Species Clause: Limit one of each Pokémon
|rule|Item Clause: Limit 1 of each item
|clearpoke
|poke|p1|Metagross, L50|
|poke|p1|Annihilape, L50, M|
|poke|p1|Blaziken, L50, F|
|poke|p1|Sinistcha, L50|
|poke|p1|Klefki, L50, M|
|poke|p1|Floette-Eternal, L50, F|
|poke|p2|Kingambit, L50, M|
|poke|p2|Charizard, L50, M|
|poke|p2|Aerodactyl, L50, F|
|poke|p2|Farigiraf, L50, M|
|poke|p2|Garchomp, L50, F|
|poke|p2|Sylveon, L50, M|
|teampreview|4
|showteam|p1|Metagross||Metagrossite|ClearBody|IronHead,PsychicFangs,StompingTantrum,Protect|Adamant|||||50|]Annihilape||Leftovers|Defiant|RageFist,DrainPunch,BulkUp,Protect|Adamant||M|||50|]Blaziken||WideLens|SpeedBoost|Overheat,Coaching,WillOWisp,Detect|Timid||F|||50|]Sinistcha||KasibBerry|Hospitality|MatchaGotcha,RagePowder,LifeDew,Protect|Calm|||||50|]Klefki||LightClay|Prankster|ThunderWave,Reflect,LightScreen,RainDance|Bold||M|||50|]Floette-Eternal||Floettite|FlowerVeil|Moonblast,DazzlingGleam,CalmMind,Protect|Timid||F|||50|
|showteam|p2|Kingambit||FocusSash|Defiant|KowtowCleave,IronHead,SuckerPunch,LowKick|Adamant||M|||50|]Charizard||CharizarditeY|Blaze|HeatWave,SolarBeam,WeatherBall,Protect|Modest||M|||50|]Aerodactyl||Aerodactylite|Unnerve|RockSlide,DualWingbeat,IceFang,Tailwind|Jolly||F|||50|]Farigiraf||SitrusBerry|ArmorTail|Psychic,Thunderbolt,TrickRoom,Protect|Bold||M|||50|]Garchomp||LifeOrb|RoughSkin|Earthquake,DragonClaw,StompingTantrum,Protect|Jolly||F|||50|]Sylveon||FairyFeather|Pixilate|HyperVoice,HyperBeam,QuickAttack,Protect|Modest||M|||50|
|inactive|Battle timer is ON: inactive players will automatically lose when time's up. (requested by Crafter568)
|inactive|Crafter568 has 60 seconds left.
|inactive|alkdfe has 60 seconds left.
|inactive|Crafter568 has 30 seconds left.
|
|t:|1783453685
|teamsize|p1|4
|teamsize|p2|4
|start
|switch|p1a: Annihilape|Annihilape, L50, M|100/100
|switch|p1b: Klefki|Klefki, L50, M|100/100
|switch|p2a: Kingambit|Kingambit, L50, M|100/100
|switch|p2b: Charizard|Charizard, L50, M|100/100
|turn|1
|inactive|alkdfe has 30 seconds left.
|
|t:|1783453712
|switch|p2a: Sylveon|Sylveon, L50, M|100/100
|detailschange|p2b: Charizard|Charizard-Mega-Y, L50, M
|-mega|p2b: Charizard|Charizard|Charizardite Y
|-weather|SunnyDay|[from] ability: Drought|[of] p2b: Charizard
|move|p1b: Klefki|Rain Dance|p1b: Klefki
|-weather|RainDance
|move|p2b: Charizard|Heat Wave|p1a: Annihilape|[spread] p1a,p1b
|-crit|p1a: Annihilape
|-supereffective|p1b: Klefki|1
|-damage|p1a: Annihilape|71/100
|-damage|p1b: Klefki|56/100
|move|p1a: Annihilape|Bulk Up|p1a: Annihilape
|-boost|p1a: Annihilape|atk|1
|-boost|p1a: Annihilape|def|1
|
|-weather|RainDance|[upkeep]
|-heal|p1a: Annihilape|77/100|[from] item: Leftovers
|upkeep
|turn|2
|
|t:|1783453735
|move|p1a: Annihilape|Protect|p1a: Annihilape
|-singleturn|p1a: Annihilape|Protect
|move|p1b: Klefki|Light Screen|p1b: Klefki
|-sidestart|p1: Crafter568|move: Light Screen
|move|p2b: Charizard|Weather Ball|p1a: Annihilape
|-activate|p1a: Annihilape|move: Protect
|move|p2a: Sylveon|Hyper Voice|p1b: Klefki|[spread] p1b
|-activate|p1a: Annihilape|move: Protect
|-resisted|p1b: Klefki|1
|-damage|p1b: Klefki|37/100
|
|-weather|RainDance|[upkeep]
|-heal|p1a: Annihilape|83/100|[from] item: Leftovers
|upkeep
|turn|3
|
|t:|1783453755
|move|p1b: Klefki|Thunder Wave|p2a: Sylveon
|-status|p2a: Sylveon|par
|move|p2b: Charizard|Weather Ball|p1a: Annihilape
|-damage|p1a: Annihilape|48/100
|move|p1a: Annihilape|Rage Fist|p2a: Sylveon
|-damage|p2a: Sylveon|0 fnt
|faint|p2a: Sylveon
|
|-weather|RainDance|[upkeep]
|-heal|p1a: Annihilape|54/100|[from] item: Leftovers
|upkeep
|
|t:|1783453766
|switch|p2a: Aerodactyl|Aerodactyl, L50, F|100/100
|-ability|p2a: Aerodactyl|Unnerve
|turn|4
|inactive|Crafter568 has 30 seconds left.
|inactive|Crafter568 has 20 seconds left.
|inactive|Crafter568 has 15 seconds left.
|inactive|Crafter568 has 10 seconds left.
|inactive|Crafter568 has 5 seconds left.
|
|t:|1783453817
|switch|p2b: Kingambit|Kingambit, L50, M|100/100
|move|p1b: Klefki|Thunder Wave|p2a: Aerodactyl
|-status|p2a: Aerodactyl|par
|move|p1a: Annihilape|Rage Fist|p2a: Aerodactyl
|-damage|p2a: Aerodactyl|0 fnt
|faint|p2a: Aerodactyl
|
|-weather|RainDance|[upkeep]
|-heal|p1a: Annihilape|60/100|[from] item: Leftovers
|upkeep
|
|t:|1783453828
|switch|p2a: Charizard|Charizard-Mega-Y, L50, M|100/100
|-weather|SunnyDay|[from] ability: Drought|[of] p2a: Charizard
|turn|5
|inactive|Crafter568 has 30 seconds left.
|
|t:|1783453853
|move|p1a: Annihilape|Protect|p1a: Annihilape
|-singleturn|p1a: Annihilape|Protect
|move|p2b: Kingambit|Sucker Punch||[still]
|-fail|p2b: Kingambit
|move|p1b: Klefki|Rain Dance|p1b: Klefki
|-weather|RainDance
|move|p2a: Charizard|Heat Wave|p1a: Annihilape|[spread] p1b
|-activate|p1a: Annihilape|move: Protect
|-supereffective|p1b: Klefki|1
|-damage|p1b: Klefki|5/100
|
|-weather|RainDance|[upkeep]
|-heal|p1a: Annihilape|66/100|[from] item: Leftovers
|upkeep
|turn|6
|
|t:|1783453872
|move|p2b: Kingambit|Sucker Punch|p1a: Annihilape
|-damage|p1a: Annihilape|38/100
|move|p1b: Klefki|Thunder Wave|p2a: Charizard
|-status|p2a: Charizard|par
|move|p1a: Annihilape|Drain Punch|p2b: Kingambit
|-supereffective|p2b: Kingambit|2
|-crit|p2b: Kingambit
|-enditem|p2b: Kingambit|Focus Sash
|-damage|p2b: Kingambit|1/100
|-heal|p1a: Annihilape|79/100|[from] drain|[of] p2b: Kingambit
|move|p2a: Charizard|Heat Wave|p1b: Klefki|[spread] p1a,p1b
|-supereffective|p1b: Klefki|1
|-damage|p1a: Annihilape|68/100
|-damage|p1b: Klefki|0 fnt
|faint|p1b: Klefki
|
|-weather|RainDance|[upkeep]
|-heal|p1a: Annihilape|74/100|[from] item: Leftovers
|upkeep
|-message|alkdfe forfeited.
|
|win|Crafter568
||alkdfe is ready for game 3.
||Crafter568 is ready for game 3.
|uhtml|next|Next: Game 3 of 3
|l|☆Crafter568
|player|p1|
