|j|☆tailmyroom
|j|☆Calamella
|html|tailmyroomCalamella    
|uhtml|bestof|Game 1 of a best-of-3
|t:|1756218484
|gametype|doubles
|player|p1|tailmyroom|scientist-gen4dp|1157
|player|p2|Calamella|170|1152
|gen|9
|tier|[Gen 9] VGC 2025 Reg H (Bo3)
|rated|
|rule|Species Clause: Limit one of each Pokémon
|rule|Item Clause: Limit 1 of each item
|clearpoke
|poke|p1|Gholdengo, L50|
|poke|p1|Sneasler, L50, M|
|poke|p1|Rillaboom, L50, M|
|poke|p1|Dragonite, L50, F|
|poke|p1|Ninetales-Alola, L50, M|
|poke|p1|Arcanine-Hisui, L50, M|
|poke|p2|Garchomp, L50, M|
|poke|p2|Jumpluff, L50, F|
|poke|p2|Torkoal, L50, F|
|poke|p2|Dragonite, L50, F|
|poke|p2|Kingambit, L50, F|
|poke|p2|Typhlosion-Hisui, L50, M|
|teampreview|4
|showteam|p1|Gholdengo||GrassySeed|GoodasGold|NastyPlot,MakeItRain,ShadowBall,Protect||||||50|,,,,,Water]Sneasler||WhiteHerb|Unburden|CloseCombat,DireClaw,Coaching,Protect|||M|||50|,,,,,Ghost]Rillaboom||AssaultVest|GrassySurge|FakeOut,GrassyGlide,DrumBeating,HighHorsepower|||M|||50|,,,,,Fire]Dragonite||LoadedDice|Multiscale|ScaleShot,StompingTantrum,Tailwind,Protect|||F|||50|,,,,,Ground]Ninetales-Alola||FocusSash|SnowWarning|Blizzard,IcyWind,Encore,AuroraVeil|||M|||50|,,,,,Ghost]Arcanine-Hisui||ClearAmulet|Intimidate|RockSlide,FlareBlitz,ExtremeSpeed,Protect|||M|||50|,,,,,Water
|showteam|p2|Garchomp||LifeOrb|RoughSkin|DragonClaw,StompingTantrum,Earthquake,Protect|||M|||50|,,,,,Fire]Jumpluff||CovertCloak|Chlorophyll|LeafStorm,SleepPowder,Encore,Tailwind|||F|||50|,,,,,Poison]Torkoal||EjectPack|Drought|Overheat,BurningJealousy,HelpingHand,Protect|||F|||50|,,,,,Flying]Dragonite||LoadedDice|Multiscale|Haze,ScaleShot,IceSpinner,Protect|||F|||50|,,,,,Fairy]Kingambit||SafetyGoggles|Defiant|Protect,KowtowCleave,SuckerPunch,SwordsDance|||F|||50|,,,,,Dark]Typhlosion-Hisui||ChoiceSpecs|Blaze|Eruption,ShadowBall,HeatWave,Overheat|||M|||50|,,,,,Fire
|
|t:|1756218552
|teamsize|p1|4
|teamsize|p2|4
|start
|switch|p1a: Dragonite|Dragonite, L50, F|100/100
|switch|p1b: Sneasler|Sneasler, L50, M|100/100
|switch|p2a: Jumpluff|Jumpluff, L50, F|100/100
|switch|p2b: Torkoal|Torkoal, L50, F|100/100
|-weather|SunnyDay|[from] ability: Drought|[of] p2b: Torkoal
|turn|1
|
|t:|1756218601
|switch|p1a: Arcanine|Arcanine-Hisui, L50, M|100/100
|-ability|p1a: Arcanine|Intimidate|boost
|-unboost|p2a: Jumpluff|atk|1
|-unboost|p2b: Torkoal|atk|1
|-enditem|p2b: Torkoal|Eject Pack
|
|t:|1756218609
|switch|p2b: Garchomp|Garchomp, L50, M|100/100
|-terastallize|p2a: Jumpluff|Poison
|move|p2a: Jumpluff|Sleep Powder|p1b: Sneasler|[miss]
|-miss|p2a: Jumpluff|p1b: Sneasler
|move|p1b: Sneasler|Dire Claw|p2a: Jumpluff
|-resisted|p2a: Jumpluff
|-damage|p2a: Jumpluff|75/100
|
|-weather|SunnyDay|[upkeep]
|upkeep
|turn|2
|
|t:|1756218674
|switch|p1b: Dragonite|Dragonite, L50, F|100/100
|-terastallize|p1a: Arcanine|Water
|move|p2a: Jumpluff|Tailwind|p2a: Jumpluff
|-sidestart|p2: Calamella|move: Tailwind
|move|p2b: Garchomp|Earthquake|p1b: Dragonite|[spread] p2a,p1a
|-immune|p1b: Dragonite
|-supereffective|p2a: Jumpluff
|-damage|p2a: Jumpluff|0 fnt
|-damage|p1a: Arcanine|37/100
|faint|p2a: Jumpluff
|-damage|p2b: Garchomp|91/100|[from] item: Life Orb
|move|p1a: Arcanine|Flare Blitz|p2b: Garchomp
|-resisted|p2b: Garchomp
|-damage|p2b: Garchomp|50/100
|-damage|p1a: Arcanine|24/100|[from] ability: Rough Skin|[of] p2b: Garchomp
|-damage|p1a: Arcanine|10/100|[from] Recoil
|
|-weather|SunnyDay|[upkeep]
|upkeep
|
|t:|1756218682
|switch|p2a: Typhlosion|Typhlosion-Hisui, L50, M|100/100
|turn|3
|
|t:|1756218697
|move|p1a: Arcanine|Protect|p1a: Arcanine
|-singleturn|p1a: Arcanine|Protect
|move|p1b: Dragonite|Protect|p1b: Dragonite
|-singleturn|p1b: Dragonite|Protect
|move|p2b: Garchomp|Dragon Claw|p1b: Dragonite
|-activate|p1b: Dragonite|move: Protect
|move|p2a: Typhlosion|Eruption|p1b: Dragonite|[spread] 
|-activate|p1a: Arcanine|move: Protect
|-activate|p1b: Dragonite|move: Protect
|
|-weather|SunnyDay|[upkeep]
|upkeep
|turn|4
|
|t:|1756218737
|switch|p1a: Ninetales|Ninetales-Alola, L50, M|100/100
|-weather|Snowscape|[from] ability: Snow Warning|[of] p1a: Ninetales
|move|p2b: Garchomp|Dragon Claw|p1b: Dragonite
|-supereffective|p1b: Dragonite
|-damage|p1b: Dragonite|36/100
|-damage|p2b: Garchomp|41/100|[from] item: Life Orb
|move|p2a: Typhlosion|Eruption|p1b: Dragonite|[spread] p1a,p1b
|-supereffective|p1a: Ninetales
|-resisted|p1b: Dragonite
|-enditem|p1a: Ninetales|Focus Sash
|-damage|p1a: Ninetales|1/100
|-damage|p1b: Dragonite|0 fnt
|faint|p1b: Dragonite
|
|-weather|Snowscape|[upkeep]
|upkeep
|
|t:|1756218751
|switch|p1b: Sneasler|Sneasler, L50, M|100/100
|turn|5
|
|t:|1756218768
|switch|p2a: Torkoal|Torkoal, L50, F|100/100
|-weather|SunnyDay|[from] ability: Drought|[of] p2a: Torkoal
|move|p1b: Sneasler|Protect|p1b: Sneasler
|-singleturn|p1b: Sneasler|Protect
|move|p2b: Garchomp|Earthquake|p1a: Ninetales|[spread] p2a,p1a
|-activate|p1b: Sneasler|move: Protect
|-supereffective|p2a: Torkoal
|-damage|p2a: Torkoal|24/100
|-damage|p1a: Ninetales|0 fnt
|faint|p1a: Ninetales
|-damage|p2b: Garchomp|31/100|[from] item: Life Orb
|
|-weather|SunnyDay|[upkeep]
|-sideend|p2: Calamella|move: Tailwind
|upkeep
|
|t:|1756218778
|switch|p1a: Arcanine|Arcanine-Hisui, L50, M, tera:Water|10/100
|-ability|p1a: Arcanine|Intimidate|boost
|-unboost|p2a: Torkoal|atk|1
|-unboost|p2b: Garchomp|atk|1
|turn|6
|
|t:|1756218789
|move|p2b: Garchomp|Protect|p2b: Garchomp
|-singleturn|p2b: Garchomp|Protect
|move|p1b: Sneasler|Close Combat|p2b: Garchomp
|-activate|p2b: Garchomp|move: Protect
|move|p1a: Arcanine|Rock Slide|p2b: Garchomp|[spread] p2a
|-activate|p2b: Garchomp|move: Protect
|-supereffective|p2a: Torkoal
|-damage|p2a: Torkoal|0 fnt
|faint|p2a: Torkoal
|
|-weather|SunnyDay|[upkeep]
|upkeep
|
|t:|1756218798
|switch|p2a: Typhlosion|Typhlosion-Hisui, L50, M|100/100
|turn|7
|
|t:|1756218809
|move|p2b: Garchomp|Earthquake|p1b: Sneasler|[spread] p2a,p1a,p1b
|-supereffective|p2a: Typhlosion
|-supereffective|p1b: Sneasler
|-crit|p1b: Sneasler
|-damage|p2a: Typhlosion|0 fnt
|-damage|p1a: Arcanine|0 fnt
|-damage|p1b: Sneasler|0 fnt
|faint|p2a: Typhlosion
|faint|p1a: Arcanine
|faint|p1b: Sneasler
|-damage|p2b: Garchomp|21/100|[from] item: Life Orb
|
|win|Calamella
||tailmyroom is ready for game 2.
|inactive|Calamella has 30 seconds to confirm battle start!
||Calamella is ready for game 2.
|uhtml|next|Next: Game 2 of 3
