|badge|p2|bronze|gen9ou|100-6
|uhtml|medal-msg|Curious what those medals under the avatar are? PS now has Ladder Seasons! For more information, check out the thread on Smogon.
|j|☆neno49044
|j|☆JackRG1
|html|neno49044JackRG1    
|uhtml|bestof|Game 3 of a best-of-3
|t:|1757190313
|gametype|doubles
|player|p1|neno49044|volkner|1110
|player|p2|JackRG1|dawn-gen4pt|1222
|gen|9
|tier|[Gen 9] VGC 2025 Reg H (Bo3)
|rated|
|rule|Species Clause: Limit one of each Pokémon
|rule|Item Clause: Limit 1 of each item
|clearpoke
|poke|p1|Serperior, L50, M|
|poke|p1|Grimmsnarl, L50, M|
|poke|p1|Ursaluna-Bloodmoon, L50, M|
|poke|p1|Amoonguss, L50, F|
|poke|p1|Kingambit, L50, F|
|poke|p1|Sneasler, L50, F|
|poke|p2|Excadrill, L50, F|
|poke|p2|Tyranitar, L50, M|
|poke|p2|Gholdengo, L50|
|poke|p2|Dragapult, L50, F|
|poke|p2|Talonflame, L50, F|
|poke|p2|Farigiraf, L50, F|
|teampreview|4
|showteam|p1|Serperior||Leftovers|Contrary|LeafStorm,TeraBlast,Glare,Protect|||M|||50|,,,,,Fire]Grimmsnarl||LightClay|Prankster|SpiritBreak,LightScreen,Reflect,ScaryFace|||M|||50|,,,,,Ghost]Ursaluna-Bloodmoon||AssaultVest|MindsEye|BloodMoon,HyperVoice,EarthPower,VacuumWave|||M|||50|,,,,,Normal]Amoonguss||RockyHelmet|Regenerator|PollenPuff,RagePowder,Spore,Protect|||F|||50|,,,,,Water]Kingambit||BlackGlasses|Defiant|KowtowCleave,SuckerPunch,IronHead,Protect|||F|||50|,,,,,Dark]Sneasler||FocusSash|Unburden|DireClaw,CloseCombat,Coaching,FakeOut|||F|||50|,,,,,Stellar
|showteam|p2|Excadrill||FocusSash|SandRush|IronHead,Protect,Earthquake,HighHorsepower|||F|||50|,,,,,Ground]Tyranitar||ClearAmulet|SandStream|RockSlide,Snarl,Protect,LowKick|||M|||50|,,,,,Grass]Gholdengo||MetalCoat|GoodasGold|MakeItRain,ShadowBall,NastyPlot,Protect||||||50|,,,,,Flying]Dragapult||ChoiceBand|ClearBody|PhantomForce,DragonDarts,TeraBlast,Uturn|||F|||50|,,,,,Ghost]Talonflame||CovertCloak|GaleWings|Tailwind,Taunt,WillOWisp,BraveBird|||F|||50|,,,,,Ghost]Farigiraf||MentalHerb|ArmorTail|TrickRoom,Imprison,Protect,Psychic|||F|||50|,,,,,Fairy
|inactive|Battle timer is ON: inactive players will automatically lose when time's up. (requested by JackRG1)
|inactive|neno49044 also wants the timer to be on.
|inactive|neno49044 has 60 seconds left.
|
|t:|1757190345
|teamsize|p1|4
|teamsize|p2|4
|start
|switch|p1a: Sneasler|Sneasler, L50, F|100/100
|switch|p1b: Kingambit|Kingambit, L50, F|100/100
|switch|p2a: Excadrill|Excadrill, L50, F|100/100
|switch|p2b: Gholdengo|Gholdengo, L50|100/100
|turn|1
|inactive|neno49044 has 30 seconds left.
|
|t:|1757190372
|switch|p2a: Talonflame|Talonflame, L50, F|100/100
|-terastallize|p1b: Kingambit|Dark
|move|p2b: Gholdengo|Protect|p2b: Gholdengo
|-singleturn|p2b: Gholdengo|Protect
|move|p1a: Sneasler|Coaching|p1b: Kingambit
|-boost|p1b: Kingambit|atk|1
|-boost|p1b: Kingambit|def|1
|move|p1b: Kingambit|Kowtow Cleave|p2b: Gholdengo
|-activate|p2b: Gholdengo|move: Protect
|
|upkeep
|turn|2
|
|t:|1757190387
|switch|p1a: Amoonguss|Amoonguss, L50, F|100/100
|move|p1b: Kingambit|Protect|p1b: Kingambit
|-singleturn|p1b: Kingambit|Protect
|move|p2a: Talonflame|Will-O-Wisp|p1b: Kingambit
|-activate|p1b: Kingambit|move: Protect
|move|p2b: Gholdengo|Nasty Plot|p2b: Gholdengo
|-boost|p2b: Gholdengo|spa|2
|
|upkeep
|turn|3
|
|t:|1757190410
|move|p2b: Gholdengo|Protect|p2b: Gholdengo
|-singleturn|p2b: Gholdengo|Protect
|move|p1a: Amoonguss|Rage Powder|p1a: Amoonguss
|-singleturn|p1a: Amoonguss|move: Rage Powder
|move|p2a: Talonflame|Will-O-Wisp|p1a: Amoonguss
|-status|p1a: Amoonguss|brn
|move|p1b: Kingambit|Kowtow Cleave|p2a: Talonflame
|-damage|p2a: Talonflame|0 fnt
|faint|p2a: Talonflame
|
|-damage|p1a: Amoonguss|94/100 brn|[from] brn
|upkeep
|
|t:|1757190416
|switch|p2a: Excadrill|Excadrill, L50, F|100/100
|turn|4
|
|t:|1757190427
|move|p1b: Kingambit|Protect|p1b: Kingambit
|-singleturn|p1b: Kingambit|Protect
|move|p2b: Gholdengo|Make It Rain|p1a: Amoonguss|[spread] p1a
|-activate|p1b: Kingambit|move: Protect
|-damage|p1a: Amoonguss|16/100 brn
|-unboost|p2b: Gholdengo|spa|1
|move|p2a: Excadrill|High Horsepower|p1b: Kingambit
|-activate|p1b: Kingambit|move: Protect
|move|p1a: Amoonguss|Spore|p2a: Excadrill
|-status|p2a: Excadrill|slp|[from] move: Spore
|
|-damage|p1a: Amoonguss|10/100 brn|[from] brn
|upkeep
|turn|5
|
|t:|1757190447
|switch|p1a: Sneasler|Sneasler, L50, F|100/100
|move|p2b: Gholdengo|Make It Rain|p1a: Sneasler|[spread] p1a,p1b
|-damage|p1a: Sneasler|2/100
|-damage|p1b: Kingambit|34/100
|-unboost|p2b: Gholdengo|spa|1
|cant|p2a: Excadrill|slp
|move|p1b: Kingambit|Kowtow Cleave|p2a: Excadrill
|-crit|p2a: Excadrill
|-enditem|p2a: Excadrill|Focus Sash
|-damage|p2a: Excadrill|1/100 slp
|
|upkeep
|turn|6
|
|t:|1757190472
|switch|p2a: Tyranitar|Tyranitar, L50, M|100/100
|-weather|Sandstorm|[from] ability: Sand Stream|[of] p2a: Tyranitar
|move|p2b: Gholdengo|Protect|p2b: Gholdengo
|-singleturn|p2b: Gholdengo|Protect
|move|p1a: Sneasler|Fake Out|p2a: Tyranitar
|-resisted|p2a: Tyranitar
|-damage|p2a: Tyranitar|95/100
|move|p1b: Kingambit|Sucker Punch||[still]
|-fail|p1b: Kingambit
|
|-weather|Sandstorm|[upkeep]
|-damage|p1a: Sneasler|0 fnt|[from] Sandstorm
|-damage|p1b: Kingambit|28/100|[from] Sandstorm
|faint|p1a: Sneasler
|upkeep
|
|t:|1757190489
|switch|p1a: Amoonguss|Amoonguss, L50, F|43/100 brn
|turn|7
|inactive|neno49044 has 30 seconds left.
|
|t:|1757190519
|-terastallize|p2a: Tyranitar|Grass
|move|p1a: Amoonguss|Rage Powder|p1a: Amoonguss
|-singleturn|p1a: Amoonguss|move: Rage Powder
|move|p2b: Gholdengo|Nasty Plot|p2b: Gholdengo
|-boost|p2b: Gholdengo|spa|2
|move|p2a: Tyranitar|Low Kick|p1b: Kingambit
|-supereffective|p1b: Kingambit
|-damage|p1b: Kingambit|0 fnt
|faint|p1b: Kingambit
|
|-weather|Sandstorm|[upkeep]
|-damage|p2a: Tyranitar|89/100|[from] Sandstorm
|-damage|p1a: Amoonguss|37/100 brn|[from] Sandstorm
|-damage|p1a: Amoonguss|31/100 brn|[from] brn
|upkeep
|
|t:|1757190531
|switch|p1b: Ursaluna|Ursaluna-Bloodmoon, L50, M|100/100
|turn|8
|
|t:|1757190547
|move|p2b: Gholdengo|Make It Rain|p1b: Ursaluna|[spread] p1a,p1b
|-damage|p1a: Amoonguss|0 fnt
|-damage|p1b: Ursaluna|37/100
|-unboost|p2b: Gholdengo|spa|1
|faint|p1a: Amoonguss
|move|p2a: Tyranitar|Low Kick|p1b: Ursaluna
|-supereffective|p1b: Ursaluna
|-damage|p1b: Ursaluna|0 fnt
|faint|p1b: Ursaluna
|
|win|JackRG1
|raw|neno49044's rating: 1110 → 1093(-17 for losing)
|raw|JackRG1's rating: 1222 → 1239(+17 for winning)
