|j|☆yunsen
|j|☆Some1sDay
|html|yunsenSome1sDay    
|uhtml|bestof|Game 1 of a best-of-3
|t:|1785261344
|gametype|doubles
|player|p1|yunsen|steven-masters|1097
|player|p2|Some1sDay|worker|1011
|gen|9
|tier|[Gen 9 Champions] VGC 2026 Reg M-B (Bo3)
|rated|
|rule|Species Clause: Limit one of each Pokémon
|rule|Item Clause: Limit 1 of each item
|clearpoke
|poke|p1|Staraptor, L50, M|
|poke|p1|Vanilluxe, L50, M|
|poke|p1|Farigiraf, L50, F|
|poke|p1|Blastoise, L50, M|
|poke|p1|Kingambit, L50, M|
|poke|p1|Camerupt, L50, M|
|poke|p2|Blastoise, L50, F|
|poke|p2|Gholdengo, L50|
|poke|p2|Whimsicott, L50, F|
|poke|p2|Incineroar, L50, M|
|poke|p2|Garchomp, L50, M|
|poke|p2|Decidueye-Hisui, L50, F|
|teampreview|4
|showteam|p1|Staraptor||ChoiceScarf|Intimidate|FinalGambit,BraveBird,CloseCombat,Uturn|Jolly||M|||50|]Vanilluxe||NeverMeltIce|SnowWarning|Blizzard,FreezeDry,Protect,IceShard|Quiet||M|||50|]Farigiraf||SitrusBerry|ArmorTail|PsychicFangs,HyperVoice,HelpingHand,TrickRoom|Relaxed||F|||50|]Blastoise||Blastoisinite|Torrent|FakeOut,WaterSpout,AuraSphere,DarkPulse|Quiet||M|||50|]Kingambit||LifeOrb|Defiant|KowtowCleave,IronHead,Protect,SuckerPunch|Brave||M|||50|]Camerupt||Cameruptite|SolidRock|HeatWave,EarthPower,Protect,AncientPower|Quiet||M|||50|
|showteam|p2|Blastoise||Blastoisinite|RainDish|WaterSpout,ShellSmash,IceBeam,Protect|Modest||F|||50|]Gholdengo||ExpertBelt|GoodasGold|MakeItRain,ShadowBall,Thunderbolt,Protect|Modest|||||50|]Whimsicott||FocusSash|Prankster|Tailwind,TrickRoom,Moonblast,Encore|Bold||F|||50|]Incineroar||Leftovers|Intimidate|FakeOut,PartingShot,FlareBlitz,HelpingHand|Careful||M|||50|]Garchomp||LifeOrb|RoughSkin|DragonClaw,StompingTantrum,RockSlide,Protect|Adamant||M|||50|]Decidueye-Hisui||ScopeLens|Scrappy|Protect,TripleArrows,LeafBlade,Uturn|Adamant||F|||50|
|inactive|Battle timer is ON: inactive players will automatically lose when time's up. (requested by yunsen)
|inactive|Some1sDay has 60 seconds left.
|
|t:|1785261383
|teamsize|p1|4
|teamsize|p2|4
|start
|switch|p1a: Farig Bang|Farigiraf, L50, F|100/100
|switch|p1b: Vanilluxe|Vanilluxe, L50, M|100/100
|switch|p2a: Gold Boy|Gholdengo, L50|100/100
|switch|p2b: Cotty|Whimsicott, L50, F|100/100
|-weather|Snowscape|[from] ability: Snow Warning|[of] p1b: Vanilluxe
|turn|1
|inactive|Some1sDay has 30 seconds left.
|
|t:|1785261415
|switch|p1a: Kingambit|Kingambit, L50, M|100/100
|move|p2a: Gold Boy|Make It Rain|p1a: Kingambit|[spread] p1a,p1b
|-resisted|p1a: Kingambit|1
|-supereffective|p1b: Vanilluxe|1
|-damage|p1a: Kingambit|76/100
|-damage|p1b: Vanilluxe|0 fnt
|-unboost|p2a: Gold Boy|spa|2
|faint|p1b: Vanilluxe
|move|p2b: Cotty|Trick Room|p2b: Cotty
|-fieldstart|move: Trick Room|[of] p2b: Cotty
|
|-weather|Snowscape|[upkeep]
|upkeep
|
|t:|1785261421
|switch|p1b: Blastoise|Blastoise, L50, M|100/100
|turn|2
|inactive|yunsen has 30 seconds left.
|
|t:|1785261450
|detailschange|p1b: Blastoise|Blastoise-Mega, L50, M
|-mega|p1b: Blastoise|Blastoise|Blastoisinite
|move|p1b: Blastoise|Fake Out|p2b: Cotty
|-damage|p2b: Cotty|91/100
|move|p1a: Kingambit|Kowtow Cleave|p2a: Gold Boy
|-supereffective|p2a: Gold Boy|1
|-damage|p2a: Gold Boy|0 fnt
|faint|p2a: Gold Boy
|-damage|p1a: Kingambit|66/100|[from] item: Life Orb
|cant|p2b: Cotty|flinch
|
|-weather|Snowscape|[upkeep]
|upkeep
|
|t:|1785261462
|switch|p2a: Arrow|Decidueye-Hisui, L50, F|100/100
|turn|3
|
|t:|1785261477
|move|p1a: Kingambit|Iron Head|p2b: Cotty
|-supereffective|p2b: Cotty|1
|-damage|p2b: Cotty|0 fnt
|faint|p2b: Cotty
|-damage|p1a: Kingambit|57/100|[from] item: Life Orb
|move|p2a: Arrow|Triple Arrows|p1a: Kingambit
|-supereffective|p1a: Kingambit|2
|-damage|p1a: Kingambit|0 fnt
|faint|p1a: Kingambit
|move|p1b: Blastoise|Water Spout|p2a: Arrow
|-resisted|p2a: Arrow|1
|-damage|p2a: Arrow|61/100
|
|-weather|Snowscape|[upkeep]
|upkeep
|
|t:|1785261488
|switch|p1a: Farig Bang|Farigiraf, L50, F|100/100
|switch|p2b: Chompy|Garchomp, L50, M|100/100
|turn|4
|
|t:|1785261500
|move|p1a: Farig Bang|Hyper Voice|p2a: Arrow|[spread] p2a,p2b
|-damage|p2a: Arrow|35/100
|-damage|p2b: Chompy|73/100
|move|p2a: Arrow|U-turn|p1a: Farig Bang
|-supereffective|p1a: Farig Bang|1
|-crit|p1a: Farig Bang
|-damage|p1a: Farig Bang|38/100
|-enditem|p1a: Farig Bang|Sitrus Berry|[eat]
|-heal|p1a: Farig Bang|63/100|[from] item: Sitrus Berry
|move|p1b: Blastoise|Water Spout|p2a: Arrow|[spread] p2a,p2b
|-resisted|p2a: Arrow|1
|-damage|p2a: Arrow|6/100
|-damage|p2b: Chompy|0 fnt
|faint|p2b: Chompy
|
|-weather|Snowscape|[upkeep]
|upkeep
|turn|5
|
|t:|1785261515
|move|p1a: Farig Bang|Psychic Fangs|p2a: Arrow
|-supereffective|p2a: Arrow|1
|-crit|p2a: Arrow
|-damage|p2a: Arrow|0 fnt
|faint|p2a: Arrow
|
|win|yunsen
||yunsen is ready for game 2.
||Some1sDay is ready for game 2.
|uhtml|next|Next: Game 2 of 3
|l|☆Some1sDay
|player|p2|
