|j|☆ChuggleAschenazita
|j|☆thedelybird
|html|ChuggleAschenazitathedelybird    
|uhtml|bestof|Game 3 of a best-of-3
|t:|1755116707
|gametype|doubles
|player|p1|ChuggleAschenazita|266|1186
|player|p2|thedelybird|blue-masters|1175
|gen|9
|tier|[Gen 9] VGC 2025 Reg H (Bo3)
|rated|
|rule|Species Clause: Limit one of each Pokémon
|rule|Item Clause: Limit 1 of each item
|clearpoke
|poke|p1|Amoonguss, L50, F|
|poke|p1|Ursaluna, L50, M|
|poke|p1|Gholdengo, L50|
|poke|p1|Incineroar, L50, F|
|poke|p1|Hydreigon, L50, F|
|poke|p1|Porygon2, L50|
|poke|p2|Archaludon, L50, F|
|poke|p2|Pelipper, L50, M|
|poke|p2|Sinistcha, L50|
|poke|p2|Gholdengo, L50|
|poke|p2|Ursaluna, L50, M|
|poke|p2|Dragonite, L50, M|
|teampreview|4
|showteam|p1|Amoonguss||RockyHelmet|EffectSpore|PollenPuff,ClearSmog,Spore,RagePowder|||F|||50|,,,,,Psychic]Ursaluna||FlameOrb|Guts|Facade,HeadlongRush,Earthquake,Protect|||M|||50|,,,,,Ghost]Gholdengo||LifeOrb|GoodasGold|MakeItRain,ShadowBall,NastyPlot,Protect||||||50|,,,,,Water]Incineroar||SafetyGoggles|Intimidate|FlareBlitz,KnockOff,PartingShot,FakeOut|||F|||50|,,,,,Water]Hydreigon||CovertCloak|Levitate|DracoMeteor,Snarl,Tailwind,Taunt|||F|||50|,,,,,Ghost]Porygon2||Eviolite|Download|TeraBlast,IceBeam,Recover,TrickRoom||||||50|,,,,,Ground
|showteam|p2|Archaludon||AssaultVest|Stamina|BodyPress,ElectroShot,FlashCannon,Snarl|||F|||50|,,,,,Fighting]Pelipper||FocusSash|Drizzle|Hurricane,WeatherBall,Protect,Tailwind|||M|||50|,,,,,Ghost]Sinistcha||SitrusBerry|Hospitality|MatchaGotcha,RagePowder,LifeDew,TrickRoom||||||50|,,,,,Dark]Gholdengo||ChoiceScarf|GoodasGold|MakeItRain,ShadowBall,Trick,TeraBlast||||||50|,,,,,Water]Ursaluna||FlameOrb|Guts|Facade,HeadlongRush,Earthquake,Protect|||M|||50|,,,,,Ghost]Dragonite||LoadedDice|Multiscale|ScaleShot,ExtremeSpeed,Haze,Tailwind|||M|||50|,,,,,Fairy
|
|t:|1755116730
|teamsize|p1|4
|teamsize|p2|4
|start
|switch|p1a: LavoroMeglio|Gholdengo, L50|100/100
|switch|p1b: Hydreigon|Hydreigon, L50, F|100/100
|switch|p2a: Dragonite|Dragonite, L50, M|100/100
|switch|p2b: Gholdengo|Gholdengo, L50|100/100
|turn|1
|inactive|Battle timer is ON: inactive players will automatically lose when time's up. (requested by ChuggleAschenazita)
|
|t:|1755116747
|switch|p2b: Archaludon|Archaludon, L50, F|100/100
|switch|p1a: PressioneAddosso|Ursaluna, L50, M|100/100
|move|p1b: Hydreigon|Taunt|p2a: Dragonite
|-start|p2a: Dragonite|move: Taunt
|move|p2a: Dragonite|Scale Shot|p1b: Hydreigon
|-supereffective|p1b: Hydreigon
|-damage|p1b: Hydreigon|63/100
|-supereffective|p1b: Hydreigon
|-damage|p1b: Hydreigon|31/100
|-supereffective|p1b: Hydreigon
|-damage|p1b: Hydreigon|0 fnt
|faint|p1b: Hydreigon
|-hitcount|p1: Hydreigon|3
|-unboost|p2a: Dragonite|def|1
|-boost|p2a: Dragonite|spe|1
|
|-status|p1a: PressioneAddosso|brn|[from] item: Flame Orb
|upkeep
|
|t:|1755116759
|switch|p1b: GiunglaDiCemento|Porygon2, L50|100/100
|-ability|p1b: GiunglaDiCemento|Download|boost
|-boost|p1b: GiunglaDiCemento|spa|1
|turn|2
|inactive|ChuggleAschenazita has 30 seconds left.
|inactive|thedelybird has 30 seconds left.
|
|t:|1755116792
|-terastallize|p1a: PressioneAddosso|Ghost
|move|p2a: Dragonite|Scale Shot|p1b: GiunglaDiCemento
|-damage|p1b: GiunglaDiCemento|90/100
|-damage|p1b: GiunglaDiCemento|80/100
|-damage|p1b: GiunglaDiCemento|70/100
|-damage|p1b: GiunglaDiCemento|61/100
|-hitcount|p1b: GiunglaDiCemento|4
|-unboost|p2a: Dragonite|def|1
|-boost|p2a: Dragonite|spe|1
|move|p2b: Archaludon|Body Press|p1b: GiunglaDiCemento
|-supereffective|p1b: GiunglaDiCemento
|-damage|p1b: GiunglaDiCemento|25/100
|move|p1a: PressioneAddosso|Headlong Rush|p2b: Archaludon
|-supereffective|p2b: Archaludon
|-damage|p2b: Archaludon|0 fnt
|-unboost|p1a: PressioneAddosso|def|1
|-unboost|p1a: PressioneAddosso|spd|1
|faint|p2b: Archaludon
|move|p1b: GiunglaDiCemento|Trick Room|p1b: GiunglaDiCemento
|-fieldstart|move: Trick Room|[of] p1b: GiunglaDiCemento
|
|-damage|p1a: PressioneAddosso|95/100 brn|[from] brn
|upkeep
|
|t:|1755116811
|switch|p2b: Pelipper|Pelipper, L50, M, shiny|100/100
|-weather|RainDance|[from] ability: Drizzle|[of] p2b: Pelipper
|turn|3
|inactive|ChuggleAschenazita has 30 seconds left.
|inactive|ChuggleAschenazita has 20 seconds left.
|inactive|thedelybird has 30 seconds left.
|inactive|thedelybird has 20 seconds left.
|inactive|ChuggleAschenazita has 15 seconds left.
|inactive|thedelybird has 15 seconds left.
|inactive|ChuggleAschenazita has 10 seconds left.
|
|t:|1755116874
|switch|p2a: Gholdengo|Gholdengo, L50|100/100
|-terastallize|p2b: Pelipper|Ghost
|move|p1b: GiunglaDiCemento|Ice Beam|p2b: Pelipper
|-damage|p2b: Pelipper|26/100
|move|p1a: PressioneAddosso|Facade|p2b: Pelipper
|-immune|p2b: Pelipper
|move|p2b: Pelipper|Weather Ball|p1b: GiunglaDiCemento
|-damage|p1b: GiunglaDiCemento|0 fnt
|faint|p1b: GiunglaDiCemento
|
|-weather|RainDance|[upkeep]
|-damage|p1a: PressioneAddosso|89/100 brn|[from] brn
|upkeep
|
|t:|1755116878
|switch|p1b: LavoroMeglio|Gholdengo, L50|100/100
|turn|4
|
|t:|1755116901
|switch|p2a: Dragonite|Dragonite, L50, M|100/100
|move|p2b: Pelipper|Protect|p2b: Pelipper
|-singleturn|p2b: Pelipper|Protect
|move|p1b: LavoroMeglio|Protect|p1b: LavoroMeglio
|-singleturn|p1b: LavoroMeglio|Protect
|move|p1a: PressioneAddosso|Earthquake|p2a: Dragonite|[spread] 
|-activate|p1b: LavoroMeglio|move: Protect
|-activate|p2b: Pelipper|move: Protect
|-immune|p2a: Dragonite
|
|-weather|RainDance|[upkeep]
|-damage|p1a: PressioneAddosso|83/100 brn|[from] brn
|upkeep
|turn|5
|
|t:|1755116912
|move|p1a: PressioneAddosso|Facade|p2a: Dragonite
|-damage|p2a: Dragonite|29/100
|move|p2b: Pelipper|Weather Ball|p1a: PressioneAddosso
|-damage|p1a: PressioneAddosso|0 fnt
|faint|p1a: PressioneAddosso
|move|p2a: Dragonite|Scale Shot|p1b: LavoroMeglio
|-resisted|p1b: LavoroMeglio
|-damage|p1b: LavoroMeglio|93/100
|-resisted|p1b: LavoroMeglio
|-damage|p1b: LavoroMeglio|87/100
|-resisted|p1b: LavoroMeglio
|-damage|p1b: LavoroMeglio|79/100
|-resisted|p1b: LavoroMeglio
|-damage|p1b: LavoroMeglio|71/100
|-hitcount|p1b: LavoroMeglio|4
|-unboost|p2a: Dragonite|def|1
|-boost|p2a: Dragonite|spe|1
|move|p1b: LavoroMeglio|Make It Rain|p2b: Pelipper|[spread] p2a,p2b
|-damage|p2a: Dragonite|0 fnt
|-damage|p2b: Pelipper|0 fnt
|-unboost|p1b: LavoroMeglio|spa|1
|faint|p2a: Dragonite
|faint|p2b: Pelipper
|-damage|p1b: LavoroMeglio|61/100|[from] item: Life Orb
|
|-weather|RainDance|[upkeep]
|upkeep
|
|t:|1755116929
|switch|p2b: Gholdengo|Gholdengo, L50|100/100
|turn|6
|
|t:|1755116934
|move|p1b: LavoroMeglio|Shadow Ball|p2b: Gholdengo
|-supereffective|p2b: Gholdengo
|-damage|p2b: Gholdengo|28/100
|-damage|p1b: LavoroMeglio|52/100|[from] item: Life Orb
|move|p2b: Gholdengo|Shadow Ball|p1b: LavoroMeglio
|-supereffective|p1b: LavoroMeglio
|-damage|p1b: LavoroMeglio|0 fnt
|faint|p1b: LavoroMeglio
|
|win|thedelybird
|raw|ChuggleAschenazita's rating: 1186 → 1160(-26 for losing)
|raw|thedelybird's rating: 1175 → 1201(+26 for winning)
|c|☆thedelybird|gg
|l|☆ChuggleAschenazita
|player|p1|
