|j|☆a9106174
|j|☆huanyu0.0
|html|a9106174huanyu0.0    
|uhtml|bestof|Game 3 of a best-of-3
|t:|1785159137
|gametype|doubles
|player|p1|a9106174|101|1180
|player|p2|huanyu0.0|169|1208
|gen|9
|tier|[Gen 9 Champions] VGC 2026 Reg M-B (Bo3)
|rated|
|rule|Species Clause: Limit one of each Pokémon
|rule|Item Clause: Limit 1 of each item
|clearpoke
|poke|p1|Garchomp, L50, F|
|poke|p1|Talonflame, L50, F|
|poke|p1|Oranguru, L50, M|
|poke|p1|Floette-Eternal, L50, F|
|poke|p1|Basculegion, L50, M|
|poke|p1|Eelektross, L50, M|
|poke|p2|Staraptor, L50, F|
|poke|p2|Tyranitar, L50, F|
|poke|p2|Excadrill, L50, F|
|poke|p2|Gholdengo, L50|
|poke|p2|Milotic, L50, M|
|poke|p2|Sinistcha, L50|
|teampreview|4
|showteam|p1|Garchomp||ChoiceScarf|RoughSkin|RockTomb,Earthquake,StompingTantrum,DragonClaw|Adamant||F|||50|]Talonflame||FocusSash|GaleWings|Tailwind,QuickGuard,DualWingbeat,FlareBlitz|Jolly||F|||50|]Oranguru||ColburBerry|Telepathy|FoulPlay,TrickRoom,Encore,Instruct|Calm||M|||50|]Floette-Eternal||Floettite|FlowerVeil|LightofRuin,Moonblast,DazzlingGleam,Protect|Modest||F|||50|]Basculegion||LifeOrb|Adaptability|LastRespects,WaveCrash,AquaJet,Protect|Adamant||M|||50|]Eelektross||Eelektrossite|Levitate|Discharge,Thunderbolt,GigaDrain,Protect|Timid||M|||50|
|showteam|p2|Staraptor||Staraptite|Intimidate|CloseCombat,BraveBird,Tailwind,Protect|Jolly||F|||50|]Tyranitar||Tyranitarite|SandStream|RockSlide,KnockOff,LowKick,Protect|Adamant||F|||50|]Excadrill||FocusSash|SandRush|IronHead,HighHorsepower,RockSlide,Protect|Adamant||F|||50|]Gholdengo||LifeOrb|GoodasGold|MakeItRain,ShadowBall,NastyPlot,Protect|Modest|||||50|]Milotic||SitrusBerry|Competitive|Scald,IceBeam,IcyWind,Protect|Modest||M|||50|]Sinistcha||ColburBerry|Hospitality|MatchaGotcha,RagePowder,TrickRoom,Protect|Calm|||||50|
|inactive|Battle timer is ON: inactive players will automatically lose when time's up. (requested by huanyu0.0)
|inactive|a9106174 has 60 seconds left.
|inactive|huanyu0.0 has 60 seconds left.
|
|t:|1785159190
|teamsize|p1|4
|teamsize|p2|4
|start
|switch|p1a: Garchomp|Garchomp, L50, F|100/100
|switch|p1b: Eelektross|Eelektross, L50, M|100/100
|switch|p2a: Tyranitar|Tyranitar, L50, F|100/100
|switch|p2b: Milotic|Milotic, L50, M|100/100
|-weather|Sandstorm|[from] ability: Sand Stream|[of] p2a: Tyranitar
|turn|1
|inactive|huanyu0.0 has 30 seconds left.
|inactive|huanyu0.0 has 20 seconds left.
|
|t:|1785159227
|detailschange|p1b: Eelektross|Eelektross-Mega, L50, M
|-mega|p1b: Eelektross|Eelektross|Eelektrossite
|move|p1a: Garchomp|Earthquake|p2b: Milotic|[spread] p2a,p2b
|-immune|p1b: Eelektross|[from] ability: Eelevate
|-supereffective|p2a: Tyranitar|1
|-damage|p2a: Tyranitar|34/100
|-damage|p2b: Milotic|62/100
|move|p1b: Eelektross|Thunderbolt|p2b: Milotic
|-supereffective|p2b: Milotic|1
|-damage|p2b: Milotic|0 fnt
|faint|p2b: Milotic
|-ability|p1b: Eelektross|Eelevate|boost
|-boost|p1b: Eelektross|spa|1
|move|p2a: Tyranitar|Rock Slide|p1b: Eelektross|[spread] p1b
|-miss|p2a: Tyranitar|p1a: Garchomp
|-damage|p1b: Eelektross|62/100
|
|-weather|Sandstorm|[upkeep]
|-damage|p1b: Eelektross|56/100|[from] Sandstorm
|upkeep
|
|t:|1785159247
|switch|p2b: Staraptor|Staraptor, L50, F|100/100
|-ability|p2b: Staraptor|Intimidate|boost
|-unboost|p1a: Garchomp|atk|1
|-unboost|p1b: Eelektross|atk|1
|turn|2
|
|t:|1785159259
|detailschange|p2b: Staraptor|Staraptor-Mega, L50, F
|-mega|p2b: Staraptor|Staraptor|Staraptite
|move|p1a: Garchomp|Earthquake|p2a: Tyranitar|[spread] p2a
|-immune|p1b: Eelektross|[from] ability: Eelevate
|-immune|p2b: Staraptor
|-supereffective|p2a: Tyranitar|1
|-damage|p2a: Tyranitar|0 fnt
|faint|p2a: Tyranitar
|move|p2b: Staraptor|Close Combat|p1b: Eelektross
|-damage|p1b: Eelektross|0 fnt
|-boost|p2b: Staraptor|def|1
|-boost|p2b: Staraptor|spd|1
|faint|p1b: Eelektross
|
|-weather|Sandstorm|[upkeep]
|-damage|p2b: Staraptor|94/100|[from] Sandstorm
|upkeep
|
|t:|1785159278
|switch|p1b: Talonflame|Talonflame, L50, F|100/100
|switch|p2a: Excadrill|Excadrill, L50, F|100/100
|turn|3
|inactive|a9106174 has 30 seconds left.
|
|t:|1785159306
|switch|p1a: Basculegion|Basculegion, L50, M|100/100
|move|p2a: Excadrill|Protect|p2a: Excadrill
|-singleturn|p2a: Excadrill|Protect
|move|p1b: Talonflame|Tailwind|p1b: Talonflame
|-sidestart|p1: a9106174|move: Tailwind
|move|p2b: Staraptor|Tailwind|p2b: Staraptor
|-sidestart|p2: huanyu0.0|move: Tailwind
|
|-weather|Sandstorm|[upkeep]
|-damage|p1b: Talonflame|94/100|[from] Sandstorm
|-damage|p2b: Staraptor|88/100|[from] Sandstorm
|-damage|p1a: Basculegion|93/100|[from] Sandstorm
|upkeep
|turn|4
|inactive|huanyu0.0 has 30 seconds left.
|inactive|huanyu0.0 has 20 seconds left.
|inactive|huanyu0.0 has 15 seconds left.
|
|t:|1785159347
|move|p1a: Basculegion|Aqua Jet|p2a: Excadrill
|-supereffective|p2a: Excadrill|1
|-damage|p2a: Excadrill|5/100
|-damage|p1a: Basculegion|84/100|[from] item: Life Orb
|move|p2a: Excadrill|Rock Slide|p1b: Talonflame|[spread] p1a,p1b
|-supereffective|p1b: Talonflame|2
|-damage|p1a: Basculegion|61/100
|-damage|p1b: Talonflame|0 fnt
|faint|p1b: Talonflame
|move|p2b: Staraptor|Brave Bird|p1a: Basculegion
|-damage|p1a: Basculegion|0 fnt
|faint|p1a: Basculegion
|-damage|p2b: Staraptor|64/100|[from] Recoil
|
|-weather|Sandstorm|[upkeep]
|-damage|p2b: Staraptor|58/100|[from] Sandstorm
|upkeep
|
|t:|1785159363
|switch|p1b: Garchomp|Garchomp, L50, F|100/100
|turn|5
|
|t:|1785159379
|move|p2a: Excadrill|High Horsepower|p1b: Garchomp
|-damage|p1b: Garchomp|49/100
|-damage|p2a: Excadrill|0 fnt|[from] ability: Rough Skin|[of] p1b: Garchomp
|faint|p2a: Excadrill
|move|p1b: Garchomp|Dragon Claw|p2b: Staraptor
|-damage|p2b: Staraptor|30/100
|move|p2b: Staraptor|Close Combat|p1b: Garchomp
|-damage|p1b: Garchomp|0 fnt
|-boost|p2b: Staraptor|def|1
|-boost|p2b: Staraptor|spd|1
|-damage|p2b: Staraptor|18/100|[from] ability: Rough Skin|[of] p1b: Garchomp
|faint|p1b: Garchomp
|
|win|huanyu0.0
|raw|a9106174's rating: 1180 → 1157(-23 for losing)
|raw|huanyu0.0's rating: 1208 → 1231(+23 for winning)
|l|☆a9106174
|player|p1|
