|j|☆JuanGuerrero09
|j|☆clawara
|html|JuanGuerrero09clawara    
|uhtml|bestof|Game 1 of a best-of-3
|t:|1756885660
|gametype|doubles
|player|p1|JuanGuerrero09|2|1073
|player|p2|clawara|101|1040
|gen|9
|tier|[Gen 9] VGC 2025 Reg H (Bo3)
|rated|
|rule|Species Clause: Limit one of each Pokémon
|rule|Item Clause: Limit 1 of each item
|clearpoke
|poke|p1|Sneasler, L50, M|
|poke|p1|Indeedee, L50, M|
|poke|p1|Tyranitar, L50, M|
|poke|p1|Excadrill, L50, M|
|poke|p1|Dragonite, L50, F|
|poke|p1|Volcarona, L50, M|
|poke|p2|Politoed, L50, M|
|poke|p2|Gothitelle, L50, M|
|poke|p2|Incineroar, L50, M|
|poke|p2|Amoonguss, L50, F|
|poke|p2|Kingdra, L50, M|
|poke|p2|Archaludon, L50, F|
|teampreview|4
|showteam|p1|Sneasler||PsychicSeed|Unburden|CloseCombat,DireClaw,ThroatChop,Protect|||M|||50|,,,,,Dark]Indeedee||ChoiceScarf|PsychicSurge|ExpandingForce,TeraBlast,Trick,Protect|||M|||50|,,,,,Fire]Tyranitar||AssaultVest|SandStream|RockSlide,KnockOff,TeraBlast,LowKick|||M|||50|,,,,,Flying]Excadrill||FocusSash|SandRush|HighHorsepower,Earthquake,IronHead,Protect|||M|||50|,,,,,Ground]Dragonite||LoadedDice|Multiscale|ScaleShot,Protect,ExtremeSpeed,Haze|||F|||50|,,,,,Fairy]Volcarona||CovertCloak|FlameBody|Protect,HeatWave,QuiverDance,GigaDrain|||M|||50|,,,,,Fairy
|showteam|p2|Politoed||Leftovers|Drizzle|Protect,WeatherBall,PerishSong,Encore|||M|||50|,,,,,Grass]Gothitelle||SitrusBerry|ShadowTag|Protect,Psychic,FakeOut,TrickRoom|||M|||50|,,,,,Dark]Incineroar||SafetyGoggles|Intimidate|Protect,KnockOff,FakeOut,PartingShot|||M|||50|,,,,,Ghost]Amoonguss||EjectButton|Regenerator|Protect,RagePowder,PollenPuff,Spore|||F|||50|,,,,,Fairy]Kingdra||LifeOrb|SwiftSwim|Protect,WeatherBall,DracoMeteor,MuddyWater|||M|||50|,,,,,Stellar]Archaludon||PowerHerb|Sturdy|Protect,ElectroShot,DragonPulse,FlashCannon|||F|||50|,,,,,Electric
|inactive|Battle timer is ON: inactive players will automatically lose when time's up. (requested by JuanGuerrero09)
|
|t:|1756885713
|teamsize|p1|4
|teamsize|p2|4
|start
|switch|p1a: Sneasler|Sneasler, L50, M|100/100
|switch|p1b: Indeedee|Indeedee, L50, M|100/100
|switch|p2a: Politoed|Politoed, L50, M|100/100
|switch|p2b: Incineroar|Incineroar, L50, M|100/100
|-fieldstart|move: Psychic Terrain|[from] ability: Psychic Surge|[of] p1b: Indeedee
|-enditem|p1a: Sneasler|Psychic Seed
|-boost|p1a: Sneasler|spd|1|[from] item: Psychic Seed
|-weather|RainDance|[from] ability: Drizzle|[of] p2a: Politoed
|-ability|p2b: Incineroar|Intimidate|boost
|-unboost|p1a: Sneasler|atk|1
|-unboost|p1b: Indeedee|atk|1
|turn|1
|inactive|clawara has 30 seconds left.
|
|t:|1756885740
|switch|p1b: Tyranitar|Tyranitar, L50, M|100/100
|-weather|Sandstorm|[from] ability: Sand Stream|[of] p1b: Tyranitar
|-terastallize|p2b: Incineroar|Ghost
|move|p1a: Sneasler|Protect|p1a: Sneasler
|-singleturn|p1a: Sneasler|Protect
|move|p2a: Politoed|Protect|p2a: Politoed
|-singleturn|p2a: Politoed|Protect
|move|p2b: Incineroar|Knock Off|p1b: Tyranitar
|-resisted|p1b: Tyranitar
|-damage|p1b: Tyranitar|86/100
|-enditem|p1b: Tyranitar|Assault Vest|[from] move: Knock Off|[of] p2b: Incineroar
|
|-weather|Sandstorm|[upkeep]
|-damage|p1a: Sneasler|95/100|[from] Sandstorm
|-damage|p2a: Politoed|94/100|[from] Sandstorm
|-heal|p2a: Politoed|100/100|[from] item: Leftovers
|upkeep
|turn|2
|inactive|clawara has 30 seconds left.
|inactive|clawara has 20 seconds left.
|inactive|clawara has 15 seconds left.
|
|t:|1756885781
|-terastallize|p1a: Sneasler|Dark
|move|p1a: Sneasler|Throat Chop|p2b: Incineroar
|-supereffective|p2b: Incineroar
|-damage|p2b: Incineroar|46/100
|-start|p2b: Incineroar|Throat Chop|[silent]
|move|p2a: Politoed|Perish Song|p2a: Politoed
|-start|p1a: Sneasler|perish3|[silent]
|-start|p1b: Tyranitar|perish3|[silent]
|-start|p2a: Politoed|perish3|[silent]
|-start|p2b: Incineroar|perish3|[silent]
|-fieldactivate|move: Perish Song
|move|p1b: Tyranitar|Knock Off|p2a: Politoed
|-damage|p2a: Politoed|43/100
|-enditem|p2a: Politoed|Leftovers|[from] move: Knock Off|[of] p1b: Tyranitar
|cant|p2b: Incineroar|move: Throat Chop
|
|-weather|Sandstorm|[upkeep]
|-damage|p1a: Sneasler|89/100|[from] Sandstorm
|-damage|p2a: Politoed|37/100|[from] Sandstorm
|-start|p1a: Sneasler|perish3
|-start|p2a: Politoed|perish3
|-start|p1b: Tyranitar|perish3
|-start|p2b: Incineroar|perish3
|upkeep
|turn|3
|inactive|JuanGuerrero09 has 30 seconds left.
|inactive|clawara has 30 seconds left.
|inactive|clawara has 20 seconds left.
|
|t:|1756885821
|switch|p2a: Gothitelle|Gothitelle, L50, M|100/100
|switch|p1b: Excadrill|Excadrill, L50, M|100/100
|switch|p2b: Kingdra|Kingdra, L50, M|100/100
|move|p1a: Sneasler|Protect||[still]
|-fail|p1a: Sneasler
|
|-weather|Sandstorm|[upkeep]
|-damage|p1a: Sneasler|83/100|[from] Sandstorm
|-damage|p2b: Kingdra|95/100|[from] Sandstorm
|-damage|p2a: Gothitelle|94/100|[from] Sandstorm
|-start|p1a: Sneasler|perish2
|upkeep
|turn|4
|inactive|JuanGuerrero09 has 30 seconds left.
|inactive|clawara has 30 seconds left.
|inactive|JuanGuerrero09 has 20 seconds left.
|inactive|clawara has 20 seconds left.
|inactive|clawara has 15 seconds left.
|
|t:|1756885865
|switch|p2b: Incineroar|Incineroar, L50, M, tera:Ghost|46/100
|-ability|p2b: Incineroar|Intimidate|boost
|-unboost|p1a: Sneasler|atk|1
|-unboost|p1b: Excadrill|atk|1
|move|p1b: Excadrill|Protect|p1b: Excadrill
|-singleturn|p1b: Excadrill|Protect
|move|p2a: Gothitelle|Protect|p2a: Gothitelle
|-singleturn|p2a: Gothitelle|Protect
|move|p1a: Sneasler|Throat Chop|p2a: Gothitelle
|-activate|p2a: Gothitelle|move: Protect
|
|-weather|Sandstorm|[upkeep]
|-damage|p1a: Sneasler|77/100|[from] Sandstorm
|-damage|p2a: Gothitelle|88/100|[from] Sandstorm
|-start|p1a: Sneasler|perish1
|upkeep
|turn|5
|inactive|JuanGuerrero09 has 30 seconds left.
|inactive|clawara has 30 seconds left.
|inactive|clawara has 20 seconds left.
|inactive|clawara has 15 seconds left.
|inactive|clawara has 10 seconds left.
|inactive|clawara has 5 seconds left.
|
|t:|1756885919
|switch|p2a: Kingdra|Kingdra, L50, M|95/100
|move|p1a: Sneasler|Throat Chop|p2a: Kingdra
|-damage|p2a: Kingdra|66/100
|-start|p2a: Kingdra|Throat Chop|[silent]
|move|p1b: Excadrill|Earthquake|p2a: Kingdra|[spread] p1a,p2a,p2b
|-damage|p1a: Sneasler|29/100
|-damage|p2a: Kingdra|32/100
|-damage|p2b: Incineroar|19/100
|move|p2b: Incineroar|Knock Off|p1b: Excadrill
|-damage|p1b: Excadrill|50/100
|-enditem|p1b: Excadrill|Focus Sash|[from] move: Knock Off|[of] p2b: Incineroar
|
|-weather|none
|-start|p1a: Sneasler|perish0
|-fieldend|move: Psychic Terrain
|upkeep
|faint|p1a: Sneasler
|
|t:|1756885933
|switch|p1a: Indeedee|Indeedee, L50, M|100/100
|-fieldstart|move: Psychic Terrain|[from] ability: Psychic Surge|[of] p1a: Indeedee
|turn|6
|
|t:|1756885949
|switch|p1b: Tyranitar|Tyranitar, L50, M|86/100
|-weather|Sandstorm|[from] ability: Sand Stream|[of] p1b: Tyranitar
|switch|p2b: Politoed|Politoed, L50, M|37/100
|-weather|RainDance|[from] ability: Drizzle|[of] p2b: Politoed
|move|p2a: Kingdra|Muddy Water|p1b: Tyranitar|[spread] p1a,p1b
|-supereffective|p1b: Tyranitar
|-damage|p1a: Indeedee|13/100
|-damage|p1b: Tyranitar|0 fnt
|faint|p1b: Tyranitar
|-damage|p2a: Kingdra|22/100|[from] item: Life Orb
|move|p1a: Indeedee|Expanding Force|p2a: Kingdra|[spread] p2a,p2b
|-damage|p2a: Kingdra|0 fnt
|-damage|p2b: Politoed|0 fnt
|faint|p2a: Kingdra
|faint|p2b: Politoed
|
|-weather|RainDance|[upkeep]
|upkeep
|
|t:|1756885967
|switch|p2a: Incineroar|Incineroar, L50, M, tera:Ghost|19/100
|switch|p2b: Gothitelle|Gothitelle, L50, M|88/100
|switch|p1b: Excadrill|Excadrill, L50, M|50/100
|-ability|p2a: Incineroar|Intimidate|boost
|-unboost|p1a: Indeedee|atk|1
|-unboost|p1b: Excadrill|atk|1
|turn|7
|inactive|clawara has 30 seconds left.
|
|t:|1756885998
|move|p2a: Incineroar|Protect|p2a: Incineroar
|-singleturn|p2a: Incineroar|Protect
|move|p1a: Indeedee|Expanding Force|p2a: Incineroar|[spread] p2b
|-activate|p2a: Incineroar|move: Protect
|-resisted|p2b: Gothitelle
|-damage|p2b: Gothitelle|69/100
|move|p1b: Excadrill|High Horsepower|p2b: Gothitelle
|-damage|p2b: Gothitelle|35/100
|-enditem|p2b: Gothitelle|Sitrus Berry|[eat]
|-heal|p2b: Gothitelle|60/100|[from] item: Sitrus Berry
|move|p2b: Gothitelle|Trick Room|p2b: Gothitelle
|-fieldstart|move: Trick Room|[of] p2b: Gothitelle
|
|-weather|RainDance|[upkeep]
|upkeep
|turn|8
|inactive|JuanGuerrero09 has 30 seconds left.
|inactive|clawara has 30 seconds left.
|
|t:|1756886025
|move|p2a: Incineroar|Knock Off|p1b: Excadrill
|-damage|p1b: Excadrill|9/100
|move|p2b: Gothitelle|Psychic|p1a: Indeedee
|-resisted|p1a: Indeedee
|-crit|p1a: Indeedee
|-damage|p1a: Indeedee|0 fnt
|faint|p1a: Indeedee
|move|p1b: Excadrill|High Horsepower|p2b: Gothitelle
|-damage|p2b: Gothitelle|28/100
|
|-weather|RainDance|[upkeep]
|upkeep
|turn|9
|
|t:|1756886035
|move|p1b: Excadrill|Protect|p1b: Excadrill
|-singleturn|p1b: Excadrill|Protect
|move|p2a: Incineroar|Knock Off|p1b: Excadrill
|-activate|p1b: Excadrill|move: Protect
|move|p2b: Gothitelle|Psychic|p1b: Excadrill
|-activate|p1b: Excadrill|move: Protect
|
|-weather|RainDance|[upkeep]
|upkeep
|turn|10
|
|t:|1756886044
|move|p2a: Incineroar|Knock Off|p1b: Excadrill
|-damage|p1b: Excadrill|0 fnt
|faint|p1b: Excadrill
|
|win|clawara
