|j|☆falafeeeel
|j|☆itsmako psoe
|html|falafeeeelitsmako psoe    
|uhtml|bestof|Game 3 of a best-of-3
|t:|1782225114
|gametype|doubles
|player|p1|falafeeeel|ghetsis|1132
|player|p2|itsmako psoe|benga|1091
|gen|9
|tier|[Gen 9 Champions] VGC 2026 Reg M-B (Bo3)
|rated|
|rule|Species Clause: Limit one of each Pokémon
|rule|Item Clause: Limit 1 of each item
|clearpoke
|poke|p1|Pyroar, L50, F, shiny|
|poke|p1|Whimsicott, L50, F|
|poke|p1|Basculegion, L50, M|
|poke|p1|Annihilape, L50, M|
|poke|p1|Maushold, L50|
|poke|p1|Aerodactyl, L50, F, shiny|
|poke|p2|Staraptor, L50, M|
|poke|p2|Aegislash, L50, M|
|poke|p2|Farigiraf, L50, M|
|poke|p2|Grimmsnarl, L50, M|
|poke|p2|Whimsicott, L50, M|
|poke|p2|Garchomp, L50, M|
|teampreview|4
|showteam|p1|Pyroar||Pyroarite|Unnerve|Overheat,HeatWave,SolarBeam,Protect|Timid||F|||50|]Whimsicott||FocusSash|Prankster|Tailwind,Moonblast,SunnyDay,Protect|Timid||F|||50|]Basculegion||LifeOrb|Adaptability|Liquidation,LastRespects,AquaJet,Protect|Jolly||M|||50|]Annihilape||SitrusBerry|Defiant|DrainPunch,RageFist,BulkUp,Protect|Jolly||M|||50|]Maushold||ChopleBerry|FriendGuard|FollowMe,SuperFang,BeatUp,Protect|Impish|||||50|]Aerodactyl||Aerodactylite|Unnerve|RockSlide,DualWingbeat,Tailwind,Protect|Jolly||F|||50|
|showteam|p2|Staraptor||Staraptite|Intimidate|CloseCombat,BraveBird,Whirlwind,Roost|Adamant||M|||50|]Aegislash||Leftovers|StanceChange|KingsShield,ShadowSneak,FlashCannon,ShadowBall|Calm||M|||50|]Farigiraf||SitrusBerry|ArmorTail|TwinBeam,Protect,TrickRoom,DazzlingGleam|Quiet||M|||50|]Grimmsnarl||LightClay|Prankster|FoulPlay,PartingShot,LightScreen,Reflect|Modest||M|||50|]Whimsicott||FocusSash|Prankster|Tailwind,Moonblast,Encore,Tickle|Bold||M|||50|]Garchomp||LifeOrb|RoughSkin|Earthquake,RockSlide,Protect,DragonClaw|Adamant||M|||50|
|inactive|Battle timer is ON: inactive players will automatically lose when time's up. (requested by falafeeeel)
|inactive|itsmako psoe also wants the timer to be on.
|
|t:|1782225122
|teamsize|p1|4
|teamsize|p2|4
|start
|switch|p1a: Aerodactyl|Aerodactyl, L50, F, shiny|100/100
|switch|p1b: Maushold|Maushold, L50|100/100
|switch|p2a: Whimsicott|Whimsicott, L50, M|100/100
|switch|p2b: Staraptor|Staraptor, L50, M|100/100
|-ability|p1a: Aerodactyl|Unnerve
|-ability|p2b: Staraptor|Intimidate|boost
|-unboost|p1a: Aerodactyl|atk|1
|-unboost|p1b: Maushold|atk|1
|turn|1
|
|t:|1782225134
|detailschange|p1a: Aerodactyl|Aerodactyl-Mega, L50, F, shiny
|-mega|p1a: Aerodactyl|Aerodactyl|Aerodactylite
|detailschange|p2b: Staraptor|Staraptor-Mega, L50, M
|-mega|p2b: Staraptor|Staraptor|Staraptite
|move|p1b: Maushold|Follow Me|p1b: Maushold
|-singleturn|p1b: Maushold|move: Follow Me
|move|p2a: Whimsicott|Tailwind|p2a: Whimsicott
|-sidestart|p2: itsmako psoe|move: Tailwind
|move|p2b: Staraptor|Close Combat|p1b: Maushold
|-supereffective|p1b: Maushold|1
|-enditem|p1b: Maushold|Chople Berry|[eat]
|-enditem|p1b: Maushold|Chople Berry|[weaken]
|-damage|p1b: Maushold|27/100
|-boost|p2b: Staraptor|def|1
|-boost|p2b: Staraptor|spd|1
|move|p1a: Aerodactyl|Dual Wingbeat|p2b: Staraptor
|-supereffective|p2b: Staraptor|1
|-damage|p2b: Staraptor|73/100
|-supereffective|p2b: Staraptor|1
|-damage|p2b: Staraptor|48/100
|-hitcount|p2b: Staraptor|2
|
|upkeep
|turn|2
|
|t:|1782225149
|move|p1b: Maushold|Follow Me|p1b: Maushold
|-singleturn|p1b: Maushold|move: Follow Me
|move|p2a: Whimsicott|Tickle|p1b: Maushold
|-unboost|p1b: Maushold|atk|1
|-unboost|p1b: Maushold|def|1
|move|p2b: Staraptor|Close Combat|p1b: Maushold
|-supereffective|p1b: Maushold|1
|-damage|p1b: Maushold|0 fnt
|-boost|p2b: Staraptor|def|1
|-boost|p2b: Staraptor|spd|1
|faint|p1b: Maushold
|move|p1a: Aerodactyl|Dual Wingbeat|p2b: Staraptor
|-supereffective|p2b: Staraptor|1
|-damage|p2b: Staraptor|32/100
|-supereffective|p2b: Staraptor|1
|-damage|p2b: Staraptor|13/100
|-hitcount|p2b: Staraptor|2
|
|upkeep
|
|t:|1782225157
|switch|p1b: Basculegion|Basculegion, L50, M|100/100
|turn|3
|
|t:|1782225173
|move|p2a: Whimsicott|Tickle|p2b: Staraptor
|-boost|p2b: Staraptor|atk|1
|-boost|p2b: Staraptor|def|1
|move|p1b: Basculegion|Aqua Jet|p2b: Staraptor
|-damage|p2b: Staraptor|0 fnt
|faint|p2b: Staraptor
|-damage|p1b: Basculegion|90/100|[from] item: Life Orb
|move|p1a: Aerodactyl|Dual Wingbeat|p2a: Whimsicott
|-supereffective|p2a: Whimsicott|1
|-damage|p2a: Whimsicott|56/100
|-supereffective|p2a: Whimsicott|1
|-damage|p2a: Whimsicott|17/100
|-hitcount|p2a: Whimsicott|2
|
|upkeep
|
|t:|1782225181
|switch|p2b: Aegislash|Aegislash, L50, M|100/100
|turn|4
|inactive|falafeeeel has 30 seconds left.
|
|t:|1782225207
|switch|p2a: Garchomp|Garchomp, L50, M|100/100
|move|p1b: Basculegion|Protect|p1b: Basculegion
|-singleturn|p1b: Basculegion|Protect
|move|p1a: Aerodactyl|Rock Slide|p2a: Garchomp|[spread] p2a,p2b
|-resisted|p2a: Garchomp|1
|-resisted|p2b: Aegislash|1
|-damage|p2a: Garchomp|90/100
|-damage|p2b: Aegislash|92/100
|cant|p2b: Aegislash|flinch
|
|-heal|p2b: Aegislash|98/100|[from] item: Leftovers
|-sideend|p2: itsmako psoe|move: Tailwind
|upkeep
|turn|5
|
|t:|1782225225
|switch|p1b: Annihilape|Annihilape, L50, M|100/100
|move|p1a: Aerodactyl|Tailwind|p1a: Aerodactyl
|-sidestart|p1: falafeeeel|move: Tailwind
|move|p2a: Garchomp|Rock Slide|p1b: Annihilape|[spread] p1a,p1b
|-supereffective|p1a: Aerodactyl|1
|-crit|p1a: Aerodactyl
|-resisted|p1b: Annihilape|1
|-damage|p1a: Aerodactyl|10/100
|-damage|p1b: Annihilape|89/100
|-damage|p2a: Garchomp|80/100|[from] item: Life Orb
|-formechange|p2b: Aegislash|Aegislash-Blade|
|move|p2b: Aegislash|Shadow Ball|p1b: Annihilape
|-supereffective|p1b: Annihilape|1
|-damage|p1b: Annihilape|22/100
|-enditem|p1b: Annihilape|Sitrus Berry|[eat]
|-heal|p1b: Annihilape|47/100|[from] item: Sitrus Berry
|
|-heal|p2b: Aegislash|100/100|[from] item: Leftovers
|upkeep
|turn|6
|inactive|falafeeeel has 30 seconds left.
|
|t:|1782225252
|-formechange|p2b: Aegislash|Aegislash|
|move|p2b: Aegislash|King's Shield|p2b: Aegislash
|-singleturn|p2b: Aegislash|Protect
|move|p1a: Aerodactyl|Rock Slide|p2b: Aegislash|[spread] p2a
|-activate|p2b: Aegislash|move: Protect
|-resisted|p2a: Garchomp|1
|-damage|p2a: Garchomp|71/100
|move|p1b: Annihilape|Rage Fist|p2a: Garchomp
|-damage|p2a: Garchomp|19/100
|-damage|p1b: Annihilape|35/100|[from] ability: Rough Skin|[of] p2a: Garchomp
|move|p2a: Garchomp|Rock Slide|p1b: Annihilape|[spread] p1a,p1b
|-supereffective|p1a: Aerodactyl|1
|-resisted|p1b: Annihilape|1
|-damage|p1a: Aerodactyl|0 fnt
|-damage|p1b: Annihilape|25/100
|faint|p1a: Aerodactyl
|-damage|p2a: Garchomp|9/100|[from] item: Life Orb
|
|upkeep
|
|t:|1782225263
|switch|p1a: Basculegion|Basculegion, L50, M|90/100
|turn|7
|
|t:|1782225283
|move|p1b: Annihilape|Protect|p1b: Annihilape
|-singleturn|p1b: Annihilape|Protect
|move|p1a: Basculegion|Last Respects|p2b: Aegislash
|-supereffective|p2b: Aegislash|1
|-damage|p2b: Aegislash|0 fnt
|faint|p2b: Aegislash
|-damage|p1a: Basculegion|80/100|[from] item: Life Orb
|move|p2a: Garchomp|Rock Slide|p1b: Annihilape|[spread] 
|-activate|p1b: Annihilape|move: Protect
|-miss|p2a: Garchomp|p1a: Basculegion
|
|upkeep
|
|t:|1782225294
|switch|p2b: Whimsicott|Whimsicott, L50, M|17/100
|turn|8
|
|t:|1782225299
|move|p1a: Basculegion|Aqua Jet|p2a: Garchomp
|-crit|p2a: Garchomp
|-damage|p2a: Garchomp|0 fnt
|-damage|p1a: Basculegion|68/100|[from] ability: Rough Skin|[of] p2a: Garchomp
|faint|p2a: Garchomp
|-damage|p1a: Basculegion|58/100|[from] item: Life Orb
|move|p2b: Whimsicott|Tailwind|p2b: Whimsicott
|-sidestart|p2: itsmako psoe|move: Tailwind
|move|p1b: Annihilape|Rage Fist|p2b: Whimsicott
|-damage|p2b: Whimsicott|0 fnt
|faint|p2b: Whimsicott
|
|win|falafeeeel
|raw|falafeeeel's rating: 1132 → 1154(+22 for winning)
|raw|itsmako psoe's rating: 1091 → 1070(-21 for losing)
