|j|☆princeofunderworld
|j|☆tamagotchai-02
|html|princeofunderworldtamagotchai-02    
|uhtml|bestof|Game 2 of a best-of-3
|t:|1785375769
|gametype|doubles
|player|p1|princeofunderworld|102|1116
|player|p2|tamagotchai-02|169|1035
|gen|9
|tier|[Gen 9 Champions] VGC 2026 Reg M-B (Bo3)
|rated|
|rule|Species Clause: Limit one of each Pokémon
|rule|Item Clause: Limit 1 of each item
|clearpoke
|poke|p1|Blastoise, L50, F|
|poke|p1|Kingambit, L50, F|
|poke|p1|Whimsicott, L50, M|
|poke|p1|Incineroar, L50, F|
|poke|p1|Farigiraf, L50, F|
|poke|p1|Garchomp, L50, M|
|poke|p2|Staraptor, L50, F|
|poke|p2|Grimmsnarl, L50, M|
|poke|p2|Garchomp, L50, F|
|poke|p2|Gholdengo, L50|
|poke|p2|Sinistcha, L50|
|poke|p2|Incineroar, L50, M|
|teampreview|4
|showteam|p1|Blastoise||Blastoisinite|Torrent|MuddyWater,AuraSphere,Protect,IceBeam|Modest||F|||50|]Kingambit||LifeOrb|Defiant|KowtowCleave,SuckerPunch,Protect,IronHead|Adamant||F|||50|]Whimsicott||FocusSash|Prankster|Moonblast,Tailwind,Taunt,WorrySeed|Timid||M|||50|]Incineroar||ChopleBerry|Intimidate|PartingShot,FlareBlitz,ThroatChop,FakeOut|Adamant||F|||50|]Farigiraf||SitrusBerry|ArmorTail|TwinBeam,Thunderbolt,Protect,HelpingHand|Sassy||F|||50|]Garchomp||Garchompite|SandVeil|PowerGem,EarthPower,Protect,DracoMeteor|Modest||M|||50|
|showteam|p2|Staraptor||Staraptite|Intimidate|Protect,Roost,CloseCombat,BraveBird|Jolly||F|||50|]Grimmsnarl||LightClay|Prankster|PartingShot,LightScreen,Reflect,FoulPlay|Careful||M|||50|]Garchomp||LifeOrb|RoughSkin|Protect,RockSlide,DragonClaw,Earthquake|Jolly||F|||50|]Gholdengo||Leftovers|GoodasGold|Protect,NastyPlot,ShadowBall,MakeItRain|Modest|||||50|]Sinistcha||KasibBerry|Hospitality|Protect,TrickRoom,RagePowder,MatchaGotcha|Relaxed|||||50|]Incineroar||SitrusBerry|Intimidate|PartingShot,ThroatChop,FlareBlitz,FakeOut|Careful||M|||50|
|inactive|Battle timer is ON: inactive players will automatically lose when time's up. (requested by tamagotchai-02)
|inactive|princeofunderworld also wants the timer to be on.
|
|t:|1785375789
|teamsize|p1|4
|teamsize|p2|4
|start
|switch|p1a: Whimsicott|Whimsicott, L50, M|100/100
|switch|p1b: Garchomp|Garchomp, L50, M|100/100
|switch|p2a: Gholdengo|Gholdengo, L50|100/100
|switch|p2b: Sinistcha|Sinistcha, L50|100/100
|turn|1
|
|t:|1785375795
|detailschange|p1b: Garchomp|Garchomp-Mega, L50, M
|-mega|p1b: Garchomp|Garchomp|Garchompite
|move|p2b: Sinistcha|Rage Powder|p2b: Sinistcha
|-singleturn|p2b: Sinistcha|move: Rage Powder
|move|p1a: Whimsicott|Taunt|p2b: Sinistcha
|-start|p2b: Sinistcha|move: Taunt
|move|p1b: Garchomp|Earth Power|p2b: Sinistcha
|-resisted|p2b: Sinistcha|1
|-damage|p2b: Sinistcha|78/100
|move|p2a: Gholdengo|Nasty Plot|p2a: Gholdengo
|-boost|p2a: Gholdengo|spa|2
|
|upkeep
|turn|2
|
|t:|1785375801
|switch|p2b: Garchomp|Garchomp, L50, F|100/100
|move|p2a: Gholdengo|Protect|p2a: Gholdengo
|-singleturn|p2a: Gholdengo|Protect
|move|p1a: Whimsicott|Tailwind|p1a: Whimsicott
|-sidestart|p1: princeofunderworld|move: Tailwind
|move|p1b: Garchomp|Earth Power|p2a: Gholdengo
|-activate|p2a: Gholdengo|move: Protect
|
|upkeep
|turn|3
|
|t:|1785375814
|switch|p1a: Incineroar|Incineroar, L50, F|100/100
|-ability|p1a: Incineroar|Intimidate|boost
|-unboost|p2a: Gholdengo|atk|1
|-unboost|p2b: Garchomp|atk|1
|move|p2a: Gholdengo|Protect||[still]
|-fail|p2a: Gholdengo
|move|p1b: Garchomp|Earth Power|p2a: Gholdengo
|-supereffective|p2a: Gholdengo|1
|-damage|p2a: Gholdengo|18/100
|-unboost|p2a: Gholdengo|spd|1
|move|p2b: Garchomp|Dragon Claw|p1b: Garchomp
|-supereffective|p1b: Garchomp|1
|-crit|p1b: Garchomp
|-damage|p1b: Garchomp|0 fnt
|faint|p1b: Garchomp
|-damage|p2b: Garchomp|90/100|[from] item: Life Orb
|
|-heal|p2a: Gholdengo|24/100|[from] item: Leftovers
|upkeep
|
|t:|1785375826
|switch|p1b: Whimsicott|Whimsicott, L50, M|100/100
|turn|4
|
|t:|1785375832
|move|p2b: Garchomp|Protect|p2b: Garchomp
|-singleturn|p2b: Garchomp|Protect
|move|p2a: Gholdengo|Protect|p2a: Gholdengo
|-singleturn|p2a: Gholdengo|Protect
|move|p1b: Whimsicott|Moonblast|p2b: Garchomp
|-activate|p2b: Garchomp|move: Protect
|move|p1a: Incineroar|Throat Chop|p2a: Gholdengo
|-activate|p2a: Gholdengo|move: Protect
|
|-heal|p2a: Gholdengo|30/100|[from] item: Leftovers
|upkeep
|turn|5
|
|t:|1785375838
|switch|p2b: Incineroar|Incineroar, L50, M|100/100
|-ability|p2b: Incineroar|Intimidate|boost
|-unboost|p1a: Incineroar|atk|1
|-unboost|p1b: Whimsicott|atk|1
|switch|p2a: Sinistcha|Sinistcha, L50|78/100
|move|p1b: Whimsicott|Moonblast|p2b: Incineroar
|-damage|p2b: Incineroar|79/100
|move|p1a: Incineroar|Throat Chop|p2a: Sinistcha
|-supereffective|p2a: Sinistcha|1
|-damage|p2a: Sinistcha|26/100
|-start|p2a: Sinistcha|Throat Chop|[silent]
|
|-sideend|p1: princeofunderworld|move: Tailwind
|upkeep
|turn|6
|
|t:|1785375845
|switch|p1b: Farigiraf|Farigiraf, L50, F|100/100
|move|p2a: Sinistcha|Protect|p2a: Sinistcha
|-singleturn|p2a: Sinistcha|Protect
|move|p2b: Incineroar|Parting Shot|p1a: Incineroar
|-unboost|p1a: Incineroar|atk|1
|-unboost|p1a: Incineroar|spa|1
|
|t:|1785375845
|switch|p2b: Gholdengo|Gholdengo, L50|30/100|[from] Parting Shot
|move|p1a: Incineroar|Throat Chop|p2a: Sinistcha
|-activate|p2a: Sinistcha|move: Protect
|
|-heal|p2b: Gholdengo|36/100|[from] item: Leftovers
|-end|p2a: Sinistcha|Throat Chop|[silent]
|upkeep
|turn|7
|l|☆princeofunderworld
|inactive|princeofunderworld disconnected and has a minute to reconnect!
|player|p1|
|inactive|princeofunderworld has 30 seconds left.
|inactive|princeofunderworld has 20 seconds left.
|inactive|princeofunderworld has 15 seconds left.
|inactive|princeofunderworld has 10 seconds left.
|inactive|princeofunderworld has 5 seconds left.
|-message|princeofunderworld lost due to inactivity.
|
|win|tamagotchai-02
|raw|princeofunderworld's rating: 1116 → 1085(-31 for losing)
|raw|tamagotchai-02's rating: 1035 → 1078(+43 for winning)
|l|☆tamagotchai-02
|player|p2|
|j| tedidn
