|j|☆StrengthOfADragon
|j|☆feffixxd4
|html|StrengthOfADragonfeffixxd4    
|uhtml|bestof|Game 1 of a best-of-3
|t:|1756495679
|gametype|doubles
|player|p1|StrengthOfADragon|1|1125
|player|p2|feffixxd4|ghetsis-gen5bw|1000
|gen|9
|tier|[Gen 9] VGC 2025 Reg H (Bo3)
|rated|
|rule|Species Clause: Limit one of each Pokémon
|rule|Item Clause: Limit 1 of each item
|clearpoke
|poke|p1|Dragonite, L50, M|
|poke|p1|Volcarona, L50, F|
|poke|p1|Sneasler, L50, M|
|poke|p1|Rillaboom, L50, M|
|poke|p1|Electabuzz, L50, M|
|poke|p1|Kingambit, L50, M|
|poke|p2|Politoed, L50, F|
|poke|p2|Gothitelle, L50, F|
|poke|p2|Incineroar, L50, M|
|poke|p2|Amoonguss, L50, F|
|poke|p2|Kingdra, L50, M|
|poke|p2|Archaludon, L50, M|
|teampreview|4
|showteam|p1|Dragonite||LoadedDice|Multiscale|ScaleShot,ExtremeSpeed,Haze,Protect|||M|||50|,,,,,Fairy]Volcarona||CovertCloak|FlameBody|HeatWave,TeraBlast,QuiverDance,Protect|||F|||50|,,,,,Fairy]Sneasler||FocusSash|Unburden|CloseCombat,DireClaw,Coaching,Protect|||M|||50|,,,,,Stellar]Rillaboom||AssaultVest|GrassySurge|WoodHammer,GrassyGlide,HighHorsepower,FakeOut|||M|||50|,,,,,Water]Electabuzz||Eviolite|VitalSpirit|VoltSwitch,FollowMe,Taunt,Protect|||M|||50|,,,,,Ghost]Kingambit||BlackGlasses|Defiant|KowtowCleave,SuckerPunch,SwordsDance,Protect|||M|||50|,,,,,Dark
|showteam|p2|Politoed||Leftovers|Drizzle|Protect,WeatherBall,PerishSong,Encore|||F|||50|,,,,,Grass]Gothitelle||SitrusBerry|ShadowTag|Protect,Psychic,FakeOut,TrickRoom|||F|||50|,,,,,Dark]Incineroar||SafetyGoggles|Intimidate|Protect,KnockOff,FakeOut,PartingShot|||M|||50|,,,,,Ghost]Amoonguss||EjectButton|Regenerator|Protect,RagePowder,PollenPuff,Spore|||F|||50|,,,,,Fairy]Kingdra||LifeOrb|SwiftSwim|Protect,WeatherBall,DracoMeteor,MuddyWater|||M|||50|,,,,,Stellar]Archaludon||PowerHerb|Sturdy|Protect,ElectroShot,DragonPulse,FlashCannon|||M|||50|,,,,,Electric
|inactive|Battle timer is ON: inactive players will automatically lose when time's up. (requested by StrengthOfADragon)
|inactive|feffixxd4 also wants the timer to be on.
|inactive|StrengthOfADragon has 60 seconds left.
|inactive|feffixxd4 has 60 seconds left.
|inactive|StrengthOfADragon has 30 seconds left.
|
|t:|1756495740
|teamsize|p1|4
|teamsize|p2|4
|start
|switch|p1a: Electabuzz|Electabuzz, L50, M, shiny|100/100
|switch|p1b: Dragonite|Dragonite, L50, M, shiny|100/100
|switch|p2a: Archaludon|Archaludon, L50, M|100/100
|switch|p2b: Gothitelle|Gothitelle, L50, F|100/100
|turn|1
|inactive|feffixxd4 has 30 seconds left.
|inactive|feffixxd4 has 20 seconds left.
|
|t:|1756495779
|move|p2b: Gothitelle|Fake Out|p1a: Electabuzz
|-damage|p1a: Electabuzz|96/100
|cant|p1a: Electabuzz|flinch
|move|p2a: Archaludon|Electro Shot||[still]
|-prepare|p2a: Archaludon|Electro Shot
|-boost|p2a: Archaludon|spa|1
|-enditem|p2a: Archaludon|Power Herb
|-anim|p2a: Archaludon|Electro Shot|p1b: Dragonite
|-damage|p1b: Dragonite|68/100
|move|p1b: Dragonite|Scale Shot|p2a: Archaludon
|-damage|p2a: Archaludon|88/100
|-damage|p2a: Archaludon|75/100
|-damage|p2a: Archaludon|62/100
|-damage|p2a: Archaludon|49/100
|-damage|p2a: Archaludon|35/100
|-hitcount|p2a: Archaludon|5
|-unboost|p1b: Dragonite|def|1
|-boost|p1b: Dragonite|spe|1
|
|upkeep
|turn|2
|c|☆StrengthOfADragon|GL, I tried that team for a while, it's a hard one to pilot
|inactive|StrengthOfADragon has 30 seconds left.
|
|t:|1756495813
|switch|p2b: Incineroar|Incineroar, L50, M|100/100
|-ability|p2b: Incineroar|Intimidate|boost
|-unboost|p1a: Electabuzz|atk|1
|-unboost|p1b: Dragonite|atk|1
|move|p2a: Archaludon|Protect|p2a: Archaludon
|-singleturn|p2a: Archaludon|Protect
|move|p1a: Electabuzz|Follow Me|p1a: Electabuzz
|-singleturn|p1a: Electabuzz|move: Follow Me
|move|p1b: Dragonite|Scale Shot|p2a: Archaludon
|-activate|p2a: Archaludon|move: Protect
|
|upkeep
|turn|3
|inactive|StrengthOfADragon has 30 seconds left.
|inactive|feffixxd4 has 30 seconds left.
|inactive|feffixxd4 has 20 seconds left.
|
|t:|1756495855
|move|p1b: Dragonite|Protect|p1b: Dragonite
|-singleturn|p1b: Dragonite|Protect
|move|p1a: Electabuzz|Protect|p1a: Electabuzz
|-singleturn|p1a: Electabuzz|Protect
|move|p2a: Archaludon|Electro Shot||[still]
|-prepare|p2a: Archaludon|Electro Shot
|-boost|p2a: Archaludon|spa|1
|move|p2b: Incineroar|Knock Off|p1b: Dragonite
|-activate|p1b: Dragonite|move: Protect
|
|upkeep
|turn|4
|
|t:|1756495868
|move|p1a: Electabuzz|Follow Me|p1a: Electabuzz
|-singleturn|p1a: Electabuzz|move: Follow Me
|move|p1b: Dragonite|Scale Shot|p2a: Archaludon
|-damage|p2a: Archaludon|28/100
|-damage|p2a: Archaludon|19/100
|-damage|p2a: Archaludon|11/100
|-damage|p2a: Archaludon|2/100
|-hitcount|p2a: Archaludon|4
|-unboost|p1b: Dragonite|def|1
|-boost|p1b: Dragonite|spe|1
|move|p2a: Archaludon|Electro Shot|p1a: Electabuzz|[from] lockedmove
|-resisted|p1a: Electabuzz
|-damage|p1a: Electabuzz|61/100
|move|p2b: Incineroar|Knock Off|p1a: Electabuzz
|-damage|p1a: Electabuzz|31/100
|-enditem|p1a: Electabuzz|Eviolite|[from] move: Knock Off|[of] p2b: Incineroar
|
|upkeep
|turn|5
|c|☆feffixxd4|You cannot hate this core
|inactive|StrengthOfADragon has 30 seconds left.
|inactive|feffixxd4 has 30 seconds left.
|
|t:|1756495894
|switch|p1a: Rillaboom|Rillaboom, L50, M|100/100
|-fieldstart|move: Grassy Terrain|[from] ability: Grassy Surge|[of] p1a: Rillaboom
|move|p2a: Archaludon|Protect|p2a: Archaludon
|-singleturn|p2a: Archaludon|Protect
|move|p1b: Dragonite|Extreme Speed|p2a: Archaludon
|-activate|p2a: Archaludon|move: Protect
|move|p2b: Incineroar|Parting Shot|p1b: Dragonite
|-unboost|p1b: Dragonite|atk|1
|-unboost|p1b: Dragonite|spa|1
|
|t:|1756495907
|switch|p2b: Politoed|Politoed, L50, F|100/100|[from] Parting Shot
|-weather|RainDance|[from] ability: Drizzle|[of] p2b: Politoed
|
|-weather|RainDance|[upkeep]
|-heal|p2a: Archaludon|8/100|[from] Grassy Terrain
|upkeep
|turn|6
|inactive|StrengthOfADragon has 30 seconds left.
|
|t:|1756495934
|-terastallize|p2b: Politoed|Grass
|move|p1b: Dragonite|Extreme Speed|p2a: Archaludon
|-resisted|p2a: Archaludon
|-damage|p2a: Archaludon|1/100
|move|p2a: Archaludon|Electro Shot||[still]
|-prepare|p2a: Archaludon|Electro Shot
|-boost|p2a: Archaludon|spa|1
|-anim|p2a: Archaludon|Electro Shot|p1b: Dragonite
|-damage|p1b: Dragonite|0 fnt
|faint|p1b: Dragonite
|move|p1a: Rillaboom|Wood Hammer|p2b: Politoed
|-resisted|p2b: Politoed
|-damage|p2b: Politoed|60/100
|-damage|p1a: Rillaboom|88/100|[from] Recoil
|move|p2b: Politoed|Perish Song|p2b: Politoed
|-start|p1a: Rillaboom|perish3|[silent]
|-start|p2a: Archaludon|perish3|[silent]
|-start|p2b: Politoed|perish3|[silent]
|-fieldactivate|move: Perish Song
|
|-weather|RainDance|[upkeep]
|-heal|p2a: Archaludon|7/100|[from] Grassy Terrain
|-heal|p1a: Rillaboom|94/100|[from] Grassy Terrain
|-heal|p2b: Politoed|66/100|[from] Grassy Terrain
|-heal|p2b: Politoed|72/100|[from] item: Leftovers
|-start|p2a: Archaludon|perish3
|-start|p1a: Rillaboom|perish3
|-start|p2b: Politoed|perish3
|upkeep
|
|t:|1756495945
|switch|p1b: Kingambit|Kingambit, L50, M, shiny|100/100
|turn|7
|inactive|StrengthOfADragon has 30 seconds left.
|inactive|feffixxd4 has 30 seconds left.
|inactive|feffixxd4 has 20 seconds left.
|
|t:|1756495985
|move|p2a: Archaludon|Protect|p2a: Archaludon
|-singleturn|p2a: Archaludon|Protect
|move|p2b: Politoed|Protect|p2b: Politoed
|-singleturn|p2b: Politoed|Protect
|move|p1a: Rillaboom|Grassy Glide|p2a: Archaludon
|-activate|p2a: Archaludon|move: Protect
|move|p1b: Kingambit|Swords Dance|p1b: Kingambit
|-boost|p1b: Kingambit|atk|2
|
|-weather|RainDance|[upkeep]
|-heal|p2a: Archaludon|13/100|[from] Grassy Terrain
|-heal|p1a: Rillaboom|99/100|[from] Grassy Terrain
|-heal|p2b: Politoed|78/100|[from] Grassy Terrain
|-heal|p2b: Politoed|84/100|[from] item: Leftovers
|-start|p2a: Archaludon|perish2
|-start|p1a: Rillaboom|perish2
|-start|p2b: Politoed|perish2
|upkeep
|turn|8
|
|t:|1756496007
|switch|p2a: Gothitelle|Gothitelle, L50, F|100/100
|switch|p1a: Electabuzz|Electabuzz, L50, M, shiny|31/100
|move|p1b: Kingambit|Sucker Punch||[still]
|-fail|p1b: Kingambit
|move|p2b: Politoed|Encore|p1b: Kingambit
|-start|p1b: Kingambit|Encore
|
|-weather|RainDance|[upkeep]
|-heal|p1a: Electabuzz|37/100|[from] Grassy Terrain
|-heal|p2b: Politoed|90/100|[from] Grassy Terrain
|-heal|p2b: Politoed|96/100|[from] item: Leftovers
|-start|p2b: Politoed|perish1
|upkeep
|turn|9
|inactive|StrengthOfADragon has 30 seconds left.
|inactive|feffixxd4 has 30 seconds left.
|
|t:|1756496040
|switch|p2b: Archaludon|Archaludon, L50, M|13/100
|move|p2a: Gothitelle|Fake Out|p1a: Electabuzz
|-damage|p1a: Electabuzz|30/100
|move|p1b: Kingambit|Sucker Punch||[still]
|-fail|p1b: Kingambit
|cant|p1a: Electabuzz|flinch
|
|-weather|none
|-heal|p2b: Archaludon|19/100|[from] Grassy Terrain
|-heal|p1a: Electabuzz|36/100|[from] Grassy Terrain
|-fieldend|move: Grassy Terrain
|upkeep
|turn|10
|c|☆feffixxd4|Now this is a pin
|inactive|feffixxd4 has 30 seconds left.
|
|t:|1756496073
|switch|p2a: Politoed|Politoed, L50, F, tera:Grass|96/100
|-weather|RainDance|[from] ability: Drizzle|[of] p2a: Politoed
|move|p1b: Kingambit|Sucker Punch|p2b: Archaludon
|-damage|p2b: Archaludon|0 fnt
|faint|p2b: Archaludon
|move|p1a: Electabuzz|Volt Switch|p2a: Politoed
|-resisted|p2a: Politoed
|-damage|p2a: Politoed|88/100
|
|t:|1756496082
|switch|p1a: Rillaboom|Rillaboom, L50, M|99/100|[from] Volt Switch
|-fieldstart|move: Grassy Terrain|[from] ability: Grassy Surge|[of] p1a: Rillaboom
|
|-weather|RainDance|[upkeep]
|-heal|p1a: Rillaboom|100/100|[from] Grassy Terrain
|-heal|p2a: Politoed|94/100|[from] Grassy Terrain
|-heal|p2a: Politoed|99/100|[from] item: Leftovers
|upkeep
|
|t:|1756496097
|switch|p2b: Gothitelle|Gothitelle, L50, F|100/100
|turn|11
|inactive|StrengthOfADragon has 30 seconds left.
|inactive|StrengthOfADragon has 20 seconds left.
|inactive|StrengthOfADragon has 15 seconds left.
|
|t:|1756496141
|move|p1a: Rillaboom|Fake Out|p2a: Politoed
|-damage|p2a: Politoed|84/100
|move|p2b: Gothitelle|Fake Out|p1b: Kingambit
|-resisted|p1b: Kingambit
|-damage|p1b: Kingambit|98/100
|cant|p1b: Kingambit|flinch
|cant|p2a: Politoed|flinch
|
|-weather|RainDance|[upkeep]
|-heal|p2a: Politoed|90/100|[from] Grassy Terrain
|-heal|p2a: Politoed|96/100|[from] item: Leftovers
|-heal|p1b: Kingambit|100/100|[from] Grassy Terrain
|-end|p1b: Kingambit|Encore
|upkeep
|turn|12
|inactive|StrengthOfADragon has 30 seconds left.
|inactive|feffixxd4 has 30 seconds left.
|
|t:|1756496172
|move|p2b: Gothitelle|Protect|p2b: Gothitelle
|-singleturn|p2b: Gothitelle|Protect
|move|p1a: Rillaboom|Grassy Glide|p2b: Gothitelle
|-activate|p2b: Gothitelle|move: Protect
|move|p2a: Politoed|Perish Song|p2a: Politoed
|-start|p1a: Rillaboom|perish3|[silent]
|-start|p1b: Kingambit|perish3|[silent]
|-start|p2a: Politoed|perish3|[silent]
|-start|p2b: Gothitelle|perish3|[silent]
|-fieldactivate|move: Perish Song
|move|p1b: Kingambit|Kowtow Cleave|p2a: Politoed
|-crit|p2a: Politoed
|-damage|p2a: Politoed|0 fnt
|faint|p2a: Politoed
|
|-weather|RainDance|[upkeep]
|-start|p1a: Rillaboom|perish3
|-start|p1b: Kingambit|perish3
|-start|p2b: Gothitelle|perish3
|upkeep
|
|t:|1756496190
|switch|p2a: Incineroar|Incineroar, L50, M|100/100
|-ability|p2a: Incineroar|Intimidate|boost
|-unboost|p1a: Rillaboom|atk|1
|-unboost|p1b: Kingambit|atk|1
|-ability|p1b: Kingambit|Defiant|boost
|-boost|p1b: Kingambit|atk|2
|turn|13
|inactive|feffixxd4 has 30 seconds left.
|
|t:|1756496218
|-terastallize|p1b: Kingambit|Dark
|move|p2b: Gothitelle|Fake Out||[still]
|-hint|Fake Out only works on your first turn out.
|-fail|p2b: Gothitelle
|move|p2a: Incineroar|Fake Out|p1b: Kingambit
|-damage|p1b: Kingambit|93/100
|move|p1a: Rillaboom|High Horsepower|p2a: Incineroar
|-supereffective|p2a: Incineroar
|-crit|p2a: Incineroar
|-damage|p2a: Incineroar|1/100
|cant|p1b: Kingambit|flinch
|
|-weather|RainDance|[upkeep]
|-heal|p1b: Kingambit|99/100|[from] Grassy Terrain
|-heal|p2a: Incineroar|7/100|[from] Grassy Terrain
|-start|p1a: Rillaboom|perish2
|-start|p1b: Kingambit|perish2
|-start|p2b: Gothitelle|perish2
|upkeep
|turn|14
|inactive|StrengthOfADragon has 30 seconds left.
|
|t:|1756496245
|move|p2b: Gothitelle|Protect|p2b: Gothitelle
|-singleturn|p2b: Gothitelle|Protect
|move|p2a: Incineroar|Protect|p2a: Incineroar
|-singleturn|p2a: Incineroar|Protect
|move|p1a: Rillaboom|Grassy Glide|p2a: Incineroar
|-activate|p2a: Incineroar|move: Protect
|move|p1b: Kingambit|Kowtow Cleave|p2b: Gothitelle
|-activate|p2b: Gothitelle|move: Protect
|
|-weather|none
|-heal|p1b: Kingambit|100/100|[from] Grassy Terrain
|-heal|p2a: Incineroar|13/100|[from] Grassy Terrain
|-start|p1a: Rillaboom|perish1
|-start|p1b: Kingambit|perish1
|-start|p2b: Gothitelle|perish1
|-fieldend|move: Grassy Terrain
|upkeep
|turn|15
|inactive|feffixxd4 has 30 seconds left.
|c|☆feffixxd4|Yeah the fake out was a misclick
|inactive|feffixxd4 has 20 seconds left.
|inactive|feffixxd4 has 15 seconds left.
|
|t:|1756496278
|move|p2a: Incineroar|Protect|p2a: Incineroar
|-singleturn|p2a: Incineroar|Protect
|move|p1a: Rillaboom|Wood Hammer|p2a: Incineroar
|-activate|p2a: Incineroar|move: Protect
|move|p1b: Kingambit|Kowtow Cleave|p2b: Gothitelle
|-supereffective|p2b: Gothitelle
|-damage|p2b: Gothitelle|0 fnt
|faint|p2b: Gothitelle
|
|-start|p1a: Rillaboom|perish0
|-start|p1b: Kingambit|perish0
|faint|p1a: Rillaboom
|faint|p1b: Kingambit
|upkeep
|c|☆StrengthOfADragon|protect on both was decent odds 1 of them got the double
|inactive|StrengthOfADragon has 30 seconds left.
|c|☆feffixxd4|Lebron I ain't winning this
|
|t:|1756496307
|switch|p1b: Electabuzz|Electabuzz, L50, M, shiny|36/100
|turn|16
|inactive|feffixxd4 has 15 seconds left this turn.
|inactive|feffixxd4 has 10 seconds left.
|inactive|feffixxd4 has 5 seconds left.
|
|t:|1756496317
|move|p1b: Electabuzz|Volt Switch|p2a: Incineroar
|-crit|p2a: Incineroar
|-damage|p2a: Incineroar|0 fnt
|faint|p2a: Incineroar
|
|win|StrengthOfADragon
|c|☆StrengthOfADragon|I forgot I had electabuzz
||StrengthOfADragon is ready for game 2.
|inactive|feffixxd4 has 30 seconds to confirm battle start!
|c|☆feffixxd4|It critter
||feffixxd4 is ready for game 2.
|uhtml|next|Next: Game 2 of 3
|l|☆feffixxd4
|player|p2|
