|j|☆lolgz
|j|☆wownowthatsneat
|html|lolgzwownowthatsneat    
|uhtml|bestof|Game 2 of a best-of-3
|t:|1783939778
|gametype|doubles
|player|p1|lolgz|dawn|1086
|player|p2|wownowthatsneat|ghetsis|1071
|gen|9
|tier|[Gen 9 Champions] VGC 2026 Reg M-B (Bo3)
|rated|
|rule|Species Clause: Limit one of each Pokémon
|rule|Item Clause: Limit 1 of each item
|clearpoke
|poke|p1|Kingambit, L50, F|
|poke|p1|Vivillon, L50, F|
|poke|p1|Incineroar, L50, M|
|poke|p1|Sinistcha, L50|
|poke|p1|Delphox, L50, F|
|poke|p1|Feraligatr, L50, M|
|poke|p2|Dragalge, L50, F|
|poke|p2|Farigiraf, L50, F|
|poke|p2|Conkeldurr, L50, M|
|poke|p2|Sinistcha-Masterpiece, L50|
|poke|p2|Incineroar, L50, F|
|poke|p2|Gholdengo, L50|
|teampreview|4
|showteam|p1|Kingambit||BlackGlasses|Defiant|SuckerPunch,KowtowCleave,Protect,SwordsDance|Adamant||F|||50|]Vivillon||ChoiceScarf|CompoundEyes|SleepPowder,Hurricane,RagePowder,Tailwind|Timid||F|||50|]Incineroar||PasshoBerry|Intimidate|PartingShot,FakeOut,ThroatChop,FlareBlitz|Careful||M|||50|]Sinistcha||KasibBerry|Hospitality|MatchaGotcha,RagePowder,TrickRoom,Protect|Serious|||||50|]Delphox||Delphoxite|Blaze|HeatWave,Psychic,Protect,NastyPlot|Timid||F|||50|]Feraligatr||Feraligite|Torrent|Liquidation,BodySlam,Protect,DragonDance|Jolly||M|||50|
|showteam|p2|Dragalge||Dragalgite|Adaptability|DracoMeteor,SludgeBomb,Protect,AcidSpray|Sassy||F|||50|]Farigiraf||MentalHerb|ArmorTail|TrickRoom,HelpingHand,Protect,HyperVoice|Sassy||F|||50|]Conkeldurr||LifeOrb|SheerForce|DrainPunch,Protect,KnockOff,RockSlide|Brave||M|||50|]Sinistcha-Masterpiece||FocusSash|Hospitality|TrickRoom,RagePowder,MatchaGotcha,Protect|Relaxed|||||50|]Incineroar||SitrusBerry|Intimidate|DarkestLariat,FakeOut,FlareBlitz,PartingShot|Adamant||F|||50|]Gholdengo||MetalCoat|GoodasGold|NastyPlot,MakeItRain,ShadowBall,Protect|Timid|||||50|
|inactive|Battle timer is ON: inactive players will automatically lose when time's up. (requested by lolgz)
|inactive|wownowthatsneat has 60 seconds left.
|
|t:|1783939814
|teamsize|p1|4
|teamsize|p2|4
|start
|switch|p1a: Delphox|Delphox, L50, F|100/100
|switch|p1b: Kingambit|Kingambit, L50, F|100/100
|switch|p2a: Sinistcha|Sinistcha-Masterpiece, L50|100/100
|switch|p2b: Conkeldurr|Conkeldurr, L50, M|100/100
|turn|1
|
|t:|1783939831
|detailschange|p1a: Delphox|Delphox-Mega, L50, F
|-mega|p1a: Delphox|Delphox|Delphoxite
|move|p1a: Delphox|Heat Wave|p2b: Conkeldurr|[spread] p2a,p2b
|-supereffective|p2a: Sinistcha|1
|-damage|p2a: Sinistcha|28/100
|-damage|p2b: Conkeldurr|52/100
|move|p1b: Kingambit|Kowtow Cleave|p2a: Sinistcha
|-supereffective|p2a: Sinistcha|1
|-damage|p2a: Sinistcha|0 fnt
|faint|p2a: Sinistcha
|move|p2b: Conkeldurr|Drain Punch|p1b: Kingambit
|-supereffective|p1b: Kingambit|2
|-damage|p1b: Kingambit|0 fnt
|-heal|p2b: Conkeldurr|100/100|[from] drain|[of] p1b: Kingambit
|faint|p1b: Kingambit
|-damage|p2b: Conkeldurr|90/100|[from] item: Life Orb
|
|upkeep
|
|t:|1783939845
|switch|p2a: Farigiraf|Farigiraf, L50, F|100/100
|switch|p1b: Incineroar|Incineroar, L50, M|100/100
|-ability|p1b: Incineroar|Intimidate|boost
|-unboost|p2a: Farigiraf|atk|1
|-unboost|p2b: Conkeldurr|atk|1
|turn|2
|
|t:|1783939859
|switch|p2b: Dragalge|Dragalge, L50, F|100/100
|move|p1a: Delphox|Heat Wave|p2a: Farigiraf|[spread] p2a,p2b
|-resisted|p2b: Dragalge|1
|-damage|p2a: Farigiraf|73/100
|-damage|p2b: Dragalge|83/100
|move|p1b: Incineroar|Throat Chop|p2a: Farigiraf
|-supereffective|p2a: Farigiraf|1
|-damage|p2a: Farigiraf|6/100
|-start|p2a: Farigiraf|Throat Chop|[silent]
|move|p2a: Farigiraf|Trick Room|p2a: Farigiraf
|-fieldstart|move: Trick Room|[of] p2a: Farigiraf
|
|upkeep
|turn|3
|inactive|wownowthatsneat has 30 seconds left.
|
|t:|1783939886
|switch|p1a: Sinistcha|Sinistcha, L50|100/100
|detailschange|p2b: Dragalge|Dragalge-Mega, L50, F
|-mega|p2b: Dragalge|Dragalge|Dragalgite
|move|p2a: Farigiraf|Helping Hand|p2b: Dragalge
|-singleturn|p2b: Dragalge|Helping Hand|[of] p2a: Farigiraf
|move|p2b: Dragalge|Draco Meteor|p1b: Incineroar
|-damage|p1b: Incineroar|25/100
|-unboost|p2b: Dragalge|spa|2
|move|p1b: Incineroar|Throat Chop|p2a: Farigiraf
|-supereffective|p2a: Farigiraf|1
|-damage|p2a: Farigiraf|0 fnt
|faint|p2a: Farigiraf
|
|upkeep
|
|t:|1783939901
|switch|p2a: Conkeldurr|Conkeldurr, L50, M|90/100
|turn|4
|inactive|lolgz has 30 seconds left.
|inactive|lolgz has 20 seconds left.
|inactive|lolgz has 15 seconds left.
|inactive|lolgz has 10 seconds left.
|inactive|lolgz has 5 seconds left.
|
|t:|1783939955
|move|p2b: Dragalge|Sludge Bomb|p1a: Sinistcha
|-damage|p1a: Sinistcha|74/100
|move|p2a: Conkeldurr|Knock Off|p1a: Sinistcha
|-supereffective|p1a: Sinistcha|1
|-crit|p1a: Sinistcha
|-damage|p1a: Sinistcha|0 fnt
|-enditem|p1a: Sinistcha|Kasib Berry|[from] move: Knock Off|[of] p2a: Conkeldurr
|faint|p1a: Sinistcha
|-damage|p2a: Conkeldurr|80/100|[from] item: Life Orb
|move|p1b: Incineroar|Flare Blitz|p2a: Conkeldurr
|-damage|p2a: Conkeldurr|37/100
|-damage|p1b: Incineroar|10/100|[from] Recoil
|
|upkeep
|
|t:|1783939957
|switch|p1a: Delphox|Delphox-Mega, L50, F|100/100
|turn|5
|
|t:|1783939974
|move|p2b: Dragalge|Sludge Bomb|p1b: Incineroar
|-damage|p1b: Incineroar|0 fnt
|faint|p1b: Incineroar
|move|p2a: Conkeldurr|Knock Off|p1a: Delphox
|-supereffective|p1a: Delphox|1
|-damage|p1a: Delphox|2/100
|-damage|p2a: Conkeldurr|27/100|[from] item: Life Orb
|move|p1a: Delphox|Heat Wave|p2b: Dragalge|[spread] p2a,p2b
|-resisted|p2b: Dragalge|1
|-damage|p2a: Conkeldurr|0 fnt
|-damage|p2b: Dragalge|71/100
|faint|p2a: Conkeldurr
|
|upkeep
|turn|6
|
|t:|1783939986
|move|p1a: Delphox|Protect|p1a: Delphox
|-singleturn|p1a: Delphox|Protect
|move|p2b: Dragalge|Sludge Bomb|p1a: Delphox
|-activate|p1a: Delphox|move: Protect
|
|-fieldend|move: Trick Room
|upkeep
|turn|7
|
|t:|1783939993
|move|p1a: Delphox|Psychic|p2b: Dragalge
|-supereffective|p2b: Dragalge|1
|-damage|p2b: Dragalge|12/100
|-unboost|p2b: Dragalge|spd|1
|move|p2b: Dragalge|Sludge Bomb|p1a: Delphox
|-damage|p1a: Delphox|0 fnt
|faint|p1a: Delphox
|
|win|wownowthatsneat
