|j|Ōśåuno74
|j|ŌśåJakobtc
|html|uno74Jakobtc    
|uhtml|bestof|Game 3 of a best-of-3
|t:|1756665537
|gametype|doubles
|player|p1|uno74|youngster-gen4dp|1259
|player|p2|Jakobtc|riley|1197
|gen|9
|tier|[Gen 9] VGC 2025 Reg H (Bo3)
|rated|
|rule|Species Clause: Limit one of each Pok├®mon
|rule|Item Clause: Limit 1 of each item
|clearpoke
|poke|p1|Charizard, L50, F|
|poke|p1|Torkoal, L50, M|
|poke|p1|Porygon2, L50|
|poke|p1|Incineroar, L50, M|
|poke|p1|Jumpluff, L50, M|
|poke|p1|Ursaluna, L50, F|
|poke|p2|Gholdengo, L50|
|poke|p2|Incineroar, L50, M|
|poke|p2|Amoonguss, L50, M|
|poke|p2|Ursaluna, L50, F|
|poke|p2|Porygon2, L50|
|poke|p2|Kilowattrel, L50, F|
|teampreview|4
|showteam|p1|Charizard||ChoiceSpecs|SolarPower|HeatWave,Overheat,WeatherBall,AirSlash|||F|||50|,,,,,Ghost]Torkoal||EjectPack|Drought|Eruption,Overheat,HelpingHand,Protect|||M|||50|,,,,,Fire]Porygon2||Eviolite|Download|TeraBlast,IceBeam,Recover,TrickRoom||||||50|,,,,,Fighting]Incineroar||SitrusBerry|Intimidate|FlareBlitz,KnockOff,FakeOut,PartingShot|||M|||50|,,,,,Ghost]Jumpluff||CovertCloak|Chlorophyll|SleepPowder,SunnyDay,RagePowder,Tailwind|||M|||50|,,,,,Water]Ursaluna||FlameOrb|Guts|HeadlongRush,Facade,Earthquake,Protect|||F|||50|,,,,,Ghost
|showteam|p2|Gholdengo||LifeOrb|GoodasGold|MakeItRain,ShadowBall,NastyPlot,Protect||||||50|,,,,,Dragon]Incineroar||SafetyGoggles|Intimidate|FakeOut,FlareBlitz,KnockOff,PartingShot|||M|||50|,,,,,Bug]Amoonguss||SitrusBerry|Regenerator|Spore,RagePowder,PollenPuff,Protect|||M|||50|,,,,,Psychic]Ursaluna||FlameOrb|Guts|Facade,HeadlongRush,Earthquake,Protect|||F|||50|,,,,,Ghost]Porygon2||Eviolite|Download|TeraBlast,IceBeam,Recover,TrickRoom||||||50|,,,,,Fighting]Kilowattrel||FocusSash|Competitive|AirSlash,Thunderbolt,Tailwind,Protect|||F|||50|,,,,,Ghost
|c|ŌśåJakobtc|god the lizard is a monster
|c|Ōśåuno74|yeah
|c|ŌśåJakobtc|i'm so angry lol
|
|t:|1756665595
|teamsize|p1|4
|teamsize|p2|4
|start
|switch|p1a: Torkoal|Torkoal, L50, M|100/100
|switch|p1b: Jumpluff|Jumpluff, L50, M|100/100
|switch|p2a: Kilowattrel|Kilowattrel, L50, F|100/100
|switch|p2b: Incineroar|Incineroar, L50, M|100/100
|-ability|p2b: Incineroar|Intimidate|boost
|-unboost|p1a: Torkoal|atk|1
|-unboost|p1b: Jumpluff|atk|1
|-weather|SunnyDay|[from] ability: Drought|[of] p1a: Torkoal
|-enditem|p1a: Torkoal|Eject Pack
|c|Ōśåuno74|no doubt youve made ppl angry with the bear too
|c|ŌśåJakobtc|fair
|
|t:|1756665610
|switch|p1a: Charizard|Charizard, L50, F|100/100
|turn|1
|
|t:|1756665650
|move|p2a: Kilowattrel|Protect|p2a: Kilowattrel
|-singleturn|p2a: Kilowattrel|Protect
|move|p1b: Jumpluff|Sleep Powder|p2a: Kilowattrel
|-activate|p2a: Kilowattrel|move: Protect
|move|p1a: Charizard|Heat Wave|p2a: Kilowattrel|[spread] p2b
|-activate|p2a: Kilowattrel|move: Protect
|-resisted|p2b: Incineroar
|-crit|p2b: Incineroar
|-damage|p2b: Incineroar|30/100
|move|p2b: Incineroar|Knock Off|p1a: Charizard
|-damage|p1a: Charizard|38/100
|-enditem|p1a: Charizard|Choice Specs|[from] move: Knock Off|[of] p2b: Incineroar
|
|-weather|SunnyDay|[upkeep]
|-damage|p1a: Charizard|25/100|[from] ability: Solar Power|[of] p1a: Charizard
|upkeep
|turn|2
|
|t:|1756665678
|move|p1b: Jumpluff|Sleep Powder|p2a: Kilowattrel
|-status|p2a: Kilowattrel|slp|[from] move: Sleep Powder
|cant|p2a: Kilowattrel|slp
|move|p1a: Charizard|Heat Wave|p2a: Kilowattrel|[spread] p2b
|-miss|p1a: Charizard|p2a: Kilowattrel
|-resisted|p2b: Incineroar
|-damage|p2b: Incineroar|1/100
|move|p2b: Incineroar|Flare Blitz|p1b: Jumpluff
|-supereffective|p1b: Jumpluff
|-damage|p1b: Jumpluff|0 fnt
|faint|p1b: Jumpluff
|-damage|p2b: Incineroar|0 fnt|[from] Recoil
|faint|p2b: Incineroar
|
|-weather|SunnyDay|[upkeep]
|-damage|p1a: Charizard|13/100|[from] ability: Solar Power|[of] p1a: Charizard
|upkeep
|
|t:|1756665704
|switch|p1b: Torkoal|Torkoal, L50, M|100/100
|switch|p2b: Porygon2|Porygon2, L50, shiny|100/100
|-ability|p2b: Porygon2|Download|boost
|-boost|p2b: Porygon2|spa|1
|turn|3
|c|Ōśåuno74|there u go not angry anymore i hope
|
|t:|1756665741
|cant|p2a: Kilowattrel|slp
|move|p1a: Charizard|Heat Wave|p2b: Porygon2|[spread] p2a,p2b
|-enditem|p2a: Kilowattrel|Focus Sash
|-damage|p2a: Kilowattrel|1/100 slp
|-damage|p2b: Porygon2|50/100
|move|p2b: Porygon2|Tera Blast|p1b: Torkoal
|-damage|p1b: Torkoal|25/100
|move|p1b: Torkoal|Eruption|p2a: Kilowattrel|[spread] p2a,p2b
|-damage|p2a: Kilowattrel|0 fnt
|-damage|p2b: Porygon2|39/100
|faint|p2a: Kilowattrel
|
|-weather|SunnyDay|[upkeep]
|-damage|p1a: Charizard|0 fnt|[from] ability: Solar Power|[of] p1a: Charizard
|faint|p1a: Charizard
|upkeep
|
|t:|1756665755
|switch|p2a: Ursaluna|Ursaluna, L50, F|100/100
|switch|p1a: Incineroar|Incineroar, L50, M|100/100
|-ability|p1a: Incineroar|Intimidate|boost
|-unboost|p2a: Ursaluna|atk|1
|-unboost|p2b: Porygon2|atk|1
|turn|4
|
|t:|1756665780
|-terastallize|p2b: Porygon2|Fighting
|move|p1a: Incineroar|Flare Blitz|p2b: Porygon2
|-damage|p2b: Porygon2|0 fnt
|faint|p2b: Porygon2
|-damage|p1a: Incineroar|89/100|[from] Recoil
|move|p2a: Ursaluna|Facade|p1b: Torkoal
|-damage|p1b: Torkoal|6/100
|move|p1b: Torkoal|Overheat|p2a: Ursaluna
|-damage|p2a: Ursaluna|23/100
|-unboost|p1b: Torkoal|spa|2
|
|-weather|SunnyDay|[upkeep]
|-status|p2a: Ursaluna|brn|[from] item: Flame Orb
|upkeep
|turn|5
|c|ŌśåJakobtc|i'm not angry at you by the way
|c|Ōśåuno74|ik :)
|c|Ōśåuno74|u are mad at
|c|Ōśåuno74|a very specific thing
|c|Ōśåuno74|i can relate
|c|Ōśåuno74|i cant put my finger on what
|c|Ōśåuno74|like a
|c|ŌśåJakobtc|i feel like a terrible player
|c|Ōśåuno74|"wtf the thing can just click fire attacks and i have no counterplay"
|c|Ōśåuno74|i get it with lots of stuff in this format
|c|Ōśåuno74|"wtf it can just click dire claw"
|c|Ōśåuno74|"wtf it can just click facade"
|c|Ōśåuno74|ggs tho good luck navigating this hellscape o7
|c|ŌśåJakobtc|gg
|
|t:|1756665867
|move|p1a: Incineroar|Flare Blitz|p2a: Ursaluna
|-damage|p2a: Ursaluna|0 fnt
|faint|p2a: Ursaluna
|-damage|p1a: Incineroar|80/100|[from] Recoil
|
|win|uno74
|raw|uno74's rating: 1259 → 1280(+21 for winning)
|raw|Jakobtc's rating: 1197 → 1176(-21 for losing)
|l|Ōśåuno74
|player|p1|
