|j|☆Colonelpaco
|j|☆viatles
|html|Colonelpacoviatles    
|uhtml|bestof|Game 1 of a best-of-3
|t:|1757629449
|gametype|doubles
|player|p1|Colonelpaco|266|1035
|player|p2|viatles|hiker|1031
|gen|9
|tier|[Gen 9] VGC 2025 Reg H (Bo3)
|rated|
|rule|Species Clause: Limit one of each Pokémon
|rule|Item Clause: Limit 1 of each item
|clearpoke
|poke|p1|Sneasler, L50, F|
|poke|p1|Dragapult, L50, M|
|poke|p1|Primarina, L50, M|
|poke|p1|Rillaboom, L50, M|
|poke|p1|Kingambit, L50, M|
|poke|p1|Magmar, L50, F|
|poke|p2|Scizor, L50, M|
|poke|p2|Talonflame, L50, M|
|poke|p2|Rillaboom, L50, F|
|poke|p2|Garchomp, L50, F|
|poke|p2|Kilowattrel, L50, M|
|poke|p2|Garganacl, L50, M|
|teampreview|4
|showteam|p1|Sneasler||FocusSash|Unburden|CloseCombat,DireClaw,FakeOut,Protect|||F|||50|,,,,,Stellar]Dragapult||ChoiceBand|ClearBody|DragonDarts,TeraBlast,PhantomForce,Uturn|||M|||50|,,,,,Ghost]Primarina||SitrusBerry|LiquidVoice|HyperVoice,Moonblast,Haze,Protect|||M|||50|,,,,,Water]Rillaboom||AssaultVest|GrassySurge|WoodHammer,GrassyGlide,HighHorsepower,FakeOut|||M|||50|,,,,,Fire]Kingambit||BlackGlasses|Defiant|KowtowCleave,SuckerPunch,SwordsDance,Protect|||M|||50|,,,,,Ghost]Magmar||Eviolite|VitalSpirit|Overheat,WillOWisp,FollowMe,Protect|||F|||50|,,,,,Ghost
|showteam|p2|Scizor||LifeOrb|Technician|BulletPunch,BugBite,DualWingbeat,Protect|||M|||50|,,,,,Fire]Talonflame||CovertCloak|GaleWings|DualWingbeat,Tailwind,Taunt,FlareBlitz|||M|||50|,,,,,Flying]Rillaboom||AssaultVest|GrassySurge|FakeOut,GrassyGlide,Uturn,WoodHammer|||F|||50|,,,,,Fairy]Garchomp||ClearAmulet|RoughSkin|IronHead,Earthquake,DragonClaw,Protect|||F|||50|,,,,,Steel]Kilowattrel||FocusSash|Competitive|Discharge,AirSlash,Tailwind,Protect|||M|||50|,,,,,Fairy]Garganacl||Leftovers|PurifyingSalt|SaltCure,Recover,Protect,RockSlide|||M|||50|,,,,,Grass
|inactive|Battle timer is ON: inactive players will automatically lose when time's up. (requested by Colonelpaco)
|c|☆viatles|gl hf
|c|☆Colonelpaco|glhf
|inactive|Colonelpaco has 60 seconds left.
|
|t:|1757629498
|teamsize|p1|4
|teamsize|p2|4
|start
|switch|p1a: Primarina|Primarina, L50, M|100/100
|switch|p1b: Dragapult|Dragapult, L50, M|100/100
|switch|p2a: Talonflame|Talonflame, L50, M|100/100
|switch|p2b: Scizor|Scizor, L50, M|100/100
|turn|1
|
|t:|1757629518
|-terastallize|p1a: Primarina|Water
|move|p2b: Scizor|Protect|p2b: Scizor
|-singleturn|p2b: Scizor|Protect
|move|p2a: Talonflame|Dual Wingbeat|p1b: Dragapult
|-damage|p1b: Dragapult|80/100
|-damage|p1b: Dragapult|57/100
|-hitcount|p1b: Dragapult|2
|move|p1b: Dragapult|Dragon Darts|p2a: Talonflame
|-damage|p2a: Talonflame|47/100
|-anim|p1b: Dragapult|Dragon Darts|p2a: Talonflame
|-damage|p2a: Talonflame|0 fnt
|faint|p2a: Talonflame
|move|p1a: Primarina|Hyper Voice|p2b: Scizor
|-activate|p2b: Scizor|move: Protect
|
|upkeep
|
|t:|1757629535
|switch|p2a: Garganacl|Garganacl, L50, M|100/100
|turn|2
|
|t:|1757629546
|switch|p1b: Kingambit|Kingambit, L50, M|100/100
|-terastallize|p2a: Garganacl|Grass
|move|p2b: Scizor|Bullet Punch|p1b: Kingambit
|-resisted|p1b: Kingambit
|-damage|p1b: Kingambit|83/100
|-damage|p2b: Scizor|91/100|[from] item: Life Orb
|move|p1a: Primarina|Hyper Voice|p2b: Scizor|[spread] p2a,p2b
|-resisted|p2a: Garganacl
|-damage|p2a: Garganacl|86/100
|-damage|p2b: Scizor|42/100
|move|p2a: Garganacl|Salt Cure|p1a: Primarina
|-damage|p1a: Primarina|86/100
|-start|p1a: Primarina|Salt Cure
|
|-heal|p2a: Garganacl|92/100|[from] item: Leftovers
|-damage|p1a: Primarina|61/100|[from] Salt Cure
|upkeep
|turn|3
|inactive|Colonelpaco has 30 seconds left.
|
|t:|1757629576
|switch|p1a: Rillaboom|Rillaboom, L50, M|100/100
|-fieldstart|move: Grassy Terrain|[from] ability: Grassy Surge|[of] p1a: Rillaboom
|move|p1b: Kingambit|Protect|p1b: Kingambit
|-singleturn|p1b: Kingambit|Protect
|move|p2b: Scizor|Bug Bite|p1a: Rillaboom
|-supereffective|p1a: Rillaboom
|-damage|p1a: Rillaboom|0 fnt
|faint|p1a: Rillaboom
|-damage|p2b: Scizor|32/100|[from] item: Life Orb
|move|p2a: Garganacl|Salt Cure|p1b: Kingambit
|-activate|p1b: Kingambit|move: Protect
|
|-heal|p2b: Scizor|39/100|[from] Grassy Terrain
|-heal|p1b: Kingambit|89/100|[from] Grassy Terrain
|-heal|p2a: Garganacl|98/100|[from] Grassy Terrain
|-heal|p2a: Garganacl|100/100|[from] item: Leftovers
|upkeep
|
|t:|1757629592
|switch|p1a: Dragapult|Dragapult, L50, M|57/100
|turn|4
|
|t:|1757629602
|move|p2b: Scizor|Bullet Punch|p1a: Dragapult
|-damage|p1a: Dragapult|0 fnt
|faint|p1a: Dragapult
|-damage|p2b: Scizor|29/100|[from] item: Life Orb
|move|p1b: Kingambit|Sucker Punch|p2a: Garganacl
|-damage|p2a: Garganacl|67/100
|move|p2a: Garganacl|Salt Cure|p1b: Kingambit
|-resisted|p1b: Kingambit
|-crit|p1b: Kingambit
|-damage|p1b: Kingambit|82/100
|-start|p1b: Kingambit|Salt Cure
|
|-heal|p2b: Scizor|35/100|[from] Grassy Terrain
|-heal|p1b: Kingambit|88/100|[from] Grassy Terrain
|-heal|p2a: Garganacl|73/100|[from] Grassy Terrain
|-heal|p2a: Garganacl|79/100|[from] item: Leftovers
|-damage|p1b: Kingambit|63/100|[from] Salt Cure
|upkeep
|
|t:|1757629616
|switch|p1a: Primarina|Primarina, L50, M, tera:Water|61/100
|turn|5
|
|t:|1757629622
|move|p2b: Scizor|Protect|p2b: Scizor
|-singleturn|p2b: Scizor|Protect
|move|p1b: Kingambit|Sucker Punch||[still]
|-fail|p1b: Kingambit
|move|p1a: Primarina|Hyper Voice|p2b: Scizor|[spread] p2a
|-activate|p2b: Scizor|move: Protect
|-resisted|p2a: Garganacl
|-damage|p2a: Garganacl|64/100
|move|p2a: Garganacl|Recover|p2a: Garganacl
|-heal|p2a: Garganacl|100/100
|
|-heal|p1a: Primarina|67/100|[from] Grassy Terrain
|-heal|p2b: Scizor|41/100|[from] Grassy Terrain
|-heal|p1b: Kingambit|69/100|[from] Grassy Terrain
|-damage|p1b: Kingambit|44/100|[from] Salt Cure
|upkeep
|turn|6
|-message|Colonelpaco forfeited.
|
|win|viatles
||Colonelpaco is ready for game 2.
||viatles is ready for game 2.
|uhtml|next|Next: Game 2 of 3
