|j|☆funtimefuntimes
|j|☆Gurrasnurra5
|html|funtimefuntimesGurrasnurra5    
|uhtml|bestof|Game 1 of a best-of-3
|t:|1785748721
|gametype|doubles
|player|p1|funtimefuntimes|1|1379
|player|p2|Gurrasnurra5|1|1318
|gen|9
|tier|[Gen 9 Champions] VGC 2026 Reg M-B (Bo3)
|rated|
|rule|Species Clause: Limit one of each Pokémon
|rule|Item Clause: Limit 1 of each item
|clearpoke
|poke|p1|Floette-Eternal, L50, F|
|poke|p1|Whimsicott, L50, M|
|poke|p1|Basculegion, L50, M|
|poke|p1|Staraptor, L50, F|
|poke|p1|Garchomp, L50, F|
|poke|p1|Kingambit, L50, F|
|poke|p2|Floette-Eternal, L50, F|
|poke|p2|Sneasler, L50, M|
|poke|p2|Incineroar, L50, F|
|poke|p2|Sinistcha, L50|
|poke|p2|Delphox, L50, M|
|poke|p2|Garchomp, L50, M|
|teampreview|4
|showteam|p1|Floette-Eternal||Floettite|FlowerVeil|Moonblast,DazzlingGleam,LightofRuin,Protect|Timid||F|||50|]Whimsicott||OccaBerry|Prankster|Moonblast,FakeTears,Tailwind,Charm|Bold||M|||50|]Basculegion||FocusSash|Adaptability|Liquidation,LastRespects,AquaJet,Protect|Adamant||M|||50|]Staraptor||Staraptite|Intimidate|CloseCombat,BraveBird,Roost,Protect|Adamant||F|||50|]Garchomp||LifeOrb|RoughSkin|Earthquake,RockSlide,DragonClaw,Protect|Jolly||F|||50|]Kingambit||BlackGlasses|Defiant|KowtowCleave,SuckerPunch,IronHead,Protect|Adamant||F|||50|
|showteam|p2|Floette-Eternal||Floettite|FlowerVeil|DazzlingGleam,DrainingKiss,CalmMind,Protect|Timid||F|||50|]Sneasler||FocusSash|PoisonTouch|CloseCombat,PoisonJab,FakeOut,Protect|Jolly||M|||50|]Incineroar||SitrusBerry|Intimidate|FlareBlitz,DarkestLariat,PartingShot,FakeOut|Careful||F|||50|]Sinistcha||OccaBerry|Hospitality|MatchaGotcha,RagePowder,TrickRoom,Protect|Bold|||||50|]Delphox||Delphoxite|Blaze|HeatWave,Psychic,NastyPlot,Protect|Modest||M|||50|]Garchomp||ChoiceScarf|RoughSkin|DragonClaw,StompingTantrum,Earthquake,RockSlide|Adamant||M|||50|
|
|t:|1785748750
|teamsize|p1|4
|teamsize|p2|4
|start
|switch|p1a: Floette|Floette-Eternal, L50, F|100/100
|switch|p1b: Whimsicott|Whimsicott, L50, M|100/100
|switch|p2a: Delphox|Delphox, L50, M|100/100
|switch|p2b: Sinistcha|Sinistcha, L50|100/100
|turn|1
|
|t:|1785748792
|detailschange|p1a: Floette|Floette-Mega, L50, F
|-mega|p1a: Floette|Floette|Floettite
|-ability|p1a: Floette|Fairy Aura
|detailschange|p2a: Delphox|Delphox-Mega, L50, M
|-mega|p2a: Delphox|Delphox|Delphoxite
|move|p1b: Whimsicott|Fake Tears|p2a: Delphox
|-unboost|p2a: Delphox|spd|2
|move|p2a: Delphox|Heat Wave|p1b: Whimsicott|[spread] p1a,p1b
|-supereffective|p1b: Whimsicott|1
|-enditem|p1b: Whimsicott|Occa Berry|[eat]
|-enditem|p1b: Whimsicott|Occa Berry|[weaken]
|-damage|p1a: Floette|61/100
|-damage|p1b: Whimsicott|36/100
|move|p1a: Floette|Moonblast|p2a: Delphox
|-resisted|p2a: Delphox|1
|-damage|p2a: Delphox|32/100
|move|p2b: Sinistcha|Matcha Gotcha|p1b: Whimsicott|[spread] p1a,p1b
|-crit|p1a: Floette
|-resisted|p1b: Whimsicott|1
|-damage|p1a: Floette|31/100
|-damage|p1b: Whimsicott|20/100r
|-status|p1b: Whimsicott|brn
|
|-damage|p1b: Whimsicott|13/100 brn|[from] brn
|upkeep
|turn|2
|
|t:|1785748820
|switch|p2a: Incineroar|Incineroar, L50, F|100/100
|-ability|p2a: Incineroar|Intimidate|boost
|-unboost|p1a: Floette|atk|1
|-unboost|p1b: Whimsicott|atk|1
|move|p2b: Sinistcha|Protect|p2b: Sinistcha
|-singleturn|p2b: Sinistcha|Protect
|move|p1b: Whimsicott|Tailwind|p1b: Whimsicott
|-sidestart|p1: funtimefuntimes|move: Tailwind
|move|p1a: Floette|Dazzling Gleam|p2a: Incineroar|[spread] p2a
|-activate|p2b: Sinistcha|move: Protect
|-damage|p2a: Incineroar|66/100
|
|-damage|p1b: Whimsicott|7/100 brn|[from] brn
|upkeep
|turn|3
|
|t:|1785748838
|switch|p1a: Garchomp|Garchomp, L50, F|100/100
|move|p2a: Incineroar|Fake Out|p1a: Garchomp
|-damage|p1a: Garchomp|90/100
|-damage|p2a: Incineroar|54/100|[from] ability: Rough Skin|[of] p1a: Garchomp
|move|p1b: Whimsicott|Moonblast|p2a: Incineroar
|-damage|p2a: Incineroar|35/100
|-enditem|p2a: Incineroar|Sitrus Berry|[eat]
|-heal|p2a: Incineroar|59/100|[from] item: Sitrus Berry
|move|p2b: Sinistcha|Trick Room|p2b: Sinistcha
|-fieldstart|move: Trick Room|[of] p2b: Sinistcha
|
|-damage|p1b: Whimsicott|1/100 brn|[from] brn
|upkeep
|turn|4
|
|t:|1785748853
|move|p2a: Incineroar|Parting Shot|p1a: Garchomp
|-unboost|p1a: Garchomp|atk|1
|-unboost|p1a: Garchomp|spa|1
|
|t:|1785748858
|switch|p2a: Delphox|Delphox-Mega, L50, M|32/100|[from] Parting Shot
|move|p2b: Sinistcha|Matcha Gotcha|p1b: Whimsicott|[spread] p1b
|-miss|p2b: Sinistcha|p1a: Garchomp
|-resisted|p1b: Whimsicott|1
|-damage|p1b: Whimsicott|0 fnt
|faint|p1b: Whimsicott
|move|p1a: Garchomp|Earthquake|p2a: Delphox|[spread] p2b
|-immune|p2a: Delphox|[from] ability: Levitate
|-resisted|p2b: Sinistcha|1
|-damage|p2b: Sinistcha|88/100
|-damage|p1a: Garchomp|80/100|[from] item: Life Orb
|
|upkeep
|
|t:|1785748865
|switch|p1b: Basculegion|Basculegion, L50, M|100/100
|turn|5
|
|t:|1785748874
|switch|p2a: Incineroar|Incineroar, L50, F|59/100
|-ability|p2a: Incineroar|Intimidate|boost
|-unboost|p1a: Garchomp|atk|1
|-unboost|p1b: Basculegion|atk|1
|move|p1b: Basculegion|Protect|p1b: Basculegion
|-singleturn|p1b: Basculegion|Protect
|move|p1a: Garchomp|Protect|p1a: Garchomp
|-singleturn|p1a: Garchomp|Protect
|move|p2b: Sinistcha|Matcha Gotcha|p1b: Basculegion|[spread] 
|-activate|p1a: Garchomp|move: Protect
|-activate|p1b: Basculegion|move: Protect
|
|-sideend|p1: funtimefuntimes|move: Tailwind
|upkeep
|turn|6
|
|t:|1785748889
|switch|p1b: Floette|Floette-Mega, L50, F|31/100
|-ability|p1b: Floette|Fairy Aura
|move|p2a: Incineroar|Darkest Lariat|p1b: Floette
|-resisted|p1b: Floette|1
|-damage|p1b: Floette|12/100
|move|p2b: Sinistcha|Matcha Gotcha|p1b: Floette|[spread] p1a,p1b
|-damage|p1a: Garchomp|52/100
|-heal|p2b: Sinistcha|100/100|[from] drain|[of] p1a: Garchomp
|-damage|p1b: Floette|0 fnt
|-status|p1a: Garchomp|brn
|faint|p1b: Floette
|move|p1a: Garchomp|Rock Slide|p2b: Sinistcha|[spread] p2a,p2b
|-supereffective|p2a: Incineroar|1
|-damage|p2a: Incineroar|48/100
|-damage|p2b: Sinistcha|94/100
|-damage|p1a: Garchomp|43/100 brn|[from] item: Life Orb
|
|-damage|p1a: Garchomp|37/100 brn|[from] brn
|upkeep
|
|t:|1785748891
|switch|p1b: Basculegion|Basculegion, L50, M|100/100
|turn|7
|
|t:|1785748901
|switch|p2a: Sneasler|Sneasler, L50, M|100/100
|move|p1b: Basculegion|Protect|p1b: Basculegion
|-singleturn|p1b: Basculegion|Protect
|move|p1a: Garchomp|Protect|p1a: Garchomp
|-singleturn|p1a: Garchomp|Protect
|move|p2b: Sinistcha|Matcha Gotcha|p1b: Basculegion|[spread] 
|-activate|p1a: Garchomp|move: Protect
|-activate|p1b: Basculegion|move: Protect
|
|-damage|p1a: Garchomp|31/100 brn|[from] brn
|-fieldend|move: Trick Room
|upkeep
|turn|8
|
|t:|1785748912
|move|p2a: Sneasler|Close Combat|p1a: Garchomp
|-damage|p1a: Garchomp|0 fnt
|-unboost|p2a: Sneasler|def|1
|-unboost|p2a: Sneasler|spd|1
|-damage|p2a: Sneasler|87/100|[from] ability: Rough Skin|[of] p1a: Garchomp
|faint|p1a: Garchomp
|move|p1b: Basculegion|Last Respects|p2b: Sinistcha
|-supereffective|p2b: Sinistcha|1
|-damage|p2b: Sinistcha|0 fnt
|faint|p2b: Sinistcha
|
|upkeep
|
|t:|1785748915
|switch|p2b: Incineroar|Incineroar, L50, F|48/100
|-ability|p2b: Incineroar|Intimidate|boost
|-unboost|p1b: Basculegion|atk|1
|turn|9
|
|t:|1785748924
|move|p2a: Sneasler|Poison Jab|p1b: Basculegion
|-resisted|p1b: Basculegion|1
|-damage|p1b: Basculegion|73/100
|move|p1b: Basculegion|Liquidation|p2b: Incineroar
|-supereffective|p2b: Incineroar|1
|-damage|p2b: Incineroar|0 fnt
|faint|p2b: Incineroar
|
|upkeep
|
|t:|1785748929
|switch|p2b: Delphox|Delphox-Mega, L50, M|32/100
|turn|10
|
|t:|1785748936
|move|p2b: Delphox|Protect|p2b: Delphox
|-singleturn|p2b: Delphox|Protect
|move|p1b: Basculegion|Protect|p1b: Basculegion
|-singleturn|p1b: Basculegion|Protect
|move|p2a: Sneasler|Poison Jab|p1b: Basculegion
|-activate|p1b: Basculegion|move: Protect
|
|upkeep
|turn|11
|
|t:|1785748942
|move|p1b: Basculegion|Aqua Jet|p2b: Delphox
|-supereffective|p2b: Delphox|1
|-damage|p2b: Delphox|0 fnt
|faint|p2b: Delphox
|move|p2a: Sneasler|Poison Jab|p1b: Basculegion
|-resisted|p1b: Basculegion|1
|-damage|p1b: Basculegion|44/100
|
|upkeep
|turn|12
|
|t:|1785748946
|move|p2a: Sneasler|Protect|p2a: Sneasler
|-singleturn|p2a: Sneasler|Protect
|move|p1b: Basculegion|Last Respects|p2a: Sneasler
|-activate|p2a: Sneasler|move: Protect
|
|upkeep
|turn|13
|
|t:|1785748949
|move|p2a: Sneasler|Poison Jab|p1b: Basculegion
|-resisted|p1b: Basculegion|1
|-damage|p1b: Basculegion|16/100
|move|p1b: Basculegion|Last Respects|p2a: Sneasler
|-damage|p2a: Sneasler|0 fnt
|faint|p2a: Sneasler
|
|win|funtimefuntimes
||funtimefuntimes is ready for game 2.
||Gurrasnurra5 is ready for game 2.
|uhtml|next|Next: Game 2 of 3
