|j|☆HorrendousCheese
|j|☆koronops5
|html|HorrendousCheesekoronops5    
|uhtml|bestof|Game 2 of a best-of-3
|t:|1756772061
|gametype|doubles
|player|p1|HorrendousCheese|burglar|1186
|player|p2|koronops5|170|1148
|gen|9
|tier|[Gen 9] VGC 2025 Reg H (Bo3)
|rated|
|rule|Species Clause: Limit one of each Pokémon
|rule|Item Clause: Limit 1 of each item
|clearpoke
|poke|p1|Maushold-Four, L50|
|poke|p1|Incineroar, L50, F|
|poke|p1|Pelipper, L50, F|
|poke|p1|Sinistcha, L50|
|poke|p1|Ursaluna, L50, F|
|poke|p1|Hydreigon, L50, F|
|poke|p2|Charizard, L50, M|
|poke|p2|Torkoal, L50, F|
|poke|p2|Porygon2, L50|
|poke|p2|Incineroar, L50, M|
|poke|p2|Jumpluff, L50, M|
|poke|p2|Ursaluna, L50, F|
|teampreview|4
|showteam|p1|Maushold-Four||WideLens|Technician|Protect,FollowMe,ThunderWave,PopulationBomb||||||50|,,,,,Grass]Incineroar||SafetyGoggles|Intimidate|PartingShot,Taunt,FakeOut,KnockOff|||F|||50|,,,,,Ghost]Pelipper||FocusSash|Drizzle|Protect,Tailwind,Hurricane,MuddyWater|||F|||50|,,,,,Ghost]Sinistcha||MentalHerb|Hospitality|TrickRoom,RagePowder,MatchaGotcha,ShadowBall||||||50|,,,,,Water]Ursaluna||FlameOrb|Guts|Protect,HeadlongRush,Earthquake,Facade|||F|||50|,,,,,Ghost]Hydreigon||ChoiceSpecs|Levitate|HeatWave,Snarl,DarkPulse,DragonPulse|||F|||50|,,,,,Fire
|showteam|p2|Charizard||ChoiceSpecs|SolarPower|HeatWave,DragonPulse,WeatherBall,AirSlash|||M|||50|,,,,,Ghost]Torkoal||EjectPack|Drought|Eruption,Overheat,HelpingHand,Protect|||F|||50|,,,,,Fire]Porygon2||Eviolite|Download|TeraBlast,IceBeam,Recover,TrickRoom||||||50|,,,,,Fighting]Incineroar||SitrusBerry|Intimidate|FlareBlitz,KnockOff,FakeOut,PartingShot|||M|||50|,,,,,Ghost]Jumpluff||CovertCloak|Chlorophyll|SleepPowder,SunnyDay,RagePowder,Tailwind|||M|||50|,,,,,Water]Ursaluna||FlameOrb|Guts|HeadlongRush,Facade,Earthquake,Protect|||F|||50|,,,,,Ghost
|
|t:|1756772081
|teamsize|p1|4
|teamsize|p2|4
|start
|switch|p1a: Maushold|Maushold-Four, L50|100/100
|switch|p1b: Incineroar|Incineroar, L50, F|100/100
|switch|p2a: Porygon2|Porygon2, L50|100/100
|switch|p2b: Charizard|Charizard, L50, M|100/100
|-ability|p1b: Incineroar|Intimidate|boost
|-unboost|p2a: Porygon2|atk|1
|-unboost|p2b: Charizard|atk|1
|-ability|p2a: Porygon2|Download|boost
|-boost|p2a: Porygon2|atk|1
|turn|1
|inactive|Battle timer is ON: inactive players will automatically lose when time's up. (requested by koronops5)
|
|t:|1756772113
|switch|p2a: Torkoal|Torkoal, L50, F|100/100
|-weather|SunnyDay|[from] ability: Drought|[of] p2a: Torkoal
|-terastallize|p2b: Charizard|Ghost
|move|p1a: Maushold|Protect|p1a: Maushold
|-singleturn|p1a: Maushold|Protect
|move|p2b: Charizard|Heat Wave|p1a: Maushold|[spread] p1b
|-activate|p1a: Maushold|move: Protect
|-resisted|p1b: Incineroar
|-damage|p1b: Incineroar|51/100
|move|p1b: Incineroar|Taunt|p2a: Torkoal
|-start|p2a: Torkoal|move: Taunt
|
|-weather|SunnyDay|[upkeep]
|-damage|p2b: Charizard|88/100|[from] ability: Solar Power|[of] p2b: Charizard
|upkeep
|turn|2
|
|t:|1756772130
|switch|p1a: Pelipper|Pelipper, L50, F|100/100
|-weather|RainDance|[from] ability: Drizzle|[of] p1a: Pelipper
|move|p2b: Charizard|Heat Wave|p1a: Pelipper|[spread] p1a,p1b
|-resisted|p1a: Pelipper
|-resisted|p1b: Incineroar
|-damage|p1a: Pelipper|78/100
|-damage|p1b: Incineroar|40/100
|move|p1b: Incineroar|Knock Off|p2b: Charizard
|-supereffective|p2b: Charizard
|-damage|p2b: Charizard|0 fnt
|-enditem|p2b: Charizard|Choice Specs|[from] move: Knock Off|[of] p1b: Incineroar
|faint|p2b: Charizard
|move|p2a: Torkoal|Overheat|p1b: Incineroar
|-resisted|p1b: Incineroar
|-damage|p1b: Incineroar|28/100
|-unboost|p2a: Torkoal|spa|2
|-enditem|p2a: Torkoal|Eject Pack
|
|t:|1756772139
|switch|p2a: Porygon2|Porygon2, L50|100/100
|-ability|p2a: Porygon2|Download|boost
|-boost|p2a: Porygon2|spa|1
|
|-weather|RainDance|[upkeep]
|upkeep
|
|t:|1756772144
|switch|p2b: Torkoal|Torkoal, L50, F|100/100
|-weather|SunnyDay|[from] ability: Drought|[of] p2b: Torkoal
|turn|3
|
|t:|1756772163
|move|p2b: Torkoal|Protect|p2b: Torkoal
|-singleturn|p2b: Torkoal|Protect
|move|p1a: Pelipper|Muddy Water|p2b: Torkoal|[spread] p2a
|-activate|p2b: Torkoal|move: Protect
|-damage|p2a: Porygon2|92/100
|move|p1b: Incineroar|Taunt|p2a: Porygon2
|-start|p2a: Porygon2|move: Taunt
|move|p2a: Porygon2|Tera Blast|p1a: Pelipper
|-damage|p1a: Pelipper|0 fnt
|faint|p1a: Pelipper
|
|-weather|SunnyDay|[upkeep]
|upkeep
|
|t:|1756772176
|switch|p1a: Hydreigon|Hydreigon, L50, F|100/100
|turn|4
|inactive|HorrendousCheese has 30 seconds left.
|
|t:|1756772201
|switch|p2b: Ursaluna|Ursaluna, L50, F|100/100
|-terastallize|p1a: Hydreigon|Fire
|move|p1a: Hydreigon|Dark Pulse|p2b: Ursaluna
|-damage|p2b: Ursaluna|44/100
|move|p1b: Incineroar|Knock Off|p2b: Ursaluna
|-damage|p2b: Ursaluna|13/100
|-enditem|p2b: Ursaluna|Flame Orb|[from] move: Knock Off|[of] p1b: Incineroar
|move|p2a: Porygon2|Tera Blast|p1b: Incineroar
|-crit|p1b: Incineroar
|-damage|p1b: Incineroar|0 fnt
|faint|p1b: Incineroar
|
|-weather|SunnyDay|[upkeep]
|upkeep
|
|t:|1756772210
|switch|p1b: Maushold|Maushold-Four, L50|100/100
|turn|5
|
|t:|1756772220
|move|p1b: Maushold|Population Bomb|p2a: Porygon2
|-damage|p2a: Porygon2|84/100
|-damage|p2a: Porygon2|78/100
|-damage|p2a: Porygon2|71/100
|-damage|p2a: Porygon2|63/100
|-damage|p2a: Porygon2|55/100
|-damage|p2a: Porygon2|47/100
|-damage|p2a: Porygon2|41/100
|-damage|p2a: Porygon2|33/100
|-damage|p2a: Porygon2|25/100
|-damage|p2a: Porygon2|17/100
|-hitcount|p2a: Porygon2|10
|move|p1a: Hydreigon|Dark Pulse|p2a: Porygon2
|-damage|p2a: Porygon2|0 fnt
|faint|p2a: Porygon2
|move|p2b: Ursaluna|Earthquake|p1b: Maushold|[spread] p1b
|-immune|p1a: Hydreigon|[from] ability: Levitate
|-damage|p1b: Maushold|30/100
|
|-weather|SunnyDay|[upkeep]
|upkeep
|
|t:|1756772224
|switch|p2a: Torkoal|Torkoal, L50, F|100/100
|turn|6
|-message|koronops5 forfeited.
|
|win|HorrendousCheese
|raw|HorrendousCheese's rating: 1186 → 1208(+22 for winning)
|raw|koronops5's rating: 1148 → 1126(-22 for losing)
|l|☆koronops5
|player|p2|
|l|☆HorrendousCheese
|player|p1|
|j|☆koronops5
|player|p2|koronops5|170|
