|j|☆WafflzLord
|j|☆gabblegoat
|html|WafflzLordgabblegoat    
|uhtml|bestof|Game 1 of a best-of-3
|t:|1782301598
|gametype|doubles
|player|p1|WafflzLord|ruinmaniac|1030
|player|p2|gabblegoat|flannery|1082
|gen|9
|tier|[Gen 9 Champions] VGC 2026 Reg M-B (Bo3)
|rated|
|rule|Species Clause: Limit one of each Pokémon
|rule|Item Clause: Limit 1 of each item
|clearpoke
|poke|p1|Pyroar, L50, M|
|poke|p1|Sableye, L50, M, shiny|
|poke|p1|Sneasler, L50, F|
|poke|p1|Aggron, L50, F|
|poke|p1|Sinistcha, L50|
|poke|p1|Heliolisk, L50, F|
|poke|p2|Metagross, L50, shiny|
|poke|p2|Garchomp, L50, M|
|poke|p2|Whimsicott, L50, M|
|poke|p2|Maushold-Four, L50|
|poke|p2|Annihilape, L50, F|
|poke|p2|Raichu, L50, M|
|teampreview|4
|showteam|p1|Pyroar||Pyroarite|Moxie|Protect,SolarBeam,HeatWave,Overheat|Timid||M|||50|]Sableye||RoseliBerry|Prankster|Protect,SunnyDay,WillOWisp,SuckerPunch|Careful||M|||50|]Sneasler||MentalHerb|Unburden|Protect,Acrobatics,DireClaw,CloseCombat|Adamant||F|||50|]Aggron||Aggronite|Sturdy|Protect,IronDefense,BodyPress,HeavySlam|Impish||F|||50|]Sinistcha||SitrusBerry|Hospitality|Protect,RagePowder,LifeDew,MatchaGotcha|Modest|||||50|]Heliolisk||ChoiceScarf|SolarPower|Protect,WeatherBall,VoltSwitch,Thunderbolt|Timid||F|||50|
|showteam|p2|Metagross||Metagrossite|ClearBody|IronHead,PsychicFangs,IcePunch,Protect|Jolly|||||50|]Garchomp||LifeOrb|SandVeil|DragonClaw,Earthquake,RockSlide,Protect|Jolly||M|||50|]Whimsicott||FocusSash|Prankster|Moonblast,Tailwind,Encore,Protect|Timid||M|||50|]Maushold-Four||ChopleBerry|FriendGuard|SuperFang,BeatUp,FollowMe,Protect|Bold|||||50|]Annihilape||Leftovers|Defiant|DrainPunch,RageFist,BulkUp,Protect|Jolly||F|||50|]Raichu||RaichuniteY|LightningRod|ZapCannon,FocusBlast,FakeOut,Protect|Modest||M|||50|
|
|t:|1782301675
|teamsize|p1|4
|teamsize|p2|4
|start
|switch|p1a: Unconcerned|Pyroar, L50, M|100/100
|switch|p1b: Dobby|Sableye, L50, M, shiny|100/100
|switch|p2a: Whimsicott|Whimsicott, L50, M|100/100
|switch|p2b: Garchomp|Garchomp, L50, M|100/100
|turn|1
|
|t:|1782301712
|switch|p2a: Maushold|Maushold-Four, L50|100/100
|detailschange|p1a: Unconcerned|Pyroar-Mega, L50, M
|-mega|p1a: Unconcerned|Pyroar|Pyroarite
|move|p2b: Garchomp|Protect|p2b: Garchomp
|-singleturn|p2b: Garchomp|Protect
|move|p1b: Dobby|Sunny Day|p1b: Dobby
|-weather|SunnyDay
|move|p1a: Unconcerned|Heat Wave|p2a: Maushold|[spread] p2a
|-activate|p2b: Garchomp|move: Protect
|-damage|p2a: Maushold|6/100
|
|-weather|SunnyDay|[upkeep]
|upkeep
|turn|2
|
|t:|1782301733
|move|p2a: Maushold|Follow Me|p2a: Maushold
|-singleturn|p2a: Maushold|move: Follow Me
|move|p1b: Dobby|Will-O-Wisp|p2a: Maushold
|-status|p2a: Maushold|brn
|move|p1a: Unconcerned|Heat Wave|p2a: Maushold|[spread] p2a,p2b
|-resisted|p2b: Garchomp|1
|-damage|p2a: Maushold|0 fnt
|-damage|p2b: Garchomp|66/100
|faint|p2a: Maushold
|move|p2b: Garchomp|Rock Slide|p1a: Unconcerned|[spread] p1a,p1b
|-supereffective|p1a: Unconcerned|1
|-damage|p1a: Unconcerned|42/100
|-damage|p1b: Dobby|61/100
|-damage|p2b: Garchomp|56/100|[from] item: Life Orb
|
|-weather|SunnyDay|[upkeep]
|upkeep
|
|t:|1782301748
|switch|p2a: Whimsicott|Whimsicott, L50, M|100/100
|turn|3
|
|t:|1782301756
|move|p2b: Garchomp|Protect|p2b: Garchomp
|-singleturn|p2b: Garchomp|Protect
|move|p1b: Dobby|Will-O-Wisp|p2b: Garchomp
|-activate|p2b: Garchomp|move: Protect
|move|p1a: Unconcerned|Heat Wave|p2b: Garchomp|[spread] p2a
|-activate|p2b: Garchomp|move: Protect
|-supereffective|p2a: Whimsicott|1
|-enditem|p2a: Whimsicott|Focus Sash
|-damage|p2a: Whimsicott|1/100
|move|p2a: Whimsicott|Moonblast|p1b: Dobby
|-supereffective|p1b: Dobby|1
|-enditem|p1b: Dobby|Roseli Berry|[eat]
|-enditem|p1b: Dobby|Roseli Berry|[weaken]
|-damage|p1b: Dobby|21/100
|
|-weather|SunnyDay|[upkeep]
|upkeep
|turn|4
|
|t:|1782301781
|move|p1a: Unconcerned|Protect|p1a: Unconcerned
|-singleturn|p1a: Unconcerned|Protect
|move|p2a: Whimsicott|Tailwind|p2a: Whimsicott
|-sidestart|p2: gabblegoat|move: Tailwind
|move|p1b: Dobby|Sucker Punch||[still]
|-fail|p1b: Dobby
|move|p2b: Garchomp|Earthquake|p1a: Unconcerned|[spread] p2a,p1b
|-activate|p1a: Unconcerned|move: Protect
|-resisted|p2a: Whimsicott|1
|-damage|p2a: Whimsicott|0 fnt
|-damage|p1b: Dobby|0 fnt
|faint|p2a: Whimsicott
|faint|p1b: Dobby
|-damage|p2b: Garchomp|46/100|[from] item: Life Orb
|
|-weather|SunnyDay|[upkeep]
|upkeep
|inactive|Battle timer is ON: inactive players will automatically lose when time's up. (requested by gabblegoat)
|
|t:|1782301802
|switch|p2a: Raichu|Raichu, L50, M|100/100
|switch|p1b: Hulk Soup|Sinistcha, L50|100/100
|-heal|p1a: Unconcerned|66/100|[from] ability: Hospitality|[of] p1b: Hulk Soup
|turn|5
|
|t:|1782301819
|detailschange|p2a: Raichu|Raichu-Mega-Y, L50, M
|-mega|p2a: Raichu|Raichu|Raichunite Y
|move|p1b: Hulk Soup|Rage Powder|p1b: Hulk Soup
|-singleturn|p1b: Hulk Soup|move: Rage Powder
|move|p2a: Raichu|Zap Cannon|p1b: Hulk Soup
|-resisted|p1b: Hulk Soup|1
|-damage|p1b: Hulk Soup|60/100
|-status|p1b: Hulk Soup|par
|move|p2b: Garchomp|Rock Slide|p1a: Unconcerned|[spread] p1a,p1b
|-supereffective|p1a: Unconcerned|1
|-damage|p1a: Unconcerned|9/100
|-damage|p1b: Hulk Soup|38/100 par
|-enditem|p1b: Hulk Soup|Sitrus Berry|[eat]
|-heal|p1b: Hulk Soup|62/100 par|[from] item: Sitrus Berry
|-damage|p2b: Garchomp|37/100|[from] item: Life Orb
|move|p1a: Unconcerned|Heat Wave|p2b: Garchomp|[spread] p2a,p2b
|-resisted|p2b: Garchomp|1
|-damage|p2a: Raichu|0 fnt
|-damage|p2b: Garchomp|0 fnt
|faint|p2a: Raichu
|faint|p2b: Garchomp
|
|win|WafflzLord
|inactive|WafflzLord has 30 seconds to confirm battle start!
|inactive|gabblegoat has 30 seconds to confirm battle start!
||gabblegoat is ready for game 2.
|inactive|WafflzLord has 20 seconds to confirm battle start!
