|j|☆latios66
|j|☆archaludon_enjoyer
|html|latios66archaludon_enjoyer    
|uhtml|bestof|Game 3 of a best-of-3
|t:|1756502777
|gametype|doubles
|player|p1|latios66|1|1078
|player|p2|archaludon_enjoyer|170|1137
|gen|9
|tier|[Gen 9] VGC 2025 Reg H (Bo3)
|rated|
|rule|Species Clause: Limit one of each Pokémon
|rule|Item Clause: Limit 1 of each item
|clearpoke
|poke|p1|Archaludon, L50, M|
|poke|p1|Pelipper, L50, M|
|poke|p1|Indeedee, L50, M|
|poke|p1|Sinistcha, L50|
|poke|p1|Basculegion, L50, M|
|poke|p1|Sneasler, L50, M|
|poke|p2|Electabuzz, L50, M|
|poke|p2|Basculegion, L50, M|
|poke|p2|Rillaboom, L50, M|
|poke|p2|Kingambit, L50, M|
|poke|p2|Archaludon, L50, M|
|poke|p2|Pelipper, L50, M|
|teampreview|4
|showteam|p1|Archaludon||AssaultVest|Stamina|ElectroShot,DracoMeteor,BodyPress,FlashCannon|||M|||50|,,,,,Grass]Pelipper||FocusSash|Drizzle|WeatherBall,Hurricane,Tailwind,Protect|||M|||50|,,,,,Ghost]Indeedee||ChoiceScarf|PsychicSurge|ExpandingForce,TeraBlast,Trick,DazzlingGleam|||M|||50|,,,,,Ground]Sinistcha||SitrusBerry|Hospitality|MatchaGotcha,LifeDew,RagePowder,TrickRoom||||||50|,,,,,Fairy]Basculegion||ChoiceBand|SwiftSwim|WaveCrash,LastRespects,AquaJet,FlipTurn|||M|||50|,,,,,Grass]Sneasler||PsychicSeed|Unburden|DireClaw,ThroatChop,CloseCombat,Protect|||M|||50|,,,,,Dark
|showteam|p2|Electabuzz||Eviolite|VitalSpirit|Electroweb,FollowMe,Protect,Taunt|||M|||50|,,,,,Ghost]Basculegion||ChoiceBand|SwiftSwim|WaveCrash,FlipTurn,AquaJet,LastRespects|||M|||50|,,,,,Grass]Rillaboom||LoadedDice|GrassySurge|BulletSeed,HighHorsepower,GrassyGlide,FakeOut|||M|||50|,,,,,Fire]Kingambit||BlackGlasses|Defiant|Protect,KowtowCleave,SwordsDance,SuckerPunch|||M|||50|,,,,,Dark]Archaludon||AssaultVest|Stamina|ElectroShot,BodyPress,FlashCannon,DracoMeteor|||M|||50|,,,,,Bug]Pelipper||FocusSash|Drizzle|WeatherBall,Hurricane,Protect,Tailwind|||M|||50|,,,,,Ghost
|
|t:|1756502799
|teamsize|p1|4
|teamsize|p2|4
|start
|switch|p1a: Basculegion|Basculegion, L50, M|100/100
|switch|p1b: Smellypper|Pelipper, L50, M|100/100
|switch|p2a: Basculegion|Basculegion, L50, M, shiny|100/100
|switch|p2b: Pelipper|Pelipper, L50, M|100/100
|-weather|RainDance|[from] ability: Drizzle|[of] p2b: Pelipper
|turn|1
|
|t:|1756502848
|switch|p2a: Archaludon|Archaludon, L50, M, shiny|100/100
|switch|p1a: Arching|Archaludon, L50, M|100/100
|move|p2b: Pelipper|Tailwind|p2b: Pelipper
|-sidestart|p2: archaludon_enjoyer|move: Tailwind
|move|p1b: Smellypper|Hurricane|p2a: Archaludon
|-resisted|p2a: Archaludon
|-damage|p2a: Archaludon|81/100
|-ability|p2a: Archaludon|Stamina|boost
|-boost|p2a: Archaludon|def|1
|
|-weather|RainDance|[upkeep]
|upkeep
|turn|2
|
|t:|1756502882
|switch|p2b: Rillaboom|Rillaboom, L50, M, shiny|100/100
|-fieldstart|move: Grassy Terrain|[from] ability: Grassy Surge|[of] p2b: Rillaboom
|move|p1b: Smellypper|Protect|p1b: Smellypper
|-singleturn|p1b: Smellypper|Protect
|move|p2a: Archaludon|Electro Shot||[still]
|-prepare|p2a: Archaludon|Electro Shot
|-boost|p2a: Archaludon|spa|1
|-anim|p2a: Archaludon|Electro Shot|p1b: Smellypper
|-activate|p1b: Smellypper|move: Protect
|move|p1a: Arching|Electro Shot||[still]
|-prepare|p1a: Arching|Electro Shot
|-boost|p1a: Arching|spa|1
|-anim|p1a: Arching|Electro Shot|p2b: Rillaboom
|-resisted|p2b: Rillaboom
|-damage|p2b: Rillaboom|70/100
|
|-weather|RainDance|[upkeep]
|-heal|p2b: Rillaboom|76/100|[from] Grassy Terrain
|-heal|p2a: Archaludon|88/100|[from] Grassy Terrain
|upkeep
|turn|3
|
|t:|1756502914
|move|p2b: Rillaboom|Grassy Glide|p1b: Smellypper
|-damage|p1b: Smellypper|51/100
|move|p2a: Archaludon|Electro Shot||[still]
|-prepare|p2a: Archaludon|Electro Shot
|-boost|p2a: Archaludon|spa|1
|-anim|p2a: Archaludon|Electro Shot|p1b: Smellypper
|-supereffective|p1b: Smellypper
|-damage|p1b: Smellypper|0 fnt
|faint|p1b: Smellypper
|move|p1a: Arching|Draco Meteor|p2a: Archaludon
|-damage|p2a: Archaludon|19/100
|-unboost|p1a: Arching|spa|2
|-ability|p2a: Archaludon|Stamina|boost
|-boost|p2a: Archaludon|def|1
|
|-weather|RainDance|[upkeep]
|-heal|p2b: Rillaboom|82/100|[from] Grassy Terrain
|-heal|p2a: Archaludon|25/100|[from] Grassy Terrain
|upkeep
|
|t:|1756502931
|switch|p1b: Goodee|Indeedee, L50, M|100/100
|-fieldstart|move: Psychic Terrain|[from] ability: Psychic Surge|[of] p1b: Goodee
|turn|4
|
|t:|1756502969
|switch|p2b: Pelipper|Pelipper, L50, M|100/100
|move|p2a: Archaludon|Body Press|p1b: Goodee
|-damage|p1b: Goodee|0 fnt
|faint|p1b: Goodee
|move|p1a: Arching|Draco Meteor|p2a: Archaludon
|-damage|p2a: Archaludon|0 fnt
|-unboost|p1a: Arching|spa|2
|faint|p2a: Archaludon
|
|-weather|RainDance|[upkeep]
|-sideend|p2: archaludon_enjoyer|move: Tailwind
|upkeep
|
|t:|1756502981
|switch|p1b: Basculegion|Basculegion, L50, M|100/100
|switch|p2a: Rillaboom|Rillaboom, L50, M, shiny|82/100
|-fieldstart|move: Grassy Terrain|[from] ability: Grassy Surge|[of] p2a: Rillaboom
|turn|5
|
|t:|1756503004
|-terastallize|p1b: Basculegion|Grass
|move|p2a: Rillaboom|Fake Out|p1a: Arching
|-resisted|p1a: Arching
|-damage|p1a: Arching|95/100
|-ability|p1a: Arching|Stamina|boost
|-boost|p1a: Arching|def|1
|move|p1b: Basculegion|Last Respects|p2a: Rillaboom
|-damage|p2a: Rillaboom|0 fnt
|faint|p2a: Rillaboom
|move|p2b: Pelipper|Tailwind|p2b: Pelipper
|-sidestart|p2: archaludon_enjoyer|move: Tailwind
|cant|p1a: Arching|flinch
|
|-weather|none
|-heal|p1a: Arching|100/100|[from] Grassy Terrain
|upkeep
|
|t:|1756503012
|switch|p2a: Basculegion|Basculegion, L50, M, shiny|100/100
|turn|6
|
|t:|1756503050
|move|p2a: Basculegion|Last Respects|p1b: Basculegion
|-damage|p1b: Basculegion|0 fnt
|faint|p1b: Basculegion
|move|p2b: Pelipper|Hurricane|p1a: Arching
|-resisted|p1a: Arching
|-damage|p1a: Arching|85/100
|-start|p1a: Arching|confusion
|-ability|p1a: Arching|Stamina|boost
|-boost|p1a: Arching|def|1
|-activate|p1a: Arching|confusion
|-damage|p1a: Arching|82/100|[from] confusion
|
|-heal|p1a: Arching|88/100|[from] Grassy Terrain
|upkeep
|turn|7
|
|t:|1756503079
|move|p2a: Basculegion|Last Respects|p1a: Arching
|-damage|p1a: Arching|41/100
|-ability|p1a: Arching|Stamina|boost
|-boost|p1a: Arching|def|1
|move|p2b: Pelipper|Tailwind||[still]
|-fail|p2b: Pelipper
|-activate|p1a: Arching|confusion
|move|p1a: Arching|Electro Shot||[still]
|-prepare|p1a: Arching|Electro Shot
|-boost|p1a: Arching|spa|1
|
|-heal|p1a: Arching|47/100|[from] Grassy Terrain
|upkeep
|turn|8
|
|t:|1756503094
|move|p2a: Basculegion|Last Respects|p1a: Arching
|-damage|p1a: Arching|11/100
|-ability|p1a: Arching|Stamina|boost
|-boost|p1a: Arching|def|1
|move|p2b: Pelipper|Weather Ball|p1a: Arching
|-resisted|p1a: Arching
|-damage|p1a: Arching|6/100
|-ability|p1a: Arching|Stamina|boost
|-boost|p1a: Arching|def|1
|-activate|p1a: Arching|confusion
|-damage|p1a: Arching|4/100|[from] confusion
|
|-heal|p1a: Arching|10/100|[from] Grassy Terrain
|-sideend|p2: archaludon_enjoyer|move: Tailwind
|upkeep
|turn|9
|inactive|Battle timer is ON: inactive players will automatically lose when time's up. (requested by archaludon_enjoyer)
|
|t:|1756503118
|move|p2a: Basculegion|Last Respects|p1a: Arching
|-damage|p1a: Arching|0 fnt
|faint|p1a: Arching
|
|win|archaludon_enjoyer
|raw|latios66's rating: 1078 → 1060(-18 for losing)
|raw|archaludon_enjoyer's rating: 1137 → 1158(+21 for winning)
