|j|☆waqaskakhelkhtm
|j|☆xDeacon
|html|waqaskakhelkhtmxDeacon    
|uhtml|bestof|Game 1 of a best-of-3
|t:|1783967778
|gametype|doubles
|player|p1|waqaskakhelkhtm|101|1102
|player|p2|xDeacon|1|1092
|gen|9
|tier|[Gen 9 Champions] VGC 2026 Reg M-B (Bo3)
|rated|
|rule|Species Clause: Limit one of each Pokémon
|rule|Item Clause: Limit 1 of each item
|clearpoke
|poke|p1|Ceruledge, L50, F|
|poke|p1|Whimsicott, L50, M|
|poke|p1|Metagross, L50|
|poke|p1|Garchomp, L50, F|
|poke|p1|Farigiraf, L50, M|
|poke|p1|Staraptor, L50, M|
|poke|p2|Gengar, L50, M|
|poke|p2|Sneasler, L50, F|
|poke|p2|Incineroar, L50, F|
|poke|p2|Samurott-Hisui, L50, F|
|poke|p2|Ninetales-Alola, L50, M|
|poke|p2|Altaria, L50, F|
|teampreview|4
|showteam|p1|Ceruledge||ColburBerry|FlashFire|BitterBlade,BulkUp,ShadowSneak,Protect|Adamant||F|||50|]Whimsicott||FocusSash|Prankster|Moonblast,Tailwind,Charm,Encore|Timid||M|||50|]Metagross||Metagrossite|ClearBody|Protect,IronHead,PsychicFangs,StompingTantrum|Adamant|||||50|]Garchomp||LifeOrb|RoughSkin|StompingTantrum,RockSlide,Protect,DragonClaw|Jolly||F|||50|]Farigiraf||SitrusBerry|ArmorTail|HelpingHand,TrickRoom,Psychic,Thunderbolt|Calm||M|||50|]Staraptor||Staraptite|Intimidate|CloseCombat,Protect,BraveBird,Roost|Jolly||M|||50|
|showteam|p2|Gengar||Gengarite|CursedBody|Protect,ShadowBall,PerishSong,Disable|Timid||M|||50|]Sneasler||WhiteHerb|Unburden|Protect,FakeOut,DireClaw,CloseCombat|Adamant||F|||50|]Incineroar||ShucaBerry|Intimidate|Protect,FakeOut,ThroatChop,PartingShot|Relaxed||F|||50|]Samurott-Hisui||FocusSash|Sharpness|Protect,NightSlash,AquaCutter,SacredSword|Adamant||F|||50|]Ninetales-Alola||NeverMeltIce|SnowWarning|Protect,Encore,FreezeDry,Blizzard|Timid||M|||50|]Altaria||RoseliBerry|CloudNine|Protect,PerishSong,WillOWisp,BraveBird|Careful||F|||50|
|inactive|Battle timer is ON: inactive players will automatically lose when time's up. (requested by xDeacon)
|
|t:|1783967826
|teamsize|p1|4
|teamsize|p2|4
|start
|switch|p1a: Whimsicott|Whimsicott, L50, M|100/100
|switch|p1b: Staraptor|Staraptor, L50, M|100/100
|switch|p2a: Gengar|Gengar, L50, M|100/100
|switch|p2b: Incineroar|Incineroar, L50, F|100/100
|-ability|p1b: Staraptor|Intimidate|boost
|-unboost|p2a: Gengar|atk|1
|-unboost|p2b: Incineroar|atk|1
|-ability|p2b: Incineroar|Intimidate|boost
|-unboost|p1a: Whimsicott|atk|1
|-unboost|p1b: Staraptor|atk|1
|turn|1
|inactive|waqaskakhelkhtm has 30 seconds left.
|inactive|xDeacon has 30 seconds left.
|
|t:|1783967855
|detailschange|p1b: Staraptor|Staraptor-Mega, L50, M
|-mega|p1b: Staraptor|Staraptor|Staraptite
|detailschange|p2a: Gengar|Gengar-Mega, L50, M
|-mega|p2a: Gengar|Gengar|Gengarite
|move|p2b: Incineroar|Fake Out|p1b: Staraptor
|-damage|p1b: Staraptor|92/100
|move|p1a: Whimsicott|Tailwind|p1a: Whimsicott
|-sidestart|p1: waqaskakhelkhtm|move: Tailwind
|cant|p1b: Staraptor|flinch
|move|p2a: Gengar|Perish Song|p2a: Gengar
|-start|p1a: Whimsicott|perish3|[silent]
|-start|p1b: Staraptor|perish3|[silent]
|-start|p2a: Gengar|perish3|[silent]
|-start|p2b: Incineroar|perish3|[silent]
|-fieldactivate|move: Perish Song
|
|-start|p1a: Whimsicott|perish3
|-start|p1b: Staraptor|perish3
|-start|p2a: Gengar|perish3
|-start|p2b: Incineroar|perish3
|upkeep
|turn|2
|
|t:|1783967873
|move|p2a: Gengar|Protect|p2a: Gengar
|-singleturn|p2a: Gengar|Protect
|move|p1a: Whimsicott|Charm|p1b: Staraptor
|-boost|p1b: Staraptor|atk|2
|move|p1b: Staraptor|Brave Bird|p2a: Gengar
|-activate|p2a: Gengar|move: Protect
|move|p2b: Incineroar|Parting Shot|p1a: Whimsicott
|-unboost|p1a: Whimsicott|atk|1
|-unboost|p1a: Whimsicott|spa|1
|
|t:|1783967884
|switch|p2b: Sneasler|Sneasler, L50, F|100/100|[from] Parting Shot
|
|-start|p1a: Whimsicott|perish2
|-start|p1b: Staraptor|perish2
|-start|p2a: Gengar|perish2
|upkeep
|turn|3
|inactive|xDeacon has 30 seconds left.
|inactive|xDeacon has 20 seconds left.
|inactive|xDeacon has 15 seconds left.
|
|t:|1783967929
|move|p2b: Sneasler|Fake Out|p1b: Staraptor
|-damage|p1b: Staraptor|79/100
|move|p1a: Whimsicott|Encore|p2a: Gengar
|-start|p2a: Gengar|Encore
|move|p2a: Gengar|Protect|p2a: Gengar
|-singleturn|p2a: Gengar|Protect
|cant|p1b: Staraptor|flinch
|
|-start|p1a: Whimsicott|perish1
|-start|p1b: Staraptor|perish1
|-start|p2a: Gengar|perish1
|upkeep
|turn|4
|inactive|xDeacon has 30 seconds left.
|inactive|xDeacon has 20 seconds left.
|inactive|xDeacon has 15 seconds left.
|inactive|xDeacon has 10 seconds left.
|
|t:|1783967976
|move|p2a: Gengar|Protect||[still]
|-fail|p2a: Gengar
|move|p2b: Sneasler|Protect|p2b: Sneasler
|-singleturn|p2b: Sneasler|Protect
|move|p1a: Whimsicott|Charm|p2a: Gengar
|-unboost|p2a: Gengar|atk|2
|move|p1b: Staraptor|Brave Bird|p2a: Gengar
|-damage|p2a: Gengar|7/100
|-damage|p1b: Staraptor|53/100|[from] Recoil
|
|-start|p1a: Whimsicott|perish0
|-start|p1b: Staraptor|perish0
|-start|p2a: Gengar|perish0
|-sideend|p1: waqaskakhelkhtm|move: Tailwind
|faint|p1a: Whimsicott
|faint|p1b: Staraptor
|faint|p2a: Gengar
|upkeep
|
|t:|1783967993
|switch|p1a: Ceruledge|Ceruledge, L50, F|100/100
|switch|p1b: Garchomp|Garchomp, L50, F|100/100
|switch|p2a: Incineroar|Incineroar, L50, F|100/100
|-ability|p2a: Incineroar|Intimidate|boost
|-unboost|p1a: Ceruledge|atk|1
|-unboost|p1b: Garchomp|atk|1
|turn|5
|
|t:|1783968014
|move|p1b: Garchomp|Stomping Tantrum|p2a: Incineroar
|-supereffective|p2a: Incineroar|1
|-enditem|p2a: Incineroar|Shuca Berry|[eat]
|-enditem|p2a: Incineroar|Shuca Berry|[weaken]
|-damage|p2a: Incineroar|76/100
|-damage|p1b: Garchomp|90/100|[from] item: Life Orb
|move|p2b: Sneasler|Close Combat|p1b: Garchomp
|-damage|p1b: Garchomp|22/100
|-unboost|p2b: Sneasler|def|1
|-unboost|p2b: Sneasler|spd|1
|-damage|p2b: Sneasler|88/100|[from] ability: Rough Skin|[of] p1b: Garchomp
|-enditem|p2b: Sneasler|White Herb
|-clearnegativeboost|p2b: Sneasler|[silent]
|move|p1a: Ceruledge|Bulk Up|p1a: Ceruledge
|-boost|p1a: Ceruledge|atk|1
|-boost|p1a: Ceruledge|def|1
|move|p2a: Incineroar|Parting Shot|p1a: Ceruledge
|-unboost|p1a: Ceruledge|atk|1
|-unboost|p1a: Ceruledge|spa|1
|
|t:|1783968028
|switch|p2a: Samurott|Samurott-Hisui, L50, F|100/100|[from] Parting Shot
|
|upkeep
|turn|6
|
|t:|1783968041
|move|p2b: Sneasler|Protect|p2b: Sneasler
|-singleturn|p2b: Sneasler|Protect
|move|p1b: Garchomp|Protect|p1b: Garchomp
|-singleturn|p1b: Garchomp|Protect
|move|p2a: Samurott|Night Slash|p1a: Ceruledge
|-supereffective|p1a: Ceruledge|1
|-crit|p1a: Ceruledge
|-enditem|p1a: Ceruledge|Colbur Berry|[eat]
|-enditem|p1a: Ceruledge|Colbur Berry|[weaken]
|-damage|p1a: Ceruledge|0 fnt
|faint|p1a: Ceruledge
|
|upkeep
|turn|7
|-message|waqaskakhelkhtm forfeited.
|
|win|xDeacon
|l|☆waqaskakhelkhtm
|player|p1|
||xDeacon is ready for game 2.
