|j|☆TheFoxGamer15
|j|☆DZK_Draft
|html|TheFoxGamer15DZK_Draft    
|uhtml|bestof|Game 2 of a best-of-3
|t:|1782582501
|gametype|doubles
|player|p1|TheFoxGamer15|ethan|
|player|p2|DZK_Draft|harlequin|
|gen|9
|tier|[Gen 9 Champions] VGC 2026 Reg M-B (Bo3)
|rule|Species Clause: Limit one of each Pokémon
|rule|Item Clause: Limit 1 of each item
|clearpoke
|poke|p1|Aerodactyl, L50, M|
|poke|p1|Garchomp, L50, M|
|poke|p1|Sneasler, L50, F|
|poke|p1|Kingambit, L50, M|
|poke|p1|Charizard, L50, M|
|poke|p1|Venusaur, L50, F, shiny|
|poke|p2|Tyranitar, L50, F|
|poke|p2|Whimsicott, L50, M|
|poke|p2|Garchomp, L50, F|
|poke|p2|Rotom-Wash, L50|
|poke|p2|Tinkaton, L50, F|
|poke|p2|Arcanine, L50, M|
|teampreview|4
|showteam|p1|Aerodactyl||Aerodactylite|Pressure|RockSlide,Tailwind,AerialAce,Crunch|Adamant||M|||50|]Garchomp||ChoiceScarf|RoughSkin|DragonClaw,Earthquake,RockSlide,PoisonJab|Adamant||M|||50|]Sneasler||WhiteHerb|Unburden|Protect,FakeOut,DireClaw,CloseCombat|Adamant||F|||50|]Kingambit||BlackGlasses|Defiant|KowtowCleave,SuckerPunch,IronHead,LowKick|Brave||M|||50|]Charizard||CharizarditeY|SolarPower|Protect,HeatWave,SolarBeam,WeatherBall|Timid||M|||50|]Venusaur||FocusSash|Chlorophyll|SolarBeam,Protect,SludgeBomb,SleepPowder|Timid||F|||50|
|showteam|p2|Tyranitar||Leftovers|SandStream|Crunch,RockSlide,HighHorsepower,Protect|Adamant||F|||50|]Whimsicott||FocusSash|Prankster|Tailwind,Moonblast,Taunt,Protect|Timid||M|||50|]Garchomp||Garchompite|SandVeil|Earthquake,DragonClaw,SwordsDance,Protect|Jolly||F|||50|]Rotom-Wash||SitrusBerry|Levitate|HydroPump,Thunderbolt,WillOWisp,Protect|Modest|||||50|]Tinkaton||LumBerry|MoldBreaker|FakeOut,GigatonHammer,Feint,ThunderWave|Careful||F|||50|]Arcanine||LifeOrb|Intimidate|FlareBlitz,ExtremeSpeed,WillOWisp,MorningSun|Impish||M|||50|
|
|t:|1782582611
|teamsize|p1|4
|teamsize|p2|4
|start
|switch|p1a: Charizard|Charizard, L50, M|100/100
|switch|p1b: Venusaur|Venusaur, L50, F, shiny|100/100
|switch|p2a: Broomhilda|Whimsicott, L50, M|100/100
|switch|p2b: Ciclón|Rotom-Wash, L50|100/100
|turn|1
|
|t:|1782582662
|switch|p2a: Titan|Tyranitar, L50, F|100/100
|-weather|Sandstorm|[from] ability: Sand Stream|[of] p2a: Titan
|switch|p2b: Nova|Arcanine, L50, M|100/100
|-ability|p2b: Nova|Intimidate|boost
|-unboost|p1a: Charizard|atk|1
|-unboost|p1b: Venusaur|atk|1
|detailschange|p1a: Charizard|Charizard-Mega-Y, L50, M
|-mega|p1a: Charizard|Charizard|Charizardite Y
|-weather|SunnyDay|[from] ability: Drought|[of] p1a: Charizard
|move|p1a: Charizard|Protect|p1a: Charizard
|-singleturn|p1a: Charizard|Protect
|move|p1b: Venusaur|Sleep Powder|p2b: Nova
|-status|p2b: Nova|slp|[from] move: Sleep Powder
|
|-weather|SunnyDay|[upkeep]
|upkeep
|turn|2
|
|t:|1782582720
|switch|p2a: Broomhilda|Whimsicott, L50, M|100/100
|move|p1b: Venusaur|Sludge Bomb|p2b: Nova
|-damage|p2b: Nova|52/100 slp
|move|p1a: Charizard|Solar Beam||[still]
|-prepare|p1a: Charizard|Solar Beam
|-anim|p1a: Charizard|Solar Beam|p2a: Broomhilda
|-resisted|p2a: Broomhilda|1
|-damage|p2a: Broomhilda|58/100
|cant|p2b: Nova|slp
|
|-weather|SunnyDay|[upkeep]
|upkeep
|turn|3
|
|t:|1782582742
|move|p2a: Broomhilda|Tailwind|p2a: Broomhilda
|-sidestart|p2: DZK_Draft|move: Tailwind
|move|p1b: Venusaur|Sludge Bomb|p2a: Broomhilda
|-supereffective|p2a: Broomhilda|2
|-damage|p2a: Broomhilda|0 fnt
|faint|p2a: Broomhilda
|-curestatus|p2b: Nova|slp|[msg]
|move|p2b: Nova|Flare Blitz|p1b: Venusaur
|-supereffective|p1b: Venusaur|1
|-enditem|p1b: Venusaur|Focus Sash
|-damage|p1b: Venusaur|1/100
|-damage|p2b: Nova|26/100|[from] Recoil
|-damage|p2b: Nova|17/100|[from] item: Life Orb
|move|p1a: Charizard|Weather Ball|p2b: Nova
|-resisted|p2b: Nova|1
|-damage|p2b: Nova|0 fnt
|faint|p2b: Nova
|
|-weather|SunnyDay|[upkeep]
|upkeep
|
|t:|1782582760
|switch|p2a: Titan|Tyranitar, L50, F|100/100
|switch|p2b: Ciclón|Rotom-Wash, L50|100/100
|-weather|Sandstorm|[from] ability: Sand Stream|[of] p2a: Titan
|turn|4
|
|t:|1782582785
|switch|p1b: Sneasler|Sneasler, L50, F|100/100
|move|p1a: Charizard|Protect|p1a: Charizard
|-singleturn|p1a: Charizard|Protect
|move|p2b: Ciclón|Will-O-Wisp|p1a: Charizard
|-activate|p1a: Charizard|move: Protect
|move|p2a: Titan|Rock Slide|p1b: Sneasler|[spread] p1b
|-activate|p1a: Charizard|move: Protect
|-resisted|p1b: Sneasler|1
|-damage|p1b: Sneasler|70/100
|
|-weather|Sandstorm|[upkeep]
|-damage|p2b: Ciclón|94/100|[from] Sandstorm
|-damage|p1b: Sneasler|65/100|[from] Sandstorm
|-damage|p1a: Charizard|94/100|[from] Sandstorm
|upkeep
|turn|5
|
|t:|1782582818
|switch|p1a: Garchomp|Garchomp, L50, M|100/100
|move|p1b: Sneasler|Fake Out|p2a: Titan
|-resisted|p2a: Titan|1
|-damage|p2a: Titan|92/100
|move|p2b: Ciclón|Thunderbolt|p1b: Sneasler
|-damage|p1b: Sneasler|1/100
|cant|p2a: Titan|flinch
|
|-weather|Sandstorm|[upkeep]
|-damage|p2b: Ciclón|88/100|[from] Sandstorm
|-damage|p1b: Sneasler|0 fnt|[from] Sandstorm
|faint|p1b: Sneasler
|-heal|p2a: Titan|97/100|[from] item: Leftovers
|upkeep
|
|t:|1782582833
|switch|p1b: Charizard|Charizard-Mega-Y, L50, M|94/100
|-weather|SunnyDay|[from] ability: Drought|[of] p1b: Charizard
|turn|6
|
|t:|1782582846
|move|p1b: Charizard|Protect|p1b: Charizard
|-singleturn|p1b: Charizard|Protect
|move|p1a: Garchomp|Earthquake|p2b: Ciclón|[spread] p2a
|-activate|p1b: Charizard|move: Protect
|-immune|p2b: Ciclón|[from] ability: Levitate
|-supereffective|p2a: Titan|1
|-damage|p2a: Titan|18/100
|move|p2b: Ciclón|Will-O-Wisp|p1a: Garchomp
|-status|p1a: Garchomp|brn
|move|p2a: Titan|Rock Slide|p1a: Garchomp|[spread] 
|-activate|p1b: Charizard|move: Protect
|-miss|p2a: Titan|p1a: Garchomp
|
|-weather|SunnyDay|[upkeep]
|-heal|p2a: Titan|24/100|[from] item: Leftovers
|-damage|p1a: Garchomp|94/100 brn|[from] brn
|-sideend|p2: DZK_Draft|move: Tailwind
|upkeep
|turn|7
|
|t:|1782582869
|move|p2a: Titan|Protect|p2a: Titan
|-singleturn|p2a: Titan|Protect
|move|p1a: Garchomp|Earthquake|p2a: Titan|[spread] 
|-activate|p2a: Titan|move: Protect
|-immune|p1b: Charizard
|-immune|p2b: Ciclón|[from] ability: Levitate
|move|p1b: Charizard|Solar Beam||[still]
|-prepare|p1b: Charizard|Solar Beam
|-anim|p1b: Charizard|Solar Beam|p2b: Ciclón
|-supereffective|p2b: Ciclón|1
|-damage|p2b: Ciclón|0 fnt
|faint|p2b: Ciclón
|
|-weather|SunnyDay|[upkeep]
|-heal|p2a: Titan|30/100|[from] item: Leftovers
|-damage|p1a: Garchomp|88/100 brn|[from] brn
|upkeep
|turn|8
|
|t:|1782582889
|switch|p1a: Venusaur|Venusaur, L50, F, shiny|1/100
|move|p1b: Charizard|Solar Beam||[still]
|-prepare|p1b: Charizard|Solar Beam
|-anim|p1b: Charizard|Solar Beam|p2a: Titan
|-supereffective|p2a: Titan|1
|-damage|p2a: Titan|0 fnt
|faint|p2a: Titan
|
|win|TheFoxGamer15
|c|☆TheFoxGamer15|Ggs
|l|☆TheFoxGamer15
|player|p1|
|j|☆TheFoxGamer15
|player|p1|TheFoxGamer15|ethan|
