|j|☆neuesspielzeug
|j|☆TheLordNebiros
|html|neuesspielzeugTheLordNebiros    
|uhtml|bestof|Game 2 of a best-of-3
|t:|1756832204
|gametype|doubles
|player|p1|neuesspielzeug|2|1218
|player|p2|TheLordNebiros|265|1107
|gen|9
|tier|[Gen 9] VGC 2025 Reg H (Bo3)
|rated|
|rule|Species Clause: Limit one of each Pokémon
|rule|Item Clause: Limit 1 of each item
|clearpoke
|poke|p1|Dragonite, L50, F|
|poke|p1|Sneasler, L50, M|
|poke|p1|Ceruledge, L50, M|
|poke|p1|Kingambit, L50, M|
|poke|p1|Ninetales-Alola, L50, F|
|poke|p1|Electabuzz, L50, F|
|poke|p2|Dragonite, L50, F|
|poke|p2|Gholdengo, L50|
|poke|p2|Ursaluna-Bloodmoon, L50, M|
|poke|p2|Annihilape, L50, F|
|poke|p2|Maushold-Four, L50|
|poke|p2|Rillaboom, L50, M|
|teampreview|4
|showteam|p1|Dragonite||LoadedDice|Multiscale|ScaleShot,ExtremeSpeed,Haze,Protect|||F|||50|,,,,,Steel]Sneasler||FocusSash|Unburden|CloseCombat,DireClaw,Coaching,Protect|||M|||50|,,,,,Dark]Ceruledge||ClearAmulet|FlashFire|BitterBlade,ShadowSneak,BulkUp,Protect|||M|||50|,,,,,Grass]Kingambit||AssaultVest|Defiant|Assurance,SuckerPunch,IronHead,LowKick|||M|||50|,,,,,Ghost]Ninetales-Alola||LifeOrb|SnowWarning|Blizzard,FreezeDry,Encore,Protect|||F|||50|,,,,,Ghost]Electabuzz||Eviolite|VitalSpirit|Electroweb,FollowMe,Taunt,Protect|||F|||50|,,,,,Dragon
|showteam|p2|Dragonite||LoadedDice|Multiscale|ScaleShot,Tailwind,Haze,Protect|||F|||50|,,,,,Fairy]Gholdengo||LifeOrb|GoodasGold|MakeItRain,ShadowBall,NastyPlot,Protect||||||50|,,,,,Water]Ursaluna-Bloodmoon||AssaultVest|MindsEye|BloodMoon,EarthPower,HyperVoice,VacuumWave|||M|||50|,,,,,Water]Annihilape||SitrusBerry|Defiant|DrainPunch,RageFist,BulkUp,Protect|||F|||50|,,,,,Fire]Maushold-Four||FocusSash|FriendGuard|SuperFang,BeatUp,FollowMe,Protect||||||50|,,,,,Ghost]Rillaboom||MiracleSeed|GrassySurge|WoodHammer,GrassyGlide,HighHorsepower,FakeOut|||M|||50|,,,,,Fire
|inactive|Battle timer is ON: inactive players will automatically lose when time's up. (requested by TheLordNebiros)
|inactive|neuesspielzeug has 60 seconds left.
|inactive|TheLordNebiros has 60 seconds left.
|j| Trestkon
|
|t:|1756832258
|teamsize|p1|4
|teamsize|p2|4
|start
|switch|p1a: Electabuzz|Electabuzz, L50, F|100/100
|switch|p1b: Kingambit|Kingambit, L50, M|100/100
|switch|p2a: Annihilape|Annihilape, L50, F|100/100
|switch|p2b: Maushold|Maushold-Four, L50|100/100
|turn|1
|
|t:|1756832278
|move|p2b: Maushold|Follow Me|p2b: Maushold
|-singleturn|p2b: Maushold|move: Follow Me
|move|p1a: Electabuzz|Follow Me|p1a: Electabuzz
|-singleturn|p1a: Electabuzz|move: Follow Me
|move|p2a: Annihilape|Bulk Up|p2a: Annihilape
|-boost|p2a: Annihilape|atk|1
|-boost|p2a: Annihilape|def|1
|move|p1b: Kingambit|Iron Head|p2b: Maushold
|-damage|p2b: Maushold|42/100
|
|upkeep
|turn|2
|inactive|neuesspielzeug has 30 seconds left.
|inactive|TheLordNebiros has 30 seconds left.
|inactive|TheLordNebiros has 20 seconds left.
|
|t:|1756832322
|switch|p1b: Ninetales|Ninetales-Alola, L50, F|100/100
|-weather|Snowscape|[from] ability: Snow Warning|[of] p1b: Ninetales
|-terastallize|p2a: Annihilape|Fire
|move|p2b: Maushold|Beat Up|p2a: Annihilape
|-damage|p2a: Annihilape|99/100
|-damage|p2a: Annihilape|97/100
|-damage|p2a: Annihilape|96/100
|-damage|p2a: Annihilape|94/100
|-hitcount|p2a: Annihilape|4
|move|p1a: Electabuzz|Taunt|p2b: Maushold
|-start|p2b: Maushold|move: Taunt
|move|p2a: Annihilape|Drain Punch|p1b: Ninetales
|-damage|p1b: Ninetales|58/100
|-heal|p2a: Annihilape|100/100|[from] drain|[of] p1b: Ninetales
|
|-weather|Snowscape|[upkeep]
|upkeep
|turn|3
|
|t:|1756832347
|move|p1a: Electabuzz|Follow Me|p1a: Electabuzz
|-singleturn|p1a: Electabuzz|move: Follow Me
|move|p1b: Ninetales|Encore|p2a: Annihilape
|-start|p2a: Annihilape|Encore
|move|p2b: Maushold|Super Fang|p1a: Electabuzz
|-damage|p1a: Electabuzz|51/100
|move|p2a: Annihilape|Drain Punch|p1a: Electabuzz
|-damage|p1a: Electabuzz|0 fnt
|faint|p1a: Electabuzz
|
|-weather|Snowscape|[upkeep]
|upkeep
|
|t:|1756832354
|switch|p1a: Dragonite|Dragonite, L50, F|100/100
|turn|4
|inactive|neuesspielzeug has 30 seconds left.
|
|t:|1756832380
|move|p1b: Ninetales|Blizzard|p2a: Annihilape|[spread] p2a,p2b
|-resisted|p2a: Annihilape
|-damage|p2a: Annihilape|87/100
|-damage|p2b: Maushold|0 fnt
|faint|p2b: Maushold
|-damage|p1b: Ninetales|48/100|[from] item: Life Orb
|move|p2a: Annihilape|Drain Punch|p1b: Ninetales
|-damage|p1b: Ninetales|1/100
|-heal|p2a: Annihilape|100/100|[from] drain|[of] p1b: Ninetales
|move|p1a: Dragonite|Scale Shot|p2a: Annihilape
|-damage|p2a: Annihilape|93/100
|-damage|p2a: Annihilape|84/100
|-damage|p2a: Annihilape|75/100
|-damage|p2a: Annihilape|67/100
|-hitcount|p2a: Annihilape|4
|-unboost|p1a: Dragonite|def|1
|-boost|p1a: Dragonite|spe|1
|
|-weather|Snowscape|[upkeep]
|upkeep
|inactive|TheLordNebiros has 30 seconds left.
|
|t:|1756832408
|switch|p2b: Ursaluna|Ursaluna-Bloodmoon, L50, M|100/100
|turn|5
|inactive|neuesspielzeug has 30 seconds left.
|inactive|neuesspielzeug has 20 seconds left.
|
|t:|1756832445
|move|p1b: Ninetales|Protect|p1b: Ninetales
|-singleturn|p1b: Ninetales|Protect
|move|p2b: Ursaluna|Vacuum Wave|p1b: Ninetales
|-activate|p1b: Ninetales|move: Protect
|move|p1a: Dragonite|Scale Shot|p2a: Annihilape
|-damage|p2a: Annihilape|58/100
|-damage|p2a: Annihilape|49/100
|-enditem|p2a: Annihilape|Sitrus Berry|[eat]
|-heal|p2a: Annihilape|74/100|[from] item: Sitrus Berry
|-damage|p2a: Annihilape|65/100
|-damage|p2a: Annihilape|57/100
|-hitcount|p2a: Annihilape|4
|-unboost|p1a: Dragonite|def|1
|-boost|p1a: Dragonite|spe|1
|move|p2a: Annihilape|Drain Punch|p1a: Dragonite
|-resisted|p1a: Dragonite
|-damage|p1a: Dragonite|80/100
|-heal|p2a: Annihilape|66/100|[from] drain|[of] p1a: Dragonite
|
|-weather|Snowscape|[upkeep]
|-end|p2a: Annihilape|Encore
|upkeep
|turn|6
|inactive|neuesspielzeug has 30 seconds left.
|
|t:|1756832472
|switch|p1b: Kingambit|Kingambit, L50, M|100/100
|move|p2b: Ursaluna|Vacuum Wave|p1b: Kingambit
|-supereffective|p1b: Kingambit
|-damage|p1b: Kingambit|59/100
|move|p1a: Dragonite|Haze|p1a: Dragonite
|-clearallboost
|move|p2a: Annihilape|Rage Fist|p1a: Dragonite
|-damage|p1a: Dragonite|0 fnt
|faint|p1a: Dragonite
|
|-weather|none
|upkeep
|
|t:|1756832482
|switch|p1a: Ninetales|Ninetales-Alola, L50, F|1/100
|-weather|Snowscape|[from] ability: Snow Warning|[of] p1a: Ninetales
|turn|7
|
|t:|1756832496
|-terastallize|p1b: Kingambit|Ghost
|move|p1a: Ninetales|Protect|p1a: Ninetales
|-singleturn|p1a: Ninetales|Protect
|move|p2b: Ursaluna|Vacuum Wave|p1a: Ninetales
|-activate|p1a: Ninetales|move: Protect
|move|p2a: Annihilape|Rage Fist|p1b: Kingambit
|-supereffective|p1b: Kingambit
|-damage|p1b: Kingambit|0 fnt
|faint|p1b: Kingambit
|
|-weather|Snowscape|[upkeep]
|upkeep
|turn|8
|inactive|TheLordNebiros has 30 seconds left.
|
|t:|1756832523
|move|p2b: Ursaluna|Vacuum Wave|p1a: Ninetales
|-damage|p1a: Ninetales|0 fnt
|faint|p1a: Ninetales
|
|win|TheLordNebiros
||TheLordNebiros is ready for game 3.
||neuesspielzeug is ready for game 3.
|uhtml|next|Next: Game 3 of 3
