|j|☆IneverfinishedOR
|j|☆Olciax34
|html|IneverfinishedOROlciax34    
|uhtml|bestof|Game 3 of a best-of-3
|t:|1782512743
|gametype|doubles
|player|p1|IneverfinishedOR|169|1144
|player|p2|Olciax34|clair|1206
|gen|9
|tier|[Gen 9 Champions] VGC 2026 Reg M-B (Bo3)
|rated|
|rule|Species Clause: Limit one of each Pokémon
|rule|Item Clause: Limit 1 of each item
|clearpoke
|poke|p1|Ninetales-Alola, L50, M|
|poke|p1|Froslass, L50, F|
|poke|p1|Milotic, L50, F|
|poke|p1|Aerodactyl, L50, F|
|poke|p1|Sneasler, L50, F|
|poke|p1|Kingambit, L50, F|
|poke|p2|Charizard, L50, F|
|poke|p2|Whimsicott, L50, M|
|poke|p2|Garchomp, L50, F|
|poke|p2|Gholdengo, L50|
|poke|p2|Kangaskhan, L50, F|
|poke|p2|Incineroar, L50, M|
|teampreview|4
|showteam|p1|Ninetales-Alola||FocusSash|SnowWarning|Protect,FreezeDry,Blizzard,Moonblast|Timid||M|||50|]Froslass||Froslassite|CursedBody|Protect,AuroraVeil,Blizzard,ShadowBall|Timid||F|||50|]Milotic||Leftovers|Competitive|Protect,Coil,MuddyWater,Hypnosis|Bold||F|||50|]Aerodactyl||Aerodactylite|Unnerve|Protect,DualWingbeat,RockSlide,Tailwind|Jolly||F|||50|]Sneasler||WhiteHerb|Unburden|Protect,FakeOut,CloseCombat,DireClaw|Adamant||F|||50|]Kingambit||ChopleBerry|Defiant|Protect,SwordsDance,SuckerPunch,KowtowCleave|Adamant||F|||50|
|showteam|p2|Charizard||CharizarditeY|SolarPower|HeatWave,WeatherBall,SolarBeam,Protect|Modest||F|||50|]Whimsicott||FocusSash|Prankster|Moonblast,Tailwind,Encore,Protect|Timid||M|||50|]Garchomp||LifeOrb|RoughSkin|Earthquake,DragonClaw,RockSlide,Protect|Jolly||F|||50|]Gholdengo||SpellTag|GoodasGold|MakeItRain,ShadowBall,NastyPlot,Protect|Modest|||||50|]Kangaskhan||Kangaskhanite|Scrappy|DoubleEdge,IcePunch,LowKick,FakeOut|Adamant||F|||50|]Incineroar||SitrusBerry|Intimidate|FakeOut,ThroatChop,FlareBlitz,PartingShot|Careful||M|||50|
|inactive|Battle timer is ON: inactive players will automatically lose when time's up. (requested by Olciax34)
|
|t:|1782512773
|teamsize|p1|4
|teamsize|p2|4
|start
|switch|p1a: Froslass|Froslass, L50, F|100/100
|switch|p1b: Aerodactyl|Aerodactyl, L50, F|100/100
|switch|p2a: Kangaskhan|Kangaskhan, L50, F|100/100
|switch|p2b: Gholdengo|Gholdengo, L50|100/100
|-ability|p1b: Aerodactyl|Unnerve
|turn|1
|inactive|IneverfinishedOR has 30 seconds left.
|inactive|Olciax34 has 30 seconds left.
|inactive|Olciax34 has 20 seconds left.
|inactive|IneverfinishedOR has 20 seconds left.
|inactive|IneverfinishedOR has 15 seconds left.
|inactive|IneverfinishedOR has 10 seconds left.
|inactive|IneverfinishedOR has 5 seconds left.
|
|t:|1782512832
|switch|p1b: Milotic|Milotic, L50, F|100/100
|switch|p2b: Whimsicott|Whimsicott, L50, M|100/100
|detailschange|p1a: Froslass|Froslass-Mega, L50, F
|-mega|p1a: Froslass|Froslass|Froslassite
|-weather|Snowscape|[from] ability: Snow Warning|[of] p1a: Froslass
|move|p1a: Froslass|Protect|p1a: Froslass
|-singleturn|p1a: Froslass|Protect
|move|p2a: Kangaskhan|Fake Out|p1a: Froslass
|-activate|p1a: Froslass|move: Protect
|
|-weather|Snowscape|[upkeep]
|upkeep
|turn|2
|inactive|IneverfinishedOR has 30 seconds left.
|
|t:|1782512863
|detailschange|p2a: Kangaskhan|Kangaskhan-Mega, L50, F
|-mega|p2a: Kangaskhan|Kangaskhan|Kangaskhanite
|move|p2b: Whimsicott|Encore|p1a: Froslass
|-start|p1a: Froslass|Encore
|move|p1a: Froslass|Protect|p1a: Froslass
|-singleturn|p1a: Froslass|Protect
|move|p2a: Kangaskhan|Double-Edge|p1b: Milotic
|-damage|p1b: Milotic|51/100
|-damage|p1b: Milotic|41/100
|-hitcount|p1b: Milotic|2
|-damage|p2a: Kangaskhan|81/100|[from] Recoil
|move|p1b: Milotic|Muddy Water|p2a: Kangaskhan|[spread] p2b
|-miss|p1b: Milotic|p2a: Kangaskhan
|-resisted|p2b: Whimsicott|1
|-damage|p2b: Whimsicott|80/100
|
|-weather|Snowscape|[upkeep]
|-heal|p1b: Milotic|47/100|[from] item: Leftovers
|upkeep
|turn|3
|inactive|IneverfinishedOR has 30 seconds left.
|inactive|Olciax34 has 30 seconds left.
|inactive|IneverfinishedOR has 20 seconds left.
|inactive|IneverfinishedOR has 15 seconds left.
|inactive|Olciax34 has 20 seconds left.
|inactive|IneverfinishedOR has 10 seconds left.
|inactive|IneverfinishedOR has 5 seconds left.
|
|t:|1782512915
|switch|p1b: Aerodactyl|Aerodactyl, L50, F|100/100
|-ability|p1b: Aerodactyl|Unnerve
|move|p1a: Froslass|Protect||[still]
|-fail|p1a: Froslass
|move|p2b: Whimsicott|Moonblast|p1a: Froslass
|-damage|p1a: Froslass|60/100
|move|p2a: Kangaskhan|Low Kick|p1a: Froslass
|-immune|p1a: Froslass
|
|-weather|Snowscape|[upkeep]
|upkeep
|turn|4
|
|t:|1782512937
|move|p2b: Whimsicott|Protect|p2b: Whimsicott
|-singleturn|p2b: Whimsicott|Protect
|move|p1a: Froslass|Protect|p1a: Froslass
|-singleturn|p1a: Froslass|Protect
|move|p1b: Aerodactyl|Dual Wingbeat|p2b: Whimsicott
|-activate|p2b: Whimsicott|move: Protect
|move|p2a: Kangaskhan|Ice Punch|p1b: Aerodactyl
|-supereffective|p1b: Aerodactyl|1
|-crit|p1b: Aerodactyl
|-damage|p1b: Aerodactyl|0 fnt
|faint|p1b: Aerodactyl
|
|-weather|Snowscape|[upkeep]
|-end|p1a: Froslass|Encore
|upkeep
|
|t:|1782512946
|switch|p1b: Kingambit|Kingambit, L50, F|100/100
|turn|5
|
|t:|1782512961
|switch|p1a: Milotic|Milotic, L50, F|47/100
|move|p2b: Whimsicott|Encore||[still]
|-fail|p2b: Whimsicott
|move|p2a: Kangaskhan|Low Kick|p1b: Kingambit
|-supereffective|p1b: Kingambit|2
|-enditem|p1b: Kingambit|Chople Berry|[eat]
|-enditem|p1b: Kingambit|Chople Berry|[weaken]
|-damage|p1b: Kingambit|42/100
|-supereffective|p1b: Kingambit|2
|-damage|p1b: Kingambit|18/100
|-hitcount|p1b: Kingambit|2
|move|p1b: Kingambit|Swords Dance|p1b: Kingambit
|-boost|p1b: Kingambit|atk|2
|
|-weather|none
|-heal|p1a: Milotic|52/100|[from] item: Leftovers
|upkeep
|turn|6
|
|t:|1782512976
|move|p1b: Kingambit|Sucker Punch|p2a: Kangaskhan
|-damage|p2a: Kangaskhan|18/100
|move|p2b: Whimsicott|Moonblast|p1b: Kingambit
|-damage|p1b: Kingambit|0 fnt
|faint|p1b: Kingambit
|move|p2a: Kangaskhan|Low Kick|p1a: Milotic
|-damage|p1a: Milotic|26/100
|-damage|p1a: Milotic|19/100
|-hitcount|p1a: Milotic|2
|move|p1a: Milotic|Hypnosis|p2b: Whimsicott
|-status|p2b: Whimsicott|slp|[from] move: Hypnosis
|
|-heal|p1a: Milotic|25/100|[from] item: Leftovers
|upkeep
|
|t:|1782512981
|switch|p1b: Froslass|Froslass-Mega, L50, F|60/100
|-weather|Snowscape|[from] ability: Snow Warning|[of] p1b: Froslass
|turn|7
|inactive|Olciax34 has 30 seconds left.
|
|t:|1782513009
|cant|p2b: Whimsicott|slp
|move|p1b: Froslass|Blizzard|p2a: Kangaskhan|[spread] p2a,p2b
|-supereffective|p2b: Whimsicott|1
|-damage|p2a: Kangaskhan|0 fnt
|-damage|p2b: Whimsicott|0 fnt
|faint|p2a: Kangaskhan
|faint|p2b: Whimsicott
|move|p1a: Milotic|Coil|p1a: Milotic
|-boost|p1a: Milotic|atk|1
|-boost|p1a: Milotic|def|1
|-boost|p1a: Milotic|accuracy|1
|
|-weather|Snowscape|[upkeep]
|-heal|p1a: Milotic|31/100|[from] item: Leftovers
|upkeep
|
|t:|1782513020
|switch|p2b: Incineroar|Incineroar, L50, M|100/100
|switch|p2a: Gholdengo|Gholdengo, L50|100/100
|-ability|p2b: Incineroar|Intimidate|boost
|-unboost|p1a: Milotic|atk|1
|-ability|p1a: Milotic|Competitive|boost
|-boost|p1a: Milotic|spa|2
|-unboost|p1b: Froslass|atk|1
|turn|8
|inactive|IneverfinishedOR has 30 seconds left.
|inactive|Olciax34 has 30 seconds left.
|inactive|IneverfinishedOR has 20 seconds left.
|inactive|IneverfinishedOR has 15 seconds left.
|
|t:|1782513062
|move|p1b: Froslass|Protect|p1b: Froslass
|-singleturn|p1b: Froslass|Protect
|move|p2a: Gholdengo|Protect|p2a: Gholdengo
|-singleturn|p2a: Gholdengo|Protect
|move|p1a: Milotic|Muddy Water|p2b: Incineroar|[spread] p2b
|-activate|p2a: Gholdengo|move: Protect
|-supereffective|p2b: Incineroar|1
|-damage|p2b: Incineroar|28/100
|-unboost|p2b: Incineroar|accuracy|1
|-enditem|p2b: Incineroar|Sitrus Berry|[eat]
|-heal|p2b: Incineroar|53/100|[from] item: Sitrus Berry
|move|p2b: Incineroar|Flare Blitz|p1b: Froslass
|-activate|p1b: Froslass|move: Protect
|
|-weather|Snowscape|[upkeep]
|-heal|p1a: Milotic|37/100|[from] item: Leftovers
|upkeep
|turn|9
|-message|Olciax34 forfeited.
|
|win|IneverfinishedOR
|raw|IneverfinishedOR's rating: 1144 → 1173(+29 for winning)
|raw|Olciax34's rating: 1206 → 1177(-29 for losing)
