|j|☆junglejay
|j|☆MikeShinobu
|html|junglejayMikeShinobu    
|uhtml|bestof|Game 1 of a best-of-3
|t:|1783180671
|gametype|doubles
|player|p1|junglejay|2|1040
|player|p2|MikeShinobu|ethan|1117
|gen|9
|tier|[Gen 9 Champions] VGC 2026 Reg M-B (Bo3)
|rated|
|rule|Species Clause: Limit one of each Pokémon
|rule|Item Clause: Limit 1 of each item
|clearpoke
|poke|p1|Gholdengo, L50|
|poke|p1|Greninja, L50, M, shiny|
|poke|p1|Mamoswine, L50, M|
|poke|p1|Hydreigon, L50, M|
|poke|p1|Tyranitar, L50, M, shiny|
|poke|p1|Annihilape, L50, M|
|poke|p2|Corviknight, L50, M|
|poke|p2|Garchomp, L50, F|
|poke|p2|Basculegion-F, L50, F|
|poke|p2|Staraptor, L50, F|
|poke|p2|Whimsicott, L50, F|
|poke|p2|Meowstic, L50, M|
|teampreview|4
|showteam|p1|Gholdengo||MetalCoat|GoodasGold|MakeItRain,ShadowBall,Thunderbolt,Protect|Modest|||||50|]Greninja||Greninjite|Protean|DarkPulse,WaterShuriken,Haze,Protect|Timid||M|||50|]Mamoswine||FocusSash|Oblivious|Earthquake,IcicleCrash,IceShard,Protect|Jolly||M|||50|]Hydreigon||ChoiceScarf|Levitate|DarkPulse,DracoMeteor,EarthPower,HeatWave|Modest||M|||50|]Tyranitar||Tyranitarite|SandStream|RockSlide,KnockOff,Superpower,Protect|Adamant||M|||50|]Annihilape||SitrusBerry|Defiant|RageFist,CloseCombat,Taunt,Protect|Adamant||M|||50|
|showteam|p2|Corviknight||OccaBerry|Unnerve|IronDefense,BodyPress,Roost,IronHead|Impish||M|||50|]Garchomp||YacheBerry|RoughSkin|Earthquake,DragonClaw,StompingTantrum,Protect|Jolly||F|||50|]Basculegion-F||ChoiceScarf|Adaptability|FlipTurn,ShadowBall,HydroPump,MuddyWater|Rash||F|||50|]Staraptor||Staraptite|Intimidate|CloseCombat,BraveBird,Roost,Protect|Jolly||F|||50|]Whimsicott||FocusSash|Prankster|Charm,Moonblast,Tailwind,Encore|Bold||F|||50|]Meowstic||Meowsticite|Prankster|FakeOut,SkillSwap,RainDance,Protect|Bold||M|||50|
|inactive|Battle timer is ON: inactive players will automatically lose when time's up. (requested by MikeShinobu)
|inactive|junglejay has 60 seconds left.
|
|t:|1783180719
|teamsize|p1|4
|teamsize|p2|4
|start
|switch|p1a: Greninja|Greninja, L50, M, shiny|100/100
|switch|p1b: Gholdengo|Gholdengo, L50|100/100
|switch|p2a: Whimsicott|Whimsicott, L50, F|100/100
|switch|p2b: Staraptor|Staraptor, L50, F|100/100
|-ability|p2b: Staraptor|Intimidate|boost
|-unboost|p1a: Greninja|atk|1
|-unboost|p1b: Gholdengo|atk|1
|turn|1
|
|t:|1783180739
|detailschange|p2b: Staraptor|Staraptor-Mega, L50, F
|-mega|p2b: Staraptor|Staraptor|Staraptite
|move|p1a: Greninja|Protect|p1a: Greninja
|-start|p1a: Greninja|typechange|Normal|[from] ability: Protean
|-singleturn|p1a: Greninja|Protect
|move|p2a: Whimsicott|Tailwind|p2a: Whimsicott
|-sidestart|p2: MikeShinobu|move: Tailwind
|move|p2b: Staraptor|Close Combat|p1a: Greninja
|-activate|p1a: Greninja|move: Protect
|move|p1b: Gholdengo|Make It Rain|p2a: Whimsicott|[spread] p2a,p2b
|-supereffective|p2a: Whimsicott|1
|-enditem|p2a: Whimsicott|Focus Sash
|-damage|p2a: Whimsicott|1/100
|-damage|p2b: Staraptor|40/100
|-unboost|p1b: Gholdengo|spa|2
|
|upkeep
|turn|2
|inactive|junglejay has 30 seconds left.
|
|t:|1783180773
|detailschange|p1a: Greninja|Greninja-Mega, L50, M, shiny
|-mega|p1a: Greninja|Greninja|Greninjite
|move|p2a: Whimsicott|Charm|p2b: Staraptor
|-boost|p2b: Staraptor|atk|2
|move|p1a: Greninja|Water Shuriken|p2b: Staraptor
|-start|p1a: Greninja|typechange|Water|[from] ability: Protean
|-damage|p2b: Staraptor|33/100
|-damage|p2b: Staraptor|26/100
|-damage|p2b: Staraptor|18/100
|-crit|p2b: Staraptor
|-damage|p2b: Staraptor|8/100
|-hitcount|p2b: Staraptor|4
|move|p2b: Staraptor|Close Combat|p1a: Greninja
|-damage|p1a: Greninja|0 fnt
|-boost|p2b: Staraptor|def|1
|-boost|p2b: Staraptor|spd|1
|faint|p1a: Greninja
|move|p1b: Gholdengo|Make It Rain|p2a: Whimsicott|[spread] p2a,p2b
|-supereffective|p2a: Whimsicott|1
|-damage|p2a: Whimsicott|0 fnt
|-damage|p2b: Staraptor|0 fnt
|-unboost|p1b: Gholdengo|spa|2
|faint|p2a: Whimsicott
|faint|p2b: Staraptor
|
|upkeep
|
|t:|1783180794
|switch|p1a: Mamoswine|Mamoswine, L50, M|100/100
|switch|p2b: Garchomp|Garchomp, L50, F|100/100
|switch|p2a: Corviknight|Corviknight, L50, M|100/100
|-ability|p2a: Corviknight|Unnerve
|turn|3
|
|t:|1783180810
|switch|p1b: Hydreigon|Hydreigon, L50, M|100/100
|move|p2b: Garchomp|Protect|p2b: Garchomp
|-singleturn|p2b: Garchomp|Protect
|move|p1a: Mamoswine|Protect|p1a: Mamoswine
|-singleturn|p1a: Mamoswine|Protect
|move|p2a: Corviknight|Iron Head|p1a: Mamoswine
|-activate|p1a: Mamoswine|move: Protect
|
|upkeep
|turn|4
|inactive|junglejay has 30 seconds left.
|inactive|junglejay has 20 seconds left.
|
|t:|1783180846
|move|p2b: Garchomp|Dragon Claw|p1b: Hydreigon
|-supereffective|p1b: Hydreigon|1
|-damage|p1b: Hydreigon|4/100
|move|p1b: Hydreigon|Heat Wave|p2b: Garchomp|[spread] p2a,p2b
|-supereffective|p2a: Corviknight|1
|-enditem|p2a: Corviknight|Occa Berry|[eat]
|-enditem|p2a: Corviknight|Occa Berry|[weaken]
|-resisted|p2b: Garchomp|1
|-damage|p2a: Corviknight|76/100
|-damage|p2b: Garchomp|85/100
|move|p2a: Corviknight|Iron Defense|p2a: Corviknight
|-boost|p2a: Corviknight|def|2
|move|p1a: Mamoswine|Icicle Crash|p2b: Garchomp
|-supereffective|p2b: Garchomp|2
|-enditem|p2b: Garchomp|Yache Berry|[eat]
|-enditem|p2b: Garchomp|Yache Berry|[weaken]
|-damage|p2b: Garchomp|0 fnt
|faint|p2b: Garchomp
|
|-sideend|p2: MikeShinobu|move: Tailwind
|upkeep
|turn|5
|
|t:|1783180866
|move|p1b: Hydreigon|Heat Wave|p2a: Corviknight
|-supereffective|p2a: Corviknight|1
|-damage|p2a: Corviknight|9/100
|move|p1a: Mamoswine|Icicle Crash|p2a: Corviknight|[miss]
|-miss|p1a: Mamoswine|p2a: Corviknight
|move|p2a: Corviknight|Iron Head|p1b: Hydreigon
|-damage|p1b: Hydreigon|0 fnt
|faint|p1b: Hydreigon
|
|upkeep
|
|t:|1783180875
|switch|p1b: Gholdengo|Gholdengo, L50|100/100
|turn|6
|
|t:|1783180881
|move|p1a: Mamoswine|Ice Shard|p2a: Corviknight
|-damage|p2a: Corviknight|3/100
|move|p1b: Gholdengo|Thunderbolt|p2a: Corviknight
|-supereffective|p2a: Corviknight|1
|-damage|p2a: Corviknight|0 fnt
|faint|p2a: Corviknight
|
|win|junglejay
