|j|☆hakeezy
|j|☆138mysx
|html|hakeezy138mysx    
|uhtml|bestof|Game 2 of a best-of-3
|t:|1783568130
|gametype|doubles
|player|p1|hakeezy|101|1118
|player|p2|138mysx|170|1061
|gen|9
|tier|[Gen 9 Champions] VGC 2026 Reg M-B (Bo3)
|rated|
|rule|Species Clause: Limit one of each Pokémon
|rule|Item Clause: Limit 1 of each item
|clearpoke
|poke|p1|Delphox, L50, F|
|poke|p1|Sneasler, L50, M|
|poke|p1|Whimsicott, L50, F|
|poke|p1|Incineroar, L50, F|
|poke|p1|Basculegion, L50, M|
|poke|p1|Raichu, L50, F|
|poke|p2|Charizard, L50, M, shiny|
|poke|p2|Aerodactyl, L50, M, shiny|
|poke|p2|Garchomp, L50, F, shiny|
|poke|p2|Sylveon, L50, F, shiny|
|poke|p2|Kingambit, L50, M|
|poke|p2|Incineroar, L50, M, shiny|
|teampreview|4
|showteam|p1|Delphox||Delphoxite|Blaze|NastyPlot,Psychic,HeatWave,Protect|Timid||F|||50|]Sneasler||WhiteHerb|Unburden|CloseCombat,DireClaw,FakeOut,Taunt|Jolly||M|||50|]Whimsicott||FocusSash|Prankster|SunnyDay,Moonblast,Tailwind,Encore|Timid||F|||50|]Incineroar||SitrusBerry|Intimidate|Taunt,FlareBlitz,FakeOut,PartingShot|Adamant||F|||50|]Basculegion||LifeOrb|Adaptability|WaveCrash,LastRespects,AquaJet,Protect|Jolly||M|||50|]Raichu||RaichuniteY|LightningRod|ZapCannon,FakeOut,FocusBlast,Protect|Timid||F|||50|
|showteam|p2|Charizard||CharizarditeY|Blaze|SolarBeam,WeatherBall,HeatWave,Protect|Modest||M|||50|]Aerodactyl||Aerodactylite|Unnerve|RockSlide,Tailwind,WideGuard,Protect|Jolly||M|||50|]Garchomp||RoseliBerry|RoughSkin|DragonClaw,Earthquake,RockTomb,Protect|Jolly||F|||50|]Sylveon||FairyFeather|Pixilate|HyperBeam,HyperVoice,QuickAttack,Detect|Modest||F|||50|]Kingambit||BlackGlasses|Defiant|KowtowCleave,SuckerPunch,IronHead,Protect|Adamant||M|||50|]Incineroar||SitrusBerry|Intimidate|FakeOut,FlareBlitz,ThroatChop,PartingShot|Impish||M|||50|
|j| Sr. Dirty Legs
|inactive|Battle timer is ON: inactive players will automatically lose when time's up. (requested by hakeezy)
|
|t:|1783568179
|teamsize|p1|4
|teamsize|p2|4
|start
|switch|p1a: Whimsicott|Whimsicott, L50, F|100/100
|switch|p1b: Raichu|Raichu, L50, F|100/100
|switch|p2a: Garchomp|Garchomp, L50, F, shiny|100/100
|switch|p2b: Aerodactyl|Aerodactyl, L50, M, shiny|100/100
|-ability|p2b: Aerodactyl|Unnerve
|turn|1
|inactive|hakeezy has 30 seconds left.
|inactive|hakeezy has 20 seconds left.
|inactive|hakeezy has 15 seconds left.
|
|t:|1783568222
|move|p1b: Raichu|Fake Out|p2a: Garchomp
|-damage|p2a: Garchomp|92/100
|-damage|p1b: Raichu|87/100|[from] ability: Rough Skin|[of] p2a: Garchomp
|move|p1a: Whimsicott|Tailwind|p1a: Whimsicott
|-sidestart|p1: hakeezy|move: Tailwind
|move|p2b: Aerodactyl|Tailwind|p2b: Aerodactyl
|-sidestart|p2: 138mysx|move: Tailwind
|cant|p2a: Garchomp|flinch
|
|upkeep
|turn|2
|inactive|hakeezy has 30 seconds left.
|
|t:|1783568253
|move|p2b: Aerodactyl|Protect|p2b: Aerodactyl
|-singleturn|p2b: Aerodactyl|Protect
|move|p1b: Raichu|Protect|p1b: Raichu
|-singleturn|p1b: Raichu|Protect
|move|p1a: Whimsicott|Moonblast|p2a: Garchomp
|-supereffective|p2a: Garchomp|1
|-enditem|p2a: Garchomp|Roseli Berry|[eat]
|-enditem|p2a: Garchomp|Roseli Berry|[weaken]
|-damage|p2a: Garchomp|54/100
|move|p2a: Garchomp|Earthquake|p1a: Whimsicott|[spread] p1a
|-activate|p2b: Aerodactyl|move: Protect
|-activate|p1b: Raichu|move: Protect
|-resisted|p1a: Whimsicott|1
|-damage|p1a: Whimsicott|72/100
|
|upkeep
|turn|3
|
|t:|1783568269
|switch|p2b: Incineroar|Incineroar, L50, M, shiny|100/100
|-ability|p2b: Incineroar|Intimidate|boost
|-unboost|p1a: Whimsicott|atk|1
|-unboost|p1b: Raichu|atk|1
|detailschange|p1b: Raichu|Raichu-Mega-Y, L50, F
|-mega|p1b: Raichu|Raichu|Raichunite Y
|move|p2a: Garchomp|Protect|p2a: Garchomp
|-singleturn|p2a: Garchomp|Protect
|move|p1b: Raichu|Zap Cannon|p2b: Incineroar
|-damage|p2b: Incineroar|34/100
|-status|p2b: Incineroar|par
|-enditem|p2b: Incineroar|Sitrus Berry|[eat]
|-heal|p2b: Incineroar|59/100 par|[from] item: Sitrus Berry
|move|p1a: Whimsicott|Moonblast|p2a: Garchomp
|-activate|p2a: Garchomp|move: Protect
|
|upkeep
|turn|4
|inactive|hakeezy has 30 seconds left.
|
|t:|1783568298
|move|p1b: Raichu|Protect|p1b: Raichu
|-singleturn|p1b: Raichu|Protect
|cant|p2b: Incineroar|par
|move|p1a: Whimsicott|Moonblast|p2a: Garchomp
|-supereffective|p2a: Garchomp|1
|-damage|p2a: Garchomp|0 fnt
|faint|p2a: Garchomp
|
|-sideend|p1: hakeezy|move: Tailwind
|-sideend|p2: 138mysx|move: Tailwind
|upkeep
|
|t:|1783568308
|switch|p2a: Sylveon|Sylveon, L50, F, shiny|100/100
|turn|5
|inactive|hakeezy has 30 seconds left.
|
|t:|1783568339
|move|p1b: Raichu|Zap Cannon|p2a: Sylveon
|-damage|p2a: Sylveon|42/100
|-status|p2a: Sylveon|par
|move|p1a: Whimsicott|Moonblast|p2a: Sylveon
|-damage|p2a: Sylveon|14/100 par
|move|p2a: Sylveon|Hyper Voice|p1b: Raichu|[spread] p1a,p1b
|-damage|p1a: Whimsicott|0 fnt
|-damage|p1b: Raichu|13/100
|faint|p1a: Whimsicott
|move|p2b: Incineroar|Parting Shot|p1b: Raichu
|-unboost|p1b: Raichu|atk|1
|-unboost|p1b: Raichu|spa|1
|
|t:|1783568346
|switch|p2b: Aerodactyl|Aerodactyl, L50, M, shiny|100/100|[from] Parting Shot
|-ability|p2b: Aerodactyl|Unnerve
|
|upkeep
|
|t:|1783568364
|switch|p1a: Basculegion|Basculegion, L50, M|100/100
|turn|6
|
|t:|1783568389
|switch|p2b: Incineroar|Incineroar, L50, M, shiny|59/100 par
|-ability|p2b: Incineroar|Intimidate|boost
|-unboost|p1a: Basculegion|atk|1
|-unboost|p1b: Raichu|atk|1
|switch|p1b: Sneasler|Sneasler, L50, M|100/100
|cant|p2a: Sylveon|par
|move|p1a: Basculegion|Wave Crash|p2a: Sylveon
|-damage|p2a: Sylveon|0 fnt
|faint|p2a: Sylveon
|-damage|p1a: Basculegion|95/100|[from] Recoil
|-damage|p1a: Basculegion|86/100|[from] item: Life Orb
|
|upkeep
|
|t:|1783568398
|switch|p2a: Aerodactyl|Aerodactyl, L50, M, shiny|100/100
|-ability|p2a: Aerodactyl|Unnerve
|turn|7
|
|t:|1783568413
|detailschange|p2a: Aerodactyl|Aerodactyl-Mega, L50, M, shiny
|-mega|p2a: Aerodactyl|Aerodactyl|Aerodactylite
|move|p1b: Sneasler|Fake Out|p2b: Incineroar
|-crit|p2b: Incineroar
|-damage|p2b: Incineroar|41/100 par
|cant|p2b: Incineroar|flinch
|move|p2a: Aerodactyl|Rock Slide|p1a: Basculegion|[spread] p1a
|-miss|p2a: Aerodactyl|p1b: Sneasler
|-damage|p1a: Basculegion|47/100
|cant|p1a: Basculegion|flinch
|
|upkeep
|turn|8
|inactive|138mysx has 30 seconds left.
|
|t:|1783568443
|move|p2a: Aerodactyl|Rock Slide|p1b: Sneasler|[spread] p1a,p1b
|-resisted|p1b: Sneasler|1
|-damage|p1a: Basculegion|11/100
|-damage|p1b: Sneasler|77/100
|move|p1b: Sneasler|Close Combat|p2b: Incineroar
|-supereffective|p2b: Incineroar|1
|-crit|p2b: Incineroar
|-damage|p2b: Incineroar|0 fnt
|-unboost|p1b: Sneasler|def|1
|-unboost|p1b: Sneasler|spd|1
|faint|p2b: Incineroar
|-enditem|p1b: Sneasler|White Herb
|-clearnegativeboost|p1b: Sneasler|[silent]
|move|p1a: Basculegion|Wave Crash|p2a: Aerodactyl
|-supereffective|p2a: Aerodactyl|1
|-damage|p2a: Aerodactyl|0 fnt
|faint|p2a: Aerodactyl
|-damage|p1a: Basculegion|0 fnt|[from] Recoil
|faint|p1a: Basculegion
|
|win|hakeezy
||138mysx is ready for game 3.
|inactive|hakeezy has 30 seconds to confirm battle start!
||hakeezy is ready for game 3.
|uhtml|next|Next: Game 3 of 3
|l| Sr. Dirty Legs
|l|☆hakeezy
|player|p1|
|l|☆138mysx
|player|p2|
|j|☆138mysx
|player|p2|138mysx|170|
