|j|☆cheeto squid
|j|☆MrKiran
|html|cheeto squidMrKiran    
|uhtml|bestof|Game 2 of a best-of-3
|t:|1756243470
|gametype|doubles
|player|p1|cheeto squid|101|1180
|player|p2|MrKiran|n|1165
|gen|9
|tier|[Gen 9] VGC 2025 Reg H (Bo3)
|rated|
|rule|Species Clause: Limit one of each Pokémon
|rule|Item Clause: Limit 1 of each item
|clearpoke
|poke|p1|Samurott-Hisui, L50, F|
|poke|p1|Pelipper, L50, M|
|poke|p1|Archaludon, L50, M|
|poke|p1|Clefairy, L50, M|
|poke|p1|Gholdengo, L50|
|poke|p1|Kingambit, L50, M|
|poke|p2|Charizard, L50, M|
|poke|p2|Torkoal, L50, M|
|poke|p2|Porygon2, L50|
|poke|p2|Incineroar, L50, F|
|poke|p2|Jumpluff, L50, F|
|poke|p2|Ursaluna, L50, F|
|teampreview|4
|showteam|p1|Samurott-Hisui||MysticWater|Sharpness|RazorShell,SacredSword,Detect,FlipTurn|||F|||50|,,,,,Ghost]Pelipper||CovertCloak|Drizzle|Hurricane,WeatherBall,Tailwind,Protect|||M|||50|,,,,,Stellar]Archaludon||PowerHerb|Stalwart|ElectroShot,DracoMeteor,FlashCannon,Protect|||M|||50|,,,,,Electric]Clefairy||Eviolite|FriendGuard|AfterYou,FollowMe,HelpingHand,Protect|||M|||50|,,,,,Water]Gholdengo||LifeOrb|GoodasGold|MakeItRain,ShadowBall,NastyPlot,Protect||||||50|,,,,,Dragon]Kingambit||BlackGlasses|Defiant|KowtowCleave,SuckerPunch,Protect,SwordsDance|||M|||50|,,,,,Dark
|showteam|p2|Charizard||ChoiceSpecs|SolarPower|HeatWave,Overheat,WeatherBall,AirSlash|||M|||50|,,,,,Ghost]Torkoal||EjectPack|Drought|Eruption,Overheat,HelpingHand,Protect|||M|||50|,,,,,Fire]Porygon2||Eviolite|Download|TeraBlast,IceBeam,Recover,TrickRoom||||||50|,,,,,Fighting]Incineroar||SitrusBerry|Intimidate|FlareBlitz,KnockOff,FakeOut,PartingShot|||F|||50|,,,,,Ghost]Jumpluff||CovertCloak|Chlorophyll|SleepPowder,SunnyDay,RagePowder,Tailwind|||F|||50|,,,,,Water]Ursaluna||FlameOrb|Guts|HeadlongRush,Facade,Earthquake,Protect|||F|||50|,,,,,Ghost
|inactive|Battle timer is ON: inactive players will automatically lose when time's up. (requested by MrKiran)
|
|t:|1756243491
|teamsize|p1|4
|teamsize|p2|4
|start
|switch|p1a: Clefairy|Clefairy, L50, M|100/100
|switch|p1b: Gholdengo|Gholdengo, L50|100/100
|switch|p2a: Torkoal|Torkoal, L50, M|100/100
|switch|p2b: Jumpluff|Jumpluff, L50, F|100/100
|-weather|SunnyDay|[from] ability: Drought|[of] p2a: Torkoal
|turn|1
|inactive|cheeto squid has 30 seconds left.
|
|t:|1756243517
|-terastallize|p1b: Gholdengo|Dragon
|move|p1a: Clefairy|Protect|p1a: Clefairy
|-singleturn|p1a: Clefairy|Protect
|move|p2b: Jumpluff|Sunny Day||[still]
|-fail|p2b: Jumpluff
|move|p1b: Gholdengo|Shadow Ball|p2a: Torkoal
|-damage|p2a: Torkoal|23/100
|-damage|p1b: Gholdengo|91/100|[from] item: Life Orb
|move|p2a: Torkoal|Overheat|p1b: Gholdengo
|-resisted|p1b: Gholdengo
|-damage|p1b: Gholdengo|51/100
|-unboost|p2a: Torkoal|spa|2
|-enditem|p2a: Torkoal|Eject Pack
|
|t:|1756243527
|switch|p2a: Charizard|Charizard, L50, M, shiny|100/100
|
|-weather|SunnyDay|[upkeep]
|-damage|p2a: Charizard|88/100|[from] ability: Solar Power|[of] p2a: Charizard
|upkeep
|turn|2
|inactive|cheeto squid has 30 seconds left.
|inactive|MrKiran has 30 seconds left.
|inactive|MrKiran has 20 seconds left.
|
|t:|1756243564
|move|p1a: Clefairy|Follow Me|p1a: Clefairy
|-singleturn|p1a: Clefairy|move: Follow Me
|move|p2b: Jumpluff|Sunny Day||[still]
|-fail|p2b: Jumpluff
|move|p2a: Charizard|Heat Wave|p1b: Gholdengo|[spread] p1a,p1b
|-resisted|p1b: Gholdengo
|-damage|p1a: Clefairy|25/100
|-damage|p1b: Gholdengo|4/100
|move|p1b: Gholdengo|Shadow Ball|p2a: Charizard
|-damage|p2a: Charizard|14/100
|-damage|p1b: Gholdengo|0 fnt|[from] item: Life Orb
|faint|p1b: Gholdengo
|
|-weather|SunnyDay|[upkeep]
|-damage|p2a: Charizard|2/100|[from] ability: Solar Power|[of] p2a: Charizard
|upkeep
|
|t:|1756243578
|switch|p1b: Samurott|Samurott-Hisui, L50, F|100/100
|turn|3
|
|t:|1756243594
|move|p1b: Samurott|Detect|p1b: Samurott
|-singleturn|p1b: Samurott|Protect
|move|p1a: Clefairy|Protect|p1a: Clefairy
|-singleturn|p1a: Clefairy|Protect
|move|p2b: Jumpluff|Tailwind|p2b: Jumpluff
|-sidestart|p2: MrKiran|move: Tailwind
|move|p2a: Charizard|Heat Wave|p1b: Samurott|[spread] 
|-activate|p1a: Clefairy|move: Protect
|-activate|p1b: Samurott|move: Protect
|
|-weather|SunnyDay|[upkeep]
|-damage|p2a: Charizard|0 fnt|[from] ability: Solar Power|[of] p2a: Charizard
|faint|p2a: Charizard
|upkeep
|
|t:|1756243606
|switch|p2a: Incineroar|Incineroar, L50, F|100/100
|-ability|p2a: Incineroar|Intimidate|boost
|-unboost|p1a: Clefairy|atk|1
|-unboost|p1b: Samurott|atk|1
|turn|4
|
|t:|1756243622
|move|p2a: Incineroar|Fake Out|p1a: Clefairy
|-damage|p1a: Clefairy|11/100
|cant|p1a: Clefairy|flinch
|move|p2b: Jumpluff|Sleep Powder|p1b: Samurott|[miss]
|-miss|p2b: Jumpluff|p1b: Samurott
|move|p1b: Samurott|Flip Turn|p2a: Incineroar
|-supereffective|p2a: Incineroar
|-damage|p2a: Incineroar|79/100
|
|t:|1756243632
|switch|p1b: Pelipper|Pelipper, L50, M|100/100|[from] Flip Turn
|-weather|RainDance|[from] ability: Drizzle|[of] p1b: Pelipper
|
|-weather|RainDance|[upkeep]
|upkeep
|turn|5
|
|t:|1756243654
|move|p1a: Clefairy|Follow Me|p1a: Clefairy
|-singleturn|p1a: Clefairy|move: Follow Me
|move|p2b: Jumpluff|Sleep Powder|p1a: Clefairy
|-status|p1a: Clefairy|slp|[from] move: Sleep Powder
|move|p2a: Incineroar|Parting Shot|p1a: Clefairy
|-unboost|p1a: Clefairy|atk|1
|-unboost|p1a: Clefairy|spa|1
|
|t:|1756243660
|switch|p2a: Torkoal|Torkoal, L50, M|23/100|[from] Parting Shot
|-weather|SunnyDay|[from] ability: Drought|[of] p2a: Torkoal
|move|p1b: Pelipper|Weather Ball|p2b: Jumpluff
|-supereffective|p2b: Jumpluff
|-damage|p2b: Jumpluff|2/100
|
|-weather|SunnyDay|[upkeep]
|upkeep
|turn|6
|
|t:|1756243674
|move|p1b: Pelipper|Protect|p1b: Pelipper
|-singleturn|p1b: Pelipper|Protect
|cant|p1a: Clefairy|slp
|move|p2b: Jumpluff|Sleep Powder|p1b: Pelipper
|-activate|p1b: Pelipper|move: Protect
|move|p2a: Torkoal|Overheat|p1b: Pelipper
|-activate|p1b: Pelipper|move: Protect
|
|-weather|SunnyDay|[upkeep]
|-sideend|p2: MrKiran|move: Tailwind
|upkeep
|turn|7
|
|t:|1756243689
|switch|p2a: Incineroar|Incineroar, L50, F|79/100
|-ability|p2a: Incineroar|Intimidate|boost
|-unboost|p1a: Clefairy|atk|1
|-unboost|p1b: Pelipper|atk|1
|cant|p1a: Clefairy|slp
|move|p2b: Jumpluff|Sleep Powder|p1b: Pelipper
|-status|p1b: Pelipper|slp|[from] move: Sleep Powder
|cant|p1b: Pelipper|slp
|
|-weather|SunnyDay|[upkeep]
|upkeep
|turn|8
|inactive|MrKiran has 30 seconds left.
|
|t:|1756243718
|-curestatus|p1b: Pelipper|slp|[msg]
|move|p1b: Pelipper|Protect|p1b: Pelipper
|-singleturn|p1b: Pelipper|Protect
|-curestatus|p1a: Clefairy|slp|[msg]
|move|p1a: Clefairy|Protect|p1a: Clefairy
|-singleturn|p1a: Clefairy|Protect
|move|p2b: Jumpluff|Sleep Powder|p1a: Clefairy
|-activate|p1a: Clefairy|move: Protect
|move|p2a: Incineroar|Flare Blitz|p1a: Clefairy
|-activate|p1a: Clefairy|move: Protect
|
|-weather|SunnyDay|[upkeep]
|upkeep
|turn|9
|inactive|cheeto squid has 30 seconds left.
|inactive|MrKiran has 30 seconds left.
|
|t:|1756243750
|switch|p2b: Torkoal|Torkoal, L50, M|23/100
|move|p1a: Clefairy|Follow Me|p1a: Clefairy
|-singleturn|p1a: Clefairy|move: Follow Me
|move|p2a: Incineroar|Flare Blitz|p1a: Clefairy
|-damage|p1a: Clefairy|0 fnt
|faint|p1a: Clefairy
|-damage|p2a: Incineroar|76/100|[from] Recoil
|move|p1b: Pelipper|Weather Ball|p2b: Torkoal
|-resisted|p2b: Torkoal
|-damage|p2b: Torkoal|0 fnt
|faint|p2b: Torkoal
|
|-weather|none
|upkeep
|
|t:|1756243756
|switch|p1a: Samurott|Samurott-Hisui, L50, F|100/100
|switch|p2b: Jumpluff|Jumpluff, L50, F|2/100
|turn|10
|
|t:|1756243772
|-terastallize|p2a: Incineroar|Ghost
|move|p1a: Samurott|Detect|p1a: Samurott
|-singleturn|p1a: Samurott|Protect
|move|p2b: Jumpluff|Sleep Powder|p1a: Samurott
|-activate|p1a: Samurott|move: Protect
|move|p2a: Incineroar|Flare Blitz|p1b: Pelipper
|-resisted|p1b: Pelipper
|-damage|p1b: Pelipper|67/100
|-damage|p2a: Incineroar|68/100|[from] Recoil
|move|p1b: Pelipper|Weather Ball|p2b: Jumpluff
|-damage|p2b: Jumpluff|0 fnt
|faint|p2b: Jumpluff
|
|upkeep
|turn|11
|-message|MrKiran forfeited.
|raw|cheeto squid's rating: 1180 → 1204(+24 for winning)
|raw|MrKiran's rating: 1165 → 1141(-24 for losing)
|
|win|cheeto squid
|l|☆MrKiran
|player|p2|
