|j|☆Luca Santoriello
|j|☆Capravolante97
|html|Luca SantorielloCapravolante97    
|uhtml|bestof|Game 1 of a best-of-3
|t:|1782375639
|gametype|doubles
|player|p1|Luca Santoriello|juan|1206
|player|p2|Capravolante97|fantina|1376
|gen|9
|tier|[Gen 9 Champions] VGC 2026 Reg M-B (Bo3)
|rated|
|rule|Species Clause: Limit one of each Pokémon
|rule|Item Clause: Limit 1 of each item
|clearpoke
|poke|p1|Swampert, L50, F|
|poke|p1|Pelipper, L50, F|
|poke|p1|Archaludon, L50, F|
|poke|p1|Venusaur, L50, M|
|poke|p1|Gholdengo, L50|
|poke|p1|Grimmsnarl, L50, M|
|poke|p2|Gholdengo, L50|
|poke|p2|Scovillain, L50, M|
|poke|p2|Aerodactyl, L50, F|
|poke|p2|Garchomp, L50, F|
|poke|p2|Primarina, L50, F|
|poke|p2|Charizard, L50, M|
|teampreview|4
|showteam|p1|Swampert||Swampertite|Torrent|WaveCrash,HighHorsepower,IcePunch,Protect|Adamant||F|||50|]Pelipper||FocusSash|Drizzle|WideGuard,Tailwind,WeatherBall,Hurricane|Modest||F|||50|]Archaludon||Leftovers|Stamina|Protect,FlashCannon,DragonPulse,ElectroShot|Modest||F|||50|]Venusaur||Venusaurite|Chlorophyll|Protect,GigaDrain,SludgeBomb,EarthPower|Modest||M|||50|]Gholdengo||LifeOrb|GoodasGold|Protect,NastyPlot,MakeItRain,ShadowBall|Modest|||||50|]Grimmsnarl||LightClay|Prankster|FakeOut,LightScreen,PartingShot,FoulPlay|Careful||M|||50|
|showteam|p2|Gholdengo||LifeOrb|GoodasGold|MakeItRain,ShadowBall,NastyPlot,Protect|Timid|||||50|]Scovillain||Scovillainite|Chlorophyll|RagePowder,GigaDrain,Overheat,Protect|Bold||M|||50|]Aerodactyl||FocusSash|Unnerve|Tailwind,RockSlide,Protect,DualWingbeat|Jolly||F|||50|]Garchomp||ExpertBelt|RoughSkin|RockSlide,DragonClaw,Earthquake,Protect|Jolly||F|||50|]Primarina||MysticWater|LiquidVoice|CalmMind,HyperVoice,Moonblast,Protect|Modest||F|||50|]Charizard||CharizarditeY|Blaze|HeatWave,SolarBeam,WeatherBall,Protect|Modest||M|||50|
|inactive|Battle timer is ON: inactive players will automatically lose when time's up. (requested by Capravolante97)
|inactive|Luca Santoriello has 60 seconds left.
|inactive|Capravolante97 has 60 seconds left.
|
|t:|1782375679
|teamsize|p1|4
|teamsize|p2|4
|start
|switch|p1a: Pelipper|Pelipper, L50, F|100/100
|switch|p1b: Archaludon|Archaludon, L50, F|100/100
|switch|p2a: Charizard|Charizard, L50, M|100/100
|switch|p2b: Scovillain|Scovillain, L50, M|100/100
|-weather|RainDance|[from] ability: Drizzle|[of] p1a: Pelipper
|turn|1
|
|t:|1782375691
|switch|p1a: Grimmsnarl|Grimmsnarl, L50, M|100/100
|detailschange|p2a: Charizard|Charizard-Mega-Y, L50, M
|-mega|p2a: Charizard|Charizard|Charizardite Y
|-weather|SunnyDay|[from] ability: Drought|[of] p2a: Charizard
|move|p1b: Archaludon|Protect|p1b: Archaludon
|-singleturn|p1b: Archaludon|Protect
|move|p2b: Scovillain|Overheat|p1a: Grimmsnarl|[miss]
|-miss|p2b: Scovillain|p1a: Grimmsnarl
|move|p2a: Charizard|Heat Wave|p1b: Archaludon|[spread] 
|-activate|p1b: Archaludon|move: Protect
|-miss|p2a: Charizard|p1a: Grimmsnarl
|
|-weather|SunnyDay|[upkeep]
|upkeep
|turn|2
|c|☆Luca Santoriello|sorry
|inactive|Luca Santoriello has 30 seconds left.
|inactive|Luca Santoriello has 20 seconds left.
|
|t:|1782375729
|switch|p2b: Primarina|Primarina, L50, F|100/100
|switch|p2a: Garchomp|Garchomp, L50, F|100/100
|move|p1a: Grimmsnarl|Parting Shot|p2b: Primarina
|-unboost|p2b: Primarina|atk|1
|-unboost|p2b: Primarina|spa|1
|
|t:|1782375736
|switch|p1a: Pelipper|Pelipper, L50, F|100/100|[from] Parting Shot
|-weather|RainDance|[from] ability: Drizzle|[of] p1a: Pelipper
|move|p1b: Archaludon|Electro Shot||[still]
|-prepare|p1b: Archaludon|Electro Shot
|-boost|p1b: Archaludon|spa|1
|-anim|p1b: Archaludon|Electro Shot|p2a: Garchomp
|-immune|p2a: Garchomp
|
|-weather|RainDance|[upkeep]
|upkeep
|turn|3
|c|☆Capravolante97|tranqui
|
|t:|1782375755
|switch|p1a: Grimmsnarl|Grimmsnarl, L50, M|100/100
|switch|p2b: Charizard|Charizard-Mega-Y, L50, M|100/100
|-weather|SunnyDay|[from] ability: Drought|[of] p2b: Charizard
|move|p2a: Garchomp|Earthquake|p1a: Grimmsnarl|[spread] p1a,p1b
|-immune|p2b: Charizard
|-supereffective|p1b: Archaludon|1
|-damage|p1a: Grimmsnarl|59/100
|-damage|p1b: Archaludon|28/100
|-ability|p1b: Archaludon|Stamina|boost
|-boost|p1b: Archaludon|def|1
|move|p1b: Archaludon|Electro Shot||[still]
|-prepare|p1b: Archaludon|Electro Shot
|-boost|p1b: Archaludon|spa|1
|
|-weather|SunnyDay|[upkeep]
|-heal|p1b: Archaludon|34/100|[from] item: Leftovers
|upkeep
|turn|4
|
|t:|1782375784
|move|p1a: Grimmsnarl|Parting Shot|p2a: Garchomp
|-unboost|p2a: Garchomp|atk|1
|-unboost|p2a: Garchomp|spa|1
|
|t:|1782375787
|switch|p1a: Pelipper|Pelipper, L50, F|100/100|[from] Parting Shot
|-weather|RainDance|[from] ability: Drizzle|[of] p1a: Pelipper
|move|p2a: Garchomp|Earthquake|p1b: Archaludon|[spread] p1b
|-immune|p2b: Charizard
|-immune|p1a: Pelipper
|-supereffective|p1b: Archaludon|1
|-damage|p1b: Archaludon|1/100
|-ability|p1b: Archaludon|Stamina|boost
|-boost|p1b: Archaludon|def|1
|move|p2b: Charizard|Weather Ball|p1a: Pelipper
|-resisted|p1a: Pelipper|1
|-damage|p1a: Pelipper|54/100
|move|p1b: Archaludon|Electro Shot|p2b: Charizard|[from] lockedmove
|-supereffective|p2b: Charizard|1
|-damage|p2b: Charizard|0 fnt
|faint|p2b: Charizard
|
|-weather|RainDance|[upkeep]
|-heal|p1b: Archaludon|7/100|[from] item: Leftovers
|upkeep
|
|t:|1782375803
|switch|p2b: Primarina|Primarina, L50, F|100/100
|turn|5
|
|t:|1782375810
|switch|p1a: Grimmsnarl|Grimmsnarl, L50, M|59/100
|move|p1b: Archaludon|Protect|p1b: Archaludon
|-singleturn|p1b: Archaludon|Protect
|move|p2a: Garchomp|Dragon Claw|p1b: Archaludon
|-activate|p1b: Archaludon|move: Protect
|move|p2b: Primarina|Moonblast|p1a: Grimmsnarl
|-supereffective|p1a: Grimmsnarl|1
|-damage|p1a: Grimmsnarl|0 fnt
|faint|p1a: Grimmsnarl
|
|-weather|RainDance|[upkeep]
|-heal|p1b: Archaludon|13/100|[from] item: Leftovers
|upkeep
|
|t:|1782375822
|switch|p1a: Venusaur|Venusaur, L50, M|100/100
|turn|6
|inactive|Capravolante97 has 30 seconds left.
|
|t:|1782375853
|detailschange|p1a: Venusaur|Venusaur-Mega, L50, M
|-mega|p1a: Venusaur|Venusaur|Venusaurite
|move|p2b: Primarina|Protect|p2b: Primarina
|-singleturn|p2b: Primarina|Protect
|move|p2a: Garchomp|Earthquake|p1b: Archaludon|[spread] p1a,p1b
|-activate|p2b: Primarina|move: Protect
|-crit|p1a: Venusaur
|-supereffective|p1b: Archaludon|1
|-damage|p1a: Venusaur|51/100
|-damage|p1b: Archaludon|0 fnt
|faint|p1b: Archaludon
|move|p1a: Venusaur|Sludge Bomb|p2b: Primarina
|-activate|p2b: Primarina|move: Protect
|
|-weather|RainDance|[upkeep]
|upkeep
|
|t:|1782375861
|switch|p1b: Pelipper|Pelipper, L50, F|54/100
|turn|7
|
|t:|1782375880
|switch|p2a: Scovillain|Scovillain, L50, M|100/100
|move|p1a: Venusaur|Giga Drain|p2b: Primarina
|-supereffective|p2b: Primarina|1
|-damage|p2b: Primarina|32/100
|-heal|p1a: Venusaur|83/100|[from] drain|[of] p2b: Primarina
|move|p1b: Pelipper|Hurricane|p2b: Primarina
|-damage|p2b: Primarina|0 fnt
|faint|p2b: Primarina
|
|-weather|RainDance|[upkeep]
|upkeep
|
|t:|1782375889
|switch|p2b: Garchomp|Garchomp, L50, F|100/100
|turn|8
|
|t:|1782375901
|move|p2a: Scovillain|Protect|p2a: Scovillain
|-singleturn|p2a: Scovillain|Protect
|move|p2b: Garchomp|Dragon Claw|p1b: Pelipper
|-damage|p1b: Pelipper|0 fnt
|faint|p1b: Pelipper
|move|p1a: Venusaur|Sludge Bomb|p2a: Scovillain
|-activate|p2a: Scovillain|move: Protect
|
|-weather|none
|upkeep
|turn|9
|
|t:|1782375916
|move|p2b: Garchomp|Dragon Claw|p1a: Venusaur
|-damage|p1a: Venusaur|48/100
|move|p1a: Venusaur|Sludge Bomb|p2a: Scovillain
|-supereffective|p2a: Scovillain|1
|-damage|p2a: Scovillain|0 fnt
|faint|p2a: Scovillain
|
|upkeep
|turn|10
|
|t:|1782375923
|move|p2b: Garchomp|Earthquake|p1a: Venusaur
|-damage|p1a: Venusaur|8/100
|move|p1a: Venusaur|Giga Drain|p2b: Garchomp
|-damage|p2b: Garchomp|57/100
|-heal|p1a: Venusaur|28/100|[from] drain|[of] p2b: Garchomp
|
|upkeep
|turn|11
|
|t:|1782375930
|move|p2b: Garchomp|Earthquake|p1a: Venusaur
|-damage|p1a: Venusaur|0 fnt
|faint|p1a: Venusaur
|
|win|Capravolante97
||Luca Santoriello is ready for game 2.
||Capravolante97 is ready for game 2.
|uhtml|next|Next: Game 2 of 3
|l|☆Capravolante97
|player|p2|
