|j|☆burnerblovsky
|j|☆TeyOnTheRox
|html|burnerblovskyTeyOnTheRox    
|uhtml|bestof|Game 1 of a best-of-3
|t:|1757774953
|gametype|doubles
|player|p1|burnerblovsky|101|1219
|player|p2|TeyOnTheRox|benga|1219
|gen|9
|tier|[Gen 9] VGC 2025 Reg H (Bo3)
|rated|
|rule|Species Clause: Limit one of each Pokémon
|rule|Item Clause: Limit 1 of each item
|clearpoke
|poke|p1|Indeedee-F, L50, F|
|poke|p1|Hatterene, L50, F|
|poke|p1|Kingambit, L50, F|
|poke|p1|Ursaluna, L50, F|
|poke|p1|Annihilape, L50, M|
|poke|p1|Torkoal, L50, F|
|poke|p2|Tyranitar, L50, F|
|poke|p2|Excadrill, L50, M|
|poke|p2|Sneasler, L50, M|
|poke|p2|Indeedee, L50, M|
|poke|p2|Corviknight, L50, M|
|poke|p2|Annihilape, L50, F|
|teampreview|4
|showteam|p1|Indeedee-F||PsychicSeed|PsychicSurge|FollowMe,TrickRoom,HelpingHand,Psychic|||F|||50|,,,,,Water]Hatterene||CovertCloak|MagicBounce|Psychic,ExpandingForce,DazzlingGleam,TrickRoom|||F|||50|,,,,,Psychic]Kingambit||BlackGlasses|Defiant|KowtowCleave,LowKick,SuckerPunch,Protect|||F|||50|,,,,,Fire]Ursaluna||FlameOrb|Guts|HeadlongRush,Earthquake,Protect,Facade|||F|||50|,,,,,Fire]Annihilape||ChoiceScarf|VitalSpirit|FinalGambit,CloseCombat,RageFist,Coaching|||M|||50|,,,,,Fighting]Torkoal||Charcoal|Drought|Eruption,WeatherBall,AncientPower,ClearSmog|||F|||50|,,,,,Fire
|showteam|p2|Tyranitar||AssaultVest|SandStream|RockSlide,KnockOff,TeraBlast,LowKick|||F|||50|,,,,,Flying]Excadrill||FocusSash|SandRush|IronHead,HighHorsepower,Earthquake,Protect|||M|||50|,,,,,Stellar]Sneasler||PsychicSeed|Unburden|DireClaw,CloseCombat,ThroatChop,Protect|||M|||50|,,,,,Dark]Indeedee||ChoiceScarf|PsychicSurge|ExpandingForce,TeraBlast,Protect,Trick|||M|||50|,,,,,Psychic]Corviknight||Leftovers|MirrorArmor|BraveBird,BulkUp,Roost,Tailwind|||M|||50|,,,,,Dragon]Annihilape||SafetyGoggles|Defiant|CloseCombat,FinalGambit,RageFist,Taunt|||F|||50|,,,,,Water
|inactive|Battle timer is ON: inactive players will automatically lose when time's up. (requested by burnerblovsky)
|inactive|burnerblovsky has 60 seconds left.
|inactive|TeyOnTheRox has 60 seconds left.
|
|t:|1757775009
|teamsize|p1|4
|teamsize|p2|4
|start
|switch|p1a: Indeedee|Indeedee-F, L50, F|100/100
|switch|p1b: Hatterene|Hatterene, L50, F|100/100
|switch|p2a: Cars II|Corviknight, L50, M|100/100
|switch|p2b: Cachiiga|Annihilape, L50, F|100/100
|-fieldstart|move: Psychic Terrain|[from] ability: Psychic Surge|[of] p1a: Indeedee
|-enditem|p1a: Indeedee|Psychic Seed
|-boost|p1a: Indeedee|spd|1|[from] item: Psychic Seed
|turn|1
|inactive|TeyOnTheRox has 30 seconds left.
|
|t:|1757775044
|switch|p1a: Ursaluna|Ursaluna, L50, F|100/100
|switch|p2a: Doc Hudson|Tyranitar, L50, F, shiny|100/100
|-weather|Sandstorm|[from] ability: Sand Stream|[of] p2a: Doc Hudson
|move|p2b: Cachiiga|Taunt|p1b: Hatterene
|move|p1b: Hatterene|Taunt|p2b: Cachiiga|[from] ability: Magic Bounce
|-start|p2b: Cachiiga|move: Taunt
|move|p1b: Hatterene|Trick Room|p1b: Hatterene
|-fieldstart|move: Trick Room|[of] p1b: Hatterene
|
|-weather|Sandstorm|[upkeep]
|-damage|p1b: Hatterene|94/100|[from] Sandstorm
|-status|p1a: Ursaluna|brn|[from] item: Flame Orb
|upkeep
|turn|2
|inactive|burnerblovsky has 30 seconds left.
|inactive|TeyOnTheRox has 30 seconds left.
|inactive|burnerblovsky has 20 seconds left.
|inactive|TeyOnTheRox has 20 seconds left.
|inactive|burnerblovsky has 15 seconds left.
|inactive|TeyOnTheRox has 15 seconds left.
|inactive|burnerblovsky has 10 seconds left.
|inactive|burnerblovsky has 5 seconds left.
|
|t:|1757775099
|-terastallize|p2a: Doc Hudson|Flying
|move|p1b: Hatterene|Psychic|p2b: Cachiiga
|-supereffective|p2b: Cachiiga
|-damage|p2b: Cachiiga|0 fnt
|faint|p2b: Cachiiga
|move|p1a: Ursaluna|Headlong Rush|p2a: Doc Hudson
|-immune|p2a: Doc Hudson
|move|p2a: Doc Hudson|Knock Off|p1b: Hatterene
|-damage|p1b: Hatterene|11/100
|-enditem|p1b: Hatterene|Covert Cloak|[from] move: Knock Off|[of] p2a: Doc Hudson
|
|-weather|Sandstorm|[upkeep]
|-damage|p1b: Hatterene|5/100|[from] Sandstorm
|-damage|p2a: Doc Hudson|95/100|[from] Sandstorm
|-damage|p1a: Ursaluna|95/100 brn|[from] brn
|upkeep
|inactive|TeyOnTheRox has 30 seconds left.
|
|t:|1757775125
|switch|p2b: Toe Master|Excadrill, L50, M|100/100
|turn|3
|inactive|burnerblovsky has 30 seconds left.
|
|t:|1757775159
|switch|p2a: Cars II|Corviknight, L50, M|100/100
|move|p2b: Toe Master|Protect|p2b: Toe Master
|-singleturn|p2b: Toe Master|Protect
|move|p1b: Hatterene|Expanding Force|p2a: Cars II|[spread] p2a
|-activate|p2b: Toe Master|move: Protect
|-resisted|p2a: Cars II
|-damage|p2a: Cars II|65/100
|move|p1a: Ursaluna|Facade|p2b: Toe Master
|-activate|p2b: Toe Master|move: Protect
|
|-weather|Sandstorm|[upkeep]
|-damage|p1b: Hatterene|0 fnt|[from] Sandstorm
|faint|p1b: Hatterene
|-heal|p2a: Cars II|71/100|[from] item: Leftovers
|-damage|p1a: Ursaluna|89/100 brn|[from] brn
|upkeep
|
|t:|1757775167
|switch|p1b: Torkoal|Torkoal, L50, F|100/100
|-weather|SunnyDay|[from] ability: Drought|[of] p1b: Torkoal
|turn|4
|inactive|TeyOnTheRox has 30 seconds left.
|
|t:|1757775194
|switch|p2a: Doc Hudson|Tyranitar, L50, F, shiny, tera:Flying|95/100
|-weather|Sandstorm|[from] ability: Sand Stream|[of] p2a: Doc Hudson
|-terastallize|p1b: Torkoal|Fire
|move|p1b: Torkoal|Eruption|p2b: Toe Master|[spread] p2a,p2b
|-supereffective|p2b: Toe Master
|-damage|p2a: Doc Hudson|49/100
|-enditem|p2b: Toe Master|Focus Sash
|-damage|p2b: Toe Master|1/100
|move|p1a: Ursaluna|Facade|p2b: Toe Master
|-resisted|p2b: Toe Master
|-damage|p2b: Toe Master|0 fnt
|faint|p2b: Toe Master
|
|-weather|Sandstorm|[upkeep]
|-damage|p1b: Torkoal|94/100|[from] Sandstorm
|-damage|p2a: Doc Hudson|43/100|[from] Sandstorm
|-damage|p1a: Ursaluna|83/100 brn|[from] brn
|upkeep
|
|t:|1757775206
|switch|p2b: Cars II|Corviknight, L50, M|71/100
|turn|5
|
|t:|1757775220
|move|p1b: Torkoal|Eruption|p2a: Doc Hudson|[spread] p2a,p2b
|-supereffective|p2b: Cars II
|-crit|p2b: Cars II
|-damage|p2a: Doc Hudson|0 fnt
|-damage|p2b: Cars II|0 fnt
|faint|p2a: Doc Hudson
|faint|p2b: Cars II
|
|win|burnerblovsky
