|j|☆Chocokoala VGC
|j|☆Rtahmass
|html|Chocokoala VGCRtahmass    
|uhtml|bestof|Game 3 of a best-of-3
|t:|1782712979
|gametype|doubles
|player|p1|Chocokoala VGC|aaron|1185
|player|p2|Rtahmass|clown|1075
|gen|9
|tier|[Gen 9 Champions] VGC 2026 Reg M-B (Bo3)
|rated|
|rule|Species Clause: Limit one of each Pokémon
|rule|Item Clause: Limit 1 of each item
|clearpoke
|poke|p1|Metagross, L50|
|poke|p1|Milotic, L50, F|
|poke|p1|Arcanine-Hisui, L50, M|
|poke|p1|Ninetales-Alola, L50, F|
|poke|p1|Sinistcha, L50|
|poke|p1|Kommo-o, L50, F|
|poke|p2|Froslass, L50, F|
|poke|p2|Sneasler, L50, M|
|poke|p2|Whimsicott, L50, M|
|poke|p2|Dragapult, L50, F|
|poke|p2|Raichu, L50, F|
|poke|p2|Kingambit, L50, M|
|teampreview|4
|showteam|p1|Metagross||Metagrossite|ClearBody|BulletPunch,PsychicFangs,Protect,IronHead|Adamant|||||50|]Milotic||SitrusBerry|Competitive|Scald,IcyWind,Protect,LifeDew|Bold||F|||50|]Arcanine-Hisui||ChoiceScarf|Intimidate|ExtremeSpeed,RockSlide,FlareBlitz,HeadSmash|Adamant||M|||50|]Ninetales-Alola||FocusSash|SnowWarning|Blizzard,FreezeDry,Protect,AuroraVeil|Timid||F|||50|]Sinistcha||KasibBerry|Hospitality|MatchaGotcha,RagePowder,LifeDew,TrickRoom|Sassy|||||50|]Kommo-o||Leftovers|Soundproof|ClangingScales,AuraSphere,Protect,ClangorousSoul|Timid||F|||50|
|showteam|p2|Froslass||Froslassite|CursedBody|Blizzard,ShadowBall,Disable,Protect|Timid||F|||50|]Sneasler||WhiteHerb|Unburden|FakeOut,DireClaw,CloseCombat,Protect|Jolly||M|||50|]Whimsicott||FocusSash|Prankster|Tailwind,Moonblast,Encore,Protect|Timid||M|||50|]Dragapult||RoseliBerry|ClearBody|BreakingSwipe,WillOWisp,Disable,Protect|Jolly||F|||50|]Raichu||RaichuniteY|LightningRod|ZapCannon,FocusBlast,GrassKnot,Protect|Timid||F|||50|]Kingambit||BlackGlasses|Defiant|KowtowCleave,IronHead,SuckerPunch,Protect|Brave||M|||50|
|inactive|Battle timer is ON: inactive players will automatically lose when time's up. (requested by Chocokoala VGC)
|inactive|Chocokoala VGC has 60 seconds left.
|inactive|Rtahmass has 60 seconds left.
|inactive|Rtahmass has 30 seconds left.
|inactive|Rtahmass has 20 seconds left.
|
|t:|1782713050
|teamsize|p1|4
|teamsize|p2|4
|start
|switch|p1a: Metagross|Metagross, L50|100/100
|switch|p1b: Arcanine|Arcanine-Hisui, L50, M|100/100
|switch|p2a: Froslass|Froslass, L50, F|100/100
|switch|p2b: Sneasler|Sneasler, L50, M|100/100
|-ability|p1b: Arcanine|Intimidate|boost
|-unboost|p2a: Froslass|atk|1
|-unboost|p2b: Sneasler|atk|1
|-enditem|p2b: Sneasler|White Herb
|-clearnegativeboost|p2b: Sneasler|[silent]
|turn|1
|inactive|Rtahmass has 30 seconds left.
|
|t:|1782713078
|detailschange|p2a: Froslass|Froslass-Mega, L50, F
|-mega|p2a: Froslass|Froslass|Froslassite
|-weather|Snowscape|[from] ability: Snow Warning|[of] p2a: Froslass
|detailschange|p1a: Metagross|Metagross-Mega, L50
|-mega|p1a: Metagross|Metagross|Metagrossite
|move|p2b: Sneasler|Fake Out|p1b: Arcanine
|-resisted|p1b: Arcanine|1
|-damage|p1b: Arcanine|90/100
|cant|p1b: Arcanine|flinch
|move|p2a: Froslass|Shadow Ball|p1a: Metagross
|-supereffective|p1a: Metagross|1
|-damage|p1a: Metagross|14/100
|-unboost|p1a: Metagross|spd|1
|move|p1a: Metagross|Iron Head|p2a: Froslass
|-supereffective|p2a: Froslass|1
|-damage|p2a: Froslass|0 fnt
|faint|p2a: Froslass
|
|-weather|Snowscape|[upkeep]
|upkeep
|inactive|Rtahmass has 30 seconds left.
|
|t:|1782713106
|switch|p2a: Kingambit|Kingambit, L50, M|100/100
|turn|2
|
|t:|1782713129
|switch|p1b: Sinistcha|Sinistcha, L50|100/100
|-heal|p1a: Metagross|39/100|[from] ability: Hospitality|[of] p1b: Sinistcha
|move|p1a: Metagross|Bullet Punch|p2b: Sneasler
|-damage|p2b: Sneasler|48/100
|move|p2b: Sneasler|Close Combat|p1a: Metagross
|-damage|p1a: Metagross|0 fnt
|-unboost|p2b: Sneasler|def|1
|-unboost|p2b: Sneasler|spd|1
|faint|p1a: Metagross
|move|p2a: Kingambit|Kowtow Cleave|p1b: Sinistcha
|-supereffective|p1b: Sinistcha|1
|-damage|p1b: Sinistcha|0 fnt
|faint|p1b: Sinistcha
|
|-weather|Snowscape|[upkeep]
|upkeep
|
|t:|1782713140
|switch|p1a: Arcanine|Arcanine-Hisui, L50, M|90/100
|switch|p1b: Kommo-o|Kommo-o, L50, F|100/100
|-ability|p1a: Arcanine|Intimidate|boost
|-unboost|p2a: Kingambit|atk|1
|-ability|p2a: Kingambit|Defiant|boost
|-boost|p2a: Kingambit|atk|2
|-unboost|p2b: Sneasler|atk|1
|turn|3
|inactive|Rtahmass has 30 seconds left.
|inactive|Rtahmass has 20 seconds left.
|inactive|Rtahmass has 15 seconds left.
|inactive|Rtahmass has 10 seconds left.
|inactive|Rtahmass has 5 seconds left.
|
|t:|1782713192
|move|p2a: Kingambit|Protect|p2a: Kingambit
|-singleturn|p2a: Kingambit|Protect
|move|p1a: Arcanine|Extreme Speed|p2b: Sneasler
|-damage|p2b: Sneasler|0 fnt
|faint|p2b: Sneasler
|move|p1b: Kommo-o|Aura Sphere|p2a: Kingambit
|-activate|p2a: Kingambit|move: Protect
|
|-weather|Snowscape|[upkeep]
|upkeep
|
|t:|1782713200
|switch|p2b: Whimsicott|Whimsicott, L50, M|100/100
|turn|4
|
|t:|1782713214
|move|p1b: Kommo-o|Protect|p1b: Kommo-o
|-singleturn|p1b: Kommo-o|Protect
|move|p1a: Arcanine|Extreme Speed|p2b: Whimsicott
|-damage|p2b: Whimsicott|63/100
|move|p2b: Whimsicott|Moonblast|p1b: Kommo-o
|-activate|p1b: Kommo-o|move: Protect
|move|p2a: Kingambit|Kowtow Cleave|p1a: Arcanine
|-damage|p1a: Arcanine|0 fnt
|faint|p1a: Arcanine
|
|-weather|Snowscape|[upkeep]
|upkeep
|turn|5
|-message|Chocokoala VGC forfeited.
|
|win|Rtahmass
|raw|Chocokoala VGC's rating: 1185 → 1152(-33 for losing)
|raw|Rtahmass's rating: 1075 → 1113(+38 for winning)
|l|☆Chocokoala VGC
|player|p1|
|c|☆Rtahmass|Ggs
