|j|☆AtomicTwilight
|j|☆shaboogles
|html|AtomicTwilightshaboogles    
|uhtml|bestof|Game 2 of a best-of-3
|t:|1783551712
|gametype|doubles
|player|p1|AtomicTwilight|265|
|player|p2|shaboogles|furisodegirl-white|
|gen|9
|tier|[Gen 9 Champions] VGC 2026 Reg M-B (Bo3)
|rule|Species Clause: Limit one of each Pokémon
|rule|Item Clause: Limit 1 of each item
|clearpoke
|poke|p1|Greninja, L50, M|
|poke|p1|Slowking-Galar, L50, F|
|poke|p1|Floette-Eternal, L50, F|
|poke|p1|Rotom-Frost, L50|
|poke|p1|Krookodile, L50, F|
|poke|p1|Klefki, L50, M|
|poke|p2|Chandelure, L50, F|
|poke|p2|Garganacl, L50, F|
|poke|p2|Greninja, L50, F|
|poke|p2|Rotom-Mow, L50|
|poke|p2|Krookodile, L50, M|
|poke|p2|Ariados, L50, F|
|teampreview|4
|showteam|p1|Greninja||Greninjite|Protean|Blizzard,DarkPulse,Extrasensory,Protect|Modest||M|||50|]Slowking-Galar||Leftovers|Regenerator|ChillyReception,Protect,Toxic,ChillingWater|Calm||F|||50|]Floette-Eternal||FairyFeather|FlowerVeil|DazzlingGleam,LightofRuin,Moonblast,Protect|Timid||F|||50|]Rotom-Frost||ChoiceScarf|Levitate|VoltSwitch,Electroweb,Discharge,Blizzard|Timid|||||50|]Krookodile||LifeOrb|Intimidate|Earthquake,KnockOff,CloseCombat,Protect|Jolly||F|||50|]Klefki||LightClay|Prankster|Reflect,LightScreen,ThunderWave,DazzlingGleam|Bold||M|||50|
|showteam|p2|Chandelure||Chandelurite|Infiltrator|HeatWave,ShadowBall,TrickRoom,Protect|Modest||F|||50|]Garganacl||Leftovers|PurifyingSalt|WideGuard,SaltCure,Recover,Protect|Sassy||F|||50|]Greninja||Greninjite|Torrent|IcyWind,Protect,HydroPump,DarkPulse|Timid||F|||50|]Rotom-Mow||ChoiceScarf|Levitate|Thunderbolt,LeafStorm,Electroweb,Trick|Timid|||||50|]Krookodile||PasshoBerry|Intimidate|Crunch,Taunt,Protect,HighHorsepower|Adamant||M|||50|]Ariados||ScopeLens|Sniper|CrossPoison,Protect,RagePowder,KnockOff|Impish||F|||50|
|c|☆shaboogles|THIS SLOWBRO MIGHT BE THE GOAT
|c|☆shaboogles|SLOWKING
|c|☆shaboogles|I MENA
|c|☆shaboogles|MEAN
|c|☆AtomicTwilight|THE TRIPLE PROTECT WENT SO HARD
|c|☆shaboogles|I COULDNT BELIEVE MY EYES
|
|t:|1783551793
|teamsize|p1|4
|teamsize|p2|4
|start
|switch|p1a: Klefki|Klefki, L50, M|100/100
|switch|p1b: Floette|Floette-Eternal, L50, F|100/100
|switch|p2a: Garganacl|Garganacl, L50, F|100/100
|switch|p2b: Krookodile|Krookodile, L50, M|100/100
|-ability|p2b: Krookodile|Intimidate|boost
|-unboost|p1a: Klefki|atk|1
|-unboost|p1b: Floette|atk|1
|turn|1
|c|☆AtomicTwilight|NEITHER COUKD I BRO
|
|t:|1783551818
|switch|p2b: Chandelure|Chandelure, L50, F|100/100
|move|p1a: Klefki|Reflect|p1a: Klefki
|-sidestart|p1: AtomicTwilight|Reflect
|move|p1b: Floette|Dazzling Gleam|p2b: Chandelure|[spread] p2a,p2b
|-resisted|p2b: Chandelure|1
|-damage|p2a: Garganacl|77/100
|-damage|p2b: Chandelure|80/100
|move|p2a: Garganacl|Salt Cure|p1b: Floette
|-damage|p1b: Floette|85/100
|-start|p1b: Floette|Salt Cure
|
|-heal|p2a: Garganacl|83/100|[from] item: Leftovers
|-damage|p1b: Floette|79/100|[from] Salt Cure
|upkeep
|turn|2
|
|t:|1783551846
|switch|p1b: Krookodile|Krookodile, L50, F|100/100
|-ability|p1b: Krookodile|Intimidate|boost
|-unboost|p2a: Garganacl|atk|1
|-unboost|p2b: Chandelure|atk|1
|switch|p2a: Rotom|Rotom-Mow, L50|100/100
|detailschange|p2b: Chandelure|Chandelure-Mega, L50, F
|-mega|p2b: Chandelure|Chandelure|Chandelurite
|move|p1a: Klefki|Thunder Wave|p2b: Chandelure
|-status|p2b: Chandelure|par
|move|p2b: Chandelure|Heat Wave|p1b: Krookodile|[spread] p1a,p1b
|-supereffective|p1a: Klefki|1
|-damage|p1a: Klefki|0 fnt
|-damage|p1b: Krookodile|25/100
|faint|p1a: Klefki
|
|upkeep
|
|t:|1783551853
|switch|p1a: Rotom|Rotom-Frost, L50|100/100
|turn|3
|
|t:|1783551870
|move|p1a: Rotom|Blizzard|p2a: Rotom|[spread] p2a,p2b
|-supereffective|p2a: Rotom|1
|-resisted|p2b: Chandelure|1
|-damage|p2a: Rotom|2/100
|-damage|p2b: Chandelure|62/100 par
|move|p2a: Rotom|Leaf Storm|p1b: Krookodile
|-supereffective|p1b: Krookodile|1
|-damage|p1b: Krookodile|0 fnt
|-unboost|p2a: Rotom|spa|2
|faint|p1b: Krookodile
|cant|p2b: Chandelure|par
|
|upkeep
|
|t:|1783551877
|switch|p1b: Floette|Floette-Eternal, L50, F|79/100
|turn|4
|
|t:|1783551894
|move|p2b: Chandelure|Protect|p2b: Chandelure
|-singleturn|p2b: Chandelure|Protect
|move|p1a: Rotom|Blizzard|p2b: Chandelure|[spread] p2a
|-activate|p2b: Chandelure|move: Protect
|-supereffective|p2a: Rotom|1
|-damage|p2a: Rotom|0 fnt
|faint|p2a: Rotom
|move|p1b: Floette|Moonblast|p2b: Chandelure
|-activate|p2b: Chandelure|move: Protect
|
|upkeep
|
|t:|1783551897
|switch|p2a: Garganacl|Garganacl, L50, F|83/100
|turn|5
|
|t:|1783551906
|move|p2a: Garganacl|Wide Guard|p2a: Garganacl
|-singleturn|p2a: Garganacl|Wide Guard
|move|p1a: Rotom|Blizzard|p2a: Garganacl|[spread] 
|-activate|p2a: Garganacl|move: Wide Guard
|-activate|p2b: Chandelure|move: Wide Guard
|move|p1b: Floette|Moonblast|p2b: Chandelure
|-resisted|p2b: Chandelure|1
|-damage|p2b: Chandelure|35/100 par
|move|p2b: Chandelure|Heat Wave|p1b: Floette|[spread] p1a,p1b
|-supereffective|p1a: Rotom|1
|-damage|p1a: Rotom|0 fnt
|-damage|p1b: Floette|38/100
|faint|p1a: Rotom
|
|-heal|p2a: Garganacl|89/100|[from] item: Leftovers
|upkeep
|turn|6
|
|t:|1783551918
|move|p1b: Floette|Moonblast|p2b: Chandelure
|-resisted|p2b: Chandelure|1
|-damage|p2b: Chandelure|8/100 par
|cant|p2b: Chandelure|par
|move|p2a: Garganacl|Salt Cure|p1b: Floette
|-damage|p1b: Floette|25/100
|-start|p1b: Floette|Salt Cure
|
|-heal|p2a: Garganacl|95/100|[from] item: Leftovers
|-damage|p1b: Floette|19/100|[from] Salt Cure
|upkeep
|turn|7
|
|t:|1783551924
|move|p1b: Floette|Moonblast|p2a: Garganacl
|-damage|p2a: Garganacl|57/100
|move|p2b: Chandelure|Shadow Ball|p1b: Floette
|-damage|p1b: Floette|0 fnt
|faint|p1b: Floette
|
|win|shaboogles
|c|☆shaboogles|ggs lunar goat
