|j|☆tlowmills
|j|☆Akalaman
|html|tlowmillsAkalaman    
|uhtml|bestof|Game 3 of a best-of-3
|t:|1783974337
|gametype|doubles
|player|p1|tlowmills|102|1103
|player|p2|Akalaman|266|1126
|gen|9
|tier|[Gen 9 Champions] VGC 2026 Reg M-B (Bo3)
|rated|
|rule|Species Clause: Limit one of each Pokémon
|rule|Item Clause: Limit 1 of each item
|clearpoke
|poke|p1|Charizard, L50, F|
|poke|p1|Whimsicott, L50, M|
|poke|p1|Garchomp, L50, M|
|poke|p1|Basculegion, L50, M|
|poke|p1|Gholdengo, L50|
|poke|p1|Incineroar, L50, F|
|poke|p2|Talonflame, L50, M|
|poke|p2|Garchomp, L50, M|
|poke|p2|Raichu, L50, M|
|poke|p2|Sinistcha, L50|
|poke|p2|Floette-Eternal, L50, F|
|poke|p2|Tsareena, L50, F|
|teampreview|4
|showteam|p1|Charizard||CharizarditeY|Blaze|HeatWave,SolarBeam,WeatherBall,Protect|Modest||F|||50|]Whimsicott||FocusSash|Prankster|Moonblast,Tailwind,Protect,Encore|Timid||M|||50|]Garchomp||LifeOrb|RoughSkin|Earthquake,DragonClaw,Protect,RockSlide|Jolly||M|||50|]Basculegion||ChoiceScarf|Adaptability|FlipTurn,WaveCrash,LastRespects,AquaJet|Jolly||M|||50|]Gholdengo||MetalCoat|GoodasGold|MakeItRain,ShadowBall,Protect,NastyPlot|Modest|||||50|]Incineroar||SitrusBerry|Intimidate|ThroatChop,FlareBlitz,PartingShot,FakeOut|Impish||F|||50|
|showteam|p2|Talonflame||SharpBeak|GaleWings|BraveBird,FlareBlitz,Tailwind,Protect|Jolly||M|||50|]Garchomp||ChoiceScarf|RoughSkin|StompingTantrum,RockTomb,RockSlide,DragonClaw|Adamant||M|||50|]Raichu||RaichuniteY|LightningRod|FakeOut,ZapCannon,FocusBlast,Protect|Timid||M|||50|]Sinistcha||SitrusBerry|Hospitality|MatchaGotcha,LifeDew,Protect,RagePowder|Calm|||||50|]Floette-Eternal||Floettite|FlowerVeil|Moonblast,DazzlingGleam,Protect,CalmMind|Modest||F|||50|]Tsareena||WideLens|QueenlyMajesty|TripleAxel,PowerWhip,Protect,LowKick|Adamant||F|||50|
|inactive|Battle timer is ON: inactive players will automatically lose when time's up. (requested by tlowmills)
|
|t:|1783974361
|teamsize|p1|4
|teamsize|p2|4
|start
|switch|p1a: Basculegion|Basculegion, L50, M|100/100
|switch|p1b: Gholdengo|Gholdengo, L50|100/100
|switch|p2a: Raichu|Raichu, L50, M|100/100
|switch|p2b: Garchomp|Garchomp, L50, M|100/100
|turn|1
|
|t:|1783974377
|detailschange|p2a: Raichu|Raichu-Mega-Y, L50, M
|-mega|p2a: Raichu|Raichu|Raichunite Y
|move|p2b: Garchomp|Stomping Tantrum|p1b: Gholdengo
|-supereffective|p1b: Gholdengo|1
|-damage|p1b: Gholdengo|7/100
|move|p1a: Basculegion|Flip Turn|p2b: Garchomp
|-damage|p2b: Garchomp|64/100
|-damage|p1a: Basculegion|87/100|[from] ability: Rough Skin|[of] p2b: Garchomp
|
|t:|1783974386
|switch|p1a: Garchomp|Garchomp, L50, M|100/100|[from] Flip Turn
|move|p2a: Raichu|Zap Cannon|p1a: Garchomp
|-immune|p1a: Garchomp
|move|p1b: Gholdengo|Make It Rain|p2b: Garchomp|[spread] p2a,p2b
|-resisted|p2a: Raichu|1
|-damage|p2a: Raichu|54/100
|-damage|p2b: Garchomp|0 fnt
|-unboost|p1b: Gholdengo|spa|2
|faint|p2b: Garchomp
|
|upkeep
|
|t:|1783974401
|switch|p2b: Tsareena|Tsareena, L50, F|100/100
|turn|2
|
|t:|1783974420
|move|p2a: Raichu|Protect|p2a: Raichu
|-singleturn|p2a: Raichu|Protect
|move|p1a: Garchomp|Protect|p1a: Garchomp
|-singleturn|p1a: Garchomp|Protect
|move|p1b: Gholdengo|Shadow Ball|p2a: Raichu
|-activate|p2a: Raichu|move: Protect
|move|p2b: Tsareena|Triple Axel|p1a: Garchomp
|-activate|p1a: Garchomp|move: Protect
|
|upkeep
|turn|3
|
|t:|1783974432
|switch|p2a: Talonflame|Talonflame, L50, M|100/100
|move|p1a: Garchomp|Earthquake|p2a: Talonflame|[spread] p1b,p2b
|-immune|p2a: Talonflame
|-supereffective|p1b: Gholdengo|1
|-resisted|p2b: Tsareena|1
|-damage|p1b: Gholdengo|0 fnt
|-damage|p2b: Tsareena|73/100
|faint|p1b: Gholdengo
|-damage|p1a: Garchomp|90/100|[from] item: Life Orb
|move|p2b: Tsareena|Triple Axel|p1a: Garchomp
|-supereffective|p1a: Garchomp|2
|-damage|p1a: Garchomp|57/100
|-damage|p2b: Tsareena|60/100|[from] ability: Rough Skin|[of] p1a: Garchomp
|-supereffective|p1a: Garchomp|2
|-damage|p1a: Garchomp|0 fnt
|-damage|p2b: Tsareena|48/100|[from] ability: Rough Skin|[of] p1a: Garchomp
|faint|p1a: Garchomp
|-hitcount|p1: Garchomp|2
|
|upkeep
|
|t:|1783974438
|switch|p1a: Basculegion|Basculegion, L50, M|87/100
|switch|p1b: Charizard|Charizard, L50, F|100/100
|turn|4
|
|t:|1783974453
|detailschange|p1b: Charizard|Charizard-Mega-Y, L50, F
|-mega|p1b: Charizard|Charizard|Charizardite Y
|-weather|SunnyDay|[from] ability: Drought|[of] p1b: Charizard
|move|p2a: Talonflame|Tailwind|p2a: Talonflame
|-sidestart|p2: Akalaman|move: Tailwind
|move|p2b: Tsareena|Power Whip|p1a: Basculegion
|-supereffective|p1a: Basculegion|1
|-damage|p1a: Basculegion|0 fnt
|faint|p1a: Basculegion
|move|p1b: Charizard|Heat Wave|p2b: Tsareena|[spread] p2a,p2b
|-resisted|p2a: Talonflame|1
|-supereffective|p2b: Tsareena|1
|-damage|p2a: Talonflame|41/100
|-damage|p2b: Tsareena|0 fnt
|faint|p2b: Tsareena
|
|-weather|SunnyDay|[upkeep]
|upkeep
|
|t:|1783974462
|switch|p2b: Raichu|Raichu-Mega-Y, L50, M|54/100
|turn|5
|
|t:|1783974467
|move|p2b: Raichu|Fake Out|p1b: Charizard
|-damage|p1b: Charizard|87/100
|move|p2a: Talonflame|Flare Blitz|p1b: Charizard
|-resisted|p1b: Charizard|1
|-damage|p1b: Charizard|36/100
|-damage|p2a: Talonflame|25/100|[from] Recoil
|cant|p1b: Charizard|flinch
|
|-weather|SunnyDay|[upkeep]
|upkeep
|turn|6
|-message|tlowmills forfeited.
|
|win|Akalaman
|raw|tlowmills's rating: 1103 → 1080(-23 for losing)
|raw|Akalaman's rating: 1126 → 1149(+23 for winning)
|l|☆tlowmills
|player|p1|
