|j|☆robby w
|j|☆Quill86
|html|robby wQuill86    
|uhtml|bestof|Game 3 of a best-of-3
|t:|1756786568
|gametype|doubles
|player|p1|robby w|pokefan-gen4|1139
|player|p2|Quill86|lucas|1169
|gen|9
|tier|[Gen 9] VGC 2025 Reg H (Bo3)
|rated|
|rule|Species Clause: Limit one of each Pokémon
|rule|Item Clause: Limit 1 of each item
|clearpoke
|poke|p1|Dondozo, L50, M|
|poke|p1|Tatsugiri, L50, F|
|poke|p1|Sneasler, L50, M|
|poke|p1|Whimsicott, L50, F|
|poke|p1|Indeedee, L50, M|
|poke|p1|Hydreigon, L50, F|
|poke|p2|Indeedee-F, L50, F|
|poke|p2|Gallade, L50, M|
|poke|p2|Torkoal, L50, M|
|poke|p2|Ursaluna, L50, M|
|poke|p2|Hatterene, L50, F|
|poke|p2|Hydreigon, L50, F|
|teampreview|4
|showteam|p1|Dondozo||Leftovers|Unaware|Protect,WaveCrash,Earthquake,OrderUp|||M|||50|,,,,,Grass]Tatsugiri||ChoiceScarf|Commander|DragonPulse,IcyWind,DracoMeteor,MuddyWater|||F|||50|,,,,,Stellar]Sneasler||PsychicSeed|Unburden|DireClaw,CloseCombat,Protect,ThroatChop|||M|||50|,,,,,Dark]Whimsicott||CovertCloak|Prankster|Tailwind,Moonblast,Taunt,HelpingHand|||F|||50|,,,,,Dark]Indeedee||FocusSash|PsychicSurge|ExpandingForce,TrickRoom,DazzlingGleam,Protect|||M|||50|,,,,,Fairy]Hydreigon||LifeOrb|Levitate|DracoMeteor,Snarl,HeatWave,Protect|||F|||50|,,,,,Steel
|showteam|p2|Indeedee-F||PsychicSeed|PsychicSurge|FollowMe,TrickRoom,HelpingHand,DazzlingGleam|||F|||50|,,,,,Fairy]Gallade||ClearAmulet|Sharpness|SacredSword,WideGuard,TrickRoom,PsychoCut|||M|||50|,,,,,Grass]Torkoal||ChoiceSpecs|Drought|Eruption,WeatherBall,EarthPower,HeatWave|||M|||50|,,,,,Fire]Ursaluna||FlameOrb|Guts|Protect,HeadlongRush,Facade,Earthquake|||M|||50|,,,,,Ghost]Hatterene||LifeOrb|MagicBounce|DazzlingGleam,ExpandingForce,MysticalFire,TrickRoom|||F|||50|,,,,,Fire]Hydreigon||CovertCloak|Levitate|DracoMeteor,Snarl,DarkPulse,Protect|||F|||50|,,,,,Dark
|inactive|Battle timer is ON: inactive players will automatically lose when time's up. (requested by Quill86)
|
|t:|1756786595
|teamsize|p1|4
|teamsize|p2|4
|start
|switch|p1a: Sneasler|Sneasler, L50, M|100/100
|switch|p1b: Indeedee|Indeedee, L50, M|100/100
|switch|p2a: Indeedee|Indeedee-F, L50, F|100/100
|switch|p2b: Gallade|Gallade, L50, M|100/100
|-fieldstart|move: Psychic Terrain|[from] ability: Psychic Surge|[of] p1b: Indeedee
|-enditem|p1a: Sneasler|Psychic Seed
|-boost|p1a: Sneasler|spd|1|[from] item: Psychic Seed
|-enditem|p2a: Indeedee|Psychic Seed
|-boost|p2a: Indeedee|spd|1|[from] item: Psychic Seed
|turn|1
|inactive|robby w has 30 seconds left.
|inactive|robby w has 20 seconds left.
|inactive|robby w has 15 seconds left.
|
|t:|1756786637
|move|p2a: Indeedee|Follow Me|p2a: Indeedee
|-singleturn|p2a: Indeedee|move: Follow Me
|move|p1a: Sneasler|Throat Chop|p2a: Indeedee
|-supereffective|p2a: Indeedee
|-damage|p2a: Indeedee|39/100
|-start|p2a: Indeedee|Throat Chop|[silent]
|move|p1b: Indeedee|Trick Room|p1b: Indeedee
|-fieldstart|move: Trick Room|[of] p1b: Indeedee
|move|p2b: Gallade|Trick Room|p2b: Gallade
|-fieldend|move: Trick Room
|
|upkeep
|turn|2
|inactive|robby w has 30 seconds left.
|inactive|robby w has 20 seconds left.
|
|t:|1756786676
|move|p2a: Indeedee|Follow Me|p2a: Indeedee
|-singleturn|p2a: Indeedee|move: Follow Me
|move|p1a: Sneasler|Throat Chop|p2a: Indeedee
|-supereffective|p2a: Indeedee
|-damage|p2a: Indeedee|0 fnt
|faint|p2a: Indeedee
|move|p1b: Indeedee|Expanding Force|p2b: Gallade
|-damage|p2b: Gallade|40/100
|move|p2b: Gallade|Trick Room|p2b: Gallade
|-fieldstart|move: Trick Room|[of] p2b: Gallade
|
|upkeep
|
|t:|1756786696
|switch|p2a: Torkoal|Torkoal, L50, M|100/100
|-weather|SunnyDay|[from] ability: Drought|[of] p2a: Torkoal
|turn|3
|
|t:|1756786710
|switch|p1a: Dondozo|Dondozo, L50, M, shiny|100/100
|move|p1b: Indeedee|Protect|p1b: Indeedee
|-singleturn|p1b: Indeedee|Protect
|move|p2a: Torkoal|Eruption|p1b: Indeedee|[spread] p1a
|-activate|p1b: Indeedee|move: Protect
|-resisted|p1a: Dondozo
|-damage|p1a: Dondozo|45/100
|move|p2b: Gallade|Sacred Sword|p1b: Indeedee
|-activate|p1b: Indeedee|move: Protect
|
|-weather|SunnyDay|[upkeep]
|-heal|p1a: Dondozo|51/100|[from] item: Leftovers
|upkeep
|turn|4
|inactive|robby w has 30 seconds left.
|inactive|robby w has 20 seconds left.
|
|t:|1756786747
|switch|p1b: Hydreigon|Hydreigon, L50, F|100/100
|move|p2a: Torkoal|Eruption|p1b: Hydreigon|[spread] p1a,p1b
|-resisted|p1a: Dondozo
|-resisted|p1b: Hydreigon
|-damage|p1a: Dondozo|0 fnt
|-damage|p1b: Hydreigon|43/100
|faint|p1a: Dondozo
|move|p2b: Gallade|Sacred Sword|p1b: Hydreigon
|-supereffective|p1b: Hydreigon
|-damage|p1b: Hydreigon|0 fnt
|faint|p1b: Hydreigon
|
|-weather|SunnyDay|[upkeep]
|upkeep
|
|t:|1756786761
|switch|p1a: Sneasler|Sneasler, L50, M|100/100
|switch|p1b: Indeedee|Indeedee, L50, M|100/100
|turn|5
|
|t:|1756786775
|-terastallize|p2a: Torkoal|Fire
|move|p1b: Indeedee|Protect|p1b: Indeedee
|-singleturn|p1b: Indeedee|Protect
|move|p1a: Sneasler|Protect|p1a: Sneasler
|-singleturn|p1a: Sneasler|Protect
|move|p2a: Torkoal|Eruption|p1b: Indeedee|[spread] 
|-activate|p1a: Sneasler|move: Protect
|-activate|p1b: Indeedee|move: Protect
|move|p2b: Gallade|Sacred Sword|p1b: Indeedee
|-activate|p1b: Indeedee|move: Protect
|
|-weather|SunnyDay|[upkeep]
|-fieldend|move: Psychic Terrain
|upkeep
|turn|6
|
|t:|1756786791
|move|p1b: Indeedee|Protect||[still]
|-fail|p1b: Indeedee
|move|p1a: Sneasler|Protect|p1a: Sneasler
|-singleturn|p1a: Sneasler|Protect
|move|p2a: Torkoal|Eruption|p1b: Indeedee|[spread] p1b
|-activate|p1a: Sneasler|move: Protect
|-enditem|p1b: Indeedee|Focus Sash
|-damage|p1b: Indeedee|1/100
|move|p2b: Gallade|Sacred Sword|p1b: Indeedee
|-damage|p1b: Indeedee|0 fnt
|faint|p1b: Indeedee
|
|-weather|SunnyDay|[upkeep]
|-fieldend|move: Trick Room
|upkeep
|turn|7
|-message|robby w forfeited.
|
|win|Quill86
|raw|robby w's rating: 1139 → 1116(-23 for losing)
|raw|Quill86's rating: 1169 → 1192(+23 for winning)
|l|☆robby w
|player|p1|
