|j|☆xdi8723
|j|☆RustyChair15
|html|xdi8723RustyChair15    
|uhtml|bestof|Game 2 of a best-of-3
|t:|1785876149
|gametype|doubles
|player|p1|xdi8723|265|1055
|player|p2|RustyChair15|1|1235
|gen|9
|tier|[Gen 9 Champions] VGC 2026 Reg M-B (Bo3)
|rated|
|rule|Species Clause: Limit one of each Pokémon
|rule|Item Clause: Limit 1 of each item
|clearpoke
|poke|p1|Archaludon, L50, M|
|poke|p1|Pelipper, L50, M|
|poke|p1|Grimmsnarl, L50, M|
|poke|p1|Sinistcha, L50|
|poke|p1|Swampert, L50, M|
|poke|p1|Lycanroc-Dusk, L50, M|
|poke|p2|Whimsicott, L50, F|
|poke|p2|Glimmora, L50, M|
|poke|p2|Gholdengo, L50|
|poke|p2|Raichu, L50, M|
|poke|p2|Scovillain, L50, M|
|poke|p2|Pelipper, L50, F|
|teampreview|4
|showteam|p1|Archaludon||Leftovers|Stamina|ElectroShot,AuraSphere,FlashCannon,Protect|Modest||M|||50|]Pelipper||SitrusBerry|Drizzle|Tailwind,WeatherBall,Hurricane,WideGuard|Modest||M|||50|]Grimmsnarl||LightClay|Prankster|PartingShot,SpiritBreak,Reflect,LightScreen|Calm||M|||50|]Sinistcha||KasibBerry|Hospitality|MatchaGotcha,LifeDew,RagePowder,TrickRoom|Calm|||||50|]Swampert||Swampertite|Torrent|WaveCrash,Earthquake,IcePunch,Protect|Adamant||M|||50|]Lycanroc-Dusk||FocusSash|ToughClaws|Protect,RockSlide,Accelerock,CloseCombat|Jolly||M|||50|
|showteam|p2|Whimsicott||FairyFeather|Prankster|Moonblast,Tailwind,Encore,Protect|Modest||F|||50|]Glimmora||FocusSash|ToxicDebris|SludgeBomb,PowerGem,EarthPower,SpikyShield|Modest||M|||50|]Gholdengo||Leftovers|GoodasGold|MakeItRain,Hex,NastyPlot,Protect|Modest|||||50|]Raichu||RaichuniteY|LightningRod|ZapCannon,FocusBlast,FakeOut,Protect|Timid||M|||50|]Scovillain||Scovillainite|Moody|Flamethrower,LeechSeed,RagePowder,Protect|Calm||M|||50|]Pelipper||LifeOrb|Drizzle|WeatherBall,Hurricane,WideGuard,Protect|Modest||F|||50|
|inactive|Battle timer is ON: inactive players will automatically lose when time's up. (requested by xdi8723)
|
|t:|1785876181
|teamsize|p1|4
|teamsize|p2|4
|start
|switch|p1a: Archaludon|Archaludon, L50, M|100/100
|switch|p1b: Pelipper|Pelipper, L50, M|100/100
|switch|p2a: Scovillain|Scovillain, L50, M|100/100
|switch|p2b: Glimmora|Glimmora, L50, M|100/100
|-weather|RainDance|[from] ability: Drizzle|[of] p1b: Pelipper
|turn|1
|
|t:|1785876206
|switch|p1b: Grimmsnarl|Grimmsnarl, L50, M|100/100
|move|p2b: Glimmora|Power Gem|p1b: Grimmsnarl
|-damage|p1b: Grimmsnarl|54/100
|move|p1a: Archaludon|Electro Shot||[still]
|-prepare|p1a: Archaludon|Electro Shot
|-boost|p1a: Archaludon|spa|1
|-anim|p1a: Archaludon|Electro Shot|p2b: Glimmora
|-damage|p2b: Glimmora|9/100
|move|p2a: Scovillain|Leech Seed|p1a: Archaludon|[miss]
|-miss|p2a: Scovillain|p1a: Archaludon
|
|-weather|RainDance|[upkeep]
|-ability|p2a: Scovillain|Moody|boost
|-boost|p2a: Scovillain|spd|2
|-unboost|p2a: Scovillain|def|1
|upkeep
|turn|2
|inactive|xdi8723 has 30 seconds left.
|
|t:|1785876238
|detailschange|p2a: Scovillain|Scovillain-Mega, L50, M
|-mega|p2a: Scovillain|Scovillain|Scovillainite
|move|p2b: Glimmora|Spiky Shield|p2b: Glimmora
|-singleturn|p2b: Glimmora|move: Protect
|move|p1b: Grimmsnarl|Light Screen|p1b: Grimmsnarl
|-sidestart|p1: xdi8723|move: Light Screen
|move|p1a: Archaludon|Electro Shot||[still]
|-prepare|p1a: Archaludon|Electro Shot
|-boost|p1a: Archaludon|spa|1
|-anim|p1a: Archaludon|Electro Shot|p2b: Glimmora
|-activate|p2b: Glimmora|move: Protect
|move|p2a: Scovillain|Leech Seed|p1a: Archaludon
|-start|p1a: Archaludon|move: Leech Seed
|
|-weather|RainDance|[upkeep]
|-damage|p1a: Archaludon|87/100|[from] Leech Seed|[of] p2a: Scovillain
|upkeep
|turn|3
|inactive|xdi8723 has 30 seconds left.
|
|t:|1785876265
|move|p2a: Scovillain|Rage Powder|p2a: Scovillain
|-singleturn|p2a: Scovillain|move: Rage Powder
|move|p1b: Grimmsnarl|Reflect|p1b: Grimmsnarl
|-sidestart|p1: xdi8723|Reflect
|move|p2b: Glimmora|Sludge Bomb|p1b: Grimmsnarl
|-supereffective|p1b: Grimmsnarl|1
|-damage|p1b: Grimmsnarl|0 fnt
|faint|p1b: Grimmsnarl
|move|p1a: Archaludon|Electro Shot||[still]
|-prepare|p1a: Archaludon|Electro Shot
|-boost|p1a: Archaludon|spa|1
|-anim|p1a: Archaludon|Electro Shot|p2a: Scovillain
|-resisted|p2a: Scovillain|1
|-damage|p2a: Scovillain|74/100
|-status|p1a: Archaludon|brn|[from] ability: Spicy Spray|[of] p2a: Scovillain
|
|-weather|RainDance|[upkeep]
|-heal|p1a: Archaludon|93/100 brn|[from] item: Leftovers
|-damage|p1a: Archaludon|81/100 brn|[from] Leech Seed|[of] p2a: Scovillain
|-heal|p2a: Scovillain|88/100|[silent]
|-damage|p1a: Archaludon|75/100 brn|[from] brn
|upkeep
|
|t:|1785876284
|switch|p1b: Swampert|Swampert, L50, M|100/100
|turn|4
|
|t:|1785876302
|move|p2b: Glimmora|Spiky Shield|p2b: Glimmora
|-singleturn|p2b: Glimmora|move: Protect
|move|p1a: Archaludon|Protect|p1a: Archaludon
|-singleturn|p1a: Archaludon|Protect
|move|p2a: Scovillain|Protect|p2a: Scovillain
|-singleturn|p2a: Scovillain|Protect
|move|p1b: Swampert|Earthquake|p2b: Glimmora|[spread] 
|-activate|p1a: Archaludon|move: Protect
|-activate|p2a: Scovillain|move: Protect
|-activate|p2b: Glimmora|move: Protect
|
|-weather|RainDance|[upkeep]
|-heal|p1a: Archaludon|81/100 brn|[from] item: Leftovers
|-damage|p1a: Archaludon|68/100 brn|[from] Leech Seed|[of] p2a: Scovillain
|-heal|p2a: Scovillain|100/100|[silent]
|-damage|p1a: Archaludon|62/100 brn|[from] brn
|upkeep
|turn|5
|inactive|xdi8723 has 30 seconds left.
|inactive|RustyChair15 has 30 seconds left.
|inactive|RustyChair15 has 20 seconds left.
|
|t:|1785876337
|detailschange|p1b: Swampert|Swampert-Mega, L50, M
|-mega|p1b: Swampert|Swampert|Swampertite
|move|p1b: Swampert|Ice Punch|p2b: Glimmora
|-crit|p2b: Glimmora
|-damage|p2b: Glimmora|0 fnt
|-activate|p2b: Glimmora|ability: Toxic Debris
|-sidestart|p1: xdi8723|move: Toxic Spikes
|faint|p2b: Glimmora
|move|p1a: Archaludon|Electro Shot||[still]
|-prepare|p1a: Archaludon|Electro Shot
|-boost|p1a: Archaludon|spa|1
|-anim|p1a: Archaludon|Electro Shot|p2a: Scovillain
|-resisted|p2a: Scovillain|1
|-damage|p2a: Scovillain|67/100
|move|p2a: Scovillain|Leech Seed|p1b: Swampert
|-start|p1b: Swampert|move: Leech Seed
|
|-weather|none
|-heal|p1a: Archaludon|68/100 brn|[from] item: Leftovers
|-damage|p1b: Swampert|87/100|[from] Leech Seed|[of] p2a: Scovillain
|-heal|p2a: Scovillain|81/100|[silent]
|-damage|p1a: Archaludon|56/100 brn|[from] Leech Seed|[of] p2a: Scovillain
|-heal|p2a: Scovillain|95/100|[silent]
|-damage|p1a: Archaludon|50/100y brn|[from] brn
|upkeep
|
|t:|1785876358
|switch|p2b: Whimsicott|Whimsicott, L50, F|100/100
|turn|6
|
|t:|1785876383
|switch|p1b: Pelipper|Pelipper, L50, M|100/100
|-weather|RainDance|[from] ability: Drizzle|[of] p1b: Pelipper
|move|p2a: Scovillain|Rage Powder|p2a: Scovillain
|-singleturn|p2a: Scovillain|move: Rage Powder
|move|p2b: Whimsicott|Moonblast|p1a: Archaludon
|-damage|p1a: Archaludon|16/100 brn
|-ability|p1a: Archaludon|Stamina|boost
|-boost|p1a: Archaludon|def|1
|move|p1a: Archaludon|Flash Cannon|p2a: Scovillain
|-resisted|p2a: Scovillain|1
|-damage|p2a: Scovillain|70/100
|
|-weather|RainDance|[upkeep]
|-heal|p1a: Archaludon|22/100 brn|[from] item: Leftovers
|-damage|p1a: Archaludon|10/100 brn|[from] Leech Seed|[of] p2a: Scovillain
|-heal|p2a: Scovillain|84/100|[silent]
|-damage|p1a: Archaludon|4/100 brn|[from] brn
|upkeep
|turn|7
|inactive|xdi8723 has 30 seconds left.
|
|t:|1785876416
|move|p2b: Whimsicott|Protect|p2b: Whimsicott
|-singleturn|p2b: Whimsicott|Protect
|move|p2a: Scovillain|Protect|p2a: Scovillain
|-singleturn|p2a: Scovillain|Protect
|move|p1a: Archaludon|Aura Sphere|p2a: Scovillain
|-activate|p2a: Scovillain|move: Protect
|move|p1b: Pelipper|Hurricane|p2a: Scovillain
|-activate|p2a: Scovillain|move: Protect
|
|-weather|RainDance|[upkeep]
|-heal|p1a: Archaludon|10/100 brn|[from] item: Leftovers
|-damage|p1a: Archaludon|0 fnt|[from] Leech Seed|[of] p2a: Scovillain
|-heal|p2a: Scovillain|95/100|[silent]
|faint|p1a: Archaludon
|upkeep
|
|t:|1785876432
|switch|p1a: Swampert|Swampert-Mega, L50, M|87/100
|-status|p1a: Swampert|psn
|turn|8
|inactive|RustyChair15 has 30 seconds left.
|inactive|RustyChair15 has 20 seconds left.
|
|t:|1785876470
|move|p2b: Whimsicott|Protect|p2b: Whimsicott
|-singleturn|p2b: Whimsicott|Protect
|move|p1a: Swampert|Earthquake|p2a: Scovillain|[spread] p2a
|-activate|p2b: Whimsicott|move: Protect
|-immune|p1b: Pelipper
|-damage|p2a: Scovillain|18/100
|move|p1b: Pelipper|Hurricane|p2a: Scovillain
|-supereffective|p2a: Scovillain|1
|-damage|p2a: Scovillain|0 fnt
|-status|p1b: Pelipper|brn|[from] ability: Spicy Spray|[of] p2a: Scovillain
|faint|p2a: Scovillain
|
|-weather|RainDance|[upkeep]
|-damage|p1a: Swampert|75/100 psn|[from] psn
|-damage|p1b: Pelipper|94/100 brn|[from] brn
|upkeep
|
|t:|1785876480
|switch|p2a: Pelipper|Pelipper, L50, F|100/100
|turn|9
|inactive|xdi8723 has 30 seconds left.
|
|t:|1785876509
|move|p2b: Whimsicott|Tailwind|p2b: Whimsicott
|-sidestart|p2: RustyChair15|move: Tailwind
|move|p1a: Swampert|Ice Punch|p2a: Pelipper
|-damage|p2a: Pelipper|63/100
|move|p2a: Pelipper|Weather Ball|p1a: Swampert
|-damage|p1a: Swampert|25/100 psn
|-damage|p2a: Pelipper|53/100|[from] item: Life Orb
|move|p1b: Pelipper|Hurricane|p2b: Whimsicott
|-supereffective|p2b: Whimsicott|1
|-damage|p2b: Whimsicott|0 fnt
|faint|p2b: Whimsicott
|
|-weather|RainDance|[upkeep]
|-damage|p1a: Swampert|13/100 psn|[from] psn
|-damage|p1b: Pelipper|88/100 brn|[from] brn
|-sideend|p1: xdi8723|move: Light Screen
|upkeep
|turn|10
|inactive|xdi8723 has 30 seconds left.
|inactive|RustyChair15 has 30 seconds left.
|
|t:|1785876541
|move|p1a: Swampert|Ice Punch|p2a: Pelipper
|-damage|p2a: Pelipper|16/100
|move|p2a: Pelipper|Hurricane|p1b: Pelipper
|-damage|p1b: Pelipper|13/100 brn
|-enditem|p1b: Pelipper|Sitrus Berry|[eat]
|-heal|p1b: Pelipper|37/100 brn|[from] item: Sitrus Berry
|-damage|p2a: Pelipper|7/100|[from] item: Life Orb
|move|p1b: Pelipper|Weather Ball|p2a: Pelipper
|-resisted|p2a: Pelipper|1
|-damage|p2a: Pelipper|0 fnt
|faint|p2a: Pelipper
|
|win|xdi8723
|inactive|xdi8723 has 30 seconds to confirm battle start!
|inactive|RustyChair15 has 30 seconds to confirm battle start!
||RustyChair15 is ready for game 3.
|inactive|xdi8723 has 20 seconds to confirm battle start!
||xdi8723 is ready for game 3.
|uhtml|next|Next: Game 3 of 3
|l|☆RustyChair15
|player|p2|
