|j|☆dj_arcigno
|j|☆u’FemminoneVGC
|html|dj_arcignou’FemminoneVGC    
|uhtml|bestof|Game 3 of a best-of-3
|t:|1755969536
|gametype|doubles
|player|p1|dj_arcigno|101|1216
|player|p2|u’FemminoneVGC|lenora|1242
|gen|9
|tier|[Gen 9] VGC 2025 Reg H (Bo3)
|rated|
|rule|Species Clause: Limit one of each Pokémon
|rule|Item Clause: Limit 1 of each item
|clearpoke
|poke|p1|Ursaluna, L50, F|
|poke|p1|Kilowattrel, L50, F|
|poke|p1|Gholdengo, L50|
|poke|p1|Incineroar, L50, F|
|poke|p1|Amoonguss, L50, M|
|poke|p1|Porygon2, L50|
|poke|p2|Dragonite, L50, F|
|poke|p2|Tyranitar, L50, M|
|poke|p2|Volcarona, L50, M|
|poke|p2|Sneasler, L50, M|
|poke|p2|Annihilape, L50, F|
|poke|p2|Ursaluna-Bloodmoon, L50, M|
|teampreview|4
|showteam|p1|Ursaluna||FlameOrb|Guts|Facade,HeadlongRush,Earthquake,Protect|||F|||50|,,,,,Fairy]Kilowattrel||FocusSash|Competitive|Thunderbolt,AirSlash,Tailwind,Protect|||F|||50|,,,,,Ghost]Gholdengo||LifeOrb|GoodasGold|MakeItRain,ShadowBall,NastyPlot,Protect||||||50|,,,,,Steel]Incineroar||SafetyGoggles|Intimidate|KnockOff,FlareBlitz,PartingShot,FakeOut|||F|||50|,,,,,Grass]Amoonguss||SitrusBerry|Regenerator|Spore,RagePowder,SludgeBomb,Protect|||M|||50|,,,,,Water]Porygon2||Eviolite|Download|TeraBlast,IceBeam,Recover,TrickRoom||||||50|,,,,,Fighting
|showteam|p2|Dragonite||LoadedDice|Multiscale|ScaleShot,Haze,StompingTantrum,Protect|||F|||50|,,,,,Ground]Tyranitar||AssaultVest|SandStream|RockSlide,KnockOff,TeraBlast,LowKick|||M|||50|,,,,,Flying]Volcarona||SitrusBerry|FlameBody|Overheat,Protect,RagePowder,Tailwind|||M|||50|,,,,,Grass]Sneasler||WhiteHerb|Unburden|CloseCombat,DireClaw,Coaching,Protect|||M|||50|,,,,,Ghost]Annihilape||SafetyGoggles|Defiant|CloseCombat,RageFist,Taunt,FinalGambit|||F|||50|,,,,,Fairy]Ursaluna-Bloodmoon||LifeOrb|MindsEye|BloodMoon,HyperVoice,EarthPower,Protect|||M|||50|,,,,,Normal
|
|t:|1755969574
|teamsize|p1|4
|teamsize|p2|4
|start
|switch|p1a: Porygon2|Porygon2, L50, shiny|100/100
|switch|p1b: Ursaluna|Ursaluna, L50, F|100/100
|switch|p2a: Volcarona|Volcarona, L50, M|100/100
|switch|p2b: Annihilape|Annihilape, L50, F|100/100
|-ability|p1a: Porygon2|Download|boost
|-boost|p1a: Porygon2|atk|1
|turn|1
|
|t:|1755969598
|move|p2a: Volcarona|Overheat|p1b: Ursaluna
|-damage|p1b: Ursaluna|37/100
|-unboost|p2a: Volcarona|spa|2
|move|p2b: Annihilape|Taunt|p1a: Porygon2
|-start|p1a: Porygon2|move: Taunt
|move|p1b: Ursaluna|Headlong Rush|p2b: Annihilape
|-damage|p2b: Annihilape|22/100
|-unboost|p1b: Ursaluna|def|1
|-unboost|p1b: Ursaluna|spd|1
|move|p1a: Porygon2|Ice Beam|p2b: Annihilape
|-damage|p2b: Annihilape|1/100
|
|-status|p1b: Ursaluna|brn|[from] item: Flame Orb
|upkeep
|turn|2
|
|t:|1755969625
|switch|p1b: Amoonguss|Amoonguss, L50, M, shiny|100/100
|move|p2a: Volcarona|Overheat|p1b: Amoonguss
|-supereffective|p1b: Amoonguss
|-damage|p1b: Amoonguss|56/100
|-unboost|p2a: Volcarona|spa|2
|move|p2b: Annihilape|Close Combat|p1a: Porygon2
|-supereffective|p1a: Porygon2
|-damage|p1a: Porygon2|40/100
|-unboost|p2b: Annihilape|def|1
|-unboost|p2b: Annihilape|spd|1
|move|p1a: Porygon2|Ice Beam|p2b: Annihilape
|-damage|p2b: Annihilape|0 fnt
|faint|p2b: Annihilape
|
|upkeep
|
|t:|1755969637
|switch|p2b: Ursaluna|Ursaluna-Bloodmoon, L50, M|100/100
|turn|3
|
|t:|1755969686
|switch|p1a: Ursaluna|Ursaluna, L50, F|37/100 brn
|switch|p1b: Incineroar|Incineroar, L50, F|100/100
|-ability|p1b: Incineroar|Intimidate|boost
|-unboost|p2a: Volcarona|atk|1
|-unboost|p2b: Ursaluna|atk|1
|-terastallize|p2b: Ursaluna|Normal
|move|p2a: Volcarona|Overheat|p1b: Incineroar
|-resisted|p1b: Incineroar
|-damage|p1b: Incineroar|92/100
|-unboost|p2a: Volcarona|spa|2
|move|p2b: Ursaluna|Hyper Voice|p1a: Ursaluna|[spread] p1a,p1b
|-damage|p1a: Ursaluna|0 fnt
|-damage|p1b: Incineroar|26/100
|faint|p1a: Ursaluna
|-damage|p2b: Ursaluna|91/100|[from] item: Life Orb
|
|upkeep
|
|t:|1755969701
|switch|p1a: Porygon2|Porygon2, L50, shiny|40/100
|-ability|p1a: Porygon2|Download|boost
|-boost|p1a: Porygon2|spa|1
|turn|4
|
|t:|1755969713
|move|p2a: Volcarona|Protect|p2a: Volcarona
|-singleturn|p2a: Volcarona|Protect
|move|p2b: Ursaluna|Protect|p2b: Ursaluna
|-singleturn|p2b: Ursaluna|Protect
|move|p1b: Incineroar|Fake Out|p2b: Ursaluna
|-activate|p2b: Ursaluna|move: Protect
|move|p1a: Porygon2|Trick Room|p1a: Porygon2
|-fieldstart|move: Trick Room|[of] p1a: Porygon2
|
|upkeep
|turn|5
|
|t:|1755969724
|move|p2a: Volcarona|Rage Powder|p2a: Volcarona
|-singleturn|p2a: Volcarona|move: Rage Powder
|move|p1a: Porygon2|Recover|p1a: Porygon2
|-heal|p1a: Porygon2|90/100
|move|p2b: Ursaluna|Blood Moon|p1a: Porygon2
|-damage|p1a: Porygon2|17/100
|-damage|p2b: Ursaluna|81/100|[from] item: Life Orb
|move|p1b: Incineroar|Parting Shot|p2b: Ursaluna
|-unboost|p2b: Ursaluna|atk|1
|-unboost|p2b: Ursaluna|spa|1
|
|t:|1755969732
|switch|p1b: Amoonguss|Amoonguss, L50, M, shiny|89/100|[from] Parting Shot
|
|upkeep
|turn|6
|
|t:|1755969749
|move|p2a: Volcarona|Rage Powder|p2a: Volcarona
|-singleturn|p2a: Volcarona|move: Rage Powder
|move|p1b: Amoonguss|Spore|p2b: Ursaluna
|-status|p2b: Ursaluna|slp|[from] move: Spore
|move|p1a: Porygon2|Recover|p1a: Porygon2
|-heal|p1a: Porygon2|67/100
|cant|p2b: Ursaluna|slp
|
|upkeep
|turn|7
|
|t:|1755969766
|move|p1b: Amoonguss|Sludge Bomb|p2a: Volcarona
|-damage|p2a: Volcarona|73/100
|-status|p2a: Volcarona|psn
|move|p1a: Porygon2|Tera Blast|p2a: Volcarona
|-damage|p2a: Volcarona|33/100 psn
|-enditem|p2a: Volcarona|Sitrus Berry|[eat]
|-heal|p2a: Volcarona|58/100 psn|[from] item: Sitrus Berry
|cant|p2b: Ursaluna|slp
|move|p2a: Volcarona|Overheat|p1b: Amoonguss
|-supereffective|p1b: Amoonguss
|-damage|p1b: Amoonguss|63/100
|
|-damage|p2a: Volcarona|45/100 psn|[from] psn
|upkeep
|turn|8
|
|t:|1755969789
|switch|p1b: Incineroar|Incineroar, L50, F|26/100
|-ability|p1b: Incineroar|Intimidate|boost
|-unboost|p2a: Volcarona|atk|1
|-unboost|p2b: Ursaluna|atk|1
|move|p2a: Volcarona|Rage Powder|p2a: Volcarona
|-singleturn|p2a: Volcarona|move: Rage Powder
|move|p1a: Porygon2|Recover|p1a: Porygon2
|-heal|p1a: Porygon2|100/100
|-curestatus|p2b: Ursaluna|slp|[msg]
|move|p2b: Ursaluna|Hyper Voice|p1b: Incineroar|[spread] p1a,p1b
|-damage|p1a: Porygon2|76/100
|-damage|p1b: Incineroar|0 fnt
|faint|p1b: Incineroar
|-damage|p2b: Ursaluna|72/100|[from] item: Life Orb
|
|-damage|p2a: Volcarona|33/100 psn|[from] psn
|-fieldend|move: Trick Room
|upkeep
|
|t:|1755969800
|switch|p1b: Amoonguss|Amoonguss, L50, M, shiny|96/100
|turn|9
|
|t:|1755969814
|-terastallize|p1b: Amoonguss|Water
|move|p1b: Amoonguss|Rage Powder|p1b: Amoonguss
|-singleturn|p1b: Amoonguss|move: Rage Powder
|move|p2a: Volcarona|Overheat|p1b: Amoonguss
|-resisted|p1b: Amoonguss
|-damage|p1b: Amoonguss|89/100
|move|p2b: Ursaluna|Blood Moon|p1b: Amoonguss
|-damage|p1b: Amoonguss|12/100
|-enditem|p1b: Amoonguss|Sitrus Berry|[eat]
|-heal|p1b: Amoonguss|37/100|[from] item: Sitrus Berry
|-damage|p2b: Ursaluna|62/100|[from] item: Life Orb
|move|p1a: Porygon2|Trick Room|p1a: Porygon2
|-fieldstart|move: Trick Room|[of] p1a: Porygon2
|
|-damage|p2a: Volcarona|21/100 psn|[from] psn
|upkeep
|turn|10
|
|t:|1755969841
|switch|p2a: Tyranitar|Tyranitar, L50, M|100/100
|-weather|Sandstorm|[from] ability: Sand Stream|[of] p2a: Tyranitar
|move|p1b: Amoonguss|Spore|p2b: Ursaluna
|-status|p2b: Ursaluna|slp|[from] move: Spore
|move|p1a: Porygon2|Tera Blast|p2a: Tyranitar
|-resisted|p2a: Tyranitar
|-damage|p2a: Tyranitar|91/100
|cant|p2b: Ursaluna|slp
|
|-weather|Sandstorm|[upkeep]
|-damage|p1b: Amoonguss|31/100|[from] Sandstorm
|-damage|p1a: Porygon2|70/100|[from] Sandstorm
|-damage|p2b: Ursaluna|57/100 slp|[from] Sandstorm
|upkeep
|turn|11
|
|t:|1755969856
|move|p1b: Amoonguss|Spore|p2a: Tyranitar
|-status|p2a: Tyranitar|slp|[from] move: Spore
|move|p1a: Porygon2|Tera Blast|p2b: Ursaluna
|-damage|p2b: Ursaluna|3/100 slp
|cant|p2b: Ursaluna|slp
|cant|p2a: Tyranitar|slp
|
|-weather|Sandstorm|[upkeep]
|-damage|p1b: Amoonguss|25/100|[from] Sandstorm
|-damage|p1a: Porygon2|64/100|[from] Sandstorm
|-damage|p2b: Ursaluna|0 fnt|[from] Sandstorm
|faint|p2b: Ursaluna
|upkeep
|
|t:|1755969865
|switch|p2b: Volcarona|Volcarona, L50, M|21/100 psn
|turn|12
|
|t:|1755969876
|move|p2b: Volcarona|Protect|p2b: Volcarona
|-singleturn|p2b: Volcarona|Protect
|move|p1b: Amoonguss|Sludge Bomb|p2a: Tyranitar
|-resisted|p2a: Tyranitar
|-damage|p2a: Tyranitar|85/100 slp
|move|p1a: Porygon2|Tera Blast|p2b: Volcarona
|-activate|p2b: Volcarona|move: Protect
|cant|p2a: Tyranitar|slp
|
|-weather|Sandstorm|[upkeep]
|-damage|p1b: Amoonguss|19/100|[from] Sandstorm
|-damage|p1a: Porygon2|59/100|[from] Sandstorm
|-damage|p2b: Volcarona|15/100 psn|[from] Sandstorm
|-damage|p2b: Volcarona|3/100 psn|[from] psn
|upkeep
|turn|13
|
|t:|1755969891
|move|p1b: Amoonguss|Sludge Bomb|p2b: Volcarona
|-damage|p2b: Volcarona|0 fnt
|faint|p2b: Volcarona
|move|p1a: Porygon2|Recover|p1a: Porygon2
|-heal|p1a: Porygon2|100/100
|cant|p2a: Tyranitar|slp
|
|-weather|Sandstorm|[upkeep]
|-damage|p1b: Amoonguss|13/100|[from] Sandstorm
|-damage|p1a: Porygon2|95/100|[from] Sandstorm
|-fieldend|move: Trick Room
|upkeep
|turn|14
|
|t:|1755969904
|move|p1b: Amoonguss|Protect|p1b: Amoonguss
|-singleturn|p1b: Amoonguss|Protect
|-curestatus|p2a: Tyranitar|slp|[msg]
|move|p2a: Tyranitar|Knock Off|p1a: Porygon2
|-damage|p1a: Porygon2|61/100
|-enditem|p1a: Porygon2|Eviolite|[from] move: Knock Off|[of] p2a: Tyranitar
|move|p1a: Porygon2|Trick Room|p1a: Porygon2
|-fieldstart|move: Trick Room|[of] p1a: Porygon2
|
|-weather|none
|upkeep
|turn|15
|
|t:|1755969915
|move|p1b: Amoonguss|Spore|p2a: Tyranitar
|-status|p2a: Tyranitar|slp|[from] move: Spore
|move|p1a: Porygon2|Ice Beam|p2a: Tyranitar
|-damage|p2a: Tyranitar|63/100 slp
|cant|p2a: Tyranitar|slp
|
|upkeep
|turn|16
|
|t:|1755969922
|move|p1b: Amoonguss|Sludge Bomb|p2a: Tyranitar
|-resisted|p2a: Tyranitar
|-damage|p2a: Tyranitar|54/100 slp
|move|p1a: Porygon2|Ice Beam|p2a: Tyranitar
|-damage|p2a: Tyranitar|32/100 slp
|cant|p2a: Tyranitar|slp
|
|upkeep
|turn|17
|
|t:|1755969940
|move|p1b: Amoonguss|Protect|p1b: Amoonguss
|-singleturn|p1b: Amoonguss|Protect
|move|p1a: Porygon2|Ice Beam|p2a: Tyranitar
|-damage|p2a: Tyranitar|12/100 slp
|-curestatus|p2a: Tyranitar|slp|[msg]
|move|p2a: Tyranitar|Rock Slide|p1b: Amoonguss|[spread] p1a
|-activate|p1b: Amoonguss|move: Protect
|-crit|p1a: Porygon2
|-damage|p1a: Porygon2|19/100
|
|upkeep
|turn|18
|
|t:|1755969951
|move|p1b: Amoonguss|Sludge Bomb|p2a: Tyranitar
|-resisted|p2a: Tyranitar
|-crit|p2a: Tyranitar
|-damage|p2a: Tyranitar|0 fnt
|faint|p2a: Tyranitar
|
|win|dj_arcigno
|raw|dj_arcigno's rating: 1216 → 1243(+27 for winning)
|raw|u’FemminoneVGC's rating: 1242 → 1215(-27 for losing)
|c|☆dj_arcigno|ggs
|c|☆u’FemminoneVGC|amoonguss on fire
|c|☆u’FemminoneVGC|3 turn sleep on all my mon ahah
|c|☆dj_arcigno|the best in the game
|c|☆u’FemminoneVGC|gg!
|c|☆dj_arcigno|yeah sorry for that
|c|☆u’FemminoneVGC|it's the game
|l|☆u’FemminoneVGC
|player|p2|
|c|☆dj_arcigno|was my only wincon with these four, you checked me good with the ape
