|j|☆Tobii079
|j|☆Faabow
|html|Tobii079Faabow    
|uhtml|bestof|Game 1 of a best-of-3
|t:|1757788792
|gametype|doubles
|player|p1|Tobii079|tierno|
|player|p2|Faabow|102|
|gen|9
|tier|[Gen 9] VGC 2025 Reg H (Bo3)
|rule|Species Clause: Limit one of each Pokémon
|rule|Item Clause: Limit 1 of each item
|clearpoke
|poke|p1|Tyranitar, L50, F|
|poke|p1|Excadrill, L50, F|
|poke|p1|Incineroar, L50, F|
|poke|p1|Amoonguss, L50, F|
|poke|p1|Basculegion, L50, M|
|poke|p1|Kommo-o, L50, M|
|poke|p2|Sinistcha, L50|
|poke|p2|Ninetales-Alola, L50, F|
|poke|p2|Gyarados, L50, F|
|poke|p2|Metagross, L50|
|poke|p2|Houndoom, L50, F|
|poke|p2|Annihilape, L50, F|
|teampreview|4
|showteam|p1|Tyranitar||AssaultVest|SandStream|RockSlide,KnockOff,LowKick,TeraBlast|||F|||50|,,,,,Flying]Excadrill||FocusSash|SandRush|Earthquake,HighHorsepower,IronHead,Protect|||F|||50|,,,,,Ghost]Incineroar||SafetyGoggles|Intimidate|FlareBlitz,KnockOff,PartingShot,FakeOut|||F|||50|,,,,,Ghost]Amoonguss||SitrusBerry|Regenerator|Spore,PollenPuff,ClearSmog,RagePowder|||F|||50|,,,,,Water]Basculegion||ChoiceScarf|Adaptability|WaveCrash,LastRespects,FlipTurn,TeraBlast|||M|||50|,,,,,Grass]Kommo-o||ThroatSpray|Overcoat|ClangingScales,ClangorousSoul,AuraSphere,Protect|||M|||50|,,,,,Steel
|showteam|p2|Sinistcha||RockyHelmet|Hospitality|MatchaGotcha,ShadowBall,RagePowder,TrickRoom||||||50|,,,,,Water]Ninetales-Alola||ChoiceSpecs|SnowWarning|AuroraVeil,FreezeDry,Blizzard,Moonblast|||F|||50|,,,,,Ghost]Gyarados||SitrusBerry|Intimidate|Waterfall,ThunderWave,Taunt,Protect|||F|||50|,,,,,Grass]Metagross||MetalCoat|ClearBody|BulletPunch,HeavySlam,PsychicFangs,Protect||||||50|,,,,,Steel]Houndoom||AssaultVest|FlashFire|Flamethrower,BeatUp,DarkPulse,Snarl|||F|||50|,,,,,Ghost]Annihilape||Leftovers|Defiant|BulkUp,RageFist,DrainPunch,Protect|||F|||50|,,,,,Fire
|j| luggi8787
|
|t:|1757788877
|teamsize|p1|4
|teamsize|p2|4
|start
|switch|p1a: Tyranitar|Tyranitar, L50, F|100/100
|switch|p1b: Excadrill|Excadrill, L50, F|100/100
|switch|p2a: Michael|Annihilape, L50, F|100/100
|switch|p2b: Violet|Ninetales-Alola, L50, F, shiny|100/100
|-weather|Snowscape|[from] ability: Snow Warning|[of] p2b: Violet
|-weather|Sandstorm|[from] ability: Sand Stream|[of] p1a: Tyranitar
|turn|1
|inactive|Battle timer is ON: inactive players will automatically lose when time's up. (requested by Faabow)
|inactive|Tobii079 has 60 seconds left.
|inactive|Tobii079 has 30 seconds left.
|inactive|Tobii079 has 20 seconds left.
|
|t:|1757788948
|switch|p2b: InErichsHose|Gyarados, L50, F, shiny|100/100
|-ability|p2b: InErichsHose|Intimidate|boost
|-unboost|p1a: Tyranitar|atk|1
|-unboost|p1b: Excadrill|atk|1
|-terastallize|p1a: Tyranitar|Flying
|move|p1b: Excadrill|Iron Head|p2b: InErichsHose
|-resisted|p2b: InErichsHose
|-damage|p2b: InErichsHose|86/100
|move|p2a: Michael|Bulk Up|p2a: Michael
|-boost|p2a: Michael|atk|1
|-boost|p2a: Michael|def|1
|move|p1a: Tyranitar|Tera Blast|p2a: Michael|[anim] Tera Blast Flying
|-supereffective|p2a: Michael
|-damage|p2a: Michael|57/100
|
|-weather|Sandstorm|[upkeep]
|-damage|p2a: Michael|51/100|[from] Sandstorm
|-damage|p2b: InErichsHose|80/100|[from] Sandstorm
|-damage|p1a: Tyranitar|95/100|[from] Sandstorm
|-heal|p2a: Michael|57/100|[from] item: Leftovers
|upkeep
|turn|2
|inactive|Tobii079 has 30 seconds left.
|inactive|Faabow has 30 seconds left.
|inactive|Tobii079 has 20 seconds left.
|
|t:|1757788988
|switch|p1b: Basculegion|Basculegion, L50, M|100/100
|move|p2a: Michael|Protect|p2a: Michael
|-singleturn|p2a: Michael|Protect
|move|p2b: InErichsHose|Thunder Wave|p1a: Tyranitar
|-status|p1a: Tyranitar|par
|move|p1a: Tyranitar|Tera Blast|p2a: Michael|[anim] Tera Blast Flying
|-activate|p2a: Michael|move: Protect
|
|-weather|Sandstorm|[upkeep]
|-damage|p1b: Basculegion|94/100|[from] Sandstorm
|-damage|p2a: Michael|51/100|[from] Sandstorm
|-damage|p2b: InErichsHose|74/100|[from] Sandstorm
|-damage|p1a: Tyranitar|89/100 par|[from] Sandstorm
|-heal|p2a: Michael|57/100|[from] item: Leftovers
|upkeep
|turn|3
|inactive|Faabow has 30 seconds left.
|
|t:|1757789015
|switch|p2b: Violet|Ninetales-Alola, L50, F, shiny|100/100
|-weather|Snowscape|[from] ability: Snow Warning|[of] p2b: Violet
|-terastallize|p2a: Michael|Fire
|move|p1b: Basculegion|Flip Turn|p2a: Michael
|-supereffective|p2a: Michael
|-damage|p2a: Michael|0 fnt
|faint|p2a: Michael
|
|t:|1757789026
|switch|p1b: Amoonguss|Amoonguss, L50, F|100/100|[from] Flip Turn
|cant|p1a: Tyranitar|par
|
|-weather|Snowscape|[upkeep]
|upkeep
|
|t:|1757789037
|switch|p2a: EXP-Share-Tank|Metagross, L50, shiny|100/100
|turn|4
|inactive|Tobii079 has 30 seconds left.
|inactive|Tobii079 has 20 seconds left.
|inactive|Tobii079 has 15 seconds left.
|inactive|Tobii079 has 10 seconds left.
|inactive|Tobii079 has 5 seconds left.
|
|t:|1757789087
|move|p2b: Violet|Blizzard|p1b: Amoonguss|[spread] p1a,p1b
|-supereffective|p1a: Tyranitar
|-supereffective|p1b: Amoonguss
|-damage|p1a: Tyranitar|33/100 par
|-damage|p1b: Amoonguss|26/100
|-enditem|p1b: Amoonguss|Sitrus Berry|[eat]
|-heal|p1b: Amoonguss|51/100|[from] item: Sitrus Berry
|move|p2a: EXP-Share-Tank|Psychic Fangs|p1b: Amoonguss
|-supereffective|p1b: Amoonguss
|-damage|p1b: Amoonguss|0 fnt
|faint|p1b: Amoonguss
|move|p1a: Tyranitar|Rock Slide|p2b: Violet|[spread] p2a,p2b
|-resisted|p2a: EXP-Share-Tank
|-supereffective|p2b: Violet
|-damage|p2a: EXP-Share-Tank|93/100
|-damage|p2b: Violet|55/100
|
|-weather|Snowscape|[upkeep]
|upkeep
|
|t:|1757789097
|switch|p1b: Basculegion|Basculegion, L50, M|94/100
|turn|5
|inactive|Tobii079 has 30 seconds left.
|
|t:|1757789128
|switch|p2b: InErichsHose|Gyarados, L50, F, shiny|74/100
|-ability|p2b: InErichsHose|Intimidate|boost
|-unboost|p1a: Tyranitar|atk|1
|-unboost|p1b: Basculegion|atk|1
|switch|p1a: Excadrill|Excadrill, L50, F|100/100
|move|p1b: Basculegion|Last Respects|p2a: EXP-Share-Tank
|-supereffective|p2a: EXP-Share-Tank
|-damage|p2a: EXP-Share-Tank|19/100
|move|p2a: EXP-Share-Tank|Heavy Slam|p1b: Basculegion
|-resisted|p1b: Basculegion
|-damage|p1b: Basculegion|41/100
|
|-weather|Snowscape|[upkeep]
|upkeep
|turn|6
|inactive|Tobii079 has 30 seconds left.
|inactive|Faabow has 30 seconds left.
|
|t:|1757789160
|move|p2b: InErichsHose|Protect|p2b: InErichsHose
|-singleturn|p2b: InErichsHose|Protect
|move|p2a: EXP-Share-Tank|Protect|p2a: EXP-Share-Tank
|-singleturn|p2a: EXP-Share-Tank|Protect
|move|p1b: Basculegion|Last Respects|p2b: InErichsHose
|-activate|p2b: InErichsHose|move: Protect
|move|p1a: Excadrill|High Horsepower|p2a: EXP-Share-Tank
|-activate|p2a: EXP-Share-Tank|move: Protect
|
|-weather|Snowscape|[upkeep]
|upkeep
|turn|7
|
|t:|1757789183
|move|p2a: EXP-Share-Tank|Bullet Punch|p1a: Excadrill
|-resisted|p1a: Excadrill
|-damage|p1a: Excadrill|81/100
|move|p1b: Basculegion|Last Respects|p2b: InErichsHose
|-damage|p2b: InErichsHose|35/100
|-enditem|p2b: InErichsHose|Sitrus Berry|[eat]
|-heal|p2b: InErichsHose|59/100|[from] item: Sitrus Berry
|move|p1a: Excadrill|High Horsepower|p2a: EXP-Share-Tank
|-supereffective|p2a: EXP-Share-Tank
|-damage|p2a: EXP-Share-Tank|0 fnt
|faint|p2a: EXP-Share-Tank
|move|p2b: InErichsHose|Waterfall|p1a: Excadrill
|-supereffective|p1a: Excadrill
|-damage|p1a: Excadrill|0 fnt
|faint|p1a: Excadrill
|
|-weather|none
|upkeep
|
|t:|1757789198
|switch|p1a: Tyranitar|Tyranitar, L50, F, tera:Flying|33/100 par
|switch|p2a: Violet|Ninetales-Alola, L50, F, shiny|55/100
|-weather|Snowscape|[from] ability: Snow Warning|[of] p2a: Violet
|-weather|Sandstorm|[from] ability: Sand Stream|[of] p1a: Tyranitar
|turn|8
|
|t:|1757789222
|move|p1b: Basculegion|Last Respects|p2a: Violet
|-damage|p2a: Violet|0 fnt
|faint|p2a: Violet
|move|p2b: InErichsHose|Thunder Wave|p1b: Basculegion
|-status|p1b: Basculegion|par
|cant|p1a: Tyranitar|par
|
|-weather|Sandstorm|[upkeep]
|-damage|p2b: InErichsHose|53/100|[from] Sandstorm
|-damage|p1b: Basculegion|35/100 par|[from] Sandstorm
|-damage|p1a: Tyranitar|27/100 par|[from] Sandstorm
|upkeep
|turn|9
|
|t:|1757789243
|move|p2b: InErichsHose|Protect|p2b: InErichsHose
|-singleturn|p2b: InErichsHose|Protect
|move|p1b: Basculegion|Last Respects|p2b: InErichsHose
|-activate|p2b: InErichsHose|move: Protect
|move|p1a: Tyranitar|Rock Slide|p2b: InErichsHose
|-activate|p2b: InErichsHose|move: Protect
|
|-weather|Sandstorm|[upkeep]
|-damage|p2b: InErichsHose|48/100|[from] Sandstorm
|-damage|p1b: Basculegion|29/100 par|[from] Sandstorm
|-damage|p1a: Tyranitar|21/100 par|[from] Sandstorm
|upkeep
|turn|10
|
|t:|1757789255
|move|p2b: InErichsHose|Waterfall|p1b: Basculegion
|-resisted|p1b: Basculegion
|-damage|p1b: Basculegion|8/100 par
|move|p1b: Basculegion|Last Respects|p2b: InErichsHose
|-damage|p2b: InErichsHose|0 fnt
|faint|p2b: InErichsHose
|
|win|Tobii079
||Tobii079 is ready for game 2.
||Faabow is ready for game 2.
|uhtml|next|Next: Game 2 of 3
