|j|☆MarillRag1
|j|☆bruGno
|html|MarillRag1bruGno    
|uhtml|bestof|Game 1 of a best-of-3
|t:|1786192937
|gametype|doubles
|player|p1|MarillRag1|170|1331
|player|p2|bruGno|ash-kalos|1382
|gen|9
|tier|[Gen 9 Champions] VGC 2026 Reg M-B (Bo3)
|rated|
|rule|Species Clause: Limit one of each Pokémon
|rule|Item Clause: Limit 1 of each item
|clearpoke
|poke|p1|Gengar, L50, M|
|poke|p1|Archaludon, L50, M|
|poke|p1|Politoed, L50, F|
|poke|p1|Swampert, L50, M|
|poke|p1|Vivillon-Fancy, L50, M|
|poke|p1|Incineroar, L50, F|
|poke|p2|Venusaur, L50, M|
|poke|p2|Charizard, L50, M|
|poke|p2|Grimmsnarl, L50, M|
|poke|p2|Archaludon, L50, F|
|poke|p2|Pelipper, L50, F|
|poke|p2|Basculegion, L50, M|
|teampreview|4
|showteam|p1|Gengar||Gengarite|CursedBody|ShadowBall,SludgeBomb,PerishSong,Protect|Modest||M|||50|]Archaludon||Leftovers|Stamina|ElectroShot,DragonPulse,FlashCannon,Protect|Bold||M|||50|]Politoed||SitrusBerry|Drizzle|WeatherBall,Hypnosis,PerishSong,Protect|Calm||F|||50|]Swampert||Swampertite|Torrent|WaveCrash,StompingTantrum,IcePunch,Protect|Adamant||M|||50|]Vivillon-Fancy||FocusSash|CompoundEyes|Hurricane,SleepPowder,RagePowder,Protect|Timid||M|||50|]Incineroar||ChopleBerry|Intimidate|ThroatChop,FakeOut,PartingShot,Protect|Impish||F|||50|
|showteam|p2|Venusaur||FocusSash|Chlorophyll|SludgeBomb,EarthPower,SleepPowder,Protect|Modest||M|||50|]Charizard||CharizarditeY|Blaze|Protect,HeatWave,SolarBeam,WeatherBall|Modest||M|||50|]Grimmsnarl||LightClay|Prankster|SpiritBreak,LightScreen,Reflect,PartingShot|Sassy||M|||50|]Archaludon||Leftovers|Stamina|ElectroShot,DragonPulse,FlashCannon,Protect|Calm||F|||50|]Pelipper||SitrusBerry|Drizzle|Hurricane,WeatherBall,Tailwind,Protect|Modest||F|||50|]Basculegion||ChoiceScarf|Adaptability|WaveCrash,LastRespects,AquaJet,FlipTurn|Jolly||M|||50|
|inactive|Battle timer is ON: inactive players will automatically lose when time's up. (requested by bruGno)
|inactive|MarillRag1 has 60 seconds left.
|
|t:|1786192983
|teamsize|p1|4
|teamsize|p2|4
|start
|switch|p1a: Incineroar|Incineroar, L50, F|100/100
|switch|p1b: Gengar|Gengar, L50, M|100/100
|switch|p2a: Venusaur|Venusaur, L50, M|100/100
|switch|p2b: Charizard|Charizard, L50, M|100/100
|-ability|p1a: Incineroar|Intimidate|boost
|-unboost|p2a: Venusaur|atk|1
|-unboost|p2b: Charizard|atk|1
|turn|1
|
|t:|1786192998
|switch|p2a: Basculegion|Basculegion, L50, M|100/100
|detailschange|p2b: Charizard|Charizard-Mega-Y, L50, M
|-mega|p2b: Charizard|Charizard|Charizardite Y
|-weather|SunnyDay|[from] ability: Drought|[of] p2b: Charizard
|detailschange|p1b: Gengar|Gengar-Mega, L50, M
|-mega|p1b: Gengar|Gengar|Gengarite
|move|p1a: Incineroar|Fake Out|p2b: Charizard
|-damage|p2b: Charizard|88/100
|move|p1b: Gengar|Perish Song|p1b: Gengar
|-start|p1a: Incineroar|perish3|[silent]
|-start|p1b: Gengar|perish3|[silent]
|-start|p2a: Basculegion|perish3|[silent]
|-start|p2b: Charizard|perish3|[silent]
|-fieldactivate|move: Perish Song
|cant|p2b: Charizard|flinch
|
|-weather|SunnyDay|[upkeep]
|-start|p2a: Basculegion|perish3
|-start|p1b: Gengar|perish3
|-start|p2b: Charizard|perish3
|-start|p1a: Incineroar|perish3
|upkeep
|turn|2
|
|t:|1786193022
|switch|p2a: Venusaur|Venusaur, L50, M|100/100
|move|p1b: Gengar|Protect|p1b: Gengar
|-singleturn|p1b: Gengar|Protect
|move|p2b: Charizard|Heat Wave|p1b: Gengar|[spread] p1a
|-activate|p1b: Gengar|move: Protect
|-resisted|p1a: Incineroar|1
|-damage|p1a: Incineroar|77/100
|move|p1a: Incineroar|Throat Chop|p2a: Venusaur
|-damage|p2a: Venusaur|59/100
|-start|p2a: Venusaur|Throat Chop|[silent]
|
|-weather|SunnyDay|[upkeep]
|-start|p1b: Gengar|perish2
|-start|p2b: Charizard|perish2
|-start|p1a: Incineroar|perish2
|upkeep
|turn|3
|inactive|bruGno has 30 seconds left.
|inactive|bruGno has 20 seconds left.
|inactive|bruGno has 15 seconds left.
|
|t:|1786193063
|switch|p1b: Politoed|Politoed, L50, F|100/100
|-weather|RainDance|[from] ability: Drizzle|[of] p1b: Politoed
|move|p2b: Charizard|Weather Ball|p1b: Politoed
|-resisted|p1b: Politoed|1
|-damage|p1b: Politoed|80/100
|move|p2a: Venusaur|Earth Power|p1b: Politoed
|-damage|p1b: Politoed|57/100
|move|p1a: Incineroar|Parting Shot|p2a: Venusaur
|-unboost|p2a: Venusaur|atk|1
|-unboost|p2a: Venusaur|spa|1
|
|t:|1786193074
|switch|p1a: Gengar|Gengar-Mega, L50, M|100/100|[from] Parting Shot
|
|-weather|RainDance|[upkeep]
|-end|p2a: Venusaur|Throat Chop|[silent]
|-start|p2b: Charizard|perish1
|upkeep
|turn|4
|
|t:|1786193090
|switch|p1b: Vivillon|Vivillon-Fancy, L50, M|100/100
|move|p1a: Gengar|Protect|p1a: Gengar
|-singleturn|p1a: Gengar|Protect
|move|p2b: Charizard|Weather Ball|p1a: Gengar
|-activate|p1a: Gengar|move: Protect
|move|p2a: Venusaur|Sleep Powder|p1b: Vivillon
|-status|p1b: Vivillon|slp|[from] move: Sleep Powder
|
|-weather|RainDance|[upkeep]
|-start|p2b: Charizard|perish0
|faint|p2b: Charizard
|upkeep
|
|t:|1786193099
|switch|p2b: Archaludon|Archaludon, L50, F|100/100
|turn|5
|inactive|MarillRag1 has 30 seconds left.
|
|t:|1786193126
|cant|p1b: Vivillon|slp
|move|p1a: Gengar|Perish Song|p1a: Gengar
|-start|p1a: Gengar|perish3|[silent]
|-start|p1b: Vivillon|perish3|[silent]
|-start|p2a: Venusaur|perish3|[silent]
|-start|p2b: Archaludon|perish3|[silent]
|-fieldactivate|move: Perish Song
|move|p2a: Venusaur|Earth Power|p1a: Gengar
|-supereffective|p1a: Gengar|1
|-damage|p1a: Gengar|62/100
|move|p2b: Archaludon|Electro Shot||[still]
|-prepare|p2b: Archaludon|Electro Shot
|-boost|p2b: Archaludon|spa|1
|-anim|p2b: Archaludon|Electro Shot|p1b: Vivillon
|-supereffective|p1b: Vivillon|1
|-enditem|p1b: Vivillon|Focus Sash
|-damage|p1b: Vivillon|1/100 slp
|
|-weather|RainDance|[upkeep]
|-start|p1a: Gengar|perish3
|-start|p1b: Vivillon|perish3
|-start|p2a: Venusaur|perish3
|-start|p2b: Archaludon|perish3
|upkeep
|turn|6
|inactive|bruGno has 30 seconds left.
|inactive|bruGno has 20 seconds left.
|
|t:|1786193163
|move|p1a: Gengar|Protect|p1a: Gengar
|-singleturn|p1a: Gengar|Protect
|cant|p1b: Vivillon|slp
|move|p2a: Venusaur|Sludge Bomb|p1b: Vivillon
|-damage|p1b: Vivillon|0 fnt
|faint|p1b: Vivillon
|move|p2b: Archaludon|Electro Shot||[still]
|-prepare|p2b: Archaludon|Electro Shot
|-boost|p2b: Archaludon|spa|1
|-anim|p2b: Archaludon|Electro Shot|p1a: Gengar
|-activate|p1a: Gengar|move: Protect
|
|-weather|RainDance|[upkeep]
|-start|p1a: Gengar|perish2
|-start|p2a: Venusaur|perish2
|-start|p2b: Archaludon|perish2
|upkeep
|inactive|MarillRag1 has 30 seconds left.
|
|t:|1786193191
|switch|p1b: Incineroar|Incineroar, L50, F|77/100
|-ability|p1b: Incineroar|Intimidate|boost
|-unboost|p2a: Venusaur|atk|1
|-unboost|p2b: Archaludon|atk|1
|turn|7
|inactive|bruGno has 30 seconds left.
|inactive|bruGno has 20 seconds left.
|inactive|bruGno has 15 seconds left.
|inactive|bruGno has 10 seconds left.
|inactive|bruGno has 5 seconds left.
|inactive|MarillRag1 has 30 seconds left.
|
|t:|1786193258
|switch|p1a: Politoed|Politoed, L50, F|57/100
|move|p1b: Incineroar|Fake Out|p2b: Archaludon
|-resisted|p2b: Archaludon|1
|-damage|p2b: Archaludon|96/100
|-ability|p2b: Archaludon|Stamina|boost
|-boost|p2b: Archaludon|def|1
|move|p2a: Venusaur|Sleep Powder|p1b: Incineroar
|-status|p1b: Incineroar|slp|[from] move: Sleep Powder
|cant|p2b: Archaludon|flinch
|
|-weather|none
|-heal|p2b: Archaludon|100/100|[from] item: Leftovers
|-start|p2a: Venusaur|perish1
|-start|p2b: Archaludon|perish1
|upkeep
|turn|8
|inactive|MarillRag1 has 30 seconds left.
|inactive|bruGno has 30 seconds left.
|inactive|bruGno has 20 seconds left.
|inactive|bruGno has 15 seconds left.
|inactive|bruGno has 10 seconds left.
|
|t:|1786193304
|switch|p2a: Basculegion|Basculegion, L50, M|100/100
|switch|p1b: Gengar|Gengar-Mega, L50, M|62/100
|move|p2b: Archaludon|Dragon Pulse|p1a: Politoed
|-damage|p1a: Politoed|5/100
|-enditem|p1a: Politoed|Sitrus Berry|[eat]
|-heal|p1a: Politoed|30/100|[from] item: Sitrus Berry
|move|p1a: Politoed|Hypnosis|p2b: Archaludon|[miss]
|-miss|p1a: Politoed|p2b: Archaludon
|
|-start|p2b: Archaludon|perish0
|upkeep
|faint|p2b: Archaludon
|
|t:|1786193316
|switch|p2b: Venusaur|Venusaur, L50, M|59/100
|turn|9
|
|t:|1786193336
|switch|p1a: Incineroar|Incineroar, L50, F|77/100 slp
|-ability|p1a: Incineroar|Intimidate|boost
|-unboost|p2a: Basculegion|atk|1
|-unboost|p2b: Venusaur|atk|1
|move|p2a: Basculegion|Last Respects|p1b: Gengar
|-supereffective|p1b: Gengar|1
|-damage|p1b: Gengar|0 fnt
|faint|p1b: Gengar
|move|p2b: Venusaur|Sludge Bomb|p1a: Incineroar
|-damage|p1a: Incineroar|41/100 slp
|
|upkeep
|-message|MarillRag1 forfeited.
|
|win|bruGno
||MarillRag1 is ready for game 2.
