|j|☆FocusRanja
|j|☆joyfulwizard
|html|FocusRanjajoyfulwizard    
|uhtml|bestof|Game 2 of a best-of-3
|t:|1783613033
|gametype|doubles
|player|p1|FocusRanja|102|1210
|player|p2|joyfulwizard|cheren-gen5bw2|1192
|gen|9
|tier|[Gen 9 Champions] VGC 2026 Reg M-B (Bo3)
|rated|
|rule|Species Clause: Limit one of each Pokémon
|rule|Item Clause: Limit 1 of each item
|clearpoke
|poke|p1|Vileplume, L50, F|
|poke|p1|Staraptor, L50, M|
|poke|p1|Mawile, L50, M|
|poke|p1|Farigiraf, L50, M|
|poke|p1|Torkoal, L50, M|
|poke|p1|Scrafty, L50, M|
|poke|p2|Charizard, L50, F|
|poke|p2|Garchomp, L50, M|
|poke|p2|Aerodactyl, L50, M|
|poke|p2|Farigiraf, L50, M|
|poke|p2|Sylveon, L50, M|
|poke|p2|Kingambit, L50, F|
|teampreview|4
|showteam|p1|Vileplume||FocusSash|Chlorophyll|SleepPowder,AfterYou,SludgeBomb,SolarBeam|Timid||F|||50|]Staraptor||ChoiceScarf|Intimidate|FinalGambit,CloseCombat,Uturn,BraveBird|Jolly||M|||50|]Mawile||Mawilite|HyperCutter|PlayRough,SuckerPunch,IronHead,Protect|Brave||M|||50|]Farigiraf||ColburBerry|ArmorTail|Psychic,TrickRoom,HelpingHand,Thunderbolt|Calm||M|||50|]Torkoal||Charcoal|Drought|Eruption,WeatherBall,AncientPower,Protect|Quiet||M|||50|]Scrafty||SitrusBerry|Intimidate|Detect,FakeOut,KnockOff,BrickBreak|Brave||M|||50|
|showteam|p2|Charizard||CharizarditeY|Blaze|Protect,SolarBeam,HeatWave,WeatherBall|Modest||F|||50|]Garchomp||LifeOrb|SandVeil|Protect,Earthquake,DragonClaw,StompingTantrum|Jolly||M|||50|]Aerodactyl||Aerodactylite|Unnerve|IceFang,RockSlide,DualWingbeat,Tailwind|Jolly||M|||50|]Farigiraf||SitrusBerry|ArmorTail|SunnyDay,PsychicFangs,TrickRoom,Thunderbolt|Relaxed||M|||50|]Sylveon||FairyFeather|Pixilate|Detect,HyperBeam,HyperVoice,QuickAttack|Modest||M|||50|]Kingambit||FocusSash|Defiant|SuckerPunch,LowKick,IronHead,KowtowCleave|Adamant||F|||50|
|
|t:|1783613106
|teamsize|p1|4
|teamsize|p2|4
|start
|switch|p1a: Vileplume|Vileplume, L50, F|100/100
|switch|p1b: Torkoal|Torkoal, L50, M|100/100
|switch|p2a: Sylveon|Sylveon, L50, M|100/100
|switch|p2b: Kingambit|Kingambit, L50, F|100/100
|-weather|SunnyDay|[from] ability: Drought|[of] p1b: Torkoal
|turn|1
|
|t:|1783613128
|move|p2b: Kingambit|Sucker Punch|p1b: Torkoal
|-damage|p1b: Torkoal|70/100
|move|p2a: Sylveon|Quick Attack|p1b: Torkoal
|-resisted|p1b: Torkoal|1
|-damage|p1b: Torkoal|65/100
|move|p1a: Vileplume|After You|p1b: Torkoal
|-activate|p1b: Torkoal|move: After You
|move|p1b: Torkoal|Eruption|p2a: Sylveon|[spread] p2a,p2b
|-supereffective|p2b: Kingambit|1
|-damage|p2a: Sylveon|53/100
|-enditem|p2b: Kingambit|Focus Sash
|-damage|p2b: Kingambit|1/100
|
|-weather|SunnyDay|[upkeep]
|upkeep
|turn|2
|
|t:|1783613152
|switch|p2a: Garchomp|Garchomp, L50, M|100/100
|switch|p1b: Farigiraf|Farigiraf, L50, M|100/100
|move|p2b: Kingambit|Sucker Punch||[still]
|cant|p1b: Farigiraf|ability: Armor Tail|Sucker Punch|[of] p2b: Kingambit
|move|p1a: Vileplume|Sludge Bomb|p2a: Garchomp
|-resisted|p2a: Garchomp|1
|-damage|p2a: Garchomp|75/100
|
|-weather|SunnyDay|[upkeep]
|upkeep
|turn|3
|inactive|Battle timer is ON: inactive players will automatically lose when time's up. (requested by joyfulwizard)
|inactive|FocusRanja has 60 seconds left.
|
|t:|1783613205
|switch|p2b: Charizard|Charizard, L50, F|100/100
|move|p1a: Vileplume|Sleep Powder|p2a: Garchomp
|-status|p2a: Garchomp|slp|[from] move: Sleep Powder
|cant|p2a: Garchomp|slp
|move|p1b: Farigiraf|Thunderbolt|p2b: Charizard
|-supereffective|p2b: Charizard|1
|-damage|p2b: Charizard|49/100
|
|-weather|SunnyDay|[upkeep]
|upkeep
|turn|4
|
|t:|1783613224
|detailschange|p2b: Charizard|Charizard-Mega-Y, L50, F
|-mega|p2b: Charizard|Charizard|Charizardite Y
|move|p2b: Charizard|Protect|p2b: Charizard
|-singleturn|p2b: Charizard|Protect
|move|p1a: Vileplume|Sludge Bomb|p2b: Charizard
|-activate|p2b: Charizard|move: Protect
|cant|p2a: Garchomp|slp
|move|p1b: Farigiraf|Trick Room|p1b: Farigiraf
|-fieldstart|move: Trick Room|[of] p1b: Farigiraf
|
|-weather|SunnyDay|[upkeep]
|upkeep
|turn|5
|inactive|FocusRanja has 30 seconds left.
|
|t:|1783613257
|switch|p1a: Torkoal|Torkoal, L50, M|65/100
|move|p1b: Farigiraf|Thunderbolt|p2b: Charizard
|-supereffective|p2b: Charizard|1
|-damage|p2b: Charizard|9/100
|-status|p2b: Charizard|par
|move|p2b: Charizard|Heat Wave|p1b: Farigiraf|[spread] p1a
|-miss|p2b: Charizard|p1b: Farigiraf
|-resisted|p1a: Torkoal|1
|-damage|p1a: Torkoal|23/100
|-curestatus|p2a: Garchomp|slp|[msg]
|move|p2a: Garchomp|Earthquake|p1b: Farigiraf|[spread] p1a,p1b
|-immune|p2b: Charizard
|-supereffective|p1a: Torkoal|1
|-damage|p1a: Torkoal|0 fnt
|-damage|p1b: Farigiraf|50/100y
|faint|p1a: Torkoal
|-damage|p2a: Garchomp|66/100|[from] item: Life Orb
|
|-weather|none
|upkeep
|inactive|FocusRanja has 30 seconds left.
|
|t:|1783613286
|switch|p1a: Mawile|Mawile, L50, M|100/100
|turn|6
|
|t:|1783613298
|detailschange|p1a: Mawile|Mawile-Mega, L50, M
|-mega|p1a: Mawile|Mawile|Mawilite
|move|p2a: Garchomp|Protect|p2a: Garchomp
|-singleturn|p2a: Garchomp|Protect
|move|p2b: Charizard|Heat Wave|p1a: Mawile|[spread] p1a,p1b
|-supereffective|p1a: Mawile|1
|-damage|p1a: Mawile|7/100
|-damage|p1b: Farigiraf|16/100
|-status|p1a: Mawile|brn
|move|p1a: Mawile|Play Rough|p2a: Garchomp
|-activate|p2a: Garchomp|move: Protect
|move|p1b: Farigiraf|Thunderbolt|p2b: Charizard
|-supereffective|p2b: Charizard|1
|-damage|p2b: Charizard|0 fnt
|faint|p2b: Charizard
|
|-damage|p1a: Mawile|1/100 brn|[from] brn
|upkeep
|
|t:|1783613313
|switch|p2b: Sylveon|Sylveon, L50, M|53/100
|turn|7
|
|t:|1783613333
|switch|p2a: Kingambit|Kingambit, L50, F|1/100
|move|p1a: Mawile|Play Rough|p2a: Kingambit
|-damage|p2a: Kingambit|0 fnt
|faint|p2a: Kingambit
|move|p1b: Farigiraf|Psychic|p2b: Sylveon
|-damage|p2b: Sylveon|24/100
|move|p2b: Sylveon|Hyper Voice|p1a: Mawile|[spread] p1a,p1b
|-resisted|p1a: Mawile|1
|-damage|p1a: Mawile|0 fnt
|-damage|p1b: Farigiraf|0 fnt
|faint|p1a: Mawile
|faint|p1b: Farigiraf
|
|upkeep
|
|t:|1783613349
|switch|p1a: Vileplume|Vileplume, L50, F|100/100
|switch|p2a: Garchomp|Garchomp, L50, M|66/100
|turn|8
|
|t:|1783613364
|move|p2a: Garchomp|Protect|p2a: Garchomp
|-singleturn|p2a: Garchomp|Protect
|move|p2b: Sylveon|Hyper Beam|p1a: Vileplume
|-resisted|p1a: Vileplume|1
|-damage|p1a: Vileplume|24/100
|-mustrecharge|p2b: Sylveon
|move|p1a: Vileplume|Sleep Powder|p2a: Garchomp
|-activate|p2a: Garchomp|move: Protect
|
|-fieldend|move: Trick Room
|upkeep
|turn|9
|l|☆FocusRanja
|inactive|FocusRanja disconnected and has a minute to reconnect!
|player|p1|
|inactive|FocusRanja has 30 seconds left.
|inactive|FocusRanja has 20 seconds left.
|inactive|FocusRanja has 15 seconds left.
|inactive|FocusRanja has 10 seconds left.
|inactive|FocusRanja has 5 seconds left.
|-message|FocusRanja lost due to inactivity.
|
|win|joyfulwizard
|raw|FocusRanja's rating: 1210 → 1184(-26 for losing)
|raw|joyfulwizard's rating: 1192 → 1218(+26 for winning)
