|j|☆G3N13
|j|☆the doctor rock
|html|G3N13the doctor rock    
|uhtml|bestof|Game 2 of a best-of-3
|t:|1784705502
|gametype|doubles
|player|p1|G3N13|n|1173
|player|p2|the doctor rock|marlon|1153
|gen|9
|tier|[Gen 9 Champions] VGC 2026 Reg M-B (Bo3)
|rated|
|rule|Species Clause: Limit one of each Pokémon
|rule|Item Clause: Limit 1 of each item
|clearpoke
|poke|p1|Ninetales-Alola, L50, M|
|poke|p1|Gholdengo, L50|
|poke|p1|Garchomp, L50, M|
|poke|p1|Scovillain, L50, F|
|poke|p1|Sneasler, L50, M|
|poke|p1|Aerodactyl, L50, F|
|poke|p2|Malamar, L50, F|
|poke|p2|Grimmsnarl, L50, M|
|poke|p2|Ceruledge, L50, M|
|poke|p2|Sinistcha, L50|
|poke|p2|Ninetales-Alola, L50, F|
|poke|p2|Milotic, L50, F|
|teampreview|4
|showteam|p1|Ninetales-Alola||LightClay|SnowWarning|Moonblast,Protect,FreezeDry,AuroraVeil|Modest||M|||50|]Gholdengo||LifeOrb|GoodasGold|MakeItRain,ShadowBall,NastyPlot,Protect|Modest|||||50|]Garchomp||HabanBerry|RoughSkin|Earthquake,DragonClaw,Protect,RockSlide|Jolly||M|||50|]Scovillain||Scovillainite|Moody|Overheat,RagePowder,Protect,GigaDrain|Bold||F|||50|]Sneasler||WhiteHerb|Unburden|CloseCombat,DireClaw,FakeOut,Protect|Adamant||M|||50|]Aerodactyl||Aerodactylite|RockHead|Tailwind,RockSlide,DualWingbeat,Protect|Jolly||F|||50|
|showteam|p2|Malamar||Malamarite|Contrary|KnockOff,PsychoCut,Superpower,Protect|Adamant||F|||50|]Grimmsnarl||RoseliBerry|Prankster|SpiritBreak,FakeTears,ScaryFace,PartingShot|Bold||M|||50|]Ceruledge||ColburBerry|FlashFire|BitterBlade,ShadowSneak,BulkUp,Protect|Adamant||M|||50|]Sinistcha||SitrusBerry|Hospitality|MatchaGotcha,LifeDew,RagePowder,TrickRoom|Bold|||||50|]Ninetales-Alola||FocusSash|SnowWarning|FreezeDry,Moonblast,AuroraVeil,Protect|Timid||F|||50|]Milotic||Leftovers|Competitive|MuddyWater,Hypnosis,Coil,Protect|Calm||F|||50|
|inactive|Battle timer is ON: inactive players will automatically lose when time's up. (requested by the doctor rock)
|
|t:|1784705524
|teamsize|p1|4
|teamsize|p2|4
|start
|switch|p1a: Gholdengo|Gholdengo, L50|100/100
|switch|p1b: Scovillain|Scovillain, L50, F|100/100
|switch|p2a: Malamar|Malamar, L50, F|100/100
|switch|p2b: Grimmsnarl|Grimmsnarl, L50, M|100/100
|turn|1
|
|t:|1784705542
|detailschange|p1b: Scovillain|Scovillain-Mega, L50, F
|-mega|p1b: Scovillain|Scovillain|Scovillainite
|detailschange|p2a: Malamar|Malamar-Mega, L50, F
|-mega|p2a: Malamar|Malamar|Malamarite
|move|p1b: Scovillain|Rage Powder|p1b: Scovillain
|-singleturn|p1b: Scovillain|move: Rage Powder
|move|p2b: Grimmsnarl|Fake Tears|p1b: Scovillain
|-unboost|p1b: Scovillain|spd|2
|move|p2a: Malamar|Superpower|p1b: Scovillain
|-damage|p1b: Scovillain|63/100
|-boost|p2a: Malamar|atk|1
|-boost|p2a: Malamar|def|1
|-status|p2a: Malamar|brn|[from] ability: Spicy Spray|[of] p1b: Scovillain
|move|p1a: Gholdengo|Nasty Plot|p1a: Gholdengo
|-boost|p1a: Gholdengo|spa|2
|
|-damage|p2a: Malamar|93/100 brn|[from] brn
|upkeep
|turn|2
|inactive|G3N13 has 30 seconds left.
|
|t:|1784705574
|move|p2a: Malamar|Protect|p2a: Malamar
|-singleturn|p2a: Malamar|Protect
|move|p1b: Scovillain|Rage Powder|p1b: Scovillain
|-singleturn|p1b: Scovillain|move: Rage Powder
|move|p2b: Grimmsnarl|Parting Shot|p1b: Scovillain
|-unboost|p1b: Scovillain|atk|1
|-unboost|p1b: Scovillain|spa|1
|
|t:|1784705583
|switch|p2b: Ceruledge|Ceruledge, L50, M|100/100|[from] Parting Shot
|move|p1a: Gholdengo|Make It Rain|p2b: Ceruledge|[spread] 
|-activate|p2a: Malamar|move: Protect
|-miss|p1a: Gholdengo|p2b: Ceruledge
|
|-damage|p2a: Malamar|87/100 brn|[from] brn
|upkeep
|turn|3
|
|t:|1784705603
|move|p2b: Ceruledge|Protect|p2b: Ceruledge
|-singleturn|p2b: Ceruledge|Protect
|move|p1b: Scovillain|Rage Powder|p1b: Scovillain
|-singleturn|p1b: Scovillain|move: Rage Powder
|move|p2a: Malamar|Superpower|p1b: Scovillain
|-damage|p1b: Scovillain|36/100
|-boost|p2a: Malamar|atk|1
|-boost|p2a: Malamar|def|1
|move|p1a: Gholdengo|Make It Rain|p2b: Ceruledge|[spread] p2a
|-activate|p2b: Ceruledge|move: Protect
|-damage|p2a: Malamar|0 fnt
|-unboost|p1a: Gholdengo|spa|2
|faint|p2a: Malamar
|-damage|p1a: Gholdengo|90/100|[from] item: Life Orb
|
|upkeep
|
|t:|1784705615
|switch|p2a: Sinistcha|Sinistcha, L50|100/100
|turn|4
|
|t:|1784705626
|move|p1b: Scovillain|Rage Powder|p1b: Scovillain
|-singleturn|p1b: Scovillain|move: Rage Powder
|move|p2a: Sinistcha|Rage Powder|p2a: Sinistcha
|-singleturn|p2a: Sinistcha|move: Rage Powder
|move|p2b: Ceruledge|Bitter Blade|p1b: Scovillain
|-damage|p1b: Scovillain|0 fnt
|-immune|p2b: Ceruledge
|faint|p1b: Scovillain
|move|p1a: Gholdengo|Shadow Ball|p2a: Sinistcha
|-supereffective|p2a: Sinistcha|1
|-damage|p2a: Sinistcha|0 fnt
|faint|p2a: Sinistcha
|-damage|p1a: Gholdengo|80/100|[from] item: Life Orb
|
|upkeep
|
|t:|1784705637
|switch|p1b: Garchomp|Garchomp, L50, M|100/100
|switch|p2a: Grimmsnarl|Grimmsnarl, L50, M|100/100
|turn|5
|
|t:|1784705645
|move|p1a: Gholdengo|Protect|p1a: Gholdengo
|-singleturn|p1a: Gholdengo|Protect
|move|p2b: Ceruledge|Shadow Sneak|p1a: Gholdengo
|-activate|p1a: Gholdengo|move: Protect
|move|p1b: Garchomp|Earthquake|p2b: Ceruledge|[spread] p2a,p2b
|-activate|p1a: Gholdengo|move: Protect
|-supereffective|p2b: Ceruledge|1
|-damage|p2a: Grimmsnarl|62/100
|-damage|p2b: Ceruledge|0 fnt
|faint|p2b: Ceruledge
|move|p2a: Grimmsnarl|Spirit Break|p1b: Garchomp
|-supereffective|p1b: Garchomp|1
|-damage|p1b: Garchomp|48/100
|-unboost|p1b: Garchomp|spa|1
|-damage|p2a: Grimmsnarl|50/100y|[from] ability: Rough Skin|[of] p1b: Garchomp
|
|upkeep
|turn|6
|-message|the doctor rock forfeited.
|raw|G3N13's rating: 1173 → 1197(+24 for winning)
|raw|the doctor rock's rating: 1153 → 1129(-24 for losing)
|
|win|G3N13
|l|☆the doctor rock
|player|p2|
