|j|☆Xeroxyx
|j|☆Baxter1357924680
|html|XeroxyxBaxter1357924680    
|uhtml|bestof|Game 1 of a best-of-3
|t:|1783371460
|gametype|doubles
|player|p1|Xeroxyx|hilbert|
|player|p2|Baxter1357924680|101|
|gen|9
|tier|[Gen 9 Champions] VGC 2026 Reg M-B (Bo3)
|rule|Species Clause: Limit one of each Pokémon
|rule|Item Clause: Limit 1 of each item
|clearpoke
|poke|p1|Gholdengo, L50|
|poke|p1|Incineroar, L50, F|
|poke|p1|Basculegion, L50, M|
|poke|p1|Garchomp, L50, M|
|poke|p1|Charizard, L50, M|
|poke|p1|Whimsicott, L50, M|
|poke|p2|Aegislash, L50, M, shiny|
|poke|p2|Lucario, L50, M, shiny|
|poke|p2|Dragonite, L50, M, shiny|
|poke|p2|Ditto, L50, shiny|
|poke|p2|Annihilape, L50, M, shiny|
|poke|p2|Greninja, L50, M, shiny|
|teampreview|4
|showteam|p1|Gholdengo||SpellTag|GoodasGold|MakeItRain,ShadowBall,NastyPlot,Protect|Modest|||||50|]Incineroar||SitrusBerry|Intimidate|PartingShot,FlareBlitz,ThroatChop,FakeOut|Impish||F|||50|]Basculegion||ChoiceScarf|Adaptability|WaveCrash,LastRespects,AquaJet,FlipTurn|Jolly||M|||50|]Garchomp||LifeOrb|RoughSkin|Earthquake,DragonClaw,RockSlide,Protect|Jolly||M|||50|]Charizard||CharizarditeY|Blaze|HeatWave,SolarBeam,WeatherBall,Protect|Modest||M|||50|]Whimsicott||FocusSash|Prankster|Tailwind,Encore,Moonblast,Protect|Timid||M|||50|
|showteam|p2|Aegislash||Leftovers|StanceChange|RockSlide,SacredSword,AirSlash,CloseCombat|Serious||M|||50|]Lucario||Lucarionite|InnerFocus|Agility,CrossChop,ThunderPunch,BlazeKick|Serious||M|||50|]Dragonite||Dragoninite|Multiscale|DracoMeteor,Flamethrower,Superpower,StoneEdge|Serious||M|||50|]Ditto||ExpertBelt|Imposter|Transform|Serious|||||50|]Annihilape||ChoiceScarf|VitalSpirit|BrickBreak,CloseCombat,CrossChop,RockSlide|Serious||M|||50|]Greninja||Greninjite|Protean|Liquidation,WaterShuriken,QuickAttack,FlipTurn|Serious||M|||50|
|c|☆Baxter1357924680|do u like my shiny team
|j| M00ncell
|
|t:|1783371521
|teamsize|p1|4
|teamsize|p2|4
|start
|switch|p1a: Incineroar|Incineroar, L50, F|100/100
|switch|p1b: Gholdengo|Gholdengo, L50|100/100
|switch|p2a: Dragonite|Dragonite, L50, M, shiny|100/100
|switch|p2b: Ditto|Ditto, L50, shiny|100/100
|-ability|p1a: Incineroar|Intimidate|boost
|-unboost|p2a: Dragonite|atk|1
|-unboost|p2b: Ditto|atk|1
|-transform|p2b: Ditto|p1a: Incineroar|[from] ability: Imposter
|-ability|p2b: Ditto|Intimidate|boost
|-unboost|p1a: Incineroar|atk|1
|-unboost|p1b: Gholdengo|atk|1
|turn|1
|c|☆Xeroxyx|yes, it feels very shiny B)
|
|t:|1783371557
|move|p1b: Gholdengo|Protect|p1b: Gholdengo
|-singleturn|p1b: Gholdengo|Protect
|move|p1a: Incineroar|Fake Out|p2a: Dragonite
|-damage|p2a: Dragonite|96/100
|cant|p2a: Dragonite|flinch
|move|p2b: Ditto|Flare Blitz|p1b: Gholdengo
|-activate|p1b: Gholdengo|move: Protect
|
|upkeep
|turn|2
|c|☆Baxter1357924680|btuh
|c|☆Baxter1357924680|i was sending both at gholdengo
|
|t:|1783371581
|switch|p1b: Charizard|Charizard, L50, M|100/100
|detailschange|p2a: Dragonite|Dragonite-Mega, L50, M, shiny
|-mega|p2a: Dragonite|Dragonite|Dragoninite
|move|p2a: Dragonite|Flamethrower|p1b: Charizard
|-resisted|p1b: Charizard|1
|-damage|p1b: Charizard|83/100
|move|p2b: Ditto|Flare Blitz|p1b: Charizard
|-resisted|p1b: Charizard|1
|-damage|p1b: Charizard|56/100
|-damage|p2b: Ditto|88/100|[from] Recoil
|move|p1a: Incineroar|Parting Shot|p2b: Ditto
|-unboost|p2b: Ditto|atk|1
|-unboost|p2b: Ditto|spa|1
|
|t:|1783371596
|switch|p1a: Whimsicott|Whimsicott, L50, M|100/100|[from] Parting Shot
|
|upkeep
|turn|3
|
|t:|1783371612
|detailschange|p1b: Charizard|Charizard-Mega-Y, L50, M
|-mega|p1b: Charizard|Charizard|Charizardite Y
|-weather|SunnyDay|[from] ability: Drought|[of] p1b: Charizard
|move|p1b: Charizard|Protect|p1b: Charizard
|-singleturn|p1b: Charizard|Protect
|move|p1a: Whimsicott|Tailwind|p1a: Whimsicott
|-sidestart|p1: Xeroxyx|move: Tailwind
|move|p2a: Dragonite|Flamethrower|p1a: Whimsicott
|-supereffective|p1a: Whimsicott|1
|-enditem|p1a: Whimsicott|Focus Sash
|-damage|p1a: Whimsicott|1/100
|move|p2b: Ditto|Flare Blitz|p1a: Whimsicott
|-supereffective|p1a: Whimsicott|1
|-damage|p1a: Whimsicott|0 fnt
|faint|p1a: Whimsicott
|-damage|p2b: Ditto|87/100|[from] Recoil
|
|-weather|SunnyDay|[upkeep]
|upkeep
|
|t:|1783371626
|switch|p1a: Incineroar|Incineroar, L50, F|100/100
|-ability|p1a: Incineroar|Intimidate|boost
|-unboost|p2a: Dragonite|atk|1
|-unboost|p2b: Ditto|atk|1
|turn|4
|
|t:|1783371661
|move|p1a: Incineroar|Fake Out|p2a: Dragonite
|-damage|p2a: Dragonite|86/100
|move|p1b: Charizard|Weather Ball|p2b: Ditto
|-resisted|p2b: Ditto|1
|-damage|p2b: Ditto|29/100
|cant|p2a: Dragonite|flinch
|move|p2b: Ditto|Parting Shot|p1b: Charizard
|-unboost|p1b: Charizard|atk|1
|-unboost|p1b: Charizard|spa|1
|
|t:|1783371675
|switch|p2b: Greninja|Greninja, L50, M, shiny|100/100|[from] Parting Shot
|
|-weather|SunnyDay|[upkeep]
|upkeep
|turn|5
|j| coggs's
|
|t:|1783371714
|move|p1b: Charizard|Solar Beam||[still]
|-prepare|p1b: Charizard|Solar Beam
|-anim|p1b: Charizard|Solar Beam|p2b: Greninja
|-supereffective|p2b: Greninja|1
|-damage|p2b: Greninja|16/100
|move|p1a: Incineroar|Flare Blitz|p2b: Greninja
|-resisted|p2b: Greninja|1
|-damage|p2b: Greninja|0 fnt
|faint|p2b: Greninja
|-damage|p1a: Incineroar|95/100|[from] Recoil
|move|p2a: Dragonite|Stone Edge|p1b: Charizard
|-supereffective|p1b: Charizard|2
|-damage|p1b: Charizard|0 fnt
|faint|p1b: Charizard
|
|-weather|SunnyDay|[upkeep]
|upkeep
|c|☆Baxter1357924680|what im glad about is that you don;t have any ice types
|c|☆Xeroxyx|i wish i did
|
|t:|1783371735
|switch|p2b: Annihilape|Annihilape, L50, M, shiny|100/100
|switch|p1b: Gholdengo|Gholdengo, L50|100/100
|turn|6
|
|t:|1783371757
|move|p1b: Gholdengo|Shadow Ball|p2b: Annihilape
|-supereffective|p2b: Annihilape|1
|-damage|p2b: Annihilape|4/100
|move|p2b: Annihilape|Close Combat|p1a: Incineroar
|-supereffective|p1a: Incineroar|1
|-damage|p1a: Incineroar|11/100
|-unboost|p2b: Annihilape|def|1
|-unboost|p2b: Annihilape|spd|1
|-enditem|p1a: Incineroar|Sitrus Berry|[eat]
|-heal|p1a: Incineroar|36/100|[from] item: Sitrus Berry
|move|p1a: Incineroar|Parting Shot|p2a: Dragonite
|-unboost|p2a: Dragonite|atk|1
|-unboost|p2a: Dragonite|spa|1
|move|p2a: Dragonite|Flamethrower|p1b: Gholdengo
|-supereffective|p1b: Gholdengo|1
|-damage|p1b: Gholdengo|27/100
|
|-weather|SunnyDay|[upkeep]
|-sideend|p1: Xeroxyx|move: Tailwind
|upkeep
|turn|7
|
|t:|1783371789
|move|p1b: Gholdengo|Protect|p1b: Gholdengo
|-singleturn|p1b: Gholdengo|Protect
|move|p2b: Annihilape|Close Combat|p1a: Incineroar
|-supereffective|p1a: Incineroar|1
|-damage|p1a: Incineroar|0 fnt
|-unboost|p2b: Annihilape|def|1
|-unboost|p2b: Annihilape|spd|1
|faint|p1a: Incineroar
|move|p2a: Dragonite|Flamethrower|p1b: Gholdengo
|-activate|p1b: Gholdengo|move: Protect
|
|-weather|none
|upkeep
|turn|8
|c|☆Xeroxyx|yeah this one's up
|c|☆Xeroxyx|ggwp
|c| coggs's|just crit
|c|☆Xeroxyx|ah yes
|c|☆Xeroxyx|let me just
|
|t:|1783371813
|move|p2b: Annihilape|Close Combat|p1b: Gholdengo
|-immune|p1b: Gholdengo
|move|p1b: Gholdengo|Make It Rain|p2b: Annihilape|[spread] p2a,p2b
|-damage|p2a: Dragonite|45/100
|-damage|p2b: Annihilape|0 fnt
|-unboost|p1b: Gholdengo|spa|2
|faint|p2b: Annihilape
|move|p2a: Dragonite|Flamethrower|p1b: Gholdengo
|-supereffective|p1b: Gholdengo|1
|-damage|p1b: Gholdengo|0 fnt
|faint|p1b: Gholdengo
|
|win|Baxter1357924680
|c|☆Xeroxyx|crit, while i'm being outsped
||Xeroxyx is ready for game 2.
|inactive|Baxter1357924680 has 30 seconds to confirm battle start!
