|j|☆moicito
|j|☆ThunDragon67
|html|moicitoThunDragon67    
|uhtml|bestof|Game 2 of a best-of-3
|t:|1756351797
|gametype|doubles
|player|p1|moicito|caitlin|1135
|player|p2|ThunDragon67|li|1072
|gen|9
|tier|[Gen 9] VGC 2025 Reg H (Bo3)
|rated|
|rule|Species Clause: Limit one of each Pokémon
|rule|Item Clause: Limit 1 of each item
|clearpoke
|poke|p1|Kingambit, L50, F|
|poke|p1|Rillaboom, L50, F|
|poke|p1|Magmar, L50, M|
|poke|p1|Primarina, L50, M|
|poke|p1|Sneasler, L50, F|
|poke|p1|Dragapult, L50, F|
|poke|p2|Whimsicott, L50, M|
|poke|p2|Dragapult, L50, M|
|poke|p2|Sneasler, L50, M|
|poke|p2|Indeedee, L50, M|
|poke|p2|Armarouge, L50, M|
|poke|p2|Malamar, L50, F|
|teampreview|4
|showteam|p1|Kingambit||BlackGlasses|Defiant|Protect,KowtowCleave,SuckerPunch,SwordsDance|||F|||50|,,,,,Ghost]Rillaboom||AssaultVest|GrassySurge|WoodHammer,GrassyGlide,HighHorsepower,FakeOut|||F|||50|,,,,,Fire]Magmar||Eviolite|VitalSpirit|Overheat,WillOWisp,FollowMe,Protect|||M|||50|,,,,,Ghost]Primarina||SitrusBerry|LiquidVoice|HyperVoice,Moonblast,Haze,Protect|||M|||50|,,,,,Water]Sneasler||FocusSash|PoisonTouch|CloseCombat,DireClaw,Coaching,FakeOut|||F|||50|,,,,,Stellar]Dragapult||ChoiceBand|ClearBody|DragonDarts,TeraBlast,PhantomForce,Uturn|||F|||50|,,,,,Ghost
|showteam|p2|Whimsicott||CovertCloak|Prankster|Tailwind,SunnyDay,Uturn,Protect|||M|||50|,,,,,Water]Dragapult||LifeOrb|ClearBody|DragonDarts,SuckerPunch,Protect,Uturn|||M|||50|,,,,,Dragon]Sneasler||PsychicSeed|Unburden|CloseCombat,Uturn,FakeOut,DireClaw|||M|||50|,,,,,Fighting]Indeedee||EjectButton|PsychicSurge|ExpandingForce,TrickRoom,DrainingKiss,Protect|||M|||50|,,,,,Fairy]Armarouge||SitrusBerry|FlashFire|ArmorCannon,ExpandingForce,ClearSmog,Protect|||M|||50|,,,,,Fire]Malamar||Leftovers|Contrary|TopsyTurvy,Superpower,KnockOff,Protect|||F|||50|,,,,,Ghost
|
|t:|1756351827
|teamsize|p1|4
|teamsize|p2|4
|start
|switch|p1a: Magmar|Magmar, L50, M|100/100
|switch|p1b: Kingii|Kingambit, L50, F, shiny|100/100
|switch|p2a: Indeedee|Indeedee, L50, M|100/100
|switch|p2b: Malamar|Malamar, L50, F|100/100
|-fieldstart|move: Psychic Terrain|[from] ability: Psychic Surge|[of] p2a: Indeedee
|turn|1
|
|t:|1756351872
|switch|p1a: Rilli|Rillaboom, L50, F, shiny|100/100
|-fieldstart|move: Grassy Terrain|[from] ability: Grassy Surge|[of] p1a: Rilli
|move|p2a: Indeedee|Protect|p2a: Indeedee
|-singleturn|p2a: Indeedee|Protect
|move|p1b: Kingii|Protect|p1b: Kingii
|-singleturn|p1b: Kingii|Protect
|move|p2b: Malamar|Superpower|p1a: Rilli
|-damage|p1a: Rilli|78/100
|-boost|p2b: Malamar|atk|1
|-boost|p2b: Malamar|def|1
|
|-heal|p1a: Rilli|84/100|[from] Grassy Terrain
|upkeep
|turn|2
|
|t:|1756351900
|switch|p2a: Armarouge|Armarouge, L50, M|100/100
|move|p1a: Rilli|Fake Out|p2b: Malamar
|-damage|p2b: Malamar|92/100
|cant|p2b: Malamar|flinch
|move|p1b: Kingii|Kowtow Cleave|p2b: Malamar
|-damage|p2b: Malamar|52/100
|
|-heal|p2b: Malamar|59/100|[from] Grassy Terrain
|-heal|p1a: Rilli|89/100|[from] Grassy Terrain
|-heal|p2b: Malamar|65/100|[from] item: Leftovers
|upkeep
|turn|3
|
|t:|1756351941
|switch|p1a: Magmar|Magmar, L50, M|100/100
|move|p2b: Malamar|Protect|p2b: Malamar
|-singleturn|p2b: Malamar|Protect
|move|p1b: Kingii|Protect|p1b: Kingii
|-singleturn|p1b: Kingii|Protect
|move|p2a: Armarouge|Armor Cannon|p1b: Kingii
|-activate|p1b: Kingii|move: Protect
|
|-heal|p2b: Malamar|71/100|[from] Grassy Terrain
|-heal|p2b: Malamar|77/100|[from] item: Leftovers
|upkeep
|turn|4
|
|t:|1756351971
|move|p1a: Magmar|Follow Me|p1a: Magmar
|-singleturn|p1a: Magmar|move: Follow Me
|move|p2b: Malamar|Superpower|p1a: Magmar
|-damage|p1a: Magmar|74/100
|-boost|p2b: Malamar|atk|1
|-boost|p2b: Malamar|def|1
|move|p2a: Armarouge|Expanding Force|p1a: Magmar
|-damage|p1a: Magmar|44/100
|move|p1b: Kingii|Kowtow Cleave|p2a: Armarouge
|-supereffective|p2a: Armarouge
|-damage|p2a: Armarouge|4/100
|-enditem|p2a: Armarouge|Sitrus Berry|[eat]
|-heal|p2a: Armarouge|29/100|[from] item: Sitrus Berry
|
|-heal|p1a: Magmar|49/100|[from] Grassy Terrain
|-heal|p2b: Malamar|83/100|[from] Grassy Terrain
|-heal|p2b: Malamar|90/100|[from] item: Leftovers
|-heal|p2a: Armarouge|35/100|[from] Grassy Terrain
|upkeep
|turn|5
|
|t:|1756352026
|-terastallize|p1b: Kingii|Ghost
|move|p1a: Magmar|Protect|p1a: Magmar
|-singleturn|p1a: Magmar|Protect
|move|p2a: Armarouge|Protect|p2a: Armarouge
|-singleturn|p2a: Armarouge|Protect
|move|p2b: Malamar|Knock Off|p1a: Magmar
|-activate|p1a: Magmar|move: Protect
|move|p1b: Kingii|Kowtow Cleave|p2a: Armarouge
|-activate|p2a: Armarouge|move: Protect
|
|-heal|p1a: Magmar|55/100|[from] Grassy Terrain
|-heal|p2b: Malamar|96/100|[from] Grassy Terrain
|-heal|p2b: Malamar|100/100|[from] item: Leftovers
|-heal|p2a: Armarouge|41/100|[from] Grassy Terrain
|-fieldend|move: Grassy Terrain
|upkeep
|turn|6
|
|t:|1756352061
|switch|p1a: Rilli|Rillaboom, L50, F, shiny|89/100
|-fieldstart|move: Grassy Terrain|[from] ability: Grassy Surge|[of] p1a: Rilli
|switch|p2a: Sneasler|Sneasler, L50, M|100/100
|move|p1b: Kingii|Sucker Punch||[still]
|-fail|p1b: Kingii
|move|p2b: Malamar|Superpower|p1a: Rilli
|-damage|p1a: Rilli|43/100
|-boost|p2b: Malamar|atk|1
|-boost|p2b: Malamar|def|1
|
|-heal|p1a: Rilli|49/100|[from] Grassy Terrain
|upkeep
|turn|7
|
|t:|1756352110
|switch|p1a: Magmar|Magmar, L50, M|55/100
|move|p2a: Sneasler|Fake Out|p1a: Magmar
|-damage|p1a: Magmar|45/100
|move|p2b: Malamar|Knock Off|p1b: Kingii
|-supereffective|p1b: Kingii
|-damage|p1b: Kingii|0 fnt
|-enditem|p1b: Kingii|Black Glasses|[from] move: Knock Off|[of] p2b: Malamar
|faint|p1b: Kingii
|
|-heal|p1a: Magmar|51/100|[from] Grassy Terrain
|upkeep
|
|t:|1756352122
|switch|p1b: Dragapult|Dragapult, L50, F|100/100
|turn|8
|
|t:|1756352160
|move|p1b: Dragapult|U-turn|p2b: Malamar
|-supereffective|p2b: Malamar
|-damage|p2b: Malamar|49/100
|
|t:|1756352163
|switch|p1b: Rilli|Rillaboom, L50, F, shiny|49/100|[from] U-turn
|move|p2a: Sneasler|Dire Claw|p1a: Magmar
|-damage|p1a: Magmar|23/100
|move|p1a: Magmar|Overheat|p2b: Malamar
|-damage|p2b: Malamar|7/100
|-unboost|p1a: Magmar|spa|2
|move|p2b: Malamar|Superpower|p1b: Rilli
|-crit|p1b: Rilli
|-damage|p1b: Rilli|0 fnt
|-boost|p2b: Malamar|atk|1
|-boost|p2b: Malamar|def|1
|faint|p1b: Rilli
|
|-heal|p1a: Magmar|29/100|[from] Grassy Terrain
|-heal|p2b: Malamar|13/100|[from] Grassy Terrain
|-heal|p2b: Malamar|19/100|[from] item: Leftovers
|upkeep
|
|t:|1756352180
|switch|p1b: Dragapult|Dragapult, L50, F|100/100
|turn|9
|
|t:|1756352192
|move|p2b: Malamar|Protect|p2b: Malamar
|-singleturn|p2b: Malamar|Protect
|move|p1a: Magmar|Follow Me|p1a: Magmar
|-singleturn|p1a: Magmar|move: Follow Me
|move|p1b: Dragapult|Dragon Darts|p2a: Sneasler
|-damage|p2a: Sneasler|47/100
|-anim|p1b: Dragapult|Dragon Darts|p2a: Sneasler
|-damage|p2a: Sneasler|0 fnt
|faint|p2a: Sneasler
|
|-heal|p1a: Magmar|35/100|[from] Grassy Terrain
|-heal|p2b: Malamar|25/100|[from] Grassy Terrain
|-heal|p2b: Malamar|32/100|[from] item: Leftovers
|upkeep
|
|t:|1756352205
|switch|p2a: Indeedee|Indeedee, L50, M|100/100
|-fieldstart|move: Psychic Terrain|[from] ability: Psychic Surge|[of] p2a: Indeedee
|turn|10
|
|t:|1756352224
|-terastallize|p2a: Indeedee|Fairy
|move|p2b: Malamar|Protect|p2b: Malamar
|-singleturn|p2b: Malamar|Protect
|move|p1a: Magmar|Follow Me|p1a: Magmar
|-singleturn|p1a: Magmar|move: Follow Me
|move|p1b: Dragapult|Dragon Darts|p2a: Indeedee
|-immune|p2a: Indeedee
|move|p2a: Indeedee|Expanding Force|p1a: Magmar|[spread] p1a,p1b
|-damage|p1a: Magmar|0 fnt
|-damage|p1b: Dragapult|34/100
|faint|p1a: Magmar
|
|-heal|p2b: Malamar|38/100|[from] item: Leftovers
|upkeep
|turn|11
|
|t:|1756352246
|move|p1b: Dragapult|Dragon Darts|p2b: Malamar
|-damage|p2b: Malamar|25/100
|-anim|p1b: Dragapult|Dragon Darts|p2b: Malamar
|-damage|p2b: Malamar|13/100
|move|p2b: Malamar|Knock Off|p1b: Dragapult
|-supereffective|p1b: Dragapult
|-damage|p1b: Dragapult|0 fnt
|-enditem|p1b: Dragapult|Choice Band|[from] move: Knock Off|[of] p2b: Malamar
|faint|p1b: Dragapult
|
|win|ThunDragon67
||moicito is ready for game 3.
||ThunDragon67 is ready for game 3.
|uhtml|next|Next: Game 3 of 3
|l|☆ThunDragon67
|player|p2|
