|j|☆KatakuriGOD
|j|☆don zaloog is real
|html|KatakuriGODdon zaloog is real    
|uhtml|bestof|Game 2 of a best-of-3
|t:|1756152243
|gametype|doubles
|player|p1|KatakuriGOD|102|1287
|player|p2|don zaloog is real|collector|1340
|gen|9
|tier|[Gen 9] VGC 2025 Reg H (Bo3)
|rated|
|rule|Species Clause: Limit one of each Pokémon
|rule|Item Clause: Limit 1 of each item
|clearpoke
|poke|p1|Dragapult, L50, F|
|poke|p1|Sneasler, L50, M|
|poke|p1|Magmar, L50, F|
|poke|p1|Rillaboom, L50, M|
|poke|p1|Kingambit, L50, M|
|poke|p1|Primarina, L50, F|
|poke|p2|Rillaboom, L50, M|
|poke|p2|Volcarona, L50, F|
|poke|p2|Kingambit, L50, M|
|poke|p2|Ninetales-Alola, L50, F|
|poke|p2|Basculegion, L50, M|
|poke|p2|Electabuzz, L50, M|
|teampreview|4
|showteam|p1|Dragapult||ChoiceBand|ClearBody|DragonDarts,TeraBlast,Uturn,PhantomForce|||F|||50|,,,,,Ghost]Sneasler||FocusSash|PoisonTouch|FakeOut,CloseCombat,DireClaw,Protect|||M|||50|,,,,,Stellar]Magmar||Eviolite|VitalSpirit|FollowMe,WillOWisp,Overheat,Protect|||F|||50|,,,,,Ghost]Rillaboom||AssaultVest|GrassySurge|FakeOut,WoodHammer,GrassyGlide,HighHorsepower|||M|||50|,,,,,Fire]Kingambit||BlackGlasses|Defiant|KowtowCleave,SuckerPunch,SwordsDance,Protect|||M|||50|,,,,,Ghost]Primarina||SitrusBerry|LiquidVoice|HyperVoice,Moonblast,Haze,Protect|||F|||50|,,,,,Poison
|showteam|p2|Rillaboom||AssaultVest|GrassySurge|WoodHammer,GrassyGlide,HighHorsepower,FakeOut|||M|||50|,,,,,Fire]Volcarona||GrassySeed|FlameBody|HeatWave,GigaDrain,QuiverDance,Protect|||F|||50|,,,,,Grass]Kingambit||SafetyGoggles|Defiant|KowtowCleave,SuckerPunch,SwordsDance,Protect|||M|||50|,,,,,Dark]Ninetales-Alola||FocusSash|SnowWarning|Blizzard,Encore,Disable,Protect|||F|||50|,,,,,Ghost]Basculegion||ChoiceScarf|Adaptability|WaveCrash,LastRespects,FlipTurn,AquaJet|||M|||50|,,,,,Dragon]Electabuzz||Eviolite|VitalSpirit|Thunderbolt,FollowMe,Taunt,HelpingHand|||M|||50|,,,,,Fairy
|inactive|Battle timer is ON: inactive players will automatically lose when time's up. (requested by KatakuriGOD)
|
|t:|1756152270
|teamsize|p1|4
|teamsize|p2|4
|start
|switch|p1a: Sneasler|Sneasler, L50, M|100/100
|switch|p1b: Dragapult|Dragapult, L50, F|100/100
|switch|p2a: Basculegion|Basculegion, L50, M|100/100
|switch|p2b: Electabuzz|Electabuzz, L50, M|100/100
|turn|1
|inactive|don zaloog is real has 30 seconds left.
|inactive|don zaloog is real has 20 seconds left.
|
|t:|1756152308
|-terastallize|p1b: Dragapult|Ghost
|move|p1a: Sneasler|Fake Out|p2b: Electabuzz
|-damage|p2b: Electabuzz|88/100
|move|p1b: Dragapult|Tera Blast|p2a: Basculegion|[anim] Tera Blast Ghost
|-supereffective|p2a: Basculegion
|-damage|p2a: Basculegion|0 fnt
|faint|p2a: Basculegion
|cant|p2b: Electabuzz|flinch
|
|upkeep
|
|t:|1756152318
|switch|p2a: Kingambit|Kingambit, L50, M|100/100
|turn|2
|
|t:|1756152328
|switch|p1b: Primarina|Primarina, L50, F|100/100
|-terastallize|p2a: Kingambit|Dark
|move|p2b: Electabuzz|Follow Me|p2b: Electabuzz
|-singleturn|p2b: Electabuzz|move: Follow Me
|move|p1a: Sneasler|Close Combat|p2b: Electabuzz
|-damage|p2b: Electabuzz|39/100
|-unboost|p1a: Sneasler|def|1
|-unboost|p1a: Sneasler|spd|1
|move|p2a: Kingambit|Kowtow Cleave|p1b: Primarina
|-resisted|p1b: Primarina
|-damage|p1b: Primarina|66/100
|
|upkeep
|turn|3
|
|t:|1756152342
|move|p2a: Kingambit|Sucker Punch|p1a: Sneasler
|-resisted|p1a: Sneasler
|-damage|p1a: Sneasler|27/100
|move|p1a: Sneasler|Dire Claw|p2b: Electabuzz
|-damage|p2b: Electabuzz|3/100
|-status|p2b: Electabuzz|psn
|move|p2b: Electabuzz|Thunderbolt|p1b: Primarina
|-supereffective|p1b: Primarina
|-damage|p1b: Primarina|15/100
|-enditem|p1b: Primarina|Sitrus Berry|[eat]
|-heal|p1b: Primarina|40/100|[from] item: Sitrus Berry
|move|p1b: Primarina|Moonblast|p2a: Kingambit
|-supereffective|p2a: Kingambit
|-damage|p2a: Kingambit|13/100
|-unboost|p2a: Kingambit|spa|1
|-ability|p2a: Kingambit|Defiant|boost
|-boost|p2a: Kingambit|atk|2
|
|-damage|p2b: Electabuzz|0 fnt|[from] psn
|faint|p2b: Electabuzz
|upkeep
|
|t:|1756152352
|switch|p2b: Volcarona|Volcarona, L50, F|100/100
|turn|4
|
|t:|1756152375
|move|p1a: Sneasler|Protect|p1a: Sneasler
|-singleturn|p1a: Sneasler|Protect
|move|p2a: Kingambit|Protect|p2a: Kingambit
|-singleturn|p2a: Kingambit|Protect
|move|p2b: Volcarona|Quiver Dance|p2b: Volcarona
|-boost|p2b: Volcarona|spa|1
|-boost|p2b: Volcarona|spd|1
|-boost|p2b: Volcarona|spe|1
|move|p1b: Primarina|Hyper Voice|p2a: Kingambit|[spread] p2b
|-activate|p2a: Kingambit|move: Protect
|-supereffective|p2b: Volcarona
|-damage|p2b: Volcarona|58/100
|
|upkeep
|turn|5
|
|t:|1756152394
|move|p1a: Sneasler|Protect||[still]
|-fail|p1a: Sneasler
|move|p2a: Kingambit|Sucker Punch|p1b: Primarina
|-resisted|p1b: Primarina
|-damage|p1b: Primarina|0 fnt
|faint|p1b: Primarina
|move|p2b: Volcarona|Giga Drain|p1a: Sneasler
|-resisted|p1a: Sneasler
|-crit|p1a: Sneasler
|-damage|p1a: Sneasler|0 fnt
|-heal|p2b: Volcarona|69/100|[from] drain|[of] p1a: Sneasler
|faint|p1a: Sneasler
|
|upkeep
|
|t:|1756152397
|switch|p1a: Dragapult|Dragapult, L50, F, tera:Ghost|100/100
|switch|p1b: Rillaboom|Rillaboom, L50, M|100/100
|-fieldstart|move: Grassy Terrain|[from] ability: Grassy Surge|[of] p1b: Rillaboom
|-enditem|p2b: Volcarona|Grassy Seed
|-boost|p2b: Volcarona|def|1|[from] item: Grassy Seed
|turn|6
|
|t:|1756152412
|move|p2b: Volcarona|Protect|p2b: Volcarona
|-singleturn|p2b: Volcarona|Protect
|move|p2a: Kingambit|Protect|p2a: Kingambit
|-singleturn|p2a: Kingambit|Protect
|move|p1b: Rillaboom|Fake Out|p2a: Kingambit
|-activate|p2a: Kingambit|move: Protect
|move|p1a: Dragapult|Tera Blast|p2b: Volcarona|[anim] Tera Blast Ghost
|-activate|p2b: Volcarona|move: Protect
|
|-heal|p2b: Volcarona|75/100|[from] Grassy Terrain
|-heal|p2a: Kingambit|18/100|[from] Grassy Terrain
|upkeep
|turn|7
|
|t:|1756152429
|move|p1b: Rillaboom|Grassy Glide|p2a: Kingambit
|-damage|p2a: Kingambit|0 fnt
|faint|p2a: Kingambit
|move|p1a: Dragapult|Tera Blast|p2b: Volcarona|[anim] Tera Blast Ghost
|-damage|p2b: Volcarona|26/100
|move|p2b: Volcarona|Heat Wave|p1a: Dragapult|[spread] p1a,p1b
|-supereffective|p1b: Rillaboom
|-damage|p1a: Dragapult|33/100
|-damage|p1b: Rillaboom|16/100
|
|-heal|p1a: Dragapult|39/100|[from] Grassy Terrain
|-heal|p2b: Volcarona|32/100|[from] Grassy Terrain
|-heal|p1b: Rillaboom|22/100|[from] Grassy Terrain
|upkeep
|turn|8
|
|t:|1756152441
|move|p2b: Volcarona|Protect|p2b: Volcarona
|-singleturn|p2b: Volcarona|Protect
|move|p1b: Rillaboom|Grassy Glide|p2b: Volcarona
|-activate|p2b: Volcarona|move: Protect
|move|p1a: Dragapult|Tera Blast|p2b: Volcarona|[anim] Tera Blast Ghost
|-activate|p2b: Volcarona|move: Protect
|
|-heal|p1a: Dragapult|45/100|[from] Grassy Terrain
|-heal|p2b: Volcarona|38/100|[from] Grassy Terrain
|-heal|p1b: Rillaboom|28/100|[from] Grassy Terrain
|upkeep
|turn|9
|
|t:|1756152449
|move|p2b: Volcarona|Protect||[still]
|-fail|p2b: Volcarona
|move|p1a: Dragapult|Tera Blast|p2b: Volcarona|[anim] Tera Blast Ghost
|-damage|p2b: Volcarona|0 fnt
|faint|p2b: Volcarona
|
|win|KatakuriGOD
||don zaloog is real is ready for game 3.
||KatakuriGOD is ready for game 3.
|uhtml|next|Next: Game 3 of 3
