|j|☆KodeBeast0526
|j|☆breloomb01
|html|KodeBeast0526breloomb01    
|uhtml|bestof|Game 1 of a best-of-3
|t:|1784041330
|gametype|doubles
|player|p1|KodeBeast0526|hiker|1148
|player|p2|breloomb01|roughneck|1234
|gen|9
|tier|[Gen 9 Champions] VGC 2026 Reg M-B (Bo3)
|rated|
|rule|Species Clause: Limit one of each Pokémon
|rule|Item Clause: Limit 1 of each item
|clearpoke
|poke|p1|Aerodactyl, L50, M|
|poke|p1|Kingambit, L50, M|
|poke|p1|Sylveon, L50, M|
|poke|p1|Garchomp, L50, M|
|poke|p1|Charizard, L50, M|
|poke|p1|Incineroar, L50, M|
|poke|p2|Gengar, L50, F, shiny|
|poke|p2|Swampert, L50, M, shiny|
|poke|p2|Incineroar, L50, M, shiny|
|poke|p2|Politoed, L50, F, shiny|
|poke|p2|Archaludon, L50, F, shiny|
|poke|p2|Vivillon-Polar, L50, M|
|teampreview|4
|showteam|p1|Aerodactyl||Aerodactylite|Unnerve|RockSlide,IceFang,Tailwind,WideGuard|Jolly||M|||50|]Kingambit||FocusSash|Defiant|KowtowCleave,SuckerPunch,IronHead,Protect|Adamant||M|||50|]Sylveon||FairyFeather|Pixilate|Detect,HyperVoice,HyperBeam,QuickAttack|Modest||M|||50|]Garchomp||LifeOrb|RoughSkin|Earthquake,DragonClaw,StompingTantrum,Protect|Jolly||M|||50|]Charizard||CharizarditeY|Blaze|Protect,HeatWave,SolarBeam,WeatherBall|Modest||M|||50|]Incineroar||SitrusBerry|Intimidate|DarkestLariat,FlareBlitz,FakeOut,PartingShot|Impish||M|||50|
|showteam|p2|Gengar||Gengarite|CursedBody|ShadowBall,PerishSong,SludgeBomb,Protect|Timid||F|||50|]Swampert||Swampertite|Torrent|WaveCrash,Earthquake,IcePunch,Protect|Adamant||M|||50|]Incineroar||PasshoBerry|Intimidate|ThroatChop,PartingShot,FakeOut,Protect|Sassy||M|||50|]Politoed||SitrusBerry|Drizzle|WeatherBall,PerishSong,Encore,Protect|Calm||F|||50|]Archaludon||Leftovers|Stamina|DragonPulse,FlashCannon,ElectroShot,Protect|Bold||F|||50|]Vivillon-Polar||FocusSash|CompoundEyes|Hurricane,SleepPowder,RagePowder,Protect|Timid||M|||50|
|c|☆KodeBeast0526|Hey breloom
|
|t:|1784041378
|teamsize|p1|4
|teamsize|p2|4
|start
|switch|p1a: Kingambit|Kingambit, L50, M|100/100
|switch|p1b: Incineroar|Incineroar, L50, M|100/100
|switch|p2a: Incineroar|Incineroar, L50, M, shiny|100/100
|switch|p2b: Gengar|Gengar, L50, F, shiny|100/100
|-ability|p1b: Incineroar|Intimidate|boost
|-unboost|p2a: Incineroar|atk|1
|-unboost|p2b: Gengar|atk|1
|-ability|p2a: Incineroar|Intimidate|boost
|-unboost|p1a: Kingambit|atk|1
|-ability|p1a: Kingambit|Defiant|boost
|-boost|p1a: Kingambit|atk|2
|-unboost|p1b: Incineroar|atk|1
|turn|1
|
|t:|1784041406
|switch|p2a: Vivillon|Vivillon-Polar, L50, M|100/100
|detailschange|p2b: Gengar|Gengar-Mega, L50, F, shiny
|-mega|p2b: Gengar|Gengar|Gengarite
|move|p2b: Gengar|Protect|p2b: Gengar
|-singleturn|p2b: Gengar|Protect
|move|p1b: Incineroar|Fake Out|p2a: Vivillon
|-damage|p2a: Vivillon|86/100
|move|p1a: Kingambit|Kowtow Cleave|p2b: Gengar
|-activate|p2b: Gengar|move: Protect
|
|upkeep
|turn|2
|
|t:|1784041423
|move|p1a: Kingambit|Protect|p1a: Kingambit
|-singleturn|p1a: Kingambit|Protect
|move|p2b: Gengar|Perish Song|p2b: Gengar
|-start|p1a: Kingambit|perish3|[silent]
|-start|p1b: Incineroar|perish3|[silent]
|-start|p2a: Vivillon|perish3|[silent]
|-start|p2b: Gengar|perish3|[silent]
|-fieldactivate|move: Perish Song
|move|p2a: Vivillon|Sleep Powder|p1a: Kingambit
|-activate|p1a: Kingambit|move: Protect
|move|p1b: Incineroar|Flare Blitz|p2a: Vivillon
|-supereffective|p2a: Vivillon|1
|-damage|p2a: Vivillon|0 fnt
|faint|p2a: Vivillon
|-damage|p1b: Incineroar|77/100|[from] Recoil
|
|-start|p2b: Gengar|perish3
|-start|p1a: Kingambit|perish3
|-start|p1b: Incineroar|perish3
|upkeep
|c|☆breloomb01|Wassup
|
|t:|1784041434
|switch|p2a: Incineroar|Incineroar, L50, M, shiny|100/100
|-ability|p2a: Incineroar|Intimidate|boost
|-unboost|p1a: Kingambit|atk|1
|-ability|p1a: Kingambit|Defiant|boost
|-boost|p1a: Kingambit|atk|2
|-unboost|p1b: Incineroar|atk|1
|turn|3
|
|t:|1784041443
|switch|p2b: Politoed|Politoed, L50, F, shiny|100/100
|-weather|RainDance|[from] ability: Drizzle|[of] p2b: Politoed
|move|p1a: Kingambit|Protect||[still]
|-fail|p1a: Kingambit
|move|p1b: Incineroar|Parting Shot|p2b: Politoed
|-unboost|p2b: Politoed|atk|1
|-unboost|p2b: Politoed|spa|1
|
|t:|1784041453
|switch|p1b: Garchomp|Garchomp, L50, M|100/100|[from] Parting Shot
|move|p2a: Incineroar|Parting Shot|p1b: Garchomp
|-unboost|p1b: Garchomp|atk|1
|-unboost|p1b: Garchomp|spa|1
|
|t:|1784041455
|switch|p2a: Gengar|Gengar-Mega, L50, F, shiny|100/100|[from] Parting Shot
|
|-weather|RainDance|[upkeep]
|-start|p1a: Kingambit|perish2
|upkeep
|turn|4
|
|t:|1784041472
|switch|p2b: Incineroar|Incineroar, L50, M, shiny|100/100
|-ability|p2b: Incineroar|Intimidate|boost
|-unboost|p1a: Kingambit|atk|1
|-ability|p1a: Kingambit|Defiant|boost
|-boost|p1a: Kingambit|atk|2
|-unboost|p1b: Garchomp|atk|1
|move|p2a: Gengar|Protect|p2a: Gengar
|-singleturn|p2a: Gengar|Protect
|move|p1b: Garchomp|Stomping Tantrum|p2a: Gengar
|-activate|p2a: Gengar|move: Protect
|move|p1a: Kingambit|Kowtow Cleave|p2a: Gengar
|-activate|p2a: Gengar|move: Protect
|
|-weather|RainDance|[upkeep]
|-start|p1a: Kingambit|perish1
|upkeep
|turn|5
|
|t:|1784041487
|move|p2b: Incineroar|Fake Out|p1a: Kingambit
|-resisted|p1a: Kingambit|1
|-damage|p1a: Kingambit|95/100
|move|p2a: Gengar|Perish Song|p2a: Gengar
|-start|p1b: Garchomp|perish3|[silent]
|-start|p2a: Gengar|perish3|[silent]
|-start|p2b: Incineroar|perish3|[silent]
|-fieldactivate|move: Perish Song
|move|p1b: Garchomp|Earthquake|p2b: Incineroar|[spread] p1a,p2a,p2b
|-supereffective|p1a: Kingambit|1
|-supereffective|p2a: Gengar|1
|-supereffective|p2b: Incineroar|1
|-damage|p1a: Kingambit|54/100
|-damage|p2a: Gengar|43/100
|-damage|p2b: Incineroar|56/100
|-damage|p1b: Garchomp|90/100|[from] item: Life Orb
|cant|p1a: Kingambit|flinch
|
|-weather|RainDance|[upkeep]
|-start|p2a: Gengar|perish3
|-start|p1b: Garchomp|perish3
|-start|p1a: Kingambit|perish0
|-start|p2b: Incineroar|perish3
|faint|p1a: Kingambit
|upkeep
|
|t:|1784041501
|switch|p1a: Incineroar|Incineroar, L50, M|77/100
|-ability|p1a: Incineroar|Intimidate|boost
|-unboost|p2a: Gengar|atk|1
|-unboost|p2b: Incineroar|atk|1
|turn|6
|
|t:|1784041513
|move|p2a: Gengar|Protect|p2a: Gengar
|-singleturn|p2a: Gengar|Protect
|move|p2b: Incineroar|Protect|p2b: Incineroar
|-singleturn|p2b: Incineroar|Protect
|move|p1a: Incineroar|Fake Out|p2b: Incineroar
|-activate|p2b: Incineroar|move: Protect
|move|p1b: Garchomp|Stomping Tantrum|p2a: Gengar
|-activate|p2a: Gengar|move: Protect
|
|-weather|RainDance|[upkeep]
|-start|p2a: Gengar|perish2
|-start|p1b: Garchomp|perish2
|-start|p2b: Incineroar|perish2
|upkeep
|turn|7
|
|t:|1784041522
|switch|p2a: Politoed|Politoed, L50, F, shiny|100/100
|move|p1b: Garchomp|Protect|p1b: Garchomp
|-singleturn|p1b: Garchomp|Protect
|move|p1a: Incineroar|Parting Shot|p2a: Politoed
|-unboost|p2a: Politoed|atk|1
|-unboost|p2a: Politoed|spa|1
|
|t:|1784041526
|switch|p1a: Charizard|Charizard, L50, M|100/100|[from] Parting Shot
|move|p2b: Incineroar|Parting Shot|p1a: Charizard
|-unboost|p1a: Charizard|atk|1
|-unboost|p1a: Charizard|spa|1
|
|t:|1784041532
|switch|p2b: Gengar|Gengar-Mega, L50, F, shiny|43/100|[from] Parting Shot
|
|-weather|none
|-start|p1b: Garchomp|perish1
|upkeep
|turn|8
|
|t:|1784041541
|switch|p2a: Incineroar|Incineroar, L50, M, shiny|56/100
|-ability|p2a: Incineroar|Intimidate|boost
|-unboost|p1a: Charizard|atk|1
|-unboost|p1b: Garchomp|atk|1
|detailschange|p1a: Charizard|Charizard-Mega-Y, L50, M
|-mega|p1a: Charizard|Charizard|Charizardite Y
|-weather|SunnyDay|[from] ability: Drought|[of] p1a: Charizard
|move|p2b: Gengar|Protect|p2b: Gengar
|-singleturn|p2b: Gengar|Protect
|move|p1b: Garchomp|Earthquake|p2b: Gengar|[spread] p2a
|-activate|p2b: Gengar|move: Protect
|-immune|p1a: Charizard
|-supereffective|p2a: Incineroar|1
|-damage|p2a: Incineroar|24/100
|-damage|p1b: Garchomp|80/100|[from] item: Life Orb
|move|p1a: Charizard|Heat Wave|p2a: Incineroar|[spread] 
|-activate|p2b: Gengar|move: Protect
|-miss|p1a: Charizard|p2a: Incineroar
|
|-weather|SunnyDay|[upkeep]
|-start|p1b: Garchomp|perish0
|faint|p1b: Garchomp
|upkeep
|
|t:|1784041560
|switch|p1b: Incineroar|Incineroar, L50, M|77/100
|-ability|p1b: Incineroar|Intimidate|boost
|-unboost|p2a: Incineroar|atk|1
|-unboost|p2b: Gengar|atk|1
|turn|9
|
|t:|1784041574
|switch|p2a: Politoed|Politoed, L50, F, shiny|100/100
|-weather|RainDance|[from] ability: Drizzle|[of] p2a: Politoed
|move|p2b: Gengar|Protect||[still]
|-fail|p2b: Gengar
|move|p1b: Incineroar|Fake Out|p2a: Politoed
|-damage|p2a: Politoed|90/100
|move|p1a: Charizard|Heat Wave|p2a: Politoed|[spread] p2a,p2b
|-resisted|p2a: Politoed|1
|-damage|p2a: Politoed|85/100
|-damage|p2b: Gengar|29/100
|-status|p2b: Gengar|brn
|
|-weather|RainDance|[upkeep]
|-damage|p2b: Gengar|23/100 brn|[from] brn
|upkeep
|turn|10
|
|t:|1784041584
|move|p2b: Gengar|Sludge Bomb|p1b: Incineroar
|-damage|p1b: Incineroar|34/100
|-enditem|p1b: Incineroar|Sitrus Berry|[eat]
|-heal|p1b: Incineroar|58/100|[from] item: Sitrus Berry
|move|p1a: Charizard|Solar Beam||[still]
|-prepare|p1a: Charizard|Solar Beam
|move|p2a: Politoed|Weather Ball|p1b: Incineroar
|-supereffective|p1b: Incineroar|1
|-damage|p1b: Incineroar|0 fnt
|faint|p1b: Incineroar
|
|-weather|RainDance|[upkeep]
|-damage|p2b: Gengar|17/100 brn|[from] brn
|upkeep
|turn|11
|
|t:|1784041593
|move|p2b: Gengar|Sludge Bomb|p1a: Charizard
|-damage|p1a: Charizard|58/100
|move|p1a: Charizard|Solar Beam|p2a: Politoed|[from] lockedmove
|-supereffective|p2a: Politoed|1
|-damage|p2a: Politoed|61/100
|move|p2a: Politoed|Weather Ball|p1a: Charizard
|-supereffective|p1a: Charizard|1
|-damage|p1a: Charizard|0 fnt
|faint|p1a: Charizard
|
|win|breloomb01
