|j|☆jomivgc
|j|☆LunarMageMystia
|html|jomivgcLunarMageMystia    
|uhtml|bestof|Game 3 of a best-of-3
|t:|1784597117
|gametype|doubles
|player|p1|jomivgc|falkner-gen2|1214
|player|p2|LunarMageMystia|rosa|1209
|gen|9
|tier|[Gen 9 Champions] VGC 2026 Reg M-B (Bo3)
|rated|
|rule|Species Clause: Limit one of each Pokémon
|rule|Item Clause: Limit 1 of each item
|clearpoke
|poke|p1|Aerodactyl, L50, M|
|poke|p1|Charizard, L50, M|
|poke|p1|Incineroar, L50, M|
|poke|p1|Kingambit, L50, F|
|poke|p1|Sylveon, L50, M|
|poke|p1|Garchomp, L50, M|
|poke|p2|Metagross, L50|
|poke|p2|Venusaur, L50, F|
|poke|p2|Pelipper, L50, F|
|poke|p2|Grimmsnarl, L50, M|
|poke|p2|Archaludon, L50, F|
|poke|p2|Basculegion, L50, M|
|teampreview|4
|showteam|p1|Aerodactyl||Aerodactylite|Unnerve|RockSlide,DualWingbeat,WideGuard,Tailwind|Jolly||M|||50|]Charizard||CharizarditeY|Blaze|HeatWave,WeatherBall,SolarBeam,Protect|Modest||M|||50|]Incineroar||SitrusBerry|Intimidate|FlareBlitz,DarkestLariat,FakeOut,PartingShot|Impish||M|||50|]Kingambit||FocusSash|Defiant|KowtowCleave,IronHead,SuckerPunch,LowKick|Adamant||F|||50|]Sylveon||FairyFeather|Pixilate|HyperVoice,HyperBeam,QuickAttack,Detect|Modest||M|||50|]Garchomp||LifeOrb|RoughSkin|Earthquake,DragonClaw,RockSlide,Protect|Jolly||M|||50|
|showteam|p2|Metagross||Metagrossite|ClearBody|IronHead,PsychicFangs,ThunderPunch,Protect|Jolly|||||50|]Venusaur||Venusaurite|Overgrow|GigaDrain,SludgeBomb,EarthPower,Protect|Modest||F|||50|]Pelipper||SitrusBerry|Drizzle|Hurricane,WeatherBall,Tailwind,WideGuard|Modest||F|||50|]Grimmsnarl||LightClay|Prankster|FoulPlay,PartingShot,Reflect,LightScreen|Calm||M|||50|]Archaludon||Leftovers|Stamina|ElectroShot,DragonPulse,FlashCannon,Protect|Calm||F|||50|]Basculegion||ChoiceScarf|Adaptability|WaveCrash,LastRespects,FlipTurn,AquaJet|Jolly||M|||50|
|inactive|Battle timer is ON: inactive players will automatically lose when time's up. (requested by jomivgc)
|inactive|jomivgc has 60 seconds left.
|inactive|jomivgc has 30 seconds left.
|inactive|jomivgc has 20 seconds left.
|
|t:|1784597190
|teamsize|p1|4
|teamsize|p2|4
|start
|switch|p1a: Charizard|Charizard, L50, M|100/100
|switch|p1b: Garchomp|Garchomp, L50, M|100/100
|switch|p2a: Pelipper|Pelipper, L50, F|100/100
|switch|p2b: Basculegion|Basculegion, L50, M|100/100
|-weather|RainDance|[from] ability: Drizzle|[of] p2a: Pelipper
|turn|1
|inactive|jomivgc has 30 seconds left.
|inactive|LunarMageMystia has 30 seconds left.
|
|t:|1784597218
|switch|p2a: Grimmsnarl|Grimmsnarl, L50, M|100/100
|detailschange|p1a: Charizard|Charizard-Mega-Y, L50, M
|-mega|p1a: Charizard|Charizard|Charizardite Y
|-weather|SunnyDay|[from] ability: Drought|[of] p1a: Charizard
|move|p2b: Basculegion|Flip Turn|p1a: Charizard
|-supereffective|p1a: Charizard|1
|-damage|p1a: Charizard|66/100
|
|t:|1784597226
|switch|p2b: Pelipper|Pelipper, L50, F|100/100|[from] Flip Turn
|-weather|RainDance|[from] ability: Drizzle|[of] p2b: Pelipper
|move|p1b: Garchomp|Rock Slide|p2b: Pelipper|[spread] p2a,p2b
|-supereffective|p2b: Pelipper|1
|-damage|p2a: Grimmsnarl|73/100
|-damage|p2b: Pelipper|50/100g
|-damage|p1b: Garchomp|90/100|[from] item: Life Orb
|move|p1a: Charizard|Weather Ball|p2b: Pelipper
|-resisted|p2b: Pelipper|1
|-damage|p2b: Pelipper|19/100
|-enditem|p2b: Pelipper|Sitrus Berry|[eat]
|-heal|p2b: Pelipper|43/100|[from] item: Sitrus Berry
|
|-weather|RainDance|[upkeep]
|upkeep
|turn|2
|inactive|LunarMageMystia has 30 seconds left.
|
|t:|1784597257
|switch|p2b: Venusaur|Venusaur, L50, F|100/100
|move|p2a: Grimmsnarl|Reflect|p2a: Grimmsnarl
|-sidestart|p2: LunarMageMystia|Reflect
|move|p1b: Garchomp|Rock Slide|p2b: Venusaur|[spread] p2a,p2b
|-damage|p2a: Grimmsnarl|58/100
|-damage|p2b: Venusaur|82/100
|-damage|p1b: Garchomp|80/100|[from] item: Life Orb
|move|p1a: Charizard|Weather Ball|p2b: Venusaur
|-resisted|p2b: Venusaur|1
|-damage|p2b: Venusaur|54/100
|
|-weather|RainDance|[upkeep]
|upkeep
|turn|3
|inactive|jomivgc has 30 seconds left.
|
|t:|1784597291
|move|p2b: Venusaur|Protect|p2b: Venusaur
|-singleturn|p2b: Venusaur|Protect
|move|p2a: Grimmsnarl|Light Screen|p2a: Grimmsnarl
|-sidestart|p2: LunarMageMystia|move: Light Screen
|move|p1b: Garchomp|Earthquake|p2b: Venusaur|[spread] p2a
|-activate|p2b: Venusaur|move: Protect
|-immune|p1a: Charizard
|-damage|p2a: Grimmsnarl|23/100
|-damage|p1b: Garchomp|70/100|[from] item: Life Orb
|move|p1a: Charizard|Weather Ball|p2a: Grimmsnarl
|-damage|p2a: Grimmsnarl|0 fnt
|faint|p2a: Grimmsnarl
|
|-weather|RainDance|[upkeep]
|upkeep
|
|t:|1784597304
|switch|p2a: Basculegion|Basculegion, L50, M|100/100
|turn|4
|inactive|jomivgc has 30 seconds left.
|
|t:|1784597336
|detailschange|p2b: Venusaur|Venusaur-Mega, L50, F
|-mega|p2b: Venusaur|Venusaur|Venusaurite
|move|p1a: Charizard|Protect|p1a: Charizard
|-singleturn|p1a: Charizard|Protect
|move|p2a: Basculegion|Wave Crash|p1a: Charizard
|-activate|p1a: Charizard|move: Protect
|move|p1b: Garchomp|Earthquake|p2b: Venusaur|[spread] p2a,p2b
|-activate|p1a: Charizard|move: Protect
|-damage|p2a: Basculegion|67/100
|-damage|p2b: Venusaur|28/100
|-damage|p1b: Garchomp|60/100|[from] item: Life Orb
|move|p2b: Venusaur|Giga Drain|p1b: Garchomp
|-damage|p1b: Garchomp|18/100
|-heal|p2b: Venusaur|50/100g|[from] drain|[of] p1b: Garchomp
|
|-weather|RainDance|[upkeep]
|upkeep
|turn|5
|inactive|LunarMageMystia has 30 seconds left.
|
|t:|1784597368
|switch|p1a: Incineroar|Incineroar, L50, M|100/100
|-ability|p1a: Incineroar|Intimidate|boost
|-unboost|p2a: Basculegion|atk|1
|-unboost|p2b: Venusaur|atk|1
|move|p1b: Garchomp|Protect|p1b: Garchomp
|-singleturn|p1b: Garchomp|Protect
|move|p2a: Basculegion|Wave Crash|p1b: Garchomp
|-activate|p1b: Garchomp|move: Protect
|move|p2b: Venusaur|Sludge Bomb|p1a: Incineroar
|-damage|p1a: Incineroar|55/100
|
|-weather|none
|upkeep
|turn|6
|inactive|jomivgc has 30 seconds left.
|inactive|LunarMageMystia has 30 seconds left.
|inactive|jomivgc has 20 seconds left.
|
|t:|1784597406
|move|p1a: Incineroar|Fake Out|p2b: Venusaur
|-damage|p2b: Venusaur|43/100
|move|p2a: Basculegion|Wave Crash|p1b: Garchomp
|-damage|p1b: Garchomp|0 fnt
|-damage|p2a: Basculegion|55/100|[from] ability: Rough Skin|[of] p1b: Garchomp
|faint|p1b: Garchomp
|-damage|p2a: Basculegion|49/100|[from] Recoil
|cant|p2b: Venusaur|flinch
|
|upkeep
|
|t:|1784597419
|switch|p1b: Sylveon|Sylveon, L50, M|100/100
|turn|7
|inactive|jomivgc has 30 seconds left.
|inactive|LunarMageMystia has 30 seconds left.
|
|t:|1784597448
|switch|p2a: Pelipper|Pelipper, L50, F|43/100
|-weather|RainDance|[from] ability: Drizzle|[of] p2a: Pelipper
|move|p2b: Venusaur|Sludge Bomb|p1b: Sylveon
|-supereffective|p1b: Sylveon|1
|-damage|p1b: Sylveon|28/100
|move|p1b: Sylveon|Hyper Voice|p2b: Venusaur|[spread] p2a,p2b
|-resisted|p2b: Venusaur|1
|-damage|p2a: Pelipper|8/100
|-damage|p2b: Venusaur|32/100
|move|p1a: Incineroar|Darkest Lariat|p2a: Pelipper
|-damage|p2a: Pelipper|0 fnt
|faint|p2a: Pelipper
|
|-weather|RainDance|[upkeep]
|upkeep
|
|t:|1784597461
|switch|p2a: Basculegion|Basculegion, L50, M|49/100
|turn|8
|inactive|jomivgc has 30 seconds left.
|inactive|jomivgc has 20 seconds left.
|inactive|jomivgc has 15 seconds left.
|inactive|jomivgc has 10 seconds left.
|
|t:|1784597507
|move|p1b: Sylveon|Detect|p1b: Sylveon
|-singleturn|p1b: Sylveon|Protect
|move|p2a: Basculegion|Wave Crash|p1a: Incineroar
|-supereffective|p1a: Incineroar|1
|-damage|p1a: Incineroar|0 fnt
|faint|p1a: Incineroar
|-damage|p2a: Basculegion|30/100|[from] Recoil
|move|p2b: Venusaur|Sludge Bomb|p1b: Sylveon
|-activate|p1b: Sylveon|move: Protect
|
|-weather|RainDance|[upkeep]
|upkeep
|
|t:|1784597517
|switch|p1a: Charizard|Charizard-Mega-Y, L50, M|66/100
|-weather|SunnyDay|[from] ability: Drought|[of] p1a: Charizard
|turn|9
|
|t:|1784597537
|move|p2a: Basculegion|Wave Crash|p1a: Charizard
|-supereffective|p1a: Charizard|1
|-damage|p1a: Charizard|2/100
|-damage|p2a: Basculegion|10/100|[from] Recoil
|move|p1a: Charizard|Weather Ball|p2b: Venusaur
|-supereffective|p2b: Venusaur|1
|-damage|p2b: Venusaur|0 fnt
|faint|p2b: Venusaur
|move|p1b: Sylveon|Hyper Voice|p2a: Basculegion
|-damage|p2a: Basculegion|0 fnt
|faint|p2a: Basculegion
|
|win|jomivgc
|raw|jomivgc's rating: 1214 → 1239(+25 for winning)
|raw|LunarMageMystia's rating: 1209 → 1184(-25 for losing)
