|j|☆WillE_VGC
|j|☆Pengy
|html|WillE_VGCPengy    
|uhtml|bestof|Game 1 of a best-of-3
|t:|1783214253
|gametype|doubles
|player|p1|WillE_VGC|#dpl9spectralthieves|
|player|p2|Pengy|#smogonxnpa2024draftee|
|gen|9
|tier|[Gen 9 Champions] VGC 2026 Reg M-B (Bo3)
|rule|Species Clause: Limit one of each Pokémon
|rule|Item Clause: Limit 1 of each item
|clearpoke
|poke|p1|Charizard, L50, M|
|poke|p1|Venusaur, L50, M|
|poke|p1|Garchomp, L50, F|
|poke|p1|Milotic, L50, M|
|poke|p1|Incineroar, L50, M|
|poke|p1|Mimikyu, L50, F|
|poke|p2|Volcarona, L50, M|
|poke|p2|Milotic, L50, M|
|poke|p2|Gholdengo, L50|
|poke|p2|Sinistcha, L50|
|poke|p2|Tyranitar, L50, F|
|poke|p2|Grimmsnarl, L50, M|
|teampreview|4
|showteam|p1|Charizard||CharizarditeY|Blaze|WeatherBall,HeatWave,SolarBeam,Protect|Modest||M|||50|]Venusaur||FocusSash|Chlorophyll|SludgeBomb,EarthPower,SleepPowder,Protect|Timid||M|||50|]Garchomp||SitrusBerry|RoughSkin|Earthquake,DragonClaw,RockSlide,Protect|Adamant||F|||50|]Milotic||Leftovers|Competitive|MuddyWater,Hypnosis,Coil,Protect|Calm||M|||50|]Incineroar||ChopleBerry|Intimidate|FakeOut,FlareBlitz,ThroatChop,PartingShot|Careful||M|||50|]Mimikyu||LifeOrb|Disguise|PlayRough,ShadowClaw,ShadowSneak,Protect|Adamant||F|||50|
|showteam|p2|Volcarona||SitrusBerry|FlameBody|FieryDance,StruggleBug,RagePowder,Tailwind|Timid||M|||50|]Milotic||Leftovers|Competitive|MuddyWater,Coil,Hypnosis,Recover|Calm||M|||50|]Gholdengo||LifeOrb|GoodasGold|MakeItRain,ShadowBall,NastyPlot,Protect|Modest|||||50|]Sinistcha||ColburBerry|Hospitality|MatchaGotcha,RagePowder,TrickRoom,Protect|Bold|||||50|]Tyranitar||Tyranitarite|SandStream|RockSlide,KnockOff,DragonDance,Protect|Jolly||F|||50|]Grimmsnarl||LightClay|Prankster|SpiritBreak,Reflect,LightScreen,PartingShot|Careful||M|||50|
|c|☆Pengy|lemme send link out rq
|c|☆Pengy|do you mind timer on after leads?
|j| charismaacheck
|j| K0nqueror
|j| sugarfreeVGC
|j| bruhnson
|c|☆WillE_VGC|yeah whatever works for you
|c|☆WillE_VGC|glhf
|c|☆Pengy|cool gl hf!
|j| aboxoftimbits
|
|t:|1783214363
|teamsize|p1|4
|teamsize|p2|4
|start
|switch|p1a: Milotic|Milotic, L50, M|100/100
|switch|p1b: Venusaur|Venusaur, L50, M|100/100
|switch|p2a: Milotic|Milotic, L50, M|100/100
|switch|p2b: Grimmsnarl|Grimmsnarl, L50, M|100/100
|turn|1
|j| houyou
|
|t:|1783214385
|move|p2b: Grimmsnarl|Light Screen|p2b: Grimmsnarl
|-sidestart|p2: Pengy|move: Light Screen
|move|p1b: Venusaur|Sleep Powder|p2a: Milotic
|-status|p2a: Milotic|slp|[from] move: Sleep Powder
|move|p1a: Milotic|Coil|p1a: Milotic
|-boost|p1a: Milotic|atk|1
|-boost|p1a: Milotic|def|1
|-boost|p1a: Milotic|accuracy|1
|cant|p2a: Milotic|slp
|
|upkeep
|turn|2
|
|t:|1783214408
|move|p1b: Venusaur|Earth Power|p2b: Grimmsnarl
|-damage|p2b: Grimmsnarl|83/100
|-curestatus|p2a: Milotic|slp|[msg]
|move|p2a: Milotic|Coil|p2a: Milotic
|-boost|p2a: Milotic|atk|1
|-boost|p2a: Milotic|def|1
|-boost|p2a: Milotic|accuracy|1
|move|p1a: Milotic|Coil|p1a: Milotic
|-boost|p1a: Milotic|atk|1
|-boost|p1a: Milotic|def|1
|-boost|p1a: Milotic|accuracy|1
|move|p2b: Grimmsnarl|Spirit Break|p1b: Venusaur
|-resisted|p1b: Venusaur|1
|-damage|p1b: Venusaur|81/100
|-unboost|p1b: Venusaur|spa|1
|
|upkeep
|turn|3
|
|t:|1783214434
|move|p2b: Grimmsnarl|Parting Shot|p1b: Venusaur
|-unboost|p1b: Venusaur|atk|1
|-unboost|p1b: Venusaur|spa|1
|
|t:|1783214435
|switch|p2b: Sinistcha|Sinistcha, L50|100/100|[from] Parting Shot
|move|p1b: Venusaur|Sleep Powder|p2a: Milotic|[miss]
|-miss|p1b: Venusaur|p2a: Milotic
|move|p2a: Milotic|Coil|p2a: Milotic
|-boost|p2a: Milotic|atk|1
|-boost|p2a: Milotic|def|1
|-boost|p2a: Milotic|accuracy|1
|move|p1a: Milotic|Hypnosis|p2b: Sinistcha
|-status|p2b: Sinistcha|slp|[from] move: Hypnosis
|
|upkeep
|turn|4
|inactive|Battle timer is ON: inactive players will automatically lose when time's up. (requested by Pengy)
|c|☆Pengy|sorry forgot on lead my b
|
|t:|1783214487
|move|p1b: Venusaur|Earth Power|p2a: Milotic
|-damage|p2a: Milotic|94/100
|move|p2a: Milotic|Hypnosis|p1a: Milotic
|-status|p1a: Milotic|slp|[from] move: Hypnosis
|cant|p1a: Milotic|slp
|cant|p2b: Sinistcha|slp
|
|-heal|p2a: Milotic|100/100|[from] item: Leftovers
|upkeep
|turn|5
|
|t:|1783214502
|move|p1b: Venusaur|Protect|p1b: Venusaur
|-singleturn|p1b: Venusaur|Protect
|move|p2a: Milotic|Hypnosis|p1b: Venusaur
|-activate|p1b: Venusaur|move: Protect
|cant|p1a: Milotic|slp
|-curestatus|p2b: Sinistcha|slp|[msg]
|move|p2b: Sinistcha|Matcha Gotcha|p1b: Venusaur|[spread] p1a
|-activate|p1b: Venusaur|move: Protect
|-supereffective|p1a: Milotic|1
|-damage|p1a: Milotic|69/100 slp
|
|-heal|p1a: Milotic|75/100 slp|[from] item: Leftovers
|upkeep
|turn|6
|j| boredomisabitch
|
|t:|1783214514
|move|p1b: Venusaur|Sleep Powder|p2a: Milotic
|-status|p2a: Milotic|slp|[from] move: Sleep Powder
|cant|p2a: Milotic|slp
|-curestatus|p1a: Milotic|slp|[msg]
|move|p1a: Milotic|Hypnosis|p2b: Sinistcha
|-status|p2b: Sinistcha|slp|[from] move: Hypnosis
|cant|p2b: Sinistcha|slp
|
|-heal|p1a: Milotic|81/100|[from] item: Leftovers
|upkeep
|turn|7
|inactive|WillE_VGC has 30 seconds left.
|
|t:|1783214551
|switch|p1b: Charizard|Charizard, L50, M|100/100
|cant|p2a: Milotic|slp
|move|p1a: Milotic|Coil|p1a: Milotic
|-boost|p1a: Milotic|atk|1
|-boost|p1a: Milotic|def|1
|-boost|p1a: Milotic|accuracy|1
|-curestatus|p2b: Sinistcha|slp|[msg]
|move|p2b: Sinistcha|Matcha Gotcha|p1a: Milotic|[spread] p1a,p1b
|-supereffective|p1a: Milotic|1
|-resisted|p1b: Charizard|2
|-damage|p1a: Milotic|47/100
|-damage|p1b: Charizard|93/100
|
|-heal|p1a: Milotic|53/100|[from] item: Leftovers
|upkeep
|turn|8
|l| boredomisabitch
|inactive|WillE_VGC has 30 seconds left.
|
|t:|1783214576
|switch|p2b: Grimmsnarl|Grimmsnarl, L50, M|83/100
|move|p1b: Charizard|Protect|p1b: Charizard
|-singleturn|p1b: Charizard|Protect
|move|p1a: Milotic|Hypnosis|p2b: Grimmsnarl
|-status|p2b: Grimmsnarl|slp|[from] move: Hypnosis
|-curestatus|p2a: Milotic|slp|[msg]
|move|p2a: Milotic|Hypnosis|p1a: Milotic
|-status|p1a: Milotic|slp|[from] move: Hypnosis
|
|-heal|p1a: Milotic|59/100 slp|[from] item: Leftovers
|-sideend|p2: Pengy|move: Light Screen
|upkeep
|turn|9
|inactive|Pengy has 30 seconds left.
|
|t:|1783214609
|detailschange|p1b: Charizard|Charizard-Mega-Y, L50, M
|-mega|p1b: Charizard|Charizard|Charizardite Y
|-weather|SunnyDay|[from] ability: Drought|[of] p1b: Charizard
|cant|p2b: Grimmsnarl|slp
|move|p1b: Charizard|Weather Ball|p2b: Grimmsnarl
|-damage|p2b: Grimmsnarl|11/100 slp
|move|p2a: Milotic|Hypnosis|p1b: Charizard
|-status|p1b: Charizard|slp|[from] move: Hypnosis
|cant|p1a: Milotic|slp
|
|-weather|SunnyDay|[upkeep]
|-heal|p1a: Milotic|65/100 slp|[from] item: Leftovers
|upkeep
|turn|10
|
|t:|1783214624
|cant|p2b: Grimmsnarl|slp
|cant|p1b: Charizard|slp
|move|p2a: Milotic|Muddy Water|p1b: Charizard|[spread] p1a,p1b
|-resisted|p1a: Milotic|1
|-supereffective|p1b: Charizard|1
|-damage|p1a: Milotic|61/100 slp
|-damage|p1b: Charizard|72/100 slp
|-curestatus|p1a: Milotic|slp|[msg]
|move|p1a: Milotic|Hypnosis|p2a: Milotic
|-status|p2a: Milotic|slp|[from] move: Hypnosis
|
|-weather|SunnyDay|[upkeep]
|-heal|p1a: Milotic|67/100|[from] item: Leftovers
|upkeep
|turn|11
|
|t:|1783214636
|-curestatus|p2b: Grimmsnarl|slp|[msg]
|move|p2b: Grimmsnarl|Light Screen|p2b: Grimmsnarl
|-sidestart|p2: Pengy|move: Light Screen
|cant|p1b: Charizard|slp
|move|p1a: Milotic|Hypnosis|p2b: Grimmsnarl
|-status|p2b: Grimmsnarl|slp|[from] move: Hypnosis
|cant|p2a: Milotic|slp
|
|-weather|SunnyDay|[upkeep]
|-heal|p1a: Milotic|73/100|[from] item: Leftovers
|upkeep
|turn|12
|inactive|WillE_VGC has 30 seconds left.
|
|t:|1783214661
|switch|p2b: Tyranitar|Tyranitar, L50, F|100/100
|-weather|Sandstorm|[from] ability: Sand Stream|[of] p2b: Tyranitar
|-curestatus|p1b: Charizard|slp|[msg]
|move|p1b: Charizard|Weather Ball|p2b: Tyranitar
|-damage|p2b: Tyranitar|83/100
|cant|p2a: Milotic|slp
|move|p1a: Milotic|Hypnosis|p2b: Tyranitar
|-status|p2b: Tyranitar|slp|[from] move: Hypnosis
|
|-weather|Sandstorm|[upkeep]
|-damage|p1b: Charizard|66/100|[from] Sandstorm
|-damage|p2a: Milotic|94/100 slp|[from] Sandstorm
|-damage|p1a: Milotic|67/100|[from] Sandstorm
|-heal|p1a: Milotic|73/100|[from] item: Leftovers
|-heal|p2a: Milotic|100/100 slp|[from] item: Leftovers
|upkeep
|turn|13
|j| Shshsuudydydys
|l| Shshsuudydydys
|
|t:|1783214682
|switch|p1b: Venusaur|Venusaur, L50, M|81/100
|cant|p2b: Tyranitar|slp
|move|p1a: Milotic|Muddy Water|p2a: Milotic|[spread] p2a,p2b
|-resisted|p2a: Milotic|1
|-supereffective|p2b: Tyranitar|1
|-damage|p2a: Milotic|95/100 slp
|-damage|p2b: Tyranitar|63/100 slp
|-unboost|p2b: Tyranitar|accuracy|1
|-curestatus|p2a: Milotic|slp|[msg]
|move|p2a: Milotic|Hypnosis|p1a: Milotic
|-status|p1a: Milotic|slp|[from] move: Hypnosis
|
|-weather|Sandstorm|[upkeep]
|-damage|p1b: Venusaur|75/100|[from] Sandstorm
|-damage|p1a: Milotic|67/100 slp|[from] Sandstorm
|-damage|p2a: Milotic|89/100|[from] Sandstorm
|-heal|p2a: Milotic|95/100|[from] item: Leftovers
|-heal|p1a: Milotic|73/100 slp|[from] item: Leftovers
|upkeep
|turn|14
|inactive|Pengy has 30 seconds left.
|
|t:|1783214711
|move|p1b: Venusaur|Sleep Powder|p2a: Milotic
|-status|p2a: Milotic|slp|[from] move: Sleep Powder
|-curestatus|p2b: Tyranitar|slp|[msg]
|move|p2b: Tyranitar|Dragon Dance|p2b: Tyranitar
|-boost|p2b: Tyranitar|atk|1
|-boost|p2b: Tyranitar|spe|1
|cant|p2a: Milotic|slp
|cant|p1a: Milotic|slp
|
|-weather|Sandstorm|[upkeep]
|-damage|p1b: Venusaur|70/100|[from] Sandstorm
|-damage|p2a: Milotic|89/100 slp|[from] Sandstorm
|-damage|p1a: Milotic|67/100 slp|[from] Sandstorm
|-heal|p2a: Milotic|95/100 slp|[from] item: Leftovers
|-heal|p1a: Milotic|73/100 slp|[from] item: Leftovers
|upkeep
|turn|15
|
|t:|1783214730
|move|p2b: Tyranitar|Protect|p2b: Tyranitar
|-singleturn|p2b: Tyranitar|Protect
|move|p1b: Venusaur|Earth Power|p2b: Tyranitar
|-activate|p2b: Tyranitar|move: Protect
|cant|p1a: Milotic|slp
|-curestatus|p2a: Milotic|slp|[msg]
|move|p2a: Milotic|Hypnosis|p1b: Venusaur
|-status|p1b: Venusaur|slp|[from] move: Hypnosis
|
|-weather|Sandstorm|[upkeep]
|-damage|p1b: Venusaur|64/100 slp|[from] Sandstorm
|-damage|p1a: Milotic|67/100 slp|[from] Sandstorm
|-damage|p2a: Milotic|89/100|[from] Sandstorm
|-heal|p1a: Milotic|73/100 slp|[from] item: Leftovers
|-heal|p2a: Milotic|95/100|[from] item: Leftovers
|upkeep
|turn|16
|
|t:|1783214740
|cant|p1b: Venusaur|slp
|move|p2b: Tyranitar|Rock Slide|p1a: Milotic|[spread] p1a,p1b
|-damage|p1a: Milotic|59/100 slp
|-damage|p1b: Venusaur|8/100 slp
|-curestatus|p1a: Milotic|slp|[msg]
|move|p1a: Milotic|Hypnosis|p2b: Tyranitar
|-status|p2b: Tyranitar|slp|[from] move: Hypnosis
|move|p2a: Milotic|Hypnosis|p1a: Milotic
|-status|p1a: Milotic|slp|[from] move: Hypnosis
|
|-weather|none
|-heal|p1a: Milotic|65/100 slp|[from] item: Leftovers
|-heal|p2a: Milotic|100/100|[from] item: Leftovers
|upkeep
|turn|17
|
|t:|1783214753
|cant|p2b: Tyranitar|slp
|-curestatus|p1b: Venusaur|slp|[msg]
|move|p1b: Venusaur|Sleep Powder|p2a: Milotic|[miss]
|-miss|p1b: Venusaur|p2a: Milotic
|cant|p1a: Milotic|slp
|move|p2a: Milotic|Muddy Water|p1a: Milotic|[spread] p1a,p1b
|-resisted|p1a: Milotic|1
|-resisted|p1b: Venusaur|1
|-damage|p1a: Milotic|58/100 slp
|-damage|p1b: Venusaur|0 fnt
|faint|p1b: Venusaur
|
|-heal|p1a: Milotic|64/100 slp|[from] item: Leftovers
|upkeep
|
|t:|1783214759
|switch|p1b: Charizard|Charizard-Mega-Y, L50, M|66/100
|-weather|SunnyDay|[from] ability: Drought|[of] p1b: Charizard
|turn|18
|
|t:|1783214771
|detailschange|p2b: Tyranitar|Tyranitar-Mega, L50, F
|-mega|p2b: Tyranitar|Tyranitar|Tyranitarite
|-weather|Sandstorm|[from] ability: Sand Stream|[of] p2b: Tyranitar
|cant|p2b: Tyranitar|slp
|move|p1b: Charizard|Solar Beam||[still]
|-prepare|p1b: Charizard|Solar Beam
|cant|p1a: Milotic|slp
|move|p2a: Milotic|Muddy Water|p1a: Milotic|[spread] p1a,p1b
|-resisted|p1a: Milotic|1
|-supereffective|p1b: Charizard|1
|-damage|p1a: Milotic|57/100 slp
|-damage|p1b: Charizard|25/100
|
|-weather|Sandstorm|[upkeep]
|-damage|p1b: Charizard|20/100r|[from] Sandstorm
|-damage|p1a: Milotic|51/100 slp|[from] Sandstorm
|-damage|p2a: Milotic|94/100|[from] Sandstorm
|-heal|p1a: Milotic|57/100 slp|[from] item: Leftovers
|-heal|p2a: Milotic|100/100|[from] item: Leftovers
|-sideend|p2: Pengy|move: Light Screen
|upkeep
|turn|19
|
|t:|1783214786
|-curestatus|p2b: Tyranitar|slp|[msg]
|move|p2b: Tyranitar|Knock Off|p1b: Charizard
|-damage|p1b: Charizard|0 fnt
|faint|p1b: Charizard
|-curestatus|p1a: Milotic|slp|[msg]
|move|p1a: Milotic|Hypnosis|p2a: Milotic
|-status|p2a: Milotic|slp|[from] move: Hypnosis
|cant|p2a: Milotic|slp
|
|-weather|Sandstorm|[upkeep]
|-damage|p1a: Milotic|51/100|[from] Sandstorm
|-damage|p2a: Milotic|94/100 slp|[from] Sandstorm
|-heal|p1a: Milotic|57/100|[from] item: Leftovers
|-heal|p2a: Milotic|100/100 slp|[from] item: Leftovers
|upkeep
|
|t:|1783214789
|switch|p1b: Mimikyu|Mimikyu, L50, F|100/100
|turn|20
|
|t:|1783214811
|move|p2b: Tyranitar|Rock Slide|p1b: Mimikyu|[spread] p1a,p1b
|-damage|p1a: Milotic|40/100
|-activate|p1b: Mimikyu|ability: Disguise
|-damage|p1b: Mimikyu|100/100
|detailschange|p1b: Mimikyu|Mimikyu-Busted, L50, F
|-damage|p1b: Mimikyu|87/100|[from] pokemon: Mimikyu-Busted
|move|p1b: Mimikyu|Shadow Claw|p2b: Tyranitar
|-resisted|p2b: Tyranitar|1
|-damage|p2b: Tyranitar|50/100y
|-damage|p1b: Mimikyu|77/100|[from] item: Life Orb
|cant|p2a: Milotic|slp
|move|p1a: Milotic|Muddy Water|p2a: Milotic|[spread] p2a,p2b
|-resisted|p2a: Milotic|1
|-supereffective|p2b: Tyranitar|1
|-damage|p2a: Milotic|93/100 slp
|-damage|p2b: Tyranitar|22/100
|
|-weather|Sandstorm|[upkeep]
|-damage|p1b: Mimikyu|71/100|[from] Sandstorm
|-damage|p1a: Milotic|34/100|[from] Sandstorm
|-damage|p2a: Milotic|87/100 slp|[from] Sandstorm
|-heal|p2a: Milotic|93/100 slp|[from] item: Leftovers
|-heal|p1a: Milotic|40/100|[from] item: Leftovers
|upkeep
|turn|21
|
|t:|1783214831
|switch|p2b: Grimmsnarl|Grimmsnarl, L50, M|11/100 slp
|move|p1b: Mimikyu|Protect|p1b: Mimikyu
|-singleturn|p1b: Mimikyu|Protect
|move|p1a: Milotic|Muddy Water|p2b: Grimmsnarl|[spread] p2a,p2b
|-resisted|p2a: Milotic|1
|-damage|p2a: Milotic|85/100 slp
|-damage|p2b: Grimmsnarl|0 fnt
|faint|p2b: Grimmsnarl
|-curestatus|p2a: Milotic|slp|[msg]
|move|p2a: Milotic|Hypnosis|p1a: Milotic
|-status|p1a: Milotic|slp|[from] move: Hypnosis
|
|-weather|Sandstorm|[upkeep]
|-damage|p1b: Mimikyu|65/100|[from] Sandstorm
|-damage|p1a: Milotic|34/100 slp|[from] Sandstorm
|-damage|p2a: Milotic|79/100|[from] Sandstorm
|-heal|p1a: Milotic|40/100 slp|[from] item: Leftovers
|-heal|p2a: Milotic|85/100|[from] item: Leftovers
|upkeep
|
|t:|1783214837
|switch|p2b: Tyranitar|Tyranitar-Mega, L50, F|22/100
|turn|22
|
|t:|1783214852
|move|p2b: Tyranitar|Protect|p2b: Tyranitar
|-singleturn|p2b: Tyranitar|Protect
|move|p1b: Mimikyu|Play Rough|p2b: Tyranitar
|-activate|p2b: Tyranitar|move: Protect
|move|p2a: Milotic|Hypnosis|p1b: Mimikyu
|-status|p1b: Mimikyu|slp|[from] move: Hypnosis
|cant|p1a: Milotic|slp
|
|-weather|none
|-heal|p1a: Milotic|46/100 slp|[from] item: Leftovers
|-heal|p2a: Milotic|91/100|[from] item: Leftovers
|upkeep
|turn|23
|
|t:|1783214859
|cant|p1b: Mimikyu|slp
|move|p2b: Tyranitar|Knock Off|p1a: Milotic
|-damage|p1a: Milotic|25/100 slp
|-enditem|p1a: Milotic|Leftovers|[from] move: Knock Off|[of] p2b: Tyranitar
|cant|p1a: Milotic|slp
|move|p2a: Milotic|Muddy Water|p1b: Mimikyu|[spread] p1a,p1b
|-resisted|p1a: Milotic|1
|-crit|p1a: Milotic
|-damage|p1a: Milotic|14/100 slp
|-damage|p1b: Mimikyu|34/100 slp
|
|-heal|p2a: Milotic|97/100|[from] item: Leftovers
|upkeep
|turn|24
|j| Carneyasada
|
|t:|1783214873
|-curestatus|p1b: Mimikyu|slp|[msg]
|move|p1b: Mimikyu|Play Rough|p2b: Tyranitar
|-supereffective|p2b: Tyranitar|1
|-damage|p2b: Tyranitar|0 fnt
|faint|p2b: Tyranitar
|-damage|p1b: Mimikyu|24/100|[from] item: Life Orb
|-curestatus|p1a: Milotic|slp|[msg]
|move|p1a: Milotic|Muddy Water|p2a: Milotic
|-resisted|p2a: Milotic|1
|-damage|p2a: Milotic|88/100
|move|p2a: Milotic|Muddy Water|p1a: Milotic|[spread] p1a,p1b
|-resisted|p1a: Milotic|1
|-crit|p1a: Milotic
|-damage|p1a: Milotic|3/100
|-damage|p1b: Mimikyu|0 fnt
|faint|p1b: Mimikyu
|
|-heal|p2a: Milotic|94/100|[from] item: Leftovers
|upkeep
|
|t:|1783214876
|switch|p2b: Sinistcha|Sinistcha, L50|100/100
|-heal|p2a: Milotic|100/100|[from] ability: Hospitality|[of] p2b: Sinistcha
|turn|25
|
|t:|1783214883
|move|p2b: Sinistcha|Rage Powder|p2b: Sinistcha
|-singleturn|p2b: Sinistcha|move: Rage Powder
|move|p1a: Milotic|Hypnosis|p2b: Sinistcha
|-status|p2b: Sinistcha|slp|[from] move: Hypnosis
|move|p2a: Milotic|Muddy Water|p1a: Milotic
|-resisted|p1a: Milotic|1
|-damage|p1a: Milotic|0 fnt
|faint|p1a: Milotic
|
|win|Pengy
||WillE_VGC is ready for game 2.
||Pengy is ready for game 2.
|uhtml|next|Next: Game 2 of 3
|l| K0nqueror
|j| Code
|l| Code
|j| boredomisabitch
|l| boredomisabitch
|j| Kojay
|j| Lola Bunny Window
|l| bruhnson
|l| houyou
|l| Carneyasada
|l| aboxoftimbits
|l| sugarfreeVGC
|l| Kojay
