|j|☆Pathfinder12
|j|☆new mental
|html|Pathfinder12new mental    
|uhtml|bestof|Game 1 of a best-of-3
|t:|1784372096
|gametype|doubles
|player|p1|Pathfinder12|scientist-gen4dp|1140
|player|p2|new mental|volkner|1140
|gen|9
|tier|[Gen 9 Champions] VGC 2026 Reg M-B (Bo3)
|rated|
|rule|Species Clause: Limit one of each Pokémon
|rule|Item Clause: Limit 1 of each item
|clearpoke
|poke|p1|Raichu, L50, M, shiny|
|poke|p1|Basculegion, L50, M, shiny|
|poke|p1|Whimsicott, L50, F, shiny|
|poke|p1|Garchomp, L50, M, shiny|
|poke|p1|Floette-Eternal, L50, F|
|poke|p1|Gholdengo, L50, shiny|
|poke|p2|Charizard, L50, F|
|poke|p2|Kingambit, L50, F|
|poke|p2|Sylveon, L50, F|
|poke|p2|Garchomp, L50, M|
|poke|p2|Aerodactyl, L50, F|
|poke|p2|Farigiraf, L50, F|
|teampreview|4
|showteam|p1|Raichu||RaichuniteY|LightningRod|ZapCannon,FocusBlast,FakeOut,Protect|Timid||M|||50|]Basculegion||SitrusBerry|Adaptability|WaveCrash,AquaJet,LastRespects,Protect|Adamant||M|||50|]Whimsicott||FocusSash|Prankster|Moonblast,Tailwind,Encore,Protect|Timid||F|||50|]Garchomp||ExpertBelt|RoughSkin|DragonClaw,StompingTantrum,RockSlide,Protect|Adamant||M|||50|]Floette-Eternal||Floettite|FlowerVeil|DazzlingGleam,Moonblast,CalmMind,Protect|Modest||F|||50|]Gholdengo||LifeOrb|GoodasGold|MakeItRain,ShadowBall,NastyPlot,Protect|Modest|||||50|
|showteam|p2|Charizard||CharizarditeY|SolarPower|Protect,HeatWave,SolarBeam,WeatherBall|Modest||F|||50|]Kingambit||FocusSash|Defiant|IronHead,SuckerPunch,KowtowCleave,LowKick|Adamant||F|||50|]Sylveon||FairyFeather|Pixilate|Detect,HyperVoice,HyperBeam,QuickAttack|Modest||F|||50|]Garchomp||LifeOrb|RoughSkin|Protect,DragonClaw,Earthquake,RockSlide|Jolly||M|||50|]Aerodactyl||Aerodactylite|Unnerve|IceFang,RockSlide,Tailwind,DualWingbeat|Jolly||F|||50|]Farigiraf||SitrusBerry|ArmorTail|TrickRoom,Psychic,Thunderbolt,Roar|Bold||F|||50|
|inactive|Battle timer is ON: inactive players will automatically lose when time's up. (requested by Pathfinder12)
|
|t:|1784372113
|teamsize|p1|4
|teamsize|p2|4
|start
|switch|p1a: Raichu|Raichu, L50, M, shiny|100/100
|switch|p1b: Garchomp|Garchomp, L50, M, shiny|100/100
|switch|p2a: Aerodactyl|Aerodactyl, L50, F|100/100
|switch|p2b: Garchomp|Garchomp, L50, M|100/100
|-ability|p2a: Aerodactyl|Unnerve
|turn|1
|
|t:|1784372129
|switch|p2b: Farigiraf|Farigiraf, L50, F|100/100
|detailschange|p2a: Aerodactyl|Aerodactyl-Mega, L50, F
|-mega|p2a: Aerodactyl|Aerodactyl|Aerodactylite
|move|p1a: Raichu|Fake Out||[still]
|cant|p2b: Farigiraf|ability: Armor Tail|Fake Out|[of] p1a: Raichu
|move|p2a: Aerodactyl|Tailwind|p2a: Aerodactyl
|-sidestart|p2: new mental|move: Tailwind
|move|p1b: Garchomp|Dragon Claw|p2a: Aerodactyl
|-damage|p2a: Aerodactyl|52/100
|
|upkeep
|turn|2
|inactive|new mental has 30 seconds left.
|
|t:|1784372157
|switch|p2b: Garchomp|Garchomp, L50, M|100/100
|detailschange|p1a: Raichu|Raichu-Mega-Y, L50, M, shiny
|-mega|p1a: Raichu|Raichu|Raichunite Y
|move|p2a: Aerodactyl|Ice Fang|p1b: Garchomp
|-supereffective|p1b: Garchomp|2
|-damage|p1b: Garchomp|1/100
|-damage|p2a: Aerodactyl|39/100|[from] ability: Rough Skin|[of] p1b: Garchomp
|move|p1a: Raichu|Zap Cannon|p2b: Garchomp
|-immune|p2b: Garchomp
|move|p1b: Garchomp|Rock Slide|p2b: Garchomp|[spread] p2a,p2b
|-supereffective|p2a: Aerodactyl|1
|-resisted|p2b: Garchomp|1
|-damage|p2a: Aerodactyl|0 fnt
|-damage|p2b: Garchomp|90/100
|faint|p2a: Aerodactyl
|
|upkeep
|
|t:|1784372167
|switch|p2a: Sylveon|Sylveon, L50, F|100/100
|turn|3
|
|t:|1784372174
|switch|p1a: Whimsicott|Whimsicott, L50, F, shiny|100/100
|move|p1b: Garchomp|Protect|p1b: Garchomp
|-singleturn|p1b: Garchomp|Protect
|move|p2b: Garchomp|Dragon Claw|p1a: Whimsicott
|-immune|p1a: Whimsicott
|move|p2a: Sylveon|Hyper Voice|p1a: Whimsicott|[spread] p1a
|-activate|p1b: Garchomp|move: Protect
|-damage|p1a: Whimsicott|38/100
|
|upkeep
|turn|4
|inactive|new mental has 30 seconds left.
|
|t:|1784372209
|move|p1a: Whimsicott|Tailwind|p1a: Whimsicott
|-sidestart|p1: Pathfinder12|move: Tailwind
|move|p2a: Sylveon|Quick Attack|p1b: Garchomp
|-supereffective|p1b: Garchomp|1
|-damage|p1b: Garchomp|0 fnt
|-damage|p2a: Sylveon|87/100|[from] ability: Rough Skin|[of] p1b: Garchomp
|faint|p1b: Garchomp
|move|p2b: Garchomp|Rock Slide|p1a: Whimsicott
|-damage|p1a: Whimsicott|0 fnt
|faint|p1a: Whimsicott
|-damage|p2b: Garchomp|80/100|[from] item: Life Orb
|
|-sideend|p2: new mental|move: Tailwind
|upkeep
|
|t:|1784372220
|switch|p1a: Raichu|Raichu-Mega-Y, L50, M, shiny|100/100
|switch|p1b: Basculegion|Basculegion, L50, M, shiny|100/100
|turn|5
|
|t:|1784372228
|move|p1a: Raichu|Zap Cannon|p2a: Sylveon
|-damage|p2a: Sylveon|32/100
|-status|p2a: Sylveon|par
|move|p1b: Basculegion|Wave Crash|p2b: Garchomp
|-damage|p2b: Garchomp|4/100
|-damage|p1b: Basculegion|87/100|[from] ability: Rough Skin|[of] p2b: Garchomp
|-damage|p1b: Basculegion|64/100|[from] Recoil
|move|p2b: Garchomp|Earthquake|p1a: Raichu|[spread] p2a,p1a,p1b
|-supereffective|p1a: Raichu|1
|-damage|p2a: Sylveon|0 fnt
|-damage|p1a: Raichu|0 fnt
|-damage|p1b: Basculegion|0 fnt
|faint|p2a: Sylveon
|faint|p1a: Raichu
|faint|p1b: Basculegion
|-damage|p2b: Garchomp|0 fnt|[from] item: Life Orb
|faint|p2b: Garchomp
|
|win|new mental
