|j|☆crullvgc
|j|☆strolin stu
|html|crullvgcstrolin stu    
|uhtml|bestof|Game 1 of a best-of-3
|t:|1756665982
|gametype|doubles
|player|p1|crullvgc|janitor|1071
|player|p2|strolin stu|mira|1049
|gen|9
|tier|[Gen 9] VGC 2025 Reg H (Bo3)
|rated|
|rule|Species Clause: Limit one of each Pokémon
|rule|Item Clause: Limit 1 of each item
|clearpoke
|poke|p1|Garchomp, L50, M|
|poke|p1|Talonflame, L50, F|
|poke|p1|Primarina, L50, M|
|poke|p1|Electabuzz, L50, M|
|poke|p1|Rillaboom, L50, F|
|poke|p1|Gholdengo, L50|
|poke|p2|Araquanid, L50, M|
|poke|p2|Oranguru, L50, F|
|poke|p2|Incineroar, L50, M|
|poke|p2|Garchomp, L50, F|
|poke|p2|Ninetales-Alola, L50, M|
|poke|p2|Rillaboom, L50, M|
|teampreview|4
|showteam|p1|Garchomp||LifeOrb|RoughSkin|StompingTantrum,Earthquake,DragonClaw,Protect|||M|||50|,,,,,Fire]Talonflame||CovertCloak|GaleWings|Tailwind,WillOWisp,DualWingbeat,Taunt|||F|||50|,,,,,Dark]Primarina||ThroatSpray|LiquidVoice|HyperVoice,Moonblast,Haze,Protect|||M|||50|,,,,,Poison]Electabuzz||Eviolite|VitalSpirit|FollowMe,Electroweb,HelpingHand,Protect|||M|||50|,,,,,Ghost]Rillaboom||AssaultVest|GrassySurge|FakeOut,GrassyGlide,WoodHammer,HighHorsepower|||F|||50|,,,,,Fire]Gholdengo||MetalCoat|GoodasGold|MakeItRain,ShadowBall,NastyPlot,Protect||||||50|,,,,,Steel
|showteam|p2|Araquanid||SplashPlate|WaterBubble|Surf,WideGuard,Protect,HydroPump|||M|||50|,,,,,Ghost]Oranguru||CovertCloak|Telepathy|TrickRoom,Instruct,Protect,FoulPlay|||F|||50|,,,,,Ghost]Incineroar||SafetyGoggles|Intimidate|FakeOut,KnockOff,FlareBlitz,PartingShot|||M|||50|,,,,,Ghost]Garchomp||LifeOrb|RoughSkin|Earthquake,DragonClaw,StompingTantrum,Protect|||F|||50|,,,,,Fire]Ninetales-Alola||FocusSash|SnowWarning|AuroraVeil,Blizzard,Moonblast,Protect|||M|||50|,,,,,Ice]Rillaboom||AssaultVest|GrassySurge|FakeOut,Uturn,KnockOff,GrassyGlide|||M|||50|,,,,,Water
|c|☆strolin stu|glhf
|c|☆crullvgc|u2
|
|t:|1756666022
|teamsize|p1|4
|teamsize|p2|4
|start
|switch|p1a: Gholdengo|Gholdengo, L50|100/100
|switch|p1b: Talonflame|Talonflame, L50, F|100/100
|switch|p2a: Araquanid|Araquanid, L50, M, shiny|100/100
|switch|p2b: Oranguru|Oranguru, L50, F, shiny|100/100
|turn|1
|
|t:|1756666047
|move|p1b: Talonflame|Taunt|p2b: Oranguru
|-start|p2b: Oranguru|move: Taunt
|move|p1a: Gholdengo|Nasty Plot|p1a: Gholdengo
|-boost|p1a: Gholdengo|spa|2
|move|p2a: Araquanid|Surf|p1a: Gholdengo|[spread] p1a,p1b
|-activate|p2b: Oranguru|ability: Telepathy
|-supereffective|p1b: Talonflame
|-damage|p1a: Gholdengo|37/100
|-damage|p1b: Talonflame|0 fnt
|faint|p1b: Talonflame
|cant|p2b: Oranguru|move: Taunt|Instruct
|
|upkeep
|
|t:|1756666061
|switch|p1b: Rillaboom|Rillaboom, L50, F|100/100
|-fieldstart|move: Grassy Terrain|[from] ability: Grassy Surge|[of] p1b: Rillaboom
|turn|2
|
|t:|1756666074
|-terastallize|p1a: Gholdengo|Steel
|move|p1b: Rillaboom|Fake Out|p2a: Araquanid
|-damage|p2a: Araquanid|83/100
|cant|p2a: Araquanid|flinch
|move|p1a: Gholdengo|Shadow Ball|p2a: Araquanid
|-damage|p2a: Araquanid|0 fnt
|faint|p2a: Araquanid
|move|p2b: Oranguru|Foul Play|p1a: Gholdengo
|-damage|p1a: Gholdengo|25/100
|
|-heal|p1a: Gholdengo|31/100|[from] Grassy Terrain
|upkeep
|
|t:|1756666089
|switch|p2a: oasis|Garchomp, L50, F|100/100
|turn|3
|
|t:|1756666106
|move|p1a: Gholdengo|Protect|p1a: Gholdengo
|-singleturn|p1a: Gholdengo|Protect
|move|p2a: oasis|Stomping Tantrum|p1a: Gholdengo
|-activate|p1a: Gholdengo|move: Protect
|move|p1b: Rillaboom|Wood Hammer|p2a: oasis
|-damage|p2a: oasis|32/100
|-damage|p1b: Rillaboom|88/100|[from] ability: Rough Skin|[of] p2a: oasis
|-damage|p1b: Rillaboom|67/100|[from] Recoil
|move|p2b: Oranguru|Foul Play|p1b: Rillaboom
|-damage|p1b: Rillaboom|39/100
|
|-heal|p2a: oasis|38/100|[from] Grassy Terrain
|-heal|p1a: Gholdengo|37/100|[from] Grassy Terrain
|-heal|p1b: Rillaboom|44/100|[from] Grassy Terrain
|-end|p2b: Oranguru|move: Taunt
|upkeep
|turn|4
|
|t:|1756666137
|move|p1b: Rillaboom|Grassy Glide|p2a: oasis
|-damage|p2a: oasis|4/100
|-damage|p1b: Rillaboom|32/100|[from] ability: Rough Skin|[of] p2a: oasis
|move|p2a: oasis|Stomping Tantrum|p1a: Gholdengo
|-supereffective|p1a: Gholdengo
|-damage|p1a: Gholdengo|0 fnt
|faint|p1a: Gholdengo
|-damage|p2a: oasis|0 fnt|[from] item: Life Orb
|faint|p2a: oasis
|move|p2b: Oranguru|Foul Play|p1b: Rillaboom
|-damage|p1b: Rillaboom|0 fnt
|faint|p1b: Rillaboom
|
|upkeep
|
|t:|1756666150
|switch|p2a: Ninetales|Ninetales-Alola, L50, M|100/100
|switch|p1b: Electabuzz|Electabuzz, L50, M|100/100
|-weather|Snowscape|[from] ability: Snow Warning|[of] p2a: Ninetales
|turn|5
|
|t:|1756666158
|move|p1b: Electabuzz|Electroweb|p2b: Oranguru|[spread] p2a,p2b
|-damage|p2a: Ninetales|84/100
|-damage|p2b: Oranguru|91/100
|-unboost|p2a: Ninetales|spe|1
|move|p2a: Ninetales|Blizzard|p1b: Electabuzz
|-damage|p1b: Electabuzz|60/100
|move|p2b: Oranguru|Instruct|p2a: Ninetales
|-singleturn|p2a: Ninetales|move: Instruct|[of] p2b: Oranguru
|move|p2a: Ninetales|Blizzard|p1b: Electabuzz
|-damage|p1b: Electabuzz|20/100
|
|-weather|Snowscape|[upkeep]
|-heal|p1b: Electabuzz|26/100|[from] Grassy Terrain
|-heal|p2a: Ninetales|90/100|[from] Grassy Terrain
|-heal|p2b: Oranguru|97/100|[from] Grassy Terrain
|upkeep
|turn|6
|
|t:|1756666175
|move|p1b: Electabuzz|Electroweb|p2b: Oranguru|[spread] p2a,p2b
|-damage|p2a: Ninetales|73/100
|-damage|p2b: Oranguru|87/100
|-unboost|p2a: Ninetales|spe|1
|move|p2a: Ninetales|Blizzard|p1b: Electabuzz
|-damage|p1b: Electabuzz|0 fnt
|faint|p1b: Electabuzz
|
|win|strolin stu
||strolin stu is ready for game 2.
||crullvgc is ready for game 2.
|uhtml|next|Next: Game 2 of 3
