|j|☆mattmoosegoose
|j|☆swooshcel
|html|mattmoosegooseswooshcel    
|uhtml|bestof|Game 2 of a best-of-3
|t:|1783919710
|gametype|doubles
|player|p1|mattmoosegoose|ghetsis-gen5bw|
|player|p2|swooshcel|2|
|gen|9
|tier|[Gen 9 Champions] VGC 2026 Reg M-B (Bo3)
|rule|Species Clause: Limit one of each Pokémon
|rule|Item Clause: Limit 1 of each item
|clearpoke
|poke|p1|Tyranitar, L50, M|
|poke|p1|Metagross, L50, shiny|
|poke|p1|Staraptor, L50, M|
|poke|p1|Typhlosion-Hisui, L50, M|
|poke|p1|Overqwil, L50, M, shiny|
|poke|p1|Farigiraf, L50, F|
|poke|p2|Sinistcha-Masterpiece, L50|
|poke|p2|Basculegion, L50, M|
|poke|p2|Corviknight, L50, F|
|poke|p2|Glimmora, L50, F|
|poke|p2|Aurorus, L50, F|
|poke|p2|Froslass, L50, F|
|teampreview|4
|showteam|p1|Tyranitar||Tyranitarite|SandStream|Earthquake,Protect,Superpower,FireFang|Brave||M|||50|]Metagross||Metagrossite|ClearBody|Earthquake,MeteorMash,Protect,BulletPunch|Jolly|||||50|]Staraptor||Staraptite|Intimidate|CloseCombat,Tailwind,BraveBird,Protect|Jolly||M|||50|]Typhlosion-Hisui||ChoiceScarf|Blaze|Flamethrower,FireBlast,Protect,Eruption|Timid||M|||50|]Overqwil||LifeOrb|SwiftSwim|Crunch,SludgeWave,IceBeam,Liquidation|Naughty||M|||50|]Farigiraf||LightClay|ArmorTail|TrickRoom,Psychic,LightScreen,ThunderWave|Sassy||F|||50|
|showteam|p2|Sinistcha-Masterpiece||SitrusBerry|Hospitality|MatchaGotcha,Scald,TrickRoom,RagePowder|Timid|||||50|]Basculegion||ChoiceScarf|Adaptability|IceFang,WaveCrash,LastRespects,FlipTurn|Jolly||M|||50|]Corviknight||FocusSash|Pressure|BraveBird,BodyPress,Tailwind,IronDefense|Impish||F|||50|]Glimmora||Glimmoranite|ToxicDebris|PowerGem,Protect,SludgeWave,Explosion|Modest||F|||50|]Aurorus||LightClay|SnowWarning|AuroraVeil,Blizzard,FlashCannon,Encore|Bold||F|||50|]Froslass||Froslassite|SnowCloak|Blizzard,Protect,NastyPlot,ShadowBall|Modest||F|||50|
|
|t:|1783919743
|teamsize|p1|4
|teamsize|p2|4
|start
|switch|p1a: Typhlosion|Typhlosion-Hisui, L50, M|100/100
|switch|p1b: Metagross|Metagross, L50, shiny|100/100
|switch|p2a: jarona|Sinistcha-Masterpiece, L50|100/100
|switch|p2b: aurora veil slave|Aurorus, L50, F|100/100
|-weather|Snowscape|[from] ability: Snow Warning|[of] p2b: aurora veil slave
|turn|1
|
|t:|1783919761
|switch|p2a: roland|Basculegion, L50, M|100/100
|move|p1a: Typhlosion|Eruption|p2b: aurora veil slave|[spread] p2a,p2b
|-resisted|p2a: roland|1
|-damage|p2a: roland|66/100
|-damage|p2b: aurora veil slave|59/100
|move|p1b: Metagross|Meteor Mash|p2a: roland
|-resisted|p2a: roland|1
|-damage|p2a: roland|35/100
|move|p2b: aurora veil slave|Aurora Veil|p2b: aurora veil slave
|-sidestart|p2: swooshcel|move: Aurora Veil
|
|-weather|Snowscape|[upkeep]
|upkeep
|turn|2
|
|t:|1783919794
|switch|p1a: fuck ur rain|Tyranitar, L50, M|100/100
|-weather|Sandstorm|[from] ability: Sand Stream|[of] p1a: fuck ur rain
|switch|p2b: jarona|Sinistcha-Masterpiece, L50|100/100
|-heal|p2a: roland|59/100|[from] ability: Hospitality|[of] p2b: jarona
|move|p2a: roland|Last Respects|p1a: fuck ur rain
|-resisted|p1a: fuck ur rain|1
|-damage|p1a: fuck ur rain|86/100
|move|p1b: Metagross|Meteor Mash|p2b: jarona
|-damage|p2b: jarona|71/100
|
|-weather|Sandstorm|[upkeep]
|-damage|p2a: roland|53/100|[from] Sandstorm
|-damage|p2b: jarona|65/100|[from] Sandstorm
|upkeep
|turn|3
|
|t:|1783919821
|switch|p1b: Typhlosion|Typhlosion-Hisui, L50, M|100/100
|move|p2a: roland|Last Respects|p1b: Typhlosion
|-supereffective|p1b: Typhlosion|1
|-damage|p1b: Typhlosion|3/100
|move|p2b: jarona|Matcha Gotcha|p1a: fuck ur rain|[spread] p1a,p1b
|-supereffective|p1a: fuck ur rain|1
|-resisted|p1b: Typhlosion|1
|-damage|p1a: fuck ur rain|52/100
|-heal|p2b: jarona|85/100|[from] drain|[of] p1a: fuck ur rain
|-damage|p1b: Typhlosion|0 fnt
|-heal|p2b: jarona|87/100|[from] drain|[of] p1b: Typhlosion
|faint|p1b: Typhlosion
|move|p1a: fuck ur rain|Fire Fang|p2b: jarona
|-supereffective|p2b: jarona|1
|-damage|p2b: jarona|53/100
|
|-weather|Sandstorm|[upkeep]
|-damage|p2a: roland|47/100|[from] Sandstorm
|-damage|p2b: jarona|47/100|[from] Sandstorm
|-enditem|p2b: jarona|Sitrus Berry|[eat]
|-heal|p2b: jarona|72/100|[from] item: Sitrus Berry
|upkeep
|
|t:|1783919849
|switch|p1b: off my team|Farigiraf, L50, F|100/100
|turn|4
|
|t:|1783919874
|switch|p2a: aurora veil slave|Aurorus, L50, F|59/100
|-weather|Snowscape|[from] ability: Snow Warning|[of] p2a: aurora veil slave
|move|p2b: jarona|Matcha Gotcha|p1b: off my team|[spread] p1a,p1b
|-supereffective|p1a: fuck ur rain|1
|-damage|p1a: fuck ur rain|5/100
|-heal|p2b: jarona|99/100|[from] drain|[of] p1a: fuck ur rain
|-damage|p1b: off my team|79/100
|-heal|p2b: jarona|100/100|[from] drain|[of] p1b: off my team
|-status|p1b: off my team|brn
|move|p1b: off my team|Thunder Wave|p2a: aurora veil slave
|-status|p2a: aurora veil slave|par
|move|p1a: fuck ur rain|Fire Fang|p2b: jarona
|-supereffective|p2b: jarona|1
|-damage|p2b: jarona|67/100
|
|-weather|Snowscape|[upkeep]
|-damage|p1b: off my team|73/100 brn|[from] brn
|upkeep
|turn|5
|
|t:|1783919905
|move|p2b: jarona|Matcha Gotcha|p1a: fuck ur rain|[spread] p1a,p1b
|-supereffective|p1a: fuck ur rain|1
|-damage|p1a: fuck ur rain|0 fnt
|-heal|p2b: jarona|71/100|[from] drain|[of] p1a: fuck ur rain
|-damage|p1b: off my team|53/100 brn
|-heal|p2b: jarona|84/100|[from] drain|[of] p1b: off my team
|faint|p1a: fuck ur rain
|cant|p2a: aurora veil slave|par
|move|p1b: off my team|Trick Room|p1b: off my team
|-fieldstart|move: Trick Room|[of] p1b: off my team
|
|-weather|Snowscape|[upkeep]
|-damage|p1b: off my team|47/100 brn|[from] brn
|upkeep
|
|t:|1783919917
|switch|p1a: Metagross|Metagross, L50, shiny|100/100
|turn|6
|
|t:|1783919935
|switch|p2b: roland|Basculegion, L50, M|47/100
|detailschange|p1a: Metagross|Metagross-Mega, L50, shiny
|-mega|p1a: Metagross|Metagross|Metagrossite
|move|p2a: aurora veil slave|Encore|p1b: off my team
|-start|p1b: off my team|Encore
|move|p1a: Metagross|Meteor Mash|p2b: roland|[miss]
|-miss|p1a: Metagross|p2b: roland
|move|p1b: off my team|Trick Room|p1b: off my team
|-fieldend|move: Trick Room
|
|-weather|Snowscape|[upkeep]
|-damage|p1b: off my team|40/100 brn|[from] brn
|upkeep
|turn|7
|
|t:|1783919955
|move|p2b: roland|Last Respects|p1a: Metagross
|-supereffective|p1a: Metagross|1
|-damage|p1a: Metagross|49/100
|move|p1a: Metagross|Meteor Mash|p2b: roland
|-resisted|p2b: roland|1
|-damage|p2b: roland|18/100
|move|p2a: aurora veil slave|Blizzard|p1b: off my team|[spread] p1a,p1b
|-resisted|p1a: Metagross|1
|-damage|p1a: Metagross|35/100
|-damage|p1b: off my team|20/100y brn
|move|p1b: off my team|Trick Room|p1b: off my team
|-fieldstart|move: Trick Room|[of] p1b: off my team
|
|-weather|Snowscape|[upkeep]
|-damage|p1b: off my team|14/100 brn|[from] brn
|upkeep
|turn|8
|
|t:|1783919973
|move|p2a: aurora veil slave|Blizzard|p1a: Metagross|[spread] p1a,p1b
|-resisted|p1a: Metagross|1
|-damage|p1a: Metagross|20/100y
|-damage|p1b: off my team|0 fnt
|faint|p1b: off my team
|move|p1a: Metagross|Earthquake|p2b: roland|[spread] p2a,p2b
|-supereffective|p2a: aurora veil slave|1
|-crit|p2a: aurora veil slave
|-damage|p2a: aurora veil slave|14/100 par
|-damage|p2b: roland|0 fnt
|faint|p2b: roland
|
|-weather|none
|-sideend|p2: swooshcel|move: Aurora Veil
|upkeep
|
|t:|1783919983
|switch|p2b: jarona|Sinistcha-Masterpiece, L50|84/100
|-heal|p2a: aurora veil slave|39/100 par|[from] ability: Hospitality|[of] p2b: jarona
|turn|9
|
|t:|1783920013
|move|p1a: Metagross|Bullet Punch|p2a: aurora veil slave
|-supereffective|p2a: aurora veil slave|2
|-damage|p2a: aurora veil slave|0 fnt
|faint|p2a: aurora veil slave
|move|p2b: jarona|Matcha Gotcha|p1a: Metagross
|-resisted|p1a: Metagross|1
|-damage|p1a: Metagross|0 fnt
|-heal|p2b: jarona|93/100|[from] drain|[of] p1a: Metagross
|faint|p1a: Metagross
|
|win|swooshcel
||mattmoosegoose is ready for game 3.
|inactive|swooshcel has 30 seconds to confirm battle start!
||swooshcel is ready for game 3.
|uhtml|next|Next: Game 3 of 3
