|j|☆sbhaga34
|j|☆Leafeon Enjoyer
|html|sbhaga34Leafeon Enjoyer    
|uhtml|bestof|Game 1 of a best-of-3
|t:|1782524459
|gametype|doubles
|player|p1|sbhaga34|hugh|1251
|player|p2|Leafeon Enjoyer|shauntal|1252
|gen|9
|tier|[Gen 9 Champions] VGC 2026 Reg M-B (Bo3)
|rated|
|rule|Species Clause: Limit one of each Pokémon
|rule|Item Clause: Limit 1 of each item
|clearpoke
|poke|p1|Excadrill, L50, F|
|poke|p1|Tyranitar, L50, F|
|poke|p1|Staraptor, L50, F|
|poke|p1|Rotom-Wash, L50|
|poke|p1|Sinistcha, L50|
|poke|p1|Incineroar, L50, F|
|poke|p2|Delphox, L50, F|
|poke|p2|Sinistcha, L50|
|poke|p2|Incineroar, L50, M|
|poke|p2|Floette-Eternal, L50, F|
|poke|p2|Kingambit, L50, F|
|poke|p2|Sneasler, L50, F|
|teampreview|4
|showteam|p1|Excadrill||FocusSash|SandRush|Earthquake,IronHead,SwordsDance,Protect|Adamant||F|||50|]Tyranitar||Tyranitarite|SandStream|RockSlide,KnockOff,LowKick,Protect|Adamant||F|||50|]Staraptor||Staraptite|Intimidate|CloseCombat,BraveBird,Tailwind,Protect|Jolly||F|||50|]Rotom-Wash||ChoiceScarf|Levitate|VoltSwitch,Thunderbolt,Electroweb,HydroPump|Timid|||||50|]Sinistcha||SitrusBerry|Hospitality|MatchaGotcha,TrickRoom,RagePowder,StrengthSap|Calm|||||50|]Incineroar||Charcoal|Intimidate|FakeOut,FlareBlitz,ThroatChop,PartingShot|Impish||F|||50|
|showteam|p2|Delphox||Delphoxite|Blaze|HeatWave,Psyshock,NastyPlot,Protect|Timid||F|||50|]Sinistcha||KasibBerry|Hospitality|MatchaGotcha,LifeDew,RagePowder,Protect|Bold|||||50|]Incineroar||SitrusBerry|Intimidate|FakeOut,FlareBlitz,ThroatChop,PartingShot|Careful||M|||50|]Floette-Eternal||Floettite|FlowerVeil|DazzlingGleam,DrainingKiss,CalmMind,Protect|Modest||F|||50|]Kingambit||BlackGlasses|Defiant|KowtowCleave,SuckerPunch,SwordsDance,Protect|Adamant||F|||50|]Sneasler||FocusSash|PoisonTouch|FakeOut,CloseCombat,PoisonJab,Protect|Jolly||F|||50|
|inactive|Battle timer is ON: inactive players will automatically lose when time's up. (requested by Leafeon Enjoyer)
|inactive|Leafeon Enjoyer has 60 seconds left.
|inactive|Leafeon Enjoyer has 30 seconds left.
|
|t:|1782524526
|teamsize|p1|4
|teamsize|p2|4
|start
|switch|p1a: Rotom|Rotom-Wash, L50|100/100
|switch|p1b: Staraptor|Staraptor, L50, F|100/100
|switch|p2a: Delphox|Delphox, L50, F|100/100
|switch|p2b: Incineroar|Incineroar, L50, M|100/100
|-ability|p1b: Staraptor|Intimidate|boost
|-unboost|p2a: Delphox|atk|1
|-unboost|p2b: Incineroar|atk|1
|-ability|p2b: Incineroar|Intimidate|boost
|-unboost|p1a: Rotom|atk|1
|-unboost|p1b: Staraptor|atk|1
|turn|1
|
|t:|1782524537
|switch|p1b: Tyranitar|Tyranitar, L50, F|100/100
|-weather|Sandstorm|[from] ability: Sand Stream|[of] p1b: Tyranitar
|switch|p2b: Sinistcha|Sinistcha, L50|100/100
|move|p2a: Delphox|Protect|p2a: Delphox
|-singleturn|p2a: Delphox|Protect
|move|p1a: Rotom|Electroweb|p2a: Delphox|[spread] p2b
|-activate|p2a: Delphox|move: Protect
|-resisted|p2b: Sinistcha|1
|-damage|p2b: Sinistcha|91/100
|-unboost|p2b: Sinistcha|spe|1
|
|-weather|Sandstorm|[upkeep]
|-damage|p1a: Rotom|94/100|[from] Sandstorm
|-damage|p2a: Delphox|94/100|[from] Sandstorm
|-damage|p2b: Sinistcha|85/100|[from] Sandstorm
|upkeep
|turn|2
|
|t:|1782524551
|switch|p2a: Incineroar|Incineroar, L50, M|100/100
|-ability|p2a: Incineroar|Intimidate|boost
|-unboost|p1a: Rotom|atk|1
|-unboost|p1b: Tyranitar|atk|1
|move|p1a: Rotom|Electroweb|p2a: Incineroar|[spread] p2a,p2b
|-resisted|p2b: Sinistcha|1
|-damage|p2a: Incineroar|86/100
|-damage|p2b: Sinistcha|76/100
|-unboost|p2a: Incineroar|spe|1
|-unboost|p2b: Sinistcha|spe|1
|move|p1b: Tyranitar|Knock Off|p2b: Sinistcha
|-supereffective|p2b: Sinistcha|1
|-damage|p2b: Sinistcha|25/100
|-enditem|p2b: Sinistcha|Kasib Berry|[from] move: Knock Off|[of] p1b: Tyranitar
|move|p2b: Sinistcha|Matcha Gotcha|p1a: Rotom|[spread] p1a,p1b
|-supereffective|p1a: Rotom|1
|-supereffective|p1b: Tyranitar|1
|-damage|p1a: Rotom|44/100
|-heal|p2b: Sinistcha|47/100|[from] drain|[of] p1a: Rotom
|-damage|p1b: Tyranitar|71/100
|-heal|p2b: Sinistcha|64/100|[from] drain|[of] p1b: Tyranitar
|
|-weather|Sandstorm|[upkeep]
|-damage|p1a: Rotom|38/100|[from] Sandstorm
|-damage|p2a: Incineroar|80/100|[from] Sandstorm
|-damage|p2b: Sinistcha|57/100|[from] Sandstorm
|upkeep
|turn|3
|inactive|Leafeon Enjoyer has 30 seconds left.
|
|t:|1782524576
|switch|p1a: Staraptor|Staraptor, L50, F|100/100
|-ability|p1a: Staraptor|Intimidate|boost
|-unboost|p2a: Incineroar|atk|1
|-unboost|p2b: Sinistcha|atk|1
|move|p1b: Tyranitar|Protect|p1b: Tyranitar
|-singleturn|p1b: Tyranitar|Protect
|move|p2b: Sinistcha|Protect|p2b: Sinistcha
|-singleturn|p2b: Sinistcha|Protect
|move|p2a: Incineroar|Parting Shot|p1a: Staraptor
|-unboost|p1a: Staraptor|atk|1
|-unboost|p1a: Staraptor|spa|1
|
|t:|1782524580
|switch|p2a: Delphox|Delphox, L50, F|94/100|[from] Parting Shot
|
|-weather|Sandstorm|[upkeep]
|-damage|p2a: Delphox|88/100|[from] Sandstorm
|-damage|p1a: Staraptor|93/100|[from] Sandstorm
|-damage|p2b: Sinistcha|51/100|[from] Sandstorm
|upkeep
|turn|4
|inactive|Leafeon Enjoyer has 30 seconds left.
|inactive|Leafeon Enjoyer has 20 seconds left.
|inactive|Leafeon Enjoyer has 15 seconds left.
|
|t:|1782524621
|switch|p2b: Incineroar|Incineroar, L50, M|80/100
|-ability|p2b: Incineroar|Intimidate|boost
|-unboost|p1a: Staraptor|atk|1
|-unboost|p1b: Tyranitar|atk|1
|detailschange|p2a: Delphox|Delphox-Mega, L50, F
|-mega|p2a: Delphox|Delphox|Delphoxite
|detailschange|p1a: Staraptor|Staraptor-Mega, L50, F
|-mega|p1a: Staraptor|Staraptor|Staraptite
|move|p2a: Delphox|Nasty Plot|p2a: Delphox
|-boost|p2a: Delphox|spa|2
|move|p1a: Staraptor|Brave Bird|p2b: Incineroar
|-damage|p2b: Incineroar|53/100
|-damage|p1a: Staraptor|84/100|[from] Recoil
|move|p1b: Tyranitar|Rock Slide|p2a: Delphox|[spread] p2a,p2b
|-supereffective|p2a: Delphox|1
|-supereffective|p2b: Incineroar|1
|-damage|p2a: Delphox|50/100g
|-damage|p2b: Incineroar|26/100
|-enditem|p2b: Incineroar|Sitrus Berry|[eat]
|-heal|p2b: Incineroar|51/100|[from] item: Sitrus Berry
|
|-weather|Sandstorm|[upkeep]
|-damage|p2a: Delphox|45/100|[from] Sandstorm
|-damage|p1a: Staraptor|78/100|[from] Sandstorm
|-damage|p2b: Incineroar|45/100|[from] Sandstorm
|upkeep
|turn|5
|
|t:|1782524644
|switch|p1b: Rotom|Rotom-Wash, L50|38/100
|move|p1a: Staraptor|Protect|p1a: Staraptor
|-singleturn|p1a: Staraptor|Protect
|move|p2b: Incineroar|Fake Out|p1b: Rotom
|-damage|p1b: Rotom|26/100
|move|p2a: Delphox|Heat Wave|p1a: Staraptor|[spread] p1b
|-activate|p1a: Staraptor|move: Protect
|-resisted|p1b: Rotom|1
|-damage|p1b: Rotom|0 fnt
|faint|p1b: Rotom
|
|-weather|none
|upkeep
|
|t:|1782524648
|switch|p1b: Tyranitar|Tyranitar, L50, F|71/100
|-weather|Sandstorm|[from] ability: Sand Stream|[of] p1b: Tyranitar
|turn|6
|inactive|Leafeon Enjoyer has 30 seconds left.
|inactive|Leafeon Enjoyer has 20 seconds left.
|inactive|Leafeon Enjoyer has 15 seconds left.
|inactive|Leafeon Enjoyer has 10 seconds left.
|
|t:|1782524695
|switch|p1a: Excadrill|Excadrill, L50, F|100/100
|switch|p2b: Sinistcha|Sinistcha, L50|51/100
|-heal|p2a: Delphox|69/100|[from] ability: Hospitality|[of] p2b: Sinistcha
|move|p2a: Delphox|Protect|p2a: Delphox
|-singleturn|p2a: Delphox|Protect
|move|p1b: Tyranitar|Rock Slide|p2a: Delphox|[spread] p2b
|-activate|p2a: Delphox|move: Protect
|-damage|p2b: Sinistcha|29/100
|
|-weather|Sandstorm|[upkeep]
|-damage|p2a: Delphox|64/100|[from] Sandstorm
|-damage|p2b: Sinistcha|23/100|[from] Sandstorm
|upkeep
|turn|7
|
|t:|1782524709
|switch|p2b: Incineroar|Incineroar, L50, M|45/100
|-ability|p2b: Incineroar|Intimidate|boost
|-unboost|p1a: Excadrill|atk|1
|-unboost|p1b: Tyranitar|atk|1
|move|p1a: Excadrill|Swords Dance|p1a: Excadrill
|-boost|p1a: Excadrill|atk|2
|move|p2a: Delphox|Heat Wave|p1a: Excadrill|[spread] p1a,p1b
|-supereffective|p1a: Excadrill|1
|-resisted|p1b: Tyranitar|1
|-enditem|p1a: Excadrill|Focus Sash
|-damage|p1a: Excadrill|1/100
|-damage|p1b: Tyranitar|47/100
|move|p1b: Tyranitar|Rock Slide|p2b: Incineroar|[spread] p2a,p2b
|-supereffective|p2a: Delphox|1
|-supereffective|p2b: Incineroar|1
|-damage|p2a: Delphox|17/100
|-damage|p2b: Incineroar|12/100
|
|-weather|Sandstorm|[upkeep]
|-damage|p2a: Delphox|11/100|[from] Sandstorm
|-damage|p2b: Incineroar|6/100|[from] Sandstorm
|upkeep
|turn|8
|inactive|Leafeon Enjoyer has 30 seconds left.
|inactive|sbhaga34 has 30 seconds left.
|
|t:|1782524744
|move|p1a: Excadrill|Protect|p1a: Excadrill
|-singleturn|p1a: Excadrill|Protect
|move|p2b: Incineroar|Fake Out|p1b: Tyranitar
|-resisted|p1b: Tyranitar|1
|-damage|p1b: Tyranitar|43/100
|move|p2a: Delphox|Nasty Plot|p2a: Delphox
|-boost|p2a: Delphox|spa|2
|cant|p1b: Tyranitar|flinch
|
|-weather|Sandstorm|[upkeep]
|-damage|p2a: Delphox|6/100|[from] Sandstorm
|-damage|p2b: Incineroar|1/100|[from] Sandstorm
|upkeep
|turn|9
|
|t:|1782524757
|switch|p2b: Sinistcha|Sinistcha, L50|23/100
|-heal|p2a: Delphox|30/100|[from] ability: Hospitality|[of] p2b: Sinistcha
|move|p2a: Delphox|Protect|p2a: Delphox
|-singleturn|p2a: Delphox|Protect
|move|p1a: Excadrill|Iron Head|p2a: Delphox
|-activate|p2a: Delphox|move: Protect
|move|p1b: Tyranitar|Rock Slide|p2b: Sinistcha|[spread] p2b
|-activate|p2a: Delphox|move: Protect
|-damage|p2b: Sinistcha|7/100
|
|-weather|Sandstorm|[upkeep]
|-damage|p2a: Delphox|25/100|[from] Sandstorm
|-damage|p2b: Sinistcha|1/100|[from] Sandstorm
|upkeep
|turn|10
|
|t:|1782524771
|switch|p1b: Staraptor|Staraptor-Mega, L50, F|78/100
|move|p1a: Excadrill|Protect|p1a: Excadrill
|-singleturn|p1a: Excadrill|Protect
|move|p2b: Sinistcha|Rage Powder|p2b: Sinistcha
|-singleturn|p2b: Sinistcha|move: Rage Powder
|move|p2a: Delphox|Heat Wave|p1a: Excadrill|[spread] 
|-activate|p1a: Excadrill|move: Protect
|-miss|p2a: Delphox|p1b: Staraptor
|
|-weather|none
|upkeep
|turn|11
|inactive|sbhaga34 has 30 seconds left.
|
|t:|1782524796
|switch|p1a: Tyranitar|Tyranitar, L50, F|43/100
|-weather|Sandstorm|[from] ability: Sand Stream|[of] p1a: Tyranitar
|move|p1b: Staraptor|Protect|p1b: Staraptor
|-singleturn|p1b: Staraptor|Protect
|move|p2b: Sinistcha|Rage Powder|p2b: Sinistcha
|-singleturn|p2b: Sinistcha|move: Rage Powder
|move|p2a: Delphox|Heat Wave|p1b: Staraptor|[spread] p1a
|-activate|p1b: Staraptor|move: Protect
|-resisted|p1a: Tyranitar|1
|-damage|p1a: Tyranitar|11/100
|
|-weather|Sandstorm|[upkeep]
|-damage|p2a: Delphox|19/100|[from] Sandstorm
|-damage|p1b: Staraptor|71/100|[from] Sandstorm
|-damage|p2b: Sinistcha|0 fnt|[from] Sandstorm
|faint|p2b: Sinistcha
|upkeep
|
|t:|1782524803
|switch|p2b: Incineroar|Incineroar, L50, M|1/100
|-ability|p2b: Incineroar|Intimidate|boost
|-unboost|p1a: Tyranitar|atk|1
|-boost|p1b: Staraptor|atk|1
|turn|12
|
|t:|1782524807
|move|p2b: Incineroar|Fake Out|p1b: Staraptor
|-damage|p1b: Staraptor|61/100
|move|p2a: Delphox|Heat Wave|p1b: Staraptor|[spread] p1a,p1b
|-resisted|p1a: Tyranitar|1
|-damage|p1a: Tyranitar|0 fnt
|-damage|p1b: Staraptor|0 fnt
|faint|p1a: Tyranitar
|faint|p1b: Staraptor
|
|-weather|Sandstorm|[upkeep]
|-damage|p2a: Delphox|13/100|[from] Sandstorm
|-damage|p2b: Incineroar|0 fnt|[from] Sandstorm
|faint|p2b: Incineroar
|upkeep
|-message|sbhaga34 forfeited.
|
|win|Leafeon Enjoyer
