|j|☆minhbeoteam
|j|☆SoloSnivy99
|html|minhbeoteamSoloSnivy99    
|uhtml|bestof|Game 1 of a best-of-3
|t:|1782282844
|gametype|doubles
|player|p1|minhbeoteam|266|1055
|player|p2|SoloSnivy99|grimsley|1000
|gen|9
|tier|[Gen 9 Champions] VGC 2026 Reg M-B (Bo3)
|rated|
|rule|Species Clause: Limit one of each Pokémon
|rule|Item Clause: Limit 1 of each item
|clearpoke
|poke|p1|Beedrill, L50, F, shiny|
|poke|p1|Clefable, L50, M|
|poke|p1|Excadrill, L50, F|
|poke|p1|Hippowdon, L50, M|
|poke|p1|Talonflame, L50, M, shiny|
|poke|p1|Sinistcha-Masterpiece, L50|
|poke|p2|Eelektross, L50, F|
|poke|p2|Garchomp, L50, M|
|poke|p2|Whimsicott, L50, F|
|poke|p2|Maushold-Four, L50|
|poke|p2|Sceptile, L50, M|
|poke|p2|Basculegion, L50, M|
|teampreview|4
|showteam|p1|Beedrill||Beedrillite|Sniper|Protect,FellStinger,PoisonJab,DrillRun|Adamant||F|||50|]Clefable||LifeOrb|Unaware|FollowMe,HelpingHand,IcyWind,Moonblast|Modest||M|||50|]Excadrill||Excadrite|SandRush|RockSlide,IronHead,Protect,SwordsDance|Adamant||F|||50|]Hippowdon||PasshoBerry|SandStream|Yawn,Protect,HeavySlam,BodyPress|Impish||M|||50|]Talonflame||SharpBeak|GaleWings|Protect,Tailwind,DualWingbeat,WillOWisp|Jolly||M|||50|]Sinistcha-Masterpiece||Leftovers|Hospitality|MatchaGotcha,StrengthSap,RagePowder,ShadowBall|Modest|||||50|
|showteam|p2|Eelektross||Eelektrossite|Levitate|Discharge,Flamethrower,DragonPulse,Protect|Modest||F|||50|]Garchomp||ChoiceScarf|RoughSkin|RockSlide,PoisonJab,DragonTail,Earthquake|Adamant||M|||50|]Whimsicott||FocusSash|Prankster|Moonblast,Encore,Tailwind,Protect|Timid||F|||50|]Maushold-Four||ChopleBerry|FriendGuard|FollowMe,Encore,Feint,Protect|Jolly|||||50|]Sceptile||Sceptilite|Overgrow|DragonPulse,EarthPower,EnergyBall,Protect|Timid||M|||50|]Basculegion||LifeOrb|Adaptability|Protect,WaveCrash,AquaJet,LastRespects|Jolly||M|||50|
|
|t:|1782282896
|teamsize|p1|4
|teamsize|p2|4
|start
|switch|p1a: Talonflame|Talonflame, L50, M, shiny|100/100
|switch|p1b: Hippowdon|Hippowdon, L50, M|100/100
|switch|p2a: Eelektross|Eelektross, L50, F|100/100
|switch|p2b: Sceptile|Sceptile, L50, M|100/100
|-weather|Sandstorm|[from] ability: Sand Stream|[of] p1b: Hippowdon
|turn|1
|
|t:|1782282931
|detailschange|p2b: Sceptile|Sceptile-Mega, L50, M
|-mega|p2b: Sceptile|Sceptile|Sceptilite
|move|p1a: Talonflame|Tailwind|p1a: Talonflame
|-sidestart|p1: minhbeoteam|move: Tailwind
|move|p2b: Sceptile|Energy Ball|p1b: Hippowdon
|-supereffective|p1b: Hippowdon|1
|-damage|p1b: Hippowdon|0 fnt
|faint|p1b: Hippowdon
|move|p2a: Eelektross|Discharge|p1a: Talonflame|[spread] p1a
|-ability|p2b: Sceptile|Lightning Rod|boost
|-boost|p2b: Sceptile|spa|1
|-supereffective|p1a: Talonflame|1
|-damage|p1a: Talonflame|22/100
|
|-weather|Sandstorm|[upkeep]
|-damage|p1a: Talonflame|16/100|[from] Sandstorm
|-damage|p2b: Sceptile|93/100|[from] Sandstorm
|-damage|p2a: Eelektross|94/100|[from] Sandstorm
|upkeep
|
|t:|1782282945
|switch|p1b: Excadrill|Excadrill, L50, F|100/100
|turn|2
|inactive|Battle timer is ON: inactive players will automatically lose when time's up. (requested by minhbeoteam)
|
|t:|1782282970
|detailschange|p1b: Excadrill|Excadrill-Mega, L50, F
|-mega|p1b: Excadrill|Excadrill|Excadrite
|move|p1a: Talonflame|Dual Wingbeat|p2b: Sceptile
|-supereffective|p2b: Sceptile|1
|-damage|p2b: Sceptile|36/100
|-supereffective|p2b: Sceptile|1
|-damage|p2b: Sceptile|0 fnt
|faint|p2b: Sceptile
|-hitcount|p2: Sceptile|2
|move|p1b: Excadrill|Swords Dance|p1b: Excadrill
|-boost|p1b: Excadrill|atk|2
|move|p2a: Eelektross|Discharge|p1a: Talonflame|[spread] p1a
|-immune|p1b: Excadrill
|-supereffective|p1a: Talonflame|1
|-damage|p1a: Talonflame|0 fnt
|faint|p1a: Talonflame
|
|-weather|Sandstorm|[upkeep]
|-damage|p2a: Eelektross|88/100|[from] Sandstorm
|upkeep
|
|t:|1782282986
|switch|p2b: Garchomp|Garchomp, L50, M|100/100
|switch|p1a: Sinistcha|Sinistcha-Masterpiece, L50|100/100
|turn|3
|
|t:|1782283002
|move|p1b: Excadrill|Protect|p1b: Excadrill
|-singleturn|p1b: Excadrill|Protect
|move|p2b: Garchomp|Earthquake|p1a: Sinistcha|[spread] p1a
|-activate|p1b: Excadrill|move: Protect
|-immune|p2a: Eelektross|[from] ability: Levitate
|-resisted|p1a: Sinistcha|1
|-damage|p1a: Sinistcha|79/100
|move|p1a: Sinistcha|Strength Sap|p2b: Garchomp
|-unboost|p2b: Garchomp|atk|1
|-heal|p1a: Sinistcha|100/100
|move|p2a: Eelektross|Flamethrower|p1a: Sinistcha
|-supereffective|p1a: Sinistcha|1
|-damage|p1a: Sinistcha|37/100
|
|-weather|Sandstorm|[upkeep]
|-damage|p1a: Sinistcha|30/100|[from] Sandstorm
|-damage|p2a: Eelektross|82/100|[from] Sandstorm
|-heal|p1a: Sinistcha|37/100|[from] item: Leftovers
|upkeep
|turn|4
|inactive|minhbeoteam has 30 seconds left.
|inactive|SoloSnivy99 has 30 seconds left.
|
|t:|1782283030
|move|p1b: Excadrill|Rock Slide|p2b: Garchomp|[spread] p2a,p2b
|-resisted|p2b: Garchomp|1
|-damage|p2a: Eelektross|25/100
|-damage|p2b: Garchomp|75/100
|move|p2b: Garchomp|Earthquake|p1a: Sinistcha|[spread] p1a,p1b
|-immune|p2a: Eelektross|[from] ability: Levitate
|-resisted|p1a: Sinistcha|1
|-supereffective|p1b: Excadrill|1
|-damage|p1a: Sinistcha|24/100
|-damage|p1b: Excadrill|48/100
|move|p1a: Sinistcha|Matcha Gotcha|p2a: Eelektross|[spread] p2a,p2b
|-damage|p2a: Eelektross|0 fnt
|-heal|p1a: Sinistcha|37/100|[from] drain|[of] p2a: Eelektross
|-damage|p2b: Garchomp|41/100
|-heal|p1a: Sinistcha|55/100|[from] drain|[of] p2b: Garchomp
|faint|p2a: Eelektross
|
|-weather|Sandstorm|[upkeep]
|-damage|p1a: Sinistcha|49/100|[from] Sandstorm
|-heal|p1a: Sinistcha|55/100|[from] item: Leftovers
|-sideend|p1: minhbeoteam|move: Tailwind
|upkeep
|
|t:|1782283050
|switch|p2a: Basculegion|Basculegion, L50, M|100/100
|turn|5
|
|t:|1782283067
|move|p1b: Excadrill|Protect|p1b: Excadrill
|-singleturn|p1b: Excadrill|Protect
|move|p2b: Garchomp|Earthquake|p1b: Excadrill|[spread] p2a,p1a
|-activate|p1b: Excadrill|move: Protect
|-resisted|p1a: Sinistcha|1
|-damage|p2a: Basculegion|64/100
|-damage|p1a: Sinistcha|41/100
|move|p2a: Basculegion|Last Respects|p1a: Sinistcha
|-supereffective|p1a: Sinistcha|1
|-damage|p1a: Sinistcha|0 fnt
|faint|p1a: Sinistcha
|-damage|p2a: Basculegion|54/100|[from] item: Life Orb
|
|-weather|none
|upkeep
|turn|6
|
|t:|1782283084
|move|p2a: Basculegion|Aqua Jet|p1b: Excadrill
|-supereffective|p1b: Excadrill|1
|-damage|p1b: Excadrill|0 fnt
|faint|p1b: Excadrill
|-damage|p2a: Basculegion|45/100|[from] item: Life Orb
|
|win|SoloSnivy99
||minhbeoteam is ready for game 2.
|inactive|SoloSnivy99 has 30 seconds to confirm battle start!
