|j|☆Fem boi Cardi
|j|☆QUELON
|html|Fem boi CardiQUELON    
|uhtml|bestof|Game 3 of a best-of-3
|t:|1756827665
|gametype|doubles
|player|p1|Fem boi Cardi|nurse|1249
|player|p2|QUELON|cyrus|1294
|gen|9
|tier|[Gen 9] VGC 2025 Reg H (Bo3)
|rated|
|rule|Species Clause: Limit one of each Pokémon
|rule|Item Clause: Limit 1 of each item
|clearpoke
|poke|p1|Brambleghast, L50, F|
|poke|p1|Whimsicott, L50, F|
|poke|p1|Volcarona, L50, M|
|poke|p1|Glimmora, L50, M|
|poke|p1|Ursaluna-Bloodmoon, L50, M|
|poke|p1|Farigiraf, L50, M|
|poke|p2|Gholdengo, L50|
|poke|p2|Sneasler, L50, F|
|poke|p2|Incineroar, L50, M|
|poke|p2|Amoonguss, L50, F|
|poke|p2|Dragonite, L50, M|
|poke|p2|Ursaluna-Bloodmoon, L50, M|
|teampreview|4
|showteam|p1|Brambleghast||FocusSash|WindRider|Poltergeist,ShadowSneak,PowerWhip,StrengthSap|||F|||50|,,,,,Ghost]Whimsicott||CovertCloak|Prankster|Tailwind,CottonSpore,Moonblast,SunnyDay|||F|||50|,,,,,Dark]Volcarona||ChoiceSpecs|FlameBody|HeatWave,StruggleBug,Overheat,BugBuzz|||M|||50|,,,,,Ghost]Glimmora||PowerHerb|ToxicDebris|MeteorBeam,SludgeBomb,MortalSpin,SpikyShield|||M|||50|,,,,,Grass]Ursaluna-Bloodmoon||LifeOrb|MindsEye|BloodMoon,HyperVoice,EarthPower,Protect|||M|||50|,,,,,Normal]Farigiraf||RockyHelmet|ArmorTail|TeraBlast,TrickRoom,HelpingHand,Psychic|||M|||50|,,,,,Fighting
|showteam|p2|Gholdengo||LifeOrb|GoodasGold|MakeItRain,ShadowBall,NastyPlot,Protect||||||50|,,,,,Steel]Sneasler||FocusSash|PoisonTouch|FakeOut,CloseCombat,DireClaw,Protect|||F|||50|,,,,,Stellar]Incineroar||SafetyGoggles|Intimidate|FakeOut,FlareBlitz,KnockOff,PartingShot|||M|||50|,,,,,Ghost]Amoonguss||SitrusBerry|Regenerator|Spore,RagePowder,SludgeBomb,Protect|||F|||50|,,,,,Water]Dragonite||LoadedDice|Multiscale|ScaleShot,Haze,Tailwind,ExtremeSpeed|||M|||50|,,,,,Fairy]Ursaluna-Bloodmoon||AssaultVest|MindsEye|HyperVoice,BloodMoon,EarthPower,VacuumWave|||M|||50|,,,,,Normal
|inactive|Battle timer is ON: inactive players will automatically lose when time's up. (requested by Fem boi Cardi)
|inactive|Fem boi Cardi has 60 seconds left.
|inactive|QUELON has 60 seconds left.
|
|t:|1756827711
|teamsize|p1|4
|teamsize|p2|4
|start
|switch|p1a: Whimsicott|Whimsicott, L50, F|100/100
|switch|p1b: Ursaluna|Ursaluna-Bloodmoon, L50, M|100/100
|switch|p2a: Sneasler|Sneasler, L50, F|100/100
|switch|p2b: Gholdengo|Gholdengo, L50|100/100
|turn|1
|inactive|Fem boi Cardi has 30 seconds left.
|
|t:|1756827740
|move|p1b: Ursaluna|Protect|p1b: Ursaluna
|-singleturn|p1b: Ursaluna|Protect
|move|p2a: Sneasler|Fake Out|p1b: Ursaluna
|-activate|p1b: Ursaluna|move: Protect
|move|p1a: Whimsicott|Tailwind|p1a: Whimsicott
|-sidestart|p1: Fem boi Cardi|move: Tailwind
|move|p2b: Gholdengo|Make It Rain|p1a: Whimsicott|[spread] p1a
|-activate|p1b: Ursaluna|move: Protect
|-supereffective|p1a: Whimsicott
|-damage|p1a: Whimsicott|0 fnt
|-unboost|p2b: Gholdengo|spa|1
|faint|p1a: Whimsicott
|-damage|p2b: Gholdengo|91/100|[from] item: Life Orb
|
|upkeep
|
|t:|1756827751
|switch|p1a: Brambleghast|Brambleghast, L50, F|100/100
|-ability|p1a: Brambleghast|Wind Rider|boost
|-boost|p1a: Brambleghast|atk|1
|turn|2
|inactive|Fem boi Cardi has 30 seconds left.
|inactive|QUELON has 30 seconds left.
|inactive|Fem boi Cardi has 20 seconds left.
|
|t:|1756827791
|switch|p1a: Glimmora|Glimmora, L50, M|100/100
|switch|p2a: Dragonite|Dragonite, L50, M|100/100
|switch|p2b: Incineroar|Incineroar, L50, M, shiny|100/100
|-ability|p2b: Incineroar|Intimidate|boost
|-unboost|p1a: Glimmora|atk|1
|-unboost|p1b: Ursaluna|atk|1
|move|p1b: Ursaluna|Earth Power|p2a: Dragonite
|-immune|p2a: Dragonite
|
|upkeep
|turn|3
|inactive|QUELON has 30 seconds left.
|inactive|QUELON has 20 seconds left.
|inactive|QUELON has 15 seconds left.
|
|t:|1756827834
|move|p2b: Incineroar|Fake Out|p1a: Glimmora
|-resisted|p1a: Glimmora
|-damage|p1a: Glimmora|95/100
|-activate|p1a: Glimmora|ability: Toxic Debris
|-sidestart|p2: QUELON|move: Toxic Spikes
|cant|p1a: Glimmora|flinch
|move|p1b: Ursaluna|Earth Power|p2b: Incineroar
|-supereffective|p2b: Incineroar
|-damage|p2b: Incineroar|7/100
|-damage|p1b: Ursaluna|91/100|[from] item: Life Orb
|move|p2a: Dragonite|Scale Shot|p1b: Ursaluna
|-damage|p1b: Ursaluna|80/100
|-damage|p1b: Ursaluna|69/100
|-crit|p1b: Ursaluna
|-damage|p1b: Ursaluna|49/100
|-damage|p1b: Ursaluna|38/100
|-hitcount|p1b: Ursaluna|4
|-unboost|p2a: Dragonite|def|1
|-boost|p2a: Dragonite|spe|1
|
|upkeep
|turn|4
|inactive|Fem boi Cardi has 30 seconds left.
|inactive|QUELON has 30 seconds left.
|inactive|QUELON has 20 seconds left.
|inactive|QUELON has 15 seconds left.
|c|☆Fem boi Cardi|gg
|inactive|QUELON has 10 seconds left.
|inactive|QUELON has 5 seconds left.
|
|t:|1756827885
|-terastallize|p1b: Ursaluna|Normal
|move|p2a: Dragonite|Extreme Speed|p1b: Ursaluna
|-damage|p1b: Ursaluna|12/100
|move|p1a: Glimmora|Meteor Beam||[still]
|-prepare|p1a: Glimmora|Meteor Beam
|-boost|p1a: Glimmora|spa|1
|-enditem|p1a: Glimmora|Power Herb
|-anim|p1a: Glimmora|Meteor Beam|p2a: Dragonite
|-supereffective|p2a: Dragonite
|-damage|p2a: Dragonite|0 fnt
|faint|p2a: Dragonite
|move|p1b: Ursaluna|Hyper Voice|p2b: Incineroar
|-damage|p2b: Incineroar|0 fnt
|faint|p2b: Incineroar
|-damage|p1b: Ursaluna|2/100|[from] item: Life Orb
|
|-sideend|p1: Fem boi Cardi|move: Tailwind
|upkeep
|
|t:|1756827894
|switch|p2a: Gholdengo|Gholdengo, L50|91/100
|switch|p2b: Sneasler|Sneasler, L50, F|100/100
|-sideend|p2: QUELON|move: Toxic Spikes|[of] p2b: Sneasler
|turn|5
|
|t:|1756827919
|-terastallize|p2a: Gholdengo|Steel
|move|p2b: Sneasler|Fake Out|p1a: Glimmora
|-resisted|p1a: Glimmora
|-damage|p1a: Glimmora|88/100
|-activate|p1a: Glimmora|ability: Toxic Debris
|-sidestart|p2: QUELON|move: Toxic Spikes
|move|p2a: Gholdengo|Make It Rain|p1b: Ursaluna|[spread] p1a,p1b
|-supereffective|p1a: Glimmora
|-damage|p1a: Glimmora|0 fnt
|-damage|p1b: Ursaluna|0 fnt
|-unboost|p2a: Gholdengo|spa|1
|faint|p1a: Glimmora
|faint|p1b: Ursaluna
|-damage|p2a: Gholdengo|81/100|[from] item: Life Orb
|
|upkeep
|
|t:|1756827922
|switch|p1b: Brambleghast|Brambleghast, L50, F|100/100
|turn|6
|-message|Fem boi Cardi forfeited.
|raw|Fem boi Cardi's rating: 1249 → 1227(-22 for losing)
|raw|QUELON's rating: 1294 → 1316(+22 for winning)
|
|win|QUELON
|l|☆Fem boi Cardi
|player|p1|
|c|☆QUELON|gg
