|j|☆itsbeefman
|j|☆jeanryupr
|html|itsbeefmanjeanryupr    
|uhtml|bestof|Game 1 of a best-of-3
|t:|1756584469
|gametype|doubles
|player|p1|itsbeefman|nate|1010
|player|p2|jeanryupr|101|1076
|gen|9
|tier|[Gen 9] VGC 2025 Reg H (Bo3)
|rated|
|rule|Species Clause: Limit one of each Pokémon
|rule|Item Clause: Limit 1 of each item
|clearpoke
|poke|p1|Alcremie-Matcha-Cream, L50, F|
|poke|p1|Gholdengo, L50|
|poke|p1|Incineroar, L50, M|
|poke|p1|Dragonite, L50, F|
|poke|p1|Amoonguss, L50, F|
|poke|p1|Rillaboom, L50, M|
|poke|p2|Incineroar, L50, M|
|poke|p2|Amoonguss, L50, F|
|poke|p2|Rillaboom, L50, M|
|poke|p2|Sylveon, L50, F|
|poke|p2|Dragonite, L50, M|
|poke|p2|Gholdengo, L50|
|teampreview|4
|showteam|p1|Alcremie-Matcha-Cream||FocusSash|SweetVeil|Decorate,HelpingHand,DazzlingGleam,Encore|||F|||50|,,,,,Steel]Gholdengo||LifeOrb|GoodasGold|MakeItRain,PowerGem,Thunderbolt,NastyPlot||||||50|,,,,,Dark]Incineroar||SafetyGoggles|Intimidate|FakeOut,PartingShot,KnockOff,FlareBlitz|||M|||50|,,,,,Ghost]Dragonite||Leftovers|InnerFocus|IcyWind,ExtremeSpeed,DragonClaw,Tailwind|||F|||50|,,,,,Normal]Amoonguss||RockyHelmet|Regenerator|ClearSmog,Protect,RagePowder,Spore|||F|||50|,,,,,Water]Rillaboom||AssaultVest|GrassySurge|Taunt,GrassyGlide,HighHorsepower,FakeOut|||M|||50|,,,,,Ground
|showteam|p2|Incineroar||SafetyGoggles|Intimidate|FakeOut,FlareBlitz,PartingShot,KnockOff|||M|||50|,,,,,Water]Amoonguss||RockyHelmet|Regenerator|RagePowder,Spore,PollenPuff,Protect|||F|||50|,,,,,Water]Rillaboom||AssaultVest|GrassySurge|GrassyGlide,WoodHammer,FakeOut,Uturn|||M|||50|,,,,,Fire]Sylveon||ThroatSpray|Pixilate|HyperVoice,TeraBlast,Protect,QuickAttack|||F|||50|,,,,,Fire]Dragonite||LoadedDice|InnerFocus|ScaleShot,Haze,IceSpinner,ExtremeSpeed|||M|||50|,,,,,Normal]Gholdengo||Leftovers|GoodasGold|MakeItRain,ShadowBall,Protect,NastyPlot||||||50|,,,,,Steel
|inactive|Battle timer is ON: inactive players will automatically lose when time's up. (requested by itsbeefman)
|inactive|itsbeefman has 60 seconds left.
|
|t:|1756584515
|teamsize|p1|4
|teamsize|p2|4
|start
|switch|p1a: Dragonite|Dragonite, L50, F|100/100
|switch|p1b: Alcremie|Alcremie-Matcha-Cream, L50, F|100/100
|switch|p2a: Incineroar|Incineroar, L50, M|100/100
|switch|p2b: Gholdengo|Gholdengo, L50|100/100
|-ability|p2a: Incineroar|Intimidate|boost
|-fail|p1a: Dragonite|unboost|Attack|[from] ability: Inner Focus|[of] p1a: Dragonite
|-unboost|p1b: Alcremie|atk|1
|turn|1
|inactive|itsbeefman has 30 seconds left.
|inactive|jeanryupr has 30 seconds left.
|inactive|jeanryupr has 20 seconds left.
|
|t:|1756584550
|move|p2a: Incineroar|Fake Out|p1b: Alcremie
|-damage|p1b: Alcremie|85/100
|move|p2b: Gholdengo|Nasty Plot|p2b: Gholdengo
|-boost|p2b: Gholdengo|spa|2
|move|p1a: Dragonite|Icy Wind|p2a: Incineroar|[spread] p2b
|-miss|p1a: Dragonite|p2a: Incineroar
|-resisted|p2b: Gholdengo
|-damage|p2b: Gholdengo|95/100
|-unboost|p2b: Gholdengo|spe|1
|cant|p1b: Alcremie|flinch
|
|-heal|p2b: Gholdengo|100/100|[from] item: Leftovers
|upkeep
|turn|2
|
|t:|1756584570
|switch|p2a: Amoonguss|Amoonguss, L50, F|100/100
|move|p1a: Dragonite|Tailwind|p1a: Dragonite
|-sidestart|p1: itsbeefman|move: Tailwind
|move|p1b: Alcremie|Encore|p2b: Gholdengo
|-immune|p2b: Gholdengo|[from] ability: Good as Gold
|move|p2b: Gholdengo|Make It Rain|p1b: Alcremie|[spread] p1a,p1b
|-supereffective|p1b: Alcremie
|-damage|p1a: Dragonite|0 fnt
|-damage|p1b: Alcremie|0 fnt
|-unboost|p2b: Gholdengo|spa|1
|faint|p1a: Dragonite
|faint|p1b: Alcremie
|
|upkeep
|
|t:|1756584584
|switch|p1a: Gholdengo|Gholdengo, L50|100/100
|switch|p1b: Amoonguss|Amoonguss, L50, F|100/100
|turn|3
|inactive|jeanryupr has 30 seconds left.
|
|t:|1756584609
|-terastallize|p2b: Gholdengo|Steel
|move|p2a: Amoonguss|Rage Powder|p2a: Amoonguss
|-singleturn|p2a: Amoonguss|move: Rage Powder
|move|p1a: Gholdengo|Nasty Plot|p1a: Gholdengo
|-boost|p1a: Gholdengo|spa|2
|move|p2b: Gholdengo|Make It Rain|p1a: Gholdengo|[spread] p1a,p1b
|-resisted|p1a: Gholdengo
|-damage|p1a: Gholdengo|44/100
|-damage|p1b: Amoonguss|34/100
|-unboost|p2b: Gholdengo|spa|1
|move|p1b: Amoonguss|Clear Smog|p2b: Gholdengo
|-immune|p2b: Gholdengo
|
|upkeep
|turn|4
|
|t:|1756584630
|switch|p2a: Incineroar|Incineroar, L50, M|100/100
|-ability|p2a: Incineroar|Intimidate|boost
|-unboost|p1a: Gholdengo|atk|1
|-unboost|p1b: Amoonguss|atk|1
|move|p1b: Amoonguss|Rage Powder|p1b: Amoonguss
|-singleturn|p1b: Amoonguss|move: Rage Powder
|move|p1a: Gholdengo|Make It Rain|p2b: Gholdengo|[spread] p2a,p2b
|-resisted|p2a: Incineroar
|-resisted|p2b: Gholdengo
|-damage|p2a: Incineroar|58/100
|-damage|p2b: Gholdengo|25/100
|-unboost|p1a: Gholdengo|spa|1
|-damage|p1a: Gholdengo|34/100|[from] item: Life Orb
|move|p2b: Gholdengo|Shadow Ball|p1b: Amoonguss
|-damage|p1b: Amoonguss|6/100
|
|-heal|p2b: Gholdengo|30/100|[from] item: Leftovers
|upkeep
|turn|5
|
|t:|1756584651
|switch|p2b: Amoonguss|Amoonguss, L50, F|100/100
|move|p1a: Gholdengo|Make It Rain|p2a: Incineroar|[spread] p2a,p2b
|-resisted|p2a: Incineroar
|-damage|p2a: Incineroar|26/100
|-damage|p2b: Amoonguss|22/100
|-unboost|p1a: Gholdengo|spa|1
|-damage|p1a: Gholdengo|25/100|[from] item: Life Orb
|move|p2a: Incineroar|Flare Blitz|p1a: Gholdengo
|-supereffective|p1a: Gholdengo
|-damage|p1a: Gholdengo|0 fnt
|faint|p1a: Gholdengo
|-damage|p2a: Incineroar|19/100|[from] Recoil
|move|p1b: Amoonguss|Spore|p2a: Incineroar
|-activate|p2a: Incineroar|item: Safety Goggles|Spore
|
|-sideend|p1: itsbeefman|move: Tailwind
|upkeep
|turn|6
|inactive|itsbeefman has 30 seconds left.
|inactive|jeanryupr has 30 seconds left.
|-message|itsbeefman forfeited.
|raw|itsbeefman's rating: 1010 → 1001(-9 for losing)
|raw|jeanryupr's rating: 1076 → 1099(+23 for winning)
|
|win|jeanryupr
