|j|☆oscraft89
|j|☆SRareFox
|html|oscraft89SRareFox    
|uhtml|bestof|Game 3 of a best-of-3
|t:|1757169273
|gametype|doubles
|player|p1|oscraft89|1|1333
|player|p2|SRareFox|169|1302
|gen|9
|tier|[Gen 9] VGC 2025 Reg H (Bo3)
|rated|
|rule|Species Clause: Limit one of each Pokémon
|rule|Item Clause: Limit 1 of each item
|clearpoke
|poke|p1|Porygon2, L50|
|poke|p1|Incineroar, L50, F|
|poke|p1|Jumpluff, L50, F|
|poke|p1|Charizard, L50, M|
|poke|p1|Ursaluna, L50, F|
|poke|p1|Torkoal, L50, F|
|poke|p2|Hatterene, L50, F|
|poke|p2|Indeedee-F, L50, F|
|poke|p2|Gallade, L50, M|
|poke|p2|Ursaluna, L50, F|
|poke|p2|Torkoal, L50, M|
|poke|p2|Porygon2, L50|
|teampreview|4
|showteam|p1|Porygon2||Eviolite|Download|TeraBlast,IceBeam,Recover,TrickRoom||||||50|,,,,,Fighting]Incineroar||SitrusBerry|Intimidate|FakeOut,FlareBlitz,KnockOff,PartingShot|||F|||50|,,,,,Ghost]Jumpluff||CovertCloak|Chlorophyll|SleepPowder,Tailwind,SunnyDay,RagePowder|||F|||50|,,,,,Water]Charizard||ChoiceSpecs|SolarPower|HeatWave,WeatherBall,DragonPulse,Overheat|||M|||50|,,,,,Ghost]Ursaluna||FlameOrb|Guts|Protect,Earthquake,HeadlongRush,Facade|||F|||50|,,,,,Ghost]Torkoal||EjectPack|Drought|Eruption,Overheat,HelpingHand,Protect|||F|||50|,,,,,Fire
|showteam|p2|Hatterene||LifeOrb|MagicBounce|ExpandingForce,DazzlingGleam,TrickRoom,MysticalFire|||F|||50|,,,,,Fire]Indeedee-F||SafetyGoggles|PsychicSurge|Psychic,FollowMe,TrickRoom,HelpingHand|||F|||50|,,,,,Water]Gallade||ClearAmulet|Sharpness|PsychoCut,SacredSword,TrickRoom,WideGuard|||M|||50|,,,,,Grass]Ursaluna||FlameOrb|Guts|Facade,HeadlongRush,Earthquake,Protect|||F|||50|,,,,,Ghost]Torkoal||Charcoal|Drought|Eruption,WeatherBall,ClearSmog,Protect|||M|||50|,,,,,Fire]Porygon2||Eviolite|Download|IceBeam,TeraBlast,TrickRoom,Recover||||||50|,,,,,Flying
|inactive|Battle timer is ON: inactive players will automatically lose when time's up. (requested by SRareFox)
|inactive|SRareFox has 60 seconds left.
|
|t:|1757169312
|teamsize|p1|4
|teamsize|p2|4
|start
|switch|p1a: Charizard|Charizard, L50, M|100/100
|switch|p1b: Ursaluna|Ursaluna, L50, F|100/100
|switch|p2a: Indeedee|Indeedee-F, L50, F|100/100
|switch|p2b: Gallade|Gallade, L50, M|100/100
|-fieldstart|move: Psychic Terrain|[from] ability: Psychic Surge|[of] p2a: Indeedee
|turn|1
|inactive|oscraft89 has 30 seconds left.
|inactive|oscraft89 has 20 seconds left.
|inactive|oscraft89 has 15 seconds left.
|
|t:|1757169355
|switch|p1b: Torkoal|Torkoal, L50, F|100/100
|-weather|SunnyDay|[from] ability: Drought|[of] p1b: Torkoal
|-terastallize|p2a: Indeedee|Water
|move|p2b: Gallade|Wide Guard|p2b: Gallade
|-singleturn|p2b: Gallade|Wide Guard
|move|p1a: Charizard|Heat Wave|p2a: Indeedee|[spread] 
|-activate|p2a: Indeedee|move: Wide Guard
|-activate|p2b: Gallade|move: Wide Guard
|move|p2a: Indeedee|Trick Room|p2a: Indeedee
|-fieldstart|move: Trick Room|[of] p2a: Indeedee
|
|-weather|SunnyDay|[upkeep]
|-damage|p1a: Charizard|88/100|[from] ability: Solar Power|[of] p1a: Charizard
|upkeep
|turn|2
|
|t:|1757169374
|move|p1b: Torkoal|Protect|p1b: Torkoal
|-singleturn|p1b: Torkoal|Protect
|move|p2b: Gallade|Wide Guard|p2b: Gallade
|-singleturn|p2b: Gallade|Wide Guard
|move|p2a: Indeedee|Psychic|p1b: Torkoal
|-activate|p1b: Torkoal|move: Protect
|move|p1a: Charizard|Heat Wave|p2b: Gallade|[spread] 
|-activate|p2a: Indeedee|move: Wide Guard
|-activate|p2b: Gallade|move: Wide Guard
|
|-weather|SunnyDay|[upkeep]
|-damage|p1a: Charizard|76/100|[from] ability: Solar Power|[of] p1a: Charizard
|upkeep
|turn|3
|
|t:|1757169385
|switch|p1b: Porygon2|Porygon2, L50|100/100
|-ability|p1b: Porygon2|Download|boost
|-boost|p1b: Porygon2|atk|1
|move|p2b: Gallade|Wide Guard|p2b: Gallade
|-singleturn|p2b: Gallade|Wide Guard
|move|p2a: Indeedee|Psychic|p1b: Porygon2
|-crit|p1b: Porygon2
|-damage|p1b: Porygon2|62/100
|move|p1a: Charizard|Heat Wave|p2b: Gallade|[spread] 
|-activate|p2a: Indeedee|move: Wide Guard
|-activate|p2b: Gallade|move: Wide Guard
|
|-weather|SunnyDay|[upkeep]
|-damage|p1a: Charizard|63/100|[from] ability: Solar Power|[of] p1a: Charizard
|upkeep
|turn|4
|
|t:|1757169407
|move|p2b: Gallade|Sacred Sword|p1b: Porygon2
|-supereffective|p1b: Porygon2
|-damage|p1b: Porygon2|0 fnt
|faint|p1b: Porygon2
|move|p2a: Indeedee|Psychic|p1a: Charizard
|-damage|p1a: Charizard|16/100
|move|p1a: Charizard|Heat Wave|p2a: Indeedee|[spread] p2a,p2b
|-resisted|p2a: Indeedee
|-damage|p2a: Indeedee|51/100
|-damage|p2b: Gallade|2/100
|
|-weather|SunnyDay|[upkeep]
|-damage|p1a: Charizard|3/100|[from] ability: Solar Power|[of] p1a: Charizard
|upkeep
|
|t:|1757169421
|switch|p1b: Ursaluna|Ursaluna, L50, F|100/100
|turn|5
|
|t:|1757169432
|-terastallize|p1b: Ursaluna|Ghost
|move|p2b: Gallade|Psycho Cut|p1b: Ursaluna
|-damage|p1b: Ursaluna|39/100
|move|p2a: Indeedee|Psychic|p1a: Charizard
|-damage|p1a: Charizard|0 fnt
|faint|p1a: Charizard
|move|p1b: Ursaluna|Earthquake|p2b: Gallade|[spread] p2a,p2b
|-crit|p2b: Gallade
|-damage|p2a: Indeedee|7/100
|-damage|p2b: Gallade|0 fnt
|faint|p2b: Gallade
|
|-weather|none
|-fieldend|move: Trick Room
|-fieldend|move: Psychic Terrain
|-status|p1b: Ursaluna|brn|[from] item: Flame Orb
|upkeep
|
|t:|1757169442
|switch|p1a: Torkoal|Torkoal, L50, F|100/100
|switch|p2b: Porygon2|Porygon2, L50|100/100
|-ability|p2b: Porygon2|Download|boost
|-boost|p2b: Porygon2|spa|1
|-weather|SunnyDay|[from] ability: Drought|[of] p1a: Torkoal
|turn|6
|
|t:|1757169459
|move|p2a: Indeedee|Follow Me|p2a: Indeedee
|-singleturn|p2a: Indeedee|move: Follow Me
|move|p1b: Ursaluna|Facade|p2a: Indeedee
|-damage|p2a: Indeedee|0 fnt
|faint|p2a: Indeedee
|move|p2b: Porygon2|Ice Beam|p1b: Ursaluna
|-damage|p1b: Ursaluna|3/100 brn
|move|p1a: Torkoal|Eruption|p2b: Porygon2
|-damage|p2b: Porygon2|34/100
|
|-weather|SunnyDay|[upkeep]
|-damage|p1b: Ursaluna|0 fnt|[from] brn
|faint|p1b: Ursaluna
|upkeep
|
|t:|1757169468
|switch|p2a: Ursaluna|Ursaluna, L50, F|100/100
|turn|7
|
|t:|1757169473
|move|p2b: Porygon2|Recover|p2b: Porygon2
|-heal|p2b: Porygon2|84/100
|move|p2a: Ursaluna|Headlong Rush|p1a: Torkoal
|-supereffective|p1a: Torkoal
|-damage|p1a: Torkoal|0 fnt
|-unboost|p2a: Ursaluna|def|1
|-unboost|p2a: Ursaluna|spd|1
|faint|p1a: Torkoal
|
|win|SRareFox
|raw|oscraft89's rating: 1333 → 1311(-22 for losing)
|raw|SRareFox's rating: 1302 → 1324(+22 for winning)
|l|☆oscraft89
|player|p1|
