|j|â˜†Descugi
|j|â˜†IndianCrackCoffee
|html|DescugiIndianCrackCoffee    
|uhtml|bestof|Game 2 of a best-of-3
|t:|1756484986
|gametype|doubles
|player|p1|Descugi|101|1080
|player|p2|IndianCrackCoffee|brendan-masters|1045
|gen|9
|tier|[Gen 9] VGC 2025 Reg H (Bo3)
|rated|
|rule|Species Clause: Limit one of each PokÃ©mon
|rule|Item Clause: Limit 1 of each item
|clearpoke
|poke|p1|Maushold-Four, L50|
|poke|p1|Annihilape, L50, F|
|poke|p1|Gholdengo, L50|
|poke|p1|Dragonite, L50, M|
|poke|p1|Garchomp, L50, M|
|poke|p1|Incineroar, L50, F|
|poke|p2|Dragonite, L50, F|
|poke|p2|Ursaluna-Bloodmoon, L50, M|
|poke|p2|Archaludon, L50, M|
|poke|p2|Whimsicott, L50, M|
|poke|p2|Gholdengo, L50|
|poke|p2|Incineroar, L50, M|
|teampreview|4
|showteam|p1|Maushold-Four||WideLens|Technician|FollowMe,PopulationBomb,Protect,BeatUp||||||50|,,,,,Ghost]Annihilape||SafetyGoggles|Defiant|RageFist,DrainPunch,Protect,BulkUp|||F|||50|,,,,,Fire]Gholdengo||LifeOrb|GoodasGold|MakeItRain,ShadowBall,Protect,NastyPlot||||||50|,,,,,Water]Dragonite||LoadedDice|Multiscale|ScaleShot,Tailwind,Protect,Haze|||M|||50|,,,,,Fairy]Garchomp||ClearAmulet|RoughSkin|StompingTantrum,Earthquake,Protect,DragonClaw|||M|||50|,,,,,Ground]Incineroar||SitrusBerry|Intimidate|FlareBlitz,KnockOff,FakeOut,PartingShot|||F|||50|,,,,,Grass
|showteam|p2|Dragonite||LoadedDice|Multiscale|ScaleShot,ExtremeSpeed,IceSpinner,Protect|||F|||50|,,,,,Fairy]Ursaluna-Bloodmoon||AssaultVest|MindsEye|BloodMoon,HyperVoice,EarthPower,VacuumWave|||M|||50|,,,,,Water]Archaludon||PowerHerb|Sturdy|ElectroShot,FlashCannon,DracoMeteor,Protect|||M|||50|,,,,,Stellar]Whimsicott||CovertCloak|Prankster|FakeTears,Tailwind,Encore,Moonblast|||M|||50|,,,,,Poison]Gholdengo||ChoiceSpecs|GoodasGold|MakeItRain,ShadowBall,PowerGem,SteelBeam||||||50|,,,,,Steel]Incineroar||MirrorHerb|Intimidate|FakeOut,PartingShot,KnockOff,FlareBlitz|||M|||50|,,,,,Ghost
|
|t:|1756485044
|teamsize|p1|4
|teamsize|p2|4
|start
|switch|p1a: Annihilape|Annihilape, L50, F|100/100
|switch|p1b: Garchomp|Garchomp, L50, M|100/100
|switch|p2a: Whimsicott|Whimsicott, L50, M|100/100
|switch|p2b: Gholdengo|Gholdengo, L50|100/100
|turn|1
|
|t:|1756485078
|-terastallize|p1a: Annihilape|Fire
|-terastallize|p2b: Gholdengo|Steel
|move|p2a: Whimsicott|Tailwind|p2a: Whimsicott
|-sidestart|p2: IndianCrackCoffee|move: Tailwind
|move|p2b: Gholdengo|Make It Rain|p1a: Annihilape|[spread] p1a,p1b
|-resisted|p1a: Annihilape
|-damage|p1a: Annihilape|54/100
|-damage|p1b: Garchomp|0 fnt
|-unboost|p2b: Gholdengo|spa|1
|faint|p1b: Garchomp
|move|p1a: Annihilape|Bulk Up|p1a: Annihilape
|-boost|p1a: Annihilape|atk|1
|-boost|p1a: Annihilape|def|1
|
|upkeep
|
|t:|1756485092
|switch|p1b: Dragonite|Dragonite, L50, M|100/100
|turn|2
|
|t:|1756485107
|move|p2a: Whimsicott|Encore|p1a: Annihilape
|-start|p1a: Annihilape|Encore
|move|p2b: Gholdengo|Make It Rain|p1b: Dragonite|[spread] p1a,p1b
|-resisted|p1a: Annihilape
|-damage|p1a: Annihilape|24/100
|-damage|p1b: Dragonite|64/100
|-unboost|p2b: Gholdengo|spa|1
|move|p1a: Annihilape|Bulk Up|p1a: Annihilape
|-boost|p1a: Annihilape|atk|1
|-boost|p1a: Annihilape|def|1
|move|p1b: Dragonite|Tailwind|p1b: Dragonite
|-sidestart|p1: Descugi|move: Tailwind
|
|upkeep
|turn|3
|
|t:|1756485130
|move|p2a: Whimsicott|Fake Tears|p1a: Annihilape
|-unboost|p1a: Annihilape|spd|2
|-ability|p1a: Annihilape|Defiant|boost
|-boost|p1a: Annihilape|atk|2
|move|p1a: Annihilape|Bulk Up|p1a: Annihilape
|-boost|p1a: Annihilape|atk|1
|-boost|p1a: Annihilape|def|1
|move|p2b: Gholdengo|Make It Rain|p1b: Dragonite|[spread] p1a,p1b
|-resisted|p1a: Annihilape
|-damage|p1a: Annihilape|0 fnt
|-damage|p1b: Dragonite|13/100
|-unboost|p2b: Gholdengo|spa|1
|faint|p1a: Annihilape
|move|p1b: Dragonite|Scale Shot|p2b: Gholdengo
|-resisted|p2b: Gholdengo
|-damage|p2b: Gholdengo|92/100
|-resisted|p2b: Gholdengo
|-damage|p2b: Gholdengo|83/100
|-resisted|p2b: Gholdengo
|-damage|p2b: Gholdengo|74/100
|-resisted|p2b: Gholdengo
|-damage|p2b: Gholdengo|66/100
|-hitcount|p2b: Gholdengo|4
|-unboost|p1b: Dragonite|def|1
|-boost|p1b: Dragonite|spe|1
|
|upkeep
|
|t:|1756485139
|switch|p1a: Gholdengo|Gholdengo, L50|100/100
|turn|4
|
|t:|1756485163
|move|p1b: Dragonite|Scale Shot|p2b: Gholdengo
|-resisted|p2b: Gholdengo
|-damage|p2b: Gholdengo|58/100
|-resisted|p2b: Gholdengo
|-damage|p2b: Gholdengo|49/100
|-resisted|p2b: Gholdengo
|-damage|p2b: Gholdengo|40/100
|-resisted|p2b: Gholdengo
|-damage|p2b: Gholdengo|32/100
|-resisted|p2b: Gholdengo
|-damage|p2b: Gholdengo|23/100
|-hitcount|p2b: Gholdengo|5
|-unboost|p1b: Dragonite|def|1
|-boost|p1b: Dragonite|spe|1
|move|p2a: Whimsicott|Moonblast|p1b: Dragonite
|-supereffective|p1b: Dragonite
|-damage|p1b: Dragonite|0 fnt
|faint|p1b: Dragonite
|move|p1a: Gholdengo|Make It Rain|p2b: Gholdengo|[spread] p2a,p2b
|-supereffective|p2a: Whimsicott
|-resisted|p2b: Gholdengo
|-damage|p2a: Whimsicott|0 fnt
|-damage|p2b: Gholdengo|0 fnt
|-unboost|p1a: Gholdengo|spa|1
|faint|p2a: Whimsicott
|faint|p2b: Gholdengo
|-damage|p1a: Gholdengo|91/100|[from] item: Life Orb
|
|-sideend|p2: IndianCrackCoffee|move: Tailwind
|upkeep
|
|t:|1756485186
|switch|p2a: Incineroar|Incineroar, L50, M|100/100
|switch|p2b: Ursaluna|Ursaluna-Bloodmoon, L50, M|100/100
|-ability|p2a: Incineroar|Intimidate|boost
|-unboost|p1a: Gholdengo|atk|1
|turn|5
|-message|Descugi forfeited.
|
|win|IndianCrackCoffee
|raw|Descugi's rating: 1080 → 1056(-24 for losing)
|raw|IndianCrackCoffee's rating: 1045 → 1082(+37 for winning)
|l|â˜†Descugi
|player|p1|
