|j|☆testingsss
|j|☆Re della Strada
|html|testingsssRe della Strada    
|uhtml|bestof|Game 1 of a best-of-3
|t:|1782485834
|gametype|doubles
|player|p1|testingsss|unknown|1229
|player|p2|Re della Strada|blue|1150
|gen|9
|tier|[Gen 9 Champions] VGC 2026 Reg M-B (Bo3)
|rated|
|rule|Species Clause: Limit one of each Pokémon
|rule|Item Clause: Limit 1 of each item
|clearpoke
|poke|p1|Charizard, L50, M|
|poke|p1|Garchomp, L50, F|
|poke|p1|Incineroar, L50, F|
|poke|p1|Venusaur, L50, F|
|poke|p1|Farigiraf, L50, M|
|poke|p1|Primarina, L50, M|
|poke|p2|Ceruledge, L50, M|
|poke|p2|Sinistcha, L50|
|poke|p2|Floette-Eternal, L50, F|
|poke|p2|Grimmsnarl, L50, M|
|poke|p2|Sneasler, L50, M|
|poke|p2|Basculegion, L50, M|
|teampreview|4
|showteam|p1|Charizard||CharizarditeY|Blaze|HeatWave,WeatherBall,SolarBeam,Protect|Modest||M|||50|]Garchomp||LifeOrb|RoughSkin|StompingTantrum,DragonClaw,RockSlide,Protect|Jolly||F|||50|]Incineroar||SitrusBerry|Intimidate|FakeOut,FlareBlitz,DarkestLariat,PartingShot|Adamant||F|||50|]Venusaur||FocusSash|Chlorophyll|LeafStorm,SludgeBomb,SleepPowder,Protect|Timid||F|||50|]Farigiraf||TwistedSpoon|ArmorTail|Psychic,FoulPlay,HelpingHand,TrickRoom|Modest||M|||50|]Primarina||FairyFeather|LiquidVoice|HyperVoice,Moonblast,DazzlingGleam,Protect|Modest||M|||50|
|showteam|p2|Ceruledge||ColburBerry|FlashFire|Protect,ShadowSneak,BitterBlade,BulkUp|Adamant||M|||50|]Sinistcha||Leftovers|Hospitality|Protect,MatchaGotcha,RagePowder,LifeDew|Calm|||||50|]Floette-Eternal||Floettite|FlowerVeil|Protect,DazzlingGleam,CalmMind,DrainingKiss|Modest||F|||50|]Grimmsnarl||LightClay|Prankster|PartingShot,LightScreen,Reflect,SpiritBreak|Careful||M|||50|]Sneasler||FocusSash|PoisonTouch|FakeOut,ThroatChop,DireClaw,CloseCombat|Jolly||M|||50|]Basculegion||LifeOrb|Adaptability|AquaJet,PsychicFangs,LastRespects,WaveCrash|Jolly||M|||50|
|inactive|Battle timer is ON: inactive players will automatically lose when time's up. (requested by testingsss)
|inactive|testingsss has 60 seconds left.
|inactive|testingsss has 30 seconds left.
|inactive|testingsss has 20 seconds left.
|inactive|testingsss has 15 seconds left.
|inactive|testingsss has 10 seconds left.
|
|t:|1782485918
|teamsize|p1|4
|teamsize|p2|4
|start
|switch|p1a: Charizard|Charizard, L50, M|100/100
|switch|p1b: Venusaur|Venusaur, L50, F|100/100
|switch|p2a: Grimmsnarl|Grimmsnarl, L50, M|100/100
|switch|p2b: Ceruledge|Ceruledge, L50, M|100/100
|turn|1
|
|t:|1782485931
|switch|p1b: Primarina|Primarina, L50, M|100/100
|detailschange|p1a: Charizard|Charizard-Mega-Y, L50, M
|-mega|p1a: Charizard|Charizard|Charizardite Y
|-weather|SunnyDay|[from] ability: Drought|[of] p1a: Charizard
|move|p2a: Grimmsnarl|Light Screen|p2a: Grimmsnarl
|-sidestart|p2: Re della Strada|move: Light Screen
|move|p1a: Charizard|Weather Ball|p2a: Grimmsnarl
|-damage|p2a: Grimmsnarl|50/100y
|move|p2b: Ceruledge|Bitter Blade|p1b: Primarina
|-resisted|p1b: Primarina|1
|-crit|p1b: Primarina
|-damage|p1b: Primarina|39/100
|
|-weather|SunnyDay|[upkeep]
|upkeep
|turn|2
|inactive|testingsss has 30 seconds left.
|inactive|Re della Strada has 30 seconds left.
|
|t:|1782485968
|move|p2a: Grimmsnarl|Parting Shot|p1a: Charizard
|-unboost|p1a: Charizard|atk|1
|-unboost|p1a: Charizard|spa|1
|
|t:|1782485972
|switch|p2a: Floette|Floette-Eternal, L50, F|100/100|[from] Parting Shot
|move|p1a: Charizard|Weather Ball|p2a: Floette
|-damage|p2a: Floette|68/100
|move|p2b: Ceruledge|Bitter Blade|p1b: Primarina
|-resisted|p1b: Primarina|1
|-damage|p1b: Primarina|0 fnt
|faint|p1b: Primarina
|
|-weather|SunnyDay|[upkeep]
|upkeep
|
|t:|1782485992
|switch|p1b: Venusaur|Venusaur, L50, F|100/100
|turn|3
|
|t:|1782486002
|detailschange|p2a: Floette|Floette-Mega, L50, F
|-mega|p2a: Floette|Floette|Floettite
|-ability|p2a: Floette|Fairy Aura
|move|p1b: Venusaur|Sleep Powder|p2b: Ceruledge
|-status|p2b: Ceruledge|slp|[from] move: Sleep Powder
|move|p1a: Charizard|Weather Ball|p2a: Floette
|-damage|p2a: Floette|40/100
|move|p2a: Floette|Draining Kiss|p1b: Venusaur
|-resisted|p1b: Venusaur|1
|-damage|p1b: Venusaur|79/100
|-heal|p2a: Floette|53/100|[from] drain|[of] p1b: Venusaur
|cant|p2b: Ceruledge|slp
|
|-weather|SunnyDay|[upkeep]
|upkeep
|turn|4
|
|t:|1782486024
|move|p1b: Venusaur|Sludge Bomb|p2a: Floette
|-supereffective|p2a: Floette|1
|-damage|p2a: Floette|18/100
|move|p1a: Charizard|Weather Ball|p2a: Floette
|-damage|p2a: Floette|0 fnt
|faint|p2a: Floette
|cant|p2b: Ceruledge|slp
|
|-weather|SunnyDay|[upkeep]
|upkeep
|
|t:|1782486032
|switch|p2a: Grimmsnarl|Grimmsnarl, L50, M|50/100y
|turn|5
|
|t:|1782486043
|switch|p1a: Farigiraf|Farigiraf, L50, M|100/100
|move|p1b: Venusaur|Protect|p1b: Venusaur
|-singleturn|p1b: Venusaur|Protect
|move|p2a: Grimmsnarl|Parting Shot||[still]
|cant|p1a: Farigiraf|ability: Armor Tail|Parting Shot|[of] p2a: Grimmsnarl
|-curestatus|p2b: Ceruledge|slp|[msg]
|move|p2b: Ceruledge|Bitter Blade|p1b: Venusaur
|-activate|p1b: Venusaur|move: Protect
|
|-weather|none
|upkeep
|turn|6
|
|t:|1782486060
|switch|p1b: Charizard|Charizard-Mega-Y, L50, M|100/100
|-weather|SunnyDay|[from] ability: Drought|[of] p1b: Charizard
|move|p2b: Ceruledge|Bitter Blade|p1b: Charizard
|-resisted|p1b: Charizard|1
|-damage|p1b: Charizard|60/100
|move|p1a: Farigiraf|Foul Play|p2b: Ceruledge
|-supereffective|p2b: Ceruledge|1
|-enditem|p2b: Ceruledge|Colbur Berry|[eat]
|-enditem|p2b: Ceruledge|Colbur Berry|[weaken]
|-damage|p2b: Ceruledge|57/100
|move|p2a: Grimmsnarl|Spirit Break|p1a: Farigiraf
|-damage|p1a: Farigiraf|74/100
|-unboost|p1a: Farigiraf|spa|1
|
|-weather|SunnyDay|[upkeep]
|upkeep
|turn|7
|
|t:|1782486079
|move|p2a: Grimmsnarl|Parting Shot||[still]
|cant|p1a: Farigiraf|ability: Armor Tail|Parting Shot|[of] p2a: Grimmsnarl
|move|p1b: Charizard|Weather Ball|p2a: Grimmsnarl
|-damage|p2a: Grimmsnarl|0 fnt
|faint|p2a: Grimmsnarl
|move|p2b: Ceruledge|Bitter Blade|p1a: Farigiraf
|-damage|p1a: Farigiraf|13/100
|-heal|p2b: Ceruledge|95/100|[from] drain|[of] p1a: Farigiraf
|move|p1a: Farigiraf|Foul Play|p2b: Ceruledge
|-supereffective|p2b: Ceruledge|1
|-damage|p2b: Ceruledge|5/100
|
|-weather|SunnyDay|[upkeep]
|upkeep
|
|t:|1782486091
|switch|p2a: Sinistcha|Sinistcha, L50|100/100
|-heal|p2b: Ceruledge|30/100|[from] ability: Hospitality|[of] p2a: Sinistcha
|turn|8
|
|t:|1782486106
|move|p2b: Ceruledge|Protect|p2b: Ceruledge
|-singleturn|p2b: Ceruledge|Protect
|move|p1b: Charizard|Weather Ball|p2a: Sinistcha
|-supereffective|p2a: Sinistcha|1
|-damage|p2a: Sinistcha|7/100
|move|p2a: Sinistcha|Life Dew|p2a: Sinistcha|[spread] p2a,p2b
|-heal|p2a: Sinistcha|33/100
|-heal|p2b: Ceruledge|55/100
|move|p1a: Farigiraf|Psychic|p2b: Ceruledge
|-activate|p2b: Ceruledge|move: Protect
|
|-weather|SunnyDay|[upkeep]
|-heal|p2a: Sinistcha|39/100|[from] item: Leftovers
|-sideend|p2: Re della Strada|move: Light Screen
|upkeep
|turn|9
|
|t:|1782486120
|move|p2a: Sinistcha|Protect|p2a: Sinistcha
|-singleturn|p2a: Sinistcha|Protect
|move|p1b: Charizard|Weather Ball|p2a: Sinistcha
|-activate|p2a: Sinistcha|move: Protect
|move|p2b: Ceruledge|Bitter Blade|p1a: Farigiraf
|-damage|p1a: Farigiraf|0 fnt
|-heal|p2b: Ceruledge|64/100|[from] drain|[of] p1a: Farigiraf
|faint|p1a: Farigiraf
|
|-weather|SunnyDay|[upkeep]
|-heal|p2a: Sinistcha|45/100|[from] item: Leftovers
|upkeep
|
|t:|1782486123
|switch|p1a: Venusaur|Venusaur, L50, F|79/100
|turn|10
|
|t:|1782486136
|move|p2a: Sinistcha|Rage Powder|p2a: Sinistcha
|-singleturn|p2a: Sinistcha|move: Rage Powder
|move|p1a: Venusaur|Sleep Powder|p2b: Ceruledge
|-status|p2b: Ceruledge|slp|[from] move: Sleep Powder
|move|p1b: Charizard|Weather Ball|p2a: Sinistcha
|-supereffective|p2a: Sinistcha|1
|-damage|p2a: Sinistcha|0 fnt
|faint|p2a: Sinistcha
|cant|p2b: Ceruledge|slp
|
|-weather|none
|upkeep
|turn|11
|
|t:|1782486159
|move|p1b: Charizard|Solar Beam||[still]
|-prepare|p1b: Charizard|Solar Beam
|move|p1a: Venusaur|Sludge Bomb|p2b: Ceruledge
|-resisted|p2b: Ceruledge|1
|-damage|p2b: Ceruledge|45/100 slp
|-curestatus|p2b: Ceruledge|slp|[msg]
|move|p2b: Ceruledge|Bitter Blade|p1a: Venusaur
|-supereffective|p1a: Venusaur|1
|-damage|p1a: Venusaur|0 fnt
|-heal|p2b: Ceruledge|80/100|[from] drain|[of] p1a: Venusaur
|faint|p1a: Venusaur
|
|upkeep
|turn|12
|
|t:|1782486170
|move|p2b: Ceruledge|Protect|p2b: Ceruledge
|-singleturn|p2b: Ceruledge|Protect
|move|p1b: Charizard|Solar Beam|p2b: Ceruledge|[from] lockedmove
|-activate|p2b: Ceruledge|move: Protect
|
|upkeep
|turn|13
|-message|testingsss forfeited.
|
|win|Re della Strada
