|j|☆lucrativelom
|j|☆ruben2327
|html|lucrativelomruben2327    
|uhtml|bestof|Game 2 of a best-of-3
|t:|1785436695
|gametype|doubles
|player|p1|lucrativelom|170|1129
|player|p2|ruben2327|steven|1085
|gen|9
|tier|[Gen 9 Champions] VGC 2026 Reg M-B (Bo3)
|rated|
|rule|Species Clause: Limit one of each Pokémon
|rule|Item Clause: Limit 1 of each item
|clearpoke
|poke|p1|Tyranitar, L50, F|
|poke|p1|Sinistcha, L50|
|poke|p1|Aerodactyl, L50, F|
|poke|p1|Gholdengo, L50|
|poke|p1|Basculegion, L50, M|
|poke|p1|Sneasler, L50, M|
|poke|p2|Garchomp, L50, M, shiny|
|poke|p2|Incineroar, L50, M, shiny|
|poke|p2|Annihilape, L50, F, shiny|
|poke|p2|Toxapex, L50, F, shiny|
|poke|p2|Venusaur, L50, M, shiny|
|poke|p2|Charizard, L50, M, shiny|
|teampreview|4
|showteam|p1|Tyranitar||Tyranitarite|SandStream|RockSlide,KnockOff,DragonDance,Protect|Adamant||F|||50|]Sinistcha||KasibBerry|Hospitality|MatchaGotcha,LifeDew,TrickRoom,RagePowder|Calm|||||50|]Aerodactyl||FocusSash|Unnerve|DualWingbeat,RockSlide,Tailwind,Protect|Jolly||F|||50|]Gholdengo||LifeOrb|GoodasGold|ShadowBall,MakeItRain,NastyPlot,Protect|Modest|||||50|]Basculegion||ChoiceScarf|Adaptability|WaveCrash,FlipTurn,LastRespects,PsychicFangs|Jolly||M|||50|]Sneasler||CobaBerry|PoisonTouch|PoisonJab,CloseCombat,Coaching,FakeOut|Adamant||M|||50|
|showteam|p2|Garchomp||ChoiceScarf|RoughSkin|Earthquake,DragonClaw,RockSlide,StompingTantrum|Adamant||M|||50|]Incineroar||SitrusBerry|Intimidate|FakeOut,FlareBlitz,ThroatChop,PartingShot|Impish||M|||50|]Annihilape||FocusSash|Defiant|CloseCombat,PhantomForce,RockTomb,Protect|Jolly||F|||50|]Toxapex||Leftovers|Regenerator|Toxic,Infestation,WideGuard,BanefulBunker|Impish||F|||50|]Venusaur||LifeOrb|Chlorophyll|SolarBeam,SludgeBomb,EarthPower,Protect|Modest||M|||50|]Charizard||CharizarditeY|Blaze|HeatWave,WeatherBall,HelpingHand,Protect|Modest||M|||50|
|inactive|Battle timer is ON: inactive players will automatically lose when time's up. (requested by lucrativelom)
|inactive|ruben2327 has 60 seconds left.
|
|t:|1785436761
|teamsize|p1|4
|teamsize|p2|4
|start
|switch|p1a: Aerodactyl|Aerodactyl, L50, F|100/100
|switch|p1b: Sneasler|Sneasler, L50, M|100/100
|switch|p2a: Venusaur|Venusaur, L50, M, shiny|100/100
|switch|p2b: Charizard|Charizard, L50, M, shiny|100/100
|-ability|p1a: Aerodactyl|Unnerve
|turn|1
|inactive|ruben2327 has 30 seconds left.
|
|t:|1785436792
|detailschange|p2b: Charizard|Charizard-Mega-Y, L50, M, shiny
|-mega|p2b: Charizard|Charizard|Charizardite Y
|-weather|SunnyDay|[from] ability: Drought|[of] p2b: Charizard
|move|p1b: Sneasler|Fake Out|p2a: Venusaur
|-damage|p2a: Venusaur|83/100
|cant|p2a: Venusaur|flinch
|move|p1a: Aerodactyl|Dual Wingbeat|p2a: Venusaur|[miss]
|-miss|p1a: Aerodactyl|p2a: Venusaur
|move|p2b: Charizard|Heat Wave|p1b: Sneasler|[spread] p1a,p1b
|-resisted|p1a: Aerodactyl|1
|-damage|p1a: Aerodactyl|56/100
|-damage|p1b: Sneasler|25/100
|-status|p1b: Sneasler|brn
|
|-weather|SunnyDay|[upkeep]
|-damage|p1b: Sneasler|19/100 brn|[from] brn
|upkeep
|turn|2
|inactive|ruben2327 has 30 seconds left.
|
|t:|1785436819
|switch|p1b: Tyranitar|Tyranitar, L50, F|100/100
|-weather|Sandstorm|[from] ability: Sand Stream|[of] p1b: Tyranitar
|switch|p2b: Incineroar|Incineroar, L50, M, shiny|100/100
|-ability|p2b: Incineroar|Intimidate|boost
|-unboost|p1a: Aerodactyl|atk|1
|-unboost|p1b: Tyranitar|atk|1
|move|p2a: Venusaur|Protect|p2a: Venusaur
|-singleturn|p2a: Venusaur|Protect
|move|p1a: Aerodactyl|Tailwind|p1a: Aerodactyl
|-sidestart|p1: lucrativelom|move: Tailwind
|
|-weather|Sandstorm|[upkeep]
|-damage|p2a: Venusaur|77/100|[from] Sandstorm
|-damage|p2b: Incineroar|94/100|[from] Sandstorm
|upkeep
|turn|3
|inactive|ruben2327 has 30 seconds left.
|
|t:|1785436845
|switch|p1b: Sinistcha|Sinistcha, L50|100/100
|-heal|p1a: Aerodactyl|81/100|[from] ability: Hospitality|[of] p1b: Sinistcha
|switch|p2a: Toxapex|Toxapex, L50, F, shiny|100/100
|move|p2b: Incineroar|Fake Out|p1b: Sinistcha
|-immune|p1b: Sinistcha
|move|p1a: Aerodactyl|Rock Slide|p2b: Incineroar|[spread] p2a,p2b
|-supereffective|p2b: Incineroar|1
|-damage|p2a: Toxapex|88/100
|-damage|p2b: Incineroar|67/100
|
|-weather|Sandstorm|[upkeep]
|-damage|p1b: Sinistcha|93/100|[from] Sandstorm
|-damage|p2b: Incineroar|61/100|[from] Sandstorm
|-damage|p2a: Toxapex|82/100|[from] Sandstorm
|-heal|p2a: Toxapex|88/100|[from] item: Leftovers
|upkeep
|turn|4
|inactive|lucrativelom has 30 seconds left.
|inactive|ruben2327 has 30 seconds left.
|
|t:|1785436877
|switch|p1b: Sneasler|Sneasler, L50, M|19/100 brn
|move|p1a: Aerodactyl|Dual Wingbeat|p2b: Incineroar
|-damage|p2b: Incineroar|51/100
|-damage|p2b: Incineroar|42/100
|-hitcount|p2b: Incineroar|2
|move|p2b: Incineroar|Throat Chop|p1b: Sneasler
|-resisted|p1b: Sneasler|1
|-damage|p1b: Sneasler|0 fnt
|faint|p1b: Sneasler
|move|p2a: Toxapex|Toxic|p1a: Aerodactyl
|-status|p1a: Aerodactyl|tox
|
|-weather|Sandstorm|[upkeep]
|-damage|p2b: Incineroar|36/100|[from] Sandstorm
|-damage|p2a: Toxapex|82/100|[from] Sandstorm
|-heal|p2a: Toxapex|88/100|[from] item: Leftovers
|-damage|p1a: Aerodactyl|75/100 tox|[from] psn
|upkeep
|
|t:|1785436894
|switch|p1b: Tyranitar|Tyranitar, L50, F|100/100
|turn|5
|
|t:|1785436909
|switch|p2b: Charizard|Charizard-Mega-Y, L50, M, shiny|100/100
|-weather|SunnyDay|[from] ability: Drought|[of] p2b: Charizard
|detailschange|p1b: Tyranitar|Tyranitar-Mega, L50, F
|-mega|p1b: Tyranitar|Tyranitar|Tyranitarite
|-weather|Sandstorm|[from] ability: Sand Stream|[of] p1b: Tyranitar
|move|p2a: Toxapex|Wide Guard|p2a: Toxapex
|-singleturn|p2a: Toxapex|Wide Guard
|move|p1a: Aerodactyl|Rock Slide|p2a: Toxapex|[spread] 
|-activate|p2a: Toxapex|move: Wide Guard
|-activate|p2b: Charizard|move: Wide Guard
|move|p1b: Tyranitar|Dragon Dance|p1b: Tyranitar
|-boost|p1b: Tyranitar|atk|1
|-boost|p1b: Tyranitar|spe|1
|
|-weather|Sandstorm|[upkeep]
|-damage|p2b: Charizard|93/100|[from] Sandstorm
|-damage|p2a: Toxapex|82/100|[from] Sandstorm
|-heal|p2a: Toxapex|88/100|[from] item: Leftovers
|-damage|p1a: Aerodactyl|64/100 tox|[from] psn
|-sideend|p1: lucrativelom|move: Tailwind
|upkeep
|turn|6
|inactive|lucrativelom has 30 seconds left.
|inactive|ruben2327 has 30 seconds left.
|
|t:|1785436941
|switch|p2b: Incineroar|Incineroar, L50, M, shiny|36/100
|-ability|p2b: Incineroar|Intimidate|boost
|-unboost|p1a: Aerodactyl|atk|1
|-unboost|p1b: Tyranitar|atk|1
|move|p2a: Toxapex|Wide Guard|p2a: Toxapex
|-singleturn|p2a: Toxapex|Wide Guard
|move|p1a: Aerodactyl|Dual Wingbeat|p2a: Toxapex
|-damage|p2a: Toxapex|82/100
|-damage|p2a: Toxapex|75/100
|-hitcount|p2a: Toxapex|2
|move|p1b: Tyranitar|Knock Off|p2b: Incineroar
|-resisted|p2b: Incineroar|1
|-damage|p2b: Incineroar|14/100
|-enditem|p2b: Incineroar|Sitrus Berry|[from] move: Knock Off|[of] p1b: Tyranitar
|
|-weather|Sandstorm|[upkeep]
|-damage|p2b: Incineroar|8/100|[from] Sandstorm
|-damage|p2a: Toxapex|70/100|[from] Sandstorm
|-heal|p2a: Toxapex|75/100|[from] item: Leftovers
|-damage|p1a: Aerodactyl|47/100 tox|[from] psn
|upkeep
|turn|7
|inactive|lucrativelom has 30 seconds left.
|
|t:|1785436968
|move|p1a: Aerodactyl|Protect|p1a: Aerodactyl
|-singleturn|p1a: Aerodactyl|Protect
|move|p1b: Tyranitar|Protect|p1b: Tyranitar
|-singleturn|p1b: Tyranitar|Protect
|move|p2b: Incineroar|Fake Out|p1b: Tyranitar
|-activate|p1b: Tyranitar|move: Protect
|move|p2a: Toxapex|Toxic|p1b: Tyranitar
|-activate|p1b: Tyranitar|move: Protect
|
|-weather|Sandstorm|[upkeep]
|-damage|p2b: Incineroar|2/100|[from] Sandstorm
|-damage|p2a: Toxapex|70/100|[from] Sandstorm
|-heal|p2a: Toxapex|75/100|[from] item: Leftovers
|-damage|p1a: Aerodactyl|24/100 tox|[from] psn
|upkeep
|turn|8
|
|t:|1785436989
|move|p1a: Aerodactyl|Rock Slide|p2b: Incineroar|[spread] p2a,p2b
|-supereffective|p2b: Incineroar|1
|-crit|p2b: Incineroar
|-damage|p2a: Toxapex|67/100
|-damage|p2b: Incineroar|0 fnt
|faint|p2b: Incineroar
|move|p1b: Tyranitar|Knock Off|p2a: Toxapex
|-damage|p2a: Toxapex|28/100
|-enditem|p2a: Toxapex|Leftovers|[from] move: Knock Off|[of] p1b: Tyranitar
|cant|p2a: Toxapex|flinch
|
|-weather|Sandstorm|[upkeep]
|-damage|p2a: Toxapex|22/100|[from] Sandstorm
|-damage|p1a: Aerodactyl|0 fnt|[from] psn
|faint|p1a: Aerodactyl
|upkeep
|
|t:|1785437003
|switch|p1a: Sinistcha|Sinistcha, L50|93/100
|switch|p2b: Charizard|Charizard-Mega-Y, L50, M, shiny|93/100
|-weather|SunnyDay|[from] ability: Drought|[of] p2b: Charizard
|turn|9
|
|t:|1785437021
|move|p2a: Toxapex|Wide Guard|p2a: Toxapex
|-singleturn|p2a: Toxapex|Wide Guard
|move|p1a: Sinistcha|Rage Powder|p1a: Sinistcha
|-singleturn|p1a: Sinistcha|move: Rage Powder
|move|p1b: Tyranitar|Knock Off|p2b: Charizard
|-damage|p2b: Charizard|55/100
|move|p2b: Charizard|Heat Wave|p1b: Tyranitar|[spread] p1a,p1b
|-supereffective|p1a: Sinistcha|1
|-resisted|p1b: Tyranitar|1
|-damage|p1a: Sinistcha|0 fnt
|-damage|p1b: Tyranitar|77/100
|faint|p1a: Sinistcha
|
|-weather|SunnyDay|[upkeep]
|upkeep
|turn|10
|
|t:|1785437040
|-heal|p2a: Toxapex|56/100|[from] ability: Regenerator|[silent]
|switch|p2a: Venusaur|Venusaur, L50, M, shiny|77/100
|move|p2b: Charizard|Protect|p2b: Charizard
|-singleturn|p2b: Charizard|Protect
|move|p1b: Tyranitar|Dragon Dance|p1b: Tyranitar
|-boost|p1b: Tyranitar|atk|1
|-boost|p1b: Tyranitar|spe|1
|
|-weather|SunnyDay|[upkeep]
|upkeep
|turn|11
|
|t:|1785437054
|move|p2b: Charizard|Helping Hand|p2a: Venusaur
|-singleturn|p2a: Venusaur|Helping Hand|[of] p2b: Charizard
|move|p2a: Venusaur|Solar Beam||[still]
|-prepare|p2a: Venusaur|Solar Beam
|-anim|p2a: Venusaur|Solar Beam|p1b: Tyranitar
|-supereffective|p1b: Tyranitar|1
|-damage|p1b: Tyranitar|0 fnt
|faint|p1b: Tyranitar
|-damage|p2a: Venusaur|67/100|[from] item: Life Orb
|
|win|ruben2327
|raw|lucrativelom's rating: 1129 → 1101(-28 for losing)
|raw|ruben2327's rating: 1085 → 1116(+31 for winning)
|l|☆lucrativelom
|player|p1|
