|j|☆cookerpokemon
|j|☆Pokemon Research
|html|cookerpokemonPokemon Research    
|uhtml|bestof|Game 1 of a best-of-3
|t:|1785982841
|gametype|doubles
|player|p1|cookerpokemon|265|1031
|player|p2|Pokemon Research|266|1043
|gen|9
|tier|[Gen 9 Champions] VGC 2026 Reg M-B (Bo3)
|rated|
|rule|Species Clause: Limit one of each Pokémon
|rule|Item Clause: Limit 1 of each item
|clearpoke
|poke|p1|Grimmsnarl, L50, M|
|poke|p1|Scovillain, L50, F|
|poke|p1|Toxapex, L50, M|
|poke|p1|Incineroar, L50, F|
|poke|p1|Blastoise, L50, M|
|poke|p1|Blaziken, L50, M|
|poke|p2|Tyranitar, L50, F, shiny|
|poke|p2|Excadrill, L50, F, shiny|
|poke|p2|Milotic, L50, M, shiny|
|poke|p2|Whimsicott, L50, F, shiny|
|poke|p2|Grimmsnarl, L50, M, shiny|
|poke|p2|Kingambit, L50, M, shiny|
|teampreview|4
|showteam|p1|Grimmsnarl||LightClay|Prankster|FakeOut,PartingShot,Reflect,LightScreen|Impish||M|||50|]Scovillain||Scovillainite|Moody|RagePowder,LeechSeed,Protect,Flamethrower|Bold||F|||50|]Toxapex||Leftovers|Regenerator|Toxic,Infestation,Recover,BanefulBunker|Calm||M|||50|]Incineroar||SitrusBerry|Intimidate|FakeOut,PartingShot,FlareBlitz,Protect|Impish||F|||50|]Blastoise||Blastoisinite|Torrent|AquaTail|Serious||M|||50|]Blaziken||Blazikenite|SpeedBoost|AuraSphere|Serious||M|||50|
|showteam|p2|Tyranitar||Tyranitarite|SandStream|RockSlide,KnockOff,LowKick,Protect|Adamant||F|||50|]Excadrill||FocusSash|SandRush|HighHorsepower,IronHead,RockSlide,Protect|Adamant||F|||50|]Milotic||Leftovers|Competitive|Scald,IcyWind,Recover,Protect|Bold||M|||50|]Whimsicott||MentalHerb|Prankster|Tailwind,Moonblast,Encore,Protect|Timid||F|||50|]Grimmsnarl||LightClay|Prankster|LightScreen,Reflect,SpiritBreak,PartingShot|Careful||M|||50|]Kingambit||BlackGlasses|Defiant|KowtowCleave,SuckerPunch,IronHead,Protect|Adamant||M|||50|
|
|t:|1785982863
|teamsize|p1|4
|teamsize|p2|4
|start
|switch|p1a: Toxapex|Toxapex, L50, M|100/100
|switch|p1b: Scovillain|Scovillain, L50, F|100/100
|switch|p2a: Excadrill|Excadrill, L50, F, shiny|100/100
|switch|p2b: Tyranitar|Tyranitar, L50, F, shiny|100/100
|-weather|Sandstorm|[from] ability: Sand Stream|[of] p2b: Tyranitar
|turn|1
|
|t:|1785982906
|detailschange|p1b: Scovillain|Scovillain-Mega, L50, F
|-mega|p1b: Scovillain|Scovillain|Scovillainite
|move|p2a: Excadrill|Iron Head|p1a: Toxapex
|-resisted|p1a: Toxapex|1
|-damage|p1a: Toxapex|80/100
|move|p1b: Scovillain|Flamethrower|p2a: Excadrill
|-supereffective|p2a: Excadrill|1
|-enditem|p2a: Excadrill|Focus Sash
|-damage|p2a: Excadrill|1/100
|move|p2b: Tyranitar|Low Kick|p1a: Toxapex
|-resisted|p1a: Toxapex|1
|-damage|p1a: Toxapex|74/100
|move|p1a: Toxapex|Infestation|p2b: Tyranitar
|-supereffective|p2b: Tyranitar|1
|-damage|p2b: Tyranitar|96/100
|-activate|p2b: Tyranitar|move: Infestation|[of] p1a: Toxapex
|
|-weather|Sandstorm|[upkeep]
|-damage|p1b: Scovillain|94/100|[from] Sandstorm
|-damage|p1a: Toxapex|68/100|[from] Sandstorm
|-heal|p1a: Toxapex|74/100|[from] item: Leftovers
|-damage|p2b: Tyranitar|84/100|[from] move: Infestation|[partiallytrapped]
|upkeep
|turn|2
|l|☆Pokemon Research
|player|p2|
|inactive|Battle timer is ON: inactive players will automatically lose when time's up. (requested by cookerpokemon)
|j|☆Pokemon Research
|inactive|Pokemon Research reconnected and has 80 seconds left.
|player|p2|Pokemon Research|266|
|inactive|Pokemon Research has 60 seconds left.
|
|t:|1785982971
|move|p2a: Excadrill|Iron Head|p1b: Scovillain
|-resisted|p1b: Scovillain|1
|-damage|p1b: Scovillain|70/100
|-status|p2a: Excadrill|brn|[from] ability: Spicy Spray|[of] p1b: Scovillain
|move|p1b: Scovillain|Leech Seed|p2b: Tyranitar
|-start|p2b: Tyranitar|move: Leech Seed
|move|p2b: Tyranitar|Rock Slide|p1a: Toxapex|[spread] p1a,p1b
|-supereffective|p1b: Scovillain|1
|-damage|p1a: Toxapex|50/100g
|-damage|p1b: Scovillain|3/100
|-status|p2b: Tyranitar|brn|[from] ability: Spicy Spray|[of] p1b: Scovillain
|move|p1a: Toxapex|Infestation|p2a: Excadrill
|-resisted|p2a: Excadrill|1
|-damage|p2a: Excadrill|0 fnt
|faint|p2a: Excadrill
|
|-weather|Sandstorm|[upkeep]
|-damage|p1b: Scovillain|0 fnt|[from] Sandstorm
|-damage|p1a: Toxapex|45/100|[from] Sandstorm
|faint|p1b: Scovillain
|-heal|p1a: Toxapex|50/100g|[from] item: Leftovers
|-damage|p2b: Tyranitar|78/100 brn|[from] brn
|-damage|p2b: Tyranitar|66/100 brn|[from] move: Infestation|[partiallytrapped]
|upkeep
|inactive|cookerpokemon has 30 seconds left.
|
|t:|1785983003
|switch|p2a: Milotic|Milotic, L50, M, shiny|100/100
|switch|p1b: Grimmsnarl|Grimmsnarl, L50, M|100/100
|turn|3
|inactive|Pokemon Research has 30 seconds left.
|inactive|Pokemon Research has 20 seconds left.
|inactive|Pokemon Research has 15 seconds left.
|
|t:|1785983045
|move|p2b: Tyranitar|Protect|p2b: Tyranitar
|-singleturn|p2b: Tyranitar|Protect
|move|p1b: Grimmsnarl|Light Screen|p1b: Grimmsnarl
|-sidestart|p1: cookerpokemon|move: Light Screen
|move|p2a: Milotic|Icy Wind|p1a: Toxapex|[spread] p1a,p1b
|-resisted|p1a: Toxapex|1
|-damage|p1a: Toxapex|49/100
|-damage|p1b: Grimmsnarl|92/100
|-unboost|p1a: Toxapex|spe|1
|-unboost|p1b: Grimmsnarl|spe|1
|move|p1a: Toxapex|Toxic|p2a: Milotic
|-status|p2a: Milotic|tox
|
|-weather|Sandstorm|[upkeep]
|-damage|p2a: Milotic|94/100 tox|[from] Sandstorm
|-damage|p1b: Grimmsnarl|86/100|[from] Sandstorm
|-damage|p1a: Toxapex|43/100|[from] Sandstorm
|-heal|p2a: Milotic|100/100 tox|[from] item: Leftovers
|-heal|p1a: Toxapex|49/100|[from] item: Leftovers
|-damage|p2b: Tyranitar|54/100 brn|[from] Leech Seed|[of] p1b: Grimmsnarl
|-heal|p1b: Grimmsnarl|99/100|[silent]
|-damage|p2a: Milotic|94/100 tox|[from] psn
|-damage|p2b: Tyranitar|48/100 brn|[from] brn
|-damage|p2b: Tyranitar|36/100 brn|[from] move: Infestation|[partiallytrapped]
|upkeep
|turn|4
|inactive|cookerpokemon has 30 seconds left.
|inactive|Pokemon Research has 30 seconds left.
|inactive|Pokemon Research has 20 seconds left.
|inactive|Pokemon Research has 15 seconds left.
|
|t:|1785983088
|move|p1b: Grimmsnarl|Reflect|p1b: Grimmsnarl
|-sidestart|p1: cookerpokemon|Reflect
|move|p2a: Milotic|Scald|p1b: Grimmsnarl
|-damage|p1b: Grimmsnarl|80/100
|move|p2b: Tyranitar|Low Kick|p1a: Toxapex
|-resisted|p1a: Toxapex|1
|-damage|p1a: Toxapex|47/100
|move|p1a: Toxapex|Infestation|p2a: Milotic
|-damage|p2a: Milotic|92/100 tox
|-activate|p2a: Milotic|move: Infestation|[of] p1a: Toxapex
|
|-weather|Sandstorm|[upkeep]
|-damage|p2a: Milotic|86/100 tox|[from] Sandstorm
|-damage|p1b: Grimmsnarl|74/100|[from] Sandstorm
|-damage|p1a: Toxapex|41/100|[from] Sandstorm
|-heal|p2a: Milotic|92/100 tox|[from] item: Leftovers
|-heal|p1a: Toxapex|47/100|[from] item: Leftovers
|-damage|p2b: Tyranitar|24/100 brn|[from] Leech Seed|[of] p1b: Grimmsnarl
|-heal|p1b: Grimmsnarl|87/100|[silent]
|-damage|p2a: Milotic|80/100 tox|[from] psn
|-damage|p2b: Tyranitar|18/100 brn|[from] brn
|-damage|p2a: Milotic|67/100 tox|[from] move: Infestation|[partiallytrapped]
|-damage|p2b: Tyranitar|6/100 brn|[from] move: Infestation|[partiallytrapped]
|upkeep
|turn|5
|inactive|cookerpokemon has 30 seconds left.
|
|t:|1785983116
|move|p1b: Grimmsnarl|Light Screen||[still]
|-fail|p1b: Grimmsnarl
|move|p2a: Milotic|Recover|p2a: Milotic
|-heal|p2a: Milotic|100/100 tox
|move|p2b: Tyranitar|Rock Slide|p1b: Grimmsnarl|[spread] p1a
|-miss|p2b: Tyranitar|p1b: Grimmsnarl
|-damage|p1a: Toxapex|38/100
|cant|p1a: Toxapex|flinch
|
|-weather|none
|-heal|p1a: Toxapex|44/100|[from] item: Leftovers
|-damage|p2b: Tyranitar|0 fnt|[from] Leech Seed|[of] p1b: Grimmsnarl
|-heal|p1b: Grimmsnarl|93/100|[silent]
|faint|p2b: Tyranitar
|-damage|p2a: Milotic|82/100 tox|[from] psn
|-damage|p2a: Milotic|69/100 tox|[from] move: Infestation|[partiallytrapped]
|upkeep
|
|t:|1785983128
|switch|p2b: Whimsicott|Whimsicott, L50, F, shiny|100/100
|turn|6
|
|t:|1785983150
|move|p1b: Grimmsnarl|Parting Shot|p2b: Whimsicott
|-unboost|p2b: Whimsicott|atk|1
|-unboost|p2b: Whimsicott|spa|1
|
|t:|1785983153
|switch|p1b: Incineroar|Incineroar, L50, F|100/100|[from] Parting Shot
|-ability|p1b: Incineroar|Intimidate|boost
|-unboost|p2a: Milotic|atk|1
|-ability|p2a: Milotic|Competitive|boost
|-boost|p2a: Milotic|spa|2
|-unboost|p2b: Whimsicott|atk|1
|move|p2b: Whimsicott|Moonblast|p1b: Incineroar
|-damage|p1b: Incineroar|88/100
|-unboost|p1b: Incineroar|spa|1
|move|p2a: Milotic|Scald|p1b: Incineroar
|-supereffective|p1b: Incineroar|1
|-damage|p1b: Incineroar|20/100y
|-enditem|p1b: Incineroar|Sitrus Berry|[eat]
|-heal|p1b: Incineroar|45/100|[from] item: Sitrus Berry
|move|p1a: Toxapex|Recover|p1a: Toxapex
|-heal|p1a: Toxapex|94/100
|
|-heal|p2a: Milotic|75/100 tox|[from] item: Leftovers
|-heal|p1a: Toxapex|100/100|[from] item: Leftovers
|-damage|p2a: Milotic|51/100 tox|[from] psn
|-damage|p2a: Milotic|39/100 tox|[from] move: Infestation|[partiallytrapped]
|upkeep
|turn|7
|inactive|cookerpokemon has 30 seconds left.
|inactive|Pokemon Research has 30 seconds left.
|
|t:|1785983181
|move|p1b: Incineroar|Fake Out|p2a: Milotic
|-damage|p2a: Milotic|29/100 tox
|move|p2b: Whimsicott|Tailwind|p2b: Whimsicott
|-sidestart|p2: Pokemon Research|move: Tailwind
|cant|p2a: Milotic|flinch
|move|p1a: Toxapex|Toxic|p2b: Whimsicott
|-status|p2b: Whimsicott|tox
|
|-heal|p2a: Milotic|35/100 tox|[from] item: Leftovers
|-damage|p2b: Whimsicott|94/100 tox|[from] psn
|-damage|p2a: Milotic|5/100 tox|[from] psn
|-damage|p2a: Milotic|0 fnt|[from] move: Infestation|[partiallytrapped]
|faint|p2a: Milotic
|upkeep
|turn|8
|
|t:|1785983200
|move|p2b: Whimsicott|Moonblast|p1b: Incineroar
|-damage|p1b: Incineroar|34/100
|move|p1b: Incineroar|Flare Blitz|p2b: Whimsicott
|-supereffective|p2b: Whimsicott|1
|-damage|p2b: Whimsicott|0 fnt
|faint|p2b: Whimsicott
|-damage|p1b: Incineroar|13/100|[from] Recoil
|
|win|cookerpokemon
