|j|☆KMMULLER2020
|j|☆Pyos
|html|KMMULLER2020Pyos    
|uhtml|bestof|Game 2 of a best-of-3
|t:|1785739021
|gametype|doubles
|player|p1|KMMULLER2020|nate|1231
|player|p2|Pyos|tulip|1284
|gen|9
|tier|[Gen 9 Champions] VGC 2026 Reg M-B (Bo3)
|rated|
|rule|Species Clause: Limit one of each Pokémon
|rule|Item Clause: Limit 1 of each item
|clearpoke
|poke|p1|Chesnaught, L50, M|
|poke|p1|Clefable, L50, M|
|poke|p1|Pelipper, L50, F|
|poke|p1|Farigiraf, L50, M|
|poke|p1|Kingambit, L50, F|
|poke|p1|Raichu, L50, M|
|poke|p2|Froslass, L50, F|
|poke|p2|Basculegion, L50, M|
|poke|p2|Kingambit, L50, M|
|poke|p2|Sneasler, L50, F|
|poke|p2|Lycanroc-Dusk, L50, F|
|poke|p2|Scovillain, L50, M, shiny|
|teampreview|4
|showteam|p1|Chesnaught||Chesnaughtite|Bulletproof|SpikyShield,BulkUp,SeedBomb,BodyPress|Adamant||M|||50|]Clefable||LifeOrb|Unaware|Protect,FollowMe,Moonblast,Thunderbolt|Modest||M|||50|]Pelipper||FocusSash|Drizzle|Protect,Tailwind,WeatherBall,Hurricane|Modest||F|||50|]Farigiraf||SitrusBerry|ArmorTail|Protect,TrickRoom,HelpingHand,TwinBeam|Bold||M|||50|]Kingambit||BlackGlasses|Defiant|Protect,IronHead,KowtowCleave,SuckerPunch|Adamant||F|||50|]Raichu||RaichuniteY|LightningRod|Protect,FakeOut,ZapCannon,FocusBlast|Timid||M|||50|
|showteam|p2|Froslass||Froslassite|CursedBody|Blizzard,ShadowBall,AuroraVeil,Protect|Timid||F|||50|]Basculegion||SitrusBerry|Adaptability|WaveCrash,LastRespects,AquaJet,Protect|Adamant||M|||50|]Kingambit||BlackGlasses|Defiant|KowtowCleave,SuckerPunch,SwordsDance,Protect|Adamant||M|||50|]Sneasler||WhiteHerb|Unburden|CloseCombat,GunkShot,Protect,FakeOut|Adamant||F|||50|]Lycanroc-Dusk||FocusSash|ToughClaws|CloseCombat,Accelerock,RockSlide,Protect|Adamant||F|||50|]Scovillain||Scovillainite|Moody|GigaDrain,Overheat,RagePowder,Protect|Bold||M|||50|
|inactive|Battle timer is ON: inactive players will automatically lose when time's up. (requested by KMMULLER2020)
|inactive|KMMULLER2020 has 60 seconds left.
|
|t:|1785739061
|teamsize|p1|4
|teamsize|p2|4
|start
|switch|p1a: Raichu|Raichu, L50, M|100/100
|switch|p1b: Pelipper|Pelipper, L50, F|100/100
|switch|p2a: Froslass|Froslass, L50, F|100/100
|switch|p2b: Sneasler|Sneasler, L50, F|100/100
|-weather|RainDance|[from] ability: Drizzle|[of] p1b: Pelipper
|turn|1
|inactive|Pyos has 30 seconds left.
|
|t:|1785739088
|detailschange|p1a: Raichu|Raichu-Mega-Y, L50, M
|-mega|p1a: Raichu|Raichu|Raichunite Y
|detailschange|p2a: Froslass|Froslass-Mega, L50, F
|-mega|p2a: Froslass|Froslass|Froslassite
|-weather|Snowscape|[from] ability: Snow Warning|[of] p2a: Froslass
|move|p2b: Sneasler|Protect|p2b: Sneasler
|-singleturn|p2b: Sneasler|Protect
|move|p1a: Raichu|Fake Out|p2b: Sneasler
|-activate|p2b: Sneasler|move: Protect
|move|p2a: Froslass|Blizzard|p1a: Raichu|[spread] p1a,p1b
|-damage|p1a: Raichu|42/100
|-damage|p1b: Pelipper|31/100
|move|p1b: Pelipper|Tailwind|p1b: Pelipper
|-sidestart|p1: KMMULLER2020|move: Tailwind
|
|-weather|Snowscape|[upkeep]
|upkeep
|turn|2
|
|t:|1785739110
|switch|p1b: Farigiraf|Farigiraf, L50, M|100/100
|switch|p2b: Kingambit|Kingambit, L50, M|100/100
|move|p1a: Raichu|Zap Cannon|p2b: Kingambit
|-damage|p2b: Kingambit|30/100
|-status|p2b: Kingambit|par
|move|p2a: Froslass|Blizzard|p1a: Raichu|[spread] p1a,p1b
|-damage|p1a: Raichu|0 fnt
|-damage|p1b: Farigiraf|62/100
|faint|p1a: Raichu
|
|-weather|Snowscape|[upkeep]
|upkeep
|
|t:|1785739123
|switch|p1a: Clefable|Clefable, L50, M|100/100
|turn|3
|inactive|KMMULLER2020 has 30 seconds left.
|
|t:|1785739153
|move|p2a: Froslass|Protect|p2a: Froslass
|-singleturn|p2a: Froslass|Protect
|move|p1a: Clefable|Moonblast|p2b: Kingambit
|-damage|p2b: Kingambit|0 fnt
|faint|p2b: Kingambit
|-damage|p1a: Clefable|90/100|[from] item: Life Orb
|move|p1b: Farigiraf|Trick Room|p1b: Farigiraf
|-fieldstart|move: Trick Room|[of] p1b: Farigiraf
|
|-weather|Snowscape|[upkeep]
|upkeep
|
|t:|1785739169
|switch|p2b: Basculegion|Basculegion, L50, M|100/100
|turn|4
|
|t:|1785739180
|move|p1a: Clefable|Protect|p1a: Clefable
|-singleturn|p1a: Clefable|Protect
|move|p2b: Basculegion|Wave Crash|p1a: Clefable
|-activate|p1a: Clefable|move: Protect
|move|p1b: Farigiraf|Twin Beam|p2b: Basculegion
|-damage|p2b: Basculegion|83/100
|-damage|p2b: Basculegion|68/100
|-hitcount|p2b: Basculegion|2
|move|p2a: Froslass|Blizzard|p1b: Farigiraf|[spread] p1b
|-activate|p1a: Clefable|move: Protect
|-damage|p1b: Farigiraf|30/100
|-enditem|p1b: Farigiraf|Sitrus Berry|[eat]
|-heal|p1b: Farigiraf|55/100|[from] item: Sitrus Berry
|
|-weather|Snowscape|[upkeep]
|-sideend|p1: KMMULLER2020|move: Tailwind
|upkeep
|turn|5
|inactive|KMMULLER2020 has 30 seconds left.
|inactive|KMMULLER2020 has 20 seconds left.
|
|t:|1785739219
|switch|p2a: Sneasler|Sneasler, L50, F|100/100
|move|p1b: Farigiraf|Helping Hand|p1a: Clefable
|-singleturn|p1a: Clefable|Helping Hand|[of] p1b: Farigiraf
|move|p1a: Clefable|Thunderbolt|p2b: Basculegion
|-supereffective|p2b: Basculegion|1
|-damage|p2b: Basculegion|0 fnt
|faint|p2b: Basculegion
|-damage|p1a: Clefable|80/100|[from] item: Life Orb
|
|-weather|none
|upkeep
|
|t:|1785739227
|switch|p2b: Froslass|Froslass-Mega, L50, F|100/100
|-weather|Snowscape|[from] ability: Snow Warning|[of] p2b: Froslass
|turn|6
|
|t:|1785739238
|switch|p1a: Pelipper|Pelipper, L50, F|31/100
|-weather|RainDance|[from] ability: Drizzle|[of] p1a: Pelipper
|move|p2a: Sneasler|Protect|p2a: Sneasler
|-singleturn|p2a: Sneasler|Protect
|move|p1b: Farigiraf|Twin Beam|p2a: Sneasler
|-activate|p2a: Sneasler|move: Protect
|move|p2b: Froslass|Aurora Veil||[still]
|-fail|p2b: Froslass
|
|-weather|RainDance|[upkeep]
|upkeep
|turn|7
|
|t:|1785739252
|move|p2a: Sneasler|Protect||[still]
|-fail|p2a: Sneasler
|move|p1b: Farigiraf|Twin Beam|p2a: Sneasler
|-supereffective|p2a: Sneasler|2
|-damage|p2a: Sneasler|32/100
|-supereffective|p2a: Sneasler|2
|-damage|p2a: Sneasler|0 fnt
|faint|p2a: Sneasler
|-hitcount|p2: Sneasler|2
|move|p1a: Pelipper|Tailwind|p1a: Pelipper
|-sidestart|p1: KMMULLER2020|move: Tailwind
|move|p2b: Froslass|Blizzard|p1b: Farigiraf|[spread] p1a,p1b
|-damage|p1a: Pelipper|0 fnt
|-damage|p1b: Farigiraf|22/100
|-status|p1b: Farigiraf|frz
|faint|p1a: Pelipper
|
|-weather|RainDance|[upkeep]
|-fieldend|move: Trick Room
|upkeep
|
|t:|1785739266
|switch|p1a: Clefable|Clefable, L50, M|80/100
|turn|8
|
|t:|1785739271
|cant|p1b: Farigiraf|frz
|move|p1a: Clefable|Moonblast|p2b: Froslass
|-damage|p2b: Froslass|55/100
|-damage|p1a: Clefable|71/100|[from] item: Life Orb
|move|p2b: Froslass|Blizzard|p1b: Farigiraf|[spread] 
|-miss|p2b: Froslass|p1a: Clefable
|-miss|p2b: Froslass|p1b: Farigiraf
|
|-weather|RainDance|[upkeep]
|upkeep
|turn|9
|
|t:|1785739282
|move|p1a: Clefable|Moonblast|p2b: Froslass
|-damage|p2b: Froslass|10/100
|-damage|p1a: Clefable|61/100|[from] item: Life Orb
|move|p2b: Froslass|Blizzard|p1a: Clefable|[spread] p1b
|-miss|p2b: Froslass|p1a: Clefable
|-damage|p1b: Farigiraf|0 fnt
|faint|p1b: Farigiraf
|
|-weather|RainDance|[upkeep]
|upkeep
|turn|10
|
|t:|1785739293
|move|p2b: Froslass|Protect|p2b: Froslass
|-singleturn|p2b: Froslass|Protect
|move|p1a: Clefable|Moonblast|p2b: Froslass
|-activate|p2b: Froslass|move: Protect
|
|-weather|none
|-sideend|p1: KMMULLER2020|move: Tailwind
|upkeep
|turn|11
|
|t:|1785739300
|move|p2b: Froslass|Blizzard|p1a: Clefable
|-damage|p1a: Clefable|9/100
|-status|p1a: Clefable|frz
|-curestatus|p1a: Clefable|frz|[msg]
|move|p1a: Clefable|Moonblast|p2b: Froslass
|-damage|p2b: Froslass|0 fnt
|faint|p2b: Froslass
|-damage|p1a: Clefable|0 fnt|[from] item: Life Orb
|faint|p1a: Clefable
|
|win|KMMULLER2020
|raw|KMMULLER2020's rating: 1231 → 1260(+29 for winning)
|raw|Pyos's rating: 1284 → 1255(-29 for losing)
|c|☆KMMULLER2020|gg
|l|☆Pyos
|player|p2|
