|j|☆Chelicerate1
|j|☆isamino
|html|Chelicerate1isamino    
|uhtml|bestof|Game 2 of a best-of-3
|t:|1784439080
|gametype|doubles
|player|p1|Chelicerate1|ethan|1297
|player|p2|isamino|nate|1179
|gen|9
|tier|[Gen 9 Champions] VGC 2026 Reg M-B (Bo3)
|rated|
|rule|Species Clause: Limit one of each Pokémon
|rule|Item Clause: Limit 1 of each item
|clearpoke
|poke|p1|Grimmsnarl, L50, M|
|poke|p1|Basculegion, L50, M|
|poke|p1|Charizard, L50, F|
|poke|p1|Pelipper, L50, M|
|poke|p1|Venusaur, L50, M|
|poke|p1|Archaludon, L50, M|
|poke|p2|Annihilape, L50, F|
|poke|p2|Maushold, L50|
|poke|p2|Dragapult, L50, F|
|poke|p2|Vivillon-Pokeball, L50, F|
|poke|p2|Floette-Eternal, L50, F|
|poke|p2|Metagross, L50|
|teampreview|4
|showteam|p1|Grimmsnarl||LightClay|Prankster|SpiritBreak,PartingShot,Reflect,LightScreen|Sassy||M|||50|]Basculegion||ChoiceScarf|Adaptability|LastRespects,WaveCrash,AquaJet,FlipTurn|Jolly||M|||50|]Charizard||CharizarditeY|Blaze|Protect,HeatWave,WeatherBall,SolarBeam|Modest||F|||50|]Pelipper||SitrusBerry|Drizzle|Hurricane,WeatherBall,Tailwind,WideGuard|Modest||M|||50|]Venusaur||FocusSash|Chlorophyll|SludgeBomb,SleepPowder,EarthPower,Protect|Modest||M|||50|]Archaludon||Leftovers|Stamina|ElectroShot,DragonPulse,FlashCannon,Protect|Calm||M|||50|
|showteam|p2|Annihilape||Leftovers|Defiant|Protect,DrainPunch,RockSlide,RageFist|Adamant||F|||50|]Maushold||WideLens|Technician|BeatUp,PopulationBomb,Protect,FollowMe|Jolly|||||50|]Dragapult||LifeOrb|ClearBody|Protect,DracoMeteor,ShadowBall,Flamethrower|Timid||F|||50|]Vivillon-Pokeball||FocusSash|CompoundEyes|Tailwind,SleepPowder,Hurricane,RagePowder|Timid||F|||50|]Floette-Eternal||Floettite|FlowerVeil|DazzlingGleam,Moonblast,Protect,DrainingKiss|Timid||F|||50|]Metagross||ChoiceScarf|ClearBody|PsychicFangs,IcePunch,IronHead,BrickBreak|Jolly|||||50|
|inactive|Battle timer is ON: inactive players will automatically lose when time's up. (requested by isamino)
|inactive|Chelicerate1 also wants the timer to be on.
|inactive|Chelicerate1 has 60 seconds left.
|
|t:|1784439111
|teamsize|p1|4
|teamsize|p2|4
|start
|switch|p1a: Charizard|Charizard, L50, F|100/100
|switch|p1b: Grimmsnarl|Grimmsnarl, L50, M|100/100
|switch|p2a: Maushold|Maushold, L50|100/100
|switch|p2b: Vivillon|Vivillon-Pokeball, L50, F|100/100
|turn|1
|
|t:|1784439118
|switch|p1a: Archaludon|Archaludon, L50, M|100/100
|move|p1b: Grimmsnarl|Reflect|p1b: Grimmsnarl
|-sidestart|p1: Chelicerate1|Reflect
|move|p2a: Maushold|Population Bomb|p1b: Grimmsnarl
|-damage|p1b: Grimmsnarl|92/100
|-damage|p1b: Grimmsnarl|84/100
|-damage|p1b: Grimmsnarl|76/100
|-damage|p1b: Grimmsnarl|68/100
|-damage|p1b: Grimmsnarl|60/100
|-damage|p1b: Grimmsnarl|53/100
|-damage|p1b: Grimmsnarl|45/100
|-damage|p1b: Grimmsnarl|37/100
|-damage|p1b: Grimmsnarl|29/100
|-damage|p1b: Grimmsnarl|22/100
|-hitcount|p1b: Grimmsnarl|10
|move|p2b: Vivillon|Sleep Powder|p1a: Archaludon
|-status|p1a: Archaludon|slp|[from] move: Sleep Powder
|
|upkeep
|turn|2
|inactive|Chelicerate1 has 30 seconds left.
|inactive|Chelicerate1 has 20 seconds left.
|
|t:|1784439155
|move|p1b: Grimmsnarl|Light Screen|p1b: Grimmsnarl
|-sidestart|p1: Chelicerate1|move: Light Screen
|move|p2a: Maushold|Population Bomb|p1b: Grimmsnarl
|-damage|p1b: Grimmsnarl|14/100
|-damage|p1b: Grimmsnarl|6/100
|-damage|p1b: Grimmsnarl|0 fnt
|faint|p1b: Grimmsnarl
|-hitcount|p1: Grimmsnarl|3
|move|p2b: Vivillon|Tailwind|p2b: Vivillon
|-sidestart|p2: isamino|move: Tailwind
|cant|p1a: Archaludon|slp
|
|upkeep
|
|t:|1784439168
|switch|p1b: Pelipper|Pelipper, L50, M|100/100
|-weather|RainDance|[from] ability: Drizzle|[of] p1b: Pelipper
|turn|3
|inactive|Chelicerate1 has 30 seconds left.
|inactive|isamino has 30 seconds left.
|inactive|isamino has 20 seconds left.
|inactive|isamino has 15 seconds left.
|inactive|isamino has 10 seconds left.
|
|t:|1784439214
|move|p2a: Maushold|Protect|p2a: Maushold
|-singleturn|p2a: Maushold|Protect
|move|p2b: Vivillon|Sleep Powder|p1b: Pelipper
|-status|p1b: Pelipper|slp|[from] move: Sleep Powder
|cant|p1a: Archaludon|slp
|cant|p1b: Pelipper|slp
|
|-weather|RainDance|[upkeep]
|upkeep
|turn|4
|inactive|Chelicerate1 has 30 seconds left.
|
|t:|1784439243
|move|p2a: Maushold|Population Bomb|p1b: Pelipper
|-damage|p1b: Pelipper|92/100 slp
|-damage|p1b: Pelipper|84/100 slp
|-damage|p1b: Pelipper|77/100 slp
|-damage|p1b: Pelipper|69/100 slp
|-damage|p1b: Pelipper|62/100 slp
|-damage|p1b: Pelipper|54/100 slp
|-damage|p1b: Pelipper|47/100 slp
|-enditem|p1b: Pelipper|Sitrus Berry|[eat]
|-heal|p1b: Pelipper|72/100 slp|[from] item: Sitrus Berry
|-damage|p1b: Pelipper|64/100 slp
|-damage|p1b: Pelipper|57/100 slp
|-damage|p1b: Pelipper|50/100g slp
|-hitcount|p1b: Pelipper|10
|move|p2b: Vivillon|Hurricane|p1b: Pelipper
|-damage|p1b: Pelipper|10/100 slp
|-start|p1b: Pelipper|confusion
|-curestatus|p1a: Archaludon|slp|[msg]
|move|p1a: Archaludon|Electro Shot||[still]
|-prepare|p1a: Archaludon|Electro Shot
|-boost|p1a: Archaludon|spa|1
|-anim|p1a: Archaludon|Electro Shot|p2b: Vivillon
|-supereffective|p2b: Vivillon|1
|-enditem|p2b: Vivillon|Focus Sash
|-damage|p2b: Vivillon|1/100
|cant|p1b: Pelipper|slp
|
|-weather|RainDance|[upkeep]
|upkeep
|turn|5
|inactive|Chelicerate1 has 30 seconds left.
|inactive|isamino has 30 seconds left.
|inactive|Chelicerate1 has 20 seconds left.
|inactive|isamino has 20 seconds left.
|inactive|Chelicerate1 has 15 seconds left.
|inactive|Chelicerate1 has 10 seconds left.
|inactive|Chelicerate1 has 5 seconds left.
|
|t:|1784439298
|move|p1a: Archaludon|Protect|p1a: Archaludon
|-singleturn|p1a: Archaludon|Protect
|move|p2a: Maushold|Population Bomb|p1b: Pelipper
|-damage|p1b: Pelipper|2/100 slp
|-damage|p1b: Pelipper|0 fnt
|faint|p1b: Pelipper
|-hitcount|p1: Pelipper|2
|move|p2b: Vivillon|Sleep Powder|p1a: Archaludon
|-activate|p1a: Archaludon|move: Protect
|
|-weather|RainDance|[upkeep]
|-sideend|p2: isamino|move: Tailwind
|upkeep
|
|t:|1784439309
|switch|p1b: Charizard|Charizard, L50, F|100/100
|turn|6
|
|t:|1784439329
|detailschange|p1b: Charizard|Charizard-Mega-Y, L50, F
|-mega|p1b: Charizard|Charizard|Charizardite Y
|-weather|SunnyDay|[from] ability: Drought|[of] p1b: Charizard
|move|p2a: Maushold|Population Bomb|p1b: Charizard
|-damage|p1b: Charizard|92/100
|-damage|p1b: Charizard|84/100
|-damage|p1b: Charizard|77/100
|-damage|p1b: Charizard|69/100
|-damage|p1b: Charizard|60/100
|-damage|p1b: Charizard|52/100
|-damage|p1b: Charizard|44/100
|-damage|p1b: Charizard|36/100
|-damage|p1b: Charizard|29/100
|-damage|p1b: Charizard|21/100
|-hitcount|p1b: Charizard|10
|move|p2b: Vivillon|Sleep Powder|p1a: Archaludon
|-status|p1a: Archaludon|slp|[from] move: Sleep Powder
|move|p1b: Charizard|Heat Wave|p2a: Maushold|[spread] p2a,p2b
|-supereffective|p2b: Vivillon|1
|-crit|p2b: Vivillon
|-damage|p2a: Maushold|19/100
|-damage|p2b: Vivillon|0 fnt
|faint|p2b: Vivillon
|cant|p1a: Archaludon|slp
|
|-weather|SunnyDay|[upkeep]
|upkeep
|
|t:|1784439351
|switch|p2b: Annihilape|Annihilape, L50, F|100/100
|turn|7
|
|t:|1784439373
|move|p1b: Charizard|Protect|p1b: Charizard
|-singleturn|p1b: Charizard|Protect
|move|p2a: Maushold|Population Bomb|p1b: Charizard
|-activate|p1b: Charizard|move: Protect
|move|p2b: Annihilape|Drain Punch|p1a: Archaludon
|-supereffective|p1a: Archaludon|1
|-damage|p1a: Archaludon|63/100 slp
|-ability|p1a: Archaludon|Stamina|boost
|-boost|p1a: Archaludon|def|1
|cant|p1a: Archaludon|slp
|
|-weather|SunnyDay|[upkeep]
|-heal|p1a: Archaludon|69/100 slp|[from] item: Leftovers
|upkeep
|turn|8
|inactive|isamino has 30 seconds left.
|
|t:|1784439400
|move|p1b: Charizard|Protect|p1b: Charizard
|-singleturn|p1b: Charizard|Protect
|move|p2a: Maushold|Population Bomb|p1b: Charizard
|-activate|p1b: Charizard|move: Protect
|move|p2b: Annihilape|Drain Punch|p1b: Charizard
|-activate|p1b: Charizard|move: Protect
|-curestatus|p1a: Archaludon|slp|[msg]
|move|p1a: Archaludon|Dragon Pulse|p2a: Maushold
|-damage|p2a: Maushold|0 fnt
|faint|p2a: Maushold
|
|-weather|SunnyDay|[upkeep]
|-heal|p1a: Archaludon|75/100|[from] item: Leftovers
|-sideend|p1: Chelicerate1|Reflect
|upkeep
|
|t:|1784439402
|switch|p2a: Floette|Floette-Eternal, L50, F|100/100
|turn|9
|
|t:|1784439420
|detailschange|p2a: Floette|Floette-Mega, L50, F
|-mega|p2a: Floette|Floette|Floettite
|-ability|p2a: Floette|Fairy Aura
|move|p2a: Floette|Dazzling Gleam|p1b: Charizard|[spread] p1a,p1b
|-resisted|p1b: Charizard|1
|-damage|p1a: Archaludon|48/100
|-damage|p1b: Charizard|6/100
|-ability|p1a: Archaludon|Stamina|boost
|-boost|p1a: Archaludon|def|1
|move|p1b: Charizard|Heat Wave|p2a: Floette|[spread] p2a,p2b
|-damage|p2a: Floette|50/100g
|-damage|p2b: Annihilape|43/100
|move|p2b: Annihilape|Drain Punch|p1a: Archaludon
|-supereffective|p1a: Archaludon|1
|-damage|p1a: Archaludon|17/100
|-heal|p2b: Annihilape|59/100|[from] drain|[of] p1a: Archaludon
|-ability|p1a: Archaludon|Stamina|boost
|-boost|p1a: Archaludon|def|1
|move|p1a: Archaludon|Flash Cannon|p2a: Floette
|-supereffective|p2a: Floette|1
|-damage|p2a: Floette|0 fnt
|faint|p2a: Floette
|
|-weather|SunnyDay|[upkeep]
|-heal|p2b: Annihilape|65/100|[from] item: Leftovers
|-heal|p1a: Archaludon|23/100|[from] item: Leftovers
|-sideend|p1: Chelicerate1|move: Light Screen
|upkeep
|turn|10
|inactive|Chelicerate1 has 30 seconds left.
|inactive|Chelicerate1 has 20 seconds left.
|
|t:|1784439456
|move|p1b: Charizard|Protect|p1b: Charizard
|-singleturn|p1b: Charizard|Protect
|move|p1a: Archaludon|Protect|p1a: Archaludon
|-singleturn|p1a: Archaludon|Protect
|move|p2b: Annihilape|Drain Punch|p1a: Archaludon
|-activate|p1a: Archaludon|move: Protect
|
|-weather|none
|-heal|p2b: Annihilape|71/100|[from] item: Leftovers
|-heal|p1a: Archaludon|29/100|[from] item: Leftovers
|upkeep
|turn|11
|
|t:|1784439470
|move|p1b: Charizard|Heat Wave|p2b: Annihilape
|-damage|p2b: Annihilape|18/100
|move|p2b: Annihilape|Drain Punch|p1a: Archaludon
|-supereffective|p1a: Archaludon|1
|-damage|p1a: Archaludon|7/100
|-heal|p2b: Annihilape|30/100|[from] drain|[of] p1a: Archaludon
|-ability|p1a: Archaludon|Stamina|boost
|-boost|p1a: Archaludon|def|1
|move|p1a: Archaludon|Dragon Pulse|p2b: Annihilape
|-damage|p2b: Annihilape|0 fnt
|faint|p2b: Annihilape
|
|win|Chelicerate1
