|j|☆C.blaze
|j|☆Oscarm92
|html|C.blazeOscarm92    
|uhtml|bestof|Game 2 of a best-of-3
|t:|1784480330
|gametype|doubles
|player|p1|C.blaze|266|1264
|player|p2|Oscarm92|101|1254
|gen|9
|tier|[Gen 9 Champions] VGC 2026 Reg M-B (Bo3)
|rated|
|rule|Species Clause: Limit one of each Pokémon
|rule|Item Clause: Limit 1 of each item
|clearpoke
|poke|p1|Malamar, L50, F|
|poke|p1|Garchomp, L50, M|
|poke|p1|Charizard, L50, F|
|poke|p1|Incineroar, L50, M|
|poke|p1|Primarina, L50, M|
|poke|p1|Glimmora, L50, M|
|poke|p2|Charizard, L50, F, shiny|
|poke|p2|Aerodactyl, L50, F|
|poke|p2|Garchomp, L50, M, shiny|
|poke|p2|Kingambit, L50, F|
|poke|p2|Sylveon, L50, F|
|poke|p2|Farigiraf, L50, M|
|teampreview|4
|showteam|p1|Malamar||Malamarite|Contrary|Superpower,KnockOff,Protect,TrickRoom|Adamant||F|||50|]Garchomp||LifeOrb|SandVeil|StompingTantrum,DragonClaw,Protect,RockSlide|Jolly||M|||50|]Charizard||CharizarditeY|Blaze|HeatWave,WeatherBall,Protect,SolarBeam|Timid||F|||50|]Incineroar||ChopleBerry|Intimidate|FlareBlitz,ThroatChop,PartingShot,FakeOut|Brave||M|||50|]Primarina||Leftovers|LiquidVoice|HyperVoice,Moonblast,Protect,Haze|Modest||M|||50|]Glimmora||FocusSash|ToxicDebris|SludgeBomb,PowerGem,SpikyShield,EarthPower|Timid||M|||50|
|showteam|p2|Charizard||CharizarditeY|Blaze|HeatWave,WeatherBall,SolarBeam,Protect|Modest||F|||50|]Aerodactyl||Aerodactylite|Unnerve|IceFang,RockSlide,Tailwind,DualWingbeat|Jolly||F|||50|]Garchomp||LifeOrb|RoughSkin|DragonClaw,StompingTantrum,Earthquake,Protect|Jolly||M|||50|]Kingambit||FocusSash|Defiant|SuckerPunch,KowtowCleave,IronHead,LowKick|Adamant||F|||50|]Sylveon||FairyFeather|Pixilate|QuickAttack,HyperVoice,HyperBeam,Protect|Modest||F|||50|]Farigiraf||SitrusBerry|ArmorTail|TrickRoom,Thunderbolt,Roar,Psychic|Bold||M|||50|
|
|t:|1784480341
|teamsize|p1|4
|teamsize|p2|4
|start
|switch|p1a: Incineroar|Incineroar, L50, M|100/100
|switch|p1b: Malamar|Malamar, L50, F|100/100
|switch|p2a: Aerodactyl|Aerodactyl, L50, F|100/100
|switch|p2b: Garchomp|Garchomp, L50, M, shiny|100/100
|-ability|p2a: Aerodactyl|Unnerve
|-ability|p1a: Incineroar|Intimidate|boost
|-unboost|p2a: Aerodactyl|atk|1
|-unboost|p2b: Garchomp|atk|1
|turn|1
|
|t:|1784480352
|switch|p2a: Farigiraf|Farigiraf, L50, M|100/100
|detailschange|p1b: Malamar|Malamar-Mega, L50, F
|-mega|p1b: Malamar|Malamar|Malamarite
|move|p1a: Incineroar|Fake Out||[still]
|cant|p2a: Farigiraf|ability: Armor Tail|Fake Out|[of] p1a: Incineroar
|move|p2b: Garchomp|Stomping Tantrum|p1a: Incineroar
|-supereffective|p1a: Incineroar|1
|-damage|p1a: Incineroar|38/100
|-damage|p2b: Garchomp|90/100|[from] item: Life Orb
|move|p1b: Malamar|Trick Room|p1b: Malamar
|-fieldstart|move: Trick Room|[of] p1b: Malamar
|
|upkeep
|turn|2
|
|t:|1784480370
|move|p1a: Incineroar|Throat Chop|p2a: Farigiraf
|-supereffective|p2a: Farigiraf|1
|-damage|p2a: Farigiraf|37/100
|-start|p2a: Farigiraf|Throat Chop|[silent]
|-enditem|p2a: Farigiraf|Sitrus Berry|[eat]
|-heal|p2a: Farigiraf|62/100|[from] item: Sitrus Berry
|move|p1b: Malamar|Superpower|p2a: Farigiraf
|-damage|p2a: Farigiraf|29/100
|-boost|p1b: Malamar|atk|1
|-boost|p1b: Malamar|def|1
|move|p2b: Garchomp|Stomping Tantrum|p1b: Malamar
|-damage|p1b: Malamar|77/100
|-damage|p2b: Garchomp|80/100|[from] item: Life Orb
|move|p2a: Farigiraf|Trick Room|p2a: Farigiraf
|-fieldend|move: Trick Room
|
|upkeep
|turn|3
|
|t:|1784480393
|switch|p2a: Aerodactyl|Aerodactyl, L50, F|100/100
|-ability|p2a: Aerodactyl|Unnerve
|switch|p1a: Primarina|Primarina, L50, M|100/100
|move|p2b: Garchomp|Earthquake|p1a: Primarina|[spread] p1a,p1b
|-immune|p2a: Aerodactyl
|-damage|p1a: Primarina|59/100
|-damage|p1b: Malamar|52/100
|-damage|p2b: Garchomp|70/100|[from] item: Life Orb
|move|p1b: Malamar|Knock Off|p2b: Garchomp
|-damage|p2b: Garchomp|1/100
|-damage|p1b: Malamar|40/100|[from] ability: Rough Skin|[of] p2b: Garchomp
|-enditem|p2b: Garchomp|Life Orb|[from] move: Knock Off|[of] p1b: Malamar
|
|-heal|p1a: Primarina|65/100|[from] item: Leftovers
|upkeep
|turn|4
|
|t:|1784480404
|detailschange|p2a: Aerodactyl|Aerodactyl-Mega, L50, F
|-mega|p2a: Aerodactyl|Aerodactyl|Aerodactylite
|move|p1b: Malamar|Protect|p1b: Malamar
|-singleturn|p1b: Malamar|Protect
|move|p2a: Aerodactyl|Rock Slide|p1b: Malamar|[spread] p1a
|-activate|p1b: Malamar|move: Protect
|-damage|p1a: Primarina|33/100
|move|p2b: Garchomp|Earthquake|p1a: Primarina|[spread] p1a
|-activate|p1b: Malamar|move: Protect
|-immune|p2a: Aerodactyl
|-damage|p1a: Primarina|3/100
|cant|p1a: Primarina|flinch
|
|-heal|p1a: Primarina|9/100|[from] item: Leftovers
|upkeep
|turn|5
|
|t:|1784480421
|switch|p1a: Incineroar|Incineroar, L50, M|38/100
|-ability|p1a: Incineroar|Intimidate|boost
|-unboost|p2a: Aerodactyl|atk|1
|-unboost|p2b: Garchomp|atk|1
|move|p2a: Aerodactyl|Rock Slide|p1a: Incineroar|[spread] p1a,p1b
|-supereffective|p1a: Incineroar|1
|-damage|p1a: Incineroar|5/100
|-damage|p1b: Malamar|29/100
|move|p2b: Garchomp|Earthquake|p1a: Incineroar|[spread] p1a,p1b
|-immune|p2a: Aerodactyl
|-supereffective|p1a: Incineroar|1
|-damage|p1a: Incineroar|0 fnt
|-damage|p1b: Malamar|16/100
|faint|p1a: Incineroar
|move|p1b: Malamar|Trick Room|p1b: Malamar
|-fieldstart|move: Trick Room|[of] p1b: Malamar
|
|upkeep
|
|t:|1784480428
|switch|p1a: Primarina|Primarina, L50, M|9/100
|turn|6
|
|t:|1784480438
|move|p1a: Primarina|Hyper Voice|p2b: Garchomp|[spread] p2a,p2b
|-supereffective|p2a: Aerodactyl|1
|-damage|p2a: Aerodactyl|12/100
|-damage|p2b: Garchomp|0 fnt
|faint|p2b: Garchomp
|move|p1b: Malamar|Superpower|p2a: Aerodactyl
|-damage|p2a: Aerodactyl|0 fnt
|-boost|p1b: Malamar|atk|1
|-boost|p1b: Malamar|def|1
|faint|p2a: Aerodactyl
|
|-heal|p1a: Primarina|14/100|[from] item: Leftovers
|upkeep
|
|t:|1784480441
|switch|p2b: Sylveon|Sylveon, L50, F|100/100
|switch|p2a: Farigiraf|Farigiraf, L50, M|29/100
|turn|7
|
|t:|1784480461
|move|p2a: Farigiraf|Thunderbolt|p1a: Primarina
|-supereffective|p1a: Primarina|1
|-damage|p1a: Primarina|0 fnt
|faint|p1a: Primarina
|move|p2b: Sylveon|Hyper Voice|p1b: Malamar
|-supereffective|p1b: Malamar|1
|-damage|p1b: Malamar|0 fnt
|faint|p1b: Malamar
|
|upkeep
|
|t:|1784480464
|switch|p1b: Glimmora|Glimmora, L50, M|100/100
|turn|8
|
|t:|1784480475
|move|p1b: Glimmora|Spiky Shield|p1b: Glimmora
|-singleturn|p1b: Glimmora|move: Protect
|move|p2a: Farigiraf|Psychic|p1b: Glimmora
|-activate|p1b: Glimmora|move: Protect
|move|p2b: Sylveon|Hyper Beam|p1b: Glimmora
|-activate|p1b: Glimmora|move: Protect
|
|upkeep
|turn|9
|
|t:|1784480480
|move|p1b: Glimmora|Spiky Shield||[still]
|-fail|p1b: Glimmora
|move|p2a: Farigiraf|Psychic|p1b: Glimmora
|-supereffective|p1b: Glimmora|1
|-damage|p1b: Glimmora|5/100
|move|p2b: Sylveon|Hyper Beam|p1b: Glimmora
|-resisted|p1b: Glimmora|1
|-damage|p1b: Glimmora|0 fnt
|-mustrecharge|p2b: Sylveon
|faint|p1b: Glimmora
|
|win|Oscarm92
|raw|C.blaze's rating: 1264 → 1238(-26 for losing)
|raw|Oscarm92's rating: 1254 → 1280(+26 for winning)
|l|☆C.blaze
|player|p1|
