|j|☆Quill86
|j|☆redx50
|html|Quill86redx50    
|uhtml|bestof|Game 3 of a best-of-3
|t:|1756779747
|gametype|doubles
|player|p1|Quill86|lucas|1285
|player|p2|redx50|red|1191
|gen|9
|tier|[Gen 9] VGC 2025 Reg H (Bo3)
|rated|
|rule|Species Clause: Limit one of each Pokémon
|rule|Item Clause: Limit 1 of each item
|clearpoke
|poke|p1|Indeedee-F, L50, F|
|poke|p1|Gallade, L50, M|
|poke|p1|Torkoal, L50, M|
|poke|p1|Ursaluna, L50, M|
|poke|p1|Hatterene, L50, F|
|poke|p1|Smeargle, L50, F|
|poke|p2|Talonflame, L50, M|
|poke|p2|Farigiraf, L50, F|
|poke|p2|Ursaluna, L50, M|
|poke|p2|Empoleon, L50, F|
|poke|p2|Pawmot, L50, F|
|poke|p2|Incineroar, L50, F|
|teampreview|4
|showteam|p1|Indeedee-F||PsychicSeed|PsychicSurge|FollowMe,TrickRoom,HelpingHand,DazzlingGleam|||F|||50|,,,,,Fairy]Gallade||ClearAmulet|Sharpness|SacredSword,WideGuard,TrickRoom,PsychoCut|||M|||50|,,,,,Grass]Torkoal||ChoiceSpecs|Drought|Eruption,WeatherBall,EarthPower,HeatWave|||M|||50|,,,,,Fire]Ursaluna||FlameOrb|Guts|Protect,HeadlongRush,Facade,Earthquake|||M|||50|,,,,,Ghost]Hatterene||LifeOrb|MagicBounce|DazzlingGleam,ExpandingForce,MysticalFire,TrickRoom|||F|||50|,,,,,Fire]Smeargle||FocusSash|Moody|FakeOut,Spore,Instruct,FollowMe|||F|||50|,,,,,Ghost
|showteam|p2|Talonflame||SharpBeak|GaleWings|DualWingbeat,Tailwind,Uturn,Protect|||M|||50|,,,,,Ghost]Farigiraf||ThroatSpray|ArmorTail|HyperVoice,Psychic,Protect,TrickRoom|||F|||50|,,,,,Fairy]Ursaluna||FlameOrb|Guts|Facade,Protect,HeadlongRush,Earthquake|||M|||50|,,,,,Ghost]Empoleon||LifeOrb|Competitive|WaterPledge,FlashCannon,Protect,TeraBlast|||F|||50|,,,,,Grass]Pawmot||FocusSash|NaturalCure|DoubleShock,CloseCombat,FakeOut,Protect|||F|||50|,,,,,Electric]Incineroar||SafetyGoggles|Intimidate|FlareBlitz,KnockOff,FakeOut,PartingShot|||F|||50|,,,,,Grass
|inactive|Battle timer is ON: inactive players will automatically lose when time's up. (requested by redx50)
|inactive|Quill86 has 60 seconds left.
|
|t:|1756779778
|teamsize|p1|4
|teamsize|p2|4
|start
|switch|p1a: Smeargle|Smeargle, L50, F|100/100
|switch|p1b: Hatterene|Hatterene, L50, F|100/100
|switch|p2a: Farigiraf|Farigiraf, L50, F|100/100
|switch|p2b: Pawmot|Pawmot, L50, F|100/100
|turn|1
|inactive|redx50 has 30 seconds left.
|
|t:|1756779805
|switch|p1a: Indeedee|Indeedee-F, L50, F|100/100
|-fieldstart|move: Psychic Terrain|[from] ability: Psychic Surge|[of] p1a: Indeedee
|-enditem|p1a: Indeedee|Psychic Seed
|-boost|p1a: Indeedee|spd|1|[from] item: Psychic Seed
|move|p2b: Pawmot|Fake Out|p1a: Indeedee
|-activate|p1a: Indeedee|move: Psychic Terrain
|move|p2a: Farigiraf|Hyper Voice|p1a: Indeedee|[spread] p1a,p1b
|-crit|p1b: Hatterene
|-damage|p1a: Indeedee|82/100
|-damage|p1b: Hatterene|51/100
|-enditem|p2a: Farigiraf|Throat Spray
|-boost|p2a: Farigiraf|spa|1|[from] item: Throat Spray
|move|p1b: Hatterene|Dazzling Gleam|p2a: Farigiraf|[spread] p2a,p2b
|-supereffective|p2b: Pawmot
|-damage|p2a: Farigiraf|49/100
|-enditem|p2b: Pawmot|Focus Sash
|-damage|p2b: Pawmot|1/100
|-damage|p1b: Hatterene|41/100|[from] item: Life Orb
|
|upkeep
|turn|2
|
|t:|1756779825
|-terastallize|p2b: Pawmot|Electric
|move|p2b: Pawmot|Double Shock|p1a: Indeedee
|-damage|p1a: Indeedee|8/100
|-start|p2b: Pawmot|typechange|Electric|[from] move: Double Shock
|move|p2a: Farigiraf|Hyper Voice|p1a: Indeedee|[spread] p1a,p1b
|-damage|p1a: Indeedee|0 fnt
|-damage|p1b: Hatterene|0 fnt
|faint|p1a: Indeedee
|faint|p1b: Hatterene
|
|upkeep
|
|t:|1756779832
|switch|p1a: Smeargle|Smeargle, L50, F|100/100
|switch|p1b: Gallade|Gallade, L50, M|100/100
|turn|3
|
|t:|1756779849
|switch|p2a: Incineroar|Incineroar, L50, F|100/100
|-ability|p2a: Incineroar|Intimidate|boost
|-unboost|p1a: Smeargle|atk|1
|-fail|p1b: Gallade|unboost|[from] item: Clear Amulet|[of] p1b: Gallade
|move|p1a: Smeargle|Follow Me|p1a: Smeargle
|-singleturn|p1a: Smeargle|move: Follow Me
|move|p2b: Pawmot|Double Shock|p1a: Smeargle
|-enditem|p1a: Smeargle|Focus Sash
|-damage|p1a: Smeargle|1/100
|-start|p2b: Pawmot|typechange|Electric|[from] move: Double Shock
|move|p1b: Gallade|Trick Room|p1b: Gallade
|-fieldstart|move: Trick Room|[of] p1b: Gallade
|
|-ability|p1a: Smeargle|Moody|boost
|-boost|p1a: Smeargle|spd|2
|-unboost|p1a: Smeargle|spa|1
|upkeep
|turn|4
|
|t:|1756779859
|move|p1b: Gallade|Sacred Sword|p2a: Incineroar
|-supereffective|p2a: Incineroar
|-damage|p2a: Incineroar|0 fnt
|faint|p2a: Incineroar
|move|p1a: Smeargle|Spore|p2b: Pawmot
|-status|p2b: Pawmot|slp|[from] move: Spore
|cant|p2b: Pawmot|slp
|
|-ability|p1a: Smeargle|Moody|boost
|-boost|p1a: Smeargle|atk|2
|-unboost|p1a: Smeargle|def|1
|upkeep
|inactive|redx50 has 30 seconds left.
|
|t:|1756779888
|switch|p2a: Ursaluna|Ursaluna, L50, M|100/100
|turn|5
|
|t:|1756779894
|-curestatus|p2b: Pawmot|slp|[from] ability: Natural Cure
|switch|p2b: Farigiraf|Farigiraf, L50, F|49/100
|move|p2a: Ursaluna|Protect|p2a: Ursaluna
|-singleturn|p2a: Ursaluna|Protect
|move|p1b: Gallade|Sacred Sword|p2a: Ursaluna
|-activate|p2a: Ursaluna|move: Protect
|move|p1a: Smeargle|Instruct|p1b: Gallade
|-singleturn|p1b: Gallade|move: Instruct|[of] p1a: Smeargle
|move|p1b: Gallade|Sacred Sword|p2a: Ursaluna
|-activate|p2a: Ursaluna|move: Protect
|
|-fieldend|move: Psychic Terrain
|-status|p2a: Ursaluna|brn|[from] item: Flame Orb
|-ability|p1a: Smeargle|Moody|boost
|-boost|p1a: Smeargle|atk|2
|-unboost|p1a: Smeargle|def|1
|upkeep
|turn|6
|
|t:|1756779914
|move|p2b: Farigiraf|Protect|p2b: Farigiraf
|-singleturn|p2b: Farigiraf|Protect
|move|p1b: Gallade|Sacred Sword|p2a: Ursaluna
|-supereffective|p2a: Ursaluna
|-damage|p2a: Ursaluna|0 fnt
|faint|p2a: Ursaluna
|move|p1a: Smeargle|Instruct|p1b: Gallade
|-singleturn|p1b: Gallade|move: Instruct|[of] p1a: Smeargle
|move|p1b: Gallade|Sacred Sword|p2b: Farigiraf
|-activate|p2b: Farigiraf|move: Protect
|
|-ability|p1a: Smeargle|Moody|boost
|-boost|p1a: Smeargle|spe|2
|-unboost|p1a: Smeargle|spa|1
|upkeep
|
|t:|1756779922
|switch|p2a: Pawmot|Pawmot, L50, F, tera:Electric|1/100
|turn|7
|inactive|Quill86 has 30 seconds left.
|inactive|Quill86 has 20 seconds left.
|
|t:|1756779962
|move|p2a: Pawmot|Fake Out|p1b: Gallade
|-damage|p1b: Gallade|81/100
|cant|p1b: Gallade|flinch
|move|p2b: Farigiraf|Psychic|p1a: Smeargle
|-damage|p1a: Smeargle|0 fnt
|faint|p1a: Smeargle
|
|-fieldend|move: Trick Room
|upkeep
|turn|8
|
|t:|1756779974
|-terastallize|p1b: Gallade|Grass
|move|p2a: Pawmot|Double Shock|p1b: Gallade
|-resisted|p1b: Gallade
|-damage|p1b: Gallade|26/100
|-start|p2a: Pawmot|typechange|Electric|[from] move: Double Shock
|move|p2b: Farigiraf|Psychic|p1b: Gallade
|-damage|p1b: Gallade|0 fnt
|faint|p1b: Gallade
|
|win|redx50
|raw|Quill86's rating: 1285 → 1253(-32 for losing)
|raw|redx50's rating: 1191 → 1223(+32 for winning)
