|j|☆dubbies
|j|☆Mythicallegand
|html|dubbiesMythicallegand    
|uhtml|bestof|Game 3 of a best-of-3
|t:|1756653155
|gametype|doubles
|player|p1|dubbies|hoopster|1067
|player|p2|Mythicallegand|iris|1076
|gen|9
|tier|[Gen 9] VGC 2025 Reg H (Bo3)
|rated|
|rule|Species Clause: Limit one of each Pokémon
|rule|Item Clause: Limit 1 of each item
|clearpoke
|poke|p1|Gholdengo, L50|
|poke|p1|Grimmsnarl, L50, M|
|poke|p1|Maushold, L50|
|poke|p1|Dragonite, L50, M|
|poke|p1|Pelipper, L50, F|
|poke|p1|Archaludon, L50, F|
|poke|p2|Dondozo, L50, F|
|poke|p2|Tatsugiri, L50, F|
|poke|p2|Dragonite, L50, F|
|poke|p2|Typhlosion-Hisui, L50, M|
|poke|p2|Whimsicott, L50, F|
|poke|p2|Ninetales-Alola, L50, F|
|teampreview|4
|showteam|p1|Gholdengo||LifeOrb|GoodasGold|MakeItRain,ShadowBall,NastyPlot,Protect||||||50|,,,,,Water]Grimmsnarl||LightClay|Prankster|FoulPlay,LightScreen,Reflect,ThunderWave|||M|||50|,,,,,Ghost]Maushold||SafetyGoggles|FriendGuard|Protect,SuperFang,FollowMe,BeatUp||||||50|,,,,,Ghost]Dragonite||LoadedDice|Multiscale|Protect,ScaleShot,ExtremeSpeed,Tailwind|||M|||50|,,,,,Steel]Pelipper||FocusSash|Drizzle|Protect,MuddyWater,Hurricane,Tailwind|||F|||50|,,,,,Ground]Archaludon||AssaultVest|Stamina|DracoMeteor,ElectroShot,BodyPress,Snarl|||F|||50|,,,,,Bug
|showteam|p2|Dondozo||LumBerry|Unaware|OrderUp,Protect,Earthquake,WaveCrash|||F|||50|,,,,,Dragon]Tatsugiri||SitrusBerry|Commander|Taunt,IcyWind,MuddyWater,DracoMeteor|||F|||50|,,,,,Ghost]Dragonite||AssaultVest|InnerFocus|TeraBlast,ExtremeSpeed,IceSpinner,ScaleShot|||F|||50|,,,,,Flying]Typhlosion-Hisui||LifeOrb|Blaze|Eruption,ShadowBall,HeatWave,Protect|||M|||50|,,,,,Grass]Whimsicott||FocusSash|Prankster|Encore,Moonblast,Tailwind,FakeTears|||F|||50|,,,,,Ghost]Ninetales-Alola||ChoiceSpecs|SnowWarning|Blizzard,DazzlingGleam,IcyWind,Moonblast|||F|||50|,,,,,Ghost
|inactive|Battle timer is ON: inactive players will automatically lose when time's up. (requested by dubbies)
|
|t:|1756653168
|teamsize|p1|4
|teamsize|p2|4
|start
|switch|p1a: Pelipper|Pelipper, L50, F, shiny|100/100
|switch|p1b: Archaludon|Archaludon, L50, F, shiny|100/100
|switch|p2a: Typhlosion|Typhlosion-Hisui, L50, M|100/100
|switch|p2b: Whimsicott|Whimsicott, L50, F|100/100
|-weather|RainDance|[from] ability: Drizzle|[of] p1a: Pelipper
|turn|1
|
|t:|1756653180
|move|p2a: Typhlosion|Protect|p2a: Typhlosion
|-singleturn|p2a: Typhlosion|Protect
|move|p2b: Whimsicott|Fake Tears|p1b: Archaludon
|-unboost|p1b: Archaludon|spd|2
|move|p1b: Archaludon|Snarl|p2b: Whimsicott|[spread] p2b
|-activate|p2a: Typhlosion|move: Protect
|-resisted|p2b: Whimsicott
|-damage|p2b: Whimsicott|92/100
|-unboost|p2b: Whimsicott|spa|1
|move|p1a: Pelipper|Tailwind|p1a: Pelipper
|-sidestart|p1: dubbies|move: Tailwind
|
|-weather|RainDance|[upkeep]
|upkeep
|turn|2
|inactive|dubbies has 30 seconds left.
|
|t:|1756653208
|switch|p2a: Dragonite|Dragonite, L50, F|100/100
|move|p2b: Whimsicott|Tailwind|p2b: Whimsicott
|-sidestart|p2: Mythicallegand|move: Tailwind
|move|p1b: Archaludon|Snarl|p2a: Dragonite|[spread] p2a,p2b
|-resisted|p2b: Whimsicott
|-damage|p2a: Dragonite|92/100
|-damage|p2b: Whimsicott|83/100
|-unboost|p2a: Dragonite|spa|1
|-unboost|p2b: Whimsicott|spa|1
|move|p1a: Pelipper|Muddy Water|p2b: Whimsicott|[spread] p2a,p2b
|-resisted|p2a: Dragonite
|-resisted|p2b: Whimsicott
|-damage|p2a: Dragonite|77/100
|-damage|p2b: Whimsicott|52/100
|-unboost|p2b: Whimsicott|accuracy|1
|
|-weather|RainDance|[upkeep]
|upkeep
|turn|3
|
|t:|1756653230
|switch|p1b: Maushold|Maushold, L50, shiny|100/100
|move|p1a: Pelipper|Protect|p1a: Pelipper
|-singleturn|p1a: Pelipper|Protect
|move|p2b: Whimsicott|Moonblast|p1a: Pelipper
|-activate|p1a: Pelipper|move: Protect
|move|p2a: Dragonite|Scale Shot|p1a: Pelipper
|-activate|p1a: Pelipper|move: Protect
|
|-weather|RainDance|[upkeep]
|upkeep
|turn|4
|
|t:|1756653250
|switch|p1a: Gholdengo|Gholdengo, L50|100/100
|move|p2b: Whimsicott|Encore|p1a: Gholdengo
|-immune|p1a: Gholdengo|[from] ability: Good as Gold
|move|p1b: Maushold|Super Fang|p2a: Dragonite
|-damage|p2a: Dragonite|39/100
|move|p2a: Dragonite|Scale Shot|p1b: Maushold
|-damage|p1b: Maushold|85/100
|-damage|p1b: Maushold|70/100
|-damage|p1b: Maushold|55/100
|-hitcount|p1b: Maushold|3
|-unboost|p2a: Dragonite|def|1
|-boost|p2a: Dragonite|spe|1
|
|-weather|RainDance|[upkeep]
|-sideend|p1: dubbies|move: Tailwind
|upkeep
|turn|5
|inactive|Mythicallegand has 30 seconds left.
|
|t:|1756653285
|move|p1b: Maushold|Follow Me|p1b: Maushold
|-singleturn|p1b: Maushold|move: Follow Me
|move|p2a: Dragonite|Scale Shot|p1b: Maushold
|-damage|p1b: Maushold|42/100
|-damage|p1b: Maushold|29/100
|-damage|p1b: Maushold|15/100
|-damage|p1b: Maushold|0 fnt
|faint|p1b: Maushold
|-hitcount|p1: Maushold|4
|-unboost|p2a: Dragonite|def|1
|-boost|p2a: Dragonite|spe|1
|move|p2b: Whimsicott|Moonblast|p1a: Gholdengo
|-resisted|p1a: Gholdengo
|-damage|p1a: Gholdengo|92/100
|-unboost|p1a: Gholdengo|spa|1
|move|p1a: Gholdengo|Make It Rain|p2b: Whimsicott|[spread] p2a,p2b
|-supereffective|p2b: Whimsicott
|-damage|p2a: Dragonite|8/100
|-damage|p2b: Whimsicott|0 fnt
|-unboost|p1a: Gholdengo|spa|1
|faint|p2b: Whimsicott
|-damage|p1a: Gholdengo|83/100|[from] item: Life Orb
|
|-weather|none
|-sideend|p2: Mythicallegand|move: Tailwind
|upkeep
|
|t:|1756653291
|switch|p2b: Typhlosion|Typhlosion-Hisui, L50, M|100/100
|switch|p1b: Pelipper|Pelipper, L50, F, shiny|100/100
|-weather|RainDance|[from] ability: Drizzle|[of] p1b: Pelipper
|turn|6
|inactive|Mythicallegand has 30 seconds left.
|
|t:|1756653316
|switch|p2a: Ninetales|Ninetales-Alola, L50, F|100/100
|-weather|Snowscape|[from] ability: Snow Warning|[of] p2a: Ninetales
|-terastallize|p1a: Gholdengo|Water
|move|p2b: Typhlosion|Shadow Ball|p1a: Gholdengo
|-damage|p1a: Gholdengo|19/100
|-damage|p2b: Typhlosion|91/100|[from] item: Life Orb
|move|p1a: Gholdengo|Nasty Plot|p1a: Gholdengo
|-boost|p1a: Gholdengo|spa|2
|move|p1b: Pelipper|Tailwind|p1b: Pelipper
|-sidestart|p1: dubbies|move: Tailwind
|
|-weather|Snowscape|[upkeep]
|upkeep
|turn|7
|inactive|dubbies has 30 seconds left.
|
|t:|1756653345
|-terastallize|p2a: Ninetales|Ghost
|move|p2b: Typhlosion|Protect|p2b: Typhlosion
|-singleturn|p2b: Typhlosion|Protect
|move|p1a: Gholdengo|Make It Rain|p2b: Typhlosion|[spread] p2a
|-activate|p2b: Typhlosion|move: Protect
|-damage|p2a: Ninetales|33/100
|-unboost|p1a: Gholdengo|spa|1
|-damage|p1a: Gholdengo|10/100|[from] item: Life Orb
|move|p1b: Pelipper|Muddy Water|p2a: Ninetales|[spread] p2a
|-activate|p2b: Typhlosion|move: Protect
|-damage|p2a: Ninetales|0 fnt
|faint|p2a: Ninetales
|
|-weather|Snowscape|[upkeep]
|upkeep
|
|t:|1756653360
|switch|p2a: Dragonite|Dragonite, L50, F|8/100
|turn|8
|
|t:|1756653369
|move|p2a: Dragonite|Extreme Speed|p1a: Gholdengo
|-damage|p1a: Gholdengo|0 fnt
|faint|p1a: Gholdengo
|move|p1b: Pelipper|Muddy Water|p2b: Typhlosion|[spread] p2b
|-miss|p1b: Pelipper|p2a: Dragonite
|-supereffective|p2b: Typhlosion
|-damage|p2b: Typhlosion|7/100
|move|p2b: Typhlosion|Shadow Ball|p1b: Pelipper
|-damage|p1b: Pelipper|9/100
|-damage|p2b: Typhlosion|0 fnt|[from] item: Life Orb
|faint|p2b: Typhlosion
|
|-weather|Snowscape|[upkeep]
|upkeep
|
|t:|1756653372
|switch|p1a: Archaludon|Archaludon, L50, F, shiny|100/100
|turn|9
|c|☆dubbies|ggs
|-message|Mythicallegand forfeited.
|raw|dubbies's rating: 1067 → 1098(+31 for winning)
|raw|Mythicallegand's rating: 1076 → 1054(-22 for losing)
|
|win|dubbies
|l|☆Mythicallegand
|player|p2|
