|j|☆lime beens
|j|☆jamaicantheif
|html|lime beensjamaicantheif    
|uhtml|bestof|Game 3 of a best-of-3
|t:|1783478237
|gametype|doubles
|player|p1|lime beens|artist-gen4|1023
|player|p2|jamaicantheif|2|1000
|gen|9
|tier|[Gen 9 Champions] VGC 2026 Reg M-B (Bo3)
|rated|
|rule|Species Clause: Limit one of each Pokémon
|rule|Item Clause: Limit 1 of each item
|clearpoke
|poke|p1|Empoleon, L50, M|
|poke|p1|Kingambit, L50, F|
|poke|p1|Sneasler, L50, F|
|poke|p1|Raichu, L50, F|
|poke|p1|Blastoise, L50, F|
|poke|p1|Sableye, L50, F|
|poke|p2|Tyranitar, L50, M, shiny|
|poke|p2|Excadrill, L50, M|
|poke|p2|Incineroar, L50, M|
|poke|p2|Houndstone, L50, F|
|poke|p2|Whimsicott, L50, M, shiny|
|poke|p2|Rotom-Wash, L50, shiny|
|teampreview|4
|showteam|p1|Empoleon||SitrusBerry|Competitive|HydroPump,FlashCannon,VacuumWave,Protect|Modest||M|||50|]Kingambit||LifeOrb|Defiant|SuckerPunch,IronHead,XScissor,Protect|Adamant||F|||50|]Sneasler||FocusSash|Unburden|CloseCombat,DireClaw,FakeOut,Protect|Adamant||F|||50|]Raichu||RaichuniteY|Static|ZapCannon,FocusBlast,DrainingKiss,Protect|Timid||F|||50|]Blastoise||Blastoisinite|Torrent|ShellSmash,WaterSpout,DarkPulse,Protect|Modest||F|||50|]Sableye||RoseliBerry|Prankster|Disable,Encore,Detect,FakeOut|Bold||F|||50|
|showteam|p2|Tyranitar||Tyranitarite|SandStream|KnockOff,RockSlide,IcePunch,LowKick|Adamant||M|||50|]Excadrill||FocusSash|SandRush|HighHorsepower,Protect,IronHead,RockSlide|Jolly||M|||50|]Incineroar||SitrusBerry|Intimidate|DarkestLariat,FakeOut,FlareBlitz,PartingShot|Jolly||M|||50|]Houndstone||LifeOrb|SandRush|LastRespects,AllySwitch,PsychicFangs,StompingTantrum|Adamant||F|||50|]Whimsicott||BrightPowder|Prankster|Tailwind,Moonblast,GigaDrain,Memento|Modest||M|||50|]Rotom-Wash||Magnet|Levitate|HydroPump,Thunderbolt,VoltSwitch,WillOWisp|Calm|||||50|
|inactive|Battle timer is ON: inactive players will automatically lose when time's up. (requested by lime beens)
|
|t:|1783478255
|teamsize|p1|4
|teamsize|p2|4
|start
|switch|p1a: Raichu|Raichu, L50, F|100/100
|switch|p1b: Sneasler|Sneasler, L50, F|100/100
|switch|p2a: Tyranitar|Tyranitar, L50, M, shiny|100/100
|switch|p2b: Excadrill|Excadrill, L50, M|100/100
|-weather|Sandstorm|[from] ability: Sand Stream|[of] p2a: Tyranitar
|turn|1
|
|t:|1783478276
|detailschange|p1a: Raichu|Raichu-Mega-Y, L50, F
|-mega|p1a: Raichu|Raichu|Raichunite Y
|detailschange|p2a: Tyranitar|Tyranitar-Mega, L50, M, shiny
|-mega|p2a: Tyranitar|Tyranitar|Tyranitarite
|move|p1b: Sneasler|Fake Out|p2b: Excadrill
|-resisted|p2b: Excadrill|1
|-damage|p2b: Excadrill|89/100
|cant|p2b: Excadrill|flinch
|move|p1a: Raichu|Focus Blast|p2a: Tyranitar
|-supereffective|p2a: Tyranitar|2
|-damage|p2a: Tyranitar|0 fnt
|faint|p2a: Tyranitar
|
|-weather|Sandstorm|[upkeep]
|-damage|p1a: Raichu|94/100|[from] Sandstorm
|-damage|p1b: Sneasler|94/100|[from] Sandstorm
|upkeep
|
|t:|1783478289
|switch|p2a: Incineroar|Incineroar, L50, M|100/100
|-ability|p2a: Incineroar|Intimidate|boost
|-unboost|p1a: Raichu|atk|1
|-unboost|p1b: Sneasler|atk|1
|turn|2
|
|t:|1783478310
|move|p2a: Incineroar|Fake Out|p1a: Raichu
|-damage|p1a: Raichu|72/100
|move|p2b: Excadrill|High Horsepower|p1b: Sneasler
|-supereffective|p1b: Sneasler|1
|-damage|p1b: Sneasler|0 fnt
|faint|p1b: Sneasler
|cant|p1a: Raichu|flinch
|
|-weather|Sandstorm|[upkeep]
|-damage|p1a: Raichu|67/100|[from] Sandstorm
|-damage|p2a: Incineroar|94/100|[from] Sandstorm
|upkeep
|
|t:|1783478317
|switch|p1b: Empoleon|Empoleon, L50, M|100/100
|turn|3
|
|t:|1783478329
|move|p2b: Excadrill|High Horsepower|p1a: Raichu
|-supereffective|p1a: Raichu|1
|-damage|p1a: Raichu|0 fnt
|faint|p1a: Raichu
|move|p2a: Incineroar|Parting Shot|p1b: Empoleon
|-unboost|p1b: Empoleon|atk|1
|-ability|p1b: Empoleon|Competitive|boost
|-boost|p1b: Empoleon|spa|2
|-unboost|p1b: Empoleon|spa|1
|-ability|p1b: Empoleon|Competitive|boost
|-boost|p1b: Empoleon|spa|2
|
|t:|1783478339
|switch|p2a: Rotom|Rotom-Wash, L50, shiny|100/100|[from] Parting Shot
|move|p1b: Empoleon|Hydro Pump|p2b: Excadrill
|-supereffective|p2b: Excadrill|1
|-damage|p2b: Excadrill|0 fnt
|faint|p2b: Excadrill
|
|-weather|Sandstorm|[upkeep]
|-damage|p2a: Rotom|94/100|[from] Sandstorm
|upkeep
|
|t:|1783478346
|switch|p1a: Kingambit|Kingambit, L50, F|100/100
|switch|p2b: Incineroar|Incineroar, L50, M|94/100
|-ability|p2b: Incineroar|Intimidate|boost
|-unboost|p1a: Kingambit|atk|1
|-ability|p1a: Kingambit|Defiant|boost
|-boost|p1a: Kingambit|atk|2
|-unboost|p1b: Empoleon|atk|1
|-ability|p1b: Empoleon|Competitive|boost
|-boost|p1b: Empoleon|spa|2
|turn|4
|
|t:|1783478366
|move|p2b: Incineroar|Fake Out|p1b: Empoleon
|-resisted|p1b: Empoleon|1
|-damage|p1b: Empoleon|94/100
|cant|p1b: Empoleon|flinch
|move|p1a: Kingambit|Sucker Punch|p2a: Rotom
|-damage|p2a: Rotom|1/100
|-damage|p1a: Kingambit|90/100|[from] item: Life Orb
|move|p2a: Rotom|Thunderbolt|p1b: Empoleon
|-supereffective|p1b: Empoleon|1
|-damage|p1b: Empoleon|18/100
|-enditem|p1b: Empoleon|Sitrus Berry|[eat]
|-heal|p1b: Empoleon|43/100|[from] item: Sitrus Berry
|
|-weather|Sandstorm|[upkeep]
|-damage|p2b: Incineroar|88/100|[from] Sandstorm
|-damage|p2a: Rotom|0 fnt|[from] Sandstorm
|faint|p2a: Rotom
|upkeep
|turn|5
|c|☆jamaicantheif|ggs
|
|t:|1783478386
|move|p1b: Empoleon|Vacuum Wave|p2b: Incineroar
|-supereffective|p2b: Incineroar|1
|-damage|p2b: Incineroar|0 fnt
|faint|p2b: Incineroar
|
|win|lime beens
|raw|lime beens's rating: 1023 → 1057(+34 for winning)
|raw|jamaicantheif's rating: 1000 → 1000(+0 for losing)
|c|☆lime beens|gg
|l|☆lime beens
|player|p1|
