|j|☆Flower X Ranger
|j|☆Setaton
|html|Flower X RangerSetaton    
|uhtml|bestof|Game 3 of a best-of-3
|t:|1757008611
|gametype|doubles
|player|p1|Flower X Ranger|parasollady|1000
|player|p2|Setaton|volkner|1040
|gen|9
|tier|[Gen 9] VGC 2025 Reg H (Bo3)
|rated|
|rule|Species Clause: Limit one of each Pokémon
|rule|Item Clause: Limit 1 of each item
|clearpoke
|poke|p1|Indeedee-F, L50, F|
|poke|p1|Hatterene, L50, F|
|poke|p1|Gallade, L50, M|
|poke|p1|Ursaluna, L50, M|
|poke|p1|Lilligant-Hisui, L50, F|
|poke|p1|Torkoal, L50, M|
|poke|p2|Sneasler, L50, M|
|poke|p2|Rillaboom, L50, M|
|poke|p2|Electabuzz, L50, M|
|poke|p2|Dragonite, L50, F|
|poke|p2|Volcarona, L50, F|
|poke|p2|Kingambit, L50, M|
|teampreview|4
|showteam|p1|Indeedee-F||PsychicSeed|PsychicSurge|TrickRoom,FollowMe,HelpingHand,DazzlingGleam|||F|||50|,,,,,Fire]Hatterene||LifeOrb|MagicBounce|ExpandingForce,TrickRoom,DazzlingGleam,Protect|||F|||50|,,,,,Psychic]Gallade||ClearAmulet|Sharpness|PsychoCut,TrickRoom,SacredSword,WideGuard|||M|||50|,,,,,Grass]Ursaluna||FlameOrb|Guts|HeadlongRush,Facade,SwordsDance,Protect|||M|||50|,,,,,Ghost]Lilligant-Hisui||FocusSash|Chlorophyll|SolarBlade,SleepPowder,CloseCombat,AfterYou|||F|||50|,,,,,Ghost]Torkoal||ChoiceSpecs|Drought|Eruption,HeatWave,WeatherBall,EarthPower|||M|||50|,,,,,Fire
|showteam|p2|Sneasler||FocusSash|PoisonTouch|CloseCombat,DireClaw,Coaching,FakeOut|||M|||50|,,,,,Ghost]Rillaboom||AssaultVest|GrassySurge|WoodHammer,GrassyGlide,HighHorsepower,FakeOut|||M|||50|,,,,,Fire]Electabuzz||Eviolite|VitalSpirit|Electroweb,Taunt,Protect,FollowMe|||M|||50|,,,,,Fairy]Dragonite||LoadedDice|Multiscale|ScaleShot,ExtremeSpeed,Haze,Tailwind|||F|||50|,,,,,Fairy]Volcarona||Leftovers|FlameBody|HeatWave,TeraBlast,QuiverDance,Protect|||F|||50|,,,,,Fairy]Kingambit||BlackGlasses|Defiant|KowtowCleave,SuckerPunch,SwordsDance,Protect|||M|||50|,,,,,Dark
|inactive|Battle timer is ON: inactive players will automatically lose when time's up. (requested by Flower X Ranger)
|inactive|Flower X Ranger has 60 seconds left.
|
|t:|1757008644
|teamsize|p1|4
|teamsize|p2|4
|start
|switch|p1a: Lilligant|Lilligant-Hisui, L50, F, shiny|100/100
|switch|p1b: Gallade|Gallade, L50, M, shiny|100/100
|switch|p2a: Electabuzz|Electabuzz, L50, M|100/100
|switch|p2b: Volcarona|Volcarona, L50, F|100/100
|turn|1
|inactive|Flower X Ranger has 30 seconds left.
|
|t:|1757008671
|switch|p1a: Ursaluna|Ursaluna, L50, M, shiny|100/100
|move|p2b: Volcarona|Protect|p2b: Volcarona
|-singleturn|p2b: Volcarona|Protect
|move|p2a: Electabuzz|Taunt|p1b: Gallade
|-start|p1b: Gallade|move: Taunt
|cant|p1b: Gallade|move: Taunt|Trick Room
|
|-status|p1a: Ursaluna|brn|[from] item: Flame Orb
|upkeep
|turn|2
|inactive|Flower X Ranger has 30 seconds left.
|inactive|Setaton has 30 seconds left.
|inactive|Flower X Ranger has 20 seconds left.
|inactive|Setaton has 20 seconds left.
|inactive|Flower X Ranger has 15 seconds left.
|inactive|Setaton has 15 seconds left.
|
|t:|1757008715
|switch|p2b: Dragonite|Dragonite, L50, F|100/100
|switch|p1b: Lilligant|Lilligant-Hisui, L50, F, shiny|100/100
|move|p2a: Electabuzz|Follow Me|p2a: Electabuzz
|-singleturn|p2a: Electabuzz|move: Follow Me
|move|p1a: Ursaluna|Headlong Rush|p2a: Electabuzz
|-supereffective|p2a: Electabuzz
|-damage|p2a: Electabuzz|0 fnt
|-unboost|p1a: Ursaluna|def|1
|-unboost|p1a: Ursaluna|spd|1
|faint|p2a: Electabuzz
|
|-damage|p1a: Ursaluna|95/100 brn|[from] brn
|upkeep
|
|t:|1757008728
|switch|p2a: Rillaboom|Rillaboom, L50, M|100/100
|-fieldstart|move: Grassy Terrain|[from] ability: Grassy Surge|[of] p2a: Rillaboom
|turn|3
|inactive|Flower X Ranger has 30 seconds left.
|inactive|Setaton has 30 seconds left.
|inactive|Flower X Ranger has 20 seconds left.
|inactive|Flower X Ranger has 15 seconds left.
|
|t:|1757008772
|switch|p1b: Torkoal|Torkoal, L50, M, shiny|100/100
|-weather|SunnyDay|[from] ability: Drought|[of] p1b: Torkoal
|-terastallize|p1a: Ursaluna|Ghost
|move|p2a: Rillaboom|Fake Out|p1b: Torkoal
|-damage|p1b: Torkoal|89/100
|move|p2b: Dragonite|Scale Shot|p1a: Ursaluna
|-damage|p1a: Ursaluna|79/100 brn
|-damage|p1a: Ursaluna|64/100 brn
|-damage|p1a: Ursaluna|47/100 brn
|-damage|p1a: Ursaluna|30/100 brn
|-hitcount|p1a: Ursaluna|4
|-unboost|p2b: Dragonite|def|1
|-boost|p2b: Dragonite|spe|1
|move|p1a: Ursaluna|Swords Dance|p1a: Ursaluna
|-boost|p1a: Ursaluna|atk|2
|
|-weather|SunnyDay|[upkeep]
|-heal|p1a: Ursaluna|36/100 brn|[from] Grassy Terrain
|-heal|p1b: Torkoal|95/100|[from] Grassy Terrain
|-damage|p1a: Ursaluna|30/100 brn|[from] brn
|upkeep
|turn|4
|inactive|Flower X Ranger has 30 seconds left.
|inactive|Setaton has 30 seconds left.
|inactive|Setaton has 20 seconds left.
|inactive|Setaton has 15 seconds left.
|
|t:|1757008816
|-terastallize|p2a: Rillaboom|Fire
|move|p1a: Ursaluna|Protect|p1a: Ursaluna
|-singleturn|p1a: Ursaluna|Protect
|move|p2a: Rillaboom|Grassy Glide|p1a: Ursaluna
|-activate|p1a: Ursaluna|move: Protect
|move|p2b: Dragonite|Scale Shot|p1b: Torkoal
|-damage|p1b: Torkoal|85/100
|-damage|p1b: Torkoal|73/100
|-damage|p1b: Torkoal|62/100
|-damage|p1b: Torkoal|51/100
|-hitcount|p1b: Torkoal|4
|-unboost|p2b: Dragonite|def|1
|-boost|p2b: Dragonite|spe|1
|move|p1b: Torkoal|Eruption|p2a: Rillaboom|[spread] p2a,p2b
|-resisted|p2a: Rillaboom
|-resisted|p2b: Dragonite
|-damage|p2a: Rillaboom|81/100
|-damage|p2b: Dragonite|85/100
|
|-weather|SunnyDay|[upkeep]
|-heal|p2a: Rillaboom|87/100|[from] Grassy Terrain
|-heal|p1a: Ursaluna|36/100 brn|[from] Grassy Terrain
|-heal|p1b: Torkoal|57/100|[from] Grassy Terrain
|-damage|p1a: Ursaluna|30/100 brn|[from] brn
|upkeep
|turn|5
|inactive|Flower X Ranger has 30 seconds left.
|inactive|Setaton has 30 seconds left.
|inactive|Setaton has 20 seconds left.
|inactive|Setaton has 15 seconds left.
|
|t:|1757008865
|switch|p1a: Lilligant|Lilligant-Hisui, L50, F, shiny|100/100
|switch|p1b: Gallade|Gallade, L50, M, shiny|100/100
|move|p2b: Dragonite|Scale Shot|p1b: Gallade
|-damage|p1b: Gallade|78/100
|-damage|p1b: Gallade|56/100
|-damage|p1b: Gallade|34/100
|-damage|p1b: Gallade|14/100
|-hitcount|p1b: Gallade|4
|-unboost|p2b: Dragonite|def|1
|-boost|p2b: Dragonite|spe|1
|move|p2a: Rillaboom|Wood Hammer|p1a: Lilligant
|-resisted|p1a: Lilligant
|-damage|p1a: Lilligant|43/100
|-damage|p2a: Rillaboom|73/100|[from] Recoil
|
|-weather|SunnyDay|[upkeep]
|-heal|p1a: Lilligant|49/100|[from] Grassy Terrain
|-heal|p2a: Rillaboom|79/100|[from] Grassy Terrain
|-heal|p1b: Gallade|19/100|[from] Grassy Terrain
|upkeep
|turn|6
|inactive|Flower X Ranger has 30 seconds left.
|inactive|Setaton has 30 seconds left.
|
|t:|1757008895
|move|p2b: Dragonite|Extreme Speed|p1a: Lilligant
|-damage|p1a: Lilligant|0 fnt
|faint|p1a: Lilligant
|move|p2a: Rillaboom|Grassy Glide|p1b: Gallade
|-damage|p1b: Gallade|0 fnt
|faint|p1b: Gallade
|
|-weather|SunnyDay|[upkeep]
|-heal|p2a: Rillaboom|85/100|[from] Grassy Terrain
|upkeep
|c|☆Flower X Ranger|gg
|-message|Flower X Ranger forfeited.
|raw|Flower X Ranger's rating: 1000 → 1000(+0 for losing)
|raw|Setaton's rating: 1040 → 1070(+30 for winning)
|
|win|Setaton
|l|☆Flower X Ranger
|player|p1|
