|j|☆bbbl drizzay
|j|☆Eltodotibio
|html|bbbl drizzayEltodotibio    
|uhtml|bestof|Game 2 of a best-of-3
|t:|1757641802
|gametype|doubles
|player|p1|bbbl drizzay|player-go|1069
|player|p2|Eltodotibio|170|1031
|gen|9
|tier|[Gen 9] VGC 2025 Reg H (Bo3)
|rated|
|rule|Species Clause: Limit one of each Pokémon
|rule|Item Clause: Limit 1 of each item
|clearpoke
|poke|p1|Tyranitar, L50, M|
|poke|p1|Incineroar, L50, M|
|poke|p1|Archaludon, L50, F|
|poke|p1|Milotic, L50, M|
|poke|p1|Amoonguss, L50, F|
|poke|p1|Corviknight, L50, F|
|poke|p2|Annihilape, L50, F|
|poke|p2|Farigiraf, L50, F|
|poke|p2|Torkoal, L50, M|
|poke|p2|Ursaluna-Bloodmoon, L50, M|
|poke|p2|Gholdengo, L50|
|poke|p2|Murkrow, L50, M|
|teampreview|4
|showteam|p1|Tyranitar||AssaultVest|SandStream|RockSlide,TeraBlast,LowKick,KnockOff|||M|||50|,,,,,Grass]Incineroar||SafetyGoggles|Intimidate|KnockOff,FakeOut,PartingShot,FlareBlitz|||M|||50|,,,,,Ghost]Archaludon||PowerHerb|Stamina|Protect,BodyPress,ElectroShot,DragonPulse|||F|||50|,,,,,Ghost]Milotic||SitrusBerry|Competitive|Protect,Scald,Haze,IcyWind|||M|||50|,,,,,Grass]Amoonguss||MentalHerb|Regenerator|Protect,Spore,RagePowder,PollenPuff|||F|||50|,,,,,Dark]Corviknight||CovertCloak|MirrorArmor|BraveBird,Tailwind,BulkUp,Roost|||F|||50|,,,,,Dragon
|showteam|p2|Annihilape||ChoiceScarf|Defiant|CloseCombat,RageFist,FinalGambit,Uturn|||F|||50|,,,,,Fire]Farigiraf||ThroatSpray|ArmorTail|HyperVoice,Psychic,HelpingHand,TrickRoom|||F|||50|,,,,,Water]Torkoal||Charcoal|Drought|Eruption,HeatWave,WeatherBall,SolarBeam|||M|||50|,,,,,Fire]Ursaluna-Bloodmoon||LifeOrb|MindsEye|HyperVoice,BloodMoon,EarthPower,Protect|||M|||50|,,,,,Normal]Gholdengo||ChoiceSpecs|GoodasGold|MakeItRain,ShadowBall,Thunderbolt,DazzlingGleam||||||50|,,,,,Steel]Murkrow||FocusSash|Prankster|BraveBird,Tailwind,Haze,Protect|||M|||50|,,,,,Ghost
|inactive|Battle timer is ON: inactive players will automatically lose when time's up. (requested by Eltodotibio)
|
|t:|1757641816
|teamsize|p1|4
|teamsize|p2|4
|start
|switch|p1a: Amoonguss|Amoonguss, L50, F|100/100
|switch|p1b: Archaludon|Archaludon, L50, F|100/100
|switch|p2a: Annihilape|Annihilape, L50, F|100/100
|switch|p2b: Farigiraf|Farigiraf, L50, F|100/100
|turn|1
|
|t:|1757641831
|move|p1b: Archaludon|Protect|p1b: Archaludon
|-singleturn|p1b: Archaludon|Protect
|move|p2a: Annihilape|Final Gambit|p1a: Amoonguss
|-damage|p1a: Amoonguss|2/100
|faint|p2a: Annihilape
|move|p1a: Amoonguss|Spore|p2b: Farigiraf
|-status|p2b: Farigiraf|slp|[from] move: Spore
|cant|p2b: Farigiraf|slp
|
|upkeep
|
|t:|1757641850
|switch|p2a: Torkoal|Torkoal, L50, M|100/100
|-weather|SunnyDay|[from] ability: Drought|[of] p2a: Torkoal
|turn|2
|
|t:|1757641867
|switch|p1a: Tyranitar|Tyranitar, L50, M|100/100
|-weather|Sandstorm|[from] ability: Sand Stream|[of] p1a: Tyranitar
|move|p1b: Archaludon|Electro Shot||[still]
|-prepare|p1b: Archaludon|Electro Shot
|-boost|p1b: Archaludon|spa|1
|-enditem|p1b: Archaludon|Power Herb
|-anim|p1b: Archaludon|Electro Shot|p2b: Farigiraf
|-damage|p2b: Farigiraf|39/100 slp
|cant|p2b: Farigiraf|slp
|move|p2a: Torkoal|Heat Wave|p1b: Archaludon|[spread] p1a,p1b
|-resisted|p1a: Tyranitar
|-damage|p1a: Tyranitar|93/100
|-damage|p1b: Archaludon|46/100
|-ability|p1b: Archaludon|Stamina|boost
|-boost|p1b: Archaludon|def|1
|
|-weather|Sandstorm|[upkeep]
|-damage|p2b: Farigiraf|33/100 slp|[from] Sandstorm
|-damage|p2a: Torkoal|94/100|[from] Sandstorm
|upkeep
|turn|3
|inactive|bbbl drizzay has 30 seconds left.
|inactive|Eltodotibio has 30 seconds left.
|inactive|bbbl drizzay has 20 seconds left.
|inactive|bbbl drizzay has 15 seconds left.
|
|t:|1757641909
|switch|p2a: Ursaluna|Ursaluna-Bloodmoon, L50, M|100/100
|move|p1b: Archaludon|Protect|p1b: Archaludon
|-singleturn|p1b: Archaludon|Protect
|move|p1a: Tyranitar|Knock Off|p2b: Farigiraf
|-supereffective|p2b: Farigiraf
|-damage|p2b: Farigiraf|0 fnt
|-enditem|p2b: Farigiraf|Throat Spray|[from] move: Knock Off|[of] p1a: Tyranitar
|faint|p2b: Farigiraf
|
|-weather|Sandstorm|[upkeep]
|upkeep
|
|t:|1757641918
|switch|p2b: Torkoal|Torkoal, L50, M|94/100
|-weather|SunnyDay|[from] ability: Drought|[of] p2b: Torkoal
|turn|4
|inactive|bbbl drizzay has 30 seconds left.
|inactive|bbbl drizzay has 20 seconds left.
|
|t:|1757641955
|-terastallize|p2a: Ursaluna|Normal
|move|p1b: Archaludon|Dragon Pulse|p2b: Torkoal
|-damage|p2b: Torkoal|0 fnt
|faint|p2b: Torkoal
|move|p1a: Tyranitar|Knock Off|p2a: Ursaluna
|-damage|p2a: Ursaluna|63/100
|-enditem|p2a: Ursaluna|Life Orb|[from] move: Knock Off|[of] p1a: Tyranitar
|move|p2a: Ursaluna|Hyper Voice|p1b: Archaludon|[spread] p1a,p1b
|-resisted|p1a: Tyranitar
|-resisted|p1b: Archaludon
|-damage|p1a: Tyranitar|75/100
|-damage|p1b: Archaludon|8/100
|-ability|p1b: Archaludon|Stamina|boost
|-boost|p1b: Archaludon|def|1
|
|-weather|SunnyDay|[upkeep]
|upkeep
|turn|5
|
|t:|1757641976
|move|p1b: Archaludon|Dragon Pulse|p2a: Ursaluna
|-damage|p2a: Ursaluna|0 fnt
|faint|p2a: Ursaluna
|
|win|bbbl drizzay
||Eltodotibio is ready for game 3.
||bbbl drizzay is ready for game 3.
|uhtml|next|Next: Game 3 of 3
