|j|☆TeachMeHow2Hoopa
|j|☆myki meeks
|html|TeachMeHow2Hoopamyki meeks    
|uhtml|bestof|Game 2 of a best-of-3
|t:|1784688159
|gametype|doubles
|player|p1|TeachMeHow2Hoopa|silver|1245
|player|p2|myki meeks|liza|1349
|gen|9
|tier|[Gen 9 Champions] VGC 2026 Reg M-B (Bo3)
|rated|
|rule|Species Clause: Limit one of each Pokémon
|rule|Item Clause: Limit 1 of each item
|clearpoke
|poke|p1|Pidgeot, L50, F|
|poke|p1|Excadrill, L50, M|
|poke|p1|Tyranitar, L50, F|
|poke|p1|Tsareena, L50, F|
|poke|p1|Gholdengo, L50|
|poke|p1|Rotom-Wash, L50|
|poke|p2|Staraptor, L50, M|
|poke|p2|Delphox, L50, M|
|poke|p2|Sinistcha, L50|
|poke|p2|Kingambit, L50, M|
|poke|p2|Garchomp, L50, M|
|poke|p2|Sneasler, L50, F|
|teampreview|4
|showteam|p1|Pidgeot||Pidgeotite|BigPecks|Hurricane,HeatWave,Tailwind,Protect|Timid||F|||50|]Excadrill||FocusSash|SandRush|Earthquake,IronHead,RockSlide,Protect|Adamant||M|||50|]Tyranitar||Tyranitarite|SandStream|RockSlide,KnockOff,Protect,LowKick|Adamant||F|||50|]Tsareena||ChoiceScarf|QueenlyMajesty|PowerWhip,TripleAxel,Uturn,LowKick|Jolly||F|||50|]Gholdengo||Leftovers|GoodasGold|ShadowBall,MakeItRain,NastyPlot,Protect|Modest|||||50|]Rotom-Wash||SitrusBerry|Levitate|HydroPump,Thunderbolt,WillOWisp,Protect|Bold|||||50|
|showteam|p2|Staraptor||Staraptite|Intimidate|CloseCombat,BraveBird,Roost,Whirlwind|Careful||M|||50|]Delphox||Delphoxite|Blaze|HeatWave,Psychic,NastyPlot,Protect|Timid||M|||50|]Sinistcha||SitrusBerry|Hospitality|MatchaGotcha,Protect,LifeDew,RagePowder|Bold|||||50|]Kingambit||BlackGlasses|Defiant|KowtowCleave,SuckerPunch,SwordsDance,Protect|Adamant||M|||50|]Garchomp||Leftovers|RoughSkin|Earthquake,DragonClaw,RockSlide,Protect|Jolly||M|||50|]Sneasler||FocusSash|PoisonTouch|FakeOut,PoisonJab,CloseCombat,Protect|Jolly||F|||50|
|inactive|Battle timer is ON: inactive players will automatically lose when time's up. (requested by myki meeks)
|
|t:|1784688178
|teamsize|p1|4
|teamsize|p2|4
|start
|switch|p1a: Excadrill|Excadrill, L50, M|100/100
|switch|p1b: Tsareena|Tsareena, L50, F|100/100
|switch|p2a: Staraptor|Staraptor, L50, M|100/100
|switch|p2b: Garchomp|Garchomp, L50, M|100/100
|-ability|p2a: Staraptor|Intimidate|boost
|-unboost|p1a: Excadrill|atk|1
|-unboost|p1b: Tsareena|atk|1
|turn|1
|
|t:|1784688192
|detailschange|p2a: Staraptor|Staraptor-Mega, L50, M
|-mega|p2a: Staraptor|Staraptor|Staraptite
|move|p1a: Excadrill|Protect|p1a: Excadrill
|-singleturn|p1a: Excadrill|Protect
|move|p1b: Tsareena|Triple Axel|p2b: Garchomp
|-supereffective|p2b: Garchomp|2
|-damage|p2b: Garchomp|83/100
|-damage|p1b: Tsareena|87/100|[from] ability: Rough Skin|[of] p2b: Garchomp
|-hitcount|p2b: Garchomp|1
|move|p2b: Garchomp|Earthquake|p1b: Tsareena|[spread] p1b
|-activate|p1a: Excadrill|move: Protect
|-immune|p2a: Staraptor
|-resisted|p1b: Tsareena|1
|-damage|p1b: Tsareena|65/100
|move|p2a: Staraptor|Close Combat|p1a: Excadrill
|-activate|p1a: Excadrill|move: Protect
|
|-heal|p2b: Garchomp|89/100|[from] item: Leftovers
|upkeep
|turn|2
|
|t:|1784688210
|switch|p1a: Rotom|Rotom-Wash, L50|100/100
|move|p2b: Garchomp|Protect|p2b: Garchomp
|-singleturn|p2b: Garchomp|Protect
|move|p1b: Tsareena|Triple Axel|p2b: Garchomp
|-activate|p2b: Garchomp|move: Protect
|move|p2a: Staraptor|Close Combat|p1a: Rotom
|-damage|p1a: Rotom|46/100
|-boost|p2a: Staraptor|def|1
|-boost|p2a: Staraptor|spd|1
|-enditem|p1a: Rotom|Sitrus Berry|[eat]
|-heal|p1a: Rotom|71/100|[from] item: Sitrus Berry
|
|-heal|p2b: Garchomp|95/100|[from] item: Leftovers
|upkeep
|turn|3
|
|t:|1784688220
|switch|p2b: Sinistcha|Sinistcha, L50|100/100
|move|p1b: Tsareena|Triple Axel|p2b: Sinistcha
|-supereffective|p2b: Sinistcha|1
|-damage|p2b: Sinistcha|92/100
|-supereffective|p2b: Sinistcha|1
|-damage|p2b: Sinistcha|77/100
|-supereffective|p2b: Sinistcha|1
|-damage|p2b: Sinistcha|58/100
|-hitcount|p2b: Sinistcha|3
|move|p2a: Staraptor|Brave Bird|p1b: Tsareena
|-supereffective|p1b: Tsareena|1
|-damage|p1b: Tsareena|0 fnt
|faint|p1b: Tsareena
|-damage|p2a: Staraptor|82/100|[from] Recoil
|move|p1a: Rotom|Will-O-Wisp|p2a: Staraptor
|-status|p2a: Staraptor|brn
|
|-damage|p2a: Staraptor|76/100 brn|[from] brn
|upkeep
|
|t:|1784688228
|switch|p1b: Tyranitar|Tyranitar, L50, F|100/100
|-weather|Sandstorm|[from] ability: Sand Stream|[of] p1b: Tyranitar
|turn|4
|
|t:|1784688235
|move|p1b: Tyranitar|Protect|p1b: Tyranitar
|-singleturn|p1b: Tyranitar|Protect
|move|p2a: Staraptor|Close Combat|p1b: Tyranitar
|-activate|p1b: Tyranitar|move: Protect
|move|p1a: Rotom|Thunderbolt|p2a: Staraptor
|-supereffective|p2a: Staraptor|1
|-damage|p2a: Staraptor|42/100 brn
|move|p2b: Sinistcha|Matcha Gotcha|p1b: Tyranitar|[spread] p1a
|-activate|p1b: Tyranitar|move: Protect
|-supereffective|p1a: Rotom|1
|-damage|p1a: Rotom|12/100
|-heal|p2b: Sinistcha|84/100|[from] drain|[of] p1a: Rotom
|-status|p1a: Rotom|brn
|
|-weather|Sandstorm|[upkeep]
|-damage|p2a: Staraptor|36/100 brn|[from] Sandstorm
|-damage|p1a: Rotom|7/100 brn|[from] Sandstorm
|-damage|p2b: Sinistcha|78/100|[from] Sandstorm
|-damage|p2a: Staraptor|30/100 brn|[from] brn
|-damage|p1a: Rotom|1/100 brn|[from] brn
|upkeep
|turn|5
|
|t:|1784688255
|switch|p1b: Excadrill|Excadrill, L50, M|100/100
|move|p2b: Sinistcha|Protect|p2b: Sinistcha
|-singleturn|p2b: Sinistcha|Protect
|move|p2a: Staraptor|Roost|p2a: Staraptor
|-heal|p2a: Staraptor|80/100 brn
|-singleturn|p2a: Staraptor|move: Roost
|move|p1a: Rotom|Thunderbolt|p2a: Staraptor
|-damage|p2a: Staraptor|62/100 brn
|
|-weather|Sandstorm|[upkeep]
|-damage|p2a: Staraptor|56/100 brn|[from] Sandstorm
|-damage|p1a: Rotom|0 fnt|[from] Sandstorm
|-damage|p2b: Sinistcha|71/100|[from] Sandstorm
|faint|p1a: Rotom
|-damage|p2a: Staraptor|50/100g brn|[from] brn
|upkeep
|
|t:|1784688263
|switch|p1a: Tyranitar|Tyranitar, L50, F|100/100
|turn|6
|
|t:|1784688269
|detailschange|p1a: Tyranitar|Tyranitar-Mega, L50, F
|-mega|p1a: Tyranitar|Tyranitar|Tyranitarite
|move|p1b: Excadrill|Rock Slide|p2b: Sinistcha|[spread] p2a,p2b
|-damage|p2a: Staraptor|36/100 brn
|-damage|p2b: Sinistcha|55/100
|move|p2a: Staraptor|Close Combat|p1a: Tyranitar
|-supereffective|p1a: Tyranitar|2
|-damage|p1a: Tyranitar|23/100
|-boost|p2a: Staraptor|def|1
|-boost|p2a: Staraptor|spd|1
|move|p1a: Tyranitar|Rock Slide|p2b: Sinistcha|[spread] p2a,p2b
|-damage|p2a: Staraptor|19/100 brn
|-damage|p2b: Sinistcha|28/100
|-enditem|p2b: Sinistcha|Sitrus Berry|[eat]
|-heal|p2b: Sinistcha|53/100|[from] item: Sitrus Berry
|move|p2b: Sinistcha|Matcha Gotcha|p1b: Excadrill|[spread] p1a,p1b
|-supereffective|p1a: Tyranitar|1
|-damage|p1a: Tyranitar|0 fnt
|-heal|p2b: Sinistcha|66/100|[from] drain|[of] p1a: Tyranitar
|-damage|p1b: Excadrill|69/100
|-heal|p2b: Sinistcha|83/100|[from] drain|[of] p1b: Excadrill
|faint|p1a: Tyranitar
|
|-weather|Sandstorm|[upkeep]
|-damage|p2a: Staraptor|13/100 brn|[from] Sandstorm
|-damage|p2b: Sinistcha|76/100|[from] Sandstorm
|-damage|p2a: Staraptor|7/100 brn|[from] brn
|upkeep
|turn|7
|inactive|myki meeks has 30 seconds left.
|
|t:|1784688297
|move|p1b: Excadrill|Iron Head|p2a: Staraptor
|-damage|p2a: Staraptor|0 fnt
|faint|p2a: Staraptor
|move|p2b: Sinistcha|Matcha Gotcha|p1b: Excadrill
|-damage|p1b: Excadrill|26/100
|-heal|p2b: Sinistcha|100/100|[from] drain|[of] p1b: Excadrill
|
|-weather|Sandstorm|[upkeep]
|-damage|p2b: Sinistcha|93/100|[from] Sandstorm
|upkeep
|
|t:|1784688300
|switch|p2a: Garchomp|Garchomp, L50, M|95/100
|turn|8
|
|t:|1784688303
|move|p1b: Excadrill|Iron Head|p2b: Sinistcha
|-damage|p2b: Sinistcha|56/100
|move|p2a: Garchomp|Earthquake|p1b: Excadrill|[spread] p2b,p1b
|-resisted|p2b: Sinistcha|1
|-supereffective|p1b: Excadrill|1
|-damage|p2b: Sinistcha|41/100
|-damage|p1b: Excadrill|0 fnt
|faint|p1b: Excadrill
|
|win|myki meeks
||myki meeks is ready for game 3.
||TeachMeHow2Hoopa is ready for game 3.
|uhtml|next|Next: Game 3 of 3
|l|☆myki meeks
|player|p2|
|l|☆TeachMeHow2Hoopa
|player|p1|
|j|☆TeachMeHow2Hoopa
|player|p1|TeachMeHow2Hoopa|silver|
