|j|☆epicbluedude
|j|☆raksbach
|html|epicblueduderaksbach    
|uhtml|bestof|Game 2 of a best-of-3
|t:|1783349307
|gametype|doubles
|player|p1|epicbluedude|102|1151
|player|p2|raksbach|102|1152
|gen|9
|tier|[Gen 9 Champions] VGC 2026 Reg M-B (Bo3)
|rated|
|rule|Species Clause: Limit one of each Pokémon
|rule|Item Clause: Limit 1 of each item
|clearpoke
|poke|p1|Mawile, L50, F|
|poke|p1|Torkoal, L50, F|
|poke|p1|Incineroar, L50, M|
|poke|p1|Farigiraf, L50, M|
|poke|p1|Araquanid, L50, F|
|poke|p1|Rotom-Wash, L50|
|poke|p2|Incineroar, L50, F|
|poke|p2|Maushold, L50|
|poke|p2|Sinistcha, L50|
|poke|p2|Sneasler, L50, M|
|poke|p2|Blastoise, L50, M|
|poke|p2|Delphox, L50, M|
|teampreview|4
|showteam|p1|Mawile||Mawilite|HyperCutter|IronHead,PlayRough,SuckerPunch,Protect|Brave||F|||50|]Torkoal||Charcoal|Drought|Eruption,Overheat,HelpingHand,Protect|Quiet||F|||50|]Incineroar||ChopleBerry|Intimidate|FlareBlitz,FakeOut,ThroatChop,PartingShot|Brave||M|||50|]Farigiraf||ColburBerry|ArmorTail|Protect,TrickRoom,Psychic,HyperVoice|Sassy||M|||50|]Araquanid||MysticWater|WaterBubble|SkitterSmack,Liquidation,LeechLife,WideGuard|Brave||F|||50|]Rotom-Wash||ChoiceScarf|Levitate|HydroPump,WillOWisp,Thunderbolt,VoltSwitch|Modest|||||50|
|showteam|p2|Incineroar||SitrusBerry|Intimidate|FakeOut,FlareBlitz,DarkestLariat,PartingShot|Impish||F|||50|]Maushold||ChopleBerry|FriendGuard|SuperFang,FollowMe,Protect|Impish|||||50|]Sinistcha||OccaBerry|Hospitality|MatchaGotcha,LifeDew,RagePowder,Protect|Bold|||||50|]Sneasler||FocusSash|PoisonTouch|FakeOut,CloseCombat,DireClaw,QuickGuard|Jolly||M|||50|]Blastoise||Blastoisinite|Torrent|WaterSpout,DarkPulse,ShellSmash,Protect|Modest||M|||50|]Delphox||Delphoxite|Blaze|HeatWave,Psychic,NastyPlot,Protect|Timid||M|||50|
|inactive|Battle timer is ON: inactive players will automatically lose when time's up. (requested by raksbach)
|inactive|epicbluedude also wants the timer to be on.
|inactive|epicbluedude has 60 seconds left.
|inactive|raksbach has 60 seconds left.
|inactive|epicbluedude has 30 seconds left.
|
|t:|1783349372
|teamsize|p1|4
|teamsize|p2|4
|start
|switch|p1a: Incineroar|Incineroar, L50, M|100/100
|switch|p1b: Rotom|Rotom-Wash, L50|100/100
|switch|p2a: Blastoise|Blastoise, L50, M|100/100
|switch|p2b: Maushold|Maushold, L50|100/100
|-ability|p1a: Incineroar|Intimidate|boost
|-unboost|p2a: Blastoise|atk|1
|-unboost|p2b: Maushold|atk|1
|turn|1
|
|t:|1783349391
|detailschange|p2a: Blastoise|Blastoise-Mega, L50, M
|-mega|p2a: Blastoise|Blastoise|Blastoisinite
|move|p2a: Blastoise|Protect|p2a: Blastoise
|-singleturn|p2a: Blastoise|Protect
|move|p1a: Incineroar|Fake Out|p2b: Maushold
|-damage|p2b: Maushold|85/100
|move|p1b: Rotom|Volt Switch|p2b: Maushold
|-damage|p2b: Maushold|47/100
|
|t:|1783349399
|switch|p1b: Torkoal|Torkoal, L50, F|100/100|[from] Volt Switch
|-weather|SunnyDay|[from] ability: Drought|[of] p1b: Torkoal
|cant|p2b: Maushold|flinch
|
|-weather|SunnyDay|[upkeep]
|upkeep
|turn|2
|
|t:|1783349408
|switch|p1b: Rotom|Rotom-Wash, L50|100/100
|move|p2b: Maushold|Follow Me|p2b: Maushold
|-singleturn|p2b: Maushold|move: Follow Me
|move|p2a: Blastoise|Shell Smash|p2a: Blastoise
|-unboost|p2a: Blastoise|def|1
|-unboost|p2a: Blastoise|spd|1
|-boost|p2a: Blastoise|atk|2
|-boost|p2a: Blastoise|spa|2
|-boost|p2a: Blastoise|spe|2
|move|p1a: Incineroar|Throat Chop|p2b: Maushold
|-damage|p2b: Maushold|6/100
|-start|p2b: Maushold|Throat Chop|[silent]
|
|-weather|SunnyDay|[upkeep]
|upkeep
|turn|3
|
|t:|1783349430
|move|p2b: Maushold|Follow Me|p2b: Maushold
|-singleturn|p2b: Maushold|move: Follow Me
|move|p2a: Blastoise|Dark Pulse|p1b: Rotom
|-damage|p1b: Rotom|0 fnt
|faint|p1b: Rotom
|move|p1a: Incineroar|Throat Chop|p2b: Maushold
|-damage|p2b: Maushold|0 fnt
|faint|p2b: Maushold
|
|-weather|SunnyDay|[upkeep]
|upkeep
|
|t:|1783349438
|switch|p1b: Mawile|Mawile, L50, F|100/100
|switch|p2b: Sneasler|Sneasler, L50, M|100/100
|turn|4
|
|t:|1783349450
|detailschange|p1b: Mawile|Mawile-Mega, L50, F
|-mega|p1b: Mawile|Mawile|Mawilite
|move|p2a: Blastoise|Protect|p2a: Blastoise
|-singleturn|p2a: Blastoise|Protect
|move|p1b: Mawile|Protect|p1b: Mawile
|-singleturn|p1b: Mawile|Protect
|move|p2b: Sneasler|Close Combat|p1a: Incineroar
|-supereffective|p1a: Incineroar|1
|-enditem|p1a: Incineroar|Chople Berry|[eat]
|-enditem|p1a: Incineroar|Chople Berry|[weaken]
|-damage|p1a: Incineroar|35/100
|-unboost|p2b: Sneasler|def|1
|-unboost|p2b: Sneasler|spd|1
|move|p1a: Incineroar|Flare Blitz|p2b: Sneasler
|-enditem|p2b: Sneasler|Focus Sash
|-damage|p2b: Sneasler|1/100
|-damage|p1a: Incineroar|9/100|[from] Recoil
|
|-weather|SunnyDay|[upkeep]
|upkeep
|turn|5
|
|t:|1783349469
|move|p1b: Mawile|Sucker Punch|p2a: Blastoise
|-damage|p2a: Blastoise|29/100
|move|p2a: Blastoise|Water Spout|p1a: Incineroar|[spread] p1a,p1b
|-supereffective|p1a: Incineroar|1
|-damage|p1a: Incineroar|0 fnt
|-damage|p1b: Mawile|78/100
|faint|p1a: Incineroar
|move|p2b: Sneasler|Close Combat|p1b: Mawile
|-damage|p1b: Mawile|16/100
|-unboost|p2b: Sneasler|def|1
|-unboost|p2b: Sneasler|spd|1
|
|-weather|none
|upkeep
|
|t:|1783349475
|switch|p1a: Torkoal|Torkoal, L50, F|100/100
|-weather|SunnyDay|[from] ability: Drought|[of] p1a: Torkoal
|turn|6
|
|t:|1783349486
|move|p2a: Blastoise|Protect|p2a: Blastoise
|-singleturn|p2a: Blastoise|Protect
|move|p1b: Mawile|Sucker Punch||[still]
|-fail|p1b: Mawile
|move|p2b: Sneasler|Close Combat|p1b: Mawile
|-damage|p1b: Mawile|0 fnt
|-unboost|p2b: Sneasler|def|1
|-unboost|p2b: Sneasler|spd|1
|faint|p1b: Mawile
|move|p1a: Torkoal|Eruption|p2a: Blastoise|[spread] p2b
|-activate|p2a: Blastoise|move: Protect
|-damage|p2b: Sneasler|0 fnt
|faint|p2b: Sneasler
|
|-weather|SunnyDay|[upkeep]
|upkeep
|
|t:|1783349491
|switch|p2b: Sinistcha|Sinistcha, L50|100/100
|-heal|p2a: Blastoise|53/100|[from] ability: Hospitality|[of] p2b: Sinistcha
|turn|7
|
|t:|1783349505
|move|p2a: Blastoise|Dark Pulse|p1a: Torkoal
|-damage|p1a: Torkoal|0 fnt
|faint|p1a: Torkoal
|
|win|raksbach
|raw|epicbluedude's rating: 1151 → 1126(-25 for losing)
|raw|raksbach's rating: 1152 → 1177(+25 for winning)
