|j|☆Refanner
|j|☆furnoz
|html|Refannerfurnoz    
|uhtml|bestof|Game 1 of a best-of-3
|t:|1756474052
|gametype|doubles
|player|p1|Refanner|101|1123
|player|p2|furnoz|wallace|1195
|gen|9
|tier|[Gen 9] VGC 2025 Reg H (Bo3)
|rated|
|rule|Species Clause: Limit one of each Pokémon
|rule|Item Clause: Limit 1 of each item
|clearpoke
|poke|p1|Garchomp, L50, M|
|poke|p1|Incineroar, L50, M|
|poke|p1|Tyranitar, L50, M|
|poke|p1|Gholdengo, L50|
|poke|p1|Primarina, L50, F|
|poke|p1|Talonflame, L50, F|
|poke|p2|Espeon, L50, F|
|poke|p2|Indeedee-F, L50, F|
|poke|p2|Pelipper, L50, M|
|poke|p2|Basculegion, L50, M|
|poke|p2|Archaludon, L50, F|
|poke|p2|Gallade, L50, M|
|teampreview|4
|showteam|p1|Garchomp||LifeOrb|RoughSkin|Earthquake,DragonClaw,StompingTantrum,Protect|||M|||50|,,,,,Fire]Incineroar||SitrusBerry|Intimidate|FlareBlitz,KnockOff,PartingShot,FakeOut|||M|||50|,,,,,Grass]Tyranitar||AssaultVest|SandStream|KnockOff,RockSlide,TeraBlast,LowKick|||M|||50|,,,,,Flying]Gholdengo||Leftovers|GoodasGold|MakeItRain,ShadowBall,NastyPlot,Protect||||||50|,,,,,Flying]Primarina||MagoBerry|LiquidVoice|HyperVoice,Moonblast,CalmMind,Protect|||F|||50|,,,,,Poison]Talonflame||CovertCloak|GaleWings|BraveBird,Tailwind,WillOWisp,Taunt|||F|||50|,,,,,Flying
|showteam|p2|Espeon||TwistedSpoon|MagicBounce|ExpandingForce,Psychic,Protect,DazzlingGleam|||F|||50|,,,,,Psychic]Indeedee-F||PsychicSeed|PsychicSurge|FollowMe,DazzlingGleam,TrickRoom,HelpingHand|||F|||50|,,,,,Grass]Pelipper||FocusSash|Drizzle|WeatherBall,Hurricane,WideGuard,Tailwind|||M|||50|,,,,,Ghost]Basculegion||ChoiceScarf|Adaptability|WaveCrash,FlipTurn,LastRespects,TeraBlast|||M|||50|,,,,,Fighting]Archaludon||AssaultVest|Stamina|ElectroShot,BodyPress,FlashCannon,DracoMeteor|||F|||50|,,,,,Fairy]Gallade||ClearAmulet|Sharpness|SacredSword,PsychoCut,NightSlash,Protect|||M|||50|,,,,,Dark
|
|t:|1756474144
|teamsize|p1|4
|teamsize|p2|4
|start
|switch|p1a: Incineroar|Incineroar, L50, M|100/100
|switch|p1b: Gholdengo|Gholdengo, L50|100/100
|switch|p2a: Espeon|Espeon, L50, F|100/100
|switch|p2b: Basculegion|Basculegion, L50, M|100/100
|-ability|p1a: Incineroar|Intimidate|boost
|-unboost|p2a: Espeon|atk|1
|-unboost|p2b: Basculegion|atk|1
|turn|1
|
|t:|1756474210
|switch|p2a: Pelipper|Pelipper, L50, M|100/100
|-weather|RainDance|[from] ability: Drizzle|[of] p2a: Pelipper
|-terastallize|p1a: Incineroar|Grass
|move|p1b: Gholdengo|Protect|p1b: Gholdengo
|-singleturn|p1b: Gholdengo|Protect
|move|p2b: Basculegion|Flip Turn|p1a: Incineroar
|-resisted|p1a: Incineroar
|-damage|p1a: Incineroar|79/100
|
|t:|1756474224
|switch|p2b: Espeon|Espeon, L50, F|100/100|[from] Flip Turn
|move|p1a: Incineroar|Knock Off|p2b: Espeon
|-supereffective|p2b: Espeon
|-crit|p2b: Espeon
|-damage|p2b: Espeon|0 fnt
|-enditem|p2b: Espeon|Twisted Spoon|[from] move: Knock Off|[of] p1a: Incineroar
|faint|p2b: Espeon
|
|-weather|RainDance|[upkeep]
|upkeep
|
|t:|1756474230
|switch|p2b: Basculegion|Basculegion, L50, M|100/100
|turn|2
|
|t:|1756474275
|switch|p1b: Tyranitar|Tyranitar, L50, M|100/100
|-weather|Sandstorm|[from] ability: Sand Stream|[of] p1b: Tyranitar
|move|p2b: Basculegion|Last Respects|p1b: Tyranitar
|-resisted|p1b: Tyranitar
|-damage|p1b: Tyranitar|70/100
|move|p2a: Pelipper|Hurricane|p1a: Incineroar
|-supereffective|p1a: Incineroar
|-damage|p1a: Incineroar|0 fnt
|faint|p1a: Incineroar
|
|-weather|Sandstorm|[upkeep]
|-damage|p2b: Basculegion|94/100|[from] Sandstorm
|-damage|p2a: Pelipper|95/100|[from] Sandstorm
|upkeep
|
|t:|1756474292
|switch|p1a: Gholdengo|Gholdengo, L50|100/100
|turn|3
|
|t:|1756474343
|switch|p2b: Indeedee|Indeedee-F, L50, F|100/100
|-fieldstart|move: Psychic Terrain|[from] ability: Psychic Surge|[of] p2b: Indeedee
|-enditem|p2b: Indeedee|Psychic Seed
|-boost|p2b: Indeedee|spd|1|[from] item: Psychic Seed
|move|p2a: Pelipper|Wide Guard|p2a: Pelipper
|-singleturn|p2a: Pelipper|Wide Guard
|move|p1a: Gholdengo|Nasty Plot|p1a: Gholdengo
|-boost|p1a: Gholdengo|spa|2
|move|p1b: Tyranitar|Knock Off|p2b: Indeedee
|-supereffective|p2b: Indeedee
|-damage|p2b: Indeedee|29/100
|
|-weather|Sandstorm|[upkeep]
|-damage|p2a: Pelipper|89/100|[from] Sandstorm
|-damage|p2b: Indeedee|23/100|[from] Sandstorm
|upkeep
|turn|4
|
|t:|1756474401
|move|p2a: Pelipper|Wide Guard|p2a: Pelipper
|-singleturn|p2a: Pelipper|Wide Guard
|move|p2b: Indeedee|Follow Me|p2b: Indeedee
|-singleturn|p2b: Indeedee|move: Follow Me
|move|p1a: Gholdengo|Make It Rain|p2b: Indeedee|[spread] 
|-activate|p2a: Pelipper|move: Wide Guard
|-activate|p2b: Indeedee|move: Wide Guard
|move|p1b: Tyranitar|Knock Off|p2b: Indeedee
|-supereffective|p2b: Indeedee
|-damage|p2b: Indeedee|0 fnt
|faint|p2b: Indeedee
|
|-weather|Sandstorm|[upkeep]
|-damage|p2a: Pelipper|83/100|[from] Sandstorm
|upkeep
|
|t:|1756474439
|switch|p2b: Basculegion|Basculegion, L50, M|94/100
|turn|5
|
|t:|1756474468
|-terastallize|p2b: Basculegion|Fighting
|move|p2b: Basculegion|Last Respects|p1a: Gholdengo
|-supereffective|p1a: Gholdengo
|-damage|p1a: Gholdengo|0 fnt
|faint|p1a: Gholdengo
|move|p2a: Pelipper|Hurricane|p1b: Tyranitar
|-resisted|p1b: Tyranitar
|-damage|p1b: Tyranitar|59/100
|move|p1b: Tyranitar|Knock Off|p2b: Basculegion
|-resisted|p2b: Basculegion
|-damage|p2b: Basculegion|60/100
|-enditem|p2b: Basculegion|Choice Scarf|[from] move: Knock Off|[of] p1b: Tyranitar
|
|-weather|Sandstorm|[upkeep]
|-damage|p2b: Basculegion|54/100|[from] Sandstorm
|-damage|p2a: Pelipper|77/100|[from] Sandstorm
|upkeep
|
|t:|1756474482
|switch|p1a: Garchomp|Garchomp, L50, M|100/100
|turn|6
|
|t:|1756474536
|move|p1a: Garchomp|Dragon Claw|p2b: Basculegion
|-damage|p2b: Basculegion|0 fnt
|faint|p2b: Basculegion
|-damage|p1a: Garchomp|91/100|[from] item: Life Orb
|move|p2a: Pelipper|Tailwind|p2a: Pelipper
|-sidestart|p2: furnoz|move: Tailwind
|move|p1b: Tyranitar|Low Kick|p2a: Pelipper
|-resisted|p2a: Pelipper
|-damage|p2a: Pelipper|62/100
|
|-weather|none
|upkeep
|turn|7
|
|t:|1756474549
|move|p2a: Pelipper|Hurricane|p1a: Garchomp
|-damage|p1a: Garchomp|38/100
|move|p1a: Garchomp|Dragon Claw|p2a: Pelipper
|-damage|p2a: Pelipper|0 fnt
|faint|p2a: Pelipper
|-damage|p1a: Garchomp|28/100|[from] item: Life Orb
|
|win|Refanner
||furnoz is ready for game 2.
||Refanner is ready for game 2.
|uhtml|next|Next: Game 2 of 3
