|j|☆Gehtgutdigga
|j|☆lemons2738
|html|Gehtgutdiggalemons2738    
|uhtml|bestof|Game 2 of a best-of-3
|t:|1783696973
|gametype|doubles
|player|p1|Gehtgutdigga|1|1180
|player|p2|lemons2738|benga|1232
|gen|9
|tier|[Gen 9 Champions] VGC 2026 Reg M-B (Bo3)
|rated|
|rule|Species Clause: Limit one of each Pokémon
|rule|Item Clause: Limit 1 of each item
|clearpoke
|poke|p1|Hydreigon, L50, F|
|poke|p1|Garchomp, L50, F|
|poke|p1|Metagross, L50|
|poke|p1|Charizard, L50, M|
|poke|p1|Incineroar, L50, F|
|poke|p1|Toxapex, L50, F|
|poke|p2|Annihilape, L50, F|
|poke|p2|Maushold, L50|
|poke|p2|Gholdengo, L50|
|poke|p2|Dragonite, L50, M|
|poke|p2|Venusaur, L50, M|
|poke|p2|Garchomp, L50, F|
|teampreview|4
|showteam|p1|Hydreigon||ChoiceScarf|Levitate|HeatWave,DarkPulse,DracoMeteor,Snarl|Modest||F|||50|]Garchomp||LifeOrb|RoughSkin|Earthquake,StompingTantrum,DragonClaw,Protect|Jolly||F|||50|]Metagross||Metagrossite|ClearBody|IronHead,PsychicFangs,IcePunch,Protect|Jolly|||||50|]Charizard||CharizarditeY|Blaze|Protect,HeatWave,SolarBeam,WeatherBall|Timid||M|||50|]Incineroar||SitrusBerry|Intimidate|FlareBlitz,DarkestLariat,FakeOut,PartingShot|Impish||F|||50|]Toxapex||Leftovers|Regenerator|Infestation,Toxic,BanefulBunker,WideGuard|Bold||F|||50|
|showteam|p2|Annihilape||SitrusBerry|Defiant|RageFist,DrainPunch,BulkUp,Protect|Jolly||F|||50|]Maushold||FocusSash|FriendGuard|SuperFang,BeatUp,FollowMe,Protect|Jolly|||||50|]Gholdengo||SpellTag|GoodasGold|MakeItRain,ShadowBall,NastyPlot,Protect|Timid|||||50|]Dragonite||Dragoninite|Multiscale|DracoMeteor,Hurricane,Tailwind,Protect|Modest||M|||50|]Venusaur||Venusaurite|Chlorophyll|GigaDrain,SludgeBomb,EarthPower,Protect|Bold||M|||50|]Garchomp||LifeOrb|RoughSkin|DragonClaw,Earthquake,RockSlide,Protect|Jolly||F|||50|
|inactive|Battle timer is ON: inactive players will automatically lose when time's up. (requested by lemons2738)
|
|t:|1783696995
|teamsize|p1|4
|teamsize|p2|4
|start
|switch|p1a: Charizard|Charizard, L50, M|100/100
|switch|p1b: Hydreigon|Hydreigon, L50, F|100/100
|switch|p2a: Annihilape|Annihilape, L50, F|100/100
|switch|p2b: Maushold|Maushold, L50|100/100
|turn|1
|inactive|lemons2738 has 30 seconds left.
|inactive|lemons2738 has 20 seconds left.
|
|t:|1783697032
|detailschange|p1a: Charizard|Charizard-Mega-Y, L50, M
|-mega|p1a: Charizard|Charizard|Charizardite Y
|-weather|SunnyDay|[from] ability: Drought|[of] p1a: Charizard
|move|p2b: Maushold|Follow Me|p2b: Maushold
|-singleturn|p2b: Maushold|move: Follow Me
|move|p1b: Hydreigon|Dark Pulse|p2b: Maushold
|-damage|p2b: Maushold|45/100
|move|p1a: Charizard|Heat Wave|p2a: Annihilape|[spread] p2a
|-miss|p1a: Charizard|p2b: Maushold
|-damage|p2a: Annihilape|58/100
|move|p2a: Annihilape|Rage Fist|p1a: Charizard
|-damage|p1a: Charizard|52/100
|
|-weather|SunnyDay|[upkeep]
|upkeep
|turn|2
|
|t:|1783697056
|move|p2b: Maushold|Protect|p2b: Maushold
|-singleturn|p2b: Maushold|Protect
|move|p1b: Hydreigon|Dark Pulse|p2b: Maushold
|-activate|p2b: Maushold|move: Protect
|move|p1a: Charizard|Weather Ball|p2a: Annihilape
|-damage|p2a: Annihilape|8/100
|-enditem|p2a: Annihilape|Sitrus Berry|[eat]
|-heal|p2a: Annihilape|33/100|[from] item: Sitrus Berry
|move|p2a: Annihilape|Rage Fist|p1a: Charizard
|-damage|p1a: Charizard|0 fnt
|faint|p1a: Charizard
|
|-weather|SunnyDay|[upkeep]
|upkeep
|
|t:|1783697062
|switch|p1a: Garchomp|Garchomp, L50, F|100/100
|turn|3
|
|t:|1783697082
|move|p2a: Annihilape|Protect|p2a: Annihilape
|-singleturn|p2a: Annihilape|Protect
|move|p1b: Hydreigon|Dark Pulse|p2a: Annihilape
|-activate|p2a: Annihilape|move: Protect
|move|p2b: Maushold|Super Fang|p1b: Hydreigon
|-damage|p1b: Hydreigon|50/100g
|move|p1a: Garchomp|Earthquake|p2a: Annihilape|[spread] p2b
|-activate|p2a: Annihilape|move: Protect
|-immune|p1b: Hydreigon|[from] ability: Levitate
|-damage|p2b: Maushold|0 fnt
|faint|p2b: Maushold
|-damage|p1a: Garchomp|90/100|[from] item: Life Orb
|
|-weather|SunnyDay|[upkeep]
|upkeep
|
|t:|1783697104
|switch|p2b: Garchomp|Garchomp, L50, F|100/100
|turn|4
|
|t:|1783697117
|switch|p1a: Incineroar|Incineroar, L50, F|100/100
|-ability|p1a: Incineroar|Intimidate|boost
|-unboost|p2a: Annihilape|atk|1
|-ability|p2a: Annihilape|Defiant|boost
|-boost|p2a: Annihilape|atk|2
|-unboost|p2b: Garchomp|atk|1
|move|p1b: Hydreigon|Dark Pulse|p2a: Annihilape
|-damage|p2a: Annihilape|0 fnt
|faint|p2a: Annihilape
|move|p2b: Garchomp|Dragon Claw|p1a: Incineroar
|-damage|p1a: Incineroar|76/100
|-damage|p2b: Garchomp|90/100|[from] item: Life Orb
|
|-weather|SunnyDay|[upkeep]
|upkeep
|
|t:|1783697129
|switch|p2a: Dragonite|Dragonite, L50, M|100/100
|turn|5
|
|t:|1783697150
|detailschange|p2a: Dragonite|Dragonite-Mega, L50, M
|-mega|p2a: Dragonite|Dragonite|Dragoninite
|move|p1a: Incineroar|Fake Out|p2b: Garchomp
|-damage|p2b: Garchomp|80/100
|-damage|p1a: Incineroar|64/100|[from] ability: Rough Skin|[of] p2b: Garchomp
|move|p1b: Hydreigon|Dark Pulse|p2a: Dragonite
|-damage|p2a: Dragonite|81/100
|cant|p2b: Garchomp|flinch
|move|p2a: Dragonite|Tailwind|p2a: Dragonite
|-sidestart|p2: lemons2738|move: Tailwind
|
|-weather|none
|upkeep
|turn|6
|
|t:|1783697164
|move|p2b: Garchomp|Earthquake|p1b: Hydreigon|[spread] p1a
|-immune|p2a: Dragonite
|-immune|p1b: Hydreigon|[from] ability: Levitate
|-supereffective|p1a: Incineroar|1
|-damage|p1a: Incineroar|17/100
|-enditem|p1a: Incineroar|Sitrus Berry|[eat]
|-heal|p1a: Incineroar|42/100|[from] item: Sitrus Berry
|-damage|p2b: Garchomp|70/100|[from] item: Life Orb
|move|p2a: Dragonite|Hurricane|p1a: Incineroar
|-damage|p1a: Incineroar|0 fnt
|faint|p1a: Incineroar
|move|p1b: Hydreigon|Dark Pulse|p2b: Garchomp
|-damage|p2b: Garchomp|24/100
|
|upkeep
|
|t:|1783697175
|switch|p1a: Garchomp|Garchomp, L50, F|90/100
|turn|7
|
|t:|1783697182
|move|p1a: Garchomp|Protect|p1a: Garchomp
|-singleturn|p1a: Garchomp|Protect
|move|p2b: Garchomp|Dragon Claw|p1b: Hydreigon
|-supereffective|p1b: Hydreigon|1
|-damage|p1b: Hydreigon|0 fnt
|faint|p1b: Hydreigon
|-damage|p2b: Garchomp|15/100|[from] item: Life Orb
|move|p2a: Dragonite|Draco Meteor|p1a: Garchomp
|-activate|p1a: Garchomp|move: Protect
|
|upkeep
|turn|8
|
|t:|1783697189
|move|p1a: Garchomp|Protect||[still]
|-fail|p1a: Garchomp
|move|p2b: Garchomp|Dragon Claw|p1a: Garchomp
|-supereffective|p1a: Garchomp|1
|-damage|p1a: Garchomp|8/100
|-damage|p2b: Garchomp|2/100|[from] ability: Rough Skin|[of] p1a: Garchomp
|-damage|p2b: Garchomp|0 fnt|[from] item: Life Orb
|faint|p2b: Garchomp
|move|p2a: Dragonite|Draco Meteor|p1a: Garchomp
|-supereffective|p1a: Garchomp|1
|-damage|p1a: Garchomp|0 fnt
|-unboost|p2a: Dragonite|spa|2
|faint|p1a: Garchomp
|
|win|lemons2738
|raw|Gehtgutdigga's rating: 1180 → 1159(-21 for losing)
|raw|lemons2738's rating: 1232 → 1253(+21 for winning)
|l|☆Gehtgutdigga
|player|p1|
