|j|☆corvid_queen
|j|☆TheMaoriGamer
|html|corvid_queenTheMaoriGamer    
|uhtml|bestof|Game 1 of a best-of-3
|t:|1756626269
|gametype|doubles
|player|p1|corvid_queen|guitarist|
|player|p2|TheMaoriGamer|2|
|gen|9
|tier|[Gen 9] VGC 2025 Reg H (Bo3)
|rule|Species Clause: Limit one of each Pokémon
|rule|Item Clause: Limit 1 of each item
|clearpoke
|poke|p1|Ursaluna-Bloodmoon, L50, M|
|poke|p1|Porygon2, L50|
|poke|p1|Amoonguss, L50, M|
|poke|p1|Incineroar, L50, M|
|poke|p1|Dragapult, L50, F|
|poke|p1|Sneasler, L50, F|
|poke|p2|Gholdengo, L50|
|poke|p2|Incineroar, L50, M|
|poke|p2|Amoonguss, L50, M|
|poke|p2|Archaludon, L50, M|
|poke|p2|Pelipper, L50, M|
|poke|p2|Basculegion, L50, M|
|teampreview|4
|showteam|p1|Ursaluna-Bloodmoon||AssaultVest|MindsEye|BloodMoon,HyperVoice,EarthPower,VacuumWave|||M|||50|,,,,,Normal]Porygon2||Eviolite|Trace|IceBeam,Thunderbolt,Recover,TrickRoom||||||50|,,,,,Ghost]Amoonguss||CovertCloak|Regenerator|Spore,RagePowder,PollenPuff,SludgeBomb|||M|||50|,,,,,Water]Incineroar||SafetyGoggles|Intimidate|KnockOff,FakeOut,PartingShot,FlareBlitz|||M|||50|,,,,,Ghost]Dragapult||ChoiceBand|ClearBody|DragonDarts,Outrage,PhantomForce,Uturn|||F|||50|,,,,,Dragon]Sneasler||FocusSash|PoisonTouch|CloseCombat,DireClaw,ThroatChop,FakeOut|||F|||50|,,,,,Dark
|showteam|p2|Gholdengo||LifeOrb|GoodasGold|MakeItRain,ShadowBall,NastyPlot,Protect||||||50|,,,,,Water]Incineroar||MirrorHerb|Intimidate|Taunt,KnockOff,PartingShot,FakeOut|||M|||50|,,,,,Ghost]Amoonguss||RockyHelmet|Regenerator|PollenPuff,Spore,RagePowder,Protect|||M|||50|,,,,,Water]Archaludon||AssaultVest|Stamina|DragonPulse,FlashCannon,ElectroShot,BodyPress|||M|||50|,,,,,Bug]Pelipper||FocusSash|Drizzle|WeatherBall,Hurricane,Tailwind,Protect|||M|||50|,,,,,Ground]Basculegion||ChoiceBand|SwiftSwim|WaveCrash,LastRespects,FlipTurn,AquaJet|||M|||50|,,,,,Water
|inactive|Battle timer is ON: inactive players will automatically lose when time's up. (requested by TheMaoriGamer)
|inactive|TheMaoriGamer has 60 seconds left.
|
|t:|1756626308
|teamsize|p1|4
|teamsize|p2|4
|start
|switch|p1a: Amoonguss|Amoonguss, L50, M|100/100
|switch|p1b: Porygon2|Porygon2, L50|100/100
|switch|p2a: Gholdengo|Gholdengo, L50|100/100
|switch|p2b: Incineroar|Incineroar, L50, M|100/100
|-ability|p2b: Incineroar|Intimidate|boost
|-unboost|p1a: Amoonguss|atk|1
|-unboost|p1b: Porygon2|atk|1
|-ability|p1b: Porygon2|Intimidate|Trace|[from] ability: Trace|[of] p2b: Incineroar
|-ability|p1b: Porygon2|Intimidate|boost
|-unboost|p2a: Gholdengo|atk|1
|-unboost|p2b: Incineroar|atk|1
|turn|1
|inactive|corvid_queen has 30 seconds left.
|inactive|TheMaoriGamer has 30 seconds left.
|inactive|corvid_queen has 20 seconds left.
|inactive|TheMaoriGamer has 20 seconds left.
|inactive|corvid_queen has 15 seconds left.
|inactive|TheMaoriGamer has 15 seconds left.
|
|t:|1756626352
|switch|p2b: Amoonguss|Amoonguss, L50, M|100/100
|switch|p1b: Ursaluna|Ursaluna-Bloodmoon, L50, M|100/100
|move|p2a: Gholdengo|Nasty Plot|p2a: Gholdengo
|-boost|p2a: Gholdengo|spa|2
|move|p1a: Amoonguss|Spore|p2b: Amoonguss
|-immune|p2b: Amoonguss
|
|upkeep
|turn|2
|inactive|corvid_queen has 30 seconds left.
|inactive|TheMaoriGamer has 30 seconds left.
|inactive|corvid_queen has 20 seconds left.
|inactive|TheMaoriGamer has 20 seconds left.
|inactive|TheMaoriGamer has 15 seconds left.
|inactive|TheMaoriGamer has 10 seconds left.
|
|t:|1756626399
|switch|p1a: Porygon2|Porygon2, L50|100/100
|-ability|p1a: Porygon2|Regenerator|Trace|[from] ability: Trace|[of] p2b: Amoonguss
|-terastallize|p2a: Gholdengo|Water
|move|p2a: Gholdengo|Make It Rain|p1a: Porygon2|[spread] p1a,p1b
|-damage|p1a: Porygon2|24/100
|-damage|p1b: Ursaluna|21/100
|-unboost|p2a: Gholdengo|spa|1
|-damage|p2a: Gholdengo|91/100|[from] item: Life Orb
|move|p1b: Ursaluna|Earth Power|p2a: Gholdengo
|-damage|p2a: Gholdengo|34/100
|move|p2b: Amoonguss|Spore|p1b: Ursaluna
|-status|p1b: Ursaluna|slp|[from] move: Spore
|
|upkeep
|turn|3
|inactive|corvid_queen has 30 seconds left.
|inactive|corvid_queen has 20 seconds left.
|inactive|corvid_queen has 15 seconds left.
|
|t:|1756626441
|switch|p1a: Amoonguss|Amoonguss, L50, M|100/100
|move|p2a: Gholdengo|Make It Rain|p1a: Amoonguss|[spread] p1a,p1b
|-damage|p1a: Amoonguss|26/100
|-damage|p1b: Ursaluna|0 fnt
|-unboost|p2a: Gholdengo|spa|1
|faint|p1b: Ursaluna
|-damage|p2a: Gholdengo|24/100|[from] item: Life Orb
|move|p2b: Amoonguss|Pollen Puff|p2a: Gholdengo
|-heal|p2a: Gholdengo|74/100
|
|upkeep
|
|t:|1756626451
|switch|p1b: Sneasler|Sneasler, L50, F|100/100
|turn|4
|inactive|corvid_queen has 30 seconds left.
|
|t:|1756626482
|switch|p1a: Porygon2|Porygon2, L50|58/100
|-ability|p1a: Porygon2|Regenerator|Trace|[from] ability: Trace|[of] p2b: Amoonguss
|move|p2a: Gholdengo|Protect|p2a: Gholdengo
|-singleturn|p2a: Gholdengo|Protect
|move|p2b: Amoonguss|Protect|p2b: Amoonguss
|-singleturn|p2b: Amoonguss|Protect
|move|p1b: Sneasler|Close Combat|p2a: Gholdengo
|-activate|p2a: Gholdengo|move: Protect
|
|upkeep
|turn|5
|inactive|corvid_queen has 30 seconds left.
|inactive|corvid_queen has 20 seconds left.
|
|t:|1756626520
|switch|p1a: Amoonguss|Amoonguss, L50, M|59/100
|move|p2b: Amoonguss|Rage Powder|p2b: Amoonguss
|-singleturn|p2b: Amoonguss|move: Rage Powder
|move|p1b: Sneasler|Dire Claw|p2b: Amoonguss
|-damage|p2b: Amoonguss|67/100
|-damage|p1b: Sneasler|84/100|[from] item: Rocky Helmet|[of] p2b: Amoonguss
|move|p2a: Gholdengo|Nasty Plot|p2a: Gholdengo
|-boost|p2a: Gholdengo|spa|2
|
|upkeep
|turn|6
|inactive|corvid_queen has 30 seconds left.
|
|t:|1756626547
|switch|p1a: Porygon2|Porygon2, L50|91/100
|-ability|p1a: Porygon2|Good as Gold|Trace|[from] ability: Trace|[of] p2a: Gholdengo
|move|p2b: Amoonguss|Rage Powder|p2b: Amoonguss
|-singleturn|p2b: Amoonguss|move: Rage Powder
|move|p1b: Sneasler|Dire Claw|p2b: Amoonguss
|-damage|p2b: Amoonguss|30/100
|-damage|p1b: Sneasler|67/100|[from] item: Rocky Helmet|[of] p2b: Amoonguss
|move|p2a: Gholdengo|Make It Rain|p1b: Sneasler|[spread] p1a,p1b
|-damage|p1a: Porygon2|18/100
|-damage|p1b: Sneasler|0 fnt
|-unboost|p2a: Gholdengo|spa|1
|faint|p1b: Sneasler
|-damage|p2a: Gholdengo|64/100|[from] item: Life Orb
|
|upkeep
|
|t:|1756626561
|switch|p1b: Amoonguss|Amoonguss, L50, M|92/100
|turn|7
|
|t:|1756626577
|move|p2a: Gholdengo|Make It Rain|p1a: Porygon2|[spread] p1a,p1b
|-damage|p1a: Porygon2|0 fnt
|-damage|p1b: Amoonguss|23/100
|-unboost|p2a: Gholdengo|spa|1
|faint|p1a: Porygon2
|-damage|p2a: Gholdengo|55/100|[from] item: Life Orb
|move|p2b: Amoonguss|Pollen Puff|p1b: Amoonguss
|-damage|p1b: Amoonguss|7/100
|move|p1b: Amoonguss|Pollen Puff|p1: Porygon2|[notarget]
|-fail|p1b: Amoonguss
|
|upkeep
|turn|8
|
|t:|1756626591
|move|p2a: Gholdengo|Make It Rain|p1b: Amoonguss
|-damage|p1b: Amoonguss|0 fnt
|-unboost|p2a: Gholdengo|spa|1
|faint|p1b: Amoonguss
|-damage|p2a: Gholdengo|45/100|[from] item: Life Orb
|
|win|TheMaoriGamer
|c|☆TheMaoriGamer|gg
||corvid_queen is ready for game 2.
|c|☆corvid_queen|gg
|inactive|TheMaoriGamer has 30 seconds to confirm battle start!
||TheMaoriGamer is ready for game 2.
|uhtml|next|Next: Game 2 of 3
