|j|☆Lindseyyy
|j|☆TeyVgc
|html|LindseyyyTeyVgc    
|uhtml|bestof|Game 2 of a best-of-3
|t:|1756957177
|gametype|doubles
|player|p1|Lindseyyy|rosa|1180
|player|p2|TeyVgc|benga|1271
|gen|9
|tier|[Gen 9] VGC 2025 Reg H (Bo3)
|rated|
|rule|Species Clause: Limit one of each Pokémon
|rule|Item Clause: Limit 1 of each item
|clearpoke
|poke|p1|Annihilape, L50, M|
|poke|p1|Ninetales-Alola, L50, F|
|poke|p1|Oranguru, L50, F|
|poke|p1|Porygon2, L50|
|poke|p1|Ursaluna-Bloodmoon, L50, M|
|poke|p1|Incineroar, L50, M|
|poke|p2|Gholdengo, L50|
|poke|p2|Dragonite, L50, F|
|poke|p2|Sneasler, L50, F|
|poke|p2|Incineroar, L50, M|
|poke|p2|Indeedee, L50, M|
|poke|p2|Gastrodon, L50, M|
|teampreview|4
|showteam|p1|Annihilape||SitrusBerry|Defiant|BulkUp,RageFist,DrainPunch,Protect|||M|||50|,,,,,Grass]Ninetales-Alola||FocusSash|SnowWarning|AuroraVeil,Blizzard,Protect,Encore|||F|||50|,,,,,Ghost]Oranguru||MentalHerb|InnerFocus|Instruct,TrickRoom,Imprison,FoulPlay|||F|||50|,,,,,Fairy]Porygon2||Eviolite|Download|TrickRoom,TeraBlast,IceBeam,Recover||||||50|,,,,,Flying]Ursaluna-Bloodmoon||LifeOrb|MindsEye|HyperVoice,BloodMoon,EarthPower,Protect|||M|||50|,,,,,Normal]Incineroar||AssaultVest|Intimidate|FlareBlitz,Uturn,FakeOut,KnockOff|||M|||50|,,,,,Grass
|showteam|p2|Gholdengo||LifeOrb|GoodasGold|Protect,MakeItRain,ShadowBall,NastyPlot||||||50|,,,,,Water]Dragonite||LoadedDice|Multiscale|ScaleShot,Tailwind,Haze,Protect|||F|||50|,,,,,Fairy]Sneasler||PsychicSeed|Unburden|Protect,DireClaw,CloseCombat,ThroatChop|||F|||50|,,,,,Dark]Incineroar||SafetyGoggles|Intimidate|KnockOff,PartingShot,FlareBlitz,FakeOut|||M|||50|,,,,,Ghost]Indeedee||FocusSash|PsychicSurge|ExpandingForce,TrickRoom,Imprison,TeraBlast|||M|||50|,,,,,Fighting]Gastrodon||Leftovers|StormDrain|EarthPower,Yawn,Recover,IceBeam|||M|||50|,,,,,Poison
|inactive|Battle timer is ON: inactive players will automatically lose when time's up. (requested by Lindseyyy)
|inactive|Lindseyyy has 60 seconds left.
|inactive|TeyVgc has 60 seconds left.
|inactive|TeyVgc has 30 seconds left.
|inactive|TeyVgc has 20 seconds left.
|
|t:|1756957249
|teamsize|p1|4
|teamsize|p2|4
|start
|switch|p1a: Annihilape|Annihilape, L50, M|100/100
|switch|p1b: Ninetales|Ninetales-Alola, L50, F|100/100
|switch|p2a: Incineroar|Incineroar, L50, M|100/100
|switch|p2b: Gastrodon|Gastrodon, L50, M|100/100
|-weather|Snowscape|[from] ability: Snow Warning|[of] p1b: Ninetales
|-ability|p2a: Incineroar|Intimidate|boost
|-unboost|p1a: Annihilape|atk|1
|-ability|p1a: Annihilape|Defiant|boost
|-boost|p1a: Annihilape|atk|2
|-unboost|p1b: Ninetales|atk|1
|turn|1
|inactive|Lindseyyy has 30 seconds left.
|
|t:|1756957282
|switch|p1b: Incineroar|Incineroar, L50, M|100/100
|-ability|p1b: Incineroar|Intimidate|boost
|-unboost|p2a: Incineroar|atk|1
|-unboost|p2b: Gastrodon|atk|1
|move|p1a: Annihilape|Protect|p1a: Annihilape
|-singleturn|p1a: Annihilape|Protect
|move|p2a: Incineroar|Fake Out|p1b: Incineroar
|-damage|p1b: Incineroar|93/100
|move|p2b: Gastrodon|Yawn|p1a: Annihilape
|-activate|p1a: Annihilape|move: Protect
|
|-weather|Snowscape|[upkeep]
|upkeep
|turn|2
|
|t:|1756957302
|-terastallize|p2b: Gastrodon|Poison
|move|p1a: Annihilape|Drain Punch|p2b: Gastrodon
|-resisted|p2b: Gastrodon
|-damage|p2b: Gastrodon|74/100
|move|p2a: Incineroar|Parting Shot|p1b: Incineroar
|-unboost|p1b: Incineroar|atk|1
|-unboost|p1b: Incineroar|spa|1
|
|t:|1756957309
|switch|p2a: Indeedee|Indeedee, L50, M|100/100|[from] Parting Shot
|-fieldstart|move: Psychic Terrain|[from] ability: Psychic Surge|[of] p2a: Indeedee
|move|p1b: Incineroar|Knock Off|p2b: Gastrodon
|-damage|p2b: Gastrodon|45/100
|-enditem|p2b: Gastrodon|Leftovers|[from] move: Knock Off|[of] p1b: Incineroar
|move|p2b: Gastrodon|Earth Power|p1b: Incineroar
|-supereffective|p1b: Incineroar
|-damage|p1b: Incineroar|55/100
|
|-weather|Snowscape|[upkeep]
|upkeep
|turn|3
|inactive|Lindseyyy has 30 seconds left.
|inactive|Lindseyyy has 20 seconds left.
|inactive|Lindseyyy has 15 seconds left.
|inactive|Lindseyyy has 10 seconds left.
|inactive|Lindseyyy has 5 seconds left.
|
|t:|1756957361
|move|p1a: Annihilape|Protect|p1a: Annihilape
|-singleturn|p1a: Annihilape|Protect
|move|p2a: Indeedee|Expanding Force|p1b: Incineroar|[spread] 
|-activate|p1a: Annihilape|move: Protect
|-immune|p1b: Incineroar
|move|p1b: Incineroar|Knock Off|p2a: Indeedee
|-supereffective|p2a: Indeedee
|-enditem|p2a: Indeedee|Focus Sash
|-damage|p2a: Indeedee|1/100
|move|p2b: Gastrodon|Recover|p2b: Gastrodon
|-heal|p2b: Gastrodon|95/100
|
|-weather|Snowscape|[upkeep]
|upkeep
|turn|4
|inactive|Lindseyyy has 30 seconds left.
|
|t:|1756957393
|-terastallize|p1a: Annihilape|Grass
|move|p2a: Indeedee|Expanding Force|p1b: Incineroar|[spread] p1a
|-immune|p1b: Incineroar
|-damage|p1a: Annihilape|50/100
|-enditem|p1a: Annihilape|Sitrus Berry|[eat]
|-heal|p1a: Annihilape|75/100|[from] item: Sitrus Berry
|move|p1a: Annihilape|Rage Fist|p2b: Gastrodon
|-damage|p2b: Gastrodon|19/100
|move|p1b: Incineroar|Flare Blitz|p2b: Gastrodon
|-damage|p2b: Gastrodon|0 fnt
|faint|p2b: Gastrodon
|-damage|p1b: Incineroar|47/100|[from] Recoil
|
|-weather|Snowscape|[upkeep]
|upkeep
|
|t:|1756957409
|switch|p2b: Sneasler|Sneasler, L50, F|100/100
|-enditem|p2b: Sneasler|Psychic Seed
|-boost|p2b: Sneasler|spd|1|[from] item: Psychic Seed
|turn|5
|
|t:|1756957427
|switch|p2a: Incineroar|Incineroar, L50, M|100/100
|-ability|p2a: Incineroar|Intimidate|boost
|-unboost|p1a: Annihilape|atk|1
|-ability|p1a: Annihilape|Defiant|boost
|-boost|p1a: Annihilape|atk|2
|-unboost|p1b: Incineroar|atk|1
|switch|p1b: Ninetales|Ninetales-Alola, L50, F|100/100
|move|p1a: Annihilape|Protect|p1a: Annihilape
|-singleturn|p1a: Annihilape|Protect
|move|p2b: Sneasler|Dire Claw|p1a: Annihilape
|-activate|p1a: Annihilape|move: Protect
|
|-weather|none
|upkeep
|turn|6
|inactive|Lindseyyy has 30 seconds left.
|
|t:|1756957456
|switch|p1b: Incineroar|Incineroar, L50, M|47/100
|-ability|p1b: Incineroar|Intimidate|boost
|-unboost|p2a: Incineroar|atk|1
|-unboost|p2b: Sneasler|atk|1
|move|p2b: Sneasler|Dire Claw|p1a: Annihilape
|-supereffective|p1a: Annihilape
|-crit|p1a: Annihilape
|-damage|p1a: Annihilape|0 fnt
|faint|p1a: Annihilape
|move|p2a: Incineroar|Flare Blitz|p1b: Incineroar
|-resisted|p1b: Incineroar
|-damage|p1b: Incineroar|33/100
|-damage|p2a: Incineroar|96/100|[from] Recoil
|
|-fieldend|move: Psychic Terrain
|upkeep
|
|t:|1756957470
|switch|p1a: Porygon2|Porygon2, L50|100/100
|-ability|p1a: Porygon2|Download|boost
|-boost|p1a: Porygon2|atk|1
|turn|7
|inactive|Lindseyyy has 30 seconds left.
|inactive|TeyVgc has 30 seconds left.
|inactive|TeyVgc has 20 seconds left.
|
|t:|1756957507
|switch|p2a: Indeedee|Indeedee, L50, M|1/100
|-fieldstart|move: Psychic Terrain|[from] ability: Psychic Surge|[of] p2a: Indeedee
|move|p2b: Sneasler|Close Combat|p1b: Incineroar
|-supereffective|p1b: Incineroar
|-damage|p1b: Incineroar|0 fnt
|-unboost|p2b: Sneasler|def|1
|-unboost|p2b: Sneasler|spd|1
|faint|p1b: Incineroar
|move|p1a: Porygon2|Tera Blast|p2b: Sneasler
|-damage|p2b: Sneasler|59/100
|
|upkeep
|
|t:|1756957513
|switch|p1b: Ninetales|Ninetales-Alola, L50, F|100/100
|-weather|Snowscape|[from] ability: Snow Warning|[of] p1b: Ninetales
|turn|8
|inactive|Lindseyyy has 30 seconds left.
|inactive|TeyVgc has 30 seconds left.
|inactive|Lindseyyy has 20 seconds left.
|inactive|Lindseyyy has 15 seconds left.
|
|t:|1756957555
|move|p2b: Sneasler|Dire Claw|p1b: Ninetales
|-supereffective|p1b: Ninetales
|-damage|p1b: Ninetales|42/100
|move|p1b: Ninetales|Aurora Veil|p1b: Ninetales
|-sidestart|p1: Lindseyyy|move: Aurora Veil
|move|p2a: Indeedee|Expanding Force|p1b: Ninetales|[spread] p1a,p1b
|-damage|p1a: Porygon2|81/100
|-damage|p1b: Ninetales|0 fnt
|faint|p1b: Ninetales
|move|p1a: Porygon2|Recover|p1a: Porygon2
|-heal|p1a: Porygon2|100/100
|
|-weather|Snowscape|[upkeep]
|upkeep
|turn|9
|inactive|TeyVgc has 30 seconds left.
|
|t:|1756957586
|move|p2b: Sneasler|Close Combat|p1a: Porygon2
|-supereffective|p1a: Porygon2
|-damage|p1a: Porygon2|71/100
|-unboost|p2b: Sneasler|def|1
|-unboost|p2b: Sneasler|spd|1
|move|p2a: Indeedee|Expanding Force|p1a: Porygon2
|-damage|p1a: Porygon2|42/100
|move|p1a: Porygon2|Trick Room|p1a: Porygon2
|-fieldstart|move: Trick Room|[of] p1a: Porygon2
|
|-weather|Snowscape|[upkeep]
|upkeep
|turn|10
|
|t:|1756957607
|switch|p2b: Incineroar|Incineroar, L50, M|96/100
|-ability|p2b: Incineroar|Intimidate|boost
|-unboost|p1a: Porygon2|atk|1
|move|p1a: Porygon2|Recover|p1a: Porygon2
|-heal|p1a: Porygon2|92/100
|move|p2a: Indeedee|Expanding Force|p1a: Porygon2
|-damage|p1a: Porygon2|67/100
|
|-weather|Snowscape|[upkeep]
|upkeep
|turn|11
|
|t:|1756957627
|move|p1a: Porygon2|Tera Blast|p2a: Indeedee
|-damage|p2a: Indeedee|0 fnt
|faint|p2a: Indeedee
|move|p2b: Incineroar|Flare Blitz|p1a: Porygon2
|-damage|p1a: Porygon2|47/100
|-damage|p2b: Incineroar|90/100|[from] Recoil
|
|-weather|Snowscape|[upkeep]
|-fieldend|move: Psychic Terrain
|upkeep
|
|t:|1756957634
|switch|p2a: Sneasler|Sneasler, L50, F|59/100
|turn|12
|
|t:|1756957648
|move|p1a: Porygon2|Recover|p1a: Porygon2
|-heal|p1a: Porygon2|97/100
|move|p2b: Incineroar|Knock Off|p1a: Porygon2
|-damage|p1a: Porygon2|81/100
|-enditem|p1a: Porygon2|Eviolite|[from] move: Knock Off|[of] p2b: Incineroar
|move|p2a: Sneasler|Close Combat|p1a: Porygon2
|-supereffective|p1a: Porygon2
|-damage|p1a: Porygon2|19/100
|-unboost|p2a: Sneasler|def|1
|-unboost|p2a: Sneasler|spd|1
|
|-weather|none
|-sideend|p1: Lindseyyy|move: Aurora Veil
|upkeep
|turn|13
|-message|Lindseyyy forfeited.
|
|win|TeyVgc
