|j|☆zuutokei2
|j|☆BenBen84
|html|zuutokei2BenBen84    
|uhtml|bestof|Game 3 of a best-of-3
|t:|1785512646
|gametype|doubles
|player|p1|zuutokei2|camper|
|player|p2|BenBen84|unknown|
|gen|9
|tier|[Gen 9 Champions] VGC 2026 Reg M-B (Bo3)
|rule|Species Clause: Limit one of each Pokémon
|rule|Item Clause: Limit 1 of each item
|clearpoke
|poke|p1|Tyranitar, L50, M|
|poke|p1|Excadrill, L50, F|
|poke|p1|Staraptor, L50, F|
|poke|p1|Milotic, L50, F|
|poke|p1|Gholdengo, L50|
|poke|p1|Sinistcha-Masterpiece, L50|
|poke|p2|Delphox, L50, F, shiny|
|poke|p2|Floette-Eternal, L50, F|
|poke|p2|Incineroar, L50, F, shiny|
|poke|p2|Sinistcha, L50, shiny|
|poke|p2|Sneasler, L50, F, shiny|
|poke|p2|Kingambit, L50, F, shiny|
|teampreview|4
|showteam|p1|Tyranitar||Tyranitarite|SandStream|RockSlide,KnockOff,LowKick,Protect|Adamant||M|||50|]Excadrill||FocusSash|SandRush|HighHorsepower,IronHead,RockSlide,Protect|Adamant||F|||50|]Staraptor||Staraptite|Intimidate|BraveBird,CloseCombat,Tailwind,Protect|Jolly||F|||50|]Milotic||SitrusBerry|Competitive|Scald,IceBeam,Recover,Protect|Modest||F|||50|]Gholdengo||LifeOrb|GoodasGold|MakeItRain,ShadowBall,NastyPlot,Protect|Modest|||||50|]Sinistcha-Masterpiece||ColburBerry|Hospitality|MatchaGotcha,RagePowder,TrickRoom,Protect|Relaxed|||||50|
|showteam|p2|Delphox||Delphoxite|Blaze|HeatWave,Psyshock,NastyPlot,Protect|Timid||F|||50|]Floette-Eternal||Floettite|FlowerVeil|DazzlingGleam,DrainingKiss,CalmMind,Protect|Timid||F|||50|]Incineroar||SitrusBerry|Intimidate|FlareBlitz,HelpingHand,PartingShot,FakeOut|Impish||F|||50|]Sinistcha||OccaBerry|Hospitality|MatchaGotcha,TrickRoom,RagePowder,Protect|Bold|||||50|]Sneasler||FocusSash|PoisonTouch|DireClaw,CloseCombat,FakeOut,QuickGuard|Jolly||F|||50|]Kingambit||BlackGlasses|Defiant|KowtowCleave,SuckerPunch,SwordsDance,Protect|Adamant||F|||50|
|j| I love bo3
|
|t:|1785512683
|teamsize|p1|4
|teamsize|p2|4
|start
|switch|p1a: Staraptor|Staraptor, L50, F|100/100
|switch|p1b: Tyranitar|Tyranitar, L50, M|100/100
|switch|p2a: Floette|Floette-Eternal, L50, F|100/100
|switch|p2b: Sinistcha|Sinistcha, L50, shiny|100/100
|-ability|p1a: Staraptor|Intimidate|boost
|-unboost|p2a: Floette|atk|1
|-block|p2b: Sinistcha|ability: Flower Veil|[of] p2a: Floette
|-weather|Sandstorm|[from] ability: Sand Stream|[of] p1b: Tyranitar
|turn|1
|
|t:|1785512724
|switch|p2b: Incineroar|Incineroar, L50, F, shiny|100/100
|-ability|p2b: Incineroar|Intimidate|boost
|-unboost|p1a: Staraptor|atk|1
|-unboost|p1b: Tyranitar|atk|1
|detailschange|p2a: Floette|Floette-Mega, L50, F
|-mega|p2a: Floette|Floette|Floettite
|-ability|p2a: Floette|Fairy Aura
|detailschange|p1b: Tyranitar|Tyranitar-Mega, L50, M
|-mega|p1b: Tyranitar|Tyranitar|Tyranitarite
|move|p2a: Floette|Calm Mind|p2a: Floette
|-boost|p2a: Floette|spa|1
|-boost|p2a: Floette|spd|1
|move|p1a: Staraptor|Brave Bird|p2a: Floette
|-damage|p2a: Floette|67/100
|-damage|p1a: Staraptor|90/100|[from] Recoil
|move|p1b: Tyranitar|Rock Slide|p2a: Floette|[spread] p2a,p2b
|-supereffective|p2b: Incineroar|1
|-damage|p2a: Floette|42/100
|-damage|p2b: Incineroar|67/100
|
|-weather|Sandstorm|[upkeep]
|-damage|p2a: Floette|36/100|[from] Sandstorm
|-damage|p1a: Staraptor|84/100|[from] Sandstorm
|-damage|p2b: Incineroar|61/100|[from] Sandstorm
|upkeep
|turn|2
|
|t:|1785512761
|switch|p2b: Sinistcha|Sinistcha, L50, shiny|100/100
|-heal|p2a: Floette|61/100|[from] ability: Hospitality|[of] p2b: Sinistcha
|move|p1a: Staraptor|Protect|p1a: Staraptor
|-singleturn|p1a: Staraptor|Protect
|move|p2a: Floette|Draining Kiss|p1a: Staraptor
|-activate|p1a: Staraptor|move: Protect
|move|p1b: Tyranitar|Rock Slide|p2a: Floette|[spread] p2b
|-miss|p1b: Tyranitar|p2a: Floette
|-damage|p2b: Sinistcha|79/100
|
|-weather|Sandstorm|[upkeep]
|-damage|p2a: Floette|55/100|[from] Sandstorm
|-damage|p1a: Staraptor|78/100|[from] Sandstorm
|-damage|p2b: Sinistcha|73/100|[from] Sandstorm
|upkeep
|turn|3
|
|t:|1785512800
|switch|p1a: Milotic|Milotic, L50, F|100/100
|switch|p2b: Incineroar|Incineroar, L50, F, shiny|61/100
|-ability|p2b: Incineroar|Intimidate|boost
|-unboost|p1a: Milotic|atk|1
|-ability|p1a: Milotic|Competitive|boost
|-boost|p1a: Milotic|spa|2
|-unboost|p1b: Tyranitar|atk|1
|move|p2a: Floette|Draining Kiss|p1b: Tyranitar
|-supereffective|p1b: Tyranitar|1
|-damage|p1b: Tyranitar|45/100
|-heal|p2a: Floette|100/100|[from] drain|[of] p1b: Tyranitar
|move|p1b: Tyranitar|Rock Slide|p2b: Incineroar|[spread] p2a,p2b
|-supereffective|p2b: Incineroar|1
|-damage|p2a: Floette|82/100
|-damage|p2b: Incineroar|33/100
|-enditem|p2b: Incineroar|Sitrus Berry|[eat]
|-heal|p2b: Incineroar|58/100|[from] item: Sitrus Berry
|
|-weather|Sandstorm|[upkeep]
|-damage|p2a: Floette|76/100|[from] Sandstorm
|-damage|p1a: Milotic|94/100|[from] Sandstorm
|-damage|p2b: Incineroar|52/100|[from] Sandstorm
|upkeep
|turn|4
|j| otenkoz
|
|t:|1785512842
|switch|p1b: Excadrill|Excadrill, L50, F|100/100
|move|p2b: Incineroar|Fake Out|p1a: Milotic
|-damage|p1a: Milotic|83/100
|move|p2a: Floette|Calm Mind|p2a: Floette
|-boost|p2a: Floette|spa|1
|-boost|p2a: Floette|spd|1
|cant|p1a: Milotic|flinch
|
|-weather|Sandstorm|[upkeep]
|-damage|p2a: Floette|71/100|[from] Sandstorm
|-damage|p1a: Milotic|77/100|[from] Sandstorm
|-damage|p2b: Incineroar|46/100|[from] Sandstorm
|upkeep
|turn|5
|
|t:|1785512886
|move|p2a: Floette|Protect|p2a: Floette
|-singleturn|p2a: Floette|Protect
|move|p1b: Excadrill|High Horsepower|p2b: Incineroar
|-supereffective|p2b: Incineroar|1
|-damage|p2b: Incineroar|0 fnt
|faint|p2b: Incineroar
|move|p1a: Milotic|Ice Beam|p2a: Floette
|-activate|p2a: Floette|move: Protect
|
|-weather|none
|upkeep
|
|t:|1785512895
|switch|p2b: Sinistcha|Sinistcha, L50, shiny|73/100
|-heal|p2a: Floette|95/100|[from] ability: Hospitality|[of] p2b: Sinistcha
|turn|6
|
|t:|1785512926
|move|p1b: Excadrill|Protect|p1b: Excadrill
|-singleturn|p1b: Excadrill|Protect
|move|p2b: Sinistcha|Rage Powder|p2b: Sinistcha
|-singleturn|p2b: Sinistcha|move: Rage Powder
|move|p2a: Floette|Dazzling Gleam|p1a: Milotic|[spread] p1a
|-activate|p1b: Excadrill|move: Protect
|-damage|p1a: Milotic|20/100y
|-enditem|p1a: Milotic|Sitrus Berry|[eat]
|-heal|p1a: Milotic|45/100|[from] item: Sitrus Berry
|move|p1a: Milotic|Ice Beam|p2b: Sinistcha
|-supereffective|p2b: Sinistcha|1
|-damage|p2b: Sinistcha|0 fnt
|faint|p2b: Sinistcha
|
|upkeep
|
|t:|1785512938
|switch|p2b: Sneasler|Sneasler, L50, F, shiny|100/100
|turn|7
|c|☆BenBen84|感覺你這邊轉得不太好
|
|t:|1785512961
|switch|p1b: Staraptor|Staraptor, L50, F|78/100
|-ability|p1b: Staraptor|Intimidate|boost
|-unboost|p2a: Floette|atk|1
|-unboost|p2b: Sneasler|atk|1
|move|p2b: Sneasler|Fake Out|p1b: Staraptor
|-damage|p1b: Staraptor|66/100
|move|p2a: Floette|Dazzling Gleam|p1b: Staraptor|[spread] p1a,p1b
|-damage|p1a: Milotic|0 fnt
|-damage|p1b: Staraptor|0 fnt
|faint|p1a: Milotic
|faint|p1b: Staraptor
|
|upkeep
|
|t:|1785512971
|switch|p1b: Excadrill|Excadrill, L50, F|100/100
|switch|p1a: Tyranitar|Tyranitar-Mega, L50, M|45/100
|-weather|Sandstorm|[from] ability: Sand Stream|[of] p1a: Tyranitar
|turn|8
|c| I love bo3|猜猜猜
|c|☆zuutokei2|我也覺得
|
|t:|1785513058
|move|p1b: Excadrill|Iron Head|p2a: Floette
|-supereffective|p2a: Floette|1
|-damage|p2a: Floette|0 fnt
|faint|p2a: Floette
|move|p2b: Sneasler|Close Combat|p1b: Excadrill
|-supereffective|p1b: Excadrill|1
|-enditem|p1b: Excadrill|Focus Sash
|-damage|p1b: Excadrill|1/100
|-unboost|p2b: Sneasler|def|1
|-unboost|p2b: Sneasler|spd|1
|move|p1a: Tyranitar|Rock Slide|p2b: Sneasler
|-resisted|p2b: Sneasler|1
|-damage|p2b: Sneasler|35/100
|
|-weather|Sandstorm|[upkeep]
|-damage|p2b: Sneasler|29/100|[from] Sandstorm
|upkeep
|turn|9
|-message|BenBen84 forfeited.
|
|win|zuutokei2
|c| I love bo3|靠這麼能猜
|c|☆zuutokei2|好家在
|c|☆BenBen84|就說很難輸吧
|c| otenkoz|強
|l| I love bo3
|c|☆zuutokei2|差點就被容神打爆😭
|l|☆BenBen84
|player|p2|
