|j|☆ilita
|j|☆ukugv
|html|ilitaukugv    
|uhtml|bestof|Game 1 of a best-of-3
|t:|1785117908
|gametype|doubles
|player|p1|ilita|170|1000
|player|p2|ukugv|265|1065
|gen|9
|tier|[Gen 9 Champions] VGC 2026 Reg M-B (Bo3)
|rated|
|rule|Species Clause: Limit one of each Pokémon
|rule|Item Clause: Limit 1 of each item
|clearpoke
|poke|p1|Starmie, L50|
|poke|p1|Hawlucha, L50, M|
|poke|p1|Metagross, L50|
|poke|p1|Medicham, L50, F|
|poke|p1|Bastiodon, L50, F|
|poke|p1|Dragapult, L50, F|
|poke|p2|Delphox, L50, F|
|poke|p2|Scovillain, L50, M|
|poke|p2|Grimmsnarl, L50, M|
|poke|p2|Incineroar, L50, M|
|poke|p2|Maushold-Four, L50|
|poke|p2|Kingambit, L50, F|
|teampreview|4
|showteam|p1|Starmie||Starminite|Illuminate|Gravity,SkillSwap,TrickRoom,HydroPump|Timid|||||50|]Hawlucha||Hawluchanite|MoldBreaker|CrossChop,StoneEdge,DualWingbeat,Entrainment|Jolly||M|||50|]Metagross||ColburBerry|ClearBody|MeteorMash,Gravity,Agility,ZenHeadbutt|Jolly|||||50|]Medicham||KingsRock|PurePower|ZenHeadbutt,HighJumpKick,RockSlide,BlazeKick|Jolly||F|||50|]Bastiodon||Leftovers|Sturdy|Fissure,IronDefense,BodyPress,WideGuard|Sassy||F|||50|]Dragapult||LifeOrb|Infiltrator|PhantomForce,DragonRush,PsychicFangs,Uturn|Jolly||F|||50|
|showteam|p2|Delphox||Delphoxite|Blaze|DazzlingGleam,HeatWave,Psychic,Protect|Timid||F|||50|]Scovillain||Scovillainite|Moody|GigaDrain,Flamethrower,LeechSeed,Protect|Calm||M|||50|]Grimmsnarl||LightClay|Prankster|SpiritBreak,Reflect,LightScreen,PartingShot|Careful||M|||50|]Incineroar||SitrusBerry|Intimidate|FakeOut,DarkestLariat,FlareBlitz,PartingShot|Adamant||M|||50|]Maushold-Four||KingsRock|FriendGuard|PopulationBomb,Taunt,Uturn,Protect|Jolly|||||50|]Kingambit||LifeOrb|Defiant|SuckerPunch,KowtowCleave,IronHead,Protect|Adamant||F|||50|
|
|t:|1785117941
|teamsize|p1|4
|teamsize|p2|4
|start
|switch|p1a: Starmie|Starmie, L50|100/100
|switch|p1b: Metagross|Metagross, L50|100/100
|switch|p2a: Kingambit|Kingambit, L50, F|100/100
|switch|p2b: Grimmsnarl|Grimmsnarl, L50, M|100/100
|turn|1
|
|t:|1785117966
|detailschange|p1a: Starmie|Starmie-Mega, L50
|-mega|p1a: Starmie|Starmie|Starminite
|move|p2b: Grimmsnarl|Reflect|p2b: Grimmsnarl
|-sidestart|p2: ukugv|Reflect
|move|p2a: Kingambit|Sucker Punch||[still]
|-fail|p2a: Kingambit
|move|p1a: Starmie|Skill Swap|p1b: Metagross
|-activate|p1a: Starmie|Skill Swap|||[of] p1b: Metagross
|move|p1b: Metagross|Agility|p1b: Metagross
|-boost|p1b: Metagross|spe|2
|
|upkeep
|turn|2
|
|t:|1785117989
|move|p2b: Grimmsnarl|Parting Shot|p1a: Starmie
|-fail|p1a: Starmie|unboost|[from] ability: Clear Body|[of] p1a: Starmie
|move|p1b: Metagross|Meteor Mash|p2b: Grimmsnarl
|-supereffective|p2b: Grimmsnarl|1
|-damage|p2b: Grimmsnarl|0 fnt
|faint|p2b: Grimmsnarl
|move|p1a: Starmie|Gravity|p1a: Starmie
|-fieldstart|move: Gravity
|move|p2a: Kingambit|Kowtow Cleave|p1b: Metagross
|-supereffective|p1b: Metagross|1
|-enditem|p1b: Metagross|Colbur Berry|[eat]
|-enditem|p1b: Metagross|Colbur Berry|[weaken]
|-damage|p1b: Metagross|42/100
|-damage|p2a: Kingambit|90/100|[from] item: Life Orb
|
|upkeep
|
|t:|1785118002
|switch|p2b: Incineroar|Incineroar, L50, M|100/100
|-ability|p2b: Incineroar|Intimidate|boost
|-fail|p1a: Starmie|unboost|[from] ability: Clear Body|[of] p1a: Starmie
|-unboost|p1b: Metagross|atk|1
|turn|3
|
|t:|1785118037
|move|p2b: Incineroar|Fake Out|p1b: Metagross
|-resisted|p1b: Metagross|1
|-damage|p1b: Metagross|35/100
|cant|p1b: Metagross|flinch
|move|p1a: Starmie|Hydro Pump|p2b: Incineroar
|-supereffective|p2b: Incineroar|1
|-damage|p2b: Incineroar|0 fnt
|faint|p2b: Incineroar
|move|p2a: Kingambit|Kowtow Cleave|p1b: Metagross
|-supereffective|p1b: Metagross|1
|-damage|p1b: Metagross|0 fnt
|faint|p1b: Metagross
|-damage|p2a: Kingambit|80/100|[from] item: Life Orb
|
|upkeep
|
|t:|1785118050
|switch|p1b: Medicham|Medicham, L50, F|100/100
|switch|p2b: Scovillain|Scovillain, L50, M|100/100
|turn|4
|
|t:|1785118072
|move|p2b: Scovillain|Protect|p2b: Scovillain
|-singleturn|p2b: Scovillain|Protect
|move|p2a: Kingambit|Protect|p2a: Kingambit
|-singleturn|p2a: Kingambit|Protect
|move|p1a: Starmie|Skill Swap|p2b: Scovillain
|-activate|p2b: Scovillain|move: Protect
|move|p1b: Medicham|Blaze Kick|p2a: Kingambit
|-activate|p2a: Kingambit|move: Protect
|
|-ability|p2b: Scovillain|Moody|boost
|-boost|p2b: Scovillain|def|2
|-unboost|p2b: Scovillain|spa|1
|upkeep
|turn|5
|
|t:|1785118105
|detailschange|p2b: Scovillain|Scovillain-Mega, L50, M
|-mega|p2b: Scovillain|Scovillain|Scovillainite
|move|p1a: Starmie|Skill Swap|p2b: Scovillain
|-activate|p1a: Starmie|Skill Swap|Spicy Spray|Clear Body|[of] p2b: Scovillain
|move|p1b: Medicham|Rock Slide|p2a: Kingambit|[spread] p2a,p2b
|-resisted|p2a: Kingambit|1
|-supereffective|p2b: Scovillain|1
|-damage|p2a: Kingambit|76/100
|-damage|p2b: Scovillain|85/100
|cant|p2b: Scovillain|flinch
|move|p2a: Kingambit|Kowtow Cleave|p1b: Medicham
|-damage|p1b: Medicham|23/100
|-damage|p2a: Kingambit|66/100|[from] item: Life Orb
|
|upkeep
|turn|6
|
|t:|1785118139
|move|p2a: Kingambit|Sucker Punch|p1b: Medicham
|-damage|p1b: Medicham|0 fnt
|faint|p1b: Medicham
|-damage|p2a: Kingambit|57/100|[from] item: Life Orb
|move|p1a: Starmie|Hydro Pump|p2b: Scovillain
|-damage|p2b: Scovillain|36/100
|move|p2b: Scovillain|Giga Drain|p1a: Starmie
|-supereffective|p1a: Starmie|1
|-damage|p1a: Starmie|37/100
|-heal|p2b: Scovillain|60/100|[from] drain|[of] p1a: Starmie
|-immune|p2b: Scovillain
|
|-fieldend|move: Gravity
|upkeep
|
|t:|1785118153
|switch|p1b: Bastiodon|Bastiodon, L50, F|100/100
|turn|7
|
|t:|1785118167
|move|p2a: Kingambit|Sucker Punch||[still]
|-fail|p2a: Kingambit
|move|p2b: Scovillain|Leech Seed|p1b: Bastiodon
|-start|p1b: Bastiodon|move: Leech Seed
|move|p1b: Bastiodon|Body Press|p2a: Kingambit
|-supereffective|p2a: Kingambit|2
|-damage|p2a: Kingambit|0 fnt
|faint|p2a: Kingambit
|move|p1a: Starmie|Trick Room|p1a: Starmie
|-fieldstart|move: Trick Room|[of] p1a: Starmie
|
|-damage|p1b: Bastiodon|87/100|[from] Leech Seed|[of] p2b: Scovillain
|-heal|p2b: Scovillain|71/100|[silent]
|upkeep
|turn|8
|
|t:|1785118198
|move|p1b: Bastiodon|Body Press|p2b: Scovillain
|-damage|p2b: Scovillain|57/100
|move|p2b: Scovillain|Leech Seed|p1a: Starmie
|-start|p1a: Starmie|move: Leech Seed
|move|p1a: Starmie|Skill Swap|p1b: Bastiodon
|-activate|p1a: Starmie|Skill Swap|||[of] p1b: Bastiodon
|
|-heal|p1b: Bastiodon|93/100|[from] item: Leftovers
|-damage|p1b: Bastiodon|81/100|[from] Leech Seed|[of] p2b: Scovillain
|-heal|p2b: Scovillain|68/100|[silent]
|-damage|p1a: Starmie|25/100|[from] Leech Seed|[of] p2b: Scovillain
|-heal|p2b: Scovillain|77/100|[silent]
|-sideend|p2: ukugv|Reflect
|upkeep
|turn|9
|
|t:|1785118217
|move|p1b: Bastiodon|Fissure|p2b: Scovillain|[miss]
|-miss|p1b: Bastiodon|p2b: Scovillain
|move|p2b: Scovillain|Giga Drain|p1a: Starmie
|-supereffective|p1a: Starmie|1
|-damage|p1a: Starmie|0 fnt
|-heal|p2b: Scovillain|88/100|[from] drain|[of] p1a: Starmie
|faint|p1a: Starmie
|
|-heal|p1b: Bastiodon|87/100|[from] item: Leftovers
|-damage|p1b: Bastiodon|75/100|[from] Leech Seed|[of] p2b: Scovillain
|-heal|p2b: Scovillain|98/100|[silent]
|upkeep
|turn|10
|
|t:|1785118229
|move|p2b: Scovillain|Protect|p2b: Scovillain
|-singleturn|p2b: Scovillain|Protect
|move|p1b: Bastiodon|Fissure|p2b: Scovillain
|-activate|p2b: Scovillain|move: Protect
|
|-heal|p1b: Bastiodon|81/100|[from] item: Leftovers
|-damage|p1b: Bastiodon|69/100|[from] Leech Seed|[of] p2b: Scovillain
|-heal|p2b: Scovillain|100/100|[silent]
|upkeep
|turn|11
|
|t:|1785118239
|move|p1b: Bastiodon|Fissure|p2b: Scovillain
|-damage|p2b: Scovillain|0 fnt
|faint|p2b: Scovillain
|-ohko
|
|win|ilita
|l|☆ukugv
|player|p2|
