|j|☆Sincubii
|j|☆HelgitheLean
|html|SincubiiHelgitheLean    
|uhtml|bestof|Game 3 of a best-of-3
|t:|1757736238
|gametype|doubles
|player|p1|Sincubii|palmer|1120
|player|p2|HelgitheLean|brawly|1147
|gen|9
|tier|[Gen 9] VGC 2025 Reg H (Bo3)
|rated|
|rule|Species Clause: Limit one of each Pokémon
|rule|Item Clause: Limit 1 of each item
|clearpoke
|poke|p1|Weavile, L50, M|
|poke|p1|Weezing-Galar, L50, M|
|poke|p1|Tyranitar, L50, M|
|poke|p1|Toedscruel, L50, F|
|poke|p1|Rotom-Heat, L50|
|poke|p1|Dragonite, L50, F|
|poke|p2|Pelipper, L50, M|
|poke|p2|Archaludon, L50, M|
|poke|p2|Rillaboom, L50, M|
|poke|p2|Greninja-*, L50, M|
|poke|p2|Baxcalibur, L50, M|
|poke|p2|Ninetales-Alola, L50, F|
|teampreview|4
|showteam|p1|Weavile||LifeOrb|Pressure|FakeOut,IceSpinner,KnockOff,LowKick|||M|||50|,,,,,Ghost]Weezing-Galar||SafetyGoggles|NeutralizingGas|StrangeSteam,WillOWisp,Taunt,Protect|||M|||50|,,,,,Fire]Tyranitar||AssaultVest|SandStream|KnockOff,RockSlide,TeraBlast,LowKick|||M|||50|,,,,,Flying]Toedscruel||CovertCloak|MyceliumMight|Spore,EarthPower,Protect,LeafStorm|||F|||50|,,,,,Poison]Rotom-Heat||ChoiceScarf|Levitate|Electroweb,VoltSwitch,Trick,Overheat||||||50|,,,,,Electric]Dragonite||LoadedDice|InnerFocus|Protect,ScaleShot,Tailwind,IronHead|||F|||50|,,,,,Steel
|showteam|p2|Pelipper||FocusSash|Drizzle|Tailwind,Soak,Surf,Hurricane|||M|||50|,,,,,Water]Archaludon||AssaultVest|Stamina|ElectroShot,FlashCannon,Snarl,BodyPress|||M|||50|,,,,,Electric]Rillaboom||CovertCloak|GrassySurge|FakeOut,KnockOff,GrassyGlide,Taunt|||M|||50|,,,,,Dark]Greninja||LoadedDice|Protean|Taunt,WaterShuriken,Haze,Blizzard|||M|||50|,,,,,Ghost]Baxcalibur||Leftovers|IceBody|SwordsDance,GlaiveRush,IceShard,Protect|||M|||50|,,,,,Fire]Ninetales-Alola||LightClay|SnowWarning|Blizzard,Moonblast,AuroraVeil,Disable|||F|||50|,,,,,Ghost
|inactive|Battle timer is ON: inactive players will automatically lose when time's up. (requested by HelgitheLean)
|
|t:|1757736270
|teamsize|p1|4
|teamsize|p2|4
|start
|switch|p1a: Big Boss|Dragonite, L50, F, shiny|100/100
|switch|p1b: Toedscruel|Toedscruel, L50, F|100/100
|switch|p2a: Thumpa|Rillaboom, L50, M|100/100
|switch|p2b: Jumpa|Greninja, L50, M|100/100
|-fieldstart|move: Grassy Terrain|[from] ability: Grassy Surge|[of] p2a: Thumpa
|turn|1
|
|t:|1757736292
|switch|p1b: Rotom|Rotom-Heat, L50|100/100
|-terastallize|p1a: Big Boss|Steel
|move|p2a: Thumpa|Fake Out|p1b: Rotom
|-damage|p1b: Rotom|82/100
|move|p2b: Jumpa|Blizzard|p1b: Rotom|[spread] p1a,p1b
|-start|p2b: Jumpa|typechange|Ice|[from] ability: Protean
|-resisted|p1a: Big Boss
|-resisted|p1b: Rotom
|-damage|p1a: Big Boss|84/100
|-damage|p1b: Rotom|56/100
|move|p1a: Big Boss|Scale Shot|p2b: Jumpa
|-damage|p2b: Jumpa|78/100
|-damage|p2b: Jumpa|57/100
|-damage|p2b: Jumpa|35/100
|-damage|p2b: Jumpa|10/100
|-damage|p2b: Jumpa|0 fnt
|faint|p2b: Jumpa
|-hitcount|p2: Jumpa|5
|-unboost|p1a: Big Boss|def|1
|-boost|p1a: Big Boss|spe|1
|
|-heal|p1a: Big Boss|90/100|[from] Grassy Terrain
|upkeep
|
|t:|1757736303
|switch|p2b: Optimus Prime|Archaludon, L50, M|100/100
|turn|2
|
|t:|1757736320
|move|p1b: Rotom|Trick|p2b: Optimus Prime
|-activate|p1b: Rotom|move: Trick|[of] p2b: Optimus Prime
|-item|p2b: Optimus Prime|Choice Scarf|[from] move: Trick
|-item|p1b: Rotom|Assault Vest|[from] move: Trick
|move|p2b: Optimus Prime|Body Press|p1a: Big Boss
|-supereffective|p1a: Big Boss
|-damage|p1a: Big Boss|21/100
|move|p1a: Big Boss|Scale Shot|p2a: Thumpa
|-damage|p2a: Thumpa|86/100
|-damage|p2a: Thumpa|71/100
|-damage|p2a: Thumpa|56/100
|-damage|p2a: Thumpa|43/100
|-damage|p2a: Thumpa|28/100
|-hitcount|p2a: Thumpa|5
|-unboost|p1a: Big Boss|def|1
|-boost|p1a: Big Boss|spe|1
|move|p2a: Thumpa|Knock Off|p1b: Rotom
|-damage|p1b: Rotom|9/100
|-enditem|p1b: Rotom|Assault Vest|[from] move: Knock Off|[of] p2a: Thumpa
|
|-heal|p1a: Big Boss|27/100|[from] Grassy Terrain
|-heal|p2a: Thumpa|33/100|[from] Grassy Terrain
|upkeep
|turn|3
|
|t:|1757736339
|move|p1a: Big Boss|Protect|p1a: Big Boss
|-singleturn|p1a: Big Boss|Protect
|move|p2a: Thumpa|Grassy Glide|p1b: Rotom
|-resisted|p1b: Rotom
|-damage|p1b: Rotom|0 fnt
|faint|p1b: Rotom
|move|p2b: Optimus Prime|Body Press|p1a: Big Boss
|-activate|p1a: Big Boss|move: Protect
|
|-heal|p1a: Big Boss|33/100|[from] Grassy Terrain
|-heal|p2a: Thumpa|39/100|[from] Grassy Terrain
|upkeep
|
|t:|1757736348
|switch|p1b: Toedscruel|Toedscruel, L50, F|100/100
|turn|4
|
|t:|1757736363
|move|p2a: Thumpa|Grassy Glide|p1a: Big Boss
|-resisted|p1a: Big Boss
|-damage|p1a: Big Boss|0 fnt
|faint|p1a: Big Boss
|move|p2b: Optimus Prime|Body Press|p1b: Toedscruel
|-damage|p1b: Toedscruel|64/100
|move|p1b: Toedscruel|Spore|p2b: Optimus Prime
|-status|p2b: Optimus Prime|slp|[from] move: Spore
|
|-heal|p1b: Toedscruel|70/100|[from] Grassy Terrain
|-heal|p2a: Thumpa|45/100|[from] Grassy Terrain
|upkeep
|
|t:|1757736366
|switch|p1a: Tyranitar|Tyranitar, L50, M|100/100
|-weather|Sandstorm|[from] ability: Sand Stream|[of] p1a: Tyranitar
|turn|5
|
|t:|1757736385
|move|p2a: Thumpa|Grassy Glide|p1a: Tyranitar
|-supereffective|p1a: Tyranitar
|-damage|p1a: Tyranitar|40/100
|cant|p2b: Optimus Prime|slp
|move|p1b: Toedscruel|Earth Power|p2b: Optimus Prime
|-supereffective|p2b: Optimus Prime
|-damage|p2b: Optimus Prime|30/100 slp
|-ability|p2b: Optimus Prime|Stamina|boost
|-boost|p2b: Optimus Prime|def|1
|move|p1a: Tyranitar|Rock Slide|p2a: Thumpa|[spread] p2a,p2b
|-resisted|p2b: Optimus Prime
|-damage|p2a: Thumpa|14/100
|-damage|p2b: Optimus Prime|23/100 slp
|-ability|p2b: Optimus Prime|Stamina|boost
|-boost|p2b: Optimus Prime|def|1
|
|-weather|Sandstorm|[upkeep]
|-damage|p2a: Thumpa|8/100|[from] Sandstorm
|-heal|p2b: Optimus Prime|29/100 slp|[from] Grassy Terrain
|-heal|p1b: Toedscruel|75/100|[from] Grassy Terrain
|-heal|p2a: Thumpa|14/100|[from] Grassy Terrain
|-heal|p1a: Tyranitar|47/100|[from] Grassy Terrain
|-fieldend|move: Grassy Terrain
|upkeep
|turn|6
|inactive|Sincubii has 30 seconds left.
|
|t:|1757736412
|switch|p2a: Queen Frostine|Ninetales-Alola, L50, F, shiny|100/100
|-weather|Snowscape|[from] ability: Snow Warning|[of] p2a: Queen Frostine
|-curestatus|p2b: Optimus Prime|slp|[msg]
|move|p2b: Optimus Prime|Body Press|p1a: Tyranitar
|-supereffective|p1a: Tyranitar
|-damage|p1a: Tyranitar|0 fnt
|faint|p1a: Tyranitar
|move|p1b: Toedscruel|Earth Power|p2a: Queen Frostine
|-damage|p2a: Queen Frostine|68/100
|
|-weather|Snowscape|[upkeep]
|upkeep
|turn|7
|-message|Sincubii forfeited.
|
|win|HelgitheLean
|raw|Sincubii's rating: 1120 → 1097(-23 for losing)
|raw|HelgitheLean's rating: 1147 → 1170(+23 for winning)
|l|☆Sincubii
|player|p1|
|l|☆HelgitheLean
|player|p2|
