|j|☆psychic system
|j|☆avigolvgc
|html|psychic systemavigolvgc    
|uhtml|bestof|Game 3 of a best-of-3
|t:|1757095890
|gametype|doubles
|player|p1|psychic system|lucas|1181
|player|p2|avigolvgc|265|1209
|gen|9
|tier|[Gen 9] VGC 2025 Reg H (Bo3)
|rated|
|rule|Species Clause: Limit one of each Pokémon
|rule|Item Clause: Limit 1 of each item
|clearpoke
|poke|p1|Rillaboom, L50, F|
|poke|p1|Florges, L50, F|
|poke|p1|Amoonguss, L50, F|
|poke|p1|Kingambit, L50, M|
|poke|p1|Incineroar, L50, M|
|poke|p1|Pelipper, L50, F|
|poke|p2|Farigiraf, L50, F|
|poke|p2|Sylveon, L50, F|
|poke|p2|Rillaboom, L50, M|
|poke|p2|Dragonite, L50, M|
|poke|p2|Incineroar, L50, M|
|poke|p2|Sneasler, L50, F|
|teampreview|4
|showteam|p1|Rillaboom||MiracleSeed|GrassySurge|WoodHammer,GrassyGlide,HighHorsepower,SwordsDance|||F|||50|,,,,,Fire]Florges||PixiePlate|FlowerVeil|DrainingKiss,DazzlingGleam,CalmMind,Protect|||F|||50|,,,,,Grass]Amoonguss||SitrusBerry|Regenerator|ClearSmog,Spore,PollenPuff,RagePowder|||F|||50|,,,,,Water]Kingambit||BlackGlasses|Defiant|Protect,KowtowCleave,SuckerPunch,SwordsDance|||M|||50|,,,,,Ghost]Incineroar||SafetyGoggles|Intimidate|FakeOut,KnockOff,FlareBlitz,PartingShot|||M|||50|,,,,,Ghost]Pelipper||ChoiceScarf|Drizzle|MuddyWater,Hurricane,IcyWind,WeatherBall|||F|||50|,,,,,Water
|showteam|p2|Farigiraf||ThroatSpray|ArmorTail|PsychicNoise,HyperVoice,TrickRoom,Protect|||F|||50|,,,,,Fairy]Sylveon||PixiePlate|Pixilate|HyperVoice,TeraBlast,CalmMind,Protect|||F|||50|,,,,,Fire]Rillaboom||AssaultVest|GrassySurge|WoodHammer,GrassyGlide,Uturn,FakeOut|||M|||50|,,,,,Steel]Dragonite||SafetyGoggles|InnerFocus|ExtremeSpeed,TeraBlast,DragonDance,Protect|||M|||50|,,,,,Flying]Incineroar||SitrusBerry|Intimidate|KnockOff,PartingShot,Snarl,FakeOut|||M|||50|,,,,,Water]Sneasler||FocusSash|Unburden|DireClaw,CloseCombat,Uturn,Protect|||F|||50|,,,,,Ghost
|inactive|Battle timer is ON: inactive players will automatically lose when time's up. (requested by psychic system)
|
|t:|1757095901
|teamsize|p1|4
|teamsize|p2|4
|start
|switch|p1a: Rillaboom|Rillaboom, L50, F|100/100
|switch|p1b: Florges|Florges, L50, F|100/100
|switch|p2a: Felipe|Sneasler, L50, F|100/100
|switch|p2b: Claudia|Farigiraf, L50, F, shiny|100/100
|-fieldstart|move: Grassy Terrain|[from] ability: Grassy Surge|[of] p1a: Rillaboom
|turn|1
|
|t:|1757095913
|move|p2a: Felipe|Dire Claw|p1b: Florges
|-supereffective|p1b: Florges
|-damage|p1b: Florges|14/100
|move|p1a: Rillaboom|High Horsepower|p2a: Felipe
|-supereffective|p2a: Felipe
|-enditem|p2a: Felipe|Focus Sash
|-damage|p2a: Felipe|1/100
|move|p1b: Florges|Dazzling Gleam|p2b: Claudia|[spread] p2a,p2b
|-damage|p2a: Felipe|0 fnt
|-damage|p2b: Claudia|72/100
|faint|p2a: Felipe
|move|p2b: Claudia|Hyper Voice|p1b: Florges|[spread] p1a,p1b
|-damage|p1a: Rillaboom|70/100
|-damage|p1b: Florges|0 fnt
|faint|p1b: Florges
|-enditem|p2b: Claudia|Throat Spray
|-boost|p2b: Claudia|spa|1|[from] item: Throat Spray
|
|-heal|p1a: Rillaboom|75/100|[from] Grassy Terrain
|-heal|p2b: Claudia|78/100|[from] Grassy Terrain
|upkeep
|
|t:|1757095933
|switch|p2a: Alito|Dragonite, L50, M, shiny|100/100
|switch|p1b: Pelipper|Pelipper, L50, F|100/100
|-weather|RainDance|[from] ability: Drizzle|[of] p1b: Pelipper
|turn|2
|
|t:|1757095961
|-terastallize|p2a: Alito|Flying
|-terastallize|p1a: Rillaboom|Fire
|move|p1b: Pelipper|Icy Wind|p2a: Alito|[spread] p2a,p2b
|-supereffective|p2a: Alito
|-damage|p2a: Alito|77/100
|-damage|p2b: Claudia|67/100
|-unboost|p2a: Alito|spe|1
|-unboost|p2b: Claudia|spe|1
|move|p1a: Rillaboom|Swords Dance|p1a: Rillaboom
|-boost|p1a: Rillaboom|atk|2
|move|p2a: Alito|Tera Blast|p1a: Rillaboom|[anim] Tera Blast Flying
|-damage|p1a: Rillaboom|15/100
|move|p2b: Claudia|Trick Room|p2b: Claudia
|-fieldstart|move: Trick Room|[of] p2b: Claudia
|
|-weather|RainDance|[upkeep]
|-heal|p2b: Claudia|73/100|[from] Grassy Terrain
|-heal|p1a: Rillaboom|21/100|[from] Grassy Terrain
|upkeep
|turn|3
|
|t:|1757095982
|switch|p1b: Incineroar|Incineroar, L50, M|100/100
|-ability|p1b: Incineroar|Intimidate|boost
|-fail|p2a: Alito|unboost|Attack|[from] ability: Inner Focus|[of] p2a: Alito
|-unboost|p2b: Claudia|atk|1
|move|p2b: Claudia|Hyper Voice|p1b: Incineroar|[spread] p1a,p1b
|-damage|p1a: Rillaboom|0 fnt
|-damage|p1b: Incineroar|54/100
|faint|p1a: Rillaboom
|move|p2a: Alito|Tera Blast|p1b: Incineroar|[anim] Tera Blast Flying
|-damage|p1b: Incineroar|2/100
|
|-weather|RainDance|[upkeep]
|-heal|p2b: Claudia|79/100|[from] Grassy Terrain
|-heal|p1b: Incineroar|8/100|[from] Grassy Terrain
|upkeep
|
|t:|1757095994
|switch|p1a: Pelipper|Pelipper, L50, F|100/100
|turn|4
|
|t:|1757096002
|move|p2a: Alito|Extreme Speed|p1b: Incineroar
|-damage|p1b: Incineroar|0 fnt
|faint|p1b: Incineroar
|move|p2b: Claudia|Psychic Noise|p1a: Pelipper
|-damage|p1a: Pelipper|3/100
|-start|p1a: Pelipper|move: Heal Block
|move|p1a: Pelipper|Hurricane|p2a: Alito
|-damage|p2a: Alito|27/100
|
|-weather|RainDance|[upkeep]
|-heal|p2b: Claudia|85/100|[from] Grassy Terrain
|upkeep
|turn|5
|
|t:|1757096016
|move|p2a: Alito|Extreme Speed|p1a: Pelipper
|-damage|p1a: Pelipper|0 fnt
|faint|p1a: Pelipper
|
|win|avigolvgc
|raw|psychic system's rating: 1181 → 1158(-23 for losing)
|raw|avigolvgc's rating: 1209 → 1232(+23 for winning)
