|j|☆FencingMaster13
|j|☆Atlanta Rat
|html|FencingMaster13Atlanta Rat    
|uhtml|bestof|Game 1 of a best-of-3
|t:|1784783963
|gametype|doubles
|player|p1|FencingMaster13|1|1000
|player|p2|Atlanta Rat|rood|1120
|gen|9
|tier|[Gen 9 Champions] VGC 2026 Reg M-B (Bo3)
|rated|
|rule|Species Clause: Limit one of each Pokémon
|rule|Item Clause: Limit 1 of each item
|clearpoke
|poke|p1|Archaludon, L50, M, shiny|
|poke|p1|Sylveon, L50, M, shiny|
|poke|p1|Pelipper, L50, M, shiny|
|poke|p1|Swampert, L50, M|
|poke|p1|Sinistcha-Masterpiece, L50, shiny|
|poke|p1|Sableye, L50, M, shiny|
|poke|p2|Raichu, L50, M|
|poke|p2|Sinistcha, L50|
|poke|p2|Incineroar, L50, F|
|poke|p2|Sylveon, L50, F|
|poke|p2|Metagross, L50|
|poke|p2|Hydreigon, L50, F|
|teampreview|4
|showteam|p1|Archaludon||Leftovers|Stamina|ElectroShot,FlashCannon,DragonPulse,Protect|Modest||M|||50|]Sylveon||LifeOrb|Pixilate|HyperVoice,HyperBeam,QuickAttack,Protect|Timid||M|||50|]Pelipper||FocusSash|Drizzle|Hurricane,WeatherBall,Tailwind,Protect|Timid||M|||50|]Swampert||Swampertite|Damp|WaveCrash,Earthquake,IcePunch,Protect|Adamant||M|||50|]Sinistcha-Masterpiece||KasibBerry|Hospitality|MatchaGotcha,RagePowder,TrickRoom,Protect|Relaxed|||||50|]Sableye||LightClay|Prankster|Quash,RainDance,Reflect,LightScreen|Sassy||M|||50|
|showteam|p2|Raichu||RaichuniteY|LightningRod|ZapCannon,FocusBlast,FakeOut,Protect|Timid||M|||50|]Sinistcha||SitrusBerry|Hospitality|MatchaGotcha,RagePowder,LifeDew,Protect|Bold|||||50|]Incineroar||LumBerry|Intimidate|FlareBlitz,DarkestLariat,PartingShot,FakeOut|Impish||F|||50|]Sylveon||FairyFeather|Pixilate|HyperVoice,Moonblast,CalmMind,Protect|Modest||F|||50|]Metagross||Metagrossite|ClearBody|BulletPunch,PsychicFangs,BodyPress,Protect|Adamant|||||50|]Hydreigon||ChoiceScarf|Levitate|DracoMeteor,DarkPulse,EarthPower,Snarl|Modest||F|||50|
|inactive|Battle timer is ON: inactive players will automatically lose when time's up. (requested by FencingMaster13)
|inactive|FencingMaster13 has 60 seconds left.
|inactive|Atlanta Rat has 60 seconds left.
|inactive|FencingMaster13 has 30 seconds left.
|
|t:|1784784035
|teamsize|p1|4
|teamsize|p2|4
|start
|switch|p1a: Swampert|Swampert, L50, M|100/100
|switch|p1b: Pelipper|Pelipper, L50, M, shiny|100/100
|switch|p2a: Gen 1 Rat|Raichu, L50, M|100/100
|switch|p2b: Fairy Kitty Rat|Sylveon, L50, F|100/100
|-weather|RainDance|[from] ability: Drizzle|[of] p1b: Pelipper
|turn|1
|
|t:|1784784059
|detailschange|p2a: Gen 1 Rat|Raichu-Mega-Y, L50, M
|-mega|p2a: Gen 1 Rat|Raichu|Raichunite Y
|detailschange|p1a: Swampert|Swampert-Mega, L50, M
|-mega|p1a: Swampert|Swampert|Swampertite
|move|p1b: Pelipper|Protect|p1b: Pelipper
|-singleturn|p1b: Pelipper|Protect
|move|p2a: Gen 1 Rat|Fake Out|p1a: Swampert
|-damage|p1a: Swampert|91/100
|cant|p1a: Swampert|flinch
|move|p2b: Fairy Kitty Rat|Calm Mind|p2b: Fairy Kitty Rat
|-boost|p2b: Fairy Kitty Rat|spa|1
|-boost|p2b: Fairy Kitty Rat|spd|1
|
|-weather|RainDance|[upkeep]
|upkeep
|turn|2
|inactive|FencingMaster13 has 30 seconds left.
|inactive|FencingMaster13 has 20 seconds left.
|
|t:|1784784097
|switch|p2a: Kitty Rat|Incineroar, L50, F|100/100
|-ability|p2a: Kitty Rat|Intimidate|boost
|-unboost|p1a: Swampert|atk|1
|-unboost|p1b: Pelipper|atk|1
|move|p2b: Fairy Kitty Rat|Protect|p2b: Fairy Kitty Rat
|-singleturn|p2b: Fairy Kitty Rat|Protect
|move|p1a: Swampert|Earthquake|p2b: Fairy Kitty Rat|[spread] p2a
|-activate|p2b: Fairy Kitty Rat|move: Protect
|-immune|p1b: Pelipper
|-supereffective|p2a: Kitty Rat|1
|-damage|p2a: Kitty Rat|51/100
|move|p1b: Pelipper|Tailwind|p1b: Pelipper
|-sidestart|p1: FencingMaster13|move: Tailwind
|
|-weather|RainDance|[upkeep]
|upkeep
|turn|3
|inactive|FencingMaster13 has 30 seconds left.
|inactive|FencingMaster13 has 20 seconds left.
|inactive|FencingMaster13 has 15 seconds left.
|
|t:|1784784142
|move|p2a: Kitty Rat|Fake Out|p1a: Swampert
|-damage|p1a: Swampert|80/100
|cant|p1a: Swampert|flinch
|move|p1b: Pelipper|Weather Ball|p2b: Fairy Kitty Rat
|-damage|p2b: Fairy Kitty Rat|68/100
|move|p2b: Fairy Kitty Rat|Calm Mind|p2b: Fairy Kitty Rat
|-boost|p2b: Fairy Kitty Rat|spa|1
|-boost|p2b: Fairy Kitty Rat|spd|1
|
|-weather|RainDance|[upkeep]
|upkeep
|turn|4
|
|t:|1784784165
|switch|p2a: Smiley Rat|Sinistcha, L50|100/100
|-heal|p2b: Fairy Kitty Rat|93/100|[from] ability: Hospitality|[of] p2a: Smiley Rat
|move|p1b: Pelipper|Protect|p1b: Pelipper
|-singleturn|p1b: Pelipper|Protect
|move|p1a: Swampert|Earthquake|p2b: Fairy Kitty Rat|[spread] p2a,p2b
|-activate|p1b: Pelipper|move: Protect
|-resisted|p2a: Smiley Rat|1
|-damage|p2a: Smiley Rat|86/100
|-damage|p2b: Fairy Kitty Rat|52/100
|move|p2b: Fairy Kitty Rat|Hyper Voice|p1a: Swampert|[spread] p1a
|-activate|p1b: Pelipper|move: Protect
|-damage|p1a: Swampert|0 fnt
|faint|p1a: Swampert
|
|-weather|RainDance|[upkeep]
|upkeep
|
|t:|1784784180
|switch|p1a: Sableye|Sableye, L50, M, shiny|100/100
|turn|5
|inactive|Atlanta Rat has 30 seconds left.
|inactive|Atlanta Rat has 20 seconds left.
|inactive|Atlanta Rat has 15 seconds left.
|inactive|Atlanta Rat has 10 seconds left.
|inactive|Atlanta Rat has 5 seconds left.
|
|t:|1784784234
|move|p1a: Sableye|Light Screen|p1a: Sableye
|-sidestart|p1: FencingMaster13|move: Light Screen
|move|p1b: Pelipper|Hurricane|p2a: Smiley Rat
|-supereffective|p2a: Smiley Rat|1
|-damage|p2a: Smiley Rat|1/100
|-enditem|p2a: Smiley Rat|Sitrus Berry|[eat]
|-heal|p2a: Smiley Rat|25/100|[from] item: Sitrus Berry
|move|p2b: Fairy Kitty Rat|Hyper Voice|p1a: Sableye|[spread] p1a,p1b
|-supereffective|p1a: Sableye|1
|-damage|p1a: Sableye|0 fnt
|-enditem|p1b: Pelipper|Focus Sash
|-damage|p1b: Pelipper|1/100
|faint|p1a: Sableye
|move|p2a: Smiley Rat|Life Dew|p2a: Smiley Rat|[spread] p2a,p2b
|-heal|p2a: Smiley Rat|51/100
|-heal|p2b: Fairy Kitty Rat|77/100
|
|-weather|none
|-sideend|p1: FencingMaster13|move: Tailwind
|upkeep
|
|t:|1784784250
|switch|p1a: Archaludon|Archaludon, L50, M, shiny|100/100
|turn|6
|inactive|FencingMaster13 has 30 seconds left.
|inactive|FencingMaster13 has 20 seconds left.
|inactive|FencingMaster13 has 15 seconds left.
|inactive|FencingMaster13 has 10 seconds left.
|inactive|FencingMaster13 has 5 seconds left.
|
|t:|1784784305
|move|p1a: Archaludon|Electro Shot||[still]
|-prepare|p1a: Archaludon|Electro Shot
|-boost|p1a: Archaludon|spa|1
|move|p1b: Pelipper|Hurricane|p2a: Smiley Rat
|-supereffective|p2a: Smiley Rat|1
|-damage|p2a: Smiley Rat|0 fnt
|faint|p2a: Smiley Rat
|move|p2b: Fairy Kitty Rat|Hyper Voice|p1a: Archaludon|[spread] p1a,p1b
|-damage|p1a: Archaludon|1/100
|-damage|p1b: Pelipper|0 fnt
|-ability|p1a: Archaludon|Stamina|boost
|-boost|p1a: Archaludon|def|1
|faint|p1b: Pelipper
|
|-heal|p1a: Archaludon|7/100|[from] item: Leftovers
|upkeep
|
|t:|1784784320
|switch|p2a: Kitty Rat|Incineroar, L50, F|51/100
|-ability|p2a: Kitty Rat|Intimidate|boost
|-unboost|p1a: Archaludon|atk|1
|turn|7
|
|t:|1784784329
|move|p2a: Kitty Rat|Fake Out|p1a: Archaludon
|-resisted|p1a: Archaludon|1
|-damage|p1a: Archaludon|4/100
|-ability|p1a: Archaludon|Stamina|boost
|-boost|p1a: Archaludon|def|1
|cant|p1a: Archaludon|flinch
|move|p2b: Fairy Kitty Rat|Moonblast|p1a: Archaludon
|-damage|p1a: Archaludon|0 fnt
|faint|p1a: Archaludon
|
|win|Atlanta Rat
