|j|☆FastForwardMyGame
|j|☆Nimblefrog6
|html|FastForwardMyGameNimblefrog6    
|uhtml|bestof|Game 1 of a best-of-3
|t:|1757931866
|gametype|doubles
|player|p1|FastForwardMyGame|cyclist|1075
|player|p2|Nimblefrog6|medium-gen2jp|1206
|gen|9
|tier|[Gen 9] VGC 2025 Reg H (Bo3)
|rated|
|rule|Species Clause: Limit one of each Pokémon
|rule|Item Clause: Limit 1 of each item
|clearpoke
|poke|p1|Hatterene, L50, F|
|poke|p1|Sunflora, L50, F|
|poke|p1|Indeedee-F, L50, F|
|poke|p1|Torkoal, L50, F|
|poke|p1|Gallade, L50, M|
|poke|p1|Ursaluna, L50, M|
|poke|p2|Gholdengo, L50|
|poke|p2|Sneasler, L50, M|
|poke|p2|Rillaboom, L50, M|
|poke|p2|Ninetales-Alola, L50, M|
|poke|p2|Ursaluna-Bloodmoon, L50, M|
|poke|p2|Incineroar, L50, F|
|teampreview|4
|showteam|p1|Hatterene||CovertCloak|MagicBounce|TrickRoom,ExpandingForce,DazzlingGleam,Protect|||F|||50|,,,,,Water]Sunflora||LifeOrb|SolarPower|EarthPower,WeatherBall,EnergyBall,Protect|||F|||50|,,,,,Fire]Indeedee-F||EjectButton|PsychicSurge|FollowMe,HelpingHand,TrickRoom,TeraBlast|||F|||50|,,,,,Dark]Torkoal||EjectPack|Drought|Eruption,HelpingHand,SunnyDay,Overheat|||F|||50|,,,,,Grass]Gallade||PsychicSeed|Sharpness|TrickRoom,SacredSword,PsychoCut,WideGuard|||M|||50|,,,,,Fire]Ursaluna||FlameOrb|Guts|Facade,HeadlongRush,Protect,Crunch|||M|||50|,,,,,Ghost
|showteam|p2|Gholdengo||GrassySeed|GoodasGold|NastyPlot,MakeItRain,ShadowBall,Protect||||||50|,,,,,Water]Sneasler||WhiteHerb|Unburden|CloseCombat,DireClaw,ThroatChop,Protect|||M|||50|,,,,,Ghost]Rillaboom||MiracleSeed|GrassySurge|FakeOut,GrassyGlide,DrumBeating,HighHorsepower|||M|||50|,,,,,Fire]Ninetales-Alola||FocusSash|SnowWarning|Blizzard,IcyWind,Encore,AuroraVeil|||M|||50|,,,,,Ghost]Ursaluna-Bloodmoon||AssaultVest|MindsEye|HyperVoice,BloodMoon,EarthPower,VacuumWave|||M|||50|,,,,,Water]Incineroar||SitrusBerry|Intimidate|FakeOut,KnockOff,PartingShot,FlareBlitz|||F|||50|,,,,,Ghost
|inactive|Battle timer is ON: inactive players will automatically lose when time's up. (requested by Nimblefrog6)
|
|t:|1757931895
|teamsize|p1|4
|teamsize|p2|4
|start
|switch|p1a: Amiable|Indeedee-F, L50, F|100/100
|switch|p1b: Goatllade|Gallade, L50, M, shiny|100/100
|switch|p2a: Meow|Sneasler, L50, M|100/100
|switch|p2b: Bear|Ursaluna-Bloodmoon, L50, M|100/100
|-fieldstart|move: Psychic Terrain|[from] ability: Psychic Surge|[of] p1a: Amiable
|-enditem|p1b: Goatllade|Psychic Seed
|-boost|p1b: Goatllade|spd|1|[from] item: Psychic Seed
|turn|1
|inactive|Nimblefrog6 has 30 seconds left.
|inactive|Nimblefrog6 has 20 seconds left.
|
|t:|1757931935
|-terastallize|p2b: Bear|Water
|move|p1a: Amiable|Follow Me|p1a: Amiable
|-singleturn|p1a: Amiable|move: Follow Me
|move|p2a: Meow|Dire Claw|p1a: Amiable
|-damage|p1a: Amiable|58/100
|-status|p1a: Amiable|slp
|-enditem|p1a: Amiable|Eject Button
|
|t:|1757931942
|switch|p1a: Anger|Torkoal, L50, F|100/100
|-weather|SunnyDay|[from] ability: Drought|[of] p1a: Anger
|move|p2b: Bear|Blood Moon|p1b: Goatllade
|-damage|p1b: Goatllade|50/100
|move|p1b: Goatllade|Trick Room|p1b: Goatllade
|-fieldstart|move: Trick Room|[of] p1b: Goatllade
|
|-weather|SunnyDay|[upkeep]
|upkeep
|turn|2
|inactive|FastForwardMyGame has 30 seconds left.
|
|t:|1757931970
|switch|p2a: Fox|Ninetales-Alola, L50, M|100/100
|-weather|Snowscape|[from] ability: Snow Warning|[of] p2a: Fox
|move|p1a: Anger|Eruption|p2b: Bear|[spread] p2a,p2b
|-supereffective|p2a: Fox
|-resisted|p2b: Bear
|-enditem|p2a: Fox|Focus Sash
|-damage|p2a: Fox|1/100
|-damage|p2b: Bear|79/100
|move|p1b: Goatllade|Psycho Cut|p2b: Bear
|-damage|p2b: Bear|21/100
|move|p2b: Bear|Earth Power|p1a: Anger
|-supereffective|p1a: Anger
|-damage|p1a: Anger|0 fnt
|faint|p1a: Anger
|
|-weather|Snowscape|[upkeep]
|upkeep
|
|t:|1757931984
|switch|p1a: Goatflora|Sunflora, L50, F|100/100
|turn|3
|
|t:|1757931998
|switch|p2b: Meow|Sneasler, L50, M|100/100
|switch|p2a: Monkey|Rillaboom, L50, M|100/100
|-fieldstart|move: Grassy Terrain|[from] ability: Grassy Surge|[of] p2a: Monkey
|move|p1a: Goatflora|Energy Ball|p2b: Meow
|-resisted|p2b: Meow
|-damage|p2b: Meow|56/100
|-damage|p1a: Goatflora|91/100|[from] item: Life Orb
|move|p1b: Goatllade|Psycho Cut|p2a: Monkey
|-damage|p2a: Monkey|40/100
|
|-weather|Snowscape|[upkeep]
|-heal|p1a: Goatflora|97/100|[from] Grassy Terrain
|-heal|p1b: Goatllade|57/100|[from] Grassy Terrain
|-heal|p2a: Monkey|45/100|[from] Grassy Terrain
|-heal|p2b: Meow|63/100|[from] Grassy Terrain
|upkeep
|turn|4
|inactive|FastForwardMyGame has 30 seconds left.
|
|t:|1757932027
|-terastallize|p1a: Goatflora|Fire
|move|p2a: Monkey|Fake Out|p1b: Goatllade
|-damage|p1b: Goatllade|36/100
|move|p1a: Goatflora|Weather Ball|p2a: Monkey
|-supereffective|p2a: Monkey
|-damage|p2a: Monkey|0 fnt
|faint|p2a: Monkey
|-damage|p1a: Goatflora|87/100|[from] item: Life Orb
|cant|p1b: Goatllade|flinch
|move|p2b: Meow|Dire Claw|p1b: Goatllade
|-damage|p1b: Goatllade|0 fnt
|faint|p1b: Goatllade
|
|-weather|Snowscape|[upkeep]
|-heal|p1a: Goatflora|93/100|[from] Grassy Terrain
|-heal|p2b: Meow|69/100|[from] Grassy Terrain
|upkeep
|
|t:|1757932042
|switch|p1b: Amiable|Indeedee-F, L50, F|58/100 slp
|switch|p2a: Fox|Ninetales-Alola, L50, M|1/100
|-fieldstart|move: Psychic Terrain|[from] ability: Psychic Surge|[of] p1b: Amiable
|turn|5
|
|t:|1757932062
|move|p1a: Goatflora|Energy Ball|p2a: Fox
|-damage|p2a: Fox|0 fnt
|faint|p2a: Fox
|-damage|p1a: Goatflora|83/100|[from] item: Life Orb
|cant|p1b: Amiable|slp
|move|p2b: Meow|Close Combat|p1a: Goatflora
|-damage|p1a: Goatflora|0 fnt
|-unboost|p2b: Meow|def|1
|-unboost|p2b: Meow|spd|1
|faint|p1a: Goatflora
|-enditem|p2b: Meow|White Herb
|-clearnegativeboost|p2b: Meow|[silent]
|
|-weather|Snowscape|[upkeep]
|-fieldend|move: Trick Room
|upkeep
|
|t:|1757932075
|switch|p2a: Bear|Ursaluna-Bloodmoon, L50, M, tera:Water|21/100
|turn|6
|
|t:|1757932080
|move|p2b: Meow|Close Combat|p1b: Amiable
|-damage|p1b: Amiable|0 fnt
|-unboost|p2b: Meow|def|1
|-unboost|p2b: Meow|spd|1
|faint|p1b: Amiable
|
|win|Nimblefrog6
||FastForwardMyGame is ready for game 2.
||Nimblefrog6 is ready for game 2.
|uhtml|next|Next: Game 2 of 3
