|j|☆lime beens
|j|☆Storm2326
|html|lime beensStorm2326    
|uhtml|bestof|Game 3 of a best-of-3
|t:|1783749997
|gametype|doubles
|player|p1|lime beens|artist-gen4|1144
|player|p2|Storm2326|170|1121
|gen|9
|tier|[Gen 9 Champions] VGC 2026 Reg M-B (Bo3)
|rated|
|rule|Species Clause: Limit one of each Pokémon
|rule|Item Clause: Limit 1 of each item
|clearpoke
|poke|p1|Farigiraf, L50, M|
|poke|p1|Camerupt, L50, F|
|poke|p1|Dragapult, L50, F|
|poke|p1|Sylveon, L50, M|
|poke|p1|Meganium, L50, F|
|poke|p1|Clawitzer, L50, M|
|poke|p2|Mawile, L50, F|
|poke|p2|Farigiraf, L50, F|
|poke|p2|Drampa, L50, M|
|poke|p2|Kleavor, L50, F|
|poke|p2|Azumarill, L50, F|
|poke|p2|Incineroar, L50, F|
|teampreview|4
|showteam|p1|Farigiraf||ColburBerry|ArmorTail|TrickRoom,TwinBeam,Thunderbolt,Protect|Sassy||M|||50|]Camerupt||Cameruptite|SolidRock|HeatWave,EarthPower,Round,Protect|Quiet||F|||50|]Dragapult||FocusSash|Infiltrator|Round,DracoMeteor,ShadowBall,Protect|Timid||F|||50|]Sylveon||FairyFeather|Pixilate|Round,MysticalFire,HyperVoice,Protect|Quiet||M|||50|]Meganium||Meganiumite|Overgrow|SolarBeam,WeatherBall,EarthPower,Protect|Quiet||F|||50|]Clawitzer||LifeOrb|MegaLauncher|WaterPulse,AuraSphere,DarkPulse,Protect|Quiet||M|||50|
|showteam|p2|Mawile||Mawilite|HyperCutter|RockSlide,PlayRough,SuckerPunch,SwordsDance|Brave||F|||50|]Farigiraf||SitrusBerry|ArmorTail|Thunderbolt,HelpingHand,Psychic,TrickRoom|Modest||F|||50|]Drampa||Drampanite|CloudNine|EarthPower,HyperVoice,Thunderbolt,Protect|Quiet||M|||50|]Kleavor||FocusSash|Sharpness|CloseCombat,StoneAxe,XScissor,Feint|Brave||F|||50|]Azumarill||LifeOrb|HugePower|AquaJet,Superpower,PlayRough,Waterfall|Brave||F|||50|]Incineroar||PasshoBerry|Intimidate|FlareBlitz,PartingShot,FakeOut,ThroatChop|Brave||F|||50|
|inactive|Battle timer is ON: inactive players will automatically lose when time's up. (requested by lime beens)
|
|t:|1783750017
|teamsize|p1|4
|teamsize|p2|4
|start
|switch|p1a: Farigiraf|Farigiraf, L50, M|100/100
|switch|p1b: Camerupt|Camerupt, L50, F|100/100
|switch|p2a: Farigiraf|Farigiraf, L50, F|100/100
|switch|p2b: Incineroar|Incineroar, L50, F|100/100
|-ability|p2b: Incineroar|Intimidate|boost
|-unboost|p1a: Farigiraf|atk|1
|-unboost|p1b: Camerupt|atk|1
|turn|1
|
|t:|1783750034
|detailschange|p1b: Camerupt|Camerupt-Mega, L50, F
|-mega|p1b: Camerupt|Camerupt|Cameruptite
|move|p1a: Farigiraf|Protect|p1a: Farigiraf
|-singleturn|p1a: Farigiraf|Protect
|move|p2a: Farigiraf|Psychic|p1b: Camerupt
|-damage|p1b: Camerupt|62/100
|move|p2b: Incineroar|Parting Shot|p1a: Farigiraf
|-activate|p1a: Farigiraf|move: Protect
|move|p1b: Camerupt|Earth Power|p2b: Incineroar
|-supereffective|p2b: Incineroar|1
|-damage|p2b: Incineroar|0 fnt
|faint|p2b: Incineroar
|
|upkeep
|
|t:|1783750043
|switch|p2b: Azumarill|Azumarill, L50, F|100/100
|turn|2
|
|t:|1783750052
|move|p1b: Camerupt|Protect|p1b: Camerupt
|-singleturn|p1b: Camerupt|Protect
|move|p2a: Farigiraf|Psychic|p1a: Farigiraf
|-resisted|p1a: Farigiraf|1
|-damage|p1a: Farigiraf|86/100
|move|p2b: Azumarill|Waterfall|p1b: Camerupt
|-activate|p1b: Camerupt|move: Protect
|move|p1a: Farigiraf|Trick Room|p1a: Farigiraf
|-fieldstart|move: Trick Room|[of] p1a: Farigiraf
|
|upkeep
|turn|3
|inactive|lime beens has 30 seconds left.
|
|t:|1783750078
|switch|p1b: Sylveon|Sylveon, L50, M|100/100
|move|p2b: Azumarill|Waterfall|p1b: Sylveon
|-damage|p1b: Sylveon|22/100
|-damage|p2b: Azumarill|90/100|[from] item: Life Orb
|move|p1a: Farigiraf|Thunderbolt|p2b: Azumarill
|-supereffective|p2b: Azumarill|1
|-damage|p2b: Azumarill|45/100
|move|p2a: Farigiraf|Thunderbolt|p1a: Farigiraf
|-damage|p1a: Farigiraf|70/100
|
|upkeep
|turn|4
|
|t:|1783750095
|move|p1b: Sylveon|Protect|p1b: Sylveon
|-singleturn|p1b: Sylveon|Protect
|move|p2b: Azumarill|Play Rough|p1a: Farigiraf
|-damage|p1a: Farigiraf|0 fnt
|faint|p1a: Farigiraf
|-damage|p2b: Azumarill|36/100|[from] item: Life Orb
|move|p2a: Farigiraf|Psychic|p1b: Sylveon
|-activate|p1b: Sylveon|move: Protect
|
|upkeep
|
|t:|1783750104
|switch|p1a: Camerupt|Camerupt-Mega, L50, F|62/100
|turn|5
|
|t:|1783750109
|move|p1a: Camerupt|Protect|p1a: Camerupt
|-singleturn|p1a: Camerupt|Protect
|move|p2b: Azumarill|Aqua Jet|p1a: Camerupt
|-activate|p1a: Camerupt|move: Protect
|move|p1b: Sylveon|Hyper Voice|p2a: Farigiraf|[spread] p2a,p2b
|-damage|p2a: Farigiraf|53/100
|-damage|p2b: Azumarill|0 fnt
|faint|p2b: Azumarill
|move|p2a: Farigiraf|Psychic|p1b: Sylveon
|-damage|p1b: Sylveon|0 fnt
|faint|p1b: Sylveon
|
|upkeep
|
|t:|1783750119
|switch|p2b: Mawile|Mawile, L50, F|100/100
|switch|p1b: Dragapult|Dragapult, L50, F|100/100
|turn|6
|
|t:|1783750134
|detailschange|p2b: Mawile|Mawile-Mega, L50, F
|-mega|p2b: Mawile|Mawile|Mawilite
|move|p1b: Dragapult|Protect|p1b: Dragapult
|-singleturn|p1b: Dragapult|Protect
|move|p1a: Camerupt|Earth Power|p2b: Mawile
|-supereffective|p2b: Mawile|1
|-damage|p2b: Mawile|0 fnt
|faint|p2b: Mawile
|move|p2a: Farigiraf|Psychic|p1a: Camerupt
|-damage|p1a: Camerupt|23/100
|
|-fieldend|move: Trick Room
|upkeep
|turn|7
|
|t:|1783750147
|move|p1b: Dragapult|Round|p2a: Farigiraf
|-damage|p2a: Farigiraf|37/100
|-enditem|p2a: Farigiraf|Sitrus Berry|[eat]
|-heal|p2a: Farigiraf|61/100|[from] item: Sitrus Berry
|move|p1a: Camerupt|Round|p2a: Farigiraf|[from] move: Round
|-damage|p2a: Farigiraf|14/100
|move|p2a: Farigiraf|Psychic|p1a: Camerupt
|-damage|p1a: Camerupt|0 fnt
|faint|p1a: Camerupt
|
|upkeep
|turn|8
|
|t:|1783750158
|move|p1b: Dragapult|Draco Meteor|p2a: Farigiraf
|-damage|p2a: Farigiraf|0 fnt
|-unboost|p1b: Dragapult|spa|2
|faint|p2a: Farigiraf
|
|win|lime beens
|raw|lime beens's rating: 1144 → 1167(+23 for winning)
|raw|Storm2326's rating: 1121 → 1098(-23 for losing)
