|j|☆maugzm1
|j|☆ToastedArt
|html|maugzm1ToastedArt    
|uhtml|bestof|Game 2 of a best-of-3
|t:|1785258035
|gametype|doubles
|player|p1|maugzm1|cynthia-gen4|1130
|player|p2|ToastedArt|iris|1112
|gen|9
|tier|[Gen 9 Champions] VGC 2026 Reg M-B (Bo3)
|rated|
|rule|Species Clause: Limit one of each Pokémon
|rule|Item Clause: Limit 1 of each item
|clearpoke
|poke|p1|Raichu, L50, M|
|poke|p1|Milotic, L50, F|
|poke|p1|Ceruledge, L50, F|
|poke|p1|Incineroar, L50, M|
|poke|p1|Sinistcha, L50|
|poke|p1|Floette-Eternal, L50, F|
|poke|p2|Vanilluxe, L50, M, shiny|
|poke|p2|Sneasler, L50, M|
|poke|p2|Sinistcha, L50, shiny|
|poke|p2|Raichu, L50, M|
|poke|p2|Incineroar, L50, M|
|poke|p2|Azumarill, L50, M|
|teampreview|4
|showteam|p1|Raichu||RaichuniteY|LightningRod|ZapCannon,FocusBlast,FakeOut,Protect|Timid||M|||50|]Milotic||Leftovers|Competitive|MuddyWater,Hypnosis,Coil,Recover|Calm||F|||50|]Ceruledge||ColburBerry|FlashFire|BitterBlade,ShadowSneak,BulkUp,Protect|Adamant||F|||50|]Incineroar||SitrusBerry|Intimidate|FlareBlitz,FakeOut,PartingShot,DarkestLariat|Impish||M|||50|]Sinistcha||KasibBerry|Hospitality|RagePowder,TrickRoom,MatchaGotcha,Protect|Relaxed|||||50|]Floette-Eternal||Floettite|FlowerVeil|Moonblast,DazzlingGleam,CalmMind,Protect|Modest||F|||50|
|showteam|p2|Vanilluxe||ChoiceScarf|SnowWarning|Blizzard,FreezeDry,IcyWind,SheerCold|Timid||M|||50|]Sneasler||FocusSash|PoisonTouch|PoisonJab,CloseCombat,FakeOut,Taunt|Adamant||M|||50|]Sinistcha||ColburBerry|Hospitality|MatchaGotcha,RagePowder,TrickRoom,Protect|Bold|||||50|]Raichu||RaichuniteY|LightningRod|ZapCannon,FocusBlast,Substitute,Protect|Timid||M|||50|]Incineroar||Charcoal|Intimidate|FlareBlitz,ThroatChop,FakeOut,PartingShot|Adamant||M|||50|]Azumarill||SitrusBerry|HugePower|PlayRough,AquaJet,BellyDrum,Protect|Adamant||M|||50|
|inactive|Battle timer is ON: inactive players will automatically lose when time's up. (requested by ToastedArt)
|inactive|maugzm1 also wants the timer to be on.
|inactive|maugzm1 has 60 seconds left.
|
|t:|1785258074
|teamsize|p1|4
|teamsize|p2|4
|start
|switch|p1a: Raichu|Raichu, L50, M|100/100
|switch|p1b: Milotic|Milotic, L50, F|100/100
|switch|p2a: troglodyte pokemon|Azumarill, L50, M|100/100
|switch|p2b: Pickle Cup|Sinistcha, L50, shiny|100/100
|turn|1
|
|t:|1785258091
|detailschange|p1a: Raichu|Raichu-Mega-Y, L50, M
|-mega|p1a: Raichu|Raichu|Raichunite Y
|move|p1a: Raichu|Fake Out|p2a: troglodyte pokemon
|-damage|p2a: troglodyte pokemon|90/100
|move|p2b: Pickle Cup|Rage Powder|p2b: Pickle Cup
|-singleturn|p2b: Pickle Cup|move: Rage Powder
|move|p1b: Milotic|Coil|p1b: Milotic
|-boost|p1b: Milotic|atk|1
|-boost|p1b: Milotic|def|1
|-boost|p1b: Milotic|accuracy|1
|cant|p2a: troglodyte pokemon|flinch
|
|upkeep
|turn|2
|
|t:|1785258103
|move|p2b: Pickle Cup|Rage Powder|p2b: Pickle Cup
|-singleturn|p2b: Pickle Cup|move: Rage Powder
|move|p1a: Raichu|Zap Cannon|p2b: Pickle Cup
|-resisted|p2b: Pickle Cup|1
|-damage|p2b: Pickle Cup|71/100
|-status|p2b: Pickle Cup|par
|move|p1b: Milotic|Hypnosis|p2b: Pickle Cup|[miss]
|-miss|p1b: Milotic|p2b: Pickle Cup
|move|p2a: troglodyte pokemon|Belly Drum|p2a: troglodyte pokemon
|-damage|p2a: troglodyte pokemon|40/100
|-setboost|p2a: troglodyte pokemon|atk|6|[from] move: Belly Drum
|-enditem|p2a: troglodyte pokemon|Sitrus Berry|[eat]
|-heal|p2a: troglodyte pokemon|65/100|[from] item: Sitrus Berry
|
|upkeep
|turn|3
|inactive|maugzm1 has 30 seconds left.
|
|t:|1785258128
|switch|p2b: Ol' Betsy|Raichu, L50, M|100/100
|move|p1a: Raichu|Zap Cannon|p2b: Ol' Betsy
|-activate|p2b: Ol' Betsy|ability: Lightning Rod
|-ability|p2b: Ol' Betsy|Lightning Rod|boost
|-boost|p2b: Ol' Betsy|spa|1
|move|p1b: Milotic|Hypnosis|p2a: troglodyte pokemon
|-status|p2a: troglodyte pokemon|slp|[from] move: Hypnosis
|cant|p2a: troglodyte pokemon|slp
|
|upkeep
|turn|4
|
|t:|1785258147
|switch|p1a: Sinistcha|Sinistcha, L50|100/100
|-curestatus|p2a: troglodyte pokemon|slp|[msg]
|move|p2a: troglodyte pokemon|Aqua Jet|p1a: Sinistcha
|-resisted|p1a: Sinistcha|1
|-damage|p1a: Sinistcha|56/100
|move|p2b: Ol' Betsy|Substitute|p2b: Ol' Betsy
|-start|p2b: Ol' Betsy|Substitute
|-damage|p2b: Ol' Betsy|75/100
|move|p1b: Milotic|Hypnosis||[still]
|-fail|p1b: Milotic
|
|upkeep
|turn|5
|
|t:|1785258169
|move|p2b: Ol' Betsy|Substitute|p2b: Ol' Betsy
|-fail|p2b: Ol' Betsy|move: Substitute
|move|p1b: Milotic|Hypnosis|p2a: troglodyte pokemon
|-status|p2a: troglodyte pokemon|slp|[from] move: Hypnosis
|move|p1a: Sinistcha|Matcha Gotcha|p2a: troglodyte pokemon|[spread] p2a,p2b
|-end|p2b: Ol' Betsy|Substitute
|-heal|p1a: Sinistcha|67/100|[from] drain|[of] p2b: Ol' Betsy
|-supereffective|p2a: troglodyte pokemon|1
|-damage|p2a: troglodyte pokemon|13/100 slp
|-heal|p1a: Sinistcha|98/100|[from] drain|[of] p2a: troglodyte pokemon
|cant|p2a: troglodyte pokemon|slp
|
|upkeep
|turn|6
|
|t:|1785258183
|detailschange|p2b: Ol' Betsy|Raichu-Mega-Y, L50, M
|-mega|p2b: Ol' Betsy|Raichu|Raichunite Y
|move|p2b: Ol' Betsy|Zap Cannon|p1b: Milotic
|-supereffective|p1b: Milotic|1
|-damage|p1b: Milotic|0 fnt
|faint|p1b: Milotic
|move|p1a: Sinistcha|Matcha Gotcha|p2a: troglodyte pokemon|[spread] p2a,p2b
|-supereffective|p2a: troglodyte pokemon|1
|-damage|p2a: troglodyte pokemon|0 fnt
|-heal|p1a: Sinistcha|100/100|[from] drain|[of] p2a: troglodyte pokemon
|-damage|p2b: Ol' Betsy|46/100
|faint|p2a: troglodyte pokemon
|
|upkeep
|
|t:|1785258192
|switch|p1b: Raichu|Raichu-Mega-Y, L50, M|100/100
|switch|p2a: Pickle Cup|Sinistcha, L50, shiny|71/100 par
|-heal|p2b: Ol' Betsy|70/100|[from] ability: Hospitality|[of] p2a: Pickle Cup
|turn|7
|
|t:|1785258214
|move|p1b: Raichu|Protect|p1b: Raichu
|-singleturn|p1b: Raichu|Protect
|move|p2b: Ol' Betsy|Protect|p2b: Ol' Betsy
|-singleturn|p2b: Ol' Betsy|Protect
|move|p1a: Sinistcha|Trick Room|p1a: Sinistcha
|-fieldstart|move: Trick Room|[of] p1a: Sinistcha
|move|p2a: Pickle Cup|Trick Room|p2a: Pickle Cup
|-fieldend|move: Trick Room
|
|upkeep
|turn|8
|
|t:|1785258229
|switch|p1b: Incineroar|Incineroar, L50, M|100/100
|-ability|p1b: Incineroar|Intimidate|boost
|-unboost|p2a: Pickle Cup|atk|1
|-unboost|p2b: Ol' Betsy|atk|1
|move|p2b: Ol' Betsy|Substitute|p2b: Ol' Betsy
|-start|p2b: Ol' Betsy|Substitute
|-damage|p2b: Ol' Betsy|46/100
|move|p1a: Sinistcha|Matcha Gotcha|p2a: Pickle Cup|[spread] p2a,p2b
|-end|p2b: Ol' Betsy|Substitute
|-resisted|p2a: Pickle Cup|1
|-damage|p2a: Pickle Cup|60/100 par
|cant|p2a: Pickle Cup|par
|
|upkeep
|turn|9
|
|t:|1785258251
|switch|p2a: Sneasler|Sneasler, L50, M|100/100
|move|p2b: Ol' Betsy|Protect|p2b: Ol' Betsy
|-singleturn|p2b: Ol' Betsy|Protect
|move|p1a: Sinistcha|Rage Powder|p1a: Sinistcha
|-singleturn|p1a: Sinistcha|move: Rage Powder
|move|p1b: Incineroar|Flare Blitz|p2b: Ol' Betsy
|-activate|p2b: Ol' Betsy|move: Protect
|
|upkeep
|turn|10
|
|t:|1785258281
|switch|p2b: Pickle Cup|Sinistcha, L50, shiny|60/100 par
|move|p1a: Sinistcha|Rage Powder|p1a: Sinistcha
|-singleturn|p1a: Sinistcha|move: Rage Powder
|move|p2a: Sneasler|Taunt|p1a: Sinistcha
|-start|p1a: Sinistcha|move: Taunt
|move|p1b: Incineroar|Flare Blitz|p2b: Pickle Cup
|-supereffective|p2b: Pickle Cup|1
|-crit|p2b: Pickle Cup
|-damage|p2b: Pickle Cup|0 fnt
|faint|p2b: Pickle Cup
|-damage|p1b: Incineroar|82/100|[from] Recoil
|
|upkeep
|
|t:|1785258290
|switch|p2b: Ol' Betsy|Raichu-Mega-Y, L50, M|46/100
|turn|11
|
|t:|1785258300
|move|p2b: Ol' Betsy|Focus Blast|p1b: Incineroar
|-supereffective|p1b: Incineroar|1
|-damage|p1b: Incineroar|12/100
|-enditem|p1b: Incineroar|Sitrus Berry|[eat]
|-heal|p1b: Incineroar|37/100|[from] item: Sitrus Berry
|move|p2a: Sneasler|Poison Jab|p1a: Sinistcha
|-damage|p1a: Sinistcha|59/100
|-status|p1a: Sinistcha|psn
|move|p1b: Incineroar|Flare Blitz|p2b: Ol' Betsy
|-damage|p2b: Ol' Betsy|0 fnt
|faint|p2b: Ol' Betsy
|-damage|p1b: Incineroar|24/100|[from] Recoil
|move|p1a: Sinistcha|Matcha Gotcha|p2a: Sneasler
|-resisted|p2a: Sneasler|1
|-damage|p2a: Sneasler|78/100
|-heal|p1a: Sinistcha|69/100 psn|[from] drain|[of] p2a: Sneasler
|
|-damage|p1a: Sinistcha|56/100 psn|[from] psn
|upkeep
|turn|12
|
|t:|1785258313
|move|p2a: Sneasler|Poison Jab|p1b: Incineroar
|-crit|p1b: Incineroar
|-damage|p1b: Incineroar|0 fnt
|faint|p1b: Incineroar
|move|p1a: Sinistcha|Matcha Gotcha|p2a: Sneasler
|-resisted|p2a: Sneasler|1
|-damage|p2a: Sneasler|54/100
|-heal|p1a: Sinistcha|67/100 psn|[from] drain|[of] p2a: Sneasler
|
|-damage|p1a: Sinistcha|55/100 psn|[from] psn
|upkeep
|
|t:|1785258323
|switch|p1b: Raichu|Raichu-Mega-Y, L50, M|100/100
|turn|13
|
|t:|1785258332
|move|p1b: Raichu|Fake Out|p2a: Sneasler
|-damage|p2a: Sneasler|40/100
|cant|p2a: Sneasler|flinch
|move|p1a: Sinistcha|Matcha Gotcha|p2a: Sneasler
|-resisted|p2a: Sneasler|1
|-damage|p2a: Sneasler|16/100
|-heal|p1a: Sinistcha|65/100 psn|[from] drain|[of] p2a: Sneasler
|-status|p2a: Sneasler|brn
|
|-damage|p1a: Sinistcha|52/100 psn|[from] psn
|-damage|p2a: Sneasler|10/100 brn|[from] brn
|-end|p1a: Sinistcha|move: Taunt
|upkeep
|turn|14
|-message|ToastedArt forfeited.
|
|win|maugzm1
