|j|☆YouSickBastard!!
|j|☆Kahizar
|html|YouSickBastard!!Kahizar    
|uhtml|bestof|Game 1 of a best-of-3
|t:|1757704198
|gametype|doubles
|player|p1|YouSickBastard!!|birdkeeper-gen4dp|1082
|player|p2|Kahizar|169|1119
|gen|9
|tier|[Gen 9] VGC 2025 Reg H (Bo3)
|rated|
|rule|Species Clause: Limit one of each Pokémon
|rule|Item Clause: Limit 1 of each item
|clearpoke
|poke|p1|Gholdengo, L50|
|poke|p1|Sneasler, L50, M|
|poke|p1|Rillaboom, L50, M|
|poke|p1|Dragonite, L50, M|
|poke|p1|Ninetales-Alola, L50, F|
|poke|p1|Arcanine-Hisui, L50, M|
|poke|p2|Ninetales-Alola, L50, F|
|poke|p2|Incineroar, L50, M|
|poke|p2|Murkrow, L50, F|
|poke|p2|Sneasler, L50, F|
|poke|p2|Rillaboom, L50, M|
|poke|p2|Gholdengo, L50|
|teampreview|4
|showteam|p1|Gholdengo||GrassySeed|GoodasGold|NastyPlot,MakeItRain,ShadowBall,Protect||||||50|,,,,,Water]Sneasler||WhiteHerb|Unburden|CloseCombat,DireClaw,Coaching,Protect|||M|||50|,,,,,Ghost]Rillaboom||AssaultVest|GrassySurge|FakeOut,GrassyGlide,DrumBeating,HighHorsepower|||M|||50|,,,,,Fire]Dragonite||LoadedDice|Multiscale|ScaleShot,StompingTantrum,Tailwind,Protect|||M|||50|,,,,,Ground]Ninetales-Alola||FocusSash|SnowWarning|Blizzard,IcyWind,Encore,AuroraVeil|||F|||50|,,,,,Ghost]Arcanine-Hisui||ClearAmulet|Intimidate|RockSlide,FlareBlitz,ExtremeSpeed,Protect|||M|||50|,,,,,Water
|showteam|p2|Ninetales-Alola||FocusSash|SnowWarning|AuroraVeil,Blizzard,Moonblast,Protect|||F|||50|,,,,,Water]Incineroar||SafetyGoggles|Intimidate|FlareBlitz,FakeOut,KnockOff,PartingShot|||M|||50|,,,,,Ghost]Murkrow||Eviolite|Prankster|Taunt,Tailwind,Haze,FoulPlay|||F|||50|,,,,,Ghost]Sneasler||ChoiceBand|PoisonTouch|CloseCombat,RockSlide,DireClaw,ThroatChop|||F|||50|,,,,,Dark]Rillaboom||AssaultVest|GrassySurge|WoodHammer,GrassyGlide,FakeOut,Uturn|||M|||50|,,,,,Fire]Gholdengo||LifeOrb|GoodasGold|MakeItRain,TeraBlast,NastyPlot,Protect||||||50|,,,,,Ground
|
|t:|1757704236
|teamsize|p1|4
|teamsize|p2|4
|start
|switch|p1a: Niners|Ninetales-Alola, L50, F|100/100
|switch|p1b: Gholdengo|Gholdengo, L50|100/100
|switch|p2a: Ninetales|Ninetales-Alola, L50, F|100/100
|switch|p2b: Gholdengo|Gholdengo, L50|100/100
|-weather|Snowscape|[from] ability: Snow Warning|[of] p1a: Niners
|turn|1
|inactive|Battle timer is ON: inactive players will automatically lose when time's up. (requested by YouSickBastard!!)
|
|t:|1757704342
|move|p1a: Niners|Icy Wind|p2b: Gholdengo|[spread] p2a,p2b
|-resisted|p2a: Ninetales
|-resisted|p2b: Gholdengo
|-damage|p2a: Ninetales|91/100
|-damage|p2b: Gholdengo|92/100
|-unboost|p2a: Ninetales|spe|1
|-unboost|p2b: Gholdengo|spe|1
|move|p1b: Gholdengo|Shadow Ball|p2b: Gholdengo
|-supereffective|p2b: Gholdengo
|-damage|p2b: Gholdengo|13/100
|move|p2a: Ninetales|Aurora Veil|p2a: Ninetales
|-sidestart|p2: Kahizar|move: Aurora Veil
|move|p2b: Gholdengo|Make It Rain|p1a: Niners|[spread] p1a,p1b
|-supereffective|p1a: Niners
|-resisted|p1b: Gholdengo
|-enditem|p1a: Niners|Focus Sash
|-damage|p1a: Niners|1/100
|-damage|p1b: Gholdengo|70/100
|-unboost|p2b: Gholdengo|spa|1
|-damage|p2b: Gholdengo|4/100|[from] item: Life Orb
|
|-weather|Snowscape|[upkeep]
|upkeep
|turn|2
|inactive|Kahizar has 30 seconds left.
|inactive|Kahizar has 20 seconds left.
|
|t:|1757704382
|switch|p2b: Incineroar|Incineroar, L50, M|100/100
|-ability|p2b: Incineroar|Intimidate|boost
|-unboost|p1a: Niners|atk|1
|-unboost|p1b: Gholdengo|atk|1
|-terastallize|p2a: Ninetales|Water
|move|p1a: Niners|Blizzard|p2a: Ninetales|[spread] p2a,p2b
|-resisted|p2a: Ninetales
|-resisted|p2b: Incineroar
|-damage|p2a: Ninetales|79/100
|-damage|p2b: Incineroar|92/100
|move|p1b: Gholdengo|Make It Rain|p2a: Ninetales|[spread] p2a,p2b
|-resisted|p2a: Ninetales
|-resisted|p2b: Incineroar
|-damage|p2a: Ninetales|63/100
|-damage|p2b: Incineroar|78/100
|-unboost|p1b: Gholdengo|spa|1
|move|p2a: Ninetales|Blizzard|p1b: Gholdengo|[spread] p1a,p1b
|-resisted|p1a: Niners
|-resisted|p1b: Gholdengo
|-damage|p1a: Niners|0 fnt
|-damage|p1b: Gholdengo|56/100
|faint|p1a: Niners
|
|-weather|Snowscape|[upkeep]
|upkeep
|
|t:|1757704398
|switch|p1a: Sneasler|Sneasler, L50, M|100/100
|turn|3
|
|t:|1757704413
|switch|p1b: Arcanine|Arcanine-Hisui, L50, M|100/100
|-ability|p1b: Arcanine|Intimidate|boost
|-unboost|p2a: Ninetales|atk|1
|-unboost|p2b: Incineroar|atk|1
|move|p1a: Sneasler|Close Combat|p2b: Incineroar
|-supereffective|p2b: Incineroar
|-damage|p2b: Incineroar|19/100
|-unboost|p1a: Sneasler|def|1
|-unboost|p1a: Sneasler|spd|1
|-enditem|p1a: Sneasler|White Herb
|-clearnegativeboost|p1a: Sneasler|[silent]
|move|p2a: Ninetales|Moonblast|p1a: Sneasler
|-damage|p1a: Sneasler|56/100
|move|p2b: Incineroar|Knock Off|p1b: Arcanine
|-damage|p1b: Arcanine|70/100
|-enditem|p1b: Arcanine|Clear Amulet|[from] move: Knock Off|[of] p2b: Incineroar
|
|-weather|Snowscape|[upkeep]
|upkeep
|turn|4
|inactive|Kahizar has 30 seconds left.
|
|t:|1757704438
|move|p1a: Sneasler|Coaching|p1b: Arcanine
|-boost|p1b: Arcanine|atk|1
|-boost|p1b: Arcanine|def|1
|move|p1b: Arcanine|Rock Slide|p2b: Incineroar|[spread] p2b
|-miss|p1b: Arcanine|p2a: Ninetales
|-supereffective|p2b: Incineroar
|-damage|p2b: Incineroar|0 fnt
|faint|p2b: Incineroar
|move|p2a: Ninetales|Blizzard|p1b: Arcanine|[spread] p1a,p1b
|-resisted|p1b: Arcanine
|-damage|p1a: Sneasler|19/100
|-damage|p1b: Arcanine|51/100
|
|-weather|Snowscape|[upkeep]
|upkeep
|
|t:|1757704451
|switch|p2b: Sneasler|Sneasler, L50, F|100/100
|turn|5
|
|t:|1757704468
|move|p1a: Sneasler|Protect|p1a: Sneasler
|-singleturn|p1a: Sneasler|Protect
|move|p1b: Arcanine|Protect|p1b: Arcanine
|-singleturn|p1b: Arcanine|Protect
|move|p2b: Sneasler|Close Combat|p1b: Arcanine
|-activate|p1b: Arcanine|move: Protect
|move|p2a: Ninetales|Blizzard|p1b: Arcanine|[spread] 
|-activate|p1a: Sneasler|move: Protect
|-activate|p1b: Arcanine|move: Protect
|
|-weather|none
|-sideend|p2: Kahizar|move: Aurora Veil
|upkeep
|turn|6
|inactive|YouSickBastard!! has 30 seconds left.
|inactive|YouSickBastard!! has 20 seconds left.
|
|t:|1757704507
|switch|p1b: Gholdengo|Gholdengo, L50|56/100
|move|p1a: Sneasler|Close Combat|p2a: Ninetales
|-damage|p2a: Ninetales|0 fnt
|-unboost|p1a: Sneasler|def|1
|-unboost|p1a: Sneasler|spd|1
|faint|p2a: Ninetales
|move|p2b: Sneasler|Close Combat|p1b: Gholdengo
|-immune|p1b: Gholdengo
|
|upkeep
|
|t:|1757704517
|switch|p2a: Gholdengo|Gholdengo, L50|4/100
|turn|7
|inactive|Kahizar has 30 seconds left.
|
|t:|1757704543
|move|p2a: Gholdengo|Protect|p2a: Gholdengo
|-singleturn|p2a: Gholdengo|Protect
|move|p1b: Gholdengo|Protect|p1b: Gholdengo
|-singleturn|p1b: Gholdengo|Protect
|move|p1a: Sneasler|Close Combat|p2b: Sneasler
|-resisted|p2b: Sneasler
|-damage|p2b: Sneasler|49/100
|-unboost|p1a: Sneasler|def|1
|-unboost|p1a: Sneasler|spd|1
|move|p2b: Sneasler|Close Combat|p1a: Sneasler
|-resisted|p1a: Sneasler
|-damage|p1a: Sneasler|0 fnt
|-unboost|p2b: Sneasler|def|1
|-unboost|p2b: Sneasler|spd|1
|faint|p1a: Sneasler
|
|upkeep
|
|t:|1757704555
|switch|p1a: Arcanine|Arcanine-Hisui, L50, M|51/100
|-ability|p1a: Arcanine|Intimidate|boost
|-unboost|p2a: Gholdengo|atk|1
|-unboost|p2b: Sneasler|atk|1
|turn|8
|inactive|YouSickBastard!! has 30 seconds left.
|inactive|YouSickBastard!! has 20 seconds left.
|inactive|YouSickBastard!! has 15 seconds left.
|
|t:|1757704596
|-terastallize|p1b: Gholdengo|Water
|move|p2a: Gholdengo|Protect|p2a: Gholdengo
|-singleturn|p2a: Gholdengo|Protect
|move|p1a: Arcanine|Extreme Speed|p2b: Sneasler
|-damage|p2b: Sneasler|0 fnt
|faint|p2b: Sneasler
|move|p1b: Gholdengo|Nasty Plot|p1b: Gholdengo
|-boost|p1b: Gholdengo|spa|2
|
|upkeep
|turn|9
|
|t:|1757704607
|move|p1a: Arcanine|Flare Blitz|p2a: Gholdengo
|-supereffective|p2a: Gholdengo
|-damage|p2a: Gholdengo|0 fnt
|faint|p2a: Gholdengo
|-damage|p1a: Arcanine|50/100|[from] Recoil
|
|win|YouSickBastard!!
||Kahizar is ready for game 2.
||YouSickBastard!! is ready for game 2.
|uhtml|next|Next: Game 2 of 3
