|j|☆MightyMudsdale
|j|☆saboyita
|html|MightyMudsdalesaboyita    
|uhtml|bestof|Game 3 of a best-of-3
|t:|1756343392
|gametype|doubles
|player|p1|MightyMudsdale|nessa-masters|1113
|player|p2|saboyita|grimsley|1137
|gen|9
|tier|[Gen 9] VGC 2025 Reg H (Bo3)
|rated|
|rule|Species Clause: Limit one of each Pokémon
|rule|Item Clause: Limit 1 of each item
|clearpoke
|poke|p1|Kingambit, L50, F|
|poke|p1|Primarina, L50, F|
|poke|p1|Garchomp, L50, F|
|poke|p1|Corviknight, L50, F|
|poke|p1|Whimsicott, L50, M|
|poke|p1|Typhlosion-Hisui, L50, F|
|poke|p2|Amoonguss, L50, F|
|poke|p2|Hydreigon, L50, F|
|poke|p2|Whimsicott, L50, F|
|poke|p2|Maushold-Four, L50|
|poke|p2|Annihilape, L50, F|
|poke|p2|Ursaluna-Bloodmoon, L50, M|
|teampreview|4
|showteam|p1|Kingambit||SafetyGoggles|Defiant|KowtowCleave,SwordsDance,SuckerPunch,Protect|||F|||50|,,,,,Dark]Primarina||ThroatSpray|LiquidVoice|HyperVoice,Moonblast,Haze,Protect|||F|||50|,,,,,Poison]Garchomp||LifeOrb|RoughSkin|Protect,Earthquake,StompingTantrum,RockSlide|||F|||50|,,,,,Steel]Corviknight||RockyHelmet|MirrorArmor|Protect,Tailwind,Roost,BraveBird|||F|||50|,,,,,Dragon]Whimsicott||CovertCloak|Prankster|Moonblast,SunnyDay,Tailwind,Encore|||M|||50|,,,,,Grass]Typhlosion-Hisui||Charcoal|Blaze|Eruption,Protect,Flamethrower,WillOWisp|||F|||50|,,,,,Fire
|showteam|p2|Amoonguss||MentalHerb|Regenerator|ClearSmog,Spore,RagePowder,Protect|||F|||50|,,,,,Water]Hydreigon||ChoiceSpecs|Levitate|Snarl,HeatWave,DarkPulse,DracoMeteor|||F|||50|,,,,,Ghost]Whimsicott||CovertCloak|Prankster|BeatUp,Encore,HelpingHand,Tailwind|||F|||50|,,,,,Dark]Maushold-Four||WideLens|Technician|PopulationBomb,Taunt,FollowMe,Protect||||||50|,,,,,Ghost]Annihilape||Leftovers|Defiant|RageFist,CloseCombat,FinalGambit,Protect|||F|||50|,,,,,Water]Ursaluna-Bloodmoon||LifeOrb|MindsEye|HyperVoice,EarthPower,BloodMoon,Protect|||M|||50|,,,,,Water
|inactive|Battle timer is ON: inactive players will automatically lose when time's up. (requested by saboyita)
|j| player150766
|c|☆MightyMudsdale|gl hf
|
|t:|1756343414
|teamsize|p1|4
|teamsize|p2|4
|start
|switch|p1a: Whimsicott|Whimsicott, L50, M|100/100
|switch|p1b: Nami|Primarina, L50, F|100/100
|switch|p2a: Whimsicott|Whimsicott, L50, F|100/100
|switch|p2b: Annihilape|Annihilape, L50, F|100/100
|turn|1
|c|☆saboyita|You too!
|l| player150766
|inactive|MightyMudsdale has 30 seconds left.
|inactive|MightyMudsdale has 20 seconds left.
|inactive|MightyMudsdale has 15 seconds left.
|
|t:|1756343456
|-terastallize|p2b: Annihilape|Water
|move|p1a: Whimsicott|Tailwind|p1a: Whimsicott
|-sidestart|p1: MightyMudsdale|move: Tailwind
|move|p1b: Nami|Hyper Voice|p2a: Whimsicott|[spread] p2a,p2b
|-resisted|p2a: Whimsicott
|-resisted|p2b: Annihilape
|-damage|p2a: Whimsicott|78/100
|-damage|p2b: Annihilape|85/100
|-enditem|p1b: Nami|Throat Spray
|-boost|p1b: Nami|spa|1|[from] item: Throat Spray
|move|p2a: Whimsicott|Beat Up|p2b: Annihilape
|-damage|p2b: Annihilape|83/100
|-damage|p2b: Annihilape|80/100
|-damage|p2b: Annihilape|77/100
|-damage|p2b: Annihilape|74/100
|-hitcount|p2b: Annihilape|4
|move|p2b: Annihilape|Rage Fist|p1a: Whimsicott
|-damage|p1a: Whimsicott|0 fnt
|faint|p1a: Whimsicott
|
|-heal|p2b: Annihilape|80/100|[from] item: Leftovers
|upkeep
|inactive|MightyMudsdale has 30 seconds left.
|
|t:|1756343489
|switch|p1a: Toiletnator|Kingambit, L50, F|100/100
|turn|2
|
|t:|1756343513
|-terastallize|p1b: Nami|Poison
|move|p2b: Annihilape|Protect|p2b: Annihilape
|-singleturn|p2b: Annihilape|Protect
|move|p2a: Whimsicott|Tailwind|p2a: Whimsicott
|-sidestart|p2: saboyita|move: Tailwind
|move|p1b: Nami|Moonblast|p2b: Annihilape
|-activate|p2b: Annihilape|move: Protect
|move|p1a: Toiletnator|Swords Dance|p1a: Toiletnator
|-boost|p1a: Toiletnator|atk|2
|
|-heal|p2b: Annihilape|86/100|[from] item: Leftovers
|upkeep
|turn|3
|
|t:|1756343534
|switch|p2a: Maushold|Maushold-Four, L50|100/100
|move|p2b: Annihilape|Protect||[still]
|-fail|p2b: Annihilape
|move|p1a: Toiletnator|Sucker Punch||[still]
|-fail|p1a: Toiletnator
|move|p1b: Nami|Moonblast|p2b: Annihilape
|-damage|p2b: Annihilape|21/100
|-unboost|p2b: Annihilape|spa|1
|-ability|p2b: Annihilape|Defiant|boost
|-boost|p2b: Annihilape|atk|2
|
|-heal|p2b: Annihilape|27/100|[from] item: Leftovers
|upkeep
|turn|4
|
|t:|1756343554
|move|p2a: Maushold|Follow Me|p2a: Maushold
|-singleturn|p2a: Maushold|move: Follow Me
|move|p2b: Annihilape|Rage Fist|p1b: Nami
|-damage|p1b: Nami|0 fnt
|faint|p1b: Nami
|move|p1a: Toiletnator|Kowtow Cleave|p2a: Maushold
|-crit|p2a: Maushold
|-damage|p2a: Maushold|0 fnt
|faint|p2a: Maushold
|
|-heal|p2b: Annihilape|33/100|[from] item: Leftovers
|-sideend|p1: MightyMudsdale|move: Tailwind
|upkeep
|
|t:|1756343565
|switch|p2a: Hydreigon|Hydreigon, L50, F|100/100
|switch|p1b: Peeps|Corviknight, L50, F|100/100
|turn|5
|inactive|saboyita has 30 seconds left.
|inactive|saboyita has 20 seconds left.
|inactive|saboyita has 15 seconds left.
|inactive|saboyita has 10 seconds left.
|
|t:|1756343619
|switch|p2b: Whimsicott|Whimsicott, L50, F|78/100
|move|p1a: Toiletnator|Sucker Punch||[still]
|-fail|p1a: Toiletnator
|move|p2a: Hydreigon|Heat Wave|p1a: Toiletnator|[spread] p1a,p1b
|-supereffective|p1a: Toiletnator
|-supereffective|p1b: Peeps
|-damage|p1a: Toiletnator|26/100
|-damage|p1b: Peeps|24/100
|move|p1b: Peeps|Tailwind|p1b: Peeps
|-sidestart|p1: MightyMudsdale|move: Tailwind
|
|-sideend|p2: saboyita|move: Tailwind
|upkeep
|turn|6
|
|t:|1756343637
|move|p2b: Whimsicott|Tailwind|p2b: Whimsicott
|-sidestart|p2: saboyita|move: Tailwind
|move|p1a: Toiletnator|Sucker Punch|p2a: Hydreigon
|-resisted|p2a: Hydreigon
|-damage|p2a: Hydreigon|58/100
|move|p2a: Hydreigon|Heat Wave|p1a: Toiletnator|[spread] p1a
|-miss|p2a: Hydreigon|p1b: Peeps
|-supereffective|p1a: Toiletnator
|-damage|p1a: Toiletnator|0 fnt
|faint|p1a: Toiletnator
|move|p1b: Peeps|Roost|p1b: Peeps
|-heal|p1b: Peeps|75/100
|-singleturn|p1b: Peeps|move: Roost
|
|upkeep
|turn|7
|
|t:|1756343651
|move|p2b: Whimsicott|Encore|p1b: Peeps
|-start|p1b: Peeps|Encore
|move|p2a: Hydreigon|Heat Wave|p1b: Peeps
|-supereffective|p1b: Peeps
|-damage|p1b: Peeps|0 fnt
|faint|p1b: Peeps
|
|win|saboyita
|raw|MightyMudsdale's rating: 1113 → 1090(-23 for losing)
|raw|saboyita's rating: 1137 → 1160(+23 for winning)
