|j|☆TheRainRainRain
|j|☆Sambu17
|html|TheRainRainRainSambu17    
|uhtml|bestof|Game 1 of a best-of-3
|t:|1757080976
|gametype|doubles
|player|p1|TheRainRainRain|sailor|1296
|player|p2|Sambu17|169|1197
|gen|9
|tier|[Gen 9] VGC 2025 Reg H (Bo3)
|rated|
|rule|Species Clause: Limit one of each Pokémon
|rule|Item Clause: Limit 1 of each item
|clearpoke
|poke|p1|Incineroar, L50, F|
|poke|p1|Ursaluna-Bloodmoon, L50, M|
|poke|p1|Gholdengo, L50|
|poke|p1|Rillaboom, L50, M|
|poke|p1|Dragonite, L50, M|
|poke|p1|Sneasler, L50, M|
|poke|p2|Whimsicott, L50, M|
|poke|p2|Gholdengo, L50|
|poke|p2|Ursaluna-Bloodmoon, L50, M|
|poke|p2|Pelipper, L50, F|
|poke|p2|Archaludon, L50, M|
|poke|p2|Basculegion, L50, M|
|teampreview|4
|showteam|p1|Incineroar||SafetyGoggles|Intimidate|FlareBlitz,KnockOff,FakeOut,PartingShot|||F|||50|,,,,,Ghost]Ursaluna-Bloodmoon||Leftovers|MindsEye|BloodMoon,EarthPower,CalmMind,Protect|||M|||50|,,,,,Electric]Gholdengo||LifeOrb|GoodasGold|MakeItRain,ShadowBall,NastyPlot,Protect||||||50|,,,,,Water]Rillaboom||AssaultVest|GrassySurge|FakeOut,GrassyGlide,WoodHammer,HighHorsepower|||M|||50|,,,,,Fire]Dragonite||LoadedDice|Multiscale|Tailwind,ScaleShot,Protect,Haze|||M|||50|,,,,,Fairy]Sneasler||FocusSash|PoisonTouch|CloseCombat,DireClaw,Coaching,FakeOut|||M|||50|,,,,,Ghost
|showteam|p2|Whimsicott||CovertCloak|Prankster|Moonblast,Taunt,FakeTears,Tailwind|||M|||50|,,,,,Steel]Gholdengo||LifeOrb|GoodasGold|MakeItRain,ShadowBall,TeraBlast,Protect||||||50|,,,,,Fighting]Ursaluna-Bloodmoon||AssaultVest|MindsEye|HyperVoice,BloodMoon,EarthPower,VacuumWave|||M|||50|,,,,,Normal]Pelipper||JabocaBerry|Drizzle|WideGuard,Hurricane,MuddyWater,Tailwind|||F|||50|,,,,,Steel]Archaludon||PowerHerb|Sturdy|ElectroShot,DracoMeteor,FlashCannon,Protect|||M|||50|,,,,,Ghost]Basculegion||FocusSash|Adaptability|Liquidation,LastRespects,AquaJet,Protect|||M|||50|,,,,,Ghost
|inactive|Battle timer is ON: inactive players will automatically lose when time's up. (requested by Sambu17)
|
|t:|1757081087
|teamsize|p1|4
|teamsize|p2|4
|start
|switch|p1a: Ursaluna|Ursaluna-Bloodmoon, L50, M|100/100
|switch|p1b: Rillaboom|Rillaboom, L50, M|100/100
|switch|p2a: Whimsicott|Whimsicott, L50, M|100/100
|switch|p2b: Gholdengo|Gholdengo, L50|100/100
|-fieldstart|move: Grassy Terrain|[from] ability: Grassy Surge|[of] p1b: Rillaboom
|turn|1
|inactive|TheRainRainRain has 30 seconds left.
|inactive|Sambu17 has 30 seconds left.
|inactive|TheRainRainRain has 20 seconds left.
|inactive|Sambu17 has 20 seconds left.
|
|t:|1757081126
|-terastallize|p2b: Gholdengo|Fighting
|-terastallize|p1a: Ursaluna|Electric
|move|p2a: Whimsicott|Fake Tears|p1a: Ursaluna
|-unboost|p1a: Ursaluna|spd|2
|move|p2b: Gholdengo|Tera Blast|p1a: Ursaluna|[anim] Tera Blast Fighting
|-damage|p1a: Ursaluna|0 fnt
|faint|p1a: Ursaluna
|-damage|p2b: Gholdengo|91/100|[from] item: Life Orb
|move|p1b: Rillaboom|High Horsepower|p2a: Whimsicott
|-resisted|p2a: Whimsicott
|-damage|p2a: Whimsicott|82/100
|
|-heal|p2a: Whimsicott|88/100|[from] Grassy Terrain
|-heal|p2b: Gholdengo|97/100|[from] Grassy Terrain
|upkeep
|inactive|TheRainRainRain has 30 seconds left.
|
|t:|1757081154
|switch|p1a: Dragonite|Dragonite, L50, M|100/100
|turn|2
|inactive|TheRainRainRain has 30 seconds left.
|inactive|TheRainRainRain has 20 seconds left.
|
|t:|1757081194
|move|p2b: Gholdengo|Protect|p2b: Gholdengo
|-singleturn|p2b: Gholdengo|Protect
|move|p2a: Whimsicott|Taunt|p1a: Dragonite
|-start|p1a: Dragonite|move: Taunt
|move|p1a: Dragonite|Scale Shot|p2b: Gholdengo
|-activate|p2b: Gholdengo|move: Protect
|move|p1b: Rillaboom|Wood Hammer|p2b: Gholdengo
|-activate|p2b: Gholdengo|move: Protect
|
|-heal|p2a: Whimsicott|94/100|[from] Grassy Terrain
|-heal|p2b: Gholdengo|100/100|[from] Grassy Terrain
|upkeep
|turn|3
|inactive|Sambu17 has 30 seconds left.
|inactive|TheRainRainRain has 30 seconds left.
|inactive|Sambu17 has 20 seconds left.
|inactive|TheRainRainRain has 20 seconds left.
|inactive|TheRainRainRain has 15 seconds left.
|inactive|TheRainRainRain has 10 seconds left.
|
|t:|1757081244
|switch|p1a: Gholdengo|Gholdengo, L50|100/100
|move|p2a: Whimsicott|Fake Tears|p1b: Rillaboom
|-unboost|p1b: Rillaboom|spd|2
|move|p2b: Gholdengo|Tera Blast|p1b: Rillaboom|[anim] Tera Blast Fighting
|-damage|p1b: Rillaboom|13/100
|-damage|p2b: Gholdengo|91/100|[from] item: Life Orb
|move|p1b: Rillaboom|Wood Hammer|p2b: Gholdengo
|-damage|p2b: Gholdengo|0 fnt
|faint|p2b: Gholdengo
|-damage|p1b: Rillaboom|0 fnt|[from] Recoil
|faint|p1b: Rillaboom
|
|-heal|p2a: Whimsicott|99/100|[from] Grassy Terrain
|upkeep
|inactive|Sambu17 has 30 seconds left.
|inactive|Sambu17 has 20 seconds left.
|inactive|Sambu17 has 15 seconds left.
|inactive|Sambu17 has 10 seconds left.
|
|t:|1757081293
|switch|p2b: Archaludon|Archaludon, L50, M|100/100
|switch|p1b: Dragonite|Dragonite, L50, M|100/100
|turn|4
|inactive|TheRainRainRain has 30 seconds left.
|inactive|TheRainRainRain has 20 seconds left.
|
|t:|1757081331
|move|p2a: Whimsicott|Moonblast|p1b: Dragonite
|-supereffective|p1b: Dragonite
|-damage|p1b: Dragonite|75/100
|move|p2b: Archaludon|Electro Shot||[still]
|-prepare|p2b: Archaludon|Electro Shot
|-boost|p2b: Archaludon|spa|1
|-enditem|p2b: Archaludon|Power Herb
|-anim|p2b: Archaludon|Electro Shot|p1a: Gholdengo
|-damage|p1a: Gholdengo|25/100
|move|p1a: Gholdengo|Nasty Plot|p1a: Gholdengo
|-boost|p1a: Gholdengo|spa|2
|move|p1b: Dragonite|Tailwind|p1b: Dragonite
|-sidestart|p1: TheRainRainRain|move: Tailwind
|
|-heal|p1a: Gholdengo|31/100|[from] Grassy Terrain
|-heal|p2a: Whimsicott|100/100|[from] Grassy Terrain
|upkeep
|turn|5
|inactive|TheRainRainRain has 30 seconds left.
|inactive|Sambu17 has 30 seconds left.
|
|t:|1757081359
|move|p1a: Gholdengo|Protect|p1a: Gholdengo
|-singleturn|p1a: Gholdengo|Protect
|move|p2a: Whimsicott|Tailwind|p2a: Whimsicott
|-sidestart|p2: Sambu17|move: Tailwind
|move|p2b: Archaludon|Draco Meteor|p1a: Gholdengo
|-activate|p1a: Gholdengo|move: Protect
|move|p1b: Dragonite|Scale Shot|p2b: Archaludon
|-damage|p2b: Archaludon|89/100
|-damage|p2b: Archaludon|77/100
|-damage|p2b: Archaludon|67/100
|-damage|p2b: Archaludon|54/100
|-hitcount|p2b: Archaludon|4
|-unboost|p1b: Dragonite|def|1
|-boost|p1b: Dragonite|spe|1
|
|-heal|p2b: Archaludon|60/100|[from] Grassy Terrain
|-heal|p1a: Gholdengo|37/100|[from] Grassy Terrain
|-fieldend|move: Grassy Terrain
|upkeep
|turn|6
|
|t:|1757081379
|move|p1b: Dragonite|Scale Shot|p2b: Archaludon
|-damage|p2b: Archaludon|48/100
|-damage|p2b: Archaludon|37/100
|-damage|p2b: Archaludon|25/100
|-damage|p2b: Archaludon|14/100
|-hitcount|p2b: Archaludon|4
|-unboost|p1b: Dragonite|def|1
|-boost|p1b: Dragonite|spe|1
|move|p2a: Whimsicott|Moonblast|p1b: Dragonite
|-supereffective|p1b: Dragonite
|-damage|p1b: Dragonite|17/100
|-unboost|p1b: Dragonite|spa|1
|move|p2b: Archaludon|Draco Meteor|p1a: Gholdengo
|-resisted|p1a: Gholdengo
|-damage|p1a: Gholdengo|0 fnt
|-unboost|p2b: Archaludon|spa|2
|faint|p1a: Gholdengo
|
|upkeep
|turn|7
|-message|TheRainRainRain forfeited.
|
|win|Sambu17
||TheRainRainRain is ready for game 2.
||Sambu17 is ready for game 2.
|uhtml|next|Next: Game 2 of 3
