|j|☆Gozante
|j|☆Its Sushiii
|html|GozanteIts Sushiii    
|uhtml|bestof|Game 2 of a best-of-3
|t:|1785187604
|gametype|doubles
|player|p1|Gozante|102|1519
|player|p2|Its Sushiii|266|1433
|gen|9
|tier|[Gen 9 Champions] VGC 2026 Reg M-B (Bo3)
|rated|
|rule|Species Clause: Limit one of each Pokémon
|rule|Item Clause: Limit 1 of each item
|clearpoke
|poke|p1|Whimsicott, L50, F, shiny|
|poke|p1|Garchomp, L50, M|
|poke|p1|Basculegion, L50, M|
|poke|p1|Charizard, L50, F|
|poke|p1|Floette-Eternal, L50, F|
|poke|p1|Kingambit, L50, F|
|poke|p2|Raichu, L50, M|
|poke|p2|Whimsicott, L50, F|
|poke|p2|Incineroar, L50, M|
|poke|p2|Charizard, L50, F|
|poke|p2|Decidueye-Hisui, L50, M|
|poke|p2|Gholdengo, L50|
|teampreview|4
|showteam|p1|Whimsicott||FocusSash|Prankster|Protect,Tailwind,Encore,Moonblast|Timid||F|||50|]Garchomp||SitrusBerry|RoughSkin|Protect,RockSlide,StompingTantrum,DragonClaw|Adamant||M|||50|]Basculegion||LifeOrb|Adaptability|Protect,WaveCrash,LastRespects,AquaJet|Adamant||M|||50|]Charizard||CharizarditeY|Blaze|Protect,HeatWave,WeatherBall,SolarBeam|Modest||F|||50|]Floette-Eternal||Floettite|FlowerVeil|Moonblast,DazzlingGleam,LightofRuin,Protect|Timid||F|||50|]Kingambit||ChopleBerry|Defiant|KowtowCleave,SuckerPunch,IronHead,LowKick|Adamant||F|||50|
|showteam|p2|Raichu||RaichuniteY|Static|ZapCannon,FocusBlast,FakeOut,Protect|Modest||M|||50|]Whimsicott||FocusSash|Prankster|Moonblast,Protect,FakeTears,Tailwind|Timid||F|||50|]Incineroar||SitrusBerry|Intimidate|FlareBlitz,PartingShot,FakeOut,Taunt|Careful||M|||50|]Charizard||CharizarditeY|Blaze|HeatWave,SolarBeam,ScorchingSands,Protect|Modest||F|||50|]Decidueye-Hisui||ScopeLens|Scrappy|TripleArrows,LeafBlade,Haze,Protect|Adamant||M|||50|]Gholdengo||LifeOrb|GoodasGold|MakeItRain,ShadowBall,NastyPlot,Protect|Modest|||||50|
|inactive|Battle timer is ON: inactive players will automatically lose when time's up. (requested by Gozante)
|
|t:|1785187648
|teamsize|p1|4
|teamsize|p2|4
|start
|switch|p1a: Whimsicott|Whimsicott, L50, F, shiny|100/100
|switch|p1b: Garchomp|Garchomp, L50, M|100/100
|switch|p2a: Whimsicott|Whimsicott, L50, F|100/100
|switch|p2b: Raichu|Raichu, L50, M|100/100
|turn|1
|inactive|Gozante has 30 seconds left.
|inactive|Its Sushiii has 30 seconds left.
|inactive|Gozante has 20 seconds left.
|inactive|Gozante has 15 seconds left.
|inactive|Its Sushiii has 20 seconds left.
|inactive|Gozante has 10 seconds left.
|inactive|Its Sushiii has 15 seconds left.
|
|t:|1785187695
|detailschange|p2b: Raichu|Raichu-Mega-Y, L50, M
|-mega|p2b: Raichu|Raichu|Raichunite Y
|move|p2b: Raichu|Fake Out|p1b: Garchomp
|-damage|p1b: Garchomp|93/100
|-damage|p2b: Raichu|88/100|[from] ability: Rough Skin|[of] p1b: Garchomp
|move|p2a: Whimsicott|Tailwind|p2a: Whimsicott
|-sidestart|p2: Its Sushiii|move: Tailwind
|move|p1a: Whimsicott|Moonblast|p2a: Whimsicott
|-damage|p2a: Whimsicott|40/100
|cant|p1b: Garchomp|flinch
|
|upkeep
|turn|2
|inactive|Its Sushiii has 30 seconds left.
|
|t:|1785187721
|switch|p2a: Incineroar|Incineroar, L50, M|100/100
|-ability|p2a: Incineroar|Intimidate|boost
|-unboost|p1a: Whimsicott|atk|1
|-unboost|p1b: Garchomp|atk|1
|switch|p1b: Charizard|Charizard, L50, F|100/100
|move|p2b: Raichu|Protect|p2b: Raichu
|-singleturn|p2b: Raichu|Protect
|move|p1a: Whimsicott|Encore|p2b: Raichu
|-activate|p2b: Raichu|move: Protect
|
|upkeep
|turn|3
|
|t:|1785187744
|switch|p1b: Garchomp|Garchomp, L50, M|93/100
|move|p2a: Incineroar|Fake Out|p1a: Whimsicott
|-damage|p1a: Whimsicott|84/100
|cant|p1a: Whimsicott|flinch
|move|p2b: Raichu|Zap Cannon|p1b: Garchomp
|-immune|p1b: Garchomp
|
|upkeep
|turn|4
|
|t:|1785187769
|switch|p2a: Whimsicott|Whimsicott, L50, F|40/100
|move|p2b: Raichu|Protect|p2b: Raichu
|-singleturn|p2b: Raichu|Protect
|move|p1a: Whimsicott|Tailwind|p1a: Whimsicott
|-sidestart|p1: Gozante|move: Tailwind
|move|p1b: Garchomp|Rock Slide|p2a: Whimsicott|[spread] p2a
|-activate|p2b: Raichu|move: Protect
|-damage|p2a: Whimsicott|11/100
|
|-sideend|p2: Its Sushiii|move: Tailwind
|upkeep
|turn|5
|
|t:|1785187785
|switch|p2b: Incineroar|Incineroar, L50, M|100/100
|-ability|p2b: Incineroar|Intimidate|boost
|-unboost|p1a: Whimsicott|atk|1
|-unboost|p1b: Garchomp|atk|1
|move|p2a: Whimsicott|Tailwind|p2a: Whimsicott
|-sidestart|p2: Its Sushiii|move: Tailwind
|move|p1a: Whimsicott|Moonblast|p2a: Whimsicott
|-damage|p2a: Whimsicott|0 fnt
|faint|p2a: Whimsicott
|move|p1b: Garchomp|Stomping Tantrum|p2b: Incineroar
|-supereffective|p2b: Incineroar|1
|-damage|p2b: Incineroar|48/100
|-enditem|p2b: Incineroar|Sitrus Berry|[eat]
|-heal|p2b: Incineroar|73/100|[from] item: Sitrus Berry
|
|upkeep
|
|t:|1785187802
|switch|p2a: Gholdengo|Gholdengo, L50|100/100
|turn|6
|
|t:|1785187826
|switch|p1a: Charizard|Charizard, L50, F|100/100
|move|p2b: Incineroar|Fake Out|p1b: Garchomp
|-damage|p1b: Garchomp|84/100
|-damage|p2b: Incineroar|60/100|[from] ability: Rough Skin|[of] p1b: Garchomp
|cant|p1b: Garchomp|flinch
|move|p2a: Gholdengo|Make It Rain|p1b: Garchomp|[spread] p1a,p1b
|-resisted|p1a: Charizard|1
|-damage|p1a: Charizard|61/100
|-damage|p1b: Garchomp|16/100
|-unboost|p2a: Gholdengo|spa|2
|-enditem|p1b: Garchomp|Sitrus Berry|[eat]
|-heal|p1b: Garchomp|41/100|[from] item: Sitrus Berry
|-damage|p2a: Gholdengo|90/100|[from] item: Life Orb
|
|upkeep
|turn|7
|inactive|Its Sushiii has 30 seconds left.
|inactive|Its Sushiii has 20 seconds left.
|
|t:|1785187863
|detailschange|p1a: Charizard|Charizard-Mega-Y, L50, F
|-mega|p1a: Charizard|Charizard|Charizardite Y
|-weather|SunnyDay|[from] ability: Drought|[of] p1a: Charizard
|move|p2a: Gholdengo|Protect|p2a: Gholdengo
|-singleturn|p2a: Gholdengo|Protect
|move|p1b: Garchomp|Stomping Tantrum|p2b: Incineroar
|-supereffective|p2b: Incineroar|1
|-crit|p2b: Incineroar
|-damage|p2b: Incineroar|0 fnt
|faint|p2b: Incineroar
|move|p1a: Charizard|Heat Wave|p2a: Gholdengo
|-activate|p2a: Gholdengo|move: Protect
|
|-weather|SunnyDay|[upkeep]
|-sideend|p1: Gozante|move: Tailwind
|upkeep
|
|t:|1785187875
|switch|p2b: Raichu|Raichu-Mega-Y, L50, M|88/100
|turn|8
|
|t:|1785187894
|move|p2b: Raichu|Focus Blast|p1b: Garchomp
|-damage|p1b: Garchomp|0 fnt
|faint|p1b: Garchomp
|move|p2a: Gholdengo|Nasty Plot|p2a: Gholdengo
|-boost|p2a: Gholdengo|spa|2
|move|p1a: Charizard|Heat Wave|p2b: Raichu|[spread] p2a,p2b
|-supereffective|p2a: Gholdengo|1
|-damage|p2a: Gholdengo|0 fnt
|-damage|p2b: Raichu|0 fnt
|faint|p2a: Gholdengo
|faint|p2b: Raichu
|
|win|Gozante
|raw|Gozante's rating: 1519 → 1534(+15 for winning)
|raw|Its Sushiii's rating: 1433 → 1418(-15 for losing)
|l|☆Gozante
|player|p1|
