|j|☆SleepySilver07
|j|☆cynthia's grippers
|html|SleepySilver07cynthia's grippers    
|uhtml|bestof|Game 2 of a best-of-3
|t:|1783024100
|gametype|doubles
|player|p1|SleepySilver07|101|1151
|player|p2|cynthia's grippers|cynthia|1183
|gen|9
|tier|[Gen 9 Champions] VGC 2026 Reg M-B (Bo3)
|rated|
|rule|Species Clause: Limit one of each Pokémon
|rule|Item Clause: Limit 1 of each item
|clearpoke
|poke|p1|Delphox, L50, F|
|poke|p1|Grimmsnarl, L50, M|
|poke|p1|Sinistcha, L50|
|poke|p1|Dragonite, L50, M|
|poke|p1|Gholdengo, L50|
|poke|p1|Conkeldurr, L50, F|
|poke|p2|Klefki, L50, F|
|poke|p2|Overqwil, L50, M|
|poke|p2|Meowstic, L50, M|
|poke|p2|Sneasler, L50, F|
|poke|p2|Delphox, L50, F|
|poke|p2|Sableye, L50, F|
|teampreview|4
|showteam|p1|Delphox||Delphoxite|Blaze|HeatWave,Psyshock,WillOWisp,Protect|Timid||F|||50|]Grimmsnarl||LightClay|Prankster|SpiritBreak,PartingShot,Reflect,LightScreen|Careful||M|||50|]Sinistcha||FocusSash|Hospitality|MatchaGotcha,ShadowBall,RagePowder,TrickRoom|Modest|||||50|]Dragonite||Dragoninite|Multiscale|DragonPulse,Thunderbolt,Tailwind,Protect|Timid||M|||50|]Gholdengo||ChoiceScarf|GoodasGold|MakeItRain,ShadowBall,PowerGem,Trick|Modest|||||50|]Conkeldurr||SitrusBerry|IronFist|DrainPunch,IcePunch,MachPunch,WideGuard|Adamant||F|||50|
|showteam|p2|Klefki||SitrusBerry|Prankster|DrainingKiss,CalmMind,Substitute,PsychUp|Bold||F|||50|]Overqwil||Leftovers|Intimidate|BarbBarrage,Stockpile,Minimize,Protect|Impish||M|||50|]Meowstic||BrightPowder|Prankster|Yawn,SkillSwap,SunnyDay,FakeOut|Bold||M|||50|]Sneasler||FocusSash|PoisonTouch|PoisonJab,CloseCombat,QuickGuard,FakeOut|Jolly||F|||50|]Delphox||Delphoxite|Blaze|HeatWave,StoredPower,PsychUp,Protect|Timid||F|||50|]Sableye||Sablenite|Prankster|FoulPlay,DarkPulse,PainSplit,PsychUp|Sassy||F|||50|
|
|t:|1783024155
|teamsize|p1|4
|teamsize|p2|4
|start
|switch|p1a: Gholdengo|Gholdengo, L50|100/100
|switch|p1b: Delphox|Delphox, L50, F|100/100
|switch|p2a: Overqwil|Overqwil, L50, M|100/100
|switch|p2b: Meowstic|Meowstic, L50, M|100/100
|-ability|p2a: Overqwil|Intimidate|boost
|-unboost|p1a: Gholdengo|atk|1
|-unboost|p1b: Delphox|atk|1
|turn|1
|
|t:|1783024175
|detailschange|p1b: Delphox|Delphox-Mega, L50, F
|-mega|p1b: Delphox|Delphox|Delphoxite
|move|p2b: Meowstic|Skill Swap|p2a: Overqwil
|-activate|p2b: Meowstic|Skill Swap|||[of] p2a: Overqwil
|-ability|p2b: Meowstic|Intimidate|boost
|-unboost|p1a: Gholdengo|atk|1
|-unboost|p1b: Delphox|atk|1
|move|p2a: Overqwil|Minimize|p2a: Overqwil
|-boost|p2a: Overqwil|evasion|2
|move|p1a: Gholdengo|Make It Rain|p2a: Overqwil|[spread] p2b
|-miss|p1a: Gholdengo|p2a: Overqwil
|-damage|p2b: Meowstic|44/100
|-unboost|p1a: Gholdengo|spa|2
|move|p1b: Delphox|Heat Wave|p2a: Overqwil|[spread] p2a,p2b
|-crit|p2a: Overqwil
|-damage|p2a: Overqwil|26/100
|-damage|p2b: Meowstic|0 fnt
|faint|p2b: Meowstic
|
|-heal|p2a: Overqwil|32/100|[from] item: Leftovers
|upkeep
|
|t:|1783024189
|switch|p2b: Sableye|Sableye, L50, F|100/100
|turn|2
|
|t:|1783024200
|switch|p1a: Dragonite|Dragonite, L50, M|100/100
|detailschange|p2b: Sableye|Sableye-Mega, L50, F
|-mega|p2b: Sableye|Sableye|Sablenite
|move|p2a: Overqwil|Stockpile|p2a: Overqwil
|-start|p2a: Overqwil|stockpile1
|-boost|p2a: Overqwil|def|1
|-boost|p2a: Overqwil|spd|1
|move|p1b: Delphox|Heat Wave|p2a: Overqwil|[spread] p2a,p2b
|-damage|p2a: Overqwil|1/100
|-damage|p2b: Sableye|66/100
|-status|p2a: Overqwil|brn
|move|p2b: Sableye|Psych Up|p2a: Overqwil
|-copyboost|p2b: Sableye|p2a: Overqwil|[from] move: Psych Up
|
|-heal|p2a: Overqwil|7/100 brn|[from] item: Leftovers
|-damage|p2a: Overqwil|1/100 brn|[from] brn
|upkeep
|turn|3
|
|t:|1783024228
|move|p2a: Overqwil|Minimize|p2a: Overqwil
|-boost|p2a: Overqwil|evasion|2
|move|p1b: Delphox|Heat Wave|p2b: Sableye|[spread] p2a
|-miss|p1b: Delphox|p2b: Sableye
|-damage|p2a: Overqwil|0 fnt
|faint|p2a: Overqwil
|move|p1a: Dragonite|Dragon Pulse|p2b: Sableye
|-damage|p2b: Sableye|47/100
|move|p2b: Sableye|Dark Pulse|p1b: Delphox
|-supereffective|p1b: Delphox|1
|-damage|p1b: Delphox|50/100g
|
|upkeep
|
|t:|1783024237
|switch|p2a: Klefki|Klefki, L50, F|100/100
|turn|4
|
|t:|1783024246
|switch|p1a: Sinistcha|Sinistcha, L50|100/100
|-heal|p1b: Delphox|75/100|[from] ability: Hospitality|[of] p1a: Sinistcha
|move|p2a: Klefki|Psych Up|p2b: Sableye
|-copyboost|p2a: Klefki|p2b: Sableye|[from] move: Psych Up
|move|p1b: Delphox|Heat Wave|p2a: Klefki|[spread] 
|-miss|p1b: Delphox|p2a: Klefki
|-miss|p1b: Delphox|p2b: Sableye
|move|p2b: Sableye|Dark Pulse|p1b: Delphox
|-supereffective|p1b: Delphox|1
|-damage|p1b: Delphox|30/100
|
|upkeep
|turn|5
|
|t:|1783024266
|move|p2a: Klefki|Calm Mind|p2a: Klefki
|-boost|p2a: Klefki|spa|1
|-boost|p2a: Klefki|spd|1
|move|p1b: Delphox|Heat Wave|p2a: Klefki|[spread] p2b
|-miss|p1b: Delphox|p2a: Klefki
|-damage|p2b: Sableye|26/100
|move|p1a: Sinistcha|Shadow Ball|p2b: Sableye|[miss]
|-miss|p1a: Sinistcha|p2b: Sableye
|move|p2b: Sableye|Psych Up|p2a: Klefki
|-copyboost|p2b: Sableye|p2a: Klefki|[from] move: Psych Up
|
|upkeep
|turn|6
|
|t:|1783024295
|switch|p1b: Gholdengo|Gholdengo, L50|100/100
|move|p2a: Klefki|Calm Mind|p2a: Klefki
|-boost|p2a: Klefki|spa|1
|-boost|p2a: Klefki|spd|1
|move|p1a: Sinistcha|Shadow Ball|p2b: Sableye
|-damage|p2b: Sableye|9/100
|-unboost|p2b: Sableye|spd|1
|move|p2b: Sableye|Dark Pulse|p1b: Gholdengo
|-supereffective|p1b: Gholdengo|1
|-damage|p1b: Gholdengo|21/100
|
|upkeep
|turn|7
|
|t:|1783024331
|move|p2a: Klefki|Substitute|p2a: Klefki
|-start|p2a: Klefki|Substitute
|-damage|p2a: Klefki|75/100
|move|p1b: Gholdengo|Trick||[still]
|-fail|p1b: Gholdengo
|move|p1a: Sinistcha|Shadow Ball|p2b: Sableye
|-damage|p2b: Sableye|0 fnt
|faint|p2b: Sableye
|
|upkeep
|turn|8
|
|t:|1783024351
|switch|p1b: Dragonite|Dragonite, L50, M|100/100
|move|p2a: Klefki|Calm Mind|p2a: Klefki
|-boost|p2a: Klefki|spa|1
|-boost|p2a: Klefki|spd|1
|move|p1a: Sinistcha|Shadow Ball|p2a: Klefki|[miss]
|-miss|p1a: Sinistcha|p2a: Klefki
|
|upkeep
|turn|9
|
|t:|1783024365
|switch|p1a: Gholdengo|Gholdengo, L50|21/100
|move|p2a: Klefki|Calm Mind|p2a: Klefki
|-boost|p2a: Klefki|spa|1
|-boost|p2a: Klefki|spd|1
|move|p1b: Dragonite|Thunderbolt|p2a: Klefki
|-activate|p2a: Klefki|move: Substitute|[damage]
|
|upkeep
|turn|10
|
|t:|1783024375
|switch|p1b: Sinistcha|Sinistcha, L50|100/100
|-heal|p1a: Gholdengo|46/100|[from] ability: Hospitality|[of] p1b: Sinistcha
|move|p1a: Gholdengo|Shadow Ball|p2a: Klefki
|-activate|p2a: Klefki|move: Substitute|[damage]
|move|p2a: Klefki|Draining Kiss|p1a: Gholdengo
|-resisted|p1a: Gholdengo|1
|-damage|p1a: Gholdengo|19/100
|-heal|p2a: Klefki|95/100|[from] drain|[of] p1a: Gholdengo
|
|upkeep
|turn|11
|j| Combustandy
|
|t:|1783024386
|switch|p1b: Dragonite|Dragonite, L50, M|100/100
|move|p1a: Gholdengo|Shadow Ball|p2a: Klefki|[miss]
|-miss|p1a: Gholdengo|p2a: Klefki
|move|p2a: Klefki|Draining Kiss|p1a: Gholdengo
|-resisted|p1a: Gholdengo|1
|-damage|p1a: Gholdengo|0 fnt
|-heal|p2a: Klefki|100/100|[from] drain|[of] p1a: Gholdengo
|faint|p1a: Gholdengo
|
|upkeep
|
|t:|1783024391
|switch|p1a: Delphox|Delphox-Mega, L50, F|30/100
|turn|12
|l| Combustandy
|
|t:|1783024396
|switch|p1b: Sinistcha|Sinistcha, L50|100/100
|-heal|p1a: Delphox|54/100|[from] ability: Hospitality|[of] p1b: Sinistcha
|move|p1a: Delphox|Heat Wave|p2a: Klefki|[miss]
|-miss|p1a: Delphox|p2a: Klefki
|move|p2a: Klefki|Draining Kiss|p1a: Delphox
|-resisted|p1a: Delphox|1
|-damage|p1a: Delphox|34/100
|
|upkeep
|turn|13
|j| Combustandy
|
|t:|1783024404
|switch|p1b: Dragonite|Dragonite, L50, M|100/100
|move|p2a: Klefki|Calm Mind|p2a: Klefki
|-boost|p2a: Klefki|spa|1
|-boost|p2a: Klefki|spd|1
|move|p1a: Delphox|Heat Wave|p2a: Klefki|[miss]
|-miss|p1a: Delphox|p2a: Klefki
|
|upkeep
|turn|14
|l| Combustandy
|
|t:|1783024412
|switch|p1b: Sinistcha|Sinistcha, L50|100/100
|-heal|p1a: Delphox|58/100|[from] ability: Hospitality|[of] p1b: Sinistcha
|move|p1a: Delphox|Protect|p1a: Delphox
|-singleturn|p1a: Delphox|Protect
|move|p2a: Klefki|Draining Kiss|p1a: Delphox
|-activate|p1a: Delphox|move: Protect
|
|upkeep
|turn|15
|
|t:|1783024416
|switch|p1b: Dragonite|Dragonite, L50, M|100/100
|move|p2a: Klefki|Calm Mind|p2a: Klefki
|-boost|p2a: Klefki|spa|1
|-boost|p2a: Klefki|spd|0
|move|p1a: Delphox|Heat Wave|p2a: Klefki
|-supereffective|p2a: Klefki|1
|-end|p2a: Klefki|Substitute
|
|upkeep
|turn|16
|
|t:|1783024427
|switch|p1b: Sinistcha|Sinistcha, L50|100/100
|-heal|p1a: Delphox|83/100|[from] ability: Hospitality|[of] p1b: Sinistcha
|move|p2a: Klefki|Substitute|p2a: Klefki
|-start|p2a: Klefki|Substitute
|-damage|p2a: Klefki|75/100
|move|p1a: Delphox|Heat Wave|p2a: Klefki|[miss]
|-miss|p1a: Delphox|p2a: Klefki
|
|upkeep
|turn|17
|
|t:|1783024436
|move|p1a: Delphox|Psyshock|p2a: Klefki
|-resisted|p2a: Klefki|1
|-activate|p2a: Klefki|move: Substitute|[damage]
|move|p1b: Sinistcha|Shadow Ball|p2a: Klefki|[miss]
|-miss|p1b: Sinistcha|p2a: Klefki
|move|p2a: Klefki|Draining Kiss|p1b: Sinistcha
|-damage|p1b: Sinistcha|33/100
|-heal|p2a: Klefki|100/100|[from] drain|[of] p1b: Sinistcha
|
|upkeep
|turn|18
|-message|SleepySilver07 forfeited.
|
|win|cynthia's grippers
|raw|SleepySilver07's rating: 1151 → 1128(-23 for losing)
|raw|cynthia's grippers's rating: 1183 → 1206(+23 for winning)
|l|☆SleepySilver07
|player|p1|
|c|☆cynthia's grippers|ggs
|j|☆SleepySilver07
|player|p1|SleepySilver07|101|
