|j|☆Leif Abdala
|j|☆TheLeoj
|html|Leif AbdalaTheLeoj    
|uhtml|bestof|Game 2 of a best-of-3
|t:|1783914751
|gametype|doubles
|player|p1|Leif Abdala|169|1141
|player|p2|TheLeoj|265|1115
|gen|9
|tier|[Gen 9 Champions] VGC 2026 Reg M-B (Bo3)
|rated|
|rule|Species Clause: Limit one of each Pokémon
|rule|Item Clause: Limit 1 of each item
|clearpoke
|poke|p1|Charizard, L50, M, shiny|
|poke|p1|Whimsicott, L50, F|
|poke|p1|Incineroar, L50, F|
|poke|p1|Venusaur, L50, M|
|poke|p1|Garchomp, L50, F|
|poke|p1|Staraptor, L50, F|
|poke|p2|Politoed, L50, F, shiny|
|poke|p2|Incineroar, L50, F, shiny|
|poke|p2|Gengar, L50, M, shiny|
|poke|p2|Archaludon, L50, M, shiny|
|poke|p2|Swampert, L50, M, shiny|
|poke|p2|Vivillon-Elegant, L50, F, shiny|
|teampreview|4
|showteam|p1|Charizard||CharizarditeY|Blaze|WeatherBall,HeatWave,Protect,SolarBeam|Serious||M|||50|]Whimsicott||FocusSash|Prankster|Tailwind,DazzlingGleam,FakeTears,Charm|Rash||F|||50|]Incineroar||SitrusBerry|Intimidate|DarkestLariat,FakeOut,FlareBlitz,PartingShot|Adamant||F|||50|]Venusaur||LifeOrb|Chlorophyll|SludgeBomb,GigaDrain,SleepPowder,Protect|Modest||M|||50|]Garchomp||ChoiceScarf|RoughSkin|Earthquake,RockSlide,DracoMeteor,StompingTantrum|Serious||F|||50|]Staraptor||Staraptite|Intimidate|BraveBird,CloseCombat,Protect,Roost|Adamant||F|||50|
|showteam|p2|Politoed||SitrusBerry|Drizzle|WeatherBall,Encore,PerishSong,Protect|Calm||F|||50|]Incineroar||PasshoBerry|Intimidate|ThroatChop,FakeOut,PartingShot,Protect|Sassy||F|||50|]Gengar||Gengarite|CursedBody|ShadowBall,SludgeBomb,PerishSong,Protect|Timid||M|||50|]Archaludon||Leftovers|Stamina|ElectroShot,FlashCannon,DragonPulse,Protect|Bold||M|||50|]Swampert||Swampertite|Torrent|WaveCrash,Earthquake,IcePunch,Protect|Adamant||M|||50|]Vivillon-Elegant||FocusSash|CompoundEyes|Hurricane,SleepPowder,RagePowder,Protect|Timid||F|||50|
|inactive|Battle timer is ON: inactive players will automatically lose when time's up. (requested by TheLeoj)
|
|t:|1783914777
|teamsize|p1|4
|teamsize|p2|4
|start
|switch|p1a: Staraptor|Staraptor, L50, F|100/100
|switch|p1b: Whimsicott|Whimsicott, L50, F|100/100
|switch|p2a: Gengar|Gengar, L50, M, shiny|100/100
|switch|p2b: Vivillon|Vivillon-Elegant, L50, F, shiny|100/100
|-ability|p1a: Staraptor|Intimidate|boost
|-unboost|p2a: Gengar|atk|1
|-unboost|p2b: Vivillon|atk|1
|turn|1
|inactive|Leif Abdala has 30 seconds left.
|inactive|TheLeoj has 30 seconds left.
|
|t:|1783914805
|detailschange|p2a: Gengar|Gengar-Mega, L50, M, shiny
|-mega|p2a: Gengar|Gengar|Gengarite
|detailschange|p1a: Staraptor|Staraptor-Mega, L50, F
|-mega|p1a: Staraptor|Staraptor|Staraptite
|move|p1b: Whimsicott|Tailwind|p1b: Whimsicott
|-sidestart|p1: Leif Abdala|move: Tailwind
|move|p1a: Staraptor|Brave Bird|p2a: Gengar
|-damage|p2a: Gengar|0 fnt
|faint|p2a: Gengar
|-damage|p1a: Staraptor|76/100|[from] Recoil
|move|p2b: Vivillon|Sleep Powder|p1b: Whimsicott
|-immune|p1b: Whimsicott
|
|upkeep
|
|t:|1783914824
|switch|p2a: Politoed|Politoed, L50, F, shiny|100/100
|-weather|RainDance|[from] ability: Drizzle|[of] p2a: Politoed
|turn|2
|
|t:|1783914837
|move|p1b: Whimsicott|Charm|p1a: Staraptor
|-boost|p1a: Staraptor|atk|2
|move|p1a: Staraptor|Close Combat|p2a: Politoed
|-damage|p2a: Politoed|0 fnt
|-boost|p1a: Staraptor|def|1
|-boost|p1a: Staraptor|spd|1
|faint|p2a: Politoed
|move|p2b: Vivillon|Sleep Powder|p1a: Staraptor
|-status|p1a: Staraptor|slp|[from] move: Sleep Powder
|
|-weather|RainDance|[upkeep]
|upkeep
|
|t:|1783914848
|switch|p2a: Archaludon|Archaludon, L50, M, shiny|100/100
|turn|3
|
|t:|1783914872
|switch|p1a: Garchomp|Garchomp, L50, F|100/100
|move|p1b: Whimsicott|Fake Tears|p2a: Archaludon
|-unboost|p2a: Archaludon|spd|2
|move|p2b: Vivillon|Sleep Powder|p1a: Garchomp
|-status|p1a: Garchomp|slp|[from] move: Sleep Powder
|move|p2a: Archaludon|Flash Cannon|p1b: Whimsicott
|-supereffective|p1b: Whimsicott|1
|-enditem|p1b: Whimsicott|Focus Sash
|-damage|p1b: Whimsicott|1/100
|
|-weather|RainDance|[upkeep]
|upkeep
|turn|4
|inactive|Leif Abdala has 30 seconds left.
|
|t:|1783914900
|cant|p1a: Garchomp|slp
|move|p1b: Whimsicott|Dazzling Gleam|p2b: Vivillon|[spread] p2a,p2b
|-crit|p2b: Vivillon
|-damage|p2a: Archaludon|55/100
|-damage|p2b: Vivillon|28/100
|-ability|p2a: Archaludon|Stamina|boost
|-boost|p2a: Archaludon|def|1
|move|p2b: Vivillon|Hurricane|p1b: Whimsicott
|-supereffective|p1b: Whimsicott|1
|-damage|p1b: Whimsicott|0 fnt
|faint|p1b: Whimsicott
|move|p2a: Archaludon|Dragon Pulse|p1a: Garchomp
|-supereffective|p1a: Garchomp|1
|-damage|p1a: Garchomp|18/100 slp
|
|-weather|RainDance|[upkeep]
|-heal|p2a: Archaludon|61/100|[from] item: Leftovers
|-sideend|p1: Leif Abdala|move: Tailwind
|upkeep
|
|t:|1783914914
|switch|p1b: Charizard|Charizard, L50, M, shiny|100/100
|turn|5
|
|t:|1783914932
|move|p2b: Vivillon|Protect|p2b: Vivillon
|-singleturn|p2b: Vivillon|Protect
|cant|p1a: Garchomp|slp
|move|p1b: Charizard|Heat Wave|p2a: Archaludon|[spread] p2a
|-activate|p2b: Vivillon|move: Protect
|-damage|p2a: Archaludon|29/100
|-ability|p2a: Archaludon|Stamina|boost
|-boost|p2a: Archaludon|def|1
|move|p2a: Archaludon|Electro Shot||[still]
|-prepare|p2a: Archaludon|Electro Shot
|-boost|p2a: Archaludon|spa|1
|-anim|p2a: Archaludon|Electro Shot|p1b: Charizard
|-supereffective|p1b: Charizard|1
|-damage|p1b: Charizard|0 fnt
|faint|p1b: Charizard
|
|-weather|RainDance|[upkeep]
|-heal|p2a: Archaludon|36/100|[from] item: Leftovers
|upkeep
|
|t:|1783914948
|switch|p1b: Staraptor|Staraptor-Mega, L50, F|76/100 slp
|turn|6
|
|t:|1783914965
|-curestatus|p1a: Garchomp|slp|[msg]
|move|p1a: Garchomp|Rock Slide|p2a: Archaludon|[spread] p2a,p2b
|-resisted|p2a: Archaludon|1
|-supereffective|p2b: Vivillon|2
|-damage|p2a: Archaludon|32/100
|-damage|p2b: Vivillon|0 fnt
|-ability|p2a: Archaludon|Stamina|boost
|-boost|p2a: Archaludon|def|1
|faint|p2b: Vivillon
|cant|p1b: Staraptor|slp
|move|p2a: Archaludon|Dragon Pulse|p1a: Garchomp
|-supereffective|p1a: Garchomp|1
|-damage|p1a: Garchomp|0 fnt
|faint|p1a: Garchomp
|
|-weather|none
|-heal|p2a: Archaludon|38/100|[from] item: Leftovers
|upkeep
|turn|7
|
|t:|1783914983
|cant|p1b: Staraptor|slp
|move|p2a: Archaludon|Dragon Pulse|p1b: Staraptor
|-damage|p1b: Staraptor|20/100y slp
|
|-heal|p2a: Archaludon|44/100|[from] item: Leftovers
|upkeep
|turn|8
|
|t:|1783914990
|-curestatus|p1b: Staraptor|slp|[msg]
|move|p1b: Staraptor|Close Combat|p2a: Archaludon
|-supereffective|p2a: Archaludon|1
|-damage|p2a: Archaludon|8/100
|-boost|p1b: Staraptor|def|1
|-boost|p1b: Staraptor|spd|1
|-ability|p2a: Archaludon|Stamina|boost
|-boost|p2a: Archaludon|def|1
|move|p2a: Archaludon|Dragon Pulse|p1b: Staraptor
|-damage|p1b: Staraptor|0 fnt
|faint|p1b: Staraptor
|
|win|TheLeoj
|raw|Leif Abdala's rating: 1141 → 1114(-27 for losing)
|raw|TheLeoj's rating: 1115 → 1142(+27 for winning)
