|j|☆VenuDaAsco
|j|☆Aeon_Twins
|html|VenuDaAscoAeon_Twins    
|uhtml|bestof|Game 1 of a best-of-3
|t:|1782419850
|gametype|doubles
|player|p1|VenuDaAsco|169|1325
|player|p2|Aeon_Twins|n|1290
|gen|9
|tier|[Gen 9 Champions] VGC 2026 Reg M-B (Bo3)
|rated|
|rule|Species Clause: Limit one of each Pokémon
|rule|Item Clause: Limit 1 of each item
|clearpoke
|poke|p1|Garchomp, L50, M, shiny|
|poke|p1|Charizard, L50, M, shiny|
|poke|p1|Whimsicott, L50, M, shiny|
|poke|p1|Farigiraf, L50, M, shiny|
|poke|p1|Basculegion, L50, M, shiny|
|poke|p1|Sylveon, L50, M, shiny|
|poke|p2|Raichu, L50, M|
|poke|p2|Mawile, L50, M|
|poke|p2|Sinistcha, L50|
|poke|p2|Ceruledge, L50, M|
|poke|p2|Milotic, L50, M|
|poke|p2|Incineroar, L50, F|
|teampreview|4
|showteam|p1|Garchomp||LifeOrb|RoughSkin|Earthquake,DragonClaw,RockSlide,Protect|Jolly||M|||50|]Charizard||CharizarditeY|SolarPower|HeatWave,WeatherBall,SolarBeam,Protect|Modest||M|||50|]Whimsicott||CobaBerry|Prankster|Moonblast,Tailwind,Encore,Protect|Timid||M|||50|]Farigiraf||SitrusBerry|ArmorTail|TwinBeam,FoulPlay,HelpingHand,TrickRoom|Bold||M|||50|]Basculegion||MysticWater|Adaptability|WaveCrash,LastRespects,AquaJet,Protect|Adamant||M|||50|]Sylveon||FairyFeather|Pixilate|HyperVoice,HyperBeam,QuickAttack,Detect|Modest||M|||50|
|showteam|p2|Raichu||RaichuniteY|LightningRod|ZapCannon,FocusBlast,FakeOut,Protect|Timid||M|||50|]Mawile||Mawilite|HyperCutter|PlayRough,SuckerPunch,SwordsDance,Protect|Adamant||M|||50|]Sinistcha||KasibBerry|Hospitality|MatchaGotcha,LifeDew,RagePowder,Protect|Relaxed|||||50|]Ceruledge||ColburBerry|FlashFire|BitterBlade,ShadowSneak,BulkUp,Protect|Adamant||M|||50|]Milotic||Leftovers|Competitive|MuddyWater,Coil,Hypnosis,Protect|Calm||M|||50|]Incineroar||SitrusBerry|Intimidate|FlareBlitz,ThroatChop,FakeOut,PartingShot|Impish||F|||50|
|inactive|Battle timer is ON: inactive players will automatically lose when time's up. (requested by VenuDaAsco)
|inactive|VenuDaAsco has 60 seconds left.
|inactive|Aeon_Twins has 60 seconds left.
|
|t:|1782419904
|teamsize|p1|4
|teamsize|p2|4
|start
|switch|p1a: Whimsicott|Whimsicott, L50, M, shiny|100/100
|switch|p1b: Charizard|Charizard, L50, M, shiny|100/100
|switch|p2a: Milotic|Milotic, L50, M|100/100
|switch|p2b: Incineroar|Incineroar, L50, F|100/100
|-ability|p2b: Incineroar|Intimidate|boost
|-unboost|p1a: Whimsicott|atk|1
|-unboost|p1b: Charizard|atk|1
|turn|1
|
|t:|1782419920
|switch|p1b: Basculegion|Basculegion, L50, M, shiny|100/100
|move|p1a: Whimsicott|Protect|p1a: Whimsicott
|-singleturn|p1a: Whimsicott|Protect
|move|p2a: Milotic|Coil|p2a: Milotic
|-boost|p2a: Milotic|atk|1
|-boost|p2a: Milotic|def|1
|-boost|p2a: Milotic|accuracy|1
|move|p2b: Incineroar|Flare Blitz|p1a: Whimsicott
|-activate|p1a: Whimsicott|move: Protect
|
|upkeep
|turn|2
|
|t:|1782419933
|switch|p2b: Sinistcha|Sinistcha, L50|100/100
|move|p1a: Whimsicott|Encore|p2a: Milotic
|-start|p2a: Milotic|Encore
|move|p1b: Basculegion|Wave Crash|p2b: Sinistcha
|-resisted|p2b: Sinistcha|1
|-damage|p2b: Sinistcha|64/100
|-damage|p1b: Basculegion|90/100|[from] Recoil
|move|p2a: Milotic|Coil|p2a: Milotic
|-boost|p2a: Milotic|atk|1
|-boost|p2a: Milotic|def|1
|-boost|p2a: Milotic|accuracy|1
|
|upkeep
|turn|3
|
|t:|1782419943
|switch|p2a: Incineroar|Incineroar, L50, F|100/100
|-ability|p2a: Incineroar|Intimidate|boost
|-unboost|p1a: Whimsicott|atk|1
|-unboost|p1b: Basculegion|atk|1
|move|p1a: Whimsicott|Moonblast|p2b: Sinistcha
|-damage|p2b: Sinistcha|40/100
|move|p1b: Basculegion|Wave Crash|p2b: Sinistcha
|-resisted|p2b: Sinistcha|1
|-damage|p2b: Sinistcha|15/100
|-damage|p1b: Basculegion|83/100|[from] Recoil
|move|p2b: Sinistcha|Matcha Gotcha|p1b: Basculegion|[spread] p1a,p1b
|-resisted|p1a: Whimsicott|1
|-supereffective|p1b: Basculegion|1
|-damage|p1a: Whimsicott|81/100
|-heal|p2b: Sinistcha|23/100|[from] drain|[of] p1a: Whimsicott
|-damage|p1b: Basculegion|35/100
|-heal|p2b: Sinistcha|52/100|[from] drain|[of] p1b: Basculegion
|
|upkeep
|turn|4
|
|t:|1782419962
|move|p1a: Whimsicott|Encore|p2b: Sinistcha
|-start|p2b: Sinistcha|Encore
|move|p1b: Basculegion|Wave Crash|p2a: Incineroar
|-supereffective|p2a: Incineroar|1
|-damage|p2a: Incineroar|16/100
|-enditem|p2a: Incineroar|Sitrus Berry|[eat]
|-heal|p2a: Incineroar|41/100|[from] item: Sitrus Berry
|-damage|p1b: Basculegion|10/100|[from] Recoil
|move|p2a: Incineroar|Parting Shot|p1b: Basculegion
|-unboost|p1b: Basculegion|atk|1
|-unboost|p1b: Basculegion|spa|1
|
|t:|1782419970
|switch|p2a: Milotic|Milotic, L50, M|100/100|[from] Parting Shot
|move|p2b: Sinistcha|Matcha Gotcha|p1b: Basculegion|[spread] p1a,p1b
|-resisted|p1a: Whimsicott|1
|-supereffective|p1b: Basculegion|1
|-damage|p1a: Whimsicott|64/100
|-heal|p2b: Sinistcha|60/100|[from] drain|[of] p1a: Whimsicott
|-damage|p1b: Basculegion|0 fnt
|-heal|p2b: Sinistcha|66/100|[from] drain|[of] p1b: Basculegion
|faint|p1b: Basculegion
|
|upkeep
|
|t:|1782419973
|switch|p1b: Charizard|Charizard, L50, M, shiny|100/100
|turn|5
|
|t:|1782419984
|detailschange|p1b: Charizard|Charizard-Mega-Y, L50, M, shiny
|-mega|p1b: Charizard|Charizard|Charizardite Y
|-weather|SunnyDay|[from] ability: Drought|[of] p1b: Charizard
|move|p2a: Milotic|Protect|p2a: Milotic
|-singleturn|p2a: Milotic|Protect
|move|p1a: Whimsicott|Moonblast|p2b: Sinistcha
|-damage|p2b: Sinistcha|43/100
|move|p1b: Charizard|Solar Beam||[still]
|-prepare|p1b: Charizard|Solar Beam
|-anim|p1b: Charizard|Solar Beam|p2a: Milotic
|-activate|p2a: Milotic|move: Protect
|move|p2b: Sinistcha|Matcha Gotcha|p1a: Whimsicott|[spread] p1a,p1b
|-resisted|p1a: Whimsicott|1
|-resisted|p1b: Charizard|2
|-damage|p1a: Whimsicott|46/100
|-heal|p2b: Sinistcha|51/100|[from] drain|[of] p1a: Whimsicott
|-damage|p1b: Charizard|94/100
|-heal|p2b: Sinistcha|53/100|[from] drain|[of] p1b: Charizard
|
|-weather|SunnyDay|[upkeep]
|upkeep
|turn|6
|
|t:|1782420006
|switch|p2a: Incineroar|Incineroar, L50, F|41/100
|-ability|p2a: Incineroar|Intimidate|boost
|-unboost|p1a: Whimsicott|atk|1
|-unboost|p1b: Charizard|atk|1
|move|p1a: Whimsicott|Encore|p2a: Incineroar
|-hint|Since gen 7, Dark is immune to Prankster moves.
|-immune|p2a: Incineroar
|move|p1b: Charizard|Weather Ball|p2b: Sinistcha
|-supereffective|p2b: Sinistcha|1
|-damage|p2b: Sinistcha|0 fnt
|faint|p2b: Sinistcha
|
|-weather|SunnyDay|[upkeep]
|upkeep
|
|t:|1782420028
|switch|p2b: Raichu|Raichu, L50, M|100/100
|turn|7
|
|t:|1782420044
|switch|p1b: Garchomp|Garchomp, L50, M, shiny|100/100
|detailschange|p2b: Raichu|Raichu-Mega-Y, L50, M
|-mega|p2b: Raichu|Raichu|Raichunite Y
|move|p1a: Whimsicott|Protect|p1a: Whimsicott
|-singleturn|p1a: Whimsicott|Protect
|move|p2b: Raichu|Zap Cannon|p1b: Garchomp
|-immune|p1b: Garchomp
|move|p2a: Incineroar|Flare Blitz|p1a: Whimsicott
|-activate|p1a: Whimsicott|move: Protect
|
|-weather|SunnyDay|[upkeep]
|upkeep
|turn|8
|
|t:|1782420055
|switch|p2a: Milotic|Milotic, L50, M|100/100
|move|p2b: Raichu|Protect|p2b: Raichu
|-singleturn|p2b: Raichu|Protect
|move|p1a: Whimsicott|Tailwind|p1a: Whimsicott
|-sidestart|p1: VenuDaAsco|move: Tailwind
|move|p1b: Garchomp|Earthquake|p2b: Raichu|[spread] p1a,p2a
|-activate|p2b: Raichu|move: Protect
|-resisted|p1a: Whimsicott|1
|-damage|p1a: Whimsicott|20/100y
|-damage|p2a: Milotic|57/100
|-damage|p1b: Garchomp|90/100|[from] item: Life Orb
|
|-weather|SunnyDay|[upkeep]
|-heal|p2a: Milotic|63/100|[from] item: Leftovers
|upkeep
|turn|9
|
|t:|1782420070
|switch|p1a: Charizard|Charizard-Mega-Y, L50, M, shiny|94/100
|switch|p2b: Incineroar|Incineroar, L50, F|41/100
|-ability|p2b: Incineroar|Intimidate|boost
|-unboost|p1a: Charizard|atk|1
|-unboost|p1b: Garchomp|atk|1
|move|p1b: Garchomp|Earthquake|p2b: Incineroar|[spread] p2a,p2b
|-immune|p1a: Charizard
|-supereffective|p2b: Incineroar|1
|-damage|p2a: Milotic|35/100
|-damage|p2b: Incineroar|0 fnt
|faint|p2b: Incineroar
|-damage|p1b: Garchomp|80/100|[from] item: Life Orb
|move|p2a: Milotic|Hypnosis|p1b: Garchomp
|-status|p1b: Garchomp|slp|[from] move: Hypnosis
|
|-weather|none
|-heal|p2a: Milotic|41/100|[from] item: Leftovers
|upkeep
|
|t:|1782420085
|switch|p2b: Raichu|Raichu-Mega-Y, L50, M|100/100
|turn|10
|
|t:|1782420090
|move|p1a: Charizard|Protect|p1a: Charizard
|-singleturn|p1a: Charizard|Protect
|move|p2b: Raichu|Protect|p2b: Raichu
|-singleturn|p2b: Raichu|Protect
|cant|p1b: Garchomp|slp
|move|p2a: Milotic|Muddy Water|p1a: Charizard|[spread] p1b
|-activate|p1a: Charizard|move: Protect
|-damage|p1b: Garchomp|56/100 slp
|
|-heal|p2a: Milotic|47/100|[from] item: Leftovers
|upkeep
|turn|11
|
|t:|1782420101
|switch|p1a: Whimsicott|Whimsicott, L50, M, shiny|20/100y
|move|p2b: Raichu|Protect||[still]
|-fail|p2b: Raichu
|-curestatus|p1b: Garchomp|slp|[msg]
|move|p1b: Garchomp|Earthquake|p2b: Raichu|[spread] p1a,p2a,p2b
|-resisted|p1a: Whimsicott|1
|-supereffective|p2b: Raichu|1
|-damage|p1a: Whimsicott|3/100
|-damage|p2a: Milotic|17/100
|-damage|p2b: Raichu|5/100
|-damage|p1b: Garchomp|46/100|[from] item: Life Orb
|move|p2a: Milotic|Muddy Water|p1a: Whimsicott|[spread] p1a,p1b
|-resisted|p1a: Whimsicott|1
|-damage|p1a: Whimsicott|0 fnt
|-damage|p1b: Garchomp|18/100
|faint|p1a: Whimsicott
|
|-heal|p2a: Milotic|23/100|[from] item: Leftovers
|-sideend|p1: VenuDaAsco|move: Tailwind
|upkeep
|
|t:|1782420107
|switch|p1a: Charizard|Charizard-Mega-Y, L50, M, shiny|94/100
|-weather|SunnyDay|[from] ability: Drought|[of] p1a: Charizard
|turn|12
|
|t:|1782420119
|move|p2b: Raichu|Protect|p2b: Raichu
|-singleturn|p2b: Raichu|Protect
|move|p2a: Milotic|Protect|p2a: Milotic
|-singleturn|p2a: Milotic|Protect
|move|p1b: Garchomp|Earthquake|p2b: Raichu|[spread] 
|-activate|p2a: Milotic|move: Protect
|-activate|p2b: Raichu|move: Protect
|-immune|p1a: Charizard
|move|p1a: Charizard|Heat Wave|p2b: Raichu|[spread] 
|-activate|p2a: Milotic|move: Protect
|-activate|p2b: Raichu|move: Protect
|
|-weather|SunnyDay|[upkeep]
|-heal|p2a: Milotic|29/100|[from] item: Leftovers
|upkeep
|turn|13
|inactive|Aeon_Twins has 30 seconds left.
|
|t:|1782420146
|move|p2b: Raichu|Focus Blast|p1b: Garchomp
|-damage|p1b: Garchomp|0 fnt
|faint|p1b: Garchomp
|move|p1a: Charizard|Heat Wave|p2a: Milotic|[spread] p2a,p2b
|-resisted|p2a: Milotic|1
|-damage|p2a: Milotic|8/100
|-damage|p2b: Raichu|0 fnt
|faint|p2b: Raichu
|move|p2a: Milotic|Coil|p2a: Milotic
|-boost|p2a: Milotic|atk|1
|-boost|p2a: Milotic|def|1
|-boost|p2a: Milotic|accuracy|1
|
|-weather|SunnyDay|[upkeep]
|-heal|p2a: Milotic|14/100|[from] item: Leftovers
|upkeep
|turn|14
|
|t:|1782420150
|move|p2a: Milotic|Protect|p2a: Milotic
|-singleturn|p2a: Milotic|Protect
|move|p1a: Charizard|Solar Beam||[still]
|-prepare|p1a: Charizard|Solar Beam
|-anim|p1a: Charizard|Solar Beam|p2a: Milotic
|-activate|p2a: Milotic|move: Protect
|
|-weather|SunnyDay|[upkeep]
|-heal|p2a: Milotic|20/100y|[from] item: Leftovers
|upkeep
|turn|15
|
|t:|1782420153
|move|p2a: Milotic|Protect|p2a: Milotic
|-singleturn|p2a: Milotic|Protect
|move|p1a: Charizard|Solar Beam||[still]
|-prepare|p1a: Charizard|Solar Beam
|-anim|p1a: Charizard|Solar Beam|p2a: Milotic
|-activate|p2a: Milotic|move: Protect
|
|-weather|SunnyDay|[upkeep]
|-heal|p2a: Milotic|26/100|[from] item: Leftovers
|upkeep
|turn|16
|
|t:|1782420155
|move|p2a: Milotic|Protect||[still]
|-fail|p2a: Milotic
|move|p1a: Charizard|Solar Beam||[still]
|-prepare|p1a: Charizard|Solar Beam
|-anim|p1a: Charizard|Solar Beam|p2a: Milotic
|-supereffective|p2a: Milotic|1
|-damage|p2a: Milotic|0 fnt
|faint|p2a: Milotic
|
|win|VenuDaAsco
||VenuDaAsco is ready for game 2.
||Aeon_Twins is ready for game 2.
|uhtml|next|Next: Game 2 of 3
|l|☆VenuDaAsco
|player|p1|
|j|☆VenuDaAsco
|player|p1|VenuDaAsco|169|
|l|☆VenuDaAsco
|player|p1|
