|j|☆pealcantara28
|j|☆pepepitufo
|html|pealcantara28pepepitufo    
|uhtml|bestof|Game 2 of a best-of-3
|t:|1756243203
|gametype|doubles
|player|p1|pealcantara28|cynthia-gen4|1058
|player|p2|pepepitufo|101|1000
|gen|9
|tier|[Gen 9] VGC 2025 Reg H (Bo3)
|rated|
|rule|Species Clause: Limit one of each Pokémon
|rule|Item Clause: Limit 1 of each item
|clearpoke
|poke|p1|Archaludon, L50, F|
|poke|p1|Pelipper, L50, F|
|poke|p1|Incineroar, L50, M|
|poke|p1|Basculegion, L50, M|
|poke|p1|Sinistcha-Masterpiece, L50|
|poke|p1|Kingambit, L50, M|
|poke|p2|Charizard, L50, F|
|poke|p2|Torkoal, L50, F|
|poke|p2|Indeedee, L50, M|
|poke|p2|Jumpluff, L50, M|
|poke|p2|Incineroar, L50, M|
|poke|p2|Ursaluna-Bloodmoon, L50, M|
|teampreview|4
|showteam|p1|Archaludon||AssaultVest|Stamina|DracoMeteor,FlashCannon,ElectroShot,BodyPress|||F|||50|,,,,,Bug]Pelipper||FocusSash|Drizzle|Tailwind,Hurricane,WeatherBall,WideGuard|||F|||50|,,,,,Stellar]Incineroar||SafetyGoggles|Intimidate|FlareBlitz,PartingShot,FakeOut,KnockOff|||M|||50|,,,,,Grass]Basculegion||LifeOrb|SwiftSwim|LastRespects,WaveCrash,AquaJet,Protect|||M|||50|,,,,,Water]Sinistcha-Masterpiece||SitrusBerry|Hospitality|MatchaGotcha,ShadowBall,RagePowder,StrengthSap||||||50|,,,,,Grass]Kingambit||BlackGlasses|Defiant|KowtowCleave,SuckerPunch,Protect,SwordsDance|||M|||50|,,,,,Dark
|showteam|p2|Charizard||ChoiceSpecs|SolarPower|Overheat,HeatWave,WeatherBall,AirSlash|||F|||50|,,,,,Ghost]Torkoal||EjectPack|Drought|Eruption,EarthPower,HelpingHand,Protect|||F|||50|,,,,,Fire]Indeedee||FocusSash|PsychicSurge|ExpandingForce,DazzlingGleam,AfterYou,Protect|||M|||50|,,,,,Fairy]Jumpluff||CovertCloak|Chlorophyll|Tailwind,RagePowder,SleepPowder,SunnyDay|||M|||50|,,,,,Water]Incineroar||SafetyGoggles|Intimidate|FakeOut,PartingShot,KnockOff,FlareBlitz|||M|||50|,,,,,Ghost]Ursaluna-Bloodmoon||LifeOrb|MindsEye|BloodMoon,EarthPower,Protect,HyperVoice|||M|||50|,,,,,Ghost
|inactive|Battle timer is ON: inactive players will automatically lose when time's up. (requested by pealcantara28)
|
|t:|1756243226
|teamsize|p1|4
|teamsize|p2|4
|start
|switch|p1a: Archaludon|Archaludon, L50, F|100/100
|switch|p1b: Incineroar|Incineroar, L50, M|100/100
|switch|p2a: Indeedee|Indeedee, L50, M|100/100
|switch|p2b: Torkoal|Torkoal, L50, F|100/100
|-fieldstart|move: Psychic Terrain|[from] ability: Psychic Surge|[of] p2a: Indeedee
|-ability|p1b: Incineroar|Intimidate|boost
|-unboost|p2a: Indeedee|atk|1
|-unboost|p2b: Torkoal|atk|1
|-weather|SunnyDay|[from] ability: Drought|[of] p2b: Torkoal
|-enditem|p2b: Torkoal|Eject Pack
|
|t:|1756243233
|switch|p2b: Charizard|Charizard, L50, F|100/100
|turn|1
|
|t:|1756243250
|switch|p1b: Pelipper|Pelipper, L50, F|100/100
|-weather|RainDance|[from] ability: Drizzle|[of] p1b: Pelipper
|move|p2b: Charizard|Heat Wave|p1b: Pelipper|[spread] p1a,p1b
|-resisted|p1b: Pelipper
|-damage|p1a: Archaludon|85/100
|-damage|p1b: Pelipper|78/100
|-ability|p1a: Archaludon|Stamina|boost
|-boost|p1a: Archaludon|def|1
|move|p2a: Indeedee|After You||[still]
|-fail|p2a: Indeedee
|move|p1a: Archaludon|Electro Shot||[still]
|-prepare|p1a: Archaludon|Electro Shot
|-boost|p1a: Archaludon|spa|1
|-anim|p1a: Archaludon|Electro Shot|p2b: Charizard
|-supereffective|p2b: Charizard
|-damage|p2b: Charizard|0 fnt
|faint|p2b: Charizard
|
|-weather|RainDance|[upkeep]
|upkeep
|
|t:|1756243254
|switch|p2b: Torkoal|Torkoal, L50, F|100/100
|-weather|SunnyDay|[from] ability: Drought|[of] p2b: Torkoal
|turn|2
|inactive|pealcantara28 has 30 seconds left.
|
|t:|1756243285
|switch|p1b: Incineroar|Incineroar, L50, M|100/100
|-ability|p1b: Incineroar|Intimidate|boost
|-unboost|p2a: Indeedee|atk|1
|-unboost|p2b: Torkoal|atk|1
|-terastallize|p2b: Torkoal|Fire
|move|p2a: Indeedee|After You|p2b: Torkoal
|-activate|p2b: Torkoal|move: After You
|move|p2b: Torkoal|Eruption|p1b: Incineroar|[spread] p1a,p1b
|-resisted|p1b: Incineroar
|-damage|p1a: Archaludon|13/100
|-damage|p1b: Incineroar|53/100
|-ability|p1a: Archaludon|Stamina|boost
|-boost|p1a: Archaludon|def|1
|move|p1a: Archaludon|Body Press|p2b: Torkoal
|-damage|p2b: Torkoal|63/100
|
|-weather|SunnyDay|[upkeep]
|upkeep
|turn|3
|inactive|pealcantara28 has 30 seconds left.
|inactive|pealcantara28 has 20 seconds left.
|inactive|pealcantara28 has 15 seconds left.
|inactive|pealcantara28 has 10 seconds left.
|
|t:|1756243334
|switch|p2b: Jumpluff|Jumpluff, L50, M|100/100
|move|p2a: Indeedee|Expanding Force|p1b: Incineroar|[spread] p1a
|-immune|p1b: Incineroar
|-resisted|p1a: Archaludon
|-damage|p1a: Archaludon|0 fnt
|faint|p1a: Archaludon
|move|p1b: Incineroar|Knock Off|p2a: Indeedee
|-supereffective|p2a: Indeedee
|-enditem|p2a: Indeedee|Focus Sash
|-damage|p2a: Indeedee|1/100
|
|-weather|SunnyDay|[upkeep]
|upkeep
|
|t:|1756243353
|switch|p1a: Pelipper|Pelipper, L50, F|78/100
|-weather|RainDance|[from] ability: Drizzle|[of] p1a: Pelipper
|turn|4
|
|t:|1756243369
|move|p1a: Pelipper|Wide Guard|p1a: Pelipper
|-singleturn|p1a: Pelipper|Wide Guard
|move|p2b: Jumpluff|Rage Powder|p2b: Jumpluff
|-singleturn|p2b: Jumpluff|move: Rage Powder
|move|p2a: Indeedee|Expanding Force|p1a: Pelipper|[spread] 
|-activate|p1a: Pelipper|move: Wide Guard
|-activate|p1b: Incineroar|move: Wide Guard
|move|p1b: Incineroar|Knock Off|p2a: Indeedee
|-supereffective|p2a: Indeedee
|-damage|p2a: Indeedee|0 fnt
|faint|p2a: Indeedee
|
|-weather|RainDance|[upkeep]
|upkeep
|
|t:|1756243376
|switch|p2a: Torkoal|Torkoal, L50, F, tera:Fire|63/100
|-weather|SunnyDay|[from] ability: Drought|[of] p2a: Torkoal
|turn|5
|
|t:|1756243398
|move|p1a: Pelipper|Wide Guard|p1a: Pelipper
|-singleturn|p1a: Pelipper|Wide Guard
|move|p2b: Jumpluff|Sleep Powder|p1a: Pelipper|[miss]
|-miss|p2b: Jumpluff|p1a: Pelipper
|move|p1b: Incineroar|Flare Blitz|p2b: Jumpluff
|-supereffective|p2b: Jumpluff
|-crit|p2b: Jumpluff
|-damage|p2b: Jumpluff|0 fnt
|faint|p2b: Jumpluff
|-damage|p1b: Incineroar|23/100|[from] Recoil
|move|p2a: Torkoal|Earth Power|p1b: Incineroar
|-supereffective|p1b: Incineroar
|-damage|p1b: Incineroar|0 fnt
|faint|p1b: Incineroar
|
|-weather|SunnyDay|[upkeep]
|-fieldend|move: Psychic Terrain
|upkeep
|
|t:|1756243416
|switch|p1b: Basculegion|Basculegion, L50, M|100/100
|turn|6
|
|t:|1756243426
|-terastallize|p1b: Basculegion|Water
|move|p1b: Basculegion|Aqua Jet|p2a: Torkoal
|-supereffective|p2a: Torkoal
|-damage|p2a: Torkoal|37/100
|-damage|p1b: Basculegion|91/100|[from] item: Life Orb
|move|p1a: Pelipper|Weather Ball|p2a: Torkoal
|-resisted|p2a: Torkoal
|-damage|p2a: Torkoal|7/100
|move|p2a: Torkoal|Earth Power|p1b: Basculegion
|-damage|p1b: Basculegion|63/100
|
|-weather|SunnyDay|[upkeep]
|upkeep
|turn|7
|l|☆pepepitufo
|inactive|pepepitufo disconnected and has a minute to reconnect!
|player|p2|
|
|t:|1756243445
|move|p1b: Basculegion|Aqua Jet|p2a: Torkoal
|-supereffective|p2a: Torkoal
|-damage|p2a: Torkoal|0 fnt
|faint|p2a: Torkoal
|-damage|p1b: Basculegion|53/100|[from] item: Life Orb
|
|win|pealcantara28
|raw|pealcantara28's rating: 1058 → 1084(+26 for winning)
|raw|pepepitufo's rating: 1000 → 1000(+0 for losing)
