|j|‽Biobkbbkkkbk
|j|☆liamj vgc!
|html|Biobkbbkkkbkliamj vgc!    
|uhtml|bestof|Game 1 of a best-of-3
|t:|1786129873
|gametype|doubles
|player|p1|Biobkbbkkkbk|ingo|1083
|player|p2|liamj vgc!|leon-tower|1202
|gen|9
|tier|[Gen 9 Champions] VGC 2026 Reg M-B (Bo3)
|rated|
|rule|Species Clause: Limit one of each Pokémon
|rule|Item Clause: Limit 1 of each item
|clearpoke
|poke|p1|Mawile, L50, F|
|poke|p1|Farigiraf, L50, M|
|poke|p1|Incineroar, L50, F|
|poke|p1|Milotic, L50, M|
|poke|p1|Sinistcha, L50|
|poke|p1|Kingambit, L50, M|
|poke|p2|Pelipper, L50, F|
|poke|p2|Archaludon, L50, F, shiny|
|poke|p2|Venusaur, L50, F|
|poke|p2|Grimmsnarl, L50, M|
|poke|p2|Garchomp, L50, M|
|poke|p2|Basculegion, L50, M|
|teampreview|4
|showteam|p1|Mawile||Mawilite|Intimidate|PlayRough,IronHead,SuckerPunch,Protect|Brave||F|||50|]Farigiraf||FocusSash|ArmorTail|TrickRoom,Thunderbolt,HelpingHand,Psychic|Quiet||M|||50|]Incineroar||SitrusBerry|Intimidate|FakeOut,PartingShot,FlareBlitz,ThroatChop|Adamant||F|||50|]Milotic||Leftovers|Competitive|IcyWind,Scald,AlluringVoice,Protect|Modest||M|||50|]Sinistcha||OccaBerry|Hospitality|TrickRoom,RagePowder,MatchaGotcha,LifeDew|Relaxed|||||50|]Kingambit||BlackGlasses|Defiant|KowtowCleave,SuckerPunch,LowKick,Protect|Adamant||M|||50|
|showteam|p2|Pelipper||FocusSash|Drizzle|WeatherBall,Hurricane,Tailwind,Protect|Timid||F|||50|]Archaludon||Leftovers|Stamina|FlashCannon,ElectroShot,DragonPulse,Protect|Modest||F|||50|]Venusaur||Venusaurite|Overgrow|GigaDrain,SludgeBomb,EarthPower,Protect|Timid||F|||50|]Grimmsnarl||LightClay|Prankster|Reflect,LightScreen,PartingShot,SpiritBreak|Impish||M|||50|]Garchomp||LifeOrb|RoughSkin|DragonClaw,Earthquake,RockSlide,Protect|Jolly||M|||50|]Basculegion||ChoiceScarf|Adaptability|WaveCrash,LastRespects,AquaJet,FlipTurn|Jolly||M|||50|
|inactive|Battle timer is ON: inactive players will automatically lose when time's up. (requested by Biobkbbkkkbk)
|inactive|liamj vgc! also wants the timer to be on.
|inactive|liamj vgc! has 60 seconds left.
|inactive|liamj vgc! has 30 seconds left.
|inactive|liamj vgc! has 20 seconds left.
|inactive|liamj vgc! has 15 seconds left.
|
|t:|1786129952
|teamsize|p1|4
|teamsize|p2|4
|start
|switch|p1a: Farigiraf|Farigiraf, L50, M|100/100
|switch|p1b: Incineroar|Incineroar, L50, F|100/100
|switch|p2a: Bubble|Pelipper, L50, F|100/100
|switch|p2b: Remote|Archaludon, L50, F, shiny|100/100
|-weather|RainDance|[from] ability: Drizzle|[of] p2a: Bubble
|-ability|p1b: Incineroar|Intimidate|boost
|-unboost|p2a: Bubble|atk|1
|-unboost|p2b: Remote|atk|1
|turn|1
|inactive|liamj vgc! has 30 seconds left.
|
|t:|1786129978
|move|p1b: Incineroar|Fake Out|p2a: Bubble
|-damage|p2a: Bubble|83/100
|cant|p2a: Bubble|flinch
|move|p2b: Remote|Electro Shot||[still]
|-prepare|p2b: Remote|Electro Shot
|-boost|p2b: Remote|spa|1
|-anim|p2b: Remote|Electro Shot|p1a: Farigiraf
|-damage|p1a: Farigiraf|49/100
|move|p1a: Farigiraf|Trick Room|p1a: Farigiraf
|-fieldstart|move: Trick Room|[of] p1a: Farigiraf
|
|-weather|RainDance|[upkeep]
|upkeep
|turn|2
|
|t:|1786129994
|switch|p2a: Grimmsnarl|Grimmsnarl, L50, M|100/100
|move|p1a: Farigiraf|Thunderbolt|p2a: Grimmsnarl
|-damage|p2a: Grimmsnarl|76/100
|move|p1b: Incineroar|Parting Shot|p2b: Remote
|-unboost|p2b: Remote|atk|1
|-unboost|p2b: Remote|spa|1
|
|t:|1786130007
|switch|p1b: Mawile|Mawile, L50, F|100/100|[from] Parting Shot
|-ability|p1b: Mawile|Intimidate|boost
|-unboost|p2a: Grimmsnarl|atk|1
|-unboost|p2b: Remote|atk|1
|move|p2b: Remote|Electro Shot||[still]
|-prepare|p2b: Remote|Electro Shot
|-boost|p2b: Remote|spa|1
|-anim|p2b: Remote|Electro Shot|p1a: Farigiraf
|-damage|p1a: Farigiraf|0 fnt
|faint|p1a: Farigiraf
|
|-weather|RainDance|[upkeep]
|upkeep
|
|t:|1786130017
|switch|p1a: Sinistcha|Sinistcha, L50|100/100
|turn|3
|
|t:|1786130024
|detailschange|p1b: Mawile|Mawile-Mega, L50, F
|-mega|p1b: Mawile|Mawile|Mawilite
|move|p1a: Sinistcha|Rage Powder|p1a: Sinistcha
|-singleturn|p1a: Sinistcha|move: Rage Powder
|move|p2a: Grimmsnarl|Reflect|p2a: Grimmsnarl
|-sidestart|p2: liamj vgc!|Reflect
|move|p1b: Mawile|Play Rough|p2b: Remote
|-damage|p2b: Remote|56/100
|-ability|p2b: Remote|Stamina|boost
|-boost|p2b: Remote|def|1
|move|p2b: Remote|Electro Shot||[still]
|-prepare|p2b: Remote|Electro Shot
|-boost|p2b: Remote|spa|1
|-anim|p2b: Remote|Electro Shot|p1a: Sinistcha
|-resisted|p1a: Sinistcha|1
|-damage|p1a: Sinistcha|53/100
|
|-weather|RainDance|[upkeep]
|-heal|p2b: Remote|63/100|[from] item: Leftovers
|upkeep
|turn|4
|inactive|liamj vgc! has 30 seconds left.
|
|t:|1786130052
|move|p1a: Sinistcha|Rage Powder|p1a: Sinistcha
|-singleturn|p1a: Sinistcha|move: Rage Powder
|move|p2a: Grimmsnarl|Parting Shot|p1a: Sinistcha
|-unboost|p1a: Sinistcha|atk|1
|-unboost|p1a: Sinistcha|spa|1
|
|t:|1786130055
|switch|p2a: Venusaur|Venusaur, L50, F|100/100|[from] Parting Shot
|move|p1b: Mawile|Play Rough|p2b: Remote
|-damage|p2b: Remote|33/100
|-ability|p2b: Remote|Stamina|boost
|-boost|p2b: Remote|def|1
|move|p2b: Remote|Electro Shot||[still]
|-prepare|p2b: Remote|Electro Shot
|-boost|p2b: Remote|spa|1
|-anim|p2b: Remote|Electro Shot|p1a: Sinistcha
|-resisted|p1a: Sinistcha|1
|-damage|p1a: Sinistcha|0 fnt
|faint|p1a: Sinistcha
|
|-weather|RainDance|[upkeep]
|-heal|p2b: Remote|39/100|[from] item: Leftovers
|upkeep
|
|t:|1786130062
|switch|p1a: Incineroar|Incineroar, L50, F|100/100
|-ability|p1a: Incineroar|Intimidate|boost
|-unboost|p2a: Venusaur|atk|1
|-unboost|p2b: Remote|atk|1
|turn|5
|
|t:|1786130068
|move|p2b: Remote|Protect|p2b: Remote
|-singleturn|p2b: Remote|Protect
|move|p2a: Venusaur|Protect|p2a: Venusaur
|-singleturn|p2a: Venusaur|Protect
|move|p1a: Incineroar|Fake Out|p2a: Venusaur
|-activate|p2a: Venusaur|move: Protect
|move|p1b: Mawile|Play Rough|p2b: Remote
|-activate|p2b: Remote|move: Protect
|
|-weather|none
|-heal|p2b: Remote|46/100|[from] item: Leftovers
|-fieldend|move: Trick Room
|upkeep
|turn|6
|
|t:|1786130074
|switch|p2a: Bubble|Pelipper, L50, F|83/100
|-weather|RainDance|[from] ability: Drizzle|[of] p2a: Bubble
|move|p2b: Remote|Electro Shot||[still]
|-prepare|p2b: Remote|Electro Shot
|-boost|p2b: Remote|spa|1
|-anim|p2b: Remote|Electro Shot|p1b: Mawile
|-damage|p1b: Mawile|0 fnt
|faint|p1b: Mawile
|move|p1a: Incineroar|Flare Blitz|p2a: Bubble
|-resisted|p2a: Bubble|1
|-damage|p2a: Bubble|71/100
|-damage|p1a: Incineroar|97/100|[from] Recoil
|
|-weather|RainDance|[upkeep]
|-heal|p2b: Remote|52/100|[from] item: Leftovers
|upkeep
|turn|7
|-message|Biobkbbkkkbk forfeited.
|
|win|liamj vgc!
|l|‽Biobkbbkkkbk
|player|p1|
||Biobkbbkkkbk is ready for game 2.
||liamj vgc! is ready for game 2.
|uhtml|next|Next: Game 2 of 3
