|j|☆scizorx5o
|j|☆Are En Gee
|html|scizorx5oAre En Gee    
|uhtml|bestof|Game 2 of a best-of-3
|t:|1756445075
|gametype|doubles
|player|p1|scizorx5o|102|
|player|p2|Are En Gee|zinnia|
|gen|9
|tier|[Gen 9] VGC 2025 Reg H (Bo3)
|rule|Species Clause: Limit one of each Pokémon
|rule|Item Clause: Limit 1 of each item
|clearpoke
|poke|p1|Sneasler, L50, M|
|poke|p1|Gholdengo, L50|
|poke|p1|Kingambit, L50, M|
|poke|p1|Amoonguss, L50, M|
|poke|p1|Gyarados, L50, F|
|poke|p1|Indeedee-F, L50, F|
|poke|p2|Glimmora, L50, F|
|poke|p2|Dondozo, L50, F|
|poke|p2|Tatsugiri-Droopy, L50, F|
|poke|p2|Clefairy, L50, F|
|poke|p2|Gliscor, L50, M|
|poke|p2|Gholdengo, L50|
|teampreview|4
|showteam|p1|Sneasler||PsychicSeed|Unburden|FakeOut,Coaching,Protect,DireClaw|||M|||50|,,,,,Dark]Gholdengo||LifeOrb|GoodasGold|MakeItRain,NastyPlot,Protect,ShadowBall||||||50|,,,,,Water]Kingambit||AssaultVest|Defiant|SuckerPunch,KowtowCleave,Assurance,IronHead|||M|||50|,,,,,Fairy]Amoonguss||SitrusBerry|Regenerator|RagePowder,Spore,Protect,PollenPuff|||M|||50|,,,,,Water]Gyarados||ClearAmulet|Intimidate|DragonDance,Protect,Waterfall,TeraBlast|||F|||50|,,,,,Flying]Indeedee-F||SafetyGoggles|PsychicSurge|FollowMe,Protect,TrickRoom,Psychic|||F|||50|,,,,,Grass
|showteam|p2|Glimmora||FocusSash|ToxicDebris|Toxic,SludgeWave,PowerGem,SpikyShield|||F|||50|,,,,,Grass]Dondozo||Leftovers|Unaware|Protect,OrderUp,WaveCrash,BodyPress|||F|||50|,,,,,Grass]Tatsugiri-Droopy||ChoiceScarf|Commander|MuddyWater,DracoMeteor,IcyWind,ChillingWater|||F|||50|,,,,,Stellar]Clefairy||Eviolite|FriendGuard|FollowMe,Protect,LifeDew,AfterYou|||F|||50|,,,,,Grass]Gliscor||CovertCloak|PoisonHeal|Protect,SwordsDance,Facade,Earthquake|||M|||50|,,,,,Normal]Gholdengo||LifeOrb|GoodasGold|MakeItRain,NastyPlot,ShadowBall,Protect||||||50|,,,,,Steel
|
|t:|1756445090
|teamsize|p1|4
|teamsize|p2|4
|start
|switch|p1a: Sneasler|Sneasler, L50, M|100/100
|switch|p1b: Indeedee|Indeedee-F, L50, F|100/100
|switch|p2a: Gliscor|Gliscor, L50, M|100/100
|switch|p2b: Glimmora|Glimmora, L50, F|100/100
|-fieldstart|move: Psychic Terrain|[from] ability: Psychic Surge|[of] p1b: Indeedee
|-enditem|p1a: Sneasler|Psychic Seed
|-boost|p1a: Sneasler|spd|1|[from] item: Psychic Seed
|turn|1
|
|t:|1756445123
|move|p1a: Sneasler|Protect|p1a: Sneasler
|-singleturn|p1a: Sneasler|Protect
|move|p2b: Glimmora|Spiky Shield|p2b: Glimmora
|-singleturn|p2b: Glimmora|move: Protect
|move|p2a: Gliscor|Earthquake|p1b: Indeedee|[spread] p1b
|-activate|p2b: Glimmora|move: Protect
|-activate|p1a: Sneasler|move: Protect
|-damage|p1b: Indeedee|70/100
|move|p1b: Indeedee|Psychic|p2b: Glimmora
|-activate|p2b: Glimmora|move: Protect
|
|upkeep
|turn|2
|
|t:|1756445135
|move|p1a: Sneasler|Dire Claw|p2a: Gliscor
|-resisted|p2a: Gliscor
|-crit|p2a: Gliscor
|-damage|p2a: Gliscor|72/100
|move|p2b: Glimmora|Toxic|p2a: Gliscor
|-status|p2a: Gliscor|tox
|move|p2a: Gliscor|Swords Dance|p2a: Gliscor
|-boost|p2a: Gliscor|atk|2
|move|p1b: Indeedee|Trick Room|p1b: Indeedee
|-fieldstart|move: Trick Room|[of] p1b: Indeedee
|
|-heal|p2a: Gliscor|84/100 tox|[from] ability: Poison Heal
|upkeep
|turn|3
|
|t:|1756445165
|move|p2a: Gliscor|Protect|p2a: Gliscor
|-singleturn|p2a: Gliscor|Protect
|move|p1b: Indeedee|Psychic|p2a: Gliscor
|-activate|p2a: Gliscor|move: Protect
|move|p2b: Glimmora|Power Gem|p1b: Indeedee
|-damage|p1b: Indeedee|29/100
|move|p1a: Sneasler|Dire Claw|p2a: Gliscor
|-activate|p2a: Gliscor|move: Protect
|
|-heal|p2a: Gliscor|96/100 tox|[from] ability: Poison Heal
|upkeep
|turn|4
|
|t:|1756445181
|move|p2b: Glimmora|Spiky Shield|p2b: Glimmora
|-singleturn|p2b: Glimmora|move: Protect
|move|p1a: Sneasler|Protect|p1a: Sneasler
|-singleturn|p1a: Sneasler|Protect
|move|p1b: Indeedee|Psychic|p2b: Glimmora
|-activate|p2b: Glimmora|move: Protect
|move|p2a: Gliscor|Earthquake|p1a: Sneasler|[spread] p1b
|-activate|p2b: Glimmora|move: Protect
|-activate|p1a: Sneasler|move: Protect
|-damage|p1b: Indeedee|0 fnt
|faint|p1b: Indeedee
|
|-heal|p2a: Gliscor|100/100 tox|[from] ability: Poison Heal
|upkeep
|
|t:|1756445191
|switch|p1b: Amoonguss|Amoonguss, L50, M|100/100
|turn|5
|
|t:|1756445201
|move|p2a: Gliscor|Protect|p2a: Gliscor
|-singleturn|p2a: Gliscor|Protect
|move|p1b: Amoonguss|Spore|p2b: Glimmora
|-status|p2b: Glimmora|slp|[from] move: Spore
|cant|p2b: Glimmora|slp
|move|p1a: Sneasler|Dire Claw|p2b: Glimmora
|-resisted|p2b: Glimmora
|-damage|p2b: Glimmora|88/100 slp
|-activate|p2b: Glimmora|ability: Toxic Debris
|-sidestart|p1: scizorx5o|move: Toxic Spikes
|
|-fieldend|move: Psychic Terrain
|upkeep
|turn|6
|
|t:|1756445218
|move|p1a: Sneasler|Protect|p1a: Sneasler
|-singleturn|p1a: Sneasler|Protect
|move|p1b: Amoonguss|Pollen Puff|p2b: Glimmora
|-resisted|p2b: Glimmora
|-damage|p2b: Glimmora|74/100 slp
|move|p2a: Gliscor|Earthquake|p1a: Sneasler|[spread] p2b,p1b
|-activate|p1a: Sneasler|move: Protect
|-supereffective|p2b: Glimmora
|-damage|p2b: Glimmora|0 fnt
|-damage|p1b: Amoonguss|52/100
|-activate|p2b: Glimmora|ability: Toxic Debris
|-sidestart|p1: scizorx5o|move: Toxic Spikes
|faint|p2b: Glimmora
|
|-fieldend|move: Trick Room
|upkeep
|
|t:|1756445228
|switch|p2b: Tatsugiri|Tatsugiri-Droopy, L50, F|100/100
|turn|7
|
|t:|1756445244
|move|p1a: Sneasler|Protect||[still]
|-fail|p1a: Sneasler
|move|p2b: Tatsugiri|Icy Wind|p1a: Sneasler|[spread] p1a,p1b
|-supereffective|p1b: Amoonguss
|-damage|p1a: Sneasler|91/100
|-damage|p1b: Amoonguss|28/100
|-unboost|p1a: Sneasler|spe|1
|-unboost|p1b: Amoonguss|spe|1
|-enditem|p1b: Amoonguss|Sitrus Berry|[eat]
|-heal|p1b: Amoonguss|53/100|[from] item: Sitrus Berry
|move|p2a: Gliscor|Facade|p1a: Sneasler
|-damage|p1a: Sneasler|0 fnt
|faint|p1a: Sneasler
|move|p1b: Amoonguss|Spore|p2b: Tatsugiri
|-status|p2b: Tatsugiri|slp|[from] move: Spore
|
|upkeep
|
|t:|1756445254
|switch|p1a: Kingambit|Kingambit, L50, M|100/100
|turn|8
|
|t:|1756445284
|cant|p2b: Tatsugiri|slp
|move|p2a: Gliscor|Earthquake|p1a: Kingambit|[spread] p2b,p1a,p1b
|-supereffective|p1a: Kingambit
|-damage|p2b: Tatsugiri|0 fnt
|-damage|p1a: Kingambit|4/100
|-damage|p1b: Amoonguss|6/100
|faint|p2b: Tatsugiri
|move|p1a: Kingambit|Assurance|p2a: Gliscor
|-damage|p2a: Gliscor|74/100 tox
|move|p1b: Amoonguss|Pollen Puff|p2a: Gliscor
|-resisted|p2a: Gliscor
|-damage|p2a: Gliscor|60/100 tox
|
|-heal|p2a: Gliscor|72/100 tox|[from] ability: Poison Heal
|upkeep
|
|t:|1756445291
|switch|p2b: Dondozo|Dondozo, L50, F|100/100
|turn|9
|
|t:|1756445304
|-terastallize|p2b: Dondozo|Grass
|move|p2a: Gliscor|Earthquake|p1b: Amoonguss|[spread] p2b,p1a,p1b
|-resisted|p2b: Dondozo
|-supereffective|p1a: Kingambit
|-damage|p2b: Dondozo|93/100
|-damage|p1a: Kingambit|0 fnt
|-damage|p1b: Amoonguss|0 fnt
|faint|p1a: Kingambit
|faint|p1b: Amoonguss
|
|win|Are En Gee
||scizorx5o is ready for game 3.
||Are En Gee is ready for game 3.
|uhtml|next|Next: Game 3 of 3
|l|☆scizorx5o
|player|p1|
