|j|☆Jakobtc
|j|☆AlexTrebekVGC
|html|JakobtcAlexTrebekVGC    
|uhtml|bestof|Game 1 of a best-of-3
|t:|1756699235
|gametype|doubles
|player|p1|Jakobtc|riley|1182
|player|p2|AlexTrebekVGC|266|1123
|gen|9
|tier|[Gen 9] VGC 2025 Reg H (Bo3)
|rated|
|rule|Species Clause: Limit one of each Pokémon
|rule|Item Clause: Limit 1 of each item
|clearpoke
|poke|p1|Archaludon, L50, M|
|poke|p1|Incineroar, L50, M|
|poke|p1|Porygon2, L50|
|poke|p1|Ursaluna, L50, F|
|poke|p1|Sneasler, L50, F|
|poke|p1|Kilowattrel, L50, M|
|poke|p2|Pelipper, L50, M|
|poke|p2|Basculegion, L50, M|
|poke|p2|Amoonguss, L50, F|
|poke|p2|Archaludon, L50, F|
|poke|p2|Greninja-*, L50, F|
|poke|p2|Annihilape, L50, M|
|teampreview|4
|showteam|p1|Archaludon||PowerHerb|Stalwart|ElectroShot,DragonPulse,Thunderbolt,Protect|||M|||50|,,,,,Electric]Incineroar||SafetyGoggles|Intimidate|FakeOut,FlareBlitz,KnockOff,PartingShot|||M|||50|,,,,,Bug]Porygon2||Eviolite|Download|TeraBlast,IceBeam,Recover,TrickRoom||||||50|,,,,,Flying]Ursaluna||FlameOrb|Guts|Facade,HeadlongRush,Earthquake,Protect|||F|||50|,,,,,Ghost]Sneasler||WhiteHerb|Unburden|DireClaw,CloseCombat,Taunt,Protect|||F|||50|,,,,,Stellar]Kilowattrel||FocusSash|Competitive|Thunderbolt,AirSlash,Tailwind,Protect|||M|||50|,,,,,Ghost
|showteam|p2|Pelipper||FocusSash|Drizzle|WeatherBall,Hurricane,Tailwind,WideGuard|||M|||50|,,,,,Stellar]Basculegion||ChoiceBand|SwiftSwim|WaveCrash,FlipTurn,LastRespects,AquaJet|||M|||50|,,,,,Grass]Amoonguss||SitrusBerry|Regenerator|Spore,RagePowder,PollenPuff,ClearSmog|||F|||50|,,,,,Dark]Archaludon||AssaultVest|Stamina|DragonPulse,FlashCannon,ElectroShot,BodyPress|||F|||50|,,,,,Grass]Greninja||LoadedDice|Torrent|WaterShuriken,Protect,Taunt,RainDance|||F|||50|,,,,,Ghost]Annihilape||ChoiceScarf|Defiant|CloseCombat,RageFist,Uturn,FinalGambit|||M|||50|,,,,,Grass
|c|☆Jakobtc|glhf
|c|☆AlexTrebekVGC|U 2
|
|t:|1756699297
|teamsize|p1|4
|teamsize|p2|4
|start
|switch|p1a: Kilowattrel|Kilowattrel, L50, M|100/100
|switch|p1b: Sneasler|Sneasler, L50, F|100/100
|switch|p2a: Greninja|Greninja, L50, F|100/100
|switch|p2b: Annihilape|Annihilape, L50, M|100/100
|turn|1
|inactive|Battle timer is ON: inactive players will automatically lose when time's up. (requested by Jakobtc)
|
|t:|1756699320
|move|p1b: Sneasler|Protect|p1b: Sneasler
|-singleturn|p1b: Sneasler|Protect
|move|p2a: Greninja|Water Shuriken|p2b: Annihilape
|-damage|p2b: Annihilape|95/100
|-damage|p2b: Annihilape|90/100
|-damage|p2b: Annihilape|84/100
|-damage|p2b: Annihilape|78/100
|-hitcount|p2b: Annihilape|4
|move|p2b: Annihilape|Rage Fist|p1b: Sneasler
|-activate|p1b: Sneasler|move: Protect
|move|p1a: Kilowattrel|Tailwind|p1a: Kilowattrel
|-sidestart|p1: Jakobtc|move: Tailwind
|
|upkeep
|turn|2
|inactive|Jakobtc has 30 seconds left.
|
|t:|1756699352
|move|p2a: Greninja|Protect|p2a: Greninja
|-singleturn|p2a: Greninja|Protect
|move|p1a: Kilowattrel|Air Slash|p2b: Annihilape
|-supereffective|p2b: Annihilape
|-damage|p2b: Annihilape|18/100
|move|p1b: Sneasler|Close Combat|p2a: Greninja
|-activate|p2a: Greninja|move: Protect
|move|p2b: Annihilape|Rage Fist|p1a: Kilowattrel
|-enditem|p1a: Kilowattrel|Focus Sash
|-damage|p1a: Kilowattrel|1/100
|
|upkeep
|turn|3
|
|t:|1756699368
|move|p2a: Greninja|Water Shuriken|p1a: Kilowattrel
|-crit|p1a: Kilowattrel
|-damage|p1a: Kilowattrel|0 fnt
|faint|p1a: Kilowattrel
|-hitcount|p1: Kilowattrel|1
|move|p1b: Sneasler|Dire Claw|p2b: Annihilape
|-resisted|p2b: Annihilape
|-damage|p2b: Annihilape|0 fnt
|faint|p2b: Annihilape
|
|upkeep
|c|☆Jakobtc|how did you out speed in tailwind ?
|inactive|Jakobtc has 30 seconds left.
|
|t:|1756699402
|switch|p1a: Archaludon|Archaludon, L50, M, shiny|100/100
|switch|p2b: Pelipper|Pelipper, L50, M|100/100
|-weather|RainDance|[from] ability: Drizzle|[of] p2b: Pelipper
|turn|4
|inactive|Jakobtc has 30 seconds left.
|inactive|AlexTrebekVGC has 30 seconds left.
|inactive|AlexTrebekVGC has 20 seconds left.
|inactive|AlexTrebekVGC has 15 seconds left.
|inactive|AlexTrebekVGC has 10 seconds left.
|
|t:|1756699451
|move|p2a: Greninja|Water Shuriken|p1b: Sneasler
|-damage|p1b: Sneasler|89/100
|-damage|p1b: Sneasler|77/100
|-damage|p1b: Sneasler|67/100
|-damage|p1b: Sneasler|56/100
|-hitcount|p1b: Sneasler|4
|move|p1b: Sneasler|Taunt|p2b: Pelipper
|-start|p2b: Pelipper|move: Taunt
|move|p1a: Archaludon|Electro Shot||[still]
|-prepare|p1a: Archaludon|Electro Shot
|-boost|p1a: Archaludon|spa|1
|-anim|p1a: Archaludon|Electro Shot|p2a: Greninja
|-supereffective|p2a: Greninja
|-damage|p2a: Greninja|0 fnt
|faint|p2a: Greninja
|cant|p2b: Pelipper|move: Taunt|Tailwind
|
|-weather|RainDance|[upkeep]
|-sideend|p1: Jakobtc|move: Tailwind
|upkeep
|
|t:|1756699462
|switch|p2a: Basculegion|Basculegion, L50, M|100/100
|turn|5
|
|t:|1756699482
|switch|p1b: Porygon2|Porygon2, L50, shiny|100/100
|-ability|p1b: Porygon2|Download|boost
|-boost|p1b: Porygon2|spa|1
|-terastallize|p2a: Basculegion|Grass
|move|p1a: Archaludon|Protect|p1a: Archaludon
|-singleturn|p1a: Archaludon|Protect
|move|p2a: Basculegion|Last Respects|p1a: Archaludon
|-activate|p1a: Archaludon|move: Protect
|move|p2b: Pelipper|Hurricane|p1b: Porygon2
|-damage|p1b: Porygon2|70/100
|
|-weather|RainDance|[upkeep]
|upkeep
|turn|6
|
|t:|1756699506
|switch|p1a: Sneasler|Sneasler, L50, F|56/100
|move|p2a: Basculegion|Last Respects|p1a: Sneasler
|-damage|p1a: Sneasler|0 fnt
|faint|p1a: Sneasler
|move|p2b: Pelipper|Hurricane|p1b: Porygon2
|-damage|p1b: Porygon2|41/100
|move|p1b: Porygon2|Ice Beam|p2a: Basculegion
|-supereffective|p2a: Basculegion
|-damage|p2a: Basculegion|14/100
|
|-weather|RainDance|[upkeep]
|-end|p2b: Pelipper|move: Taunt
|upkeep
|
|t:|1756699518
|switch|p1a: Archaludon|Archaludon, L50, M, shiny|100/100
|turn|7
|
|t:|1756699532
|move|p1a: Archaludon|Protect|p1a: Archaludon
|-singleturn|p1a: Archaludon|Protect
|move|p2a: Basculegion|Last Respects|p1a: Archaludon
|-activate|p1a: Archaludon|move: Protect
|move|p2b: Pelipper|Weather Ball|p1b: Porygon2
|-damage|p1b: Porygon2|3/100
|move|p1b: Porygon2|Ice Beam|p2a: Basculegion
|-supereffective|p2a: Basculegion
|-damage|p2a: Basculegion|0 fnt
|faint|p2a: Basculegion
|
|-weather|RainDance|[upkeep]
|upkeep
|turn|8
|
|t:|1756699548
|-terastallize|p1a: Archaludon|Electric
|move|p1a: Archaludon|Electro Shot||[still]
|-prepare|p1a: Archaludon|Electro Shot
|-boost|p1a: Archaludon|spa|1
|-anim|p1a: Archaludon|Electro Shot|p2b: Pelipper
|-supereffective|p2b: Pelipper
|-enditem|p2b: Pelipper|Focus Sash
|-damage|p2b: Pelipper|1/100
|move|p2b: Pelipper|Hurricane|p1a: Archaludon
|-resisted|p1a: Archaludon
|-damage|p1a: Archaludon|67/100
|-start|p1a: Archaludon|confusion
|move|p1b: Porygon2|Tera Blast|p2b: Pelipper
|-damage|p2b: Pelipper|0 fnt
|faint|p2b: Pelipper
|
|win|Jakobtc
|inactive|Jakobtc has 30 seconds to confirm battle start!
|inactive|AlexTrebekVGC has 30 seconds to confirm battle start!
