|j|☆palle synchro
|j|☆Nova2309
|html|palle synchroNova2309    
|uhtml|bestof|Game 2 of a best-of-3
|t:|1784836734
|gametype|doubles
|player|p1|palle synchro|volkner|1424
|player|p2|Nova2309|265|1452
|gen|9
|tier|[Gen 9 Champions] VGC 2026 Reg M-B (Bo3)
|rated|
|rule|Species Clause: Limit one of each Pokémon
|rule|Item Clause: Limit 1 of each item
|clearpoke
|poke|p1|Charizard, L50, F|
|poke|p1|Venusaur, L50, F|
|poke|p1|Sableye, L50, M|
|poke|p1|Archaludon, L50, M|
|poke|p1|Pelipper, L50, F|
|poke|p1|Swampert, L50, F|
|poke|p2|Charizard, L50, M|
|poke|p2|Garchomp, L50, F|
|poke|p2|Incineroar, L50, M|
|poke|p2|Venusaur, L50, M|
|poke|p2|Toxapex, L50, M|
|poke|p2|Sylveon, L50, F|
|teampreview|4
|showteam|p1|Charizard||CharizarditeY|Blaze|HeatWave,WeatherBall,Hurricane,Protect|Modest||F|||50|]Venusaur||FocusSash|Chlorophyll|EnergyBall,SludgeBomb,EarthPower,SleepPowder|Modest||F|||50|]Sableye||LightClay|Prankster|LightScreen,Reflect,RainDance,WillOWisp|Sassy||M|||50|]Archaludon||Leftovers|Stamina|ElectroShot,DragonPulse,FlashCannon,Protect|Modest||M|||50|]Pelipper||SitrusBerry|Drizzle|WeatherBall,Hurricane,Tailwind,Protect|Modest||F|||50|]Swampert||Swampertite|Torrent|WaveCrash,HighHorsepower,IcePunch,Protect|Adamant||F|||50|
|showteam|p2|Charizard||CharizarditeY|Blaze|WeatherBall,HeatWave,AncientPower,Protect|Modest||M|||50|]Garchomp||ChoiceScarf|RoughSkin|RockSlide,DragonClaw,Earthquake,StompingTantrum|Adamant||F|||50|]Incineroar||SitrusBerry|Intimidate|FlareBlitz,FakeOut,DarkestLariat,PartingShot|Impish||M|||50|]Venusaur||LifeOrb|Chlorophyll|SludgeBomb,LeafStorm,EarthPower,Protect|Modest||M|||50|]Toxapex||Leftovers|Regenerator|Infestation,Toxic,WideGuard,BanefulBunker|Bold||M|||50|]Sylveon||FairyFeather|Pixilate|HyperVoice,QuickAttack,Yawn,Detect|Modest||F|||50|
|inactive|Battle timer is ON: inactive players will automatically lose when time's up. (requested by palle synchro)
|inactive|palle synchro has 60 seconds left.
|
|t:|1784836781
|teamsize|p1|4
|teamsize|p2|4
|start
|switch|p1a: Charizard|Charizard, L50, F|100/100
|switch|p1b: Venusaur|Venusaur, L50, F|100/100
|switch|p2a: Charizard|Charizard, L50, M|100/100
|switch|p2b: Garchomp|Garchomp, L50, F|100/100
|turn|1
|inactive|palle synchro has 30 seconds left.
|
|t:|1784836814
|detailschange|p1a: Charizard|Charizard-Mega-Y, L50, F
|-mega|p1a: Charizard|Charizard|Charizardite Y
|-weather|SunnyDay|[from] ability: Drought|[of] p1a: Charizard
|detailschange|p2a: Charizard|Charizard-Mega-Y, L50, M
|-mega|p2a: Charizard|Charizard|Charizardite Y
|move|p1a: Charizard|Protect|p1a: Charizard
|-singleturn|p1a: Charizard|Protect
|move|p1b: Venusaur|Energy Ball|p2b: Garchomp
|-damage|p2b: Garchomp|53/100
|move|p2b: Garchomp|Rock Slide|p1a: Charizard|[spread] p1b
|-activate|p1a: Charizard|move: Protect
|-damage|p1b: Venusaur|73/100
|move|p2a: Charizard|Heat Wave|p1b: Venusaur|[spread] p1b
|-activate|p1a: Charizard|move: Protect
|-supereffective|p1b: Venusaur|1
|-damage|p1b: Venusaur|0 fnt
|faint|p1b: Venusaur
|
|-weather|SunnyDay|[upkeep]
|upkeep
|
|t:|1784836830
|switch|p1b: Archaludon|Archaludon, L50, M|100/100
|turn|2
|
|t:|1784836840
|switch|p2a: Venusaur|Venusaur, L50, M|100/100
|move|p2b: Garchomp|Rock Slide|p1b: Archaludon|[spread] p1a,p1b
|-supereffective|p1a: Charizard|2
|-resisted|p1b: Archaludon|1
|-crit|p1b: Archaludon
|-damage|p1a: Charizard|14/100
|-damage|p1b: Archaludon|89/100
|-ability|p1b: Archaludon|Stamina|boost
|-boost|p1b: Archaludon|def|1
|move|p1a: Charizard|Weather Ball|p2a: Venusaur
|-supereffective|p2a: Venusaur|1
|-damage|p2a: Venusaur|0 fnt
|faint|p2a: Venusaur
|cant|p1b: Archaludon|flinch
|
|-weather|SunnyDay|[upkeep]
|-heal|p1b: Archaludon|95/100|[from] item: Leftovers
|upkeep
|
|t:|1784836844
|switch|p2a: Sylveon|Sylveon, L50, F|100/100
|turn|3
|
|t:|1784836867
|switch|p1a: Pelipper|Pelipper, L50, F|100/100
|-weather|RainDance|[from] ability: Drizzle|[of] p1a: Pelipper
|move|p2b: Garchomp|Rock Slide|p1a: Pelipper|[spread] p1a,p1b
|-supereffective|p1a: Pelipper|1
|-resisted|p1b: Archaludon|1
|-damage|p1a: Pelipper|59/100
|-damage|p1b: Archaludon|90/100
|-ability|p1b: Archaludon|Stamina|boost
|-boost|p1b: Archaludon|def|1
|move|p1b: Archaludon|Electro Shot||[still]
|-prepare|p1b: Archaludon|Electro Shot
|-boost|p1b: Archaludon|spa|1
|-anim|p1b: Archaludon|Electro Shot|p2a: Sylveon
|-damage|p2a: Sylveon|51/100
|move|p2a: Sylveon|Yawn|p1b: Archaludon
|-start|p1b: Archaludon|move: Yawn|[of] p2a: Sylveon
|
|-weather|RainDance|[upkeep]
|-heal|p1b: Archaludon|96/100|[from] item: Leftovers
|upkeep
|turn|4
|
|t:|1784836881
|move|p2a: Sylveon|Detect|p2a: Sylveon
|-singleturn|p2a: Sylveon|Protect
|move|p2b: Garchomp|Rock Slide|p1b: Archaludon|[spread] p1a,p1b
|-supereffective|p1a: Pelipper|1
|-resisted|p1b: Archaludon|1
|-damage|p1a: Pelipper|16/100
|-damage|p1b: Archaludon|92/100
|-ability|p1b: Archaludon|Stamina|boost
|-boost|p1b: Archaludon|def|1
|-enditem|p1a: Pelipper|Sitrus Berry|[eat]
|-heal|p1a: Pelipper|41/100|[from] item: Sitrus Berry
|move|p1b: Archaludon|Flash Cannon|p2a: Sylveon
|-activate|p2a: Sylveon|move: Protect
|move|p1a: Pelipper|Tailwind|p1a: Pelipper
|-sidestart|p1: palle synchro|move: Tailwind
|
|-weather|RainDance|[upkeep]
|-heal|p1b: Archaludon|98/100|[from] item: Leftovers
|-end|p1b: Archaludon|move: Yawn|[silent]
|-status|p1b: Archaludon|slp
|upkeep
|turn|5
|
|t:|1784836890
|move|p2b: Garchomp|Rock Slide|p1b: Archaludon|[spread] p1a,p1b
|-supereffective|p1a: Pelipper|1
|-resisted|p1b: Archaludon|1
|-damage|p1a: Pelipper|0 fnt
|-damage|p1b: Archaludon|95/100 slp
|-ability|p1b: Archaludon|Stamina|boost
|-boost|p1b: Archaludon|def|1
|faint|p1a: Pelipper
|cant|p1b: Archaludon|slp
|move|p2a: Sylveon|Hyper Voice|p1b: Archaludon
|-damage|p1b: Archaludon|43/100 slp
|-ability|p1b: Archaludon|Stamina|boost
|-boost|p1b: Archaludon|def|1
|
|-weather|RainDance|[upkeep]
|-heal|p1b: Archaludon|49/100 slp|[from] item: Leftovers
|upkeep
|
|t:|1784836900
|switch|p1a: Charizard|Charizard-Mega-Y, L50, F|14/100
|-weather|SunnyDay|[from] ability: Drought|[of] p1a: Charizard
|turn|6
|
|t:|1784836920
|move|p1a: Charizard|Hurricane|p2b: Garchomp
|-damage|p2b: Garchomp|0 fnt
|faint|p2b: Garchomp
|cant|p1b: Archaludon|slp
|move|p2a: Sylveon|Hyper Voice|p1b: Archaludon|[spread] p1a,p1b
|-resisted|p1a: Charizard|1
|-damage|p1a: Charizard|0 fnt
|-damage|p1b: Archaludon|6/100 slp
|-ability|p1b: Archaludon|Stamina|boost
|-boost|p1b: Archaludon|def|1
|faint|p1a: Charizard
|
|-weather|SunnyDay|[upkeep]
|-heal|p1b: Archaludon|12/100 slp|[from] item: Leftovers
|upkeep
|
|t:|1784836922
|switch|p2b: Charizard|Charizard-Mega-Y, L50, M|100/100
|turn|7
|-message|palle synchro forfeited.
|
|win|Nova2309
