|j|☆ming0mang0
|j|☆inadomi
|html|ming0mang0inadomi    
|uhtml|bestof|Game 1 of a best-of-3
|t:|1757099558
|gametype|doubles
|player|p1|ming0mang0|harlequin|1153
|player|p2|inadomi|lady-gen4|1054
|gen|9
|tier|[Gen 9] VGC 2025 Reg H (Bo3)
|rated|
|rule|Species Clause: Limit one of each Pokémon
|rule|Item Clause: Limit 1 of each item
|clearpoke
|poke|p1|Excadrill, L50, M|
|poke|p1|Tyranitar, L50, M|
|poke|p1|Sneasler, L50, M|
|poke|p1|Indeedee, L50, M|
|poke|p1|Corviknight, L50, M|
|poke|p1|Annihilape, L50, M|
|poke|p2|Indeedee, L50, M|
|poke|p2|Drifblim, L50, M|
|poke|p2|Volcarona, L50, F|
|poke|p2|Kommo-o, L50, M|
|poke|p2|Toxtricity, L50, M|
|poke|p2|Hydreigon, L50, M|
|teampreview|4
|showteam|p1|Excadrill||FocusSash|SandRush|IronHead,HighHorsepower,Earthquake,Protect|||M|||50|,,,,,Stellar]Tyranitar||AssaultVest|SandStream|RockSlide,KnockOff,TeraBlast,LowKick|||M|||50|,,,,,Flying]Sneasler||PsychicSeed|Unburden|DireClaw,CloseCombat,ThroatChop,Protect|||M|||50|,,,,,Dark]Indeedee||ChoiceScarf|PsychicSurge|ExpandingForce,TeraBlast,Protect,Trick|||M|||50|,,,,,Psychic]Corviknight||Leftovers|MirrorArmor|BulkUp,BraveBird,Roost,Tailwind|||M|||50|,,,,,Dragon]Annihilape||SafetyGoggles|Defiant|CloseCombat,FinalGambit,RageFist,Taunt|||M|||50|,,,,,Water
|showteam|p2|Indeedee||FocusSash|PsychicSurge|ExpandingForce,TeraBlast,Imprison,TrickRoom|||M|||50|,,,,,Ground]Drifblim||PsychicSeed|Unburden|Acrobatics,WillOWisp,StrengthSap,Tailwind|||M|||50|,,,,,Flying]Volcarona||LifeOrb|FlameBody|BugBuzz,HeatWave,TeraBlast,GigaDrain|||F|||50|,,,,,Fairy]Kommo-o||Leftovers|Soundproof|BodyPress,Flamethrower,IronDefense,Protect|||M|||50|,,,,,Fire]Toxtricity||ChoiceSpecs|PunkRock|Overdrive,SludgeBomb,Boomburst,VoltSwitch|||M|||50|,,,,,Normal]Hydreigon||AssaultVest|Levitate|DarkPulse,DracoMeteor,FlashCannon,Snarl|||M|||50|,,,,,Ghost
|inactive|Battle timer is ON: inactive players will automatically lose when time's up. (requested by inadomi)
|inactive|ming0mang0 has 60 seconds left.
|inactive|ming0mang0 has 30 seconds left.
|inactive|ming0mang0 has 20 seconds left.
|inactive|ming0mang0 has 15 seconds left.
|inactive|ming0mang0 has 10 seconds left.
|inactive|ming0mang0 has 5 seconds left.
|
|t:|1757099647
|teamsize|p1|4
|teamsize|p2|4
|start
|switch|p1a: Excadrill|Excadrill, L50, M|100/100
|switch|p1b: Tyranitar|Tyranitar, L50, M|100/100
|switch|p2a: Drifblim|Drifblim, L50, M|100/100
|switch|p2b: Kommo-o|Kommo-o, L50, M|100/100
|-weather|Sandstorm|[from] ability: Sand Stream|[of] p1b: Tyranitar
|turn|1
|inactive|ming0mang0 has 30 seconds left.
|inactive|inadomi has 30 seconds left.
|inactive|ming0mang0 has 20 seconds left.
|inactive|ming0mang0 has 15 seconds left.
|inactive|inadomi has 20 seconds left.
|inactive|ming0mang0 has 10 seconds left.
|inactive|ming0mang0 has 5 seconds left.
|
|t:|1757099702
|-terastallize|p1b: Tyranitar|Flying
|move|p1a: Excadrill|Protect|p1a: Excadrill
|-singleturn|p1a: Excadrill|Protect
|move|p2a: Drifblim|Tailwind|p2a: Drifblim
|-sidestart|p2: inadomi|move: Tailwind
|move|p2b: Kommo-o|Body Press|p1a: Excadrill
|-activate|p1a: Excadrill|move: Protect
|move|p1b: Tyranitar|Tera Blast|p2b: Kommo-o|[anim] Tera Blast Flying
|-supereffective|p2b: Kommo-o
|-damage|p2b: Kommo-o|38/100
|
|-weather|Sandstorm|[upkeep]
|-damage|p2a: Drifblim|94/100|[from] Sandstorm
|-damage|p2b: Kommo-o|32/100|[from] Sandstorm
|-damage|p1b: Tyranitar|95/100|[from] Sandstorm
|-heal|p2b: Kommo-o|38/100|[from] item: Leftovers
|upkeep
|turn|2
|inactive|ming0mang0 has 30 seconds left.
|inactive|inadomi has 30 seconds left.
|inactive|ming0mang0 has 20 seconds left.
|inactive|inadomi has 20 seconds left.
|inactive|ming0mang0 has 15 seconds left.
|inactive|ming0mang0 has 10 seconds left.
|inactive|inadomi has 15 seconds left.
|inactive|inadomi has 10 seconds left.
|
|t:|1757099753
|move|p1a: Excadrill|High Horsepower|p2b: Kommo-o
|-damage|p2b: Kommo-o|0 fnt
|faint|p2b: Kommo-o
|move|p2a: Drifblim|Will-O-Wisp|p1b: Tyranitar
|-status|p1b: Tyranitar|brn
|move|p1b: Tyranitar|Tera Blast|p2a: Drifblim|[anim] Tera Blast Flying
|-damage|p2a: Drifblim|68/100
|
|-weather|Sandstorm|[upkeep]
|-damage|p2a: Drifblim|61/100|[from] Sandstorm
|-damage|p1b: Tyranitar|89/100 brn|[from] Sandstorm
|-damage|p1b: Tyranitar|83/100 brn|[from] brn
|upkeep
|
|t:|1757099775
|switch|p2b: Volcarona|Volcarona, L50, F|100/100
|turn|3
|inactive|ming0mang0 has 30 seconds left.
|
|t:|1757099803
|move|p2b: Volcarona|Heat Wave|p1b: Tyranitar|[spread] p1a,p1b
|-supereffective|p1a: Excadrill
|-enditem|p1a: Excadrill|Focus Sash
|-damage|p1a: Excadrill|1/100
|-damage|p1b: Tyranitar|51/100 brn
|-damage|p2b: Volcarona|91/100|[from] item: Life Orb
|move|p1a: Excadrill|Iron Head|p2b: Volcarona
|-resisted|p2b: Volcarona
|-damage|p2b: Volcarona|60/100
|move|p2a: Drifblim|Acrobatics|p1b: Tyranitar
|-damage|p1b: Tyranitar|36/100 brn
|move|p1b: Tyranitar|Rock Slide|p2a: Drifblim|[spread] p2b
|-miss|p1b: Tyranitar|p2a: Drifblim
|-supereffective|p2b: Volcarona
|-damage|p2b: Volcarona|0 fnt
|faint|p2b: Volcarona
|
|-weather|Sandstorm|[upkeep]
|-damage|p2a: Drifblim|55/100|[from] Sandstorm
|-damage|p1b: Tyranitar|30/100 brn|[from] Sandstorm
|-damage|p1b: Tyranitar|24/100 brn|[from] brn
|upkeep
|
|t:|1757099821
|switch|p2b: Indeedee|Indeedee, L50, M|100/100
|-fieldstart|move: Psychic Terrain|[from] ability: Psychic Surge|[of] p2b: Indeedee
|-enditem|p2a: Drifblim|Psychic Seed
|-boost|p2a: Drifblim|spd|1|[from] item: Psychic Seed
|turn|4
|
|t:|1757099846
|move|p2a: Drifblim|Strength Sap|p1b: Tyranitar
|-unboost|p1b: Tyranitar|atk|1
|-heal|p2a: Drifblim|100/100
|move|p2b: Indeedee|Expanding Force|p1b: Tyranitar|[spread] p1a,p1b
|-resisted|p1a: Excadrill
|-damage|p1a: Excadrill|0 fnt
|-damage|p1b: Tyranitar|0 fnt
|faint|p1a: Excadrill
|faint|p1b: Tyranitar
|
|-weather|Sandstorm|[upkeep]
|-damage|p2a: Drifblim|94/100|[from] Sandstorm
|-damage|p2b: Indeedee|95/100|[from] Sandstorm
|-sideend|p2: inadomi|move: Tailwind
|upkeep
|
|t:|1757099864
|switch|p1a: Indeedee|Indeedee, L50, M|100/100
|switch|p1b: Sneasler|Sneasler, L50, M|100/100
|-enditem|p1b: Sneasler|Psychic Seed
|-boost|p1b: Sneasler|spd|1|[from] item: Psychic Seed
|turn|5
|inactive|ming0mang0 has 30 seconds left.
|inactive|inadomi has 30 seconds left.
|inactive|ming0mang0 has 20 seconds left.
|
|t:|1757099901
|move|p1b: Sneasler|Throat Chop|p2b: Indeedee
|-supereffective|p2b: Indeedee
|-damage|p2b: Indeedee|0 fnt
|faint|p2b: Indeedee
|move|p2a: Drifblim|Will-O-Wisp|p1b: Sneasler
|-status|p1b: Sneasler|brn
|move|p1a: Indeedee|Tera Blast|p2a: Drifblim
|-immune|p2a: Drifblim
|
|-weather|none
|-damage|p1b: Sneasler|95/100 brn|[from] brn
|upkeep
|turn|6
|
|t:|1757099921
|move|p1b: Sneasler|Throat Chop|p2a: Drifblim
|-supereffective|p2a: Drifblim
|-damage|p2a: Drifblim|62/100
|-start|p2a: Drifblim|Throat Chop|[silent]
|move|p2a: Drifblim|Acrobatics|p1b: Sneasler
|-supereffective|p1b: Sneasler
|-damage|p1b: Sneasler|0 fnt
|faint|p1b: Sneasler
|move|p1a: Indeedee|Tera Blast|p2a: Drifblim
|-immune|p2a: Drifblim
|
|upkeep
|turn|7
|-message|ming0mang0 forfeited.
|
|win|inadomi
|l|☆ming0mang0
|player|p1|
||inadomi is ready for game 2.
|inactive|ming0mang0 has 30 seconds to confirm battle start!
|inactive|ming0mang0 has 20 seconds to confirm battle start!
||ming0mang0 is ready for game 2.
|uhtml|next|Next: Game 2 of 3
|j|☆ming0mang0
|player|p1|ming0mang0|harlequin|
|l|☆inadomi
|player|p2|
