|j|☆Extroier
|j|☆Needels
|html|ExtroierNeedels    
|uhtml|bestof|Game 2 of a best-of-3
|t:|1756953825
|gametype|doubles
|player|p1|Extroier|265|1106
|player|p2|Needels|eusine|1116
|gen|9
|tier|[Gen 9] VGC 2025 Reg H (Bo3)
|rated|
|rule|Species Clause: Limit one of each Pokémon
|rule|Item Clause: Limit 1 of each item
|clearpoke
|poke|p1|Tinkaton, L50, F|
|poke|p1|Archaludon, L50, F|
|poke|p1|Sneasler, L50, M|
|poke|p1|Charizard, L50, M|
|poke|p1|Torkoal, L50, M|
|poke|p1|Clefairy, L50, F|
|poke|p2|Ursaluna, L50, M|
|poke|p2|Jumpluff, L50, F|
|poke|p2|Charizard, L50, F|
|poke|p2|Torkoal, L50, M|
|poke|p2|Incineroar, L50, M|
|poke|p2|Porygon2, L50|
|teampreview|4
|showteam|p1|Tinkaton||Leftovers|OwnTempo|SwordsDance,GigatonHammer,Protect,FakeOut|||F|||50|,,,,,Dragon]Archaludon||PowerHerb|Stamina|ElectroShot,DracoMeteor,SteelBeam,Protect|||F|||50|,,,,,Steel]Sneasler||FocusSash|Unburden|CloseCombat,DireClaw,Protect,Taunt|||M|||50|,,,,,Ghost]Charizard||CovertCloak|SolarPower|Flamethrower,Protect,AncientPower,SolarBeam|||M|||50|,,,,,Fire]Torkoal||ChoiceSpecs|Drought|HelpingHand,Eruption,Protect,Yawn|||M|||50|,,,,,Fire]Clefairy||Eviolite|FriendGuard|HelpingHand,Protect,FollowMe,LifeDew|||F|||50|,,,,,Grass
|showteam|p2|Ursaluna||FlameOrb|Guts|HeadlongRush,Facade,Earthquake,Protect|||M|||50|,,,,,Ghost]Jumpluff||CovertCloak|Chlorophyll|SleepPowder,SunnyDay,Tailwind,RagePowder|||F|||50|,,,,,Fire]Charizard||ChoiceSpecs|SolarPower|DragonPulse,HeatWave,Overheat,WeatherBall|||F|||50|,,,,,Ghost]Torkoal||EjectPack|Drought|HelpingHand,Eruption,Overheat,Protect|||M|||50|,,,,,Fire]Incineroar||SitrusBerry|Intimidate|FakeOut,FlareBlitz,KnockOff,PartingShot|||M|||50|,,,,,Ghost]Porygon2||Eviolite|Download|TeraBlast,IceBeam,Recover,TrickRoom||||||50|,,,,,Fighting
|inactive|Battle timer is ON: inactive players will automatically lose when time's up. (requested by Extroier)
|
|t:|1756953862
|teamsize|p1|4
|teamsize|p2|4
|start
|switch|p1a: Tinkaton|Tinkaton, L50, F|100/100
|switch|p1b: Clefairy|Clefairy, L50, F|100/100
|switch|p2a: Jumpluff|Jumpluff, L50, F, shiny|100/100
|switch|p2b: Torkoal|Torkoal, L50, M|100/100
|-weather|SunnyDay|[from] ability: Drought|[of] p2b: Torkoal
|turn|1
|inactive|Extroier has 30 seconds left.
|inactive|Needels has 30 seconds left.
|inactive|Extroier has 20 seconds left.
|inactive|Extroier has 15 seconds left.
|inactive|Extroier has 10 seconds left.
|inactive|Extroier has 5 seconds left.
|
|t:|1756953916
|switch|p2b: Charizard|Charizard, L50, F, shiny|100/100
|-terastallize|p1a: Tinkaton|Dragon
|move|p1b: Clefairy|Protect|p1b: Clefairy
|-singleturn|p1b: Clefairy|Protect
|move|p2a: Jumpluff|Tailwind|p2a: Jumpluff
|-sidestart|p2: Needels|move: Tailwind
|move|p1a: Tinkaton|Swords Dance|p1a: Tinkaton
|-boost|p1a: Tinkaton|atk|2
|
|-weather|SunnyDay|[upkeep]
|-damage|p2b: Charizard|88/100|[from] ability: Solar Power|[of] p2b: Charizard
|upkeep
|turn|2
|
|t:|1756953938
|move|p2a: Jumpluff|Rage Powder|p2a: Jumpluff
|-singleturn|p2a: Jumpluff|move: Rage Powder
|move|p1b: Clefairy|Follow Me|p1b: Clefairy
|-singleturn|p1b: Clefairy|move: Follow Me
|move|p2b: Charizard|Heat Wave|p1a: Tinkaton|[spread] p1a,p1b
|-resisted|p1a: Tinkaton
|-damage|p1a: Tinkaton|64/100
|-damage|p1b: Clefairy|29/100
|move|p1a: Tinkaton|Gigaton Hammer|p2a: Jumpluff
|-damage|p2a: Jumpluff|0 fnt
|faint|p2a: Jumpluff
|
|-weather|SunnyDay|[upkeep]
|-damage|p2b: Charizard|76/100|[from] ability: Solar Power|[of] p2b: Charizard
|-heal|p1a: Tinkaton|70/100|[from] item: Leftovers
|upkeep
|
|t:|1756953949
|switch|p2a: Incineroar|Incineroar, L50, M|100/100
|-ability|p2a: Incineroar|Intimidate|boost
|-fail|p1a: Tinkaton|unboost|Attack|[from] ability: Own Tempo|[of] p1a: Tinkaton
|-unboost|p1b: Clefairy|atk|1
|turn|3
|
|t:|1756953960
|move|p1a: Tinkaton|Protect|p1a: Tinkaton
|-singleturn|p1a: Tinkaton|Protect
|move|p1b: Clefairy|Protect|p1b: Clefairy
|-singleturn|p1b: Clefairy|Protect
|move|p2a: Incineroar|Fake Out|p1a: Tinkaton
|-activate|p1a: Tinkaton|move: Protect
|move|p2b: Charizard|Heat Wave|p1a: Tinkaton|[spread] 
|-activate|p1a: Tinkaton|move: Protect
|-activate|p1b: Clefairy|move: Protect
|
|-weather|SunnyDay|[upkeep]
|-damage|p2b: Charizard|63/100|[from] ability: Solar Power|[of] p2b: Charizard
|-heal|p1a: Tinkaton|76/100|[from] item: Leftovers
|upkeep
|turn|4
|inactive|Needels has 30 seconds left.
|inactive|Needels has 20 seconds left.
|inactive|Needels has 15 seconds left.
|
|t:|1756954002
|move|p2b: Charizard|Heat Wave|p1a: Tinkaton|[spread] p1a
|-miss|p2b: Charizard|p1b: Clefairy
|-resisted|p1a: Tinkaton
|-damage|p1a: Tinkaton|38/100
|move|p2a: Incineroar|Flare Blitz|p1a: Tinkaton
|-resisted|p1a: Tinkaton
|-damage|p1a: Tinkaton|5/100
|-damage|p2a: Incineroar|91/100|[from] Recoil
|move|p1a: Tinkaton|Gigaton Hammer|p2a: Incineroar
|-resisted|p2a: Incineroar
|-damage|p2a: Incineroar|29/100
|-enditem|p2a: Incineroar|Sitrus Berry|[eat]
|-heal|p2a: Incineroar|54/100|[from] item: Sitrus Berry
|move|p1b: Clefairy|Life Dew|p1b: Clefairy|[spread] p1a,p1b
|-heal|p1a: Tinkaton|31/100
|-heal|p1b: Clefairy|54/100
|
|-weather|SunnyDay|[upkeep]
|-damage|p2b: Charizard|51/100|[from] ability: Solar Power|[of] p2b: Charizard
|-heal|p1a: Tinkaton|37/100|[from] item: Leftovers
|-sideend|p2: Needels|move: Tailwind
|upkeep
|turn|5
|inactive|Needels has 30 seconds left.
|
|t:|1756954031
|move|p1a: Tinkaton|Protect|p1a: Tinkaton
|-singleturn|p1a: Tinkaton|Protect
|move|p2b: Charizard|Heat Wave|p1a: Tinkaton|[spread] p1b
|-activate|p1a: Tinkaton|move: Protect
|-damage|p1b: Clefairy|0 fnt
|faint|p1b: Clefairy
|move|p2a: Incineroar|Flare Blitz|p1a: Tinkaton
|-activate|p1a: Tinkaton|move: Protect
|
|-weather|none
|-heal|p1a: Tinkaton|43/100|[from] item: Leftovers
|upkeep
|
|t:|1756954046
|switch|p1b: Charizard|Charizard, L50, M|100/100
|turn|6
|inactive|Extroier has 30 seconds left.
|
|t:|1756954072
|switch|p2b: Torkoal|Torkoal, L50, M|100/100
|-weather|SunnyDay|[from] ability: Drought|[of] p2b: Torkoal
|move|p1b: Charizard|Flamethrower|p2b: Torkoal
|-resisted|p2b: Torkoal
|-damage|p2b: Torkoal|33/100
|move|p1a: Tinkaton|Gigaton Hammer|p2a: Incineroar
|-resisted|p2a: Incineroar
|-damage|p2a: Incineroar|0 fnt
|faint|p2a: Incineroar
|
|-weather|SunnyDay|[upkeep]
|-damage|p1b: Charizard|88/100|[from] ability: Solar Power|[of] p1b: Charizard
|-heal|p1a: Tinkaton|49/100|[from] item: Leftovers
|upkeep
|
|t:|1756954081
|switch|p2a: Charizard|Charizard, L50, F, shiny|51/100
|turn|7
|
|t:|1756954094
|-terastallize|p2a: Charizard|Ghost
|move|p2b: Torkoal|Helping Hand|p2a: Charizard
|-singleturn|p2a: Charizard|Helping Hand|[of] p2b: Torkoal
|move|p1a: Tinkaton|Protect|p1a: Tinkaton
|-singleturn|p1a: Tinkaton|Protect
|move|p1b: Charizard|Flamethrower|p2b: Torkoal
|-resisted|p2b: Torkoal
|-damage|p2b: Torkoal|0 fnt
|faint|p2b: Torkoal
|move|p2a: Charizard|Heat Wave|p1b: Charizard|[spread] p1b
|-activate|p1a: Tinkaton|move: Protect
|-resisted|p1b: Charizard
|-damage|p1b: Charizard|0 fnt
|faint|p1b: Charizard
|
|-weather|SunnyDay|[upkeep]
|-damage|p2a: Charizard|38/100|[from] ability: Solar Power|[of] p2a: Charizard
|-heal|p1a: Tinkaton|55/100|[from] item: Leftovers
|upkeep
|
|t:|1756954109
|switch|p1b: Torkoal|Torkoal, L50, M|100/100
|turn|8
|
|t:|1756954129
|move|p2a: Charizard|Heat Wave|p1b: Torkoal|[spread] p1a
|-miss|p2a: Charizard|p1b: Torkoal
|-resisted|p1a: Tinkaton
|-damage|p1a: Tinkaton|2/100
|move|p1a: Tinkaton|Gigaton Hammer|p2a: Charizard
|-damage|p2a: Charizard|0 fnt
|faint|p2a: Charizard
|
|win|Extroier
||Extroier is ready for game 3.
|inactive|Needels has 30 seconds to confirm battle start!
