|j|☆andiom123
|j|☆rowletspin
|html|andiom123rowletspin    
|uhtml|bestof|Game 1 of a best-of-3
|t:|1784689694
|gametype|doubles
|player|p1|andiom123|red|1236
|player|p2|rowletspin|170|1270
|gen|9
|tier|[Gen 9 Champions] VGC 2026 Reg M-B (Bo3)
|rated|
|rule|Species Clause: Limit one of each Pokémon
|rule|Item Clause: Limit 1 of each item
|clearpoke
|poke|p1|Incineroar, L50, M|
|poke|p1|Farigiraf, L50, F|
|poke|p1|Sylveon, L50, M|
|poke|p1|Torkoal, L50, F|
|poke|p1|Kangaskhan, L50, F|
|poke|p1|Mawile, L50, M|
|poke|p2|Raichu, L50, M|
|poke|p2|Corviknight, L50, M|
|poke|p2|Sylveon, L50, M|
|poke|p2|Basculegion, L50, M|
|poke|p2|Mamoswine, L50, F|
|poke|p2|Tyranitar, L50, M|
|teampreview|4
|showteam|p1|Incineroar||MuscleBand|Intimidate|ThroatChop,FlareBlitz,FakeOut,PartingShot|Brave||M|||50|]Farigiraf||SitrusBerry|ArmorTail|FoulPlay,PsychicNoise,TrickRoom,HelpingHand|Relaxed||F|||50|]Sylveon||FairyFeather|Pixilate|HyperVoice,HyperBeam,Yawn,Detect|Modest||M|||50|]Torkoal||Charcoal|Drought|Eruption,EarthPower,Flamethrower,Protect|Quiet||F|||50|]Kangaskhan||Kangaskhanite|Scrappy|DoubleEdge,FakeOut,IcePunch,HammerArm|Brave||F|||50|]Mawile||Mawilite|HyperCutter|RockSlide,PlayRough,SuckerPunch,Protect|Brave||M|||50|
|showteam|p2|Raichu||RaichuniteY|LightningRod|ZapCannon,FocusBlast,FakeOut,Protect|Timid||M|||50|]Corviknight||Leftovers|MirrorArmor|BraveBird,IronHead,Tailwind,Protect|Careful||M|||50|]Sylveon||FairyFeather|Pixilate|HyperVoice,QuickAttack,Protect,Yawn|Modest||M|||50|]Basculegion||MysticWater|Adaptability|WaveCrash,LastRespects,AquaJet,Protect|Adamant||M|||50|]Mamoswine||LifeOrb|Oblivious|HighHorsepower,IcicleCrash,IceShard,Protect|Adamant||F|||50|]Tyranitar||FocusSash|SandStream|RockSlide,KnockOff,Superpower,Protect|Adamant||M|||50|
|inactive|Battle timer is ON: inactive players will automatically lose when time's up. (requested by rowletspin)
|inactive|andiom123 has 60 seconds left.
|inactive|rowletspin has 60 seconds left.
|
|t:|1784689738
|teamsize|p1|4
|teamsize|p2|4
|start
|switch|p1a: Farigiraf|Farigiraf, L50, F|100/100
|switch|p1b: Kangaskhan|Kangaskhan, L50, F|100/100
|switch|p2a: Corviknight|Corviknight, L50, M|100/100
|switch|p2b: Sylveon|Sylveon, L50, M|100/100
|turn|1
|
|t:|1784689755
|detailschange|p1b: Kangaskhan|Kangaskhan-Mega, L50, F
|-mega|p1b: Kangaskhan|Kangaskhan|Kangaskhanite
|move|p2b: Sylveon|Protect|p2b: Sylveon
|-singleturn|p2b: Sylveon|Protect
|move|p1b: Kangaskhan|Fake Out|p2b: Sylveon
|-activate|p2b: Sylveon|move: Protect
|move|p2a: Corviknight|Iron Head|p1a: Farigiraf
|-damage|p1a: Farigiraf|79/100
|move|p1a: Farigiraf|Trick Room|p1a: Farigiraf
|-fieldstart|move: Trick Room|[of] p1a: Farigiraf
|
|upkeep
|turn|2
|inactive|andiom123 has 30 seconds left.
|
|t:|1784689789
|switch|p2b: Basculegion|Basculegion, L50, M|100/100
|move|p1a: Farigiraf|Helping Hand|p1b: Kangaskhan
|-singleturn|p1b: Kangaskhan|Helping Hand|[of] p1a: Farigiraf
|move|p2a: Corviknight|Iron Head|p1a: Farigiraf
|-damage|p1a: Farigiraf|58/100
|move|p1b: Kangaskhan|Double-Edge|p2b: Basculegion
|-immune|p2b: Basculegion
|
|upkeep
|turn|3
|inactive|andiom123 has 30 seconds left.
|inactive|andiom123 has 20 seconds left.
|
|t:|1784689829
|move|p2b: Basculegion|Protect|p2b: Basculegion
|-singleturn|p2b: Basculegion|Protect
|move|p1a: Farigiraf|Foul Play|p2b: Basculegion
|-activate|p2b: Basculegion|move: Protect
|move|p2a: Corviknight|Iron Head|p1b: Kangaskhan
|-damage|p1b: Kangaskhan|75/100
|move|p1b: Kangaskhan|Hammer Arm|p2a: Corviknight|[miss]
|-miss|p1b: Kangaskhan|p2a: Corviknight
|
|upkeep
|turn|4
|inactive|andiom123 has 30 seconds left.
|inactive|andiom123 has 20 seconds left.
|inactive|andiom123 has 15 seconds left.
|inactive|andiom123 has 10 seconds left.
|
|t:|1784689874
|switch|p2b: Tyranitar|Tyranitar, L50, M|100/100
|-weather|Sandstorm|[from] ability: Sand Stream|[of] p2b: Tyranitar
|move|p1a: Farigiraf|Foul Play|p2b: Tyranitar
|-resisted|p2b: Tyranitar|1
|-crit|p2b: Tyranitar
|-damage|p2b: Tyranitar|72/100
|move|p2a: Corviknight|Iron Head|p1b: Kangaskhan
|-damage|p1b: Kangaskhan|52/100
|move|p1b: Kangaskhan|Hammer Arm|p2a: Corviknight
|-damage|p2a: Corviknight|66/100
|-unboost|p1b: Kangaskhan|spe|1
|-damage|p2a: Corviknight|58/100
|-unboost|p1b: Kangaskhan|spe|1
|-hitcount|p2a: Corviknight|2
|
|-weather|Sandstorm|[upkeep]
|-damage|p1b: Kangaskhan|46/100|[from] Sandstorm
|-damage|p1a: Farigiraf|52/100|[from] Sandstorm
|-heal|p2a: Corviknight|64/100|[from] item: Leftovers
|upkeep
|turn|5
|inactive|andiom123 has 30 seconds left.
|inactive|andiom123 has 20 seconds left.
|
|t:|1784689912
|switch|p1a: Torkoal|Torkoal, L50, F|100/100
|-weather|SunnyDay|[from] ability: Drought|[of] p1a: Torkoal
|move|p2b: Tyranitar|Protect|p2b: Tyranitar
|-singleturn|p2b: Tyranitar|Protect
|move|p1b: Kangaskhan|Hammer Arm|p2b: Tyranitar
|-activate|p2b: Tyranitar|move: Protect
|move|p2a: Corviknight|Iron Head|p1a: Torkoal
|-resisted|p1a: Torkoal|1
|-damage|p1a: Torkoal|88/100
|
|-weather|SunnyDay|[upkeep]
|-heal|p2a: Corviknight|70/100|[from] item: Leftovers
|-fieldend|move: Trick Room
|upkeep
|turn|6
|inactive|andiom123 has 30 seconds left.
|
|t:|1784689943
|move|p2b: Tyranitar|Rock Slide|p1a: Torkoal|[spread] p1a,p1b
|-supereffective|p1a: Torkoal|1
|-damage|p1a: Torkoal|40/100
|-damage|p1b: Kangaskhan|16/100
|move|p2a: Corviknight|Brave Bird|p1b: Kangaskhan
|-damage|p1b: Kangaskhan|0 fnt
|faint|p1b: Kangaskhan
|-damage|p2a: Corviknight|64/100|[from] Recoil
|move|p1a: Torkoal|Flamethrower|p2a: Corviknight
|-supereffective|p2a: Corviknight|1
|-crit|p2a: Corviknight
|-damage|p2a: Corviknight|0 fnt
|faint|p2a: Corviknight
|
|-weather|SunnyDay|[upkeep]
|upkeep
|
|t:|1784689965
|switch|p1b: Farigiraf|Farigiraf, L50, F|52/100
|switch|p2a: Sylveon|Sylveon, L50, M|100/100
|turn|7
|inactive|andiom123 has 30 seconds left.
|
|t:|1784689990
|move|p1a: Torkoal|Protect|p1a: Torkoal
|-singleturn|p1a: Torkoal|Protect
|move|p2b: Tyranitar|Knock Off|p1b: Farigiraf
|-supereffective|p1b: Farigiraf|1
|-damage|p1b: Farigiraf|0 fnt
|-enditem|p1b: Farigiraf|Sitrus Berry|[from] move: Knock Off|[of] p2b: Tyranitar
|faint|p1b: Farigiraf
|move|p2a: Sylveon|Hyper Voice|p1a: Torkoal
|-activate|p1a: Torkoal|move: Protect
|
|-weather|SunnyDay|[upkeep]
|upkeep
|-message|andiom123 forfeited.
|
|win|rowletspin
||andiom123 is ready for game 2.
||rowletspin is ready for game 2.
|uhtml|next|Next: Game 2 of 3
