|j|☆jomivgc
|j|☆Ani raev98
|html|jomivgcAni raev98    
|uhtml|bestof|Game 1 of a best-of-3
|t:|1783709030
|gametype|doubles
|player|p1|jomivgc|falkner-gen2|1122
|player|p2|Ani raev98|102|1113
|gen|9
|tier|[Gen 9 Champions] VGC 2026 Reg M-B (Bo3)
|rated|
|rule|Species Clause: Limit one of each Pokémon
|rule|Item Clause: Limit 1 of each item
|clearpoke
|poke|p1|Kleavor, L50, M|
|poke|p1|Sinistcha, L50|
|poke|p1|Archaludon, L50, F|
|poke|p1|Swampert, L50, F|
|poke|p1|Froslass, L50, F|
|poke|p1|Pelipper, L50, M|
|poke|p2|Aerodactyl, L50, M|
|poke|p2|Pinsir, L50, F|
|poke|p2|Garchomp, L50, F|
|poke|p2|Empoleon, L50, M|
|poke|p2|Ninetales-Alola, L50, F|
|poke|p2|Raichu, L50, M|
|teampreview|4
|showteam|p1|Kleavor||ChoiceScarf|Sharpness|StoneAxe,XScissor,CloseCombat,NightSlash|Jolly||M|||50|]Sinistcha||KasibBerry|Hospitality|MatchaGotcha,Protect,RagePowder,TrickRoom|Modest|||||50|]Archaludon||Leftovers|Stamina|FlashCannon,Protect,ElectroShot,DragonPulse|Modest||F|||50|]Swampert||Swampertite|Damp|WaveCrash,Earthquake,RockSlide,Protect|Adamant||F|||50|]Froslass||Froslassite|CursedBody|Blizzard,RainDance,AuroraVeil,Protect|Modest||F|||50|]Pelipper||FocusSash|Drizzle|Hurricane,WeatherBall,Soak,Tailwind|Modest||M|||50|
|showteam|p2|Aerodactyl||FocusSash|Unnerve|Tailwind,WideGuard,DualWingbeat,Whirlwind|Jolly||M|||50|]Pinsir||Pinsirite|HyperCutter|Lunge,BodySlam,ThroatChop,Protect|Adamant||F|||50|]Garchomp||LifeOrb|RoughSkin|Earthquake,DragonClaw,RockSlide,Protect|Jolly||F|||50|]Empoleon||ExpertBelt|Competitive|HydroPump,FlashCannon,GrassKnot,Protect|Modest||M|||50|]Ninetales-Alola||SitrusBerry|SnowWarning|Blizzard,AuroraVeil,Moonblast,Encore|Modest||F|||50|]Raichu||Magnet|LightningRod|VoltTackle,FakeOut,BrickBreak,Encore|Adamant||M|||50|
|inactive|Battle timer is ON: inactive players will automatically lose when time's up. (requested by Ani raev98)
|inactive|jomivgc also wants the timer to be on.
|inactive|jomivgc has 60 seconds left.
|inactive|Ani raev98 has 60 seconds left.
|inactive|jomivgc has 30 seconds left.
|
|t:|1783709093
|teamsize|p1|4
|teamsize|p2|4
|start
|switch|p1a: Kleavor|Kleavor, L50, M|100/100
|switch|p1b: Swampert|Swampert, L50, F|100/100
|switch|p2a: Aerodactyl|Aerodactyl, L50, M|100/100
|switch|p2b: Empoleon|Empoleon, L50, M|100/100
|-ability|p2a: Aerodactyl|Unnerve
|turn|1
|inactive|jomivgc has 30 seconds left.
|inactive|Ani raev98 has 30 seconds left.
|inactive|Ani raev98 has 20 seconds left.
|inactive|Ani raev98 has 15 seconds left.
|inactive|Ani raev98 has 10 seconds left.
|
|t:|1783709139
|switch|p2a: Pinsir|Pinsir, L50, F|100/100
|detailschange|p1b: Swampert|Swampert-Mega, L50, F
|-mega|p1b: Swampert|Swampert|Swampertite
|move|p1b: Swampert|Protect|p1b: Swampert
|-singleturn|p1b: Swampert|Protect
|move|p1a: Kleavor|Stone Axe|p2a: Pinsir
|-supereffective|p2a: Pinsir|1
|-damage|p2a: Pinsir|0 fnt
|-sidestart|p2: Ani raev98|move: Stealth Rock
|faint|p2a: Pinsir
|move|p2b: Empoleon|Grass Knot|p1b: Swampert
|-activate|p1b: Swampert|move: Protect
|
|upkeep
|
|t:|1783709152
|switch|p2a: Aerodactyl|Aerodactyl, L50, M|100/100
|-ability|p2a: Aerodactyl|Unnerve
|-damage|p2a: Aerodactyl|75/100|[from] Stealth Rock
|turn|2
|inactive|Ani raev98 has 30 seconds left.
|
|t:|1783709179
|switch|p1b: Archaludon|Archaludon, L50, F|100/100
|move|p1a: Kleavor|Stone Axe|p2a: Aerodactyl|[miss]
|-miss|p1a: Kleavor|p2a: Aerodactyl
|move|p2a: Aerodactyl|Dual Wingbeat|p1b: Archaludon
|-resisted|p1b: Archaludon|1
|-damage|p1b: Archaludon|94/100
|-ability|p1b: Archaludon|Stamina|boost
|-boost|p1b: Archaludon|def|1
|-resisted|p1b: Archaludon|1
|-damage|p1b: Archaludon|90/100
|-ability|p1b: Archaludon|Stamina|boost
|-boost|p1b: Archaludon|def|1
|-hitcount|p1b: Archaludon|2
|move|p2b: Empoleon|Flash Cannon|p1a: Kleavor
|-supereffective|p1a: Kleavor|1
|-damage|p1a: Kleavor|0 fnt
|faint|p1a: Kleavor
|
|-heal|p1b: Archaludon|96/100|[from] item: Leftovers
|upkeep
|
|t:|1783709199
|switch|p1a: Swampert|Swampert-Mega, L50, F|100/100
|turn|3
|
|t:|1783709220
|move|p1b: Archaludon|Protect|p1b: Archaludon
|-singleturn|p1b: Archaludon|Protect
|move|p2b: Empoleon|Protect|p2b: Empoleon
|-singleturn|p2b: Empoleon|Protect
|move|p2a: Aerodactyl|Tailwind|p2a: Aerodactyl
|-sidestart|p2: Ani raev98|move: Tailwind
|move|p1a: Swampert|Wave Crash|p2a: Aerodactyl
|-supereffective|p2a: Aerodactyl|1
|-damage|p2a: Aerodactyl|0 fnt
|faint|p2a: Aerodactyl
|-damage|p1a: Swampert|73/100|[from] Recoil
|
|-heal|p1b: Archaludon|100/100|[from] item: Leftovers
|upkeep
|
|t:|1783709223
|switch|p2a: Ninetales|Ninetales-Alola, L50, F|100/100
|-damage|p2a: Ninetales|75/100|[from] Stealth Rock
|-weather|Snowscape|[from] ability: Snow Warning|[of] p2a: Ninetales
|turn|4
|
|t:|1783709244
|switch|p1a: Pelipper|Pelipper, L50, M|100/100
|-weather|RainDance|[from] ability: Drizzle|[of] p1a: Pelipper
|move|p2a: Ninetales|Blizzard|p1b: Archaludon|[spread] p1a,p1b
|-damage|p1a: Pelipper|37/100
|-damage|p1b: Archaludon|63/100
|-ability|p1b: Archaludon|Stamina|boost
|-boost|p1b: Archaludon|def|1
|move|p2b: Empoleon|Grass Knot|p1a: Pelipper
|-damage|p1a: Pelipper|4/100
|move|p1b: Archaludon|Flash Cannon|p2a: Ninetales
|-supereffective|p2a: Ninetales|2
|-crit|p2a: Ninetales
|-damage|p2a: Ninetales|0 fnt
|faint|p2a: Ninetales
|
|-weather|RainDance|[upkeep]
|-heal|p1b: Archaludon|69/100|[from] item: Leftovers
|upkeep
|turn|5
|-message|Ani raev98 forfeited.
|raw|jomivgc's rating: 1122 → 1146(+24 for winning)
|raw|Ani raev98's rating: 1113 → 1089(-24 for losing)
|
|win|jomivgc
