|j|☆dondozo ftw
|j|☆TCM Zaukepoo
|html|dondozo ftwTCM Zaukepoo    
|uhtml|bestof|Game 3 of a best-of-3
|t:|1756692006
|gametype|doubles
|player|p1|dondozo ftw|veteranf|1133
|player|p2|TCM Zaukepoo|101|1137
|gen|9
|tier|[Gen 9] VGC 2025 Reg H (Bo3)
|rated|
|rule|Species Clause: Limit one of each Pokémon
|rule|Item Clause: Limit 1 of each item
|clearpoke
|poke|p1|Dondozo, L50, F|
|poke|p1|Tatsugiri, L50, F|
|poke|p1|Talonflame, L50, F|
|poke|p1|Indeedee, L50, M|
|poke|p1|Sneasler, L50, F|
|poke|p1|Ursaluna-Bloodmoon, L50, M|
|poke|p2|Tyranitar, L50, F|
|poke|p2|Volcarona, L50, F|
|poke|p2|Ursaluna, L50, M|
|poke|p2|Dragonite, L50, M|
|poke|p2|Incineroar, L50, F|
|poke|p2|Gholdengo, L50|
|teampreview|4
|showteam|p1|Dondozo||Leftovers|Unaware|WaveCrash,Earthquake,Protect,BodyPress|||F|||50|,,,,,Grass]Tatsugiri||ChoiceScarf|Commander|MuddyWater,IcyWind,DracoMeteor,DragonPulse|||F|||50|,,,,,Water]Talonflame||CovertCloak|GaleWings|BraveBird,FlareBlitz,Tailwind,WillOWisp|||F|||50|,,,,,Ghost]Indeedee||FocusSash|PsychicSurge|ExpandingForce,Protect,HelpingHand,TrickRoom|||M|||50|,,,,,Psychic]Sneasler||PsychicSeed|Unburden|DireClaw,CloseCombat,ThroatChop,Protect|||F|||50|,,,,,Dark]Ursaluna-Bloodmoon||LifeOrb|MindsEye|BloodMoon,HyperVoice,EarthPower,Protect|||M|||50|,,,,,Normal
|showteam|p2|Tyranitar||AssaultVest|SandStream|RockSlide,KnockOff,TeraBlast,LowKick|||F|||50|,,,,,Flying]Volcarona||CovertCloak|FlameBody|HeatWave,GigaDrain,QuiverDance,Protect|||F|||50|,,,,,Grass]Ursaluna||FlameOrb|Guts|HeadlongRush,Facade,Earthquake,Protect|||M|||50|,,,,,Ghost]Dragonite||LoadedDice|InnerFocus|ScaleShot,ExtremeSpeed,StompingTantrum,Tailwind|||M|||50|,,,,,Steel]Incineroar||SafetyGoggles|Intimidate|FakeOut,KnockOff,PartingShot,FlareBlitz|||F|||50|,,,,,Ghost]Gholdengo||LifeOrb|GoodasGold|NastyPlot,ShadowBall,MakeItRain,Protect||||||50|,,,,,Water
|inactive|Battle timer is ON: inactive players will automatically lose when time's up. (requested by dondozo ftw)
|inactive|TCM Zaukepoo also wants the timer to be on.
|inactive|TCM Zaukepoo has 60 seconds left.
|
|t:|1756692039
|teamsize|p1|4
|teamsize|p2|4
|start
|switch|p1a: Indeedee|Indeedee, L50, M|100/100
|switch|p1b: Sneasler|Sneasler, L50, F|100/100
|switch|p2a: Dragonite|Dragonite, L50, M|100/100
|switch|p2b: Ursaluna|Ursaluna, L50, M|100/100
|-fieldstart|move: Psychic Terrain|[from] ability: Psychic Surge|[of] p1a: Indeedee
|-enditem|p1b: Sneasler|Psychic Seed
|-boost|p1b: Sneasler|spd|1|[from] item: Psychic Seed
|turn|1
|
|t:|1756692057
|-terastallize|p2b: Ursaluna|Ghost
|move|p1b: Sneasler|Close Combat|p2a: Dragonite
|-resisted|p2a: Dragonite
|-damage|p2a: Dragonite|70/100
|-unboost|p1b: Sneasler|def|1
|-unboost|p1b: Sneasler|spd|1
|move|p1a: Indeedee|Expanding Force|p2b: Ursaluna|[spread] p2a,p2b
|-damage|p2a: Dragonite|12/100
|-damage|p2b: Ursaluna|57/100
|move|p2a: Dragonite|Scale Shot|p1b: Sneasler
|-damage|p1b: Sneasler|65/100
|-damage|p1b: Sneasler|27/100
|-damage|p1b: Sneasler|0 fnt
|faint|p1b: Sneasler
|-hitcount|p1: Sneasler|3
|-unboost|p2a: Dragonite|def|1
|-boost|p2a: Dragonite|spe|1
|move|p2b: Ursaluna|Headlong Rush|p1a: Indeedee
|-enditem|p1a: Indeedee|Focus Sash
|-damage|p1a: Indeedee|1/100
|-unboost|p2b: Ursaluna|def|1
|-unboost|p2b: Ursaluna|spd|1
|
|-status|p2b: Ursaluna|brn|[from] item: Flame Orb
|upkeep
|
|t:|1756692061
|switch|p1b: Dondozo|Dondozo, L50, F, shiny|100/100
|turn|2
|
|t:|1756692077
|switch|p1a: Tatsugiri|Tatsugiri, L50, F|100/100
|-activate|p1a: Tatsugiri|ability: Commander|[of] p1b: Dondozo
|-boost|p1b: Dondozo|atk|2
|-boost|p1b: Dondozo|spa|2
|-boost|p1b: Dondozo|spe|2
|-boost|p1b: Dondozo|def|2
|-boost|p1b: Dondozo|spd|2
|move|p2a: Dragonite|Scale Shot|p1a: Tatsugiri|[miss]
|-miss|p2a: Dragonite|p1a: Tatsugiri
|move|p1b: Dondozo|Wave Crash|p2b: Ursaluna
|-damage|p2b: Ursaluna|0 fnt
|faint|p2b: Ursaluna
|-damage|p1b: Dondozo|81/100|[from] Recoil
|
|-heal|p1b: Dondozo|87/100|[from] item: Leftovers
|upkeep
|
|t:|1756692079
|switch|p2b: Incineroar|Incineroar, L50, F|100/100
|-ability|p2b: Incineroar|Intimidate|boost
|-unboost|p1a: Tatsugiri|atk|1
|-unboost|p1b: Dondozo|atk|1
|turn|3
|
|t:|1756692088
|switch|p2b: Volcarona|Volcarona, L50, F|100/100
|move|p2a: Dragonite|Scale Shot|p1b: Dondozo
|-damage|p1b: Dondozo|83/100
|-damage|p1b: Dondozo|78/100
|-damage|p1b: Dondozo|74/100
|-damage|p1b: Dondozo|70/100
|-hitcount|p1b: Dondozo|4
|-unboost|p2a: Dragonite|def|1
|-boost|p2a: Dragonite|spe|1
|move|p1b: Dondozo|Wave Crash|p2a: Dragonite
|-resisted|p2a: Dragonite
|-damage|p2a: Dragonite|0 fnt
|faint|p2a: Dragonite
|-damage|p1b: Dondozo|67/100|[from] Recoil
|
|-heal|p1b: Dondozo|73/100|[from] item: Leftovers
|upkeep
|
|t:|1756692090
|switch|p2a: Incineroar|Incineroar, L50, F|100/100
|-ability|p2a: Incineroar|Intimidate|boost
|-unboost|p1a: Tatsugiri|atk|1
|-unboost|p1b: Dondozo|atk|1
|turn|4
|
|t:|1756692097
|move|p2a: Incineroar|Fake Out|p1b: Dondozo
|-activate|p1b: Dondozo|move: Psychic Terrain
|move|p1b: Dondozo|Wave Crash|p2b: Volcarona
|-supereffective|p2b: Volcarona
|-damage|p2b: Volcarona|4/100
|-status|p1b: Dondozo|brn|[from] ability: Flame Body|[of] p2b: Volcarona
|-damage|p1b: Dondozo|50/100 brn|[from] Recoil
|move|p2b: Volcarona|Quiver Dance|p2b: Volcarona
|-boost|p2b: Volcarona|spa|1
|-boost|p2b: Volcarona|spd|1
|-boost|p2b: Volcarona|spe|1
|
|-heal|p1b: Dondozo|57/100 brn|[from] item: Leftovers
|-damage|p1b: Dondozo|50/100 brn|[from] brn
|upkeep
|turn|5
|
|t:|1756692113
|move|p2b: Volcarona|Protect|p2b: Volcarona
|-singleturn|p2b: Volcarona|Protect
|move|p1b: Dondozo|Wave Crash|p2b: Volcarona
|-activate|p2b: Volcarona|move: Protect
|move|p2a: Incineroar|Knock Off|p1b: Dondozo
|-damage|p1b: Dondozo|37/100 brn
|-enditem|p1b: Dondozo|Leftovers|[from] move: Knock Off|[of] p2a: Incineroar
|
|-damage|p1b: Dondozo|31/100 brn|[from] brn
|-fieldend|move: Psychic Terrain
|upkeep
|turn|6
|
|t:|1756692126
|-terastallize|p1b: Dondozo|Grass
|move|p2b: Volcarona|Giga Drain|p1b: Dondozo
|-resisted|p1b: Dondozo
|-damage|p1b: Dondozo|25/100 brn
|-heal|p2b: Volcarona|8/100|[from] drain|[of] p1b: Dondozo
|move|p1b: Dondozo|Wave Crash|p2b: Volcarona
|-supereffective|p2b: Volcarona
|-damage|p2b: Volcarona|0 fnt
|faint|p2b: Volcarona
|-damage|p1b: Dondozo|24/100 brn|[from] Recoil
|move|p2a: Incineroar|Knock Off|p1a: Tatsugiri|[miss]
|-miss|p2a: Incineroar|p1a: Tatsugiri
|
|-damage|p1b: Dondozo|17/100 brn|[from] brn
|upkeep
|turn|7
|
|t:|1756692131
|move|p1b: Dondozo|Body Press|p2a: Incineroar
|-supereffective|p2a: Incineroar
|-damage|p2a: Incineroar|33/100
|move|p2a: Incineroar|Flare Blitz|p1b: Dondozo
|-supereffective|p1b: Dondozo
|-damage|p1b: Dondozo|0 fnt
|faint|p1b: Dondozo
|-damage|p2a: Incineroar|26/100|[from] Recoil
|
|upkeep
|
|t:|1756692133
|switch|p1b: Indeedee|Indeedee, L50, M|1/100
|-fieldstart|move: Psychic Terrain|[from] ability: Psychic Surge|[of] p1b: Indeedee
|turn|8
|
|t:|1756692141
|move|p1b: Indeedee|Helping Hand|p1a: Tatsugiri
|-singleturn|p1a: Tatsugiri|Helping Hand|[of] p1b: Indeedee
|move|p1a: Tatsugiri|Dragon Pulse|p2a: Incineroar
|-damage|p2a: Incineroar|0 fnt
|faint|p2a: Incineroar
|
|win|dondozo ftw
|raw|dondozo ftw's rating: 1157 → 1181(+24 for winning)
|raw|TCM Zaukepoo's rating: 1137 → 1113(-24 for losing)
