|j|☆HSYmyQueen
|j|☆bobiiiiiii
|html|HSYmyQueenbobiiiiiii    
|uhtml|bestof|Game 2 of a best-of-3
|t:|1756502994
|gametype|doubles
|player|p1|HSYmyQueen|marnie-masters3|1130
|player|p2|bobiiiiiii|102|1040
|gen|9
|tier|[Gen 9] VGC 2025 Reg H (Bo3)
|rated|
|rule|Species Clause: Limit one of each Pokémon
|rule|Item Clause: Limit 1 of each item
|clearpoke
|poke|p1|Gyarados, L50, F|
|poke|p1|Dragonite, L50, M|
|poke|p1|Ursaluna-Bloodmoon, L50, M|
|poke|p1|Gholdengo, L50|
|poke|p1|Rillaboom, L50, F|
|poke|p1|Porygon2, L50|
|poke|p2|Rillaboom, L50, F|
|poke|p2|Chesnaught, L50, F|
|poke|p2|Incineroar, L50, M|
|poke|p2|Gholdengo, L50|
|poke|p2|Pelipper, L50, F|
|poke|p2|Palafin, L50, M|
|teampreview|4
|showteam|p1|Gyarados||SafetyGoggles|Intimidate|Waterfall,ThunderWave,Protect,Taunt|||F|||50|,,,,,Ground]Dragonite||LoadedDice|Multiscale|ScaleShot,Haze,Protect,Tailwind|||M|||50|,,,,,Steel]Ursaluna-Bloodmoon||LifeOrb|MindsEye|BloodMoon,HyperVoice,VacuumWave,Protect|||M|||50|,,,,,Normal]Gholdengo||MetalCoat|GoodasGold|MakeItRain,ShadowBall,Protect,NastyPlot||||||50|,,,,,Water]Rillaboom||AssaultVest|GrassySurge|GrassyGlide,WoodHammer,FakeOut,Uturn|||F|||50|,,,,,Ghost]Porygon2||Eviolite|Download|TeraBlast,IceBeam,Recover,TrickRoom||||||50|,,,,,Fighting
|showteam|p2|Rillaboom||AssaultVest|GrassySurge|FakeOut,Uturn,WoodHammer,GrassyGlide|||F|||50|,,,,,Poison]Chesnaught||SitrusBerry|Bulletproof|SpikyShield,GrassyGlide,BellyDrum,DrainPunch|||F|||50|,,,,,Fire]Incineroar||SafetyGoggles|Intimidate|FakeOut,Taunt,PartingShot,KnockOff|||M|||50|,,,,,Ghost]Gholdengo||ChoiceSpecs|GoodasGold|MakeItRain,ShadowBall,Trick,Thunderbolt||||||50|,,,,,Steel]Pelipper||FocusSash|Drizzle|Protect,Tailwind,WeatherBall,Hurricane|||F|||50|,,,,,Ghost]Palafin||MysticWater|ZerotoHero|Haze,WaveCrash,JetPunch,Protect|||M|||50|,,,,,Water
|
|t:|1756503029
|teamsize|p1|4
|teamsize|p2|4
|start
|switch|p1a: Sloth|Ursaluna-Bloodmoon, L50, M|100/100
|switch|p1b: Pride|Dragonite, L50, M|100/100
|switch|p2a: Gholdengo|Gholdengo, L50|100/100
|switch|p2b: Palafin|Palafin, L50, M|100/100
|turn|1
|
|t:|1756503051
|detailschange|p2b: Palafin|Palafin-Hero, L50, M
|switch|p2b: Incineroar|Incineroar, L50, M|100/100
|-ability|p2b: Incineroar|Intimidate|boost
|-unboost|p1a: Sloth|atk|1
|-unboost|p1b: Pride|atk|1
|move|p1a: Sloth|Protect|p1a: Sloth
|-singleturn|p1a: Sloth|Protect
|move|p2a: Gholdengo|Trick|p1b: Pride
|-activate|p2a: Gholdengo|move: Trick|[of] p1b: Pride
|-item|p1b: Pride|Choice Specs|[from] move: Trick
|-item|p2a: Gholdengo|Loaded Dice|[from] move: Trick
|move|p1b: Pride|Tailwind|p1b: Pride
|-sidestart|p1: HSYmyQueen|move: Tailwind
|
|upkeep
|turn|2
|
|t:|1756503129
|switch|p1b: Gluttony|Gyarados, L50, F|100/100
|-ability|p1b: Gluttony|Intimidate|boost
|-unboost|p2a: Gholdengo|atk|1
|-unboost|p2b: Incineroar|atk|1
|switch|p1a: Greed|Gholdengo, L50|100/100
|-terastallize|p2a: Gholdengo|Steel
|move|p2b: Incineroar|Fake Out|p1a: Greed
|-immune|p1a: Greed
|move|p2a: Gholdengo|Make It Rain|p1a: Greed|[spread] p1a,p1b
|-resisted|p1a: Greed
|-resisted|p1b: Gluttony
|-damage|p1a: Greed|66/100
|-damage|p1b: Gluttony|70/100
|-unboost|p2a: Gholdengo|spa|1
|
|upkeep
|turn|3
|
|t:|1756503200
|-terastallize|p1a: Greed|Water
|move|p1a: Greed|Nasty Plot|p1a: Greed
|-boost|p1a: Greed|spa|2
|move|p1b: Gluttony|Waterfall|p2b: Incineroar
|-supereffective|p2b: Incineroar
|-damage|p2b: Incineroar|25/100
|move|p2a: Gholdengo|Thunderbolt|p1b: Gluttony
|-supereffective|p1b: Gluttony
|-damage|p1b: Gluttony|0 fnt
|faint|p1b: Gluttony
|move|p2b: Incineroar|Parting Shot|p1a: Greed
|-immune|p1a: Greed|[from] ability: Good as Gold
|
|upkeep
|
|t:|1756503212
|switch|p1b: Sloth|Ursaluna-Bloodmoon, L50, M|100/100
|turn|4
|
|t:|1756503280
|move|p1a: Greed|Shadow Ball|p2a: Gholdengo
|-damage|p2a: Gholdengo|0 fnt
|faint|p2a: Gholdengo
|move|p1b: Sloth|Hyper Voice|p2b: Incineroar
|-damage|p2b: Incineroar|0 fnt
|faint|p2b: Incineroar
|-damage|p1b: Sloth|91/100|[from] item: Life Orb
|
|-sideend|p1: HSYmyQueen|move: Tailwind
|upkeep
|
|t:|1756503290
|switch|p2a: Palafin|Palafin-Hero, L50, M|100/100
|switch|p2b: Pelipper|Pelipper, L50, F|100/100
|-activate|p2a: Palafin|ability: Zero to Hero
|-weather|RainDance|[from] ability: Drizzle|[of] p2b: Pelipper
|turn|5
|
|t:|1756503357
|switch|p1b: Pride|Dragonite, L50, M|100/100
|move|p2a: Palafin|Protect|p2a: Palafin
|-singleturn|p2a: Palafin|Protect
|move|p1a: Greed|Shadow Ball|p2b: Pelipper
|-enditem|p2b: Pelipper|Focus Sash
|-damage|p2b: Pelipper|1/100
|move|p2b: Pelipper|Hurricane|p1a: Greed
|-damage|p1a: Greed|10/100
|
|-weather|RainDance|[upkeep]
|upkeep
|turn|6
|
|t:|1756503386
|move|p1a: Greed|Protect|p1a: Greed
|-singleturn|p1a: Greed|Protect
|move|p2a: Palafin|Jet Punch|p1a: Greed
|-activate|p1a: Greed|move: Protect
|move|p1b: Pride|Scale Shot|p2b: Pelipper
|-damage|p2b: Pelipper|0 fnt
|faint|p2b: Pelipper
|-hitcount|p2: Pelipper|1
|-unboost|p1b: Pride|def|1
|-boost|p1b: Pride|spe|1
|
|-weather|RainDance|[upkeep]
|upkeep
|turn|7
|
|t:|1756503411
|move|p2a: Palafin|Jet Punch|p1a: Greed
|-resisted|p1a: Greed
|-damage|p1a: Greed|0 fnt
|faint|p1a: Greed
|move|p1b: Pride|Scale Shot|p2a: Palafin
|-damage|p2a: Palafin|86/100
|-damage|p2a: Palafin|73/100
|-damage|p2a: Palafin|59/100
|-hitcount|p2a: Palafin|3
|-unboost|p1b: Pride|def|1
|-boost|p1b: Pride|spe|1
|
|-weather|RainDance|[upkeep]
|upkeep
|
|t:|1756503417
|switch|p1a: Sloth|Ursaluna-Bloodmoon, L50, M|91/100
|turn|8
|
|t:|1756503476
|move|p1b: Pride|Scale Shot|p2a: Palafin
|-damage|p2a: Palafin|44/100
|-damage|p2a: Palafin|30/100
|-damage|p2a: Palafin|16/100
|-damage|p2a: Palafin|0 fnt
|faint|p2a: Palafin
|-hitcount|p2: Palafin|4
|
|win|HSYmyQueen
|raw|HSYmyQueen's rating: 1130 → 1149(+19 for winning)
|raw|bobiiiiiii's rating: 1040 → 1028(-12 for losing)
|l|☆HSYmyQueen
|player|p1|
