|j|☆Omarro
|j|☆Divine Monkey King
|html|OmarroDivine Monkey King    
|uhtml|bestof|Game 2 of a best-of-3
|t:|1783172786
|gametype|doubles
|player|p1|Omarro|dragontamer|1183
|player|p2|Divine Monkey King|102|1172
|gen|9
|tier|[Gen 9 Champions] VGC 2026 Reg M-B (Bo3)
|rated|
|rule|Species Clause: Limit one of each Pokémon
|rule|Item Clause: Limit 1 of each item
|clearpoke
|poke|p1|Sneasler, L50, M|
|poke|p1|Talonflame, L50, F|
|poke|p1|Steelix, L50, F|
|poke|p1|Rotom-Wash, L50|
|poke|p1|Tyranitar, L50, M|
|poke|p1|Sinistcha-Masterpiece, L50|
|poke|p2|Tyranitar, L50, M, shiny|
|poke|p2|Aerodactyl, L50, M, shiny|
|poke|p2|Pelipper, L50, M, shiny|
|poke|p2|Basculegion, L50, M, shiny|
|poke|p2|Beedrill, L50, M, shiny|
|poke|p2|Annihilape, L50, M, shiny|
|teampreview|4
|showteam|p1|Sneasler||WhiteHerb|Unburden|Protect,FakeOut,DireClaw,CloseCombat|Adamant||M|||50|]Talonflame||SharpBeak|GaleWings|Protect,Tailwind,WillOWisp,BraveBird|Jolly||F|||50|]Steelix||Steelixite|Sturdy|Protect,WideGuard,HeavySlam,HighHorsepower|Impish||F|||50|]Rotom-Wash||Leftovers|Levitate|LightScreen,WillOWisp,Thunderbolt,HydroPump|Timid|||||50|]Tyranitar||Tyranitarite|SandStream|Protect,DragonDance,KnockOff,RockSlide|Adamant||M|||50|]Sinistcha-Masterpiece||SitrusBerry|Hospitality|Protect,RagePowder,TrickRoom,MatchaGotcha|Relaxed|||||50|
|showteam|p2|Tyranitar||Tyranitarite|SandStream|BrickBreak,KnockOff,Protect,RockSlide|Adamant||M|||50|]Aerodactyl||FocusSash|Unnerve|DualWingbeat,IronHead,Protect,Tailwind|Jolly||M|||50|]Pelipper||WacanBerry|Drizzle|Hurricane,IceBeam,Protect,WeatherBall|Calm||M|||50|]Basculegion||MysticWater|SwiftSwim|AquaJet,FlipTurn,LastRespects,Protect|Adamant||M|||50|]Beedrill||Beedrillite|Sniper|PoisonJab,Protect,Uturn,FellStinger|Jolly||M|||50|]Annihilape||Leftovers|Defiant|BulkUp,DrainPunch,Protect,SeedBomb|Adamant||M|||50|
|inactive|Battle timer is ON: inactive players will automatically lose when time's up. (requested by Omarro)
|
|t:|1783172802
|teamsize|p1|4
|teamsize|p2|4
|start
|switch|p1a: Rotom|Rotom-Wash, L50|100/100
|switch|p1b: Sinistcha|Sinistcha-Masterpiece, L50|100/100
|switch|p2a: Aerodactyl|Aerodactyl, L50, M, shiny|100/100
|switch|p2b: Pelipper|Pelipper, L50, M, shiny|100/100
|-ability|p2a: Aerodactyl|Unnerve
|-weather|RainDance|[from] ability: Drizzle|[of] p2b: Pelipper
|turn|1
|inactive|Omarro has 30 seconds left.
|
|t:|1783172828
|move|p1b: Sinistcha|Protect|p1b: Sinistcha
|-singleturn|p1b: Sinistcha|Protect
|move|p2a: Aerodactyl|Tailwind|p2a: Aerodactyl
|-sidestart|p2: Divine Monkey King|move: Tailwind
|move|p2b: Pelipper|Hurricane|p1b: Sinistcha
|-activate|p1b: Sinistcha|move: Protect
|move|p1a: Rotom|Thunderbolt|p2b: Pelipper
|-supereffective|p2b: Pelipper|2
|-enditem|p2b: Pelipper|Wacan Berry|[eat]
|-enditem|p2b: Pelipper|Wacan Berry|[weaken]
|-damage|p2b: Pelipper|0 fnt
|faint|p2b: Pelipper
|
|-weather|RainDance|[upkeep]
|upkeep
|
|t:|1783172842
|switch|p2b: Tyranitar|Tyranitar, L50, M, shiny|100/100
|-weather|Sandstorm|[from] ability: Sand Stream|[of] p2b: Tyranitar
|turn|2
|
|t:|1783172861
|detailschange|p2b: Tyranitar|Tyranitar-Mega, L50, M, shiny
|-mega|p2b: Tyranitar|Tyranitar|Tyranitarite
|move|p1b: Sinistcha|Rage Powder|p1b: Sinistcha
|-singleturn|p1b: Sinistcha|move: Rage Powder
|move|p2a: Aerodactyl|Dual Wingbeat|p1b: Sinistcha
|-supereffective|p1b: Sinistcha|1
|-damage|p1b: Sinistcha|73/100
|-supereffective|p1b: Sinistcha|1
|-damage|p1b: Sinistcha|48/100
|-hitcount|p1b: Sinistcha|2
|move|p2b: Tyranitar|Rock Slide|p1b: Sinistcha|[spread] p1a,p1b
|-damage|p1a: Rotom|49/100
|-damage|p1b: Sinistcha|19/100
|cant|p1a: Rotom|flinch
|
|-weather|Sandstorm|[upkeep]
|-damage|p1a: Rotom|44/100|[from] Sandstorm
|-damage|p1b: Sinistcha|13/100|[from] Sandstorm
|-heal|p1a: Rotom|49/100|[from] item: Leftovers
|upkeep
|turn|3
|inactive|Omarro has 30 seconds left.
|
|t:|1783172886
|move|p2a: Aerodactyl|Iron Head|p1a: Rotom
|-resisted|p1a: Rotom|2
|-damage|p1a: Rotom|42/100
|move|p2b: Tyranitar|Rock Slide|p1b: Sinistcha|[spread] p1a,p1b
|-damage|p1a: Rotom|0 fnt
|-damage|p1b: Sinistcha|0 fnt
|faint|p1a: Rotom
|faint|p1b: Sinistcha
|
|-weather|Sandstorm|[upkeep]
|upkeep
|
|t:|1783172897
|switch|p1a: Tyranitar|Tyranitar, L50, M|100/100
|switch|p1b: Steelix|Steelix, L50, F|100/100
|turn|4
|
|t:|1783172915
|detailschange|p1b: Steelix|Steelix-Mega, L50, F
|-mega|p1b: Steelix|Steelix|Steelixite
|move|p1a: Tyranitar|Protect|p1a: Tyranitar
|-singleturn|p1a: Tyranitar|Protect
|move|p2a: Aerodactyl|Iron Head|p1a: Tyranitar
|-activate|p1a: Tyranitar|move: Protect
|move|p2b: Tyranitar|Brick Break|p1b: Steelix
|-supereffective|p1b: Steelix|1
|-damage|p1b: Steelix|72/100
|move|p1b: Steelix|Heavy Slam|p2b: Tyranitar
|-supereffective|p2b: Tyranitar|1
|-damage|p2b: Tyranitar|56/100
|
|-weather|Sandstorm|[upkeep]
|-sideend|p2: Divine Monkey King|move: Tailwind
|upkeep
|turn|5
|inactive|Divine Monkey King has 30 seconds left.
|
|t:|1783172942
|move|p2a: Aerodactyl|Tailwind|p2a: Aerodactyl
|-sidestart|p2: Divine Monkey King|move: Tailwind
|move|p2b: Tyranitar|Brick Break|p1a: Tyranitar
|-supereffective|p1a: Tyranitar|2
|-damage|p1a: Tyranitar|0 fnt
|faint|p1a: Tyranitar
|move|p1b: Steelix|High Horsepower|p2b: Tyranitar
|-supereffective|p2b: Tyranitar|1
|-damage|p2b: Tyranitar|0 fnt
|faint|p2b: Tyranitar
|
|-weather|Sandstorm|[upkeep]
|upkeep
|
|t:|1783172951
|switch|p2b: Annihilape|Annihilape, L50, M, shiny|100/100
|turn|6
|
|t:|1783172962
|move|p2a: Aerodactyl|Iron Head|p1b: Steelix
|-resisted|p1b: Steelix|1
|-damage|p1b: Steelix|68/100
|move|p2b: Annihilape|Bulk Up|p2b: Annihilape
|-boost|p2b: Annihilape|atk|1
|-boost|p2b: Annihilape|def|1
|move|p1b: Steelix|Heavy Slam|p2b: Annihilape
|-damage|p2b: Annihilape|55/100
|
|-weather|none
|-heal|p2b: Annihilape|61/100|[from] item: Leftovers
|upkeep
|turn|7
|
|t:|1783172979
|move|p2a: Aerodactyl|Iron Head|p1b: Steelix
|-resisted|p1b: Steelix|1
|-damage|p1b: Steelix|63/100
|move|p2b: Annihilape|Drain Punch|p1b: Steelix
|-supereffective|p1b: Steelix|1
|-damage|p1b: Steelix|20/100y
|-heal|p2b: Annihilape|79/100|[from] drain|[of] p1b: Steelix
|move|p1b: Steelix|Heavy Slam|p2b: Annihilape
|-damage|p2b: Annihilape|46/100
|
|-heal|p2b: Annihilape|52/100|[from] item: Leftovers
|upkeep
|turn|8
|-message|Omarro forfeited.
|
|win|Divine Monkey King
|raw|Omarro's rating: 1183 → 1157(-26 for losing)
|raw|Divine Monkey King's rating: 1172 → 1198(+26 for winning)
|l|☆Omarro
|player|p1|
|c|☆Divine Monkey King|Gg
