|j|☆5NitesAtTrickRoom
|j|☆luijingames
|html|5NitesAtTrickRoomluijingames    
|uhtml|bestof|Game 1 of a best-of-3
|t:|1757213029
|gametype|doubles
|player|p1|5NitesAtTrickRoom|hexmaniac-gen6|1076
|player|p2|luijingames|bugcatcher-gen4dp|1075
|gen|9
|tier|[Gen 9] VGC 2025 Reg H (Bo3)
|rated|
|rule|Species Clause: Limit one of each Pokémon
|rule|Item Clause: Limit 1 of each item
|clearpoke
|poke|p1|Indeedee-F, L50, F|
|poke|p1|Armarouge, L50, F|
|poke|p1|Dragonite, L50, M|
|poke|p1|Ursaluna, L50, M|
|poke|p1|Whimsicott, L50, M|
|poke|p1|Blastoise, L50, M|
|poke|p2|Sneasler, L50, F|
|poke|p2|Primarina, L50, F|
|poke|p2|Kingambit, L50, M|
|poke|p2|Rillaboom, L50, M|
|poke|p2|Electabuzz, L50, M|
|poke|p2|Dragapult, L50, F|
|teampreview|4
|showteam|p1|Indeedee-F||SafetyGoggles|PsychicSurge|FollowMe,HelpingHand,TrickRoom,DazzlingGleam|||F|||50|,,,,,Water]Armarouge||PowerHerb|FlashFire|MeteorBeam,ExpandingForce,ArmorCannon,TrickRoom|||F|||50|,,,,,Grass]Dragonite||ChoiceBand|InnerFocus|ExtremeSpeed,Outrage,LowKick,TeraBlast|||M|||50|,,,,,Flying]Ursaluna||FlameOrb|Guts|Earthquake,HeadlongRush,Facade,Protect|||M|||50|,,,,,Ghost]Whimsicott||CovertCloak|Prankster|Moonblast,Tailwind,HelpingHand,Encore|||M|||50|,,,,,Water]Blastoise||ChoiceSpecs|Torrent|WaterSpout,HydroPump,IceBeam,DarkPulse|||M|||50|,,,,,Water
|showteam|p2|Sneasler||FocusSash|PoisonTouch|DireClaw,CloseCombat,Protect,FakeOut|||F|||50|,,,,,Stellar]Primarina||ThroatSpray|LiquidVoice|Protect,HyperVoice,Moonblast,Haze|||F|||50|,,,,,Poison]Kingambit||BlackGlasses|Defiant|KowtowCleave,SwordsDance,SuckerPunch,Protect|||M|||50|,,,,,Dark]Rillaboom||AssaultVest|GrassySurge|WoodHammer,Uturn,GrassyGlide,FakeOut|||M|||50|,,,,,Fire]Electabuzz||Eviolite|VitalSpirit|Electroweb,Taunt,Protect,FollowMe|||M|||50|,,,,,Fairy]Dragapult||ChoiceBand|ClearBody|DragonDarts,Uturn,PhantomForce,Outrage|||F|||50|,,,,,Dragon
|inactive|Battle timer is ON: inactive players will automatically lose when time's up. (requested by luijingames)
|
|t:|1757213056
|teamsize|p1|4
|teamsize|p2|4
|start
|switch|p1a: Indeedee|Indeedee-F, L50, F|100/100
|switch|p1b: Blastoise|Blastoise, L50, M|100/100
|switch|p2a: Dragapult|Dragapult, L50, F|100/100
|switch|p2b: Sneasler|Sneasler, L50, F|100/100
|-fieldstart|move: Psychic Terrain|[from] ability: Psychic Surge|[of] p1a: Indeedee
|turn|1
|inactive|luijingames has 30 seconds left.
|inactive|luijingames has 20 seconds left.
|inactive|luijingames has 15 seconds left.
|
|t:|1757213100
|move|p1a: Indeedee|Follow Me|p1a: Indeedee
|-singleturn|p1a: Indeedee|move: Follow Me
|move|p2a: Dragapult|U-turn|p1a: Indeedee
|-supereffective|p1a: Indeedee
|-damage|p1a: Indeedee|28/100
|
|t:|1757213104
|switch|p2a: Rillaboom|Rillaboom, L50, M|100/100|[from] U-turn
|-fieldstart|move: Grassy Terrain|[from] ability: Grassy Surge|[of] p2a: Rillaboom
|move|p2b: Sneasler|Dire Claw|p1a: Indeedee
|-damage|p1a: Indeedee|0 fnt
|faint|p1a: Indeedee
|move|p1b: Blastoise|Water Spout|p2a: Rillaboom|[spread] p2a,p2b
|-resisted|p2a: Rillaboom
|-crit|p2b: Sneasler
|-damage|p2a: Rillaboom|77/100
|-enditem|p2b: Sneasler|Focus Sash
|-damage|p2b: Sneasler|1/100
|
|-heal|p2b: Sneasler|7/100|[from] Grassy Terrain
|-heal|p2a: Rillaboom|83/100|[from] Grassy Terrain
|upkeep
|
|t:|1757213114
|switch|p1a: Dragonite|Dragonite, L50, M|100/100
|turn|2
|inactive|luijingames has 30 seconds left.
|
|t:|1757213146
|-terastallize|p1a: Dragonite|Flying
|move|p2a: Rillaboom|Fake Out|p1a: Dragonite
|-damage|p1a: Dragonite|87/100
|move|p2b: Sneasler|Close Combat|p1b: Blastoise
|-damage|p1b: Blastoise|27/100
|-unboost|p2b: Sneasler|def|1
|-unboost|p2b: Sneasler|spd|1
|move|p1b: Blastoise|Water Spout|p2a: Rillaboom|[spread] p2a,p2b
|-resisted|p2a: Rillaboom
|-crit|p2a: Rillaboom
|-damage|p2a: Rillaboom|68/100
|-damage|p2b: Sneasler|0 fnt
|faint|p2b: Sneasler
|move|p1a: Dragonite|Tera Blast|p2a: Rillaboom|[anim] Tera Blast Flying
|-supereffective|p2a: Rillaboom
|-damage|p2a: Rillaboom|0 fnt
|faint|p2a: Rillaboom
|
|-heal|p1b: Blastoise|33/100|[from] Grassy Terrain
|upkeep
|inactive|luijingames has 30 seconds left.
|inactive|luijingames has 20 seconds left.
|
|t:|1757213184
|switch|p2b: Dragapult|Dragapult, L50, F|100/100
|switch|p2a: Primarina|Primarina, L50, F|100/100
|turn|3
|inactive|luijingames has 30 seconds left.
|
|t:|1757213211
|move|p2b: Dragapult|Phantom Force||[still]
|-prepare|p2b: Dragapult|Phantom Force
|move|p1b: Blastoise|Water Spout|p2a: Primarina|[spread] p2a
|-miss|p1b: Blastoise|p2b: Dragapult
|-resisted|p2a: Primarina
|-damage|p2a: Primarina|86/100
|move|p1a: Dragonite|Tera Blast|p2b: Dragapult|[anim] Tera Blast Flying|[miss]
|-miss|p1a: Dragonite|p2b: Dragapult
|move|p2a: Primarina|Hyper Voice|p1b: Blastoise|[spread] p1a,p1b
|-resisted|p1b: Blastoise
|-damage|p1a: Dragonite|54/100
|-damage|p1b: Blastoise|15/100
|-enditem|p2a: Primarina|Throat Spray
|-boost|p2a: Primarina|spa|1|[from] item: Throat Spray
|
|-heal|p1b: Blastoise|21/100|[from] Grassy Terrain
|-heal|p2a: Primarina|92/100|[from] Grassy Terrain
|upkeep
|turn|4
|inactive|5NitesAtTrickRoom has 30 seconds left.
|inactive|luijingames has 30 seconds left.
|inactive|luijingames has 20 seconds left.
|
|t:|1757213247
|switch|p1a: Ursaluna|Ursaluna, L50, M|100/100
|move|p2b: Dragapult|Phantom Force|p1a: Ursaluna|[from] lockedmove
|-immune|p1a: Ursaluna
|move|p1b: Blastoise|Water Spout|p2b: Dragapult|[spread] p2a,p2b
|-resisted|p2a: Primarina
|-resisted|p2b: Dragapult
|-damage|p2a: Primarina|83/100
|-damage|p2b: Dragapult|85/100
|move|p2a: Primarina|Hyper Voice|p1b: Blastoise|[spread] p1a,p1b
|-supereffective|p1a: Ursaluna
|-resisted|p1b: Blastoise
|-damage|p1a: Ursaluna|0 fnt
|-damage|p1b: Blastoise|0 fnt
|faint|p1a: Ursaluna
|faint|p1b: Blastoise
|
|-heal|p2b: Dragapult|91/100|[from] Grassy Terrain
|-heal|p2a: Primarina|89/100|[from] Grassy Terrain
|upkeep
|
|t:|1757213257
|switch|p1b: Dragonite|Dragonite, L50, M, tera:Flying|54/100
|turn|5
|
|t:|1757213269
|move|p2b: Dragapult|Phantom Force||[still]
|-prepare|p2b: Dragapult|Phantom Force
|move|p1b: Dragonite|Tera Blast|p2a: Primarina|[anim] Tera Blast Flying
|-damage|p2a: Primarina|0 fnt
|faint|p2a: Primarina
|
|-fieldend|move: Grassy Terrain
|upkeep
|turn|6
|inactive|5NitesAtTrickRoom has 30 seconds left.
|
|t:|1757213296
|move|p2b: Dragapult|Phantom Force|p1b: Dragonite|[from] lockedmove
|-damage|p1b: Dragonite|0 fnt
|faint|p1b: Dragonite
|
|win|luijingames
||luijingames is ready for game 2.
||5NitesAtTrickRoom is ready for game 2.
|uhtml|next|Next: Game 2 of 3
