|j|â˜†DashingSceptile
|j|â˜†Lamburrito
|html|DashingSceptileLamburrito    
|uhtml|bestof|Game 3 of a best-of-3
|t:|1782274413
|gametype|doubles
|player|p1|DashingSceptile|kieran-champion|
|player|p2|Lamburrito|marlon|
|gen|9
|tier|[Gen 9 Champions] VGC 2026 Reg M-B (Bo3)
|rule|Species Clause: Limit one of each PokÃ©mon
|rule|Item Clause: Limit 1 of each item
|clearpoke
|poke|p1|Barbaracle, L50, F, shiny|
|poke|p1|Kingambit, L50, M, shiny|
|poke|p1|Maushold, L50|
|poke|p1|Basculegion, L50, M, shiny|
|poke|p1|Floette-Eternal, L50, F|
|poke|p1|Sneasler, L50, F, shiny|
|poke|p2|Scrafty, L50, M, shiny|
|poke|p2|Trevenant, L50, M, shiny|
|poke|p2|Reuniclus, L50, M, shiny|
|poke|p2|Blastoise, L50, M, shiny|
|poke|p2|Staraptor, L50, F, shiny|
|poke|p2|Scizor, L50, F|
|teampreview|4
|showteam|p1|Barbaracle||Barbaracite|ToughClaws|ShellSmash,Protect,CloseCombat,RockSlide|Adamant||F|||50|]Kingambit||ChopleBerry|Defiant|KowtowCleave,LowKick,SuckerPunch,Protect|Adamant||M|||50|]Maushold||FocusSash|FriendGuard|FollowMe,Protect,SuperFang,Taunt|Jolly|||||50|]Basculegion||ChoiceScarf|Adaptability|FlipTurn,WaveCrash,LastRespects,AquaJet|Jolly||M|||50|]Floette-Eternal||Floettite|FlowerVeil|Moonblast,DazzlingGleam,CalmMind,Protect|Timid||F|||50|]Sneasler||WhiteHerb|Unburden|FakeOut,CloseCombat,DireClaw,Protect|Jolly||F|||50|
|showteam|p2|Scrafty||Scraftinite|Intimidate|Crunch,DrainPunch,Coaching,Protect|Brave||M|||50|]Trevenant||KasibBerry|NaturalCure|Poltergeist,DrainPunch,TrickRoom,Protect|Adamant||M|||50|]Reuniclus||LifeOrb|MagicGuard|Psychic,Superpower,RainDance,TrickRoom|Quiet||M|||50|]Blastoise||Blastoisinite|Torrent|WaterSpout,DarkPulse,Protect,ShellSmash|Modest||M|||50|]Staraptor||ChoiceScarf|Intimidate|FinalGambit,DualWingbeat,CloseCombat,Tailwind|Jolly||F|||50|]Scizor||SitrusBerry|Technician|BulletPunch,BugBite,QuickGuard,Protect|Adamant||F|||50|
|c|â˜†DashingSceptile|this has lowkey been a fun set
|c|â˜†Lamburrito|it has
|
|t:|1782274486
|teamsize|p1|4
|teamsize|p2|4
|start
|switch|p1a: BARBARA|Barbaracle, L50, F, shiny|100/100
|switch|p1b: FAMILY|Maushold, L50|100/100
|switch|p2a: Dont Do It|Staraptor, L50, F, shiny|100/100
|switch|p2b: Callum|Scrafty, L50, M, shiny|100/100
|-ability|p2a: Dont Do It|Intimidate|boost
|-unboost|p1a: BARBARA|atk|1
|-unboost|p1b: FAMILY|atk|1
|-ability|p2b: Callum|Intimidate|boost
|-unboost|p1a: BARBARA|atk|1
|-unboost|p1b: FAMILY|atk|1
|turn|1
|
|t:|1782274519
|switch|p2a: Prof.Rowan|Trevenant, L50, M, shiny|100/100
|detailschange|p2b: Callum|Scrafty-Mega, L50, M, shiny
|-mega|p2b: Callum|Scrafty|Scraftinite
|-ability|p2b: Callum|Intimidate|boost
|-unboost|p1a: BARBARA|atk|1
|-unboost|p1b: FAMILY|atk|1
|move|p1b: FAMILY|Follow Me|p1b: FAMILY
|-singleturn|p1b: FAMILY|move: Follow Me
|move|p1a: BARBARA|Shell Smash|p1a: BARBARA
|-unboost|p1a: BARBARA|def|1
|-unboost|p1a: BARBARA|spd|1
|-boost|p1a: BARBARA|atk|2
|-boost|p1a: BARBARA|spa|2
|-boost|p1a: BARBARA|spe|2
|move|p2b: Callum|Coaching|p2a: Prof.Rowan
|-boost|p2a: Prof.Rowan|atk|1
|-boost|p2a: Prof.Rowan|def|1
|
|upkeep
|turn|2
|
|t:|1782274550
|move|p1a: BARBARA|Protect|p1a: BARBARA
|-singleturn|p1a: BARBARA|Protect
|move|p1b: FAMILY|Taunt|p2a: Prof.Rowan
|-start|p2a: Prof.Rowan|move: Taunt
|move|p2b: Callum|Drain Punch|p1b: FAMILY
|-supereffective|p1b: FAMILY|1
|-enditem|p1b: FAMILY|Focus Sash
|-damage|p1b: FAMILY|1/100
|cant|p2a: Prof.Rowan|move: Taunt|Trick Room
|
|upkeep
|turn|3
|
|t:|1782274578
|detailschange|p1a: BARBARA|Barbaracle-Mega, L50, F, shiny
|-mega|p1a: BARBARA|Barbaracle|Barbaracite
|move|p1b: FAMILY|Follow Me|p1b: FAMILY
|-singleturn|p1b: FAMILY|move: Follow Me
|move|p1a: BARBARA|Close Combat|p2b: Callum
|-supereffective|p2b: Callum|1
|-damage|p2b: Callum|0 fnt
|-unboost|p1a: BARBARA|def|1
|-unboost|p1a: BARBARA|spd|1
|faint|p2b: Callum
|move|p2a: Prof.Rowan|Drain Punch|p1b: FAMILY
|-supereffective|p1b: FAMILY|1
|-damage|p1b: FAMILY|0 fnt
|faint|p1b: FAMILY
|
|upkeep
|
|t:|1782274597
|switch|p1b: Kuroki|Kingambit, L50, M, shiny|100/100
|switch|p2b: Dont Do It|Staraptor, L50, F, shiny|100/100
|-ability|p2b: Dont Do It|Intimidate|boost
|-unboost|p1a: BARBARA|atk|1
|-unboost|p1b: Kuroki|atk|1
|-ability|p1b: Kuroki|Defiant|boost
|-boost|p1b: Kuroki|atk|2
|turn|4
|
|t:|1782274621
|move|p1a: BARBARA|Close Combat|p2b: Dont Do It
|-damage|p2b: Dont Do It|35/100
|-unboost|p1a: BARBARA|def|1
|-unboost|p1a: BARBARA|spd|1
|move|p2b: Dont Do It|Final Gambit|p1b: Kuroki
|-damage|p1b: Kuroki|63/100
|faint|p2b: Dont Do It
|move|p1b: Kuroki|Kowtow Cleave|p2a: Prof.Rowan
|-supereffective|p2a: Prof.Rowan|1
|-damage|p2a: Prof.Rowan|0 fnt
|faint|p2a: Prof.Rowan
|
|upkeep
|
|t:|1782274627
|switch|p2a: Scizor|Scizor, L50, F|100/100
|turn|5
|c|â˜†Lamburrito|oh nvm that makes sense
|c|â˜†Lamburrito|you didnt mega last time thats why i out sped
|
|t:|1782274661
|move|p2a: Scizor|Bullet Punch|p1a: BARBARA
|-supereffective|p1a: BARBARA|1
|-damage|p1a: BARBARA|0 fnt
|faint|p1a: BARBARA
|move|p1b: Kuroki|Kowtow Cleave|p2a: Scizor
|-damage|p2a: Scizor|21/100
|-enditem|p2a: Scizor|Sitrus Berry|[eat]
|-heal|p2a: Scizor|46/100|[from] item: Sitrus Berry
|
|upkeep
|c|â˜†DashingSceptile|yeah
|c|â˜†DashingSceptile|I didn't mega last time cuz I wanted the steel neutrality
|
|t:|1782274678
|switch|p1a: Ruth|Sneasler, L50, F, shiny|100/100
|turn|6
|
|t:|1782274683
|move|p2a: Scizor|Protect|p2a: Scizor
|-singleturn|p2a: Scizor|Protect
|move|p1a: Ruth|Close Combat|p2a: Scizor
|-activate|p2a: Scizor|move: Protect
|move|p1b: Kuroki|Kowtow Cleave|p2a: Scizor
|-activate|p2a: Scizor|move: Protect
|
|upkeep
|turn|7
|
|t:|1782274689
|move|p2a: Scizor|Bullet Punch|p1a: Ruth
|-damage|p1a: Ruth|47/100
|move|p1a: Ruth|Close Combat|p2a: Scizor
|-damage|p2a: Scizor|0 fnt
|-unboost|p1a: Ruth|def|1
|-unboost|p1a: Ruth|spd|1
|faint|p2a: Scizor
|
|win|DashingSceptile
