|j|☆latios66
|j|☆nocturnallynoct
|html|latios66nocturnallynoct    
|uhtml|bestof|Game 3 of a best-of-3
|t:|1756764206
|gametype|doubles
|player|p1|latios66|170|1138
|player|p2|nocturnallynoct|102|1148
|gen|9
|tier|[Gen 9] VGC 2025 Reg H (Bo3)
|rated|
|rule|Species Clause: Limit one of each Pokémon
|rule|Item Clause: Limit 1 of each item
|clearpoke
|poke|p1|Toedscruel, L50, M|
|poke|p1|Weezing-Galar, L50, M|
|poke|p1|Corviknight, L50, F|
|poke|p1|Pawmot, L50, F|
|poke|p1|Garchomp, L50, F|
|poke|p1|Typhlosion-Hisui, L50, M|
|poke|p2|Sneasler, L50, M|
|poke|p2|Indeedee, L50, M|
|poke|p2|Tyranitar, L50, M|
|poke|p2|Ursaluna-Bloodmoon, L50, M|
|poke|p2|Electabuzz, L50, M|
|poke|p2|Talonflame, L50, F|
|teampreview|4
|showteam|p1|Toedscruel||CovertCloak|MyceliumMight|Spore,EarthPower,AcidSpray,RagePowder|||M|||50|,,,,,Water]Weezing-Galar||ChoiceSpecs|NeutralizingGas|DazzlingGleam,SludgeBomb,StrangeSteam,Flamethrower|||M|||50|,,,,,Fire]Corviknight||SitrusBerry|MirrorArmor|Protect,Tailwind,Roost,BraveBird|||F|||50|,,,,,Dragon]Pawmot||FocusSash|NaturalCure|Protect,CloseCombat,DoubleShock,FakeOut|||F|||50|,,,,,Electric]Garchomp||LifeOrb|RoughSkin|Protect,Earthquake,DragonClaw,StompingTantrum|||F|||50|,,,,,Ground]Typhlosion-Hisui||ChoiceScarf|Blaze|Eruption,SleepTalk,HeatWave,ShadowBall|||M|||50|,,,,,Fire
|showteam|p2|Sneasler||PsychicSeed|Unburden|DireClaw,CloseCombat,ThroatChop,Protect|||M|||50|,,,,,Dark]Indeedee||FocusSash|PsychicSurge|ExpandingForce,TeraBlast,Protect,TrickRoom|||M|||50|,,,,,Fighting]Tyranitar||AssaultVest|SandStream|RockSlide,KnockOff,LowKick,TeraBlast|||M|||50|,,,,,Flying]Ursaluna-Bloodmoon||LifeOrb|MindsEye|BloodMoon,HyperVoice,EarthPower,Protect|||M|||50|,,,,,Normal]Electabuzz||Eviolite|VitalSpirit|Electroweb,FollowMe,Taunt,Protect|||M|||50|,,,,,Dragon]Talonflame||CovertCloak|GaleWings|DualWingbeat,FlareBlitz,Tailwind,WillOWisp|||F|||50|,,,,,Fairy
|inactive|Battle timer is ON: inactive players will automatically lose when time's up. (requested by nocturnallynoct)
|inactive|latios66 has 60 seconds left.
|inactive|nocturnallynoct has 60 seconds left.
|
|t:|1756764238
|teamsize|p1|4
|teamsize|p2|4
|start
|switch|p1a: Pawmot|Pawmot, L50, F|100/100
|switch|p1b: Corviknight|Corviknight, L50, F|100/100
|switch|p2a: Talonflame|Talonflame, L50, F|100/100
|switch|p2b: Tyranitar|Tyranitar, L50, M|100/100
|-weather|Sandstorm|[from] ability: Sand Stream|[of] p2b: Tyranitar
|turn|1
|inactive|nocturnallynoct has 30 seconds left.
|inactive|nocturnallynoct has 20 seconds left.
|inactive|nocturnallynoct has 15 seconds left.
|
|t:|1756764280
|switch|p2b: Electabuzz|Electabuzz, L50, M|100/100
|move|p1a: Pawmot|Fake Out|p2b: Electabuzz
|-damage|p2b: Electabuzz|87/100
|move|p2a: Talonflame|Will-O-Wisp|p1a: Pawmot
|-status|p1a: Pawmot|brn
|move|p1b: Corviknight|Tailwind|p1b: Corviknight
|-sidestart|p1: latios66|move: Tailwind
|
|-weather|Sandstorm|[upkeep]
|-damage|p1a: Pawmot|94/100 brn|[from] Sandstorm
|-damage|p2a: Talonflame|95/100|[from] Sandstorm
|-damage|p2b: Electabuzz|81/100|[from] Sandstorm
|-damage|p1a: Pawmot|88/100 brn|[from] brn
|upkeep
|turn|2
|inactive|latios66 has 30 seconds left.
|
|t:|1756764315
|move|p2b: Electabuzz|Follow Me|p2b: Electabuzz
|-singleturn|p2b: Electabuzz|move: Follow Me
|move|p1a: Pawmot|Close Combat|p2b: Electabuzz
|-damage|p2b: Electabuzz|53/100
|-unboost|p1a: Pawmot|def|1
|-unboost|p1a: Pawmot|spd|1
|move|p1b: Corviknight|Brave Bird|p2b: Electabuzz
|-resisted|p2b: Electabuzz
|-damage|p2b: Electabuzz|30/100
|-damage|p1b: Corviknight|95/100|[from] Recoil
|move|p2a: Talonflame|Tailwind|p2a: Talonflame
|-sidestart|p2: nocturnallynoct|move: Tailwind
|
|-weather|Sandstorm|[upkeep]
|-damage|p1a: Pawmot|82/100 brn|[from] Sandstorm
|-damage|p2a: Talonflame|89/100|[from] Sandstorm
|-damage|p2b: Electabuzz|24/100|[from] Sandstorm
|-damage|p1a: Pawmot|76/100 brn|[from] brn
|upkeep
|turn|3
|inactive|latios66 has 30 seconds left.
|inactive|nocturnallynoct has 30 seconds left.
|
|t:|1756764343
|-terastallize|p1a: Pawmot|Electric
|move|p1a: Pawmot|Double Shock|p2a: Talonflame
|-supereffective|p2a: Talonflame
|-damage|p2a: Talonflame|0 fnt
|-start|p1a: Pawmot|typechange|Electric|[from] move: Double Shock
|faint|p2a: Talonflame
|move|p2b: Electabuzz|Electroweb|p1a: Pawmot|[spread] p1a,p1b
|-resisted|p1a: Pawmot
|-supereffective|p1b: Corviknight
|-damage|p1a: Pawmot|56/100 brn
|-damage|p1b: Corviknight|68/100
|-unboost|p1a: Pawmot|spe|1
|-ability|p1b: Corviknight|Mirror Armor
|-unboost|p2b: Electabuzz|spe|1
|move|p1b: Corviknight|Brave Bird|p2b: Electabuzz
|-resisted|p2b: Electabuzz
|-crit|p2b: Electabuzz
|-damage|p2b: Electabuzz|0 fnt
|faint|p2b: Electabuzz
|-damage|p1b: Corviknight|62/100|[from] Recoil
|
|-weather|Sandstorm|[upkeep]
|-damage|p1a: Pawmot|50/100 brn|[from] Sandstorm
|-damage|p1a: Pawmot|44/100 brn|[from] brn
|upkeep
|
|t:|1756764362
|switch|p2a: Ursaluna|Ursaluna-Bloodmoon, L50, M|100/100
|switch|p2b: Tyranitar|Tyranitar, L50, M|100/100
|turn|4
|inactive|nocturnallynoct has 30 seconds left.
|inactive|nocturnallynoct has 20 seconds left.
|
|t:|1756764400
|-terastallize|p2b: Tyranitar|Flying
|move|p1a: Pawmot|Protect|p1a: Pawmot
|-singleturn|p1a: Pawmot|Protect
|move|p1b: Corviknight|Protect|p1b: Corviknight
|-singleturn|p1b: Corviknight|Protect
|move|p2b: Tyranitar|Rock Slide|p1b: Corviknight|[spread] 
|-activate|p1a: Pawmot|move: Protect
|-activate|p1b: Corviknight|move: Protect
|move|p2a: Ursaluna|Hyper Voice|p1a: Pawmot|[spread] 
|-activate|p1a: Pawmot|move: Protect
|-activate|p1b: Corviknight|move: Protect
|
|-weather|Sandstorm|[upkeep]
|-damage|p1a: Pawmot|37/100 brn|[from] Sandstorm
|-damage|p2b: Tyranitar|95/100|[from] Sandstorm
|-damage|p1a: Pawmot|31/100 brn|[from] brn
|-sideend|p1: latios66|move: Tailwind
|upkeep
|turn|5
|inactive|nocturnallynoct has 30 seconds left.
|inactive|nocturnallynoct has 20 seconds left.
|
|t:|1756764436
|-curestatus|p1a: Pawmot|brn|[from] ability: Natural Cure
|switch|p1a: Weezing|Weezing-Galar, L50, M|100/100
|-ability|p1a: Weezing|Neutralizing Gas
|move|p2b: Tyranitar|Knock Off|p1a: Weezing
|-resisted|p1a: Weezing
|-damage|p1a: Weezing|75/100
|-enditem|p1a: Weezing|Choice Specs|[from] move: Knock Off|[of] p2b: Tyranitar
|move|p2a: Ursaluna|Blood Moon|p1b: Corviknight
|-resisted|p1b: Corviknight
|-damage|p1b: Corviknight|15/100
|-enditem|p1b: Corviknight|Sitrus Berry|[eat]
|-heal|p1b: Corviknight|40/100|[from] item: Sitrus Berry
|-damage|p2a: Ursaluna|90/100|[from] item: Life Orb
|move|p1b: Corviknight|Tailwind|p1b: Corviknight
|-sidestart|p1: latios66|move: Tailwind
|
|-weather|none
|-sideend|p2: nocturnallynoct|move: Tailwind
|upkeep
|turn|6
|inactive|nocturnallynoct has 30 seconds left.
|inactive|nocturnallynoct has 20 seconds left.
|inactive|nocturnallynoct has 15 seconds left.
|inactive|nocturnallynoct has 10 seconds left.
|
|t:|1756764483
|move|p1b: Corviknight|Roost|p1b: Corviknight
|-heal|p1b: Corviknight|90/100
|-singleturn|p1b: Corviknight|move: Roost
|move|p1a: Weezing|Dazzling Gleam|p2b: Tyranitar|[spread] p2a,p2b
|-damage|p2a: Ursaluna|61/100
|-damage|p2b: Tyranitar|79/100
|move|p2b: Tyranitar|Low Kick|p1b: Corviknight
|-supereffective|p1b: Corviknight
|-damage|p1b: Corviknight|33/100
|move|p2a: Ursaluna|Earth Power|p1a: Weezing
|-supereffective|p1a: Weezing
|-damage|p1a: Weezing|0 fnt
|faint|p1a: Weezing
|-end|p1a: Weezing|ability: Neutralizing Gas
|-weather|Sandstorm|[from] ability: Sand Stream|[of] p2b: Tyranitar
|-damage|p2a: Ursaluna|51/100|[from] item: Life Orb
|
|-weather|Sandstorm|[upkeep]
|-damage|p2b: Tyranitar|73/100|[from] Sandstorm
|upkeep
|
|t:|1756764498
|switch|p1a: Typhlosion|Typhlosion-Hisui, L50, M|100/100
|turn|7
|c|☆nocturnallynoct|gg
|
|t:|1756764521
|move|p1a: Typhlosion|Eruption|p2a: Ursaluna|[spread] p2a,p2b
|-damage|p2a: Ursaluna|0 fnt
|-damage|p2b: Tyranitar|32/100
|faint|p2a: Ursaluna
|move|p1b: Corviknight|Brave Bird|p2b: Tyranitar
|-damage|p2b: Tyranitar|0 fnt
|faint|p2b: Tyranitar
|-damage|p1b: Corviknight|24/100|[from] Recoil
|
|win|latios66
|raw|latios66's rating: 1138 → 1164(+26 for winning)
|raw|nocturnallynoct's rating: 1148 → 1122(-26 for losing)
|c|☆latios66|Well played
|c|☆nocturnallynoct|i was completely shocked pawmot KOd after the burn that was wild
