|j|☆Kryzdra
|j|☆viatles
|html|Kryzdraviatles    
|uhtml|bestof|Game 1 of a best-of-3
|t:|1784656497
|gametype|doubles
|player|p1|Kryzdra|veteran|1094
|player|p2|viatles|hiker|1125
|gen|9
|tier|[Gen 9 Champions] VGC 2026 Reg M-B (Bo3)
|rated|
|rule|Species Clause: Limit one of each Pokémon
|rule|Item Clause: Limit 1 of each item
|clearpoke
|poke|p1|Mawile, L50, M|
|poke|p1|Vileplume, L50, M|
|poke|p1|Torkoal, L50, F|
|poke|p1|Farigiraf, L50, F|
|poke|p1|Armarouge, L50, M|
|poke|p1|Aerodactyl, L50, M|
|poke|p2|Beedrill, L50, F, shiny|
|poke|p2|Farigiraf, L50, M|
|poke|p2|Palafin, L50, M|
|poke|p2|Sableye, L50, M|
|poke|p2|Archaludon, L50, M|
|poke|p2|Annihilape, L50, M|
|teampreview|4
|showteam|p1|Mawile||Mawilite|HyperCutter|SuckerPunch,PlayRough,RockSlide,Protect|Brave||M|||50|]Vileplume||FocusSash|Chlorophyll|GigaDrain,SludgeBomb,SleepPowder,Protect|Timid||M|||50|]Torkoal||Charcoal|Drought|Eruption,HeatWave,EarthPower,Protect|Quiet||F|||50|]Farigiraf||SitrusBerry|ArmorTail|TrickRoom,HelpingHand,TwinBeam,Protect|Sassy||F|||50|]Armarouge||ColburBerry|FlashFire|HeatWave,AuraSphere,TrickRoom,WideGuard|Modest||M|||50|]Aerodactyl||Aerodactylite|Unnerve|IceFang,DualWingbeat,RockSlide,Tailwind|Jolly||M|||50|
|showteam|p2|Beedrill||Beedrillite|Swarm|Uturn,DrillRun,PoisonJab,Protect|Jolly||F|||50|]Farigiraf||SitrusBerry|ArmorTail|TrickRoom,Thunderbolt,TwinBeam,RainDance|Bold||M|||50|]Palafin||MysticWater|ZerotoHero|JetPunch,WaveCrash,Protect,DrainPunch|Adamant||M|||50|]Sableye||RoseliBerry|Prankster|FakeOut,FoulPlay,RainDance,Quash|Sassy||M|||50|]Archaludon||Leftovers|Stamina|ElectroShot,Protect,DracoMeteor,AuraSphere|Modest||M|||50|]Annihilape||ChoiceScarf|Defiant|Coaching,CloseCombat,RockSlide,PhantomForce|Jolly||M|||50|
|c|☆viatles|gl hf
|inactive|Battle timer is ON: inactive players will automatically lose when time's up. (requested by viatles)
|c|☆Kryzdra|gl hf
|
|t:|1784656528
|teamsize|p1|4
|teamsize|p2|4
|start
|switch|p1a: Mawile|Mawile, L50, M|100/100
|switch|p1b: Farigiraf|Farigiraf, L50, F|100/100
|switch|p2a: Malsumas|Beedrill, L50, F, shiny|100/100
|switch|p2b: Sableye|Sableye, L50, M|100/100
|turn|1
|
|t:|1784656548
|detailschange|p2a: Malsumas|Beedrill-Mega, L50, F, shiny
|-mega|p2a: Malsumas|Beedrill|Beedrillite
|move|p1a: Mawile|Protect|p1a: Mawile
|-singleturn|p1a: Mawile|Protect
|move|p2a: Malsumas|U-turn|p1b: Farigiraf
|-supereffective|p1b: Farigiraf|1
|-damage|p1b: Farigiraf|1/100
|-enditem|p1b: Farigiraf|Sitrus Berry|[eat]
|-heal|p1b: Farigiraf|25/100|[from] item: Sitrus Berry
|
|t:|1784656556
|switch|p2a: Wife's favorite|Palafin, L50, M|100/100|[from] U-turn
|move|p2b: Sableye|Foul Play|p1b: Farigiraf
|-supereffective|p1b: Farigiraf|1
|-damage|p1b: Farigiraf|0 fnt
|faint|p1b: Farigiraf
|
|upkeep
|
|t:|1784656564
|switch|p1b: Aerodactyl|Aerodactyl, L50, M|100/100
|-ability|p1b: Aerodactyl|Unnerve
|turn|2
|
|t:|1784656576
|detailschange|p2a: Wife's favorite|Palafin-Hero, L50, M
|switch|p2a: Archaludon|Archaludon, L50, M|100/100
|detailschange|p1a: Mawile|Mawile-Mega, L50, M
|-mega|p1a: Mawile|Mawile|Mawilite
|move|p2b: Sableye|Rain Dance|p2b: Sableye
|-weather|RainDance
|move|p1b: Aerodactyl|Tailwind|p1b: Aerodactyl
|-sidestart|p1: Kryzdra|move: Tailwind
|move|p1a: Mawile|Play Rough|p2b: Sableye
|-supereffective|p2b: Sableye|1
|-damage|p2b: Sableye|0 fnt
|faint|p2b: Sableye
|
|-weather|RainDance|[upkeep]
|upkeep
|
|t:|1784656589
|switch|p2b: Wife's favorite|Palafin-Hero, L50, M|100/100
|-activate|p2b: Wife's favorite|ability: Zero to Hero
|turn|3
|
|t:|1784656601
|move|p1a: Mawile|Sucker Punch|p2b: Wife's favorite
|-damage|p2b: Wife's favorite|62/100
|move|p2b: Wife's favorite|Jet Punch|p1a: Mawile
|-damage|p1a: Mawile|36/100
|move|p1b: Aerodactyl|Rock Slide|p2b: Wife's favorite|[spread] p2a,p2b
|-resisted|p2a: Archaludon|1
|-damage|p2a: Archaludon|91/100
|-damage|p2b: Wife's favorite|39/100
|-ability|p2a: Archaludon|Stamina|boost
|-boost|p2a: Archaludon|def|1
|cant|p2a: Archaludon|flinch
|
|-weather|RainDance|[upkeep]
|-heal|p2a: Archaludon|97/100|[from] item: Leftovers
|upkeep
|turn|4
|
|t:|1784656624
|move|p2b: Wife's favorite|Protect|p2b: Wife's favorite
|-singleturn|p2b: Wife's favorite|Protect
|move|p1a: Mawile|Sucker Punch||[still]
|-fail|p1a: Mawile
|move|p1b: Aerodactyl|Ice Fang|p2a: Archaludon
|-damage|p2a: Archaludon|88/100
|-ability|p2a: Archaludon|Stamina|boost
|-boost|p2a: Archaludon|def|1
|move|p2a: Archaludon|Electro Shot||[still]
|-prepare|p2a: Archaludon|Electro Shot
|-boost|p2a: Archaludon|spa|1
|-anim|p2a: Archaludon|Electro Shot|p1b: Aerodactyl
|-supereffective|p1b: Aerodactyl|1
|-damage|p1b: Aerodactyl|0 fnt
|faint|p1b: Aerodactyl
|
|-weather|RainDance|[upkeep]
|-heal|p2a: Archaludon|94/100|[from] item: Leftovers
|upkeep
|
|t:|1784656639
|switch|p1b: Torkoal|Torkoal, L50, F|100/100
|-weather|SunnyDay|[from] ability: Drought|[of] p1b: Torkoal
|turn|5
|
|t:|1784656656
|move|p2b: Wife's favorite|Protect||[still]
|-fail|p2b: Wife's favorite
|move|p1a: Mawile|Sucker Punch||[still]
|-fail|p1a: Mawile
|move|p2a: Archaludon|Aura Sphere|p1a: Mawile
|-damage|p1a: Mawile|0 fnt
|faint|p1a: Mawile
|move|p1b: Torkoal|Earth Power|p2a: Archaludon
|-supereffective|p2a: Archaludon|1
|-damage|p2a: Archaludon|42/100
|-ability|p2a: Archaludon|Stamina|boost
|-boost|p2a: Archaludon|def|1
|
|-weather|SunnyDay|[upkeep]
|-heal|p2a: Archaludon|48/100|[from] item: Leftovers
|-sideend|p1: Kryzdra|move: Tailwind
|upkeep
|turn|6
|
|t:|1784656679
|move|p2b: Wife's favorite|Drain Punch|p1b: Torkoal
|-damage|p1b: Torkoal|74/100
|-heal|p2b: Wife's favorite|49/100|[from] drain|[of] p1b: Torkoal
|move|p2a: Archaludon|Aura Sphere|p1b: Torkoal
|-damage|p1b: Torkoal|24/100
|move|p1b: Torkoal|Earth Power|p2a: Archaludon
|-supereffective|p2a: Archaludon|1
|-damage|p2a: Archaludon|0 fnt
|faint|p2a: Archaludon
|
|-weather|SunnyDay|[upkeep]
|upkeep
|
|t:|1784656691
|switch|p2a: Malsumas|Beedrill-Mega, L50, F, shiny|100/100
|turn|7
|
|t:|1784656700
|move|p2b: Wife's favorite|Jet Punch|p1b: Torkoal
|-supereffective|p1b: Torkoal|1
|-crit|p1b: Torkoal
|-damage|p1b: Torkoal|0 fnt
|faint|p1b: Torkoal
|
|win|viatles
