|j|☆dawnenen
|j|☆WoopsVinny
|html|dawnenenWoopsVinny    
|uhtml|bestof|Game 1 of a best-of-3
|t:|1784842812
|gametype|doubles
|player|p1|dawnenen|galacticgruntf|1118
|player|p2|WoopsVinny|2|1042
|gen|9
|tier|[Gen 9 Champions] VGC 2026 Reg M-B (Bo3)
|rated|
|rule|Species Clause: Limit one of each Pokémon
|rule|Item Clause: Limit 1 of each item
|clearpoke
|poke|p1|Venusaur, L50, M|
|poke|p1|Charizard, L50, M|
|poke|p1|Grimmsnarl, L50, M|
|poke|p1|Archaludon, L50, F|
|poke|p1|Basculegion, L50, M|
|poke|p1|Pelipper, L50, F|
|poke|p2|Farigiraf, L50, F, shiny|
|poke|p2|Mawile, L50, M, shiny|
|poke|p2|Snorlax, L50, F, shiny|
|poke|p2|Sinistcha-Masterpiece, L50, shiny|
|poke|p2|Scrafty, L50, M, shiny|
|poke|p2|Rotom-Wash, L50, shiny|
|teampreview|4
|showteam|p1|Venusaur||FocusSash|Chlorophyll|SludgeBomb,EarthPower,SleepPowder,Protect|Modest||M|||50|]Charizard||CharizarditeY|Blaze|Protect,HeatWave,SolarBeam,WeatherBall|Modest||M|||50|]Grimmsnarl||LightClay|Prankster|SpiritBreak,LightScreen,Reflect,PartingShot|Sassy||M|||50|]Archaludon||Leftovers|Stamina|ElectroShot,DragonPulse,FlashCannon,Protect|Calm||F|||50|]Basculegion||ChoiceScarf|Adaptability|WaveCrash,LastRespects,AquaJet,FlipTurn|Jolly||M|||50|]Pelipper||SitrusBerry|Drizzle|Hurricane,WeatherBall,Tailwind,WideGuard|Modest||F|||50|
|showteam|p2|Farigiraf||MentalHerb|ArmorTail|TrickRoom,TwinBeam,Thunderbolt,Protect|Relaxed||F|||50|]Mawile||Mawilite|HyperCutter|IronHead,PlayRough,SuckerPunch,SwordsDance|Brave||M|||50|]Snorlax||Leftovers|ThickFat|HighHorsepower,BodySlam,ThunderPunch,Curse|Brave||F|||50|]Sinistcha-Masterpiece||FocusSash|Hospitality|TrickRoom,RagePowder,MatchaGotcha,LifeDew|Relaxed|||||50|]Scrafty||Scraftinite|Intimidate|KnockOff,CloseCombat,PoisonJab,FakeOut|Brave||M|||50|]Rotom-Wash||SitrusBerry|Levitate|WillOWisp,Thunderbolt,HydroPump,VoltSwitch|Modest|||||50|
|inactive|Battle timer is ON: inactive players will automatically lose when time's up. (requested by dawnenen)
|inactive|dawnenen has 60 seconds left.
|inactive|dawnenen has 30 seconds left.
|
|t:|1784842874
|teamsize|p1|4
|teamsize|p2|4
|start
|switch|p1a: Basculegion|Basculegion, L50, M|100/100
|switch|p1b: Pelipper|Pelipper, L50, F|100/100
|switch|p2a: Farigiraf|Farigiraf, L50, F, shiny|100/100
|switch|p2b: Rotom|Rotom-Wash, L50, shiny|100/100
|-weather|RainDance|[from] ability: Drizzle|[of] p1b: Pelipper
|turn|1
|
|t:|1784842891
|move|p1a: Basculegion|Wave Crash|p2a: Farigiraf
|-damage|p2a: Farigiraf|11/100
|-damage|p1a: Basculegion|65/100|[from] Recoil
|move|p2b: Rotom|Volt Switch|p1b: Pelipper
|-supereffective|p1b: Pelipper|2
|-damage|p1b: Pelipper|0 fnt
|faint|p1b: Pelipper
|
|t:|1784842900
|switch|p2b: Mawile|Mawile, L50, M, shiny|100/100|[from] Volt Switch
|move|p2a: Farigiraf|Trick Room|p2a: Farigiraf
|-fieldstart|move: Trick Room|[of] p2a: Farigiraf
|
|-weather|RainDance|[upkeep]
|upkeep
|
|t:|1784842907
|switch|p1b: Charizard|Charizard, L50, M|100/100
|turn|2
|
|t:|1784842927
|switch|p1a: Venusaur|Venusaur, L50, M|100/100
|detailschange|p2b: Mawile|Mawile-Mega, L50, M, shiny
|-mega|p2b: Mawile|Mawile|Mawilite
|move|p1b: Charizard|Protect|p1b: Charizard
|-singleturn|p1b: Charizard|Protect
|move|p2b: Mawile|Sucker Punch||[still]
|-fail|p2b: Mawile
|move|p2a: Farigiraf|Thunderbolt|p1b: Charizard
|-activate|p1b: Charizard|move: Protect
|
|-weather|RainDance|[upkeep]
|upkeep
|turn|3
|
|t:|1784842944
|switch|p1b: Basculegion|Basculegion, L50, M|65/100
|move|p1a: Venusaur|Protect|p1a: Venusaur
|-singleturn|p1a: Venusaur|Protect
|move|p2b: Mawile|Sucker Punch||[still]
|-fail|p2b: Mawile
|move|p2a: Farigiraf|Thunderbolt|p1b: Basculegion
|-supereffective|p1b: Basculegion|1
|-damage|p1b: Basculegion|10/100
|
|-weather|RainDance|[upkeep]
|upkeep
|turn|4
|
|t:|1784842962
|switch|p1b: Charizard|Charizard, L50, M|100/100
|move|p2b: Mawile|Sucker Punch||[still]
|-fail|p2b: Mawile
|move|p2a: Farigiraf|Twin Beam|p1a: Venusaur
|-supereffective|p1a: Venusaur|1
|-damage|p1a: Venusaur|65/100
|-supereffective|p1a: Venusaur|1
|-damage|p1a: Venusaur|29/100
|-hitcount|p1a: Venusaur|2
|move|p1a: Venusaur|Sleep Powder|p2b: Mawile
|-status|p2b: Mawile|slp|[from] move: Sleep Powder
|
|-weather|RainDance|[upkeep]
|upkeep
|turn|5
|inactive|dawnenen has 30 seconds left.
|
|t:|1784842988
|cant|p2b: Mawile|slp
|move|p2a: Farigiraf|Twin Beam|p1a: Venusaur
|-supereffective|p1a: Venusaur|1
|-damage|p1a: Venusaur|0 fnt
|faint|p1a: Venusaur
|-hitcount|p1: Venusaur|1
|move|p1b: Charizard|Weather Ball|p2a: Farigiraf
|-damage|p2a: Farigiraf|0 fnt
|faint|p2a: Farigiraf
|
|-weather|none
|-fieldend|move: Trick Room
|upkeep
|
|t:|1784843001
|switch|p1a: Basculegion|Basculegion, L50, M|10/100
|switch|p2a: Rotom|Rotom-Wash, L50, shiny|100/100
|turn|6
|
|t:|1784843025
|detailschange|p1b: Charizard|Charizard-Mega-Y, L50, M
|-mega|p1b: Charizard|Charizard|Charizardite Y
|-weather|SunnyDay|[from] ability: Drought|[of] p1b: Charizard
|cant|p2b: Mawile|slp
|move|p1a: Basculegion|Last Respects|p2b: Mawile
|-damage|p2b: Mawile|9/100 slp
|move|p1b: Charizard|Solar Beam||[still]
|-prepare|p1b: Charizard|Solar Beam
|-anim|p1b: Charizard|Solar Beam|p2a: Rotom
|-supereffective|p2a: Rotom|1
|-damage|p2a: Rotom|0 fnt
|faint|p2a: Rotom
|
|-weather|SunnyDay|[upkeep]
|upkeep
|
|t:|1784843037
|switch|p2a: Scrafty|Scrafty, L50, M, shiny|100/100
|-ability|p2a: Scrafty|Intimidate|boost
|-unboost|p1a: Basculegion|atk|1
|-unboost|p1b: Charizard|atk|1
|turn|7
|
|t:|1784843051
|-curestatus|p2b: Mawile|slp|[msg]
|move|p2b: Mawile|Sucker Punch|p1a: Basculegion
|-supereffective|p1a: Basculegion|1
|-damage|p1a: Basculegion|0 fnt
|faint|p1a: Basculegion
|move|p1b: Charizard|Heat Wave|p2b: Mawile|[spread] p2a,p2b
|-supereffective|p2b: Mawile|1
|-damage|p2a: Scrafty|35/100
|-damage|p2b: Mawile|0 fnt
|faint|p2b: Mawile
|move|p2a: Scrafty|Poison Jab|p1b: Charizard
|-damage|p1b: Charizard|74/100
|
|-weather|SunnyDay|[upkeep]
|upkeep
|turn|8
|
|t:|1784843071
|move|p1b: Charizard|Weather Ball|p2a: Scrafty
|-damage|p2a: Scrafty|0 fnt
|faint|p2a: Scrafty
|
|win|dawnenen
||dawnenen is ready for game 2.
|inactive|WoopsVinny has 30 seconds to confirm battle start!
|inactive|WoopsVinny has 20 seconds to confirm battle start!
|l|☆WoopsVinny
|player|p2|
|inactive|WoopsVinny has 10 seconds to confirm battle start!
|raw|dawnenen's rating: 1118 → 1138(+20 for winning)
|raw|WoopsVinny's rating: 1042 → 1029(-13 for losing)
