|j|☆davirru6
|j|☆dfjkhbf
|html|davirru6dfjkhbf    
|uhtml|bestof|Game 1 of a best-of-3
|t:|1756907825
|gametype|doubles
|player|p1|davirru6|1|1160
|player|p2|dfjkhbf|dawn|1116
|gen|9
|tier|[Gen 9] VGC 2025 Reg H (Bo3)
|rated|
|rule|Species Clause: Limit one of each Pokémon
|rule|Item Clause: Limit 1 of each item
|clearpoke
|poke|p1|Pelipper, L50, F|
|poke|p1|Archaludon, L50, M|
|poke|p1|Basculegion, L50, M|
|poke|p1|Amoonguss, L50, M|
|poke|p1|Gholdengo, L50|
|poke|p1|Incineroar, L50, M|
|poke|p2|Lilligant-Hisui, L50, F|
|poke|p2|Torkoal, L50, M|
|poke|p2|Indeedee-F, L50, F|
|poke|p2|Hatterene, L50, F|
|poke|p2|Ursaluna, L50, M|
|poke|p2|Typhlosion-Hisui, L50, M|
|teampreview|4
|showteam|p1|Pelipper||FocusSash|Drizzle|Hurricane,WeatherBall,Tailwind,Protect|||F|||50|,,,,,Stellar]Archaludon||AssaultVest|Stamina|ElectroShot,DracoMeteor,Snarl,BodyPress|||M|||50|,,,,,Grass]Basculegion||ChoiceBand|SwiftSwim|WaveCrash,FlipTurn,AquaJet,LastRespects|||M|||50|,,,,,Water]Amoonguss||SitrusBerry|Regenerator|Spore,PollenPuff,RagePowder,Protect|||M|||50|,,,,,Water]Gholdengo||LifeOrb|GoodasGold|MakeItRain,ShadowBall,NastyPlot,Protect||||||50|,,,,,Water]Incineroar||RockyHelmet|Intimidate|KnockOff,FakeOut,Taunt,PartingShot|||M|||50|,,,,,Ghost
|showteam|p2|Lilligant-Hisui||FocusSash|Chlorophyll|Protect,CloseCombat,LeafBlade,AfterYou|||F|||50|,,,,,Ghost]Torkoal||Charcoal|Drought|Protect,Eruption,WeatherBall,HeatWave|||M|||50|,,,,,Fire]Indeedee-F||SafetyGoggles|PsychicSurge|FollowMe,TrickRoom,HelpingHand,Psychic|||F|||50|,,,,,Fairy]Hatterene||LifeOrb|MagicBounce|ExpandingForce,DazzlingGleam,TeraBlast,TrickRoom|||F|||50|,,,,,Fire]Ursaluna||FlameOrb|Guts|Protect,Facade,Earthquake,HeadlongRush|||M|||50|,,,,,Ghost]Typhlosion-Hisui||ChoiceScarf|Blaze|Eruption,HeatWave,Overheat,ShadowBall|||M|||50|,,,,,Fire
|inactive|Battle timer is ON: inactive players will automatically lose when time's up. (requested by dfjkhbf)
|inactive|davirru6 also wants the timer to be on.
|inactive|dfjkhbf has 60 seconds left.
|
|t:|1756907857
|teamsize|p1|4
|teamsize|p2|4
|start
|switch|p1a: Basculegion|Basculegion, L50, M|100/100
|switch|p1b: Incineroar|Incineroar, L50, M|100/100
|switch|p2a: Indeedee|Indeedee-F, L50, F|100/100
|switch|p2b: Hatterene|Hatterene, L50, F|100/100
|-fieldstart|move: Psychic Terrain|[from] ability: Psychic Surge|[of] p2a: Indeedee
|-ability|p1b: Incineroar|Intimidate|boost
|-unboost|p2a: Indeedee|atk|1
|-unboost|p2b: Hatterene|atk|1
|turn|1
|
|t:|1756907873
|move|p2a: Indeedee|Follow Me|p2a: Indeedee
|-singleturn|p2a: Indeedee|move: Follow Me
|move|p1a: Basculegion|Flip Turn|p2a: Indeedee
|-damage|p2a: Indeedee|58/100
|
|t:|1756907878
|switch|p1a: Archaludon|Archaludon, L50, M|100/100|[from] Flip Turn
|move|p1b: Incineroar|Taunt|p2a: Indeedee
|-start|p2a: Indeedee|move: Taunt
|move|p2b: Hatterene|Trick Room|p2b: Hatterene
|-fieldstart|move: Trick Room|[of] p2b: Hatterene
|
|upkeep
|turn|2
|
|t:|1756907900
|move|p2b: Hatterene|Dazzling Gleam|p1b: Incineroar|[spread] p1a,p1b
|-damage|p1a: Archaludon|64/100
|-damage|p1b: Incineroar|56/100
|-ability|p1a: Archaludon|Stamina|boost
|-boost|p1a: Archaludon|def|1
|-damage|p2b: Hatterene|91/100|[from] item: Life Orb
|move|p1b: Incineroar|Knock Off|p2b: Hatterene
|-damage|p2b: Hatterene|45/100
|-enditem|p2b: Hatterene|Life Orb|[from] move: Knock Off|[of] p1b: Incineroar
|move|p2a: Indeedee|Psychic|p1a: Archaludon
|-resisted|p1a: Archaludon
|-damage|p1a: Archaludon|50/100
|-ability|p1a: Archaludon|Stamina|boost
|-boost|p1a: Archaludon|def|1
|move|p1a: Archaludon|Snarl|p2a: Indeedee|[spread] p2a,p2b
|-supereffective|p2a: Indeedee
|-damage|p2a: Indeedee|33/100
|-damage|p2b: Hatterene|32/100
|-unboost|p2a: Indeedee|spa|1
|-unboost|p2b: Hatterene|spa|1
|
|upkeep
|turn|3
|
|t:|1756907920
|move|p2b: Hatterene|Dazzling Gleam|p1b: Incineroar|[spread] p1a,p1b
|-damage|p1a: Archaludon|33/100
|-damage|p1b: Incineroar|35/100
|-ability|p1a: Archaludon|Stamina|boost
|-boost|p1a: Archaludon|def|1
|move|p1b: Incineroar|Knock Off|p2b: Hatterene
|-crit|p2b: Hatterene
|-damage|p2b: Hatterene|0 fnt
|faint|p2b: Hatterene
|move|p2a: Indeedee|Psychic|p1a: Archaludon
|-resisted|p1a: Archaludon
|-damage|p1a: Archaludon|23/100
|-ability|p1a: Archaludon|Stamina|boost
|-boost|p1a: Archaludon|def|1
|move|p1a: Archaludon|Snarl|p2a: Indeedee
|-supereffective|p2a: Indeedee
|-damage|p2a: Indeedee|0 fnt
|faint|p2a: Indeedee
|
|upkeep
|
|t:|1756907930
|switch|p2b: Lilligant|Lilligant-Hisui, L50, F|100/100
|switch|p2a: Torkoal|Torkoal, L50, M|100/100
|-weather|SunnyDay|[from] ability: Drought|[of] p2a: Torkoal
|turn|4
|
|t:|1756907954
|switch|p1b: Pelipper|Pelipper, L50, F|100/100
|-weather|RainDance|[from] ability: Drizzle|[of] p1b: Pelipper
|-terastallize|p2a: Torkoal|Fire
|move|p2a: Torkoal|Eruption|p1a: Archaludon|[spread] p1a,p1b
|-resisted|p1b: Pelipper
|-damage|p1a: Archaludon|0 fnt
|-damage|p1b: Pelipper|66/100
|faint|p1a: Archaludon
|move|p2b: Lilligant|Leaf Blade|p1b: Pelipper
|-damage|p1b: Pelipper|12/100
|
|-weather|RainDance|[upkeep]
|upkeep
|
|t:|1756907960
|switch|p1a: Incineroar|Incineroar, L50, M|35/100
|-ability|p1a: Incineroar|Intimidate|boost
|-unboost|p2a: Torkoal|atk|1
|-unboost|p2b: Lilligant|atk|1
|turn|5
|
|t:|1756907982
|move|p1a: Incineroar|Fake Out|p2a: Torkoal
|-activate|p2a: Torkoal|move: Psychic Terrain
|move|p2a: Torkoal|Weather Ball|p1a: Incineroar
|-supereffective|p1a: Incineroar
|-damage|p1a: Incineroar|0 fnt
|faint|p1a: Incineroar
|move|p1b: Pelipper|Tailwind|p1b: Pelipper
|-sidestart|p1: davirru6|move: Tailwind
|move|p2b: Lilligant|Leaf Blade|p1b: Pelipper
|-damage|p1b: Pelipper|0 fnt
|faint|p1b: Pelipper
|
|-weather|RainDance|[upkeep]
|-fieldend|move: Trick Room
|-fieldend|move: Psychic Terrain
|upkeep
|
|t:|1756907989
|switch|p1a: Basculegion|Basculegion, L50, M|100/100
|turn|6
|
|t:|1756908005
|move|p1a: Basculegion|Last Respects|p2b: Lilligant
|-enditem|p2b: Lilligant|Focus Sash
|-damage|p2b: Lilligant|1/100
|move|p2b: Lilligant|Leaf Blade|p1a: Basculegion
|-supereffective|p1a: Basculegion
|-damage|p1a: Basculegion|29/100
|move|p2a: Torkoal|Weather Ball|p1a: Basculegion
|-resisted|p1a: Basculegion
|-damage|p1a: Basculegion|4/100
|
|-weather|RainDance|[upkeep]
|upkeep
|turn|7
|
|t:|1756908018
|move|p1a: Basculegion|Last Respects|p2a: Torkoal
|-damage|p2a: Torkoal|0 fnt
|faint|p2a: Torkoal
|move|p2b: Lilligant|Leaf Blade|p1a: Basculegion
|-supereffective|p1a: Basculegion
|-damage|p1a: Basculegion|0 fnt
|faint|p1a: Basculegion
|
|win|dfjkhbf
||davirru6 is ready for game 2.
||dfjkhbf is ready for game 2.
|uhtml|next|Next: Game 2 of 3
