|j|☆mikemoon11
|j|☆Ritzbitz12
|html|mikemoon11Ritzbitz12    
|uhtml|bestof|Game 1 of a best-of-3
|t:|1757097323
|gametype|doubles
|player|p1|mikemoon11|169|1123
|player|p2|Ritzbitz12|palmer|1194
|gen|9
|tier|[Gen 9] VGC 2025 Reg H (Bo3)
|rated|
|rule|Species Clause: Limit one of each Pokémon
|rule|Item Clause: Limit 1 of each item
|clearpoke
|poke|p1|Indeedee-F, L50, F|
|poke|p1|Hatterene, L50, F|
|poke|p1|Gallade, L50, M|
|poke|p1|Ursaluna, L50, M|
|poke|p1|Lilligant-Hisui, L50, F|
|poke|p1|Torkoal, L50, M|
|poke|p2|Ninetales-Alola, L50, F|
|poke|p2|Gholdengo, L50|
|poke|p2|Garchomp, L50, M|
|poke|p2|Incineroar, L50, M|
|poke|p2|Sneasler, L50, F|
|poke|p2|Dragonite, L50, F|
|teampreview|4
|showteam|p1|Indeedee-F||PsychicSeed|PsychicSurge|TrickRoom,FollowMe,HelpingHand,DazzlingGleam|||F|||50|,,,,,Fire]Hatterene||LifeOrb|MagicBounce|ExpandingForce,TrickRoom,DazzlingGleam,Protect|||F|||50|,,,,,Psychic]Gallade||ClearAmulet|Sharpness|PsychoCut,TrickRoom,SacredSword,WideGuard|||M|||50|,,,,,Grass]Ursaluna||FlameOrb|Guts|HeadlongRush,Facade,SwordsDance,Protect|||M|||50|,,,,,Ghost]Lilligant-Hisui||FocusSash|Chlorophyll|SolarBlade,SleepPowder,CloseCombat,AfterYou|||F|||50|,,,,,Ghost]Torkoal||ChoiceSpecs|Drought|Eruption,HeatWave,WeatherBall,EarthPower|||M|||50|,,,,,Fire
|showteam|p2|Ninetales-Alola||LightClay|SnowWarning|AuroraVeil,Blizzard,FreezeDry,Protect|||F|||50|,,,,,Ghost]Gholdengo||LifeOrb|GoodasGold|MakeItRain,ShadowBall,NastyPlot,Protect||||||50|,,,,,Water]Garchomp||ClearAmulet|RoughSkin|Earthquake,StompingTantrum,DragonClaw,Protect|||M|||50|,,,,,Ground]Incineroar||AssaultVest|Intimidate|FakeOut,KnockOff,FlareBlitz,Uturn|||M|||50|,,,,,Grass]Sneasler||WhiteHerb|Unburden|Coaching,CloseCombat,DireClaw,Protect|||F|||50|,,,,,Ghost]Dragonite||LoadedDice|Multiscale|ScaleShot,Haze,Tailwind,Protect|||F|||50|,,,,,Fairy
|inactive|Battle timer is ON: inactive players will automatically lose when time's up. (requested by mikemoon11)
|c|☆mikemoon11|Gl hf
|
|t:|1757097392
|teamsize|p1|4
|teamsize|p2|4
|start
|switch|p1a: Martin Van Buren|Indeedee-F, L50, F, shiny|100/100
|switch|p1b: Andrew Jackson|Gallade, L50, M, shiny|100/100
|switch|p2a: Incineroar|Incineroar, L50, M|100/100
|switch|p2b: Sneasler|Sneasler, L50, F|100/100
|-ability|p2a: Incineroar|Intimidate|boost
|-unboost|p1a: Martin Van Buren|atk|1
|-fail|p1b: Andrew Jackson|unboost|[from] item: Clear Amulet|[of] p1b: Andrew Jackson
|-fieldstart|move: Psychic Terrain|[from] ability: Psychic Surge|[of] p1a: Martin Van Buren
|-enditem|p1a: Martin Van Buren|Psychic Seed
|-boost|p1a: Martin Van Buren|spd|1|[from] item: Psychic Seed
|turn|1
|inactive|Ritzbitz12 has 30 seconds left.
|inactive|Ritzbitz12 has 20 seconds left.
|inactive|Ritzbitz12 has 15 seconds left.
|inactive|Ritzbitz12 has 10 seconds left.
|
|t:|1757097438
|move|p2b: Sneasler|Protect|p2b: Sneasler
|-singleturn|p2b: Sneasler|Protect
|move|p1a: Martin Van Buren|Follow Me|p1a: Martin Van Buren
|-singleturn|p1a: Martin Van Buren|move: Follow Me
|move|p2a: Incineroar|U-turn|p1a: Martin Van Buren
|-supereffective|p1a: Martin Van Buren
|-damage|p1a: Martin Van Buren|63/100
|
|t:|1757097455
|switch|p2a: Gholdengo|Gholdengo, L50|100/100|[from] U-turn
|move|p1b: Andrew Jackson|Trick Room|p1b: Andrew Jackson
|-fieldstart|move: Trick Room|[of] p1b: Andrew Jackson
|
|upkeep
|turn|2
|inactive|Ritzbitz12 has 30 seconds left.
|
|t:|1757097485
|switch|p1a: L.B.J|Torkoal, L50, M, shiny|100/100
|-weather|SunnyDay|[from] ability: Drought|[of] p1a: L.B.J
|switch|p2b: Incineroar|Incineroar, L50, M|100/100
|-ability|p2b: Incineroar|Intimidate|boost
|-unboost|p1a: L.B.J|atk|1
|-fail|p1b: Andrew Jackson|unboost|[from] item: Clear Amulet|[of] p1b: Andrew Jackson
|move|p1b: Andrew Jackson|Psycho Cut|p2b: Incineroar
|-immune|p2b: Incineroar
|move|p2a: Gholdengo|Nasty Plot|p2a: Gholdengo
|-boost|p2a: Gholdengo|spa|2
|
|-weather|SunnyDay|[upkeep]
|upkeep
|turn|3
|inactive|Ritzbitz12 has 30 seconds left.
|inactive|Ritzbitz12 has 20 seconds left.
|inactive|Ritzbitz12 has 15 seconds left.
|inactive|Ritzbitz12 has 10 seconds left.
|inactive|Ritzbitz12 has 5 seconds left.
|
|t:|1757097536
|-terastallize|p1a: L.B.J|Fire
|-terastallize|p2a: Gholdengo|Water
|move|p1a: L.B.J|Eruption|p2b: Incineroar|[spread] p2a,p2b
|-resisted|p2a: Gholdengo
|-resisted|p2b: Incineroar
|-damage|p2a: Gholdengo|28/100
|-damage|p2b: Incineroar|56/100
|move|p2b: Incineroar|U-turn|p1b: Andrew Jackson
|-damage|p1b: Andrew Jackson|75/100
|
|t:|1757097549
|switch|p2b: Sneasler|Sneasler, L50, F|100/100|[from] U-turn
|move|p1b: Andrew Jackson|Sacred Sword|p2b: Sneasler
|-resisted|p2b: Sneasler
|-damage|p2b: Sneasler|48/100
|move|p2a: Gholdengo|Make It Rain|p1a: L.B.J|[spread] p1a,p1b
|-resisted|p1a: L.B.J
|-damage|p1a: L.B.J|24/100
|-damage|p1b: Andrew Jackson|0 fnt
|-unboost|p2a: Gholdengo|spa|1
|faint|p1b: Andrew Jackson
|-damage|p2a: Gholdengo|18/100|[from] item: Life Orb
|
|-weather|SunnyDay|[upkeep]
|upkeep
|
|t:|1757097553
|switch|p1b: F.D.R|Hatterene, L50, F, shiny|100/100
|turn|4
|inactive|Ritzbitz12 has 30 seconds left.
|inactive|Ritzbitz12 has 20 seconds left.
|inactive|Ritzbitz12 has 15 seconds left.
|inactive|Ritzbitz12 has 10 seconds left.
|inactive|Ritzbitz12 has 5 seconds left.
|
|t:|1757097603
|switch|p1a: Martin Van Buren|Indeedee-F, L50, F, shiny|63/100
|switch|p2a: Incineroar|Incineroar, L50, M|56/100
|-ability|p2a: Incineroar|Intimidate|boost
|-unboost|p1a: Martin Van Buren|atk|1
|-unboost|p1b: F.D.R|atk|1
|switch|p2b: Ninetales|Ninetales-Alola, L50, F|100/100
|-weather|Snowscape|[from] ability: Snow Warning|[of] p2b: Ninetales
|move|p1b: F.D.R|Expanding Force|p2a: Incineroar|[spread] p2b
|-immune|p2a: Incineroar
|-damage|p2b: Ninetales|4/100
|-damage|p1b: F.D.R|91/100|[from] item: Life Orb
|
|-weather|Snowscape|[upkeep]
|upkeep
|turn|5
|inactive|Ritzbitz12 has 30 seconds left.
|
|t:|1757097634
|switch|p2b: Sneasler|Sneasler, L50, F|48/100
|move|p2a: Incineroar|Flare Blitz|p1b: F.D.R
|-damage|p1b: F.D.R|33/100
|-damage|p2a: Incineroar|41/100|[from] Recoil
|move|p1b: F.D.R|Trick Room|p1b: F.D.R
|-fieldend|move: Trick Room
|move|p1a: Martin Van Buren|Trick Room|p1a: Martin Van Buren
|-fieldstart|move: Trick Room|[of] p1a: Martin Van Buren
|
|-weather|Snowscape|[upkeep]
|-fieldend|move: Psychic Terrain
|upkeep
|turn|6
|
|t:|1757097654
|switch|p2a: Gholdengo|Gholdengo, L50, tera:Water|18/100
|move|p1a: Martin Van Buren|Helping Hand|p1b: F.D.R
|-singleturn|p1b: F.D.R|Helping Hand|[of] p1a: Martin Van Buren
|move|p2b: Sneasler|Protect|p2b: Sneasler
|-singleturn|p2b: Sneasler|Protect
|move|p1b: F.D.R|Dazzling Gleam|p2b: Sneasler|[spread] p2a
|-activate|p2b: Sneasler|move: Protect
|-damage|p2a: Gholdengo|0 fnt
|faint|p2a: Gholdengo
|-damage|p1b: F.D.R|23/100|[from] item: Life Orb
|
|-weather|Snowscape|[upkeep]
|upkeep
|
|t:|1757097672
|switch|p2a: Incineroar|Incineroar, L50, M|41/100
|-ability|p2a: Incineroar|Intimidate|boost
|-unboost|p1a: Martin Van Buren|atk|1
|-unboost|p1b: F.D.R|atk|1
|turn|7
|inactive|Ritzbitz12 has 30 seconds left.
|
|t:|1757097701
|move|p2a: Incineroar|Fake Out|p1b: F.D.R
|-damage|p1b: F.D.R|10/100
|cant|p1b: F.D.R|flinch
|move|p1a: Martin Van Buren|Dazzling Gleam|p2a: Incineroar|[spread] p2a,p2b
|-damage|p2a: Incineroar|32/100
|-damage|p2b: Sneasler|33/100
|move|p2b: Sneasler|Dire Claw|p1a: Martin Van Buren
|-damage|p1a: Martin Van Buren|24/100
|
|-weather|Snowscape|[upkeep]
|upkeep
|turn|8
|
|t:|1757097724
|move|p1a: Martin Van Buren|Helping Hand|p1b: F.D.R
|-singleturn|p1b: F.D.R|Helping Hand|[of] p1a: Martin Van Buren
|move|p2b: Sneasler|Protect|p2b: Sneasler
|-singleturn|p2b: Sneasler|Protect
|move|p1b: F.D.R|Dazzling Gleam|p2b: Sneasler|[spread] p2a
|-activate|p2b: Sneasler|move: Protect
|-damage|p2a: Incineroar|0 fnt
|faint|p2a: Incineroar
|-damage|p1b: F.D.R|0 fnt|[from] item: Life Orb
|faint|p1b: F.D.R
|
|-weather|none
|upkeep
|
|t:|1757097736
|switch|p1b: L.B.J|Torkoal, L50, M, shiny, tera:Fire|24/100
|switch|p2a: Ninetales|Ninetales-Alola, L50, F|4/100
|-weather|SunnyDay|[from] ability: Drought|[of] p1b: L.B.J
|-weather|Snowscape|[from] ability: Snow Warning|[of] p2a: Ninetales
|turn|9
|
|t:|1757097750
|move|p1a: Martin Van Buren|Helping Hand|p1b: L.B.J
|-singleturn|p1b: L.B.J|Helping Hand|[of] p1a: Martin Van Buren
|move|p2a: Ninetales|Protect|p2a: Ninetales
|-singleturn|p2a: Ninetales|Protect
|move|p2b: Sneasler|Protect|p2b: Sneasler
|-singleturn|p2b: Sneasler|Protect
|move|p1b: L.B.J|Heat Wave|p2b: Sneasler|[spread] 
|-activate|p2a: Ninetales|move: Protect
|-activate|p2b: Sneasler|move: Protect
|
|-weather|Snowscape|[upkeep]
|-fieldend|move: Trick Room
|upkeep
|turn|10
|inactive|Ritzbitz12 has 30 seconds left.
|
|t:|1757097779
|move|p1a: Martin Van Buren|Follow Me|p1a: Martin Van Buren
|-singleturn|p1a: Martin Van Buren|move: Follow Me
|move|p2a: Ninetales|Blizzard|p1b: L.B.J|[spread] p1a,p1b
|-resisted|p1b: L.B.J
|-damage|p1a: Martin Van Buren|0 fnt
|-damage|p1b: L.B.J|8/100
|faint|p1a: Martin Van Buren
|move|p2b: Sneasler|Close Combat|p1b: L.B.J
|-damage|p1b: L.B.J|0 fnt
|-unboost|p2b: Sneasler|def|1
|-unboost|p2b: Sneasler|spd|1
|faint|p1b: L.B.J
|-enditem|p2b: Sneasler|White Herb
|-clearnegativeboost|p2b: Sneasler|[silent]
|
|win|Ritzbitz12
||mikemoon11 is ready for game 2.
|inactive|Ritzbitz12 has 30 seconds to confirm battle start!
