|j|☆lolgz
|j|☆Tendo Pain(Nagato)
|html|lolgzTendo Pain(Nagato)    
|uhtml|bestof|Game 1 of a best-of-3
|t:|1782468180
|gametype|doubles
|player|p1|lolgz|dawn|1164
|player|p2|Tendo Pain(Nagato)|bruno|1189
|gen|9
|tier|[Gen 9 Champions] VGC 2026 Reg M-B (Bo3)
|rated|
|rule|Species Clause: Limit one of each Pokémon
|rule|Item Clause: Limit 1 of each item
|clearpoke
|poke|p1|Torkoal, L50, M|
|poke|p1|Vileplume, L50, F|
|poke|p1|Farigiraf, L50, F|
|poke|p1|Scrafty, L50, M|
|poke|p1|Gallade, L50, M|
|poke|p1|Mawile, L50, M|
|poke|p2|Swampert, L50, F|
|poke|p2|Pelipper, L50, F|
|poke|p2|Sinistcha-Masterpiece, L50|
|poke|p2|Archaludon, L50, F, shiny|
|poke|p2|Sableye, L50, F|
|poke|p2|Dragonite, L50, F|
|teampreview|4
|showteam|p1|Torkoal||Charcoal|Drought|Eruption,WeatherBall,EarthPower,Protect|Quiet||M|||50|]Vileplume||FocusSash|Chlorophyll|EnergyBall,SludgeBomb,SleepPowder,AfterYou|Timid||F|||50|]Farigiraf||SitrusBerry|ArmorTail|TrickRoom,Thunderbolt,Psychic,HelpingHand|Relaxed||F|||50|]Scrafty||Scraftinite|Intimidate|FakeOut,CloseCombat,KnockOff,RockTomb|Brave||M|||50|]Gallade||IronBall|Sharpness|SacredSword,PsychoCut,WideGuard,TrickRoom|Brave||M|||50|]Mawile||Mawilite|HyperCutter|SuckerPunch,PlayRough,SwordsDance,Protect|Brave||M|||50|
|showteam|p2|Swampert||Swampertite|Torrent|Protect,WaveCrash,Earthquake,FlipTurn|Adamant||F|||50|]Pelipper||FocusSash|Drizzle|Tailwind,WideGuard,Hurricane,WeatherBall|Modest||F|||50|]Sinistcha-Masterpiece||KasibBerry|Hospitality|RagePowder,Protect,MatchaGotcha,LifeDew|Bold|||||50|]Archaludon||Leftovers|Stamina|ElectroShot,DragonPulse,FlashCannon,Protect|Bold||F|||50|]Sableye||LightClay|Prankster|LightScreen,Reflect,RainDance,ThunderWave|Bold||F|||50|]Dragonite||Dragoninite|Multiscale|Hurricane,DracoMeteor,ExtremeSpeed,Protect|Quiet||F|||50|
|inactive|Battle timer is ON: inactive players will automatically lose when time's up. (requested by lolgz)
|
|t:|1782468195
|teamsize|p1|4
|teamsize|p2|4
|start
|switch|p1a: Farigiraf|Farigiraf, L50, F|100/100
|switch|p1b: Scrafty|Scrafty, L50, M|100/100
|switch|p2a: Sableye|Sableye, L50, F|100/100
|switch|p2b: Swampert|Swampert, L50, F|100/100
|-ability|p1b: Scrafty|Intimidate|boost
|-unboost|p2a: Sableye|atk|1
|-unboost|p2b: Swampert|atk|1
|turn|1
|
|t:|1782468209
|switch|p2b: Archaludon|Archaludon, L50, F, shiny|100/100
|detailschange|p1b: Scrafty|Scrafty-Mega, L50, M
|-mega|p1b: Scrafty|Scrafty|Scraftinite
|-ability|p1b: Scrafty|Intimidate|boost
|-unboost|p2a: Sableye|atk|1
|-unboost|p2b: Archaludon|atk|1
|move|p2a: Sableye|Reflect|p2a: Sableye
|-sidestart|p2: Tendo Pain(Nagato)|Reflect
|move|p1b: Scrafty|Knock Off|p2a: Sableye
|-damage|p2a: Sableye|57/100
|-enditem|p2a: Sableye|Light Clay|[from] move: Knock Off|[of] p1b: Scrafty
|move|p1a: Farigiraf|Trick Room|p1a: Farigiraf
|-fieldstart|move: Trick Room|[of] p1a: Farigiraf
|
|upkeep
|turn|2
|
|t:|1782468228
|move|p1a: Farigiraf|Helping Hand|p1b: Scrafty
|-singleturn|p1b: Scrafty|Helping Hand|[of] p1a: Farigiraf
|move|p2a: Sableye|Rain Dance|p2a: Sableye
|-weather|RainDance
|move|p1b: Scrafty|Close Combat|p2b: Archaludon
|-supereffective|p2b: Archaludon|1
|-damage|p2b: Archaludon|16/100
|-unboost|p1b: Scrafty|def|1
|-unboost|p1b: Scrafty|spd|1
|-ability|p2b: Archaludon|Stamina|boost
|-boost|p2b: Archaludon|def|1
|move|p2b: Archaludon|Electro Shot||[still]
|-prepare|p2b: Archaludon|Electro Shot
|-boost|p2b: Archaludon|spa|1
|-anim|p2b: Archaludon|Electro Shot|p1b: Scrafty
|-damage|p1b: Scrafty|38/100
|
|-weather|RainDance|[upkeep]
|-heal|p2b: Archaludon|22/100|[from] item: Leftovers
|upkeep
|turn|3
|
|t:|1782468238
|switch|p1a: Mawile|Mawile, L50, M|100/100
|move|p2b: Archaludon|Protect|p2b: Archaludon
|-singleturn|p2b: Archaludon|Protect
|move|p2a: Sableye|Light Screen|p2a: Sableye
|-sidestart|p2: Tendo Pain(Nagato)|move: Light Screen
|move|p1b: Scrafty|Close Combat|p2b: Archaludon
|-activate|p2b: Archaludon|move: Protect
|
|-weather|RainDance|[upkeep]
|-heal|p2b: Archaludon|28/100|[from] item: Leftovers
|upkeep
|turn|4
|
|t:|1782468249
|move|p2a: Sableye|Thunder Wave|p1a: Mawile
|-status|p1a: Mawile|par
|move|p1a: Mawile|Play Rough|p2a: Sableye
|-supereffective|p2a: Sableye|1
|-damage|p2a: Sableye|3/100
|move|p1b: Scrafty|Close Combat|p2b: Archaludon
|-supereffective|p2b: Archaludon|1
|-damage|p2b: Archaludon|0 fnt
|-unboost|p1b: Scrafty|def|1
|-unboost|p1b: Scrafty|spd|1
|faint|p2b: Archaludon
|
|-weather|RainDance|[upkeep]
|upkeep
|
|t:|1782468258
|switch|p2b: Pelipper|Pelipper, L50, F|100/100
|turn|5
|
|t:|1782468267
|switch|p2a: Swampert|Swampert, L50, F|100/100
|move|p1a: Mawile|Play Rough|p2b: Pelipper
|-crit|p2b: Pelipper
|-damage|p2b: Pelipper|25/100
|move|p1b: Scrafty|Rock Tomb|p2b: Pelipper
|-supereffective|p2b: Pelipper|1
|-damage|p2b: Pelipper|0 fnt
|faint|p2b: Pelipper
|
|-weather|RainDance|[upkeep]
|-fieldend|move: Trick Room
|upkeep
|
|t:|1782468274
|switch|p2b: Sableye|Sableye, L50, F|3/100
|turn|6
|
|t:|1782468287
|switch|p1b: Gallade|Gallade, L50, M|100/100
|detailschange|p2a: Swampert|Swampert-Mega, L50, F
|-mega|p2a: Swampert|Swampert|Swampertite
|move|p2b: Sableye|Thunder Wave|p1b: Gallade
|-status|p1b: Gallade|par
|move|p1a: Mawile|Sucker Punch||[still]
|-fail|p1a: Mawile
|move|p2a: Swampert|Wave Crash|p1a: Mawile
|-damage|p1a: Mawile|0 fnt
|faint|p1a: Mawile
|-damage|p2a: Swampert|74/100|[from] Recoil
|
|-weather|none
|upkeep
|
|t:|1782468294
|switch|p1a: Scrafty|Scrafty-Mega, L50, M|38/100
|-ability|p1a: Scrafty|Intimidate|boost
|-unboost|p2a: Swampert|atk|1
|-unboost|p2b: Sableye|atk|1
|turn|7
|
|t:|1782468304
|move|p2a: Swampert|Protect|p2a: Swampert
|-singleturn|p2a: Swampert|Protect
|move|p1a: Scrafty|Fake Out|p2a: Swampert
|-activate|p2a: Swampert|move: Protect
|move|p2b: Sableye|Rain Dance|p2b: Sableye
|-weather|RainDance
|move|p1b: Gallade|Trick Room|p1b: Gallade
|-fieldstart|move: Trick Room|[of] p1b: Gallade
|
|-weather|RainDance|[upkeep]
|-sideend|p2: Tendo Pain(Nagato)|move: Light Screen
|upkeep
|turn|8
|
|t:|1782468315
|move|p2b: Sableye|Light Screen|p2b: Sableye
|-sidestart|p2: Tendo Pain(Nagato)|move: Light Screen
|cant|p1b: Gallade|par
|move|p1a: Scrafty|Close Combat|p2a: Swampert
|-damage|p2a: Swampert|39/100
|-unboost|p1a: Scrafty|def|1
|-unboost|p1a: Scrafty|spd|1
|move|p2a: Swampert|Wave Crash|p1a: Scrafty
|-damage|p1a: Scrafty|0 fnt
|faint|p1a: Scrafty
|-damage|p2a: Swampert|28/100|[from] Recoil
|
|-weather|RainDance|[upkeep]
|-sideend|p2: Tendo Pain(Nagato)|Reflect
|upkeep
|
|t:|1782468318
|switch|p1a: Farigiraf|Farigiraf, L50, F|100/100
|turn|9
|
|t:|1782468324
|move|p2a: Swampert|Protect|p2a: Swampert
|-singleturn|p2a: Swampert|Protect
|move|p2b: Sableye|Reflect|p2b: Sableye
|-sidestart|p2: Tendo Pain(Nagato)|Reflect
|move|p1b: Gallade|Sacred Sword|p2a: Swampert
|-activate|p2a: Swampert|move: Protect
|move|p1a: Farigiraf|Thunderbolt|p2b: Sableye
|-damage|p2b: Sableye|0 fnt
|faint|p2b: Sableye
|
|-weather|RainDance|[upkeep]
|upkeep
|turn|10
|
|t:|1782468329
|move|p1b: Gallade|Sacred Sword|p2a: Swampert
|-damage|p2a: Swampert|0 fnt
|faint|p2a: Swampert
|
|win|lolgz
