|j|☆winner9630
|j|☆Obsida
|html|winner9630Obsida    
|uhtml|bestof|Game 1 of a best-of-3
|t:|1757205596
|gametype|doubles
|player|p1|winner9630|266|1043
|player|p2|Obsida|backpacker|1078
|gen|9
|tier|[Gen 9] VGC 2025 Reg H (Bo3)
|rated|
|rule|Species Clause: Limit one of each Pokémon
|rule|Item Clause: Limit 1 of each item
|clearpoke
|poke|p1|Kingambit, L50, M|
|poke|p1|Basculegion, L50, M|
|poke|p1|Archaludon, L50, F|
|poke|p1|Rillaboom, L50, M|
|poke|p1|Sinistcha, L50|
|poke|p1|Pelipper, L50, F|
|poke|p2|Porygon2, L50|
|poke|p2|Incineroar, L50, M|
|poke|p2|Ursaluna, L50, F|
|poke|p2|Jumpluff, L50, F|
|poke|p2|Charizard, L50, M|
|poke|p2|Torkoal, L50, M|
|teampreview|4
|showteam|p1|Kingambit||SafetyGoggles|Defiant|SuckerPunch,KowtowCleave,SwordsDance,Protect|||M|||50|,,,,,Flying]Basculegion||ChoiceScarf|Adaptability|WaveCrash,LastRespects,AquaJet,FlipTurn|||M|||50|,,,,,Water]Archaludon||AssaultVest|Stamina|ElectroShot,Snarl,BodyPress,FlashCannon|||F|||50|,,,,,Grass]Rillaboom||LoadedDice|GrassySurge|BulletSeed,GrassyGlide,FakeOut,KnockOff|||M|||50|,,,,,Fire]Sinistcha||SitrusBerry|Hospitality|Curse,MatchaGotcha,RagePowder,LifeDew||||||50|,,,,,Water]Pelipper||FocusSash|Drizzle|MuddyWater,Hurricane,Protect,HelpingHand|||F|||50|,,,,,Ground
|showteam|p2|Porygon2||Eviolite|Download|TeraBlast,IceBeam,TrickRoom,Recover||||||50|,,,,,Fighting]Incineroar||SitrusBerry|Intimidate|FakeOut,KnockOff,FlareBlitz,PartingShot|||M|||50|,,,,,Ghost]Ursaluna||FlameOrb|Guts|HeadlongRush,Facade,Earthquake,Protect|||F|||50|,,,,,Ghost]Jumpluff||CovertCloak|Chlorophyll|RagePowder,SunnyDay,Tailwind,SleepPowder|||F|||50|,,,,,Fire]Charizard||ChoiceSpecs|SolarPower|HeatWave,ScorchingSands,WeatherBall,DragonPulse|||M|||50|,,,,,Ghost]Torkoal||EjectPack|Drought|Overheat,Eruption,HelpingHand,Protect|||M|||50|,,,,,Fire
|inactive|Battle timer is ON: inactive players will automatically lose when time's up. (requested by Obsida)
|inactive|winner9630 has 60 seconds left.
|inactive|Obsida has 60 seconds left.
|
|t:|1757205650
|teamsize|p1|4
|teamsize|p2|4
|start
|switch|p1a: Basculegion|Basculegion, L50, M|100/100
|switch|p1b: Kingambit|Kingambit, L50, M|100/100
|switch|p2a: Sidhe|Jumpluff, L50, F|100/100
|switch|p2b: Callisto|Ursaluna, L50, F|100/100
|turn|1
|inactive|winner9630 has 30 seconds left.
|
|t:|1757205684
|-terastallize|p1b: Kingambit|Flying
|move|p2b: Callisto|Protect|p2b: Callisto
|-singleturn|p2b: Callisto|Protect
|move|p1a: Basculegion|Flip Turn|p2a: Sidhe
|-resisted|p2a: Sidhe
|-damage|p2a: Sidhe|73/100
|
|t:|1757205700
|switch|p1a: Pelipper|Pelipper, L50, F|100/100|[from] Flip Turn
|-weather|RainDance|[from] ability: Drizzle|[of] p1a: Pelipper
|move|p2a: Sidhe|Sunny Day|p2a: Sidhe
|-weather|SunnyDay
|move|p1b: Kingambit|Swords Dance|p1b: Kingambit
|-boost|p1b: Kingambit|atk|2
|
|-weather|SunnyDay|[upkeep]
|-status|p2b: Callisto|brn|[from] item: Flame Orb
|upkeep
|turn|2
|
|t:|1757205721
|switch|p1a: Basculegion|Basculegion, L50, M|100/100
|move|p1b: Kingambit|Protect|p1b: Kingambit
|-singleturn|p1b: Kingambit|Protect
|move|p2a: Sidhe|Tailwind|p2a: Sidhe
|-sidestart|p2: Obsida|move: Tailwind
|move|p2b: Callisto|Facade|p1b: Kingambit
|-activate|p1b: Kingambit|move: Protect
|
|-weather|SunnyDay|[upkeep]
|-damage|p2b: Callisto|95/100 brn|[from] brn
|upkeep
|turn|3
|inactive|winner9630 has 30 seconds left.
|
|t:|1757205756
|move|p1b: Kingambit|Sucker Punch|p2b: Callisto
|-damage|p2b: Callisto|36/100 brn
|move|p2a: Sidhe|Sunny Day||[still]
|-fail|p2a: Sidhe
|move|p1a: Basculegion|Flip Turn|p2b: Callisto
|-supereffective|p2b: Callisto
|-damage|p2b: Callisto|6/100 brn
|
|t:|1757205763
|switch|p1a: Pelipper|Pelipper, L50, F|100/100|[from] Flip Turn
|-weather|RainDance|[from] ability: Drizzle|[of] p1a: Pelipper
|move|p2b: Callisto|Facade|p1b: Kingambit
|-damage|p1b: Kingambit|0 fnt
|faint|p1b: Kingambit
|
|-weather|RainDance|[upkeep]
|-damage|p2b: Callisto|0 fnt|[from] brn
|faint|p2b: Callisto
|upkeep
|
|t:|1757205776
|switch|p2b: Hephaestus|Torkoal, L50, M|100/100
|switch|p1b: Basculegion|Basculegion, L50, M|100/100
|-weather|SunnyDay|[from] ability: Drought|[of] p2b: Hephaestus
|turn|4
|
|t:|1757205801
|move|p1a: Pelipper|Helping Hand|p1b: Basculegion
|-singleturn|p1b: Basculegion|Helping Hand|[of] p1a: Pelipper
|move|p2a: Sidhe|Rage Powder|p2a: Sidhe
|-singleturn|p2a: Sidhe|move: Rage Powder
|move|p1b: Basculegion|Wave Crash|p2a: Sidhe
|-resisted|p2a: Sidhe
|-damage|p2a: Sidhe|35/100
|-damage|p1b: Basculegion|89/100|[from] Recoil
|move|p2b: Hephaestus|Overheat|p1a: Pelipper
|-resisted|p1a: Pelipper
|-damage|p1a: Pelipper|32/100
|-unboost|p2b: Hephaestus|spa|2
|-enditem|p2b: Hephaestus|Eject Pack
|
|t:|1757205812
|switch|p2b: Zuko|Charizard, L50, M|100/100
|
|-weather|SunnyDay|[upkeep]
|-damage|p2b: Zuko|88/100|[from] ability: Solar Power|[of] p2b: Zuko
|upkeep
|turn|5
|inactive|Obsida has 30 seconds left.
|
|t:|1757205846
|switch|p1a: Archaludon|Archaludon, L50, F|100/100
|move|p2a: Sidhe|Rage Powder|p2a: Sidhe
|-singleturn|p2a: Sidhe|move: Rage Powder
|move|p2b: Zuko|Heat Wave|p1b: Basculegion|[spread] p1b
|-miss|p2b: Zuko|p1a: Archaludon
|-resisted|p1b: Basculegion
|-damage|p1b: Basculegion|22/100
|move|p1b: Basculegion|Wave Crash|p2a: Sidhe
|-resisted|p2a: Sidhe
|-damage|p2a: Sidhe|10/100
|-damage|p1b: Basculegion|14/100|[from] Recoil
|
|-weather|SunnyDay|[upkeep]
|-damage|p2b: Zuko|76/100|[from] ability: Solar Power|[of] p2b: Zuko
|-sideend|p2: Obsida|move: Tailwind
|upkeep
|turn|6
|inactive|winner9630 has 30 seconds left.
|inactive|Obsida has 30 seconds left.
|
|t:|1757205878
|switch|p1b: Pelipper|Pelipper, L50, F|32/100
|-weather|RainDance|[from] ability: Drizzle|[of] p1b: Pelipper
|move|p2a: Sidhe|Sunny Day|p2a: Sidhe
|-weather|SunnyDay
|move|p2b: Zuko|Heat Wave|p1b: Pelipper|[spread] p1a
|-miss|p2b: Zuko|p1b: Pelipper
|-damage|p1a: Archaludon|9/100
|-ability|p1a: Archaludon|Stamina|boost
|-boost|p1a: Archaludon|def|1
|move|p1a: Archaludon|Snarl|p2a: Sidhe|[spread] p2a,p2b
|-damage|p2a: Sidhe|0 fnt
|-damage|p2b: Zuko|58/100
|-unboost|p2b: Zuko|spa|1
|faint|p2a: Sidhe
|
|-weather|SunnyDay|[upkeep]
|-damage|p2b: Zuko|45/100|[from] ability: Solar Power|[of] p2b: Zuko
|upkeep
|
|t:|1757205894
|switch|p2a: Hephaestus|Torkoal, L50, M|100/100
|turn|7
|
|t:|1757205908
|move|p2a: Hephaestus|Helping Hand|p2b: Zuko
|-singleturn|p2b: Zuko|Helping Hand|[of] p2a: Hephaestus
|move|p1b: Pelipper|Protect|p1b: Pelipper
|-singleturn|p1b: Pelipper|Protect
|move|p2b: Zuko|Heat Wave|p1a: Archaludon|[spread] p1a
|-activate|p1b: Pelipper|move: Protect
|-damage|p1a: Archaludon|0 fnt
|faint|p1a: Archaludon
|
|-weather|SunnyDay|[upkeep]
|-damage|p2b: Zuko|33/100|[from] ability: Solar Power|[of] p2b: Zuko
|upkeep
|
|t:|1757205919
|switch|p1a: Basculegion|Basculegion, L50, M|14/100
|turn|8
|
|t:|1757205934
|move|p2a: Hephaestus|Helping Hand|p2b: Zuko
|-singleturn|p2b: Zuko|Helping Hand|[of] p2a: Hephaestus
|move|p1a: Basculegion|Last Respects|p2b: Zuko
|-crit|p2b: Zuko
|-damage|p2b: Zuko|0 fnt
|faint|p2b: Zuko
|move|p1b: Pelipper|Muddy Water|p2a: Hephaestus
|-supereffective|p2a: Hephaestus
|-damage|p2a: Hephaestus|43/100
|
|-weather|SunnyDay|[upkeep]
|upkeep
|turn|9
|
|t:|1757205949
|-terastallize|p2a: Hephaestus|Fire
|move|p1a: Basculegion|Last Respects|p2a: Hephaestus
|-damage|p2a: Hephaestus|0 fnt
|faint|p2a: Hephaestus
|
|win|winner9630
|c|☆Obsida|gg wp
|c|☆winner9630|gg
||Obsida is ready for game 2.
||winner9630 is ready for game 2.
|uhtml|next|Next: Game 2 of 3
|l|☆Obsida
|player|p2|
|l|☆winner9630
|player|p1|
|j|☆winner9630
|player|p1|winner9630|266|
