|j|☆toedskool&thegang
|j|☆Moon7777
|html|toedskool&thegangMoon7777    
|uhtml|bestof|Game 2 of a best-of-3
|t:|1756763055
|gametype|doubles
|player|p1|toedskool&thegang|gentleman|1423
|player|p2|Moon7777|1|1613
|gen|9
|tier|[Gen 9] VGC 2025 Reg H (Bo3)
|rated|
|rule|Species Clause: Limit one of each Pokémon
|rule|Item Clause: Limit 1 of each item
|clearpoke
|poke|p1|Ninetales-Alola, L50, F|
|poke|p1|Ursaluna, L50, F|
|poke|p1|Kilowattrel, L50, M|
|poke|p1|Incineroar, L50, M|
|poke|p1|Farigiraf, L50, M|
|poke|p1|Araquanid, L50, M|
|poke|p2|Excadrill, L50, F|
|poke|p2|Indeedee, L50, M|
|poke|p2|Sneasler, L50, F|
|poke|p2|Tyranitar, L50, M|
|poke|p2|Maushold, L50|
|poke|p2|Annihilape, L50, M|
|teampreview|4
|showteam|p1|Ninetales-Alola||ChoiceSpecs|SnowWarning|Blizzard,FreezeDry,Moonblast,DarkPulse|||F|||50|,,,,,Ice]Ursaluna||FlameOrb|Guts|Protect,Facade,HeadlongRush,Earthquake|||F|||50|,,,,,Ghost]Kilowattrel||FocusSash|Competitive|Protect,Tailwind,Thunderbolt,AirSlash|||M|||50|,,,,,Ghost]Incineroar||AssaultVest|Intimidate|FakeOut,FlareBlitz,KnockOff,Uturn|||M|||50|,,,,,Grass]Farigiraf||SitrusBerry|ArmorTail|TrickRoom,TeraBlast,TwinBeam,NastyPlot|||M|||50|,,,,,Fighting]Araquanid||SafetyGoggles|WaterBubble|Protect,Liquidation,WideGuard,LeechLife|||M|||50|,,,,,Water
|showteam|p2|Excadrill||FocusSash|SandRush|Earthquake,HighHorsepower,IronHead,Protect|||F|||50|,,,,,Ground]Indeedee||ChoiceScarf|PsychicSurge|ExpandingForce,Trick,DazzlingGleam,TeraBlast|||M|||50|,,,,,Psychic]Sneasler||PsychicSeed|Unburden|CloseCombat,DireClaw,ThroatChop,Protect|||F|||50|,,,,,Stellar]Tyranitar||AssaultVest|SandStream|KnockOff,LowKick,TeraBlast,RockSlide|||M|||50|,,,,,Flying]Maushold||SafetyGoggles|FriendGuard|Taunt,FollowMe,BeatUp,Protect||||||50|,,,,,Ghost]Annihilape||SitrusBerry|Defiant|BulkUp,DrainPunch,Protect,RageFist|||M|||50|,,,,,Dragon
|
|t:|1756763106
|teamsize|p1|4
|teamsize|p2|4
|start
|switch|p1a: Kilowattrel|Kilowattrel, L50, M, shiny|100/100
|switch|p1b: Ursaluna|Ursaluna, L50, F|100/100
|switch|p2a: Excadrill|Excadrill, L50, F|100/100
|switch|p2b: Tyranitar|Tyranitar, L50, M|100/100
|-weather|Sandstorm|[from] ability: Sand Stream|[of] p2b: Tyranitar
|turn|1
|
|t:|1756763128
|switch|p1a: Ninetales|Ninetales-Alola, L50, F|100/100
|-weather|Snowscape|[from] ability: Snow Warning|[of] p1a: Ninetales
|-terastallize|p2b: Tyranitar|Flying
|move|p2a: Excadrill|Iron Head|p1b: Ursaluna
|-damage|p1b: Ursaluna|62/100
|move|p1b: Ursaluna|Facade|p2a: Excadrill
|-resisted|p2a: Excadrill
|-damage|p2a: Excadrill|74/100
|move|p2b: Tyranitar|Rock Slide|p1b: Ursaluna|[spread] p1a,p1b
|-supereffective|p1a: Ninetales
|-resisted|p1b: Ursaluna
|-damage|p1a: Ninetales|55/100
|-damage|p1b: Ursaluna|51/100
|
|-weather|Snowscape|[upkeep]
|-status|p1b: Ursaluna|brn|[from] item: Flame Orb
|upkeep
|turn|2
|
|t:|1756763153
|switch|p1a: Kilowattrel|Kilowattrel, L50, M, shiny|100/100
|switch|p2b: Maushold|Maushold, L50|100/100
|move|p2a: Excadrill|Protect|p2a: Excadrill
|-singleturn|p2a: Excadrill|Protect
|move|p1b: Ursaluna|Facade|p2b: Maushold
|-damage|p2b: Maushold|0 fnt
|faint|p2b: Maushold
|
|-weather|Snowscape|[upkeep]
|-damage|p1b: Ursaluna|45/100 brn|[from] brn
|upkeep
|
|t:|1756763185
|switch|p2b: Tyranitar|Tyranitar, L50, M, tera:Flying|100/100
|-weather|Sandstorm|[from] ability: Sand Stream|[of] p2b: Tyranitar
|turn|3
|
|t:|1756763200
|move|p1b: Ursaluna|Protect|p1b: Ursaluna
|-singleturn|p1b: Ursaluna|Protect
|move|p2a: Excadrill|High Horsepower|p1b: Ursaluna
|-activate|p1b: Ursaluna|move: Protect
|move|p1a: Kilowattrel|Tailwind|p1a: Kilowattrel
|-sidestart|p1: toedskool&thegang|move: Tailwind
|move|p2b: Tyranitar|Rock Slide|p1a: Kilowattrel|[spread] p1a
|-activate|p1b: Ursaluna|move: Protect
|-supereffective|p1a: Kilowattrel
|-damage|p1a: Kilowattrel|8/100
|
|-weather|Sandstorm|[upkeep]
|-damage|p1a: Kilowattrel|2/100|[from] Sandstorm
|-damage|p2b: Tyranitar|95/100|[from] Sandstorm
|-damage|p1b: Ursaluna|40/100 brn|[from] brn
|upkeep
|turn|4
|
|t:|1756763235
|switch|p1a: Ninetales|Ninetales-Alola, L50, F|55/100
|-weather|Snowscape|[from] ability: Snow Warning|[of] p1a: Ninetales
|switch|p2b: Annihilape|Annihilape, L50, M|100/100
|move|p2a: Excadrill|Protect|p2a: Excadrill
|-singleturn|p2a: Excadrill|Protect
|move|p1b: Ursaluna|Facade|p2b: Annihilape
|-immune|p2b: Annihilape
|
|-weather|Snowscape|[upkeep]
|-damage|p1b: Ursaluna|34/100 brn|[from] brn
|upkeep
|turn|5
|inactive|Battle timer is ON: inactive players will automatically lose when time's up. (requested by Moon7777)
|
|t:|1756763304
|switch|p1a: Kilowattrel|Kilowattrel, L50, M, shiny|2/100
|switch|p2b: Tyranitar|Tyranitar, L50, M, tera:Flying|95/100
|-weather|Sandstorm|[from] ability: Sand Stream|[of] p2b: Tyranitar
|move|p1b: Ursaluna|Protect|p1b: Ursaluna
|-singleturn|p1b: Ursaluna|Protect
|move|p2a: Excadrill|Earthquake|p1a: Kilowattrel|[spread] 
|-activate|p1b: Ursaluna|move: Protect
|-immune|p2b: Tyranitar
|-immune|p1a: Kilowattrel
|
|-weather|Sandstorm|[upkeep]
|-damage|p1a: Kilowattrel|0 fnt|[from] Sandstorm
|-damage|p2b: Tyranitar|89/100|[from] Sandstorm
|faint|p1a: Kilowattrel
|-damage|p1b: Ursaluna|28/100 brn|[from] brn
|upkeep
|
|t:|1756763307
|switch|p1a: Ninetales|Ninetales-Alola, L50, F|55/100
|-weather|Snowscape|[from] ability: Snow Warning|[of] p1a: Ninetales
|turn|6
|
|t:|1756763322
|switch|p1b: Farigiraf|Farigiraf, L50, M|100/100
|switch|p2b: Annihilape|Annihilape, L50, M|100/100
|-terastallize|p1a: Ninetales|Ice
|move|p2a: Excadrill|Protect|p2a: Excadrill
|-singleturn|p2a: Excadrill|Protect
|move|p1a: Ninetales|Blizzard|p2a: Excadrill|[spread] p2b
|-activate|p2a: Excadrill|move: Protect
|-damage|p2b: Annihilape|46/100
|-enditem|p2b: Annihilape|Sitrus Berry|[eat]
|-heal|p2b: Annihilape|71/100|[from] item: Sitrus Berry
|
|-weather|Snowscape|[upkeep]
|-sideend|p1: toedskool&thegang|move: Tailwind
|upkeep
|turn|7
|
|t:|1756763344
|switch|p2b: Tyranitar|Tyranitar, L50, M, tera:Flying|89/100
|-weather|Sandstorm|[from] ability: Sand Stream|[of] p2b: Tyranitar
|move|p2a: Excadrill|Iron Head|p1a: Ninetales
|-supereffective|p1a: Ninetales
|-damage|p1a: Ninetales|0 fnt
|faint|p1a: Ninetales
|move|p1b: Farigiraf|Trick Room|p1b: Farigiraf
|-fieldstart|move: Trick Room|[of] p1b: Farigiraf
|
|-weather|Sandstorm|[upkeep]
|-damage|p2b: Tyranitar|83/100|[from] Sandstorm
|-damage|p1b: Farigiraf|95/100|[from] Sandstorm
|upkeep
|
|t:|1756763347
|switch|p1a: Ursaluna|Ursaluna, L50, F|28/100 brn
|turn|8
|
|t:|1756763366
|move|p1a: Ursaluna|Protect|p1a: Ursaluna
|-singleturn|p1a: Ursaluna|Protect
|move|p2b: Tyranitar|Low Kick|p1a: Ursaluna
|-activate|p1a: Ursaluna|move: Protect
|move|p1b: Farigiraf|Nasty Plot|p1b: Farigiraf
|-boost|p1b: Farigiraf|spa|2
|move|p2a: Excadrill|Iron Head|p1b: Farigiraf
|-damage|p1b: Farigiraf|52/100
|
|-weather|Sandstorm|[upkeep]
|-damage|p2b: Tyranitar|77/100|[from] Sandstorm
|-damage|p1b: Farigiraf|46/100|[from] Sandstorm
|-enditem|p1b: Farigiraf|Sitrus Berry|[eat]
|-heal|p1b: Farigiraf|71/100|[from] item: Sitrus Berry
|-damage|p1a: Ursaluna|22/100 brn|[from] brn
|upkeep
|turn|9
|
|t:|1756763379
|move|p2b: Tyranitar|Low Kick|p1a: Ursaluna
|-supereffective|p1a: Ursaluna
|-damage|p1a: Ursaluna|0 fnt
|faint|p1a: Ursaluna
|move|p1b: Farigiraf|Twin Beam|p2b: Tyranitar
|-damage|p2b: Tyranitar|62/100
|-damage|p2b: Tyranitar|45/100
|-hitcount|p2b: Tyranitar|2
|move|p2a: Excadrill|Iron Head|p1b: Farigiraf
|-damage|p1b: Farigiraf|25/100
|
|-weather|Sandstorm|[upkeep]
|-damage|p2b: Tyranitar|39/100|[from] Sandstorm
|-damage|p1b: Farigiraf|20/100|[from] Sandstorm
|upkeep
|turn|10
|-message|toedskool&thegang forfeited.
|
|win|Moon7777
|raw|toedskool&thegang's rating: 1423 → 1413(-10 for losing)
|raw|Moon7777's rating: 1613 → 1623(+10 for winning)
