|j|☆tmjp01
|j|☆Artorias19
|html|tmjp01Artorias19    
|uhtml|bestof|Game 1 of a best-of-3
|t:|1782251664
|gametype|doubles
|player|p1|tmjp01|102|1187
|player|p2|Artorias19|101|1093
|gen|9
|tier|[Gen 9 Champions] VGC 2026 Reg M-B (Bo3)
|rated|
|rule|Species Clause: Limit one of each Pokémon
|rule|Item Clause: Limit 1 of each item
|clearpoke
|poke|p1|Corviknight, L50, F|
|poke|p1|Tyranitar, L50, M|
|poke|p1|Hydreigon, L50, M|
|poke|p1|Froslass, L50, F|
|poke|p1|Garchomp, L50, M|
|poke|p1|Arcanine-Hisui, L50, F|
|poke|p2|Whimsicott, L50, F|
|poke|p2|Raichu, L50, F|
|poke|p2|Maushold, L50|
|poke|p2|Basculegion, L50, M|
|poke|p2|Mamoswine, L50, M|
|poke|p2|Corviknight, L50, F|
|teampreview|4
|showteam|p1|Corviknight||OccaBerry|MirrorArmor|BraveBird,Protect,IronHead,Tailwind|Adamant||F|||50|]Tyranitar||Tyranitarite|SandStream|Protect,KnockOff,RockSlide,DragonDance|Adamant||M|||50|]Hydreigon||ChoiceScarf|Levitate|DarkPulse,DracoMeteor,EarthPower,ZenHeadbutt|Timid||M|||50|]Froslass||Froslassite|SnowCloak|Blizzard,Protect,ShadowBall,WeatherBall|Timid||F|||50|]Garchomp||LifeOrb|RoughSkin|Protect,DragonClaw,RockSlide,Earthquake|Jolly||M|||50|]Arcanine-Hisui||FocusSash|RockHead|Protect,HeadSmash,ExtremeSpeed,FlareBlitz|Adamant||F|||50|
|showteam|p2|Whimsicott||FocusSash|Prankster|Tailwind,Moonblast,Encore,Protect|Modest||F|||50|]Raichu||RaichuniteY|LightningRod|ZapCannon,FakeOut,FocusBlast,Protect|Modest||F|||50|]Maushold||ChopleBerry|FriendGuard|FollowMe,Taunt,Protect,PopulationBomb|Impish|||||50|]Basculegion||ExpertBelt|Adaptability|LastRespects,WaveCrash,AquaJet,Protect|Adamant||M|||50|]Mamoswine||ChoiceScarf|ThickFat|HighHorsepower,IcicleCrash,IceShard,IronHead|Adamant||M|||50|]Corviknight||Leftovers|MirrorArmor|Protect,FakeTears,Taunt,Uturn|Careful||F|||50|
|inactive|Battle timer is ON: inactive players will automatically lose when time's up. (requested by Artorias19)
|inactive|tmjp01 has 60 seconds left.
|
|t:|1782251705
|teamsize|p1|4
|teamsize|p2|4
|start
|switch|p1a: Corviknight|Corviknight, L50, F|100/100
|switch|p1b: Arcanine|Arcanine-Hisui, L50, F|100/100
|switch|p2a: Whimsicott|Whimsicott, L50, F|100/100
|switch|p2b: Mamoswine|Mamoswine, L50, M|100/100
|turn|1
|
|t:|1782251720
|move|p2a: Whimsicott|Tailwind|p2a: Whimsicott
|-sidestart|p2: Artorias19|move: Tailwind
|move|p2b: Mamoswine|High Horsepower|p1b: Arcanine
|-supereffective|p1b: Arcanine|2
|-enditem|p1b: Arcanine|Focus Sash
|-damage|p1b: Arcanine|1/100
|move|p1b: Arcanine|Flare Blitz|p2b: Mamoswine
|-supereffective|p2b: Mamoswine|1
|-damage|p2b: Mamoswine|30/100
|-status|p2b: Mamoswine|brn
|move|p1a: Corviknight|Tailwind|p1a: Corviknight
|-sidestart|p1: tmjp01|move: Tailwind
|
|-damage|p2b: Mamoswine|24/100 brn|[from] brn
|upkeep
|turn|2
|inactive|tmjp01 has 30 seconds left.
|
|t:|1782251753
|switch|p1a: Froslass|Froslass, L50, F|100/100
|move|p1b: Arcanine|Extreme Speed|p2a: Whimsicott
|-damage|p2a: Whimsicott|65/100
|move|p2a: Whimsicott|Encore||[still]
|-fail|p2a: Whimsicott
|move|p2b: Mamoswine|High Horsepower|p1b: Arcanine
|-supereffective|p1b: Arcanine|2
|-damage|p1b: Arcanine|0 fnt
|faint|p1b: Arcanine
|
|-damage|p2b: Mamoswine|18/100 brn|[from] brn
|upkeep
|
|t:|1782251765
|switch|p1b: Corviknight|Corviknight, L50, F|100/100
|turn|3
|
|t:|1782251781
|detailschange|p1a: Froslass|Froslass-Mega, L50, F
|-mega|p1a: Froslass|Froslass|Froslassite
|-weather|Snowscape|[from] ability: Snow Warning|[of] p1a: Froslass
|move|p2a: Whimsicott|Protect|p2a: Whimsicott
|-singleturn|p2a: Whimsicott|Protect
|move|p2b: Mamoswine|High Horsepower|p1a: Froslass
|-damage|p1a: Froslass|70/100
|move|p1a: Froslass|Blizzard|p2a: Whimsicott|[spread] p2b
|-activate|p2a: Whimsicott|move: Protect
|-damage|p2b: Mamoswine|0 fnt
|faint|p2b: Mamoswine
|move|p1b: Corviknight|Brave Bird|p2a: Whimsicott
|-activate|p2a: Whimsicott|move: Protect
|
|-weather|Snowscape|[upkeep]
|upkeep
|
|t:|1782251802
|switch|p2b: Raichu|Raichu, L50, F|100/100
|turn|4
|
|t:|1782251815
|switch|p2a: Basculegion|Basculegion, L50, M|100/100
|detailschange|p2b: Raichu|Raichu-Mega-Y, L50, F
|-mega|p2b: Raichu|Raichu|Raichunite Y
|move|p1a: Froslass|Blizzard|p2b: Raichu|[spread] p2a,p2b
|-resisted|p2a: Basculegion|1
|-damage|p2a: Basculegion|74/100
|-damage|p2b: Raichu|26/100
|-status|p2b: Raichu|frz
|cant|p2b: Raichu|frz
|move|p1b: Corviknight|Brave Bird|p2a: Basculegion
|-damage|p2a: Basculegion|16/100
|-damage|p1b: Corviknight|81/100|[from] Recoil
|
|-weather|Snowscape|[upkeep]
|-sideend|p1: tmjp01|move: Tailwind
|-sideend|p2: Artorias19|move: Tailwind
|upkeep
|turn|5
|inactive|tmjp01 has 30 seconds left.
|
|t:|1782251844
|move|p2a: Basculegion|Protect|p2a: Basculegion
|-singleturn|p2a: Basculegion|Protect
|move|p1a: Froslass|Blizzard|p2a: Basculegion|[spread] p2b
|-activate|p2a: Basculegion|move: Protect
|-damage|p2b: Raichu|0 fnt
|faint|p2b: Raichu
|move|p1b: Corviknight|Tailwind|p1b: Corviknight
|-sidestart|p1: tmjp01|move: Tailwind
|
|-weather|Snowscape|[upkeep]
|upkeep
|
|t:|1782251855
|switch|p2b: Whimsicott|Whimsicott, L50, F|65/100
|turn|6
|
|t:|1782251865
|move|p2b: Whimsicott|Tailwind|p2b: Whimsicott
|-sidestart|p2: Artorias19|move: Tailwind
|move|p1a: Froslass|Blizzard|p2a: Basculegion|[spread] p2a,p2b
|-resisted|p2a: Basculegion|1
|-supereffective|p2b: Whimsicott|1
|-damage|p2a: Basculegion|0 fnt
|-damage|p2b: Whimsicott|0 fnt
|faint|p2a: Basculegion
|faint|p2b: Whimsicott
|
|win|tmjp01
||Artorias19 is ready for game 2.
|inactive|tmjp01 has 30 seconds to confirm battle start!
||tmjp01 is ready for game 2.
|uhtml|next|Next: Game 2 of 3
