|j|☆MiraiPidgeon
|j|☆wittraid
|html|MiraiPidgeonwittraid    
|uhtml|bestof|Game 3 of a best-of-3
|t:|1756142032
|gametype|doubles
|player|p1|MiraiPidgeon|169|1248
|player|p2|wittraid|101|1270
|gen|9
|tier|[Gen 9] VGC 2025 Reg H (Bo3)
|rated|
|rule|Species Clause: Limit one of each Pokémon
|rule|Item Clause: Limit 1 of each item
|clearpoke
|poke|p1|Talonflame, L50, F|
|poke|p1|Garchomp, L50, M|
|poke|p1|Annihilape, L50, M|
|poke|p1|Tyranitar, L50, M|
|poke|p1|Gholdengo, L50|
|poke|p1|Volcarona, L50, F|
|poke|p2|Pelipper, L50, F|
|poke|p2|Archaludon, L50, F|
|poke|p2|Amoonguss, L50, F|
|poke|p2|Rillaboom, L50, F|
|poke|p2|Basculegion, L50, M|
|poke|p2|Incineroar, L50, F|
|teampreview|4
|showteam|p1|Talonflame||SharpBeak|GaleWings|Tailwind,DualWingbeat,WillOWisp,QuickGuard|||F|||50|,,,,,Ghost]Garchomp||LoadedDice|RoughSkin|Earthquake,ScaleShot,Protect,StompingTantrum|||M|||50|,,,,,Fairy]Annihilape||FocusSash|Defiant|CloseCombat,RageFist,Coaching,Taunt|||M|||50|,,,,,Grass]Tyranitar||AssaultVest|SandStream|KnockOff,RockSlide,LowKick,TeraBlast|||M|||50|,,,,,Flying]Gholdengo||MetalCoat|GoodasGold|MakeItRain,ShadowBall,NastyPlot,Protect||||||50|,,,,,Flying]Volcarona||CovertCloak|FlameBody|Overheat,StruggleBug,RagePowder,WillOWisp|||F|||50|,,,,,Dragon
|showteam|p2|Pelipper||FocusSash|Drizzle|Tailwind,WideGuard,Hurricane,Protect|||F|||50|,,,,,Ghost]Archaludon||AssaultVest|Stamina|ElectroShot,DragonPulse,BodyPress,Snarl|||F|||50|,,,,,Grass]Amoonguss||CovertCloak|Regenerator|RagePowder,Spore,PollenPuff,Protect|||F|||50|,,,,,Fairy]Rillaboom||LoadedDice|GrassySurge|FakeOut,BulletSeed,GrassyGlide,Uturn|||F|||50|,,,,,Fire]Basculegion||ChoiceBand|SwiftSwim|WaveCrash,LastRespects,AquaJet,FlipTurn|||M|||50|,,,,,Grass]Incineroar||SafetyGoggles|Intimidate|FakeOut,KnockOff,Taunt,PartingShot|||F|||50|,,,,,Ghost
|inactive|Battle timer is ON: inactive players will automatically lose when time's up. (requested by wittraid)
|inactive|MiraiPidgeon has 60 seconds left.
|
|t:|1756142083
|teamsize|p1|4
|teamsize|p2|4
|start
|switch|p1a: Annihilape|Annihilape, L50, M|100/100
|switch|p1b: Garchomp|Garchomp, L50, M|100/100
|switch|p2a: Archaludon|Archaludon, L50, F|100/100
|switch|p2b: Pelipper|Pelipper, L50, F|100/100
|-weather|RainDance|[from] ability: Drizzle|[of] p2b: Pelipper
|turn|1
|
|t:|1756142108
|switch|p1b: Tyranitar|Tyranitar, L50, M|100/100
|-weather|Sandstorm|[from] ability: Sand Stream|[of] p1b: Tyranitar
|-terastallize|p2a: Archaludon|Grass
|move|p1a: Annihilape|Coaching|p1b: Tyranitar
|-boost|p1b: Tyranitar|atk|1
|-boost|p1b: Tyranitar|def|1
|move|p2a: Archaludon|Electro Shot||[still]
|-prepare|p2a: Archaludon|Electro Shot
|-boost|p2a: Archaludon|spa|1
|move|p2b: Pelipper|Tailwind|p2b: Pelipper
|-sidestart|p2: wittraid|move: Tailwind
|
|-weather|Sandstorm|[upkeep]
|-damage|p2a: Archaludon|94/100|[from] Sandstorm
|-damage|p2b: Pelipper|95/100|[from] Sandstorm
|-damage|p1a: Annihilape|95/100|[from] Sandstorm
|upkeep
|turn|2
|inactive|MiraiPidgeon has 30 seconds left.
|inactive|wittraid has 30 seconds left.
|
|t:|1756142143
|switch|p2b: Basculegion|Basculegion, L50, M|100/100
|move|p2a: Archaludon|Electro Shot|p1a: Annihilape|[from] lockedmove
|-damage|p1a: Annihilape|45/100
|move|p1a: Annihilape|Coaching|p1b: Tyranitar
|-boost|p1b: Tyranitar|atk|1
|-boost|p1b: Tyranitar|def|1
|move|p1b: Tyranitar|Rock Slide|p2b: Basculegion|[spread] p2a,p2b
|-damage|p2a: Archaludon|49/100
|-damage|p2b: Basculegion|23/100
|-ability|p2a: Archaludon|Stamina|boost
|-boost|p2a: Archaludon|def|1
|
|-weather|Sandstorm|[upkeep]
|-damage|p2b: Basculegion|16/100|[from] Sandstorm
|-damage|p2a: Archaludon|43/100|[from] Sandstorm
|-damage|p1a: Annihilape|39/100|[from] Sandstorm
|upkeep
|turn|3
|inactive|MiraiPidgeon has 30 seconds left.
|inactive|MiraiPidgeon has 20 seconds left.
|inactive|MiraiPidgeon has 15 seconds left.
|inactive|MiraiPidgeon has 10 seconds left.
|inactive|MiraiPidgeon has 5 seconds left.
|
|t:|1756142195
|-terastallize|p1b: Tyranitar|Flying
|move|p2b: Basculegion|Flip Turn|p1a: Annihilape
|-damage|p1a: Annihilape|0 fnt
|faint|p1a: Annihilape
|
|t:|1756142203
|switch|p2b: Incineroar|Incineroar, L50, F|100/100|[from] Flip Turn
|-ability|p2b: Incineroar|Intimidate|boost
|-unboost|p1b: Tyranitar|atk|1
|move|p2a: Archaludon|Body Press|p1b: Tyranitar
|-resisted|p1b: Tyranitar
|-damage|p1b: Tyranitar|92/100
|move|p1b: Tyranitar|Rock Slide|p2b: Incineroar|[spread] p2a,p2b
|-supereffective|p2b: Incineroar
|-damage|p2a: Archaludon|22/100
|-damage|p2b: Incineroar|16/100
|-ability|p2a: Archaludon|Stamina|boost
|-boost|p2a: Archaludon|def|1
|
|-weather|Sandstorm|[upkeep]
|-damage|p2a: Archaludon|16/100|[from] Sandstorm
|-damage|p1b: Tyranitar|86/100|[from] Sandstorm
|upkeep
|
|t:|1756142219
|switch|p1a: Gholdengo|Gholdengo, L50|100/100
|turn|4
|
|t:|1756142232
|switch|p2b: Pelipper|Pelipper, L50, F|95/100
|-weather|RainDance|[from] ability: Drizzle|[of] p2b: Pelipper
|move|p2a: Archaludon|Electro Shot||[still]
|-prepare|p2a: Archaludon|Electro Shot
|-boost|p2a: Archaludon|spa|1
|-anim|p2a: Archaludon|Electro Shot|p1b: Tyranitar
|-supereffective|p1b: Tyranitar
|-damage|p1b: Tyranitar|3/100
|move|p1a: Gholdengo|Nasty Plot|p1a: Gholdengo
|-boost|p1a: Gholdengo|spa|2
|move|p1b: Tyranitar|Rock Slide|p2a: Archaludon|[spread] p2b
|-miss|p1b: Tyranitar|p2a: Archaludon
|-supereffective|p2b: Pelipper
|-damage|p2b: Pelipper|3/100
|
|-weather|RainDance|[upkeep]
|-sideend|p2: wittraid|move: Tailwind
|upkeep
|turn|5
|inactive|MiraiPidgeon has 30 seconds left.
|inactive|wittraid has 30 seconds left.
|inactive|MiraiPidgeon has 20 seconds left.
|inactive|MiraiPidgeon has 15 seconds left.
|inactive|MiraiPidgeon has 10 seconds left.
|
|t:|1756142280
|move|p2b: Pelipper|Wide Guard|p2b: Pelipper
|-singleturn|p2b: Pelipper|Wide Guard
|move|p1a: Gholdengo|Shadow Ball|p2b: Pelipper
|-damage|p2b: Pelipper|0 fnt
|faint|p2b: Pelipper
|move|p2a: Archaludon|Electro Shot||[still]
|-prepare|p2a: Archaludon|Electro Shot
|-boost|p2a: Archaludon|spa|1
|-anim|p2a: Archaludon|Electro Shot|p1a: Gholdengo
|-damage|p1a: Gholdengo|0 fnt
|faint|p1a: Gholdengo
|move|p1b: Tyranitar|Tera Blast|p2a: Archaludon|[anim] Tera Blast Flying
|-supereffective|p2a: Archaludon
|-damage|p2a: Archaludon|0 fnt
|faint|p2a: Archaludon
|
|-weather|RainDance|[upkeep]
|upkeep
|
|t:|1756142296
|switch|p1a: Garchomp|Garchomp, L50, M|100/100
|switch|p2a: Basculegion|Basculegion, L50, M|16/100
|switch|p2b: Incineroar|Incineroar, L50, F|16/100
|-ability|p2b: Incineroar|Intimidate|boost
|-unboost|p1a: Garchomp|atk|1
|-unboost|p1b: Tyranitar|atk|1
|turn|6
|inactive|MiraiPidgeon has 30 seconds left.
|
|t:|1756142329
|move|p1a: Garchomp|Protect|p1a: Garchomp
|-singleturn|p1a: Garchomp|Protect
|move|p2a: Basculegion|Last Respects|p1a: Garchomp
|-activate|p1a: Garchomp|move: Protect
|move|p2b: Incineroar|Knock Off|p1b: Tyranitar
|-damage|p1b: Tyranitar|0 fnt
|-enditem|p1b: Tyranitar|Assault Vest|[from] move: Knock Off|[of] p2b: Incineroar
|faint|p1b: Tyranitar
|
|-weather|RainDance|[upkeep]
|upkeep
|turn|7
|
|t:|1756142344
|move|p2a: Basculegion|Last Respects|p1a: Garchomp
|-damage|p1a: Garchomp|0 fnt
|faint|p1a: Garchomp
|
|win|wittraid
|raw|MiraiPidgeon's rating: 1248 → 1225(-23 for losing)
|raw|wittraid's rating: 1270 → 1293(+23 for winning)
