|j|☆Duyheeee
|j|☆Yankiken
|html|DuyheeeeYankiken    
|uhtml|bestof|Game 1 of a best-of-3
|t:|1756655520
|gametype|doubles
|player|p1|Duyheeee|parasollady|
|player|p2|Yankiken|unknown|
|gen|9
|tier|[Gen 9] VGC 2025 Reg H (Bo3)
|rule|Species Clause: Limit one of each Pokémon
|rule|Item Clause: Limit 1 of each item
|clearpoke
|poke|p1|Indeedee, L50, M|
|poke|p1|Sneasler, L50, F|
|poke|p1|Murkrow, L50, F|
|poke|p1|Ursaluna-Bloodmoon, L50, M|
|poke|p1|Dondozo, L50, M|
|poke|p1|Tatsugiri, L50, F|
|poke|p2|Charizard, L50, F|
|poke|p2|Torkoal, L50, F|
|poke|p2|Porygon2, L50|
|poke|p2|Incineroar, L50, M|
|poke|p2|Jumpluff, L50, F|
|poke|p2|Ursaluna, L50, M|
|teampreview|4
|showteam|p1|Indeedee||FocusSash|PsychicSurge|Imprison,TrickRoom,TeraBlast,ExpandingForce|||M|||50|,,,,,Grass]Sneasler||PsychicSeed|Unburden|Protect,DireClaw,CloseCombat,ThroatChop|||F|||50|,,,,,Dark]Murkrow||Eviolite|Prankster|Quash,FoulPlay,Tailwind,Haze|||F|||50|,,,,,Dark]Ursaluna-Bloodmoon||LifeOrb|MindsEye|HyperVoice,EarthPower,BloodMoon,Protect|||M|||50|,,,,,Normal]Dondozo||Leftovers|Unaware|Protect,OrderUp,WaveCrash,Earthquake|||M|||50|,,,,,Grass]Tatsugiri||ChoiceScarf|Commander|MuddyWater,DragonPulse,DracoMeteor,IcyWind|||F|||50|,,,,,Steel
|showteam|p2|Charizard||ChoiceSpecs|SolarPower|HeatWave,Overheat,WeatherBall,AirSlash|||F|||50|,,,,,Ghost]Torkoal||EjectPack|Drought|Eruption,Overheat,HelpingHand,Protect|||F|||50|,,,,,Fire]Porygon2||Eviolite|Download|IceBeam,TeraBlast,TrickRoom,Recover||||||50|,,,,,Fighting]Incineroar||SitrusBerry|Intimidate|FlareBlitz,KnockOff,FakeOut,PartingShot|||M|||50|,,,,,Ghost]Jumpluff||CovertCloak|Chlorophyll|SleepPowder,SunnyDay,RagePowder,Tailwind|||F|||50|,,,,,Water]Ursaluna||FlameOrb|Guts|HeadlongRush,Facade,Earthquake,Protect|||M|||50|,,,,,Ghost
|inactive|Battle timer is ON: inactive players will automatically lose when time's up. (requested by Yankiken)
|inactive|Duyheeee has 60 seconds left.
|inactive|Yankiken has 60 seconds left.
|
|t:|1756655585
|teamsize|p1|4
|teamsize|p2|4
|start
|switch|p1a: Sneasler|Sneasler, L50, F|100/100
|switch|p1b: Indeedee|Indeedee, L50, M|100/100
|switch|p2a: Incineroar|Incineroar, L50, M|100/100
|switch|p2b: Porygon2|Porygon2, L50|100/100
|-fieldstart|move: Psychic Terrain|[from] ability: Psychic Surge|[of] p1b: Indeedee
|-enditem|p1a: Sneasler|Psychic Seed
|-boost|p1a: Sneasler|spd|1|[from] item: Psychic Seed
|-ability|p2a: Incineroar|Intimidate|boost
|-unboost|p1a: Sneasler|atk|1
|-unboost|p1b: Indeedee|atk|1
|-ability|p2b: Porygon2|Download|boost
|-boost|p2b: Porygon2|atk|1
|turn|1
|inactive|Yankiken has 30 seconds left.
|
|t:|1756655613
|move|p1a: Sneasler|Close Combat|p2b: Porygon2
|-supereffective|p2b: Porygon2
|-damage|p2b: Porygon2|49/100
|-unboost|p1a: Sneasler|def|1
|-unboost|p1a: Sneasler|spd|1
|move|p1b: Indeedee|Expanding Force|p2a: Incineroar|[spread] p2b
|-immune|p2a: Incineroar
|-damage|p2b: Porygon2|17/100
|move|p2a: Incineroar|Knock Off|p1b: Indeedee
|-supereffective|p1b: Indeedee
|-enditem|p1b: Indeedee|Focus Sash
|-damage|p1b: Indeedee|1/100
|move|p2b: Porygon2|Tera Blast|p1b: Indeedee
|-damage|p1b: Indeedee|0 fnt
|faint|p1b: Indeedee
|
|upkeep
|
|t:|1756655621
|switch|p1b: Dondozo|Dondozo, L50, M|100/100
|turn|2
|
|t:|1756655629
|switch|p2b: Torkoal|Torkoal, L50, F|100/100
|-weather|SunnyDay|[from] ability: Drought|[of] p2b: Torkoal
|-terastallize|p2a: Incineroar|Ghost
|move|p1a: Sneasler|Close Combat|p2b: Torkoal
|-damage|p2b: Torkoal|70/100
|-unboost|p1a: Sneasler|def|1
|-unboost|p1a: Sneasler|spd|1
|move|p2a: Incineroar|Parting Shot|p1b: Dondozo
|-unboost|p1b: Dondozo|atk|1
|-unboost|p1b: Dondozo|spa|1
|
|t:|1756655633
|switch|p2a: Ursaluna|Ursaluna, L50, M|100/100|[from] Parting Shot
|move|p1b: Dondozo|Order Up|p2a: Ursaluna
|-damage|p2a: Ursaluna|87/100
|
|-weather|SunnyDay|[upkeep]
|-status|p2a: Ursaluna|brn|[from] item: Flame Orb
|upkeep
|turn|3
|
|t:|1756655654
|switch|p1a: Tatsugiri|Tatsugiri, L50, F|100/100
|-activate|p1a: Tatsugiri|ability: Commander|[of] p1b: Dondozo
|-boost|p1b: Dondozo|atk|2
|-boost|p1b: Dondozo|spa|2
|-boost|p1b: Dondozo|spe|2
|-boost|p1b: Dondozo|def|2
|-boost|p1b: Dondozo|spd|2
|switch|p2b: Incineroar|Incineroar, L50, M, tera:Ghost|100/100
|-ability|p2b: Incineroar|Intimidate|boost
|-unboost|p1a: Tatsugiri|atk|1
|-unboost|p1b: Dondozo|atk|1
|move|p2a: Ursaluna|Protect|p2a: Ursaluna
|-singleturn|p2a: Ursaluna|Protect
|move|p1b: Dondozo|Earthquake|p2b: Incineroar|[spread] p2b
|-miss|p1b: Dondozo|p1a: Tatsugiri
|-activate|p2a: Ursaluna|move: Protect
|-damage|p2b: Incineroar|77/100
|
|-weather|SunnyDay|[upkeep]
|-damage|p2a: Ursaluna|82/100 brn|[from] brn
|upkeep
|turn|4
|
|t:|1756655669
|move|p1b: Dondozo|Order Up|p2b: Incineroar
|-damage|p2b: Incineroar|54/100
|-boost|p1b: Dondozo|atk|1
|move|p2b: Incineroar|Parting Shot|p1b: Dondozo
|-unboost|p1b: Dondozo|atk|1
|-unboost|p1b: Dondozo|spa|1
|
|t:|1756655676
|switch|p2b: Torkoal|Torkoal, L50, F|70/100|[from] Parting Shot
|move|p2a: Ursaluna|Facade|p1b: Dondozo
|-damage|p1b: Dondozo|58/100
|
|-weather|SunnyDay|[upkeep]
|-heal|p1b: Dondozo|64/100|[from] item: Leftovers
|-damage|p2a: Ursaluna|76/100 brn|[from] brn
|upkeep
|turn|5
|
|t:|1756655699
|switch|p2a: Incineroar|Incineroar, L50, M, tera:Ghost|54/100
|-ability|p2a: Incineroar|Intimidate|boost
|-unboost|p1a: Tatsugiri|atk|1
|-unboost|p1b: Dondozo|atk|1
|move|p1b: Dondozo|Order Up|p2a: Incineroar
|-damage|p2a: Incineroar|38/100
|-enditem|p2a: Incineroar|Sitrus Berry|[eat]
|-heal|p2a: Incineroar|63/100|[from] item: Sitrus Berry
|-boost|p1b: Dondozo|atk|1
|move|p2b: Torkoal|Overheat|p1b: Dondozo
|-resisted|p1b: Dondozo
|-damage|p1b: Dondozo|41/100
|-unboost|p2b: Torkoal|spa|2
|-enditem|p2b: Torkoal|Eject Pack
|
|t:|1756655704
|switch|p2b: Porygon2|Porygon2, L50|17/100
|-ability|p2b: Porygon2|Download|boost
|-boost|p2b: Porygon2|spa|1
|
|-weather|SunnyDay|[upkeep]
|-heal|p1b: Dondozo|47/100|[from] item: Leftovers
|-fieldend|move: Psychic Terrain
|upkeep
|turn|6
|
|t:|1756655710
|move|p1b: Dondozo|Protect|p1b: Dondozo
|-singleturn|p1b: Dondozo|Protect
|move|p2a: Incineroar|Fake Out|p1b: Dondozo
|-activate|p1b: Dondozo|move: Protect
|move|p2b: Porygon2|Recover|p2b: Porygon2
|-heal|p2b: Porygon2|67/100
|
|-weather|none
|-heal|p1b: Dondozo|53/100|[from] item: Leftovers
|upkeep
|turn|7
|
|t:|1756655722
|move|p1b: Dondozo|Order Up|p2b: Porygon2
|-damage|p2b: Porygon2|51/100
|-boost|p1b: Dondozo|atk|1
|move|p2a: Incineroar|Parting Shot|p1b: Dondozo
|-unboost|p1b: Dondozo|atk|1
|-unboost|p1b: Dondozo|spa|1
|
|t:|1756655724
|switch|p2a: Ursaluna|Ursaluna, L50, M|76/100 brn|[from] Parting Shot
|move|p2b: Porygon2|Trick Room|p2b: Porygon2
|-fieldstart|move: Trick Room|[of] p2b: Porygon2
|
|-heal|p1b: Dondozo|59/100|[from] item: Leftovers
|-damage|p2a: Ursaluna|70/100 brn|[from] brn
|upkeep
|turn|8
|
|t:|1756655729
|move|p2b: Porygon2|Recover|p2b: Porygon2
|-heal|p2b: Porygon2|100/100
|move|p2a: Ursaluna|Facade|p1b: Dondozo
|-damage|p1b: Dondozo|21/100
|move|p1b: Dondozo|Wave Crash|p2a: Ursaluna
|-supereffective|p2a: Ursaluna
|-damage|p2a: Ursaluna|0 fnt
|faint|p2a: Ursaluna
|-damage|p1b: Dondozo|0 fnt|[from] Recoil
|faint|p1b: Dondozo
|
|upkeep
|
|t:|1756655739
|switch|p1b: Sneasler|Sneasler, L50, F|100/100
|switch|p2a: Incineroar|Incineroar, L50, M, tera:Ghost|63/100
|-ability|p2a: Incineroar|Intimidate|boost
|-unboost|p1a: Tatsugiri|atk|1
|-unboost|p1b: Sneasler|atk|1
|turn|9
|
|t:|1756655752
|move|p2b: Porygon2|Ice Beam|p1a: Tatsugiri
|-damage|p1a: Tatsugiri|41/100
|move|p2a: Incineroar|Knock Off|p1a: Tatsugiri
|-damage|p1a: Tatsugiri|0 fnt
|-enditem|p1a: Tatsugiri|Choice Scarf|[from] move: Knock Off|[of] p2a: Incineroar
|faint|p1a: Tatsugiri
|move|p1b: Sneasler|Close Combat|p2b: Porygon2
|-supereffective|p2b: Porygon2
|-damage|p2b: Porygon2|43/100
|-unboost|p1b: Sneasler|def|1
|-unboost|p1b: Sneasler|spd|1
|
|upkeep
|turn|10
|
|t:|1756655759
|move|p2b: Porygon2|Recover|p2b: Porygon2
|-heal|p2b: Porygon2|93/100
|move|p2a: Incineroar|Flare Blitz|p1b: Sneasler
|-damage|p1b: Sneasler|0 fnt
|faint|p1b: Sneasler
|-damage|p2a: Incineroar|38/100|[from] Recoil
|
|win|Yankiken
||Yankiken is ready for game 2.
||Duyheeee is ready for game 2.
|uhtml|next|Next: Game 2 of 3
|l|☆Duyheeee
|player|p1|
|l|☆Yankiken
|player|p2|
|j|☆Yankiken
|player|p2|Yankiken|unknown|
