|j|☆OCHOA1209_
|j|☆wade connects
|html|OCHOA1209_wade connects    
|uhtml|bestof|Game 2 of a best-of-3
|t:|1785633973
|gametype|doubles
|player|p1|OCHOA1209_|ethan|1118
|player|p2|wade connects|101|1167
|gen|9
|tier|[Gen 9 Champions] VGC 2026 Reg M-B (Bo3)
|rated|
|rule|Species Clause: Limit one of each Pokémon
|rule|Item Clause: Limit 1 of each item
|clearpoke
|poke|p1|Basculegion, L50, M|
|poke|p1|Garchomp, L50, F|
|poke|p1|Scizor, L50, F|
|poke|p1|Tyranitar, L50, F|
|poke|p1|Sneasler, L50, F, shiny|
|poke|p1|Corviknight, L50, M, shiny|
|poke|p2|Gholdengo, L50|
|poke|p2|Clefable, L50, F|
|poke|p2|Blaziken, L50, M, shiny|
|poke|p2|Sceptile, L50, F|
|poke|p2|Gyarados, L50, M, shiny|
|poke|p2|Aerodactyl, L50, F|
|teampreview|4
|showteam|p1|Basculegion||SitrusBerry|Adaptability|WaveCrash,AquaJet,Protect,LastRespects|Jolly||M|||50|]Garchomp||Garchompite|RoughSkin|DracoMeteor,PowerGem,EarthPower,Protect|Modest||F|||50|]Scizor||LifeOrb|Technician|BulletPunch,BugBite,SwordsDance,Protect|Adamant||F|||50|]Tyranitar||ChoiceScarf|SandStream|RockSlide,KnockOff,Superpower,IcePunch|Jolly||F|||50|]Sneasler||FocusSash|Unburden|CloseCombat,DireClaw,FakeOut,Protect|Jolly||F|||50|]Corviknight||Leftovers|MirrorArmor|IronHead,BraveBird,Tailwind,Protect|Impish||M|||50|
|showteam|p2|Gholdengo||MetalCoat|GoodasGold|Protect,NastyPlot,ShadowBall,MakeItRain|Modest|||||50|]Clefable||Leftovers|Unaware|Protect,FollowMe,LifeDew,Moonblast|Bold||F|||50|]Blaziken||LifeOrb|SpeedBoost|Detect,CloseCombat,FlareBlitz,RockSlide|Adamant||M|||50|]Sceptile||Sceptilite|Overgrow|Detect,EnergyBall,DragonPulse,EarthPower|Timid||F|||50|]Gyarados||Gyaradosite|Intimidate|Protect,DragonDance,Waterfall,Crunch|Adamant||M|||50|]Aerodactyl||FocusSash|Unnerve|Protect,Tailwind,DualWingbeat,RockSlide|Jolly||F|||50|
|inactive|Battle timer is ON: inactive players will automatically lose when time's up. (requested by OCHOA1209_)
|
|t:|1785634001
|teamsize|p1|4
|teamsize|p2|4
|start
|switch|p1a: Sneasler|Sneasler, L50, F, shiny|100/100
|switch|p1b: Tyranitar|Tyranitar, L50, F|100/100
|switch|p2a: Sceptile|Sceptile, L50, F|100/100
|switch|p2b: Blaziken|Blaziken, L50, M, shiny|100/100
|-weather|Sandstorm|[from] ability: Sand Stream|[of] p1b: Tyranitar
|turn|1
|
|t:|1785634024
|switch|p1a: Garchomp|Garchomp, L50, F|100/100
|detailschange|p2a: Sceptile|Sceptile-Mega, L50, F
|-mega|p2a: Sceptile|Sceptile|Sceptilite
|move|p2a: Sceptile|Earth Power|p1b: Tyranitar
|-supereffective|p1b: Tyranitar|1
|-damage|p1b: Tyranitar|55/100
|move|p1b: Tyranitar|Rock Slide|p2a: Sceptile|[spread] p2a,p2b
|-damage|p2a: Sceptile|54/100
|-damage|p2b: Blaziken|55/100
|move|p2b: Blaziken|Close Combat|p1b: Tyranitar
|-supereffective|p1b: Tyranitar|2
|-damage|p1b: Tyranitar|0 fnt
|-unboost|p2b: Blaziken|def|1
|-unboost|p2b: Blaziken|spd|1
|faint|p1b: Tyranitar
|-damage|p2b: Blaziken|45/100|[from] item: Life Orb
|
|-weather|Sandstorm|[upkeep]
|-damage|p2a: Sceptile|48/100|[from] Sandstorm
|-damage|p2b: Blaziken|40/100|[from] Sandstorm
|-ability|p2b: Blaziken|Speed Boost|boost
|-boost|p2b: Blaziken|spe|1
|upkeep
|
|t:|1785634037
|switch|p1b: Basculegion|Basculegion, L50, M|100/100
|turn|2
|l|☆OCHOA1209_
|inactive|OCHOA1209_ disconnected and has a minute to reconnect!
|player|p1|
|j|☆OCHOA1209_
|inactive|OCHOA1209_ reconnected.
|player|p1|OCHOA1209_|ethan|
|
|t:|1785634059
|move|p1a: Garchomp|Protect|p1a: Garchomp
|-singleturn|p1a: Garchomp|Protect
|move|p1b: Basculegion|Aqua Jet|p2b: Blaziken
|-supereffective|p2b: Blaziken|1
|-damage|p2b: Blaziken|0 fnt
|faint|p2b: Blaziken
|move|p2a: Sceptile|Energy Ball|p1b: Basculegion
|-supereffective|p1b: Basculegion|1
|-damage|p1b: Basculegion|0 fnt
|faint|p1b: Basculegion
|
|-weather|Sandstorm|[upkeep]
|-damage|p2a: Sceptile|42/100|[from] Sandstorm
|upkeep
|
|t:|1785634073
|switch|p1b: Sneasler|Sneasler, L50, F, shiny|100/100
|switch|p2b: Clefable|Clefable, L50, F|100/100
|turn|3
|
|t:|1785634088
|detailschange|p1a: Garchomp|Garchomp-Mega, L50, F
|-mega|p1a: Garchomp|Garchomp|Garchompite
|move|p2a: Sceptile|Detect|p2a: Sceptile
|-singleturn|p2a: Sceptile|Protect
|move|p2b: Clefable|Protect|p2b: Clefable
|-singleturn|p2b: Clefable|Protect
|move|p1b: Sneasler|Fake Out|p2b: Clefable
|-activate|p2b: Clefable|move: Protect
|move|p1a: Garchomp|Earth Power|p2a: Sceptile
|-activate|p2a: Sceptile|move: Protect
|
|-weather|Sandstorm|[upkeep]
|-damage|p2a: Sceptile|36/100|[from] Sandstorm
|-damage|p1b: Sneasler|94/100|[from] Sandstorm
|-damage|p2b: Clefable|94/100|[from] Sandstorm
|-heal|p2b: Clefable|100/100|[from] item: Leftovers
|upkeep
|turn|4
|
|t:|1785634107
|move|p2b: Clefable|Follow Me|p2b: Clefable
|-singleturn|p2b: Clefable|move: Follow Me
|move|p2a: Sceptile|Earth Power|p1b: Sneasler
|-supereffective|p1b: Sneasler|1
|-damage|p1b: Sneasler|2/100
|move|p1b: Sneasler|Dire Claw|p2b: Clefable
|-supereffective|p2b: Clefable|1
|-damage|p2b: Clefable|30/100
|-status|p2b: Clefable|psn
|move|p1a: Garchomp|Earth Power|p2b: Clefable
|-damage|p2b: Clefable|0 fnt
|faint|p2b: Clefable
|
|-weather|Sandstorm|[upkeep]
|-damage|p2a: Sceptile|29/100|[from] Sandstorm
|-damage|p1b: Sneasler|0 fnt|[from] Sandstorm
|faint|p1b: Sneasler
|upkeep
|
|t:|1785634124
|switch|p2b: Gholdengo|Gholdengo, L50|100/100
|turn|5
|
|t:|1785634130
|move|p2b: Gholdengo|Protect|p2b: Gholdengo
|-singleturn|p2b: Gholdengo|Protect
|move|p2a: Sceptile|Dragon Pulse|p1a: Garchomp
|-supereffective|p1a: Garchomp|1
|-damage|p1a: Garchomp|0 fnt
|faint|p1a: Garchomp
|
|win|wade connects
|raw|OCHOA1209_'s rating: 1118 → 1097(-21 for losing)
|raw|wade connects's rating: 1167 → 1188(+21 for winning)
|l|☆OCHOA1209_
|player|p1|
|c|☆wade connects|Gg
