|j|☆chatgptdraftduel
|j|☆rager88
|html|chatgptdraftduelrager88    
|uhtml|bestof|Game 1 of a best-of-3
|t:|1785343210
|gametype|doubles
|player|p1|chatgptdraftduel|169|
|player|p2|rager88|266|
|gen|9
|tier|[Gen 9 Champions] VGC 2026 Reg M-B (Bo3)
|rule|Species Clause: Limit one of each Pokémon
|rule|Item Clause: Limit 1 of each item
|clearpoke
|poke|p1|Pelipper, L50, F|
|poke|p1|Gholdengo, L50|
|poke|p1|Metagross, L50|
|poke|p1|Annihilape, L50, M|
|poke|p1|Grimmsnarl, L50, M|
|poke|p1|Volcarona, L50, M|
|poke|p2|Corviknight, L50, F|
|poke|p2|Tyranitar, L50, M|
|poke|p2|Excadrill, L50, M|
|poke|p2|Sinistcha, L50|
|poke|p2|Blastoise, L50, F|
|poke|p2|Tsareena, L50, F|
|teampreview|4
|showteam|p1|Pelipper||DampRock|Drizzle|Hurricane,WeatherBall,WideGuard,Protect|Modest||F|||50|]Gholdengo||ChoiceScarf|GoodasGold|MakeItRain,ShadowBall,FocusBlast,Trick|Timid|||||50|]Metagross||Metagrossite|ClearBody|MeteorMash,ZenHeadbutt,StompingTantrum,Protect|Adamant|||||50|]Annihilape||Leftovers|Defiant|RageFist,DrainPunch,BulkUp,Protect|Careful||M|||50|]Grimmsnarl||LightClay|Prankster|Reflect,LightScreen,SpiritBreak,PartingShot|Careful||M|||50|]Volcarona||SitrusBerry|FlameBody|HeatWave,GigaDrain,QuiverDance,Protect|Modest||M|||50|
|showteam|p2|Corviknight||Leftovers|MirrorArmor|BulkUp,Tailwind,Roost,BraveBird|Adamant||F|||50|]Tyranitar||Tyranitarite|SandStream|KnockOff,RockSlide,Protect,DragonDance|Adamant||M|||50|]Excadrill||FocusSash|SandRush|Protect,IronHead,Earthquake,RockSlide|Adamant||M|||50|]Sinistcha||SitrusBerry|Hospitality|MatchaGotcha,LifeDew,RagePowder,Protect|Calm|||||50|]Blastoise||Blastoisinite|RainDish|WaterSpout,FakeOut,Protect,DarkPulse|Modest||F|||50|]Tsareena||ChoiceScarf|QueenlyMajesty|TropKick,TripleAxel,PlayRough,Uturn|Jolly||F|||50|
|
|t:|1785343305
|teamsize|p1|4
|teamsize|p2|4
|start
|switch|p1a: Pelipper|Pelipper, L50, F|100/100
|switch|p1b: Grimmsnarl|Grimmsnarl, L50, M|100/100
|switch|p2a: Blastoise|Blastoise, L50, F|100/100
|switch|p2b: Corviknight|Corviknight, L50, F|100/100
|-weather|RainDance|[from] ability: Drizzle|[of] p1a: Pelipper
|turn|1
|
|t:|1785343384
|move|p1a: Pelipper|Protect|p1a: Pelipper
|-singleturn|p1a: Pelipper|Protect
|move|p2a: Blastoise|Fake Out|p1a: Pelipper
|-activate|p1a: Pelipper|move: Protect
|move|p1b: Grimmsnarl|Reflect|p1b: Grimmsnarl
|-sidestart|p1: chatgptdraftduel|Reflect
|move|p2b: Corviknight|Tailwind|p2b: Corviknight
|-sidestart|p2: rager88|move: Tailwind
|
|-weather|RainDance|[upkeep]
|upkeep
|turn|2
|
|t:|1785343471
|detailschange|p2a: Blastoise|Blastoise-Mega, L50, F
|-mega|p2a: Blastoise|Blastoise|Blastoisinite
|move|p1a: Pelipper|Wide Guard|p1a: Pelipper
|-singleturn|p1a: Pelipper|Wide Guard
|move|p1b: Grimmsnarl|Light Screen|p1b: Grimmsnarl
|-sidestart|p1: chatgptdraftduel|move: Light Screen
|move|p2a: Blastoise|Water Spout|p1b: Grimmsnarl|[spread] 
|-activate|p1a: Pelipper|move: Wide Guard
|-activate|p1b: Grimmsnarl|move: Wide Guard
|move|p2b: Corviknight|Brave Bird|p1a: Pelipper
|-damage|p1a: Pelipper|68/100
|-damage|p2b: Corviknight|91/100|[from] Recoil
|
|-weather|RainDance|[upkeep]
|-heal|p2b: Corviknight|97/100|[from] item: Leftovers
|upkeep
|turn|3
|
|t:|1785343650
|move|p1b: Grimmsnarl|Parting Shot|p2b: Corviknight
|-ability|p2b: Corviknight|Mirror Armor
|-unboost|p1b: Grimmsnarl|atk|1
|-ability|p2b: Corviknight|Mirror Armor
|-unboost|p1b: Grimmsnarl|spa|1
|
|t:|1785343704
|switch|p1b: Metagross|Metagross, L50|100/100|[from] Parting Shot
|move|p2a: Blastoise|Water Spout|p1a: Pelipper|[spread] p1a,p1b
|-resisted|p1a: Pelipper|1
|-damage|p1a: Pelipper|22/100
|-damage|p1b: Metagross|30/100
|move|p2b: Corviknight|Brave Bird|p1a: Pelipper
|-damage|p1a: Pelipper|0 fnt
|faint|p1a: Pelipper
|-damage|p2b: Corviknight|91/100|[from] Recoil
|
|-weather|RainDance|[upkeep]
|-heal|p2b: Corviknight|97/100|[from] item: Leftovers
|upkeep
|
|t:|1785343787
|switch|p1a: Gholdengo|Gholdengo, L50|100/100
|turn|4
|
|t:|1785343918
|detailschange|p1b: Metagross|Metagross-Mega, L50
|-mega|p1b: Metagross|Metagross|Metagrossite
|move|p1b: Metagross|Protect|p1b: Metagross
|-singleturn|p1b: Metagross|Protect
|move|p2a: Blastoise|Water Spout|p1a: Gholdengo|[spread] p1a
|-activate|p1b: Metagross|move: Protect
|-damage|p1a: Gholdengo|25/100
|move|p1a: Gholdengo|Shadow Ball|p2a: Blastoise
|-damage|p2a: Blastoise|61/100
|-unboost|p2a: Blastoise|spd|1
|move|p2b: Corviknight|Brave Bird|p1a: Gholdengo
|-resisted|p1a: Gholdengo|1
|-damage|p1a: Gholdengo|9/100
|-damage|p2b: Corviknight|93/100|[from] Recoil
|
|-weather|RainDance|[upkeep]
|-heal|p2b: Corviknight|99/100|[from] item: Leftovers
|-sideend|p2: rager88|move: Tailwind
|upkeep
|turn|5
|
|t:|1785344033
|move|p2a: Blastoise|Protect|p2a: Blastoise
|-singleturn|p2a: Blastoise|Protect
|move|p1a: Gholdengo|Shadow Ball|p2a: Blastoise
|-activate|p2a: Blastoise|move: Protect
|move|p1b: Metagross|Meteor Mash|p2a: Blastoise
|-activate|p2a: Blastoise|move: Protect
|move|p2b: Corviknight|Tailwind|p2b: Corviknight
|-sidestart|p2: rager88|move: Tailwind
|
|-weather|RainDance|[upkeep]
|-heal|p2b: Corviknight|100/100|[from] item: Leftovers
|upkeep
|turn|6
|
|t:|1785344102
|switch|p2b: Sinistcha|Sinistcha, L50|100/100
|-heal|p2a: Blastoise|86/100|[from] ability: Hospitality|[of] p2b: Sinistcha
|move|p2a: Blastoise|Water Spout|p1b: Metagross|[spread] p1a,p1b
|-damage|p1a: Gholdengo|0 fnt
|-damage|p1b: Metagross|0 fnt
|faint|p1a: Gholdengo
|faint|p1b: Metagross
|
|-weather|RainDance|[upkeep]
|upkeep
|
|t:|1785344181
|switch|p1b: Grimmsnarl|Grimmsnarl, L50, M|100/100
|turn|7
|
|t:|1785344272
|move|p2b: Sinistcha|Rage Powder|p2b: Sinistcha
|-singleturn|p2b: Sinistcha|move: Rage Powder
|move|p1b: Grimmsnarl|Parting Shot|p2b: Sinistcha
|-unboost|p2b: Sinistcha|atk|1
|-unboost|p2b: Sinistcha|spa|1
|move|p2a: Blastoise|Water Spout|p1b: Grimmsnarl
|-damage|p1b: Grimmsnarl|41/100
|
|-weather|RainDance|[upkeep]
|upkeep
|turn|8
|
|t:|1785344339
|move|p2b: Sinistcha|Rage Powder|p2b: Sinistcha
|-singleturn|p2b: Sinistcha|move: Rage Powder
|move|p2a: Blastoise|Water Spout|p1b: Grimmsnarl
|-damage|p1b: Grimmsnarl|0 fnt
|faint|p1b: Grimmsnarl
|
|win|rager88
|inactive|chatgptdraftduel has 30 seconds to confirm battle start!
|inactive|rager88 has 30 seconds to confirm battle start!
|inactive|chatgptdraftduel has 20 seconds to confirm battle start!
|inactive|rager88 has 20 seconds to confirm battle start!
||chatgptdraftduel is ready for game 2.
|inactive|rager88 has 10 seconds to confirm battle start!
