|j|☆Gen4lover2
|j|☆MoscaacsoM
|html|Gen4lover2MoscaacsoM    
|uhtml|bestof|Game 1 of a best-of-3
|t:|1785762081
|gametype|doubles
|player|p1|Gen4lover2|wallace|1192
|player|p2|MoscaacsoM|alder|1162
|gen|9
|tier|[Gen 9 Champions] VGC 2026 Reg M-B (Bo3)
|rated|
|rule|Species Clause: Limit one of each Pokémon
|rule|Item Clause: Limit 1 of each item
|clearpoke
|poke|p1|Tyranitar, L50, M|
|poke|p1|Excadrill, L50, F|
|poke|p1|Staraptor, L50, F|
|poke|p1|Milotic, L50, F|
|poke|p1|Gholdengo, L50|
|poke|p1|Sinistcha-Masterpiece, L50|
|poke|p2|Charizard, L50, M|
|poke|p2|Garchomp, L50, M|
|poke|p2|Kingambit, L50, M|
|poke|p2|Whimsicott, L50, M|
|poke|p2|Floette-Eternal, L50, F|
|poke|p2|Basculegion, L50, M|
|teampreview|4
|showteam|p1|Tyranitar||Tyranitarite|SandStream|RockSlide,KnockOff,LowKick,Protect|Adamant||M|||50|]Excadrill||FocusSash|SandRush|HighHorsepower,IronHead,RockSlide,Protect|Adamant||F|||50|]Staraptor||Staraptite|Intimidate|BraveBird,CloseCombat,Tailwind,Protect|Jolly||F|||50|]Milotic||SitrusBerry|Competitive|Scald,IceBeam,Recover,Protect|Modest||F|||50|]Gholdengo||LifeOrb|GoodasGold|MakeItRain,ShadowBall,NastyPlot,Protect|Modest|||||50|]Sinistcha-Masterpiece||ColburBerry|Hospitality|MatchaGotcha,RagePowder,TrickRoom,Protect|Relaxed|||||50|
|showteam|p2|Charizard||CharizarditeY|Blaze|Protect,HeatWave,SolarBeam,WeatherBall|Modest||M|||50|]Garchomp||LifeOrb|RoughSkin|StompingTantrum,RockSlide,DragonClaw,Protect|Jolly||M|||50|]Kingambit||BlackGlasses|Defiant|KowtowCleave,Protect,IronHead,SuckerPunch|Adamant||M|||50|]Whimsicott||FocusSash|Prankster|Moonblast,Tailwind,Protect,Encore|Timid||M|||50|]Floette-Eternal||Floettite|FlowerVeil|Protect,DazzlingGleam,Moonblast,LightofRuin|Timid||F|||50|]Basculegion||MysticWater|Adaptability|AquaJet,WaveCrash,Protect,LastRespects|Adamant||M|||50|
|inactive|Battle timer is ON: inactive players will automatically lose when time's up. (requested by MoscaacsoM)
|inactive|Gen4lover2 also wants the timer to be on.
|inactive|Gen4lover2 has 60 seconds left.
|inactive|MoscaacsoM has 60 seconds left.
|inactive|MoscaacsoM has 30 seconds left.
|
|t:|1785762144
|teamsize|p1|4
|teamsize|p2|4
|start
|switch|p1a: Milotic|Milotic, L50, F|100/100
|switch|p1b: Staraptor|Staraptor, L50, F|100/100
|switch|p2a: Basculegion|Basculegion, L50, M|100/100
|switch|p2b: Garchomp|Garchomp, L50, M|100/100
|-ability|p1b: Staraptor|Intimidate|boost
|-unboost|p2a: Basculegion|atk|1
|-unboost|p2b: Garchomp|atk|1
|turn|1
|inactive|MoscaacsoM has 30 seconds left.
|inactive|MoscaacsoM has 20 seconds left.
|inactive|MoscaacsoM has 15 seconds left.
|
|t:|1785762184
|detailschange|p1b: Staraptor|Staraptor-Mega, L50, F
|-mega|p1b: Staraptor|Staraptor|Staraptite
|move|p1b: Staraptor|Tailwind|p1b: Staraptor
|-sidestart|p1: Gen4lover2|move: Tailwind
|move|p1a: Milotic|Ice Beam|p2b: Garchomp
|-supereffective|p2b: Garchomp|2
|-damage|p2b: Garchomp|0 fnt
|faint|p2b: Garchomp
|move|p2a: Basculegion|Wave Crash|p1b: Staraptor
|-damage|p1b: Staraptor|38/100
|-damage|p2a: Basculegion|82/100|[from] Recoil
|
|upkeep
|
|t:|1785762200
|switch|p2b: Whimsicott|Whimsicott, L50, M|100/100
|turn|2
|inactive|MoscaacsoM has 30 seconds left.
|inactive|MoscaacsoM has 20 seconds left.
|
|t:|1785762244
|switch|p1b: Sinistcha|Sinistcha-Masterpiece, L50|100/100
|move|p2b: Whimsicott|Encore||[still]
|-fail|p2b: Whimsicott
|move|p1a: Milotic|Ice Beam|p2b: Whimsicott
|-supereffective|p2b: Whimsicott|1
|-damage|p2b: Whimsicott|15/100
|move|p2a: Basculegion|Last Respects|p1a: Milotic
|-crit|p1a: Milotic
|-damage|p1a: Milotic|2/100
|-enditem|p1a: Milotic|Sitrus Berry|[eat]
|-heal|p1a: Milotic|27/100|[from] item: Sitrus Berry
|
|upkeep
|turn|3
|
|t:|1785762266
|move|p2b: Whimsicott|Tailwind|p2b: Whimsicott
|-sidestart|p2: MoscaacsoM|move: Tailwind
|move|p2a: Basculegion|Last Respects|p1b: Sinistcha
|-supereffective|p1b: Sinistcha|1
|-damage|p1b: Sinistcha|25/100
|move|p1a: Milotic|Ice Beam|p2b: Whimsicott
|-supereffective|p2b: Whimsicott|1
|-damage|p2b: Whimsicott|0 fnt
|faint|p2b: Whimsicott
|move|p1b: Sinistcha|Matcha Gotcha|p2a: Basculegion
|-supereffective|p2a: Basculegion|1
|-damage|p2a: Basculegion|11/100
|-heal|p1b: Sinistcha|66/100|[from] drain|[of] p2a: Basculegion
|
|upkeep
|
|t:|1785762279
|switch|p2b: Floette|Floette-Eternal, L50, F|100/100
|turn|4
|
|t:|1785762300
|detailschange|p2b: Floette|Floette-Mega, L50, F
|-mega|p2b: Floette|Floette|Floettite
|-ability|p2b: Floette|Fairy Aura
|move|p1b: Sinistcha|Protect|p1b: Sinistcha
|-singleturn|p1b: Sinistcha|Protect
|move|p2b: Floette|Dazzling Gleam|p1a: Milotic|[spread] p1a
|-activate|p1b: Sinistcha|move: Protect
|-damage|p1a: Milotic|0 fnt
|faint|p1a: Milotic
|move|p2a: Basculegion|Last Respects|p1b: Sinistcha
|-activate|p1b: Sinistcha|move: Protect
|
|-sideend|p1: Gen4lover2|move: Tailwind
|upkeep
|
|t:|1785762315
|switch|p1a: Staraptor|Staraptor-Mega, L50, F|38/100
|turn|5
|
|t:|1785762327
|move|p2b: Floette|Dazzling Gleam|p1b: Sinistcha|[spread] p1a,p1b
|-supereffective|p1a: Staraptor|1
|-damage|p1a: Staraptor|0 fnt
|-damage|p1b: Sinistcha|22/100
|faint|p1a: Staraptor
|move|p2a: Basculegion|Last Respects|p1b: Sinistcha
|-supereffective|p1b: Sinistcha|1
|-damage|p1b: Sinistcha|0 fnt
|faint|p1b: Sinistcha
|
|upkeep
|
|t:|1785762330
|switch|p1b: Gholdengo|Gholdengo, L50|100/100
|turn|6
|
|t:|1785762346
|move|p1b: Gholdengo|Protect|p1b: Gholdengo
|-singleturn|p1b: Gholdengo|Protect
|move|p2b: Floette|Moonblast|p1b: Gholdengo
|-activate|p1b: Gholdengo|move: Protect
|move|p2a: Basculegion|Last Respects|p1b: Gholdengo
|-activate|p1b: Gholdengo|move: Protect
|
|-sideend|p2: MoscaacsoM|move: Tailwind
|upkeep
|turn|7
|
|t:|1785762368
|move|p2a: Basculegion|Aqua Jet|p1b: Gholdengo
|-damage|p1b: Gholdengo|76/100
|move|p2b: Floette|Light of Ruin|p1b: Gholdengo
|-resisted|p1b: Gholdengo|1
|-damage|p1b: Gholdengo|12/100
|-damage|p2b: Floette|62/100|[from] Recoil
|move|p1b: Gholdengo|Make It Rain|p2b: Floette|[spread] p2a,p2b
|-resisted|p2a: Basculegion|1
|-supereffective|p2b: Floette|1
|-damage|p2a: Basculegion|0 fnt
|-damage|p2b: Floette|0 fnt
|-unboost|p1b: Gholdengo|spa|2
|faint|p2a: Basculegion
|faint|p2b: Floette
|-damage|p1b: Gholdengo|3/100|[from] item: Life Orb
|
|win|Gen4lover2
|inactive|Gen4lover2 has 30 seconds to confirm battle start!
|inactive|MoscaacsoM has 30 seconds to confirm battle start!
||MoscaacsoM is ready for game 2.
