|j|☆viatles
|j|☆PigsPigsPigsPigs
|html|viatlesPigsPigsPigsPigs    
|uhtml|bestof|Game 3 of a best-of-3
|t:|1757797778
|gametype|doubles
|player|p1|viatles|hiker|1075
|player|p2|PigsPigsPigsPigs|marley|1085
|gen|9
|tier|[Gen 9] VGC 2025 Reg H (Bo3)
|rated|
|rule|Species Clause: Limit one of each Pokémon
|rule|Item Clause: Limit 1 of each item
|clearpoke
|poke|p1|Scizor, L50, M|
|poke|p1|Talonflame, L50, M|
|poke|p1|Rillaboom, L50, M|
|poke|p1|Garchomp, L50, M|
|poke|p1|Kilowattrel, L50, M|
|poke|p1|Garganacl, L50, M|
|poke|p2|Indeedee-F, L50, F|
|poke|p2|Armarouge, L50, F|
|poke|p2|Ursaluna, L50, F|
|poke|p2|Gallade, L50, M|
|poke|p2|Incineroar, L50, F|
|poke|p2|Sneasler, L50, M|
|teampreview|4
|showteam|p1|Scizor||LifeOrb|Technician|BulletPunch,BugBite,DualWingbeat,Protect|||M|||50|,,,,,Fire]Talonflame||CovertCloak|GaleWings|DualWingbeat,Tailwind,Taunt,FlareBlitz|||M|||50|,,,,,Flying]Rillaboom||AssaultVest|GrassySurge|FakeOut,GrassyGlide,Uturn,WoodHammer|||M|||50|,,,,,Fairy]Garchomp||ClearAmulet|RoughSkin|IronHead,Earthquake,DragonClaw,Protect|||M|||50|,,,,,Steel]Kilowattrel||FocusSash|Competitive|Discharge,AirSlash,Tailwind,Protect|||M|||50|,,,,,Ghost]Garganacl||Leftovers|PurifyingSalt|SaltCure,Recover,Protect,RockSlide|||M|||50|,,,,,Grass
|showteam|p2|Indeedee-F||FocusSash|PsychicSurge|FollowMe,TrickRoom,HelpingHand,Psychic|||F|||50|,,,,,Fairy]Armarouge||LifeOrb|FlashFire|ExpandingForce,ArmorCannon,TrickRoom,Protect|||F|||50|,,,,,Grass]Ursaluna||FlameOrb|Guts|Facade,Earthquake,HeadlongRush,Protect|||F|||50|,,,,,Fairy]Gallade||ClearAmulet|Sharpness|SacredSword,PsychoCut,TrickRoom,WideGuard|||M|||50|,,,,,Steel]Incineroar||SafetyGoggles|Intimidate|FakeOut,FlareBlitz,KnockOff,PartingShot|||F|||50|,,,,,Flying]Sneasler||PsychicSeed|Unburden|DireClaw,CloseCombat,ThroatChop,Protect|||M|||50|,,,,,Stellar
|inactive|Battle timer is ON: inactive players will automatically lose when time's up. (requested by viatles)
|inactive|PigsPigsPigsPigs has 60 seconds left.
|
|t:|1757797814
|teamsize|p1|4
|teamsize|p2|4
|start
|switch|p1a: Kilowattrel|Kilowattrel, L50, M|100/100
|switch|p1b: Garchomp|Garchomp, L50, M|100/100
|switch|p2a: Pomni|Indeedee-F, L50, F|100/100
|switch|p2b: Gummy Goo|Gallade, L50, M|100/100
|-fieldstart|move: Psychic Terrain|[from] ability: Psychic Surge|[of] p2a: Pomni
|turn|1
|inactive|viatles has 30 seconds left.
|
|t:|1757797843
|move|p2a: Pomni|Follow Me|p2a: Pomni
|-singleturn|p2a: Pomni|move: Follow Me
|move|p1a: Kilowattrel|Air Slash|p2a: Pomni
|-damage|p2a: Pomni|69/100
|move|p1b: Garchomp|Dragon Claw|p2a: Pomni
|-damage|p2a: Pomni|15/100
|move|p2b: Gummy Goo|Trick Room|p2b: Gummy Goo
|-fieldstart|move: Trick Room|[of] p2b: Gummy Goo
|
|upkeep
|turn|2
|inactive|viatles has 30 seconds left.
|
|t:|1757797874
|switch|p2a: Mildenhall|Ursaluna, L50, F|100/100
|move|p1b: Garchomp|Protect|p1b: Garchomp
|-singleturn|p1b: Garchomp|Protect
|move|p2b: Gummy Goo|Psycho Cut|p1a: Kilowattrel
|-enditem|p1a: Kilowattrel|Focus Sash
|-damage|p1a: Kilowattrel|1/100
|move|p1a: Kilowattrel|Discharge|p2b: Gummy Goo|[spread] p2b
|-activate|p1b: Garchomp|move: Protect
|-immune|p2a: Mildenhall
|-damage|p2b: Gummy Goo|78/100
|
|-status|p2a: Mildenhall|brn|[from] item: Flame Orb
|upkeep
|turn|3
|inactive|viatles has 30 seconds left.
|inactive|PigsPigsPigsPigs has 30 seconds left.
|
|t:|1757797901
|move|p1a: Kilowattrel|Protect|p1a: Kilowattrel
|-singleturn|p1a: Kilowattrel|Protect
|move|p2a: Mildenhall|Facade|p1b: Garchomp
|-damage|p1b: Garchomp|0 fnt
|-damage|p2a: Mildenhall|88/100 brn|[from] ability: Rough Skin|[of] p1b: Garchomp
|faint|p1b: Garchomp
|move|p2b: Gummy Goo|Psycho Cut|p1a: Kilowattrel
|-activate|p1a: Kilowattrel|move: Protect
|
|-damage|p2a: Mildenhall|82/100 brn|[from] brn
|upkeep
|
|t:|1757797911
|switch|p1b: Rillaboom|Rillaboom, L50, M|100/100
|-fieldstart|move: Grassy Terrain|[from] ability: Grassy Surge|[of] p1b: Rillaboom
|turn|4
|
|t:|1757797931
|switch|p2b: Pomni|Indeedee-F, L50, F|15/100
|-fieldstart|move: Psychic Terrain|[from] ability: Psychic Surge|[of] p2b: Pomni
|move|p2a: Mildenhall|Facade|p1b: Rillaboom
|-damage|p1b: Rillaboom|0 fnt
|faint|p1b: Rillaboom
|move|p1a: Kilowattrel|Air Slash|p2a: Mildenhall
|-damage|p2a: Mildenhall|55/100 brn
|
|-damage|p2a: Mildenhall|49/100 brn|[from] brn
|upkeep
|
|t:|1757797943
|switch|p1b: Scizor|Scizor, L50, M|100/100
|turn|5
|
|t:|1757797953
|move|p1a: Kilowattrel|Protect|p1a: Kilowattrel
|-singleturn|p1a: Kilowattrel|Protect
|move|p2a: Mildenhall|Facade|p1b: Scizor
|-resisted|p1b: Scizor
|-damage|p1b: Scizor|44/100
|move|p2b: Pomni|Psychic|p1a: Kilowattrel
|-activate|p1a: Kilowattrel|move: Protect
|move|p1b: Scizor|Bug Bite|p2a: Mildenhall
|-damage|p2a: Mildenhall|1/100 brn
|-damage|p1b: Scizor|35/100|[from] item: Life Orb
|
|-damage|p2a: Mildenhall|0 fnt|[from] brn
|faint|p2a: Mildenhall
|-fieldend|move: Trick Room
|upkeep
|
|t:|1757797965
|switch|p2a: Gummy Goo|Gallade, L50, M|78/100
|turn|6
|
|t:|1757797975
|-terastallize|p2a: Gummy Goo|Steel
|move|p2b: Pomni|Follow Me|p2b: Pomni
|-singleturn|p2b: Pomni|move: Follow Me
|move|p1a: Kilowattrel|Air Slash|p2b: Pomni
|-damage|p2b: Pomni|0 fnt
|faint|p2b: Pomni
|move|p1b: Scizor|Dual Wingbeat|p2a: Gummy Goo
|-resisted|p2a: Gummy Goo
|-damage|p2a: Gummy Goo|57/100
|-resisted|p2a: Gummy Goo
|-damage|p2a: Gummy Goo|34/100
|-hitcount|p2a: Gummy Goo|2
|-damage|p1b: Scizor|25/100|[from] item: Life Orb
|move|p2a: Gummy Goo|Trick Room|p2a: Gummy Goo
|-fieldstart|move: Trick Room|[of] p2a: Gummy Goo
|
|upkeep
|
|t:|1757797987
|switch|p2b: Zooble|Armarouge, L50, F|100/100
|turn|7
|c|☆viatles|gg wp
|
|t:|1757798000
|move|p1b: Scizor|Protect|p1b: Scizor
|-singleturn|p1b: Scizor|Protect
|move|p2a: Gummy Goo|Psycho Cut|p1a: Kilowattrel
|-damage|p1a: Kilowattrel|0 fnt
|faint|p1a: Kilowattrel
|move|p2b: Zooble|Expanding Force|p1b: Scizor
|-activate|p1b: Scizor|move: Protect
|
|upkeep
|turn|8
|c|☆PigsPigsPigsPigs|gg
|
|t:|1757798013
|move|p2a: Gummy Goo|Psycho Cut|p1b: Scizor
|-resisted|p1b: Scizor
|-damage|p1b: Scizor|0 fnt
|faint|p1b: Scizor
|
|win|PigsPigsPigsPigs
|raw|viatles's rating: 1075 → 1054(-21 for losing)
|raw|PigsPigsPigsPigs's rating: 1085 → 1111(+26 for winning)
