|j|☆tg100
|j|☆Sandyboio66
|html|tg100Sandyboio66    
|uhtml|bestof|Game 1 of a best-of-3
|t:|1757783556
|gametype|doubles
|player|p1|tg100|1|1081
|player|p2|Sandyboio66|102|1158
|gen|9
|tier|[Gen 9] VGC 2025 Reg H (Bo3)
|rated|
|rule|Species Clause: Limit one of each Pokémon
|rule|Item Clause: Limit 1 of each item
|clearpoke
|poke|p1|Tyranitar, L50, M|
|poke|p1|Excadrill, L50, M|
|poke|p1|Amoonguss, L50, M|
|poke|p1|Mimikyu, L50, F|
|poke|p1|Tatsugiri, L50, M|
|poke|p1|Dondozo, L50, M|
|poke|p2|Ninetales-Alola, L50, M|
|poke|p2|Basculegion, L50, M|
|poke|p2|Sneasler, L50, M|
|poke|p2|Ceruledge, L50, F|
|poke|p2|Magnezone, L50|
|poke|p2|Salamence, L50, F|
|teampreview|4
|showteam|p1|Tyranitar||AssaultVest|SandStream|KnockOff,RockSlide,TeraBlast,LowKick|||M|||50|,,,,,Flying]Excadrill||ClearAmulet|SandRush|Earthquake,HighHorsepower,IronHead,Protect|||M|||50|,,,,,Ghost]Amoonguss||SitrusBerry|Regenerator|PollenPuff,Spore,RagePowder,Protect|||M|||50|,,,,,Water]Mimikyu||SafetyGoggles|Disguise|SwordsDance,TrickRoom,PlayRough,ShadowSneak|||F|||50|,,,,,Steel]Tatsugiri||ChoiceScarf|Commander|DracoMeteor,MuddyWater,IcyWind,DragonPulse|||M|||50|,,,,,Ghost]Dondozo||Leftovers|Unaware|Protect,WaveCrash,Earthquake,OrderUp|||M|||50|,,,,,Steel
|showteam|p2|Ninetales-Alola||NeverMeltIce|SnowWarning|Protect,Blizzard,FreezeDry,Encore|||M|||50|,,,,,Ghost]Basculegion||ChoiceScarf|Adaptability|WaveCrash,LastRespects,TeraBlast,FlipTurn|||M|||50|,,,,,Fairy]Sneasler||AssaultVest|PoisonTouch|FakeOut,CloseCombat,ThroatChop,DireClaw|||M|||50|,,,,,Dark]Ceruledge||ClearAmulet|FlashFire|BitterBlade,CloseCombat,BulkUp,Protect|||F|||50|,,,,,Fighting]Magnezone||ChoiceSpecs|Analytic|VoltSwitch,Thunderbolt,FlashCannon,TeraBlast||||||50|,,,,,Flying]Salamence||LifeOrb|Intimidate|DracoMeteor,AirSlash,Tailwind,Protect|||F|||50|,,,,,Flying
|
|t:|1757783581
|teamsize|p1|4
|teamsize|p2|4
|start
|switch|p1a: Dondozo|Dondozo, L50, M|100/100
|switch|p1b: Tatsugiri|Tatsugiri, L50, M|100/100
|switch|p2a: Sneasler|Sneasler, L50, M|100/100
|switch|p2b: Salamence|Salamence, L50, F|100/100
|-ability|p2b: Salamence|Intimidate|boost
|-unboost|p1a: Dondozo|atk|1
|-unboost|p1b: Tatsugiri|atk|1
|-activate|p1b: Tatsugiri|ability: Commander|[of] p1a: Dondozo
|-boost|p1a: Dondozo|atk|2
|-boost|p1a: Dondozo|spa|2
|-boost|p1a: Dondozo|spe|2
|-boost|p1a: Dondozo|def|2
|-boost|p1a: Dondozo|spd|2
|turn|1
|
|t:|1757783591
|switch|p2b: Ninetales|Ninetales-Alola, L50, M|100/100
|-weather|Snowscape|[from] ability: Snow Warning|[of] p2b: Ninetales
|move|p2a: Sneasler|Fake Out|p1a: Dondozo
|-damage|p1a: Dondozo|95/100
|-status|p1a: Dondozo|psn|[from] ability: Poison Touch|[of] p2a: Sneasler
|cant|p1a: Dondozo|flinch
|
|-weather|Snowscape|[upkeep]
|-heal|p1a: Dondozo|100/100 psn|[from] item: Leftovers
|-damage|p1a: Dondozo|88/100 psn|[from] psn
|upkeep
|turn|2
|
|t:|1757783605
|-terastallize|p1a: Dondozo|Steel
|move|p2a: Sneasler|Dire Claw|p1a: Dondozo
|-immune|p1a: Dondozo
|move|p2b: Ninetales|Freeze-Dry|p1a: Dondozo
|-resisted|p1a: Dondozo
|-damage|p1a: Dondozo|79/100 psn
|move|p1a: Dondozo|Earthquake|p2b: Ninetales|[spread] p2a,p2b
|-miss|p1a: Dondozo|p1b: Tatsugiri
|-supereffective|p2a: Sneasler
|-damage|p2a: Sneasler|0 fnt
|-damage|p2b: Ninetales|65/100
|faint|p2a: Sneasler
|
|-weather|Snowscape|[upkeep]
|-heal|p1a: Dondozo|85/100 psn|[from] item: Leftovers
|-damage|p1a: Dondozo|73/100 psn|[from] psn
|upkeep
|
|t:|1757783609
|switch|p2a: Salamence|Salamence, L50, F|100/100
|-ability|p2a: Salamence|Intimidate|boost
|-unboost|p1a: Dondozo|atk|1
|-unboost|p1b: Tatsugiri|atk|1
|turn|3
|
|t:|1757783619
|move|p2b: Ninetales|Encore|p1a: Dondozo
|-start|p1a: Dondozo|Encore
|move|p1a: Dondozo|Earthquake|p2b: Ninetales|[spread] p2b
|-miss|p1a: Dondozo|p1b: Tatsugiri
|-immune|p2a: Salamence
|-damage|p2b: Ninetales|40/100
|move|p2a: Salamence|Air Slash|p1a: Dondozo|[miss]
|-miss|p2a: Salamence|p1a: Dondozo
|
|-weather|Snowscape|[upkeep]
|-heal|p1a: Dondozo|79/100 psn|[from] item: Leftovers
|-damage|p1a: Dondozo|67/100 psn|[from] psn
|upkeep
|turn|4
|
|t:|1757783633
|move|p2b: Ninetales|Blizzard|p1b: Tatsugiri|[spread] p1a
|-miss|p2b: Ninetales|p1b: Tatsugiri
|-resisted|p1a: Dondozo
|-damage|p1a: Dondozo|58/100 psn
|move|p1a: Dondozo|Earthquake|p2b: Ninetales|[spread] p2b
|-miss|p1a: Dondozo|p1b: Tatsugiri
|-immune|p2a: Salamence
|-damage|p2b: Ninetales|15/100
|move|p2a: Salamence|Air Slash|p1a: Dondozo
|-resisted|p1a: Dondozo
|-damage|p1a: Dondozo|45/100 psn
|-damage|p2a: Salamence|90/100|[from] item: Life Orb
|
|-weather|Snowscape|[upkeep]
|-heal|p1a: Dondozo|51/100 psn|[from] item: Leftovers
|-damage|p1a: Dondozo|39/100 psn|[from] psn
|upkeep
|turn|5
|
|t:|1757783654
|move|p2b: Ninetales|Blizzard|p1a: Dondozo|[spread] p1a
|-miss|p2b: Ninetales|p1b: Tatsugiri
|-resisted|p1a: Dondozo
|-damage|p1a: Dondozo|29/100 psn
|move|p1a: Dondozo|Earthquake|p2b: Ninetales|[spread] p2b
|-miss|p1a: Dondozo|p1b: Tatsugiri
|-immune|p2a: Salamence
|-damage|p2b: Ninetales|0 fnt
|faint|p2b: Ninetales
|move|p2a: Salamence|Tailwind|p2a: Salamence
|-sidestart|p2: Sandyboio66|move: Tailwind
|
|-weather|none
|-heal|p1a: Dondozo|35/100 psn|[from] item: Leftovers
|-damage|p1a: Dondozo|23/100 psn|[from] psn
|-end|p1a: Dondozo|Encore
|upkeep
|
|t:|1757783661
|switch|p2b: Basculegion|Basculegion, L50, M|100/100
|turn|6
|
|t:|1757783677
|move|p2b: Basculegion|Last Respects|p1a: Dondozo
|-damage|p1a: Dondozo|0 fnt
|faint|p1a: Dondozo
|move|p2a: Salamence|Draco Meteor|p1b: Tatsugiri
|-supereffective|p1b: Tatsugiri
|-damage|p1b: Tatsugiri|0 fnt
|-unboost|p2a: Salamence|spa|2
|faint|p1b: Tatsugiri
|-damage|p2a: Salamence|80/100|[from] item: Life Orb
|
|upkeep
|
|t:|1757783681
|switch|p1b: Excadrill|Excadrill, L50, M|100/100
|switch|p1a: Tyranitar|Tyranitar, L50, M|100/100
|-weather|Sandstorm|[from] ability: Sand Stream|[of] p1a: Tyranitar
|turn|7
|
|t:|1757783693
|-terastallize|p2b: Basculegion|Fairy
|move|p2b: Basculegion|Last Respects|p1b: Excadrill
|-damage|p1b: Excadrill|23/100
|move|p2a: Salamence|Air Slash|p1b: Excadrill|[miss]
|-miss|p2a: Salamence|p1b: Excadrill
|move|p1b: Excadrill|High Horsepower|p2b: Basculegion
|-damage|p2b: Basculegion|41/100
|move|p1a: Tyranitar|Knock Off|p2b: Basculegion
|-resisted|p2b: Basculegion
|-damage|p2b: Basculegion|6/100
|-enditem|p2b: Basculegion|Choice Scarf|[from] move: Knock Off|[of] p1a: Tyranitar
|
|-weather|Sandstorm|[upkeep]
|-damage|p2a: Salamence|75/100|[from] Sandstorm
|-damage|p2b: Basculegion|0 fnt|[from] Sandstorm
|faint|p2b: Basculegion
|upkeep
|turn|8
|-message|Sandyboio66 forfeited.
|
|win|tg100
|l|☆Sandyboio66
|player|p2|
||Sandyboio66 is ready for game 2.
||tg100 is ready for game 2.
|uhtml|next|Next: Game 2 of 3
