|j|☆Nonowaos
|j|☆Penny_epic
|html|NonowaosPenny_epic    
|uhtml|bestof|Game 1 of a best-of-3
|t:|1782663254
|gametype|doubles
|player|p1|Nonowaos|2|1082
|player|p2|Penny_epic|170|1144
|gen|9
|tier|[Gen 9 Champions] VGC 2026 Reg M-B (Bo3)
|rated|
|rule|Species Clause: Limit one of each Pokémon
|rule|Item Clause: Limit 1 of each item
|clearpoke
|poke|p1|Swampert, L50, F|
|poke|p1|Incineroar, L50, F|
|poke|p1|Sylveon, L50, M|
|poke|p1|Archaludon, L50, M|
|poke|p1|Sinistcha, L50|
|poke|p1|Pelipper, L50, F|
|poke|p2|Farigiraf, L50, M|
|poke|p2|Torkoal, L50, F|
|poke|p2|Mawile, L50, M|
|poke|p2|Vileplume, L50, M|
|poke|p2|Incineroar, L50, M|
|poke|p2|Palafin, L50, M|
|teampreview|4
|showteam|p1|Swampert||Swampertite|Torrent|Earthquake,WaveCrash,IcePunch,Protect|Adamant||F|||50|]Incineroar||SitrusBerry|Intimidate|FakeOut,FlareBlitz,PartingShot,ThroatChop|Adamant||F|||50|]Sylveon||FairyFeather|Pixilate|QuickAttack,HyperVoice,Moonblast,Protect|Modest||M|||50|]Archaludon||WhiteHerb|Stamina|DracoMeteor,FlashCannon,Protect,ElectroShot|Modest||M|||50|]Sinistcha||CobaBerry|Hospitality|MatchaGotcha,LifeDew,RagePowder,StrengthSap|Bold|||||50|]Pelipper||FocusSash|Drizzle|Hurricane,Protect,WideGuard,WeatherBall|Bold||F|||50|
|showteam|p2|Farigiraf||SitrusBerry|ArmorTail|TrickRoom,Psychic,HyperVoice,HelpingHand|Quiet||M|||50|]Torkoal||Charcoal|Drought|Eruption,Protect,HeatWave,WeatherBall|Modest||F|||50|]Mawile||Mawilite|Intimidate|IronHead,PlayRough,Protect,SuckerPunch|Adamant||M|||50|]Vileplume||FocusSash|Chlorophyll|AfterYou,SleepPowder,SludgeBomb,PollenPuff|Timid||M|||50|]Incineroar||ShucaBerry|Intimidate|FakeOut,PartingShot,FlareBlitz,Thrash|Careful||M|||50|]Palafin||MysticWater|ZerotoHero|JetPunch,WaveCrash,Protect,CloseCombat|Jolly||M|||50|
|inactive|Battle timer is ON: inactive players will automatically lose when time's up. (requested by Nonowaos)
|
|t:|1782663276
|teamsize|p1|4
|teamsize|p2|4
|start
|switch|p1a: Incineroar|Incineroar, L50, F|100/100
|switch|p1b: Sylveon|Sylveon, L50, M|100/100
|switch|p2a: Farigiraf|Farigiraf, L50, M|100/100
|switch|p2b: Mawile|Mawile, L50, M|100/100
|-ability|p1a: Incineroar|Intimidate|boost
|-unboost|p2a: Farigiraf|atk|1
|-unboost|p2b: Mawile|atk|1
|-ability|p2b: Mawile|Intimidate|boost
|-unboost|p1a: Incineroar|atk|1
|-unboost|p1b: Sylveon|atk|1
|turn|1
|inactive|Nonowaos has 30 seconds left.
|inactive|Penny_epic has 30 seconds left.
|inactive|Nonowaos has 20 seconds left.
|inactive|Penny_epic has 20 seconds left.
|inactive|Nonowaos has 15 seconds left.
|inactive|Penny_epic has 15 seconds left.
|inactive|Nonowaos has 10 seconds left.
|
|t:|1782663323
|switch|p2b: Torkoal|Torkoal, L50, F|100/100
|-weather|SunnyDay|[from] ability: Drought|[of] p2b: Torkoal
|move|p1a: Incineroar|Throat Chop|p2a: Farigiraf
|-supereffective|p2a: Farigiraf|1
|-damage|p2a: Farigiraf|48/100
|-start|p2a: Farigiraf|Throat Chop|[silent]
|-enditem|p2a: Farigiraf|Sitrus Berry|[eat]
|-heal|p2a: Farigiraf|73/100|[from] item: Sitrus Berry
|move|p1b: Sylveon|Moonblast|p2a: Farigiraf
|-damage|p2a: Farigiraf|19/100
|move|p2a: Farigiraf|Trick Room|p2a: Farigiraf
|-fieldstart|move: Trick Room|[of] p2a: Farigiraf
|
|-weather|SunnyDay|[upkeep]
|upkeep
|turn|2
|inactive|Penny_epic has 30 seconds left.
|
|t:|1782663353
|switch|p2a: Mawile|Mawile, L50, M|100/100
|-ability|p2a: Mawile|Intimidate|boost
|-unboost|p1a: Incineroar|atk|1
|-unboost|p1b: Sylveon|atk|1
|move|p2b: Torkoal|Weather Ball|p1b: Sylveon
|-damage|p1b: Sylveon|45/100
|move|p1a: Incineroar|Throat Chop|p2a: Mawile
|-resisted|p2a: Mawile|1
|-damage|p2a: Mawile|86/100
|-start|p2a: Mawile|Throat Chop|[silent]
|move|p1b: Sylveon|Hyper Voice|p2b: Torkoal|[spread] p2a,p2b
|-resisted|p2a: Mawile|1
|-resisted|p2b: Torkoal|1
|-damage|p2a: Mawile|43/100
|-damage|p2b: Torkoal|67/100
|
|-weather|SunnyDay|[upkeep]
|upkeep
|turn|3
|inactive|Nonowaos has 30 seconds left.
|inactive|Penny_epic has 30 seconds left.
|inactive|Penny_epic has 20 seconds left.
|inactive|Penny_epic has 15 seconds left.
|inactive|Penny_epic has 10 seconds left.
|inactive|Penny_epic has 5 seconds left.
|
|t:|1782663406
|move|p2a: Mawile|Protect|p2a: Mawile
|-singleturn|p2a: Mawile|Protect
|move|p1b: Sylveon|Protect|p1b: Sylveon
|-singleturn|p1b: Sylveon|Protect
|move|p2b: Torkoal|Weather Ball|p1b: Sylveon
|-activate|p1b: Sylveon|move: Protect
|move|p1a: Incineroar|Parting Shot|p2a: Mawile
|-activate|p2a: Mawile|move: Protect
|
|-weather|SunnyDay|[upkeep]
|-end|p2a: Mawile|Throat Chop|[silent]
|upkeep
|turn|4
|inactive|Nonowaos has 30 seconds left.
|inactive|Penny_epic has 30 seconds left.
|inactive|Nonowaos has 20 seconds left.
|inactive|Penny_epic has 20 seconds left.
|inactive|Nonowaos has 15 seconds left.
|inactive|Penny_epic has 15 seconds left.
|inactive|Nonowaos has 10 seconds left.
|
|t:|1782663455
|switch|p1b: Swampert|Swampert, L50, F|100/100
|detailschange|p2a: Mawile|Mawile-Mega, L50, M
|-mega|p2a: Mawile|Mawile|Mawilite
|move|p2b: Torkoal|Protect|p2b: Torkoal
|-singleturn|p2b: Torkoal|Protect
|move|p2a: Mawile|Iron Head|p1b: Swampert
|-resisted|p1b: Swampert|1
|-damage|p1b: Swampert|64/100
|move|p1a: Incineroar|Parting Shot|p2b: Torkoal
|-activate|p2b: Torkoal|move: Protect
|
|-weather|SunnyDay|[upkeep]
|upkeep
|turn|5
|inactive|Penny_epic has 30 seconds left.
|
|t:|1782663481
|switch|p2b: Vileplume|Vileplume, L50, M|100/100
|switch|p1a: Pelipper|Pelipper, L50, F|100/100
|-weather|RainDance|[from] ability: Drizzle|[of] p1a: Pelipper
|detailschange|p1b: Swampert|Swampert-Mega, L50, F
|-mega|p1b: Swampert|Swampert|Swampertite
|move|p2a: Mawile|Sucker Punch|p1b: Swampert
|-damage|p1b: Swampert|25/100
|move|p1b: Swampert|Earthquake|p2b: Vileplume|[spread] p2a,p2b
|-immune|p1a: Pelipper
|-supereffective|p2a: Mawile|1
|-damage|p2a: Mawile|0 fnt
|-damage|p2b: Vileplume|32/100
|faint|p2a: Mawile
|
|-weather|RainDance|[upkeep]
|-fieldend|move: Trick Room
|upkeep
|
|t:|1782663497
|switch|p2a: Torkoal|Torkoal, L50, F|67/100
|-weather|SunnyDay|[from] ability: Drought|[of] p2a: Torkoal
|turn|6
|inactive|Penny_epic has 30 seconds left.
|
|t:|1782663523
|move|p2b: Vileplume|Pollen Puff|p2a: Torkoal
|-heal|p2a: Torkoal|100/100
|move|p1b: Swampert|Earthquake|p2b: Vileplume|[spread] p2a,p2b
|-immune|p1a: Pelipper
|-supereffective|p2a: Torkoal|1
|-damage|p2a: Torkoal|34/100
|-damage|p2b: Vileplume|0 fnt
|faint|p2b: Vileplume
|move|p1a: Pelipper|Weather Ball|p2a: Torkoal
|-resisted|p2a: Torkoal|1
|-damage|p2a: Torkoal|13/100
|move|p2a: Torkoal|Eruption|p1a: Pelipper|[spread] p1a,p1b
|-resisted|p1a: Pelipper|1
|-resisted|p1b: Swampert|1
|-damage|p1a: Pelipper|91/100
|-damage|p1b: Swampert|20/100y
|
|-weather|SunnyDay|[upkeep]
|upkeep
|-message|Penny_epic forfeited.
|
|win|Nonowaos
||Penny_epic is ready for game 2.
