|j|☆Drakengor
|j|☆Eidrius
|html|DrakengorEidrius    
|uhtml|bestof|Game 3 of a best-of-3
|t:|1785176043
|gametype|doubles
|player|p1|Drakengor|ethan|
|player|p2|Eidrius|firebreather|
|gen|9
|tier|[Gen 9 Champions] VGC 2026 Reg M-B (Bo3)
|rule|Species Clause: Limit one of each Pokémon
|rule|Item Clause: Limit 1 of each item
|clearpoke
|poke|p1|Charizard, L50, M|
|poke|p1|Archaludon, L50, M, shiny|
|poke|p1|Swampert, L50, M, shiny|
|poke|p1|Venusaur, L50, F, shiny|
|poke|p1|Pelipper, L50, M, shiny|
|poke|p1|Grimmsnarl, L50, M, shiny|
|poke|p2|Archaludon, L50, F|
|poke|p2|Pelipper, L50, F|
|poke|p2|Swampert, L50, F|
|poke|p2|Grimmsnarl, L50, M|
|poke|p2|Charizard, L50, M|
|poke|p2|Venusaur, L50, F|
|teampreview|4
|showteam|p1|Charizard||CharizarditeY|Blaze|Protect,HeatWave,WeatherBall,SolarBeam|Modest||M|||50|]Archaludon||Leftovers|Stamina|Protect,DragonPulse,FlashCannon,ElectroShot|Modest||M|||50|]Swampert||Swampertite|Torrent|Protect,WaveCrash,Earthquake,IcePunch|Adamant||M|||50|]Venusaur||FocusSash|Chlorophyll|Protect,SleepPowder,SludgeBomb,EarthPower|Modest||F|||50|]Pelipper||SitrusBerry|Drizzle|WideGuard,Tailwind,WeatherBall,Hurricane|Modest||M|||50|]Grimmsnarl||LightClay|Prankster|PartingShot,Reflect,LightScreen,FoulPlay|Sassy||M|||50|
|showteam|p2|Archaludon||Leftovers|Stamina|Protect,DragonPulse,FlashCannon,ElectroShot|Modest||F|||50|]Pelipper||SitrusBerry|Drizzle|WeatherBall,Hurricane,WideGuard,Tailwind|Modest||F|||50|]Swampert||Swampertite|Damp|Protect,WaveCrash,Earthquake,IcePunch|Adamant||F|||50|]Grimmsnarl||LightClay|Prankster|SpiritBreak,PartingShot,Reflect,LightScreen|Sassy||M|||50|]Charizard||CharizarditeY|Blaze|Protect,WeatherBall,HeatWave,SolarBeam|Modest||M|||50|]Venusaur||FocusSash|Chlorophyll|SleepPowder,SludgeBomb,EarthPower,Protect|Modest||F|||50|
|inactive|Battle timer is ON: inactive players will automatically lose when time's up. (requested by Eidrius)
|inactive|Drakengor also wants the timer to be on.
|j| MrSidi
|inactive|Eidrius has 60 seconds left.
|
|t:|1785176093
|teamsize|p1|4
|teamsize|p2|4
|start
|switch|p1a: Grimmsnarl|Grimmsnarl, L50, M, shiny|100/100
|switch|p1b: Swampert|Swampert, L50, M, shiny|100/100
|switch|p2a: Grimmsnarl|Grimmsnarl, L50, M|100/100
|switch|p2b: Swampert|Swampert, L50, F|100/100
|turn|1
|inactive|Drakengor has 30 seconds left.
|inactive|Drakengor has 20 seconds left.
|
|t:|1785176135
|detailschange|p1b: Swampert|Swampert-Mega, L50, M, shiny
|-mega|p1b: Swampert|Swampert|Swampertite
|move|p2b: Swampert|Protect|p2b: Swampert
|-singleturn|p2b: Swampert|Protect
|move|p2a: Grimmsnarl|Reflect|p2a: Grimmsnarl
|-sidestart|p2: Eidrius|Reflect
|move|p1a: Grimmsnarl|Reflect|p1a: Grimmsnarl
|-sidestart|p1: Drakengor|Reflect
|move|p1b: Swampert|Wave Crash|p2a: Grimmsnarl
|-damage|p2a: Grimmsnarl|47/100
|-damage|p1b: Swampert|81/100|[from] Recoil
|
|upkeep
|turn|2
|inactive|Drakengor has 30 seconds left.
|inactive|Eidrius has 30 seconds left.
|inactive|Eidrius has 20 seconds left.
|
|t:|1785176172
|detailschange|p2b: Swampert|Swampert-Mega, L50, F
|-mega|p2b: Swampert|Swampert|Swampertite
|move|p1b: Swampert|Protect|p1b: Swampert
|-singleturn|p1b: Swampert|Protect
|move|p1a: Grimmsnarl|Parting Shot|p2b: Swampert
|-unboost|p2b: Swampert|atk|1
|-unboost|p2b: Swampert|spa|1
|
|t:|1785176181
|switch|p1a: Archaludon|Archaludon, L50, M, shiny|100/100|[from] Parting Shot
|move|p2b: Swampert|Wave Crash|p1a: Archaludon
|-resisted|p1a: Archaludon|1
|-damage|p1a: Archaludon|87/100
|-ability|p1a: Archaludon|Stamina|boost
|-boost|p1a: Archaludon|def|1
|-damage|p2b: Swampert|95/100|[from] Recoil
|move|p2a: Grimmsnarl|Spirit Break|p1a: Archaludon
|-damage|p1a: Archaludon|77/100
|-unboost|p1a: Archaludon|spa|1
|-ability|p1a: Archaludon|Stamina|boost
|-boost|p1a: Archaludon|def|1
|
|-heal|p1a: Archaludon|83/100|[from] item: Leftovers
|upkeep
|turn|3
|inactive|Eidrius has 30 seconds left.
|inactive|Eidrius has 20 seconds left.
|
|t:|1785176219
|switch|p1b: Pelipper|Pelipper, L50, M, shiny|100/100
|-weather|RainDance|[from] ability: Drizzle|[of] p1b: Pelipper
|move|p2b: Swampert|Protect|p2b: Swampert
|-singleturn|p2b: Swampert|Protect
|move|p2a: Grimmsnarl|Light Screen|p2a: Grimmsnarl
|-sidestart|p2: Eidrius|move: Light Screen
|move|p1a: Archaludon|Electro Shot||[still]
|-prepare|p1a: Archaludon|Electro Shot
|-boost|p1a: Archaludon|spa|1
|-anim|p1a: Archaludon|Electro Shot|p2a: Grimmsnarl
|-damage|p2a: Grimmsnarl|25/100
|
|-weather|RainDance|[upkeep]
|-heal|p1a: Archaludon|89/100|[from] item: Leftovers
|upkeep
|turn|4
|inactive|Eidrius has 30 seconds left.
|
|t:|1785176254
|switch|p2b: Archaludon|Archaludon, L50, F|100/100
|move|p1b: Pelipper|Wide Guard|p1b: Pelipper
|-singleturn|p1b: Pelipper|Wide Guard
|move|p2a: Grimmsnarl|Parting Shot|p1a: Archaludon
|-unboost|p1a: Archaludon|atk|1
|-unboost|p1a: Archaludon|spa|1
|
|t:|1785176263
|switch|p2a: Swampert|Swampert-Mega, L50, F|95/100|[from] Parting Shot
|move|p1a: Archaludon|Electro Shot||[still]
|-prepare|p1a: Archaludon|Electro Shot
|-boost|p1a: Archaludon|spa|1
|-anim|p1a: Archaludon|Electro Shot|p2a: Swampert
|-immune|p2a: Swampert
|
|-weather|RainDance|[upkeep]
|-heal|p1a: Archaludon|95/100|[from] item: Leftovers
|upkeep
|turn|5
|inactive|Drakengor has 30 seconds left.
|inactive|Eidrius has 30 seconds left.
|inactive|Drakengor has 20 seconds left.
|
|t:|1785176299
|switch|p1b: Swampert|Swampert-Mega, L50, M, shiny|81/100
|move|p2a: Swampert|Ice Punch|p1b: Swampert
|-damage|p1b: Swampert|63/100
|move|p1a: Archaludon|Dragon Pulse|p2a: Swampert
|-damage|p2a: Swampert|73/100
|move|p2b: Archaludon|Electro Shot||[still]
|-prepare|p2b: Archaludon|Electro Shot
|-boost|p2b: Archaludon|spa|1
|-anim|p2b: Archaludon|Electro Shot|p1a: Archaludon
|-resisted|p1a: Archaludon|1
|-damage|p1a: Archaludon|67/100
|-ability|p1a: Archaludon|Stamina|boost
|-boost|p1a: Archaludon|def|1
|
|-weather|RainDance|[upkeep]
|-heal|p1a: Archaludon|73/100|[from] item: Leftovers
|upkeep
|turn|6
|inactive|Eidrius has 30 seconds left.
|
|t:|1785176330
|switch|p1b: Grimmsnarl|Grimmsnarl, L50, M, shiny|100/100
|move|p1a: Archaludon|Protect|p1a: Archaludon
|-singleturn|p1a: Archaludon|Protect
|move|p2a: Swampert|Wave Crash|p1b: Grimmsnarl
|-damage|p1b: Grimmsnarl|20/100y
|-damage|p2a: Swampert|44/100|[from] Recoil
|move|p2b: Archaludon|Dragon Pulse|p1a: Archaludon
|-activate|p1a: Archaludon|move: Protect
|
|-weather|RainDance|[upkeep]
|-heal|p1a: Archaludon|79/100|[from] item: Leftovers
|upkeep
|turn|7
|inactive|Eidrius has 30 seconds left.
|
|t:|1785176360
|move|p1b: Grimmsnarl|Light Screen|p1b: Grimmsnarl
|-sidestart|p1: Drakengor|move: Light Screen
|move|p2a: Swampert|Wave Crash|p1b: Grimmsnarl
|-damage|p1b: Grimmsnarl|0 fnt
|faint|p1b: Grimmsnarl
|-damage|p2a: Swampert|37/100|[from] Recoil
|move|p1a: Archaludon|Electro Shot||[still]
|-prepare|p1a: Archaludon|Electro Shot
|-boost|p1a: Archaludon|spa|1
|-anim|p1a: Archaludon|Electro Shot|p2b: Archaludon
|-resisted|p2b: Archaludon|1
|-damage|p2b: Archaludon|80/100
|-ability|p2b: Archaludon|Stamina|boost
|-boost|p2b: Archaludon|def|1
|move|p2b: Archaludon|Electro Shot||[still]
|-prepare|p2b: Archaludon|Electro Shot
|-boost|p2b: Archaludon|spa|1
|-anim|p2b: Archaludon|Electro Shot|p1a: Archaludon
|-resisted|p1a: Archaludon|1
|-damage|p1a: Archaludon|53/100
|-ability|p1a: Archaludon|Stamina|boost
|-boost|p1a: Archaludon|def|1
|
|-weather|none
|-heal|p1a: Archaludon|59/100|[from] item: Leftovers
|-heal|p2b: Archaludon|86/100|[from] item: Leftovers
|upkeep
|
|t:|1785176381
|switch|p1b: Swampert|Swampert-Mega, L50, M, shiny|63/100
|turn|8
|inactive|Drakengor has 30 seconds left.
|inactive|Eidrius has 30 seconds left.
|
|t:|1785176411
|switch|p2a: Grimmsnarl|Grimmsnarl, L50, M|25/100
|move|p1b: Swampert|Wave Crash|p2a: Grimmsnarl
|-damage|p2a: Grimmsnarl|0 fnt
|faint|p2a: Grimmsnarl
|-damage|p1b: Swampert|54/100|[from] Recoil
|move|p1a: Archaludon|Dragon Pulse|p2b: Archaludon
|-damage|p2b: Archaludon|52/100
|-ability|p2b: Archaludon|Stamina|boost
|-boost|p2b: Archaludon|def|1
|move|p2b: Archaludon|Dragon Pulse|p1b: Swampert
|-damage|p1b: Swampert|4/100
|
|-heal|p2b: Archaludon|58/100|[from] item: Leftovers
|-heal|p1a: Archaludon|65/100|[from] item: Leftovers
|-sideend|p2: Eidrius|Reflect
|-sideend|p1: Drakengor|Reflect
|upkeep
|
|t:|1785176432
|switch|p2a: Swampert|Swampert-Mega, L50, F|37/100
|turn|9
|
|t:|1785176453
|move|p1b: Swampert|Protect|p1b: Swampert
|-singleturn|p1b: Swampert|Protect
|move|p2a: Swampert|Ice Punch|p1b: Swampert
|-activate|p1b: Swampert|move: Protect
|move|p1a: Archaludon|Electro Shot||[still]
|-prepare|p1a: Archaludon|Electro Shot
|-boost|p1a: Archaludon|spa|1
|move|p2b: Archaludon|Dragon Pulse|p1a: Archaludon
|-damage|p1a: Archaludon|17/100
|-ability|p1a: Archaludon|Stamina|boost
|-boost|p1a: Archaludon|def|1
|
|-heal|p1a: Archaludon|23/100|[from] item: Leftovers
|-heal|p2b: Archaludon|64/100|[from] item: Leftovers
|upkeep
|turn|10
|inactive|Drakengor has 30 seconds left.
|inactive|Drakengor has 20 seconds left.
|inactive|Drakengor has 15 seconds left.
|inactive|Drakengor has 10 seconds left.
|
|t:|1785176501
|move|p1b: Swampert|Wave Crash|p2a: Swampert
|-damage|p2a: Swampert|0 fnt
|faint|p2a: Swampert
|-damage|p1b: Swampert|0 fnt|[from] Recoil
|faint|p1b: Swampert
|move|p1a: Archaludon|Electro Shot|p2b: Archaludon|[from] lockedmove
|-resisted|p2b: Archaludon|1
|-damage|p2b: Archaludon|41/100
|-ability|p2b: Archaludon|Stamina|boost
|-boost|p2b: Archaludon|def|1
|move|p2b: Archaludon|Dragon Pulse|p1a: Archaludon
|-damage|p1a: Archaludon|0 fnt
|faint|p1a: Archaludon
|
|-heal|p2b: Archaludon|47/100|[from] item: Leftovers
|-sideend|p2: Eidrius|move: Light Screen
|upkeep
|
|t:|1785176515
|switch|p2a: Pelipper|Pelipper, L50, F|100/100
|switch|p1a: Pelipper|Pelipper, L50, M, shiny|100/100
|-weather|RainDance|[from] ability: Drizzle|[of] p1a: Pelipper
|turn|11
|c|☆Drakengor|vaya cagada, odio el SD porque ni me fijo en lo de la lluvia, joer XD gg
|
|t:|1785176536
|move|p2b: Archaludon|Electro Shot||[still]
|-prepare|p2b: Archaludon|Electro Shot
|-boost|p2b: Archaludon|spa|1
|-anim|p2b: Archaludon|Electro Shot|p1a: Pelipper
|-supereffective|p1a: Pelipper|2
|-damage|p1a: Pelipper|0 fnt
|faint|p1a: Pelipper
|
|win|Eidrius
|c|☆Eidrius|ggs tio
|l|☆Drakengor
|player|p1|
|l| MrSidi
