|j|☆Karlye
|j|☆Mirthinion
|html|KarlyeMirthinion    
|uhtml|bestof|Game 2 of a best-of-3
|t:|1757705197
|gametype|doubles
|player|p1|Karlye|blue|1162
|player|p2|Mirthinion|veteran|1214
|gen|9
|tier|[Gen 9] VGC 2025 Reg H (Bo3)
|rated|
|rule|Species Clause: Limit one of each Pokémon
|rule|Item Clause: Limit 1 of each item
|clearpoke
|poke|p1|Excadrill, L50, M|
|poke|p1|Tyranitar, L50, M|
|poke|p1|Sneasler, L50, M|
|poke|p1|Indeedee, L50, M|
|poke|p1|Corviknight, L50, M|
|poke|p1|Annihilape, L50, F|
|poke|p2|Incineroar, L50, M|
|poke|p2|Ursaluna, L50, M|
|poke|p2|Gholdengo, L50|
|poke|p2|Murkrow, L50, F|
|poke|p2|Annihilape, L50, M|
|poke|p2|Sinistcha, L50|
|teampreview|4
|showteam|p1|Excadrill||FocusSash|SandRush|IronHead,HighHorsepower,Earthquake,Protect|||M|||50|,,,,,Stellar]Tyranitar||AssaultVest|SandStream|RockSlide,KnockOff,TeraBlast,LowKick|||M|||50|,,,,,Flying]Sneasler||PsychicSeed|Unburden|DireClaw,CloseCombat,ThroatChop,Protect|||M|||50|,,,,,Dark]Indeedee||ChoiceScarf|PsychicSurge|ExpandingForce,TeraBlast,Protect,Trick|||M|||50|,,,,,Psychic]Corviknight||Leftovers|MirrorArmor|BraveBird,BulkUp,Roost,Tailwind|||M|||50|,,,,,Dragon]Annihilape||SafetyGoggles|Defiant|CloseCombat,FinalGambit,RageFist,Taunt|||F|||50|,,,,,Water
|showteam|p2|Incineroar||SafetyGoggles|Intimidate|FakeOut,PartingShot,KnockOff,FlareBlitz|||M|||50|,,,,,Bug]Ursaluna||FlameOrb|Guts|Protect,Facade,HeadlongRush,Earthquake|||M|||50|,,,,,Ghost]Gholdengo||LifeOrb|GoodasGold|Protect,NastyPlot,ShadowBall,MakeItRain||||||50|,,,,,Water]Murkrow||Eviolite|Prankster|Tailwind,RainDance,FoulPlay,Haze|||F|||50|,,,,,Ghost]Annihilape||Leftovers|Defiant|Protect,BulkUp,RageFist,DrainPunch|||M|||50|,,,,,Fire]Sinistcha||SitrusBerry|Hospitality|TrickRoom,MatchaGotcha,RagePowder,LifeDew||||||50|,,,,,Dark
|inactive|Battle timer is ON: inactive players will automatically lose when time's up. (requested by Mirthinion)
|
|t:|1757705214
|teamsize|p1|4
|teamsize|p2|4
|start
|switch|p1a: Sneasler|Sneasler, L50, M, shiny|100/100
|switch|p1b: Indeedee|Indeedee, L50, M, shiny|100/100
|switch|p2a: Murkrow|Murkrow, L50, F|100/100
|switch|p2b: Sinistcha|Sinistcha, L50|100/100
|-fieldstart|move: Psychic Terrain|[from] ability: Psychic Surge|[of] p1b: Indeedee
|-enditem|p1a: Sneasler|Psychic Seed
|-boost|p1a: Sneasler|spd|1|[from] item: Psychic Seed
|turn|1
|inactive|Karlye has 30 seconds left.
|inactive|Karlye has 20 seconds left.
|
|t:|1757705252
|switch|p1b: Corviknight|Corviknight, L50, M|100/100
|move|p1a: Sneasler|Dire Claw|p2b: Sinistcha
|-damage|p2b: Sinistcha|67/100
|-status|p2b: Sinistcha|psn
|move|p2a: Murkrow|Foul Play|p1a: Sneasler
|-resisted|p1a: Sneasler
|-damage|p1a: Sneasler|59/100
|move|p2b: Sinistcha|Trick Room|p2b: Sinistcha
|-fieldstart|move: Trick Room|[of] p2b: Sinistcha
|
|-damage|p2b: Sinistcha|54/100 psn|[from] psn
|upkeep
|turn|2
|inactive|Karlye has 30 seconds left.
|
|t:|1757705287
|move|p1a: Sneasler|Protect|p1a: Sneasler
|-singleturn|p1a: Sneasler|Protect
|move|p2b: Sinistcha|Matcha Gotcha|p1a: Sneasler|[spread] p1b
|-activate|p1a: Sneasler|move: Protect
|-resisted|p1b: Corviknight
|-damage|p1b: Corviknight|95/100
|-heal|p2b: Sinistcha|58/100 psn|[from] drain|[of] p1b: Corviknight
|move|p1b: Corviknight|Bulk Up|p1b: Corviknight
|-boost|p1b: Corviknight|atk|1
|-boost|p1b: Corviknight|def|1
|move|p2a: Murkrow|Foul Play|p1a: Sneasler
|-activate|p1a: Sneasler|move: Protect
|
|-heal|p1b: Corviknight|100/100|[from] item: Leftovers
|-damage|p2b: Sinistcha|45/100 psn|[from] psn
|upkeep
|-enditem|p2b: Sinistcha|Sitrus Berry|[eat]
|-heal|p2b: Sinistcha|70/100 psn|[from] item: Sitrus Berry
|turn|3
|inactive|Karlye has 30 seconds left.
|inactive|Karlye has 20 seconds left.
|inactive|Karlye has 15 seconds left.
|
|t:|1757705327
|switch|p1a: Tyranitar|Tyranitar, L50, M, shiny|100/100
|-weather|Sandstorm|[from] ability: Sand Stream|[of] p1a: Tyranitar
|move|p2a: Murkrow|Haze|p2a: Murkrow
|-clearallboost
|move|p2b: Sinistcha|Matcha Gotcha|p1b: Corviknight|[spread] p1a,p1b
|-supereffective|p1a: Tyranitar
|-resisted|p1b: Corviknight
|-damage|p1a: Tyranitar|81/100
|-heal|p2b: Sinistcha|80/100 psn|[from] drain|[of] p1a: Tyranitar
|-damage|p1b: Corviknight|95/100
|-heal|p2b: Sinistcha|84/100 psn|[from] drain|[of] p1b: Corviknight
|-status|p1a: Tyranitar|brn
|move|p1b: Corviknight|Brave Bird|p2b: Sinistcha
|-supereffective|p2b: Sinistcha
|-damage|p2b: Sinistcha|13/100 psn
|-damage|p1b: Corviknight|75/100|[from] Recoil
|
|-weather|Sandstorm|[upkeep]
|-damage|p2b: Sinistcha|7/100 psn|[from] Sandstorm
|-damage|p2a: Murkrow|95/100|[from] Sandstorm
|-heal|p1b: Corviknight|80/100|[from] item: Leftovers
|-damage|p2b: Sinistcha|0 fnt|[from] psn
|faint|p2b: Sinistcha
|-damage|p1a: Tyranitar|75/100 brn|[from] brn
|upkeep
|inactive|Mirthinion has 30 seconds left.
|
|t:|1757705355
|switch|p2b: Ursaluna|Ursaluna, L50, M|100/100
|turn|4
|inactive|Karlye has 30 seconds left.
|inactive|Karlye has 20 seconds left.
|
|t:|1757705391
|-terastallize|p1a: Tyranitar|Flying
|move|p2b: Ursaluna|Facade|p1a: Tyranitar
|-crit|p1a: Tyranitar
|-damage|p1a: Tyranitar|19/100 brn
|move|p1b: Corviknight|Brave Bird|p2b: Ursaluna
|-damage|p2b: Ursaluna|73/100
|-damage|p1b: Corviknight|70/100|[from] Recoil
|move|p1a: Tyranitar|Rock Slide|p2a: Murkrow|[spread] p2a,p2b
|-supereffective|p2a: Murkrow
|-resisted|p2b: Ursaluna
|-damage|p2a: Murkrow|65/100
|-damage|p2b: Ursaluna|68/100
|move|p2a: Murkrow|Foul Play|p1b: Corviknight
|-damage|p1b: Corviknight|45/100
|
|-weather|Sandstorm|[upkeep]
|-damage|p1a: Tyranitar|13/100 brn|[from] Sandstorm
|-damage|p2a: Murkrow|59/100|[from] Sandstorm
|-heal|p1b: Corviknight|51/100|[from] item: Leftovers
|-damage|p1a: Tyranitar|7/100 brn|[from] brn
|-status|p2b: Ursaluna|brn|[from] item: Flame Orb
|upkeep
|turn|5
|inactive|Karlye has 30 seconds left.
|inactive|Mirthinion has 30 seconds left.
|inactive|Karlye has 20 seconds left.
|
|t:|1757705427
|move|p2b: Ursaluna|Facade|p1b: Corviknight
|-resisted|p1b: Corviknight
|-damage|p1b: Corviknight|7/100
|move|p1b: Corviknight|Roost|p1b: Corviknight
|-heal|p1b: Corviknight|57/100
|-singleturn|p1b: Corviknight|move: Roost
|move|p1a: Tyranitar|Rock Slide|p2b: Ursaluna|[spread] p2a,p2b
|-supereffective|p2a: Murkrow
|-resisted|p2b: Ursaluna
|-damage|p2a: Murkrow|30/100
|-damage|p2b: Ursaluna|63/100 brn
|move|p2a: Murkrow|Foul Play|p1a: Tyranitar
|-damage|p1a: Tyranitar|0 fnt
|faint|p1a: Tyranitar
|
|-weather|Sandstorm|[upkeep]
|-damage|p2a: Murkrow|24/100|[from] Sandstorm
|-heal|p1b: Corviknight|63/100|[from] item: Leftovers
|-damage|p2b: Ursaluna|57/100 brn|[from] brn
|-fieldend|move: Trick Room
|-fieldend|move: Psychic Terrain
|upkeep
|inactive|Karlye has 30 seconds left.
|inactive|Karlye has 20 seconds left.
|inactive|Karlye has 15 seconds left.
|inactive|Karlye has 10 seconds left.
|inactive|Karlye has 5 seconds left.
|
|t:|1757705477
|switch|p1a: Sneasler|Sneasler, L50, M, shiny|59/100
|turn|6
|
|t:|1757705502
|-terastallize|p2b: Ursaluna|Ghost
|move|p2a: Murkrow|Tailwind|p2a: Murkrow
|-sidestart|p2: Mirthinion|move: Tailwind
|move|p1a: Sneasler|Close Combat|p2b: Ursaluna
|-immune|p2b: Ursaluna
|move|p2b: Ursaluna|Earthquake|p1b: Corviknight|[spread] p1a
|-immune|p2a: Murkrow
|-immune|p1b: Corviknight
|-supereffective|p1a: Sneasler
|-damage|p1a: Sneasler|0 fnt
|faint|p1a: Sneasler
|move|p1b: Corviknight|Brave Bird|p2a: Murkrow
|-damage|p2a: Murkrow|0 fnt
|faint|p2a: Murkrow
|-damage|p1b: Corviknight|56/100|[from] Recoil
|
|-weather|Sandstorm|[upkeep]
|-damage|p2b: Ursaluna|51/100 brn|[from] Sandstorm
|-heal|p1b: Corviknight|62/100|[from] item: Leftovers
|-damage|p2b: Ursaluna|45/100 brn|[from] brn
|upkeep
|
|t:|1757705520
|switch|p1a: Indeedee|Indeedee, L50, M, shiny|100/100
|switch|p2a: Annihilape|Annihilape, L50, M|100/100
|-fieldstart|move: Psychic Terrain|[from] ability: Psychic Surge|[of] p1a: Indeedee
|turn|7
|
|t:|1757705544
|move|p2a: Annihilape|Protect|p2a: Annihilape
|-singleturn|p2a: Annihilape|Protect
|move|p1a: Indeedee|Expanding Force|p2b: Ursaluna|[spread] p2b
|-activate|p2a: Annihilape|move: Protect
|-damage|p2b: Ursaluna|0 fnt
|faint|p2b: Ursaluna
|move|p1b: Corviknight|Brave Bird|p2a: Annihilape
|-activate|p2a: Annihilape|move: Protect
|
|-weather|none
|-heal|p1b: Corviknight|68/100|[from] item: Leftovers
|upkeep
|turn|8
|
|t:|1757705555
|move|p2a: Annihilape|Drain Punch|p1a: Indeedee
|-damage|p1a: Indeedee|39/100
|move|p1a: Indeedee|Expanding Force|p2a: Annihilape
|-supereffective|p2a: Annihilape
|-damage|p2a: Annihilape|0 fnt
|faint|p2a: Annihilape
|
|win|Karlye
||Mirthinion is ready for game 3.
||Karlye is ready for game 3.
|uhtml|next|Next: Game 3 of 3
|l|☆Mirthinion
|player|p2|
