|j|☆Gentlefish
|j|‽ThisLaprasIsNotOP
|html|GentlefishThisLaprasIsNotOP    
|uhtml|bestof|Game 2 of a best-of-3
|t:|1756695019
|gametype|doubles
|player|p1|Gentlefish|burglar-gen1rb|1091
|player|p2|ThisLaprasIsNotOP|cynthia|1000
|gen|9
|tier|[Gen 9] VGC 2025 Reg H (Bo3)
|rated|
|rule|Species Clause: Limit one of each Pokémon
|rule|Item Clause: Limit 1 of each item
|clearpoke
|poke|p1|Garchomp, L50, F|
|poke|p1|Weezing-Galar, L50, M|
|poke|p1|Archaludon, L50, M|
|poke|p1|Gholdengo, L50|
|poke|p1|Talonflame, L50, F|
|poke|p1|Annihilape, L50, M|
|poke|p2|Amoonguss, L50, F|
|poke|p2|Lapras, L50, M|
|poke|p2|Incineroar, L50, F|
|poke|p2|Palafin, L50, M|
|poke|p2|Gholdengo, L50|
|poke|p2|Ursaluna-Bloodmoon, L50, M|
|teampreview|4
|showteam|p1|Garchomp||LifeOrb|RoughSkin|DragonClaw,Earthquake,StompingTantrum,Protect|||F|||50|,,,,,Ground]Weezing-Galar||FocusSash|NeutralizingGas|Protect,SludgeBomb,Taunt,StrangeSteam|||M|||50|,,,,,Flying]Archaludon||PowerHerb|Sturdy|ElectroShot,Thunderbolt,DracoMeteor,Protect|||M|||50|,,,,,Electric]Gholdengo||ChoiceSpecs|GoodasGold|ShadowBall,DazzlingGleam,PowerGem,MakeItRain||||||50|,,,,,Fairy]Talonflame||CovertCloak|GaleWings|Tailwind,DualWingbeat,Taunt,FlareBlitz|||F|||50|,,,,,Stellar]Annihilape||AssaultVest|Defiant|CloseCombat,RageFist,FinalGambit,IcePunch|||M|||50|,,,,,Grass
|showteam|p2|Amoonguss||RockyHelmet|Regenerator|Spore,RagePowder,PollenPuff,Protect|||F|||50|,,,,,Water]Lapras||Leftovers|WaterAbsorb|SheerCold,HornDrill,PerishSong,Protect|||M|||50|,,,,,Fire]Incineroar||SafetyGoggles|Intimidate|FakeOut,KnockOff,PartingShot,FlareBlitz|||F|||50|,,,,,Ghost]Palafin||MysticWater|ZerotoHero|FlipTurn,Surf,CloseCombat,JetPunch|||M|||50|,,,,,Water]Gholdengo||LifeOrb|GoodasGold|MakeItRain,ShadowBall,Protect,NastyPlot||||||50|,,,,,Flying]Ursaluna-Bloodmoon||AssaultVest|MindsEye|EarthPower,BloodMoon,HyperVoice,Protect|||M|||50|,,,,,Normal
|inactive|Battle timer is ON: inactive players will automatically lose when time's up. (requested by ThisLaprasIsNotOP)
|inactive|Gentlefish has 60 seconds left.
|inactive|ThisLaprasIsNotOP has 60 seconds left.
|inactive|ThisLaprasIsNotOP has 30 seconds left.
|
|t:|1756695088
|teamsize|p1|4
|teamsize|p2|4
|start
|switch|p1a: Weezing|Weezing-Galar, L50, M|100/100
|switch|p1b: Garchomp|Garchomp, L50, F|100/100
|switch|p2a: Lapras|Lapras, L50, M|100/100
|switch|p2b: Amoonguss|Amoonguss, L50, F|100/100
|-ability|p1a: Weezing|Neutralizing Gas
|turn|1
|
|t:|1756695110
|move|p2b: Amoonguss|Rage Powder|p2b: Amoonguss
|-singleturn|p2b: Amoonguss|move: Rage Powder
|move|p1b: Garchomp|Dragon Claw|p2b: Amoonguss
|-damage|p2b: Amoonguss|53/100
|-damage|p1b: Garchomp|84/100|[from] item: Rocky Helmet|[of] p2b: Amoonguss
|-damage|p1b: Garchomp|74/100|[from] item: Life Orb
|move|p1a: Weezing|Taunt|p2b: Amoonguss
|-start|p2b: Amoonguss|move: Taunt
|move|p2a: Lapras|Sheer Cold|p1b: Garchomp|[miss]
|-miss|p2a: Lapras|p1b: Garchomp
|
|upkeep
|turn|2
|inactive|ThisLaprasIsNotOP has 30 seconds left.
|
|t:|1756695144
|move|p1a: Weezing|Protect|p1a: Weezing
|-singleturn|p1a: Weezing|Protect
|move|p1b: Garchomp|Earthquake|p2a: Lapras|[spread] p2a,p2b
|-activate|p1a: Weezing|move: Protect
|-damage|p2a: Lapras|54/100
|-damage|p2b: Amoonguss|10/100
|-damage|p1b: Garchomp|65/100|[from] item: Life Orb
|move|p2a: Lapras|Sheer Cold|p1b: Garchomp|[miss]
|-miss|p2a: Lapras|p1b: Garchomp
|move|p2b: Amoonguss|Pollen Puff|p2a: Lapras
|-heal|p2a: Lapras|100/100
|
|upkeep
|turn|3
|
|t:|1756695161
|switch|p2b: Palafin|Palafin, L50, M|100/100
|-terastallize|p1a: Weezing|Flying
|move|p2a: Lapras|Protect|p2a: Lapras
|-singleturn|p2a: Lapras|Protect
|move|p1b: Garchomp|Earthquake|p2a: Lapras|[spread] p2b
|-activate|p2a: Lapras|move: Protect
|-immune|p1a: Weezing
|-damage|p2b: Palafin|42/100
|-damage|p1b: Garchomp|55/100|[from] item: Life Orb
|move|p1a: Weezing|Sludge Bomb|p2a: Lapras
|-activate|p2a: Lapras|move: Protect
|
|upkeep
|turn|4
|inactive|ThisLaprasIsNotOP has 30 seconds left.
|inactive|ThisLaprasIsNotOP has 20 seconds left.
|inactive|ThisLaprasIsNotOP has 15 seconds left.
|
|t:|1756695202
|move|p1b: Garchomp|Earthquake|p2b: Palafin|[spread] p2a,p2b
|-immune|p1a: Weezing
|-damage|p2a: Lapras|60/100
|-damage|p2b: Palafin|0 fnt
|faint|p2b: Palafin
|-damage|p1b: Garchomp|45/100|[from] item: Life Orb
|move|p1a: Weezing|Sludge Bomb|p2a: Lapras
|-damage|p2a: Lapras|36/100
|move|p2a: Lapras|Sheer Cold|p1b: Garchomp
|-damage|p1b: Garchomp|0 fnt
|faint|p1b: Garchomp
|-ohko
|
|-heal|p2a: Lapras|41/100|[from] item: Leftovers
|upkeep
|
|t:|1756695217
|switch|p1b: Gholdengo|Gholdengo, L50|100/100
|switch|p2b: Amoonguss|Amoonguss, L50, F|10/100
|turn|5
|inactive|ThisLaprasIsNotOP has 30 seconds left.
|inactive|ThisLaprasIsNotOP has 20 seconds left.
|inactive|ThisLaprasIsNotOP has 15 seconds left.
|inactive|ThisLaprasIsNotOP has 10 seconds left.
|inactive|ThisLaprasIsNotOP has 5 seconds left.
|
|t:|1756695272
|move|p1b: Gholdengo|Dazzling Gleam|p2b: Amoonguss|[spread] p2a,p2b
|-resisted|p2b: Amoonguss
|-damage|p2a: Lapras|23/100
|-damage|p2b: Amoonguss|0 fnt
|faint|p2b: Amoonguss
|move|p1a: Weezing|Sludge Bomb|p2a: Lapras
|-damage|p2a: Lapras|0 fnt
|faint|p2a: Lapras
|
|upkeep
|
|t:|1756695276
|switch|p2b: Ursaluna|Ursaluna-Bloodmoon, L50, M|100/100
|turn|6
|
|t:|1756695282
|move|p1b: Gholdengo|Dazzling Gleam|p2b: Ursaluna
|-damage|p2b: Ursaluna|59/100
|move|p1a: Weezing|Sludge Bomb|p2b: Ursaluna
|-resisted|p2b: Ursaluna
|-damage|p2b: Ursaluna|41/100
|move|p2b: Ursaluna|Earth Power|p1b: Gholdengo
|-supereffective|p1b: Gholdengo
|-damage|p1b: Gholdengo|0 fnt
|faint|p1b: Gholdengo
|
|upkeep
|
|t:|1756695288
|switch|p1b: Archaludon|Archaludon, L50, M|100/100
|turn|7
|
|t:|1756695293
|-terastallize|p2b: Ursaluna|Normal
|move|p1b: Archaludon|Draco Meteor|p2b: Ursaluna
|-damage|p2b: Ursaluna|0 fnt
|-unboost|p1b: Archaludon|spa|2
|faint|p2b: Ursaluna
|
|win|Gentlefish
|raw|Gentlefish's rating: 1091 → 1111(+20 for winning)
|raw|ThisLaprasIsNotOP's rating: 1000 → 1000(+0 for losing)
|l|‽ThisLaprasIsNotOP
|player|p2|
