|j|☆Fuqii
|j|☆Can I pet the dog?
|html|FuqiiCan I pet the dog?    
|uhtml|bestof|Game 2 of a best-of-3
|t:|1783165538
|gametype|doubles
|player|p1|Fuqii|266|1273
|player|p2|Can I pet the dog?|yancy|1357
|gen|9
|tier|[Gen 9 Champions] VGC 2026 Reg M-B (Bo3)
|rated|
|rule|Species Clause: Limit one of each Pokémon
|rule|Item Clause: Limit 1 of each item
|clearpoke
|poke|p1|Blastoise, L50, M|
|poke|p1|Delphox, L50, M|
|poke|p1|Grimmsnarl, L50, M|
|poke|p1|Sinistcha, L50|
|poke|p1|Kingambit, L50, M|
|poke|p1|Sneasler, L50, M|
|poke|p2|Sinistcha, L50|
|poke|p2|Incineroar, L50, M|
|poke|p2|Milotic, L50, M|
|poke|p2|Raichu, L50, F|
|poke|p2|Floette-Eternal, L50, F|
|poke|p2|Ceruledge, L50, M|
|teampreview|4
|showteam|p1|Blastoise||Blastoisinite|RainDish|WaterSpout,DarkPulse,ShellSmash,Protect|Modest||M|||50|]Delphox||Delphoxite|Blaze|HeatWave,Psychic,NastyPlot,Protect|Timid||M|||50|]Grimmsnarl||RoseliBerry|Prankster|PartingShot,SpiritBreak,LightScreen,FakeOut|Careful||M|||50|]Sinistcha||SitrusBerry|Hospitality|MatchaGotcha,RagePowder,TrickRoom,Protect|Relaxed|||||50|]Kingambit||BlackGlasses|Defiant|KowtowCleave,SuckerPunch,SwordsDance,Protect|Adamant||M|||50|]Sneasler||FocusSash|PoisonTouch|DireClaw,CloseCombat,FakeOut,QuickGuard|Jolly||M|||50|
|showteam|p2|Sinistcha||KasibBerry|Hospitality|MatchaGotcha,LifeDew,RagePowder,Protect|Relaxed|||||50|]Incineroar||SitrusBerry|Intimidate|FlareBlitz,ThroatChop,FakeOut,PartingShot|Impish||M|||50|]Milotic||Leftovers|Competitive|MuddyWater,Coil,Hypnosis,Protect|Calm||M|||50|]Raichu||RaichuniteY|LightningRod|ZapCannon,FocusBlast,FakeOut,Protect|Timid||F|||50|]Floette-Eternal||Floettite|FlowerVeil|DazzlingGleam,DrainingKiss,CalmMind,Protect|Timid||F|||50|]Ceruledge||ColburBerry|FlashFire|BitterBlade,ShadowSneak,BulkUp,Protect|Adamant||M|||50|
|inactive|Battle timer is ON: inactive players will automatically lose when time's up. (requested by Can I pet the dog?)
|inactive|Can I pet the dog? has 60 seconds left.
|inactive|Can I pet the dog? has 30 seconds left.
|
|t:|1783165605
|teamsize|p1|4
|teamsize|p2|4
|start
|switch|p1a: Blastoise|Blastoise, L50, M|100/100
|switch|p1b: Sneasler|Sneasler, L50, M|100/100
|switch|p2a: Raichu|Raichu, L50, F|100/100
|switch|p2b: Ceruledge|Ceruledge, L50, M|100/100
|turn|1
|inactive|Fuqii has 30 seconds left.
|inactive|Fuqii has 20 seconds left.
|inactive|Fuqii has 15 seconds left.
|inactive|Fuqii has 10 seconds left.
|
|t:|1783165653
|switch|p1b: Sinistcha|Sinistcha, L50|100/100
|detailschange|p2a: Raichu|Raichu-Mega-Y, L50, F
|-mega|p2a: Raichu|Raichu|Raichunite Y
|detailschange|p1a: Blastoise|Blastoise-Mega, L50, M
|-mega|p1a: Blastoise|Blastoise|Blastoisinite
|move|p1a: Blastoise|Protect|p1a: Blastoise
|-singleturn|p1a: Blastoise|Protect
|move|p2a: Raichu|Fake Out|p1a: Blastoise
|-activate|p1a: Blastoise|move: Protect
|move|p2b: Ceruledge|Bulk Up|p2b: Ceruledge
|-boost|p2b: Ceruledge|atk|1
|-boost|p2b: Ceruledge|def|1
|
|upkeep
|turn|2
|inactive|Fuqii has 30 seconds left.
|inactive|Fuqii has 20 seconds left.
|
|t:|1783165692
|move|p1b: Sinistcha|Rage Powder|p1b: Sinistcha
|-singleturn|p1b: Sinistcha|move: Rage Powder
|move|p2a: Raichu|Zap Cannon|p1b: Sinistcha
|-resisted|p1b: Sinistcha|1
|-damage|p1b: Sinistcha|72/100
|-status|p1b: Sinistcha|par
|move|p1a: Blastoise|Shell Smash|p1a: Blastoise
|-unboost|p1a: Blastoise|def|1
|-unboost|p1a: Blastoise|spd|1
|-boost|p1a: Blastoise|atk|2
|-boost|p1a: Blastoise|spa|2
|-boost|p1a: Blastoise|spe|2
|move|p2b: Ceruledge|Bitter Blade|p1b: Sinistcha
|-supereffective|p1b: Sinistcha|1
|-damage|p1b: Sinistcha|0 fnt
|faint|p1b: Sinistcha
|
|upkeep
|
|t:|1783165716
|switch|p1b: Sneasler|Sneasler, L50, M|100/100
|turn|3
|
|t:|1783165733
|switch|p2a: Incineroar|Incineroar, L50, M|100/100
|-ability|p2a: Incineroar|Intimidate|boost
|-unboost|p1a: Blastoise|atk|1
|-unboost|p1b: Sneasler|atk|1
|move|p2b: Ceruledge|Protect|p2b: Ceruledge
|-singleturn|p2b: Ceruledge|Protect
|move|p1b: Sneasler|Quick Guard|p1b: Sneasler
|-singleturn|p1b: Sneasler|Quick Guard
|move|p1a: Blastoise|Water Spout|p2a: Incineroar|[spread] p2a
|-activate|p2b: Ceruledge|move: Protect
|-supereffective|p2a: Incineroar|1
|-damage|p2a: Incineroar|0 fnt
|faint|p2a: Incineroar
|
|upkeep
|
|t:|1783165743
|switch|p2a: Sinistcha|Sinistcha, L50|100/100
|turn|4
|inactive|Fuqii has 30 seconds left.
|inactive|Fuqii has 20 seconds left.
|inactive|Fuqii has 15 seconds left.
|
|t:|1783165785
|move|p1a: Blastoise|Protect|p1a: Blastoise
|-singleturn|p1a: Blastoise|Protect
|move|p1b: Sneasler|Dire Claw|p2a: Sinistcha
|-damage|p2a: Sinistcha|78/100
|-status|p2a: Sinistcha|par
|move|p2b: Ceruledge|Bitter Blade|p1a: Blastoise
|-activate|p1a: Blastoise|move: Protect
|cant|p2a: Sinistcha|par
|
|upkeep
|turn|5
|inactive|Fuqii has 30 seconds left.
|inactive|Can I pet the dog? has 30 seconds left.
|
|t:|1783165811
|move|p1b: Sneasler|Quick Guard|p1b: Sneasler
|-singleturn|p1b: Sneasler|Quick Guard
|move|p1a: Blastoise|Water Spout|p2a: Sinistcha|[spread] p2a,p2b
|-resisted|p2a: Sinistcha|1
|-supereffective|p2b: Ceruledge|1
|-damage|p2a: Sinistcha|12/100 par
|-damage|p2b: Ceruledge|0 fnt
|faint|p2b: Ceruledge
|move|p2a: Sinistcha|Matcha Gotcha|p1b: Sneasler|[spread] p1a,p1b
|-supereffective|p1a: Blastoise|1
|-resisted|p1b: Sneasler|1
|-damage|p1a: Blastoise|30/100
|-heal|p2a: Sinistcha|44/100 par|[from] drain|[of] p1a: Blastoise
|-damage|p1b: Sneasler|82/100
|-heal|p2a: Sinistcha|52/100 par|[from] drain|[of] p1b: Sneasler
|-status|p1a: Blastoise|brn
|
|-damage|p1a: Blastoise|23/100 brn|[from] brn
|upkeep
|
|t:|1783165824
|switch|p2b: Raichu|Raichu-Mega-Y, L50, F|100/100
|turn|6
|inactive|Fuqii has 30 seconds left.
|
|t:|1783165859
|switch|p1b: Kingambit|Kingambit, L50, M|100/100
|move|p1a: Blastoise|Protect|p1a: Blastoise
|-singleturn|p1a: Blastoise|Protect
|move|p2a: Sinistcha|Protect|p2a: Sinistcha
|-singleturn|p2a: Sinistcha|Protect
|move|p2b: Raichu|Zap Cannon|p1b: Kingambit
|-damage|p1b: Kingambit|41/100
|-status|p1b: Kingambit|par
|
|-damage|p1a: Blastoise|17/100 brn|[from] brn
|upkeep
|turn|7
|inactive|Fuqii has 30 seconds left.
|inactive|Can I pet the dog? has 30 seconds left.
|inactive|Fuqii has 20 seconds left.
|inactive|Can I pet the dog? has 20 seconds left.
|inactive|Fuqii has 15 seconds left.
|inactive|Can I pet the dog? has 15 seconds left.
|
|t:|1783165901
|move|p2a: Sinistcha|Protect||[still]
|-fail|p2a: Sinistcha
|move|p1a: Blastoise|Dark Pulse|p2b: Raichu
|-damage|p2b: Raichu|0 fnt
|faint|p2b: Raichu
|move|p1b: Kingambit|Kowtow Cleave|p2a: Sinistcha
|-supereffective|p2a: Sinistcha|1
|-damage|p2a: Sinistcha|0 fnt
|faint|p2a: Sinistcha
|
|win|Fuqii
||Can I pet the dog? is ready for game 3.
|inactive|Fuqii has 30 seconds to confirm battle start!
||Fuqii is ready for game 3.
|uhtml|next|Next: Game 3 of 3
|l|☆Can I pet the dog?
|player|p2|
|j|☆Can I pet the dog?
|player|p2|Can I pet the dog?|yancy|
|l|☆Fuqii
|player|p1|
