|j|☆uvuvuvwewe
|j|☆thegrinchofficial
|html|uvuvuvwewethegrinchofficial    
|uhtml|bestof|Game 1 of a best-of-3
|t:|1783695178
|gametype|doubles
|player|p1|uvuvuvwewe|unknown|1048
|player|p2|thegrinchofficial|baker|1074
|gen|9
|tier|[Gen 9 Champions] VGC 2026 Reg M-B (Bo3)
|rated|
|rule|Species Clause: Limit one of each Pokémon
|rule|Item Clause: Limit 1 of each item
|clearpoke
|poke|p1|Charizard, L50, M|
|poke|p1|Raichu, L50, M|
|poke|p1|Basculegion, L50, M|
|poke|p1|Garchomp, L50, F|
|poke|p1|Whimsicott, L50, F|
|poke|p1|Incineroar, L50, M|
|poke|p2|Liepard, L50, F|
|poke|p2|Chandelure, L50, M|
|poke|p2|Skarmory, L50, F|
|poke|p2|Rotom-Mow, L50|
|poke|p2|Gardevoir, L50, M|
|poke|p2|Krookodile, L50, M|
|teampreview|4
|showteam|p1|Charizard||CharizarditeY|Blaze|HeatWave,WeatherBall,Protect,SolarBeam|Modest||M|||50|]Raichu||RaichuniteY|LightningRod|ZapCannon,FocusBlast,GrassKnot,Protect|Modest||M|||50|]Basculegion||MysticWater|Adaptability|WaveCrash,AquaJet,LastRespects,Protect|Jolly||M|||50|]Garchomp||LifeOrb|RoughSkin|Earthquake,RockSlide,Protect,PoisonJab|Adamant||F|||50|]Whimsicott||FocusSash|Prankster|Tailwind,Encore,Moonblast,Hurricane|Modest||F|||50|]Incineroar||Leftovers|Intimidate|FakeOut,PartingShot,FlareBlitz,DarkestLariat|Adamant||M|||50|
|showteam|p2|Liepard||FocusSash|Prankster|FakeOut,Encore,SunnyDay,FoulPlay|Jolly||F|||50|]Chandelure||Chandelurite|FlashFire|Protect,HeatWave,ShadowBall,SolarBeam|Modest||M|||50|]Skarmory||Leftovers|Sturdy|Tailwind,IronDefense,BodyPress,IronHead|Impish||F|||50|]Rotom-Mow||ChoiceScarf|Levitate|Discharge,LeafStorm,Electroweb,LightScreen|Modest|||||50|]Gardevoir||SitrusBerry|Telepathy|TrickRoom,Imprison,Psychic,Moonblast|Calm||M|||50|]Krookodile||LifeOrb|Intimidate|Earthquake,RockSlide,KnockOff,Protect|Jolly||M|||50|
|
|t:|1783695207
|teamsize|p1|4
|teamsize|p2|4
|start
|switch|p1a: Raichu|Raichu, L50, M|100/100
|switch|p1b: Whimsicott|Whimsicott, L50, F|100/100
|switch|p2a: Skarmory|Skarmory, L50, F|100/100
|switch|p2b: Krookodile|Krookodile, L50, M|100/100
|-ability|p2b: Krookodile|Intimidate|boost
|-unboost|p1a: Raichu|atk|1
|-unboost|p1b: Whimsicott|atk|1
|turn|1
|
|t:|1783695233
|detailschange|p1a: Raichu|Raichu-Mega-Y, L50, M
|-mega|p1a: Raichu|Raichu|Raichunite Y
|move|p1b: Whimsicott|Tailwind|p1b: Whimsicott
|-sidestart|p1: uvuvuvwewe|move: Tailwind
|move|p1a: Raichu|Focus Blast|p2b: Krookodile
|-supereffective|p2b: Krookodile|1
|-damage|p2b: Krookodile|0 fnt
|faint|p2b: Krookodile
|move|p2a: Skarmory|Tailwind|p2a: Skarmory
|-sidestart|p2: thegrinchofficial|move: Tailwind
|
|upkeep
|
|t:|1783695242
|switch|p2b: Chandelure|Chandelure, L50, M|100/100
|turn|2
|
|t:|1783695255
|detailschange|p2b: Chandelure|Chandelure-Mega, L50, M
|-mega|p2b: Chandelure|Chandelure|Chandelurite
|move|p1b: Whimsicott|Encore|p2a: Skarmory
|-start|p2a: Skarmory|Encore
|move|p1a: Raichu|Zap Cannon|p2b: Chandelure
|-damage|p2b: Chandelure|20/100y
|-status|p2b: Chandelure|par
|move|p2a: Skarmory|Tailwind||[still]
|-fail|p2a: Skarmory
|move|p2b: Chandelure|Heat Wave|p1a: Raichu|[spread] p1a,p1b
|-supereffective|p1b: Whimsicott|1
|-damage|p1a: Raichu|31/100
|-enditem|p1b: Whimsicott|Focus Sash
|-damage|p1b: Whimsicott|1/100
|
|upkeep
|turn|3
|
|t:|1783695274
|switch|p2a: Gardevoir|Gardevoir, L50, M|100/100
|move|p2b: Chandelure|Protect|p2b: Chandelure
|-singleturn|p2b: Chandelure|Protect
|move|p1a: Raichu|Zap Cannon|p2b: Chandelure
|-activate|p2b: Chandelure|move: Protect
|move|p1b: Whimsicott|Hurricane|p2a: Gardevoir
|-damage|p2a: Gardevoir|75/100
|-start|p2a: Gardevoir|confusion
|
|upkeep
|turn|4
|inactive|Battle timer is ON: inactive players will automatically lose when time's up. (requested by uvuvuvwewe)
|
|t:|1783695312
|switch|p2b: Skarmory|Skarmory, L50, F|100/100
|move|p1a: Raichu|Zap Cannon|p2b: Skarmory
|-supereffective|p2b: Skarmory|1
|-ability|p2b: Skarmory|Sturdy
|-damage|p2b: Skarmory|1/100
|-status|p2b: Skarmory|par
|move|p1b: Whimsicott|Hurricane|p2a: Gardevoir|[miss]
|-miss|p1b: Whimsicott|p2a: Gardevoir
|-activate|p2a: Gardevoir|confusion
|move|p2a: Gardevoir|Trick Room|p2a: Gardevoir
|-fieldstart|move: Trick Room|[of] p2a: Gardevoir
|
|-heal|p2b: Skarmory|6/100 par|[from] item: Leftovers
|-sideend|p2: thegrinchofficial|move: Tailwind
|-sideend|p1: uvuvuvwewe|move: Tailwind
|upkeep
|turn|5
|
|t:|1783695334
|switch|p1a: Incineroar|Incineroar, L50, M|100/100
|-ability|p1a: Incineroar|Intimidate|boost
|-unboost|p2a: Gardevoir|atk|1
|-unboost|p2b: Skarmory|atk|1
|move|p1b: Whimsicott|Encore|p2a: Gardevoir
|-start|p2a: Gardevoir|Encore
|move|p2b: Skarmory|Iron Head|p1b: Whimsicott
|-supereffective|p1b: Whimsicott|1
|-damage|p1b: Whimsicott|0 fnt
|faint|p1b: Whimsicott
|-activate|p2a: Gardevoir|confusion
|-damage|p2a: Gardevoir|69/100|[from] confusion
|
|-heal|p2b: Skarmory|12/100 par|[from] item: Leftovers
|upkeep
|
|t:|1783695346
|switch|p1b: Raichu|Raichu-Mega-Y, L50, M|31/100
|turn|6
|
|t:|1783695357
|switch|p2a: Chandelure|Chandelure-Mega, L50, M|20/100y par
|move|p1b: Raichu|Protect|p1b: Raichu
|-singleturn|p1b: Raichu|Protect
|move|p2b: Skarmory|Body Press|p1a: Incineroar
|-supereffective|p1a: Incineroar|1
|-damage|p1a: Incineroar|41/100
|move|p1a: Incineroar|Darkest Lariat|p2b: Skarmory
|-damage|p2b: Skarmory|0 fnt
|faint|p2b: Skarmory
|
|-heal|p1a: Incineroar|47/100|[from] item: Leftovers
|upkeep
|
|t:|1783695375
|switch|p2b: Gardevoir|Gardevoir, L50, M|69/100
|turn|7
|
|t:|1783695383
|move|p2a: Chandelure|Heat Wave|p1a: Incineroar|[spread] p1a,p1b
|-resisted|p1a: Incineroar|1
|-damage|p1a: Incineroar|27/100
|-damage|p1b: Raichu|0 fnt
|faint|p1b: Raichu
|move|p2b: Gardevoir|Moonblast|p1a: Incineroar
|-crit|p1a: Incineroar
|-damage|p1a: Incineroar|0 fnt
|faint|p1a: Incineroar
|
|upkeep
|
|t:|1783695404
|switch|p1b: Garchomp|Garchomp, L50, F|100/100
|turn|8
|
|t:|1783695410
|move|p1b: Garchomp|Protect|p1b: Garchomp
|-singleturn|p1b: Garchomp|Protect
|move|p2a: Chandelure|Shadow Ball|p1b: Garchomp
|-activate|p1b: Garchomp|move: Protect
|move|p2b: Gardevoir|Moonblast|p1b: Garchomp
|-activate|p1b: Garchomp|move: Protect
|
|-fieldend|move: Trick Room
|upkeep
|turn|9
|
|t:|1783695427
|move|p2a: Chandelure|Protect|p2a: Chandelure
|-singleturn|p2a: Chandelure|Protect
|move|p1b: Garchomp|Poison Jab|p2b: Gardevoir
|-supereffective|p2b: Gardevoir|1
|-damage|p2b: Gardevoir|0 fnt
|faint|p2b: Gardevoir
|-damage|p1b: Garchomp|90/100|[from] item: Life Orb
|
|upkeep
|turn|10
|
|t:|1783695436
|move|p1b: Garchomp|Earthquake|p2a: Chandelure
|-supereffective|p2a: Chandelure|1
|-damage|p2a: Chandelure|0 fnt
|faint|p2a: Chandelure
|-damage|p1b: Garchomp|80/100|[from] item: Life Orb
|
|win|uvuvuvwewe
||thegrinchofficial is ready for game 2.
||uvuvuvwewe is ready for game 2.
|uhtml|next|Next: Game 2 of 3
|l|☆uvuvuvwewe
|player|p1|
