|j|☆gostzin
|j|☆chefbenboyrd
|html|gostzinchefbenboyrd    
|uhtml|bestof|Game 2 of a best-of-3
|t:|1757021940
|gametype|doubles
|player|p1|gostzin|1|1138
|player|p2|chefbenboyrd|brawly|1131
|gen|9
|tier|[Gen 9] VGC 2025 Reg H (Bo3)
|rated|
|rule|Species Clause: Limit one of each Pokémon
|rule|Item Clause: Limit 1 of each item
|clearpoke
|poke|p1|Incineroar, L50, F|
|poke|p1|Volcarona, L50, F|
|poke|p1|Amoonguss, L50, F|
|poke|p1|Ninetales-Alola, L50, F|
|poke|p1|Ursaluna-Bloodmoon, L50, M|
|poke|p1|Dondozo, L50, F|
|poke|p2|Whimsicott, L50, M|
|poke|p2|Hydreigon, L50, F|
|poke|p2|Incineroar, L50, M|
|poke|p2|Gholdengo, L50|
|poke|p2|Annihilape, L50, F|
|poke|p2|Basculegion, L50, M|
|teampreview|4
|showteam|p1|Incineroar||SafetyGoggles|Intimidate|WillOWisp,FakeOut,Taunt,KnockOff|||F|||50|,,,,,Ghost]Volcarona||CovertCloak|FlameBody|QuiverDance,FieryDance,GigaDrain,Protect|||F|||50|,,,,,Fairy]Amoonguss||RockyHelmet|Regenerator|Spore,ClearSmog,PollenPuff,RagePowder|||F|||50|,,,,,Water]Ninetales-Alola||FocusSash|SnowWarning|Blizzard,Encore,IcyWind,AuroraVeil|||F|||50|,,,,,Ghost]Ursaluna-Bloodmoon||AssaultVest|MindsEye|BloodMoon,EarthPower,HyperVoice,VacuumWave|||M|||50|,,,,,Ghost]Dondozo||Leftovers|Unaware|Yawn,Protect,Liquidation,Curse|||F|||50|,,,,,Fire
|showteam|p2|Whimsicott||FocusSash|Prankster|SunnyDay,Encore,Tailwind,Moonblast|||M|||50|,,,,,Ghost]Hydreigon||ChoiceSpecs|Levitate|HeatWave,DracoMeteor,Snarl,DarkPulse|||F|||50|,,,,,Fire]Incineroar||SafetyGoggles|Intimidate|KnockOff,FakeOut,PartingShot,FlareBlitz|||M|||50|,,,,,Ghost]Gholdengo||LifeOrb|GoodasGold|Protect,MakeItRain,ShadowBall,NastyPlot||||||50|,,,,,Water]Annihilape||SitrusBerry|Defiant|Protect,Taunt,RageFist,DrainPunch|||F|||50|,,,,,Fire]Basculegion||ChoiceScarf|Adaptability|LastRespects,WaveCrash,AquaJet,FlipTurn|||M|||50|,,,,,Water
|inactive|Battle timer is ON: inactive players will automatically lose when time's up. (requested by gostzin)
|
|t:|1757021966
|teamsize|p1|4
|teamsize|p2|4
|start
|switch|p1a: Ursaluna|Ursaluna-Bloodmoon, L50, M|100/100
|switch|p1b: Ninetales|Ninetales-Alola, L50, F, shiny|100/100
|switch|p2a: Annihilape|Annihilape, L50, F|100/100
|switch|p2b: Incineroar|Incineroar, L50, M|100/100
|-weather|Snowscape|[from] ability: Snow Warning|[of] p1b: Ninetales
|-ability|p2b: Incineroar|Intimidate|boost
|-unboost|p1a: Ursaluna|atk|1
|-unboost|p1b: Ninetales|atk|1
|turn|1
|inactive|chefbenboyrd has 30 seconds left.
|
|t:|1757021997
|switch|p2a: Hydreigon|Hydreigon, L50, F|100/100
|move|p1b: Ninetales|Aurora Veil|p1b: Ninetales
|-sidestart|p1: gostzin|move: Aurora Veil
|move|p2b: Incineroar|Knock Off|p1b: Ninetales
|-resisted|p1b: Ninetales
|-damage|p1b: Ninetales|88/100
|-enditem|p1b: Ninetales|Focus Sash|[from] move: Knock Off|[of] p2b: Incineroar
|move|p1a: Ursaluna|Blood Moon|p2a: Hydreigon
|-damage|p2a: Hydreigon|0 fnt
|faint|p2a: Hydreigon
|
|-weather|Snowscape|[upkeep]
|upkeep
|
|t:|1757022014
|switch|p2a: Annihilape|Annihilape, L50, F|100/100
|turn|2
|
|t:|1757022030
|-terastallize|p2a: Annihilape|Fire
|move|p1b: Ninetales|Blizzard|p2a: Annihilape|[spread] p2a,p2b
|-resisted|p2a: Annihilape
|-resisted|p2b: Incineroar
|-damage|p2a: Annihilape|89/100
|-damage|p2b: Incineroar|88/100
|-status|p2b: Incineroar|frz
|move|p2a: Annihilape|Drain Punch|p1b: Ninetales
|-damage|p1b: Ninetales|72/100
|-heal|p2a: Annihilape|94/100|[from] drain|[of] p1b: Ninetales
|cant|p2b: Incineroar|frz
|move|p1a: Ursaluna|Earth Power|p2b: Incineroar
|-supereffective|p2b: Incineroar
|-damage|p2b: Incineroar|0 fnt
|faint|p2b: Incineroar
|
|-weather|Snowscape|[upkeep]
|upkeep
|
|t:|1757022046
|switch|p2b: Basculegion|Basculegion, L50, M|100/100
|turn|3
|
|t:|1757022069
|move|p2b: Basculegion|Last Respects|p1b: Ninetales
|-damage|p1b: Ninetales|17/100
|move|p1b: Ninetales|Blizzard|p2a: Annihilape|[spread] p2a,p2b
|-resisted|p2a: Annihilape
|-resisted|p2b: Basculegion
|-damage|p2a: Annihilape|82/100
|-damage|p2b: Basculegion|86/100
|move|p2a: Annihilape|Drain Punch|p1a: Ursaluna
|-supereffective|p1a: Ursaluna
|-damage|p1a: Ursaluna|71/100
|-heal|p2a: Annihilape|96/100|[from] drain|[of] p1a: Ursaluna
|move|p1a: Ursaluna|Earth Power|p2a: Annihilape
|-supereffective|p2a: Annihilape
|-damage|p2a: Annihilape|1/100
|-enditem|p2a: Annihilape|Sitrus Berry|[eat]
|-heal|p2a: Annihilape|26/100|[from] item: Sitrus Berry
|
|-weather|Snowscape|[upkeep]
|upkeep
|turn|4
|inactive|gostzin has 30 seconds left.
|
|t:|1757022096
|move|p2a: Annihilape|Protect|p2a: Annihilape
|-singleturn|p2a: Annihilape|Protect
|move|p2b: Basculegion|Last Respects|p1b: Ninetales
|-damage|p1b: Ninetales|0 fnt
|faint|p1b: Ninetales
|move|p1a: Ursaluna|Blood Moon|p2b: Basculegion
|-damage|p2b: Basculegion|0 fnt
|faint|p2b: Basculegion
|
|-weather|Snowscape|[upkeep]
|upkeep
|
|t:|1757022107
|switch|p1b: Volcarona|Volcarona, L50, F, shiny|100/100
|turn|5
|
|t:|1757022115
|move|p1b: Volcarona|Fiery Dance|p2a: Annihilape
|-resisted|p2a: Annihilape
|-damage|p2a: Annihilape|10/100
|move|p2a: Annihilape|Rage Fist|p1b: Volcarona
|-damage|p1b: Volcarona|20/100
|move|p1a: Ursaluna|Earth Power|p2a: Annihilape
|-supereffective|p2a: Annihilape
|-damage|p2a: Annihilape|0 fnt
|faint|p2a: Annihilape
|
|win|gostzin
