|j|☆huhvin
|j|☆NiL312
|html|huhvinNiL312    
|uhtml|bestof|Game 1 of a best-of-3
|t:|1784938241
|gametype|doubles
|player|p1|huhvin|169|
|player|p2|NiL312|102|
|gen|9
|tier|[Gen 9 Champions] VGC 2026 Reg M-B (Bo3)
|rule|Species Clause: Limit one of each Pokémon
|rule|Item Clause: Limit 1 of each item
|clearpoke
|poke|p1|Incineroar, L50, M, shiny|
|poke|p1|Sylveon, L50, F, shiny|
|poke|p1|Torkoal, L50, F|
|poke|p1|Typhlosion-Hisui, L50, F, shiny|
|poke|p1|Charizard, L50, F, shiny|
|poke|p1|Hatterene, L50, F, shiny|
|poke|p2|Farigiraf, L50, F|
|poke|p2|Garchomp, L50, F|
|poke|p2|Blastoise, L50, M|
|poke|p2|Talonflame, L50, F|
|poke|p2|Armarouge, L50, F|
|poke|p2|Mawile, L50, M|
|teampreview|4
|showteam|p1|Incineroar||SitrusBerry|Intimidate|PartingShot,FakeOut,DarkestLariat,Protect|Sassy||M|||50|]Sylveon||FairyFeather|Pixilate|HelpingHand,HyperVoice,HyperBeam,Protect|Modest||F|||50|]Torkoal||HeatRock|Drought|WeatherBall,Yawn,SolarBeam,Protect|Quiet||F|||50|]Typhlosion-Hisui||ChoiceScarf|Blaze|Protect,Eruption,SolarBeam,ShadowBall|Timid||F|||50|]Charizard||CharizarditeX|Blaze|Earthquake,Protect,FlareBlitz,DragonClaw|Adamant||F|||50|]Hatterene||Leftovers|MagicBounce|TrickRoom,DazzlingGleam,LifeDew,AfterYou|Quiet||F|||50|
|showteam|p2|Farigiraf||SitrusBerry|ArmorTail|HyperVoice,HelpingHand,ShadowBall,RainDance|Modest||F|||50|]Garchomp||LifeOrb|RoughSkin|Earthquake,RockSlide,DragonClaw,Protect|Jolly||F|||50|]Blastoise||Blastoisinite|RainDish|WaterSpout,DarkPulse,AuraSphere,FakeOut|Modest||M|||50|]Talonflame||FocusSash|GaleWings|Tailwind,DualWingbeat,Protect,RainDance|Jolly||F|||50|]Armarouge||KasibBerry|FlashFire|ArmorCannon,ShadowBall,WideGuard,Protect|Modest||F|||50|]Mawile||Mawilite|Intimidate|SuckerPunch,RockSlide,IronHead,Protect|Adamant||M|||50|
|j| Backwards_Aerial
|
|t:|1784938339
|teamsize|p1|4
|teamsize|p2|4
|start
|switch|p1a: Torkoal|Torkoal, L50, F|100/100
|switch|p1b: Typhlosion|Typhlosion-Hisui, L50, F, shiny|100/100
|switch|p2a: savetheturtles|Blastoise, L50, M|100/100
|switch|p2b: bird game 4|Talonflame, L50, F|100/100
|-weather|SunnyDay|[from] ability: Drought|[of] p1a: Torkoal
|turn|1
|
|t:|1784938387
|detailschange|p2a: savetheturtles|Blastoise-Mega, L50, M
|-mega|p2a: savetheturtles|Blastoise|Blastoisinite
|move|p2a: savetheturtles|Fake Out|p1a: Torkoal
|-damage|p1a: Torkoal|93/100
|move|p1b: Typhlosion|Solar Beam||[still]
|-prepare|p1b: Typhlosion|Solar Beam
|-anim|p1b: Typhlosion|Solar Beam|p2a: savetheturtles
|-supereffective|p2a: savetheturtles|1
|-damage|p2a: savetheturtles|30/100
|move|p2b: bird game 4|Rain Dance|p2b: bird game 4
|-weather|RainDance
|cant|p1a: Torkoal|flinch
|
|-weather|RainDance|[upkeep]
|upkeep
|turn|2
|
|t:|1784938436
|switch|p1b: Incineroar|Incineroar, L50, M, shiny|100/100
|-ability|p1b: Incineroar|Intimidate|boost
|-unboost|p2a: savetheturtles|atk|1
|-unboost|p2b: bird game 4|atk|1
|move|p2b: bird game 4|Tailwind|p2b: bird game 4
|-sidestart|p2: NiL312|move: Tailwind
|move|p2a: savetheturtles|Dark Pulse|p1b: Incineroar
|-resisted|p1b: Incineroar|1
|-crit|p1b: Incineroar
|-damage|p1b: Incineroar|76/100
|move|p1a: Torkoal|Weather Ball|p2b: bird game 4
|-supereffective|p2b: bird game 4|1
|-enditem|p2b: bird game 4|Focus Sash
|-damage|p2b: bird game 4|1/100
|
|-weather|RainDance|[upkeep]
|upkeep
|turn|3
|
|t:|1784938465
|switch|p2b: do geese see god|Farigiraf, L50, F|100/100
|move|p1a: Torkoal|Protect|p1a: Torkoal
|-singleturn|p1a: Torkoal|Protect
|move|p1b: Incineroar|Fake Out||[still]
|cant|p2b: do geese see god|ability: Armor Tail|Fake Out|[of] p1b: Incineroar
|move|p2a: savetheturtles|Aura Sphere|p1b: Incineroar
|-supereffective|p1b: Incineroar|1
|-damage|p1b: Incineroar|10/100
|-enditem|p1b: Incineroar|Sitrus Berry|[eat]
|-heal|p1b: Incineroar|35/100|[from] item: Sitrus Berry
|
|-weather|RainDance|[upkeep]
|upkeep
|turn|4
|
|t:|1784938553
|move|p2b: do geese see god|Helping Hand|p2a: savetheturtles
|-singleturn|p2a: savetheturtles|Helping Hand|[of] p2b: do geese see god
|move|p1a: Torkoal|Protect|p1a: Torkoal
|-singleturn|p1a: Torkoal|Protect
|move|p2a: savetheturtles|Water Spout|p1b: Incineroar|[spread] p1b
|-activate|p1a: Torkoal|move: Protect
|-supereffective|p1b: Incineroar|1
|-damage|p1b: Incineroar|0 fnt
|faint|p1b: Incineroar
|
|-weather|RainDance|[upkeep]
|upkeep
|
|t:|1784938563
|switch|p1b: Typhlosion|Typhlosion-Hisui, L50, F, shiny|100/100
|turn|5
|
|t:|1784938602
|switch|p1a: Hatterene|Hatterene, L50, F, shiny|100/100
|move|p2b: do geese see god|Helping Hand|p2a: savetheturtles
|-singleturn|p2a: savetheturtles|Helping Hand|[of] p2b: do geese see god
|move|p1b: Typhlosion|Shadow Ball|p2a: savetheturtles
|-damage|p2a: savetheturtles|0 fnt
|faint|p2a: savetheturtles
|
|-weather|none
|-sideend|p2: NiL312|move: Tailwind
|upkeep
|c| Backwards_Aerial|Rillaboom: Yo yall fw grassy terrain
|inactive|Battle timer is ON: inactive players will automatically lose when time's up. (requested by huhvin)
|inactiveoff|Battle timer is now OFF.
|
|t:|1784938674
|switch|p2a: top lane|Garchomp, L50, F|100/100
|turn|6
|
|t:|1784938755
|switch|p2b: bird game 4|Talonflame, L50, F|1/100
|move|p1b: Typhlosion|Shadow Ball|p2a: top lane
|-damage|p2a: top lane|57/100
|move|p2a: top lane|Earthquake|p1b: Typhlosion|[spread] p1a,p1b
|-immune|p2b: bird game 4
|-supereffective|p1b: Typhlosion|1
|-damage|p1a: Hatterene|42/100
|-damage|p1b: Typhlosion|0 fnt
|faint|p1b: Typhlosion
|-damage|p2a: top lane|47/100|[from] item: Life Orb
|move|p1a: Hatterene|Dazzling Gleam|p2a: top lane|[spread] p2a,p2b
|-supereffective|p2a: top lane|1
|-resisted|p2b: bird game 4|1
|-damage|p2a: top lane|0 fnt
|-damage|p2b: bird game 4|0 fnt
|faint|p2a: top lane
|faint|p2b: bird game 4
|
|-heal|p1a: Hatterene|48/100|[from] item: Leftovers
|upkeep
|
|t:|1784938776
|switch|p2a: do geese see god|Farigiraf, L50, F|100/100
|switch|p1b: Torkoal|Torkoal, L50, F|93/100
|-weather|SunnyDay|[from] ability: Drought|[of] p1b: Torkoal
|turn|7
|
|t:|1784938808
|move|p2a: do geese see god|Shadow Ball|p1a: Hatterene
|-supereffective|p1a: Hatterene|1
|-damage|p1a: Hatterene|0 fnt
|faint|p1a: Hatterene
|move|p1b: Torkoal|Weather Ball|p2a: do geese see god
|-damage|p2a: do geese see god|27/100
|-enditem|p2a: do geese see god|Sitrus Berry|[eat]
|-heal|p2a: do geese see god|51/100|[from] item: Sitrus Berry
|
|-weather|SunnyDay|[upkeep]
|upkeep
|turn|8
|
|t:|1784938828
|move|p2a: do geese see god|Hyper Voice|p1b: Torkoal
|-damage|p1b: Torkoal|30/100
|move|p1b: Torkoal|Weather Ball|p2a: do geese see god
|-damage|p2a: do geese see god|0 fnt
|faint|p2a: do geese see god
|
|win|huhvin
