|j|ŌśåLeon000
|j|Ōśåultraclaw1
|html|Leon000ultraclaw1    
|uhtml|bestof|Game 1 of a best-of-3
|t:|1784401994
|gametype|doubles
|player|p1|Leon000|serena|
|player|p2|ultraclaw1|brycenman|
|gen|9
|tier|[Gen 9 Champions] VGC 2026 Reg M-B (Bo3)
|rule|Species Clause: Limit one of each Pok├®mon
|rule|Item Clause: Limit 1 of each item
|clearpoke
|poke|p1|Floette-Eternal, L50, F|
|poke|p1|Charizard, L50, M|
|poke|p1|Whimsicott, L50, M|
|poke|p1|Garchomp, L50, M|
|poke|p1|Basculegion, L50, M|
|poke|p1|Kingambit, L50, F|
|poke|p2|Maushold, L50|
|poke|p2|Kingambit, L50, M|
|poke|p2|Garchomp, L50, M|
|poke|p2|Basculegion, L50, M|
|poke|p2|Talonflame, L50, M|
|poke|p2|Floette-Eternal, L50, F|
|teampreview|4
|showteam|p1|Floette-Eternal||Floettite|FlowerVeil|Moonblast,DazzlingGleam,LightofRuin,Protect|Modest||F|||50|]Charizard||CharizarditeY|Blaze|HeatWave,WeatherBall,SolarBeam,Protect|Modest||M|||50|]Whimsicott||FocusSash|Prankster|Moonblast,Encore,Tailwind,Protect|Timid||M|||50|]Garchomp||LifeOrb|RoughSkin|DragonClaw,Earthquake,Protect,RockSlide|Jolly||M|||50|]Basculegion||MysticWater|Adaptability|WaveCrash,LastRespects,AquaJet,Protect|Adamant||M|||50|]Kingambit||BlackGlasses|Defiant|KowtowCleave,IronHead,SuckerPunch,Protect|Adamant||F|||50|
|showteam|p2|Maushold||FocusSash|FriendGuard|SuperFang,Taunt,FollowMe,Protect|Timid|||||50|]Kingambit||ChopleBerry|Defiant|KowtowCleave,SuckerPunch,LowKick,IronHead|Adamant||M|||50|]Garchomp||LifeOrb|RoughSkin|RockSlide,Earthquake,DragonClaw,Protect|Jolly||M|||50|]Basculegion||MysticWater|Adaptability|WaveCrash,LastRespects,AquaJet,Protect|Adamant||M|||50|]Talonflame||SharpBeak|GaleWings|QuickGuard,DualWingbeat,Tailwind,Protect|Jolly||M|||50|]Floette-Eternal||Floettite|FlowerVeil|LightofRuin,Protect,Moonblast,DazzlingGleam|Modest||F|||50|
|inactive|Battle timer is ON: inactive players will automatically lose when time's up. (requested by ultraclaw1)
|c|Ōśåultraclaw1|glhf
|c|ŌśåLeon000|y2
|inactive|Leon000 has 60 seconds left.
|
|t:|1784402052
|teamsize|p1|4
|teamsize|p2|4
|start
|switch|p1a: Floette|Floette-Eternal, L50, F|100/100
|switch|p1b: Whimsicott|Whimsicott, L50, M|100/100
|switch|p2a: Basculegion|Basculegion, L50, M|100/100
|switch|p2b: Talonflame|Talonflame, L50, M|100/100
|turn|1
|c|Ōśåultraclaw1|glhf
|c|Ōśåultraclaw1|oh sorry
|inactive|Leon000 has 30 seconds left.
|
|t:|1784402080
|detailschange|p1a: Floette|Floette-Mega, L50, F
|-mega|p1a: Floette|Floette|Floettite
|-ability|p1a: Floette|Fairy Aura
|move|p2b: Talonflame|Tailwind|p2b: Talonflame
|-sidestart|p2: ultraclaw1|move: Tailwind
|move|p1b: Whimsicott|Tailwind|p1b: Whimsicott
|-sidestart|p1: Leon000|move: Tailwind
|move|p1a: Floette|Dazzling Gleam|p2b: Talonflame|[spread] p2a,p2b
|-resisted|p2b: Talonflame|1
|-crit|p2b: Talonflame
|-damage|p2a: Basculegion|40/100
|-damage|p2b: Talonflame|39/100
|move|p2a: Basculegion|Wave Crash|p1a: Floette
|-crit|p1a: Floette
|-damage|p1a: Floette|0 fnt
|faint|p1a: Floette
|-damage|p2a: Basculegion|13/100|[from] Recoil
|
|upkeep
|c|Ōśåultraclaw1|i forgot i already said it
|
|t:|1784402096
|switch|p1a: Garchomp|Garchomp, L50, M|100/100
|turn|2
|c|ŌśåLeon000|all good
|
|t:|1784402104
|move|p1b: Whimsicott|Encore|p2b: Talonflame
|-start|p2b: Talonflame|Encore
|move|p2b: Talonflame|Tailwind||[still]
|-fail|p2b: Talonflame
|move|p1a: Garchomp|Rock Slide|p2b: Talonflame|[spread] p2a,p2b
|-supereffective|p2b: Talonflame|2
|-damage|p2a: Basculegion|0 fnt
|-damage|p2b: Talonflame|0 fnt
|faint|p2a: Basculegion
|faint|p2b: Talonflame
|-damage|p1a: Garchomp|90/100|[from] item: Life Orb
|
|upkeep
|
|t:|1784402107
|switch|p2b: Garchomp|Garchomp, L50, M|100/100
|switch|p2a: Floette|Floette-Eternal, L50, F|100/100
|turn|3
|
|t:|1784402124
|detailschange|p2a: Floette|Floette-Mega, L50, F
|-mega|p2a: Floette|Floette|Floettite
|-ability|p2a: Floette|Fairy Aura
|move|p1a: Garchomp|Protect|p1a: Garchomp
|-singleturn|p1a: Garchomp|Protect
|move|p1b: Whimsicott|Moonblast|p2b: Garchomp
|-supereffective|p2b: Garchomp|1
|-damage|p2b: Garchomp|0 fnt
|faint|p2b: Garchomp
|move|p2a: Floette|Dazzling Gleam|p1b: Whimsicott|[spread] p1b
|-activate|p1a: Garchomp|move: Protect
|-damage|p1b: Whimsicott|7/100
|
|upkeep
|turn|4
|
|t:|1784402136
|move|p1b: Whimsicott|Protect|p1b: Whimsicott
|-singleturn|p1b: Whimsicott|Protect
|move|p1a: Garchomp|Rock Slide|p2a: Floette
|-crit|p2a: Floette
|-damage|p2a: Floette|36/100
|-damage|p1a: Garchomp|80/100|[from] item: Life Orb
|move|p2a: Floette|Dazzling Gleam|p1a: Garchomp|[spread] p1a
|-activate|p1b: Whimsicott|move: Protect
|-supereffective|p1a: Garchomp|1
|-damage|p1a: Garchomp|0 fnt
|faint|p1a: Garchomp
|
|-sideend|p2: ultraclaw1|move: Tailwind
|-sideend|p1: Leon000|move: Tailwind
|upkeep
|
|t:|1784402141
|switch|p1a: Basculegion|Basculegion, L50, M|100/100
|turn|5
|
|t:|1784402147
|move|p1b: Whimsicott|Tailwind|p1b: Whimsicott
|-sidestart|p1: Leon000|move: Tailwind
|move|p1a: Basculegion|Wave Crash|p2a: Floette
|-damage|p2a: Floette|0 fnt
|faint|p2a: Floette
|-damage|p1a: Basculegion|90/100|[from] Recoil
|
|win|Leon000
||Leon000 is ready for game 2.
||ultraclaw1 is ready for game 2.
|uhtml|next|Next: Game 2 of 3
|l|Ōśåultraclaw1
|player|p2|
|l|ŌśåLeon000
|player|p1|
|j|ŌśåLeon000
|player|p1|Leon000|serena|
