|j|☆nillythekid
|j|☆TrainerPoMa
|html|nillythekidTrainerPoMa    
|uhtml|bestof|Game 2 of a best-of-3
|t:|1783628171
|gametype|doubles
|player|p1|nillythekid|hiker-gen4|1180
|player|p2|TrainerPoMa|unknown|1141
|gen|9
|tier|[Gen 9 Champions] VGC 2026 Reg M-B (Bo3)
|rated|
|rule|Species Clause: Limit one of each Pokémon
|rule|Item Clause: Limit 1 of each item
|clearpoke
|poke|p1|Sinistcha, L50|
|poke|p1|Incineroar, L50, M|
|poke|p1|Milotic, L50, F|
|poke|p1|Raichu, L50, M|
|poke|p1|Floette-Eternal, L50, F|
|poke|p1|Ceruledge, L50, F|
|poke|p2|Araquanid, L50, F, shiny|
|poke|p2|Blastoise, L50, M|
|poke|p2|Garchomp, L50, F|
|poke|p2|Talonflame, L50, F|
|poke|p2|Incineroar, L50, F|
|poke|p2|Sinistcha, L50|
|teampreview|4
|showteam|p1|Sinistcha||KasibBerry|Hospitality|MatchaGotcha,LifeDew,RagePowder,Protect|Relaxed|||||50|]Incineroar||SitrusBerry|Intimidate|FlareBlitz,ThroatChop,FakeOut,PartingShot|Impish||M|||50|]Milotic||Leftovers|Competitive|MuddyWater,Coil,Hypnosis,Protect|Calm||F|||50|]Raichu||RaichuniteY|LightningRod|ZapCannon,FocusBlast,FakeOut,Protect|Timid||M|||50|]Floette-Eternal||Floettite|FlowerVeil|DazzlingGleam,DrainingKiss,CalmMind,Protect|Timid||F|||50|]Ceruledge||ColburBerry|FlashFire|BitterBlade,ShadowSneak,BulkUp,Protect|Adamant||F|||50|
|showteam|p2|Araquanid||SitrusBerry|WaterBubble|Entrainment,Liquidation,LeechLife,WideGuard|Impish||F|||50|]Blastoise||MysticWater|Torrent|WaterSpout,Surf,ShellSmash,Protect|Modest||M|||50|]Garchomp||Garchompite|SandVeil|DragonClaw,RockSlide,Earthquake,Protect|Adamant||F|||50|]Talonflame||SharpBeak|GaleWings|Tailwind,DualWingbeat,FlareBlitz,Protect|Jolly||F|||50|]Incineroar||PasshoBerry|Intimidate|FlareBlitz,ThroatChop,PartingShot,FakeOut|Adamant||F|||50|]Sinistcha||ColburBerry|Hospitality|MatchaGotcha,TrickRoom,RagePowder,Protect|Relaxed|||||50|
|inactive|Battle timer is ON: inactive players will automatically lose when time's up. (requested by TrainerPoMa)
|
|t:|1783628192
|teamsize|p1|4
|teamsize|p2|4
|start
|switch|p1a: Raichu|Raichu, L50, M|100/100
|switch|p1b: Ceruledge|Ceruledge, L50, F|100/100
|switch|p2a: Araquanid|Araquanid, L50, F, shiny|100/100
|switch|p2b: Incineroar|Incineroar, L50, F|100/100
|-ability|p2b: Incineroar|Intimidate|boost
|-unboost|p1a: Raichu|atk|1
|-unboost|p1b: Ceruledge|atk|1
|turn|1
|inactive|nillythekid has 30 seconds left.
|inactive|TrainerPoMa has 30 seconds left.
|
|t:|1783628224
|switch|p1b: Incineroar|Incineroar, L50, M|100/100
|-ability|p1b: Incineroar|Intimidate|boost
|-unboost|p2a: Araquanid|atk|1
|-unboost|p2b: Incineroar|atk|1
|move|p1a: Raichu|Protect|p1a: Raichu
|-singleturn|p1a: Raichu|Protect
|move|p2b: Incineroar|Flare Blitz|p1a: Raichu
|-activate|p1a: Raichu|move: Protect
|move|p2a: Araquanid|Liquidation|p1b: Incineroar
|-supereffective|p1b: Incineroar|1
|-damage|p1b: Incineroar|58/100
|
|upkeep
|turn|2
|inactive|TrainerPoMa has 30 seconds left.
|
|t:|1783628251
|switch|p2a: Sinistcha|Sinistcha, L50|100/100
|detailschange|p1a: Raichu|Raichu-Mega-Y, L50, M
|-mega|p1a: Raichu|Raichu|Raichunite Y
|move|p1b: Incineroar|Fake Out|p2a: Sinistcha
|-immune|p2a: Sinistcha
|move|p1a: Raichu|Focus Blast|p2b: Incineroar
|-supereffective|p2b: Incineroar|1
|-damage|p2b: Incineroar|18/100
|move|p2b: Incineroar|Flare Blitz|p1a: Raichu
|-damage|p1a: Raichu|32/100
|-damage|p2b: Incineroar|1/100|[from] Recoil
|
|upkeep
|turn|3
|inactive|nillythekid has 30 seconds left.
|inactive|TrainerPoMa has 30 seconds left.
|
|t:|1783628279
|switch|p1a: Ceruledge|Ceruledge, L50, F|100/100
|move|p2a: Sinistcha|Rage Powder|p2a: Sinistcha
|-singleturn|p2a: Sinistcha|move: Rage Powder
|move|p1b: Incineroar|Throat Chop|p2a: Sinistcha
|-supereffective|p2a: Sinistcha|1
|-enditem|p2a: Sinistcha|Colbur Berry|[eat]
|-enditem|p2a: Sinistcha|Colbur Berry|[weaken]
|-damage|p2a: Sinistcha|79/100
|-start|p2a: Sinistcha|Throat Chop|[silent]
|move|p2b: Incineroar|Throat Chop|p1a: Ceruledge
|-supereffective|p1a: Ceruledge|1
|-enditem|p1a: Ceruledge|Colbur Berry|[eat]
|-enditem|p1a: Ceruledge|Colbur Berry|[weaken]
|-damage|p1a: Ceruledge|67/100
|-start|p1a: Ceruledge|Throat Chop|[silent]
|
|upkeep
|turn|4
|
|t:|1783628296
|switch|p2a: Araquanid|Araquanid, L50, F, shiny|100/100
|move|p1a: Ceruledge|Bulk Up|p1a: Ceruledge
|-boost|p1a: Ceruledge|atk|1
|-boost|p1a: Ceruledge|def|1
|move|p1b: Incineroar|Parting Shot|p2b: Incineroar
|-unboost|p2b: Incineroar|atk|1
|-unboost|p2b: Incineroar|spa|1
|
|t:|1783628307
|switch|p1b: Raichu|Raichu-Mega-Y, L50, M|32/100|[from] Parting Shot
|move|p2b: Incineroar|Throat Chop|p1a: Ceruledge
|-supereffective|p1a: Ceruledge|1
|-damage|p1a: Ceruledge|37/100
|
|-end|p1a: Ceruledge|Throat Chop|[silent]
|upkeep
|turn|5
|
|t:|1783628323
|switch|p2b: Blastoise|Blastoise, L50, M|100/100
|move|p1a: Ceruledge|Shadow Sneak|p2b: Blastoise
|-crit|p2b: Blastoise
|-damage|p2b: Blastoise|46/100
|move|p1b: Raichu|Zap Cannon|p2a: Araquanid
|-supereffective|p2a: Araquanid|1
|-damage|p2a: Araquanid|2/100
|-status|p2a: Araquanid|par
|-enditem|p2a: Araquanid|Sitrus Berry|[eat]
|-heal|p2a: Araquanid|27/100 par|[from] item: Sitrus Berry
|move|p2a: Araquanid|Entrainment|p2b: Blastoise
|-ability|p2b: Blastoise|Water Bubble|Torrent|[from] move: Entrainment|[of] p2a: Araquanid
|
|upkeep
|turn|6
|
|t:|1783628345
|switch|p2a: Sinistcha|Sinistcha, L50|79/100
|-heal|p2b: Blastoise|71/100|[from] ability: Hospitality|[of] p2a: Sinistcha
|move|p2b: Blastoise|Protect|p2b: Blastoise
|-singleturn|p2b: Blastoise|Protect
|move|p1a: Ceruledge|Shadow Sneak|p2a: Sinistcha
|-supereffective|p2a: Sinistcha|1
|-damage|p2a: Sinistcha|32/100
|move|p1b: Raichu|Zap Cannon|p2b: Blastoise
|-activate|p2b: Blastoise|move: Protect
|
|upkeep
|turn|7
|inactive|TrainerPoMa has 30 seconds left.
|
|t:|1783628377
|move|p2a: Sinistcha|Rage Powder|p2a: Sinistcha
|-singleturn|p2a: Sinistcha|move: Rage Powder
|move|p1a: Ceruledge|Shadow Sneak|p2a: Sinistcha
|-supereffective|p2a: Sinistcha|1
|-damage|p2a: Sinistcha|0 fnt
|faint|p2a: Sinistcha
|move|p1b: Raichu|Zap Cannon|p2b: Blastoise
|-supereffective|p2b: Blastoise|1
|-damage|p2b: Blastoise|0 fnt
|faint|p2b: Blastoise
|
|upkeep
|
|t:|1783628383
|switch|p2b: Araquanid|Araquanid, L50, F, shiny|27/100 par
|switch|p2a: Incineroar|Incineroar, L50, F|1/100
|-ability|p2a: Incineroar|Intimidate|boost
|-unboost|p1a: Ceruledge|atk|1
|-unboost|p1b: Raichu|atk|1
|turn|8
|
|t:|1783628392
|move|p1b: Raichu|Protect|p1b: Raichu
|-singleturn|p1b: Raichu|Protect
|move|p1a: Ceruledge|Protect|p1a: Ceruledge
|-singleturn|p1a: Ceruledge|Protect
|move|p2a: Incineroar|Fake Out|p1b: Raichu
|-activate|p1b: Raichu|move: Protect
|move|p2b: Araquanid|Leech Life|p1b: Raichu
|-activate|p1b: Raichu|move: Protect
|
|upkeep
|turn|9
|
|t:|1783628401
|move|p1a: Ceruledge|Shadow Sneak|p2a: Incineroar
|-resisted|p2a: Incineroar|1
|-crit|p2a: Incineroar
|-damage|p2a: Incineroar|0 fnt
|faint|p2a: Incineroar
|move|p1b: Raichu|Zap Cannon|p2b: Araquanid
|-supereffective|p2b: Araquanid|1
|-damage|p2b: Araquanid|0 fnt
|faint|p2b: Araquanid
|
|win|nillythekid
|raw|nillythekid's rating: 1180 → 1202(+22 for winning)
|raw|TrainerPoMa's rating: 1141 → 1119(-22 for losing)
