|j|☆shrithegreat
|j|☆baarboo
|html|shrithegreatbaarboo    
|uhtml|bestof|Game 1 of a best-of-3
|t:|1783621657
|gametype|doubles
|player|p1|shrithegreat|1|1250
|player|p2|baarboo|102|1350
|gen|9
|tier|[Gen 9 Champions] VGC 2026 Reg M-B (Bo3)
|rated|
|rule|Species Clause: Limit one of each Pokémon
|rule|Item Clause: Limit 1 of each item
|clearpoke
|poke|p1|Pyroar, L50, F|
|poke|p1|Torkoal, L50, M|
|poke|p1|Floette-Eternal, L50, F|
|poke|p1|Vileplume, L50, M|
|poke|p1|Incineroar, L50, F|
|poke|p1|Farigiraf, L50, M|
|poke|p2|Charizard, L50, M|
|poke|p2|Kingambit, L50, F|
|poke|p2|Sylveon, L50, M|
|poke|p2|Farigiraf, L50, F|
|poke|p2|Garchomp, L50, F|
|poke|p2|Aerodactyl, L50, M|
|teampreview|4
|showteam|p1|Pyroar||Pyroarite|Unnerve|Protect,Overheat,HeatWave,SolarBeam|Timid||F|||50|]Torkoal||Charcoal|Drought|Protect,Eruption,WeatherBall,HelpingHand|Quiet||M|||50|]Floette-Eternal||Floettite|FlowerVeil|Protect,Moonblast,CalmMind,DrainingKiss|Modest||F|||50|]Vileplume||FocusSash|Chlorophyll|SleepPowder,AfterYou,SludgeBomb,SolarBeam|Timid||M|||50|]Incineroar||WhiteHerb|Intimidate|FakeOut,FlareBlitz,DarkestLariat,CloseCombat|Adamant||F|||50|]Farigiraf||SitrusBerry|ArmorTail|HelpingHand,Psychic,Thunderbolt,TrickRoom|Relaxed||M|||50|
|showteam|p2|Charizard||CharizarditeY|SolarPower|SolarBeam,WeatherBall,Protect,HeatWave|Modest||M|||50|]Kingambit||FocusSash|Defiant|KowtowCleave,SuckerPunch,LowKick,IronHead|Adamant||F|||50|]Sylveon||FairyFeather|Pixilate|Detect,HyperBeam,HyperVoice,QuickAttack|Modest||M|||50|]Farigiraf||SitrusBerry|ArmorTail|TrickRoom,TwinBeam,GrassKnot,Thunderbolt|Bold||F|||50|]Garchomp||LifeOrb|RoughSkin|Protect,Earthquake,DragonClaw,StompingTantrum|Jolly||F|||50|]Aerodactyl||Aerodactylite|Unnerve|RockSlide,IceFang,Tailwind,DualWingbeat|Jolly||M|||50|
|inactive|Battle timer is ON: inactive players will automatically lose when time's up. (requested by shrithegreat)
|inactive|baarboo has 60 seconds left.
|inactive|shrithegreat has 60 seconds left.
|
|t:|1783621698
|teamsize|p1|4
|teamsize|p2|4
|start
|switch|p1a: Incineroar|Incineroar, L50, F|100/100
|switch|p1b: Farigiraf|Farigiraf, L50, M|100/100
|switch|p2a: Aerodactyl|Aerodactyl, L50, M|100/100
|switch|p2b: Garchomp|Garchomp, L50, F|100/100
|-ability|p2a: Aerodactyl|Unnerve
|-ability|p1a: Incineroar|Intimidate|boost
|-unboost|p2a: Aerodactyl|atk|1
|-unboost|p2b: Garchomp|atk|1
|turn|1
|inactive|shrithegreat has 30 seconds left.
|
|t:|1783621726
|switch|p2b: Sylveon|Sylveon, L50, M|100/100
|detailschange|p2a: Aerodactyl|Aerodactyl-Mega, L50, M
|-mega|p2a: Aerodactyl|Aerodactyl|Aerodactylite
|move|p1a: Incineroar|Fake Out|p2b: Sylveon
|-crit|p2b: Sylveon
|-damage|p2b: Sylveon|75/100
|move|p2a: Aerodactyl|Rock Slide|p1b: Farigiraf|[spread] p1a,p1b
|-supereffective|p1a: Incineroar|1
|-damage|p1a: Incineroar|66/100
|-damage|p1b: Farigiraf|85/100
|move|p1b: Farigiraf|Trick Room|p1b: Farigiraf
|-fieldstart|move: Trick Room|[of] p1b: Farigiraf
|
|upkeep
|turn|2
|
|t:|1783621744
|switch|p2a: Garchomp|Garchomp, L50, F|100/100
|move|p1b: Farigiraf|Thunderbolt|p2a: Garchomp
|-immune|p2a: Garchomp
|move|p1a: Incineroar|Flare Blitz|p2b: Sylveon
|-damage|p2b: Sylveon|7/100
|-damage|p1a: Incineroar|46/100|[from] Recoil
|move|p2b: Sylveon|Hyper Voice|p1a: Incineroar|[spread] p1a,p1b
|-damage|p1a: Incineroar|0 fnt
|-damage|p1b: Farigiraf|37/100
|-enditem|p1b: Farigiraf|Sitrus Berry|[eat]
|-heal|p1b: Farigiraf|62/100|[from] item: Sitrus Berry
|faint|p1a: Incineroar
|
|upkeep
|
|t:|1783621768
|switch|p1a: Floette|Floette-Eternal, L50, F|100/100
|turn|3
|
|t:|1783621785
|detailschange|p1a: Floette|Floette-Mega, L50, F
|-mega|p1a: Floette|Floette|Floettite
|-ability|p1a: Floette|Fairy Aura
|move|p2a: Garchomp|Protect|p2a: Garchomp
|-singleturn|p2a: Garchomp|Protect
|move|p1b: Farigiraf|Thunderbolt|p2b: Sylveon
|-damage|p2b: Sylveon|0 fnt
|faint|p2b: Sylveon
|move|p1a: Floette|Calm Mind|p1a: Floette
|-boost|p1a: Floette|spa|1
|-boost|p1a: Floette|spd|1
|
|upkeep
|
|t:|1783621787
|switch|p2b: Kingambit|Kingambit, L50, F|100/100
|turn|4
|inactive|shrithegreat has 30 seconds left.
|
|t:|1783621815
|move|p1b: Farigiraf|Psychic|p2a: Garchomp
|-damage|p2a: Garchomp|62/100
|move|p2b: Kingambit|Iron Head|p1a: Floette
|-supereffective|p1a: Floette|1
|-damage|p1a: Floette|0 fnt
|faint|p1a: Floette
|move|p2a: Garchomp|Stomping Tantrum|p1b: Farigiraf
|-damage|p1b: Farigiraf|27/100
|-damage|p2a: Garchomp|52/100|[from] item: Life Orb
|
|upkeep
|
|t:|1783621825
|switch|p1a: Torkoal|Torkoal, L50, M|100/100
|-weather|SunnyDay|[from] ability: Drought|[of] p1a: Torkoal
|turn|5
|
|t:|1783621832
|move|p1a: Torkoal|Eruption|p2a: Garchomp|[spread] p2a,p2b
|-resisted|p2a: Garchomp|1
|-supereffective|p2b: Kingambit|1
|-crit|p2b: Kingambit
|-damage|p2a: Garchomp|2/100
|-enditem|p2b: Kingambit|Focus Sash
|-damage|p2b: Kingambit|1/100
|move|p1b: Farigiraf|Psychic|p2a: Garchomp
|-damage|p2a: Garchomp|0 fnt
|faint|p2a: Garchomp
|move|p2b: Kingambit|Kowtow Cleave|p1b: Farigiraf
|-supereffective|p1b: Farigiraf|1
|-damage|p1b: Farigiraf|0 fnt
|faint|p1b: Farigiraf
|
|-weather|SunnyDay|[upkeep]
|-fieldend|move: Trick Room
|upkeep
|
|t:|1783621834
|switch|p2a: Aerodactyl|Aerodactyl-Mega, L50, M|100/100
|turn|6
|
|t:|1783621850
|move|p2a: Aerodactyl|Rock Slide|p1a: Torkoal
|-supereffective|p1a: Torkoal|1
|-damage|p1a: Torkoal|41/100
|move|p2b: Kingambit|Kowtow Cleave|p1a: Torkoal
|-damage|p1a: Torkoal|5/100
|move|p1a: Torkoal|Weather Ball|p2b: Kingambit
|-supereffective|p2b: Kingambit|1
|-damage|p2b: Kingambit|0 fnt
|faint|p2b: Kingambit
|
|-weather|SunnyDay|[upkeep]
|upkeep
|turn|7
|
|t:|1783621862
|move|p2a: Aerodactyl|Ice Fang|p1a: Torkoal
|-resisted|p1a: Torkoal|1
|-damage|p1a: Torkoal|0 fnt
|faint|p1a: Torkoal
|
|win|baarboo
||shrithegreat is ready for game 2.
|l|☆shrithegreat
|player|p1|
|inactive|baarboo has 30 seconds to confirm battle start!
|inactive|baarboo has 20 seconds to confirm battle start!
|inactive|baarboo has 10 seconds to confirm battle start!
||baarboo is ready for game 2.
|uhtml|next|Next: Game 2 of 3
|l|☆baarboo
|player|p2|
|j|☆baarboo
|player|p2|baarboo|102|
