|j|☆redpandavgclol
|j|☆CookieSpark
|html|redpandavgclolCookieSpark    
|uhtml|bestof|Game 3 of a best-of-3
|t:|1757830959
|gametype|doubles
|player|p1|redpandavgclol|pokemonranger-gen4|1071
|player|p2|CookieSpark|swimmer|1055
|gen|9
|tier|[Gen 9] VGC 2025 Reg H (Bo3)
|rated|
|rule|Species Clause: Limit one of each Pokémon
|rule|Item Clause: Limit 1 of each item
|clearpoke
|poke|p1|Grimmsnarl, L50, M|
|poke|p1|Archaludon, L50, M|
|poke|p1|Ursaluna-Bloodmoon, L50, M|
|poke|p1|Whimsicott, L50, M|
|poke|p1|Rillaboom, L50, M|
|poke|p1|Incineroar, L50, M|
|poke|p2|Ursaluna-Bloodmoon, L50, M|
|poke|p2|Gholdengo, L50|
|poke|p2|Grimmsnarl, L50, M|
|poke|p2|Pawmot, L50, M|
|poke|p2|Magmortar, L50, M|
|poke|p2|Ninetales-Alola, L50, M|
|teampreview|4
|showteam|p1|Grimmsnarl||LightClay|Prankster|PartingShot,ThunderWave,LightScreen,Reflect|||M|||50|,,,,,Ghost]Archaludon||AssaultVest|Stamina|ElectroShot,FlashCannon,BodyPress,Snarl|||M|||50|,,,,,Fairy]Ursaluna-Bloodmoon||Leftovers|MindsEye|BloodMoon,EarthPower,CalmMind,Protect|||M|||50|,,,,,Normal]Whimsicott||CovertCloak|Prankster|Tailwind,Encore,GrassyTerrain,Taunt|||M|||50|,,,,,Steel]Rillaboom||LifeOrb|GrassySurge|GrassyGlide,Uturn,FakeOut,WoodHammer|||M|||50|,,,,,Grass]Incineroar||IapapaBerry|Intimidate|FakeOut,KnockOff,Taunt,PartingShot|||M|||50|,,,,,Grass
|showteam|p2|Ursaluna-Bloodmoon||AssaultVest|MindsEye|HyperVoice,BloodMoon,EarthPower,Moonblast|||M|||50|,,,,,Normal]Gholdengo||ExpertBelt|GoodasGold|MakeItRain,NastyPlot,ShadowBall,Protect||||||50|,,,,,Water]Grimmsnarl||CovertCloak|Prankster|BrickBreak,FoulPlay,Reflect,LightScreen|||M|||50|,,,,,Ghost]Pawmot||FocusSash|IronFist|CloseCombat,FakeOut,DoubleShock,ThunderWave|||M|||50|,,,,,Fighting]Magmortar||Leftovers|FlameBody|ClearSmog,FollowMe,Overheat,Protect|||M|||50|,,,,,Grass]Ninetales-Alola||ChoiceSpecs|SnowWarning|IcyWind,Blizzard,FreezeDry,Moonblast|||M|||50|,,,,,Water
|
|t:|1757830987
|teamsize|p1|4
|teamsize|p2|4
|start
|switch|p1a: frog|Grimmsnarl, L50, M, shiny|100/100
|switch|p1b: Ursaluna|Ursaluna-Bloodmoon, L50, M|100/100
|switch|p2a: Gholdengo|Gholdengo, L50|100/100
|switch|p2b: Magmortar|Magmortar, L50, M|100/100
|turn|1
|
|t:|1757831000
|move|p2b: Magmortar|Follow Me|p2b: Magmortar
|-singleturn|p2b: Magmortar|move: Follow Me
|move|p1a: frog|Light Screen|p1a: frog
|-sidestart|p1: redpandavgclol|move: Light Screen
|move|p2a: Gholdengo|Nasty Plot|p2a: Gholdengo
|-boost|p2a: Gholdengo|spa|2
|move|p1b: Ursaluna|Calm Mind|p1b: Ursaluna
|-boost|p1b: Ursaluna|spa|1
|-boost|p1b: Ursaluna|spd|1
|
|upkeep
|turn|2
|
|t:|1757831023
|move|p1a: frog|Parting Shot|p2b: Magmortar
|-unboost|p2b: Magmortar|atk|1
|-unboost|p2b: Magmortar|spa|1
|
|t:|1757831026
|switch|p1a: anguish|Incineroar, L50, M|100/100|[from] Parting Shot
|-ability|p1a: anguish|Intimidate|boost
|-unboost|p2a: Gholdengo|atk|1
|-unboost|p2b: Magmortar|atk|1
|move|p2a: Gholdengo|Make It Rain|p1a: anguish|[spread] p1a,p1b
|-resisted|p1a: anguish
|-damage|p1a: anguish|72/100
|-damage|p1b: Ursaluna|57/100
|-unboost|p2a: Gholdengo|spa|1
|move|p2b: Magmortar|Clear Smog|p1b: Ursaluna
|-resisted|p1b: Ursaluna
|-crit|p1b: Ursaluna
|-damage|p1b: Ursaluna|43/100
|-clearboost|p1b: Ursaluna
|move|p1b: Ursaluna|Blood Moon|p2a: Gholdengo
|-resisted|p2a: Gholdengo
|-damage|p2a: Gholdengo|56/100
|
|-heal|p1b: Ursaluna|49/100|[from] item: Leftovers
|upkeep
|turn|3
|
|t:|1757831070
|move|p1a: anguish|Fake Out|p2b: Magmortar
|-damage|p2b: Magmortar|84/100
|cant|p2b: Magmortar|flinch
|move|p2a: Gholdengo|Make It Rain|p1b: Ursaluna|[spread] p1a,p1b
|-resisted|p1a: anguish
|-crit|p1b: Ursaluna
|-damage|p1a: anguish|51/100
|-damage|p1b: Ursaluna|0 fnt
|-unboost|p2a: Gholdengo|spa|1
|faint|p1b: Ursaluna
|
|-heal|p2b: Magmortar|90/100|[from] item: Leftovers
|upkeep
|
|t:|1757831083
|switch|p1b: HoodRich|Rillaboom, L50, M|100/100
|-fieldstart|move: Grassy Terrain|[from] ability: Grassy Surge|[of] p1b: HoodRich
|turn|4
|
|t:|1757831101
|switch|p2b: Ursaluna|Ursaluna-Bloodmoon, L50, M|100/100
|move|p2a: Gholdengo|Protect|p2a: Gholdengo
|-singleturn|p2a: Gholdengo|Protect
|move|p1b: HoodRich|Fake Out|p2b: Ursaluna
|-damage|p2b: Ursaluna|86/100
|-damage|p1b: HoodRich|91/100|[from] item: Life Orb
|move|p1a: anguish|Knock Off|p2a: Gholdengo
|-activate|p2a: Gholdengo|move: Protect
|
|-heal|p2a: Gholdengo|62/100|[from] Grassy Terrain
|-heal|p1b: HoodRich|97/100|[from] Grassy Terrain
|-heal|p1a: anguish|57/100|[from] Grassy Terrain
|-heal|p2b: Ursaluna|92/100|[from] Grassy Terrain
|upkeep
|turn|5
|
|t:|1757831143
|-terastallize|p1b: HoodRich|Grass
|-terastallize|p2b: Ursaluna|Normal
|move|p1b: HoodRich|Grassy Glide|p2a: Gholdengo
|-resisted|p2a: Gholdengo
|-damage|p2a: Gholdengo|25/100
|-damage|p1b: HoodRich|87/100|[from] item: Life Orb
|move|p2a: Gholdengo|Make It Rain|p1b: HoodRich|[spread] p1a,p1b
|-resisted|p1a: anguish
|-damage|p1a: anguish|44/100
|-damage|p1b: HoodRich|51/100
|-unboost|p2a: Gholdengo|spa|1
|move|p1a: anguish|Parting Shot|p2b: Ursaluna
|-unboost|p2b: Ursaluna|atk|1
|-unboost|p2b: Ursaluna|spa|1
|
|t:|1757831157
|switch|p1a: frog|Grimmsnarl, L50, M, shiny|100/100|[from] Parting Shot
|move|p2b: Ursaluna|Hyper Voice|p1a: frog|[spread] p1a,p1b
|-damage|p1a: frog|75/100
|-damage|p1b: HoodRich|26/100
|
|-heal|p2a: Gholdengo|31/100|[from] Grassy Terrain
|-heal|p1b: HoodRich|31/100|[from] Grassy Terrain
|-heal|p1a: frog|81/100|[from] Grassy Terrain
|-heal|p2b: Ursaluna|98/100|[from] Grassy Terrain
|upkeep
|turn|6
|
|t:|1757831175
|switch|p2a: Magmortar|Magmortar, L50, M|90/100
|move|p1b: HoodRich|Grassy Glide|p2a: Magmortar
|-resisted|p2a: Magmortar
|-damage|p2a: Magmortar|38/100
|-damage|p1b: HoodRich|22/100|[from] item: Life Orb
|move|p1a: frog|Parting Shot|p2b: Ursaluna
|-unboost|p2b: Ursaluna|atk|1
|-unboost|p2b: Ursaluna|spa|1
|
|t:|1757831185
|switch|p1a: anguish|Incineroar, L50, M|44/100|[from] Parting Shot
|-ability|p1a: anguish|Intimidate|boost
|-unboost|p2a: Magmortar|atk|1
|-unboost|p2b: Ursaluna|atk|1
|move|p2b: Ursaluna|Blood Moon|p1a: anguish
|-damage|p1a: anguish|12/100
|-enditem|p1a: anguish|Iapapa Berry|[eat]
|-heal|p1a: anguish|45/100|[from] item: Iapapa Berry
|
|-heal|p2a: Magmortar|44/100|[from] Grassy Terrain
|-heal|p2a: Magmortar|50/100|[from] item: Leftovers
|-heal|p1b: HoodRich|28/100|[from] Grassy Terrain
|-heal|p1a: anguish|51/100|[from] Grassy Terrain
|-heal|p2b: Ursaluna|100/100|[from] Grassy Terrain
|upkeep
|turn|7
|
|t:|1757831239
|move|p1b: HoodRich|Grassy Glide|p2a: Magmortar
|-resisted|p2a: Magmortar
|-damage|p2a: Magmortar|0 fnt
|faint|p2a: Magmortar
|-damage|p1b: HoodRich|18/100|[from] item: Life Orb
|move|p1a: anguish|Knock Off|p2b: Ursaluna
|-damage|p2b: Ursaluna|75/100
|-enditem|p2b: Ursaluna|Assault Vest|[from] move: Knock Off|[of] p1a: anguish
|move|p2b: Ursaluna|Earth Power|p1a: anguish
|-supereffective|p1a: anguish
|-damage|p1a: anguish|19/100
|
|-heal|p1b: HoodRich|24/100|[from] Grassy Terrain
|-heal|p1a: anguish|25/100|[from] Grassy Terrain
|-heal|p2b: Ursaluna|81/100|[from] Grassy Terrain
|upkeep
|
|t:|1757831247
|switch|p2a: Ninetales|Ninetales-Alola, L50, M|100/100
|-weather|Snowscape|[from] ability: Snow Warning|[of] p2a: Ninetales
|turn|8
|
|t:|1757831308
|move|p1b: HoodRich|Grassy Glide|p2a: Ninetales
|-damage|p2a: Ninetales|25/100
|-damage|p1b: HoodRich|14/100|[from] item: Life Orb
|move|p2a: Ninetales|Blizzard|p1b: HoodRich|[spread] p1a,p1b
|-resisted|p1a: anguish
|-supereffective|p1b: HoodRich
|-damage|p1a: anguish|12/100
|-damage|p1b: HoodRich|0 fnt
|faint|p1b: HoodRich
|move|p1a: anguish|Knock Off|p2a: Ninetales
|-resisted|p2a: Ninetales
|-damage|p2a: Ninetales|6/100
|-enditem|p2a: Ninetales|Choice Specs|[from] move: Knock Off|[of] p1a: anguish
|move|p2b: Ursaluna|Hyper Voice|p1a: anguish
|-damage|p1a: anguish|0 fnt
|faint|p1a: anguish
|
|-weather|Snowscape|[upkeep]
|-heal|p2a: Ninetales|12/100|[from] Grassy Terrain
|-heal|p2b: Ursaluna|87/100|[from] Grassy Terrain
|-sideend|p1: redpandavgclol|move: Light Screen
|-fieldend|move: Grassy Terrain
|upkeep
|-message|redpandavgclol forfeited.
|raw|redpandavgclol's rating: 1071 → 1049(-22 for losing)
|raw|CookieSpark's rating: 1055 → 1088(+33 for winning)
|
|win|CookieSpark
|l|☆redpandavgclol
|player|p1|
|c|☆CookieSpark|gg
