|j|☆mysteriousmeatman
|j|☆jagheter
|html|mysteriousmeatmanjagheter    
|uhtml|bestof|Game 1 of a best-of-3
|t:|1756398809
|gametype|doubles
|player|p1|mysteriousmeatman|infielder|1028
|player|p2|jagheter|worker|1051
|gen|9
|tier|[Gen 9] VGC 2025 Reg H (Bo3)
|rated|
|rule|Species Clause: Limit one of each Pokémon
|rule|Item Clause: Limit 1 of each item
|clearpoke
|poke|p1|Palafin, L50, F|
|poke|p1|Goodra-Hisui, L50, M|
|poke|p1|Politoed, L50, F|
|poke|p1|Incineroar, L50, F|
|poke|p1|Gothitelle, L50, F|
|poke|p1|Overqwil, L50, F|
|poke|p2|Venusaur, L50, F|
|poke|p2|Volcarona, L50, F|
|poke|p2|Incineroar, L50, M|
|poke|p2|Grimmsnarl, L50, M|
|poke|p2|Dondozo, L50, M|
|poke|p2|Rillaboom, L50, F|
|teampreview|4
|showteam|p1|Palafin||PunchingGlove|ZerotoHero|FlipTurn,JetPunch,DrainPunch,Protect|||F|||50|,,,,,Water]Goodra-Hisui||RockyHelmet|ShellArmor|DracoMeteor,LifeDew,TearfulLook,Protect|||M|||50|,,,,,Steel]Politoed||Leftovers|Drizzle|HydroPump,IcyWind,PerishSong,Protect|||F|||50|,,,,,Ghost]Incineroar||SafetyGoggles|Intimidate|FakeOut,KnockOff,PartingShot,Protect|||F|||50|,,,,,Ghost]Gothitelle||SitrusBerry|ShadowTag|FakeOut,Psychic,TrickRoom,Protect|||F|||50|,,,,,Dark]Overqwil||ClearAmulet|SwiftSwim|Crunch,PoisonJab,Liquidation,Protect|||F|||50|,,,,,Ground
|showteam|p2|Venusaur||WideLens|Chlorophyll|SleepPowder,Protect,SludgeBomb,EarthPower|||F|||50|,,,,,Ghost]Volcarona||CovertCloak|FlameBody|FieryDance,GigaDrain,QuiverDance,Protect|||F|||50|,,,,,Dragon]Incineroar||MirrorHerb|Intimidate|FakeOut,KnockOff,Taunt,FlareBlitz|||M|||50|,,,,,Ghost]Grimmsnarl||BlackGlasses|Prankster|Reflect,LightScreen,SpiritBreak,SuckerPunch|||M|||50|,,,,,Dark]Dondozo||Leftovers|Unaware|Fissure,Protect,Liquidation,Yawn|||M|||50|,,,,,Ghost]Rillaboom||AssaultVest|GrassySurge|FakeOut,WoodHammer,GrassyGlide,Uturn|||F|||50|,,,,,Fire
|inactive|Battle timer is ON: inactive players will automatically lose when time's up. (requested by mysteriousmeatman)
|inactive|jagheter has 60 seconds left.
|
|t:|1756398870
|teamsize|p1|4
|teamsize|p2|4
|start
|switch|p1a: Politoed|Politoed, L50, F, shiny|100/100
|switch|p1b: Incineroar|Incineroar, L50, F, shiny|100/100
|switch|p2a: Venusaur|Venusaur, L50, F, shiny|100/100
|switch|p2b: Rillaboom|Rillaboom, L50, F, shiny|100/100
|-fieldstart|move: Grassy Terrain|[from] ability: Grassy Surge|[of] p2b: Rillaboom
|-weather|RainDance|[from] ability: Drizzle|[of] p1a: Politoed
|-ability|p1b: Incineroar|Intimidate|boost
|-unboost|p2a: Venusaur|atk|1
|-unboost|p2b: Rillaboom|atk|1
|turn|1
|
|t:|1756398888
|-terastallize|p2a: Venusaur|Ghost
|move|p1a: Politoed|Protect|p1a: Politoed
|-singleturn|p1a: Politoed|Protect
|move|p2a: Venusaur|Sleep Powder|p1a: Politoed
|-activate|p1a: Politoed|move: Protect
|move|p2b: Rillaboom|U-turn|p1b: Incineroar
|-damage|p1b: Incineroar|85/100
|
|t:|1756398901
|switch|p2b: Dondozo|Dondozo, L50, M, shiny|100/100|[from] U-turn
|move|p1b: Incineroar|Knock Off|p2a: Venusaur
|-supereffective|p2a: Venusaur
|-damage|p2a: Venusaur|10/100
|-enditem|p2a: Venusaur|Wide Lens|[from] move: Knock Off|[of] p1b: Incineroar
|
|-weather|RainDance|[upkeep]
|-heal|p2a: Venusaur|16/100|[from] Grassy Terrain
|-heal|p1b: Incineroar|91/100|[from] Grassy Terrain
|upkeep
|turn|2
|
|t:|1756398919
|move|p2a: Venusaur|Sleep Powder|p1a: Politoed
|-status|p1a: Politoed|slp|[from] move: Sleep Powder
|cant|p1a: Politoed|slp
|move|p1b: Incineroar|Knock Off|p2b: Dondozo
|-damage|p2b: Dondozo|81/100
|-enditem|p2b: Dondozo|Leftovers|[from] move: Knock Off|[of] p1b: Incineroar
|move|p2b: Dondozo|Liquidation|p1b: Incineroar
|-supereffective|p1b: Incineroar
|-damage|p1b: Incineroar|9/100
|-unboost|p1b: Incineroar|def|1
|
|-weather|RainDance|[upkeep]
|-heal|p2a: Venusaur|22/100|[from] Grassy Terrain
|-heal|p1b: Incineroar|15/100|[from] Grassy Terrain
|-heal|p2b: Dondozo|88/100|[from] Grassy Terrain
|upkeep
|turn|3
|
|t:|1756398940
|switch|p1b: Gothitelle|Gothitelle, L50, F, shiny|100/100
|move|p2a: Venusaur|Earth Power|p1b: Gothitelle
|-damage|p1b: Gothitelle|85/100
|cant|p1a: Politoed|slp
|move|p2b: Dondozo|Fissure|p1a: Politoed|[miss]
|-miss|p2b: Dondozo|p1a: Politoed
|
|-weather|RainDance|[upkeep]
|-heal|p2a: Venusaur|28/100|[from] Grassy Terrain
|-heal|p1b: Gothitelle|91/100|[from] Grassy Terrain
|-heal|p2b: Dondozo|94/100|[from] Grassy Terrain
|upkeep
|turn|4
|
|t:|1756398955
|move|p1b: Gothitelle|Protect|p1b: Gothitelle
|-singleturn|p1b: Gothitelle|Protect
|move|p2a: Venusaur|Sleep Powder|p1b: Gothitelle
|-activate|p1b: Gothitelle|move: Protect
|-curestatus|p1a: Politoed|slp|[msg]
|move|p1a: Politoed|Icy Wind|p2b: Dondozo|[spread] p2a,p2b
|-resisted|p2b: Dondozo
|-damage|p2a: Venusaur|19/100
|-damage|p2b: Dondozo|90/100
|-unboost|p2a: Venusaur|spe|1
|-unboost|p2b: Dondozo|spe|1
|move|p2b: Dondozo|Fissure|p1a: Politoed|[miss]
|-miss|p2b: Dondozo|p1a: Politoed
|
|-weather|RainDance|[upkeep]
|-heal|p2a: Venusaur|25/100|[from] Grassy Terrain
|-heal|p1b: Gothitelle|98/100|[from] Grassy Terrain
|-heal|p2b: Dondozo|97/100|[from] Grassy Terrain
|upkeep
|turn|5
|
|t:|1756398976
|switch|p2a: Rillaboom|Rillaboom, L50, F, shiny|100/100
|move|p1a: Politoed|Perish Song|p1a: Politoed
|-start|p1a: Politoed|perish3|[silent]
|-start|p1b: Gothitelle|perish3|[silent]
|-start|p2a: Rillaboom|perish3|[silent]
|-start|p2b: Dondozo|perish3|[silent]
|-fieldactivate|move: Perish Song
|move|p1b: Gothitelle|Psychic|p2a: Rillaboom
|-damage|p2a: Rillaboom|81/100
|move|p2b: Dondozo|Fissure|p1b: Gothitelle|[miss]
|-miss|p2b: Dondozo|p1b: Gothitelle
|
|-weather|none
|-heal|p2a: Rillaboom|87/100|[from] Grassy Terrain
|-heal|p1b: Gothitelle|100/100|[from] Grassy Terrain
|-heal|p2b: Dondozo|100/100|[from] Grassy Terrain
|-start|p2a: Rillaboom|perish3
|-start|p1a: Politoed|perish3
|-start|p1b: Gothitelle|perish3
|-start|p2b: Dondozo|perish3
|-fieldend|move: Grassy Terrain
|upkeep
|turn|6
|
|t:|1756398995
|switch|p1a: Incineroar|Incineroar, L50, F, shiny|15/100
|-ability|p1a: Incineroar|Intimidate|boost
|-unboost|p2a: Rillaboom|atk|1
|-unboost|p2b: Dondozo|atk|1
|move|p2a: Rillaboom|U-turn|p2b: Dondozo
|-damage|p2b: Dondozo|89/100
|
|t:|1756399003
|switch|p2a: Venusaur|Venusaur, L50, F, shiny, tera:Ghost|25/100|[from] U-turn
|move|p1b: Gothitelle|Psychic|p2a: Venusaur
|-damage|p2a: Venusaur|0 fnt
|faint|p2a: Venusaur
|move|p2b: Dondozo|Fissure|p1b: Gothitelle|[miss]
|-miss|p2b: Dondozo|p1b: Gothitelle
|
|-start|p1b: Gothitelle|perish2
|-start|p2b: Dondozo|perish2
|upkeep
|
|t:|1756399015
|switch|p2a: Volcarona|Volcarona, L50, F, shiny|100/100
|turn|7
|
|t:|1756399026
|move|p1b: Gothitelle|Protect|p1b: Gothitelle
|-singleturn|p1b: Gothitelle|Protect
|move|p1a: Incineroar|Fake Out|p2a: Volcarona
|-damage|p2a: Volcarona|89/100
|move|p2a: Volcarona|Quiver Dance|p2a: Volcarona
|-boost|p2a: Volcarona|spa|1
|-boost|p2a: Volcarona|spd|1
|-boost|p2a: Volcarona|spe|1
|move|p2b: Dondozo|Liquidation|p1a: Incineroar
|-supereffective|p1a: Incineroar
|-damage|p1a: Incineroar|0 fnt
|faint|p1a: Incineroar
|
|-start|p1b: Gothitelle|perish1
|-start|p2b: Dondozo|perish1
|upkeep
|
|t:|1756399038
|switch|p1a: Politoed|Politoed, L50, F, shiny|100/100
|-weather|RainDance|[from] ability: Drizzle|[of] p1a: Politoed
|turn|8
|
|t:|1756399057
|switch|p1b: Overqwil|Overqwil, L50, F, shiny|100/100
|-terastallize|p1a: Politoed|Ghost
|move|p2a: Volcarona|Giga Drain|p1a: Politoed
|-damage|p1a: Politoed|76/100
|-heal|p2a: Volcarona|100/100|[from] drain|[of] p1a: Politoed
|move|p1a: Politoed|Perish Song|p1a: Politoed
|-start|p1a: Politoed|perish3|[silent]
|-start|p1b: Overqwil|perish3|[silent]
|-start|p2a: Volcarona|perish3|[silent]
|-fieldactivate|move: Perish Song
|move|p2b: Dondozo|Yawn|p1b: Overqwil
|-start|p1b: Overqwil|move: Yawn|[of] p2b: Dondozo
|
|-weather|RainDance|[upkeep]
|-heal|p1a: Politoed|82/100|[from] item: Leftovers
|-start|p1b: Overqwil|perish3
|-start|p2a: Volcarona|perish3
|-start|p1a: Politoed|perish3
|-start|p2b: Dondozo|perish0
|upkeep
|faint|p2b: Dondozo
|
|t:|1756399069
|switch|p2b: Rillaboom|Rillaboom, L50, F, shiny|87/100
|-fieldstart|move: Grassy Terrain|[from] ability: Grassy Surge|[of] p2b: Rillaboom
|turn|9
|inactive|mysteriousmeatman has 30 seconds left.
|
|t:|1756399103
|move|p1b: Overqwil|Liquidation|p2a: Volcarona
|-supereffective|p2a: Volcarona
|-damage|p2a: Volcarona|0 fnt
|faint|p2a: Volcarona
|move|p2b: Rillaboom|Wood Hammer|p1b: Overqwil
|-resisted|p1b: Overqwil
|-damage|p1b: Overqwil|52/100
|-damage|p2b: Rillaboom|74/100|[from] Recoil
|move|p1a: Politoed|Icy Wind|p2b: Rillaboom
|-supereffective|p2b: Rillaboom
|-damage|p2b: Rillaboom|56/100
|-unboost|p2b: Rillaboom|spe|1
|
|-weather|RainDance|[upkeep]
|-heal|p1b: Overqwil|58/100|[from] Grassy Terrain
|-heal|p1a: Politoed|88/100|[from] Grassy Terrain
|-heal|p1a: Politoed|94/100|[from] item: Leftovers
|-heal|p2b: Rillaboom|62/100|[from] Grassy Terrain
|-end|p1b: Overqwil|move: Yawn|[silent]
|-status|p1b: Overqwil|slp
|-start|p1b: Overqwil|perish2
|-start|p1a: Politoed|perish2
|upkeep
|turn|10
|
|t:|1756399120
|switch|p1a: Gothitelle|Gothitelle, L50, F, shiny|100/100
|cant|p1b: Overqwil|slp
|move|p2b: Rillaboom|Wood Hammer|p1b: Overqwil
|-resisted|p1b: Overqwil
|-damage|p1b: Overqwil|12/100 slp
|-damage|p2b: Rillaboom|50/100|[from] Recoil
|
|-weather|RainDance|[upkeep]
|-heal|p1b: Overqwil|19/100 slp|[from] Grassy Terrain
|-heal|p2b: Rillaboom|56/100|[from] Grassy Terrain
|-start|p1b: Overqwil|perish1
|upkeep
|turn|11
|
|t:|1756399133
|switch|p1b: Politoed|Politoed, L50, F, shiny, tera:Ghost|94/100
|move|p1a: Gothitelle|Fake Out|p2b: Rillaboom
|-damage|p2b: Rillaboom|51/100
|cant|p2b: Rillaboom|flinch
|
|-weather|RainDance|[upkeep]
|-heal|p1b: Politoed|100/100|[from] Grassy Terrain
|-heal|p2b: Rillaboom|57/100|[from] Grassy Terrain
|upkeep
|turn|12
|
|t:|1756399142
|move|p1b: Politoed|Icy Wind|p2b: Rillaboom
|-supereffective|p2b: Rillaboom
|-damage|p2b: Rillaboom|38/100
|-unboost|p2b: Rillaboom|spe|1
|move|p1a: Gothitelle|Psychic|p2b: Rillaboom
|-damage|p2b: Rillaboom|15/100
|move|p2b: Rillaboom|Wood Hammer|p1b: Politoed
|-damage|p1b: Politoed|6/100
|-damage|p2b: Rillaboom|0 fnt|[from] Recoil
|faint|p2b: Rillaboom
|
|win|mysteriousmeatman
||jagheter is ready for game 2.
||mysteriousmeatman is ready for game 2.
|uhtml|next|Next: Game 2 of 3
|l|☆mysteriousmeatman
|player|p1|
