|j|☆Zukato1XD
|j|☆KodeBeast0526
|html|Zukato1XDKodeBeast0526    
|uhtml|bestof|Game 1 of a best-of-3
|t:|1783557545
|gametype|doubles
|player|p1|Zukato1XD|169|1144
|player|p2|KodeBeast0526|sailor|1097
|gen|9
|tier|[Gen 9 Champions] VGC 2026 Reg M-B (Bo3)
|rated|
|rule|Species Clause: Limit one of each Pokémon
|rule|Item Clause: Limit 1 of each item
|clearpoke
|poke|p1|Kingambit, L50, M|
|poke|p1|Basculegion, L50, M|
|poke|p1|Whimsicott, L50, M|
|poke|p1|Sneasler, L50, F|
|poke|p1|Floette-Eternal, L50, F|
|poke|p1|Charizard, L50, F|
|poke|p2|Garchomp, L50, M, shiny|
|poke|p2|Staraptor, L50, F, shiny|
|poke|p2|Whimsicott, L50, M, shiny|
|poke|p2|Incineroar, L50, F, shiny|
|poke|p2|Gholdengo, L50|
|poke|p2|Glimmora, L50, F, shiny|
|teampreview|4
|showteam|p1|Kingambit||Leftovers|Defiant|KowtowCleave,SuckerPunch,IronHead,Protect|Adamant||M|||50|]Basculegion||ChoiceScarf|Adaptability|FlipTurn,WaveCrash,AquaJet,LastRespects|Jolly||M|||50|]Whimsicott||FocusSash|Prankster|Taunt,Moonblast,Tailwind,Encore|Timid||M|||50|]Sneasler||WhiteHerb|Unburden|CloseCombat,FakeOut,DireClaw,Protect|Adamant||F|||50|]Floette-Eternal||Floettite|FlowerVeil|Protect,DazzlingGleam,Moonblast,CalmMind|Timid||F|||50|]Charizard||CharizarditeY|Blaze|HeatWave,SolarBeam,ScorchingSands,Protect|Modest||F|||50|
|showteam|p2|Garchomp||LifeOrb|RoughSkin|Earthquake,Protect,RockSlide,DragonClaw|Jolly||M|||50|]Staraptor||Staraptite|Intimidate|BraveBird,CloseCombat,Roost,Protect|Jolly||F|||50|]Whimsicott||FocusSash|Prankster|Moonblast,Tailwind,Tickle,FakeTears|Timid||M|||50|]Incineroar||SitrusBerry|Intimidate|FakeOut,PartingShot,FlareBlitz,DarkestLariat|Impish||F|||50|]Gholdengo||MetalCoat|GoodasGold|Protect,ShadowBall,MakeItRain,NastyPlot|Modest|||||50|]Glimmora||Glimmoranite|ToxicDebris|EarthPower,EnergyBall,PowerGem,SpikyShield|Timid||F|||50|
|
|t:|1783557587
|teamsize|p1|4
|teamsize|p2|4
|start
|switch|p1a: Whimsicott|Whimsicott, L50, M|100/100
|switch|p1b: Charizard|Charizard, L50, F|100/100
|switch|p2a: Staraptor|Staraptor, L50, F, shiny|100/100
|switch|p2b: Whimsicott|Whimsicott, L50, M, shiny|100/100
|-ability|p2a: Staraptor|Intimidate|boost
|-unboost|p1a: Whimsicott|atk|1
|-unboost|p1b: Charizard|atk|1
|turn|1
|
|t:|1783557613
|detailschange|p2a: Staraptor|Staraptor-Mega, L50, F, shiny
|-mega|p2a: Staraptor|Staraptor|Staraptite
|detailschange|p1b: Charizard|Charizard-Mega-Y, L50, F
|-mega|p1b: Charizard|Charizard|Charizardite Y
|-weather|SunnyDay|[from] ability: Drought|[of] p1b: Charizard
|move|p2b: Whimsicott|Tailwind|p2b: Whimsicott
|-sidestart|p2: KodeBeast0526|move: Tailwind
|move|p1a: Whimsicott|Tailwind|p1a: Whimsicott
|-sidestart|p1: Zukato1XD|move: Tailwind
|move|p2a: Staraptor|Brave Bird|p1b: Charizard
|-damage|p1b: Charizard|2/100
|-damage|p2a: Staraptor|69/100|[from] Recoil
|move|p1b: Charizard|Heat Wave|p2a: Staraptor|[spread] p2b
|-miss|p1b: Charizard|p2a: Staraptor
|-supereffective|p2b: Whimsicott|1
|-crit|p2b: Whimsicott
|-enditem|p2b: Whimsicott|Focus Sash
|-damage|p2b: Whimsicott|1/100
|-status|p2b: Whimsicott|brn
|
|-weather|SunnyDay|[upkeep]
|-damage|p2b: Whimsicott|0 fnt|[from] brn
|faint|p2b: Whimsicott
|upkeep
|
|t:|1783557627
|switch|p2b: Incineroar|Incineroar, L50, F, shiny|100/100
|-ability|p2b: Incineroar|Intimidate|boost
|-unboost|p1a: Whimsicott|atk|1
|-unboost|p1b: Charizard|atk|1
|turn|2
|
|t:|1783557642
|move|p1b: Charizard|Protect|p1b: Charizard
|-singleturn|p1b: Charizard|Protect
|move|p2b: Incineroar|Fake Out|p1a: Whimsicott
|-damage|p1a: Whimsicott|87/100
|move|p2a: Staraptor|Close Combat|p1b: Charizard
|-activate|p1b: Charizard|move: Protect
|cant|p1a: Whimsicott|flinch
|
|-weather|SunnyDay|[upkeep]
|upkeep
|turn|3
|
|t:|1783557667
|switch|p1b: Basculegion|Basculegion, L50, M|100/100
|move|p2a: Staraptor|Close Combat|p1b: Basculegion
|-immune|p1b: Basculegion
|move|p1a: Whimsicott|Moonblast|p2a: Staraptor
|-supereffective|p2a: Staraptor|1
|-damage|p2a: Staraptor|0 fnt
|faint|p2a: Staraptor
|move|p2b: Incineroar|Flare Blitz|p1a: Whimsicott
|-supereffective|p1a: Whimsicott|1
|-damage|p1a: Whimsicott|0 fnt
|faint|p1a: Whimsicott
|-damage|p2b: Incineroar|76/100|[from] Recoil
|
|-weather|SunnyDay|[upkeep]
|upkeep
|
|t:|1783557690
|switch|p2a: Garchomp|Garchomp, L50, M, shiny|100/100
|switch|p1a: Charizard|Charizard-Mega-Y, L50, F|2/100
|turn|4
|
|t:|1783557708
|move|p1b: Basculegion|Last Respects|p2a: Garchomp
|-damage|p2a: Garchomp|36/100
|move|p2a: Garchomp|Rock Slide|p1a: Charizard|[spread] p1a,p1b
|-supereffective|p1a: Charizard|2
|-damage|p1a: Charizard|0 fnt
|-damage|p1b: Basculegion|67/100
|faint|p1a: Charizard
|-damage|p2a: Garchomp|26/100|[from] item: Life Orb
|move|p2b: Incineroar|Darkest Lariat|p1b: Basculegion
|-supereffective|p1b: Basculegion|1
|-damage|p1b: Basculegion|0 fnt
|faint|p1b: Basculegion
|
|-weather|SunnyDay|[upkeep]
|-sideend|p1: Zukato1XD|move: Tailwind
|-sideend|p2: KodeBeast0526|move: Tailwind
|upkeep
|
|t:|1783557723
|switch|p1a: Sneasler|Sneasler, L50, F|100/100
|turn|5
|inactive|Battle timer is ON: inactive players will automatically lose when time's up. (requested by KodeBeast0526)
|
|t:|1783557730
|move|p2a: Garchomp|Protect|p2a: Garchomp
|-singleturn|p2a: Garchomp|Protect
|move|p1a: Sneasler|Close Combat|p2b: Incineroar
|-supereffective|p2b: Incineroar|1
|-damage|p2b: Incineroar|0 fnt
|-unboost|p1a: Sneasler|def|1
|-unboost|p1a: Sneasler|spd|1
|faint|p2b: Incineroar
|-enditem|p1a: Sneasler|White Herb
|-clearnegativeboost|p1a: Sneasler|[silent]
|
|-weather|none
|upkeep
|turn|6
|
|t:|1783557744
|move|p1a: Sneasler|Close Combat|p2a: Garchomp
|-damage|p2a: Garchomp|0 fnt
|-unboost|p1a: Sneasler|def|1
|-unboost|p1a: Sneasler|spd|1
|-damage|p1a: Sneasler|87/100|[from] ability: Rough Skin|[of] p2a: Garchomp
|faint|p2a: Garchomp
|
|win|Zukato1XD
||Zukato1XD is ready for game 2.
