|j|☆Natsuharusama
|j|☆new mental
|html|Natsuharusamanew mental    
|uhtml|bestof|Game 2 of a best-of-3
|t:|1784463044
|gametype|doubles
|player|p1|Natsuharusama|pokemaniac|1125
|player|p2|new mental|volkner|1220
|gen|9
|tier|[Gen 9 Champions] VGC 2026 Reg M-B (Bo3)
|rated|
|rule|Species Clause: Limit one of each Pokémon
|rule|Item Clause: Limit 1 of each item
|clearpoke
|poke|p1|Staraptor, L50, M, shiny|
|poke|p1|Whimsicott, L50, M, shiny|
|poke|p1|Sinistcha-Masterpiece, L50, shiny|
|poke|p1|Sneasler, L50, F, shiny|
|poke|p1|Basculegion, L50, M, shiny|
|poke|p1|Metagross, L50, shiny|
|poke|p2|Aerodactyl, L50, F|
|poke|p2|Garchomp, L50, M|
|poke|p2|Kingambit, L50, M|
|poke|p2|Charizard, L50, M|
|poke|p2|Sylveon, L50, M|
|poke|p2|Farigiraf, L50, F|
|teampreview|4
|showteam|p1|Staraptor||Staraptite|Intimidate|CloseCombat,BraveBird,Roost,Protect|Jolly||M|||50|]Whimsicott||Leftovers|Prankster|Moonblast,Tailwind,Charm,Encore|Bold||M|||50|]Sinistcha-Masterpiece||SitrusBerry|Hospitality|RagePowder,MatchaGotcha,ShadowBall,Protect|Relaxed|||||50|]Sneasler||WhiteHerb|PoisonTouch|FakeOut,DireClaw,CloseCombat,Protect|Adamant||F|||50|]Basculegion||LifeOrb|Adaptability|WaveCrash,Protect,LastRespects,AquaJet|Jolly||M|||50|]Metagross||Metagrossite|ClearBody|MeteorMash,Protect,ZenHeadbutt,BulletPunch|Jolly|||||50|
|showteam|p2|Aerodactyl||Aerodactylite|Unnerve|IceFang,RockSlide,Tailwind,DualWingbeat|Jolly||F|||50|]Garchomp||LifeOrb|RoughSkin|DragonClaw,RockSlide,Earthquake,Protect|Jolly||M|||50|]Kingambit||FocusSash|Defiant|SuckerPunch,KowtowCleave,IronHead,LowKick|Adamant||M|||50|]Charizard||CharizarditeY|SolarPower|Protect,WeatherBall,HeatWave,SolarBeam|Modest||M|||50|]Sylveon||FairyFeather|Pixilate|Protect,HyperVoice,HyperBeam,QuickAttack|Modest||M|||50|]Farigiraf||SitrusBerry|ArmorTail|TrickRoom,Thunderbolt,Roar,Psychic|Bold||F|||50|
|inactive|Battle timer is ON: inactive players will automatically lose when time's up. (requested by Natsuharusama)
|
|t:|1784463057
|teamsize|p1|4
|teamsize|p2|4
|start
|switch|p1a: PeenusBreaker5000|Staraptor, L50, M, shiny|100/100
|switch|p1b: Puffy Balls|Whimsicott, L50, M, shiny|100/100
|switch|p2a: Sylveon|Sylveon, L50, M|100/100
|switch|p2b: Farigiraf|Farigiraf, L50, F|100/100
|-ability|p1a: PeenusBreaker5000|Intimidate|boost
|-unboost|p2a: Sylveon|atk|1
|-unboost|p2b: Farigiraf|atk|1
|turn|1
|
|t:|1784463075
|move|p1b: Puffy Balls|Moonblast|p2b: Farigiraf
|-damage|p2b: Farigiraf|75/100
|move|p1a: PeenusBreaker5000|Brave Bird|p2b: Farigiraf
|-damage|p2b: Farigiraf|26/100
|-enditem|p2b: Farigiraf|Sitrus Berry|[eat]
|-heal|p2b: Farigiraf|51/100|[from] item: Sitrus Berry
|-damage|p1a: PeenusBreaker5000|81/100|[from] Recoil
|move|p2a: Sylveon|Hyper Voice|p1a: PeenusBreaker5000|[spread] p1a,p1b
|-damage|p1a: PeenusBreaker5000|10/100
|-damage|p1b: Puffy Balls|32/100
|move|p2b: Farigiraf|Trick Room|p2b: Farigiraf
|-fieldstart|move: Trick Room|[of] p2b: Farigiraf
|
|-heal|p1b: Puffy Balls|38/100|[from] item: Leftovers
|upkeep
|turn|2
|inactive|Natsuharusama has 30 seconds left.
|
|t:|1784463101
|switch|p2b: Charizard|Charizard, L50, M|100/100
|detailschange|p1a: PeenusBreaker5000|Staraptor-Mega, L50, M, shiny
|-mega|p1a: PeenusBreaker5000|Staraptor|Staraptite
|move|p1a: PeenusBreaker5000|Protect|p1a: PeenusBreaker5000
|-singleturn|p1a: PeenusBreaker5000|Protect
|move|p2a: Sylveon|Hyper Voice|p1a: PeenusBreaker5000|[spread] p1b
|-activate|p1a: PeenusBreaker5000|move: Protect
|-damage|p1b: Puffy Balls|0 fnt
|faint|p1b: Puffy Balls
|
|upkeep
|
|t:|1784463112
|switch|p1b: Toeneepumus Prime|Sneasler, L50, F, shiny|100/100
|turn|3
|
|t:|1784463121
|switch|p2a: Farigiraf|Farigiraf, L50, F|51/100
|detailschange|p2b: Charizard|Charizard-Mega-Y, L50, M
|-mega|p2b: Charizard|Charizard|Charizardite Y
|-weather|SunnyDay|[from] ability: Drought|[of] p2b: Charizard
|move|p1a: PeenusBreaker5000|Protect|p1a: PeenusBreaker5000
|-singleturn|p1a: PeenusBreaker5000|Protect
|move|p2b: Charizard|Heat Wave|p1a: PeenusBreaker5000|[spread] p1b
|-activate|p1a: PeenusBreaker5000|move: Protect
|-damage|p1b: Toeneepumus Prime|21/100
|move|p1b: Toeneepumus Prime|Dire Claw|p2a: Farigiraf
|-damage|p2a: Farigiraf|18/100
|-status|p2a: Farigiraf|psn|[from] ability: Poison Touch|[of] p1b: Toeneepumus Prime
|
|-weather|SunnyDay|[upkeep]
|-damage|p2a: Farigiraf|5/100 psn|[from] psn
|upkeep
|turn|4
|
|t:|1784463142
|switch|p1a: Chai Tea|Sinistcha-Masterpiece, L50, shiny|100/100
|-heal|p1b: Toeneepumus Prime|46/100|[from] ability: Hospitality|[of] p1a: Chai Tea
|move|p1b: Toeneepumus Prime|Protect|p1b: Toeneepumus Prime
|-singleturn|p1b: Toeneepumus Prime|Protect
|move|p2a: Farigiraf|Psychic|p1b: Toeneepumus Prime
|-activate|p1b: Toeneepumus Prime|move: Protect
|move|p2b: Charizard|Heat Wave|p1a: Chai Tea|[spread] p1a
|-activate|p1b: Toeneepumus Prime|move: Protect
|-supereffective|p1a: Chai Tea|1
|-damage|p1a: Chai Tea|0 fnt
|faint|p1a: Chai Tea
|
|-weather|SunnyDay|[upkeep]
|-damage|p2a: Farigiraf|0 fnt|[from] psn
|faint|p2a: Farigiraf
|upkeep
|
|t:|1784463157
|switch|p2a: Sylveon|Sylveon, L50, M|100/100
|switch|p1a: PeenusBreaker5000|Staraptor-Mega, L50, M, shiny|10/100
|turn|5
|
|t:|1784463167
|move|p1a: PeenusBreaker5000|Protect|p1a: PeenusBreaker5000
|-singleturn|p1a: PeenusBreaker5000|Protect
|move|p2a: Sylveon|Hyper Voice|p1a: PeenusBreaker5000|[spread] p1b
|-activate|p1a: PeenusBreaker5000|move: Protect
|-damage|p1b: Toeneepumus Prime|0 fnt
|faint|p1b: Toeneepumus Prime
|move|p2b: Charizard|Weather Ball|p1a: PeenusBreaker5000
|-activate|p1a: PeenusBreaker5000|move: Protect
|
|-weather|SunnyDay|[upkeep]
|-fieldend|move: Trick Room
|upkeep
|turn|6
|
|t:|1784463183
|move|p2a: Sylveon|Quick Attack|p1a: PeenusBreaker5000
|-supereffective|p1a: PeenusBreaker5000|1
|-damage|p1a: PeenusBreaker5000|0 fnt
|faint|p1a: PeenusBreaker5000
|
|win|new mental
|raw|Natsuharusama's rating: 1125 → 1107(-18 for losing)
|raw|new mental's rating: 1220 → 1238(+18 for winning)
