|j|ŌśåSaecha0
|j|ŌśåSaikoCEO
|html|Saecha0SaikoCEO    
|uhtml|bestof|Game 2 of a best-of-3
|t:|1785439868
|gametype|doubles
|player|p1|Saecha0|265|
|player|p2|SaikoCEO|janitor|
|gen|9
|tier|[Gen 9 Champions] VGC 2026 Reg M-B (Bo3)
|rule|Species Clause: Limit one of each Pok├®mon
|rule|Item Clause: Limit 1 of each item
|clearpoke
|poke|p1|Greninja, L50, M, shiny|
|poke|p1|Vanilluxe, L50, F, shiny|
|poke|p1|Farigiraf, L50, M|
|poke|p1|Whimsicott, L50, F, shiny|
|poke|p1|Froslass, L50, F|
|poke|p1|Garchomp, L50, F|
|poke|p2|Swampert, L50, F, shiny|
|poke|p2|Basculegion, L50, M|
|poke|p2|Archaludon, L50, F|
|poke|p2|Pelipper, L50, M|
|poke|p2|Greninja, L50, F|
|poke|p2|Sableye, L50, M|
|teampreview|4
|showteam|p1|Greninja||Greninjite|Torrent|HydroPump,Blizzard,DarkPulse,Protect|Modest||M|||50|]Vanilluxe||OccaBerry|SnowWarning|FlashCannon,Blizzard,AuroraVeil,Protect|Modest||F|||50|]Farigiraf||SitrusBerry|ArmorTail|TrickRoom,ThunderWave,HyperVoice,HelpingHand|Bold||M|||50|]Whimsicott||FocusSash|Prankster|Psychic,Tailwind,Moonblast,Encore|Modest||F|||50|]Froslass||Froslassite|CursedBody|Blizzard,Psychic,ShadowBall,Protect|Timid||F|||50|]Garchomp||LifeOrb|RoughSkin|BrickBreak,Earthquake,IronHead,RockSlide|Adamant||F|||50|
|showteam|p2|Swampert||Swampertite|Damp|Earthquake,WaveCrash,HighHorsepower,WideGuard|Adamant||F|||50|]Basculegion||LifeOrb|SwiftSwim|LastRespects,WaveCrash,AquaJet,Protect|Adamant||M|||50|]Archaludon||Leftovers|Stamina|ElectroShot,DragonPulse,FlashCannon,Protect|Modest||F|||50|]Pelipper||DampRock|Drizzle|WeatherBall,Hurricane,Tailwind,HelpingHand|Modest||M|||50|]Greninja||FocusSash|Torrent|WeatherBall,WaterShuriken,DarkPulse,Protect|Timid||F|||50|]Sableye||LightClay|Prankster|RainDance,LightScreen,Reflect,FakeOut|Careful||M|||50|
|
|t:|1785439939
|teamsize|p1|4
|teamsize|p2|4
|start
|switch|p1a: Whimsicott|Whimsicott, L50, F, shiny|100/100
|switch|p1b: Froslass|Froslass, L50, F|100/100
|switch|p2a: Pelipper|Pelipper, L50, M|100/100
|switch|p2b: Archaludon|Archaludon, L50, F|100/100
|-weather|RainDance|[from] ability: Drizzle|[of] p2a: Pelipper
|turn|1
|
|t:|1785439980
|detailschange|p1b: Froslass|Froslass-Mega, L50, F
|-mega|p1b: Froslass|Froslass|Froslassite
|-weather|Snowscape|[from] ability: Snow Warning|[of] p1b: Froslass
|move|p2a: Pelipper|Helping Hand|p2b: Archaludon
|-singleturn|p2b: Archaludon|Helping Hand|[of] p2a: Pelipper
|move|p1b: Froslass|Protect|p1b: Froslass
|-singleturn|p1b: Froslass|Protect
|move|p1a: Whimsicott|Tailwind|p1a: Whimsicott
|-sidestart|p1: Saecha0|move: Tailwind
|move|p2b: Archaludon|Flash Cannon|p1b: Froslass
|-activate|p1b: Froslass|move: Protect
|
|-weather|Snowscape|[upkeep]
|upkeep
|turn|2
|
|t:|1785440002
|move|p2a: Pelipper|Helping Hand|p2b: Archaludon
|-singleturn|p2b: Archaludon|Helping Hand|[of] p2a: Pelipper
|move|p1b: Froslass|Blizzard|p2b: Archaludon|[spread] p2a,p2b
|-damage|p2a: Pelipper|47/100
|-damage|p2b: Archaludon|52/100
|-ability|p2b: Archaludon|Stamina|boost
|-boost|p2b: Archaludon|def|1
|move|p1a: Whimsicott|Moonblast|p2b: Archaludon
|-damage|p2b: Archaludon|23/100
|-ability|p2b: Archaludon|Stamina|boost
|-boost|p2b: Archaludon|def|1
|move|p2b: Archaludon|Flash Cannon|p1b: Froslass
|-supereffective|p1b: Froslass|1
|-damage|p1b: Froslass|0 fnt
|faint|p1b: Froslass
|
|-weather|Snowscape|[upkeep]
|-heal|p2b: Archaludon|30/100|[from] item: Leftovers
|upkeep
|
|t:|1785440017
|switch|p1b: Garchomp|Garchomp, L50, F|100/100
|turn|3
|
|t:|1785440025
|move|p2b: Archaludon|Protect|p2b: Archaludon
|-singleturn|p2b: Archaludon|Protect
|move|p1a: Whimsicott|Moonblast|p2a: Pelipper
|-damage|p2a: Pelipper|12/100
|move|p1b: Garchomp|Rock Slide|p2b: Archaludon|[spread] p2a
|-activate|p2b: Archaludon|move: Protect
|-supereffective|p2a: Pelipper|1
|-damage|p2a: Pelipper|0 fnt
|faint|p2a: Pelipper
|-damage|p1b: Garchomp|90/100|[from] item: Life Orb
|
|-weather|Snowscape|[upkeep]
|-heal|p2b: Archaludon|36/100|[from] item: Leftovers
|upkeep
|
|t:|1785440055
|switch|p2a: THE GOAT|Sableye, L50, M|100/100
|turn|4
|
|t:|1785440066
|switch|p1b: Vanilluxe|Vanilluxe, L50, F, shiny|100/100
|move|p2a: THE GOAT|Fake Out|p1b: Vanilluxe
|-damage|p1b: Vanilluxe|93/100
|move|p1a: Whimsicott|Moonblast|p2b: Archaludon
|-damage|p2b: Archaludon|4/100
|-ability|p2b: Archaludon|Stamina|boost
|-boost|p2b: Archaludon|def|1
|move|p2b: Archaludon|Dragon Pulse|p1b: Vanilluxe
|-damage|p1b: Vanilluxe|46/100
|
|-weather|Snowscape|[upkeep]
|-heal|p2b: Archaludon|10/100|[from] item: Leftovers
|-sideend|p1: Saecha0|move: Tailwind
|upkeep
|turn|5
|
|t:|1785440115
|move|p2a: THE GOAT|Rain Dance|p2a: THE GOAT
|-weather|RainDance
|move|p1a: Whimsicott|Moonblast|p2a: THE GOAT
|-supereffective|p2a: THE GOAT|1
|-crit|p2a: THE GOAT
|-damage|p2a: THE GOAT|3/100
|move|p2b: Archaludon|Dragon Pulse|p1b: Vanilluxe
|-damage|p1b: Vanilluxe|4/100
|move|p1b: Vanilluxe|Blizzard|p2b: Archaludon|[spread] p2a,p2b
|-damage|p2a: THE GOAT|0 fnt
|-damage|p2b: Archaludon|0 fnt
|faint|p2a: THE GOAT
|faint|p2b: Archaludon
|
|-weather|RainDance|[upkeep]
|upkeep
|c|ŌśåSaecha0|no way
|c|ŌśåSaikoCEO|UR SO LUCKY
|c|ŌśåSaikoCEO|UR SO FUCKING LUCKY
|c|ŌśåSaecha0|70%
|c|ŌśåSaecha0|LMFAOOO
|
|t:|1785440136
|switch|p2b: Basculegion|Basculegion, L50, M|100/100
|turn|6
|c|ŌśåSaecha0|NO WAY
|
|t:|1785440151
|switch|p1b: Garchomp|Garchomp, L50, F|90/100
|move|p2b: Basculegion|Last Respects|p1b: Garchomp
|-crit|p1b: Garchomp
|-damage|p1b: Garchomp|0 fnt
|faint|p1b: Garchomp
|-damage|p2b: Basculegion|90/100|[from] item: Life Orb
|move|p1a: Whimsicott|Moonblast|p2b: Basculegion
|-damage|p2b: Basculegion|60/100
|
|-weather|RainDance|[upkeep]
|upkeep
|
|t:|1785440162
|switch|p1b: Vanilluxe|Vanilluxe, L50, F, shiny|4/100
|-weather|Snowscape|[from] ability: Snow Warning|[of] p1b: Vanilluxe
|turn|7
|
|t:|1785440170
|move|p1b: Vanilluxe|Protect|p1b: Vanilluxe
|-singleturn|p1b: Vanilluxe|Protect
|move|p2b: Basculegion|Aqua Jet|p1b: Vanilluxe
|-activate|p1b: Vanilluxe|move: Protect
|move|p1a: Whimsicott|Moonblast|p2b: Basculegion
|-damage|p2b: Basculegion|25/100
|
|-weather|Snowscape|[upkeep]
|upkeep
|turn|8
|c|ŌśåSaikoCEO|brooooo
|
|t:|1785440194
|move|p2b: Basculegion|Aqua Jet|p1b: Vanilluxe
|-damage|p1b: Vanilluxe|0 fnt
|faint|p1b: Vanilluxe
|-damage|p2b: Basculegion|15/100|[from] item: Life Orb
|move|p1a: Whimsicott|Moonblast|p2b: Basculegion
|-damage|p2b: Basculegion|0 fnt
|faint|p2b: Basculegion
|
|win|Saecha0
|c|ŌśåSaikoCEO|gg
|c|ŌśåSaecha0|Ggs
|l|ŌśåSaecha0
|player|p1|
|j|ŌśåSaecha0
|player|p1|Saecha0|265|
