|j|☆BrutalBjoern
|j|☆BenniBenBau
|html|BrutalBjoernBenniBenBau    
|uhtml|bestof|Game 1 of a best-of-3
|t:|1756407348
|gametype|doubles
|player|p1|BrutalBjoern|lady-gen4|
|player|p2|BenniBenBau|brycen|
|gen|9
|tier|[Gen 9] VGC 2025 Reg H (Bo3)
|rule|Species Clause: Limit one of each Pokémon
|rule|Item Clause: Limit 1 of each item
|clearpoke
|poke|p1|Serperior, L50, M|
|poke|p1|Grimmsnarl, L50, M|
|poke|p1|Sneasler, L50, F|
|poke|p1|Volcarona, L50, M|
|poke|p1|Dragapult, L50, M|
|poke|p1|Primarina, L50, F|
|poke|p2|Politoed, L50, M|
|poke|p2|Archaludon, L50, F|
|poke|p2|Kingdra, L50, F|
|poke|p2|Incineroar, L50, M|
|poke|p2|Amoonguss, L50, M|
|poke|p2|Gothitelle, L50, M|
|teampreview|4
|showteam|p1|Serperior||Leftovers|Contrary|LeafStorm,TeraBlast,Protect,GrassPledge|||M|||50|,,,,,Stellar]Grimmsnarl||LightClay|Prankster|LightScreen,Reflect,ScaryFace,Assurance|||M|||50|,,,,,Ghost]Sneasler||FocusSash|Unburden|DireClaw,CloseCombat,FakeOut,Taunt|||F|||50|,,,,,Stellar]Volcarona||RockyHelmet|FlameBody|RagePowder,WillOWisp,Tailwind,FieryDance|||M|||50|,,,,,Grass]Dragapult||ChoiceBand|ClearBody|PhantomForce,DragonDarts,TeraBlast,SuckerPunch|||M|||50|,,,,,Ghost]Primarina||LifeOrb|LiquidVoice|WaterPledge,Moonblast,HyperVoice,Protect|||F|||50|,,,,,Poison
|showteam|p2|Politoed||Leftovers|Drizzle|Protect,WeatherBall,PerishSong,Encore|||M|||50|,,,,,Grass]Archaludon||PowerHerb|Sturdy|Protect,ElectroShot,FlashCannon,DragonPulse|||F|||50|,,,,,Electric]Kingdra||LifeOrb|SwiftSwim|Protect,DracoMeteor,WeatherBall,MuddyWater|||F|||50|,,,,,Stellar]Incineroar||SafetyGoggles|Intimidate|FakeOut,KnockOff,PartingShot,Protect|||M|||50|,,,,,Ghost]Amoonguss||EjectButton|Regenerator|Protect,RagePowder,Spore,PollenPuff|||M|||50|,,,,,Fairy]Gothitelle||SitrusBerry|ShadowTag|Protect,Psychic,FakeOut,TrickRoom|||M|||50|,,,,,Dark
|
|t:|1756407419
|teamsize|p1|4
|teamsize|p2|4
|start
|switch|p1a: Sneasler|Sneasler, L50, F|100/100
|switch|p1b: Volcarona|Volcarona, L50, M|100/100
|switch|p2a: Gothitelle|Gothitelle, L50, M|100/100
|switch|p2b: Kingdra|Kingdra, L50, F|100/100
|turn|1
|
|t:|1756407447
|move|p2b: Kingdra|Protect|p2b: Kingdra
|-singleturn|p2b: Kingdra|Protect
|move|p1a: Sneasler|Fake Out|p2b: Kingdra
|-activate|p2b: Kingdra|move: Protect
|move|p1b: Volcarona|Tailwind|p1b: Volcarona
|-sidestart|p1: BrutalBjoern|move: Tailwind
|move|p2a: Gothitelle|Trick Room|p2a: Gothitelle
|-fieldstart|move: Trick Room|[of] p2a: Gothitelle
|
|upkeep
|turn|2
|
|t:|1756407484
|-terastallize|p1b: Volcarona|Grass
|move|p1b: Volcarona|Rage Powder|p1b: Volcarona
|-singleturn|p1b: Volcarona|move: Rage Powder
|move|p2a: Gothitelle|Psychic|p1b: Volcarona
|-damage|p1b: Volcarona|72/100
|move|p2b: Kingdra|Muddy Water|p1a: Sneasler|[spread] p1a,p1b
|-resisted|p1b: Volcarona
|-damage|p1a: Sneasler|53/100
|-damage|p1b: Volcarona|56/100
|-unboost|p1a: Sneasler|accuracy|1
|-damage|p2b: Kingdra|91/100|[from] item: Life Orb
|move|p1a: Sneasler|Dire Claw|p2b: Kingdra
|-damage|p2b: Kingdra|41/100
|-status|p2b: Kingdra|par
|
|upkeep
|turn|3
|
|t:|1756407515
|switch|p2a: Politoed|Politoed, L50, M|100/100
|-weather|RainDance|[from] ability: Drizzle|[of] p2a: Politoed
|move|p1b: Volcarona|Rage Powder|p1b: Volcarona
|-singleturn|p1b: Volcarona|move: Rage Powder
|move|p2b: Kingdra|Muddy Water|p1b: Volcarona|[spread] p1a,p1b
|-resisted|p1b: Volcarona
|-damage|p1a: Sneasler|0 fnt
|-damage|p1b: Volcarona|33/100
|-unboost|p1b: Volcarona|accuracy|1
|faint|p1a: Sneasler
|-damage|p2b: Kingdra|31/100 par|[from] item: Life Orb
|
|-weather|RainDance|[upkeep]
|upkeep
|
|t:|1756407530
|switch|p1a: Primarina|Primarina, L50, F|100/100
|turn|4
|
|t:|1756407553
|switch|p1b: Dragapult|Dragapult, L50, M|100/100
|move|p2a: Politoed|Encore||[still]
|-fail|p2a: Politoed
|cant|p2b: Kingdra|par
|move|p1a: Primarina|Moonblast|p2a: Politoed
|-damage|p2a: Politoed|45/100
|-damage|p1a: Primarina|91/100|[from] item: Life Orb
|
|-weather|RainDance|[upkeep]
|-heal|p2a: Politoed|51/100|[from] item: Leftovers
|-sideend|p1: BrutalBjoern|move: Tailwind
|upkeep
|turn|5
|
|t:|1756407579
|switch|p1b: Volcarona|Volcarona, L50, M, tera:Grass|33/100
|move|p1a: Primarina|Moonblast|p2a: Politoed
|-damage|p2a: Politoed|0 fnt
|faint|p2a: Politoed
|-damage|p1a: Primarina|81/100|[from] item: Life Orb
|cant|p2b: Kingdra|par
|
|-weather|RainDance|[upkeep]
|-fieldend|move: Trick Room
|upkeep
|
|t:|1756407589
|switch|p2a: Gothitelle|Gothitelle, L50, M|100/100
|turn|6
|
|t:|1756407628
|move|p2a: Gothitelle|Fake Out|p1a: Primarina
|-damage|p1a: Primarina|74/100
|move|p2b: Kingdra|Muddy Water|p1a: Primarina|[spread] p1a,p1b
|-resisted|p1a: Primarina
|-resisted|p1b: Volcarona
|-damage|p1a: Primarina|49/100
|-damage|p1b: Volcarona|6/100
|-unboost|p1b: Volcarona|accuracy|1
|-damage|p2b: Kingdra|21/100 par|[from] item: Life Orb
|move|p1b: Volcarona|Fiery Dance|p2a: Gothitelle
|-damage|p2a: Gothitelle|88/100
|-boost|p1b: Volcarona|spa|1
|cant|p1a: Primarina|flinch
|
|-weather|RainDance|[upkeep]
|upkeep
|turn|7
|
|t:|1756407646
|move|p2b: Kingdra|Muddy Water|p1a: Primarina|[spread] p1a,p1b
|-resisted|p1a: Primarina
|-resisted|p1b: Volcarona
|-damage|p1a: Primarina|26/100
|-damage|p1b: Volcarona|0 fnt
|-unboost|p1a: Primarina|accuracy|1
|faint|p1b: Volcarona
|-damage|p2b: Kingdra|11/100 par|[from] item: Life Orb
|move|p1a: Primarina|Hyper Voice|p2a: Gothitelle|[spread] p2a,p2b
|-resisted|p2b: Kingdra
|-damage|p2a: Gothitelle|35/100
|-damage|p2b: Kingdra|0 fnt
|-enditem|p2a: Gothitelle|Sitrus Berry|[eat]
|-heal|p2a: Gothitelle|60/100|[from] item: Sitrus Berry
|faint|p2b: Kingdra
|-damage|p1a: Primarina|16/100|[from] item: Life Orb
|move|p2a: Gothitelle|Psychic|p1a: Primarina
|-damage|p1a: Primarina|0 fnt
|faint|p1a: Primarina
|
|-weather|none
|upkeep
|
|t:|1756407663
|switch|p2b: Amoonguss|Amoonguss, L50, M|100/100
|switch|p1a: Dragapult|Dragapult, L50, M|100/100
|turn|8
|
|t:|1756407693
|move|p2a: Gothitelle|Protect|p2a: Gothitelle
|-singleturn|p2a: Gothitelle|Protect
|move|p2b: Amoonguss|Protect|p2b: Amoonguss
|-singleturn|p2b: Amoonguss|Protect
|move|p1a: Dragapult|Phantom Force||[still]
|-prepare|p1a: Dragapult|Phantom Force
|
|upkeep
|turn|9
|
|t:|1756407708
|-terastallize|p2a: Gothitelle|Dark
|move|p2b: Amoonguss|Rage Powder|p2b: Amoonguss
|-singleturn|p2b: Amoonguss|move: Rage Powder
|move|p1a: Dragapult|Phantom Force|p2b: Amoonguss|[from] lockedmove
|-damage|p2b: Amoonguss|44/100
|move|p2a: Gothitelle|Trick Room|p2a: Gothitelle
|-fieldstart|move: Trick Room|[of] p2a: Gothitelle
|
|upkeep
|turn|10
|
|t:|1756407718
|move|p2b: Amoonguss|Spore|p1a: Dragapult
|-status|p1a: Dragapult|slp|[from] move: Spore
|move|p2a: Gothitelle|Psychic|p1a: Dragapult
|-damage|p1a: Dragapult|57/100 slp
|cant|p1a: Dragapult|slp
|
|upkeep
|turn|11
|
|t:|1756407729
|move|p2b: Amoonguss|Pollen Puff|p1a: Dragapult
|-resisted|p1a: Dragapult
|-damage|p1a: Dragapult|43/100 slp
|move|p2a: Gothitelle|Psychic|p1a: Dragapult
|-damage|p1a: Dragapult|1/100 slp
|cant|p1a: Dragapult|slp
|
|upkeep
|turn|12
|
|t:|1756407740
|move|p2b: Amoonguss|Pollen Puff|p1a: Dragapult
|-resisted|p1a: Dragapult
|-damage|p1a: Dragapult|0 fnt
|faint|p1a: Dragapult
|
|win|BenniBenBau
||BenniBenBau is ready for game 2.
|inactive|BrutalBjoern has 30 seconds to confirm battle start!
|inactive|BrutalBjoern has 20 seconds to confirm battle start!
|inactive|BrutalBjoern has 10 seconds to confirm battle start!
|l|☆BrutalBjoern
|player|p1|
||BrutalBjoern is ready for game 2.
|uhtml|next|Next: Game 2 of 3
|l|☆BenniBenBau
|player|p2|
|j|☆BrutalBjoern
|player|p1|BrutalBjoern|lady-gen4|
