|j|☆starlight74
|j|☆Dragonite miss
|html|starlight74Dragonite miss    
|uhtml|bestof|Game 2 of a best-of-3
|t:|1755462515
|gametype|doubles
|player|p1|starlight74|emma|1311
|player|p2|Dragonite miss|170|1463
|gen|9
|tier|[Gen 9] VGC 2025 Reg H (Bo3)
|rated|
|rule|Species Clause: Limit one of each Pokémon
|rule|Item Clause: Limit 1 of each item
|clearpoke
|poke|p1|Ursaluna, L50, F|
|poke|p1|Sinistcha, L50|
|poke|p1|Archaludon, L50, F|
|poke|p1|Pelipper, L50, M|
|poke|p1|Basculegion, L50, M|
|poke|p1|Indeedee-F, L50, F|
|poke|p2|Ursaluna-Bloodmoon, L50, M|
|poke|p2|Gholdengo, L50|
|poke|p2|Incineroar, L50, F|
|poke|p2|Clefable, L50, M|
|poke|p2|Dragonite, L50, M|
|poke|p2|Annihilape, L50, F|
|teampreview|4
|showteam|p1|Ursaluna||FlameOrb|Guts|Earthquake,Facade,HeadlongRush,Protect|||F|||50|,,,,,Ghost]Sinistcha||SitrusBerry|Hospitality|MatchaGotcha,LifeDew,TrickRoom,RagePowder||||||50|,,,,,Fairy]Archaludon||AssaultVest|Stamina|ElectroShot,DragonPulse,Snarl,BodyPress|||F|||50|,,,,,Bug]Pelipper||FocusSash|Drizzle|WeatherBall,Hurricane,Protect,Tailwind|||M|||50|,,,,,Ghost]Basculegion||ChoiceBand|SwiftSwim|WaveCrash,AquaJet,LastRespects,FlipTurn|||M|||50|,,,,,Water]Indeedee-F||PsychicSeed|PsychicSurge|FollowMe,Psychic,Protect,TrickRoom|||F|||50|,,,,,Grass
|showteam|p2|Ursaluna-Bloodmoon||AssaultVest|MindsEye|HyperVoice,EarthPower,BloodMoon,VacuumWave|||M|||50|,,,,,Water]Gholdengo||LifeOrb|GoodasGold|MakeItRain,ShadowBall,NastyPlot,Protect||||||50|,,,,,Water]Incineroar||SafetyGoggles|Intimidate|FlareBlitz,KnockOff,PartingShot,FakeOut|||F|||50|,,,,,Ghost]Clefable||SitrusBerry|Unaware|Moonblast,MistyTerrain,FollowMe,Protect|||M|||50|,,,,,Water]Dragonite||LoadedDice|Multiscale|ScaleShot,Tailwind,Haze,Protect|||M|||50|,,,,,Steel]Annihilape||FocusSash|Defiant|CloseCombat,RageFist,Coaching,FinalGambit|||F|||50|,,,,,Grass
|inactive|Battle timer is ON: inactive players will automatically lose when time's up. (requested by starlight74)
|
|t:|1755462544
|teamsize|p1|4
|teamsize|p2|4
|start
|switch|p1a: Indeedee|Indeedee-F, L50, F, shiny|100/100
|switch|p1b: Ursaluna|Ursaluna, L50, F|100/100
|switch|p2a: Annihilape|Annihilape, L50, F|100/100
|switch|p2b: Dragonite|Dragonite, L50, M|100/100
|-fieldstart|move: Psychic Terrain|[from] ability: Psychic Surge|[of] p1a: Indeedee
|-enditem|p1a: Indeedee|Psychic Seed
|-boost|p1a: Indeedee|spd|1|[from] item: Psychic Seed
|turn|1
|
|t:|1755462567
|move|p1a: Indeedee|Protect|p1a: Indeedee
|-singleturn|p1a: Indeedee|Protect
|move|p2a: Annihilape|Close Combat|p1a: Indeedee
|-activate|p1a: Indeedee|move: Protect
|move|p2b: Dragonite|Scale Shot|p1a: Indeedee
|-activate|p1a: Indeedee|move: Protect
|move|p1b: Ursaluna|Earthquake|p2b: Dragonite|[spread] p2a
|-activate|p1a: Indeedee|move: Protect
|-immune|p2b: Dragonite
|-damage|p2a: Annihilape|53/100
|
|-status|p1b: Ursaluna|brn|[from] item: Flame Orb
|upkeep
|turn|2
|
|t:|1755462590
|move|p1b: Ursaluna|Protect|p1b: Ursaluna
|-singleturn|p1b: Ursaluna|Protect
|move|p2a: Annihilape|Close Combat|p1b: Ursaluna
|-activate|p1b: Ursaluna|move: Protect
|move|p2b: Dragonite|Scale Shot|p1a: Indeedee
|-damage|p1a: Indeedee|87/100
|-damage|p1a: Indeedee|72/100
|-damage|p1a: Indeedee|58/100
|-damage|p1a: Indeedee|44/100
|-damage|p1a: Indeedee|30/100
|-hitcount|p1a: Indeedee|5
|-unboost|p2b: Dragonite|def|1
|-boost|p2b: Dragonite|spe|1
|move|p1a: Indeedee|Trick Room|p1a: Indeedee
|-fieldstart|move: Trick Room|[of] p1a: Indeedee
|
|-damage|p1b: Ursaluna|94/100 brn|[from] brn
|upkeep
|turn|3
|
|t:|1755462607
|move|p2b: Dragonite|Protect|p2b: Dragonite
|-singleturn|p2b: Dragonite|Protect
|move|p1a: Indeedee|Follow Me|p1a: Indeedee
|-singleturn|p1a: Indeedee|move: Follow Me
|move|p1b: Ursaluna|Facade|p2b: Dragonite
|-activate|p2b: Dragonite|move: Protect
|move|p2a: Annihilape|Close Combat|p1a: Indeedee
|-damage|p1a: Indeedee|0 fnt
|-unboost|p2a: Annihilape|def|1
|-unboost|p2a: Annihilape|spd|1
|faint|p1a: Indeedee
|
|-damage|p1b: Ursaluna|88/100 brn|[from] brn
|upkeep
|
|t:|1755462611
|switch|p1a: Pelipper|Pelipper, L50, M|100/100
|-weather|RainDance|[from] ability: Drizzle|[of] p1a: Pelipper
|turn|4
|
|t:|1755462632
|switch|p2b: Gholdengo|Gholdengo, L50|100/100
|move|p1b: Ursaluna|Facade|p2b: Gholdengo
|-immune|p2b: Gholdengo
|move|p1a: Pelipper|Hurricane|p2a: Annihilape
|-supereffective|p2a: Annihilape
|-damage|p2a: Annihilape|0 fnt
|faint|p2a: Annihilape
|
|-weather|RainDance|[upkeep]
|-damage|p1b: Ursaluna|82/100 brn|[from] brn
|upkeep
|
|t:|1755462639
|switch|p2a: Ursaluna|Ursaluna-Bloodmoon, L50, M|100/100
|turn|5
|
|t:|1755462650
|move|p2b: Gholdengo|Protect|p2b: Gholdengo
|-singleturn|p2b: Gholdengo|Protect
|move|p2a: Ursaluna|Blood Moon|p1b: Ursaluna
|-crit|p1b: Ursaluna
|-damage|p1b: Ursaluna|0 fnt
|faint|p1b: Ursaluna
|move|p1a: Pelipper|Hurricane|p2b: Gholdengo
|-activate|p2b: Gholdengo|move: Protect
|
|-weather|RainDance|[upkeep]
|-fieldend|move: Psychic Terrain
|upkeep
|
|t:|1755462654
|switch|p1b: Sinistcha|Sinistcha, L50|100/100
|turn|6
|
|t:|1755462670
|move|p1b: Sinistcha|Matcha Gotcha|p2a: Ursaluna|[spread] p2b
|-miss|p1b: Sinistcha|p2a: Ursaluna
|-resisted|p2b: Gholdengo
|-damage|p2b: Gholdengo|88/100
|move|p2a: Ursaluna|Hyper Voice|p1b: Sinistcha|[spread] p1a,p1b
|-damage|p1a: Pelipper|40/100
|-damage|p1b: Sinistcha|70/100
|move|p1a: Pelipper|Weather Ball|p2b: Gholdengo
|-damage|p2b: Gholdengo|12/100
|move|p2b: Gholdengo|Shadow Ball|p1b: Sinistcha
|-supereffective|p1b: Sinistcha
|-damage|p1b: Sinistcha|0 fnt
|faint|p1b: Sinistcha
|-damage|p2b: Gholdengo|2/100|[from] item: Life Orb
|
|-weather|RainDance|[upkeep]
|-fieldend|move: Trick Room
|upkeep
|turn|7
|-message|starlight74 forfeited.
|
|win|Dragonite miss
|raw|starlight74's rating: 1311 → 1299(-12 for losing)
|raw|Dragonite miss's rating: 1463 → 1475(+12 for winning)
|l|☆starlight74
|player|p1|
