|j|‽tkwime
|j|☆naytea
|html|tkwimenaytea    
|uhtml|bestof|Game 2 of a best-of-3
|t:|1757630336
|gametype|doubles
|player|p1|tkwime|artist-gen4|1088
|player|p2|naytea|iris-gen5bw2|1052
|gen|9
|tier|[Gen 9] VGC 2025 Reg H (Bo3)
|rated|
|rule|Species Clause: Limit one of each Pokémon
|rule|Item Clause: Limit 1 of each item
|clearpoke
|poke|p1|Archaludon, L50, M|
|poke|p1|Pelipper, L50, F|
|poke|p1|Sinistcha, L50|
|poke|p1|Ursaluna, L50, M|
|poke|p1|Dragonite, L50, M|
|poke|p1|Gholdengo, L50|
|poke|p2|Rillaboom, L50, F|
|poke|p2|Kingambit, L50, M|
|poke|p2|Sneasler, L50, F|
|poke|p2|Dragonite, L50, F|
|poke|p2|Magmar, L50, F|
|poke|p2|Dondozo, L50, F|
|teampreview|4
|showteam|p1|Archaludon||AssaultVest|Stamina|FlashCannon,ElectroShot,BodyPress,DracoMeteor|||M|||50|,,,,,Bug]Pelipper||FocusSash|Drizzle|Hurricane,Tailwind,MuddyWater,WideGuard|||F|||50|,,,,,Ghost]Sinistcha||SitrusBerry|Hospitality|MatchaGotcha,LifeDew,TrickRoom,RagePowder||||||50|,,,,,Dark]Ursaluna||FlameOrb|Guts|HammerArm,Earthquake,Facade,Protect|||M|||50|,,,,,Bug]Dragonite||LoadedDice|InnerFocus|Haze,ScaleShot,Tailwind,Protect|||M|||50|,,,,,Fairy]Gholdengo||ChoiceScarf|GoodasGold|MakeItRain,ShadowBall,Trick,TeraBlast||||||50|,,,,,Water
|showteam|p2|Rillaboom||AssaultVest|GrassySurge|WoodHammer,GrassyGlide,HighHorsepower,FakeOut|||F|||50|,,,,,Water]Kingambit||BlackGlasses|Defiant|KowtowCleave,SuckerPunch,SwordsDance,Protect|||M|||50|,,,,,Ghost]Sneasler||FocusSash|Unburden|DireClaw,CloseCombat,Coaching,Protect|||F|||50|,,,,,Stellar]Dragonite||LoadedDice|Multiscale|ScaleShot,ExtremeSpeed,Haze,Protect|||F|||50|,,,,,Fairy]Magmar||Eviolite|VitalSpirit|Overheat,WillOWisp,FollowMe,Protect|||F|||50|,,,,,Ghost]Dondozo||Leftovers|Unaware|Liquidation,Fissure,Yawn,Protect|||F|||50|,,,,,Bug
|inactive|Battle timer is ON: inactive players will automatically lose when time's up. (requested by naytea)
|inactive|tkwime has 60 seconds left.
|
|t:|1757630381
|teamsize|p1|4
|teamsize|p2|4
|start
|switch|p1a: Dragonite|Dragonite, L50, M|100/100
|switch|p1b: Gholdengo|Gholdengo, L50|100/100
|switch|p2a: Sneasler|Sneasler, L50, F|100/100
|switch|p2b: Kingambit|Kingambit, L50, M|100/100
|turn|1
|inactive|naytea has 30 seconds left.
|inactive|naytea has 20 seconds left.
|inactive|naytea has 15 seconds left.
|inactive|naytea has 10 seconds left.
|inactive|naytea has 5 seconds left.
|
|t:|1757630436
|move|p1b: Gholdengo|Trick|p2b: Kingambit
|-activate|p1b: Gholdengo|move: Trick|[of] p2b: Kingambit
|-item|p2b: Kingambit|Choice Scarf|[from] move: Trick
|-item|p1b: Gholdengo|Black Glasses|[from] move: Trick
|move|p2a: Sneasler|Dire Claw|p1a: Dragonite
|-damage|p1a: Dragonite|50/100
|-status|p1a: Dragonite|par
|move|p2b: Kingambit|Kowtow Cleave|p1b: Gholdengo
|-supereffective|p1b: Gholdengo
|-damage|p1b: Gholdengo|0 fnt
|faint|p1b: Gholdengo
|cant|p1a: Dragonite|par
|
|upkeep
|
|t:|1757630452
|switch|p1b: Pelipper|Pelipper, L50, F|100/100
|-weather|RainDance|[from] ability: Drizzle|[of] p1b: Pelipper
|turn|2
|j| Arkhept
|l| Arkhept
|
|t:|1757630465
|move|p1a: Dragonite|Protect|p1a: Dragonite
|-singleturn|p1a: Dragonite|Protect
|move|p2a: Sneasler|Dire Claw|p1b: Pelipper
|-damage|p1b: Pelipper|41/100
|move|p1b: Pelipper|Tailwind|p1b: Pelipper
|-sidestart|p1: tkwime|move: Tailwind
|move|p2b: Kingambit|Kowtow Cleave|p1a: Dragonite
|-activate|p1a: Dragonite|move: Protect
|
|-weather|RainDance|[upkeep]
|upkeep
|turn|3
|
|t:|1757630479
|move|p1b: Pelipper|Muddy Water|p2a: Sneasler|[spread] p2a,p2b
|-damage|p2a: Sneasler|38/100
|-damage|p2b: Kingambit|57/100
|move|p2a: Sneasler|Coaching|p2b: Kingambit
|-boost|p2b: Kingambit|atk|1
|-boost|p2b: Kingambit|def|1
|cant|p1a: Dragonite|par
|move|p2b: Kingambit|Kowtow Cleave|p1b: Pelipper
|-damage|p1b: Pelipper|0 fnt
|faint|p1b: Pelipper
|
|-weather|RainDance|[upkeep]
|upkeep
|
|t:|1757630490
|switch|p1b: Archaludon|Archaludon, L50, M|100/100
|turn|4
|inactive|naytea has 30 seconds left.
|
|t:|1757630521
|-terastallize|p1b: Archaludon|Bug
|move|p1b: Archaludon|Electro Shot||[still]
|-prepare|p1b: Archaludon|Electro Shot
|-boost|p1b: Archaludon|spa|1
|-anim|p1b: Archaludon|Electro Shot|p2b: Kingambit
|-damage|p2b: Kingambit|0 fnt
|faint|p2b: Kingambit
|move|p2a: Sneasler|Close Combat|p1b: Archaludon
|-resisted|p1b: Archaludon
|-damage|p1b: Archaludon|73/100
|-unboost|p2a: Sneasler|def|1
|-unboost|p2a: Sneasler|spd|1
|-ability|p1b: Archaludon|Stamina|boost
|-boost|p1b: Archaludon|def|1
|move|p1a: Dragonite|Scale Shot|p2a: Sneasler
|-damage|p2a: Sneasler|1/100
|-damage|p2a: Sneasler|0 fnt
|faint|p2a: Sneasler
|-hitcount|p2: Sneasler|2
|-unboost|p1a: Dragonite|def|1
|-boost|p1a: Dragonite|spe|1
|
|-weather|RainDance|[upkeep]
|upkeep
|
|t:|1757630531
|switch|p2a: Rillaboom|Rillaboom, L50, F|100/100
|switch|p2b: Dondozo|Dondozo, L50, F|100/100
|-fieldstart|move: Grassy Terrain|[from] ability: Grassy Surge|[of] p2a: Rillaboom
|turn|5
|inactive|tkwime has 30 seconds left.
|inactive|tkwime has 20 seconds left.
|inactive|tkwime has 15 seconds left.
|inactive|tkwime has 10 seconds left.
|inactive|tkwime has 5 seconds left.
|
|t:|1757630586
|move|p2a: Rillaboom|Fake Out|p1b: Archaludon
|-damage|p1b: Archaludon|66/100
|-ability|p1b: Archaludon|Stamina|boost
|-boost|p1b: Archaludon|def|1
|cant|p1b: Archaludon|flinch
|move|p1a: Dragonite|Haze|p1a: Dragonite
|-clearallboost
|move|p2b: Dondozo|Yawn|p1b: Archaludon
|-start|p1b: Archaludon|move: Yawn|[of] p2b: Dondozo
|
|-weather|RainDance|[upkeep]
|-heal|p1b: Archaludon|72/100|[from] Grassy Terrain
|-sideend|p1: tkwime|move: Tailwind
|upkeep
|turn|6
|
|t:|1757630609
|move|p2b: Dondozo|Protect|p2b: Dondozo
|-singleturn|p2b: Dondozo|Protect
|move|p2a: Rillaboom|Wood Hammer|p1a: Dragonite
|-resisted|p1a: Dragonite
|-damage|p1a: Dragonite|32/100 par
|-damage|p2a: Rillaboom|96/100|[from] Recoil
|move|p1b: Archaludon|Electro Shot||[still]
|-prepare|p1b: Archaludon|Electro Shot
|-boost|p1b: Archaludon|spa|1
|-anim|p1b: Archaludon|Electro Shot|p2b: Dondozo
|-activate|p2b: Dondozo|move: Protect
|move|p1a: Dragonite|Tailwind|p1a: Dragonite
|-sidestart|p1: tkwime|move: Tailwind
|
|-weather|none
|-heal|p1b: Archaludon|78/100|[from] Grassy Terrain
|-heal|p2a: Rillaboom|100/100|[from] Grassy Terrain
|-end|p1b: Archaludon|move: Yawn|[silent]
|-status|p1b: Archaludon|slp
|upkeep
|turn|7
|inactive|tkwime has 30 seconds left.
|inactive|naytea has 30 seconds left.
|
|t:|1757630638
|cant|p1b: Archaludon|slp
|move|p2a: Rillaboom|Wood Hammer|p1b: Archaludon
|-resisted|p1b: Archaludon
|-damage|p1b: Archaludon|50/100 slp
|-ability|p1b: Archaludon|Stamina|boost
|-boost|p1b: Archaludon|def|1
|-damage|p2a: Rillaboom|93/100|[from] Recoil
|move|p1a: Dragonite|Scale Shot|p2b: Dondozo
|-damage|p2b: Dondozo|91/100
|-damage|p2b: Dondozo|81/100
|-damage|p2b: Dondozo|70/100
|-damage|p2b: Dondozo|60/100
|-damage|p2b: Dondozo|50/100
|-hitcount|p2b: Dondozo|5
|-unboost|p1a: Dragonite|def|1
|-boost|p1a: Dragonite|spe|1
|move|p2b: Dondozo|Fissure|p1b: Archaludon|[miss]
|-miss|p2b: Dondozo|p1b: Archaludon
|
|-heal|p1b: Archaludon|57/100 slp|[from] Grassy Terrain
|-heal|p2a: Rillaboom|99/100|[from] Grassy Terrain
|-heal|p2b: Dondozo|57/100|[from] Grassy Terrain
|-heal|p2b: Dondozo|63/100|[from] item: Leftovers
|upkeep
|turn|8
|inactive|tkwime has 30 seconds left.
|
|t:|1757630669
|-terastallize|p2b: Dondozo|Bug
|cant|p1b: Archaludon|slp
|move|p1a: Dragonite|Scale Shot|p2b: Dondozo
|-damage|p2b: Dondozo|54/100
|-damage|p2b: Dondozo|44/100
|-damage|p2b: Dondozo|33/100
|-damage|p2b: Dondozo|24/100
|-damage|p2b: Dondozo|15/100
|-hitcount|p2b: Dondozo|5
|-unboost|p1a: Dragonite|def|1
|-boost|p1a: Dragonite|spe|1
|move|p2a: Rillaboom|Wood Hammer|p1a: Dragonite
|-resisted|p1a: Dragonite
|-crit|p1a: Dragonite
|-damage|p1a: Dragonite|0 fnt
|faint|p1a: Dragonite
|-damage|p2a: Rillaboom|91/100|[from] Recoil
|move|p2b: Dondozo|Fissure|p1b: Archaludon|[miss]
|-miss|p2b: Dondozo|p1b: Archaludon
|
|-heal|p1b: Archaludon|63/100 slp|[from] Grassy Terrain
|-heal|p2a: Rillaboom|97/100|[from] Grassy Terrain
|-heal|p2b: Dondozo|21/100|[from] Grassy Terrain
|-heal|p2b: Dondozo|27/100|[from] item: Leftovers
|upkeep
|turn|9
|inactive|tkwime has 30 seconds left.
|inactive|naytea has 30 seconds left.
|inactive|tkwime has 20 seconds left.
|
|t:|1757630706
|-curestatus|p1b: Archaludon|slp|[msg]
|move|p1b: Archaludon|Flash Cannon|p2b: Dondozo
|-damage|p2b: Dondozo|0 fnt
|faint|p2b: Dondozo
|move|p2a: Rillaboom|Wood Hammer|p1b: Archaludon
|-resisted|p1b: Archaludon
|-damage|p1b: Archaludon|44/100
|-ability|p1b: Archaludon|Stamina|boost
|-boost|p1b: Archaludon|def|1
|-damage|p2a: Rillaboom|92/100|[from] Recoil
|
|-heal|p1b: Archaludon|50/100|[from] Grassy Terrain
|-heal|p2a: Rillaboom|98/100|[from] Grassy Terrain
|-sideend|p1: tkwime|move: Tailwind
|-fieldend|move: Grassy Terrain
|upkeep
|turn|10
|
|t:|1757630723
|move|p2a: Rillaboom|Wood Hammer|p1b: Archaludon
|-resisted|p1b: Archaludon
|-damage|p1b: Archaludon|40/100
|-ability|p1b: Archaludon|Stamina|boost
|-boost|p1b: Archaludon|def|1
|-damage|p2a: Rillaboom|95/100|[from] Recoil
|move|p1b: Archaludon|Flash Cannon|p2a: Rillaboom
|-damage|p2a: Rillaboom|41/100
|-unboost|p2a: Rillaboom|spd|1
|
|upkeep
|turn|11
|c|☆naytea|gg
|-message|naytea forfeited.
|
|win|tkwime
||naytea is ready for game 3.
||tkwime is ready for game 3.
|uhtml|next|Next: Game 3 of 3
|l|☆naytea
|player|p2|
|l|‽tkwime
|player|p1|
|j|‽tkwime
|player|p1|tkwime|artist-gen4|
