|j|☆lctrem
|j|☆namboyVGC
|html|lctremnamboyVGC    
|uhtml|bestof|Game 1 of a best-of-3
|t:|1756324563
|gametype|doubles
|player|p1|lctrem|2|
|player|p2|namboyVGC|pokemonranger-gen4|
|gen|9
|tier|[Gen 9] VGC 2025 Reg H (Bo3)
|rule|Species Clause: Limit one of each Pokémon
|rule|Item Clause: Limit 1 of each item
|clearpoke
|poke|p1|Baxcalibur, L50, F|
|poke|p1|Kingambit, L50, F|
|poke|p1|Volcarona, L50, F|
|poke|p1|Dondozo, L50, F|
|poke|p1|Sneasler, L50, M|
|poke|p1|Rillaboom, L50, M|
|poke|p2|Sneasler, L50, F|
|poke|p2|Indeedee, L50, M|
|poke|p2|Annihilape, L50, F|
|poke|p2|Tyranitar, L50, M|
|poke|p2|Excadrill, L50, M|
|poke|p2|Hydreigon, L50, F|
|teampreview|4
|showteam|p1|Baxcalibur||LoadedDice|ThermalExchange|ScaleShot,IcicleSpear,IceShard,Protect|||F|||50|,,,,,Ghost]Kingambit||SafetyGoggles|Defiant|KowtowCleave,SuckerPunch,SwordsDance,Protect|||F|||50|,,,,,Ghost]Volcarona||CovertCloak|FlameBody|HeatWave,TeraBlast,QuiverDance,Protect|||F|||50|,,,,,Fairy]Dondozo||Leftovers|Unaware|Liquidation,Fissure,Yawn,Protect|||F|||50|,,,,,Poison]Sneasler||FocusSash|Unburden|CloseCombat,DireClaw,Coaching,Protect|||M|||50|,,,,,Stellar]Rillaboom||AssaultVest|GrassySurge|WoodHammer,GrassyGlide,HighHorsepower,FakeOut|||M|||50|,,,,,Water
|showteam|p2|Sneasler||PsychicSeed|Unburden|CloseCombat,DireClaw,ThroatChop,Protect|||F|||50|,,,,,Dark]Indeedee||ChoiceScarf|PsychicSurge|ExpandingForce,TeraBlast,Trick,DazzlingGleam|||M|||50|,,,,,Fire]Annihilape||SafetyGoggles|Defiant|CloseCombat,RageFist,Taunt,FinalGambit|||F|||50|,,,,,Water]Tyranitar||AssaultVest|SandStream|RockSlide,KnockOff,TeraBlast,LowKick|||M|||50|,,,,,Flying]Excadrill||FocusSash|SandRush|HighHorsepower,Earthquake,IronHead,Protect|||M|||50|,,,,,Stellar]Hydreigon||CovertCloak|Levitate|Snarl,DracoMeteor,Tailwind,Roar|||F|||50|,,,,,Ghost
|inactive|Battle timer is ON: inactive players will automatically lose when time's up. (requested by namboyVGC)
|c|☆namboyVGC|glhf!
|c|☆lctrem|hf
|inactive|lctrem has 60 seconds left.
|inactive|namboyVGC has 60 seconds left.
|inactive|namboyVGC has 30 seconds left.
|inactive|namboyVGC has 20 seconds left.
|inactive|namboyVGC has 15 seconds left.
|
|t:|1756324642
|teamsize|p1|4
|teamsize|p2|4
|start
|switch|p1a: Rillaboom|Rillaboom, L50, M|100/100
|switch|p1b: Volcarona|Volcarona, L50, F|100/100
|switch|p2a: Excadrill|Excadrill, L50, M|100/100
|switch|p2b: Tyranitar|Tyranitar, L50, M|100/100
|-fieldstart|move: Grassy Terrain|[from] ability: Grassy Surge|[of] p1a: Rillaboom
|-weather|Sandstorm|[from] ability: Sand Stream|[of] p2b: Tyranitar
|turn|1
|
|t:|1756324665
|switch|p1b: Dondozo|Dondozo, L50, F|100/100
|-terastallize|p2b: Tyranitar|Flying
|move|p2a: Excadrill|Iron Head|p1a: Rillaboom
|-damage|p1a: Rillaboom|53/100
|move|p1a: Rillaboom|Wood Hammer|p2b: Tyranitar
|-resisted|p2b: Tyranitar
|-damage|p2b: Tyranitar|64/100
|-damage|p1a: Rillaboom|41/100|[from] Recoil
|move|p2b: Tyranitar|Tera Blast|p1a: Rillaboom|[anim] Tera Blast Flying
|-supereffective|p1a: Rillaboom
|-damage|p1a: Rillaboom|0 fnt
|faint|p1a: Rillaboom
|
|-weather|Sandstorm|[upkeep]
|-damage|p2b: Tyranitar|58/100|[from] Sandstorm
|-damage|p1b: Dondozo|94/100|[from] Sandstorm
|-heal|p1b: Dondozo|100/100|[from] Grassy Terrain
|upkeep
|
|t:|1756324674
|switch|p1a: Sneasler|Sneasler, L50, M|100/100
|turn|2
|
|t:|1756324697
|move|p2a: Excadrill|Iron Head|p1a: Sneasler
|-damage|p1a: Sneasler|15/100
|move|p1a: Sneasler|Dire Claw|p2b: Tyranitar
|-damage|p2b: Tyranitar|18/100
|move|p2b: Tyranitar|Tera Blast|p1a: Sneasler|[anim] Tera Blast Flying
|-supereffective|p1a: Sneasler
|-damage|p1a: Sneasler|0 fnt
|faint|p1a: Sneasler
|move|p1b: Dondozo|Liquidation|p2a: Excadrill
|-supereffective|p2a: Excadrill
|-damage|p2a: Excadrill|12/100
|-unboost|p2a: Excadrill|def|1
|
|-weather|Sandstorm|[upkeep]
|-damage|p2b: Tyranitar|13/100|[from] Sandstorm
|-damage|p1b: Dondozo|94/100|[from] Sandstorm
|-heal|p2a: Excadrill|18/100|[from] Grassy Terrain
|-heal|p1b: Dondozo|100/100|[from] Grassy Terrain
|upkeep
|
|t:|1756324708
|switch|p1a: Volcarona|Volcarona, L50, F|100/100
|turn|3
|
|t:|1756324717
|move|p2a: Excadrill|Protect|p2a: Excadrill
|-singleturn|p2a: Excadrill|Protect
|move|p1a: Volcarona|Protect|p1a: Volcarona
|-singleturn|p1a: Volcarona|Protect
|move|p2b: Tyranitar|Rock Slide|p1a: Volcarona|[spread] p1b
|-activate|p1a: Volcarona|move: Protect
|-damage|p1b: Dondozo|85/100
|move|p1b: Dondozo|Liquidation|p2a: Excadrill
|-activate|p2a: Excadrill|move: Protect
|
|-weather|Sandstorm|[upkeep]
|-damage|p1a: Volcarona|95/100|[from] Sandstorm
|-damage|p2b: Tyranitar|7/100|[from] Sandstorm
|-damage|p1b: Dondozo|79/100|[from] Sandstorm
|-heal|p2a: Excadrill|24/100|[from] Grassy Terrain
|-heal|p1a: Volcarona|100/100|[from] Grassy Terrain
|-heal|p1b: Dondozo|85/100|[from] Grassy Terrain
|-heal|p1b: Dondozo|92/100|[from] item: Leftovers
|upkeep
|turn|4
|inactive|lctrem has 30 seconds left.
|
|t:|1756324750
|-terastallize|p1a: Volcarona|Fairy
|move|p2a: Excadrill|Iron Head|p1a: Volcarona
|-supereffective|p1a: Volcarona
|-damage|p1a: Volcarona|0 fnt
|faint|p1a: Volcarona
|move|p2b: Tyranitar|Rock Slide|p1b: Dondozo
|-damage|p1b: Dondozo|71/100
|move|p1b: Dondozo|Liquidation|p2a: Excadrill
|-supereffective|p2a: Excadrill
|-damage|p2a: Excadrill|0 fnt
|faint|p2a: Excadrill
|
|-weather|Sandstorm|[upkeep]
|-damage|p2b: Tyranitar|1/100|[from] Sandstorm
|-damage|p1b: Dondozo|65/100|[from] Sandstorm
|-heal|p1b: Dondozo|71/100|[from] Grassy Terrain
|-heal|p1b: Dondozo|78/100|[from] item: Leftovers
|upkeep
|
|t:|1756324769
|switch|p2a: Indeedee|Indeedee, L50, M|100/100
|-fieldstart|move: Psychic Terrain|[from] ability: Psychic Surge|[of] p2a: Indeedee
|turn|5
|-message|lctrem forfeited.
|
|win|namboyVGC
|l|☆lctrem
|player|p1|
||lctrem is ready for game 2.
||namboyVGC is ready for game 2.
|uhtml|next|Next: Game 2 of 3
