|j|☆Drti7
|j|☆Pinoitaliano
|html|Drti7Pinoitaliano    
|uhtml|bestof|Game 2 of a best-of-3
|t:|1756600014
|gametype|doubles
|player|p1|Drti7|265|1084
|player|p2|Pinoitaliano|rika|1062
|gen|9
|tier|[Gen 9] VGC 2025 Reg H (Bo3)
|rated|
|rule|Species Clause: Limit one of each Pokémon
|rule|Item Clause: Limit 1 of each item
|clearpoke
|poke|p1|Tyranitar, L50, F|
|poke|p1|Ursaluna-Bloodmoon, L50, M|
|poke|p1|Electabuzz, L50, M|
|poke|p1|Annihilape, L50, F|
|poke|p1|Talonflame, L50, F|
|poke|p1|Hydreigon, L50, F|
|poke|p2|Murkrow, L50, F|
|poke|p2|Ursaluna, L50, F|
|poke|p2|Ninetales-Alola, L50, M|
|poke|p2|Espathra, L50, F|
|poke|p2|Indeedee, L50, M|
|poke|p2|Sneasler, L50, F|
|teampreview|4
|showteam|p1|Tyranitar||AssaultVest|SandStream|RockSlide,KnockOff,TeraBlast,LowKick|||F|||50|,,,,,Flying]Ursaluna-Bloodmoon||LifeOrb|MindsEye|HyperVoice,BloodMoon,EarthPower,Protect|||M|||50|,,,,,Water]Electabuzz||Eviolite|VitalSpirit|Electroweb,FollowMe,LightScreen,Protect|||M|||50|,,,,,Ghost]Annihilape||SafetyGoggles|Defiant|DrainPunch,RageFist,BulkUp,Encore|||F|||50|,,,,,Water]Talonflame||CovertCloak|GaleWings|BraveBird,FlareBlitz,Tailwind,Taunt|||F|||50|,,,,,Flying]Hydreigon||ChoiceSpecs|Levitate|DarkPulse,DracoMeteor,EarthPower,HeatWave|||F|||50|,,,,,Fire
|showteam|p2|Murkrow||Eviolite|Prankster|Quash,Tailwind,FoulPlay,Screech|||F|||50|,,,,,Steel]Ursaluna||ChoiceBand|Bulletproof|DoubleEdge,HeadlongRush,GunkShot,Earthquake|||F|||50|,,,,,Ground]Ninetales-Alola||LifeOrb|SnowWarning|IcyWind,Blizzard,Moonblast,Protect|||M|||50|,,,,,Ice]Espathra||FocusSash|SpeedBoost|LuminaCrash,ExpandingForce,TeraBlast,Protect|||F|||50|,,,,,Fighting]Indeedee||ChoiceSpecs|PsychicSurge|ExpandingForce,Psychic,HyperVoice,DazzlingGleam|||M|||50|,,,,,Psychic]Sneasler||WhiteHerb|Unburden|DireClaw,CloseCombat,ThroatChop,Protect|||F|||50|,,,,,Dark
|inactive|Battle timer is ON: inactive players will automatically lose when time's up. (requested by Pinoitaliano)
|inactive|Drti7 has 60 seconds left.
|
|t:|1756600054
|teamsize|p1|4
|teamsize|p2|4
|start
|switch|p1a: Stevo|Hydreigon, L50, F|100/100
|switch|p1b: FijuBriju|Talonflame, L50, F|100/100
|switch|p2a: Murkrow|Murkrow, L50, F|100/100
|switch|p2b: Ursaluna|Ursaluna, L50, F|100/100
|turn|1
|inactive|Drti7 has 30 seconds left.
|inactive|Pinoitaliano has 30 seconds left.
|inactive|Drti7 has 20 seconds left.
|inactive|Drti7 has 15 seconds left.
|inactive|Drti7 has 10 seconds left.
|inactive|Drti7 has 5 seconds left.
|
|t:|1756600109
|-terastallize|p2b: Ursaluna|Ground
|move|p1b: FijuBriju|Brave Bird|p2a: Murkrow
|-damage|p2a: Murkrow|37/100
|-damage|p1b: FijuBriju|78/100|[from] Recoil
|move|p2a: Murkrow|Quash|p1a: Stevo
|-hint|Since gen 7, Dark is immune to Prankster moves.
|-immune|p1a: Stevo
|move|p1a: Stevo|Dark Pulse|p2b: Ursaluna
|-damage|p2b: Ursaluna|27/100
|move|p2b: Ursaluna|Headlong Rush|p1a: Stevo
|-immune|p1a: Stevo|[from] ability: Levitate
|
|upkeep
|turn|2
|inactive|Pinoitaliano has 30 seconds left.
|
|t:|1756600137
|move|p2a: Murkrow|Tailwind|p2a: Murkrow
|-sidestart|p2: Pinoitaliano|move: Tailwind
|move|p2b: Ursaluna|Headlong Rush|p1b: FijuBriju
|-immune|p1b: FijuBriju
|move|p1b: FijuBriju|Brave Bird|p2b: Ursaluna
|-damage|p2b: Ursaluna|0 fnt
|faint|p2b: Ursaluna
|-damage|p1b: FijuBriju|66/100|[from] Recoil
|move|p1a: Stevo|Dark Pulse|p2a: Murkrow
|-resisted|p2a: Murkrow
|-damage|p2a: Murkrow|10/100
|
|upkeep
|
|t:|1756600160
|switch|p2b: Ninetales|Ninetales-Alola, L50, M|100/100
|-weather|Snowscape|[from] ability: Snow Warning|[of] p2b: Ninetales
|turn|3
|
|t:|1756600178
|switch|p1a: Tara|Tyranitar, L50, F|100/100
|-weather|Sandstorm|[from] ability: Sand Stream|[of] p1a: Tara
|move|p2a: Murkrow|Quash|p1b: FijuBriju
|-activate|p1b: FijuBriju|move: Quash
|move|p2b: Ninetales|Moonblast|p1a: Tara
|-supereffective|p1a: Tara
|-crit|p1a: Tara
|-damage|p1a: Tara|38/100
|-unboost|p1a: Tara|spa|1
|-damage|p2b: Ninetales|91/100|[from] item: Life Orb
|move|p1b: FijuBriju|Tailwind|p1b: FijuBriju
|-sidestart|p1: Drti7|move: Tailwind
|
|-weather|Sandstorm|[upkeep]
|-damage|p1b: FijuBriju|60/100|[from] Sandstorm
|-damage|p2b: Ninetales|85/100|[from] Sandstorm
|-damage|p2a: Murkrow|4/100|[from] Sandstorm
|upkeep
|turn|4
|inactive|Drti7 has 30 seconds left.
|inactive|Pinoitaliano has 30 seconds left.
|inactive|Drti7 has 20 seconds left.
|inactive|Pinoitaliano has 20 seconds left.
|inactive|Drti7 has 15 seconds left.
|inactive|Pinoitaliano has 15 seconds left.
|
|t:|1756600221
|move|p2a: Murkrow|Quash|p1b: FijuBriju
|-activate|p1b: FijuBriju|move: Quash
|move|p2b: Ninetales|Moonblast|p1a: Tara
|-supereffective|p1a: Tara
|-damage|p1a: Tara|0 fnt
|faint|p1a: Tara
|-damage|p2b: Ninetales|76/100|[from] item: Life Orb
|move|p1b: FijuBriju|Flare Blitz|p2b: Ninetales
|-supereffective|p2b: Ninetales
|-damage|p2b: Ninetales|0 fnt
|faint|p2b: Ninetales
|-damage|p1b: FijuBriju|36/100|[from] Recoil
|
|-weather|Sandstorm|[upkeep]
|-damage|p1b: FijuBriju|30/100|[from] Sandstorm
|-damage|p2a: Murkrow|0 fnt|[from] Sandstorm
|faint|p2a: Murkrow
|upkeep
|
|t:|1756600241
|switch|p2b: Sneasler|Sneasler, L50, F|100/100
|switch|p1a: Smiley|Annihilape, L50, F|100/100
|turn|5
|
|t:|1756600255
|switch|p1b: Stevo|Hydreigon, L50, F|100/100
|move|p2b: Sneasler|Throat Chop|p1a: Smiley
|-damage|p1a: Smiley|74/100
|-start|p1a: Smiley|Throat Chop|[silent]
|move|p1a: Smiley|Bulk Up|p1a: Smiley
|-boost|p1a: Smiley|atk|1
|-boost|p1a: Smiley|def|1
|
|-weather|Sandstorm|[upkeep]
|-damage|p2b: Sneasler|95/100|[from] Sandstorm
|-damage|p1b: Stevo|95/100|[from] Sandstorm
|-sideend|p2: Pinoitaliano|move: Tailwind
|upkeep
|turn|6
|
|t:|1756600272
|move|p1a: Smiley|Rage Fist|p2b: Sneasler
|-damage|p2b: Sneasler|0 fnt
|faint|p2b: Sneasler
|
|win|Drti7
|inactive|Drti7 has 30 seconds to confirm battle start!
|inactive|Pinoitaliano has 30 seconds to confirm battle start!
|l|☆Drti7
|player|p1|
||Drti7 is ready for game 3.
||Pinoitaliano is ready for game 3.
|uhtml|next|Next: Game 3 of 3
