|j|☆Zady11
|j|☆moth.o
|html|Zady11moth.o    
|uhtml|bestof|Game 1 of a best-of-3
|t:|1757162600
|gametype|doubles
|player|p1|Zady11|guitarist|1202
|player|p2|moth.o|roxie|1301
|gen|9
|tier|[Gen 9] VGC 2025 Reg H (Bo3)
|rated|
|rule|Species Clause: Limit one of each Pokémon
|rule|Item Clause: Limit 1 of each item
|clearpoke
|poke|p1|Whimsicott, L50, M|
|poke|p1|Typhlosion-Hisui, L50, F|
|poke|p1|Basculegion, L50, M|
|poke|p1|Ursaluna-Bloodmoon, L50, M|
|poke|p1|Farigiraf, L50, M|
|poke|p1|Maushold-Four, L50|
|poke|p2|Arcanine-Hisui, L50, M|
|poke|p2|Indeedee-F, L50, F|
|poke|p2|Gallade, L50, M|
|poke|p2|Gholdengo, L50|
|poke|p2|Whimsicott, L50, F|
|poke|p2|Hydreigon, L50, M|
|teampreview|4
|showteam|p1|Whimsicott||CovertCloak|Prankster|Moonblast,SunnyDay,Encore,Tailwind|||M|||50|,,,,,Water]Typhlosion-Hisui||ChoiceSpecs|Blaze|Eruption,HeatWave,ShadowBall,Overheat|||F|||50|,,,,,Fire]Basculegion||ChoiceScarf|Adaptability|WaveCrash,LastRespects,AquaJet,FlipTurn|||M|||50|,,,,,Water]Ursaluna-Bloodmoon||LifeOrb|MindsEye|BloodMoon,HyperVoice,EarthPower,Protect|||M|||50|,,,,,Normal]Farigiraf||ThroatSpray|ArmorTail|HyperVoice,HelpingHand,Psychic,TrickRoom|||M|||50|,,,,,Fire]Maushold-Four||WideLens|Technician|PopulationBomb,Taunt,FollowMe,Protect||||||50|,,,,,Ghost
|showteam|p2|Arcanine-Hisui||SafetyGoggles|Intimidate|RockSlide,FlareBlitz,ExtremeSpeed,Protect|||M|||50|,,,,,Fairy]Indeedee-F||SitrusBerry|PsychicSurge|TrickRoom,FollowMe,Psychic,HelpingHand|||F|||50|,,,,,Fairy]Gallade||LifeOrb|Sharpness|Protect,WideGuard,SacredSword,PsychoCut|||M|||50|,,,,,Grass]Gholdengo||ChoiceSpecs|GoodasGold|Trick,ShadowBall,MakeItRain,PowerGem||||||50|,,,,,Water]Whimsicott||CovertCloak|Prankster|SunnyDay,Moonblast,Encore,Tailwind|||F|||50|,,,,,Dark]Hydreigon||AssaultVest|Levitate|Uturn,Snarl,DarkPulse,DracoMeteor|||M|||50|,,,,,Ghost
|
|t:|1757162700
|teamsize|p1|4
|teamsize|p2|4
|start
|switch|p1a: Sr Rosa|Typhlosion-Hisui, L50, F|100/100
|switch|p1b: Sr Blanco|Maushold-Four, L50|100/100
|switch|p2a: Fenrir|Arcanine-Hisui, L50, M|100/100
|switch|p2b: Triquiñuela|Whimsicott, L50, F, shiny|100/100
|-ability|p2a: Fenrir|Intimidate|boost
|-unboost|p1a: Sr Rosa|atk|1
|-unboost|p1b: Sr Blanco|atk|1
|turn|1
|inactive|Battle timer is ON: inactive players will automatically lose when time's up. (requested by Zady11)
|inactive|Zady11 has 60 seconds left.
|
|t:|1757162737
|switch|p1a: Sr Rubio|Whimsicott, L50, M|100/100
|move|p2b: Triquiñuela|Tailwind|p2b: Triquiñuela
|-sidestart|p2: moth.o|move: Tailwind
|move|p2a: Fenrir|Rock Slide|p1b: Sr Blanco|[spread] p1b
|-miss|p2a: Fenrir|p1a: Sr Rubio
|-damage|p1b: Sr Blanco|56/100
|move|p1b: Sr Blanco|Taunt|p2b: Triquiñuela
|-start|p2b: Triquiñuela|move: Taunt
|
|upkeep
|turn|2
|
|t:|1757162759
|move|p1a: Sr Rubio|Tailwind|p1a: Sr Rubio
|-sidestart|p1: Zady11|move: Tailwind
|move|p1b: Sr Blanco|Population Bomb|p2b: Triquiñuela
|-damage|p2b: Triquiñuela|92/100
|-damage|p2b: Triquiñuela|85/100
|-damage|p2b: Triquiñuela|76/100
|-damage|p2b: Triquiñuela|68/100
|-damage|p2b: Triquiñuela|60/100
|-crit|p2b: Triquiñuela
|-damage|p2b: Triquiñuela|41/100
|-damage|p2b: Triquiñuela|32/100
|-damage|p2b: Triquiñuela|25/100
|-damage|p2b: Triquiñuela|17/100
|-damage|p2b: Triquiñuela|9/100
|-hitcount|p2b: Triquiñuela|10
|move|p2b: Triquiñuela|Moonblast|p1a: Sr Rubio
|-damage|p1a: Sr Rubio|73/100
|move|p2a: Fenrir|Rock Slide|p1b: Sr Blanco|[spread] p1a,p1b
|-damage|p1a: Sr Rubio|45/100
|-damage|p1b: Sr Blanco|13/100
|
|upkeep
|turn|3
|inactive|Zady11 has 30 seconds left.
|inactive|moth.o has 30 seconds left.
|inactive|Zady11 has 20 seconds left.
|inactive|Zady11 has 15 seconds left.
|inactive|Zady11 has 10 seconds left.
|inactive|Zady11 has 5 seconds left.
|
|t:|1757162809
|move|p1a: Sr Rubio|Sunny Day|p1a: Sr Rubio
|-weather|SunnyDay
|move|p1b: Sr Blanco|Population Bomb|p2a: Fenrir
|-resisted|p2a: Fenrir
|-crit|p2a: Fenrir
|-damage|p2a: Fenrir|90/100
|-resisted|p2a: Fenrir
|-damage|p2a: Fenrir|85/100
|-resisted|p2a: Fenrir
|-damage|p2a: Fenrir|81/100
|-resisted|p2a: Fenrir
|-crit|p2a: Fenrir
|-damage|p2a: Fenrir|71/100
|-resisted|p2a: Fenrir
|-damage|p2a: Fenrir|66/100
|-resisted|p2a: Fenrir
|-damage|p2a: Fenrir|61/100
|-resisted|p2a: Fenrir
|-damage|p2a: Fenrir|56/100
|-resisted|p2a: Fenrir
|-damage|p2a: Fenrir|51/100
|-resisted|p2a: Fenrir
|-damage|p2a: Fenrir|46/100
|-resisted|p2a: Fenrir
|-damage|p2a: Fenrir|41/100
|-hitcount|p2a: Fenrir|10
|move|p2b: Triquiñuela|Moonblast|p1a: Sr Rubio
|-damage|p1a: Sr Rubio|17/100
|move|p2a: Fenrir|Rock Slide|p1b: Sr Blanco|[spread] p1a,p1b
|-damage|p1a: Sr Rubio|0 fnt
|-damage|p1b: Sr Blanco|0 fnt
|faint|p1a: Sr Rubio
|faint|p1b: Sr Blanco
|
|-weather|SunnyDay|[upkeep]
|upkeep
|
|t:|1757162818
|switch|p1b: Sr Azul|Basculegion, L50, M|100/100
|switch|p1a: Sr Rosa|Typhlosion-Hisui, L50, F|100/100
|turn|4
|
|t:|1757162842
|move|p2a: Fenrir|Protect|p2a: Fenrir
|-singleturn|p2a: Fenrir|Protect
|move|p1b: Sr Azul|Last Respects|p2a: Fenrir
|-activate|p2a: Fenrir|move: Protect
|move|p2b: Triquiñuela|Moonblast|p1b: Sr Azul
|-crit|p1b: Sr Azul
|-damage|p1b: Sr Azul|51/100
|-unboost|p1b: Sr Azul|spa|1
|move|p1a: Sr Rosa|Eruption|p2a: Fenrir|[spread] p2b
|-activate|p2a: Fenrir|move: Protect
|-supereffective|p2b: Triquiñuela
|-damage|p2b: Triquiñuela|0 fnt
|faint|p2b: Triquiñuela
|
|-weather|SunnyDay|[upkeep]
|-sideend|p2: moth.o|move: Tailwind
|upkeep
|
|t:|1757162864
|switch|p2b: Galantería|Gallade, L50, M, shiny|100/100
|turn|5
|
|t:|1757162884
|move|p2b: Galantería|Wide Guard|p2b: Galantería
|-singleturn|p2b: Galantería|Wide Guard
|move|p1b: Sr Azul|Last Respects|p2a: Fenrir
|-damage|p2a: Fenrir|0 fnt
|faint|p2a: Fenrir
|move|p1a: Sr Rosa|Eruption|p2b: Galantería
|-activate|p2b: Galantería|move: Wide Guard
|
|-weather|SunnyDay|[upkeep]
|-sideend|p1: Zady11|move: Tailwind
|upkeep
|
|t:|1757162895
|switch|p2a: Odisea|Hydreigon, L50, M, shiny|100/100
|turn|6
|
|t:|1757162915
|-terastallize|p1a: Sr Rosa|Fire
|move|p2b: Galantería|Wide Guard|p2b: Galantería
|-singleturn|p2b: Galantería|Wide Guard
|move|p1b: Sr Azul|Last Respects|p2b: Galantería
|-supereffective|p2b: Galantería
|-damage|p2b: Galantería|0 fnt
|faint|p2b: Galantería
|move|p1a: Sr Rosa|Eruption|p2a: Odisea
|-activate|p2a: Odisea|move: Wide Guard
|move|p2a: Odisea|Dark Pulse|p1b: Sr Azul
|-supereffective|p1b: Sr Azul
|-damage|p1b: Sr Azul|0 fnt
|faint|p1b: Sr Azul
|
|-weather|SunnyDay|[upkeep]
|upkeep
|turn|7
|
|t:|1757162936
|move|p1a: Sr Rosa|Eruption|p2a: Odisea
|-resisted|p2a: Odisea
|-damage|p2a: Odisea|31/100
|move|p2a: Odisea|Draco Meteor|p1a: Sr Rosa
|-damage|p1a: Sr Rosa|19/100
|-unboost|p2a: Odisea|spa|2
|
|-weather|none
|upkeep
|turn|8
|
|t:|1757162947
|move|p1a: Sr Rosa|Eruption|p2a: Odisea
|-resisted|p2a: Odisea
|-damage|p2a: Odisea|15/100
|move|p2a: Odisea|Dark Pulse|p1a: Sr Rosa
|-damage|p1a: Sr Rosa|0 fnt
|faint|p1a: Sr Rosa
|
|win|moth.o
||Zady11 is ready for game 2.
||moth.o is ready for game 2.
|uhtml|next|Next: Game 2 of 3
|l|☆Zady11
|player|p1|
