|j|☆angusgrind13
|j|☆Pep_uni
|html|angusgrind13Pep_uni    
|uhtml|bestof|Game 1 of a best-of-3
|t:|1785139530
|gametype|doubles
|player|p1|angusgrind13|pokemonranger-gen4|1178
|player|p2|Pep_uni|101|1261
|gen|9
|tier|[Gen 9 Champions] VGC 2026 Reg M-B (Bo3)
|rated|
|rule|Species Clause: Limit one of each Pokémon
|rule|Item Clause: Limit 1 of each item
|clearpoke
|poke|p1|Primarina, L50, F|
|poke|p1|Kingambit, L50, M|
|poke|p1|Froslass, L50, F|
|poke|p1|Sneasler, L50, F|
|poke|p1|Lycanroc-Dusk, L50, F|
|poke|p1|Dragonite, L50, M|
|poke|p2|Froslass, L50, F, shiny|
|poke|p2|Dragonite, L50, F, shiny|
|poke|p2|Toxapex, L50, F, shiny|
|poke|p2|Sneasler, L50, M|
|poke|p2|Kingambit, L50, M|
|poke|p2|Blaziken, L50, F, shiny|
|teampreview|4
|showteam|p1|Primarina||LifeOrb|LiquidVoice|HyperVoice,Moonblast,Haze,Protect|Modest||F|||50|]Kingambit||BlackGlasses|Defiant|KowtowCleave,SuckerPunch,SwordsDance,Protect|Adamant||M|||50|]Froslass||Froslassite|CursedBody|Blizzard,ShadowBall,AuroraVeil,Protect|Timid||F|||50|]Sneasler||WhiteHerb|Unburden|GunkShot,CloseCombat,FakeOut,Protect|Adamant||F|||50|]Lycanroc-Dusk||FocusSash|ToughClaws|RockSlide,Accelerock,CloseCombat,Protect|Adamant||F|||50|]Dragonite||Dragoninite|Multiscale|DragonPulse,Flamethrower,Tailwind,Protect|Modest||M|||50|
|showteam|p2|Froslass||Froslassite|CursedBody|Blizzard,ShadowBall,AuroraVeil,Protect|Timid||F|||50|]Dragonite||LifeOrb|InnerFocus|DragonClaw,ExtremeSpeed,LowKick,Protect|Adamant||F|||50|]Toxapex||Leftovers|Regenerator|Infestation,Toxic,WideGuard,BanefulBunker|Bold||F|||50|]Sneasler||FocusSash|PoisonTouch|CloseCombat,PoisonJab,FakeOut,Protect|Jolly||M|||50|]Kingambit||BlackGlasses|Defiant|KowtowCleave,IronHead,SuckerPunch,Protect|Adamant||M|||50|]Blaziken||Blazikenite|SpeedBoost|CloseCombat,FlareBlitz,RockSlide,Protect|Adamant||F|||50|
|inactive|Battle timer is ON: inactive players will automatically lose when time's up. (requested by angusgrind13)
|
|t:|1785139558
|teamsize|p1|4
|teamsize|p2|4
|start
|switch|p1a: Froslass|Froslass, L50, F|100/100
|switch|p1b: Sneasler|Sneasler, L50, F|100/100
|switch|p2a: Sneasler|Sneasler, L50, M|100/100
|switch|p2b: Froslass|Froslass, L50, F, shiny|100/100
|turn|1
|
|t:|1785139580
|detailschange|p1a: Froslass|Froslass-Mega, L50, F
|-mega|p1a: Froslass|Froslass|Froslassite
|-weather|Snowscape|[from] ability: Snow Warning|[of] p1a: Froslass
|detailschange|p2b: Froslass|Froslass-Mega, L50, F, shiny
|-mega|p2b: Froslass|Froslass|Froslassite
|move|p1b: Sneasler|Protect|p1b: Sneasler
|-singleturn|p1b: Sneasler|Protect
|move|p2a: Sneasler|Fake Out|p1b: Sneasler
|-activate|p1b: Sneasler|move: Protect
|move|p1a: Froslass|Aurora Veil|p1a: Froslass
|-sidestart|p1: angusgrind13|move: Aurora Veil
|move|p2b: Froslass|Aurora Veil|p2b: Froslass
|-sidestart|p2: Pep_uni|move: Aurora Veil
|
|-weather|Snowscape|[upkeep]
|upkeep
|turn|2
|inactive|angusgrind13 has 30 seconds left.
|inactive|Pep_uni has 30 seconds left.
|
|t:|1785139614
|switch|p2a: Toxapex|Toxapex, L50, F, shiny|100/100
|move|p1a: Froslass|Shadow Ball|p2b: Froslass
|-supereffective|p2b: Froslass|1
|-damage|p2b: Froslass|40/100
|-unboost|p2b: Froslass|spd|1
|move|p2b: Froslass|Shadow Ball|p1b: Sneasler
|-damage|p1b: Sneasler|69/100
|move|p1b: Sneasler|Close Combat|p2a: Toxapex
|-resisted|p2a: Toxapex|1
|-damage|p2a: Toxapex|85/100
|-unboost|p1b: Sneasler|def|1
|-unboost|p1b: Sneasler|spd|1
|-enditem|p1b: Sneasler|White Herb
|-clearnegativeboost|p1b: Sneasler|[silent]
|
|-weather|Snowscape|[upkeep]
|-heal|p2a: Toxapex|91/100|[from] item: Leftovers
|upkeep
|turn|3
|
|t:|1785139632
|move|p1b: Sneasler|Protect|p1b: Sneasler
|-singleturn|p1b: Sneasler|Protect
|move|p2b: Froslass|Protect|p2b: Froslass
|-singleturn|p2b: Froslass|Protect
|move|p1a: Froslass|Shadow Ball|p2b: Froslass
|-activate|p2b: Froslass|move: Protect
|move|p2a: Toxapex|Toxic|p1a: Froslass
|-status|p1a: Froslass|tox
|
|-weather|Snowscape|[upkeep]
|-heal|p2a: Toxapex|96/100|[from] item: Leftovers
|-damage|p1a: Froslass|94/100 tox|[from] psn
|upkeep
|turn|4
|
|t:|1785139651
|switch|p2b: Sneasler|Sneasler, L50, M|100/100
|move|p1b: Sneasler|Close Combat|p2a: Toxapex
|-resisted|p2a: Toxapex|1
|-damage|p2a: Toxapex|84/100
|-unboost|p1b: Sneasler|def|1
|-unboost|p1b: Sneasler|spd|1
|move|p1a: Froslass|Shadow Ball|p2b: Sneasler
|-damage|p2b: Sneasler|61/100
|move|p2a: Toxapex|Infestation|p1a: Froslass
|-resisted|p1a: Froslass|1
|-damage|p1a: Froslass|93/100 tox
|-activate|p1a: Froslass|move: Infestation|[of] p2a: Toxapex
|
|-weather|Snowscape|[upkeep]
|-heal|p2a: Toxapex|89/100|[from] item: Leftovers
|-damage|p1a: Froslass|81/100 tox|[from] psn
|-damage|p1a: Froslass|69/100 tox|[from] move: Infestation|[partiallytrapped]
|upkeep
|turn|5
|
|t:|1785139674
|move|p1b: Sneasler|Protect|p1b: Sneasler
|-singleturn|p1b: Sneasler|Protect
|move|p2b: Sneasler|Fake Out|p1b: Sneasler
|-activate|p1b: Sneasler|move: Protect
|move|p1a: Froslass|Shadow Ball|p2a: Toxapex
|-damage|p2a: Toxapex|68/100
|move|p2a: Toxapex|Infestation|p1b: Sneasler
|-activate|p1b: Sneasler|move: Protect
|
|-weather|none
|-heal|p2a: Toxapex|74/100|[from] item: Leftovers
|-damage|p1a: Froslass|52/100 tox|[from] psn
|-damage|p1a: Froslass|40/100 tox|[from] move: Infestation|[partiallytrapped]
|-sideend|p2: Pep_uni|move: Aurora Veil
|-sideend|p1: angusgrind13|move: Aurora Veil
|upkeep
|turn|6
|inactive|angusgrind13 has 30 seconds left.
|
|t:|1785139708
|switch|p1a: Kingambit|Kingambit, L50, M|100/100
|move|p2b: Sneasler|Protect|p2b: Sneasler
|-singleturn|p2b: Sneasler|Protect
|move|p1b: Sneasler|Close Combat|p2a: Toxapex
|-resisted|p2a: Toxapex|1
|-damage|p2a: Toxapex|54/100
|-unboost|p1b: Sneasler|def|1
|-unboost|p1b: Sneasler|spd|1
|move|p2a: Toxapex|Infestation|p1b: Sneasler
|-resisted|p1b: Sneasler|2
|-damage|p1b: Sneasler|67/100
|-activate|p1b: Sneasler|move: Infestation|[of] p2a: Toxapex
|
|-heal|p2a: Toxapex|60/100|[from] item: Leftovers
|-damage|p1b: Sneasler|55/100|[from] move: Infestation|[partiallytrapped]
|upkeep
|turn|7
|
|t:|1785139731
|-heal|p2a: Toxapex|93/100|[from] ability: Regenerator|[silent]
|switch|p2a: Kingambit|Kingambit, L50, M|100/100
|move|p1a: Kingambit|Sucker Punch|p2b: Sneasler
|-resisted|p2b: Sneasler|1
|-damage|p2b: Sneasler|17/100
|move|p1b: Sneasler|Close Combat|p2b: Sneasler
|-resisted|p2b: Sneasler|1
|-damage|p2b: Sneasler|0 fnt
|-unboost|p1b: Sneasler|def|1
|-unboost|p1b: Sneasler|spd|1
|faint|p2b: Sneasler
|
|-end|p1b: Sneasler|Infestation|[partiallytrapped]|[silent]
|upkeep
|
|t:|1785139742
|switch|p2b: Toxapex|Toxapex, L50, F, shiny|93/100
|turn|8
|
|t:|1785139760
|move|p2a: Kingambit|Sucker Punch|p1b: Sneasler
|-resisted|p1b: Sneasler|1
|-damage|p1b: Sneasler|0 fnt
|faint|p1b: Sneasler
|move|p1a: Kingambit|Swords Dance|p1a: Kingambit
|-boost|p1a: Kingambit|atk|2
|move|p2b: Toxapex|Infestation|p1a: Kingambit
|-crit|p1a: Kingambit
|-damage|p1a: Kingambit|94/100
|-activate|p1a: Kingambit|move: Infestation|[of] p2b: Toxapex
|
|-heal|p2b: Toxapex|99/100|[from] item: Leftovers
|-damage|p1a: Kingambit|82/100|[from] move: Infestation|[partiallytrapped]
|upkeep
|
|t:|1785139767
|switch|p1b: Primarina|Primarina, L50, F|100/100
|turn|9
|
|t:|1785139778
|move|p1b: Primarina|Protect|p1b: Primarina
|-singleturn|p1b: Primarina|Protect
|move|p1a: Kingambit|Kowtow Cleave|p2b: Toxapex
|-damage|p2b: Toxapex|18/100
|move|p2a: Kingambit|Kowtow Cleave|p1a: Kingambit
|-resisted|p1a: Kingambit|1
|-crit|p1a: Kingambit
|-damage|p1a: Kingambit|50/100g
|move|p2b: Toxapex|Toxic|p1b: Primarina
|-activate|p1b: Primarina|move: Protect
|
|-heal|p2b: Toxapex|24/100|[from] item: Leftovers
|-damage|p1a: Kingambit|38/100|[from] move: Infestation|[partiallytrapped]
|upkeep
|turn|10
|
|t:|1785139789
|move|p2a: Kingambit|Protect|p2a: Kingambit
|-singleturn|p2a: Kingambit|Protect
|move|p2b: Toxapex|Baneful Bunker|p2b: Toxapex
|-singleturn|p2b: Toxapex|move: Protect
|move|p1a: Kingambit|Sucker Punch||[still]
|-fail|p1a: Kingambit
|move|p1b: Primarina|Hyper Voice|p2b: Toxapex|[spread] 
|-activate|p2a: Kingambit|move: Protect
|-activate|p2b: Toxapex|move: Protect
|
|-heal|p2b: Toxapex|29/100|[from] item: Leftovers
|-damage|p1a: Kingambit|26/100|[from] move: Infestation|[partiallytrapped]
|upkeep
|turn|11
|
|t:|1785139806
|-heal|p2b: Toxapex|63/100|[from] ability: Regenerator|[silent]
|switch|p2b: Froslass|Froslass-Mega, L50, F, shiny|40/100
|-weather|Snowscape|[from] ability: Snow Warning|[of] p2b: Froslass
|move|p1a: Kingambit|Sucker Punch|p2a: Kingambit
|-resisted|p2a: Kingambit|1
|-damage|p2a: Kingambit|62/100
|move|p2a: Kingambit|Sucker Punch||[still]
|-fail|p2a: Kingambit
|move|p1b: Primarina|Hyper Voice|p2b: Froslass|[spread] p2a,p2b
|-damage|p2a: Kingambit|14/100
|-damage|p2b: Froslass|0 fnt
|faint|p2b: Froslass
|-damage|p1b: Primarina|90/100|[from] item: Life Orb
|
|-weather|Snowscape|[upkeep]
|-end|p1a: Kingambit|Infestation|[partiallytrapped]|[silent]
|upkeep
|
|t:|1785139813
|switch|p2b: Toxapex|Toxapex, L50, F, shiny|63/100
|turn|12
|
|t:|1785139824
|move|p2a: Kingambit|Sucker Punch|p1b: Primarina
|-resisted|p1b: Primarina|1
|-damage|p1b: Primarina|56/100
|move|p1b: Primarina|Hyper Voice|p2a: Kingambit|[spread] p2a,p2b
|-resisted|p2b: Toxapex|1
|-damage|p2a: Kingambit|0 fnt
|-damage|p2b: Toxapex|43/100
|faint|p2a: Kingambit
|-damage|p1b: Primarina|46/100|[from] item: Life Orb
|move|p1a: Kingambit|Kowtow Cleave|p2b: Toxapex
|-damage|p2b: Toxapex|0 fnt
|faint|p2b: Toxapex
|
|win|angusgrind13
|inactive|angusgrind13 has 30 seconds to confirm battle start!
|inactive|Pep_uni has 30 seconds to confirm battle start!
