|j|☆Pokeventurer
|j|☆Silhouetiquette
|html|PokeventurerSilhouetiquette    
|uhtml|bestof|Game 2 of a best-of-3
|t:|1757019970
|gametype|doubles
|player|p1|Pokeventurer|2|1098
|player|p2|Silhouetiquette|101|1083
|gen|9
|tier|[Gen 9] VGC 2025 Reg H (Bo3)
|rated|
|rule|Species Clause: Limit one of each Pokémon
|rule|Item Clause: Limit 1 of each item
|clearpoke
|poke|p1|Basculegion, L50, M|
|poke|p1|Pelipper, L50, F|
|poke|p1|Archaludon, L50, F|
|poke|p1|Rillaboom, L50, F|
|poke|p1|Maushold, L50|
|poke|p1|Annihilape, L50, F|
|poke|p2|Tyranitar, L50, F|
|poke|p2|Excadrill, L50, F|
|poke|p2|Kilowattrel, L50, F|
|poke|p2|Volcarona, L50, F|
|poke|p2|Indeedee, L50, M|
|poke|p2|Sneasler, L50, F|
|teampreview|4
|showteam|p1|Basculegion||ChoiceBand|SwiftSwim|WaveCrash,FlipTurn,LastRespects,AquaJet|||M|||50|,,,,,Water]Pelipper||FocusSash|Drizzle|WeatherBall,Hurricane,Tailwind,Protect|||F|||50|,,,,,Stellar]Archaludon||AssaultVest|Stamina|ElectroShot,FlashCannon,Snarl,BodyPress|||F|||50|,,,,,Grass]Rillaboom||CobaBerry|GrassySurge|FakeOut,GrassyGlide,WoodHammer,Uturn|||F|||50|,,,,,Steel]Maushold||CovertCloak|FriendGuard|FollowMe,BeatUp,SuperFang,Taunt||||||50|,,,,,Ghost]Annihilape||SafetyGoggles|Defiant|DrainPunch,RageFist,BulkUp,Protect|||F|||50|,,,,,Fire
|showteam|p2|Tyranitar||AssaultVest|SandStream|RockSlide,KnockOff,TeraBlast,LowKick|||F|||50|,,,,,Flying]Excadrill||ClearAmulet|SandRush|Earthquake,IronHead,StompingTantrum,Protect|||F|||50|,,,,,Ground]Kilowattrel||ChoiceSpecs|Competitive|WeatherBall,Thunderbolt,AirSlash,Hurricane|||F|||50|,,,,,Stellar]Volcarona||SitrusBerry|FlameBody|RagePowder,WillOWisp,Protect,StruggleBug|||F|||50|,,,,,Grass]Indeedee||FocusSash|PsychicSurge|ExpandingForce,Imprison,TrickRoom,TeraBlast|||M|||50|,,,,,Fighting]Sneasler||PsychicSeed|Unburden|DireClaw,CloseCombat,Acrobatics,Protect|||F|||50|,,,,,Flying
|inactive|Battle timer is ON: inactive players will automatically lose when time's up. (requested by Silhouetiquette)
|
|t:|1757020000
|teamsize|p1|4
|teamsize|p2|4
|start
|switch|p1a: MouseySee|Maushold, L50|100/100
|switch|p1b: London Paris&Tokyo|Archaludon, L50, F|100/100
|switch|p2a: Indeedee|Indeedee, L50, M|100/100
|switch|p2b: Sneasler|Sneasler, L50, F|100/100
|-fieldstart|move: Psychic Terrain|[from] ability: Psychic Surge|[of] p2a: Indeedee
|-enditem|p2b: Sneasler|Psychic Seed
|-boost|p2b: Sneasler|spd|1|[from] item: Psychic Seed
|turn|1
|
|t:|1757020014
|-terastallize|p1a: MouseySee|Ghost
|move|p1a: MouseySee|Follow Me|p1a: MouseySee
|-singleturn|p1a: MouseySee|move: Follow Me
|move|p2b: Sneasler|Close Combat|p1a: MouseySee
|-immune|p1a: MouseySee
|move|p2a: Indeedee|Expanding Force|p1a: MouseySee|[spread] p1a,p1b
|-resisted|p1b: London Paris&Tokyo
|-damage|p1a: MouseySee|41/100
|-damage|p1b: London Paris&Tokyo|83/100
|-ability|p1b: London Paris&Tokyo|Stamina|boost
|-boost|p1b: London Paris&Tokyo|def|1
|move|p1b: London Paris&Tokyo|Snarl|p2b: Sneasler|[spread] p2a,p2b
|-supereffective|p2a: Indeedee
|-resisted|p2b: Sneasler
|-damage|p2a: Indeedee|65/100
|-damage|p2b: Sneasler|93/100
|-unboost|p2a: Indeedee|spa|1
|-unboost|p2b: Sneasler|spa|1
|
|upkeep
|turn|2
|inactive|Pokeventurer has 30 seconds left.
|
|t:|1757020047
|switch|p1a: Zoom!Wake|Basculegion, L50, M|100/100
|switch|p2a: Tyranitar|Tyranitar, L50, F|100/100
|-weather|Sandstorm|[from] ability: Sand Stream|[of] p2a: Tyranitar
|move|p2b: Sneasler|Close Combat|p1b: London Paris&Tokyo
|-supereffective|p1b: London Paris&Tokyo
|-damage|p1b: London Paris&Tokyo|17/100
|-unboost|p2b: Sneasler|def|1
|-unboost|p2b: Sneasler|spd|1
|-ability|p1b: London Paris&Tokyo|Stamina|boost
|-boost|p1b: London Paris&Tokyo|def|1
|move|p1b: London Paris&Tokyo|Body Press|p2a: Tyranitar
|-supereffective|p2a: Tyranitar
|-damage|p2a: Tyranitar|0 fnt
|faint|p2a: Tyranitar
|
|-weather|Sandstorm|[upkeep]
|-damage|p2b: Sneasler|88/100|[from] Sandstorm
|-damage|p1a: Zoom!Wake|94/100|[from] Sandstorm
|upkeep
|
|t:|1757020072
|switch|p2a: Excadrill|Excadrill, L50, F|100/100
|turn|3
|
|t:|1757020087
|switch|p1b: BigMouth|Pelipper, L50, F|100/100
|-weather|RainDance|[from] ability: Drizzle|[of] p1b: BigMouth
|-terastallize|p2b: Sneasler|Flying
|move|p2b: Sneasler|Acrobatics|p1a: Zoom!Wake
|-damage|p1a: Zoom!Wake|8/100
|move|p1a: Zoom!Wake|Flip Turn|p2b: Sneasler
|-damage|p2b: Sneasler|0 fnt
|faint|p2b: Sneasler
|
|t:|1757020106
|switch|p1a: London Paris&Tokyo|Archaludon, L50, F|17/100|[from] Flip Turn
|move|p2a: Excadrill|Earthquake|p1a: London Paris&Tokyo|[spread] p1a
|-immune|p1b: BigMouth
|-supereffective|p1a: London Paris&Tokyo
|-crit|p1a: London Paris&Tokyo
|-damage|p1a: London Paris&Tokyo|0 fnt
|faint|p1a: London Paris&Tokyo
|
|-weather|RainDance|[upkeep]
|upkeep
|
|t:|1757020113
|switch|p2b: Indeedee|Indeedee, L50, M|65/100
|switch|p1a: Zoom!Wake|Basculegion, L50, M|8/100
|turn|4
|
|t:|1757020125
|move|p1a: Zoom!Wake|Wave Crash|p2b: Indeedee
|-damage|p2b: Indeedee|0 fnt
|faint|p2b: Indeedee
|-damage|p1a: Zoom!Wake|0 fnt|[from] Recoil
|faint|p1a: Zoom!Wake
|move|p2a: Excadrill|Stomping Tantrum|p1b: BigMouth
|-immune|p1b: BigMouth
|move|p1b: BigMouth|Tailwind|p1b: BigMouth
|-sidestart|p1: Pokeventurer|move: Tailwind
|
|-weather|RainDance|[upkeep]
|upkeep
|c|☆Pokeventurer|gg
|
|t:|1757020129
|switch|p1a: MouseySee|Maushold, L50, tera:Ghost|41/100
|turn|5
|
|t:|1757020137
|move|p1a: MouseySee|Beat Up|p2a: Excadrill
|-damage|p2a: Excadrill|97/100
|-damage|p2a: Excadrill|95/100
|-hitcount|p2a: Excadrill|2
|move|p1b: BigMouth|Weather Ball|p2a: Excadrill
|-supereffective|p2a: Excadrill
|-damage|p2a: Excadrill|0 fnt
|faint|p2a: Excadrill
|
|win|Pokeventurer
|raw|Pokeventurer's rating: 1098 → 1122(+24 for winning)
|raw|Silhouetiquette's rating: 1083 → 1062(-21 for losing)
|l|☆Silhouetiquette
|player|p2|
