|j|‽ToxicMini
|j|☆yenjang
|html|ToxicMiniyenjang    
|uhtml|bestof|Game 2 of a best-of-3
|t:|1786176696
|gametype|doubles
|player|p1|ToxicMini|byron|1054
|player|p2|yenjang|cynthia-gen4|1140
|gen|9
|tier|[Gen 9 Champions] VGC 2026 Reg M-B (Bo3)
|rated|
|rule|Species Clause: Limit one of each Pokémon
|rule|Item Clause: Limit 1 of each item
|clearpoke
|poke|p1|Charizard, L50, M|
|poke|p1|Venusaur, L50, F|
|poke|p1|Aerodactyl, L50, F|
|poke|p1|Kingambit, L50, F|
|poke|p1|Sableye, L50, M|
|poke|p1|Blaziken, L50, F|
|poke|p2|Raichu, L50, M, shiny|
|poke|p2|Sylveon, L50, F, shiny|
|poke|p2|Arcanine-Hisui, L50, M, shiny|
|poke|p2|Kingambit, L50, M, shiny|
|poke|p2|Farigiraf, L50, F, shiny|
|poke|p2|Staraptor, L50, M, shiny|
|teampreview|4
|showteam|p1|Charizard||CharizarditeY|SolarPower|HeatWave,Protect,SolarBeam,Overheat|Timid||M|||50|]Venusaur||WideLens|Chlorophyll|SleepPowder,SludgeBomb,EnergyBall,Protect|Modest||F|||50|]Aerodactyl||WacanBerry|Unnerve|Tailwind,WideGuard,RockSlide,Taunt|Serious||F|||50|]Kingambit||BlackGlasses|Defiant|SuckerPunch,IronHead,KowtowCleave,LowKick|Adamant||F|||50|]Sableye||FocusSash|Prankster|FakeOut,Encore,Disable,SunnyDay|Sassy||M|||50|]Blaziken||Blazikenite|SpeedBoost|Protect,CloseCombat,BlazeKick,SwordsDance|Jolly||F|||50|
|showteam|p2|Raichu||RaichuniteY|LightningRod|ZapCannon,FocusBlast,Protect,FakeOut|Timid||M|||50|]Sylveon||FairyFeather|Pixilate|HyperVoice,HyperBeam,Detect,QuickAttack|Modest||F|||50|]Arcanine-Hisui||FocusSash|RockHead|HeadSmash,FlareBlitz,Protect,ExtremeSpeed|Jolly||M|||50|]Kingambit||LifeOrb|Defiant|SuckerPunch,KowtowCleave,LowKick,Protect|Adamant||M|||50|]Farigiraf||SitrusBerry|ArmorTail|Thunderbolt,Psychic,HelpingHand,TrickRoom|Calm||F|||50|]Staraptor||Staraptite|Intimidate|CloseCombat,DualWingbeat,Protect,Tailwind|Jolly||M|||50|
|inactive|Battle timer is ON: inactive players will automatically lose when time's up. (requested by ToxicMini)
|inactive|yenjang has 60 seconds left.
|
|t:|1786176728
|teamsize|p1|4
|teamsize|p2|4
|start
|switch|p1a: Aerodactyl|Aerodactyl, L50, F|100/100
|switch|p1b: Kingambit|Kingambit, L50, F|100/100
|switch|p2a: Raichu|Raichu, L50, M, shiny|100/100
|switch|p2b: Arcanine|Arcanine-Hisui, L50, M, shiny|100/100
|-ability|p1a: Aerodactyl|Unnerve
|turn|1
|inactive|yenjang has 30 seconds left.
|inactive|yenjang has 20 seconds left.
|inactive|yenjang has 15 seconds left.
|
|t:|1786176769
|detailschange|p2a: Raichu|Raichu-Mega-Y, L50, M, shiny
|-mega|p2a: Raichu|Raichu|Raichunite Y
|move|p2a: Raichu|Focus Blast|p1b: Kingambit
|-supereffective|p1b: Kingambit|2
|-damage|p1b: Kingambit|0 fnt
|faint|p1b: Kingambit
|move|p1a: Aerodactyl|Rock Slide|p2b: Arcanine|[spread] p2a,p2b
|-supereffective|p2b: Arcanine|1
|-damage|p2a: Raichu|61/100
|-damage|p2b: Arcanine|40/100
|cant|p2b: Arcanine|flinch
|
|upkeep
|
|t:|1786176793
|switch|p1b: Blaziken|Blaziken, L50, F|100/100
|turn|2
|inactive|yenjang has 30 seconds left.
|
|t:|1786176826
|switch|p2b: Farigiraf|Farigiraf, L50, F, shiny|100/100
|move|p2a: Raichu|Zap Cannon|p1a: Aerodactyl
|-supereffective|p1a: Aerodactyl|1
|-enditem|p1a: Aerodactyl|Wacan Berry|[eat]
|-enditem|p1a: Aerodactyl|Wacan Berry|[weaken]
|-damage|p1a: Aerodactyl|10/100
|-status|p1a: Aerodactyl|par
|move|p1b: Blaziken|Swords Dance|p1b: Blaziken
|-boost|p1b: Blaziken|atk|2
|move|p1a: Aerodactyl|Tailwind|p1a: Aerodactyl
|-sidestart|p1: ToxicMini|move: Tailwind
|
|-ability|p1b: Blaziken|Speed Boost|boost
|-boost|p1b: Blaziken|spe|1
|upkeep
|turn|3
|inactive|ToxicMini has 30 seconds left.
|
|t:|1786176860
|move|p2a: Raichu|Protect|p2a: Raichu
|-singleturn|p2a: Raichu|Protect
|move|p1b: Blaziken|Blaze Kick|p2b: Farigiraf|[miss]
|-miss|p1b: Blaziken|p2b: Farigiraf
|move|p1a: Aerodactyl|Taunt|p2b: Farigiraf
|-start|p2b: Farigiraf|move: Taunt
|cant|p2b: Farigiraf|move: Taunt|Trick Room
|
|-ability|p1b: Blaziken|Speed Boost|boost
|-boost|p1b: Blaziken|spe|1
|upkeep
|turn|4
|inactive|yenjang has 30 seconds left.
|inactive|yenjang has 20 seconds left.
|
|t:|1786176897
|move|p1b: Blaziken|Blaze Kick|p2b: Farigiraf
|-damage|p2b: Farigiraf|17/100
|move|p2a: Raichu|Zap Cannon|p1b: Blaziken
|-damage|p1b: Blaziken|14/100
|-status|p1b: Blaziken|par
|cant|p1a: Aerodactyl|par
|move|p2b: Farigiraf|Psychic|p1b: Blaziken
|-supereffective|p1b: Blaziken|1
|-damage|p1b: Blaziken|0 fnt
|faint|p1b: Blaziken
|
|upkeep
|
|t:|1786176906
|switch|p1b: Charizard|Charizard, L50, M|100/100
|turn|5
|inactive|yenjang has 30 seconds left.
|
|t:|1786176932
|detailschange|p1b: Charizard|Charizard-Mega-Y, L50, M
|-mega|p1b: Charizard|Charizard|Charizardite Y
|-weather|SunnyDay|[from] ability: Drought|[of] p1b: Charizard
|move|p2a: Raichu|Protect|p2a: Raichu
|-singleturn|p2a: Raichu|Protect
|move|p1b: Charizard|Heat Wave|p2b: Farigiraf|[spread] 
|-activate|p2a: Raichu|move: Protect
|-miss|p1b: Charizard|p2b: Farigiraf
|move|p1a: Aerodactyl|Rock Slide|p2b: Farigiraf|[spread] p2b
|-activate|p2a: Raichu|move: Protect
|-damage|p2b: Farigiraf|0 fnt
|faint|p2b: Farigiraf
|
|-weather|SunnyDay|[upkeep]
|-sideend|p1: ToxicMini|move: Tailwind
|upkeep
|
|t:|1786176949
|switch|p2b: Arcanine|Arcanine-Hisui, L50, M, shiny|40/100
|turn|6
|
|t:|1786176960
|move|p2b: Arcanine|Extreme Speed|p1a: Aerodactyl
|-resisted|p1a: Aerodactyl|1
|-crit|p1a: Aerodactyl
|-damage|p1a: Aerodactyl|0 fnt
|faint|p1a: Aerodactyl
|move|p2a: Raichu|Zap Cannon|p1b: Charizard
|-supereffective|p1b: Charizard|1
|-damage|p1b: Charizard|0 fnt
|faint|p1b: Charizard
|
|win|yenjang
||ToxicMini is ready for game 3.
