|j|☆sanity1907
|j|☆XelaMaster
|html|sanity1907XelaMaster    
|uhtml|bestof|Game 1 of a best-of-3
|t:|1782311204
|gametype|doubles
|player|p1|sanity1907|lucas|1046
|player|p2|XelaMaster|volkner|1040
|gen|9
|tier|[Gen 9 Champions] VGC 2026 Reg M-B (Bo3)
|rated|
|rule|Species Clause: Limit one of each Pokémon
|rule|Item Clause: Limit 1 of each item
|clearpoke
|poke|p1|Blaziken, L50, F|
|poke|p1|Annihilape, L50, F|
|poke|p1|Kangaskhan, L50, F|
|poke|p1|Whimsicott, L50, F|
|poke|p1|Basculegion, L50, M|
|poke|p1|Gholdengo, L50|
|poke|p2|Gardevoir, L50, M|
|poke|p2|Maushold-Four, L50|
|poke|p2|Basculegion, L50, M|
|poke|p2|Kingambit, L50, M|
|poke|p2|Talonflame, L50, M|
|poke|p2|Garchomp, L50, M|
|teampreview|4
|showteam|p1|Blaziken||Blazikenite|SpeedBoost|CloseCombat,FlareBlitz,BraveBird,Detect|Jolly||F|||50|]Annihilape||Leftovers|Defiant|DrainPunch,RageFist,Coaching,Protect|Impish||F|||50|]Kangaskhan||SilkScarf|Scrappy|FakeOut,LastResort|Adamant||F|||50|]Whimsicott||FocusSash|Prankster|Moonblast,Encore,Tailwind,Protect|Modest||F|||50|]Basculegion||ChoiceScarf|Adaptability|WaveCrash,LastRespects,FlipTurn,AquaJet|Jolly||M|||50|]Gholdengo||LifeOrb|GoodasGold|NastyPlot,ShadowBall,MakeItRain,Protect|Modest|||||50|
|showteam|p2|Gardevoir||Gardevoirite|Telepathy|HyperVoice,Protect,Psyshock,TrickRoom|Modest||M|||50|]Maushold-Four||FocusSash|FriendGuard|FollowMe,Encore,SuperFang,Protect|Jolly|||||50|]Basculegion||SitrusBerry|Adaptability|AquaJet,LastRespects,WaveCrash,Protect|Adamant||M|||50|]Kingambit||ChopleBerry|Defiant|Protect,SuckerPunch,KowtowCleave,IronHead|Adamant||M|||50|]Talonflame|||GaleWings|Tailwind,WillOWisp,Acrobatics,Protect|Jolly||M|||50|]Garchomp||WhiteHerb|RoughSkin|Earthquake,RockSlide,DragonClaw,Protect|Adamant||M|||50|
|inactive|Battle timer is ON: inactive players will automatically lose when time's up. (requested by XelaMaster)
|inactive|sanity1907 has 60 seconds left.
|inactive|XelaMaster has 60 seconds left.
|
|t:|1782311250
|teamsize|p1|4
|teamsize|p2|4
|start
|switch|p1a: Kangaskhan|Kangaskhan, L50, F|100/100
|switch|p1b: Gholdengo|Gholdengo, L50|100/100
|switch|p2a: Garchomp|Garchomp, L50, M|100/100
|switch|p2b: Talonflame|Talonflame, L50, M|100/100
|turn|1
|
|t:|1782311264
|move|p2b: Talonflame|Protect|p2b: Talonflame
|-singleturn|p2b: Talonflame|Protect
|move|p2a: Garchomp|Protect|p2a: Garchomp
|-singleturn|p2a: Garchomp|Protect
|move|p1a: Kangaskhan|Fake Out|p2a: Garchomp
|-activate|p2a: Garchomp|move: Protect
|move|p1b: Gholdengo|Nasty Plot|p1b: Gholdengo
|-boost|p1b: Gholdengo|spa|2
|
|upkeep
|turn|2
|inactive|XelaMaster has 30 seconds left.
|inactive|XelaMaster has 20 seconds left.
|inactive|XelaMaster has 15 seconds left.
|inactive|XelaMaster has 10 seconds left.
|
|t:|1782311310
|move|p2b: Talonflame|Tailwind|p2b: Talonflame
|-sidestart|p2: XelaMaster|move: Tailwind
|move|p2a: Garchomp|Earthquake|p1b: Gholdengo|[spread] p1a,p1b
|-immune|p2b: Talonflame
|-supereffective|p1b: Gholdengo|1
|-damage|p1a: Kangaskhan|58/100
|-damage|p1b: Gholdengo|6/100
|move|p1a: Kangaskhan|Last Resort|p2b: Talonflame
|-damage|p2b: Talonflame|0 fnt
|faint|p2b: Talonflame
|move|p1b: Gholdengo|Make It Rain|p2a: Garchomp|[miss]
|-miss|p1b: Gholdengo|p2a: Garchomp
|
|upkeep
|
|t:|1782311328
|switch|p2b: Gardevoir|Gardevoir, L50, M|100/100
|turn|3
|
|t:|1782311349
|move|p1b: Gholdengo|Protect|p1b: Gholdengo
|-singleturn|p1b: Gholdengo|Protect
|move|p2a: Garchomp|Earthquake|p1b: Gholdengo|[spread] p1a
|-activate|p1b: Gholdengo|move: Protect
|-activate|p2b: Gardevoir|ability: Telepathy
|-damage|p1a: Kangaskhan|13/100
|move|p2b: Gardevoir|Psyshock|p1a: Kangaskhan
|-damage|p1a: Kangaskhan|0 fnt
|faint|p1a: Kangaskhan
|
|upkeep
|
|t:|1782311363
|switch|p1a: Blaziken|Blaziken, L50, F|100/100
|turn|4
|
|t:|1782311381
|detailschange|p2b: Gardevoir|Gardevoir-Mega, L50, M
|-mega|p2b: Gardevoir|Gardevoir|Gardevoirite
|detailschange|p1a: Blaziken|Blaziken-Mega, L50, F
|-mega|p1a: Blaziken|Blaziken|Blazikenite
|move|p1a: Blaziken|Detect|p1a: Blaziken
|-singleturn|p1a: Blaziken|Protect
|move|p2a: Garchomp|Dragon Claw|p1b: Gholdengo
|-resisted|p1b: Gholdengo|1
|-damage|p1b: Gholdengo|0 fnt
|faint|p1b: Gholdengo
|move|p2b: Gardevoir|Psyshock|p1a: Blaziken
|-activate|p1a: Blaziken|move: Protect
|
|-ability|p1a: Blaziken|Speed Boost|boost
|-boost|p1a: Blaziken|spe|1
|upkeep
|
|t:|1782311394
|switch|p1b: Basculegion|Basculegion, L50, M|100/100
|turn|5
|
|t:|1782311407
|move|p2b: Gardevoir|Protect|p2b: Gardevoir
|-singleturn|p2b: Gardevoir|Protect
|move|p2a: Garchomp|Earthquake|p1a: Blaziken|[spread] p1a,p1b
|-activate|p2b: Gardevoir|move: Protect
|-supereffective|p1a: Blaziken|1
|-damage|p1a: Blaziken|0 fnt
|-damage|p1b: Basculegion|46/100
|faint|p1a: Blaziken
|move|p1b: Basculegion|Last Respects|p2b: Gardevoir
|-activate|p2b: Gardevoir|move: Protect
|
|-sideend|p2: XelaMaster|move: Tailwind
|upkeep
|turn|6
|
|t:|1782311424
|switch|p2b: Maushold|Maushold-Four, L50|100/100
|move|p1b: Basculegion|Last Respects|p2b: Maushold
|-immune|p2b: Maushold
|move|p2a: Garchomp|Dragon Claw|p1b: Basculegion
|-damage|p1b: Basculegion|0 fnt
|faint|p1b: Basculegion
|
|win|XelaMaster
||sanity1907 is ready for game 2.
|inactive|XelaMaster has 30 seconds to confirm battle start!
||XelaMaster is ready for game 2.
|uhtml|next|Next: Game 2 of 3
