|j|☆You’reJustDead!
|j|☆almagroalanzarote
|html|You’reJustDead!almagroalanzarote    
|uhtml|bestof|Game 2 of a best-of-3
|t:|1784041934
|gametype|doubles
|player|p1|You’reJustDead!|misty|1202
|player|p2|almagroalanzarote|nate|1105
|gen|9
|tier|[Gen 9 Champions] VGC 2026 Reg M-B (Bo3)
|rated|
|rule|Species Clause: Limit one of each Pokémon
|rule|Item Clause: Limit 1 of each item
|clearpoke
|poke|p1|Lopunny, L50, M|
|poke|p1|Aerodactyl, L50, F|
|poke|p1|Aegislash, L50, M, shiny|
|poke|p1|Floette-Eternal, L50, F|
|poke|p1|Hydreigon, L50, F|
|poke|p1|Incineroar, L50, M|
|poke|p2|Grimmsnarl, L50, M|
|poke|p2|Venusaur, L50, F|
|poke|p2|Pelipper, L50, F|
|poke|p2|Archaludon, L50, M|
|poke|p2|Charizard, L50, M|
|poke|p2|Basculegion, L50, M|
|teampreview|4
|showteam|p1|Lopunny||Lopunnite|CuteCharm|FakeOut,CloseCombat,TripleAxel,Encore|Jolly||M|||50|]Aerodactyl||FocusSash|Unnerve|RockSlide,DualWingbeat,Tailwind,Protect|Jolly||F|||50|]Aegislash||SpellTag|StanceChange|Poltergeist,ShadowSneak,IronHead,KingsShield|Adamant||M|||50|]Floette-Eternal||Floettite|FlowerVeil|Moonblast,DrainingKiss,CalmMind,Protect|Modest||F|||50|]Hydreigon||ChoiceScarf|Levitate|DracoMeteor,DarkPulse,Snarl,EarthPower|Modest||F|||50|]Incineroar||SitrusBerry|Intimidate|FakeOut,DarkestLariat,Protect,PartingShot|Careful||M|||50|
|showteam|p2|Grimmsnarl||LightClay|Prankster|SpiritBreak,Reflect,LightScreen,PartingShot|Careful||M|||50|]Venusaur||FocusSash|Chlorophyll|SludgeBomb,EarthPower,SleepPowder,Protect|Modest||F|||50|]Pelipper||SitrusBerry|Drizzle|WeatherBall,Hurricane,Tailwind,WideGuard|Modest||F|||50|]Archaludon||Leftovers|Stamina|ElectroShot,FlashCannon,DragonPulse,Protect|Modest||M|||50|]Charizard||CharizarditeY|Blaze|WeatherBall,HeatWave,SolarBeam,Protect|Modest||M|||50|]Basculegion||ChoiceScarf|Adaptability|WaveCrash,FlipTurn,AquaJet,LastRespects|Jolly||M|||50|
|inactive|Battle timer is ON: inactive players will automatically lose when time's up. (requested by almagroalanzarote)
|inactive|You’reJustDead! also wants the timer to be on.
|
|t:|1784041960
|teamsize|p1|4
|teamsize|p2|4
|start
|switch|p1a: Valkyrie|Lopunny, L50, M|100/100
|switch|p1b: Hollow|Hydreigon, L50, F|100/100
|switch|p2a: Basculegion|Basculegion, L50, M|100/100
|switch|p2b: Archaludon|Archaludon, L50, M|100/100
|turn|1
|inactive|almagroalanzarote has 30 seconds left.
|
|t:|1784041992
|switch|p2a: Venusaur|Venusaur, L50, F|100/100
|switch|p1a: Kingsbane|Aegislash, L50, M, shiny|100/100
|move|p1b: Hollow|Dark Pulse|p2a: Venusaur
|-damage|p2a: Venusaur|53/100
|move|p2b: Archaludon|Dragon Pulse|p1b: Hollow
|-supereffective|p1b: Hollow|1
|-damage|p1b: Hollow|6/100
|
|upkeep
|turn|2
|
|t:|1784042015
|switch|p1b: Ragnarock|Aerodactyl, L50, F|100/100
|-ability|p1b: Ragnarock|Unnerve
|move|p2a: Venusaur|Sleep Powder|p1a: Kingsbane|[miss]
|-miss|p2a: Venusaur|p1a: Kingsbane
|move|p2b: Archaludon|Dragon Pulse|p1b: Ragnarock
|-damage|p1b: Ragnarock|42/100
|-formechange|p1a: Kingsbane|Aegislash-Blade|
|move|p1a: Kingsbane|Poltergeist|p2a: Venusaur
|-activate|p2a: Venusaur|move: Poltergeist|Focus Sash
|-damage|p2a: Venusaur|0 fnt
|faint|p2a: Venusaur
|
|upkeep
|
|t:|1784042029
|switch|p2a: Basculegion|Basculegion, L50, M|100/100
|turn|3
|
|t:|1784042053
|move|p1b: Ragnarock|Protect|p1b: Ragnarock
|-singleturn|p1b: Ragnarock|Protect
|move|p2a: Basculegion|Last Respects|p1b: Ragnarock
|-activate|p1b: Ragnarock|move: Protect
|move|p2b: Archaludon|Electro Shot||[still]
|-prepare|p2b: Archaludon|Electro Shot
|-boost|p2b: Archaludon|spa|1
|move|p1a: Kingsbane|Poltergeist|p2a: Basculegion
|-activate|p2a: Basculegion|move: Poltergeist|Choice Scarf
|-supereffective|p2a: Basculegion|1
|-damage|p2a: Basculegion|0 fnt
|faint|p2a: Basculegion
|
|upkeep
|
|t:|1784042058
|switch|p2a: Pelipper|Pelipper, L50, F|100/100
|-weather|RainDance|[from] ability: Drizzle|[of] p2a: Pelipper
|turn|4
|
|t:|1784042077
|-formechange|p1a: Kingsbane|Aegislash|
|move|p1a: Kingsbane|King's Shield|p1a: Kingsbane
|-singleturn|p1a: Kingsbane|Protect
|move|p1b: Ragnarock|Tailwind|p1b: Ragnarock
|-sidestart|p1: You’reJustDead!|move: Tailwind
|move|p2b: Archaludon|Electro Shot|p1a: Kingsbane|[from] lockedmove
|-activate|p1a: Kingsbane|move: Protect
|move|p2a: Pelipper|Weather Ball|p1b: Ragnarock
|-supereffective|p1b: Ragnarock|1
|-damage|p1b: Ragnarock|0 fnt
|faint|p1b: Ragnarock
|
|-weather|RainDance|[upkeep]
|upkeep
|
|t:|1784042087
|switch|p1b: Hollow|Hydreigon, L50, F|6/100
|turn|5
|
|t:|1784042108
|switch|p1a: Valkyrie|Lopunny, L50, M|100/100
|move|p2b: Archaludon|Protect|p2b: Archaludon
|-singleturn|p2b: Archaludon|Protect
|move|p1b: Hollow|Draco Meteor|p2a: Pelipper
|-damage|p2a: Pelipper|19/100
|-unboost|p1b: Hollow|spa|2
|-enditem|p2a: Pelipper|Sitrus Berry|[eat]
|-heal|p2a: Pelipper|44/100|[from] item: Sitrus Berry
|move|p2a: Pelipper|Weather Ball|p1b: Hollow
|-resisted|p1b: Hollow|1
|-damage|p1b: Hollow|0 fnt
|faint|p1b: Hollow
|
|-weather|RainDance|[upkeep]
|upkeep
|
|t:|1784042116
|switch|p1b: Kingsbane|Aegislash, L50, M, shiny|100/100
|turn|6
|
|t:|1784042128
|detailschange|p1a: Valkyrie|Lopunny-Mega, L50, M
|-mega|p1a: Valkyrie|Lopunny|Lopunnite
|move|p1a: Valkyrie|Encore|p2b: Archaludon
|-start|p2b: Archaludon|Encore
|move|p2b: Archaludon|Protect||[still]
|-fail|p2b: Archaludon
|-formechange|p1b: Kingsbane|Aegislash-Blade|
|move|p1b: Kingsbane|Poltergeist||[still]
|-fail|p1b: Kingsbane
|move|p2a: Pelipper|Hurricane|p1a: Valkyrie
|-supereffective|p1a: Valkyrie|1
|-damage|p1a: Valkyrie|0 fnt
|faint|p1a: Valkyrie
|
|-weather|RainDance|[upkeep]
|upkeep
|turn|7
|
|t:|1784042146
|move|p2b: Archaludon|Protect|p2b: Archaludon
|-singleturn|p2b: Archaludon|Protect
|move|p1b: Kingsbane|Iron Head|p2a: Pelipper
|-resisted|p2a: Pelipper|1
|-damage|p2a: Pelipper|18/100
|move|p2a: Pelipper|Weather Ball|p1b: Kingsbane
|-damage|p1b: Kingsbane|4/100
|
|-weather|RainDance|[upkeep]
|-sideend|p1: You’reJustDead!|move: Tailwind
|upkeep
|turn|8
|-message|You’reJustDead! forfeited.
|raw|You’reJustDead!'s rating: 1202 → 1170(-32 for losing)
|raw|almagroalanzarote's rating: 1105 → 1137(+32 for winning)
|
|win|almagroalanzarote
