|j|☆Karlye
|j|☆Park2
|html|KarlyePark2    
|uhtml|bestof|Game 1 of a best-of-3
|t:|1757787767
|gametype|doubles
|player|p1|Karlye|hilbert-wonderlauncher|1164
|player|p2|Park2|1|1295
|gen|9
|tier|[Gen 9] VGC 2025 Reg H (Bo3)
|rated|
|rule|Species Clause: Limit one of each Pokémon
|rule|Item Clause: Limit 1 of each item
|clearpoke
|poke|p1|Dragonite, L50, F|
|poke|p1|Ursaluna-Bloodmoon, L50, M|
|poke|p1|Gholdengo, L50|
|poke|p1|Maushold-Four, L50|
|poke|p1|Annihilape, L50, F|
|poke|p1|Rillaboom, L50, F|
|poke|p2|Gholdengo, L50|
|poke|p2|Incineroar, L50, M|
|poke|p2|Pelipper, L50, M|
|poke|p2|Basculegion, L50, M|
|poke|p2|Archaludon, L50, F|
|poke|p2|Amoonguss, L50, M|
|teampreview|4
|showteam|p1|Dragonite||LoadedDice|Multiscale|ScaleShot,Tailwind,Haze,Protect|||F|||50|,,,,,Fairy]Ursaluna-Bloodmoon||AssaultVest|MindsEye|BloodMoon,EarthPower,HyperVoice,VacuumWave|||M|||50|,,,,,Water]Gholdengo||LifeOrb|GoodasGold|MakeItRain,ShadowBall,NastyPlot,Protect||||||50|,,,,,Dragon]Maushold-Four||FocusSash|FriendGuard|Taunt,FollowMe,BeatUp,Protect||||||50|,,,,,Ghost]Annihilape||SitrusBerry|Defiant|RageFist,DrainPunch,BulkUp,Protect|||F|||50|,,,,,Fire]Rillaboom||MiracleSeed|GrassySurge|WoodHammer,GrassyGlide,HighHorsepower,FakeOut|||F|||50|,,,,,Fire
|showteam|p2|Gholdengo||LifeOrb|GoodasGold|MakeItRain,ShadowBall,NastyPlot,Protect||||||50|,,,,,Water]Incineroar||RockyHelmet|Intimidate|KnockOff,Taunt,FakeOut,PartingShot|||M|||50|,,,,,Ghost]Pelipper||FocusSash|Drizzle|Hurricane,WeatherBall,Tailwind,Protect|||M|||50|,,,,,Ground]Basculegion||ChoiceBand|SwiftSwim|WaveCrash,LastRespects,FlipTurn,AquaJet|||M|||50|,,,,,Water]Archaludon||AssaultVest|Stamina|ElectroShot,DragonPulse,FlashCannon,BodyPress|||F|||50|,,,,,Bug]Amoonguss||SitrusBerry|Regenerator|PollenPuff,Protect,RagePowder,Spore|||M|||50|,,,,,Fairy
|inactive|Battle timer is ON: inactive players will automatically lose when time's up. (requested by Karlye)
|
|t:|1757787782
|teamsize|p1|4
|teamsize|p2|4
|start
|switch|p1a: Dragonite|Dragonite, L50, F|100/100
|switch|p1b: Ursaluna|Ursaluna-Bloodmoon, L50, M|100/100
|switch|p2a: Amoonguss|Amoonguss, L50, M|100/100
|switch|p2b: Gholdengo|Gholdengo, L50|100/100
|turn|1
|
|t:|1757787796
|move|p2b: Gholdengo|Protect|p2b: Gholdengo
|-singleturn|p2b: Gholdengo|Protect
|move|p1a: Dragonite|Scale Shot|p2a: Amoonguss
|-damage|p2a: Amoonguss|87/100
|-damage|p2a: Amoonguss|73/100
|-crit|p2a: Amoonguss
|-damage|p2a: Amoonguss|54/100
|-damage|p2a: Amoonguss|40/100
|-enditem|p2a: Amoonguss|Sitrus Berry|[eat]
|-heal|p2a: Amoonguss|65/100|[from] item: Sitrus Berry
|-crit|p2a: Amoonguss
|-damage|p2a: Amoonguss|46/100
|-hitcount|p2a: Amoonguss|5
|-unboost|p1a: Dragonite|def|1
|-boost|p1a: Dragonite|spe|1
|move|p1b: Ursaluna|Blood Moon|p2a: Amoonguss
|-damage|p2a: Amoonguss|0 fnt
|faint|p2a: Amoonguss
|
|upkeep
|
|t:|1757787816
|switch|p2a: Pelipper|Pelipper, L50, M|100/100
|-weather|RainDance|[from] ability: Drizzle|[of] p2a: Pelipper
|turn|2
|inactive|Karlye has 30 seconds left.
|inactive|Karlye has 20 seconds left.
|inactive|Park2 has 30 seconds left.
|
|t:|1757787854
|-terastallize|p2b: Gholdengo|Water
|-terastallize|p1b: Ursaluna|Water
|move|p1a: Dragonite|Scale Shot|p2a: Pelipper
|-damage|p2a: Pelipper|80/100
|-damage|p2a: Pelipper|59/100
|-damage|p2a: Pelipper|39/100
|-damage|p2a: Pelipper|20/100
|-hitcount|p2a: Pelipper|4
|-unboost|p1a: Dragonite|def|1
|-boost|p1a: Dragonite|spe|1
|move|p2b: Gholdengo|Shadow Ball|p1a: Dragonite
|-damage|p1a: Dragonite|75/100
|-damage|p2b: Gholdengo|91/100|[from] item: Life Orb
|move|p2a: Pelipper|Weather Ball|p1b: Ursaluna
|-resisted|p1b: Ursaluna
|-damage|p1b: Ursaluna|78/100
|move|p1b: Ursaluna|Hyper Voice|p2b: Gholdengo|[spread] p2a,p2b
|-damage|p2a: Pelipper|0 fnt
|-damage|p2b: Gholdengo|54/100
|faint|p2a: Pelipper
|
|-weather|RainDance|[upkeep]
|upkeep
|
|t:|1757787872
|switch|p2a: Archaludon|Archaludon, L50, F|100/100
|turn|3
|
|t:|1757787890
|move|p1a: Dragonite|Scale Shot|p2a: Archaludon
|-damage|p2a: Archaludon|89/100
|-ability|p2a: Archaludon|Stamina|boost
|-boost|p2a: Archaludon|def|1
|-damage|p2a: Archaludon|81/100
|-ability|p2a: Archaludon|Stamina|boost
|-boost|p2a: Archaludon|def|1
|-damage|p2a: Archaludon|75/100
|-ability|p2a: Archaludon|Stamina|boost
|-boost|p2a: Archaludon|def|1
|-damage|p2a: Archaludon|70/100
|-ability|p2a: Archaludon|Stamina|boost
|-boost|p2a: Archaludon|def|1
|-damage|p2a: Archaludon|66/100
|-ability|p2a: Archaludon|Stamina|boost
|-boost|p2a: Archaludon|def|1
|-hitcount|p2a: Archaludon|5
|-unboost|p1a: Dragonite|def|1
|-boost|p1a: Dragonite|spe|1
|move|p2b: Gholdengo|Nasty Plot|p2b: Gholdengo
|-boost|p2b: Gholdengo|spa|2
|move|p2a: Archaludon|Electro Shot||[still]
|-prepare|p2a: Archaludon|Electro Shot
|-boost|p2a: Archaludon|spa|1
|-anim|p2a: Archaludon|Electro Shot|p1b: Ursaluna
|-supereffective|p1b: Ursaluna
|-damage|p1b: Ursaluna|0 fnt
|faint|p1b: Ursaluna
|
|-weather|RainDance|[upkeep]
|upkeep
|inactive|Karlye has 30 seconds left.
|
|t:|1757787921
|switch|p1b: Gholdengo|Gholdengo, L50|100/100
|turn|4
|
|t:|1757787944
|move|p1b: Gholdengo|Protect|p1b: Gholdengo
|-singleturn|p1b: Gholdengo|Protect
|move|p1a: Dragonite|Tailwind|p1a: Dragonite
|-sidestart|p1: Karlye|move: Tailwind
|move|p2b: Gholdengo|Shadow Ball|p1b: Gholdengo
|-activate|p1b: Gholdengo|move: Protect
|move|p2a: Archaludon|Electro Shot||[still]
|-prepare|p2a: Archaludon|Electro Shot
|-boost|p2a: Archaludon|spa|1
|-anim|p2a: Archaludon|Electro Shot|p1b: Gholdengo
|-activate|p1b: Gholdengo|move: Protect
|
|-weather|RainDance|[upkeep]
|upkeep
|turn|5
|inactive|Karlye has 30 seconds left.
|inactive|Park2 has 30 seconds left.
|
|t:|1757787979
|move|p2b: Gholdengo|Protect|p2b: Gholdengo
|-singleturn|p2b: Gholdengo|Protect
|move|p1a: Dragonite|Haze|p1a: Dragonite
|-clearallboost
|move|p1b: Gholdengo|Shadow Ball|p2a: Archaludon
|-damage|p2a: Archaludon|28/100
|-ability|p2a: Archaludon|Stamina|boost
|-boost|p2a: Archaludon|def|1
|-damage|p1b: Gholdengo|91/100|[from] item: Life Orb
|move|p2a: Archaludon|Electro Shot||[still]
|-prepare|p2a: Archaludon|Electro Shot
|-boost|p2a: Archaludon|spa|1
|-anim|p2a: Archaludon|Electro Shot|p1b: Gholdengo
|-damage|p1b: Gholdengo|24/100
|
|-weather|RainDance|[upkeep]
|upkeep
|turn|6
|
|t:|1757787998
|move|p1b: Gholdengo|Shadow Ball|p2a: Archaludon
|-damage|p2a: Archaludon|0 fnt
|faint|p2a: Archaludon
|-damage|p1b: Gholdengo|14/100|[from] item: Life Orb
|move|p1a: Dragonite|Scale Shot|p2b: Gholdengo
|-damage|p2b: Gholdengo|39/100
|-crit|p2b: Gholdengo
|-damage|p2b: Gholdengo|14/100
|-damage|p2b: Gholdengo|0 fnt
|faint|p2b: Gholdengo
|-hitcount|p2: Gholdengo|3
|
|win|Karlye
