|j|☆Johten
|j|☆SunDiazVGC
|html|JohtenSunDiazVGC    
|uhtml|bestof|Game 2 of a best-of-3
|t:|1756750077
|gametype|doubles
|player|p1|Johten|veteran|1016
|player|p2|SunDiazVGC|266|1077
|gen|9
|tier|[Gen 9] VGC 2025 Reg H (Bo3)
|rated|
|rule|Species Clause: Limit one of each Pokémon
|rule|Item Clause: Limit 1 of each item
|clearpoke
|poke|p1|Gallade, L50, M|
|poke|p1|Incineroar, L50, M|
|poke|p1|Jolteon, L50, F|
|poke|p1|Indeedee-F, L50, F|
|poke|p1|Hatterene, L50, F|
|poke|p1|Pelipper, L50, M|
|poke|p2|Ursaluna-Bloodmoon, L50, M|
|poke|p2|Dragonite, L50, M|
|poke|p2|Volcarona, L50, M|
|poke|p2|Rillaboom, L50, M|
|poke|p2|Farigiraf, L50, F|
|poke|p2|Incineroar, L50, F|
|teampreview|4
|showteam|p1|Gallade||LifeOrb|Sharpness|Protect,SacredSword,PsychoCut,NightSlash|||M|||50|,,,,,Stellar]Incineroar||AssaultVest|Intimidate|FakeOut,Uturn,Trailblaze,KnockOff|||M|||50|,,,,,Grass]Jolteon||FocusSash|VoltAbsorb|Protect,HelpingHand,Electroweb,Thunder|||F|||50|,,,,,Flying]Indeedee-F||MentalHerb|PsychicSurge|Imprison,TrickRoom,FollowMe,HelpingHand|||F|||50|,,,,,Fairy]Hatterene||TwistedSpoon|MagicBounce|Protect,TrickRoom,ExpandingForce,DazzlingGleam|||F|||50|,,,,,Psychic]Pelipper||SitrusBerry|Drizzle|WideGuard,Tailwind,HelpingHand,Hurricane|||M|||50|,,,,,Grass
|showteam|p2|Ursaluna-Bloodmoon||LifeOrb|MindsEye|HyperVoice,BloodMoon,EarthPower,Protect|||M|||50|,,,,,Normal]Dragonite||ChoiceBand|InnerFocus|AirSlash,ExtremeSpeed,Outrage,RockSlide|||M|||50|,,,,,Normal]Volcarona||Leftovers|FlameBody|QuiverDance,FieryDance,GigaDrain,Protect|||M|||50|,,,,,Grass]Rillaboom||AssaultVest|GrassySurge|FakeOut,GrassyGlide,WoodHammer,HighHorsepower|||M|||50|,,,,,Dragon]Farigiraf||ThroatSpray|ArmorTail|TrickRoom,TwinBeam,HyperVoice,Protect|||F|||50|,,,,,Stellar]Incineroar||SitrusBerry|Intimidate|FakeOut,PartingShot,FlareBlitz,KnockOff|||F|||50|,,,,,Water
|
|t:|1756750134
|teamsize|p1|4
|teamsize|p2|4
|start
|switch|p1a: Ohimesama|Indeedee-F, L50, F, shiny|100/100
|switch|p1b: Hajimari|Gallade, L50, M|100/100
|switch|p2a: Volcarona|Volcarona, L50, M|100/100
|switch|p2b: Incineroar|Incineroar, L50, F|100/100
|-ability|p2b: Incineroar|Intimidate|boost
|-unboost|p1a: Ohimesama|atk|1
|-unboost|p1b: Hajimari|atk|1
|-fieldstart|move: Psychic Terrain|[from] ability: Psychic Surge|[of] p1a: Ohimesama
|turn|1
|
|t:|1756750157
|-terastallize|p1b: Hajimari|Stellar
|move|p1a: Ohimesama|Helping Hand|p1b: Hajimari
|-singleturn|p1b: Hajimari|Helping Hand|[of] p1a: Ohimesama
|move|p1b: Hajimari|Psycho Cut|p2a: Volcarona
|-damage|p2a: Volcarona|0 fnt
|faint|p2a: Volcarona
|-damage|p1b: Hajimari|91/100|[from] item: Life Orb
|move|p2b: Incineroar|Parting Shot|p1b: Hajimari
|-unboost|p1b: Hajimari|atk|1
|-unboost|p1b: Hajimari|spa|1
|
|t:|1756750163
|switch|p2b: Rillaboom|Rillaboom, L50, M|100/100|[from] Parting Shot
|-fieldstart|move: Grassy Terrain|[from] ability: Grassy Surge|[of] p2b: Rillaboom
|
|-heal|p1b: Hajimari|97/100|[from] Grassy Terrain
|upkeep
|
|t:|1756750165
|switch|p2a: Incineroar|Incineroar, L50, F|100/100
|-ability|p2a: Incineroar|Intimidate|boost
|-unboost|p1a: Ohimesama|atk|1
|-unboost|p1b: Hajimari|atk|1
|turn|2
|
|t:|1756750180
|switch|p1b: Sumo|Incineroar, L50, M, shiny|100/100
|-ability|p1b: Sumo|Intimidate|boost
|-unboost|p2a: Incineroar|atk|1
|-unboost|p2b: Rillaboom|atk|1
|move|p2b: Rillaboom|Fake Out|p1a: Ohimesama
|-damage|p1a: Ohimesama|90/100
|move|p2a: Incineroar|Knock Off|p1a: Ohimesama
|-supereffective|p1a: Ohimesama
|-damage|p1a: Ohimesama|25/100
|-enditem|p1a: Ohimesama|Mental Herb|[from] move: Knock Off|[of] p2a: Incineroar
|cant|p1a: Ohimesama|flinch
|
|-heal|p1a: Ohimesama|32/100|[from] Grassy Terrain
|upkeep
|turn|3
|
|t:|1756750206
|switch|p1a: Hajimari|Gallade, L50, M, tera:Stellar|97/100
|move|p2b: Rillaboom|Wood Hammer|p1a: Hajimari
|-damage|p1a: Hajimari|12/100
|-damage|p2b: Rillaboom|76/100|[from] Recoil
|move|p1b: Sumo|U-turn|p2b: Rillaboom
|-supereffective|p2b: Rillaboom
|-damage|p2b: Rillaboom|38/100
|
|t:|1756750215
|switch|p1b: Ohimesama|Indeedee-F, L50, F, shiny|32/100|[from] U-turn
|-fieldstart|move: Psychic Terrain|[from] ability: Psychic Surge|[of] p1b: Ohimesama
|move|p2a: Incineroar|Flare Blitz|p1a: Hajimari
|-damage|p1a: Hajimari|0 fnt
|faint|p1a: Hajimari
|-damage|p2a: Incineroar|98/100|[from] Recoil
|
|upkeep
|
|t:|1756750225
|switch|p1a: Owari|Hatterene, L50, F, shiny|100/100
|turn|4
|
|t:|1756750238
|switch|p2b: Dragonite|Dragonite, L50, M|100/100
|switch|p1b: Sumo|Incineroar, L50, M, shiny|100/100
|-ability|p1b: Sumo|Intimidate|boost
|-unboost|p2a: Incineroar|atk|1
|-fail|p2b: Dragonite|unboost|Attack|[from] ability: Inner Focus|[of] p2b: Dragonite
|move|p2a: Incineroar|Flare Blitz|p1a: Owari
|-damage|p1a: Owari|68/100
|-damage|p2a: Incineroar|89/100|[from] Recoil
|move|p1a: Owari|Trick Room|p1a: Owari
|-fieldstart|move: Trick Room|[of] p1a: Owari
|
|upkeep
|turn|5
|
|t:|1756750265
|move|p1a: Owari|Dazzling Gleam|p2b: Dragonite|[spread] p2a,p2b
|-supereffective|p2b: Dragonite
|-damage|p2a: Incineroar|56/100
|-damage|p2b: Dragonite|20/100
|move|p2a: Incineroar|Knock Off|p1a: Owari
|-damage|p1a: Owari|43/100
|-enditem|p1a: Owari|Twisted Spoon|[from] move: Knock Off|[of] p2a: Incineroar
|move|p1b: Sumo|Knock Off|p2b: Dragonite
|-damage|p2b: Dragonite|0 fnt
|-enditem|p2b: Dragonite|Choice Band|[from] move: Knock Off|[of] p1b: Sumo
|faint|p2b: Dragonite
|
|upkeep
|
|t:|1756750274
|switch|p2b: Rillaboom|Rillaboom, L50, M|38/100
|-fieldstart|move: Grassy Terrain|[from] ability: Grassy Surge|[of] p2b: Rillaboom
|turn|6
|
|t:|1756750290
|switch|p1b: Ohimesama|Indeedee-F, L50, F, shiny|32/100
|-fieldstart|move: Psychic Terrain|[from] ability: Psychic Surge|[of] p1b: Ohimesama
|move|p1a: Owari|Expanding Force|p2b: Rillaboom|[spread] p2b
|-immune|p2a: Incineroar
|-damage|p2b: Rillaboom|0 fnt
|faint|p2b: Rillaboom
|move|p2a: Incineroar|Flare Blitz|p1a: Owari
|-crit|p1a: Owari
|-damage|p1a: Owari|0 fnt
|faint|p1a: Owari
|-damage|p2a: Incineroar|45/100|[from] Recoil
|-enditem|p2a: Incineroar|Sitrus Berry|[eat]
|-heal|p2a: Incineroar|69/100|[from] item: Sitrus Berry
|
|upkeep
|
|t:|1756750304
|switch|p1a: Sumo|Incineroar, L50, M, shiny|100/100
|-ability|p1a: Sumo|Intimidate|boost
|-unboost|p2a: Incineroar|atk|1
|turn|7
|
|t:|1756750319
|move|p1b: Ohimesama|Helping Hand|p1a: Sumo
|-singleturn|p1a: Sumo|Helping Hand|[of] p1b: Ohimesama
|move|p2a: Incineroar|Knock Off|p1a: Sumo
|-resisted|p1a: Sumo
|-damage|p1a: Sumo|92/100
|-enditem|p1a: Sumo|Assault Vest|[from] move: Knock Off|[of] p2a: Incineroar
|move|p1a: Sumo|U-turn|p2a: Incineroar
|-damage|p2a: Incineroar|41/100
|
|upkeep
|turn|8
|
|t:|1756750335
|move|p1b: Ohimesama|Helping Hand|p1a: Sumo
|-singleturn|p1a: Sumo|Helping Hand|[of] p1b: Ohimesama
|move|p2a: Incineroar|Flare Blitz|p1a: Sumo
|-resisted|p1a: Sumo
|-damage|p1a: Sumo|82/100
|-damage|p2a: Incineroar|38/100|[from] Recoil
|move|p1a: Sumo|U-turn|p2a: Incineroar
|-damage|p2a: Incineroar|7/100
|
|-fieldend|move: Trick Room
|upkeep
|turn|9
|
|t:|1756750363
|move|p1b: Ohimesama|Helping Hand|p1a: Sumo
|-singleturn|p1a: Sumo|Helping Hand|[of] p1b: Ohimesama
|move|p1a: Sumo|U-turn|p2a: Incineroar
|-damage|p2a: Incineroar|0 fnt
|faint|p2a: Incineroar
|
|win|Johten
||SunDiazVGC is ready for game 3.
|inactive|Johten has 30 seconds to confirm battle start!
|inactive|Johten has 20 seconds to confirm battle start!
||Johten is ready for game 3.
|uhtml|next|Next: Game 3 of 3
|l|☆SunDiazVGC
|player|p2|
