|j|☆DecorateWithDonuts
|j|☆hb kiuhnonihnnh
|html|DecorateWithDonutshb kiuhnonihnnh    
|uhtml|bestof|Game 1 of a best-of-3
|t:|1784080940
|gametype|doubles
|player|p1|DecorateWithDonuts|rosa|1000
|player|p2|hb kiuhnonihnnh|101|1050
|gen|9
|tier|[Gen 9 Champions] VGC 2026 Reg M-B (Bo3)
|rated|
|rule|Species Clause: Limit one of each Pokémon
|rule|Item Clause: Limit 1 of each item
|clearpoke
|poke|p1|Delphox, L50, M|
|poke|p1|Kingambit, L50, M|
|poke|p1|Incineroar, L50, F|
|poke|p1|Sinistcha, L50|
|poke|p1|Sneasler, L50, M|
|poke|p1|Floette-Eternal, L50, F|
|poke|p2|Sceptile, L50, M|
|poke|p2|Rotom-Heat, L50|
|poke|p2|Floette-Eternal, L50, F|
|poke|p2|Kingambit, L50, M|
|poke|p2|Basculegion, L50, M|
|poke|p2|Whimsicott, L50, F|
|teampreview|4
|showteam|p1|Delphox||Delphoxite|Blaze|HeatWave,Psyshock,NastyPlot,Protect|Timid||M|||50|]Kingambit||BlackGlasses|Defiant|KowtowCleave,SuckerPunch,SwordsDance,Protect|Adamant||M|||50|]Incineroar||SitrusBerry|Intimidate|FakeOut,FlareBlitz,ThroatChop,PartingShot|Careful||F|||50|]Sinistcha||ColburBerry|Hospitality|TrickRoom,MatchaGotcha,RagePowder,LifeDew|Bold|||||50|]Sneasler||FocusSash|PoisonTouch|QuickGuard,PoisonJab,FakeOut,CloseCombat|Adamant||M|||50|]Floette-Eternal||Floettite|FlowerVeil|DrainingKiss,DazzlingGleam,CalmMind,Protect|Timid||F|||50|
|showteam|p2|Sceptile||Sceptilite|Overgrow|DragonPulse,EarthPower,EnergyBall,Detect|Timid||M|||50|]Rotom-Heat||ChoiceScarf|Levitate|Discharge,Overheat,Thunderbolt,VoltSwitch|Timid|||||50|]Floette-Eternal||Floettite|FlowerVeil|CalmMind,DazzlingGleam,Protect,Moonblast|Timid||F|||50|]Kingambit||ChopleBerry|Defiant|IronHead,KowtowCleave,SuckerPunch,Protect|Adamant||M|||50|]Basculegion||LifeOrb|Adaptability|AquaJet,Protect,LastRespects,WaveCrash|Jolly||M|||50|]Whimsicott||FocusSash|Prankster|Moonblast,Tailwind,Encore,Protect|Timid||F|||50|
|inactive|Battle timer is ON: inactive players will automatically lose when time's up. (requested by hb kiuhnonihnnh)
|inactive|DecorateWithDonuts has 60 seconds left.
|inactive|DecorateWithDonuts has 30 seconds left.
|inactive|DecorateWithDonuts has 20 seconds left.
|inactive|DecorateWithDonuts has 15 seconds left.
|
|t:|1784081031
|teamsize|p1|4
|teamsize|p2|4
|start
|switch|p1a: Floette|Floette-Eternal, L50, F|100/100
|switch|p1b: Sneasler|Sneasler, L50, M|100/100
|switch|p2a: Kingambit|Kingambit, L50, M|100/100
|switch|p2b: Whimsicott|Whimsicott, L50, F|100/100
|turn|1
|inactive|DecorateWithDonuts has 30 seconds left.
|inactive|hb kiuhnonihnnh has 30 seconds left.
|inactive|DecorateWithDonuts has 20 seconds left.
|inactive|hb kiuhnonihnnh has 20 seconds left.
|inactive|DecorateWithDonuts has 15 seconds left.
|inactive|hb kiuhnonihnnh has 15 seconds left.
|inactive|DecorateWithDonuts has 10 seconds left.
|inactive|DecorateWithDonuts has 5 seconds left.
|
|t:|1784081084
|switch|p2b: Basculegion|Basculegion, L50, M|100/100
|move|p1a: Floette|Protect|p1a: Floette
|-singleturn|p1a: Floette|Protect
|move|p1b: Sneasler|Close Combat|p2a: Kingambit
|-supereffective|p2a: Kingambit|2
|-enditem|p2a: Kingambit|Chople Berry|[eat]
|-enditem|p2a: Kingambit|Chople Berry|[weaken]
|-damage|p2a: Kingambit|1/100
|-unboost|p1b: Sneasler|def|1
|-unboost|p1b: Sneasler|spd|1
|move|p2a: Kingambit|Iron Head|p1a: Floette
|-activate|p1a: Floette|move: Protect
|
|upkeep
|turn|2
|inactive|DecorateWithDonuts has 30 seconds left.
|
|t:|1784081116
|detailschange|p1a: Floette|Floette-Mega, L50, F
|-mega|p1a: Floette|Floette|Floettite
|-ability|p1a: Floette|Fairy Aura
|move|p2a: Kingambit|Protect|p2a: Kingambit
|-singleturn|p2a: Kingambit|Protect
|move|p1b: Sneasler|Poison Jab|p2b: Basculegion
|-resisted|p2b: Basculegion|1
|-damage|p2b: Basculegion|70/100
|-status|p2b: Basculegion|psn
|move|p1a: Floette|Dazzling Gleam|p2b: Basculegion|[spread] p2b
|-activate|p2a: Kingambit|move: Protect
|-damage|p2b: Basculegion|25/100 psn
|move|p2b: Basculegion|Wave Crash|p1a: Floette
|-damage|p1a: Floette|8/100
|-damage|p2b: Basculegion|0 fnt|[from] Recoil
|faint|p2b: Basculegion
|
|upkeep
|inactive|hb kiuhnonihnnh has 30 seconds left.
|
|t:|1784081142
|switch|p2b: Whimsicott|Whimsicott, L50, F|100/100
|turn|3
|inactive|DecorateWithDonuts has 30 seconds left.
|inactive|DecorateWithDonuts has 20 seconds left.
|inactive|DecorateWithDonuts has 15 seconds left.
|inactive|DecorateWithDonuts has 10 seconds left.
|inactive|DecorateWithDonuts has 5 seconds left.
|
|t:|1784081195
|switch|p1b: Sinistcha|Sinistcha, L50|100/100
|-heal|p1a: Floette|33/100|[from] ability: Hospitality|[of] p1b: Sinistcha
|switch|p2a: Floette|Floette-Eternal, L50, F|100/100
|move|p1a: Floette|Protect|p1a: Floette
|-singleturn|p1a: Floette|Protect
|move|p2b: Whimsicott|Tailwind|p2b: Whimsicott
|-sidestart|p2: hb kiuhnonihnnh|move: Tailwind
|
|upkeep
|turn|4
|inactive|DecorateWithDonuts has 30 seconds left.
|inactive|hb kiuhnonihnnh has 30 seconds left.
|inactive|DecorateWithDonuts has 20 seconds left.
|inactive|hb kiuhnonihnnh has 20 seconds left.
|inactive|DecorateWithDonuts has 15 seconds left.
|inactive|hb kiuhnonihnnh has 15 seconds left.
|inactive|DecorateWithDonuts has 10 seconds left.
|inactive|hb kiuhnonihnnh has 10 seconds left.
|inactive|DecorateWithDonuts has 5 seconds left.
|inactive|hb kiuhnonihnnh has 5 seconds left.
|
|t:|1784081248
|switch|p1a: Sneasler|Sneasler, L50, M|100/100
|detailschange|p2a: Floette|Floette-Mega, L50, F
|-mega|p2a: Floette|Floette|Floettite
|-ability|p2a: Floette|Fairy Aura
|move|p2b: Whimsicott|Moonblast|p1b: Sinistcha
|-damage|p1b: Sinistcha|52/100
|-unboost|p1b: Sinistcha|spa|1
|move|p2a: Floette|Dazzling Gleam|p1b: Sinistcha|[spread] p1a,p1b
|-damage|p1a: Sneasler|33/100
|-damage|p1b: Sinistcha|9/100
|move|p1b: Sinistcha|Trick Room|p1b: Sinistcha
|-fieldstart|move: Trick Room|[of] p1b: Sinistcha
|
|upkeep
|turn|5
|inactive|DecorateWithDonuts has 30 seconds left.
|inactive|DecorateWithDonuts has 20 seconds left.
|inactive|DecorateWithDonuts has 15 seconds left.
|inactive|DecorateWithDonuts has 10 seconds left.
|inactive|DecorateWithDonuts has 5 seconds left.
|
|t:|1784081302
|move|p2a: Floette|Protect|p2a: Floette
|-singleturn|p2a: Floette|Protect
|move|p1b: Sinistcha|Rage Powder|p1b: Sinistcha
|-singleturn|p1b: Sinistcha|move: Rage Powder
|move|p2b: Whimsicott|Encore|p1b: Sinistcha
|-start|p1b: Sinistcha|Encore
|move|p1a: Sneasler|Poison Jab|p2a: Floette
|-activate|p2a: Floette|move: Protect
|
|upkeep
|turn|6
|
|t:|1784081326
|switch|p1b: Kingambit|Kingambit, L50, M|100/100
|switch|p2a: Kingambit|Kingambit, L50, M|1/100
|move|p1a: Sneasler|Poison Jab|p2a: Kingambit
|-immune|p2a: Kingambit
|move|p2b: Whimsicott|Moonblast|p1a: Sneasler
|-damage|p1a: Sneasler|0 fnt
|faint|p1a: Sneasler
|
|-sideend|p2: hb kiuhnonihnnh|move: Tailwind
|upkeep
|inactive|DecorateWithDonuts has 30 seconds left.
|
|t:|1784081356
|switch|p1a: Floette|Floette-Mega, L50, F|33/100
|-ability|p1a: Floette|Fairy Aura
|turn|7
|
|t:|1784081378
|move|p2b: Whimsicott|Protect|p2b: Whimsicott
|-singleturn|p2b: Whimsicott|Protect
|move|p2a: Kingambit|Protect|p2a: Kingambit
|-singleturn|p2a: Kingambit|Protect
|move|p1a: Floette|Protect|p1a: Floette
|-singleturn|p1a: Floette|Protect
|move|p1b: Kingambit|Swords Dance|p1b: Kingambit
|-boost|p1b: Kingambit|atk|2
|
|upkeep
|turn|8
|inactive|DecorateWithDonuts has 30 seconds left.
|inactive|DecorateWithDonuts has 20 seconds left.
|inactive|DecorateWithDonuts has 15 seconds left.
|
|t:|1784081423
|switch|p1a: Sinistcha|Sinistcha, L50|9/100
|move|p2b: Whimsicott|Encore|p1b: Kingambit
|-hint|Since gen 7, Dark is immune to Prankster moves.
|-immune|p1b: Kingambit
|move|p2a: Kingambit|Iron Head|p1a: Sinistcha
|-damage|p1a: Sinistcha|0 fnt
|faint|p1a: Sinistcha
|move|p1b: Kingambit|Swords Dance|p1b: Kingambit
|-boost|p1b: Kingambit|atk|2
|
|-fieldend|move: Trick Room
|upkeep
|
|t:|1784081433
|switch|p1a: Floette|Floette-Mega, L50, F|33/100
|-ability|p1a: Floette|Fairy Aura
|turn|9
|
|t:|1784081448
|move|p2b: Whimsicott|Tailwind|p2b: Whimsicott
|-sidestart|p2: hb kiuhnonihnnh|move: Tailwind
|move|p1b: Kingambit|Sucker Punch||[still]
|-fail|p1b: Kingambit
|move|p1a: Floette|Dazzling Gleam|p2b: Whimsicott|[spread] p2a,p2b
|-damage|p2a: Kingambit|0 fnt
|-damage|p2b: Whimsicott|29/100
|faint|p2a: Kingambit
|
|upkeep
|
|t:|1784081454
|switch|p2a: Floette|Floette-Mega, L50, F|100/100
|-ability|p2a: Floette|Fairy Aura
|turn|10
|inactive|DecorateWithDonuts has 30 seconds left.
|
|t:|1784081483
|move|p2a: Floette|Protect|p2a: Floette
|-singleturn|p2a: Floette|Protect
|move|p1b: Kingambit|Sucker Punch||[still]
|-fail|p1b: Kingambit
|move|p2b: Whimsicott|Moonblast|p1b: Kingambit
|-damage|p1b: Kingambit|57/100
|move|p1a: Floette|Dazzling Gleam|p2b: Whimsicott|[spread] p2b
|-activate|p2a: Floette|move: Protect
|-damage|p2b: Whimsicott|0 fnt
|faint|p2b: Whimsicott
|
|upkeep
|turn|11
|
|t:|1784081499
|move|p1b: Kingambit|Sucker Punch|p2a: Floette
|-resisted|p2a: Floette|1
|-damage|p2a: Floette|0 fnt
|faint|p2a: Floette
|
|win|DecorateWithDonuts
||hb kiuhnonihnnh is ready for game 2.
|inactive|DecorateWithDonuts has 30 seconds to confirm battle start!
||DecorateWithDonuts is ready for game 2.
|uhtml|next|Next: Game 2 of 3
