|j|☆waveniki
|j|☆ReggioVGC
|html|wavenikiReggioVGC    
|uhtml|bestof|Game 3 of a best-of-3
|t:|1756669514
|gametype|doubles
|player|p1|waveniki|clerk|1175
|player|p2|ReggioVGC|lucas|1054
|gen|9
|tier|[Gen 9] VGC 2025 Reg H (Bo3)
|rated|
|rule|Species Clause: Limit one of each Pokémon
|rule|Item Clause: Limit 1 of each item
|clearpoke
|poke|p1|Incineroar, L50, F|
|poke|p1|Amoonguss, L50, M|
|poke|p1|Ursaluna-Bloodmoon, L50, M|
|poke|p1|Dragonite, L50, F|
|poke|p1|Sneasler, L50, F|
|poke|p1|Gholdengo, L50|
|poke|p2|Ursaluna, L50, M|
|poke|p2|Kilowattrel, L50, F|
|poke|p2|Gholdengo, L50|
|poke|p2|Incineroar, L50, M|
|poke|p2|Amoonguss, L50, F|
|poke|p2|Porygon2, L50|
|teampreview|4
|showteam|p1|Incineroar||SafetyGoggles|Intimidate|FlareBlitz,KnockOff,FakeOut,PartingShot|||F|||50|,,,,,Ghost]Amoonguss||SitrusBerry|Regenerator|PollenPuff,Spore,RagePowder,Protect|||M|||50|,,,,,Psychic]Ursaluna-Bloodmoon||AssaultVest|MindsEye|HyperVoice,BloodMoon,EarthPower,VacuumWave|||M|||50|,,,,,Water]Dragonite||LoadedDice|Multiscale|ScaleShot,Tailwind,Haze,Protect|||F|||50|,,,,,Fairy]Sneasler||FocusSash|Unburden|CloseCombat,DireClaw,ThroatChop,Protect|||F|||50|,,,,,Stellar]Gholdengo||LifeOrb|GoodasGold|MakeItRain,ShadowBall,NastyPlot,Protect||||||50|,,,,,Water
|showteam|p2|Ursaluna||FlameOrb|Guts|Facade,HeadlongRush,Earthquake,Protect|||M|||50|,,,,,Fairy]Kilowattrel||FocusSash|Competitive|Thunderbolt,AirSlash,Tailwind,Protect|||F|||50|,,,,,Ghost]Gholdengo||LifeOrb|GoodasGold|MakeItRain,ShadowBall,NastyPlot,Protect||||||50|,,,,,Flying]Incineroar||AssaultVest|Intimidate|KnockOff,FlareBlitz,Uturn,FakeOut|||M|||50|,,,,,Grass]Amoonguss||SitrusBerry|Regenerator|Spore,RagePowder,SludgeBomb,Protect|||F|||50|,,,,,Water]Porygon2||Eviolite|Download|TeraBlast,IceBeam,Recover,TrickRoom||||||50|,,,,,Fighting
|inactive|Battle timer is ON: inactive players will automatically lose when time's up. (requested by waveniki)
|inactive|waveniki has 60 seconds left.
|inactive|ReggioVGC has 60 seconds left.
|inactive|waveniki has 30 seconds left.
|
|t:|1756669576
|teamsize|p1|4
|teamsize|p2|4
|start
|switch|p1a: Incineroar|Incineroar, L50, F|100/100
|switch|p1b: Gholdengo|Gholdengo, L50|100/100
|switch|p2a: Big Bird|Kilowattrel, L50, F|100/100
|switch|p2b: Pumpy the Grumpy|Incineroar, L50, M, shiny|100/100
|-ability|p1a: Incineroar|Intimidate|boost
|-unboost|p2a: Big Bird|atk|1
|-ability|p2a: Big Bird|Competitive|boost
|-boost|p2a: Big Bird|spa|2
|-unboost|p2b: Pumpy the Grumpy|atk|1
|-ability|p2b: Pumpy the Grumpy|Intimidate|boost
|-unboost|p1a: Incineroar|atk|1
|-unboost|p1b: Gholdengo|atk|1
|turn|1
|inactive|ReggioVGC has 30 seconds left.
|
|t:|1756669607
|move|p2b: Pumpy the Grumpy|Fake Out|p1a: Incineroar
|-damage|p1a: Incineroar|92/100
|move|p2a: Big Bird|Thunderbolt|p1b: Gholdengo
|-damage|p1b: Gholdengo|7/100
|-status|p1b: Gholdengo|par
|cant|p1a: Incineroar|flinch
|move|p1b: Gholdengo|Make It Rain|p2b: Pumpy the Grumpy|[spread] p2a,p2b
|-resisted|p2a: Big Bird
|-resisted|p2b: Pumpy the Grumpy
|-damage|p2a: Big Bird|44/100
|-damage|p2b: Pumpy the Grumpy|84/100
|-unboost|p1b: Gholdengo|spa|1
|-damage|p1b: Gholdengo|0 fnt|[from] item: Life Orb
|faint|p1b: Gholdengo
|
|upkeep
|
|t:|1756669615
|switch|p1b: Dragonite|Dragonite, L50, F|100/100
|turn|2
|inactive|ReggioVGC has 30 seconds left.
|inactive|ReggioVGC has 20 seconds left.
|inactive|ReggioVGC has 15 seconds left.
|
|t:|1756669658
|move|p2a: Big Bird|Tailwind|p2a: Big Bird
|-sidestart|p2: ReggioVGC|move: Tailwind
|move|p2b: Pumpy the Grumpy|U-turn|p1b: Dragonite
|-resisted|p1b: Dragonite
|-damage|p1b: Dragonite|96/100
|
|t:|1756669666
|switch|p2b: Dinko|Ursaluna, L50, M|100/100|[from] U-turn
|move|p1b: Dragonite|Scale Shot|p2a: Big Bird
|-damage|p2a: Big Bird|17/100
|-damage|p2a: Big Bird|0 fnt
|faint|p2a: Big Bird
|-hitcount|p2: Big Bird|2
|-unboost|p1b: Dragonite|def|1
|-boost|p1b: Dragonite|spe|1
|move|p1a: Incineroar|Parting Shot|p2b: Dinko
|-unboost|p2b: Dinko|atk|1
|-unboost|p2b: Dinko|spa|1
|
|t:|1756669677
|switch|p1a: Amoonguss|Amoonguss, L50, M|100/100|[from] Parting Shot
|
|-status|p2b: Dinko|brn|[from] item: Flame Orb
|upkeep
|
|t:|1756669692
|switch|p2a: Pumpy the Grumpy|Incineroar, L50, M, shiny|84/100
|-ability|p2a: Pumpy the Grumpy|Intimidate|boost
|-unboost|p1a: Amoonguss|atk|1
|-unboost|p1b: Dragonite|atk|1
|turn|3
|
|t:|1756669712
|switch|p2b: Mr Worldwide|Gholdengo, L50|100/100
|move|p1b: Dragonite|Protect|p1b: Dragonite
|-singleturn|p1b: Dragonite|Protect
|move|p1a: Amoonguss|Protect|p1a: Amoonguss
|-singleturn|p1a: Amoonguss|Protect
|move|p2a: Pumpy the Grumpy|Fake Out|p1b: Dragonite
|-activate|p1b: Dragonite|move: Protect
|
|upkeep
|turn|4
|inactive|waveniki has 30 seconds left.
|inactive|waveniki has 20 seconds left.
|inactive|waveniki has 15 seconds left.
|
|t:|1756669754
|switch|p1a: Incineroar|Incineroar, L50, F|92/100
|-ability|p1a: Incineroar|Intimidate|boost
|-unboost|p2a: Pumpy the Grumpy|atk|1
|-unboost|p2b: Mr Worldwide|atk|1
|move|p2b: Mr Worldwide|Make It Rain|p1a: Incineroar|[spread] p1a,p1b
|-resisted|p1a: Incineroar
|-damage|p1a: Incineroar|64/100
|-damage|p1b: Dragonite|33/100
|-unboost|p2b: Mr Worldwide|spa|1
|-damage|p2b: Mr Worldwide|91/100|[from] item: Life Orb
|move|p2a: Pumpy the Grumpy|Flare Blitz|p1a: Incineroar
|-resisted|p1a: Incineroar
|-damage|p1a: Incineroar|48/100
|-damage|p2a: Pumpy the Grumpy|78/100|[from] Recoil
|move|p1b: Dragonite|Scale Shot|p2a: Pumpy the Grumpy
|-damage|p2a: Pumpy the Grumpy|69/100
|-damage|p2a: Pumpy the Grumpy|59/100
|-damage|p2a: Pumpy the Grumpy|49/100
|-damage|p2a: Pumpy the Grumpy|38/100
|-damage|p2a: Pumpy the Grumpy|28/100
|-hitcount|p2a: Pumpy the Grumpy|5
|-unboost|p1b: Dragonite|def|1
|-boost|p1b: Dragonite|spe|1
|
|upkeep
|turn|5
|inactive|ReggioVGC has 30 seconds left.
|inactive|ReggioVGC has 20 seconds left.
|inactive|ReggioVGC has 15 seconds left.
|inactive|ReggioVGC has 10 seconds left.
|
|t:|1756669800
|move|p2b: Mr Worldwide|Nasty Plot|p2b: Mr Worldwide
|-boost|p2b: Mr Worldwide|spa|2
|move|p1b: Dragonite|Scale Shot|p2a: Pumpy the Grumpy|[miss]
|-miss|p1b: Dragonite|p2a: Pumpy the Grumpy
|move|p2a: Pumpy the Grumpy|U-turn|p1b: Dragonite
|-resisted|p1b: Dragonite
|-damage|p1b: Dragonite|17/100
|
|t:|1756669807
|switch|p2a: Dinko|Ursaluna, L50, M|100/100 brn|[from] U-turn
|move|p1a: Incineroar|Flare Blitz|p2b: Mr Worldwide
|-supereffective|p2b: Mr Worldwide
|-damage|p2b: Mr Worldwide|0 fnt
|faint|p2b: Mr Worldwide
|-damage|p1a: Incineroar|22/100|[from] Recoil
|
|-damage|p2a: Dinko|95/100 brn|[from] brn
|-sideend|p2: ReggioVGC|move: Tailwind
|upkeep
|
|t:|1756669815
|switch|p2b: Pumpy the Grumpy|Incineroar, L50, M, shiny|28/100
|-ability|p2b: Pumpy the Grumpy|Intimidate|boost
|-unboost|p1a: Incineroar|atk|1
|-unboost|p1b: Dragonite|atk|1
|turn|6
|
|t:|1756669834
|-terastallize|p1a: Incineroar|Ghost
|move|p1b: Dragonite|Protect|p1b: Dragonite
|-singleturn|p1b: Dragonite|Protect
|move|p2b: Pumpy the Grumpy|Fake Out|p1b: Dragonite
|-activate|p1b: Dragonite|move: Protect
|move|p1a: Incineroar|Parting Shot|p2a: Dinko
|-unboost|p2a: Dinko|atk|1
|-unboost|p2a: Dinko|spa|1
|
|t:|1756669839
|switch|p1a: Amoonguss|Amoonguss, L50, M|100/100|[from] Parting Shot
|move|p2a: Dinko|Facade|p1a: Amoonguss
|-damage|p1a: Amoonguss|20/100
|-enditem|p1a: Amoonguss|Sitrus Berry|[eat]
|-heal|p1a: Amoonguss|45/100|[from] item: Sitrus Berry
|
|-damage|p2a: Dinko|89/100 brn|[from] brn
|upkeep
|turn|7
|
|t:|1756669862
|switch|p1a: Incineroar|Incineroar, L50, F, tera:Ghost|22/100
|-ability|p1a: Incineroar|Intimidate|boost
|-unboost|p2a: Dinko|atk|1
|-unboost|p2b: Pumpy the Grumpy|atk|1
|move|p1b: Dragonite|Scale Shot|p2b: Pumpy the Grumpy
|-damage|p2b: Pumpy the Grumpy|19/100
|-damage|p2b: Pumpy the Grumpy|10/100
|-damage|p2b: Pumpy the Grumpy|3/100
|-damage|p2b: Pumpy the Grumpy|0 fnt
|faint|p2b: Pumpy the Grumpy
|-hitcount|p2: Pumpy the Grumpy|4
|-unboost|p1b: Dragonite|def|1
|-boost|p1b: Dragonite|spe|1
|move|p2a: Dinko|Facade|p1a: Incineroar
|-immune|p1a: Incineroar
|
|-damage|p2a: Dinko|83/100 brn|[from] brn
|upkeep
|turn|8
|
|t:|1756669878
|switch|p1b: Amoonguss|Amoonguss, L50, M|78/100
|move|p1a: Incineroar|Fake Out|p2a: Dinko
|-damage|p2a: Dinko|72/100 brn
|cant|p2a: Dinko|flinch
|
|-damage|p2a: Dinko|67/100 brn|[from] brn
|upkeep
|turn|9
|
|t:|1756669900
|move|p1a: Incineroar|Knock Off|p2a: Dinko
|-damage|p2a: Dinko|33/100 brn
|-enditem|p2a: Dinko|Flame Orb|[from] move: Knock Off|[of] p1a: Incineroar
|move|p2a: Dinko|Earthquake|p1b: Amoonguss|[spread] p1a,p1b
|-crit|p1a: Incineroar
|-damage|p1a: Incineroar|0 fnt
|-damage|p1b: Amoonguss|45/100
|faint|p1a: Incineroar
|move|p1b: Amoonguss|Pollen Puff|p1: Incineroar|[notarget]
|-fail|p1b: Amoonguss
|
|-damage|p2a: Dinko|27/100 brn|[from] brn
|upkeep
|
|t:|1756669904
|switch|p1a: Dragonite|Dragonite, L50, F|17/100
|turn|10
|
|t:|1756669919
|move|p1b: Amoonguss|Rage Powder|p1b: Amoonguss
|-singleturn|p1b: Amoonguss|move: Rage Powder
|move|p1a: Dragonite|Scale Shot|p2a: Dinko
|-damage|p2a: Dinko|15/100 brn
|-damage|p2a: Dinko|4/100 brn
|-damage|p2a: Dinko|0 fnt
|faint|p2a: Dinko
|-hitcount|p2: Dinko|3
|
|win|waveniki
|raw|waveniki's rating: 1175 → 1192(+17 for winning)
|raw|ReggioVGC's rating: 1054 → 1042(-12 for losing)
|l|☆ReggioVGC
|player|p2|
