|j|☆marcosdeltasena31
|j|‽Livnlarge27
|html|marcosdeltasena31Livnlarge27    
|uhtml|bestof|Game 1 of a best-of-3
|t:|1757115407
|gametype|doubles
|player|p1|marcosdeltasena31|hilbert|1351
|player|p2|Livnlarge27|red|1559
|gen|9
|tier|[Gen 9] VGC 2025 Reg H (Bo3)
|rated|
|rule|Species Clause: Limit one of each Pokémon
|rule|Item Clause: Limit 1 of each item
|clearpoke
|poke|p1|Dragonite, L50, F|
|poke|p1|Sneasler, L50, F|
|poke|p1|Volcarona, L50, F|
|poke|p1|Rillaboom, L50, M|
|poke|p1|Kingambit, L50, F|
|poke|p1|Electabuzz, L50, F|
|poke|p2|Blastoise, L50, F|
|poke|p2|Sneasler, L50, F|
|poke|p2|Indeedee-F, L50, F|
|poke|p2|Annihilape, L50, F|
|poke|p2|Dragonite, L50, M|
|poke|p2|Delphox, L50, M|
|teampreview|4
|showteam|p1|Dragonite||LoadedDice|Multiscale|ScaleShot,ExtremeSpeed,Haze,Protect|||F|||50|,,,,,Fairy]Sneasler||FocusSash|PoisonTouch|DireClaw,CloseCombat,FakeOut,Coaching|||F|||50|,,,,,Ghost]Volcarona||CovertCloak|FlameBody|HeatWave,TeraBlast,QuiverDance,Protect|||F|||50|,,,,,Fairy]Rillaboom||AssaultVest|GrassySurge|WoodHammer,FakeOut,GrassyGlide,HighHorsepower|||M|||50|,,,,,Fire]Kingambit||BlackGlasses|Defiant|KowtowCleave,SwordsDance,SuckerPunch,Protect|||F|||50|,,,,,Dark]Electabuzz||Eviolite|VitalSpirit|Thunderbolt,FollowMe,Taunt,Protect|||F|||50|,,,,,Ghost
|showteam|p2|Blastoise||MysticWater|Torrent|Protect,WaterSpout,WaterPledge,ShellSmash|||F|||50|,,,,,Water]Sneasler||PsychicSeed|Unburden|FakeOut,CloseCombat,DireClaw,ThroatChop|||F|||50|,,,,,Dark]Indeedee-F||SafetyGoggles|PsychicSurge|FollowMe,HelpingHand,Imprison,TrickRoom|||F|||50|,,,,,Water]Annihilape||SitrusBerry|Defiant|CloseCombat,RageFist,Taunt,FinalGambit|||F|||50|,,,,,Fairy]Dragonite||LoadedDice|Multiscale|ScaleShot,Tailwind,Protect,Haze|||M|||50|,,,,,Steel]Delphox||LifeOrb|Blaze|ExpandingForce,HeatWave,Protect,GrassKnot|||M|||50|,,,,,Grass
|inactive|Battle timer is ON: inactive players will automatically lose when time's up. (requested by Livnlarge27)
|inactive|Livnlarge27 has 60 seconds left.
|inactive|Livnlarge27 has 30 seconds left.
|
|t:|1757115473
|teamsize|p1|4
|teamsize|p2|4
|start
|switch|p1a: Dragonite|Dragonite, L50, F|100/100
|switch|p1b: Electabuzz|Electabuzz, L50, F|100/100
|switch|p2a: Annihilape|Annihilape, L50, F|100/100
|switch|p2b: Sneasler|Sneasler, L50, F|100/100
|turn|1
|
|t:|1757115487
|move|p2b: Sneasler|Fake Out|p1a: Dragonite
|-damage|p1a: Dragonite|92/100
|move|p1b: Electabuzz|Follow Me|p1b: Electabuzz
|-singleturn|p1b: Electabuzz|move: Follow Me
|move|p2a: Annihilape|Taunt|p1b: Electabuzz
|-start|p1b: Electabuzz|move: Taunt
|cant|p1a: Dragonite|flinch
|
|upkeep
|turn|2
|
|t:|1757115498
|move|p1a: Dragonite|Protect|p1a: Dragonite
|-singleturn|p1a: Dragonite|Protect
|move|p2b: Sneasler|Dire Claw|p1b: Electabuzz
|-damage|p1b: Electabuzz|67/100
|-status|p1b: Electabuzz|psn
|move|p2a: Annihilape|Final Gambit|p1a: Dragonite
|-activate|p1a: Dragonite|move: Protect
|move|p1b: Electabuzz|Thunderbolt|p2a: Annihilape
|-damage|p2a: Annihilape|72/100
|
|-damage|p1b: Electabuzz|54/100 psn|[from] psn
|upkeep
|turn|3
|
|t:|1757115517
|switch|p1a: Kingambit|Kingambit, L50, F|100/100
|move|p2b: Sneasler|Dire Claw|p1a: Kingambit
|-immune|p1a: Kingambit
|move|p2a: Annihilape|Rage Fist|p1a: Kingambit
|-resisted|p1a: Kingambit
|-damage|p1a: Kingambit|86/100
|move|p1b: Electabuzz|Thunderbolt|p2b: Sneasler
|-damage|p2b: Sneasler|58/100
|
|-damage|p1b: Electabuzz|42/100 psn|[from] psn
|upkeep
|turn|4
|
|t:|1757115540
|move|p1a: Kingambit|Protect|p1a: Kingambit
|-singleturn|p1a: Kingambit|Protect
|move|p2b: Sneasler|Close Combat|p1b: Electabuzz
|-damage|p1b: Electabuzz|0 fnt
|-unboost|p2b: Sneasler|def|1
|-unboost|p2b: Sneasler|spd|1
|faint|p1b: Electabuzz
|move|p2a: Annihilape|Close Combat|p1a: Kingambit
|-activate|p1a: Kingambit|move: Protect
|
|upkeep
|
|t:|1757115550
|switch|p1b: Dragonite|Dragonite, L50, F|92/100
|turn|5
|
|t:|1757115570
|-terastallize|p2a: Annihilape|Fairy
|move|p1a: Kingambit|Sucker Punch|p2a: Annihilape
|-resisted|p2a: Annihilape
|-damage|p2a: Annihilape|48/100
|-enditem|p2a: Annihilape|Sitrus Berry|[eat]
|-heal|p2a: Annihilape|73/100|[from] item: Sitrus Berry
|move|p2b: Sneasler|Dire Claw|p1b: Dragonite
|-crit|p1b: Dragonite
|-damage|p1b: Dragonite|17/100
|-status|p1b: Dragonite|slp
|move|p2a: Annihilape|Close Combat|p1a: Kingambit
|-supereffective|p1a: Kingambit
|-damage|p1a: Kingambit|0 fnt
|-unboost|p2a: Annihilape|def|1
|-unboost|p2a: Annihilape|spd|1
|faint|p1a: Kingambit
|cant|p1b: Dragonite|slp
|
|upkeep
|
|t:|1757115582
|switch|p1a: Rillaboom|Rillaboom, L50, M|100/100
|-fieldstart|move: Grassy Terrain|[from] ability: Grassy Surge|[of] p1a: Rillaboom
|turn|6
|
|t:|1757115590
|switch|p2a: Indeedee|Indeedee-F, L50, F|100/100
|-fieldstart|move: Psychic Terrain|[from] ability: Psychic Surge|[of] p2a: Indeedee
|-enditem|p2b: Sneasler|Psychic Seed
|-boost|p2b: Sneasler|spd|1|[from] item: Psychic Seed
|-terastallize|p1a: Rillaboom|Fire
|cant|p1b: Dragonite|slp
|move|p2b: Sneasler|Dire Claw|p1b: Dragonite
|-crit|p1b: Dragonite
|-damage|p1b: Dragonite|0 fnt
|faint|p1b: Dragonite
|move|p1a: Rillaboom|Wood Hammer|p2a: Indeedee
|-damage|p2a: Indeedee|42/100
|-damage|p1a: Rillaboom|84/100|[from] Recoil
|
|upkeep
|turn|7
|
|t:|1757115596
|move|p2a: Indeedee|Helping Hand|p2b: Sneasler
|-singleturn|p2b: Sneasler|Helping Hand|[of] p2a: Indeedee
|move|p2b: Sneasler|Close Combat|p1a: Rillaboom
|-damage|p1a: Rillaboom|0 fnt
|-unboost|p2b: Sneasler|def|1
|-unboost|p2b: Sneasler|spd|1
|faint|p1a: Rillaboom
|
|win|Livnlarge27
