|j|☆lilrainteamwahoo
|j|☆archyx
|html|lilrainteamwahooarchyx    
|uhtml|bestof|Game 2 of a best-of-3
|t:|1757000494
|gametype|doubles
|player|p1|lilrainteamwahoo|baker|1102
|player|p2|archyx|ethan|1213
|gen|9
|tier|[Gen 9] VGC 2025 Reg H (Bo3)
|rated|
|rule|Species Clause: Limit one of each Pokémon
|rule|Item Clause: Limit 1 of each item
|clearpoke
|poke|p1|Archaludon, L50, M|
|poke|p1|Pelipper, L50, M|
|poke|p1|Indeedee, L50, M|
|poke|p1|Amoonguss, L50, F|
|poke|p1|Basculegion, L50, M|
|poke|p1|Hydreigon, L50, F|
|poke|p2|Sneasler, L50, F|
|poke|p2|Indeedee, L50, M|
|poke|p2|Ursaluna-Bloodmoon, L50, M|
|poke|p2|Talonflame, L50, F|
|poke|p2|Electabuzz, L50, M|
|poke|p2|Hydreigon, L50, M|
|teampreview|4
|showteam|p1|Archaludon||AssaultVest|Stamina|ElectroShot,DracoMeteor,BodyPress,FlashCannon|||M|||50|,,,,,Grass]Pelipper||FocusSash|Drizzle|WeatherBall,Hurricane,Tailwind,Protect|||M|||50|,,,,,Ghost]Indeedee||ChoiceScarf|PsychicSurge|ExpandingForce,TeraBlast,Trick,DazzlingGleam|||M|||50|,,,,,Ground]Amoonguss||SitrusBerry|Regenerator|Spore,SludgeBomb,Protect,RagePowder|||F|||50|,,,,,Water]Basculegion||ChoiceBand|SwiftSwim|FlipTurn,WaveCrash,LastRespects,AquaJet|||M|||50|,,,,,Poison]Hydreigon||CovertCloak|Levitate|Taunt,Snarl,DracoMeteor,EarthPower|||F|||50|,,,,,Fairy
|showteam|p2|Sneasler||PsychicSeed|Unburden|Protect,CloseCombat,DireClaw,ThroatChop|||F|||50|,,,,,Dark]Indeedee||FocusSash|PsychicSurge|ExpandingForce,Protect,TrickRoom,HelpingHand|||M|||50|,,,,,Psychic]Ursaluna-Bloodmoon||LifeOrb|MindsEye|Protect,HyperVoice,EarthPower,BloodMoon|||M|||50|,,,,,Normal]Talonflame||CovertCloak|GaleWings|Tailwind,DualWingbeat,Taunt,WillOWisp|||F|||50|,,,,,Stellar]Electabuzz||Eviolite|VitalSpirit|Taunt,FollowMe,Protect,Electroweb|||M|||50|,,,,,Fairy]Hydreigon||ChoiceSpecs|Levitate|HeatWave,DracoMeteor,DarkPulse,Snarl|||M|||50|,,,,,Fire
|
|t:|1757000540
|teamsize|p1|4
|teamsize|p2|4
|start
|switch|p1a: Empire|Basculegion, L50, M|100/100
|switch|p1b: Piedragon|Hydreigon, L50, F|100/100
|switch|p2a: Sneasler|Sneasler, L50, F|100/100
|switch|p2b: Indeedee|Indeedee, L50, M|100/100
|-fieldstart|move: Psychic Terrain|[from] ability: Psychic Surge|[of] p2b: Indeedee
|-enditem|p2a: Sneasler|Psychic Seed
|-boost|p2a: Sneasler|spd|1|[from] item: Psychic Seed
|turn|1
|
|t:|1757000573
|switch|p1b: Smellypper|Pelipper, L50, M|100/100
|-weather|RainDance|[from] ability: Drizzle|[of] p1b: Smellypper
|-terastallize|p1a: Empire|Poison
|move|p2a: Sneasler|Throat Chop|p1a: Empire
|-damage|p1a: Empire|66/100
|-start|p1a: Empire|Throat Chop|[silent]
|move|p1a: Empire|Flip Turn|p2a: Sneasler
|-damage|p2a: Sneasler|6/100
|
|t:|1757000584
|switch|p1a: Piedragon|Hydreigon, L50, F|100/100|[from] Flip Turn
|move|p2b: Indeedee|Expanding Force|p1a: Piedragon|[spread] p1b
|-immune|p1a: Piedragon
|-damage|p1b: Smellypper|6/100
|
|-weather|RainDance|[upkeep]
|upkeep
|turn|2
|inactive|Battle timer is ON: inactive players will automatically lose when time's up. (requested by archyx)
|
|t:|1757000601
|move|p1b: Smellypper|Protect|p1b: Smellypper
|-singleturn|p1b: Smellypper|Protect
|move|p2a: Sneasler|Close Combat|p1a: Piedragon
|-supereffective|p1a: Piedragon
|-damage|p1a: Piedragon|0 fnt
|-unboost|p2a: Sneasler|def|1
|-unboost|p2a: Sneasler|spd|1
|faint|p1a: Piedragon
|move|p2b: Indeedee|Expanding Force|p1b: Smellypper
|-activate|p1b: Smellypper|move: Protect
|
|-weather|RainDance|[upkeep]
|upkeep
|
|t:|1757000606
|switch|p1a: Empire|Basculegion, L50, M, tera:Poison|66/100
|turn|3
|
|t:|1757000624
|move|p2a: Sneasler|Protect|p2a: Sneasler
|-singleturn|p2a: Sneasler|Protect
|move|p1a: Empire|Flip Turn|p2b: Indeedee
|-enditem|p2b: Indeedee|Focus Sash
|-damage|p2b: Indeedee|1/100
|
|t:|1757000630
|switch|p1a: Arching|Archaludon, L50, M|100/100|[from] Flip Turn
|move|p2b: Indeedee|Expanding Force|p1a: Arching|[spread] p1a,p1b
|-resisted|p1a: Arching
|-damage|p1a: Arching|84/100
|-damage|p1b: Smellypper|0 fnt
|-ability|p1a: Arching|Stamina|boost
|-boost|p1a: Arching|def|1
|faint|p1b: Smellypper
|
|-weather|RainDance|[upkeep]
|upkeep
|
|t:|1757000633
|switch|p1b: Empire|Basculegion, L50, M, tera:Poison|66/100
|turn|4
|
|t:|1757000654
|move|p2b: Indeedee|Protect|p2b: Indeedee
|-singleturn|p2b: Indeedee|Protect
|move|p2a: Sneasler|Close Combat|p1a: Arching
|-supereffective|p1a: Arching
|-damage|p1a: Arching|14/100
|-unboost|p2a: Sneasler|def|1
|-unboost|p2a: Sneasler|spd|1
|-ability|p1a: Arching|Stamina|boost
|-boost|p1a: Arching|def|1
|move|p1b: Empire|Wave Crash|p2b: Indeedee
|-activate|p2b: Indeedee|move: Protect
|move|p1a: Arching|Electro Shot||[still]
|-prepare|p1a: Arching|Electro Shot
|-boost|p1a: Arching|spa|1
|-anim|p1a: Arching|Electro Shot|p2a: Sneasler
|-damage|p2a: Sneasler|0 fnt
|faint|p2a: Sneasler
|
|-weather|RainDance|[upkeep]
|upkeep
|
|t:|1757000671
|switch|p2a: Electabuzz|Electabuzz, L50, M|100/100
|turn|5
|
|t:|1757000680
|-terastallize|p2b: Indeedee|Psychic
|move|p2a: Electabuzz|Follow Me|p2a: Electabuzz
|-singleturn|p2a: Electabuzz|move: Follow Me
|move|p1b: Empire|Wave Crash|p2a: Electabuzz
|-damage|p2a: Electabuzz|0 fnt
|faint|p2a: Electabuzz
|-damage|p1b: Empire|38/100|[from] Recoil
|move|p2b: Indeedee|Expanding Force|p1a: Arching|[spread] p1a,p1b
|-resisted|p1a: Arching
|-supereffective|p1b: Empire
|-damage|p1a: Arching|0 fnt
|-damage|p1b: Empire|0 fnt
|faint|p1a: Arching
|faint|p1b: Empire
|
|win|archyx
||lilrainteamwahoo is ready for game 3.
||archyx is ready for game 3.
|uhtml|next|Next: Game 3 of 3
|l|☆archyx
|player|p2|
