|j|☆reborniii
|j|☆Grogguu
|html|reborniiiGrogguu    
|uhtml|bestof|Game 2 of a best-of-3
|t:|1756523749
|gametype|doubles
|player|p1|reborniii|170|1113
|player|p2|Grogguu|zinzolin|1150
|gen|9
|tier|[Gen 9] VGC 2025 Reg H (Bo3)
|rated|
|rule|Species Clause: Limit one of each Pokémon
|rule|Item Clause: Limit 1 of each item
|clearpoke
|poke|p1|Archaludon, L50, M|
|poke|p1|Dragonite, L50, M|
|poke|p1|Pelipper, L50, M|
|poke|p1|Ursaluna, L50, M|
|poke|p1|Sinistcha, L50|
|poke|p1|Gholdengo, L50|
|poke|p2|Volcarona, L50, F|
|poke|p2|Tyranitar, L50, F|
|poke|p2|Rillaboom, L50, M|
|poke|p2|Primarina, L50, M|
|poke|p2|Sneasler, L50, M|
|poke|p2|Dragonite, L50, M|
|teampreview|4
|showteam|p1|Archaludon||AssaultVest|Stamina|FlashCannon,BodyPress,ElectroShot,Snarl|||M|||50|,,,,,Fighting]Dragonite||LoadedDice|Multiscale|ScaleShot,Tailwind,Haze,Protect|||M|||50|,,,,,Fairy]Pelipper||FocusSash|Drizzle|MuddyWater,Hurricane,Tailwind,Protect|||M|||50|,,,,,Ghost]Ursaluna||FlameOrb|Guts|Facade,HeadlongRush,Earthquake,Protect|||M|||50|,,,,,Ghost]Sinistcha||SitrusBerry|Hospitality|MatchaGotcha,LifeDew,RagePowder,TrickRoom||||||50|,,,,,Dark]Gholdengo||ChoiceScarf|GoodasGold|MakeItRain,ShadowBall,Trick,Protect||||||50|,,,,,Flying
|showteam|p2|Volcarona||GrassySeed|FlameBody|QuiverDance,HeatWave,GigaDrain,Protect|||F|||50|,,,,,Stellar]Tyranitar||FocusSash|SandStream|RockSlide,KnockOff,TeraBlast,Protect|||F|||50|,,,,,Flying]Rillaboom||AssaultVest|GrassySurge|KnockOff,Uturn,GrassyGlide,FakeOut|||M|||50|,,,,,Grass]Primarina||SitrusBerry|LiquidVoice|HyperVoice,Moonblast,CalmMind,Protect|||M|||50|,,,,,Poison]Sneasler||WhiteHerb|Unburden|DireClaw,FakeOut,Protect,CloseCombat|||M|||50|,,,,,Dark]Dragonite||LoadedDice|Multiscale|Tailwind,ScaleShot,Haze,Protect|||M|||50|,,,,,Fairy
|
|t:|1756523802
|teamsize|p1|4
|teamsize|p2|4
|start
|switch|p1a: Dragonite|Dragonite, L50, M|100/100
|switch|p1b: Ursaluna|Ursaluna, L50, M|100/100
|switch|p2a: Sneasler|Sneasler, L50, M|100/100
|switch|p2b: Dragonite|Dragonite, L50, M|100/100
|turn|1
|inactive|Battle timer is ON: inactive players will automatically lose when time's up. (requested by Grogguu)
|inactive|reborniii has 60 seconds left.
|
|t:|1756523841
|switch|p1a: Archaludon|Archaludon, L50, M|100/100
|-terastallize|p1b: Ursaluna|Ghost
|move|p2a: Sneasler|Dire Claw|p1a: Archaludon
|-immune|p1a: Archaludon
|move|p2b: Dragonite|Scale Shot|p1a: Archaludon
|-damage|p1a: Archaludon|91/100
|-ability|p1a: Archaludon|Stamina|boost
|-boost|p1a: Archaludon|def|1
|-damage|p1a: Archaludon|85/100
|-ability|p1a: Archaludon|Stamina|boost
|-boost|p1a: Archaludon|def|1
|-damage|p1a: Archaludon|80/100
|-ability|p1a: Archaludon|Stamina|boost
|-boost|p1a: Archaludon|def|1
|-damage|p1a: Archaludon|76/100
|-ability|p1a: Archaludon|Stamina|boost
|-boost|p1a: Archaludon|def|1
|-damage|p1a: Archaludon|72/100
|-ability|p1a: Archaludon|Stamina|boost
|-boost|p1a: Archaludon|def|1
|-hitcount|p1a: Archaludon|5
|-unboost|p2b: Dragonite|def|1
|-boost|p2b: Dragonite|spe|1
|move|p1b: Ursaluna|Facade|p2b: Dragonite
|-damage|p2b: Dragonite|71/100
|
|-status|p1b: Ursaluna|brn|[from] item: Flame Orb
|upkeep
|turn|2
|inactive|reborniii has 30 seconds left.
|inactive|Grogguu has 30 seconds left.
|inactive|reborniii has 20 seconds left.
|inactive|reborniii has 15 seconds left.
|inactive|reborniii has 10 seconds left.
|inactive|reborniii has 5 seconds left.
|
|t:|1756523895
|move|p2b: Dragonite|Protect|p2b: Dragonite
|-singleturn|p2b: Dragonite|Protect
|move|p2a: Sneasler|Dire Claw|p1b: Ursaluna
|-resisted|p1b: Ursaluna
|-damage|p1b: Ursaluna|82/100 brn
|move|p1a: Archaludon|Flash Cannon|p2a: Sneasler
|-damage|p2a: Sneasler|54/100
|move|p1b: Ursaluna|Headlong Rush|p2a: Sneasler
|-supereffective|p2a: Sneasler
|-damage|p2a: Sneasler|0 fnt
|-unboost|p1b: Ursaluna|def|1
|-unboost|p1b: Ursaluna|spd|1
|faint|p2a: Sneasler
|
|-damage|p1b: Ursaluna|76/100 brn|[from] brn
|upkeep
|
|t:|1756523916
|switch|p2a: Volcarona|Volcarona, L50, F|100/100
|turn|3
|
|t:|1756523934
|-terastallize|p2a: Volcarona|Stellar
|move|p2b: Dragonite|Scale Shot|p1b: Ursaluna
|-damage|p1b: Ursaluna|56/100 brn
|-damage|p1b: Ursaluna|37/100 brn
|-damage|p1b: Ursaluna|19/100 brn
|-damage|p1b: Ursaluna|0 fnt
|faint|p1b: Ursaluna
|-hitcount|p1: Ursaluna|4
|-unboost|p2b: Dragonite|def|1
|-boost|p2b: Dragonite|spe|1
|move|p2a: Volcarona|Heat Wave|p1a: Archaludon
|-damage|p1a: Archaludon|30/100
|-ability|p1a: Archaludon|Stamina|boost
|-boost|p1a: Archaludon|def|1
|move|p1a: Archaludon|Snarl|p2b: Dragonite|[spread] p2b
|-miss|p1a: Archaludon|p2a: Volcarona
|-damage|p2b: Dragonite|60/100
|-unboost|p2b: Dragonite|spa|1
|
|upkeep
|
|t:|1756523947
|switch|p1b: Dragonite|Dragonite, L50, M|100/100
|turn|4
|
|t:|1756523964
|switch|p1b: Sinistcha|Sinistcha, L50|100/100
|-heal|p1a: Archaludon|55/100|[from] ability: Hospitality|[of] p1b: Sinistcha
|move|p2b: Dragonite|Scale Shot|p1b: Sinistcha
|-damage|p1b: Sinistcha|88/100
|-damage|p1b: Sinistcha|75/100
|-damage|p1b: Sinistcha|62/100
|-damage|p1b: Sinistcha|48/100
|-enditem|p1b: Sinistcha|Sitrus Berry|[eat]
|-heal|p1b: Sinistcha|73/100|[from] item: Sitrus Berry
|-hitcount|p1b: Sinistcha|4
|-unboost|p2b: Dragonite|def|1
|-boost|p2b: Dragonite|spe|1
|move|p2a: Volcarona|Heat Wave|p1a: Archaludon|[spread] p1a
|-miss|p2a: Volcarona|p1b: Sinistcha
|-damage|p1a: Archaludon|32/100
|move|p1a: Archaludon|Body Press|p2a: Volcarona
|-resisted|p2a: Volcarona
|-damage|p2a: Volcarona|35/100
|-status|p1a: Archaludon|brn|[from] ability: Flame Body|[of] p2a: Volcarona
|
|-damage|p1a: Archaludon|26/100 brn|[from] brn
|upkeep
|turn|5
|inactive|reborniii has 30 seconds left.
|inactive|Grogguu has 30 seconds left.
|
|t:|1756523991
|move|p2b: Dragonite|Scale Shot|p1b: Sinistcha
|-damage|p1b: Sinistcha|61/100
|-damage|p1b: Sinistcha|48/100
|-damage|p1b: Sinistcha|34/100
|-damage|p1b: Sinistcha|20/100
|-hitcount|p1b: Sinistcha|4
|-unboost|p2b: Dragonite|def|1
|-boost|p2b: Dragonite|spe|1
|move|p2a: Volcarona|Heat Wave|p1a: Archaludon|[spread] p1a,p1b
|-supereffective|p1b: Sinistcha
|-damage|p1a: Archaludon|2/100 brn
|-damage|p1b: Sinistcha|0 fnt
|faint|p1b: Sinistcha
|move|p1a: Archaludon|Snarl|p2a: Volcarona|[spread] p2a,p2b
|-damage|p2a: Volcarona|23/100
|-damage|p2b: Dragonite|50/100
|-unboost|p2a: Volcarona|spa|1
|-unboost|p2b: Dragonite|spa|1
|
|-damage|p1a: Archaludon|0 fnt|[from] brn
|faint|p1a: Archaludon
|upkeep
|
|t:|1756523996
|switch|p1a: Dragonite|Dragonite, L50, M|100/100
|turn|6
|
|t:|1756524015
|move|p2b: Dragonite|Scale Shot|p1a: Dragonite
|-supereffective|p1a: Dragonite
|-damage|p1a: Dragonite|83/100
|-supereffective|p1a: Dragonite
|-damage|p1a: Dragonite|53/100
|-supereffective|p1a: Dragonite
|-damage|p1a: Dragonite|19/100
|-supereffective|p1a: Dragonite
|-damage|p1a: Dragonite|0 fnt
|faint|p1a: Dragonite
|-hitcount|p1: Dragonite|4
|
|win|Grogguu
||reborniii is ready for game 3.
||Grogguu is ready for game 3.
|uhtml|next|Next: Game 3 of 3
|l|☆reborniii
|player|p1|
