|j|☆qpdbo0il
|j|☆Mclovingods
|html|qpdbo0ilMclovingods    
|uhtml|bestof|Game 2 of a best-of-3
|t:|1782425080
|gametype|doubles
|player|p1|qpdbo0il|266|1074
|player|p2|Mclovingods|169|1148
|gen|9
|tier|[Gen 9 Champions] VGC 2026 Reg M-B (Bo3)
|rated|
|rule|Species Clause: Limit one of each Pokémon
|rule|Item Clause: Limit 1 of each item
|clearpoke
|poke|p1|Ampharos, L50, F|
|poke|p1|Farigiraf, L50, M|
|poke|p1|Crabominable, L50, F|
|poke|p1|Sinistcha, L50|
|poke|p1|Toxapex, L50, F|
|poke|p1|Palafin, L50, M|
|poke|p2|Delphox, L50, M|
|poke|p2|Basculegion, L50, M|
|poke|p2|Sinistcha, L50|
|poke|p2|Incineroar, L50, F|
|poke|p2|Garchomp, L50, M|
|poke|p2|Staraptor, L50, M|
|teampreview|4
|showteam|p1|Ampharos||Ampharosite|Static|VoltSwitch,Thunderbolt,DragonPulse,Protect|Quiet||F|||50|]Farigiraf||SitrusBerry|ArmorTail|PsychicNoise,FoulPlay,Protect,TrickRoom|Sassy||M|||50|]Crabominable||Crabominite|HyperCutter|Crabhammer,IceSpinner,CloseCombat,Protect|Adamant||F|||50|]Sinistcha||FocusSash|Hospitality|MatchaGotcha,ShadowBall,Protect,RagePowder|Relaxed|||||50|]Toxapex||Leftovers|Regenerator|BanefulBunker,Toxic,Substitute,AcidSpray|Relaxed||F|||50|]Palafin||MysticWater|ZerotoHero|FlipTurn,JetPunch,WaveCrash,Protect|Jolly||M|||50|
|showteam|p2|Delphox||Delphoxite|Blaze|NastyPlot,HeatWave,Psychic,Protect|Timid||M|||50|]Basculegion||MysticWater|Adaptability|WaveCrash,AquaJet,LastRespects,Protect|Jolly||M|||50|]Sinistcha||CobaBerry|Hospitality|MatchaGotcha,RagePowder,LifeDew,TrickRoom|Calm|||||50|]Incineroar||SitrusBerry|Intimidate|FakeOut,PartingShot,FlareBlitz,DarkestLariat|Careful||F|||50|]Garchomp||LifeOrb|RoughSkin|Earthquake,DragonClaw,RockSlide,Protect|Jolly||M|||50|]Staraptor||Staraptite|Intimidate|CloseCombat,BraveBird,Protect,Roost|Jolly||M|||50|
|inactive|Battle timer is ON: inactive players will automatically lose when time's up. (requested by qpdbo0il)
|
|t:|1782425098
|teamsize|p1|4
|teamsize|p2|4
|start
|switch|p1a: Farigiraf|Farigiraf, L50, M|100/100
|switch|p1b: Ampharos|Ampharos, L50, F|100/100
|switch|p2a: Delphox|Delphox, L50, M|100/100
|switch|p2b: Sinistcha|Sinistcha, L50|100/100
|turn|1
|
|t:|1782425112
|detailschange|p2a: Delphox|Delphox-Mega, L50, M
|-mega|p2a: Delphox|Delphox|Delphoxite
|detailschange|p1b: Ampharos|Ampharos-Mega, L50, F
|-mega|p1b: Ampharos|Ampharos|Ampharosite
|-ability|p1b: Ampharos|Mold Breaker
|move|p1b: Ampharos|Protect|p1b: Ampharos
|-singleturn|p1b: Ampharos|Protect
|move|p2b: Sinistcha|Rage Powder|p2b: Sinistcha
|-singleturn|p2b: Sinistcha|move: Rage Powder
|move|p2a: Delphox|Nasty Plot|p2a: Delphox
|-boost|p2a: Delphox|spa|2
|move|p1a: Farigiraf|Trick Room|p1a: Farigiraf
|-fieldstart|move: Trick Room|[of] p1a: Farigiraf
|
|upkeep
|turn|2
|inactive|qpdbo0il has 30 seconds left.
|inactive|qpdbo0il has 20 seconds left.
|
|t:|1782425148
|move|p2a: Delphox|Protect|p2a: Delphox
|-singleturn|p2a: Delphox|Protect
|move|p1b: Ampharos|Dragon Pulse|p2b: Sinistcha
|-damage|p2b: Sinistcha|51/100
|move|p1a: Farigiraf|Trick Room|p1a: Farigiraf
|-fieldend|move: Trick Room
|move|p2b: Sinistcha|Trick Room|p2b: Sinistcha
|-fieldstart|move: Trick Room|[of] p2b: Sinistcha
|
|upkeep
|turn|3
|
|t:|1782425171
|switch|p2b: Incineroar|Incineroar, L50, F|100/100
|-ability|p2b: Incineroar|Intimidate|boost
|-unboost|p1a: Farigiraf|atk|1
|-unboost|p1b: Ampharos|atk|1
|move|p1b: Ampharos|Volt Switch|p2a: Delphox
|-damage|p2a: Delphox|53/100
|
|t:|1782425178
|switch|p1b: Toxapex|Toxapex, L50, F|100/100|[from] Volt Switch
|move|p1a: Farigiraf|Foul Play|p2b: Incineroar
|-resisted|p2b: Incineroar|1
|-damage|p2b: Incineroar|90/100
|move|p2a: Delphox|Heat Wave|p1a: Farigiraf|[spread] p1b
|-miss|p2a: Delphox|p1a: Farigiraf
|-resisted|p1b: Toxapex|1
|-damage|p1b: Toxapex|72/100
|
|-heal|p1b: Toxapex|78/100|[from] item: Leftovers
|upkeep
|turn|4
|
|t:|1782425200
|move|p2a: Delphox|Protect|p2a: Delphox
|-singleturn|p2a: Delphox|Protect
|move|p1b: Toxapex|Toxic|p2a: Delphox
|-activate|p2a: Delphox|move: Protect
|move|p1a: Farigiraf|Foul Play|p2a: Delphox
|-activate|p2a: Delphox|move: Protect
|move|p2b: Incineroar|Darkest Lariat|p1a: Farigiraf
|-supereffective|p1a: Farigiraf|1
|-damage|p1a: Farigiraf|33/100
|-enditem|p1a: Farigiraf|Sitrus Berry|[eat]
|-heal|p1a: Farigiraf|57/100|[from] item: Sitrus Berry
|
|-heal|p1b: Toxapex|84/100|[from] item: Leftovers
|upkeep
|turn|5
|
|t:|1782425216
|switch|p2b: Sinistcha|Sinistcha, L50|51/100
|-heal|p2a: Delphox|78/100|[from] ability: Hospitality|[of] p2b: Sinistcha
|move|p1a: Farigiraf|Protect|p1a: Farigiraf
|-singleturn|p1a: Farigiraf|Protect
|move|p1b: Toxapex|Toxic|p2a: Delphox
|-status|p2a: Delphox|tox
|move|p2a: Delphox|Heat Wave|p1a: Farigiraf|[spread] p1b
|-activate|p1a: Farigiraf|move: Protect
|-resisted|p1b: Toxapex|1
|-damage|p1b: Toxapex|56/100
|-status|p1b: Toxapex|brn
|
|-heal|p1b: Toxapex|61/100 brn|[from] item: Leftovers
|-damage|p2a: Delphox|73/100 tox|[from] psn
|-damage|p1b: Toxapex|56/100 brn|[from] brn
|upkeep
|turn|6
|inactive|qpdbo0il has 30 seconds left.
|
|t:|1782425249
|move|p2b: Sinistcha|Rage Powder|p2b: Sinistcha
|-singleturn|p2b: Sinistcha|move: Rage Powder
|move|p1b: Toxapex|Toxic|p2b: Sinistcha
|-status|p2b: Sinistcha|tox
|move|p2a: Delphox|Heat Wave|p1a: Farigiraf|[spread] p1a,p1b
|-resisted|p1b: Toxapex|1
|-damage|p1a: Farigiraf|0 fnt
|-damage|p1b: Toxapex|27/100 brn
|faint|p1a: Farigiraf
|
|-heal|p1b: Toxapex|33/100 brn|[from] item: Leftovers
|-damage|p2b: Sinistcha|45/100 tox|[from] psn
|-damage|p2a: Delphox|61/100 tox|[from] psn
|-damage|p1b: Toxapex|27/100 brn|[from] brn
|-fieldend|move: Trick Room
|upkeep
|
|t:|1782425260
|switch|p1a: Sinistcha|Sinistcha, L50|100/100
|-heal|p1b: Toxapex|52/100 brn|[from] ability: Hospitality|[of] p1a: Sinistcha
|turn|7
|
|t:|1782425271
|move|p2a: Delphox|Protect|p2a: Delphox
|-singleturn|p2a: Delphox|Protect
|move|p1a: Sinistcha|Protect|p1a: Sinistcha
|-singleturn|p1a: Sinistcha|Protect
|move|p1b: Toxapex|Baneful Bunker|p1b: Toxapex
|-singleturn|p1b: Toxapex|move: Protect
|move|p2b: Sinistcha|Life Dew|p2b: Sinistcha|[spread] p2a,p2b
|-heal|p2a: Delphox|86/100 tox
|-heal|p2b: Sinistcha|70/100 tox
|
|-heal|p1b: Toxapex|57/100 brn|[from] item: Leftovers
|-damage|p2a: Delphox|68/100 tox|[from] psn
|-damage|p2b: Sinistcha|57/100 tox|[from] psn
|-damage|p1b: Toxapex|52/100 brn|[from] brn
|upkeep
|turn|8
|
|t:|1782425294
|switch|p2a: Incineroar|Incineroar, L50, F|90/100
|-ability|p2a: Incineroar|Intimidate|boost
|-unboost|p1a: Sinistcha|atk|1
|-unboost|p1b: Toxapex|atk|1
|-heal|p1b: Toxapex|85/100 brn|[from] ability: Regenerator|[silent]
|switch|p1b: Ampharos|Ampharos-Mega, L50, F|100/100
|-ability|p1b: Ampharos|Mold Breaker
|move|p2b: Sinistcha|Matcha Gotcha|p1b: Ampharos|[spread] p1b
|-miss|p2b: Sinistcha|p1a: Sinistcha
|-resisted|p1b: Ampharos|1
|-damage|p1b: Ampharos|89/100
|-heal|p2b: Sinistcha|63/100 tox|[from] drain|[of] p1b: Ampharos
|-status|p1b: Ampharos|brn
|move|p1a: Sinistcha|Shadow Ball|p2a: Incineroar
|-resisted|p2a: Incineroar|1
|-damage|p2a: Incineroar|78/100
|
|-damage|p2b: Sinistcha|44/100 tox|[from] psn
|-damage|p1b: Ampharos|83/100 brn|[from] brn
|upkeep
|turn|9
|inactive|qpdbo0il has 30 seconds left.
|inactive|Mclovingods has 30 seconds left.
|
|t:|1782425325
|switch|p2b: Garchomp|Garchomp, L50, M|100/100
|move|p1a: Sinistcha|Protect|p1a: Sinistcha
|-singleturn|p1a: Sinistcha|Protect
|move|p2a: Incineroar|Darkest Lariat|p1a: Sinistcha
|-activate|p1a: Sinistcha|move: Protect
|move|p1b: Ampharos|Volt Switch|p2a: Incineroar
|-damage|p2a: Incineroar|41/100
|-enditem|p2a: Incineroar|Sitrus Berry|[eat]
|-heal|p2a: Incineroar|65/100|[from] item: Sitrus Berry
|
|t:|1782425336
|switch|p1b: Toxapex|Toxapex, L50, F|85/100 brn|[from] Volt Switch
|
|-heal|p1b: Toxapex|91/100 brn|[from] item: Leftovers
|-damage|p1b: Toxapex|85/100 brn|[from] brn
|upkeep
|turn|10
|
|t:|1782425348
|switch|p2a: Delphox|Delphox-Mega, L50, M|68/100 tox
|move|p2b: Garchomp|Earthquake|p1b: Toxapex|[spread] p1a,p1b
|-immune|p2a: Delphox|[from] ability: Levitate
|-resisted|p1a: Sinistcha|1
|-supereffective|p1b: Toxapex|1
|-damage|p1a: Sinistcha|75/100
|-damage|p1b: Toxapex|10/100 brn
|-damage|p2b: Garchomp|90/100|[from] item: Life Orb
|move|p1a: Sinistcha|Matcha Gotcha|p2b: Garchomp|[spread] p2a,p2b
|-resisted|p2a: Delphox|1
|-damage|p2a: Delphox|56/100 tox
|-heal|p1a: Sinistcha|80/100|[from] drain|[of] p2a: Delphox
|-damage|p2b: Garchomp|60/100
|-heal|p1a: Sinistcha|96/100|[from] drain|[of] p2b: Garchomp
|-status|p2b: Garchomp|brn
|move|p1b: Toxapex|Toxic||[still]
|-fail|p1b: Toxapex
|
|-heal|p1b: Toxapex|16/100 brn|[from] item: Leftovers
|-damage|p2a: Delphox|50/100g tox|[from] psn
|-damage|p2b: Garchomp|54/100 brn|[from] brn
|-damage|p1b: Toxapex|10/100 brn|[from] brn
|upkeep
|turn|11
|inactive|qpdbo0il has 30 seconds left.
|
|t:|1782425374
|move|p1b: Toxapex|Baneful Bunker|p1b: Toxapex
|-singleturn|p1b: Toxapex|move: Protect
|move|p2a: Delphox|Heat Wave|p1a: Sinistcha|[spread] 
|-activate|p1b: Toxapex|move: Protect
|-miss|p2a: Delphox|p1a: Sinistcha
|move|p2b: Garchomp|Earthquake|p1b: Toxapex|[spread] p1a
|-activate|p1b: Toxapex|move: Protect
|-immune|p2a: Delphox|[from] ability: Levitate
|-resisted|p1a: Sinistcha|1
|-damage|p1a: Sinistcha|86/100
|-damage|p2b: Garchomp|44/100 brn|[from] item: Life Orb
|move|p1a: Sinistcha|Shadow Ball|p2a: Delphox
|-supereffective|p2a: Delphox|1
|-damage|p2a: Delphox|0 fnt
|faint|p2a: Delphox
|
|-heal|p1b: Toxapex|16/100 brn|[from] item: Leftovers
|-damage|p2b: Garchomp|38/100 brn|[from] brn
|-damage|p1b: Toxapex|10/100 brn|[from] brn
|upkeep
|
|t:|1782425383
|switch|p2a: Incineroar|Incineroar, L50, F|65/100
|-ability|p2a: Incineroar|Intimidate|boost
|-unboost|p1a: Sinistcha|atk|1
|-unboost|p1b: Toxapex|atk|1
|turn|12
|
|t:|1782425398
|-heal|p1b: Toxapex|43/100 brn|[from] ability: Regenerator|[silent]
|switch|p1b: Ampharos|Ampharos-Mega, L50, F|83/100 brn
|-ability|p1b: Ampharos|Mold Breaker
|move|p1a: Sinistcha|Protect|p1a: Sinistcha
|-singleturn|p1a: Sinistcha|Protect
|move|p2b: Garchomp|Dragon Claw|p1a: Sinistcha
|-activate|p1a: Sinistcha|move: Protect
|move|p2a: Incineroar|Flare Blitz|p1b: Ampharos
|-resisted|p1b: Ampharos|1
|-damage|p1b: Ampharos|59/100 brn
|-damage|p2a: Incineroar|59/100|[from] Recoil
|
|-damage|p2b: Garchomp|32/100 brn|[from] brn
|-damage|p1b: Ampharos|53/100 brn|[from] brn
|upkeep
|turn|13
|
|t:|1782425422
|move|p2b: Garchomp|Earthquake|p1a: Sinistcha|[spread] p2a,p1a,p1b
|-supereffective|p2a: Incineroar|1
|-resisted|p1a: Sinistcha|1
|-supereffective|p1b: Ampharos|1
|-damage|p2a: Incineroar|16/100
|-damage|p1a: Sinistcha|74/100
|-damage|p1b: Ampharos|5/100 brn
|-damage|p2b: Garchomp|23/100 brn|[from] item: Life Orb
|move|p1a: Sinistcha|Matcha Gotcha|p2a: Incineroar|[spread] p2a,p2b
|-resisted|p2a: Incineroar|1
|-damage|p2a: Incineroar|7/100
|-heal|p1a: Sinistcha|80/100|[from] drain|[of] p2a: Incineroar
|-damage|p2b: Garchomp|0 fnt
|-heal|p1a: Sinistcha|92/100|[from] drain|[of] p2b: Garchomp
|faint|p2b: Garchomp
|move|p2a: Incineroar|Flare Blitz|p1a: Sinistcha
|-supereffective|p1a: Sinistcha|1
|-damage|p1a: Sinistcha|11/100
|-damage|p2a: Incineroar|0 fnt|[from] Recoil
|faint|p2a: Incineroar
|move|p1b: Ampharos|Thunderbolt|p2: Incineroar|[notarget]
|-fail|p1b: Ampharos
|
|-damage|p1b: Ampharos|0 fnt|[from] brn
|faint|p1b: Ampharos
|upkeep
|
|t:|1782425442
|switch|p2b: Sinistcha|Sinistcha, L50|44/100 tox
|switch|p1b: Toxapex|Toxapex, L50, F|43/100 brn
|turn|14
|
|t:|1782425449
|move|p1a: Sinistcha|Protect|p1a: Sinistcha
|-singleturn|p1a: Sinistcha|Protect
|move|p1b: Toxapex|Baneful Bunker|p1b: Toxapex
|-singleturn|p1b: Toxapex|move: Protect
|move|p2b: Sinistcha|Matcha Gotcha|p1a: Sinistcha|[spread] 
|-activate|p1a: Sinistcha|move: Protect
|-activate|p1b: Toxapex|move: Protect
|
|-heal|p1b: Toxapex|49/100 brn|[from] item: Leftovers
|-damage|p2b: Sinistcha|38/100 tox|[from] psn
|-damage|p1b: Toxapex|43/100 brn|[from] brn
|upkeep
|turn|15
|
|t:|1782425469
|move|p2b: Sinistcha|Matcha Gotcha|p1b: Toxapex|[spread] p1a,p1b
|-resisted|p1a: Sinistcha|1
|-damage|p1a: Sinistcha|1/100
|-heal|p2b: Sinistcha|43/100 tox|[from] drain|[of] p1a: Sinistcha
|-damage|p1b: Toxapex|26/100 brn
|-heal|p2b: Sinistcha|51/100 tox|[from] drain|[of] p1b: Toxapex
|move|p1a: Sinistcha|Matcha Gotcha|p2b: Sinistcha
|-resisted|p2b: Sinistcha|1
|-damage|p2b: Sinistcha|36/100 tox
|-heal|p1a: Sinistcha|8/100|[from] drain|[of] p2b: Sinistcha
|move|p1b: Toxapex|Substitute|p1b: Toxapex
|-start|p1b: Toxapex|Substitute
|-damage|p1b: Toxapex|1/100 brn
|
|-heal|p1b: Toxapex|7/100 brn|[from] item: Leftovers
|-damage|p2b: Sinistcha|23/100 tox|[from] psn
|-damage|p1b: Toxapex|1/100 brn|[from] brn
|upkeep
|turn|16
|
|t:|1782425488
|move|p1a: Sinistcha|Protect|p1a: Sinistcha
|-singleturn|p1a: Sinistcha|Protect
|move|p1b: Toxapex|Baneful Bunker|p1b: Toxapex
|-singleturn|p1b: Toxapex|move: Protect
|move|p2b: Sinistcha|Matcha Gotcha|p1a: Sinistcha|[spread] 
|-activate|p1a: Sinistcha|move: Protect
|-activate|p1b: Toxapex|move: Protect
|
|-heal|p1b: Toxapex|7/100 brn|[from] item: Leftovers
|-damage|p2b: Sinistcha|5/100 tox|[from] psn
|-damage|p1b: Toxapex|1/100 brn|[from] brn
|upkeep
|turn|17
|inactive|qpdbo0il has 30 seconds left.
|
|t:|1782425519
|move|p1a: Sinistcha|Protect||[still]
|-fail|p1a: Sinistcha
|move|p1b: Toxapex|Baneful Bunker||[still]
|-fail|p1b: Toxapex
|move|p2b: Sinistcha|Matcha Gotcha|p1a: Sinistcha|[spread] p1a,p1b
|-activate|p1b: Toxapex|move: Substitute|[damage]
|-heal|p2b: Sinistcha|13/100 tox|[from] drain|[of] p1b: Toxapex
|-resisted|p1a: Sinistcha|1
|-damage|p1a: Sinistcha|0 fnt
|-heal|p2b: Sinistcha|17/100 tox|[from] drain|[of] p1a: Sinistcha
|faint|p1a: Sinistcha
|
|-heal|p1b: Toxapex|7/100 brn|[from] item: Leftovers
|-damage|p2b: Sinistcha|0 fnt|[from] psn
|faint|p2b: Sinistcha
|
|win|qpdbo0il
|l|☆qpdbo0il
|player|p1|
||qpdbo0il is ready for game 3.
|inactive|Mclovingods has 30 seconds to confirm battle start!
||Mclovingods is ready for game 3.
|uhtml|next|Next: Game 3 of 3
