|j|☆bristolcitybewears
|j|☆TheAdmiral7946
|html|bristolcitybewearsTheAdmiral7946    
|uhtml|bestof|Game 2 of a best-of-3
|t:|1783884896
|gametype|doubles
|player|p1|bristolcitybewears|1|
|player|p2|TheAdmiral7946|larry|
|gen|9
|tier|[Gen 9 Champions] VGC 2026 Reg M-B (Bo3)
|rule|Species Clause: Limit one of each Pokémon
|rule|Item Clause: Limit 1 of each item
|clearpoke
|poke|p1|Maushold-Four, L50|
|poke|p1|Tauros-Paldea-Aqua, L50, M|
|poke|p1|Talonflame, L50, F|
|poke|p1|Floette-Eternal, L50, F|
|poke|p1|Gallade, L50, M|
|poke|p1|Chandelure, L50, F|
|poke|p2|Metagross, L50|
|poke|p2|Archaludon, L50, M|
|poke|p2|Pelipper, L50, M|
|poke|p2|Swampert, L50, M|
|poke|p2|Arbok, L50, M|
|poke|p2|Raichu, L50, M|
|teampreview|4
|showteam|p1|Maushold-Four||SitrusBerry|FriendGuard|FollowMe,Protect,SuperFang,Taunt|Timid|||||50|]Tauros-Paldea-Aqua||PayapaBerry|Intimidate|Protect,RagingBull,HighHorsepower,WildCharge|Adamant||M|||50|]Talonflame||FocusSash|GaleWings|SunnyDay,Tailwind,QuickGuard,FlareBlitz|Timid||F|||50|]Floette-Eternal||Floettite|FlowerVeil|LightofRuin,Protect,Endeavor,GrassKnot|Modest||F|||50|]Gallade||LumBerry|Sharpness|SacredSword,NightSlash,LeafBlade,SwordsDance|Jolly||M|||50|]Chandelure||LifeOrb|Infiltrator|ShadowBall,EnergyBall,Protect,HeatWave|Timid||F|||50|
|showteam|p2|Metagross||Metagrossite|ClearBody|IronHead,PsychicFangs,IcePunch,Protect|Jolly|||||50|]Archaludon||Leftovers|Stamina|ElectroShot,DragonPulse,FlashCannon,Protect|Modest||M|||50|]Pelipper||SitrusBerry|Drizzle|WeatherBall,Hurricane,Tailwind,Protect|Modest||M|||50|]Swampert||Swampertite|Torrent|WaveCrash,HighHorsepower,Earthquake,Protect|Adamant||M|||50|]Arbok||PayapaBerry|Intimidate|GunkShot,Earthquake,Coil,Protect|Adamant||M|||50|]Raichu||RaichuniteX|LightningRod|Thunderbolt,FakeOut,VoltSwitch,GrassKnot|Timid||M|||50|
|c|☆bristolcitybewears|gl hf
|c|☆TheAdmiral7946|glhf
|
|t:|1783884986
|teamsize|p1|4
|teamsize|p2|4
|start
|switch|p1a: Saka|Talonflame, L50, F|100/100
|switch|p1b: Tuchel|Chandelure, L50, F|100/100
|switch|p2a: Raichu|Raichu, L50, M|100/100
|switch|p2b: Pelipper|Pelipper, L50, M|100/100
|-weather|RainDance|[from] ability: Drizzle|[of] p2b: Pelipper
|turn|1
|
|t:|1783885011
|move|p1a: Saka|Quick Guard|p1a: Saka
|-singleturn|p1a: Saka|Quick Guard
|move|p2a: Raichu|Fake Out|p1a: Saka
|-activate|p1a: Saka|move: Quick Guard
|move|p1b: Tuchel|Shadow Ball|p2b: Pelipper
|-damage|p2b: Pelipper|29/100
|-unboost|p2b: Pelipper|spd|1
|-enditem|p2b: Pelipper|Sitrus Berry|[eat]
|-heal|p2b: Pelipper|54/100|[from] item: Sitrus Berry
|-damage|p1b: Tuchel|90/100|[from] item: Life Orb
|move|p2b: Pelipper|Weather Ball|p1a: Saka
|-supereffective|p1a: Saka|1
|-enditem|p1a: Saka|Focus Sash
|-damage|p1a: Saka|1/100
|
|-weather|RainDance|[upkeep]
|upkeep
|turn|2
|
|t:|1783885050
|move|p2b: Pelipper|Protect|p2b: Pelipper
|-singleturn|p2b: Pelipper|Protect
|move|p1a: Saka|Sunny Day|p1a: Saka
|-weather|SunnyDay
|move|p2a: Raichu|Volt Switch|p1a: Saka
|-supereffective|p1a: Saka|1
|-damage|p1a: Saka|0 fnt
|faint|p1a: Saka
|
|t:|1783885063
|switch|p2a: Swampert|Swampert, L50, M|100/100|[from] Volt Switch
|move|p1b: Tuchel|Heat Wave|p2a: Swampert|[spread] p2a
|-activate|p2b: Pelipper|move: Protect
|-resisted|p2a: Swampert|1
|-damage|p2a: Swampert|55/100
|-damage|p1b: Tuchel|80/100|[from] item: Life Orb
|
|-weather|SunnyDay|[upkeep]
|upkeep
|
|t:|1783885070
|switch|p1a: Gordon|Tauros-Paldea-Aqua, L50, M|100/100
|-ability|p1a: Gordon|Intimidate|boost
|-unboost|p2a: Swampert|atk|1
|-unboost|p2b: Pelipper|atk|1
|turn|3
|
|t:|1783885095
|switch|p2b: Raichu|Raichu, L50, M|100/100
|move|p2a: Swampert|Protect|p2a: Swampert
|-singleturn|p2a: Swampert|Protect
|move|p1a: Gordon|High Horsepower|p2b: Raichu
|-supereffective|p2b: Raichu|1
|-damage|p2b: Raichu|0 fnt
|faint|p2b: Raichu
|move|p1b: Tuchel|Energy Ball|p2a: Swampert
|-activate|p2a: Swampert|move: Protect
|
|-weather|SunnyDay|[upkeep]
|upkeep
|
|t:|1783885103
|switch|p2b: Pelipper|Pelipper, L50, M|54/100
|-weather|RainDance|[from] ability: Drizzle|[of] p2b: Pelipper
|turn|4
|
|t:|1783885135
|detailschange|p2a: Swampert|Swampert-Mega, L50, M
|-mega|p2a: Swampert|Swampert|Swampertite
|move|p1b: Tuchel|Protect|p1b: Tuchel
|-singleturn|p1b: Tuchel|Protect
|move|p2b: Pelipper|Protect|p2b: Pelipper
|-singleturn|p2b: Pelipper|Protect
|move|p2a: Swampert|Earthquake|p1b: Tuchel|[spread] p1a
|-activate|p2b: Pelipper|move: Protect
|-activate|p1b: Tuchel|move: Protect
|-crit|p1a: Gordon
|-damage|p1a: Gordon|29/100
|move|p1a: Gordon|Raging Bull|p2a: Swampert
|-damage|p2a: Swampert|0 fnt
|faint|p2a: Swampert
|
|-weather|RainDance|[upkeep]
|upkeep
|
|t:|1783885149
|switch|p2a: Archaludon|Archaludon, L50, M|100/100
|turn|5
|
|t:|1783885177
|move|p1a: Gordon|Wild Charge|p2b: Pelipper
|-supereffective|p2b: Pelipper|2
|-damage|p2b: Pelipper|0 fnt
|faint|p2b: Pelipper
|-damage|p1a: Gordon|15/100|[from] Recoil
|move|p1b: Tuchel|Shadow Ball|p2a: Archaludon
|-damage|p2a: Archaludon|44/100
|-unboost|p2a: Archaludon|spd|1
|-ability|p2a: Archaludon|Stamina|boost
|-boost|p2a: Archaludon|def|1
|-damage|p1b: Tuchel|71/100|[from] item: Life Orb
|move|p2a: Archaludon|Electro Shot||[still]
|-prepare|p2a: Archaludon|Electro Shot
|-boost|p2a: Archaludon|spa|1
|-anim|p2a: Archaludon|Electro Shot|p1a: Gordon
|-supereffective|p1a: Gordon|1
|-damage|p1a: Gordon|0 fnt
|faint|p1a: Gordon
|
|-weather|RainDance|[upkeep]
|-heal|p2a: Archaludon|50/100g|[from] item: Leftovers
|upkeep
|
|t:|1783885192
|switch|p1a: Kane|Gallade, L50, M|100/100
|turn|6
|
|t:|1783885203
|move|p1b: Tuchel|Shadow Ball|p2a: Archaludon
|-crit|p2a: Archaludon
|-damage|p2a: Archaludon|0 fnt
|faint|p2a: Archaludon
|-damage|p1b: Tuchel|61/100|[from] item: Life Orb
|
|win|bristolcitybewears
|c|☆bristolcitybewears|gg
|c|☆TheAdmiral7946|gg
