|j|☆Clem 2
|j|☆endk649
|html|Clem 2endk649    
|uhtml|bestof|Game 2 of a best-of-3
|t:|1756215160
|gametype|doubles
|player|p1|Clem 2|101|1047
|player|p2|endk649|gambler|1137
|gen|9
|tier|[Gen 9] VGC 2025 Reg H (Bo3)
|rated|
|rule|Species Clause: Limit one of each Pokémon
|rule|Item Clause: Limit 1 of each item
|clearpoke
|poke|p1|Whimsicott, L50, F|
|poke|p1|Dragapult, L50, F|
|poke|p1|Dondozo, L50, F|
|poke|p1|Tatsugiri-Droopy, L50, M|
|poke|p1|Incineroar, L50, F|
|poke|p1|Pachirisu, L50, F|
|poke|p2|Feraligatr, L50, F|
|poke|p2|Gholdengo, L50|
|poke|p2|Pelipper, L50, M|
|poke|p2|Amoonguss, L50, M|
|poke|p2|Rillaboom, L50, M|
|poke|p2|Incineroar, L50, M|
|teampreview|4
|showteam|p1|Whimsicott||CovertCloak|Prankster|Moonblast,Tailwind,Taunt,Substitute|||F|||50|,,,,,Water]Dragapult||LifeOrb|Infiltrator|DracoMeteor,ShadowBall,Thunderbolt,Protect|||F|||50|,,,,,Ghost]Dondozo||ChestoBerry|Oblivious|BodyPress,Liquidation,OrderUp,Rest|||F|||50|,,,,,Fighting]Tatsugiri-Droopy||AssaultVest|Commander|IcyWind,DracoMeteor,HydroPump,Surf|||M|||50|,,,,,Dragon]Incineroar||SafetyGoggles|Intimidate|FlareBlitz,KnockOff,PartingShot,FakeOut|||F|||50|,,,,,Bug]Pachirisu||Leftovers|VoltAbsorb|Nuzzle,FollowMe,Protect,SuperFang|||F|||50|,,,,,Flying
|showteam|p2|Feraligatr||LifeOrb|SheerForce|Liquidation,Crunch,DragonDance,Protect|||F|||50|,,,,,Dark]Gholdengo||Leftovers|GoodasGold|MakeItRain,ShadowBall,NastyPlot,Protect||||||50|,,,,,Water]Pelipper||FocusSash|Drizzle|WeatherBall,Hurricane,Tailwind,Protect|||M|||50|,,,,,Stellar]Amoonguss||CovertCloak|Regenerator|PollenPuff,Spore,RagePowder,Protect|||M|||50|,,,,,Water]Rillaboom||AssaultVest|GrassySurge|WoodHammer,GrassyGlide,FakeOut,Uturn|||M|||50|,,,,,Fire]Incineroar||SafetyGoggles|Intimidate|KnockOff,FakeOut,Taunt,PartingShot|||M|||50|,,,,,Ghost
|
|t:|1756215176
|teamsize|p1|4
|teamsize|p2|4
|start
|switch|p1a: Dondozo|Dondozo, L50, F|100/100
|switch|p1b: Tatsugiri|Tatsugiri-Droopy, L50, M|100/100
|switch|p2a: Incineroar|Incineroar, L50, M, shiny|100/100
|switch|p2b: Feraligatr|Feraligatr, L50, F, shiny|100/100
|-ability|p2a: Incineroar|Intimidate|boost
|-fail|p1a: Dondozo|unboost|Attack|[from] ability: Oblivious|[of] p1a: Dondozo
|-unboost|p1b: Tatsugiri|atk|1
|-activate|p1b: Tatsugiri|ability: Commander|[of] p1a: Dondozo
|-boost|p1a: Dondozo|atk|2
|-boost|p1a: Dondozo|spa|2
|-boost|p1a: Dondozo|spe|2
|-boost|p1a: Dondozo|def|2
|-boost|p1a: Dondozo|spd|2
|turn|1
|inactive|Battle timer is ON: inactive players will automatically lose when time's up. (requested by endk649)
|
|t:|1756215202
|switch|p2b: Amoonguss|Amoonguss, L50, M, shiny|100/100
|move|p2a: Incineroar|Fake Out|p1a: Dondozo
|-damage|p1a: Dondozo|97/100
|cant|p1a: Dondozo|flinch
|
|upkeep
|turn|2
|
|t:|1756215216
|move|p2b: Amoonguss|Rage Powder|p2b: Amoonguss
|-singleturn|p2b: Amoonguss|move: Rage Powder
|move|p1a: Dondozo|Body Press|p2b: Amoonguss
|-resisted|p2b: Amoonguss
|-damage|p2b: Amoonguss|81/100
|move|p2a: Incineroar|Parting Shot|p1a: Dondozo
|-unboost|p1a: Dondozo|atk|1
|-unboost|p1a: Dondozo|spa|1
|
|t:|1756215222
|switch|p2a: Rillaboom|Rillaboom, L50, M, shiny|100/100|[from] Parting Shot
|-fieldstart|move: Grassy Terrain|[from] ability: Grassy Surge|[of] p2a: Rillaboom
|
|-heal|p1a: Dondozo|100/100|[from] Grassy Terrain
|-heal|p2b: Amoonguss|86/100|[from] Grassy Terrain
|upkeep
|turn|3
|
|t:|1756215230
|move|p2a: Rillaboom|Fake Out|p1a: Dondozo
|-damage|p1a: Dondozo|96/100
|cant|p1a: Dondozo|flinch
|move|p2b: Amoonguss|Spore|p1a: Dondozo
|-status|p1a: Dondozo|slp|[from] move: Spore
|-enditem|p1a: Dondozo|Chesto Berry|[eat]
|-curestatus|p1a: Dondozo|slp|[msg]
|
|-heal|p1a: Dondozo|100/100|[from] Grassy Terrain
|-heal|p2b: Amoonguss|92/100|[from] Grassy Terrain
|upkeep
|turn|4
|
|t:|1756215241
|move|p1a: Dondozo|Order Up|p2b: Amoonguss
|-damage|p2b: Amoonguss|68/100
|-boost|p1a: Dondozo|def|1
|move|p2a: Rillaboom|Wood Hammer|p1a: Dondozo
|-supereffective|p1a: Dondozo
|-damage|p1a: Dondozo|65/100
|-damage|p2a: Rillaboom|87/100|[from] Recoil
|move|p2b: Amoonguss|Spore|p1a: Dondozo
|-status|p1a: Dondozo|slp|[from] move: Spore
|
|-heal|p1a: Dondozo|72/100 slp|[from] Grassy Terrain
|-heal|p2a: Rillaboom|93/100|[from] Grassy Terrain
|-heal|p2b: Amoonguss|74/100|[from] Grassy Terrain
|upkeep
|turn|5
|
|t:|1756215251
|switch|p2b: Feraligatr|Feraligatr, L50, F, shiny|100/100
|cant|p1a: Dondozo|slp
|move|p2a: Rillaboom|Wood Hammer|p1a: Dondozo
|-supereffective|p1a: Dondozo
|-damage|p1a: Dondozo|32/100 slp
|-damage|p2a: Rillaboom|77/100|[from] Recoil
|
|-heal|p1a: Dondozo|38/100 slp|[from] Grassy Terrain
|-heal|p2a: Rillaboom|83/100|[from] Grassy Terrain
|upkeep
|turn|6
|
|t:|1756215271
|-curestatus|p1a: Dondozo|slp|[msg]
|move|p1a: Dondozo|Body Press|p2b: Feraligatr
|-damage|p2b: Feraligatr|35/100
|move|p2b: Feraligatr|Dragon Dance|p2b: Feraligatr
|-boost|p2b: Feraligatr|atk|1
|-boost|p2b: Feraligatr|spe|1
|move|p2a: Rillaboom|U-turn|p1a: Dondozo
|-damage|p1a: Dondozo|32/100
|
|t:|1756215277
|switch|p2a: Incineroar|Incineroar, L50, M, shiny|100/100|[from] U-turn
|-ability|p2a: Incineroar|Intimidate|boost
|-fail|p1a: Dondozo|unboost|Attack|[from] ability: Oblivious|[of] p1a: Dondozo
|-unboost|p1b: Tatsugiri|atk|1
|
|-heal|p2b: Feraligatr|41/100|[from] Grassy Terrain
|-heal|p1a: Dondozo|38/100|[from] Grassy Terrain
|-fieldend|move: Grassy Terrain
|upkeep
|turn|7
|
|t:|1756215284
|-terastallize|p1a: Dondozo|Fighting
|move|p2a: Incineroar|Fake Out|p1a: Dondozo
|-damage|p1a: Dondozo|35/100
|move|p2b: Feraligatr|Dragon Dance|p2b: Feraligatr
|-boost|p2b: Feraligatr|atk|1
|-boost|p2b: Feraligatr|spe|1
|cant|p1a: Dondozo|flinch
|
|upkeep
|turn|8
|
|t:|1756215304
|switch|p2a: Amoonguss|Amoonguss, L50, M, shiny|100/100
|move|p2b: Feraligatr|Protect|p2b: Feraligatr
|-singleturn|p2b: Feraligatr|Protect
|move|p1a: Dondozo|Body Press|p2b: Feraligatr
|-activate|p2b: Feraligatr|move: Protect
|
|upkeep
|turn|9
|
|t:|1756215321
|move|p2a: Amoonguss|Rage Powder|p2a: Amoonguss
|-singleturn|p2a: Amoonguss|move: Rage Powder
|move|p2b: Feraligatr|Dragon Dance|p2b: Feraligatr
|-boost|p2b: Feraligatr|atk|1
|-boost|p2b: Feraligatr|spe|1
|move|p1a: Dondozo|Rest|p1a: Dondozo
|-status|p1a: Dondozo|slp|[from] move: Rest
|-heal|p1a: Dondozo|100/100 slp|[silent]
|
|upkeep
|turn|10
|inactive|Clem 2 has 30 seconds left.
|inactive|Clem 2 has 20 seconds left.
|inactive|Clem 2 has 15 seconds left.
|inactive|Clem 2 has 10 seconds left.
|
|t:|1756215368
|move|p2b: Feraligatr|Liquidation|p1a: Dondozo
|-damage|p1a: Dondozo|59/100 slp
|cant|p1a: Dondozo|slp
|move|p2a: Amoonguss|Pollen Puff|p2b: Feraligatr
|-heal|p2b: Feraligatr|91/100
|
|upkeep
|turn|11
|
|t:|1756215379
|move|p2b: Feraligatr|Liquidation|p1a: Dondozo
|-damage|p1a: Dondozo|20/100 slp
|cant|p1a: Dondozo|slp
|move|p2a: Amoonguss|Pollen Puff|p2b: Feraligatr
|-heal|p2b: Feraligatr|100/100
|
|upkeep
|turn|12
|
|t:|1756215391
|move|p2a: Amoonguss|Rage Powder|p2a: Amoonguss
|-singleturn|p2a: Amoonguss|move: Rage Powder
|move|p2b: Feraligatr|Liquidation|p1a: Dondozo
|-damage|p1a: Dondozo|0 fnt
|faint|p1a: Dondozo
|
|upkeep
|
|t:|1756215396
|switch|p1a: Incineroar|Incineroar, L50, F|100/100
|-ability|p1a: Incineroar|Intimidate|boost
|-unboost|p2a: Amoonguss|atk|1
|-unboost|p2b: Feraligatr|atk|1
|turn|13
|
|t:|1756215409
|move|p2b: Feraligatr|Protect|p2b: Feraligatr
|-singleturn|p2b: Feraligatr|Protect
|move|p1a: Incineroar|Fake Out|p2b: Feraligatr
|-activate|p2b: Feraligatr|move: Protect
|move|p1b: Tatsugiri|Icy Wind|p2b: Feraligatr|[spread] 
|-activate|p2b: Feraligatr|move: Protect
|-miss|p1b: Tatsugiri|p2a: Amoonguss
|move|p2a: Amoonguss|Spore|p1b: Tatsugiri
|-status|p1b: Tatsugiri|slp|[from] move: Spore
|
|upkeep
|turn|14
|-message|Clem 2 forfeited.
|
|win|endk649
|raw|Clem 2's rating: 1047 → 1034(-13 for losing)
|raw|endk649's rating: 1137 → 1156(+19 for winning)
|l|☆Clem 2
|player|p1|
