|j|‽GLUFTOD_
|j|☆elytsujuw
|html|GLUFTOD_elytsujuw    
|uhtml|bestof|Game 1 of a best-of-3
|t:|1757857946
|gametype|doubles
|player|p1|GLUFTOD_|giovanni|1210
|player|p2|elytsujuw|volo|1190
|gen|9
|tier|[Gen 9] VGC 2025 Reg H (Bo3)
|rated|
|rule|Species Clause: Limit one of each Pokémon
|rule|Item Clause: Limit 1 of each item
|clearpoke
|poke|p1|Politoed, L50, M|
|poke|p1|Kingdra, L50, M|
|poke|p1|Archaludon, L50, F|
|poke|p1|Amoonguss, L50, M|
|poke|p1|Gothitelle, L50, M|
|poke|p1|Incineroar, L50, F|
|poke|p2|Comfey, L50, F|
|poke|p2|Rillaboom, L50, M|
|poke|p2|Incineroar, L50, M|
|poke|p2|Politoed, L50, F|
|poke|p2|Archaludon, L50, F|
|poke|p2|Grimmsnarl, L50, M|
|teampreview|4
|showteam|p1|Politoed||Leftovers|Drizzle|Protect,Encore,WeatherBall,PerishSong|||M|||50|,,,,,Grass]Kingdra||LifeOrb|SwiftSwim|Protect,MuddyWater,DracoMeteor,WeatherBall|||M|||50|,,,,,Stellar]Archaludon||PowerHerb|Sturdy|Protect,ElectroShot,FlashCannon,DragonPulse|||F|||50|,,,,,Electric]Amoonguss||EjectButton|Regenerator|Protect,PollenPuff,RagePowder,Spore|||M|||50|,,,,,Fairy]Gothitelle||SitrusBerry|ShadowTag|Protect,Psychic,FakeOut,TrickRoom|||M|||50|,,,,,Dark]Incineroar||SafetyGoggles|Intimidate|Protect,KnockOff,FakeOut,PartingShot|||F|||50|,,,,,Ghost
|showteam|p2|Comfey||SitrusBerry|Triage|FloralHealing,DrainingKiss,GigaDrain,Protect|||F|||50|,,,,,Ghost]Rillaboom||LifeOrb|GrassySurge|FakeOut,WoodHammer,GrassyGlide,HighHorsepower|||M|||50|,,,,,Fire]Incineroar||AssaultVest|Intimidate|FlareBlitz,KnockOff,FakeOut,Uturn|||M|||50|,,,,,Ghost]Politoed||SafetyGoggles|Drizzle|WeatherBall,MuddyWater,Haze,Protect|||F|||50|,,,,,Grass]Archaludon||Leftovers|Stamina|ElectroShot,FlashCannon,BodyPress,Protect|||F|||50|,,,,,Electric]Grimmsnarl||LightClay|Prankster|SpiritBreak,LightScreen,Reflect,ThunderWave|||M|||50|,,,,,Steel
|inactive|Battle timer is ON: inactive players will automatically lose when time's up. (requested by elytsujuw)
|inactive|GLUFTOD_ has 60 seconds left.
|inactive|elytsujuw has 60 seconds left.
|inactive|elytsujuw has 30 seconds left.
|
|t:|1757858013
|teamsize|p1|4
|teamsize|p2|4
|start
|switch|p1a: Politoed|Politoed, L50, M|100/100
|switch|p1b: Incineroar|Incineroar, L50, F|100/100
|switch|p2a: Rillaboom|Rillaboom, L50, M|100/100
|switch|p2b: Incineroar|Incineroar, L50, M|100/100
|-fieldstart|move: Grassy Terrain|[from] ability: Grassy Surge|[of] p2a: Rillaboom
|-weather|RainDance|[from] ability: Drizzle|[of] p1a: Politoed
|-ability|p2b: Incineroar|Intimidate|boost
|-unboost|p1a: Politoed|atk|1
|-unboost|p1b: Incineroar|atk|1
|-ability|p1b: Incineroar|Intimidate|boost
|-unboost|p2a: Rillaboom|atk|1
|-unboost|p2b: Incineroar|atk|1
|turn|1
|inactive|GLUFTOD_ has 30 seconds left.
|inactive|elytsujuw has 30 seconds left.
|inactive|elytsujuw has 20 seconds left.
|
|t:|1757858049
|move|p1b: Incineroar|Fake Out|p2a: Rillaboom
|-damage|p2a: Rillaboom|94/100
|cant|p2a: Rillaboom|flinch
|move|p1a: Politoed|Weather Ball|p2b: Incineroar
|-supereffective|p2b: Incineroar
|-damage|p2b: Incineroar|47/100
|move|p2b: Incineroar|Knock Off|p1b: Incineroar
|-resisted|p1b: Incineroar
|-damage|p1b: Incineroar|86/100
|-enditem|p1b: Incineroar|Safety Goggles|[from] move: Knock Off|[of] p2b: Incineroar
|
|-weather|RainDance|[upkeep]
|-heal|p2a: Rillaboom|99/100|[from] Grassy Terrain
|-heal|p2b: Incineroar|53/100|[from] Grassy Terrain
|-heal|p1b: Incineroar|92/100|[from] Grassy Terrain
|upkeep
|turn|2
|
|t:|1757858065
|switch|p2b: Comfey|Comfey, L50, F|100/100
|-terastallize|p1a: Politoed|Grass
|move|p2a: Rillaboom|Wood Hammer|p1a: Politoed
|-resisted|p1a: Politoed
|-damage|p1a: Politoed|64/100
|-damage|p2a: Rillaboom|88/100|[from] Recoil
|-damage|p2a: Rillaboom|79/100|[from] item: Life Orb
|move|p1a: Politoed|Perish Song|p1a: Politoed
|-start|p1a: Politoed|perish3|[silent]
|-start|p1b: Incineroar|perish3|[silent]
|-start|p2a: Rillaboom|perish3|[silent]
|-start|p2b: Comfey|perish3|[silent]
|-fieldactivate|move: Perish Song
|move|p1b: Incineroar|Parting Shot|p2a: Rillaboom
|-unboost|p2a: Rillaboom|atk|1
|-unboost|p2a: Rillaboom|spa|1
|
|t:|1757858080
|switch|p1b: Gothitelle|Gothitelle, L50, M|100/100|[from] Parting Shot
|
|-weather|RainDance|[upkeep]
|-heal|p2a: Rillaboom|85/100|[from] Grassy Terrain
|-heal|p1a: Politoed|71/100|[from] Grassy Terrain
|-heal|p1a: Politoed|77/100|[from] item: Leftovers
|-start|p2b: Comfey|perish3
|-start|p2a: Rillaboom|perish3
|-start|p1a: Politoed|perish3
|upkeep
|turn|3
|
|t:|1757858099
|switch|p1a: Incineroar|Incineroar, L50, F|92/100
|-ability|p1a: Incineroar|Intimidate|boost
|-unboost|p2a: Rillaboom|atk|1
|-unboost|p2b: Comfey|atk|1
|move|p2b: Comfey|Draining Kiss|p1b: Gothitelle
|-damage|p1b: Gothitelle|89/100
|move|p1b: Gothitelle|Fake Out|p2b: Comfey
|-damage|p2b: Comfey|95/100
|move|p2a: Rillaboom|Wood Hammer|p1b: Gothitelle
|-damage|p1b: Gothitelle|49/100
|-enditem|p1b: Gothitelle|Sitrus Berry|[eat]
|-heal|p1b: Gothitelle|74/100|[from] item: Sitrus Berry
|-damage|p2a: Rillaboom|73/100|[from] Recoil
|-damage|p2a: Rillaboom|63/100|[from] item: Life Orb
|
|-weather|RainDance|[upkeep]
|-heal|p2b: Comfey|100/100|[from] Grassy Terrain
|-heal|p2a: Rillaboom|69/100|[from] Grassy Terrain
|-heal|p1b: Gothitelle|80/100|[from] Grassy Terrain
|-heal|p1a: Incineroar|98/100|[from] Grassy Terrain
|-start|p2b: Comfey|perish2
|-start|p2a: Rillaboom|perish2
|upkeep
|turn|4
|
|t:|1757858119
|-terastallize|p2b: Comfey|Ghost
|move|p2b: Comfey|Draining Kiss|p1b: Gothitelle
|-damage|p1b: Gothitelle|68/100
|move|p1a: Incineroar|Fake Out|p2a: Rillaboom
|-damage|p2a: Rillaboom|59/100
|cant|p2a: Rillaboom|flinch
|move|p1b: Gothitelle|Psychic|p2b: Comfey
|-damage|p2b: Comfey|68/100
|-unboost|p2b: Comfey|spd|1
|
|-weather|RainDance|[upkeep]
|-heal|p2b: Comfey|73/100|[from] Grassy Terrain
|-heal|p2a: Rillaboom|65/100|[from] Grassy Terrain
|-heal|p1b: Gothitelle|75/100|[from] Grassy Terrain
|-heal|p1a: Incineroar|100/100|[from] Grassy Terrain
|-start|p2b: Comfey|perish1
|-start|p2a: Rillaboom|perish1
|upkeep
|turn|5
|
|t:|1757858142
|switch|p2b: Incineroar|Incineroar, L50, M|53/100
|-ability|p2b: Incineroar|Intimidate|boost
|-unboost|p1a: Incineroar|atk|1
|-unboost|p1b: Gothitelle|atk|1
|switch|p1b: Amoonguss|Amoonguss, L50, M|100/100
|move|p2a: Rillaboom|High Horsepower|p1a: Incineroar
|-supereffective|p1a: Incineroar
|-damage|p1a: Incineroar|64/100
|-damage|p2a: Rillaboom|56/100|[from] item: Life Orb
|move|p1a: Incineroar|Parting Shot|p2b: Incineroar
|-unboost|p2b: Incineroar|atk|1
|-unboost|p2b: Incineroar|spa|1
|
|t:|1757858157
|switch|p1a: Politoed|Politoed, L50, M, tera:Grass|77/100|[from] Parting Shot
|
|-weather|none
|-heal|p2a: Rillaboom|62/100|[from] Grassy Terrain
|-heal|p1a: Politoed|83/100|[from] Grassy Terrain
|-heal|p1a: Politoed|89/100|[from] item: Leftovers
|-heal|p2b: Incineroar|59/100|[from] Grassy Terrain
|-start|p2a: Rillaboom|perish0
|-fieldend|move: Grassy Terrain
|upkeep
|faint|p2a: Rillaboom
|
|t:|1757858167
|switch|p2a: Comfey|Comfey, L50, F, tera:Ghost|73/100
|turn|6
|
|t:|1757858181
|switch|p1a: Incineroar|Incineroar, L50, F|64/100
|-ability|p1a: Incineroar|Intimidate|boost
|-unboost|p2a: Comfey|atk|1
|-unboost|p2b: Incineroar|atk|1
|move|p2a: Comfey|Floral Healing|p2b: Incineroar
|-heal|p2b: Incineroar|100/100
|move|p2b: Incineroar|U-turn|p1b: Amoonguss
|-damage|p1b: Amoonguss|91/100
|-enditem|p1b: Amoonguss|Eject Button
|
|t:|1757858193
|switch|p1b: Politoed|Politoed, L50, M, tera:Grass|89/100
|-weather|RainDance|[from] ability: Drizzle|[of] p1b: Politoed
|
|-weather|RainDance|[upkeep]
|-heal|p1b: Politoed|95/100|[from] item: Leftovers
|upkeep
|turn|7
|inactive|elytsujuw has 30 seconds left.
|
|t:|1757858224
|move|p2a: Comfey|Draining Kiss|p1b: Politoed
|-damage|p1b: Politoed|82/100
|-heal|p2a: Comfey|85/100|[from] drain|[of] p1b: Politoed
|move|p1b: Politoed|Weather Ball|p2b: Incineroar
|-supereffective|p2b: Incineroar
|-damage|p2b: Incineroar|40/100
|move|p2b: Incineroar|Knock Off|p1b: Politoed
|-damage|p1b: Politoed|59/100
|-enditem|p1b: Politoed|Leftovers|[from] move: Knock Off|[of] p2b: Incineroar
|move|p1a: Incineroar|Knock Off|p2a: Comfey
|-supereffective|p2a: Comfey
|-damage|p2a: Comfey|13/100
|-enditem|p2a: Comfey|Sitrus Berry|[from] move: Knock Off|[of] p1a: Incineroar
|
|-weather|RainDance|[upkeep]
|upkeep
|turn|8
|
|t:|1757858245
|move|p2a: Comfey|Floral Healing|p2b: Incineroar
|-heal|p2b: Incineroar|90/100
|move|p1b: Politoed|Weather Ball|p2b: Incineroar
|-supereffective|p2b: Incineroar
|-damage|p2b: Incineroar|37/100
|move|p2b: Incineroar|U-turn|p1b: Politoed
|-supereffective|p1b: Politoed
|-damage|p1b: Politoed|35/100
|
|t:|1757858251
|switch|p2b: Archaludon|Archaludon, L50, F|100/100|[from] U-turn
|move|p1a: Incineroar|Knock Off|p2a: Comfey
|-supereffective|p2a: Comfey
|-damage|p2a: Comfey|0 fnt
|faint|p2a: Comfey
|
|-weather|RainDance|[upkeep]
|upkeep
|
|t:|1757858254
|switch|p2a: Incineroar|Incineroar, L50, M|37/100
|-ability|p2a: Incineroar|Intimidate|boost
|-unboost|p1a: Incineroar|atk|1
|-unboost|p1b: Politoed|atk|1
|turn|9
|
|t:|1757858269
|switch|p1a: Amoonguss|Amoonguss, L50, M|100/100
|move|p1b: Politoed|Protect|p1b: Politoed
|-singleturn|p1b: Politoed|Protect
|move|p2a: Incineroar|Fake Out|p1b: Politoed
|-activate|p1b: Politoed|move: Protect
|move|p2b: Archaludon|Electro Shot||[still]
|-prepare|p2b: Archaludon|Electro Shot
|-boost|p2b: Archaludon|spa|1
|-anim|p2b: Archaludon|Electro Shot|p1a: Amoonguss
|-resisted|p1a: Amoonguss
|-damage|p1a: Amoonguss|71/100
|
|-weather|RainDance|[upkeep]
|upkeep
|turn|10
|
|t:|1757858288
|move|p1a: Amoonguss|Rage Powder|p1a: Amoonguss
|-singleturn|p1a: Amoonguss|move: Rage Powder
|move|p2b: Archaludon|Flash Cannon|p1a: Amoonguss
|-damage|p1a: Amoonguss|18/100
|move|p1b: Politoed|Perish Song|p1b: Politoed
|-start|p1a: Amoonguss|perish3|[silent]
|-start|p1b: Politoed|perish3|[silent]
|-start|p2a: Incineroar|perish3|[silent]
|-start|p2b: Archaludon|perish3|[silent]
|-fieldactivate|move: Perish Song
|move|p2a: Incineroar|Flare Blitz|p1a: Amoonguss
|-supereffective|p1a: Amoonguss
|-damage|p1a: Amoonguss|0 fnt
|faint|p1a: Amoonguss
|-damage|p2a: Incineroar|30/100|[from] Recoil
|
|-weather|none
|-start|p2b: Archaludon|perish3
|-start|p1b: Politoed|perish3
|-start|p2a: Incineroar|perish3
|upkeep
|
|t:|1757858300
|switch|p1a: Incineroar|Incineroar, L50, F|64/100
|-ability|p1a: Incineroar|Intimidate|boost
|-unboost|p2a: Incineroar|atk|1
|-unboost|p2b: Archaludon|atk|1
|turn|11
|-message|elytsujuw forfeited.
|
|win|GLUFTOD_
|l|☆elytsujuw
|player|p2|
||elytsujuw is ready for game 2.
|inactive|GLUFTOD_ has 30 seconds to confirm battle start!
||GLUFTOD_ is ready for game 2.
|uhtml|next|Next: Game 2 of 3
