|j|☆bovril_lover
|j|☆Ja-Orange
|html|bovril_loverJa-Orange    
|uhtml|bestof|Game 1 of a best-of-3
|t:|1783277673
|gametype|doubles
|player|p1|bovril_lover|skier|1000
|player|p2|Ja-Orange|guzma|1000
|gen|9
|tier|[Gen 9 Champions] VGC 2026 Reg M-B (Bo3)
|rated|
|rule|Species Clause: Limit one of each Pokémon
|rule|Item Clause: Limit 1 of each item
|clearpoke
|poke|p1|Greninja, L50, F|
|poke|p1|Talonflame, L50, M|
|poke|p1|Volcarona, L50, M|
|poke|p1|Rotom-Wash, L50|
|poke|p1|Scizor, L50, F|
|poke|p1|Farigiraf, L50, M|
|poke|p2|Gengar, L50, F, shiny|
|poke|p2|Maushold-Four, L50|
|poke|p2|Annihilape, L50, M, shiny|
|poke|p2|Incineroar, L50, M, shiny|
|poke|p2|Hydreigon, L50, M|
|poke|p2|Ninetales-Alola, L50, F|
|teampreview|4
|showteam|p1|Greninja||Greninjite|Protean|HydroPump,IceBeam,GrassKnot,DarkPulse|Timid||F|||50|]Talonflame|||GaleWings|Tailwind,Acrobatics,FlareBlitz,Protect|Jolly||M|||50|]Volcarona||LifeOrb|FlameBody|FieryDance,QuiverDance,BugBuzz,Protect|Modest||M|||50|]Rotom-Wash||SitrusBerry|Levitate|HydroPump,VoltSwitch,Electroweb,Protect|Modest|||||50|]Scizor||Scizorite|Technician|DualWingbeat,BugBite,SwordsDance,BulletPunch|Adamant||F|||50|]Farigiraf||ColburBerry|ArmorTail|Imprison,TrickRoom,Psychic,HelpingHand|Modest||M|||50|
|showteam|p2|Gengar||Gengarite|CursedBody|Protect,ShadowBall,PerishSong,Disable|Modest||F|||50|]Maushold-Four||FocusSash|FriendGuard|Protect,FollowMe,BeatUp,Encore|Jolly|||||50|]Annihilape||Leftovers|Defiant|Protect,BulkUp,DrainPunch,RageFist|Jolly||M|||50|]Incineroar||SitrusBerry|Intimidate|FakeOut,FlareBlitz,PartingShot,Protect|Careful||M|||50|]Hydreigon||ChoiceScarf|Levitate|DracoMeteor,DarkPulse,EarthPower,Snarl|Modest||M|||50|]Ninetales-Alola||NeverMeltIce|SnowWarning|Protect,Encore,Blizzard,FreezeDry|Timid||F|||50|
|inactive|Battle timer is ON: inactive players will automatically lose when time's up. (requested by Ja-Orange)
|inactive|Ja-Orange has 60 seconds left.
|
|t:|1783277704
|teamsize|p1|4
|teamsize|p2|4
|start
|switch|p1a: Farigiraf|Farigiraf, L50, M|100/100
|switch|p1b: Greninja|Greninja, L50, F|100/100
|switch|p2a: Incineroar|Incineroar, L50, M, shiny|100/100
|switch|p2b: Gengar|Gengar, L50, F, shiny|100/100
|-ability|p2a: Incineroar|Intimidate|boost
|-unboost|p1a: Farigiraf|atk|1
|-unboost|p1b: Greninja|atk|1
|turn|1
|
|t:|1783277727
|switch|p2a: Hydreigon|Hydreigon, L50, M|100/100
|detailschange|p1b: Greninja|Greninja-Mega, L50, F
|-mega|p1b: Greninja|Greninja|Greninjite
|detailschange|p2b: Gengar|Gengar-Mega, L50, F, shiny
|-mega|p2b: Gengar|Gengar|Gengarite
|move|p2b: Gengar|Protect|p2b: Gengar
|-singleturn|p2b: Gengar|Protect
|move|p1b: Greninja|Hydro Pump|p2b: Gengar
|-start|p1b: Greninja|typechange|Water|[from] ability: Protean
|-activate|p2b: Gengar|move: Protect
|move|p1a: Farigiraf|Psychic|p2b: Gengar
|-activate|p2b: Gengar|move: Protect
|
|upkeep
|turn|2
|
|t:|1783277746
|switch|p2b: Maushold|Maushold-Four, L50|100/100
|move|p2a: Hydreigon|Snarl|p1b: Greninja|[spread] p1a,p1b
|-supereffective|p1a: Farigiraf|1
|-enditem|p1a: Farigiraf|Colbur Berry|[eat]
|-enditem|p1a: Farigiraf|Colbur Berry|[weaken]
|-damage|p1a: Farigiraf|78/100
|-damage|p1b: Greninja|67/100
|-unboost|p1a: Farigiraf|spa|1
|-unboost|p1b: Greninja|spa|1
|move|p1b: Greninja|Hydro Pump|p2b: Maushold
|-damage|p2b: Maushold|54/100
|move|p1a: Farigiraf|Psychic|p2b: Maushold
|-damage|p2b: Maushold|21/100
|
|upkeep
|turn|3
|inactive|bovril_lover has 30 seconds left.
|
|t:|1783277774
|move|p2b: Maushold|Protect|p2b: Maushold
|-singleturn|p2b: Maushold|Protect
|move|p2a: Hydreigon|Snarl|p1b: Greninja|[spread] p1a,p1b
|-supereffective|p1a: Farigiraf|1
|-damage|p1a: Farigiraf|32/100
|-damage|p1b: Greninja|38/100
|-unboost|p1a: Farigiraf|spa|1
|-unboost|p1b: Greninja|spa|1
|move|p1b: Greninja|Ice Beam|p2a: Hydreigon
|-supereffective|p2a: Hydreigon|1
|-damage|p2a: Hydreigon|70/100
|-status|p2a: Hydreigon|frz
|move|p1a: Farigiraf|Trick Room|p1a: Farigiraf
|-fieldstart|move: Trick Room|[of] p1a: Farigiraf
|
|upkeep
|turn|4
|
|t:|1783277792
|switch|p1a: Scizor|Scizor, L50, F|100/100
|switch|p1b: Rotom|Rotom-Wash, L50|100/100
|switch|p2a: Incineroar|Incineroar, L50, M, shiny|100/100
|-ability|p2a: Incineroar|Intimidate|boost
|-unboost|p1a: Scizor|atk|1
|-unboost|p1b: Rotom|atk|1
|move|p2b: Maushold|Encore||[still]
|-fail|p2b: Maushold
|
|upkeep
|turn|5
|
|t:|1783277810
|switch|p2b: Gengar|Gengar-Mega, L50, F, shiny|100/100
|move|p1a: Scizor|Swords Dance|p1a: Scizor
|-boost|p1a: Scizor|atk|2
|move|p2a: Incineroar|Parting Shot|p1b: Rotom
|-unboost|p1b: Rotom|atk|1
|-unboost|p1b: Rotom|spa|1
|
|t:|1783277817
|switch|p2a: Maushold|Maushold-Four, L50|21/100|[from] Parting Shot
|move|p1b: Rotom|Hydro Pump|p2a: Maushold
|-damage|p2a: Maushold|0 fnt
|faint|p2a: Maushold
|
|upkeep
|
|t:|1783277821
|switch|p2a: Incineroar|Incineroar, L50, M, shiny|100/100
|-ability|p2a: Incineroar|Intimidate|boost
|-unboost|p1a: Scizor|atk|1
|-unboost|p1b: Rotom|atk|1
|turn|6
|
|t:|1783277836
|move|p1a: Scizor|Swords Dance|p1a: Scizor
|-boost|p1a: Scizor|atk|2
|move|p2a: Incineroar|Flare Blitz|p1a: Scizor
|-supereffective|p1a: Scizor|2
|-damage|p1a: Scizor|0 fnt
|faint|p1a: Scizor
|-damage|p2a: Incineroar|71/100|[from] Recoil
|move|p1b: Rotom|Volt Switch|p2a: Incineroar
|-damage|p2a: Incineroar|52/100
|
|t:|1783277841
|switch|p1b: Greninja|Greninja-Mega, L50, F|38/100|[from] Volt Switch
|move|p2b: Gengar|Shadow Ball|p1b: Greninja
|-resisted|p1b: Greninja|1
|-damage|p1b: Greninja|4/100
|-unboost|p1b: Greninja|spd|1
|
|upkeep
|
|t:|1783277848
|switch|p1a: Rotom|Rotom-Wash, L50|100/100
|turn|7
|
|t:|1783277856
|move|p2a: Incineroar|Parting Shot|p1a: Rotom
|-unboost|p1a: Rotom|atk|1
|-unboost|p1a: Rotom|spa|1
|
|t:|1783277859
|switch|p2a: Hydreigon|Hydreigon, L50, M|70/100 frz|[from] Parting Shot
|move|p1a: Rotom|Hydro Pump|p2a: Hydreigon
|-resisted|p2a: Hydreigon|1
|-damage|p2a: Hydreigon|52/100 frz
|move|p2b: Gengar|Shadow Ball|p1b: Greninja
|-resisted|p1b: Greninja|1
|-damage|p1b: Greninja|0 fnt
|faint|p1b: Greninja
|
|-fieldend|move: Trick Room
|upkeep
|l|☆bovril_lover
|inactive|bovril_lover disconnected and has a minute to reconnect!
|player|p1|
|inactive|bovril_lover has 30 seconds left.
|inactive|bovril_lover has 20 seconds left.
|inactive|bovril_lover has 15 seconds left.
|inactive|bovril_lover has 10 seconds left.
|inactive|bovril_lover has 5 seconds left.
|-message|bovril_lover lost due to inactivity.
|
|win|Ja-Orange
