|j|☆EBnilla
|j|☆ethical sga
|html|EBnillaethical sga    
|uhtml|bestof|Game 2 of a best-of-3
|t:|1783437296
|gametype|doubles
|player|p1|EBnilla|backpacker|1121
|player|p2|ethical sga|lass-gen4dp|1211
|gen|9
|tier|[Gen 9 Champions] VGC 2026 Reg M-B (Bo3)
|rated|
|rule|Species Clause: Limit one of each Pokémon
|rule|Item Clause: Limit 1 of each item
|clearpoke
|poke|p1|Floette-Eternal, L50, F|
|poke|p1|Grimmsnarl, L50, M|
|poke|p1|Espathra, L50, F|
|poke|p1|Sinistcha, L50|
|poke|p1|Annihilape, L50, F|
|poke|p1|Raichu, L50, F|
|poke|p2|Scrafty, L50, F, shiny|
|poke|p2|Ceruledge, L50, M|
|poke|p2|Ninetales-Alola, L50, M|
|poke|p2|Sinistcha, L50|
|poke|p2|Garchomp, L50, F|
|poke|p2|Raichu, L50, M|
|teampreview|4
|showteam|p1|Floette-Eternal||Floettite|FlowerVeil|DazzlingGleam,DrainingKiss,CalmMind,Protect|Modest||F|||50|]Grimmsnarl||LightClay|Prankster|SpiritBreak,Reflect,LightScreen,PartingShot|Relaxed||M|||50|]Espathra||MentalHerb|SpeedBoost|LuminaCrash,BatonPass,CalmMind,Protect|Timid||F|||50|]Sinistcha||SitrusBerry|Hospitality|MatchaGotcha,RagePowder,GrassyTerrain,Protect|Sassy|||||50|]Annihilape||Leftovers|Defiant|RageFist,DrainPunch,BulkUp,Protect|Careful||F|||50|]Raichu||RaichuniteY|LightningRod|ZapCannon,FocusBlast,FakeOut,Protect|Timid||F|||50|
|showteam|p2|Scrafty||Scraftinite|Intimidate|Detect,DrainPunch,KnockOff,FakeOut|Adamant||F|||50|]Ceruledge||ColburBerry|FlashFire|Protect,BitterBlade,ShadowSneak,BulkUp|Adamant||M|||50|]Ninetales-Alola||NeverMeltIce|SnowWarning|Protect,FreezeDry,IcyWind,AuroraVeil|Timid||M|||50|]Sinistcha||FocusSash|Hospitality|Protect,MatchaGotcha,Hex,RagePowder|Modest|||||50|]Garchomp||LifeOrb|RoughSkin|Protect,DragonClaw,StompingTantrum,RockTomb|Jolly||F|||50|]Raichu||RaichuniteY|LightningRod|Protect,ZapCannon,FocusBlast,FakeOut|Timid||M|||50|
|inactive|Battle timer is ON: inactive players will automatically lose when time's up. (requested by EBnilla)
|
|t:|1783437318
|teamsize|p1|4
|teamsize|p2|4
|start
|switch|p1a: Grimmsnarl|Grimmsnarl, L50, M|100/100
|switch|p1b: Espathra|Espathra, L50, F|100/100
|switch|p2a: Ceruledge|Ceruledge, L50, M|100/100
|switch|p2b: Scrafty|Scrafty, L50, F, shiny|100/100
|-ability|p2b: Scrafty|Intimidate|boost
|-unboost|p1a: Grimmsnarl|atk|1
|-unboost|p1b: Espathra|atk|1
|turn|1
|inactive|EBnilla has 30 seconds left.
|
|t:|1783437348
|detailschange|p2b: Scrafty|Scrafty-Mega, L50, F, shiny
|-mega|p2b: Scrafty|Scrafty|Scraftinite
|-ability|p2b: Scrafty|Intimidate|boost
|-unboost|p1a: Grimmsnarl|atk|1
|-unboost|p1b: Espathra|atk|1
|move|p1b: Espathra|Protect|p1b: Espathra
|-singleturn|p1b: Espathra|Protect
|move|p1a: Grimmsnarl|Reflect|p1a: Grimmsnarl
|-sidestart|p1: EBnilla|Reflect
|move|p2b: Scrafty|Knock Off|p1b: Espathra
|-activate|p1b: Espathra|move: Protect
|move|p2a: Ceruledge|Bulk Up|p2a: Ceruledge
|-boost|p2a: Ceruledge|atk|1
|-boost|p2a: Ceruledge|def|1
|
|-ability|p1b: Espathra|Speed Boost|boost
|-boost|p1b: Espathra|spe|1
|upkeep
|turn|2
|
|t:|1783437366
|move|p1b: Espathra|Baton Pass|p1b: Espathra
|
|t:|1783437368
|switch|p1b: Raichu|Raichu, L50, F|100/100|[from] Baton Pass
|move|p2b: Scrafty|Knock Off|p1b: Raichu
|-damage|p1b: Raichu|54/100
|move|p2a: Ceruledge|Bulk Up|p2a: Ceruledge
|-boost|p2a: Ceruledge|atk|1
|-boost|p2a: Ceruledge|def|1
|move|p1a: Grimmsnarl|Spirit Break|p2b: Scrafty
|-supereffective|p2b: Scrafty|2
|-damage|p2b: Scrafty|48/100
|-unboost|p2b: Scrafty|spa|1
|
|upkeep
|turn|3
|
|t:|1783437391
|detailschange|p1b: Raichu|Raichu-Mega-Y, L50, F
|-mega|p1b: Raichu|Raichu|Raichunite Y
|move|p2a: Ceruledge|Protect|p2a: Ceruledge
|-singleturn|p2a: Ceruledge|Protect
|move|p1b: Raichu|Zap Cannon|p2a: Ceruledge
|-activate|p2a: Ceruledge|move: Protect
|move|p2b: Scrafty|Drain Punch|p1b: Raichu
|-damage|p1b: Raichu|2/100
|-heal|p2b: Scrafty|69/100|[from] drain|[of] p1b: Raichu
|move|p1a: Grimmsnarl|Spirit Break|p2b: Scrafty
|-supereffective|p2b: Scrafty|2
|-damage|p2b: Scrafty|17/100
|-unboost|p2b: Scrafty|spa|1
|
|upkeep
|turn|4
|
|t:|1783437403
|switch|p2b: Ninetales|Ninetales-Alola, L50, M|100/100
|-weather|Snowscape|[from] ability: Snow Warning|[of] p2b: Ninetales
|move|p1b: Raichu|Protect|p1b: Raichu
|-singleturn|p1b: Raichu|Protect
|move|p2a: Ceruledge|Shadow Sneak|p1b: Raichu
|-activate|p1b: Raichu|move: Protect
|move|p1a: Grimmsnarl|Spirit Break|p2b: Ninetales
|-damage|p2b: Ninetales|85/100
|-unboost|p2b: Ninetales|spa|1
|
|-weather|Snowscape|[upkeep]
|upkeep
|turn|5
|
|t:|1783437415
|move|p2a: Ceruledge|Shadow Sneak|p1b: Raichu
|-damage|p1b: Raichu|0 fnt
|faint|p1b: Raichu
|move|p1a: Grimmsnarl|Light Screen|p1a: Grimmsnarl
|-sidestart|p1: EBnilla|move: Light Screen
|move|p2b: Ninetales|Aurora Veil|p2b: Ninetales
|-sidestart|p2: ethical sga|move: Aurora Veil
|
|-weather|Snowscape|[upkeep]
|upkeep
|
|t:|1783437420
|switch|p1b: Floette|Floette-Eternal, L50, F|100/100
|turn|6
|-message|EBnilla forfeited.
|
|win|ethical sga
