|j|☆jopurr
|j|☆cinquil_
|html|jopurrcinquil_    
|uhtml|bestof|Game 2 of a best-of-3
|t:|1785277462
|gametype|doubles
|player|p1|jopurr|n-masters|
|player|p2|cinquil_|kieran-champion|
|gen|9
|tier|[Gen 9 Champions] VGC 2026 Reg M-B (Bo3)
|rule|Species Clause: Limit one of each Pokémon
|rule|Item Clause: Limit 1 of each item
|clearpoke
|poke|p1|Garchomp, L50, M|
|poke|p1|Sceptile, L50, M, shiny|
|poke|p1|Rotom-Heat, L50|
|poke|p1|Sneasler, L50, M|
|poke|p1|Basculegion, L50, M|
|poke|p1|Meowstic, L50, M|
|poke|p2|Espeon, L50, M|
|poke|p2|Mimikyu, L50, M, shiny|
|poke|p2|Maushold, L50|
|poke|p2|Mawile, L50, M, shiny|
|poke|p2|Kingambit, L50, M|
|poke|p2|Avalugg-Hisui, L50, M|
|teampreview|4
|showteam|p1|Garchomp||LifeOrb|RoughSkin|BrickBreak,Earthquake,RockSlide,DragonClaw|Jolly||M|||50|]Sceptile||Sceptilite|Unburden|Protect,DragonPulse,EnergyBall,EarthPower|Modest||M|||50|]Rotom-Heat||ChoiceScarf|Levitate|VoltSwitch,Discharge,Overheat,WillOWisp|Timid|||||50|]Sneasler||WhiteHerb|Unburden|Protect,FakeOut,DireClaw,CloseCombat|Jolly||M|||50|]Basculegion||MuscleBand|SwiftSwim|Protect,Soak,WaveCrash,LastRespects|Adamant||M|||50|]Meowstic||SitrusBerry|Prankster|FakeOut,SuckerPunch,RainDance,ThunderWave|Timid||M|||50|
|showteam|p2|Espeon||LifeOrb|MagicBounce|Detect,Psychic,ShadowBall,PowerGem|Timid||M|||50|]Mimikyu||SitrusBerry|Disguise|Substitute,PhantomForce,PainSplit,TrickRoom|Sassy||M|||50|]Maushold||FocusSash|FriendGuard|FollowMe,SuperFang,Feint,HelpingHand|Jolly|||||50|]Mawile||Mawilite|HyperCutter|Protect,SuckerPunch,BrickBreak,PlayRough|Adamant||M|||50|]Kingambit||ChopleBerry|Defiant|SuckerPunch,IronHead,KowtowCleave,LowKick|Adamant||M|||50|]Avalugg-Hisui||WideLens|Sturdy|WideGuard,MountainGale,RockSlide,BodyPress|Impish||M|||50|
|
|t:|1785277564
|teamsize|p1|4
|teamsize|p2|4
|start
|switch|p1a: Rotom|Rotom-Heat, L50|100/100
|switch|p1b: Garchomp|Garchomp, L50, M|100/100
|switch|p2a: Mimikyu|Mimikyu, L50, M, shiny|100/100
|switch|p2b: Espeon|Espeon, L50, M|100/100
|turn|1
|
|t:|1785277608
|move|p1a: Rotom|Discharge|p2a: Mimikyu|[spread] p2a,p2b
|-immune|p1b: Garchomp
|-activate|p2a: Mimikyu|ability: Disguise
|-damage|p2a: Mimikyu|100/100
|-damage|p2b: Espeon|66/100
|detailschange|p2a: Mimikyu|Mimikyu-Busted, L50, M, shiny
|-damage|p2a: Mimikyu|87/100|[from] pokemon: Mimikyu-Busted
|move|p2b: Espeon|Power Gem|p1a: Rotom
|-supereffective|p1a: Rotom|1
|-damage|p1a: Rotom|1/100
|-damage|p2b: Espeon|56/100|[from] item: Life Orb
|move|p1b: Garchomp|Earthquake|p2a: Mimikyu|[spread] p2a,p2b
|-immune|p1a: Rotom|[from] ability: Levitate
|-damage|p2a: Mimikyu|17/100
|-damage|p2b: Espeon|0 fnt
|-enditem|p2a: Mimikyu|Sitrus Berry|[eat]
|-heal|p2a: Mimikyu|41/100|[from] item: Sitrus Berry
|faint|p2b: Espeon
|-damage|p1b: Garchomp|90/100|[from] item: Life Orb
|move|p2a: Mimikyu|Trick Room|p2a: Mimikyu
|-fieldstart|move: Trick Room|[of] p2a: Mimikyu
|
|upkeep
|
|t:|1785277630
|switch|p2b: Kingambit|Kingambit, L50, M|100/100
|turn|2
|
|t:|1785277666
|switch|p1a: *Sits Here Is Fat*|Meowstic, L50, M|100/100
|move|p2b: Kingambit|Kowtow Cleave|p1b: Garchomp
|-damage|p1b: Garchomp|39/100
|-damage|p2b: Kingambit|87/100|[from] ability: Rough Skin|[of] p1b: Garchomp
|move|p2a: Mimikyu|Pain Split|p1b: Garchomp
|-sethp|p1b: Garchomp|37/100|[from] move: Pain Split|[silent]
|-sethp|p2a: Mimikyu|43/100|[from] move: Pain Split
|move|p1b: Garchomp|Brick Break|p2b: Kingambit
|-supereffective|p2b: Kingambit|2
|-enditem|p2b: Kingambit|Chople Berry|[eat]
|-enditem|p2b: Kingambit|Chople Berry|[weaken]
|-damage|p2b: Kingambit|39/100
|-damage|p1b: Garchomp|28/100|[from] item: Life Orb
|
|upkeep
|turn|3
|
|t:|1785277692
|switch|p2a: Avalugg|Avalugg-Hisui, L50, M|100/100
|move|p1a: *Sits Here Is Fat*|Fake Out|p2b: Kingambit
|-resisted|p2b: Kingambit|1
|-damage|p2b: Kingambit|37/100
|cant|p2b: Kingambit|flinch
|move|p1b: Garchomp|Earthquake|p2b: Kingambit|[spread] p1a,p2a,p2b
|-supereffective|p2a: Avalugg|1
|-supereffective|p2b: Kingambit|1
|-damage|p1a: *Sits Here Is Fat*|35/100
|-damage|p2a: Avalugg|59/100
|-damage|p2b: Kingambit|0 fnt
|-enditem|p1a: *Sits Here Is Fat*|Sitrus Berry|[eat]
|-heal|p1a: *Sits Here Is Fat*|60/100|[from] item: Sitrus Berry
|faint|p2b: Kingambit
|-damage|p1b: Garchomp|18/100|[from] item: Life Orb
|
|upkeep
|
|t:|1785277706
|switch|p2b: Mimikyu|Mimikyu-Busted, L50, M, shiny|43/100
|turn|4
|
|t:|1785277725
|switch|p1b: Rotom|Rotom-Heat, L50|1/100
|move|p1a: *Sits Here Is Fat*|Sucker Punch|p2a: Avalugg
|-damage|p2a: Avalugg|55/100
|move|p2a: Avalugg|Mountain Gale|p1b: Rotom
|-resisted|p1b: Rotom|1
|-crit|p1b: Rotom
|-damage|p1b: Rotom|0 fnt
|faint|p1b: Rotom
|move|p2b: Mimikyu|Pain Split|p1a: *Sits Here Is Fat*
|-sethp|p1a: *Sits Here Is Fat*|49/100|[from] move: Pain Split|[silent]
|-sethp|p2b: Mimikyu|54/100|[from] move: Pain Split
|
|upkeep
|
|t:|1785277745
|switch|p1b: Sceptile|Sceptile, L50, M, shiny|100/100
|turn|5
|
|t:|1785277756
|detailschange|p1b: Sceptile|Sceptile-Mega, L50, M, shiny
|-mega|p1b: Sceptile|Sceptile|Sceptilite
|move|p1b: Sceptile|Protect|p1b: Sceptile
|-singleturn|p1b: Sceptile|Protect
|move|p1a: *Sits Here Is Fat*|Thunder Wave|p1b: Sceptile
|-activate|p1b: Sceptile|move: Protect
|move|p2a: Avalugg|Mountain Gale|p1b: Sceptile
|-activate|p1b: Sceptile|move: Protect
|move|p2b: Mimikyu|Substitute|p2b: Mimikyu
|-start|p2b: Mimikyu|Substitute
|-damage|p2b: Mimikyu|30/100
|
|-fieldend|move: Trick Room
|upkeep
|turn|6
|
|t:|1785277780
|move|p1a: *Sits Here Is Fat*|Thunder Wave|p1b: Sceptile
|-ability|p1b: Sceptile|Lightning Rod|boost
|-boost|p1b: Sceptile|spa|1
|move|p1b: Sceptile|Energy Ball|p2a: Avalugg
|-supereffective|p2a: Avalugg|1
|-damage|p2a: Avalugg|0 fnt
|faint|p2a: Avalugg
|move|p2b: Mimikyu|Trick Room|p2b: Mimikyu
|-fieldstart|move: Trick Room|[of] p2b: Mimikyu
|
|upkeep
|turn|7
|
|t:|1785277800
|move|p1a: *Sits Here Is Fat*|Thunder Wave|p1b: Sceptile
|-ability|p1b: Sceptile|Lightning Rod|boost
|-boost|p1b: Sceptile|spa|1
|move|p2b: Mimikyu|Pain Split|p1b: Sceptile
|-sethp|p1b: Sceptile|66/100|[from] move: Pain Split|[silent]
|-sethp|p2b: Mimikyu|60/100|[from] move: Pain Split
|move|p1b: Sceptile|Energy Ball|p2b: Mimikyu
|-end|p2b: Mimikyu|Substitute
|
|upkeep
|turn|8
|
|t:|1785277816
|move|p1a: *Sits Here Is Fat*|Thunder Wave|p1b: Sceptile
|-ability|p1b: Sceptile|Lightning Rod|boost
|-boost|p1b: Sceptile|spa|1
|move|p2b: Mimikyu|Phantom Force||[still]
|-prepare|p2b: Mimikyu|Phantom Force
|move|p1b: Sceptile|Energy Ball|p2b: Mimikyu|[miss]
|-miss|p1b: Sceptile|p2b: Mimikyu
|
|upkeep
|turn|9
|
|t:|1785277828
|move|p1b: Sceptile|Protect|p1b: Sceptile
|-singleturn|p1b: Sceptile|Protect
|move|p1a: *Sits Here Is Fat*|Rain Dance|p1a: *Sits Here Is Fat*
|-weather|RainDance
|move|p2b: Mimikyu|Phantom Force|p1b: Sceptile|[from] lockedmove
|-activate|p1b: Sceptile|move: Phantom Force|[broken]
|-damage|p1b: Sceptile|21/100
|
|-weather|RainDance|[upkeep]
|upkeep
|turn|10
|
|t:|1785277841
|move|p1a: *Sits Here Is Fat*|Sucker Punch|p2b: Mimikyu
|-damage|p2b: Mimikyu|50/100y
|move|p2b: Mimikyu|Phantom Force||[still]
|-prepare|p2b: Mimikyu|Phantom Force
|move|p1b: Sceptile|Energy Ball|p2b: Mimikyu|[miss]
|-miss|p1b: Sceptile|p2b: Mimikyu
|
|-weather|RainDance|[upkeep]
|-fieldend|move: Trick Room
|upkeep
|turn|11
|
|t:|1785277869
|move|p1a: *Sits Here Is Fat*|Thunder Wave|p1b: Sceptile
|-ability|p1b: Sceptile|Lightning Rod|boost
|-boost|p1b: Sceptile|spa|1
|move|p1b: Sceptile|Dragon Pulse|p2b: Mimikyu|[miss]
|-miss|p1b: Sceptile|p2b: Mimikyu
|move|p2b: Mimikyu|Phantom Force|p1b: Sceptile|[from] lockedmove
|-damage|p1b: Sceptile|0 fnt
|faint|p1b: Sceptile
|
|-weather|RainDance|[upkeep]
|upkeep
|
|t:|1785277879
|switch|p1b: Garchomp|Garchomp, L50, M|18/100
|turn|12
|
|t:|1785277890
|move|p1a: *Sits Here Is Fat*|Thunder Wave|p2b: Mimikyu
|-status|p2b: Mimikyu|par
|move|p1b: Garchomp|Dragon Claw|p2b: Mimikyu
|-immune|p2b: Mimikyu
|move|p2b: Mimikyu|Trick Room|p2b: Mimikyu
|-fieldstart|move: Trick Room|[of] p2b: Mimikyu
|
|-weather|RainDance|[upkeep]
|upkeep
|turn|13
|
|t:|1785277912
|move|p1a: *Sits Here Is Fat*|Sucker Punch|p2b: Mimikyu
|-damage|p2b: Mimikyu|39/100 par
|move|p2b: Mimikyu|Phantom Force||[still]
|-prepare|p2b: Mimikyu|Phantom Force
|move|p1b: Garchomp|Rock Slide|p2b: Mimikyu|[miss]
|-miss|p1b: Garchomp|p2b: Mimikyu
|
|-weather|none
|upkeep
|turn|14
|
|t:|1785277944
|move|p1a: *Sits Here Is Fat*|Sucker Punch|p2b: Mimikyu|[miss]
|-miss|p1a: *Sits Here Is Fat*|p2b: Mimikyu
|move|p2b: Mimikyu|Phantom Force|p1b: Garchomp|[from] lockedmove
|-damage|p1b: Garchomp|0 fnt
|-damage|p2b: Mimikyu|27/100 par|[from] ability: Rough Skin|[of] p1b: Garchomp
|faint|p1b: Garchomp
|
|upkeep
|turn|15
|
|t:|1785277955
|move|p1a: *Sits Here Is Fat*|Sucker Punch||[still]
|-fail|p1a: *Sits Here Is Fat*
|move|p2b: Mimikyu|Pain Split|p1a: *Sits Here Is Fat*
|-sethp|p1a: *Sits Here Is Fat*|36/100|[from] move: Pain Split|[silent]
|-sethp|p2b: Mimikyu|40/100 par|[from] move: Pain Split
|
|upkeep
|turn|16
|
|t:|1785277963
|move|p1a: *Sits Here Is Fat*|Sucker Punch|p2b: Mimikyu
|-damage|p2b: Mimikyu|29/100 par
|move|p2b: Mimikyu|Phantom Force||[still]
|-prepare|p2b: Mimikyu|Phantom Force
|
|-fieldend|move: Trick Room
|upkeep
|turn|17
|
|t:|1785277977
|move|p1a: *Sits Here Is Fat*|Thunder Wave|p2b: Mimikyu|[miss]
|-miss|p1a: *Sits Here Is Fat*|p2b: Mimikyu
|move|p2b: Mimikyu|Phantom Force|p1a: *Sits Here Is Fat*|[from] lockedmove
|-supereffective|p1a: *Sits Here Is Fat*|1
|-damage|p1a: *Sits Here Is Fat*|0 fnt
|faint|p1a: *Sits Here Is Fat*
|
|win|cinquil_
