|j|☆new mental
|j|☆beatme350s
|html|new mentalbeatme350s    
|uhtml|bestof|Game 1 of a best-of-3
|t:|1784369320
|gametype|doubles
|player|p1|new mental|volkner|1182
|player|p2|beatme350s|biker-gen4|1132
|gen|9
|tier|[Gen 9 Champions] VGC 2026 Reg M-B (Bo3)
|rated|
|rule|Species Clause: Limit one of each Pokémon
|rule|Item Clause: Limit 1 of each item
|clearpoke
|poke|p1|Incineroar, L50, M|
|poke|p1|Maushold, L50|
|poke|p1|Sinistcha, L50|
|poke|p1|Sneasler, L50, F|
|poke|p1|Blastoise, L50, F|
|poke|p1|Delphox, L50, M|
|poke|p2|Mawile, L50, F|
|poke|p2|Archaludon, L50, M|
|poke|p2|Pelipper, L50, M|
|poke|p2|Blastoise, L50, F|
|poke|p2|Sinistcha-Masterpiece, L50|
|poke|p2|Incineroar, L50, F|
|teampreview|4
|showteam|p1|Incineroar||SitrusBerry|Intimidate|FakeOut,FlareBlitz,DarkestLariat,PartingShot|Impish||M|||50|]Maushold||ChopleBerry|FriendGuard|SuperFang,FollowMe,Protect,Feint|Impish|||||50|]Sinistcha||OccaBerry|Hospitality|MatchaGotcha,LifeDew,RagePowder,Protect|Bold|||||50|]Sneasler||FocusSash|PoisonTouch|FakeOut,CloseCombat,DireClaw,QuickGuard|Jolly||F|||50|]Blastoise||Blastoisinite|Torrent|WaterSpout,DarkPulse,ShellSmash,Protect|Modest||F|||50|]Delphox||Delphoxite|Blaze|HeatWave,Psychic,NastyPlot,Protect|Timid||M|||50|
|showteam|p2|Mawile||Mawilite|Intimidate|PlayRough,SuckerPunch,RockSlide,Protect|Adamant||F|||50|]Archaludon||Leftovers|Stamina|DragonPulse,FlashCannon,ElectroShot,Protect|Modest||M|||50|]Pelipper||DampRock|Drizzle|Hurricane,MuddyWater,Protect,Tailwind|Bold||M|||50|]Blastoise||Blastoisinite|Torrent|WaterSpout,DarkPulse,Protect,ShellSmash|Modest||F|||50|]Sinistcha-Masterpiece||OccaBerry|Hospitality|MatchaGotcha,RagePowder,Protect,TrickRoom|Relaxed|||||50|]Incineroar||SitrusBerry|Intimidate|FakeOut,CloseCombat,FlareBlitz,PartingShot|Adamant||F|||50|
|inactive|Battle timer is ON: inactive players will automatically lose when time's up. (requested by beatme350s)
|inactive|beatme350s has 60 seconds left.
|
|t:|1784369359
|teamsize|p1|4
|teamsize|p2|4
|start
|switch|p1a: Maushold|Maushold, L50|100/100
|switch|p1b: Blastoise|Blastoise, L50, F|100/100
|switch|p2a: Sinistcha|Sinistcha-Masterpiece, L50|100/100
|switch|p2b: Incineroar|Incineroar, L50, F|100/100
|-ability|p2b: Incineroar|Intimidate|boost
|-unboost|p1a: Maushold|atk|1
|-unboost|p1b: Blastoise|atk|1
|turn|1
|
|t:|1784369382
|switch|p1b: Sneasler|Sneasler, L50, F|100/100
|move|p1a: Maushold|Protect|p1a: Maushold
|-singleturn|p1a: Maushold|Protect
|move|p2b: Incineroar|Fake Out|p1b: Sneasler
|-damage|p1b: Sneasler|81/100
|move|p2a: Sinistcha|Trick Room|p2a: Sinistcha
|-fieldstart|move: Trick Room|[of] p2a: Sinistcha
|
|upkeep
|turn|2
|inactive|beatme350s has 30 seconds left.
|inactive|beatme350s has 20 seconds left.
|inactive|beatme350s has 15 seconds left.
|inactive|beatme350s has 10 seconds left.
|
|t:|1784369429
|switch|p1a: Sinistcha|Sinistcha, L50|100/100
|-heal|p1b: Sneasler|100/100|[from] ability: Hospitality|[of] p1a: Sinistcha
|move|p2a: Sinistcha|Rage Powder|p2a: Sinistcha
|-singleturn|p2a: Sinistcha|move: Rage Powder
|move|p2b: Incineroar|Parting Shot|p1b: Sneasler
|-unboost|p1b: Sneasler|atk|1
|-unboost|p1b: Sneasler|spa|1
|
|t:|1784369439
|switch|p2b: Mawile|Mawile, L50, F|100/100|[from] Parting Shot
|-ability|p2b: Mawile|Intimidate|boost
|-unboost|p1a: Sinistcha|atk|1
|-unboost|p1b: Sneasler|atk|1
|move|p1b: Sneasler|Dire Claw|p2a: Sinistcha
|-damage|p2a: Sinistcha|84/100
|
|upkeep
|turn|3
|
|t:|1784369453
|switch|p2a: Archaludon|Archaludon, L50, M|100/100
|switch|p1b: Maushold|Maushold, L50|100/100
|detailschange|p2b: Mawile|Mawile-Mega, L50, F
|-mega|p2b: Mawile|Mawile|Mawilite
|move|p1a: Sinistcha|Rage Powder|p1a: Sinistcha
|-singleturn|p1a: Sinistcha|move: Rage Powder
|move|p2b: Mawile|Play Rough|p1a: Sinistcha
|-damage|p1a: Sinistcha|41/100
|
|upkeep
|turn|4
|
|t:|1784369469
|move|p2b: Mawile|Rock Slide|p1a: Sinistcha|[spread] p1a,p1b
|-damage|p1a: Sinistcha|17/100
|-damage|p1b: Maushold|62/100
|move|p1a: Sinistcha|Life Dew|p1a: Sinistcha|[spread] p1a,p1b
|-heal|p1a: Sinistcha|42/100
|-heal|p1b: Maushold|87/100
|move|p2a: Archaludon|Dragon Pulse|p1b: Maushold
|-damage|p1b: Maushold|35/100
|move|p1b: Maushold|Super Fang|p2a: Archaludon
|-damage|p2a: Archaludon|50/100g
|-ability|p2a: Archaludon|Stamina|boost
|-boost|p2a: Archaludon|def|1
|
|-heal|p2a: Archaludon|56/100|[from] item: Leftovers
|upkeep
|turn|5
|inactive|beatme350s has 30 seconds left.
|
|t:|1784369494
|switch|p1a: Sneasler|Sneasler, L50, F|100/100
|move|p2b: Mawile|Rock Slide|p1b: Maushold|[spread] p1a,p1b
|-resisted|p1a: Sneasler|1
|-damage|p1a: Sneasler|76/100
|-damage|p1b: Maushold|0 fnt
|faint|p1b: Maushold
|move|p2a: Archaludon|Dragon Pulse|p1a: Sneasler
|-damage|p1a: Sneasler|7/100
|
|-heal|p2a: Archaludon|61/100|[from] item: Leftovers
|-fieldend|move: Trick Room
|upkeep
|
|t:|1784369503
|switch|p1b: Sinistcha|Sinistcha, L50|42/100
|-heal|p1a: Sneasler|32/100|[from] ability: Hospitality|[of] p1b: Sinistcha
|turn|6
|
|t:|1784369527
|move|p2a: Archaludon|Protect|p2a: Archaludon
|-singleturn|p2a: Archaludon|Protect
|move|p1b: Sinistcha|Rage Powder|p1b: Sinistcha
|-singleturn|p1b: Sinistcha|move: Rage Powder
|move|p1a: Sneasler|Close Combat|p2a: Archaludon
|-activate|p2a: Archaludon|move: Protect
|move|p2b: Mawile|Play Rough|p1b: Sinistcha
|-damage|p1b: Sinistcha|0 fnt
|faint|p1b: Sinistcha
|
|-heal|p2a: Archaludon|67/100|[from] item: Leftovers
|upkeep
|-message|new mental forfeited.
|
|win|beatme350s
