|j|☆PopoVGC
|j|☆Trail 4
|html|PopoVGCTrail 4    
|uhtml|bestof|Game 1 of a best-of-3
|t:|1785810287
|gametype|doubles
|player|p1|PopoVGC|silver|1113
|player|p2|Trail 4|lucas|1119
|gen|9
|tier|[Gen 9 Champions] VGC 2026 Reg M-B (Bo3)
|rated|
|rule|Species Clause: Limit one of each Pokémon
|rule|Item Clause: Limit 1 of each item
|clearpoke
|poke|p1|Tsareena, L50, F|
|poke|p1|Excadrill, L50, F|
|poke|p1|Tyranitar, L50, M|
|poke|p1|Pidgeot, L50, M|
|poke|p1|Gholdengo, L50|
|poke|p1|Rotom-Wash, L50|
|poke|p2|Gholdengo, L50|
|poke|p2|Whimsicott, L50, F|
|poke|p2|Garchomp, L50, F|
|poke|p2|Floette-Eternal, L50, F|
|poke|p2|Incineroar, L50, M|
|poke|p2|Staraptor, L50, F|
|teampreview|4
|showteam|p1|Tsareena||ChoiceScarf|QueenlyMajesty|PowerWhip,TripleAxel,Uturn,LowKick|Jolly||F|||50|]Excadrill||FocusSash|SandRush|IronHead,RockSlide,Earthquake,Protect|Adamant||F|||50|]Tyranitar||Tyranitarite|SandStream|RockSlide,KnockOff,LowKick,Protect|Jolly||M|||50|]Pidgeot||Pidgeotite|BigPecks|Hurricane,HeatWave,Protect,Tailwind|Timid||M|||50|]Gholdengo||LifeOrb|GoodasGold|ShadowBall,MakeItRain,NastyPlot,Protect|Timid|||||50|]Rotom-Wash||SitrusBerry|Levitate|Thunderbolt,HydroPump,Protect,WillOWisp|Bold|||||50|
|showteam|p2|Gholdengo||Leftovers|GoodasGold|MakeItRain,ShadowBall,NastyPlot,Protect|Modest|||||50|]Whimsicott||FocusSash|Prankster|Charm,Tailwind,Encore,Moonblast|Timid||F|||50|]Garchomp||LifeOrb|RoughSkin|DragonClaw,Earthquake,StompingTantrum,Protect|Jolly||F|||50|]Floette-Eternal||Floettite|FlowerVeil|DazzlingGleam,Moonblast,Substitute,Protect|Timid||F|||50|]Incineroar||PasshoBerry|Intimidate|FakeOut,FlareBlitz,DarkestLariat,PartingShot|Adamant||M|||50|]Staraptor||Staraptite|Intimidate|Roost,CloseCombat,BraveBird,Protect|Jolly||F|||50|
|
|t:|1785810324
|teamsize|p1|4
|teamsize|p2|4
|start
|switch|p1a: Pidgeot|Pidgeot, L50, M|100/100
|switch|p1b: Gholdengo|Gholdengo, L50|100/100
|switch|p2a: Staraptor|Staraptor, L50, F|100/100
|switch|p2b: Whimsicott|Whimsicott, L50, F|100/100
|-ability|p2a: Staraptor|Intimidate|boost
|-unboost|p1a: Pidgeot|atk|1
|-unboost|p1b: Gholdengo|atk|1
|turn|1
|
|t:|1785810356
|detailschange|p1a: Pidgeot|Pidgeot-Mega, L50, M
|-mega|p1a: Pidgeot|Pidgeot|Pidgeotite
|detailschange|p2a: Staraptor|Staraptor-Mega, L50, F
|-mega|p2a: Staraptor|Staraptor|Staraptite
|move|p2a: Staraptor|Protect|p2a: Staraptor
|-singleturn|p2a: Staraptor|Protect
|move|p2b: Whimsicott|Tailwind|p2b: Whimsicott
|-sidestart|p2: Trail 4|move: Tailwind
|move|p1a: Pidgeot|Hurricane|p2a: Staraptor
|-activate|p2a: Staraptor|move: Protect
|move|p1b: Gholdengo|Nasty Plot|p1b: Gholdengo
|-boost|p1b: Gholdengo|spa|2
|
|upkeep
|turn|2
|
|t:|1785810376
|move|p1a: Pidgeot|Protect|p1a: Pidgeot
|-singleturn|p1a: Pidgeot|Protect
|move|p2b: Whimsicott|Encore|p2a: Staraptor
|-start|p2a: Staraptor|Encore
|move|p2a: Staraptor|Protect||[still]
|-fail|p2a: Staraptor
|move|p1b: Gholdengo|Make It Rain|p2a: Staraptor|[spread] p2a,p2b
|-supereffective|p2b: Whimsicott|1
|-damage|p2a: Staraptor|0 fnt
|-enditem|p2b: Whimsicott|Focus Sash
|-damage|p2b: Whimsicott|1/100
|-unboost|p1b: Gholdengo|spa|2
|faint|p2a: Staraptor
|-damage|p1b: Gholdengo|90/100|[from] item: Life Orb
|
|upkeep
|
|t:|1785810393
|switch|p2a: Incineroar|Incineroar, L50, M|100/100
|-ability|p2a: Incineroar|Intimidate|boost
|-unboost|p1a: Pidgeot|atk|1
|-unboost|p1b: Gholdengo|atk|1
|turn|3
|
|t:|1785810403
|switch|p1a: Excadrill|Excadrill, L50, F|100/100
|switch|p1b: Rotom|Rotom-Wash, L50|100/100
|move|p2b: Whimsicott|Encore||[still]
|-fail|p2b: Whimsicott
|move|p2a: Incineroar|Flare Blitz|p1b: Rotom
|-resisted|p1b: Rotom|1
|-damage|p1b: Rotom|76/100
|-damage|p2a: Incineroar|94/100|[from] Recoil
|
|upkeep
|turn|4
|l|☆PopoVGC
|player|p1|
|j|☆PopoVGC
|player|p1|PopoVGC|silver|
|
|t:|1785810474
|move|p2b: Whimsicott|Moonblast|p1a: Excadrill
|-resisted|p1a: Excadrill|1
|-damage|p1a: Excadrill|75/100
|move|p2a: Incineroar|Flare Blitz|p1a: Excadrill
|-supereffective|p1a: Excadrill|1
|-damage|p1a: Excadrill|0 fnt
|faint|p1a: Excadrill
|-damage|p2a: Incineroar|70/100|[from] Recoil
|move|p1b: Rotom|Thunderbolt|p2a: Incineroar
|-damage|p2a: Incineroar|41/100
|
|-sideend|p2: Trail 4|move: Tailwind
|upkeep
|
|t:|1785810481
|switch|p1a: Pidgeot|Pidgeot-Mega, L50, M|100/100
|turn|5
|
|t:|1785810496
|move|p2b: Whimsicott|Tailwind|p2b: Whimsicott
|-sidestart|p2: Trail 4|move: Tailwind
|move|p1a: Pidgeot|Heat Wave|p2a: Incineroar|[spread] p2a,p2b
|-resisted|p2a: Incineroar|1
|-supereffective|p2b: Whimsicott|1
|-damage|p2a: Incineroar|29/100
|-damage|p2b: Whimsicott|0 fnt
|faint|p2b: Whimsicott
|move|p2a: Incineroar|Parting Shot|p1a: Pidgeot
|-unboost|p1a: Pidgeot|atk|1
|-unboost|p1a: Pidgeot|spa|1
|
|t:|1785810506
|switch|p2a: Gholdengo|Gholdengo, L50|100/100|[from] Parting Shot
|move|p1b: Rotom|Thunderbolt|p2a: Gholdengo
|-damage|p2a: Gholdengo|70/100
|
|-heal|p2a: Gholdengo|76/100|[from] item: Leftovers
|upkeep
|
|t:|1785810515
|switch|p2b: Incineroar|Incineroar, L50, M|29/100
|-ability|p2b: Incineroar|Intimidate|boost
|-unboost|p1a: Pidgeot|atk|1
|-unboost|p1b: Rotom|atk|1
|turn|6
|
|t:|1785810522
|move|p2b: Incineroar|Fake Out|p1a: Pidgeot
|-damage|p1a: Pidgeot|84/100
|move|p2a: Gholdengo|Nasty Plot|p2a: Gholdengo
|-boost|p2a: Gholdengo|spa|2
|cant|p1a: Pidgeot|flinch
|move|p1b: Rotom|Thunderbolt|p2a: Gholdengo
|-damage|p2a: Gholdengo|45/100
|-status|p2a: Gholdengo|par
|
|-heal|p2a: Gholdengo|51/100 par|[from] item: Leftovers
|upkeep
|turn|7
|l|☆PopoVGC
|player|p1|
|j|☆PopoVGC
|player|p1|PopoVGC|silver|
|
|t:|1785810592
|move|p1a: Pidgeot|Protect|p1a: Pidgeot
|-singleturn|p1a: Pidgeot|Protect
|move|p1b: Rotom|Protect|p1b: Rotom
|-singleturn|p1b: Rotom|Protect
|move|p2b: Incineroar|Flare Blitz|p1a: Pidgeot
|-activate|p1a: Pidgeot|move: Protect
|move|p2a: Gholdengo|Shadow Ball|p1b: Rotom
|-activate|p1b: Rotom|move: Protect
|
|-heal|p2a: Gholdengo|57/100 par|[from] item: Leftovers
|upkeep
|turn|8
|
|t:|1785810607
|move|p1a: Pidgeot|Tailwind|p1a: Pidgeot
|-sidestart|p1: PopoVGC|move: Tailwind
|move|p1b: Rotom|Thunderbolt|p2b: Incineroar
|-damage|p2b: Incineroar|1/100
|move|p2b: Incineroar|Flare Blitz|p1a: Pidgeot
|-damage|p1a: Pidgeot|18/100
|-damage|p2b: Incineroar|0 fnt|[from] Recoil
|faint|p2b: Incineroar
|move|p2a: Gholdengo|Shadow Ball|p1b: Rotom
|-damage|p1b: Rotom|0 fnt
|faint|p1b: Rotom
|
|-heal|p2a: Gholdengo|63/100 par|[from] item: Leftovers
|-sideend|p2: Trail 4|move: Tailwind
|upkeep
|
|t:|1785810613
|switch|p1b: Gholdengo|Gholdengo, L50|90/100
|turn|9
|
|t:|1785810627
|move|p2a: Gholdengo|Protect|p2a: Gholdengo
|-singleturn|p2a: Gholdengo|Protect
|move|p1a: Pidgeot|Heat Wave|p2a: Gholdengo
|-activate|p2a: Gholdengo|move: Protect
|move|p1b: Gholdengo|Shadow Ball|p2a: Gholdengo
|-activate|p2a: Gholdengo|move: Protect
|
|-heal|p2a: Gholdengo|70/100 par|[from] item: Leftovers
|upkeep
|turn|10
|
|t:|1785810639
|move|p1a: Pidgeot|Heat Wave|p2a: Gholdengo
|-supereffective|p2a: Gholdengo|1
|-damage|p2a: Gholdengo|30/100 par
|move|p1b: Gholdengo|Shadow Ball|p2a: Gholdengo
|-supereffective|p2a: Gholdengo|1
|-damage|p2a: Gholdengo|0 fnt
|faint|p2a: Gholdengo
|-damage|p1b: Gholdengo|81/100|[from] item: Life Orb
|
|win|PopoVGC
||PopoVGC is ready for game 2.
||Trail 4 is ready for game 2.
|uhtml|next|Next: Game 2 of 3
|l|☆Trail 4
|player|p2|
