|j|☆KUTF1
|j|☆totalphael
|html|KUTF1totalphael    
|uhtml|bestof|Game 1 of a best-of-3
|t:|1782758191
|gametype|doubles
|player|p1|KUTF1|pokemonbreederf-gen4|1006
|player|p2|totalphael|2|1015
|gen|9
|tier|[Gen 9 Champions] VGC 2026 Reg M-B (Bo3)
|rated|
|rule|Species Clause: Limit one of each Pokémon
|rule|Item Clause: Limit 1 of each item
|clearpoke
|poke|p1|Raichu, L50, F|
|poke|p1|Clefable, L50, M|
|poke|p1|Mamoswine, L50, F|
|poke|p1|Ditto, L50|
|poke|p1|Musharna, L50, M|
|poke|p1|Whimsicott, L50, F|
|poke|p2|Absol, L50, F|
|poke|p2|Whimsicott, L50, M|
|poke|p2|Eelektross, L50, F|
|poke|p2|Sneasler, L50, F|
|poke|p2|Scovillain, L50, M|
|poke|p2|Mawile, L50, M|
|teampreview|4
|showteam|p1|Raichu||RaichuniteY|LightningRod|ZapCannon,Protect,FakeOut,FocusBlast|Timid||F|||50|]Clefable||Clefablite|MagicGuard|DazzlingGleam,Protect,CalmMind,Flamethrower|Modest||M|||50|]Mamoswine||FocusSash|Oblivious|Earthquake,Protect,IcicleCrash,IceShard|Jolly||F|||50|]Ditto||ChoiceScarf|Imposter|Transform|Bold|||||50|]Musharna||ColburBerry|Telepathy|Psychic,Protect,TrickRoom,Moonblast|Relaxed||M|||50|]Whimsicott||MentalHerb|Prankster|Moonblast,Encore,Tailwind,Taunt|Timid||F|||50|
|showteam|p2|Absol||ScopeLens|SuperLuck|PsychoCut,NightSlash,SwordsDance,ShadowSneak|Adamant||F|||50|]Whimsicott||FocusSash|Prankster|Tailwind,HelpingHand,Moonblast,WorrySeed|Timid||M|||50|]Eelektross||Eelektrossite|Levitate|PoisonFang,Coil,DrainPunch,SupercellSlam|Adamant||F|||50|]Sneasler||WhiteHerb|Unburden|FakeOut,DireClaw,Coaching,CloseCombat|Adamant||F|||50|]Scovillain||SitrusBerry|Moody|RagePowder,LeechSeed,GigaDrain,WorrySeed|Quiet||M|||50|]Mawile||Leftovers|Intimidate|BatonPass,Stockpile,SwordsDance,PlayRough|Brave||M|||50|
|inactive|Battle timer is ON: inactive players will automatically lose when time's up. (requested by KUTF1)
|inactive|totalphael also wants the timer to be on.
|
|t:|1782758212
|teamsize|p1|4
|teamsize|p2|4
|start
|switch|p1a: 100 Rats|Raichu, L50, F|100/100
|switch|p1b: Whimsi|Whimsicott, L50, F|100/100
|switch|p2a: Whimsicott|Whimsicott, L50, M|100/100
|switch|p2b: Mawile|Mawile, L50, M|100/100
|-ability|p2b: Mawile|Intimidate|boost
|-unboost|p1a: 100 Rats|atk|1
|-unboost|p1b: Whimsi|atk|1
|turn|1
|
|t:|1782758237
|move|p1a: 100 Rats|Fake Out|p2b: Mawile
|-resisted|p2b: Mawile|1
|-damage|p2b: Mawile|96/100
|move|p2a: Whimsicott|Tailwind|p2a: Whimsicott
|-sidestart|p2: totalphael|move: Tailwind
|move|p1b: Whimsi|Taunt|p2a: Whimsicott
|-start|p2a: Whimsicott|move: Taunt
|cant|p2b: Mawile|flinch
|
|-heal|p2b: Mawile|100/100|[from] item: Leftovers
|upkeep
|turn|2
|
|t:|1782758256
|detailschange|p1a: 100 Rats|Raichu-Mega-Y, L50, F
|-mega|p1a: 100 Rats|Raichu|Raichunite Y
|move|p1b: Whimsi|Tailwind|p1b: Whimsi
|-sidestart|p1: KUTF1|move: Tailwind
|move|p1a: 100 Rats|Zap Cannon|p2b: Mawile
|-damage|p2b: Mawile|0 fnt
|faint|p2b: Mawile
|move|p2a: Whimsicott|Moonblast|p1a: 100 Rats
|-damage|p1a: 100 Rats|40/100
|
|upkeep
|
|t:|1782758268
|switch|p2b: Scovillain|Scovillain, L50, M|100/100
|turn|3
|
|t:|1782758281
|move|p1b: Whimsi|Taunt|p2b: Scovillain
|-start|p2b: Scovillain|move: Taunt
|move|p1a: 100 Rats|Zap Cannon|p2a: Whimsicott
|-resisted|p2a: Whimsicott|1
|-damage|p2a: Whimsicott|36/100
|-status|p2a: Whimsicott|par
|move|p2a: Whimsicott|Moonblast|p1a: 100 Rats
|-crit|p1a: 100 Rats
|-damage|p1a: 100 Rats|0 fnt
|faint|p1a: 100 Rats
|cant|p2b: Scovillain|move: Taunt|Worry Seed
|
|-ability|p2b: Scovillain|Moody|boost
|-boost|p2b: Scovillain|atk|2
|-unboost|p2b: Scovillain|def|1
|upkeep
|
|t:|1782758287
|switch|p1a: Chiba|Mamoswine, L50, F|100/100
|turn|4
|
|t:|1782758305
|move|p1b: Whimsi|Moonblast|p2a: Whimsicott
|-damage|p2a: Whimsicott|0 fnt
|faint|p2a: Whimsicott
|move|p1a: Chiba|Earthquake|p2b: Scovillain|[spread] p1b,p2b
|-resisted|p1b: Whimsi|1
|-damage|p1b: Whimsi|76/100
|-damage|p2b: Scovillain|23/100
|-enditem|p2b: Scovillain|Sitrus Berry|[eat]
|-heal|p2b: Scovillain|48/100|[from] item: Sitrus Berry
|move|p2b: Scovillain|Giga Drain|p1a: Chiba
|-supereffective|p1a: Chiba|1
|-damage|p1a: Chiba|13/100
|-heal|p2b: Scovillain|95/100|[from] drain|[of] p1a: Chiba
|
|-sideend|p2: totalphael|move: Tailwind
|-ability|p2b: Scovillain|Moody|boost
|-boost|p2b: Scovillain|atk|2
|-unboost|p2b: Scovillain|spe|1
|upkeep
|
|t:|1782758322
|switch|p2a: Eelektross|Eelektross, L50, F|100/100
|turn|5
|
|t:|1782758330
|detailschange|p2a: Eelektross|Eelektross-Mega, L50, F
|-mega|p2a: Eelektross|Eelektross|Eelektrossite
|move|p1b: Whimsi|Moonblast|p2b: Scovillain
|-resisted|p2b: Scovillain|1
|-damage|p2b: Scovillain|77/100
|move|p1a: Chiba|Earthquake|p2b: Scovillain|[spread] p1b,p2b
|-immune|p2a: Eelektross|[from] ability: Eelevate
|-resisted|p1b: Whimsi|1
|-damage|p1b: Whimsi|50/100g
|-damage|p2b: Scovillain|0 fnt
|faint|p2b: Scovillain
|move|p2a: Eelektross|Poison Fang|p1b: Whimsi
|-supereffective|p1b: Whimsi|2
|-damage|p1b: Whimsi|0 fnt
|faint|p1b: Whimsi
|-ability|p2a: Eelektross|Eelevate|boost
|-boost|p2a: Eelektross|atk|1
|
|-sideend|p1: KUTF1|move: Tailwind
|upkeep
|
|t:|1782758335
|switch|p1b: Derple|Ditto, L50|100/100
|-transform|p1b: Derple|p2a: Eelektross|[from] ability: Imposter
|turn|6
|
|t:|1782758359
|move|p1b: Derple|Drain Punch|p2a: Eelektross
|-damage|p2a: Eelektross|47/100
|move|p1a: Chiba|Icicle Crash|p2a: Eelektross
|-damage|p2a: Eelektross|1/100
|move|p2a: Eelektross|Drain Punch|p1a: Chiba
|-supereffective|p1a: Chiba|1
|-damage|p1a: Chiba|0 fnt
|-heal|p2a: Eelektross|8/100|[from] drain|[of] p1a: Chiba
|faint|p1a: Chiba
|-ability|p2a: Eelektross|Eelevate|boost
|-boost|p2a: Eelektross|atk|1
|
|upkeep
|turn|7
|
|t:|1782758379
|move|p1b: Derple|Drain Punch|p2a: Eelektross
|-damage|p2a: Eelektross|0 fnt
|faint|p2a: Eelektross
|
|win|KUTF1
