|j|☆Skl7
|j|☆FrancoilCieco777
|html|Skl7FrancoilCieco777    
|uhtml|bestof|Game 2 of a best-of-3
|t:|1756219025
|gametype|doubles
|player|p1|Skl7|hiker-gen4|
|player|p2|FrancoilCieco777|baker|
|gen|9
|tier|[Gen 9] VGC 2025 Reg H (Bo3)
|rule|Species Clause: Limit one of each Pokémon
|rule|Item Clause: Limit 1 of each item
|clearpoke
|poke|p1|Abomasnow, L50, F|
|poke|p1|Rillaboom, L50, M|
|poke|p1|Torkoal, L50, F|
|poke|p1|Gholdengo, L50|
|poke|p1|Arcanine-Hisui, L50, M|
|poke|p1|Dragapult, L50, F|
|poke|p2|Arcanine, L50, F|
|poke|p2|Haxorus, L50, M|
|poke|p2|Sneasler, L50, F|
|poke|p2|Samurott-Hisui, L50, F|
|poke|p2|Gholdengo, L50|
|poke|p2|Amoonguss, L50, F|
|teampreview|4
|showteam|p1|Abomasnow||Leftovers|SnowWarning|Blizzard,Protect,EarthPower,LeafStorm|||F|||50|,,,,,Ice]Rillaboom||AssaultVest|GrassySurge|WoodHammer,FakeOut,GrassyGlide,Uturn|||M|||50|,,,,,Fire]Torkoal||ChoiceSpecs|Drought|Eruption,HeatWave,WeatherBall,EarthPower|||F|||50|,,,,,Fire]Gholdengo||RockyHelmet|GoodasGold|MakeItRain,ShadowBall,Protect,NastyPlot||||||50|,,,,,Water]Arcanine-Hisui||ChoiceScarf|Intimidate|FlareBlitz,ExtremeSpeed,RockSlide,CloseCombat|||M|||50|,,,,,Ghost]Dragapult||FocusSash|ClearBody|PhantomForce,DragonDarts,SuckerPunch,Protect|||F|||50|,,,,,Dragon
|showteam|p2|Arcanine||MirrorHerb|Intimidate|ExtremeSpeed,FlareBlitz,Protect,WillOWisp|||F|||50|,,,,,Normal]Haxorus||ClearAmulet|MoldBreaker|DragonClaw,FirstImpression,IronHead,Protect|||M|||50|,,,,,Steel]Sneasler||FocusSash|Pressure|FakeOut,CloseCombat,DireClaw,Coaching|||F|||50|,,,,,Ghost]Samurott-Hisui||AssaultVest|Sharpness|AquaCutter,SacredSword,NightSlash,SuckerPunch|||F|||50|,,,,,Ghost]Gholdengo||ChoiceScarf|GoodasGold|MakeItRain,ShadowBall,Trick,Protect||||||50|,,,,,Steel]Amoonguss||CovertCloak|Regenerator|Spore,RagePowder,ClearSmog,Protect|||F|||50|,,,,,Electric
|inactive|Battle timer is ON: inactive players will automatically lose when time's up. (requested by FrancoilCieco777)
|inactive|FrancoilCieco777 has 60 seconds left.
|
|t:|1756219070
|teamsize|p1|4
|teamsize|p2|4
|start
|switch|p1a: Torkoal|Torkoal, L50, F|100/100
|switch|p1b: Dragapult|Dragapult, L50, F|100/100
|switch|p2a: Gholdengo|Gholdengo, L50|100/100
|switch|p2b: Samurott|Samurott-Hisui, L50, F|100/100
|-weather|SunnyDay|[from] ability: Drought|[of] p1a: Torkoal
|turn|1
|inactive|Skl7 has 30 seconds left.
|inactive|Skl7 has 20 seconds left.
|inactive|Skl7 has 15 seconds left.
|
|t:|1756219111
|-terastallize|p1b: Dragapult|Dragon
|move|p2a: Gholdengo|Shadow Ball|p1a: Torkoal
|-damage|p1a: Torkoal|36/100
|move|p1b: Dragapult|Dragon Darts|p2b: Samurott
|-damage|p2b: Samurott|52/100
|-anim|p1b: Dragapult|Dragon Darts|p2a: Gholdengo
|-resisted|p2a: Gholdengo
|-damage|p2a: Gholdengo|82/100
|move|p2b: Samurott|Aqua Cutter|p1a: Torkoal
|-supereffective|p1a: Torkoal
|-crit|p1a: Torkoal
|-damage|p1a: Torkoal|0 fnt
|faint|p1a: Torkoal
|
|-weather|SunnyDay|[upkeep]
|upkeep
|
|t:|1756219130
|switch|p1a: Rillaboom|Rillaboom, L50, M|100/100
|-fieldstart|move: Grassy Terrain|[from] ability: Grassy Surge|[of] p1a: Rillaboom
|turn|2
|inactive|FrancoilCieco777 has 30 seconds left.
|
|t:|1756219157
|move|p2a: Gholdengo|Shadow Ball|p1b: Dragapult
|-crit|p1b: Dragapult
|-damage|p1b: Dragapult|15/100
|move|p1b: Dragapult|Phantom Force||[still]
|-prepare|p1b: Dragapult|Phantom Force
|move|p1a: Rillaboom|Wood Hammer|p2b: Samurott
|-supereffective|p2b: Samurott
|-damage|p2b: Samurott|0 fnt
|faint|p2b: Samurott
|-damage|p1a: Rillaboom|84/100|[from] Recoil
|
|-weather|SunnyDay|[upkeep]
|-heal|p2a: Gholdengo|88/100|[from] Grassy Terrain
|-heal|p1a: Rillaboom|90/100|[from] Grassy Terrain
|upkeep
|
|t:|1756219164
|switch|p2b: Arcanine|Arcanine, L50, F|100/100
|-ability|p2b: Arcanine|Intimidate|boost
|-unboost|p1a: Rillaboom|atk|1
|-fail|p1b: Dragapult|unboost|[from] ability: Clear Body|[of] p1b: Dragapult
|turn|3
|inactive|Skl7 has 30 seconds left.
|
|t:|1756219193
|-terastallize|p2a: Gholdengo|Steel
|move|p1a: Rillaboom|Grassy Glide|p2b: Arcanine
|-resisted|p2b: Arcanine
|-damage|p2b: Arcanine|85/100
|move|p2a: Gholdengo|Shadow Ball|p1a: Rillaboom
|-damage|p1a: Rillaboom|50/100
|move|p1b: Dragapult|Phantom Force|p2a: Gholdengo|[from] lockedmove
|-damage|p2a: Gholdengo|33/100
|move|p2b: Arcanine|Flare Blitz|p1a: Rillaboom
|-supereffective|p1a: Rillaboom
|-damage|p1a: Rillaboom|0 fnt
|faint|p1a: Rillaboom
|-damage|p2b: Arcanine|67/100|[from] Recoil
|
|-weather|SunnyDay|[upkeep]
|-heal|p2a: Gholdengo|39/100|[from] Grassy Terrain
|-heal|p1b: Dragapult|21/100|[from] Grassy Terrain
|-heal|p2b: Arcanine|73/100|[from] Grassy Terrain
|upkeep
|
|t:|1756219207
|switch|p1a: Gholdengo|Gholdengo, L50|100/100
|turn|4
|inactive|Skl7 has 30 seconds left.
|
|t:|1756219233
|move|p1b: Dragapult|Protect|p1b: Dragapult
|-singleturn|p1b: Dragapult|Protect
|move|p2b: Arcanine|Extreme Speed|p1b: Dragapult
|-activate|p1b: Dragapult|move: Protect
|move|p2a: Gholdengo|Shadow Ball|p1a: Gholdengo
|-supereffective|p1a: Gholdengo
|-damage|p1a: Gholdengo|1/100
|-unboost|p1a: Gholdengo|spd|1
|move|p1a: Gholdengo|Make It Rain|p2a: Gholdengo|[spread] p2a,p2b
|-resisted|p2a: Gholdengo
|-resisted|p2b: Arcanine
|-damage|p2a: Gholdengo|11/100
|-damage|p2b: Arcanine|45/100
|-unboost|p1a: Gholdengo|spa|1
|
|-weather|SunnyDay|[upkeep]
|-heal|p2a: Gholdengo|17/100|[from] Grassy Terrain
|-heal|p1b: Dragapult|27/100|[from] Grassy Terrain
|-heal|p2b: Arcanine|51/100|[from] Grassy Terrain
|-heal|p1a: Gholdengo|7/100|[from] Grassy Terrain
|upkeep
|turn|5
|inactive|Skl7 has 30 seconds left.
|inactive|Skl7 has 20 seconds left.
|inactive|Skl7 has 15 seconds left.
|inactive|Skl7 has 10 seconds left.
|inactive|Skl7 has 5 seconds left.
|
|t:|1756219284
|move|p2b: Arcanine|Extreme Speed|p1b: Dragapult
|-damage|p1b: Dragapult|0 fnt
|faint|p1b: Dragapult
|move|p2a: Gholdengo|Shadow Ball|p1a: Gholdengo
|-supereffective|p1a: Gholdengo
|-damage|p1a: Gholdengo|0 fnt
|faint|p1a: Gholdengo
|
|win|FrancoilCieco777
