|j|☆Aircross360
|j|☆RazzRazzBerry
|html|Aircross360RazzRazzBerry    
|uhtml|bestof|Game 2 of a best-of-3
|t:|1756235635
|gametype|doubles
|player|p1|Aircross360|101|1094
|player|p2|RazzRazzBerry|wattson|1050
|gen|9
|tier|[Gen 9] VGC 2025 Reg H (Bo3)
|rated|
|rule|Species Clause: Limit one of each Pokémon
|rule|Item Clause: Limit 1 of each item
|clearpoke
|poke|p1|Annihilape, L50, M|
|poke|p1|Gholdengo, L50|
|poke|p1|Dragonite, L50, F|
|poke|p1|Ninetales-Alola, L50, F|
|poke|p1|Magmar, L50, F|
|poke|p1|Ursaluna-Bloodmoon, L50, M|
|poke|p2|Tyranitar, L50, F|
|poke|p2|Houndstone, L50, F|
|poke|p2|Dragonite, L50, M|
|poke|p2|Talonflame, L50, M|
|poke|p2|Porygon2, L50|
|poke|p2|Gholdengo, L50|
|teampreview|4
|showteam|p1|Annihilape||SafetyGoggles|Defiant|DrainPunch,RageFist,BulkUp,Protect|||M|||50|,,,,,Water]Gholdengo||MetalCoat|GoodasGold|MakeItRain,ShadowBall,NastyPlot,Protect||||||50|,,,,,Dragon]Dragonite||LoadedDice|Multiscale|ScaleShot,ExtremeSpeed,IceSpinner,Protect|||F|||50|,,,,,Steel]Ninetales-Alola||LightClay|SnowWarning|Blizzard,Encore,IcyWind,AuroraVeil|||F|||50|,,,,,Ghost]Magmar||Eviolite|FlameBody|Overheat,FollowMe,Protect,ClearSmog|||F|||50|,,,,,Ghost]Ursaluna-Bloodmoon||AssaultVest|MindsEye|BloodMoon,EarthPower,HyperVoice,VacuumWave|||M|||50|,,,,,Water
|showteam|p2|Tyranitar||AssaultVest|SandStream|RockSlide,KnockOff,TeraBlast,LowKick|||F|||50|,,,,,Flying]Houndstone||SpellTag|SandRush|LastRespects,WillOWisp,Howl,Snarl|||F|||50|,,,,,Ghost]Dragonite||LoadedDice|InnerFocus|ScaleShot,TeraBlast,Protect,Haze|||M|||50|,,,,,Flying]Talonflame||SafetyGoggles|GaleWings|BraveBird,Tailwind,Protect,FlareBlitz|||M|||50|,,,,,Ghost]Porygon2||Eviolite|Download|TeraBlast,ShadowBall,Recover,TrickRoom||||||50|,,,,,Fighting]Gholdengo||MetalCoat|GoodasGold|NastyPlot,MakeItRain,FocusBlast,Protect||||||50|,,,,,Water
|inactive|Battle timer is ON: inactive players will automatically lose when time's up. (requested by RazzRazzBerry)
|inactive|Aircross360 has 60 seconds left.
|inactive|Aircross360 has 30 seconds left.
|
|t:|1756235716
|teamsize|p1|4
|teamsize|p2|4
|start
|switch|p1a: Gholdengo|Gholdengo, L50|100/100
|switch|p1b: Magmar|Magmar, L50, F|100/100
|switch|p2a: Stravinsky|Talonflame, L50, M|100/100
|switch|p2b: Piff|Dragonite, L50, M|100/100
|turn|1
|inactive|Aircross360 has 30 seconds left.
|inactive|RazzRazzBerry has 30 seconds left.
|inactive|Aircross360 has 20 seconds left.
|
|t:|1756235755
|move|p1b: Magmar|Follow Me|p1b: Magmar
|-singleturn|p1b: Magmar|move: Follow Me
|move|p2a: Stravinsky|Tailwind|p2a: Stravinsky
|-sidestart|p2: RazzRazzBerry|move: Tailwind
|move|p2b: Piff|Scale Shot|p1b: Magmar
|-damage|p1b: Magmar|88/100
|-damage|p1b: Magmar|78/100
|-damage|p1b: Magmar|65/100
|-damage|p1b: Magmar|53/100
|-hitcount|p1b: Magmar|4
|-unboost|p2b: Piff|def|1
|-boost|p2b: Piff|spe|1
|move|p1a: Gholdengo|Nasty Plot|p1a: Gholdengo
|-boost|p1a: Gholdengo|spa|2
|
|upkeep
|turn|2
|inactive|Aircross360 has 30 seconds left.
|inactive|Aircross360 has 20 seconds left.
|inactive|Aircross360 has 15 seconds left.
|inactive|Aircross360 has 10 seconds left.
|
|t:|1756235804
|move|p1b: Magmar|Follow Me|p1b: Magmar
|-singleturn|p1b: Magmar|move: Follow Me
|move|p2a: Stravinsky|Brave Bird|p1b: Magmar
|-damage|p1b: Magmar|22/100
|-damage|p2a: Stravinsky|89/100|[from] Recoil
|move|p2b: Piff|Haze|p2b: Piff
|-clearallboost
|move|p1a: Gholdengo|Make It Rain|p2b: Piff|[spread] p2a,p2b
|-resisted|p2a: Stravinsky
|-damage|p2a: Stravinsky|46/100
|-damage|p2b: Piff|42/100
|-unboost|p1a: Gholdengo|spa|1
|
|upkeep
|turn|3
|inactive|Aircross360 has 30 seconds left.
|inactive|Aircross360 has 20 seconds left.
|inactive|Aircross360 has 15 seconds left.
|inactive|Aircross360 has 10 seconds left.
|inactive|RazzRazzBerry has 30 seconds left.
|inactive|Aircross360 has 5 seconds left.
|
|t:|1756235858
|switch|p1a: Ursaluna|Ursaluna-Bloodmoon, L50, M|100/100
|move|p2b: Piff|Protect|p2b: Piff
|-singleturn|p2b: Piff|Protect
|move|p2a: Stravinsky|Brave Bird|p1b: Magmar
|-damage|p1b: Magmar|0 fnt
|faint|p1b: Magmar
|-damage|p2a: Stravinsky|38/100|[from] Recoil
|
|upkeep
|
|t:|1756235874
|switch|p1b: Gholdengo|Gholdengo, L50|100/100
|turn|4
|
|t:|1756235909
|move|p2a: Stravinsky|Protect|p2a: Stravinsky
|-singleturn|p2a: Stravinsky|Protect
|move|p1b: Gholdengo|Protect|p1b: Gholdengo
|-singleturn|p1b: Gholdengo|Protect
|move|p2b: Piff|Scale Shot|p1a: Ursaluna
|-damage|p1a: Ursaluna|90/100
|-damage|p1a: Ursaluna|78/100
|-damage|p1a: Ursaluna|67/100
|-damage|p1a: Ursaluna|56/100
|-damage|p1a: Ursaluna|45/100
|-hitcount|p1a: Ursaluna|5
|-unboost|p2b: Piff|def|1
|-boost|p2b: Piff|spe|1
|move|p1a: Ursaluna|Hyper Voice|p2a: Stravinsky|[spread] p2b
|-activate|p2a: Stravinsky|move: Protect
|-damage|p2b: Piff|6/100
|
|-sideend|p2: RazzRazzBerry|move: Tailwind
|upkeep
|turn|5
|inactive|Aircross360 has 30 seconds left.
|inactive|RazzRazzBerry has 30 seconds left.
|inactive|RazzRazzBerry has 20 seconds left.
|inactive|RazzRazzBerry has 15 seconds left.
|inactive|RazzRazzBerry has 10 seconds left.
|
|t:|1756235956
|-terastallize|p1b: Gholdengo|Dragon
|move|p1a: Ursaluna|Vacuum Wave|p2b: Piff
|-resisted|p2b: Piff
|-damage|p2b: Piff|0 fnt
|faint|p2b: Piff
|move|p2a: Stravinsky|Tailwind|p2a: Stravinsky
|-sidestart|p2: RazzRazzBerry|move: Tailwind
|move|p1b: Gholdengo|Shadow Ball|p2a: Stravinsky
|-damage|p2a: Stravinsky|0 fnt
|faint|p2a: Stravinsky
|
|upkeep
|
|t:|1756235967
|switch|p2a: Gojira|Tyranitar, L50, F|100/100
|switch|p2b: CA$H MONEY|Gholdengo, L50|100/100
|-weather|Sandstorm|[from] ability: Sand Stream|[of] p2a: Gojira
|turn|6
|inactive|Aircross360 has 30 seconds left.
|inactive|Aircross360 has 20 seconds left.
|
|t:|1756236005
|-terastallize|p2a: Gojira|Flying
|move|p1b: Gholdengo|Protect|p1b: Gholdengo
|-singleturn|p1b: Gholdengo|Protect
|move|p2b: CA$H MONEY|Make It Rain|p1b: Gholdengo|[spread] p1a
|-activate|p1b: Gholdengo|move: Protect
|-damage|p1a: Ursaluna|7/100
|-unboost|p2b: CA$H MONEY|spa|1
|move|p2a: Gojira|Knock Off|p1b: Gholdengo
|-activate|p1b: Gholdengo|move: Protect
|move|p1a: Ursaluna|Earth Power|p2b: CA$H MONEY
|-supereffective|p2b: CA$H MONEY
|-damage|p2b: CA$H MONEY|0 fnt
|faint|p2b: CA$H MONEY
|
|-weather|Sandstorm|[upkeep]
|-damage|p2a: Gojira|94/100|[from] Sandstorm
|-damage|p1b: Gholdengo|95/100|[from] Sandstorm
|upkeep
|turn|7
|inactive|Aircross360 has 30 seconds left.
|
|t:|1756236035
|move|p2a: Gojira|Rock Slide|p1b: Gholdengo|[spread] p1a,p1b
|-resisted|p1a: Ursaluna
|-damage|p1a: Ursaluna|0 fnt
|-damage|p1b: Gholdengo|70/100
|faint|p1a: Ursaluna
|cant|p1b: Gholdengo|flinch
|
|-weather|Sandstorm|[upkeep]
|-damage|p2a: Gojira|88/100|[from] Sandstorm
|-damage|p1b: Gholdengo|64/100|[from] Sandstorm
|upkeep
|
|t:|1756236043
|switch|p1a: Ninetales|Ninetales-Alola, L50, F|100/100
|-weather|Snowscape|[from] ability: Snow Warning|[of] p1a: Ninetales
|turn|8
|inactive|Aircross360 has 30 seconds left.
|
|t:|1756236071
|move|p1a: Ninetales|Encore|p2a: Gojira
|-start|p2a: Gojira|Encore
|move|p2a: Gojira|Rock Slide|p1b: Gholdengo|[spread] p1a,p1b
|-supereffective|p1a: Ninetales
|-damage|p1a: Ninetales|58/100
|-damage|p1b: Gholdengo|41/100
|move|p1b: Gholdengo|Nasty Plot|p1b: Gholdengo
|-boost|p1b: Gholdengo|spa|2
|
|-weather|Snowscape|[upkeep]
|-sideend|p2: RazzRazzBerry|move: Tailwind
|upkeep
|turn|9
|
|t:|1756236082
|move|p1a: Ninetales|Aurora Veil|p1a: Ninetales
|-sidestart|p1: Aircross360|move: Aurora Veil
|move|p1b: Gholdengo|Make It Rain|p2a: Gojira
|-damage|p2a: Gojira|15/100
|-unboost|p1b: Gholdengo|spa|1
|move|p2a: Gojira|Rock Slide|p1a: Ninetales|[spread] p1a,p1b
|-supereffective|p1a: Ninetales
|-damage|p1a: Ninetales|28/100
|-damage|p1b: Gholdengo|24/100
|
|-weather|Snowscape|[upkeep]
|upkeep
|turn|10
|inactive|RazzRazzBerry has 30 seconds left.
|inactive|RazzRazzBerry has 20 seconds left.
|inactive|RazzRazzBerry has 15 seconds left.
|inactive|RazzRazzBerry has 10 seconds left.
|inactive|RazzRazzBerry has 5 seconds left.
|
|t:|1756236137
|move|p1a: Ninetales|Blizzard|p2a: Gojira
|-supereffective|p2a: Gojira
|-damage|p2a: Gojira|0 fnt
|faint|p2a: Gojira
|
|win|Aircross360
|raw|Aircross360's rating: 1094 → 1117(+23 for winning)
|raw|RazzRazzBerry's rating: 1050 → 1035(-15 for losing)
|l|☆RazzRazzBerry
|player|p2|
