|j|â˜†muddledup
|j|â˜†redisntapigeon
|html|muddledupredisntapigeon    
|uhtml|bestof|Game 2 of a best-of-3
|t:|1785614965
|gametype|doubles
|player|p1|muddledup|policeman-gen4|
|player|p2|redisntapigeon|gambler|
|gen|9
|tier|[Gen 9 Champions] VGC 2026 Reg M-B (Bo3)
|rule|Species Clause: Limit one of each PokÃ©mon
|rule|Item Clause: Limit 1 of each item
|clearpoke
|poke|p1|Kingambit, L50, M|
|poke|p1|Conkeldurr, L50, F|
|poke|p1|Golurk, L50|
|poke|p1|Goodra-Hisui, L50, F|
|poke|p1|Armarouge, L50, M|
|poke|p1|Hydrapple, L50, M|
|poke|p2|Dragapult, L50, M|
|poke|p2|Delphox, L50, F|
|poke|p2|Whimsicott, L50, M, shiny|
|poke|p2|Mudsdale, L50, M|
|poke|p2|Tsareena, L50, F, shiny|
|poke|p2|Steelix, L50, M|
|teampreview|4
|showteam|p1|Kingambit||BlackGlasses|Defiant|IronHead,KowtowCleave,Protect,LowKick|Adamant||M|||50|]Conkeldurr||LifeOrb|Guts|DrainPunch,BulkUp,HighHorsepower,PoisonJab|Adamant||F|||50|]Golurk||Golurkite|NoGuard|DynamicPunch,Poltergeist,HighHorsepower,Protect|Adamant|||||50|]Goodra-Hisui||SitrusBerry|SapSipper|HeavySlam,DracoMeteor,Shelter,LifeDew|Relaxed||F|||50|]Armarouge||FocusSash|WeakArmor|TrickRoom,WillOWisp,ArmorCannon,DestinyBond|Quiet||M|||50|]Hydrapple||YacheBerry|Regenerator|PollenPuff,FickleBeam,Protect,BulletSeed|Relaxed||M|||50|
|showteam|p2|Dragapult||ColburBerry|CursedBody|Flamethrower,Uturn,Protect,ShadowBall|Quiet||M|||50|]Delphox||Delphoxite|Blaze|HeatWave,Protect,WillOWisp,Psychic|Modest||F|||50|]Whimsicott||FocusSash|Prankster|TrickRoom,Taunt,Moonblast,Protect|Relaxed||M|||50|]Mudsdale||Leftovers|Stamina|BodyPress,Earthquake,Protect,HeavySlam|Relaxed||M|||50|]Tsareena||SitrusBerry|QueenlyMajesty|Protect,HelpingHand,KnockOff,LowKick|Impish||F|||50|]Steelix||Steelixite|SheerForce|BodyPress,Crunch,Earthquake,IronHead|Relaxed||M|||50|
|
|t:|1785615029
|teamsize|p1|4
|teamsize|p2|4
|start
|switch|p1a: The Warlock|Armarouge, L50, M|100/100
|switch|p1b: The Paladin|Golurk, L50|100/100
|switch|p2a: Alvarado|Whimsicott, L50, M, shiny|100/100
|switch|p2b: Anunoby|Dragapult, L50, M|100/100
|turn|1
|
|t:|1785615068
|detailschange|p1b: The Paladin|Golurk-Mega, L50
|-mega|p1b: The Paladin|Golurk|Golurkite
|move|p1b: The Paladin|Protect|p1b: The Paladin
|-singleturn|p1b: The Paladin|Protect
|move|p2a: Alvarado|Taunt|p1a: The Warlock
|-start|p1a: The Warlock|move: Taunt
|move|p2b: Anunoby|Shadow Ball|p1a: The Warlock
|-supereffective|p1a: The Warlock|1
|-damage|p1a: The Warlock|15/100
|cant|p1a: The Warlock|move: Taunt|Trick Room
|
|upkeep
|turn|2
|
|t:|1785615105
|switch|p1a: The Fighter|Kingambit, L50, M|100/100
|switch|p1b: The Cleric|Goodra-Hisui, L50, F|100/100
|move|p2b: Anunoby|Protect|p2b: Anunoby
|-singleturn|p2b: Anunoby|Protect
|move|p2a: Alvarado|Moonblast|p1a: The Fighter
|-damage|p1a: The Fighter|71/100
|
|upkeep
|turn|3
|
|t:|1785615122
|move|p2a: Alvarado|Taunt|p1b: The Cleric
|-start|p1b: The Cleric|move: Taunt
|move|p2b: Anunoby|Flamethrower|p1a: The Fighter
|-supereffective|p1a: The Fighter|1
|-damage|p1a: The Fighter|15/100
|cant|p1b: The Cleric|move: Taunt|Shelter
|move|p1a: The Fighter|Iron Head|p2a: Alvarado
|-supereffective|p2a: Alvarado|1
|-damage|p2a: Alvarado|12/100
|
|upkeep
|turn|4
|
|t:|1785615136
|move|p2a: Alvarado|Protect|p2a: Alvarado
|-singleturn|p2a: Alvarado|Protect
|move|p1a: The Fighter|Protect|p1a: The Fighter
|-singleturn|p1a: The Fighter|Protect
|move|p2b: Anunoby|Flamethrower|p1a: The Fighter
|-activate|p1a: The Fighter|move: Protect
|move|p1b: The Cleric|Draco Meteor|p2b: Anunoby
|-supereffective|p2b: Anunoby|1
|-damage|p2b: Anunoby|0 fnt
|-unboost|p1b: The Cleric|spa|2
|faint|p2b: Anunoby
|
|upkeep
|
|t:|1785615142
|switch|p2b: KAT|Steelix, L50, M|100/100
|turn|5
|
|t:|1785615162
|detailschange|p2b: KAT|Steelix-Mega, L50, M
|-mega|p2b: KAT|Steelix|Steelixite
|move|p2a: Alvarado|Moonblast|p1a: The Fighter
|-crit|p1a: The Fighter
|-damage|p1a: The Fighter|0 fnt
|faint|p1a: The Fighter
|move|p1b: The Cleric|Heavy Slam|p2a: Alvarado
|-supereffective|p2a: Alvarado|1
|-damage|p2a: Alvarado|0 fnt
|faint|p2a: Alvarado
|move|p2b: KAT|Earthquake|p1b: The Cleric
|-supereffective|p1b: The Cleric|1
|-damage|p1b: The Cleric|39/100
|-enditem|p1b: The Cleric|Sitrus Berry|[eat]
|-heal|p1b: The Cleric|63/100|[from] item: Sitrus Berry
|
|-end|p1b: The Cleric|move: Taunt
|upkeep
|
|t:|1785615191
|switch|p2a: Drummond|Mudsdale, L50, M|100/100
|switch|p1a: The Paladin|Golurk-Mega, L50|100/100
|turn|6
|
|t:|1785615214
|move|p1a: The Paladin|High Horsepower|p2b: KAT
|-supereffective|p2b: KAT|1
|-damage|p2b: KAT|53/100
|move|p1b: The Cleric|Heavy Slam|p2a: Drummond
|-damage|p2a: Drummond|89/100
|-ability|p2a: Drummond|Stamina|boost
|-boost|p2a: Drummond|def|1
|move|p2a: Drummond|Body Press|p1b: The Cleric
|-supereffective|p1b: The Cleric|1
|-damage|p1b: The Cleric|11/100
|move|p2b: KAT|Crunch|p1a: The Paladin
|-supereffective|p1a: The Paladin|1
|-damage|p1a: The Paladin|66/100
|
|-heal|p2a: Drummond|95/100|[from] item: Leftovers
|upkeep
|turn|7
|
|t:|1785615243
|move|p2a: Drummond|Protect|p2a: Drummond
|-singleturn|p2a: Drummond|Protect
|move|p1a: The Paladin|High Horsepower|p2b: KAT
|-supereffective|p2b: KAT|1
|-damage|p2b: KAT|4/100
|move|p1b: The Cleric|Draco Meteor|p2b: KAT
|-resisted|p2b: KAT|1
|-damage|p2b: KAT|0 fnt
|-unboost|p1b: The Cleric|spa|2
|faint|p2b: KAT
|
|-heal|p2a: Drummond|100/100|[from] item: Leftovers
|upkeep
|turn|8
|c|â˜†redisntapigeon|gg
|
|t:|1785615272
|move|p1a: The Paladin|Poltergeist|p2a: Drummond
|-activate|p2a: Drummond|move: Poltergeist|Leftovers
|-damage|p2a: Drummond|71/100
|-ability|p2a: Drummond|Stamina|boost
|-boost|p2a: Drummond|def|1
|move|p1b: The Cleric|Life Dew|p1b: The Cleric|[spread] p1a,p1b
|-heal|p1a: The Paladin|91/100
|-heal|p1b: The Cleric|36/100
|move|p2a: Drummond|Earthquake|p1b: The Cleric|[spread] p1a,p1b
|-supereffective|p1b: The Cleric|1
|-damage|p1a: The Paladin|58/100
|-damage|p1b: The Cleric|0 fnt
|faint|p1b: The Cleric
|
|-heal|p2a: Drummond|77/100|[from] item: Leftovers
|upkeep
|
|t:|1785615286
|switch|p1b: The Warlock|Armarouge, L50, M|15/100
|turn|9
|
|t:|1785615297
|move|p1b: The Warlock|Destiny Bond|p1b: The Warlock
|-singlemove|p1b: The Warlock|Destiny Bond
|move|p1a: The Paladin|Poltergeist|p2a: Drummond
|-activate|p2a: Drummond|move: Poltergeist|Leftovers
|-damage|p2a: Drummond|53/100
|-ability|p2a: Drummond|Stamina|boost
|-boost|p2a: Drummond|def|1
|move|p2a: Drummond|Earthquake|p1a: The Paladin|[spread] p1a,p1b
|-supereffective|p1b: The Warlock|1
|-damage|p1a: The Paladin|29/100
|-damage|p1b: The Warlock|0 fnt
|faint|p1b: The Warlock
|-activate|p1b: The Warlock|move: Destiny Bond
|faint|p2a: Drummond
|
|win|muddledup
