|j|☆ProfessorSorin
|j|☆Pom123123123
|html|ProfessorSorinPom123123123    
|uhtml|bestof|Game 2 of a best-of-3
|t:|1784521119
|gametype|doubles
|player|p1|ProfessorSorin|169|1142
|player|p2|Pom123123123|wattson|1157
|gen|9
|tier|[Gen 9 Champions] VGC 2026 Reg M-B (Bo3)
|rated|
|rule|Species Clause: Limit one of each Pokémon
|rule|Item Clause: Limit 1 of each item
|clearpoke
|poke|p1|Farigiraf, L50, F, shiny|
|poke|p1|Blastoise, L50, F, shiny|
|poke|p1|Sylveon, L50, M, shiny|
|poke|p1|Torkoal, L50, M, shiny|
|poke|p1|Vileplume, L50, F, shiny|
|poke|p1|Kingambit, L50, M, shiny|
|poke|p2|Gengar, L50, F|
|poke|p2|Archaludon, L50, F|
|poke|p2|Politoed, L50, F|
|poke|p2|Swampert, L50, M|
|poke|p2|Vivillon, L50, M|
|poke|p2|Incineroar, L50, M|
|teampreview|4
|showteam|p1|Farigiraf||ColburBerry|ArmorTail|TrickRoom,Protect,Imprison,Psychic|Relaxed||F|||50|]Blastoise||Blastoisinite|RainDish|WaterSpout,AuraSphere,DarkPulse,FakeOut|Quiet||F|||50|]Sylveon||FairyFeather|Pixilate|HyperVoice,MysticalFire,CalmMind,Detect|Quiet||M|||50|]Torkoal||Charcoal|Drought|Eruption,HeatWave,Protect,WeatherBall|Quiet||M|||50|]Vileplume||FocusSash|Chlorophyll|AfterYou,EnergyBall,SludgeBomb,SleepPowder|Timid||F|||50|]Kingambit||BlackGlasses|Defiant|KowtowCleave,IronHead,SuckerPunch,Protect|Brave||M|||50|
|showteam|p2|Gengar||Gengarite|CursedBody|ShadowBall,SludgeBomb,PerishSong,Protect|Modest||F|||50|]Archaludon||Leftovers|Stamina|ElectroShot,DragonPulse,FlashCannon,Protect|Bold||F|||50|]Politoed||SitrusBerry|Drizzle|WeatherBall,Hypnosis,PerishSong,Protect|Calm||F|||50|]Swampert||Swampertite|Torrent|WaveCrash,Earthquake,IcePunch,Protect|Adamant||M|||50|]Vivillon||FocusSash|CompoundEyes|Hurricane,SleepPowder,RagePowder,Protect|Timid||M|||50|]Incineroar||PasshoBerry|Intimidate|ThroatChop,FakeOut,PartingShot,Protect|Impish||M|||50|
|inactive|Battle timer is ON: inactive players will automatically lose when time's up. (requested by Pom123123123)
|
|t:|1784521141
|teamsize|p1|4
|teamsize|p2|4
|start
|switch|p1a: Farigiraf|Farigiraf, L50, F, shiny|100/100
|switch|p1b: Blastoise|Blastoise, L50, F, shiny|100/100
|switch|p2a: Gengar|Gengar, L50, F|100/100
|switch|p2b: Vivillon|Vivillon, L50, M|100/100
|turn|1
|inactive|Pom123123123 has 30 seconds left.
|
|t:|1784521175
|detailschange|p2a: Gengar|Gengar-Mega, L50, F
|-mega|p2a: Gengar|Gengar|Gengarite
|detailschange|p1b: Blastoise|Blastoise-Mega, L50, F, shiny
|-mega|p1b: Blastoise|Blastoise|Blastoisinite
|move|p2b: Vivillon|Protect|p2b: Vivillon
|-singleturn|p2b: Vivillon|Protect
|move|p1b: Blastoise|Fake Out|p2b: Vivillon
|-activate|p2b: Vivillon|move: Protect
|move|p2a: Gengar|Perish Song|p2a: Gengar
|-start|p1a: Farigiraf|perish3|[silent]
|-start|p1b: Blastoise|perish3|[silent]
|-start|p2a: Gengar|perish3|[silent]
|-start|p2b: Vivillon|perish3|[silent]
|-fieldactivate|move: Perish Song
|move|p1a: Farigiraf|Trick Room|p1a: Farigiraf
|-fieldstart|move: Trick Room|[of] p1a: Farigiraf
|
|-start|p1a: Farigiraf|perish3
|-start|p1b: Blastoise|perish3
|-start|p2b: Vivillon|perish3
|-start|p2a: Gengar|perish3
|upkeep
|turn|2
|inactive|Pom123123123 has 30 seconds left.
|inactive|Pom123123123 has 20 seconds left.
|inactive|Pom123123123 has 15 seconds left.
|inactive|Pom123123123 has 10 seconds left.
|
|t:|1784521222
|move|p2a: Gengar|Protect|p2a: Gengar
|-singleturn|p2a: Gengar|Protect
|move|p1a: Farigiraf|Psychic|p2b: Vivillon
|-damage|p2b: Vivillon|28/100
|-unboost|p2b: Vivillon|spd|1
|move|p1b: Blastoise|Water Spout|p2a: Gengar|[spread] p2b
|-activate|p2a: Gengar|move: Protect
|-damage|p2b: Vivillon|0 fnt
|faint|p2b: Vivillon
|
|-start|p1a: Farigiraf|perish2
|-start|p1b: Blastoise|perish2
|-start|p2a: Gengar|perish2
|upkeep
|
|t:|1784521236
|switch|p2b: Incineroar|Incineroar, L50, M|100/100
|-ability|p2b: Incineroar|Intimidate|boost
|-unboost|p1a: Farigiraf|atk|1
|-unboost|p1b: Blastoise|atk|1
|turn|3
|
|t:|1784521251
|switch|p2a: Politoed|Politoed, L50, F|100/100
|-weather|RainDance|[from] ability: Drizzle|[of] p2a: Politoed
|move|p1a: Farigiraf|Imprison|p1a: Farigiraf
|-start|p1a: Farigiraf|move: Imprison
|move|p1b: Blastoise|Water Spout|p2b: Incineroar|[spread] p2a,p2b
|-resisted|p2a: Politoed|1
|-supereffective|p2b: Incineroar|1
|-enditem|p2b: Incineroar|Passho Berry|[eat]
|-enditem|p2b: Incineroar|Passho Berry|[weaken]
|-damage|p2a: Politoed|60/100
|-damage|p2b: Incineroar|16/100
|move|p2b: Incineroar|Parting Shot|p1b: Blastoise
|-unboost|p1b: Blastoise|atk|1
|-unboost|p1b: Blastoise|spa|1
|
|t:|1784521262
|switch|p2b: Gengar|Gengar-Mega, L50, F|100/100|[from] Parting Shot
|
|-weather|RainDance|[upkeep]
|-start|p1a: Farigiraf|perish1
|-start|p1b: Blastoise|perish1
|upkeep
|turn|4
|
|t:|1784521281
|switch|p2b: Incineroar|Incineroar, L50, M|16/100
|-ability|p2b: Incineroar|Intimidate|boost
|-unboost|p1a: Farigiraf|atk|1
|-unboost|p1b: Blastoise|atk|1
|move|p1a: Farigiraf|Psychic|p2b: Incineroar
|-immune|p2b: Incineroar
|move|p1b: Blastoise|Water Spout|p2b: Incineroar|[spread] p2a,p2b
|-resisted|p2a: Politoed|1
|-supereffective|p2b: Incineroar|1
|-damage|p2a: Politoed|35/100
|-damage|p2b: Incineroar|0 fnt
|-enditem|p2a: Politoed|Sitrus Berry|[eat]
|-heal|p2a: Politoed|60/100|[from] item: Sitrus Berry
|faint|p2b: Incineroar
|move|p2a: Politoed|Weather Ball|p1b: Blastoise
|-resisted|p1b: Blastoise|1
|-damage|p1b: Blastoise|81/100
|
|-weather|RainDance|[upkeep]
|-start|p1a: Farigiraf|perish0
|-start|p1b: Blastoise|perish0
|faint|p1a: Farigiraf
|faint|p1b: Blastoise
|upkeep
|
|t:|1784521288
|switch|p1a: Torkoal|Torkoal, L50, M, shiny|100/100
|switch|p1b: Sylveon|Sylveon, L50, M, shiny|100/100
|switch|p2b: Gengar|Gengar-Mega, L50, F|100/100
|-weather|SunnyDay|[from] ability: Drought|[of] p1a: Torkoal
|turn|5
|inactive|Pom123123123 has 30 seconds left.
|
|t:|1784521313
|move|p2a: Politoed|Protect|p2a: Politoed
|-singleturn|p2a: Politoed|Protect
|move|p2b: Gengar|Protect|p2b: Gengar
|-singleturn|p2b: Gengar|Protect
|move|p1a: Torkoal|Eruption|p2b: Gengar|[spread] 
|-activate|p2a: Politoed|move: Protect
|-activate|p2b: Gengar|move: Protect
|move|p1b: Sylveon|Calm Mind|p1b: Sylveon
|-boost|p1b: Sylveon|spa|1
|-boost|p1b: Sylveon|spd|1
|
|-weather|SunnyDay|[upkeep]
|-fieldend|move: Trick Room
|upkeep
|turn|6
|inactive|Pom123123123 has 30 seconds left.
|
|t:|1784521340
|move|p2b: Gengar|Sludge Bomb|p1a: Torkoal
|-damage|p1a: Torkoal|32/100
|move|p2a: Politoed|Hypnosis|p1b: Sylveon|[miss]
|-miss|p2a: Politoed|p1b: Sylveon
|move|p1b: Sylveon|Hyper Voice|p2a: Politoed|[spread] p2a,p2b
|-resisted|p2b: Gengar|1
|-damage|p2a: Politoed|5/100
|-damage|p2b: Gengar|63/100
|move|p1a: Torkoal|Weather Ball|p2b: Gengar
|-damage|p2b: Gengar|0 fnt
|faint|p2b: Gengar
|
|-weather|SunnyDay|[upkeep]
|upkeep
|turn|7
|
|t:|1784521354
|move|p2a: Politoed|Weather Ball|p1a: Torkoal
|-resisted|p1a: Torkoal|1
|-damage|p1a: Torkoal|10/100
|move|p1b: Sylveon|Hyper Voice|p2a: Politoed
|-damage|p2a: Politoed|0 fnt
|faint|p2a: Politoed
|
|win|ProfessorSorin
