|j|☆Vuultur
|j|☆elmono11
|html|Vuulturelmono11    
|uhtml|bestof|Game 2 of a best-of-3
|t:|1756763059
|gametype|doubles
|player|p1|Vuultur|hilbert-wonderlauncher|1310
|player|p2|elmono11|ghetsis|1321
|gen|9
|tier|[Gen 9] VGC 2025 Reg H (Bo3)
|rated|
|rule|Species Clause: Limit one of each Pokémon
|rule|Item Clause: Limit 1 of each item
|clearpoke
|poke|p1|Gholdengo, L50|
|poke|p1|Amoonguss, L50, M|
|poke|p1|Basculegion, L50, M|
|poke|p1|Pelipper, L50, M|
|poke|p1|Incineroar, L50, M|
|poke|p1|Archaludon, L50, M|
|poke|p2|Gholdengo, L50|
|poke|p2|Sneasler, L50, M|
|poke|p2|Rillaboom, L50, M|
|poke|p2|Dragonite, L50, M|
|poke|p2|Ninetales-Alola, L50, F|
|poke|p2|Arcanine-Hisui, L50, F|
|teampreview|4
|showteam|p1|Gholdengo||LifeOrb|GoodasGold|MakeItRain,ShadowBall,NastyPlot,Protect||||||50|,,,,,Water]Amoonguss||SitrusBerry|Regenerator|Spore,RagePowder,PollenPuff,ClearSmog|||M|||50|,,,,,Psychic]Basculegion||ChoiceBand|SwiftSwim|WaveCrash,FlipTurn,LastRespects,AquaJet|||M|||50|,,,,,Water]Pelipper||FocusSash|Drizzle|WeatherBall,Hurricane,Tailwind,Protect|||M|||50|,,,,,Ground]Incineroar||SafetyGoggles|Intimidate|FlareBlitz,KnockOff,PartingShot,FakeOut|||M|||50|,,,,,Ghost]Archaludon||AssaultVest|Stamina|ElectroShot,FlashCannon,DracoMeteor,BodyPress|||M|||50|,,,,,Bug
|showteam|p2|Gholdengo||GrassySeed|GoodasGold|NastyPlot,MakeItRain,ShadowBall,Protect||||||50|,,,,,Water]Sneasler||WhiteHerb|Unburden|CloseCombat,DireClaw,Coaching,Protect|||M|||50|,,,,,Ghost]Rillaboom||AssaultVest|GrassySurge|FakeOut,GrassyGlide,DrumBeating,HighHorsepower|||M|||50|,,,,,Fire]Dragonite||LoadedDice|Multiscale|ScaleShot,IceSpinner,Haze,Protect|||M|||50|,,,,,Steel]Ninetales-Alola||FocusSash|SnowWarning|Blizzard,IcyWind,Encore,AuroraVeil|||F|||50|,,,,,Ghost]Arcanine-Hisui||ClearAmulet|Intimidate|RockSlide,FlareBlitz,ExtremeSpeed,Protect|||F|||50|,,,,,Water
|inactive|Battle timer is ON: inactive players will automatically lose when time's up. (requested by Vuultur)
|inactive|elmono11 has 60 seconds left.
|
|t:|1756763141
|teamsize|p1|4
|teamsize|p2|4
|start
|switch|p1a: Incineroar|Incineroar, L50, M|100/100
|switch|p1b: Archaludon|Archaludon, L50, M|100/100
|switch|p2a: Gholdengo|Gholdengo, L50|100/100
|switch|p2b: Rillaboom|Rillaboom, L50, M|100/100
|-fieldstart|move: Grassy Terrain|[from] ability: Grassy Surge|[of] p2b: Rillaboom
|-enditem|p2a: Gholdengo|Grassy Seed
|-boost|p2a: Gholdengo|def|1|[from] item: Grassy Seed
|-ability|p1a: Incineroar|Intimidate|boost
|-unboost|p2a: Gholdengo|atk|1
|-unboost|p2b: Rillaboom|atk|1
|turn|1
|inactive|Vuultur has 30 seconds left.
|inactive|elmono11 has 30 seconds left.
|inactive|elmono11 has 20 seconds left.
|inactive|elmono11 has 15 seconds left.
|
|t:|1756763184
|switch|p2b: Sneasler|Sneasler, L50, M|100/100
|move|p2a: Gholdengo|Protect|p2a: Gholdengo
|-singleturn|p2a: Gholdengo|Protect
|move|p1b: Archaludon|Electro Shot||[still]
|-prepare|p1b: Archaludon|Electro Shot
|-boost|p1b: Archaludon|spa|1
|move|p1a: Incineroar|Parting Shot|p2a: Gholdengo
|-activate|p2a: Gholdengo|move: Protect
|
|upkeep
|turn|2
|
|t:|1756763206
|switch|p1a: Gholdengo|Gholdengo, L50|100/100
|move|p2b: Sneasler|Close Combat|p1b: Archaludon
|-supereffective|p1b: Archaludon
|-damage|p1b: Archaludon|5/100
|-unboost|p2b: Sneasler|def|1
|-unboost|p2b: Sneasler|spd|1
|-ability|p1b: Archaludon|Stamina|boost
|-boost|p1b: Archaludon|def|1
|-enditem|p2b: Sneasler|White Herb
|-clearnegativeboost|p2b: Sneasler|[silent]
|move|p2a: Gholdengo|Nasty Plot|p2a: Gholdengo
|-boost|p2a: Gholdengo|spa|2
|move|p1b: Archaludon|Electro Shot|p2a: Gholdengo|[from] lockedmove
|-damage|p2a: Gholdengo|35/100
|
|-heal|p2a: Gholdengo|41/100|[from] Grassy Terrain
|-heal|p1b: Archaludon|11/100|[from] Grassy Terrain
|upkeep
|turn|3
|inactive|Vuultur has 30 seconds left.
|
|t:|1756763232
|switch|p2b: Rillaboom|Rillaboom, L50, M|100/100
|move|p2a: Gholdengo|Protect|p2a: Gholdengo
|-singleturn|p2a: Gholdengo|Protect
|move|p1a: Gholdengo|Shadow Ball|p2a: Gholdengo
|-activate|p2a: Gholdengo|move: Protect
|move|p1b: Archaludon|Body Press|p2b: Rillaboom
|-damage|p2b: Rillaboom|62/100
|
|-heal|p2b: Rillaboom|68/100|[from] Grassy Terrain
|-heal|p2a: Gholdengo|47/100|[from] Grassy Terrain
|-heal|p1b: Archaludon|17/100|[from] Grassy Terrain
|upkeep
|turn|4
|inactive|elmono11 has 30 seconds left.
|inactive|elmono11 has 20 seconds left.
|inactive|elmono11 has 15 seconds left.
|inactive|elmono11 has 10 seconds left.
|
|t:|1756763281
|switch|p1b: Incineroar|Incineroar, L50, M|100/100
|-ability|p1b: Incineroar|Intimidate|boost
|-unboost|p2a: Gholdengo|atk|1
|-unboost|p2b: Rillaboom|atk|1
|move|p2b: Rillaboom|Drum Beating|p1a: Gholdengo
|-resisted|p1a: Gholdengo
|-damage|p1a: Gholdengo|82/100
|-unboost|p1a: Gholdengo|spe|1
|move|p2a: Gholdengo|Make It Rain|p1b: Incineroar|[spread] p1a,p1b
|-resisted|p1a: Gholdengo
|-resisted|p1b: Incineroar
|-crit|p1b: Incineroar
|-damage|p1a: Gholdengo|32/100
|-damage|p1b: Incineroar|44/100
|-unboost|p2a: Gholdengo|spa|1
|move|p1a: Gholdengo|Shadow Ball|p2a: Gholdengo
|-supereffective|p2a: Gholdengo
|-damage|p2a: Gholdengo|0 fnt
|faint|p2a: Gholdengo
|-damage|p1a: Gholdengo|22/100|[from] item: Life Orb
|
|-heal|p2b: Rillaboom|74/100|[from] Grassy Terrain
|-heal|p1a: Gholdengo|28/100|[from] Grassy Terrain
|-heal|p1b: Incineroar|50/100|[from] Grassy Terrain
|upkeep
|
|t:|1756763301
|switch|p2a: Sneasler|Sneasler, L50, M|100/100
|turn|5
|
|t:|1756763319
|-terastallize|p1b: Incineroar|Ghost
|move|p2a: Sneasler|Protect|p2a: Sneasler
|-singleturn|p2a: Sneasler|Protect
|move|p2b: Rillaboom|High Horsepower|p1a: Gholdengo
|-supereffective|p1a: Gholdengo
|-damage|p1a: Gholdengo|0 fnt
|faint|p1a: Gholdengo
|move|p1b: Incineroar|Flare Blitz|p2b: Rillaboom
|-supereffective|p2b: Rillaboom
|-damage|p2b: Rillaboom|0 fnt
|faint|p2b: Rillaboom
|-damage|p1b: Incineroar|27/100|[from] Recoil
|
|-heal|p1b: Incineroar|33/100|[from] Grassy Terrain
|-fieldend|move: Grassy Terrain
|upkeep
|
|t:|1756763336
|switch|p2b: Ninetales|Ninetales-Alola, L50, F|100/100
|switch|p1a: Archaludon|Archaludon, L50, M|17/100
|-weather|Snowscape|[from] ability: Snow Warning|[of] p2b: Ninetales
|turn|6
|inactive|Vuultur has 30 seconds left.
|
|t:|1756763367
|move|p2b: Ninetales|Blizzard|p1a: Archaludon|[spread] p1a,p1b
|-damage|p1a: Archaludon|0 fnt
|-damage|p1b: Incineroar|4/100
|faint|p1a: Archaludon
|move|p2a: Sneasler|Dire Claw|p1b: Incineroar
|-resisted|p1b: Incineroar
|-damage|p1b: Incineroar|0 fnt
|faint|p1b: Incineroar
|
|-weather|Snowscape|[upkeep]
|upkeep
|
|t:|1756763380
|switch|p1a: Pelipper|Pelipper, L50, M|100/100
|-weather|RainDance|[from] ability: Drizzle|[of] p1a: Pelipper
|turn|7
|
|t:|1756763389
|-terastallize|p2a: Sneasler|Ghost
|move|p2b: Ninetales|Blizzard|p1a: Pelipper
|-damage|p1a: Pelipper|23/100
|move|p2a: Sneasler|Dire Claw|p1a: Pelipper
|-damage|p1a: Pelipper|0 fnt
|faint|p1a: Pelipper
|
|win|elmono11
||elmono11 is ready for game 3.
||Vuultur is ready for game 3.
|uhtml|next|Next: Game 3 of 3
