|j|☆kerlinn
|html|TheLeojkerlinn    
|uhtml|bestof|Game 2 of a best-of-3
|t:|1783830544
|gametype|doubles
|player|p1|TheLeoj|266|
|player|p2|kerlinn|colress|
|gen|9
|tier|[Gen 9 Champions] VGC 2026 Reg M-B (Bo3)
|rule|Species Clause: Limit one of each Pokémon
|rule|Item Clause: Limit 1 of each item
|clearpoke
|poke|p1|Politoed, L50, F, shiny|
|poke|p1|Incineroar, L50, M, shiny|
|poke|p1|Gengar, L50, M, shiny|
|poke|p1|Archaludon, L50, M, shiny|
|poke|p1|Swampert, L50, M, shiny|
|poke|p1|Vivillon-Elegant, L50, F, shiny|
|poke|p2|Umbreon, L50, M|
|poke|p2|Meganium, L50, M|
|poke|p2|Palafin, L50, F|
|poke|p2|Politoed, L50, F|
|poke|p2|Aegislash, L50, M|
|poke|p2|Meowstic, L50, M|
|teampreview|4
|showteam|p1|Politoed||SitrusBerry|Drizzle|WeatherBall,Encore,PerishSong,Protect|Calm||F|||50|]Incineroar||PasshoBerry|Intimidate|ThroatChop,FakeOut,PartingShot,Protect|Sassy||M|||50|]Gengar||Gengarite|CursedBody|ShadowBall,SludgeBomb,PerishSong,Protect|Timid||M|||50|]Archaludon||Leftovers|Stamina|ElectroShot,FlashCannon,DragonPulse,Protect|Bold||M|||50|]Swampert||Swampertite|Torrent|WaveCrash,Earthquake,IcePunch,Protect|Adamant||M|||50|]Vivillon-Elegant||FocusSash|CompoundEyes|Hurricane,SleepPowder,RagePowder,Protect|Timid||F|||50|
|showteam|p2|Umbreon||Leftovers|InnerFocus|Taunt,Snarl,FoulPlay,Moonlight|Bold||M|||50|]Meganium||Meganiumite|Overgrow|Protect,WeatherBall,SolarBeam,DazzlingGleam|Modest||M|||50|]Palafin||ChoiceScarf|ZerotoHero|IcePunch,FlipTurn,JetPunch,WaveCrash|Adamant||F|||50|]Politoed||SitrusBerry|Drizzle|Protect,IcyWind,WeatherBall,EarthPower|Bold||F|||50|]Aegislash||SpellTag|StanceChange|KingsShield,ShadowSneak,Poltergeist,SacredSword|Brave||M|||50|]Meowstic||LightClay|Prankster|Reflect,LightScreen,ThunderWave,PsychicNoise|Bold||M|||50|
|j|☆TheLeoj
|player|p1|TheLeoj|266|
|inactive|Battle timer is ON: inactive players will automatically lose when time's up. (requested by TheLeoj)
|
|t:|1783830566
|teamsize|p1|4
|teamsize|p2|4
|start
|switch|p1a: Politoed|Politoed, L50, F, shiny|100/100
|switch|p1b: Swampert|Swampert, L50, M, shiny|100/100
|switch|p2a: Umbreon|Umbreon, L50, M|100/100
|switch|p2b: Palafin|Palafin, L50, F|100/100
|-weather|RainDance|[from] ability: Drizzle|[of] p1a: Politoed
|turn|1
|inactive|TheLeoj has 30 seconds left.
|inactive|kerlinn has 30 seconds left.
|inactive|TheLeoj has 20 seconds left.
|inactive|TheLeoj has 15 seconds left.
|
|t:|1783830607
|detailschange|p2b: Palafin|Palafin-Hero, L50, F
|switch|p2b: Meganium|Meganium, L50, M|100/100
|detailschange|p1b: Swampert|Swampert-Mega, L50, M, shiny
|-mega|p1b: Swampert|Swampert|Swampertite
|move|p1b: Swampert|Ice Punch|p2b: Meganium
|-supereffective|p2b: Meganium|1
|-damage|p2b: Meganium|43/100
|move|p1a: Politoed|Perish Song|p1a: Politoed
|-start|p1a: Politoed|perish3|[silent]
|-start|p1b: Swampert|perish3|[silent]
|-start|p2a: Umbreon|perish3|[silent]
|-start|p2b: Meganium|perish3|[silent]
|-fieldactivate|move: Perish Song
|move|p2a: Umbreon|Taunt|p1a: Politoed
|-start|p1a: Politoed|move: Taunt
|
|-weather|RainDance|[upkeep]
|-start|p1b: Swampert|perish3
|-start|p2b: Meganium|perish3
|-start|p1a: Politoed|perish3
|-start|p2a: Umbreon|perish3
|upkeep
|turn|2
|inactive|kerlinn has 30 seconds left.
|
|t:|1783830640
|switch|p2b: Palafin|Palafin-Hero, L50, F|100/100
|-activate|p2b: Palafin|ability: Zero to Hero
|switch|p1a: Vivillon|Vivillon-Elegant, L50, F, shiny|100/100
|move|p1b: Swampert|Protect|p1b: Swampert
|-singleturn|p1b: Swampert|Protect
|move|p2a: Umbreon|Foul Play|p1b: Swampert
|-activate|p1b: Swampert|move: Protect
|
|-weather|RainDance|[upkeep]
|-start|p1b: Swampert|perish2
|-start|p2a: Umbreon|perish2
|upkeep
|turn|3
|inactive|TheLeoj has 30 seconds left.
|
|t:|1783830671
|move|p1b: Swampert|Earthquake|p2b: Palafin|[spread] p2a,p2b
|-immune|p1a: Vivillon
|-damage|p2a: Umbreon|73/100
|-damage|p2b: Palafin|58/100
|move|p2b: Palafin|Ice Punch|p1a: Vivillon
|-supereffective|p1a: Vivillon|1
|-enditem|p1a: Vivillon|Focus Sash
|-damage|p1a: Vivillon|1/100
|move|p1a: Vivillon|Sleep Powder|p2b: Palafin
|-status|p2b: Palafin|slp|[from] move: Sleep Powder
|move|p2a: Umbreon|Foul Play|p1b: Swampert
|-damage|p1b: Swampert|57/100
|
|-weather|RainDance|[upkeep]
|-heal|p2a: Umbreon|79/100|[from] item: Leftovers
|-start|p1b: Swampert|perish1
|-start|p2a: Umbreon|perish1
|upkeep
|turn|4
|inactive|TheLeoj has 30 seconds left.
|inactive|kerlinn has 30 seconds left.
|
|t:|1783830698
|switch|p1b: Archaludon|Archaludon, L50, M, shiny|100/100
|switch|p2a: Meganium|Meganium, L50, M|43/100
|cant|p2b: Palafin|slp
|move|p1a: Vivillon|Sleep Powder|p2a: Meganium
|-immune|p2a: Meganium
|
|-weather|RainDance|[upkeep]
|upkeep
|turn|5
|
|t:|1783830716
|detailschange|p2a: Meganium|Meganium-Mega, L50, M
|-mega|p2a: Meganium|Meganium|Meganiumite
|move|p2a: Meganium|Protect|p2a: Meganium
|-singleturn|p2a: Meganium|Protect
|-curestatus|p2b: Palafin|slp|[msg]
|move|p2b: Palafin|Ice Punch|p1a: Vivillon
|-supereffective|p1a: Vivillon|1
|-damage|p1a: Vivillon|0 fnt
|faint|p1a: Vivillon
|move|p1b: Archaludon|Electro Shot||[still]
|-prepare|p1b: Archaludon|Electro Shot
|-boost|p1b: Archaludon|spa|1
|-anim|p1b: Archaludon|Electro Shot|p2b: Palafin
|-supereffective|p2b: Palafin|1
|-damage|p2b: Palafin|0 fnt
|faint|p2b: Palafin
|
|-weather|none
|upkeep
|
|t:|1783830734
|switch|p1a: Politoed|Politoed, L50, F, shiny|100/100
|switch|p2b: Umbreon|Umbreon, L50, M|79/100
|-weather|RainDance|[from] ability: Drizzle|[of] p1a: Politoed
|turn|6
|
|t:|1783830754
|move|p2a: Meganium|Solar Beam||[still]
|-prepare|p2a: Meganium|Solar Beam
|-activate|p2a: Meganium|ability: Mega Sol
|-anim|p2a: Meganium|Solar Beam|p1a: Politoed
|-supereffective|p1a: Politoed|1
|-damage|p1a: Politoed|0 fnt
|faint|p1a: Politoed
|move|p1b: Archaludon|Flash Cannon|p2a: Meganium
|-supereffective|p2a: Meganium|1
|-damage|p2a: Meganium|0 fnt
|faint|p2a: Meganium
|move|p2b: Umbreon|Snarl|p1b: Archaludon
|-damage|p1b: Archaludon|88/100
|-unboost|p1b: Archaludon|spa|1
|-ability|p1b: Archaludon|Stamina|boost
|-boost|p1b: Archaludon|def|1
|
|-weather|RainDance|[upkeep]
|-heal|p1b: Archaludon|94/100|[from] item: Leftovers
|-heal|p2b: Umbreon|85/100|[from] item: Leftovers
|upkeep
|
|t:|1783830773
|switch|p2a: Aegislash|Aegislash, L50, M|100/100
|switch|p1a: Swampert|Swampert-Mega, L50, M, shiny|57/100
|turn|7
|inactive|kerlinn has 30 seconds left.
|
|t:|1783830799
|move|p2a: Aegislash|King's Shield|p2a: Aegislash
|-singleturn|p2a: Aegislash|Protect
|move|p1a: Swampert|Earthquake|p2a: Aegislash|[spread] p1b,p2b
|-activate|p2a: Aegislash|move: Protect
|-supereffective|p1b: Archaludon|1
|-damage|p1b: Archaludon|60/100
|-damage|p2b: Umbreon|59/100
|-ability|p1b: Archaludon|Stamina|boost
|-boost|p1b: Archaludon|def|1
|move|p1b: Archaludon|Electro Shot||[still]
|-prepare|p1b: Archaludon|Electro Shot
|-boost|p1b: Archaludon|spa|1
|-anim|p1b: Archaludon|Electro Shot|p2b: Umbreon
|-damage|p2b: Umbreon|24/100
|move|p2b: Umbreon|Foul Play|p1a: Swampert
|-damage|p1a: Swampert|16/100
|
|-weather|RainDance|[upkeep]
|-heal|p1b: Archaludon|66/100|[from] item: Leftovers
|-heal|p2b: Umbreon|30/100|[from] item: Leftovers
|upkeep
|turn|8
|inactive|TheLeoj has 30 seconds left.
|inactive|kerlinn has 30 seconds left.
|inactive|kerlinn has 20 seconds left.
|
|t:|1783830837
|move|p1b: Archaludon|Protect|p1b: Archaludon
|-singleturn|p1b: Archaludon|Protect
|move|p1a: Swampert|Earthquake|p2a: Aegislash|[spread] p2a,p2b
|-activate|p1b: Archaludon|move: Protect
|-supereffective|p2a: Aegislash|1
|-damage|p2a: Aegislash|31/100
|-damage|p2b: Umbreon|4/100
|move|p2b: Umbreon|Foul Play|p1a: Swampert
|-damage|p1a: Swampert|0 fnt
|faint|p1a: Swampert
|-formechange|p2a: Aegislash|Aegislash-Blade|
|move|p2a: Aegislash|Sacred Sword|p1b: Archaludon
|-activate|p1b: Archaludon|move: Protect
|
|-weather|RainDance|[upkeep]
|-heal|p1b: Archaludon|72/100|[from] item: Leftovers
|-heal|p2b: Umbreon|10/100|[from] item: Leftovers
|upkeep
|turn|9
|inactive|TheLeoj has 30 seconds left.
|inactive|kerlinn has 30 seconds left.
|inactive|TheLeoj has 20 seconds left.
|
|t:|1783830876
|move|p1b: Archaludon|Electro Shot||[still]
|-prepare|p1b: Archaludon|Electro Shot
|-boost|p1b: Archaludon|spa|1
|-anim|p1b: Archaludon|Electro Shot|p2b: Umbreon
|-damage|p2b: Umbreon|0 fnt
|faint|p2b: Umbreon
|move|p2a: Aegislash|Sacred Sword|p1b: Archaludon
|-supereffective|p1b: Archaludon|1
|-damage|p1b: Archaludon|22/100
|-ability|p1b: Archaludon|Stamina|boost
|-boost|p1b: Archaludon|def|1
|
|-weather|RainDance|[upkeep]
|-heal|p1b: Archaludon|28/100|[from] item: Leftovers
|upkeep
|turn|10
|
|t:|1783830890
|move|p1b: Archaludon|Protect|p1b: Archaludon
|-singleturn|p1b: Archaludon|Protect
|-formechange|p2a: Aegislash|Aegislash|
|move|p2a: Aegislash|King's Shield||[still]
|-fail|p2a: Aegislash
|
|-weather|none
|-heal|p1b: Archaludon|35/100|[from] item: Leftovers
|upkeep
|turn|11
|
|t:|1783830903
|move|p1b: Archaludon|Electro Shot||[still]
|-prepare|p1b: Archaludon|Electro Shot
|-boost|p1b: Archaludon|spa|1
|-formechange|p2a: Aegislash|Aegislash-Blade|
|move|p2a: Aegislash|Sacred Sword|p1b: Archaludon
|-supereffective|p1b: Archaludon|1
|-damage|p1b: Archaludon|0 fnt
|faint|p1b: Archaludon
|
|win|kerlinn
