|j|☆blizzardspamming
|j|☆basmati
|html|blizzardspammingbasmati    
|uhtml|bestof|Game 1 of a best-of-3
|t:|1784042497
|gametype|doubles
|player|p1|blizzardspamming|clair|1208
|player|p2|basmati|102|1079
|gen|9
|tier|[Gen 9 Champions] VGC 2026 Reg M-B (Bo3)
|rated|
|rule|Species Clause: Limit one of each Pokémon
|rule|Item Clause: Limit 1 of each item
|clearpoke
|poke|p1|Gengar, L50, M|
|poke|p1|Ninetales-Alola, L50, M|
|poke|p1|Incineroar, L50, M|
|poke|p1|Palafin, L50, M|
|poke|p1|Sneasler, L50, M|
|poke|p1|Hydreigon, L50, M|
|poke|p2|Grimmsnarl, L50, M, shiny|
|poke|p2|Charizard, L50, F|
|poke|p2|Gengar, L50, F, shiny|
|poke|p2|Volcarona, L50, M, shiny|
|poke|p2|Incineroar, L50, F|
|poke|p2|Toxapex, L50, F, shiny|
|teampreview|4
|showteam|p1|Gengar||Gengarite|CursedBody|ShadowBall,SludgeBomb,Disable,Protect|Modest||M|||50|]Ninetales-Alola||OccaBerry|SnowWarning|Blizzard,FreezeDry,Encore,Protect|Timid||M|||50|]Incineroar||SitrusBerry|Intimidate|FakeOut,FlareBlitz,DarkestLariat,PartingShot|Sassy||M|||50|]Palafin||MysticWater|ZerotoHero|JetPunch,WaveCrash,CloseCombat,Protect|Careful||M|||50|]Sneasler||FocusSash|PoisonTouch|FakeOut,CloseCombat,DireClaw,QuickGuard|Jolly||M|||50|]Hydreigon||LifeOrb|Levitate|DracoMeteor,DarkPulse,EarthPower,Protect|Modest||M|||50|
|showteam|p2|Grimmsnarl||LightClay|Prankster|PartingShot,LightScreen,Reflect,FakeOut|Careful||M|||50|]Charizard||CharizarditeX|Blaze|DragonClaw,DragonDance,FlareBlitz,Protect|Adamant||F|||50|]Gengar||Gengarite|CursedBody|ShadowBall,Protect,SludgeBomb,DestinyBond|Timid||F|||50|]Volcarona||Leftovers|FlameBody|QuiverDance,StruggleBug,HeatWave,Protect|Bold||M|||50|]Incineroar||ChopleBerry|Intimidate|FakeOut,PartingShot,FlareBlitz,ThroatChop|Adamant||F|||50|]Toxapex||BrightPowder|Regenerator|Infestation,Toxic,BanefulBunker,WideGuard|Bold||F|||50|
|inactive|Battle timer is ON: inactive players will automatically lose when time's up. (requested by basmati)
|
|t:|1784042548
|teamsize|p1|4
|teamsize|p2|4
|start
|switch|p1a: Sneasler|Sneasler, L50, M|100/100
|switch|p1b: Hydreigon|Hydreigon, L50, M|100/100
|switch|p2a: Toxapex|Toxapex, L50, F, shiny|100/100
|switch|p2b: Grimmsnarl|Grimmsnarl, L50, M, shiny|100/100
|turn|1
|inactive|basmati has 30 seconds left.
|inactive|basmati has 20 seconds left.
|inactive|basmati has 15 seconds left.
|
|t:|1784042590
|move|p2a: Toxapex|Baneful Bunker|p2a: Toxapex
|-singleturn|p2a: Toxapex|move: Protect
|move|p1a: Sneasler|Fake Out|p2b: Grimmsnarl
|-damage|p2b: Grimmsnarl|83/100
|cant|p2b: Grimmsnarl|flinch
|move|p1b: Hydreigon|Earth Power|p2b: Grimmsnarl
|-damage|p2b: Grimmsnarl|52/100
|-damage|p1b: Hydreigon|90/100|[from] item: Life Orb
|
|upkeep
|turn|2
|
|t:|1784042610
|move|p2b: Grimmsnarl|Light Screen|p2b: Grimmsnarl
|-sidestart|p2: basmati|move: Light Screen
|move|p1a: Sneasler|Dire Claw|p2b: Grimmsnarl
|-supereffective|p2b: Grimmsnarl|1
|-crit|p2b: Grimmsnarl
|-damage|p2b: Grimmsnarl|0 fnt
|faint|p2b: Grimmsnarl
|move|p1b: Hydreigon|Earth Power|p2a: Toxapex
|-supereffective|p2a: Toxapex|1
|-damage|p2a: Toxapex|51/100
|-damage|p1b: Hydreigon|80/100|[from] item: Life Orb
|move|p2a: Toxapex|Infestation|p1b: Hydreigon
|-supereffective|p1b: Hydreigon|1
|-damage|p1b: Hydreigon|73/100
|-activate|p1b: Hydreigon|move: Infestation|[of] p2a: Toxapex
|
|-damage|p1b: Hydreigon|61/100|[from] move: Infestation|[partiallytrapped]
|upkeep
|
|t:|1784042629
|switch|p2b: Gengar|Gengar, L50, F, shiny|100/100
|turn|3
|
|t:|1784042638
|switch|p1a: Incineroar|Incineroar, L50, M|100/100
|-ability|p1a: Incineroar|Intimidate|boost
|-unboost|p2a: Toxapex|atk|1
|-unboost|p2b: Gengar|atk|1
|detailschange|p2b: Gengar|Gengar-Mega, L50, F, shiny
|-mega|p2b: Gengar|Gengar|Gengarite
|move|p2b: Gengar|Sludge Bomb|p1b: Hydreigon
|-damage|p1b: Hydreigon|0 fnt
|faint|p1b: Hydreigon
|move|p2a: Toxapex|Infestation|p1a: Incineroar
|-damage|p1a: Incineroar|97/100
|-activate|p1a: Incineroar|move: Infestation|[of] p2a: Toxapex
|
|-damage|p1a: Incineroar|85/100|[from] move: Infestation|[partiallytrapped]
|upkeep
|
|t:|1784042650
|switch|p1b: Gengar|Gengar, L50, M|100/100
|turn|4
|
|t:|1784042669
|detailschange|p1b: Gengar|Gengar-Mega, L50, M
|-mega|p1b: Gengar|Gengar|Gengarite
|move|p2b: Gengar|Shadow Ball|p1b: Gengar
|-supereffective|p1b: Gengar|1
|-damage|p1b: Gengar|0 fnt
|faint|p1b: Gengar
|move|p1a: Incineroar|Darkest Lariat|p2b: Gengar
|-supereffective|p2b: Gengar|1
|-damage|p2b: Gengar|0 fnt
|faint|p2b: Gengar
|move|p2a: Toxapex|Toxic|p1a: Incineroar
|-status|p1a: Incineroar|tox
|
|-damage|p1a: Incineroar|79/100 tox|[from] psn
|-damage|p1a: Incineroar|66/100 tox|[from] move: Infestation|[partiallytrapped]
|upkeep
|
|t:|1784042682
|switch|p2b: Volcarona|Volcarona, L50, M, shiny|100/100
|switch|p1b: Sneasler|Sneasler, L50, M|100/100
|turn|5
|
|t:|1784042695
|move|p1b: Sneasler|Dire Claw|p2b: Volcarona
|-damage|p2b: Volcarona|50/100y
|move|p2b: Volcarona|Heat Wave|p1a: Incineroar|[spread] p1a,p1b
|-resisted|p1a: Incineroar|1
|-damage|p1a: Incineroar|51/100 tox
|-damage|p1b: Sneasler|51/100
|move|p1a: Incineroar|Flare Blitz|p2b: Volcarona
|-damage|p2b: Volcarona|0 fnt
|faint|p2b: Volcarona
|-damage|p1a: Incineroar|36/100 tox|[from] Recoil
|-enditem|p1a: Incineroar|Sitrus Berry|[eat]
|-heal|p1a: Incineroar|61/100 tox|[from] item: Sitrus Berry
|move|p2a: Toxapex|Infestation|p1b: Sneasler
|-resisted|p1b: Sneasler|2
|-damage|p1b: Sneasler|50/100g
|-activate|p1b: Sneasler|move: Infestation|[of] p2a: Toxapex
|
|-damage|p1a: Incineroar|49/100 tox|[from] psn
|-damage|p1b: Sneasler|38/100|[from] move: Infestation|[partiallytrapped]
|-damage|p1a: Incineroar|37/100 tox|[from] move: Infestation|[partiallytrapped]
|upkeep
|turn|6
|
|t:|1784042714
|move|p2a: Toxapex|Baneful Bunker|p2a: Toxapex
|-singleturn|p2a: Toxapex|move: Protect
|move|p1b: Sneasler|Dire Claw|p2a: Toxapex
|-activate|p2a: Toxapex|move: Protect
|move|p1a: Incineroar|Darkest Lariat|p2a: Toxapex
|-activate|p2a: Toxapex|move: Protect
|
|-damage|p1a: Incineroar|19/100 tox|[from] psn
|-damage|p1b: Sneasler|26/100|[from] move: Infestation|[partiallytrapped]
|-damage|p1a: Incineroar|6/100 tox|[from] move: Infestation|[partiallytrapped]
|upkeep
|turn|7
|
|t:|1784042720
|move|p2a: Toxapex|Baneful Bunker||[still]
|-fail|p2a: Toxapex
|move|p1b: Sneasler|Dire Claw|p2a: Toxapex
|-resisted|p2a: Toxapex|1
|-damage|p2a: Toxapex|38/100
|move|p1a: Incineroar|Darkest Lariat|p2a: Toxapex
|-damage|p2a: Toxapex|18/100
|
|-damage|p1a: Incineroar|0 fnt|[from] psn
|faint|p1a: Incineroar
|-damage|p1b: Sneasler|14/100|[from] move: Infestation|[partiallytrapped]
|upkeep
|turn|8
|
|t:|1784042731
|move|p2a: Toxapex|Baneful Bunker|p2a: Toxapex
|-singleturn|p2a: Toxapex|move: Protect
|move|p1b: Sneasler|Close Combat|p2a: Toxapex
|-activate|p2a: Toxapex|move: Protect
|
|-damage|p1b: Sneasler|2/100|[from] move: Infestation|[partiallytrapped]
|upkeep
|turn|9
|
|t:|1784042734
|move|p2a: Toxapex|Baneful Bunker||[still]
|-fail|p2a: Toxapex
|move|p1b: Sneasler|Close Combat|p2a: Toxapex
|-resisted|p2a: Toxapex|1
|-damage|p2a: Toxapex|0 fnt
|-unboost|p1b: Sneasler|def|1
|-unboost|p1b: Sneasler|spd|1
|faint|p2a: Toxapex
|
|win|blizzardspamming
|l|☆basmati
|player|p2|
||basmati is ready for game 2.
||blizzardspamming is ready for game 2.
|uhtml|next|Next: Game 2 of 3
