|j|☆marcosdeltasena31
|j|☆nbadrose2
|html|marcosdeltasena31nbadrose2    
|uhtml|bestof|Game 1 of a best-of-3
|t:|1757801114
|gametype|doubles
|player|p1|marcosdeltasena31|hilbert|1360
|player|p2|nbadrose2|bea|1414
|gen|9
|tier|[Gen 9] VGC 2025 Reg H (Bo3)
|rated|
|rule|Species Clause: Limit one of each Pokémon
|rule|Item Clause: Limit 1 of each item
|clearpoke
|poke|p1|Dragonite, L50, F|
|poke|p1|Sneasler, L50, F|
|poke|p1|Volcarona, L50, F|
|poke|p1|Rillaboom, L50, M|
|poke|p1|Kingambit, L50, F|
|poke|p1|Electabuzz, L50, F|
|poke|p2|Gholdengo, L50|
|poke|p2|Sneasler, L50, M|
|poke|p2|Dragonite, L50, F|
|poke|p2|Porygon2, L50|
|poke|p2|Ursaluna, L50, F|
|poke|p2|Amoonguss, L50, M|
|teampreview|4
|showteam|p1|Dragonite||LoadedDice|Multiscale|ScaleShot,ExtremeSpeed,Haze,Protect|||F|||50|,,,,,Fairy]Sneasler||FocusSash|PoisonTouch|DireClaw,CloseCombat,FakeOut,Coaching|||F|||50|,,,,,Ghost]Volcarona||CovertCloak|FlameBody|HeatWave,TeraBlast,QuiverDance,Protect|||F|||50|,,,,,Fairy]Rillaboom||AssaultVest|GrassySurge|WoodHammer,FakeOut,GrassyGlide,HighHorsepower|||M|||50|,,,,,Fire]Kingambit||BlackGlasses|Defiant|KowtowCleave,SwordsDance,SuckerPunch,Protect|||F|||50|,,,,,Dark]Electabuzz||Eviolite|VitalSpirit|Thunderbolt,FollowMe,Taunt,Protect|||F|||50|,,,,,Ghost
|showteam|p2|Gholdengo||LifeOrb|GoodasGold|MakeItRain,ShadowBall,NastyPlot,Protect||||||50|,,,,,Water]Sneasler||FocusSash|Unburden|CloseCombat,DireClaw,Coaching,Protect|||M|||50|,,,,,Flying]Dragonite||LoadedDice|Multiscale|ScaleShot,Tailwind,ExtremeSpeed,Protect|||F|||50|,,,,,Fairy]Porygon2||Eviolite|Download|IceBeam,TeraBlast,TrickRoom,Recover||||||50|,,,,,Flying]Ursaluna||FlameOrb|Guts|Facade,Earthquake,HeadlongRush,Protect|||F|||50|,,,,,Ghost]Amoonguss||SitrusBerry|Regenerator|Spore,RagePowder,PollenPuff,Protect|||M|||50|,,,,,Water
|inactive|Battle timer is ON: inactive players will automatically lose when time's up. (requested by nbadrose2)
|inactive|marcosdeltasena31 has 60 seconds left.
|inactive|nbadrose2 has 60 seconds left.
|inactive|nbadrose2 has 30 seconds left.
|inactive|nbadrose2 has 20 seconds left.
|
|t:|1757801189
|teamsize|p1|4
|teamsize|p2|4
|start
|switch|p1a: Kingambit|Kingambit, L50, F|100/100
|switch|p1b: Electabuzz|Electabuzz, L50, F|100/100
|switch|p2a: Porygon2|Porygon2, L50|100/100
|switch|p2b: Amoonguss|Amoonguss, L50, M, shiny|100/100
|-ability|p2a: Porygon2|Download|boost
|-boost|p2a: Porygon2|spa|1
|turn|1
|
|t:|1757801203
|switch|p2b: Ursaluna|Ursaluna, L50, F|100/100
|move|p1b: Electabuzz|Taunt|p2b: Ursaluna
|-start|p2b: Ursaluna|move: Taunt
|move|p2a: Porygon2|Tera Blast|p1b: Electabuzz
|-damage|p1b: Electabuzz|60/100
|move|p1a: Kingambit|Swords Dance|p1a: Kingambit
|-boost|p1a: Kingambit|atk|2
|
|-status|p2b: Ursaluna|brn|[from] item: Flame Orb
|upkeep
|turn|2
|inactive|nbadrose2 has 30 seconds left.
|
|t:|1757801229
|-terastallize|p2a: Porygon2|Flying
|-terastallize|p1a: Kingambit|Dark
|move|p1a: Kingambit|Sucker Punch|p2b: Ursaluna
|-damage|p2b: Ursaluna|3/100 brn
|move|p1b: Electabuzz|Taunt|p2a: Porygon2
|-start|p2a: Porygon2|move: Taunt
|move|p2b: Ursaluna|Earthquake|p1b: Electabuzz|[spread] p1a,p1b
|-immune|p2a: Porygon2
|-supereffective|p1b: Electabuzz
|-damage|p1a: Kingambit|57/100
|-damage|p1b: Electabuzz|0 fnt
|faint|p1b: Electabuzz
|move|p2a: Porygon2|Tera Blast|p1a: Kingambit|[anim] Tera Blast Flying
|-damage|p1a: Kingambit|7/100
|
|-damage|p2b: Ursaluna|0 fnt|[from] brn
|faint|p2b: Ursaluna
|upkeep
|
|t:|1757801252
|switch|p1b: Rillaboom|Rillaboom, L50, M|100/100
|switch|p2b: Amoonguss|Amoonguss, L50, M, shiny|100/100
|-fieldstart|move: Grassy Terrain|[from] ability: Grassy Surge|[of] p1b: Rillaboom
|turn|3
|
|t:|1757801262
|move|p2b: Amoonguss|Protect|p2b: Amoonguss
|-singleturn|p2b: Amoonguss|Protect
|move|p1b: Rillaboom|Fake Out|p2a: Porygon2
|-damage|p2a: Porygon2|92/100
|cant|p2a: Porygon2|flinch
|move|p1a: Kingambit|Kowtow Cleave|p2b: Amoonguss
|-activate|p2b: Amoonguss|move: Protect
|
|-heal|p1a: Kingambit|13/100|[from] Grassy Terrain
|upkeep
|turn|4
|
|t:|1757801272
|switch|p1b: Volcarona|Volcarona, L50, F|100/100
|move|p2b: Amoonguss|Rage Powder|p2b: Amoonguss
|-singleturn|p2b: Amoonguss|move: Rage Powder
|move|p1a: Kingambit|Sucker Punch||[still]
|-fail|p1a: Kingambit
|move|p2a: Porygon2|Tera Blast|p1a: Kingambit|[anim] Tera Blast Flying
|-damage|p1a: Kingambit|0 fnt
|faint|p1a: Kingambit
|
|-end|p2a: Porygon2|move: Taunt
|upkeep
|
|t:|1757801277
|switch|p1a: Rillaboom|Rillaboom, L50, M|100/100
|turn|5
|
|t:|1757801286
|move|p1a: Rillaboom|Fake Out|p2b: Amoonguss
|-damage|p2b: Amoonguss|90/100
|move|p1b: Volcarona|Heat Wave|p2a: Porygon2|[spread] p2a,p2b
|-supereffective|p2b: Amoonguss
|-damage|p2a: Porygon2|72/100
|-damage|p2b: Amoonguss|30/100
|-enditem|p2b: Amoonguss|Sitrus Berry|[eat]
|-heal|p2b: Amoonguss|55/100|[from] item: Sitrus Berry
|move|p2a: Porygon2|Tera Blast|p1b: Volcarona|[anim] Tera Blast Flying
|-supereffective|p1b: Volcarona
|-damage|p1b: Volcarona|0 fnt
|faint|p1b: Volcarona
|cant|p2b: Amoonguss|flinch
|
|-heal|p2b: Amoonguss|61/100|[from] Grassy Terrain
|upkeep
|turn|6
|
|t:|1757801295
|move|p1a: Rillaboom|Wood Hammer|p2a: Porygon2
|-resisted|p2a: Porygon2
|-crit|p2a: Porygon2
|-damage|p2a: Porygon2|32/100
|-damage|p1a: Rillaboom|88/100|[from] Recoil
|move|p2a: Porygon2|Tera Blast|p1a: Rillaboom|[anim] Tera Blast Flying
|-supereffective|p1a: Rillaboom
|-damage|p1a: Rillaboom|10/100
|move|p2b: Amoonguss|Pollen Puff|p1a: Rillaboom
|-supereffective|p1a: Rillaboom
|-damage|p1a: Rillaboom|0 fnt
|faint|p1a: Rillaboom
|
|win|nbadrose2
||nbadrose2 is ready for game 2.
