|j|☆chuthvgc
|j|☆redjaguar
|html|chuthvgcredjaguar    
|uhtml|bestof|Game 2 of a best-of-3
|t:|1784912051
|gametype|doubles
|player|p1|chuthvgc|265|1021
|player|p2|redjaguar|gambler|1078
|gen|9
|tier|[Gen 9 Champions] VGC 2026 Reg M-B (Bo3)
|rated|
|rule|Species Clause: Limit one of each Pokémon
|rule|Item Clause: Limit 1 of each item
|clearpoke
|poke|p1|Gengar, L50, M|
|poke|p1|Snorlax, L50, M|
|poke|p1|Incineroar, L50, M|
|poke|p1|Kingambit, L50, F|
|poke|p1|Sneasler, L50, F|
|poke|p1|Ninetales-Alola, L50, M|
|poke|p2|Dragonite, L50, M|
|poke|p2|Gardevoir, L50, F|
|poke|p2|Raichu, L50, M|
|poke|p2|Kingambit, L50, F|
|poke|p2|Incineroar, L50, F|
|poke|p2|Empoleon, L50, M|
|teampreview|4
|showteam|p1|Gengar||Gengarite|CursedBody|ShadowBall,PerishSong,Protect,Disable|Modest||M|||50|]Snorlax||Leftovers|ThickFat|Yawn,Fissure,Encore,Protect|Relaxed||M|||50|]Incineroar||SitrusBerry|Intimidate|FlareBlitz,Protect,PartingShot,FakeOut|Relaxed||M|||50|]Kingambit||BlackGlasses|Defiant|KowtowCleave,SuckerPunch,SwordsDance,Protect|Adamant||F|||50|]Sneasler||WhiteHerb|Unburden|CloseCombat,DireClaw,FakeOut,Protect|Adamant||F|||50|]Ninetales-Alola||FocusSash|SnowWarning|Blizzard,Encore,FreezeDry,Protect|Timid||M|||50|
|showteam|p2|Dragonite||ExpertBelt|Multiscale|IceSpinner,StompingTantrum,ExtremeSpeed,Protect|Adamant||M|||50|]Gardevoir||Gardevoirite|Trace|HyperVoice,MysticalFire,Protect,Psychic|Timid||F|||50|]Raichu||SitrusBerry|LightningRod|FakeOut,HelpingHand,Nuzzle,Encore|Timid||M|||50|]Kingambit||BlackGlasses|SupremeOverlord|KowtowCleave,SuckerPunch,Protect,IronHead|Adamant||F|||50|]Incineroar||WhiteHerb|Intimidate|FakeOut,FlareBlitz,PartingShot,Taunt|Impish||F|||50|]Empoleon||Leftovers|Competitive|IcyWind,Protect,FlashCannon,HydroCannon|Modest||M|||50|
|inactive|Battle timer is ON: inactive players will automatically lose when time's up. (requested by chuthvgc)
|inactive|redjaguar has 60 seconds left.
|
|t:|1784912099
|teamsize|p1|4
|teamsize|p2|4
|start
|switch|p1a: Gengar|Gengar, L50, M|100/100
|switch|p1b: Sneasler|Sneasler, L50, F|100/100
|switch|p2a: Raichu|Raichu, L50, M|100/100
|switch|p2b: Dragonite|Dragonite, L50, M|100/100
|turn|1
|inactive|redjaguar has 30 seconds left.
|
|t:|1784912129
|detailschange|p1a: Gengar|Gengar-Mega, L50, M
|-mega|p1a: Gengar|Gengar|Gengarite
|move|p2a: Raichu|Fake Out|p1b: Sneasler
|-damage|p1b: Sneasler|85/100
|cant|p1b: Sneasler|flinch
|move|p1a: Gengar|Perish Song|p1a: Gengar
|-start|p1a: Gengar|perish3|[silent]
|-start|p1b: Sneasler|perish3|[silent]
|-start|p2a: Raichu|perish3|[silent]
|-start|p2b: Dragonite|perish3|[silent]
|-fieldactivate|move: Perish Song
|move|p2b: Dragonite|Stomping Tantrum|p1a: Gengar
|-supereffective|p1a: Gengar|1
|-damage|p1a: Gengar|32/100
|
|-start|p2a: Raichu|perish3
|-start|p1b: Sneasler|perish3
|-start|p1a: Gengar|perish3
|-start|p2b: Dragonite|perish3
|upkeep
|turn|2
|inactive|redjaguar has 30 seconds left.
|inactive|redjaguar has 20 seconds left.
|inactive|redjaguar has 15 seconds left.
|
|t:|1784912171
|move|p1b: Sneasler|Protect|p1b: Sneasler
|-singleturn|p1b: Sneasler|Protect
|move|p1a: Gengar|Protect|p1a: Gengar
|-singleturn|p1a: Gengar|Protect
|move|p2a: Raichu|Nuzzle|p1b: Sneasler
|-activate|p1b: Sneasler|move: Protect
|move|p2b: Dragonite|Stomping Tantrum|p1a: Gengar
|-activate|p1a: Gengar|move: Protect
|
|-start|p2a: Raichu|perish2
|-start|p1b: Sneasler|perish2
|-start|p1a: Gengar|perish2
|-start|p2b: Dragonite|perish2
|upkeep
|turn|3
|inactive|chuthvgc has 30 seconds left.
|
|t:|1784912199
|switch|p1b: Snorlax|Snorlax, L50, M|100/100
|move|p2a: Raichu|Nuzzle|p1a: Gengar
|-damage|p1a: Gengar|25/100
|-status|p1a: Gengar|par
|move|p2b: Dragonite|Stomping Tantrum|p1a: Gengar
|-supereffective|p1a: Gengar|1
|-damage|p1a: Gengar|0 fnt
|faint|p1a: Gengar
|
|-start|p2a: Raichu|perish1
|-start|p2b: Dragonite|perish1
|upkeep
|
|t:|1784912218
|switch|p1a: Sneasler|Sneasler, L50, F|85/100
|turn|4
|inactive|redjaguar has 30 seconds left.
|
|t:|1784912244
|switch|p2b: Gardevoir|Gardevoir, L50, F|100/100
|-ability|p2b: Gardevoir|Unburden|Trace|[from] ability: Trace|[of] p1a: Sneasler
|move|p2a: Raichu|Nuzzle|p1a: Sneasler
|-damage|p1a: Sneasler|75/100
|-status|p1a: Sneasler|par
|move|p1a: Sneasler|Dire Claw|p2b: Gardevoir
|-supereffective|p2b: Gardevoir|1
|-damage|p2b: Gardevoir|0 fnt
|faint|p2b: Gardevoir
|move|p1b: Snorlax|Yawn|p2a: Raichu
|-start|p2a: Raichu|move: Yawn|[of] p1b: Snorlax
|
|-start|p2a: Raichu|perish0
|faint|p2a: Raichu
|upkeep
|
|t:|1784912260
|switch|p2a: Incineroar|Incineroar, L50, F|100/100
|switch|p2b: Dragonite|Dragonite, L50, M|100/100
|-ability|p2a: Incineroar|Intimidate|boost
|-unboost|p1a: Sneasler|atk|1
|-unboost|p1b: Snorlax|atk|1
|-enditem|p1a: Sneasler|White Herb
|-clearnegativeboost|p1a: Sneasler|[silent]
|turn|5
|inactive|chuthvgc has 30 seconds left.
|inactive|chuthvgc has 20 seconds left.
|
|t:|1784912297
|move|p2a: Incineroar|Fake Out|p1a: Sneasler
|-damage|p1a: Sneasler|56/100 par
|cant|p1a: Sneasler|flinch
|move|p2b: Dragonite|Stomping Tantrum|p1a: Sneasler
|-supereffective|p1a: Sneasler|1
|-damage|p1a: Sneasler|0 fnt
|faint|p1a: Sneasler
|move|p1b: Snorlax|Yawn|p2a: Incineroar
|-start|p2a: Incineroar|move: Yawn|[of] p1b: Snorlax
|
|upkeep
|
|t:|1784912308
|switch|p1a: Ninetales|Ninetales-Alola, L50, M|100/100
|-weather|Snowscape|[from] ability: Snow Warning|[of] p1a: Ninetales
|turn|6
|
|t:|1784912332
|move|p2b: Dragonite|Extreme Speed|p1a: Ninetales
|-damage|p1a: Ninetales|68/100
|move|p1a: Ninetales|Encore|p2a: Incineroar
|-start|p2a: Incineroar|Encore
|move|p2a: Incineroar|Fake Out||[still]
|-hint|Fake Out only works on your first turn out.
|-fail|p2a: Incineroar
|move|p1b: Snorlax|Yawn|p2b: Dragonite
|-start|p2b: Dragonite|move: Yawn|[of] p1b: Snorlax
|
|-weather|Snowscape|[upkeep]
|-end|p2a: Incineroar|move: Yawn|[silent]
|-status|p2a: Incineroar|slp
|upkeep
|turn|7
|
|t:|1784912349
|move|p2b: Dragonite|Extreme Speed|p1a: Ninetales
|-damage|p1a: Ninetales|38/100
|move|p1a: Ninetales|Blizzard|p2b: Dragonite|[spread] p2a,p2b
|-resisted|p2a: Incineroar|1
|-supereffective|p2b: Dragonite|2
|-damage|p2a: Incineroar|85/100 slp
|-damage|p2b: Dragonite|38/100
|cant|p2a: Incineroar|slp
|move|p1b: Snorlax|Fissure|p2a: Incineroar
|-damage|p2a: Incineroar|0 fnt
|faint|p2a: Incineroar
|-ohko
|
|-weather|Snowscape|[upkeep]
|-end|p2b: Dragonite|move: Yawn|[silent]
|-status|p2b: Dragonite|slp
|upkeep
|turn|8
|
|t:|1784912369
|cant|p2b: Dragonite|slp
|move|p1a: Ninetales|Blizzard|p2b: Dragonite
|-supereffective|p2b: Dragonite|2
|-damage|p2b: Dragonite|0 fnt
|faint|p2b: Dragonite
|
|win|chuthvgc
|raw|chuthvgc's rating: 1021 → 1064(+43 for winning)
|raw|redjaguar's rating: 1078 → 1053(-25 for losing)
|l|☆chuthvgc
|player|p1|
