|j|☆Rat Rizzo
|j|☆bobovile
|html|Rat Rizzobobovile    
|uhtml|bestof|Game 3 of a best-of-3
|t:|1757024981
|gametype|doubles
|player|p1|Rat Rizzo|2|1082
|player|p2|bobovile|ruinmaniac|1089
|gen|9
|tier|[Gen 9] VGC 2025 Reg H (Bo3)
|rated|
|rule|Species Clause: Limit one of each Pokémon
|rule|Item Clause: Limit 1 of each item
|clearpoke
|poke|p1|Garchomp, L50, F|
|poke|p1|Jumpluff, L50, M|
|poke|p1|Torkoal, L50, M|
|poke|p1|Dragonite, L50, F|
|poke|p1|Kingambit, L50, M|
|poke|p1|Typhlosion-Hisui, L50, F|
|poke|p2|Mandibuzz, L50, F|
|poke|p2|Baxcalibur, L50, M|
|poke|p2|Ursaluna-Bloodmoon, L50, M|
|poke|p2|Gyarados, L50, M|
|poke|p2|Tsareena, L50, F|
|poke|p2|Electabuzz, L50, F|
|teampreview|4
|showteam|p1|Garchomp||LifeOrb|RoughSkin|DragonClaw,StompingTantrum,Earthquake,Protect|||F|||50|,,,,,Fire]Jumpluff||CovertCloak|Chlorophyll|LeafStorm,SleepPowder,Encore,Tailwind|||M|||50|,,,,,Poison]Torkoal||EjectPack|Drought|Overheat,BurningJealousy,HelpingHand,Protect|||M|||50|,,,,,Flying]Dragonite||LoadedDice|Multiscale|ScaleShot,ExtremeSpeed,IceSpinner,Protect|||F|||50|,,,,,Fairy]Kingambit||AssaultVest|Defiant|IronHead,SuckerPunch,KowtowCleave,LowKick|||M|||50|,,,,,Flying]Typhlosion-Hisui||ChoiceScarf|Blaze|Eruption,ShadowBall,HeatWave,Overheat|||F|||50|,,,,,Fire
|showteam|p2|Mandibuzz||CovertCloak|Overcoat|Protect,FoulPlay,Tailwind,Taunt|||F|||50|,,,,,Water]Baxcalibur||LoadedDice|ThermalExchange|IcicleSpear,ScaleShot,Protect,SwordsDance|||M|||50|,,,,,Water]Ursaluna-Bloodmoon||LifeOrb|MindsEye|HyperVoice,BloodMoon,Protect,EarthPower|||M|||50|,,,,,Normal]Gyarados||ClearAmulet|Intimidate|Protect,DragonDance,Waterfall,TeraBlast|||M|||50|,,,,,Flying]Tsareena||WideLens|QueenlyMajesty|Protect,PowerWhip,TripleAxel,HighJumpKick|||F|||50|,,,,,Fire]Electabuzz||Eviolite|VitalSpirit|FollowMe,Protect,Taunt,Electroweb|||F|||50|,,,,,Ghost
|inactive|Battle timer is ON: inactive players will automatically lose when time's up. (requested by Rat Rizzo)
|inactive|bobovile has 60 seconds left.
|
|t:|1757025028
|teamsize|p1|4
|teamsize|p2|4
|start
|switch|p1a: Torkoal|Torkoal, L50, M|100/100
|switch|p1b: Typhlosion|Typhlosion-Hisui, L50, F|100/100
|switch|p2a: Mandibuzz|Mandibuzz, L50, F|100/100
|switch|p2b: Ursaluna|Ursaluna-Bloodmoon, L50, M|100/100
|-weather|SunnyDay|[from] ability: Drought|[of] p1a: Torkoal
|turn|1
|
|t:|1757025041
|-terastallize|p1b: Typhlosion|Fire
|-terastallize|p2a: Mandibuzz|Water
|move|p1a: Torkoal|Helping Hand|p1b: Typhlosion
|-singleturn|p1b: Typhlosion|Helping Hand|[of] p1a: Torkoal
|move|p2b: Ursaluna|Protect|p2b: Ursaluna
|-singleturn|p2b: Ursaluna|Protect
|move|p1b: Typhlosion|Eruption|p2b: Ursaluna|[spread] p2a
|-activate|p2b: Ursaluna|move: Protect
|-resisted|p2a: Mandibuzz
|-damage|p2a: Mandibuzz|47/100
|move|p2a: Mandibuzz|Tailwind|p2a: Mandibuzz
|-sidestart|p2: bobovile|move: Tailwind
|
|-weather|SunnyDay|[upkeep]
|upkeep
|turn|2
|inactive|bobovile has 30 seconds left.
|inactive|bobovile has 20 seconds left.
|
|t:|1757025080
|move|p1a: Torkoal|Helping Hand|p1b: Typhlosion
|-singleturn|p1b: Typhlosion|Helping Hand|[of] p1a: Torkoal
|move|p1b: Typhlosion|Eruption|p2b: Ursaluna|[spread] p2a,p2b
|-resisted|p2a: Mandibuzz
|-damage|p2a: Mandibuzz|0 fnt
|-damage|p2b: Ursaluna|0 fnt
|faint|p2a: Mandibuzz
|faint|p2b: Ursaluna
|
|-weather|SunnyDay|[upkeep]
|upkeep
|
|t:|1757025090
|switch|p2b: Electabuzz|Electabuzz, L50, F|100/100
|switch|p2a: Gyarados|Gyarados, L50, M|100/100
|-ability|p2a: Gyarados|Intimidate|boost
|-unboost|p1a: Torkoal|atk|1
|-unboost|p1b: Typhlosion|atk|1
|-enditem|p1a: Torkoal|Eject Pack
|
|t:|1757025107
|switch|p1a: Dragonite|Dragonite, L50, F|100/100
|turn|3
|inactive|bobovile has 30 seconds left.
|inactive|bobovile has 20 seconds left.
|inactive|bobovile has 15 seconds left.
|inactive|bobovile has 10 seconds left.
|inactive|bobovile has 5 seconds left.
|
|t:|1757025162
|move|p2a: Gyarados|Protect|p2a: Gyarados
|-singleturn|p2a: Gyarados|Protect
|move|p2b: Electabuzz|Follow Me|p2b: Electabuzz
|-singleturn|p2b: Electabuzz|move: Follow Me
|move|p1b: Typhlosion|Eruption|p2b: Electabuzz|[spread] p2b
|-activate|p2a: Gyarados|move: Protect
|-damage|p2b: Electabuzz|17/100
|move|p1a: Dragonite|Scale Shot|p2b: Electabuzz|[miss]
|-miss|p1a: Dragonite|p2b: Electabuzz
|
|-weather|SunnyDay|[upkeep]
|upkeep
|turn|4
|
|t:|1757025177
|move|p2b: Electabuzz|Electroweb|p1a: Dragonite|[spread] p1a,p1b
|-damage|p1a: Dragonite|93/100
|-damage|p1b: Typhlosion|82/100
|-unboost|p1a: Dragonite|spe|1
|-unboost|p1b: Typhlosion|spe|1
|move|p2a: Gyarados|Waterfall|p1b: Typhlosion
|-supereffective|p1b: Typhlosion
|-damage|p1b: Typhlosion|13/100
|move|p1b: Typhlosion|Eruption|p2a: Gyarados|[spread] p2a,p2b
|-resisted|p2a: Gyarados
|-damage|p2a: Gyarados|91/100
|-damage|p2b: Electabuzz|2/100
|move|p1a: Dragonite|Scale Shot|p2a: Gyarados
|-damage|p2a: Gyarados|74/100
|-damage|p2a: Gyarados|58/100
|-damage|p2a: Gyarados|44/100
|-damage|p2a: Gyarados|27/100
|-damage|p2a: Gyarados|12/100
|-hitcount|p2a: Gyarados|5
|-unboost|p1a: Dragonite|def|1
|-boost|p1a: Dragonite|spe|1
|
|-weather|SunnyDay|[upkeep]
|-sideend|p2: bobovile|move: Tailwind
|upkeep
|turn|5
|
|t:|1757025202
|switch|p1b: Kingambit|Kingambit, L50, M|100/100
|move|p1a: Dragonite|Extreme Speed|p2a: Gyarados
|-damage|p2a: Gyarados|0 fnt
|faint|p2a: Gyarados
|move|p2b: Electabuzz|Electroweb|p1b: Kingambit|[spread] p1a,p1b
|-damage|p1a: Dragonite|78/100
|-damage|p1b: Kingambit|90/100
|-unboost|p1a: Dragonite|spe|1
|-unboost|p1b: Kingambit|spe|1
|-ability|p1b: Kingambit|Defiant|boost
|-boost|p1b: Kingambit|atk|2
|
|-weather|none
|upkeep
|turn|6
|c|☆Rat Rizzo|gg
|-message|bobovile forfeited.
|raw|Rat Rizzo's rating: 1082 → 1110(+28 for winning)
|raw|bobovile's rating: 1089 → 1065(-24 for losing)
|
|win|Rat Rizzo
