|j|☆merr123
|j|☆namboyVGC
|html|merr123namboyVGC    
|uhtml|bestof|Game 1 of a best-of-3
|t:|1756891439
|gametype|doubles
|player|p1|merr123|sisandbro|1233
|player|p2|namboyVGC|wattson|1258
|gen|9
|tier|[Gen 9] VGC 2025 Reg H (Bo3)
|rated|
|rule|Species Clause: Limit one of each Pokémon
|rule|Item Clause: Limit 1 of each item
|clearpoke
|poke|p1|Sneasler, L50, M|
|poke|p1|Gholdengo, L50|
|poke|p1|Amoonguss, L50, M|
|poke|p1|Incineroar, L50, F|
|poke|p1|Ursaluna-Bloodmoon, L50, M|
|poke|p1|Farigiraf, L50, F|
|poke|p2|Sneasler, L50, F|
|poke|p2|Indeedee, L50, M|
|poke|p2|Annihilape, L50, F|
|poke|p2|Tyranitar, L50, M|
|poke|p2|Excadrill, L50, M|
|poke|p2|Hydreigon, L50, M|
|teampreview|4
|showteam|p1|Sneasler||ClearAmulet|PoisonTouch|FakeOut,CloseCombat,DireClaw,Protect|||M|||50|,,,,,Water]Gholdengo||MetalCoat|GoodasGold|NastyPlot,MakeItRain,ShadowBall,Protect||||||50|,,,,,Water]Amoonguss||MentalHerb|Regenerator|Spore,RagePowder,PollenPuff,Protect|||M|||50|,,,,,Water]Incineroar||SafetyGoggles|Intimidate|FakeOut,FlareBlitz,KnockOff,PartingShot|||F|||50|,,,,,Ghost]Ursaluna-Bloodmoon||LifeOrb|MindsEye|CalmMind,EarthPower,BloodMoon,Protect|||M|||50|,,,,,Poison]Farigiraf||ThroatSpray|ArmorTail|HyperVoice,Psychic,TrickRoom,Protect|||F|||50|,,,,,Dragon
|showteam|p2|Sneasler||PsychicSeed|Unburden|CloseCombat,DireClaw,ThroatChop,Protect|||F|||50|,,,,,Dark]Indeedee||ChoiceScarf|PsychicSurge|ExpandingForce,TeraBlast,Trick,DazzlingGleam|||M|||50|,,,,,Fire]Annihilape||SafetyGoggles|Defiant|CloseCombat,RageFist,Taunt,FinalGambit|||F|||50|,,,,,Water]Tyranitar||AssaultVest|SandStream|RockSlide,KnockOff,TeraBlast,LowKick|||M|||50|,,,,,Flying]Excadrill||FocusSash|SandRush|HighHorsepower,Earthquake,IronHead,Protect|||M|||50|,,,,,Stellar]Hydreigon||CovertCloak|Levitate|Snarl,DracoMeteor,Tailwind,Roar|||M|||50|,,,,,Fairy
|inactive|Battle timer is ON: inactive players will automatically lose when time's up. (requested by namboyVGC)
|inactive|merr123 also wants the timer to be on.
|inactive|merr123 has 60 seconds left.
|inactive|namboyVGC has 60 seconds left.
|inactive|merr123 has 30 seconds left.
|inactive|merr123 has 20 seconds left.
|
|t:|1756891513
|teamsize|p1|4
|teamsize|p2|4
|start
|switch|p1a: Farigiraf|Farigiraf, L50, F|100/100
|switch|p1b: Sneasler|Sneasler, L50, M|100/100
|switch|p2a: Annihilape|Annihilape, L50, F|100/100
|switch|p2b: Sneasler|Sneasler, L50, F|100/100
|turn|1
|inactive|merr123 has 30 seconds left.
|
|t:|1756891539
|-terastallize|p2b: Sneasler|Dark
|move|p2b: Sneasler|Throat Chop|p1a: Farigiraf
|-supereffective|p1a: Farigiraf
|-damage|p1a: Farigiraf|13/100
|-start|p1a: Farigiraf|Throat Chop|[silent]
|move|p2a: Annihilape|Taunt|p1a: Farigiraf
|-start|p1a: Farigiraf|move: Taunt
|move|p1b: Sneasler|Dire Claw|p2a: Annihilape
|-resisted|p2a: Annihilape
|-damage|p2a: Annihilape|78/100
|move|p1a: Farigiraf|Psychic|p2a: Annihilape
|-supereffective|p2a: Annihilape
|-crit|p2a: Annihilape
|-damage|p2a: Annihilape|0 fnt
|faint|p2a: Annihilape
|
|upkeep
|
|t:|1756891558
|switch|p2a: Indeedee|Indeedee, L50, M|100/100
|-fieldstart|move: Psychic Terrain|[from] ability: Psychic Surge|[of] p2a: Indeedee
|-enditem|p2b: Sneasler|Psychic Seed
|-boost|p2b: Sneasler|spd|1|[from] item: Psychic Seed
|turn|2
|inactive|merr123 has 30 seconds left.
|inactive|merr123 has 20 seconds left.
|inactive|merr123 has 15 seconds left.
|inactive|merr123 has 10 seconds left.
|
|t:|1756891606
|move|p2b: Sneasler|Close Combat|p1b: Sneasler
|-resisted|p1b: Sneasler
|-damage|p1b: Sneasler|55/100
|-unboost|p2b: Sneasler|def|1
|-unboost|p2b: Sneasler|spd|1
|move|p2a: Indeedee|Expanding Force|p1b: Sneasler|[spread] p1a,p1b
|-resisted|p1a: Farigiraf
|-supereffective|p1b: Sneasler
|-damage|p1a: Farigiraf|0 fnt
|-damage|p1b: Sneasler|0 fnt
|faint|p1a: Farigiraf
|faint|p1b: Sneasler
|
|upkeep
|
|t:|1756891614
|switch|p1b: Ursaluna|Ursaluna-Bloodmoon, L50, M|100/100
|switch|p1a: Amoonguss|Amoonguss, L50, M|100/100
|turn|3
|inactive|merr123 has 30 seconds left.
|inactive|namboyVGC has 30 seconds left.
|inactive|merr123 has 20 seconds left.
|inactive|namboyVGC has 20 seconds left.
|inactive|merr123 has 15 seconds left.
|inactive|namboyVGC has 15 seconds left.
|inactive|merr123 has 10 seconds left.
|inactive|namboyVGC has 10 seconds left.
|inactive|merr123 has 5 seconds left.
|inactive|namboyVGC has 5 seconds left.
|
|t:|1756891669
|-terastallize|p1a: Amoonguss|Water
|move|p1b: Ursaluna|Protect|p1b: Ursaluna
|-singleturn|p1b: Ursaluna|Protect
|move|p2b: Sneasler|Close Combat|p1b: Ursaluna
|-activate|p1b: Ursaluna|move: Protect
|move|p2a: Indeedee|Expanding Force|p1a: Amoonguss|[spread] p1a
|-activate|p1b: Ursaluna|move: Protect
|-damage|p1a: Amoonguss|57/100
|move|p1a: Amoonguss|Spore|p2a: Indeedee
|-status|p2a: Indeedee|slp|[from] move: Spore
|
|upkeep
|turn|4
|inactive|namboyVGC has 30 seconds left.
|
|t:|1756891697
|move|p2b: Sneasler|Protect|p2b: Sneasler
|-singleturn|p2b: Sneasler|Protect
|cant|p2a: Indeedee|slp
|move|p1b: Ursaluna|Blood Moon|p2a: Indeedee
|-damage|p2a: Indeedee|0 fnt
|faint|p2a: Indeedee
|-damage|p1b: Ursaluna|91/100|[from] item: Life Orb
|move|p1a: Amoonguss|Spore|p2b: Sneasler
|-activate|p2b: Sneasler|move: Protect
|
|upkeep
|
|t:|1756891711
|switch|p2a: Tyranitar|Tyranitar, L50, M|100/100
|-weather|Sandstorm|[from] ability: Sand Stream|[of] p2a: Tyranitar
|turn|5
|
|t:|1756891730
|move|p1b: Ursaluna|Protect|p1b: Ursaluna
|-singleturn|p1b: Ursaluna|Protect
|move|p1a: Amoonguss|Protect|p1a: Amoonguss
|-singleturn|p1a: Amoonguss|Protect
|move|p2b: Sneasler|Close Combat|p1b: Ursaluna
|-activate|p1b: Ursaluna|move: Protect
|move|p2a: Tyranitar|Knock Off|p1a: Amoonguss
|-activate|p1a: Amoonguss|move: Protect
|
|-weather|Sandstorm|[upkeep]
|-damage|p2b: Sneasler|95/100|[from] Sandstorm
|-damage|p1a: Amoonguss|51/100|[from] Sandstorm
|upkeep
|turn|6
|
|t:|1756891747
|move|p2b: Sneasler|Protect|p2b: Sneasler
|-singleturn|p2b: Sneasler|Protect
|move|p2a: Tyranitar|Knock Off|p1a: Amoonguss
|-damage|p1a: Amoonguss|10/100
|-enditem|p1a: Amoonguss|Mental Herb|[from] move: Knock Off|[of] p2a: Tyranitar
|move|p1b: Ursaluna|Blood Moon|p2b: Sneasler
|-activate|p2b: Sneasler|move: Protect
|move|p1a: Amoonguss|Spore|p2a: Tyranitar
|-status|p2a: Tyranitar|slp|[from] move: Spore
|
|-weather|Sandstorm|[upkeep]
|-damage|p2b: Sneasler|89/100|[from] Sandstorm
|-damage|p1a: Amoonguss|4/100|[from] Sandstorm
|-fieldend|move: Psychic Terrain
|upkeep
|turn|7
|
|t:|1756891771
|move|p1a: Amoonguss|Rage Powder|p1a: Amoonguss
|-singleturn|p1a: Amoonguss|move: Rage Powder
|move|p2b: Sneasler|Dire Claw|p1a: Amoonguss
|-crit|p1a: Amoonguss
|-damage|p1a: Amoonguss|0 fnt
|faint|p1a: Amoonguss
|cant|p2a: Tyranitar|slp
|move|p1b: Ursaluna|Earth Power|p2b: Sneasler
|-damage|p2b: Sneasler|2/100
|-damage|p1b: Ursaluna|81/100|[from] item: Life Orb
|
|-weather|Sandstorm|[upkeep]
|-damage|p2b: Sneasler|0 fnt|[from] Sandstorm
|faint|p2b: Sneasler
|upkeep
|turn|8
|
|t:|1756891792
|-curestatus|p2a: Tyranitar|slp|[msg]
|move|p2a: Tyranitar|Low Kick|p1b: Ursaluna
|-supereffective|p1b: Ursaluna
|-damage|p1b: Ursaluna|16/100
|move|p1b: Ursaluna|Earth Power|p2a: Tyranitar
|-supereffective|p2a: Tyranitar
|-damage|p2a: Tyranitar|47/100
|-damage|p1b: Ursaluna|7/100|[from] item: Life Orb
|
|-weather|Sandstorm|[upkeep]
|upkeep
|turn|9
|
|t:|1756891805
|move|p2a: Tyranitar|Low Kick|p1b: Ursaluna
|-supereffective|p1b: Ursaluna
|-damage|p1b: Ursaluna|0 fnt
|faint|p1b: Ursaluna
|
|win|namboyVGC
