|j|☆ElXoXo21
|j|☆homerj71
|html|ElXoXo21homerj71    
|uhtml|bestof|Game 2 of a best-of-3
|t:|1783970643
|gametype|doubles
|player|p1|ElXoXo21|266|1126
|player|p2|homerj71|169|1190
|gen|9
|tier|[Gen 9 Champions] VGC 2026 Reg M-B (Bo3)
|rated|
|rule|Species Clause: Limit one of each Pokémon
|rule|Item Clause: Limit 1 of each item
|clearpoke
|poke|p1|Gengar, L50, F|
|poke|p1|Politoed, L50, F|
|poke|p1|Whimsicott, L50, F|
|poke|p1|Meganium, L50, M|
|poke|p1|Gholdengo, L50|
|poke|p1|Incineroar, L50, M, shiny|
|poke|p2|Sneasler, L50, M|
|poke|p2|Sinistcha, L50|
|poke|p2|Incineroar, L50, F|
|poke|p2|Kingambit, L50, M|
|poke|p2|Delphox, L50, M|
|poke|p2|Floette-Eternal, L50, F|
|teampreview|4
|showteam|p1|Gengar||Gengarite|CursedBody|Protect,PerishSong,Disable,ShadowBall|Timid||F|||50|]Politoed||Leftovers|Drizzle|Protect,PerishSong,HelpingHand,WeatherBall|Bold||F|||50|]Whimsicott||FocusSash|Prankster|Protect,Encore,Tailwind,Moonblast|Timid||F|||50|]Meganium||Meganiumite|LeafGuard|Protect,WeatherBall,SolarBeam,DazzlingGleam|Modest||M|||50|]Gholdengo||LifeOrb|GoodasGold|Protect,NastyPlot,ShadowBall,MakeItRain|Modest|||||50|]Incineroar||WhiteHerb|Intimidate|FakeOut,PartingShot,DarkestLariat,CloseCombat|Adamant||M|||50|
|showteam|p2|Sneasler||FocusSash|PoisonTouch|QuickGuard,FakeOut,DireClaw,CloseCombat|Jolly||M|||50|]Sinistcha||OccaBerry|Hospitality|Protect,RagePowder,MatchaGotcha,TrickRoom|Relaxed|||||50|]Incineroar||SitrusBerry|Intimidate|FakeOut,FlareBlitz,ThroatChop,PartingShot|Careful||F|||50|]Kingambit||BlackGlasses|Defiant|KowtowCleave,SwordsDance,SuckerPunch,Protect|Adamant||M|||50|]Delphox||Delphoxite|Blaze|Protect,NastyPlot,HeatWave,Psyshock|Timid||M|||50|]Floette-Eternal||Floettite|FlowerVeil|Moonblast,CalmMind,Protect,DazzlingGleam|Bold||F|||50|
|inactive|Battle timer is ON: inactive players will automatically lose when time's up. (requested by homerj71)
|
|t:|1783970650
|teamsize|p1|4
|teamsize|p2|4
|start
|switch|p1a: Incineroar|Incineroar, L50, M, shiny|100/100
|switch|p1b: Whimsicott|Whimsicott, L50, F|100/100
|switch|p2a: Kingambit|Kingambit, L50, M|100/100
|switch|p2b: Sneasler|Sneasler, L50, M|100/100
|-ability|p1a: Incineroar|Intimidate|boost
|-unboost|p2a: Kingambit|atk|1
|-ability|p2a: Kingambit|Defiant|boost
|-boost|p2a: Kingambit|atk|2
|-unboost|p2b: Sneasler|atk|1
|turn|1
|
|t:|1783970668
|move|p2b: Sneasler|Fake Out|p1a: Incineroar
|-damage|p1a: Incineroar|90/100
|move|p1b: Whimsicott|Encore|p2b: Sneasler
|-start|p2b: Sneasler|Encore
|cant|p1a: Incineroar|flinch
|move|p2a: Kingambit|Swords Dance|p2a: Kingambit
|-boost|p2a: Kingambit|atk|2
|
|upkeep
|turn|2
|
|t:|1783970683
|switch|p2b: Incineroar|Incineroar, L50, F|100/100
|-ability|p2b: Incineroar|Intimidate|boost
|-unboost|p1a: Incineroar|atk|1
|-unboost|p1b: Whimsicott|atk|1
|-enditem|p1a: Incineroar|White Herb
|-clearnegativeboost|p1a: Incineroar|[silent]
|move|p2a: Kingambit|Protect|p2a: Kingambit
|-singleturn|p2a: Kingambit|Protect
|move|p1b: Whimsicott|Moonblast|p2b: Incineroar
|-damage|p2b: Incineroar|73/100
|move|p1a: Incineroar|Close Combat|p2a: Kingambit
|-activate|p2a: Kingambit|move: Protect
|
|upkeep
|turn|3
|
|t:|1783970705
|move|p2b: Incineroar|Fake Out|p1a: Incineroar
|-damage|p1a: Incineroar|78/100
|move|p1b: Whimsicott|Tailwind|p1b: Whimsicott
|-sidestart|p1: ElXoXo21|move: Tailwind
|cant|p1a: Incineroar|flinch
|move|p2a: Kingambit|Kowtow Cleave|p1a: Incineroar
|-resisted|p1a: Incineroar|1
|-damage|p1a: Incineroar|0 fnt
|faint|p1a: Incineroar
|
|upkeep
|
|t:|1783970714
|switch|p1a: Politoed|Politoed, L50, F|100/100
|-weather|RainDance|[from] ability: Drizzle|[of] p1a: Politoed
|turn|4
|
|t:|1783970728
|switch|p2b: Sneasler|Sneasler, L50, M|100/100
|move|p2a: Kingambit|Protect|p2a: Kingambit
|-singleturn|p2a: Kingambit|Protect
|move|p1b: Whimsicott|Moonblast|p2a: Kingambit
|-activate|p2a: Kingambit|move: Protect
|move|p1a: Politoed|Weather Ball|p2a: Kingambit
|-activate|p2a: Kingambit|move: Protect
|
|-weather|RainDance|[upkeep]
|upkeep
|turn|5
|
|t:|1783970740
|move|p1b: Whimsicott|Protect|p1b: Whimsicott
|-singleturn|p1b: Whimsicott|Protect
|move|p1a: Politoed|Protect|p1a: Politoed
|-singleturn|p1a: Politoed|Protect
|move|p2b: Sneasler|Fake Out|p1a: Politoed
|-activate|p1a: Politoed|move: Protect
|move|p2a: Kingambit|Kowtow Cleave|p1b: Whimsicott
|-activate|p1b: Whimsicott|move: Protect
|
|-weather|RainDance|[upkeep]
|upkeep
|turn|6
|
|t:|1783970754
|switch|p2b: Incineroar|Incineroar, L50, F|73/100
|-ability|p2b: Incineroar|Intimidate|boost
|-unboost|p1a: Politoed|atk|1
|-unboost|p1b: Whimsicott|atk|1
|move|p2a: Kingambit|Protect|p2a: Kingambit
|-singleturn|p2a: Kingambit|Protect
|move|p1b: Whimsicott|Moonblast|p2b: Incineroar
|-damage|p2b: Incineroar|43/100
|-enditem|p2b: Incineroar|Sitrus Berry|[eat]
|-heal|p2b: Incineroar|68/100|[from] item: Sitrus Berry
|move|p1a: Politoed|Weather Ball|p2b: Incineroar
|-supereffective|p2b: Incineroar|1
|-damage|p2b: Incineroar|0 fnt
|faint|p2b: Incineroar
|
|-weather|RainDance|[upkeep]
|-sideend|p1: ElXoXo21|move: Tailwind
|upkeep
|
|t:|1783970760
|switch|p2b: Sneasler|Sneasler, L50, M|100/100
|turn|7
|
|t:|1783970773
|move|p1b: Whimsicott|Protect|p1b: Whimsicott
|-singleturn|p1b: Whimsicott|Protect
|move|p1a: Politoed|Protect|p1a: Politoed
|-singleturn|p1a: Politoed|Protect
|move|p2b: Sneasler|Fake Out|p1a: Politoed
|-activate|p1a: Politoed|move: Protect
|move|p2a: Kingambit|Swords Dance|p2a: Kingambit
|-boost|p2a: Kingambit|atk|2
|
|-weather|RainDance|[upkeep]
|upkeep
|turn|8
|
|t:|1783970787
|move|p1b: Whimsicott|Tailwind|p1b: Whimsicott
|-sidestart|p1: ElXoXo21|move: Tailwind
|move|p2a: Kingambit|Sucker Punch||[still]
|-fail|p2a: Kingambit
|move|p2b: Sneasler|Dire Claw|p1b: Whimsicott
|-supereffective|p1b: Whimsicott|2
|-enditem|p1b: Whimsicott|Focus Sash
|-damage|p1b: Whimsicott|1/100
|move|p1a: Politoed|Perish Song|p1a: Politoed
|-start|p1a: Politoed|perish3|[silent]
|-start|p1b: Whimsicott|perish3|[silent]
|-start|p2a: Kingambit|perish3|[silent]
|-start|p2b: Sneasler|perish3|[silent]
|-fieldactivate|move: Perish Song
|
|-weather|none
|-start|p1b: Whimsicott|perish3
|-start|p2b: Sneasler|perish3
|-start|p1a: Politoed|perish3
|-start|p2a: Kingambit|perish3
|upkeep
|turn|9
|
|t:|1783970804
|move|p1b: Whimsicott|Protect|p1b: Whimsicott
|-singleturn|p1b: Whimsicott|Protect
|move|p1a: Politoed|Protect|p1a: Politoed
|-singleturn|p1a: Politoed|Protect
|move|p2b: Sneasler|Dire Claw|p1b: Whimsicott
|-activate|p1b: Whimsicott|move: Protect
|move|p2a: Kingambit|Kowtow Cleave|p1a: Politoed
|-activate|p1a: Politoed|move: Protect
|
|-start|p1b: Whimsicott|perish2
|-start|p2b: Sneasler|perish2
|-start|p1a: Politoed|perish2
|-start|p2a: Kingambit|perish2
|upkeep
|turn|10
|inactive|ElXoXo21 has 30 seconds left.
|
|t:|1783970836
|switch|p2b: Sinistcha|Sinistcha, L50|100/100
|move|p1b: Whimsicott|Protect||[still]
|-fail|p1b: Whimsicott
|move|p1a: Politoed|Protect|p1a: Politoed
|-singleturn|p1a: Politoed|Protect
|move|p2a: Kingambit|Kowtow Cleave|p1a: Politoed
|-activate|p1a: Politoed|move: Protect
|
|-start|p1b: Whimsicott|perish1
|-start|p1a: Politoed|perish1
|-start|p2a: Kingambit|perish1
|upkeep
|turn|11
|
|t:|1783970857
|switch|p1a: Gengar|Gengar, L50, F|100/100
|switch|p2a: Sneasler|Sneasler, L50, M|100/100
|move|p1b: Whimsicott|Moonblast|p2a: Sneasler
|-damage|p2a: Sneasler|51/100
|move|p2b: Sinistcha|Matcha Gotcha|p1b: Whimsicott|[spread] p1a
|-miss|p2b: Sinistcha|p1b: Whimsicott
|-resisted|p1a: Gengar|1
|-damage|p1a: Gengar|78/100
|-status|p1a: Gengar|brn
|
|-damage|p1a: Gengar|72/100 brn|[from] brn
|-start|p1b: Whimsicott|perish0
|-sideend|p1: ElXoXo21|move: Tailwind
|upkeep
|faint|p1b: Whimsicott
|
|t:|1783970868
|switch|p1b: Politoed|Politoed, L50, F|100/100
|-weather|RainDance|[from] ability: Drizzle|[of] p1b: Politoed
|turn|12
|inactive|ElXoXo21 has 30 seconds left.
|
|t:|1783970901
|switch|p2b: Kingambit|Kingambit, L50, M|100/100
|detailschange|p1a: Gengar|Gengar-Mega, L50, F
|-mega|p1a: Gengar|Gengar|Gengarite
|move|p2a: Sneasler|Fake Out|p1b: Politoed
|-damage|p1b: Politoed|87/100
|-status|p1b: Politoed|psn|[from] ability: Poison Touch|[of] p2a: Sneasler
|move|p1a: Gengar|Shadow Ball|p2b: Kingambit
|-resisted|p2b: Kingambit|1
|-damage|p2b: Kingambit|76/100
|cant|p1b: Politoed|flinch
|
|-weather|RainDance|[upkeep]
|-heal|p1b: Politoed|93/100 psn|[from] item: Leftovers
|-damage|p1b: Politoed|81/100 psn|[from] psn
|-damage|p1a: Gengar|67/100 brn|[from] brn
|upkeep
|turn|13
|inactive|homerj71 has 30 seconds left.
|
|t:|1783970932
|move|p1a: Gengar|Protect|p1a: Gengar
|-singleturn|p1a: Gengar|Protect
|move|p2b: Kingambit|Sucker Punch||[still]
|-fail|p2b: Kingambit
|move|p2a: Sneasler|Close Combat|p1b: Politoed
|-damage|p1b: Politoed|29/100 psn
|-unboost|p2a: Sneasler|def|1
|-unboost|p2a: Sneasler|spd|1
|move|p1b: Politoed|Weather Ball|p2b: Kingambit
|-damage|p2b: Kingambit|27/100
|
|-weather|RainDance|[upkeep]
|-heal|p1b: Politoed|36/100 psn|[from] item: Leftovers
|-damage|p1b: Politoed|23/100 psn|[from] psn
|-damage|p1a: Gengar|61/100 brn|[from] brn
|upkeep
|turn|14
|
|t:|1783970950
|move|p2b: Kingambit|Sucker Punch||[still]
|-fail|p2b: Kingambit
|move|p1a: Gengar|Disable|p2a: Sneasler
|-start|p2a: Sneasler|Disable|Close Combat
|cant|p2a: Sneasler|Disable|Close Combat
|move|p1b: Politoed|Weather Ball|p2b: Kingambit
|-damage|p2b: Kingambit|0 fnt
|faint|p2b: Kingambit
|
|-weather|RainDance|[upkeep]
|-heal|p1b: Politoed|29/100 psn|[from] item: Leftovers
|-damage|p1b: Politoed|17/100 psn|[from] psn
|-damage|p1a: Gengar|55/100 brn|[from] brn
|upkeep
|
|t:|1783970956
|switch|p2b: Sinistcha|Sinistcha, L50|100/100
|-heal|p2a: Sneasler|76/100|[from] ability: Hospitality|[of] p2b: Sinistcha
|turn|15
|
|t:|1783970970
|move|p1b: Politoed|Helping Hand|p1a: Gengar
|-singleturn|p1a: Gengar|Helping Hand|[of] p1b: Politoed
|move|p1a: Gengar|Shadow Ball|p2b: Sinistcha
|-supereffective|p2b: Sinistcha|1
|-damage|p2b: Sinistcha|0 fnt
|faint|p2b: Sinistcha
|move|p2a: Sneasler|Dire Claw|p1a: Gengar
|-resisted|p1a: Gengar|2
|-damage|p1a: Gengar|37/100 brn
|
|-weather|RainDance|[upkeep]
|-heal|p1b: Politoed|23/100 psn|[from] item: Leftovers
|-damage|p1b: Politoed|11/100 psn|[from] psn
|-damage|p1a: Gengar|32/100 brn|[from] brn
|upkeep
|turn|16
|
|t:|1783970981
|move|p1a: Gengar|Shadow Ball|p2a: Sneasler
|-damage|p2a: Sneasler|0 fnt
|faint|p2a: Sneasler
|
|win|ElXoXo21
|raw|ElXoXo21's rating: 1126 → 1156(+30 for winning)
|raw|homerj71's rating: 1190 → 1160(-30 for losing)
