|j|☆oyarzalinho
|j|☆la cabra1
|html|oyarzalinhola cabra1    
|uhtml|bestof|Game 1 of a best-of-3
|t:|1783095089
|gametype|doubles
|player|p1|oyarzalinho|grimsley|1259
|player|p2|la cabra1|volkner|1324
|gen|9
|tier|[Gen 9 Champions] VGC 2026 Reg M-B (Bo3)
|rated|
|rule|Species Clause: Limit one of each Pokémon
|rule|Item Clause: Limit 1 of each item
|clearpoke
|poke|p1|Incineroar, L50, M, shiny|
|poke|p1|Kingambit, L50, F|
|poke|p1|Sinistcha, L50|
|poke|p1|Sneasler, L50, F|
|poke|p1|Floette-Eternal, L50, F|
|poke|p1|Delphox, L50, M|
|poke|p2|Aerodactyl, L50, F|
|poke|p2|Garchomp, L50, F|
|poke|p2|Kingambit, L50, M|
|poke|p2|Charizard, L50, F|
|poke|p2|Sylveon, L50, M|
|poke|p2|Farigiraf, L50, F|
|teampreview|4
|showteam|p1|Incineroar||SitrusBerry|Intimidate|FakeOut,FlareBlitz,DarkestLariat,PartingShot|Careful||M|||50|]Kingambit||BlackGlasses|Defiant|KowtowCleave,SuckerPunch,SwordsDance,Protect|Adamant||F|||50|]Sinistcha||KasibBerry|Hospitality|MatchaGotcha,RagePowder,TrickRoom,Protect|Calm|||||50|]Sneasler||FocusSash|PoisonTouch|FakeOut,CloseCombat,DireClaw,QuickGuard|Jolly||F|||50|]Floette-Eternal||Floettite|FlowerVeil|Moonblast,DazzlingGleam,CalmMind,Protect|Timid||F|||50|]Delphox||Delphoxite|Blaze|HeatWave,Psyshock,NastyPlot,Protect|Timid||M|||50|
|showteam|p2|Aerodactyl||Aerodactylite|Unnerve|IceFang,RockSlide,Tailwind,DualWingbeat|Jolly||F|||50|]Garchomp||LifeOrb|RoughSkin|DragonClaw,StompingTantrum,Earthquake,Protect|Jolly||F|||50|]Kingambit||FocusSash|Defiant|SuckerPunch,KowtowCleave,IronHead,LowKick|Adamant||M|||50|]Charizard||CharizarditeY|SolarPower|Protect,HeatWave,SolarBeam,WeatherBall|Modest||F|||50|]Sylveon||FairyFeather|Pixilate|Protect,HyperVoice,HyperBeam,QuickAttack|Modest||M|||50|]Farigiraf||SitrusBerry|ArmorTail|TrickRoom,Thunderbolt,Psychic,Roar|Bold||F|||50|
|inactive|Battle timer is ON: inactive players will automatically lose when time's up. (requested by oyarzalinho)
|inactive|oyarzalinho has 60 seconds left.
|inactive|la cabra1 has 60 seconds left.
|
|t:|1783095130
|teamsize|p1|4
|teamsize|p2|4
|start
|switch|p1a: Byron Love|Floette-Eternal, L50, F|100/100
|switch|p1b: Victor Blade|Kingambit, L50, F|100/100
|switch|p2a: Aerodactyl|Aerodactyl, L50, F|100/100
|switch|p2b: Kingambit|Kingambit, L50, M|100/100
|-ability|p2a: Aerodactyl|Unnerve
|turn|1
|inactive|oyarzalinho has 30 seconds left.
|inactive|la cabra1 has 30 seconds left.
|inactive|la cabra1 has 20 seconds left.
|inactive|oyarzalinho has 20 seconds left.
|inactive|la cabra1 has 15 seconds left.
|inactive|oyarzalinho has 15 seconds left.
|
|t:|1783095178
|detailschange|p2a: Aerodactyl|Aerodactyl-Mega, L50, F
|-mega|p2a: Aerodactyl|Aerodactyl|Aerodactylite
|detailschange|p1a: Byron Love|Floette-Mega, L50, F
|-mega|p1a: Byron Love|Floette|Floettite
|-ability|p1a: Byron Love|Fairy Aura
|move|p2a: Aerodactyl|Tailwind|p2a: Aerodactyl
|-sidestart|p2: la cabra1|move: Tailwind
|move|p2b: Kingambit|Low Kick|p1b: Victor Blade
|-supereffective|p1b: Victor Blade|2
|-damage|p1b: Victor Blade|0 fnt
|faint|p1b: Victor Blade
|move|p1a: Byron Love|Dazzling Gleam|p2a: Aerodactyl|[spread] p2a,p2b
|-damage|p2a: Aerodactyl|57/100
|-damage|p2b: Kingambit|48/100
|
|upkeep
|
|t:|1783095190
|switch|p1b: David Samford|Sinistcha, L50|100/100
|turn|2
|
|t:|1783095211
|move|p1b: David Samford|Rage Powder|p1b: David Samford
|-singleturn|p1b: David Samford|move: Rage Powder
|move|p2a: Aerodactyl|Dual Wingbeat|p1b: David Samford
|-supereffective|p1b: David Samford|1
|-damage|p1b: David Samford|52/100
|-supereffective|p1b: David Samford|1
|-crit|p1b: David Samford
|-damage|p1b: David Samford|0 fnt
|faint|p1b: David Samford
|-hitcount|p1: David Samford|2
|move|p2b: Kingambit|Iron Head|p1a: Byron Love
|-supereffective|p1a: Byron Love|1
|-damage|p1a: Byron Love|3/100
|move|p1a: Byron Love|Calm Mind|p1a: Byron Love
|-boost|p1a: Byron Love|spa|1
|-boost|p1a: Byron Love|spd|1
|
|upkeep
|
|t:|1783095222
|switch|p1b: Aiden Frost|Incineroar, L50, M, shiny|100/100
|-ability|p1b: Aiden Frost|Intimidate|boost
|-unboost|p2a: Aerodactyl|atk|1
|-unboost|p2b: Kingambit|atk|1
|-ability|p2b: Kingambit|Defiant|boost
|-boost|p2b: Kingambit|atk|2
|turn|3
|
|t:|1783095240
|switch|p2b: Farigiraf|Farigiraf, L50, F|100/100
|move|p1a: Byron Love|Protect|p1a: Byron Love
|-singleturn|p1a: Byron Love|Protect
|move|p2a: Aerodactyl|Rock Slide|p1b: Aiden Frost|[spread] p1b
|-activate|p1a: Byron Love|move: Protect
|-supereffective|p1b: Aiden Frost|1
|-damage|p1b: Aiden Frost|70/100
|move|p1b: Aiden Frost|Flare Blitz|p2b: Farigiraf
|-damage|p2b: Farigiraf|62/100
|-status|p2b: Farigiraf|brn
|-damage|p1b: Aiden Frost|56/100|[from] Recoil
|
|-damage|p2b: Farigiraf|56/100 brn|[from] brn
|upkeep
|turn|4
|
|t:|1783095258
|move|p2a: Aerodactyl|Rock Slide|p1a: Byron Love|[spread] p1a,p1b
|-supereffective|p1b: Aiden Frost|1
|-damage|p1a: Byron Love|0 fnt
|-damage|p1b: Aiden Frost|29/100
|-enditem|p1b: Aiden Frost|Sitrus Berry|[eat]
|-heal|p1b: Aiden Frost|54/100|[from] item: Sitrus Berry
|faint|p1a: Byron Love
|move|p2b: Farigiraf|Thunderbolt|p1b: Aiden Frost
|-damage|p1b: Aiden Frost|38/100
|-status|p1b: Aiden Frost|par
|move|p1b: Aiden Frost|Darkest Lariat|p2b: Farigiraf
|-supereffective|p2b: Farigiraf|1
|-damage|p2b: Farigiraf|6/100 brn
|-enditem|p2b: Farigiraf|Sitrus Berry|[eat]
|-heal|p2b: Farigiraf|31/100 brn|[from] item: Sitrus Berry
|
|-damage|p2b: Farigiraf|25/100 brn|[from] brn
|-sideend|p2: la cabra1|move: Tailwind
|upkeep
|turn|5
|-message|oyarzalinho forfeited.
|
|win|la cabra1
||la cabra1 is ready for game 2.
||oyarzalinho is ready for game 2.
|uhtml|next|Next: Game 2 of 3
