|j|☆Arcsouth
|j|☆ayeeetonyyy
|html|Arcsouthayeeetonyyy    
|uhtml|bestof|Game 1 of a best-of-3
|t:|1784588364
|gametype|doubles
|player|p1|Arcsouth|hiker-gen4|
|player|p2|ayeeetonyyy|marshal|
|gen|9
|tier|[Gen 9 Champions] VGC 2026 Reg M-B (Bo3)
|rule|Species Clause: Limit one of each Pokémon
|rule|Item Clause: Limit 1 of each item
|clearpoke
|poke|p1|Metagross, L50, shiny|
|poke|p1|Pikachu, L50, M|
|poke|p1|Rotom-Wash, L50|
|poke|p1|Trevenant, L50, M|
|poke|p1|Talonflame, L50, F|
|poke|p1|Alcremie-Ruby-Cream, L50, F|
|poke|p2|Pelipper, L50, M|
|poke|p2|Archaludon, L50, F|
|poke|p2|Blastoise, L50, M|
|poke|p2|Bellibolt, L50, M|
|poke|p2|Eelektross, L50, M|
|poke|p2|Jolteon, L50, M|
|teampreview|4
|showteam|p1|Metagross||Metagrossite|ClearBody|PsychicFangs,StompingTantrum,Explosion,RockSlide|Jolly|||||50|]Pikachu||LightBall|LightningRod|FakeOut,AlluringVoice,Encore,GrassKnot|Hasty||M|||50|]Rotom-Wash||PechaBerry|Levitate|SunnyDay,VoltSwitch,Trick,ShadowBall|Timid|||||50|]Trevenant||SitrusBerry|Harvest|HornLeech,Protect,ShadowClaw,KnockOff|Adamant||M|||50|]Talonflame||WacanBerry|GaleWings|Tailwind,Protect,FlareBlitz,Feint|Careful||F|||50|]Alcremie-Ruby-Cream||Leftovers|SweetVeil|DazzlingGleam,AlluringVoice,Decorate,Protect|Modest||F|||50|
|showteam|p2|Pelipper||SitrusBerry|Drizzle|HydroPump,Hurricane,WideGuard,Uturn|Modest||M|||50|]Archaludon||ChoiceScarf|Stamina|DracoMeteor,FlashCannon,ElectroShot,AuraSphere|Timid||F|||50|]Blastoise||Blastoisinite|RainDish|WaterSpout,DarkPulse,AuraSphere,FakeOut|Quiet||M|||50|]Bellibolt||ExpertBelt|Electromorphosis|ChillingWater,HyperVoice,Thunder,Thunderbolt|Modest||M|||50|]Eelektross||Eelektrossite|Levitate|Thunderbolt,DragonPulse,DrainPunch,CloseCombat|Hasty||M|||50|]Jolteon||ShucaBerry|VoltAbsorb|VoltSwitch,RisingVoltage,AlluringVoice,RainDance|Timid||M|||50|
|
|t:|1784588419
|teamsize|p1|4
|teamsize|p2|4
|start
|switch|p1a: Talonflame|Talonflame, L50, F|100/100
|switch|p1b: Rotom|Rotom-Wash, L50|100/100
|switch|p2a: Pelipper|Pelipper, L50, M|100/100
|switch|p2b: Bellibolt|Bellibolt, L50, M|100/100
|-weather|RainDance|[from] ability: Drizzle|[of] p2a: Pelipper
|turn|1
|
|t:|1784588546
|switch|p1b: Pikachu|Pikachu, L50, M|100/100
|move|p1a: Talonflame|Tailwind|p1a: Talonflame
|-sidestart|p1: Arcsouth|move: Tailwind
|move|p2a: Pelipper|Hurricane|p1a: Talonflame
|-damage|p1a: Talonflame|55/100
|-start|p1a: Talonflame|confusion
|move|p2b: Bellibolt|Hyper Voice|p1a: Talonflame|[spread] p1a,p1b
|-damage|p1a: Talonflame|34/100
|-damage|p1b: Pikachu|36/100
|
|-weather|RainDance|[upkeep]
|upkeep
|turn|2
|
|t:|1784588617
|switch|p2b: Archaludon|Archaludon, L50, F|100/100
|move|p1b: Pikachu|Fake Out|p2b: Archaludon
|-resisted|p2b: Archaludon|1
|-damage|p2b: Archaludon|94/100
|-ability|p2b: Archaludon|Stamina|boost
|-boost|p2b: Archaludon|def|1
|-activate|p1a: Talonflame|confusion
|move|p1a: Talonflame|Flare Blitz|p2b: Archaludon
|-damage|p2b: Archaludon|83/100
|-ability|p2b: Archaludon|Stamina|boost
|-boost|p2b: Archaludon|def|1
|-damage|p1a: Talonflame|31/100|[from] Recoil
|move|p2a: Pelipper|Hydro Pump|p1a: Talonflame|[miss]
|-miss|p2a: Pelipper|p1a: Talonflame
|
|-weather|RainDance|[upkeep]
|upkeep
|turn|3
|
|t:|1784588671
|switch|p1a: Rotom|Rotom-Wash, L50|100/100
|move|p1b: Pikachu|Alluring Voice|p2b: Archaludon
|-damage|p2b: Archaludon|35/100
|-ability|p2b: Archaludon|Stamina|boost
|-boost|p2b: Archaludon|def|1
|move|p2b: Archaludon|Aura Sphere|p1b: Pikachu
|-damage|p1b: Pikachu|0 fnt
|faint|p1b: Pikachu
|move|p2a: Pelipper|Hydro Pump|p1a: Rotom
|-resisted|p1a: Rotom|1
|-damage|p1a: Rotom|51/100
|
|-weather|RainDance|[upkeep]
|upkeep
|
|t:|1784588698
|switch|p1b: Metagross|Metagross, L50, shiny|100/100
|turn|4
|
|t:|1784588780
|detailschange|p1b: Metagross|Metagross-Mega, L50, shiny
|-mega|p1b: Metagross|Metagross|Metagrossite
|move|p2a: Pelipper|Wide Guard|p2a: Pelipper
|-singleturn|p2a: Pelipper|Wide Guard
|move|p1b: Metagross|Stomping Tantrum|p2b: Archaludon
|-supereffective|p2b: Archaludon|1
|-damage|p2b: Archaludon|7/100
|-ability|p2b: Archaludon|Stamina|boost
|-boost|p2b: Archaludon|def|1
|move|p1a: Rotom|Sunny Day|p1a: Rotom
|-weather|SunnyDay
|move|p2b: Archaludon|Aura Sphere|p1a: Rotom
|-damage|p1a: Rotom|18/100
|
|-weather|SunnyDay|[upkeep]
|-sideend|p1: Arcsouth|move: Tailwind
|upkeep
|turn|5
|
|t:|1784588843
|move|p2b: Archaludon|Aura Sphere|p1a: Rotom
|-damage|p1a: Rotom|0 fnt
|faint|p1a: Rotom
|move|p1b: Metagross|Stomping Tantrum|p2b: Archaludon
|-supereffective|p2b: Archaludon|1
|-damage|p2b: Archaludon|0 fnt
|faint|p2b: Archaludon
|move|p2a: Pelipper|U-turn|p1b: Metagross
|-damage|p1b: Metagross|92/100
|
|t:|1784588853
|switch|p2a: Eelektross|Eelektross, L50, M|100/100|[from] U-turn
|
|-weather|SunnyDay|[upkeep]
|upkeep
|
|t:|1784588862
|switch|p1a: Talonflame|Talonflame, L50, F|31/100
|switch|p2b: Pelipper|Pelipper, L50, M|100/100
|-weather|RainDance|[from] ability: Drizzle|[of] p2b: Pelipper
|turn|6
|
|t:|1784588908
|move|p1a: Talonflame|Protect|p1a: Talonflame
|-singleturn|p1a: Talonflame|Protect
|move|p1b: Metagross|Rock Slide|p2b: Pelipper|[spread] p2a,p2b
|-supereffective|p2b: Pelipper|1
|-damage|p2a: Eelektross|70/100
|-damage|p2b: Pelipper|53/100
|move|p2a: Eelektross|Thunderbolt|p1a: Talonflame
|-activate|p1a: Talonflame|move: Protect
|move|p2b: Pelipper|Hydro Pump|p1b: Metagross
|-damage|p1b: Metagross|15/100
|
|-weather|RainDance|[upkeep]
|upkeep
|turn|7
|
|t:|1784588958
|move|p1a: Talonflame|Feint|p2b: Pelipper
|-damage|p2b: Pelipper|44/100
|-enditem|p2b: Pelipper|Sitrus Berry|[eat]
|-heal|p2b: Pelipper|69/100|[from] item: Sitrus Berry
|move|p1b: Metagross|Rock Slide|p2b: Pelipper|[spread] p2a,p2b
|-supereffective|p2b: Pelipper|1
|-damage|p2a: Eelektross|37/100
|-damage|p2b: Pelipper|25/100
|cant|p2a: Eelektross|flinch
|cant|p2b: Pelipper|flinch
|
|-weather|RainDance|[upkeep]
|upkeep
|turn|8
|
|t:|1784588979
|move|p2b: Pelipper|Wide Guard|p2b: Pelipper
|-singleturn|p2b: Pelipper|Wide Guard
|move|p1b: Metagross|Psychic Fangs|p2b: Pelipper
|-damage|p2b: Pelipper|0 fnt
|faint|p2b: Pelipper
|move|p1a: Talonflame|Flare Blitz|p2a: Eelektross
|-damage|p2a: Eelektross|10/100
|-damage|p1a: Talonflame|23/100|[from] Recoil
|move|p2a: Eelektross|Drain Punch|p1b: Metagross
|-damage|p1b: Metagross|0 fnt
|-heal|p2a: Eelektross|18/100|[from] drain|[of] p1b: Metagross
|faint|p1b: Metagross
|
|-weather|RainDance|[upkeep]
|upkeep
|
|t:|1784588993
|switch|p2b: Bellibolt|Bellibolt, L50, M|100/100
|turn|9
|c|☆Arcsouth|gg
|
|t:|1784589023
|move|p1a: Talonflame|Flare Blitz|p2a: Eelektross
|-crit|p2a: Eelektross
|-damage|p2a: Eelektross|0 fnt
|faint|p2a: Eelektross
|-damage|p1a: Talonflame|17/100|[from] Recoil
|move|p2b: Bellibolt|Thunderbolt|p1a: Talonflame
|-supereffective|p1a: Talonflame|1
|-enditem|p1a: Talonflame|Wacan Berry|[eat]
|-enditem|p1a: Talonflame|Wacan Berry|[weaken]
|-damage|p1a: Talonflame|0 fnt
|faint|p1a: Talonflame
|
|win|ayeeetonyyy
|inactive|Arcsouth has 30 seconds to confirm battle start!
|inactive|ayeeetonyyy has 30 seconds to confirm battle start!
