|j|☆Pakaan64
|j|☆Ja-Orange
|html|Pakaan64Ja-Orange    
|uhtml|bestof|Game 2 of a best-of-3
|t:|1783278612
|gametype|doubles
|player|p1|Pakaan64|170|1183
|player|p2|Ja-Orange|guzma|1080
|gen|9
|tier|[Gen 9 Champions] VGC 2026 Reg M-B (Bo3)
|rated|
|rule|Species Clause: Limit one of each Pokémon
|rule|Item Clause: Limit 1 of each item
|clearpoke
|poke|p1|Charizard, L50, F|
|poke|p1|Armarouge, L50, F|
|poke|p1|Garchomp, L50, M|
|poke|p1|Aerodactyl, L50, M|
|poke|p1|Kingambit, L50, M, shiny|
|poke|p1|Sylveon, L50, M|
|poke|p2|Gengar, L50, M, shiny|
|poke|p2|Maushold-Four, L50|
|poke|p2|Annihilape, L50, M, shiny|
|poke|p2|Incineroar, L50, F, shiny|
|poke|p2|Hydreigon, L50, M|
|poke|p2|Ninetales-Alola, L50, F|
|teampreview|4
|showteam|p1|Charizard||CharizarditeY|Blaze|HeatWave,WeatherBall,Protect,SolarBeam|Modest||F|||50|]Armarouge||LifeOrb|FlashFire|HeatWave,WideGuard,TrickRoom,Protect|Relaxed||F|||50|]Garchomp||SitrusBerry|RoughSkin|Earthquake,Protect,DragonClaw,StompingTantrum|Adamant||M|||50|]Aerodactyl||Aerodactylite|Unnerve|Protect,Tailwind,RockSlide,DualWingbeat|Jolly||M|||50|]Kingambit||FocusSash|Defiant|SuckerPunch,KowtowCleave,LowKick,IronHead|Adamant||M|||50|]Sylveon||FairyFeather|Pixilate|HyperBeam,HyperVoice,Protect,Moonblast|Modest||M|||50|
|showteam|p2|Gengar||Gengarite|CursedBody|Protect,ShadowBall,PerishSong,Disable|Modest||M|||50|]Maushold-Four||FocusSash|FriendGuard|Protect,FollowMe,BeatUp,Encore|Jolly|||||50|]Annihilape||Leftovers|Defiant|Protect,BulkUp,DrainPunch,RageFist|Jolly||M|||50|]Incineroar||SitrusBerry|Intimidate|FakeOut,FlareBlitz,PartingShot,Protect|Careful||F|||50|]Hydreigon||ChoiceScarf|Levitate|DracoMeteor,DarkPulse,EarthPower,Snarl|Modest||M|||50|]Ninetales-Alola||NeverMeltIce|SnowWarning|Protect,Encore,Blizzard,FreezeDry|Timid||F|||50|
|inactive|Battle timer is ON: inactive players will automatically lose when time's up. (requested by Ja-Orange)
|inactive|Pakaan64 also wants the timer to be on.
|
|t:|1783278641
|teamsize|p1|4
|teamsize|p2|4
|start
|switch|p1a: Aerodactyl|Aerodactyl, L50, M|100/100
|switch|p1b: Sylveon|Sylveon, L50, M|100/100
|switch|p2a: Maushold|Maushold-Four, L50|100/100
|switch|p2b: Gengar|Gengar, L50, M, shiny|100/100
|-ability|p1a: Aerodactyl|Unnerve
|turn|1
|
|t:|1783278674
|switch|p1a: Kingambit|Kingambit, L50, M, shiny|100/100
|detailschange|p2b: Gengar|Gengar-Mega, L50, M, shiny
|-mega|p2b: Gengar|Gengar|Gengarite
|move|p2a: Maushold|Encore||[still]
|-fail|p2a: Maushold
|move|p2b: Gengar|Disable||[still]
|-fail|p2b: Gengar
|move|p1b: Sylveon|Hyper Voice|p2a: Maushold|[spread] p2a,p2b
|-resisted|p2b: Gengar|1
|-damage|p2a: Maushold|36/100
|-damage|p2b: Gengar|79/100
|
|upkeep
|turn|2
|inactive|Pakaan64 has 30 seconds left.
|
|t:|1783278704
|move|p2a: Maushold|Protect|p2a: Maushold
|-singleturn|p2a: Maushold|Protect
|move|p2b: Gengar|Protect|p2b: Gengar
|-singleturn|p2b: Gengar|Protect
|move|p1b: Sylveon|Protect|p1b: Sylveon
|-singleturn|p1b: Sylveon|Protect
|move|p1a: Kingambit|Kowtow Cleave|p2a: Maushold
|-activate|p2a: Maushold|move: Protect
|
|upkeep
|turn|3
|
|t:|1783278722
|move|p2a: Maushold|Encore|p1b: Sylveon
|-start|p1b: Sylveon|Encore
|move|p1b: Sylveon|Protect||[still]
|-fail|p1b: Sylveon
|move|p2b: Gengar|Disable|p1a: Kingambit
|-start|p1a: Kingambit|Disable|Kowtow Cleave
|cant|p1a: Kingambit|Disable|Kowtow Cleave
|
|upkeep
|turn|4
|
|t:|1783278737
|move|p1b: Sylveon|Protect|p1b: Sylveon
|-singleturn|p1b: Sylveon|Protect
|move|p1a: Kingambit|Sucker Punch||[still]
|-fail|p1a: Kingambit
|move|p2a: Maushold|Encore|p1a: Kingambit
|-start|p1a: Kingambit|Encore
|move|p2b: Gengar|Perish Song|p2b: Gengar
|-start|p1a: Kingambit|perish3|[silent]
|-start|p1b: Sylveon|perish3|[silent]
|-start|p2a: Maushold|perish3|[silent]
|-start|p2b: Gengar|perish3|[silent]
|-fieldactivate|move: Perish Song
|
|-start|p2a: Maushold|perish3
|-start|p2b: Gengar|perish3
|-start|p1b: Sylveon|perish3
|-start|p1a: Kingambit|perish3
|upkeep
|turn|5
|inactive|Ja-Orange has 30 seconds left.
|
|t:|1783278763
|move|p1b: Sylveon|Protect||[still]
|-fail|p1b: Sylveon
|move|p2a: Maushold|Follow Me|p2a: Maushold
|-singleturn|p2a: Maushold|move: Follow Me
|move|p1a: Kingambit|Sucker Punch||[still]
|-fail|p1a: Kingambit
|move|p2b: Gengar|Disable||[still]
|-fail|p2b: Gengar
|
|-end|p1b: Sylveon|Encore
|-start|p2a: Maushold|perish2
|-start|p2b: Gengar|perish2
|-start|p1b: Sylveon|perish2
|-start|p1a: Kingambit|perish2
|upkeep
|turn|6
|inactive|Pakaan64 has 30 seconds left.
|inactive|Pakaan64 has 20 seconds left.
|inactive|Pakaan64 has 15 seconds left.
|
|t:|1783278805
|move|p2b: Gengar|Protect|p2b: Gengar
|-singleturn|p2b: Gengar|Protect
|move|p1b: Sylveon|Protect|p1b: Sylveon
|-singleturn|p1b: Sylveon|Protect
|move|p1a: Kingambit|Sucker Punch||[still]
|-fail|p1a: Kingambit
|move|p2a: Maushold|Encore|p1b: Sylveon
|-activate|p1b: Sylveon|move: Protect
|
|-end|p1a: Kingambit|Disable
|-start|p2a: Maushold|perish1
|-start|p2b: Gengar|perish1
|-start|p1b: Sylveon|perish1
|-start|p1a: Kingambit|perish1
|upkeep
|turn|7
|
|t:|1783278823
|switch|p2b: Incineroar|Incineroar, L50, F, shiny|100/100
|-ability|p2b: Incineroar|Intimidate|boost
|-unboost|p1a: Kingambit|atk|1
|-ability|p1a: Kingambit|Defiant|boost
|-boost|p1a: Kingambit|atk|2
|-unboost|p1b: Sylveon|atk|1
|move|p1a: Kingambit|Sucker Punch||[still]
|-fail|p1a: Kingambit
|move|p2a: Maushold|Encore|p1b: Sylveon
|-start|p1b: Sylveon|Encore
|move|p1b: Sylveon|Protect||[still]
|-fail|p1b: Sylveon
|
|-end|p1a: Kingambit|Encore
|-start|p2a: Maushold|perish0
|-start|p1b: Sylveon|perish0
|-start|p1a: Kingambit|perish0
|upkeep
|faint|p2a: Maushold
|faint|p1b: Sylveon
|faint|p1a: Kingambit
|inactive|Ja-Orange has 30 seconds left.
|
|t:|1783278850
|switch|p2a: Gengar|Gengar-Mega, L50, M, shiny|79/100
|switch|p1b: Aerodactyl|Aerodactyl, L50, M|100/100
|switch|p1a: Charizard|Charizard, L50, F|100/100
|-ability|p1b: Aerodactyl|Unnerve
|turn|8
|
|t:|1783278871
|detailschange|p1b: Aerodactyl|Aerodactyl-Mega, L50, M
|-mega|p1b: Aerodactyl|Aerodactyl|Aerodactylite
|move|p2b: Incineroar|Fake Out|p1a: Charizard
|-damage|p1a: Charizard|88/100
|move|p1b: Aerodactyl|Dual Wingbeat|p2a: Gengar
|-damage|p2a: Gengar|46/100
|-damage|p2a: Gengar|13/100
|-hitcount|p2a: Gengar|2
|move|p2a: Gengar|Perish Song|p2a: Gengar
|-start|p1a: Charizard|perish3|[silent]
|-start|p1b: Aerodactyl|perish3|[silent]
|-start|p2a: Gengar|perish3|[silent]
|-start|p2b: Incineroar|perish3|[silent]
|-fieldactivate|move: Perish Song
|cant|p1a: Charizard|flinch
|
|-start|p1b: Aerodactyl|perish3
|-start|p2a: Gengar|perish3
|-start|p1a: Charizard|perish3
|-start|p2b: Incineroar|perish3
|upkeep
|turn|9
|
|t:|1783278885
|move|p2a: Gengar|Protect|p2a: Gengar
|-singleturn|p2a: Gengar|Protect
|move|p2b: Incineroar|Protect|p2b: Incineroar
|-singleturn|p2b: Incineroar|Protect
|move|p1b: Aerodactyl|Rock Slide|p2a: Gengar|[spread] 
|-activate|p2a: Gengar|move: Protect
|-activate|p2b: Incineroar|move: Protect
|move|p1a: Charizard|Heat Wave|p2b: Incineroar|[spread] 
|-activate|p2a: Gengar|move: Protect
|-activate|p2b: Incineroar|move: Protect
|
|-start|p1b: Aerodactyl|perish2
|-start|p2a: Gengar|perish2
|-start|p1a: Charizard|perish2
|-start|p2b: Incineroar|perish2
|upkeep
|turn|10
|
|t:|1783278903
|switch|p2a: Hydreigon|Hydreigon, L50, M|100/100
|move|p1b: Aerodactyl|Rock Slide|p2a: Hydreigon|[spread] p2a,p2b
|-supereffective|p2b: Incineroar|1
|-damage|p2a: Hydreigon|66/100
|-damage|p2b: Incineroar|40/100
|-enditem|p2b: Incineroar|Sitrus Berry|[eat]
|-heal|p2b: Incineroar|65/100|[from] item: Sitrus Berry
|move|p1a: Charizard|Heat Wave|p2a: Hydreigon|[spread] p2a,p2b
|-resisted|p2a: Hydreigon|1
|-resisted|p2b: Incineroar|1
|-damage|p2a: Hydreigon|45/100
|-damage|p2b: Incineroar|50/100g
|cant|p2b: Incineroar|flinch
|
|-start|p1b: Aerodactyl|perish1
|-start|p1a: Charizard|perish1
|-start|p2b: Incineroar|perish1
|upkeep
|turn|11
|
|t:|1783278923
|move|p2b: Incineroar|Protect|p2b: Incineroar
|-singleturn|p2b: Incineroar|Protect
|move|p2a: Hydreigon|Draco Meteor|p2b: Incineroar
|-activate|p2b: Incineroar|move: Protect
|move|p1b: Aerodactyl|Rock Slide|p2a: Hydreigon|[spread] p2a
|-activate|p2b: Incineroar|move: Protect
|-damage|p2a: Hydreigon|12/100
|move|p1a: Charizard|Heat Wave|p2a: Hydreigon|[spread] 
|-activate|p2b: Incineroar|move: Protect
|-miss|p1a: Charizard|p2a: Hydreigon
|
|-start|p1b: Aerodactyl|perish0
|-start|p1a: Charizard|perish0
|-start|p2b: Incineroar|perish0
|faint|p1b: Aerodactyl
|faint|p1a: Charizard
|faint|p2b: Incineroar
|
|win|Ja-Orange
