|j|☆arnau3kum
|j|☆jamirolol
|html|arnau3kumjamirolol    
|uhtml|bestof|Game 1 of a best-of-3
|t:|1757928417
|gametype|doubles
|player|p1|arnau3kum|266|1331
|player|p2|jamirolol|101|1318
|gen|9
|tier|[Gen 9] VGC 2025 Reg H (Bo3)
|rated|
|rule|Species Clause: Limit one of each Pokémon
|rule|Item Clause: Limit 1 of each item
|clearpoke
|poke|p1|Annihilape, L50, F|
|poke|p1|Klefki, L50, F|
|poke|p1|Maushold, L50|
|poke|p1|Ninetales-Alola, L50, M|
|poke|p1|Sinistcha-Masterpiece, L50|
|poke|p1|Ursaluna-Bloodmoon, L50, M|
|poke|p2|Volcarona, L50, F|
|poke|p2|Rillaboom, L50, F|
|poke|p2|Sneasler, L50, F|
|poke|p2|Dragapult, L50, M|
|poke|p2|Oricorio-Sensu, L50, F|
|poke|p2|Tyranitar, L50, F|
|teampreview|4
|showteam|p1|Annihilape||Leftovers|Defiant|RageFist,DrainPunch,BulkUp,Protect|||F|||50|,,,,,Fire]Klefki||LightClay|Prankster|DazzlingGleam,LightScreen,Reflect,MistyTerrain|||F|||50|,,,,,Ghost]Maushold||CovertCloak|FriendGuard|BeatUp,FollowMe,Taunt,Protect||||||50|,,,,,Grass]Ninetales-Alola||FocusSash|SnowWarning|FreezeDry,Blizzard,Encore,Protect|||M|||50|,,,,,Ghost]Sinistcha-Masterpiece||SitrusBerry|Hospitality|MatchaGotcha,LifeDew,RagePowder,TrickRoom||||||50|,,,,,Water]Ursaluna-Bloodmoon||AssaultVest|MindsEye|BloodMoon,HyperVoice,EarthPower,VacuumWave|||M|||50|,,,,,Water
|showteam|p2|Volcarona||Leftovers|FlameBody|FieryDance,GigaDrain,QuiverDance,Protect|||F|||50|,,,,,Steel]Rillaboom||AssaultVest|GrassySurge|HighHorsepower,FakeOut,GrassyGlide,WoodHammer|||F|||50|,,,,,Fire]Sneasler||GrassySeed|Unburden|DireClaw,FakeOut,CloseCombat,Protect|||F|||50|,,,,,Dark]Dragapult||ChoiceBand|ClearBody|Uturn,DragonDarts,PhantomForce,PsychicFangs|||M|||50|,,,,,Dragon]Oricorio-Sensu||FocusSash|Dancer|RevelationDance,AlluringVoice,Taunt,Protect|||F|||50|,,,,,Ground]Tyranitar||ClearAmulet|SandStream|Protect,DragonDance,RockSlide,KnockOff|||F|||50|,,,,,Fire
|inactive|Battle timer is ON: inactive players will automatically lose when time's up. (requested by jamirolol)
|inactive|jamirolol has 60 seconds left.
|inactive|jamirolol has 30 seconds left.
|
|t:|1757928487
|teamsize|p1|4
|teamsize|p2|4
|start
|switch|p1a: Annihilape|Annihilape, L50, F|100/100
|switch|p1b: Maushold|Maushold, L50|100/100
|switch|p2a: Volcarona|Volcarona, L50, F|100/100
|switch|p2b: Oricorio|Oricorio-Sensu, L50, F|100/100
|turn|1
|
|t:|1757928503
|move|p1b: Maushold|Taunt|p2a: Volcarona
|-start|p2a: Volcarona|move: Taunt
|cant|p2a: Volcarona|move: Taunt|Quiver Dance
|move|p2b: Oricorio|Revelation Dance|p1a: Annihilape
|-supereffective|p1a: Annihilape
|-damage|p1a: Annihilape|46/100
|move|p1a: Annihilape|Bulk Up|p1a: Annihilape
|-boost|p1a: Annihilape|atk|1
|-boost|p1a: Annihilape|def|1
|
|-heal|p1a: Annihilape|53/100|[from] item: Leftovers
|upkeep
|turn|2
|inactive|arnau3kum has 30 seconds left.
|inactive|jamirolol has 30 seconds left.
|
|t:|1757928537
|-terastallize|p2b: Oricorio|Ground
|move|p1b: Maushold|Follow Me|p1b: Maushold
|-singleturn|p1b: Maushold|move: Follow Me
|move|p2a: Volcarona|Fiery Dance|p1b: Maushold
|-damage|p1b: Maushold|54/100
|-boost|p2a: Volcarona|spa|1
|-activate|p2b: Oricorio|ability: Dancer
|move|p2b: Oricorio|Fiery Dance|p1b: Maushold|[from] ability: Dancer
|-damage|p1b: Maushold|19/100
|move|p2b: Oricorio|Revelation Dance|p1b: Maushold
|-damage|p1b: Maushold|0 fnt
|faint|p1b: Maushold
|move|p1a: Annihilape|Rage Fist|p2b: Oricorio
|-enditem|p2b: Oricorio|Focus Sash
|-damage|p2b: Oricorio|1/100
|
|-heal|p1a: Annihilape|59/100|[from] item: Leftovers
|upkeep
|
|t:|1757928556
|switch|p1b: Sinistcha|Sinistcha-Masterpiece, L50|100/100
|-heal|p1a: Annihilape|83/100|[from] ability: Hospitality|[of] p1b: Sinistcha
|turn|3
|
|t:|1757928578
|-terastallize|p1b: Sinistcha|Water
|move|p2a: Volcarona|Fiery Dance|p1b: Sinistcha
|-resisted|p1b: Sinistcha
|-damage|p1b: Sinistcha|76/100
|-activate|p2b: Oricorio|ability: Dancer
|move|p2b: Oricorio|Fiery Dance|p1b: Sinistcha|[from] ability: Dancer
|-resisted|p1b: Sinistcha
|-damage|p1b: Sinistcha|66/100
|-boost|p2b: Oricorio|spa|1
|move|p2b: Oricorio|Revelation Dance|p1a: Annihilape
|-damage|p1a: Annihilape|29/100
|move|p1a: Annihilape|Drain Punch|p2b: Oricorio
|-damage|p2b: Oricorio|0 fnt
|-heal|p1a: Annihilape|30/100|[from] drain|[of] p2b: Oricorio
|faint|p2b: Oricorio
|move|p1b: Sinistcha|Trick Room|p1b: Sinistcha
|-fieldstart|move: Trick Room|[of] p1b: Sinistcha
|
|-heal|p1a: Annihilape|36/100|[from] item: Leftovers
|-end|p2a: Volcarona|move: Taunt
|upkeep
|
|t:|1757928587
|switch|p2b: Rillaboom|Rillaboom, L50, F|100/100
|-fieldstart|move: Grassy Terrain|[from] ability: Grassy Surge|[of] p2b: Rillaboom
|turn|4
|
|t:|1757928612
|switch|p1b: Ursaluna|Ursaluna-Bloodmoon, L50, M|100/100
|move|p2b: Rillaboom|Wood Hammer|p1a: Annihilape
|-damage|p1a: Annihilape|0 fnt
|faint|p1a: Annihilape
|-damage|p2b: Rillaboom|88/100|[from] Recoil
|move|p2a: Volcarona|Fiery Dance|p1b: Ursaluna
|-damage|p1b: Ursaluna|54/100
|
|-heal|p1b: Ursaluna|60/100|[from] Grassy Terrain
|-heal|p2b: Rillaboom|94/100|[from] Grassy Terrain
|upkeep
|
|t:|1757928618
|switch|p1a: Sinistcha|Sinistcha-Masterpiece, L50, tera:Water|66/100
|-heal|p1b: Ursaluna|85/100|[from] ability: Hospitality|[of] p1a: Sinistcha
|turn|5
|inactive|jamirolol has 30 seconds left.
|
|t:|1757928648
|move|p1a: Sinistcha|Life Dew|p1a: Sinistcha|[spread] p1a,p1b
|-heal|p1a: Sinistcha|91/100
|-heal|p1b: Ursaluna|100/100
|move|p1b: Ursaluna|Blood Moon|p2b: Rillaboom
|-damage|p2b: Rillaboom|36/100
|move|p2b: Rillaboom|Wood Hammer|p1b: Ursaluna
|-supereffective|p1b: Ursaluna
|-damage|p1b: Ursaluna|0 fnt
|faint|p1b: Ursaluna
|-damage|p2b: Rillaboom|0 fnt|[from] Recoil
|faint|p2b: Rillaboom
|move|p2a: Volcarona|Giga Drain|p1a: Sinistcha
|-supereffective|p1a: Sinistcha
|-damage|p1a: Sinistcha|10/100
|-enditem|p1a: Sinistcha|Sitrus Berry|[eat]
|-heal|p1a: Sinistcha|35/100|[from] item: Sitrus Berry
|
|-heal|p1a: Sinistcha|41/100|[from] Grassy Terrain
|upkeep
|-message|arnau3kum forfeited.
|
|win|jamirolol
||arnau3kum is ready for game 2.
||jamirolol is ready for game 2.
|uhtml|next|Next: Game 2 of 3
|l|☆arnau3kum
|player|p1|
