|j|☆blizzardspamming
|j|☆Timothim Chalombre
|html|blizzardspammingTimothim Chalombre    
|uhtml|bestof|Game 3 of a best-of-3
|t:|1783308698
|gametype|doubles
|player|p1|blizzardspamming|clair|1216
|player|p2|Timothim Chalombre|caitlin|1226
|gen|9
|tier|[Gen 9 Champions] VGC 2026 Reg M-B (Bo3)
|rated|
|rule|Species Clause: Limit one of each Pokémon
|rule|Item Clause: Limit 1 of each item
|clearpoke
|poke|p1|Gengar, L50, M|
|poke|p1|Ninetales-Alola, L50, M|
|poke|p1|Incineroar, L50, F|
|poke|p1|Gholdengo, L50|
|poke|p1|Sneasler, L50, M|
|poke|p1|Dragonite, L50, F|
|poke|p2|Excadrill, L50, F|
|poke|p2|Grimmsnarl, L50, M|
|poke|p2|Altaria, L50, M|
|poke|p2|Incineroar, L50, F|
|poke|p2|Venusaur, L50, F|
|poke|p2|Milotic, L50, M|
|teampreview|4
|showteam|p1|Gengar||Gengarite|CursedBody|ShadowBall,SludgeBomb,Disable,Protect|Modest||M|||50|]Ninetales-Alola||NeverMeltIce|SnowWarning|Blizzard,FreezeDry,Encore,Protect|Timid||M|||50|]Incineroar||SitrusBerry|Intimidate|FakeOut,FlareBlitz,LashOut,PartingShot|Sassy||F|||50|]Gholdengo||Leftovers|GoodasGold|MakeItRain,ShadowBall,NastyPlot,Protect|Modest|||||50|]Sneasler||FocusSash|PoisonTouch|FakeOut,CloseCombat,DireClaw,Protect|Jolly||M|||50|]Dragonite||Dragoninite|InnerFocus|DracoMeteor,Flamethrower,Thunderbolt,Tailwind|Modest||F|||50|
|showteam|p2|Excadrill||Excadrite|SandRush|StompingTantrum,IronHead,HornDrill,Protect|Jolly||F|||50|]Grimmsnarl||LightClay|Prankster|SpiritBreak,Reflect,LightScreen,PartingShot|Impish||M|||50|]Altaria||RoseliBerry|CloudNine|BraveBird,WillOWisp,Roost,Tailwind|Careful||M|||50|]Incineroar||SitrusBerry|Intimidate|FakeOut,FlareBlitz,ThroatChop,PartingShot|Impish||F|||50|]Venusaur||Venusaurite|Overgrow|GigaDrain,EarthPower,SludgeBomb,Protect|Modest||F|||50|]Milotic||Leftovers|Competitive|MuddyWater,Coil,Recover,Hypnosis|Modest||M|||50|
|
|t:|1783308718
|teamsize|p1|4
|teamsize|p2|4
|start
|switch|p1a: Ninetales|Ninetales-Alola, L50, M|100/100
|switch|p1b: Dragonite|Dragonite, L50, F|100/100
|switch|p2a: Grimmsnarl|Grimmsnarl, L50, M|100/100
|switch|p2b: Milotic|Milotic, L50, M|100/100
|-weather|Snowscape|[from] ability: Snow Warning|[of] p1a: Ninetales
|turn|1
|
|t:|1783308732
|detailschange|p1b: Dragonite|Dragonite-Mega, L50, F
|-mega|p1b: Dragonite|Dragonite|Dragoninite
|move|p2a: Grimmsnarl|Light Screen|p2a: Grimmsnarl
|-sidestart|p2: Timothim Chalombre|move: Light Screen
|move|p1a: Ninetales|Freeze-Dry|p2b: Milotic
|-supereffective|p2b: Milotic|1
|-damage|p2b: Milotic|74/100
|move|p1b: Dragonite|Thunderbolt|p2b: Milotic
|-supereffective|p2b: Milotic|1
|-damage|p2b: Milotic|42/100
|move|p2b: Milotic|Hypnosis|p1a: Ninetales|[miss]
|-miss|p2b: Milotic|p1a: Ninetales
|
|-weather|Snowscape|[upkeep]
|-heal|p2b: Milotic|48/100|[from] item: Leftovers
|upkeep
|turn|2
|
|t:|1783308754
|move|p2a: Grimmsnarl|Parting Shot|p1a: Ninetales
|-unboost|p1a: Ninetales|atk|1
|-unboost|p1a: Ninetales|spa|1
|
|t:|1783308756
|switch|p2a: Incineroar|Incineroar, L50, F|100/100|[from] Parting Shot
|-ability|p2a: Incineroar|Intimidate|boost
|-unboost|p1a: Ninetales|atk|1
|-unboost|p1b: Dragonite|atk|1
|move|p1a: Ninetales|Encore|p2b: Milotic
|-start|p2b: Milotic|Encore
|move|p1b: Dragonite|Thunderbolt|p2b: Milotic
|-supereffective|p2b: Milotic|1
|-damage|p2b: Milotic|12/100
|move|p2b: Milotic|Hypnosis|p1a: Ninetales|[miss]
|-miss|p2b: Milotic|p1a: Ninetales
|
|-weather|Snowscape|[upkeep]
|-heal|p2b: Milotic|18/100|[from] item: Leftovers
|upkeep
|turn|3
|inactive|Battle timer is ON: inactive players will automatically lose when time's up. (requested by Timothim Chalombre)
|
|t:|1783308782
|switch|p1b: Incineroar|Incineroar, L50, F|100/100
|-ability|p1b: Incineroar|Intimidate|boost
|-unboost|p2a: Incineroar|atk|1
|-unboost|p2b: Milotic|atk|1
|-ability|p2b: Milotic|Competitive|boost
|-boost|p2b: Milotic|spa|2
|switch|p2b: Grimmsnarl|Grimmsnarl, L50, M|100/100
|move|p1a: Ninetales|Protect|p1a: Ninetales
|-singleturn|p1a: Ninetales|Protect
|move|p2a: Incineroar|Flare Blitz|p1a: Ninetales
|-activate|p1a: Ninetales|move: Protect
|
|-weather|Snowscape|[upkeep]
|upkeep
|turn|4
|inactive|blizzardspamming has 30 seconds left.
|
|t:|1783308810
|switch|p1a: Sneasler|Sneasler, L50, M|100/100
|move|p1b: Incineroar|Fake Out|p2b: Grimmsnarl
|-damage|p2b: Grimmsnarl|90/100
|cant|p2b: Grimmsnarl|flinch
|move|p2a: Incineroar|Flare Blitz|p1a: Sneasler
|-damage|p1a: Sneasler|45/100
|-damage|p2a: Incineroar|86/100|[from] Recoil
|
|-weather|Snowscape|[upkeep]
|upkeep
|turn|5
|
|t:|1783308831
|move|p1a: Sneasler|Protect|p1a: Sneasler
|-singleturn|p1a: Sneasler|Protect
|move|p2b: Grimmsnarl|Reflect|p2b: Grimmsnarl
|-sidestart|p2: Timothim Chalombre|Reflect
|move|p2a: Incineroar|Parting Shot|p1a: Sneasler
|-activate|p1a: Sneasler|move: Protect
|move|p1b: Incineroar|Parting Shot|p2b: Grimmsnarl
|-unboost|p2b: Grimmsnarl|atk|1
|-unboost|p2b: Grimmsnarl|spa|1
|
|t:|1783308840
|switch|p1b: Dragonite|Dragonite-Mega, L50, F|100/100|[from] Parting Shot
|
|-weather|none
|upkeep
|turn|6
|
|t:|1783308854
|move|p1a: Sneasler|Close Combat|p2a: Incineroar
|-supereffective|p2a: Incineroar|1
|-damage|p2a: Incineroar|28/100
|-unboost|p1a: Sneasler|def|1
|-unboost|p1a: Sneasler|spd|1
|-enditem|p2a: Incineroar|Sitrus Berry|[eat]
|-heal|p2a: Incineroar|52/100|[from] item: Sitrus Berry
|move|p1b: Dragonite|Thunderbolt|p2a: Incineroar
|-damage|p2a: Incineroar|28/100
|move|p2a: Incineroar|Parting Shot|p1a: Sneasler
|-unboost|p1a: Sneasler|atk|1
|-unboost|p1a: Sneasler|spa|1
|
|t:|1783308859
|switch|p2a: Milotic|Milotic, L50, M|18/100|[from] Parting Shot
|move|p2b: Grimmsnarl|Spirit Break|p1b: Dragonite
|-supereffective|p1b: Dragonite|1
|-damage|p1b: Dragonite|82/100
|-unboost|p1b: Dragonite|spa|1
|
|-heal|p2a: Milotic|24/100|[from] item: Leftovers
|upkeep
|turn|7
|
|t:|1783308881
|move|p2b: Grimmsnarl|Parting Shot|p1b: Dragonite
|-unboost|p1b: Dragonite|atk|1
|-unboost|p1b: Dragonite|spa|1
|
|t:|1783308883
|switch|p2b: Incineroar|Incineroar, L50, F|28/100|[from] Parting Shot
|-ability|p2b: Incineroar|Intimidate|boost
|-unboost|p1a: Sneasler|atk|1
|-unboost|p1b: Dragonite|atk|1
|move|p1a: Sneasler|Close Combat|p2a: Milotic
|-damage|p2a: Milotic|5/100
|-unboost|p1a: Sneasler|def|1
|-unboost|p1a: Sneasler|spd|1
|move|p1b: Dragonite|Thunderbolt|p2a: Milotic
|-supereffective|p2a: Milotic|1
|-damage|p2a: Milotic|0 fnt
|faint|p2a: Milotic
|
|upkeep
|
|t:|1783308887
|switch|p2a: Grimmsnarl|Grimmsnarl, L50, M|90/100
|turn|8
|
|t:|1783308896
|switch|p1b: Incineroar|Incineroar, L50, F|100/100
|-ability|p1b: Incineroar|Intimidate|boost
|-unboost|p2a: Grimmsnarl|atk|1
|-unboost|p2b: Incineroar|atk|1
|move|p1a: Sneasler|Protect|p1a: Sneasler
|-singleturn|p1a: Sneasler|Protect
|move|p2b: Incineroar|Flare Blitz|p1a: Sneasler
|-activate|p1a: Sneasler|move: Protect
|move|p2a: Grimmsnarl|Spirit Break|p1b: Incineroar
|-damage|p1b: Incineroar|81/100
|-unboost|p1b: Incineroar|spa|1
|
|-sideend|p2: Timothim Chalombre|move: Light Screen
|upkeep
|turn|9
|inactive|Timothim Chalombre has 30 seconds left.
|inactive|Timothim Chalombre has 20 seconds left.
|inactive|Timothim Chalombre has 15 seconds left.
|inactive|Timothim Chalombre has 10 seconds left.
|inactive|Timothim Chalombre has 5 seconds left.
|
|t:|1783308950
|switch|p2b: Excadrill|Excadrill, L50, F|100/100
|move|p1a: Sneasler|Close Combat|p2b: Excadrill
|-supereffective|p2b: Excadrill|1
|-damage|p2b: Excadrill|40/100
|-unboost|p1a: Sneasler|def|1
|-unboost|p1a: Sneasler|spd|1
|move|p2a: Grimmsnarl|Spirit Break|p1a: Sneasler
|-damage|p1a: Sneasler|0 fnt
|faint|p1a: Sneasler
|move|p1b: Incineroar|Flare Blitz|p2a: Grimmsnarl
|-damage|p2a: Grimmsnarl|62/100
|-damage|p1b: Incineroar|72/100|[from] Recoil
|
|upkeep
|
|t:|1783308966
|switch|p1a: Ninetales|Ninetales-Alola, L50, M|100/100
|-weather|Snowscape|[from] ability: Snow Warning|[of] p1a: Ninetales
|turn|10
|
|t:|1783308974
|switch|p1b: Dragonite|Dragonite-Mega, L50, F|82/100
|detailschange|p2b: Excadrill|Excadrill-Mega, L50, F
|-mega|p2b: Excadrill|Excadrill|Excadrite
|move|p1a: Ninetales|Protect|p1a: Ninetales
|-singleturn|p1a: Ninetales|Protect
|move|p2a: Grimmsnarl|Parting Shot|p1b: Dragonite
|-unboost|p1b: Dragonite|atk|1
|-unboost|p1b: Dragonite|spa|1
|
|t:|1783308979
|switch|p2a: Incineroar|Incineroar, L50, F|28/100|[from] Parting Shot
|-ability|p2a: Incineroar|Intimidate|boost
|-unboost|p1a: Ninetales|atk|1
|-unboost|p1b: Dragonite|atk|1
|move|p2b: Excadrill|Iron Head|p1a: Ninetales
|-supereffective|p1a: Ninetales|2
|-ability|p2b: Excadrill|Piercing Drill
|-zbroken|p1a: Ninetales
|-damage|p1a: Ninetales|57/100
|
|-weather|Snowscape|[upkeep]
|upkeep
|turn|11
|
|t:|1783308992
|switch|p1a: Incineroar|Incineroar, L50, F|72/100
|-ability|p1a: Incineroar|Intimidate|boost
|-unboost|p2a: Incineroar|atk|1
|-unboost|p2b: Excadrill|atk|1
|move|p2a: Incineroar|Fake Out|p1b: Dragonite
|-damage|p1b: Dragonite|75/100
|move|p2b: Excadrill|Iron Head|p1a: Incineroar
|-resisted|p1a: Incineroar|1
|-damage|p1a: Incineroar|58/100
|cant|p1b: Dragonite|flinch
|
|-weather|Snowscape|[upkeep]
|upkeep
|turn|12
|
|t:|1783309006
|move|p2b: Excadrill|Protect|p2b: Excadrill
|-singleturn|p2b: Excadrill|Protect
|move|p1b: Dragonite|Flamethrower|p2b: Excadrill
|-activate|p2b: Excadrill|move: Protect
|move|p2a: Incineroar|Parting Shot|p1b: Dragonite
|-unboost|p1b: Dragonite|atk|1
|-unboost|p1b: Dragonite|spa|1
|
|t:|1783309023
|switch|p2a: Grimmsnarl|Grimmsnarl, L50, M|62/100|[from] Parting Shot
|move|p1a: Incineroar|Parting Shot|p2b: Excadrill
|-activate|p2b: Excadrill|move: Protect
|
|-weather|Snowscape|[upkeep]
|-sideend|p2: Timothim Chalombre|Reflect
|upkeep
|turn|13
|
|t:|1783309029
|move|p2b: Excadrill|Stomping Tantrum|p1a: Incineroar
|-supereffective|p1a: Incineroar|1
|-damage|p1a: Incineroar|10/100
|-enditem|p1a: Incineroar|Sitrus Berry|[eat]
|-heal|p1a: Incineroar|35/100|[from] item: Sitrus Berry
|move|p1b: Dragonite|Flamethrower|p2b: Excadrill
|-supereffective|p2b: Excadrill|1
|-damage|p2b: Excadrill|0 fnt
|faint|p2b: Excadrill
|move|p2a: Grimmsnarl|Spirit Break|p1b: Dragonite
|-supereffective|p1b: Dragonite|1
|-damage|p1b: Dragonite|17/100
|-unboost|p1b: Dragonite|spa|1
|move|p1a: Incineroar|Flare Blitz|p2a: Grimmsnarl
|-damage|p2a: Grimmsnarl|19/100
|-damage|p1a: Incineroar|20/100y|[from] Recoil
|
|-weather|Snowscape|[upkeep]
|upkeep
|-message|Timothim Chalombre forfeited.
|raw|blizzardspamming's rating: 1216 → 1242(+26 for winning)
|raw|Timothim Chalombre's rating: 1226 → 1200(-26 for losing)
|
|win|blizzardspamming
|l|☆Timothim Chalombre
|player|p2|
