|j|☆maksimilian123
|j|☆isitin?
|html|maksimilian123isitin?    
|uhtml|bestof|Game 1 of a best-of-3
|t:|1783638648
|gametype|doubles
|player|p1|maksimilian123|266|1078
|player|p2|isitin?|bruno|1000
|gen|9
|tier|[Gen 9 Champions] VGC 2026 Reg M-B (Bo3)
|rated|
|rule|Species Clause: Limit one of each Pokémon
|rule|Item Clause: Limit 1 of each item
|clearpoke
|poke|p1|Gardevoir, L50, F|
|poke|p1|Talonflame, L50, F|
|poke|p1|Torkoal, L50, F|
|poke|p1|Vileplume, L50, M|
|poke|p1|Rotom-Wash, L50|
|poke|p1|Garchomp, L50, M|
|poke|p2|Clefable, L50, F|
|poke|p2|Gholdengo, L50|
|poke|p2|Hatterene, L50, F|
|poke|p2|Whimsicott, L50, M|
|poke|p2|Malamar, L50, M|
|poke|p2|Vileplume, L50, F|
|teampreview|4
|showteam|p1|Gardevoir||Gardevoirite|Synchronize|HyperVoice,Psychic,EnergyBall,CalmMind|Timid||F|||50|]Talonflame||FocusSash|GaleWings|Tailwind,Protect,FlareBlitz,BraveBird|Adamant||F|||50|]Torkoal||Charcoal|Drought|Eruption,AncientPower,Protect,SolarBeam|Modest||F|||50|]Vileplume||SitrusBerry|Chlorophyll|SolarBeam,SleepPowder,AfterYou,PollenPuff|Timid||M|||50|]Rotom-Wash||ChoiceScarf|Levitate|Electroweb,Trick,VoltSwitch,HydroPump|Timid|||||50|]Garchomp||LifeOrb|RoughSkin|RockSlide,StompingTantrum,DragonClaw,Protect|Jolly||M|||50|
|showteam|p2|Clefable||Clefablite|CuteCharm|FollowMe,Protect,HelpingHand,Encore|Serious||F|||50|]Gholdengo||WhiteHerb|GoodasGold|MakeItRain,ShadowBall,Protect,NastyPlot|Serious|||||50|]Hatterene||LightClay|MagicBounce|TrickRoom,Reflect,HealPulse,LightScreen|Serious||F|||50|]Whimsicott||FocusSash|Prankster|Encore,Protect,TrickRoom,StunSpore|Serious||M|||50|]Malamar||Malamarite|Contrary|TopsyTurvy,Superpower,Protect,DestinyBond|Serious||M|||50|]Vileplume||WideLens|EffectSpore|SleepPowder,HelpingHand,Protect,GigaDrain|Serious||F|||50|
|
|t:|1783638674
|teamsize|p1|4
|teamsize|p2|4
|start
|switch|p1a: Talonflame|Talonflame, L50, F|100/100
|switch|p1b: Gardevoir|Gardevoir, L50, F|100/100
|switch|p2a: Clefable|Clefable, L50, F|100/100
|switch|p2b: Hatterene|Hatterene, L50, F|100/100
|turn|1
|
|t:|1783638706
|detailschange|p1b: Gardevoir|Gardevoir-Mega, L50, F
|-mega|p1b: Gardevoir|Gardevoir|Gardevoirite
|detailschange|p2a: Clefable|Clefable-Mega, L50, F
|-mega|p2a: Clefable|Clefable|Clefablite
|move|p1a: Talonflame|Protect|p1a: Talonflame
|-singleturn|p1a: Talonflame|Protect
|move|p1b: Gardevoir|Calm Mind|p1b: Gardevoir
|-boost|p1b: Gardevoir|spa|1
|-boost|p1b: Gardevoir|spd|1
|move|p2a: Clefable|Encore|p1a: Talonflame
|-activate|p1a: Talonflame|move: Protect
|move|p2b: Hatterene|Trick Room|p2b: Hatterene
|-fieldstart|move: Trick Room|[of] p2b: Hatterene
|
|upkeep
|turn|2
|
|t:|1783638729
|switch|p1a: Rotom|Rotom-Wash, L50|100/100
|move|p2a: Clefable|Protect|p2a: Clefable
|-singleturn|p2a: Clefable|Protect
|move|p2b: Hatterene|Light Screen|p2b: Hatterene
|-sidestart|p2: isitin?|move: Light Screen
|move|p1b: Gardevoir|Hyper Voice|p2a: Clefable|[spread] p2b
|-activate|p2a: Clefable|move: Protect
|-damage|p2b: Hatterene|51/100
|
|upkeep
|turn|3
|
|t:|1783638757
|switch|p2a: Vileplume|Vileplume, L50, F|100/100
|move|p2b: Hatterene|Reflect|p2b: Hatterene
|-sidestart|p2: isitin?|Reflect
|move|p1b: Gardevoir|Hyper Voice|p2b: Hatterene|[spread] p2a,p2b
|-resisted|p2a: Vileplume|1
|-damage|p2a: Vileplume|74/100
|-damage|p2b: Hatterene|1/100
|move|p1a: Rotom|Volt Switch|p2a: Vileplume
|-resisted|p2a: Vileplume|1
|-damage|p2a: Vileplume|63/100
|
|t:|1783638764
|switch|p1a: Talonflame|Talonflame, L50, F|100/100|[from] Volt Switch
|
|upkeep
|turn|4
|
|t:|1783638778
|move|p1a: Talonflame|Brave Bird|p2a: Vileplume
|-supereffective|p2a: Vileplume|1
|-damage|p2a: Vileplume|0 fnt
|faint|p2a: Vileplume
|-damage|p1a: Talonflame|75/100|[from] Recoil
|move|p2b: Hatterene|Heal Pulse|p2: Vileplume|[notarget]
|-fail|p2b: Hatterene
|move|p1b: Gardevoir|Calm Mind|p1b: Gardevoir
|-boost|p1b: Gardevoir|spa|1
|-boost|p1b: Gardevoir|spd|1
|
|upkeep
|
|t:|1783638803
|switch|p2a: Clefable|Clefable-Mega, L50, F|100/100
|turn|5
|
|t:|1783638816
|move|p2a: Clefable|Protect|p2a: Clefable
|-singleturn|p2a: Clefable|Protect
|move|p1a: Talonflame|Protect|p1a: Talonflame
|-singleturn|p1a: Talonflame|Protect
|move|p2b: Hatterene|Heal Pulse|p2a: Clefable
|-activate|p2a: Clefable|move: Protect
|move|p1b: Gardevoir|Hyper Voice|p2a: Clefable|[spread] p2b
|-activate|p2a: Clefable|move: Protect
|-damage|p2b: Hatterene|0 fnt
|faint|p2b: Hatterene
|
|-fieldend|move: Trick Room
|upkeep
|inactive|Battle timer is ON: inactive players will automatically lose when time's up. (requested by maksimilian123)
|
|t:|1783638831
|switch|p2b: Gholdengo|Gholdengo, L50|100/100
|turn|6
|
|t:|1783638846
|move|p1a: Talonflame|Flare Blitz|p2b: Gholdengo
|-supereffective|p2b: Gholdengo|1
|-damage|p2b: Gholdengo|25/100
|-status|p2b: Gholdengo|brn
|-damage|p1a: Talonflame|49/100|[from] Recoil
|move|p1b: Gardevoir|Hyper Voice|p2a: Clefable|[spread] p2a,p2b
|-resisted|p2b: Gholdengo|1
|-damage|p2a: Clefable|50/100y
|-damage|p2b: Gholdengo|0 fnt
|faint|p2b: Gholdengo
|move|p2a: Clefable|Encore|p1a: Talonflame
|-start|p1a: Talonflame|Encore
|
|upkeep
|turn|7
|-message|isitin? forfeited.
|raw|maksimilian123's rating: 1078 → 1100(+22 for winning)
|raw|isitin?'s rating: 1000 → 1000(+0 for losing)
|
|win|maksimilian123
|l|☆isitin?
|player|p2|
