|j|☆Hawkc10ie
|j|☆jollyybee
|html|Hawkc10iejollyybee    
|uhtml|bestof|Game 1 of a best-of-3
|t:|1784394628
|gametype|doubles
|player|p1|Hawkc10ie|2|
|player|p2|jollyybee|candice|
|gen|9
|tier|[Gen 9 Champions] VGC 2026 Reg M-B (Bo3)
|rule|Species Clause: Limit one of each Pokémon
|rule|Item Clause: Limit 1 of each item
|clearpoke
|poke|p1|Hydreigon, L50, F|
|poke|p1|Typhlosion-Hisui, L50, M|
|poke|p1|Tsareena, L50, F|
|poke|p1|Starmie, L50|
|poke|p1|Gardevoir, L50, F|
|poke|p1|Corviknight, L50, M|
|poke|p2|Slowking-Galar, L50, M|
|poke|p2|Kangaskhan, L50, F|
|poke|p2|Camerupt, L50, F|
|poke|p2|Vanilluxe, L50, M|
|poke|p2|Chandelure, L50, M|
|poke|p2|Avalugg-Hisui, L50, F|
|teampreview|4
|showteam|p1|Hydreigon||LifeOrb|Levitate|Protect,DarkPulse,DracoMeteor,Flamethrower|Modest||F|||50|]Typhlosion-Hisui||ChoiceScarf|Blaze|Eruption,ShadowBall,HeatWave,FireBlast|Timid||M|||50|]Tsareena||WideLens|QueenlyMajesty|Protect,PowerWhip,TripleAxel,KnockOff|Adamant||F|||50|]Starmie||Starminite|Illuminate|Protect,Liquidation,PsychoCut,AquaJet|Adamant|||||50|]Gardevoir||Gardevoirite|Trace|Psychic,HyperVoice,Imprison,TrickRoom|Modest||F|||50|]Corviknight||OccaBerry|MirrorArmor|Tailwind,BulkUp,BraveBird,IronHead|Impish||M|||50|
|showteam|p2|Slowking-Galar||SitrusBerry|Regenerator|TrickRoom,ChillyReception,Psychic,HelpingHand|Bold||M|||50|]Kangaskhan||Kangaskhanite|Scrappy|FakeOut,DoubleEdge,HammerArm,IcePunch|Brave||F|||50|]Camerupt||Cameruptite|SolidRock|Eruption,Protect,EarthPower,HeatWave|Quiet||F|||50|]Vanilluxe||NeverMeltIce|SnowWarning|FreezeDry,Blizzard,IceShard,Protect|Quiet||M|||50|]Chandelure||FocusSash|FlashFire|HeatWave,ShadowBall,Protect,TrickRoom|Quiet||M|||50|]Avalugg-Hisui||WideLens|Sturdy|RockSlide,MountainGale,WideGuard,BodyPress|Brave||F|||50|
|c|☆jollyybee|hf
|inactive|Battle timer is ON: inactive players will automatically lose when time's up. (requested by jollyybee)
|
|t:|1784394676
|teamsize|p1|4
|teamsize|p2|4
|start
|switch|p1a: Hydreigon|Hydreigon, L50, F|100/100
|switch|p1b: Tsareena|Tsareena, L50, F|100/100
|switch|p2a: Chandelure|Chandelure, L50, M|100/100
|switch|p2b: Noobish|Kangaskhan, L50, F|100/100
|turn|1
|c|☆Hawkc10ie|U2
|inactive|jollyybee has 30 seconds left.
|inactive|jollyybee has 20 seconds left.
|inactive|jollyybee has 15 seconds left.
|
|t:|1784394717
|detailschange|p2b: Noobish|Kangaskhan-Mega, L50, F
|-mega|p2b: Noobish|Kangaskhan|Kangaskhanite
|move|p2a: Chandelure|Protect|p2a: Chandelure
|-singleturn|p2a: Chandelure|Protect
|move|p1a: Hydreigon|Dark Pulse|p2a: Chandelure
|-activate|p2a: Chandelure|move: Protect
|move|p2b: Noobish|Hammer Arm|p1a: Hydreigon|[miss]
|-miss|p2b: Noobish|p1a: Hydreigon
|move|p1b: Tsareena|Knock Off|p2a: Chandelure
|-activate|p2a: Chandelure|move: Protect
|
|upkeep
|turn|2
|
|t:|1784394732
|move|p1a: Hydreigon|Dark Pulse|p2a: Chandelure
|-supereffective|p2a: Chandelure|1
|-enditem|p2a: Chandelure|Focus Sash
|-damage|p2a: Chandelure|1/100
|-damage|p1a: Hydreigon|90/100|[from] item: Life Orb
|move|p2b: Noobish|Hammer Arm|p1a: Hydreigon
|-supereffective|p1a: Hydreigon|1
|-damage|p1a: Hydreigon|8/100
|-unboost|p2b: Noobish|spe|1
|-supereffective|p1a: Hydreigon|1
|-damage|p1a: Hydreigon|0 fnt
|-unboost|p2b: Noobish|spe|1
|faint|p1a: Hydreigon
|-hitcount|p1: Hydreigon|2
|move|p1b: Tsareena|Knock Off|p2a: Chandelure
|-supereffective|p2a: Chandelure|1
|-damage|p2a: Chandelure|0 fnt
|faint|p2a: Chandelure
|
|upkeep
|
|t:|1784394750
|switch|p1a: Starmie|Starmie, L50|100/100
|switch|p2a: Rukia|Vanilluxe, L50, M|100/100
|-weather|Snowscape|[from] ability: Snow Warning|[of] p2a: Rukia
|turn|3
|inactive|jollyybee has 30 seconds left.
|
|t:|1784394777
|detailschange|p1a: Starmie|Starmie-Mega, L50
|-mega|p1a: Starmie|Starmie|Starminite
|move|p1a: Starmie|Liquidation|p2a: Rukia
|-damage|p2a: Rukia|35/100
|move|p1b: Tsareena|Power Whip|p2a: Rukia
|-damage|p2a: Rukia|0 fnt
|faint|p2a: Rukia
|move|p2b: Noobish|Double-Edge|p1a: Starmie
|-damage|p1a: Starmie|16/100
|-damage|p1a: Starmie|0 fnt
|faint|p1a: Starmie
|-hitcount|p1: Starmie|2
|-damage|p2b: Noobish|77/100|[from] Recoil
|
|-weather|Snowscape|[upkeep]
|upkeep
|
|t:|1784394791
|switch|p1a: Corviknight|Corviknight, L50, M|100/100
|switch|p2a: Avalugg|Avalugg-Hisui, L50, F|100/100
|turn|4
|
|t:|1784394814
|move|p1a: Corviknight|Iron Head|p2a: Avalugg
|-supereffective|p2a: Avalugg|2
|-crit|p2a: Avalugg
|-damage|p2a: Avalugg|37/100
|move|p1b: Tsareena|Triple Axel|p2b: Noobish
|-damage|p2b: Noobish|71/100
|-damage|p2b: Noobish|61/100
|-damage|p2b: Noobish|43/100
|-hitcount|p2b: Noobish|3
|move|p2b: Noobish|Hammer Arm|p1a: Corviknight
|-damage|p1a: Corviknight|68/100
|-unboost|p2b: Noobish|spe|1
|-damage|p1a: Corviknight|61/100
|-unboost|p2b: Noobish|spe|1
|-hitcount|p1a: Corviknight|2
|cant|p2a: Avalugg|flinch
|
|-weather|Snowscape|[upkeep]
|upkeep
|turn|5
|c|☆jollyybee|;-;
|inactive|Hawkc10ie has 30 seconds left.
|
|t:|1784394847
|move|p1a: Corviknight|Iron Head|p2a: Avalugg
|-supereffective|p2a: Avalugg|2
|-damage|p2a: Avalugg|2/100
|move|p1b: Tsareena|Triple Axel|p2b: Noobish
|-damage|p2b: Noobish|37/100
|-damage|p2b: Noobish|27/100
|-damage|p2b: Noobish|11/100
|-hitcount|p2b: Noobish|3
|move|p2a: Avalugg|Mountain Gale|p1b: Tsareena|[miss]
|-miss|p2a: Avalugg|p1b: Tsareena
|move|p2b: Noobish|Hammer Arm|p1a: Corviknight
|-damage|p1a: Corviknight|34/100
|-unboost|p2b: Noobish|spe|1
|-damage|p1a: Corviknight|26/100
|-unboost|p2b: Noobish|spe|1
|-hitcount|p1a: Corviknight|2
|
|-weather|Snowscape|[upkeep]
|upkeep
|turn|6
|c|☆jollyybee|bro
|
|t:|1784394868
|move|p1a: Corviknight|Iron Head|p2a: Avalugg
|-supereffective|p2a: Avalugg|2
|-damage|p2a: Avalugg|0 fnt
|faint|p2a: Avalugg
|move|p1b: Tsareena|Triple Axel|p2b: Noobish
|-damage|p2b: Noobish|5/100
|-damage|p2b: Noobish|0 fnt
|faint|p2b: Noobish
|-hitcount|p2: Noobish|2
|
|win|Hawkc10ie
||Hawkc10ie is ready for game 2.
||jollyybee is ready for game 2.
|uhtml|next|Next: Game 2 of 3
|l|☆jollyybee
|player|p2|
|l|☆Hawkc10ie
|player|p1|
|j|☆jollyybee
|player|p2|jollyybee|candice|
