|j|☆SFmrmimers
|j|☆dondozo ftw
|html|SFmrmimersdondozo ftw    
|uhtml|bestof|Game 3 of a best-of-3
|t:|1756690550
|gametype|doubles
|player|p1|SFmrmimers|n|1086
|player|p2|dondozo ftw|veteranf|1000
|gen|9
|tier|[Gen 9] VGC 2025 Reg H (Bo3)
|rated|
|rule|Species Clause: Limit one of each Pokémon
|rule|Item Clause: Limit 1 of each item
|clearpoke
|poke|p1|Tyranitar, L50, M|
|poke|p1|Excadrill, L50, M|
|poke|p1|Kommo-o, L50, M|
|poke|p1|Amoonguss, L50, F|
|poke|p1|Kilowattrel, L50, M|
|poke|p1|Incineroar, L50, F|
|poke|p2|Dondozo, L50, F|
|poke|p2|Tatsugiri, L50, F|
|poke|p2|Talonflame, L50, M|
|poke|p2|Indeedee, L50, M|
|poke|p2|Sneasler, L50, M|
|poke|p2|Ursaluna-Bloodmoon, L50, M|
|teampreview|4
|showteam|p1|Tyranitar||AssaultVest|SandStream|RockSlide,KnockOff,TeraBlast,LowKick|||M|||50|,,,,,Flying]Excadrill||FocusSash|SandRush|Earthquake,HighHorsepower,IronHead,Protect|||M|||50|,,,,,Ground]Kommo-o||ThroatSpray|Overcoat|ClangorousSoul,ClangingScales,AuraSphere,Protect|||M|||50|,,,,,Fire]Amoonguss||SitrusBerry|Regenerator|Spore,RagePowder,PollenPuff,Protect|||F|||50|,,,,,Water]Kilowattrel||ChoiceSpecs|Competitive|Thunderbolt,VoltSwitch,Discharge,AirSlash|||M|||50|,,,,,Ghost]Incineroar||SafetyGoggles|Intimidate|FakeOut,PartingShot,KnockOff,Taunt|||F|||50|,,,,,Ghost
|showteam|p2|Dondozo||Leftovers|Unaware|WaveCrash,Earthquake,Protect,BodyPress|||F|||50|,,,,,Grass]Tatsugiri||ChoiceScarf|Commander|MuddyWater,IcyWind,DracoMeteor,DragonPulse|||F|||50|,,,,,Water]Talonflame||CovertCloak|GaleWings|BraveBird,FlareBlitz,Tailwind,WillOWisp|||M|||50|,,,,,Ghost]Indeedee||FocusSash|PsychicSurge|ExpandingForce,Protect,HelpingHand,TrickRoom|||M|||50|,,,,,Psychic]Sneasler||PsychicSeed|Unburden|DireClaw,CloseCombat,ThroatChop,Protect|||M|||50|,,,,,Dark]Ursaluna-Bloodmoon||LifeOrb|MindsEye|BloodMoon,HyperVoice,EarthPower,Protect|||M|||50|,,,,,Normal
|inactive|Battle timer is ON: inactive players will automatically lose when time's up. (requested by dondozo ftw)
|
|t:|1756690566
|teamsize|p1|4
|teamsize|p2|4
|start
|switch|p1a: Tyranitar|Tyranitar, L50, M|100/100
|switch|p1b: Incineroar|Incineroar, L50, F|100/100
|switch|p2a: Sneasler|Sneasler, L50, M|100/100
|switch|p2b: Ursaluna|Ursaluna-Bloodmoon, L50, M|100/100
|-weather|Sandstorm|[from] ability: Sand Stream|[of] p1a: Tyranitar
|-ability|p1b: Incineroar|Intimidate|boost
|-unboost|p2a: Sneasler|atk|1
|-unboost|p2b: Ursaluna|atk|1
|turn|1
|
|t:|1756690585
|switch|p2a: Indeedee|Indeedee, L50, M|100/100
|-fieldstart|move: Psychic Terrain|[from] ability: Psychic Surge|[of] p2a: Indeedee
|-terastallize|p1a: Tyranitar|Flying
|move|p2b: Ursaluna|Earth Power|p1b: Incineroar
|-supereffective|p1b: Incineroar
|-damage|p1b: Incineroar|0 fnt
|faint|p1b: Incineroar
|-damage|p2b: Ursaluna|91/100|[from] item: Life Orb
|move|p1a: Tyranitar|Tera Blast|p2a: Indeedee|[anim] Tera Blast Flying
|-enditem|p2a: Indeedee|Focus Sash
|-damage|p2a: Indeedee|1/100
|
|-weather|Sandstorm|[upkeep]
|-damage|p2a: Indeedee|0 fnt|[from] Sandstorm
|-damage|p1a: Tyranitar|95/100|[from] Sandstorm
|faint|p2a: Indeedee
|upkeep
|
|t:|1756690601
|switch|p2a: Talonflame|Talonflame, L50, M|100/100
|switch|p1b: Excadrill|Excadrill, L50, M, shiny|100/100
|turn|2
|
|t:|1756690609
|move|p1b: Excadrill|Earthquake|p2b: Ursaluna|[spread] p2b
|-immune|p1a: Tyranitar
|-immune|p2a: Talonflame
|-damage|p2b: Ursaluna|52/100
|move|p2a: Talonflame|Flare Blitz|p1b: Excadrill
|-supereffective|p1b: Excadrill
|-enditem|p1b: Excadrill|Focus Sash
|-damage|p1b: Excadrill|1/100
|-damage|p2a: Talonflame|67/100|[from] Recoil
|move|p2b: Ursaluna|Hyper Voice|p1a: Tyranitar|[spread] p1a,p1b
|-resisted|p1b: Excadrill
|-damage|p1a: Tyranitar|66/100
|-damage|p1b: Excadrill|0 fnt
|faint|p1b: Excadrill
|-damage|p2b: Ursaluna|43/100|[from] item: Life Orb
|move|p1a: Tyranitar|Rock Slide|p2b: Ursaluna|[spread] p2a,p2b
|-supereffective|p2a: Talonflame
|-resisted|p2b: Ursaluna
|-damage|p2a: Talonflame|0 fnt
|-damage|p2b: Ursaluna|30/100
|faint|p2a: Talonflame
|
|-weather|Sandstorm|[upkeep]
|-damage|p1a: Tyranitar|60/100|[from] Sandstorm
|upkeep
|
|t:|1756690630
|switch|p2a: Sneasler|Sneasler, L50, M|100/100
|switch|p1b: Kilowattrel|Kilowattrel, L50, M|100/100
|-enditem|p2a: Sneasler|Psychic Seed
|-boost|p2a: Sneasler|spd|1|[from] item: Psychic Seed
|turn|3
|
|t:|1756690643
|move|p2a: Sneasler|Protect|p2a: Sneasler
|-singleturn|p2a: Sneasler|Protect
|move|p2b: Ursaluna|Protect|p2b: Ursaluna
|-singleturn|p2b: Ursaluna|Protect
|move|p1b: Kilowattrel|Air Slash|p2b: Ursaluna
|-activate|p2b: Ursaluna|move: Protect
|move|p1a: Tyranitar|Tera Blast|p2a: Sneasler|[anim] Tera Blast Flying
|-activate|p2a: Sneasler|move: Protect
|
|-weather|Sandstorm|[upkeep]
|-damage|p2a: Sneasler|95/100|[from] Sandstorm
|-damage|p1b: Kilowattrel|94/100|[from] Sandstorm
|-damage|p1a: Tyranitar|54/100|[from] Sandstorm
|upkeep
|turn|4
|j| NotYoAnt
|l| NotYoAnt
|
|t:|1756690660
|-terastallize|p2a: Sneasler|Dark
|move|p2b: Ursaluna|Protect|p2b: Ursaluna
|-singleturn|p2b: Ursaluna|Protect
|move|p2a: Sneasler|Dire Claw|p1a: Tyranitar
|-damage|p1a: Tyranitar|13/100
|move|p1b: Kilowattrel|Air Slash|p2b: Ursaluna
|-activate|p2b: Ursaluna|move: Protect
|move|p1a: Tyranitar|Tera Blast|p2a: Sneasler|[anim] Tera Blast Flying
|-damage|p2a: Sneasler|14/100
|
|-weather|Sandstorm|[upkeep]
|-damage|p2a: Sneasler|8/100|[from] Sandstorm
|-damage|p1b: Kilowattrel|88/100|[from] Sandstorm
|-damage|p1a: Tyranitar|7/100|[from] Sandstorm
|upkeep
|turn|5
|
|t:|1756690680
|move|p2a: Sneasler|Dire Claw|p1a: Tyranitar
|-damage|p1a: Tyranitar|0 fnt
|faint|p1a: Tyranitar
|move|p1b: Kilowattrel|Air Slash|p2b: Ursaluna
|-crit|p2b: Ursaluna
|-damage|p2b: Ursaluna|0 fnt
|faint|p2b: Ursaluna
|
|-weather|none
|-fieldend|move: Psychic Terrain
|upkeep
|turn|6
|
|t:|1756690699
|move|p2a: Sneasler|Dire Claw|p1b: Kilowattrel
|-damage|p1b: Kilowattrel|0 fnt
|faint|p1b: Kilowattrel
|
|win|dondozo ftw
|raw|SFmrmimers's rating: 1086 → 1058(-28 for losing)
|raw|dondozo ftw's rating: 1000 → 1050(+50 for winning)
