|j|☆IneverfinishedOR
|j|☆certified urgl
|html|IneverfinishedORcertified urgl    
|uhtml|bestof|Game 2 of a best-of-3
|t:|1754773792
|gametype|doubles
|player|p1|IneverfinishedOR|102|1317
|player|p2|certified urgl|102|1221
|gen|9
|tier|[Gen 9] VGC 2025 Reg H (Bo3)
|rated|
|rule|Species Clause: Limit one of each Pokémon
|rule|Item Clause: Limit 1 of each item
|clearpoke
|poke|p1|Indeedee-F, L50, F|
|poke|p1|Delphox, L50, M|
|poke|p1|Sneasler, L50, F|
|poke|p1|Incineroar, L50, F|
|poke|p1|Murkrow, L50, M|
|poke|p1|Kommo-o, L50, M|
|poke|p2|Volcarona, L50, F|
|poke|p2|Sneasler, L50, M|
|poke|p2|Dragapult, L50, F|
|poke|p2|Electabuzz, L50, M|
|poke|p2|Primarina, L50, F|
|poke|p2|Rillaboom, L50, M|
|teampreview|4
|showteam|p1|Indeedee-F||RockyHelmet|PsychicSurge|FollowMe,HelpingHand,Imprison,TrickRoom|||F|||50|,,,,,Fairy]Delphox||LifeOrb|Blaze|Protect,NastyPlot,HeatWave,ExpandingForce|||M|||50|,,,,,Psychic]Sneasler||PsychicSeed|Unburden|Protect,CloseCombat,DireClaw,ThroatChop|||F|||50|,,,,,Dark]Incineroar||SafetyGoggles|Intimidate|FakeOut,WillOWisp,KnockOff,PartingShot|||F|||50|,,,,,Ghost]Murkrow||Eviolite|Prankster|FoulPlay,SunnyDay,Haze,Tailwind|||M|||50|,,,,,Ghost]Kommo-o||Leftovers|Bulletproof|Protect,IronDefense,BodyPress,Flamethrower|||M|||50|,,,,,Fire
|showteam|p2|Volcarona||Leftovers|FlameBody|QuiverDance,Flamethrower,GigaDrain,Protect|||F|||50|,,,,,Grass]Sneasler||FocusSash|PoisonTouch|CloseCombat,DireClaw,FakeOut,Protect|||M|||50|,,,,,Stellar]Dragapult||ChoiceBand|ClearBody|DragonDarts,Outrage,Uturn,PhantomForce|||F|||50|,,,,,Dragon]Electabuzz||Eviolite|VitalSpirit|FollowMe,Taunt,Electroweb,Protect|||M|||50|,,,,,Fairy]Primarina||ThroatSpray|LiquidVoice|HyperVoice,Moonblast,Haze,Protect|||F|||50|,,,,,Steel]Rillaboom||AssaultVest|GrassySurge|WoodHammer,GrassyGlide,FakeOut,Uturn|||M|||50|,,,,,Fire
|inactive|Battle timer is ON: inactive players will automatically lose when time's up. (requested by certified urgl)
|inactive|IneverfinishedOR has 60 seconds left.
|inactive|certified urgl has 60 seconds left.
|
|t:|1754773852
|teamsize|p1|4
|teamsize|p2|4
|start
|switch|p1a: Sneasler|Sneasler, L50, F|100/100
|switch|p1b: Delphox|Delphox, L50, M|100/100
|switch|p2a: Sneasler|Sneasler, L50, M|100/100
|switch|p2b: Primarina|Primarina, L50, F|100/100
|turn|1
|
|t:|1754773873
|move|p1a: Sneasler|Protect|p1a: Sneasler
|-singleturn|p1a: Sneasler|Protect
|move|p1b: Delphox|Protect|p1b: Delphox
|-singleturn|p1b: Delphox|Protect
|move|p2a: Sneasler|Dire Claw|p1a: Sneasler
|-activate|p1a: Sneasler|move: Protect
|move|p2b: Primarina|Hyper Voice|p1b: Delphox|[spread] 
|-activate|p1a: Sneasler|move: Protect
|-activate|p1b: Delphox|move: Protect
|
|upkeep
|turn|2
|inactive|IneverfinishedOR has 30 seconds left.
|inactive|certified urgl has 30 seconds left.
|
|t:|1754773913
|move|p2b: Primarina|Protect|p2b: Primarina
|-singleturn|p2b: Primarina|Protect
|move|p2a: Sneasler|Dire Claw|p1a: Sneasler
|-resisted|p1a: Sneasler
|-damage|p1a: Sneasler|64/100
|-status|p1a: Sneasler|slp
|cant|p1a: Sneasler|slp
|move|p1b: Delphox|Expanding Force|p2a: Sneasler
|-supereffective|p2a: Sneasler
|-enditem|p2a: Sneasler|Focus Sash
|-damage|p2a: Sneasler|1/100
|-damage|p1b: Delphox|90/100|[from] item: Life Orb
|
|upkeep
|turn|3
|inactive|IneverfinishedOR has 30 seconds left.
|inactive|IneverfinishedOR has 20 seconds left.
|inactive|IneverfinishedOR has 15 seconds left.
|
|t:|1754773955
|switch|p1b: Indeedee|Indeedee-F, L50, F|100/100
|-fieldstart|move: Psychic Terrain|[from] ability: Psychic Surge|[of] p1b: Indeedee
|-enditem|p1a: Sneasler|Psychic Seed
|-boost|p1a: Sneasler|spd|1|[from] item: Psychic Seed
|cant|p1a: Sneasler|slp
|move|p2a: Sneasler|Dire Claw|p1b: Indeedee
|-damage|p1b: Indeedee|59/100
|-status|p1b: Indeedee|psn
|-damage|p2a: Sneasler|0 fnt|[from] item: Rocky Helmet|[of] p1b: Indeedee
|faint|p2a: Sneasler
|move|p2b: Primarina|Hyper Voice|p1b: Indeedee|[spread] p1a,p1b
|-crit|p1b: Indeedee
|-damage|p1a: Sneasler|32/100 slp
|-damage|p1b: Indeedee|8/100 psn
|-enditem|p2b: Primarina|Throat Spray
|-boost|p2b: Primarina|spa|1|[from] item: Throat Spray
|
|-damage|p1b: Indeedee|0 fnt|[from] psn
|faint|p1b: Indeedee
|upkeep
|
|t:|1754773977
|switch|p2a: Rillaboom|Rillaboom, L50, M|100/100
|switch|p1b: Murkrow|Murkrow, L50, M|100/100
|-fieldstart|move: Grassy Terrain|[from] ability: Grassy Surge|[of] p2a: Rillaboom
|turn|4
|
|t:|1754774001
|cant|p1a: Sneasler|slp
|move|p2a: Rillaboom|Fake Out|p1a: Sneasler
|-damage|p1a: Sneasler|8/100 slp
|move|p1b: Murkrow|Sunny Day|p1b: Murkrow
|-weather|SunnyDay
|move|p2b: Primarina|Hyper Voice|p1b: Murkrow|[spread] p1a,p1b
|-damage|p1a: Sneasler|0 fnt
|-damage|p1b: Murkrow|73/100
|faint|p1a: Sneasler
|
|-weather|SunnyDay|[upkeep]
|upkeep
|
|t:|1754774017
|switch|p1a: Delphox|Delphox, L50, M|90/100
|turn|5
|inactive|IneverfinishedOR has 30 seconds left.
|inactive|IneverfinishedOR has 20 seconds left.
|inactive|IneverfinishedOR has 15 seconds left.
|inactive|IneverfinishedOR has 10 seconds left.
|
|t:|1754774064
|-terastallize|p2a: Rillaboom|Fire
|move|p1a: Delphox|Nasty Plot|p1a: Delphox
|-boost|p1a: Delphox|spa|2
|move|p2a: Rillaboom|Wood Hammer|p1a: Delphox
|-resisted|p1a: Delphox
|-damage|p1a: Delphox|30/100
|-damage|p2a: Rillaboom|86/100|[from] Recoil
|move|p1b: Murkrow|Foul Play|p2a: Rillaboom
|-damage|p2a: Rillaboom|40/100
|move|p2b: Primarina|Hyper Voice|p1a: Delphox|[spread] p1a,p1b
|-supereffective|p1a: Delphox
|-damage|p1a: Delphox|0 fnt
|-damage|p1b: Murkrow|45/100
|faint|p1a: Delphox
|
|-weather|SunnyDay|[upkeep]
|-heal|p2a: Rillaboom|46/100|[from] Grassy Terrain
|upkeep
|turn|6
|-message|IneverfinishedOR forfeited.
|
|win|certified urgl
|raw|IneverfinishedOR's rating: 1317 → 1292(-25 for losing)
|raw|certified urgl's rating: 1221 → 1253(+32 for winning)
|l|☆IneverfinishedOR
|player|p1|
