|j|☆kurozora13
|j|☆naibot2814
|html|kurozora13naibot2814    
|uhtml|bestof|Game 2 of a best-of-3
|t:|1782279996
|gametype|doubles
|player|p1|kurozora13|red|1214
|player|p2|naibot2814|ghetsis|1320
|gen|9
|tier|[Gen 9 Champions] VGC 2026 Reg M-B (Bo3)
|rated|
|rule|Species Clause: Limit one of each Pokémon
|rule|Item Clause: Limit 1 of each item
|clearpoke
|poke|p1|Delphox, L50, M|
|poke|p1|Scizor, L50, M|
|poke|p1|Garchomp, L50, M|
|poke|p1|Grimmsnarl, L50, M|
|poke|p1|Rotom-Wash, L50|
|poke|p1|Sinistcha-Masterpiece, L50|
|poke|p2|Aerodactyl, L50, M|
|poke|p2|Charizard, L50, M|
|poke|p2|Kingambit, L50, M|
|poke|p2|Sylveon, L50, F|
|poke|p2|Garchomp, L50, M, shiny|
|poke|p2|Farigiraf, L50, F|
|teampreview|4
|showteam|p1|Delphox||Delphoxite|Blaze|Protect,Encore,Psyshock,HeatWave|Timid||M|||50|]Scizor||Scizorite|Technician|Protect,SwordsDance,BulletPunch,CloseCombat|Adamant||M|||50|]Garchomp||LifeOrb|RoughSkin|Protect,RockSlide,DragonClaw,Earthquake|Jolly||M|||50|]Grimmsnarl||LightClay|Prankster|Reflect,LightScreen,PartingShot,FoulPlay|Impish||M|||50|]Rotom-Wash||SitrusBerry|Levitate|WillOWisp,VoltSwitch,Thunderbolt,HydroPump|Timid|||||50|]Sinistcha-Masterpiece||Leftovers|Hospitality|TrickRoom,RagePowder,LifeDew,MatchaGotcha|Bold|||||50|
|showteam|p2|Aerodactyl||Aerodactylite|Unnerve|RockSlide,DualWingbeat,IceFang,Tailwind|Jolly||M|||50|]Charizard||CharizarditeY|Blaze|WeatherBall,HeatWave,SolarBeam,Protect|Modest||M|||50|]Kingambit||FocusSash|Defiant|KowtowCleave,SuckerPunch,LowKick,IronHead|Adamant||M|||50|]Sylveon||FairyFeather|Pixilate|HyperVoice,HyperBeam,QuickAttack,Protect|Modest||F|||50|]Garchomp||LifeOrb|SandVeil|DragonClaw,StompingTantrum,Earthquake,Protect|Jolly||M|||50|]Farigiraf||SitrusBerry|ArmorTail|TwinBeam,Thunderbolt,TrickRoom,Roar|Bold||F|||50|
|inactive|Battle timer is ON: inactive players will automatically lose when time's up. (requested by kurozora13)
|
|t:|1782280037
|teamsize|p1|4
|teamsize|p2|4
|start
|switch|p1a: Rotom|Rotom-Wash, L50|100/100
|switch|p1b: Grimmsnarl|Grimmsnarl, L50, M|100/100
|switch|p2a: Charizard|Charizard, L50, M|100/100
|switch|p2b: Sylveon|Sylveon, L50, F|100/100
|turn|1
|
|t:|1782280050
|detailschange|p2a: Charizard|Charizard-Mega-Y, L50, M
|-mega|p2a: Charizard|Charizard|Charizardite Y
|-weather|SunnyDay|[from] ability: Drought|[of] p2a: Charizard
|move|p1b: Grimmsnarl|Light Screen|p1b: Grimmsnarl
|-sidestart|p1: kurozora13|move: Light Screen
|move|p1a: Rotom|Thunderbolt|p2a: Charizard
|-supereffective|p2a: Charizard|1
|-damage|p2a: Charizard|19/100
|move|p2a: Charizard|Solar Beam||[still]
|-prepare|p2a: Charizard|Solar Beam
|-anim|p2a: Charizard|Solar Beam|p1a: Rotom
|-supereffective|p1a: Rotom|1
|-damage|p1a: Rotom|21/100
|-enditem|p1a: Rotom|Sitrus Berry|[eat]
|-heal|p1a: Rotom|45/100|[from] item: Sitrus Berry
|move|p2b: Sylveon|Hyper Voice|p1a: Rotom|[spread] p1a,p1b
|-supereffective|p1b: Grimmsnarl|1
|-damage|p1a: Rotom|0 fnt
|-damage|p1b: Grimmsnarl|42/100
|faint|p1a: Rotom
|
|-weather|SunnyDay|[upkeep]
|upkeep
|
|t:|1782280069
|switch|p1a: Garchomp|Garchomp, L50, M|100/100
|turn|2
|
|t:|1782280085
|switch|p2a: Aerodactyl|Aerodactyl, L50, M|100/100
|-ability|p2a: Aerodactyl|Unnerve
|move|p2b: Sylveon|Protect|p2b: Sylveon
|-singleturn|p2b: Sylveon|Protect
|move|p1b: Grimmsnarl|Parting Shot|p2b: Sylveon
|-activate|p2b: Sylveon|move: Protect
|move|p1a: Garchomp|Rock Slide|p2b: Sylveon|[spread] p2a
|-activate|p2b: Sylveon|move: Protect
|-supereffective|p2a: Aerodactyl|1
|-damage|p2a: Aerodactyl|32/100
|-damage|p1a: Garchomp|90/100|[from] item: Life Orb
|
|-weather|SunnyDay|[upkeep]
|upkeep
|turn|3
|inactive|kurozora13 has 30 seconds left.
|
|t:|1782280110
|move|p1b: Grimmsnarl|Parting Shot|p2b: Sylveon
|-unboost|p2b: Sylveon|atk|1
|-unboost|p2b: Sylveon|spa|1
|
|t:|1782280113
|switch|p1b: Scizor|Scizor, L50, M|100/100|[from] Parting Shot
|move|p2a: Aerodactyl|Tailwind|p2a: Aerodactyl
|-sidestart|p2: naibot2814|move: Tailwind
|move|p2b: Sylveon|Hyper Voice|p1a: Garchomp|[spread] p1a,p1b
|-supereffective|p1a: Garchomp|1
|-resisted|p1b: Scizor|1
|-damage|p1a: Garchomp|42/100
|-damage|p1b: Scizor|86/100
|move|p1a: Garchomp|Rock Slide|p2b: Sylveon|[spread] p2a,p2b
|-supereffective|p2a: Aerodactyl|1
|-damage|p2a: Aerodactyl|0 fnt
|-damage|p2b: Sylveon|73/100
|faint|p2a: Aerodactyl
|-damage|p1a: Garchomp|32/100|[from] item: Life Orb
|
|-weather|SunnyDay|[upkeep]
|upkeep
|
|t:|1782280130
|switch|p2a: Garchomp|Garchomp, L50, M, shiny|100/100
|turn|4
|
|t:|1782280141
|detailschange|p1b: Scizor|Scizor-Mega, L50, M
|-mega|p1b: Scizor|Scizor|Scizorite
|move|p2b: Sylveon|Protect|p2b: Sylveon
|-singleturn|p2b: Sylveon|Protect
|move|p1a: Garchomp|Protect|p1a: Garchomp
|-singleturn|p1a: Garchomp|Protect
|move|p1b: Scizor|Bullet Punch|p2b: Sylveon
|-activate|p2b: Sylveon|move: Protect
|move|p2a: Garchomp|Earthquake|p1b: Scizor|[spread] p1b
|-activate|p2b: Sylveon|move: Protect
|-activate|p1a: Garchomp|move: Protect
|-damage|p1b: Scizor|51/100
|-damage|p2a: Garchomp|90/100|[from] item: Life Orb
|
|-weather|SunnyDay|[upkeep]
|upkeep
|turn|5
|inactive|naibot2814 has 30 seconds left.
|
|t:|1782280174
|switch|p1a: Grimmsnarl|Grimmsnarl, L50, M|42/100
|move|p2b: Sylveon|Quick Attack|p1b: Scizor
|-resisted|p1b: Scizor|1
|-damage|p1b: Scizor|48/100
|move|p1b: Scizor|Bullet Punch|p2b: Sylveon
|-supereffective|p2b: Sylveon|1
|-damage|p2b: Sylveon|0 fnt
|faint|p2b: Sylveon
|move|p2a: Garchomp|Earthquake|p1a: Grimmsnarl|[spread] p1a,p1b
|-damage|p1a: Grimmsnarl|0 fnt
|-damage|p1b: Scizor|12/100
|faint|p1a: Grimmsnarl
|-damage|p2a: Garchomp|80/100|[from] item: Life Orb
|
|-weather|none
|upkeep
|
|t:|1782280187
|switch|p2b: Charizard|Charizard-Mega-Y, L50, M|19/100
|switch|p1a: Garchomp|Garchomp, L50, M|32/100
|-weather|SunnyDay|[from] ability: Drought|[of] p2b: Charizard
|turn|6
|
|t:|1782280211
|move|p1a: Garchomp|Protect|p1a: Garchomp
|-singleturn|p1a: Garchomp|Protect
|move|p1b: Scizor|Bullet Punch|p2b: Charizard
|-resisted|p2b: Charizard|1
|-damage|p2b: Charizard|1/100
|move|p2a: Garchomp|Earthquake|p1a: Garchomp|[spread] p1b
|-activate|p1a: Garchomp|move: Protect
|-immune|p2b: Charizard
|-damage|p1b: Scizor|0 fnt
|faint|p1b: Scizor
|-damage|p2a: Garchomp|70/100|[from] item: Life Orb
|move|p2b: Charizard|Solar Beam||[still]
|-prepare|p2b: Charizard|Solar Beam
|-anim|p2b: Charizard|Solar Beam|p1a: Garchomp
|-activate|p1a: Garchomp|move: Protect
|
|-weather|SunnyDay|[upkeep]
|-sideend|p2: naibot2814|move: Tailwind
|upkeep
|turn|7
|
|t:|1782280228
|move|p1a: Garchomp|Dragon Claw|p2a: Garchomp
|-supereffective|p2a: Garchomp|1
|-damage|p2a: Garchomp|0 fnt
|faint|p2a: Garchomp
|-damage|p1a: Garchomp|23/100|[from] item: Life Orb
|move|p2b: Charizard|Solar Beam||[still]
|-prepare|p2b: Charizard|Solar Beam
|-anim|p2b: Charizard|Solar Beam|p1a: Garchomp
|-damage|p1a: Garchomp|0 fnt
|faint|p1a: Garchomp
|
|win|naibot2814
||kurozora13 is ready for game 3.
||naibot2814 is ready for game 3.
|uhtml|next|Next: Game 3 of 3
|l|☆kurozora13
|player|p1|
