|j|☆murimuri evolution
|j|☆porygon peo
|html|murimuri evolutionporygon peo    
|uhtml|bestof|Game 2 of a best-of-3
|t:|1786066628
|gametype|doubles
|player|p1|murimuri evolution|265|1286
|player|p2|porygon peo|skier|1401
|gen|9
|tier|[Gen 9 Champions] VGC 2026 Reg M-B (Bo3)
|rated|
|rule|Species Clause: Limit one of each Pokémon
|rule|Item Clause: Limit 1 of each item
|clearpoke
|poke|p1|Staraptor, L50, F|
|poke|p1|Tyranitar, L50, M|
|poke|p1|Excadrill, L50, M|
|poke|p1|Gholdengo, L50|
|poke|p1|Milotic, L50, M|
|poke|p1|Venusaur, L50, F|
|poke|p2|Charizard, L50, F|
|poke|p2|Glimmora, L50, M|
|poke|p2|Whimsicott, L50, F|
|poke|p2|Ninetales-Alola, L50, F|
|poke|p2|Kingambit, L50, F|
|poke|p2|Kommo-o, L50, M|
|teampreview|4
|showteam|p1|Staraptor||Staraptite|Intimidate|Protect,BraveBird,CloseCombat,Tailwind|Jolly||F|||50|]Tyranitar||ChoiceScarf|SandStream|RockSlide,KnockOff,IcePunch,LowKick|Jolly||M|||50|]Excadrill||FocusSash|SandRush|Protect,Earthquake,IronHead,RockSlide|Adamant||M|||50|]Gholdengo||LifeOrb|GoodasGold|Protect,MakeItRain,ShadowBall,PowerGem|Timid|||||50|]Milotic||SitrusBerry|Competitive|Protect,MuddyWater,IceBeam,DragonTail|Modest||M|||50|]Venusaur||Venusaurite|Chlorophyll|Protect,GigaDrain,SludgeBomb,EarthPower|Modest||F|||50|
|showteam|p2|Charizard||CharizarditeY|Blaze|HeatWave,WeatherBall,SolarBeam,Protect|Modest||F|||50|]Glimmora||Glimmoranite|ToxicDebris|SludgeBomb,PowerGem,EarthPower,SpikyShield|Modest||M|||50|]Whimsicott||FocusSash|Prankster|Moonblast,Tailwind,Encore,Protect|Timid||F|||50|]Ninetales-Alola||NeverMeltIce|SnowWarning|Blizzard,FreezeDry,Disable,Protect|Timid||F|||50|]Kingambit||BlackGlasses|Defiant|KowtowCleave,SuckerPunch,IronHead,Protect|Adamant||F|||50|]Kommo-o||LifeOrb|Overcoat|ClangingScales,AuraSphere,VacuumWave,Protect|Modest||M|||50|
|inactive|Battle timer is ON: inactive players will automatically lose when time's up. (requested by porygon peo)
|
|t:|1786066642
|teamsize|p1|4
|teamsize|p2|4
|start
|switch|p1a: Venusaur|Venusaur, L50, F|100/100
|switch|p1b: Excadrill|Excadrill, L50, M|100/100
|switch|p2a: Kommo-o|Kommo-o, L50, M|100/100
|switch|p2b: Whimsicott|Whimsicott, L50, F|100/100
|turn|1
|inactive|murimuri evolution has 30 seconds left.
|inactive|murimuri evolution has 20 seconds left.
|
|t:|1786066678
|detailschange|p1a: Venusaur|Venusaur-Mega, L50, F
|-mega|p1a: Venusaur|Venusaur|Venusaurite
|move|p2b: Whimsicott|Tailwind|p2b: Whimsicott
|-sidestart|p2: porygon peo|move: Tailwind
|move|p2a: Kommo-o|Clanging Scales|p1b: Excadrill|[spread] p1a,p1b
|-resisted|p1b: Excadrill|1
|-damage|p1a: Venusaur|58/100
|-damage|p1b: Excadrill|67/100
|-unboost|p2a: Kommo-o|def|1
|-damage|p2a: Kommo-o|90/100|[from] item: Life Orb
|move|p1b: Excadrill|Iron Head|p2a: Kommo-o
|-damage|p2a: Kommo-o|16/100
|move|p1a: Venusaur|Sludge Bomb|p2a: Kommo-o
|-damage|p2a: Kommo-o|0 fnt
|faint|p2a: Kommo-o
|
|upkeep
|
|t:|1786066689
|switch|p2a: Charizard|Charizard, L50, F|100/100
|turn|2
|inactive|murimuri evolution has 30 seconds left.
|inactive|murimuri evolution has 20 seconds left.
|inactive|murimuri evolution has 15 seconds left.
|
|t:|1786066731
|detailschange|p2a: Charizard|Charizard-Mega-Y, L50, F
|-mega|p2a: Charizard|Charizard|Charizardite Y
|-weather|SunnyDay|[from] ability: Drought|[of] p2a: Charizard
|move|p1b: Excadrill|Protect|p1b: Excadrill
|-singleturn|p1b: Excadrill|Protect
|move|p1a: Venusaur|Protect|p1a: Venusaur
|-singleturn|p1a: Venusaur|Protect
|move|p2b: Whimsicott|Encore|p1b: Excadrill
|-activate|p1b: Excadrill|move: Protect
|move|p2a: Charizard|Heat Wave|p1b: Excadrill|[spread] 
|-activate|p1a: Venusaur|move: Protect
|-activate|p1b: Excadrill|move: Protect
|
|-weather|SunnyDay|[upkeep]
|upkeep
|turn|3
|
|t:|1786066751
|switch|p2a: Kingambit|Kingambit, L50, F|100/100
|switch|p1b: Tyranitar|Tyranitar, L50, M|100/100
|-weather|Sandstorm|[from] ability: Sand Stream|[of] p1b: Tyranitar
|move|p2b: Whimsicott|Encore|p1a: Venusaur
|-start|p1a: Venusaur|Encore
|move|p1a: Venusaur|Protect||[still]
|-fail|p1a: Venusaur
|
|-weather|Sandstorm|[upkeep]
|-damage|p2b: Whimsicott|94/100|[from] Sandstorm
|-damage|p1a: Venusaur|52/100|[from] Sandstorm
|upkeep
|turn|4
|inactive|murimuri evolution has 30 seconds left.
|
|t:|1786066779
|switch|p1a: Gholdengo|Gholdengo, L50|100/100
|move|p2b: Whimsicott|Moonblast|p1b: Tyranitar
|-supereffective|p1b: Tyranitar|1
|-damage|p1b: Tyranitar|55/100
|move|p2a: Kingambit|Iron Head|p1b: Tyranitar
|-supereffective|p1b: Tyranitar|1
|-damage|p1b: Tyranitar|0 fnt
|faint|p1b: Tyranitar
|
|-weather|Sandstorm|[upkeep]
|-damage|p2b: Whimsicott|88/100|[from] Sandstorm
|-sideend|p2: porygon peo|move: Tailwind
|upkeep
|
|t:|1786066796
|switch|p1b: Excadrill|Excadrill, L50, M|67/100
|turn|5
|
|t:|1786066814
|switch|p1b: Venusaur|Venusaur-Mega, L50, F|52/100
|move|p2b: Whimsicott|Protect|p2b: Whimsicott
|-singleturn|p2b: Whimsicott|Protect
|move|p2a: Kingambit|Protect|p2a: Kingambit
|-singleturn|p2a: Kingambit|Protect
|move|p1a: Gholdengo|Make It Rain|p2a: Kingambit|[spread] 
|-activate|p2a: Kingambit|move: Protect
|-activate|p2b: Whimsicott|move: Protect
|
|-weather|Sandstorm|[upkeep]
|-damage|p2b: Whimsicott|82/100|[from] Sandstorm
|-damage|p1b: Venusaur|46/100|[from] Sandstorm
|upkeep
|turn|6
|
|t:|1786066835
|move|p2b: Whimsicott|Tailwind|p2b: Whimsicott
|-sidestart|p2: porygon peo|move: Tailwind
|move|p2a: Kingambit|Kowtow Cleave|p1a: Gholdengo
|-supereffective|p1a: Gholdengo|1
|-damage|p1a: Gholdengo|0 fnt
|faint|p1a: Gholdengo
|move|p1b: Venusaur|Earth Power|p2a: Kingambit
|-supereffective|p2a: Kingambit|1
|-damage|p2a: Kingambit|31/100
|
|-weather|Sandstorm|[upkeep]
|-damage|p2b: Whimsicott|76/100|[from] Sandstorm
|-damage|p1b: Venusaur|40/100|[from] Sandstorm
|upkeep
|
|t:|1786066846
|switch|p1a: Excadrill|Excadrill, L50, M|67/100
|turn|7
|
|t:|1786066854
|switch|p2b: Charizard|Charizard-Mega-Y, L50, F|100/100
|-weather|SunnyDay|[from] ability: Drought|[of] p2b: Charizard
|move|p2a: Kingambit|Kowtow Cleave|p1a: Excadrill
|-damage|p1a: Excadrill|0 fnt
|faint|p1a: Excadrill
|move|p1b: Venusaur|Sludge Bomb|p2b: Charizard
|-damage|p2b: Charizard|54/100
|
|-weather|SunnyDay|[upkeep]
|upkeep
|turn|8
|-message|murimuri evolution forfeited.
|
|win|porygon peo
||porygon peo is ready for game 3.
||murimuri evolution is ready for game 3.
|uhtml|next|Next: Game 3 of 3
