|j|☆elsturito
|j|☆RayN2198
|html|elsturitoRayN2198    
|uhtml|bestof|Game 1 of a best-of-3
|t:|1756781644
|gametype|doubles
|player|p1|elsturito|266|
|player|p2|RayN2198|169|
|gen|9
|tier|[Gen 9] VGC 2025 Reg H (Bo3)
|rule|Species Clause: Limit one of each Pokémon
|rule|Item Clause: Limit 1 of each item
|clearpoke
|poke|p1|Whimsicott, L50, M|
|poke|p1|Gholdengo, L50|
|poke|p1|Incineroar, L50, F|
|poke|p1|Rillaboom, L50, F|
|poke|p1|Dragonite, L50, F|
|poke|p1|Magmar, L50, M|
|poke|p2|Sneasler, L50, M|
|poke|p2|Indeedee, L50, M|
|poke|p2|Volcarona, L50, F|
|poke|p2|Ursaluna-Bloodmoon, L50, M|
|poke|p2|Annihilape, L50, F|
|poke|p2|Tyranitar, L50, M|
|teampreview|4
|showteam|p1|Whimsicott||CovertCloak|Prankster|Protect,Tailwind,Moonblast,Encore|||M|||50|,,,,,Dark]Gholdengo||Leftovers|GoodasGold|Protect,NastyPlot,MakeItRain,ShadowBall||||||50|,,,,,Steel]Incineroar||SafetyGoggles|Intimidate|FakeOut,PartingShot,FlareBlitz,KnockOff|||F|||50|,,,,,Ghost]Rillaboom||AssaultVest|GrassySurge|FakeOut,Uturn,WoodHammer,GrassyGlide|||F|||50|,,,,,Water]Dragonite||LoadedDice|Multiscale|Protect,ScaleShot,Haze,Tailwind|||F|||50|,,,,,Fairy]Magmar||Eviolite|VitalSpirit|Protect,FollowMe,Overheat,WillOWisp|||M|||50|,,,,,Ghost
|showteam|p2|Sneasler||PsychicSeed|Unburden|CloseCombat,DireClaw,ThroatChop,Protect|||M|||50|,,,,,Dark]Indeedee||ChoiceScarf|PsychicSurge|ExpandingForce,TeraBlast,Trick,Protect|||M|||50|,,,,,Psychic]Volcarona||SitrusBerry|FlameBody|Overheat,StruggleBug,RagePowder,Tailwind|||F|||50|,,,,,Grass]Ursaluna-Bloodmoon||LifeOrb|MindsEye|BloodMoon,HyperVoice,EarthPower,Protect|||M|||50|,,,,,Normal]Annihilape||SafetyGoggles|Defiant|CloseCombat,RageFist,Taunt,FinalGambit|||F|||50|,,,,,Fairy]Tyranitar||AssaultVest|SandStream|RockSlide,KnockOff,TeraBlast,LowKick|||M|||50|,,,,,Flying
|
|t:|1756781655
|teamsize|p1|4
|teamsize|p2|4
|start
|switch|p1a: Rillaboom|Rillaboom, L50, F|100/100
|switch|p1b: Gholdengo|Gholdengo, L50|100/100
|switch|p2a: Sneasler|Sneasler, L50, M|100/100
|switch|p2b: Volcarona|Volcarona, L50, F|100/100
|-fieldstart|move: Grassy Terrain|[from] ability: Grassy Surge|[of] p1a: Rillaboom
|turn|1
|
|t:|1756781938
|switch|p1b: Dragonite|Dragonite, L50, F|100/100
|switch|p1a: Incineroar|Incineroar, L50, F|100/100
|-ability|p1a: Incineroar|Intimidate|boost
|-unboost|p2a: Sneasler|atk|1
|-unboost|p2b: Volcarona|atk|1
|move|p2a: Sneasler|Dire Claw|p1a: Incineroar
|-damage|p1a: Incineroar|73/100
|-status|p1a: Incineroar|slp
|move|p2b: Volcarona|Tailwind|p2b: Volcarona
|-sidestart|p2: RayN2198|move: Tailwind
|
|-heal|p1a: Incineroar|79/100 slp|[from] Grassy Terrain
|upkeep
|turn|2
|
|t:|1756782234
|switch|p2a: Annihilape|Annihilape, L50, F|100/100
|move|p1b: Dragonite|Protect|p1b: Dragonite
|-singleturn|p1b: Dragonite|Protect
|cant|p1a: Incineroar|slp
|move|p2b: Volcarona|Overheat|p1b: Dragonite
|-activate|p1b: Dragonite|move: Protect
|
|-heal|p1a: Incineroar|85/100 slp|[from] Grassy Terrain
|upkeep
|turn|3
|
|t:|1756782307
|move|p2b: Volcarona|Overheat|p1b: Dragonite|[miss]
|-miss|p2b: Volcarona|p1b: Dragonite
|move|p2a: Annihilape|Close Combat|p1a: Incineroar
|-supereffective|p1a: Incineroar
|-damage|p1a: Incineroar|0 fnt
|-unboost|p2a: Annihilape|def|1
|-unboost|p2a: Annihilape|spd|1
|faint|p1a: Incineroar
|move|p1b: Dragonite|Scale Shot|p2b: Volcarona
|-damage|p2b: Volcarona|83/100
|-damage|p2b: Volcarona|65/100
|-damage|p2b: Volcarona|46/100
|-enditem|p2b: Volcarona|Sitrus Berry|[eat]
|-heal|p2b: Volcarona|71/100|[from] item: Sitrus Berry
|-damage|p2b: Volcarona|52/100
|-hitcount|p2b: Volcarona|4
|-unboost|p1b: Dragonite|def|1
|-boost|p1b: Dragonite|spe|1
|
|-heal|p2b: Volcarona|58/100|[from] Grassy Terrain
|upkeep
|
|t:|1756782337
|switch|p1a: Gholdengo|Gholdengo, L50|100/100
|turn|4
|
|t:|1756782539
|move|p1b: Dragonite|Protect|p1b: Dragonite
|-singleturn|p1b: Dragonite|Protect
|move|p1a: Gholdengo|Protect|p1a: Gholdengo
|-singleturn|p1a: Gholdengo|Protect
|move|p2b: Volcarona|Overheat|p1a: Gholdengo
|-activate|p1a: Gholdengo|move: Protect
|move|p2a: Annihilape|Final Gambit|p1b: Dragonite
|-activate|p1b: Dragonite|move: Protect
|
|-heal|p2b: Volcarona|64/100|[from] Grassy Terrain
|-sideend|p2: RayN2198|move: Tailwind
|upkeep
|turn|5
|
|t:|1756782618
|-terastallize|p2a: Annihilape|Fairy
|move|p1b: Dragonite|Tailwind|p1b: Dragonite
|-sidestart|p1: elsturito|move: Tailwind
|move|p1a: Gholdengo|Shadow Ball|p2a: Annihilape
|-damage|p2a: Annihilape|34/100
|move|p2b: Volcarona|Overheat|p1a: Gholdengo
|-supereffective|p1a: Gholdengo
|-damage|p1a: Gholdengo|0 fnt
|-unboost|p2b: Volcarona|spa|2
|faint|p1a: Gholdengo
|move|p2a: Annihilape|Final Gambit|p1b: Dragonite
|-damage|p1b: Dragonite|58/100
|faint|p2a: Annihilape
|
|-heal|p2b: Volcarona|70/100|[from] Grassy Terrain
|-fieldend|move: Grassy Terrain
|upkeep
|
|t:|1756782682
|switch|p2a: Sneasler|Sneasler, L50, M|100/100
|switch|p1a: Rillaboom|Rillaboom, L50, F|100/100
|-fieldstart|move: Grassy Terrain|[from] ability: Grassy Surge|[of] p1a: Rillaboom
|turn|6
|
|t:|1756782736
|-terastallize|p1a: Rillaboom|Water
|move|p1a: Rillaboom|Fake Out|p2a: Sneasler
|-damage|p2a: Sneasler|79/100
|move|p1b: Dragonite|Scale Shot|p2b: Volcarona
|-damage|p2b: Volcarona|52/100
|-damage|p2b: Volcarona|33/100
|-damage|p2b: Volcarona|14/100
|-damage|p2b: Volcarona|0 fnt
|faint|p2b: Volcarona
|-hitcount|p2: Volcarona|4
|-unboost|p1b: Dragonite|def|1
|-boost|p1b: Dragonite|spe|1
|cant|p2a: Sneasler|flinch
|
|-heal|p2a: Sneasler|85/100|[from] Grassy Terrain
|upkeep
|
|t:|1756782755
|switch|p2b: Tyranitar|Tyranitar, L50, M|100/100
|-weather|Sandstorm|[from] ability: Sand Stream|[of] p2b: Tyranitar
|turn|7
|
|t:|1756782813
|move|p1b: Dragonite|Scale Shot|p2a: Sneasler
|-damage|p2a: Sneasler|60/100
|-damage|p2a: Sneasler|35/100
|-damage|p2a: Sneasler|8/100
|-damage|p2a: Sneasler|0 fnt
|faint|p2a: Sneasler
|-hitcount|p2: Sneasler|4
|-unboost|p1b: Dragonite|def|1
|-boost|p1b: Dragonite|spe|1
|move|p1a: Rillaboom|Wood Hammer|p2b: Tyranitar
|-supereffective|p2b: Tyranitar
|-damage|p2b: Tyranitar|0 fnt
|faint|p2b: Tyranitar
|-damage|p1a: Rillaboom|70/100|[from] Recoil
|
|win|elsturito
|inactive|elsturito has 30 seconds to confirm battle start!
|inactive|RayN2198 has 30 seconds to confirm battle start!
|inactive|elsturito has 20 seconds to confirm battle start!
|inactive|RayN2198 has 20 seconds to confirm battle start!
||elsturito is ready for game 2.
|inactive|RayN2198 has 10 seconds to confirm battle start!
||RayN2198 is ready for game 2.
|uhtml|next|Next: Game 2 of 3
