|j|☆ultraclaw1
|j|☆lucasmalt
|html|ultraclaw1lucasmalt    
|uhtml|bestof|Game 1 of a best-of-3
|t:|1785338958
|gametype|doubles
|player|p1|ultraclaw1|brycenman|1389
|player|p2|lucasmalt|170|1419
|gen|9
|tier|[Gen 9 Champions] VGC 2026 Reg M-B (Bo3)
|rated|
|rule|Species Clause: Limit one of each Pokémon
|rule|Item Clause: Limit 1 of each item
|clearpoke
|poke|p1|Maushold, L50|
|poke|p1|Kingambit, L50, F|
|poke|p1|Garchomp, L50, M|
|poke|p1|Basculegion, L50, M|
|poke|p1|Talonflame, L50, F|
|poke|p1|Floette-Eternal, L50, F|
|poke|p2|Tyranitar, L50, M, shiny|
|poke|p2|Excadrill, L50, F, shiny|
|poke|p2|Gholdengo, L50|
|poke|p2|Sinistcha, L50, shiny|
|poke|p2|Milotic, L50, F, shiny|
|poke|p2|Staraptor, L50, F, shiny|
|teampreview|4
|showteam|p1|Maushold||FocusSash|FriendGuard|SuperFang,Taunt,FollowMe,Protect|Timid|||||50|]Kingambit||ChopleBerry|Defiant|KowtowCleave,SuckerPunch,LowKick,IronHead|Adamant||F|||50|]Garchomp||LifeOrb|RoughSkin|RockSlide,Earthquake,DragonClaw,Protect|Jolly||M|||50|]Basculegion||MysticWater|Adaptability|WaveCrash,LastRespects,AquaJet,Protect|Adamant||M|||50|]Talonflame||SharpBeak|GaleWings|QuickGuard,DualWingbeat,Tailwind,Protect|Jolly||F|||50|]Floette-Eternal||Floettite|FlowerVeil|LightofRuin,Protect,Moonblast,DazzlingGleam|Modest||F|||50|
|showteam|p2|Tyranitar||Tyranitarite|SandStream|RockSlide,KnockOff,LowKick,Protect|Adamant||M|||50|]Excadrill||FocusSash|SandRush|IronHead,HighHorsepower,RockSlide,Protect|Adamant||F|||50|]Gholdengo||LifeOrb|GoodasGold|ShadowBall,MakeItRain,NastyPlot,Protect|Modest|||||50|]Sinistcha||ColburBerry|Hospitality|MatchaGotcha,RagePowder,TrickRoom,Protect|Bold|||||50|]Milotic||SitrusBerry|Competitive|Scald,IceBeam,Recover,Protect|Modest||F|||50|]Staraptor||Staraptite|Intimidate|BraveBird,CloseCombat,Tailwind,Protect|Jolly||F|||50|
|inactive|Battle timer is ON: inactive players will automatically lose when time's up. (requested by ultraclaw1)
|inactive|ultraclaw1 has 60 seconds left.
|inactive|lucasmalt has 60 seconds left.
|c|☆ultraclaw1|lol
|c|☆ultraclaw1|why is this team so popular
|
|t:|1785339001
|teamsize|p1|4
|teamsize|p2|4
|start
|switch|p1a: Garchomp|Garchomp, L50, M|100/100
|switch|p1b: Talonflame|Talonflame, L50, F|100/100
|switch|p2a: Excadrill|Excadrill, L50, F, shiny|100/100
|switch|p2b: Tyranitar|Tyranitar, L50, M, shiny|100/100
|-weather|Sandstorm|[from] ability: Sand Stream|[of] p2b: Tyranitar
|turn|1
|
|t:|1785339015
|switch|p2b: Staraptor|Staraptor, L50, F, shiny|100/100
|-ability|p2b: Staraptor|Intimidate|boost
|-unboost|p1a: Garchomp|atk|1
|-unboost|p1b: Talonflame|atk|1
|move|p2a: Excadrill|Protect|p2a: Excadrill
|-singleturn|p2a: Excadrill|Protect
|move|p1b: Talonflame|Tailwind|p1b: Talonflame
|-sidestart|p1: ultraclaw1|move: Tailwind
|move|p1a: Garchomp|Earthquake|p2a: Excadrill|[spread] 
|-activate|p2a: Excadrill|move: Protect
|-immune|p1b: Talonflame
|-immune|p2b: Staraptor
|
|-weather|Sandstorm|[upkeep]
|-damage|p1b: Talonflame|94/100|[from] Sandstorm
|-damage|p2b: Staraptor|93/100|[from] Sandstorm
|upkeep
|turn|2
|inactive|lucasmalt has 30 seconds left.
|inactive|lucasmalt has 20 seconds left.
|inactive|lucasmalt has 15 seconds left.
|
|t:|1785339056
|switch|p2a: Gholdengo|Gholdengo, L50|100/100
|detailschange|p2b: Staraptor|Staraptor-Mega, L50, F, shiny
|-mega|p2b: Staraptor|Staraptor|Staraptite
|move|p1b: Talonflame|Dual Wingbeat|p2a: Gholdengo
|-resisted|p2a: Gholdengo|1
|-damage|p2a: Gholdengo|93/100
|-resisted|p2a: Gholdengo|1
|-damage|p2a: Gholdengo|86/100
|-hitcount|p2a: Gholdengo|2
|move|p1a: Garchomp|Earthquake|p2a: Gholdengo|[spread] p2a
|-immune|p1b: Talonflame
|-immune|p2b: Staraptor
|-supereffective|p2a: Gholdengo|1
|-damage|p2a: Gholdengo|16/100
|-damage|p1a: Garchomp|90/100|[from] item: Life Orb
|move|p2b: Staraptor|Tailwind|p2b: Staraptor
|-sidestart|p2: lucasmalt|move: Tailwind
|
|-weather|Sandstorm|[upkeep]
|-damage|p1b: Talonflame|88/100|[from] Sandstorm
|-damage|p2b: Staraptor|87/100|[from] Sandstorm
|upkeep
|turn|3
|
|t:|1785339070
|move|p1b: Talonflame|Dual Wingbeat|p2b: Staraptor
|-supereffective|p2b: Staraptor|1
|-damage|p2b: Staraptor|65/100
|-supereffective|p2b: Staraptor|1
|-damage|p2b: Staraptor|42/100
|-hitcount|p2b: Staraptor|2
|move|p2b: Staraptor|Close Combat|p1a: Garchomp
|-damage|p1a: Garchomp|28/100
|-boost|p2b: Staraptor|def|1
|-boost|p2b: Staraptor|spd|1
|-damage|p2b: Staraptor|30/100|[from] ability: Rough Skin|[of] p1a: Garchomp
|move|p1a: Garchomp|Rock Slide|p2b: Staraptor|[spread] p2b
|-miss|p1a: Garchomp|p2a: Gholdengo
|-damage|p2b: Staraptor|18/100
|-damage|p1a: Garchomp|18/100|[from] item: Life Orb
|move|p2a: Gholdengo|Make It Rain|p1a: Garchomp|[spread] p1a,p1b
|-resisted|p1b: Talonflame|1
|-damage|p1a: Garchomp|0 fnt
|-damage|p1b: Talonflame|36/100
|-unboost|p2a: Gholdengo|spa|2
|faint|p1a: Garchomp
|-damage|p2a: Gholdengo|7/100|[from] item: Life Orb
|
|-weather|Sandstorm|[upkeep]
|-damage|p1b: Talonflame|30/100|[from] Sandstorm
|-damage|p2b: Staraptor|12/100|[from] Sandstorm
|upkeep
|
|t:|1785339077
|switch|p1a: Basculegion|Basculegion, L50, M|100/100
|turn|4
|
|t:|1785339098
|switch|p2b: Tyranitar|Tyranitar, L50, M, shiny|100/100
|move|p1a: Basculegion|Aqua Jet|p2a: Gholdengo
|-damage|p2a: Gholdengo|0 fnt
|faint|p2a: Gholdengo
|move|p1b: Talonflame|Dual Wingbeat|p2b: Tyranitar
|-resisted|p2b: Tyranitar|1
|-damage|p2b: Tyranitar|95/100
|-resisted|p2b: Tyranitar|1
|-damage|p2b: Tyranitar|89/100
|-hitcount|p2b: Tyranitar|2
|
|-weather|Sandstorm|[upkeep]
|-damage|p1b: Talonflame|24/100|[from] Sandstorm
|-damage|p1a: Basculegion|93/100|[from] Sandstorm
|-sideend|p1: ultraclaw1|move: Tailwind
|upkeep
|
|t:|1785339102
|switch|p2a: Excadrill|Excadrill, L50, F, shiny|100/100
|turn|5
|
|t:|1785339114
|move|p1b: Talonflame|Protect|p1b: Talonflame
|-singleturn|p1b: Talonflame|Protect
|move|p1a: Basculegion|Protect|p1a: Basculegion
|-singleturn|p1a: Basculegion|Protect
|move|p2a: Excadrill|Rock Slide|p1b: Talonflame|[spread] 
|-activate|p1a: Basculegion|move: Protect
|-activate|p1b: Talonflame|move: Protect
|move|p2b: Tyranitar|Knock Off|p1a: Basculegion
|-activate|p1a: Basculegion|move: Protect
|
|-weather|none
|-sideend|p2: lucasmalt|move: Tailwind
|upkeep
|turn|6
|
|t:|1785339124
|move|p1b: Talonflame|Tailwind|p1b: Talonflame
|-sidestart|p1: ultraclaw1|move: Tailwind
|move|p1a: Basculegion|Wave Crash|p2b: Tyranitar
|-supereffective|p2b: Tyranitar|1
|-damage|p2b: Tyranitar|0 fnt
|faint|p2b: Tyranitar
|-damage|p1a: Basculegion|64/100|[from] Recoil
|move|p2a: Excadrill|Rock Slide|p1b: Talonflame|[spread] p1a,p1b
|-supereffective|p1b: Talonflame|2
|-damage|p1a: Basculegion|39/100
|-damage|p1b: Talonflame|0 fnt
|faint|p1b: Talonflame
|
|upkeep
|
|t:|1785339133
|switch|p1b: Kingambit|Kingambit, L50, F|100/100
|switch|p2b: Staraptor|Staraptor-Mega, L50, F, shiny|12/100
|turn|7
|
|t:|1785339151
|move|p1a: Basculegion|Aqua Jet|p2a: Excadrill
|-supereffective|p2a: Excadrill|1
|-damage|p2a: Excadrill|8/100
|move|p1b: Kingambit|Sucker Punch|p2b: Staraptor
|-resisted|p2b: Staraptor|1
|-damage|p2b: Staraptor|0 fnt
|faint|p2b: Staraptor
|move|p2a: Excadrill|High Horsepower|p1b: Kingambit
|-supereffective|p1b: Kingambit|1
|-damage|p1b: Kingambit|21/100
|
|upkeep
|turn|8
|
|t:|1785339158
|move|p1a: Basculegion|Aqua Jet|p2a: Excadrill
|-supereffective|p2a: Excadrill|1
|-damage|p2a: Excadrill|0 fnt
|faint|p2a: Excadrill
|
|win|ultraclaw1
||ultraclaw1 is ready for game 2.
