|j|☆fumomarlboro
|j|☆arrascaxeira
|html|fumomarlboroarrascaxeira    
|uhtml|bestof|Game 3 of a best-of-3
|t:|1756779021
|gametype|doubles
|player|p1|fumomarlboro|1|1242
|player|p2|arrascaxeira|101|1170
|gen|9
|tier|[Gen 9] VGC 2025 Reg H (Bo3)
|rated|
|rule|Species Clause: Limit one of each Pokémon
|rule|Item Clause: Limit 1 of each item
|clearpoke
|poke|p1|Rillaboom, L50, M|
|poke|p1|Basculegion, L50, M|
|poke|p1|Volcarona, L50, M|
|poke|p1|Tyranitar, L50, M|
|poke|p1|Dragonite, L50, M|
|poke|p1|Incineroar, L50, M|
|poke|p2|Gholdengo, L50|
|poke|p2|Rillaboom, L50, F|
|poke|p2|Tauros-Paldea-Aqua, L50, M|
|poke|p2|Dragonite, L50, M|
|poke|p2|Clefable, L50, M|
|poke|p2|Incineroar, L50, F|
|teampreview|4
|showteam|p1|Rillaboom||MiracleSeed|GrassySurge|WoodHammer,GrassyGlide,HighHorsepower,FakeOut|||M|||50|,,,,,Fire]Basculegion||ChoiceScarf|Adaptability|WaveCrash,LastRespects,FlipTurn,TeraBlast|||M|||50|,,,,,Grass]Volcarona||Leftovers|FlameBody|HeatWave,TeraBlast,QuiverDance,Protect|||M|||50|,,,,,Fairy]Tyranitar||AssaultVest|SandStream|RockSlide,KnockOff,TeraBlast,LowKick|||M|||50|,,,,,Flying]Dragonite||LoadedDice|Multiscale|ExtremeSpeed,ScaleShot,Protect,Haze|||M|||50|,,,,,Fairy]Incineroar||SafetyGoggles|Intimidate|FakeOut,FlareBlitz,KnockOff,PartingShot|||M|||50|,,,,,Ghost
|showteam|p2|Gholdengo||GrassySeed|GoodasGold|NastyPlot,MakeItRain,ShadowBall,Protect||||||50|,,,,,Water]Rillaboom||AssaultVest|GrassySurge|FakeOut,GrassyGlide,HighHorsepower,WoodHammer|||F|||50|,,,,,Fire]Tauros-Paldea-Aqua||MirrorHerb|Intimidate|WaveCrash,CloseCombat,AquaJet,Protect|||M|||50|,,,,,Grass]Dragonite||LoadedDice|Multiscale|ScaleShot,Haze,StompingTantrum,Protect|||M|||50|,,,,,Fairy]Clefable||RockyHelmet|Unaware|Moonblast,FollowMe,IcyWind,Protect|||M|||50|,,,,,Electric]Incineroar||SafetyGoggles|Intimidate|FakeOut,PartingShot,KnockOff,FlareBlitz|||F|||50|,,,,,Bug
|inactive|Battle timer is ON: inactive players will automatically lose when time's up. (requested by fumomarlboro)
|
|t:|1756779044
|teamsize|p1|4
|teamsize|p2|4
|start
|switch|p1a: Incineroar|Incineroar, L50, M|100/100
|switch|p1b: Tyranitar|Tyranitar, L50, M|100/100
|switch|p2a: Incineroar|Incineroar, L50, F|100/100
|switch|p2b: Gholdengo|Gholdengo, L50|100/100
|-ability|p2a: Incineroar|Intimidate|boost
|-unboost|p1a: Incineroar|atk|1
|-unboost|p1b: Tyranitar|atk|1
|-weather|Sandstorm|[from] ability: Sand Stream|[of] p1b: Tyranitar
|-ability|p1a: Incineroar|Intimidate|boost
|-unboost|p2a: Incineroar|atk|1
|-unboost|p2b: Gholdengo|atk|1
|turn|1
|inactive|fumomarlboro has 30 seconds left.
|inactive|arrascaxeira has 30 seconds left.
|
|t:|1756779072
|-terastallize|p2b: Gholdengo|Water
|move|p2a: Incineroar|Parting Shot|p1b: Tyranitar
|-unboost|p1b: Tyranitar|atk|1
|-unboost|p1b: Tyranitar|spa|1
|
|t:|1756779076
|switch|p2a: Rillaboom|Rillaboom, L50, F|100/100|[from] Parting Shot
|-fieldstart|move: Grassy Terrain|[from] ability: Grassy Surge|[of] p2a: Rillaboom
|-enditem|p2b: Gholdengo|Grassy Seed
|-boost|p2b: Gholdengo|def|1|[from] item: Grassy Seed
|move|p2b: Gholdengo|Nasty Plot|p2b: Gholdengo
|-boost|p2b: Gholdengo|spa|2
|move|p1b: Tyranitar|Knock Off|p2b: Gholdengo
|-damage|p2b: Gholdengo|90/100
|move|p1a: Incineroar|Knock Off|p2b: Gholdengo
|-damage|p2b: Gholdengo|79/100
|
|-weather|Sandstorm|[upkeep]
|-damage|p2b: Gholdengo|73/100|[from] Sandstorm
|-damage|p2a: Rillaboom|94/100|[from] Sandstorm
|-heal|p2b: Gholdengo|79/100|[from] Grassy Terrain
|-heal|p2a: Rillaboom|100/100|[from] Grassy Terrain
|upkeep
|turn|2
|inactive|arrascaxeira has 30 seconds left.
|inactive|arrascaxeira has 20 seconds left.
|
|t:|1756779116
|-terastallize|p1a: Incineroar|Ghost
|move|p2b: Gholdengo|Make It Rain|p1b: Tyranitar|[spread] p1a,p1b
|-supereffective|p1b: Tyranitar
|-damage|p1a: Incineroar|25/100
|-damage|p1b: Tyranitar|24/100
|-unboost|p2b: Gholdengo|spa|1
|move|p2a: Rillaboom|High Horsepower|p1a: Incineroar
|-damage|p1a: Incineroar|0 fnt
|faint|p1a: Incineroar
|move|p1b: Tyranitar|Rock Slide|p2b: Gholdengo|[spread] p2b
|-miss|p1b: Tyranitar|p2a: Rillaboom
|-damage|p2b: Gholdengo|69/100
|
|-weather|Sandstorm|[upkeep]
|-damage|p2b: Gholdengo|63/100|[from] Sandstorm
|-damage|p2a: Rillaboom|94/100|[from] Sandstorm
|-heal|p2b: Gholdengo|69/100|[from] Grassy Terrain
|-heal|p2a: Rillaboom|100/100|[from] Grassy Terrain
|-heal|p1b: Tyranitar|29/100|[from] Grassy Terrain
|upkeep
|
|t:|1756779129
|switch|p1a: Volcarona|Volcarona, L50, M|100/100
|turn|3
|
|t:|1756779146
|switch|p2a: Tauros|Tauros-Paldea-Aqua, L50, M|100/100
|-ability|p2a: Tauros|Intimidate|boost
|-unboost|p1a: Volcarona|atk|1
|-unboost|p1b: Tyranitar|atk|1
|move|p1a: Volcarona|Quiver Dance|p1a: Volcarona
|-boost|p1a: Volcarona|spa|1
|-boost|p1a: Volcarona|spd|1
|-boost|p1a: Volcarona|spe|1
|-enditem|p2a: Tauros|Mirror Herb
|-boost|p2a: Tauros|spa|1|[from] item: Mirror Herb
|-boost|p2a: Tauros|spd|1|[from] item: Mirror Herb
|-boost|p2a: Tauros|spe|1|[from] item: Mirror Herb
|move|p2b: Gholdengo|Shadow Ball|p1a: Volcarona
|-damage|p1a: Volcarona|63/100
|move|p1b: Tyranitar|Low Kick|p2a: Tauros
|-crit|p2a: Tauros
|-damage|p2a: Tauros|44/100
|
|-weather|Sandstorm|[upkeep]
|-damage|p2a: Tauros|38/100|[from] Sandstorm
|-damage|p1a: Volcarona|57/100|[from] Sandstorm
|-damage|p2b: Gholdengo|63/100|[from] Sandstorm
|-heal|p2a: Tauros|44/100|[from] Grassy Terrain
|-heal|p1a: Volcarona|63/100|[from] Grassy Terrain
|-heal|p1a: Volcarona|69/100|[from] item: Leftovers
|-heal|p2b: Gholdengo|69/100|[from] Grassy Terrain
|-heal|p1b: Tyranitar|35/100|[from] Grassy Terrain
|upkeep
|turn|4
|c|☆arrascaxeira|Tem q parar de fumar malboro irmao
|inactive|fumomarlboro has 30 seconds left.
|inactive|arrascaxeira has 30 seconds left.
|
|t:|1756779178
|move|p1a: Volcarona|Protect|p1a: Volcarona
|-singleturn|p1a: Volcarona|Protect
|move|p2a: Tauros|Wave Crash|p1a: Volcarona
|-activate|p1a: Volcarona|move: Protect
|move|p2b: Gholdengo|Make It Rain|p1b: Tyranitar|[spread] p1b
|-activate|p1a: Volcarona|move: Protect
|-supereffective|p1b: Tyranitar
|-damage|p1b: Tyranitar|0 fnt
|-unboost|p2b: Gholdengo|spa|1
|faint|p1b: Tyranitar
|
|-weather|Sandstorm|[upkeep]
|-damage|p2a: Tauros|38/100|[from] Sandstorm
|-damage|p1a: Volcarona|63/100|[from] Sandstorm
|-damage|p2b: Gholdengo|63/100|[from] Sandstorm
|-heal|p2a: Tauros|44/100|[from] Grassy Terrain
|-heal|p1a: Volcarona|69/100|[from] Grassy Terrain
|-heal|p1a: Volcarona|75/100|[from] item: Leftovers
|-heal|p2b: Gholdengo|69/100|[from] Grassy Terrain
|upkeep
|
|t:|1756779185
|switch|p1b: Dragonite|Dragonite, L50, M|100/100
|turn|5
|
|t:|1756779190
|move|p1a: Volcarona|Protect||[still]
|-fail|p1a: Volcarona
|move|p2b: Gholdengo|Protect|p2b: Gholdengo
|-singleturn|p2b: Gholdengo|Protect
|move|p2a: Tauros|Wave Crash|p1a: Volcarona
|-supereffective|p1a: Volcarona
|-damage|p1a: Volcarona|0 fnt
|-status|p2a: Tauros|brn|[from] ability: Flame Body|[of] p1a: Volcarona
|faint|p1a: Volcarona
|-damage|p2a: Tauros|17/100 brn|[from] Recoil
|move|p1b: Dragonite|Scale Shot|p2a: Tauros
|-damage|p2a: Tauros|1/100 brn
|-damage|p2a: Tauros|0 fnt
|faint|p2a: Tauros
|-hitcount|p2: Tauros|2
|-unboost|p1b: Dragonite|def|1
|-boost|p1b: Dragonite|spe|1
|
|-weather|none
|-heal|p2b: Gholdengo|76/100|[from] Grassy Terrain
|-fieldend|move: Grassy Terrain
|upkeep
|
|t:|1756779194
|switch|p2a: Incineroar|Incineroar, L50, F|100/100
|-ability|p2a: Incineroar|Intimidate|boost
|-unboost|p1b: Dragonite|atk|1
|turn|6
|
|t:|1756779200
|move|p1b: Dragonite|Protect|p1b: Dragonite
|-singleturn|p1b: Dragonite|Protect
|move|p2a: Incineroar|Fake Out|p1b: Dragonite
|-activate|p1b: Dragonite|move: Protect
|move|p2b: Gholdengo|Nasty Plot|p2b: Gholdengo
|-boost|p2b: Gholdengo|spa|2
|
|upkeep
|turn|7
|
|t:|1756779205
|move|p2b: Gholdengo|Protect|p2b: Gholdengo
|-singleturn|p2b: Gholdengo|Protect
|move|p1b: Dragonite|Scale Shot|p2a: Incineroar|[miss]
|-miss|p1b: Dragonite|p2a: Incineroar
|move|p2a: Incineroar|Parting Shot|p1b: Dragonite
|-unboost|p1b: Dragonite|atk|1
|-unboost|p1b: Dragonite|spa|1
|
|t:|1756779212
|switch|p2a: Rillaboom|Rillaboom, L50, F|100/100|[from] Parting Shot
|-fieldstart|move: Grassy Terrain|[from] ability: Grassy Surge|[of] p2a: Rillaboom
|
|-heal|p2b: Gholdengo|82/100|[from] Grassy Terrain
|upkeep
|turn|8
|-message|fumomarlboro forfeited.
|
|win|arrascaxeira
|raw|fumomarlboro's rating: 1242 → 1212(-30 for losing)
|raw|arrascaxeira's rating: 1170 → 1200(+30 for winning)
|l|☆fumomarlboro
|player|p1|
