|j|☆nice_flop
|j|☆washingtongargacha
|html|nice_flopwashingtongargacha    
|uhtml|bestof|Game 1 of a best-of-3
|t:|1757683972
|gametype|doubles
|player|p1|nice_flop|1|1226
|player|p2|washingtongargacha|102|1208
|gen|9
|tier|[Gen 9] VGC 2025 Reg H (Bo3)
|rated|
|rule|Species Clause: Limit one of each Pokémon
|rule|Item Clause: Limit 1 of each item
|clearpoke
|poke|p1|Malamar, L50, M|
|poke|p1|Rillaboom, L50, F|
|poke|p1|Incineroar, L50, M|
|poke|p1|Primarina, L50, F|
|poke|p1|Pelipper, L50, F|
|poke|p1|Archaludon, L50, F|
|poke|p2|Torkoal, L50, F|
|poke|p2|Indeedee-F, L50, F|
|poke|p2|Delphox, L50, F|
|poke|p2|Gallade, L50, M|
|poke|p2|Ursaluna, L50, F|
|poke|p2|Lilligant-Hisui, L50, F|
|teampreview|4
|showteam|p1|Malamar||SitrusBerry|Contrary|Protect,TopsyTurvy,KnockOff,Superpower|||M|||50|,,,,,Ghost]Rillaboom||MiracleSeed|GrassySurge|Protect,FakeOut,GrassyGlide,WoodHammer|||F|||50|,,,,,Grass]Incineroar||SafetyGoggles|Intimidate|PartingShot,FakeOut,KnockOff,FlareBlitz|||M|||50|,,,,,Ghost]Primarina||Leftovers|LiquidVoice|Protect,TeraBlast,Moonblast,HyperVoice|||F|||50|,,,,,Steel]Pelipper||FocusSash|Drizzle|Protect,Tailwind,WeatherBall,Hurricane|||F|||50|,,,,,Ghost]Archaludon||AssaultVest|Stamina|BodyPress,ElectroShot,FlashCannon,DracoMeteor|||F|||50|,,,,,Fairy
|showteam|p2|Torkoal||Charcoal|Drought|Eruption,BodyPress,WeatherBall,Protect|||F|||50|,,,,,Fire]Indeedee-F||EjectButton|PsychicSurge|Psychic,FollowMe,HelpingHand,TrickRoom|||F|||50|,,,,,Grass]Delphox||LifeOrb|Blaze|ExpandingForce,HeatWave,TeraBlast,Protect|||F|||50|,,,,,Fighting]Gallade||ClearAmulet|Sharpness|PsychoCut,SacredSword,WideGuard,TrickRoom|||M|||50|,,,,,Grass]Ursaluna||FlameOrb|Guts|Facade,Earthquake,HeadlongRush,Protect|||F|||50|,,,,,Ghost]Lilligant-Hisui||FocusSash|Chlorophyll|LeafBlade,CloseCombat,AfterYou,SleepPowder|||F|||50|,,,,,Ghost
|inactive|Battle timer is ON: inactive players will automatically lose when time's up. (requested by nice_flop)
|inactive|nice_flop has 60 seconds left.
|inactive|washingtongargacha has 60 seconds left.
|
|t:|1757684019
|teamsize|p1|4
|teamsize|p2|4
|start
|switch|p1a: Incineroar|Incineroar, L50, M|100/100
|switch|p1b: Malamar|Malamar, L50, M|100/100
|switch|p2a: Indeedee|Indeedee-F, L50, F|100/100
|switch|p2b: Gallade|Gallade, L50, M|100/100
|-ability|p1a: Incineroar|Intimidate|boost
|-unboost|p2a: Indeedee|atk|1
|-fail|p2b: Gallade|unboost|[from] item: Clear Amulet|[of] p2b: Gallade
|-fieldstart|move: Psychic Terrain|[from] ability: Psychic Surge|[of] p2a: Indeedee
|turn|1
|inactive|nice_flop has 30 seconds left.
|inactive|washingtongargacha has 30 seconds left.
|inactive|washingtongargacha has 20 seconds left.
|
|t:|1757684058
|-terastallize|p2b: Gallade|Grass
|move|p2a: Indeedee|Follow Me|p2a: Indeedee
|-singleturn|p2a: Indeedee|move: Follow Me
|move|p1b: Malamar|Knock Off|p2a: Indeedee
|-supereffective|p2a: Indeedee
|-damage|p2a: Indeedee|35/100
|-enditem|p2a: Indeedee|Eject Button|[from] move: Knock Off|[of] p1b: Malamar
|move|p1a: Incineroar|Knock Off|p2a: Indeedee
|-supereffective|p2a: Indeedee
|-damage|p2a: Indeedee|0 fnt
|faint|p2a: Indeedee
|move|p2b: Gallade|Trick Room|p2b: Gallade
|-fieldstart|move: Trick Room|[of] p2b: Gallade
|
|upkeep
|
|t:|1757684069
|switch|p2a: Ursaluna|Ursaluna, L50, F|100/100
|turn|2
|
|t:|1757684083
|move|p2b: Gallade|Wide Guard|p2b: Gallade
|-singleturn|p2b: Gallade|Wide Guard
|move|p2a: Ursaluna|Earthquake|p1b: Malamar|[spread] p1a,p1b
|-activate|p2b: Gallade|move: Wide Guard
|-supereffective|p1a: Incineroar
|-damage|p1a: Incineroar|7/100
|-damage|p1b: Malamar|56/100
|move|p1a: Incineroar|Flare Blitz|p2b: Gallade
|-supereffective|p2b: Gallade
|-damage|p2b: Gallade|0 fnt
|faint|p2b: Gallade
|-damage|p1a: Incineroar|0 fnt|[from] Recoil
|faint|p1a: Incineroar
|move|p1b: Malamar|Knock Off|p2a: Ursaluna
|-damage|p2a: Ursaluna|78/100
|-enditem|p2a: Ursaluna|Flame Orb|[from] move: Knock Off|[of] p1b: Malamar
|
|upkeep
|inactive|nice_flop has 30 seconds left.
|
|t:|1757684114
|switch|p1a: Rillaboom|Rillaboom, L50, F|100/100
|switch|p2b: Torkoal|Torkoal, L50, F|100/100
|-weather|SunnyDay|[from] ability: Drought|[of] p2b: Torkoal
|-fieldstart|move: Grassy Terrain|[from] ability: Grassy Surge|[of] p1a: Rillaboom
|turn|3
|inactive|nice_flop has 30 seconds left.
|
|t:|1757684145
|switch|p1b: Primarina|Primarina, L50, F|100/100
|-terastallize|p1a: Rillaboom|Grass
|move|p1a: Rillaboom|Grassy Glide|p2b: Torkoal
|-resisted|p2b: Torkoal
|-damage|p2b: Torkoal|78/100
|move|p2b: Torkoal|Eruption|p1a: Rillaboom|[spread] p1a,p1b
|-supereffective|p1a: Rillaboom
|-resisted|p1b: Primarina
|-damage|p1a: Rillaboom|0 fnt
|-damage|p1b: Primarina|72/100
|faint|p1a: Rillaboom
|move|p2a: Ursaluna|Facade|p1b: Primarina
|-damage|p1b: Primarina|23/100
|
|-weather|SunnyDay|[upkeep]
|-heal|p2b: Torkoal|85/100|[from] Grassy Terrain
|-heal|p2a: Ursaluna|84/100|[from] Grassy Terrain
|-heal|p1b: Primarina|29/100|[from] Grassy Terrain
|-heal|p1b: Primarina|36/100|[from] item: Leftovers
|upkeep
|
|t:|1757684165
|switch|p1a: Malamar|Malamar, L50, M|56/100
|turn|4
|inactive|washingtongargacha has 30 seconds left.
|
|t:|1757684192
|move|p1b: Primarina|Protect|p1b: Primarina
|-singleturn|p1b: Primarina|Protect
|move|p1a: Malamar|Protect|p1a: Malamar
|-singleturn|p1a: Malamar|Protect
|move|p2b: Torkoal|Eruption|p1a: Malamar|[spread] 
|-activate|p1a: Malamar|move: Protect
|-activate|p1b: Primarina|move: Protect
|move|p2a: Ursaluna|Headlong Rush|p1b: Primarina
|-activate|p1b: Primarina|move: Protect
|
|-weather|SunnyDay|[upkeep]
|-heal|p2b: Torkoal|91/100|[from] Grassy Terrain
|-heal|p2a: Ursaluna|90/100|[from] Grassy Terrain
|-heal|p1b: Primarina|42/100|[from] Grassy Terrain
|-heal|p1b: Primarina|48/100|[from] item: Leftovers
|-heal|p1a: Malamar|62/100|[from] Grassy Terrain
|upkeep
|turn|5
|
|t:|1757684211
|move|p1b: Primarina|Protect|p1b: Primarina
|-singleturn|p1b: Primarina|Protect
|move|p1a: Malamar|Protect|p1a: Malamar
|-singleturn|p1a: Malamar|Protect
|move|p2b: Torkoal|Eruption|p1b: Primarina|[spread] 
|-activate|p1a: Malamar|move: Protect
|-activate|p1b: Primarina|move: Protect
|move|p2a: Ursaluna|Headlong Rush|p1b: Primarina
|-activate|p1b: Primarina|move: Protect
|
|-weather|SunnyDay|[upkeep]
|-heal|p2b: Torkoal|97/100|[from] Grassy Terrain
|-heal|p2a: Ursaluna|95/100|[from] Grassy Terrain
|-heal|p1b: Primarina|54/100|[from] Grassy Terrain
|-heal|p1b: Primarina|61/100|[from] item: Leftovers
|-heal|p1a: Malamar|69/100|[from] Grassy Terrain
|-fieldend|move: Trick Room
|upkeep
|turn|6
|c|☆washingtongargacha|xd
|inactive|washingtongargacha has 30 seconds left.
|
|t:|1757684242
|move|p2a: Ursaluna|Protect|p2a: Ursaluna
|-singleturn|p2a: Ursaluna|Protect
|move|p2b: Torkoal|Protect|p2b: Torkoal
|-singleturn|p2b: Torkoal|Protect
|move|p1a: Malamar|Superpower|p2b: Torkoal
|-activate|p2b: Torkoal|move: Protect
|move|p1b: Primarina|Hyper Voice|p2b: Torkoal|[spread] 
|-activate|p2a: Ursaluna|move: Protect
|-activate|p2b: Torkoal|move: Protect
|
|-weather|SunnyDay|[upkeep]
|-heal|p1a: Malamar|75/100|[from] Grassy Terrain
|-heal|p1b: Primarina|67/100|[from] Grassy Terrain
|-heal|p1b: Primarina|73/100|[from] item: Leftovers
|-heal|p2a: Ursaluna|100/100|[from] Grassy Terrain
|-heal|p2b: Torkoal|100/100|[from] Grassy Terrain
|upkeep
|turn|7
|inactive|washingtongargacha has 30 seconds left.
|
|t:|1757684269
|move|p1a: Malamar|Protect|p1a: Malamar
|-singleturn|p1a: Malamar|Protect
|move|p1b: Primarina|Protect|p1b: Primarina
|-singleturn|p1b: Primarina|Protect
|move|p2a: Ursaluna|Headlong Rush|p1b: Primarina
|-activate|p1b: Primarina|move: Protect
|move|p2b: Torkoal|Weather Ball|p1a: Malamar
|-activate|p1a: Malamar|move: Protect
|
|-weather|none
|-heal|p1a: Malamar|81/100|[from] Grassy Terrain
|-heal|p1b: Primarina|79/100|[from] Grassy Terrain
|-heal|p1b: Primarina|86/100|[from] item: Leftovers
|-fieldend|move: Grassy Terrain
|upkeep
|turn|8
|
|t:|1757684292
|move|p1a: Malamar|Superpower|p2a: Ursaluna
|-supereffective|p2a: Ursaluna
|-damage|p2a: Ursaluna|62/100
|-boost|p1a: Malamar|atk|1
|-boost|p1a: Malamar|def|1
|move|p1b: Primarina|Hyper Voice|p2b: Torkoal|[spread] p2a,p2b
|-supereffective|p2a: Ursaluna
|-supereffective|p2b: Torkoal
|-damage|p2a: Ursaluna|0 fnt
|-damage|p2b: Torkoal|4/100
|faint|p2a: Ursaluna
|move|p2b: Torkoal|Weather Ball|p1a: Malamar
|-damage|p1a: Malamar|68/100
|
|-heal|p1b: Primarina|92/100|[from] item: Leftovers
|upkeep
|turn|9
|-message|washingtongargacha forfeited.
|
|win|nice_flop
