|j|☆zachlobbed
|j|☆DrCups
|html|zachlobbedDrCups    
|uhtml|bestof|Game 2 of a best-of-3
|t:|1784517670
|gametype|doubles
|player|p1|zachlobbed|brock|1327
|player|p2|DrCups|1|1222
|gen|9
|tier|[Gen 9 Champions] VGC 2026 Reg M-B (Bo3)
|rated|
|rule|Species Clause: Limit one of each Pokémon
|rule|Item Clause: Limit 1 of each item
|clearpoke
|poke|p1|Charizard, L50, M|
|poke|p1|Floette-Eternal, L50, F|
|poke|p1|Whimsicott, L50, F|
|poke|p1|Garchomp, L50, F|
|poke|p1|Basculegion, L50, M|
|poke|p1|Kingambit, L50, M|
|poke|p2|Gengar, L50, M|
|poke|p2|Archaludon, L50, M|
|poke|p2|Politoed, L50, F|
|poke|p2|Swampert, L50, M|
|poke|p2|Vivillon-Fancy, L50, M|
|poke|p2|Incineroar, L50, F|
|teampreview|4
|showteam|p1|Charizard||CharizarditeY|Blaze|Protect,HeatWave,SolarBeam,WeatherBall|Modest||M|||50|]Floette-Eternal||Floettite|FlowerVeil|Protect,LightofRuin,Moonblast,DazzlingGleam|Timid||F|||50|]Whimsicott||FocusSash|Prankster|Protect,Tailwind,Moonblast,Encore|Timid||F|||50|]Garchomp||LifeOrb|RoughSkin|Protect,DragonClaw,Earthquake,RockSlide|Jolly||F|||50|]Basculegion||MysticWater|Adaptability|Protect,AquaJet,WaveCrash,LastRespects|Adamant||M|||50|]Kingambit||BlackGlasses|Defiant|Protect,LowKick,SuckerPunch,KowtowCleave|Adamant||M|||50|
|showteam|p2|Gengar||Gengarite|CursedBody|ShadowBall,SludgeBomb,PerishSong,Protect|Modest||M|||50|]Archaludon||Leftovers|Stamina|ElectroShot,DragonPulse,FlashCannon,Protect|Bold||M|||50|]Politoed||SitrusBerry|Drizzle|WeatherBall,Hypnosis,PerishSong,Protect|Calm||F|||50|]Swampert||Swampertite|Torrent|WaveCrash,Earthquake,IcePunch,Protect|Adamant||M|||50|]Vivillon-Fancy||FocusSash|CompoundEyes|Hurricane,SleepPowder,RagePowder,Protect|Timid||M|||50|]Incineroar||PasshoBerry|Intimidate|ThroatChop,FakeOut,PartingShot,Protect|Impish||F|||50|
|inactive|Battle timer is ON: inactive players will automatically lose when time's up. (requested by zachlobbed)
|
|t:|1784517700
|teamsize|p1|4
|teamsize|p2|4
|start
|switch|p1a: Basculegion|Basculegion, L50, M|100/100
|switch|p1b: Kingambit|Kingambit, L50, M|100/100
|switch|p2a: Politoed|Politoed, L50, F|100/100
|switch|p2b: Swampert|Swampert, L50, M|100/100
|-weather|RainDance|[from] ability: Drizzle|[of] p2a: Politoed
|turn|1
|
|t:|1784517716
|switch|p2a: Vivillon|Vivillon-Fancy, L50, M|100/100
|detailschange|p2b: Swampert|Swampert-Mega, L50, M
|-mega|p2b: Swampert|Swampert|Swampertite
|move|p1b: Kingambit|Sucker Punch|p2b: Swampert
|-damage|p2b: Swampert|49/100
|move|p2b: Swampert|Earthquake|p1a: Basculegion|[spread] p1a,p1b
|-immune|p2a: Vivillon
|-supereffective|p1b: Kingambit|1
|-damage|p1a: Basculegion|42/100
|-damage|p1b: Kingambit|33/100
|move|p1a: Basculegion|Wave Crash|p2b: Swampert
|-damage|p2b: Swampert|0 fnt
|faint|p2b: Swampert
|-damage|p1a: Basculegion|28/100|[from] Recoil
|
|-weather|RainDance|[upkeep]
|upkeep
|
|t:|1784517737
|switch|p2b: Politoed|Politoed, L50, F|100/100
|turn|2
|
|t:|1784517751
|move|p1a: Basculegion|Aqua Jet|p2a: Vivillon
|-enditem|p2a: Vivillon|Focus Sash
|-damage|p2a: Vivillon|1/100
|move|p1b: Kingambit|Sucker Punch||[still]
|-fail|p1b: Kingambit
|move|p2a: Vivillon|Sleep Powder|p1a: Basculegion
|-status|p1a: Basculegion|slp|[from] move: Sleep Powder
|move|p2b: Politoed|Weather Ball|p1b: Kingambit
|-damage|p1b: Kingambit|0 fnt
|faint|p1b: Kingambit
|
|-weather|RainDance|[upkeep]
|upkeep
|
|t:|1784517758
|switch|p1b: Charizard|Charizard, L50, M|100/100
|turn|3
|
|t:|1784517775
|switch|p2b: Incineroar|Incineroar, L50, F|100/100
|-ability|p2b: Incineroar|Intimidate|boost
|-unboost|p1a: Basculegion|atk|1
|-unboost|p1b: Charizard|atk|1
|detailschange|p1b: Charizard|Charizard-Mega-Y, L50, M
|-mega|p1b: Charizard|Charizard|Charizardite Y
|-weather|SunnyDay|[from] ability: Drought|[of] p1b: Charizard
|cant|p1a: Basculegion|slp
|move|p2a: Vivillon|Sleep Powder|p1b: Charizard
|-status|p1b: Charizard|slp|[from] move: Sleep Powder
|cant|p1b: Charizard|slp
|
|-weather|SunnyDay|[upkeep]
|upkeep
|turn|4
|inactive|zachlobbed has 30 seconds left.
|
|t:|1784517807
|switch|p2a: Politoed|Politoed, L50, F|100/100
|-weather|RainDance|[from] ability: Drizzle|[of] p2a: Politoed
|-curestatus|p1a: Basculegion|slp|[msg]
|move|p1a: Basculegion|Protect|p1a: Basculegion
|-singleturn|p1a: Basculegion|Protect
|cant|p1b: Charizard|slp
|move|p2b: Incineroar|Throat Chop|p1a: Basculegion
|-activate|p1a: Basculegion|move: Protect
|
|-weather|RainDance|[upkeep]
|upkeep
|turn|5
|inactive|DrCups has 30 seconds left.
|
|t:|1784517836
|switch|p1b: Garchomp|Garchomp, L50, F|100/100
|move|p2b: Incineroar|Protect|p2b: Incineroar
|-singleturn|p2b: Incineroar|Protect
|move|p1a: Basculegion|Wave Crash|p2b: Incineroar
|-activate|p2b: Incineroar|move: Protect
|move|p2a: Politoed|Weather Ball|p1a: Basculegion
|-resisted|p1a: Basculegion|1
|-damage|p1a: Basculegion|3/100
|
|-weather|RainDance|[upkeep]
|upkeep
|turn|6
|inactive|DrCups has 30 seconds left.
|
|t:|1784517866
|move|p1b: Garchomp|Dragon Claw|p2a: Politoed
|-damage|p2a: Politoed|50/100g
|-damage|p1b: Garchomp|90/100|[from] item: Life Orb
|move|p1a: Basculegion|Wave Crash|p2b: Incineroar
|-supereffective|p2b: Incineroar|1
|-enditem|p2b: Incineroar|Passho Berry|[eat]
|-enditem|p2b: Incineroar|Passho Berry|[weaken]
|-damage|p2b: Incineroar|17/100
|-damage|p1a: Basculegion|0 fnt|[from] Recoil
|faint|p1a: Basculegion
|move|p2a: Politoed|Perish Song|p2a: Politoed
|-start|p1b: Garchomp|perish3|[silent]
|-start|p2a: Politoed|perish3|[silent]
|-start|p2b: Incineroar|perish3|[silent]
|-fieldactivate|move: Perish Song
|move|p2b: Incineroar|Parting Shot|p1b: Garchomp
|-unboost|p1b: Garchomp|atk|1
|-unboost|p1b: Garchomp|spa|1
|
|t:|1784517879
|switch|p2b: Vivillon|Vivillon-Fancy, L50, M|1/100|[from] Parting Shot
|
|-weather|RainDance|[upkeep]
|-start|p1b: Garchomp|perish3
|-start|p2a: Politoed|perish3
|upkeep
|
|t:|1784517881
|switch|p1a: Charizard|Charizard-Mega-Y, L50, M|100/100 slp
|-weather|SunnyDay|[from] ability: Drought|[of] p1a: Charizard
|turn|7
|inactive|DrCups has 30 seconds left.
|inactive|DrCups has 20 seconds left.
|
|t:|1784517917
|switch|p2a: Incineroar|Incineroar, L50, F|17/100
|-ability|p2a: Incineroar|Intimidate|boost
|-unboost|p1a: Charizard|atk|1
|-unboost|p1b: Garchomp|atk|1
|move|p2b: Vivillon|Protect|p2b: Vivillon
|-singleturn|p2b: Vivillon|Protect
|move|p1b: Garchomp|Dragon Claw|p2b: Vivillon
|-activate|p2b: Vivillon|move: Protect
|-curestatus|p1a: Charizard|slp|[msg]
|move|p1a: Charizard|Weather Ball|p2a: Incineroar
|-resisted|p2a: Incineroar|1
|-damage|p2a: Incineroar|0 fnt
|faint|p2a: Incineroar
|
|-weather|SunnyDay|[upkeep]
|-start|p1b: Garchomp|perish2
|upkeep
|
|t:|1784517931
|switch|p2a: Politoed|Politoed, L50, F|50/100g
|-weather|RainDance|[from] ability: Drizzle|[of] p2a: Politoed
|turn|8
|
|t:|1784517955
|move|p1b: Garchomp|Rock Slide|p2a: Politoed|[spread] p2a,p2b
|-supereffective|p2b: Vivillon|2
|-damage|p2a: Politoed|39/100
|-damage|p2b: Vivillon|0 fnt
|-enditem|p2a: Politoed|Sitrus Berry|[eat]
|-heal|p2a: Politoed|64/100|[from] item: Sitrus Berry
|faint|p2b: Vivillon
|-damage|p1b: Garchomp|80/100|[from] item: Life Orb
|move|p1a: Charizard|Weather Ball|p2a: Politoed
|-resisted|p2a: Politoed|1
|-crit|p2a: Politoed
|-damage|p2a: Politoed|30/100
|move|p2a: Politoed|Weather Ball|p1a: Charizard
|-supereffective|p1a: Charizard|1
|-damage|p1a: Charizard|11/100
|
|-weather|RainDance|[upkeep]
|-start|p1b: Garchomp|perish1
|upkeep
|turn|9
|
|t:|1784517973
|move|p2a: Politoed|Protect|p2a: Politoed
|-singleturn|p2a: Politoed|Protect
|move|p1b: Garchomp|Earthquake|p2a: Politoed|[spread] 
|-activate|p2a: Politoed|move: Protect
|-immune|p1a: Charizard
|move|p1a: Charizard|Weather Ball|p2a: Politoed
|-activate|p2a: Politoed|move: Protect
|
|-weather|RainDance|[upkeep]
|-start|p1b: Garchomp|perish0
|faint|p1b: Garchomp
|upkeep
|turn|10
|
|t:|1784517979
|move|p1a: Charizard|Weather Ball|p2a: Politoed
|-resisted|p2a: Politoed|1
|-damage|p2a: Politoed|6/100
|move|p2a: Politoed|Weather Ball|p1a: Charizard
|-supereffective|p1a: Charizard|1
|-damage|p1a: Charizard|0 fnt
|faint|p1a: Charizard
|
|win|DrCups
