|j|☆mr 567
|j|☆clarocojones
|html|mr 567clarocojones    
|uhtml|bestof|Game 1 of a best-of-3
|t:|1785428167
|gametype|doubles
|player|p1|mr 567|nate|1000
|player|p2|clarocojones|striker|1000
|gen|9
|tier|[Gen 9 Champions] VGC 2026 Reg M-B (Bo3)
|rated|
|rule|Species Clause: Limit one of each Pokémon
|rule|Item Clause: Limit 1 of each item
|clearpoke
|poke|p1|Blaziken, L50, M|
|poke|p1|Gholdengo, L50|
|poke|p1|Decidueye-Hisui, L50, M, shiny|
|poke|p1|Reuniclus, L50, F|
|poke|p1|Mawile, L50, M|
|poke|p1|Delphox, L50, F|
|poke|p2|Incineroar, L50, F, shiny|
|poke|p2|Floette-Eternal, L50, F|
|poke|p2|Sinistcha-Masterpiece, L50, shiny|
|poke|p2|Kommo-o, L50, F|
|poke|p2|Kingambit, L50, M, shiny|
|poke|p2|Aerodactyl, L50, M|
|teampreview|4
|showteam|p1|Blaziken||Blazikenite|SpeedBoost|BlazeKick,Agility,CloseCombat,FireBlast|Serious||M|||50|]Gholdengo||KingsRock|GoodasGold|FlashCannon,MakeItRain,NastyPlot,Poltergeist|Serious|||||50|]Decidueye-Hisui|||Scrappy|TripleArrows,FocusPunch,CloseCombat,LeafBlade|Serious||M|||50|]Reuniclus|||Overcoat|TrickRoom,Endeavor,ExpandingForce,FutureSight|Serious||F|||50|]Mawile||Mawilite|HyperCutter|IcePunch,BodySlam,Facade,DynamicPunch|Serious||M|||50|]Delphox||Delphoxite|Blaze|ExpandingForce,FocusBlast,NastyPlot,Psychic|Serious||F|||50|
|showteam|p2|Incineroar||SitrusBerry|Intimidate|FakeOut,PartingShot,ThroatChop,FlareBlitz|Careful||F|||50|]Floette-Eternal||Floettite|FlowerVeil|Moonblast,DazzlingGleam,CalmMind,Protect|Modest||F|||50|]Sinistcha-Masterpiece||ColburBerry|Hospitality|MatchaGotcha,LifeDew,RagePowder,TrickRoom|Bold|||||50|]Kommo-o||Leftovers|Overcoat|ClangingScales,AuraSphere,ClangorousSoul,Protect|Modest||F|||50|]Kingambit||FocusSash|Defiant|KowtowCleave,SuckerPunch,IronHead,Protect|Adamant||M|||50|]Aerodactyl||Aerodactylite|Unnerve|Protect,RockSlide,Tailwind,DualWingbeat|Jolly||M|||50|
|
|t:|1785428276
|teamsize|p1|4
|teamsize|p2|4
|start
|switch|p1a: Reuniclus|Reuniclus, L50, F|100/100
|switch|p1b: Mawile|Mawile, L50, M|100/100
|switch|p2a: Incineroar|Incineroar, L50, F, shiny|100/100
|switch|p2b: Floette|Floette-Eternal, L50, F|100/100
|-ability|p2a: Incineroar|Intimidate|boost
|-unboost|p1a: Reuniclus|atk|1
|-fail|p1b: Mawile|unboost|Attack|[from] ability: Hyper Cutter|[of] p1b: Mawile
|turn|1
|
|t:|1785428302
|detailschange|p2b: Floette|Floette-Mega, L50, F
|-mega|p2b: Floette|Floette|Floettite
|-ability|p2b: Floette|Fairy Aura
|move|p2a: Incineroar|Fake Out|p1b: Mawile
|-resisted|p1b: Mawile|1
|-damage|p1b: Mawile|91/100
|move|p2b: Floette|Calm Mind|p2b: Floette
|-boost|p2b: Floette|spa|1
|-boost|p2b: Floette|spd|1
|cant|p1b: Mawile|flinch
|move|p1a: Reuniclus|Trick Room|p1a: Reuniclus
|-fieldstart|move: Trick Room|[of] p1a: Reuniclus
|
|upkeep
|turn|2
|
|t:|1785428329
|move|p2b: Floette|Protect|p2b: Floette
|-singleturn|p2b: Floette|Protect
|move|p1a: Reuniclus|Expanding Force|p2b: Floette
|-activate|p2b: Floette|move: Protect
|move|p1b: Mawile|Dynamic Punch|p2a: Incineroar
|-supereffective|p2a: Incineroar|1
|-damage|p2a: Incineroar|52/100
|-start|p2a: Incineroar|confusion
|-activate|p2a: Incineroar|confusion
|move|p2a: Incineroar|Parting Shot|p1b: Mawile
|-fail|p1b: Mawile|unboost|Attack|[from] ability: Hyper Cutter|[of] p1b: Mawile
|-unboost|p1b: Mawile|spa|1
|
|t:|1785428339
|switch|p2a: Sinistcha|Sinistcha-Masterpiece, L50, shiny|100/100|[from] Parting Shot
|
|upkeep
|turn|3
|
|t:|1785428361
|move|p2a: Sinistcha|Rage Powder|p2a: Sinistcha
|-singleturn|p2a: Sinistcha|move: Rage Powder
|move|p1a: Reuniclus|Expanding Force|p2a: Sinistcha
|-damage|p2a: Sinistcha|60/100
|move|p1b: Mawile|Ice Punch|p2a: Sinistcha
|-supereffective|p2a: Sinistcha|1
|-damage|p2a: Sinistcha|22/100
|move|p2b: Floette|Dazzling Gleam|p1b: Mawile|[spread] p1a,p1b
|-crit|p1a: Reuniclus
|-resisted|p1b: Mawile|1
|-damage|p1a: Reuniclus|0 fnt
|-damage|p1b: Mawile|4/100
|faint|p1a: Reuniclus
|
|upkeep
|
|t:|1785428379
|switch|p1a: Gholdengo|Gholdengo, L50|100/100
|turn|4
|
|t:|1785428394
|switch|p2a: Incineroar|Incineroar, L50, F, shiny|52/100
|-ability|p2a: Incineroar|Intimidate|boost
|-unboost|p1a: Gholdengo|atk|1
|-fail|p1b: Mawile|unboost|Attack|[from] ability: Hyper Cutter|[of] p1b: Mawile
|detailschange|p1b: Mawile|Mawile-Mega, L50, M
|-mega|p1b: Mawile|Mawile|Mawilite
|move|p2b: Floette|Protect|p2b: Floette
|-singleturn|p2b: Floette|Protect
|move|p1b: Mawile|Ice Punch|p2a: Incineroar
|-resisted|p2a: Incineroar|1
|-damage|p2a: Incineroar|31/100
|-enditem|p2a: Incineroar|Sitrus Berry|[eat]
|-heal|p2a: Incineroar|56/100|[from] item: Sitrus Berry
|move|p1a: Gholdengo|Make It Rain|p2b: Floette|[spread] p2a
|-activate|p2b: Floette|move: Protect
|-resisted|p2a: Incineroar|1
|-damage|p2a: Incineroar|35/100
|-unboost|p1a: Gholdengo|spa|2
|
|upkeep
|turn|5
|
|t:|1785428429
|move|p2a: Incineroar|Fake Out|p1b: Mawile
|-resisted|p1b: Mawile|1
|-damage|p1b: Mawile|0 fnt
|faint|p1b: Mawile
|move|p1a: Gholdengo|Make It Rain|p2b: Floette|[spread] p2a,p2b
|-resisted|p2a: Incineroar|1
|-supereffective|p2b: Floette|1
|-damage|p2a: Incineroar|26/100
|-damage|p2b: Floette|76/100
|-unboost|p1a: Gholdengo|spa|2
|cant|p2b: Floette|flinch
|
|-fieldend|move: Trick Room
|upkeep
|
|t:|1785428443
|switch|p1b: Blaziken|Blaziken, L50, M|100/100
|turn|6
|
|t:|1785428461
|switch|p2a: Sinistcha|Sinistcha-Masterpiece, L50, shiny|22/100
|-heal|p2b: Floette|100/100|[from] ability: Hospitality|[of] p2a: Sinistcha
|move|p1b: Blaziken|Agility|p1b: Blaziken
|-boost|p1b: Blaziken|spe|2
|move|p2b: Floette|Dazzling Gleam|p1a: Gholdengo|[spread] p1a,p1b
|-resisted|p1a: Gholdengo|1
|-damage|p1a: Gholdengo|59/100
|-damage|p1b: Blaziken|12/100
|move|p1a: Gholdengo|Make It Rain|p2a: Sinistcha|[spread] 
|-miss|p1a: Gholdengo|p2a: Sinistcha
|-miss|p1a: Gholdengo|p2b: Floette
|
|-ability|p1b: Blaziken|Speed Boost|boost
|-boost|p1b: Blaziken|spe|1
|upkeep
|turn|7
|
|t:|1785428497
|switch|p2a: Incineroar|Incineroar, L50, F, shiny|26/100
|-ability|p2a: Incineroar|Intimidate|boost
|-unboost|p1a: Gholdengo|atk|1
|-unboost|p1b: Blaziken|atk|1
|move|p1b: Blaziken|Blaze Kick|p2a: Incineroar
|-resisted|p2a: Incineroar|1
|-damage|p2a: Incineroar|15/100
|move|p2b: Floette|Dazzling Gleam|p1b: Blaziken|[spread] p1a,p1b
|-resisted|p1a: Gholdengo|1
|-damage|p1a: Gholdengo|14/100
|-damage|p1b: Blaziken|0 fnt
|faint|p1b: Blaziken
|move|p1a: Gholdengo|Flash Cannon|p2b: Floette
|-supereffective|p2b: Floette|1
|-damage|p2b: Floette|85/100
|-unboost|p2b: Floette|spd|1
|
|upkeep
|turn|8
|
|t:|1785428518
|move|p2b: Floette|Moonblast|p1a: Gholdengo
|-resisted|p1a: Gholdengo|1
|-damage|p1a: Gholdengo|0 fnt
|faint|p1a: Gholdengo
|
|win|clarocojones
||clarocojones is ready for game 2.
|inactive|mr 567 has 30 seconds to confirm battle start!
|raw|mr 567's rating: 1000 → 1000(+0 for losing)
|raw|clarocojones's rating: 1000 → 1040(+40 for winning)
