|j|☆euu_eduhh
|j|☆Mortipherus
|html|euu_eduhhMortipherus    
|uhtml|bestof|Game 2 of a best-of-3
|t:|1756406003
|gametype|doubles
|player|p1|euu_eduhh|102|
|player|p2|Mortipherus|biker-gen4|
|gen|9
|tier|[Gen 9] VGC 2025 Reg H (Bo3)
|rule|Species Clause: Limit one of each Pokémon
|rule|Item Clause: Limit 1 of each item
|clearpoke
|poke|p1|Gholdengo, L50|
|poke|p1|Gallade, L50, M|
|poke|p1|Farigiraf, L50, M|
|poke|p1|Rillaboom, L50, M|
|poke|p1|Pelipper, L50, M|
|poke|p1|Ursaluna-Bloodmoon, L50, M|
|poke|p2|Hydrapple, L50, F|
|poke|p2|Arcanine-Hisui, L50, F|
|poke|p2|Gholdengo, L50|
|poke|p2|Electabuzz, L50, F|
|poke|p2|Indeedee, L50, M|
|poke|p2|Sneasler, L50, M|
|teampreview|4
|showteam|p1|Gholdengo||LifeOrb|GoodasGold|NastyPlot,MakeItRain,ShadowBall,Protect||||||50|,,,,,Dragon]Gallade||ClearAmulet|Sharpness|PsychoCut,SacredSword,TrickRoom,Protect|||M|||50|,,,,,Water]Farigiraf||SafetyGoggles|ArmorTail|PsychicNoise,DazzlingGleam,TrickRoom,Protect|||M|||50|,,,,,Fairy]Rillaboom||AssaultVest|GrassySurge|FakeOut,GrassyGlide,WoodHammer,Uturn|||M|||50|,,,,,Water]Pelipper||FocusSash|Drizzle|Hurricane,WeatherBall,Tailwind,WideGuard|||M|||50|,,,,,Stellar]Ursaluna-Bloodmoon||SilkScarf|MindsEye|HyperVoice,BloodMoon,EarthPower,Protect|||M|||50|,,,,,Normal
|showteam|p2|Hydrapple||AssaultVest|Regenerator|FickleBeam,EnergyBall,EarthPower,PollenPuff|||F|||50|,,,,,Bug]Arcanine-Hisui||ClearAmulet|Intimidate|Protect,ExtremeSpeed,FlareBlitz,RockSlide|||F|||50|,,,,,Grass]Gholdengo||LifeOrb|GoodasGold|Protect,NastyPlot,MakeItRain,ShadowBall||||||50|,,,,,Flying]Electabuzz||Eviolite|VitalSpirit|Protect,FollowMe,Taunt,Electroweb|||F|||50|,,,,,Dragon]Indeedee||FocusSash|PsychicSurge|Protect,TrickRoom,ExpandingForce,TeraBlast|||M|||50|,,,,,Ground]Sneasler||PsychicSeed|Unburden|Protect,ThroatChop,DireClaw,CloseCombat|||M|||50|,,,,,Dark
|
|t:|1756406066
|teamsize|p1|4
|teamsize|p2|4
|start
|switch|p1a: Gallade|Gallade, L50, M|100/100
|switch|p1b: Rillaboom|Rillaboom, L50, M|100/100
|switch|p2a: Indeedee|Indeedee, L50, M|100/100
|switch|p2b: Sneasler|Sneasler, L50, M|100/100
|-fieldstart|move: Psychic Terrain|[from] ability: Psychic Surge|[of] p2a: Indeedee
|-enditem|p2b: Sneasler|Psychic Seed
|-boost|p2b: Sneasler|spd|1|[from] item: Psychic Seed
|-fieldstart|move: Grassy Terrain|[from] ability: Grassy Surge|[of] p1b: Rillaboom
|turn|1
|
|t:|1756406095
|switch|p2a: Gholdengo|Gholdengo, L50|100/100
|move|p2b: Sneasler|Protect|p2b: Sneasler
|-singleturn|p2b: Sneasler|Protect
|move|p1a: Gallade|Psycho Cut|p2b: Sneasler
|-activate|p2b: Sneasler|move: Protect
|move|p1b: Rillaboom|U-turn|p2a: Gholdengo
|-resisted|p2a: Gholdengo
|-damage|p2a: Gholdengo|94/100
|
|t:|1756406107
|switch|p1b: Gholdengo|Gholdengo, L50|100/100|[from] U-turn
|
|-heal|p2a: Gholdengo|100/100|[from] Grassy Terrain
|upkeep
|turn|2
|
|t:|1756406130
|-terastallize|p2b: Sneasler|Dark
|-terastallize|p1b: Gholdengo|Dragon
|move|p1a: Gallade|Protect|p1a: Gallade
|-singleturn|p1a: Gallade|Protect
|move|p2b: Sneasler|Throat Chop|p1b: Gholdengo
|-damage|p1b: Gholdengo|51/100
|-start|p1b: Gholdengo|Throat Chop|[silent]
|move|p1b: Gholdengo|Shadow Ball|p2a: Gholdengo
|-supereffective|p2a: Gholdengo
|-damage|p2a: Gholdengo|0 fnt
|faint|p2a: Gholdengo
|-damage|p1b: Gholdengo|42/100|[from] item: Life Orb
|
|-heal|p1b: Gholdengo|48/100|[from] Grassy Terrain
|upkeep
|
|t:|1756406145
|switch|p2a: Electabuzz|Electabuzz, L50, F|100/100
|turn|3
|
|t:|1756406168
|move|p1b: Gholdengo|Protect|p1b: Gholdengo
|-singleturn|p1b: Gholdengo|Protect
|move|p2b: Sneasler|Throat Chop|p1b: Gholdengo
|-activate|p1b: Gholdengo|move: Protect
|move|p2a: Electabuzz|Taunt|p1a: Gallade
|-start|p1a: Gallade|move: Taunt
|cant|p1a: Gallade|move: Taunt|Trick Room
|
|-heal|p1b: Gholdengo|54/100|[from] Grassy Terrain
|-end|p1b: Gholdengo|Throat Chop|[silent]
|upkeep
|turn|4
|
|t:|1756406182
|switch|p1b: Rillaboom|Rillaboom, L50, M|100/100
|move|p2b: Sneasler|Throat Chop|p1b: Rillaboom
|-crit|p1b: Rillaboom
|-damage|p1b: Rillaboom|38/100
|-start|p1b: Rillaboom|Throat Chop|[silent]
|move|p2a: Electabuzz|Electroweb|p1a: Gallade|[spread] p1a,p1b
|-resisted|p1b: Rillaboom
|-damage|p1a: Gallade|89/100
|-damage|p1b: Rillaboom|33/100
|-unboost|p1b: Rillaboom|spe|1
|move|p1a: Gallade|Sacred Sword|p2b: Sneasler
|-supereffective|p2b: Sneasler
|-damage|p2b: Sneasler|0 fnt
|faint|p2b: Sneasler
|
|-heal|p1a: Gallade|95/100|[from] Grassy Terrain
|-heal|p1b: Rillaboom|39/100|[from] Grassy Terrain
|upkeep
|
|t:|1756406197
|switch|p2b: Indeedee|Indeedee, L50, M|100/100
|-fieldstart|move: Psychic Terrain|[from] ability: Psychic Surge|[of] p2b: Indeedee
|turn|5
|
|t:|1756406211
|move|p2b: Indeedee|Expanding Force|p1a: Gallade|[spread] p1a,p1b
|-crit|p1a: Gallade
|-damage|p1a: Gallade|19/100
|-damage|p1b: Rillaboom|5/100
|move|p2a: Electabuzz|Electroweb|p1a: Gallade|[spread] p1a,p1b
|-crit|p1a: Gallade
|-resisted|p1b: Rillaboom
|-damage|p1a: Gallade|0 fnt
|-damage|p1b: Rillaboom|1/100
|-unboost|p1b: Rillaboom|spe|1
|faint|p1a: Gallade
|move|p1b: Rillaboom|Wood Hammer|p2b: Indeedee
|-enditem|p2b: Indeedee|Focus Sash
|-damage|p2b: Indeedee|1/100
|-damage|p1b: Rillaboom|0 fnt|[from] Recoil
|faint|p1b: Rillaboom
|
|upkeep
|
|t:|1756406219
|switch|p1a: Ursaluna|Ursaluna-Bloodmoon, L50, M|100/100
|switch|p1b: Gholdengo|Gholdengo, L50, tera:Dragon|54/100
|turn|6
|
|t:|1756406241
|move|p2b: Indeedee|Expanding Force|p1b: Gholdengo|[spread] p1a,p1b
|-damage|p1a: Ursaluna|50/100
|-damage|p1b: Gholdengo|0 fnt
|faint|p1b: Gholdengo
|move|p2a: Electabuzz|Electroweb|p1a: Ursaluna
|-immune|p1a: Ursaluna
|move|p1a: Ursaluna|Blood Moon|p2a: Electabuzz
|-damage|p2a: Electabuzz|37/100
|
|upkeep
|turn|7
|
|t:|1756406250
|move|p2a: Electabuzz|Follow Me|p2a: Electabuzz
|-singleturn|p2a: Electabuzz|move: Follow Me
|move|p2b: Indeedee|Expanding Force|p1a: Ursaluna
|-damage|p1a: Ursaluna|0 fnt
|faint|p1a: Ursaluna
|
|win|Mortipherus
|l|☆euu_eduhh
|player|p1|
