|j|☆sergio23perez
|j|☆javi fuego
|html|sergio23perezjavi fuego    
|uhtml|bestof|Game 3 of a best-of-3
|t:|1785919369
|gametype|doubles
|player|p1|sergio23perez|2|1294
|player|p2|javi fuego|102|1328
|gen|9
|tier|[Gen 9 Champions] VGC 2026 Reg M-B (Bo3)
|rated|
|rule|Species Clause: Limit one of each Pokémon
|rule|Item Clause: Limit 1 of each item
|clearpoke
|poke|p1|Whimsicott, L50, F|
|poke|p1|Charizard, L50, F, shiny|
|poke|p1|Kingambit, L50, F|
|poke|p1|Floette-Eternal, L50, F|
|poke|p1|Garchomp, L50, F|
|poke|p1|Basculegion, L50, M|
|poke|p2|Raichu, L50, F|
|poke|p2|Floette-Eternal, L50, F|
|poke|p2|Sinistcha, L50|
|poke|p2|Ceruledge, L50, M|
|poke|p2|Milotic, L50, M|
|poke|p2|Incineroar, L50, F|
|teampreview|4
|showteam|p1|Whimsicott||FocusSash|Prankster|Protect,Tailwind,Encore,Moonblast|Timid||F|||50|]Charizard||CharizarditeY|SolarPower|SolarBeam,HeatWave,Protect,WeatherBall|Timid||F|||50|]Kingambit||ChopleBerry|Defiant|Protect,SuckerPunch,KowtowCleave,LowKick|Adamant||F|||50|]Floette-Eternal||Floettite|FlowerVeil|LightofRuin,Moonblast,DazzlingGleam,Protect|Modest||F|||50|]Garchomp||LifeOrb|RoughSkin|RockSlide,Protect,DragonClaw,StompingTantrum|Jolly||F|||50|]Basculegion||ChoiceScarf|Adaptability|AquaJet,LastRespects,WaveCrash,FlipTurn|Jolly||M|||50|
|showteam|p2|Raichu||RaichuniteY|LightningRod|ZapCannon,FocusBlast,FakeOut,Protect|Timid||F|||50|]Floette-Eternal||Floettite|FlowerVeil|CalmMind,DazzlingGleam,DrainingKiss,Protect|Timid||F|||50|]Sinistcha||KasibBerry|Hospitality|MatchaGotcha,LifeDew,RagePowder,Protect|Relaxed|||||50|]Ceruledge||ColburBerry|FlashFire|BitterBlade,ShadowSneak,BulkUp,Protect|Adamant||M|||50|]Milotic||SitrusBerry|Competitive|Scald,IcyWind,IceBeam,Protect|Calm||M|||50|]Incineroar||PasshoBerry|Intimidate|FlareBlitz,ThroatChop,FakeOut,PartingShot|Impish||F|||50|
|inactive|Battle timer is ON: inactive players will automatically lose when time's up. (requested by sergio23perez)
|
|t:|1785919393
|teamsize|p1|4
|teamsize|p2|4
|start
|switch|p1a: Kingambit|Kingambit, L50, F|100/100
|switch|p1b: Basculegion|Basculegion, L50, M|100/100
|switch|p2a: Floette|Floette-Eternal, L50, F|100/100
|switch|p2b: Sinistcha|Sinistcha, L50|100/100
|turn|1
|
|t:|1785919405
|detailschange|p2a: Floette|Floette-Mega, L50, F
|-mega|p2a: Floette|Floette|Floettite
|-ability|p2a: Floette|Fairy Aura
|move|p2b: Sinistcha|Rage Powder|p2b: Sinistcha
|-singleturn|p2b: Sinistcha|move: Rage Powder
|move|p1b: Basculegion|Last Respects|p2b: Sinistcha
|-supereffective|p2b: Sinistcha|1
|-enditem|p2b: Sinistcha|Kasib Berry|[eat]
|-enditem|p2b: Sinistcha|Kasib Berry|[weaken]
|-damage|p2b: Sinistcha|70/100
|move|p2a: Floette|Calm Mind|p2a: Floette
|-boost|p2a: Floette|spa|1
|-boost|p2a: Floette|spd|1
|move|p1a: Kingambit|Kowtow Cleave|p2b: Sinistcha
|-supereffective|p2b: Sinistcha|1
|-damage|p2b: Sinistcha|0 fnt
|faint|p2b: Sinistcha
|
|upkeep
|inactive|javi fuego has 30 seconds left.
|inactive|javi fuego has 20 seconds left.
|inactive|javi fuego has 15 seconds left.
|inactive|javi fuego has 10 seconds left.
|inactive|javi fuego has 5 seconds left.
|
|t:|1785919460
|switch|p2b: Ceruledge|Ceruledge, L50, M|100/100
|turn|2
|
|t:|1785919470
|switch|p1b: Garchomp|Garchomp, L50, F|100/100
|move|p1a: Kingambit|Protect|p1a: Kingambit
|-singleturn|p1a: Kingambit|Protect
|move|p2b: Ceruledge|Shadow Sneak|p1b: Garchomp
|-damage|p1b: Garchomp|78/100
|-damage|p2b: Ceruledge|87/100|[from] ability: Rough Skin|[of] p1b: Garchomp
|move|p2a: Floette|Dazzling Gleam|p1a: Kingambit|[spread] p1b
|-activate|p1a: Kingambit|move: Protect
|-supereffective|p1b: Garchomp|1
|-damage|p1b: Garchomp|0 fnt
|faint|p1b: Garchomp
|
|upkeep
|inactive|sergio23perez has 30 seconds left.
|
|t:|1785919502
|switch|p1b: Basculegion|Basculegion, L50, M|100/100
|turn|3
|
|t:|1785919517
|move|p2a: Floette|Protect|p2a: Floette
|-singleturn|p2a: Floette|Protect
|move|p2b: Ceruledge|Protect|p2b: Ceruledge
|-singleturn|p2b: Ceruledge|Protect
|move|p1b: Basculegion|Wave Crash|p2b: Ceruledge
|-activate|p2b: Ceruledge|move: Protect
|move|p1a: Kingambit|Kowtow Cleave|p2a: Floette
|-activate|p2a: Floette|move: Protect
|
|upkeep
|turn|4
|
|t:|1785919536
|move|p1a: Kingambit|Protect|p1a: Kingambit
|-singleturn|p1a: Kingambit|Protect
|move|p2b: Ceruledge|Shadow Sneak|p1b: Basculegion
|-supereffective|p1b: Basculegion|1
|-damage|p1b: Basculegion|42/100
|move|p1b: Basculegion|Wave Crash|p2b: Ceruledge
|-supereffective|p2b: Ceruledge|1
|-damage|p2b: Ceruledge|0 fnt
|faint|p2b: Ceruledge
|-damage|p1b: Basculegion|15/100|[from] Recoil
|move|p2a: Floette|Dazzling Gleam|p1b: Basculegion|[spread] p1b
|-activate|p1a: Kingambit|move: Protect
|-damage|p1b: Basculegion|0 fnt
|faint|p1b: Basculegion
|
|upkeep
|
|t:|1785919556
|switch|p1b: Floette|Floette-Eternal, L50, F|100/100
|switch|p2b: Incineroar|Incineroar, L50, F|100/100
|-ability|p2b: Incineroar|Intimidate|boost
|-unboost|p1a: Kingambit|atk|1
|-ability|p1a: Kingambit|Defiant|boost
|-boost|p1a: Kingambit|atk|2
|-unboost|p1b: Floette|atk|1
|turn|5
|
|t:|1785919561
|detailschange|p1b: Floette|Floette-Mega, L50, F
|-mega|p1b: Floette|Floette|Floettite
|-ability|p1b: Floette|Fairy Aura
|move|p2b: Incineroar|Fake Out|p1a: Kingambit
|-resisted|p1a: Kingambit|1
|-crit|p1a: Kingambit
|-damage|p1a: Kingambit|94/100
|move|p2a: Floette|Dazzling Gleam|p1b: Floette|[spread] p1a,p1b
|-damage|p1a: Kingambit|31/100
|-damage|p1b: Floette|52/100
|move|p1b: Floette|Light of Ruin|p2a: Floette
|-damage|p2a: Floette|32/100
|-damage|p1b: Floette|17/100|[from] Recoil
|cant|p1a: Kingambit|flinch
|
|upkeep
|turn|6
|inactive|javi fuego has 30 seconds left.
|inactive|javi fuego has 20 seconds left.
|
|t:|1785919599
|move|p1a: Kingambit|Sucker Punch|p2b: Incineroar
|-resisted|p2b: Incineroar|1
|-damage|p2b: Incineroar|76/100
|move|p2a: Floette|Dazzling Gleam|p1b: Floette|[spread] p1a,p1b
|-damage|p1a: Kingambit|0 fnt
|-damage|p1b: Floette|0 fnt
|faint|p1a: Kingambit
|faint|p1b: Floette
|
|win|javi fuego
|raw|sergio23perez's rating: 1294 → 1271(-23 for losing)
|raw|javi fuego's rating: 1328 → 1346(+18 for winning)
|l|☆sergio23perez
|player|p1|
