|j|☆wait for swarley
|j|☆kapi cant play eel
|html|wait for swarleykapi cant play eel    
|uhtml|bestof|Game 1 of a best-of-3
|t:|1783718054
|gametype|doubles
|player|p1|wait for swarley|volo|1323
|player|p2|kapi cant play eel|miku-ground|1194
|gen|9
|tier|[Gen 9 Champions] VGC 2026 Reg M-B (Bo3)
|rated|
|rule|Species Clause: Limit one of each Pokémon
|rule|Item Clause: Limit 1 of each item
|clearpoke
|poke|p1|Grimmsnarl, L50, M|
|poke|p1|Incineroar, L50, F|
|poke|p1|Maushold-Four, L50|
|poke|p1|Annihilape, L50, M|
|poke|p1|Floette-Eternal, L50, F|
|poke|p1|Venusaur, L50, F|
|poke|p2|Sinistcha-Masterpiece, L50|
|poke|p2|Mawile, L50, F|
|poke|p2|Primarina, L50, M|
|poke|p2|Scrafty, L50, F|
|poke|p2|Drampa, L50, M|
|poke|p2|Armarouge, L50, F|
|teampreview|4
|showteam|p1|Grimmsnarl||LightClay|Prankster|SpiritBreak,Reflect,LightScreen,PartingShot|Careful||M|||50|]Incineroar||SitrusBerry|Intimidate|FakeOut,FlareBlitz,ThroatChop,PartingShot|Careful||F|||50|]Maushold-Four||FocusSash|FriendGuard|FollowMe,SuperFang,Encore,Protect|Timid|||||50|]Annihilape||Leftovers|Defiant|RageFist,DrainPunch,BulkUp,Protect|Adamant||M|||50|]Floette-Eternal||Floettite|FlowerVeil|Moonblast,DrainingKiss,CalmMind,Protect|Modest||F|||50|]Venusaur||Venusaurite|Overgrow|GigaDrain,SludgeBomb,EarthPower,Protect|Modest||F|||50|
|showteam|p2|Sinistcha-Masterpiece||SitrusBerry|Hospitality|MatchaGotcha,RagePowder,TrickRoom,Protect|Relaxed|||||50|]Mawile||Mawilite|HyperCutter|IronHead,RockSlide,SuckerPunch,Protect|Brave||F|||50|]Primarina||MysticWater|LiquidVoice|HyperVoice,IceBeam,Moonblast,Protect|Quiet||M|||50|]Scrafty||Scraftinite|Intimidate|FakeOut,Crunch,CloseCombat,Protect|Brave||F|||50|]Drampa||LifeOrb|CloudNine|HyperVoice,EarthPower,DragonPulse,Protect|Quiet||M|||50|]Armarouge||ColburBerry|FlashFire|ArmorCannon,TrickRoom,Psychic,WideGuard|Sassy||F|||50|
|inactive|Battle timer is ON: inactive players will automatically lose when time's up. (requested by wait for swarley)
|inactive|kapi cant play eel has 60 seconds left.
|
|t:|1783718096
|teamsize|p1|4
|teamsize|p2|4
|start
|switch|p1a: Annihilape|Annihilape, L50, M|100/100
|switch|p1b: Floette|Floette-Eternal, L50, F|100/100
|switch|p2a: Armarouge|Armarouge, L50, F|100/100
|switch|p2b: Scrafty|Scrafty, L50, F|100/100
|-ability|p2b: Scrafty|Intimidate|boost
|-unboost|p1a: Annihilape|atk|1
|-ability|p1a: Annihilape|Defiant|boost
|-boost|p1a: Annihilape|atk|2
|-unboost|p1b: Floette|atk|1
|turn|1
|inactive|kapi cant play eel has 30 seconds left.
|
|t:|1783718123
|switch|p2b: Primarina|Primarina, L50, M|100/100
|detailschange|p1b: Floette|Floette-Mega, L50, F
|-mega|p1b: Floette|Floette|Floettite
|-ability|p1b: Floette|Fairy Aura
|move|p1b: Floette|Calm Mind|p1b: Floette
|-boost|p1b: Floette|spa|1
|-boost|p1b: Floette|spd|1
|move|p1a: Annihilape|Rage Fist|p2a: Armarouge
|-supereffective|p2a: Armarouge|1
|-damage|p2a: Armarouge|40/100
|move|p2a: Armarouge|Trick Room|p2a: Armarouge
|-fieldstart|move: Trick Room|[of] p2a: Armarouge
|
|upkeep
|turn|2
|inactive|kapi cant play eel has 30 seconds left.
|
|t:|1783718149
|move|p1a: Annihilape|Protect|p1a: Annihilape
|-singleturn|p1a: Annihilape|Protect
|move|p2b: Primarina|Hyper Voice|p1b: Floette|[spread] p1b
|-activate|p1a: Annihilape|move: Protect
|-damage|p1b: Floette|72/100
|move|p2a: Armarouge|Psychic|p1a: Annihilape
|-activate|p1a: Annihilape|move: Protect
|move|p1b: Floette|Moonblast|p2b: Primarina
|-damage|p2b: Primarina|16/100
|
|upkeep
|turn|3
|
|t:|1783718165
|switch|p1a: Maushold|Maushold-Four, L50|100/100
|move|p2b: Primarina|Hyper Voice|p1b: Floette|[spread] p1a,p1b
|-damage|p1a: Maushold|38/100
|-damage|p1b: Floette|54/100
|move|p2a: Armarouge|Armor Cannon|p1b: Floette
|-damage|p1b: Floette|32/100
|-unboost|p2a: Armarouge|def|1
|-unboost|p2a: Armarouge|spd|1
|move|p1b: Floette|Draining Kiss|p2b: Primarina
|-damage|p2b: Primarina|0 fnt
|-heal|p1b: Floette|46/100|[from] drain|[of] p2b: Primarina
|faint|p2b: Primarina
|
|upkeep
|
|t:|1783718179
|switch|p2b: Sinistcha|Sinistcha-Masterpiece, L50|100/100
|-heal|p2a: Armarouge|64/100|[from] ability: Hospitality|[of] p2b: Sinistcha
|turn|4
|
|t:|1783718186
|move|p1b: Floette|Protect|p1b: Floette
|-singleturn|p1b: Floette|Protect
|move|p2b: Sinistcha|Matcha Gotcha|p1a: Maushold|[spread] p1a
|-activate|p1b: Floette|move: Protect
|-damage|p1a: Maushold|9/100
|move|p2a: Armarouge|Armor Cannon|p1b: Floette
|-activate|p1b: Floette|move: Protect
|move|p1a: Maushold|Encore|p2b: Sinistcha
|-start|p2b: Sinistcha|Encore
|
|upkeep
|turn|5
|inactive|wait for swarley has 30 seconds left.
|
|t:|1783718217
|switch|p1a: Grimmsnarl|Grimmsnarl, L50, M|100/100
|move|p2b: Sinistcha|Matcha Gotcha|p1b: Floette|[spread] p1a,p1b
|-crit|p1b: Floette
|-damage|p1a: Grimmsnarl|77/100
|-damage|p1b: Floette|16/100
|-status|p1b: Floette|brn
|move|p2a: Armarouge|Armor Cannon|p1b: Floette
|-damage|p1b: Floette|0 fnt
|-unboost|p2a: Armarouge|def|1
|-unboost|p2a: Armarouge|spd|1
|faint|p1b: Floette
|
|-fieldend|move: Trick Room
|upkeep
|
|t:|1783718228
|switch|p1b: Annihilape|Annihilape, L50, M|100/100
|turn|6
|
|t:|1783718254
|move|p1b: Annihilape|Rage Fist|p2a: Armarouge
|-supereffective|p2a: Armarouge|1
|-damage|p2a: Armarouge|0 fnt
|faint|p2a: Armarouge
|move|p2b: Sinistcha|Matcha Gotcha|p1b: Annihilape|[spread] p1b
|-miss|p2b: Sinistcha|p1a: Grimmsnarl
|-damage|p1b: Annihilape|79/100
|move|p1a: Grimmsnarl|Spirit Break|p2b: Sinistcha
|-damage|p2b: Sinistcha|76/100
|-unboost|p2b: Sinistcha|spa|1
|
|-heal|p1b: Annihilape|86/100|[from] item: Leftovers
|upkeep
|
|t:|1783718265
|switch|p2a: Scrafty|Scrafty, L50, F|100/100
|-ability|p2a: Scrafty|Intimidate|boost
|-unboost|p1a: Grimmsnarl|atk|1
|-unboost|p1b: Annihilape|atk|1
|-ability|p1b: Annihilape|Defiant|boost
|-boost|p1b: Annihilape|atk|2
|turn|7
|
|t:|1783718272
|detailschange|p2a: Scrafty|Scrafty-Mega, L50, F
|-mega|p2a: Scrafty|Scrafty|Scraftinite
|-ability|p2a: Scrafty|Intimidate|boost
|-unboost|p1a: Grimmsnarl|atk|1
|-unboost|p1b: Annihilape|atk|1
|-ability|p1b: Annihilape|Defiant|boost
|-boost|p1b: Annihilape|atk|2
|move|p2a: Scrafty|Fake Out|p1a: Grimmsnarl
|-damage|p1a: Grimmsnarl|62/100
|move|p1b: Annihilape|Rage Fist|p2b: Sinistcha
|-supereffective|p2b: Sinistcha|1
|-damage|p2b: Sinistcha|0 fnt
|faint|p2b: Sinistcha
|cant|p1a: Grimmsnarl|flinch
|
|-heal|p1b: Annihilape|92/100|[from] item: Leftovers
|upkeep
|turn|8
|-message|kapi cant play eel forfeited.
|
|win|wait for swarley
