|j|☆hondo civic
|j|☆tedidn
|html|hondo civictedidn    
|uhtml|bestof|Game 3 of a best-of-3
|t:|1756693833
|gametype|doubles
|player|p1|hondo civic|265|1425
|player|p2|tedidn|marshal|1311
|gen|9
|tier|[Gen 9] VGC 2025 Reg H (Bo3)
|rated|
|rule|Species Clause: Limit one of each Pokémon
|rule|Item Clause: Limit 1 of each item
|clearpoke
|poke|p1|Ninetales-Alola, L50, F|
|poke|p1|Rillaboom, L50, F|
|poke|p1|Magmar, L50, F|
|poke|p1|Sneasler, L50, M|
|poke|p1|Kingambit, L50, M|
|poke|p1|Basculegion, L50, M|
|poke|p2|Dragonite, L50, M|
|poke|p2|Rillaboom, L50, M|
|poke|p2|Sneasler, L50, F|
|poke|p2|Volcarona, L50, M|
|poke|p2|Electabuzz, L50, M|
|poke|p2|Kingambit, L50, M|
|teampreview|4
|showteam|p1|Ninetales-Alola||LifeOrb|SnowWarning|Blizzard,FreezeDry,Encore,Protect|||F|||50|,,,,,Ghost]Rillaboom||AssaultVest|GrassySurge|WoodHammer,FakeOut,Uturn,GrassyGlide|||F|||50|,,,,,Ghost]Magmar||Eviolite|VitalSpirit|Protect,HeatWave,Taunt,FollowMe|||F|||50|,,,,,Ghost]Sneasler||FocusSash|PoisonTouch|FakeOut,DireClaw,CloseCombat,Protect|||M|||50|,,,,,Ghost]Kingambit||BlackGlasses|Defiant|KowtowCleave,SwordsDance,SuckerPunch,Protect|||M|||50|,,,,,Fire]Basculegion||ChoiceScarf|Adaptability|WaveCrash,FlipTurn,TeraBlast,LastRespects|||M|||50|,,,,,Fairy
|showteam|p2|Dragonite||LoadedDice|Multiscale|ScaleShot,ExtremeSpeed,Haze,Protect|||M|||50|,,,,,Normal]Rillaboom||AssaultVest|GrassySurge|WoodHammer,GrassyGlide,FakeOut,Uturn|||M|||50|,,,,,Fire]Sneasler||FocusSash|Unburden|CloseCombat,Coaching,DireClaw,FakeOut|||F|||50|,,,,,Stellar]Volcarona||GrassySeed|FlameBody|Flamethrower,QuiverDance,GigaDrain,Protect|||M|||50|,,,,,Grass]Electabuzz||Eviolite|VitalSpirit|Thunderbolt,Taunt,FollowMe,Protect|||M|||50|,,,,,Ghost]Kingambit||SafetyGoggles|Defiant|KowtowCleave,SuckerPunch,SwordsDance,Protect|||M|||50|,,,,,Dark
|inactive|Battle timer is ON: inactive players will automatically lose when time's up. (requested by tedidn)
|inactive|tedidn has 60 seconds left.
|
|t:|1756693874
|teamsize|p1|4
|teamsize|p2|4
|start
|switch|p1a: Ninetales|Ninetales-Alola, L50, F|100/100
|switch|p1b: Basculegion|Basculegion, L50, M|100/100
|switch|p2a: Douglass|Dragonite, L50, M|100/100
|switch|p2b: Noxia|Sneasler, L50, F|100/100
|-weather|Snowscape|[from] ability: Snow Warning|[of] p1a: Ninetales
|turn|1
|inactive|hondo civic has 30 seconds left.
|
|t:|1756693900
|-terastallize|p2b: Noxia|Stellar
|-terastallize|p1a: Ninetales|Ghost
|move|p1b: Basculegion|Flip Turn|p2a: Douglass
|-resisted|p2a: Douglass
|-damage|p2a: Douglass|90/100
|
|t:|1756693906
|switch|p1b: Kingambit|Kingambit, L50, M, shiny|100/100|[from] Flip Turn
|move|p2b: Noxia|Dire Claw|p1a: Ninetales
|-resisted|p1a: Ninetales
|-damage|p1a: Ninetales|61/100
|-status|p1a: Ninetales|psn
|move|p1a: Ninetales|Encore|p2b: Noxia
|-start|p2b: Noxia|Encore
|move|p2a: Douglass|Scale Shot|p1a: Ninetales
|-damage|p1a: Ninetales|36/100 psn
|-damage|p1a: Ninetales|13/100 psn
|-damage|p1a: Ninetales|0 fnt
|faint|p1a: Ninetales
|-hitcount|p1: Ninetales|3
|-unboost|p2a: Douglass|def|1
|-boost|p2a: Douglass|spe|1
|
|-weather|Snowscape|[upkeep]
|upkeep
|
|t:|1756693920
|switch|p1a: Magmar|Magmar, L50, F|100/100
|turn|2
|
|t:|1756693926
|switch|p2b: Michael|Electabuzz, L50, M|100/100
|move|p2a: Douglass|Scale Shot|p1a: Magmar
|-damage|p1a: Magmar|89/100
|-damage|p1a: Magmar|79/100
|-damage|p1a: Magmar|66/100
|-damage|p1a: Magmar|54/100
|-damage|p1a: Magmar|42/100
|-hitcount|p1a: Magmar|5
|-unboost|p2a: Douglass|def|1
|-boost|p2a: Douglass|spe|1
|move|p1a: Magmar|Heat Wave|p2a: Douglass|[spread] p2a,p2b
|-resisted|p2a: Douglass
|-damage|p2a: Douglass|78/100
|-damage|p2b: Michael|81/100
|move|p1b: Kingambit|Kowtow Cleave|p2a: Douglass
|-damage|p2a: Douglass|0 fnt
|faint|p2a: Douglass
|
|-weather|Snowscape|[upkeep]
|upkeep
|
|t:|1756693933
|switch|p2a: Tokugawa|Kingambit, L50, M|100/100
|turn|3
|inactive|hondo civic has 30 seconds left.
|
|t:|1756693961
|move|p2b: Michael|Thunderbolt|p1a: Magmar
|-damage|p1a: Magmar|20/100
|move|p1a: Magmar|Heat Wave|p2b: Michael|[spread] p2a,p2b
|-supereffective|p2a: Tokugawa
|-damage|p2a: Tokugawa|52/100
|-damage|p2b: Michael|61/100
|-status|p2a: Tokugawa|brn
|-status|p2b: Michael|brn
|move|p1b: Kingambit|Kowtow Cleave|p2b: Michael
|-damage|p2b: Michael|21/100 brn
|move|p2a: Tokugawa|Swords Dance|p2a: Tokugawa
|-boost|p2a: Tokugawa|atk|2
|
|-weather|Snowscape|[upkeep]
|-damage|p2b: Michael|15/100 brn|[from] brn
|-damage|p2a: Tokugawa|46/100 brn|[from] brn
|upkeep
|turn|4
|
|t:|1756693981
|move|p1a: Magmar|Protect|p1a: Magmar
|-singleturn|p1a: Magmar|Protect
|move|p2a: Tokugawa|Sucker Punch||[still]
|-fail|p2a: Tokugawa
|move|p2b: Michael|Thunderbolt|p1a: Magmar
|-activate|p1a: Magmar|move: Protect
|move|p1b: Kingambit|Kowtow Cleave|p2a: Tokugawa
|-resisted|p2a: Tokugawa
|-damage|p2a: Tokugawa|24/100 brn
|
|-weather|Snowscape|[upkeep]
|-damage|p2b: Michael|9/100 brn|[from] brn
|-damage|p2a: Tokugawa|18/100 brn|[from] brn
|upkeep
|turn|5
|
|t:|1756693999
|move|p2a: Tokugawa|Protect|p2a: Tokugawa
|-singleturn|p2a: Tokugawa|Protect
|move|p1b: Kingambit|Sucker Punch|p2b: Michael
|-damage|p2b: Michael|0 fnt
|faint|p2b: Michael
|move|p1a: Magmar|Taunt|p2a: Tokugawa
|-activate|p2a: Tokugawa|move: Protect
|
|-weather|none
|-damage|p2a: Tokugawa|12/100 brn|[from] brn
|upkeep
|
|t:|1756694004
|switch|p2b: Noxia|Sneasler, L50, F, tera:Stellar|100/100
|turn|6
|
|t:|1756694012
|move|p1a: Magmar|Protect|p1a: Magmar
|-singleturn|p1a: Magmar|Protect
|move|p1b: Kingambit|Protect|p1b: Kingambit
|-singleturn|p1b: Kingambit|Protect
|move|p2b: Noxia|Fake Out|p1b: Kingambit
|-activate|p1b: Kingambit|move: Protect
|move|p2a: Tokugawa|Sucker Punch||[still]
|-fail|p2a: Tokugawa
|
|-damage|p2a: Tokugawa|6/100 brn|[from] brn
|upkeep
|turn|7
|
|t:|1756694033
|move|p1a: Magmar|Follow Me|p1a: Magmar
|-singleturn|p1a: Magmar|move: Follow Me
|move|p2a: Tokugawa|Sucker Punch||[still]
|-fail|p2a: Tokugawa
|move|p2b: Noxia|Close Combat|p1a: Magmar
|-damage|p1a: Magmar|0 fnt
|-unboost|p2b: Noxia|def|1
|-unboost|p2b: Noxia|spd|1
|faint|p1a: Magmar
|move|p1b: Kingambit|Kowtow Cleave|p2b: Noxia
|-resisted|p2b: Noxia
|-crit|p2b: Noxia
|-enditem|p2b: Noxia|Focus Sash
|-damage|p2b: Noxia|1/100
|
|-damage|p2a: Tokugawa|0 fnt|[from] brn
|faint|p2a: Tokugawa
|upkeep
|
|t:|1756694035
|switch|p1a: Basculegion|Basculegion, L50, M|100/100
|turn|8
|
|t:|1756694040
|move|p1b: Kingambit|Sucker Punch|p2b: Noxia
|-resisted|p2b: Noxia
|-damage|p2b: Noxia|0 fnt
|faint|p2b: Noxia
|
|win|hondo civic
|raw|hondo civic's rating: 1425 → 1439(+14 for winning)
|raw|tedidn's rating: 1311 → 1297(-14 for losing)
|l|☆hondo civic
|player|p1|
|c|☆tedidn|double burn
