|j|☆buf15 jeremay
|j|☆Luminar Kuzan
|html|buf15 jeremayLuminar Kuzan    
|uhtml|bestof|Game 1 of a best-of-3
|t:|1756419606
|gametype|doubles
|player|p1|buf15 jeremay|1|1175
|player|p2|Luminar Kuzan|marnie-masters3|1269
|gen|9
|tier|[Gen 9] VGC 2025 Reg H (Bo3)
|rated|
|rule|Species Clause: Limit one of each Pokémon
|rule|Item Clause: Limit 1 of each item
|clearpoke
|poke|p1|Sneasler, L50, F|
|poke|p1|Indeedee, L50, M|
|poke|p1|Dragapult, L50, F|
|poke|p1|Talonflame, L50, M|
|poke|p1|Tatsugiri, L50, F|
|poke|p1|Dondozo, L50, M|
|poke|p2|Indeedee-F, L50, F|
|poke|p2|Hatterene, L50, F|
|poke|p2|Gallade, L50, M|
|poke|p2|Ursaluna, L50, M|
|poke|p2|Lilligant-Hisui, L50, F|
|poke|p2|Torkoal, L50, M|
|teampreview|4
|showteam|p1|Sneasler||PsychicSeed|Unburden|CloseCombat,DireClaw,ThroatChop,Protect|||F|||50|,,,,,Dark]Indeedee||FocusSash|PsychicSurge|ExpandingForce,Protect,ShadowBall,HelpingHand|||M|||50|,,,,,Fighting]Dragapult||ChoiceBand|ClearBody|DragonDarts,Outrage,PhantomForce,Uturn|||F|||50|,,,,,Dragon]Talonflame||CovertCloak|GaleWings|DualWingbeat,FlareBlitz,Tailwind,SunnyDay|||M|||50|,,,,,Ghost]Tatsugiri||ChoiceScarf|Commander|DracoMeteor,MuddyWater,TeraBlast,IcyWind|||F|||50|,,,,,Grass]Dondozo||Leftovers|Unaware|OrderUp,WaveCrash,Earthquake,Protect|||M|||50|,,,,,Steel
|showteam|p2|Indeedee-F||PsychicSeed|PsychicSurge|TrickRoom,FollowMe,HelpingHand,DazzlingGleam|||F|||50|,,,,,Fire]Hatterene||LifeOrb|MagicBounce|ExpandingForce,TrickRoom,DazzlingGleam,Protect|||F|||50|,,,,,Psychic]Gallade||ClearAmulet|Sharpness|PsychoCut,TrickRoom,SacredSword,WideGuard|||M|||50|,,,,,Grass]Ursaluna||FlameOrb|Guts|HeadlongRush,Facade,SwordsDance,Protect|||M|||50|,,,,,Ghost]Lilligant-Hisui||FocusSash|Chlorophyll|SolarBlade,SleepPowder,CloseCombat,AfterYou|||F|||50|,,,,,Ghost]Torkoal||ChoiceSpecs|Drought|Eruption,HeatWave,WeatherBall,EarthPower|||M|||50|,,,,,Fire
|inactive|Battle timer is ON: inactive players will automatically lose when time's up. (requested by buf15 jeremay)
|
|t:|1756419657
|teamsize|p1|4
|teamsize|p2|4
|start
|switch|p1a: Sneasler|Sneasler, L50, F|100/100
|switch|p1b: Indeedee|Indeedee, L50, M|100/100
|switch|p2a: Lilligant|Lilligant-Hisui, L50, F, shiny|100/100
|switch|p2b: Torkoal|Torkoal, L50, M, shiny|100/100
|-fieldstart|move: Psychic Terrain|[from] ability: Psychic Surge|[of] p1b: Indeedee
|-enditem|p1a: Sneasler|Psychic Seed
|-boost|p1a: Sneasler|spd|1|[from] item: Psychic Seed
|-weather|SunnyDay|[from] ability: Drought|[of] p2b: Torkoal
|turn|1
|inactive|buf15 jeremay has 30 seconds left.
|inactive|buf15 jeremay has 20 seconds left.
|
|t:|1756419693
|-terastallize|p2b: Torkoal|Fire
|move|p2a: Lilligant|After You|p2b: Torkoal
|-activate|p2b: Torkoal|move: After You
|move|p2b: Torkoal|Eruption|p1b: Indeedee|[spread] p1a,p1b
|-damage|p1a: Sneasler|0 fnt
|-enditem|p1b: Indeedee|Focus Sash
|-damage|p1b: Indeedee|1/100
|faint|p1a: Sneasler
|move|p1b: Indeedee|Expanding Force|p2a: Lilligant|[spread] p2a,p2b
|-supereffective|p2a: Lilligant
|-enditem|p2a: Lilligant|Focus Sash
|-damage|p2a: Lilligant|1/100
|-damage|p2b: Torkoal|32/100
|
|-weather|SunnyDay|[upkeep]
|upkeep
|
|t:|1756419712
|switch|p1a: Dondozo|Dondozo, L50, M|100/100
|turn|2
|
|t:|1756419728
|switch|p1b: Tatsugiri|Tatsugiri, L50, F|100/100
|-activate|p1b: Tatsugiri|ability: Commander|[of] p1a: Dondozo
|-boost|p1a: Dondozo|atk|2
|-boost|p1a: Dondozo|spa|2
|-boost|p1a: Dondozo|spe|2
|-boost|p1a: Dondozo|def|2
|-boost|p1a: Dondozo|spd|2
|move|p2a: Lilligant|After You|p2b: Torkoal
|-activate|p2b: Torkoal|move: After You
|move|p2b: Torkoal|Eruption|p1a: Dondozo|[spread] p1a
|-miss|p2b: Torkoal|p1b: Tatsugiri
|-resisted|p1a: Dondozo
|-damage|p1a: Dondozo|87/100
|move|p1a: Dondozo|Earthquake|p2a: Lilligant|[spread] p2a,p2b
|-miss|p1a: Dondozo|p1b: Tatsugiri
|-resisted|p2a: Lilligant
|-supereffective|p2b: Torkoal
|-damage|p2a: Lilligant|0 fnt
|-damage|p2b: Torkoal|0 fnt
|faint|p2a: Lilligant
|faint|p2b: Torkoal
|
|-weather|SunnyDay|[upkeep]
|-heal|p1a: Dondozo|93/100|[from] item: Leftovers
|upkeep
|
|t:|1756419730
|switch|p2a: Gallade|Gallade, L50, M, shiny|100/100
|switch|p2b: Ursaluna|Ursaluna, L50, M, shiny|100/100
|turn|3
|inactive|buf15 jeremay has 30 seconds left.
|
|t:|1756419760
|move|p2b: Ursaluna|Protect|p2b: Ursaluna
|-singleturn|p2b: Ursaluna|Protect
|move|p1a: Dondozo|Order Up|p2a: Gallade
|-damage|p2a: Gallade|27/100
|-boost|p1a: Dondozo|atk|1
|move|p2a: Gallade|Trick Room|p2a: Gallade
|-fieldstart|move: Trick Room|[of] p2a: Gallade
|
|-weather|SunnyDay|[upkeep]
|-heal|p1a: Dondozo|99/100|[from] item: Leftovers
|-status|p2b: Ursaluna|brn|[from] item: Flame Orb
|upkeep
|turn|4
|
|t:|1756419776
|move|p2b: Ursaluna|Facade|p1a: Dondozo
|-damage|p1a: Dondozo|56/100
|move|p2a: Gallade|Sacred Sword|p1a: Dondozo
|-damage|p1a: Dondozo|2/100
|move|p1a: Dondozo|Earthquake|p2b: Ursaluna|[spread] p2a,p2b
|-miss|p1a: Dondozo|p1b: Tatsugiri
|-damage|p2a: Gallade|0 fnt
|-damage|p2b: Ursaluna|63/100 brn
|faint|p2a: Gallade
|
|-weather|SunnyDay|[upkeep]
|-heal|p1a: Dondozo|8/100|[from] item: Leftovers
|-damage|p2b: Ursaluna|57/100 brn|[from] brn
|upkeep
|turn|5
|
|t:|1756419794
|move|p1a: Dondozo|Protect|p1a: Dondozo
|-singleturn|p1a: Dondozo|Protect
|move|p2b: Ursaluna|Facade|p1a: Dondozo
|-activate|p1a: Dondozo|move: Protect
|
|-weather|none
|-heal|p1a: Dondozo|14/100|[from] item: Leftovers
|-damage|p2b: Ursaluna|52/100 brn|[from] brn
|-fieldend|move: Psychic Terrain
|upkeep
|turn|6
|
|t:|1756419805
|move|p1a: Dondozo|Protect||[still]
|-fail|p1a: Dondozo
|move|p2b: Ursaluna|Facade|p1a: Dondozo
|-damage|p1a: Dondozo|0 fnt
|faint|p1a: Dondozo
|
|-damage|p2b: Ursaluna|46/100 brn|[from] brn
|upkeep
|
|t:|1756419809
|switch|p1a: Indeedee|Indeedee, L50, M|1/100
|-fieldstart|move: Psychic Terrain|[from] ability: Psychic Surge|[of] p1a: Indeedee
|turn|7
|
|t:|1756419833
|move|p2b: Ursaluna|Facade|p1b: Tatsugiri
|-damage|p1b: Tatsugiri|0 fnt
|faint|p1b: Tatsugiri
|move|p1a: Indeedee|Expanding Force|p2b: Ursaluna
|-damage|p2b: Ursaluna|0 fnt
|faint|p2b: Ursaluna
|
|win|buf15 jeremay
||Luminar Kuzan is ready for game 2.
|inactive|buf15 jeremay has 30 seconds to confirm battle start!
||buf15 jeremay is ready for game 2.
|uhtml|next|Next: Game 2 of 3
