|j|☆IceApfel
|j|☆taylor4ever
|html|IceApfeltaylor4ever    
|uhtml|bestof|Game 3 of a best-of-3
|t:|1757003269
|gametype|doubles
|player|p1|IceApfel|waiter-gen4|1182
|player|p2|taylor4ever|102|1106
|gen|9
|tier|[Gen 9] VGC 2025 Reg H (Bo3)
|rated|
|rule|Species Clause: Limit one of each Pokémon
|rule|Item Clause: Limit 1 of each item
|clearpoke
|poke|p1|Archaludon, L50, M|
|poke|p1|Pelipper, L50, F|
|poke|p1|Dragonite, L50, F|
|poke|p1|Ursaluna, L50, M|
|poke|p1|Sinistcha, L50|
|poke|p1|Gholdengo, L50|
|poke|p2|Indeedee-F, L50, F|
|poke|p2|Gallade, L50, M|
|poke|p2|Torkoal, L50, M|
|poke|p2|Ursaluna, L50, M|
|poke|p2|Hatterene, L50, F|
|poke|p2|Lilligant-Hisui, L50, F|
|teampreview|4
|showteam|p1|Archaludon||AssaultVest|Stamina|FlashCannon,BodyPress,ElectroShot,Snarl|||M|||50|,,,,,Fighting]Pelipper||SafetyGoggles|Drizzle|MuddyWater,Hurricane,Tailwind,Protect|||F|||50|,,,,,Ghost]Dragonite||LoadedDice|Multiscale|ScaleShot,Tailwind,Haze,Protect|||F|||50|,,,,,Steel]Ursaluna||FlameOrb|Guts|Facade,HeadlongRush,Earthquake,Protect|||M|||50|,,,,,Ghost]Sinistcha||SitrusBerry|Hospitality|MatchaGotcha,LifeDew,RagePowder,TrickRoom||||||50|,,,,,Dark]Gholdengo||ChoiceScarf|GoodasGold|MakeItRain,ShadowBall,Trick,Protect||||||50|,,,,,Flying
|showteam|p2|Indeedee-F||RockyHelmet|PsychicSurge|Psychic,HelpingHand,FollowMe,TrickRoom|||F|||50|,,,,,Grass]Gallade||ScopeLens|Sharpness|SacredSword,PsychoCut,TrickRoom,WideGuard|||M|||50|,,,,,Grass]Torkoal||Charcoal|Drought|Eruption,WeatherBall,ClearSmog,HeatWave|||M|||50|,,,,,Fire]Ursaluna||FlameOrb|Guts|Facade,HeadlongRush,Earthquake,Protect|||M|||50|,,,,,Ghost]Hatterene||LifeOrb|MagicBounce|ExpandingForce,TrickRoom,DazzlingGleam,Protect|||F|||50|,,,,,Psychic]Lilligant-Hisui||FocusSash|Chlorophyll|SleepPowder,AfterYou,SolarBlade,CloseCombat|||F|||50|,,,,,Ghost
|inactive|Battle timer is ON: inactive players will automatically lose when time's up. (requested by IceApfel)
|inactive|IceApfel has 60 seconds left.
|inactive|taylor4ever has 60 seconds left.
|
|t:|1757003307
|teamsize|p1|4
|teamsize|p2|4
|start
|switch|p1a: Archaludon|Archaludon, L50, M, shiny|100/100
|switch|p1b: Sinistcha|Sinistcha, L50|100/100
|switch|p2a: Indeedee|Indeedee-F, L50, F|100/100
|switch|p2b: Gallade|Gallade, L50, M|100/100
|-fieldstart|move: Psychic Terrain|[from] ability: Psychic Surge|[of] p2a: Indeedee
|turn|1
|inactive|IceApfel has 30 seconds left.
|
|t:|1757003338
|move|p2a: Indeedee|Helping Hand|p2b: Gallade
|-singleturn|p2b: Gallade|Helping Hand|[of] p2a: Indeedee
|move|p1b: Sinistcha|Rage Powder|p1b: Sinistcha
|-singleturn|p1b: Sinistcha|move: Rage Powder
|move|p1a: Archaludon|Snarl|p2b: Gallade|[spread] p2a,p2b
|-supereffective|p2a: Indeedee
|-damage|p2a: Indeedee|75/100
|-damage|p2b: Gallade|88/100
|-unboost|p2a: Indeedee|spa|1
|-unboost|p2b: Gallade|spa|1
|move|p2b: Gallade|Sacred Sword|p1b: Sinistcha
|-immune|p1b: Sinistcha
|
|upkeep
|turn|2
|inactive|taylor4ever has 30 seconds left.
|
|t:|1757003366
|-terastallize|p1b: Sinistcha|Dark
|move|p2a: Indeedee|Follow Me|p2a: Indeedee
|-singleturn|p2a: Indeedee|move: Follow Me
|move|p1a: Archaludon|Snarl|p2b: Gallade|[spread] p2a,p2b
|-supereffective|p2a: Indeedee
|-damage|p2a: Indeedee|49/100
|-damage|p2b: Gallade|75/100
|-unboost|p2a: Indeedee|spa|1
|-unboost|p2b: Gallade|spa|1
|move|p1b: Sinistcha|Matcha Gotcha|p2a: Indeedee|[spread] p2a,p2b
|-damage|p2a: Indeedee|25/100
|-damage|p2b: Gallade|51/100
|move|p2b: Gallade|Trick Room|p2b: Gallade
|-fieldstart|move: Trick Room|[of] p2b: Gallade
|
|upkeep
|turn|3
|inactive|taylor4ever has 30 seconds left.
|inactive|taylor4ever has 20 seconds left.
|inactive|taylor4ever has 15 seconds left.
|inactive|taylor4ever has 10 seconds left.
|
|t:|1757003413
|move|p2a: Indeedee|Helping Hand|p2b: Gallade
|-singleturn|p2b: Gallade|Helping Hand|[of] p2a: Indeedee
|move|p2b: Gallade|Sacred Sword|p1a: Archaludon
|-supereffective|p1a: Archaludon
|-damage|p1a: Archaludon|0 fnt
|faint|p1a: Archaludon
|move|p1b: Sinistcha|Trick Room|p1b: Sinistcha
|-fieldend|move: Trick Room
|
|upkeep
|
|t:|1757003428
|switch|p1a: Pelipper|Pelipper, L50, F|100/100
|-weather|RainDance|[from] ability: Drizzle|[of] p1a: Pelipper
|turn|4
|
|t:|1757003451
|switch|p2a: Torkoal|Torkoal, L50, M|100/100
|-weather|SunnyDay|[from] ability: Drought|[of] p2a: Torkoal
|move|p1a: Pelipper|Muddy Water|p2a: Torkoal|[spread] p2a,p2b
|-supereffective|p2a: Torkoal
|-damage|p2a: Torkoal|60/100
|-damage|p2b: Gallade|38/100
|move|p1b: Sinistcha|Matcha Gotcha|p2b: Gallade|[spread] p2b
|-miss|p1b: Sinistcha|p2a: Torkoal
|-damage|p2b: Gallade|15/100
|-status|p2b: Gallade|brn
|move|p2b: Gallade|Sacred Sword|p1b: Sinistcha
|-supereffective|p1b: Sinistcha
|-crit|p1b: Sinistcha
|-damage|p1b: Sinistcha|0 fnt
|faint|p1b: Sinistcha
|
|-weather|SunnyDay|[upkeep]
|-damage|p2b: Gallade|10/100 brn|[from] brn
|upkeep
|
|t:|1757003465
|switch|p1b: Dragonite|Dragonite, L50, F|100/100
|turn|5
|inactive|IceApfel has 30 seconds left.
|inactive|taylor4ever has 30 seconds left.
|inactive|IceApfel has 20 seconds left.
|inactive|taylor4ever has 20 seconds left.
|inactive|IceApfel has 15 seconds left.
|inactive|taylor4ever has 15 seconds left.
|inactive|taylor4ever has 10 seconds left.
|inactive|taylor4ever has 5 seconds left.
|
|t:|1757003516
|move|p1b: Dragonite|Scale Shot|p2b: Gallade
|-damage|p2b: Gallade|0 fnt
|faint|p2b: Gallade
|-hitcount|p2: Gallade|1
|-unboost|p1b: Dragonite|def|1
|-boost|p1b: Dragonite|spe|1
|move|p1a: Pelipper|Muddy Water|p2a: Torkoal
|-supereffective|p2a: Torkoal
|-damage|p2a: Torkoal|7/100
|move|p2a: Torkoal|Heat Wave|p1a: Pelipper|[spread] p1a,p1b
|-resisted|p1a: Pelipper
|-resisted|p1b: Dragonite
|-damage|p1a: Pelipper|48/100
|-damage|p1b: Dragonite|86/100
|
|-weather|SunnyDay|[upkeep]
|-fieldend|move: Psychic Terrain
|upkeep
|
|t:|1757003527
|switch|p2b: Ursaluna|Ursaluna, L50, M|100/100
|turn|6
|inactive|IceApfel has 30 seconds left.
|inactive|taylor4ever has 30 seconds left.
|
|t:|1757003559
|move|p2b: Ursaluna|Protect|p2b: Ursaluna
|-singleturn|p2b: Ursaluna|Protect
|move|p1b: Dragonite|Scale Shot|p2b: Ursaluna
|-activate|p2b: Ursaluna|move: Protect
|move|p1a: Pelipper|Muddy Water|p2b: Ursaluna|[spread] p2a
|-activate|p2b: Ursaluna|move: Protect
|-supereffective|p2a: Torkoal
|-damage|p2a: Torkoal|0 fnt
|faint|p2a: Torkoal
|
|-weather|SunnyDay|[upkeep]
|-status|p2b: Ursaluna|brn|[from] item: Flame Orb
|upkeep
|
|t:|1757003569
|switch|p2a: Indeedee|Indeedee-F, L50, F|25/100
|-fieldstart|move: Psychic Terrain|[from] ability: Psychic Surge|[of] p2a: Indeedee
|turn|7
|
|t:|1757003583
|move|p1a: Pelipper|Protect|p1a: Pelipper
|-singleturn|p1a: Pelipper|Protect
|move|p2a: Indeedee|Follow Me|p2a: Indeedee
|-singleturn|p2a: Indeedee|move: Follow Me
|move|p1b: Dragonite|Scale Shot|p2a: Indeedee
|-damage|p2a: Indeedee|10/100
|-damage|p2a: Indeedee|0 fnt
|faint|p2a: Indeedee
|-hitcount|p2: Indeedee|2
|-unboost|p1b: Dragonite|def|1
|-boost|p1b: Dragonite|spe|1
|move|p2b: Ursaluna|Facade|p1a: Pelipper
|-activate|p1a: Pelipper|move: Protect
|
|-weather|SunnyDay|[upkeep]
|-damage|p2b: Ursaluna|95/100 brn|[from] brn
|upkeep
|turn|8
|
|t:|1757003607
|move|p2b: Ursaluna|Protect|p2b: Ursaluna
|-singleturn|p2b: Ursaluna|Protect
|move|p1b: Dragonite|Scale Shot|p2b: Ursaluna
|-activate|p2b: Ursaluna|move: Protect
|move|p1a: Pelipper|Muddy Water|p2b: Ursaluna
|-activate|p2b: Ursaluna|move: Protect
|
|-weather|none
|-damage|p2b: Ursaluna|89/100 brn|[from] brn
|upkeep
|turn|9
|
|t:|1757003627
|-terastallize|p2b: Ursaluna|Ghost
|move|p1b: Dragonite|Protect|p1b: Dragonite
|-singleturn|p1b: Dragonite|Protect
|move|p1a: Pelipper|Protect|p1a: Pelipper
|-singleturn|p1a: Pelipper|Protect
|move|p2b: Ursaluna|Facade|p1b: Dragonite
|-activate|p1b: Dragonite|move: Protect
|
|-damage|p2b: Ursaluna|83/100 brn|[from] brn
|upkeep
|turn|10
|
|t:|1757003649
|move|p1b: Dragonite|Scale Shot|p2b: Ursaluna
|-damage|p2b: Ursaluna|71/100 brn
|-damage|p2b: Ursaluna|58/100 brn
|-damage|p2b: Ursaluna|48/100 brn
|-damage|p2b: Ursaluna|37/100 brn
|-damage|p2b: Ursaluna|26/100 brn
|-hitcount|p2b: Ursaluna|5
|-unboost|p1b: Dragonite|def|1
|-boost|p1b: Dragonite|spe|1
|move|p1a: Pelipper|Muddy Water|p2b: Ursaluna
|-damage|p2b: Ursaluna|0 fnt
|faint|p2b: Ursaluna
|
|win|IceApfel
|raw|IceApfel's rating: 1182 → 1202(+20 for winning)
|raw|taylor4ever's rating: 1106 → 1086(-20 for losing)
