|j|☆root2iris
|j|‽Desertfreak
|html|root2irisDesertfreak    
|uhtml|bestof|Game 2 of a best-of-3
|t:|1756839029
|gametype|doubles
|player|p1|root2iris|guitarist|1218
|player|p2|Desertfreak|2|1325
|gen|9
|tier|[Gen 9] VGC 2025 Reg H (Bo3)
|rated|
|rule|Species Clause: Limit one of each Pokémon
|rule|Item Clause: Limit 1 of each item
|clearpoke
|poke|p1|Archaludon, L50, M|
|poke|p1|Pelipper, L50, M|
|poke|p1|Amoonguss, L50, F|
|poke|p1|Incineroar, L50, M|
|poke|p1|Baxcalibur, L50, M|
|poke|p1|Annihilape, L50, F|
|poke|p2|Gholdengo, L50|
|poke|p2|Kilowattrel, L50, M|
|poke|p2|Incineroar, L50, F|
|poke|p2|Amoonguss, L50, M|
|poke|p2|Porygon2, L50|
|poke|p2|Ursaluna, L50, M|
|teampreview|4
|showteam|p1|Archaludon||AssaultVest|Stamina|DragonPulse,ElectroShot,BodyPress,Thunderbolt|||M|||50|,,,,,Electric]Pelipper||FocusSash|Drizzle|MuddyWater,Hurricane,Tailwind,Protect|||M|||50|,,,,,Ghost]Amoonguss||CovertCloak|Regenerator|PollenPuff,RagePowder,Spore,Protect|||F|||50|,,,,,Fairy]Incineroar||SafetyGoggles|Intimidate|KnockOff,BurningJealousy,PartingShot,FakeOut|||M|||50|,,,,,Ghost]Baxcalibur||LoadedDice|ThermalExchange|IcicleSpear,ScaleShot,HighHorsepower,Protect|||M|||50|,,,,,Ghost]Annihilape||SitrusBerry|Defiant|RageFist,FinalGambit,Coaching,Taunt|||F|||50|,,,,,Water
|showteam|p2|Gholdengo||LifeOrb|GoodasGold|MakeItRain,ShadowBall,Protect,NastyPlot||||||50|,,,,,Water]Kilowattrel||FocusSash|Competitive|AirSlash,Thunderbolt,Tailwind,Protect|||M|||50|,,,,,Ghost]Incineroar||SafetyGoggles|Intimidate|FakeOut,FlareBlitz,KnockOff,PartingShot|||F|||50|,,,,,Ghost]Amoonguss||SitrusBerry|Regenerator|PollenPuff,Spore,RagePowder,Protect|||M|||50|,,,,,Water]Porygon2||Eviolite|Download|TeraBlast,IceBeam,Recover,TrickRoom||||||50|,,,,,Fighting]Ursaluna||FlameOrb|Guts|Earthquake,Facade,HeadlongRush,Protect|||M|||50|,,,,,Ghost
|inactive|Battle timer is ON: inactive players will automatically lose when time's up. (requested by root2iris)
|inactive|root2iris has 60 seconds left.
|
|t:|1756839085
|teamsize|p1|4
|teamsize|p2|4
|start
|switch|p1a: Mikael Mouse|Amoonguss, L50, F|100/100
|switch|p1b: RC|Incineroar, L50, M|100/100
|switch|p2a: Kilowattrel|Kilowattrel, L50, M, shiny|100/100
|switch|p2b: Gholdengo|Gholdengo, L50|100/100
|-ability|p1b: RC|Intimidate|boost
|-unboost|p2a: Kilowattrel|atk|1
|-ability|p2a: Kilowattrel|Competitive|boost
|-boost|p2a: Kilowattrel|spa|2
|-unboost|p2b: Gholdengo|atk|1
|turn|1
|
|t:|1756839094
|move|p2a: Kilowattrel|Protect|p2a: Kilowattrel
|-singleturn|p2a: Kilowattrel|Protect
|move|p2b: Gholdengo|Nasty Plot|p2b: Gholdengo
|-boost|p2b: Gholdengo|spa|2
|move|p1b: RC|Knock Off|p2b: Gholdengo
|-supereffective|p2b: Gholdengo
|-damage|p2b: Gholdengo|23/100
|-enditem|p2b: Gholdengo|Life Orb|[from] move: Knock Off|[of] p1b: RC
|move|p1a: Mikael Mouse|Spore|p2a: Kilowattrel
|-activate|p2a: Kilowattrel|move: Protect
|
|upkeep
|turn|2
|
|t:|1756839113
|move|p2a: Kilowattrel|Thunderbolt|p1b: RC
|-damage|p1b: RC|11/100
|move|p2b: Gholdengo|Make It Rain|p1b: RC|[spread] p1a,p1b
|-resisted|p1b: RC
|-damage|p1a: Mikael Mouse|27/100
|-damage|p1b: RC|0 fnt
|-unboost|p2b: Gholdengo|spa|1
|faint|p1b: RC
|move|p1a: Mikael Mouse|Spore|p2a: Kilowattrel
|-status|p2a: Kilowattrel|slp|[from] move: Spore
|
|upkeep
|inactive|root2iris has 30 seconds left.
|
|t:|1756839147
|switch|p1b: Oathkeeper|Pelipper, L50, M, shiny|100/100
|-weather|RainDance|[from] ability: Drizzle|[of] p1b: Oathkeeper
|turn|3
|
|t:|1756839154
|move|p1a: Mikael Mouse|Protect|p1a: Mikael Mouse
|-singleturn|p1a: Mikael Mouse|Protect
|cant|p2a: Kilowattrel|slp
|move|p2b: Gholdengo|Shadow Ball|p1b: Oathkeeper
|-damage|p1b: Oathkeeper|1/100
|move|p1b: Oathkeeper|Muddy Water|p2b: Gholdengo|[spread] p2a,p2b
|-damage|p2a: Kilowattrel|20/100 slp
|-damage|p2b: Gholdengo|0 fnt
|faint|p2b: Gholdengo
|
|-weather|RainDance|[upkeep]
|upkeep
|
|t:|1756839168
|switch|p2b: Ursaluna|Ursaluna, L50, M, shiny|100/100
|turn|4
|
|t:|1756839177
|switch|p1a: Air Combo++|Baxcalibur, L50, M|100/100
|move|p2b: Ursaluna|Protect|p2b: Ursaluna
|-singleturn|p2b: Ursaluna|Protect
|cant|p2a: Kilowattrel|slp
|move|p1b: Oathkeeper|Muddy Water|p2b: Ursaluna|[spread] 
|-activate|p2b: Ursaluna|move: Protect
|-miss|p1b: Oathkeeper|p2a: Kilowattrel
|
|-weather|RainDance|[upkeep]
|-status|p2b: Ursaluna|brn|[from] item: Flame Orb
|upkeep
|turn|5
|
|t:|1756839192
|-terastallize|p1a: Air Combo++|Ghost
|-terastallize|p2b: Ursaluna|Ghost
|cant|p2a: Kilowattrel|slp
|move|p1a: Air Combo++|Icicle Spear|p2b: Ursaluna
|-damage|p2b: Ursaluna|88/100 brn
|-crit|p2b: Ursaluna
|-damage|p2b: Ursaluna|71/100 brn
|-damage|p2b: Ursaluna|59/100 brn
|-damage|p2b: Ursaluna|48/100 brn
|-damage|p2b: Ursaluna|36/100 brn
|-hitcount|p2b: Ursaluna|5
|move|p1b: Oathkeeper|Muddy Water|p2a: Kilowattrel|[spread] p2a,p2b
|-crit|p2a: Kilowattrel
|-damage|p2a: Kilowattrel|0 fnt
|-damage|p2b: Ursaluna|0 fnt
|faint|p2a: Kilowattrel
|faint|p2b: Ursaluna
|
|-weather|RainDance|[upkeep]
|upkeep
|
|t:|1756839197
|switch|p2b: Porygon2|Porygon2, L50, shiny|100/100
|-ability|p2b: Porygon2|Download|boost
|-boost|p2b: Porygon2|spa|1
|turn|6
|-message|Desertfreak forfeited.
|
|win|root2iris
||Desertfreak is ready for game 3.
|inactive|root2iris has 30 seconds to confirm battle start!
||root2iris is ready for game 3.
|uhtml|next|Next: Game 3 of 3
|l|‽Desertfreak
|player|p2|
