|j|☆Sylviana GL
|j|☆Tracansao
|html|Sylviana GLTracansao    
|uhtml|bestof|Game 3 of a best-of-3
|t:|1782759216
|gametype|doubles
|player|p1|Sylviana GL|caitlin|1040
|player|p2|Tracansao|flannery|1000
|gen|9
|tier|[Gen 9 Champions] VGC 2026 Reg M-B (Bo3)
|rated|
|rule|Species Clause: Limit one of each Pokémon
|rule|Item Clause: Limit 1 of each item
|clearpoke
|poke|p1|Metagross, L50, shiny|
|poke|p1|Incineroar, L50, F, shiny|
|poke|p1|Hydreigon, L50, F, shiny|
|poke|p1|Sneasler, L50, M|
|poke|p1|Pelipper, L50, F|
|poke|p1|Grimmsnarl, L50, M|
|poke|p2|Pelipper, L50, M, shiny|
|poke|p2|Sinistcha, L50|
|poke|p2|Archaludon, L50, M, shiny|
|poke|p2|Sableye, L50, M, shiny|
|poke|p2|Raichu, L50, F|
|poke|p2|Palafin, L50, F|
|teampreview|4
|showteam|p1|Metagross||Metagrossite|ClearBody|PsychicFangs,IronHead,StompingTantrum,Protect|Jolly|||||50|]Incineroar||PasshoBerry|Intimidate|FakeOut,PartingShot,FlareBlitz,ThroatChop|Impish||F|||50|]Hydreigon||ChoiceScarf|Levitate|DracoMeteor,DarkPulse,Snarl,EarthPower|Modest||F|||50|]Sneasler||FocusSash|Unburden|CloseCombat,DireClaw,FakeOut,Coaching|Jolly||M|||50|]Pelipper||SitrusBerry|Drizzle|WeatherBall,Hurricane,Tailwind,Protect|Bold||F|||50|]Grimmsnarl||LightClay|Prankster|SpiritBreak,Reflect,LightScreen,PartingShot|Sassy||M|||50|
|showteam|p2|Pelipper||FocusSash|Drizzle|WeatherBall,Hurricane,Tailwind,WideGuard|Modest||M|||50|]Sinistcha||KasibBerry|Hospitality|MatchaGotcha,RagePowder,LifeDew,TrickRoom|Bold|||||50|]Archaludon||Leftovers|Stamina|ElectroShot,FlashCannon,DragonPulse,Protect|Modest||M|||50|]Sableye||RoseliBerry|Prankster|Encore,Reflect,LightScreen,RainDance|Sassy||M|||50|]Raichu||RaichuniteY|LightningRod|FakeOut,Protect,ZapCannon,FocusBlast|Hasty||F|||50|]Palafin||MysticWater|ZerotoHero|WaveCrash,JetPunch,CloseCombat,Protect|Jolly||F|||50|
|inactive|Battle timer is ON: inactive players will automatically lose when time's up. (requested by Tracansao)
|
|t:|1782759248
|teamsize|p1|4
|teamsize|p2|4
|start
|switch|p1a: Hydreigon|Hydreigon, L50, F, shiny|100/100
|switch|p1b: Incineroar|Incineroar, L50, F, shiny|100/100
|switch|p2a: Sableye|Sableye, L50, M, shiny|100/100
|switch|p2b: Palafin|Palafin, L50, F|100/100
|-ability|p1b: Incineroar|Intimidate|boost
|-unboost|p2a: Sableye|atk|1
|-unboost|p2b: Palafin|atk|1
|turn|1
|
|t:|1782759261
|detailschange|p2b: Palafin|Palafin-Hero, L50, F
|switch|p2b: Archaludon|Archaludon, L50, M, shiny|100/100
|move|p1b: Incineroar|Fake Out|p2b: Archaludon
|-resisted|p2b: Archaludon|1
|-damage|p2b: Archaludon|96/100
|-ability|p2b: Archaludon|Stamina|boost
|-boost|p2b: Archaludon|def|1
|move|p2a: Sableye|Light Screen|p2a: Sableye
|-sidestart|p2: Tracansao|move: Light Screen
|move|p1a: Hydreigon|Earth Power|p2b: Archaludon
|-supereffective|p2b: Archaludon|1
|-damage|p2b: Archaludon|50/100y
|-ability|p2b: Archaludon|Stamina|boost
|-boost|p2b: Archaludon|def|1
|
|-heal|p2b: Archaludon|56/100|[from] item: Leftovers
|upkeep
|turn|2
|
|t:|1782759282
|switch|p1a: Grimmsnarl|Grimmsnarl, L50, M|100/100
|move|p2a: Sableye|Rain Dance|p2a: Sableye
|-weather|RainDance
|move|p2b: Archaludon|Dragon Pulse|p1a: Grimmsnarl
|-immune|p1a: Grimmsnarl
|move|p1b: Incineroar|Parting Shot|p2b: Archaludon
|-unboost|p2b: Archaludon|atk|1
|-unboost|p2b: Archaludon|spa|1
|
|t:|1782759294
|switch|p1b: Hydreigon|Hydreigon, L50, F, shiny|100/100|[from] Parting Shot
|
|-weather|RainDance|[upkeep]
|-heal|p2b: Archaludon|62/100|[from] item: Leftovers
|upkeep
|turn|3
|
|t:|1782759312
|switch|p1b: Incineroar|Incineroar, L50, F, shiny|100/100
|-ability|p1b: Incineroar|Intimidate|boost
|-unboost|p2a: Sableye|atk|1
|-unboost|p2b: Archaludon|atk|1
|move|p1a: Grimmsnarl|Light Screen|p1a: Grimmsnarl
|-sidestart|p1: Sylviana GL|move: Light Screen
|move|p2a: Sableye|Reflect|p2a: Sableye
|-sidestart|p2: Tracansao|Reflect
|move|p2b: Archaludon|Dragon Pulse|p1b: Incineroar
|-damage|p1b: Incineroar|85/100
|
|-weather|RainDance|[upkeep]
|-heal|p2b: Archaludon|68/100|[from] item: Leftovers
|upkeep
|turn|4
|
|t:|1782759324
|switch|p2a: Palafin|Palafin-Hero, L50, F|100/100
|-activate|p2a: Palafin|ability: Zero to Hero
|move|p1b: Incineroar|Fake Out|p2b: Archaludon
|-resisted|p2b: Archaludon|1
|-damage|p2b: Archaludon|67/100
|-ability|p2b: Archaludon|Stamina|boost
|-boost|p2b: Archaludon|def|1
|move|p1a: Grimmsnarl|Reflect|p1a: Grimmsnarl
|-sidestart|p1: Sylviana GL|Reflect
|cant|p2b: Archaludon|flinch
|
|-weather|RainDance|[upkeep]
|-heal|p2b: Archaludon|73/100|[from] item: Leftovers
|upkeep
|turn|5
|
|t:|1782759344
|switch|p1b: Sneasler|Sneasler, L50, M|100/100
|move|p1a: Grimmsnarl|Parting Shot|p2a: Palafin
|-unboost|p2a: Palafin|atk|1
|-unboost|p2a: Palafin|spa|1
|
|t:|1782759350
|switch|p1a: Incineroar|Incineroar, L50, F, shiny|85/100|[from] Parting Shot
|-ability|p1a: Incineroar|Intimidate|boost
|-unboost|p2a: Palafin|atk|1
|-unboost|p2b: Archaludon|atk|1
|move|p2a: Palafin|Wave Crash|p1b: Sneasler
|-damage|p1b: Sneasler|30/100
|-damage|p2a: Palafin|79/100|[from] Recoil
|move|p2b: Archaludon|Electro Shot||[still]
|-prepare|p2b: Archaludon|Electro Shot
|-boost|p2b: Archaludon|spa|1
|-anim|p2b: Archaludon|Electro Shot|p1b: Sneasler
|-damage|p1b: Sneasler|0 fnt
|faint|p1b: Sneasler
|
|-weather|RainDance|[upkeep]
|-heal|p2b: Archaludon|79/100|[from] item: Leftovers
|-sideend|p2: Tracansao|move: Light Screen
|upkeep
|
|t:|1782759362
|switch|p1b: Hydreigon|Hydreigon, L50, F, shiny|100/100
|turn|6
|
|t:|1782759371
|move|p1a: Incineroar|Fake Out|p2a: Palafin
|-damage|p2a: Palafin|71/100
|move|p1b: Hydreigon|Earth Power|p2b: Archaludon
|-supereffective|p2b: Archaludon|1
|-damage|p2b: Archaludon|13/100
|-ability|p2b: Archaludon|Stamina|boost
|-boost|p2b: Archaludon|def|1
|cant|p2a: Palafin|flinch
|move|p2b: Archaludon|Electro Shot||[still]
|-prepare|p2b: Archaludon|Electro Shot
|-boost|p2b: Archaludon|spa|1
|-anim|p2b: Archaludon|Electro Shot|p1a: Incineroar
|-damage|p1a: Incineroar|51/100
|
|-weather|none
|-heal|p2b: Archaludon|19/100|[from] item: Leftovers
|upkeep
|turn|7
|
|t:|1782759389
|move|p1b: Hydreigon|Earth Power|p2b: Archaludon
|-supereffective|p2b: Archaludon|1
|-damage|p2b: Archaludon|0 fnt
|faint|p2b: Archaludon
|move|p2a: Palafin|Wave Crash|p1a: Incineroar
|-supereffective|p1a: Incineroar|1
|-enditem|p1a: Incineroar|Passho Berry|[eat]
|-enditem|p1a: Incineroar|Passho Berry|[weaken]
|-damage|p1a: Incineroar|28/100
|-damage|p2a: Palafin|63/100|[from] Recoil
|move|p1a: Incineroar|Throat Chop|p2a: Palafin
|-damage|p2a: Palafin|41/100
|-start|p2a: Palafin|Throat Chop|[silent]
|
|-sideend|p2: Tracansao|Reflect
|upkeep
|
|t:|1782759399
|switch|p2b: Raichu|Raichu, L50, F|100/100
|turn|8
|
|t:|1782759424
|switch|p2a: Sableye|Sableye, L50, M, shiny|100/100
|switch|p1a: Grimmsnarl|Grimmsnarl, L50, M|100/100
|move|p2b: Raichu|Fake Out|p1b: Hydreigon
|-damage|p1b: Hydreigon|93/100
|cant|p1b: Hydreigon|flinch
|
|upkeep
|turn|9
|
|t:|1782759437
|switch|p1b: Incineroar|Incineroar, L50, F, shiny|28/100
|-ability|p1b: Incineroar|Intimidate|boost
|-unboost|p2a: Sableye|atk|1
|-unboost|p2b: Raichu|atk|1
|detailschange|p2b: Raichu|Raichu-Mega-Y, L50, F
|-mega|p2b: Raichu|Raichu|Raichunite Y
|move|p2a: Sableye|Light Screen|p2a: Sableye
|-sidestart|p2: Tracansao|move: Light Screen
|move|p2b: Raichu|Zap Cannon|p1b: Incineroar
|-damage|p1b: Incineroar|0 fnt
|faint|p1b: Incineroar
|move|p1a: Grimmsnarl|Spirit Break|p2b: Raichu
|-damage|p2b: Raichu|23/100
|-unboost|p2b: Raichu|spa|1
|
|upkeep
|
|t:|1782759448
|switch|p1b: Hydreigon|Hydreigon, L50, F, shiny|93/100
|turn|10
|
|t:|1782759456
|move|p2a: Sableye|Reflect|p2a: Sableye
|-sidestart|p2: Tracansao|Reflect
|move|p1b: Hydreigon|Earth Power|p2b: Raichu
|-supereffective|p2b: Raichu|1
|-damage|p2b: Raichu|0 fnt
|faint|p2b: Raichu
|move|p1a: Grimmsnarl|Spirit Break|p2a: Sableye
|-supereffective|p2a: Sableye|1
|-enditem|p2a: Sableye|Roseli Berry|[eat]
|-enditem|p2a: Sableye|Roseli Berry|[weaken]
|-damage|p2a: Sableye|70/100
|-unboost|p2a: Sableye|spa|1
|
|-sideend|p1: Sylviana GL|move: Light Screen
|upkeep
|-message|Tracansao forfeited.
|
|win|Sylviana GL
|raw|Sylviana GL's rating: 1040 → 1070(+30 for winning)
|raw|Tracansao's rating: 1000 → 1000(+0 for losing)
|l|☆Tracansao
|player|p2|
