|j|☆Olciax34
|j|☆JLUKES
|html|Olciax34JLUKES    
|uhtml|bestof|Game 3 of a best-of-3
|t:|1784922814
|gametype|doubles
|player|p1|Olciax34|169|1338
|player|p2|JLUKES|2|1258
|gen|9
|tier|[Gen 9 Champions] VGC 2026 Reg M-B (Bo3)
|rated|
|rule|Species Clause: Limit one of each Pokémon
|rule|Item Clause: Limit 1 of each item
|clearpoke
|poke|p1|Charizard, L50, F|
|poke|p1|Whimsicott, L50, M|
|poke|p1|Garchomp, L50, F|
|poke|p1|Basculegion, L50, M|
|poke|p1|Metagross, L50|
|poke|p1|Sylveon, L50, F|
|poke|p2|Scrafty, L50, F|
|poke|p2|Venusaur, L50, M|
|poke|p2|Ceruledge, L50, M|
|poke|p2|Milotic, L50, F|
|poke|p2|Ninetales-Alola, L50, M|
|poke|p2|Lycanroc-Dusk, L50, M|
|teampreview|4
|showteam|p1|Charizard||CharizarditeY|SolarPower|HeatWave,WeatherBall,SolarBeam,Protect|Modest||F|||50|]Whimsicott||FocusSash|Prankster|Moonblast,Tailwind,Encore,Protect|Timid||M|||50|]Garchomp||LifeOrb|RoughSkin|Earthquake,DragonClaw,RockSlide,Protect|Jolly||F|||50|]Basculegion||ChoiceScarf|Adaptability|WaveCrash,FlipTurn,LastRespects,AquaJet|Jolly||M|||50|]Metagross||Metagrossite|ClearBody|IronHead,PsychicFangs,BodyPress,Protect|Jolly|||||50|]Sylveon||FairyFeather|Pixilate|HyperVoice,HyperBeam,Yawn,Protect|Modest||F|||50|
|showteam|p2|Scrafty||Scraftinite|Intimidate|KnockOff,CloseCombat,FakeOut,Detect|Adamant||F|||50|]Venusaur||Venusaurite|Chlorophyll|GigaDrain,SludgeBomb,EarthPower,Protect|Modest||M|||50|]Ceruledge||ColburBerry|FlashFire|BitterBlade,ShadowSneak,BulkUp,Protect|Adamant||M|||50|]Milotic||SitrusBerry|Competitive|Scald,IcyWind,Recover,Protect|Calm||F|||50|]Ninetales-Alola||LightClay|SnowWarning|Blizzard,FreezeDry,AuroraVeil,Protect|Timid||M|||50|]Lycanroc-Dusk||FocusSash|ToughClaws|RockSlide,CloseCombat,Accelerock,Protect|Adamant||M|||50|
|inactive|Battle timer is ON: inactive players will automatically lose when time's up. (requested by Olciax34)
|inactive|JLUKES has 60 seconds left.
|
|t:|1784922870
|teamsize|p1|4
|teamsize|p2|4
|start
|switch|p1a: Whimsicott|Whimsicott, L50, M|100/100
|switch|p1b: Basculegion|Basculegion, L50, M|100/100
|switch|p2a: Scrafty|Scrafty, L50, F|100/100
|switch|p2b: Ceruledge|Ceruledge, L50, M|100/100
|-ability|p2a: Scrafty|Intimidate|boost
|-unboost|p1a: Whimsicott|atk|1
|-unboost|p1b: Basculegion|atk|1
|turn|1
|inactive|JLUKES has 30 seconds left.
|inactive|JLUKES has 20 seconds left.
|inactive|JLUKES has 15 seconds left.
|inactive|JLUKES has 10 seconds left.
|inactive|JLUKES has 5 seconds left.
|
|t:|1784922923
|detailschange|p2a: Scrafty|Scrafty-Mega, L50, F
|-mega|p2a: Scrafty|Scrafty|Scraftinite
|-ability|p2a: Scrafty|Intimidate|boost
|-unboost|p1a: Whimsicott|atk|1
|-unboost|p1b: Basculegion|atk|1
|move|p1a: Whimsicott|Protect|p1a: Whimsicott
|-singleturn|p1a: Whimsicott|Protect
|move|p2a: Scrafty|Fake Out|p1a: Whimsicott
|-activate|p1a: Whimsicott|move: Protect
|move|p2b: Ceruledge|Shadow Sneak|p1b: Basculegion
|-supereffective|p1b: Basculegion|1
|-crit|p1b: Basculegion
|-damage|p1b: Basculegion|22/100
|move|p1b: Basculegion|Flip Turn|p2a: Scrafty
|-damage|p2a: Scrafty|86/100
|inactive|Olciax34 has 30 seconds left.
|
|t:|1784922950
|switch|p1b: Metagross|Metagross, L50|100/100|[from] Flip Turn
|
|upkeep
|turn|2
|inactive|JLUKES has 30 seconds left.
|inactive|JLUKES has 20 seconds left.
|
|t:|1784922987
|move|p1b: Metagross|Protect|p1b: Metagross
|-singleturn|p1b: Metagross|Protect
|move|p2a: Scrafty|Detect|p2a: Scrafty
|-singleturn|p2a: Scrafty|Protect
|move|p1a: Whimsicott|Tailwind|p1a: Whimsicott
|-sidestart|p1: Olciax34|move: Tailwind
|move|p2b: Ceruledge|Bitter Blade|p1a: Whimsicott
|-supereffective|p1a: Whimsicott|1
|-enditem|p1a: Whimsicott|Focus Sash
|-damage|p1a: Whimsicott|1/100
|
|upkeep
|turn|3
|inactive|Olciax34 has 30 seconds left.
|inactive|JLUKES has 30 seconds left.
|inactive|Olciax34 has 20 seconds left.
|inactive|JLUKES has 20 seconds left.
|inactive|JLUKES has 15 seconds left.
|
|t:|1784923030
|detailschange|p1b: Metagross|Metagross-Mega, L50
|-mega|p1b: Metagross|Metagross|Metagrossite
|move|p2b: Ceruledge|Shadow Sneak|p1a: Whimsicott
|-damage|p1a: Whimsicott|0 fnt
|faint|p1a: Whimsicott
|move|p1b: Metagross|Psychic Fangs|p2b: Ceruledge
|-crit|p2b: Ceruledge
|-damage|p2b: Ceruledge|0 fnt
|faint|p2b: Ceruledge
|move|p2a: Scrafty|Knock Off|p1b: Metagross
|-supereffective|p1b: Metagross|1
|-damage|p1b: Metagross|45/100
|
|upkeep
|inactive|JLUKES has 30 seconds left.
|inactive|JLUKES has 20 seconds left.
|inactive|JLUKES has 15 seconds left.
|inactive|JLUKES has 10 seconds left.
|inactive|JLUKES has 5 seconds left.
|
|t:|1784923081
|switch|p1a: Sylveon|Sylveon, L50, F|100/100
|switch|p2b: Ninetales|Ninetales-Alola, L50, M|100/100
|-weather|Snowscape|[from] ability: Snow Warning|[of] p2b: Ninetales
|turn|4
|inactive|JLUKES has 30 seconds left.
|inactive|JLUKES has 20 seconds left.
|inactive|JLUKES has 15 seconds left.
|inactive|JLUKES has 10 seconds left.
|
|t:|1784923130
|switch|p2b: Lycanroc|Lycanroc-Dusk, L50, M|100/100
|move|p2a: Scrafty|Detect|p2a: Scrafty
|-singleturn|p2a: Scrafty|Protect
|move|p1b: Metagross|Iron Head|p2a: Scrafty
|-activate|p2a: Scrafty|move: Protect
|move|p1a: Sylveon|Hyper Voice|p2b: Lycanroc|[spread] p2b
|-activate|p2a: Scrafty|move: Protect
|-damage|p2b: Lycanroc|26/100
|
|-weather|Snowscape|[upkeep]
|upkeep
|turn|5
|inactive|JLUKES has 30 seconds left.
|
|t:|1784923162
|switch|p2a: Ninetales|Ninetales-Alola, L50, M|100/100
|move|p2b: Lycanroc|Protect|p2b: Lycanroc
|-singleturn|p2b: Lycanroc|Protect
|move|p1b: Metagross|Iron Head|p2a: Ninetales
|-supereffective|p2a: Ninetales|2
|-damage|p2a: Ninetales|0 fnt
|faint|p2a: Ninetales
|move|p1a: Sylveon|Hyper Voice|p2b: Lycanroc
|-activate|p2b: Lycanroc|move: Protect
|
|-weather|Snowscape|[upkeep]
|-sideend|p1: Olciax34|move: Tailwind
|upkeep
|
|t:|1784923173
|switch|p2a: Scrafty|Scrafty-Mega, L50, F|86/100
|-ability|p2a: Scrafty|Intimidate|boost
|-unboost|p1a: Sylveon|atk|1
|-unboost|p1b: Metagross|atk|1
|turn|6
|
|t:|1784923194
|move|p1b: Metagross|Protect|p1b: Metagross
|-singleturn|p1b: Metagross|Protect
|move|p1a: Sylveon|Protect|p1a: Sylveon
|-singleturn|p1a: Sylveon|Protect
|move|p2a: Scrafty|Fake Out|p1b: Metagross
|-activate|p1b: Metagross|move: Protect
|move|p2b: Lycanroc|Rock Slide|p1a: Sylveon|[spread] 
|-activate|p1a: Sylveon|move: Protect
|-activate|p1b: Metagross|move: Protect
|
|-weather|Snowscape|[upkeep]
|upkeep
|turn|7
|inactive|JLUKES has 30 seconds left.
|inactive|Olciax34 has 30 seconds left.
|inactive|JLUKES has 20 seconds left.
|
|t:|1784923233
|move|p2b: Lycanroc|Accelerock|p1a: Sylveon
|-crit|p1a: Sylveon
|-damage|p1a: Sylveon|54/100
|move|p1b: Metagross|Iron Head|p2b: Lycanroc
|-supereffective|p2b: Lycanroc|1
|-damage|p2b: Lycanroc|0 fnt
|faint|p2b: Lycanroc
|move|p2a: Scrafty|Knock Off|p1a: Sylveon
|-resisted|p1a: Sylveon|1
|-damage|p1a: Sylveon|28/100
|-enditem|p1a: Sylveon|Fairy Feather|[from] move: Knock Off|[of] p2a: Scrafty
|move|p1a: Sylveon|Hyper Voice|p2a: Scrafty
|-supereffective|p2a: Scrafty|2
|-damage|p2a: Scrafty|0 fnt
|faint|p2a: Scrafty
|
|win|Olciax34
|raw|Olciax34's rating: 1338 → 1353(+15 for winning)
|raw|JLUKES's rating: 1258 → 1239(-19 for losing)
