|j|☆Agency Tester
|j|☆FunkleVGC
|html|Agency TesterFunkleVGC    
|uhtml|bestof|Game 1 of a best-of-3
|t:|1784162974
|gametype|doubles
|player|p1|Agency Tester|byron|1089
|player|p2|FunkleVGC|fisherman-gen4|1121
|gen|9
|tier|[Gen 9 Champions] VGC 2026 Reg M-B (Bo3)
|rated|
|rule|Species Clause: Limit one of each Pokémon
|rule|Item Clause: Limit 1 of each item
|clearpoke
|poke|p1|Basculegion, L50, M|
|poke|p1|Garchomp, L50, F|
|poke|p1|Rotom-Heat, L50, shiny|
|poke|p1|Hydreigon, L50, M|
|poke|p1|Aerodactyl, L50, F|
|poke|p1|Sceptile, L50, F|
|poke|p2|Gholdengo, L50, shiny|
|poke|p2|Grimmsnarl, L50, M, shiny|
|poke|p2|Incineroar, L50, M, shiny|
|poke|p2|Staraptor, L50, F, shiny|
|poke|p2|Whimsicott, L50, F, shiny|
|poke|p2|Glimmora, L50, M, shiny|
|teampreview|4
|showteam|p1|Basculegion||SitrusBerry|Adaptability|LastRespects,WaveCrash,AquaJet,Protect|Serious||M|||50|]Garchomp||LifeOrb|RoughSkin|RockSlide,Earthquake,DragonClaw,Protect|Jolly||F|||50|]Rotom-Heat||ChoiceScarf|Levitate|Discharge,Overheat,VoltSwitch,Trick|Timid|||||50|]Hydreigon||Leftovers|Levitate|Substitute,DragonPulse,HeatWave,NastyPlot|Timid||M|||50|]Aerodactyl||FocusSash|Unnerve|Tailwind,RockSlide,Protect,DualWingbeat|Jolly||F|||50|]Sceptile||Sceptilite|Overgrow|DragonPulse,GrassKnot,Detect,EarthPower|Timid||F|||50|
|showteam|p2|Gholdengo||LifeOrb|GoodasGold|MakeItRain,ShadowBall,NastyPlot,Protect|Modest|||||50|]Grimmsnarl||LightClay|Prankster|Reflect,LightScreen,PartingShot,SpiritBreak|Careful||M|||50|]Incineroar||SitrusBerry|Intimidate|FakeOut,PartingShot,FlareBlitz,DarkestLariat|Relaxed||M|||50|]Staraptor||Staraptite|Intimidate|CloseCombat,BraveBird,Roost,Protect|Jolly||F|||50|]Whimsicott||OccaBerry|Prankster|Moonblast,Tailwind,Charm,Protect|Calm||F|||50|]Glimmora||FocusSash|ToxicDebris|SludgeBomb,PowerGem,EarthPower,SpikyShield|Modest||M|||50|
|inactive|Battle timer is ON: inactive players will automatically lose when time's up. (requested by Agency Tester)
|
|t:|1784163035
|teamsize|p1|4
|teamsize|p2|4
|start
|switch|p1a: Sceptile|Sceptile, L50, F|100/100
|switch|p1b: Rotom|Rotom-Heat, L50, shiny|100/100
|switch|p2a: Staraptor|Staraptor, L50, F, shiny|100/100
|switch|p2b: Incineroar|Incineroar, L50, M, shiny|100/100
|-ability|p2a: Staraptor|Intimidate|boost
|-unboost|p1a: Sceptile|atk|1
|-unboost|p1b: Rotom|atk|1
|-ability|p2b: Incineroar|Intimidate|boost
|-unboost|p1a: Sceptile|atk|1
|-unboost|p1b: Rotom|atk|1
|turn|1
|
|t:|1784163055
|detailschange|p1a: Sceptile|Sceptile-Mega, L50, F
|-mega|p1a: Sceptile|Sceptile|Sceptilite
|detailschange|p2a: Staraptor|Staraptor-Mega, L50, F, shiny
|-mega|p2a: Staraptor|Staraptor|Staraptite
|move|p2b: Incineroar|Fake Out|p1b: Rotom
|-damage|p1b: Rotom|86/100
|cant|p1b: Rotom|flinch
|move|p1a: Sceptile|Earth Power|p2b: Incineroar
|-supereffective|p2b: Incineroar|1
|-crit|p2b: Incineroar
|-damage|p2b: Incineroar|19/100
|-enditem|p2b: Incineroar|Sitrus Berry|[eat]
|-heal|p2b: Incineroar|44/100|[from] item: Sitrus Berry
|move|p2a: Staraptor|Close Combat|p1a: Sceptile
|-damage|p1a: Sceptile|6/100
|-boost|p2a: Staraptor|def|1
|-boost|p2a: Staraptor|spd|1
|
|upkeep
|turn|2
|inactive|Agency Tester has 30 seconds left.
|
|t:|1784163090
|move|p1b: Rotom|Discharge|p2a: Staraptor|[spread] p2a,p2b
|-ability|p1a: Sceptile|Lightning Rod|boost
|-boost|p1a: Sceptile|spa|1
|-supereffective|p2a: Staraptor|1
|-damage|p2a: Staraptor|57/100
|-damage|p2b: Incineroar|21/100
|-status|p2a: Staraptor|par
|-status|p2b: Incineroar|par
|move|p1a: Sceptile|Earth Power|p2b: Incineroar
|-supereffective|p2b: Incineroar|1
|-damage|p2b: Incineroar|0 fnt
|faint|p2b: Incineroar
|move|p2a: Staraptor|Close Combat|p1b: Rotom
|-damage|p1b: Rotom|5/100
|-boost|p2a: Staraptor|def|1
|-boost|p2a: Staraptor|spd|1
|
|upkeep
|
|t:|1784163105
|switch|p2b: Glimmora|Glimmora, L50, M, shiny|100/100
|turn|3
|
|t:|1784163115
|move|p1b: Rotom|Discharge|p2b: Glimmora|[spread] p2a,p2b
|-ability|p1a: Sceptile|Lightning Rod|boost
|-boost|p1a: Sceptile|spa|1
|-supereffective|p2a: Staraptor|1
|-damage|p2a: Staraptor|28/100 par
|-damage|p2b: Glimmora|61/100
|move|p1a: Sceptile|Dragon Pulse|p2a: Staraptor
|-damage|p2a: Staraptor|0 fnt
|faint|p2a: Staraptor
|move|p2b: Glimmora|Sludge Bomb|p1a: Sceptile
|-supereffective|p1a: Sceptile|1
|-damage|p1a: Sceptile|0 fnt
|faint|p1a: Sceptile
|
|upkeep
|
|t:|1784163126
|switch|p1a: Hydreigon|Hydreigon, L50, M|100/100
|switch|p2a: Whimsicott|Whimsicott, L50, F, shiny|100/100
|turn|4
|
|t:|1784163135
|move|p2a: Whimsicott|Tailwind|p2a: Whimsicott
|-sidestart|p2: FunkleVGC|move: Tailwind
|move|p2b: Glimmora|Power Gem|p1b: Rotom
|-supereffective|p1b: Rotom|1
|-damage|p1b: Rotom|0 fnt
|faint|p1b: Rotom
|move|p1a: Hydreigon|Substitute|p1a: Hydreigon
|-start|p1a: Hydreigon|Substitute
|-damage|p1a: Hydreigon|75/100
|
|-heal|p1a: Hydreigon|81/100|[from] item: Leftovers
|upkeep
|
|t:|1784163139
|switch|p1b: Basculegion|Basculegion, L50, M|100/100
|turn|5
|
|t:|1784163151
|move|p2a: Whimsicott|Charm|p1b: Basculegion
|-unboost|p1b: Basculegion|atk|2
|move|p2b: Glimmora|Sludge Bomb|p1a: Hydreigon
|-end|p1a: Hydreigon|Substitute
|move|p1a: Hydreigon|Heat Wave|p2a: Whimsicott|[spread] p2a,p2b
|-supereffective|p2a: Whimsicott|1
|-enditem|p2a: Whimsicott|Occa Berry|[eat]
|-enditem|p2a: Whimsicott|Occa Berry|[weaken]
|-resisted|p2b: Glimmora|1
|-damage|p2a: Whimsicott|75/100
|-damage|p2b: Glimmora|47/100
|move|p1b: Basculegion|Last Respects|p2a: Whimsicott
|-damage|p2a: Whimsicott|28/100
|
|-heal|p1a: Hydreigon|86/100|[from] item: Leftovers
|upkeep
|turn|6
|
|t:|1784163167
|move|p1b: Basculegion|Aqua Jet|p2b: Glimmora
|-supereffective|p2b: Glimmora|1
|-damage|p2b: Glimmora|14/100
|-activate|p2b: Glimmora|ability: Toxic Debris
|-sidestart|p1: Agency Tester|move: Toxic Spikes
|move|p2b: Glimmora|Power Gem|p1b: Basculegion
|-damage|p1b: Basculegion|43/100
|-enditem|p1b: Basculegion|Sitrus Berry|[eat]
|-heal|p1b: Basculegion|68/100|[from] item: Sitrus Berry
|move|p2a: Whimsicott|Moonblast|p1a: Hydreigon
|-supereffective|p1a: Hydreigon|2
|-damage|p1a: Hydreigon|0 fnt
|faint|p1a: Hydreigon
|
|upkeep
|turn|7
|
|t:|1784163181
|move|p2b: Glimmora|Spiky Shield|p2b: Glimmora
|-singleturn|p2b: Glimmora|move: Protect
|move|p2a: Whimsicott|Charm|p1b: Basculegion
|-unboost|p1b: Basculegion|atk|2
|move|p1b: Basculegion|Last Respects|p2a: Whimsicott
|-damage|p2a: Whimsicott|0 fnt
|faint|p2a: Whimsicott
|
|-sideend|p2: FunkleVGC|move: Tailwind
|upkeep
|turn|8
|c|☆Agency Tester|Gg
|
|t:|1784163191
|move|p1b: Basculegion|Aqua Jet|p2b: Glimmora
|-supereffective|p2b: Glimmora|1
|-crit|p2b: Glimmora
|-damage|p2b: Glimmora|0 fnt
|-activate|p2b: Glimmora|ability: Toxic Debris
|-sidestart|p1: Agency Tester|move: Toxic Spikes
|faint|p2b: Glimmora
|
|win|Agency Tester
