|j|☆Kao Liang
|j|☆Vtl loser
|html|Kao LiangVtl loser    
|uhtml|bestof|Game 3 of a best-of-3
|t:|1785592963
|gametype|doubles
|player|p1|Kao Liang|kieran-champion|
|player|p2|Vtl loser|2|
|gen|9
|tier|[Gen 9 Champions] VGC 2026 Reg M-B (Bo3)
|rule|Species Clause: Limit one of each Pokémon
|rule|Item Clause: Limit 1 of each item
|clearpoke
|poke|p1|Swampert, L50, M|
|poke|p1|Archaludon, L50, F, shiny|
|poke|p1|Politoed, L50, F, shiny|
|poke|p1|Vivillon-Marine, L50, M|
|poke|p1|Incineroar, L50, M|
|poke|p1|Gengar, L50, M|
|poke|p2|Delphox, L50, F|
|poke|p2|Blastoise, L50, F|
|poke|p2|Sinistcha, L50|
|poke|p2|Sneasler, L50, M|
|poke|p2|Incineroar, L50, M|
|poke|p2|Kingambit, L50, M|
|teampreview|4
|showteam|p1|Swampert||Swampertite|Torrent|Protect,WaveCrash,Earthquake,IcePunch|Adamant||M|||50|]Archaludon||Leftovers|Stamina|Protect,ElectroShot,FlashCannon,DragonPulse|Bold||F|||50|]Politoed||SitrusBerry|Drizzle|Protect,WeatherBall,Encore,PerishSong|Calm||F|||50|]Vivillon-Marine||FocusSash|CompoundEyes|Protect,SleepPowder,RagePowder,Hurricane|Timid||M|||50|]Incineroar||PasshoBerry|Intimidate|Protect,PartingShot,FakeOut,ThroatChop|Impish||M|||50|]Gengar||Gengarite|CursedBody|Protect,ShadowBall,SludgeBomb,PerishSong|Modest||M|||50|
|showteam|p2|Delphox||Delphoxite|Blaze|Psyshock,HeatWave,NastyPlot,Protect|Timid||F|||50|]Blastoise||Blastoisinite|Torrent|WaterSpout,DarkPulse,ShellSmash,Protect|Modest||F|||50|]Sinistcha||ColburBerry|Hospitality|MatchaGotcha,RagePowder,TrickRoom,Protect|Bold|||||50|]Sneasler||FocusSash|PoisonTouch|DireClaw,CloseCombat,FakeOut,QuickGuard|Jolly||M|||50|]Incineroar||SitrusBerry|Intimidate|FlareBlitz,HelpingHand,PartingShot,FakeOut|Careful||M|||50|]Kingambit||LifeOrb|Defiant|KowtowCleave,SuckerPunch,SwordsDance,Protect|Adamant||M|||50|
|inactive|Battle timer is ON: inactive players will automatically lose when time's up. (requested by Kao Liang)
|j| Edward0516
|j| Mirrorer
|j| charnizardnomiss
|j| 86test
|j| Phoenix Burner
|j| sky yeh
|j| Manimo_1126
|
|t:|1785592990
|teamsize|p1|4
|teamsize|p2|4
|start
|switch|p1a: Swampert|Swampert, L50, M|100/100
|switch|p1b: Vivillon|Vivillon-Marine, L50, M|100/100
|switch|p2a: Sneasler|Sneasler, L50, M|100/100
|switch|p2b: Blastoise|Blastoise, L50, F|100/100
|turn|1
|j| BenBen84
|j| nanahachisan
|inactive|Kao Liang has 30 seconds left.
|inactive|Vtl loser has 30 seconds left.
|inactive|Kao Liang has 20 seconds left.
|inactive|Vtl loser has 20 seconds left.
|inactive|Kao Liang has 15 seconds left.
|inactive|Kao Liang has 10 seconds left.
|
|t:|1785593038
|detailschange|p2b: Blastoise|Blastoise-Mega, L50, F
|-mega|p2b: Blastoise|Blastoise|Blastoisinite
|detailschange|p1a: Swampert|Swampert-Mega, L50, M
|-mega|p1a: Swampert|Swampert|Swampertite
|move|p2a: Sneasler|Fake Out|p1b: Vivillon
|-damage|p1b: Vivillon|73/100
|cant|p1b: Vivillon|flinch
|move|p2b: Blastoise|Shell Smash|p2b: Blastoise
|-unboost|p2b: Blastoise|def|1
|-unboost|p2b: Blastoise|spd|1
|-boost|p2b: Blastoise|atk|2
|-boost|p2b: Blastoise|spa|2
|-boost|p2b: Blastoise|spe|2
|move|p1a: Swampert|Earthquake|p2a: Sneasler|[spread] p2a,p2b
|-immune|p1b: Vivillon
|-supereffective|p2a: Sneasler|1
|-enditem|p2a: Sneasler|Focus Sash
|-damage|p2a: Sneasler|1/100
|-damage|p2b: Blastoise|33/100
|
|upkeep
|turn|2
|inactive|Kao Liang has 30 seconds left.
|
|t:|1785593072
|switch|p2a: Sinistcha|Sinistcha, L50|100/100
|-heal|p2b: Blastoise|58/100|[from] ability: Hospitality|[of] p2a: Sinistcha
|move|p1b: Vivillon|Protect|p1b: Vivillon
|-singleturn|p1b: Vivillon|Protect
|move|p2b: Blastoise|Water Spout|p1a: Swampert|[spread] p1a
|-activate|p1b: Vivillon|move: Protect
|-damage|p1a: Swampert|33/100
|move|p1a: Swampert|Earthquake|p2b: Blastoise|[spread] p2a,p2b
|-activate|p1b: Vivillon|move: Protect
|-resisted|p2a: Sinistcha|1
|-damage|p2a: Sinistcha|81/100
|-damage|p2b: Blastoise|0 fnt
|faint|p2b: Blastoise
|
|upkeep
|
|t:|1785593086
|switch|p2b: Sneasler|Sneasler, L50, M|1/100
|turn|3
|
|t:|1785593095
|switch|p1b: Archaludon|Archaludon, L50, F, shiny|100/100
|move|p1a: Swampert|Protect|p1a: Swampert
|-singleturn|p1a: Swampert|Protect
|move|p2b: Sneasler|Fake Out|p1b: Archaludon
|-resisted|p1b: Archaludon|1
|-damage|p1b: Archaludon|94/100
|-ability|p1b: Archaludon|Stamina|boost
|-boost|p1b: Archaludon|def|1
|move|p2a: Sinistcha|Trick Room|p2a: Sinistcha
|-fieldstart|move: Trick Room|[of] p2a: Sinistcha
|
|-heal|p1b: Archaludon|100/100|[from] item: Leftovers
|upkeep
|turn|4
|inactive|Kao Liang has 30 seconds left.
|
|t:|1785593129
|switch|p2a: Kingambit|Kingambit, L50, M|100/100
|switch|p1a: Politoed|Politoed, L50, F, shiny|100/100
|-weather|RainDance|[from] ability: Drizzle|[of] p1a: Politoed
|move|p1b: Archaludon|Electro Shot||[still]
|-prepare|p1b: Archaludon|Electro Shot
|-boost|p1b: Archaludon|spa|1
|-anim|p1b: Archaludon|Electro Shot|p2b: Sneasler
|-damage|p2b: Sneasler|0 fnt
|faint|p2b: Sneasler
|
|-weather|RainDance|[upkeep]
|upkeep
|
|t:|1785593140
|switch|p2b: Sinistcha|Sinistcha, L50|81/100
|turn|5
|
|t:|1785593159
|move|p2b: Sinistcha|Rage Powder|p2b: Sinistcha
|-singleturn|p2b: Sinistcha|move: Rage Powder
|move|p2a: Kingambit|Swords Dance|p2a: Kingambit
|-boost|p2a: Kingambit|atk|2
|move|p1a: Politoed|Perish Song|p1a: Politoed
|-start|p1a: Politoed|perish3|[silent]
|-start|p1b: Archaludon|perish3|[silent]
|-start|p2a: Kingambit|perish3|[silent]
|-start|p2b: Sinistcha|perish3|[silent]
|-fieldactivate|move: Perish Song
|move|p1b: Archaludon|Electro Shot||[still]
|-prepare|p1b: Archaludon|Electro Shot
|-boost|p1b: Archaludon|spa|1
|-anim|p1b: Archaludon|Electro Shot|p2b: Sinistcha
|-resisted|p2b: Sinistcha|1
|-damage|p2b: Sinistcha|48/100
|
|-weather|RainDance|[upkeep]
|-start|p2a: Kingambit|perish3
|-start|p1a: Politoed|perish3
|-start|p2b: Sinistcha|perish3
|-start|p1b: Archaludon|perish3
|upkeep
|turn|6
|
|t:|1785593177
|move|p1a: Politoed|Protect|p1a: Politoed
|-singleturn|p1a: Politoed|Protect
|move|p1b: Archaludon|Protect|p1b: Archaludon
|-singleturn|p1b: Archaludon|Protect
|move|p2a: Kingambit|Kowtow Cleave|p1a: Politoed
|-activate|p1a: Politoed|move: Protect
|move|p2b: Sinistcha|Matcha Gotcha|p1a: Politoed|[spread] 
|-activate|p1a: Politoed|move: Protect
|-activate|p1b: Archaludon|move: Protect
|
|-weather|RainDance|[upkeep]
|-start|p2a: Kingambit|perish2
|-start|p2b: Sinistcha|perish2
|-start|p1a: Politoed|perish2
|-start|p1b: Archaludon|perish2
|upkeep
|turn|7
|
|t:|1785593198
|switch|p1a: Swampert|Swampert-Mega, L50, M|33/100
|switch|p1b: Vivillon|Vivillon-Marine, L50, M|73/100
|move|p2a: Kingambit|Kowtow Cleave|p1a: Swampert
|-damage|p1a: Swampert|0 fnt
|faint|p1a: Swampert
|-damage|p2a: Kingambit|90/100|[from] item: Life Orb
|move|p2b: Sinistcha|Matcha Gotcha|p1b: Vivillon
|-resisted|p1b: Vivillon|2
|-damage|p1b: Vivillon|57/100
|-heal|p2b: Sinistcha|55/100|[from] drain|[of] p1b: Vivillon
|
|-weather|RainDance|[upkeep]
|-start|p2a: Kingambit|perish1
|-start|p2b: Sinistcha|perish1
|-fieldend|move: Trick Room
|upkeep
|l| sky yeh
|-message|Vtl loser forfeited.
|
|win|Kao Liang
|c|☆Kao Liang|謝謝指教
|l| Phoenix Burner
|l| Mirrorer
|l|☆Vtl loser
|player|p2|
|l| nanahachisan
|l| charnizardnomiss
|j|☆Vtl loser
|player|p2|Vtl loser|2|
|l|☆Vtl loser
|player|p2|
|l| BenBen84
|j|☆Vtl loser
|player|p2|Vtl loser|2|
|l| 86test
|l|☆Vtl loser
|player|p2|
|l| Edward0516
|l| Manimo_1126
|j| Manimo_1126
|l| Manimo_1126
|j|☆Vtl loser
|player|p2|Vtl loser|2|
|l|☆Vtl loser
|player|p2|
|j|☆Vtl loser
|player|p2|Vtl loser|2|
