|j|☆kolten
|j|☆Fervvvvv
|html|koltenFervvvvv    
|uhtml|bestof|Game 2 of a best-of-3
|t:|1785086515
|gametype|doubles
|player|p1|kolten|266|
|player|p2|Fervvvvv|bugcatcher-gen4dp|
|gen|9
|tier|[Gen 9 Champions] VGC 2026 Reg M-B (Bo3)
|rule|Species Clause: Limit one of each Pokémon
|rule|Item Clause: Limit 1 of each item
|clearpoke
|poke|p1|Farigiraf, L50, M|
|poke|p1|Scovillain, L50, F|
|poke|p1|Torkoal, L50, F|
|poke|p1|Vileplume, L50, F|
|poke|p1|Mamoswine, L50, M|
|poke|p1|Samurott-Hisui, L50, M|
|poke|p2|Vivillon, L50, M|
|poke|p2|Incineroar, L50, F|
|poke|p2|Hawlucha, L50, M|
|poke|p2|Slowbro, L50, F|
|poke|p2|Sinistcha, L50|
|poke|p2|Scrafty, L50, M|
|teampreview|4
|showteam|p1|Farigiraf||MentalHerb|ArmorTail|TrickRoom,PsychicFangs,Roar,MeanLook|Relaxed||M|||50|]Scovillain||Scovillainite|Moody|GigaDrain,Overheat,Protect,RagePowder|Sassy||F|||50|]Torkoal||Charcoal|Drought|Eruption,HeatWave,Protect,Yawn|Quiet||F|||50|]Vileplume||WideLens|Chlorophyll|SleepPowder,Protect,SludgeBomb,SolarBeam|Quiet||F|||50|]Mamoswine||LifeOrb|ThickFat|Earthquake,IceShard,IcicleCrash,Protect|Brave||M|||50|]Samurott-Hisui||BlackGlasses|Sharpness|CeaselessEdge,SuckerPunch,AquaCutter,Protect|Jolly||M|||50|
|showteam|p2|Vivillon||FocusSash|CompoundEyes|Hurricane,PollenPuff,Tailwind,SleepPowder|Timid||M|||50|]Incineroar||SitrusBerry|Intimidate|FakeOut,HeatWave,Snarl,PartingShot|Modest||F|||50|]Hawlucha||Hawluchanite|Limber|DualWingbeat,Uturn,RockSlide,Protect|Jolly||M|||50|]Slowbro||ExpertBelt|Regenerator|IceBeam,Scald,RainDance,Protect|Quiet||F|||50|]Sinistcha||Leftovers|Hospitality|Scald,TrickRoom,RagePowder,Protect|Sassy|||||50|]Scrafty||Scraftinite|Intimidate|FakeOut,ThroatChop,DragonTail,Protect|Adamant||M|||50|
|j| NewTrainaOnDaBlock
|j| applejuice1738
|
|t:|1785086651
|teamsize|p1|4
|teamsize|p2|4
|start
|switch|p1a: Samurott|Samurott-Hisui, L50, M|100/100
|switch|p1b: Scovillain|Scovillain, L50, F|100/100
|switch|p2a: Hawlucha|Hawlucha, L50, M|100/100
|switch|p2b: Vivillon|Vivillon, L50, M|100/100
|turn|1
|
|t:|1785086744
|detailschange|p2a: Hawlucha|Hawlucha-Mega, L50, M
|-mega|p2a: Hawlucha|Hawlucha|Hawluchanite
|detailschange|p1b: Scovillain|Scovillain-Mega, L50, F
|-mega|p1b: Scovillain|Scovillain|Scovillainite
|move|p1b: Scovillain|Rage Powder|p1b: Scovillain
|-singleturn|p1b: Scovillain|move: Rage Powder
|move|p2a: Hawlucha|Dual Wingbeat|p1b: Scovillain
|-supereffective|p1b: Scovillain|1
|-damage|p1b: Scovillain|53/100
|-status|p2a: Hawlucha|brn|[from] ability: Spicy Spray|[of] p1b: Scovillain
|-supereffective|p1b: Scovillain|1
|-damage|p1b: Scovillain|29/100
|-hitcount|p1b: Scovillain|2
|move|p2b: Vivillon|Sleep Powder|p1b: Scovillain
|-immune|p1b: Scovillain
|move|p1a: Samurott|Ceaseless Edge|p2b: Vivillon
|-damage|p2b: Vivillon|2/100
|-sidestart|p2: Fervvvvv|Spikes
|
|-damage|p2a: Hawlucha|94/100 brn|[from] brn
|upkeep
|turn|2
|j| Masterskillsalt
|c| applejuice1738|spicy spray is mean honestly
|c| Masterskillsalt|Fore play
|c| applejuice1738|holy edge from ceaseless edge though my god
|
|t:|1785086824
|move|p2a: Hawlucha|Rock Slide|p1a: Samurott|[spread] p1a,p1b
|-supereffective|p1b: Scovillain|1
|-damage|p1a: Samurott|87/100
|-damage|p1b: Scovillain|6/100
|move|p2b: Vivillon|Tailwind|p2b: Vivillon
|-sidestart|p2: Fervvvvv|move: Tailwind
|move|p1a: Samurott|Aqua Cutter|p2a: Hawlucha
|-damage|p2a: Hawlucha|42/100 brn
|cant|p1b: Scovillain|flinch
|
|-damage|p2a: Hawlucha|36/100 brn|[from] brn
|upkeep
|turn|3
|c| applejuice1738|FLINCH
|c| applejuice1738|got his ass stressing
|
|t:|1785086868
|move|p1b: Scovillain|Rage Powder|p1b: Scovillain
|-singleturn|p1b: Scovillain|move: Rage Powder
|move|p2a: Hawlucha|Rock Slide|p1a: Samurott|[spread] p1a,p1b
|-supereffective|p1b: Scovillain|1
|-damage|p1a: Samurott|75/100
|-damage|p1b: Scovillain|0 fnt
|faint|p1b: Scovillain
|move|p2b: Vivillon|Pollen Puff|p1a: Samurott
|-supereffective|p1a: Samurott|1
|-damage|p1a: Samurott|0 fnt
|faint|p1a: Samurott
|
|-damage|p2a: Hawlucha|30/100 brn|[from] brn
|upkeep
|c|☆kolten|buthole puckered
|c| applejuice1738|OHHHHHHHHHHHHHHHHH
|
|t:|1785086886
|switch|p1a: Mamoswine|Mamoswine, L50, M|100/100
|switch|p1b: Vileplume|Vileplume, L50, F|100/100
|turn|4
|l| Masterskillsalt
|
|t:|1785086909
|move|p1b: Vileplume|Protect|p1b: Vileplume
|-singleturn|p1b: Vileplume|Protect
|move|p1a: Mamoswine|Ice Shard|p2b: Vivillon
|-supereffective|p2b: Vivillon|1
|-damage|p2b: Vivillon|0 fnt
|faint|p2b: Vivillon
|-damage|p1a: Mamoswine|90/100|[from] item: Life Orb
|move|p2a: Hawlucha|Rock Slide|p1b: Vileplume|[spread] p1a
|-activate|p1b: Vileplume|move: Protect
|-damage|p1a: Mamoswine|80/100
|
|-damage|p2a: Hawlucha|25/100 brn|[from] brn
|upkeep
|c| applejuice1738|tuning into butthole cam right now and it is definitely not looking good
|j| Masterskillsalt
|
|t:|1785086932
|switch|p2b: Incineroar|Incineroar, L50, F|100/100
|-damage|p2b: Incineroar|87/100|[from] Spikes
|-ability|p2b: Incineroar|Intimidate|boost
|-unboost|p1a: Mamoswine|atk|1
|-unboost|p1b: Vileplume|atk|1
|turn|5
|c| applejuice1738|there she is that lil vile baddie
|
|t:|1785086970
|move|p1a: Mamoswine|Protect|p1a: Mamoswine
|-singleturn|p1a: Mamoswine|Protect
|move|p2a: Hawlucha|Dual Wingbeat|p1b: Vileplume
|-supereffective|p1b: Vileplume|1
|-damage|p1b: Vileplume|79/100
|-supereffective|p1b: Vileplume|1
|-damage|p1b: Vileplume|59/100
|-hitcount|p1b: Vileplume|2
|move|p2b: Incineroar|Heat Wave|p1b: Vileplume|[spread] p1b
|-activate|p1a: Mamoswine|move: Protect
|-supereffective|p1b: Vileplume|1
|-damage|p1b: Vileplume|0 fnt
|faint|p1b: Vileplume
|
|-damage|p2a: Hawlucha|19/100 brn|[from] brn
|-sideend|p2: Fervvvvv|move: Tailwind
|upkeep
|turn|6
|c| applejuice1738|:(
|c| applejuice1738|have some respect
|
|t:|1785087002
|move|p2a: Hawlucha|Rock Slide|p1a: Mamoswine
|-damage|p1a: Mamoswine|65/100
|cant|p1a: Mamoswine|flinch
|move|p2b: Incineroar|Parting Shot|p1a: Mamoswine
|-unboost|p1a: Mamoswine|atk|1
|-unboost|p1a: Mamoswine|spa|1
|c| applejuice1738|NOT enough screentime
|
|t:|1785087009
|switch|p2b: Slowbro|Slowbro, L50, F|100/100|[from] Parting Shot
|-damage|p2b: Slowbro|87/100|[from] Spikes
|
|-damage|p2a: Hawlucha|13/100 brn|[from] brn
|upkeep
|turn|7
|c| Masterskillsalt|Bro
|c|☆kolten|L
|c| applejuice1738|CLUTCH MAMOSWINE LETS GO COME ON!!!!!!
|c| Masterskillsalt|Chris getting sweeeeety
|
|t:|1785087056
|move|p1a: Mamoswine|Protect|p1a: Mamoswine
|-singleturn|p1a: Mamoswine|Protect
|move|p2a: Hawlucha|U-turn|p1a: Mamoswine
|-activate|p1a: Mamoswine|move: Protect
|move|p2b: Slowbro|Scald|p1a: Mamoswine
|-activate|p1a: Mamoswine|move: Protect
|
|-damage|p2a: Hawlucha|7/100 brn|[from] brn
|upkeep
|turn|8
|c| applejuice1738|Chris is kind of a sweetie yeah
|
|t:|1785087069
|move|p1a: Mamoswine|Protect||[still]
|-fail|p1a: Mamoswine
|move|p2a: Hawlucha|U-turn|p1a: Mamoswine
|-damage|p1a: Mamoswine|51/100
|
|t:|1785087073
|switch|p2a: Incineroar|Incineroar, L50, F|87/100|[from] U-turn
|-damage|p2a: Incineroar|75/100|[from] Spikes
|-ability|p2a: Incineroar|Intimidate|boost
|-unboost|p1a: Mamoswine|atk|1
|move|p2b: Slowbro|Scald|p1a: Mamoswine
|-supereffective|p1a: Mamoswine|1
|-damage|p1a: Mamoswine|0 fnt
|faint|p1a: Mamoswine
|
|win|Fervvvvv
