|j|☆sandays
|j|☆satandagiii2005
|html|sandayssatandagiii2005    
|uhtml|bestof|Game 1 of a best-of-3
|t:|1785884097
|gametype|doubles
|player|p1|sandays|169|1281
|player|p2|satandagiii2005|byron|1187
|gen|9
|tier|[Gen 9 Champions] VGC 2026 Reg M-B (Bo3)
|rated|
|rule|Species Clause: Limit one of each Pokémon
|rule|Item Clause: Limit 1 of each item
|clearpoke
|poke|p1|Dragonite, L50, F, shiny|
|poke|p1|Garchomp, L50, M|
|poke|p1|Archaludon, L50, M|
|poke|p1|Pelipper, L50, F|
|poke|p1|Weavile, L50, F|
|poke|p1|Starmie, L50|
|poke|p2|Raichu, L50, F|
|poke|p2|Staraptor, L50, F|
|poke|p2|Arcanine-Hisui, L50, M|
|poke|p2|Farigiraf, L50, M|
|poke|p2|Sylveon, L50, F|
|poke|p2|Kingambit, L50, M|
|teampreview|4
|showteam|p1|Dragonite||Dragoninite|Multiscale|DracoMeteor,Protect,Hurricane,HydroPump|Modest||F|||50|]Garchomp||ChoiceScarf|RoughSkin|Earthquake,RockSlide,DragonClaw,StompingTantrum|Jolly||M|||50|]Archaludon||Leftovers|Stamina|FlashCannon,ElectroShot,Protect,DragonPulse|Modest||M|||50|]Pelipper||SitrusBerry|Drizzle|Hurricane,WeatherBall,Tailwind,Protect|Bold||F|||50|]Weavile||FocusSash|Pickpocket|TripleAxel,FakeOut,KnockOff,Protect|Jolly||F|||50|]Starmie||Starminite|Illuminate|AquaJet,PsychoCut,Protect|Jolly|||||50|
|showteam|p2|Raichu||RaichuniteY|LightningRod|ZapCannon,FocusBlast,FakeOut,Protect|Timid||F|||50|]Staraptor||Staraptite|Intimidate|CloseCombat,DualWingbeat,Tailwind,Protect|Jolly||F|||50|]Arcanine-Hisui||FocusSash|RockHead|FlareBlitz,HeadSmash,ExtremeSpeed,Protect|Jolly||M|||50|]Farigiraf||SitrusBerry|ArmorTail|Psychic,HelpingHand,TrickRoom,Protect|Calm||M|||50|]Sylveon||FairyFeather|Pixilate|HyperVoice,QuickAttack,HyperBeam,Detect|Modest||F|||50|]Kingambit||LifeOrb|Defiant|KowtowCleave,SuckerPunch,SwordsDance,Protect|Adamant||M|||50|
|inactive|Battle timer is ON: inactive players will automatically lose when time's up. (requested by sandays)
|inactive|sandays has 60 seconds left.
|inactive|satandagiii2005 has 60 seconds left.
|inactive|sandays has 30 seconds left.
|inactive|satandagiii2005 has 30 seconds left.
|inactive|sandays has 20 seconds left.
|inactive|sandays has 15 seconds left.
|inactive|sandays has 10 seconds left.
|inactive|sandays has 5 seconds left.
|
|t:|1785884188
|teamsize|p1|4
|teamsize|p2|4
|start
|switch|p1a: Weavile|Weavile, L50, F|100/100
|switch|p1b: Archaludon|Archaludon, L50, M|100/100
|switch|p2a: Farigiraf|Farigiraf, L50, M|100/100
|switch|p2b: Sylveon|Sylveon, L50, F|100/100
|turn|1
|
|t:|1785884200
|move|p1a: Weavile|Knock Off|p2a: Farigiraf
|-supereffective|p2a: Farigiraf|1
|-damage|p2a: Farigiraf|18/100
|-enditem|p2a: Farigiraf|Sitrus Berry|[from] move: Knock Off|[of] p1a: Weavile
|move|p1b: Archaludon|Flash Cannon|p2b: Sylveon
|-supereffective|p2b: Sylveon|1
|-crit|p2b: Sylveon
|-damage|p2b: Sylveon|0 fnt
|faint|p2b: Sylveon
|move|p2a: Farigiraf|Trick Room|p2a: Farigiraf
|-fieldstart|move: Trick Room|[of] p2a: Farigiraf
|
|upkeep
|
|t:|1785884209
|switch|p2b: Kingambit|Kingambit, L50, M|100/100
|turn|2
|inactive|sandays has 30 seconds left.
|inactive|sandays has 20 seconds left.
|
|t:|1785884245
|move|p2a: Farigiraf|Protect|p2a: Farigiraf
|-singleturn|p2a: Farigiraf|Protect
|move|p2b: Kingambit|Swords Dance|p2b: Kingambit
|-boost|p2b: Kingambit|atk|2
|move|p1b: Archaludon|Dragon Pulse|p2b: Kingambit
|-resisted|p2b: Kingambit|1
|-damage|p2b: Kingambit|75/100
|move|p1a: Weavile|Knock Off|p2a: Farigiraf
|-activate|p2a: Farigiraf|move: Protect
|
|upkeep
|turn|3
|inactive|sandays has 30 seconds left.
|
|t:|1785884273
|move|p2a: Farigiraf|Helping Hand|p2b: Kingambit
|-singleturn|p2b: Kingambit|Helping Hand|[of] p2a: Farigiraf
|move|p2b: Kingambit|Kowtow Cleave|p1b: Archaludon
|-damage|p1b: Archaludon|0 fnt
|faint|p1b: Archaludon
|-damage|p2b: Kingambit|65/100|[from] item: Life Orb
|move|p1a: Weavile|Knock Off|p2b: Kingambit
|-resisted|p2b: Kingambit|1
|-damage|p2b: Kingambit|47/100
|-enditem|p2b: Kingambit|Life Orb|[from] move: Knock Off|[of] p1a: Weavile
|
|upkeep
|
|t:|1785884288
|switch|p1b: Starmie|Starmie, L50|100/100
|turn|4
|
|t:|1785884305
|move|p2a: Farigiraf|Helping Hand|p2b: Kingambit
|-singleturn|p2b: Kingambit|Helping Hand|[of] p2a: Farigiraf
|move|p1b: Starmie|Protect|p1b: Starmie
|-singleturn|p1b: Starmie|Protect
|move|p2b: Kingambit|Kowtow Cleave|p1a: Weavile
|-resisted|p1a: Weavile|1
|-enditem|p1a: Weavile|Focus Sash
|-damage|p1a: Weavile|1/100
|move|p1a: Weavile|Knock Off|p2a: Farigiraf
|-supereffective|p2a: Farigiraf|1
|-damage|p2a: Farigiraf|0 fnt
|faint|p2a: Farigiraf
|
|upkeep
|
|t:|1785884317
|switch|p2a: Raichu|Raichu, L50, F|100/100
|turn|5
|
|t:|1785884331
|switch|p1b: Garchomp|Garchomp, L50, M|100/100
|move|p1a: Weavile|Protect|p1a: Weavile
|-singleturn|p1a: Weavile|Protect
|move|p2a: Raichu|Fake Out|p1a: Weavile
|-activate|p1a: Weavile|move: Protect
|move|p2b: Kingambit|Kowtow Cleave|p1b: Garchomp
|-damage|p1b: Garchomp|2/100
|-damage|p2b: Kingambit|35/100|[from] ability: Rough Skin|[of] p1b: Garchomp
|
|-fieldend|move: Trick Room
|upkeep
|turn|6
|inactive|sandays has 30 seconds left.
|
|t:|1785884360
|switch|p1b: Starmie|Starmie, L50|100/100
|detailschange|p2a: Raichu|Raichu-Mega-Y, L50, F
|-mega|p2a: Raichu|Raichu|Raichunite Y
|move|p2b: Kingambit|Sucker Punch||[still]
|-fail|p2b: Kingambit
|move|p2a: Raichu|Zap Cannon|p1a: Weavile
|-damage|p1a: Weavile|0 fnt
|faint|p1a: Weavile
|
|upkeep
|
|t:|1785884362
|switch|p1a: Garchomp|Garchomp, L50, M|2/100
|turn|7
|
|t:|1785884376
|detailschange|p1b: Starmie|Starmie-Mega, L50
|-mega|p1b: Starmie|Starmie|Starminite
|move|p1b: Starmie|Aqua Jet|p2b: Kingambit
|-damage|p2b: Kingambit|9/100
|move|p2b: Kingambit|Sucker Punch|p1a: Garchomp
|-damage|p1a: Garchomp|0 fnt
|-damage|p2b: Kingambit|0 fnt|[from] ability: Rough Skin|[of] p1a: Garchomp
|faint|p1a: Garchomp
|faint|p2b: Kingambit
|move|p2a: Raichu|Zap Cannon|p1b: Starmie
|-supereffective|p1b: Starmie|1
|-damage|p1b: Starmie|0 fnt
|faint|p1b: Starmie
|
|win|satandagiii2005
||satandagiii2005 is ready for game 2.
|inactive|sandays has 30 seconds to confirm battle start!
||sandays is ready for game 2.
|uhtml|next|Next: Game 2 of 3
|l|☆sandays
|player|p1|
