|j|☆andrewcips
|j|☆Togepi Trinity
|html|andrewcipsTogepi Trinity    
|uhtml|bestof|Game 2 of a best-of-3
|t:|1783694219
|gametype|doubles
|player|p1|andrewcips|alder|1138
|player|p2|Togepi Trinity|unknown|1172
|gen|9
|tier|[Gen 9 Champions] VGC 2026 Reg M-B (Bo3)
|rated|
|rule|Species Clause: Limit one of each Pokémon
|rule|Item Clause: Limit 1 of each item
|clearpoke
|poke|p1|Charizard, L50, F|
|poke|p1|Whimsicott, L50, F|
|poke|p1|Basculegion, L50, M|
|poke|p1|Kingambit, L50, M|
|poke|p1|Garchomp, L50, M|
|poke|p1|Floette-Eternal, L50, F|
|poke|p2|Sinistcha, L50|
|poke|p2|Incineroar, L50, M|
|poke|p2|Milotic, L50, F|
|poke|p2|Raichu, L50, F|
|poke|p2|Floette-Eternal, L50, F|
|poke|p2|Ceruledge, L50, M|
|teampreview|4
|showteam|p1|Charizard||CharizarditeY|Blaze|HeatWave,WeatherBall,SolarBeam,Protect|Modest||F|||50|]Whimsicott||FocusSash|Prankster|Moonblast,Tailwind,Encore,Protect|Timid||F|||50|]Basculegion||MysticWater|Adaptability|WaveCrash,AquaJet,LastRespects,Protect|Adamant||M|||50|]Kingambit||ChopleBerry|Defiant|IronHead,LowKick,KowtowCleave,SuckerPunch|Adamant||M|||50|]Garchomp||LifeOrb|RoughSkin|StompingTantrum,RockSlide,DragonClaw,Protect|Jolly||M|||50|]Floette-Eternal||Floettite|FlowerVeil|LightofRuin,Moonblast,DazzlingGleam,Protect|Timid||F|||50|
|showteam|p2|Sinistcha||KasibBerry|Hospitality|MatchaGotcha,LifeDew,RagePowder,Protect|Relaxed|||||50|]Incineroar||SitrusBerry|Intimidate|FlareBlitz,ThroatChop,FakeOut,PartingShot|Impish||M|||50|]Milotic||Leftovers|Competitive|MuddyWater,Coil,Hypnosis,Protect|Calm||F|||50|]Raichu||RaichuniteY|LightningRod|ZapCannon,FocusBlast,FakeOut,Protect|Timid||F|||50|]Floette-Eternal||Floettite|FlowerVeil|DazzlingGleam,DrainingKiss,CalmMind,Protect|Timid||F|||50|]Ceruledge||ColburBerry|FlashFire|BitterBlade,ShadowSneak,BulkUp,Protect|Adamant||M|||50|
|inactive|Battle timer is ON: inactive players will automatically lose when time's up. (requested by andrewcips)
|inactive|andrewcips has 60 seconds left.
|
|t:|1783694269
|teamsize|p1|4
|teamsize|p2|4
|start
|switch|p1a: Basculegion|Basculegion, L50, M|100/100
|switch|p1b: Charizard|Charizard, L50, F|100/100
|switch|p2a: Floette|Floette-Eternal, L50, F|100/100
|switch|p2b: Ceruledge|Ceruledge, L50, M|100/100
|turn|1
|inactive|andrewcips has 30 seconds left.
|
|t:|1783694298
|switch|p2b: Incineroar|Incineroar, L50, M|100/100
|-ability|p2b: Incineroar|Intimidate|boost
|-unboost|p1a: Basculegion|atk|1
|-unboost|p1b: Charizard|atk|1
|detailschange|p1b: Charizard|Charizard-Mega-Y, L50, F
|-mega|p1b: Charizard|Charizard|Charizardite Y
|-weather|SunnyDay|[from] ability: Drought|[of] p1b: Charizard
|move|p2a: Floette|Protect|p2a: Floette
|-singleturn|p2a: Floette|Protect
|move|p1b: Charizard|Weather Ball|p2a: Floette
|-activate|p2a: Floette|move: Protect
|move|p1a: Basculegion|Wave Crash|p2b: Incineroar
|-supereffective|p2b: Incineroar|1
|-damage|p2b: Incineroar|50/100g
|-damage|p1a: Basculegion|84/100|[from] Recoil
|
|-weather|SunnyDay|[upkeep]
|upkeep
|turn|2
|inactive|andrewcips has 30 seconds left.
|
|t:|1783694328
|detailschange|p2a: Floette|Floette-Mega, L50, F
|-mega|p2a: Floette|Floette|Floettite
|-ability|p2a: Floette|Fairy Aura
|move|p2b: Incineroar|Fake Out|p1b: Charizard
|-damage|p1b: Charizard|90/100
|move|p2a: Floette|Calm Mind|p2a: Floette
|-boost|p2a: Floette|spa|1
|-boost|p2a: Floette|spd|1
|cant|p1b: Charizard|flinch
|move|p1a: Basculegion|Wave Crash|p2b: Incineroar
|-supereffective|p2b: Incineroar|1
|-damage|p2b: Incineroar|2/100
|-enditem|p2b: Incineroar|Sitrus Berry|[eat]
|-heal|p2b: Incineroar|27/100|[from] item: Sitrus Berry
|-damage|p1a: Basculegion|69/100|[from] Recoil
|
|-weather|SunnyDay|[upkeep]
|upkeep
|turn|3
|inactive|andrewcips has 30 seconds left.
|
|t:|1783694357
|switch|p1a: Kingambit|Kingambit, L50, M|100/100
|move|p2a: Floette|Calm Mind|p2a: Floette
|-boost|p2a: Floette|spa|1
|-boost|p2a: Floette|spd|1
|move|p1b: Charizard|Weather Ball|p2a: Floette
|-damage|p2a: Floette|65/100
|move|p2b: Incineroar|Throat Chop|p1a: Kingambit
|-resisted|p1a: Kingambit|1
|-damage|p1a: Kingambit|89/100
|-start|p1a: Kingambit|Throat Chop|[silent]
|
|-weather|SunnyDay|[upkeep]
|upkeep
|turn|4
|inactive|andrewcips has 30 seconds left.
|
|t:|1783694390
|move|p2a: Floette|Dazzling Gleam|p1b: Charizard|[spread] p1a,p1b
|-crit|p1a: Kingambit
|-resisted|p1b: Charizard|1
|-damage|p1a: Kingambit|0 fnt
|-damage|p1b: Charizard|54/100
|faint|p1a: Kingambit
|move|p1b: Charizard|Weather Ball|p2a: Floette
|-damage|p2a: Floette|30/100
|move|p2b: Incineroar|Parting Shot|p1b: Charizard
|-unboost|p1b: Charizard|atk|1
|-unboost|p1b: Charizard|spa|1
|
|t:|1783694399
|switch|p2b: Sinistcha|Sinistcha, L50|100/100|[from] Parting Shot
|-heal|p2a: Floette|55/100|[from] ability: Hospitality|[of] p2b: Sinistcha
|
|-weather|SunnyDay|[upkeep]
|upkeep
|
|t:|1783694403
|switch|p1a: Basculegion|Basculegion, L50, M|69/100
|turn|5
|
|t:|1783694422
|switch|p2b: Incineroar|Incineroar, L50, M|27/100
|-ability|p2b: Incineroar|Intimidate|boost
|-unboost|p1a: Basculegion|atk|1
|-unboost|p1b: Charizard|atk|1
|move|p2a: Floette|Protect|p2a: Floette
|-singleturn|p2a: Floette|Protect
|move|p1a: Basculegion|Protect|p1a: Basculegion
|-singleturn|p1a: Basculegion|Protect
|move|p1b: Charizard|Weather Ball|p2b: Incineroar
|-resisted|p2b: Incineroar|1
|-damage|p2b: Incineroar|3/100
|
|-weather|none
|upkeep
|turn|6
|inactive|andrewcips has 30 seconds left.
|
|t:|1783694451
|switch|p1b: Whimsicott|Whimsicott, L50, F|100/100
|move|p2b: Incineroar|Fake Out|p1b: Whimsicott
|-damage|p1b: Whimsicott|83/100
|move|p2a: Floette|Dazzling Gleam|p1b: Whimsicott|[spread] p1a,p1b
|-damage|p1a: Basculegion|0 fnt
|-damage|p1b: Whimsicott|0 fnt
|faint|p1a: Basculegion
|faint|p1b: Whimsicott
|
|upkeep
|
|t:|1783694458
|switch|p1b: Charizard|Charizard-Mega-Y, L50, F|54/100
|-weather|SunnyDay|[from] ability: Drought|[of] p1b: Charizard
|turn|7
|
|t:|1783694465
|move|p2a: Floette|Draining Kiss|p1b: Charizard
|-resisted|p1b: Charizard|1
|-damage|p1b: Charizard|22/100
|-heal|p2a: Floette|83/100|[from] drain|[of] p1b: Charizard
|move|p1b: Charizard|Weather Ball|p2a: Floette
|-damage|p2a: Floette|44/100
|move|p2b: Incineroar|Parting Shot|p1b: Charizard
|-unboost|p1b: Charizard|atk|1
|-unboost|p1b: Charizard|spa|1
|
|t:|1783694474
|switch|p2b: Sinistcha|Sinistcha, L50|100/100|[from] Parting Shot
|-heal|p2a: Floette|69/100|[from] ability: Hospitality|[of] p2b: Sinistcha
|
|-weather|SunnyDay|[upkeep]
|upkeep
|turn|8
|
|t:|1783694481
|switch|p2b: Incineroar|Incineroar, L50, M|3/100
|-ability|p2b: Incineroar|Intimidate|boost
|-unboost|p1b: Charizard|atk|1
|move|p2a: Floette|Draining Kiss|p1b: Charizard
|-resisted|p1b: Charizard|1
|-damage|p1b: Charizard|0 fnt
|-heal|p2a: Floette|90/100|[from] drain|[of] p1b: Charizard
|faint|p1b: Charizard
|
|win|Togepi Trinity
|raw|andrewcips's rating: 1138 → 1115(-23 for losing)
|raw|Togepi Trinity's rating: 1172 → 1195(+23 for winning)
