|j|☆HayesL
|j|☆gliscor43
|html|HayesLgliscor43    
|uhtml|bestof|Game 3 of a best-of-3
|t:|1784405394
|gametype|doubles
|player|p1|HayesL|will|
|player|p2|gliscor43|mars|
|gen|9
|tier|[Gen 9 Champions] VGC 2026 Reg M-B (Bo3)
|rule|Species Clause: Limit one of each Pokémon
|rule|Item Clause: Limit 1 of each item
|clearpoke
|poke|p1|Garchomp, L50, M|
|poke|p1|Kingambit, L50, F|
|poke|p1|Farigiraf, L50, M|
|poke|p1|Aerodactyl, L50, F|
|poke|p1|Clefable, L50, M|
|poke|p1|Rotom-Heat, L50|
|poke|p2|Pelipper, L50, F|
|poke|p2|Dragonite, L50, F|
|poke|p2|Staraptor, L50, M|
|poke|p2|Swampert, L50, M|
|poke|p2|Meowstic, L50, M|
|poke|p2|Volcarona, L50, F|
|teampreview|4
|showteam|p1|Garchomp||Garchompite|SandVeil|Earthquake,RockSlide,DragonClaw,Protect|Adamant||M|||50|]Kingambit||BlackGlasses|Defiant|KowtowCleave,SuckerPunch,IronHead,Protect|Adamant||F|||50|]Farigiraf||SitrusBerry|ArmorTail|Psychic,Thunderbolt,TrickRoom,Roar|Modest||M|||50|]Aerodactyl||FocusSash|RockHead|RockSlide,DualWingbeat,Tailwind,WideGuard|Jolly||F|||50|]Clefable||Leftovers|Unaware|Moonblast,FollowMe,HelpingHand,Protect|Bold||M|||50|]Rotom-Heat||PasshoBerry|Levitate|Overheat,Thunderbolt,WillOWisp,Protect|Timid|||||50|
|showteam|p2|Pelipper||FocusSash|Drizzle|WeatherBall,Hurricane,Tailwind,Protect|Modest||F|||50|]Dragonite||BrightPowder|Multiscale|DragonClaw,ExtremeSpeed,Roost,Protect|Adamant||F|||50|]Staraptor||Staraptite|Intimidate|CloseCombat,BraveBird,Roost,Protect|Adamant||M|||50|]Swampert||Swampertite|Torrent|WaveCrash,Earthquake,IcePunch,Protect|Adamant||M|||50|]Meowstic||MentalHerb|Prankster|FakeOut,Charm,RainDance,Yawn|Careful||M|||50|]Volcarona||SitrusBerry|FlameBody|RagePowder,BugBuzz,Protect,LightScreen|Bold||F|||50|
|
|t:|1784405435
|teamsize|p1|4
|teamsize|p2|4
|start
|switch|p1a: sweater vest|Farigiraf, L50, M|100/100
|switch|p1b: trebleleblebleb|Clefable, L50, M|100/100
|switch|p2a: Meowstic|Meowstic, L50, M|100/100
|switch|p2b: Staraptor|Staraptor, L50, M|100/100
|-ability|p2b: Staraptor|Intimidate|boost
|-unboost|p1a: sweater vest|atk|1
|-unboost|p1b: trebleleblebleb|atk|1
|turn|1
|
|t:|1784405494
|detailschange|p2b: Staraptor|Staraptor-Mega, L50, M
|-mega|p2b: Staraptor|Staraptor|Staraptite
|move|p2a: Meowstic|Charm|p2b: Staraptor
|-boost|p2b: Staraptor|atk|2
|move|p2b: Staraptor|Close Combat|p1a: sweater vest
|-damage|p1a: sweater vest|0 fnt
|-boost|p2b: Staraptor|def|1
|-boost|p2b: Staraptor|spd|1
|faint|p1a: sweater vest
|move|p1b: trebleleblebleb|Moonblast|p2b: Staraptor
|-supereffective|p2b: Staraptor|1
|-damage|p2b: Staraptor|40/100
|
|upkeep
|
|t:|1784405501
|switch|p1a: mfer cooked|Rotom-Heat, L50|100/100
|turn|2
|
|t:|1784405513
|switch|p2a: Volcarona|Volcarona, L50, F|100/100
|move|p2b: Staraptor|Protect|p2b: Staraptor
|-singleturn|p2b: Staraptor|Protect
|move|p1a: mfer cooked|Thunderbolt|p2b: Staraptor
|-activate|p2b: Staraptor|move: Protect
|move|p1b: trebleleblebleb|Moonblast|p2b: Staraptor
|-activate|p2b: Staraptor|move: Protect
|
|upkeep
|turn|3
|
|t:|1784405546
|move|p2a: Volcarona|Rage Powder|p2a: Volcarona
|-singleturn|p2a: Volcarona|move: Rage Powder
|move|p1b: trebleleblebleb|Follow Me|p1b: trebleleblebleb
|-singleturn|p1b: trebleleblebleb|move: Follow Me
|move|p1a: mfer cooked|Thunderbolt|p2a: Volcarona
|-damage|p2a: Volcarona|63/100
|move|p2b: Staraptor|Close Combat|p1b: trebleleblebleb
|-resisted|p1b: trebleleblebleb|1
|-damage|p1b: trebleleblebleb|70/100
|-boost|p2b: Staraptor|def|1
|-boost|p2b: Staraptor|spd|1
|
|-heal|p1b: trebleleblebleb|76/100|[from] item: Leftovers
|upkeep
|turn|4
|
|t:|1784405563
|move|p1b: trebleleblebleb|Protect|p1b: trebleleblebleb
|-singleturn|p1b: trebleleblebleb|Protect
|move|p2a: Volcarona|Rage Powder|p2a: Volcarona
|-singleturn|p2a: Volcarona|move: Rage Powder
|move|p1a: mfer cooked|Thunderbolt|p2a: Volcarona
|-damage|p2a: Volcarona|30/100
|-enditem|p2a: Volcarona|Sitrus Berry|[eat]
|-heal|p2a: Volcarona|55/100|[from] item: Sitrus Berry
|move|p2b: Staraptor|Roost|p2b: Staraptor
|-heal|p2b: Staraptor|90/100
|-singleturn|p2b: Staraptor|move: Roost
|
|-heal|p1b: trebleleblebleb|82/100|[from] item: Leftovers
|upkeep
|turn|5
|
|t:|1784405579
|move|p2a: Volcarona|Rage Powder|p2a: Volcarona
|-singleturn|p2a: Volcarona|move: Rage Powder
|move|p1a: mfer cooked|Thunderbolt|p2a: Volcarona
|-damage|p2a: Volcarona|20/100y
|move|p2b: Staraptor|Close Combat|p1a: mfer cooked
|-damage|p1a: mfer cooked|0 fnt
|-boost|p2b: Staraptor|def|1
|-boost|p2b: Staraptor|spd|1
|faint|p1a: mfer cooked
|move|p1b: trebleleblebleb|Moonblast|p2a: Volcarona
|-resisted|p2a: Volcarona|1
|-damage|p2a: Volcarona|7/100
|
|-heal|p1b: trebleleblebleb|88/100|[from] item: Leftovers
|upkeep
|
|t:|1784405581
|switch|p1a: da don|Garchomp, L50, M|100/100
|turn|6
|
|t:|1784405591
|detailschange|p1a: da don|Garchomp-Mega, L50, M
|-mega|p1a: da don|Garchomp|Garchompite
|move|p2a: Volcarona|Rage Powder|p2a: Volcarona
|-singleturn|p2a: Volcarona|move: Rage Powder
|move|p1a: da don|Rock Slide|p2b: Staraptor|[spread] p2a,p2b
|-supereffective|p2a: Volcarona|2
|-crit|p2a: Volcarona
|-damage|p2a: Volcarona|0 fnt
|-damage|p2b: Staraptor|81/100
|faint|p2a: Volcarona
|move|p2b: Staraptor|Close Combat|p1a: da don
|-damage|p1a: da don|0 fnt
|-boost|p2b: Staraptor|def|1
|-boost|p2b: Staraptor|spd|1
|faint|p1a: da don
|move|p1b: trebleleblebleb|Moonblast|p2b: Staraptor
|-supereffective|p2b: Staraptor|1
|-damage|p2b: Staraptor|18/100
|-boost|p2b: Staraptor|spa|1
|
|-heal|p1b: trebleleblebleb|94/100|[from] item: Leftovers
|upkeep
|
|t:|1784405604
|switch|p2a: Meowstic|Meowstic, L50, M|100/100
|turn|7
|
|t:|1784405666
|move|p2a: Meowstic|Charm|p2b: Staraptor
|-boost|p2b: Staraptor|atk|2
|move|p2b: Staraptor|Brave Bird|p1b: trebleleblebleb
|-crit|p1b: trebleleblebleb
|-damage|p1b: trebleleblebleb|1/100
|-damage|p2b: Staraptor|0 fnt|[from] Recoil
|faint|p2b: Staraptor
|move|p1b: trebleleblebleb|Moonblast|p2a: Meowstic
|-damage|p2a: Meowstic|68/100
|
|-heal|p1b: trebleleblebleb|7/100|[from] item: Leftovers
|upkeep
|
|t:|1784405676
|switch|p2b: Dragonite|Dragonite, L50, F|100/100
|turn|8
|j|+joey
|
|t:|1784405698
|move|p2b: Dragonite|Extreme Speed|p1b: trebleleblebleb
|-damage|p1b: trebleleblebleb|0 fnt
|faint|p1b: trebleleblebleb
|
|win|gliscor43
|l|☆HayesL
|player|p1|
