|j|☆Frobrad
|j|☆PizzaSanwitch
|html|FrobradPizzaSanwitch    
|uhtml|bestof|Game 1 of a best-of-3
|t:|1783629323
|gametype|doubles
|player|p1|Frobrad|169|1125
|player|p2|PizzaSanwitch|265|1127
|gen|9
|tier|[Gen 9 Champions] VGC 2026 Reg M-B (Bo3)
|rated|
|rule|Species Clause: Limit one of each Pokémon
|rule|Item Clause: Limit 1 of each item
|clearpoke
|poke|p1|Staraptor, L50, F, shiny|
|poke|p1|Rotom-Wash, L50|
|poke|p1|Garchomp, L50, M|
|poke|p1|Metagross, L50, shiny|
|poke|p1|Kingambit, L50, M, shiny|
|poke|p1|Whimsicott, L50, F|
|poke|p2|Sinistcha, L50|
|poke|p2|Pelipper, L50, M|
|poke|p2|Archaludon, L50, F|
|poke|p2|Sableye, L50, M|
|poke|p2|Swampert, L50, F|
|poke|p2|Venusaur, L50, F|
|teampreview|4
|showteam|p1|Staraptor||Staraptite|Intimidate|CloseCombat,Roost,BraveBird,Protect|Jolly||F|||50|]Rotom-Wash||Leftovers|Levitate|HydroPump,Thunderbolt,VoltSwitch,WillOWisp|Modest|||||50|]Garchomp||LifeOrb|RoughSkin|RockSlide,Earthquake,DragonClaw,Protect|Jolly||M|||50|]Metagross||Metagrossite|ClearBody|PsychicFangs,RockSlide,IronHead,Protect|Jolly|||||50|]Kingambit||ExpertBelt|Defiant|KowtowCleave,IronHead,StoneEdge,SuckerPunch|Brave||M|||50|]Whimsicott||FocusSash|Prankster|Moonblast,Tailwind,Encore,Charm|Bold||F|||50|
|showteam|p2|Sinistcha||SitrusBerry|Hospitality|MatchaGotcha,RagePowder,Protect,TrickRoom|Bold|||||50|]Pelipper||FocusSash|Drizzle|WeatherBall,Hurricane,Tailwind,Protect|Modest||M|||50|]Archaludon||Leftovers|Stamina|ElectroShot,FlashCannon,DragonPulse,Protect|Modest||F|||50|]Sableye||RoseliBerry|Prankster|RainDance,LightScreen,Quash,WillOWisp|Calm||M|||50|]Swampert||Swampertite|Damp|WaveCrash,Earthquake,IcePunch,Protect|Adamant||F|||50|]Venusaur||Venusaurite|Chlorophyll|GigaDrain,SludgeBomb,EarthPower,Protect|Modest||F|||50|
|
|t:|1783629380
|teamsize|p1|4
|teamsize|p2|4
|start
|switch|p1a: Rotom|Rotom-Wash, L50|100/100
|switch|p1b: Staraptor|Staraptor, L50, F, shiny|100/100
|switch|p2a: Sableye|Sableye, L50, M|100/100
|switch|p2b: Pelipper|Pelipper, L50, M|100/100
|-ability|p1b: Staraptor|Intimidate|boost
|-unboost|p2a: Sableye|atk|1
|-unboost|p2b: Pelipper|atk|1
|-weather|RainDance|[from] ability: Drizzle|[of] p2b: Pelipper
|turn|1
|inactive|Battle timer is ON: inactive players will automatically lose when time's up. (requested by PizzaSanwitch)
|
|t:|1783629406
|detailschange|p1b: Staraptor|Staraptor-Mega, L50, F, shiny
|-mega|p1b: Staraptor|Staraptor|Staraptite
|move|p1b: Staraptor|Protect|p1b: Staraptor
|-singleturn|p1b: Staraptor|Protect
|move|p2b: Pelipper|Protect|p2b: Pelipper
|-singleturn|p2b: Pelipper|Protect
|move|p2a: Sableye|Will-O-Wisp|p1b: Staraptor
|-activate|p1b: Staraptor|move: Protect
|move|p1a: Rotom|Thunderbolt|p2b: Pelipper
|-activate|p2b: Pelipper|move: Protect
|
|-weather|RainDance|[upkeep]
|upkeep
|turn|2
|
|t:|1783629425
|switch|p1b: Whimsicott|Whimsicott, L50, F|100/100
|switch|p2b: Swampert|Swampert, L50, F|100/100
|move|p2a: Sableye|Will-O-Wisp|p1b: Whimsicott
|-status|p1b: Whimsicott|brn
|move|p1a: Rotom|Will-O-Wisp|p2b: Swampert
|-status|p2b: Swampert|brn
|
|-weather|RainDance|[upkeep]
|-damage|p1b: Whimsicott|94/100 brn|[from] brn
|-damage|p2b: Swampert|93/100 brn|[from] brn
|upkeep
|turn|3
|inactive|PizzaSanwitch has 30 seconds left.
|
|t:|1783629457
|switch|p2a: Archaludon|Archaludon, L50, F|100/100
|detailschange|p2b: Swampert|Swampert-Mega, L50, F
|-mega|p2b: Swampert|Swampert|Swampertite
|move|p1b: Whimsicott|Tailwind|p1b: Whimsicott
|-sidestart|p1: Frobrad|move: Tailwind
|move|p1a: Rotom|Thunderbolt|p2a: Archaludon
|-resisted|p2a: Archaludon|1
|-damage|p2a: Archaludon|79/100
|-ability|p2a: Archaludon|Stamina|boost
|-boost|p2a: Archaludon|def|1
|move|p2b: Swampert|Ice Punch|p1b: Whimsicott
|-supereffective|p1b: Whimsicott|1
|-damage|p1b: Whimsicott|62/100 brn
|
|-weather|RainDance|[upkeep]
|-heal|p2a: Archaludon|85/100|[from] item: Leftovers
|-damage|p1b: Whimsicott|56/100 brn|[from] brn
|-damage|p2b: Swampert|87/100 brn|[from] brn
|upkeep
|turn|4
|
|t:|1783629479
|move|p2b: Swampert|Protect|p2b: Swampert
|-singleturn|p2b: Swampert|Protect
|move|p1b: Whimsicott|Charm|p2b: Swampert
|-activate|p2b: Swampert|move: Protect
|move|p1a: Rotom|Volt Switch|p2a: Archaludon
|-resisted|p2a: Archaludon|1
|-damage|p2a: Archaludon|69/100
|-ability|p2a: Archaludon|Stamina|boost
|-boost|p2a: Archaludon|def|1
|
|t:|1783629488
|switch|p1a: Staraptor|Staraptor-Mega, L50, F, shiny|100/100|[from] Volt Switch
|move|p2a: Archaludon|Electro Shot||[still]
|-prepare|p2a: Archaludon|Electro Shot
|-boost|p2a: Archaludon|spa|1
|-anim|p2a: Archaludon|Electro Shot|p1a: Staraptor
|-supereffective|p1a: Staraptor|1
|-damage|p1a: Staraptor|0 fnt
|faint|p1a: Staraptor
|
|-weather|RainDance|[upkeep]
|-heal|p2a: Archaludon|75/100|[from] item: Leftovers
|-damage|p1b: Whimsicott|50/100g brn|[from] brn
|-damage|p2b: Swampert|81/100 brn|[from] brn
|upkeep
|
|t:|1783629494
|switch|p1a: Kingambit|Kingambit, L50, M, shiny|100/100
|turn|5
|
|t:|1783629505
|switch|p2b: Sableye|Sableye, L50, M|100/100
|move|p1b: Whimsicott|Charm|p2b: Sableye
|-hint|Since gen 7, Dark is immune to Prankster moves.
|-immune|p2b: Sableye
|move|p1a: Kingambit|Kowtow Cleave|p2a: Archaludon
|-damage|p2a: Archaludon|57/100
|-ability|p2a: Archaludon|Stamina|boost
|-boost|p2a: Archaludon|def|1
|move|p2a: Archaludon|Electro Shot||[still]
|-prepare|p2a: Archaludon|Electro Shot
|-boost|p2a: Archaludon|spa|1
|-anim|p2a: Archaludon|Electro Shot|p1a: Kingambit
|-damage|p1a: Kingambit|17/100
|
|-weather|none
|-heal|p2a: Archaludon|63/100|[from] item: Leftovers
|-damage|p1b: Whimsicott|44/100 brn|[from] brn
|upkeep
|turn|6
|inactive|PizzaSanwitch has 30 seconds left.
|
|t:|1783629538
|move|p2b: Sableye|Rain Dance|p2b: Sableye
|-weather|RainDance
|move|p1b: Whimsicott|Moonblast|p2a: Archaludon
|-damage|p2a: Archaludon|36/100
|-ability|p2a: Archaludon|Stamina|boost
|-boost|p2a: Archaludon|def|1
|move|p1a: Kingambit|Kowtow Cleave|p2b: Sableye
|-damage|p2b: Sableye|38/100
|move|p2a: Archaludon|Electro Shot||[still]
|-prepare|p2a: Archaludon|Electro Shot
|-boost|p2a: Archaludon|spa|1
|-anim|p2a: Archaludon|Electro Shot|p1b: Whimsicott
|-resisted|p1b: Whimsicott|1
|-damage|p1b: Whimsicott|0 fnt
|faint|p1b: Whimsicott
|
|-weather|RainDance|[upkeep]
|-heal|p2a: Archaludon|42/100|[from] item: Leftovers
|-sideend|p1: Frobrad|move: Tailwind
|upkeep
|
|t:|1783629553
|switch|p1b: Rotom|Rotom-Wash, L50|100/100
|turn|7
|
|t:|1783629563
|move|p2b: Sableye|Light Screen|p2b: Sableye
|-sidestart|p2: PizzaSanwitch|move: Light Screen
|move|p1b: Rotom|Hydro Pump|p2a: Archaludon|[miss]
|-miss|p1b: Rotom|p2a: Archaludon
|move|p2a: Archaludon|Electro Shot||[still]
|-prepare|p2a: Archaludon|Electro Shot
|-boost|p2a: Archaludon|spa|1
|-anim|p2a: Archaludon|Electro Shot|p1b: Rotom
|-damage|p1b: Rotom|0 fnt
|faint|p1b: Rotom
|move|p1a: Kingambit|Kowtow Cleave|p2a: Archaludon
|-damage|p2a: Archaludon|30/100
|-ability|p2a: Archaludon|Stamina|boost
|-boost|p2a: Archaludon|def|1
|
|-weather|RainDance|[upkeep]
|-heal|p2a: Archaludon|37/100|[from] item: Leftovers
|upkeep
|turn|8
|
|t:|1783629580
|switch|p2b: Swampert|Swampert-Mega, L50, F|81/100 brn
|move|p2a: Archaludon|Electro Shot||[still]
|-prepare|p2a: Archaludon|Electro Shot
|-boost|p2a: Archaludon|spa|1
|-anim|p2a: Archaludon|Electro Shot|p1a: Kingambit
|-damage|p1a: Kingambit|0 fnt
|faint|p1a: Kingambit
|
|win|PizzaSanwitch
||PizzaSanwitch is ready for game 2.
||Frobrad is ready for game 2.
|uhtml|next|Next: Game 2 of 3
|l|☆Frobrad
|player|p1|
