|j|☆cm3112
|j|☆ortainee
|html|cm3112ortainee    
|uhtml|bestof|Game 1 of a best-of-3
|t:|1757745703
|gametype|doubles
|player|p1|cm3112|265|1335
|player|p2|ortainee|grimsley-gen7|1299
|gen|9
|tier|[Gen 9] VGC 2025 Reg H (Bo3)
|rated|
|rule|Species Clause: Limit one of each Pokémon
|rule|Item Clause: Limit 1 of each item
|clearpoke
|poke|p1|Archaludon, L50, M|
|poke|p1|Maushold-Four, L50|
|poke|p1|Pelipper, L50, M|
|poke|p1|Basculegion, L50, M|
|poke|p1|Amoonguss, L50, F|
|poke|p1|Hydreigon, L50, F|
|poke|p2|Dragonite, L50, F|
|poke|p2|Gholdengo, L50|
|poke|p2|Rillaboom, L50, M|
|poke|p2|Ursaluna-Bloodmoon, L50, M|
|poke|p2|Maushold-Four, L50|
|poke|p2|Annihilape, L50, F|
|teampreview|4
|showteam|p1|Archaludon||AssaultVest|Stamina|FlashCannon,ElectroShot,DracoMeteor,BodyPress|||M|||50|,,,,,Fairy]Maushold-Four||WideLens|Technician|PopulationBomb,BeatUp,FollowMe,Protect||||||50|,,,,,Ghost]Pelipper||FocusSash|Drizzle|MuddyWater,Hurricane,WideGuard,Protect|||M|||50|,,,,,Grass]Basculegion||ChoiceBand|SwiftSwim|WaveCrash,FlipTurn,AquaJet,LastRespects|||M|||50|,,,,,Grass]Amoonguss||CovertCloak|Regenerator|Spore,RagePowder,PollenPuff,ClearSmog|||F|||50|,,,,,Dark]Hydreigon||SafetyGoggles|Levitate|Snarl,DracoMeteor,FocusEnergy,Tailwind|||F|||50|,,,,,Steel
|showteam|p2|Dragonite||LoadedDice|Multiscale|Tailwind,Haze,Protect,ScaleShot|||F|||50|,,,,,Fairy]Gholdengo||LifeOrb|GoodasGold|MakeItRain,ShadowBall,NastyPlot,Protect||||||50|,,,,,Water]Rillaboom||MiracleSeed|GrassySurge|WoodHammer,GrassyGlide,FakeOut,HighHorsepower|||M|||50|,,,,,Fire]Ursaluna-Bloodmoon||AssaultVest|MindsEye|BloodMoon,EarthPower,HyperVoice,VacuumWave|||M|||50|,,,,,Water]Maushold-Four||FocusSash|FriendGuard|SuperFang,FollowMe,BeatUp,Protect||||||50|,,,,,Ghost]Annihilape||SitrusBerry|Defiant|RageFist,DrainPunch,BulkUp,Protect|||F|||50|,,,,,Fire
|inactive|Battle timer is ON: inactive players will automatically lose when time's up. (requested by ortainee)
|inactive|ortainee has 60 seconds left.
|
|t:|1757745763
|teamsize|p1|4
|teamsize|p2|4
|start
|switch|p1a: Maushold|Maushold-Four, L50|100/100
|switch|p1b: Basculegion|Basculegion, L50, M|100/100
|switch|p2a: Dragonite|Dragonite, L50, F|100/100
|switch|p2b: Rillaboom|Rillaboom, L50, M|100/100
|-fieldstart|move: Grassy Terrain|[from] ability: Grassy Surge|[of] p2b: Rillaboom
|turn|1
|
|t:|1757745782
|switch|p1b: Archaludon|Archaludon, L50, M|100/100
|move|p2b: Rillaboom|Grassy Glide|p1b: Archaludon
|-resisted|p1b: Archaludon
|-damage|p1b: Archaludon|92/100
|-ability|p1b: Archaludon|Stamina|boost
|-boost|p1b: Archaludon|def|1
|move|p1a: Maushold|Population Bomb|p2b: Rillaboom
|-damage|p2b: Rillaboom|90/100
|-damage|p2b: Rillaboom|81/100
|-damage|p2b: Rillaboom|71/100
|-damage|p2b: Rillaboom|60/100
|-damage|p2b: Rillaboom|51/100
|-damage|p2b: Rillaboom|42/100
|-hitcount|p2b: Rillaboom|6
|move|p2a: Dragonite|Tailwind|p2a: Dragonite
|-sidestart|p2: ortainee|move: Tailwind
|
|-heal|p2b: Rillaboom|48/100|[from] Grassy Terrain
|-heal|p1b: Archaludon|98/100|[from] Grassy Terrain
|upkeep
|turn|2
|inactive|cm3112 has 30 seconds left.
|inactive|ortainee has 30 seconds left.
|inactive|ortainee has 20 seconds left.
|inactive|ortainee has 15 seconds left.
|inactive|ortainee has 10 seconds left.
|
|t:|1757745830
|switch|p2b: Ursaluna|Ursaluna-Bloodmoon, L50, M|100/100
|move|p1a: Maushold|Protect|p1a: Maushold
|-singleturn|p1a: Maushold|Protect
|move|p2a: Dragonite|Scale Shot|p1a: Maushold
|-activate|p1a: Maushold|move: Protect
|move|p1b: Archaludon|Body Press|p2b: Ursaluna
|-supereffective|p2b: Ursaluna
|-damage|p2b: Ursaluna|48/100
|
|-heal|p2b: Ursaluna|54/100|[from] Grassy Terrain
|-heal|p1b: Archaludon|100/100|[from] Grassy Terrain
|upkeep
|turn|3
|inactive|ortainee has 30 seconds left.
|inactive|ortainee has 20 seconds left.
|
|t:|1757745870
|move|p2a: Dragonite|Scale Shot|p1a: Maushold
|-damage|p1a: Maushold|78/100
|-damage|p1a: Maushold|56/100
|-damage|p1a: Maushold|31/100
|-damage|p1a: Maushold|9/100
|-hitcount|p1a: Maushold|4
|-unboost|p2a: Dragonite|def|1
|-boost|p2a: Dragonite|spe|1
|move|p1a: Maushold|Population Bomb|p2b: Ursaluna
|-damage|p2b: Ursaluna|45/100
|-damage|p2b: Ursaluna|38/100
|-damage|p2b: Ursaluna|30/100
|-damage|p2b: Ursaluna|22/100
|-damage|p2b: Ursaluna|14/100
|-damage|p2b: Ursaluna|5/100
|-crit|p2b: Ursaluna
|-damage|p2b: Ursaluna|0 fnt
|faint|p2b: Ursaluna
|-hitcount|p2: Ursaluna|7
|move|p1b: Archaludon|Body Press|p2a: Dragonite
|-resisted|p2a: Dragonite
|-damage|p2a: Dragonite|86/100
|
|-heal|p1a: Maushold|15/100|[from] Grassy Terrain
|upkeep
|inactive|ortainee has 30 seconds left.
|
|t:|1757745898
|switch|p2b: Gholdengo|Gholdengo, L50|100/100
|turn|4
|
|t:|1757745914
|switch|p1a: Pelipper|Pelipper, L50, M|100/100
|-weather|RainDance|[from] ability: Drizzle|[of] p1a: Pelipper
|move|p2a: Dragonite|Scale Shot|p1a: Pelipper|[miss]
|-miss|p2a: Dragonite|p1a: Pelipper
|move|p2b: Gholdengo|Nasty Plot|p2b: Gholdengo
|-boost|p2b: Gholdengo|spa|2
|move|p1b: Archaludon|Electro Shot||[still]
|-prepare|p1b: Archaludon|Electro Shot
|-boost|p1b: Archaludon|spa|1
|-anim|p1b: Archaludon|Electro Shot|p2b: Gholdengo
|-damage|p2b: Gholdengo|32/100
|
|-weather|RainDance|[upkeep]
|-heal|p2b: Gholdengo|38/100|[from] Grassy Terrain
|-sideend|p2: ortainee|move: Tailwind
|upkeep
|turn|5
|
|t:|1757745927
|move|p2b: Gholdengo|Protect|p2b: Gholdengo
|-singleturn|p2b: Gholdengo|Protect
|move|p2a: Dragonite|Tailwind|p2a: Dragonite
|-sidestart|p2: ortainee|move: Tailwind
|move|p1a: Pelipper|Muddy Water|p2b: Gholdengo|[spread] p2a
|-activate|p2b: Gholdengo|move: Protect
|-resisted|p2a: Dragonite
|-damage|p2a: Dragonite|59/100
|move|p1b: Archaludon|Electro Shot||[still]
|-prepare|p1b: Archaludon|Electro Shot
|-boost|p1b: Archaludon|spa|1
|-anim|p1b: Archaludon|Electro Shot|p2a: Dragonite
|-damage|p2a: Dragonite|0 fnt
|faint|p2a: Dragonite
|
|-weather|RainDance|[upkeep]
|-heal|p2b: Gholdengo|44/100|[from] Grassy Terrain
|-fieldend|move: Grassy Terrain
|upkeep
|
|t:|1757745935
|switch|p2a: Rillaboom|Rillaboom, L50, M|48/100
|-fieldstart|move: Grassy Terrain|[from] ability: Grassy Surge|[of] p2a: Rillaboom
|turn|6
|inactive|ortainee has 30 seconds left.
|inactive|ortainee has 20 seconds left.
|
|t:|1757745971
|move|p2a: Rillaboom|Fake Out|p1b: Archaludon
|-resisted|p1b: Archaludon
|-damage|p1b: Archaludon|97/100
|-ability|p1b: Archaludon|Stamina|boost
|-boost|p1b: Archaludon|def|1
|move|p2b: Gholdengo|Shadow Ball|p1a: Pelipper
|-enditem|p1a: Pelipper|Focus Sash
|-damage|p1a: Pelipper|1/100
|-damage|p2b: Gholdengo|34/100|[from] item: Life Orb
|move|p1a: Pelipper|Muddy Water|p2b: Gholdengo|[spread] p2a
|-miss|p1a: Pelipper|p2b: Gholdengo
|-resisted|p2a: Rillaboom
|-damage|p2a: Rillaboom|23/100
|cant|p1b: Archaludon|flinch
|
|-weather|RainDance|[upkeep]
|-heal|p2b: Gholdengo|41/100|[from] Grassy Terrain
|-heal|p2a: Rillaboom|29/100|[from] Grassy Terrain
|-heal|p1b: Archaludon|100/100|[from] Grassy Terrain
|upkeep
|turn|7
|inactive|ortainee has 30 seconds left.
|
|t:|1757745998
|switch|p1a: Maushold|Maushold-Four, L50|15/100
|move|p2b: Gholdengo|Shadow Ball|p1b: Archaludon
|-damage|p1b: Archaludon|27/100
|-unboost|p1b: Archaludon|spd|1
|-ability|p1b: Archaludon|Stamina|boost
|-boost|p1b: Archaludon|def|1
|-damage|p2b: Gholdengo|31/100|[from] item: Life Orb
|move|p2a: Rillaboom|High Horsepower|p1b: Archaludon
|-supereffective|p1b: Archaludon
|-damage|p1b: Archaludon|6/100
|-ability|p1b: Archaludon|Stamina|boost
|-boost|p1b: Archaludon|def|1
|move|p1b: Archaludon|Electro Shot||[still]
|-prepare|p1b: Archaludon|Electro Shot
|-boost|p1b: Archaludon|spa|1
|-anim|p1b: Archaludon|Electro Shot|p2a: Rillaboom
|-resisted|p2a: Rillaboom
|-damage|p2a: Rillaboom|0 fnt
|faint|p2a: Rillaboom
|
|-weather|RainDance|[upkeep]
|-heal|p2b: Gholdengo|37/100|[from] Grassy Terrain
|-heal|p1a: Maushold|21/100|[from] Grassy Terrain
|-heal|p1b: Archaludon|12/100|[from] Grassy Terrain
|upkeep
|turn|8
|
|t:|1757746014
|move|p1a: Maushold|Follow Me|p1a: Maushold
|-singleturn|p1a: Maushold|move: Follow Me
|move|p2b: Gholdengo|Make It Rain|p1b: Archaludon|[spread] p1a,p1b
|-resisted|p1b: Archaludon
|-damage|p1a: Maushold|0 fnt
|-damage|p1b: Archaludon|0 fnt
|-unboost|p2b: Gholdengo|spa|1
|faint|p1a: Maushold
|faint|p1b: Archaludon
|-damage|p2b: Gholdengo|28/100|[from] item: Life Orb
|
|-weather|none
|-heal|p2b: Gholdengo|34/100|[from] Grassy Terrain
|-sideend|p2: ortainee|move: Tailwind
|upkeep
|
|t:|1757746019
|switch|p1a: Pelipper|Pelipper, L50, M|1/100
|switch|p1b: Basculegion|Basculegion, L50, M|100/100
|-weather|RainDance|[from] ability: Drizzle|[of] p1a: Pelipper
|turn|9
|
|t:|1757746025
|-terastallize|p2b: Gholdengo|Water
|move|p1b: Basculegion|Last Respects|p2b: Gholdengo
|-crit|p2b: Gholdengo
|-damage|p2b: Gholdengo|0 fnt
|faint|p2b: Gholdengo
|
|win|cm3112
||cm3112 is ready for game 2.
||ortainee is ready for game 2.
|uhtml|next|Next: Game 2 of 3
|l|☆ortainee
|player|p2|
|l|☆cm3112
|player|p1|
