|j|☆patback0
|j|☆Notaplaceofhonor
|html|patback0Notaplaceofhonor    
|uhtml|bestof|Game 1 of a best-of-3
|t:|1757640080
|gametype|doubles
|player|p1|patback0|265|1040
|player|p2|Notaplaceofhonor|juan-gen3|1136
|gen|9
|tier|[Gen 9] VGC 2025 Reg H (Bo3)
|rated|
|rule|Species Clause: Limit one of each Pokémon
|rule|Item Clause: Limit 1 of each item
|clearpoke
|poke|p1|Whimsicott, L50, M|
|poke|p1|Ursaluna-Bloodmoon, L50, M|
|poke|p1|Incineroar, L50, M|
|poke|p1|Charizard, L50, M|
|poke|p1|Rillaboom, L50, F|
|poke|p1|Porygon2, L50|
|poke|p2|Ursaluna, L50, M|
|poke|p2|Incineroar, L50, F|
|poke|p2|Archaludon, L50, F|
|poke|p2|Pelipper, L50, F|
|poke|p2|Basculegion, L50, M|
|poke|p2|Sinistcha, L50|
|teampreview|4
|showteam|p1|Whimsicott||FocusSash|Prankster|Moonblast,Tailwind,Encore,SunnyDay|||M|||50|,,,,,Ghost]Ursaluna-Bloodmoon||LifeOrb|MindsEye|BloodMoon,HyperVoice,EarthPower,Protect|||M|||50|,,,,,Normal]Incineroar||SafetyGoggles|Intimidate|FakeOut,FlareBlitz,KnockOff,PartingShot|||M|||50|,,,,,Ghost]Charizard||ChoiceSpecs|SolarPower|WeatherBall,HeatWave,Overheat,AirSlash|||M|||50|,,,,,Fire]Rillaboom||AssaultVest|GrassySurge|FakeOut,WoodHammer,Uturn,GrassyGlide|||F|||50|,,,,,Water]Porygon2||Eviolite|Download|TeraBlast,IceBeam,TrickRoom,Recover||||||50|,,,,,Fighting
|showteam|p2|Ursaluna||FlameOrb|Guts|Protect,Facade,Earthquake,HeadlongRush|||M|||50|,,,,,Ghost]Incineroar||SafetyGoggles|Intimidate|Taunt,FakeOut,KnockOff,PartingShot|||F|||50|,,,,,Ghost]Archaludon||AssaultVest|Stamina|ElectroShot,Snarl,DracoMeteor,BodyPress|||F|||50|,,,,,Grass]Pelipper||FocusSash|Drizzle|Hurricane,WeatherBall,Tailwind,Protect|||F|||50|,,,,,Ghost]Basculegion||ChoiceScarf|Adaptability|WaveCrash,LastRespects,FlipTurn,AquaJet|||M|||50|,,,,,Water]Sinistcha||SitrusBerry|Hospitality|MatchaGotcha,TrickRoom,RagePowder,LifeDew||||||50|,,,,,Water
|
|t:|1757640134
|teamsize|p1|4
|teamsize|p2|4
|start
|switch|p1a: Whimsicott|Whimsicott, L50, M|100/100
|switch|p1b: Ursaluna|Ursaluna-Bloodmoon, L50, M|100/100
|switch|p2a: Incineroar|Incineroar, L50, F|100/100
|switch|p2b: Sinistcha|Sinistcha, L50|100/100
|-ability|p2a: Incineroar|Intimidate|boost
|-unboost|p1a: Whimsicott|atk|1
|-unboost|p1b: Ursaluna|atk|1
|turn|1
|
|t:|1757640210
|switch|p1a: Porygon2|Porygon2, L50|100/100
|-ability|p1a: Porygon2|Download|boost
|-boost|p1a: Porygon2|spa|1
|-terastallize|p1b: Ursaluna|Normal
|move|p2a: Incineroar|Fake Out|p1b: Ursaluna
|-damage|p1b: Ursaluna|92/100
|cant|p1b: Ursaluna|flinch
|move|p2b: Sinistcha|Trick Room|p2b: Sinistcha
|-fieldstart|move: Trick Room|[of] p2b: Sinistcha
|
|upkeep
|turn|2
|
|t:|1757640237
|move|p1b: Ursaluna|Protect|p1b: Ursaluna
|-singleturn|p1b: Ursaluna|Protect
|move|p1a: Porygon2|Ice Beam|p2b: Sinistcha
|-supereffective|p2b: Sinistcha
|-damage|p2b: Sinistcha|40/100
|-enditem|p2b: Sinistcha|Sitrus Berry|[eat]
|-heal|p2b: Sinistcha|65/100|[from] item: Sitrus Berry
|move|p2a: Incineroar|Parting Shot|p1b: Ursaluna
|-activate|p1b: Ursaluna|move: Protect
|move|p2b: Sinistcha|Trick Room|p2b: Sinistcha
|-fieldend|move: Trick Room
|
|upkeep
|turn|3
|
|t:|1757640296
|switch|p1a: Whimsicott|Whimsicott, L50, M|100/100
|move|p1b: Ursaluna|Hyper Voice|p2b: Sinistcha|[spread] p2a,p2b
|-damage|p2a: Incineroar|34/100
|-damage|p2b: Sinistcha|8/100
|-damage|p1b: Ursaluna|83/100|[from] item: Life Orb
|move|p2b: Sinistcha|Matcha Gotcha|p1a: Whimsicott|[spread] p1a,p1b
|-resisted|p1a: Whimsicott
|-damage|p1a: Whimsicott|80/100
|-heal|p2b: Sinistcha|16/100|[from] drain|[of] p1a: Whimsicott
|-damage|p1b: Ursaluna|47/100
|-heal|p2b: Sinistcha|35/100|[from] drain|[of] p1b: Ursaluna
|move|p2a: Incineroar|Parting Shot|p1b: Ursaluna
|-unboost|p1b: Ursaluna|atk|1
|-unboost|p1b: Ursaluna|spa|1
|
|t:|1757640330
|switch|p2a: Archaludon|Archaludon, L50, F|100/100|[from] Parting Shot
|
|upkeep
|turn|4
|inactive|Battle timer is ON: inactive players will automatically lose when time's up. (requested by Notaplaceofhonor)
|
|t:|1757640402
|move|p1a: Whimsicott|Moonblast|p2b: Sinistcha
|-damage|p2b: Sinistcha|7/100
|-unboost|p2b: Sinistcha|spa|1
|move|p2a: Archaludon|Body Press|p1b: Ursaluna
|-supereffective|p1b: Ursaluna
|-damage|p1b: Ursaluna|9/100
|move|p1b: Ursaluna|Earth Power|p2a: Archaludon
|-supereffective|p2a: Archaludon
|-damage|p2a: Archaludon|29/100
|-ability|p2a: Archaludon|Stamina|boost
|-boost|p2a: Archaludon|def|1
|-damage|p1b: Ursaluna|0 fnt|[from] item: Life Orb
|faint|p1b: Ursaluna
|move|p2b: Sinistcha|Trick Room|p2b: Sinistcha
|-fieldstart|move: Trick Room|[of] p2b: Sinistcha
|
|upkeep
|
|t:|1757640422
|switch|p1b: Rillaboom|Rillaboom, L50, F|100/100
|-fieldstart|move: Grassy Terrain|[from] ability: Grassy Surge|[of] p1b: Rillaboom
|turn|5
|inactive|patback0 has 30 seconds left.
|inactive|patback0 has 20 seconds left.
|inactive|patback0 has 15 seconds left.
|inactive|patback0 has 10 seconds left.
|
|t:|1757640470
|switch|p2b: Incineroar|Incineroar, L50, F|34/100
|-ability|p2b: Incineroar|Intimidate|boost
|-unboost|p1a: Whimsicott|atk|1
|-unboost|p1b: Rillaboom|atk|1
|switch|p1a: Porygon2|Porygon2, L50|100/100
|-ability|p1a: Porygon2|Download|boost
|-boost|p1a: Porygon2|spa|1
|move|p1b: Rillaboom|Grassy Glide|p2a: Archaludon
|-resisted|p2a: Archaludon
|-damage|p2a: Archaludon|26/100
|-ability|p2a: Archaludon|Stamina|boost
|-boost|p2a: Archaludon|def|1
|move|p2a: Archaludon|Draco Meteor|p1b: Rillaboom
|-damage|p1b: Rillaboom|55/100
|-unboost|p2a: Archaludon|spa|2
|
|-heal|p2b: Incineroar|40/100|[from] Grassy Terrain
|-heal|p2a: Archaludon|32/100|[from] Grassy Terrain
|-heal|p1b: Rillaboom|61/100|[from] Grassy Terrain
|upkeep
|turn|6
|inactive|patback0 has 30 seconds left.
|inactive|patback0 has 20 seconds left.
|
|t:|1757640507
|switch|p1b: Whimsicott|Whimsicott, L50, M|80/100
|move|p2b: Incineroar|Fake Out|p1a: Porygon2
|-damage|p1a: Porygon2|94/100
|cant|p1a: Porygon2|flinch
|move|p2a: Archaludon|Body Press|p1b: Whimsicott
|-resisted|p1b: Whimsicott
|-damage|p1b: Whimsicott|43/100
|
|-heal|p1a: Porygon2|99/100|[from] Grassy Terrain
|-heal|p2b: Incineroar|46/100|[from] Grassy Terrain
|-heal|p2a: Archaludon|39/100|[from] Grassy Terrain
|-heal|p1b: Whimsicott|49/100|[from] Grassy Terrain
|upkeep
|turn|7
|
|t:|1757640526
|move|p1b: Whimsicott|Encore|p2b: Incineroar
|-hint|Since gen 7, Dark is immune to Prankster moves.
|-immune|p2b: Incineroar
|move|p1a: Porygon2|Ice Beam|p2a: Archaludon
|-damage|p2a: Archaludon|9/100
|-ability|p2a: Archaludon|Stamina|boost
|-boost|p2a: Archaludon|def|1
|move|p2b: Incineroar|Knock Off|p1a: Porygon2
|-damage|p1a: Porygon2|76/100
|-enditem|p1a: Porygon2|Eviolite|[from] move: Knock Off|[of] p2b: Incineroar
|move|p2a: Archaludon|Body Press|p1a: Porygon2
|-supereffective|p1a: Porygon2
|-damage|p1a: Porygon2|0 fnt
|faint|p1a: Porygon2
|
|-heal|p2b: Incineroar|51/100|[from] Grassy Terrain
|-heal|p2a: Archaludon|15/100|[from] Grassy Terrain
|-heal|p1b: Whimsicott|55/100|[from] Grassy Terrain
|upkeep
|
|t:|1757640541
|switch|p1a: Rillaboom|Rillaboom, L50, F|61/100
|turn|8
|inactive|patback0 has 30 seconds left.
|inactive|patback0 has 20 seconds left.
|inactive|patback0 has 15 seconds left.
|
|t:|1757640584
|switch|p2b: Sinistcha|Sinistcha, L50|7/100
|-heal|p2a: Archaludon|40/100|[from] ability: Hospitality|[of] p2b: Sinistcha
|move|p1a: Rillaboom|Fake Out|p2a: Archaludon
|-resisted|p2a: Archaludon
|-damage|p2a: Archaludon|38/100
|-ability|p2a: Archaludon|Stamina|boost
|-boost|p2a: Archaludon|def|1
|cant|p2a: Archaludon|flinch
|move|p1b: Whimsicott|Moonblast|p2a: Archaludon
|-damage|p2a: Archaludon|13/100
|-ability|p2a: Archaludon|Stamina|boost
|-boost|p2a: Archaludon|def|1
|
|-heal|p2b: Sinistcha|13/100|[from] Grassy Terrain
|-heal|p2a: Archaludon|19/100|[from] Grassy Terrain
|-heal|p1a: Rillaboom|67/100|[from] Grassy Terrain
|-heal|p1b: Whimsicott|60/100|[from] Grassy Terrain
|-fieldend|move: Trick Room
|upkeep
|turn|9
|inactive|patback0 has 30 seconds left.
|inactive|patback0 has 20 seconds left.
|inactive|patback0 has 15 seconds left.
|
|t:|1757640624
|move|p1a: Rillaboom|Grassy Glide|p2b: Sinistcha
|-resisted|p2b: Sinistcha
|-damage|p2b: Sinistcha|0 fnt
|faint|p2b: Sinistcha
|move|p1b: Whimsicott|Moonblast|p2a: Archaludon
|-crit|p2a: Archaludon
|-damage|p2a: Archaludon|0 fnt
|faint|p2a: Archaludon
|
|-heal|p1b: Whimsicott|66/100|[from] Grassy Terrain
|-heal|p1a: Rillaboom|73/100|[from] Grassy Terrain
|-fieldend|move: Grassy Terrain
|upkeep
|
|t:|1757640632
|switch|p2a: Ursaluna|Ursaluna, L50, M|100/100
|switch|p2b: Incineroar|Incineroar, L50, F|51/100
|-ability|p2b: Incineroar|Intimidate|boost
|-unboost|p1a: Rillaboom|atk|1
|-unboost|p1b: Whimsicott|atk|1
|turn|10
|inactive|patback0 has 30 seconds left.
|
|t:|1757640666
|-terastallize|p2a: Ursaluna|Ghost
|move|p2b: Incineroar|Fake Out|p1a: Rillaboom
|-damage|p1a: Rillaboom|63/100
|move|p1b: Whimsicott|Moonblast|p2b: Incineroar
|-damage|p2b: Incineroar|18/100
|cant|p1a: Rillaboom|flinch
|move|p2a: Ursaluna|Facade|p1b: Whimsicott
|-damage|p1b: Whimsicott|0 fnt
|faint|p1b: Whimsicott
|
|-status|p2a: Ursaluna|brn|[from] item: Flame Orb
|upkeep
|turn|11
|inactive|patback0 has 30 seconds left.
|
|t:|1757640691
|move|p1a: Rillaboom|Wood Hammer|p2a: Ursaluna
|-damage|p2a: Ursaluna|70/100 brn
|-damage|p1a: Rillaboom|52/100|[from] Recoil
|move|p2a: Ursaluna|Facade|p1a: Rillaboom
|-damage|p1a: Rillaboom|0 fnt
|faint|p1a: Rillaboom
|
|win|Notaplaceofhonor
