|j|☆munchie2ff
|j|☆delucieous
|html|munchie2ffdelucieous    
|uhtml|bestof|Game 2 of a best-of-3
|t:|1784291127
|gametype|doubles
|player|p1|munchie2ff|cheren-gen5bw2|
|player|p2|delucieous|beauty-gen6xy|
|gen|9
|tier|[Gen 9 Champions] VGC 2026 Reg M-B (Bo3)
|rule|Species Clause: Limit one of each Pokémon
|rule|Item Clause: Limit 1 of each item
|clearpoke
|poke|p1|Staraptor, L50, M|
|poke|p1|Vanilluxe, L50, F|
|poke|p1|Farigiraf, L50, M|
|poke|p1|Blastoise, L50, M|
|poke|p1|Kingambit, L50, F|
|poke|p1|Camerupt, L50, M|
|poke|p2|Charizard, L50, M|
|poke|p2|Floette-Eternal, L50, F|
|poke|p2|Whimsicott, L50, M|
|poke|p2|Kingambit, L50, F|
|poke|p2|Garchomp, L50, M|
|poke|p2|Basculegion, L50, M|
|teampreview|4
|showteam|p1|Staraptor||ChoiceScarf|Intimidate|FinalGambit,BraveBird,CloseCombat,Uturn|Jolly||M|||50|]Vanilluxe||NeverMeltIce|SnowWarning|Blizzard,FreezeDry,Protect,IceShard|Quiet||F|||50|]Farigiraf||SitrusBerry|ArmorTail|PsychicFangs,HyperVoice,HelpingHand,TrickRoom|Relaxed||M|||50|]Blastoise||Blastoisinite|RainDish|FakeOut,WaterSpout,AuraSphere,DarkPulse|Quiet||M|||50|]Kingambit||LifeOrb|Defiant|KowtowCleave,IronHead,Protect,SuckerPunch|Brave||F|||50|]Camerupt||Cameruptite|SolidRock|HeatWave,EarthPower,Protect,AncientPower|Quiet||M|||50|
|showteam|p2|Charizard||CharizarditeY|Blaze|HeatWave,WeatherBall,SolarBeam,Protect|Modest||M|||50|]Floette-Eternal||Floettite|FlowerVeil|DazzlingGleam,Protect,Moonblast,LightofRuin|Modest||F|||50|]Whimsicott||FocusSash|Prankster|Moonblast,Protect,Tailwind,Encore|Timid||M|||50|]Kingambit||ChopleBerry|Defiant|KowtowCleave,SuckerPunch,IronHead,Protect|Adamant||F|||50|]Garchomp||LifeOrb|RoughSkin|DragonClaw,Earthquake,RockSlide,Protect|Jolly||M|||50|]Basculegion||MysticWater|Adaptability|WaveCrash,LastRespects,AquaJet,Protect|Adamant||M|||50|
|j| ido1234567890
|
|t:|1784291200
|teamsize|p1|4
|teamsize|p2|4
|start
|switch|p1a: Farigiraf|Farigiraf, L50, M|100/100
|switch|p1b: Blastoise|Blastoise, L50, M|100/100
|switch|p2a: Basculegion|Basculegion, L50, M|100/100
|switch|p2b: Floette|Floette-Eternal, L50, F|100/100
|turn|1
|
|t:|1784291244
|detailschange|p2b: Floette|Floette-Mega, L50, F
|-mega|p2b: Floette|Floette|Floettite
|-ability|p2b: Floette|Fairy Aura
|move|p1b: Blastoise|Fake Out|p2b: Floette
|-damage|p2b: Floette|90/100
|cant|p2b: Floette|flinch
|move|p2a: Basculegion|Wave Crash|p1b: Blastoise
|-resisted|p1b: Blastoise|1
|-damage|p1b: Blastoise|48/100
|-damage|p2a: Basculegion|83/100|[from] Recoil
|move|p1a: Farigiraf|Trick Room|p1a: Farigiraf
|-fieldstart|move: Trick Room|[of] p1a: Farigiraf
|
|upkeep
|turn|2
|
|t:|1784291297
|move|p2a: Basculegion|Protect|p2a: Basculegion
|-singleturn|p2a: Basculegion|Protect
|move|p1a: Farigiraf|Psychic Fangs|p2a: Basculegion
|-activate|p2a: Basculegion|move: Protect
|move|p1b: Blastoise|Dark Pulse|p2a: Basculegion
|-activate|p2a: Basculegion|move: Protect
|move|p2b: Floette|Moonblast|p1a: Farigiraf
|-damage|p1a: Farigiraf|35/100
|-enditem|p1a: Farigiraf|Sitrus Berry|[eat]
|-heal|p1a: Farigiraf|60/100|[from] item: Sitrus Berry
|
|upkeep
|turn|3
|
|t:|1784291342
|switch|p1a: Vanilluxe|Vanilluxe, L50, F|100/100
|-weather|Snowscape|[from] ability: Snow Warning|[of] p1a: Vanilluxe
|switch|p2a: Kingambit|Kingambit, L50, F|100/100
|move|p1b: Blastoise|Dark Pulse|p2a: Kingambit
|-resisted|p2a: Kingambit|1
|-crit|p2a: Kingambit
|-damage|p2a: Kingambit|83/100
|move|p2b: Floette|Dazzling Gleam|p1a: Vanilluxe|[spread] p1a,p1b
|-damage|p1a: Vanilluxe|47/100
|-damage|p1b: Blastoise|1/100
|
|-weather|Snowscape|[upkeep]
|upkeep
|turn|4
|
|t:|1784291368
|move|p2b: Floette|Protect|p2b: Floette
|-singleturn|p2b: Floette|Protect
|move|p2a: Kingambit|Kowtow Cleave|p1a: Vanilluxe
|-damage|p1a: Vanilluxe|8/100
|move|p1b: Blastoise|Aura Sphere|p2a: Kingambit
|-supereffective|p2a: Kingambit|2
|-enditem|p2a: Kingambit|Chople Berry|[eat]
|-enditem|p2a: Kingambit|Chople Berry|[weaken]
|-damage|p2a: Kingambit|38/100
|move|p1a: Vanilluxe|Blizzard|p2b: Floette|[spread] p2a
|-activate|p2b: Floette|move: Protect
|-resisted|p2a: Kingambit|1
|-damage|p2a: Kingambit|13/100
|
|-weather|Snowscape|[upkeep]
|upkeep
|turn|5
|
|t:|1784291402
|move|p2a: Kingambit|Kowtow Cleave|p1a: Vanilluxe
|-damage|p1a: Vanilluxe|0 fnt
|faint|p1a: Vanilluxe
|move|p1b: Blastoise|Dark Pulse|p2a: Kingambit
|-resisted|p2a: Kingambit|1
|-damage|p2a: Kingambit|1/100
|move|p2b: Floette|Dazzling Gleam|p1b: Blastoise
|-damage|p1b: Blastoise|0 fnt
|faint|p1b: Blastoise
|
|-weather|Snowscape|[upkeep]
|-fieldend|move: Trick Room
|upkeep
|
|t:|1784291410
|switch|p1a: Farigiraf|Farigiraf, L50, M|60/100
|switch|p1b: Camerupt|Camerupt, L50, M|100/100
|turn|6
|
|t:|1784291434
|detailschange|p1b: Camerupt|Camerupt-Mega, L50, M
|-mega|p1b: Camerupt|Camerupt|Cameruptite
|move|p1a: Farigiraf|Helping Hand|p1b: Camerupt
|-singleturn|p1b: Camerupt|Helping Hand|[of] p1a: Farigiraf
|move|p2b: Floette|Moonblast|p1a: Farigiraf
|-damage|p1a: Farigiraf|0 fnt
|faint|p1a: Farigiraf
|move|p2a: Kingambit|Kowtow Cleave|p1b: Camerupt
|-damage|p1b: Camerupt|55/100
|move|p1b: Camerupt|Heat Wave|p2b: Floette|[spread] p2a,p2b
|-supereffective|p2a: Kingambit|1
|-damage|p2a: Kingambit|0 fnt
|-damage|p2b: Floette|19/100
|faint|p2a: Kingambit
|
|-weather|Snowscape|[upkeep]
|upkeep
|
|t:|1784291452
|switch|p2a: Garchomp|Garchomp, L50, M|100/100
|turn|7
|l| ido1234567890
|
|t:|1784291456
|move|p2b: Floette|Protect|p2b: Floette
|-singleturn|p2b: Floette|Protect
|move|p2a: Garchomp|Earthquake|p1b: Camerupt|[spread] p1b
|-activate|p2b: Floette|move: Protect
|-supereffective|p1b: Camerupt|1
|-damage|p1b: Camerupt|0 fnt
|faint|p1b: Camerupt
|-damage|p2a: Garchomp|90/100|[from] item: Life Orb
|
|win|delucieous
||munchie2ff is ready for game 3.
||delucieous is ready for game 3.
|uhtml|next|Next: Game 3 of 3
|l|☆delucieous
|player|p2|
|j|☆delucieous
|player|p2|delucieous|beauty-gen6xy|
