|j|☆Olciax34
|j|☆TheHorrorHare
|html|Olciax34TheHorrorHare    
|uhtml|bestof|Game 1 of a best-of-3
|t:|1783106571
|gametype|doubles
|player|p1|Olciax34|clair|1273
|player|p2|TheHorrorHare|#rbtt9royals2|1324
|gen|9
|tier|[Gen 9 Champions] VGC 2026 Reg M-B (Bo3)
|rated|
|rule|Species Clause: Limit one of each Pokémon
|rule|Item Clause: Limit 1 of each item
|clearpoke
|poke|p1|Charizard, L50, F|
|poke|p1|Whimsicott, L50, M|
|poke|p1|Garchomp, L50, M|
|poke|p1|Gholdengo, L50|
|poke|p1|Kangaskhan, L50, F|
|poke|p1|Incineroar, L50, M|
|poke|p2|Floette-Eternal, L50, F|
|poke|p2|Incineroar, L50, F|
|poke|p2|Sinistcha, L50|
|poke|p2|Delphox, L50, F|
|poke|p2|Sneasler, L50, M|
|poke|p2|Kingambit, L50, F|
|teampreview|4
|showteam|p1|Charizard||CharizarditeY|SolarPower|HeatWave,WeatherBall,SolarBeam,Protect|Modest||F|||50|]Whimsicott||FocusSash|Prankster|Moonblast,Tailwind,Encore,Protect|Timid||M|||50|]Garchomp||LifeOrb|RoughSkin|Earthquake,DragonClaw,RockSlide,Protect|Jolly||M|||50|]Gholdengo||SpellTag|GoodasGold|MakeItRain,ShadowBall,NastyPlot,Protect|Modest|||||50|]Kangaskhan||Kangaskhanite|Scrappy|DoubleEdge,IcePunch,LowKick,FakeOut|Adamant||F|||50|]Incineroar||SitrusBerry|Intimidate|FakeOut,ThroatChop,FlareBlitz,PartingShot|Careful||M|||50|
|showteam|p2|Floette-Eternal||Floettite|FlowerVeil|DrainingKiss,DazzlingGleam,CalmMind,Protect|Modest||F|||50|]Incineroar||SitrusBerry|Intimidate|FlareBlitz,ThroatChop,PartingShot,FakeOut|Careful||F|||50|]Sinistcha||KasibBerry|Hospitality|MatchaGotcha,TrickRoom,RagePowder,Protect|Bold|||||50|]Delphox||Delphoxite|Blaze|HeatWave,Psyshock,NastyPlot,Protect|Timid||F|||50|]Sneasler||FocusSash|PoisonTouch|PoisonJab,CloseCombat,FakeOut,QuickGuard|Jolly||M|||50|]Kingambit||BlackGlasses|Defiant|KowtowCleave,SuckerPunch,SwordsDance,Protect|Adamant||F|||50|
|inactive|Battle timer is ON: inactive players will automatically lose when time's up. (requested by TheHorrorHare)
|inactive|Olciax34 has 60 seconds left.
|inactive|TheHorrorHare has 60 seconds left.
|
|t:|1783106617
|teamsize|p1|4
|teamsize|p2|4
|start
|switch|p1a: Kangaskhan|Kangaskhan, L50, F|100/100
|switch|p1b: Incineroar|Incineroar, L50, M|100/100
|switch|p2a: Incineroar|Incineroar, L50, F|100/100
|switch|p2b: Kingambit|Kingambit, L50, F|100/100
|-ability|p2a: Incineroar|Intimidate|boost
|-fail|p1a: Kangaskhan|unboost|Attack|[from] ability: Scrappy|[of] p1a: Kangaskhan
|-unboost|p1b: Incineroar|atk|1
|-ability|p1b: Incineroar|Intimidate|boost
|-unboost|p2a: Incineroar|atk|1
|-unboost|p2b: Kingambit|atk|1
|-ability|p2b: Kingambit|Defiant|boost
|-boost|p2b: Kingambit|atk|2
|turn|1
|
|t:|1783106639
|detailschange|p1a: Kangaskhan|Kangaskhan-Mega, L50, F
|-mega|p1a: Kangaskhan|Kangaskhan|Kangaskhanite
|move|p2b: Kingambit|Protect|p2b: Kingambit
|-singleturn|p2b: Kingambit|Protect
|move|p1a: Kangaskhan|Fake Out|p2a: Incineroar
|-damage|p2a: Incineroar|78/100
|-damage|p2a: Incineroar|74/100
|-hitcount|p2a: Incineroar|2
|cant|p2a: Incineroar|flinch
|move|p1b: Incineroar|Flare Blitz|p2b: Kingambit
|-activate|p2b: Kingambit|move: Protect
|
|upkeep
|turn|2
|
|t:|1783106652
|move|p2b: Kingambit|Sucker Punch|p1a: Kangaskhan
|-damage|p1a: Kangaskhan|41/100
|move|p1a: Kangaskhan|Low Kick|p2b: Kingambit
|-supereffective|p2b: Kingambit|2
|-damage|p2b: Kingambit|0 fnt
|faint|p2b: Kingambit
|move|p2a: Incineroar|Parting Shot|p1a: Kangaskhan
|-unboost|p1a: Kangaskhan|atk|1
|-unboost|p1a: Kangaskhan|spa|1
|
|t:|1783106658
|switch|p2a: Floette|Floette-Eternal, L50, F|100/100|[from] Parting Shot
|move|p1b: Incineroar|Parting Shot|p2a: Floette
|-unboost|p2a: Floette|atk|1
|-unboost|p2a: Floette|spa|1
|
|t:|1783106665
|switch|p1b: Gholdengo|Gholdengo, L50|100/100|[from] Parting Shot
|
|upkeep
|
|t:|1783106667
|switch|p2b: Incineroar|Incineroar, L50, F|74/100
|-ability|p2b: Incineroar|Intimidate|boost
|-unboost|p1a: Kangaskhan|atk|1
|-unboost|p1b: Gholdengo|atk|1
|turn|3
|
|t:|1783106676
|switch|p1a: Incineroar|Incineroar, L50, M|100/100
|-ability|p1a: Incineroar|Intimidate|boost
|-unboost|p2a: Floette|atk|1
|-unboost|p2b: Incineroar|atk|1
|detailschange|p2a: Floette|Floette-Mega, L50, F
|-mega|p2a: Floette|Floette|Floettite
|-ability|p2a: Floette|Fairy Aura
|move|p2a: Floette|Calm Mind|p2a: Floette
|-boost|p2a: Floette|spa|1
|-boost|p2a: Floette|spd|1
|move|p1b: Gholdengo|Nasty Plot|p1b: Gholdengo
|-boost|p1b: Gholdengo|spa|2
|move|p2b: Incineroar|Flare Blitz|p1b: Gholdengo
|-supereffective|p1b: Gholdengo|1
|-damage|p1b: Gholdengo|40/100
|-status|p1b: Gholdengo|brn
|-damage|p2b: Incineroar|55/100|[from] Recoil
|
|-damage|p1b: Gholdengo|34/100 brn|[from] brn
|upkeep
|turn|4
|
|t:|1783106699
|switch|p2b: Sneasler|Sneasler, L50, M|100/100
|move|p1b: Gholdengo|Protect|p1b: Gholdengo
|-singleturn|p1b: Gholdengo|Protect
|move|p2a: Floette|Dazzling Gleam|p1a: Incineroar|[spread] p1a
|-activate|p1b: Gholdengo|move: Protect
|-damage|p1a: Incineroar|62/100
|move|p1a: Incineroar|Parting Shot|p2b: Sneasler
|-unboost|p2b: Sneasler|atk|1
|-unboost|p2b: Sneasler|spa|1
|
|t:|1783106723
|switch|p1a: Kangaskhan|Kangaskhan-Mega, L50, F|41/100|[from] Parting Shot
|
|-damage|p1b: Gholdengo|27/100 brn|[from] brn
|upkeep
|turn|5
|
|t:|1783106730
|move|p2b: Sneasler|Quick Guard|p2b: Sneasler
|-singleturn|p2b: Sneasler|Quick Guard
|move|p1a: Kangaskhan|Fake Out|p2a: Floette
|-activate|p2a: Floette|move: Quick Guard
|move|p2a: Floette|Dazzling Gleam|p1b: Gholdengo|[spread] p1a,p1b
|-resisted|p1b: Gholdengo|1
|-damage|p1a: Kangaskhan|4/100
|-damage|p1b: Gholdengo|6/100 brn
|move|p1b: Gholdengo|Make It Rain|p2a: Floette|[spread] p2a,p2b
|-supereffective|p2a: Floette|1
|-damage|p2a: Floette|11/100
|-enditem|p2b: Sneasler|Focus Sash
|-damage|p2b: Sneasler|1/100
|-unboost|p1b: Gholdengo|spa|2
|
|-damage|p1b: Gholdengo|1/100 brn|[from] brn
|upkeep
|turn|6
|
|t:|1783106753
|switch|p2b: Incineroar|Incineroar, L50, F|55/100
|-ability|p2b: Incineroar|Intimidate|boost
|-unboost|p1a: Kangaskhan|atk|1
|-unboost|p1b: Gholdengo|atk|1
|move|p2a: Floette|Dazzling Gleam|p1a: Kangaskhan|[spread] p1a,p1b
|-resisted|p1b: Gholdengo|1
|-damage|p1a: Kangaskhan|0 fnt
|-damage|p1b: Gholdengo|0 fnt
|faint|p1a: Kangaskhan
|faint|p1b: Gholdengo
|
|upkeep
|
|t:|1783106761
|switch|p1b: Incineroar|Incineroar, L50, M|62/100
|switch|p1a: Garchomp|Garchomp, L50, M|100/100
|-ability|p1b: Incineroar|Intimidate|boost
|-unboost|p2a: Floette|atk|1
|-unboost|p2b: Incineroar|atk|1
|turn|7
|
|t:|1783106777
|move|p2b: Incineroar|Fake Out|p1a: Garchomp
|-damage|p1a: Garchomp|92/100
|-damage|p2b: Incineroar|43/100|[from] ability: Rough Skin|[of] p1a: Garchomp
|-enditem|p2b: Incineroar|Sitrus Berry|[eat]
|-heal|p2b: Incineroar|67/100|[from] item: Sitrus Berry
|move|p1b: Incineroar|Fake Out|p2a: Floette
|-damage|p2a: Floette|0 fnt
|faint|p2a: Floette
|cant|p1a: Garchomp|flinch
|
|upkeep
|
|t:|1783106784
|switch|p2a: Sneasler|Sneasler, L50, M|1/100
|turn|8
|
|t:|1783106797
|move|p2a: Sneasler|Close Combat|p1a: Garchomp
|-damage|p1a: Garchomp|32/100
|-unboost|p2a: Sneasler|def|1
|-unboost|p2a: Sneasler|spd|1
|-damage|p2a: Sneasler|0 fnt|[from] ability: Rough Skin|[of] p1a: Garchomp
|-status|p1a: Garchomp|psn|[from] ability: Poison Touch|[of] p2a: Sneasler
|faint|p2a: Sneasler
|move|p1a: Garchomp|Earthquake|p2b: Incineroar|[spread] p1b,p2b
|-supereffective|p1b: Incineroar|1
|-supereffective|p2b: Incineroar|1
|-damage|p1b: Incineroar|0 fnt
|-damage|p2b: Incineroar|0 fnt
|faint|p1b: Incineroar
|faint|p2b: Incineroar
|-damage|p1a: Garchomp|22/100 psn|[from] item: Life Orb
|
|win|Olciax34
||Olciax34 is ready for game 2.
||TheHorrorHare is ready for game 2.
|uhtml|next|Next: Game 2 of 3
|l|☆TheHorrorHare
|player|p2|
