|j|☆homerj71
|j|☆Merisan
|html|homerj71Merisan    
|uhtml|bestof|Game 2 of a best-of-3
|t:|1785344655
|gametype|doubles
|player|p1|homerj71|101|
|player|p2|Merisan|aquasuit|
|gen|9
|tier|[Gen 9 Champions] VGC 2026 Reg M-B (Bo3)
|rule|Species Clause: Limit one of each Pokémon
|rule|Item Clause: Limit 1 of each item
|clearpoke
|poke|p1|Tyranitar, L50, M|
|poke|p1|Staraptor, L50, M|
|poke|p1|Gholdengo, L50|
|poke|p1|Excadrill, L50, F|
|poke|p1|Sinistcha, L50|
|poke|p1|Milotic, L50, F|
|poke|p2|Tyranitar, L50, F|
|poke|p2|Staraptor, L50, F|
|poke|p2|Scizor, L50, F|
|poke|p2|Milotic, L50, M|
|poke|p2|Sylveon, L50, M|
|poke|p2|Whimsicott, L50, F|
|teampreview|4
|showteam|p1|Tyranitar||Tyranitarite|SandStream|KnockOff,LowKick,RockSlide,Protect|Jolly||M|||50|]Staraptor||Staraptite|Intimidate|BraveBird,CloseCombat,Tailwind,Protect|Jolly||M|||50|]Gholdengo||LifeOrb|GoodasGold|MakeItRain,NastyPlot,ShadowBall,Protect|Modest|||||50|]Excadrill||FocusSash|SandRush|RockSlide,HighHorsepower,IronHead,Protect|Adamant||F|||50|]Sinistcha||SitrusBerry|Hospitality|MatchaGotcha,RagePowder,ShadowBall,Protect|Bold|||||50|]Milotic||Leftovers|Competitive|Scald,IcyWind,IceBeam,Protect|Calm||F|||50|
|showteam|p2|Tyranitar||ChoiceScarf|SandStream|RockSlide,KnockOff,LowKick,IcePunch|Jolly||F|||50|]Staraptor||Staraptite|Intimidate|CloseCombat,DualWingbeat,Roost,Protect|Jolly||F|||50|]Scizor||Scizorite|Swarm|BulletPunch,BugBite,CloseCombat,Protect|Adamant||F|||50|]Milotic||Leftovers|Competitive|MuddyWater,Coil,Protect,Hypnosis|Bold||M|||50|]Sylveon||LifeOrb|Pixilate|HyperVoice,HyperBeam,Detect,Substitute|Modest||M|||50|]Whimsicott||FairyFeather|Prankster|Moonblast,Tailwind,Encore,Tickle|Bold||F|||50|
|inactive|Battle timer is ON: inactive players will automatically lose when time's up. (requested by homerj71)
|
|t:|1785344680
|teamsize|p1|4
|teamsize|p2|4
|start
|switch|p1a: Gholdengo|Gholdengo, L50|100/100
|switch|p1b: Milotic|Milotic, L50, F|100/100
|switch|p2a: Tyranitar|Tyranitar, L50, F|100/100
|switch|p2b: Milotic|Milotic, L50, M|100/100
|-weather|Sandstorm|[from] ability: Sand Stream|[of] p2a: Tyranitar
|turn|1
|inactive|homerj71 has 30 seconds left.
|
|t:|1785344711
|move|p1a: Gholdengo|Protect|p1a: Gholdengo
|-singleturn|p1a: Gholdengo|Protect
|move|p2a: Tyranitar|Knock Off|p1a: Gholdengo
|-activate|p1a: Gholdengo|move: Protect
|move|p2b: Milotic|Coil|p2b: Milotic
|-boost|p2b: Milotic|atk|1
|-boost|p2b: Milotic|def|1
|-boost|p2b: Milotic|accuracy|1
|move|p1b: Milotic|Icy Wind|p2a: Tyranitar|[spread] p2a,p2b
|-resisted|p2b: Milotic|1
|-damage|p2a: Tyranitar|92/100
|-damage|p2b: Milotic|96/100
|-unboost|p2a: Tyranitar|spe|1
|-unboost|p2b: Milotic|spe|1
|-ability|p2b: Milotic|Competitive|boost
|-boost|p2b: Milotic|spa|2
|
|-weather|Sandstorm|[upkeep]
|-damage|p1b: Milotic|94/100|[from] Sandstorm
|-damage|p2b: Milotic|90/100|[from] Sandstorm
|-heal|p1b: Milotic|100/100|[from] item: Leftovers
|-heal|p2b: Milotic|96/100|[from] item: Leftovers
|upkeep
|turn|2
|
|t:|1785344736
|move|p1a: Gholdengo|Make It Rain|p2b: Milotic|[spread] p2a,p2b
|-supereffective|p2a: Tyranitar|1
|-resisted|p2b: Milotic|1
|-damage|p2a: Tyranitar|0 fnt
|-damage|p2b: Milotic|72/100
|-unboost|p1a: Gholdengo|spa|2
|faint|p2a: Tyranitar
|-damage|p1a: Gholdengo|90/100|[from] item: Life Orb
|move|p1b: Milotic|Scald|p2b: Milotic
|-resisted|p2b: Milotic|1
|-damage|p2b: Milotic|59/100
|-status|p2b: Milotic|brn
|move|p2b: Milotic|Hypnosis|p1b: Milotic
|-status|p1b: Milotic|slp|[from] move: Hypnosis
|
|-weather|Sandstorm|[upkeep]
|-damage|p1b: Milotic|94/100 slp|[from] Sandstorm
|-damage|p2b: Milotic|53/100 brn|[from] Sandstorm
|-heal|p1b: Milotic|100/100 slp|[from] item: Leftovers
|-heal|p2b: Milotic|59/100 brn|[from] item: Leftovers
|-damage|p2b: Milotic|53/100 brn|[from] brn
|upkeep
|
|t:|1785344751
|switch|p2a: Whimsicott|Whimsicott, L50, F|100/100
|turn|3
|
|t:|1785344758
|switch|p1a: Staraptor|Staraptor, L50, M|100/100
|-ability|p1a: Staraptor|Intimidate|boost
|-unboost|p2a: Whimsicott|atk|1
|-unboost|p2b: Milotic|atk|1
|-ability|p2b: Milotic|Competitive|boost
|-boost|p2b: Milotic|spa|2
|move|p2a: Whimsicott|Tailwind|p2a: Whimsicott
|-sidestart|p2: Merisan|move: Tailwind
|move|p2b: Milotic|Muddy Water|p1a: Staraptor|[spread] p1a,p1b
|-resisted|p1b: Milotic|1
|-damage|p1a: Staraptor|1/100
|-damage|p1b: Milotic|76/100 slp
|cant|p1b: Milotic|slp
|
|-weather|Sandstorm|[upkeep]
|-damage|p2a: Whimsicott|94/100|[from] Sandstorm
|-damage|p1a: Staraptor|0 fnt|[from] Sandstorm
|-damage|p2b: Milotic|48/100 brn|[from] Sandstorm
|-damage|p1b: Milotic|70/100 slp|[from] Sandstorm
|faint|p1a: Staraptor
|-heal|p2b: Milotic|53/100 brn|[from] item: Leftovers
|-heal|p1b: Milotic|76/100 slp|[from] item: Leftovers
|-damage|p2b: Milotic|48/100 brn|[from] brn
|upkeep
|inactive|homerj71 has 30 seconds left.
|
|t:|1785344785
|switch|p1a: Tyranitar|Tyranitar, L50, M|100/100
|turn|4
|
|t:|1785344799
|detailschange|p1a: Tyranitar|Tyranitar-Mega, L50, M
|-mega|p1a: Tyranitar|Tyranitar|Tyranitarite
|move|p1a: Tyranitar|Protect|p1a: Tyranitar
|-singleturn|p1a: Tyranitar|Protect
|move|p2a: Whimsicott|Moonblast|p1b: Milotic
|-damage|p1b: Milotic|55/100 slp
|move|p2b: Milotic|Muddy Water|p1a: Tyranitar|[spread] p1b
|-activate|p1a: Tyranitar|move: Protect
|-resisted|p1b: Milotic|1
|-damage|p1b: Milotic|34/100 slp
|-curestatus|p1b: Milotic|slp|[msg]
|move|p1b: Milotic|Scald|p2b: Milotic
|-resisted|p2b: Milotic|1
|-damage|p2b: Milotic|36/100 brn
|
|-weather|Sandstorm|[upkeep]
|-damage|p2a: Whimsicott|88/100|[from] Sandstorm
|-damage|p2b: Milotic|30/100 brn|[from] Sandstorm
|-damage|p1b: Milotic|28/100|[from] Sandstorm
|-heal|p2b: Milotic|36/100 brn|[from] item: Leftovers
|-heal|p1b: Milotic|34/100|[from] item: Leftovers
|-damage|p2b: Milotic|30/100 brn|[from] brn
|upkeep
|turn|5
|
|t:|1785344818
|move|p2a: Whimsicott|Moonblast|p1b: Milotic
|-damage|p1b: Milotic|11/100
|move|p2b: Milotic|Muddy Water|p1b: Milotic|[spread] p1a,p1b
|-supereffective|p1a: Tyranitar|1
|-resisted|p1b: Milotic|1
|-damage|p1a: Tyranitar|27/100
|-damage|p1b: Milotic|0 fnt
|-unboost|p1a: Tyranitar|accuracy|1
|faint|p1b: Milotic
|move|p1a: Tyranitar|Rock Slide|p2b: Milotic|[spread] p2a
|-miss|p1a: Tyranitar|p2b: Milotic
|-crit|p2a: Whimsicott
|-damage|p2a: Whimsicott|35/100
|
|-weather|none
|-heal|p2b: Milotic|36/100 brn|[from] item: Leftovers
|-damage|p2b: Milotic|30/100 brn|[from] brn
|upkeep
|
|t:|1785344829
|switch|p1b: Gholdengo|Gholdengo, L50|90/100
|turn|6
|
|t:|1785344843
|move|p2a: Whimsicott|Moonblast|p1a: Tyranitar
|-supereffective|p1a: Tyranitar|1
|-damage|p1a: Tyranitar|0 fnt
|faint|p1a: Tyranitar
|move|p2b: Milotic|Hypnosis|p1b: Gholdengo
|-immune|p1b: Gholdengo|[from] ability: Good as Gold
|move|p1b: Gholdengo|Make It Rain|p2b: Milotic|[spread] p2a,p2b
|-supereffective|p2a: Whimsicott|1
|-resisted|p2b: Milotic|1
|-damage|p2a: Whimsicott|0 fnt
|-damage|p2b: Milotic|5/100 brn
|-unboost|p1b: Gholdengo|spa|2
|faint|p2a: Whimsicott
|-damage|p1b: Gholdengo|81/100|[from] item: Life Orb
|
|-heal|p2b: Milotic|11/100 brn|[from] item: Leftovers
|-damage|p2b: Milotic|5/100 brn|[from] brn
|-sideend|p2: Merisan|move: Tailwind
|upkeep
|
|t:|1785344853
|switch|p2a: Staraptor|Staraptor, L50, F|100/100
|-ability|p2a: Staraptor|Intimidate|boost
|-unboost|p1b: Gholdengo|atk|1
|turn|7
|
|t:|1785344865
|detailschange|p2a: Staraptor|Staraptor-Mega, L50, F
|-mega|p2a: Staraptor|Staraptor|Staraptite
|move|p2a: Staraptor|Dual Wingbeat|p1b: Gholdengo
|-resisted|p1b: Gholdengo|1
|-damage|p1b: Gholdengo|69/100
|-resisted|p1b: Gholdengo|1
|-damage|p1b: Gholdengo|57/100
|-hitcount|p1b: Gholdengo|2
|move|p1b: Gholdengo|Shadow Ball|p2b: Milotic
|-damage|p2b: Milotic|0 fnt
|faint|p2b: Milotic
|-damage|p1b: Gholdengo|48/100|[from] item: Life Orb
|
|upkeep
|turn|8
|
|t:|1785344876
|move|p2a: Staraptor|Dual Wingbeat|p1b: Gholdengo
|-resisted|p1b: Gholdengo|1
|-damage|p1b: Gholdengo|37/100
|-resisted|p1b: Gholdengo|1
|-damage|p1b: Gholdengo|24/100
|-hitcount|p1b: Gholdengo|2
|move|p1b: Gholdengo|Nasty Plot|p1b: Gholdengo
|-boost|p1b: Gholdengo|spa|2
|
|upkeep
|turn|9
|
|t:|1785344883
|move|p2a: Staraptor|Dual Wingbeat|p1b: Gholdengo
|-resisted|p1b: Gholdengo|1
|-damage|p1b: Gholdengo|13/100
|-resisted|p1b: Gholdengo|1
|-damage|p1b: Gholdengo|2/100
|-hitcount|p1b: Gholdengo|2
|move|p1b: Gholdengo|Nasty Plot|p1b: Gholdengo
|-boost|p1b: Gholdengo|spa|2
|
|upkeep
|turn|10
|
|t:|1785344891
|move|p2a: Staraptor|Dual Wingbeat|p1b: Gholdengo
|-resisted|p1b: Gholdengo|1
|-damage|p1b: Gholdengo|0 fnt
|faint|p1b: Gholdengo
|-hitcount|p1: Gholdengo|1
|
|win|Merisan
