|j|☆Delacruso
|j|☆MrRedPilot25
|html|DelacrusoMrRedPilot25    
|uhtml|bestof|Game 2 of a best-of-3
|t:|1783021859
|gametype|doubles
|player|p1|Delacruso|red|1000
|player|p2|MrRedPilot25|hilbert|1048
|gen|9
|tier|[Gen 9 Champions] VGC 2026 Reg M-B (Bo3)
|rated|
|rule|Species Clause: Limit one of each Pokémon
|rule|Item Clause: Limit 1 of each item
|clearpoke
|poke|p1|Charizard, L50, M, shiny|
|poke|p1|Garchomp, L50, M, shiny|
|poke|p1|Kingambit, L50, M, shiny|
|poke|p1|Sylveon, L50, M|
|poke|p1|Whimsicott, L50, M, shiny|
|poke|p1|Basculegion, L50, M, shiny|
|poke|p2|Tyranitar, L50, F, shiny|
|poke|p2|Talonflame, L50, F|
|poke|p2|Venusaur, L50, M|
|poke|p2|Sinistcha, L50|
|poke|p2|Grimmsnarl, L50, M|
|poke|p2|Metagross, L50, shiny|
|teampreview|4
|showteam|p1|Charizard||CharizarditeY|SolarPower|HeatWave,WeatherBall,SolarBeam,AncientPower|Modest||M|||50|]Garchomp||LifeOrb|RoughSkin|Earthquake,DragonClaw,RockSlide,Protect|Jolly||M|||50|]Kingambit||BlackGlasses|Defiant|SuckerPunch,KowtowCleave,Protect,IronHead|Adamant||M|||50|]Sylveon||FairyFeather|Pixilate|HyperVoice,QuickAttack,HyperBeam,Protect|Modest||M|||50|]Whimsicott||FocusSash|Prankster|Moonblast,Tailwind,Encore,SunnyDay|Timid||M|||50|]Basculegion||ChoiceScarf|Adaptability|LastRespects,AquaJet,WaveCrash,FlipTurn|Jolly||M|||50|
|showteam|p2|Tyranitar||LifeOrb|SandStream|LowKick,KnockOff,RockSlide,Protect|Jolly||F|||50|]Talonflame||ChartiBerry|GaleWings|BraveBird,Tailwind,FlareBlitz,QuickGuard|Jolly||F|||50|]Venusaur||Leftovers|Overgrow|SleepPowder,EarthPower,GigaDrain,SludgeBomb|Bold||M|||50|]Sinistcha||SitrusBerry|Hospitality|RagePowder,TrickRoom,MatchaGotcha,Protect|Relaxed|||||50|]Grimmsnarl||LightClay|Prankster|LightScreen,Reflect,PartingShot,SpiritBreak|Careful||M|||50|]Metagross||Metagrossite|ClearBody|BulletPunch,PsychicFangs,IcePunch,BrickBreak|Jolly|||||50|
|inactive|Battle timer is ON: inactive players will automatically lose when time's up. (requested by Delacruso)
|inactive|Delacruso has 60 seconds left.
|inactive|MrRedPilot25 has 60 seconds left.
|
|t:|1783021912
|teamsize|p1|4
|teamsize|p2|4
|start
|switch|p1a: Charizard|Charizard, L50, M, shiny|100/100
|switch|p1b: Garchomp|Garchomp, L50, M, shiny|100/100
|switch|p2a: Dino sapo|Venusaur, L50, M|100/100
|switch|p2b: Talonflame|Talonflame, L50, F|100/100
|turn|1
|
|t:|1783021936
|detailschange|p1a: Charizard|Charizard-Mega-Y, L50, M, shiny
|-mega|p1a: Charizard|Charizard|Charizardite Y
|-weather|SunnyDay|[from] ability: Drought|[of] p1a: Charizard
|move|p2b: Talonflame|Tailwind|p2b: Talonflame
|-sidestart|p2: MrRedPilot25|move: Tailwind
|move|p2a: Dino sapo|Sleep Powder|p1a: Charizard
|-status|p1a: Charizard|slp|[from] move: Sleep Powder
|move|p1b: Garchomp|Rock Slide|p2a: Dino sapo|[spread] p2a,p2b
|-supereffective|p2b: Talonflame|2
|-enditem|p2b: Talonflame|Charti Berry|[eat]
|-enditem|p2b: Talonflame|Charti Berry|[weaken]
|-damage|p2a: Dino sapo|73/100
|-damage|p2b: Talonflame|19/100
|-damage|p1b: Garchomp|90/100|[from] item: Life Orb
|cant|p1a: Charizard|slp
|
|-weather|SunnyDay|[upkeep]
|-heal|p2a: Dino sapo|79/100|[from] item: Leftovers
|upkeep
|turn|2
|
|t:|1783021957
|switch|p2b: Tyranitar|Tyranitar, L50, F, shiny|100/100
|-weather|Sandstorm|[from] ability: Sand Stream|[of] p2b: Tyranitar
|move|p2a: Dino sapo|Sleep Powder|p1b: Garchomp
|-status|p1b: Garchomp|slp|[from] move: Sleep Powder
|cant|p1b: Garchomp|slp
|-curestatus|p1a: Charizard|slp|[msg]
|move|p1a: Charizard|Heat Wave|p2a: Dino sapo|[spread] p2a,p2b
|-supereffective|p2a: Dino sapo|1
|-resisted|p2b: Tyranitar|1
|-damage|p2a: Dino sapo|0 fnt
|-damage|p2b: Tyranitar|84/100
|faint|p2a: Dino sapo
|
|-weather|Sandstorm|[upkeep]
|-damage|p1a: Charizard|93/100|[from] Sandstorm
|upkeep
|
|t:|1783021968
|switch|p2a: Sinistcha|Sinistcha, L50|100/100
|-heal|p2b: Tyranitar|100/100|[from] ability: Hospitality|[of] p2a: Sinistcha
|turn|3
|inactive|Delacruso has 30 seconds left.
|
|t:|1783021999
|switch|p1a: Kingambit|Kingambit, L50, M, shiny|100/100
|move|p2b: Tyranitar|Rock Slide|p1b: Garchomp|[spread] p1a
|-miss|p2b: Tyranitar|p1b: Garchomp
|-resisted|p1a: Kingambit|1
|-damage|p1a: Kingambit|85/100
|-damage|p2b: Tyranitar|90/100|[from] item: Life Orb
|-curestatus|p1b: Garchomp|slp|[msg]
|move|p1b: Garchomp|Dragon Claw|p2a: Sinistcha
|-damage|p2a: Sinistcha|55/100
|-damage|p1b: Garchomp|80/100|[from] item: Life Orb
|move|p2a: Sinistcha|Matcha Gotcha|p1a: Kingambit|[spread] p1a,p1b
|-resisted|p1a: Kingambit|1
|-damage|p1a: Kingambit|75/100
|-heal|p2a: Sinistcha|61/100|[from] drain|[of] p1a: Kingambit
|-damage|p1b: Garchomp|54/100
|-heal|p2a: Sinistcha|75/100|[from] drain|[of] p1b: Garchomp
|
|-weather|Sandstorm|[upkeep]
|-damage|p2a: Sinistcha|69/100|[from] Sandstorm
|upkeep
|turn|4
|inactive|Delacruso has 30 seconds left.
|inactive|Delacruso has 20 seconds left.
|
|t:|1783022039
|move|p1a: Kingambit|Protect|p1a: Kingambit
|-singleturn|p1a: Kingambit|Protect
|move|p2b: Tyranitar|Low Kick|p1a: Kingambit
|-activate|p1a: Kingambit|move: Protect
|move|p1b: Garchomp|Earthquake|p2a: Sinistcha|[spread] p2a,p2b
|-activate|p1a: Kingambit|move: Protect
|-resisted|p2a: Sinistcha|1
|-supereffective|p2b: Tyranitar|1
|-damage|p2a: Sinistcha|50/100y
|-damage|p2b: Tyranitar|3/100
|-enditem|p2a: Sinistcha|Sitrus Berry|[eat]
|-heal|p2a: Sinistcha|74/100|[from] item: Sitrus Berry
|-damage|p1b: Garchomp|44/100|[from] item: Life Orb
|move|p2a: Sinistcha|Matcha Gotcha|p1a: Kingambit|[spread] p1b
|-activate|p1a: Kingambit|move: Protect
|-crit|p1b: Garchomp
|-damage|p1b: Garchomp|0 fnt
|-heal|p2a: Sinistcha|97/100|[from] drain|[of] p1b: Garchomp
|faint|p1b: Garchomp
|
|-weather|Sandstorm|[upkeep]
|-damage|p2a: Sinistcha|91/100|[from] Sandstorm
|-sideend|p2: MrRedPilot25|move: Tailwind
|upkeep
|
|t:|1783022062
|switch|p1b: Charizard|Charizard-Mega-Y, L50, M, shiny|93/100
|-weather|SunnyDay|[from] ability: Drought|[of] p1b: Charizard
|turn|5
|-message|MrRedPilot25 forfeited.
|
|win|Delacruso
|raw|Delacruso's rating: 1000 → 1045(+45 for winning)
|raw|MrRedPilot25's rating: 1048 → 1028(-20 for losing)
|l|☆MrRedPilot25
|player|p2|
