|j|☆Caloteiros VGC
|j|☆hadukthegod
|html|Caloteiros VGChadukthegod    
|uhtml|bestof|Game 3 of a best-of-3
|t:|1785822853
|gametype|doubles
|player|p1|Caloteiros VGC|morty|1168
|player|p2|hadukthegod|hiker-gen4|1040
|gen|9
|tier|[Gen 9 Champions] VGC 2026 Reg M-B (Bo3)
|rated|
|rule|Species Clause: Limit one of each Pokémon
|rule|Item Clause: Limit 1 of each item
|clearpoke
|poke|p1|Raichu, L50, M|
|poke|p1|Sinistcha, L50|
|poke|p1|Incineroar, L50, F|
|poke|p1|Sylveon, L50, F|
|poke|p1|Hydreigon, L50, M|
|poke|p1|Metagross, L50|
|poke|p2|Kleavor, L50, F|
|poke|p2|Venusaur, L50, M|
|poke|p2|Kingambit, L50, F|
|poke|p2|Sableye, L50, F|
|poke|p2|Sylveon, L50, M|
|poke|p2|Krookodile, L50, F|
|teampreview|4
|showteam|p1|Raichu||RaichuniteY|LightningRod|ZapCannon,FocusBlast,FakeOut,Protect|Timid||M|||50|]Sinistcha||SitrusBerry|Hospitality|MatchaGotcha,RagePowder,TrickRoom,Protect|Bold|||||50|]Incineroar||ShucaBerry|Intimidate|FlareBlitz,DarkestLariat,PartingShot,FakeOut|Careful||F|||50|]Sylveon||FairyFeather|Pixilate|HyperVoice,Moonblast,CalmMind,Protect|Modest||F|||50|]Hydreigon||ChoiceScarf|Levitate|DracoMeteor,DarkPulse,EarthPower,Snarl|Modest||M|||50|]Metagross||Metagrossite|ClearBody|HardPress,BodyPress,PsychicFangs,Protect|Adamant|||||50|
|showteam|p2|Kleavor||FocusSash|Sharpness|XScissor,StoneAxe,Protect,Tailwind|Jolly||F|||50|]Venusaur||Venusaurite|Chlorophyll|GigaDrain,SludgeBomb,EarthPower,Protect|Modest||M|||50|]Kingambit||BlackGlasses|SupremeOverlord|SuckerPunch,KowtowCleave,SwordsDance,Protect|Brave||F|||50|]Sableye||LightClay|Prankster|Reflect,LightScreen,SunnyDay,Snarl|Calm||F|||50|]Sylveon||FairyFeather|Pixilate|HyperVoice,HyperBeam,QuickAttack,Protect|Modest||M|||50|]Krookodile||PasshoBerry|Intimidate|HighHorsepower,KnockOff,CloseCombat,Protect|Adamant||F|||50|
|inactive|Battle timer is ON: inactive players will automatically lose when time's up. (requested by Caloteiros VGC)
|inactive|Caloteiros VGC has 60 seconds left.
|inactive|hadukthegod has 60 seconds left.
|
|t:|1785822901
|teamsize|p1|4
|teamsize|p2|4
|start
|switch|p1a: Sinistcha|Sinistcha, L50|100/100
|switch|p1b: Incineroar|Incineroar, L50, F|100/100
|switch|p2a: Krookodile|Krookodile, L50, F|100/100
|switch|p2b: Sylveon|Sylveon, L50, M|100/100
|-ability|p2a: Krookodile|Intimidate|boost
|-unboost|p1a: Sinistcha|atk|1
|-unboost|p1b: Incineroar|atk|1
|-ability|p1b: Incineroar|Intimidate|boost
|-unboost|p2a: Krookodile|atk|1
|-unboost|p2b: Sylveon|atk|1
|turn|1
|inactive|Caloteiros VGC has 30 seconds left.
|inactive|hadukthegod has 30 seconds left.
|inactive|hadukthegod has 20 seconds left.
|
|t:|1785822936
|move|p1b: Incineroar|Fake Out|p2b: Sylveon
|-damage|p2b: Sylveon|91/100
|move|p2a: Krookodile|Knock Off|p1a: Sinistcha
|-supereffective|p1a: Sinistcha|1
|-damage|p1a: Sinistcha|44/100
|-enditem|p1a: Sinistcha|Sitrus Berry|[from] move: Knock Off|[of] p2a: Krookodile
|cant|p2b: Sylveon|flinch
|move|p1a: Sinistcha|Trick Room|p1a: Sinistcha
|-fieldstart|move: Trick Room|[of] p1a: Sinistcha
|
|upkeep
|turn|2
|inactive|hadukthegod has 30 seconds left.
|
|t:|1785822962
|move|p1a: Sinistcha|Protect|p1a: Sinistcha
|-singleturn|p1a: Sinistcha|Protect
|move|p2b: Sylveon|Hyper Voice|p1a: Sinistcha|[spread] p1b
|-activate|p1a: Sinistcha|move: Protect
|-damage|p1b: Incineroar|62/100
|move|p1b: Incineroar|Parting Shot|p2b: Sylveon
|-unboost|p2b: Sylveon|atk|1
|-unboost|p2b: Sylveon|spa|1
|inactive|Caloteiros VGC has 30 seconds left.
|inactive|Caloteiros VGC has 20 seconds left.
|inactive|Caloteiros VGC has 15 seconds left.
|
|t:|1785823003
|switch|p1b: Sylveon|Sylveon, L50, F|100/100|[from] Parting Shot
|move|p2a: Krookodile|Close Combat|p1b: Sylveon
|-resisted|p1b: Sylveon|1
|-damage|p1b: Sylveon|82/100
|-unboost|p2a: Krookodile|def|1
|-unboost|p2a: Krookodile|spd|1
|
|upkeep
|turn|3
|
|t:|1785823017
|switch|p2b: Kingambit|Kingambit, L50, F|100/100
|switch|p1a: Metagross|Metagross, L50|100/100
|switch|p2a: God|Venusaur, L50, M|100/100
|move|p1b: Sylveon|Calm Mind|p1b: Sylveon
|-boost|p1b: Sylveon|spa|1
|-boost|p1b: Sylveon|spd|1
|
|upkeep
|turn|4
|inactive|Caloteiros VGC has 30 seconds left.
|inactive|hadukthegod has 30 seconds left.
|inactive|hadukthegod has 20 seconds left.
|
|t:|1785823055
|switch|p2a: Krookodile|Krookodile, L50, F|100/100
|-ability|p2a: Krookodile|Intimidate|boost
|-fail|p1a: Metagross|unboost|[from] ability: Clear Body|[of] p1a: Metagross
|-unboost|p1b: Sylveon|atk|1
|detailschange|p1a: Metagross|Metagross-Mega, L50
|-mega|p1a: Metagross|Metagross|Metagrossite
|move|p2b: Kingambit|Kowtow Cleave|p1a: Metagross
|-supereffective|p1a: Metagross|1
|-damage|p1a: Metagross|7/100
|move|p1b: Sylveon|Hyper Voice|p2b: Kingambit|[spread] p2a,p2b
|-supereffective|p2a: Krookodile|1
|-damage|p2a: Krookodile|0 fnt
|-damage|p2b: Kingambit|33/100
|faint|p2a: Krookodile
|move|p1a: Metagross|Psychic Fangs|p2b: Kingambit
|-immune|p2b: Kingambit
|
|upkeep
|
|t:|1785823079
|switch|p2a: God|Venusaur, L50, M|100/100
|turn|5
|inactive|Caloteiros VGC has 30 seconds left.
|inactive|Caloteiros VGC has 20 seconds left.
|inactive|Caloteiros VGC has 15 seconds left.
|inactive|Caloteiros VGC has 10 seconds left.
|inactive|Caloteiros VGC has 5 seconds left.
|
|t:|1785823134
|switch|p1a: Sinistcha|Sinistcha, L50|44/100
|-heal|p1b: Sylveon|100/100|[from] ability: Hospitality|[of] p1a: Sinistcha
|detailschange|p2a: God|Venusaur-Mega, L50, M
|-mega|p2a: God|Venusaur|Venusaurite
|move|p2b: Kingambit|Sucker Punch||[still]
|-fail|p2b: Kingambit
|move|p1b: Sylveon|Hyper Voice|p2a: God|[spread] p2a,p2b
|-resisted|p2a: God|1
|-crit|p2b: Kingambit
|-damage|p2a: God|72/100
|-damage|p2b: Kingambit|0 fnt
|faint|p2b: Kingambit
|-end|p2b: Kingambit|fallenundefined|[silent]
|move|p2a: God|Sludge Bomb|p1b: Sylveon
|-supereffective|p1b: Sylveon|1
|-damage|p1b: Sylveon|60/100
|-status|p1b: Sylveon|psn
|
|-damage|p1b: Sylveon|47/100 psn|[from] psn
|-fieldend|move: Trick Room
|upkeep
|
|t:|1785823150
|switch|p2b: Sylveon|Sylveon, L50, M|91/100
|turn|6
|inactive|Caloteiros VGC has 30 seconds left.
|
|t:|1785823181
|move|p2a: God|Sludge Bomb|p1b: Sylveon
|-supereffective|p1b: Sylveon|1
|-damage|p1b: Sylveon|4/100 psn
|move|p1b: Sylveon|Hyper Voice|p2b: Sylveon|[spread] p2a,p2b
|-resisted|p2a: God|1
|-damage|p2a: God|44/100
|-damage|p2b: Sylveon|34/100
|move|p1a: Sinistcha|Matcha Gotcha|p2a: God|[spread] p2a,p2b
|-resisted|p2a: God|2
|-damage|p2a: God|40/100
|-heal|p1a: Sinistcha|47/100|[from] drain|[of] p2a: God
|-damage|p2b: Sylveon|13/100
|-heal|p1a: Sinistcha|57/100|[from] drain|[of] p2b: Sylveon
|move|p2b: Sylveon|Hyper Voice|p1b: Sylveon|[spread] p1a,p1b
|-damage|p1a: Sinistcha|10/100
|-damage|p1b: Sylveon|0 fnt
|faint|p1b: Sylveon
|
|upkeep
|
|t:|1785823189
|switch|p1b: Metagross|Metagross-Mega, L50|7/100
|turn|7
|inactive|hadukthegod has 30 seconds left.
|inactive|hadukthegod has 20 seconds left.
|
|t:|1785823226
|move|p1b: Metagross|Protect|p1b: Metagross
|-singleturn|p1b: Metagross|Protect
|move|p2b: Sylveon|Quick Attack|p1b: Metagross
|-activate|p1b: Metagross|move: Protect
|move|p2a: God|Sludge Bomb|p1a: Sinistcha
|-damage|p1a: Sinistcha|0 fnt
|faint|p1a: Sinistcha
|
|upkeep
|
|t:|1785823235
|switch|p1a: Incineroar|Incineroar, L50, F|62/100
|-ability|p1a: Incineroar|Intimidate|boost
|-unboost|p2a: God|atk|1
|-unboost|p2b: Sylveon|atk|1
|turn|8
|
|t:|1785823253
|move|p2a: God|Protect|p2a: God
|-singleturn|p2a: God|Protect
|move|p2b: Sylveon|Protect|p2b: Sylveon
|-singleturn|p2b: Sylveon|Protect
|move|p1a: Incineroar|Fake Out|p2a: God
|-activate|p2a: God|move: Protect
|move|p1b: Metagross|Hard Press|p2b: Sylveon
|-activate|p2b: Sylveon|move: Protect
|
|upkeep
|turn|9
|inactive|hadukthegod has 30 seconds left.
|
|t:|1785823287
|move|p1b: Metagross|Protect|p1b: Metagross
|-singleturn|p1b: Metagross|Protect
|move|p2b: Sylveon|Quick Attack|p1b: Metagross
|-activate|p1b: Metagross|move: Protect
|move|p2a: God|Earth Power|p1a: Incineroar
|-supereffective|p1a: Incineroar|1
|-enditem|p1a: Incineroar|Shuca Berry|[eat]
|-enditem|p1a: Incineroar|Shuca Berry|[weaken]
|-damage|p1a: Incineroar|40/100
|move|p1a: Incineroar|Darkest Lariat|p2b: Sylveon
|-resisted|p2b: Sylveon|1
|-damage|p2b: Sylveon|0 fnt
|faint|p2b: Sylveon
|
|upkeep
|turn|10
|-message|hadukthegod forfeited.
|
|win|Caloteiros VGC
