|j|☆TheDoomDraogn
|j|☆sig.kire
|html|TheDoomDraognsig.kire    
|uhtml|bestof|Game 1 of a best-of-3
|t:|1757829941
|gametype|doubles
|player|p1|TheDoomDraogn|ghetsis-gen5bw|1420
|player|p2|sig.kire|sailor|1263
|gen|9
|tier|[Gen 9] VGC 2025 Reg H (Bo3)
|rated|
|rule|Species Clause: Limit one of each Pokémon
|rule|Item Clause: Limit 1 of each item
|clearpoke
|poke|p1|Incineroar, L50, F|
|poke|p1|Rillaboom, L50, F|
|poke|p1|Ursaluna-Bloodmoon, L50, M|
|poke|p1|Dragonite, L50, M|
|poke|p1|Electabuzz, L50, F|
|poke|p1|Gholdengo, L50|
|poke|p2|Corviknight, L50, M|
|poke|p2|Garchomp, L50, M|
|poke|p2|Tyranitar, L50, M|
|poke|p2|Volcarona, L50, M|
|poke|p2|Indeedee, L50, M|
|poke|p2|Sneasler, L50, F|
|teampreview|4
|showteam|p1|Incineroar||SitrusBerry|Intimidate|FakeOut,KnockOff,FlareBlitz,PartingShot|||F|||50|,,,,,Ghost]Rillaboom||AssaultVest|GrassySurge|WoodHammer,GrassyGlide,FakeOut,HighHorsepower|||F|||50|,,,,,Fire]Ursaluna-Bloodmoon||Leftovers|MindsEye|BloodMoon,EarthPower,CalmMind,Protect|||M|||50|,,,,,Electric]Dragonite||LoadedDice|Multiscale|ScaleShot,Tailwind,Haze,Protect|||M|||50|,,,,,Fairy]Electabuzz||Eviolite|VitalSpirit|FollowMe,Electroweb,Taunt,Protect|||F|||50|,,,,,Water]Gholdengo||LifeOrb|GoodasGold|MakeItRain,ShadowBall,Protect,NastyPlot||||||50|,,,,,Water
|showteam|p2|Corviknight||SitrusBerry|MirrorArmor|BraveBird,BodyPress,BulkUp,Roost|||M|||50|,,,,,Fire]Garchomp||LifeOrb|RoughSkin|DragonClaw,StompingTantrum,Earthquake,Protect|||M|||50|,,,,,Ground]Tyranitar||AssaultVest|SandStream|RockSlide,KnockOff,TeraBlast,LowKick|||M|||50|,,,,,Flying]Volcarona||SafetyGoggles|FlameBody|Overheat,Protect,RagePowder,Tailwind|||M|||50|,,,,,Fairy]Indeedee||ChoiceScarf|PsychicSurge|ExpandingForce,HelpingHand,Trick,TrickRoom|||M|||50|,,,,,Psychic]Sneasler||PsychicSeed|Unburden|DireClaw,CloseCombat,ThroatChop,Protect|||F|||50|,,,,,Dark
|c|☆sig.kire|wtf
|c|☆sig.kire|why am i aggainst someone with a raiting of 1420
|c|☆TheDoomDraogn|wtf
|
|t:|1757829999
|teamsize|p1|4
|teamsize|p2|4
|start
|switch|p1a: Incineroar|Incineroar, L50, F|100/100
|switch|p1b: Gholdengo|Gholdengo, L50|100/100
|switch|p2a: Sneasler|Sneasler, L50, F|100/100
|switch|p2b: Volcarona|Volcarona, L50, M|100/100
|-ability|p1a: Incineroar|Intimidate|boost
|-unboost|p2a: Sneasler|atk|1
|-unboost|p2b: Volcarona|atk|1
|turn|1
|c|☆TheDoomDraogn|why am i against someone with a rating of 1263
|c|☆sig.kire|lol
|c|☆sig.kire|i will beat you trust
|
|t:|1757830042
|move|p2a: Sneasler|Protect|p2a: Sneasler
|-singleturn|p2a: Sneasler|Protect
|move|p1b: Gholdengo|Protect|p1b: Gholdengo
|-singleturn|p1b: Gholdengo|Protect
|move|p2b: Volcarona|Overheat|p1b: Gholdengo
|-activate|p1b: Gholdengo|move: Protect
|move|p1a: Incineroar|Parting Shot|p2b: Volcarona
|-unboost|p2b: Volcarona|atk|1
|-unboost|p2b: Volcarona|spa|1
|
|t:|1757830051
|switch|p1a: Dragonite|Dragonite, L50, M|100/100|[from] Parting Shot
|
|upkeep
|turn|2
|
|t:|1757830065
|switch|p1b: Incineroar|Incineroar, L50, F|100/100
|-ability|p1b: Incineroar|Intimidate|boost
|-unboost|p2a: Sneasler|atk|1
|-unboost|p2b: Volcarona|atk|1
|switch|p2b: Indeedee|Indeedee, L50, M|100/100
|-fieldstart|move: Psychic Terrain|[from] ability: Psychic Surge|[of] p2b: Indeedee
|-enditem|p2a: Sneasler|Psychic Seed
|-boost|p2a: Sneasler|spd|1|[from] item: Psychic Seed
|move|p2a: Sneasler|Dire Claw|p1a: Dragonite
|-damage|p1a: Dragonite|89/100
|move|p1a: Dragonite|Scale Shot|p2a: Sneasler
|-damage|p2a: Sneasler|73/100
|-damage|p2a: Sneasler|46/100
|-damage|p2a: Sneasler|19/100
|-damage|p2a: Sneasler|0 fnt
|faint|p2a: Sneasler
|-hitcount|p2: Sneasler|4
|-unboost|p1a: Dragonite|def|1
|-boost|p1a: Dragonite|spe|1
|
|upkeep
|
|t:|1757830078
|switch|p2a: Corviknight|Corviknight, L50, M|100/100
|turn|3
|
|t:|1757830104
|move|p1a: Dragonite|Protect|p1a: Dragonite
|-singleturn|p1a: Dragonite|Protect
|move|p2b: Indeedee|Trick|p1a: Dragonite
|-activate|p1a: Dragonite|move: Protect
|move|p2a: Corviknight|Bulk Up|p2a: Corviknight
|-boost|p2a: Corviknight|atk|1
|-boost|p2a: Corviknight|def|1
|move|p1b: Incineroar|Knock Off|p2b: Indeedee
|-supereffective|p2b: Indeedee
|-damage|p2b: Indeedee|0 fnt
|-enditem|p2b: Indeedee|Choice Scarf|[from] move: Knock Off|[of] p1b: Incineroar
|faint|p2b: Indeedee
|
|upkeep
|
|t:|1757830106
|switch|p2b: Volcarona|Volcarona, L50, M|100/100
|turn|4
|
|t:|1757830130
|-terastallize|p2a: Corviknight|Fire
|-terastallize|p1b: Incineroar|Ghost
|move|p2b: Volcarona|Protect|p2b: Volcarona
|-singleturn|p2b: Volcarona|Protect
|move|p1a: Dragonite|Tailwind|p1a: Dragonite
|-sidestart|p1: TheDoomDraogn|move: Tailwind
|move|p1b: Incineroar|Flare Blitz|p2a: Corviknight
|-resisted|p2a: Corviknight
|-damage|p2a: Corviknight|86/100
|-damage|p1b: Incineroar|96/100|[from] Recoil
|move|p2a: Corviknight|Brave Bird|p1a: Dragonite
|-damage|p1a: Dragonite|0 fnt
|faint|p1a: Dragonite
|-damage|p2a: Corviknight|62/100|[from] Recoil
|
|upkeep
|
|t:|1757830147
|switch|p1a: Rillaboom|Rillaboom, L50, F|100/100
|-fieldstart|move: Grassy Terrain|[from] ability: Grassy Surge|[of] p1a: Rillaboom
|turn|5
|
|t:|1757830154
|move|p1a: Rillaboom|Fake Out|p2b: Volcarona
|-damage|p2b: Volcarona|86/100
|move|p1b: Incineroar|Flare Blitz|p2b: Volcarona
|-damage|p2b: Volcarona|35/100
|-damage|p1b: Incineroar|80/100|[from] Recoil
|cant|p2b: Volcarona|flinch
|move|p2a: Corviknight|Roost|p2a: Corviknight
|-heal|p2a: Corviknight|100/100
|
|-heal|p1b: Incineroar|86/100|[from] Grassy Terrain
|-heal|p2b: Volcarona|42/100|[from] Grassy Terrain
|upkeep
|turn|6
|
|t:|1757830169
|move|p1a: Rillaboom|High Horsepower|p2a: Corviknight
|-supereffective|p2a: Corviknight
|-damage|p2a: Corviknight|65/100
|move|p1b: Incineroar|Flare Blitz|p2b: Volcarona
|-damage|p2b: Volcarona|0 fnt
|faint|p2b: Volcarona
|-damage|p1b: Incineroar|73/100|[from] Recoil
|move|p2a: Corviknight|Brave Bird|p1a: Rillaboom
|-supereffective|p1a: Rillaboom
|-damage|p1a: Rillaboom|0 fnt
|faint|p1a: Rillaboom
|-damage|p2a: Corviknight|32/100|[from] Recoil
|-enditem|p2a: Corviknight|Sitrus Berry|[eat]
|-heal|p2a: Corviknight|57/100|[from] item: Sitrus Berry
|
|-heal|p1b: Incineroar|79/100|[from] Grassy Terrain
|-heal|p2a: Corviknight|63/100|[from] Grassy Terrain
|upkeep
|
|t:|1757830184
|switch|p1a: Gholdengo|Gholdengo, L50|100/100
|turn|7
|
|t:|1757830188
|move|p1a: Gholdengo|Nasty Plot|p1a: Gholdengo
|-boost|p1a: Gholdengo|spa|2
|move|p1b: Incineroar|Knock Off|p2a: Corviknight
|-damage|p2a: Corviknight|47/100
|move|p2a: Corviknight|Brave Bird|p1b: Incineroar
|-damage|p1b: Incineroar|25/100
|-enditem|p1b: Incineroar|Sitrus Berry|[eat]
|-heal|p1b: Incineroar|50/100|[from] item: Sitrus Berry
|-damage|p2a: Corviknight|29/100|[from] Recoil
|
|-heal|p1b: Incineroar|56/100|[from] Grassy Terrain
|-heal|p2a: Corviknight|35/100|[from] Grassy Terrain
|-sideend|p1: TheDoomDraogn|move: Tailwind
|upkeep
|turn|8
|
|t:|1757830202
|move|p1a: Gholdengo|Shadow Ball|p2a: Corviknight
|-damage|p2a: Corviknight|0 fnt
|faint|p2a: Corviknight
|-damage|p1a: Gholdengo|91/100|[from] item: Life Orb
|
|win|TheDoomDraogn
||sig.kire is ready for game 2.
||TheDoomDraogn is ready for game 2.
|uhtml|next|Next: Game 2 of 3
|l|☆sig.kire
|player|p2|
|l|☆TheDoomDraogn
|player|p1|
