|j|☆Coachfiivee
|j|☆tiaole123
|html|Coachfiiveetiaole123    
|uhtml|bestof|Game 1 of a best-of-3
|t:|1783956861
|gametype|doubles
|player|p1|Coachfiivee|#smogonxnpa2026draftee|
|player|p2|tiaole123|#smogonxnpa2026draftee2|
|gen|9
|tier|[Gen 9 Champions] VGC 2026 Reg M-B (Bo3)
|rule|Species Clause: Limit one of each Pokémon
|rule|Item Clause: Limit 1 of each item
|clearpoke
|poke|p1|Incineroar, L50, M|
|poke|p1|Blastoise, L50, M|
|poke|p1|Sinistcha, L50|
|poke|p1|Sneasler, L50, F|
|poke|p1|Delphox, L50, M|
|poke|p1|Kingambit, L50, M|
|poke|p2|Whimsicott, L50, F|
|poke|p2|Ceruledge, L50, M|
|poke|p2|Garchomp, L50, M|
|poke|p2|Gholdengo, L50|
|poke|p2|Kingambit, L50, M|
|poke|p2|Staraptor, L50, F|
|teampreview|4
|showteam|p1|Incineroar||SitrusBerry|Intimidate|FakeOut,PartingShot,HelpingHand,FlareBlitz|Impish||M|||50|]Blastoise||Blastoisinite|RainDish|Protect,ShellSmash,WaterSpout,DarkPulse|Modest||M|||50|]Sinistcha||OccaBerry|Hospitality|MatchaGotcha,RagePowder,TrickRoom,Protect|Bold|||||50|]Sneasler||FocusSash|PoisonTouch|FakeOut,DireClaw,CloseCombat,RockTomb|Jolly||F|||50|]Delphox||Delphoxite|Blaze|Protect,NastyPlot,HeatWave,Psychic|Modest||M|||50|]Kingambit||BlackGlasses|Defiant|Protect,SwordsDance,KowtowCleave,SuckerPunch|Adamant||M|||50|
|showteam|p2|Whimsicott||FocusSash|Prankster|Moonblast,Charm,Tailwind,Protect|Timid||F|||50|]Ceruledge||ColburBerry|FlashFire|BitterBlade,ShadowSneak,BulkUp,Protect|Adamant||M|||50|]Garchomp||LifeOrb|SandVeil|Earthquake,RockSlide,DragonClaw,Protect|Jolly||M|||50|]Gholdengo||SpellTag|GoodasGold|ShadowBall,MakeItRain,NastyPlot,Protect|Modest|||||50|]Kingambit||OccaBerry|Defiant|KowtowCleave,LowKick,SuckerPunch,IronHead|Adamant||M|||50|]Staraptor||Staraptite|Intimidate|CloseCombat,Roost,Protect,BraveBird|Jolly||F|||50|
|c|☆tiaole123|glhf
|j| SeaWolfMikes
|
|t:|1783956988
|teamsize|p1|4
|teamsize|p2|4
|start
|switch|p1a: Sneasler|Sneasler, L50, F|100/100
|switch|p1b: Blastoise|Blastoise, L50, M|100/100
|switch|p2a: Gholdengo|Gholdengo, L50|100/100
|switch|p2b: Kingambit|Kingambit, L50, M|100/100
|turn|1
|j| RK_pocoyo
|
|t:|1783957063
|switch|p2b: Whimsicott|Whimsicott, L50, F|100/100
|detailschange|p1b: Blastoise|Blastoise-Mega, L50, M
|-mega|p1b: Blastoise|Blastoise|Blastoisinite
|move|p1a: Sneasler|Rock Tomb|p2a: Gholdengo
|-resisted|p2a: Gholdengo|1
|-damage|p2a: Gholdengo|89/100
|-unboost|p2a: Gholdengo|spe|1
|move|p1b: Blastoise|Water Spout|p2a: Gholdengo|[spread] p2a,p2b
|-resisted|p2b: Whimsicott|1
|-damage|p2a: Gholdengo|21/100
|-damage|p2b: Whimsicott|49/100
|move|p2a: Gholdengo|Shadow Ball|p1b: Blastoise
|-damage|p1b: Blastoise|48/100
|
|upkeep
|turn|2
|
|t:|1783957117
|switch|p1b: Incineroar|Incineroar, L50, M|100/100
|-ability|p1b: Incineroar|Intimidate|boost
|-unboost|p2a: Gholdengo|atk|1
|-unboost|p2b: Whimsicott|atk|1
|move|p2b: Whimsicott|Protect|p2b: Whimsicott
|-singleturn|p2b: Whimsicott|Protect
|move|p1a: Sneasler|Dire Claw|p2b: Whimsicott
|-activate|p2b: Whimsicott|move: Protect
|move|p2a: Gholdengo|Make It Rain|p1b: Incineroar|[spread] p1a,p1b
|-resisted|p1b: Incineroar|1
|-damage|p1a: Sneasler|32/100
|-damage|p1b: Incineroar|74/100
|-unboost|p2a: Gholdengo|spa|2
|
|upkeep
|turn|3
|
|t:|1783957202
|switch|p1a: Sinistcha|Sinistcha, L50|100/100
|-heal|p1b: Incineroar|99/100|[from] ability: Hospitality|[of] p1a: Sinistcha
|switch|p2b: Staraptor|Staraptor, L50, F|100/100
|-ability|p2b: Staraptor|Intimidate|boost
|-unboost|p1a: Sinistcha|atk|1
|-unboost|p1b: Incineroar|atk|1
|move|p1b: Incineroar|Flare Blitz|p2b: Staraptor
|-damage|p2b: Staraptor|59/100
|-damage|p1b: Incineroar|86/100|[from] Recoil
|move|p2a: Gholdengo|Shadow Ball|p1a: Sinistcha
|-supereffective|p1a: Sinistcha|1
|-damage|p1a: Sinistcha|42/100
|
|upkeep
|turn|4
|j| niziulove
|
|t:|1783957351
|switch|p2a: Kingambit|Kingambit, L50, M|100/100
|detailschange|p2b: Staraptor|Staraptor-Mega, L50, F
|-mega|p2b: Staraptor|Staraptor|Staraptite
|move|p1a: Sinistcha|Rage Powder|p1a: Sinistcha
|-singleturn|p1a: Sinistcha|move: Rage Powder
|move|p2b: Staraptor|Roost|p2b: Staraptor
|-heal|p2b: Staraptor|100/100
|-singleturn|p2b: Staraptor|move: Roost
|move|p1b: Incineroar|Flare Blitz|p2b: Staraptor
|-damage|p2b: Staraptor|73/100
|-damage|p1b: Incineroar|77/100|[from] Recoil
|
|upkeep
|turn|5
|
|t:|1783957394
|switch|p1a: Sneasler|Sneasler, L50, F|32/100
|move|p2b: Staraptor|Close Combat|p1b: Incineroar
|-supereffective|p1b: Incineroar|1
|-damage|p1b: Incineroar|0 fnt
|-boost|p2b: Staraptor|def|1
|-boost|p2b: Staraptor|spd|1
|faint|p1b: Incineroar
|move|p2a: Kingambit|Kowtow Cleave|p1a: Sneasler
|-resisted|p1a: Sneasler|1
|-damage|p1a: Sneasler|0 fnt
|faint|p1a: Sneasler
|
|upkeep
|
|t:|1783957401
|switch|p1a: Sinistcha|Sinistcha, L50|42/100
|switch|p1b: Blastoise|Blastoise-Mega, L50, M|48/100
|-heal|p1b: Blastoise|73/100|[from] ability: Hospitality|[of] p1a: Sinistcha
|turn|6
|
|t:|1783957426
|move|p1a: Sinistcha|Rage Powder|p1a: Sinistcha
|-singleturn|p1a: Sinistcha|move: Rage Powder
|move|p2b: Staraptor|Brave Bird|p1a: Sinistcha
|-supereffective|p1a: Sinistcha|1
|-damage|p1a: Sinistcha|0 fnt
|faint|p1a: Sinistcha
|-damage|p2b: Staraptor|60/100|[from] Recoil
|move|p1b: Blastoise|Water Spout|p2a: Kingambit|[spread] p2a,p2b
|-damage|p2a: Kingambit|47/100
|-damage|p2b: Staraptor|30/100
|move|p2a: Kingambit|Kowtow Cleave|p1b: Blastoise
|-damage|p1b: Blastoise|28/100
|
|upkeep
|turn|7
|
|t:|1783957438
|move|p2a: Kingambit|Sucker Punch|p1b: Blastoise
|-damage|p1b: Blastoise|0 fnt
|faint|p1b: Blastoise
|
|win|tiaole123
||tiaole123 is ready for game 2.
||Coachfiivee is ready for game 2.
|uhtml|next|Next: Game 2 of 3
|l| SeaWolfMikes
