|j|☆toughlogvgc
|j|☆reuman
|html|toughlogvgcreuman    
|uhtml|bestof|Game 1 of a best-of-3
|t:|1785689725
|gametype|doubles
|player|p1|toughlogvgc|266|1227
|player|p2|reuman|lucas|1104
|gen|9
|tier|[Gen 9 Champions] VGC 2026 Reg M-B (Bo3)
|rated|
|rule|Species Clause: Limit one of each Pokémon
|rule|Item Clause: Limit 1 of each item
|clearpoke
|poke|p1|Charizard, L50, M|
|poke|p1|Garchomp, L50, M|
|poke|p1|Basculegion, L50, M|
|poke|p1|Whimsicott, L50, F|
|poke|p1|Kingambit, L50, F|
|poke|p1|Floette-Eternal, L50, F|
|poke|p2|Charizard, L50, M, shiny|
|poke|p2|Kangaskhan, L50, F|
|poke|p2|Garchomp, L50, M|
|poke|p2|Milotic, L50, F, shiny|
|poke|p2|Whimsicott, L50, F, shiny|
|poke|p2|Kingambit, L50, F|
|teampreview|4
|showteam|p1|Charizard||CharizarditeY|Blaze|HeatWave,SolarBeam,Protect,WeatherBall|Modest||M|||50|]Garchomp||LifeOrb|RoughSkin|DragonClaw,Earthquake,RockSlide,Protect|Jolly||M|||50|]Basculegion||ChoiceScarf|Adaptability|WaveCrash,AquaJet,FlipTurn,LastRespects|Adamant||M|||50|]Whimsicott||FocusSash|Prankster|Moonblast,Tailwind,Protect,Encore|Timid||F|||50|]Kingambit||BlackGlasses|Defiant|IronHead,KowtowCleave,Protect,SuckerPunch|Adamant||F|||50|]Floette-Eternal||Floettite|FlowerVeil|Moonblast,LightofRuin,DazzlingGleam,Protect|Modest||F|||50|
|showteam|p2|Charizard||CharizarditeY|Blaze|HeatWave,SolarBeam,Overheat,Protect|Timid||M|||50|]Kangaskhan||Kangaskhanite|Scrappy|DoubleEdge,SuckerPunch,FakeOut,Protect|Jolly||F|||50|]Garchomp||LifeOrb|RoughSkin|RockSlide,DragonClaw,StompingTantrum,Protect|Jolly||M|||50|]Milotic||Leftovers|Competitive|MuddyWater,IcyWind,Recover,Protect|Bold||F|||50|]Whimsicott||FocusSash|Prankster|Moonblast,Encore,Tailwind,Protect|Timid||F|||50|]Kingambit||SitrusBerry|Defiant|KowtowCleave,SuckerPunch,Protect,LowKick|Adamant||F|||50|
|inactive|Battle timer is ON: inactive players will automatically lose when time's up. (requested by reuman)
|inactive|toughlogvgc has 60 seconds left.
|
|t:|1785689778
|teamsize|p1|4
|teamsize|p2|4
|start
|switch|p1a: Whimsicott|Whimsicott, L50, F|100/100
|switch|p1b: Floette|Floette-Eternal, L50, F|100/100
|switch|p2a: Kangaskhan|Kangaskhan, L50, F|100/100
|switch|p2b: Garchomp|Garchomp, L50, M|100/100
|turn|1
|
|t:|1785689802
|detailschange|p2a: Kangaskhan|Kangaskhan-Mega, L50, F
|-mega|p2a: Kangaskhan|Kangaskhan|Kangaskhanite
|detailschange|p1b: Floette|Floette-Mega, L50, F
|-mega|p1b: Floette|Floette|Floettite
|-ability|p1b: Floette|Fairy Aura
|move|p2b: Garchomp|Protect|p2b: Garchomp
|-singleturn|p2b: Garchomp|Protect
|move|p1a: Whimsicott|Moonblast|p2a: Kangaskhan
|-damage|p2a: Kangaskhan|55/100
|move|p2a: Kangaskhan|Double-Edge|p1b: Floette
|-damage|p1b: Floette|37/100
|-damage|p1b: Floette|21/100
|-hitcount|p1b: Floette|2
|-damage|p2a: Kangaskhan|32/100|[from] Recoil
|move|p1b: Floette|Dazzling Gleam|p2a: Kangaskhan|[spread] p2a
|-activate|p2b: Garchomp|move: Protect
|-damage|p2a: Kangaskhan|0 fnt
|faint|p2a: Kangaskhan
|
|upkeep
|
|t:|1785689819
|switch|p2a: Charizard|Charizard, L50, M, shiny|100/100
|turn|2
|
|t:|1785689835
|switch|p2b: Milotic|Milotic, L50, F, shiny|100/100
|move|p1a: Whimsicott|Tailwind|p1a: Whimsicott
|-sidestart|p1: toughlogvgc|move: Tailwind
|move|p1b: Floette|Dazzling Gleam|p2b: Milotic|[spread] p2a,p2b
|-resisted|p2a: Charizard|1
|-damage|p2a: Charizard|68/100
|-damage|p2b: Milotic|68/100
|move|p2a: Charizard|Heat Wave|p1a: Whimsicott|[spread] p1a,p1b
|-supereffective|p1a: Whimsicott|1
|-enditem|p1a: Whimsicott|Focus Sash
|-damage|p1a: Whimsicott|1/100
|-damage|p1b: Floette|0 fnt
|faint|p1b: Floette
|
|-heal|p2b: Milotic|74/100|[from] item: Leftovers
|upkeep
|
|t:|1785689850
|switch|p1b: Basculegion|Basculegion, L50, M|100/100
|turn|3
|inactive|toughlogvgc has 30 seconds left.
|inactive|toughlogvgc has 20 seconds left.
|inactive|toughlogvgc has 15 seconds left.
|
|t:|1785689891
|move|p1a: Whimsicott|Protect|p1a: Whimsicott
|-singleturn|p1a: Whimsicott|Protect
|move|p2a: Charizard|Protect|p2a: Charizard
|-singleturn|p2a: Charizard|Protect
|move|p1b: Basculegion|Last Respects|p2b: Milotic
|-damage|p2b: Milotic|18/100
|move|p2b: Milotic|Icy Wind|p1b: Basculegion|[spread] p1b
|-activate|p1a: Whimsicott|move: Protect
|-resisted|p1b: Basculegion|1
|-damage|p1b: Basculegion|94/100
|-unboost|p1b: Basculegion|spe|1
|
|-heal|p2b: Milotic|24/100|[from] item: Leftovers
|upkeep
|turn|4
|
|t:|1785689914
|switch|p2a: Garchomp|Garchomp, L50, M|100/100
|move|p2b: Milotic|Protect|p2b: Milotic
|-singleturn|p2b: Milotic|Protect
|move|p1a: Whimsicott|Encore||[still]
|-fail|p1a: Whimsicott
|move|p1b: Basculegion|Last Respects|p2b: Milotic
|-activate|p2b: Milotic|move: Protect
|
|-heal|p2b: Milotic|30/100|[from] item: Leftovers
|upkeep
|turn|5
|inactive|toughlogvgc has 30 seconds left.
|inactive|toughlogvgc has 20 seconds left.
|
|t:|1785689954
|move|p1a: Whimsicott|Moonblast|p2a: Garchomp
|-supereffective|p2a: Garchomp|1
|-crit|p2a: Garchomp
|-damage|p2a: Garchomp|0 fnt
|faint|p2a: Garchomp
|move|p1b: Basculegion|Last Respects|p2b: Milotic
|-damage|p2b: Milotic|0 fnt
|faint|p2b: Milotic
|
|-sideend|p1: toughlogvgc|move: Tailwind
|upkeep
|
|t:|1785689958
|switch|p2b: Charizard|Charizard, L50, M, shiny|68/100
|turn|6
|
|t:|1785689969
|move|p1a: Whimsicott|Tailwind|p1a: Whimsicott
|-sidestart|p1: toughlogvgc|move: Tailwind
|move|p1b: Basculegion|Last Respects|p2b: Charizard
|-damage|p2b: Charizard|0 fnt
|faint|p2b: Charizard
|
|win|toughlogvgc
||reuman is ready for game 2.
||toughlogvgc is ready for game 2.
|uhtml|next|Next: Game 2 of 3
|l|☆reuman
|player|p2|
