|j|☆jonan_97
|j|☆Pytonia
|html|jonan_97Pytonia    
|uhtml|bestof|Game 1 of a best-of-3
|t:|1783438583
|gametype|doubles
|player|p1|jonan_97|102|1100
|player|p2|Pytonia|lucian|1064
|gen|9
|tier|[Gen 9 Champions] VGC 2026 Reg M-B (Bo3)
|rated|
|rule|Species Clause: Limit one of each Pokémon
|rule|Item Clause: Limit 1 of each item
|clearpoke
|poke|p1|Gengar, L50, F, shiny|
|poke|p1|Ninetales-Alola, L50, F|
|poke|p1|Incineroar, L50, F|
|poke|p1|Kingambit, L50, F|
|poke|p1|Basculegion, L50, M|
|poke|p1|Blaziken, L50, M|
|poke|p2|Raichu, L50, F|
|poke|p2|Volcarona, L50, F|
|poke|p2|Milotic, L50, M|
|poke|p2|Ninetales-Alola, L50, F|
|poke|p2|Metagross, L50|
|poke|p2|Araquanid, L50, M|
|teampreview|4
|showteam|p1|Gengar||Gengarite|CursedBody|Protect,PerishSong,ShadowBall,Disable|Timid||F|||50|]Ninetales-Alola||NeverMeltIce|SnowWarning|Protect,Blizzard,FreezeDry,Encore|Timid||F|||50|]Incineroar||PasshoBerry|Intimidate|Protect,FakeOut,FlareBlitz,PartingShot|Careful||F|||50|]Kingambit||ChopleBerry|Defiant|Protect,KowtowCleave,SuckerPunch,IronHead|Adamant||F|||50|]Basculegion||FocusSash|Adaptability|Protect,Liquidation,LastRespects,AquaJet|Adamant||M|||50|]Blaziken||Blazikenite|SpeedBoost|Protect,FlareBlitz,CloseCombat,RockSlide|Adamant||M|||50|
|showteam|p2|Raichu||RaichuniteY|LightningRod|ZapCannon,FocusBlast,GrassKnot,Protect|Timid||F|||50|]Volcarona||PasshoBerry|FlameBody|HeatWave,BugBuzz,RagePowder,Protect|Bold||F|||50|]Milotic||Leftovers|Competitive|MuddyWater,Coil,Blizzard,Protect|Bold||M|||50|]Ninetales-Alola||FocusSash|SnowWarning|FreezeDry,DazzlingGleam,AuroraVeil,Protect|Timid||F|||50|]Metagross||Metagrossite|ClearBody|IronHead,PsychicFangs,IcePunch,Protect|Jolly|||||50|]Araquanid||SitrusBerry|WaterBubble|WideGuard,Liquidation,LeechLife,Protect|Brave||M|||50|
|inactive|Battle timer is ON: inactive players will automatically lose when time's up. (requested by jonan_97)
|inactive|jonan_97 has 60 seconds left.
|inactive|Pytonia has 60 seconds left.
|inactive|Pytonia has 30 seconds left.
|
|t:|1783438648
|teamsize|p1|4
|teamsize|p2|4
|start
|switch|p1a: Blaziken|Blaziken, L50, M|100/100
|switch|p1b: Incineroar|Incineroar, L50, F|100/100
|switch|p2a: Milotic|Milotic, L50, M|100/100
|switch|p2b: Raichu|Raichu, L50, F|100/100
|-ability|p1b: Incineroar|Intimidate|boost
|-unboost|p2a: Milotic|atk|1
|-ability|p2a: Milotic|Competitive|boost
|-boost|p2a: Milotic|spa|2
|-unboost|p2b: Raichu|atk|1
|turn|1
|
|t:|1783438673
|switch|p2b: Volcarona|Volcarona, L50, F|100/100
|switch|p1b: Gengar|Gengar, L50, F, shiny|100/100
|detailschange|p1a: Blaziken|Blaziken-Mega, L50, M
|-mega|p1a: Blaziken|Blaziken|Blazikenite
|move|p1a: Blaziken|Protect|p1a: Blaziken
|-singleturn|p1a: Blaziken|Protect
|move|p2a: Milotic|Coil|p2a: Milotic
|-boost|p2a: Milotic|atk|1
|-boost|p2a: Milotic|def|1
|-boost|p2a: Milotic|accuracy|1
|
|-ability|p1a: Blaziken|Speed Boost|boost
|-boost|p1a: Blaziken|spe|1
|upkeep
|turn|2
|inactive|jonan_97 has 30 seconds left.
|
|t:|1783438698
|move|p2b: Volcarona|Protect|p2b: Volcarona
|-singleturn|p2b: Volcarona|Protect
|move|p1a: Blaziken|Rock Slide|p2b: Volcarona|[spread] p2a
|-activate|p2b: Volcarona|move: Protect
|-damage|p2a: Milotic|85/100
|move|p1b: Gengar|Perish Song|p1b: Gengar
|-start|p1a: Blaziken|perish3|[silent]
|-start|p1b: Gengar|perish3|[silent]
|-start|p2a: Milotic|perish3|[silent]
|-start|p2b: Volcarona|perish3|[silent]
|-fieldactivate|move: Perish Song
|cant|p2a: Milotic|flinch
|
|-heal|p2a: Milotic|91/100|[from] item: Leftovers
|-start|p1a: Blaziken|perish3
|-start|p1b: Gengar|perish3
|-start|p2b: Volcarona|perish3
|-start|p2a: Milotic|perish3
|-ability|p1a: Blaziken|Speed Boost|boost
|-boost|p1a: Blaziken|spe|1
|upkeep
|turn|3
|inactive|jonan_97 has 30 seconds left.
|inactive|jonan_97 has 20 seconds left.
|
|t:|1783438735
|move|p1a: Blaziken|Rock Slide|p2b: Volcarona|[spread] p2a,p2b
|-supereffective|p2b: Volcarona|2
|-damage|p2a: Milotic|76/100
|-damage|p2b: Volcarona|14/100
|move|p1b: Gengar|Shadow Ball|p2a: Milotic
|-damage|p2a: Milotic|50/100y
|-unboost|p2a: Milotic|spd|1
|-ability|p2a: Milotic|Competitive|boost
|-boost|p2a: Milotic|spa|2
|cant|p2b: Volcarona|flinch
|move|p2a: Milotic|Muddy Water|p1a: Blaziken|[spread] p1a,p1b
|-supereffective|p1a: Blaziken|1
|-damage|p1a: Blaziken|0 fnt
|-damage|p1b: Gengar|0 fnt
|-start|p2a: Milotic|Disable|Muddy Water|[from] ability: Cursed Body|[of] p1b: Gengar
|faint|p1a: Blaziken
|faint|p1b: Gengar
|
|-heal|p2a: Milotic|56/100|[from] item: Leftovers
|-start|p2b: Volcarona|perish2
|-start|p2a: Milotic|perish2
|upkeep
|
|t:|1783438754
|switch|p1b: Incineroar|Incineroar, L50, F|100/100
|switch|p1a: Kingambit|Kingambit, L50, F|100/100
|-ability|p1b: Incineroar|Intimidate|boost
|-unboost|p2a: Milotic|atk|1
|-ability|p2a: Milotic|Competitive|boost
|-boost|p2a: Milotic|spa|2
|-unboost|p2b: Volcarona|atk|1
|turn|4
|inactive|Pytonia has 30 seconds left.
|
|t:|1783438785
|switch|p2a: Araquanid|Araquanid, L50, M|100/100
|move|p1a: Kingambit|Protect|p1a: Kingambit
|-singleturn|p1a: Kingambit|Protect
|move|p1b: Incineroar|Fake Out|p2a: Araquanid
|-damage|p2a: Araquanid|88/100
|move|p2b: Volcarona|Heat Wave|p1a: Kingambit|[spread] p1b
|-activate|p1a: Kingambit|move: Protect
|-resisted|p1b: Incineroar|1
|-damage|p1b: Incineroar|89/100
|
|-start|p2b: Volcarona|perish1
|upkeep
|turn|5
|inactive|jonan_97 has 30 seconds left.
|inactive|jonan_97 has 20 seconds left.
|inactive|jonan_97 has 15 seconds left.
|
|t:|1783438827
|move|p2b: Volcarona|Heat Wave|p1b: Incineroar|[spread] p1a,p1b
|-supereffective|p1a: Kingambit|1
|-resisted|p1b: Incineroar|1
|-damage|p1a: Kingambit|33/100
|-damage|p1b: Incineroar|76/100
|move|p1b: Incineroar|Parting Shot|p2a: Araquanid
|-unboost|p2a: Araquanid|atk|1
|-unboost|p2a: Araquanid|spa|1
|move|p1a: Kingambit|Kowtow Cleave|p2b: Volcarona
|-damage|p2b: Volcarona|0 fnt
|faint|p2b: Volcarona
|move|p2a: Araquanid|Liquidation|p1b: Incineroar
|-supereffective|p1b: Incineroar|1
|-enditem|p1b: Incineroar|Passho Berry|[eat]
|-enditem|p1b: Incineroar|Passho Berry|[weaken]
|-damage|p1b: Incineroar|43/100
|
|upkeep
|
|t:|1783438832
|switch|p2b: Raichu|Raichu, L50, F|100/100
|turn|6
|
|t:|1783438857
|switch|p2b: Milotic|Milotic, L50, M|56/100
|move|p1b: Incineroar|Flare Blitz|p2b: Milotic
|-resisted|p2b: Milotic|1
|-damage|p2b: Milotic|35/100
|-damage|p1b: Incineroar|36/100|[from] Recoil
|move|p1a: Kingambit|Kowtow Cleave|p2b: Milotic
|-damage|p2b: Milotic|0 fnt
|faint|p2b: Milotic
|move|p2a: Araquanid|Liquidation|p1a: Kingambit
|-damage|p1a: Kingambit|2/100
|
|upkeep
|
|t:|1783438865
|switch|p2b: Raichu|Raichu, L50, F|100/100
|turn|7
|
|t:|1783438880
|detailschange|p2b: Raichu|Raichu-Mega-Y, L50, F
|-mega|p2b: Raichu|Raichu|Raichunite Y
|move|p2b: Raichu|Protect|p2b: Raichu
|-singleturn|p2b: Raichu|Protect
|move|p1a: Kingambit|Protect|p1a: Kingambit
|-singleturn|p1a: Kingambit|Protect
|move|p1b: Incineroar|Flare Blitz|p2b: Raichu
|-activate|p2b: Raichu|move: Protect
|move|p2a: Araquanid|Liquidation|p1b: Incineroar
|-supereffective|p1b: Incineroar|1
|-damage|p1b: Incineroar|0 fnt
|faint|p1b: Incineroar
|
|upkeep
|turn|8
|
|t:|1783438892
|move|p2b: Raichu|Zap Cannon|p1a: Kingambit
|-damage|p1a: Kingambit|0 fnt
|faint|p1a: Kingambit
|
|win|Pytonia
||Pytonia is ready for game 2.
|inactive|jonan_97 has 30 seconds to confirm battle start!
|inactive|jonan_97 has 20 seconds to confirm battle start!
|inactive|jonan_97 has 10 seconds to confirm battle start!
||jonan_97 is ready for game 2.
|uhtml|next|Next: Game 2 of 3
