|j|☆Someoneofficial
|j|‽furutori
|html|Someoneofficialfurutori    
|uhtml|bestof|Game 2 of a best-of-3
|t:|1785296524
|gametype|doubles
|player|p1|Someoneofficial|clown|
|player|p2|furutori|roxie|
|gen|9
|tier|[Gen 9 Champions] VGC 2026 Reg M-B (Bo3)
|rule|Species Clause: Limit one of each Pokémon
|rule|Item Clause: Limit 1 of each item
|clearpoke
|poke|p1|Raichu, L50, M, shiny|
|poke|p1|Venusaur, L50, M, shiny|
|poke|p1|Talonflame, L50, M, shiny|
|poke|p1|Kingambit, L50, M, shiny|
|poke|p1|Milotic, L50, F, shiny|
|poke|p1|Sylveon, L50, M, shiny|
|poke|p2|Froslass, L50, F|
|poke|p2|Gholdengo, L50|
|poke|p2|Kingambit, L50, F|
|poke|p2|Incineroar, L50, M|
|poke|p2|Basculegion, L50, M|
|poke|p2|Arcanine-Hisui, L50, M|
|teampreview|4
|showteam|p1|Raichu||RaichuniteY|LightningRod|FakeOut,Protect,FocusBlast,ZapCannon|Timid||M|||50|]Venusaur||Venusaurite|Chlorophyll|EarthPower,GigaDrain,SludgeBomb,Protect|Calm||M|||50|]Talonflame||SharpBeak|GaleWings|QuickGuard,DualWingbeat,Tailwind,FlareBlitz|Jolly||M|||50|]Kingambit||FocusSash|Defiant|SuckerPunch,KowtowCleave,LowKick,IronHead|Adamant||M|||50|]Milotic||Leftovers|Competitive|MuddyWater,Coil,Hypnosis,Protect|Calm||F|||50|]Sylveon||FairyFeather|Pixilate|HyperBeam,HyperVoice,Detect,QuickAttack|Modest||M|||50|
|showteam|p2|Froslass||Froslassite|CursedBody|Blizzard,ShadowBall,AuroraVeil,Protect|Timid||F|||50|]Gholdengo||LifeOrb|GoodasGold|MakeItRain,ShadowBall,NastyPlot,Protect|Timid|||||50|]Kingambit||BlackGlasses|Defiant|KowtowCleave,SwordsDance,SuckerPunch,Protect|Adamant||F|||50|]Incineroar||SitrusBerry|Intimidate|FlareBlitz,FakeOut,ThroatChop,PartingShot|Impish||M|||50|]Basculegion||MysticWater|Adaptability|WaveCrash,AquaJet,LastRespects,Protect|Adamant||M|||50|]Arcanine-Hisui||FocusSash|RockHead|FlareBlitz,HeadSmash,RockSlide,Protect|Jolly||M|||50|
|
|t:|1785296557
|teamsize|p1|4
|teamsize|p2|4
|start
|switch|p1a: Chonka chi|Raichu, L50, M, shiny|100/100
|switch|p1b: Kingambit|Kingambit, L50, M, shiny|100/100
|switch|p2a: Froslass|Froslass, L50, F|100/100
|switch|p2b: Kingambit|Kingambit, L50, F|100/100
|turn|1
|
|t:|1785296591
|switch|p2b: Gholdengo|Gholdengo, L50|100/100
|detailschange|p2a: Froslass|Froslass-Mega, L50, F
|-mega|p2a: Froslass|Froslass|Froslassite
|-weather|Snowscape|[from] ability: Snow Warning|[of] p2a: Froslass
|detailschange|p1a: Chonka chi|Raichu-Mega-Y, L50, M, shiny
|-mega|p1a: Chonka chi|Raichu|Raichunite Y
|move|p2a: Froslass|Aurora Veil|p2a: Froslass
|-sidestart|p2: furutori|move: Aurora Veil
|move|p1a: Chonka chi|Zap Cannon|p2a: Froslass
|-damage|p2a: Froslass|61/100
|-status|p2a: Froslass|par
|move|p1b: Kingambit|Low Kick|p2b: Gholdengo
|-immune|p2b: Gholdengo
|
|-weather|Snowscape|[upkeep]
|upkeep
|turn|2
|
|t:|1785296607
|move|p2b: Gholdengo|Protect|p2b: Gholdengo
|-singleturn|p2b: Gholdengo|Protect
|move|p1a: Chonka chi|Zap Cannon|p2b: Gholdengo
|-activate|p2b: Gholdengo|move: Protect
|move|p1b: Kingambit|Kowtow Cleave|p2b: Gholdengo
|-activate|p2b: Gholdengo|move: Protect
|move|p2a: Froslass|Blizzard|p1a: Chonka chi|[spread] p1a,p1b
|-resisted|p1b: Kingambit|1
|-damage|p1a: Chonka chi|48/100
|-damage|p1b: Kingambit|79/100
|
|-weather|Snowscape|[upkeep]
|upkeep
|turn|3
|
|t:|1785296644
|switch|p2b: Kingambit|Kingambit, L50, F|100/100
|move|p1a: Chonka chi|Zap Cannon|p2b: Kingambit
|-damage|p2b: Kingambit|61/100
|-status|p2b: Kingambit|par
|move|p1b: Kingambit|Kowtow Cleave|p2a: Froslass
|-supereffective|p2a: Froslass|1
|-damage|p2a: Froslass|11/100 par
|move|p2a: Froslass|Shadow Ball|p1a: Chonka chi
|-damage|p1a: Chonka chi|4/100
|
|-weather|Snowscape|[upkeep]
|upkeep
|turn|4
|
|t:|1785296666
|move|p1a: Chonka chi|Protect|p1a: Chonka chi
|-singleturn|p1a: Chonka chi|Protect
|move|p2b: Kingambit|Sucker Punch||[still]
|-fail|p2b: Kingambit
|move|p1b: Kingambit|Kowtow Cleave|p2a: Froslass
|-supereffective|p2a: Froslass|1
|-damage|p2a: Froslass|0 fnt
|faint|p2a: Froslass
|
|-weather|Snowscape|[upkeep]
|upkeep
|
|t:|1785296678
|switch|p2a: Basculegion|Basculegion, L50, M|100/100
|turn|5
|
|t:|1785296688
|switch|p1a: Milotic|Milotic, L50, F, shiny|100/100
|move|p2b: Kingambit|Sucker Punch||[still]
|-fail|p2b: Kingambit
|move|p2a: Basculegion|Wave Crash|p1b: Kingambit
|-damage|p1b: Kingambit|0 fnt
|faint|p1b: Kingambit
|-damage|p2a: Basculegion|76/100|[from] Recoil
|
|-weather|none
|-sideend|p2: furutori|move: Aurora Veil
|upkeep
|
|t:|1785296702
|switch|p1b: Harry potuh|Talonflame, L50, M, shiny|100/100
|turn|6
|
|t:|1785296734
|move|p1b: Harry potuh|Flare Blitz|p2b: Kingambit
|-supereffective|p2b: Kingambit|1
|-damage|p2b: Kingambit|0 fnt
|faint|p2b: Kingambit
|-damage|p1b: Harry potuh|73/100|[from] Recoil
|move|p2a: Basculegion|Wave Crash|p1b: Harry potuh
|-supereffective|p1b: Harry potuh|1
|-crit|p1b: Harry potuh
|-damage|p1b: Harry potuh|0 fnt
|faint|p1b: Harry potuh
|-damage|p2a: Basculegion|56/100|[from] Recoil
|move|p1a: Milotic|Coil|p1a: Milotic
|-boost|p1a: Milotic|atk|1
|-boost|p1a: Milotic|def|1
|-boost|p1a: Milotic|accuracy|1
|
|upkeep
|
|t:|1785296743
|switch|p1b: Chonka chi|Raichu-Mega-Y, L50, M, shiny|4/100
|switch|p2b: Gholdengo|Gholdengo, L50|100/100
|turn|7
|
|t:|1785296754
|move|p1b: Chonka chi|Protect|p1b: Chonka chi
|-singleturn|p1b: Chonka chi|Protect
|move|p2a: Basculegion|Aqua Jet|p1b: Chonka chi
|-activate|p1b: Chonka chi|move: Protect
|move|p2b: Gholdengo|Nasty Plot|p2b: Gholdengo
|-boost|p2b: Gholdengo|spa|2
|move|p1a: Milotic|Hypnosis|p2a: Basculegion|[miss]
|-miss|p1a: Milotic|p2a: Basculegion
|
|upkeep
|turn|8
|
|t:|1785296773
|move|p1b: Chonka chi|Protect|p1b: Chonka chi
|-singleturn|p1b: Chonka chi|Protect
|move|p2a: Basculegion|Aqua Jet|p1b: Chonka chi
|-activate|p1b: Chonka chi|move: Protect
|move|p2b: Gholdengo|Shadow Ball|p1a: Milotic
|-crit|p1a: Milotic
|-damage|p1a: Milotic|0 fnt
|faint|p1a: Milotic
|-damage|p2b: Gholdengo|90/100|[from] item: Life Orb
|
|upkeep
|turn|9
|-message|Someoneofficial forfeited.
|
|win|furutori
||furutori is ready for game 3.
||Someoneofficial is ready for game 3.
|uhtml|next|Next: Game 3 of 3
