|j|☆dambro222
|j|☆Ruka Megurine
|html|dambro222Ruka Megurine    
|uhtml|bestof|Game 1 of a best-of-3
|t:|1756400161
|gametype|doubles
|player|p1|dambro222|102|1170
|player|p2|Ruka Megurine|volkner|1288
|gen|9
|tier|[Gen 9] VGC 2025 Reg H (Bo3)
|rated|
|rule|Species Clause: Limit one of each Pokémon
|rule|Item Clause: Limit 1 of each item
|clearpoke
|poke|p1|Dragonite, L50, M|
|poke|p1|Volcarona, L50, F|
|poke|p1|Sneasler, L50, M|
|poke|p1|Rillaboom, L50, M|
|poke|p1|Electabuzz, L50, M|
|poke|p1|Kingambit, L50, M|
|poke|p2|Oricorio-Sensu, L50, M|
|poke|p2|Volcarona, L50, F|
|poke|p2|Archaludon, L50, M|
|poke|p2|Pelipper, L50, F|
|poke|p2|Rillaboom, L50, M|
|poke|p2|Smeargle, L50, F|
|teampreview|4
|showteam|p1|Dragonite||LoadedDice|Multiscale|ScaleShot,ExtremeSpeed,Haze,Protect|||M|||50|,,,,,Fairy]Volcarona||CovertCloak|FlameBody|HeatWave,TeraBlast,QuiverDance,Protect|||F|||50|,,,,,Fairy]Sneasler||FocusSash|Unburden|CloseCombat,DireClaw,RockSlide,Protect|||M|||50|,,,,,Stellar]Rillaboom||AssaultVest|GrassySurge|WoodHammer,GrassyGlide,HighHorsepower,FakeOut|||M|||50|,,,,,Water]Electabuzz||Eviolite|VitalSpirit|Electroweb,FollowMe,Taunt,Protect|||M|||50|,,,,,Ghost]Kingambit||BlackGlasses|Defiant|KowtowCleave,SuckerPunch,SwordsDance,Protect|||M|||50|,,,,,Dark
|showteam|p2|Oricorio-Sensu||SitrusBerry|Dancer|Protect,QuiverDance,RevelationDance,AirSlash|||M|||50|,,,,,Fighting]Volcarona||GrassySeed|FlameBody|Protect,QuiverDance,FieryDance,TeraBlast|||F|||50|,,,,,Fairy]Archaludon||AssaultVest|Stamina|ElectroShot,DracoMeteor,FlashCannon,BodyPress|||M|||50|,,,,,Water]Pelipper||CovertCloak|Drizzle|Protect,Tailwind,Hurricane,WeatherBall|||F|||50|,,,,,Flying]Rillaboom||LoadedDice|GrassySurge|GrassyGlide,BulletSeed,Taunt,FakeOut|||M|||50|,,,,,Grass]Smeargle||FocusSash|Moody|SpikyShield,Transform,FollowMe,Spore|||F|||50|,,,,,Grass
|inactive|Battle timer is ON: inactive players will automatically lose when time's up. (requested by dambro222)
|inactive|dambro222 has 60 seconds left.
|inactive|Ruka Megurine has 60 seconds left.
|
|t:|1756400204
|teamsize|p1|4
|teamsize|p2|4
|start
|switch|p1a: Electabuzz|Electabuzz, L50, M|100/100
|switch|p1b: Kingambit|Kingambit, L50, M, shiny|100/100
|switch|p2a: Rillaboom|Rillaboom, L50, M|100/100
|switch|p2b: Volcarona|Volcarona, L50, F|100/100
|-fieldstart|move: Grassy Terrain|[from] ability: Grassy Surge|[of] p2a: Rillaboom
|-enditem|p2b: Volcarona|Grassy Seed
|-boost|p2b: Volcarona|def|1|[from] item: Grassy Seed
|turn|1
|inactive|dambro222 has 30 seconds left.
|
|t:|1756400236
|-terastallize|p1b: Kingambit|Dark
|move|p2a: Rillaboom|Fake Out|p1a: Electabuzz
|-damage|p1a: Electabuzz|89/100
|move|p2b: Volcarona|Quiver Dance|p2b: Volcarona
|-boost|p2b: Volcarona|spa|1
|-boost|p2b: Volcarona|spd|1
|-boost|p2b: Volcarona|spe|1
|cant|p1a: Electabuzz|flinch
|move|p1b: Kingambit|Swords Dance|p1b: Kingambit
|-boost|p1b: Kingambit|atk|2
|
|-heal|p1a: Electabuzz|95/100|[from] Grassy Terrain
|upkeep
|turn|2
|
|t:|1756400253
|move|p2b: Volcarona|Protect|p2b: Volcarona
|-singleturn|p2b: Volcarona|Protect
|move|p1a: Electabuzz|Follow Me|p1a: Electabuzz
|-singleturn|p1a: Electabuzz|move: Follow Me
|move|p1b: Kingambit|Sucker Punch||[still]
|-fail|p1b: Kingambit
|move|p2a: Rillaboom|Taunt|p1a: Electabuzz
|-start|p1a: Electabuzz|move: Taunt
|
|-heal|p1a: Electabuzz|100/100|[from] Grassy Terrain
|upkeep
|turn|3
|
|t:|1756400278
|switch|p2a: Oricorio|Oricorio-Sensu, L50, M|100/100
|-terastallize|p2b: Volcarona|Fairy
|move|p1b: Kingambit|Protect|p1b: Kingambit
|-singleturn|p1b: Kingambit|Protect
|move|p2b: Volcarona|Tera Blast|p1b: Kingambit|[anim] Tera Blast Fairy
|-activate|p1b: Kingambit|move: Protect
|move|p1a: Electabuzz|Electroweb|p2b: Volcarona|[spread] p2a,p2b
|-supereffective|p2a: Oricorio
|-damage|p2a: Oricorio|57/100
|-damage|p2b: Volcarona|93/100
|-unboost|p2a: Oricorio|spe|1
|-unboost|p2b: Volcarona|spe|1
|
|-heal|p2b: Volcarona|99/100|[from] Grassy Terrain
|upkeep
|turn|4
|inactive|Ruka Megurine has 30 seconds left.
|
|t:|1756400310
|switch|p1b: Rillaboom|Rillaboom, L50, M|100/100
|move|p2b: Volcarona|Tera Blast|p1b: Rillaboom|[anim] Tera Blast Fairy
|-damage|p1b: Rillaboom|56/100
|move|p1a: Electabuzz|Electroweb|p2b: Volcarona|[spread] p2a,p2b
|-supereffective|p2a: Oricorio
|-crit|p2b: Volcarona
|-damage|p2a: Oricorio|12/100
|-damage|p2b: Volcarona|81/100
|-unboost|p2a: Oricorio|spe|1
|-unboost|p2b: Volcarona|spe|1
|-enditem|p2a: Oricorio|Sitrus Berry|[eat]
|-heal|p2a: Oricorio|37/100|[from] item: Sitrus Berry
|move|p2a: Oricorio|Quiver Dance|p2a: Oricorio
|-boost|p2a: Oricorio|spa|1
|-boost|p2a: Oricorio|spd|1
|-boost|p2a: Oricorio|spe|1
|
|-heal|p1b: Rillaboom|62/100|[from] Grassy Terrain
|-heal|p2b: Volcarona|87/100|[from] Grassy Terrain
|upkeep
|turn|5
|
|t:|1756400336
|move|p1a: Electabuzz|Electroweb|p2b: Volcarona|[spread] p2a,p2b
|-supereffective|p2a: Oricorio
|-damage|p2a: Oricorio|13/100
|-damage|p2b: Volcarona|80/100
|-unboost|p2a: Oricorio|spe|1
|-unboost|p2b: Volcarona|spe|1
|move|p1b: Rillaboom|Wood Hammer|p2b: Volcarona
|-damage|p2b: Volcarona|23/100
|-damage|p1b: Rillaboom|44/100|[from] Recoil
|move|p2b: Volcarona|Quiver Dance|p2b: Volcarona
|-boost|p2b: Volcarona|spa|1
|-boost|p2b: Volcarona|spd|1
|-boost|p2b: Volcarona|spe|1
|-activate|p2a: Oricorio|ability: Dancer
|move|p2a: Oricorio|Quiver Dance|p2a: Oricorio|[from] ability: Dancer
|-boost|p2a: Oricorio|spa|1
|-boost|p2a: Oricorio|spd|1
|-boost|p2a: Oricorio|spe|1
|move|p2a: Oricorio|Quiver Dance|p2a: Oricorio
|-boost|p2a: Oricorio|spa|1
|-boost|p2a: Oricorio|spd|1
|-boost|p2a: Oricorio|spe|1
|
|-heal|p1b: Rillaboom|50/100|[from] Grassy Terrain
|-heal|p2b: Volcarona|29/100|[from] Grassy Terrain
|-end|p1a: Electabuzz|move: Taunt
|-fieldend|move: Grassy Terrain
|upkeep
|turn|6
|inactive|dambro222 has 30 seconds left.
|inactive|Ruka Megurine has 30 seconds left.
|inactive|dambro222 has 20 seconds left.
|inactive|dambro222 has 15 seconds left.
|
|t:|1756400377
|move|p2a: Oricorio|Revelation Dance|p1b: Rillaboom
|-damage|p1b: Rillaboom|0 fnt
|faint|p1b: Rillaboom
|move|p1a: Electabuzz|Electroweb|p2b: Volcarona|[spread] p2a,p2b
|-supereffective|p2a: Oricorio
|-damage|p2a: Oricorio|0 fnt
|-damage|p2b: Volcarona|21/100
|-unboost|p2b: Volcarona|spe|1
|faint|p2a: Oricorio
|move|p2b: Volcarona|Fiery Dance|p1a: Electabuzz
|-damage|p1a: Electabuzz|44/100
|-boost|p2b: Volcarona|spa|1
|
|upkeep
|
|t:|1756400391
|switch|p2a: Rillaboom|Rillaboom, L50, M|100/100
|switch|p1b: Sneasler|Sneasler, L50, M|100/100
|-fieldstart|move: Grassy Terrain|[from] ability: Grassy Surge|[of] p2a: Rillaboom
|turn|7
|
|t:|1756400413
|move|p1b: Sneasler|Protect|p1b: Sneasler
|-singleturn|p1b: Sneasler|Protect
|move|p1a: Electabuzz|Protect|p1a: Electabuzz
|-singleturn|p1a: Electabuzz|Protect
|move|p2a: Rillaboom|Fake Out|p1b: Sneasler
|-activate|p1b: Sneasler|move: Protect
|move|p2b: Volcarona|Fiery Dance|p1a: Electabuzz
|-activate|p1a: Electabuzz|move: Protect
|
|-heal|p1a: Electabuzz|50/100|[from] Grassy Terrain
|-heal|p2b: Volcarona|28/100|[from] Grassy Terrain
|upkeep
|turn|8
|
|t:|1756400435
|move|p2b: Volcarona|Protect|p2b: Volcarona
|-singleturn|p2b: Volcarona|Protect
|move|p1a: Electabuzz|Follow Me|p1a: Electabuzz
|-singleturn|p1a: Electabuzz|move: Follow Me
|move|p1b: Sneasler|Dire Claw|p2b: Volcarona
|-activate|p2b: Volcarona|move: Protect
|move|p2a: Rillaboom|Bullet Seed|p1a: Electabuzz
|-damage|p1a: Electabuzz|36/100
|-damage|p1a: Electabuzz|21/100
|-damage|p1a: Electabuzz|5/100
|-damage|p1a: Electabuzz|0 fnt
|faint|p1a: Electabuzz
|-hitcount|p1: Electabuzz|4
|
|-heal|p2b: Volcarona|34/100|[from] Grassy Terrain
|upkeep
|
|t:|1756400441
|switch|p1a: Kingambit|Kingambit, L50, M, shiny, tera:Dark|100/100
|turn|9
|
|t:|1756400460
|move|p1b: Sneasler|Dire Claw|p2b: Volcarona
|-supereffective|p2b: Volcarona
|-crit|p2b: Volcarona
|-damage|p2b: Volcarona|0 fnt
|faint|p2b: Volcarona
|move|p2a: Rillaboom|Bullet Seed|p1a: Kingambit
|-damage|p1a: Kingambit|88/100
|-damage|p1a: Kingambit|75/100
|-damage|p1a: Kingambit|62/100
|-damage|p1a: Kingambit|49/100
|-hitcount|p1a: Kingambit|4
|move|p1a: Kingambit|Kowtow Cleave|p2a: Rillaboom
|-damage|p2a: Rillaboom|19/100
|
|-heal|p2a: Rillaboom|25/100|[from] Grassy Terrain
|-heal|p1a: Kingambit|55/100|[from] Grassy Terrain
|upkeep
|
|t:|1756400464
|switch|p2b: Smeargle|Smeargle, L50, F|100/100
|turn|10
|inactive|dambro222 has 30 seconds left.
|
|t:|1756400490
|move|p1b: Sneasler|Close Combat|p2a: Rillaboom
|-damage|p2a: Rillaboom|0 fnt
|-unboost|p1b: Sneasler|def|1
|-unboost|p1b: Sneasler|spd|1
|faint|p2a: Rillaboom
|move|p2b: Smeargle|Spore|p1b: Sneasler
|-status|p1b: Sneasler|slp|[from] move: Spore
|move|p1a: Kingambit|Kowtow Cleave|p2b: Smeargle
|-enditem|p2b: Smeargle|Focus Sash
|-damage|p2b: Smeargle|1/100
|
|-heal|p2b: Smeargle|7/100|[from] Grassy Terrain
|-heal|p1a: Kingambit|61/100|[from] Grassy Terrain
|-ability|p2b: Smeargle|Moody|boost
|-boost|p2b: Smeargle|spe|2
|-unboost|p2b: Smeargle|spa|1
|upkeep
|turn|11
|inactive|dambro222 has 30 seconds left.
|
|t:|1756400517
|move|p1a: Kingambit|Protect|p1a: Kingambit
|-singleturn|p1a: Kingambit|Protect
|move|p2b: Smeargle|Spore|p1a: Kingambit
|-activate|p1a: Kingambit|move: Protect
|cant|p1b: Sneasler|slp
|
|-heal|p2b: Smeargle|13/100|[from] Grassy Terrain
|-heal|p1a: Kingambit|67/100|[from] Grassy Terrain
|-fieldend|move: Grassy Terrain
|-ability|p2b: Smeargle|Moody|boost
|-boost|p2b: Smeargle|spa|2
|-unboost|p2b: Smeargle|def|1
|upkeep
|turn|12
|
|t:|1756400532
|move|p2b: Smeargle|Spore|p1a: Kingambit
|-status|p1a: Kingambit|slp|[from] move: Spore
|cant|p1b: Sneasler|slp
|cant|p1a: Kingambit|slp
|
|-ability|p2b: Smeargle|Moody|boost
|-boost|p2b: Smeargle|spe|2
|-unboost|p2b: Smeargle|def|1
|upkeep
|turn|13
|-message|Ruka Megurine forfeited.
|
|win|dambro222
||Ruka Megurine is ready for game 2.
||dambro222 is ready for game 2.
|uhtml|next|Next: Game 2 of 3
|l|☆Ruka Megurine
|player|p2|
