|j|☆KodeBeast0526
|j|☆THESEES
|html|KodeBeast0526THESEES    
|uhtml|bestof|Game 1 of a best-of-3
|t:|1784074468
|gametype|doubles
|player|p1|KodeBeast0526|hiker|1100
|player|p2|THESEES|nate|1112
|gen|9
|tier|[Gen 9 Champions] VGC 2026 Reg M-B (Bo3)
|rated|
|rule|Species Clause: Limit one of each Pokémon
|rule|Item Clause: Limit 1 of each item
|clearpoke
|poke|p1|Venusaur, L50, M|
|poke|p1|Charizard, L50, M|
|poke|p1|Grimmsnarl, L50, M|
|poke|p1|Archaludon, L50, F|
|poke|p1|Basculegion, L50, M|
|poke|p1|Pelipper, L50, F|
|poke|p2|Rotom-Wash, L50|
|poke|p2|Pelipper, L50, F|
|poke|p2|Swampert, L50, M|
|poke|p2|Grimmsnarl, L50, M|
|poke|p2|Corviknight, L50, M|
|poke|p2|Archaludon, L50, M|
|teampreview|4
|showteam|p1|Venusaur||FocusSash|Chlorophyll|SludgeBomb,EarthPower,SleepPowder,Protect|Modest||M|||50|]Charizard||CharizarditeY|Blaze|Protect,HeatWave,SolarBeam,WeatherBall|Modest||M|||50|]Grimmsnarl||LightClay|Prankster|SpiritBreak,LightScreen,Reflect,PartingShot|Sassy||M|||50|]Archaludon||Leftovers|Stamina|ElectroShot,DragonPulse,FlashCannon,Protect|Calm||F|||50|]Basculegion||ChoiceScarf|Adaptability|WaveCrash,LastRespects,AquaJet,FlipTurn|Jolly||M|||50|]Pelipper||SitrusBerry|Drizzle|Hurricane,WeatherBall,Tailwind,WideGuard|Modest||F|||50|
|showteam|p2|Rotom-Wash||SitrusBerry|Levitate|Discharge,Electroweb,WillOWisp,RainDance|Timid|||||50|]Pelipper||DampRock|Drizzle|WeatherBall,Hurricane,WideGuard,Tailwind|Modest||F|||50|]Swampert||Swampertite|Torrent|IcePunch,WaveCrash,Earthquake,Protect|Adamant||M|||50|]Grimmsnarl||LightClay|Prankster|Reflect,LightScreen,PartingShot,SpiritBreak|Careful||M|||50|]Corviknight||LumBerry|MirrorArmor|BraveBird,BodyPress,IronHead,IronDefense|Adamant||M|||50|]Archaludon||Leftovers|Stamina|ElectroShot,Protect,DragonPulse,FlashCannon|Modest||M|||50|
|inactive|Battle timer is ON: inactive players will automatically lose when time's up. (requested by THESEES)
|inactive|KodeBeast0526 has 60 seconds left.
|inactive|THESEES has 60 seconds left.
|inactive|THESEES has 30 seconds left.
|inactive|THESEES has 20 seconds left.
|inactive|THESEES has 15 seconds left.
|inactive|THESEES has 10 seconds left.
|inactive|THESEES has 5 seconds left.
|
|t:|1784074554
|teamsize|p1|4
|teamsize|p2|4
|start
|switch|p1a: Archaludon|Archaludon, L50, F|100/100
|switch|p1b: Basculegion|Basculegion, L50, M|100/100
|switch|p2a: Grimmsnarl|Grimmsnarl, L50, M|100/100
|switch|p2b: Swampert|Swampert, L50, M|100/100
|turn|1
|inactive|THESEES has 30 seconds left.
|inactive|THESEES has 20 seconds left.
|inactive|THESEES has 15 seconds left.
|inactive|THESEES has 10 seconds left.
|inactive|THESEES has 5 seconds left.
|
|t:|1784074605
|detailschange|p2b: Swampert|Swampert-Mega, L50, M
|-mega|p2b: Swampert|Swampert|Swampertite
|move|p2a: Grimmsnarl|Light Screen|p2a: Grimmsnarl
|-sidestart|p2: THESEES|move: Light Screen
|move|p1b: Basculegion|Wave Crash|p2b: Swampert
|-damage|p2b: Swampert|38/100
|-damage|p1b: Basculegion|80/100|[from] Recoil
|move|p1a: Archaludon|Flash Cannon|p2a: Grimmsnarl
|-supereffective|p2a: Grimmsnarl|1
|-damage|p2a: Grimmsnarl|67/100
|move|p2b: Swampert|Earthquake|p1b: Basculegion|[spread] p2a,p1a,p1b
|-supereffective|p1a: Archaludon|1
|-damage|p2a: Grimmsnarl|10/100
|-damage|p1a: Archaludon|31/100
|-damage|p1b: Basculegion|31/100
|-ability|p1a: Archaludon|Stamina|boost
|-boost|p1a: Archaludon|def|1
|
|-heal|p1a: Archaludon|38/100|[from] item: Leftovers
|upkeep
|turn|2
|inactive|KodeBeast0526 has 30 seconds left.
|
|t:|1784074632
|move|p2a: Grimmsnarl|Parting Shot|p1b: Basculegion
|-unboost|p1b: Basculegion|atk|1
|-unboost|p1b: Basculegion|spa|1
|
|t:|1784074636
|switch|p2a: Pelipper|Pelipper, L50, F|100/100|[from] Parting Shot
|-weather|RainDance|[from] ability: Drizzle|[of] p2a: Pelipper
|move|p2b: Swampert|Earthquake|p1a: Archaludon|[spread] p1a,p1b
|-immune|p2a: Pelipper
|-supereffective|p1a: Archaludon|1
|-damage|p1a: Archaludon|0 fnt
|-damage|p1b: Basculegion|0 fnt
|faint|p1a: Archaludon
|faint|p1b: Basculegion
|
|-weather|RainDance|[upkeep]
|upkeep
|
|t:|1784074645
|switch|p1b: Venusaur|Venusaur, L50, M|100/100
|switch|p1a: Charizard|Charizard, L50, M|100/100
|turn|3
|
|t:|1784074655
|switch|p2a: Grimmsnarl|Grimmsnarl, L50, M|10/100
|detailschange|p1a: Charizard|Charizard-Mega-Y, L50, M
|-mega|p1a: Charizard|Charizard|Charizardite Y
|-weather|SunnyDay|[from] ability: Drought|[of] p1a: Charizard
|move|p2b: Swampert|Protect|p2b: Swampert
|-singleturn|p2b: Swampert|Protect
|move|p1b: Venusaur|Sludge Bomb|p2a: Grimmsnarl
|-supereffective|p2a: Grimmsnarl|1
|-damage|p2a: Grimmsnarl|0 fnt
|faint|p2a: Grimmsnarl
|move|p1a: Charizard|Solar Beam||[still]
|-prepare|p1a: Charizard|Solar Beam
|-anim|p1a: Charizard|Solar Beam|p2b: Swampert
|-activate|p2b: Swampert|move: Protect
|
|-weather|SunnyDay|[upkeep]
|upkeep
|
|t:|1784074665
|switch|p2a: Pelipper|Pelipper, L50, F|100/100
|-weather|RainDance|[from] ability: Drizzle|[of] p2a: Pelipper
|turn|4
|
|t:|1784074679
|move|p1a: Charizard|Protect|p1a: Charizard
|-singleturn|p1a: Charizard|Protect
|move|p2b: Swampert|Wave Crash|p1a: Charizard
|-activate|p1a: Charizard|move: Protect
|move|p1b: Venusaur|Sleep Powder|p2b: Swampert
|-status|p2b: Swampert|slp|[from] move: Sleep Powder
|move|p2a: Pelipper|Hurricane|p1b: Venusaur
|-supereffective|p1b: Venusaur|1
|-enditem|p1b: Venusaur|Focus Sash
|-damage|p1b: Venusaur|1/100
|
|-weather|RainDance|[upkeep]
|upkeep
|turn|5
|
|t:|1784074697
|cant|p2b: Swampert|slp
|move|p1a: Charizard|Solar Beam||[still]
|-prepare|p1a: Charizard|Solar Beam
|move|p1b: Venusaur|Sleep Powder|p2a: Pelipper
|-status|p2a: Pelipper|slp|[from] move: Sleep Powder
|cant|p2a: Pelipper|slp
|
|-weather|RainDance|[upkeep]
|upkeep
|turn|6
|
|t:|1784074713
|-curestatus|p2b: Swampert|slp|[msg]
|move|p2b: Swampert|Earthquake|p1a: Charizard|[spread] p1b
|-immune|p2a: Pelipper
|-immune|p1a: Charizard
|-crit|p1b: Venusaur
|-damage|p1b: Venusaur|0 fnt
|faint|p1b: Venusaur
|move|p1a: Charizard|Solar Beam|p2b: Swampert|[from] lockedmove
|-supereffective|p2b: Swampert|2
|-damage|p2b: Swampert|0 fnt
|faint|p2b: Swampert
|cant|p2a: Pelipper|slp
|
|-weather|RainDance|[upkeep]
|upkeep
|
|t:|1784074719
|switch|p2b: Archaludon|Archaludon, L50, M|100/100
|turn|7
|
|t:|1784074726
|move|p1a: Charizard|Protect|p1a: Charizard
|-singleturn|p1a: Charizard|Protect
|move|p2b: Archaludon|Electro Shot||[still]
|-prepare|p2b: Archaludon|Electro Shot
|-boost|p2b: Archaludon|spa|1
|-anim|p2b: Archaludon|Electro Shot|p1a: Charizard
|-activate|p1a: Charizard|move: Protect
|-curestatus|p2a: Pelipper|slp|[msg]
|move|p2a: Pelipper|Weather Ball|p1a: Charizard
|-activate|p1a: Charizard|move: Protect
|
|-weather|RainDance|[upkeep]
|upkeep
|turn|8
|
|t:|1784074732
|move|p1a: Charizard|Protect|p1a: Charizard
|-singleturn|p1a: Charizard|Protect
|move|p2b: Archaludon|Electro Shot||[still]
|-prepare|p2b: Archaludon|Electro Shot
|-boost|p2b: Archaludon|spa|1
|-anim|p2b: Archaludon|Electro Shot|p1a: Charizard
|-activate|p1a: Charizard|move: Protect
|move|p2a: Pelipper|Weather Ball|p1a: Charizard
|-activate|p1a: Charizard|move: Protect
|
|-weather|RainDance|[upkeep]
|-sideend|p2: THESEES|move: Light Screen
|upkeep
|turn|9
|
|t:|1784074736
|move|p1a: Charizard|Heat Wave|p2b: Archaludon|[spread] p2a,p2b
|-resisted|p2a: Pelipper|1
|-damage|p2a: Pelipper|85/100
|-damage|p2b: Archaludon|73/100
|-ability|p2b: Archaludon|Stamina|boost
|-boost|p2b: Archaludon|def|1
|move|p2b: Archaludon|Electro Shot||[still]
|-prepare|p2b: Archaludon|Electro Shot
|-boost|p2b: Archaludon|spa|1
|-anim|p2b: Archaludon|Electro Shot|p1a: Charizard
|-supereffective|p1a: Charizard|1
|-damage|p1a: Charizard|0 fnt
|faint|p1a: Charizard
|
|win|THESEES
