|j|☆Junior Weltmeister
|j|☆Kalycgos
|html|Junior WeltmeisterKalycgos    
|uhtml|bestof|Game 2 of a best-of-3
|t:|1783881796
|gametype|doubles
|player|p1|Junior Weltmeister|265|1150
|player|p2|Kalycgos|102|1092
|gen|9
|tier|[Gen 9 Champions] VGC 2026 Reg M-B (Bo3)
|rated|
|rule|Species Clause: Limit one of each Pokémon
|rule|Item Clause: Limit 1 of each item
|clearpoke
|poke|p1|Floette-Eternal, L50, F|
|poke|p1|Sinistcha, L50|
|poke|p1|Incineroar, L50, F|
|poke|p1|Sneasler, L50, F|
|poke|p1|Kingambit, L50, F|
|poke|p1|Blastoise, L50, F|
|poke|p2|Garchomp, L50, F, shiny|
|poke|p2|Charizard, L50, M, shiny|
|poke|p2|Whimsicott, L50, M|
|poke|p2|Floette-Eternal, L50, F|
|poke|p2|Kingambit, L50, F|
|poke|p2|Basculegion, L50, M|
|teampreview|4
|showteam|p1|Floette-Eternal||Floettite|FlowerVeil|DazzlingGleam,DrainingKiss,CalmMind,Protect|Modest||F|||50|]Sinistcha||KasibBerry|Hospitality|MatchaGotcha,RagePowder,TrickRoom,Protect|Calm|||||50|]Incineroar||SitrusBerry|Intimidate|FlareBlitz,ThroatChop,FakeOut,PartingShot|Impish||F|||50|]Sneasler||FocusSash|PoisonTouch|CloseCombat,PoisonJab,FakeOut,Protect|Jolly||F|||50|]Kingambit||BlackGlasses|Defiant|KowtowCleave,SuckerPunch,SwordsDance,Protect|Adamant||F|||50|]Blastoise||Blastoisinite|RainDish|WaterSpout,DarkPulse,ShellSmash,Protect|Modest||F|||50|
|showteam|p2|Garchomp||LifeOrb|RoughSkin|DragonClaw,Earthquake,RockSlide,Protect|Jolly||F|||50|]Charizard||CharizarditeY|Blaze|HeatWave,SolarBeam,AncientPower,Protect|Modest||M|||50|]Whimsicott||FocusSash|Prankster|Moonblast,Tailwind,Encore,Protect|Timid||M|||50|]Floette-Eternal||Floettite|FlowerVeil|LightofRuin,Moonblast,DazzlingGleam,Protect|Timid||F|||50|]Kingambit||BlackGlasses|Defiant|KowtowCleave,SuckerPunch,LowKick,Protect|Adamant||F|||50|]Basculegion||MysticWater|Adaptability|LastRespects,WaveCrash,AquaJet,Protect|Adamant||M|||50|
|
|t:|1783881845
|teamsize|p1|4
|teamsize|p2|4
|start
|switch|p1a: Sneasler|Sneasler, L50, F|100/100
|switch|p1b: Blastoise|Blastoise, L50, F|100/100
|switch|p2a: Sage|Floette-Eternal, L50, F|100/100
|switch|p2b: Bard|Whimsicott, L50, M|100/100
|turn|1
|
|t:|1783881871
|move|p2a: Sage|Protect|p2a: Sage
|-singleturn|p2a: Sage|Protect
|move|p2b: Bard|Tailwind|p2b: Bard
|-sidestart|p2: Kalycgos|move: Tailwind
|move|p1a: Sneasler|Poison Jab|p2a: Sage
|-activate|p2a: Sage|move: Protect
|move|p1b: Blastoise|Shell Smash|p1b: Blastoise
|-unboost|p1b: Blastoise|def|1
|-unboost|p1b: Blastoise|spd|1
|-boost|p1b: Blastoise|atk|2
|-boost|p1b: Blastoise|spa|2
|-boost|p1b: Blastoise|spe|2
|
|upkeep
|turn|2
|
|t:|1783881899
|switch|p1a: Incineroar|Incineroar, L50, F|100/100
|-ability|p1a: Incineroar|Intimidate|boost
|-unboost|p2a: Sage|atk|1
|-block|p2b: Bard|ability: Flower Veil|[of] p2a: Sage
|detailschange|p2a: Sage|Floette-Mega, L50, F
|-mega|p2a: Sage|Floette|Floettite
|-ability|p2a: Sage|Fairy Aura
|move|p1b: Blastoise|Protect|p1b: Blastoise
|-singleturn|p1b: Blastoise|Protect
|move|p2b: Bard|Encore|p1b: Blastoise
|-activate|p1b: Blastoise|move: Protect
|move|p2a: Sage|Dazzling Gleam|p1a: Incineroar|[spread] p1a
|-activate|p1b: Blastoise|move: Protect
|-damage|p1a: Incineroar|56/100
|
|upkeep
|turn|3
|
|t:|1783881939
|detailschange|p1b: Blastoise|Blastoise-Mega, L50, F
|-mega|p1b: Blastoise|Blastoise|Blastoisinite
|move|p1a: Incineroar|Fake Out|p2b: Bard
|-damage|p2b: Bard|84/100
|cant|p2b: Bard|flinch
|move|p2a: Sage|Light of Ruin|p1b: Blastoise
|-damage|p1b: Blastoise|0 fnt
|faint|p1b: Blastoise
|-damage|p2a: Sage|48/100|[from] Recoil
|
|upkeep
|
|t:|1783881958
|switch|p1b: Sneasler|Sneasler, L50, F|100/100
|turn|4
|
|t:|1783881969
|move|p2a: Sage|Protect|p2a: Sage
|-singleturn|p2a: Sage|Protect
|move|p1b: Sneasler|Fake Out|p2a: Sage
|-activate|p2a: Sage|move: Protect
|move|p2b: Bard|Moonblast|p1a: Incineroar
|-damage|p1a: Incineroar|19/100
|-enditem|p1a: Incineroar|Sitrus Berry|[eat]
|-heal|p1a: Incineroar|44/100|[from] item: Sitrus Berry
|move|p1a: Incineroar|Flare Blitz|p2b: Bard
|-supereffective|p2b: Bard|1
|-damage|p2b: Bard|0 fnt
|faint|p2b: Bard
|-damage|p1a: Incineroar|25/100|[from] Recoil
|
|-sideend|p2: Kalycgos|move: Tailwind
|upkeep
|
|t:|1783881977
|switch|p2b: Samurai|Kingambit, L50, F|100/100
|turn|5
|
|t:|1783881995
|move|p2b: Samurai|Protect|p2b: Samurai
|-singleturn|p2b: Samurai|Protect
|move|p1b: Sneasler|Poison Jab|p2a: Sage
|-supereffective|p2a: Sage|1
|-damage|p2a: Sage|0 fnt
|faint|p2a: Sage
|move|p1a: Incineroar|Flare Blitz|p2b: Samurai
|-activate|p2b: Samurai|move: Protect
|
|upkeep
|
|t:|1783881999
|switch|p2a: Reaper|Basculegion, L50, M|100/100
|turn|6
|
|t:|1783882015
|move|p2b: Samurai|Protect|p2b: Samurai
|-singleturn|p2b: Samurai|Protect
|move|p2a: Reaper|Aqua Jet|p1a: Incineroar
|-supereffective|p1a: Incineroar|1
|-damage|p1a: Incineroar|0 fnt
|faint|p1a: Incineroar
|move|p1b: Sneasler|Close Combat|p2b: Samurai
|-activate|p2b: Samurai|move: Protect
|
|upkeep
|
|t:|1783882020
|switch|p1a: Sinistcha|Sinistcha, L50|100/100
|turn|7
|
|t:|1783882035
|move|p1a: Sinistcha|Protect|p1a: Sinistcha
|-singleturn|p1a: Sinistcha|Protect
|move|p2b: Samurai|Sucker Punch|p1b: Sneasler
|-resisted|p1b: Sneasler|1
|-damage|p1b: Sneasler|58/100
|move|p1b: Sneasler|Close Combat|p2b: Samurai
|-supereffective|p2b: Samurai|2
|-damage|p2b: Samurai|0 fnt
|-unboost|p1b: Sneasler|def|1
|-unboost|p1b: Sneasler|spd|1
|faint|p2b: Samurai
|move|p2a: Reaper|Last Respects|p1a: Sinistcha
|-activate|p1a: Sinistcha|move: Protect
|
|upkeep
|turn|8
|
|t:|1783882053
|move|p1b: Sneasler|Poison Jab|p2a: Reaper
|-resisted|p2a: Reaper|1
|-damage|p2a: Reaper|76/100
|move|p2a: Reaper|Last Respects|p1a: Sinistcha
|-supereffective|p1a: Sinistcha|1
|-enditem|p1a: Sinistcha|Kasib Berry|[eat]
|-enditem|p1a: Sinistcha|Kasib Berry|[weaken]
|-damage|p1a: Sinistcha|0 fnt
|faint|p1a: Sinistcha
|
|upkeep
|turn|9
|
|t:|1783882068
|move|p2a: Reaper|Aqua Jet|p1b: Sneasler
|-damage|p1b: Sneasler|0 fnt
|faint|p1b: Sneasler
|
|win|Kalycgos
||Junior Weltmeister is ready for game 3.
||Kalycgos is ready for game 3.
|uhtml|next|Next: Game 3 of 3
|l|☆Junior Weltmeister
|player|p1|
