|j|☆Sapitoch 4
|j|☆more-toxic
|html|Sapitoch 4more-toxic    
|uhtml|bestof|Game 1 of a best-of-3
|t:|1782233704
|gametype|doubles
|player|p1|Sapitoch 4|102|1170
|player|p2|more-toxic|2|1065
|gen|9
|tier|[Gen 9 Champions] VGC 2026 Reg M-B (Bo3)
|rated|
|rule|Species Clause: Limit one of each Pokémon
|rule|Item Clause: Limit 1 of each item
|clearpoke
|poke|p1|Gengar, L50, M|
|poke|p1|Incineroar, L50, F|
|poke|p1|Sinistcha, L50|
|poke|p1|Kingambit, L50, F|
|poke|p1|Garchomp, L50, F|
|poke|p1|Floette-Eternal, L50, F|
|poke|p2|Toxapex, L50, M|
|poke|p2|Orthworm, L50, F|
|poke|p2|Grimmsnarl, L50, M|
|poke|p2|Staraptor, L50, M|
|poke|p2|Scovillain, L50, M|
|poke|p2|Clawitzer, L50, F|
|teampreview|4
|showteam|p1|Gengar||Gengarite|CursedBody|ShadowBall,PerishSong,Disable,Protect|Timid||M|||50|]Incineroar||PasshoBerry|Intimidate|PartingShot,FakeOut,FlareBlitz,Protect|Brave||F|||50|]Sinistcha||KasibBerry|Hospitality|MatchaGotcha,Protect,RagePowder,TrickRoom|Sassy|||||50|]Kingambit||BlackGlasses|Defiant|KowtowCleave,SuckerPunch,SwordsDance,Protect|Brave||F|||50|]Garchomp||LifeOrb|RoughSkin|DragonClaw,Earthquake,RockSlide,Protect|Jolly||F|||50|]Floette-Eternal||Floettite|FlowerVeil|DazzlingGleam,Moonblast,LightofRuin,Protect|Timid||F|||50|
|showteam|p2|Toxapex||Leftovers|Regenerator|Infestation,Recover,Toxic,Haze|Bold||M|||50|]Orthworm||SitrusBerry|EarthEater|IronDefense,Wrap,Protect,BodyPress|Impish||F|||50|]Grimmsnarl||LightClay|Prankster|PartingShot,Reflect,LightScreen,ScaryFace|Sassy||M|||50|]Staraptor||Staraptite|Intimidate|BraveBird,Roost,Protect,CloseCombat|Adamant||M|||50|]Scovillain||Scovillainite|Moody|RagePowder,LeechSeed,FireSpin,Protect|Bold||M|||50|]Clawitzer||ExpertBelt|MegaLauncher|DarkPulse,DragonPulse,WaterPulse,Protect|Modest||F|||50|
|inactive|Battle timer is ON: inactive players will automatically lose when time's up. (requested by more-toxic)
|inactive|Sapitoch 4 has 60 seconds left.
|inactive|more-toxic has 60 seconds left.
|
|t:|1782233753
|teamsize|p1|4
|teamsize|p2|4
|start
|switch|p1a: Incineroar|Incineroar, L50, F|100/100
|switch|p1b: Gengar|Gengar, L50, M|100/100
|switch|p2a: Grimmsnarl|Grimmsnarl, L50, M|100/100
|switch|p2b: Staraptor|Staraptor, L50, M|100/100
|-ability|p2b: Staraptor|Intimidate|boost
|-unboost|p1a: Incineroar|atk|1
|-unboost|p1b: Gengar|atk|1
|-ability|p1a: Incineroar|Intimidate|boost
|-unboost|p2a: Grimmsnarl|atk|1
|-unboost|p2b: Staraptor|atk|1
|turn|1
|
|t:|1782233777
|detailschange|p1b: Gengar|Gengar-Mega, L50, M
|-mega|p1b: Gengar|Gengar|Gengarite
|move|p2b: Staraptor|Protect|p2b: Staraptor
|-singleturn|p2b: Staraptor|Protect
|move|p1a: Incineroar|Fake Out|p2b: Staraptor
|-activate|p2b: Staraptor|move: Protect
|move|p2a: Grimmsnarl|Reflect|p2a: Grimmsnarl
|-sidestart|p2: more-toxic|Reflect
|move|p1b: Gengar|Perish Song|p1b: Gengar
|-start|p1a: Incineroar|perish3|[silent]
|-start|p1b: Gengar|perish3|[silent]
|-start|p2a: Grimmsnarl|perish3|[silent]
|-start|p2b: Staraptor|perish3|[silent]
|-fieldactivate|move: Perish Song
|
|-start|p1b: Gengar|perish3
|-start|p2b: Staraptor|perish3
|-start|p1a: Incineroar|perish3
|-start|p2a: Grimmsnarl|perish3
|upkeep
|turn|2
|inactive|Sapitoch 4 has 30 seconds left.
|inactive|more-toxic has 30 seconds left.
|inactive|Sapitoch 4 has 20 seconds left.
|inactive|Sapitoch 4 has 15 seconds left.
|
|t:|1782233820
|detailschange|p2b: Staraptor|Staraptor-Mega, L50, M
|-mega|p2b: Staraptor|Staraptor|Staraptite
|move|p2a: Grimmsnarl|Scary Face|p2b: Staraptor
|-boost|p2b: Staraptor|spe|2
|move|p2b: Staraptor|Close Combat|p1a: Incineroar
|-supereffective|p1a: Incineroar|1
|-damage|p1a: Incineroar|19/100
|-boost|p2b: Staraptor|def|1
|-boost|p2b: Staraptor|spd|1
|move|p1b: Gengar|Shadow Ball|p2a: Grimmsnarl
|-resisted|p2a: Grimmsnarl|1
|-damage|p2a: Grimmsnarl|80/100
|move|p1a: Incineroar|Parting Shot|p2a: Grimmsnarl
|-unboost|p2a: Grimmsnarl|atk|1
|-unboost|p2a: Grimmsnarl|spa|1
|
|t:|1782233836
|switch|p1a: Garchomp|Garchomp, L50, F|100/100|[from] Parting Shot
|
|-start|p2b: Staraptor|perish2
|-start|p1b: Gengar|perish2
|-start|p2a: Grimmsnarl|perish2
|upkeep
|turn|3
|
|t:|1782233852
|move|p1b: Gengar|Protect|p1b: Gengar
|-singleturn|p1b: Gengar|Protect
|move|p2a: Grimmsnarl|Parting Shot|p2b: Staraptor
|-boost|p2b: Staraptor|atk|1
|-boost|p2b: Staraptor|spa|1
|
|t:|1782233864
|switch|p2a: Clawitzer|Clawitzer, L50, F|100/100|[from] Parting Shot
|move|p2b: Staraptor|Brave Bird|p1b: Gengar
|-activate|p1b: Gengar|move: Protect
|move|p1a: Garchomp|Rock Slide|p2a: Clawitzer|[spread] p2a,p2b
|-damage|p2a: Clawitzer|79/100
|-damage|p2b: Staraptor|86/100
|-damage|p1a: Garchomp|90/100|[from] item: Life Orb
|
|-start|p2b: Staraptor|perish1
|-start|p1b: Gengar|perish1
|upkeep
|turn|4
|
|t:|1782233887
|switch|p1b: Incineroar|Incineroar, L50, F|19/100
|-ability|p1b: Incineroar|Intimidate|boost
|-unboost|p2a: Clawitzer|atk|1
|-boost|p2b: Staraptor|atk|1
|move|p1a: Garchomp|Protect|p1a: Garchomp
|-singleturn|p1a: Garchomp|Protect
|move|p2b: Staraptor|Brave Bird|p1b: Incineroar
|-damage|p1b: Incineroar|0 fnt
|faint|p1b: Incineroar
|-damage|p2b: Staraptor|78/100|[from] Recoil
|move|p2a: Clawitzer|Dragon Pulse|p1a: Garchomp
|-activate|p1a: Garchomp|move: Protect
|
|-start|p2b: Staraptor|perish0
|faint|p2b: Staraptor
|upkeep
|
|t:|1782233911
|switch|p2b: Grimmsnarl|Grimmsnarl, L50, M|80/100
|switch|p1b: Sinistcha|Sinistcha, L50|100/100
|-heal|p1a: Garchomp|100/100|[from] ability: Hospitality|[of] p1b: Sinistcha
|turn|5
|
|t:|1782233930
|move|p2b: Grimmsnarl|Light Screen|p2b: Grimmsnarl
|-sidestart|p2: more-toxic|move: Light Screen
|move|p1a: Garchomp|Dragon Claw|p2a: Clawitzer
|-damage|p2a: Clawitzer|38/100
|-damage|p1a: Garchomp|90/100|[from] item: Life Orb
|move|p1b: Sinistcha|Matcha Gotcha|p2a: Clawitzer|[spread] p2a,p2b
|-supereffective|p2a: Clawitzer|1
|-damage|p2a: Clawitzer|0 fnt
|-damage|p2b: Grimmsnarl|62/100
|faint|p2a: Clawitzer
|
|upkeep
|
|t:|1782233942
|switch|p2a: Toxapex|Toxapex, L50, M|100/100
|turn|6
|
|t:|1782233965
|switch|p1a: Gengar|Gengar-Mega, L50, M|100/100
|move|p1b: Sinistcha|Rage Powder|p1b: Sinistcha
|-singleturn|p1b: Sinistcha|move: Rage Powder
|move|p2b: Grimmsnarl|Parting Shot|p1b: Sinistcha
|-unboost|p1b: Sinistcha|atk|1
|-unboost|p1b: Sinistcha|spa|1
|move|p2a: Toxapex|Infestation|p1b: Sinistcha
|-damage|p1b: Sinistcha|96/100
|-activate|p1b: Sinistcha|move: Infestation|[of] p2a: Toxapex
|
|-damage|p1b: Sinistcha|84/100|[from] move: Infestation|[partiallytrapped]
|upkeep
|turn|7
|-message|more-toxic forfeited.
|
|win|Sapitoch 4
|l|☆more-toxic
|player|p2|
