|j|Ōśåchingling is life
|j|ŌśåIts andreas tbh
|html|chingling is lifeIts andreas tbh    
|uhtml|bestof|Game 1 of a best-of-3
|t:|1784920581
|gametype|doubles
|player|p1|chingling is life|1|
|player|p2|Its andreas tbh|2|
|gen|9
|tier|[Gen 9 Champions] VGC 2026 Reg M-B (Bo3)
|rule|Species Clause: Limit one of each Pok├®mon
|rule|Item Clause: Limit 1 of each item
|clearpoke
|poke|p1|Trevenant, L50, F|
|poke|p1|Basculegion-F, L50, F|
|poke|p1|Pelipper, L50, M|
|poke|p1|Sneasler, L50, F|
|poke|p1|Vivillon-Pokeball, L50, F|
|poke|p1|Metagross, L50|
|poke|p2|Klefki, L50, F|
|poke|p2|Abomasnow, L50, M|
|poke|p2|Sinistcha, L50|
|poke|p2|Oranguru, L50, M|
|poke|p2|Camerupt, L50, M|
|poke|p2|Clawitzer, L50, F|
|teampreview|4
|showteam|p1|Trevenant||YacheBerry|Harvest|DestinyBond,Imprison,TrickRoom,Poltergeist|Serious||F|||50|]Basculegion-F||MysticWater|Adaptability|ShadowBall,HydroPump,Protect,WaveCrash|Quiet||F|||50|]Pelipper||LifeOrb|Drizzle|WideGuard,Hurricane,Protect,WeatherBall|Modest||M|||50|]Sneasler||PayapaBerry|PoisonTouch|FakeOut,Protect,CloseCombat,Taunt|Adamant||F|||50|]Vivillon-Pokeball||FocusSash|CompoundEyes|RagePowder,Hurricane,SleepPowder,Uturn|Quiet||F|||50|]Metagross||Metagrossite|ClearBody|HardPress,Protect,PsychicFangs,MagnetRise|Adamant|||||50|
|showteam|p2|Klefki||LightClay|Prankster|LightScreen,Reflect,SunnyDay,DazzlingGleam|Calm||F|||50|]Abomasnow||Abomasite|SnowWarning|Blizzard,GigaDrain,AuroraVeil,Protect|Quiet||M|||50|]Sinistcha||MentalHerb|Hospitality|MatchaGotcha,LifeDew,RagePowder,TrickRoom|Sassy|||||50|]Oranguru||SitrusBerry|InnerFocus|TrickRoom,Instruct,Protect,Taunt|Calm||M|||50|]Camerupt||Cameruptite|MagmaArmor|EarthPower,HeatWave,AncientPower,Protect|Quiet||M|||50|]Clawitzer||LifeOrb|MegaLauncher|MuddyWater,DarkPulse,Protect,DragonPulse|Quiet||F|||50|
|c|Ōśåchingling is life|no aggron
|c|Ōśåchingling is life|hah
|c|Ōśåchingling is life|I knew it
|c|Ōśåchingling is life|I mean I still lose
|c|Ōśåchingling is life|but at least I knew
|c|ŌśåIts andreas tbh|Nah u got this
|inactive|Battle timer is ON: inactive players will automatically lose when time's up. (requested by Its andreas tbh)
|inactive|chingling is life has 60 seconds left.
|
|t:|1784920641
|teamsize|p1|4
|teamsize|p2|4
|start
|switch|p1a: Trevenant|Trevenant, L50, F|100/100
|switch|p1b: Sneasler|Sneasler, L50, F|100/100
|switch|p2a: Klefki|Klefki, L50, F|100/100
|switch|p2b: Sinistcha|Sinistcha, L50|100/100
|turn|1
|inactive|Its andreas tbh has 30 seconds left.
|inactive|chingling is life has 30 seconds left.
|inactive|Its andreas tbh has 20 seconds left.
|
|t:|1784920685
|switch|p2a: Camerupt|Camerupt, L50, M|100/100
|move|p1b: Sneasler|Taunt|p2a: Camerupt
|-start|p2a: Camerupt|move: Taunt
|move|p2b: Sinistcha|Life Dew||[still]|[still]|[spread] 
|-fail|p2a: Camerupt|heal
|-fail|p2b: Sinistcha|heal
|move|p1a: Trevenant|Imprison|p1a: Trevenant
|-start|p1a: Trevenant|move: Imprison
|
|upkeep
|turn|2
|
|t:|1784920701
|switch|p1b: Pelipper|Pelipper, L50, M|100/100
|-weather|RainDance|[from] ability: Drizzle|[of] p1b: Pelipper
|detailschange|p2a: Camerupt|Camerupt-Mega, L50, M
|-mega|p2a: Camerupt|Camerupt|Cameruptite
|move|p2b: Sinistcha|Rage Powder|p2b: Sinistcha
|-singleturn|p2b: Sinistcha|move: Rage Powder
|move|p1a: Trevenant|Poltergeist|p2a: Camerupt
|-activate|p2a: Camerupt|move: Poltergeist|Cameruptite
|-damage|p2a: Camerupt|57/100
|move|p2a: Camerupt|Heat Wave|p1b: Pelipper|[spread] p1a
|-miss|p2a: Camerupt|p1b: Pelipper
|-supereffective|p1a: Trevenant|1
|-damage|p1a: Trevenant|53/100
|
|-weather|RainDance|[upkeep]
|upkeep
|turn|3
|
|t:|1784920723
|move|p2b: Sinistcha|Rage Powder|p2b: Sinistcha
|-singleturn|p2b: Sinistcha|move: Rage Powder
|move|p1b: Pelipper|Hurricane|p2b: Sinistcha
|-supereffective|p2b: Sinistcha|1
|-damage|p2b: Sinistcha|7/100
|-start|p2b: Sinistcha|confusion
|-damage|p1b: Pelipper|90/100|[from] item: Life Orb
|move|p1a: Trevenant|Poltergeist|p2a: Camerupt
|-activate|p2a: Camerupt|move: Poltergeist|Cameruptite
|-damage|p2a: Camerupt|15/100
|move|p2a: Camerupt|Ancient Power|p1b: Pelipper
|-supereffective|p1b: Pelipper|1
|-damage|p1b: Pelipper|20/100y
|
|-weather|RainDance|[upkeep]
|-end|p2a: Camerupt|move: Taunt
|upkeep
|turn|4
|
|t:|1784920745
|switch|p2b: Klefki|Klefki, L50, F|100/100
|move|p2a: Camerupt|Protect|p2a: Camerupt
|-singleturn|p2a: Camerupt|Protect
|move|p1b: Pelipper|Weather Ball|p2b: Klefki
|-damage|p2b: Klefki|32/100
|-damage|p1b: Pelipper|11/100|[from] item: Life Orb
|move|p1a: Trevenant|Poltergeist|p2a: Camerupt
|-activate|p2a: Camerupt|move: Protect
|
|-weather|RainDance|[upkeep]
|upkeep
|turn|5
|
|t:|1784920759
|switch|p2a: Abomasnow|Abomasnow, L50, M|100/100
|-weather|Snowscape|[from] ability: Snow Warning|[of] p2a: Abomasnow
|move|p2b: Klefki|Light Screen|p2b: Klefki
|-sidestart|p2: Its andreas tbh|move: Light Screen
|move|p1b: Pelipper|Weather Ball|p2b: Klefki
|-resisted|p2b: Klefki|1
|-damage|p2b: Klefki|22/100
|-damage|p1b: Pelipper|1/100|[from] item: Life Orb
|move|p1a: Trevenant|Poltergeist|p2a: Abomasnow
|-activate|p2a: Abomasnow|move: Poltergeist|Abomasite
|-damage|p2a: Abomasnow|65/100
|
|-weather|Snowscape|[upkeep]
|upkeep
|turn|6
|c|Ōśåchingling is life|knew I should a imprisoned protect
|inactive|chingling is life has 30 seconds left.
|
|t:|1784920784
|move|p1b: Pelipper|Protect|p1b: Pelipper
|-singleturn|p1b: Pelipper|Protect
|move|p2a: Abomasnow|Protect|p2a: Abomasnow
|-singleturn|p2a: Abomasnow|Protect
|move|p2b: Klefki|Reflect|p2b: Klefki
|-sidestart|p2: Its andreas tbh|Reflect
|move|p1a: Trevenant|Destiny Bond|p1a: Trevenant
|-singlemove|p1a: Trevenant|Destiny Bond
|
|-weather|Snowscape|[upkeep]
|upkeep
|turn|7
|
|t:|1784920814
|switch|p2b: Sinistcha|Sinistcha, L50|7/100
|-heal|p2a: Abomasnow|90/100|[from] ability: Hospitality|[of] p2b: Sinistcha
|switch|p1b: Metagross|Metagross, L50|100/100
|move|p2a: Abomasnow|Blizzard|p1a: Trevenant|[spread] p1a,p1b
|-supereffective|p1a: Trevenant|1
|-enditem|p1a: Trevenant|Yache Berry|[eat]
|-enditem|p1a: Trevenant|Yache Berry|[weaken]
|-resisted|p1b: Metagross|1
|-damage|p1a: Trevenant|23/100
|-damage|p1b: Metagross|82/100
|move|p1a: Trevenant|Trick Room|p1a: Trevenant
|-fieldstart|move: Trick Room|[of] p1a: Trevenant
|
|-weather|Snowscape|[upkeep]
|upkeep
|turn|8
|c|Ōśåchingling is life|oh shit
|c|Ōśåchingling is life|I forgot I'm yache
|c|Ōśåchingling is life|FUCKKKKK
|inactive|chingling is life has 30 seconds left.
|inactive|Its andreas tbh has 30 seconds left.
|inactive|chingling is life has 20 seconds left.
|inactive|chingling is life has 15 seconds left.
|inactive|chingling is life has 10 seconds left.
|
|t:|1784920861
|switch|p2a: Camerupt|Camerupt-Mega, L50, M|15/100
|switch|p1a: Pelipper|Pelipper, L50, M|1/100
|-weather|RainDance|[from] ability: Drizzle|[of] p1a: Pelipper
|move|p1b: Metagross|Protect|p1b: Metagross
|-singleturn|p1b: Metagross|Protect
|move|p2b: Sinistcha|Life Dew|p2b: Sinistcha|[spread] p2a,p2b
|-heal|p2a: Camerupt|40/100
|-heal|p2b: Sinistcha|33/100
|
|-weather|RainDance|[upkeep]
|upkeep
|turn|9
|
|t:|1784920881
|switch|p1b: Trevenant|Trevenant, L50, F|23/100
|move|p2a: Camerupt|Protect|p2a: Camerupt
|-singleturn|p2a: Camerupt|Protect
|move|p2b: Sinistcha|Life Dew|p2b: Sinistcha|[spread] p2a,p2b
|-heal|p2a: Camerupt|64/100
|-heal|p2b: Sinistcha|58/100
|move|p1a: Pelipper|Weather Ball|p2a: Camerupt
|-activate|p2a: Camerupt|move: Protect
|
|-weather|RainDance|[upkeep]
|upkeep
|turn|10
|
|t:|1784920897
|switch|p2b: Klefki|Klefki, L50, F|22/100
|move|p1a: Pelipper|Wide Guard|p1a: Pelipper
|-singleturn|p1a: Pelipper|Wide Guard
|move|p2a: Camerupt|Heat Wave|p1a: Pelipper|[spread] 
|-activate|p1a: Pelipper|move: Wide Guard
|-activate|p1b: Trevenant|move: Wide Guard
|move|p1b: Trevenant|Destiny Bond|p1b: Trevenant
|-singlemove|p1b: Trevenant|Destiny Bond
|
|-weather|RainDance|[upkeep]
|-item|p1b: Trevenant|Yache Berry|[from] ability: Harvest
|upkeep
|turn|11
|
|t:|1784920916
|switch|p1a: Sneasler|Sneasler, L50, F|100/100
|move|p2b: Klefki|Sunny Day|p2b: Klefki
|-weather|SunnyDay
|move|p2a: Camerupt|Ancient Power|p1a: Sneasler
|-resisted|p1a: Sneasler|1
|-damage|p1a: Sneasler|81/100
|move|p1b: Trevenant|Poltergeist|p2a: Camerupt
|-activate|p2a: Camerupt|move: Poltergeist|Cameruptite
|-damage|p2a: Camerupt|37/100
|
|-weather|SunnyDay|[upkeep]
|-fieldend|move: Trick Room
|upkeep
|turn|12
|inactive|chingling is life has 30 seconds left.
|inactive|chingling is life has 20 seconds left.
|inactive|chingling is life has 15 seconds left.
|inactive|chingling is life has 10 seconds left.
|inactive|chingling is life has 5 seconds left.
|
|t:|1784920970
|switch|p1b: Pelipper|Pelipper, L50, M|1/100
|-weather|RainDance|[from] ability: Drizzle|[of] p1b: Pelipper
|switch|p2a: Sinistcha|Sinistcha, L50|58/100
|-heal|p2b: Klefki|47/100|[from] ability: Hospitality|[of] p2a: Sinistcha
|move|p1a: Sneasler|Protect|p1a: Sneasler
|-singleturn|p1a: Sneasler|Protect
|move|p2b: Klefki|Dazzling Gleam|p1b: Pelipper|[spread] p1b
|-activate|p1a: Sneasler|move: Protect
|-damage|p1b: Pelipper|0 fnt
|faint|p1b: Pelipper
|
|-weather|RainDance|[upkeep]
|-sideend|p2: Its andreas tbh|move: Light Screen
|upkeep
|
|t:|1784920984
|switch|p1b: Metagross|Metagross, L50|82/100
|turn|13
|
|t:|1784921000
|detailschange|p1b: Metagross|Metagross-Mega, L50
|-mega|p1b: Metagross|Metagross|Metagrossite
|move|p2b: Klefki|Sunny Day|p2b: Klefki
|-weather|SunnyDay
|move|p1a: Sneasler|Close Combat|p2b: Klefki
|-damage|p2b: Klefki|0 fnt
|-unboost|p1a: Sneasler|def|1
|-unboost|p1a: Sneasler|spd|1
|faint|p2b: Klefki
|move|p1b: Metagross|Psychic Fangs|p2a: Sinistcha
|-sideend|p2: Its andreas tbh|Reflect
|-damage|p2a: Sinistcha|0 fnt
|faint|p2a: Sinistcha
|
|-weather|SunnyDay|[upkeep]
|upkeep
|
|t:|1784921011
|switch|p2b: Abomasnow|Abomasnow, L50, M|90/100
|switch|p2a: Camerupt|Camerupt-Mega, L50, M|37/100
|-weather|Snowscape|[from] ability: Snow Warning|[of] p2b: Abomasnow
|turn|14
|
|t:|1784921028
|move|p2a: Camerupt|Protect|p2a: Camerupt
|-singleturn|p2a: Camerupt|Protect
|move|p1a: Sneasler|Close Combat|p2b: Abomasnow
|-supereffective|p2b: Abomasnow|1
|-damage|p2b: Abomasnow|0 fnt
|-unboost|p1a: Sneasler|def|1
|-unboost|p1a: Sneasler|spd|1
|faint|p2b: Abomasnow
|move|p1b: Metagross|Psychic Fangs|p2a: Camerupt
|-activate|p2a: Camerupt|move: Protect
|
|-weather|Snowscape|[upkeep]
|upkeep
|turn|15
|-message|Its andreas tbh forfeited.
|
|win|chingling is life
|l|ŌśåIts andreas tbh
|player|p2|
||chingling is life is ready for game 2.
||Its andreas tbh is ready for game 2.
|uhtml|next|Next: Game 2 of 3
