|j|‽43rfr32
|j|☆pokemorp
|html|43rfr32pokemorp    
|uhtml|bestof|Game 3 of a best-of-3
|t:|1785159315
|gametype|doubles
|player|p1|43rfr32|102|1040
|player|p2|pokemorp|red|1046
|gen|9
|tier|[Gen 9 Champions] VGC 2026 Reg M-B (Bo3)
|rated|
|rule|Species Clause: Limit one of each Pokémon
|rule|Item Clause: Limit 1 of each item
|clearpoke
|poke|p1|Torkoal, L50, M|
|poke|p1|Farigiraf, L50, F|
|poke|p1|Floette-Eternal, L50, F|
|poke|p1|Sneasler, L50, F|
|poke|p1|Whimsicott, L50, M|
|poke|p1|Charizard, L50, F|
|poke|p2|Floette-Eternal, L50, F|
|poke|p2|Whimsicott, L50, M|
|poke|p2|Basculegion, L50, M|
|poke|p2|Charizard, L50, F|
|poke|p2|Kingambit, L50, M|
|poke|p2|Garchomp, L50, F|
|teampreview|4
|showteam|p1|Torkoal||Charcoal|Drought|Eruption,Protect,HelpingHand,EarthPower|Bold||M|||50|]Farigiraf||SitrusBerry|ArmorTail|Protect,Psychic,HelpingHand,TrickRoom|Serious||F|||50|]Floette-Eternal||Floettite|FlowerVeil|DazzlingGleam,CalmMind,DrainingKiss,Protect|Modest||F|||50|]Sneasler||WhiteHerb|Unburden|CloseCombat,DireClaw,Protect,FakeOut|Jolly||F|||50|]Whimsicott||FocusSash|Prankster|Tailwind,Moonblast,Encore,Protect|Timid||M|||50|]Charizard||CharizarditeY|SolarPower|Protect,HeatWave,WeatherBall,AirSlash|Timid||F|||50|
|showteam|p2|Floette-Eternal||Floettite|FlowerVeil|DazzlingGleam,Moonblast,LightofRuin,Protect|Timid||F|||50|]Whimsicott||FocusSash|Prankster|Moonblast,Encore,Tailwind,Protect|Timid||M|||50|]Basculegion||MysticWater|Adaptability|WaveCrash,AquaJet,LastRespects,Protect|Adamant||M|||50|]Charizard||CharizarditeY|Blaze|HeatWave,WeatherBall,SolarBeam,Protect|Modest||F|||50|]Kingambit||OccaBerry|Defiant|KowtowCleave,SuckerPunch,IronHead,Protect|Adamant||M|||50|]Garchomp||RoseliBerry|RoughSkin|Earthquake,DragonClaw,RockSlide,PoisonJab|Jolly||F|||50|
|inactive|Battle timer is ON: inactive players will automatically lose when time's up. (requested by pokemorp)
|inactive|pokemorp has 60 seconds left.
|inactive|pokemorp has 30 seconds left.
|inactive|pokemorp has 20 seconds left.
|inactive|pokemorp has 15 seconds left.
|inactive|pokemorp has 10 seconds left.
|
|t:|1785159398
|teamsize|p1|4
|teamsize|p2|4
|start
|switch|p1a: Floette|Floette-Eternal, L50, F|100/100
|switch|p1b: Sneasler|Sneasler, L50, F|100/100
|switch|p2a: Whimsicott|Whimsicott, L50, M|100/100
|switch|p2b: Charizard|Charizard, L50, F|100/100
|turn|1
|inactive|pokemorp has 30 seconds left.
|
|t:|1785159429
|detailschange|p2b: Charizard|Charizard-Mega-Y, L50, F
|-mega|p2b: Charizard|Charizard|Charizardite Y
|-weather|SunnyDay|[from] ability: Drought|[of] p2b: Charizard
|detailschange|p1a: Floette|Floette-Mega, L50, F
|-mega|p1a: Floette|Floette|Floettite
|-ability|p1a: Floette|Fairy Aura
|move|p1b: Sneasler|Fake Out|p2a: Whimsicott
|-damage|p2a: Whimsicott|78/100
|cant|p2a: Whimsicott|flinch
|move|p2b: Charizard|Weather Ball|p1a: Floette
|-damage|p1a: Floette|23/100
|move|p1a: Floette|Draining Kiss|p2a: Whimsicott
|-damage|p2a: Whimsicott|6/100
|-heal|p1a: Floette|64/100|[from] drain|[of] p2a: Whimsicott
|
|-weather|SunnyDay|[upkeep]
|upkeep
|turn|2
|inactive|pokemorp has 30 seconds left.
|inactive|pokemorp has 20 seconds left.
|inactive|pokemorp has 15 seconds left.
|
|t:|1785159471
|move|p1a: Floette|Protect|p1a: Floette
|-singleturn|p1a: Floette|Protect
|move|p2a: Whimsicott|Tailwind|p2a: Whimsicott
|-sidestart|p2: pokemorp|move: Tailwind
|move|p2b: Charizard|Heat Wave|p1a: Floette|[spread] p1b
|-activate|p1a: Floette|move: Protect
|-damage|p1b: Sneasler|4/100
|move|p1b: Sneasler|Dire Claw|p2b: Charizard
|-damage|p2b: Charizard|47/100
|-status|p2b: Charizard|slp
|
|-weather|SunnyDay|[upkeep]
|upkeep
|turn|3
|inactive|43rfr32 has 30 seconds left.
|inactive|pokemorp has 30 seconds left.
|inactive|pokemorp has 20 seconds left.
|inactive|pokemorp has 15 seconds left.
|inactive|pokemorp has 10 seconds left.
|inactive|pokemorp has 5 seconds left.
|
|t:|1785159523
|move|p2a: Whimsicott|Encore|p1a: Floette
|-start|p1a: Floette|Encore
|move|p1a: Floette|Protect||[still]
|-fail|p1a: Floette
|cant|p2b: Charizard|slp
|move|p1b: Sneasler|Dire Claw|p2a: Whimsicott
|-supereffective|p2a: Whimsicott|2
|-damage|p2a: Whimsicott|0 fnt
|faint|p2a: Whimsicott
|
|-weather|SunnyDay|[upkeep]
|upkeep
|
|t:|1785159545
|switch|p2a: Garchomp|Garchomp, L50, F|100/100
|turn|4
|
|t:|1785159556
|switch|p1a: Whimsicott|Whimsicott, L50, M|100/100
|move|p1b: Sneasler|Protect|p1b: Sneasler
|-singleturn|p1b: Sneasler|Protect
|move|p2a: Garchomp|Earthquake|p1b: Sneasler|[spread] p1a
|-activate|p1b: Sneasler|move: Protect
|-immune|p2b: Charizard
|-resisted|p1a: Whimsicott|1
|-damage|p1a: Whimsicott|77/100
|cant|p2b: Charizard|slp
|
|-weather|SunnyDay|[upkeep]
|upkeep
|turn|5
|inactive|pokemorp has 30 seconds left.
|
|t:|1785159588
|move|p1a: Whimsicott|Tailwind|p1a: Whimsicott
|-sidestart|p1: 43rfr32|move: Tailwind
|move|p1b: Sneasler|Dire Claw|p2b: Charizard
|-damage|p2b: Charizard|0 fnt
|-fail|p2b: Charizard
|faint|p2b: Charizard
|move|p2a: Garchomp|Earthquake|p1a: Whimsicott|[spread] p1a,p1b
|-resisted|p1a: Whimsicott|1
|-supereffective|p1b: Sneasler|1
|-damage|p1a: Whimsicott|54/100
|-damage|p1b: Sneasler|0 fnt
|faint|p1b: Sneasler
|
|-weather|none
|-sideend|p2: pokemorp|move: Tailwind
|upkeep
|
|t:|1785159604
|switch|p1b: Floette|Floette-Mega, L50, F|64/100
|switch|p2b: Kingambit|Kingambit, L50, M|100/100
|-ability|p1b: Floette|Fairy Aura
|turn|6
|inactive|pokemorp has 30 seconds left.
|
|t:|1785159633
|move|p1a: Whimsicott|Moonblast|p2b: Kingambit
|-damage|p2b: Kingambit|66/100
|move|p1b: Floette|Draining Kiss|p2b: Kingambit
|-damage|p2b: Kingambit|23/100
|-heal|p1b: Floette|97/100|[from] drain|[of] p2b: Kingambit
|move|p2a: Garchomp|Poison Jab|p1b: Floette
|-supereffective|p1b: Floette|1
|-damage|p1b: Floette|37/100
|move|p2b: Kingambit|Iron Head|p1b: Floette
|-supereffective|p1b: Floette|1
|-damage|p1b: Floette|0 fnt
|faint|p1b: Floette
|
|upkeep
|
|t:|1785159640
|switch|p1b: Farigiraf|Farigiraf, L50, F|100/100
|turn|7
|inactive|pokemorp has 30 seconds left.
|inactive|pokemorp has 20 seconds left.
|inactive|pokemorp has 15 seconds left.
|inactive|pokemorp has 10 seconds left.
|inactive|pokemorp has 5 seconds left.
|
|t:|1785159693
|move|p2b: Kingambit|Protect|p2b: Kingambit
|-singleturn|p2b: Kingambit|Protect
|move|p1a: Whimsicott|Moonblast|p2b: Kingambit
|-activate|p2b: Kingambit|move: Protect
|move|p2a: Garchomp|Poison Jab|p1a: Whimsicott
|-supereffective|p1a: Whimsicott|2
|-damage|p1a: Whimsicott|0 fnt
|faint|p1a: Whimsicott
|move|p1b: Farigiraf|Psychic|p2a: Garchomp
|-damage|p2a: Garchomp|65/100
|-unboost|p2a: Garchomp|spd|1
|
|upkeep
|turn|8
|-message|43rfr32 forfeited.
|
|win|pokemorp
|raw|43rfr32's rating: 1040 → 1024(-16 for losing)
|raw|pokemorp's rating: 1046 → 1079(+33 for winning)
|l|‽43rfr32
|player|p1|
