|j|☆vril fur4et
|j|☆Prepucio Santos
|html|vril fur4etPrepucio Santos    
|uhtml|bestof|Game 1 of a best-of-3
|t:|1784314494
|gametype|doubles
|player|p1|vril fur4et|li|1173
|player|p2|Prepucio Santos|striker|1267
|gen|9
|tier|[Gen 9 Champions] VGC 2026 Reg M-B (Bo3)
|rated|
|rule|Species Clause: Limit one of each Pokémon
|rule|Item Clause: Limit 1 of each item
|clearpoke
|poke|p1|Mawile, L50, F|
|poke|p1|Mamoswine, L50, M|
|poke|p1|Farigiraf, L50, F|
|poke|p1|Primarina, L50, F|
|poke|p1|Decidueye-Hisui, L50, M|
|poke|p1|Incineroar, L50, M|
|poke|p2|Incineroar, L50, M|
|poke|p2|Sinistcha-Masterpiece, L50, shiny|
|poke|p2|Floette-Eternal, L50, F|
|poke|p2|Kingambit, L50, M|
|poke|p2|Sneasler, L50, F|
|poke|p2|Delphox, L50, F, shiny|
|teampreview|4
|showteam|p1|Mawile||Mawilite|Intimidate|SuckerPunch,PlayRough,Protect,SwordsDance|Brave||F|||50|]Mamoswine||ChoiceScarf|Oblivious|IcicleCrash,HighHorsepower,RockSlide,IceShard|Jolly||M|||50|]Farigiraf||ColburBerry|ArmorTail|HyperVoice,TrickRoom,Protect,Psychic|Quiet||F|||50|]Primarina||MysticWater|LiquidVoice|PerishSong,HyperVoice,Protect,Moonblast|Quiet||F|||50|]Decidueye-Hisui||FocusSash|Scrappy|Protect,TripleArrows,LeafBlade,Taunt|Brave||M|||50|]Incineroar||ChopleBerry|Intimidate|FlareBlitz,FakeOut,PartingShot,ThroatChop|Careful||M|||50|
|showteam|p2|Incineroar||SitrusBerry|Intimidate|FakeOut,PartingShot,ThroatChop,FlareBlitz|Careful||M|||50|]Sinistcha-Masterpiece||KasibBerry|Hospitality|MatchaGotcha,LifeDew,RagePowder,TrickRoom|Bold|||||50|]Floette-Eternal||Floettite|FlowerVeil|Moonblast,DazzlingGleam,CalmMind,Protect|Modest||F|||50|]Kingambit||BlackGlasses|Defiant|KowtowCleave,SuckerPunch,SwordsDance,Protect|Adamant||M|||50|]Sneasler||FocusSash|PoisonTouch|FakeOut,CloseCombat,DireClaw,QuickGuard|Jolly||F|||50|]Delphox||Delphoxite|Blaze|HeatWave,Psyshock,NastyPlot,Protect|Timid||F|||50|
|inactive|Battle timer is ON: inactive players will automatically lose when time's up. (requested by vril fur4et)
|
|t:|1784314598
|teamsize|p1|4
|teamsize|p2|4
|start
|switch|p1a: Farigiraf|Farigiraf, L50, F|100/100
|switch|p1b: Decidueye|Decidueye-Hisui, L50, M|100/100
|switch|p2a: Incineroar|Incineroar, L50, M|100/100
|switch|p2b: Delphox|Delphox, L50, F, shiny|100/100
|-ability|p2a: Incineroar|Intimidate|boost
|-unboost|p1a: Farigiraf|atk|1
|-fail|p1b: Decidueye|unboost|Attack|[from] ability: Scrappy|[of] p1b: Decidueye
|turn|1
|inactive|vril fur4et has 30 seconds left.
|inactive|Prepucio Santos has 30 seconds left.
|inactive|Prepucio Santos has 20 seconds left.
|inactive|Prepucio Santos has 15 seconds left.
|inactive|Prepucio Santos has 10 seconds left.
|inactive|Prepucio Santos has 5 seconds left.
|
|t:|1784314649
|switch|p2a: Sinistcha|Sinistcha-Masterpiece, L50, shiny|100/100
|switch|p1b: Primarina|Primarina, L50, F|100/100
|detailschange|p2b: Delphox|Delphox-Mega, L50, F, shiny
|-mega|p2b: Delphox|Delphox|Delphoxite
|move|p2b: Delphox|Heat Wave|p1b: Primarina|[spread] p1a,p1b
|-resisted|p1b: Primarina|1
|-damage|p1a: Farigiraf|60/100
|-damage|p1b: Primarina|85/100
|move|p1a: Farigiraf|Trick Room|p1a: Farigiraf
|-fieldstart|move: Trick Room|[of] p1a: Farigiraf
|
|upkeep
|turn|2
|inactive|vril fur4et has 30 seconds left.
|
|t:|1784314682
|move|p2b: Delphox|Protect|p2b: Delphox
|-singleturn|p2b: Delphox|Protect
|move|p1a: Farigiraf|Hyper Voice|p2a: Sinistcha|[spread] 
|-activate|p2b: Delphox|move: Protect
|-immune|p2a: Sinistcha
|move|p1b: Primarina|Hyper Voice|p2a: Sinistcha|[spread] p2a
|-activate|p2b: Delphox|move: Protect
|-resisted|p2a: Sinistcha|1
|-damage|p2a: Sinistcha|77/100
|move|p2a: Sinistcha|Matcha Gotcha|p1a: Farigiraf|[spread] p1a,p1b
|-supereffective|p1b: Primarina|1
|-damage|p1a: Farigiraf|33/100
|-heal|p2a: Sinistcha|94/100|[from] drain|[of] p1a: Farigiraf
|-damage|p1b: Primarina|49/100
|-heal|p2a: Sinistcha|100/100|[from] drain|[of] p1b: Primarina
|-status|p1a: Farigiraf|brn
|-status|p1b: Primarina|brn
|
|-damage|p1b: Primarina|43/100 brn|[from] brn
|-damage|p1a: Farigiraf|27/100 brn|[from] brn
|upkeep
|turn|3
|inactive|Prepucio Santos has 30 seconds left.
|
|t:|1784314714
|switch|p2b: Sneasler|Sneasler, L50, F|100/100
|move|p1a: Farigiraf|Hyper Voice|p2a: Sinistcha|[spread] p2b
|-immune|p2a: Sinistcha
|-damage|p2b: Sneasler|57/100
|move|p1b: Primarina|Hyper Voice|p2a: Sinistcha|[spread] p2a,p2b
|-resisted|p2a: Sinistcha|1
|-damage|p2a: Sinistcha|79/100
|-damage|p2b: Sneasler|0 fnt
|faint|p2b: Sneasler
|move|p2a: Sinistcha|Matcha Gotcha|p1b: Primarina|[spread] p1a,p1b
|-supereffective|p1b: Primarina|1
|-damage|p1a: Farigiraf|1/100 brn
|-heal|p2a: Sinistcha|96/100|[from] drain|[of] p1a: Farigiraf
|-damage|p1b: Primarina|7/100 brn
|-heal|p2a: Sinistcha|100/100|[from] drain|[of] p1b: Primarina
|
|-damage|p1a: Farigiraf|0 fnt|[from] brn
|faint|p1a: Farigiraf
|-damage|p1b: Primarina|1/100 brn|[from] brn
|upkeep
|
|t:|1784314725
|switch|p1a: Mawile|Mawile, L50, F|100/100
|switch|p2b: Incineroar|Incineroar, L50, M|100/100
|-ability|p1a: Mawile|Intimidate|boost
|-unboost|p2a: Sinistcha|atk|1
|-unboost|p2b: Incineroar|atk|1
|-ability|p2b: Incineroar|Intimidate|boost
|-unboost|p1a: Mawile|atk|1
|-unboost|p1b: Primarina|atk|1
|turn|4
|
|t:|1784314748
|detailschange|p1a: Mawile|Mawile-Mega, L50, F
|-mega|p1a: Mawile|Mawile|Mawilite
|move|p2b: Incineroar|Fake Out|p1a: Mawile
|-resisted|p1a: Mawile|1
|-damage|p1a: Mawile|96/100
|cant|p1a: Mawile|flinch
|move|p1b: Primarina|Hyper Voice|p2a: Sinistcha|[spread] p2a,p2b
|-resisted|p2a: Sinistcha|1
|-supereffective|p2b: Incineroar|1
|-damage|p2a: Sinistcha|78/100
|-damage|p2b: Incineroar|39/100
|-enditem|p2b: Incineroar|Sitrus Berry|[eat]
|-heal|p2b: Incineroar|64/100|[from] item: Sitrus Berry
|move|p2a: Sinistcha|Matcha Gotcha|p1b: Primarina|[spread] p1a,p1b
|-resisted|p1a: Mawile|1
|-supereffective|p1b: Primarina|1
|-damage|p1a: Mawile|83/100
|-heal|p2a: Sinistcha|84/100|[from] drain|[of] p1a: Mawile
|-damage|p1b: Primarina|0 fnt
|-heal|p2a: Sinistcha|85/100|[from] drain|[of] p1b: Primarina
|faint|p1b: Primarina
|
|upkeep
|
|t:|1784314760
|switch|p1b: Decidueye|Decidueye-Hisui, L50, M|100/100
|turn|5
|
|t:|1784314776
|move|p1a: Mawile|Swords Dance|p1a: Mawile
|-boost|p1a: Mawile|atk|2
|move|p1b: Decidueye|Taunt|p2a: Sinistcha
|-start|p2a: Sinistcha|move: Taunt
|move|p2a: Sinistcha|Matcha Gotcha|p1b: Decidueye|[spread] p1a,p1b
|-resisted|p1a: Mawile|1
|-resisted|p1b: Decidueye|1
|-damage|p1a: Mawile|68/100
|-heal|p2a: Sinistcha|92/100|[from] drain|[of] p1a: Mawile
|-damage|p1b: Decidueye|88/100
|-heal|p2a: Sinistcha|98/100|[from] drain|[of] p1b: Decidueye
|-status|p1a: Mawile|brn
|move|p2b: Incineroar|Parting Shot|p1a: Mawile
|-unboost|p1a: Mawile|atk|1
|-unboost|p1a: Mawile|spa|1
|
|t:|1784314793
|switch|p2b: Delphox|Delphox-Mega, L50, F, shiny|100/100|[from] Parting Shot
|
|-damage|p1a: Mawile|62/100 brn|[from] brn
|-fieldend|move: Trick Room
|upkeep
|turn|6
|
|t:|1784314803
|switch|p2a: Incineroar|Incineroar, L50, M|64/100
|-ability|p2a: Incineroar|Intimidate|boost
|-unboost|p1a: Mawile|atk|1
|-fail|p1b: Decidueye|unboost|Attack|[from] ability: Scrappy|[of] p1b: Decidueye
|move|p1a: Mawile|Sucker Punch|p2b: Delphox
|-supereffective|p2b: Delphox|1
|-damage|p2b: Delphox|57/100
|move|p2b: Delphox|Heat Wave|p1b: Decidueye|[spread] p1a,p1b
|-supereffective|p1a: Mawile|1
|-crit|p1a: Mawile
|-supereffective|p1b: Decidueye|1
|-damage|p1a: Mawile|0 fnt
|-damage|p1b: Decidueye|7/100
|faint|p1a: Mawile
|move|p1b: Decidueye|Triple Arrows|p2a: Incineroar
|-supereffective|p2a: Incineroar|1
|-crit|p2a: Incineroar
|-damage|p2a: Incineroar|0 fnt
|faint|p2a: Incineroar
|
|upkeep
|-message|vril fur4et forfeited.
|
|win|Prepucio Santos
|l|☆vril fur4et
|player|p1|
||vril fur4et is ready for game 2.
|inactive|Prepucio Santos has 30 seconds to confirm battle start!
||Prepucio Santos is ready for game 2.
|uhtml|next|Next: Game 2 of 3
