|j|☆Myfriendgarchomp
|j|☆Yuste3_
|html|MyfriendgarchompYuste3_    
|uhtml|bestof|Game 2 of a best-of-3
|t:|1757783324
|gametype|doubles
|player|p1|Myfriendgarchomp|colress|1128
|player|p2|Yuste3_|lucas|1178
|gen|9
|tier|[Gen 9] VGC 2025 Reg H (Bo3)
|rated|
|rule|Species Clause: Limit one of each Pokémon
|rule|Item Clause: Limit 1 of each item
|clearpoke
|poke|p1|Weezing-Galar, L50, F|
|poke|p1|Baxcalibur, L50, F|
|poke|p1|Dondozo, L50, F|
|poke|p1|Tatsugiri, L50, M|
|poke|p1|Ursaluna-Bloodmoon, L50, M|
|poke|p1|Talonflame, L50, F|
|poke|p2|Talonflame, L50, M|
|poke|p2|Sneasler, L50, F|
|poke|p2|Indeedee, L50, M|
|poke|p2|Archaludon, L50, M|
|poke|p2|Sinistcha, L50|
|poke|p2|Pelipper, L50, M|
|teampreview|4
|showteam|p1|Weezing-Galar||SitrusBerry|NeutralizingGas|WillOWisp,PoisonGas,StrangeSteam,Protect|||F|||50|,,,,,Flying]Baxcalibur||LoadedDice|ThermalExchange|ScaleShot,IcicleSpear,Protect,IceShard|||F|||50|,,,,,Ghost]Dondozo||Leftovers|Unaware|WaveCrash,OrderUp,Earthquake,Protect|||F|||50|,,,,,Grass]Tatsugiri||ChoiceScarf|Commander|DragonPulse,DracoMeteor,IcyWind,MuddyWater|||M|||50|,,,,,Dragon]Ursaluna-Bloodmoon||AssaultVest|MindsEye|VacuumWave,HyperVoice,EarthPower,BloodMoon|||M|||50|,,,,,Electric]Talonflame||FocusSash|GaleWings|WillOWisp,BraveBird,Tailwind,Taunt|||F|||50|,,,,,Ghost
|showteam|p2|Talonflame||CovertCloak|GaleWings|BraveBird,WillOWisp,Tailwind,Taunt|||M|||50|,,,,,Ghost]Sneasler||PsychicSeed|Unburden|DireClaw,ThroatChop,CloseCombat,Protect|||F|||50|,,,,,Dark]Indeedee||ChoiceSpecs|PsychicSurge|ExpandingForce,DazzlingGleam,ShadowBall,TeraBlast|||M|||50|,,,,,Fighting]Archaludon||AssaultVest|Stamina|DracoMeteor,ElectroShot,Snarl,BodyPress|||M|||50|,,,,,Bug]Sinistcha||SitrusBerry|Hospitality|MatchaGotcha,RagePowder,LifeDew,Protect||||||50|,,,,,Water]Pelipper||FocusSash|Drizzle|Hurricane,MuddyWater,WideGuard,Protect|||M|||50|,,,,,Ghost
|inactive|Battle timer is ON: inactive players will automatically lose when time's up. (requested by Yuste3_)
|
|t:|1757783344
|teamsize|p1|4
|teamsize|p2|4
|start
|switch|p1a: Baxcalibur|Baxcalibur, L50, F|100/100
|switch|p1b: Weezing|Weezing-Galar, L50, F|100/100
|switch|p2a: Sneasler|Sneasler, L50, F|100/100
|switch|p2b: Indeedee|Indeedee, L50, M|100/100
|-ability|p1b: Weezing|Neutralizing Gas
|turn|1
|inactive|Yuste3_ has 30 seconds left.
|
|t:|1757783372
|switch|p2b: Archaludon|Archaludon, L50, M|100/100
|-terastallize|p1a: Baxcalibur|Ghost
|move|p2a: Sneasler|Protect|p2a: Sneasler
|-singleturn|p2a: Sneasler|Protect
|move|p1b: Weezing|Protect|p1b: Weezing
|-singleturn|p1b: Weezing|Protect
|move|p1a: Baxcalibur|Scale Shot|p2b: Archaludon
|-damage|p2b: Archaludon|90/100
|-damage|p2b: Archaludon|79/100
|-damage|p2b: Archaludon|68/100
|-damage|p2b: Archaludon|59/100
|-damage|p2b: Archaludon|49/100
|-hitcount|p2b: Archaludon|5
|-unboost|p1a: Baxcalibur|def|1
|-boost|p1a: Baxcalibur|spe|1
|
|upkeep
|turn|2
|inactive|Yuste3_ has 30 seconds left.
|inactive|Myfriendgarchomp has 30 seconds left.
|
|t:|1757783406
|move|p1a: Baxcalibur|Icicle Spear|p2b: Archaludon
|-damage|p2b: Archaludon|40/100
|-damage|p2b: Archaludon|29/100
|-damage|p2b: Archaludon|19/100
|-damage|p2b: Archaludon|9/100
|-hitcount|p2b: Archaludon|4
|move|p2a: Sneasler|Throat Chop|p1a: Baxcalibur
|-supereffective|p1a: Baxcalibur
|-damage|p1a: Baxcalibur|25/100
|-start|p1a: Baxcalibur|Throat Chop|[silent]
|move|p2b: Archaludon|Electro Shot||[still]
|-prepare|p2b: Archaludon|Electro Shot
|-boost|p2b: Archaludon|spa|1
|move|p1b: Weezing|Strange Steam|p2b: Archaludon
|-damage|p2b: Archaludon|0 fnt
|faint|p2b: Archaludon
|
|upkeep
|
|t:|1757783422
|switch|p2b: Pelipper|Pelipper, L50, M|100/100
|turn|3
|
|t:|1757783431
|move|p1a: Baxcalibur|Icicle Spear|p2a: Sneasler
|-damage|p2a: Sneasler|80/100
|-damage|p2a: Sneasler|58/100
|-damage|p2a: Sneasler|32/100
|-crit|p2a: Sneasler
|-damage|p2a: Sneasler|0 fnt
|faint|p2a: Sneasler
|-hitcount|p2: Sneasler|4
|move|p2b: Pelipper|Muddy Water|p1b: Weezing|[spread] p1a,p1b
|-damage|p1a: Baxcalibur|0 fnt
|-damage|p1b: Weezing|69/100
|faint|p1a: Baxcalibur
|move|p1b: Weezing|Poison Gas|p2b: Pelipper
|-status|p2b: Pelipper|psn
|
|-damage|p2b: Pelipper|88/100 psn|[from] psn
|upkeep
|
|t:|1757783437
|switch|p2a: Indeedee|Indeedee, L50, M|100/100
|switch|p1a: Dondozo|Dondozo, L50, F|100/100
|turn|4
|
|t:|1757783457
|-terastallize|p2a: Indeedee|Fighting
|move|p1b: Weezing|Protect|p1b: Weezing
|-singleturn|p1b: Weezing|Protect
|move|p2a: Indeedee|Expanding Force|p1b: Weezing
|-activate|p1b: Weezing|move: Protect
|move|p2b: Pelipper|Hurricane|p1a: Dondozo
|-damage|p1a: Dondozo|50/100
|move|p1a: Dondozo|Wave Crash|p2a: Indeedee
|-damage|p2a: Indeedee|0 fnt
|faint|p2a: Indeedee
|-damage|p1a: Dondozo|30/100|[from] Recoil
|
|-heal|p1a: Dondozo|36/100|[from] item: Leftovers
|-damage|p2b: Pelipper|76/100 psn|[from] psn
|upkeep
|turn|5
|
|t:|1757783471
|-end|p1b: Weezing|ability: Neutralizing Gas
|-weather|RainDance|[from] ability: Drizzle|[of] p2b: Pelipper
|switch|p1b: Tatsugiri|Tatsugiri, L50, M|100/100
|-activate|p1b: Tatsugiri|ability: Commander|[of] p1a: Dondozo
|-boost|p1a: Dondozo|atk|2
|-boost|p1a: Dondozo|spa|2
|-boost|p1a: Dondozo|spe|2
|-boost|p1a: Dondozo|def|2
|-boost|p1a: Dondozo|spd|2
|move|p1a: Dondozo|Order Up|p2b: Pelipper
|-damage|p2b: Pelipper|21/100 psn
|-boost|p1a: Dondozo|atk|1
|move|p2b: Pelipper|Hurricane|p1a: Dondozo
|-damage|p1a: Dondozo|14/100
|
|-weather|RainDance|[upkeep]
|-heal|p1a: Dondozo|20/100|[from] item: Leftovers
|-damage|p2b: Pelipper|8/100 psn|[from] psn
|upkeep
|turn|6
|-message|Yuste3_ forfeited.
|
|win|Myfriendgarchomp
|raw|Myfriendgarchomp's rating: 1128 → 1157(+29 for winning)
|raw|Yuste3_'s rating: 1178 → 1149(-29 for losing)
