|j|☆we all hate ursf
|j|☆trainerredvgc26
|html|we all hate ursftrainerredvgc26    
|uhtml|bestof|Game 1 of a best-of-3
|t:|1756343292
|gametype|doubles
|player|p1|we all hate ursf|shadowtriad|1101
|player|p2|trainerredvgc26|1|1127
|gen|9
|tier|[Gen 9] VGC 2025 Reg H (Bo3)
|rated|
|rule|Species Clause: Limit one of each Pokémon
|rule|Item Clause: Limit 1 of each item
|clearpoke
|poke|p1|Garchomp, L50, F|
|poke|p1|Talonflame, L50, M|
|poke|p1|Gholdengo, L50|
|poke|p1|Ninetales-Alola, L50, M|
|poke|p1|Amoonguss, L50, M|
|poke|p1|Incineroar, L50, F|
|poke|p2|Ursaluna, L50, M|
|poke|p2|Dragonite, L50, M|
|poke|p2|Archaludon, L50, M|
|poke|p2|Pelipper, L50, M|
|poke|p2|Incineroar, L50, F|
|poke|p2|Sinistcha, L50|
|teampreview|4
|showteam|p1|Garchomp||ClearAmulet|RoughSkin|Earthquake,DragonClaw,SwordsDance,Protect|||F|||50|,,,,,Fire]Talonflame||FocusSash|GaleWings|BraveBird,Taunt,Tailwind,QuickGuard|||M|||50|,,,,,Ghost]Gholdengo||MetalCoat|GoodasGold|MakeItRain,ShadowBall,NastyPlot,Protect||||||50|,,,,,Steel]Ninetales-Alola||LightClay|SnowWarning|Blizzard,FreezeDry,AuroraVeil,Protect|||M|||50|,,,,,Fire]Amoonguss||SitrusBerry|Regenerator|Spore,RagePowder,PollenPuff,Protect|||M|||50|,,,,,Fairy]Incineroar||SafetyGoggles|Intimidate|FakeOut,PartingShot,KnockOff,FlareBlitz|||F|||50|,,,,,Ghost
|showteam|p2|Ursaluna||FlameOrb|Guts|Facade,HeadlongRush,Earthquake,Protect|||M|||50|,,,,,Ghost]Dragonite||LoadedDice|Multiscale|ScaleShot,Haze,Tailwind,Protect|||M|||50|,,,,,Fairy]Archaludon||AssaultVest|Stamina|FlashCannon,DragonPulse,ElectroShot,BodyPress|||M|||50|,,,,,Bug]Pelipper||FocusSash|Drizzle|Hurricane,WeatherBall,WideGuard,Protect|||M|||50|,,,,,Stellar]Incineroar||SafetyGoggles|Intimidate|FlareBlitz,PartingShot,KnockOff,FakeOut|||F|||50|,,,,,Ghost]Sinistcha||SitrusBerry|Hospitality|MatchaGotcha,RagePowder,LifeDew,TrickRoom||||||50|,,,,,Dark
|inactive|Battle timer is ON: inactive players will automatically lose when time's up. (requested by we all hate ursf)
|inactive|trainerredvgc26 has 60 seconds left.
|inactive|trainerredvgc26 has 30 seconds left.
|inactive|trainerredvgc26 has 20 seconds left.
|inactive|trainerredvgc26 has 15 seconds left.
|inactive|trainerredvgc26 has 10 seconds left.
|
|t:|1756343375
|teamsize|p1|4
|teamsize|p2|4
|start
|switch|p1a: Garchomp|Garchomp, L50, F|100/100
|switch|p1b: Talonflame|Talonflame, L50, M|100/100
|switch|p2a: Dragonite|Dragonite, L50, M|100/100
|switch|p2b: Archaludon|Archaludon, L50, M|100/100
|turn|1
|inactive|trainerredvgc26 has 30 seconds left.
|
|t:|1756343402
|switch|p2a: Pelipper|Pelipper, L50, M|100/100
|-weather|RainDance|[from] ability: Drizzle|[of] p2a: Pelipper
|-terastallize|p1a: Garchomp|Fire
|-terastallize|p2b: Archaludon|Bug
|move|p1b: Talonflame|Tailwind|p1b: Talonflame
|-sidestart|p1: we all hate ursf|move: Tailwind
|move|p1a: Garchomp|Swords Dance|p1a: Garchomp
|-boost|p1a: Garchomp|atk|2
|move|p2b: Archaludon|Electro Shot||[still]
|-prepare|p2b: Archaludon|Electro Shot
|-boost|p2b: Archaludon|spa|1
|-anim|p2b: Archaludon|Electro Shot|p1b: Talonflame
|-supereffective|p1b: Talonflame
|-enditem|p1b: Talonflame|Focus Sash
|-damage|p1b: Talonflame|1/100
|
|-weather|RainDance|[upkeep]
|upkeep
|turn|2
|inactive|trainerredvgc26 has 30 seconds left.
|inactive|trainerredvgc26 has 20 seconds left.
|inactive|trainerredvgc26 has 15 seconds left.
|inactive|trainerredvgc26 has 10 seconds left.
|inactive|trainerredvgc26 has 5 seconds left.
|inactive|we all hate ursf has 30 seconds left.
|
|t:|1756343468
|move|p1b: Talonflame|Brave Bird|p2b: Archaludon
|-supereffective|p2b: Archaludon
|-damage|p2b: Archaludon|36/100
|-ability|p2b: Archaludon|Stamina|boost
|-boost|p2b: Archaludon|def|1
|-damage|p1b: Talonflame|0 fnt|[from] Recoil
|faint|p1b: Talonflame
|move|p1a: Garchomp|Dragon Claw|p2b: Archaludon
|-damage|p2b: Archaludon|0 fnt
|faint|p2b: Archaludon
|move|p2a: Pelipper|Hurricane|p1a: Garchomp
|-damage|p1a: Garchomp|49/100
|-start|p1a: Garchomp|confusion
|
|-weather|RainDance|[upkeep]
|upkeep
|
|t:|1756343487
|switch|p1b: Ninetales|Ninetales-Alola, L50, M|100/100
|switch|p2b: Dragonite|Dragonite, L50, M|100/100
|-weather|Snowscape|[from] ability: Snow Warning|[of] p1b: Ninetales
|turn|3
|inactive|trainerredvgc26 has 30 seconds left.
|
|t:|1756343514
|switch|p2a: Incineroar|Incineroar, L50, F|100/100
|-ability|p2a: Incineroar|Intimidate|boost
|-fail|p1a: Garchomp|unboost|[from] item: Clear Amulet|[of] p1a: Garchomp
|-unboost|p1b: Ninetales|atk|1
|-activate|p1a: Garchomp|confusion
|-damage|p1a: Garchomp|21/100|[from] confusion
|move|p1b: Ninetales|Blizzard|p2b: Dragonite|[spread] p2a,p2b
|-resisted|p2a: Incineroar
|-supereffective|p2b: Dragonite
|-damage|p2a: Incineroar|92/100
|-damage|p2b: Dragonite|53/100
|move|p2b: Dragonite|Tailwind|p2b: Dragonite
|-sidestart|p2: trainerredvgc26|move: Tailwind
|
|-weather|Snowscape|[upkeep]
|upkeep
|turn|4
|
|t:|1756343538
|switch|p2a: Pelipper|Pelipper, L50, M|100/100
|-weather|RainDance|[from] ability: Drizzle|[of] p2a: Pelipper
|move|p2b: Dragonite|Protect|p2b: Dragonite
|-singleturn|p2b: Dragonite|Protect
|-activate|p1a: Garchomp|confusion
|-damage|p1a: Garchomp|0 fnt|[from] confusion
|faint|p1a: Garchomp
|move|p1b: Ninetales|Aurora Veil||[still]
|-fail|p1b: Ninetales
|
|-weather|RainDance|[upkeep]
|-sideend|p1: we all hate ursf|move: Tailwind
|upkeep
|
|t:|1756343541
|switch|p1a: Incineroar|Incineroar, L50, F|100/100
|-ability|p1a: Incineroar|Intimidate|boost
|-unboost|p2a: Pelipper|atk|1
|-unboost|p2b: Dragonite|atk|1
|turn|5
|
|t:|1756343559
|move|p2a: Pelipper|Protect|p2a: Pelipper
|-singleturn|p2a: Pelipper|Protect
|move|p1a: Incineroar|Fake Out|p2b: Dragonite
|-damage|p2b: Dragonite|41/100
|cant|p2b: Dragonite|flinch
|move|p1b: Ninetales|Freeze-Dry|p2a: Pelipper
|-activate|p2a: Pelipper|move: Protect
|
|-weather|RainDance|[upkeep]
|upkeep
|turn|6
|-message|we all hate ursf forfeited.
|
|win|trainerredvgc26
|l|☆we all hate ursf
|player|p1|
||we all hate ursf is ready for game 2.
||trainerredvgc26 is ready for game 2.
|uhtml|next|Next: Game 2 of 3
|l|☆trainerredvgc26
|player|p2|
|j|☆trainerredvgc26
|player|p2|trainerredvgc26|1|
