|j|â˜†Harridino
|j|â˜†freshveggies2
|html|Harridinofreshveggies2    
|uhtml|bestof|Game 1 of a best-of-3
|t:|1757824677
|gametype|doubles
|player|p1|Harridino|pokemaniac|
|player|p2|freshveggies2|170|
|gen|9
|tier|[Gen 9] VGC 2025 Reg H (Bo3)
|rule|Tera Type Preview: Tera Types are shown at Team Preview
|rule|Species Clause: Limit one of each PokÃ©mon
|rule|Item Clause: Limit 1 of each item
|raw|2 custom rules: Tera Type Preview, !Force Open Team Sheets
|clearpoke
|poke|p1|Scraggy, L50, F|
|poke|p1|Torkoal, L50, F|
|poke|p1|Jumpluff, L50, F|
|poke|p1|Ursaluna, L50, M|
|poke|p1|Wyrdeer, L50, F|
|poke|p1|Indeedee-F, L50, F|
|poke|p2|Meowscarada, L50, M|
|poke|p2|Glimmora, L50, F|
|poke|p2|Tatsugiri, L50, M|
|poke|p2|Bronzong, L50|
|poke|p2|Dondozo, L50, M|
|poke|p2|Infernape, L50, M|
|raw|Harridino's Tera Types: /  /  /  /  / 
|raw|freshveggies2's Tera Types: /  /  /  /  / 
|teampreview|4
|c|â˜†freshveggies2|glhf
|c|â˜†Harridino|glhf
|j| zuiyyy
|j| qwhat123
|c| zuiyyy|OH YEAH GO TEAM
|c|â˜†Harridino|r?
|c|â˜†freshveggies2|oh
|c|â˜†freshveggies2|i forgot
|c|â˜†freshveggies2|ive been r
|inactive|Battle timer is ON: inactive players will automatically lose when time's up. (requested by Harridino)
|
|t:|1757824819
|teamsize|p1|4
|teamsize|p2|4
|start
|switch|p1a: Circus Baby|Scraggy, L50, F, shiny|100/100
|switch|p1b: Mangle|Wyrdeer, L50, F, shiny|100/100
|switch|p2a: Meowscarada|Meowscarada, L50, M|100/100
|switch|p2b: Glimmora|Glimmora, L50, F|100/100
|-ability|p1b: Mangle|Intimidate|boost
|-unboost|p2a: Meowscarada|atk|1
|-unboost|p2b: Glimmora|atk|1
|-ability|p1a: Circus Baby|Intimidate|boost
|-unboost|p2a: Meowscarada|atk|1
|-unboost|p2b: Glimmora|atk|1
|turn|1
|inactive|Harridino has 30 seconds left.
|
|t:|1757824844
|move|p2b: Glimmora|Spiky Shield|p2b: Glimmora
|-singleturn|p2b: Glimmora|move: Protect
|move|p1a: Circus Baby|Fake Out|p2a: Meowscarada
|-damage|p2a: Meowscarada|89/100
|cant|p2a: Meowscarada|flinch
|move|p1b: Mangle|Trick Room|p1b: Mangle
|-fieldstart|move: Trick Room|[of] p1b: Mangle
|
|upkeep
|turn|2
|inactive|Harridino has 30 seconds left.
|
|t:|1757824872
|switch|p2b: Dondozo|Dondozo, L50, M|100/100
|move|p1a: Circus Baby|Knock Off|p2b: Dondozo
|-damage|p2b: Dondozo|83/100
|-enditem|p2b: Dondozo|Safety Goggles|[from] move: Knock Off|[of] p1a: Circus Baby
|move|p1b: Mangle|Psyshield Bash|p2b: Dondozo
|-damage|p2b: Dondozo|61/100
|-boost|p1b: Mangle|def|1
|move|p2a: Meowscarada|Flower Trick|p1b: Mangle
|-crit|p1b: Mangle
|-damage|p1b: Mangle|40/100
|
|upkeep
|turn|3
|inactive|Harridino has 30 seconds left.
|inactive|freshveggies2 has 30 seconds left.
|inactive|Harridino has 20 seconds left.
|inactive|freshveggies2 has 20 seconds left.
|
|t:|1757824910
|move|p1a: Circus Baby|Super Fang|p2b: Dondozo
|-damage|p2b: Dondozo|31/100
|move|p2b: Dondozo|Wave Crash|p1b: Mangle
|-damage|p1b: Mangle|0 fnt
|faint|p1b: Mangle
|-damage|p2b: Dondozo|19/100|[from] Recoil
|move|p2a: Meowscarada|Flower Trick|p1a: Circus Baby
|-crit|p1a: Circus Baby
|-damage|p1a: Circus Baby|56/100
|
|upkeep
|
|t:|1757824919
|switch|p1b: Chica|Torkoal, L50, F, shiny|100/100
|-weather|SunnyDay|[from] ability: Drought|[of] p1b: Chica
|turn|4
|
|t:|1757824940
|-terastallize|p1b: Chica|Grass
|move|p2b: Dondozo|Protect|p2b: Dondozo
|-singleturn|p2b: Dondozo|Protect
|move|p2a: Meowscarada|Protect|p2a: Meowscarada
|-singleturn|p2a: Meowscarada|Protect
|move|p1b: Chica|Heat Wave|p2a: Meowscarada|[spread] 
|-activate|p2a: Meowscarada|move: Protect
|-activate|p2b: Dondozo|move: Protect
|move|p1a: Circus Baby|Knock Off|p2a: Meowscarada
|-activate|p2a: Meowscarada|move: Protect
|
|-weather|SunnyDay|[upkeep]
|upkeep
|turn|5
|
|t:|1757824950
|switch|p2a: Tatsugiri|Tatsugiri, L50, M|100/100
|-activate|p2a: Tatsugiri|ability: Commander|[of] p2b: Dondozo
|-boost|p2b: Dondozo|atk|2
|-boost|p2b: Dondozo|spa|2
|-boost|p2b: Dondozo|spe|2
|-boost|p2b: Dondozo|def|2
|-boost|p2b: Dondozo|spd|2
|move|p1b: Chica|Heat Wave|p2b: Dondozo|[spread] p2b
|-miss|p1b: Chica|p2a: Tatsugiri
|-resisted|p2b: Dondozo
|-damage|p2b: Dondozo|9/100
|move|p1a: Circus Baby|Knock Off|p2a: Tatsugiri|[miss]
|-miss|p1a: Circus Baby|p2a: Tatsugiri
|move|p2b: Dondozo|Wave Crash|p1a: Circus Baby
|-damage|p1a: Circus Baby|12/100
|-damage|p2b: Dondozo|0 fnt|[from] Recoil
|faint|p2b: Dondozo
|
|-weather|SunnyDay|[upkeep]
|-fieldend|move: Trick Room
|upkeep
|
|t:|1757824961
|switch|p2b: Glimmora|Glimmora, L50, F|100/100
|turn|6
|
|t:|1757824982
|move|p2a: Tatsugiri|Rain Dance|p2a: Tatsugiri
|-weather|RainDance
|move|p2b: Glimmora|Meteor Beam||[still]
|-prepare|p2b: Glimmora|Meteor Beam
|-boost|p2b: Glimmora|spa|1
|-enditem|p2b: Glimmora|Power Herb
|-anim|p2b: Glimmora|Meteor Beam|p1b: Chica
|-damage|p1b: Chica|3/100
|move|p1a: Circus Baby|Knock Off|p2b: Glimmora
|-damage|p2b: Glimmora|83/100
|-activate|p2b: Glimmora|ability: Toxic Debris
|-sidestart|p1: Harridino|move: Toxic Spikes
|move|p1b: Chica|Heat Wave|p2b: Glimmora|[spread] p2b
|-miss|p1b: Chica|p2a: Tatsugiri
|-resisted|p2b: Glimmora
|-damage|p2b: Glimmora|74/100
|
|-weather|RainDance|[upkeep]
|upkeep
|turn|7
|
|t:|1757825004
|switch|p2a: Meowscarada|Meowscarada, L50, M|89/100
|move|p2b: Glimmora|Earth Power|p1b: Chica
|-resisted|p1b: Chica
|-damage|p1b: Chica|0 fnt
|faint|p1b: Chica
|move|p1a: Circus Baby|Knock Off|p2b: Glimmora
|-damage|p2b: Glimmora|55/100
|-activate|p2b: Glimmora|ability: Toxic Debris
|-sidestart|p1: Harridino|move: Toxic Spikes
|
|-weather|RainDance|[upkeep]
|upkeep
|
|t:|1757825009
|switch|p1b: Freddy|Ursaluna, L50, M, shiny|100/100
|-status|p1b: Freddy|tox
|turn|8
|
|t:|1757825029
|move|p2a: Meowscarada|Protect|p2a: Meowscarada
|-singleturn|p2a: Meowscarada|Protect
|move|p2b: Glimmora|Earth Power|p1a: Circus Baby
|-damage|p1a: Circus Baby|0 fnt
|faint|p1a: Circus Baby
|move|p1b: Freddy|Earthquake|p2a: Meowscarada|[spread] p2b
|-activate|p2a: Meowscarada|move: Protect
|-supereffective|p2b: Glimmora
|-damage|p2b: Glimmora|0 fnt
|faint|p2b: Glimmora
|
|-weather|RainDance|[upkeep]
|-damage|p1b: Freddy|95/100 tox|[from] psn
|upkeep
|
|t:|1757825031
|switch|p2b: Tatsugiri|Tatsugiri, L50, M|100/100
|turn|9
|c|â˜†freshveggies2|oh wait you dont have tera
|
|t:|1757825048
|move|p2b: Tatsugiri|Draco Meteor|p1b: Freddy
|-damage|p1b: Freddy|27/100 tox
|-unboost|p2b: Tatsugiri|spa|2
|move|p2a: Meowscarada|Flower Trick|p1b: Freddy
|-supereffective|p1b: Freddy
|-crit|p1b: Freddy
|-damage|p1b: Freddy|0 fnt
|faint|p1b: Freddy
|
|win|freshveggies2
||Harridino is ready for game 2.
||freshveggies2 is ready for game 2.
|uhtml|next|Next: Game 2 of 3
|l| zuiyyy
