|j|☆adriel8888
|j|☆16 letters mimimi
|html|adriel888816 letters mimimi    
|uhtml|bestof|Game 2 of a best-of-3
|t:|1783018118
|gametype|doubles
|player|p1|adriel8888|steven|
|player|p2|16 letters mimimi|rika|
|gen|9
|tier|[Gen 9 Champions] VGC 2026 Reg M-B (Bo3)
|rule|Species Clause: Limit one of each Pokémon
|rule|Item Clause: Limit 1 of each item
|clearpoke
|poke|p1|Venusaur, L50, M|
|poke|p1|Archaludon, L50, F|
|poke|p1|Aerodactyl, L50, M|
|poke|p1|Charizard, L50, F|
|poke|p1|Incineroar, L50, F|
|poke|p1|Metagross, L50|
|poke|p2|Gholdengo, L50|
|poke|p2|Primarina, L50, M|
|poke|p2|Scovillain, L50, M|
|poke|p2|Meowstic, L50, M|
|poke|p2|Scrafty, L50, F|
|poke|p2|Archaludon, L50, M|
|teampreview|4
|showteam|p1|Venusaur||LifeOrb|Chlorophyll|SleepPowder,EnergyBall,SludgeBomb,Protect|Modest||M|||50|]Archaludon||Leftovers|Stamina|DracoMeteor,ElectroShot,FlashCannon,Protect|Calm||F|||50|]Aerodactyl||FocusSash|RockHead|Tailwind,RockSlide,Protect,DualWingbeat|Jolly||M|||50|]Charizard||CharizarditeY|Blaze|HeatWave,WeatherBall,Protect,SolarBeam|Timid||F|||50|]Incineroar||SitrusBerry|Intimidate|FakeOut,DarkestLariat,FlareBlitz,CloseCombat|Adamant||F|||50|]Metagross||Metagrossite|ClearBody|IronHead,PsychicFangs,BulletPunch,Earthquake|Jolly|||||50|
|showteam|p2|Gholdengo||MetalCoat|GoodasGold|Protect,MakeItRain,ShadowBall,NastyPlot|Modest|||||50|]Primarina||SitrusBerry|LiquidVoice|Protect,Moonblast,HyperVoice,CalmMind|Bold||M|||50|]Scovillain||Scovillainite|Moody|Protect,Overheat,GigaDrain,RagePowder|Bold||M|||50|]Meowstic||LightClay|Prankster|Reflect,LightScreen,Yawn,RainDance|Bold||M|||50|]Scrafty||Scraftinite|Intimidate|CloseCombat,KnockOff,Taunt,FakeOut|Impish||F|||50|]Archaludon||Leftovers|Stamina|Protect,DragonPulse,ElectroShot,AuraSphere|Calm||M|||50|
|inactive|Battle timer is ON: inactive players will automatically lose when time's up. (requested by 16 letters mimimi)
|
|t:|1783018143
|teamsize|p1|4
|teamsize|p2|4
|start
|switch|p1a: COMPU-RAY|Metagross, L50|100/100
|switch|p1b: ABRILE|Incineroar, L50, F|100/100
|switch|p2a: Primarina|Primarina, L50, M|100/100
|switch|p2b: Meowstic|Meowstic, L50, M|100/100
|-ability|p1b: ABRILE|Intimidate|boost
|-unboost|p2a: Primarina|atk|1
|-unboost|p2b: Meowstic|atk|1
|turn|1
|
|t:|1783018155
|switch|p2b: Scovillain|Scovillain, L50, M|100/100
|detailschange|p1a: COMPU-RAY|Metagross-Mega, L50
|-mega|p1a: COMPU-RAY|Metagross|Metagrossite
|move|p2a: Primarina|Protect|p2a: Primarina
|-singleturn|p2a: Primarina|Protect
|move|p1b: ABRILE|Fake Out|p2b: Scovillain
|-damage|p2b: Scovillain|85/100
|move|p1a: COMPU-RAY|Psychic Fangs|p2a: Primarina
|-activate|p2a: Primarina|move: Protect
|
|-ability|p2b: Scovillain|Moody|boost
|-boost|p2b: Scovillain|spd|2
|-unboost|p2b: Scovillain|def|1
|upkeep
|turn|2
|
|t:|1783018174
|switch|p1a: ESTREO|Aerodactyl, L50, M|100/100
|switch|p2a: Archaludon|Archaludon, L50, M|100/100
|move|p2b: Scovillain|Protect|p2b: Scovillain
|-singleturn|p2b: Scovillain|Protect
|move|p1b: ABRILE|Flare Blitz|p2b: Scovillain
|-activate|p2b: Scovillain|move: Protect
|
|-ability|p2b: Scovillain|Moody|boost
|-boost|p2b: Scovillain|spa|2
|-unboost|p2b: Scovillain|def|1
|upkeep
|turn|3
|
|t:|1783018192
|switch|p2b: Primarina|Primarina, L50, M|100/100
|move|p1a: ESTREO|Rock Slide|p2b: Primarina|[spread] p2a,p2b
|-resisted|p2a: Archaludon|1
|-damage|p2a: Archaludon|90/100
|-damage|p2b: Primarina|78/100
|-ability|p2a: Archaludon|Stamina|boost
|-boost|p2a: Archaludon|def|1
|cant|p2a: Archaludon|flinch
|move|p1b: ABRILE|Flare Blitz|p2a: Archaludon
|-damage|p2a: Archaludon|58/100
|-status|p2a: Archaludon|brn
|-ability|p2a: Archaludon|Stamina|boost
|-boost|p2a: Archaludon|def|1
|-damage|p1b: ABRILE|89/100|[from] Recoil
|
|-heal|p2a: Archaludon|64/100 brn|[from] item: Leftovers
|-damage|p2a: Archaludon|58/100 brn|[from] brn
|upkeep
|turn|4
|
|t:|1783018212
|switch|p1b: CORBUS|Archaludon, L50, F|100/100
|move|p1a: ESTREO|Tailwind|p1a: ESTREO
|-sidestart|p1: adriel8888|move: Tailwind
|move|p2a: Archaludon|Aura Sphere|p1a: ESTREO
|-damage|p1a: ESTREO|63/100
|move|p2b: Primarina|Hyper Voice|p1a: ESTREO|[spread] p1a,p1b
|-supereffective|p1a: ESTREO|1
|-resisted|p1b: CORBUS|1
|-damage|p1a: ESTREO|0 fnt
|-damage|p1b: CORBUS|84/100
|-ability|p1b: CORBUS|Stamina|boost
|-boost|p1b: CORBUS|def|1
|faint|p1a: ESTREO
|
|-heal|p1b: CORBUS|90/100|[from] item: Leftovers
|-heal|p2a: Archaludon|64/100 brn|[from] item: Leftovers
|-damage|p2a: Archaludon|58/100 brn|[from] brn
|upkeep
|
|t:|1783018217
|switch|p1a: COMPU-RAY|Metagross-Mega, L50|100/100
|turn|5
|
|t:|1783018236
|switch|p2b: Scovillain|Scovillain, L50, M|85/100
|move|p1b: CORBUS|Protect|p1b: CORBUS
|-singleturn|p1b: CORBUS|Protect
|move|p2a: Archaludon|Protect|p2a: Archaludon
|-singleturn|p2a: Archaludon|Protect
|move|p1a: COMPU-RAY|Psychic Fangs|p2b: Scovillain
|-damage|p2b: Scovillain|24/100
|
|-heal|p1b: CORBUS|96/100|[from] item: Leftovers
|-heal|p2a: Archaludon|64/100 brn|[from] item: Leftovers
|-damage|p2a: Archaludon|58/100 brn|[from] brn
|-ability|p2b: Scovillain|Moody|boost
|-boost|p2b: Scovillain|spd|2
|-unboost|p2b: Scovillain|spa|1
|upkeep
|turn|6
|
|t:|1783018253
|detailschange|p2b: Scovillain|Scovillain-Mega, L50, M
|-mega|p2b: Scovillain|Scovillain|Scovillainite
|move|p2b: Scovillain|Rage Powder|p2b: Scovillain
|-singleturn|p2b: Scovillain|move: Rage Powder
|move|p1a: COMPU-RAY|Psychic Fangs|p2b: Scovillain
|-damage|p2b: Scovillain|0 fnt
|-status|p1a: COMPU-RAY|brn|[from] ability: Spicy Spray|[of] p2b: Scovillain
|faint|p2b: Scovillain
|move|p1b: CORBUS|Draco Meteor|p2a: Archaludon
|-damage|p2a: Archaludon|6/100 brn
|-unboost|p1b: CORBUS|spa|2
|-ability|p2a: Archaludon|Stamina|boost
|-boost|p2a: Archaludon|def|1
|move|p2a: Archaludon|Aura Sphere|p1b: CORBUS
|-supereffective|p1b: CORBUS|1
|-damage|p1b: CORBUS|53/100
|-ability|p1b: CORBUS|Stamina|boost
|-boost|p1b: CORBUS|def|1
|
|-heal|p1b: CORBUS|59/100|[from] item: Leftovers
|-heal|p2a: Archaludon|12/100 brn|[from] item: Leftovers
|-damage|p1a: COMPU-RAY|94/100 brn|[from] brn
|-damage|p2a: Archaludon|6/100 brn|[from] brn
|upkeep
|
|t:|1783018275
|switch|p2b: Primarina|Primarina, L50, M|78/100
|turn|7
|
|t:|1783018294
|move|p2a: Archaludon|Protect|p2a: Archaludon
|-singleturn|p2a: Archaludon|Protect
|move|p1a: COMPU-RAY|Psychic Fangs|p2b: Primarina
|-damage|p2b: Primarina|51/100
|move|p1b: CORBUS|Draco Meteor|p2a: Archaludon
|-activate|p2a: Archaludon|move: Protect
|move|p2b: Primarina|Calm Mind|p2b: Primarina
|-boost|p2b: Primarina|spa|1
|-boost|p2b: Primarina|spd|1
|
|-heal|p1b: CORBUS|65/100|[from] item: Leftovers
|-heal|p2a: Archaludon|12/100 brn|[from] item: Leftovers
|-damage|p1a: COMPU-RAY|88/100 brn|[from] brn
|-damage|p2a: Archaludon|6/100 brn|[from] brn
|-sideend|p1: adriel8888|move: Tailwind
|upkeep
|turn|8
|
|t:|1783018314
|move|p1a: COMPU-RAY|Psychic Fangs|p2b: Primarina
|-damage|p2b: Primarina|23/100
|-enditem|p2b: Primarina|Sitrus Berry|[eat]
|-heal|p2b: Primarina|48/100|[from] item: Sitrus Berry
|move|p2a: Archaludon|Aura Sphere|p1b: CORBUS
|-supereffective|p1b: CORBUS|1
|-damage|p1b: CORBUS|16/100
|-ability|p1b: CORBUS|Stamina|boost
|-boost|p1b: CORBUS|def|1
|move|p1b: CORBUS|Electro Shot||[still]
|-prepare|p1b: CORBUS|Electro Shot
|-boost|p1b: CORBUS|spa|1
|move|p2b: Primarina|Hyper Voice|p1b: CORBUS|[spread] p1a,p1b
|-resisted|p1b: CORBUS|1
|-damage|p1a: COMPU-RAY|41/100 brn
|-damage|p1b: CORBUS|0 fnt
|faint|p1b: CORBUS
|
|-heal|p2a: Archaludon|12/100 brn|[from] item: Leftovers
|-damage|p1a: COMPU-RAY|35/100 brn|[from] brn
|-damage|p2a: Archaludon|6/100 brn|[from] brn
|upkeep
|
|t:|1783018316
|switch|p1b: ABRILE|Incineroar, L50, F|89/100
|-ability|p1b: ABRILE|Intimidate|boost
|-unboost|p2a: Archaludon|atk|1
|-unboost|p2b: Primarina|atk|1
|turn|9
|
|t:|1783018339
|move|p2a: Archaludon|Protect|p2a: Archaludon
|-singleturn|p2a: Archaludon|Protect
|move|p1b: ABRILE|Fake Out|p2a: Archaludon
|-activate|p2a: Archaludon|move: Protect
|move|p1a: COMPU-RAY|Psychic Fangs|p2b: Primarina
|-damage|p2b: Primarina|20/100y
|move|p2b: Primarina|Hyper Voice|p1b: ABRILE|[spread] p1a,p1b
|-supereffective|p1b: ABRILE|1
|-damage|p1a: COMPU-RAY|0 fnt
|-damage|p1b: ABRILE|6/100
|-enditem|p1b: ABRILE|Sitrus Berry|[eat]
|-heal|p1b: ABRILE|31/100|[from] item: Sitrus Berry
|faint|p1a: COMPU-RAY
|
|-heal|p2a: Archaludon|12/100 brn|[from] item: Leftovers
|-damage|p2a: Archaludon|6/100 brn|[from] brn
|upkeep
|turn|10
|
|t:|1783018362
|move|p2a: Archaludon|Aura Sphere|p1b: ABRILE
|-supereffective|p1b: ABRILE|1
|-damage|p1b: ABRILE|0 fnt
|faint|p1b: ABRILE
|
|win|16 letters mimimi
|l|☆adriel8888
|player|p1|
|c|☆16 letters mimimi|gg
