|j|☆Bellosom22
|j|☆RagingJudge
|html|Bellosom22RagingJudge    
|uhtml|bestof|Game 1 of a best-of-3
|t:|1757651915
|gametype|doubles
|player|p1|Bellosom22|youngster-gen4dp|1077
|player|p2|RagingJudge|silver|1091
|gen|9
|tier|[Gen 9] VGC 2025 Reg H (Bo3)
|rated|
|rule|Species Clause: Limit one of each Pokémon
|rule|Item Clause: Limit 1 of each item
|clearpoke
|poke|p1|Archaludon, L50, M|
|poke|p1|Basculegion, L50, M|
|poke|p1|Pelipper, L50, F|
|poke|p1|Amoonguss, L50, F|
|poke|p1|Incineroar, L50, F|
|poke|p1|Maushold, L50|
|poke|p2|Pelipper, L50, F|
|poke|p2|Archaludon, L50, F|
|poke|p2|Kingdra, L50, F|
|poke|p2|Illumise, L50, F|
|poke|p2|Rillaboom, L50, M|
|poke|p2|Sneasler, L50, F|
|teampreview|4
|showteam|p1|Archaludon||AssaultVest|Stamina|ElectroShot,DragonPulse,FlashCannon,BodyPress|||M|||50|,,,,,Grass]Basculegion||MysticWater|SwiftSwim|Protect,WaveCrash,AquaJet,LastRespects|||M|||50|,,,,,Water]Pelipper||FocusSash|Drizzle|Hurricane,WeatherBall,Tailwind,Protect|||F|||50|,,,,,Ghost]Amoonguss||SitrusBerry|Regenerator|Spore,RagePowder,PollenPuff,ClearSmog|||F|||50|,,,,,Water]Incineroar||SafetyGoggles|Intimidate|FakeOut,FlareBlitz,KnockOff,PartingShot|||F|||50|,,,,,Ghost]Maushold||WideLens|Technician|PopulationBomb,FollowMe,Taunt,Protect||||||50|,,,,,Grass
|showteam|p2|Pelipper||SafetyGoggles|Drizzle|Hurricane,WideGuard,Protect,WeatherBall|||F|||50|,,,,,Ghost]Archaludon||AssaultVest|Stamina|ElectroShot,FlashCannon,DracoMeteor,BodyPress|||F|||50|,,,,,Fairy]Kingdra||LifeOrb|SwiftSwim|MuddyWater,DracoMeteor,Hurricane,Protect|||F|||50|,,,,,Stellar]Illumise||CovertCloak|Prankster|Tailwind,RainDance,StruggleBug,FakeTears|||F|||50|,,,,,Dark]Rillaboom||LoadedDice|GrassySurge|FakeOut,GrassyGlide,BulletSeed,HighHorsepower|||M|||50|,,,,,Fire]Sneasler||FocusSash|Unburden|DireClaw,Protect,Coaching,CloseCombat|||F|||50|,,,,,Ghost
|inactive|Battle timer is ON: inactive players will automatically lose when time's up. (requested by Bellosom22)
|inactive|Bellosom22 has 60 seconds left.
|inactive|Bellosom22 has 30 seconds left.
|inactive|Bellosom22 has 20 seconds left.
|inactive|Bellosom22 has 15 seconds left.
|
|t:|1757651992
|teamsize|p1|4
|teamsize|p2|4
|start
|switch|p1a: Amoonguss|Amoonguss, L50, F|100/100
|switch|p1b: Maushold|Maushold, L50|100/100
|switch|p2a: Illumise|Illumise, L50, F|100/100
|switch|p2b: Kingdra|Kingdra, L50, F|100/100
|turn|1
|inactive|Bellosom22 has 30 seconds left.
|inactive|Bellosom22 has 20 seconds left.
|inactive|Bellosom22 has 15 seconds left.
|inactive|Bellosom22 has 10 seconds left.
|
|t:|1757652038
|move|p2b: Kingdra|Protect|p2b: Kingdra
|-singleturn|p2b: Kingdra|Protect
|move|p1a: Amoonguss|Rage Powder|p1a: Amoonguss
|-singleturn|p1a: Amoonguss|move: Rage Powder
|move|p2a: Illumise|Fake Tears|p1a: Amoonguss
|-unboost|p1a: Amoonguss|spd|2
|move|p1b: Maushold|Taunt|p2a: Illumise
|-start|p2a: Illumise|move: Taunt
|
|upkeep
|turn|2
|inactive|Bellosom22 has 30 seconds left.
|
|t:|1757652068
|switch|p2a: Sneasler|Sneasler, L50, F|100/100
|move|p1b: Maushold|Follow Me|p1b: Maushold
|-singleturn|p1b: Maushold|move: Follow Me
|move|p2b: Kingdra|Draco Meteor|p1b: Maushold
|-damage|p1b: Maushold|0 fnt
|-unboost|p2b: Kingdra|spa|2
|faint|p1b: Maushold
|-damage|p2b: Kingdra|90/100|[from] item: Life Orb
|move|p1a: Amoonguss|Spore|p2b: Kingdra
|-status|p2b: Kingdra|slp|[from] move: Spore
|
|upkeep
|
|t:|1757652083
|switch|p1b: Pelipper|Pelipper, L50, F|100/100
|-weather|RainDance|[from] ability: Drizzle|[of] p1b: Pelipper
|turn|3
|
|t:|1757652105
|switch|p2b: Rillaboom|Rillaboom, L50, M|100/100
|-fieldstart|move: Grassy Terrain|[from] ability: Grassy Surge|[of] p2b: Rillaboom
|switch|p1a: Archaludon|Archaludon, L50, M|100/100
|move|p2a: Sneasler|Coaching|p2b: Rillaboom
|-boost|p2b: Rillaboom|atk|1
|-boost|p2b: Rillaboom|def|1
|move|p1b: Pelipper|Tailwind|p1b: Pelipper
|-sidestart|p1: Bellosom22|move: Tailwind
|
|-weather|RainDance|[upkeep]
|upkeep
|turn|4
|inactive|Bellosom22 has 30 seconds left.
|inactive|RagingJudge has 30 seconds left.
|inactive|Bellosom22 has 20 seconds left.
|
|t:|1757652142
|-terastallize|p2b: Rillaboom|Fire
|move|p2b: Rillaboom|Grassy Glide|p1b: Pelipper
|-damage|p1b: Pelipper|32/100
|move|p1b: Pelipper|Hurricane|p2a: Sneasler
|-supereffective|p2a: Sneasler
|-enditem|p2a: Sneasler|Focus Sash
|-damage|p2a: Sneasler|1/100
|-start|p2a: Sneasler|confusion
|-activate|p2a: Sneasler|confusion
|-damage|p2a: Sneasler|0 fnt|[from] confusion
|faint|p2a: Sneasler
|move|p1a: Archaludon|Electro Shot||[still]
|-prepare|p1a: Archaludon|Electro Shot
|-boost|p1a: Archaludon|spa|1
|-anim|p1a: Archaludon|Electro Shot|p2b: Rillaboom
|-damage|p2b: Rillaboom|24/100
|
|-weather|RainDance|[upkeep]
|-heal|p2b: Rillaboom|29/100|[from] Grassy Terrain
|upkeep
|
|t:|1757652155
|switch|p2a: Illumise|Illumise, L50, F|100/100
|turn|5
|
|t:|1757652168
|switch|p1b: Amoonguss|Amoonguss, L50, F|100/100
|move|p2a: Illumise|Tailwind|p2a: Illumise
|-sidestart|p2: RagingJudge|move: Tailwind
|move|p2b: Rillaboom|Bullet Seed|p1b: Amoonguss
|-resisted|p1b: Amoonguss
|-damage|p1b: Amoonguss|95/100
|-resisted|p1b: Amoonguss
|-damage|p1b: Amoonguss|91/100
|-resisted|p1b: Amoonguss
|-damage|p1b: Amoonguss|86/100
|-resisted|p1b: Amoonguss
|-damage|p1b: Amoonguss|81/100
|-hitcount|p1b: Amoonguss|4
|move|p1a: Archaludon|Electro Shot||[still]
|-prepare|p1a: Archaludon|Electro Shot
|-boost|p1a: Archaludon|spa|1
|-anim|p1a: Archaludon|Electro Shot|p2b: Rillaboom
|-damage|p2b: Rillaboom|0 fnt
|faint|p2b: Rillaboom
|
|-weather|RainDance|[upkeep]
|-heal|p1b: Amoonguss|87/100|[from] Grassy Terrain
|upkeep
|
|t:|1757652178
|switch|p2b: Kingdra|Kingdra, L50, F|90/100 slp
|turn|6
|-message|RagingJudge forfeited.
|
|win|Bellosom22
|l|☆RagingJudge
|player|p2|
|raw|Bellosom22's rating: 1077 → 1108(+31 for winning)
|raw|RagingJudge's rating: 1111 → 1084(-27 for losing)
|l|☆Bellosom22
|player|p1|
