|j|☆DavoDiCompota
|j|☆lordtentacle69
|html|DavoDiCompotalordtentacle69    
|uhtml|bestof|Game 3 of a best-of-3
|t:|1783059751
|gametype|doubles
|player|p1|DavoDiCompota|iris|1341
|player|p2|lordtentacle69|corbeau|1335
|gen|9
|tier|[Gen 9 Champions] VGC 2026 Reg M-B (Bo3)
|rated|
|rule|Species Clause: Limit one of each Pokémon
|rule|Item Clause: Limit 1 of each item
|clearpoke
|poke|p1|Scrafty, L50, F|
|poke|p1|Glimmora, L50, F|
|poke|p1|Gholdengo, L50|
|poke|p1|Whimsicott, L50, M|
|poke|p1|Garchomp, L50, F|
|poke|p1|Charizard, L50, M|
|poke|p2|Aerodactyl, L50, F|
|poke|p2|Charizard, L50, M|
|poke|p2|Kingambit, L50, M|
|poke|p2|Sylveon, L50, M|
|poke|p2|Farigiraf, L50, F|
|poke|p2|Garchomp, L50, M|
|teampreview|4
|showteam|p1|Scrafty||Scraftinite|Intimidate|FakeOut,DrainPunch,IcePunch,KnockOff|Careful||F|||50|]Glimmora||FocusSash|ToxicDebris|PowerGem,EarthPower,SludgeBomb,SpikyShield|Timid||F|||50|]Gholdengo||MetalCoat|GoodasGold|Protect,MakeItRain,ShadowBall,NastyPlot|Modest|||||50|]Whimsicott||OccaBerry|Prankster|Tailwind,Moonblast,Encore,Protect|Timid||M|||50|]Garchomp||LifeOrb|RoughSkin|DragonClaw,StompingTantrum,Earthquake,Protect|Jolly||F|||50|]Charizard||CharizarditeY|SolarPower|Protect,WeatherBall,HeatWave,SolarBeam|Modest||M|||50|
|showteam|p2|Aerodactyl||Aerodactylite|Unnerve|RockSlide,DualWingbeat,IceFang,Tailwind|Jolly||F|||50|]Charizard||CharizarditeY|Blaze|HeatWave,Protect,SolarBeam,WeatherBall|Modest||M|||50|]Kingambit||FocusSash|Defiant|KowtowCleave,SuckerPunch,LowKick,IronHead|Adamant||M|||50|]Sylveon||FairyFeather|Pixilate|HyperVoice,HyperBeam,QuickAttack,Protect|Modest||M|||50|]Farigiraf||SitrusBerry|ArmorTail|Psychic,Protect,TrickRoom,Thunderbolt|Bold||F|||50|]Garchomp||LifeOrb|RoughSkin|Earthquake,StompingTantrum,DragonClaw,Protect|Jolly||M|||50|
|inactive|Battle timer is ON: inactive players will automatically lose when time's up. (requested by DavoDiCompota)
|
|t:|1783059771
|teamsize|p1|4
|teamsize|p2|4
|start
|switch|p1a: Scrafty|Scrafty, L50, F|100/100
|switch|p1b: Glimmora|Glimmora, L50, F|100/100
|switch|p2a: Sylveon|Sylveon, L50, M|100/100
|switch|p2b: Farigiraf|Farigiraf, L50, F|100/100
|-ability|p1a: Scrafty|Intimidate|boost
|-unboost|p2a: Sylveon|atk|1
|-unboost|p2b: Farigiraf|atk|1
|turn|1
|inactive|DavoDiCompota has 30 seconds left.
|
|t:|1783059805
|detailschange|p1a: Scrafty|Scrafty-Mega, L50, F
|-mega|p1a: Scrafty|Scrafty|Scraftinite
|-ability|p1a: Scrafty|Intimidate|boost
|-unboost|p2a: Sylveon|atk|1
|-unboost|p2b: Farigiraf|atk|1
|move|p2b: Farigiraf|Protect|p2b: Farigiraf
|-singleturn|p2b: Farigiraf|Protect
|move|p1b: Glimmora|Sludge Bomb|p2b: Farigiraf
|-activate|p2b: Farigiraf|move: Protect
|move|p1a: Scrafty|Knock Off|p2b: Farigiraf
|-activate|p2b: Farigiraf|move: Protect
|move|p2a: Sylveon|Hyper Voice|p1b: Glimmora|[spread] p1a,p1b
|-supereffective|p1a: Scrafty|2
|-resisted|p1b: Glimmora|1
|-damage|p1a: Scrafty|0 fnt
|-damage|p1b: Glimmora|66/100
|faint|p1a: Scrafty
|
|upkeep
|
|t:|1783059811
|switch|p1a: Gholdengo|Gholdengo, L50|100/100
|turn|2
|
|t:|1783059835
|move|p1b: Glimmora|Sludge Bomb|p2b: Farigiraf
|-damage|p2b: Farigiraf|53/100
|move|p1a: Gholdengo|Make It Rain|p2b: Farigiraf|[spread] p2a,p2b
|-supereffective|p2a: Sylveon|1
|-crit|p2a: Sylveon
|-damage|p2a: Sylveon|0 fnt
|-damage|p2b: Farigiraf|0 fnt
|-unboost|p1a: Gholdengo|spa|2
|faint|p2a: Sylveon
|faint|p2b: Farigiraf
|
|upkeep
|
|t:|1783059845
|switch|p2a: Charizard|Charizard, L50, M|100/100
|switch|p2b: Aerodactyl|Aerodactyl, L50, F|100/100
|-ability|p2b: Aerodactyl|Unnerve
|turn|3
|
|t:|1783059870
|detailschange|p2a: Charizard|Charizard-Mega-Y, L50, M
|-mega|p2a: Charizard|Charizard|Charizardite Y
|-weather|SunnyDay|[from] ability: Drought|[of] p2a: Charizard
|move|p1b: Glimmora|Spiky Shield|p1b: Glimmora
|-singleturn|p1b: Glimmora|move: Protect
|move|p2b: Aerodactyl|Tailwind|p2b: Aerodactyl
|-sidestart|p2: lordtentacle69|move: Tailwind
|move|p2a: Charizard|Solar Beam||[still]
|-prepare|p2a: Charizard|Solar Beam
|-anim|p2a: Charizard|Solar Beam|p1b: Glimmora
|-activate|p1b: Glimmora|move: Protect
|move|p1a: Gholdengo|Shadow Ball|p2a: Charizard
|-damage|p2a: Charizard|78/100
|-unboost|p2a: Charizard|spd|1
|
|-weather|SunnyDay|[upkeep]
|upkeep
|turn|4
|inactive|DavoDiCompota has 30 seconds left.
|inactive|lordtentacle69 has 30 seconds left.
|inactive|DavoDiCompota has 20 seconds left.
|
|t:|1783059909
|switch|p1a: Whimsicott|Whimsicott, L50, M|100/100
|move|p2b: Aerodactyl|Dual Wingbeat|p1a: Whimsicott
|-supereffective|p1a: Whimsicott|1
|-damage|p1a: Whimsicott|47/100
|-supereffective|p1a: Whimsicott|1
|-damage|p1a: Whimsicott|0 fnt
|faint|p1a: Whimsicott
|-hitcount|p1: Whimsicott|2
|move|p2a: Charizard|Solar Beam||[still]
|-prepare|p2a: Charizard|Solar Beam
|-anim|p2a: Charizard|Solar Beam|p1b: Glimmora
|-damage|p1b: Glimmora|1/100
|move|p1b: Glimmora|Power Gem|p2a: Charizard
|-supereffective|p2a: Charizard|2
|-damage|p2a: Charizard|0 fnt
|faint|p2a: Charizard
|
|-weather|SunnyDay|[upkeep]
|upkeep
|
|t:|1783059923
|switch|p1a: Gholdengo|Gholdengo, L50|100/100
|turn|5
|
|t:|1783059930
|move|p2b: Aerodactyl|Rock Slide|p1a: Gholdengo|[spread] p1a,p1b
|-resisted|p1a: Gholdengo|1
|-damage|p1a: Gholdengo|87/100
|-damage|p1b: Glimmora|0 fnt
|-activate|p1b: Glimmora|ability: Toxic Debris
|-sidestart|p2: lordtentacle69|move: Toxic Spikes
|faint|p1b: Glimmora
|move|p1a: Gholdengo|Make It Rain|p2b: Aerodactyl
|-supereffective|p2b: Aerodactyl|1
|-damage|p2b: Aerodactyl|0 fnt
|-unboost|p1a: Gholdengo|spa|2
|faint|p2b: Aerodactyl
|
|win|DavoDiCompota
|raw|DavoDiCompota's rating: 1341 → 1361(+20 for winning)
|raw|lordtentacle69's rating: 1335 → 1315(-20 for losing)
