|j|☆spacetarts
|j|☆FireBoyJ
|html|spacetartsFireBoyJ    
|uhtml|bestof|Game 3 of a best-of-3
|t:|1784375492
|gametype|doubles
|player|p1|spacetarts|265|
|player|p2|FireBoyJ|2|
|gen|9
|tier|[Gen 9 Champions] VGC 2026 Reg M-B (Bo3)
|rule|Species Clause: Limit one of each Pokémon
|rule|Item Clause: Limit 1 of each item
|clearpoke
|poke|p1|Golurk, L50|
|poke|p1|Goodra, L50, M, shiny|
|poke|p1|Runerigus, L50, F|
|poke|p1|Liepard, L50, M|
|poke|p1|Mawile, L50, M|
|poke|p1|Chandelure, L50, M|
|poke|p2|Manectric, L50, M|
|poke|p2|Liepard, L50, M|
|poke|p2|Floette-Eternal, L50, F|
|poke|p2|Serperior, L50, M|
|poke|p2|Tauros-Paldea-Aqua, L50, M|
|poke|p2|Gardevoir, L50, M|
|teampreview|4
|showteam|p1|Golurk||Golurkite|IronFist|HeadlongRush,HammerArm,RockSlide,Protect|Adamant|||||50|]Goodra||Leftovers|Gooey|LifeDew,GigaDrain,DragonPulse,Feint|Bold||M|||50|]Runerigus||SitrusBerry|WanderingSpirit|TrickRoom,AllySwitch,ShadowClaw,WillOWisp|Sassy||F|||50|]Liepard||ChopleBerry|Prankster|Yawn,FakeOut,SunnyDay,KnockOff|Adamant||M|||50|]Mawile||LifeOrb|Intimidate|KnockOff,Protect,PlayRough,IronHead|Impish||M|||50|]Chandelure||FocusSash|FlashFire|ShadowBall,HeatWave,TrickRoom,Protect|Quiet||M|||50|
|showteam|p2|Manectric||Manectite|LightningRod|Thunderbolt,Snarl,VoltSwitch,Protect|Timid||M|||50|]Liepard||FocusSash|Prankster|KnockOff,FakeOut,Taunt,ThunderWave|Jolly||M|||50|]Floette-Eternal||Leftovers|FlowerVeil|Moonblast,DazzlingGleam,CalmMind,Protect|Modest||F|||50|]Serperior||LightClay|Contrary|LeafStorm,Glare,LightScreen,Reflect|Timid||M|||50|]Tauros-Paldea-Aqua||SitrusBerry|Intimidate|WaveCrash,CloseCombat,AquaJet,Protect|Adamant||M|||50|]Gardevoir||ChoiceScarf|Trace|Moonblast,Psyshock,IcyWind,DazzlingGleam|Modest||M|||50|
|
|t:|1784375632
|teamsize|p1|4
|teamsize|p2|4
|start
|switch|p1a: Mawile|Mawile, L50, M|100/100
|switch|p1b: Runerigus|Runerigus, L50, F|100/100
|switch|p2a: Liepard|Liepard, L50, M|100/100
|switch|p2b: Tauros|Tauros-Paldea-Aqua, L50, M|100/100
|-ability|p2b: Tauros|Intimidate|boost
|-unboost|p1a: Mawile|atk|1
|-unboost|p1b: Runerigus|atk|1
|-ability|p1a: Mawile|Intimidate|boost
|-unboost|p2a: Liepard|atk|1
|-unboost|p2b: Tauros|atk|1
|turn|1
|
|t:|1784375664
|move|p2a: Liepard|Taunt|p1b: Runerigus
|-start|p1b: Runerigus|move: Taunt
|move|p2b: Tauros|Wave Crash|p1a: Mawile
|-damage|p1a: Mawile|63/100
|-damage|p2b: Tauros|91/100|[from] Recoil
|move|p1a: Mawile|Play Rough|p2a: Liepard
|-supereffective|p2a: Liepard|1
|-enditem|p2a: Liepard|Focus Sash
|-damage|p2a: Liepard|1/100
|-damage|p1a: Mawile|53/100|[from] item: Life Orb
|move|p1b: Runerigus|Shadow Claw|p2a: Liepard
|-resisted|p2a: Liepard|1
|-damage|p2a: Liepard|0 fnt
|faint|p2a: Liepard
|
|upkeep
|
|t:|1784375682
|switch|p2a: Manectric|Manectric, L50, M|100/100
|turn|2
|
|t:|1784375704
|switch|p1b: Golurk|Golurk, L50|100/100
|detailschange|p2a: Manectric|Manectric-Mega, L50, M
|-mega|p2a: Manectric|Manectric|Manectite
|-ability|p2a: Manectric|Intimidate|boost
|-unboost|p1a: Mawile|atk|1
|-unboost|p1b: Golurk|atk|1
|move|p1a: Mawile|Protect|p1a: Mawile
|-singleturn|p1a: Mawile|Protect
|move|p2a: Manectric|Snarl|p1b: Golurk|[spread] p1b
|-activate|p1a: Mawile|move: Protect
|-supereffective|p1b: Golurk|1
|-damage|p1b: Golurk|73/100
|-unboost|p1b: Golurk|spa|1
|move|p2b: Tauros|Wave Crash|p1b: Golurk
|-supereffective|p1b: Golurk|1
|-damage|p1b: Golurk|2/100
|-damage|p2b: Tauros|66/100|[from] Recoil
|
|upkeep
|turn|3
|
|t:|1784375736
|move|p1b: Golurk|Protect|p1b: Golurk
|-singleturn|p1b: Golurk|Protect
|move|p2a: Manectric|Thunderbolt|p1a: Mawile
|-damage|p1a: Mawile|0 fnt
|faint|p1a: Mawile
|move|p2b: Tauros|Wave Crash|p1b: Golurk
|-activate|p1b: Golurk|move: Protect
|
|upkeep
|
|t:|1784375746
|switch|p1a: Runerigus|Runerigus, L50, F|100/100
|turn|4
|
|t:|1784375765
|detailschange|p1b: Golurk|Golurk-Mega, L50
|-mega|p1b: Golurk|Golurk|Golurkite
|move|p2a: Manectric|Snarl|p1b: Golurk|[spread] p1a,p1b
|-supereffective|p1a: Runerigus|1
|-crit|p1a: Runerigus
|-supereffective|p1b: Golurk|1
|-damage|p1a: Runerigus|68/100
|-damage|p1b: Golurk|0 fnt
|-unboost|p1a: Runerigus|spa|1
|faint|p1b: Golurk
|move|p2b: Tauros|Wave Crash|p1a: Runerigus
|-supereffective|p1a: Runerigus|1
|-damage|p1a: Runerigus|17/100
|-activate|p2b: Tauros|Skill Swap|Wandering Spirit|Intimidate|[of] p1a: Runerigus
|-ability|p1a: Runerigus|Intimidate|boost
|-unboost|p2a: Manectric|atk|1
|-unboost|p2b: Tauros|atk|1
|-enditem|p1a: Runerigus|Sitrus Berry|[eat]
|-heal|p1a: Runerigus|42/100|[from] item: Sitrus Berry
|-damage|p2b: Tauros|51/100|[from] Recoil
|move|p1a: Runerigus|Trick Room|p1a: Runerigus
|-fieldstart|move: Trick Room|[of] p1a: Runerigus
|
|upkeep
|
|t:|1784375780
|switch|p1b: Chandelure|Chandelure, L50, M|100/100
|turn|5
|
|t:|1784375835
|switch|p2b: Floette|Floette-Eternal, L50, F|100/100
|move|p2a: Manectric|Protect|p2a: Manectric
|-singleturn|p2a: Manectric|Protect
|move|p1a: Runerigus|Ally Switch|p1a: Runerigus
|swap|p1a: Runerigus|1|[from] move: Ally Switch
|move|p1a: Chandelure|Heat Wave|p2a: Manectric|[spread] p2b
|-activate|p2a: Manectric|move: Protect
|-damage|p2b: Floette|61/100
|
|-heal|p2b: Floette|67/100|[from] item: Leftovers
|upkeep
|turn|6
|
|t:|1784375861
|move|p1b: Runerigus|Shadow Claw|p2a: Manectric
|-damage|p2a: Manectric|74/100
|move|p1a: Chandelure|Heat Wave|p2a: Manectric|[spread] p2a,p2b
|-damage|p2a: Manectric|12/100
|-damage|p2b: Floette|34/100
|move|p2b: Floette|Dazzling Gleam|p1a: Chandelure|[spread] p1a,p1b
|-resisted|p1a: Chandelure|1
|-damage|p1a: Chandelure|85/100
|-damage|p1b: Runerigus|20/100y
|move|p2a: Manectric|Snarl|p1a: Chandelure|[spread] p1a,p1b
|-supereffective|p1a: Chandelure|1
|-supereffective|p1b: Runerigus|1
|-damage|p1a: Chandelure|53/100
|-damage|p1b: Runerigus|0 fnt
|-unboost|p1a: Chandelure|spa|1
|faint|p1b: Runerigus
|
|-heal|p2b: Floette|40/100|[from] item: Leftovers
|upkeep
|turn|7
|
|t:|1784375888
|move|p2b: Floette|Protect|p2b: Floette
|-singleturn|p2b: Floette|Protect
|move|p1a: Chandelure|Heat Wave|p2a: Manectric|[spread] p2a
|-activate|p2b: Floette|move: Protect
|-damage|p2a: Manectric|0 fnt
|faint|p2a: Manectric
|
|-heal|p2b: Floette|46/100|[from] item: Leftovers
|upkeep
|
|t:|1784375898
|switch|p2a: Tauros|Tauros-Paldea-Aqua, L50, M|51/100
|-ability|p2a: Tauros|Intimidate|boost
|-unboost|p1a: Chandelure|atk|1
|turn|8
|
|t:|1784375910
|move|p2a: Tauros|Protect|p2a: Tauros
|-singleturn|p2a: Tauros|Protect
|move|p1a: Chandelure|Shadow Ball|p2a: Tauros
|-activate|p2a: Tauros|move: Protect
|move|p2b: Floette|Moonblast|p1a: Chandelure
|-resisted|p1a: Chandelure|1
|-damage|p1a: Chandelure|28/100
|
|-heal|p2b: Floette|53/100|[from] item: Leftovers
|-fieldend|move: Trick Room
|upkeep
|turn|9
|
|t:|1784375922
|move|p2b: Floette|Moonblast|p1a: Chandelure
|-resisted|p1a: Chandelure|1
|-damage|p1a: Chandelure|3/100
|move|p2a: Tauros|Wave Crash|p1a: Chandelure
|-supereffective|p1a: Chandelure|1
|-damage|p1a: Chandelure|0 fnt
|faint|p1a: Chandelure
|-damage|p2a: Tauros|50/100y|[from] Recoil
|-enditem|p2a: Tauros|Sitrus Berry|[eat]
|-heal|p2a: Tauros|74/100|[from] item: Sitrus Berry
|
|win|FireBoyJ
|c|☆spacetarts|ggs
|c|☆FireBoyJ|gg
|l|☆spacetarts
|player|p1|
