|j|☆Darkan33
|j|☆JobberKatie
|html|Darkan33JobberKatie    
|uhtml|bestof|Game 3 of a best-of-3
|t:|1756310786
|gametype|doubles
|player|p1|Darkan33|veteran|1070
|player|p2|JobberKatie|bellelba|1060
|gen|9
|tier|[Gen 9] VGC 2025 Reg H (Bo3)
|rated|
|rule|Species Clause: Limit one of each Pokémon
|rule|Item Clause: Limit 1 of each item
|clearpoke
|poke|p1|Kingdra, L50, F|
|poke|p1|Pelipper, L50, M|
|poke|p1|Garchomp, L50, F|
|poke|p1|Breloom, L50, M|
|poke|p1|Archaludon, L50, M|
|poke|p1|Grimmsnarl, L50, M|
|poke|p2|Volcarona, L50, F|
|poke|p2|Rillaboom, L50, F|
|poke|p2|Tyranitar, L50, M|
|poke|p2|Dragonite, L50, F|
|poke|p2|Jumpluff, L50, M|
|poke|p2|Primarina, L50, M|
|teampreview|4
|showteam|p1|Kingdra||LifeOrb|SwiftSwim|MuddyWater,DracoMeteor,Hurricane,Protect|||F|||50|,,,,,Stellar]Pelipper||CovertCloak|Drizzle|WeatherBall,Hurricane,WideGuard,Tailwind|||M|||50|,,,,,Ghost]Garchomp||LoadedDice|RoughSkin|ScaleShot,Protect,StompingTantrum,Earthquake|||F|||50|,,,,,Steel]Breloom||FocusSash|Technician|MachPunch,BulletSeed,Spore,Protect|||M|||50|,,,,,Steel]Archaludon||AssaultVest|Stamina|BodyPress,FlashCannon,ElectroShot,DragonPulse|||M|||50|,,,,,Grass]Grimmsnarl||LightClay|Prankster|LightScreen,Reflect,SpiritBreak,ThunderWave|||M|||50|,,,,,Ghost
|showteam|p2|Volcarona||GrassySeed|FlameBody|QuiverDance,HeatWave,TeraBlast,Protect|||F|||50|,,,,,Fairy]Rillaboom||AssaultVest|GrassySurge|HighHorsepower,GrassyGlide,Uturn,FakeOut|||F|||50|,,,,,Fire]Tyranitar||LifeOrb|SandStream|RockSlide,KnockOff,Protect,DragonDance|||M|||50|,,,,,Ghost]Dragonite||LoadedDice|Multiscale|ExtremeSpeed,IceSpinner,Protect,ScaleShot|||F|||50|,,,,,Steel]Jumpluff||CovertCloak|Chlorophyll|SleepPowder,Tailwind,Encore,LeafStorm|||M|||50|,,,,,Water]Primarina||SitrusBerry|LiquidVoice|HyperVoice,Moonblast,Protect,Haze|||M|||50|,,,,,Poison
|
|t:|1756310806
|teamsize|p1|4
|teamsize|p2|4
|start
|switch|p1a: Archaludon|Archaludon, L50, M|100/100
|switch|p1b: Breloom|Breloom, L50, M, shiny|100/100
|switch|p2a: Nami|Jumpluff, L50, M|100/100
|switch|p2b: Monkey D Garp|Rillaboom, L50, F|100/100
|-fieldstart|move: Grassy Terrain|[from] ability: Grassy Surge|[of] p2b: Monkey D Garp
|turn|1
|
|t:|1756310823
|switch|p1b: Pelipper|Pelipper, L50, M, shiny|100/100
|-weather|RainDance|[from] ability: Drizzle|[of] p1b: Pelipper
|move|p2b: Monkey D Garp|Fake Out|p1b: Pelipper
|-crit|p1b: Pelipper
|-damage|p1b: Pelipper|73/100
|move|p2a: Nami|Sleep Powder|p1a: Archaludon
|-status|p1a: Archaludon|slp|[from] move: Sleep Powder
|cant|p1a: Archaludon|slp
|
|-weather|RainDance|[upkeep]
|upkeep
|turn|2
|
|t:|1756310840
|move|p2a: Nami|Sleep Powder|p1b: Pelipper|[miss]
|-miss|p2a: Nami|p1b: Pelipper
|move|p1b: Pelipper|Hurricane|p2a: Nami
|-supereffective|p2a: Nami
|-damage|p2a: Nami|0 fnt
|faint|p2a: Nami
|-curestatus|p1a: Archaludon|slp|[msg]
|move|p1a: Archaludon|Electro Shot||[still]
|-prepare|p1a: Archaludon|Electro Shot
|-boost|p1a: Archaludon|spa|1
|-anim|p1a: Archaludon|Electro Shot|p2b: Monkey D Garp
|-resisted|p2b: Monkey D Garp
|-damage|p2b: Monkey D Garp|78/100
|move|p2b: Monkey D Garp|U-turn|p1b: Pelipper
|-resisted|p1b: Pelipper
|-damage|p1b: Pelipper|58/100
|
|t:|1756310846
|switch|p2b: Rocks D Xebec|Tyranitar, L50, M|100/100|[from] U-turn
|-weather|Sandstorm|[from] ability: Sand Stream|[of] p2b: Rocks D Xebec
|
|-weather|Sandstorm|[upkeep]
|-damage|p1b: Pelipper|52/100|[from] Sandstorm
|upkeep
|
|t:|1756310852
|switch|p2a: Monkey D Garp|Rillaboom, L50, F|78/100
|turn|3
|
|t:|1756310860
|-terastallize|p1a: Archaludon|Grass
|move|p2a: Monkey D Garp|Fake Out|p1a: Archaludon
|-damage|p1a: Archaludon|90/100
|-ability|p1a: Archaludon|Stamina|boost
|-boost|p1a: Archaludon|def|1
|move|p1b: Pelipper|Hurricane|p2a: Monkey D Garp|[miss]
|-miss|p1b: Pelipper|p2a: Monkey D Garp
|cant|p1a: Archaludon|flinch
|move|p2b: Rocks D Xebec|Dragon Dance|p2b: Rocks D Xebec
|-boost|p2b: Rocks D Xebec|atk|1
|-boost|p2b: Rocks D Xebec|spe|1
|
|-weather|Sandstorm|[upkeep]
|-damage|p1b: Pelipper|47/100|[from] Sandstorm
|-damage|p1a: Archaludon|84/100|[from] Sandstorm
|-damage|p2a: Monkey D Garp|72/100|[from] Sandstorm
|-heal|p1a: Archaludon|90/100|[from] Grassy Terrain
|-heal|p2a: Monkey D Garp|78/100|[from] Grassy Terrain
|upkeep
|turn|4
|
|t:|1756310883
|-terastallize|p2b: Rocks D Xebec|Ghost
|move|p1b: Pelipper|Wide Guard|p1b: Pelipper
|-singleturn|p1b: Pelipper|Wide Guard
|move|p2a: Monkey D Garp|Grassy Glide|p1b: Pelipper
|-damage|p1b: Pelipper|0 fnt
|faint|p1b: Pelipper
|move|p2b: Rocks D Xebec|Knock Off|p1a: Archaludon
|-damage|p1a: Archaludon|39/100
|-ability|p1a: Archaludon|Stamina|boost
|-boost|p1a: Archaludon|def|1
|-enditem|p1a: Archaludon|Assault Vest|[from] move: Knock Off|[of] p2b: Rocks D Xebec
|-damage|p2b: Rocks D Xebec|91/100|[from] item: Life Orb
|move|p1a: Archaludon|Flash Cannon|p2b: Rocks D Xebec
|-damage|p2b: Rocks D Xebec|39/100
|
|-weather|Sandstorm|[upkeep]
|-damage|p2b: Rocks D Xebec|33/100|[from] Sandstorm
|-damage|p1a: Archaludon|33/100|[from] Sandstorm
|-damage|p2a: Monkey D Garp|72/100|[from] Sandstorm
|-heal|p2b: Rocks D Xebec|39/100|[from] Grassy Terrain
|-heal|p1a: Archaludon|39/100|[from] Grassy Terrain
|-heal|p2a: Monkey D Garp|78/100|[from] Grassy Terrain
|upkeep
|
|t:|1756310911
|switch|p1b: Breloom|Breloom, L50, M, shiny|100/100
|turn|5
|
|t:|1756310940
|move|p2b: Rocks D Xebec|Rock Slide|p1a: Archaludon|[spread] p1a,p1b
|-resisted|p1b: Breloom
|-damage|p1a: Archaludon|16/100
|-damage|p1b: Breloom|51/100
|-ability|p1a: Archaludon|Stamina|boost
|-boost|p1a: Archaludon|def|1
|-damage|p2b: Rocks D Xebec|30/100|[from] item: Life Orb
|move|p1b: Breloom|Spore|p2b: Rocks D Xebec
|-status|p2b: Rocks D Xebec|slp|[from] move: Spore
|cant|p1a: Archaludon|flinch
|move|p2a: Monkey D Garp|U-turn|p1b: Breloom
|-damage|p1b: Breloom|13/100
|
|t:|1756310943
|switch|p2a: Sanji|Volcarona, L50, F|100/100|[from] U-turn
|-enditem|p2a: Sanji|Grassy Seed
|-boost|p2a: Sanji|def|1|[from] item: Grassy Seed
|
|-weather|Sandstorm|[upkeep]
|-damage|p2a: Sanji|94/100|[from] Sandstorm
|-damage|p2b: Rocks D Xebec|23/100 slp|[from] Sandstorm
|-damage|p1b: Breloom|8/100|[from] Sandstorm
|-damage|p1a: Archaludon|10/100|[from] Sandstorm
|-heal|p2a: Sanji|100/100|[from] Grassy Terrain
|-heal|p2b: Rocks D Xebec|30/100 slp|[from] Grassy Terrain
|-heal|p1b: Breloom|13/100|[from] Grassy Terrain
|-heal|p1a: Archaludon|16/100|[from] Grassy Terrain
|-fieldend|move: Grassy Terrain
|upkeep
|turn|6
|
|t:|1756310974
|move|p2a: Sanji|Heat Wave|p1b: Breloom|[spread] p1a,p1b
|-supereffective|p1a: Archaludon
|-crit|p1a: Archaludon
|-supereffective|p1b: Breloom
|-crit|p1b: Breloom
|-damage|p1a: Archaludon|0 fnt
|-damage|p1b: Breloom|0 fnt
|faint|p1a: Archaludon
|faint|p1b: Breloom
|cant|p2b: Rocks D Xebec|slp
|
|-weather|none
|upkeep
|
|t:|1756310994
|switch|p1a: Garchomp|Garchomp, L50, F|100/100
|turn|7
|
|t:|1756311002
|move|p1a: Garchomp|Earthquake|p2a: Sanji|[spread] p2a,p2b
|-damage|p2a: Sanji|70/100
|-damage|p2b: Rocks D Xebec|0 fnt
|faint|p2b: Rocks D Xebec
|move|p2a: Sanji|Tera Blast|p1a: Garchomp
|-damage|p1a: Garchomp|75/100
|
|upkeep
|
|t:|1756311004
|switch|p2b: Monkey D Garp|Rillaboom, L50, F|78/100
|-fieldstart|move: Grassy Terrain|[from] ability: Grassy Surge|[of] p2b: Monkey D Garp
|turn|8
|
|t:|1756311010
|move|p1a: Garchomp|Protect|p1a: Garchomp
|-singleturn|p1a: Garchomp|Protect
|move|p2b: Monkey D Garp|Fake Out|p1a: Garchomp
|-activate|p1a: Garchomp|move: Protect
|move|p2a: Sanji|Quiver Dance|p2a: Sanji
|-boost|p2a: Sanji|spa|1
|-boost|p2a: Sanji|spd|1
|-boost|p2a: Sanji|spe|1
|
|-heal|p2a: Sanji|77/100|[from] Grassy Terrain
|-heal|p1a: Garchomp|81/100|[from] Grassy Terrain
|-heal|p2b: Monkey D Garp|84/100|[from] Grassy Terrain
|upkeep
|turn|9
|inactive|Battle timer is ON: inactive players will automatically lose when time's up. (requested by JobberKatie)
|
|t:|1756311016
|move|p2b: Monkey D Garp|Grassy Glide|p1a: Garchomp
|-damage|p1a: Garchomp|45/100
|-damage|p2b: Monkey D Garp|72/100|[from] ability: Rough Skin|[of] p1a: Garchomp
|move|p2a: Sanji|Tera Blast|p1a: Garchomp
|-damage|p1a: Garchomp|8/100
|move|p1a: Garchomp|Earthquake|p2a: Sanji|[spread] p2a,p2b
|-resisted|p2b: Monkey D Garp
|-damage|p2a: Sanji|61/100
|-damage|p2b: Monkey D Garp|63/100
|
|-heal|p2a: Sanji|67/100|[from] Grassy Terrain
|-heal|p1a: Garchomp|14/100|[from] Grassy Terrain
|-heal|p2b: Monkey D Garp|69/100|[from] Grassy Terrain
|upkeep
|turn|10
|c|☆JobberKatie|Gg
|
|t:|1756311030
|move|p2b: Monkey D Garp|Grassy Glide|p1a: Garchomp
|-damage|p1a: Garchomp|0 fnt
|-damage|p2b: Monkey D Garp|57/100|[from] ability: Rough Skin|[of] p1a: Garchomp
|faint|p1a: Garchomp
|
|win|JobberKatie
|raw|Darkan33's rating: 1070 → 1049(-21 for losing)
|raw|JobberKatie's rating: 1060 → 1092(+32 for winning)
|c|☆Darkan33|gg
|l|☆JobberKatie
|player|p2|
|c|☆Darkan33|op fan
