|j|☆marcusquinn
|j|☆catastrozzoliverdi
|html|marcusquinncatastrozzoliverdi    
|uhtml|bestof|Game 2 of a best-of-3
|t:|1754748218
|gametype|doubles
|player|p1|marcusquinn|hilbert-wonderlauncher|1298
|player|p2|catastrozzoliverdi|alder|1179
|gen|9
|tier|[Gen 9] VGC 2025 Reg H (Bo3)
|rated|
|rule|Species Clause: Limit one of each Pokémon
|rule|Item Clause: Limit 1 of each item
|clearpoke
|poke|p1|Pelipper, L50, M|
|poke|p1|Basculegion, L50, M|
|poke|p1|Rillaboom, L50, M|
|poke|p1|Archaludon, L50, F|
|poke|p1|Sneasler, L50, F|
|poke|p1|Maushold, L50|
|poke|p2|Garchomp, L50, M|
|poke|p2|Jumpluff, L50, F|
|poke|p2|Torkoal, L50, M|
|poke|p2|Dragonite, L50, M|
|poke|p2|Kingambit, L50, M|
|poke|p2|Typhlosion-Hisui, L50, M|
|teampreview|4
|showteam|p1|Pelipper||ChoiceScarf|Drizzle|IcyWind,WeatherBall,Hurricane,HelpingHand|||M|||50|,,,,,Ghost]Basculegion||MysticWater|SwiftSwim|WaveCrash,LastRespects,Protect,AquaJet|||M|||50|,,,,,Grass]Rillaboom||LifeOrb|GrassySurge|FakeOut,GrassyGlide,HighHorsepower,KnockOff|||M|||50|,,,,,Fire]Archaludon||AssaultVest|Stamina|ElectroShot,BodyPress,DragonPulse,FlashCannon|||F|||50|,,,,,Grass]Sneasler||FocusSash|Unburden|CloseCombat,DireClaw,ThroatChop,Protect|||F|||50|,,,,,Dark]Maushold||WideLens|Technician|PopulationBomb,FollowMe,Taunt,Protect||||||50|,,,,,Ghost
|showteam|p2|Garchomp||LifeOrb|RoughSkin|Earthquake,StompingTantrum,DragonClaw,Protect|||M|||50|,,,,,Fairy]Jumpluff||CovertCloak|Chlorophyll|SleepPowder,LeafStorm,Encore,Tailwind|||F|||50|,,,,,Poison]Torkoal||EjectPack|Drought|Overheat,BurningJealousy,HelpingHand,Protect|||M|||50|,,,,,Flying]Dragonite||LoadedDice|Multiscale|ScaleShot,ExtremeSpeed,IceSpinner,Protect|||M|||50|,,,,,Fairy]Kingambit||AssaultVest|Defiant|IronHead,SuckerPunch,Assurance,LowKick|||M|||50|,,,,,Flying]Typhlosion-Hisui||ChoiceSpecs|Blaze|Eruption,ShadowBall,HeatWave,Overheat|||M|||50|,,,,,Fire
|inactive|Battle timer is ON: inactive players will automatically lose when time's up. (requested by marcusquinn)
|inactive|catastrozzoliverdi has 60 seconds left.
|inactive|catastrozzoliverdi has 30 seconds left.
|inactive|catastrozzoliverdi has 20 seconds left.
|inactive|catastrozzoliverdi has 15 seconds left.
|inactive|catastrozzoliverdi has 10 seconds left.
|inactive|catastrozzoliverdi has 5 seconds left.
|
|t:|1754748304
|teamsize|p1|4
|teamsize|p2|4
|start
|switch|p1a: Sneasler|Sneasler, L50, F|100/100
|switch|p1b: Maushold|Maushold, L50|100/100
|switch|p2a: Garchomp|Garchomp, L50, M|100/100
|switch|p2b: Jumpluff|Jumpluff, L50, F|100/100
|turn|1
|inactive|catastrozzoliverdi has 30 seconds left.
|inactive|catastrozzoliverdi has 20 seconds left.
|
|t:|1754748339
|switch|p2a: Torkoal|Torkoal, L50, M|100/100
|-weather|SunnyDay|[from] ability: Drought|[of] p2a: Torkoal
|-terastallize|p2b: Jumpluff|Poison
|move|p1b: Maushold|Protect|p1b: Maushold
|-singleturn|p1b: Maushold|Protect
|move|p1a: Sneasler|Protect|p1a: Sneasler
|-singleturn|p1a: Sneasler|Protect
|move|p2b: Jumpluff|Sleep Powder|p1b: Maushold
|-activate|p1b: Maushold|move: Protect
|
|-weather|SunnyDay|[upkeep]
|upkeep
|turn|2
|
|t:|1754748357
|switch|p2b: Garchomp|Garchomp, L50, M|100/100
|switch|p1a: Pelipper|Pelipper, L50, M, shiny|100/100
|-weather|RainDance|[from] ability: Drizzle|[of] p1a: Pelipper
|move|p1b: Maushold|Population Bomb|p2a: Torkoal
|-damage|p2a: Torkoal|92/100
|-damage|p2a: Torkoal|83/100
|-hitcount|p2a: Torkoal|2
|move|p2a: Torkoal|Overheat|p1a: Pelipper
|-resisted|p1a: Pelipper
|-damage|p1a: Pelipper|82/100
|-unboost|p2a: Torkoal|spa|2
|-enditem|p2a: Torkoal|Eject Pack
|inactive|catastrozzoliverdi has 30 seconds left.
|inactive|catastrozzoliverdi has 20 seconds left.
|
|t:|1754748394
|switch|p2a: Jumpluff|Jumpluff, L50, F, tera:Poison|100/100
|
|-weather|RainDance|[upkeep]
|upkeep
|turn|3
|inactive|marcusquinn has 30 seconds left.
|
|t:|1754748419
|switch|p2b: Torkoal|Torkoal, L50, M|83/100
|-weather|SunnyDay|[from] ability: Drought|[of] p2b: Torkoal
|move|p2a: Jumpluff|Tailwind|p2a: Jumpluff
|-sidestart|p2: catastrozzoliverdi|move: Tailwind
|move|p1a: Pelipper|Icy Wind|p2b: Torkoal|[spread] p2a,p2b
|-resisted|p2b: Torkoal
|-damage|p2a: Jumpluff|89/100
|-damage|p2b: Torkoal|76/100
|-unboost|p2b: Torkoal|spe|1
|move|p1b: Maushold|Population Bomb|p2a: Jumpluff
|-damage|p2a: Jumpluff|75/100
|-damage|p2a: Jumpluff|60/100
|-damage|p2a: Jumpluff|44/100
|-damage|p2a: Jumpluff|29/100
|-damage|p2a: Jumpluff|15/100
|-damage|p2a: Jumpluff|0 fnt
|faint|p2a: Jumpluff
|-hitcount|p2: Jumpluff|6
|
|-weather|SunnyDay|[upkeep]
|upkeep
|
|t:|1754748443
|switch|p2a: Typhlosion|Typhlosion-Hisui, L50, M|100/100
|turn|4
|
|t:|1754748458
|switch|p1a: Sneasler|Sneasler, L50, F|100/100
|move|p1b: Maushold|Protect|p1b: Maushold
|-singleturn|p1b: Maushold|Protect
|move|p2a: Typhlosion|Eruption|p1b: Maushold|[spread] p1a
|-activate|p1b: Maushold|move: Protect
|-enditem|p1a: Sneasler|Focus Sash
|-damage|p1a: Sneasler|1/100
|move|p2b: Torkoal|Burning Jealousy|p1b: Maushold|[spread] p1a
|-activate|p1b: Maushold|move: Protect
|-damage|p1a: Sneasler|0 fnt
|faint|p1a: Sneasler
|
|-weather|SunnyDay|[upkeep]
|upkeep
|
|t:|1754748476
|switch|p1a: Pelipper|Pelipper, L50, M, shiny|82/100
|-weather|RainDance|[from] ability: Drizzle|[of] p1a: Pelipper
|turn|5
|
|t:|1754748490
|switch|p1b: Archaludon|Archaludon, L50, F|100/100
|move|p2b: Torkoal|Helping Hand|p2a: Typhlosion
|-singleturn|p2a: Typhlosion|Helping Hand|[of] p2b: Torkoal
|move|p2a: Typhlosion|Eruption|p1b: Archaludon|[spread] p1a,p1b
|-resisted|p1a: Pelipper
|-damage|p1a: Pelipper|29/100
|-damage|p1b: Archaludon|61/100
|-ability|p1b: Archaludon|Stamina|boost
|-boost|p1b: Archaludon|def|1
|move|p1a: Pelipper|Weather Ball|p2a: Typhlosion
|-supereffective|p2a: Typhlosion
|-damage|p2a: Typhlosion|0 fnt
|faint|p2a: Typhlosion
|
|-weather|RainDance|[upkeep]
|upkeep
|
|t:|1754748500
|switch|p2a: Garchomp|Garchomp, L50, M|100/100
|turn|6
|inactive|catastrozzoliverdi has 30 seconds left.
|inactive|catastrozzoliverdi has 20 seconds left.
|inactive|catastrozzoliverdi has 15 seconds left.
|
|t:|1754748542
|switch|p1a: Maushold|Maushold, L50|100/100
|move|p2b: Torkoal|Helping Hand|p2a: Garchomp
|-singleturn|p2a: Garchomp|Helping Hand|[of] p2b: Torkoal
|move|p2a: Garchomp|Stomping Tantrum|p1b: Archaludon
|-supereffective|p1b: Archaludon
|-damage|p1b: Archaludon|0 fnt
|faint|p1b: Archaludon
|-damage|p2a: Garchomp|91/100|[from] item: Life Orb
|
|-weather|RainDance|[upkeep]
|-sideend|p2: catastrozzoliverdi|move: Tailwind
|upkeep
|
|t:|1754748552
|switch|p1b: Pelipper|Pelipper, L50, M, shiny|29/100
|turn|7
|inactive|catastrozzoliverdi has 30 seconds left.
|
|t:|1754748586
|move|p1b: Pelipper|Weather Ball|p2a: Garchomp
|-damage|p2a: Garchomp|25/100
|move|p1a: Maushold|Population Bomb|p2b: Torkoal
|-damage|p2b: Torkoal|68/100
|-damage|p2b: Torkoal|59/100
|-damage|p2b: Torkoal|50/100
|-damage|p2b: Torkoal|42/100
|-damage|p2b: Torkoal|31/100
|-damage|p2b: Torkoal|23/100
|-damage|p2b: Torkoal|14/100
|-damage|p2b: Torkoal|6/100
|-damage|p2b: Torkoal|0 fnt
|faint|p2b: Torkoal
|-hitcount|p2: Torkoal|9
|move|p2a: Garchomp|Dragon Claw|p1b: Pelipper
|-damage|p1b: Pelipper|0 fnt
|faint|p1b: Pelipper
|-damage|p2a: Garchomp|15/100|[from] item: Life Orb
|
|-weather|RainDance|[upkeep]
|upkeep
|turn|8
|
|t:|1754748608
|move|p1a: Maushold|Population Bomb|p2a: Garchomp
|-damage|p2a: Garchomp|4/100
|-damage|p1a: Maushold|88/100|[from] ability: Rough Skin|[of] p2a: Garchomp
|-damage|p2a: Garchomp|0 fnt
|-damage|p1a: Maushold|76/100|[from] ability: Rough Skin|[of] p2a: Garchomp
|faint|p2a: Garchomp
|-hitcount|p2: Garchomp|2
|
|win|marcusquinn
|raw|marcusquinn's rating: 1298 → 1315(+17 for winning)
|raw|catastrozzoliverdi's rating: 1179 → 1162(-17 for losing)
