|j|☆Syd2J
|j|☆srTerror
|html|Syd2JsrTerror    
|uhtml|bestof|Game 1 of a best-of-3
|t:|1785934163
|gametype|doubles
|player|p1|Syd2J|102|1096
|player|p2|srTerror|266|1205
|gen|9
|tier|[Gen 9 Champions] VGC 2026 Reg M-B (Bo3)
|rated|
|rule|Species Clause: Limit one of each Pokémon
|rule|Item Clause: Limit 1 of each item
|clearpoke
|poke|p1|Charizard, L50, M|
|poke|p1|Glimmora, L50, M|
|poke|p1|Whimsicott, L50, F|
|poke|p1|Ninetales-Alola, L50, F|
|poke|p1|Kingambit, L50, M|
|poke|p1|Kommo-o, L50, M|
|poke|p2|Dragonite, L50, F|
|poke|p2|Milotic, L50, F|
|poke|p2|Sneasler, L50, F|
|poke|p2|Charizard, L50, F|
|poke|p2|Gholdengo, L50|
|poke|p2|Whimsicott, L50, M|
|teampreview|4
|showteam|p1|Charizard||CharizarditeY|Blaze|HeatWave,WeatherBall,SolarBeam,Protect|Modest||M|||50|]Glimmora||Glimmoranite|ToxicDebris|SludgeBomb,PowerGem,EarthPower,SpikyShield|Modest||M|||50|]Whimsicott||FocusSash|Prankster|Moonblast,Tailwind,Encore,Protect|Timid||F|||50|]Ninetales-Alola||NeverMeltIce|SnowWarning|Blizzard,FreezeDry,Disable,Protect|Timid||F|||50|]Kingambit||BlackGlasses|Defiant|KowtowCleave,SuckerPunch,IronHead,Protect|Adamant||M|||50|]Kommo-o||LifeOrb|Overcoat|ClangingScales,AuraSphere,VacuumWave,Protect|Modest||M|||50|
|showteam|p2|Dragonite||LifeOrb|InnerFocus|Protect,DragonClaw,ExtremeSpeed,LowKick|Adamant||F|||50|]Milotic||Leftovers|Competitive|Scald,IceBeam,Recover,Protect|Modest||F|||50|]Sneasler||WhiteHerb|Unburden|GunkShot,FakeOut,CloseCombat,Coaching|Adamant||F|||50|]Charizard||CharizarditeY|Blaze|Protect,HeatWave,WeatherBall,SolarBeam|Modest||F|||50|]Gholdengo||FocusSash|GoodasGold|Protect,ShadowBall,PowerGem,MakeItRain|Modest|||||50|]Whimsicott||FairyFeather|Prankster|Protect,Moonblast,Encore,Tailwind|Timid||M|||50|
|inactive|Battle timer is ON: inactive players will automatically lose when time's up. (requested by Syd2J)
|inactive|srTerror has 60 seconds left.
|inactive|srTerror has 30 seconds left.
|inactive|srTerror has 20 seconds left.
|inactive|srTerror has 15 seconds left.
|
|t:|1785934242
|teamsize|p1|4
|teamsize|p2|4
|start
|switch|p1a: Glimmora|Glimmora, L50, M|100/100
|switch|p1b: Whimsicott|Whimsicott, L50, F|100/100
|switch|p2a: Milotic|Milotic, L50, F|100/100
|switch|p2b: Whimsicott|Whimsicott, L50, M|100/100
|turn|1
|
|t:|1785934257
|detailschange|p1a: Glimmora|Glimmora-Mega, L50, M
|-mega|p1a: Glimmora|Glimmora|Glimmoranite
|move|p2b: Whimsicott|Tailwind|p2b: Whimsicott
|-sidestart|p2: srTerror|move: Tailwind
|move|p1b: Whimsicott|Tailwind|p1b: Whimsicott
|-sidestart|p1: Syd2J|move: Tailwind
|move|p1a: Glimmora|Sludge Bomb|p2a: Milotic
|-damage|p2a: Milotic|49/100
|-status|p2a: Milotic|psn
|move|p2a: Milotic|Scald|p1a: Glimmora
|-supereffective|p1a: Glimmora|1
|-damage|p1a: Glimmora|24/100
|
|-heal|p2a: Milotic|55/100 psn|[from] item: Leftovers
|-damage|p2a: Milotic|43/100 psn|[from] psn
|upkeep
|turn|2
|
|t:|1785934277
|move|p1b: Whimsicott|Encore|p2b: Whimsicott
|-start|p2b: Whimsicott|Encore
|move|p2b: Whimsicott|Tailwind||[still]
|-fail|p2b: Whimsicott
|move|p1a: Glimmora|Sludge Bomb|p2a: Milotic
|-damage|p2a: Milotic|0 fnt
|faint|p2a: Milotic
|
|upkeep
|
|t:|1785934287
|switch|p2a: Dragonite|Dragonite, L50, F|100/100
|turn|3
|
|t:|1785934304
|switch|p2b: Sneasler|Sneasler, L50, F|100/100
|move|p1a: Glimmora|Spiky Shield|p1a: Glimmora
|-singleturn|p1a: Glimmora|move: Protect
|move|p2a: Dragonite|Extreme Speed|p1a: Glimmora
|-activate|p1a: Glimmora|move: Protect
|-damage|p2a: Dragonite|87/100|[from] Spiky Shield|[of] p1a: Glimmora
|move|p1b: Whimsicott|Moonblast|p2a: Dragonite
|-supereffective|p2a: Dragonite|1
|-damage|p2a: Dragonite|9/100
|
|upkeep
|turn|4
|
|t:|1785934320
|switch|p1a: Ninetales|Ninetales-Alola, L50, F|100/100
|-weather|Snowscape|[from] ability: Snow Warning|[of] p1a: Ninetales
|move|p2b: Sneasler|Fake Out|p1b: Whimsicott
|-damage|p1b: Whimsicott|81/100
|move|p2a: Dragonite|Extreme Speed|p1a: Ninetales
|-damage|p1a: Ninetales|62/100
|-damage|p2a: Dragonite|0 fnt|[from] item: Life Orb
|faint|p2a: Dragonite
|cant|p1b: Whimsicott|flinch
|
|-weather|Snowscape|[upkeep]
|-sideend|p2: srTerror|move: Tailwind
|-sideend|p1: Syd2J|move: Tailwind
|upkeep
|
|t:|1785934329
|switch|p2a: Whimsicott|Whimsicott, L50, M|100/100
|turn|5
|
|t:|1785934336
|move|p1b: Whimsicott|Tailwind|p1b: Whimsicott
|-sidestart|p1: Syd2J|move: Tailwind
|move|p2a: Whimsicott|Tailwind|p2a: Whimsicott
|-sidestart|p2: srTerror|move: Tailwind
|move|p1a: Ninetales|Blizzard|p2a: Whimsicott|[spread] p2a,p2b
|-supereffective|p2a: Whimsicott|1
|-damage|p2a: Whimsicott|0 fnt
|-damage|p2b: Sneasler|56/100
|faint|p2a: Whimsicott
|move|p2b: Sneasler|Gunk Shot|p1a: Ninetales
|-supereffective|p1a: Ninetales|1
|-damage|p1a: Ninetales|0 fnt
|faint|p1a: Ninetales
|
|-weather|Snowscape|[upkeep]
|upkeep
|
|t:|1785934346
|switch|p1a: Kommo-o|Kommo-o, L50, M|100/100
|turn|6
|
|t:|1785934351
|move|p1b: Whimsicott|Moonblast|p2b: Sneasler
|-damage|p2b: Sneasler|10/100
|move|p2b: Sneasler|Gunk Shot|p1b: Whimsicott
|-supereffective|p1b: Whimsicott|2
|-damage|p1b: Whimsicott|0 fnt
|faint|p1b: Whimsicott
|move|p1a: Kommo-o|Clanging Scales|p2b: Sneasler
|-damage|p2b: Sneasler|0 fnt
|faint|p2b: Sneasler
|-damage|p1a: Kommo-o|90/100|[from] item: Life Orb
|
|win|Syd2J
||Syd2J is ready for game 2.
||srTerror is ready for game 2.
|uhtml|next|Next: Game 2 of 3
|l|☆Syd2J
|player|p1|
