|j|☆mumu2
|j|☆328august
|html|mumu2328august    
|uhtml|bestof|Game 2 of a best-of-3
|t:|1784768075
|gametype|doubles
|player|p1|mumu2|cyclistf|1156
|player|p2|328august|102|1050
|gen|9
|tier|[Gen 9 Champions] VGC 2026 Reg M-B (Bo3)
|rated|
|rule|Species Clause: Limit one of each Pokémon
|rule|Item Clause: Limit 1 of each item
|clearpoke
|poke|p1|Charizard, L50, F|
|poke|p1|Venusaur, L50, M|
|poke|p1|Garchomp, L50, F|
|poke|p1|Annihilape, L50, F|
|poke|p1|Incineroar, L50, M|
|poke|p1|Toxapex, L50, F|
|poke|p2|Raichu, L50, M|
|poke|p2|Sinistcha-Masterpiece, L50|
|poke|p2|Grimmsnarl, L50, M|
|poke|p2|Gholdengo, L50|
|poke|p2|Talonflame, L50, F|
|poke|p2|Garchomp, L50, F|
|teampreview|4
|showteam|p1|Charizard||CharizarditeY|Blaze|HeatWave,WeatherBall,HelpingHand,Protect|Modest||F|||50|]Venusaur||LifeOrb|Chlorophyll|SludgeBomb,SolarBeam,EarthPower,Protect|Modest||M|||50|]Garchomp||ChoiceScarf|RoughSkin|DragonClaw,Earthquake,RockSlide,StompingTantrum|Adamant||F|||50|]Annihilape||FocusSash|Defiant|PhantomForce,CloseCombat,Protect,RockTomb|Jolly||F|||50|]Incineroar||SitrusBerry|Intimidate|FlareBlitz,ThroatChop,PartingShot,FakeOut|Impish||M|||50|]Toxapex||Leftovers|Regenerator|Toxic,Infestation,WideGuard,BanefulBunker|Bold||F|||50|
|showteam|p2|Raichu||RaichuniteX|LightningRod|RisingVoltage,AlluringVoice,NastyPlot,Protect|Timid||M|||50|]Sinistcha-Masterpiece||ColburBerry|Hospitality|MatchaGotcha,RagePowder,TrickRoom,Protect|Bold|||||50|]Grimmsnarl||LightClay|Prankster|SpiritBreak,LightScreen,Reflect,PartingShot|Careful||M|||50|]Gholdengo||LifeOrb|GoodasGold|MakeItRain,ShadowBall,NastyPlot,Protect|Modest|||||50|]Talonflame||SharpBeak|GaleWings|FlareBlitz,DualWingbeat,Tailwind,Protect|Adamant||F|||50|]Garchomp||ChoiceScarf|RoughSkin|DragonClaw,StompingTantrum,Earthquake,RockSlide|Adamant||F|||50|
|
|t:|1784768130
|teamsize|p1|4
|teamsize|p2|4
|start
|switch|p1a: Garchomp|Garchomp, L50, F|100/100
|switch|p1b: Charizard|Charizard, L50, F|100/100
|switch|p2a: Talonflame|Talonflame, L50, F|100/100
|switch|p2b: Raichu|Raichu, L50, M|100/100
|turn|1
|
|t:|1784768146
|detailschange|p1b: Charizard|Charizard-Mega-Y, L50, F
|-mega|p1b: Charizard|Charizard|Charizardite Y
|-weather|SunnyDay|[from] ability: Drought|[of] p1b: Charizard
|move|p2b: Raichu|Protect|p2b: Raichu
|-singleturn|p2b: Raichu|Protect
|move|p2a: Talonflame|Protect|p2a: Talonflame
|-singleturn|p2a: Talonflame|Protect
|move|p1b: Charizard|Protect|p1b: Charizard
|-singleturn|p1b: Charizard|Protect
|move|p1a: Garchomp|Rock Slide|p2b: Raichu|[spread] 
|-activate|p2a: Talonflame|move: Protect
|-activate|p2b: Raichu|move: Protect
|
|-weather|SunnyDay|[upkeep]
|upkeep
|turn|2
|
|t:|1784768167
|switch|p2a: Garchomp|Garchomp, L50, F|100/100
|detailschange|p2b: Raichu|Raichu-Mega-X, L50, M
|-mega|p2b: Raichu|Raichu|Raichunite X
|-fieldstart|move: Electric Terrain|[from] ability: Electric Surge|[of] p2b: Raichu
|move|p1b: Charizard|Helping Hand|p1a: Garchomp
|-singleturn|p1a: Garchomp|Helping Hand|[of] p1b: Charizard
|move|p1a: Garchomp|Rock Slide|p2a: Garchomp|[spread] p2a,p2b
|-resisted|p2a: Garchomp|1
|-damage|p2a: Garchomp|85/100
|-damage|p2b: Raichu|56/100
|move|p2b: Raichu|Rising Voltage|p1b: Charizard
|-supereffective|p1b: Charizard|1
|-damage|p1b: Charizard|39/100
|
|-weather|SunnyDay|[upkeep]
|upkeep
|turn|3
|
|t:|1784768185
|switch|p1a: Toxapex|Toxapex, L50, F|100/100
|switch|p2b: Sinistcha|Sinistcha-Masterpiece, L50|100/100
|-heal|p2a: Garchomp|100/100|[from] ability: Hospitality|[of] p2b: Sinistcha
|move|p1b: Charizard|Protect|p1b: Charizard
|-singleturn|p1b: Charizard|Protect
|move|p2a: Garchomp|Dragon Claw|p1a: Toxapex
|-damage|p1a: Toxapex|67/100
|
|-weather|SunnyDay|[upkeep]
|-heal|p1a: Toxapex|73/100|[from] item: Leftovers
|upkeep
|turn|4
|
|t:|1784768208
|switch|p1b: Venusaur|Venusaur, L50, M|100/100
|move|p2a: Garchomp|Dragon Claw|p1b: Venusaur
|-damage|p1b: Venusaur|46/100
|move|p2b: Sinistcha|Matcha Gotcha|p1a: Toxapex|[spread] p1a,p1b
|-resisted|p1b: Venusaur|2
|-damage|p1a: Toxapex|53/100
|-damage|p1b: Venusaur|40/100
|-status|p1b: Venusaur|brn
|move|p1a: Toxapex|Infestation|p2a: Garchomp
|-damage|p2a: Garchomp|95/100
|-activate|p2a: Garchomp|move: Infestation|[of] p1a: Toxapex
|-damage|p1a: Toxapex|41/100|[from] ability: Rough Skin|[of] p2a: Garchomp
|
|-weather|SunnyDay|[upkeep]
|-heal|p1a: Toxapex|47/100|[from] item: Leftovers
|-damage|p1b: Venusaur|34/100 brn|[from] brn
|-damage|p2a: Garchomp|83/100|[from] move: Infestation|[partiallytrapped]
|upkeep
|turn|5
|
|t:|1784768232
|move|p1b: Venusaur|Solar Beam||[still]
|-prepare|p1b: Venusaur|Solar Beam
|-anim|p1b: Venusaur|Solar Beam|p2a: Garchomp
|-damage|p2a: Garchomp|8/100
|-damage|p1b: Venusaur|25/100 brn|[from] item: Life Orb
|move|p2a: Garchomp|Dragon Claw|p1b: Venusaur
|-damage|p1b: Venusaur|0 fnt
|faint|p1b: Venusaur
|move|p2b: Sinistcha|Matcha Gotcha|p1a: Toxapex
|-damage|p1a: Toxapex|20/100y
|move|p1a: Toxapex|Toxic|p2b: Sinistcha
|-status|p2b: Sinistcha|tox
|
|-weather|none
|-heal|p1a: Toxapex|26/100|[from] item: Leftovers
|-damage|p2b: Sinistcha|93/100 tox|[from] psn
|-damage|p2a: Garchomp|0 fnt|[from] move: Infestation|[partiallytrapped]
|faint|p2a: Garchomp
|upkeep
|
|t:|1784768248
|switch|p2a: Raichu|Raichu-Mega-X, L50, M|56/100
|switch|p1b: Garchomp|Garchomp, L50, F|100/100
|turn|6
|
|t:|1784768302
|move|p2a: Raichu|Protect|p2a: Raichu
|-singleturn|p2a: Raichu|Protect
|move|p1b: Garchomp|Rock Slide|p2b: Sinistcha|[spread] p2b
|-activate|p2a: Raichu|move: Protect
|-damage|p2b: Sinistcha|79/100 tox
|move|p1a: Toxapex|Infestation|p2b: Sinistcha
|-damage|p2b: Sinistcha|75/100 tox
|-activate|p2b: Sinistcha|move: Infestation|[of] p1a: Toxapex
|move|p2b: Sinistcha|Trick Room|p2b: Sinistcha
|-fieldstart|move: Trick Room|[of] p2b: Sinistcha
|
|-heal|p1a: Toxapex|31/100|[from] item: Leftovers
|-damage|p2b: Sinistcha|63/100 tox|[from] psn
|-damage|p2b: Sinistcha|51/100 tox|[from] move: Infestation|[partiallytrapped]
|-fieldend|move: Electric Terrain
|upkeep
|turn|7
|
|t:|1784768328
|move|p1a: Toxapex|Baneful Bunker|p1a: Toxapex
|-singleturn|p1a: Toxapex|move: Protect
|move|p2b: Sinistcha|Matcha Gotcha|p1b: Garchomp|[spread] p1b
|-activate|p1a: Toxapex|move: Protect
|-damage|p1b: Garchomp|74/100
|-heal|p2b: Sinistcha|65/100 tox|[from] drain|[of] p1b: Garchomp
|move|p2a: Raichu|Alluring Voice|p1b: Garchomp
|-supereffective|p1b: Garchomp|1
|-damage|p1b: Garchomp|25/100
|move|p1b: Garchomp|Rock Slide|p2b: Sinistcha|[spread] p2a,p2b
|-damage|p2a: Raichu|27/100
|-damage|p2b: Sinistcha|50/100y tox
|
|-heal|p1a: Toxapex|37/100|[from] item: Leftovers
|-damage|p2b: Sinistcha|31/100 tox|[from] psn
|-damage|p2b: Sinistcha|19/100 tox|[from] move: Infestation|[partiallytrapped]
|upkeep
|turn|8
|
|t:|1784768351
|-heal|p1a: Toxapex|70/100|[from] ability: Regenerator|[silent]
|switch|p1a: Charizard|Charizard-Mega-Y, L50, F|39/100
|-weather|SunnyDay|[from] ability: Drought|[of] p1a: Charizard
|switch|p2a: Talonflame|Talonflame, L50, F|100/100
|move|p2b: Sinistcha|Matcha Gotcha|p1b: Garchomp|[spread] p1a,p1b
|-resisted|p1a: Charizard|2
|-damage|p1a: Charizard|34/100
|-heal|p2b: Sinistcha|21/100 tox|[from] drain|[of] p1a: Charizard
|-damage|p1b: Garchomp|1/100
|-heal|p2b: Sinistcha|35/100 tox|[from] drain|[of] p1b: Garchomp
|move|p1b: Garchomp|Rock Slide|p2b: Sinistcha|[spread] p2a,p2b
|-supereffective|p2a: Talonflame|2
|-damage|p2a: Talonflame|0 fnt
|-damage|p2b: Sinistcha|20/100y tox
|faint|p2a: Talonflame
|
|-weather|SunnyDay|[upkeep]
|-damage|p2b: Sinistcha|0 fnt|[from] psn
|faint|p2b: Sinistcha
|upkeep
|
|t:|1784768369
|switch|p2a: Raichu|Raichu-Mega-X, L50, M|27/100
|-fieldstart|move: Electric Terrain|[from] ability: Electric Surge|[of] p2a: Raichu
|turn|9
|
|t:|1784768380
|move|p1a: Charizard|Weather Ball|p2a: Raichu
|-damage|p2a: Raichu|0 fnt
|faint|p2a: Raichu
|
|win|mumu2
||328august is ready for game 3.
||mumu2 is ready for game 3.
|uhtml|next|Next: Game 3 of 3
|l|☆328august
|player|p2|
