|j|☆aro1904
|j|☆fomonono
|html|aro1904fomonono    
|uhtml|bestof|Game 1 of a best-of-3
|t:|1783610810
|gametype|doubles
|player|p1|aro1904|2|
|player|p2|fomonono|265|
|gen|9
|tier|[Gen 9 Champions] VGC 2026 Reg M-B (Bo3)
|rule|Species Clause: Limit one of each Pokémon
|rule|Item Clause: Limit 1 of each item
|clearpoke
|poke|p1|Sylveon, L50, F|
|poke|p1|Blastoise, L50, F, shiny|
|poke|p1|Staraptor, L50, F|
|poke|p1|Meowscarada, L50, F|
|poke|p1|Liepard, L50, M, shiny|
|poke|p1|Goodra-Hisui, L50, M|
|poke|p2|Annihilape, L50, F|
|poke|p2|Weavile, L50, M|
|poke|p2|Glimmora, L50, F|
|poke|p2|Typhlosion, L50, M|
|poke|p2|Primarina, L50, F|
|poke|p2|Zoroark-Hisui, L50, M|
|teampreview|4
|showteam|p1|Sylveon||FairyFeather|Pixilate|HyperVoice,Protect,CalmMind,MysticalFire|Modest||F|||50|]Blastoise||Blastoisinite|Torrent|WaterSpout,DarkPulse,AuraSphere,Protect|Modest||F|||50|]Staraptor||Staraptite|Intimidate|CloseCombat,BraveBird,Protect,Tailwind|Jolly||F|||50|]Meowscarada||ChoiceScarf|Protean|TripleAxel,FlowerTrick,Protect,ThroatChop|Jolly||F|||50|]Liepard||FocusSash|Prankster|FakeOut,Snarl,Encore,Protect|Calm||M|||50|]Goodra-Hisui||ShucaBerry|SapSipper|Shelter,BodyPress,IronHead,Protect|Careful||M|||50|
|showteam|p2|Annihilape||LifeOrb|InnerFocus|CloseCombat,ShadowBall,RageFist,Encore|Hasty||F|||50|]Weavile|||Pickpocket|ShadowBall,FakeOut,IcicleCrash,TripleAxel|Naive||M|||50|]Glimmora||Glimmoranite|Corrosion|Explosion,EarthPower,DazzlingGleam,LightScreen|Timid||F|||50|]Typhlosion||ChoiceScarf|FlashFire|Eruption,Protect,FlareBlitz,FireBlast|Timid||M|||50|]Primarina||Leftovers|LiquidVoice|HyperVoice,Waterfall,TripleAxel,FlipTurn|Mild||F|||50|]Zoroark-Hisui||FocusSash|Illusion|ShadowBall,FocusBlast,HyperVoice,KnockOff|Timid||M|||50|
|j| brtsz
|j| mythhops
|c|☆aro1904|wait should it be open team sheet or no?
|c| brtsz|no
|c|☆aro1904|uhh
|j| RunningRad
|c|☆aro1904|this is why i dont set up things
|c| brtsz|messing up frame 1 is crazy
|c| RunningRad|No but tbh if you both agreed
|c|☆fomonono|wallahi im cooked
|c|☆aro1904|i haven't looked at fomos so i think its fine idk
|c|☆fomonono|same
|c|☆fomonono|its fine we ball
|c| RunningRad|But yeah you need to do the regular M-B and click Bo3 to not have team sheets be auto open
|c|☆aro1904|ah
|c| RunningRad|I’ll make an announcement over it in a bit dw
|c|☆fomonono|kk
|
|t:|1783610994
|teamsize|p1|4
|teamsize|p2|4
|start
|switch|p1a: bla|Sylveon, L50, F|100/100
|switch|p1b: shockat|Liepard, L50, M, shiny|100/100
|switch|p2a: king louie|Annihilape, L50, F|100/100
|switch|p2b: OHHH im mad|Typhlosion, L50, M|100/100
|turn|1
|
|t:|1783611016
|move|p1b: shockat|Fake Out|p2b: OHHH im mad
|-damage|p2b: OHHH im mad|89/100
|cant|p2b: OHHH im mad|flinch
|move|p2a: king louie|Encore||[still]
|-fail|p2a: king louie
|move|p1a: bla|Hyper Voice|p2a: king louie|[spread] p2a,p2b
|-supereffective|p2a: king louie|1
|-resisted|p2b: OHHH im mad|1
|-damage|p2a: king louie|0 fnt
|-damage|p2b: OHHH im mad|60/100
|faint|p2a: king louie
|
|upkeep
|
|t:|1783611028
|switch|p2a: Smash|Primarina, L50, F|100/100
|turn|2
|l| RunningRad
|
|t:|1783611064
|move|p1a: bla|Protect|p1a: bla
|-singleturn|p1a: bla|Protect
|move|p2b: OHHH im mad|Eruption|p1b: shockat|[spread] p1b
|-activate|p1a: bla|move: Protect
|-damage|p1b: shockat|64/100
|move|p1b: shockat|Snarl|p2b: OHHH im mad|[spread] p2a,p2b
|-resisted|p2a: Smash|1
|-damage|p2a: Smash|94/100
|-damage|p2b: OHHH im mad|43/100
|-unboost|p2a: Smash|spa|1
|-unboost|p2b: OHHH im mad|spa|1
|move|p2a: Smash|Hyper Voice|p1a: bla|[spread] p1b
|-activate|p1a: bla|move: Protect
|-damage|p1b: shockat|36/100
|
|-heal|p2a: Smash|100/100|[from] item: Leftovers
|upkeep
|turn|3
|j| RunningRad
|
|t:|1783611087
|move|p1b: shockat|Protect|p1b: shockat
|-singleturn|p1b: shockat|Protect
|move|p2b: OHHH im mad|Eruption|p1b: shockat|[spread] p1a
|-activate|p1b: shockat|move: Protect
|-damage|p1a: bla|89/100
|move|p1a: bla|Hyper Voice|p2b: OHHH im mad|[spread] p2a,p2b
|-resisted|p2b: OHHH im mad|1
|-damage|p2a: Smash|59/100
|-damage|p2b: OHHH im mad|13/100
|move|p2a: Smash|Flip Turn|p1b: shockat
|-activate|p1b: shockat|move: Protect
|
|-heal|p2a: Smash|64/100|[from] item: Leftovers
|upkeep
|turn|4
|
|t:|1783611116
|move|p2b: OHHH im mad|Eruption|p1b: shockat|[spread] p1a,p1b
|-damage|p1a: bla|85/100
|-damage|p1b: shockat|30/100
|move|p1b: shockat|Snarl|p2b: OHHH im mad|[spread] p2a
|-miss|p1b: shockat|p2b: OHHH im mad
|-resisted|p2a: Smash|1
|-damage|p2a: Smash|59/100
|-unboost|p2a: Smash|spa|1
|move|p2a: Smash|Hyper Voice|p1a: bla|[spread] p1a,p1b
|-crit|p1b: shockat
|-damage|p1a: bla|72/100
|-damage|p1b: shockat|0 fnt
|faint|p1b: shockat
|move|p1a: bla|Hyper Voice|p2b: OHHH im mad|[spread] p2a,p2b
|-resisted|p2b: OHHH im mad|1
|-damage|p2a: Smash|21/100
|-damage|p2b: OHHH im mad|0 fnt
|faint|p2b: OHHH im mad
|
|-heal|p2a: Smash|26/100|[from] item: Leftovers
|upkeep
|l| RunningRad
|j| quasmosis
|j| juliaastar
|
|t:|1783611134
|switch|p2b: Bag o' rocks|Glimmora, L50, F|100/100
|switch|p1b: bleh|Meowscarada, L50, F|100/100
|turn|5
|c| juliaastar|what the sigma
|
|t:|1783611149
|detailschange|p2b: Bag o' rocks|Glimmora-Mega, L50, F
|-mega|p2b: Bag o' rocks|Glimmora|Glimmoranite
|move|p1a: bla|Protect|p1a: bla
|-singleturn|p1a: bla|Protect
|move|p1b: bleh|Flower Trick|p2b: Bag o' rocks
|-start|p1b: bleh|typechange|Grass|[from] ability: Protean
|-crit|p2b: Bag o' rocks
|-damage|p2b: Bag o' rocks|46/100
|move|p2b: Bag o' rocks|Dazzling Gleam|p1a: bla|[spread] p1b
|-activate|p1a: bla|move: Protect
|-damage|p1b: bleh|63/100
|move|p2a: Smash|Triple Axel|p1b: bleh
|-supereffective|p1b: bleh|1
|-damage|p1b: bleh|49/100
|-supereffective|p1b: bleh|1
|-damage|p1b: bleh|25/100
|-supereffective|p1b: bleh|1
|-damage|p1b: bleh|0 fnt
|faint|p1b: bleh
|-hitcount|p1: bleh|3
|
|-heal|p2a: Smash|32/100|[from] item: Leftovers
|upkeep
|
|t:|1783611168
|switch|p1b: Ben|Blastoise, L50, F, shiny|100/100
|turn|6
|c| juliaastar|ben
|
|t:|1783611199
|detailschange|p1b: Ben|Blastoise-Mega, L50, F, shiny
|-mega|p1b: Ben|Blastoise|Blastoisinite
|move|p2b: Bag o' rocks|Earth Power|p1a: bla
|-damage|p1a: bla|48/100
|move|p1b: Ben|Water Spout|p2b: Bag o' rocks|[spread] p2a,p2b
|-resisted|p2a: Smash|1
|-supereffective|p2b: Bag o' rocks|1
|-damage|p2a: Smash|7/100
|-damage|p2b: Bag o' rocks|0 fnt
|faint|p2b: Bag o' rocks
|move|p1a: bla|Hyper Voice|p2a: Smash
|-damage|p2a: Smash|0 fnt
|faint|p2a: Smash
|
|win|aro1904
|inactive|aro1904 has 30 seconds to confirm battle start!
|inactive|fomonono has 30 seconds to confirm battle start!
||fomonono is ready for game 2.
|inactive|aro1904 has 20 seconds to confirm battle start!
|inactive|aro1904 has 10 seconds to confirm battle start!
|c| juliaastar|aro is dead
