|j|Ōśåoscber7
|j|Ōśånocturnallynoct
|html|oscber7nocturnallynoct    
|uhtml|bestof|Game 2 of a best-of-3
|t:|1757020323
|gametype|doubles
|player|p1|oscber7|169|1062
|player|p2|nocturnallynoct|266|1066
|gen|9
|tier|[Gen 9] VGC 2025 Reg H (Bo3)
|rated|
|rule|Species Clause: Limit one of each Pok├®mon
|rule|Item Clause: Limit 1 of each item
|clearpoke
|poke|p1|Archaludon, L50, M|
|poke|p1|Politoed, L50, F|
|poke|p1|Incineroar, L50, M|
|poke|p1|Gothitelle, L50, F|
|poke|p1|Basculegion, L50, M|
|poke|p1|Amoonguss, L50, M|
|poke|p2|Charizard, L50, F|
|poke|p2|Torkoal, L50, M|
|poke|p2|Porygon2, L50|
|poke|p2|Incineroar, L50, F|
|poke|p2|Jumpluff, L50, F|
|poke|p2|Ursaluna, L50, M|
|teampreview|4
|showteam|p1|Archaludon||PowerHerb|Sturdy|ElectroShot,DracoMeteor,FlashCannon,Protect|||M|||50|,,,,,Electric]Politoed||DampRock|Drizzle|WeatherBall,PerishSong,Encore,Protect|||F|||50|,,,,,Grass]Incineroar||SafetyGoggles|Intimidate|FakeOut,KnockOff,PartingShot,Protect|||M|||50|,,,,,Ghost]Gothitelle||SitrusBerry|ShadowTag|FakeOut,PsychicNoise,Taunt,Protect|||F|||50|,,,,,Steel]Basculegion||ChoiceBand|SwiftSwim|WaveCrash,AquaJet,FlipTurn,LastRespects|||M|||50|,,,,,Grass]Amoonguss||EjectButton|Regenerator|RagePowder,PollenPuff,Spore,Protect|||M|||50|,,,,,Dark
|showteam|p2|Charizard||ChoiceSpecs|SolarPower|HeatWave,Overheat,WeatherBall,AirSlash|||F|||50|,,,,,Ghost]Torkoal||EjectPack|Drought|Eruption,Overheat,HelpingHand,Protect|||M|||50|,,,,,Fire]Porygon2||Eviolite|Download|IceBeam,TeraBlast,TrickRoom,Recover||||||50|,,,,,Fighting]Incineroar||SitrusBerry|Intimidate|FlareBlitz,KnockOff,FakeOut,PartingShot|||F|||50|,,,,,Ghost]Jumpluff||CovertCloak|Chlorophyll|SleepPowder,SunnyDay,RagePowder,Tailwind|||F|||50|,,,,,Water]Ursaluna||FlameOrb|Guts|HeadlongRush,Facade,Earthquake,Protect|||M|||50|,,,,,Ghost
|inactive|Battle timer is ON: inactive players will automatically lose when time's up. (requested by oscber7)
|inactive|nocturnallynoct also wants the timer to be on.
|c|Ōśånocturnallynoct|i literally timed out i wouldve done a way worse move LMAO
|c|Ōśåoscber7|Yes? Oh... Jajajjaja
|inactive|nocturnallynoct has 60 seconds left.
|c|Ōśåoscber7|The double up was instant lose
|c|Ōśånocturnallynoct|yeah i was definitely not going to do that lol
|c|Ōśåoscber7|Unlucky me jajajajjaja
|
|t:|1757020382
|teamsize|p1|4
|teamsize|p2|4
|start
|switch|p1a: Archaludon|Archaludon, L50, M|100/100
|switch|p1b: Gothitelle|Gothitelle, L50, F|100/100
|switch|p2a: Jumpluff|Jumpluff, L50, F|100/100
|switch|p2b: Torkoal|Torkoal, L50, M|100/100
|-weather|SunnyDay|[from] ability: Drought|[of] p2b: Torkoal
|turn|1
|c|Ōśåoscber7|Is a cool matchup
|inactive|oscber7 has 30 seconds left.
|
|t:|1757020410
|move|p1b: Gothitelle|Fake Out|p2b: Torkoal
|-damage|p2b: Torkoal|95/100
|move|p2a: Jumpluff|Sleep Powder|p1a: Archaludon
|-status|p1a: Archaludon|slp|[from] move: Sleep Powder
|cant|p1a: Archaludon|slp
|cant|p2b: Torkoal|flinch
|
|-weather|SunnyDay|[upkeep]
|upkeep
|turn|2
|c|Ōśånocturnallynoct|gl
|c|Ōśåoscber7|Gl
|inactive|nocturnallynoct has 30 seconds left.
|
|t:|1757020441
|switch|p1a: Politoed|Politoed, L50, F|100/100
|-weather|RainDance|[from] ability: Drizzle|[of] p1a: Politoed
|move|p2a: Jumpluff|Tailwind|p2a: Jumpluff
|-sidestart|p2: nocturnallynoct|move: Tailwind
|move|p1b: Gothitelle|Taunt|p2a: Jumpluff
|-start|p2a: Jumpluff|move: Taunt
|move|p2b: Torkoal|Overheat|p1b: Gothitelle
|-damage|p1b: Gothitelle|81/100
|-unboost|p2b: Torkoal|spa|2
|-enditem|p2b: Torkoal|Eject Pack
|
|t:|1757020455
|switch|p2b: Ursaluna|Ursaluna, L50, M|100/100
|
|-weather|RainDance|[upkeep]
|-status|p2b: Ursaluna|brn|[from] item: Flame Orb
|upkeep
|turn|3
|
|t:|1757020473
|switch|p1b: Basculegion|Basculegion, L50, M|100/100
|-terastallize|p2b: Ursaluna|Ghost
|-activate|p2a: Jumpluff|move: Struggle
|move|p2a: Jumpluff|Struggle|p1b: Basculegion
|-damage|p1b: Basculegion|94/100
|-damage|p2a: Jumpluff|75/100|[from] recoil
|move|p2b: Ursaluna|Earthquake|p1a: Politoed|[spread] p1a,p1b
|-immune|p2a: Jumpluff
|-damage|p1a: Politoed|39/100
|-damage|p1b: Basculegion|10/100
|move|p1a: Politoed|Weather Ball|p2b: Ursaluna
|-damage|p2b: Ursaluna|56/100 brn
|
|-weather|RainDance|[upkeep]
|-damage|p2b: Ursaluna|50/100 brn|[from] brn
|upkeep
|turn|4
|inactive|oscber7 has 30 seconds left.
|inactive|nocturnallynoct has 30 seconds left.
|
|t:|1757020502
|switch|p2a: Torkoal|Torkoal, L50, M|95/100
|-weather|SunnyDay|[from] ability: Drought|[of] p2a: Torkoal
|move|p1a: Politoed|Protect|p1a: Politoed
|-singleturn|p1a: Politoed|Protect
|move|p2b: Ursaluna|Earthquake|p1b: Basculegion|[spread] p2a,p1b
|-activate|p1a: Politoed|move: Protect
|-supereffective|p2a: Torkoal
|-damage|p2a: Torkoal|0 fnt
|-damage|p1b: Basculegion|0 fnt
|faint|p2a: Torkoal
|faint|p1b: Basculegion
|
|-weather|SunnyDay|[upkeep]
|-damage|p2b: Ursaluna|44/100 brn|[from] brn
|upkeep
|c|Ōśånocturnallynoct|oops
|
|t:|1757020522
|switch|p1b: Archaludon|Archaludon, L50, M|100/100 slp
|switch|p2a: Charizard|Charizard, L50, F|100/100
|turn|5
|c|Ōśåoscber7|Poor torkoal
|
|t:|1757020535
|switch|p1a: Gothitelle|Gothitelle, L50, F|81/100
|-curestatus|p1b: Archaludon|slp|[msg]
|move|p1b: Archaludon|Protect|p1b: Archaludon
|-singleturn|p1b: Archaludon|Protect
|move|p2a: Charizard|Heat Wave|p1a: Gothitelle|[spread] p1a
|-activate|p1b: Archaludon|move: Protect
|-damage|p1a: Gothitelle|0 fnt
|faint|p1a: Gothitelle
|move|p2b: Ursaluna|Earthquake|p1b: Archaludon|[spread] 
|-activate|p1b: Archaludon|move: Protect
|-immune|p2a: Charizard
|
|-weather|SunnyDay|[upkeep]
|-damage|p2a: Charizard|88/100|[from] ability: Solar Power|[of] p2a: Charizard
|-damage|p2b: Ursaluna|39/100 brn|[from] brn
|-sideend|p2: nocturnallynoct|move: Tailwind
|upkeep
|
|t:|1757020541
|switch|p1a: Politoed|Politoed, L50, F|39/100
|-weather|RainDance|[from] ability: Drizzle|[of] p1a: Politoed
|turn|6
|inactive|nocturnallynoct has 30 seconds left.
|inactive|nocturnallynoct has 20 seconds left.
|
|t:|1757020579
|move|p2b: Ursaluna|Protect|p2b: Ursaluna
|-singleturn|p2b: Ursaluna|Protect
|move|p2a: Charizard|Heat Wave|p1a: Politoed|[spread] p1a,p1b
|-resisted|p1a: Politoed
|-damage|p1a: Politoed|30/100
|-damage|p1b: Archaludon|66/100
|move|p1b: Archaludon|Electro Shot||[still]
|-prepare|p1b: Archaludon|Electro Shot
|-boost|p1b: Archaludon|spa|1
|-anim|p1b: Archaludon|Electro Shot|p2a: Charizard
|-supereffective|p2a: Charizard
|-damage|p2a: Charizard|0 fnt
|faint|p2a: Charizard
|move|p1a: Politoed|Weather Ball|p2b: Ursaluna
|-activate|p2b: Ursaluna|move: Protect
|
|-weather|RainDance|[upkeep]
|-damage|p2b: Ursaluna|33/100 brn|[from] brn
|upkeep
|
|t:|1757020595
|switch|p2a: Jumpluff|Jumpluff, L50, F|75/100
|turn|7
|
|t:|1757020614
|-terastallize|p1a: Politoed|Grass
|move|p1b: Archaludon|Protect|p1b: Archaludon
|-singleturn|p1b: Archaludon|Protect
|move|p2a: Jumpluff|Tailwind|p2a: Jumpluff
|-sidestart|p2: nocturnallynoct|move: Tailwind
|move|p2b: Ursaluna|Earthquake|p1a: Politoed|[spread] p1a
|-activate|p1b: Archaludon|move: Protect
|-immune|p2a: Jumpluff
|-resisted|p1a: Politoed
|-damage|p1a: Politoed|0 fnt
|faint|p1a: Politoed
|
|-weather|RainDance|[upkeep]
|-damage|p2b: Ursaluna|27/100 brn|[from] brn
|upkeep
|turn|8
|c|Ōśåoscber7|Ggs
|
|t:|1757020632
|move|p2a: Jumpluff|Rage Powder|p2a: Jumpluff
|-singleturn|p2a: Jumpluff|move: Rage Powder
|move|p2b: Ursaluna|Earthquake|p1b: Archaludon|[spread] p1b
|-immune|p2a: Jumpluff
|-supereffective|p1b: Archaludon
|-damage|p1b: Archaludon|0 fnt
|faint|p1b: Archaludon
|
|win|nocturnallynoct
|raw|oscber7's rating: 1062 → 1043(-19 for losing)
|raw|nocturnallynoct's rating: 1066 → 1096(+30 for winning)
|c|Ōśånocturnallynoct|gg!
|l|Ōśåoscber7
|player|p1|
