|j|☆PabloZH24
|j|☆FrancoilCieco777
|html|PabloZH24FrancoilCieco777    
|uhtml|bestof|Game 2 of a best-of-3
|t:|1756217414
|gametype|doubles
|player|p1|PabloZH24|101|
|player|p2|FrancoilCieco777|baker|
|gen|9
|tier|[Gen 9] VGC 2025 Reg H (Bo3)
|rule|Species Clause: Limit one of each Pokémon
|rule|Item Clause: Limit 1 of each item
|clearpoke
|poke|p1|Annihilape, L50, M|
|poke|p1|Archaludon, L50, F|
|poke|p1|Sinistcha, L50|
|poke|p1|Pelipper, L50, F|
|poke|p1|Ursaluna, L50, F|
|poke|p1|Maushold-Four, L50|
|poke|p2|Arcanine, L50, F|
|poke|p2|Haxorus, L50, M|
|poke|p2|Sneasler, L50, M|
|poke|p2|Samurott-Hisui, L50, M|
|poke|p2|Gholdengo, L50|
|poke|p2|Amoonguss, L50, F|
|teampreview|4
|showteam|p1|Annihilape||Leftovers|Defiant|DrainPunch,RageFist,BulkUp,Protect|||M|||50|,,,,,Water]Archaludon||AssaultVest|Stamina|DracoMeteor,ElectroShot,Snarl,BodyPress|||F|||50|,,,,,Bug]Sinistcha||SitrusBerry|Hospitality|MatchaGotcha,RagePowder,LifeDew,Protect||||||50|,,,,,Water]Pelipper||FocusSash|Drizzle|WeatherBall,Protect,Tailwind,Hurricane|||F|||50|,,,,,Ghost]Ursaluna||FlameOrb|Guts|Facade,HeadlongRush,Earthquake,Protect|||F|||50|,,,,,Ghost]Maushold-Four||SafetyGoggles|FriendGuard|BeatUp,Taunt,FollowMe,Protect||||||50|,,,,,Ghost
|showteam|p2|Arcanine||MirrorHerb|Intimidate|ExtremeSpeed,FlareBlitz,Protect,WillOWisp|||F|||50|,,,,,Normal]Haxorus||ClearAmulet|MoldBreaker|DragonClaw,FirstImpression,IronHead,Protect|||M|||50|,,,,,Steel]Sneasler||FocusSash|Pressure|FakeOut,CloseCombat,DireClaw,Coaching|||M|||50|,,,,,Ghost]Samurott-Hisui||AssaultVest|Sharpness|AquaCutter,SacredSword,NightSlash,SuckerPunch|||M|||50|,,,,,Ghost]Gholdengo||ChoiceScarf|GoodasGold|MakeItRain,ShadowBall,Trick,Protect||||||50|,,,,,Steel]Amoonguss||CovertCloak|Regenerator|Spore,RagePowder,ClearSmog,Protect|||F|||50|,,,,,Electric
|inactive|Battle timer is ON: inactive players will automatically lose when time's up. (requested by FrancoilCieco777)
|
|t:|1756217438
|teamsize|p1|4
|teamsize|p2|4
|start
|switch|p1a: Archaludon|Archaludon, L50, F|100/100
|switch|p1b: Pelipper|Pelipper, L50, F|100/100
|switch|p2a: Sneasler|Sneasler, L50, M|100/100
|switch|p2b: Haxorus|Haxorus, L50, M|100/100
|-ability|p2a: Sneasler|Pressure
|-ability|p2b: Haxorus|Mold Breaker
|-weather|RainDance|[from] ability: Drizzle|[of] p1b: Pelipper
|turn|1
|inactive|PabloZH24 has 30 seconds left.
|inactive|FrancoilCieco777 has 30 seconds left.
|inactive|PabloZH24 has 20 seconds left.
|inactive|FrancoilCieco777 has 20 seconds left.
|inactive|PabloZH24 has 15 seconds left.
|inactive|FrancoilCieco777 has 15 seconds left.
|inactive|PabloZH24 has 10 seconds left.
|inactive|FrancoilCieco777 has 10 seconds left.
|
|t:|1756217487
|-terastallize|p1a: Archaludon|Bug
|move|p2a: Sneasler|Coaching|p2b: Haxorus
|-boost|p2b: Haxorus|atk|1
|-boost|p2b: Haxorus|def|1
|move|p2b: Haxorus|Dragon Claw|p1a: Archaludon
|-damage|p1a: Archaludon|53/100
|-ability|p1a: Archaludon|Stamina|boost
|-boost|p1a: Archaludon|def|1
|move|p1a: Archaludon|Electro Shot||[still]
|-prepare|p1a: Archaludon|Electro Shot
|-boost|p1a: Archaludon|spa|1
|-anim|p1a: Archaludon|Electro Shot|p2a: Sneasler
|-damage|p2a: Sneasler|16/100
|move|p1b: Pelipper|Tailwind|p1b: Pelipper
|-sidestart|p1: PabloZH24|move: Tailwind
|
|-weather|RainDance|[upkeep]
|upkeep
|turn|2
|inactive|PabloZH24 has 30 seconds left.
|inactive|PabloZH24 has 20 seconds left.
|inactive|PabloZH24 has 15 seconds left.
|inactive|PabloZH24 has 10 seconds left.
|
|t:|1756217535
|switch|p1a: Annihilape|Annihilape, L50, M|100/100
|switch|p2a: Amoonguss|Amoonguss, L50, F|100/100
|-terastallize|p2b: Haxorus|Steel
|move|p1b: Pelipper|Hurricane|p2a: Amoonguss
|-supereffective|p2a: Amoonguss
|-crit|p2a: Amoonguss
|-damage|p2a: Amoonguss|0 fnt
|faint|p2a: Amoonguss
|move|p2b: Haxorus|Dragon Claw|p1a: Annihilape
|-crit|p1a: Annihilape
|-damage|p1a: Annihilape|3/100
|
|-weather|RainDance|[upkeep]
|-heal|p1a: Annihilape|10/100|[from] item: Leftovers
|upkeep
|
|t:|1756217549
|switch|p2a: Gholdengo|Gholdengo, L50|100/100
|turn|3
|
|t:|1756217558
|move|p1a: Annihilape|Rage Fist|p2a: Gholdengo
|-supereffective|p2a: Gholdengo
|-damage|p2a: Gholdengo|14/100
|move|p1b: Pelipper|Weather Ball|p2b: Haxorus
|-damage|p2b: Haxorus|5/100
|move|p2a: Gholdengo|Shadow Ball|p1a: Annihilape
|-supereffective|p1a: Annihilape
|-damage|p1a: Annihilape|0 fnt
|faint|p1a: Annihilape
|move|p2b: Haxorus|Dragon Claw|p1b: Pelipper
|-damage|p1b: Pelipper|23/100
|
|-weather|RainDance|[upkeep]
|upkeep
|
|t:|1756217573
|switch|p1a: Archaludon|Archaludon, L50, F, tera:Bug|53/100
|turn|4
|
|t:|1756217582
|move|p1b: Pelipper|Protect|p1b: Pelipper
|-singleturn|p1b: Pelipper|Protect
|move|p2b: Haxorus|Protect|p2b: Haxorus
|-singleturn|p2b: Haxorus|Protect
|move|p1a: Archaludon|Snarl|p2a: Gholdengo|[spread] p2a
|-activate|p2b: Haxorus|move: Protect
|-supereffective|p2a: Gholdengo
|-damage|p2a: Gholdengo|0 fnt
|faint|p2a: Gholdengo
|
|-weather|RainDance|[upkeep]
|-sideend|p1: PabloZH24|move: Tailwind
|upkeep
|
|t:|1756217591
|switch|p2a: Sneasler|Sneasler, L50, M|16/100
|-ability|p2a: Sneasler|Pressure
|turn|5
|inactive|PabloZH24 has 30 seconds left.
|inactive|FrancoilCieco777 has 30 seconds left.
|inactive|FrancoilCieco777 has 20 seconds left.
|
|t:|1756217630
|move|p1b: Pelipper|Protect||[still]
|-fail|p1b: Pelipper
|move|p2a: Sneasler|Dire Claw|p1b: Pelipper
|-damage|p1b: Pelipper|0 fnt
|faint|p1b: Pelipper
|move|p2b: Haxorus|Iron Head|p1a: Archaludon
|-damage|p1a: Archaludon|5/100
|-ability|p1a: Archaludon|Stamina|boost
|-boost|p1a: Archaludon|def|1
|move|p1a: Archaludon|Snarl|p2b: Haxorus|[spread] p2a,p2b
|-resisted|p2a: Sneasler
|-damage|p2a: Sneasler|8/100
|-damage|p2b: Haxorus|0 fnt
|-unboost|p2a: Sneasler|spa|1
|faint|p2b: Haxorus
|
|-weather|none
|upkeep
|
|t:|1756217645
|switch|p1b: Maushold|Maushold-Four, L50|100/100
|turn|6
|
|t:|1756217664
|move|p1b: Maushold|Follow Me|p1b: Maushold
|-singleturn|p1b: Maushold|move: Follow Me
|move|p2a: Sneasler|Dire Claw|p1b: Maushold
|-damage|p1b: Maushold|48/100
|move|p1a: Archaludon|Body Press|p2a: Sneasler
|-resisted|p2a: Sneasler
|-damage|p2a: Sneasler|0 fnt
|faint|p2a: Sneasler
|
|win|PabloZH24
