|j|☆Drkoo
|j|☆cacamolo
|html|Drkoocacamolo    
|uhtml|bestof|Game 2 of a best-of-3
|t:|1782584341
|gametype|doubles
|player|p1|Drkoo|2|
|player|p2|cacamolo|102|
|gen|9
|tier|[Gen 9 Champions] VGC 2026 Reg M-B (Bo3)
|rule|Species Clause: Limit one of each Pokémon
|rule|Item Clause: Limit 1 of each item
|clearpoke
|poke|p1|Charizard, L50, M, shiny|
|poke|p1|Venusaur, L50, M|
|poke|p1|Garchomp, L50, M|
|poke|p1|Incineroar, L50, M|
|poke|p1|Sneasler, L50, M|
|poke|p1|Milotic, L50, F|
|poke|p2|Swampert, L50, F|
|poke|p2|Sinistcha, L50|
|poke|p2|Archaludon, L50, F|
|poke|p2|Grimmsnarl, L50, M|
|poke|p2|Pelipper, L50, M|
|poke|p2|Metagross, L50|
|teampreview|4
|showteam|p1|Charizard||CharizarditeY|Blaze|SolarBeam,HeatWave,Protect,Roost|Modest||M|||50|]Venusaur||FocusSash|Chlorophyll|EnergyBall,SludgeBomb,SleepPowder,Protect|Modest||M|||50|]Garchomp||YacheBerry|RoughSkin|DragonClaw,Earthquake,RockSlide,Protect|Adamant||M|||50|]Incineroar||SitrusBerry|Intimidate|FakeOut,PartingShot,DarkestLariat,BlazeKick|Brave||M|||50|]Sneasler||MentalHerb|Unburden|DireClaw,CloseCombat,GunkShot,Protect|Adamant||M|||50|]Milotic||Leftovers|Competitive|IceBeam,Scald,IcyWind,Protect|Modest||F|||50|
|showteam|p2|Swampert||Swampertite|Damp|WaveCrash,Earthquake,IcePunch,Protect|Adamant||F|||50|]Sinistcha||CobaBerry|Hospitality|MatchaGotcha,TrickRoom,RagePowder,Protect|Relaxed|||||50|]Archaludon||Leftovers|Stamina|ElectroShot,DragonPulse,FlashCannon,Protect|Modest||F|||50|]Grimmsnarl||LightClay|Prankster|FoulPlay,PartingShot,Reflect,LightScreen|Calm||M|||50|]Pelipper||SitrusBerry|Drizzle|Hurricane,WeatherBall,Tailwind,WideGuard|Modest||M|||50|]Metagross||Metagrossite|ClearBody|IronHead,PsychicFangs,BodyPress,Protect|Jolly|||||50|
|
|t:|1782584357
|teamsize|p1|4
|teamsize|p2|4
|start
|switch|p1a: Charizard|Charizard, L50, M, shiny|100/100
|switch|p1b: Venusaur|Venusaur, L50, M|100/100
|switch|p2a: Swampert|Swampert, L50, F|100/100
|switch|p2b: Grimmsnarl|Grimmsnarl, L50, M|100/100
|turn|1
|
|t:|1782584373
|detailschange|p1a: Charizard|Charizard-Mega-Y, L50, M, shiny
|-mega|p1a: Charizard|Charizard|Charizardite Y
|-weather|SunnyDay|[from] ability: Drought|[of] p1a: Charizard
|detailschange|p2a: Swampert|Swampert-Mega, L50, F
|-mega|p2a: Swampert|Swampert|Swampertite
|move|p2a: Swampert|Protect|p2a: Swampert
|-singleturn|p2a: Swampert|Protect
|move|p2b: Grimmsnarl|Light Screen|p2b: Grimmsnarl
|-sidestart|p2: cacamolo|move: Light Screen
|move|p1b: Venusaur|Sleep Powder|p2b: Grimmsnarl
|-status|p2b: Grimmsnarl|slp|[from] move: Sleep Powder
|move|p1a: Charizard|Heat Wave|p2a: Swampert|[spread] p2b
|-activate|p2a: Swampert|move: Protect
|-damage|p2b: Grimmsnarl|56/100 slp
|
|-weather|SunnyDay|[upkeep]
|upkeep
|turn|2
|
|t:|1782584399
|switch|p2b: Pelipper|Pelipper, L50, M|100/100
|-weather|RainDance|[from] ability: Drizzle|[of] p2b: Pelipper
|move|p2a: Swampert|Wave Crash|p1a: Charizard
|-supereffective|p1a: Charizard|1
|-damage|p1a: Charizard|0 fnt
|faint|p1a: Charizard
|-damage|p2a: Swampert|74/100|[from] Recoil
|move|p1b: Venusaur|Energy Ball|p2b: Pelipper
|-damage|p2b: Pelipper|67/100
|
|-weather|RainDance|[upkeep]
|upkeep
|
|t:|1782584417
|switch|p1a: Garchomp|Garchomp, L50, M|100/100
|turn|3
|
|t:|1782584427
|move|p2a: Swampert|Protect|p2a: Swampert
|-singleturn|p2a: Swampert|Protect
|move|p1a: Garchomp|Rock Slide|p2a: Swampert|[spread] 
|-activate|p2a: Swampert|move: Protect
|-miss|p1a: Garchomp|p2b: Pelipper
|move|p1b: Venusaur|Sludge Bomb|p2b: Pelipper
|-damage|p2b: Pelipper|35/100
|-status|p2b: Pelipper|psn
|-enditem|p2b: Pelipper|Sitrus Berry|[eat]
|-heal|p2b: Pelipper|60/100 psn|[from] item: Sitrus Berry
|move|p2b: Pelipper|Hurricane|p1b: Venusaur
|-supereffective|p1b: Venusaur|1
|-damage|p1b: Venusaur|22/100
|-start|p1b: Venusaur|confusion
|
|-weather|RainDance|[upkeep]
|-damage|p2b: Pelipper|48/100 psn|[from] psn
|upkeep
|turn|4
|
|t:|1782584446
|switch|p1b: Milotic|Milotic, L50, F|100/100
|move|p1a: Garchomp|Protect|p1a: Garchomp
|-singleturn|p1a: Garchomp|Protect
|move|p2b: Pelipper|Wide Guard|p2b: Pelipper
|-singleturn|p2b: Pelipper|Wide Guard
|move|p2a: Swampert|Earthquake|p1b: Milotic|[spread] p1b
|-activate|p2b: Pelipper|move: Wide Guard
|-activate|p1a: Garchomp|move: Protect
|-damage|p1b: Milotic|40/100
|
|-weather|RainDance|[upkeep]
|-heal|p1b: Milotic|45/100|[from] item: Leftovers
|-damage|p2b: Pelipper|36/100 psn|[from] psn
|upkeep
|turn|5
|
|t:|1782584465
|switch|p1a: Venusaur|Venusaur, L50, M|22/100
|move|p2a: Swampert|Ice Punch|p1a: Venusaur
|-supereffective|p1a: Venusaur|1
|-damage|p1a: Venusaur|0 fnt
|faint|p1a: Venusaur
|move|p1b: Milotic|Icy Wind|p2b: Pelipper|[spread] p2a,p2b
|-damage|p2a: Swampert|66/100
|-damage|p2b: Pelipper|26/100 psn
|-unboost|p2a: Swampert|spe|1
|-unboost|p2b: Pelipper|spe|1
|move|p2b: Pelipper|Hurricane|p1b: Milotic
|-damage|p1b: Milotic|12/100
|
|-weather|RainDance|[upkeep]
|-heal|p1b: Milotic|18/100|[from] item: Leftovers
|-damage|p2b: Pelipper|14/100 psn|[from] psn
|upkeep
|
|t:|1782584469
|switch|p1a: Garchomp|Garchomp, L50, M|100/100
|turn|6
|
|t:|1782584486
|move|p1a: Garchomp|Protect|p1a: Garchomp
|-singleturn|p1a: Garchomp|Protect
|move|p2a: Swampert|Protect|p2a: Swampert
|-singleturn|p2a: Swampert|Protect
|move|p1b: Milotic|Icy Wind|p2b: Pelipper|[spread] p2b
|-activate|p2a: Swampert|move: Protect
|-damage|p2b: Pelipper|3/100 psn
|-unboost|p2b: Pelipper|spe|1
|move|p2b: Pelipper|Tailwind|p2b: Pelipper
|-sidestart|p2: cacamolo|move: Tailwind
|
|-weather|none
|-heal|p1b: Milotic|24/100|[from] item: Leftovers
|-damage|p2b: Pelipper|0 fnt|[from] psn
|faint|p2b: Pelipper
|upkeep
|
|t:|1782584505
|switch|p2b: Grimmsnarl|Grimmsnarl, L50, M|56/100 slp
|turn|7
|
|t:|1782584512
|cant|p2b: Grimmsnarl|slp
|move|p1a: Garchomp|Dragon Claw|p2a: Swampert
|-damage|p2a: Swampert|26/100
|move|p2a: Swampert|Ice Punch|p1a: Garchomp
|-supereffective|p1a: Garchomp|2
|-enditem|p1a: Garchomp|Yache Berry|[eat]
|-enditem|p1a: Garchomp|Yache Berry|[weaken]
|-damage|p1a: Garchomp|33/100
|-damage|p2a: Swampert|13/100|[from] ability: Rough Skin|[of] p1a: Garchomp
|move|p1b: Milotic|Ice Beam|p2a: Swampert
|-damage|p2a: Swampert|0 fnt
|faint|p2a: Swampert
|
|-heal|p1b: Milotic|30/100|[from] item: Leftovers
|upkeep
|
|t:|1782584526
|switch|p2a: Archaludon|Archaludon, L50, F|100/100
|turn|8
|
|t:|1782584535
|move|p2a: Archaludon|Dragon Pulse|p1a: Garchomp
|-supereffective|p1a: Garchomp|1
|-damage|p1a: Garchomp|0 fnt
|faint|p1a: Garchomp
|cant|p2b: Grimmsnarl|slp
|move|p1b: Milotic|Icy Wind|p2a: Archaludon|[spread] p2a,p2b
|-damage|p2a: Archaludon|91/100
|-damage|p2b: Grimmsnarl|49/100 slp
|-unboost|p2a: Archaludon|spe|1
|-unboost|p2b: Grimmsnarl|spe|1
|-ability|p2a: Archaludon|Stamina|boost
|-boost|p2a: Archaludon|def|1
|
|-heal|p2a: Archaludon|97/100|[from] item: Leftovers
|-heal|p1b: Milotic|35/100|[from] item: Leftovers
|-sideend|p2: cacamolo|move: Light Screen
|upkeep
|turn|9
|
|t:|1782584549
|move|p2a: Archaludon|Electro Shot||[still]
|-prepare|p2a: Archaludon|Electro Shot
|-boost|p2a: Archaludon|spa|1
|move|p1b: Milotic|Scald|p2b: Grimmsnarl
|-damage|p2b: Grimmsnarl|16/100 slp
|-curestatus|p2b: Grimmsnarl|slp|[msg]
|move|p2b: Grimmsnarl|Foul Play|p1b: Milotic
|-damage|p1b: Milotic|10/100
|
|-heal|p2a: Archaludon|100/100|[from] item: Leftovers
|-heal|p1b: Milotic|16/100|[from] item: Leftovers
|-sideend|p2: cacamolo|move: Tailwind
|upkeep
|turn|10
|
|t:|1782584562
|move|p1b: Milotic|Scald|p2b: Grimmsnarl
|-damage|p2b: Grimmsnarl|0 fnt
|faint|p2b: Grimmsnarl
|move|p2a: Archaludon|Electro Shot|p1b: Milotic|[from] lockedmove
|-supereffective|p1b: Milotic|1
|-damage|p1b: Milotic|0 fnt
|faint|p1b: Milotic
|
|win|cacamolo
