|j|☆coralcroc
|j|☆EthernetSac
|html|coralcrocEthernetSac    
|uhtml|bestof|Game 3 of a best-of-3
|t:|1757836549
|gametype|doubles
|player|p1|coralcroc|ethan|1124
|player|p2|EthernetSac|sonia-professor|1205
|gen|9
|tier|[Gen 9] VGC 2025 Reg H (Bo3)
|rated|
|rule|Species Clause: Limit one of each Pokémon
|rule|Item Clause: Limit 1 of each item
|clearpoke
|poke|p1|Tyranitar, L50, M|
|poke|p1|Garchomp, L50, M|
|poke|p1|Milotic, L50, F|
|poke|p1|Talonflame, L50, F|
|poke|p1|Serperior, L50, M|
|poke|p1|Scizor, L50, M|
|poke|p2|Serperior, L50, M|
|poke|p2|Ninetales-Alola, L50, M|
|poke|p2|Gholdengo, L50|
|poke|p2|Ursaluna, L50, F|
|poke|p2|Dragonite, L50, F|
|poke|p2|Sneasler, L50, M|
|teampreview|4
|showteam|p1|Tyranitar||WeaknessPolicy|SandStream|RockSlide,KnockOff,IronHead,Protect|||M|||50|,,,,,Flying]Garchomp||ClearAmulet|SandVeil|DragonClaw,Earthquake,PoisonJab,Protect|||M|||50|,,,,,Steel]Milotic||Leftovers|Competitive|Scald,IceBeam,Recover,Haze|||F|||50|,,,,,Grass]Talonflame||CovertCloak|GaleWings|FlareBlitz,BraveBird,Tailwind,Taunt|||F|||50|,,,,,Fire]Serperior||SitrusBerry|Contrary|LeafStorm,TeraBlast,Glare,Protect|||M|||50|,,,,,Fire]Scizor||ChoiceBand|Technician|BulletPunch,BugBite,CloseCombat,DualWingbeat|||M|||50|,,,,,Stellar
|showteam|p2|Serperior||CovertCloak|Contrary|Protect,Glare,Taunt,LeafStorm|||M|||50|,,,,,Fire]Ninetales-Alola||LightClay|SnowWarning|Protect,Blizzard,Moonblast,AuroraVeil|||M|||50|,,,,,Ghost]Gholdengo||MetalCoat|GoodasGold|Protect,NastyPlot,MakeItRain,ShadowBall||||||50|,,,,,Water]Ursaluna||FlameOrb|Guts|Protect,HeadlongRush,Earthquake,Facade|||F|||50|,,,,,Ghost]Dragonite||LoadedDice|Multiscale|ScaleShot,Tailwind,Haze,Protect|||F|||50|,,,,,Fairy]Sneasler||FocusSash|Unburden|CloseCombat,DireClaw,Coaching,Protect|||M|||50|,,,,,Ghost
|inactive|Battle timer is ON: inactive players will automatically lose when time's up. (requested by EthernetSac)
|inactive|coralcroc has 60 seconds left.
|inactive|coralcroc has 30 seconds left.
|
|t:|1757836611
|teamsize|p1|4
|teamsize|p2|4
|start
|switch|p1a: Talonflame|Talonflame, L50, F|100/100
|switch|p1b: Milotic|Milotic, L50, F|100/100
|switch|p2a: Dragonite|Dragonite, L50, F|100/100
|switch|p2b: Ursaluna|Ursaluna, L50, F|100/100
|turn|1
|inactive|EthernetSac has 30 seconds left.
|
|t:|1757836636
|-terastallize|p2a: Dragonite|Fairy
|move|p1a: Talonflame|Tailwind|p1a: Talonflame
|-sidestart|p1: coralcroc|move: Tailwind
|move|p1b: Milotic|Ice Beam|p2a: Dragonite
|-damage|p2a: Dragonite|87/100
|move|p2a: Dragonite|Scale Shot|p1a: Talonflame
|-damage|p1a: Talonflame|78/100
|-damage|p1a: Talonflame|54/100
|-damage|p1a: Talonflame|31/100
|-damage|p1a: Talonflame|8/100
|-hitcount|p1a: Talonflame|4
|-unboost|p2a: Dragonite|def|1
|-boost|p2a: Dragonite|spe|1
|move|p2b: Ursaluna|Earthquake|p1b: Milotic|[spread] p2a,p1b
|-immune|p1a: Talonflame
|-damage|p2a: Dragonite|6/100
|-damage|p1b: Milotic|59/100
|
|-heal|p1b: Milotic|65/100|[from] item: Leftovers
|-status|p2b: Ursaluna|brn|[from] item: Flame Orb
|upkeep
|turn|2
|inactive|coralcroc has 30 seconds left.
|inactive|EthernetSac has 30 seconds left.
|inactive|EthernetSac has 20 seconds left.
|inactive|EthernetSac has 15 seconds left.
|
|t:|1757836677
|move|p2a: Dragonite|Protect|p2a: Dragonite
|-singleturn|p2a: Dragonite|Protect
|move|p1a: Talonflame|Flare Blitz|p2a: Dragonite
|-activate|p2a: Dragonite|move: Protect
|move|p1b: Milotic|Scald|p2b: Ursaluna
|-supereffective|p2b: Ursaluna
|-damage|p2b: Ursaluna|41/100 brn
|move|p2b: Ursaluna|Headlong Rush|p1b: Milotic
|-damage|p1b: Milotic|0 fnt
|-unboost|p2b: Ursaluna|def|1
|-unboost|p2b: Ursaluna|spd|1
|faint|p1b: Milotic
|
|-damage|p2b: Ursaluna|35/100 brn|[from] brn
|upkeep
|
|t:|1757836701
|switch|p1b: Garchomp|Garchomp, L50, M|100/100
|turn|3
|
|t:|1757836709
|switch|p2b: Ninetales|Ninetales-Alola, L50, M|100/100
|-weather|Snowscape|[from] ability: Snow Warning|[of] p2b: Ninetales
|move|p1a: Talonflame|Flare Blitz|p2a: Dragonite
|-damage|p2a: Dragonite|0 fnt
|faint|p2a: Dragonite
|-damage|p1a: Talonflame|6/100|[from] Recoil
|move|p1b: Garchomp|Dragon Claw|p2b: Ninetales
|-immune|p2b: Ninetales
|
|-weather|Snowscape|[upkeep]
|upkeep
|
|t:|1757836726
|switch|p2a: Sneasler|Sneasler, L50, M|100/100
|turn|4
|
|t:|1757836735
|switch|p1a: Tyranitar|Tyranitar, L50, M|100/100
|-weather|Sandstorm|[from] ability: Sand Stream|[of] p1a: Tyranitar
|move|p2b: Ninetales|Protect|p2b: Ninetales
|-singleturn|p2b: Ninetales|Protect
|move|p1b: Garchomp|Poison Jab|p2b: Ninetales
|-activate|p2b: Ninetales|move: Protect
|move|p2a: Sneasler|Dire Claw|p1a: Tyranitar
|-resisted|p1a: Tyranitar
|-damage|p1a: Tyranitar|83/100
|
|-weather|Sandstorm|[upkeep]
|-damage|p2a: Sneasler|95/100|[from] Sandstorm
|-damage|p2b: Ninetales|95/100|[from] Sandstorm
|-sideend|p1: coralcroc|move: Tailwind
|upkeep
|turn|5
|inactive|coralcroc has 30 seconds left.
|
|t:|1757836767
|-terastallize|p1a: Tyranitar|Flying
|move|p2a: Sneasler|Close Combat|p1a: Tyranitar
|-resisted|p1a: Tyranitar
|-damage|p1a: Tyranitar|58/100
|-unboost|p2a: Sneasler|def|1
|-unboost|p2a: Sneasler|spd|1
|move|p2b: Ninetales|Blizzard|p1b: Garchomp|[spread] p1b
|-miss|p2b: Ninetales|p1a: Tyranitar
|-supereffective|p1b: Garchomp
|-damage|p1b: Garchomp|0 fnt
|faint|p1b: Garchomp
|move|p1a: Tyranitar|Iron Head|p2b: Ninetales
|-supereffective|p2b: Ninetales
|-damage|p2b: Ninetales|0 fnt
|faint|p2b: Ninetales
|
|-weather|Sandstorm|[upkeep]
|-damage|p2a: Sneasler|89/100|[from] Sandstorm
|-damage|p1a: Tyranitar|52/100|[from] Sandstorm
|upkeep
|
|t:|1757836780
|switch|p2b: Ursaluna|Ursaluna, L50, F|35/100 brn
|switch|p1b: Talonflame|Talonflame, L50, F|6/100
|turn|6
|
|t:|1757836792
|move|p2a: Sneasler|Protect|p2a: Sneasler
|-singleturn|p2a: Sneasler|Protect
|move|p2b: Ursaluna|Protect|p2b: Ursaluna
|-singleturn|p2b: Ursaluna|Protect
|move|p1b: Talonflame|Brave Bird|p2a: Sneasler
|-activate|p2a: Sneasler|move: Protect
|move|p1a: Tyranitar|Knock Off|p2b: Ursaluna
|-activate|p2b: Ursaluna|move: Protect
|
|-weather|Sandstorm|[upkeep]
|-damage|p1b: Talonflame|0 fnt|[from] Sandstorm
|-damage|p2a: Sneasler|83/100|[from] Sandstorm
|-damage|p1a: Tyranitar|46/100|[from] Sandstorm
|faint|p1b: Talonflame
|-damage|p2b: Ursaluna|30/100 brn|[from] brn
|upkeep
|turn|7
|inactive|coralcroc has 30 seconds left.
|
|t:|1757836818
|move|p2a: Sneasler|Dire Claw|p1a: Tyranitar
|-damage|p1a: Tyranitar|13/100
|-status|p1a: Tyranitar|slp
|move|p2b: Ursaluna|Facade|p1a: Tyranitar
|-crit|p1a: Tyranitar
|-damage|p1a: Tyranitar|0 fnt
|faint|p1a: Tyranitar
|
|win|EthernetSac
|raw|coralcroc's rating: 1124 → 1105(-19 for losing)
|raw|EthernetSac's rating: 1205 → 1224(+19 for winning)
|l|☆coralcroc
|player|p1|
