|j|☆Vaccamad
|j|☆Poapap2
|html|VaccamadPoapap2    
|uhtml|bestof|Game 2 of a best-of-3
|t:|1783286074
|gametype|doubles
|player|p1|Vaccamad|102|1069
|player|p2|Poapap2|2|1090
|gen|9
|tier|[Gen 9 Champions] VGC 2026 Reg M-B (Bo3)
|rated|
|rule|Species Clause: Limit one of each Pokémon
|rule|Item Clause: Limit 1 of each item
|clearpoke
|poke|p1|Tyranitar, L50, M|
|poke|p1|Sinistcha-Masterpiece, L50|
|poke|p1|Incineroar, L50, M|
|poke|p1|Staraptor, L50, M|
|poke|p1|Whimsicott, L50, F|
|poke|p1|Empoleon, L50, F|
|poke|p2|Pinsir, L50, M|
|poke|p2|Aerodactyl, L50, F|
|poke|p2|Sinistcha-Masterpiece, L50|
|poke|p2|Archaludon, L50, M|
|poke|p2|Politoed, L50, F|
|poke|p2|Sableye, L50, F|
|teampreview|4
|showteam|p1|Tyranitar||Tyranitarite|SandStream|Protect,RockSlide,KnockOff,LowKick|Adamant||M|||50|]Sinistcha-Masterpiece||SitrusBerry|Hospitality|RagePowder,EnergyBall,ShadowBall,Protect|Modest|||||50|]Incineroar||ExpertBelt|Intimidate|FakeOut,FlareBlitz,ThroatChop,PartingShot|Adamant||M|||50|]Staraptor||Staraptite|Intimidate|CloseCombat,BraveBird,Roost,Protect|Jolly||M|||50|]Whimsicott||FocusSash|Prankster|Protect,Encore,Moonblast,Tailwind|Timid||F|||50|]Empoleon||LifeOrb|Competitive|HydroPump,FlashCannon,IceBeam,Protect|Modest||F|||50|
|showteam|p2|Pinsir||Pinsirite|HyperCutter|BodySlam,GigaImpact,Feint,Protect|Adamant||M|||50|]Aerodactyl||FocusSash|Unnerve|WideGuard,RockSlide,Tailwind,Protect|Jolly||F|||50|]Sinistcha-Masterpiece||YacheBerry|Hospitality|RagePowder,MatchaGotcha,LifeDew,Protect|Bold|||||50|]Archaludon||ChoiceScarf|Stalwart|FlashCannon,ElectroShot,AuraSphere,DracoMeteor|Modest||M|||50|]Politoed||Leftovers|Drizzle|RainDance,WeatherBall,IceBeam,Protect|Modest||F|||50|]Sableye||SitrusBerry|Prankster|Protect,Disable,Encore,KnockOff|Careful||F|||50|
|
|t:|1783286096
|teamsize|p1|4
|teamsize|p2|4
|start
|switch|p1a: Whimsicott|Whimsicott, L50, F|100/100
|switch|p1b: Staraptor|Staraptor, L50, M|100/100
|switch|p2a: Pinsir|Pinsir, L50, M|100/100
|switch|p2b: Aerodactyl|Aerodactyl, L50, F|100/100
|-ability|p2b: Aerodactyl|Unnerve
|-ability|p1b: Staraptor|Intimidate|boost
|-fail|p2a: Pinsir|unboost|Attack|[from] ability: Hyper Cutter|[of] p2a: Pinsir
|-unboost|p2b: Aerodactyl|atk|1
|turn|1
|
|t:|1783286126
|detailschange|p1b: Staraptor|Staraptor-Mega, L50, M
|-mega|p1b: Staraptor|Staraptor|Staraptite
|detailschange|p2a: Pinsir|Pinsir-Mega, L50, M
|-mega|p2a: Pinsir|Pinsir|Pinsirite
|move|p2a: Pinsir|Feint|p1b: Staraptor
|-supereffective|p1b: Staraptor|1
|-damage|p1b: Staraptor|53/100
|move|p1a: Whimsicott|Tailwind|p1a: Whimsicott
|-sidestart|p1: Vaccamad|move: Tailwind
|move|p1b: Staraptor|Brave Bird|p2a: Pinsir
|-supereffective|p2a: Pinsir|1
|-damage|p2a: Pinsir|0 fnt
|faint|p2a: Pinsir
|-damage|p1b: Staraptor|20/100y|[from] Recoil
|move|p2b: Aerodactyl|Tailwind|p2b: Aerodactyl
|-sidestart|p2: Poapap2|move: Tailwind
|
|upkeep
|
|t:|1783286139
|switch|p2a: Archaludon|Archaludon, L50, M|100/100
|turn|2
|
|t:|1783286159
|move|p1b: Staraptor|Protect|p1b: Staraptor
|-singleturn|p1b: Staraptor|Protect
|move|p1a: Whimsicott|Encore|p2b: Aerodactyl
|-start|p2b: Aerodactyl|Encore
|move|p2a: Archaludon|Flash Cannon|p1a: Whimsicott
|-supereffective|p1a: Whimsicott|1
|-enditem|p1a: Whimsicott|Focus Sash
|-damage|p1a: Whimsicott|1/100
|move|p2b: Aerodactyl|Tailwind||[still]
|-fail|p2b: Aerodactyl
|
|upkeep
|turn|3
|
|t:|1783286186
|switch|p2b: Politoed|Politoed, L50, F|100/100
|-weather|RainDance|[from] ability: Drizzle|[of] p2b: Politoed
|switch|p1a: Sinistcha|Sinistcha-Masterpiece, L50|100/100
|-heal|p1b: Staraptor|45/100|[from] ability: Hospitality|[of] p1a: Sinistcha
|move|p2a: Archaludon|Flash Cannon|p1b: Staraptor
|-damage|p1b: Staraptor|1/100
|move|p1b: Staraptor|Close Combat|p2a: Archaludon
|-supereffective|p2a: Archaludon|1
|-damage|p2a: Archaludon|5/100
|-boost|p1b: Staraptor|def|1
|-boost|p1b: Staraptor|spd|1
|
|-weather|RainDance|[upkeep]
|upkeep
|turn|4
|
|t:|1783286212
|move|p1a: Sinistcha|Rage Powder|p1a: Sinistcha
|-singleturn|p1a: Sinistcha|move: Rage Powder
|move|p2a: Archaludon|Flash Cannon|p1b: Staraptor
|-damage|p1b: Staraptor|0 fnt
|faint|p1b: Staraptor
|move|p2b: Politoed|Ice Beam|p1a: Sinistcha
|-supereffective|p1a: Sinistcha|1
|-damage|p1a: Sinistcha|47/100
|-enditem|p1a: Sinistcha|Sitrus Berry|[eat]
|-heal|p1a: Sinistcha|71/100|[from] item: Sitrus Berry
|
|-weather|RainDance|[upkeep]
|-sideend|p1: Vaccamad|move: Tailwind
|-sideend|p2: Poapap2|move: Tailwind
|upkeep
|
|t:|1783286222
|switch|p1b: Whimsicott|Whimsicott, L50, F|1/100
|turn|5
|
|t:|1783286235
|switch|p2a: Aerodactyl|Aerodactyl, L50, F|100/100
|-ability|p2a: Aerodactyl|Unnerve
|move|p1b: Whimsicott|Protect|p1b: Whimsicott
|-singleturn|p1b: Whimsicott|Protect
|move|p1a: Sinistcha|Shadow Ball|p2a: Aerodactyl
|-damage|p2a: Aerodactyl|48/100
|move|p2b: Politoed|Ice Beam|p1b: Whimsicott
|-activate|p1b: Whimsicott|move: Protect
|
|-weather|RainDance|[upkeep]
|upkeep
|turn|6
|
|t:|1783286251
|move|p1b: Whimsicott|Tailwind|p1b: Whimsicott
|-sidestart|p1: Vaccamad|move: Tailwind
|move|p1a: Sinistcha|Energy Ball|p2a: Aerodactyl
|-damage|p2a: Aerodactyl|0 fnt
|faint|p2a: Aerodactyl
|move|p2b: Politoed|Ice Beam|p1a: Sinistcha
|-supereffective|p1a: Sinistcha|1
|-damage|p1a: Sinistcha|15/100
|
|-weather|RainDance|[upkeep]
|upkeep
|
|t:|1783286255
|switch|p2a: Archaludon|Archaludon, L50, M|5/100
|turn|7
|
|t:|1783286262
|move|p1b: Whimsicott|Moonblast|p2a: Archaludon
|-damage|p2a: Archaludon|0 fnt
|faint|p2a: Archaludon
|move|p1a: Sinistcha|Energy Ball|p2b: Politoed
|-supereffective|p2b: Politoed|1
|-damage|p2b: Politoed|23/100
|move|p2b: Politoed|Ice Beam|p1b: Whimsicott
|-supereffective|p1b: Whimsicott|1
|-damage|p1b: Whimsicott|0 fnt
|faint|p1b: Whimsicott
|
|-weather|none
|-heal|p2b: Politoed|29/100|[from] item: Leftovers
|upkeep
|
|t:|1783286269
|switch|p1b: Tyranitar|Tyranitar, L50, M|100/100
|-weather|Sandstorm|[from] ability: Sand Stream|[of] p1b: Tyranitar
|turn|8
|
|t:|1783286274
|move|p1a: Sinistcha|Energy Ball|p2b: Politoed
|-supereffective|p2b: Politoed|1
|-damage|p2b: Politoed|0 fnt
|faint|p2b: Politoed
|
|win|Vaccamad
|raw|Vaccamad's rating: 1069 → 1100(+31 for winning)
|raw|Poapap2's rating: 1090 → 1065(-25 for losing)
