|j|☆Rockslap
|j|☆dogggybears
|html|Rockslapdogggybears    
|uhtml|bestof|Game 2 of a best-of-3
|t:|1757046809
|gametype|doubles
|player|p1|Rockslap|101|1252
|player|p2|dogggybears|roxie|1216
|gen|9
|tier|[Gen 9] VGC 2025 Reg H (Bo3)
|rated|
|rule|Species Clause: Limit one of each Pokémon
|rule|Item Clause: Limit 1 of each item
|clearpoke
|poke|p1|Kommo-o, L50, M|
|poke|p1|Incineroar, L50, M|
|poke|p1|Rillaboom, L50, F|
|poke|p1|Volcarona, L50, F|
|poke|p1|Electabuzz, L50, M|
|poke|p1|Golduck, L50, F|
|poke|p2|Sneasler, L50, F|
|poke|p2|Indeedee, L50, M|
|poke|p2|Volcarona, L50, F|
|poke|p2|Ursaluna-Bloodmoon, L50, M|
|poke|p2|Annihilape, L50, F|
|poke|p2|Tyranitar, L50, M|
|teampreview|4
|showteam|p1|Kommo-o||ThroatSpray|Soundproof|ClangingScales,FlashCannon,ClangorousSoul,Protect|||M|||50|,,,,,Steel]Incineroar||SafetyGoggles|Intimidate|FakeOut,KnockOff,PartingShot,FlareBlitz|||M|||50|,,,,,Bug]Rillaboom||AssaultVest|GrassySurge|FakeOut,WoodHammer,HighHorsepower,GrassyGlide|||F|||50|,,,,,Water]Volcarona||SitrusBerry|FlameBody|QuiverDance,HeatWave,TeraBlast,Protect|||F|||50|,,,,,Fairy]Electabuzz||Eviolite|VitalSpirit|Protect,Electroweb,Taunt,FollowMe|||M|||50|,,,,,Fairy]Golduck||CovertCloak|CloudNine|IcyWind,SimpleBeam,HelpingHand,Encore|||F|||50|,,,,,Poison
|showteam|p2|Sneasler||PsychicSeed|Unburden|CloseCombat,DireClaw,ThroatChop,Protect|||F|||50|,,,,,Dark]Indeedee||ChoiceScarf|PsychicSurge|ExpandingForce,TeraBlast,Trick,Protect|||M|||50|,,,,,Psychic]Volcarona||SitrusBerry|FlameBody|Overheat,StruggleBug,RagePowder,Tailwind|||F|||50|,,,,,Grass]Ursaluna-Bloodmoon||LifeOrb|MindsEye|BloodMoon,HyperVoice,EarthPower,Protect|||M|||50|,,,,,Normal]Annihilape||SafetyGoggles|Defiant|CloseCombat,RageFist,Taunt,FinalGambit|||F|||50|,,,,,Fairy]Tyranitar||AssaultVest|SandStream|RockSlide,KnockOff,TeraBlast,LowKick|||M|||50|,,,,,Flying
|inactive|Battle timer is ON: inactive players will automatically lose when time's up. (requested by dogggybears)
|
|t:|1757046877
|teamsize|p1|4
|teamsize|p2|4
|start
|switch|p1a: Rillaboom|Rillaboom, L50, F|100/100
|switch|p1b: Kommo-o|Kommo-o, L50, M, shiny|100/100
|switch|p2a: Volcarona|Volcarona, L50, F|100/100
|switch|p2b: Annihilape|Annihilape, L50, F|100/100
|-fieldstart|move: Grassy Terrain|[from] ability: Grassy Surge|[of] p1a: Rillaboom
|turn|1
|
|t:|1757046900
|move|p1a: Rillaboom|Grassy Glide|p2b: Annihilape
|-damage|p2b: Annihilape|63/100
|move|p2a: Volcarona|Overheat|p1a: Rillaboom
|-supereffective|p1a: Rillaboom
|-damage|p1a: Rillaboom|24/100
|-unboost|p2a: Volcarona|spa|2
|move|p2b: Annihilape|Taunt|p1b: Kommo-o
|-start|p1b: Kommo-o|move: Taunt
|cant|p1b: Kommo-o|move: Taunt|Clangorous Soul
|
|-heal|p2b: Annihilape|69/100|[from] Grassy Terrain
|-heal|p1a: Rillaboom|30/100|[from] Grassy Terrain
|upkeep
|turn|2
|
|t:|1757046921
|switch|p1a: Electabuzz|Electabuzz, L50, M, shiny|100/100
|move|p2a: Volcarona|Struggle Bug|p1a: Electabuzz|[spread] p1a,p1b
|-resisted|p1b: Kommo-o
|-damage|p1a: Electabuzz|93/100
|-damage|p1b: Kommo-o|95/100
|-unboost|p1a: Electabuzz|spa|1
|-unboost|p1b: Kommo-o|spa|1
|move|p2b: Annihilape|Rage Fist|p1a: Electabuzz
|-damage|p1a: Electabuzz|56/100
|move|p1b: Kommo-o|Clanging Scales|p2b: Annihilape|[spread] p2a,p2b
|-damage|p2a: Volcarona|74/100
|-damage|p2b: Annihilape|44/100
|-unboost|p1b: Kommo-o|def|1
|-enditem|p1b: Kommo-o|Throat Spray
|-boost|p1b: Kommo-o|spa|1|[from] item: Throat Spray
|
|-heal|p2a: Volcarona|80/100|[from] Grassy Terrain
|-heal|p1a: Electabuzz|62/100|[from] Grassy Terrain
|-heal|p2b: Annihilape|50/100|[from] Grassy Terrain
|-heal|p1b: Kommo-o|100/100|[from] Grassy Terrain
|upkeep
|turn|3
|
|t:|1757046942
|move|p1a: Electabuzz|Follow Me|p1a: Electabuzz
|-singleturn|p1a: Electabuzz|move: Follow Me
|move|p2a: Volcarona|Struggle Bug|p1a: Electabuzz|[spread] p1a,p1b
|-resisted|p1b: Kommo-o
|-damage|p1a: Electabuzz|54/100
|-damage|p1b: Kommo-o|96/100
|-unboost|p1a: Electabuzz|spa|1
|-unboost|p1b: Kommo-o|spa|1
|move|p2b: Annihilape|Rage Fist|p1a: Electabuzz
|-damage|p1a: Electabuzz|3/100
|move|p1b: Kommo-o|Clanging Scales|p2a: Volcarona|[spread] p2a,p2b
|-damage|p2a: Volcarona|55/100
|-damage|p2b: Annihilape|25/100
|-unboost|p1b: Kommo-o|def|1
|
|-heal|p2a: Volcarona|61/100|[from] Grassy Terrain
|-heal|p1a: Electabuzz|9/100|[from] Grassy Terrain
|-heal|p2b: Annihilape|32/100|[from] Grassy Terrain
|-heal|p1b: Kommo-o|100/100|[from] Grassy Terrain
|-end|p1b: Kommo-o|move: Taunt
|upkeep
|turn|4
|inactive|Rockslap has 30 seconds left.
|inactive|dogggybears has 30 seconds left.
|
|t:|1757046976
|move|p1b: Kommo-o|Protect|p1b: Kommo-o
|-singleturn|p1b: Kommo-o|Protect
|move|p2a: Volcarona|Tailwind|p2a: Volcarona
|-sidestart|p2: dogggybears|move: Tailwind
|move|p2b: Annihilape|Taunt|p1b: Kommo-o
|-activate|p1b: Kommo-o|move: Protect
|move|p1a: Electabuzz|Taunt|p2a: Volcarona
|-start|p2a: Volcarona|move: Taunt
|
|-heal|p2a: Volcarona|67/100|[from] Grassy Terrain
|-heal|p2b: Annihilape|38/100|[from] Grassy Terrain
|-heal|p1a: Electabuzz|14/100|[from] Grassy Terrain
|upkeep
|turn|5
|
|t:|1757046994
|move|p1a: Electabuzz|Follow Me|p1a: Electabuzz
|-singleturn|p1a: Electabuzz|move: Follow Me
|move|p2a: Volcarona|Struggle Bug|p1b: Kommo-o|[spread] p1a,p1b
|-resisted|p1b: Kommo-o
|-damage|p1a: Electabuzz|7/100
|-damage|p1b: Kommo-o|96/100
|-unboost|p1a: Electabuzz|spa|1
|-unboost|p1b: Kommo-o|spa|1
|move|p2b: Annihilape|Taunt|p1a: Electabuzz
|-start|p1a: Electabuzz|move: Taunt
|move|p1b: Kommo-o|Clangorous Soul|p1b: Kommo-o
|-boost|p1b: Kommo-o|atk|1
|-boost|p1b: Kommo-o|def|1
|-boost|p1b: Kommo-o|spa|1
|-boost|p1b: Kommo-o|spd|1
|-boost|p1b: Kommo-o|spe|1
|-damage|p1b: Kommo-o|63/100
|
|-heal|p2a: Volcarona|73/100|[from] Grassy Terrain
|-heal|p2b: Annihilape|44/100|[from] Grassy Terrain
|-heal|p1b: Kommo-o|69/100|[from] Grassy Terrain
|-heal|p1a: Electabuzz|13/100|[from] Grassy Terrain
|-fieldend|move: Grassy Terrain
|upkeep
|turn|6
|
|t:|1757047008
|switch|p1a: Volcarona|Volcarona, L50, F, shiny|100/100
|move|p1b: Kommo-o|Protect|p1b: Kommo-o
|-singleturn|p1b: Kommo-o|Protect
|move|p2a: Volcarona|Struggle Bug|p1a: Volcarona|[spread] p1a
|-activate|p1b: Kommo-o|move: Protect
|-resisted|p1a: Volcarona
|-damage|p1a: Volcarona|97/100
|-unboost|p1a: Volcarona|spa|1
|move|p2b: Annihilape|Rage Fist|p1b: Kommo-o
|-activate|p1b: Kommo-o|move: Protect
|
|upkeep
|turn|7
|inactive|dogggybears has 30 seconds left.
|
|t:|1757047038
|switch|p1a: Electabuzz|Electabuzz, L50, M, shiny|13/100
|move|p2a: Volcarona|Struggle Bug|p1b: Kommo-o|[spread] p1a,p1b
|-resisted|p1b: Kommo-o
|-damage|p1a: Electabuzz|5/100
|-damage|p1b: Kommo-o|66/100
|-unboost|p1a: Electabuzz|spa|1
|-unboost|p1b: Kommo-o|spa|1
|move|p2b: Annihilape|Rage Fist|p1a: Electabuzz
|-damage|p1a: Electabuzz|0 fnt
|faint|p1a: Electabuzz
|move|p1b: Kommo-o|Clanging Scales|p2a: Volcarona|[spread] p2a,p2b
|-damage|p2a: Volcarona|53/100
|-damage|p2b: Annihilape|25/100
|-unboost|p1b: Kommo-o|def|1
|
|-end|p2a: Volcarona|move: Taunt
|-sideend|p2: dogggybears|move: Tailwind
|upkeep
|
|t:|1757047054
|switch|p1a: Rillaboom|Rillaboom, L50, F|30/100
|-fieldstart|move: Grassy Terrain|[from] ability: Grassy Surge|[of] p1a: Rillaboom
|turn|8
|
|t:|1757047072
|switch|p1b: Volcarona|Volcarona, L50, F, shiny|97/100
|move|p1a: Rillaboom|Grassy Glide|p2b: Annihilape
|-damage|p2b: Annihilape|0 fnt
|faint|p2b: Annihilape
|move|p2a: Volcarona|Tailwind|p2a: Volcarona
|-sidestart|p2: dogggybears|move: Tailwind
|
|-heal|p2a: Volcarona|59/100|[from] Grassy Terrain
|-heal|p1b: Volcarona|100/100|[from] Grassy Terrain
|-heal|p1a: Rillaboom|36/100|[from] Grassy Terrain
|upkeep
|
|t:|1757047085
|switch|p2b: Indeedee|Indeedee, L50, M|100/100
|-fieldstart|move: Psychic Terrain|[from] ability: Psychic Surge|[of] p2b: Indeedee
|turn|9
|
|t:|1757047095
|switch|p1a: Kommo-o|Kommo-o, L50, M, shiny|66/100
|-terastallize|p2b: Indeedee|Psychic
|move|p2b: Indeedee|Expanding Force|p1b: Volcarona|[spread] p1a,p1b
|-supereffective|p1a: Kommo-o
|-damage|p1a: Kommo-o|0 fnt
|-damage|p1b: Volcarona|35/100
|-enditem|p1b: Volcarona|Sitrus Berry|[eat]
|-heal|p1b: Volcarona|60/100|[from] item: Sitrus Berry
|faint|p1a: Kommo-o
|move|p2a: Volcarona|Struggle Bug|p1b: Volcarona
|-resisted|p1b: Volcarona
|-damage|p1b: Volcarona|55/100
|-unboost|p1b: Volcarona|spa|1
|move|p1b: Volcarona|Quiver Dance|p1b: Volcarona
|-boost|p1b: Volcarona|spa|1
|-boost|p1b: Volcarona|spd|1
|-boost|p1b: Volcarona|spe|1
|
|upkeep
|
|t:|1757047103
|switch|p1a: Rillaboom|Rillaboom, L50, F|36/100
|-fieldstart|move: Grassy Terrain|[from] ability: Grassy Surge|[of] p1a: Rillaboom
|turn|10
|
|t:|1757047127
|switch|p2b: Sneasler|Sneasler, L50, F|100/100
|-terastallize|p1a: Rillaboom|Water
|move|p2a: Volcarona|Overheat|p1a: Rillaboom
|-resisted|p1a: Rillaboom
|-damage|p1a: Rillaboom|27/100
|-unboost|p2a: Volcarona|spa|2
|move|p1b: Volcarona|Quiver Dance|p1b: Volcarona
|-boost|p1b: Volcarona|spa|1
|-boost|p1b: Volcarona|spd|1
|-boost|p1b: Volcarona|spe|1
|move|p1a: Rillaboom|High Horsepower|p2b: Sneasler|[miss]
|-miss|p1a: Rillaboom|p2b: Sneasler
|
|-heal|p2a: Volcarona|65/100|[from] Grassy Terrain
|-heal|p1b: Volcarona|61/100|[from] Grassy Terrain
|-heal|p1a: Rillaboom|33/100|[from] Grassy Terrain
|upkeep
|turn|11
|
|t:|1757047147
|switch|p2a: Indeedee|Indeedee, L50, M, tera:Psychic|100/100
|-fieldstart|move: Psychic Terrain|[from] ability: Psychic Surge|[of] p2a: Indeedee
|-enditem|p2b: Sneasler|Psychic Seed
|-boost|p2b: Sneasler|spd|1|[from] item: Psychic Seed
|move|p2b: Sneasler|Dire Claw|p1b: Volcarona
|-damage|p1b: Volcarona|7/100
|move|p1b: Volcarona|Heat Wave|p2a: Indeedee|[spread] p2a,p2b
|-damage|p2a: Indeedee|25/100
|-damage|p2b: Sneasler|48/100
|move|p1a: Rillaboom|High Horsepower|p2b: Sneasler
|-supereffective|p2b: Sneasler
|-crit|p2b: Sneasler
|-damage|p2b: Sneasler|0 fnt
|faint|p2b: Sneasler
|
|-sideend|p2: dogggybears|move: Tailwind
|upkeep
|
|t:|1757047150
|switch|p2b: Volcarona|Volcarona, L50, F|65/100
|turn|12
|
|t:|1757047165
|move|p1b: Volcarona|Heat Wave|p2a: Indeedee|[spread] p2a,p2b
|-damage|p2a: Indeedee|0 fnt
|-damage|p2b: Volcarona|13/100
|-enditem|p2b: Volcarona|Sitrus Berry|[eat]
|-heal|p2b: Volcarona|38/100|[from] item: Sitrus Berry
|faint|p2a: Indeedee
|move|p2b: Volcarona|Struggle Bug|p1a: Rillaboom|[spread] p1a,p1b
|-resisted|p1b: Volcarona
|-damage|p1a: Rillaboom|22/100
|-damage|p1b: Volcarona|3/100
|-unboost|p1a: Rillaboom|spa|1
|-unboost|p1b: Volcarona|spa|1
|move|p1a: Rillaboom|High Horsepower|p2b: Volcarona
|-crit|p2b: Volcarona
|-damage|p2b: Volcarona|0 fnt
|faint|p2b: Volcarona
|
|win|Rockslap
||dogggybears is ready for game 3.
|inactive|Rockslap has 30 seconds to confirm battle start!
||Rockslap is ready for game 3.
|uhtml|next|Next: Game 3 of 3
