|j|☆Los Ramirez
|j|☆JvinsVGC
|html|Los RamirezJvinsVGC    
|uhtml|bestof|Game 1 of a best-of-3
|t:|1783006259
|gametype|doubles
|player|p1|Los Ramirez|will|1274
|player|p2|JvinsVGC|2|1344
|gen|9
|tier|[Gen 9 Champions] VGC 2026 Reg M-B (Bo3)
|rated|
|rule|Species Clause: Limit one of each Pokémon
|rule|Item Clause: Limit 1 of each item
|clearpoke
|poke|p1|Floette-Eternal, L50, F|
|poke|p1|Incineroar, L50, M|
|poke|p1|Sinistcha, L50|
|poke|p1|Ditto, L50|
|poke|p1|Blaziken, L50, F|
|poke|p1|Sneasler, L50, M|
|poke|p2|Staraptor, L50, F|
|poke|p2|Grimmsnarl, L50, M|
|poke|p2|Arcanine-Hisui, L50, M|
|poke|p2|Garchomp, L50, M|
|poke|p2|Gholdengo, L50|
|poke|p2|Maushold-Four, L50|
|teampreview|4
|showteam|p1|Floette-Eternal||Floettite|FlowerVeil|Protect,DazzlingGleam,CalmMind,DrainingKiss|Modest||F|||50|]Incineroar||PasshoBerry|Intimidate|FakeOut,FlareBlitz,PartingShot,ThroatChop|Impish||M|||50|]Sinistcha||KasibBerry|Hospitality|LifeDew,MatchaGotcha,RagePowder,TrickRoom|Calm|||||50|]Ditto||FocusSash|Imposter|Transform|Timid|||||50|]Blaziken||Blazikenite|SpeedBoost|Protect,FlareBlitz,CloseCombat,SwordsDance|Adamant||F|||50|]Sneasler||WhiteHerb|Unburden|Protect,CloseCombat,DireClaw,FakeOut|Jolly||M|||50|
|showteam|p2|Staraptor||Staraptite|Intimidate|CloseCombat,BraveBird,Tailwind,Roost|Adamant||F|||50|]Grimmsnarl||LightClay|Prankster|LightScreen,Reflect,SpiritBreak,PartingShot|Careful||M|||50|]Arcanine-Hisui||HardStone|RockHead|FlareBlitz,RockSlide,HeadSmash,Protect|Adamant||M|||50|]Garchomp||SoftSand|RoughSkin|Earthquake,DragonClaw,SwordsDance,Protect|Adamant||M|||50|]Gholdengo||SitrusBerry|GoodasGold|MakeItRain,ShadowBall,NastyPlot,Protect|Modest|||||50|]Maushold-Four||FocusSash|FriendGuard|FollowMe,SuperFang,Charm,Protect|Timid|||||50|
|inactive|Battle timer is ON: inactive players will automatically lose when time's up. (requested by Los Ramirez)
|
|t:|1783006285
|teamsize|p1|4
|teamsize|p2|4
|start
|switch|p1a: Incineroar|Incineroar, L50, M|100/100
|switch|p1b: Floette|Floette-Eternal, L50, F|100/100
|switch|p2a: Gholdengo|Gholdengo, L50|100/100
|switch|p2b: Maushold|Maushold-Four, L50|100/100
|-ability|p1a: Incineroar|Intimidate|boost
|-unboost|p2a: Gholdengo|atk|1
|-unboost|p2b: Maushold|atk|1
|turn|1
|
|t:|1783006308
|detailschange|p1b: Floette|Floette-Mega, L50, F
|-mega|p1b: Floette|Floette|Floettite
|-ability|p1b: Floette|Fairy Aura
|move|p1a: Incineroar|Fake Out|p2b: Maushold
|-damage|p2b: Maushold|86/100
|cant|p2b: Maushold|flinch
|move|p1b: Floette|Dazzling Gleam|p2b: Maushold|[spread] p2a,p2b
|-resisted|p2a: Gholdengo|1
|-damage|p2a: Gholdengo|83/100
|-damage|p2b: Maushold|28/100
|move|p2a: Gholdengo|Nasty Plot|p2a: Gholdengo
|-boost|p2a: Gholdengo|spa|2
|
|upkeep
|turn|2
|
|t:|1783006326
|move|p2b: Maushold|Charm|p1a: Incineroar
|-unboost|p1a: Incineroar|atk|2
|move|p1b: Floette|Dazzling Gleam|p2b: Maushold|[spread] p2a,p2b
|-resisted|p2a: Gholdengo|1
|-crit|p2a: Gholdengo
|-damage|p2a: Gholdengo|58/100
|-damage|p2b: Maushold|0 fnt
|faint|p2b: Maushold
|move|p2a: Gholdengo|Make It Rain|p1b: Floette|[spread] p1a,p1b
|-resisted|p1a: Incineroar|1
|-supereffective|p1b: Floette|1
|-damage|p1a: Incineroar|53/100
|-damage|p1b: Floette|0 fnt
|-unboost|p2a: Gholdengo|spa|2
|faint|p1b: Floette
|move|p1a: Incineroar|Flare Blitz|p2a: Gholdengo
|-supereffective|p2a: Gholdengo|1
|-damage|p2a: Gholdengo|11/100
|-enditem|p2a: Gholdengo|Sitrus Berry|[eat]
|-heal|p2a: Gholdengo|36/100|[from] item: Sitrus Berry
|-damage|p1a: Incineroar|39/100|[from] Recoil
|
|upkeep
|
|t:|1783006346
|switch|p2b: Staraptor|Staraptor, L50, F|100/100
|switch|p1b: Ditto|Ditto, L50|100/100
|-ability|p2b: Staraptor|Intimidate|boost
|-unboost|p1a: Incineroar|atk|1
|-unboost|p1b: Ditto|atk|1
|-transform|p1b: Ditto|p2a: Gholdengo|[from] ability: Imposter
|turn|3
|
|t:|1783006358
|switch|p1a: Sinistcha|Sinistcha, L50|100/100
|detailschange|p2b: Staraptor|Staraptor-Mega, L50, F
|-mega|p2b: Staraptor|Staraptor|Staraptite
|move|p2a: Gholdengo|Protect|p2a: Gholdengo
|-singleturn|p2a: Gholdengo|Protect
|move|p2b: Staraptor|Tailwind|p2b: Staraptor
|-sidestart|p2: JvinsVGC|move: Tailwind
|move|p1b: Ditto|Nasty Plot|p1b: Ditto
|-boost|p1b: Ditto|spa|2
|
|upkeep
|turn|4
|
|t:|1783006372
|move|p1a: Sinistcha|Rage Powder|p1a: Sinistcha
|-singleturn|p1a: Sinistcha|move: Rage Powder
|move|p2b: Staraptor|Brave Bird|p1a: Sinistcha
|-supereffective|p1a: Sinistcha|1
|-damage|p1a: Sinistcha|0 fnt
|faint|p1a: Sinistcha
|-damage|p2b: Staraptor|69/100|[from] Recoil
|move|p2a: Gholdengo|Shadow Ball|p1b: Ditto
|-supereffective|p1b: Ditto|1
|-damage|p1b: Ditto|1/100
|move|p1b: Ditto|Make It Rain|p2a: Gholdengo|[spread] p2a,p2b
|-resisted|p2a: Gholdengo|1
|-damage|p2a: Gholdengo|0 fnt
|-damage|p2b: Staraptor|0 fnt
|-unboost|p1b: Ditto|spa|2
|faint|p2a: Gholdengo
|faint|p2b: Staraptor
|
|upkeep
|
|t:|1783006386
|switch|p2b: Garchomp|Garchomp, L50, M|100/100
|switch|p1a: Incineroar|Incineroar, L50, M|39/100
|-ability|p1a: Incineroar|Intimidate|boost
|-unboost|p2b: Garchomp|atk|1
|turn|5
|
|t:|1783006394
|move|p2b: Garchomp|Protect|p2b: Garchomp
|-singleturn|p2b: Garchomp|Protect
|move|p1a: Incineroar|Fake Out|p2b: Garchomp
|-activate|p2b: Garchomp|move: Protect
|move|p1b: Ditto|Nasty Plot|p1b: Ditto
|-boost|p1b: Ditto|spa|2
|
|upkeep
|turn|6
|
|t:|1783006401
|move|p1b: Ditto|Protect|p1b: Ditto
|-singleturn|p1b: Ditto|Protect
|move|p2b: Garchomp|Earthquake|p1b: Ditto|[spread] p1a
|-activate|p1b: Ditto|move: Protect
|-supereffective|p1a: Incineroar|1
|-damage|p1a: Incineroar|0 fnt
|faint|p1a: Incineroar
|
|-sideend|p2: JvinsVGC|move: Tailwind
|upkeep
|turn|7
|
|t:|1783006403
|move|p2b: Garchomp|Earthquake|p1b: Ditto
|-supereffective|p1b: Ditto|1
|-damage|p1b: Ditto|0 fnt
|faint|p1b: Ditto
|
|win|JvinsVGC
