|j|Ōśåkshreves40
|j|Ōśånatsukivgc
|html|kshreves40natsukivgc    
|uhtml|bestof|Game 3 of a best-of-3
|t:|1785701587
|gametype|doubles
|player|p1|kshreves40|102|1186
|player|p2|natsukivgc|102|1261
|gen|9
|tier|[Gen 9 Champions] VGC 2026 Reg M-B (Bo3)
|rated|
|rule|Species Clause: Limit one of each Pok├®mon
|rule|Item Clause: Limit 1 of each item
|clearpoke
|poke|p1|Farigiraf, L50, F|
|poke|p1|Charizard, L50, F|
|poke|p1|Venusaur, L50, M|
|poke|p1|Garchomp, L50, M|
|poke|p1|Incineroar, L50, F|
|poke|p1|Toxapex, L50, M|
|poke|p2|Garchomp, L50, M|
|poke|p2|Charizard, L50, M|
|poke|p2|Kingambit, L50, M|
|poke|p2|Basculegion, L50, M|
|poke|p2|Whimsicott, L50, M|
|poke|p2|Floette-Eternal, L50, F|
|teampreview|4
|showteam|p1|Farigiraf||ColburBerry|ArmorTail|TrickRoom,PsychicFangs,HelpingHand,Protect|Sassy||F|||50|]Charizard||CharizarditeY|SolarPower|HeatWave,Protect,SolarBeam,WeatherBall|Timid||F|||50|]Venusaur||FocusSash|Chlorophyll|GigaDrain,SleepPowder,Protect,EarthPower|Modest||M|||50|]Garchomp||LifeOrb|RoughSkin|DragonClaw,Earthquake,Protect,RockSlide|Jolly||M|||50|]Incineroar||SitrusBerry|Intimidate|FakeOut,PartingShot,DarkestLariat,FlareBlitz|Adamant||F|||50|]Toxapex||Leftovers|Regenerator|BanefulBunker,Toxic,Infestation,WideGuard|Bold||M|||50|
|showteam|p2|Garchomp||SitrusBerry|RoughSkin|RockSlide,DragonTail,StompingTantrum,PoisonJab|Adamant||M|||50|]Charizard||CharizarditeY|Blaze|HeatWave,SolarBeam,WeatherBall,Protect|Modest||M|||50|]Kingambit||LifeOrb|Defiant|KowtowCleave,IronHead,SuckerPunch,LowKick|Adamant||M|||50|]Basculegion||ChoiceScarf|Adaptability|LastRespects,WaveCrash,FlipTurn,AquaJet|Jolly||M|||50|]Whimsicott||FocusSash|Prankster|Tailwind,Moonblast,Encore,Protect|Timid||M|||50|]Floette-Eternal||Floettite|FlowerVeil|DazzlingGleam,Moonblast,LightofRuin,Protect|Modest||F|||50|
|c|Ōśåkshreves40|gg
|inactive|Battle timer is ON: inactive players will automatically lose when time's up. (requested by kshreves40)
|
|t:|1785701630
|teamsize|p1|4
|teamsize|p2|4
|start
|switch|p1a: Charizard|Charizard, L50, F|100/100
|switch|p1b: Toxapex|Toxapex, L50, M|100/100
|switch|p2a: Kingambit|Kingambit, L50, M|100/100
|switch|p2b: Garchomp|Garchomp, L50, M|100/100
|turn|1
|c|Ōśånatsukivgc|gl fo rlast
|inactive|kshreves40 has 30 seconds left.
|
|t:|1785701664
|switch|p1a: Incineroar|Incineroar, L50, F|100/100
|-ability|p1a: Incineroar|Intimidate|boost
|-unboost|p2a: Kingambit|atk|1
|-ability|p2a: Kingambit|Defiant|boost
|-boost|p2a: Kingambit|atk|2
|-unboost|p2b: Garchomp|atk|1
|move|p1b: Toxapex|Baneful Bunker|p1b: Toxapex
|-singleturn|p1b: Toxapex|move: Protect
|move|p2b: Garchomp|Rock Slide|p1a: Incineroar|[spread] p1a
|-activate|p1b: Toxapex|move: Protect
|-supereffective|p1a: Incineroar|1
|-damage|p1a: Incineroar|74/100
|move|p2a: Kingambit|Kowtow Cleave|p1b: Toxapex
|-activate|p1b: Toxapex|move: Protect
|
|upkeep
|turn|2
|
|t:|1785701686
|move|p1a: Incineroar|Fake Out|p2a: Kingambit
|-resisted|p2a: Kingambit|1
|-damage|p2a: Kingambit|93/100
|move|p2b: Garchomp|Stomping Tantrum|p1a: Incineroar
|-supereffective|p1a: Incineroar|1
|-damage|p1a: Incineroar|25/100
|-enditem|p1a: Incineroar|Sitrus Berry|[eat]
|-heal|p1a: Incineroar|50/100g|[from] item: Sitrus Berry
|cant|p2a: Kingambit|flinch
|move|p1b: Toxapex|Toxic|p2b: Garchomp
|-status|p2b: Garchomp|tox
|
|-damage|p2b: Garchomp|93/100 tox|[from] psn
|upkeep
|turn|3
|inactive|natsukivgc has 30 seconds left.
|
|t:|1785701712
|switch|p1a: Charizard|Charizard, L50, F|100/100
|move|p2b: Garchomp|Rock Slide|p1a: Charizard|[spread] p1a,p1b
|-supereffective|p1a: Charizard|2
|-damage|p1a: Charizard|25/100
|-damage|p1b: Toxapex|91/100
|move|p2a: Kingambit|Kowtow Cleave|p1b: Toxapex
|-damage|p1b: Toxapex|33/100
|-damage|p2a: Kingambit|84/100|[from] item: Life Orb
|cant|p1b: Toxapex|flinch
|
|-heal|p1b: Toxapex|39/100|[from] item: Leftovers
|-damage|p2b: Garchomp|81/100 tox|[from] psn
|upkeep
|turn|4
|
|t:|1785701733
|-heal|p1b: Toxapex|72/100|[from] ability: Regenerator|[silent]
|switch|p1b: Incineroar|Incineroar, L50, F|50/100g
|-ability|p1b: Incineroar|Intimidate|boost
|-unboost|p2a: Kingambit|atk|1
|-ability|p2a: Kingambit|Defiant|boost
|-boost|p2a: Kingambit|atk|2
|-unboost|p2b: Garchomp|atk|1
|detailschange|p1a: Charizard|Charizard-Mega-Y, L50, F
|-mega|p1a: Charizard|Charizard|Charizardite Y
|-weather|SunnyDay|[from] ability: Drought|[of] p1a: Charizard
|move|p1a: Charizard|Heat Wave|p2a: Kingambit|[spread] p2a,p2b
|-supereffective|p2a: Kingambit|1
|-resisted|p2b: Garchomp|1
|-damage|p2a: Kingambit|0 fnt
|-damage|p2b: Garchomp|53/100 tox
|faint|p2a: Kingambit
|move|p2b: Garchomp|Rock Slide|p1a: Charizard|[spread] p1a,p1b
|-supereffective|p1a: Charizard|2
|-supereffective|p1b: Incineroar|1
|-damage|p1a: Charizard|0 fnt
|-damage|p1b: Incineroar|31/100
|faint|p1a: Charizard
|
|-weather|SunnyDay|[upkeep]
|-damage|p2b: Garchomp|35/100 tox|[from] psn
|upkeep
|-enditem|p2b: Garchomp|Sitrus Berry|[eat]
|-heal|p2b: Garchomp|60/100 tox|[from] item: Sitrus Berry
|
|t:|1785701757
|switch|p1a: Venusaur|Venusaur, L50, M|100/100
|switch|p2a: Whimsicott|Whimsicott, L50, M|100/100
|turn|5
|
|t:|1785701771
|move|p2a: Whimsicott|Tailwind|p2a: Whimsicott
|-sidestart|p2: natsukivgc|move: Tailwind
|move|p1a: Venusaur|Giga Drain|p2b: Garchomp
|-damage|p2b: Garchomp|28/100 tox
|move|p2b: Garchomp|Rock Slide|p1a: Venusaur|[spread] p1a,p1b
|-supereffective|p1b: Incineroar|1
|-damage|p1a: Venusaur|87/100
|-damage|p1b: Incineroar|12/100
|move|p1b: Incineroar|Flare Blitz|p2a: Whimsicott
|-supereffective|p2a: Whimsicott|1
|-enditem|p2a: Whimsicott|Focus Sash
|-damage|p2a: Whimsicott|1/100
|-damage|p1b: Incineroar|0 fnt|[from] Recoil
|faint|p1b: Incineroar
|
|-weather|SunnyDay|[upkeep]
|-damage|p2b: Garchomp|4/100 tox|[from] psn
|upkeep
|
|t:|1785701786
|switch|p1b: Toxapex|Toxapex, L50, M|72/100
|turn|6
|
|t:|1785701795
|move|p2a: Whimsicott|Protect|p2a: Whimsicott
|-singleturn|p2a: Whimsicott|Protect
|move|p1b: Toxapex|Baneful Bunker|p1b: Toxapex
|-singleturn|p1b: Toxapex|move: Protect
|move|p1a: Venusaur|Giga Drain|p2a: Whimsicott
|-activate|p2a: Whimsicott|move: Protect
|move|p2b: Garchomp|Stomping Tantrum|p1b: Toxapex
|-activate|p1b: Toxapex|move: Protect
|
|-weather|SunnyDay|[upkeep]
|-heal|p1b: Toxapex|78/100|[from] item: Leftovers
|-damage|p2b: Garchomp|0 fnt|[from] psn
|faint|p2b: Garchomp
|upkeep
|
|t:|1785701810
|switch|p2b: Basculegion|Basculegion, L50, M|100/100
|turn|7
|
|t:|1785701827
|move|p2a: Whimsicott|Encore|p1b: Toxapex
|-start|p1b: Toxapex|Encore
|move|p1b: Toxapex|Baneful Bunker||[still]
|-fail|p1b: Toxapex
|move|p2b: Basculegion|Last Respects|p1a: Venusaur
|-damage|p1a: Venusaur|0 fnt
|faint|p1a: Venusaur
|
|-weather|SunnyDay|[upkeep]
|-heal|p1b: Toxapex|84/100|[from] item: Leftovers
|upkeep
|turn|8
|c|Ōśånatsukivgc|ggs
|c|Ōśåkshreves40|gg
|
|t:|1785701842
|move|p1b: Toxapex|Baneful Bunker|p1b: Toxapex
|-singleturn|p1b: Toxapex|move: Protect
|move|p2b: Basculegion|Last Respects|p1b: Toxapex
|-activate|p1b: Toxapex|move: Protect
|move|p2a: Whimsicott|Moonblast|p1b: Toxapex
|-activate|p1b: Toxapex|move: Protect
|
|-weather|none
|-heal|p1b: Toxapex|89/100|[from] item: Leftovers
|-sideend|p2: natsukivgc|move: Tailwind
|upkeep
|turn|9
|
|t:|1785701855
|move|p1b: Toxapex|Baneful Bunker||[still]
|-fail|p1b: Toxapex
|move|p2b: Basculegion|Last Respects|p1b: Toxapex
|-damage|p1b: Toxapex|33/100
|move|p2a: Whimsicott|Moonblast|p1b: Toxapex
|-resisted|p1b: Toxapex|1
|-damage|p1b: Toxapex|17/100
|
|-heal|p1b: Toxapex|23/100|[from] item: Leftovers
|-end|p1b: Toxapex|Encore
|upkeep
|turn|10
|
|t:|1785701868
|move|p2a: Whimsicott|Encore|p1b: Toxapex
|-start|p1b: Toxapex|Encore
|move|p1b: Toxapex|Baneful Bunker|p1b: Toxapex
|-singleturn|p1b: Toxapex|move: Protect
|move|p2b: Basculegion|Last Respects|p1b: Toxapex
|-activate|p1b: Toxapex|move: Protect
|
|-heal|p1b: Toxapex|29/100|[from] item: Leftovers
|upkeep
|turn|11
|
|t:|1785701878
|move|p1b: Toxapex|Baneful Bunker||[still]
|-fail|p1b: Toxapex
|move|p2b: Basculegion|Last Respects|p1b: Toxapex
|-damage|p1b: Toxapex|0 fnt
|faint|p1b: Toxapex
|
|win|natsukivgc
|raw|kshreves40's rating: 1186 → 1166(-20 for losing)
|raw|natsukivgc's rating: 1261 → 1281(+20 for winning)
