|j|☆Cristante terabug
|j|☆EXHOUL
|html|Cristante terabugEXHOUL    
|uhtml|bestof|Game 2 of a best-of-3
|t:|1756735981
|gametype|doubles
|player|p1|Cristante terabug|kieran-champion|1272
|player|p2|EXHOUL|shadowtriad|1381
|gen|9
|tier|[Gen 9] VGC 2025 Reg H (Bo3)
|rated|
|rule|Species Clause: Limit one of each Pokémon
|rule|Item Clause: Limit 1 of each item
|clearpoke
|poke|p1|Incineroar, L50, M|
|poke|p1|Pelipper, L50, M|
|poke|p1|Archaludon, L50, M|
|poke|p1|Dragonite, L50, M|
|poke|p1|Sinistcha, L50|
|poke|p1|Ursaluna, L50, M|
|poke|p2|Torkoal, L50, F|
|poke|p2|Lilligant-Hisui, L50, F|
|poke|p2|Armarouge, L50, M|
|poke|p2|Indeedee-F, L50, F|
|poke|p2|Incineroar, L50, F|
|poke|p2|Ursaluna, L50, M|
|teampreview|4
|showteam|p1|Incineroar||SafetyGoggles|Intimidate|FakeOut,PartingShot,KnockOff,FlareBlitz|||M|||50|,,,,,Flying]Pelipper||FocusSash|Drizzle|Hurricane,MuddyWater,Tailwind,Protect|||M|||50|,,,,,Ghost]Archaludon||AssaultVest|Stamina|ElectroShot,Snarl,FlashCannon,BodyPress|||M|||50|,,,,,Bug]Dragonite||LoadedDice|Multiscale|ScaleShot,Tailwind,Haze,Protect|||M|||50|,,,,,Fairy]Sinistcha||SitrusBerry|Hospitality|MatchaGotcha,RagePowder,LifeDew,TrickRoom||||||50|,,,,,Dark]Ursaluna||FlameOrb|Guts|Earthquake,Facade,HeadlongRush,Protect|||M|||50|,,,,,Ghost
|showteam|p2|Torkoal||Charcoal|Drought|Eruption,Flamethrower,ClearSmog,Protect|||F|||50|,,,,,Fire]Lilligant-Hisui||FocusSash|Chlorophyll|SleepPowder,CloseCombat,Encore,AfterYou|||F|||50|,,,,,Ghost]Armarouge||LifeOrb|FlashFire|ExpandingForce,ArmorCannon,WideGuard,TrickRoom|||M|||50|,,,,,Grass]Indeedee-F||RockyHelmet|PsychicSurge|FollowMe,HelpingHand,DazzlingGleam,TrickRoom|||F|||50|,,,,,Steel]Incineroar||SafetyGoggles|Intimidate|FakeOut,PartingShot,KnockOff,FlareBlitz|||F|||50|,,,,,Ghost]Ursaluna||FlameOrb|Guts|Facade,HeadlongRush,Earthquake,Protect|||M|||50|,,,,,Ghost
|inactive|Battle timer is ON: inactive players will automatically lose when time's up. (requested by EXHOUL)
|inactive|Cristante terabug has 60 seconds left.
|inactive|Cristante terabug has 30 seconds left.
|inactive|Cristante terabug has 20 seconds left.
|inactive|Cristante terabug has 15 seconds left.
|
|t:|1756736060
|teamsize|p1|4
|teamsize|p2|4
|start
|switch|p1a: De Marinis|Incineroar, L50, M|100/100
|switch|p1b: Luca|Archaludon, L50, M|100/100
|switch|p2a: Indeedee|Indeedee-F, L50, F|100/100
|switch|p2b: Armarouge|Armarouge, L50, M|100/100
|-ability|p1a: De Marinis|Intimidate|boost
|-unboost|p2a: Indeedee|atk|1
|-unboost|p2b: Armarouge|atk|1
|-fieldstart|move: Psychic Terrain|[from] ability: Psychic Surge|[of] p2a: Indeedee
|turn|1
|inactive|EXHOUL has 30 seconds left.
|
|t:|1756736086
|-terastallize|p2b: Armarouge|Grass
|move|p2b: Armarouge|Wide Guard|p2b: Armarouge
|-singleturn|p2b: Armarouge|Wide Guard
|move|p1b: Luca|Snarl|p2a: Indeedee|[spread] 
|-activate|p2a: Indeedee|move: Wide Guard
|-activate|p2b: Armarouge|move: Wide Guard
|move|p1a: De Marinis|Knock Off|p2b: Armarouge
|-damage|p2b: Armarouge|58/100
|-enditem|p2b: Armarouge|Life Orb|[from] move: Knock Off|[of] p1a: De Marinis
|move|p2a: Indeedee|Trick Room|p2a: Indeedee
|-fieldstart|move: Trick Room|[of] p2a: Indeedee
|
|upkeep
|turn|2
|
|t:|1756736104
|switch|p2a: Ursaluna|Ursaluna, L50, M|100/100
|move|p2b: Armarouge|Armor Cannon|p1b: Luca
|-damage|p1b: Luca|37/100
|-unboost|p2b: Armarouge|def|1
|-unboost|p2b: Armarouge|spd|1
|-ability|p1b: Luca|Stamina|boost
|-boost|p1b: Luca|def|1
|move|p1a: De Marinis|Knock Off|p2a: Ursaluna
|-damage|p2a: Ursaluna|67/100
|-enditem|p2a: Ursaluna|Flame Orb|[from] move: Knock Off|[of] p1a: De Marinis
|move|p1b: Luca|Snarl|p2a: Ursaluna|[spread] p2a,p2b
|-damage|p2a: Ursaluna|56/100
|-damage|p2b: Armarouge|37/100
|-unboost|p2a: Ursaluna|spa|1
|-unboost|p2b: Armarouge|spa|1
|
|upkeep
|turn|3
|inactive|Cristante terabug has 30 seconds left.
|
|t:|1756736133
|switch|p1b: Wanda|Sinistcha, L50, shiny|100/100
|-terastallize|p1a: De Marinis|Flying
|move|p2a: Ursaluna|Headlong Rush|p1a: De Marinis
|-immune|p1a: De Marinis
|move|p2b: Armarouge|Armor Cannon|p1a: De Marinis
|-damage|p1a: De Marinis|58/100
|-unboost|p2b: Armarouge|def|1
|-unboost|p2b: Armarouge|spd|1
|move|p1a: De Marinis|Knock Off|p2b: Armarouge
|-damage|p2b: Armarouge|0 fnt
|faint|p2b: Armarouge
|
|upkeep
|
|t:|1756736147
|switch|p2b: Torkoal|Torkoal, L50, F|100/100
|-weather|SunnyDay|[from] ability: Drought|[of] p2b: Torkoal
|turn|4
|
|t:|1756736154
|switch|p1a: Silvano|Pelipper, L50, M, shiny|100/100
|-weather|RainDance|[from] ability: Drizzle|[of] p1a: Silvano
|move|p2b: Torkoal|Eruption|p1a: Silvano|[spread] p1a,p1b
|-resisted|p1a: Silvano
|-supereffective|p1b: Wanda
|-damage|p1a: Silvano|75/100
|-damage|p1b: Wanda|52/100
|move|p2a: Ursaluna|Facade|p1a: Silvano
|-damage|p1a: Silvano|17/100
|move|p1b: Wanda|Matcha Gotcha|p2b: Torkoal|[spread] p2a,p2b
|-supereffective|p2a: Ursaluna
|-resisted|p2b: Torkoal
|-damage|p2a: Ursaluna|10/100
|-heal|p1b: Wanda|83/100|[from] drain|[of] p2a: Ursaluna
|-damage|p2b: Torkoal|84/100
|-heal|p1b: Wanda|91/100|[from] drain|[of] p2b: Torkoal
|
|-weather|RainDance|[upkeep]
|upkeep
|turn|5
|
|t:|1756736174
|switch|p2b: Indeedee|Indeedee-F, L50, F|100/100
|move|p1a: Silvano|Protect|p1a: Silvano
|-singleturn|p1a: Silvano|Protect
|move|p2a: Ursaluna|Facade|p1a: Silvano
|-activate|p1a: Silvano|move: Protect
|move|p1b: Wanda|Matcha Gotcha|p2a: Ursaluna|[spread] p2a,p2b
|-supereffective|p2a: Ursaluna
|-damage|p2a: Ursaluna|0 fnt
|-heal|p1b: Wanda|98/100|[from] drain|[of] p2a: Ursaluna
|-damage|p2b: Indeedee|78/100
|-heal|p1b: Wanda|100/100|[from] drain|[of] p2b: Indeedee
|faint|p2a: Ursaluna
|
|-weather|RainDance|[upkeep]
|-fieldend|move: Trick Room
|-fieldend|move: Psychic Terrain
|upkeep
|
|t:|1756736178
|switch|p2a: Torkoal|Torkoal, L50, F|84/100
|-weather|SunnyDay|[from] ability: Drought|[of] p2a: Torkoal
|turn|6
|
|t:|1756736185
|switch|p1a: De Marinis|Incineroar, L50, M, tera:Flying|58/100
|-ability|p1a: De Marinis|Intimidate|boost
|-unboost|p2a: Torkoal|atk|1
|-unboost|p2b: Indeedee|atk|1
|move|p1b: Wanda|Matcha Gotcha|p2b: Indeedee|[spread] p2a,p2b
|-resisted|p2a: Torkoal
|-damage|p2a: Torkoal|68/100
|-damage|p2b: Indeedee|56/100
|move|p2a: Torkoal|Eruption|p1a: De Marinis|[spread] p1a,p1b
|-supereffective|p1b: Wanda
|-damage|p1a: De Marinis|5/100
|-damage|p1b: Wanda|0 fnt
|faint|p1b: Wanda
|move|p2b: Indeedee|Trick Room|p2b: Indeedee
|-fieldstart|move: Trick Room|[of] p2b: Indeedee
|
|-weather|SunnyDay|[upkeep]
|upkeep
|
|t:|1756736196
|switch|p1b: Silvano|Pelipper, L50, M, shiny|17/100
|-weather|RainDance|[from] ability: Drizzle|[of] p1b: Silvano
|turn|7
|
|t:|1756736203
|move|p2a: Torkoal|Protect|p2a: Torkoal
|-singleturn|p2a: Torkoal|Protect
|move|p2b: Indeedee|Dazzling Gleam|p1b: Silvano|[spread] p1a,p1b
|-damage|p1a: De Marinis|0 fnt
|-damage|p1b: Silvano|0 fnt
|faint|p1a: De Marinis
|faint|p1b: Silvano
|
|-weather|RainDance|[upkeep]
|upkeep
|
|t:|1756736206
|switch|p1b: Luca|Archaludon, L50, M|37/100
|turn|8
|
|t:|1756736214
|move|p2a: Torkoal|Eruption|p1b: Luca
|-damage|p1b: Luca|16/100
|-ability|p1b: Luca|Stamina|boost
|-boost|p1b: Luca|def|1
|move|p2b: Indeedee|Dazzling Gleam|p1b: Luca
|-damage|p1b: Luca|0 fnt
|faint|p1b: Luca
|
|win|EXHOUL
|raw|Cristante terabug's rating: 1272 → 1255(-17 for losing)
|raw|EXHOUL's rating: 1381 → 1395(+14 for winning)
