|j|☆Sala335
|j|☆grafitigreifer
|html|Sala335grafitigreifer    
|uhtml|bestof|Game 2 of a best-of-3
|t:|1784365277
|gametype|doubles
|player|p1|Sala335|gambler|
|player|p2|grafitigreifer|hanbei-conquest|
|gen|9
|tier|[Gen 9 Champions] VGC 2026 Reg M-B (Bo3)
|rule|Species Clause: Limit one of each Pokémon
|rule|Item Clause: Limit 1 of each item
|clearpoke
|poke|p1|Mawile, L50, F|
|poke|p1|Houndstone, L50, F|
|poke|p1|Tyranitar, L50, M|
|poke|p1|Incineroar, L50, F|
|poke|p1|Farigiraf, L50, F|
|poke|p1|Kommo-o, L50, F|
|poke|p2|Metagross, L50|
|poke|p2|Eelektross, L50, M|
|poke|p2|Hydreigon, L50, M|
|poke|p2|Garchomp, L50, F|
|poke|p2|Basculegion, L50, M|
|poke|p2|Whimsicott, L50, M|
|teampreview|4
|showteam|p1|Mawile||Mawilite|HyperCutter|PlayRough,IronHead,SuckerPunch,Protect|Brave||F|||50|]Houndstone||LifeOrb|SandRush|LastRespects,BodyPress,WillOWisp,Protect|Impish||F|||50|]Tyranitar||Tyranitarite|SandStream|RockSlide,KnockOff,Protect,HighHorsepower|Adamant||M|||50|]Incineroar||SitrusBerry|Intimidate|FakeOut,Taunt,FlareBlitz,PartingShot|Impish||F|||50|]Farigiraf||MentalHerb|ArmorTail|Protect,TrickRoom,Thunderbolt,Psychic|Bold||F|||50|]Kommo-o||DragonFang|Overcoat|ClangorousSoul,ClangingScales,AuraSphere,Protect|Timid||F|||50|
|showteam|p2|Metagross||Metagrossite|ClearBody|IronHead,PsychicFangs,IcePunch,Protect|Adamant|||||50|]Eelektross||Eelektrossite|Levitate|Thunderbolt,Flamethrower,GigaDrain,Protect|Modest||M|||50|]Hydreigon||ChoiceScarf|Levitate|DracoMeteor,DarkPulse,Snarl,HeatWave|Modest||M|||50|]Garchomp||LifeOrb|RoughSkin|DragonClaw,RockSlide,Earthquake,Protect|Adamant||F|||50|]Basculegion||SitrusBerry|Adaptability|WaveCrash,LastRespects,AquaJet,Protect|Adamant||M|||50|]Whimsicott||FocusSash|Prankster|Moonblast,Protect,Encore,Tailwind|Timid||M|||50|
|
|t:|1784365303
|teamsize|p1|4
|teamsize|p2|4
|start
|switch|p1a: Farigiraf|Farigiraf, L50, F|100/100
|switch|p1b: Mawile|Mawile, L50, F|100/100
|switch|p2a: Hydrant|Hydreigon, L50, M|100/100
|switch|p2b: Fich|Basculegion, L50, M|100/100
|turn|1
|
|t:|1784365356
|detailschange|p1b: Mawile|Mawile-Mega, L50, F
|-mega|p1b: Mawile|Mawile|Mawilite
|move|p2b: Fich|Aqua Jet||[still]
|cant|p1a: Farigiraf|ability: Armor Tail|Aqua Jet|[of] p2b: Fich
|move|p2a: Hydrant|Heat Wave|p1a: Farigiraf|[spread] p1a,p1b
|-supereffective|p1b: Mawile|1
|-damage|p1a: Farigiraf|76/100
|-damage|p1b: Mawile|36/100
|-status|p1b: Mawile|brn
|move|p1b: Mawile|Play Rough|p2a: Hydrant
|-supereffective|p2a: Hydrant|2
|-damage|p2a: Hydrant|0 fnt
|faint|p2a: Hydrant
|move|p1a: Farigiraf|Trick Room|p1a: Farigiraf
|-fieldstart|move: Trick Room|[of] p1a: Farigiraf
|
|-damage|p1b: Mawile|30/100 brn|[from] brn
|upkeep
|
|t:|1784365368
|switch|p2a: Aali|Eelektross, L50, M|100/100
|turn|2
|
|t:|1784365383
|detailschange|p2a: Aali|Eelektross-Mega, L50, M
|-mega|p2a: Aali|Eelektross|Eelektrossite
|move|p2b: Fich|Protect|p2b: Fich
|-singleturn|p2b: Fich|Protect
|move|p1b: Mawile|Play Rough|p2a: Aali|[miss]
|-miss|p1b: Mawile|p2a: Aali
|move|p1a: Farigiraf|Psychic|p2a: Aali
|-damage|p2a: Aali|59/100
|move|p2a: Aali|Thunderbolt|p1a: Farigiraf
|-damage|p1a: Farigiraf|30/100
|
|-damage|p1b: Mawile|24/100 brn|[from] brn
|upkeep
|turn|3
|
|t:|1784365400
|move|p2a: Aali|Protect|p2a: Aali
|-singleturn|p2a: Aali|Protect
|move|p1b: Mawile|Play Rough|p2b: Fich
|-damage|p2b: Fich|58/100
|move|p1a: Farigiraf|Thunderbolt|p2b: Fich
|-supereffective|p2b: Fich|1
|-damage|p2b: Fich|8/100
|-status|p2b: Fich|par
|-enditem|p2b: Fich|Sitrus Berry|[eat]
|-heal|p2b: Fich|33/100 par|[from] item: Sitrus Berry
|move|p2b: Fich|Wave Crash|p1a: Farigiraf
|-damage|p1a: Farigiraf|0 fnt
|faint|p1a: Farigiraf
|-damage|p2b: Fich|21/100 par|[from] Recoil
|
|-damage|p1b: Mawile|19/100 brn|[from] brn
|upkeep
|
|t:|1784365415
|switch|p1a: Tyranitar|Tyranitar, L50, M|100/100
|-weather|Sandstorm|[from] ability: Sand Stream|[of] p1a: Tyranitar
|turn|4
|
|t:|1784365428
|move|p2b: Fich|Protect|p2b: Fich
|-singleturn|p2b: Fich|Protect
|move|p1b: Mawile|Play Rough|p2a: Aali
|-damage|p2a: Aali|3/100
|move|p1a: Tyranitar|Rock Slide|p2b: Fich|[spread] 
|-activate|p2b: Fich|move: Protect
|-miss|p1a: Tyranitar|p2a: Aali
|move|p2a: Aali|Flamethrower|p1b: Mawile
|-supereffective|p1b: Mawile|1
|-damage|p1b: Mawile|0 fnt
|faint|p1b: Mawile
|-ability|p2a: Aali|Eelevate|boost
|-boost|p2a: Aali|spa|1
|
|-weather|Sandstorm|[upkeep]
|-damage|p2b: Fich|15/100 par|[from] Sandstorm
|-damage|p2a: Aali|0 fnt|[from] Sandstorm
|faint|p2a: Aali
|upkeep
|
|t:|1784365444
|switch|p1b: Houndstone|Houndstone, L50, F|100/100
|switch|p2a: Chompingon|Garchomp, L50, F|100/100
|turn|5
|
|t:|1784365476
|move|p1a: Tyranitar|Protect|p1a: Tyranitar
|-singleturn|p1a: Tyranitar|Protect
|move|p1b: Houndstone|Protect|p1b: Houndstone
|-singleturn|p1b: Houndstone|Protect
|move|p2b: Fich|Aqua Jet|p1a: Tyranitar
|-activate|p1a: Tyranitar|move: Protect
|move|p2a: Chompingon|Earthquake|p1a: Tyranitar|[spread] p2b
|-activate|p1a: Tyranitar|move: Protect
|-activate|p1b: Houndstone|move: Protect
|-damage|p2b: Fich|0 fnt
|faint|p2b: Fich
|-damage|p2a: Chompingon|90/100|[from] item: Life Orb
|
|-weather|Sandstorm|[upkeep]
|-fieldend|move: Trick Room
|upkeep
|turn|6
|
|t:|1784365492
|move|p1b: Houndstone|Last Respects|p2a: Chompingon
|-damage|p2a: Chompingon|16/100
|-damage|p1b: Houndstone|90/100|[from] item: Life Orb
|move|p2a: Chompingon|Earthquake|p1b: Houndstone|[spread] p1a,p1b
|-supereffective|p1a: Tyranitar|1
|-crit|p1b: Houndstone
|-damage|p1a: Tyranitar|16/100
|-damage|p1b: Houndstone|13/100
|-damage|p2a: Chompingon|6/100|[from] item: Life Orb
|move|p1a: Tyranitar|Knock Off|p2a: Chompingon
|-damage|p2a: Chompingon|0 fnt
|-damage|p1a: Tyranitar|4/100|[from] ability: Rough Skin|[of] p2a: Chompingon
|-enditem|p2a: Chompingon|Life Orb|[from] move: Knock Off|[of] p1a: Tyranitar
|faint|p2a: Chompingon
|
|win|Sala335
|c|☆grafitigreifer|gg
|c|☆Sala335|gg
