|j|☆Cactusmax
|j|☆KingNoahC17
|html|CactusmaxKingNoahC17    
|uhtml|bestof|Game 2 of a best-of-3
|t:|1785950792
|gametype|doubles
|player|p1|Cactusmax|ballguy|
|player|p2|KingNoahC17|alec-anime|
|gen|9
|tier|[Gen 9 Champions] VGC 2026 Reg M-B (Bo3)
|rule|Species Clause: Limit one of each Pokémon
|rule|Item Clause: Limit 1 of each item
|clearpoke
|poke|p1|Sneasler, L50, M|
|poke|p1|Blastoise, L50, M|
|poke|p1|Kingambit, L50, M|
|poke|p1|Incineroar, L50, M|
|poke|p1|Delphox, L50, F|
|poke|p1|Sinistcha, L50|
|poke|p2|Garchomp, L50, F|
|poke|p2|Floette-Eternal, L50, F|
|poke|p2|Grimmsnarl, L50, M|
|poke|p2|Incineroar, L50, M|
|poke|p2|Metagross, L50|
|poke|p2|Hydreigon, L50, F|
|teampreview|4
|showteam|p1|Sneasler||FocusSash|PoisonTouch|PoisonJab,CloseCombat,FakeOut,QuickGuard|Jolly||M|||50|]Blastoise||Blastoisinite|RainDish|DarkPulse,WaterSpout,ShellSmash,Protect|Modest||M|||50|]Kingambit||LifeOrb|Defiant|KowtowCleave,SuckerPunch,SwordsDance,Protect|Adamant||M|||50|]Incineroar||SitrusBerry|Intimidate|FlareBlitz,HelpingHand,PartingShot,FakeOut|Careful||M|||50|]Delphox||Delphoxite|Blaze|HeatWave,NastyPlot,Psyshock,Protect|Modest||F|||50|]Sinistcha||OccaBerry|Hospitality|MatchaGotcha,RagePowder,TrickRoom,Protect|Bold|||||50|
|showteam|p2|Garchomp||SitrusBerry|RoughSkin|Earthquake,DragonClaw,RockSlide,Protect|Adamant||F|||50|]Floette-Eternal||Floettite|FlowerVeil|DrainingKiss,DazzlingGleam,CalmMind,Protect|Modest||F|||50|]Grimmsnarl||LightClay|Prankster|SpiritBreak,Reflect,LightScreen,PartingShot|Careful||M|||50|]Incineroar||Charcoal|Intimidate|FlareBlitz,ThroatChop,FakeOut,PartingShot|Adamant||M|||50|]Metagross||Metagrossite|ClearBody|Protect,PsychicFangs,IronHead,StompingTantrum|Jolly|||||50|]Hydreigon||ChoiceScarf|Levitate|DarkPulse,DracoMeteor,Snarl,EarthPower|Modest||F|||50|
|inactive|Battle timer is ON: inactive players will automatically lose when time's up. (requested by Cactusmax)
|
|t:|1785950821
|teamsize|p1|4
|teamsize|p2|4
|start
|switch|p1a: Blastoise|Blastoise, L50, M|100/100
|switch|p1b: Incineroar|Incineroar, L50, M|100/100
|switch|p2a: Garchomp|Garchomp, L50, F|100/100
|switch|p2b: Floette|Floette-Eternal, L50, F|100/100
|-ability|p1b: Incineroar|Intimidate|boost
|-unboost|p2a: Garchomp|atk|1
|-unboost|p2b: Floette|atk|1
|turn|1
|inactive|Cactusmax has 30 seconds left.
|
|t:|1785950854
|detailschange|p2b: Floette|Floette-Mega, L50, F
|-mega|p2b: Floette|Floette|Floettite
|-ability|p2b: Floette|Fairy Aura
|detailschange|p1a: Blastoise|Blastoise-Mega, L50, M
|-mega|p1a: Blastoise|Blastoise|Blastoisinite
|move|p2b: Floette|Protect|p2b: Floette
|-singleturn|p2b: Floette|Protect
|move|p1b: Incineroar|Fake Out|p2b: Floette
|-activate|p2b: Floette|move: Protect
|move|p2a: Garchomp|Earthquake|p1a: Blastoise|[spread] p1a,p1b
|-activate|p2b: Floette|move: Protect
|-supereffective|p1b: Incineroar|1
|-damage|p1a: Blastoise|74/100
|-damage|p1b: Incineroar|48/100
|-enditem|p1b: Incineroar|Sitrus Berry|[eat]
|-heal|p1b: Incineroar|73/100|[from] item: Sitrus Berry
|move|p1a: Blastoise|Shell Smash|p1a: Blastoise
|-unboost|p1a: Blastoise|def|1
|-unboost|p1a: Blastoise|spd|1
|-boost|p1a: Blastoise|atk|2
|-boost|p1a: Blastoise|spa|2
|-boost|p1a: Blastoise|spe|2
|
|upkeep
|turn|2
|inactive|KingNoahC17 has 30 seconds left.
|inactive|KingNoahC17 has 20 seconds left.
|
|t:|1785950891
|switch|p2a: Hydreigon|Hydreigon, L50, F|100/100
|switch|p1b: Sinistcha|Sinistcha, L50|100/100
|-heal|p1a: Blastoise|99/100|[from] ability: Hospitality|[of] p1b: Sinistcha
|move|p1a: Blastoise|Water Spout|p2b: Floette|[spread] p2a,p2b
|-resisted|p2a: Hydreigon|1
|-damage|p2a: Hydreigon|31/100
|-damage|p2b: Floette|3/100
|move|p2b: Floette|Dazzling Gleam|p1b: Sinistcha|[spread] p1a,p1b
|-damage|p1a: Blastoise|35/100
|-damage|p1b: Sinistcha|56/100
|
|upkeep
|turn|3
|inactive|Cactusmax has 30 seconds left.
|inactive|KingNoahC17 has 30 seconds left.
|inactive|KingNoahC17 has 20 seconds left.
|
|t:|1785950927
|switch|p1b: Incineroar|Incineroar, L50, M|73/100
|-ability|p1b: Incineroar|Intimidate|boost
|-unboost|p2a: Hydreigon|atk|1
|-unboost|p2b: Floette|atk|1
|move|p1a: Blastoise|Protect|p1a: Blastoise
|-singleturn|p1a: Blastoise|Protect
|move|p2b: Floette|Protect|p2b: Floette
|-singleturn|p2b: Floette|Protect
|move|p2a: Hydreigon|Snarl|p1b: Incineroar|[spread] p1b
|-activate|p1a: Blastoise|move: Protect
|-resisted|p1b: Incineroar|1
|-damage|p1b: Incineroar|63/100
|-unboost|p1b: Incineroar|spa|1
|
|upkeep
|turn|4
|
|t:|1785950941
|switch|p2a: Garchomp|Garchomp, L50, F|100/100
|switch|p2b: Grimmsnarl|Grimmsnarl, L50, M|100/100
|move|p1b: Incineroar|Fake Out|p2a: Garchomp
|-damage|p2a: Garchomp|90/100
|-damage|p1b: Incineroar|50/100g|[from] ability: Rough Skin|[of] p2a: Garchomp
|move|p1a: Blastoise|Water Spout|p2a: Garchomp|[spread] p2a,p2b
|-crit|p2a: Garchomp
|-damage|p2a: Garchomp|23/100
|-damage|p2b: Grimmsnarl|57/100
|-enditem|p2a: Garchomp|Sitrus Berry|[eat]
|-heal|p2a: Garchomp|47/100|[from] item: Sitrus Berry
|
|upkeep
|turn|5
|
|t:|1785950961
|move|p1a: Blastoise|Protect|p1a: Blastoise
|-singleturn|p1a: Blastoise|Protect
|move|p2b: Grimmsnarl|Light Screen|p2b: Grimmsnarl
|-sidestart|p2: KingNoahC17|move: Light Screen
|move|p2a: Garchomp|Earthquake|p1b: Incineroar|[spread] p2b,p1b
|-activate|p1a: Blastoise|move: Protect
|-supereffective|p1b: Incineroar|1
|-damage|p2b: Grimmsnarl|19/100
|-damage|p1b: Incineroar|0 fnt
|faint|p1b: Incineroar
|
|upkeep
|
|t:|1785950970
|switch|p1b: Sinistcha|Sinistcha, L50|56/100
|-heal|p1a: Blastoise|60/100|[from] ability: Hospitality|[of] p1b: Sinistcha
|turn|6
|
|t:|1785950988
|move|p1b: Sinistcha|Rage Powder|p1b: Sinistcha
|-singleturn|p1b: Sinistcha|move: Rage Powder
|move|p2b: Grimmsnarl|Parting Shot|p1b: Sinistcha
|-unboost|p1b: Sinistcha|atk|1
|-unboost|p1b: Sinistcha|spa|1
|
|t:|1785950996
|switch|p2b: Floette|Floette-Mega, L50, F|3/100|[from] Parting Shot
|-ability|p2b: Floette|Fairy Aura
|move|p1a: Blastoise|Water Spout|p2a: Garchomp|[spread] p2a,p2b
|-damage|p2a: Garchomp|0 fnt
|-damage|p2b: Floette|0 fnt
|faint|p2a: Garchomp
|faint|p2b: Floette
|
|upkeep
|
|t:|1785951004
|switch|p2b: Hydreigon|Hydreigon, L50, F|31/100
|switch|p2a: Grimmsnarl|Grimmsnarl, L50, M|19/100
|turn|7
|
|t:|1785951011
|move|p1b: Sinistcha|Rage Powder|p1b: Sinistcha
|-singleturn|p1b: Sinistcha|move: Rage Powder
|move|p2a: Grimmsnarl|Parting Shot|p1b: Sinistcha
|-unboost|p1b: Sinistcha|atk|1
|-unboost|p1b: Sinistcha|spa|1
|move|p1a: Blastoise|Water Spout|p2a: Grimmsnarl|[spread] p2a,p2b
|-resisted|p2b: Hydreigon|1
|-damage|p2a: Grimmsnarl|0 fnt
|-damage|p2b: Hydreigon|0 fnt
|faint|p2a: Grimmsnarl
|faint|p2b: Hydreigon
|
|win|Cactusmax
|c|☆Cactusmax|gg
