|j|☆circleming
|j|☆ttsui234
|html|circlemingttsui234    
|uhtml|bestof|Game 1 of a best-of-3
|t:|1785260165
|gametype|doubles
|player|p1|circleming|170|
|player|p2|ttsui234|266|
|gen|9
|tier|[Gen 9 Champions] VGC 2026 Reg M-B (Bo3)
|rule|Species Clause: Limit one of each Pokémon
|rule|Item Clause: Limit 1 of each item
|clearpoke
|poke|p1|Swampert, L50, F, shiny|
|poke|p1|Gengar, L50, F, shiny|
|poke|p1|Incineroar, L50, F, shiny|
|poke|p1|Politoed, L50, F, shiny|
|poke|p1|Archaludon, L50, F, shiny|
|poke|p1|Vivillon-Pokeball, L50, F, shiny|
|poke|p2|Staraptor, L50, M|
|poke|p2|Garchomp, L50, M|
|poke|p2|Whimsicott, L50, F|
|poke|p2|Delphox, L50, M, shiny|
|poke|p2|Glimmora, L50, M|
|poke|p2|Kingambit, L50, M, shiny|
|teampreview|4
|showteam|p1|Swampert||Swampertite|Torrent|WaveCrash,Earthquake,IcePunch,Protect|Adamant||F|||50|]Gengar||Gengarite|CursedBody|ShadowBall,PerishSong,SludgeBomb,Protect|Timid||F|||50|]Incineroar||PasshoBerry|Intimidate|FakeOut,ThroatChop,PartingShot,Protect|Relaxed||F|||50|]Politoed||SitrusBerry|Drizzle|WeatherBall,Encore,PerishSong,Protect|Bold||F|||50|]Archaludon||Leftovers|Stamina|ElectroShot,FlashCannon,DragonPulse,Protect|Calm||F|||50|]Vivillon-Pokeball||FocusSash|CompoundEyes|SleepPowder,Hurricane,RagePowder,Protect|Timid||F|||50|
|showteam|p2|Staraptor||Staraptite|Intimidate|Protect,Roost,CloseCombat,BraveBird|Jolly||M|||50|]Garchomp||LifeOrb|RoughSkin|Protect,RockSlide,Earthquake,DragonClaw|Jolly||M|||50|]Whimsicott||OccaBerry|Prankster|Moonblast,Tailwind,Charm,LightScreen|Timid||F|||50|]Delphox||Delphoxite|Blaze|HeatWave,Psychic,Substitute,Protect|Modest||M|||50|]Glimmora||FocusSash|ToxicDebris|SpikyShield,EarthPower,PowerGem,SludgeBomb|Timid||M|||50|]Kingambit||ChopleBerry|Defiant|KowtowCleave,IronHead,SuckerPunch,LowKick|Adamant||M|||50|
|
|t:|1785260222
|teamsize|p1|4
|teamsize|p2|4
|start
|switch|p1a: Swampert|Swampert, L50, F, shiny|100/100
|switch|p1b: Vivillon|Vivillon-Pokeball, L50, F, shiny|100/100
|switch|p2a: Delphox|Delphox, L50, M, shiny|100/100
|switch|p2b: Kingambit|Kingambit, L50, M, shiny|100/100
|turn|1
|
|t:|1785260251
|detailschange|p1a: Swampert|Swampert-Mega, L50, F, shiny
|-mega|p1a: Swampert|Swampert|Swampertite
|move|p2a: Delphox|Protect|p2a: Delphox
|-singleturn|p2a: Delphox|Protect
|move|p1b: Vivillon|Sleep Powder|p2b: Kingambit
|-status|p2b: Kingambit|slp|[from] move: Sleep Powder
|move|p1a: Swampert|Wave Crash|p2a: Delphox
|-activate|p2a: Delphox|move: Protect
|cant|p2b: Kingambit|slp
|
|upkeep
|turn|2
|
|t:|1785260290
|switch|p1b: Politoed|Politoed, L50, F, shiny|100/100
|-weather|RainDance|[from] ability: Drizzle|[of] p1b: Politoed
|detailschange|p2a: Delphox|Delphox-Mega, L50, M, shiny
|-mega|p2a: Delphox|Delphox|Delphoxite
|move|p1a: Swampert|Wave Crash|p2a: Delphox
|-supereffective|p2a: Delphox|1
|-damage|p2a: Delphox|0 fnt
|faint|p2a: Delphox
|-damage|p1a: Swampert|67/100|[from] Recoil
|-curestatus|p2b: Kingambit|slp|[msg]
|move|p2b: Kingambit|Iron Head|p1b: Politoed
|-resisted|p1b: Politoed|1
|-damage|p1b: Politoed|80/100
|
|-weather|RainDance|[upkeep]
|upkeep
|
|t:|1785260306
|switch|p2a: Glimmora|Glimmora, L50, M|100/100
|turn|3
|
|t:|1785260341
|move|p2b: Kingambit|Sucker Punch|p1a: Swampert
|-damage|p1a: Swampert|31/100
|move|p1a: Swampert|Wave Crash|p2b: Kingambit
|-crit|p2b: Kingambit
|-damage|p2b: Kingambit|0 fnt
|faint|p2b: Kingambit
|-damage|p1a: Swampert|0 fnt|[from] Recoil
|faint|p1a: Swampert
|move|p2a: Glimmora|Sludge Bomb|p1b: Politoed
|-damage|p1b: Politoed|37/100
|-enditem|p1b: Politoed|Sitrus Berry|[eat]
|-heal|p1b: Politoed|62/100|[from] item: Sitrus Berry
|move|p1b: Politoed|Weather Ball|p2a: Glimmora
|-supereffective|p2a: Glimmora|1
|-enditem|p2a: Glimmora|Focus Sash
|-damage|p2a: Glimmora|1/100
|
|-weather|RainDance|[upkeep]
|upkeep
|
|t:|1785260373
|switch|p1a: Incineroar|Incineroar, L50, F, shiny|100/100
|switch|p2b: Garchomp|Garchomp, L50, M|100/100
|-ability|p1a: Incineroar|Intimidate|boost
|-unboost|p2a: Glimmora|atk|1
|-unboost|p2b: Garchomp|atk|1
|turn|4
|
|t:|1785260392
|move|p2a: Glimmora|Spiky Shield|p2a: Glimmora
|-singleturn|p2a: Glimmora|move: Protect
|move|p1a: Incineroar|Fake Out|p2b: Garchomp
|-damage|p2b: Garchomp|89/100
|-damage|p1a: Incineroar|87/100|[from] ability: Rough Skin|[of] p2b: Garchomp
|cant|p2b: Garchomp|flinch
|move|p1b: Politoed|Perish Song|p1b: Politoed
|-start|p1a: Incineroar|perish3|[silent]
|-start|p1b: Politoed|perish3|[silent]
|-start|p2a: Glimmora|perish3|[silent]
|-start|p2b: Garchomp|perish3|[silent]
|-fieldactivate|move: Perish Song
|
|-weather|RainDance|[upkeep]
|-start|p2b: Garchomp|perish3
|-start|p2a: Glimmora|perish3
|-start|p1b: Politoed|perish3
|-start|p1a: Incineroar|perish3
|upkeep
|turn|5
|-message|ttsui234 forfeited.
|
|win|circleming
||circleming is ready for game 2.
|inactive|ttsui234 has 30 seconds to confirm battle start!
||ttsui234 is ready for game 2.
|uhtml|next|Next: Game 2 of 3
|l|☆ttsui234
|player|p2|
