|j|â˜†GustaEiras
|j|â˜†airslashesfolante
|html|GustaEirasairslashesfolante    
|uhtml|bestof|Game 1 of a best-of-3
|t:|1786069964
|gametype|doubles
|player|p1|GustaEiras|pokemonranger-gen4|
|player|p2|airslashesfolante|roxie-masters|
|gen|9
|tier|[Gen 9 Champions] VGC 2026 Reg M-B (Bo3)
|rule|Species Clause: Limit one of each PokÃ©mon
|rule|Item Clause: Limit 1 of each item
|clearpoke
|poke|p1|Dragonite, L50, M|
|poke|p1|Toxicroak, L50, M|
|poke|p1|Vivillon, L50, M|
|poke|p1|Blastoise, L50, M|
|poke|p1|Heliolisk, L50, M|
|poke|p1|Sableye, L50, M|
|poke|p2|Chimecho, L50, M|
|poke|p2|Altaria, L50, F|
|poke|p2|Sableye, L50, M|
|poke|p2|Heliolisk, L50, M|
|poke|p2|Quaquaval, L50, F|
|poke|p2|Mr. Rime, L50, M|
|teampreview|4
|showteam|p1|Dragonite||LumBerry|Multiscale|DragonClaw,FirePunch,ExtremeSpeed,Protect|Adamant||M|||50|]Toxicroak||FocusSash|PoisonTouch|CloseCombat,PoisonJab,FakeOut,Coaching|Jolly||M|||50|]Vivillon||ChoiceScarf|CompoundEyes|Hurricane,Tailwind,RagePowder,SleepPowder|Timid||M|||50|]Blastoise||Blastoisinite|Torrent|WaterSpout,AuraSphere,ShellSmash,Protect|Modest||M|||50|]Heliolisk||LifeOrb|SolarPower|Thunderbolt,WeatherBall,Electroweb,Protect|Timid||M|||50|]Sableye||LightClay|Prankster|Encore,Disable,LightScreen,Reflect|Bold||M|||50|
|showteam|p2|Chimecho||Chimechite|Levitate|CalmMind,Recover,Psyshock,FlashCannon|Bold||M|||50|]Altaria||SitrusBerry|CloudNine|WillOWisp,Tailwind,Acrobatics,Protect|Impish||F|||50|]Sableye||LightClay|Prankster|SkillSwap,Reflect,LightScreen,FoulPlay|Bold||M|||50|]Heliolisk||ChoiceScarf|DrySkin|HyperVoice,VoltSwitch,Electroweb,Thunderbolt|Timid||M|||50|]Quaquaval||LifeOrb|Moxie|AquaStep,CloseCombat,TripleAxel,Protect|Jolly||F|||50|]Mr. Rime||NeverMeltIce|ScreenCleaner|FakeOut,FreezeDry,Taunt,Protect|Modest||M|||50|
|c|â˜†airslashesfolante|eu tenho 30 minutos ainda
|c|â˜†airslashesfolante|de birthday boost
|c|â˜†GustaEiras|pior q vai dar certinho
|
|t:|1786070034
|teamsize|p1|4
|teamsize|p2|4
|start
|switch|p1a: Dragonite|Dragonite, L50, M|100/100
|switch|p1b: Toxicroak|Toxicroak, L50, M|100/100
|switch|p2a: Heliolisk|Heliolisk, L50, M|100/100
|switch|p2b: Altaria|Altaria, L50, F|100/100
|-ability|p2b: Altaria|Cloud Nine
|turn|1
|
|t:|1786070071
|move|p1b: Toxicroak|Fake Out|p2a: Heliolisk
|-crit|p2a: Heliolisk
|-damage|p2a: Heliolisk|63/100
|cant|p2a: Heliolisk|flinch
|move|p1a: Dragonite|Dragon Claw|p2b: Altaria
|-supereffective|p2b: Altaria|1
|-damage|p2b: Altaria|21/100
|-enditem|p2b: Altaria|Sitrus Berry|[eat]
|-heal|p2b: Altaria|45/100|[from] item: Sitrus Berry
|move|p2b: Altaria|Tailwind|p2b: Altaria
|-sidestart|p2: airslashesfolante|move: Tailwind
|
|upkeep
|turn|2
|
|t:|1786070117
|move|p2a: Heliolisk|Hyper Voice|p1b: Toxicroak|[spread] p1a,p1b
|-crit|p1a: Dragonite
|-damage|p1a: Dragonite|79/100
|-damage|p1b: Toxicroak|51/100
|move|p2b: Altaria|Acrobatics|p1b: Toxicroak
|-supereffective|p1b: Toxicroak|1
|-damage|p1b: Toxicroak|0 fnt
|faint|p1b: Toxicroak
|move|p1a: Dragonite|Dragon Claw|p2a: Heliolisk
|-damage|p2a: Heliolisk|0 fnt
|faint|p2a: Heliolisk
|
|upkeep
|
|t:|1786070137
|switch|p2a: Quaquaval|Quaquaval, L50, F|100/100
|switch|p1b: Sableye|Sableye, L50, M|100/100
|turn|3
|
|t:|1786070149
|switch|p2b: Mr. Rime|Mr. Rime, L50, M|100/100
|move|p1a: Dragonite|Protect|p1a: Dragonite
|-singleturn|p1a: Dragonite|Protect
|move|p1b: Sableye|Reflect|p1b: Sableye
|-sidestart|p1: GustaEiras|Reflect
|move|p2a: Quaquaval|Aqua Step|p1b: Sableye
|-damage|p1b: Sableye|63/100
|-boost|p2a: Quaquaval|spe|1
|-damage|p2a: Quaquaval|90/100|[from] item: Life Orb
|
|upkeep
|turn|4
|
|t:|1786070185
|move|p1b: Sableye|Encore|p2a: Quaquaval
|-start|p2a: Quaquaval|Encore
|move|p2a: Quaquaval|Aqua Step|p1b: Sableye
|-crit|p1b: Sableye
|-damage|p1b: Sableye|0 fnt
|-boost|p2a: Quaquaval|spe|1
|faint|p1b: Sableye
|-ability|p2a: Quaquaval|Moxie|boost
|-boost|p2a: Quaquaval|atk|1
|-damage|p2a: Quaquaval|80/100|[from] item: Life Orb
|move|p2b: Mr. Rime|Taunt|p1a: Dragonite
|-start|p1a: Dragonite|move: Taunt
|move|p1a: Dragonite|Dragon Claw|p2a: Quaquaval
|-damage|p2a: Quaquaval|20/100y
|
|-sideend|p2: airslashesfolante|move: Tailwind
|upkeep
|
|t:|1786070198
|switch|p1b: Heliolisk|Heliolisk, L50, M|100/100
|turn|5
|
|t:|1786070229
|switch|p2a: Altaria|Altaria, L50, F|45/100
|-ability|p2a: Altaria|Cloud Nine
|move|p1a: Dragonite|Extreme Speed|p2a: Altaria
|-damage|p2a: Altaria|17/100
|move|p1b: Heliolisk|Thunderbolt|p2b: Mr. Rime
|-damage|p2b: Mr. Rime|45/100
|-damage|p1b: Heliolisk|90/100|[from] item: Life Orb
|move|p2b: Mr. Rime|Freeze-Dry|p1b: Heliolisk
|-damage|p1b: Heliolisk|32/100
|
|upkeep
|turn|6
|c|â˜†airslashesfolante|caralho missplay
|
|t:|1786070261
|move|p1a: Dragonite|Extreme Speed|p2a: Altaria
|-damage|p2a: Altaria|0 fnt
|faint|p2a: Altaria
|move|p1b: Heliolisk|Thunderbolt|p2b: Mr. Rime
|-damage|p2b: Mr. Rime|0 fnt
|faint|p2b: Mr. Rime
|-damage|p1b: Heliolisk|23/100|[from] item: Life Orb
|
|-end|p1a: Dragonite|move: Taunt
|upkeep
|
|t:|1786070266
|switch|p2b: Quaquaval|Quaquaval, L50, F|20/100y
|turn|7
|
|t:|1786070271
|move|p1a: Dragonite|Extreme Speed|p2b: Quaquaval
|-damage|p2b: Quaquaval|0 fnt
|faint|p2b: Quaquaval
|
|win|GustaEiras
||GustaEiras is ready for game 2.
||airslashesfolante is ready for game 2.
|uhtml|next|Next: Game 2 of 3
