|j|☆rodry3
|j|☆rrrrayito
|html|rodry3rrrrayito    
|uhtml|bestof|Game 1 of a best-of-3
|t:|1783353848
|gametype|doubles
|player|p1|rodry3|roxie|1124
|player|p2|rrrrayito|101|1119
|gen|9
|tier|[Gen 9 Champions] VGC 2026 Reg M-B (Bo3)
|rated|
|rule|Species Clause: Limit one of each Pokémon
|rule|Item Clause: Limit 1 of each item
|clearpoke
|poke|p1|Blastoise, L50, F|
|poke|p1|Sableye, L50, F|
|poke|p1|Sneasler, L50, F|
|poke|p1|Espathra, L50, M|
|poke|p1|Archaludon, L50, M|
|poke|p1|Sinistcha, L50|
|poke|p2|Incineroar, L50, M, shiny|
|poke|p2|Rotom-Wash, L50, shiny|
|poke|p2|Aegislash, L50, F, shiny|
|poke|p2|Garchomp, L50, M|
|poke|p2|Floette-Eternal, L50, F, shiny|
|poke|p2|Talonflame, L50, F|
|teampreview|4
|showteam|p1|Blastoise||Blastoisinite|RainDish|WaterSpout,DarkPulse,ShellSmash,FakeOut|Modest||F|||50|]Sableye||RoseliBerry|Prankster|Reflect,LightScreen,RainDance,WillOWisp|Sassy||F|||50|]Sneasler||FocusSash|Unburden|DireClaw,CloseCombat,FakeOut,Protect|Adamant||F|||50|]Espathra||SitrusBerry|SpeedBoost|LuminaCrash,CalmMind,BatonPass,Protect|Timid||M|||50|]Archaludon||Leftovers|Stamina|Protect,ElectroShot,DragonPulse,FlashCannon|Modest||M|||50|]Sinistcha||KasibBerry|Hospitality|MatchaGotcha,LifeDew,RagePowder,PsychUp|Bold|||||50|
|showteam|p2|Incineroar||Leftovers|Intimidate|PartingShot,DarkestLariat,FlareBlitz,FakeOut|Careful||M|||50|]Rotom-Wash||SitrusBerry|Levitate|Protect,WillOWisp,Thunderbolt,HydroPump|Modest|||||50|]Aegislash||SpellTag|StanceChange|IronHead,Poltergeist,ShadowSneak,KingsShield|Adamant||F|||50|]Garchomp||WhiteHerb|RoughSkin|Earthquake,RockSlide,DragonClaw,Protect|Adamant||M|||50|]Floette-Eternal||Floettite|FlowerVeil|Moonblast,CalmMind,DazzlingGleam,Protect|Modest||F|||50|]Talonflame|||GaleWings|Acrobatics,Tailwind,FlareBlitz,Protect|Jolly||F|||50|
|inactive|Battle timer is ON: inactive players will automatically lose when time's up. (requested by rodry3)
|inactive|rodry3 has 60 seconds left.
|
|t:|1783353896
|teamsize|p1|4
|teamsize|p2|4
|start
|switch|p1a: Sableye|Sableye, L50, F|100/100
|switch|p1b: Espathra|Espathra, L50, M|100/100
|switch|p2a: Talonflame|Talonflame, L50, F|100/100
|switch|p2b: Rotom|Rotom-Wash, L50, shiny|100/100
|turn|1
|inactive|rrrrayito has 30 seconds left.
|inactive|rrrrayito has 20 seconds left.
|inactive|rrrrayito has 15 seconds left.
|
|t:|1783353940
|move|p2a: Talonflame|Tailwind|p2a: Talonflame
|-sidestart|p2: rrrrayito|move: Tailwind
|move|p1a: Sableye|Light Screen|p1a: Sableye
|-sidestart|p1: rodry3|move: Light Screen
|move|p2b: Rotom|Thunderbolt|p1b: Espathra
|-damage|p1b: Espathra|72/100
|-status|p1b: Espathra|par
|move|p1b: Espathra|Calm Mind|p1b: Espathra
|-boost|p1b: Espathra|spa|1
|-boost|p1b: Espathra|spd|1
|
|-ability|p1b: Espathra|Speed Boost|boost
|-boost|p1b: Espathra|spe|1
|upkeep
|turn|2
|
|t:|1783353956
|move|p2a: Talonflame|Acrobatics|p1b: Espathra
|-damage|p1b: Espathra|16/100 par
|-enditem|p1b: Espathra|Sitrus Berry|[eat]
|-heal|p1b: Espathra|41/100 par|[from] item: Sitrus Berry
|move|p1a: Sableye|Reflect|p1a: Sableye
|-sidestart|p1: rodry3|Reflect
|move|p2b: Rotom|Thunderbolt|p1a: Sableye
|-damage|p1a: Sableye|69/100
|move|p1b: Espathra|Baton Pass|p1b: Espathra
|
|t:|1783353973
|switch|p1b: Archaludon|Archaludon, L50, M|100/100|[from] Baton Pass
|
|upkeep
|turn|3
|
|t:|1783353990
|move|p2a: Talonflame|Acrobatics|p1a: Sableye
|-damage|p1a: Sableye|30/100
|move|p1a: Sableye|Rain Dance|p1a: Sableye
|-weather|RainDance
|move|p2b: Rotom|Will-O-Wisp|p1b: Archaludon
|-status|p1b: Archaludon|brn
|move|p1b: Archaludon|Electro Shot||[still]
|-prepare|p1b: Archaludon|Electro Shot
|-boost|p1b: Archaludon|spa|1
|-anim|p1b: Archaludon|Electro Shot|p2b: Rotom
|-damage|p2b: Rotom|7/100
|-enditem|p2b: Rotom|Sitrus Berry|[eat]
|-heal|p2b: Rotom|32/100|[from] item: Sitrus Berry
|
|-weather|RainDance|[upkeep]
|-damage|p1b: Archaludon|93/100 brn|[from] brn
|upkeep
|turn|4
|
|t:|1783354008
|switch|p1a: Espathra|Espathra, L50, M|41/100 par
|move|p2a: Talonflame|Acrobatics|p1a: Espathra
|-damage|p1a: Espathra|5/100 par
|move|p2b: Rotom|Hydro Pump|p1b: Archaludon
|-resisted|p1b: Archaludon|1
|-damage|p1b: Archaludon|77/100 brn
|-ability|p1b: Archaludon|Stamina|boost
|-boost|p1b: Archaludon|def|1
|move|p1b: Archaludon|Electro Shot||[still]
|-prepare|p1b: Archaludon|Electro Shot
|-boost|p1b: Archaludon|spa|1
|-anim|p1b: Archaludon|Electro Shot|p2a: Talonflame
|-supereffective|p2a: Talonflame|1
|-damage|p2a: Talonflame|0 fnt
|faint|p2a: Talonflame
|
|-weather|RainDance|[upkeep]
|-heal|p1b: Archaludon|83/100 brn|[from] item: Leftovers
|-damage|p1b: Archaludon|77/100 brn|[from] brn
|-sideend|p2: rrrrayito|move: Tailwind
|upkeep
|
|t:|1783354031
|switch|p2a: Garchomp|Garchomp, L50, M|100/100
|turn|5
|
|t:|1783354048
|move|p1b: Archaludon|Protect|p1b: Archaludon
|-singleturn|p1b: Archaludon|Protect
|move|p2a: Garchomp|Protect|p2a: Garchomp
|-singleturn|p2a: Garchomp|Protect
|move|p2b: Rotom|Hydro Pump|p1b: Archaludon
|-activate|p1b: Archaludon|move: Protect
|move|p1a: Espathra|Lumina Crash|p2a: Garchomp
|-activate|p2a: Garchomp|move: Protect
|
|-weather|RainDance|[upkeep]
|-heal|p1b: Archaludon|83/100 brn|[from] item: Leftovers
|-damage|p1b: Archaludon|77/100 brn|[from] brn
|-sideend|p1: rodry3|move: Light Screen
|-ability|p1a: Espathra|Speed Boost|boost
|-boost|p1a: Espathra|spe|1
|upkeep
|turn|6
|
|t:|1783354071
|switch|p2a: Floette|Floette-Eternal, L50, F, shiny|100/100
|move|p1b: Archaludon|Dragon Pulse|p2a: Floette
|-immune|p2a: Floette
|move|p2b: Rotom|Hydro Pump|p1b: Archaludon
|-resisted|p1b: Archaludon|1
|-damage|p1b: Archaludon|54/100 brn
|-ability|p1b: Archaludon|Stamina|boost
|-boost|p1b: Archaludon|def|1
|cant|p1a: Espathra|par
|
|-weather|RainDance|[upkeep]
|-heal|p1b: Archaludon|60/100 brn|[from] item: Leftovers
|-damage|p1b: Archaludon|54/100 brn|[from] brn
|-sideend|p1: rodry3|Reflect
|-ability|p1a: Espathra|Speed Boost|boost
|-boost|p1a: Espathra|spe|1
|upkeep
|turn|7
|
|t:|1783354094
|detailschange|p2a: Floette|Floette-Mega, L50, F, shiny
|-mega|p2a: Floette|Floette|Floettite
|-ability|p2a: Floette|Fairy Aura
|move|p1b: Archaludon|Protect|p1b: Archaludon
|-singleturn|p1b: Archaludon|Protect
|move|p1a: Espathra|Lumina Crash|p2a: Floette
|-damage|p2a: Floette|81/100
|-unboost|p2a: Floette|spd|2
|move|p2a: Floette|Dazzling Gleam|p1b: Archaludon|[spread] p1a
|-activate|p1b: Archaludon|move: Protect
|-damage|p1a: Espathra|0 fnt
|faint|p1a: Espathra
|move|p2b: Rotom|Hydro Pump|p1b: Archaludon
|-activate|p1b: Archaludon|move: Protect
|
|-weather|none
|-heal|p1b: Archaludon|60/100 brn|[from] item: Leftovers
|-damage|p1b: Archaludon|54/100 brn|[from] brn
|upkeep
|
|t:|1783354106
|switch|p1a: Sableye|Sableye, L50, F|30/100
|turn|8
|
|t:|1783354121
|switch|p2a: Garchomp|Garchomp, L50, M|100/100
|move|p1a: Sableye|Light Screen|p1a: Sableye
|-sidestart|p1: rodry3|move: Light Screen
|move|p1b: Archaludon|Flash Cannon|p2a: Garchomp
|-damage|p2a: Garchomp|8/100
|move|p2b: Rotom|Hydro Pump|p1a: Sableye
|-damage|p1a: Sableye|0 fnt
|faint|p1a: Sableye
|
|-heal|p1b: Archaludon|60/100 brn|[from] item: Leftovers
|-damage|p1b: Archaludon|54/100 brn|[from] brn
|upkeep
|
|t:|1783354127
|switch|p1a: Blastoise|Blastoise, L50, F|100/100
|turn|9
|
|t:|1783354140
|detailschange|p1a: Blastoise|Blastoise-Mega, L50, F
|-mega|p1a: Blastoise|Blastoise|Blastoisinite
|move|p2a: Garchomp|Protect|p2a: Garchomp
|-singleturn|p2a: Garchomp|Protect
|move|p2b: Rotom|Protect|p2b: Rotom
|-singleturn|p2b: Rotom|Protect
|move|p1a: Blastoise|Fake Out|p2a: Garchomp
|-activate|p2a: Garchomp|move: Protect
|move|p1b: Archaludon|Flash Cannon|p2b: Rotom
|-activate|p2b: Rotom|move: Protect
|
|-heal|p1b: Archaludon|60/100 brn|[from] item: Leftovers
|-damage|p1b: Archaludon|54/100 brn|[from] brn
|upkeep
|turn|10
|
|t:|1783354160
|move|p1b: Archaludon|Dragon Pulse|p2a: Garchomp
|-supereffective|p2a: Garchomp|1
|-damage|p2a: Garchomp|0 fnt
|faint|p2a: Garchomp
|move|p1a: Blastoise|Dark Pulse|p2b: Rotom
|-damage|p2b: Rotom|0 fnt
|faint|p2b: Rotom
|
|-heal|p1b: Archaludon|60/100 brn|[from] item: Leftovers
|-damage|p1b: Archaludon|54/100 brn|[from] brn
|upkeep
|
|t:|1783354171
|switch|p2b: Floette|Floette-Mega, L50, F, shiny|81/100
|-ability|p2b: Floette|Fairy Aura
|turn|11
|
|t:|1783354183
|move|p1b: Archaludon|Flash Cannon|p2b: Floette
|-supereffective|p2b: Floette|1
|-damage|p2b: Floette|0 fnt
|faint|p2b: Floette
|
|win|rodry3
||rodry3 is ready for game 2.
