|j|☆Pier (Champion)
|j|☆natsukookie
|html|Pier (Champion)natsukookie    
|uhtml|bestof|Game 2 of a best-of-3
|t:|1785601280
|gametype|doubles
|player|p1|Pier (Champion)|cynthia-gen4|1124
|player|p2|natsukookie|102|1063
|gen|9
|tier|[Gen 9 Champions] VGC 2026 Reg M-B (Bo3)
|rated|
|rule|Species Clause: Limit one of each Pokémon
|rule|Item Clause: Limit 1 of each item
|clearpoke
|poke|p1|Charizard, L50, M|
|poke|p1|Sinistcha, L50|
|poke|p1|Milotic, L50, M|
|poke|p1|Farigiraf, L50, M|
|poke|p1|Sneasler, L50, M|
|poke|p1|Ninetales-Alola, L50, M|
|poke|p2|Hatterene, L50, F|
|poke|p2|Oranguru, L50, M|
|poke|p2|Mawile, L50, M|
|poke|p2|Kangaskhan, L50, F|
|poke|p2|Venusaur, L50, F|
|poke|p2|Torkoal, L50, F|
|teampreview|4
|showteam|p1|Charizard||CharizarditeX|Blaze|FlareBlitz,DragonClaw,DragonDance,Protect|Jolly||M|||50|]Sinistcha||FocusSash|Hospitality|MatchaGotcha,ShadowBall,RagePowder,LifeDew|Modest|||||50|]Milotic||Leftovers|Competitive|MuddyWater,Coil,Hypnosis,LifeDew|Bold||M|||50|]Farigiraf||SitrusBerry|ArmorTail|TwinBeam,HyperVoice,HelpingHand,Roar|Bold||M|||50|]Sneasler||WhiteHerb|Unburden|FakeOut,CloseCombat,DireClaw,Protect|Adamant||M|||50|]Ninetales-Alola||LightClay|SnowWarning|Blizzard,Moonblast,Encore,AuroraVeil|Timid||M|||50|
|showteam|p2|Hatterene||LifeOrb|MagicBounce|Protect,Psychic,TrickRoom,DazzlingGleam|Quiet||F|||50|]Oranguru||MentalHerb|InnerFocus|Protect,Instruct,Psychic,TrickRoom|Bold||M|||50|]Mawile||Mawilite|HyperCutter|SuckerPunch,PlayRough,Protect,IronHead|Brave||M|||50|]Kangaskhan||SilkScarf|Scrappy|LastResort,FakeOut|Brave||F|||50|]Venusaur||FocusSash|Chlorophyll|LeafStorm,SludgeBomb,SleepPowder,Protect|Modest||F|||50|]Torkoal||Charcoal|Drought|Eruption,Protect,EarthPower,HeatWave|Quiet||F|||50|
|inactive|Battle timer is ON: inactive players will automatically lose when time's up. (requested by Pier (Champion))
|inactive|natsukookie has 60 seconds left.
|
|t:|1785601354
|teamsize|p1|4
|teamsize|p2|4
|start
|switch|p1a: Sneasler|Sneasler, L50, M|100/100
|switch|p1b: Farigiraf|Farigiraf, L50, M|100/100
|switch|p2a: Torkoal|Torkoal, L50, F|100/100
|switch|p2b: Venusaur|Venusaur, L50, F|100/100
|-weather|SunnyDay|[from] ability: Drought|[of] p2a: Torkoal
|turn|1
|inactive|Pier (Champion) has 30 seconds left.
|inactive|natsukookie has 30 seconds left.
|
|t:|1785601391
|move|p2a: Torkoal|Protect|p2a: Torkoal
|-singleturn|p2a: Torkoal|Protect
|move|p2b: Venusaur|Sleep Powder|p1a: Sneasler
|-status|p1a: Sneasler|slp|[from] move: Sleep Powder
|cant|p1a: Sneasler|slp
|move|p1b: Farigiraf|Twin Beam|p2b: Venusaur
|-supereffective|p2b: Venusaur|1
|-damage|p2b: Venusaur|65/100
|-supereffective|p2b: Venusaur|1
|-damage|p2b: Venusaur|30/100
|-hitcount|p2b: Venusaur|2
|
|-weather|SunnyDay|[upkeep]
|upkeep
|turn|2
|inactive|natsukookie has 30 seconds left.
|
|t:|1785601417
|move|p2b: Venusaur|Sleep Powder|p1b: Farigiraf
|-status|p1b: Farigiraf|slp|[from] move: Sleep Powder
|cant|p1a: Sneasler|slp
|cant|p1b: Farigiraf|slp
|move|p2a: Torkoal|Eruption|p1b: Farigiraf|[spread] p1a,p1b
|-damage|p1a: Sneasler|0 fnt
|-damage|p1b: Farigiraf|26/100 slp
|-enditem|p1b: Farigiraf|Sitrus Berry|[eat]
|-heal|p1b: Farigiraf|51/100 slp|[from] item: Sitrus Berry
|faint|p1a: Sneasler
|
|-weather|SunnyDay|[upkeep]
|upkeep
|
|t:|1785601434
|switch|p1a: Charizard|Charizard, L50, M|100/100
|turn|3
|inactive|natsukookie has 30 seconds left.
|
|t:|1785601465
|move|p1a: Charizard|Protect|p1a: Charizard
|-singleturn|p1a: Charizard|Protect
|move|p2b: Venusaur|Sleep Powder|p1a: Charizard
|-activate|p1a: Charizard|move: Protect
|cant|p1b: Farigiraf|slp
|move|p2a: Torkoal|Eruption|p1a: Charizard|[spread] p1b
|-activate|p1a: Charizard|move: Protect
|-damage|p1b: Farigiraf|0 fnt
|faint|p1b: Farigiraf
|
|-weather|SunnyDay|[upkeep]
|upkeep
|
|t:|1785601475
|switch|p1b: Sinistcha|Sinistcha, L50|100/100
|turn|4
|
|t:|1785601484
|detailschange|p1a: Charizard|Charizard-Mega-X, L50, M
|-mega|p1a: Charizard|Charizard|Charizardite X
|move|p2b: Venusaur|Sleep Powder|p1a: Charizard
|-status|p1a: Charizard|slp|[from] move: Sleep Powder
|cant|p1a: Charizard|slp
|move|p1b: Sinistcha|Shadow Ball|p2b: Venusaur
|-damage|p2b: Venusaur|0 fnt
|faint|p2b: Venusaur
|move|p2a: Torkoal|Eruption|p1a: Charizard|[spread] p1a,p1b
|-resisted|p1a: Charizard|2
|-supereffective|p1b: Sinistcha|1
|-damage|p1a: Charizard|78/100 slp
|-enditem|p1b: Sinistcha|Focus Sash
|-damage|p1b: Sinistcha|1/100
|
|-weather|SunnyDay|[upkeep]
|upkeep
|
|t:|1785601503
|switch|p2b: Oranguru|Oranguru, L50, M|100/100
|turn|5
|
|t:|1785601517
|cant|p1a: Charizard|slp
|move|p1b: Sinistcha|Matcha Gotcha|p2a: Torkoal|[spread] 
|-miss|p1b: Sinistcha|p2a: Torkoal
|-miss|p1b: Sinistcha|p2b: Oranguru
|move|p2a: Torkoal|Eruption|p1b: Sinistcha|[spread] p1a,p1b
|-resisted|p1a: Charizard|2
|-supereffective|p1b: Sinistcha|1
|-damage|p1a: Charizard|54/100 slp
|-damage|p1b: Sinistcha|0 fnt
|faint|p1b: Sinistcha
|move|p2b: Oranguru|Trick Room|p2b: Oranguru
|-fieldstart|move: Trick Room|[of] p2b: Oranguru
|
|-weather|none
|upkeep
|turn|6
|-message|Pier (Champion) forfeited.
|
|win|natsukookie
|l|☆Pier (Champion)
|player|p1|
||Pier (Champion) is ready for game 3.
||natsukookie is ready for game 3.
|uhtml|next|Next: Game 3 of 3
