|j|☆flamingtiger56
|j|☆SeymoursLeftToeVGC
|html|flamingtiger56SeymoursLeftToeVGC    
|uhtml|bestof|Game 1 of a best-of-3
|t:|1783467014
|gametype|doubles
|player|p1|flamingtiger56|170|1131
|player|p2|SeymoursLeftToeVGC|ninjaboy|1129
|gen|9
|tier|[Gen 9 Champions] VGC 2026 Reg M-B (Bo3)
|rated|
|rule|Species Clause: Limit one of each Pokémon
|rule|Item Clause: Limit 1 of each item
|clearpoke
|poke|p1|Raichu, L50, M|
|poke|p1|Incineroar, L50, M|
|poke|p1|Sinistcha, L50|
|poke|p1|Ceruledge, L50, F|
|poke|p1|Milotic, L50, F|
|poke|p1|Floette-Eternal, L50, F|
|poke|p2|Torkoal, L50, F|
|poke|p2|Venusaur, L50, M|
|poke|p2|Farigiraf, L50, F|
|poke|p2|Scrafty, L50, M|
|poke|p2|Mamoswine, L50, F|
|poke|p2|Pyroar, L50, F|
|teampreview|4
|showteam|p1|Raichu||RaichuniteY|LightningRod|FakeOut,ZapCannon,Encore,Protect|Timid||M|||50|]Incineroar||SitrusBerry|Intimidate|FakeOut,ThroatChop,FlareBlitz,PartingShot|Careful||M|||50|]Sinistcha||KasibBerry|Hospitality|MatchaGotcha,RagePowder,TrickRoom,Protect|Bold|||||50|]Ceruledge||ColburBerry|FlashFire|BulkUp,BitterBlade,ShadowSneak,Protect|Adamant||F|||50|]Milotic||Leftovers|Competitive|MuddyWater,Coil,Hypnosis,Recover|Calm||F|||50|]Floette-Eternal||Floettite|FlowerVeil|Moonblast,DrainingKiss,CalmMind,Protect|Bold||F|||50|
|showteam|p2|Torkoal||HeatRock|Drought|Eruption,WeatherBall,HelpingHand,Protect|Quiet||F|||50|]Venusaur||LifeOrb|Chlorophyll|EnergyBall,SludgeBomb,EarthPower,Protect|Modest||M|||50|]Farigiraf||SitrusBerry|ArmorTail|Psychic,Thunderbolt,TrickRoom,Protect|Quiet||F|||50|]Scrafty||Scraftinite|Intimidate|KnockOff,DrainPunch,FakeOut,IcePunch|Adamant||M|||50|]Mamoswine||FocusSash|Oblivious|HighHorsepower,RockSlide,IceShard,Protect|Jolly||F|||50|]Pyroar||Pyroarite|Unnerve|HeatWave,Overheat,HyperVoice,Protect|Timid||F|||50|
|inactive|Battle timer is ON: inactive players will automatically lose when time's up. (requested by SeymoursLeftToeVGC)
|inactive|flamingtiger56 also wants the timer to be on.
|inactive|flamingtiger56 has 60 seconds left.
|inactive|SeymoursLeftToeVGC has 60 seconds left.
|
|t:|1783467068
|teamsize|p1|4
|teamsize|p2|4
|start
|switch|p1a: Incineroar|Incineroar, L50, M|100/100
|switch|p1b: Milotic|Milotic, L50, F|100/100
|switch|p2a: Mamoswine|Mamoswine, L50, F|100/100
|switch|p2b: Pyroar|Pyroar, L50, F|100/100
|-ability|p2b: Pyroar|Unnerve
|-ability|p1a: Incineroar|Intimidate|boost
|-fail|p2a: Mamoswine|unboost|Attack|[from] ability: Oblivious|[of] p2a: Mamoswine
|-unboost|p2b: Pyroar|atk|1
|turn|1
|
|t:|1783467089
|switch|p2b: Venusaur|Venusaur, L50, M|100/100
|move|p1a: Incineroar|Fake Out|p2a: Mamoswine
|-damage|p2a: Mamoswine|88/100
|cant|p2a: Mamoswine|flinch
|move|p1b: Milotic|Coil|p1b: Milotic
|-boost|p1b: Milotic|atk|1
|-boost|p1b: Milotic|def|1
|-boost|p1b: Milotic|accuracy|1
|
|upkeep
|turn|2
|inactive|flamingtiger56 has 30 seconds left.
|
|t:|1783467117
|move|p2a: Mamoswine|Rock Slide|p1a: Incineroar|[spread] p1a,p1b
|-supereffective|p1a: Incineroar|1
|-damage|p1a: Incineroar|64/100
|-damage|p1b: Milotic|85/100
|move|p2b: Venusaur|Energy Ball|p1b: Milotic
|-supereffective|p1b: Milotic|1
|-damage|p1b: Milotic|22/100
|-damage|p2b: Venusaur|90/100|[from] item: Life Orb
|cant|p1b: Milotic|flinch
|move|p1a: Incineroar|Parting Shot|p2b: Venusaur
|-unboost|p2b: Venusaur|atk|1
|-unboost|p2b: Venusaur|spa|1
|
|t:|1783467124
|switch|p1a: Sinistcha|Sinistcha, L50|100/100|[from] Parting Shot
|-heal|p1b: Milotic|47/100|[from] ability: Hospitality|[of] p1a: Sinistcha
|
|-heal|p1b: Milotic|53/100|[from] item: Leftovers
|upkeep
|turn|3
|
|t:|1783467140
|switch|p1b: Incineroar|Incineroar, L50, M|64/100
|-ability|p1b: Incineroar|Intimidate|boost
|-fail|p2a: Mamoswine|unboost|Attack|[from] ability: Oblivious|[of] p2a: Mamoswine
|-unboost|p2b: Venusaur|atk|1
|move|p2a: Mamoswine|Ice Shard|p1a: Sinistcha
|-supereffective|p1a: Sinistcha|1
|-damage|p1a: Sinistcha|69/100
|move|p2b: Venusaur|Energy Ball|p1b: Incineroar
|-resisted|p1b: Incineroar|1
|-damage|p1b: Incineroar|51/100
|-unboost|p1b: Incineroar|spd|1
|-damage|p2b: Venusaur|80/100|[from] item: Life Orb
|move|p1a: Sinistcha|Trick Room|p1a: Sinistcha
|-fieldstart|move: Trick Room|[of] p1a: Sinistcha
|
|upkeep
|turn|4
|
|t:|1783467164
|move|p1b: Incineroar|Flare Blitz|p2b: Venusaur
|-supereffective|p2b: Venusaur|1
|-damage|p2b: Venusaur|0 fnt
|faint|p2b: Venusaur
|-damage|p1b: Incineroar|29/100|[from] Recoil
|-enditem|p1b: Incineroar|Sitrus Berry|[eat]
|-heal|p1b: Incineroar|54/100|[from] item: Sitrus Berry
|move|p1a: Sinistcha|Matcha Gotcha|p2a: Mamoswine
|-supereffective|p2a: Mamoswine|1
|-damage|p2a: Mamoswine|0 fnt
|-heal|p1a: Sinistcha|100/100|[from] drain|[of] p2a: Mamoswine
|faint|p2a: Mamoswine
|
|upkeep
|
|t:|1783467177
|switch|p2b: Pyroar|Pyroar, L50, F|100/100
|switch|p2a: Torkoal|Torkoal, L50, F|100/100
|-ability|p2b: Pyroar|Unnerve
|-weather|SunnyDay|[from] ability: Drought|[of] p2a: Torkoal
|turn|5
|
|t:|1783467190
|detailschange|p2b: Pyroar|Pyroar-Mega, L50, F
|-mega|p2b: Pyroar|Pyroar|Pyroarite
|move|p1a: Sinistcha|Protect|p1a: Sinistcha
|-singleturn|p1a: Sinistcha|Protect
|move|p2a: Torkoal|Eruption|p1a: Sinistcha|[spread] p1b
|-activate|p1a: Sinistcha|move: Protect
|-resisted|p1b: Incineroar|1
|-damage|p1b: Incineroar|13/100
|move|p1b: Incineroar|Parting Shot|p2a: Torkoal
|-unboost|p2a: Torkoal|atk|1
|-unboost|p2a: Torkoal|spa|1
|
|t:|1783467208
|switch|p1b: Milotic|Milotic, L50, F|53/100|[from] Parting Shot
|move|p2b: Pyroar|Overheat|p1b: Milotic|[miss]
|-miss|p2b: Pyroar|p1b: Milotic
|
|-weather|SunnyDay|[upkeep]
|-heal|p1b: Milotic|59/100|[from] item: Leftovers
|upkeep
|turn|6
|inactive|SeymoursLeftToeVGC has 30 seconds left.
|
|t:|1783467236
|switch|p1a: Incineroar|Incineroar, L50, M|13/100
|-ability|p1a: Incineroar|Intimidate|boost
|-unboost|p2a: Torkoal|atk|1
|-unboost|p2b: Pyroar|atk|1
|move|p2b: Pyroar|Protect|p2b: Pyroar
|-singleturn|p2b: Pyroar|Protect
|move|p2a: Torkoal|Eruption|p1a: Incineroar|[spread] p1a,p1b
|-resisted|p1a: Incineroar|1
|-resisted|p1b: Milotic|1
|-damage|p1a: Incineroar|0 fnt
|-damage|p1b: Milotic|45/100
|faint|p1a: Incineroar
|move|p1b: Milotic|Recover|p1b: Milotic
|-heal|p1b: Milotic|95/100
|
|-weather|SunnyDay|[upkeep]
|-heal|p1b: Milotic|100/100|[from] item: Leftovers
|upkeep
|inactive|flamingtiger56 has 30 seconds left.
|inactive|flamingtiger56 has 20 seconds left.
|
|t:|1783467274
|switch|p1a: Raichu|Raichu, L50, M|100/100
|turn|7
|
|t:|1783467285
|detailschange|p1a: Raichu|Raichu-Mega-Y, L50, M
|-mega|p1a: Raichu|Raichu|Raichunite Y
|move|p1a: Raichu|Fake Out|p2b: Pyroar
|-damage|p2b: Pyroar|90/100
|move|p2a: Torkoal|Eruption|p1b: Milotic|[spread] p1a,p1b
|-resisted|p1b: Milotic|1
|-damage|p1a: Raichu|36/100
|-damage|p1b: Milotic|86/100
|move|p1b: Milotic|Muddy Water|p2a: Torkoal|[spread] p2a,p2b
|-supereffective|p2a: Torkoal|1
|-supereffective|p2b: Pyroar|1
|-damage|p2a: Torkoal|69/100
|-damage|p2b: Pyroar|63/100
|cant|p2b: Pyroar|flinch
|
|-weather|SunnyDay|[upkeep]
|-heal|p1b: Milotic|92/100|[from] item: Leftovers
|-fieldend|move: Trick Room
|upkeep
|turn|8
|
|t:|1783467308
|move|p2a: Torkoal|Helping Hand|p2b: Pyroar
|-singleturn|p2b: Pyroar|Helping Hand|[of] p2a: Torkoal
|move|p1a: Raichu|Zap Cannon|p2b: Pyroar
|-damage|p2b: Pyroar|0 fnt
|faint|p2b: Pyroar
|move|p1b: Milotic|Muddy Water|p2a: Torkoal|[miss]
|-miss|p1b: Milotic|p2a: Torkoal
|
|-weather|SunnyDay|[upkeep]
|-heal|p1b: Milotic|98/100|[from] item: Leftovers
|upkeep
|turn|9
|
|t:|1783467319
|move|p1a: Raichu|Zap Cannon|p2a: Torkoal
|-damage|p2a: Torkoal|0 fnt
|faint|p2a: Torkoal
|
|win|flamingtiger56
