|j|☆jakk_poke
|j|☆entei enthusiast
|html|jakk_pokeentei enthusiast    
|uhtml|bestof|Game 1 of a best-of-3
|t:|1783025021
|gametype|doubles
|player|p1|jakk_poke|101|1040
|player|p2|entei enthusiast|kamado-armor|1054
|gen|9
|tier|[Gen 9 Champions] VGC 2026 Reg M-B (Bo3)
|rated|
|rule|Species Clause: Limit one of each Pokémon
|rule|Item Clause: Limit 1 of each item
|clearpoke
|poke|p1|Swampert, L50, F|
|poke|p1|Mimikyu, L50, F|
|poke|p1|Incineroar, L50, M|
|poke|p1|Farigiraf, L50, F|
|poke|p1|Ampharos, L50, F|
|poke|p1|Basculegion, L50, M|
|poke|p2|Gyarados, L50, M, shiny|
|poke|p2|Floette-Eternal, L50, F|
|poke|p2|Sneasler, L50, F|
|poke|p2|Sinistcha, L50|
|poke|p2|Garchomp, L50, F|
|poke|p2|Incineroar, L50, F|
|teampreview|4
|showteam|p1|Swampert||Swampertite|Torrent|WaveCrash,HighHorsepower,IcePunch,Protect|Adamant||F|||50|]Mimikyu||MentalHerb|Disguise|PlayRough,RainDance,TrickRoom,Curse|Brave||F|||50|]Incineroar||SitrusBerry|Intimidate|FlareBlitz,ThroatChop,FakeOut,PartingShot|Brave||M|||50|]Farigiraf||ColburBerry|ArmorTail|TwinBeam,FoulPlay,TrickRoom,Protect|Relaxed||F|||50|]Ampharos||Ampharosite|Static|ParabolicCharge,Thunderbolt,DragonPulse,Protect|Quiet||F|||50|]Basculegion||LifeOrb|Adaptability|WaveCrash,Protect,LastRespects,AquaJet|Adamant||M|||50|
|showteam|p2|Gyarados||Gyaradosite|Intimidate|Waterfall,LashOut,DragonDance,Protect|Adamant||M|||50|]Floette-Eternal||Floettite|FlowerVeil|DrainingKiss,DazzlingGleam,CalmMind,Protect|Timid||F|||50|]Sneasler||FocusSash|PoisonTouch|CloseCombat,DireClaw,FakeOut,Coaching|Jolly||F|||50|]Sinistcha||SitrusBerry|Hospitality|MatchaGotcha,LifeDew,RagePowder,Protect|Calm|||||50|]Garchomp||LifeOrb|RoughSkin|DragonClaw,RockSlide,Earthquake,Protect|Jolly||F|||50|]Incineroar||PasshoBerry|Intimidate|FlareBlitz,FakeOut,PartingShot,Taunt|Careful||F|||50|
|inactive|Battle timer is ON: inactive players will automatically lose when time's up. (requested by entei enthusiast)
|inactive|jakk_poke has 60 seconds left.
|inactive|entei enthusiast has 60 seconds left.
|
|t:|1783025078
|teamsize|p1|4
|teamsize|p2|4
|start
|switch|p1a: Mimikyu|Mimikyu, L50, F|100/100
|switch|p1b: Incineroar|Incineroar, L50, M|100/100
|switch|p2a: Floette|Floette-Eternal, L50, F|100/100
|switch|p2b: Sneasler|Sneasler, L50, F|100/100
|-ability|p1b: Incineroar|Intimidate|boost
|-unboost|p2a: Floette|atk|1
|-unboost|p2b: Sneasler|atk|1
|turn|1
|inactive|jakk_poke has 30 seconds left.
|
|t:|1783025104
|detailschange|p2a: Floette|Floette-Mega, L50, F
|-mega|p2a: Floette|Floette|Floettite
|-ability|p2a: Floette|Fairy Aura
|move|p1b: Incineroar|Fake Out|p2b: Sneasler
|-damage|p2b: Sneasler|77/100
|cant|p2b: Sneasler|flinch
|move|p2a: Floette|Calm Mind|p2a: Floette
|-boost|p2a: Floette|spa|1
|-boost|p2a: Floette|spd|1
|move|p1a: Mimikyu|Trick Room|p1a: Mimikyu
|-fieldstart|move: Trick Room|[of] p1a: Mimikyu
|
|upkeep
|turn|2
|
|t:|1783025125
|move|p2a: Floette|Protect|p2a: Floette
|-singleturn|p2a: Floette|Protect
|move|p1b: Incineroar|Parting Shot|p2a: Floette
|-activate|p2a: Floette|move: Protect
|move|p1a: Mimikyu|Curse|p2a: Floette
|-start|p2a: Floette|Curse|[of] p1a: Mimikyu
|-damage|p1a: Mimikyu|50/100y
|move|p2b: Sneasler|Close Combat|p1b: Incineroar
|-supereffective|p1b: Incineroar|1
|-damage|p1b: Incineroar|21/100
|-unboost|p2b: Sneasler|def|1
|-unboost|p2b: Sneasler|spd|1
|-status|p1b: Incineroar|psn|[from] ability: Poison Touch|[of] p2b: Sneasler
|-enditem|p1b: Incineroar|Sitrus Berry|[eat]
|-heal|p1b: Incineroar|46/100 psn|[from] item: Sitrus Berry
|
|-damage|p1b: Incineroar|33/100 psn|[from] psn
|-damage|p2a: Floette|75/100|[from] Curse
|upkeep
|turn|3
|inactive|jakk_poke has 30 seconds left.
|
|t:|1783025160
|switch|p2b: Sinistcha|Sinistcha, L50|100/100
|-heal|p2a: Floette|100/100|[from] ability: Hospitality|[of] p2b: Sinistcha
|move|p1b: Incineroar|Parting Shot|p2a: Floette
|-unboost|p2a: Floette|atk|1
|-unboost|p2a: Floette|spa|1
|
|t:|1783025173
|switch|p1b: Swampert|Swampert, L50, F|100/100|[from] Parting Shot
|move|p1a: Mimikyu|Play Rough|p2b: Sinistcha
|-damage|p2b: Sinistcha|55/100
|move|p2a: Floette|Draining Kiss|p1b: Swampert
|-damage|p1b: Swampert|68/100
|
|-damage|p2a: Floette|75/100|[from] Curse
|upkeep
|turn|4
|inactive|jakk_poke has 30 seconds left.
|
|t:|1783025205
|detailschange|p1b: Swampert|Swampert-Mega, L50, F
|-mega|p1b: Swampert|Swampert|Swampertite
|move|p2a: Floette|Protect|p2a: Floette
|-singleturn|p2a: Floette|Protect
|move|p2b: Sinistcha|Matcha Gotcha|p1a: Mimikyu|[spread] p1a,p1b
|-supereffective|p1b: Swampert|2
|-activate|p1a: Mimikyu|ability: Disguise
|-damage|p1a: Mimikyu|50/100y
|-damage|p1b: Swampert|0 fnt
|-heal|p2b: Sinistcha|94/100|[from] drain|[of] p1b: Swampert
|-status|p1a: Mimikyu|brn
|detailschange|p1a: Mimikyu|Mimikyu-Busted, L50, F
|-damage|p1a: Mimikyu|37/100 brn|[from] pokemon: Mimikyu-Busted
|faint|p1b: Swampert
|move|p1a: Mimikyu|Play Rough|p2a: Floette
|-activate|p2a: Floette|move: Protect
|
|-damage|p1a: Mimikyu|31/100 brn|[from] brn
|-damage|p2a: Floette|50/100g|[from] Curse
|upkeep
|
|t:|1783025219
|switch|p1b: Incineroar|Incineroar, L50, M|33/100 psn
|-ability|p1b: Incineroar|Intimidate|boost
|-unboost|p2a: Floette|atk|1
|-unboost|p2b: Sinistcha|atk|1
|turn|5
|
|t:|1783025234
|move|p1b: Incineroar|Flare Blitz|p2a: Floette
|-damage|p2a: Floette|0 fnt
|faint|p2a: Floette
|-damage|p1b: Incineroar|19/100 psn|[from] Recoil
|move|p2b: Sinistcha|Life Dew|p2b: Sinistcha
|-heal|p2b: Sinistcha|100/100
|move|p1a: Mimikyu|Rain Dance|p1a: Mimikyu
|-weather|RainDance
|
|-weather|RainDance|[upkeep]
|-damage|p1b: Incineroar|6/100 psn|[from] psn
|-damage|p1a: Mimikyu|25/100 brn|[from] brn
|-fieldend|move: Trick Room
|upkeep
|
|t:|1783025237
|switch|p2a: Garchomp|Garchomp, L50, F|100/100
|turn|6
|
|t:|1783025251
|move|p2a: Garchomp|Earthquake|p1a: Mimikyu|[spread] p2b,p1a,p1b
|-resisted|p2b: Sinistcha|1
|-supereffective|p1b: Incineroar|1
|-damage|p2b: Sinistcha|79/100
|-damage|p1a: Mimikyu|0 fnt
|-damage|p1b: Incineroar|0 fnt
|faint|p1a: Mimikyu
|faint|p1b: Incineroar
|-damage|p2a: Garchomp|90/100|[from] item: Life Orb
|move|p2b: Sinistcha|Life Dew|p2b: Sinistcha|[spread] p2a,p2b
|-heal|p2a: Garchomp|100/100
|-heal|p2b: Sinistcha|100/100
|
|-weather|RainDance|[upkeep]
|upkeep
|
|t:|1783025254
|switch|p1b: Basculegion|Basculegion, L50, M|100/100
|turn|7
|
|t:|1783025259
|move|p2a: Garchomp|Earthquake|p1b: Basculegion|[spread] p2b,p1b
|-resisted|p2b: Sinistcha|1
|-damage|p2b: Sinistcha|79/100
|-damage|p1b: Basculegion|54/100
|-damage|p2a: Garchomp|90/100|[from] item: Life Orb
|move|p1b: Basculegion|Last Respects|p2b: Sinistcha
|-supereffective|p2b: Sinistcha|1
|-damage|p2b: Sinistcha|0 fnt
|faint|p2b: Sinistcha
|-damage|p1b: Basculegion|44/100|[from] item: Life Orb
|
|-weather|RainDance|[upkeep]
|upkeep
|
|t:|1783025261
|switch|p2b: Sneasler|Sneasler, L50, F|77/100
|turn|8
|
|t:|1783025272
|move|p2b: Sneasler|Dire Claw|p1b: Basculegion
|-resisted|p1b: Basculegion|1
|-damage|p1b: Basculegion|25/100
|-status|p1b: Basculegion|psn
|move|p2a: Garchomp|Earthquake|p1b: Basculegion|[spread] p2b,p1b
|-supereffective|p2b: Sneasler|1
|-damage|p2b: Sneasler|0 fnt
|-damage|p1b: Basculegion|0 fnt
|faint|p2b: Sneasler
|faint|p1b: Basculegion
|-damage|p2a: Garchomp|80/100|[from] item: Life Orb
|
|win|entei enthusiast
||entei enthusiast is ready for game 2.
||jakk_poke is ready for game 2.
|uhtml|next|Next: Game 2 of 3
|l|☆jakk_poke
|player|p1|
