|j|☆Infernape314
|j|☆tedidn
|html|Infernape314tedidn    
|uhtml|bestof|Game 3 of a best-of-3
|t:|1782630423
|gametype|doubles
|player|p1|Infernape314|thorton|1311
|player|p2|tedidn|marshal|1348
|gen|9
|tier|[Gen 9 Champions] VGC 2026 Reg M-B (Bo3)
|rated|
|rule|Species Clause: Limit one of each Pokémon
|rule|Item Clause: Limit 1 of each item
|clearpoke
|poke|p1|Archaludon, L50, F|
|poke|p1|Swampert, L50, M|
|poke|p1|Pelipper, L50, F|
|poke|p1|Dragapult, L50, M|
|poke|p1|Scizor, L50, M|
|poke|p1|Heliolisk, L50, F|
|poke|p2|Froslass, L50, F|
|poke|p2|Scovillain, L50, M, shiny|
|poke|p2|Basculegion, L50, M|
|poke|p2|Kingambit, L50, F|
|poke|p2|Sneasler, L50, F|
|poke|p2|Lycanroc-Dusk, L50, F, shiny|
|teampreview|4
|showteam|p1|Archaludon||Leftovers|Stamina|DragonPulse,ElectroShot,FlashCannon,Protect|Modest||F|||50|]Swampert||Swampertite|Torrent|WaveCrash,HighHorsepower,IcePunch,Protect|Adamant||M|||50|]Pelipper||SitrusBerry|Drizzle|WeatherBall,Hurricane,WideGuard,Protect|Bold||F|||50|]Dragapult||FocusSash|ClearBody|DracoMeteor,ShadowBall,WillOWisp,Protect|Timid||M|||50|]Scizor||Scizorite|Technician|BulletPunch,CloseCombat,Protect,BugBite|Adamant||M|||50|]Heliolisk||ChoiceScarf|DrySkin|Thunderbolt,Electroweb,VoltSwitch,DarkPulse|Modest||F|||50|
|showteam|p2|Froslass||Froslassite|CursedBody|Blizzard,ShadowBall,AuroraVeil,Protect|Modest||F|||50|]Scovillain||Scovillainite|Moody|GigaDrain,Overheat,RagePowder,Protect|Bold||M|||50|]Basculegion||SitrusBerry|Adaptability|WaveCrash,LastRespects,AquaJet,Protect|Adamant||M|||50|]Kingambit||BlackGlasses|Defiant|KowtowCleave,SuckerPunch,SwordsDance,Protect|Adamant||F|||50|]Sneasler||WhiteHerb|Unburden|CloseCombat,GunkShot,Protect,FakeOut|Adamant||F|||50|]Lycanroc-Dusk||FocusSash|ToughClaws|CloseCombat,Accelerock,RockSlide,Protect|Adamant||F|||50|
|inactive|Battle timer is ON: inactive players will automatically lose when time's up. (requested by Infernape314)
|inactive|tedidn also wants the timer to be on.
|inactive|Infernape314 has 60 seconds left.
|inactive|tedidn has 60 seconds left.
|
|t:|1782630483
|teamsize|p1|4
|teamsize|p2|4
|start
|switch|p1a: Pelipper|Pelipper, L50, F|100/100
|switch|p1b: Scizor|Scizor, L50, M|100/100
|switch|p2a: Froslass|Froslass, L50, F|100/100
|switch|p2b: Sneasler|Sneasler, L50, F|100/100
|-weather|RainDance|[from] ability: Drizzle|[of] p1a: Pelipper
|turn|1
|
|t:|1782630506
|detailschange|p2a: Froslass|Froslass-Mega, L50, F
|-mega|p2a: Froslass|Froslass|Froslassite
|-weather|Snowscape|[from] ability: Snow Warning|[of] p2a: Froslass
|move|p1b: Scizor|Bullet Punch|p2a: Froslass
|-supereffective|p2a: Froslass|1
|-damage|p2a: Froslass|34/100
|move|p2a: Froslass|Blizzard|p1a: Pelipper|[spread] p1a,p1b
|-resisted|p1b: Scizor|1
|-damage|p1a: Pelipper|38/100
|-damage|p1b: Scizor|75/100
|-status|p1b: Scizor|frz
|-enditem|p1a: Pelipper|Sitrus Berry|[eat]
|-heal|p1a: Pelipper|63/100|[from] item: Sitrus Berry
|move|p2b: Sneasler|Close Combat|p1b: Scizor
|-damage|p1b: Scizor|15/100 frz
|-unboost|p2b: Sneasler|def|1
|-unboost|p2b: Sneasler|spd|1
|-enditem|p2b: Sneasler|White Herb
|-clearnegativeboost|p2b: Sneasler|[silent]
|move|p1a: Pelipper|Hurricane|p2b: Sneasler
|-supereffective|p2b: Sneasler|1
|-damage|p2b: Sneasler|0 fnt
|faint|p2b: Sneasler
|
|-weather|Snowscape|[upkeep]
|upkeep
|c|☆Infernape314|Scizor thaw out man
|c|☆Infernape314|you can do this
|
|t:|1782630524
|switch|p2b: Basculegion|Basculegion, L50, M|100/100
|turn|2
|c|☆Infernape314|I believe
|inactive|Infernape314 has 30 seconds left.
|
|t:|1782630552
|move|p1a: Pelipper|Protect|p1a: Pelipper
|-singleturn|p1a: Pelipper|Protect
|move|p2b: Basculegion|Aqua Jet|p1b: Scizor
|-damage|p1b: Scizor|0 fnt
|faint|p1b: Scizor
|move|p2a: Froslass|Blizzard|p1a: Pelipper
|-activate|p1a: Pelipper|move: Protect
|
|-weather|Snowscape|[upkeep]
|upkeep
|
|t:|1782630559
|switch|p1b: Dragapult|Dragapult, L50, M|100/100
|turn|3
|
|t:|1782630572
|switch|p2a: Kingambit|Kingambit, L50, F|100/100
|switch|p1a: Swampert|Swampert, L50, M|100/100
|move|p1b: Dragapult|Will-O-Wisp|p2b: Basculegion
|-status|p2b: Basculegion|brn
|move|p2b: Basculegion|Last Respects|p1a: Swampert
|-damage|p1a: Swampert|65/100
|
|-weather|Snowscape|[upkeep]
|-damage|p2b: Basculegion|94/100 brn|[from] brn
|upkeep
|turn|4
|inactive|Infernape314 has 30 seconds left.
|inactive|Infernape314 has 20 seconds left.
|inactive|tedidn has 30 seconds left.
|
|t:|1782630613
|detailschange|p1a: Swampert|Swampert-Mega, L50, M
|-mega|p1a: Swampert|Swampert|Swampertite
|move|p2a: Kingambit|Protect|p2a: Kingambit
|-singleturn|p2a: Kingambit|Protect
|move|p1b: Dragapult|Will-O-Wisp|p2a: Kingambit
|-activate|p2a: Kingambit|move: Protect
|move|p1a: Swampert|High Horsepower|p2b: Basculegion
|-damage|p2b: Basculegion|34/100 brn
|-enditem|p2b: Basculegion|Sitrus Berry|[eat]
|-heal|p2b: Basculegion|59/100 brn|[from] item: Sitrus Berry
|move|p2b: Basculegion|Last Respects|p1a: Swampert
|-damage|p1a: Swampert|34/100
|
|-weather|Snowscape|[upkeep]
|-damage|p2b: Basculegion|53/100 brn|[from] brn
|upkeep
|turn|5
|
|t:|1782630624
|move|p1a: Swampert|Protect|p1a: Swampert
|-singleturn|p1a: Swampert|Protect
|move|p2b: Basculegion|Aqua Jet|p1b: Dragapult
|-resisted|p1b: Dragapult|1
|-damage|p1b: Dragapult|90/100
|move|p1b: Dragapult|Will-O-Wisp|p2a: Kingambit
|-status|p2a: Kingambit|brn
|move|p2a: Kingambit|Kowtow Cleave|p1b: Dragapult
|-supereffective|p1b: Dragapult|1
|-damage|p1b: Dragapult|20/100y
|
|-weather|none
|-damage|p2b: Basculegion|47/100 brn|[from] brn
|-damage|p2a: Kingambit|94/100 brn|[from] brn
|upkeep
|turn|6
|
|t:|1782630649
|move|p1b: Dragapult|Shadow Ball|p2b: Basculegion
|-supereffective|p2b: Basculegion|1
|-damage|p2b: Basculegion|0 fnt
|faint|p2b: Basculegion
|move|p1a: Swampert|High Horsepower|p2a: Kingambit
|-supereffective|p2a: Kingambit|1
|-damage|p2a: Kingambit|9/100 brn
|move|p2a: Kingambit|Kowtow Cleave|p1a: Swampert
|-damage|p1a: Swampert|6/100
|
|-damage|p2a: Kingambit|3/100 brn|[from] brn
|upkeep
|
|t:|1782630653
|switch|p2b: Froslass|Froslass-Mega, L50, F|34/100
|-weather|Snowscape|[from] ability: Snow Warning|[of] p2b: Froslass
|turn|7
|
|t:|1782630664
|switch|p1a: Pelipper|Pelipper, L50, F|63/100
|-weather|RainDance|[from] ability: Drizzle|[of] p1a: Pelipper
|move|p1b: Dragapult|Protect|p1b: Dragapult
|-singleturn|p1b: Dragapult|Protect
|move|p2b: Froslass|Protect|p2b: Froslass
|-singleturn|p2b: Froslass|Protect
|move|p2a: Kingambit|Protect||[still]
|-fail|p2a: Kingambit
|
|-weather|RainDance|[upkeep]
|-damage|p2a: Kingambit|0 fnt|[from] brn
|faint|p2a: Kingambit
|upkeep
|turn|8
|
|t:|1782630678
|move|p1b: Dragapult|Shadow Ball|p2b: Froslass
|-supereffective|p2b: Froslass|1
|-damage|p2b: Froslass|0 fnt
|faint|p2b: Froslass
|
|win|Infernape314
|raw|Infernape314's rating: 1311 → 1333(+22 for winning)
|raw|tedidn's rating: 1348 → 1326(-22 for losing)
