|j|☆Nickske1212
|j|☆VenusaurBot
|html|Nickske1212VenusaurBot    
|uhtml|bestof|Game 2 of a best-of-3
|t:|1784228900
|gametype|doubles
|player|p1|Nickske1212|102|1085
|player|p2|VenusaurBot|koga|1000
|gen|9
|tier|[Gen 9 Champions] VGC 2026 Reg M-B (Bo3)
|rated|
|rule|Species Clause: Limit one of each Pokémon
|rule|Item Clause: Limit 1 of each item
|clearpoke
|poke|p1|Swampert, L50, M, shiny|
|poke|p1|Archaludon, L50, M|
|poke|p1|Grimmsnarl, L50, M|
|poke|p1|Sinistcha, L50|
|poke|p1|Pelipper, L50, M|
|poke|p1|Basculegion, L50, M|
|poke|p2|Blaziken, L50, M|
|poke|p2|Dragonite, L50, M|
|poke|p2|Kingambit, L50, F|
|poke|p2|Froslass, L50, F|
|poke|p2|Toxapex, L50, M|
|poke|p2|Sneasler, L50, F|
|teampreview|4
|showteam|p1|Swampert||Swampertite|Damp|Protect,IcePunch,Earthquake,WaveCrash|Adamant||M|||50|]Archaludon||Leftovers|Stamina|DragonPulse,FlashCannon,ElectroShot,Protect|Modest||M|||50|]Grimmsnarl||LightClay|Prankster|PartingShot,FoulPlay,Reflect,LightScreen|Careful||M|||50|]Sinistcha||CobaBerry|Hospitality|LifeDew,MatchaGotcha,TrickRoom,RagePowder|Relaxed|||||50|]Pelipper||FocusSash|Drizzle|Tailwind,WeatherBall,Hurricane,WideGuard|Modest||M|||50|]Basculegion||ChoiceScarf|Adaptability|AquaJet,FlipTurn,LastRespects,WaveCrash|Jolly||M|||50|
|showteam|p2|Blaziken||Blazikenite|SpeedBoost|Protect,FlareBlitz,CloseCombat,RockSlide|Adamant||M|||50|]Dragonite||LifeOrb|InnerFocus|Protect,ExtremeSpeed,DragonClaw,LowKick|Adamant||M|||50|]Kingambit||BlackGlasses|Defiant|Protect,KowtowCleave,SuckerPunch,IronHead|Adamant||F|||50|]Froslass||Froslassite|SnowCloak|Protect,AuroraVeil,Blizzard,ShadowBall|Timid||F|||50|]Toxapex||Leftovers|Regenerator|BanefulBunker,Toxic,Infestation,WideGuard|Bold||M|||50|]Sneasler||FocusSash|PoisonTouch|Protect,DireClaw,CloseCombat,FakeOut|Jolly||F|||50|
|inactive|Battle timer is ON: inactive players will automatically lose when time's up. (requested by VenusaurBot)
|inactive|Nickske1212 has 60 seconds left.
|inactive|VenusaurBot has 60 seconds left.
|
|t:|1784228941
|teamsize|p1|4
|teamsize|p2|4
|start
|switch|p1a: Swampert|Swampert, L50, M, shiny|100/100
|switch|p1b: Pelipper|Pelipper, L50, M|100/100
|switch|p2a: Kingambit|Kingambit, L50, F|100/100
|switch|p2b: Sneasler|Sneasler, L50, F|100/100
|-weather|RainDance|[from] ability: Drizzle|[of] p1b: Pelipper
|turn|1
|inactive|Nickske1212 has 30 seconds left.
|inactive|Nickske1212 has 20 seconds left.
|
|t:|1784228977
|detailschange|p1a: Swampert|Swampert-Mega, L50, M, shiny
|-mega|p1a: Swampert|Swampert|Swampertite
|move|p2b: Sneasler|Fake Out|p1a: Swampert
|-damage|p1a: Swampert|87/100
|cant|p1a: Swampert|flinch
|move|p1b: Pelipper|Weather Ball|p2b: Sneasler
|-damage|p2b: Sneasler|1/100
|move|p2a: Kingambit|Kowtow Cleave|p1b: Pelipper
|-damage|p1b: Pelipper|25/100
|
|-weather|RainDance|[upkeep]
|upkeep
|turn|2
|inactive|VenusaurBot has 30 seconds left.
|
|t:|1784229003
|move|p2a: Kingambit|Sucker Punch||[still]
|-fail|p2a: Kingambit
|move|p1a: Swampert|Earthquake|p2a: Kingambit|[spread] p2a,p2b
|-immune|p1b: Pelipper
|-supereffective|p2a: Kingambit|1
|-supereffective|p2b: Sneasler|1
|-damage|p2a: Kingambit|29/100
|-damage|p2b: Sneasler|0 fnt
|faint|p2b: Sneasler
|move|p1b: Pelipper|Tailwind|p1b: Pelipper
|-sidestart|p1: Nickske1212|move: Tailwind
|
|-weather|RainDance|[upkeep]
|upkeep
|
|t:|1784229013
|switch|p2b: Froslass|Froslass, L50, F|100/100
|turn|3
|
|t:|1784229031
|switch|p1b: Basculegion|Basculegion, L50, M|100/100
|detailschange|p2b: Froslass|Froslass-Mega, L50, F
|-mega|p2b: Froslass|Froslass|Froslassite
|-weather|Snowscape|[from] ability: Snow Warning|[of] p2b: Froslass
|move|p2a: Kingambit|Protect|p2a: Kingambit
|-singleturn|p2a: Kingambit|Protect
|move|p1a: Swampert|Wave Crash|p2b: Froslass
|-damage|p2b: Froslass|36/100
|-damage|p1a: Swampert|68/100|[from] Recoil
|move|p2b: Froslass|Shadow Ball|p1a: Swampert
|-damage|p1a: Swampert|33/100
|-unboost|p1a: Swampert|spd|1
|
|-weather|Snowscape|[upkeep]
|upkeep
|turn|4
|inactive|Nickske1212 has 30 seconds left.
|inactive|VenusaurBot has 30 seconds left.
|inactive|Nickske1212 has 20 seconds left.
|inactive|Nickske1212 has 15 seconds left.
|inactive|Nickske1212 has 10 seconds left.
|inactive|Nickske1212 has 5 seconds left.
|
|t:|1784229083
|switch|p1b: Pelipper|Pelipper, L50, M|25/100
|-weather|RainDance|[from] ability: Drizzle|[of] p1b: Pelipper
|switch|p2b: Toxapex|Toxapex, L50, M|100/100
|move|p2a: Kingambit|Sucker Punch|p1a: Swampert
|-damage|p1a: Swampert|0 fnt
|faint|p1a: Swampert
|
|-weather|RainDance|[upkeep]
|upkeep
|
|t:|1784229099
|switch|p1a: Archaludon|Archaludon, L50, M|100/100
|turn|5
|inactive|Nickske1212 has 30 seconds left.
|inactive|Nickske1212 has 20 seconds left.
|inactive|Nickske1212 has 15 seconds left.
|
|t:|1784229140
|switch|p2a: Froslass|Froslass-Mega, L50, F|36/100
|-weather|Snowscape|[from] ability: Snow Warning|[of] p2a: Froslass
|move|p1b: Pelipper|Weather Ball|p2a: Froslass
|-resisted|p2a: Froslass|1
|-damage|p2a: Froslass|22/100
|move|p1a: Archaludon|Flash Cannon|p2b: Toxapex
|-resisted|p2b: Toxapex|1
|-damage|p2b: Toxapex|84/100
|move|p2b: Toxapex|Infestation|p1a: Archaludon
|-resisted|p1a: Archaludon|1
|-damage|p1a: Archaludon|98/100
|-activate|p1a: Archaludon|move: Infestation|[of] p2b: Toxapex
|-ability|p1a: Archaludon|Stamina|boost
|-boost|p1a: Archaludon|def|1
|
|-weather|Snowscape|[upkeep]
|-heal|p1a: Archaludon|100/100|[from] item: Leftovers
|-heal|p2b: Toxapex|90/100|[from] item: Leftovers
|-damage|p1a: Archaludon|87/100|[from] move: Infestation|[partiallytrapped]
|-sideend|p1: Nickske1212|move: Tailwind
|upkeep
|turn|6
|inactive|Nickske1212 has 30 seconds left.
|inactive|Nickske1212 has 20 seconds left.
|inactive|Nickske1212 has 15 seconds left.
|
|t:|1784229184
|move|p2a: Froslass|Protect|p2a: Froslass
|-singleturn|p2a: Froslass|Protect
|move|p1b: Pelipper|Wide Guard|p1b: Pelipper
|-singleturn|p1b: Pelipper|Wide Guard
|move|p1a: Archaludon|Flash Cannon|p2a: Froslass
|-activate|p2a: Froslass|move: Protect
|move|p2b: Toxapex|Toxic|p1b: Pelipper
|-status|p1b: Pelipper|tox
|
|-weather|Snowscape|[upkeep]
|-heal|p1a: Archaludon|93/100|[from] item: Leftovers
|-heal|p2b: Toxapex|96/100|[from] item: Leftovers
|-damage|p1b: Pelipper|19/100 tox|[from] psn
|-damage|p1a: Archaludon|81/100|[from] move: Infestation|[partiallytrapped]
|upkeep
|turn|7
|inactive|VenusaurBot has 30 seconds left.
|
|t:|1784229218
|switch|p2a: Kingambit|Kingambit, L50, F|29/100
|switch|p1b: Basculegion|Basculegion, L50, M|100/100
|move|p2b: Toxapex|Baneful Bunker|p2b: Toxapex
|-singleturn|p2b: Toxapex|move: Protect
|move|p1a: Archaludon|Flash Cannon|p2a: Kingambit
|-resisted|p2a: Kingambit|1
|-damage|p2a: Kingambit|10/100
|
|-weather|Snowscape|[upkeep]
|-heal|p1a: Archaludon|87/100|[from] item: Leftovers
|-heal|p2b: Toxapex|100/100|[from] item: Leftovers
|-damage|p1a: Archaludon|75/100|[from] move: Infestation|[partiallytrapped]
|upkeep
|turn|8
|inactive|Nickske1212 has 30 seconds left.
|inactive|Nickske1212 has 20 seconds left.
|inactive|VenusaurBot has 30 seconds left.
|
|t:|1784229258
|move|p1b: Basculegion|Flip Turn|p2b: Toxapex
|-resisted|p2b: Toxapex|1
|-damage|p2b: Toxapex|87/100
|
|t:|1784229263
|switch|p1b: Pelipper|Pelipper, L50, M|19/100 tox|[from] Flip Turn
|-weather|RainDance|[from] ability: Drizzle|[of] p1b: Pelipper
|move|p1a: Archaludon|Electro Shot||[still]
|-prepare|p1a: Archaludon|Electro Shot
|-boost|p1a: Archaludon|spa|1
|-anim|p1a: Archaludon|Electro Shot|p2b: Toxapex
|-supereffective|p2b: Toxapex|1
|-damage|p2b: Toxapex|0 fnt
|faint|p2b: Toxapex
|move|p2a: Kingambit|Kowtow Cleave|p1b: Pelipper
|-damage|p1b: Pelipper|0 fnt
|faint|p1b: Pelipper
|
|-weather|RainDance|[upkeep]
|-heal|p1a: Archaludon|81/100|[from] item: Leftovers
|-end|p1a: Archaludon|Infestation|[partiallytrapped]|[silent]
|upkeep
|
|t:|1784229277
|switch|p1b: Basculegion|Basculegion, L50, M|100/100
|switch|p2b: Froslass|Froslass-Mega, L50, F|22/100
|-weather|Snowscape|[from] ability: Snow Warning|[of] p2b: Froslass
|turn|9
|inactive|VenusaurBot has 30 seconds left.
|
|t:|1784229303
|move|p2b: Froslass|Protect|p2b: Froslass
|-singleturn|p2b: Froslass|Protect
|move|p2a: Kingambit|Protect|p2a: Kingambit
|-singleturn|p2a: Kingambit|Protect
|move|p1b: Basculegion|Aqua Jet|p2a: Kingambit
|-activate|p2a: Kingambit|move: Protect
|move|p1a: Archaludon|Flash Cannon|p2b: Froslass
|-activate|p2b: Froslass|move: Protect
|
|-weather|Snowscape|[upkeep]
|-heal|p1a: Archaludon|87/100|[from] item: Leftovers
|upkeep
|turn|10
|
|t:|1784229327
|move|p1b: Basculegion|Aqua Jet|p2b: Froslass
|-damage|p2b: Froslass|1/100
|move|p2a: Kingambit|Sucker Punch|p1a: Archaludon
|-damage|p1a: Archaludon|65/100
|-ability|p1a: Archaludon|Stamina|boost
|-boost|p1a: Archaludon|def|1
|move|p2b: Froslass|Shadow Ball|p1a: Archaludon
|-damage|p1a: Archaludon|29/100
|-ability|p1a: Archaludon|Stamina|boost
|-boost|p1a: Archaludon|def|1
|move|p1a: Archaludon|Flash Cannon|p2b: Froslass
|-supereffective|p2b: Froslass|1
|-damage|p2b: Froslass|0 fnt
|faint|p2b: Froslass
|
|-weather|Snowscape|[upkeep]
|-heal|p1a: Archaludon|35/100|[from] item: Leftovers
|upkeep
|turn|11
|inactive|VenusaurBot has 30 seconds left.
|inactive|VenusaurBot has 20 seconds left.
|inactive|VenusaurBot has 15 seconds left.
|inactive|VenusaurBot has 10 seconds left.
|inactive|VenusaurBot has 5 seconds left.
|
|t:|1784229382
|move|p2a: Kingambit|Protect|p2a: Kingambit
|-singleturn|p2a: Kingambit|Protect
|move|p1b: Basculegion|Aqua Jet|p2a: Kingambit
|-activate|p2a: Kingambit|move: Protect
|move|p1a: Archaludon|Flash Cannon|p2a: Kingambit
|-activate|p2a: Kingambit|move: Protect
|
|-weather|Snowscape|[upkeep]
|-heal|p1a: Archaludon|41/100|[from] item: Leftovers
|upkeep
|turn|12
|-message|VenusaurBot forfeited.
|
|win|Nickske1212
||VenusaurBot is ready for game 3.
||Nickske1212 is ready for game 3.
|uhtml|next|Next: Game 3 of 3
|l|☆Nickske1212
|player|p1|
