|j|☆RagingJudge
|j|☆TheLackluster7
|html|RagingJudgeTheLackluster7    
|uhtml|bestof|Game 1 of a best-of-3
|t:|1757654415
|gametype|doubles
|player|p1|RagingJudge|silver|1100
|player|p2|TheLackluster7|juggler|1181
|gen|9
|tier|[Gen 9] VGC 2025 Reg H (Bo3)
|rated|
|rule|Species Clause: Limit one of each Pokémon
|rule|Item Clause: Limit 1 of each item
|clearpoke
|poke|p1|Annihilape, L50, F|
|poke|p1|Whimsicott, L50, M|
|poke|p1|Garchomp, L50, M|
|poke|p1|Clefable, L50, F|
|poke|p1|Hydreigon, L50, F|
|poke|p1|Gholdengo, L50|
|poke|p2|Indeedee-F, L50, F|
|poke|p2|Armarouge, L50, F|
|poke|p2|Primarina, L50, M|
|poke|p2|Ursaluna-Bloodmoon, L50, M|
|poke|p2|Sneasler, L50, M|
|poke|p2|Whimsicott, L50, F|
|teampreview|4
|showteam|p1|Annihilape||SafetyGoggles|Defiant|Protect,BulkUp,DrainPunch,RageFist|||F|||50|,,,,,Water]Whimsicott||FocusSash|Prankster|SunnyDay,Encore,Tailwind,Moonblast|||M|||50|,,,,,Ghost]Garchomp||LifeOrb|RoughSkin|Protect,StompingTantrum,DragonClaw,Earthquake|||M|||50|,,,,,Steel]Clefable||SitrusBerry|Unaware|Protect,FollowMe,MistyTerrain,Moonblast|||F|||50|,,,,,Water]Hydreigon||ChoiceSpecs|Levitate|HeatWave,Snarl,DarkPulse,DracoMeteor|||F|||50|,,,,,Fire]Gholdengo||MetalCoat|GoodasGold|Protect,NastyPlot,ShadowBall,MakeItRain||||||50|,,,,,Steel
|showteam|p2|Indeedee-F||EjectButton|PsychicSurge|HelpingHand,Psychic,FollowMe,TrickRoom|||F|||50|,,,,,Steel]Armarouge||LifeOrb|FlashFire|ArmorCannon,ExpandingForce,AuraSphere,TrickRoom|||F|||50|,,,,,Grass]Primarina||AssaultVest|LiquidVoice|HyperVoice,Moonblast,FlipTurn,DrainingKiss|||M|||50|,,,,,Fairy]Ursaluna-Bloodmoon||SilkScarf|MindsEye|Protect,BloodMoon,HyperVoice,EarthPower|||M|||50|,,,,,Ghost]Sneasler||PsychicSeed|Unburden|DireClaw,CloseCombat,ThroatChop,Protect|||M|||50|,,,,,Dark]Whimsicott||CovertCloak|Prankster|LightScreen,Tailwind,SunnyDay,EnergyBall|||F|||50|,,,,,Dark
|
|t:|1757654475
|teamsize|p1|4
|teamsize|p2|4
|start
|switch|p1a: Garchomp|Garchomp, L50, M|100/100
|switch|p1b: Hydreigon|Hydreigon, L50, F|100/100
|switch|p2a: Primarina|Primarina, L50, M|100/100
|switch|p2b: Whimsicott|Whimsicott, L50, F|100/100
|turn|1
|
|t:|1757654500
|switch|p1b: Gholdengo|Gholdengo, L50|100/100
|-terastallize|p1a: Garchomp|Steel
|move|p2b: Whimsicott|Light Screen|p2b: Whimsicott
|-sidestart|p2: TheLackluster7|move: Light Screen
|move|p1a: Garchomp|Stomping Tantrum|p2a: Primarina
|-damage|p2a: Primarina|32/100
|-damage|p1a: Garchomp|91/100|[from] item: Life Orb
|move|p2a: Primarina|Moonblast|p1a: Garchomp
|-resisted|p1a: Garchomp
|-damage|p1a: Garchomp|61/100
|-unboost|p1a: Garchomp|spa|1
|
|upkeep
|turn|2
|
|t:|1757654525
|move|p2b: Whimsicott|Tailwind|p2b: Whimsicott
|-sidestart|p2: TheLackluster7|move: Tailwind
|move|p2a: Primarina|Flip Turn|p1a: Garchomp
|-damage|p1a: Garchomp|44/100
|-damage|p2a: Primarina|20/100|[from] ability: Rough Skin|[of] p1a: Garchomp
|
|t:|1757654534
|switch|p2a: Indeedee|Indeedee-F, L50, F|100/100|[from] Flip Turn
|-fieldstart|move: Psychic Terrain|[from] ability: Psychic Surge|[of] p2a: Indeedee
|move|p1a: Garchomp|Stomping Tantrum|p2b: Whimsicott
|-resisted|p2b: Whimsicott
|-damage|p2b: Whimsicott|77/100
|-damage|p1a: Garchomp|34/100|[from] item: Life Orb
|move|p1b: Gholdengo|Make It Rain|p2b: Whimsicott|[spread] p2a,p2b
|-supereffective|p2b: Whimsicott
|-damage|p2a: Indeedee|65/100
|-damage|p2b: Whimsicott|0 fnt
|-unboost|p1b: Gholdengo|spa|1
|faint|p2b: Whimsicott
|-enditem|p2a: Indeedee|Eject Button
|
|t:|1757654547
|switch|p2a: Primarina|Primarina, L50, M|20/100
|
|upkeep
|
|t:|1757654550
|switch|p2b: Sneasler|Sneasler, L50, M|100/100
|-enditem|p2b: Sneasler|Psychic Seed
|-boost|p2b: Sneasler|spd|1|[from] item: Psychic Seed
|turn|3
|
|t:|1757654569
|switch|p1a: Hydreigon|Hydreigon, L50, F|100/100
|move|p2b: Sneasler|Close Combat|p1a: Hydreigon
|-supereffective|p1a: Hydreigon
|-damage|p1a: Hydreigon|0 fnt
|-unboost|p2b: Sneasler|def|1
|-unboost|p2b: Sneasler|spd|1
|faint|p1a: Hydreigon
|move|p2a: Primarina|Hyper Voice|p1b: Gholdengo
|-damage|p1b: Gholdengo|42/100
|move|p1b: Gholdengo|Nasty Plot|p1b: Gholdengo
|-boost|p1b: Gholdengo|spa|2
|
|upkeep
|
|t:|1757654584
|switch|p1a: Garchomp|Garchomp, L50, M, tera:Steel|34/100
|turn|4
|
|t:|1757654599
|switch|p1a: Annihilape|Annihilape, L50, F|100/100
|move|p1b: Gholdengo|Protect|p1b: Gholdengo
|-singleturn|p1b: Gholdengo|Protect
|move|p2b: Sneasler|Throat Chop|p1b: Gholdengo
|-activate|p1b: Gholdengo|move: Protect
|move|p2a: Primarina|Hyper Voice|p1a: Annihilape|[spread] p1a
|-activate|p1b: Gholdengo|move: Protect
|-damage|p1a: Annihilape|70/100
|
|upkeep
|turn|5
|
|t:|1757654629
|switch|p1b: Garchomp|Garchomp, L50, M, tera:Steel|34/100
|move|p1a: Annihilape|Protect|p1a: Annihilape
|-singleturn|p1a: Annihilape|Protect
|move|p2b: Sneasler|Dire Claw|p1a: Annihilape
|-activate|p1a: Annihilape|move: Protect
|move|p2a: Primarina|Hyper Voice|p1b: Garchomp|[spread] p1b
|-activate|p1a: Annihilape|move: Protect
|-damage|p1b: Garchomp|0 fnt
|faint|p1b: Garchomp
|
|-sideend|p2: TheLackluster7|move: Light Screen
|-sideend|p2: TheLackluster7|move: Tailwind
|upkeep
|
|t:|1757654642
|switch|p1b: Gholdengo|Gholdengo, L50|42/100
|turn|6
|
|t:|1757654653
|switch|p2a: Indeedee|Indeedee-F, L50, F|65/100
|move|p2b: Sneasler|Protect|p2b: Sneasler
|-singleturn|p2b: Sneasler|Protect
|move|p1a: Annihilape|Rage Fist|p2a: Indeedee
|-immune|p2a: Indeedee
|move|p1b: Gholdengo|Make It Rain|p2a: Indeedee|[spread] p2a
|-activate|p2b: Sneasler|move: Protect
|-damage|p2a: Indeedee|5/100
|-unboost|p1b: Gholdengo|spa|1
|
|-fieldend|move: Psychic Terrain
|upkeep
|turn|7
|
|t:|1757654681
|move|p1b: Gholdengo|Protect|p1b: Gholdengo
|-singleturn|p1b: Gholdengo|Protect
|move|p2b: Sneasler|Throat Chop|p1b: Gholdengo
|-activate|p1b: Gholdengo|move: Protect
|move|p1a: Annihilape|Drain Punch|p2a: Indeedee
|-damage|p2a: Indeedee|0 fnt
|-heal|p1a: Annihilape|71/100|[from] drain|[of] p2a: Indeedee
|faint|p2a: Indeedee
|
|upkeep
|
|t:|1757654687
|switch|p2a: Primarina|Primarina, L50, M|20/100
|turn|8
|
|t:|1757654698
|-terastallize|p2a: Primarina|Fairy
|move|p2b: Sneasler|Throat Chop|p1b: Gholdengo
|-supereffective|p1b: Gholdengo
|-damage|p1b: Gholdengo|0 fnt
|faint|p1b: Gholdengo
|move|p1a: Annihilape|Rage Fist|p2a: Primarina
|-damage|p2a: Primarina|0 fnt
|faint|p2a: Primarina
|
|upkeep
|turn|9
|
|t:|1757654711
|move|p2b: Sneasler|Dire Claw|p1a: Annihilape
|-resisted|p1a: Annihilape
|-damage|p1a: Annihilape|51/100
|move|p1a: Annihilape|Rage Fist|p2b: Sneasler
|-damage|p2b: Sneasler|0 fnt
|faint|p2b: Sneasler
|
|win|RagingJudge
||TheLackluster7 is ready for game 2.
||RagingJudge is ready for game 2.
|uhtml|next|Next: Game 2 of 3
|l|☆TheLackluster7
|player|p2|
