|j|☆Chelicerate1
|j|☆Glofer
|html|Chelicerate1Glofer    
|uhtml|bestof|Game 3 of a best-of-3
|t:|1782734364
|gametype|doubles
|player|p1|Chelicerate1|ethan|1153
|player|p2|Glofer|blackbelt|1185
|gen|9
|tier|[Gen 9 Champions] VGC 2026 Reg M-B (Bo3)
|rated|
|rule|Species Clause: Limit one of each Pokémon
|rule|Item Clause: Limit 1 of each item
|clearpoke
|poke|p1|Pelipper, L50, F, shiny|
|poke|p1|Swampert, L50, M, shiny|
|poke|p1|Archaludon, L50, M, shiny|
|poke|p1|Grimmsnarl, L50, M, shiny|
|poke|p1|Sinistcha, L50, shiny|
|poke|p1|Metagross, L50, shiny|
|poke|p2|Swampert, L50, M|
|poke|p2|Meganium, L50, F|
|poke|p2|Glimmora, L50, M|
|poke|p2|Vivillon, L50, M|
|poke|p2|Pelipper, L50, M|
|poke|p2|Tinkaton, L50, F|
|teampreview|4
|showteam|p1|Pelipper||SitrusBerry|Drizzle|Hurricane,WeatherBall,Tailwind,Protect|Calm||F|||50|]Swampert||Swampertite|Torrent|WaveCrash,Earthquake,IcePunch,Protect|Adamant||M|||50|]Archaludon||Leftovers|Stamina|ElectroShot,FlashCannon,DragonPulse,Protect|Modest||M|||50|]Grimmsnarl||LightClay|Prankster|LightScreen,Reflect,FoulPlay,PartingShot|Careful||M|||50|]Sinistcha||CobaBerry|Hospitality|MatchaGotcha,RagePowder,TrickRoom,LifeDew|Calm|||||50|]Metagross||Metagrossite|ClearBody|IronHead,PsychicFangs,BodyPress,Protect|Jolly|||||50|
|showteam|p2|Swampert||Swampertite|Damp|WaveCrash,Earthquake,IcePunch,Protect|Adamant||M|||50|]Meganium||Meganiumite|LeafGuard|SolarBeam,DazzlingGleam,WeatherBall,Protect|Timid||F|||50|]Glimmora||LifeOrb|ToxicDebris|SludgeBomb,PowerGem,EarthPower,Protect|Timid||M|||50|]Vivillon||FocusSash|CompoundEyes|PollenPuff,SleepPowder,Tailwind,Protect|Timid||M|||50|]Pelipper||WideLens|Drizzle|Hurricane,MuddyWater,WideGuard,Protect|Modest||M|||50|]Tinkaton||Leftovers|OwnTempo|GigatonHammer,PlayRough,FakeOut,Protect|Jolly||F|||50|
|inactive|Battle timer is ON: inactive players will automatically lose when time's up. (requested by Chelicerate1)
|inactive|Chelicerate1 has 60 seconds left.
|
|t:|1782734417
|teamsize|p1|4
|teamsize|p2|4
|start
|switch|p1a: Metagross|Metagross, L50, shiny|100/100
|switch|p1b: Grimmsnarl|Grimmsnarl, L50, M, shiny|100/100
|switch|p2a: Tinkaton|Tinkaton, L50, F|100/100
|switch|p2b: Glimmora|Glimmora, L50, M|100/100
|turn|1
|
|t:|1782734432
|detailschange|p1a: Metagross|Metagross-Mega, L50, shiny
|-mega|p1a: Metagross|Metagross|Metagrossite
|move|p1a: Metagross|Protect|p1a: Metagross
|-singleturn|p1a: Metagross|Protect
|move|p2a: Tinkaton|Fake Out|p1a: Metagross
|-activate|p1a: Metagross|move: Protect
|move|p1b: Grimmsnarl|Light Screen|p1b: Grimmsnarl
|-sidestart|p1: Chelicerate1|move: Light Screen
|move|p2b: Glimmora|Sludge Bomb|p1b: Grimmsnarl
|-supereffective|p1b: Grimmsnarl|1
|-damage|p1b: Grimmsnarl|33/100
|-damage|p2b: Glimmora|90/100|[from] item: Life Orb
|
|upkeep
|turn|2
|
|t:|1782734450
|switch|p2a: Vivillon|Vivillon, L50, M|100/100
|move|p2b: Glimmora|Protect|p2b: Glimmora
|-singleturn|p2b: Glimmora|Protect
|move|p1b: Grimmsnarl|Parting Shot|p2a: Vivillon
|-unboost|p2a: Vivillon|atk|1
|-unboost|p2a: Vivillon|spa|1
|
|t:|1782734458
|switch|p1b: Pelipper|Pelipper, L50, F, shiny|100/100|[from] Parting Shot
|-weather|RainDance|[from] ability: Drizzle|[of] p1b: Pelipper
|move|p1a: Metagross|Iron Head|p2b: Glimmora
|-activate|p2b: Glimmora|move: Protect
|
|-weather|RainDance|[upkeep]
|upkeep
|turn|3
|
|t:|1782734472
|switch|p2b: Tinkaton|Tinkaton, L50, F|100/100
|move|p1a: Metagross|Psychic Fangs|p2b: Tinkaton
|-resisted|p2b: Tinkaton|1
|-damage|p2b: Tinkaton|60/100
|move|p2a: Vivillon|Tailwind|p2a: Vivillon
|-sidestart|p2: Glofer|move: Tailwind
|move|p1b: Pelipper|Hurricane|p2a: Vivillon
|-supereffective|p2a: Vivillon|1
|-enditem|p2a: Vivillon|Focus Sash
|-damage|p2a: Vivillon|1/100
|-start|p2a: Vivillon|confusion
|
|-weather|RainDance|[upkeep]
|-heal|p2b: Tinkaton|66/100|[from] item: Leftovers
|upkeep
|turn|4
|inactive|Glofer has 30 seconds left.
|
|t:|1782734501
|switch|p2b: Meganium|Meganium, L50, F|100/100
|switch|p1b: Grimmsnarl|Grimmsnarl, L50, M, shiny|33/100
|-activate|p2a: Vivillon|confusion
|move|p2a: Vivillon|Sleep Powder|p1a: Metagross|[miss]
|-miss|p2a: Vivillon|p1a: Metagross
|move|p1a: Metagross|Iron Head|p2a: Vivillon
|-damage|p2a: Vivillon|0 fnt
|faint|p2a: Vivillon
|
|-weather|RainDance|[upkeep]
|upkeep
|
|t:|1782734512
|switch|p2a: Glimmora|Glimmora, L50, M|90/100
|turn|5
|
|t:|1782734524
|detailschange|p2b: Meganium|Meganium-Mega, L50, F
|-mega|p2b: Meganium|Meganium|Meganiumite
|move|p1b: Grimmsnarl|Reflect|p1b: Grimmsnarl
|-sidestart|p1: Chelicerate1|Reflect
|move|p2a: Glimmora|Sludge Bomb|p1b: Grimmsnarl
|-supereffective|p1b: Grimmsnarl|1
|-damage|p1b: Grimmsnarl|0 fnt
|faint|p1b: Grimmsnarl
|-damage|p2a: Glimmora|81/100|[from] item: Life Orb
|move|p2b: Meganium|Weather Ball|p1a: Metagross
|-supereffective|p1a: Metagross|1
|-damage|p1a: Metagross|28/100
|move|p1a: Metagross|Iron Head|p2b: Meganium
|-supereffective|p2b: Meganium|1
|-damage|p2b: Meganium|0 fnt
|faint|p2b: Meganium
|
|-weather|RainDance|[upkeep]
|upkeep
|
|t:|1782734540
|switch|p2b: Tinkaton|Tinkaton, L50, F|66/100
|switch|p1b: Archaludon|Archaludon, L50, M, shiny|100/100
|turn|6
|inactive|Chelicerate1 has 30 seconds left.
|
|t:|1782734567
|move|p1a: Metagross|Protect|p1a: Metagross
|-singleturn|p1a: Metagross|Protect
|move|p2b: Tinkaton|Fake Out|p1a: Metagross
|-activate|p1a: Metagross|move: Protect
|move|p2a: Glimmora|Earth Power|p1a: Metagross
|-activate|p1a: Metagross|move: Protect
|move|p1b: Archaludon|Electro Shot||[still]
|-prepare|p1b: Archaludon|Electro Shot
|-boost|p1b: Archaludon|spa|1
|-anim|p1b: Archaludon|Electro Shot|p2a: Glimmora
|-crit|p2a: Glimmora
|-damage|p2a: Glimmora|0 fnt
|faint|p2a: Glimmora
|
|-weather|none
|-heal|p2b: Tinkaton|72/100|[from] item: Leftovers
|-sideend|p2: Glofer|move: Tailwind
|upkeep
|turn|7
|
|t:|1782734578
|move|p1a: Metagross|Iron Head|p2b: Tinkaton
|-damage|p2b: Tinkaton|0 fnt
|faint|p2b: Tinkaton
|
|win|Chelicerate1
|raw|Chelicerate1's rating: 1153 → 1180(+27 for winning)
|raw|Glofer's rating: 1185 → 1158(-27 for losing)
|c|☆Glofer|Gg
