|j|☆breloomb01
|j|☆Miriajohn
|html|breloomb01Miriajohn    
|uhtml|bestof|Game 2 of a best-of-3
|t:|1785688098
|gametype|doubles
|player|p1|breloomb01|roughneck|1252
|player|p2|Miriajohn|blue|1205
|gen|9
|tier|[Gen 9 Champions] VGC 2026 Reg M-B (Bo3)
|rated|
|rule|Species Clause: Limit one of each Pokémon
|rule|Item Clause: Limit 1 of each item
|clearpoke
|poke|p1|Floette-Eternal, L50, F|
|poke|p1|Incineroar, L50, F|
|poke|p1|Sinistcha, L50|
|poke|p1|Garchomp, L50, F|
|poke|p1|Sneasler, L50, F|
|poke|p1|Rotom-Wash, L50|
|poke|p2|Talonflame, L50, M|
|poke|p2|Garchomp, L50, F|
|poke|p2|Froslass, L50, F|
|poke|p2|Rotom-Wash, L50|
|poke|p2|Kingambit, L50, M|
|poke|p2|Blaziken, L50, M|
|teampreview|4
|showteam|p1|Floette-Eternal||Floettite|FlowerVeil|DrainingKiss,DazzlingGleam,CalmMind,Protect|Modest||F|||50|]Incineroar||SitrusBerry|Intimidate|FakeOut,FlareBlitz,ThroatChop,PartingShot|Careful||F|||50|]Sinistcha||KasibBerry|Hospitality|Protect,RagePowder,MatchaGotcha,TrickRoom|Calm|||||50|]Garchomp||LifeOrb|RoughSkin|Earthquake,DragonClaw,RockSlide,Protect|Jolly||F|||50|]Sneasler||WhiteHerb|Unburden|FakeOut,DireClaw,CloseCombat,Protect|Jolly||F|||50|]Rotom-Wash||Leftovers|Levitate|HydroPump,Protect,WillOWisp,Electroweb|Bold|||||50|
|showteam|p2|Talonflame||SharpBeak|GaleWings|Tailwind,FlareBlitz,BraveBird,Protect|Jolly||M|||50|]Garchomp||LifeOrb|RoughSkin|DragonClaw,RockSlide,Earthquake,Protect|Jolly||F|||50|]Froslass||Froslassite|SnowCloak|Blizzard,ShadowBall,IcyWind,Protect|Timid||F|||50|]Rotom-Wash||ChoiceScarf|Levitate|HydroPump,Thunderbolt,Discharge,Electroweb|Timid|||||50|]Kingambit||ChopleBerry|Defiant|SuckerPunch,KowtowCleave,IronHead,Protect|Adamant||M|||50|]Blaziken||Blazikenite|SpeedBoost|FlareBlitz,CloseCombat,RockSlide,Protect|Jolly||M|||50|
|
|t:|1785688122
|teamsize|p1|4
|teamsize|p2|4
|start
|switch|p1a: Rotom|Rotom-Wash, L50|100/100
|switch|p1b: Sneasler|Sneasler, L50, F|100/100
|switch|p2a: Froslass|Froslass, L50, F|100/100
|switch|p2b: Rotom|Rotom-Wash, L50|100/100
|turn|1
|
|t:|1785688132
|detailschange|p2a: Froslass|Froslass-Mega, L50, F
|-mega|p2a: Froslass|Froslass|Froslassite
|-weather|Snowscape|[from] ability: Snow Warning|[of] p2a: Froslass
|move|p2b: Rotom|Thunderbolt|p1a: Rotom
|-damage|p1a: Rotom|62/100
|move|p1b: Sneasler|Close Combat|p2b: Rotom
|-damage|p2b: Rotom|16/100
|-unboost|p1b: Sneasler|def|1
|-unboost|p1b: Sneasler|spd|1
|-enditem|p1b: Sneasler|White Herb
|-clearnegativeboost|p1b: Sneasler|[silent]
|move|p2a: Froslass|Blizzard|p1b: Sneasler|[spread] p1a,p1b
|-resisted|p1a: Rotom|1
|-damage|p1a: Rotom|41/100
|-damage|p1b: Sneasler|38/100
|move|p1a: Rotom|Electroweb|p2b: Rotom|[spread] p2a,p2b
|-damage|p2a: Froslass|80/100
|-damage|p2b: Rotom|0 fnt
|-unboost|p2a: Froslass|spe|1
|faint|p2b: Rotom
|
|-weather|Snowscape|[upkeep]
|-heal|p1a: Rotom|47/100|[from] item: Leftovers
|upkeep
|
|t:|1785688159
|switch|p2b: Kingambit|Kingambit, L50, M|100/100
|turn|2
|
|t:|1785688164
|switch|p2a: Garchomp|Garchomp, L50, F|100/100
|move|p2b: Kingambit|Sucker Punch|p1b: Sneasler
|-resisted|p1b: Sneasler|1
|-damage|p1b: Sneasler|5/100
|move|p1b: Sneasler|Dire Claw|p2a: Garchomp
|-resisted|p2a: Garchomp|1
|-damage|p2a: Garchomp|78/100
|-status|p2a: Garchomp|par
|-damage|p1b: Sneasler|0 fnt|[from] ability: Rough Skin|[of] p2a: Garchomp
|faint|p1b: Sneasler
|move|p1a: Rotom|Will-O-Wisp|p2b: Kingambit
|-status|p2b: Kingambit|brn
|
|-weather|Snowscape|[upkeep]
|-heal|p1a: Rotom|53/100|[from] item: Leftovers
|-damage|p2b: Kingambit|93/100 brn|[from] brn
|upkeep
|
|t:|1785688173
|switch|p1b: Floette|Floette-Eternal, L50, F|100/100
|turn|3
|
|t:|1785688184
|switch|p1a: Garchomp|Garchomp, L50, F|100/100
|detailschange|p1b: Floette|Floette-Mega, L50, F
|-mega|p1b: Floette|Floette|Floettite
|-ability|p1b: Floette|Fairy Aura
|move|p1b: Floette|Dazzling Gleam|p2b: Kingambit|[spread] p2a,p2b
|-supereffective|p2a: Garchomp|1
|-damage|p2a: Garchomp|0 fnt
|-damage|p2b: Kingambit|35/100 brn
|faint|p2a: Garchomp
|move|p2b: Kingambit|Iron Head|p1b: Floette
|-supereffective|p1b: Floette|1
|-damage|p1b: Floette|51/100
|
|-weather|Snowscape|[upkeep]
|-damage|p2b: Kingambit|28/100 brn|[from] brn
|upkeep
|
|t:|1785688191
|switch|p2a: Froslass|Froslass-Mega, L50, F|80/100
|turn|4
|
|t:|1785688196
|move|p1a: Garchomp|Protect|p1a: Garchomp
|-singleturn|p1a: Garchomp|Protect
|move|p2b: Kingambit|Sucker Punch|p1b: Floette
|-resisted|p1b: Floette|1
|-damage|p1b: Floette|40/100
|move|p2a: Froslass|Blizzard|p1a: Garchomp|[spread] p1b
|-activate|p1a: Garchomp|move: Protect
|-crit|p1b: Floette
|-damage|p1b: Floette|0 fnt
|faint|p1b: Floette
|
|-weather|Snowscape|[upkeep]
|-damage|p2b: Kingambit|22/100 brn|[from] brn
|upkeep
|
|t:|1785688201
|switch|p1b: Rotom|Rotom-Wash, L50|53/100
|turn|5
|
|t:|1785688213
|move|p2b: Kingambit|Sucker Punch|p1b: Rotom
|-damage|p1b: Rotom|35/100
|move|p2a: Froslass|Blizzard|p1b: Rotom|[spread] p1a,p1b
|-supereffective|p1a: Garchomp|2
|-resisted|p1b: Rotom|1
|-damage|p1a: Garchomp|0 fnt
|-damage|p1b: Rotom|11/100
|faint|p1a: Garchomp
|move|p1b: Rotom|Electroweb|p2b: Kingambit|[spread] p2a,p2b
|-damage|p2a: Froslass|60/100
|-damage|p2b: Kingambit|5/100 brn
|-unboost|p2a: Froslass|spe|1
|-unboost|p2b: Kingambit|spe|1
|-ability|p2b: Kingambit|Defiant|boost
|-boost|p2b: Kingambit|atk|2
|
|-weather|none
|-heal|p1b: Rotom|17/100|[from] item: Leftovers
|-damage|p2b: Kingambit|0 fnt|[from] brn
|faint|p2b: Kingambit
|upkeep
|turn|6
|
|t:|1785688233
|move|p1b: Rotom|Protect|p1b: Rotom
|-singleturn|p1b: Rotom|Protect
|move|p2a: Froslass|Shadow Ball|p1b: Rotom
|-activate|p1b: Rotom|move: Protect
|
|-heal|p1b: Rotom|23/100|[from] item: Leftovers
|upkeep
|turn|7
|
|t:|1785688236
|move|p2a: Froslass|Shadow Ball|p1b: Rotom
|-damage|p1b: Rotom|0 fnt
|faint|p1b: Rotom
|
|win|Miriajohn
|raw|breloomb01's rating: 1252 → 1224(-28 for losing)
|raw|Miriajohn's rating: 1205 → 1233(+28 for winning)
|l|☆Miriajohn
|player|p2|
