|j|☆shungung my wife
|j|☆138mysx
|html|shungung my wife138mysx    
|uhtml|bestof|Game 1 of a best-of-3
|t:|1786135361
|gametype|doubles
|player|p1|shungung my wife|2|
|player|p2|138mysx|266|
|gen|9
|tier|[Gen 9 Champions] VGC 2026 Reg M-B (Bo3)
|rule|Species Clause: Limit one of each Pokémon
|rule|Item Clause: Limit 1 of each item
|clearpoke
|poke|p1|Sneasler, L50, M|
|poke|p1|Ninetales, L50, M|
|poke|p1|Chandelure, L50, M|
|poke|p1|Whimsicott, L50, M|
|poke|p1|Basculegion, L50, M|
|poke|p1|Chimecho, L50, M|
|poke|p2|Scovillain, L50, F|
|poke|p2|Umbreon, L50, M|
|poke|p2|Gengar, L50, M|
|poke|p2|Blastoise, L50, M|
|poke|p2|Oranguru, L50, M|
|poke|p2|Kommo-o, L50, F|
|teampreview|4
|showteam|p1|Sneasler||WhiteHerb|Unburden|CloseCombat,DireClaw,Protect,FakeOut|Adamant||M|||50|]Ninetales||Charcoal|Drought|WeatherBall,Protect,SolarBeam,HelpingHand|Timid||M|||50|]Chandelure||Chandelurite|FlashFire|CalmMind,Protect,HeatWave,ShadowBall|Quiet||M|||50|]Whimsicott||FocusSash|Prankster|Moonblast,Protect,Encore,Tailwind|Bold||M|||50|]Basculegion||ChoiceScarf|Adaptability|WaveCrash,LastRespects,AquaJet,FlipTurn|Jolly||M|||50|]Chimecho||Chimechite|Levitate|Imprison,TrickRoom,Protect,Psychic|Sassy||M|||50|
|showteam|p2|Scovillain||ChoiceScarf|Chlorophyll|ZenHeadbutt,LeafStorm,Flamethrower,RagePowder|Modest||F|||50|]Umbreon||SitrusBerry|InnerFocus|BabyDollEyes,Snarl,HelpingHand,FoulPlay|Calm||M|||50|]Gengar||Gengarite|CursedBody|ShadowBall,SludgeBomb,Psychic,Protect|Timid||M|||50|]Blastoise||Blastoisinite|RainDish|FakeOut,WaterSpout,MuddyWater,DarkPulse|Quiet||M|||50|]Oranguru||MentalHerb|InnerFocus|RainDance,TrickRoom,Instruct,Thunder|Relaxed||M|||50|]Kommo-o||LifeOrb|Bulletproof|Earthquake,StompingTantrum,PoisonJab,Protect|Brave||F|||50|
|j| ObiWon Kobe
|c|☆138mysx|Glhf
|j| ssooner
|c|☆138mysx|Waità
|c|☆138mysx|Perché open team sheets
|c|☆138mysx|Aspe ridai
|c|☆shungung my wife|boh
|c|☆shungung my wife|ma min sa che deve essere open
|c|☆138mysx|O senno facciamo senza guardare
|c|☆shungung my wife|me lo aveva detto falco
|c|☆138mysx|Ah sì,
|c|☆138mysx|?
|c|☆shungung my wife|mi sa
|c|☆138mysx|Io l'ho fatto sempre closed
|c|☆shungung my wife|a me aveva fatto mettere open
|c|☆138mysx|Eri contro falco?
|c|☆138mysx|Va bene allora
|c|☆shungung my wife|si
|c|☆shungung my wife|aspe dammi un minuto
|c|☆shungung my wife|devo fa una roba veloce
|c|☆138mysx|Si
|j| n8_dawgg
|c|☆shungung my wife|eccomi
|c|☆138mysx|Bene
|
|t:|1786135945
|teamsize|p1|4
|teamsize|p2|4
|start
|switch|p1a: Chimecho|Chimecho, L50, M|100/100
|switch|p1b: Sneasler|Sneasler, L50, M|100/100
|switch|p2a: Scovillain|Scovillain, L50, F|100/100
|switch|p2b: Oranguru|Oranguru, L50, M|100/100
|turn|1
|
|t:|1786136000
|move|p1b: Sneasler|Fake Out|p2a: Scovillain
|-damage|p2a: Scovillain|75/100
|cant|p2a: Scovillain|flinch
|move|p1a: Chimecho|Imprison|p1a: Chimecho
|-start|p1a: Chimecho|move: Imprison
|move|p2b: Oranguru|Rain Dance|p2b: Oranguru
|-weather|RainDance
|
|-weather|RainDance|[upkeep]
|upkeep
|turn|2
|
|t:|1786136021
|switch|p1a: Ninetales|Ninetales, L50, M|100/100
|-weather|SunnyDay|[from] ability: Drought|[of] p1a: Ninetales
|move|p2a: Scovillain|Zen Headbutt|p1b: Sneasler|[miss]
|-miss|p2a: Scovillain|p1b: Sneasler
|move|p1b: Sneasler|Dire Claw|p2a: Scovillain
|-supereffective|p2a: Scovillain|1
|-damage|p2a: Scovillain|0 fnt
|faint|p2a: Scovillain
|move|p2b: Oranguru|Thunder|p1a: Ninetales
|-damage|p1a: Ninetales|76/100
|
|-weather|SunnyDay|[upkeep]
|upkeep
|
|t:|1786136038
|switch|p2a: Blastoise|Blastoise, L50, M|100/100
|turn|3
|
|t:|1786136056
|move|p2a: Blastoise|Fake Out|p1b: Sneasler
|-damage|p1b: Sneasler|86/100
|cant|p1b: Sneasler|flinch
|move|p1a: Ninetales|Solar Beam||[still]
|-prepare|p1a: Ninetales|Solar Beam
|-anim|p1a: Ninetales|Solar Beam|p2a: Blastoise
|-supereffective|p2a: Blastoise|1
|-damage|p2a: Blastoise|59/100
|move|p2b: Oranguru|Trick Room|p2b: Oranguru
|-fieldstart|move: Trick Room|[of] p2b: Oranguru
|
|-weather|SunnyDay|[upkeep]
|upkeep
|turn|4
|
|t:|1786136083
|switch|p1b: Chandelure|Chandelure, L50, M|100/100
|move|p1a: Ninetales|Protect|p1a: Ninetales
|-singleturn|p1a: Ninetales|Protect
|move|p2b: Oranguru|Rain Dance|p2b: Oranguru
|-weather|RainDance
|move|p2a: Blastoise|Water Spout|p1b: Chandelure|[spread] p1b
|-activate|p1a: Ninetales|move: Protect
|-supereffective|p1b: Chandelure|1
|-damage|p1b: Chandelure|17/100
|
|-weather|RainDance|[upkeep]
|-heal|p2a: Blastoise|65/100|[from] ability: Rain Dish
|upkeep
|turn|5
|
|t:|1786136105
|switch|p1a: Chimecho|Chimecho, L50, M|100/100
|move|p1b: Chandelure|Protect|p1b: Chandelure
|-singleturn|p1b: Chandelure|Protect
|move|p2b: Oranguru|Instruct|p2a: Blastoise
|-singleturn|p2a: Blastoise|move: Instruct|[of] p2b: Oranguru
|move|p2a: Blastoise|Water Spout|p1b: Chandelure|[spread] p1a
|-activate|p1b: Chandelure|move: Protect
|-damage|p1a: Chimecho|61/100
|move|p2a: Blastoise|Water Spout|p1b: Chandelure|[spread] p1a
|-activate|p1b: Chandelure|move: Protect
|-damage|p1a: Chimecho|28/100
|
|-weather|RainDance|[upkeep]
|-heal|p2a: Blastoise|70/100|[from] ability: Rain Dish
|upkeep
|turn|6
|
|t:|1786136161
|move|p2b: Oranguru|Rain Dance||[still]
|-fail|p2b: Oranguru
|move|p1a: Chimecho|Psychic|p2b: Oranguru
|-resisted|p2b: Oranguru|1
|-damage|p2b: Oranguru|87/100
|move|p2a: Blastoise|Water Spout|p1a: Chimecho|[spread] p1a,p1b
|-supereffective|p1b: Chandelure|1
|-damage|p1a: Chimecho|0 fnt
|-damage|p1b: Chandelure|0 fnt
|faint|p1a: Chimecho
|faint|p1b: Chandelure
|
|-weather|RainDance|[upkeep]
|-heal|p2a: Blastoise|76/100|[from] ability: Rain Dish
|upkeep
|
|t:|1786136173
|switch|p1a: Ninetales|Ninetales, L50, M|76/100
|switch|p1b: Sneasler|Sneasler, L50, M|86/100
|-weather|SunnyDay|[from] ability: Drought|[of] p1a: Ninetales
|turn|7
|
|t:|1786136194
|move|p1b: Sneasler|Fake Out|p2a: Blastoise
|-damage|p2a: Blastoise|61/100
|move|p2b: Oranguru|Rain Dance|p2b: Oranguru
|-weather|RainDance
|cant|p2a: Blastoise|flinch
|move|p1a: Ninetales|Weather Ball|p2b: Oranguru
|-damage|p2b: Oranguru|64/100
|
|-weather|RainDance|[upkeep]
|-heal|p2a: Blastoise|67/100|[from] ability: Rain Dish
|-fieldend|move: Trick Room
|upkeep
|turn|8
|
|t:|1786136211
|detailschange|p2a: Blastoise|Blastoise-Mega, L50, M
|-mega|p2a: Blastoise|Blastoise|Blastoisinite
|move|p1a: Ninetales|Helping Hand|p1b: Sneasler
|-singleturn|p1b: Sneasler|Helping Hand|[of] p1a: Ninetales
|move|p1b: Sneasler|Close Combat|p2b: Oranguru
|-damage|p2b: Oranguru|0 fnt
|-unboost|p1b: Sneasler|def|1
|-unboost|p1b: Sneasler|spd|1
|faint|p2b: Oranguru
|-enditem|p1b: Sneasler|White Herb
|-clearnegativeboost|p1b: Sneasler|[silent]
|move|p2a: Blastoise|Muddy Water|p1b: Sneasler|[spread] 
|-miss|p2a: Blastoise|p1a: Ninetales
|-miss|p2a: Blastoise|p1b: Sneasler
|
|-weather|RainDance|[upkeep]
|upkeep
|c|☆138mysx|Vabbé
|
|t:|1786136229
|switch|p2b: Fearless|Kommo-o, L50, F|100/100
|turn|9
|c|☆shungung my wife|giuro mai sculato così tanto
|c|☆138mysx|Eh pesano molto questi miss
|
|t:|1786136293
|move|p1a: Ninetales|Helping Hand|p1b: Sneasler
|-singleturn|p1b: Sneasler|Helping Hand|[of] p1a: Ninetales
|move|p1b: Sneasler|Dire Claw|p2a: Blastoise
|-damage|p2a: Blastoise|9/100
|move|p2b: Fearless|Stomping Tantrum|p1b: Sneasler
|-supereffective|p1b: Sneasler|1
|-damage|p1b: Sneasler|0 fnt
|faint|p1b: Sneasler
|-damage|p2b: Fearless|90/100|[from] item: Life Orb
|move|p2a: Blastoise|Muddy Water|p1a: Ninetales
|-supereffective|p1a: Ninetales|1
|-damage|p1a: Ninetales|0 fnt
|faint|p1a: Ninetales
|
|win|138mysx
