|j|☆kyo_is_de4d
|j|☆FotiniP
|html|kyo_is_de4dFotiniP    
|uhtml|bestof|Game 2 of a best-of-3
|t:|1784214815
|gametype|doubles
|player|p1|kyo_is_de4d|265|1080
|player|p2|FotiniP|170|1163
|gen|9
|tier|[Gen 9 Champions] VGC 2026 Reg M-B (Bo3)
|rated|
|rule|Species Clause: Limit one of each Pokémon
|rule|Item Clause: Limit 1 of each item
|clearpoke
|poke|p1|Floette-Eternal, L50, F|
|poke|p1|Charizard, L50, M, shiny|
|poke|p1|Kingambit, L50, F, shiny|
|poke|p1|Whimsicott, L50, M, shiny|
|poke|p1|Basculegion, L50, M, shiny|
|poke|p1|Garchomp, L50, F, shiny|
|poke|p2|Farigiraf, L50, M|
|poke|p2|Charizard, L50, M|
|poke|p2|Incineroar, L50, M|
|poke|p2|Venusaur, L50, F, shiny|
|poke|p2|Garchomp, L50, M|
|poke|p2|Basculegion, L50, M, shiny|
|teampreview|4
|showteam|p1|Floette-Eternal||Floettite|FlowerVeil|Protect,LightofRuin,Moonblast,DazzlingGleam|Modest||F|||50|]Charizard||CharizarditeY|Blaze|SolarBeam,HeatWave,WeatherBall,Protect|Modest||M|||50|]Kingambit||ChopleBerry|Defiant|IronHead,LowKick,KowtowCleave,SuckerPunch|Adamant||F|||50|]Whimsicott||FocusSash|Prankster|Moonblast,Tailwind,Encore,Protect|Timid||M|||50|]Basculegion||MysticWater|Adaptability|WaveCrash,Protect,LastRespects,AquaJet|Adamant||M|||50|]Garchomp||LifeOrb|RoughSkin|Earthquake,RockSlide,Protect,DragonClaw|Jolly||F|||50|
|showteam|p2|Farigiraf||ColburBerry|ArmorTail|Psychic,Thunderbolt,Protect,TrickRoom|Modest||M|||50|]Charizard||CharizarditeY|Blaze|HeatWave,WeatherBall,SolarBeam,Protect|Modest||M|||50|]Incineroar||SitrusBerry|Intimidate|FlareBlitz,HelpingHand,PartingShot,FakeOut|Careful||M|||50|]Venusaur||FocusSash|Chlorophyll|LeafStorm,SludgeBomb,SleepPowder,Protect|Modest||F|||50|]Garchomp||LifeOrb|RoughSkin|RockSlide,DragonClaw,Earthquake,Protect|Adamant||M|||50|]Basculegion||ChoiceScarf|Adaptability|AquaJet,LastRespects,WaveCrash,FlipTurn|Jolly||M|||50|
|inactive|Battle timer is ON: inactive players will automatically lose when time's up. (requested by FotiniP)
|
|t:|1784214837
|teamsize|p1|4
|teamsize|p2|4
|start
|switch|p1a: Kingambit|Kingambit, L50, F, shiny|100/100
|switch|p1b: Whimsicott|Whimsicott, L50, M, shiny|100/100
|switch|p2a: Charizard|Charizard, L50, M|100/100
|switch|p2b: Venusaur|Venusaur, L50, F, shiny|100/100
|turn|1
|
|t:|1784214859
|detailschange|p2a: Charizard|Charizard-Mega-Y, L50, M
|-mega|p2a: Charizard|Charizard|Charizardite Y
|-weather|SunnyDay|[from] ability: Drought|[of] p2a: Charizard
|move|p1b: Whimsicott|Tailwind|p1b: Whimsicott
|-sidestart|p1: kyo_is_de4d|move: Tailwind
|move|p2b: Venusaur|Sludge Bomb|p1b: Whimsicott
|-supereffective|p1b: Whimsicott|2
|-enditem|p1b: Whimsicott|Focus Sash
|-damage|p1b: Whimsicott|1/100
|move|p1a: Kingambit|Kowtow Cleave|p2b: Venusaur
|-damage|p2b: Venusaur|38/100
|move|p2a: Charizard|Heat Wave|p1a: Kingambit|[spread] p1a,p1b
|-supereffective|p1a: Kingambit|1
|-supereffective|p1b: Whimsicott|1
|-damage|p1a: Kingambit|0 fnt
|-damage|p1b: Whimsicott|0 fnt
|faint|p1a: Kingambit
|faint|p1b: Whimsicott
|
|-weather|SunnyDay|[upkeep]
|upkeep
|
|t:|1784214871
|switch|p1b: Charizard|Charizard, L50, M, shiny|100/100
|switch|p1a: Basculegion|Basculegion, L50, M, shiny|100/100
|turn|2
|
|t:|1784214889
|detailschange|p1b: Charizard|Charizard-Mega-Y, L50, M, shiny
|-mega|p1b: Charizard|Charizard|Charizardite Y
|move|p2a: Charizard|Protect|p2a: Charizard
|-singleturn|p2a: Charizard|Protect
|move|p1b: Charizard|Heat Wave|p2a: Charizard|[spread] p2b
|-activate|p2a: Charizard|move: Protect
|-supereffective|p2b: Venusaur|1
|-damage|p2b: Venusaur|0 fnt
|faint|p2b: Venusaur
|move|p1a: Basculegion|Last Respects|p2a: Charizard
|-activate|p2a: Charizard|move: Protect
|
|-weather|SunnyDay|[upkeep]
|upkeep
|
|t:|1784214902
|switch|p2b: Garchomp|Garchomp, L50, M|100/100
|turn|3
|inactive|kyo_is_de4d has 30 seconds left.
|inactive|kyo_is_de4d has 20 seconds left.
|
|t:|1784214938
|move|p1b: Charizard|Protect|p1b: Charizard
|-singleturn|p1b: Charizard|Protect
|move|p1a: Basculegion|Last Respects|p2b: Garchomp
|-damage|p2b: Garchomp|7/100
|move|p2b: Garchomp|Rock Slide|p1b: Charizard|[spread] p1a
|-activate|p1b: Charizard|move: Protect
|-damage|p1a: Basculegion|73/100
|-damage|p2b: Garchomp|0 fnt|[from] item: Life Orb
|faint|p2b: Garchomp
|move|p2a: Charizard|Solar Beam||[still]
|-prepare|p2a: Charizard|Solar Beam
|-anim|p2a: Charizard|Solar Beam|p1a: Basculegion
|-supereffective|p1a: Basculegion|1
|-damage|p1a: Basculegion|0 fnt
|faint|p1a: Basculegion
|
|-weather|SunnyDay|[upkeep]
|upkeep
|
|t:|1784214952
|switch|p2b: Basculegion|Basculegion, L50, M, shiny|100/100
|turn|4
|
|t:|1784214969
|move|p1b: Charizard|Solar Beam||[still]
|-prepare|p1b: Charizard|Solar Beam
|-anim|p1b: Charizard|Solar Beam|p2b: Basculegion
|-supereffective|p2b: Basculegion|1
|-damage|p2b: Basculegion|0 fnt
|faint|p2b: Basculegion
|move|p2a: Charizard|Weather Ball|p1b: Charizard
|-resisted|p1b: Charizard|1
|-damage|p1b: Charizard|51/100
|
|-weather|SunnyDay|[upkeep]
|-sideend|p1: kyo_is_de4d|move: Tailwind
|upkeep
|turn|5
|
|t:|1784214992
|move|p1b: Charizard|Weather Ball|p2a: Charizard
|-resisted|p2a: Charizard|1
|-damage|p2a: Charizard|52/100
|move|p2a: Charizard|Weather Ball|p1b: Charizard
|-resisted|p1b: Charizard|1
|-damage|p1b: Charizard|7/100
|
|-weather|none
|upkeep
|turn|6
|
|t:|1784215000
|move|p1b: Charizard|Weather Ball|p2a: Charizard
|-damage|p2a: Charizard|31/100
|move|p2a: Charizard|Weather Ball|p1b: Charizard
|-damage|p1b: Charizard|0 fnt
|faint|p1b: Charizard
|
|win|FotiniP
|raw|kyo_is_de4d's rating: 1080 → 1063(-17 for losing)
|raw|FotiniP's rating: 1163 → 1182(+19 for winning)
