|j|☆extreme90
|j|☆SiniVGC
|html|extreme90SiniVGC    
|uhtml|bestof|Game 1 of a best-of-3
|t:|1783553509
|gametype|doubles
|player|p1|extreme90|firebreather|1093
|player|p2|SiniVGC|riley|1116
|gen|9
|tier|[Gen 9 Champions] VGC 2026 Reg M-B (Bo3)
|rated|
|rule|Species Clause: Limit one of each Pokémon
|rule|Item Clause: Limit 1 of each item
|clearpoke
|poke|p1|Swampert, L50, M|
|poke|p1|Archaludon, L50, F|
|poke|p1|Pelipper, L50, F|
|poke|p1|Sinistcha-Masterpiece, L50|
|poke|p1|Sableye, L50, F|
|poke|p1|Metagross, L50|
|poke|p2|Meganium, L50, F|
|poke|p2|Tyranitar, L50, F|
|poke|p2|Excadrill, L50, F|
|poke|p2|Houndstone, L50, M|
|poke|p2|Rotom-Wash, L50|
|poke|p2|Hydreigon, L50, M|
|teampreview|4
|showteam|p1|Swampert||Swampertite|Torrent|WaveCrash,IcePunch,HighHorsepower,Protect|Adamant||M|||50|]Archaludon||Leftovers|Stamina|ElectroShot,AuraSphere,FlashCannon,Protect|Modest||F|||50|]Pelipper||FocusSash|Drizzle|Hurricane,WeatherBall,Tailwind,Protect|Modest||F|||50|]Sinistcha-Masterpiece||ColburBerry|Hospitality|MatchaGotcha,ShadowBall,RagePowder,Protect|Timid|||||50|]Sableye||RoseliBerry|Prankster|WillOWisp,RainDance,Quash,LightScreen|Bold||F|||50|]Metagross||Metagrossite|ClearBody|BodyPress,IronHead,PsychicFangs,Protect|Jolly|||||50|
|showteam|p2|Meganium||Meganiumite|LeafGuard|SolarBeam,WeatherBall,EarthPower,Protect|Serious||F|||50|]Tyranitar||Tyranitarite|SandStream|RockSlide,KnockOff,DragonDance,Protect|Adamant||F|||50|]Excadrill||FocusSash|SandRush|Earthquake,RockSlide,IronHead,Protect|Adamant||F|||50|]Houndstone||SitrusBerry|SandRush|LastRespects,WillOWisp,Roar,Protect|Adamant||M|||50|]Rotom-Wash||Leftovers|Levitate|Thunderbolt,VoltSwitch,HydroPump,Protect|Bold|||||50|]Hydreigon||LifeOrb|Levitate|DracoMeteor,DarkPulse,Tailwind,Protect|Timid||M|||50|
|inactive|Battle timer is ON: inactive players will automatically lose when time's up. (requested by SiniVGC)
|inactive|extreme90 has 60 seconds left.
|
|t:|1783553614
|teamsize|p1|4
|teamsize|p2|4
|start
|switch|p1a: Metagross|Metagross, L50|100/100
|switch|p1b: Sableye|Sableye, L50, F|100/100
|switch|p2a: Meganium|Meganium, L50, F|100/100
|switch|p2b: Hydreigon|Hydreigon, L50, M|100/100
|turn|1
|inactive|extreme90 has 30 seconds left.
|inactive|extreme90 has 20 seconds left.
|inactive|extreme90 has 15 seconds left.
|inactive|extreme90 has 10 seconds left.
|
|t:|1783553661
|detailschange|p1a: Metagross|Metagross-Mega, L50
|-mega|p1a: Metagross|Metagross|Metagrossite
|detailschange|p2a: Meganium|Meganium-Mega, L50, F
|-mega|p2a: Meganium|Meganium|Meganiumite
|move|p2a: Meganium|Protect|p2a: Meganium
|-singleturn|p2a: Meganium|Protect
|move|p1b: Sableye|Light Screen|p1b: Sableye
|-sidestart|p1: extreme90|move: Light Screen
|move|p1a: Metagross|Body Press|p2b: Hydreigon
|-supereffective|p2b: Hydreigon|1
|-damage|p2b: Hydreigon|18/100
|move|p2b: Hydreigon|Tailwind|p2b: Hydreigon
|-sidestart|p2: SiniVGC|move: Tailwind
|
|upkeep
|turn|2
|inactive|extreme90 has 30 seconds left.
|
|t:|1783553692
|switch|p2a: Houndstone|Houndstone, L50, M|100/100
|move|p1b: Sableye|Quash||[still]
|-fail|p1b: Sableye
|move|p2b: Hydreigon|Dark Pulse|p1a: Metagross
|-supereffective|p1a: Metagross|1
|-damage|p1a: Metagross|19/100
|-damage|p2b: Hydreigon|8/100|[from] item: Life Orb
|cant|p1a: Metagross|flinch
|
|upkeep
|turn|3
|
|t:|1783553714
|switch|p1a: Archaludon|Archaludon, L50, F|100/100
|move|p1b: Sableye|Will-O-Wisp|p2a: Houndstone
|-status|p2a: Houndstone|brn
|move|p2b: Hydreigon|Dark Pulse|p1a: Archaludon
|-damage|p1a: Archaludon|63/100
|-ability|p1a: Archaludon|Stamina|boost
|-boost|p1a: Archaludon|def|1
|-damage|p2b: Hydreigon|0 fnt|[from] item: Life Orb
|faint|p2b: Hydreigon
|move|p2a: Houndstone|Last Respects|p1b: Sableye
|-damage|p1b: Sableye|73/100
|
|-heal|p1a: Archaludon|69/100|[from] item: Leftovers
|-damage|p2a: Houndstone|94/100 brn|[from] brn
|upkeep
|
|t:|1783553736
|switch|p2b: Meganium|Meganium-Mega, L50, F|100/100
|turn|4
|
|t:|1783553758
|move|p1a: Archaludon|Protect|p1a: Archaludon
|-singleturn|p1a: Archaludon|Protect
|move|p1b: Sableye|Rain Dance|p1b: Sableye
|-weather|RainDance
|move|p2b: Meganium|Earth Power|p1a: Archaludon
|-activate|p1a: Archaludon|move: Protect
|move|p2a: Houndstone|Last Respects|p1b: Sableye
|-damage|p1b: Sableye|47/100
|
|-weather|RainDance|[upkeep]
|-heal|p1a: Archaludon|76/100|[from] item: Leftovers
|-damage|p2a: Houndstone|88/100 brn|[from] brn
|-sideend|p2: SiniVGC|move: Tailwind
|upkeep
|turn|5
|inactive|extreme90 has 30 seconds left.
|inactive|extreme90 has 20 seconds left.
|inactive|extreme90 has 15 seconds left.
|inactive|extreme90 has 10 seconds left.
|
|t:|1783553807
|switch|p1b: Pelipper|Pelipper, L50, F|100/100
|move|p2b: Meganium|Earth Power|p1a: Archaludon
|-supereffective|p1a: Archaludon|1
|-damage|p1a: Archaludon|26/100
|-ability|p1a: Archaludon|Stamina|boost
|-boost|p1a: Archaludon|def|1
|move|p1a: Archaludon|Electro Shot||[still]
|-prepare|p1a: Archaludon|Electro Shot
|-boost|p1a: Archaludon|spa|1
|-anim|p1a: Archaludon|Electro Shot|p2a: Houndstone
|-damage|p2a: Houndstone|20/100y brn
|-enditem|p2a: Houndstone|Sitrus Berry|[eat]
|-heal|p2a: Houndstone|45/100 brn|[from] item: Sitrus Berry
|move|p2a: Houndstone|Last Respects|p1b: Pelipper
|-damage|p1b: Pelipper|71/100
|
|-weather|RainDance|[upkeep]
|-heal|p1a: Archaludon|32/100|[from] item: Leftovers
|-damage|p2a: Houndstone|39/100 brn|[from] brn
|-sideend|p1: extreme90|move: Light Screen
|upkeep
|turn|6
|inactive|extreme90 has 30 seconds left.
|inactive|SiniVGC has 30 seconds left.
|
|t:|1783553840
|switch|p2a: Tyranitar|Tyranitar, L50, F|100/100
|-weather|Sandstorm|[from] ability: Sand Stream|[of] p2a: Tyranitar
|move|p1a: Archaludon|Protect|p1a: Archaludon
|-singleturn|p1a: Archaludon|Protect
|move|p2b: Meganium|Solar Beam||[still]
|-prepare|p2b: Meganium|Solar Beam
|-activate|p2b: Meganium|ability: Mega Sol
|-anim|p2b: Meganium|Solar Beam|p1b: Pelipper
|-damage|p1b: Pelipper|0 fnt
|faint|p1b: Pelipper
|
|-weather|Sandstorm|[upkeep]
|-damage|p2b: Meganium|94/100|[from] Sandstorm
|-heal|p1a: Archaludon|38/100|[from] item: Leftovers
|upkeep
|
|t:|1783553859
|switch|p1b: Sableye|Sableye, L50, F|47/100
|turn|7
|
|t:|1783553872
|move|p1b: Sableye|Quash|p2b: Meganium
|-activate|p2b: Meganium|move: Quash
|move|p1a: Archaludon|Aura Sphere|p2a: Tyranitar
|-supereffective|p2a: Tyranitar|2
|-damage|p2a: Tyranitar|10/100
|move|p2a: Tyranitar|Knock Off|p1a: Archaludon
|-damage|p1a: Archaludon|21/100
|-ability|p1a: Archaludon|Stamina|boost
|-boost|p1a: Archaludon|def|1
|-enditem|p1a: Archaludon|Leftovers|[from] move: Knock Off|[of] p2a: Tyranitar
|move|p2b: Meganium|Earth Power|p1a: Archaludon
|-supereffective|p1a: Archaludon|1
|-damage|p1a: Archaludon|0 fnt
|faint|p1a: Archaludon
|
|-weather|Sandstorm|[upkeep]
|-damage|p2b: Meganium|88/100|[from] Sandstorm
|-damage|p1b: Sableye|41/100|[from] Sandstorm
|upkeep
|
|t:|1783553894
|switch|p1a: Metagross|Metagross-Mega, L50|19/100
|turn|8
|
|t:|1783553908
|move|p1a: Metagross|Protect|p1a: Metagross
|-singleturn|p1a: Metagross|Protect
|move|p1b: Sableye|Light Screen|p1b: Sableye
|-sidestart|p1: extreme90|move: Light Screen
|move|p2b: Meganium|Earth Power|p1a: Metagross
|-activate|p1a: Metagross|move: Protect
|move|p2a: Tyranitar|Knock Off|p1a: Metagross
|-activate|p1a: Metagross|move: Protect
|
|-weather|Sandstorm|[upkeep]
|-damage|p2b: Meganium|82/100|[from] Sandstorm
|-damage|p1b: Sableye|35/100|[from] Sandstorm
|upkeep
|turn|9
|inactive|extreme90 has 30 seconds left.
|inactive|extreme90 has 20 seconds left.
|
|t:|1783553945
|move|p1b: Sableye|Rain Dance|p1b: Sableye
|-weather|RainDance
|move|p1a: Metagross|Iron Head|p2b: Meganium
|-supereffective|p2b: Meganium|1
|-damage|p2b: Meganium|0 fnt
|faint|p2b: Meganium
|move|p2a: Tyranitar|Knock Off|p1a: Metagross
|-supereffective|p1a: Metagross|1
|-damage|p1a: Metagross|0 fnt
|faint|p1a: Metagross
|
|-weather|RainDance|[upkeep]
|upkeep
|
|t:|1783553950
|switch|p2b: Houndstone|Houndstone, L50, M|39/100 brn
|turn|10
|inactive|extreme90 has 30 seconds left.
|inactive|extreme90 has 20 seconds left.
|inactive|extreme90 has 15 seconds left.
|inactive|extreme90 has 10 seconds left.
|
|t:|1783553998
|move|p1b: Sableye|Quash|p2a: Tyranitar
|-hint|Since gen 7, Dark is immune to Prankster moves.
|-immune|p2a: Tyranitar
|move|p2b: Houndstone|Last Respects|p1b: Sableye
|-damage|p1b: Sableye|0 fnt
|faint|p1b: Sableye
|
|win|SiniVGC
||extreme90 is ready for game 2.
||SiniVGC is ready for game 2.
|uhtml|next|Next: Game 2 of 3
|l|☆extreme90
|player|p1|
