|j|☆plaidhaxx
|j|☆KingNoahC17
|html|plaidhaxxKingNoahC17    
|uhtml|bestof|Game 3 of a best-of-3
|t:|1785956698
|gametype|doubles
|player|p1|plaidhaxx|grimsley|
|player|p2|KingNoahC17|alec-anime|
|gen|9
|tier|[Gen 9 Champions] VGC 2026 Reg M-B (Bo3)
|rule|Species Clause: Limit one of each Pokémon
|rule|Item Clause: Limit 1 of each item
|clearpoke
|poke|p1|Kommo-o, L50, F|
|poke|p1|Excadrill, L50, F|
|poke|p1|Tyranitar, L50, M|
|poke|p1|Grimmsnarl, L50, M|
|poke|p1|Scovillain, L50, M|
|poke|p1|Basculegion, L50, M|
|poke|p2|Garchomp, L50, F|
|poke|p2|Floette-Eternal, L50, F|
|poke|p2|Grimmsnarl, L50, M|
|poke|p2|Incineroar, L50, M|
|poke|p2|Metagross, L50|
|poke|p2|Hydreigon, L50, F|
|teampreview|4
|showteam|p1|Kommo-o||Leftovers|Overcoat|ClangingScales,ClangorousSoul,AuraSphere,Protect|Modest||F|||50|]Excadrill||LifeOrb|SandRush|HighHorsepower,RockSlide,IronHead,Protect|Adamant||F|||50|]Tyranitar||Tyranitarite|SandStream|DragonDance,RockSlide,KnockOff,Protect|Jolly||M|||50|]Grimmsnarl||LightClay|Prankster|SpiritBreak,LightScreen,Reflect,FakeOut|Impish||M|||50|]Scovillain||Scovillainite|Moody|Protect,RagePowder,Overheat,EnergyBall|Bold||M|||50|]Basculegion||ChoiceScarf|Adaptability|WaveCrash,LastRespects,AquaJet,FlipTurn|Adamant||M|||50|
|showteam|p2|Garchomp||SitrusBerry|RoughSkin|Earthquake,DragonClaw,RockSlide,Protect|Adamant||F|||50|]Floette-Eternal||Floettite|FlowerVeil|DrainingKiss,DazzlingGleam,CalmMind,Protect|Modest||F|||50|]Grimmsnarl||LightClay|Prankster|SpiritBreak,Reflect,LightScreen,PartingShot|Careful||M|||50|]Incineroar||Charcoal|Intimidate|FlareBlitz,ThroatChop,FakeOut,PartingShot|Adamant||M|||50|]Metagross||Metagrossite|ClearBody|Protect,PsychicFangs,IronHead,StompingTantrum|Jolly|||||50|]Hydreigon||ChoiceScarf|Levitate|DarkPulse,DracoMeteor,Snarl,EarthPower|Modest||F|||50|
|
|t:|1785956739
|teamsize|p1|4
|teamsize|p2|4
|start
|switch|p1a: Tyranitar|Tyranitar, L50, M|100/100
|switch|p1b: Grimmsnarl|Grimmsnarl, L50, M|100/100
|switch|p2a: Incineroar|Incineroar, L50, M|100/100
|switch|p2b: Floette|Floette-Eternal, L50, F|100/100
|-weather|Sandstorm|[from] ability: Sand Stream|[of] p1a: Tyranitar
|-ability|p2a: Incineroar|Intimidate|boost
|-unboost|p1a: Tyranitar|atk|1
|-unboost|p1b: Grimmsnarl|atk|1
|turn|1
|
|t:|1785956757
|detailschange|p2b: Floette|Floette-Mega, L50, F
|-mega|p2b: Floette|Floette|Floettite
|-ability|p2b: Floette|Fairy Aura
|move|p2a: Incineroar|Fake Out|p1a: Tyranitar
|-resisted|p1a: Tyranitar|1
|-damage|p1a: Tyranitar|94/100
|move|p1b: Grimmsnarl|Light Screen|p1b: Grimmsnarl
|-sidestart|p1: plaidhaxx|move: Light Screen
|move|p2b: Floette|Calm Mind|p2b: Floette
|-boost|p2b: Floette|spa|1
|-boost|p2b: Floette|spd|1
|cant|p1a: Tyranitar|flinch
|
|-weather|Sandstorm|[upkeep]
|-damage|p2b: Floette|93/100|[from] Sandstorm
|-damage|p2a: Incineroar|94/100|[from] Sandstorm
|-damage|p1b: Grimmsnarl|94/100|[from] Sandstorm
|upkeep
|turn|2
|
|t:|1785956795
|detailschange|p1a: Tyranitar|Tyranitar-Mega, L50, M
|-mega|p1a: Tyranitar|Tyranitar|Tyranitarite
|move|p2b: Floette|Dazzling Gleam|p1a: Tyranitar|[spread] p1a,p1b
|-supereffective|p1a: Tyranitar|1
|-supereffective|p1b: Grimmsnarl|1
|-damage|p1a: Tyranitar|46/100
|-damage|p1b: Grimmsnarl|6/100
|move|p1a: Tyranitar|Rock Slide|p2b: Floette|[spread] p2a,p2b
|-supereffective|p2a: Incineroar|1
|-damage|p2a: Incineroar|51/100
|-damage|p2b: Floette|69/100
|move|p2a: Incineroar|Flare Blitz|p1b: Grimmsnarl
|-damage|p1b: Grimmsnarl|0 fnt
|faint|p1b: Grimmsnarl
|-damage|p2a: Incineroar|49/100|[from] Recoil
|
|-weather|Sandstorm|[upkeep]
|-damage|p2b: Floette|62/100|[from] Sandstorm
|-damage|p2a: Incineroar|43/100|[from] Sandstorm
|upkeep
|
|t:|1785956820
|switch|p1b: Excadrill|Excadrill, L50, F|100/100
|turn|3
|
|t:|1785956838
|move|p2b: Floette|Protect|p2b: Floette
|-singleturn|p2b: Floette|Protect
|move|p1b: Excadrill|Iron Head|p2b: Floette
|-activate|p2b: Floette|move: Protect
|move|p1a: Tyranitar|Rock Slide|p2b: Floette|[spread] p2a
|-activate|p2b: Floette|move: Protect
|-supereffective|p2a: Incineroar|1
|-damage|p2a: Incineroar|1/100
|move|p2a: Incineroar|Flare Blitz|p1b: Excadrill
|-supereffective|p1b: Excadrill|1
|-damage|p1b: Excadrill|0 fnt
|faint|p1b: Excadrill
|-damage|p2a: Incineroar|0 fnt|[from] Recoil
|faint|p2a: Incineroar
|
|-weather|Sandstorm|[upkeep]
|-damage|p2b: Floette|56/100|[from] Sandstorm
|upkeep
|
|t:|1785956851
|switch|p1b: Basculegion|Basculegion, L50, M|100/100
|switch|p2a: Grimmsnarl|Grimmsnarl, L50, M|100/100
|turn|4
|
|t:|1785956860
|switch|p2b: Hydreigon|Hydreigon, L50, F|100/100
|move|p2a: Grimmsnarl|Reflect|p2a: Grimmsnarl
|-sidestart|p2: KingNoahC17|Reflect
|move|p1b: Basculegion|Last Respects|p2b: Hydreigon
|-resisted|p2b: Hydreigon|1
|-damage|p2b: Hydreigon|64/100
|move|p1a: Tyranitar|Dragon Dance|p1a: Tyranitar
|-boost|p1a: Tyranitar|atk|1
|-boost|p1a: Tyranitar|spe|1
|
|-weather|Sandstorm|[upkeep]
|-damage|p2b: Hydreigon|58/100|[from] Sandstorm
|-damage|p1b: Basculegion|93/100|[from] Sandstorm
|-damage|p2a: Grimmsnarl|94/100|[from] Sandstorm
|upkeep
|turn|5
|
|t:|1785956881
|move|p2b: Hydreigon|Dark Pulse|p1b: Basculegion
|-supereffective|p1b: Basculegion|1
|-damage|p1b: Basculegion|32/100
|move|p1a: Tyranitar|Rock Slide|p2b: Hydreigon|[spread] p2a,p2b
|-crit|p2a: Grimmsnarl
|-damage|p2a: Grimmsnarl|41/100
|-damage|p2b: Hydreigon|34/100
|move|p1b: Basculegion|Last Respects|p2b: Hydreigon
|-resisted|p2b: Hydreigon|1
|-damage|p2b: Hydreigon|0 fnt
|faint|p2b: Hydreigon
|move|p2a: Grimmsnarl|Spirit Break|p1a: Tyranitar
|-supereffective|p1a: Tyranitar|1
|-damage|p1a: Tyranitar|1/100
|-unboost|p1a: Tyranitar|spa|1
|
|-weather|none
|upkeep
|
|t:|1785956887
|switch|p2b: Floette|Floette-Mega, L50, F|56/100
|-ability|p2b: Floette|Fairy Aura
|turn|6
|
|t:|1785956948
|move|p1a: Tyranitar|Rock Slide|p2b: Floette|[spread] p2a
|-miss|p1a: Tyranitar|p2b: Floette
|-damage|p2a: Grimmsnarl|18/100
|move|p1b: Basculegion|Last Respects|p2a: Grimmsnarl
|-resisted|p2a: Grimmsnarl|1
|-damage|p2a: Grimmsnarl|0 fnt
|faint|p2a: Grimmsnarl
|move|p2b: Floette|Dazzling Gleam|p1b: Basculegion|[spread] p1a,p1b
|-supereffective|p1a: Tyranitar|1
|-damage|p1a: Tyranitar|0 fnt
|-damage|p1b: Basculegion|0 fnt
|faint|p1a: Tyranitar
|faint|p1b: Basculegion
|
|win|KingNoahC17
