|j|☆jacre22
|j|☆belinvgc
|html|jacre22belinvgc    
|uhtml|bestof|Game 3 of a best-of-3
|t:|1756680985
|gametype|doubles
|player|p1|jacre22|iris-gen5bw2|1413
|player|p2|belinvgc|2|1318
|gen|9
|tier|[Gen 9] VGC 2025 Reg H (Bo3)
|rated|
|rule|Species Clause: Limit one of each Pokémon
|rule|Item Clause: Limit 1 of each item
|clearpoke
|poke|p1|Whimsicott, L50, M|
|poke|p1|Garchomp, L50, F|
|poke|p1|Gholdengo, L50|
|poke|p1|Incineroar, L50, F|
|poke|p1|Sneasler, L50, F|
|poke|p1|Dragonite, L50, M|
|poke|p2|Ursaluna-Bloodmoon, L50, M|
|poke|p2|Sinistcha, L50|
|poke|p2|Rillaboom, L50, M|
|poke|p2|Incineroar, L50, F|
|poke|p2|Sneasler, L50, M|
|poke|p2|Kingambit, L50, F|
|teampreview|4
|showteam|p1|Whimsicott||FocusSash|Prankster|Moonblast,Tailwind,Encore,Protect|||M|||50|,,,,,Ghost]Garchomp||LifeOrb|RoughSkin|Earthquake,DragonClaw,StompingTantrum,Protect|||F|||50|,,,,,Ground]Gholdengo||ChoiceSpecs|GoodasGold|MakeItRain,ShadowBall,Trick,PowerGem||||||50|,,,,,Steel]Incineroar||AssaultVest|Intimidate|FakeOut,FlareBlitz,KnockOff,Uturn|||F|||50|,,,,,Grass]Sneasler||WhiteHerb|Unburden|FakeOut,DireClaw,CloseCombat,Protect|||F|||50|,,,,,Stellar]Dragonite||ChoiceBand|InnerFocus|ExtremeSpeed,Outrage,IceSpinner,StompingTantrum|||M|||50|,,,,,Normal
|showteam|p2|Ursaluna-Bloodmoon||Leftovers|MindsEye|BloodMoon,EarthPower,CalmMind,Protect|||M|||50|,,,,,Water]Sinistcha||SitrusBerry|Hospitality|MatchaGotcha,RagePowder,LifeDew,TrickRoom||||||50|,,,,,Water]Rillaboom||AssaultVest|GrassySurge|GrassyGlide,DrumBeating,Uturn,FakeOut|||M|||50|,,,,,Fire]Incineroar||FigyBerry|Intimidate|FlareBlitz,KnockOff,PartingShot,FakeOut|||F|||50|,,,,,Grass]Sneasler||GrassySeed|Unburden|DireClaw,CloseCombat,Taunt,Protect|||M|||50|,,,,,Stellar]Kingambit||SafetyGoggles|Defiant|KowtowCleave,SuckerPunch,SwordsDance,Protect|||F|||50|,,,,,Dark
|
|t:|1756681027
|teamsize|p1|4
|teamsize|p2|4
|start
|switch|p1a: Sneasler|Sneasler, L50, F|100/100
|switch|p1b: Dragonite|Dragonite, L50, M|100/100
|switch|p2a: Rillaboom|Rillaboom, L50, M, shiny|100/100
|switch|p2b: Ursaluna|Ursaluna-Bloodmoon, L50, M|100/100
|-fieldstart|move: Grassy Terrain|[from] ability: Grassy Surge|[of] p2a: Rillaboom
|turn|1
|
|t:|1756681050
|switch|p2a: Sinistcha|Sinistcha, L50, shiny|100/100
|move|p2b: Ursaluna|Protect|p2b: Ursaluna
|-singleturn|p2b: Ursaluna|Protect
|move|p1a: Sneasler|Fake Out|p2b: Ursaluna
|-activate|p2b: Ursaluna|move: Protect
|move|p1b: Dragonite|Ice Spinner|p2a: Sinistcha
|-supereffective|p2a: Sinistcha
|-damage|p2a: Sinistcha|20/100
|-fieldend|move: Grassy Terrain
|-enditem|p2a: Sinistcha|Sitrus Berry|[eat]
|-heal|p2a: Sinistcha|45/100|[from] item: Sitrus Berry
|
|upkeep
|turn|2
|
|t:|1756681097
|-terastallize|p2b: Ursaluna|Water
|move|p1a: Sneasler|Protect|p1a: Sneasler
|-singleturn|p1a: Sneasler|Protect
|move|p1b: Dragonite|Ice Spinner|p2a: Sinistcha
|-supereffective|p2a: Sinistcha
|-damage|p2a: Sinistcha|0 fnt
|faint|p2a: Sinistcha
|move|p2b: Ursaluna|Earth Power|p1a: Sneasler
|-activate|p1a: Sneasler|move: Protect
|
|upkeep
|
|t:|1756681108
|switch|p2a: Sneasler|Sneasler, L50, M|100/100
|turn|3
|
|t:|1756681156
|move|p1a: Sneasler|Dire Claw|p2a: Sneasler
|-resisted|p2a: Sneasler
|-damage|p2a: Sneasler|67/100
|move|p2a: Sneasler|Dire Claw|p1b: Dragonite
|-damage|p1b: Dragonite|60/100
|move|p1b: Dragonite|Ice Spinner|p2a: Sneasler
|-damage|p2a: Sneasler|0 fnt
|faint|p2a: Sneasler
|move|p2b: Ursaluna|Earth Power|p1a: Sneasler
|-supereffective|p1a: Sneasler
|-damage|p1a: Sneasler|0 fnt
|faint|p1a: Sneasler
|
|upkeep
|
|t:|1756681173
|switch|p1a: Gholdengo|Gholdengo, L50|100/100
|switch|p2a: Rillaboom|Rillaboom, L50, M, shiny|100/100
|-fieldstart|move: Grassy Terrain|[from] ability: Grassy Surge|[of] p2a: Rillaboom
|turn|4
|
|t:|1756681185
|move|p2a: Rillaboom|Drum Beating|p1a: Gholdengo
|-resisted|p1a: Gholdengo
|-damage|p1a: Gholdengo|70/100
|-unboost|p1a: Gholdengo|spe|1
|move|p1b: Dragonite|Ice Spinner|p2a: Rillaboom
|-supereffective|p2a: Rillaboom
|-damage|p2a: Rillaboom|0 fnt
|-fieldend|move: Grassy Terrain
|faint|p2a: Rillaboom
|move|p2b: Ursaluna|Earth Power|p1a: Gholdengo
|-supereffective|p1a: Gholdengo
|-damage|p1a: Gholdengo|0 fnt
|faint|p1a: Gholdengo
|
|upkeep
|
|t:|1756681196
|switch|p1a: Garchomp|Garchomp, L50, F|100/100
|turn|5
|
|t:|1756681224
|-terastallize|p1a: Garchomp|Ground
|move|p1a: Garchomp|Earthquake|p2b: Ursaluna|[spread] p2b
|-immune|p1b: Dragonite
|-damage|p2b: Ursaluna|50/100
|-damage|p1a: Garchomp|91/100|[from] item: Life Orb
|move|p1b: Dragonite|Ice Spinner|p2b: Ursaluna
|-resisted|p2b: Ursaluna
|-damage|p2b: Ursaluna|32/100
|move|p2b: Ursaluna|Blood Moon|p1a: Garchomp
|-damage|p1a: Garchomp|13/100
|
|-heal|p2b: Ursaluna|38/100|[from] item: Leftovers
|upkeep
|turn|6
|
|t:|1756681243
|move|p2b: Ursaluna|Protect|p2b: Ursaluna
|-singleturn|p2b: Ursaluna|Protect
|move|p1a: Garchomp|Stomping Tantrum|p2b: Ursaluna
|-activate|p2b: Ursaluna|move: Protect
|move|p1b: Dragonite|Ice Spinner|p2b: Ursaluna
|-activate|p2b: Ursaluna|move: Protect
|
|-heal|p2b: Ursaluna|45/100|[from] item: Leftovers
|upkeep
|turn|7
|
|t:|1756681257
|move|p2b: Ursaluna|Protect|p2b: Ursaluna
|-singleturn|p2b: Ursaluna|Protect
|move|p1a: Garchomp|Earthquake|p2b: Ursaluna|[spread] 
|-activate|p2b: Ursaluna|move: Protect
|-immune|p1b: Dragonite
|move|p1b: Dragonite|Ice Spinner|p2b: Ursaluna
|-activate|p2b: Ursaluna|move: Protect
|
|-heal|p2b: Ursaluna|51/100|[from] item: Leftovers
|upkeep
|turn|8
|
|t:|1756681269
|move|p1a: Garchomp|Earthquake|p2b: Ursaluna|[spread] p2b
|-immune|p1b: Dragonite
|-damage|p2b: Ursaluna|0 fnt
|faint|p2b: Ursaluna
|-damage|p1a: Garchomp|3/100|[from] item: Life Orb
|
|win|jacre22
|raw|jacre22's rating: 1413 → 1428(+15 for winning)
|raw|belinvgc's rating: 1318 → 1303(-15 for losing)
|c|☆jacre22|ggs
|l|☆belinvgc
|player|p2|
