|j|☆hakeezy
|j|☆battle sim trainer
|html|hakeezybattle sim trainer    
|uhtml|bestof|Game 2 of a best-of-3
|t:|1783612712
|gametype|doubles
|player|p1|hakeezy|101|1097
|player|p2|battle sim trainer|turo|1174
|gen|9
|tier|[Gen 9 Champions] VGC 2026 Reg M-B (Bo3)
|rated|
|rule|Species Clause: Limit one of each Pokémon
|rule|Item Clause: Limit 1 of each item
|clearpoke
|poke|p1|Delphox, L50, F|
|poke|p1|Sneasler, L50, M|
|poke|p1|Whimsicott, L50, F|
|poke|p1|Incineroar, L50, M|
|poke|p1|Basculegion, L50, M|
|poke|p1|Raichu, L50, M|
|poke|p2|Swampert, L50, F|
|poke|p2|Pelipper, L50, F|
|poke|p2|Archaludon, L50, F|
|poke|p2|Grimmsnarl, L50, M|
|poke|p2|Sinistcha, L50|
|poke|p2|Greninja, L50, M|
|teampreview|4
|showteam|p1|Delphox||Delphoxite|Blaze|NastyPlot,Psychic,HeatWave,Protect|Timid||F|||50|]Sneasler||WhiteHerb|Unburden|CloseCombat,DireClaw,FakeOut,Taunt|Jolly||M|||50|]Whimsicott||FocusSash|Prankster|SunnyDay,Moonblast,Tailwind,Encore|Timid||F|||50|]Incineroar||SitrusBerry|Intimidate|Taunt,FlareBlitz,FakeOut,PartingShot|Adamant||M|||50|]Basculegion||LifeOrb|Adaptability|WaveCrash,LastRespects,AquaJet,Protect|Jolly||M|||50|]Raichu||RaichuniteY|LightningRod|ZapCannon,FakeOut,FocusBlast,Protect|Timid||M|||50|
|showteam|p2|Swampert||Swampertite|Damp|WaveCrash,Earthquake,IcePunch,Protect|Adamant||F|||50|]Pelipper||SitrusBerry|Drizzle|Hurricane,WeatherBall,Tailwind,Protect|Modest||F|||50|]Archaludon||Leftovers|Stamina|ElectroShot,DragonPulse,FlashCannon,Protect|Modest||F|||50|]Grimmsnarl||LightClay|Prankster|SpiritBreak,Reflect,LightScreen,PartingShot|Careful||M|||50|]Sinistcha|||Hospitality|LifeDew,MatchaGotcha,TrickRoom,RagePowder|Bold|||||50|]Greninja||FocusSash|Protean|SludgeWave,FlipTurn,WaterShuriken,DarkPulse|Modest||M|||50|
|inactive|Battle timer is ON: inactive players will automatically lose when time's up. (requested by battle sim trainer)
|
|t:|1783612800
|teamsize|p1|4
|teamsize|p2|4
|start
|switch|p1a: Whimsicott|Whimsicott, L50, F|100/100
|switch|p1b: Raichu|Raichu, L50, M|100/100
|switch|p2a: Swampert|Swampert, L50, F|100/100
|switch|p2b: Greninja|Greninja, L50, M|100/100
|turn|1
|inactive|hakeezy has 30 seconds left.
|inactive|battle sim trainer has 30 seconds left.
|
|t:|1783612833
|detailschange|p2a: Swampert|Swampert-Mega, L50, F
|-mega|p2a: Swampert|Swampert|Swampertite
|move|p1b: Raichu|Fake Out|p2a: Swampert
|-damage|p2a: Swampert|92/100
|move|p1a: Whimsicott|Tailwind|p1a: Whimsicott
|-sidestart|p1: hakeezy|move: Tailwind
|move|p2b: Greninja|Flip Turn|p1a: Whimsicott
|-start|p2b: Greninja|typechange|Water|[from] ability: Protean
|-resisted|p1a: Whimsicott|1
|-damage|p1a: Whimsicott|86/100
|
|t:|1783612849
|switch|p2b: Archaludon|Archaludon, L50, F|100/100|[from] Flip Turn
|cant|p2a: Swampert|flinch
|
|upkeep
|turn|2
|inactive|hakeezy has 30 seconds left.
|
|t:|1783612877
|detailschange|p1b: Raichu|Raichu-Mega-Y, L50, M
|-mega|p1b: Raichu|Raichu|Raichunite Y
|move|p2b: Archaludon|Protect|p2b: Archaludon
|-singleturn|p2b: Archaludon|Protect
|move|p1b: Raichu|Focus Blast|p2a: Swampert
|-damage|p2a: Swampert|48/100
|move|p1a: Whimsicott|Moonblast|p2a: Swampert
|-damage|p2a: Swampert|13/100
|move|p2a: Swampert|Ice Punch|p1a: Whimsicott
|-supereffective|p1a: Whimsicott|1
|-damage|p1a: Whimsicott|0 fnt
|faint|p1a: Whimsicott
|
|upkeep
|
|t:|1783612900
|switch|p1a: Sneasler|Sneasler, L50, M|100/100
|turn|3
|
|t:|1783612922
|move|p1b: Raichu|Focus Blast|p2a: Swampert
|-damage|p2a: Swampert|0 fnt
|faint|p2a: Swampert
|move|p1a: Sneasler|Close Combat|p2b: Archaludon
|-supereffective|p2b: Archaludon|1
|-damage|p2b: Archaludon|7/100
|-unboost|p1a: Sneasler|def|1
|-unboost|p1a: Sneasler|spd|1
|-ability|p2b: Archaludon|Stamina|boost
|-boost|p2b: Archaludon|def|1
|-enditem|p1a: Sneasler|White Herb
|-clearnegativeboost|p1a: Sneasler|[silent]
|move|p2b: Archaludon|Dragon Pulse|p1a: Sneasler
|-damage|p1a: Sneasler|45/100
|
|-heal|p2b: Archaludon|13/100|[from] item: Leftovers
|upkeep
|
|t:|1783612934
|switch|p2a: Greninja|Greninja, L50, M|100/100
|turn|4
|
|t:|1783612958
|switch|p2b: Pelipper|Pelipper, L50, F|100/100
|-weather|RainDance|[from] ability: Drizzle|[of] p2b: Pelipper
|move|p2a: Greninja|Water Shuriken|p1a: Sneasler
|-start|p2a: Greninja|typechange|Water|[from] ability: Protean
|-damage|p1a: Sneasler|30/100
|-damage|p1a: Sneasler|13/100
|-hitcount|p1a: Sneasler|2
|move|p1a: Sneasler|Close Combat|p2a: Greninja
|-damage|p2a: Greninja|2/100
|-unboost|p1a: Sneasler|def|1
|-unboost|p1a: Sneasler|spd|1
|move|p1b: Raichu|Focus Blast|p2b: Pelipper
|-resisted|p2b: Pelipper|1
|-damage|p2b: Pelipper|75/100
|
|-weather|RainDance|[upkeep]
|-sideend|p1: hakeezy|move: Tailwind
|upkeep
|turn|5
|inactive|battle sim trainer has 30 seconds left.
|
|t:|1783612986
|move|p2a: Greninja|Water Shuriken|p1b: Raichu
|-damage|p1b: Raichu|79/100
|-damage|p1b: Raichu|59/100
|-hitcount|p1b: Raichu|2
|move|p1a: Sneasler|Dire Claw|p2a: Greninja
|-damage|p2a: Greninja|0 fnt
|faint|p2a: Greninja
|move|p1b: Raichu|Zap Cannon|p2b: Pelipper
|-supereffective|p2b: Pelipper|2
|-damage|p2b: Pelipper|0 fnt
|faint|p2b: Pelipper
|
|-weather|RainDance|[upkeep]
|upkeep
|-message|battle sim trainer forfeited.
|
|win|hakeezy
|raw|hakeezy's rating: 1097 → 1128(+31 for winning)
|raw|battle sim trainer's rating: 1174 → 1144(-30 for losing)
