|j|☆hjanikian
|j|☆Oscarm92
|html|hjanikianOscarm92    
|uhtml|bestof|Game 2 of a best-of-3
|t:|1783564485
|gametype|doubles
|player|p1|hjanikian|265|
|player|p2|Oscarm92|101|
|gen|9
|tier|[Gen 9 Champions] VGC 2026 Reg M-B (Bo3)
|rule|Species Clause: Limit one of each Pokémon
|rule|Item Clause: Limit 1 of each item
|clearpoke
|poke|p1|Raichu, L50, F|
|poke|p1|Mawile, L50, M|
|poke|p1|Sinistcha, L50|
|poke|p1|Ceruledge, L50, F|
|poke|p1|Milotic, L50, M|
|poke|p1|Incineroar, L50, F|
|poke|p2|Charizard, L50, F, shiny|
|poke|p2|Aerodactyl, L50, M|
|poke|p2|Garchomp, L50, M, shiny|
|poke|p2|Kingambit, L50, F|
|poke|p2|Sylveon, L50, F|
|poke|p2|Farigiraf, L50, M|
|teampreview|4
|showteam|p1|Raichu||RaichuniteY|LightningRod|ZapCannon,FocusBlast,FakeOut,Protect|Timid||F|||50|]Mawile||Mawilite|HyperCutter|PlayRough,SuckerPunch,SwordsDance,Protect|Adamant||M|||50|]Sinistcha||KasibBerry|Hospitality|MatchaGotcha,LifeDew,RagePowder,Protect|Relaxed|||||50|]Ceruledge||ColburBerry|FlashFire|BitterBlade,ShadowSneak,BulkUp,Protect|Adamant||F|||50|]Milotic||Leftovers|Competitive|MuddyWater,Coil,Hypnosis,Protect|Calm||M|||50|]Incineroar||SitrusBerry|Intimidate|FlareBlitz,ThroatChop,FakeOut,PartingShot|Impish||F|||50|
|showteam|p2|Charizard||CharizarditeY|Blaze|HeatWave,WeatherBall,SolarBeam,Protect|Modest||F|||50|]Aerodactyl||Aerodactylite|Unnerve|IceFang,RockSlide,Tailwind,DualWingbeat|Jolly||M|||50|]Garchomp||LifeOrb|RoughSkin|DragonClaw,StompingTantrum,Earthquake,Protect|Jolly||M|||50|]Kingambit||FocusSash|Defiant|SuckerPunch,KowtowCleave,IronHead,LowKick|Adamant||F|||50|]Sylveon||FairyFeather|Pixilate|QuickAttack,HyperVoice,HyperBeam,Protect|Modest||F|||50|]Farigiraf||SitrusBerry|ArmorTail|TrickRoom,Thunderbolt,GrassKnot,TwinBeam|Bold||M|||50|
|
|t:|1783564517
|teamsize|p1|4
|teamsize|p2|4
|start
|switch|p1a: Raichu|Raichu, L50, F|100/100
|switch|p1b: Milotic|Milotic, L50, M|100/100
|switch|p2a: Charizard|Charizard, L50, F, shiny|100/100
|switch|p2b: Kingambit|Kingambit, L50, F|100/100
|turn|1
|
|t:|1783564564
|switch|p2b: Farigiraf|Farigiraf, L50, M|100/100
|detailschange|p1a: Raichu|Raichu-Mega-Y, L50, F
|-mega|p1a: Raichu|Raichu|Raichunite Y
|detailschange|p2a: Charizard|Charizard-Mega-Y, L50, F, shiny
|-mega|p2a: Charizard|Charizard|Charizardite Y
|-weather|SunnyDay|[from] ability: Drought|[of] p2a: Charizard
|move|p1a: Raichu|Zap Cannon|p2a: Charizard
|-supereffective|p2a: Charizard|1
|-damage|p2a: Charizard|0 fnt
|faint|p2a: Charizard
|move|p1b: Milotic|Coil|p1b: Milotic
|-boost|p1b: Milotic|atk|1
|-boost|p1b: Milotic|def|1
|-boost|p1b: Milotic|accuracy|1
|
|-weather|SunnyDay|[upkeep]
|upkeep
|
|t:|1783564583
|switch|p2a: Garchomp|Garchomp, L50, M, shiny|100/100
|turn|2
|
|t:|1783564610
|move|p1a: Raichu|Focus Blast|p2a: Garchomp
|-damage|p2a: Garchomp|51/100
|move|p2a: Garchomp|Stomping Tantrum|p1a: Raichu
|-supereffective|p1a: Raichu|1
|-damage|p1a: Raichu|0 fnt
|faint|p1a: Raichu
|-damage|p2a: Garchomp|41/100|[from] item: Life Orb
|move|p1b: Milotic|Hypnosis|p2b: Farigiraf
|-status|p2b: Farigiraf|slp|[from] move: Hypnosis
|cant|p2b: Farigiraf|slp
|
|-weather|SunnyDay|[upkeep]
|upkeep
|
|t:|1783564620
|switch|p1a: Incineroar|Incineroar, L50, F|100/100
|-ability|p1a: Incineroar|Intimidate|boost
|-unboost|p2a: Garchomp|atk|1
|-unboost|p2b: Farigiraf|atk|1
|turn|3
|
|t:|1783564644
|move|p2a: Garchomp|Stomping Tantrum|p1b: Milotic
|-damage|p1b: Milotic|80/100
|-damage|p2a: Garchomp|31/100|[from] item: Life Orb
|move|p1b: Milotic|Muddy Water|p2b: Farigiraf|[spread] p2a,p2b
|-crit|p2a: Garchomp
|-damage|p2a: Garchomp|13/100
|-damage|p2b: Farigiraf|89/100 slp
|-unboost|p2b: Farigiraf|accuracy|1
|move|p1a: Incineroar|Throat Chop|p2b: Farigiraf
|-supereffective|p2b: Farigiraf|1
|-damage|p2b: Farigiraf|41/100 slp
|-start|p2b: Farigiraf|Throat Chop|[silent]
|-enditem|p2b: Farigiraf|Sitrus Berry|[eat]
|-heal|p2b: Farigiraf|66/100 slp|[from] item: Sitrus Berry
|cant|p2b: Farigiraf|slp
|
|-weather|SunnyDay|[upkeep]
|-heal|p1b: Milotic|86/100|[from] item: Leftovers
|upkeep
|turn|4
|
|t:|1783564664
|move|p2a: Garchomp|Stomping Tantrum|p1a: Incineroar
|-supereffective|p1a: Incineroar|1
|-damage|p1a: Incineroar|48/100
|-enditem|p1a: Incineroar|Sitrus Berry|[eat]
|-heal|p1a: Incineroar|73/100|[from] item: Sitrus Berry
|-damage|p2a: Garchomp|3/100|[from] item: Life Orb
|move|p1b: Milotic|Muddy Water|p2a: Garchomp|[spread] p2a,p2b
|-damage|p2a: Garchomp|0 fnt
|-damage|p2b: Farigiraf|56/100 slp
|faint|p2a: Garchomp
|move|p1a: Incineroar|Flare Blitz|p2b: Farigiraf
|-damage|p2b: Farigiraf|2/100 slp
|-damage|p1a: Incineroar|53/100|[from] Recoil
|-curestatus|p2b: Farigiraf|slp|[msg]
|move|p2b: Farigiraf|Thunderbolt|p1b: Milotic
|-supereffective|p1b: Milotic|1
|-damage|p1b: Milotic|53/100
|
|-weather|SunnyDay|[upkeep]
|-heal|p1b: Milotic|59/100|[from] item: Leftovers
|-end|p2b: Farigiraf|Throat Chop|[silent]
|upkeep
|
|t:|1783564679
|switch|p2a: Kingambit|Kingambit, L50, F|100/100
|turn|5
|
|t:|1783564693
|move|p1b: Milotic|Hypnosis|p2a: Kingambit|[miss]
|-miss|p1b: Milotic|p2a: Kingambit
|move|p2a: Kingambit|Low Kick|p1a: Incineroar
|-supereffective|p1a: Incineroar|1
|-damage|p1a: Incineroar|11/100
|move|p1a: Incineroar|Throat Chop|p2b: Farigiraf
|-supereffective|p2b: Farigiraf|1
|-damage|p2b: Farigiraf|0 fnt
|faint|p2b: Farigiraf
|
|-weather|none
|-heal|p1b: Milotic|65/100|[from] item: Leftovers
|upkeep
|turn|6
|c|☆Oscarm92|gg
|c|☆hjanikian|gg
|
|t:|1783564724
|move|p2a: Kingambit|Sucker Punch|p1a: Incineroar
|-resisted|p1a: Incineroar|1
|-damage|p1a: Incineroar|0 fnt
|faint|p1a: Incineroar
|move|p1b: Milotic|Muddy Water|p2a: Kingambit
|-damage|p2a: Kingambit|67/100
|
|-heal|p1b: Milotic|71/100|[from] item: Leftovers
|upkeep
|
|t:|1783564730
|switch|p1a: Ceruledge|Ceruledge, L50, F|100/100
|turn|7
|
|t:|1783564736
|move|p2a: Kingambit|Sucker Punch|p1a: Ceruledge
|-supereffective|p1a: Ceruledge|1
|-enditem|p1a: Ceruledge|Colbur Berry|[eat]
|-enditem|p1a: Ceruledge|Colbur Berry|[weaken]
|-damage|p1a: Ceruledge|58/100
|move|p1a: Ceruledge|Bitter Blade|p2a: Kingambit
|-supereffective|p2a: Kingambit|1
|-damage|p2a: Kingambit|0 fnt
|-heal|p1a: Ceruledge|91/100|[from] drain|[of] p2a: Kingambit
|faint|p2a: Kingambit
|
|win|hjanikian
