|j|☆Drubird
|j|☆nero1694
|html|Drubirdnero1694    
|uhtml|bestof|Game 1 of a best-of-3
|t:|1757169984
|gametype|doubles
|player|p1|Drubird|1|1039
|player|p2|nero1694|n|1122
|gen|9
|tier|[Gen 9] VGC 2025 Reg H (Bo3)
|rated|
|rule|Species Clause: Limit one of each Pokémon
|rule|Item Clause: Limit 1 of each item
|clearpoke
|poke|p1|Gothitelle, L50, M|
|poke|p1|Incineroar, L50, F|
|poke|p1|Rillaboom, L50, M|
|poke|p1|Amoonguss, L50, M|
|poke|p1|Primarina, L50, F|
|poke|p1|Pelipper, L50, M|
|poke|p2|Sneasler, L50, M|
|poke|p2|Indeedee, L50, M|
|poke|p2|Ursaluna-Bloodmoon, L50, M|
|poke|p2|Electabuzz, L50, M|
|poke|p2|Incineroar, L50, F|
|poke|p2|Talonflame, L50, F|
|teampreview|4
|showteam|p1|Gothitelle||CovertCloak|ShadowTag|FakeOut,FoulPlay,Taunt,HelpingHand|||M|||50|,,,,,Dark]Incineroar||SafetyGoggles|Intimidate|FakeOut,KnockOff,FlareBlitz,PartingShot|||F|||50|,,,,,Ghost]Rillaboom||AssaultVest|GrassySurge|Earthquake,GrassyGlide,FakeOut,Uturn|||M|||50|,,,,,Fire]Amoonguss||MentalHerb|Regenerator|PollenPuff,Spore,RagePowder,SludgeBomb|||M|||50|,,,,,Water]Primarina||SitrusBerry|LiquidVoice|HyperVoice,DazzlingGleam,PerishSong,Protect|||F|||50|,,,,,Stellar]Pelipper||FocusSash|Drizzle|Hurricane,WeatherBall,Tailwind,Protect|||M|||50|,,,,,Grass
|showteam|p2|Sneasler||PsychicSeed|Unburden|CloseCombat,DireClaw,ThroatChop,Protect|||M|||50|,,,,,Dark]Indeedee||FocusSash|PsychicSurge|ExpandingForce,TrickRoom,Imprison,TeraBlast|||M|||50|,,,,,Fighting]Ursaluna-Bloodmoon||AssaultVest|MindsEye|BloodMoon,HyperVoice,EarthPower,VacuumWave|||M|||50|,,,,,Normal]Electabuzz||Eviolite|VitalSpirit|Electroweb,FollowMe,Taunt,Protect|||M|||50|,,,,,Ghost]Incineroar||SafetyGoggles|Intimidate|FlareBlitz,KnockOff,PartingShot,FakeOut|||F|||50|,,,,,Ghost]Talonflame||CovertCloak|GaleWings|FlareBlitz,DualWingbeat,WillOWisp,Tailwind|||F|||50|,,,,,Fairy
|inactive|Battle timer is ON: inactive players will automatically lose when time's up. (requested by nero1694)
|inactive|nero1694 has 60 seconds left.
|inactive|nero1694 has 30 seconds left.
|inactive|nero1694 has 20 seconds left.
|inactive|nero1694 has 15 seconds left.
|inactive|nero1694 has 10 seconds left.
|
|t:|1757170070
|teamsize|p1|4
|teamsize|p2|4
|start
|switch|p1a: Rillaboom|Rillaboom, L50, M|100/100
|switch|p1b: Incineroar|Incineroar, L50, F|100/100
|switch|p2a: Electabuzz|Electabuzz, L50, M|100/100
|switch|p2b: Ursaluna|Ursaluna-Bloodmoon, L50, M|100/100
|-fieldstart|move: Grassy Terrain|[from] ability: Grassy Surge|[of] p1a: Rillaboom
|-ability|p1b: Incineroar|Intimidate|boost
|-unboost|p2a: Electabuzz|atk|1
|-unboost|p2b: Ursaluna|atk|1
|turn|1
|
|t:|1757170089
|switch|p2b: Incineroar|Incineroar, L50, F|100/100
|-ability|p2b: Incineroar|Intimidate|boost
|-unboost|p1a: Rillaboom|atk|1
|-unboost|p1b: Incineroar|atk|1
|move|p1b: Incineroar|Fake Out|p2a: Electabuzz
|-damage|p2a: Electabuzz|94/100
|move|p1a: Rillaboom|Grassy Glide|p2b: Incineroar
|-resisted|p2b: Incineroar
|-damage|p2b: Incineroar|89/100
|cant|p2a: Electabuzz|flinch
|
|-heal|p2a: Electabuzz|99/100|[from] Grassy Terrain
|-heal|p2b: Incineroar|95/100|[from] Grassy Terrain
|upkeep
|turn|2
|inactive|nero1694 has 30 seconds left.
|
|t:|1757170123
|switch|p1b: Pelipper|Pelipper, L50, M|100/100
|-weather|RainDance|[from] ability: Drizzle|[of] p1b: Pelipper
|move|p2a: Electabuzz|Taunt|p1b: Pelipper
|-start|p1b: Pelipper|move: Taunt
|move|p2b: Incineroar|Knock Off|p1a: Rillaboom
|-damage|p1a: Rillaboom|64/100
|-enditem|p1a: Rillaboom|Assault Vest|[from] move: Knock Off|[of] p2b: Incineroar
|move|p1a: Rillaboom|Earthquake|p2b: Incineroar|[spread] p2a,p2b
|-immune|p1b: Pelipper
|-supereffective|p2a: Electabuzz
|-supereffective|p2b: Incineroar
|-damage|p2a: Electabuzz|80/100
|-damage|p2b: Incineroar|79/100
|
|-weather|RainDance|[upkeep]
|-heal|p2a: Electabuzz|86/100|[from] Grassy Terrain
|-heal|p1a: Rillaboom|70/100|[from] Grassy Terrain
|-heal|p2b: Incineroar|85/100|[from] Grassy Terrain
|upkeep
|turn|3
|inactive|Drubird has 30 seconds left.
|
|t:|1757170148
|move|p2a: Electabuzz|Electroweb|p1b: Pelipper|[spread] p1a,p1b
|-resisted|p1a: Rillaboom
|-supereffective|p1b: Pelipper
|-damage|p1a: Rillaboom|64/100
|-enditem|p1b: Pelipper|Focus Sash
|-damage|p1b: Pelipper|1/100
|-unboost|p1a: Rillaboom|spe|1
|-unboost|p1b: Pelipper|spe|1
|move|p2b: Incineroar|Parting Shot|p1b: Pelipper
|-unboost|p1b: Pelipper|atk|1
|-unboost|p1b: Pelipper|spa|1
|
|t:|1757170159
|switch|p2b: Sneasler|Sneasler, L50, M|100/100|[from] Parting Shot
|move|p1b: Pelipper|Weather Ball|p2b: Sneasler
|-damage|p2b: Sneasler|31/100
|move|p1a: Rillaboom|U-turn|p2a: Electabuzz
|-damage|p2a: Electabuzz|70/100
|
|t:|1757170170
|switch|p1a: Incineroar|Incineroar, L50, F|100/100|[from] U-turn
|-ability|p1a: Incineroar|Intimidate|boost
|-unboost|p2a: Electabuzz|atk|1
|-unboost|p2b: Sneasler|atk|1
|
|-weather|RainDance|[upkeep]
|-heal|p2b: Sneasler|37/100|[from] Grassy Terrain
|-heal|p2a: Electabuzz|75/100|[from] Grassy Terrain
|upkeep
|turn|4
|
|t:|1757170189
|switch|p1b: Rillaboom|Rillaboom, L50, M|64/100
|move|p1a: Incineroar|Fake Out|p2b: Sneasler
|-damage|p2b: Sneasler|19/100
|cant|p2b: Sneasler|flinch
|move|p2a: Electabuzz|Electroweb|p1a: Incineroar|[spread] p1a,p1b
|-resisted|p1b: Rillaboom
|-damage|p1a: Incineroar|90/100
|-damage|p1b: Rillaboom|57/100
|-unboost|p1a: Incineroar|spe|1
|-unboost|p1b: Rillaboom|spe|1
|
|-weather|RainDance|[upkeep]
|-heal|p2b: Sneasler|24/100|[from] Grassy Terrain
|-heal|p2a: Electabuzz|81/100|[from] Grassy Terrain
|-heal|p1b: Rillaboom|62/100|[from] Grassy Terrain
|-heal|p1a: Incineroar|96/100|[from] Grassy Terrain
|upkeep
|turn|5
|
|t:|1757170214
|switch|p2b: Incineroar|Incineroar, L50, F|85/100
|-ability|p2b: Incineroar|Intimidate|boost
|-unboost|p1a: Incineroar|atk|1
|-unboost|p1b: Rillaboom|atk|1
|move|p1b: Rillaboom|Fake Out|p2b: Incineroar
|-damage|p2b: Incineroar|76/100
|move|p2a: Electabuzz|Taunt|p1a: Incineroar
|-start|p1a: Incineroar|move: Taunt
|move|p1a: Incineroar|Knock Off|p2a: Electabuzz
|-damage|p2a: Electabuzz|58/100
|-enditem|p2a: Electabuzz|Eviolite|[from] move: Knock Off|[of] p1a: Incineroar
|
|-weather|RainDance|[upkeep]
|-heal|p2a: Electabuzz|63/100|[from] Grassy Terrain
|-heal|p2b: Incineroar|82/100|[from] Grassy Terrain
|-heal|p1b: Rillaboom|68/100|[from] Grassy Terrain
|-heal|p1a: Incineroar|100/100|[from] Grassy Terrain
|-fieldend|move: Grassy Terrain
|upkeep
|turn|6
|inactive|nero1694 has 30 seconds left.
|
|t:|1757170241
|move|p2a: Electabuzz|Electroweb|p1a: Incineroar|[spread] p1a,p1b
|-resisted|p1b: Rillaboom
|-damage|p1a: Incineroar|88/100
|-damage|p1b: Rillaboom|61/100
|-unboost|p1a: Incineroar|spe|1
|-unboost|p1b: Rillaboom|spe|1
|move|p2b: Incineroar|Knock Off|p1b: Rillaboom
|-damage|p1b: Rillaboom|38/100
|move|p1b: Rillaboom|U-turn|p2a: Electabuzz
|-damage|p2a: Electabuzz|38/100
|
|t:|1757170251
|switch|p1b: Primarina|Primarina, L50, F|100/100|[from] U-turn
|move|p1a: Incineroar|Knock Off|p2b: Incineroar
|-resisted|p2b: Incineroar
|-damage|p2b: Incineroar|69/100
|-enditem|p2b: Incineroar|Safety Goggles|[from] move: Knock Off|[of] p1a: Incineroar
|
|-weather|none
|upkeep
|turn|7
|
|t:|1757170270
|switch|p1a: Rillaboom|Rillaboom, L50, M|38/100
|-fieldstart|move: Grassy Terrain|[from] ability: Grassy Surge|[of] p1a: Rillaboom
|move|p2a: Electabuzz|Electroweb|p1b: Primarina|[spread] p1a,p1b
|-resisted|p1a: Rillaboom
|-crit|p1a: Rillaboom
|-supereffective|p1b: Primarina
|-damage|p1a: Rillaboom|28/100
|-damage|p1b: Primarina|77/100
|-unboost|p1a: Rillaboom|spe|1
|-unboost|p1b: Primarina|spe|1
|move|p2b: Incineroar|Parting Shot|p1b: Primarina
|-unboost|p1b: Primarina|atk|1
|-unboost|p1b: Primarina|spa|1
|
|t:|1757170276
|switch|p2b: Sneasler|Sneasler, L50, M|24/100|[from] Parting Shot
|move|p1b: Primarina|Hyper Voice|p2b: Sneasler|[spread] p2a,p2b
|-damage|p2a: Electabuzz|9/100
|-damage|p2b: Sneasler|0 fnt
|faint|p2b: Sneasler
|
|-heal|p2a: Electabuzz|14/100|[from] Grassy Terrain
|-heal|p1a: Rillaboom|33/100|[from] Grassy Terrain
|-heal|p1b: Primarina|83/100|[from] Grassy Terrain
|upkeep
|
|t:|1757170279
|switch|p2b: Ursaluna|Ursaluna-Bloodmoon, L50, M|100/100
|turn|8
|inactive|nero1694 has 30 seconds left.
|
|t:|1757170309
|-terastallize|p2b: Ursaluna|Normal
|move|p1a: Rillaboom|Fake Out|p2b: Ursaluna
|-damage|p2b: Ursaluna|89/100
|move|p2a: Electabuzz|Electroweb|p1a: Rillaboom|[spread] p1a,p1b
|-resisted|p1a: Rillaboom
|-supereffective|p1b: Primarina
|-damage|p1a: Rillaboom|27/100
|-damage|p1b: Primarina|59/100
|-unboost|p1a: Rillaboom|spe|1
|-unboost|p1b: Primarina|spe|1
|cant|p2b: Ursaluna|flinch
|move|p1b: Primarina|Hyper Voice|p2b: Ursaluna|[spread] p2a,p2b
|-damage|p2a: Electabuzz|0 fnt
|-damage|p2b: Ursaluna|68/100
|faint|p2a: Electabuzz
|
|-heal|p2b: Ursaluna|74/100|[from] Grassy Terrain
|-heal|p1a: Rillaboom|32/100|[from] Grassy Terrain
|-heal|p1b: Primarina|65/100|[from] Grassy Terrain
|upkeep
|
|t:|1757170313
|switch|p2a: Incineroar|Incineroar, L50, F|69/100
|-ability|p2a: Incineroar|Intimidate|boost
|-unboost|p1a: Rillaboom|atk|1
|-unboost|p1b: Primarina|atk|1
|turn|9
|inactive|nero1694 has 30 seconds left.
|inactive|Drubird has 30 seconds left.
|inactive|nero1694 has 20 seconds left.
|inactive|nero1694 has 15 seconds left.
|inactive|nero1694 has 10 seconds left.
|inactive|nero1694 has 5 seconds left.
|
|t:|1757170366
|switch|p1a: Incineroar|Incineroar, L50, F|88/100
|-ability|p1a: Incineroar|Intimidate|boost
|-unboost|p2a: Incineroar|atk|1
|-unboost|p2b: Ursaluna|atk|1
|move|p1b: Primarina|Protect|p1b: Primarina
|-singleturn|p1b: Primarina|Protect
|move|p2a: Incineroar|Knock Off|p1b: Primarina
|-activate|p1b: Primarina|move: Protect
|move|p2b: Ursaluna|Hyper Voice|p1a: Incineroar|[spread] p1a
|-activate|p1b: Primarina|move: Protect
|-damage|p1a: Incineroar|44/100
|
|-heal|p2a: Incineroar|75/100|[from] Grassy Terrain
|-heal|p2b: Ursaluna|80/100|[from] Grassy Terrain
|-heal|p1a: Incineroar|50/100|[from] Grassy Terrain
|-heal|p1b: Primarina|71/100|[from] Grassy Terrain
|upkeep
|turn|10
|inactive|Drubird has 30 seconds left.
|
|t:|1757170399
|move|p1a: Incineroar|Fake Out|p2b: Ursaluna
|-damage|p2b: Ursaluna|70/100
|cant|p2b: Ursaluna|flinch
|move|p2a: Incineroar|Parting Shot|p1b: Primarina
|-unboost|p1b: Primarina|atk|1
|-unboost|p1b: Primarina|spa|1
|move|p1b: Primarina|Perish Song|p1b: Primarina
|-start|p1a: Incineroar|perish3|[silent]
|-start|p1b: Primarina|perish3|[silent]
|-start|p2a: Incineroar|perish3|[silent]
|-start|p2b: Ursaluna|perish3|[silent]
|-fieldactivate|move: Perish Song
|
|-heal|p2a: Incineroar|82/100|[from] Grassy Terrain
|-heal|p2b: Ursaluna|76/100|[from] Grassy Terrain
|-heal|p1a: Incineroar|56/100|[from] Grassy Terrain
|-heal|p1b: Primarina|77/100|[from] Grassy Terrain
|-start|p2a: Incineroar|perish3
|-start|p2b: Ursaluna|perish3
|-start|p1a: Incineroar|perish3
|-start|p1b: Primarina|perish3
|upkeep
|turn|11
|-message|nero1694 forfeited.
|
|win|Drubird
||nero1694 is ready for game 2.
|inactive|Drubird has 30 seconds to confirm battle start!
|inactive|Drubird has 20 seconds to confirm battle start!
|l|☆Drubird
|player|p1|
||Drubird is ready for game 2.
|uhtml|next|Next: Game 2 of 3
