|j|☆Jasondddd
|j|☆psyspammer69
|html|Jasonddddpsyspammer69    
|uhtml|bestof|Game 3 of a best-of-3
|t:|1754972203
|gametype|doubles
|player|p1|Jasondddd|1|1326
|player|p2|psyspammer69|n|1330
|gen|9
|tier|[Gen 9] VGC 2025 Reg H (Bo3)
|rated|
|rule|Species Clause: Limit one of each Pokémon
|rule|Item Clause: Limit 1 of each item
|clearpoke
|poke|p1|Volcarona, L50, F|
|poke|p1|Electabuzz, L50, F|
|poke|p1|Kingambit, L50, M|
|poke|p1|Sneasler, L50, F|
|poke|p1|Rillaboom, L50, F|
|poke|p1|Basculegion, L50, M|
|poke|p2|Arcanine-Hisui, L50, M|
|poke|p2|Sneasler, L50, F|
|poke|p2|Dragonite, L50, M|
|poke|p2|Gholdengo, L50|
|poke|p2|Ninetales-Alola, L50, M|
|poke|p2|Rillaboom, L50, F|
|teampreview|4
|showteam|p1|Volcarona||CovertCloak|FlameBody|Protect,QuiverDance,HeatWave,TeraBlast|||F|||50|,,,,,Fairy]Electabuzz||Eviolite|VitalSpirit|Protect,Thunderbolt,Taunt,FollowMe|||F|||50|,,,,,Dragon]Kingambit||SafetyGoggles|Defiant|Protect,SwordsDance,SuckerPunch,KowtowCleave|||M|||50|,,,,,Dark]Sneasler||FocusSash|Unburden|FakeOut,DireClaw,Protect,CloseCombat|||F|||50|,,,,,Ghost]Rillaboom||AssaultVest|GrassySurge|FakeOut,GrassyGlide,WoodHammer,Uturn|||F|||50|,,,,,Fire]Basculegion||ChoiceScarf|Adaptability|FlipTurn,AquaJet,LastRespects,WaveCrash|||M|||50|,,,,,Fairy
|showteam|p2|Arcanine-Hisui||ClearAmulet|Intimidate|RockSlide,FlareBlitz,ExtremeSpeed,Protect|||M|||50|,,,,,Water]Sneasler||WhiteHerb|Unburden|CloseCombat,DireClaw,FakeOut,Protect|||F|||50|,,,,,Dark]Dragonite||LoadedDice|Multiscale|ScaleShot,StompingTantrum,Tailwind,Protect|||M|||50|,,,,,Ground]Gholdengo||LifeOrb|GoodasGold|MakeItRain,ShadowBall,NastyPlot,Protect||||||50|,,,,,Water]Ninetales-Alola||FocusSash|SnowWarning|Blizzard,IcyWind,AuroraVeil,Encore|||M|||50|,,,,,Ghost]Rillaboom||AssaultVest|GrassySurge|FakeOut,WoodHammer,GrassyGlide,Uturn|||F|||50|,,,,,Fire
|inactive|Battle timer is ON: inactive players will automatically lose when time's up. (requested by Jasondddd)
|inactive|psyspammer69 has 60 seconds left.
|
|t:|1754972302
|teamsize|p1|4
|teamsize|p2|4
|start
|switch|p1a: Sneasler|Sneasler, L50, F|100/100
|switch|p1b: Volcarona|Volcarona, L50, F|100/100
|switch|p2a: Sneasler|Sneasler, L50, F|100/100
|switch|p2b: Ninetales|Ninetales-Alola, L50, M, shiny|100/100
|-weather|Snowscape|[from] ability: Snow Warning|[of] p2b: Ninetales
|turn|1
|inactive|Jasondddd has 30 seconds left.
|inactive|psyspammer69 has 30 seconds left.
|
|t:|1754972329
|switch|p2a: Dragonite|Dragonite, L50, M|100/100
|-terastallize|p2b: Ninetales|Ghost
|move|p1a: Sneasler|Fake Out|p2a: Dragonite
|-damage|p2a: Dragonite|93/100
|move|p2b: Ninetales|Aurora Veil|p2b: Ninetales
|-sidestart|p2: psyspammer69|move: Aurora Veil
|move|p1b: Volcarona|Heat Wave|p2b: Ninetales|[spread] p2a,p2b
|-resisted|p2a: Dragonite
|-damage|p2a: Dragonite|79/100
|-damage|p2b: Ninetales|68/100
|-status|p2b: Ninetales|brn
|
|-weather|Snowscape|[upkeep]
|-damage|p2b: Ninetales|62/100 brn|[from] brn
|upkeep
|turn|2
|inactive|Jasondddd has 30 seconds left.
|inactive|psyspammer69 has 30 seconds left.
|inactive|Jasondddd has 20 seconds left.
|
|t:|1754972368
|switch|p1a: Electabuzz|Electabuzz, L50, F|100/100
|move|p2b: Ninetales|Icy Wind|p1a: Electabuzz|[spread] p1a,p1b
|-crit|p1a: Electabuzz
|-resisted|p1b: Volcarona
|-damage|p1a: Electabuzz|79/100
|-damage|p1b: Volcarona|94/100
|-unboost|p1a: Electabuzz|spe|1
|move|p1b: Volcarona|Quiver Dance|p1b: Volcarona
|-boost|p1b: Volcarona|spa|1
|-boost|p1b: Volcarona|spd|1
|-boost|p1b: Volcarona|spe|1
|move|p2a: Dragonite|Scale Shot|p1b: Volcarona
|-damage|p1b: Volcarona|76/100
|-damage|p1b: Volcarona|59/100
|-damage|p1b: Volcarona|42/100
|-damage|p1b: Volcarona|25/100
|-hitcount|p1b: Volcarona|4
|-unboost|p2a: Dragonite|def|1
|-boost|p2a: Dragonite|spe|1
|
|-weather|Snowscape|[upkeep]
|-damage|p2b: Ninetales|56/100 brn|[from] brn
|upkeep
|turn|3
|inactive|Jasondddd has 30 seconds left.
|inactive|psyspammer69 has 30 seconds left.
|inactive|Jasondddd has 20 seconds left.
|
|t:|1754972405
|switch|p1a: Kingambit|Kingambit, L50, M|100/100
|-terastallize|p1b: Volcarona|Fairy
|move|p1b: Volcarona|Tera Blast|p2a: Dragonite|[anim] Tera Blast Fairy
|-supereffective|p2a: Dragonite
|-damage|p2a: Dragonite|0 fnt
|faint|p2a: Dragonite
|move|p2b: Ninetales|Blizzard|p1a: Kingambit|[spread] p1a,p1b
|-resisted|p1a: Kingambit
|-damage|p1a: Kingambit|86/100
|-damage|p1b: Volcarona|7/100
|
|-weather|Snowscape|[upkeep]
|-damage|p2b: Ninetales|50/100 brn|[from] brn
|upkeep
|
|t:|1754972423
|switch|p2a: Sneasler|Sneasler, L50, F|100/100
|turn|4
|
|t:|1754972443
|switch|p1a: Electabuzz|Electabuzz, L50, F|79/100
|move|p1b: Volcarona|Protect|p1b: Volcarona
|-singleturn|p1b: Volcarona|Protect
|move|p2a: Sneasler|Fake Out|p1a: Electabuzz
|-damage|p1a: Electabuzz|67/100
|move|p2b: Ninetales|Blizzard|p1b: Volcarona|[spread] p1a
|-activate|p1b: Volcarona|move: Protect
|-damage|p1a: Electabuzz|39/100
|
|-weather|Snowscape|[upkeep]
|-damage|p2b: Ninetales|44/100 brn|[from] brn
|upkeep
|turn|5
|
|t:|1754972464
|move|p1b: Volcarona|Heat Wave|p2a: Sneasler|[spread] p2a,p2b
|-damage|p2a: Sneasler|48/100
|-damage|p2b: Ninetales|0 fnt
|faint|p2b: Ninetales
|move|p2a: Sneasler|Close Combat|p1a: Electabuzz
|-damage|p1a: Electabuzz|0 fnt
|-unboost|p2a: Sneasler|def|1
|-unboost|p2a: Sneasler|spd|1
|faint|p1a: Electabuzz
|-enditem|p2a: Sneasler|White Herb
|-clearnegativeboost|p2a: Sneasler|[silent]
|
|-weather|none
|-sideend|p2: psyspammer69|move: Aurora Veil
|upkeep
|
|t:|1754972484
|switch|p2b: Rillaboom|Rillaboom, L50, F|100/100
|switch|p1a: Kingambit|Kingambit, L50, M|86/100
|-fieldstart|move: Grassy Terrain|[from] ability: Grassy Surge|[of] p2b: Rillaboom
|turn|6
|inactive|Jasondddd has 30 seconds left.
|
|t:|1754972510
|move|p1a: Kingambit|Protect|p1a: Kingambit
|-singleturn|p1a: Kingambit|Protect
|move|p2b: Rillaboom|Grassy Glide|p1b: Volcarona
|-damage|p1b: Volcarona|0 fnt
|faint|p1b: Volcarona
|move|p2a: Sneasler|Close Combat|p1a: Kingambit
|-activate|p1a: Kingambit|move: Protect
|
|-heal|p2a: Sneasler|53/100|[from] Grassy Terrain
|-heal|p1a: Kingambit|92/100|[from] Grassy Terrain
|upkeep
|
|t:|1754972522
|switch|p1b: Sneasler|Sneasler, L50, F|100/100
|turn|7
|
|t:|1754972535
|move|p1b: Sneasler|Fake Out|p2a: Sneasler
|-damage|p2a: Sneasler|26/100
|cant|p2a: Sneasler|flinch
|move|p2b: Rillaboom|Wood Hammer|p1b: Sneasler
|-resisted|p1b: Sneasler
|-damage|p1b: Sneasler|37/100
|-damage|p2b: Rillaboom|85/100|[from] Recoil
|move|p1a: Kingambit|Swords Dance|p1a: Kingambit
|-boost|p1a: Kingambit|atk|2
|
|-heal|p2a: Sneasler|32/100|[from] Grassy Terrain
|-heal|p1b: Sneasler|42/100|[from] Grassy Terrain
|-heal|p2b: Rillaboom|90/100|[from] Grassy Terrain
|-heal|p1a: Kingambit|98/100|[from] Grassy Terrain
|upkeep
|turn|8
|inactive|psyspammer69 has 30 seconds left.
|
|t:|1754972561
|move|p2a: Sneasler|Protect|p2a: Sneasler
|-singleturn|p2a: Sneasler|Protect
|move|p1b: Sneasler|Protect|p1b: Sneasler
|-singleturn|p1b: Sneasler|Protect
|move|p1a: Kingambit|Protect|p1a: Kingambit
|-singleturn|p1a: Kingambit|Protect
|move|p2b: Rillaboom|Wood Hammer|p1b: Sneasler
|-activate|p1b: Sneasler|move: Protect
|
|-heal|p2a: Sneasler|38/100|[from] Grassy Terrain
|-heal|p1b: Sneasler|48/100|[from] Grassy Terrain
|-heal|p2b: Rillaboom|96/100|[from] Grassy Terrain
|-heal|p1a: Kingambit|100/100|[from] Grassy Terrain
|upkeep
|turn|9
|
|t:|1754972580
|move|p2a: Sneasler|Protect||[still]
|-fail|p2a: Sneasler
|move|p1a: Kingambit|Sucker Punch||[still]
|-fail|p1a: Kingambit
|move|p1b: Sneasler|Dire Claw|p2b: Rillaboom
|-supereffective|p2b: Rillaboom
|-damage|p2b: Rillaboom|20/100
|-status|p2b: Rillaboom|par
|cant|p2b: Rillaboom|par
|
|-heal|p2a: Sneasler|44/100|[from] Grassy Terrain
|-heal|p1b: Sneasler|54/100|[from] Grassy Terrain
|-heal|p2b: Rillaboom|26/100 par|[from] Grassy Terrain
|upkeep
|turn|10
|-message|psyspammer69 forfeited.
|
|win|Jasondddd
|raw|Jasondddd's rating: 1326 → 1346(+20 for winning)
|raw|psyspammer69's rating: 1330 → 1310(-20 for losing)
|l|☆psyspammer69
|player|p2|
