|j|☆Pawah
|j|☆maish
|html|Pawahmaish    
|uhtml|bestof|Game 1 of a best-of-3
|t:|1756648975
|gametype|doubles
|player|p1|Pawah|ethan|
|player|p2|maish|veteran|
|gen|9
|tier|[Gen 9] VGC 2025 Reg H (Bo3)
|rule|Species Clause: Limit one of each Pokémon
|rule|Item Clause: Limit 1 of each item
|clearpoke
|poke|p1|Ursaluna, L50, F|
|poke|p1|Sinistcha, L50|
|poke|p1|Pelipper, L50, F|
|poke|p1|Archaludon, L50, F|
|poke|p1|Gholdengo, L50|
|poke|p1|Dragonite, L50, F|
|poke|p2|Pelipper, L50, M|
|poke|p2|Archaludon, L50, M|
|poke|p2|Basculegion, L50, M|
|poke|p2|Amoonguss, L50, F|
|poke|p2|Incineroar, L50, M|
|poke|p2|Gholdengo, L50|
|teampreview|4
|showteam|p1|Ursaluna||FlameOrb|Guts|HeadlongRush,Facade,Protect,Earthquake|||F|||50|,,,,,Ghost]Sinistcha||SitrusBerry|Hospitality|RagePowder,TrickRoom,LifeDew,MatchaGotcha||||||50|,,,,,Dark]Pelipper||FocusSash|Drizzle|Hurricane,Protect,WeatherBall,WideGuard|||F|||50|,,,,,Ghost]Archaludon||AssaultVest|Stamina|ElectroShot,FlashCannon,BodyPress,DracoMeteor|||F|||50|,,,,,Bug]Gholdengo||LifeOrb|GoodasGold|MakeItRain,ShadowBall,NastyPlot,Protect||||||50|,,,,,Water]Dragonite||LoadedDice|Multiscale|Protect,ScaleShot,Tailwind,Haze|||F|||50|,,,,,Fairy
|showteam|p2|Pelipper||FocusSash|Drizzle|WeatherBall,Hurricane,Tailwind,Protect|||M|||50|,,,,,Ghost]Archaludon||AssaultVest|Stamina|DragonPulse,ElectroShot,Snarl,BodyPress|||M|||50|,,,,,Grass]Basculegion||ChoiceBand|SwiftSwim|WaveCrash,AquaJet,LastRespects,FlipTurn|||M|||50|,,,,,Grass]Amoonguss||RockyHelmet|Regenerator|RagePowder,PollenPuff,Spore,Protect|||F|||50|,,,,,Water]Incineroar||SafetyGoggles|Intimidate|FakeOut,FlareBlitz,PartingShot,KnockOff|||M|||50|,,,,,Water]Gholdengo||LifeOrb|GoodasGold|MakeItRain,ShadowBall,NastyPlot,Protect||||||50|,,,,,Dragon
|inactive|Battle timer is ON: inactive players will automatically lose when time's up. (requested by Pawah)
|c|☆Pawah|glhf!
|inactive|Pawah has 60 seconds left.
|inactive|maish has 60 seconds left.
|c|☆maish|glhf
|inactive|Pawah has 30 seconds left.
|inactive|maish has 30 seconds left.
|inactive|Pawah has 20 seconds left.
|inactive|maish has 20 seconds left.
|inactive|Pawah has 15 seconds left.
|inactive|maish has 15 seconds left.
|inactive|Pawah has 10 seconds left.
|inactive|maish has 10 seconds left.
|
|t:|1756649058
|teamsize|p1|4
|teamsize|p2|4
|start
|switch|p1a: Dragonite|Dragonite, L50, F|100/100
|switch|p1b: Gholdengo|Gholdengo, L50|100/100
|switch|p2a: Amoonguss|Amoonguss, L50, F, shiny|100/100
|switch|p2b: Gholdengo|Gholdengo, L50|100/100
|turn|1
|
|t:|1756649078
|-terastallize|p1b: Gholdengo|Water
|move|p2b: Gholdengo|Protect|p2b: Gholdengo
|-singleturn|p2b: Gholdengo|Protect
|move|p1b: Gholdengo|Nasty Plot|p1b: Gholdengo
|-boost|p1b: Gholdengo|spa|2
|move|p1a: Dragonite|Tailwind|p1a: Dragonite
|-sidestart|p1: Pawah|move: Tailwind
|move|p2a: Amoonguss|Spore|p1a: Dragonite
|-status|p1a: Dragonite|slp|[from] move: Spore
|
|upkeep
|turn|2
|inactive|maish has 30 seconds left.
|inactive|maish has 20 seconds left.
|inactive|maish has 15 seconds left.
|inactive|maish has 10 seconds left.
|
|t:|1756649124
|move|p2a: Amoonguss|Protect|p2a: Amoonguss
|-singleturn|p2a: Amoonguss|Protect
|move|p1b: Gholdengo|Shadow Ball|p2b: Gholdengo
|-supereffective|p2b: Gholdengo
|-damage|p2b: Gholdengo|0 fnt
|faint|p2b: Gholdengo
|-damage|p1b: Gholdengo|91/100|[from] item: Life Orb
|cant|p1a: Dragonite|slp
|
|upkeep
|
|t:|1756649129
|switch|p2b: Archaludon|Archaludon, L50, M, shiny|100/100
|turn|3
|
|t:|1756649148
|switch|p2a: Pelipper|Pelipper, L50, M, shiny|100/100
|-weather|RainDance|[from] ability: Drizzle|[of] p2a: Pelipper
|move|p1b: Gholdengo|Protect|p1b: Gholdengo
|-singleturn|p1b: Gholdengo|Protect
|-curestatus|p1a: Dragonite|slp|[msg]
|move|p1a: Dragonite|Scale Shot|p2a: Pelipper|[miss]
|-miss|p1a: Dragonite|p2a: Pelipper
|move|p2b: Archaludon|Electro Shot||[still]
|-prepare|p2b: Archaludon|Electro Shot
|-boost|p2b: Archaludon|spa|1
|-anim|p2b: Archaludon|Electro Shot|p1b: Gholdengo
|-activate|p1b: Gholdengo|move: Protect
|
|-weather|RainDance|[upkeep]
|upkeep
|turn|4
|inactive|maish has 30 seconds left.
|
|t:|1756649173
|move|p1b: Gholdengo|Shadow Ball|p2b: Archaludon
|-damage|p2b: Archaludon|26/100
|-ability|p2b: Archaludon|Stamina|boost
|-boost|p2b: Archaludon|def|1
|-damage|p1b: Gholdengo|81/100|[from] item: Life Orb
|move|p1a: Dragonite|Scale Shot|p2b: Archaludon|[miss]
|-miss|p1a: Dragonite|p2b: Archaludon
|move|p2a: Pelipper|Tailwind|p2a: Pelipper
|-sidestart|p2: maish|move: Tailwind
|move|p2b: Archaludon|Electro Shot||[still]
|-prepare|p2b: Archaludon|Electro Shot
|-boost|p2b: Archaludon|spa|1
|-anim|p2b: Archaludon|Electro Shot|p1b: Gholdengo
|-supereffective|p1b: Gholdengo
|-damage|p1b: Gholdengo|0 fnt
|faint|p1b: Gholdengo
|
|-weather|RainDance|[upkeep]
|-sideend|p1: Pawah|move: Tailwind
|upkeep
|
|t:|1756649185
|switch|p1b: Sinistcha|Sinistcha, L50|100/100
|turn|5
|inactive|maish has 30 seconds left.
|
|t:|1756649219
|-terastallize|p2b: Archaludon|Grass
|move|p1b: Sinistcha|Rage Powder|p1b: Sinistcha
|-singleturn|p1b: Sinistcha|move: Rage Powder
|move|p2a: Pelipper|Hurricane|p1b: Sinistcha
|-supereffective|p1b: Sinistcha
|-damage|p1b: Sinistcha|6/100
|-start|p1b: Sinistcha|confusion
|-enditem|p1b: Sinistcha|Sitrus Berry|[eat]
|-heal|p1b: Sinistcha|31/100|[from] item: Sitrus Berry
|move|p2b: Archaludon|Electro Shot||[still]
|-prepare|p2b: Archaludon|Electro Shot
|-boost|p2b: Archaludon|spa|1
|-anim|p2b: Archaludon|Electro Shot|p1a: Dragonite
|-damage|p1a: Dragonite|42/100
|move|p1a: Dragonite|Scale Shot|p2a: Pelipper
|-damage|p2a: Pelipper|80/100
|-damage|p2a: Pelipper|60/100
|-damage|p2a: Pelipper|41/100
|-damage|p2a: Pelipper|23/100
|-damage|p2a: Pelipper|3/100
|-hitcount|p2a: Pelipper|5
|-unboost|p1a: Dragonite|def|1
|-boost|p1a: Dragonite|spe|1
|
|-weather|RainDance|[upkeep]
|upkeep
|turn|6
|inactive|Pawah has 30 seconds left.
|inactive|maish has 30 seconds left.
|inactive|Pawah has 20 seconds left.
|
|t:|1756649257
|move|p1a: Dragonite|Protect|p1a: Dragonite
|-singleturn|p1a: Dragonite|Protect
|move|p2a: Pelipper|Hurricane|p1b: Sinistcha
|-supereffective|p1b: Sinistcha
|-crit|p1b: Sinistcha
|-damage|p1b: Sinistcha|0 fnt
|faint|p1b: Sinistcha
|move|p2b: Archaludon|Electro Shot||[still]
|-prepare|p2b: Archaludon|Electro Shot
|-boost|p2b: Archaludon|spa|1
|-anim|p2b: Archaludon|Electro Shot|p1a: Dragonite
|-activate|p1a: Dragonite|move: Protect
|
|-weather|RainDance|[upkeep]
|upkeep
|
|t:|1756649266
|switch|p1b: Ursaluna|Ursaluna, L50, F|100/100
|turn|7
|
|t:|1756649284
|move|p1a: Dragonite|Protect||[still]
|-fail|p1a: Dragonite
|move|p1b: Ursaluna|Protect|p1b: Ursaluna
|-singleturn|p1b: Ursaluna|Protect
|move|p2a: Pelipper|Weather Ball|p1b: Ursaluna
|-activate|p1b: Ursaluna|move: Protect
|move|p2b: Archaludon|Electro Shot||[still]
|-prepare|p2b: Archaludon|Electro Shot
|-boost|p2b: Archaludon|spa|1
|-anim|p2b: Archaludon|Electro Shot|p1a: Dragonite
|-damage|p1a: Dragonite|0 fnt
|faint|p1a: Dragonite
|
|-weather|none
|-sideend|p2: maish|move: Tailwind
|-status|p1b: Ursaluna|brn|[from] item: Flame Orb
|upkeep
|turn|8
|inactive|maish has 30 seconds left.
|
|t:|1756649314
|switch|p2a: Amoonguss|Amoonguss, L50, F, shiny|100/100
|move|p2b: Archaludon|Body Press|p1b: Ursaluna
|-supereffective|p1b: Ursaluna
|-damage|p1b: Ursaluna|50/100 brn
|move|p1b: Ursaluna|Facade|p2b: Archaludon
|-damage|p2b: Archaludon|0 fnt
|faint|p2b: Archaludon
|
|-damage|p1b: Ursaluna|44/100 brn|[from] brn
|upkeep
|
|t:|1756649322
|switch|p2b: Pelipper|Pelipper, L50, M, shiny|3/100
|-weather|RainDance|[from] ability: Drizzle|[of] p2b: Pelipper
|turn|9
|
|t:|1756649330
|move|p2a: Amoonguss|Rage Powder|p2a: Amoonguss
|-singleturn|p2a: Amoonguss|move: Rage Powder
|move|p2b: Pelipper|Weather Ball|p1b: Ursaluna
|-supereffective|p1b: Ursaluna
|-damage|p1b: Ursaluna|0 fnt
|faint|p1b: Ursaluna
|
|win|maish
