|j|☆x25133
|j|☆kojay
|html|x25133kojay    
|uhtml|bestof|Game 1 of a best-of-3
|t:|1756667457
|gametype|doubles
|player|p1|x25133|lucas|1000
|player|p2|kojay|kamado-armor|1053
|gen|9
|tier|[Gen 9] VGC 2025 Reg H (Bo3)
|rated|
|rule|Species Clause: Limit one of each Pokémon
|rule|Item Clause: Limit 1 of each item
|clearpoke
|poke|p1|Ceruledge, L50, F|
|poke|p1|Torkoal, L50, M|
|poke|p1|Lilligant, L50, F|
|poke|p1|Dachsbun, L50, M|
|poke|p1|Whimsicott, L50, F|
|poke|p1|Scovillain, L50, F|
|poke|p2|Garchomp, L50, M|
|poke|p2|Sneasler, L50, M|
|poke|p2|Incineroar, L50, M|
|poke|p2|Dragonite, L50, M|
|poke|p2|Gholdengo, L50|
|poke|p2|Vivillon, L50, F|
|teampreview|4
|showteam|p1|Ceruledge||FocusSash|FlashFire|BitterBlade,SwordsDance,ShadowClaw,DragonClaw|||F|||50|,,,,,Fire]Torkoal||HeatRock|Drought|LavaPlume,Eruption,ClearSmog,BodyPress|||M|||50|,,,,,Fire]Lilligant||RockyHelmet|Chlorophyll|QuiverDance,SolarBeam,PollenPuff,GigaDrain|||F|||50|,,,,,Poison]Dachsbun||AssaultVest|WellBakedBody|BodyPress,Crunch,BodySlam,PlayRough|||M|||50|,,,,,Steel]Whimsicott||CovertCloak|Prankster|SunnyDay,LightScreen,Moonblast,Encore|||F|||50|,,,,,Flying]Scovillain||Leftovers|Chlorophyll|EnergyBall,Flamethrower,TeraBlast,WillOWisp|||F|||50|,,,,,Rock
|showteam|p2|Garchomp||LifeOrb|RoughSkin|Earthquake,DragonClaw,StompingTantrum,Protect|||M|||50|,,,,,Ground]Sneasler||WhiteHerb|Unburden|Coaching,Protect,DireClaw,CloseCombat|||M|||50|,,,,,Ghost]Incineroar||SafetyGoggles|Intimidate|FakeOut,FlareBlitz,KnockOff,PartingShot|||M|||50|,,,,,Ghost]Dragonite||LoadedDice|InnerFocus|TeraBlast,ScaleShot,Tailwind,Protect|||M|||50|,,,,,Flying]Gholdengo||ChoiceScarf|GoodasGold|MakeItRain,ShadowBall,Trick,Thunderbolt||||||50|,,,,,Steel]Vivillon||FocusSash|CompoundEyes|Hurricane,SleepPowder,RagePowder,Protect|||F|||50|,,,,,Ghost
|inactive|Battle timer is ON: inactive players will automatically lose when time's up. (requested by x25133)
|inactive|kojay has 60 seconds left.
|
|t:|1756667511
|teamsize|p1|4
|teamsize|p2|4
|start
|switch|p1a: Torkoal|Torkoal, L50, M|100/100
|switch|p1b: Ceruledge|Ceruledge, L50, F|100/100
|switch|p2a: Dragonite|Dragonite, L50, M, shiny|100/100
|switch|p2b: Dalinar|Incineroar, L50, M, shiny|100/100
|-ability|p2b: Dalinar|Intimidate|boost
|-unboost|p1a: Torkoal|atk|1
|-unboost|p1b: Ceruledge|atk|1
|-weather|SunnyDay|[from] ability: Drought|[of] p1a: Torkoal
|turn|1
|inactive|kojay has 30 seconds left.
|inactive|kojay has 20 seconds left.
|
|t:|1756667547
|switch|p1a: Dachsbun|Dachsbun, L50, M|100/100
|move|p2b: Dalinar|Fake Out|p1a: Dachsbun
|-damage|p1a: Dachsbun|90/100
|move|p1b: Ceruledge|Dragon Claw|p2a: Dragonite
|-supereffective|p2a: Dragonite
|-damage|p2a: Dragonite|65/100
|move|p2a: Dragonite|Scale Shot|p1b: Ceruledge
|-damage|p1b: Ceruledge|83/100
|-damage|p1b: Ceruledge|65/100
|-damage|p1b: Ceruledge|47/100
|-damage|p1b: Ceruledge|29/100
|-damage|p1b: Ceruledge|10/100
|-hitcount|p1b: Ceruledge|5
|-unboost|p2a: Dragonite|def|1
|-boost|p2a: Dragonite|spe|1
|
|-weather|SunnyDay|[upkeep]
|upkeep
|turn|2
|inactive|kojay has 30 seconds left.
|inactive|kojay has 20 seconds left.
|
|t:|1756667586
|-terastallize|p2a: Dragonite|Flying
|move|p2a: Dragonite|Tera Blast|p1b: Ceruledge|[anim] Tera Blast Flying
|-damage|p1b: Ceruledge|0 fnt
|faint|p1b: Ceruledge
|move|p1a: Dachsbun|Play Rough|p2a: Dragonite
|-damage|p2a: Dragonite|12/100
|move|p2b: Dalinar|Parting Shot|p1a: Dachsbun
|-unboost|p1a: Dachsbun|atk|1
|-unboost|p1a: Dachsbun|spa|1
|
|t:|1756667601
|switch|p2b: Kaladin|Garchomp, L50, M, shiny|100/100|[from] Parting Shot
|
|-weather|SunnyDay|[upkeep]
|upkeep
|
|t:|1756667605
|switch|p1b: Lilligant|Lilligant, L50, F|100/100
|turn|3
|inactive|kojay has 30 seconds left.
|inactive|kojay has 20 seconds left.
|inactive|kojay has 15 seconds left.
|
|t:|1756667648
|switch|p1a: Torkoal|Torkoal, L50, M|100/100
|move|p1b: Lilligant|Giga Drain|p2a: Dragonite
|-resisted|p2a: Dragonite
|-damage|p2a: Dragonite|0 fnt
|faint|p2a: Dragonite
|move|p2b: Kaladin|Earthquake|p1b: Lilligant|[spread] p1a,p1b
|-supereffective|p1a: Torkoal
|-resisted|p1b: Lilligant
|-damage|p1a: Torkoal|28/100
|-damage|p1b: Lilligant|64/100
|-damage|p2b: Kaladin|91/100|[from] item: Life Orb
|
|-weather|SunnyDay|[upkeep]
|upkeep
|
|t:|1756667661
|switch|p2a: Dalinar|Incineroar, L50, M, shiny|100/100
|-ability|p2a: Dalinar|Intimidate|boost
|-unboost|p1a: Torkoal|atk|1
|-unboost|p1b: Lilligant|atk|1
|turn|4
|
|t:|1756667669
|switch|p1a: Dachsbun|Dachsbun, L50, M|90/100
|move|p2a: Dalinar|Fake Out|p1b: Lilligant
|-damage|p1b: Lilligant|45/100
|-damage|p2a: Dalinar|84/100|[from] item: Rocky Helmet|[of] p1b: Lilligant
|cant|p1b: Lilligant|flinch
|move|p2b: Kaladin|Stomping Tantrum|p1a: Dachsbun
|-damage|p1a: Dachsbun|49/100
|-damage|p2b: Kaladin|81/100|[from] item: Life Orb
|
|-weather|SunnyDay|[upkeep]
|upkeep
|turn|5
|
|t:|1756667679
|move|p2b: Kaladin|Protect|p2b: Kaladin
|-singleturn|p2b: Kaladin|Protect
|move|p1b: Lilligant|Giga Drain|p2b: Kaladin
|-activate|p2b: Kaladin|move: Protect
|move|p1a: Dachsbun|Play Rough|p2a: Dalinar
|-damage|p2a: Dalinar|57/100
|-unboost|p2a: Dalinar|atk|1
|move|p2a: Dalinar|Flare Blitz|p1b: Lilligant
|-supereffective|p1b: Lilligant
|-damage|p1b: Lilligant|0 fnt
|-damage|p2a: Dalinar|41/100|[from] item: Rocky Helmet|[of] p1b: Lilligant
|faint|p1b: Lilligant
|-damage|p2a: Dalinar|30/100|[from] Recoil
|
|-weather|SunnyDay|[upkeep]
|upkeep
|
|t:|1756667690
|switch|p1b: Torkoal|Torkoal, L50, M|28/100
|turn|6
|
|t:|1756667703
|move|p2b: Kaladin|Earthquake|p1b: Torkoal|[spread] p2a,p1a,p1b
|-supereffective|p2a: Dalinar
|-supereffective|p1b: Torkoal
|-damage|p2a: Dalinar|0 fnt
|-damage|p1a: Dachsbun|5/100
|-damage|p1b: Torkoal|0 fnt
|faint|p2a: Dalinar
|faint|p1b: Torkoal
|-damage|p2b: Kaladin|71/100|[from] item: Life Orb
|move|p1a: Dachsbun|Play Rough|p2b: Kaladin
|-supereffective|p2b: Kaladin
|-damage|p2b: Kaladin|14/100
|-damage|p1a: Dachsbun|0 fnt|[from] ability: Rough Skin|[of] p2b: Kaladin
|faint|p1a: Dachsbun
|
|win|kojay
