|j|☆itzmigue7u7
|j|☆testdigi
|html|itzmigue7u7testdigi    
|uhtml|bestof|Game 2 of a best-of-3
|t:|1784308604
|gametype|doubles
|player|p1|itzmigue7u7|ingo|1029
|player|p2|testdigi|1|1059
|gen|9
|tier|[Gen 9 Champions] VGC 2026 Reg M-B (Bo3)
|rated|
|rule|Species Clause: Limit one of each Pokémon
|rule|Item Clause: Limit 1 of each item
|clearpoke
|poke|p1|Staraptor, L50, M|
|poke|p1|Sinistcha, L50|
|poke|p1|Sylveon, L50, M|
|poke|p1|Garchomp, L50, F|
|poke|p1|Basculegion, L50, M|
|poke|p1|Incineroar, L50, M|
|poke|p2|Sneasler, L50, M|
|poke|p2|Delphox, L50, F, shiny|
|poke|p2|Kingambit, L50, F, shiny|
|poke|p2|Sinistcha, L50|
|poke|p2|Incineroar, L50, F|
|poke|p2|Blastoise, L50, F|
|teampreview|4
|showteam|p1|Staraptor||Staraptite|Intimidate|CloseCombat,Roost,DualWingbeat,Protect|Adamant||M|||50|]Sinistcha||FocusSash|Hospitality|MatchaGotcha,RagePowder,Reflect,StrengthSap|Modest|||||50|]Sylveon||Leftovers|Pixilate|HelpingHand,HyperVoice,Protect,MysticalFire|Calm||M|||50|]Garchomp||LifeOrb|RoughSkin|PoisonJab,DragonClaw,Earthquake,Protect|Jolly||F|||50|]Basculegion||ChoiceScarf|Adaptability|PsychicFangs,WaveCrash,FlipTurn,LastRespects|Hasty||M|||50|]Incineroar||SitrusBerry|Intimidate|FakeOut,PartingShot,FlareBlitz,IronHead|Adamant||M|||50|
|showteam|p2|Sneasler||FocusSash|PoisonTouch|PoisonJab,QuickGuard,CloseCombat,FakeOut|Jolly||M|||50|]Delphox||Delphoxite|Blaze|HeatWave,Psychic,NastyPlot,Protect|Timid||F|||50|]Kingambit||LifeOrb|Defiant|KowtowCleave,SuckerPunch,SwordsDance,Protect|Adamant||F|||50|]Sinistcha||ColburBerry|Hospitality|MatchaGotcha,RagePowder,TrickRoom,Protect|Bold|||||50|]Incineroar||SitrusBerry|Intimidate|FlareBlitz,HelpingHand,PartingShot,FakeOut|Impish||F|||50|]Blastoise||Blastoisinite|RainDish|WaterSpout,DarkPulse,ShellSmash,Protect|Modest||F|||50|
|inactive|Battle timer is ON: inactive players will automatically lose when time's up. (requested by itzmigue7u7)
|
|t:|1784308640
|teamsize|p1|4
|teamsize|p2|4
|start
|switch|p1a: Garchomp|Garchomp, L50, F|100/100
|switch|p1b: Incineroar|Incineroar, L50, M|100/100
|switch|p2a: Incineroar|Incineroar, L50, F|100/100
|switch|p2b: Blastoise|Blastoise, L50, F|100/100
|-ability|p2a: Incineroar|Intimidate|boost
|-unboost|p1a: Garchomp|atk|1
|-unboost|p1b: Incineroar|atk|1
|-ability|p1b: Incineroar|Intimidate|boost
|-unboost|p2a: Incineroar|atk|1
|-unboost|p2b: Blastoise|atk|1
|turn|1
|inactive|itzmigue7u7 has 30 seconds left.
|
|t:|1784308670
|detailschange|p2b: Blastoise|Blastoise-Mega, L50, F
|-mega|p2b: Blastoise|Blastoise|Blastoisinite
|move|p2b: Blastoise|Protect|p2b: Blastoise
|-singleturn|p2b: Blastoise|Protect
|move|p1b: Incineroar|Fake Out|p1a: Garchomp
|-damage|p1a: Garchomp|89/100
|-damage|p1b: Incineroar|87/100|[from] ability: Rough Skin|[of] p1a: Garchomp
|cant|p1a: Garchomp|flinch
|move|p2a: Incineroar|Parting Shot|p1a: Garchomp
|-unboost|p1a: Garchomp|atk|1
|-unboost|p1a: Garchomp|spa|1
|
|t:|1784308688
|switch|p2a: Sneasler|Sneasler, L50, M|100/100|[from] Parting Shot
|
|upkeep
|turn|2
|
|t:|1784308701
|switch|p1b: Staraptor|Staraptor, L50, M|100/100
|-ability|p1b: Staraptor|Intimidate|boost
|-unboost|p2a: Sneasler|atk|1
|-unboost|p2b: Blastoise|atk|1
|move|p2a: Sneasler|Fake Out|p1a: Garchomp
|-damage|p1a: Garchomp|78/100
|-damage|p2a: Sneasler|87/100|[from] ability: Rough Skin|[of] p1a: Garchomp
|cant|p1a: Garchomp|flinch
|move|p2b: Blastoise|Shell Smash|p2b: Blastoise
|-unboost|p2b: Blastoise|def|1
|-unboost|p2b: Blastoise|spd|1
|-boost|p2b: Blastoise|atk|2
|-boost|p2b: Blastoise|spa|2
|-boost|p2b: Blastoise|spe|2
|
|upkeep
|turn|3
|inactive|itzmigue7u7 has 30 seconds left.
|
|t:|1784308727
|detailschange|p1b: Staraptor|Staraptor-Mega, L50, M
|-mega|p1b: Staraptor|Staraptor|Staraptite
|move|p2b: Blastoise|Water Spout|p1a: Garchomp|[spread] p1a,p1b
|-damage|p1a: Garchomp|0 fnt
|-damage|p1b: Staraptor|0 fnt
|faint|p1a: Garchomp
|faint|p1b: Staraptor
|move|p2a: Sneasler|Close Combat|p1: Garchomp|[notarget]
|-fail|p2a: Sneasler
|
|upkeep
|
|t:|1784308733
|switch|p1a: Incineroar|Incineroar, L50, M|87/100
|switch|p1b: Sylveon|Sylveon, L50, M|100/100
|-ability|p1a: Incineroar|Intimidate|boost
|-unboost|p2a: Sneasler|atk|1
|-unboost|p2b: Blastoise|atk|1
|turn|4
|
|t:|1784308741
|move|p2a: Sneasler|Quick Guard|p2a: Sneasler
|-singleturn|p2a: Sneasler|Quick Guard
|move|p1a: Incineroar|Fake Out|p2a: Sneasler
|-activate|p2a: Sneasler|move: Quick Guard
|move|p2b: Blastoise|Water Spout|p1a: Incineroar|[spread] p1a,p1b
|-supereffective|p1a: Incineroar|1
|-damage|p1a: Incineroar|0 fnt
|-damage|p1b: Sylveon|34/100
|faint|p1a: Incineroar
|move|p1b: Sylveon|Hyper Voice|p2b: Blastoise|[spread] p2a,p2b
|-damage|p2a: Sneasler|46/100
|-damage|p2b: Blastoise|54/100
|
|-heal|p1b: Sylveon|40/100|[from] item: Leftovers
|upkeep
|turn|5
|
|t:|1784308749
|move|p2b: Blastoise|Water Spout|p1b: Sylveon
|-damage|p1b: Sylveon|0 fnt
|faint|p1b: Sylveon
|
|win|testdigi
|l|☆itzmigue7u7
|player|p1|
||testdigi is ready for game 3.
||itzmigue7u7 is ready for game 3.
|uhtml|next|Next: Game 3 of 3
