|j|☆Urkfkffk
|j|☆oapals121
|html|Urkfkffkoapals121    
|uhtml|bestof|Game 1 of a best-of-3
|t:|1786147566
|gametype|doubles
|player|p1|Urkfkffk|bellelba|1091
|player|p2|oapals121|blue|1150
|gen|9
|tier|[Gen 9 Champions] VGC 2026 Reg M-B (Bo3)
|rated|
|rule|Species Clause: Limit one of each Pokémon
|rule|Item Clause: Limit 1 of each item
|clearpoke
|poke|p1|Raichu, L50, M|
|poke|p1|Heliolisk, L50, M|
|poke|p1|Sceptile, L50, F|
|poke|p1|Weavile, L50, M|
|poke|p1|Infernape, L50, F|
|poke|p1|Excadrill, L50, M|
|poke|p2|Aerodactyl, L50, M|
|poke|p2|Kingambit, L50, M|
|poke|p2|Farigiraf, L50, F|
|poke|p2|Sylveon, L50, F|
|poke|p2|Charizard, L50, M|
|poke|p2|Garchomp, L50, M|
|teampreview|4
|showteam|p1|Raichu||RaichuniteX|Static|Protect,HelpingHand,FakeOut,VoltTackle|Jolly||M|||50|]Heliolisk||ChoiceScarf|SolarPower|Discharge,HyperVoice,FocusBlast,DarkPulse|Timid||M|||50|]Sceptile||Sceptilite|Overgrow|DragonPulse,GigaDrain,EarthPower,Protect|Timid||F|||50|]Weavile||NeverMeltIce|Pressure|IceShard,KnockOff,FakeOut,Protect|Jolly||M|||50|]Infernape||LifeOrb|IronFist|MachPunch,Uturn,FirePunch,Protect|Jolly||F|||50|]Excadrill||FocusSash|SandRush|IronHead,HighHorsepower,BrickBreak,Protect|Adamant||M|||50|
|showteam|p2|Aerodactyl||Aerodactylite|Unnerve|RockSlide,DualWingbeat,IceFang,Tailwind|Jolly||M|||50|]Kingambit||FocusSash|Defiant|KowtowCleave,IronHead,SuckerPunch,LowKick|Adamant||M|||50|]Farigiraf||SitrusBerry|ArmorTail|Psychic,Thunderbolt,TrickRoom,Protect|Quiet||F|||50|]Sylveon||FairyFeather|Pixilate|HyperVoice,Yawn,QuickAttack,Detect|Modest||F|||50|]Charizard||CharizarditeY|Blaze|HeatWave,SolarBeam,WeatherBall,Protect|Modest||M|||50|]Garchomp||LifeOrb|RoughSkin|Earthquake,DragonClaw,RockSlide,Protect|Jolly||M|||50|
|inactive|Battle timer is ON: inactive players will automatically lose when time's up. (requested by Urkfkffk)
|inactive|Urkfkffk has 60 seconds left.
|inactive|oapals121 has 60 seconds left.
|
|t:|1786147601
|teamsize|p1|4
|teamsize|p2|4
|start
|switch|p1a: Raichu|Raichu, L50, M|100/100
|switch|p1b: Heliolisk|Heliolisk, L50, M|100/100
|switch|p2a: Farigiraf|Farigiraf, L50, F|100/100
|switch|p2b: Kingambit|Kingambit, L50, M|100/100
|turn|1
|
|t:|1786147614
|detailschange|p1a: Raichu|Raichu-Mega-X, L50, M
|-mega|p1a: Raichu|Raichu|Raichunite X
|-fieldstart|move: Electric Terrain|[from] ability: Electric Surge|[of] p1a: Raichu
|move|p1a: Raichu|Protect|p1a: Raichu
|-singleturn|p1a: Raichu|Protect
|move|p1b: Heliolisk|Discharge|p2a: Farigiraf|[spread] p2a,p2b
|-activate|p1a: Raichu|move: Protect
|-damage|p2a: Farigiraf|70/100
|-damage|p2b: Kingambit|61/100
|-status|p2a: Farigiraf|par
|move|p2b: Kingambit|Kowtow Cleave|p1a: Raichu
|-activate|p1a: Raichu|move: Protect
|cant|p2a: Farigiraf|par
|
|upkeep
|turn|2
|
|t:|1786147635
|move|p1b: Heliolisk|Discharge|p2a: Farigiraf|[spread] p1a,p2a,p2b
|-resisted|p1a: Raichu|1
|-damage|p1a: Raichu|73/100
|-damage|p2a: Farigiraf|40/100 par
|-damage|p2b: Kingambit|20/100r
|-enditem|p2a: Farigiraf|Sitrus Berry|[eat]
|-heal|p2a: Farigiraf|65/100 par|[from] item: Sitrus Berry
|move|p1a: Raichu|Volt Tackle|p2b: Kingambit
|-damage|p2b: Kingambit|0 fnt
|faint|p2b: Kingambit
|-damage|p1a: Raichu|64/100|[from] Recoil
|move|p2a: Farigiraf|Trick Room|p2a: Farigiraf
|-fieldstart|move: Trick Room|[of] p2a: Farigiraf
|
|upkeep
|
|t:|1786147644
|switch|p2b: Garchomp|Garchomp, L50, M|100/100
|turn|3
|
|t:|1786147655
|switch|p1a: Excadrill|Excadrill, L50, M|100/100
|move|p2a: Farigiraf|Protect|p2a: Farigiraf
|-singleturn|p2a: Farigiraf|Protect
|move|p2b: Garchomp|Earthquake|p1a: Excadrill|[spread] p1a,p1b
|-activate|p2a: Farigiraf|move: Protect
|-supereffective|p1a: Excadrill|1
|-supereffective|p1b: Heliolisk|1
|-enditem|p1a: Excadrill|Focus Sash
|-damage|p1a: Excadrill|1/100
|-damage|p1b: Heliolisk|0 fnt
|faint|p1b: Heliolisk
|-damage|p2b: Garchomp|90/100|[from] item: Life Orb
|
|upkeep
|
|t:|1786147672
|switch|p1b: Raichu|Raichu-Mega-X, L50, M|64/100
|turn|4
|
|t:|1786147684
|move|p2a: Farigiraf|Protect||[still]
|-fail|p2a: Farigiraf
|move|p1a: Excadrill|High Horsepower|p2b: Garchomp
|-damage|p2b: Garchomp|36/100
|-damage|p1a: Excadrill|0 fnt|[from] ability: Rough Skin|[of] p2b: Garchomp
|faint|p1a: Excadrill
|move|p2b: Garchomp|Earthquake|p1b: Raichu|[spread] p2a,p1b
|-supereffective|p1b: Raichu|1
|-damage|p2a: Farigiraf|20/100y par
|-damage|p1b: Raichu|0 fnt
|faint|p1b: Raichu
|-damage|p2b: Garchomp|27/100|[from] item: Life Orb
|
|upkeep
|
|t:|1786147698
|switch|p1b: Weavile|Weavile, L50, M|100/100
|-ability|p1b: Weavile|Pressure
|turn|5
|
|t:|1786147709
|move|p2a: Farigiraf|Thunderbolt|p1b: Weavile
|-damage|p1b: Weavile|52/100
|move|p2b: Garchomp|Rock Slide|p1b: Weavile
|-supereffective|p1b: Weavile|1
|-damage|p1b: Weavile|0 fnt
|faint|p1b: Weavile
|-damage|p2b: Garchomp|17/100|[from] item: Life Orb
|
|win|oapals121
||Urkfkffk is ready for game 2.
