|j|☆Pelosis
|j|☆townline
|html|Pelosistownline    
|uhtml|bestof|Game 2 of a best-of-3
|t:|1783965611
|gametype|doubles
|player|p1|Pelosis|265|1011
|player|p2|townline|266|1108
|gen|9
|tier|[Gen 9 Champions] VGC 2026 Reg M-B (Bo3)
|rated|
|rule|Species Clause: Limit one of each Pokémon
|rule|Item Clause: Limit 1 of each item
|clearpoke
|poke|p1|Mawile, L50, F|
|poke|p1|Farigiraf, L50, M|
|poke|p1|Incineroar, L50, M|
|poke|p1|Torkoal, L50, F|
|poke|p1|Venusaur, L50, F|
|poke|p1|Scrafty, L50, F|
|poke|p2|Staraptor, L50, F|
|poke|p2|Feraligatr, L50, M|
|poke|p2|Gholdengo, L50|
|poke|p2|Vileplume, L50, M|
|poke|p2|Sceptile, L50, F|
|poke|p2|Houndoom, L50, F|
|teampreview|4
|showteam|p1|Mawile||Mawilite|HyperCutter|Protect,PlayRough,SwordsDance,SuckerPunch|Brave||F|||50|]Farigiraf||SitrusBerry|ArmorTail|TrickRoom,TwinBeam,Thunderbolt,HelpingHand|Quiet||M|||50|]Incineroar||WhiteHerb|Intimidate|FakeOut,CloseCombat,FlareBlitz,ThroatChop|Brave||M|||50|]Torkoal||Charcoal|Drought|Protect,Eruption,HeatWave,WeatherBall|Quiet||F|||50|]Venusaur||FocusSash|Chlorophyll|SleepPowder,EarthPower,EnergyBall,SludgeBomb|Modest||F|||50|]Scrafty||Scraftinite|Intimidate|FakeOut,CloseCombat,KnockOff,IcePunch|Brave||F|||50|
|showteam|p2|Staraptor||Staraptite|Intimidate|BraveBird,CloseCombat,Protect,Roost|Jolly||F|||50|]Feraligatr||LifeOrb|SheerForce|Liquidation,RockSlide,AquaJet,IcePunch|Adamant||M|||50|]Gholdengo||SitrusBerry|GoodasGold|MakeItRain,NastyPlot,Protect,ShadowBall|Modest|||||50|]Vileplume||BigRoot|EffectSpore|SludgeBomb,GigaDrain,StrengthSap,LeechSeed|Relaxed||M|||50|]Sceptile||WhiteHerb|Unburden|LeafStorm,RockTomb,QuickGuard,EarthPower|Serious||F|||50|]Houndoom||FocusSash|FlashFire|SuckerPunch,HeatWave,Protect,Snarl|Hasty||F|||50|
|inactive|Battle timer is ON: inactive players will automatically lose when time's up. (requested by Pelosis)
|
|t:|1783965655
|teamsize|p1|4
|teamsize|p2|4
|start
|switch|p1a: Incineroar|Incineroar, L50, M|100/100
|switch|p1b: Farigiraf|Farigiraf, L50, M|100/100
|switch|p2a: Gholdengo|Gholdengo, L50|100/100
|switch|p2b: Houndoom|Houndoom, L50, F|100/100
|-ability|p1a: Incineroar|Intimidate|boost
|-unboost|p2a: Gholdengo|atk|1
|-unboost|p2b: Houndoom|atk|1
|turn|1
|inactive|townline has 30 seconds left.
|
|t:|1783965687
|move|p2b: Houndoom|Protect|p2b: Houndoom
|-singleturn|p2b: Houndoom|Protect
|move|p1a: Incineroar|Fake Out|p2b: Houndoom
|-activate|p2b: Houndoom|move: Protect
|move|p2a: Gholdengo|Nasty Plot|p2a: Gholdengo
|-boost|p2a: Gholdengo|spa|2
|move|p1b: Farigiraf|Trick Room|p1b: Farigiraf
|-fieldstart|move: Trick Room|[of] p1b: Farigiraf
|
|upkeep
|turn|2
|inactive|Pelosis has 30 seconds left.
|inactive|townline has 30 seconds left.
|inactive|Pelosis has 20 seconds left.
|inactive|Pelosis has 15 seconds left.
|
|t:|1783965731
|move|p1b: Farigiraf|Thunderbolt|p2b: Houndoom
|-damage|p2b: Houndoom|64/100
|move|p1a: Incineroar|Close Combat|p2b: Houndoom
|-supereffective|p2b: Houndoom|1
|-damage|p2b: Houndoom|0 fnt
|-unboost|p1a: Incineroar|def|1
|-unboost|p1a: Incineroar|spd|1
|faint|p2b: Houndoom
|-enditem|p1a: Incineroar|White Herb
|-clearnegativeboost|p1a: Incineroar|[silent]
|move|p2a: Gholdengo|Make It Rain|p1b: Farigiraf|[spread] p1a,p1b
|-resisted|p1a: Incineroar|1
|-damage|p1a: Incineroar|55/100
|-damage|p1b: Farigiraf|8/100
|-unboost|p2a: Gholdengo|spa|2
|-enditem|p1b: Farigiraf|Sitrus Berry|[eat]
|-heal|p1b: Farigiraf|33/100|[from] item: Sitrus Berry
|
|upkeep
|inactive|townline has 30 seconds left.
|
|t:|1783965759
|switch|p2b: Feraligatr|Feraligatr, L50, M|100/100
|turn|3
|
|t:|1783965782
|switch|p1b: Torkoal|Torkoal, L50, F|100/100
|-weather|SunnyDay|[from] ability: Drought|[of] p1b: Torkoal
|move|p1a: Incineroar|Close Combat|p2b: Feraligatr
|-damage|p2b: Feraligatr|59/100
|-unboost|p1a: Incineroar|def|1
|-unboost|p1a: Incineroar|spd|1
|move|p2b: Feraligatr|Rock Slide|p1a: Incineroar|[spread] p1a,p1b
|-supereffective|p1a: Incineroar|1
|-supereffective|p1b: Torkoal|1
|-damage|p1a: Incineroar|0 fnt
|-damage|p1b: Torkoal|55/100
|faint|p1a: Incineroar
|move|p2a: Gholdengo|Make It Rain|p1b: Torkoal
|-resisted|p1b: Torkoal|1
|-damage|p1b: Torkoal|16/100
|-unboost|p2a: Gholdengo|spa|2
|
|-weather|SunnyDay|[upkeep]
|upkeep
|
|t:|1783965803
|switch|p1a: Mawile|Mawile, L50, F|100/100
|turn|4
|inactive|townline has 30 seconds left.
|inactive|townline has 20 seconds left.
|inactive|townline has 15 seconds left.
|
|t:|1783965845
|detailschange|p1a: Mawile|Mawile-Mega, L50, F
|-mega|p1a: Mawile|Mawile|Mawilite
|move|p2a: Gholdengo|Protect|p2a: Gholdengo
|-singleturn|p2a: Gholdengo|Protect
|move|p1b: Torkoal|Weather Ball|p2a: Gholdengo
|-activate|p2a: Gholdengo|move: Protect
|move|p1a: Mawile|Play Rough|p2b: Feraligatr|[miss]
|-miss|p1a: Mawile|p2b: Feraligatr
|move|p2b: Feraligatr|Rock Slide|p1a: Mawile|[spread] p1b
|-miss|p2b: Feraligatr|p1a: Mawile
|-supereffective|p1b: Torkoal|1
|-damage|p1b: Torkoal|0 fnt
|faint|p1b: Torkoal
|
|-weather|SunnyDay|[upkeep]
|upkeep
|
|t:|1783965859
|switch|p1b: Farigiraf|Farigiraf, L50, M|33/100
|turn|5
|
|t:|1783965883
|move|p1a: Mawile|Swords Dance|p1a: Mawile
|-boost|p1a: Mawile|atk|2
|move|p1b: Farigiraf|Thunderbolt|p2b: Feraligatr
|-supereffective|p2b: Feraligatr|1
|-damage|p2b: Feraligatr|10/100
|move|p2b: Feraligatr|Rock Slide|p1b: Farigiraf|[spread] p1a,p1b
|-resisted|p1a: Mawile|1
|-damage|p1a: Mawile|86/100
|-damage|p1b: Farigiraf|7/100
|move|p2a: Gholdengo|Nasty Plot|p2a: Gholdengo
|-boost|p2a: Gholdengo|spa|2
|
|-weather|SunnyDay|[upkeep]
|-fieldend|move: Trick Room
|upkeep
|turn|6
|inactive|townline has 30 seconds left.
|
|t:|1783965910
|move|p1a: Mawile|Sucker Punch|p2a: Gholdengo
|-supereffective|p2a: Gholdengo|1
|-damage|p2a: Gholdengo|0 fnt
|faint|p2a: Gholdengo
|move|p2b: Feraligatr|Rock Slide|p1a: Mawile|[spread] p1a,p1b
|-resisted|p1a: Mawile|1
|-damage|p1a: Mawile|74/100
|-damage|p1b: Farigiraf|0 fnt
|faint|p1b: Farigiraf
|
|-weather|SunnyDay|[upkeep]
|upkeep
|
|t:|1783965918
|switch|p2a: Staraptor|Staraptor, L50, F|100/100
|-ability|p2a: Staraptor|Intimidate|boost
|-unboost|p1a: Mawile|atk|1
|turn|7
|
|t:|1783965933
|detailschange|p2a: Staraptor|Staraptor-Mega, L50, F
|-mega|p2a: Staraptor|Staraptor|Staraptite
|move|p2a: Staraptor|Close Combat|p1a: Mawile
|-damage|p1a: Mawile|20/100y
|-boost|p2a: Staraptor|def|1
|-boost|p2a: Staraptor|spd|1
|move|p2b: Feraligatr|Liquidation|p1a: Mawile
|-damage|p1a: Mawile|0 fnt
|faint|p1a: Mawile
|
|win|townline
||Pelosis is ready for game 3.
|inactive|townline has 30 seconds to confirm battle start!
