|j|☆vilan333
|j|☆toxalicious
|html|vilan333toxalicious    
|uhtml|bestof|Game 1 of a best-of-3
|t:|1784650194
|gametype|doubles
|player|p1|vilan333|marshal|1238
|player|p2|toxalicious|169|1135
|gen|9
|tier|[Gen 9 Champions] VGC 2026 Reg M-B (Bo3)
|rated|
|rule|Species Clause: Limit one of each Pokémon
|rule|Item Clause: Limit 1 of each item
|clearpoke
|poke|p1|Charizard, L50, F|
|poke|p1|Aerodactyl, L50, F|
|poke|p1|Garchomp, L50, M|
|poke|p1|Sylveon, L50, F|
|poke|p1|Farigiraf, L50, M|
|poke|p1|Incineroar, L50, F|
|poke|p2|Metagross, L50|
|poke|p2|Grimmsnarl, L50, M|
|poke|p2|Floette-Eternal, L50, F|
|poke|p2|Sinistcha, L50|
|poke|p2|Tyranitar, L50, F|
|poke|p2|Sneasler, L50, M|
|teampreview|4
|showteam|p1|Charizard||CharizarditeY|Blaze|Protect,HeatWave,WeatherBall,SolarBeam|Modest||F|||50|]Aerodactyl||FocusSash|RockHead|Protect,WideGuard,Tailwind,RockSlide|Jolly||F|||50|]Garchomp||LifeOrb|RoughSkin|DragonClaw,Protect,RockSlide,Earthquake|Jolly||M|||50|]Sylveon||FairyFeather|Pixilate|HyperBeam,Detect,HyperVoice,QuickAttack|Modest||F|||50|]Farigiraf||SitrusBerry|ArmorTail|Psyshock,Thunderbolt,TrickRoom,Protect|Bold||M|||50|]Incineroar||Charcoal|Intimidate|PartingShot,FakeOut,FlareBlitz,ThroatChop|Brave||F|||50|
|showteam|p2|Metagross||LumBerry|ClearBody|PsychicFangs,BulletPunch,BodyPress,Protect|Impish|||||50|]Grimmsnarl||RoseliBerry|Prankster|FakeOut,FoulPlay,Swagger,PartingShot|Careful||M|||50|]Floette-Eternal||Floettite|FlowerVeil|Protect,CalmMind,Moonblast,DazzlingGleam|Modest||F|||50|]Sinistcha||CobaBerry|Hospitality|Protect,TrickRoom,MatchaGotcha,RagePowder|Bold|||||50|]Tyranitar||Tyranitarite|SandStream|Protect,DragonDance,RockSlide,KnockOff|Adamant||F|||50|]Sneasler||FocusSash|PoisonTouch|FakeOut,CloseCombat,PoisonJab,QuickGuard|Jolly||M|||50|
|inactive|Battle timer is ON: inactive players will automatically lose when time's up. (requested by vilan333)
|
|t:|1784650253
|teamsize|p1|4
|teamsize|p2|4
|start
|switch|p1a: Aerodactyl|Aerodactyl, L50, F|100/100
|switch|p1b: Incineroar|Incineroar, L50, F|100/100
|switch|p2a: Sneasler|Sneasler, L50, M|100/100
|switch|p2b: Metagross|Metagross, L50|100/100
|-ability|p1b: Incineroar|Intimidate|boost
|-unboost|p2a: Sneasler|atk|1
|-fail|p2b: Metagross|unboost|[from] ability: Clear Body|[of] p2b: Metagross
|turn|1
|inactive|toxalicious has 30 seconds left.
|
|t:|1784650281
|move|p1a: Aerodactyl|Protect|p1a: Aerodactyl
|-singleturn|p1a: Aerodactyl|Protect
|move|p2a: Sneasler|Fake Out|p1b: Incineroar
|-damage|p1b: Incineroar|91/100
|move|p2b: Metagross|Bullet Punch|p1a: Aerodactyl
|-activate|p1a: Aerodactyl|move: Protect
|cant|p1b: Incineroar|flinch
|
|upkeep
|turn|2
|
|t:|1784650295
|switch|p2a: Tyranitar|Tyranitar, L50, F|100/100
|-weather|Sandstorm|[from] ability: Sand Stream|[of] p2a: Tyranitar
|move|p2b: Metagross|Protect|p2b: Metagross
|-singleturn|p2b: Metagross|Protect
|move|p1a: Aerodactyl|Tailwind|p1a: Aerodactyl
|-sidestart|p1: vilan333|move: Tailwind
|move|p1b: Incineroar|Flare Blitz|p2b: Metagross
|-activate|p2b: Metagross|move: Protect
|
|-weather|Sandstorm|[upkeep]
|-damage|p1b: Incineroar|85/100|[from] Sandstorm
|upkeep
|turn|3
|inactive|toxalicious has 30 seconds left.
|
|t:|1784650323
|switch|p1a: Garchomp|Garchomp, L50, M|100/100
|detailschange|p2a: Tyranitar|Tyranitar-Mega, L50, F
|-mega|p2a: Tyranitar|Tyranitar|Tyranitarite
|move|p1b: Incineroar|Flare Blitz|p2b: Metagross
|-supereffective|p2b: Metagross|1
|-damage|p2b: Metagross|0 fnt
|faint|p2b: Metagross
|-damage|p1b: Incineroar|54/100|[from] Recoil
|move|p2a: Tyranitar|Dragon Dance|p2a: Tyranitar
|-boost|p2a: Tyranitar|atk|1
|-boost|p2a: Tyranitar|spe|1
|
|-weather|Sandstorm|[upkeep]
|-damage|p1b: Incineroar|48/100|[from] Sandstorm
|upkeep
|
|t:|1784650337
|switch|p2b: Grimmsnarl|Grimmsnarl, L50, M|100/100
|turn|4
|
|t:|1784650348
|switch|p1b: Aerodactyl|Aerodactyl, L50, F|100/100
|move|p2b: Grimmsnarl|Fake Out|p1a: Garchomp
|-damage|p1a: Garchomp|88/100
|-damage|p2b: Grimmsnarl|87/100|[from] ability: Rough Skin|[of] p1a: Garchomp
|cant|p1a: Garchomp|flinch
|move|p2a: Tyranitar|Rock Slide|p1a: Garchomp|[spread] p1a,p1b
|-resisted|p1a: Garchomp|1
|-supereffective|p1b: Aerodactyl|1
|-damage|p1a: Garchomp|65/100
|-enditem|p1b: Aerodactyl|Focus Sash
|-damage|p1b: Aerodactyl|1/100
|
|-weather|Sandstorm|[upkeep]
|-damage|p2b: Grimmsnarl|81/100|[from] Sandstorm
|upkeep
|turn|5
|inactive|toxalicious has 30 seconds left.
|
|t:|1784650374
|move|p1b: Aerodactyl|Protect|p1b: Aerodactyl
|-singleturn|p1b: Aerodactyl|Protect
|move|p2a: Tyranitar|Protect|p2a: Tyranitar
|-singleturn|p2a: Tyranitar|Protect
|move|p2b: Grimmsnarl|Parting Shot|p1a: Garchomp
|-unboost|p1a: Garchomp|atk|1
|-unboost|p1a: Garchomp|spa|1
|
|t:|1784650385
|switch|p2b: Sneasler|Sneasler, L50, M|100/100|[from] Parting Shot
|move|p1a: Garchomp|Earthquake|p2b: Sneasler|[spread] p2b
|-activate|p1b: Aerodactyl|move: Protect
|-activate|p2a: Tyranitar|move: Protect
|-supereffective|p2b: Sneasler|1
|-enditem|p2b: Sneasler|Focus Sash
|-damage|p2b: Sneasler|1/100
|-damage|p1a: Garchomp|55/100|[from] item: Life Orb
|
|-weather|Sandstorm|[upkeep]
|-damage|p2b: Sneasler|0 fnt|[from] Sandstorm
|faint|p2b: Sneasler
|-sideend|p1: vilan333|move: Tailwind
|upkeep
|
|t:|1784650397
|switch|p2b: Grimmsnarl|Grimmsnarl, L50, M|81/100
|turn|6
|
|t:|1784650407
|switch|p1b: Incineroar|Incineroar, L50, F|48/100
|-ability|p1b: Incineroar|Intimidate|boost
|-unboost|p2a: Tyranitar|atk|1
|-unboost|p2b: Grimmsnarl|atk|1
|move|p2b: Grimmsnarl|Fake Out|p1b: Incineroar
|-damage|p1b: Incineroar|41/100
|move|p1a: Garchomp|Dragon Claw|p2a: Tyranitar
|-damage|p2a: Tyranitar|78/100
|-damage|p1a: Garchomp|46/100|[from] item: Life Orb
|move|p2a: Tyranitar|Knock Off|p1a: Garchomp
|-damage|p1a: Garchomp|0 fnt
|-damage|p2a: Tyranitar|66/100|[from] ability: Rough Skin|[of] p1a: Garchomp
|-enditem|p1a: Garchomp|Life Orb|[from] move: Knock Off|[of] p2a: Tyranitar
|faint|p1a: Garchomp
|
|-weather|none
|upkeep
|
|t:|1784650426
|switch|p1a: Aerodactyl|Aerodactyl, L50, F|1/100
|turn|7
|
|t:|1784650434
|move|p2a: Tyranitar|Protect|p2a: Tyranitar
|-singleturn|p2a: Tyranitar|Protect
|move|p1b: Incineroar|Fake Out|p2a: Tyranitar
|-activate|p2a: Tyranitar|move: Protect
|move|p1a: Aerodactyl|Tailwind|p1a: Aerodactyl
|-sidestart|p1: vilan333|move: Tailwind
|move|p2b: Grimmsnarl|Foul Play|p1a: Aerodactyl
|-damage|p1a: Aerodactyl|0 fnt
|faint|p1a: Aerodactyl
|
|upkeep
|
|t:|1784650446
|switch|p1a: Sylveon|Sylveon, L50, F|100/100
|turn|8
|
|t:|1784650459
|move|p2b: Grimmsnarl|Swagger|p1a: Sylveon
|-boost|p1a: Sylveon|atk|2
|-start|p1a: Sylveon|confusion
|-activate|p1a: Sylveon|confusion
|-damage|p1a: Sylveon|86/100|[from] confusion
|move|p2a: Tyranitar|Rock Slide|p1b: Incineroar|[spread] p1a,p1b
|-supereffective|p1b: Incineroar|1
|-damage|p1a: Sylveon|49/100
|-damage|p1b: Incineroar|0 fnt
|faint|p1b: Incineroar
|
|upkeep
|turn|9
|
|t:|1784650476
|-end|p1a: Sylveon|confusion
|move|p1a: Sylveon|Hyper Voice|p2a: Tyranitar|[spread] p2a,p2b
|-supereffective|p2a: Tyranitar|1
|-supereffective|p2b: Grimmsnarl|1
|-enditem|p2b: Grimmsnarl|Roseli Berry|[eat]
|-enditem|p2b: Grimmsnarl|Roseli Berry|[weaken]
|-damage|p2a: Tyranitar|0 fnt
|-damage|p2b: Grimmsnarl|38/100
|faint|p2a: Tyranitar
|move|p2b: Grimmsnarl|Foul Play|p1a: Sylveon
|-resisted|p1a: Sylveon|1
|-damage|p1a: Sylveon|25/100
|
|upkeep
|turn|10
|
|t:|1784650488
|move|p2b: Grimmsnarl|Swagger|p1a: Sylveon
|-boost|p1a: Sylveon|atk|2
|-start|p1a: Sylveon|confusion
|-activate|p1a: Sylveon|confusion
|-damage|p1a: Sylveon|7/100|[from] confusion
|
|-sideend|p1: vilan333|move: Tailwind
|upkeep
|turn|11
|
|t:|1784650496
|-activate|p1a: Sylveon|confusion
|move|p1a: Sylveon|Hyper Voice|p2b: Grimmsnarl
|-supereffective|p2b: Grimmsnarl|1
|-damage|p2b: Grimmsnarl|0 fnt
|faint|p2b: Grimmsnarl
|
|win|vilan333
