|j|â˜†bruGno
|j|â˜†EmanuelaOrlandiVGC
|html|bruGnoEmanuelaOrlandiVGC    
|uhtml|bestof|Game 1 of a best-of-3
|t:|1786181540
|gametype|doubles
|player|p1|bruGno|ash-kalos|1340
|player|p2|EmanuelaOrlandiVGC|kieran-champion|1330
|gen|9
|tier|[Gen 9 Champions] VGC 2026 Reg M-B (Bo3)
|rated|
|rule|Species Clause: Limit one of each PokÃ©mon
|rule|Item Clause: Limit 1 of each item
|clearpoke
|poke|p1|Staraptor, L50, F|
|poke|p1|Arcanine-Hisui, L50, M|
|poke|p1|Kingambit, L50, M|
|poke|p1|Sylveon, L50, M|
|poke|p1|Raichu, L50, F|
|poke|p1|Farigiraf, L50, M|
|poke|p2|Charizard, L50, M|
|poke|p2|Glimmora, L50, M|
|poke|p2|Whimsicott, L50, F|
|poke|p2|Ninetales-Alola, L50, F|
|poke|p2|Kingambit, L50, M|
|poke|p2|Kommo-o, L50, M|
|teampreview|4
|showteam|p1|Staraptor||Staraptite|Intimidate|DualWingbeat,CloseCombat,Tailwind,Protect|Jolly||F|||50|]Arcanine-Hisui||FocusSash|RockHead|FlareBlitz,HeadSmash,ExtremeSpeed,Protect|Jolly||M|||50|]Kingambit||LifeOrb|Defiant|KowtowCleave,SuckerPunch,SwordsDance,Protect|Adamant||M|||50|]Sylveon||FairyFeather|Pixilate|HyperVoice,HyperBeam,QuickAttack,Detect|Modest||M|||50|]Raichu||RaichuniteY|LightningRod|ZapCannon,FocusBlast,FakeOut,Protect|Timid||F|||50|]Farigiraf||SitrusBerry|ArmorTail|Psychic,HelpingHand,TrickRoom,Protect|Calm||M|||50|
|showteam|p2|Charizard||CharizarditeY|Blaze|HeatWave,WeatherBall,SolarBeam,Protect|Modest||M|||50|]Glimmora||Glimmoranite|ToxicDebris|SludgeBomb,PowerGem,EarthPower,SpikyShield|Modest||M|||50|]Whimsicott||FocusSash|Prankster|Moonblast,Tailwind,Encore,Protect|Timid||F|||50|]Ninetales-Alola||NeverMeltIce|SnowWarning|Blizzard,FreezeDry,Disable,Protect|Timid||F|||50|]Kingambit||BlackGlasses|Defiant|KowtowCleave,SuckerPunch,IronHead,Protect|Adamant||M|||50|]Kommo-o||LifeOrb|Overcoat|ClangingScales,AuraSphere,VacuumWave,Protect|Modest||M|||50|
|inactive|Battle timer is ON: inactive players will automatically lose when time's up. (requested by EmanuelaOrlandiVGC)
|inactive|bruGno has 60 seconds left.
|inactive|bruGno has 30 seconds left.
|
|t:|1786181642
|teamsize|p1|4
|teamsize|p2|4
|start
|switch|p1a: Raichu|Raichu, L50, F|100/100
|switch|p1b: Farigiraf|Farigiraf, L50, M|100/100
|switch|p2a: Whimsicott|Whimsicott, L50, F|100/100
|switch|p2b: Glimmora|Glimmora, L50, M|100/100
|turn|1
|inactive|bruGno has 30 seconds left.
|inactive|EmanuelaOrlandiVGC has 30 seconds left.
|inactive|bruGno has 20 seconds left.
|inactive|EmanuelaOrlandiVGC has 20 seconds left.
|inactive|bruGno has 15 seconds left.
|inactive|EmanuelaOrlandiVGC has 15 seconds left.
|
|t:|1786181687
|switch|p2b: Kommo-o|Kommo-o, L50, M|100/100
|move|p2a: Whimsicott|Protect|p2a: Whimsicott
|-singleturn|p2a: Whimsicott|Protect
|move|p1a: Raichu|Protect|p1a: Raichu
|-singleturn|p1a: Raichu|Protect
|move|p1b: Farigiraf|Psychic|p2b: Kommo-o
|-supereffective|p2b: Kommo-o|1
|-damage|p2b: Kommo-o|27/100
|
|upkeep
|turn|2
|
|t:|1786181703
|switch|p1a: Sylveon|Sylveon, L50, M|100/100
|move|p2a: Whimsicott|Tailwind|p2a: Whimsicott
|-sidestart|p2: EmanuelaOrlandiVGC|move: Tailwind
|move|p2b: Kommo-o|Clanging Scales|p1b: Farigiraf|[spread] p1b
|-immune|p1a: Sylveon
|-damage|p1b: Farigiraf|59/100
|-unboost|p2b: Kommo-o|def|1
|-damage|p2b: Kommo-o|17/100|[from] item: Life Orb
|move|p1b: Farigiraf|Trick Room|p1b: Farigiraf
|-fieldstart|move: Trick Room|[of] p1b: Farigiraf
|
|upkeep
|turn|3
|
|t:|1786181718
|move|p1b: Farigiraf|Psychic|p2a: Whimsicott
|-damage|p2a: Whimsicott|40/100
|move|p1a: Sylveon|Hyper Voice|p2b: Kommo-o|[spread] p2a,p2b
|-supereffective|p2b: Kommo-o|2
|-damage|p2a: Whimsicott|0 fnt
|-damage|p2b: Kommo-o|0 fnt
|faint|p2a: Whimsicott
|faint|p2b: Kommo-o
|
|upkeep
|
|t:|1786181725
|switch|p2b: Glimmora|Glimmora, L50, M|100/100
|switch|p2a: Kingambit|Kingambit, L50, M|100/100
|turn|4
|inactive|bruGno has 30 seconds left.
|
|t:|1786181759
|move|p2b: Glimmora|Spiky Shield|p2b: Glimmora
|-singleturn|p2b: Glimmora|move: Protect
|move|p1b: Farigiraf|Psychic|p2b: Glimmora
|-activate|p2b: Glimmora|move: Protect
|move|p1a: Sylveon|Hyper Voice|p2a: Kingambit|[spread] p2a
|-activate|p2b: Glimmora|move: Protect
|-damage|p2a: Kingambit|49/100
|move|p2a: Kingambit|Kowtow Cleave|p1b: Farigiraf
|-supereffective|p1b: Farigiraf|1
|-damage|p1b: Farigiraf|0 fnt
|faint|p1b: Farigiraf
|
|upkeep
|
|t:|1786181776
|switch|p1b: Raichu|Raichu, L50, F|100/100
|turn|5
|
|t:|1786181798
|detailschange|p1b: Raichu|Raichu-Mega-Y, L50, F
|-mega|p1b: Raichu|Raichu|Raichunite Y
|detailschange|p2b: Glimmora|Glimmora-Mega, L50, M
|-mega|p2b: Glimmora|Glimmora|Glimmoranite
|move|p2a: Kingambit|Protect|p2a: Kingambit
|-singleturn|p2a: Kingambit|Protect
|move|p1b: Raichu|Fake Out|p2b: Glimmora
|-resisted|p2b: Glimmora|1
|-damage|p2b: Glimmora|95/100
|move|p1a: Sylveon|Hyper Voice|p2b: Glimmora|[spread] p2b
|-activate|p2a: Kingambit|move: Protect
|-resisted|p2b: Glimmora|1
|-damage|p2b: Glimmora|66/100
|cant|p2b: Glimmora|flinch
|
|-sideend|p2: EmanuelaOrlandiVGC|move: Tailwind
|upkeep
|turn|6
|inactive|bruGno has 30 seconds left.
|
|t:|1786181826
|move|p1b: Raichu|Protect|p1b: Raichu
|-singleturn|p1b: Raichu|Protect
|move|p2a: Kingambit|Iron Head|p1a: Sylveon
|-supereffective|p1a: Sylveon|1
|-damage|p1a: Sylveon|0 fnt
|faint|p1a: Sylveon
|move|p2b: Glimmora|Earth Power|p1b: Raichu
|-activate|p1b: Raichu|move: Protect
|
|-fieldend|move: Trick Room
|upkeep
|
|t:|1786181833
|switch|p1a: Arcanine|Arcanine-Hisui, L50, M|100/100
|turn|7
|
|t:|1786181852
|move|p2a: Kingambit|Sucker Punch|p1a: Arcanine
|-damage|p1a: Arcanine|41/100
|move|p1b: Raichu|Zap Cannon|p2b: Glimmora
|-damage|p2b: Glimmora|0 fnt
|faint|p2b: Glimmora
|move|p1a: Arcanine|Flare Blitz|p2a: Kingambit
|-supereffective|p2a: Kingambit|1
|-damage|p2a: Kingambit|0 fnt
|faint|p2a: Kingambit
|
|win|bruGno
||EmanuelaOrlandiVGC is ready for game 2.
