|j|☆lolopog
|j|☆exessvgc
|html|lolopogexessvgc    
|uhtml|bestof|Game 1 of a best-of-3
|t:|1783413559
|gametype|doubles
|player|p1|lolopog|ethan|1141
|player|p2|exessvgc|lucas|1242
|gen|9
|tier|[Gen 9 Champions] VGC 2026 Reg M-B (Bo3)
|rated|
|rule|Species Clause: Limit one of each Pokémon
|rule|Item Clause: Limit 1 of each item
|clearpoke
|poke|p1|Kommo-o, L50, F|
|poke|p1|Maushold-Four, L50|
|poke|p1|Annihilape, L50, M|
|poke|p1|Talonflame, L50, M|
|poke|p1|Metagross, L50|
|poke|p1|Gholdengo, L50|
|poke|p2|Charizard, L50, F|
|poke|p2|Farigiraf, L50, F|
|poke|p2|Aerodactyl, L50, M|
|poke|p2|Sylveon, L50, M|
|poke|p2|Dragapult, L50, M|
|poke|p2|Blastoise, L50, M|
|teampreview|4
|showteam|p1|Kommo-o||DragonFang|Soundproof|ClangingScales,ClangorousSoul,Protect,Boomburst|Timid||F|||50|]Maushold-Four||FocusSash|FriendGuard|BeatUp,SuperFang,FollowMe,Protect|Jolly|||||50|]Annihilape||SitrusBerry|Defiant|RageFist,DrainPunch,BulkUp,Protect|Adamant||M|||50|]Talonflame||SharpBeak|GaleWings|BraveBird,Tailwind,FlareBlitz,Protect|Careful||M|||50|]Metagross||Metagrossite|ClearBody|MeteorMash,Protect,StompingTantrum,PsychicFangs|Jolly|||||50|]Gholdengo||LifeOrb|GoodasGold|MakeItRain,ShadowBall,NastyPlot,Protect|Timid|||||50|
|showteam|p2|Charizard||CharizarditeX|Blaze|DragonDance,DragonClaw,FlareBlitz,Protect|Jolly||F|||50|]Farigiraf||SitrusBerry|ArmorTail|TrickRoom,PsychicNoise,HelpingHand,Thunderbolt|Bold||F|||50|]Aerodactyl||Aerodactylite|Unnerve|RockSlide,Tailwind,IceFang,Taunt|Jolly||M|||50|]Sylveon||FairyFeather|Pixilate|HyperVoice,HyperBeam,Protect,ShadowBall|Modest||M|||50|]Dragapult||DragonFang|ClearBody|Uturn,PhantomForce,WillOWisp,DragonDarts|Jolly||M|||50|]Blastoise||Blastoisinite|Torrent|WaterSpout,DarkPulse,WaterPulse,FakeOut|Modest||M|||50|
|
|t:|1783413594
|teamsize|p1|4
|teamsize|p2|4
|start
|switch|p1a: Talonflame|Talonflame, L50, M|100/100
|switch|p1b: Metagross|Metagross, L50|100/100
|switch|p2a: Blastoise|Blastoise, L50, M|100/100
|switch|p2b: DINOSAUVO|Aerodactyl, L50, M|100/100
|-ability|p2b: DINOSAUVO|Unnerve
|turn|1
|
|t:|1783413628
|move|p1a: Talonflame|Protect|p1a: Talonflame
|-singleturn|p1a: Talonflame|Protect
|move|p1b: Metagross|Protect|p1b: Metagross
|-singleturn|p1b: Metagross|Protect
|move|p2a: Blastoise|Fake Out|p1a: Talonflame
|-activate|p1a: Talonflame|move: Protect
|move|p2b: DINOSAUVO|Tailwind|p2b: DINOSAUVO
|-sidestart|p2: exessvgc|move: Tailwind
|
|upkeep
|turn|2
|
|t:|1783413652
|detailschange|p2a: Blastoise|Blastoise-Mega, L50, M
|-mega|p2a: Blastoise|Blastoise|Blastoisinite
|detailschange|p1b: Metagross|Metagross-Mega, L50
|-mega|p1b: Metagross|Metagross|Metagrossite
|move|p1a: Talonflame|Tailwind|p1a: Talonflame
|-sidestart|p1: lolopog|move: Tailwind
|move|p2b: DINOSAUVO|Rock Slide|p1b: Metagross|[spread] p1a,p1b
|-supereffective|p1a: Talonflame|2
|-resisted|p1b: Metagross|1
|-damage|p1a: Talonflame|0 fnt
|-damage|p1b: Metagross|89/100
|faint|p1a: Talonflame
|cant|p1b: Metagross|flinch
|move|p2a: Blastoise|Water Spout|p1b: Metagross
|-damage|p1b: Metagross|0 fnt
|faint|p1b: Metagross
|
|upkeep
|
|t:|1783413657
|switch|p1b: Maushold|Maushold-Four, L50|100/100
|switch|p1a: Kommo-o|Kommo-o, L50, F|100/100
|turn|3
|
|t:|1783413702
|move|p2b: DINOSAUVO|Rock Slide|p1b: Maushold|[spread] p1a
|-miss|p2b: DINOSAUVO|p1b: Maushold
|-resisted|p1a: Kommo-o|1
|-damage|p1a: Kommo-o|90/100
|move|p1b: Maushold|Super Fang|p2a: Blastoise
|-damage|p2a: Blastoise|50/100g
|move|p1a: Kommo-o|Clanging Scales|p2a: Blastoise|[spread] p2a,p2b
|-damage|p2a: Blastoise|14/100
|-damage|p2b: DINOSAUVO|35/100
|-unboost|p1a: Kommo-o|def|1
|move|p2a: Blastoise|Water Spout|p1b: Maushold|[spread] p1a,p1b
|-resisted|p1a: Kommo-o|1
|-damage|p1a: Kommo-o|86/100
|-damage|p1b: Maushold|88/100
|
|upkeep
|turn|4
|
|t:|1783413754
|switch|p2a: LA GIRAFFA|Farigiraf, L50, F|100/100
|move|p1b: Maushold|Follow Me|p1b: Maushold
|-singleturn|p1b: Maushold|move: Follow Me
|move|p2b: DINOSAUVO|Rock Slide|p1a: Kommo-o|[spread] p1a,p1b
|-resisted|p1a: Kommo-o|1
|-damage|p1a: Kommo-o|73/100
|-damage|p1b: Maushold|58/100
|cant|p1a: Kommo-o|flinch
|
|-sideend|p2: exessvgc|move: Tailwind
|upkeep
|turn|5
|
|t:|1783413796
|move|p1b: Maushold|Super Fang|p2a: LA GIRAFFA
|-damage|p2a: LA GIRAFFA|50/100g
|move|p1a: Kommo-o|Clanging Scales|p2b: DINOSAUVO|[spread] p2a,p2b
|-damage|p2a: LA GIRAFFA|11/100
|-damage|p2b: DINOSAUVO|0 fnt
|-enditem|p2a: LA GIRAFFA|Sitrus Berry|[eat]
|-heal|p2a: LA GIRAFFA|36/100|[from] item: Sitrus Berry
|faint|p2b: DINOSAUVO
|-unboost|p1a: Kommo-o|def|1
|move|p2a: LA GIRAFFA|Trick Room|p2a: LA GIRAFFA
|-fieldstart|move: Trick Room|[of] p2a: LA GIRAFFA
|
|-sideend|p1: lolopog|move: Tailwind
|upkeep
|
|t:|1783413807
|switch|p2b: Marianela|Sylveon, L50, M|100/100
|turn|6
|
|t:|1783413823
|move|p2a: LA GIRAFFA|Helping Hand|p2b: Marianela
|-singleturn|p2b: Marianela|Helping Hand|[of] p2a: LA GIRAFFA
|move|p1b: Maushold|Follow Me|p1b: Maushold
|-singleturn|p1b: Maushold|move: Follow Me
|move|p2b: Marianela|Hyper Voice|p1a: Kommo-o|[spread] p1b
|-immune|p1a: Kommo-o|[from] ability: Soundproof
|-damage|p1b: Maushold|0 fnt
|faint|p1b: Maushold
|move|p1a: Kommo-o|Boomburst|p2b: Marianela|[spread] p2a,p2b
|-damage|p2a: LA GIRAFFA|10/100
|-damage|p2b: Marianela|74/100
|
|upkeep
|turn|7
|
|t:|1783413839
|move|p2a: LA GIRAFFA|Thunderbolt|p1a: Kommo-o
|-resisted|p1a: Kommo-o|1
|-damage|p1a: Kommo-o|60/100
|move|p2b: Marianela|Hyper Beam|p1a: Kommo-o
|-supereffective|p1a: Kommo-o|2
|-damage|p1a: Kommo-o|0 fnt
|-mustrecharge|p2b: Marianela
|faint|p1a: Kommo-o
|
|win|exessvgc
|l|☆lolopog
|player|p1|
||lolopog is ready for game 2.
||exessvgc is ready for game 2.
|uhtml|next|Next: Game 2 of 3
|l|☆exessvgc
|player|p2|
|j|☆exessvgc
|player|p2|exessvgc|lucas|
