|j|☆ryanpowneyissoslay
|j|☆astterio
|html|ryanpowneyissoslayastterio    
|uhtml|bestof|Game 1 of a best-of-3
|t:|1757762864
|gametype|doubles
|player|p1|ryanpowneyissoslay|ghetsis|1380
|player|p2|astterio|eusine|1403
|gen|9
|tier|[Gen 9] VGC 2025 Reg H (Bo3)
|rated|
|rule|Species Clause: Limit one of each Pokémon
|rule|Item Clause: Limit 1 of each item
|clearpoke
|poke|p1|Pelipper, L50, M|
|poke|p1|Dragonite, L50, M|
|poke|p1|Sinistcha, L50|
|poke|p1|Incineroar, L50, M|
|poke|p1|Archaludon, L50, M|
|poke|p1|Ursaluna, L50, F|
|poke|p2|Sneasler, L50, M|
|poke|p2|Ursaluna-Bloodmoon, L50, M|
|poke|p2|Dragonite, L50, M|
|poke|p2|Gholdengo, L50|
|poke|p2|Amoonguss, L50, M|
|poke|p2|Incineroar, L50, F|
|teampreview|4
|showteam|p1|Pelipper||FocusSash|Drizzle|MuddyWater,Hurricane,Tailwind,Protect|||M|||50|,,,,,Stellar]Dragonite||LoadedDice|Multiscale|ScaleShot,Tailwind,Haze,Protect|||M|||50|,,,,,Steel]Sinistcha||SitrusBerry|Hospitality|MatchaGotcha,RagePowder,LifeDew,TrickRoom||||||50|,,,,,Water]Incineroar||SafetyGoggles|Intimidate|KnockOff,Taunt,PartingShot,FakeOut|||M|||50|,,,,,Ghost]Archaludon||AssaultVest|Stamina|FlashCannon,Snarl,BodyPress,ElectroShot|||M|||50|,,,,,Fighting]Ursaluna||FlameOrb|Guts|Facade,HeadlongRush,Earthquake,Protect|||F|||50|,,,,,Fairy
|showteam|p2|Sneasler||FocusSash|Unburden|CloseCombat,DireClaw,ThroatChop,Protect|||M|||50|,,,,,Stellar]Ursaluna-Bloodmoon||AssaultVest|MindsEye|HyperVoice,BloodMoon,EarthPower,VacuumWave|||M|||50|,,,,,Water]Dragonite||LoadedDice|Multiscale|ScaleShot,Haze,Tailwind,Protect|||M|||50|,,,,,Fairy]Gholdengo||LifeOrb|GoodasGold|MakeItRain,ShadowBall,NastyPlot,Protect||||||50|,,,,,Water]Amoonguss||SitrusBerry|Regenerator|Spore,RagePowder,PollenPuff,Protect|||M|||50|,,,,,Psychic]Incineroar||SafetyGoggles|Intimidate|FakeOut,PartingShot,KnockOff,FlareBlitz|||F|||50|,,,,,Ghost
|inactive|Battle timer is ON: inactive players will automatically lose when time's up. (requested by ryanpowneyissoslay)
|inactive|ryanpowneyissoslay has 60 seconds left.
|inactive|ryanpowneyissoslay has 30 seconds left.
|
|t:|1757762932
|teamsize|p1|4
|teamsize|p2|4
|start
|switch|p1a: Sinistcha|Sinistcha, L50|100/100
|switch|p1b: Incineroar|Incineroar, L50, M|100/100
|switch|p2a: Amoonguss|Amoonguss, L50, M|100/100
|switch|p2b: Gholdengo|Gholdengo, L50|100/100
|-ability|p1b: Incineroar|Intimidate|boost
|-unboost|p2a: Amoonguss|atk|1
|-unboost|p2b: Gholdengo|atk|1
|turn|1
|
|t:|1757762947
|switch|p2a: Incineroar|Incineroar, L50, F|100/100
|-ability|p2a: Incineroar|Intimidate|boost
|-unboost|p1a: Sinistcha|atk|1
|-unboost|p1b: Incineroar|atk|1
|-terastallize|p1a: Sinistcha|Water
|move|p2b: Gholdengo|Protect|p2b: Gholdengo
|-singleturn|p2b: Gholdengo|Protect
|move|p1b: Incineroar|Knock Off|p2b: Gholdengo
|-activate|p2b: Gholdengo|move: Protect
|move|p1a: Sinistcha|Trick Room|p1a: Sinistcha
|-fieldstart|move: Trick Room|[of] p1a: Sinistcha
|
|upkeep
|turn|2
|
|t:|1757762957
|switch|p1a: Ursaluna|Ursaluna, L50, F|100/100
|move|p2a: Incineroar|Fake Out|p1b: Incineroar
|-damage|p1b: Incineroar|89/100
|cant|p1b: Incineroar|flinch
|move|p2b: Gholdengo|Nasty Plot|p2b: Gholdengo
|-boost|p2b: Gholdengo|spa|2
|
|-status|p1a: Ursaluna|brn|[from] item: Flame Orb
|upkeep
|turn|3
|
|t:|1757762967
|move|p2b: Gholdengo|Protect|p2b: Gholdengo
|-singleturn|p2b: Gholdengo|Protect
|move|p1a: Ursaluna|Headlong Rush|p2b: Gholdengo
|-activate|p2b: Gholdengo|move: Protect
|move|p2a: Incineroar|Parting Shot|p1a: Ursaluna
|-unboost|p1a: Ursaluna|atk|1
|-unboost|p1a: Ursaluna|spa|1
|
|t:|1757762973
|switch|p2a: Amoonguss|Amoonguss, L50, M|100/100|[from] Parting Shot
|move|p1b: Incineroar|Taunt|p2a: Amoonguss
|-start|p2a: Amoonguss|move: Taunt
|
|-damage|p1a: Ursaluna|94/100 brn|[from] brn
|upkeep
|turn|4
|
|t:|1757762982
|switch|p2a: Incineroar|Incineroar, L50, F|100/100
|-ability|p2a: Incineroar|Intimidate|boost
|-unboost|p1a: Ursaluna|atk|1
|-unboost|p1b: Incineroar|atk|1
|-terastallize|p2b: Gholdengo|Water
|move|p1a: Ursaluna|Headlong Rush|p2b: Gholdengo
|-damage|p2b: Gholdengo|54/100
|-unboost|p1a: Ursaluna|def|1
|-unboost|p1a: Ursaluna|spd|1
|move|p1b: Incineroar|Knock Off|p2b: Gholdengo
|-damage|p2b: Gholdengo|32/100
|-enditem|p2b: Gholdengo|Life Orb|[from] move: Knock Off|[of] p1b: Incineroar
|move|p2b: Gholdengo|Make It Rain|p1b: Incineroar|[spread] p1a,p1b
|-resisted|p1b: Incineroar
|-damage|p1a: Ursaluna|0 fnt
|-damage|p1b: Incineroar|46/100
|-unboost|p2b: Gholdengo|spa|1
|faint|p1a: Ursaluna
|
|upkeep
|
|t:|1757762991
|switch|p1a: Sinistcha|Sinistcha, L50, tera:Water|100/100
|-heal|p1b: Incineroar|71/100|[from] ability: Hospitality|[of] p1a: Sinistcha
|turn|5
|
|t:|1757762996
|move|p2a: Incineroar|Fake Out|p1a: Sinistcha
|-damage|p1a: Sinistcha|92/100
|cant|p1a: Sinistcha|flinch
|move|p1b: Incineroar|Parting Shot|p2a: Incineroar
|-unboost|p2a: Incineroar|atk|1
|-unboost|p2a: Incineroar|spa|1
|
|t:|1757762999
|switch|p1b: Pelipper|Pelipper, L50, M|100/100|[from] Parting Shot
|-weather|RainDance|[from] ability: Drizzle|[of] p1b: Pelipper
|move|p2b: Gholdengo|Nasty Plot|p2b: Gholdengo
|-boost|p2b: Gholdengo|spa|2
|
|-weather|RainDance|[upkeep]
|-fieldend|move: Trick Room
|upkeep
|turn|6
|
|t:|1757763011
|move|p2b: Gholdengo|Shadow Ball|p1a: Sinistcha
|-damage|p1a: Sinistcha|0 fnt
|faint|p1a: Sinistcha
|move|p1b: Pelipper|Tailwind|p1b: Pelipper
|-sidestart|p1: ryanpowneyissoslay|move: Tailwind
|move|p2a: Incineroar|Parting Shot|p1b: Pelipper
|-unboost|p1b: Pelipper|atk|1
|-unboost|p1b: Pelipper|spa|1
|
|t:|1757763016
|switch|p2a: Amoonguss|Amoonguss, L50, M|100/100|[from] Parting Shot
|
|-weather|RainDance|[upkeep]
|upkeep
|
|t:|1757763019
|switch|p1a: Incineroar|Incineroar, L50, M|71/100
|-ability|p1a: Incineroar|Intimidate|boost
|-unboost|p2a: Amoonguss|atk|1
|-unboost|p2b: Gholdengo|atk|1
|turn|7
|
|t:|1757763029
|switch|p2a: Incineroar|Incineroar, L50, F|100/100
|-ability|p2a: Incineroar|Intimidate|boost
|-unboost|p1a: Incineroar|atk|1
|-unboost|p1b: Pelipper|atk|1
|move|p2b: Gholdengo|Protect|p2b: Gholdengo
|-singleturn|p2b: Gholdengo|Protect
|move|p1b: Pelipper|Muddy Water|p2b: Gholdengo|[spread] 
|-activate|p2b: Gholdengo|move: Protect
|-miss|p1b: Pelipper|p2a: Incineroar
|move|p1a: Incineroar|Taunt|p2a: Incineroar
|-start|p2a: Incineroar|move: Taunt
|
|-weather|RainDance|[upkeep]
|upkeep
|turn|8
|
|t:|1757763038
|move|p2a: Incineroar|Fake Out|p1b: Pelipper
|-damage|p1b: Pelipper|87/100
|cant|p1b: Pelipper|flinch
|move|p1a: Incineroar|Knock Off|p2b: Gholdengo
|-damage|p2b: Gholdengo|10/100
|move|p2b: Gholdengo|Make It Rain|p1a: Incineroar|[spread] p1a,p1b
|-resisted|p1a: Incineroar
|-resisted|p1b: Pelipper
|-damage|p1a: Incineroar|22/100
|-damage|p1b: Pelipper|0 fnt
|-unboost|p2b: Gholdengo|spa|1
|faint|p1b: Pelipper
|
|-weather|RainDance|[upkeep]
|upkeep
|turn|9
|-message|ryanpowneyissoslay forfeited.
|
|win|astterio
||ryanpowneyissoslay is ready for game 2.
||astterio is ready for game 2.
|uhtml|next|Next: Game 2 of 3
