|j|☆Quill86
|j|☆Metallicmadness
|html|Quill86Metallicmadness    
|uhtml|bestof|Game 1 of a best-of-3
|t:|1757640638
|gametype|doubles
|player|p1|Quill86|lucas|1221
|player|p2|Metallicmadness|byron|1253
|gen|9
|tier|[Gen 9] VGC 2025 Reg H (Bo3)
|rated|
|rule|Species Clause: Limit one of each Pokémon
|rule|Item Clause: Limit 1 of each item
|clearpoke
|poke|p1|Incineroar, L50, M|
|poke|p1|Gholdengo, L50|
|poke|p1|Ursaluna-Bloodmoon, L50, M|
|poke|p1|Amoonguss, L50, M|
|poke|p1|Indeedee-F, L50, F|
|poke|p1|Gallade, L50, M|
|poke|p2|Politoed, L50, F|
|poke|p2|Rillaboom, L50, F|
|poke|p2|Archaludon, L50, M|
|poke|p2|Incineroar, L50, F|
|poke|p2|Basculegion, L50, M|
|poke|p2|Talonflame, L50, F|
|teampreview|4
|showteam|p1|Incineroar||SafetyGoggles|Intimidate|FakeOut,FlareBlitz,KnockOff,PartingShot|||M|||50|,,,,,Ghost]Gholdengo||SitrusBerry|GoodasGold|MakeItRain,ShadowBall,NastyPlot,Protect||||||50|,,,,,Water]Ursaluna-Bloodmoon||LifeOrb|MindsEye|BloodMoon,HyperVoice,EarthPower,Protect|||M|||50|,,,,,Normal]Amoonguss||MentalHerb|Regenerator|Spore,RagePowder,PollenPuff,ClearSmog|||M|||50|,,,,,Dragon]Indeedee-F||PsychicSeed|PsychicSurge|FollowMe,TrickRoom,HelpingHand,DazzlingGleam|||F|||50|,,,,,Fairy]Gallade||ClearAmulet|Sharpness|SacredSword,PsychoCut,WideGuard,TrickRoom|||M|||50|,,,,,Grass
|showteam|p2|Politoed||SitrusBerry|Drizzle|MuddyWater,IceBeam,Protect,EarthPower|||F|||50|,,,,,Ground]Rillaboom||LoadedDice|GrassySurge|FakeOut,BulletSeed,HighHorsepower,GrassyGlide|||F|||50|,,,,,Stellar]Archaludon||AssaultVest|Stamina|BodyPress,DragonPulse,ElectroShot,FlashCannon|||M|||50|,,,,,Grass]Incineroar||SafetyGoggles|Intimidate|FakeOut,PartingShot,WillOWisp,KnockOff|||F|||50|,,,,,Ghost]Basculegion||LifeOrb|SwiftSwim|WaveCrash,LastRespects,FlipTurn,Protect|||M|||50|,,,,,Water]Talonflame||CovertCloak|GaleWings|Tailwind,BraveBird,Uturn,Taunt|||F|||50|,,,,,Grass
|inactive|Battle timer is ON: inactive players will automatically lose when time's up. (requested by Metallicmadness)
|
|t:|1757640661
|teamsize|p1|4
|teamsize|p2|4
|start
|switch|p1a: Indeedee|Indeedee-F, L50, F|100/100
|switch|p1b: Gallade|Gallade, L50, M|100/100
|switch|p2a: Basculegion|Basculegion, L50, M|100/100
|switch|p2b: Politoed|Politoed, L50, F|100/100
|-fieldstart|move: Psychic Terrain|[from] ability: Psychic Surge|[of] p1a: Indeedee
|-enditem|p1a: Indeedee|Psychic Seed
|-boost|p1a: Indeedee|spd|1|[from] item: Psychic Seed
|-weather|RainDance|[from] ability: Drizzle|[of] p2b: Politoed
|turn|1
|
|t:|1757640673
|move|p1a: Indeedee|Follow Me|p1a: Indeedee
|-singleturn|p1a: Indeedee|move: Follow Me
|move|p2a: Basculegion|Flip Turn|p1a: Indeedee
|-damage|p1a: Indeedee|42/100
|-damage|p2a: Basculegion|91/100|[from] item: Life Orb
|
|t:|1757640684
|switch|p2a: Incineroar|Incineroar, L50, F|100/100|[from] Flip Turn
|-ability|p2a: Incineroar|Intimidate|boost
|-unboost|p1a: Indeedee|atk|1
|-fail|p1b: Gallade|unboost|[from] item: Clear Amulet|[of] p1b: Gallade
|move|p2b: Politoed|Muddy Water|p1b: Gallade|[spread] p1a,p1b
|-damage|p1a: Indeedee|13/100
|-damage|p1b: Gallade|63/100
|move|p1b: Gallade|Trick Room|p1b: Gallade
|-fieldstart|move: Trick Room|[of] p1b: Gallade
|
|-weather|RainDance|[upkeep]
|upkeep
|turn|2
|
|t:|1757640701
|switch|p2a: Basculegion|Basculegion, L50, M|91/100
|move|p1a: Indeedee|Follow Me|p1a: Indeedee
|-singleturn|p1a: Indeedee|move: Follow Me
|move|p1b: Gallade|Sacred Sword|p2a: Basculegion
|-immune|p2a: Basculegion
|move|p2b: Politoed|Muddy Water|p1b: Gallade|[spread] p1a,p1b
|-damage|p1a: Indeedee|0 fnt
|-damage|p1b: Gallade|22/100
|faint|p1a: Indeedee
|
|-weather|RainDance|[upkeep]
|upkeep
|
|t:|1757640703
|switch|p1a: Ursaluna|Ursaluna-Bloodmoon, L50, M|100/100
|turn|3
|
|t:|1757640717
|switch|p2b: Rillaboom|Rillaboom, L50, F|100/100
|-fieldstart|move: Grassy Terrain|[from] ability: Grassy Surge|[of] p2b: Rillaboom
|-terastallize|p1a: Ursaluna|Normal
|move|p2a: Basculegion|Protect|p2a: Basculegion
|-singleturn|p2a: Basculegion|Protect
|move|p1a: Ursaluna|Hyper Voice|p2b: Rillaboom|[spread] p2b
|-activate|p2a: Basculegion|move: Protect
|-damage|p2b: Rillaboom|19/100
|-damage|p1a: Ursaluna|90/100|[from] item: Life Orb
|move|p1b: Gallade|Sacred Sword|p2b: Rillaboom
|-damage|p2b: Rillaboom|0 fnt
|faint|p2b: Rillaboom
|
|-weather|RainDance|[upkeep]
|-heal|p1a: Ursaluna|96/100|[from] Grassy Terrain
|-heal|p1b: Gallade|27/100|[from] Grassy Terrain
|-heal|p2a: Basculegion|97/100|[from] Grassy Terrain
|upkeep
|
|t:|1757640734
|switch|p2b: Incineroar|Incineroar, L50, F|100/100
|-ability|p2b: Incineroar|Intimidate|boost
|-unboost|p1a: Ursaluna|atk|1
|-fail|p1b: Gallade|unboost|[from] item: Clear Amulet|[of] p1b: Gallade
|turn|4
|
|t:|1757640757
|-terastallize|p2a: Basculegion|Water
|move|p1a: Ursaluna|Protect|p1a: Ursaluna
|-singleturn|p1a: Ursaluna|Protect
|move|p2b: Incineroar|Fake Out|p1a: Ursaluna
|-activate|p1a: Ursaluna|move: Protect
|move|p1b: Gallade|Psycho Cut|p2a: Basculegion
|-damage|p2a: Basculegion|21/100
|move|p2a: Basculegion|Flip Turn|p1b: Gallade
|-damage|p1b: Gallade|0 fnt
|faint|p1b: Gallade
|-damage|p2a: Basculegion|11/100|[from] item: Life Orb
|
|t:|1757640768
|switch|p2a: Politoed|Politoed, L50, F|100/100|[from] Flip Turn
|
|-weather|RainDance|[upkeep]
|-heal|p1a: Ursaluna|100/100|[from] Grassy Terrain
|upkeep
|
|t:|1757640772
|switch|p1b: Incineroar|Incineroar, L50, M|100/100
|-ability|p1b: Incineroar|Intimidate|boost
|-unboost|p2a: Politoed|atk|1
|-unboost|p2b: Incineroar|atk|1
|turn|5
|
|t:|1757640784
|switch|p2a: Basculegion|Basculegion, L50, M, tera:Water|11/100
|move|p1b: Incineroar|Fake Out|p2a: Basculegion
|-damage|p2a: Basculegion|0 fnt
|faint|p2a: Basculegion
|move|p1a: Ursaluna|Blood Moon|p2b: Incineroar
|-damage|p2b: Incineroar|0 fnt
|faint|p2b: Incineroar
|-damage|p1a: Ursaluna|90/100|[from] item: Life Orb
|
|-weather|none
|-heal|p1a: Ursaluna|96/100|[from] Grassy Terrain
|-fieldend|move: Trick Room
|upkeep
|
|t:|1757640794
|switch|p2b: Politoed|Politoed, L50, F|100/100
|-weather|RainDance|[from] ability: Drizzle|[of] p2b: Politoed
|turn|6
|
|t:|1757640806
|move|p2b: Politoed|Muddy Water|p1a: Ursaluna|[spread] p1a
|-miss|p2b: Politoed|p1b: Incineroar
|-damage|p1a: Ursaluna|46/100
|move|p1b: Incineroar|Knock Off|p2b: Politoed
|-damage|p2b: Politoed|53/100
|-enditem|p2b: Politoed|Sitrus Berry|[from] move: Knock Off|[of] p1b: Incineroar
|move|p1a: Ursaluna|Hyper Voice|p2b: Politoed
|-damage|p2b: Politoed|0 fnt
|faint|p2b: Politoed
|-damage|p1a: Ursaluna|36/100|[from] item: Life Orb
|
|win|Quill86
||Metallicmadness is ready for game 2.
