|j|☆Acasiete15
|j|☆Sammias
|html|Acasiete15Sammias    
|uhtml|bestof|Game 1 of a best-of-3
|t:|1783460612
|gametype|doubles
|player|p1|Acasiete15|brawly|1045
|player|p2|Sammias|miku-ground|1027
|gen|9
|tier|[Gen 9 Champions] VGC 2026 Reg M-B (Bo3)
|rated|
|rule|Species Clause: Limit one of each Pokémon
|rule|Item Clause: Limit 1 of each item
|clearpoke
|poke|p1|Mawile, L50, M|
|poke|p1|Aerodactyl, L50, M|
|poke|p1|Farigiraf, L50, M|
|poke|p1|Charizard, L50, M|
|poke|p1|Basculegion, L50, M|
|poke|p1|Incineroar, L50, M|
|poke|p2|Floette-Eternal, L50, F|
|poke|p2|Typhlosion-Hisui, L50, M|
|poke|p2|Kingambit, L50, M|
|poke|p2|Garchomp, L50, M|
|poke|p2|Sneasler, L50, M|
|poke|p2|Whimsicott, L50, F, shiny|
|teampreview|4
|showteam|p1|Mawile||Mawilite|HyperCutter|PlayRough,BrickBreak,SuckerPunch,Protect|Adamant||M|||50|]Aerodactyl||FocusSash|Unnerve|Tailwind,RockSlide,WideGuard,Protect|Jolly||M|||50|]Farigiraf||SitrusBerry|ArmorTail|Protect,TrickRoom,Thunderbolt,Psychic|Bold||M|||50|]Charizard||CharizarditeY|Blaze|HeatWave,SolarBeam,WeatherBall,Protect|Modest||M|||50|]Basculegion||LifeOrb|Adaptability|WaveCrash,AquaJet,LastRespects,Protect|Adamant||M|||50|]Incineroar||WhiteHerb|Intimidate|FakeOut,FlareBlitz,DarkestLariat,CloseCombat|Brave||M|||50|
|showteam|p2|Floette-Eternal||Floettite|FlowerVeil|Moonblast,DazzlingGleam,LightofRuin,Protect|Modest||F|||50|]Typhlosion-Hisui||ChoiceScarf|Blaze|Eruption,ShadowBall,HeatWave,Overheat|Modest||M|||50|]Kingambit||BlackGlasses|Defiant|KowtowCleave,SuckerPunch,SwordsDance,Protect|Adamant||M|||50|]Garchomp||LifeOrb|RoughSkin|DragonClaw,RockSlide,Protect,StompingTantrum|Jolly||M|||50|]Sneasler||WhiteHerb|Unburden|FakeOut,CloseCombat,DireClaw,Taunt|Jolly||M|||50|]Whimsicott||FocusSash|Prankster|Protect,Tailwind,Encore,Moonblast|Timid||F|||50|
|inactive|Battle timer is ON: inactive players will automatically lose when time's up. (requested by Sammias)
|inactive|Acasiete15 also wants the timer to be on.
|inactive|Acasiete15 has 60 seconds left.
|inactive|Sammias has 60 seconds left.
|inactive|Sammias has 30 seconds left.
|inactive|Sammias has 20 seconds left.
|inactive|Sammias has 15 seconds left.
|inactive|Sammias has 10 seconds left.
|inactive|Sammias has 5 seconds left.
|
|t:|1783460699
|teamsize|p1|4
|teamsize|p2|4
|start
|switch|p1a: Mawile|Mawile, L50, M|100/100
|switch|p1b: Farigiraf|Farigiraf, L50, M|100/100
|switch|p2a: Sneasler|Sneasler, L50, M|100/100
|switch|p2b: Floette|Floette-Eternal, L50, F|100/100
|turn|1
|
|t:|1783460721
|detailschange|p2b: Floette|Floette-Mega, L50, F
|-mega|p2b: Floette|Floette|Floettite
|-ability|p2b: Floette|Fairy Aura
|detailschange|p1a: Mawile|Mawile-Mega, L50, M
|-mega|p1a: Mawile|Mawile|Mawilite
|move|p1b: Farigiraf|Protect|p1b: Farigiraf
|-singleturn|p1b: Farigiraf|Protect
|move|p2a: Sneasler|Taunt|p1b: Farigiraf
|-activate|p1b: Farigiraf|move: Protect
|move|p2b: Floette|Moonblast|p1a: Mawile
|-resisted|p1a: Mawile|1
|-crit|p1a: Mawile
|-damage|p1a: Mawile|31/100
|move|p1a: Mawile|Play Rough|p2b: Floette
|-damage|p2b: Floette|0 fnt
|faint|p2b: Floette
|
|upkeep
|
|t:|1783460740
|switch|p2b: Garchomp|Garchomp, L50, M|100/100
|turn|2
|
|t:|1783460759
|switch|p1a: Incineroar|Incineroar, L50, M|100/100
|-ability|p1a: Incineroar|Intimidate|boost
|-unboost|p2a: Sneasler|atk|1
|-unboost|p2b: Garchomp|atk|1
|-enditem|p2a: Sneasler|White Herb
|-clearnegativeboost|p2a: Sneasler|[silent]
|move|p2a: Sneasler|Close Combat|p1b: Farigiraf
|-damage|p1b: Farigiraf|50/100g
|-unboost|p2a: Sneasler|def|1
|-unboost|p2a: Sneasler|spd|1
|move|p2b: Garchomp|Dragon Claw|p1b: Farigiraf
|-damage|p1b: Farigiraf|23/100
|-enditem|p1b: Farigiraf|Sitrus Berry|[eat]
|-heal|p1b: Farigiraf|48/100|[from] item: Sitrus Berry
|-damage|p2b: Garchomp|90/100|[from] item: Life Orb
|move|p1b: Farigiraf|Psychic|p2a: Sneasler
|-supereffective|p2a: Sneasler|2
|-damage|p2a: Sneasler|0 fnt
|faint|p2a: Sneasler
|
|upkeep
|
|t:|1783460773
|switch|p2a: Whimsicott|Whimsicott, L50, F, shiny|100/100
|turn|3
|
|t:|1783460781
|move|p1a: Incineroar|Fake Out|p2b: Garchomp
|-damage|p2b: Garchomp|75/100
|-damage|p1a: Incineroar|87/100|[from] ability: Rough Skin|[of] p2b: Garchomp
|move|p2a: Whimsicott|Moonblast|p1b: Farigiraf
|-damage|p1b: Farigiraf|21/100
|cant|p2b: Garchomp|flinch
|move|p1b: Farigiraf|Trick Room|p1b: Farigiraf
|-fieldstart|move: Trick Room|[of] p1b: Farigiraf
|
|upkeep
|turn|4
|
|t:|1783460795
|move|p2a: Whimsicott|Protect|p2a: Whimsicott
|-singleturn|p2a: Whimsicott|Protect
|move|p1a: Incineroar|Flare Blitz|p2a: Whimsicott
|-activate|p2a: Whimsicott|move: Protect
|move|p1b: Farigiraf|Psychic|p2a: Whimsicott
|-activate|p2a: Whimsicott|move: Protect
|move|p2b: Garchomp|Rock Slide|p1b: Farigiraf|[spread] p1a,p1b
|-supereffective|p1a: Incineroar|1
|-damage|p1a: Incineroar|56/100
|-damage|p1b: Farigiraf|8/100
|-damage|p2b: Garchomp|65/100|[from] item: Life Orb
|
|upkeep
|turn|5
|
|t:|1783460814
|move|p2a: Whimsicott|Protect||[still]
|-fail|p2a: Whimsicott
|move|p1a: Incineroar|Flare Blitz|p2a: Whimsicott
|-supereffective|p2a: Whimsicott|1
|-enditem|p2a: Whimsicott|Focus Sash
|-damage|p2a: Whimsicott|1/100
|-status|p2a: Whimsicott|brn
|-damage|p1a: Incineroar|29/100|[from] Recoil
|move|p1b: Farigiraf|Psychic|p2a: Whimsicott
|-damage|p2a: Whimsicott|0 fnt
|faint|p2a: Whimsicott
|move|p2b: Garchomp|Rock Slide|p1a: Incineroar|[spread] p1a,p1b
|-supereffective|p1a: Incineroar|1
|-damage|p1a: Incineroar|0 fnt
|-damage|p1b: Farigiraf|0 fnt
|faint|p1a: Incineroar
|faint|p1b: Farigiraf
|-damage|p2b: Garchomp|55/100|[from] item: Life Orb
|
|upkeep
|
|t:|1783460821
|switch|p1a: Basculegion|Basculegion, L50, M|100/100
|switch|p1b: Mawile|Mawile-Mega, L50, M|31/100
|turn|6
|
|t:|1783460829
|move|p2b: Garchomp|Protect|p2b: Garchomp
|-singleturn|p2b: Garchomp|Protect
|move|p1b: Mawile|Play Rough|p2b: Garchomp
|-activate|p2b: Garchomp|move: Protect
|move|p1a: Basculegion|Last Respects|p2b: Garchomp
|-activate|p2b: Garchomp|move: Protect
|
|upkeep
|turn|7
|
|t:|1783460838
|move|p2b: Garchomp|Protect||[still]
|-fail|p2b: Garchomp
|move|p1b: Mawile|Play Rough|p2b: Garchomp
|-supereffective|p2b: Garchomp|1
|-damage|p2b: Garchomp|0 fnt
|-damage|p1b: Mawile|19/100|[from] ability: Rough Skin|[of] p2b: Garchomp
|faint|p2b: Garchomp
|
|win|Acasiete15
