|j|☆AaravosTheGreatOne
|j|☆quatrokilla
|html|AaravosTheGreatOnequatrokilla    
|uhtml|bestof|Game 1 of a best-of-3
|t:|1782298992
|gametype|doubles
|player|p1|AaravosTheGreatOne|102|1109
|player|p2|quatrokilla|1|1094
|gen|9
|tier|[Gen 9 Champions] VGC 2026 Reg M-B (Bo3)
|rated|
|rule|Species Clause: Limit one of each Pokémon
|rule|Item Clause: Limit 1 of each item
|clearpoke
|poke|p1|Delphox, L50, F|
|poke|p1|Sneasler, L50, M|
|poke|p1|Kingambit, L50, M|
|poke|p1|Whimsicott, L50, F|
|poke|p1|Tsareena, L50, F|
|poke|p1|Basculegion, L50, M|
|poke|p2|Toxapex, L50, F|
|poke|p2|Sinistcha, L50|
|poke|p2|Basculegion, L50, M|
|poke|p2|Mawile, L50, M|
|poke|p2|Torkoal, L50, F|
|poke|p2|Farigiraf, L50, M|
|teampreview|4
|showteam|p1|Delphox||Delphoxite|Magician|HeatWave,Psychic,NastyPlot,Protect|Timid||F|||50|]Sneasler||WhiteHerb|Unburden|FakeOut,DireClaw,CloseCombat,Protect|Adamant||M|||50|]Kingambit||BlackGlasses|Defiant|KowtowCleave,SuckerPunch,IronHead,Protect|Adamant||M|||50|]Whimsicott||FocusSash|Prankster|Tailwind,Encore,Moonblast,Protect|Bold||F|||50|]Tsareena||SitrusBerry|QueenlyMajesty|TripleAxel,LowKick,TropKick,Protect|Adamant||F|||50|]Basculegion||ChoiceScarf|Adaptability|LastRespects,WaveCrash,FlipTurn,AquaJet|Jolly||M|||50|
|showteam|p2|Toxapex||Leftovers|Regenerator|BanefulBunker,Toxic,Infestation,WideGuard|Bold||F|||50|]Sinistcha||KasibBerry|Hospitality|MatchaGotcha,Protect,RagePowder,TrickRoom|Relaxed|||||50|]Basculegion||ChoiceScarf|Adaptability|WaveCrash,FlipTurn,LastRespects,AquaJet|Jolly||M|||50|]Mawile||Mawilite|Intimidate|PlayRough,SuckerPunch,Protect,SwordsDance|Adamant||M|||50|]Torkoal||Charcoal|Drought|Eruption,EarthPower,Protect,WeatherBall|Modest||F|||50|]Farigiraf||SitrusBerry|ArmorTail|TrickRoom,HelpingHand,Thunderbolt,TwinBeam|Bold||M|||50|
|inactive|Battle timer is ON: inactive players will automatically lose when time's up. (requested by AaravosTheGreatOne)
|
|t:|1782299022
|teamsize|p1|4
|teamsize|p2|4
|start
|switch|p1a: Delphox|Delphox, L50, F|100/100
|switch|p1b: Tsareena|Tsareena, L50, F|100/100
|switch|p2a: Farigiraf|Farigiraf, L50, M|100/100
|switch|p2b: Torkoal|Torkoal, L50, F|100/100
|-weather|SunnyDay|[from] ability: Drought|[of] p2b: Torkoal
|turn|1
|inactive|AaravosTheGreatOne has 30 seconds left.
|inactive|AaravosTheGreatOne has 20 seconds left.
|inactive|AaravosTheGreatOne has 15 seconds left.
|
|t:|1782299067
|detailschange|p1a: Delphox|Delphox-Mega, L50, F
|-mega|p1a: Delphox|Delphox|Delphoxite
|move|p2b: Torkoal|Protect|p2b: Torkoal
|-singleturn|p2b: Torkoal|Protect
|move|p1a: Delphox|Heat Wave|p2a: Farigiraf|[spread] p2a
|-activate|p2b: Torkoal|move: Protect
|-damage|p2a: Farigiraf|36/100
|-enditem|p2a: Farigiraf|Sitrus Berry|[eat]
|-heal|p2a: Farigiraf|60/100|[from] item: Sitrus Berry
|move|p1b: Tsareena|Trop Kick|p2a: Farigiraf
|-damage|p2a: Farigiraf|14/100
|-unboost|p2a: Farigiraf|atk|1
|move|p2a: Farigiraf|Trick Room|p2a: Farigiraf
|-fieldstart|move: Trick Room|[of] p2a: Farigiraf
|
|-weather|SunnyDay|[upkeep]
|upkeep
|turn|2
|inactive|AaravosTheGreatOne has 30 seconds left.
|
|t:|1782299096
|move|p2a: Farigiraf|Helping Hand|p2b: Torkoal
|-singleturn|p2b: Torkoal|Helping Hand|[of] p2a: Farigiraf
|move|p1b: Tsareena|Protect|p1b: Tsareena
|-singleturn|p1b: Tsareena|Protect
|move|p2b: Torkoal|Eruption|p1b: Tsareena|[spread] p1a
|-activate|p1b: Tsareena|move: Protect
|-resisted|p1a: Delphox|1
|-damage|p1a: Delphox|39/100
|move|p1a: Delphox|Heat Wave|p2a: Farigiraf|[spread] p2a,p2b
|-resisted|p2b: Torkoal|1
|-damage|p2a: Farigiraf|0 fnt
|-damage|p2b: Torkoal|61/100
|faint|p2a: Farigiraf
|
|-weather|SunnyDay|[upkeep]
|upkeep
|
|t:|1782299108
|switch|p2a: Mawile|Mawile, L50, M|100/100
|-ability|p2a: Mawile|Intimidate|boost
|-unboost|p1a: Delphox|atk|1
|-unboost|p1b: Tsareena|atk|1
|turn|3
|
|t:|1782299127
|switch|p1b: Basculegion|Basculegion, L50, M|100/100
|detailschange|p2a: Mawile|Mawile-Mega, L50, M
|-mega|p2a: Mawile|Mawile|Mawilite
|move|p1a: Delphox|Protect|p1a: Delphox
|-singleturn|p1a: Delphox|Protect
|move|p2a: Mawile|Sucker Punch||[still]
|-fail|p2a: Mawile
|move|p2b: Torkoal|Weather Ball|p1b: Basculegion
|-resisted|p1b: Basculegion|1
|-damage|p1b: Basculegion|54/100
|
|-weather|SunnyDay|[upkeep]
|upkeep
|turn|4
|inactive|AaravosTheGreatOne has 30 seconds left.
|inactive|quatrokilla has 30 seconds left.
|
|t:|1782299158
|switch|p1b: Tsareena|Tsareena, L50, F|100/100
|move|p2b: Torkoal|Eruption|p1b: Tsareena|[spread] p1a,p1b
|-resisted|p1a: Delphox|1
|-supereffective|p1b: Tsareena|1
|-damage|p1a: Delphox|12/100
|-damage|p1b: Tsareena|0 fnt
|faint|p1b: Tsareena
|move|p2a: Mawile|Play Rough|p1a: Delphox
|-resisted|p1a: Delphox|1
|-damage|p1a: Delphox|0 fnt
|faint|p1a: Delphox
|
|-weather|SunnyDay|[upkeep]
|upkeep
|
|t:|1782299168
|switch|p1b: Basculegion|Basculegion, L50, M|54/100
|switch|p1a: Kingambit|Kingambit, L50, M|100/100
|turn|5
|
|t:|1782299192
|move|p2a: Mawile|Sucker Punch|p1b: Basculegion
|-supereffective|p1b: Basculegion|1
|-damage|p1b: Basculegion|0 fnt
|faint|p1b: Basculegion
|move|p1a: Kingambit|Sucker Punch|p2b: Torkoal
|-damage|p2b: Torkoal|22/100
|move|p2b: Torkoal|Weather Ball|p1a: Kingambit
|-supereffective|p1a: Kingambit|1
|-damage|p1a: Kingambit|0 fnt
|faint|p1a: Kingambit
|
|win|quatrokilla
|inactive|AaravosTheGreatOne has 30 seconds to confirm battle start!
|inactive|quatrokilla has 30 seconds to confirm battle start!
||AaravosTheGreatOne is ready for game 2.
||quatrokilla is ready for game 2.
|uhtml|next|Next: Game 2 of 3
|l|☆quatrokilla
|player|p2|
