|j|☆DilluVGC
|j|☆chavo666
|html|DilluVGCchavo666    
|uhtml|bestof|Game 2 of a best-of-3
|t:|1784746474
|gametype|doubles
|player|p1|DilluVGC|blaine|
|player|p2|chavo666|biker|
|gen|9
|tier|[Gen 9 Champions] VGC 2026 Reg M-B (Bo3)
|rule|Species Clause: Limit one of each Pokémon
|rule|Item Clause: Limit 1 of each item
|clearpoke
|poke|p1|Tyranitar, L50, F|
|poke|p1|Excadrill, L50, M|
|poke|p1|Milotic, L50, F|
|poke|p1|Gholdengo, L50|
|poke|p1|Sinistcha-Masterpiece, L50|
|poke|p1|Staraptor, L50, M|
|poke|p2|Incineroar, L50, M|
|poke|p2|Corviknight, L50, F|
|poke|p2|Politoed, L50, F|
|poke|p2|Gengar, L50, M, shiny|
|poke|p2|Swampert, L50, M|
|poke|p2|Sneasler, L50, F|
|teampreview|4
|showteam|p1|Tyranitar||Tyranitarite|SandStream|KnockOff,RockSlide,HighHorsepower,Protect|Jolly||F|||50|]Excadrill||FocusSash|SandRush|Earthquake,IronHead,RockSlide,Protect|Jolly||M|||50|]Milotic||SitrusBerry|Competitive|Scald,IcyWind,Haze,Protect|Calm||F|||50|]Gholdengo||LifeOrb|GoodasGold|MakeItRain,ShadowBall,NastyPlot,Protect|Modest|||||50|]Sinistcha-Masterpiece||ColburBerry|Hospitality|MatchaGotcha,ShadowBall,Protect,RagePowder|Bold|||||50|]Staraptor||Staraptite|Intimidate|CloseCombat,BraveBird,Tailwind,Protect|Jolly||M|||50|
|showteam|p2|Incineroar||ChopleBerry|Intimidate|FakeOut,PartingShot,DarkestLariat,FlareBlitz|Adamant||M|||50|]Corviknight||Leftovers|MirrorArmor|BodyPress,IronDefense,Roost,BraveBird|Impish||F|||50|]Politoed||SitrusBerry|Drizzle|IceBeam,PerishSong,Protect,WeatherBall|Modest||F|||50|]Gengar||Gengarite|CursedBody|ShadowBall,PerishSong,Protect,SludgeBomb|Timid||M|||50|]Swampert||Swampertite|Damp|WaveCrash,RockSlide,Earthquake,Protect|Adamant||M|||50|]Sneasler||FocusSash|Unburden|DireClaw,CloseCombat,FakeOut,Coaching|Jolly||F|||50|
|
|t:|1784746519
|teamsize|p1|4
|teamsize|p2|4
|start
|switch|p1a: Notorious T|Tyranitar, L50, F|100/100
|switch|p1b: Aftermath|Gholdengo, L50|100/100
|switch|p2a: Swampert|Swampert, L50, M|100/100
|switch|p2b: Sneasler|Sneasler, L50, F|100/100
|-weather|Sandstorm|[from] ability: Sand Stream|[of] p1a: Notorious T
|turn|1
|
|t:|1784746567
|switch|p2b: Corviknight|Corviknight, L50, F|100/100
|detailschange|p1a: Notorious T|Tyranitar-Mega, L50, F
|-mega|p1a: Notorious T|Tyranitar|Tyranitarite
|detailschange|p2a: Swampert|Swampert-Mega, L50, M
|-mega|p2a: Swampert|Swampert|Swampertite
|move|p1a: Notorious T|High Horsepower|p2a: Swampert
|-damage|p2a: Swampert|68/100
|move|p2a: Swampert|Earthquake|p1b: Aftermath|[spread] p1a,p1b
|-immune|p2b: Corviknight
|-supereffective|p1a: Notorious T|1
|-supereffective|p1b: Aftermath|1
|-damage|p1a: Notorious T|34/100
|-damage|p1b: Aftermath|19/100
|move|p1b: Aftermath|Shadow Ball|p2a: Swampert
|-damage|p2a: Swampert|19/100
|-unboost|p2a: Swampert|spd|1
|-damage|p1b: Aftermath|10/100|[from] item: Life Orb
|
|-weather|Sandstorm|[upkeep]
|upkeep
|turn|2
|
|t:|1784746597
|switch|p1b: Rap-Turn'al|Staraptor, L50, M|100/100
|-ability|p1b: Rap-Turn'al|Intimidate|boost
|-unboost|p2a: Swampert|atk|1
|-ability|p2b: Corviknight|Mirror Armor
|-unboost|p1b: Rap-Turn'al|atk|1
|move|p1a: Notorious T|Protect|p1a: Notorious T
|-singleturn|p1a: Notorious T|Protect
|move|p2a: Swampert|Protect|p2a: Swampert
|-singleturn|p2a: Swampert|Protect
|move|p2b: Corviknight|Brave Bird|p1a: Notorious T
|-activate|p1a: Notorious T|move: Protect
|
|-weather|Sandstorm|[upkeep]
|-damage|p1b: Rap-Turn'al|94/100|[from] Sandstorm
|upkeep
|turn|3
|
|t:|1784746634
|switch|p1a: Aftermath|Gholdengo, L50|10/100
|switch|p2a: Politoed|Politoed, L50, F|100/100
|-weather|RainDance|[from] ability: Drizzle|[of] p2a: Politoed
|move|p1b: Rap-Turn'al|Brave Bird|p2a: Politoed
|-damage|p2a: Politoed|63/100
|-damage|p1b: Rap-Turn'al|83/100|[from] Recoil
|move|p2b: Corviknight|Iron Defense|p2b: Corviknight
|-boost|p2b: Corviknight|def|2
|
|-weather|RainDance|[upkeep]
|upkeep
|turn|4
|
|t:|1784746659
|switch|p2a: Swampert|Swampert-Mega, L50, M|19/100
|move|p1b: Rap-Turn'al|Tailwind|p1b: Rap-Turn'al
|-sidestart|p1: DilluVGC|move: Tailwind
|move|p1a: Aftermath|Shadow Ball|p2b: Corviknight
|-damage|p2b: Corviknight|54/100
|-damage|p1a: Aftermath|1/100|[from] item: Life Orb
|move|p2b: Corviknight|Brave Bird|p1b: Rap-Turn'al
|-damage|p1b: Rap-Turn'al|37/100
|-damage|p2b: Corviknight|38/100|[from] Recoil
|
|-weather|RainDance|[upkeep]
|-heal|p2b: Corviknight|44/100|[from] item: Leftovers
|upkeep
|turn|5
|
|t:|1784746690
|switch|p1b: Notorious T|Tyranitar-Mega, L50, F|34/100
|-weather|Sandstorm|[from] ability: Sand Stream|[of] p1b: Notorious T
|move|p1a: Aftermath|Make It Rain|p2b: Corviknight|[spread] p2a,p2b
|-resisted|p2a: Swampert|1
|-resisted|p2b: Corviknight|1
|-damage|p2a: Swampert|0 fnt
|-damage|p2b: Corviknight|20/100r
|-unboost|p1a: Aftermath|spa|2
|faint|p2a: Swampert
|-damage|p1a: Aftermath|0 fnt|[from] item: Life Orb
|faint|p1a: Aftermath
|move|p2b: Corviknight|Roost|p2b: Corviknight
|-heal|p2b: Corviknight|70/100
|-singleturn|p2b: Corviknight|move: Roost
|
|-weather|Sandstorm|[upkeep]
|-heal|p2b: Corviknight|76/100|[from] item: Leftovers
|upkeep
|
|t:|1784746714
|switch|p2a: Sneasler|Sneasler, L50, F|100/100
|switch|p1a: Ice Tea Cube|Sinistcha-Masterpiece, L50|100/100
|-heal|p1b: Notorious T|59/100|[from] ability: Hospitality|[of] p1a: Ice Tea Cube
|turn|6
|
|t:|1784746731
|move|p1a: Ice Tea Cube|Rage Powder|p1a: Ice Tea Cube
|-singleturn|p1a: Ice Tea Cube|move: Rage Powder
|move|p1b: Notorious T|High Horsepower|p2a: Sneasler
|-supereffective|p2a: Sneasler|1
|-enditem|p2a: Sneasler|Focus Sash
|-damage|p2a: Sneasler|1/100
|move|p2a: Sneasler|Coaching|p2b: Corviknight
|-boost|p2b: Corviknight|atk|1
|-boost|p2b: Corviknight|def|1
|move|p2b: Corviknight|Roost|p2b: Corviknight
|-heal|p2b: Corviknight|100/100
|-singleturn|p2b: Corviknight|move: Roost
|
|-weather|Sandstorm|[upkeep]
|-damage|p2a: Sneasler|0 fnt|[from] Sandstorm
|-damage|p1a: Ice Tea Cube|94/100|[from] Sandstorm
|faint|p2a: Sneasler
|upkeep
|
|t:|1784746748
|switch|p2a: Politoed|Politoed, L50, F|63/100
|-weather|RainDance|[from] ability: Drizzle|[of] p2a: Politoed
|turn|7
|
|t:|1784746762
|move|p1b: Notorious T|Knock Off|p2b: Corviknight
|-damage|p2b: Corviknight|82/100
|-enditem|p2b: Corviknight|Leftovers|[from] move: Knock Off|[of] p1b: Notorious T
|move|p1a: Ice Tea Cube|Matcha Gotcha|p2b: Corviknight|[spread] p2b
|-miss|p1a: Ice Tea Cube|p2a: Politoed
|-resisted|p2b: Corviknight|2
|-damage|p2b: Corviknight|77/100
|-heal|p1a: Ice Tea Cube|97/100|[from] drain|[of] p2b: Corviknight
|move|p2a: Politoed|Weather Ball|p1b: Notorious T
|-supereffective|p1b: Notorious T|1
|-damage|p1b: Notorious T|0 fnt
|faint|p1b: Notorious T
|move|p2b: Corviknight|Brave Bird|p1a: Ice Tea Cube
|-supereffective|p1a: Ice Tea Cube|1
|-damage|p1a: Ice Tea Cube|13/100
|-damage|p2b: Corviknight|50/100g|[from] Recoil
|
|-weather|RainDance|[upkeep]
|-sideend|p1: DilluVGC|move: Tailwind
|upkeep
|
|t:|1784746780
|switch|p1b: Rap-Turn'al|Staraptor, L50, M|37/100
|-ability|p1b: Rap-Turn'al|Intimidate|boost
|-unboost|p2a: Politoed|atk|1
|-ability|p2b: Corviknight|Mirror Armor
|-unboost|p1b: Rap-Turn'al|atk|1
|turn|8
|
|t:|1784746791
|move|p2a: Politoed|Protect|p2a: Politoed
|-singleturn|p2a: Politoed|Protect
|move|p1b: Rap-Turn'al|Close Combat|p2b: Corviknight
|-damage|p2b: Corviknight|43/100
|-unboost|p1b: Rap-Turn'al|def|1
|-unboost|p1b: Rap-Turn'al|spd|1
|move|p1a: Ice Tea Cube|Matcha Gotcha|p2a: Politoed|[spread] p2b
|-activate|p2a: Politoed|move: Protect
|-resisted|p2b: Corviknight|2
|-damage|p2b: Corviknight|38/100
|-heal|p1a: Ice Tea Cube|16/100|[from] drain|[of] p2b: Corviknight
|-status|p2b: Corviknight|brn
|move|p2b: Corviknight|Roost|p2b: Corviknight
|-heal|p2b: Corviknight|88/100 brn
|-singleturn|p2b: Corviknight|move: Roost
|
|-weather|RainDance|[upkeep]
|-damage|p2b: Corviknight|82/100 brn|[from] brn
|upkeep
|turn|9
|c|☆DilluVGC|wp!
|
|t:|1784746821
|move|p1b: Rap-Turn'al|Tailwind|p1b: Rap-Turn'al
|-sidestart|p1: DilluVGC|move: Tailwind
|move|p1a: Ice Tea Cube|Matcha Gotcha|p2b: Corviknight|[spread] p2a,p2b
|-supereffective|p2a: Politoed|1
|-resisted|p2b: Corviknight|2
|-damage|p2a: Politoed|11/100
|-heal|p1a: Ice Tea Cube|41/100|[from] drain|[of] p2a: Politoed
|-damage|p2b: Corviknight|77/100 brn
|-heal|p1a: Ice Tea Cube|44/100|[from] drain|[of] p2b: Corviknight
|-enditem|p2a: Politoed|Sitrus Berry|[eat]
|-heal|p2a: Politoed|36/100|[from] item: Sitrus Berry
|move|p2a: Politoed|Ice Beam|p1a: Ice Tea Cube
|-supereffective|p1a: Ice Tea Cube|1
|-damage|p1a: Ice Tea Cube|0 fnt
|faint|p1a: Ice Tea Cube
|move|p2b: Corviknight|Body Press|p1b: Rap-Turn'al
|-damage|p1b: Rap-Turn'al|0 fnt
|faint|p1b: Rap-Turn'al
|
|win|chavo666
