|j|☆ToastedArt
|j|☆Granny Pie
|html|ToastedArtGranny Pie    
|uhtml|bestof|Game 3 of a best-of-3
|t:|1784352960
|gametype|doubles
|player|p1|ToastedArt|clemont|
|player|p2|Granny Pie|zinnia|
|gen|9
|tier|[Gen 9 Champions] VGC 2026 Reg M-B (Bo3)
|rule|Species Clause: Limit one of each Pokémon
|rule|Item Clause: Limit 1 of each item
|clearpoke
|poke|p1|Maushold, L50|
|poke|p1|Chesnaught, L50, M, shiny|
|poke|p1|Delphox, L50, M|
|poke|p1|Incineroar, L50, F|
|poke|p1|Whimsicott, L50, F|
|poke|p1|Tinkaton, L50, F|
|poke|p2|Vivillon-Pokeball, L50, F, shiny|
|poke|p2|Sinistcha-Masterpiece, L50, shiny|
|poke|p2|Farigiraf, L50, M|
|poke|p2|Sylveon, L50, M, shiny|
|poke|p2|Camerupt, L50, M, shiny|
|poke|p2|Floette-Eternal, L50, F|
|teampreview|4
|showteam|p1|Maushold||ChopleBerry|FriendGuard|FollowMe,Encore,AfterYou,SuperFang|Jolly|||||50|]Chesnaught||Chesnaughtite|Bulletproof|DrainPunch,GrassyGlide,BellyDrum,SpikyShield|Adamant||M|||50|]Delphox||Delphoxite|Blaze|HeatWave,Psychic,NastyPlot,Protect|Timid||M|||50|]Incineroar||SitrusBerry|Intimidate|FlareBlitz,PartingShot,FakeOut,ThroatChop|Impish||F|||50|]Whimsicott||FocusSash|Prankster|Moonblast,GrassyTerrain,TrickRoom,Encore|Timid||F|||50|]Tinkaton||OccaBerry|MoldBreaker|FakeOut,GigatonHammer,SkillSwap,Feint|Jolly||F|||50|
|showteam|p2|Vivillon-Pokeball||ChoiceScarf|CompoundEyes|SleepPowder,RagePowder,Tailwind,Hurricane|Timid||F|||50|]Sinistcha-Masterpiece||KasibBerry|Hospitality|MatchaGotcha,RagePowder,LifeDew,TrickRoom|Bold|||||50|]Farigiraf||SitrusBerry|ArmorTail|AllySwitch,PsychicFangs,HelpingHand,TrickRoom|Relaxed||M|||50|]Sylveon||FairyFeather|Pixilate|Moonblast,HyperVoice,QuickAttack,Protect|Quiet||M|||50|]Camerupt||Cameruptite|SolidRock|Eruption,EarthPower,HeatWave,Protect|Quiet||M|||50|]Floette-Eternal||Floettite|FlowerVeil|Moonblast,DazzlingGleam,CalmMind,Protect|Quiet||F|||50|
|inactive|Battle timer is ON: inactive players will automatically lose when time's up. (requested by ToastedArt)
|
|t:|1784352987
|teamsize|p1|4
|teamsize|p2|4
|start
|switch|p1a: Delphox|Delphox, L50, M|100/100
|switch|p1b: Tinkaton|Tinkaton, L50, F|100/100
|switch|p2a: HeWillNeverDie|Farigiraf, L50, M|100/100
|switch|p2b: Honest/Hardworking|Camerupt, L50, M, shiny|100/100
|-ability|p1b: Tinkaton|Mold Breaker
|turn|1
|
|t:|1784353000
|detailschange|p1a: Delphox|Delphox-Mega, L50, M
|-mega|p1a: Delphox|Delphox|Delphoxite
|detailschange|p2b: Honest/Hardworking|Camerupt-Mega, L50, M, shiny
|-mega|p2b: Honest/Hardworking|Camerupt|Cameruptite
|move|p1b: Tinkaton|Fake Out|p2a: HeWillNeverDie
|-damage|p2a: HeWillNeverDie|93/100
|move|p1a: Delphox|Nasty Plot|p1a: Delphox
|-boost|p1a: Delphox|spa|2
|move|p2b: Honest/Hardworking|Eruption|p1a: Delphox|[spread] p1a,p1b
|-resisted|p1a: Delphox|1
|-supereffective|p1b: Tinkaton|1
|-enditem|p1b: Tinkaton|Occa Berry|[eat]
|-enditem|p1b: Tinkaton|Occa Berry|[weaken]
|-damage|p1a: Delphox|67/100
|-damage|p1b: Tinkaton|33/100
|cant|p2a: HeWillNeverDie|flinch
|
|upkeep
|turn|2
|inactive|ToastedArt has 30 seconds left.
|
|t:|1784353027
|move|p1a: Delphox|Heat Wave|p2b: Honest/Hardworking|[spread] p2a,p2b
|-resisted|p2b: Honest/Hardworking|1
|-damage|p2a: HeWillNeverDie|25/100
|-damage|p2b: Honest/Hardworking|63/100
|-enditem|p2a: HeWillNeverDie|Sitrus Berry|[eat]
|-heal|p2a: HeWillNeverDie|50/100y|[from] item: Sitrus Berry
|move|p1b: Tinkaton|Skill Swap|p2b: Honest/Hardworking
|-activate|p1b: Tinkaton|Skill Swap|Sheer Force|Mold Breaker|[of] p2b: Honest/Hardworking
|-ability|p2b: Honest/Hardworking|Mold Breaker
|move|p2b: Honest/Hardworking|Eruption|p1b: Tinkaton|[spread] p1a,p1b
|-resisted|p1a: Delphox|1
|-supereffective|p1b: Tinkaton|1
|-damage|p1a: Delphox|47/100
|-damage|p1b: Tinkaton|0 fnt
|faint|p1b: Tinkaton
|move|p2a: HeWillNeverDie|Trick Room|p2a: HeWillNeverDie
|-fieldstart|move: Trick Room|[of] p2a: HeWillNeverDie
|
|upkeep
|
|t:|1784353041
|switch|p1b: Maushold|Maushold, L50|100/100
|turn|3
|
|t:|1784353051
|move|p2a: HeWillNeverDie|Helping Hand|p2b: Honest/Hardworking
|-singleturn|p2b: Honest/Hardworking|Helping Hand|[of] p2a: HeWillNeverDie
|move|p1b: Maushold|Follow Me|p1b: Maushold
|-singleturn|p1b: Maushold|move: Follow Me
|move|p2b: Honest/Hardworking|Eruption|p1a: Delphox|[spread] p1a,p1b
|-resisted|p1a: Delphox|1
|-damage|p1a: Delphox|16/100
|-damage|p1b: Maushold|13/100
|move|p1a: Delphox|Heat Wave|p2b: Honest/Hardworking|[spread] p2a,p2b
|-resisted|p2b: Honest/Hardworking|1
|-damage|p2a: HeWillNeverDie|0 fnt
|-damage|p2b: Honest/Hardworking|23/100
|faint|p2a: HeWillNeverDie
|
|upkeep
|
|t:|1784353061
|switch|p2a: DarkWokeAyatollah|Sylveon, L50, M, shiny|100/100
|turn|4
|
|t:|1784353066
|move|p1a: Delphox|Protect|p1a: Delphox
|-singleturn|p1a: Delphox|Protect
|move|p2b: Honest/Hardworking|Heat Wave|p1b: Maushold|[spread] p1b
|-activate|p1a: Delphox|move: Protect
|-damage|p1b: Maushold|0 fnt
|faint|p1b: Maushold
|move|p2a: DarkWokeAyatollah|Hyper Voice|p1a: Delphox
|-activate|p1a: Delphox|move: Protect
|
|upkeep
|
|t:|1784353069
|switch|p1b: Incineroar|Incineroar, L50, F|100/100
|-ability|p1b: Incineroar|Intimidate|boost
|-unboost|p2a: DarkWokeAyatollah|atk|1
|-unboost|p2b: Honest/Hardworking|atk|1
|turn|5
|
|t:|1784353080
|move|p1b: Incineroar|Fake Out|p2a: DarkWokeAyatollah
|-damage|p2a: DarkWokeAyatollah|87/100
|move|p2b: Honest/Hardworking|Heat Wave|p1b: Incineroar|[spread] p1a,p1b
|-resisted|p1a: Delphox|1
|-resisted|p1b: Incineroar|1
|-damage|p1a: Delphox|0 fnt
|-damage|p1b: Incineroar|79/100
|faint|p1a: Delphox
|cant|p2a: DarkWokeAyatollah|flinch
|
|upkeep
|turn|6
|-message|ToastedArt forfeited.
|
|win|Granny Pie
|l|☆ToastedArt
|player|p1|
