|j|☆Northgdh
|j|☆lowladdertanker
|html|Northgdhlowladdertanker    
|uhtml|bestof|Game 2 of a best-of-3
|t:|1784323128
|gametype|doubles
|player|p1|Northgdh|101|1260
|player|p2|lowladdertanker|2|1384
|gen|9
|tier|[Gen 9 Champions] VGC 2026 Reg M-B (Bo3)
|rated|
|rule|Species Clause: Limit one of each Pokémon
|rule|Item Clause: Limit 1 of each item
|clearpoke
|poke|p1|Incineroar, L50, M, shiny|
|poke|p1|Delphox, L50, F, shiny|
|poke|p1|Sinistcha, L50|
|poke|p1|Kingambit, L50, M, shiny|
|poke|p1|Blastoise, L50, M, shiny|
|poke|p1|Sneasler, L50, M|
|poke|p2|Camerupt, L50, F|
|poke|p2|Farigiraf, L50, F|
|poke|p2|Incineroar, L50, M|
|poke|p2|Vivillon, L50, F|
|poke|p2|Kingambit, L50, F|
|poke|p2|Blastoise, L50, M|
|teampreview|4
|showteam|p1|Incineroar||SitrusBerry|Intimidate|FlareBlitz,FakeOut,HelpingHand,PartingShot|Impish||M|||50|]Delphox||Delphoxite|Blaze|HeatWave,Psychic,NastyPlot,Protect|Timid||F|||50|]Sinistcha||KasibBerry|Hospitality|MatchaGotcha,RagePowder,LifeDew,Protect|Bold|||||50|]Kingambit||LifeOrb|Defiant|KowtowCleave,SuckerPunch,SwordsDance,Protect|Adamant||M|||50|]Blastoise||Blastoisinite|RainDish|WaterSpout,DarkPulse,ShellSmash,Protect|Modest||M|||50|]Sneasler||FocusSash|PoisonTouch|CloseCombat,PoisonJab,FakeOut,QuickGuard|Jolly||M|||50|
|showteam|p2|Camerupt||Cameruptite|SolidRock|EarthPower,HeatWave,AncientPower,Protect|Quiet||F|||50|]Farigiraf||SitrusBerry|ArmorTail|Psychic,HelpingHand,TrickRoom,Protect|Sassy||F|||50|]Incineroar||WhiteHerb|Intimidate|FakeOut,FlareBlitz,DarkestLariat,CloseCombat|Adamant||M|||50|]Vivillon||ChoiceScarf|CompoundEyes|Hurricane,SleepPowder,RagePowder,RainDance|Timid||F|||50|]Kingambit||BlackGlasses|Defiant|KowtowCleave,SuckerPunch,SwordsDance,IronHead|Brave||F|||50|]Blastoise||Blastoisinite|Torrent|WaterSpout,FakeOut,DarkPulse,ShellSmash|Modest||M|||50|
|inactive|Battle timer is ON: inactive players will automatically lose when time's up. (requested by lowladdertanker)
|inactive|Northgdh also wants the timer to be on.
|inactive|Northgdh has 60 seconds left.
|
|t:|1784323159
|teamsize|p1|4
|teamsize|p2|4
|start
|switch|p1a: drop dead|Kingambit, L50, M, shiny|100/100
|switch|p1b: honeybee|Sneasler, L50, M|100/100
|switch|p2a: Incineroar|Incineroar, L50, M|100/100
|switch|p2b: Farigiraf|Farigiraf, L50, F|100/100
|-ability|p2a: Incineroar|Intimidate|boost
|-unboost|p1a: drop dead|atk|1
|-ability|p1a: drop dead|Defiant|boost
|-boost|p1a: drop dead|atk|2
|-unboost|p1b: honeybee|atk|1
|turn|1
|
|t:|1784323173
|switch|p1b: stupid song|Incineroar, L50, M, shiny|100/100
|-ability|p1b: stupid song|Intimidate|boost
|-unboost|p2a: Incineroar|atk|1
|-unboost|p2b: Farigiraf|atk|1
|-enditem|p2a: Incineroar|White Herb
|-clearnegativeboost|p2a: Incineroar|[silent]
|move|p2a: Incineroar|Fake Out|p1a: drop dead
|-resisted|p1a: drop dead|1
|-damage|p1a: drop dead|94/100
|cant|p1a: drop dead|flinch
|move|p2b: Farigiraf|Trick Room|p2b: Farigiraf
|-fieldstart|move: Trick Room|[of] p2b: Farigiraf
|
|upkeep
|turn|2
|
|t:|1784323200
|move|p2b: Farigiraf|Helping Hand|p2a: Incineroar
|-singleturn|p2a: Incineroar|Helping Hand|[of] p2b: Farigiraf
|move|p1a: drop dead|Protect|p1a: drop dead
|-singleturn|p1a: drop dead|Protect
|move|p2a: Incineroar|Close Combat|p1b: stupid song
|-supereffective|p1b: stupid song|1
|-damage|p1b: stupid song|10/100
|-unboost|p2a: Incineroar|def|1
|-unboost|p2a: Incineroar|spd|1
|-enditem|p1b: stupid song|Sitrus Berry|[eat]
|-heal|p1b: stupid song|35/100|[from] item: Sitrus Berry
|move|p1b: stupid song|Parting Shot|p2a: Incineroar
|-unboost|p2a: Incineroar|atk|1
|-unboost|p2a: Incineroar|spa|1
|
|t:|1784323205
|switch|p1b: purple|Delphox, L50, F, shiny|100/100|[from] Parting Shot
|
|upkeep
|turn|3
|
|t:|1784323219
|switch|p1b: stupid song|Incineroar, L50, M, shiny|35/100
|-ability|p1b: stupid song|Intimidate|boost
|-unboost|p2a: Incineroar|atk|1
|-unboost|p2b: Farigiraf|atk|1
|move|p2b: Farigiraf|Helping Hand|p2a: Incineroar
|-singleturn|p2a: Incineroar|Helping Hand|[of] p2b: Farigiraf
|move|p1a: drop dead|Kowtow Cleave|p2b: Farigiraf
|-supereffective|p2b: Farigiraf|1
|-damage|p2b: Farigiraf|0 fnt
|faint|p2b: Farigiraf
|-damage|p1a: drop dead|84/100|[from] item: Life Orb
|move|p2a: Incineroar|Darkest Lariat|p1b: stupid song
|-resisted|p1b: stupid song|1
|-damage|p1b: stupid song|24/100
|
|upkeep
|
|t:|1784323222
|switch|p2b: Camerupt|Camerupt, L50, F|100/100
|turn|4
|
|t:|1784323232
|switch|p2a: Kingambit|Kingambit, L50, F|100/100
|detailschange|p2b: Camerupt|Camerupt-Mega, L50, F
|-mega|p2b: Camerupt|Camerupt|Cameruptite
|move|p1b: stupid song|Helping Hand|p1a: drop dead
|-singleturn|p1a: drop dead|Helping Hand|[of] p1b: stupid song
|move|p1a: drop dead|Sucker Punch|p2b: Camerupt
|-damage|p2b: Camerupt|0 fnt
|faint|p2b: Camerupt
|-damage|p1a: drop dead|75/100|[from] item: Life Orb
|
|upkeep
|
|t:|1784323240
|switch|p2b: Incineroar|Incineroar, L50, M|100/100
|-ability|p2b: Incineroar|Intimidate|boost
|-unboost|p1a: drop dead|atk|1
|-ability|p1a: drop dead|Defiant|boost
|-boost|p1a: drop dead|atk|2
|-unboost|p1b: stupid song|atk|1
|turn|5
|
|t:|1784323248
|switch|p1b: honeybee|Sneasler, L50, M|100/100
|move|p1a: drop dead|Protect|p1a: drop dead
|-singleturn|p1a: drop dead|Protect
|move|p2a: Kingambit|Swords Dance|p2a: Kingambit
|-boost|p2a: Kingambit|atk|2
|move|p2b: Incineroar|Flare Blitz|p1a: drop dead
|-activate|p1a: drop dead|move: Protect
|
|-fieldend|move: Trick Room
|upkeep
|turn|6
|
|t:|1784323273
|move|p1a: drop dead|Sucker Punch|p2b: Incineroar
|-resisted|p2b: Incineroar|1
|-damage|p2b: Incineroar|51/100
|-damage|p1a: drop dead|65/100|[from] item: Life Orb
|move|p2a: Kingambit|Sucker Punch|p1b: honeybee
|-resisted|p1b: honeybee|1
|-damage|p1b: honeybee|14/100
|move|p1b: honeybee|Close Combat|p2a: Kingambit
|-supereffective|p2a: Kingambit|2
|-damage|p2a: Kingambit|0 fnt
|-unboost|p1b: honeybee|def|1
|-unboost|p1b: honeybee|spd|1
|faint|p2a: Kingambit
|move|p2b: Incineroar|Flare Blitz|p1a: drop dead
|-supereffective|p1a: drop dead|1
|-damage|p1a: drop dead|0 fnt
|faint|p1a: drop dead
|-damage|p2b: Incineroar|30/100|[from] Recoil
|
|upkeep
|
|t:|1784323276
|switch|p1a: stupid song|Incineroar, L50, M, shiny|24/100
|-ability|p1a: stupid song|Intimidate|boost
|-unboost|p2b: Incineroar|atk|1
|turn|7
|-message|lowladdertanker forfeited.
|
|win|Northgdh
|l|☆lowladdertanker
|player|p2|
||lowladdertanker is ready for game 3.
