|j|☆negaifreak
|j|☆EVIOLITESWEEP
|html|negaifreakEVIOLITESWEEP    
|uhtml|bestof|Game 2 of a best-of-3
|t:|1783791172
|gametype|doubles
|player|p1|negaifreak|nate|1138
|player|p2|EVIOLITESWEEP|101|1035
|gen|9
|tier|[Gen 9 Champions] VGC 2026 Reg M-B (Bo3)
|rated|
|rule|Species Clause: Limit one of each Pokémon
|rule|Item Clause: Limit 1 of each item
|clearpoke
|poke|p1|Pelipper, L50, M|
|poke|p1|Tinkaton, L50, F|
|poke|p1|Sneasler, L50, F|
|poke|p1|Sinistcha, L50|
|poke|p1|Blastoise, L50, F|
|poke|p1|Farigiraf, L50, F|
|poke|p2|Orthworm, L50, M|
|poke|p2|Garchomp, L50, F|
|poke|p2|Delphox, L50, F|
|poke|p2|Whimsicott, L50, M|
|poke|p2|Aerodactyl, L50, M|
|poke|p2|Gyarados, L50, F|
|teampreview|4
|showteam|p1|Pelipper||FocusSash|Drizzle|WeatherBall,Hurricane,Tailwind,Protect|Modest||M|||50|]Tinkaton||Leftovers|MoldBreaker|GigatonHammer,FakeOut,PlayRough,Feint|Adamant||F|||50|]Sneasler||WhiteHerb|Unburden|FakeOut,DireClaw,CloseCombat,Protect|Adamant||F|||50|]Sinistcha||SitrusBerry|Hospitality|MatchaGotcha,RagePowder,LifeDew,TrickRoom|Relaxed|||||50|]Blastoise||Blastoisinite|Torrent|DarkPulse,WaterSpout,ShellSmash,Protect|Modest||F|||50|]Farigiraf||ColburBerry|ArmorTail|TrickRoom,RainDance,Psychic,HelpingHand|Bold||F|||50|
|showteam|p2|Orthworm||OccaBerry|EarthEater|BodyPress,HeavySlam,SmackDown,Protect|Careful||M|||50|]Garchomp||LifeOrb|RoughSkin|Earthquake,Protect,BreakingSwipe,RockSlide|Jolly||F|||50|]Delphox||Delphoxite|Blaze|HeatWave,FoulPlay,Psychic,Protect|Timid||F|||50|]Whimsicott||MentalHerb|Prankster|Tailwind,SunnyDay,Encore,Moonblast|Bold||M|||50|]Aerodactyl||Aerodactylite|RockHead|WideGuard,RockSlide,Tailwind,Protect|Jolly||M|||50|]Gyarados||WacanBerry|Intimidate|IcyWind,Crunch,Protect,DragonTail|Relaxed||F|||50|
|inactive|Battle timer is ON: inactive players will automatically lose when time's up. (requested by negaifreak)
|inactive|negaifreak has 60 seconds left.
|inactive|EVIOLITESWEEP has 60 seconds left.
|
|t:|1783791225
|teamsize|p1|4
|teamsize|p2|4
|start
|switch|p1a: Tinkaton|Tinkaton, L50, F|100/100
|switch|p1b: Farigiraf|Farigiraf, L50, F|100/100
|switch|p2a: Delphox|Delphox, L50, F|100/100
|switch|p2b: Garchomp|Garchomp, L50, F|100/100
|-ability|p1a: Tinkaton|Mold Breaker
|turn|1
|inactive|negaifreak has 30 seconds left.
|
|t:|1783791258
|detailschange|p2a: Delphox|Delphox-Mega, L50, F
|-mega|p2a: Delphox|Delphox|Delphoxite
|move|p1a: Tinkaton|Fake Out|p2b: Garchomp
|-damage|p2b: Garchomp|89/100
|-damage|p1a: Tinkaton|87/100|[from] ability: Rough Skin|[of] p2b: Garchomp
|move|p2a: Delphox|Heat Wave|p1a: Tinkaton|[spread] p1a,p1b
|-supereffective|p1a: Tinkaton|1
|-damage|p1a: Tinkaton|17/100
|-damage|p1b: Farigiraf|61/100
|cant|p2b: Garchomp|flinch
|move|p1b: Farigiraf|Trick Room|p1b: Farigiraf
|-fieldstart|move: Trick Room|[of] p1b: Farigiraf
|
|-heal|p1a: Tinkaton|23/100|[from] item: Leftovers
|upkeep
|turn|2
|inactive|negaifreak has 30 seconds left.
|inactive|EVIOLITESWEEP has 30 seconds left.
|
|t:|1783791289
|move|p1b: Farigiraf|Helping Hand|p1a: Tinkaton
|-singleturn|p1a: Tinkaton|Helping Hand|[of] p1b: Farigiraf
|move|p1a: Tinkaton|Play Rough|p2b: Garchomp
|-supereffective|p2b: Garchomp|1
|-damage|p2b: Garchomp|0 fnt
|-damage|p1a: Tinkaton|11/100|[from] ability: Rough Skin|[of] p2b: Garchomp
|faint|p2b: Garchomp
|move|p2a: Delphox|Heat Wave|p1b: Farigiraf|[spread] p1a,p1b
|-supereffective|p1a: Tinkaton|1
|-damage|p1a: Tinkaton|0 fnt
|-damage|p1b: Farigiraf|24/100
|faint|p1a: Tinkaton
|
|upkeep
|
|t:|1783791302
|switch|p1a: Blastoise|Blastoise, L50, F|100/100
|switch|p2b: Whimsicott|Whimsicott, L50, M|100/100
|turn|3
|inactive|negaifreak has 30 seconds left.
|inactive|EVIOLITESWEEP has 30 seconds left.
|
|t:|1783791329
|detailschange|p1a: Blastoise|Blastoise-Mega, L50, F
|-mega|p1a: Blastoise|Blastoise|Blastoisinite
|move|p2a: Delphox|Protect|p2a: Delphox
|-singleturn|p2a: Delphox|Protect
|move|p1b: Farigiraf|Rain Dance|p1b: Farigiraf
|-weather|RainDance
|move|p1a: Blastoise|Water Spout|p2b: Whimsicott|[spread] p2b
|-activate|p2a: Delphox|move: Protect
|-resisted|p2b: Whimsicott|1
|-damage|p2b: Whimsicott|40/100
|move|p2b: Whimsicott|Moonblast|p1b: Farigiraf
|-damage|p1b: Farigiraf|1/100
|
|-weather|RainDance|[upkeep]
|upkeep
|turn|4
|inactive|negaifreak has 30 seconds left.
|inactive|EVIOLITESWEEP has 30 seconds left.
|inactive|negaifreak has 20 seconds left.
|
|t:|1783791367
|move|p1b: Farigiraf|Helping Hand|p1a: Blastoise
|-singleturn|p1a: Blastoise|Helping Hand|[of] p1b: Farigiraf
|move|p2b: Whimsicott|Sunny Day|p2b: Whimsicott
|-weather|SunnyDay
|move|p1a: Blastoise|Water Spout|p2a: Delphox|[spread] p2a,p2b
|-supereffective|p2a: Delphox|1
|-resisted|p2b: Whimsicott|1
|-damage|p2a: Delphox|15/100
|-damage|p2b: Whimsicott|7/100
|move|p2a: Delphox|Heat Wave|p1b: Farigiraf|[spread] p1a,p1b
|-resisted|p1a: Blastoise|1
|-damage|p1a: Blastoise|71/100
|-damage|p1b: Farigiraf|0 fnt
|-status|p1a: Blastoise|brn
|faint|p1b: Farigiraf
|
|-weather|SunnyDay|[upkeep]
|-damage|p1a: Blastoise|65/100 brn|[from] brn
|upkeep
|
|t:|1783791375
|switch|p1b: Sinistcha|Sinistcha, L50|100/100
|-heal|p1a: Blastoise|90/100 brn|[from] ability: Hospitality|[of] p1b: Sinistcha
|turn|5
|inactive|negaifreak has 30 seconds left.
|
|t:|1783791409
|move|p2a: Delphox|Protect|p2a: Delphox
|-singleturn|p2a: Delphox|Protect
|move|p2b: Whimsicott|Encore|p1a: Blastoise
|-start|p1a: Blastoise|Encore
|move|p1b: Sinistcha|Matcha Gotcha|p2a: Delphox|[spread] p2b
|-activate|p2a: Delphox|move: Protect
|-resisted|p2b: Whimsicott|1
|-damage|p2b: Whimsicott|0 fnt
|faint|p2b: Whimsicott
|move|p1a: Blastoise|Water Spout|p2a: Delphox
|-activate|p2a: Delphox|move: Protect
|
|-weather|SunnyDay|[upkeep]
|-damage|p1a: Blastoise|84/100 brn|[from] brn
|-fieldend|move: Trick Room
|upkeep
|
|t:|1783791416
|switch|p2b: Gyarados|Gyarados, L50, F|100/100
|-ability|p2b: Gyarados|Intimidate|boost
|-unboost|p1a: Blastoise|atk|1
|-unboost|p1b: Sinistcha|atk|1
|turn|6
|inactive|negaifreak has 30 seconds left.
|
|t:|1783791443
|move|p2a: Delphox|Heat Wave|p1a: Blastoise|[spread] p1a,p1b
|-resisted|p1a: Blastoise|1
|-supereffective|p1b: Sinistcha|1
|-damage|p1a: Blastoise|54/100 brn
|-damage|p1b: Sinistcha|0 fnt
|faint|p1b: Sinistcha
|move|p1a: Blastoise|Water Spout|p2b: Gyarados|[spread] p2a,p2b
|-supereffective|p2a: Delphox|1
|-resisted|p2b: Gyarados|1
|-damage|p2a: Delphox|0 fnt
|-damage|p2b: Gyarados|93/100
|faint|p2a: Delphox
|move|p2b: Gyarados|Crunch|p1a: Blastoise
|-damage|p1a: Blastoise|33/100 brn
|
|-weather|SunnyDay|[upkeep]
|-damage|p1a: Blastoise|28/100 brn|[from] brn
|upkeep
|turn|7
|inactive|negaifreak has 30 seconds left.
|-message|negaifreak forfeited.
|
|win|EVIOLITESWEEP
