|j|☆Snivii
|j|☆d1mo22
|html|Sniviid1mo22    
|uhtml|bestof|Game 3 of a best-of-3
|t:|1784565466
|gametype|doubles
|player|p1|Snivii|101|1230
|player|p2|d1mo22|skier|1280
|gen|9
|tier|[Gen 9 Champions] VGC 2026 Reg M-B (Bo3)
|rated|
|rule|Species Clause: Limit one of each Pokémon
|rule|Item Clause: Limit 1 of each item
|clearpoke
|poke|p1|Serperior, L50, F|
|poke|p1|Grimmsnarl, L50, M|
|poke|p1|Staraptor, L50, M|
|poke|p1|Incineroar, L50, F|
|poke|p1|Whimsicott, L50, F|
|poke|p1|Charizard, L50, M|
|poke|p2|Raichu, L50, M|
|poke|p2|Gyarados, L50, F, shiny|
|poke|p2|Mamoswine, L50, F|
|poke|p2|Ceruledge, L50, F|
|poke|p2|Sinistcha, L50|
|poke|p2|Kingambit, L50, M, shiny|
|teampreview|4
|showteam|p1|Serperior||WideLens|Contrary|LeafStorm,Glare,Protect,GastroAcid|Timid||F|||50|]Grimmsnarl||LightClay|Prankster|SpiritBreak,LightScreen,Reflect,PartingShot|Careful||M|||50|]Staraptor||Staraptite|Intimidate|BraveBird,CloseCombat,Roost,Protect|Jolly||M|||50|]Incineroar||SitrusBerry|Intimidate|FlareBlitz,DarkestLariat,FakeOut,PartingShot|Adamant||F|||50|]Whimsicott||FocusSash|Prankster|Moonblast,Charm,Encore,Tailwind|Timid||F|||50|]Charizard||CharizarditeY|SolarPower|HeatWave,AncientPower,WeatherBall,Protect|Timid||M|||50|
|showteam|p2|Raichu||RaichuniteY|LightningRod|FakeOut,Encore,ZapCannon,FocusBlast|Timid||M|||50|]Gyarados||Gyaradosite|Intimidate|LashOut,Waterfall,DragonDance,Protect|Adamant||F|||50|]Mamoswine||LifeOrb|Oblivious|Protect,IcicleCrash,IceShard,HighHorsepower|Jolly||F|||50|]Ceruledge||ColburBerry|FlashFire|BitterBlade,ShadowSneak,BulkUp,Protect|Adamant||F|||50|]Sinistcha||SitrusBerry|Hospitality|Protect,RagePowder,MatchaGotcha,LifeDew|Bold|||||50|]Kingambit||FocusSash|Defiant|Protect,SuckerPunch,KowtowCleave,IronHead|Adamant||M|||50|
|inactive|Battle timer is ON: inactive players will automatically lose when time's up. (requested by d1mo22)
|
|t:|1784565492
|teamsize|p1|4
|teamsize|p2|4
|start
|switch|p1a: Grimmsnarl|Grimmsnarl, L50, M|100/100
|switch|p1b: Serperior|Serperior, L50, F|100/100
|switch|p2a: Ceruledge|Ceruledge, L50, F|100/100
|switch|p2b: Raichu|Raichu, L50, M|100/100
|turn|1
|
|t:|1784565505
|move|p2b: Raichu|Fake Out|p1a: Grimmsnarl
|-damage|p1a: Grimmsnarl|92/100
|cant|p1a: Grimmsnarl|flinch
|move|p1b: Serperior|Gastro Acid|p2b: Raichu
|-endability|p2b: Raichu
|move|p2a: Ceruledge|Bitter Blade|p1b: Serperior
|-supereffective|p1b: Serperior|1
|-damage|p1b: Serperior|8/100
|
|upkeep
|turn|2
|inactive|d1mo22 has 30 seconds left.
|
|t:|1784565536
|detailschange|p2b: Raichu|Raichu-Mega-Y, L50, M
|-mega|p2b: Raichu|Raichu|Raichunite Y
|move|p1a: Grimmsnarl|Parting Shot|p2b: Raichu
|-unboost|p2b: Raichu|atk|1
|-unboost|p2b: Raichu|spa|1
|
|t:|1784565557
|switch|p1a: Staraptor|Staraptor, L50, M|100/100|[from] Parting Shot
|-ability|p1a: Staraptor|Intimidate|boost
|-unboost|p2a: Ceruledge|atk|1
|-unboost|p2b: Raichu|atk|1
|move|p2b: Raichu|Encore||[still]
|-fail|p2b: Raichu
|move|p1b: Serperior|Glare|p2a: Ceruledge
|-status|p2a: Ceruledge|par
|move|p2a: Ceruledge|Bulk Up|p2a: Ceruledge
|-boost|p2a: Ceruledge|atk|1
|-boost|p2a: Ceruledge|def|1
|
|upkeep
|turn|3
|
|t:|1784565578
|switch|p2b: Sinistcha|Sinistcha, L50|100/100
|detailschange|p1a: Staraptor|Staraptor-Mega, L50, M
|-mega|p1a: Staraptor|Staraptor|Staraptite
|move|p1b: Serperior|Leaf Storm|p2b: Sinistcha
|-resisted|p2b: Sinistcha|1
|-damage|p2b: Sinistcha|81/100
|-boost|p1b: Serperior|spa|2
|move|p1a: Staraptor|Close Combat|p2b: Sinistcha
|-immune|p2b: Sinistcha
|move|p2a: Ceruledge|Bulk Up|p2a: Ceruledge
|-boost|p2a: Ceruledge|atk|1
|-boost|p2a: Ceruledge|def|1
|
|upkeep
|turn|4
|
|t:|1784565598
|move|p2b: Sinistcha|Protect|p2b: Sinistcha
|-singleturn|p2b: Sinistcha|Protect
|move|p1b: Serperior|Leaf Storm|p2a: Ceruledge
|-resisted|p2a: Ceruledge|1
|-damage|p2a: Ceruledge|68/100 par
|-boost|p1b: Serperior|spa|2
|move|p1a: Staraptor|Brave Bird|p2b: Sinistcha
|-activate|p2b: Sinistcha|move: Protect
|move|p2a: Ceruledge|Bitter Blade|p1a: Staraptor
|-damage|p1a: Staraptor|26/100
|-heal|p2a: Ceruledge|100/100 par|[from] drain|[of] p1a: Staraptor
|
|upkeep
|turn|5
|
|t:|1784565619
|switch|p1a: Whimsicott|Whimsicott, L50, F|100/100
|move|p2a: Ceruledge|Shadow Sneak|p1a: Whimsicott
|-damage|p1a: Whimsicott|51/100
|move|p1b: Serperior|Leaf Storm|p2a: Ceruledge
|-resisted|p2a: Ceruledge|1
|-damage|p2a: Ceruledge|52/100 par
|-boost|p1b: Serperior|spa|2
|move|p2b: Sinistcha|Matcha Gotcha|p1b: Serperior|[spread] p1a,p1b
|-resisted|p1a: Whimsicott|1
|-resisted|p1b: Serperior|1
|-damage|p1a: Whimsicott|32/100
|-heal|p2b: Sinistcha|88/100|[from] drain|[of] p1a: Whimsicott
|-damage|p1b: Serperior|0 fnt
|-heal|p2b: Sinistcha|92/100|[from] drain|[of] p1b: Serperior
|-status|p1a: Whimsicott|brn
|faint|p1b: Serperior
|
|-damage|p1a: Whimsicott|27/100 brn|[from] brn
|upkeep
|
|t:|1784565637
|switch|p1b: Grimmsnarl|Grimmsnarl, L50, M|92/100
|turn|6
|
|t:|1784565648
|move|p1a: Whimsicott|Charm|p2a: Ceruledge
|-unboost|p2a: Ceruledge|atk|2
|move|p1b: Grimmsnarl|Reflect|p1b: Grimmsnarl
|-sidestart|p1: Snivii|Reflect
|move|p2b: Sinistcha|Life Dew|p2b: Sinistcha|[spread] p2a,p2b
|-heal|p2a: Ceruledge|77/100 par
|-heal|p2b: Sinistcha|100/100
|move|p2a: Ceruledge|Bitter Blade|p1b: Grimmsnarl
|-damage|p1b: Grimmsnarl|70/100
|-heal|p2a: Ceruledge|90/100 par|[from] drain|[of] p1b: Grimmsnarl
|
|-damage|p1a: Whimsicott|21/100 brn|[from] brn
|upkeep
|turn|7
|
|t:|1784565664
|switch|p2b: Raichu|Raichu-Mega-Y, L50, M|100/100
|move|p1a: Whimsicott|Charm|p2a: Ceruledge
|-unboost|p2a: Ceruledge|atk|2
|move|p1b: Grimmsnarl|Parting Shot|p2b: Raichu
|-unboost|p2b: Raichu|atk|1
|-unboost|p2b: Raichu|spa|1
|
|t:|1784565670
|switch|p1b: Staraptor|Staraptor-Mega, L50, M|26/100|[from] Parting Shot
|move|p2a: Ceruledge|Bulk Up|p2a: Ceruledge
|-boost|p2a: Ceruledge|atk|1
|-boost|p2a: Ceruledge|def|1
|
|-damage|p1a: Whimsicott|15/100 brn|[from] brn
|upkeep
|turn|8
|
|t:|1784565695
|move|p2b: Raichu|Fake Out|p1b: Staraptor
|-damage|p1b: Staraptor|22/100
|move|p1a: Whimsicott|Encore|p2a: Ceruledge
|-start|p2a: Ceruledge|Encore
|cant|p1b: Staraptor|flinch
|cant|p2a: Ceruledge|par
|
|-damage|p1a: Whimsicott|9/100 brn|[from] brn
|upkeep
|turn|9
|
|t:|1784565710
|move|p1a: Whimsicott|Encore|p2b: Raichu
|-start|p2b: Raichu|Encore
|move|p2b: Raichu|Fake Out||[still]
|-hint|Fake Out only works on your first turn out.
|-fail|p2b: Raichu
|move|p1b: Staraptor|Roost|p1b: Staraptor
|-heal|p1b: Staraptor|72/100
|-singleturn|p1b: Staraptor|move: Roost
|move|p2a: Ceruledge|Bulk Up|p2a: Ceruledge
|-boost|p2a: Ceruledge|atk|1
|-boost|p2a: Ceruledge|def|1
|
|-damage|p1a: Whimsicott|3/100 brn|[from] brn
|upkeep
|turn|10
|
|t:|1784565723
|switch|p2b: Sinistcha|Sinistcha, L50|100/100
|-heal|p2a: Ceruledge|100/100 par|[from] ability: Hospitality|[of] p2b: Sinistcha
|move|p1a: Whimsicott|Tailwind|p1a: Whimsicott
|-sidestart|p1: Snivii|move: Tailwind
|move|p1b: Staraptor|Brave Bird|p2b: Sinistcha
|-supereffective|p2b: Sinistcha|1
|-damage|p2b: Sinistcha|0 fnt
|faint|p2b: Sinistcha
|-damage|p1b: Staraptor|40/100|[from] Recoil
|move|p2a: Ceruledge|Bulk Up|p2a: Ceruledge
|-boost|p2a: Ceruledge|atk|1
|-boost|p2a: Ceruledge|def|1
|
|-damage|p1a: Whimsicott|0 fnt|[from] brn
|faint|p1a: Whimsicott
|-end|p2a: Ceruledge|Encore
|upkeep
|
|t:|1784565742
|switch|p1a: Grimmsnarl|Grimmsnarl, L50, M|70/100
|switch|p2b: Mamoswine|Mamoswine, L50, F|100/100
|turn|11
|
|t:|1784565753
|move|p2b: Mamoswine|Protect|p2b: Mamoswine
|-singleturn|p2b: Mamoswine|Protect
|move|p1a: Grimmsnarl|Parting Shot|p2a: Ceruledge
|-unboost|p2a: Ceruledge|atk|1
|-unboost|p2a: Ceruledge|spa|1
|move|p1b: Staraptor|Close Combat|p2b: Mamoswine
|-activate|p2b: Mamoswine|move: Protect
|cant|p2a: Ceruledge|par
|
|upkeep
|turn|12
|inactive|Snivii has 30 seconds left.
|
|t:|1784565779
|move|p1a: Grimmsnarl|Parting Shot|p2a: Ceruledge
|-unboost|p2a: Ceruledge|atk|1
|-unboost|p2a: Ceruledge|spa|1
|move|p2b: Mamoswine|Ice Shard|p1b: Staraptor
|-supereffective|p1b: Staraptor|1
|-damage|p1b: Staraptor|2/100
|-damage|p2b: Mamoswine|90/100|[from] item: Life Orb
|move|p2a: Ceruledge|Shadow Sneak|p1b: Staraptor
|-damage|p1b: Staraptor|0 fnt
|faint|p1b: Staraptor
|
|upkeep
|turn|13
|-message|Snivii forfeited.
|raw|Snivii's rating: 1230 → 1209(-21 for losing)
|raw|d1mo22's rating: 1280 → 1301(+21 for winning)
|
|win|d1mo22
|l|☆Snivii
|player|p1|
