|j|‽Ser Maestro
|j|☆freudianbreath
|html|Ser Maestrofreudianbreath    
|uhtml|bestof|Game 1 of a best-of-3
|t:|1785174597
|gametype|doubles
|player|p1|Ser Maestro|266|1166
|player|p2|freudianbreath|2|1073
|gen|9
|tier|[Gen 9 Champions] VGC 2026 Reg M-B (Bo3)
|rated|
|rule|Species Clause: Limit one of each Pokémon
|rule|Item Clause: Limit 1 of each item
|clearpoke
|poke|p1|Camerupt, L50, F|
|poke|p1|Farigiraf, L50, F|
|poke|p1|Staraptor, L50, F|
|poke|p1|Conkeldurr, L50, M|
|poke|p1|Excadrill, L50, F|
|poke|p1|Tyranitar, L50, M|
|poke|p2|Raichu, L50, M|
|poke|p2|Basculegion, L50, M|
|poke|p2|Charizard, L50, M|
|poke|p2|Whimsicott, L50, M|
|poke|p2|Kingambit, L50, M|
|poke|p2|Ninetales-Alola, L50, F|
|teampreview|4
|showteam|p1|Camerupt||Cameruptite|MagmaArmor|HeatWave,EarthPower,RockSlide,Substitute|Quiet||F|||50|]Farigiraf||SitrusBerry|ArmorTail|TrickRoom,HyperVoice,HelpingHand,Thunderbolt|Sassy||F|||50|]Staraptor||ChoiceScarf|Intimidate|FinalGambit,BraveBird,CloseCombat,Uturn|Jolly||F|||50|]Conkeldurr||LifeOrb|SheerForce|IcePunch,MachPunch,PoisonJab,CloseCombat|Adamant||M|||50|]Excadrill||FocusSash|SandRush|RockSlide,Protect,HighHorsepower,IronHead|Adamant||F|||50|]Tyranitar||Tyranitarite|SandStream|RockSlide,DragonDance,KnockOff,Protect|Adamant||M|||50|
|showteam|p2|Raichu||RaichuniteY|LightningRod|ZapCannon,FocusBlast,FakeOut,Protect|Bold||M|||50|]Basculegion||ChoiceScarf|Adaptability|WaveCrash,LastRespects,AquaJet,IcyWind|Adamant||M|||50|]Charizard||CharizarditeY|Blaze|HeatWave,WeatherBall,AncientPower,Protect|Timid||M|||50|]Whimsicott||SitrusBerry|Prankster|Moonblast,Encore,Tailwind,Protect|Bold||M|||50|]Kingambit||OccaBerry|Defiant|KowtowCleave,SwordsDance,SuckerPunch,Protect|Adamant||M|||50|]Ninetales-Alola||LifeOrb|SnowWarning|Blizzard,FreezeDry,Encore,Protect|Timid||F|||50|
|
|t:|1785174685
|teamsize|p1|4
|teamsize|p2|4
|start
|switch|p1a: Camerupt|Camerupt, L50, F|100/100
|switch|p1b: Tyranitar|Tyranitar, L50, M|100/100
|switch|p2a: Whimsicott|Whimsicott, L50, M|100/100
|switch|p2b: Basculegion|Basculegion, L50, M|100/100
|-weather|Sandstorm|[from] ability: Sand Stream|[of] p1b: Tyranitar
|turn|1
|
|t:|1785174751
|switch|p1a: Staraptor|Staraptor, L50, F|100/100
|-ability|p1a: Staraptor|Intimidate|boost
|-unboost|p2a: Whimsicott|atk|1
|-unboost|p2b: Basculegion|atk|1
|move|p2a: Whimsicott|Protect|p2a: Whimsicott
|-singleturn|p2a: Whimsicott|Protect
|move|p2b: Basculegion|Wave Crash|p1b: Tyranitar
|-supereffective|p1b: Tyranitar|1
|-damage|p1b: Tyranitar|14/100
|-damage|p2b: Basculegion|70/100|[from] Recoil
|move|p1b: Tyranitar|Knock Off|p2b: Basculegion
|-supereffective|p2b: Basculegion|1
|-damage|p2b: Basculegion|0 fnt
|-enditem|p2b: Basculegion|Choice Scarf|[from] move: Knock Off|[of] p1b: Tyranitar
|faint|p2b: Basculegion
|
|-weather|Sandstorm|[upkeep]
|-damage|p1a: Staraptor|93/100|[from] Sandstorm
|-damage|p2a: Whimsicott|94/100|[from] Sandstorm
|upkeep
|
|t:|1785174767
|switch|p2b: Charizard|Charizard, L50, M|100/100
|turn|2
|
|t:|1785174815
|move|p2b: Charizard|Protect|p2b: Charizard
|-singleturn|p2b: Charizard|Protect
|move|p1a: Staraptor|Brave Bird|p2a: Whimsicott
|-supereffective|p2a: Whimsicott|1
|-crit|p2a: Whimsicott
|-damage|p2a: Whimsicott|0 fnt
|faint|p2a: Whimsicott
|-damage|p1a: Staraptor|66/100|[from] Recoil
|move|p1b: Tyranitar|Rock Slide|p2b: Charizard
|-activate|p2b: Charizard|move: Protect
|
|-weather|Sandstorm|[upkeep]
|-damage|p1a: Staraptor|60/100|[from] Sandstorm
|-damage|p2b: Charizard|94/100|[from] Sandstorm
|upkeep
|
|t:|1785174823
|switch|p2a: Raichu|Raichu, L50, M|100/100
|turn|3
|inactive|Battle timer is ON: inactive players will automatically lose when time's up. (requested by Ser Maestro)
|
|t:|1785174873
|switch|p1b: Camerupt|Camerupt, L50, F|100/100
|move|p2a: Raichu|Fake Out|p1a: Staraptor
|-damage|p1a: Staraptor|50/100y
|cant|p1a: Staraptor|flinch
|move|p2b: Charizard|Weather Ball|p1b: Camerupt
|-damage|p1b: Camerupt|62/100
|
|-weather|Sandstorm|[upkeep]
|-damage|p1a: Staraptor|43/100|[from] Sandstorm
|-damage|p2b: Charizard|88/100|[from] Sandstorm
|-damage|p2a: Raichu|94/100|[from] Sandstorm
|upkeep
|turn|4
|inactive|freudianbreath has 30 seconds left.
|inactive|Ser Maestro has 30 seconds left.
|inactive|freudianbreath has 20 seconds left.
|inactive|freudianbreath has 15 seconds left.
|inactive|freudianbreath has 10 seconds left.
|inactive|freudianbreath has 5 seconds left.
|
|t:|1785174926
|detailschange|p2b: Charizard|Charizard-Mega-Y, L50, M
|-mega|p2b: Charizard|Charizard|Charizardite Y
|-weather|SunnyDay|[from] ability: Drought|[of] p2b: Charizard
|detailschange|p1b: Camerupt|Camerupt-Mega, L50, F
|-mega|p1b: Camerupt|Camerupt|Cameruptite
|move|p2a: Raichu|Protect|p2a: Raichu
|-singleturn|p2a: Raichu|Protect
|move|p1a: Staraptor|Brave Bird|p2b: Charizard
|-crit|p2b: Charizard
|-damage|p2b: Charizard|0 fnt
|faint|p2b: Charizard
|-damage|p1a: Staraptor|20/100y|[from] Recoil
|move|p1b: Camerupt|Rock Slide|p2a: Raichu
|-activate|p2a: Raichu|move: Protect
|
|-weather|SunnyDay|[upkeep]
|upkeep
|turn|5
|
|t:|1785174946
|move|p1a: Staraptor|Brave Bird|p2a: Raichu
|-resisted|p2a: Raichu|1
|-damage|p2a: Raichu|65/100
|-damage|p1a: Staraptor|11/100|[from] Recoil
|move|p2a: Raichu|Focus Blast|p1b: Camerupt
|-damage|p1b: Camerupt|40/100
|-unboost|p1b: Camerupt|spd|1
|move|p1b: Camerupt|Earth Power|p2a: Raichu
|-supereffective|p2a: Raichu|1
|-damage|p2a: Raichu|0 fnt
|faint|p2a: Raichu
|
|win|Ser Maestro
||Ser Maestro is ready for game 2.
