|j|☆bolinhosbege
|j|☆ronansting
|html|bolinhosbegeronansting    
|uhtml|bestof|Game 2 of a best-of-3
|t:|1754172169
|gametype|doubles
|player|p1|bolinhosbege|266|1292
|player|p2|ronansting|baker|1185
|gen|9
|tier|[Gen 9] VGC 2025 Reg H (Bo3)
|rated|
|rule|Species Clause: Limit one of each Pokémon
|rule|Item Clause: Limit 1 of each item
|clearpoke
|poke|p1|Gholdengo, L50|
|poke|p1|Pelipper, L50, M|
|poke|p1|Maushold-Four, L50|
|poke|p1|Dragonite, L50, M|
|poke|p1|Archaludon, L50, M|
|poke|p1|Grimmsnarl, L50, M|
|poke|p2|Archaludon, L50, M|
|poke|p2|Pelipper, L50, F|
|poke|p2|Indeedee, L50, M|
|poke|p2|Amoonguss, L50, M|
|poke|p2|Basculegion, L50, M|
|poke|p2|Hydreigon, L50, M|
|teampreview|4
|showteam|p1|Gholdengo||LifeOrb|GoodasGold|Protect,MakeItRain,ShadowBall,NastyPlot||||||50|,,,,,Water]Pelipper||FocusSash|Drizzle|Protect,MuddyWater,Hurricane,Tailwind|||M|||50|,,,,,Ground]Maushold-Four||SafetyGoggles|FriendGuard|Protect,SuperFang,FollowMe,BeatUp||||||50|,,,,,Ghost]Dragonite||LoadedDice|Multiscale|Protect,ExtremeSpeed,ScaleShot,Tailwind|||M|||50|,,,,,Steel]Archaludon||AssaultVest|Stamina|DragonPulse,ElectroShot,BodyPress,Snarl|||M|||50|,,,,,Bug]Grimmsnarl||LightClay|Prankster|FoulPlay,LightScreen,Reflect,ThunderWave|||M|||50|,,,,,Ghost
|showteam|p2|Archaludon||AssaultVest|Stamina|ElectroShot,DracoMeteor,BodyPress,FlashCannon|||M|||50|,,,,,Grass]Pelipper||FocusSash|Drizzle|WeatherBall,Hurricane,Tailwind,Protect|||F|||50|,,,,,Ghost]Indeedee||ChoiceScarf|PsychicSurge|ExpandingForce,TeraBlast,Trick,DazzlingGleam|||M|||50|,,,,,Ground]Amoonguss||SitrusBerry|Regenerator|Spore,SludgeBomb,Protect,RagePowder|||M|||50|,,,,,Water]Basculegion||ChoiceBand|SwiftSwim|FlipTurn,WaveCrash,LastRespects,AquaJet|||M|||50|,,,,,Poison]Hydreigon||CovertCloak|Levitate|Taunt,Snarl,DracoMeteor,EarthPower|||M|||50|,,,,,Ghost
|inactive|Battle timer is ON: inactive players will automatically lose when time's up. (requested by bolinhosbege)
|
|t:|1754172200
|teamsize|p1|4
|teamsize|p2|4
|start
|switch|p1a: Gholdengo|Gholdengo, L50|100/100
|switch|p1b: Maushold|Maushold-Four, L50|100/100
|switch|p2a: Hydreigon|Hydreigon, L50, M|100/100
|switch|p2b: Arching|Archaludon, L50, M|100/100
|turn|1
|
|t:|1754172214
|switch|p2b: Schmooner|Amoonguss, L50, M|100/100
|move|p2a: Hydreigon|Snarl|p1a: Gholdengo|[spread] p1a,p1b
|-supereffective|p1a: Gholdengo
|-damage|p1a: Gholdengo|68/100
|-damage|p1b: Maushold|77/100
|-unboost|p1a: Gholdengo|spa|1
|-unboost|p1b: Maushold|spa|1
|move|p1b: Maushold|Super Fang|p2a: Hydreigon
|-damage|p2a: Hydreigon|51/100
|move|p1a: Gholdengo|Make It Rain|p2b: Schmooner|[spread] p2a,p2b
|-damage|p2a: Hydreigon|7/100
|-damage|p2b: Schmooner|67/100
|-unboost|p1a: Gholdengo|spa|1
|-damage|p1a: Gholdengo|58/100|[from] item: Life Orb
|
|upkeep
|turn|2
|
|t:|1754172238
|switch|p1b: Archaludon|Archaludon, L50, M|100/100
|switch|p2b: Arching|Archaludon, L50, M|100/100
|move|p2a: Hydreigon|Snarl|p1a: Gholdengo|[spread] p1a,p1b
|-supereffective|p1a: Gholdengo
|-damage|p1a: Gholdengo|12/100
|-damage|p1b: Archaludon|84/100
|-unboost|p1a: Gholdengo|spa|1
|-unboost|p1b: Archaludon|spa|1
|-ability|p1b: Archaludon|Stamina|boost
|-boost|p1b: Archaludon|def|1
|move|p1a: Gholdengo|Nasty Plot|p1a: Gholdengo
|-boost|p1a: Gholdengo|spa|2
|
|upkeep
|turn|3
|inactive|ronansting has 30 seconds left.
|
|t:|1754172264
|switch|p1a: Maushold|Maushold-Four, L50|77/100
|move|p2a: Hydreigon|Earth Power|p1b: Archaludon
|-supereffective|p1b: Archaludon
|-damage|p1b: Archaludon|44/100
|-ability|p1b: Archaludon|Stamina|boost
|-boost|p1b: Archaludon|def|1
|move|p1b: Archaludon|Snarl|p2a: Hydreigon|[spread] p2a,p2b
|-resisted|p2a: Hydreigon
|-damage|p2a: Hydreigon|3/100
|-damage|p2b: Arching|95/100
|-unboost|p2b: Arching|spa|1
|-ability|p2b: Arching|Stamina|boost
|-boost|p2b: Arching|def|1
|move|p2b: Arching|Draco Meteor|p1b: Archaludon
|-damage|p1b: Archaludon|18/100
|-unboost|p2b: Arching|spa|2
|-ability|p1b: Archaludon|Stamina|boost
|-boost|p1b: Archaludon|def|1
|
|upkeep
|turn|4
|inactive|ronansting has 30 seconds left.
|
|t:|1754172299
|move|p1a: Maushold|Follow Me|p1a: Maushold
|-singleturn|p1a: Maushold|move: Follow Me
|move|p2a: Hydreigon|Snarl|p1b: Archaludon|[spread] p1a,p1b
|-crit|p1b: Archaludon
|-damage|p1a: Maushold|54/100
|-damage|p1b: Archaludon|0 fnt
|-unboost|p1a: Maushold|spa|1
|faint|p1b: Archaludon
|move|p2b: Arching|Body Press|p1a: Maushold
|-supereffective|p1a: Maushold
|-damage|p1a: Maushold|0 fnt
|faint|p1a: Maushold
|
|upkeep
|
|t:|1754172304
|switch|p1a: Gholdengo|Gholdengo, L50|12/100
|switch|p1b: Dragonite|Dragonite, L50, M|100/100
|turn|5
|c|☆ronansting|sorry for that crit
|-message|bolinhosbege forfeited.
|
|win|ronansting
|raw|bolinhosbege's rating: 1292 → 1260(-32 for losing)
|raw|ronansting's rating: 1185 → 1217(+32 for winning)
|l|☆bolinhosbege
|player|p1|
