|j|‽bobsparents
|j|☆sadnessvgc
|html|bobsparentssadnessvgc    
|uhtml|bestof|Game 2 of a best-of-3
|t:|1784394965
|gametype|doubles
|player|p1|bobsparents|cynthia|1190
|player|p2|sadnessvgc|2|1380
|gen|9
|tier|[Gen 9 Champions] VGC 2026 Reg M-B (Bo3)
|rated|
|rule|Species Clause: Limit one of each Pokémon
|rule|Item Clause: Limit 1 of each item
|clearpoke
|poke|p1|Kangaskhan, L50, F|
|poke|p1|Farigiraf, L50, F|
|poke|p1|Chandelure, L50, M|
|poke|p1|Avalugg-Hisui, L50, F|
|poke|p1|Decidueye-Hisui, L50, F|
|poke|p1|Kingambit, L50, M|
|poke|p2|Sneasler, L50, M, shiny|
|poke|p2|Feraligatr, L50, F, shiny|
|poke|p2|Kingambit, L50, M, shiny|
|poke|p2|Incineroar, L50, M, shiny|
|poke|p2|Delphox, L50, F, shiny|
|poke|p2|Sinistcha, L50, shiny|
|teampreview|4
|showteam|p1|Kangaskhan||Kangaskhanite|Scrappy|DoubleEdge,HammerArm,IcePunch,FakeOut|Brave||F|||50|]Farigiraf||SitrusBerry|ArmorTail|PsychicNoise,Thunderbolt,TrickRoom,Protect|Quiet||F|||50|]Chandelure||FocusSash|FlashFire|HeatWave,ShadowBall,TrickRoom,Protect|Quiet||M|||50|]Avalugg-Hisui||WideLens|Sturdy|RockSlide,MountainGale,BodyPress,WideGuard|Brave||F|||50|]Decidueye-Hisui||LifeOrb|Scrappy|CloseCombat,LeafBlade,BraveBird,Protect|Brave||F|||50|]Kingambit||BlackGlasses|Defiant|KowtowCleave,IronHead,SuckerPunch,SwordsDance|Brave||M|||50|
|showteam|p2|Sneasler||FocusSash|PoisonTouch|PoisonJab,CloseCombat,FakeOut,QuickGuard|Jolly||M|||50|]Feraligatr||Feraligite|Torrent|DragonDance,Liquidation,Protect,DoubleEdge|Adamant||F|||50|]Kingambit||LifeOrb|Defiant|KowtowCleave,SuckerPunch,SwordsDance,Protect|Adamant||M|||50|]Incineroar||SitrusBerry|Intimidate|FlareBlitz,HelpingHand,PartingShot,FakeOut|Careful||M|||50|]Delphox||Delphoxite|Blaze|HeatWave,NastyPlot,Psyshock,Protect|Modest||F|||50|]Sinistcha||KasibBerry|Hospitality|MatchaGotcha,RagePowder,TrickRoom,Protect|Bold|||||50|
|inactive|Battle timer is ON: inactive players will automatically lose when time's up. (requested by sadnessvgc)
|inactive|sadnessvgc has 60 seconds left.
|
|t:|1784395031
|teamsize|p1|4
|teamsize|p2|4
|start
|switch|p1a: Kangaskhan|Kangaskhan, L50, F|100/100
|switch|p1b: Farigiraf|Farigiraf, L50, F|100/100
|switch|p2a: Delphox|Delphox, L50, F, shiny|100/100
|switch|p2b: Sneasler|Sneasler, L50, M, shiny|100/100
|turn|1
|
|t:|1784395048
|detailschange|p2a: Delphox|Delphox-Mega, L50, F, shiny
|-mega|p2a: Delphox|Delphox|Delphoxite
|detailschange|p1a: Kangaskhan|Kangaskhan-Mega, L50, F
|-mega|p1a: Kangaskhan|Kangaskhan|Kangaskhanite
|move|p1a: Kangaskhan|Fake Out|p2b: Sneasler
|-damage|p2b: Sneasler|61/100
|-damage|p2b: Sneasler|51/100
|-hitcount|p2b: Sneasler|2
|cant|p2b: Sneasler|flinch
|move|p2a: Delphox|Heat Wave|p1a: Kangaskhan|[spread] p1a,p1b
|-damage|p1a: Kangaskhan|66/100
|-damage|p1b: Farigiraf|65/100
|move|p1b: Farigiraf|Trick Room|p1b: Farigiraf
|-fieldstart|move: Trick Room|[of] p1b: Farigiraf
|
|upkeep
|turn|2
|inactive|bobsparents has 30 seconds left.
|inactive|sadnessvgc has 30 seconds left.
|
|t:|1784395082
|switch|p2b: Kingambit|Kingambit, L50, M, shiny|100/100
|move|p2a: Delphox|Protect|p2a: Delphox
|-singleturn|p2a: Delphox|Protect
|move|p1b: Farigiraf|Psychic Noise|p2b: Kingambit
|-immune|p2b: Kingambit
|move|p1a: Kangaskhan|Hammer Arm|p2b: Kingambit
|-supereffective|p2b: Kingambit|2
|-damage|p2b: Kingambit|0 fnt
|-unboost|p1a: Kangaskhan|spe|1
|faint|p2b: Kingambit
|
|upkeep
|
|t:|1784395095
|switch|p2b: Sinistcha|Sinistcha, L50, shiny|100/100
|turn|3
|
|t:|1784395112
|move|p2b: Sinistcha|Rage Powder|p2b: Sinistcha
|-singleturn|p2b: Sinistcha|move: Rage Powder
|move|p1b: Farigiraf|Psychic Noise|p2b: Sinistcha
|-damage|p2b: Sinistcha|73/100
|-start|p2b: Sinistcha|move: Heal Block
|move|p1a: Kangaskhan|Ice Punch|p2b: Sinistcha
|-supereffective|p2b: Sinistcha|1
|-crit|p2b: Sinistcha
|-damage|p2b: Sinistcha|5/100
|-supereffective|p2b: Sinistcha|1
|-damage|p2b: Sinistcha|0 fnt
|faint|p2b: Sinistcha
|-hitcount|p2: Sinistcha|2
|move|p2a: Delphox|Nasty Plot|p2a: Delphox
|-boost|p2a: Delphox|spa|2
|
|upkeep
|
|t:|1784395127
|switch|p2b: Sneasler|Sneasler, L50, M, shiny|51/100
|turn|4
|
|t:|1784395136
|move|p2a: Delphox|Protect|p2a: Delphox
|-singleturn|p2a: Delphox|Protect
|move|p1a: Kangaskhan|Double-Edge|p2a: Delphox
|-activate|p2a: Delphox|move: Protect
|move|p1b: Farigiraf|Psychic Noise|p2b: Sneasler
|-supereffective|p2b: Sneasler|2
|-damage|p2b: Sneasler|0 fnt
|faint|p2b: Sneasler
|
|upkeep
|turn|5
|
|t:|1784395142
|move|p2a: Delphox|Protect||[still]
|-fail|p2a: Delphox
|move|p1b: Farigiraf|Psychic Noise|p2a: Delphox
|-resisted|p2a: Delphox|1
|-damage|p2a: Delphox|87/100
|-start|p2a: Delphox|move: Heal Block
|move|p1a: Kangaskhan|Double-Edge|p2a: Delphox
|-damage|p2a: Delphox|2/100
|-damage|p2a: Delphox|0 fnt
|faint|p2a: Delphox
|-hitcount|p2: Delphox|2
|-damage|p1a: Kangaskhan|43/100|[from] Recoil
|
|win|bobsparents
|raw|bobsparents's rating: 1190 → 1227(+37 for winning)
|raw|sadnessvgc's rating: 1380 → 1350(-30 for losing)
