|j|☆priviteran
|j|☆Alecat
|html|priviteranAlecat    
|uhtml|bestof|Game 1 of a best-of-3
|t:|1757761368
|gametype|doubles
|player|p1|priviteran|169|1076
|player|p2|Alecat|scientistf|1040
|gen|9
|tier|[Gen 9] VGC 2025 Reg H (Bo3)
|rated|
|rule|Species Clause: Limit one of each Pokémon
|rule|Item Clause: Limit 1 of each item
|clearpoke
|poke|p1|Gholdengo, L50|
|poke|p1|Incineroar, L50, F|
|poke|p1|Amoonguss, L50, M|
|poke|p1|Garchomp, L50, M|
|poke|p1|Kilowattrel, L50, M|
|poke|p1|Tyranitar, L50, F|
|poke|p2|Sneasler, L50, M|
|poke|p2|Magmar, L50, F|
|poke|p2|Rillaboom, L50, F|
|poke|p2|Espathra, L50, M|
|poke|p2|Kingambit, L50, M|
|poke|p2|Arcanine-Hisui, L50, F|
|teampreview|4
|showteam|p1|Gholdengo||MetalCoat|GoodasGold|MakeItRain,NastyPlot,ShadowBall,Protect||||||50|,,,,,Flying]Incineroar||SafetyGoggles|Intimidate|FakeOut,FlareBlitz,PartingShot,KnockOff|||F|||50|,,,,,Grass]Amoonguss||SitrusBerry|Regenerator|Spore,RagePowder,PollenPuff,Protect|||M|||50|,,,,,Water]Garchomp||LifeOrb|RoughSkin|DragonClaw,StompingTantrum,Earthquake,Protect|||M|||50|,,,,,Fire]Kilowattrel||CovertCloak|Competitive|AirSlash,Tailwind,Thunderbolt,Protect|||M|||50|,,,,,Fairy]Tyranitar||AssaultVest|SandStream|RockSlide,KnockOff,LowKick,TeraBlast|||F|||50|,,,,,Flying
|showteam|p2|Sneasler||FocusSash|Unburden|FakeOut,CloseCombat,DireClaw,Coaching|||M|||50|,,,,,Ghost]Magmar||Eviolite|VitalSpirit|FollowMe,HeatWave,Taunt,Protect|||F|||50|,,,,,Dragon]Rillaboom||AssaultVest|GrassySurge|FakeOut,WoodHammer,GrassyGlide,HighHorsepower|||F|||50|,,,,,Fire]Espathra||GrassySeed|SpeedBoost|StoredPower,TeraBlast,CalmMind,Protect|||M|||50|,,,,,Fighting]Kingambit||SafetyGoggles|Defiant|KowtowCleave,SuckerPunch,SwordsDance,Protect|||M|||50|,,,,,Dark]Arcanine-Hisui||LoadedDice|Intimidate|FlareBlitz,RockBlast,ExtremeSpeed,Protect|||F|||50|,,,,,Ghost
|inactive|Battle timer is ON: inactive players will automatically lose when time's up. (requested by Alecat)
|
|t:|1757761392
|teamsize|p1|4
|teamsize|p2|4
|start
|switch|p1a: Kilowattrel|Kilowattrel, L50, M|100/100
|switch|p1b: Garchomp|Garchomp, L50, M|100/100
|switch|p2a: Kingambit|Kingambit, L50, M|100/100
|switch|p2b: Rillaboom|Rillaboom, L50, F|100/100
|-fieldstart|move: Grassy Terrain|[from] ability: Grassy Surge|[of] p2b: Rillaboom
|turn|1
|inactive|Alecat has 30 seconds left.
|inactive|Alecat has 20 seconds left.
|
|t:|1757761430
|switch|p2a: Espathra|Espathra, L50, M, shiny|100/100
|-enditem|p2a: Espathra|Grassy Seed
|-boost|p2a: Espathra|def|1|[from] item: Grassy Seed
|move|p1a: Kilowattrel|Tailwind|p1a: Kilowattrel
|-sidestart|p1: priviteran|move: Tailwind
|move|p1b: Garchomp|Earthquake|p2b: Rillaboom|[spread] p2a,p2b
|-immune|p1a: Kilowattrel
|-resisted|p2b: Rillaboom
|-damage|p2a: Espathra|82/100
|-damage|p2b: Rillaboom|88/100
|-damage|p1b: Garchomp|91/100|[from] item: Life Orb
|move|p2b: Rillaboom|Wood Hammer|p1b: Garchomp
|-damage|p1b: Garchomp|15/100
|-damage|p2b: Rillaboom|76/100|[from] ability: Rough Skin|[of] p1b: Garchomp
|-damage|p2b: Rillaboom|54/100|[from] Recoil
|
|-heal|p1b: Garchomp|21/100|[from] Grassy Terrain
|-heal|p2a: Espathra|88/100|[from] Grassy Terrain
|-heal|p2b: Rillaboom|59/100|[from] Grassy Terrain
|upkeep
|turn|2
|inactive|priviteran has 30 seconds left.
|inactive|Alecat has 30 seconds left.
|
|t:|1757761469
|switch|p1b: Gholdengo|Gholdengo, L50|100/100
|switch|p2b: Magmar|Magmar, L50, F|100/100
|move|p1a: Kilowattrel|Air Slash|p2b: Magmar|[miss]
|-miss|p1a: Kilowattrel|p2b: Magmar
|move|p2a: Espathra|Calm Mind|p2a: Espathra
|-boost|p2a: Espathra|spa|1
|-boost|p2a: Espathra|spd|1
|
|-heal|p2a: Espathra|94/100|[from] Grassy Terrain
|-ability|p2a: Espathra|Speed Boost|boost
|-boost|p2a: Espathra|spe|1
|upkeep
|turn|3
|
|t:|1757761493
|switch|p1a: Tyranitar|Tyranitar, L50, F|100/100
|-weather|Sandstorm|[from] ability: Sand Stream|[of] p1a: Tyranitar
|move|p2a: Espathra|Protect|p2a: Espathra
|-singleturn|p2a: Espathra|Protect
|move|p1b: Gholdengo|Nasty Plot|p1b: Gholdengo
|-boost|p1b: Gholdengo|spa|2
|move|p2b: Magmar|Heat Wave|p1b: Gholdengo|[spread] p1a,p1b
|-resisted|p1a: Tyranitar
|-supereffective|p1b: Gholdengo
|-damage|p1a: Tyranitar|96/100
|-damage|p1b: Gholdengo|46/100
|-status|p1a: Tyranitar|brn
|
|-weather|Sandstorm|[upkeep]
|-damage|p2a: Espathra|88/100|[from] Sandstorm
|-damage|p2b: Magmar|95/100|[from] Sandstorm
|-heal|p1b: Gholdengo|52/100|[from] Grassy Terrain
|-heal|p1a: Tyranitar|100/100 brn|[from] Grassy Terrain
|-heal|p2a: Espathra|94/100|[from] Grassy Terrain
|-heal|p2b: Magmar|100/100|[from] Grassy Terrain
|-damage|p1a: Tyranitar|95/100 brn|[from] brn
|-ability|p2a: Espathra|Speed Boost|boost
|-boost|p2a: Espathra|spe|1
|upkeep
|turn|4
|inactive|priviteran has 30 seconds left.
|inactive|Alecat has 30 seconds left.
|inactive|Alecat has 20 seconds left.
|inactive|Alecat has 15 seconds left.
|inactive|Alecat has 10 seconds left.
|
|t:|1757761539
|move|p2b: Magmar|Follow Me|p2b: Magmar
|-singleturn|p2b: Magmar|move: Follow Me
|move|p1b: Gholdengo|Make It Rain|p2b: Magmar|[spread] p2a,p2b
|-resisted|p2b: Magmar
|-damage|p2a: Espathra|6/100
|-damage|p2b: Magmar|56/100
|-unboost|p1b: Gholdengo|spa|1
|move|p2a: Espathra|Stored Power|p1b: Gholdengo
|-resisted|p1b: Gholdengo
|-damage|p1b: Gholdengo|15/100
|move|p1a: Tyranitar|Rock Slide|p2a: Espathra|[spread] p2a,p2b
|-supereffective|p2b: Magmar
|-damage|p2a: Espathra|0 fnt
|-damage|p2b: Magmar|24/100
|faint|p2a: Espathra
|
|-weather|Sandstorm|[upkeep]
|-damage|p2b: Magmar|19/100|[from] Sandstorm
|-heal|p1b: Gholdengo|21/100|[from] Grassy Terrain
|-heal|p1a: Tyranitar|100/100 brn|[from] Grassy Terrain
|-heal|p2b: Magmar|24/100|[from] Grassy Terrain
|-damage|p1a: Tyranitar|95/100 brn|[from] brn
|-sideend|p1: priviteran|move: Tailwind
|upkeep
|
|t:|1757761562
|switch|p2a: Kingambit|Kingambit, L50, M|100/100
|turn|5
|
|t:|1757761575
|switch|p1b: Kilowattrel|Kilowattrel, L50, M|100/100
|move|p2b: Magmar|Protect|p2b: Magmar
|-singleturn|p2b: Magmar|Protect
|move|p1a: Tyranitar|Rock Slide|p2a: Kingambit|[spread] p2a
|-activate|p2b: Magmar|move: Protect
|-resisted|p2a: Kingambit
|-damage|p2a: Kingambit|96/100
|move|p2a: Kingambit|Swords Dance|p2a: Kingambit
|-boost|p2a: Kingambit|atk|2
|
|-weather|Sandstorm|[upkeep]
|-damage|p1b: Kilowattrel|94/100|[from] Sandstorm
|-damage|p2b: Magmar|19/100|[from] Sandstorm
|-heal|p2b: Magmar|24/100|[from] Grassy Terrain
|-heal|p1a: Tyranitar|100/100 brn|[from] Grassy Terrain
|-heal|p2a: Kingambit|100/100|[from] Grassy Terrain
|-damage|p1a: Tyranitar|95/100 brn|[from] brn
|-fieldend|move: Grassy Terrain
|upkeep
|turn|6
|
|t:|1757761595
|switch|p2b: Rillaboom|Rillaboom, L50, F|59/100
|-fieldstart|move: Grassy Terrain|[from] ability: Grassy Surge|[of] p2b: Rillaboom
|move|p1b: Kilowattrel|Tailwind|p1b: Kilowattrel
|-sidestart|p1: priviteran|move: Tailwind
|move|p1a: Tyranitar|Rock Slide|p2a: Kingambit|[spread] p2b
|-miss|p1a: Tyranitar|p2a: Kingambit
|-damage|p2b: Rillaboom|46/100
|move|p2a: Kingambit|Kowtow Cleave|p1b: Kilowattrel
|-damage|p1b: Kilowattrel|0 fnt
|faint|p1b: Kilowattrel
|
|-weather|Sandstorm|[upkeep]
|-damage|p2b: Rillaboom|40/100|[from] Sandstorm
|-heal|p1a: Tyranitar|100/100 brn|[from] Grassy Terrain
|-heal|p2b: Rillaboom|46/100|[from] Grassy Terrain
|-damage|p1a: Tyranitar|95/100 brn|[from] brn
|upkeep
|
|t:|1757761608
|switch|p1b: Garchomp|Garchomp, L50, M|21/100
|turn|7
|
|t:|1757761626
|-terastallize|p1a: Tyranitar|Flying
|-terastallize|p2a: Kingambit|Dark
|move|p2b: Rillaboom|Grassy Glide|p1b: Garchomp
|-damage|p1b: Garchomp|0 fnt
|-damage|p2b: Rillaboom|34/100|[from] ability: Rough Skin|[of] p1b: Garchomp
|faint|p1b: Garchomp
|move|p2a: Kingambit|Sucker Punch|p1a: Tyranitar
|-damage|p1a: Tyranitar|2/100 brn
|move|p1a: Tyranitar|Low Kick|p2a: Kingambit
|-supereffective|p2a: Kingambit
|-crit|p2a: Kingambit
|-damage|p2a: Kingambit|60/100
|
|-weather|none
|-heal|p2b: Rillaboom|40/100|[from] Grassy Terrain
|-heal|p2a: Kingambit|66/100|[from] Grassy Terrain
|-damage|p1a: Tyranitar|0 fnt|[from] brn
|faint|p1a: Tyranitar
|upkeep
|
|t:|1757761639
|switch|p1a: Gholdengo|Gholdengo, L50|21/100
|turn|8
|
|t:|1757761647
|move|p2b: Rillaboom|Grassy Glide|p1a: Gholdengo
|-resisted|p1a: Gholdengo
|-damage|p1a: Gholdengo|2/100
|move|p2a: Kingambit|Sucker Punch|p1a: Gholdengo
|-supereffective|p1a: Gholdengo
|-damage|p1a: Gholdengo|0 fnt
|faint|p1a: Gholdengo
|
|win|Alecat
|inactive|priviteran has 30 seconds to confirm battle start!
|inactive|Alecat has 30 seconds to confirm battle start!
||priviteran is ready for game 2.
|inactive|Alecat has 20 seconds to confirm battle start!
||Alecat is ready for game 2.
|uhtml|next|Next: Game 2 of 3
