|j|☆AndruAkd14
|j|☆Ciovy
|html|AndruAkd14Ciovy    
|uhtml|bestof|Game 3 of a best-of-3
|t:|1756498552
|gametype|doubles
|player|p1|AndruAkd14|265|
|player|p2|Ciovy|170|
|gen|9
|tier|[Gen 9] VGC 2025 Reg H (Bo3)
|rule|Species Clause: Limit one of each Pokémon
|rule|Item Clause: Limit 1 of each item
|clearpoke
|poke|p1|Annihilape, L50, F|
|poke|p1|Maushold-Four, L50|
|poke|p1|Basculegion, L50, M|
|poke|p1|Archaludon, L50, F|
|poke|p1|Pelipper, L50, F|
|poke|p1|Grimmsnarl, L50, M|
|poke|p2|Indeedee-F, L50, F|
|poke|p2|Hatterene, L50, F|
|poke|p2|Gallade, L50, M|
|poke|p2|Ursaluna, L50, M|
|poke|p2|Lilligant-Hisui, L50, F|
|poke|p2|Torkoal, L50, M|
|teampreview|4
|showteam|p1|Annihilape||SitrusBerry|Defiant|Protect,RageFist,DrainPunch,BulkUp|||F|||50|,,,,,Water]Maushold-Four||WideLens|Technician|Protect,BeatUp,PopulationBomb,FollowMe||||||50|,,,,,Ghost]Basculegion||ChoiceBand|SwiftSwim|WaveCrash,LastRespects,FlipTurn,AquaJet|||M|||50|,,,,,Water]Archaludon||AssaultVest|Stamina|ElectroShot,BodyPress,FlashCannon,DracoMeteor|||F|||50|,,,,,Bug]Pelipper||FocusSash|Drizzle|Protect,Hurricane,WeatherBall,Tailwind|||F|||50|,,,,,Ghost]Grimmsnarl||LightClay|Prankster|SpiritBreak,LightScreen,Reflect,MistyTerrain|||M|||50|,,,,,Ghost
|showteam|p2|Indeedee-F||PsychicSeed|PsychicSurge|TrickRoom,FollowMe,HelpingHand,DazzlingGleam|||F|||50|,,,,,Fire]Hatterene||LifeOrb|MagicBounce|ExpandingForce,TrickRoom,DazzlingGleam,Protect|||F|||50|,,,,,Psychic]Gallade||ClearAmulet|Sharpness|PsychoCut,TrickRoom,SacredSword,WideGuard|||M|||50|,,,,,Grass]Ursaluna||FlameOrb|Guts|HeadlongRush,Facade,SwordsDance,Protect|||M|||50|,,,,,Ghost]Lilligant-Hisui||FocusSash|Chlorophyll|SolarBlade,SleepPowder,CloseCombat,AfterYou|||F|||50|,,,,,Ghost]Torkoal||ChoiceSpecs|Drought|Eruption,HeatWave,WeatherBall,EarthPower|||M|||50|,,,,,Fire
|j| fog is coming
|j| Shrometh
|j| TTL Sann♡
|j| no soy de polo
|j| Zeepel
|j| TheMrAfro
|j| frankina
|
|t:|1756498612
|teamsize|p1|4
|teamsize|p2|4
|start
|switch|p1a: Grimmsnarl|Grimmsnarl, L50, M|100/100
|switch|p1b: Maushold|Maushold-Four, L50|100/100
|switch|p2a: Lilligant|Lilligant-Hisui, L50, F|100/100
|switch|p2b: Torkoal|Torkoal, L50, M|100/100
|-weather|SunnyDay|[from] ability: Drought|[of] p2b: Torkoal
|turn|1
|
|t:|1756498662
|switch|p1b: Pelipper|Pelipper, L50, F|100/100
|-weather|RainDance|[from] ability: Drizzle|[of] p1b: Pelipper
|move|p1a: Grimmsnarl|Light Screen|p1a: Grimmsnarl
|-sidestart|p1: AndruAkd14|move: Light Screen
|move|p2a: Lilligant|Sleep Powder|p1b: Pelipper
|-status|p1b: Pelipper|slp|[from] move: Sleep Powder
|move|p2b: Torkoal|Eruption|p1a: Grimmsnarl|[spread] p1a,p1b
|-resisted|p1b: Pelipper
|-damage|p1a: Grimmsnarl|80/100
|-damage|p1b: Pelipper|79/100 slp
|
|-weather|RainDance|[upkeep]
|upkeep
|turn|2
|
|t:|1756498732
|switch|p1b: Maushold|Maushold-Four, L50|100/100
|switch|p2b: Indeedee|Indeedee-F, L50, F|100/100
|-fieldstart|move: Psychic Terrain|[from] ability: Psychic Surge|[of] p2b: Indeedee
|-enditem|p2b: Indeedee|Psychic Seed
|-boost|p2b: Indeedee|spd|1|[from] item: Psychic Seed
|move|p1a: Grimmsnarl|Misty Terrain|p1a: Grimmsnarl
|-fieldstart|move: Misty Terrain
|move|p2a: Lilligant|Sleep Powder|p1a: Grimmsnarl|[miss]
|-miss|p2a: Lilligant|p1a: Grimmsnarl
|
|-weather|RainDance|[upkeep]
|upkeep
|turn|3
|
|t:|1756498772
|switch|p2b: Torkoal|Torkoal, L50, M|100/100
|-weather|SunnyDay|[from] ability: Drought|[of] p2b: Torkoal
|-terastallize|p1b: Maushold|Ghost
|move|p2a: Lilligant|Sleep Powder|p1b: Maushold
|-activate|p1b: Maushold|move: Misty Terrain
|move|p1b: Maushold|Population Bomb|p2a: Lilligant
|-damage|p2a: Lilligant|82/100
|-damage|p2a: Lilligant|66/100
|-damage|p2a: Lilligant|49/100
|-damage|p2a: Lilligant|31/100
|-damage|p2a: Lilligant|12/100
|-damage|p2a: Lilligant|0 fnt
|faint|p2a: Lilligant
|-hitcount|p2: Lilligant|6
|move|p1a: Grimmsnarl|Spirit Break|p2b: Torkoal
|-resisted|p2b: Torkoal
|-damage|p2b: Torkoal|89/100
|-unboost|p2b: Torkoal|spa|1
|
|-weather|SunnyDay|[upkeep]
|upkeep
|
|t:|1756498808
|switch|p2a: Hatterene|Hatterene, L50, F|100/100
|turn|4
|
|t:|1756498830
|switch|p1a: Pelipper|Pelipper, L50, F|79/100 slp
|-weather|RainDance|[from] ability: Drizzle|[of] p1a: Pelipper
|move|p2a: Hatterene|Protect|p2a: Hatterene
|-singleturn|p2a: Hatterene|Protect
|move|p1b: Maushold|Population Bomb|p2a: Hatterene
|-activate|p2a: Hatterene|move: Protect
|move|p2b: Torkoal|Heat Wave|p1b: Maushold|[spread] p1a,p1b
|-resisted|p1a: Pelipper
|-damage|p1a: Pelipper|69/100 slp
|-damage|p1b: Maushold|86/100
|
|-weather|RainDance|[upkeep]
|upkeep
|turn|5
|
|t:|1756498853
|switch|p2b: Indeedee|Indeedee-F, L50, F|100/100
|-fieldstart|move: Psychic Terrain|[from] ability: Psychic Surge|[of] p2b: Indeedee
|move|p2a: Hatterene|Protect||[still]
|-fail|p2a: Hatterene
|move|p1b: Maushold|Population Bomb|p2a: Hatterene
|-damage|p2a: Hatterene|89/100
|-damage|p2a: Hatterene|77/100
|-damage|p2a: Hatterene|65/100
|-damage|p2a: Hatterene|53/100
|-damage|p2a: Hatterene|39/100
|-damage|p2a: Hatterene|26/100
|-damage|p2a: Hatterene|14/100
|-damage|p2a: Hatterene|2/100
|-damage|p2a: Hatterene|0 fnt
|faint|p2a: Hatterene
|-hitcount|p2: Hatterene|9
|cant|p1a: Pelipper|slp
|
|-weather|RainDance|[upkeep]
|upkeep
|l| TTL Sann♡
|
|t:|1756498874
|switch|p2a: Torkoal|Torkoal, L50, M|89/100
|-weather|SunnyDay|[from] ability: Drought|[of] p2a: Torkoal
|turn|6
|
|t:|1756498890
|switch|p1a: Grimmsnarl|Grimmsnarl, L50, M|80/100
|move|p2b: Indeedee|Follow Me|p2b: Indeedee
|-singleturn|p2b: Indeedee|move: Follow Me
|move|p1b: Maushold|Population Bomb|p2b: Indeedee
|-damage|p2b: Indeedee|90/100
|-damage|p2b: Indeedee|78/100
|-damage|p2b: Indeedee|67/100
|-damage|p2b: Indeedee|55/100
|-damage|p2b: Indeedee|43/100
|-damage|p2b: Indeedee|32/100
|-damage|p2b: Indeedee|21/100
|-damage|p2b: Indeedee|10/100
|-damage|p2b: Indeedee|0 fnt
|faint|p2b: Indeedee
|-hitcount|p2: Indeedee|9
|move|p2a: Torkoal|Heat Wave|p1b: Maushold|[spread] p1a,p1b
|-damage|p1a: Grimmsnarl|36/100
|-damage|p1b: Maushold|12/100
|
|-weather|SunnyDay|[upkeep]
|upkeep
|turn|7
|j| TTL Sann♡
|
|t:|1756498927
|move|p1b: Maushold|Population Bomb|p2a: Torkoal
|-damage|p2a: Torkoal|80/100
|-damage|p2a: Torkoal|71/100
|-damage|p2a: Torkoal|62/100
|-damage|p2a: Torkoal|53/100
|-damage|p2a: Torkoal|45/100
|-damage|p2a: Torkoal|36/100
|-damage|p2a: Torkoal|28/100
|-damage|p2a: Torkoal|19/100
|-damage|p2a: Torkoal|10/100
|-damage|p2a: Torkoal|1/100
|-hitcount|p2a: Torkoal|10
|move|p1a: Grimmsnarl|Spirit Break|p2a: Torkoal
|-resisted|p2a: Torkoal
|-damage|p2a: Torkoal|0 fnt
|faint|p2a: Torkoal
|
|win|AndruAkd14
|c|☆Ciovy|gg
|l| Zeepel
|c|☆AndruAkd14|gg
|l| TheMrAfro
|l| no soy de polo
|l| fog is coming
|l|☆Ciovy
|player|p2|
