|j|☆homerj71
|j|☆AxolVinie
|html|homerj71AxolVinie    
|uhtml|bestof|Game 1 of a best-of-3
|t:|1785954329
|gametype|doubles
|player|p1|homerj71|266|1201
|player|p2|AxolVinie|102|1165
|gen|9
|tier|[Gen 9 Champions] VGC 2026 Reg M-B (Bo3)
|rated|
|rule|Species Clause: Limit one of each Pokémon
|rule|Item Clause: Limit 1 of each item
|clearpoke
|poke|p1|Tyranitar, L50, F|
|poke|p1|Staraptor, L50, M|
|poke|p1|Gholdengo, L50|
|poke|p1|Excadrill, L50, M|
|poke|p1|Sinistcha, L50|
|poke|p1|Milotic, L50, M|
|poke|p2|Archaludon, L50, M|
|poke|p2|Grimmsnarl, L50, M|
|poke|p2|Pelipper, L50, F|
|poke|p2|Swampert, L50, M|
|poke|p2|Incineroar, L50, F|
|poke|p2|Sinistcha, L50|
|teampreview|4
|showteam|p1|Tyranitar||Tyranitarite|SandStream|KnockOff,RockSlide,Protect,LowKick|Jolly||F|||50|]Staraptor||Staraptite|Intimidate|DualWingbeat,CloseCombat,Protect,Tailwind|Jolly||M|||50|]Gholdengo||LifeOrb|GoodasGold|MakeItRain,NastyPlot,Protect,ShadowBall|Timid|||||50|]Excadrill||FocusSash|SandRush|HighHorsepower,IronHead,RockSlide,Protect|Adamant||M|||50|]Sinistcha||SitrusBerry|Hospitality|MatchaGotcha,RagePowder,ShadowBall,Protect|Calm|||||50|]Milotic||Leftovers|Competitive|Scald,IcyWind,Protect,IceBeam|Modest||M|||50|
|showteam|p2|Archaludon||Leftovers|Stamina|ElectroShot,FlashCannon,DragonPulse,Protect|Calm||M|||50|]Grimmsnarl||LightClay|Prankster|PartingShot,LightScreen,Reflect,FoulPlay|Careful||M|||50|]Pelipper||DampRock|Drizzle|WeatherBall,Hurricane,Protect,Tailwind|Calm||F|||50|]Swampert||Swampertite|Damp|WaveCrash,Earthquake,IcePunch,Protect|Adamant||M|||50|]Incineroar||SitrusBerry|Intimidate|FlareBlitz,DarkestLariat,FakeOut,PartingShot|Impish||F|||50|]Sinistcha||KasibBerry|Hospitality|MatchaGotcha,RagePowder,LifeDew,Protect|Bold|||||50|
|inactive|Battle timer is ON: inactive players will automatically lose when time's up. (requested by homerj71)
|inactive|homerj71 has 60 seconds left.
|inactive|AxolVinie has 60 seconds left.
|
|t:|1785954372
|teamsize|p1|4
|teamsize|p2|4
|start
|switch|p1a: Sinistcha|Sinistcha, L50|100/100
|switch|p1b: Gholdengo|Gholdengo, L50|100/100
|switch|p2a: Grimmsnarl|Grimmsnarl, L50, M|100/100
|switch|p2b: Archaludon|Archaludon, L50, M|100/100
|turn|1
|
|t:|1785954392
|switch|p1a: Tyranitar|Tyranitar, L50, F|100/100
|-weather|Sandstorm|[from] ability: Sand Stream|[of] p1a: Tyranitar
|move|p2a: Grimmsnarl|Light Screen|p2a: Grimmsnarl
|-sidestart|p2: AxolVinie|move: Light Screen
|move|p1b: Gholdengo|Nasty Plot|p1b: Gholdengo
|-boost|p1b: Gholdengo|spa|2
|move|p2b: Archaludon|Dragon Pulse|p1a: Tyranitar
|-damage|p1a: Tyranitar|78/100
|
|-weather|Sandstorm|[upkeep]
|-damage|p2a: Grimmsnarl|94/100|[from] Sandstorm
|upkeep
|turn|2
|
|t:|1785954412
|move|p2a: Grimmsnarl|Reflect|p2a: Grimmsnarl
|-sidestart|p2: AxolVinie|Reflect
|move|p1b: Gholdengo|Shadow Ball|p2b: Archaludon
|-damage|p2b: Archaludon|43/100
|-ability|p2b: Archaludon|Stamina|boost
|-boost|p2b: Archaludon|def|1
|-damage|p1b: Gholdengo|90/100|[from] item: Life Orb
|move|p1a: Tyranitar|Knock Off|p2b: Archaludon
|-damage|p2b: Archaludon|27/100
|-ability|p2b: Archaludon|Stamina|boost
|-boost|p2b: Archaludon|def|1
|-enditem|p2b: Archaludon|Leftovers|[from] move: Knock Off|[of] p1a: Tyranitar
|move|p2b: Archaludon|Flash Cannon|p1a: Tyranitar
|-supereffective|p1a: Tyranitar|1
|-damage|p1a: Tyranitar|35/100
|
|-weather|Sandstorm|[upkeep]
|-damage|p2a: Grimmsnarl|88/100|[from] Sandstorm
|upkeep
|turn|3
|
|t:|1785954432
|switch|p1a: Sinistcha|Sinistcha, L50|100/100
|-heal|p1b: Gholdengo|100/100|[from] ability: Hospitality|[of] p1a: Sinistcha
|switch|p2a: Swampert|Swampert, L50, M|100/100
|move|p1b: Gholdengo|Make It Rain|p2b: Archaludon|[spread] p2a,p2b
|-resisted|p2a: Swampert|1
|-resisted|p2b: Archaludon|1
|-damage|p2a: Swampert|57/100
|-damage|p2b: Archaludon|0 fnt
|-unboost|p1b: Gholdengo|spa|2
|faint|p2b: Archaludon
|-damage|p1b: Gholdengo|90/100|[from] item: Life Orb
|
|-weather|Sandstorm|[upkeep]
|-damage|p1a: Sinistcha|93/100|[from] Sandstorm
|upkeep
|
|t:|1785954441
|switch|p2b: Pelipper|Pelipper, L50, F|100/100
|-weather|RainDance|[from] ability: Drizzle|[of] p2b: Pelipper
|turn|4
|
|t:|1785954461
|detailschange|p2a: Swampert|Swampert-Mega, L50, M
|-mega|p2a: Swampert|Swampert|Swampertite
|move|p1b: Gholdengo|Protect|p1b: Gholdengo
|-singleturn|p1b: Gholdengo|Protect
|move|p2a: Swampert|Earthquake|p1a: Sinistcha|[spread] p1a
|-activate|p1b: Gholdengo|move: Protect
|-immune|p2b: Pelipper
|-resisted|p1a: Sinistcha|1
|-damage|p1a: Sinistcha|72/100
|move|p1a: Sinistcha|Matcha Gotcha|p2b: Pelipper|[spread] p2a,p2b
|-supereffective|p2a: Swampert|2
|-damage|p2a: Swampert|4/100
|-heal|p1a: Sinistcha|100/100|[from] drain|[of] p2a: Swampert
|-damage|p2b: Pelipper|84/100
|-status|p2b: Pelipper|brn
|move|p2b: Pelipper|Hurricane|p1a: Sinistcha
|-supereffective|p1a: Sinistcha|1
|-damage|p1a: Sinistcha|34/100
|-start|p1a: Sinistcha|confusion
|-enditem|p1a: Sinistcha|Sitrus Berry|[eat]
|-heal|p1a: Sinistcha|59/100|[from] item: Sitrus Berry
|
|-weather|RainDance|[upkeep]
|-damage|p2b: Pelipper|78/100 brn|[from] brn
|upkeep
|turn|5
|inactive|AxolVinie has 30 seconds left.
|
|t:|1785954488
|switch|p1a: Tyranitar|Tyranitar, L50, F|35/100
|-weather|Sandstorm|[from] ability: Sand Stream|[of] p1a: Tyranitar
|move|p2a: Swampert|Protect|p2a: Swampert
|-singleturn|p2a: Swampert|Protect
|move|p1b: Gholdengo|Shadow Ball|p2a: Swampert
|-activate|p2a: Swampert|move: Protect
|move|p2b: Pelipper|Tailwind|p2b: Pelipper
|-sidestart|p2: AxolVinie|move: Tailwind
|
|-weather|Sandstorm|[upkeep]
|-damage|p2b: Pelipper|72/100 brn|[from] Sandstorm
|-damage|p2b: Pelipper|66/100 brn|[from] brn
|upkeep
|turn|6
|
|t:|1785954509
|switch|p1b: Sinistcha|Sinistcha, L50|59/100
|-heal|p1a: Tyranitar|60/100|[from] ability: Hospitality|[of] p1b: Sinistcha
|switch|p1a: Staraptor|Staraptor, L50, M|100/100
|-ability|p1a: Staraptor|Intimidate|boost
|-unboost|p2a: Swampert|atk|1
|-unboost|p2b: Pelipper|atk|1
|move|p2b: Pelipper|Protect|p2b: Pelipper
|-singleturn|p2b: Pelipper|Protect
|move|p2a: Swampert|Earthquake|p1b: Sinistcha|[spread] p1b
|-activate|p2b: Pelipper|move: Protect
|-immune|p1a: Staraptor
|-resisted|p1b: Sinistcha|1
|-damage|p1b: Sinistcha|45/100
|
|-weather|Sandstorm|[upkeep]
|-damage|p2b: Pelipper|60/100 brn|[from] Sandstorm
|-damage|p1a: Staraptor|94/100|[from] Sandstorm
|-damage|p1b: Sinistcha|39/100|[from] Sandstorm
|-damage|p2b: Pelipper|54/100 brn|[from] brn
|upkeep
|turn|7
|
|t:|1785954531
|switch|p2a: Grimmsnarl|Grimmsnarl, L50, M|88/100
|detailschange|p1a: Staraptor|Staraptor-Mega, L50, M
|-mega|p1a: Staraptor|Staraptor|Staraptite
|move|p1a: Staraptor|Close Combat|p2b: Pelipper
|-resisted|p2b: Pelipper|1
|-damage|p2b: Pelipper|33/100 brn
|-boost|p1a: Staraptor|def|1
|-boost|p1a: Staraptor|spd|1
|move|p2b: Pelipper|Hurricane|p1a: Staraptor
|-supereffective|p1a: Staraptor|1
|-damage|p1a: Staraptor|37/100
|-start|p1a: Staraptor|confusion
|move|p1b: Sinistcha|Matcha Gotcha|p2b: Pelipper|[spread] p2a,p2b
|-damage|p2a: Grimmsnarl|75/100
|-heal|p1b: Sinistcha|46/100|[from] drain|[of] p2a: Grimmsnarl
|-damage|p2b: Pelipper|18/100 brn
|-heal|p1b: Sinistcha|54/100|[from] drain|[of] p2b: Pelipper
|
|-weather|Sandstorm|[upkeep]
|-damage|p1a: Staraptor|31/100|[from] Sandstorm
|-damage|p2b: Pelipper|12/100 brn|[from] Sandstorm
|-damage|p2a: Grimmsnarl|69/100|[from] Sandstorm
|-damage|p1b: Sinistcha|48/100|[from] Sandstorm
|-damage|p2b: Pelipper|6/100 brn|[from] brn
|upkeep
|turn|8
|inactive|AxolVinie has 30 seconds left.
|inactive|AxolVinie has 20 seconds left.
|inactive|AxolVinie has 15 seconds left.
|inactive|AxolVinie has 10 seconds left.
|
|t:|1785954578
|move|p2b: Pelipper|Protect|p2b: Pelipper
|-singleturn|p2b: Pelipper|Protect
|-activate|p1a: Staraptor|confusion
|move|p1a: Staraptor|Close Combat|p2a: Grimmsnarl
|-damage|p2a: Grimmsnarl|18/100
|-boost|p1a: Staraptor|def|1
|-boost|p1a: Staraptor|spd|1
|move|p2a: Grimmsnarl|Foul Play|p1b: Sinistcha
|-supereffective|p1b: Sinistcha|1
|-damage|p1b: Sinistcha|12/100
|move|p1b: Sinistcha|Matcha Gotcha|p2a: Grimmsnarl|[spread] 
|-activate|p2b: Pelipper|move: Protect
|-miss|p1b: Sinistcha|p2a: Grimmsnarl
|
|-weather|Sandstorm|[upkeep]
|-damage|p1a: Staraptor|26/100|[from] Sandstorm
|-damage|p2b: Pelipper|1/100 brn|[from] Sandstorm
|-damage|p2a: Grimmsnarl|12/100|[from] Sandstorm
|-damage|p1b: Sinistcha|6/100|[from] Sandstorm
|-damage|p2b: Pelipper|0 fnt|[from] brn
|faint|p2b: Pelipper
|-sideend|p2: AxolVinie|move: Light Screen
|-sideend|p2: AxolVinie|move: Tailwind
|upkeep
|
|t:|1785954588
|switch|p2b: Swampert|Swampert-Mega, L50, M|4/100
|turn|9
|
|t:|1785954601
|move|p2b: Swampert|Protect|p2b: Swampert
|-singleturn|p2b: Swampert|Protect
|-activate|p1a: Staraptor|confusion
|-damage|p1a: Staraptor|17/100|[from] confusion
|move|p1b: Sinistcha|Matcha Gotcha|p2b: Swampert|[spread] p2a
|-activate|p2b: Swampert|move: Protect
|-crit|p2a: Grimmsnarl
|-damage|p2a: Grimmsnarl|0 fnt
|-heal|p1b: Sinistcha|14/100|[from] drain|[of] p2a: Grimmsnarl
|faint|p2a: Grimmsnarl
|
|-weather|none
|-sideend|p2: AxolVinie|Reflect
|upkeep
|turn|10
|-message|AxolVinie forfeited.
|
|win|homerj71
