|j|☆EddyG_7889
|j|☆Mero_deando
|html|EddyG_7889Mero_deando    
|uhtml|bestof|Game 1 of a best-of-3
|t:|1783907366
|gametype|doubles
|player|p1|EddyG_7889|artist-gen4|
|player|p2|Mero_deando|lady-gen4|
|gen|9
|tier|[Gen 9 Champions] VGC 2026 Reg M-B (Bo3)
|rule|Species Clause: Limit one of each Pokémon
|rule|Item Clause: Limit 1 of each item
|clearpoke
|poke|p1|Starmie, L50|
|poke|p1|Kingambit, L50, M|
|poke|p1|Sinistcha, L50|
|poke|p1|Archaludon, L50, F|
|poke|p1|Pelipper, L50, F|
|poke|p1|Basculegion, L50, M|
|poke|p2|Delphox, L50, M|
|poke|p2|Whimsicott, L50, F|
|poke|p2|Alcremie, L50, F|
|poke|p2|Ceruledge, L50, M|
|poke|p2|Pangoro, L50, F|
|poke|p2|Mimikyu, L50, F|
|teampreview|4
|showteam|p1|Starmie||Starminite|NaturalCure|Liquidation,ZenHeadbutt,AquaJet,Protect|Jolly|||||50|]Kingambit||OccaBerry|Defiant|KowtowCleave,SuckerPunch,Protect,IronHead|Adamant||M|||50|]Sinistcha||KasibBerry|Hospitality|MatchaGotcha,RagePowder,Protect,TrickRoom|Relaxed|||||50|]Archaludon||Leftovers|Stamina|ElectroShot,FlashCannon,DracoMeteor,Protect|Timid||F|||50|]Pelipper||FocusSash|Drizzle|Hurricane,WeatherBall,WideGuard,Tailwind|Modest||F|||50|]Basculegion||ChoiceScarf|SwiftSwim|Liquidation,LastRespects,FlipTurn,WaveCrash|Adamant||M|||50|
|showteam|p2|Delphox||Delphoxite|Blaze|HeatWave,Psychic,Encore,Protect|Timid||M|||50|]Whimsicott||FocusSash|Prankster|Moonblast,Tailwind,Protect,SunnyDay|Timid||F|||50|]Alcremie||SitrusBerry|SweetVeil|Decorate,DazzlingGleam,HelpingHand,Protect|Calm||F|||50|]Ceruledge||ColburBerry|FlashFire|BitterBlade,ShadowSneak,BulkUp,Protect|Adamant||M|||50|]Pangoro||ExpertBelt|Scrappy|StormThrow,KnockOff,ThunderPunch,PartingShot|Adamant||F|||50|]Mimikyu||LifeOrb|Disguise|TrickRoom,PlayRough,ShadowSneak,Taunt|Adamant||F|||50|
|
|t:|1783907396
|teamsize|p1|4
|teamsize|p2|4
|start
|switch|p1a: Pelipper|Pelipper, L50, F|100/100
|switch|p1b: Archaludon|Archaludon, L50, F|100/100
|switch|p2a: Palomita|Whimsicott, L50, F|100/100
|switch|p2b: Kyubei|Mimikyu, L50, F|100/100
|-weather|RainDance|[from] ability: Drizzle|[of] p1a: Pelipper
|turn|1
|
|t:|1783907465
|move|p2a: Palomita|Sunny Day|p2a: Palomita
|-weather|SunnyDay
|move|p1b: Archaludon|Flash Cannon|p2b: Kyubei
|-activate|p2b: Kyubei|ability: Disguise
|-damage|p2b: Kyubei|100/100
|detailschange|p2b: Kyubei|Mimikyu-Busted, L50, F
|-damage|p2b: Kyubei|87/100|[from] pokemon: Mimikyu-Busted
|move|p2b: Kyubei|Play Rough|p1b: Archaludon
|-damage|p1b: Archaludon|57/100
|-unboost|p1b: Archaludon|atk|1
|-ability|p1b: Archaludon|Stamina|boost
|-boost|p1b: Archaludon|def|1
|-damage|p2b: Kyubei|77/100|[from] item: Life Orb
|move|p1a: Pelipper|Weather Ball|p2a: Palomita
|-supereffective|p2a: Palomita|1
|-enditem|p2a: Palomita|Focus Sash
|-damage|p2a: Palomita|1/100
|
|-weather|SunnyDay|[upkeep]
|-heal|p1b: Archaludon|63/100|[from] item: Leftovers
|upkeep
|turn|2
|
|t:|1783907506
|switch|p1a: Kingambit|Kingambit, L50, M|100/100
|move|p1b: Archaludon|Protect|p1b: Archaludon
|-singleturn|p1b: Archaludon|Protect
|move|p2a: Palomita|Tailwind|p2a: Palomita
|-sidestart|p2: Mero_deando|move: Tailwind
|move|p2b: Kyubei|Play Rough|p1b: Archaludon
|-activate|p1b: Archaludon|move: Protect
|
|-weather|SunnyDay|[upkeep]
|-heal|p1b: Archaludon|69/100|[from] item: Leftovers
|upkeep
|turn|3
|
|t:|1783907591
|switch|p1a: Pelipper|Pelipper, L50, F|100/100
|-weather|RainDance|[from] ability: Drizzle|[of] p1a: Pelipper
|move|p2a: Palomita|Moonblast|p1a: Pelipper
|-damage|p1a: Pelipper|50/100g
|move|p2b: Kyubei|Play Rough|p1b: Archaludon
|-damage|p1b: Archaludon|35/100
|-ability|p1b: Archaludon|Stamina|boost
|-boost|p1b: Archaludon|def|1
|-damage|p2b: Kyubei|67/100|[from] item: Life Orb
|move|p1b: Archaludon|Electro Shot||[still]
|-prepare|p1b: Archaludon|Electro Shot
|-boost|p1b: Archaludon|spa|1
|-anim|p1b: Archaludon|Electro Shot|p2b: Kyubei
|-damage|p2b: Kyubei|1/100
|
|-weather|RainDance|[upkeep]
|-heal|p1b: Archaludon|41/100|[from] item: Leftovers
|upkeep
|turn|4
|
|t:|1783907621
|move|p1b: Archaludon|Protect|p1b: Archaludon
|-singleturn|p1b: Archaludon|Protect
|move|p2a: Palomita|Sunny Day|p2a: Palomita
|-weather|SunnyDay
|move|p2b: Kyubei|Play Rough|p1b: Archaludon
|-activate|p1b: Archaludon|move: Protect
|move|p1a: Pelipper|Tailwind|p1a: Pelipper
|-sidestart|p1: EddyG_7889|move: Tailwind
|
|-weather|SunnyDay|[upkeep]
|-heal|p1b: Archaludon|47/100|[from] item: Leftovers
|upkeep
|turn|5
|
|t:|1783907683
|move|p2a: Palomita|Tailwind||[still]
|-fail|p2a: Palomita
|move|p2b: Kyubei|Shadow Sneak|p1a: Pelipper
|-damage|p1a: Pelipper|27/100
|-damage|p2b: Kyubei|0 fnt|[from] item: Life Orb
|faint|p2b: Kyubei
|move|p1b: Archaludon|Flash Cannon|p2a: Palomita
|-supereffective|p2a: Palomita|1
|-damage|p2a: Palomita|0 fnt
|faint|p2a: Palomita
|move|p1a: Pelipper|Weather Ball|p2: Palomita|[notarget]
|-fail|p1a: Pelipper
|
|-weather|SunnyDay|[upkeep]
|-heal|p1b: Archaludon|53/100|[from] item: Leftovers
|-sideend|p2: Mero_deando|move: Tailwind
|upkeep
|
|t:|1783907699
|switch|p2a: Madoka|Delphox, L50, M|100/100
|switch|p2b: Made n China|Pangoro, L50, F|100/100
|turn|6
|
|t:|1783907765
|detailschange|p2a: Madoka|Delphox-Mega, L50, M
|-mega|p2a: Madoka|Delphox|Delphoxite
|move|p1a: Pelipper|Wide Guard|p1a: Pelipper
|-singleturn|p1a: Pelipper|Wide Guard
|move|p1b: Archaludon|Draco Meteor|p2a: Madoka
|-damage|p2a: Madoka|5/100
|-unboost|p1b: Archaludon|spa|2
|move|p2a: Madoka|Psychic|p1a: Pelipper
|-damage|p1a: Pelipper|0 fnt
|faint|p1a: Pelipper
|move|p2b: Made n China|Knock Off|p1b: Archaludon
|-damage|p1b: Archaludon|28/100
|-ability|p1b: Archaludon|Stamina|boost
|-boost|p1b: Archaludon|def|1
|-enditem|p1b: Archaludon|Leftovers|[from] move: Knock Off|[of] p2b: Made n China
|
|-weather|SunnyDay|[upkeep]
|upkeep
|
|t:|1783907799
|switch|p1a: Kingambit|Kingambit, L50, M|100/100
|turn|7
|
|t:|1783907873
|move|p2a: Madoka|Protect|p2a: Madoka
|-singleturn|p2a: Madoka|Protect
|move|p1a: Kingambit|Protect|p1a: Kingambit
|-singleturn|p1a: Kingambit|Protect
|move|p1b: Archaludon|Draco Meteor|p2b: Made n China
|-damage|p2b: Made n China|52/100
|-unboost|p1b: Archaludon|spa|2
|move|p2b: Made n China|Storm Throw|p1a: Kingambit
|-activate|p1a: Kingambit|move: Protect
|
|-weather|SunnyDay|[upkeep]
|-sideend|p1: EddyG_7889|move: Tailwind
|upkeep
|turn|8
|
|t:|1783907921
|switch|p1b: Starmie|Starmie, L50|100/100
|move|p1a: Kingambit|Sucker Punch||[still]
|-fail|p1a: Kingambit
|move|p2a: Madoka|Encore|p1a: Kingambit
|-start|p1a: Kingambit|Encore
|move|p2b: Made n China|Storm Throw|p1b: Starmie
|-resisted|p1b: Starmie|1
|-crit|p1b: Starmie
|-damage|p1b: Starmie|64/100
|
|-weather|none
|upkeep
|turn|9
|
|t:|1783907950
|detailschange|p1b: Starmie|Starmie-Mega, L50
|-mega|p1b: Starmie|Starmie|Starminite
|move|p1a: Kingambit|Sucker Punch|p2a: Madoka
|-supereffective|p2a: Madoka|1
|-damage|p2a: Madoka|0 fnt
|faint|p2a: Madoka
|move|p1b: Starmie|Liquidation|p2b: Made n China
|-damage|p2b: Made n China|0 fnt
|faint|p2b: Made n China
|
|win|EddyG_7889
|inactive|EddyG_7889 has 30 seconds to confirm battle start!
|inactive|Mero_deando has 30 seconds to confirm battle start!
|inactive|EddyG_7889 has 20 seconds to confirm battle start!
|inactive|Mero_deando has 20 seconds to confirm battle start!
||EddyG_7889 is ready for game 2.
|inactive|Mero_deando has 10 seconds to confirm battle start!
|uhtml|next|Next: Game 2 of 3
