|j|☆sbhaga34
|j|☆marcosdeltasena31
|html|sbhaga34marcosdeltasena31    
|uhtml|bestof|Game 3 of a best-of-3
|t:|1754698549
|gametype|doubles
|player|p1|sbhaga34|hugh|1125
|player|p2|marcosdeltasena31|hilbert|1302
|gen|9
|tier|[Gen 9] VGC 2025 Reg H (Bo3)
|rated|
|rule|Species Clause: Limit one of each Pokémon
|rule|Item Clause: Limit 1 of each item
|clearpoke
|poke|p1|Indeedee-F, L50, F|
|poke|p1|Kilowattrel, L50, M|
|poke|p1|Tyranitar, L50, F|
|poke|p1|Excadrill, L50, M|
|poke|p1|Gardevoir, L50, M|
|poke|p1|Annihilape, L50, M|
|poke|p2|Dragonite, L50, F|
|poke|p2|Sneasler, L50, F|
|poke|p2|Volcarona, L50, F|
|poke|p2|Rillaboom, L50, M|
|poke|p2|Kingambit, L50, F|
|poke|p2|Electabuzz, L50, F|
|teampreview|4
|showteam|p1|Indeedee-F||SafetyGoggles|PsychicSurge|FollowMe,TrickRoom,Imprison,Psychic|||F|||50|,,,,,Water]Kilowattrel||CovertCloak|Competitive|VoltSwitch,Discharge,AirSlash,Tailwind|||M|||50|,,,,,Electric]Tyranitar||SmoothRock|SandStream|RockSlide,KnockOff,LowKick,Protect|||F|||50|,,,,,Flying]Excadrill||FocusSash|SandRush|Earthquake,IronHead,SwordsDance,Protect|||M|||50|,,,,,Ground]Gardevoir||ChoiceScarf|Telepathy|ExpandingForce,DazzlingGleam,Moonblast,IcyWind|||M|||50|,,,,,Psychic]Annihilape||Leftovers|Defiant|FinalGambit,CloseCombat,RageFist,Protect|||M|||50|,,,,,Fire
|showteam|p2|Dragonite||LoadedDice|Multiscale|ScaleShot,ExtremeSpeed,Haze,Protect|||F|||50|,,,,,Fairy]Sneasler||FocusSash|PoisonTouch|DireClaw,CloseCombat,FakeOut,Coaching|||F|||50|,,,,,Ghost]Volcarona||CovertCloak|FlameBody|HeatWave,TeraBlast,QuiverDance,Protect|||F|||50|,,,,,Fairy]Rillaboom||AssaultVest|GrassySurge|WoodHammer,FakeOut,GrassyGlide,HighHorsepower|||M|||50|,,,,,Fire]Kingambit||BlackGlasses|Defiant|KowtowCleave,SwordsDance,SuckerPunch,Protect|||F|||50|,,,,,Dark]Electabuzz||Eviolite|VitalSpirit|Electroweb,FollowMe,Taunt,Protect|||F|||50|,,,,,Ghost
|
|t:|1754698608
|teamsize|p1|4
|teamsize|p2|4
|start
|switch|p1a: Gardevoir|Gardevoir, L50, M, shiny|100/100
|switch|p1b: Kilowattrel|Kilowattrel, L50, M|100/100
|switch|p2a: Dragonite|Dragonite, L50, F|100/100
|switch|p2b: Sneasler|Sneasler, L50, F|100/100
|turn|1
|
|t:|1754698653
|move|p1a: Gardevoir|Icy Wind|p2a: Dragonite|[spread] p2a,p2b
|-supereffective|p2a: Dragonite
|-damage|p2a: Dragonite|72/100
|-damage|p2b: Sneasler|78/100
|-unboost|p2a: Dragonite|spe|1
|-unboost|p2b: Sneasler|spe|1
|move|p1b: Kilowattrel|Discharge|p2a: Dragonite|[spread] p2a,p2b
|-activate|p1a: Gardevoir|ability: Telepathy
|-damage|p2a: Dragonite|44/100
|-damage|p2b: Sneasler|35/100
|-status|p2a: Dragonite|par
|move|p2b: Sneasler|Dire Claw|p1a: Gardevoir
|-supereffective|p1a: Gardevoir
|-damage|p1a: Gardevoir|0 fnt
|faint|p1a: Gardevoir
|cant|p2a: Dragonite|par
|
|upkeep
|
|t:|1754698672
|switch|p1a: Excadrill|Excadrill, L50, M, shiny|100/100
|turn|2
|
|t:|1754698703
|switch|p2b: Rillaboom|Rillaboom, L50, M|100/100
|-fieldstart|move: Grassy Terrain|[from] ability: Grassy Surge|[of] p2b: Rillaboom
|-terastallize|p1b: Kilowattrel|Electric
|move|p2a: Dragonite|Extreme Speed|p1a: Excadrill
|-resisted|p1a: Excadrill
|-crit|p1a: Excadrill
|-damage|p1a: Excadrill|68/100
|move|p1b: Kilowattrel|Discharge|p2b: Rillaboom|[spread] p2a,p2b
|-immune|p1a: Excadrill
|-resisted|p2b: Rillaboom
|-damage|p2a: Dragonite|2/100 par
|-damage|p2b: Rillaboom|88/100
|move|p1a: Excadrill|Swords Dance|p1a: Excadrill
|-boost|p1a: Excadrill|atk|2
|
|-heal|p1a: Excadrill|74/100|[from] Grassy Terrain
|-heal|p2b: Rillaboom|94/100|[from] Grassy Terrain
|upkeep
|turn|3
|
|t:|1754698741
|move|p1a: Excadrill|Protect|p1a: Excadrill
|-singleturn|p1a: Excadrill|Protect
|move|p2a: Dragonite|Extreme Speed|p1a: Excadrill
|-activate|p1a: Excadrill|move: Protect
|move|p2b: Rillaboom|Grassy Glide|p1a: Excadrill
|-activate|p1a: Excadrill|move: Protect
|move|p1b: Kilowattrel|Tailwind|p1b: Kilowattrel
|-sidestart|p1: sbhaga34|move: Tailwind
|
|-heal|p1a: Excadrill|80/100|[from] Grassy Terrain
|-heal|p2b: Rillaboom|99/100|[from] Grassy Terrain
|upkeep
|turn|4
|
|t:|1754698769
|move|p2a: Dragonite|Extreme Speed|p1a: Excadrill
|-resisted|p1a: Excadrill
|-damage|p1a: Excadrill|59/100
|move|p2b: Rillaboom|Grassy Glide|p1a: Excadrill
|-damage|p1a: Excadrill|9/100
|move|p1b: Kilowattrel|Discharge|p2a: Dragonite|[spread] p2a,p2b
|-immune|p1a: Excadrill
|-resisted|p2b: Rillaboom
|-damage|p2a: Dragonite|0 fnt
|-damage|p2b: Rillaboom|86/100
|-status|p2b: Rillaboom|par
|faint|p2a: Dragonite
|move|p1a: Excadrill|Iron Head|p2b: Rillaboom
|-damage|p2b: Rillaboom|0 fnt
|faint|p2b: Rillaboom
|
|-heal|p1a: Excadrill|14/100|[from] Grassy Terrain
|upkeep
|
|t:|1754698778
|switch|p2a: Kingambit|Kingambit, L50, F|100/100
|switch|p2b: Sneasler|Sneasler, L50, F|35/100
|turn|5
|
|t:|1754698812
|switch|p1b: Indeedee|Indeedee-F, L50, F|100/100
|-fieldstart|move: Psychic Terrain|[from] ability: Psychic Surge|[of] p1b: Indeedee
|-terastallize|p2a: Kingambit|Dark
|move|p1a: Excadrill|Protect|p1a: Excadrill
|-singleturn|p1a: Excadrill|Protect
|move|p2b: Sneasler|Fake Out|p1a: Excadrill
|-activate|p1a: Excadrill|move: Psychic Terrain
|move|p2a: Kingambit|Sucker Punch||[still]
|-fail|p2a: Kingambit
|
|upkeep
|turn|6
|
|t:|1754698828
|move|p1b: Indeedee|Follow Me|p1b: Indeedee
|-singleturn|p1b: Indeedee|move: Follow Me
|move|p1a: Excadrill|Iron Head|p2a: Kingambit
|-damage|p2a: Kingambit|36/100
|move|p2b: Sneasler|Close Combat|p1b: Indeedee
|-damage|p1b: Indeedee|34/100
|-unboost|p2b: Sneasler|def|1
|-unboost|p2b: Sneasler|spd|1
|-status|p1b: Indeedee|psn|[from] ability: Poison Touch|[of] p2b: Sneasler
|move|p2a: Kingambit|Kowtow Cleave|p1b: Indeedee
|-supereffective|p1b: Indeedee
|-damage|p1b: Indeedee|0 fnt
|faint|p1b: Indeedee
|
|-sideend|p1: sbhaga34|move: Tailwind
|upkeep
|
|t:|1754698842
|switch|p1b: Kilowattrel|Kilowattrel, L50, M, tera:Electric|100/100
|turn|7
|
|t:|1754698853
|move|p1a: Excadrill|Protect|p1a: Excadrill
|-singleturn|p1a: Excadrill|Protect
|move|p2b: Sneasler|Close Combat|p1a: Excadrill
|-activate|p1a: Excadrill|move: Protect
|move|p1b: Kilowattrel|Tailwind|p1b: Kilowattrel
|-sidestart|p1: sbhaga34|move: Tailwind
|move|p2a: Kingambit|Kowtow Cleave|p1b: Kilowattrel
|-damage|p1b: Kilowattrel|0 fnt
|faint|p1b: Kilowattrel
|
|upkeep
|turn|8
|
|t:|1754698869
|move|p2a: Kingambit|Protect|p2a: Kingambit
|-singleturn|p2a: Kingambit|Protect
|move|p1a: Excadrill|Earthquake|p2b: Sneasler|[spread] p2b
|-activate|p2a: Kingambit|move: Protect
|-supereffective|p2b: Sneasler
|-damage|p2b: Sneasler|0 fnt
|faint|p2b: Sneasler
|
|upkeep
|turn|9
|
|t:|1754698877
|move|p2a: Kingambit|Protect||[still]
|-fail|p2a: Kingambit
|move|p1a: Excadrill|Earthquake|p2a: Kingambit
|-damage|p2a: Kingambit|0 fnt
|faint|p2a: Kingambit
|
|win|sbhaga34
|raw|sbhaga34's rating: 1125 → 1162(+37 for winning)
|raw|marcosdeltasena31's rating: 1302 → 1273(-29 for losing)
|l|☆sbhaga34
|player|p1|
