|j|☆phuc_lamvgc
|j|☆erifranck
|html|phuc_lamvgcerifranck    
|uhtml|bestof|Game 2 of a best-of-3
|t:|1783997098
|gametype|doubles
|player|p1|phuc_lamvgc|miku-ghost|1134
|player|p2|erifranck|bugcatcher-gen4dp|1129
|gen|9
|tier|[Gen 9 Champions] VGC 2026 Reg M-B (Bo3)
|rated|
|rule|Species Clause: Limit one of each Pokémon
|rule|Item Clause: Limit 1 of each item
|clearpoke
|poke|p1|Raichu, L50, M|
|poke|p1|Floette-Eternal, L50, F|
|poke|p1|Milotic, L50, F|
|poke|p1|Sinistcha, L50|
|poke|p1|Ceruledge, L50, M|
|poke|p1|Incineroar, L50, M|
|poke|p2|Gengar, L50, F|
|poke|p2|Incineroar, L50, F|
|poke|p2|Ditto, L50|
|poke|p2|Politoed, L50, M|
|poke|p2|Tinkaton, L50, F|
|poke|p2|Kommo-o, L50, M|
|teampreview|4
|showteam|p1|Raichu||RaichuniteY|LightningRod|ZapCannon,VoltSwitch,FocusBlast,FakeOut|Timid||M|||50|]Floette-Eternal||Floettite|FlowerVeil|DazzlingGleam,DrainingKiss,CalmMind,Protect|Modest||F|||50|]Milotic||Leftovers|Competitive|MuddyWater,Hypnosis,Coil,Protect|Calm||F|||50|]Sinistcha||KasibBerry|Hospitality|MatchaGotcha,RagePowder,LifeDew,Protect|Bold|||||50|]Ceruledge||ColburBerry|FlashFire|BitterBlade,ShadowSneak,BulkUp,Protect|Adamant||M|||50|]Incineroar||SitrusBerry|Intimidate|FlareBlitz,ThroatChop,FakeOut,PartingShot|Impish||M|||50|
|showteam|p2|Gengar||Gengarite|CursedBody|Protect,Disable,PerishSong,ShadowBall|Timid||F|||50|]Incineroar||PasshoBerry|Intimidate|FakeOut,Protect,FlareBlitz,PartingShot|Impish||F|||50|]Ditto||FocusSash|Imposter|Transform|Serious|||||50|]Politoed||SitrusBerry|Drizzle|IceBeam,WeatherBall,Protect,PerishSong|Bold||M|||50|]Tinkaton||ShucaBerry|MoldBreaker|FakeOut,GigatonHammer,Encore,Protect|Jolly||F|||50|]Kommo-o||Leftovers|Bulletproof|ClangingScales,ClangorousSoul,AuraSphere,Protect|Modest||M|||50|
|inactive|Battle timer is ON: inactive players will automatically lose when time's up. (requested by phuc_lamvgc)
|
|t:|1783997129
|teamsize|p1|4
|teamsize|p2|4
|start
|switch|p1a: Ceruledge|Ceruledge, L50, M|100/100
|switch|p1b: Sinistcha|Sinistcha, L50|100/100
|switch|p2a: Tinkaton|Tinkaton, L50, F|100/100
|switch|p2b: Gengar|Gengar, L50, F|100/100
|-ability|p2a: Tinkaton|Mold Breaker
|turn|1
|inactive|erifranck has 30 seconds left.
|
|t:|1783997158
|switch|p2a: Incineroar|Incineroar, L50, F|100/100
|-ability|p2a: Incineroar|Intimidate|boost
|-unboost|p1a: Ceruledge|atk|1
|-unboost|p1b: Sinistcha|atk|1
|switch|p1b: Incineroar|Incineroar, L50, M|100/100
|-ability|p1b: Incineroar|Intimidate|boost
|-unboost|p2a: Incineroar|atk|1
|-unboost|p2b: Gengar|atk|1
|detailschange|p2b: Gengar|Gengar-Mega, L50, F
|-mega|p2b: Gengar|Gengar|Gengarite
|move|p1a: Ceruledge|Shadow Sneak|p2b: Gengar
|-supereffective|p2b: Gengar|1
|-damage|p2b: Gengar|60/100
|move|p2b: Gengar|Shadow Ball|p1a: Ceruledge
|-supereffective|p1a: Ceruledge|1
|-damage|p1a: Ceruledge|6/100
|
|upkeep
|turn|2
|
|t:|1783997176
|switch|p1a: Sinistcha|Sinistcha, L50|100/100
|switch|p2a: Ditto|Ditto, L50|100/100
|-transform|p2a: Ditto|p1b: Incineroar|[from] ability: Imposter
|-ability|p2a: Ditto|Intimidate|boost
|-unboost|p1a: Sinistcha|atk|1
|-unboost|p1b: Incineroar|atk|1
|move|p2b: Gengar|Protect|p2b: Gengar
|-singleturn|p2b: Gengar|Protect
|move|p1b: Incineroar|Throat Chop|p2b: Gengar
|-activate|p2b: Gengar|move: Protect
|
|upkeep
|turn|3
|
|t:|1783997197
|move|p2a: Ditto|Fake Out|p1b: Incineroar
|-damage|p1b: Incineroar|92/100
|move|p2b: Gengar|Shadow Ball|p1a: Sinistcha
|-supereffective|p1a: Sinistcha|1
|-enditem|p1a: Sinistcha|Kasib Berry|[eat]
|-enditem|p1a: Sinistcha|Kasib Berry|[weaken]
|-damage|p1a: Sinistcha|58/100
|-unboost|p1a: Sinistcha|spd|1
|move|p1a: Sinistcha|Matcha Gotcha|p2a: Ditto|[spread] p2a,p2b
|-resisted|p2a: Ditto|1
|-resisted|p2b: Gengar|1
|-damage|p2a: Ditto|84/100
|-heal|p1a: Sinistcha|65/100|[from] drain|[of] p2a: Ditto
|-damage|p2b: Gengar|48/100
|-heal|p1a: Sinistcha|71/100|[from] drain|[of] p2b: Gengar
|-status|p2b: Gengar|brn
|cant|p1b: Incineroar|flinch
|
|-damage|p2b: Gengar|42/100 brn|[from] brn
|upkeep
|turn|4
|inactive|erifranck has 30 seconds left.
|inactive|erifranck has 20 seconds left.
|inactive|erifranck has 15 seconds left.
|
|t:|1783997238
|move|p2b: Gengar|Protect|p2b: Gengar
|-singleturn|p2b: Gengar|Protect
|move|p1a: Sinistcha|Matcha Gotcha|p2a: Ditto|[spread] p2a
|-activate|p2b: Gengar|move: Protect
|-resisted|p2a: Ditto|1
|-damage|p2a: Ditto|70/100
|-heal|p1a: Sinistcha|77/100|[from] drain|[of] p2a: Ditto
|move|p2a: Ditto|Parting Shot|p1b: Incineroar
|-unboost|p1b: Incineroar|atk|1
|-unboost|p1b: Incineroar|spa|1
|
|t:|1783997249
|switch|p2a: Incineroar|Incineroar, L50, F|100/100|[from] Parting Shot
|-ability|p2a: Incineroar|Intimidate|boost
|-unboost|p1a: Sinistcha|atk|1
|-unboost|p1b: Incineroar|atk|1
|move|p1b: Incineroar|Parting Shot|p2a: Incineroar
|-unboost|p2a: Incineroar|atk|1
|-unboost|p2a: Incineroar|spa|1
|
|t:|1783997257
|switch|p1b: Ceruledge|Ceruledge, L50, M|6/100|[from] Parting Shot
|
|-damage|p2b: Gengar|36/100 brn|[from] brn
|upkeep
|turn|5
|inactive|erifranck has 30 seconds left.
|
|t:|1783997284
|switch|p2b: Tinkaton|Tinkaton, L50, F|100/100
|-ability|p2b: Tinkaton|Mold Breaker
|move|p1a: Sinistcha|Rage Powder|p1a: Sinistcha
|-singleturn|p1a: Sinistcha|move: Rage Powder
|move|p1b: Ceruledge|Shadow Sneak|p2b: Tinkaton
|-damage|p2b: Tinkaton|74/100
|move|p2a: Incineroar|Parting Shot|p1a: Sinistcha
|-unboost|p1a: Sinistcha|atk|1
|-unboost|p1a: Sinistcha|spa|1
|
|t:|1783997297
|switch|p2a: Ditto|Ditto, L50|70/100|[from] Parting Shot
|-transform|p2a: Ditto|p1b: Ceruledge|[from] ability: Imposter
|
|upkeep
|turn|6
|
|t:|1783997312
|move|p1a: Sinistcha|Rage Powder|p1a: Sinistcha
|-singleturn|p1a: Sinistcha|move: Rage Powder
|move|p2a: Ditto|Shadow Sneak|p1a: Sinistcha
|-supereffective|p1a: Sinistcha|1
|-damage|p1a: Sinistcha|43/100
|move|p2b: Tinkaton|Encore|p1a: Sinistcha
|-start|p1a: Sinistcha|Encore
|move|p1b: Ceruledge|Bitter Blade|p2b: Tinkaton
|-supereffective|p2b: Tinkaton|1
|-damage|p2b: Tinkaton|0 fnt
|-heal|p1b: Ceruledge|45/100|[from] drain|[of] p2b: Tinkaton
|faint|p2b: Tinkaton
|
|upkeep
|
|t:|1783997323
|switch|p2b: Incineroar|Incineroar, L50, F|100/100
|-ability|p2b: Incineroar|Intimidate|boost
|-unboost|p1a: Sinistcha|atk|1
|-unboost|p1b: Ceruledge|atk|1
|turn|7
|
|t:|1783997338
|switch|p1b: Incineroar|Incineroar, L50, M|92/100
|-ability|p1b: Incineroar|Intimidate|boost
|-unboost|p2a: Ditto|atk|1
|-unboost|p2b: Incineroar|atk|1
|move|p1a: Sinistcha|Rage Powder|p1a: Sinistcha
|-singleturn|p1a: Sinistcha|move: Rage Powder
|move|p2a: Ditto|Bitter Blade|p1a: Sinistcha
|-supereffective|p1a: Sinistcha|1
|-damage|p1a: Sinistcha|0 fnt
|-heal|p2a: Ditto|96/100|[from] drain|[of] p1a: Sinistcha
|faint|p1a: Sinistcha
|move|p2b: Incineroar|Parting Shot|p1b: Incineroar
|-unboost|p1b: Incineroar|atk|1
|-unboost|p1b: Incineroar|spa|1
|
|t:|1783997353
|switch|p2b: Gengar|Gengar-Mega, L50, F|36/100 brn|[from] Parting Shot
|
|-damage|p2b: Gengar|30/100 brn|[from] brn
|upkeep
|
|t:|1783997356
|switch|p1a: Ceruledge|Ceruledge, L50, M|45/100
|turn|8
|
|t:|1783997363
|switch|p2a: Incineroar|Incineroar, L50, F|100/100
|-ability|p2a: Incineroar|Intimidate|boost
|-unboost|p1a: Ceruledge|atk|1
|-unboost|p1b: Incineroar|atk|1
|move|p1a: Ceruledge|Shadow Sneak|p2b: Gengar
|-supereffective|p2b: Gengar|1
|-damage|p2b: Gengar|0 fnt
|faint|p2b: Gengar
|move|p1b: Incineroar|Throat Chop|p2a: Incineroar
|-resisted|p2a: Incineroar|1
|-damage|p2a: Incineroar|94/100
|-start|p2a: Incineroar|Throat Chop|[silent]
|
|upkeep
|
|t:|1783997373
|switch|p2b: Ditto|Ditto, L50|96/100
|-transform|p2b: Ditto|p1a: Ceruledge|[from] ability: Imposter
|turn|9
|
|t:|1783997390
|move|p2a: Incineroar|Fake Out|p1b: Incineroar
|-damage|p1b: Incineroar|85/100
|move|p1a: Ceruledge|Shadow Sneak|p2b: Ditto
|-supereffective|p2b: Ditto|1
|-damage|p2b: Ditto|60/100
|move|p2b: Ditto|Bulk Up|p2b: Ditto
|-boost|p2b: Ditto|atk|1
|-boost|p2b: Ditto|def|1
|cant|p1b: Incineroar|flinch
|
|-end|p2a: Incineroar|Throat Chop|[silent]
|upkeep
|turn|10
|inactive|phuc_lamvgc has 30 seconds left.
|inactive|erifranck has 30 seconds left.
|inactive|phuc_lamvgc has 20 seconds left.
|inactive|erifranck has 20 seconds left.
|inactive|erifranck has 15 seconds left.
|
|t:|1783997441
|move|p2b: Ditto|Shadow Sneak|p1a: Ceruledge
|-supereffective|p1a: Ceruledge|1
|-damage|p1a: Ceruledge|2/100
|move|p1a: Ceruledge|Shadow Sneak|p2b: Ditto
|-supereffective|p2b: Ditto|1
|-crit|p2b: Ditto
|-damage|p2b: Ditto|0 fnt
|faint|p2b: Ditto
|move|p2a: Incineroar|Flare Blitz|p1b: Incineroar
|-resisted|p1b: Incineroar|1
|-damage|p1b: Incineroar|68/100
|-damage|p2a: Incineroar|89/100|[from] Recoil
|move|p1b: Incineroar|Parting Shot|p2a: Incineroar
|-unboost|p2a: Incineroar|atk|1
|-unboost|p2a: Incineroar|spa|1
|-message|erifranck forfeited.
|
|win|phuc_lamvgc
|l|☆erifranck
|player|p2|
||erifranck is ready for game 3.
||phuc_lamvgc is ready for game 3.
|uhtml|next|Next: Game 3 of 3
