|j|☆3rdPlaceTennis
|j|☆matrod
|html|3rdPlaceTennismatrod    
|uhtml|bestof|Game 2 of a best-of-3
|t:|1756687170
|gametype|doubles
|player|p1|3rdPlaceTennis|bugcatcher-gen4dp|1110
|player|p2|matrod|steven|1220
|gen|9
|tier|[Gen 9] VGC 2025 Reg H (Bo3)
|rated|
|rule|Species Clause: Limit one of each Pokémon
|rule|Item Clause: Limit 1 of each item
|clearpoke
|poke|p1|Dragonite, L50, M|
|poke|p1|Gholdengo, L50|
|poke|p1|Rillaboom, L50, F|
|poke|p1|Ursaluna-Bloodmoon, L50, M|
|poke|p1|Maushold-Four, L50|
|poke|p1|Annihilape, L50, F|
|poke|p2|Politoed, L50, M|
|poke|p2|Gothitelle, L50, F|
|poke|p2|Kingdra, L50, M|
|poke|p2|Archaludon, L50, M|
|poke|p2|Amoonguss, L50, M|
|poke|p2|Incineroar, L50, M|
|teampreview|4
|showteam|p1|Dragonite||LoadedDice|Multiscale|Tailwind,Haze,Protect,ScaleShot|||M|||50|,,,,,Fairy]Gholdengo||LifeOrb|GoodasGold|MakeItRain,ShadowBall,NastyPlot,Protect||||||50|,,,,,Water]Rillaboom||MiracleSeed|GrassySurge|WoodHammer,GrassyGlide,FakeOut,HighHorsepower|||F|||50|,,,,,Fire]Ursaluna-Bloodmoon||AssaultVest|MindsEye|BloodMoon,EarthPower,VacuumWave,HyperVoice|||M|||50|,,,,,Water]Maushold-Four||FocusSash|FriendGuard|SuperFang,FollowMe,BeatUp,Protect||||||50|,,,,,Ghost]Annihilape||SitrusBerry|Defiant|RageFist,DrainPunch,BulkUp,Protect|||F|||50|,,,,,Fire
|showteam|p2|Politoed||Leftovers|Drizzle|WeatherBall,PerishSong,Encore,Protect|||M|||50|,,,,,Grass]Gothitelle||SitrusBerry|ShadowTag|FakeOut,TrickRoom,Psychic,Protect|||F|||50|,,,,,Dark]Kingdra||LifeOrb|SwiftSwim|WeatherBall,DracoMeteor,MuddyWater,Protect|||M|||50|,,,,,Stellar]Archaludon||PowerHerb|Sturdy|ElectroShot,DragonPulse,Thunderbolt,Protect|||M|||50|,,,,,Electric]Amoonguss||EjectButton|Regenerator|Spore,RagePowder,PollenPuff,Protect|||M|||50|,,,,,Fairy]Incineroar||SafetyGoggles|Intimidate|KnockOff,FakeOut,PartingShot,Protect|||M|||50|,,,,,Ghost
|
|t:|1756687226
|teamsize|p1|4
|teamsize|p2|4
|start
|switch|p1a: Gholdengo|Gholdengo, L50|100/100
|switch|p1b: Maushold|Maushold-Four, L50|100/100
|switch|p2a: Archaludon|Archaludon, L50, M|100/100
|switch|p2b: Politoed|Politoed, L50, M|100/100
|-weather|RainDance|[from] ability: Drizzle|[of] p2b: Politoed
|turn|1
|inactive|Battle timer is ON: inactive players will automatically lose when time's up. (requested by matrod)
|inactive|matrod has 60 seconds left.
|inactive|matrod has 30 seconds left.
|
|t:|1756687295
|switch|p2b: Kingdra|Kingdra, L50, M|100/100
|move|p1b: Maushold|Super Fang|p2a: Archaludon
|-damage|p2a: Archaludon|50/100
|move|p2a: Archaludon|Electro Shot||[still]
|-prepare|p2a: Archaludon|Electro Shot
|-boost|p2a: Archaludon|spa|1
|-anim|p2a: Archaludon|Electro Shot|p1b: Maushold
|-damage|p1b: Maushold|13/100
|move|p1a: Gholdengo|Shadow Ball|p2a: Archaludon
|-damage|p2a: Archaludon|0 fnt
|faint|p2a: Archaludon
|-damage|p1a: Gholdengo|91/100|[from] item: Life Orb
|
|-weather|RainDance|[upkeep]
|upkeep
|
|t:|1756687308
|switch|p2a: Incineroar|Incineroar, L50, M|100/100
|-ability|p2a: Incineroar|Intimidate|boost
|-unboost|p1a: Gholdengo|atk|1
|-unboost|p1b: Maushold|atk|1
|turn|2
|
|t:|1756687320
|switch|p1b: Rillaboom|Rillaboom, L50, F|100/100
|-fieldstart|move: Grassy Terrain|[from] ability: Grassy Surge|[of] p1b: Rillaboom
|switch|p2a: Politoed|Politoed, L50, M|100/100
|-terastallize|p2b: Kingdra|Stellar
|move|p1a: Gholdengo|Protect|p1a: Gholdengo
|-singleturn|p1a: Gholdengo|Protect
|move|p2b: Kingdra|Muddy Water|p1b: Rillaboom|[spread] p1b
|-activate|p1a: Gholdengo|move: Protect
|-resisted|p1b: Rillaboom
|-damage|p1b: Rillaboom|44/100
|-damage|p2b: Kingdra|91/100|[from] item: Life Orb
|
|-weather|RainDance|[upkeep]
|-heal|p2b: Kingdra|97/100|[from] Grassy Terrain
|-heal|p1a: Gholdengo|97/100|[from] Grassy Terrain
|-heal|p1b: Rillaboom|50/100|[from] Grassy Terrain
|upkeep
|turn|3
|
|t:|1756687344
|switch|p2a: Incineroar|Incineroar, L50, M|100/100
|-ability|p2a: Incineroar|Intimidate|boost
|-unboost|p1a: Gholdengo|atk|1
|-unboost|p1b: Rillaboom|atk|1
|move|p2b: Kingdra|Protect|p2b: Kingdra
|-singleturn|p2b: Kingdra|Protect
|move|p1b: Rillaboom|Fake Out|p2b: Kingdra
|-activate|p2b: Kingdra|move: Protect
|move|p1a: Gholdengo|Nasty Plot|p1a: Gholdengo
|-boost|p1a: Gholdengo|spa|2
|
|-weather|RainDance|[upkeep]
|-heal|p2b: Kingdra|100/100|[from] Grassy Terrain
|-heal|p1a: Gholdengo|100/100|[from] Grassy Terrain
|-heal|p1b: Rillaboom|56/100|[from] Grassy Terrain
|upkeep
|turn|4
|
|t:|1756687358
|move|p1a: Gholdengo|Protect|p1a: Gholdengo
|-singleturn|p1a: Gholdengo|Protect
|move|p2a: Incineroar|Fake Out|p1b: Rillaboom
|-damage|p1b: Rillaboom|45/100
|move|p2b: Kingdra|Weather Ball|p1b: Rillaboom
|-resisted|p1b: Rillaboom
|-damage|p1b: Rillaboom|0 fnt
|faint|p1b: Rillaboom
|-damage|p2b: Kingdra|91/100|[from] item: Life Orb
|
|-weather|RainDance|[upkeep]
|-heal|p2b: Kingdra|97/100|[from] Grassy Terrain
|upkeep
|
|t:|1756687360
|switch|p1b: Maushold|Maushold-Four, L50|13/100
|turn|5
|
|t:|1756687378
|-terastallize|p1a: Gholdengo|Water
|move|p2b: Kingdra|Muddy Water|p1b: Maushold|[spread] p1a,p1b
|-resisted|p1a: Gholdengo
|-damage|p1a: Gholdengo|77/100
|-damage|p1b: Maushold|0 fnt
|faint|p1b: Maushold
|-damage|p2b: Kingdra|87/100|[from] item: Life Orb
|move|p1a: Gholdengo|Shadow Ball|p2a: Incineroar
|-resisted|p2a: Incineroar
|-damage|p2a: Incineroar|66/100
|-damage|p1a: Gholdengo|68/100|[from] item: Life Orb
|move|p2a: Incineroar|Knock Off|p1a: Gholdengo
|-damage|p1a: Gholdengo|31/100
|-enditem|p1a: Gholdengo|Life Orb|[from] move: Knock Off|[of] p2a: Incineroar
|
|-weather|none
|-heal|p2b: Kingdra|93/100|[from] Grassy Terrain
|-heal|p1a: Gholdengo|37/100|[from] Grassy Terrain
|-heal|p2a: Incineroar|72/100|[from] Grassy Terrain
|upkeep
|
|t:|1756687381
|switch|p1b: Annihilape|Annihilape, L50, F|100/100
|turn|6
|
|t:|1756687400
|switch|p2a: Politoed|Politoed, L50, M|100/100
|-weather|RainDance|[from] ability: Drizzle|[of] p2a: Politoed
|move|p2b: Kingdra|Protect|p2b: Kingdra
|-singleturn|p2b: Kingdra|Protect
|move|p1a: Gholdengo|Protect|p1a: Gholdengo
|-singleturn|p1a: Gholdengo|Protect
|move|p1b: Annihilape|Drain Punch|p2a: Politoed
|-damage|p2a: Politoed|62/100
|
|-weather|RainDance|[upkeep]
|-heal|p2b: Kingdra|99/100|[from] Grassy Terrain
|-heal|p1a: Gholdengo|43/100|[from] Grassy Terrain
|-heal|p2a: Politoed|69/100|[from] Grassy Terrain
|-heal|p2a: Politoed|75/100|[from] item: Leftovers
|-fieldend|move: Grassy Terrain
|upkeep
|turn|7
|
|t:|1756687414
|move|p2b: Kingdra|Draco Meteor|p1a: Gholdengo
|-damage|p1a: Gholdengo|0 fnt
|-unboost|p2b: Kingdra|spa|2
|faint|p1a: Gholdengo
|-damage|p2b: Kingdra|89/100|[from] item: Life Orb
|move|p1b: Annihilape|Drain Punch|p2a: Politoed
|-damage|p2a: Politoed|41/100
|move|p2a: Politoed|Perish Song|p2a: Politoed
|-start|p1b: Annihilape|perish3|[silent]
|-start|p2a: Politoed|perish3|[silent]
|-start|p2b: Kingdra|perish3|[silent]
|-fieldactivate|move: Perish Song
|
|-weather|RainDance|[upkeep]
|-heal|p2a: Politoed|47/100|[from] item: Leftovers
|-start|p2b: Kingdra|perish3
|-start|p1b: Annihilape|perish3
|-start|p2a: Politoed|perish3
|upkeep
|turn|8
|-message|3rdPlaceTennis forfeited.
|
|win|matrod
