|j|â˜†homerj71
|j|â˜†AJojoFamilyMember
|html|homerj71AJojoFamilyMember    
|uhtml|bestof|Game 1 of a best-of-3
|t:|1785422163
|gametype|doubles
|player|p1|homerj71|102|1149
|player|p2|AJojoFamilyMember|cynthia|1184
|gen|9
|tier|[Gen 9 Champions] VGC 2026 Reg M-B (Bo3)
|rated|
|rule|Species Clause: Limit one of each PokÃ©mon
|rule|Item Clause: Limit 1 of each item
|clearpoke
|poke|p1|Tyranitar, L50, M|
|poke|p1|Staraptor, L50, M|
|poke|p1|Gholdengo, L50|
|poke|p1|Excadrill, L50, M|
|poke|p1|Sinistcha, L50|
|poke|p1|Milotic, L50, F|
|poke|p2|Maushold-Four, L50|
|poke|p2|Sinistcha-Masterpiece, L50|
|poke|p2|Incineroar, L50, F|
|poke|p2|Delphox, L50, F|
|poke|p2|Mamoswine, L50, M|
|poke|p2|Eelektross, L50, M|
|teampreview|4
|showteam|p1|Tyranitar||Tyranitarite|SandStream|KnockOff,LowKick,RockSlide,Protect|Jolly||M|||50|]Staraptor||Staraptite|Intimidate|BraveBird,CloseCombat,Tailwind,Protect|Jolly||M|||50|]Gholdengo||LifeOrb|GoodasGold|MakeItRain,NastyPlot,ShadowBall,Protect|Modest|||||50|]Excadrill||FocusSash|SandRush|RockSlide,HighHorsepower,IronHead,Protect|Adamant||M|||50|]Sinistcha||SitrusBerry|Hospitality|MatchaGotcha,RagePowder,ShadowBall,Protect|Bold|||||50|]Milotic||Leftovers|Competitive|Scald,IcyWind,IceBeam,Protect|Calm||F|||50|
|showteam|p2|Maushold-Four||ChopleBerry|FriendGuard|SuperFang,Taunt,FollowMe,Protect|Jolly|||||50|]Sinistcha-Masterpiece||SitrusBerry|Hospitality|MatchaGotcha,Imprison,TrickRoom,RagePowder|Bold|||||50|]Incineroar||PasshoBerry|Intimidate|FakeOut,FlareBlitz,DarkestLariat,PartingShot|Careful||F|||50|]Delphox||Delphoxite|Blaze|NastyPlot,HeatWave,Psyshock,Protect|Timid||F|||50|]Mamoswine||FocusSash|Oblivious|IceShard,IcicleCrash,Earthquake,Protect|Adamant||M|||50|]Eelektross||Eelektrossite|Levitate|Thunderbolt,Flamethrower,GrassKnot,Protect|Modest||M|||50|
|inactive|Battle timer is ON: inactive players will automatically lose when time's up. (requested by homerj71)
|inactive|homerj71 has 60 seconds left.
|inactive|AJojoFamilyMember has 60 seconds left.
|
|t:|1785422217
|teamsize|p1|4
|teamsize|p2|4
|start
|switch|p1a: Tyranitar|Tyranitar, L50, M|100/100
|switch|p1b: Staraptor|Staraptor, L50, M|100/100
|switch|p2a: Mamoswine|Mamoswine, L50, M|100/100
|switch|p2b: Eelektross|Eelektross, L50, M|100/100
|-ability|p1b: Staraptor|Intimidate|boost
|-fail|p2a: Mamoswine|unboost|Attack|[from] ability: Oblivious|[of] p2a: Mamoswine
|-unboost|p2b: Eelektross|atk|1
|-weather|Sandstorm|[from] ability: Sand Stream|[of] p1a: Tyranitar
|turn|1
|inactive|AJojoFamilyMember has 30 seconds left.
|inactive|AJojoFamilyMember has 20 seconds left.
|inactive|AJojoFamilyMember has 15 seconds left.
|inactive|AJojoFamilyMember has 10 seconds left.
|inactive|AJojoFamilyMember has 5 seconds left.
|
|t:|1785422268
|switch|p1b: Excadrill|Excadrill, L50, M|100/100
|switch|p2a: Incineroar|Incineroar, L50, F|100/100
|-ability|p2a: Incineroar|Intimidate|boost
|-unboost|p1a: Tyranitar|atk|1
|-unboost|p1b: Excadrill|atk|1
|detailschange|p2b: Eelektross|Eelektross-Mega, L50, M
|-mega|p2b: Eelektross|Eelektross|Eelektrossite
|move|p2b: Eelektross|Thunderbolt|p1b: Excadrill
|-immune|p1b: Excadrill
|move|p1a: Tyranitar|Low Kick|p2a: Incineroar
|-supereffective|p2a: Incineroar|1
|-damage|p2a: Incineroar|67/100
|
|-weather|Sandstorm|[upkeep]
|-damage|p2b: Eelektross|94/100|[from] Sandstorm
|-damage|p2a: Incineroar|61/100|[from] Sandstorm
|upkeep
|turn|2
|inactive|homerj71 has 30 seconds left.
|inactive|AJojoFamilyMember has 30 seconds left.
|inactive|homerj71 has 20 seconds left.
|inactive|AJojoFamilyMember has 20 seconds left.
|inactive|homerj71 has 15 seconds left.
|
|t:|1785422310
|switch|p1a: Gholdengo|Gholdengo, L50|100/100
|move|p2a: Incineroar|Fake Out|p1b: Excadrill
|-resisted|p1b: Excadrill|1
|-damage|p1b: Excadrill|91/100
|cant|p1b: Excadrill|flinch
|move|p2b: Eelektross|Grass Knot|p1a: Gholdengo
|-resisted|p1a: Gholdengo|1
|-damage|p1a: Gholdengo|86/100
|
|-weather|Sandstorm|[upkeep]
|-damage|p2b: Eelektross|88/100|[from] Sandstorm
|-damage|p2a: Incineroar|55/100|[from] Sandstorm
|upkeep
|turn|3
|inactive|AJojoFamilyMember has 30 seconds left.
|
|t:|1785422342
|move|p2b: Eelektross|Protect|p2b: Eelektross
|-singleturn|p2b: Eelektross|Protect
|move|p1b: Excadrill|High Horsepower|p2a: Incineroar
|-supereffective|p2a: Incineroar|1
|-crit|p2a: Incineroar
|-damage|p2a: Incineroar|0 fnt
|faint|p2a: Incineroar
|move|p1a: Gholdengo|Shadow Ball|p2b: Eelektross
|-activate|p2b: Eelektross|move: Protect
|
|-weather|Sandstorm|[upkeep]
|-damage|p2b: Eelektross|82/100|[from] Sandstorm
|upkeep
|inactive|AJojoFamilyMember has 30 seconds left.
|inactive|AJojoFamilyMember has 20 seconds left.
|inactive|AJojoFamilyMember has 15 seconds left.
|inactive|AJojoFamilyMember has 10 seconds left.
|
|t:|1785422389
|switch|p2a: Mamoswine|Mamoswine, L50, M|100/100
|turn|4
|inactive|homerj71 has 30 seconds left.
|
|t:|1785422414
|move|p2a: Mamoswine|Protect|p2a: Mamoswine
|-singleturn|p2a: Mamoswine|Protect
|move|p1b: Excadrill|Iron Head|p2a: Mamoswine
|-activate|p2a: Mamoswine|move: Protect
|move|p1a: Gholdengo|Make It Rain|p2b: Eelektross|[spread] p2b
|-activate|p2a: Mamoswine|move: Protect
|-resisted|p2b: Eelektross|1
|-crit|p2b: Eelektross
|-damage|p2b: Eelektross|29/100
|-unboost|p1a: Gholdengo|spa|2
|-damage|p1a: Gholdengo|77/100|[from] item: Life Orb
|move|p2b: Eelektross|Flamethrower|p1a: Gholdengo
|-supereffective|p1a: Gholdengo|1
|-damage|p1a: Gholdengo|4/100
|
|-weather|Sandstorm|[upkeep]
|-damage|p2b: Eelektross|23/100|[from] Sandstorm
|upkeep
|turn|5
|inactive|AJojoFamilyMember has 30 seconds left.
|inactive|AJojoFamilyMember has 20 seconds left.
|inactive|AJojoFamilyMember has 15 seconds left.
|
|t:|1785422455
|switch|p2a: Sinistcha|Sinistcha-Masterpiece, L50|100/100
|-heal|p2b: Eelektross|47/100|[from] ability: Hospitality|[of] p2a: Sinistcha
|move|p1b: Excadrill|Iron Head|p2a: Sinistcha
|-damage|p2a: Sinistcha|72/100
|move|p1a: Gholdengo|Make It Rain|p2a: Sinistcha|[spread] p2a,p2b
|-resisted|p2b: Eelektross|1
|-damage|p2a: Sinistcha|43/100
|-damage|p2b: Eelektross|29/100
|-unboost|p1a: Gholdengo|spa|2
|-enditem|p2a: Sinistcha|Sitrus Berry|[eat]
|-heal|p2a: Sinistcha|68/100|[from] item: Sitrus Berry
|-damage|p1a: Gholdengo|0 fnt|[from] item: Life Orb
|faint|p1a: Gholdengo
|move|p2b: Eelektross|Grass Knot|p1b: Excadrill
|-damage|p1b: Excadrill|62/100
|
|-weather|none
|upkeep
|
|t:|1785422464
|switch|p1a: Tyranitar|Tyranitar, L50, M|100/100
|-weather|Sandstorm|[from] ability: Sand Stream|[of] p1a: Tyranitar
|turn|6
|inactive|AJojoFamilyMember has 30 seconds left.
|
|t:|1785422494
|move|p2b: Eelektross|Protect|p2b: Eelektross
|-singleturn|p2b: Eelektross|Protect
|move|p1b: Excadrill|Iron Head|p2b: Eelektross
|-activate|p2b: Eelektross|move: Protect
|move|p1a: Tyranitar|Knock Off|p2a: Sinistcha
|-supereffective|p2a: Sinistcha|1
|-damage|p2a: Sinistcha|11/100
|move|p2a: Sinistcha|Matcha Gotcha|p1a: Tyranitar|[spread] p1a,p1b
|-supereffective|p1a: Tyranitar|1
|-damage|p1a: Tyranitar|70/100
|-heal|p2a: Sinistcha|26/100|[from] drain|[of] p1a: Tyranitar
|-damage|p1b: Excadrill|26/100
|-heal|p2a: Sinistcha|44/100|[from] drain|[of] p1b: Excadrill
|
|-weather|Sandstorm|[upkeep]
|-damage|p2b: Eelektross|23/100|[from] Sandstorm
|-damage|p2a: Sinistcha|38/100|[from] Sandstorm
|upkeep
|turn|7
|inactive|homerj71 has 30 seconds left.
|inactive|AJojoFamilyMember has 30 seconds left.
|
|t:|1785422525
|switch|p1b: Staraptor|Staraptor, L50, M|100/100
|-ability|p1b: Staraptor|Intimidate|boost
|-unboost|p2a: Sinistcha|atk|1
|-unboost|p2b: Eelektross|atk|1
|move|p2a: Sinistcha|Rage Powder|p2a: Sinistcha
|-singleturn|p2a: Sinistcha|move: Rage Powder
|move|p2b: Eelektross|Flamethrower|p1b: Staraptor
|-damage|p1b: Staraptor|54/100
|move|p1a: Tyranitar|Knock Off|p2a: Sinistcha
|-supereffective|p2a: Sinistcha|1
|-damage|p2a: Sinistcha|0 fnt
|faint|p2a: Sinistcha
|
|-weather|Sandstorm|[upkeep]
|-damage|p1b: Staraptor|49/100|[from] Sandstorm
|-damage|p2b: Eelektross|17/100|[from] Sandstorm
|upkeep
|
|t:|1785422538
|switch|p2a: Mamoswine|Mamoswine, L50, M|100/100
|turn|8
|
|t:|1785422548
|detailschange|p1b: Staraptor|Staraptor-Mega, L50, M
|-mega|p1b: Staraptor|Staraptor|Staraptite
|move|p2a: Mamoswine|Ice Shard|p1b: Staraptor
|-supereffective|p1b: Staraptor|1
|-damage|p1b: Staraptor|7/100
|move|p1b: Staraptor|Close Combat|p2a: Mamoswine
|-supereffective|p2a: Mamoswine|1
|-enditem|p2a: Mamoswine|Focus Sash
|-damage|p2a: Mamoswine|1/100
|-boost|p1b: Staraptor|def|1
|-boost|p1b: Staraptor|spd|1
|move|p2b: Eelektross|Grass Knot|p1a: Tyranitar
|-supereffective|p1a: Tyranitar|1
|-damage|p1a: Tyranitar|8/100
|move|p1a: Tyranitar|Low Kick|p2a: Mamoswine
|-supereffective|p2a: Mamoswine|1
|-damage|p2a: Mamoswine|0 fnt
|faint|p2a: Mamoswine
|
|-weather|Sandstorm|[upkeep]
|-damage|p1b: Staraptor|1/100|[from] Sandstorm
|-damage|p2b: Eelektross|11/100|[from] Sandstorm
|upkeep
|turn|9
|
|t:|1785422565
|move|p1b: Staraptor|Close Combat|p2b: Eelektross
|-damage|p2b: Eelektross|0 fnt
|-boost|p1b: Staraptor|def|1
|-boost|p1b: Staraptor|spd|1
|faint|p2b: Eelektross
|
|win|homerj71
