|j|☆ciaranburks
|j|☆Luca Chiro
|html|ciaranburksLuca Chiro    
|uhtml|bestof|Game 1 of a best-of-3
|t:|1757746048
|gametype|doubles
|player|p1|ciaranburks|101|1057
|player|p2|Luca Chiro|ghetsis-gen5bw|1017
|gen|9
|tier|[Gen 9] VGC 2025 Reg H (Bo3)
|rated|
|rule|Species Clause: Limit one of each Pokémon
|rule|Item Clause: Limit 1 of each item
|clearpoke
|poke|p1|Charizard, L50, F|
|poke|p1|Arcanine, L50, F|
|poke|p1|Clefairy, L50, F|
|poke|p1|Dragonite, L50, M|
|poke|p1|Venusaur, L50, F|
|poke|p1|Ninetales, L50, F|
|poke|p2|Dragonite, L50, F|
|poke|p2|Ninetales-Alola, L50, F|
|poke|p2|Annihilape, L50, F|
|poke|p2|Rillaboom, L50, M|
|poke|p2|Gholdengo, L50|
|poke|p2|Ursaluna-Bloodmoon, L50, M|
|teampreview|4
|showteam|p1|Charizard||LifeOrb|SolarPower|FlameCharge,AirSlash,HeatWave,Protect|||F|||50|,,,,,Fire]Arcanine||ChoiceBand|FlashFire|CloseCombat,FlareBlitz,WildCharge,PlayRough|||F|||50|,,,,,Fighting]Clefairy||Eviolite|FriendGuard|FollowMe,Moonblast,SunnyDay,AfterYou|||F|||50|,,,,,Steel]Dragonite||SafetyGoggles|InnerFocus|ExtremeSpeed,IceSpinner,Tailwind,StoneEdge|||M|||50|,,,,,Normal]Venusaur||CovertCloak|Chlorophyll|SleepPowder,EarthPower,SludgeBomb,Protect|||F|||50|,,,,,Ground]Ninetales||FocusSash|Drought|SolarBeam,HeatWave,Protect,NastyPlot|||F|||50|,,,,,Grass
|showteam|p2|Dragonite||LoadedDice|Multiscale|ScaleShot,ExtremeSpeed,Haze,Protect|||F|||50|,,,,,Fairy]Ninetales-Alola||LightClay|SnowWarning|IcicleSpear,AuroraVeil,Blizzard,IcyWind|||F|||50|,,,,,Ghost]Annihilape||SafetyGoggles|Defiant|RageFist,DrainPunch,BulkUp,Protect|||F|||50|,,,,,Fire]Rillaboom||MiracleSeed|GrassySurge|WoodHammer,GrassyGlide,FakeOut,Protect|||M|||50|,,,,,Grass]Gholdengo||LifeOrb|GoodasGold|MakeItRain,ShadowBall,NastyPlot,Protect||||||50|,,,,,Water]Ursaluna-Bloodmoon||AssaultVest|MindsEye|BloodMoon,HyperVoice,EarthPower,VacuumWave|||M|||50|,,,,,Ghost
|
|t:|1757746114
|teamsize|p1|4
|teamsize|p2|4
|start
|switch|p1a: Dragonite|Dragonite, L50, M|100/100
|switch|p1b: Clefairy|Clefairy, L50, F|100/100
|switch|p2a: Ninetales|Ninetales-Alola, L50, F|100/100
|switch|p2b: Dragonite|Dragonite, L50, F|100/100
|-weather|Snowscape|[from] ability: Snow Warning|[of] p2a: Ninetales
|turn|1
|
|t:|1757746168
|-terastallize|p1a: Dragonite|Normal
|move|p2b: Dragonite|Protect|p2b: Dragonite
|-singleturn|p2b: Dragonite|Protect
|move|p2a: Ninetales|Aurora Veil|p2a: Ninetales
|-sidestart|p2: Luca Chiro|move: Aurora Veil
|move|p1a: Dragonite|Ice Spinner|p2b: Dragonite
|-activate|p2b: Dragonite|move: Protect
|move|p1b: Clefairy|Sunny Day|p1b: Clefairy
|-weather|SunnyDay
|
|-weather|SunnyDay|[upkeep]
|upkeep
|turn|2
|
|t:|1757746212
|switch|p2a: Gholdengo|Gholdengo, L50|100/100
|switch|p2b: Annihilape|Annihilape, L50, F|100/100
|move|p1a: Dragonite|Ice Spinner|p2b: Annihilape
|-damage|p2b: Annihilape|80/100
|move|p1b: Clefairy|Moonblast|p2b: Annihilape
|-supereffective|p2b: Annihilape
|-damage|p2b: Annihilape|54/100
|
|-weather|SunnyDay|[upkeep]
|upkeep
|turn|3
|
|t:|1757746248
|switch|p1b: Charizard|Charizard, L50, F|100/100
|move|p2b: Annihilape|Drain Punch|p1a: Dragonite
|-supereffective|p1a: Dragonite
|-damage|p1a: Dragonite|23/100
|-heal|p2b: Annihilape|85/100|[from] drain|[of] p1a: Dragonite
|move|p2a: Gholdengo|Nasty Plot|p2a: Gholdengo
|-boost|p2a: Gholdengo|spa|2
|move|p1a: Dragonite|Tailwind|p1a: Dragonite
|-sidestart|p1: ciaranburks|move: Tailwind
|
|-weather|SunnyDay|[upkeep]
|-damage|p1b: Charizard|88/100|[from] ability: Solar Power|[of] p1b: Charizard
|upkeep
|turn|4
|
|t:|1757746271
|-terastallize|p2a: Gholdengo|Water
|move|p2b: Annihilape|Protect|p2b: Annihilape
|-singleturn|p2b: Annihilape|Protect
|move|p1b: Charizard|Heat Wave|p2a: Gholdengo|[spread] p2a
|-activate|p2b: Annihilape|move: Protect
|-resisted|p2a: Gholdengo
|-damage|p2a: Gholdengo|65/100
|-damage|p1b: Charizard|78/100|[from] item: Life Orb
|move|p1a: Dragonite|Ice Spinner|p2b: Annihilape
|-activate|p2b: Annihilape|move: Protect
|move|p2a: Gholdengo|Shadow Ball|p1b: Charizard
|-damage|p1b: Charizard|0 fnt
|faint|p1b: Charizard
|-damage|p2a: Gholdengo|56/100|[from] item: Life Orb
|
|-weather|SunnyDay|[upkeep]
|upkeep
|
|t:|1757746289
|switch|p1b: Ninetales|Ninetales, L50, F|100/100
|turn|5
|
|t:|1757746301
|move|p1a: Dragonite|Extreme Speed|p2a: Gholdengo
|-damage|p2a: Gholdengo|26/100
|move|p1b: Ninetales|Heat Wave|p2a: Gholdengo|[spread] p2b
|-miss|p1b: Ninetales|p2a: Gholdengo
|-damage|p2b: Annihilape|61/100
|move|p2b: Annihilape|Rage Fist|p1b: Ninetales
|-enditem|p1b: Ninetales|Focus Sash
|-damage|p1b: Ninetales|1/100
|move|p2a: Gholdengo|Make It Rain|p1b: Ninetales|[spread] p1a,p1b
|-resisted|p1b: Ninetales
|-damage|p1a: Dragonite|0 fnt
|-damage|p1b: Ninetales|0 fnt
|-unboost|p2a: Gholdengo|spa|1
|faint|p1a: Dragonite
|faint|p1b: Ninetales
|-damage|p2a: Gholdengo|16/100|[from] item: Life Orb
|
|-weather|none
|upkeep
|-message|ciaranburks forfeited.
|
|win|Luca Chiro
|l|☆ciaranburks
|player|p1|
||Luca Chiro is ready for game 2.
||ciaranburks is ready for game 2.
|uhtml|next|Next: Game 2 of 3
