|j|â˜†Poly love
|j|â˜†eeveeolite bisharp
|html|Poly loveeeveeolite bisharp    
|uhtml|bestof|Game 2 of a best-of-3
|t:|1783869403
|gametype|doubles
|player|p1|Poly love|may-masters2|
|player|p2|eeveeolite bisharp|zinnia|
|gen|9
|tier|[Gen 9 Champions] VGC 2026 Reg M-B (Bo3)
|rule|Species Clause: Limit one of each PokÃ©mon
|rule|Item Clause: Limit 1 of each item
|clearpoke
|poke|p1|Archaludon, L50, F|
|poke|p1|Swampert, L50, M|
|poke|p1|Pelipper, L50, F|
|poke|p1|Raichu, L50, F|
|poke|p1|Basculegion, L50, M|
|poke|p1|Sneasler, L50, F|
|poke|p2|Raichu, L50, F|
|poke|p2|Incineroar, L50, M|
|poke|p2|Pelipper, L50, M|
|poke|p2|Basculegion, L50, M|
|poke|p2|Swampert, L50, F|
|poke|p2|Archaludon, L50, F|
|teampreview|4
|showteam|p1|Archaludon||Leftovers|Stamina|ElectroShot,FlashCannon,DracoMeteor,Protect|Timid||F|||50|]Swampert||Swampertite|Torrent|WaveCrash,HighHorsepower,IcePunch,Protect|Adamant||M|||50|]Pelipper||SitrusBerry|Drizzle|Tailwind,Hurricane,Surf,Protect|Bold||F|||50|]Raichu||RaichuniteY|Static|ZapCannon,GrassKnot,FakeOut,Protect|Hasty||F|||50|]Basculegion||MysticWater|SwiftSwim|LastRespects,AquaJet,WaveCrash,Protect|Adamant||M|||50|]Sneasler||WhiteHerb|Unburden|CloseCombat,DireClaw,FakeOut,Protect|Adamant||F|||50|
|showteam|p2|Raichu||RaichuniteY|LightningRod|FakeOut,VoltSwitch,ZapCannon,FocusBlast|Timid||F|||50|]Incineroar||SitrusBerry|Intimidate|FakeOut,Protect,PartingShot,FlareBlitz|Careful||M|||50|]Pelipper||DampRock|Drizzle|Tailwind,Hurricane,MuddyWater,Protect|Bold||M|||50|]Basculegion||MysticWater|SwiftSwim|LastRespects,WaveCrash,PsychicFangs,Protect|Jolly||M|||50|]Swampert||Swampertite|Torrent|WaveCrash,IcePunch,Earthquake,Protect|Adamant||F|||50|]Archaludon||Leftovers|Stamina|ElectroShot,DragonPulse,FlashCannon,Protect|Modest||F|||50|
|inactive|Battle timer is ON: inactive players will automatically lose when time's up. (requested by eeveeolite bisharp)
|inactive|Poly love has 60 seconds left.
|inactive|eeveeolite bisharp has 60 seconds left.
|
|t:|1783869453
|teamsize|p1|4
|teamsize|p2|4
|start
|switch|p1a: Raichu|Raichu, L50, F|100/100
|switch|p1b: Swampert|Swampert, L50, M|100/100
|switch|p2a: Pelipper|Pelipper, L50, M|100/100
|switch|p2b: Basculegion|Basculegion, L50, M|100/100
|-weather|RainDance|[from] ability: Drizzle|[of] p2a: Pelipper
|turn|1
|inactive|Poly love has 30 seconds left.
|inactive|eeveeolite bisharp has 30 seconds left.
|inactive|Poly love has 20 seconds left.
|
|t:|1783869492
|switch|p2a: Raichu|Raichu, L50, F|100/100
|detailschange|p1b: Swampert|Swampert-Mega, L50, M
|-mega|p1b: Swampert|Swampert|Swampertite
|move|p1a: Raichu|Fake Out|p2a: Raichu
|-damage|p2a: Raichu|82/100
|move|p2b: Basculegion|Wave Crash|p1a: Raichu
|-damage|p1a: Raichu|0 fnt
|-status|p2b: Basculegion|par|[from] ability: Static|[of] p1a: Raichu
|faint|p1a: Raichu
|-damage|p2b: Basculegion|76/100 par|[from] Recoil
|move|p1b: Swampert|Wave Crash|p2a: Raichu
|-damage|p2a: Raichu|0 fnt
|faint|p2a: Raichu
|-damage|p1b: Swampert|79/100|[from] Recoil
|
|-weather|RainDance|[upkeep]
|upkeep
|
|t:|1783869507
|switch|p1a: Basculegion|Basculegion, L50, M|100/100
|switch|p2a: Pelipper|Pelipper, L50, M|100/100
|turn|2
|inactive|Poly love has 30 seconds left.
|
|t:|1783869535
|move|p2b: Basculegion|Protect|p2b: Basculegion
|-singleturn|p2b: Basculegion|Protect
|move|p1a: Basculegion|Last Respects|p2a: Pelipper
|-damage|p2a: Pelipper|58/100
|move|p1b: Swampert|High Horsepower|p2b: Basculegion
|-activate|p2b: Basculegion|move: Protect
|move|p2a: Pelipper|Tailwind|p2a: Pelipper
|-sidestart|p2: eeveeolite bisharp|move: Tailwind
|
|-weather|RainDance|[upkeep]
|upkeep
|turn|3
|
|t:|1783869553
|move|p1a: Basculegion|Protect|p1a: Basculegion
|-singleturn|p1a: Basculegion|Protect
|cant|p2b: Basculegion|par
|move|p1b: Swampert|Wave Crash|p2b: Basculegion
|-resisted|p2b: Basculegion|1
|-damage|p2b: Basculegion|9/100 par
|-damage|p1b: Swampert|54/100|[from] Recoil
|move|p2a: Pelipper|Hurricane|p1a: Basculegion
|-activate|p1a: Basculegion|move: Protect
|
|-weather|RainDance|[upkeep]
|upkeep
|turn|4
|
|t:|1783869572
|move|p1a: Basculegion|Aqua Jet|p2b: Basculegion
|-resisted|p2b: Basculegion|1
|-crit|p2b: Basculegion
|-damage|p2b: Basculegion|0 fnt
|faint|p2b: Basculegion
|move|p1b: Swampert|Wave Crash|p2a: Pelipper
|-resisted|p2a: Pelipper|1
|-damage|p2a: Pelipper|16/100
|-damage|p1b: Swampert|41/100|[from] Recoil
|move|p2a: Pelipper|Hurricane|p1b: Swampert
|-damage|p1b: Swampert|8/100
|
|-weather|RainDance|[upkeep]
|upkeep
|
|t:|1783869578
|switch|p2b: Archaludon|Archaludon, L50, F|100/100
|turn|5
|
|t:|1783869590
|move|p1a: Basculegion|Protect|p1a: Basculegion
|-singleturn|p1a: Basculegion|Protect
|move|p1b: Swampert|Protect|p1b: Swampert
|-singleturn|p1b: Swampert|Protect
|move|p2b: Archaludon|Electro Shot||[still]
|-prepare|p2b: Archaludon|Electro Shot
|-boost|p2b: Archaludon|spa|1
|-anim|p2b: Archaludon|Electro Shot|p1a: Basculegion
|-activate|p1a: Basculegion|move: Protect
|move|p2a: Pelipper|Muddy Water|p1a: Basculegion|[spread] 
|-activate|p1a: Basculegion|move: Protect
|-activate|p1b: Swampert|move: Protect
|
|-weather|RainDance|[upkeep]
|-sideend|p2: eeveeolite bisharp|move: Tailwind
|upkeep
|turn|6
|inactive|Poly love has 30 seconds left.
|
|t:|1783869617
|move|p2a: Pelipper|Protect|p2a: Pelipper
|-singleturn|p2a: Pelipper|Protect
|move|p1a: Basculegion|Last Respects|p2a: Pelipper
|-activate|p2a: Pelipper|move: Protect
|move|p1b: Swampert|High Horsepower|p2b: Archaludon
|-supereffective|p2b: Archaludon|1
|-damage|p2b: Archaludon|10/100
|-ability|p2b: Archaludon|Stamina|boost
|-boost|p2b: Archaludon|def|1
|move|p2b: Archaludon|Dragon Pulse|p1b: Swampert
|-damage|p1b: Swampert|0 fnt
|faint|p1b: Swampert
|
|-weather|RainDance|[upkeep]
|-heal|p2b: Archaludon|16/100|[from] item: Leftovers
|upkeep
|
|t:|1783869619
|switch|p1b: Archaludon|Archaludon, L50, F|100/100
|turn|7
|c|â˜†eeveeolite bisharp|gg
|c|â˜†Poly love|gg
|
|t:|1783869640
|move|p1a: Basculegion|Last Respects|p2a: Pelipper
|-damage|p2a: Pelipper|0 fnt
|faint|p2a: Pelipper
|move|p1b: Archaludon|Draco Meteor|p2b: Archaludon|[miss]
|-miss|p1b: Archaludon|p2b: Archaludon
|move|p2b: Archaludon|Electro Shot||[still]
|-prepare|p2b: Archaludon|Electro Shot
|-boost|p2b: Archaludon|spa|1
|-anim|p2b: Archaludon|Electro Shot|p1a: Basculegion
|-supereffective|p1a: Basculegion|1
|-damage|p1a: Basculegion|0 fnt
|faint|p1a: Basculegion
|
|-weather|RainDance|[upkeep]
|-heal|p2b: Archaludon|22/100|[from] item: Leftovers
|upkeep
|turn|8
|c|â˜†Poly love|oh
|c|â˜†eeveeolite bisharp|what
|inactive|eeveeolite bisharp has 30 seconds left.
|c|â˜†eeveeolite bisharp|pense q mataba xd
|c|â˜†Poly love|es que missie
|
|t:|1783869673
|move|p1b: Archaludon|Draco Meteor|p2b: Archaludon|[miss]
|-miss|p1b: Archaludon|p2b: Archaludon
|move|p2b: Archaludon|Dragon Pulse|p1b: Archaludon
|-damage|p1b: Archaludon|0 fnt
|faint|p1b: Archaludon
|
|win|eeveeolite bisharp
|c|â˜†Poly love|xd
|c|â˜†eeveeolite bisharp|A
|c|â˜†Poly love|ahya
|c|â˜†Poly love|xd
|c|â˜†eeveeolite bisharp|mala mia xd
|inactive|Poly love has 30 seconds to confirm battle start!
|inactive|eeveeolite bisharp has 30 seconds to confirm battle start!
||Poly love is ready for game 3.
||eeveeolite bisharp is ready for game 3.
|uhtml|next|Next: Game 3 of 3
|l|â˜†Poly love
|player|p1|
