|j|☆dentrolin
|j|☆terrorofthenight
|html|dentrolinterrorofthenight    
|uhtml|bestof|Game 1 of a best-of-3
|t:|1783109544
|gametype|doubles
|player|p1|dentrolin|cynthia|1088
|player|p2|terrorofthenight|1|1026
|gen|9
|tier|[Gen 9 Champions] VGC 2026 Reg M-B (Bo3)
|rated|
|rule|Species Clause: Limit one of each Pokémon
|rule|Item Clause: Limit 1 of each item
|clearpoke
|poke|p1|Charizard, L50, M|
|poke|p1|Garchomp, L50, M|
|poke|p1|Whimsicott, L50, M|
|poke|p1|Floette-Eternal, L50, F|
|poke|p1|Basculegion, L50, M|
|poke|p1|Incineroar, L50, F|
|poke|p2|Blaziken, L50, F|
|poke|p2|Torkoal, L50, F|
|poke|p2|Clefable, L50, F|
|poke|p2|Incineroar, L50, F|
|poke|p2|Hydreigon, L50, M|
|poke|p2|Mawile, L50, F|
|teampreview|4
|showteam|p1|Charizard||CharizarditeY|SolarPower|HeatWave,WeatherBall,SolarBeam,Protect|Timid||M|||50|]Garchomp||LifeOrb|RoughSkin|Earthquake,DragonClaw,RockSlide,Protect|Jolly||M|||50|]Whimsicott||FocusSash|Prankster|Moonblast,Tailwind,Encore,Protect|Timid||M|||50|]Floette-Eternal||Floettite|FlowerVeil|Moonblast,DazzlingGleam,LightofRuin,Protect|Timid||F|||50|]Basculegion||MysticWater|Adaptability|WaveCrash,LastRespects,AquaJet,Protect|Adamant||M|||50|]Incineroar||SitrusBerry|Intimidate|FlareBlitz,ThroatChop,FakeOut,PartingShot|Careful||F|||50|
|showteam|p2|Blaziken||Blazikenite|SpeedBoost|Protect,SwordsDance,Earthquake,FlareBlitz|Adamant||F|||50|]Torkoal||PasshoBerry|Drought|SunnyDay,Eruption,Protect,BodyPress|Bold||F|||50|]Clefable||Leftovers|Unaware|Protect,Moonblast,HealingWish,ThunderWave|Calm||F|||50|]Incineroar||FocusSash|Intimidate|PartingShot,FakeOut,DarkestLariat,Snarl|Brave||F|||50|]Hydreigon||LifeOrb|Levitate|DracoMeteor,DarkPulse,Protect,EarthPower|Timid||M|||50|]Mawile||Mawilite|Intimidate|PlayRough,IronHead,Protect,BrickBreak|Adamant||F|||50|
|
|t:|1783109616
|teamsize|p1|4
|teamsize|p2|4
|start
|switch|p1a: Garchomp|Garchomp, L50, M|100/100
|switch|p1b: Floette|Floette-Eternal, L50, F|100/100
|switch|p2a: Incineroar|Incineroar, L50, F|100/100
|switch|p2b: Blaziken|Blaziken, L50, F|100/100
|-ability|p2a: Incineroar|Intimidate|boost
|-unboost|p1a: Garchomp|atk|1
|-unboost|p1b: Floette|atk|1
|turn|1
|
|t:|1783109676
|switch|p1a: Whimsicott|Whimsicott, L50, M|100/100
|detailschange|p2b: Blaziken|Blaziken-Mega, L50, F
|-mega|p2b: Blaziken|Blaziken|Blazikenite
|move|p1b: Floette|Protect|p1b: Floette
|-singleturn|p1b: Floette|Protect
|move|p2a: Incineroar|Fake Out|p1a: Whimsicott
|-damage|p1a: Whimsicott|82/100
|move|p2b: Blaziken|Flare Blitz|p1b: Floette
|-activate|p1b: Floette|move: Protect
|
|-ability|p2b: Blaziken|Speed Boost|boost
|-boost|p2b: Blaziken|spe|1
|upkeep
|turn|2
|
|t:|1783109705
|detailschange|p1b: Floette|Floette-Mega, L50, F
|-mega|p1b: Floette|Floette|Floettite
|-ability|p1b: Floette|Fairy Aura
|move|p2b: Blaziken|Protect|p2b: Blaziken
|-singleturn|p2b: Blaziken|Protect
|move|p1a: Whimsicott|Tailwind|p1a: Whimsicott
|-sidestart|p1: dentrolin|move: Tailwind
|move|p1b: Floette|Moonblast|p2b: Blaziken
|-activate|p2b: Blaziken|move: Protect
|move|p2a: Incineroar|Snarl|p1b: Floette|[spread] p1a,p1b
|-resisted|p1a: Whimsicott|1
|-resisted|p1b: Floette|1
|-damage|p1a: Whimsicott|72/100
|-damage|p1b: Floette|94/100
|-unboost|p1a: Whimsicott|spa|1
|-unboost|p1b: Floette|spa|1
|
|-ability|p2b: Blaziken|Speed Boost|boost
|-boost|p2b: Blaziken|spe|1
|upkeep
|turn|3
|
|t:|1783109728
|move|p1a: Whimsicott|Encore|p2b: Blaziken
|-start|p2b: Blaziken|Encore
|move|p2b: Blaziken|Protect|p2b: Blaziken
|-singleturn|p2b: Blaziken|Protect
|move|p1b: Floette|Dazzling Gleam|p2b: Blaziken|[spread] p2a
|-activate|p2b: Blaziken|move: Protect
|-damage|p2a: Incineroar|71/100
|move|p2a: Incineroar|Snarl|p1a: Whimsicott|[spread] p1a,p1b
|-resisted|p1a: Whimsicott|1
|-resisted|p1b: Floette|1
|-damage|p1a: Whimsicott|63/100
|-damage|p1b: Floette|89/100
|-unboost|p1a: Whimsicott|spa|1
|-unboost|p1b: Floette|spa|1
|
|-ability|p2b: Blaziken|Speed Boost|boost
|-boost|p2b: Blaziken|spe|1
|upkeep
|turn|4
|
|t:|1783109750
|switch|p2b: Torkoal|Torkoal, L50, F|100/100
|-weather|SunnyDay|[from] ability: Drought|[of] p2b: Torkoal
|switch|p1b: Garchomp|Garchomp, L50, M|100/100
|move|p1a: Whimsicott|Moonblast|p2b: Torkoal
|-resisted|p2b: Torkoal|1
|-damage|p2b: Torkoal|88/100
|move|p2a: Incineroar|Parting Shot|p1b: Garchomp
|-unboost|p1b: Garchomp|atk|1
|-unboost|p1b: Garchomp|spa|1
|
|t:|1783109762
|switch|p2a: Blaziken|Blaziken-Mega, L50, F|100/100|[from] Parting Shot
|
|-weather|SunnyDay|[upkeep]
|upkeep
|turn|5
|
|t:|1783109789
|switch|p1a: Incineroar|Incineroar, L50, F|100/100
|-ability|p1a: Incineroar|Intimidate|boost
|-unboost|p2a: Blaziken|atk|1
|-unboost|p2b: Torkoal|atk|1
|switch|p2a: Incineroar|Incineroar, L50, F|71/100
|-ability|p2a: Incineroar|Intimidate|boost
|-unboost|p1a: Incineroar|atk|1
|-unboost|p1b: Garchomp|atk|1
|move|p1b: Garchomp|Earthquake|p2a: Incineroar|[spread] p1a,p2a,p2b
|-supereffective|p1a: Incineroar|1
|-supereffective|p2a: Incineroar|1
|-supereffective|p2b: Torkoal|1
|-damage|p1a: Incineroar|59/100
|-damage|p2a: Incineroar|28/100
|-damage|p2b: Torkoal|58/100
|-damage|p1b: Garchomp|90/100|[from] item: Life Orb
|move|p2b: Torkoal|Eruption|p1a: Incineroar|[spread] p1a,p1b
|-resisted|p1a: Incineroar|1
|-resisted|p1b: Garchomp|1
|-damage|p1a: Incineroar|48/100
|-damage|p1b: Garchomp|73/100
|-enditem|p1a: Incineroar|Sitrus Berry|[eat]
|-heal|p1a: Incineroar|73/100|[from] item: Sitrus Berry
|
|-weather|SunnyDay|[upkeep]
|-sideend|p1: dentrolin|move: Tailwind
|upkeep
|turn|6
|
|t:|1783109821
|move|p1a: Incineroar|Fake Out|p2b: Torkoal
|-damage|p2b: Torkoal|53/100
|move|p2a: Incineroar|Fake Out|p1b: Garchomp
|-damage|p1b: Garchomp|60/100
|-damage|p2a: Incineroar|16/100|[from] ability: Rough Skin|[of] p1b: Garchomp
|cant|p1b: Garchomp|flinch
|cant|p2b: Torkoal|flinch
|
|-weather|SunnyDay|[upkeep]
|upkeep
|turn|7
|
|t:|1783109838
|move|p2b: Torkoal|Protect|p2b: Torkoal
|-singleturn|p2b: Torkoal|Protect
|move|p1b: Garchomp|Earthquake|p2a: Incineroar|[spread] p1a,p2a
|-activate|p2b: Torkoal|move: Protect
|-supereffective|p1a: Incineroar|1
|-crit|p1a: Incineroar
|-supereffective|p2a: Incineroar|1
|-damage|p1a: Incineroar|0 fnt
|-damage|p2a: Incineroar|0 fnt
|faint|p1a: Incineroar
|faint|p2a: Incineroar
|-damage|p1b: Garchomp|51/100|[from] item: Life Orb
|
|-weather|SunnyDay|[upkeep]
|upkeep
|c|☆dentrolin|ovvio
|
|t:|1783109860
|switch|p1a: Floette|Floette-Mega, L50, F|89/100
|switch|p2a: Blaziken|Blaziken-Mega, L50, F|100/100
|-ability|p1a: Floette|Fairy Aura
|turn|8
|
|t:|1783109885
|switch|p1a: Whimsicott|Whimsicott, L50, M|63/100
|move|p1b: Garchomp|Earthquake|p2a: Blaziken|[spread] p1a,p2a,p2b
|-resisted|p1a: Whimsicott|1
|-supereffective|p2a: Blaziken|1
|-supereffective|p2b: Torkoal|1
|-damage|p1a: Whimsicott|44/100
|-damage|p2a: Blaziken|33/100
|-damage|p2b: Torkoal|19/100
|-damage|p1b: Garchomp|41/100|[from] item: Life Orb
|move|p2a: Blaziken|Flare Blitz|p1a: Whimsicott
|-supereffective|p1a: Whimsicott|1
|-damage|p1a: Whimsicott|0 fnt
|faint|p1a: Whimsicott
|-damage|p2a: Blaziken|21/100|[from] Recoil
|move|p2b: Torkoal|Body Press|p1b: Garchomp
|-damage|p1b: Garchomp|10/100
|-damage|p2b: Torkoal|6/100|[from] ability: Rough Skin|[of] p1b: Garchomp
|
|-weather|none
|-ability|p2a: Blaziken|Speed Boost|boost
|-boost|p2a: Blaziken|spe|1
|upkeep
|
|t:|1783109888
|switch|p1a: Floette|Floette-Mega, L50, F|89/100
|-ability|p1a: Floette|Fairy Aura
|turn|9
|
|t:|1783109912
|move|p1b: Garchomp|Protect|p1b: Garchomp
|-singleturn|p1b: Garchomp|Protect
|move|p2a: Blaziken|Flare Blitz|p1a: Floette
|-damage|p1a: Floette|0 fnt
|faint|p1a: Floette
|-damage|p2a: Blaziken|0 fnt|[from] Recoil
|faint|p2a: Blaziken
|move|p2b: Torkoal|Body Press|p1b: Garchomp
|-activate|p1b: Garchomp|move: Protect
|
|upkeep
|
|t:|1783109921
|switch|p2a: Hydreigon|Hydreigon, L50, M|100/100
|turn|10
|
|t:|1783109929
|move|p1b: Garchomp|Dragon Claw|p2a: Hydreigon
|-supereffective|p2a: Hydreigon|1
|-damage|p2a: Hydreigon|40/100
|-damage|p1b: Garchomp|1/100|[from] item: Life Orb
|move|p2a: Hydreigon|Dark Pulse|p1b: Garchomp
|-damage|p1b: Garchomp|0 fnt
|faint|p1b: Garchomp
|-damage|p2a: Hydreigon|30/100|[from] item: Life Orb
|
|win|terrorofthenight
