|j|☆C.blaze
|j|☆WestyLiam's House
|html|C.blazeWestyLiam's House    
|uhtml|bestof|Game 1 of a best-of-3
|t:|1783608243
|gametype|doubles
|player|p1|C.blaze|169|1182
|player|p2|WestyLiam's House|iris-gen5bw2|1256
|gen|9
|tier|[Gen 9 Champions] VGC 2026 Reg M-B (Bo3)
|rated|
|rule|Species Clause: Limit one of each Pokémon
|rule|Item Clause: Limit 1 of each item
|clearpoke
|poke|p1|Mawile, L50, F|
|poke|p1|Hydreigon, L50, F|
|poke|p1|Oranguru, L50, F|
|poke|p1|Rotom-Wash, L50|
|poke|p1|Sylveon, L50, F|
|poke|p1|Talonflame, L50, M|
|poke|p2|Charizard, L50, F|
|poke|p2|Venusaur, L50, F|
|poke|p2|Farigiraf, L50, F|
|poke|p2|Mawile, L50, M|
|poke|p2|Incineroar, L50, F|
|poke|p2|Garchomp, L50, M|
|teampreview|4
|showteam|p1|Mawile||Mawilite|Intimidate|PlayRough,IronHead,Protect,RockSlide|Brave||F|||50|]Hydreigon||HabanBerry|Levitate|DracoMeteor,DarkPulse,Protect,Snarl|Timid||F|||50|]Oranguru||MentalHerb|InnerFocus|Psychic,Encore,Instruct,TrickRoom|Sassy||F|||50|]Rotom-Wash||SitrusBerry|Levitate|Thunderbolt,HydroPump,Protect,WillOWisp|Timid|||||50|]Sylveon||FairyFeather|Pixilate|HyperVoice,HyperBeam,Protect,MysticalFire|Modest||F|||50|]Talonflame||SharpBeak|GaleWings|DualWingbeat,FlareBlitz,Protect,Tailwind|Jolly||M|||50|
|showteam|p2|Charizard||CharizarditeY|Blaze|HeatWave,WeatherBall,HelpingHand,Protect|Modest||F|||50|]Venusaur||LifeOrb|Chlorophyll|LeafStorm,SludgeBomb,EarthPower,Protect|Modest||F|||50|]Farigiraf||SitrusBerry|ArmorTail|TrickRoom,Thunderbolt,Psychic,HelpingHand|Sassy||F|||50|]Mawile||Mawilite|HyperCutter|PlayRough,RockSlide,SuckerPunch,Protect|Adamant||M|||50|]Incineroar||Leftovers|Intimidate|FakeOut,FlareBlitz,ThroatChop,PartingShot|Impish||F|||50|]Garchomp||ChoiceScarf|RoughSkin|Earthquake,DragonClaw,RockSlide,StompingTantrum|Adamant||M|||50|
|inactive|Battle timer is ON: inactive players will automatically lose when time's up. (requested by WestyLiam's House)
|inactive|WestyLiam's House has 60 seconds left.
|
|t:|1783608288
|teamsize|p1|4
|teamsize|p2|4
|start
|switch|p1a: Hydreigon|Hydreigon, L50, F|100/100
|switch|p1b: Rotom|Rotom-Wash, L50|100/100
|switch|p2a: Charizard|Charizard, L50, F|100/100
|switch|p2b: Venusaur|Venusaur, L50, F|100/100
|turn|1
|inactive|WestyLiam's House has 30 seconds left.
|inactive|WestyLiam's House has 20 seconds left.
|
|t:|1783608326
|detailschange|p2a: Charizard|Charizard-Mega-Y, L50, F
|-mega|p2a: Charizard|Charizard|Charizardite Y
|-weather|SunnyDay|[from] ability: Drought|[of] p2a: Charizard
|move|p1b: Rotom|Protect|p1b: Rotom
|-singleturn|p1b: Rotom|Protect
|move|p2b: Venusaur|Leaf Storm|p1b: Rotom
|-activate|p1b: Rotom|move: Protect
|move|p1a: Hydreigon|Snarl|p2a: Charizard|[spread] p2a,p2b
|-damage|p2a: Charizard|81/100
|-damage|p2b: Venusaur|77/100
|-unboost|p2a: Charizard|spa|1
|-unboost|p2b: Venusaur|spa|1
|move|p2a: Charizard|Weather Ball|p1a: Hydreigon
|-resisted|p1a: Hydreigon|1
|-damage|p1a: Hydreigon|64/100
|
|-weather|SunnyDay|[upkeep]
|upkeep
|turn|2
|
|t:|1783608344
|move|p2b: Venusaur|Leaf Storm|p1b: Rotom
|-supereffective|p1b: Rotom|1
|-damage|p1b: Rotom|0 fnt
|-unboost|p2b: Venusaur|spa|2
|faint|p1b: Rotom
|-damage|p2b: Venusaur|67/100|[from] item: Life Orb
|move|p1a: Hydreigon|Snarl|p2b: Venusaur|[spread] p2a,p2b
|-damage|p2a: Charizard|62/100
|-damage|p2b: Venusaur|42/100
|-unboost|p2a: Charizard|spa|1
|-unboost|p2b: Venusaur|spa|1
|move|p2a: Charizard|Weather Ball|p1a: Hydreigon
|-resisted|p1a: Hydreigon|1
|-damage|p1a: Hydreigon|37/100
|
|-weather|SunnyDay|[upkeep]
|upkeep
|
|t:|1783608350
|switch|p1b: Sylveon|Sylveon, L50, F|100/100
|turn|3
|
|t:|1783608372
|switch|p2a: Incineroar|Incineroar, L50, F|100/100
|-ability|p2a: Incineroar|Intimidate|boost
|-unboost|p1a: Hydreigon|atk|1
|-unboost|p1b: Sylveon|atk|1
|move|p2b: Venusaur|Sludge Bomb|p1b: Sylveon
|-supereffective|p1b: Sylveon|1
|-crit|p1b: Sylveon
|-damage|p1b: Sylveon|0 fnt
|faint|p1b: Sylveon
|-damage|p2b: Venusaur|33/100|[from] item: Life Orb
|move|p1a: Hydreigon|Draco Meteor|p2a: Incineroar
|-damage|p2a: Incineroar|39/100
|-unboost|p1a: Hydreigon|spa|2
|
|-weather|SunnyDay|[upkeep]
|-heal|p2a: Incineroar|45/100|[from] item: Leftovers
|upkeep
|
|t:|1783608385
|switch|p1b: Mawile|Mawile, L50, F|100/100
|-ability|p1b: Mawile|Intimidate|boost
|-unboost|p2a: Incineroar|atk|1
|-unboost|p2b: Venusaur|atk|1
|turn|4
|
|t:|1783608396
|detailschange|p1b: Mawile|Mawile-Mega, L50, F
|-mega|p1b: Mawile|Mawile|Mawilite
|move|p2a: Incineroar|Fake Out|p1b: Mawile
|-resisted|p1b: Mawile|1
|-damage|p1b: Mawile|96/100
|move|p2b: Venusaur|Sludge Bomb|p1a: Hydreigon
|-damage|p1a: Hydreigon|14/100
|-damage|p2b: Venusaur|23/100|[from] item: Life Orb
|move|p1a: Hydreigon|Draco Meteor|p2b: Venusaur
|-damage|p2b: Venusaur|0 fnt
|-unboost|p1a: Hydreigon|spa|2
|faint|p2b: Venusaur
|cant|p1b: Mawile|flinch
|
|-weather|SunnyDay|[upkeep]
|-heal|p2a: Incineroar|50/100g|[from] item: Leftovers
|upkeep
|
|t:|1783608408
|switch|p2b: Garchomp|Garchomp, L50, M|100/100
|turn|5
|
|t:|1783608420
|move|p1b: Mawile|Protect|p1b: Mawile
|-singleturn|p1b: Mawile|Protect
|move|p2b: Garchomp|Rock Slide|p1b: Mawile|[spread] p1a
|-activate|p1b: Mawile|move: Protect
|-damage|p1a: Hydreigon|0 fnt
|faint|p1a: Hydreigon
|move|p2a: Incineroar|Flare Blitz|p1b: Mawile
|-activate|p1b: Mawile|move: Protect
|
|-weather|none
|-heal|p2a: Incineroar|56/100|[from] item: Leftovers
|upkeep
|turn|6
|
|t:|1783608430
|move|p2b: Garchomp|Rock Slide|p1b: Mawile
|-resisted|p1b: Mawile|1
|-damage|p1b: Mawile|82/100
|move|p2a: Incineroar|Flare Blitz|p1b: Mawile
|-supereffective|p1b: Mawile|1
|-damage|p1b: Mawile|28/100
|-damage|p2a: Incineroar|43/100|[from] Recoil
|move|p1b: Mawile|Rock Slide|p2b: Garchomp|[spread] p2a,p2b
|-supereffective|p2a: Incineroar|1
|-resisted|p2b: Garchomp|1
|-crit|p2b: Garchomp
|-damage|p2a: Incineroar|0 fnt
|-damage|p2b: Garchomp|72/100
|faint|p2a: Incineroar
|
|upkeep
|
|t:|1783608439
|switch|p2a: Charizard|Charizard-Mega-Y, L50, F|62/100
|-weather|SunnyDay|[from] ability: Drought|[of] p2a: Charizard
|turn|7
|
|t:|1783608443
|move|p2b: Garchomp|Rock Slide|p1b: Mawile
|-resisted|p1b: Mawile|1
|-damage|p1b: Mawile|14/100
|move|p2a: Charizard|Weather Ball|p1b: Mawile
|-supereffective|p1b: Mawile|1
|-damage|p1b: Mawile|0 fnt
|faint|p1b: Mawile
|
|win|WestyLiam's House
||WestyLiam's House is ready for game 2.
|inactive|C.blaze has 30 seconds to confirm battle start!
|l|☆C.blaze
|player|p1|
|inactive|C.blaze has 20 seconds to confirm battle start!
|inactive|C.blaze has 10 seconds to confirm battle start!
