|j|☆Duca_tommy
|j|☆psychic system
|html|Duca_tommypsychic system    
|uhtml|bestof|Game 2 of a best-of-3
|t:|1757699464
|gametype|doubles
|player|p1|Duca_tommy|169|1199
|player|p2|psychic system|dawn|1288
|gen|9
|tier|[Gen 9] VGC 2025 Reg H (Bo3)
|rated|
|rule|Species Clause: Limit one of each Pokémon
|rule|Item Clause: Limit 1 of each item
|clearpoke
|poke|p1|Hydrapple, L50, M|
|poke|p1|Indeedee-F, L50, F|
|poke|p1|Gallade, L50, M|
|poke|p1|Torkoal, L50, M|
|poke|p1|Zoroark-Hisui, L50, M|
|poke|p1|Hatterene, L50, F|
|poke|p2|Incineroar, L50, M|
|poke|p2|Florges, L50, F|
|poke|p2|Amoonguss, L50, M|
|poke|p2|Pelipper, L50, F|
|poke|p2|Garchomp, L50, M|
|poke|p2|Rillaboom, L50, F|
|teampreview|4
|showteam|p1|Hydrapple||AssaultVest|Regenerator|PollenPuff,SolarBeam,EnergyBall,FickleBeam|||M|||50|,,,,,Poison]Indeedee-F||PsychicSeed|PsychicSurge|TrickRoom,FollowMe,HelpingHand,Psychic|||F|||50|,,,,,Grass]Gallade||ClearAmulet|Sharpness|PsychoCut,SacredSword,WideGuard,TrickRoom|||M|||50|,,,,,Grass]Torkoal||Charcoal|Drought|Eruption,HeatWave,WeatherBall,Protect|||M|||50|,,,,,Fire]Zoroark-Hisui||ChoiceSpecs|Illusion|HyperBeam,HyperVoice,BitterMalice,ShadowBall|||M|||50|,,,,,Normal]Hatterene||LifeOrb|MagicBounce|TrickRoom,ExpandingForce,DazzlingGleam,Protect|||F|||50|,,,,,Fire
|showteam|p2|Incineroar||SafetyGoggles|Intimidate|FakeOut,KnockOff,FlareBlitz,PartingShot|||M|||50|,,,,,Ghost]Florges||Leftovers|FlowerVeil|Moonblast,DazzlingGleam,CalmMind,Protect|||F|||50|,,,,,Poison]Amoonguss||SitrusBerry|Regenerator|ClearSmog,Spore,PollenPuff,RagePowder|||M|||50|,,,,,Water]Pelipper||ChoiceScarf|Drizzle|MuddyWater,Hurricane,IcyWind,WeatherBall|||F|||50|,,,,,Water]Garchomp||ClearAmulet|RoughSkin|StompingTantrum,DragonClaw,SwordsDance,Protect|||M|||50|,,,,,Poison]Rillaboom||AssaultVest|GrassySurge|DrumBeating,GrassyGlide,HighHorsepower,FakeOut|||F|||50|,,,,,Fire
|inactive|Battle timer is ON: inactive players will automatically lose when time's up. (requested by Duca_tommy)
|
|t:|1757699476
|teamsize|p1|4
|teamsize|p2|4
|start
|switch|p1a: Indeedee|Indeedee-F, L50, F|100/100
|switch|p1b: Gallade|Gallade, L50, M|100/100
|switch|p2a: Incineroar|Incineroar, L50, M|100/100
|switch|p2b: Florges|Florges, L50, F|100/100
|-fieldstart|move: Psychic Terrain|[from] ability: Psychic Surge|[of] p1a: Indeedee
|-enditem|p1a: Indeedee|Psychic Seed
|-boost|p1a: Indeedee|spd|1|[from] item: Psychic Seed
|-ability|p2a: Incineroar|Intimidate|boost
|-unboost|p1a: Indeedee|atk|1
|-fail|p1b: Gallade|unboost|[from] item: Clear Amulet|[of] p1b: Gallade
|turn|1
|
|t:|1757699498
|switch|p2a: Rillaboom|Rillaboom, L50, F|100/100
|-fieldstart|move: Grassy Terrain|[from] ability: Grassy Surge|[of] p2a: Rillaboom
|move|p1a: Indeedee|Follow Me|p1a: Indeedee
|-singleturn|p1a: Indeedee|move: Follow Me
|move|p2b: Florges|Calm Mind|p2b: Florges
|-boost|p2b: Florges|spa|1
|-boost|p2b: Florges|spd|1
|move|p1b: Gallade|Trick Room|p1b: Gallade
|-fieldstart|move: Trick Room|[of] p1b: Gallade
|
|upkeep
|turn|2
|inactive|Duca_tommy has 30 seconds left.
|inactive|Duca_tommy has 20 seconds left.
|inactive|Duca_tommy has 15 seconds left.
|inactive|Duca_tommy has 10 seconds left.
|inactive|Duca_tommy has 5 seconds left.
|
|t:|1757699550
|switch|p1a: Torkoal|Torkoal, L50, M|100/100
|-weather|SunnyDay|[from] ability: Drought|[of] p1a: Torkoal
|move|p1b: Gallade|Wide Guard|p1b: Gallade
|-singleturn|p1b: Gallade|Wide Guard
|move|p2a: Rillaboom|Fake Out|p1b: Gallade
|-damage|p1b: Gallade|81/100
|move|p2b: Florges|Dazzling Gleam|p1a: Torkoal|[spread] 
|-activate|p1a: Torkoal|move: Wide Guard
|-activate|p1b: Gallade|move: Wide Guard
|
|-weather|SunnyDay|[upkeep]
|-heal|p1b: Gallade|87/100|[from] Grassy Terrain
|upkeep
|turn|3
|
|t:|1757699572
|switch|p2a: Incineroar|Incineroar, L50, M|100/100
|-ability|p2a: Incineroar|Intimidate|boost
|-unboost|p1a: Torkoal|atk|1
|-fail|p1b: Gallade|unboost|[from] item: Clear Amulet|[of] p1b: Gallade
|-terastallize|p1a: Torkoal|Fire
|move|p1a: Torkoal|Eruption|p2a: Incineroar|[spread] p2a,p2b
|-resisted|p2a: Incineroar
|-damage|p2a: Incineroar|53/100
|-damage|p2b: Florges|50/100
|move|p1b: Gallade|Sacred Sword|p2a: Incineroar
|-supereffective|p2a: Incineroar
|-damage|p2a: Incineroar|0 fnt
|faint|p2a: Incineroar
|move|p2b: Florges|Dazzling Gleam|p1b: Gallade|[spread] p1a,p1b
|-resisted|p1a: Torkoal
|-supereffective|p1b: Gallade
|-damage|p1a: Torkoal|77/100
|-damage|p1b: Gallade|17/100
|
|-weather|SunnyDay|[upkeep]
|-heal|p1a: Torkoal|83/100|[from] Grassy Terrain
|-heal|p1b: Gallade|23/100|[from] Grassy Terrain
|-heal|p2b: Florges|57/100|[from] Grassy Terrain
|-heal|p2b: Florges|63/100|[from] item: Leftovers
|upkeep
|
|t:|1757699592
|switch|p2a: Pelipper|Pelipper, L50, F|100/100
|-weather|RainDance|[from] ability: Drizzle|[of] p2a: Pelipper
|turn|4
|
|t:|1757699610
|switch|p2a: Rillaboom|Rillaboom, L50, F|100/100
|move|p1a: Torkoal|Weather Ball|p2a: Rillaboom
|-resisted|p2a: Rillaboom
|-damage|p2a: Rillaboom|85/100
|move|p1b: Gallade|Psycho Cut|p2a: Rillaboom
|-crit|p2a: Rillaboom
|-damage|p2a: Rillaboom|9/100
|move|p2b: Florges|Moonblast|p1b: Gallade
|-supereffective|p1b: Gallade
|-damage|p1b: Gallade|0 fnt
|faint|p1b: Gallade
|
|-weather|RainDance|[upkeep]
|-heal|p1a: Torkoal|89/100|[from] Grassy Terrain
|-heal|p2a: Rillaboom|15/100|[from] Grassy Terrain
|-heal|p2b: Florges|69/100|[from] Grassy Terrain
|-heal|p2b: Florges|75/100|[from] item: Leftovers
|upkeep
|
|t:|1757699617
|switch|p1b: Hatterene|Hatterene, L50, F|100/100
|turn|5
|inactive|psychic system has 30 seconds left.
|
|t:|1757699646
|switch|p1a: Indeedee|Indeedee-F, L50, F|100/100
|-fieldstart|move: Psychic Terrain|[from] ability: Psychic Surge|[of] p1a: Indeedee
|move|p1b: Hatterene|Expanding Force|p2a: Rillaboom|[spread] p2a,p2b
|-damage|p2a: Rillaboom|0 fnt
|-damage|p2b: Florges|31/100
|faint|p2a: Rillaboom
|-damage|p1b: Hatterene|91/100|[from] item: Life Orb
|move|p2b: Florges|Dazzling Gleam|p1a: Indeedee|[spread] p1a,p1b
|-damage|p1a: Indeedee|66/100
|-damage|p1b: Hatterene|50/100
|
|-weather|RainDance|[upkeep]
|-heal|p2b: Florges|37/100|[from] item: Leftovers
|-fieldend|move: Trick Room
|upkeep
|
|t:|1757699659
|switch|p2a: Pelipper|Pelipper, L50, F|100/100
|turn|6
|
|t:|1757699681
|move|p1a: Indeedee|Follow Me|p1a: Indeedee
|-singleturn|p1a: Indeedee|move: Follow Me
|move|p2a: Pelipper|Weather Ball|p1a: Indeedee
|-damage|p1a: Indeedee|0 fnt
|faint|p1a: Indeedee
|move|p2b: Florges|Calm Mind|p2b: Florges
|-boost|p2b: Florges|spa|1
|-boost|p2b: Florges|spd|1
|move|p1b: Hatterene|Trick Room|p1b: Hatterene
|-fieldstart|move: Trick Room|[of] p1b: Hatterene
|
|-weather|RainDance|[upkeep]
|-heal|p2b: Florges|43/100|[from] item: Leftovers
|upkeep
|
|t:|1757699688
|switch|p1a: Torkoal|Torkoal, L50, M, tera:Fire|89/100
|-weather|SunnyDay|[from] ability: Drought|[of] p1a: Torkoal
|turn|7
|
|t:|1757699708
|move|p1a: Torkoal|Eruption|p2b: Florges|[spread] p2a,p2b
|-resisted|p2a: Pelipper
|-damage|p2a: Pelipper|17/100
|-damage|p2b: Florges|8/100
|move|p1b: Hatterene|Expanding Force|p2a: Pelipper|[spread] p2a,p2b
|-damage|p2a: Pelipper|0 fnt
|-damage|p2b: Florges|0 fnt
|faint|p2a: Pelipper
|faint|p2b: Florges
|-damage|p1b: Hatterene|40/100|[from] item: Life Orb
|
|win|Duca_tommy
|raw|Duca_tommy's rating: 1199 → 1230(+31 for winning)
|raw|psychic system's rating: 1288 → 1257(-31 for losing)
