|j|☆awoogoo
|j|☆ScrewSalesman
|html|awoogooScrewSalesman    
|uhtml|bestof|Game 2 of a best-of-3
|t:|1756440944
|gametype|doubles
|player|p1|awoogoo|266|1211
|player|p2|ScrewSalesman|cynthia-gen4|1184
|gen|9
|tier|[Gen 9] VGC 2025 Reg H (Bo3)
|rated|
|rule|Species Clause: Limit one of each Pokémon
|rule|Item Clause: Limit 1 of each item
|clearpoke
|poke|p1|Politoed, L50, M|
|poke|p1|Gothitelle, L50, M|
|poke|p1|Incineroar, L50, F|
|poke|p1|Amoonguss, L50, F|
|poke|p1|Kingdra, L50, F|
|poke|p1|Archaludon, L50, M|
|poke|p2|Porygon2, L50|
|poke|p2|Incineroar, L50, M|
|poke|p2|Ursaluna, L50, F|
|poke|p2|Jumpluff, L50, F|
|poke|p2|Charizard, L50, M|
|poke|p2|Torkoal, L50, F|
|teampreview|4
|showteam|p1|Politoed||Leftovers|Drizzle|Protect,WeatherBall,PerishSong,Encore|||M|||50|,,,,,Grass]Gothitelle||SitrusBerry|ShadowTag|Protect,Psychic,FakeOut,TrickRoom|||M|||50|,,,,,Dark]Incineroar||SafetyGoggles|Intimidate|Protect,KnockOff,FakeOut,PartingShot|||F|||50|,,,,,Ghost]Amoonguss||EjectButton|Regenerator|Protect,RagePowder,PollenPuff,Spore|||F|||50|,,,,,Fairy]Kingdra||LifeOrb|SwiftSwim|Protect,WeatherBall,DracoMeteor,MuddyWater|||F|||50|,,,,,Stellar]Archaludon||PowerHerb|Sturdy|Protect,ElectroShot,DragonPulse,FlashCannon|||M|||50|,,,,,Electric
|showteam|p2|Porygon2||Eviolite|Download|TeraBlast,IceBeam,TrickRoom,Recover||||||50|,,,,,Fighting]Incineroar||SitrusBerry|Intimidate|FakeOut,KnockOff,FlareBlitz,PartingShot|||M|||50|,,,,,Ghost]Ursaluna||FlameOrb|Guts|HeadlongRush,Facade,Earthquake,Protect|||F|||50|,,,,,Ghost]Jumpluff||CovertCloak|Chlorophyll|RagePowder,PollenPuff,Tailwind,SleepPowder|||F|||50|,,,,,Water]Charizard||ChoiceSpecs|SolarPower|HeatWave,Overheat,WeatherBall,DragonPulse|||M|||50|,,,,,Ghost]Torkoal||EjectPack|Drought|Overheat,Eruption,HelpingHand,Protect|||F|||50|,,,,,Fire
|inactive|Battle timer is ON: inactive players will automatically lose when time's up. (requested by ScrewSalesman)
|inactive|awoogoo has 60 seconds left.
|inactive|awoogoo has 30 seconds left.
|
|t:|1756441009
|teamsize|p1|4
|teamsize|p2|4
|start
|switch|p1a: Kingdra|Kingdra, L50, F|100/100
|switch|p1b: Incineroar|Incineroar, L50, F|100/100
|switch|p2a: Ursaluna|Ursaluna, L50, F|100/100
|switch|p2b: Incineroar|Incineroar, L50, M|100/100
|-ability|p2b: Incineroar|Intimidate|boost
|-unboost|p1a: Kingdra|atk|1
|-unboost|p1b: Incineroar|atk|1
|-ability|p1b: Incineroar|Intimidate|boost
|-unboost|p2a: Ursaluna|atk|1
|-unboost|p2b: Incineroar|atk|1
|turn|1
|
|t:|1756441028
|switch|p1b: Politoed|Politoed, L50, M|100/100
|-weather|RainDance|[from] ability: Drizzle|[of] p1b: Politoed
|move|p2a: Ursaluna|Protect|p2a: Ursaluna
|-singleturn|p2a: Ursaluna|Protect
|move|p1a: Kingdra|Muddy Water|p2b: Incineroar|[spread] p2b
|-activate|p2a: Ursaluna|move: Protect
|-supereffective|p2b: Incineroar
|-damage|p2b: Incineroar|0 fnt
|faint|p2b: Incineroar
|-damage|p1a: Kingdra|91/100|[from] item: Life Orb
|
|-weather|RainDance|[upkeep]
|-status|p2a: Ursaluna|brn|[from] item: Flame Orb
|upkeep
|
|t:|1756441033
|switch|p2b: Torkoal|Torkoal, L50, F|100/100
|-weather|SunnyDay|[from] ability: Drought|[of] p2b: Torkoal
|turn|2
|
|t:|1756441051
|switch|p1b: Incineroar|Incineroar, L50, F|100/100
|-ability|p1b: Incineroar|Intimidate|boost
|-unboost|p2a: Ursaluna|atk|1
|-unboost|p2b: Torkoal|atk|1
|-enditem|p2b: Torkoal|Eject Pack
|
|t:|1756441056
|switch|p2b: Jumpluff|Jumpluff, L50, F|100/100
|-terastallize|p1a: Kingdra|Stellar
|-terastallize|p2a: Ursaluna|Ghost
|move|p1a: Kingdra|Draco Meteor|p2a: Ursaluna
|-damage|p2a: Ursaluna|5/100 brn
|-unboost|p1a: Kingdra|spa|2
|-damage|p1a: Kingdra|81/100|[from] item: Life Orb
|move|p2a: Ursaluna|Facade|p1a: Kingdra
|-damage|p1a: Kingdra|0 fnt
|faint|p1a: Kingdra
|
|-weather|SunnyDay|[upkeep]
|-damage|p2a: Ursaluna|0 fnt|[from] brn
|faint|p2a: Ursaluna
|upkeep
|
|t:|1756441072
|switch|p1a: Politoed|Politoed, L50, M|100/100
|switch|p2a: Torkoal|Torkoal, L50, F|100/100
|-weather|RainDance|[from] ability: Drizzle|[of] p1a: Politoed
|-weather|SunnyDay|[from] ability: Drought|[of] p2a: Torkoal
|turn|3
|
|t:|1756441092
|move|p1b: Incineroar|Fake Out|p2a: Torkoal
|-damage|p2a: Torkoal|93/100
|move|p2b: Jumpluff|Sleep Powder|p1a: Politoed|[miss]
|-miss|p2b: Jumpluff|p1a: Politoed
|move|p1a: Politoed|Perish Song|p1a: Politoed
|-start|p1a: Politoed|perish3|[silent]
|-start|p1b: Incineroar|perish3|[silent]
|-start|p2a: Torkoal|perish3|[silent]
|-start|p2b: Jumpluff|perish3|[silent]
|-fieldactivate|move: Perish Song
|cant|p2a: Torkoal|flinch
|
|-weather|SunnyDay|[upkeep]
|-start|p2b: Jumpluff|perish3
|-start|p1a: Politoed|perish3
|-start|p1b: Incineroar|perish3
|-start|p2a: Torkoal|perish3
|upkeep
|turn|4
|
|t:|1756441102
|move|p2b: Jumpluff|Sleep Powder|p1a: Politoed|[miss]
|-miss|p2b: Jumpluff|p1a: Politoed
|move|p1a: Politoed|Encore|p2b: Jumpluff
|-start|p2b: Jumpluff|Encore
|move|p1b: Incineroar|Knock Off|p2a: Torkoal
|-damage|p2a: Torkoal|73/100
|move|p2a: Torkoal|Eruption|p1a: Politoed|[spread] p1a,p1b
|-resisted|p1a: Politoed
|-resisted|p1b: Incineroar
|-damage|p1a: Politoed|81/100
|-damage|p1b: Incineroar|83/100
|
|-weather|SunnyDay|[upkeep]
|-heal|p1a: Politoed|87/100|[from] item: Leftovers
|-start|p2b: Jumpluff|perish2
|-start|p1a: Politoed|perish2
|-start|p1b: Incineroar|perish2
|-start|p2a: Torkoal|perish2
|upkeep
|turn|5
|
|t:|1756441118
|switch|p1a: Gothitelle|Gothitelle, L50, M|100/100
|move|p2b: Jumpluff|Sleep Powder|p1a: Gothitelle|[miss]
|-miss|p2b: Jumpluff|p1a: Gothitelle
|move|p1b: Incineroar|Parting Shot|p2a: Torkoal
|-unboost|p2a: Torkoal|atk|1
|-unboost|p2a: Torkoal|spa|1
|
|t:|1756441124
|switch|p1b: Politoed|Politoed, L50, M|87/100|[from] Parting Shot
|-weather|RainDance|[from] ability: Drizzle|[of] p1b: Politoed
|move|p2a: Torkoal|Eruption|p1b: Politoed|[spread] p1a,p1b
|-resisted|p1b: Politoed
|-damage|p1a: Gothitelle|91/100
|-damage|p1b: Politoed|83/100
|
|-weather|RainDance|[upkeep]
|-heal|p1b: Politoed|89/100|[from] item: Leftovers
|-start|p2b: Jumpluff|perish1
|-start|p2a: Torkoal|perish1
|upkeep
|turn|6
|-message|ScrewSalesman forfeited.
|
|win|awoogoo
|raw|awoogoo's rating: 1211 → 1234(+23 for winning)
|raw|ScrewSalesman's rating: 1184 → 1161(-23 for losing)
|l|☆awoogoo
|player|p1|
