|j|☆nikolasnaiz
|j|☆nontelo
|html|nikolasnaiznontelo    
|uhtml|bestof|Game 3 of a best-of-3
|t:|1754905993
|gametype|doubles
|player|p1|nikolasnaiz|larry|1221
|player|p2|nontelo|cress|1317
|gen|9
|tier|[Gen 9] VGC 2025 Reg H (Bo3)
|rated|
|rule|Species Clause: Limit one of each Pokémon
|rule|Item Clause: Limit 1 of each item
|clearpoke
|poke|p1|Dragonite, L50, F|
|poke|p1|Ursaluna-Bloodmoon, L50, M|
|poke|p1|Annihilape, L50, F|
|poke|p1|Volcarona, L50, M|
|poke|p1|Rillaboom, L50, F|
|poke|p1|Incineroar, L50, M|
|poke|p2|Skeledirge, L50, M|
|poke|p2|Ninetales-Alola, L50, F|
|poke|p2|Rillaboom, L50, M|
|poke|p2|Basculegion, L50, M|
|poke|p2|Annihilape, L50, M|
|poke|p2|Glaceon, L50, F|
|teampreview|4
|showteam|p1|Dragonite||LoadedDice|Multiscale|Protect,ScaleShot,Tailwind,Haze|||F|||50|,,,,,Steel]Ursaluna-Bloodmoon||FocusSash|MindsEye|Protect,BloodMoon,EarthPower,HyperVoice|||M|||50|,,,,,Normal]Annihilape||LumBerry|Defiant|Protect,RageFist,CloseCombat,Taunt|||F|||50|,,,,,Fire]Volcarona||CovertCloak|FlameBody|Protect,QuiverDance,HeatWave,TeraBlast|||M|||50|,,,,,Fairy]Rillaboom||AssaultVest|GrassySurge|FakeOut,WoodHammer,GrassyGlide,HighHorsepower|||F|||50|,,,,,Fire]Incineroar||SafetyGoggles|Intimidate|FakeOut,PartingShot,FlareBlitz,KnockOff|||M|||50|,,,,,Ghost
|showteam|p2|Skeledirge||GrassySeed|Unaware|TorchSong,Substitute,SlackOff,Protect|||M|||50|,,,,,Water]Ninetales-Alola||LightClay|SnowWarning|Blizzard,AuroraVeil,Encore,Protect|||F|||50|,,,,,Ghost]Rillaboom||AssaultVest|GrassySurge|WoodHammer,GrassyGlide,Uturn,FakeOut|||M|||50|,,,,,Fire]Basculegion||ChoiceScarf|Adaptability|WaveCrash,FlipTurn,AquaJet,LastRespects|||M|||50|,,,,,Water]Annihilape||SafetyGoggles|Defiant|FinalGambit,CloseCombat,RageFist,Protect|||M|||50|,,,,,Fighting]Glaceon||ChoiceSpecs|SnowCloak|Blizzard,FreezeDry,ShadowBall,AlluringVoice|||F|||50|,,,,,Ice
|inactive|Battle timer is ON: inactive players will automatically lose when time's up. (requested by nikolasnaiz)
|inactive|nontelo has 60 seconds left.
|
|t:|1754906026
|teamsize|p1|4
|teamsize|p2|4
|start
|switch|p1a: Volcarona|Volcarona, L50, M|100/100
|switch|p1b: Incineroar|Incineroar, L50, M, shiny|100/100
|switch|p2a: Skeledirge|Skeledirge, L50, M|100/100
|switch|p2b: Rillaboom|Rillaboom, L50, M|100/100
|-fieldstart|move: Grassy Terrain|[from] ability: Grassy Surge|[of] p2b: Rillaboom
|-enditem|p2a: Skeledirge|Grassy Seed
|-boost|p2a: Skeledirge|def|1|[from] item: Grassy Seed
|-ability|p1b: Incineroar|Intimidate|boost
|-unboost|p2a: Skeledirge|atk|1
|-unboost|p2b: Rillaboom|atk|1
|turn|1
|
|t:|1754906039
|move|p2b: Rillaboom|Fake Out|p1b: Incineroar
|-damage|p1b: Incineroar|90/100
|move|p1a: Volcarona|Quiver Dance|p1a: Volcarona
|-boost|p1a: Volcarona|spa|1
|-boost|p1a: Volcarona|spd|1
|-boost|p1a: Volcarona|spe|1
|cant|p1b: Incineroar|flinch
|move|p2a: Skeledirge|Torch Song|p1a: Volcarona
|-damage|p1a: Volcarona|71/100
|-boost|p2a: Skeledirge|spa|1
|
|-heal|p1a: Volcarona|77/100|[from] Grassy Terrain
|-heal|p1b: Incineroar|96/100|[from] Grassy Terrain
|upkeep
|turn|2
|
|t:|1754906066
|-terastallize|p2a: Skeledirge|Water
|move|p1a: Volcarona|Quiver Dance|p1a: Volcarona
|-boost|p1a: Volcarona|spa|1
|-boost|p1a: Volcarona|spd|1
|-boost|p1a: Volcarona|spe|1
|move|p2b: Rillaboom|U-turn|p1b: Incineroar
|-damage|p1b: Incineroar|82/100
|
|t:|1754906074
|switch|p2b: Basculegion|Basculegion, L50, M|100/100|[from] U-turn
|move|p1b: Incineroar|Flare Blitz|p2b: Basculegion
|-resisted|p2b: Basculegion
|-damage|p2b: Basculegion|70/100
|-damage|p1b: Incineroar|72/100|[from] Recoil
|move|p2a: Skeledirge|Torch Song|p1a: Volcarona
|-damage|p1a: Volcarona|34/100
|-boost|p2a: Skeledirge|spa|1
|
|-heal|p1a: Volcarona|40/100|[from] Grassy Terrain
|-heal|p2b: Basculegion|76/100|[from] Grassy Terrain
|-heal|p1b: Incineroar|78/100|[from] Grassy Terrain
|upkeep
|turn|3
|
|t:|1754906095
|switch|p1b: Rillaboom|Rillaboom, L50, F|100/100
|move|p1a: Volcarona|Protect|p1a: Volcarona
|-singleturn|p1a: Volcarona|Protect
|move|p2b: Basculegion|Flip Turn|p1b: Rillaboom
|-resisted|p1b: Rillaboom
|-damage|p1b: Rillaboom|82/100
|
|t:|1754906111
|switch|p2b: Rillaboom|Rillaboom, L50, M|100/100|[from] Flip Turn
|move|p2a: Skeledirge|Torch Song|p1a: Volcarona
|-activate|p1a: Volcarona|move: Protect
|
|-heal|p1a: Volcarona|46/100|[from] Grassy Terrain
|-heal|p1b: Rillaboom|88/100|[from] Grassy Terrain
|upkeep
|turn|4
|
|t:|1754906121
|move|p1b: Rillaboom|Fake Out|p2a: Skeledirge
|-damage|p2a: Skeledirge|94/100
|move|p2b: Rillaboom|Fake Out|p1b: Rillaboom
|-damage|p1b: Rillaboom|73/100
|move|p1a: Volcarona|Heat Wave|p2b: Rillaboom|[spread] p2a,p2b
|-resisted|p2a: Skeledirge
|-supereffective|p2b: Rillaboom
|-damage|p2a: Skeledirge|82/100
|-damage|p2b: Rillaboom|13/100
|cant|p2a: Skeledirge|flinch
|
|-heal|p1a: Volcarona|52/100|[from] Grassy Terrain
|-heal|p1b: Rillaboom|79/100|[from] Grassy Terrain
|-heal|p2b: Rillaboom|18/100|[from] Grassy Terrain
|-heal|p2a: Skeledirge|88/100|[from] Grassy Terrain
|upkeep
|turn|5
|inactive|nontelo has 30 seconds left.
|inactive|nikolasnaiz has 30 seconds left.
|inactive|nikolasnaiz has 20 seconds left.
|
|t:|1754906162
|-terastallize|p1b: Rillaboom|Fire
|move|p2a: Skeledirge|Protect|p2a: Skeledirge
|-singleturn|p2a: Skeledirge|Protect
|move|p1b: Rillaboom|Grassy Glide|p2a: Skeledirge
|-activate|p2a: Skeledirge|move: Protect
|move|p2b: Rillaboom|Grassy Glide|p1b: Rillaboom
|-resisted|p1b: Rillaboom
|-damage|p1b: Rillaboom|61/100
|move|p1a: Volcarona|Heat Wave|p2a: Skeledirge|[spread] p2b
|-activate|p2a: Skeledirge|move: Protect
|-supereffective|p2b: Rillaboom
|-damage|p2b: Rillaboom|0 fnt
|faint|p2b: Rillaboom
|
|-heal|p1a: Volcarona|58/100|[from] Grassy Terrain
|-heal|p1b: Rillaboom|67/100|[from] Grassy Terrain
|-heal|p2a: Skeledirge|94/100|[from] Grassy Terrain
|-fieldend|move: Grassy Terrain
|upkeep
|
|t:|1754906174
|switch|p2b: Basculegion|Basculegion, L50, M|76/100
|turn|6
|
|t:|1754906180
|move|p2b: Basculegion|Aqua Jet|p1b: Rillaboom
|-supereffective|p1b: Rillaboom
|-damage|p1b: Rillaboom|15/100
|move|p1a: Volcarona|Heat Wave|p2b: Basculegion|[spread] p2a,p2b
|-resisted|p2a: Skeledirge
|-resisted|p2b: Basculegion
|-damage|p2a: Skeledirge|82/100
|-damage|p2b: Basculegion|37/100
|move|p1b: Rillaboom|Wood Hammer|p2a: Skeledirge
|-supereffective|p2a: Skeledirge
|-damage|p2a: Skeledirge|16/100
|-damage|p1b: Rillaboom|0 fnt|[from] Recoil
|faint|p1b: Rillaboom
|move|p2a: Skeledirge|Torch Song|p1a: Volcarona
|-damage|p1a: Volcarona|0 fnt
|-boost|p2a: Skeledirge|spa|1
|faint|p1a: Volcarona
|
|upkeep
|
|t:|1754906190
|switch|p1a: Incineroar|Incineroar, L50, M, shiny|78/100
|switch|p1b: Ursaluna|Ursaluna-Bloodmoon, L50, M|100/100
|-ability|p1a: Incineroar|Intimidate|boost
|-unboost|p2a: Skeledirge|atk|1
|-unboost|p2b: Basculegion|atk|1
|turn|7
|
|t:|1754906206
|switch|p2b: Ninetales|Ninetales-Alola, L50, F|100/100
|-weather|Snowscape|[from] ability: Snow Warning|[of] p2b: Ninetales
|move|p2a: Skeledirge|Protect|p2a: Skeledirge
|-singleturn|p2a: Skeledirge|Protect
|move|p1a: Incineroar|Fake Out|p2a: Skeledirge
|-activate|p2a: Skeledirge|move: Protect
|move|p1b: Ursaluna|Blood Moon|p2b: Ninetales
|-damage|p2b: Ninetales|27/100
|
|-weather|Snowscape|[upkeep]
|upkeep
|turn|8
|
|t:|1754906226
|move|p1b: Ursaluna|Protect|p1b: Ursaluna
|-singleturn|p1b: Ursaluna|Protect
|move|p2b: Ninetales|Encore|p1a: Incineroar
|-start|p1a: Incineroar|Encore
|move|p1a: Incineroar|Fake Out||[still]
|-hint|Fake Out only works on your first turn out.
|-fail|p1a: Incineroar
|move|p2a: Skeledirge|Slack Off|p2a: Skeledirge
|-heal|p2a: Skeledirge|66/100
|
|-weather|Snowscape|[upkeep]
|upkeep
|turn|9
|
|t:|1754906236
|move|p2a: Skeledirge|Protect|p2a: Skeledirge
|-singleturn|p2a: Skeledirge|Protect
|move|p1a: Incineroar|Fake Out||[still]
|-hint|Fake Out only works on your first turn out.
|-fail|p1a: Incineroar
|move|p2b: Ninetales|Aurora Veil|p2b: Ninetales
|-sidestart|p2: nontelo|move: Aurora Veil
|move|p1b: Ursaluna|Hyper Voice|p2a: Skeledirge|[spread] p2b
|-activate|p2a: Skeledirge|move: Protect
|-damage|p2b: Ninetales|2/100
|
|-weather|Snowscape|[upkeep]
|upkeep
|turn|10
|
|t:|1754906249
|move|p1a: Incineroar|Fake Out||[still]
|-hint|Fake Out only works on your first turn out.
|-fail|p1a: Incineroar
|move|p2b: Ninetales|Encore|p1b: Ursaluna
|-start|p1b: Ursaluna|Encore
|move|p1b: Ursaluna|Hyper Voice|p2b: Ninetales|[spread] p2a,p2b
|-damage|p2a: Skeledirge|47/100
|-damage|p2b: Ninetales|0 fnt
|faint|p2b: Ninetales
|move|p2a: Skeledirge|Torch Song|p1b: Ursaluna
|-enditem|p1b: Ursaluna|Focus Sash
|-damage|p1b: Ursaluna|1/100
|-boost|p2a: Skeledirge|spa|1
|
|-weather|Snowscape|[upkeep]
|-end|p1a: Incineroar|Encore
|upkeep
|
|t:|1754906256
|switch|p2b: Basculegion|Basculegion, L50, M|37/100
|turn|11
|
|t:|1754906263
|move|p2b: Basculegion|Wave Crash|p1a: Incineroar
|-supereffective|p1a: Incineroar
|-damage|p1a: Incineroar|0 fnt
|faint|p1a: Incineroar
|-damage|p2b: Basculegion|11/100|[from] Recoil
|move|p1b: Ursaluna|Hyper Voice|p2a: Skeledirge|[spread] p2a,p2b
|-damage|p2a: Skeledirge|29/100
|-damage|p2b: Basculegion|0 fnt
|faint|p2b: Basculegion
|move|p2a: Skeledirge|Torch Song|p1b: Ursaluna
|-damage|p1b: Ursaluna|0 fnt
|-boost|p2a: Skeledirge|spa|1
|faint|p1b: Ursaluna
|
|win|nontelo
|raw|nikolasnaiz's rating: 1221 → 1203(-18 for losing)
|raw|nontelo's rating: 1317 → 1332(+15 for winning)
|l|☆nontelo
|player|p2|
