|j|☆Lacossg
|j|☆25thFloor
|html|Lacossg25thFloor    
|uhtml|bestof|Game 2 of a best-of-3
|t:|1754423526
|gametype|doubles
|player|p1|Lacossg|102|1201
|player|p2|25thFloor|volo|1327
|gen|9
|tier|[Gen 9] VGC 2025 Reg H (Bo3)
|rated|
|rule|Species Clause: Limit one of each Pokémon
|rule|Item Clause: Limit 1 of each item
|clearpoke
|poke|p1|Espathra, L50, M|
|poke|p1|Annihilape, L50, F|
|poke|p1|Amoonguss, L50, M|
|poke|p1|Typhlosion, L50, M|
|poke|p1|Indeedee-F, L50, F|
|poke|p1|Glimmora, L50, F|
|poke|p2|Whimsicott, L50, F|
|poke|p2|Annihilape, L50, M|
|poke|p2|Electabuzz, L50, F|
|poke|p2|Tyranitar, L50, M|
|poke|p2|Ursaluna-Bloodmoon, L50, M|
|poke|p2|Salamence, L50, F|
|teampreview|4
|showteam|p1|Espathra||FocusSash|SpeedBoost|LuminaCrash,Protect,ExpandingForce,DazzlingGleam|||M|||50|,,,,,Psychic]Annihilape||PsychicSeed|Defiant|DrainPunch,RageFist,BulkUp,Protect|||F|||50|,,,,,Grass]Amoonguss||RockyHelmet|Regenerator|Spore,Protect,SludgeBomb,RagePowder|||M|||50|,,,,,Psychic]Typhlosion||ChoiceSpecs|FlashFire|ScorchingSands,Eruption,HeatWave,TeraBlast|||M|||50|,,,,,Grass]Indeedee-F||SafetyGoggles|PsychicSurge|DazzlingGleam,FollowMe,TrickRoom,HelpingHand|||F|||50|,,,,,Fairy]Glimmora||LifeOrb|ToxicDebris|SpikyShield,SludgeBomb,EarthPower,PowerGem|||F|||50|,,,,,Ground
|showteam|p2|Whimsicott||CovertCloak|Prankster|Moonblast,Tailwind,Encore,BeatUp|||F|||50|,,,,,Ghost]Annihilape||SpellTag|Defiant|Protect,CloseCombat,RageFist,Taunt|||M|||50|,,,,,Water]Electabuzz||Eviolite|VitalSpirit|Protect,Electroweb,FollowMe,Taunt|||F|||50|,,,,,Ghost]Tyranitar||AssaultVest|SandStream|RockSlide,KnockOff,LowKick,TeraBlast|||M|||50|,,,,,Flying]Ursaluna-Bloodmoon||LifeOrb|MindsEye|Protect,HyperVoice,EarthPower,BloodMoon|||M|||50|,,,,,Normal]Salamence||ScopeLens|Intimidate|Protect,AirSlash,DracoMeteor,FocusEnergy|||F|||50|,,,,,Steel
|inactive|Battle timer is ON: inactive players will automatically lose when time's up. (requested by 25thFloor)
|
|t:|1754423538
|teamsize|p1|4
|teamsize|p2|4
|start
|switch|p1a: Annihilape|Annihilape, L50, F|100/100
|switch|p1b: Indeedee|Indeedee-F, L50, F|100/100
|switch|p2a: Tyranitar|Tyranitar, L50, M, shiny|100/100
|switch|p2b: Electabuzz|Electabuzz, L50, F, shiny|100/100
|-weather|Sandstorm|[from] ability: Sand Stream|[of] p2a: Tyranitar
|-fieldstart|move: Psychic Terrain|[from] ability: Psychic Surge|[of] p1b: Indeedee
|-enditem|p1a: Annihilape|Psychic Seed
|-boost|p1a: Annihilape|spd|1|[from] item: Psychic Seed
|turn|1
|
|t:|1754423553
|move|p1b: Indeedee|Follow Me|p1b: Indeedee
|-singleturn|p1b: Indeedee|move: Follow Me
|move|p2b: Electabuzz|Taunt|p1b: Indeedee
|-start|p1b: Indeedee|move: Taunt
|move|p1a: Annihilape|Bulk Up|p1a: Annihilape
|-boost|p1a: Annihilape|atk|1
|-boost|p1a: Annihilape|def|1
|move|p2a: Tyranitar|Knock Off|p1b: Indeedee
|-supereffective|p1b: Indeedee
|-damage|p1b: Indeedee|0 fnt
|-enditem|p1b: Indeedee|Safety Goggles|[from] move: Knock Off|[of] p2a: Tyranitar
|faint|p1b: Indeedee
|
|-weather|Sandstorm|[upkeep]
|-damage|p2b: Electabuzz|95/100|[from] Sandstorm
|-damage|p1a: Annihilape|94/100|[from] Sandstorm
|upkeep
|
|t:|1754423573
|switch|p1b: Espathra|Espathra, L50, M|100/100
|turn|2
|
|t:|1754423583
|move|p1b: Espathra|Protect|p1b: Espathra
|-singleturn|p1b: Espathra|Protect
|move|p2b: Electabuzz|Electroweb|p1b: Espathra|[spread] p1a
|-activate|p1b: Espathra|move: Protect
|-damage|p1a: Annihilape|87/100
|-unboost|p1a: Annihilape|spe|1
|-ability|p1a: Annihilape|Defiant|boost
|-boost|p1a: Annihilape|atk|2
|move|p2a: Tyranitar|Knock Off|p1b: Espathra
|-activate|p1b: Espathra|move: Protect
|move|p1a: Annihilape|Rage Fist|p2b: Electabuzz
|-damage|p2b: Electabuzz|0 fnt
|faint|p2b: Electabuzz
|
|-weather|Sandstorm|[upkeep]
|-damage|p1b: Espathra|95/100|[from] Sandstorm
|-damage|p1a: Annihilape|80/100|[from] Sandstorm
|-ability|p1b: Espathra|Speed Boost|boost
|-boost|p1b: Espathra|spe|1
|upkeep
|
|t:|1754423591
|switch|p2b: Salamence|Salamence, L50, F, shiny|100/100
|-ability|p2b: Salamence|Intimidate|boost
|-unboost|p1a: Annihilape|atk|1
|-ability|p1a: Annihilape|Defiant|boost
|-boost|p1a: Annihilape|atk|2
|-unboost|p1b: Espathra|atk|1
|turn|3
|inactive|Lacossg has 30 seconds left.
|
|t:|1754423620
|-terastallize|p2a: Tyranitar|Flying
|move|p1a: Annihilape|Protect|p1a: Annihilape
|-singleturn|p1a: Annihilape|Protect
|move|p1b: Espathra|Expanding Force|p2b: Salamence|[spread] p2a,p2b
|-damage|p2a: Tyranitar|66/100
|-damage|p2b: Salamence|35/100
|move|p2b: Salamence|Air Slash|p1a: Annihilape
|-activate|p1a: Annihilape|move: Protect
|move|p2a: Tyranitar|Tera Blast|p1a: Annihilape|[anim] Tera Blast Flying
|-activate|p1a: Annihilape|move: Protect
|
|-weather|Sandstorm|[upkeep]
|-damage|p1b: Espathra|89/100|[from] Sandstorm
|-damage|p2b: Salamence|29/100|[from] Sandstorm
|-damage|p2a: Tyranitar|60/100|[from] Sandstorm
|-damage|p1a: Annihilape|74/100|[from] Sandstorm
|-ability|p1b: Espathra|Speed Boost|boost
|-boost|p1b: Espathra|spe|1
|upkeep
|turn|4
|inactive|Lacossg has 30 seconds left.
|
|t:|1754423646
|move|p2b: Salamence|Protect|p2b: Salamence
|-singleturn|p2b: Salamence|Protect
|move|p1b: Espathra|Expanding Force|p2a: Tyranitar|[spread] p2a
|-activate|p2b: Salamence|move: Protect
|-damage|p2a: Tyranitar|22/100
|move|p2a: Tyranitar|Knock Off|p1b: Espathra
|-supereffective|p1b: Espathra
|-damage|p1b: Espathra|0 fnt
|-enditem|p1b: Espathra|Focus Sash|[from] move: Knock Off|[of] p2a: Tyranitar
|faint|p1b: Espathra
|move|p1a: Annihilape|Rage Fist|p2a: Tyranitar
|-crit|p2a: Tyranitar
|-damage|p2a: Tyranitar|0 fnt
|faint|p2a: Tyranitar
|
|-weather|Sandstorm|[upkeep]
|-damage|p2b: Salamence|23/100|[from] Sandstorm
|-damage|p1a: Annihilape|68/100|[from] Sandstorm
|upkeep
|
|t:|1754423654
|switch|p1b: Amoonguss|Amoonguss, L50, M|100/100
|switch|p2a: Ursaluna|Ursaluna-Bloodmoon, L50, M|100/100
|turn|5
|
|t:|1754423669
|-terastallize|p1b: Amoonguss|Psychic
|move|p2a: Ursaluna|Protect|p2a: Ursaluna
|-singleturn|p2a: Ursaluna|Protect
|move|p1b: Amoonguss|Rage Powder|p1b: Amoonguss
|-singleturn|p1b: Amoonguss|move: Rage Powder
|move|p2b: Salamence|Focus Energy|p2b: Salamence
|-start|p2b: Salamence|move: Focus Energy
|move|p1a: Annihilape|Drain Punch|p2a: Ursaluna
|-activate|p2a: Ursaluna|move: Protect
|
|-weather|none
|-fieldend|move: Psychic Terrain
|upkeep
|turn|6
|
|t:|1754423681
|move|p1b: Amoonguss|Rage Powder|p1b: Amoonguss
|-singleturn|p1b: Amoonguss|move: Rage Powder
|move|p2b: Salamence|Draco Meteor|p1b: Amoonguss
|-crit|p1b: Amoonguss
|-damage|p1b: Amoonguss|34/100
|-unboost|p2b: Salamence|spa|2
|move|p2a: Ursaluna|Hyper Voice|p1a: Annihilape|[spread] p1a,p1b
|-damage|p1a: Annihilape|38/100
|-damage|p1b: Amoonguss|0 fnt
|faint|p1b: Amoonguss
|-damage|p2a: Ursaluna|91/100|[from] item: Life Orb
|move|p1a: Annihilape|Drain Punch|p2a: Ursaluna
|-supereffective|p2a: Ursaluna
|-damage|p2a: Ursaluna|0 fnt
|-heal|p1a: Annihilape|79/100|[from] drain|[of] p2a: Ursaluna
|faint|p2a: Ursaluna
|
|upkeep
|turn|7
|
|t:|1754423691
|move|p2b: Salamence|Draco Meteor|p1a: Annihilape
|-crit|p1a: Annihilape
|-damage|p1a: Annihilape|0 fnt
|-unboost|p2b: Salamence|spa|2
|faint|p1a: Annihilape
|
|win|25thFloor
|raw|Lacossg's rating: 1201 → 1185(-16 for losing)
|raw|25thFloor's rating: 1327 → 1340(+13 for winning)
|l|☆Lacossg
|player|p1|
