|j|☆IsraMX
|j|☆DeciJay
|html|IsraMXDeciJay    
|uhtml|bestof|Game 1 of a best-of-3
|t:|1784067296
|gametype|doubles
|player|p1|IsraMX|101|1088
|player|p2|DeciJay|102|1000
|gen|9
|tier|[Gen 9 Champions] VGC 2026 Reg M-B (Bo3)
|rated|
|rule|Species Clause: Limit one of each Pokémon
|rule|Item Clause: Limit 1 of each item
|clearpoke
|poke|p1|Empoleon, L50, F, shiny|
|poke|p1|Slowbro, L50, F, shiny|
|poke|p1|Swampert, L50, F, shiny|
|poke|p1|Rotom-Wash, L50, shiny|
|poke|p1|Toxapex, L50, F, shiny|
|poke|p1|Pelipper, L50, F, shiny|
|poke|p2|Basculegion, L50, M|
|poke|p2|Eelektross, L50, M|
|poke|p2|Metagross, L50, shiny|
|poke|p2|Decidueye-Hisui, L50, M, shiny|
|poke|p2|Ceruledge, L50, M|
|poke|p2|Rotom-Frost, L50|
|teampreview|4
|showteam|p1|Empoleon||FocusSash|Competitive|Surf,IceBeam,AirSlash,Protect|Sassy||F|||50|]Slowbro||SitrusBerry|Regenerator|TrickRoom,RainDance,SlackOff,Psychic|Relaxed||F|||50|]Swampert||Swampertite|Torrent|IcePunch,Earthquake,Waterfall,Protect|Adamant||F|||50|]Rotom-Wash||ChoiceScarf|Levitate|Trick,WillOWisp,VoltSwitch,Thunderbolt|Timid|||||50|]Toxapex||ShucaBerry|Regenerator|Infestation,BanefulBunker,ChillingWater,Recover|Bold||F|||50|]Pelipper||Leftovers|Drizzle|Hurricane,IceBeam,Tailwind,Uturn|Modest||F|||50|
|showteam|p2|Basculegion||ExpertBelt|Adaptability|PsychicFangs,WaveCrash,HydroPump,Outrage|Serious||M|||50|]Eelektross||Eelektrossite|Levitate|Acrobatics,DragonTail,DragonPulse,Discharge|Serious||M|||50|]Metagross||TwistedSpoon|ClearBody|FutureSight,HammerArm,SludgeBomb,MeteorBeam|Serious|||||50|]Decidueye-Hisui||BlackBelt|Scrappy|AuraSphere,LeafBlade,Uturn,BrickBreak|Serious||M|||50|]Ceruledge||Charcoal|FlashFire|BitterBlade,BrickBreak,DragonClaw,LavaPlume|Serious||M|||50|]Rotom-Frost||NeverMeltIce|Levitate|DarkPulse,Discharge,Blizzard,NightShade|Serious|||||50|
|inactive|Battle timer is ON: inactive players will automatically lose when time's up. (requested by IsraMX)
|
|t:|1784067327
|teamsize|p1|4
|teamsize|p2|4
|start
|switch|p1a: Slowbro|Slowbro, L50, F, shiny|100/100
|switch|p1b: Rotom|Rotom-Wash, L50, shiny|100/100
|switch|p2a: Ceruledge|Ceruledge, L50, M|100/100
|switch|p2b: Eelektross|Eelektross, L50, M|100/100
|turn|1
|
|t:|1784067348
|switch|p2a: Decidueye|Decidueye-Hisui, L50, M, shiny|100/100
|detailschange|p2b: Eelektross|Eelektross-Mega, L50, M
|-mega|p2b: Eelektross|Eelektross|Eelektrossite
|move|p1b: Rotom|Trick|p2a: Decidueye
|-activate|p1b: Rotom|move: Trick|[of] p2a: Decidueye
|-item|p2a: Decidueye|Choice Scarf|[from] move: Trick
|-item|p1b: Rotom|Black Belt|[from] move: Trick
|move|p2b: Eelektross|Discharge|p1a: Slowbro|[spread] p2a,p1a,p1b
|-resisted|p2a: Decidueye|1
|-supereffective|p1a: Slowbro|1
|-damage|p2a: Decidueye|85/100
|-damage|p1a: Slowbro|49/100
|-damage|p1b: Rotom|62/100
|-status|p1a: Slowbro|par
|-enditem|p1a: Slowbro|Sitrus Berry|[eat]
|-heal|p1a: Slowbro|74/100 par|[from] item: Sitrus Berry
|move|p1a: Slowbro|Psychic|p2b: Eelektross
|-damage|p2b: Eelektross|66/100
|
|upkeep
|turn|2
|
|t:|1784067371
|move|p2a: Decidueye|Leaf Blade|p1b: Rotom
|-supereffective|p1b: Rotom|1
|-damage|p1b: Rotom|0 fnt
|faint|p1b: Rotom
|move|p2b: Eelektross|Discharge|p1a: Slowbro|[spread] p2a,p1a
|-resisted|p2a: Decidueye|1
|-supereffective|p1a: Slowbro|1
|-damage|p2a: Decidueye|71/100
|-damage|p1a: Slowbro|16/100 par
|move|p1a: Slowbro|Trick Room|p1a: Slowbro
|-fieldstart|move: Trick Room|[of] p1a: Slowbro
|
|upkeep
|
|t:|1784067384
|switch|p1b: Swampert|Swampert, L50, F, shiny|100/100
|turn|3
|
|t:|1784067395
|detailschange|p1b: Swampert|Swampert-Mega, L50, F, shiny
|-mega|p1b: Swampert|Swampert|Swampertite
|move|p1a: Slowbro|Slack Off|p1a: Slowbro
|-heal|p1a: Slowbro|66/100 par
|move|p1b: Swampert|Ice Punch|p2a: Decidueye
|-supereffective|p2a: Decidueye|1
|-damage|p2a: Decidueye|0 fnt
|faint|p2a: Decidueye
|move|p2b: Eelektross|Discharge|p1b: Swampert|[spread] p1a
|-immune|p1b: Swampert
|-supereffective|p1a: Slowbro|1
|-damage|p1a: Slowbro|13/100 par
|
|upkeep
|
|t:|1784067408
|switch|p2a: Basculegion|Basculegion, L50, M|100/100
|turn|4
|
|t:|1784067416
|move|p1a: Slowbro|Slack Off|p1a: Slowbro
|-heal|p1a: Slowbro|63/100 par
|move|p1b: Swampert|Waterfall|p2b: Eelektross
|-damage|p2b: Eelektross|10/100
|move|p2b: Eelektross|Discharge|p1a: Slowbro|[spread] p2a,p1a
|-immune|p1b: Swampert
|-supereffective|p2a: Basculegion|1
|-supereffective|p1a: Slowbro|1
|-damage|p2a: Basculegion|40/100
|-damage|p1a: Slowbro|9/100 par
|move|p2a: Basculegion|Psychic Fangs|p1b: Swampert
|-damage|p1b: Swampert|77/100
|
|upkeep
|turn|5
|
|t:|1784067438
|move|p1a: Slowbro|Slack Off|p1a: Slowbro
|-heal|p1a: Slowbro|59/100 par
|move|p1b: Swampert|Waterfall|p2b: Eelektross
|-damage|p2b: Eelektross|0 fnt
|faint|p2b: Eelektross
|move|p2a: Basculegion|Outrage|p1a: Slowbro
|-damage|p1a: Slowbro|37/100 par
|
|upkeep
|
|t:|1784067442
|switch|p2b: Ceruledge|Ceruledge, L50, M|100/100
|turn|6
|
|t:|1784067452
|move|p1a: Slowbro|Slack Off|p1a: Slowbro
|-heal|p1a: Slowbro|87/100 par
|move|p1b: Swampert|Earthquake|p2a: Basculegion|[spread] p1a,p2a,p2b
|-supereffective|p2b: Ceruledge|1
|-damage|p1a: Slowbro|59/100 par
|-damage|p2a: Basculegion|0 fnt
|-damage|p2b: Ceruledge|0 fnt
|faint|p2a: Basculegion
|faint|p2b: Ceruledge
|
|win|IsraMX
|l|☆DeciJay
|player|p2|
|inactive|IsraMX has 30 seconds to confirm battle start!
|inactive|DeciJay has 30 seconds to confirm battle start!
