|j|‚òÜSmogonSupervillain
|j|‚òÜCopyOfUntitled1111
|html|SmogonSupervillainCopyOfUntitled1111    
|uhtml|bestof|Game 2 of a best-of-3
|t:|1756346149
|gametype|doubles
|player|p1|SmogonSupervillain|170|1056
|player|p2|CopyOfUntitled1111|steven|1000
|gen|9
|tier|[Gen 9] VGC 2025 Reg H (Bo3)
|rated|
|rule|Species Clause: Limit one of each Pok√©mon
|rule|Item Clause: Limit 1 of each item
|clearpoke
|poke|p1|Gholdengo, L50|
|poke|p1|Archaludon, L50, M|
|poke|p1|Pelipper, L50, M|
|poke|p1|Annihilape, L50, M|
|poke|p1|Maushold, L50|
|poke|p1|Basculegion, L50, M|
|poke|p2|Noivern, L50, M|
|poke|p2|Weezing-Galar, L50, M|
|poke|p2|Gholdengo, L50|
|poke|p2|Garchomp, L50, M|
|poke|p2|Annihilape, L50, M|
|poke|p2|Incineroar, L50, M|
|teampreview|4
|showteam|p1|Gholdengo||LifeOrb|GoodasGold|Protect,NastyPlot,MakeItRain,ShadowBall||||||50|,,,,,Water]Archaludon||AssaultVest|Stamina|BodyPress,ElectroShot,FlashCannon,DracoMeteor|||M|||50|,,,,,Fighting]Pelipper||FocusSash|Drizzle|Tailwind,Hurricane,WeatherBall,Protect|||M|||50|,,,,,Grass]Annihilape||SafetyGoggles|Defiant|RageFist,BulkUp,CloseCombat,Protect|||M|||50|,,,,,Fairy]Maushold||WideLens|FriendGuard|BeatUp,FollowMe,Protect,Taunt||||||50|,,,,,Normal]Basculegion||ChoiceBand|SwiftSwim|WaveCrash,AquaJet,LastRespects,FlipTurn|||M|||50|,,,,,Grass
|showteam|p2|Noivern||CovertCloak|Telepathy|AirSlash,SuperFang,Tailwind,Taunt|||M|||50|,,,,,Steel]Weezing-Galar||ChoiceSpecs|NeutralizingGas|DazzlingGleam,SludgeBomb,StrangeSteam,Flamethrower|||M|||50|,,,,,Flying]Gholdengo||MetalCoat|GoodasGold|MakeItRain,ShadowBall,NastyPlot,Protect||||||50|,,,,,Flying]Garchomp||LifeOrb|RoughSkin|DragonClaw,Earthquake,StompingTantrum,Protect|||M|||50|,,,,,Ground]Annihilape||SafetyGoggles|Defiant|CloseCombat,ShadowClaw,FinalGambit,Taunt|||M|||50|,,,,,Stellar]Incineroar||AssaultVest|Intimidate|FlareBlitz,KnockOff,FakeOut,Uturn|||M|||50|,,,,,Bug
|inactive|Battle timer is ON: inactive players will automatically lose when time's up. (requested by CopyOfUntitled1111)
|
|t:|1756346172
|teamsize|p1|4
|teamsize|p2|4
|start
|switch|p1a: Archaludon|Archaludon, L50, M|100/100
|switch|p1b: Maushold|Maushold, L50|100/100
|switch|p2a: Ozzy|Noivern, L50, M|100/100
|switch|p2b: PurpleüíúHaze|Weezing-Galar, L50, M|100/100
|-ability|p2b: PurpleüíúHaze|Neutralizing Gas
|turn|1
|
|t:|1756346179
|move|p2a: Ozzy|Tailwind|p2a: Ozzy
|-sidestart|p2: CopyOfUntitled1111|move: Tailwind
|move|p2b: PurpleüíúHaze|Dazzling Gleam|p1a: Archaludon|[spread] p1a,p1b
|-crit|p1b: Maushold
|-damage|p1a: Archaludon|66/100
|-damage|p1b: Maushold|12/100
|move|p1b: Maushold|Beat Up|p2b: PurpleüíúHaze
|-resisted|p2b: PurpleüíúHaze
|-damage|p2b: PurpleüíúHaze|99/100
|-resisted|p2b: PurpleüíúHaze
|-damage|p2b: PurpleüíúHaze|97/100
|-resisted|p2b: PurpleüíúHaze
|-damage|p2b: PurpleüíúHaze|96/100
|-resisted|p2b: PurpleüíúHaze
|-damage|p2b: PurpleüíúHaze|94/100
|-hitcount|p2b: PurpleüíúHaze|4
|move|p1a: Archaludon|Flash Cannon|p2b: PurpleüíúHaze
|-supereffective|p2b: PurpleüíúHaze
|-damage|p2b: PurpleüíúHaze|0 fnt
|faint|p2b: PurpleüíúHaze
|-end|p2b: PurpleüíúHaze|ability: Neutralizing Gas
|
|upkeep
|
|t:|1756346190
|switch|p2b: Bl√•haj|Garchomp, L50, M|100/100
|turn|2
|inactive|CopyOfUntitled1111 has 30 seconds left.
|
|t:|1756346220
|-terastallize|p1a: Archaludon|Fighting
|move|p2b: Bl√•haj|Protect|p2b: Bl√•haj
|-singleturn|p2b: Bl√•haj|Protect
|move|p1b: Maushold|Protect|p1b: Maushold
|-singleturn|p1b: Maushold|Protect
|move|p2a: Ozzy|Air Slash|p1b: Maushold
|-activate|p1b: Maushold|move: Protect
|move|p1a: Archaludon|Electro Shot||[still]
|-prepare|p1a: Archaludon|Electro Shot
|-boost|p1a: Archaludon|spa|1
|
|upkeep
|turn|3
|
|t:|1756346236
|move|p1b: Maushold|Follow Me|p1b: Maushold
|-singleturn|p1b: Maushold|move: Follow Me
|move|p2a: Ozzy|Air Slash|p1b: Maushold
|-damage|p1b: Maushold|0 fnt
|faint|p1b: Maushold
|move|p2b: Bl√•haj|Earthquake|p1a: Archaludon|[spread] p1a
|-activate|p2a: Ozzy|ability: Telepathy
|-damage|p1a: Archaludon|26/100
|-ability|p1a: Archaludon|Stamina|boost
|-boost|p1a: Archaludon|def|1
|-damage|p2b: Bl√•haj|91/100|[from] item: Life Orb
|move|p1a: Archaludon|Electro Shot|p2a: Ozzy|[from] lockedmove
|-crit|p2a: Ozzy
|-damage|p2a: Ozzy|0 fnt
|faint|p2a: Ozzy
|
|upkeep
|
|t:|1756346249
|switch|p2a: Steely Dan|Gholdengo, L50|100/100
|switch|p1b: Pelipper|Pelipper, L50, M|100/100
|-weather|RainDance|[from] ability: Drizzle|[of] p1b: Pelipper
|turn|4
|
|t:|1756346266
|move|p2b: Bl√•haj|Dragon Claw|p1b: Pelipper
|-damage|p1b: Pelipper|25/100
|-damage|p2b: Bl√•haj|81/100|[from] item: Life Orb
|move|p2a: Steely Dan|Make It Rain|p1a: Archaludon|[spread] p1a,p1b
|-resisted|p1b: Pelipper
|-damage|p1a: Archaludon|0 fnt
|-damage|p1b: Pelipper|0 fnt
|-unboost|p2a: Steely Dan|spa|1
|faint|p1a: Archaludon
|faint|p1b: Pelipper
|
|-weather|RainDance|[upkeep]
|-sideend|p2: CopyOfUntitled1111|move: Tailwind
|upkeep
|
|t:|1756346271
|switch|p1b: Basculegion|Basculegion, L50, M, shiny|100/100
|turn|5
|
|t:|1756346279
|move|p2b: Bl√•haj|Protect|p2b: Bl√•haj
|-singleturn|p2b: Bl√•haj|Protect
|move|p1b: Basculegion|Last Respects|p2a: Steely Dan
|-supereffective|p2a: Steely Dan
|-damage|p2a: Steely Dan|0 fnt
|faint|p2a: Steely Dan
|
|-weather|RainDance|[upkeep]
|upkeep
|turn|6
|
|t:|1756346287
|-terastallize|p2b: Bl√•haj|Ground
|move|p1b: Basculegion|Last Respects|p2b: Bl√•haj
|-damage|p2b: Bl√•haj|0 fnt
|faint|p2b: Bl√•haj
|
|win|SmogonSupervillain
||CopyOfUntitled1111 is ready for game 3.
||SmogonSupervillain is ready for game 3.
|uhtml|next|Next: Game 3 of 3
