|j|☆davidxrt
|j|☆LynxVGC
|html|davidxrtLynxVGC    
|uhtml|bestof|Game 2 of a best-of-3
|t:|1784025519
|gametype|doubles
|player|p1|davidxrt|hilbert-wonderlauncher|1220
|player|p2|LynxVGC|larry|1185
|gen|9
|tier|[Gen 9 Champions] VGC 2026 Reg M-B (Bo3)
|rated|
|rule|Species Clause: Limit one of each Pokémon
|rule|Item Clause: Limit 1 of each item
|clearpoke
|poke|p1|Klefki, L50, F|
|poke|p1|Kingambit, L50, M|
|poke|p1|Pelipper, L50, F|
|poke|p1|Archaludon, L50, F|
|poke|p1|Basculegion, L50, M|
|poke|p1|Floette-Eternal, L50, F|
|poke|p2|Grimmsnarl, L50, M|
|poke|p2|Venusaur, L50, M|
|poke|p2|Archaludon, L50, M|
|poke|p2|Pelipper, L50, M|
|poke|p2|Charizard, L50, M|
|poke|p2|Basculegion, L50, M|
|teampreview|4
|showteam|p1|Klefki||LightClay|Prankster|Reflect,LightScreen,RainDance,TrickRoom|Bold||F|||50|]Kingambit||BlackGlasses|Defiant|Protect,SuckerPunch,KowtowCleave,IronHead|Adamant||M|||50|]Pelipper||SitrusBerry|Drizzle|Protect,Tailwind,WeatherBall,Hurricane|Modest||F|||50|]Archaludon||QuickClaw|Stamina|Protect,ElectroShot,DracoMeteor,FlashCannon|Modest||F|||50|]Basculegion||LifeOrb|SwiftSwim|Protect,AquaJet,WaveCrash,LastRespects|Adamant||M|||50|]Floette-Eternal||Floettite|FlowerVeil|Protect,DazzlingGleam,Moonblast,LightofRuin|Modest||F|||50|
|showteam|p2|Grimmsnarl||LightClay|Prankster|Reflect,LightScreen,SpiritBreak,PartingShot|Impish||M|||50|]Venusaur||Venusaurite|Chlorophyll|SludgeBomb,LeechSeed,EarthPower,GigaDrain|Bold||M|||50|]Archaludon||Leftovers|Stamina|ElectroShot,FlashCannon,DragonPulse,Protect|Bold||M|||50|]Pelipper||SitrusBerry|Drizzle|Hurricane,Tailwind,WideGuard,WeatherBall|Calm||M|||50|]Charizard||CharizarditeY|Blaze|HeatWave,WeatherBall,SolarBeam,Protect|Modest||M|||50|]Basculegion||LifeOrb|Adaptability|WaveCrash,LastRespects,AquaJet,Protect|Adamant||M|||50|
|inactive|Battle timer is ON: inactive players will automatically lose when time's up. (requested by davidxrt)
|
|t:|1784025536
|teamsize|p1|4
|teamsize|p2|4
|start
|switch|p1a: Floette|Floette-Eternal, L50, F|100/100
|switch|p1b: Klefki|Klefki, L50, F|100/100
|switch|p2a: Venusaur|Venusaur, L50, M|100/100
|switch|p2b: Grimmsnarl|Grimmsnarl, L50, M|100/100
|turn|1
|
|t:|1784025553
|detailschange|p1a: Floette|Floette-Mega, L50, F
|-mega|p1a: Floette|Floette|Floettite
|-ability|p1a: Floette|Fairy Aura
|detailschange|p2a: Venusaur|Venusaur-Mega, L50, M
|-mega|p2a: Venusaur|Venusaur|Venusaurite
|move|p1b: Klefki|Light Screen|p1b: Klefki
|-sidestart|p1: davidxrt|move: Light Screen
|move|p2b: Grimmsnarl|Light Screen|p2b: Grimmsnarl
|-sidestart|p2: LynxVGC|move: Light Screen
|move|p1a: Floette|Moonblast|p2b: Grimmsnarl
|-supereffective|p2b: Grimmsnarl|1
|-damage|p2b: Grimmsnarl|0 fnt
|faint|p2b: Grimmsnarl
|move|p2a: Venusaur|Leech Seed|p1b: Klefki
|-start|p1b: Klefki|move: Leech Seed
|
|-damage|p1b: Klefki|87/100|[from] Leech Seed|[of] p2a: Venusaur
|upkeep
|inactive|LynxVGC has 30 seconds left.
|
|t:|1784025580
|switch|p2b: Basculegion|Basculegion, L50, M|100/100
|turn|2
|inactive|LynxVGC has 30 seconds left.
|inactive|LynxVGC has 20 seconds left.
|inactive|LynxVGC has 15 seconds left.
|inactive|LynxVGC has 10 seconds left.
|
|t:|1784025626
|move|p1b: Klefki|Reflect|p1b: Klefki
|-sidestart|p1: davidxrt|Reflect
|move|p1a: Floette|Light of Ruin|p2b: Basculegion
|-damage|p2b: Basculegion|9/100
|-damage|p1a: Floette|50/100g|[from] Recoil
|move|p2b: Basculegion|Wave Crash|p1a: Floette
|-damage|p1a: Floette|0 fnt
|faint|p1a: Floette
|-damage|p2b: Basculegion|0 fnt|[from] Recoil
|faint|p2b: Basculegion
|move|p2a: Venusaur|Earth Power|p1b: Klefki
|-supereffective|p1b: Klefki|1
|-damage|p1b: Klefki|51/100
|
|-damage|p1b: Klefki|39/100|[from] Leech Seed|[of] p2a: Venusaur
|upkeep
|
|t:|1784025644
|switch|p1a: Archaludon|Archaludon, L50, F|100/100
|switch|p2b: Archaludon|Archaludon, L50, M|100/100
|turn|3
|-activate|p1a: Archaludon|item: Quick Claw
|
|t:|1784025659
|move|p1b: Klefki|Rain Dance|p1b: Klefki
|-weather|RainDance
|move|p1a: Archaludon|Electro Shot||[still]
|-prepare|p1a: Archaludon|Electro Shot
|-boost|p1a: Archaludon|spa|1
|-anim|p1a: Archaludon|Electro Shot|p2b: Archaludon
|-resisted|p2b: Archaludon|1
|-damage|p2b: Archaludon|81/100
|-ability|p2b: Archaludon|Stamina|boost
|-boost|p2b: Archaludon|def|1
|move|p2a: Venusaur|Leech Seed|p1a: Archaludon
|-start|p1a: Archaludon|move: Leech Seed
|move|p2b: Archaludon|Dragon Pulse|p1a: Archaludon
|-damage|p1a: Archaludon|75/100
|-ability|p1a: Archaludon|Stamina|boost
|-boost|p1a: Archaludon|def|1
|
|-weather|RainDance|[upkeep]
|-heal|p2b: Archaludon|88/100|[from] item: Leftovers
|-damage|p1a: Archaludon|63/100|[from] Leech Seed|[of] p2a: Venusaur
|-damage|p1b: Klefki|26/100|[from] Leech Seed|[of] p2a: Venusaur
|upkeep
|turn|4
|
|t:|1784025681
|switch|p1b: Basculegion|Basculegion, L50, M|100/100
|move|p2a: Venusaur|Earth Power|p1a: Archaludon
|-supereffective|p1a: Archaludon|1
|-damage|p1a: Archaludon|28/100
|-ability|p1a: Archaludon|Stamina|boost
|-boost|p1a: Archaludon|def|1
|move|p2b: Archaludon|Electro Shot||[still]
|-prepare|p2b: Archaludon|Electro Shot
|-boost|p2b: Archaludon|spa|1
|-anim|p2b: Archaludon|Electro Shot|p1b: Basculegion
|-supereffective|p1b: Basculegion|1
|-damage|p1b: Basculegion|31/100
|move|p1a: Archaludon|Draco Meteor|p2b: Archaludon
|-damage|p2b: Archaludon|28/100
|-unboost|p1a: Archaludon|spa|2
|-ability|p2b: Archaludon|Stamina|boost
|-boost|p2b: Archaludon|def|1
|
|-weather|RainDance|[upkeep]
|-heal|p2b: Archaludon|34/100|[from] item: Leftovers
|-damage|p1a: Archaludon|16/100|[from] Leech Seed|[of] p2a: Venusaur
|upkeep
|turn|5
|
|t:|1784025705
|move|p1b: Basculegion|Protect|p1b: Basculegion
|-singleturn|p1b: Basculegion|Protect
|move|p2b: Archaludon|Protect|p2b: Archaludon
|-singleturn|p2b: Archaludon|Protect
|move|p2a: Venusaur|Giga Drain|p1b: Basculegion
|-activate|p1b: Basculegion|move: Protect
|move|p1a: Archaludon|Draco Meteor|p2b: Archaludon
|-activate|p2b: Archaludon|move: Protect
|
|-weather|RainDance|[upkeep]
|-heal|p2b: Archaludon|40/100|[from] item: Leftovers
|-damage|p1a: Archaludon|4/100|[from] Leech Seed|[of] p2a: Venusaur
|upkeep
|turn|6
|inactive|davidxrt has 30 seconds left.
|inactive|LynxVGC has 30 seconds left.
|
|t:|1784025737
|switch|p1b: Klefki|Klefki, L50, F|26/100
|move|p2a: Venusaur|Giga Drain|p1b: Klefki
|-resisted|p1b: Klefki|1
|-damage|p1b: Klefki|14/100
|move|p2b: Archaludon|Flash Cannon|p1b: Klefki
|-damage|p1b: Klefki|0 fnt
|faint|p1b: Klefki
|move|p1a: Archaludon|Draco Meteor|p2b: Archaludon
|-damage|p2b: Archaludon|17/100
|-unboost|p1a: Archaludon|spa|2
|-ability|p2b: Archaludon|Stamina|boost
|-boost|p2b: Archaludon|def|1
|
|-weather|RainDance|[upkeep]
|-heal|p2b: Archaludon|23/100|[from] item: Leftovers
|-damage|p1a: Archaludon|0 fnt|[from] Leech Seed|[of] p2a: Venusaur
|faint|p1a: Archaludon
|upkeep
|
|t:|1784025750
|switch|p1b: Basculegion|Basculegion, L50, M|31/100
|turn|7
|
|t:|1784025765
|move|p1b: Basculegion|Last Respects|p2a: Venusaur
|-crit|p2a: Venusaur
|-damage|p2a: Venusaur|0 fnt
|faint|p2a: Venusaur
|-damage|p1b: Basculegion|21/100|[from] item: Life Orb
|move|p2b: Archaludon|Electro Shot||[still]
|-prepare|p2b: Archaludon|Electro Shot
|-boost|p2b: Archaludon|spa|1
|-anim|p2b: Archaludon|Electro Shot|p1b: Basculegion
|-supereffective|p1b: Basculegion|1
|-damage|p1b: Basculegion|0 fnt
|faint|p1b: Basculegion
|
|win|LynxVGC
||davidxrt is ready for game 3.
|inactive|LynxVGC has 30 seconds to confirm battle start!
||LynxVGC is ready for game 3.
|uhtml|next|Next: Game 3 of 3
|l|☆davidxrt
|player|p1|
