|j|☆Refanner
|j|☆furnoz
|html|Refannerfurnoz    
|uhtml|bestof|Game 3 of a best-of-3
|t:|1756474830
|gametype|doubles
|player|p1|Refanner|101|1123
|player|p2|furnoz|wallace|1195
|gen|9
|tier|[Gen 9] VGC 2025 Reg H (Bo3)
|rated|
|rule|Species Clause: Limit one of each Pokémon
|rule|Item Clause: Limit 1 of each item
|clearpoke
|poke|p1|Garchomp, L50, M|
|poke|p1|Incineroar, L50, M|
|poke|p1|Tyranitar, L50, M|
|poke|p1|Gholdengo, L50|
|poke|p1|Primarina, L50, F|
|poke|p1|Talonflame, L50, F|
|poke|p2|Espeon, L50, F|
|poke|p2|Indeedee-F, L50, F|
|poke|p2|Pelipper, L50, M|
|poke|p2|Basculegion, L50, M|
|poke|p2|Archaludon, L50, F|
|poke|p2|Gallade, L50, M|
|teampreview|4
|showteam|p1|Garchomp||LifeOrb|RoughSkin|Earthquake,DragonClaw,StompingTantrum,Protect|||M|||50|,,,,,Fire]Incineroar||SitrusBerry|Intimidate|FlareBlitz,KnockOff,PartingShot,FakeOut|||M|||50|,,,,,Grass]Tyranitar||AssaultVest|SandStream|KnockOff,RockSlide,TeraBlast,LowKick|||M|||50|,,,,,Flying]Gholdengo||Leftovers|GoodasGold|MakeItRain,ShadowBall,NastyPlot,Protect||||||50|,,,,,Flying]Primarina||MagoBerry|LiquidVoice|HyperVoice,Moonblast,CalmMind,Protect|||F|||50|,,,,,Poison]Talonflame||CovertCloak|GaleWings|BraveBird,Tailwind,WillOWisp,Taunt|||F|||50|,,,,,Flying
|showteam|p2|Espeon||TwistedSpoon|MagicBounce|ExpandingForce,Psychic,Protect,DazzlingGleam|||F|||50|,,,,,Psychic]Indeedee-F||PsychicSeed|PsychicSurge|FollowMe,DazzlingGleam,TrickRoom,HelpingHand|||F|||50|,,,,,Grass]Pelipper||FocusSash|Drizzle|WeatherBall,Hurricane,WideGuard,Tailwind|||M|||50|,,,,,Ghost]Basculegion||ChoiceScarf|Adaptability|WaveCrash,FlipTurn,LastRespects,TeraBlast|||M|||50|,,,,,Fighting]Archaludon||AssaultVest|Stamina|ElectroShot,BodyPress,FlashCannon,DracoMeteor|||F|||50|,,,,,Fairy]Gallade||ClearAmulet|Sharpness|SacredSword,PsychoCut,NightSlash,Protect|||M|||50|,,,,,Dark
|
|t:|1756474856
|teamsize|p1|4
|teamsize|p2|4
|start
|switch|p1a: Tyranitar|Tyranitar, L50, M|100/100
|switch|p1b: Talonflame|Talonflame, L50, F|100/100
|switch|p2a: Espeon|Espeon, L50, F|100/100
|switch|p2b: Indeedee|Indeedee-F, L50, F|100/100
|-weather|Sandstorm|[from] ability: Sand Stream|[of] p1a: Tyranitar
|-fieldstart|move: Psychic Terrain|[from] ability: Psychic Surge|[of] p2b: Indeedee
|-enditem|p2b: Indeedee|Psychic Seed
|-boost|p2b: Indeedee|spd|1|[from] item: Psychic Seed
|turn|1
|
|t:|1756474905
|switch|p1b: Gholdengo|Gholdengo, L50|100/100
|move|p2a: Espeon|Expanding Force|p1a: Tyranitar|[spread] p1b
|-immune|p1a: Tyranitar
|-resisted|p1b: Gholdengo
|-damage|p1b: Gholdengo|67/100
|move|p1a: Tyranitar|Rock Slide|p2b: Indeedee|[spread] p2a,p2b
|-damage|p2a: Espeon|40/100
|-damage|p2b: Indeedee|68/100
|move|p2b: Indeedee|Trick Room|p2b: Indeedee
|-fieldstart|move: Trick Room|[of] p2b: Indeedee
|
|-weather|Sandstorm|[upkeep]
|-damage|p2b: Indeedee|62/100|[from] Sandstorm
|-damage|p2a: Espeon|35/100|[from] Sandstorm
|-heal|p1b: Gholdengo|73/100|[from] item: Leftovers
|upkeep
|turn|2
|
|t:|1756474929
|move|p1b: Gholdengo|Protect|p1b: Gholdengo
|-singleturn|p1b: Gholdengo|Protect
|move|p2a: Espeon|Protect|p2a: Espeon
|-singleturn|p2a: Espeon|Protect
|move|p1a: Tyranitar|Rock Slide|p2b: Indeedee|[spread] p2b
|-activate|p2a: Espeon|move: Protect
|-damage|p2b: Indeedee|34/100
|move|p2b: Indeedee|Trick Room|p2b: Indeedee
|-fieldend|move: Trick Room
|
|-weather|Sandstorm|[upkeep]
|-damage|p2a: Espeon|29/100|[from] Sandstorm
|-damage|p2b: Indeedee|28/100|[from] Sandstorm
|-heal|p1b: Gholdengo|80/100|[from] item: Leftovers
|upkeep
|turn|3
|
|t:|1756474962
|move|p2b: Indeedee|Helping Hand|p2a: Espeon
|-singleturn|p2a: Espeon|Helping Hand|[of] p2b: Indeedee
|move|p2a: Espeon|Expanding Force|p1a: Tyranitar|[spread] p1b
|-immune|p1a: Tyranitar
|-resisted|p1b: Gholdengo
|-damage|p1b: Gholdengo|21/100
|move|p1b: Gholdengo|Nasty Plot|p1b: Gholdengo
|-boost|p1b: Gholdengo|spa|2
|move|p1a: Tyranitar|Rock Slide|p2b: Indeedee|[spread] p2a,p2b
|-damage|p2a: Espeon|0 fnt
|-damage|p2b: Indeedee|0 fnt
|faint|p2a: Espeon
|faint|p2b: Indeedee
|
|-weather|Sandstorm|[upkeep]
|-heal|p1b: Gholdengo|27/100|[from] item: Leftovers
|upkeep
|
|t:|1756474965
|switch|p2a: Gallade|Gallade, L50, M|100/100
|switch|p2b: Basculegion|Basculegion, L50, M|100/100
|turn|4
|
|t:|1756475008
|-terastallize|p1a: Tyranitar|Flying
|move|p1b: Gholdengo|Protect|p1b: Gholdengo
|-singleturn|p1b: Gholdengo|Protect
|move|p2b: Basculegion|Last Respects|p1a: Tyranitar
|-damage|p1a: Tyranitar|13/100
|move|p2a: Gallade|Psycho Cut|p1a: Tyranitar
|-crit|p1a: Tyranitar
|-damage|p1a: Tyranitar|0 fnt
|faint|p1a: Tyranitar
|
|-weather|Sandstorm|[upkeep]
|-damage|p2b: Basculegion|94/100|[from] Sandstorm
|-damage|p2a: Gallade|95/100|[from] Sandstorm
|-heal|p1b: Gholdengo|33/100|[from] item: Leftovers
|upkeep
|
|t:|1756475021
|switch|p1a: Talonflame|Talonflame, L50, F|100/100
|turn|5
|
|t:|1756475075
|-terastallize|p2b: Basculegion|Fighting
|move|p1a: Talonflame|Tailwind|p1a: Talonflame
|-sidestart|p1: Refanner|move: Tailwind
|move|p1b: Gholdengo|Make It Rain|p2b: Basculegion|[spread] p2a,p2b
|-damage|p2a: Gallade|6/100
|-damage|p2b: Basculegion|0 fnt
|-unboost|p1b: Gholdengo|spa|1
|faint|p2b: Basculegion
|move|p2a: Gallade|Night Slash|p1b: Gholdengo
|-supereffective|p1b: Gholdengo
|-damage|p1b: Gholdengo|0 fnt
|faint|p1b: Gholdengo
|
|-weather|none
|-fieldend|move: Psychic Terrain
|upkeep
|
|t:|1756475088
|switch|p1b: Garchomp|Garchomp, L50, M|100/100
|turn|6
|
|t:|1756475092
|move|p1a: Talonflame|Brave Bird|p2a: Gallade
|-supereffective|p2a: Gallade
|-damage|p2a: Gallade|0 fnt
|faint|p2a: Gallade
|-damage|p1a: Talonflame|99/100|[from] Recoil
|
|win|Refanner
|raw|Refanner's rating: 1123 → 1153(+30 for winning)
|raw|furnoz's rating: 1195 → 1165(-30 for losing)
|l|☆furnoz
|player|p2|
