|j|☆iannaVi
|j|☆aerodactylhater
|html|iannaViaerodactylhater    
|uhtml|bestof|Game 3 of a best-of-3
|t:|1785189218
|gametype|doubles
|player|p1|iannaVi|cheren-gen5bw2|1163
|player|p2|aerodactylhater|cowgirl|1368
|gen|9
|tier|[Gen 9 Champions] VGC 2026 Reg M-B (Bo3)
|rated|
|rule|Species Clause: Limit one of each Pokémon
|rule|Item Clause: Limit 1 of each item
|clearpoke
|poke|p1|Talonflame, L50, F|
|poke|p1|Gardevoir, L50, F|
|poke|p1|Basculegion, L50, M|
|poke|p1|Kingambit, L50, M|
|poke|p1|Dragonite, L50, M|
|poke|p1|Sneasler, L50, F|
|poke|p2|Vanilluxe, L50, M|
|poke|p2|Blaziken, L50, F|
|poke|p2|Whimsicott, L50, M|
|poke|p2|Farigiraf, L50, M|
|poke|p2|Basculegion, L50, M|
|poke|p2|Kingambit, L50, F|
|teampreview|4
|showteam|p1|Talonflame||SharpBeak|GaleWings|DualWingbeat,Tailwind,FlareBlitz,Protect|Jolly||F|||50|]Gardevoir||Gardevoirite|Trace|HyperVoice,Psychic,HyperBeam,Protect|Modest||F|||50|]Basculegion||ChoiceScarf|Adaptability|LastRespects,WaveCrash,FlipTurn,AquaJet|Jolly||M|||50|]Kingambit||LifeOrb|Defiant|KowtowCleave,SuckerPunch,LowKick,IronHead|Jolly||M|||50|]Dragonite||Dragoninite|Multiscale|Flamethrower,DragonPulse,Thunderbolt,Protect|Modest||M|||50|]Sneasler||FocusSash|PoisonTouch|DireClaw,CloseCombat,FakeOut,Protect|Adamant||F|||50|
|showteam|p2|Vanilluxe||ChoiceScarf|SnowWarning|FreezeDry,Blizzard,IcyWind,SheerCold|Timid||M|||50|]Blaziken||Blazikenite|SpeedBoost|CloseCombat,FlareBlitz,Protect,RockSlide|Adamant||F|||50|]Whimsicott||FocusSash|Prankster|Moonblast,Tailwind,Protect,Encore|Timid||M|||50|]Farigiraf||SitrusBerry|ArmorTail|Psychic,Thunderbolt,TrickRoom,Protect|Modest||M|||50|]Basculegion||LifeOrb|Adaptability|WaveCrash,AquaJet,LastRespects,Protect|Adamant||M|||50|]Kingambit||BlackGlasses|Defiant|KowtowCleave,SuckerPunch,IronHead,Protect|Adamant||F|||50|
|inactive|Battle timer is ON: inactive players will automatically lose when time's up. (requested by iannaVi)
|inactive|aerodactylhater also wants the timer to be on.
|inactive|aerodactylhater has 60 seconds left.
|inactive|aerodactylhater has 30 seconds left.
|
|t:|1785189288
|teamsize|p1|4
|teamsize|p2|4
|start
|switch|p1a: Talonflame|Talonflame, L50, F|100/100
|switch|p1b: Sneasler|Sneasler, L50, F|100/100
|switch|p2a: Blaziken|Blaziken, L50, F|100/100
|switch|p2b: Farigiraf|Farigiraf, L50, M|100/100
|turn|1
|
|t:|1785189302
|detailschange|p2a: Blaziken|Blaziken-Mega, L50, F
|-mega|p2a: Blaziken|Blaziken|Blazikenite
|move|p1a: Talonflame|Tailwind|p1a: Talonflame
|-sidestart|p1: iannaVi|move: Tailwind
|move|p1b: Sneasler|Dire Claw|p2a: Blaziken
|-damage|p2a: Blaziken|36/100
|move|p2a: Blaziken|Rock Slide|p1a: Talonflame|[spread] p1b
|-miss|p2a: Blaziken|p1a: Talonflame
|-resisted|p1b: Sneasler|1
|-damage|p1b: Sneasler|78/100
|move|p2b: Farigiraf|Psychic|p1b: Sneasler
|-supereffective|p1b: Sneasler|2
|-damage|p1b: Sneasler|0 fnt
|faint|p1b: Sneasler
|
|-ability|p2a: Blaziken|Speed Boost|boost
|-boost|p2a: Blaziken|spe|1
|upkeep
|
|t:|1785189318
|switch|p1b: Basculegion|Basculegion, L50, M|100/100
|turn|2
|
|t:|1785189332
|switch|p1a: Dragonite|Dragonite, L50, M|100/100
|switch|p2a: Kingambit|Kingambit, L50, F|100/100
|move|p1b: Basculegion|Flip Turn|p2a: Kingambit
|-damage|p2a: Kingambit|69/100
|
|t:|1785189339
|switch|p1b: Talonflame|Talonflame, L50, F|100/100|[from] Flip Turn
|move|p2b: Farigiraf|Thunderbolt|p1a: Dragonite
|-damage|p1a: Dragonite|86/100
|
|upkeep
|turn|3
|
|t:|1785189355
|detailschange|p1a: Dragonite|Dragonite-Mega, L50, M
|-mega|p1a: Dragonite|Dragonite|Dragoninite
|move|p2a: Kingambit|Sucker Punch|p1b: Talonflame
|-damage|p1b: Talonflame|22/100
|move|p1b: Talonflame|Flare Blitz|p2b: Farigiraf
|-damage|p2b: Farigiraf|54/100
|-damage|p1b: Talonflame|1/100|[from] Recoil
|move|p1a: Dragonite|Flamethrower|p2a: Kingambit
|-supereffective|p2a: Kingambit|1
|-damage|p2a: Kingambit|1/100
|move|p2b: Farigiraf|Thunderbolt|p1b: Talonflame
|-supereffective|p1b: Talonflame|1
|-damage|p1b: Talonflame|0 fnt
|faint|p1b: Talonflame
|
|upkeep
|
|t:|1785189368
|switch|p1b: Basculegion|Basculegion, L50, M|100/100
|turn|4
|
|t:|1785189383
|move|p1b: Basculegion|Aqua Jet||[still]
|cant|p2b: Farigiraf|ability: Armor Tail|Aqua Jet|[of] p1b: Basculegion
|move|p2a: Kingambit|Sucker Punch||[still]
|-fail|p2a: Kingambit
|move|p1a: Dragonite|Dragon Pulse|p2a: Kingambit
|-resisted|p2a: Kingambit|1
|-damage|p2a: Kingambit|0 fnt
|faint|p2a: Kingambit
|move|p2b: Farigiraf|Thunderbolt|p1b: Basculegion
|-supereffective|p1b: Basculegion|1
|-damage|p1b: Basculegion|39/100
|
|-sideend|p1: iannaVi|move: Tailwind
|upkeep
|
|t:|1785189389
|switch|p2a: Vanilluxe|Vanilluxe, L50, M|100/100
|-weather|Snowscape|[from] ability: Snow Warning|[of] p2a: Vanilluxe
|turn|5
|-message|iannaVi forfeited.
|
|win|aerodactylhater
|raw|iannaVi's rating: 1163 → 1151(-12 for losing)
|raw|aerodactylhater's rating: 1368 → 1377(+9 for winning)
|l|☆iannaVi
|player|p1|
