|j|☆WestyLiam's House
|j|☆XayVGC
|html|WestyLiam's HouseXayVGC    
|uhtml|bestof|Game 1 of a best-of-3
|t:|1783609924
|gametype|doubles
|player|p1|WestyLiam's House|iris-gen5bw2|1276
|player|p2|XayVGC|clerk|1192
|gen|9
|tier|[Gen 9 Champions] VGC 2026 Reg M-B (Bo3)
|rated|
|rule|Species Clause: Limit one of each Pokémon
|rule|Item Clause: Limit 1 of each item
|clearpoke
|poke|p1|Charizard, L50, M|
|poke|p1|Venusaur, L50, F|
|poke|p1|Farigiraf, L50, M|
|poke|p1|Mawile, L50, F|
|poke|p1|Incineroar, L50, M|
|poke|p1|Garchomp, L50, M|
|poke|p2|Scovillain, L50, M|
|poke|p2|Araquanid, L50, F|
|poke|p2|Archaludon, L50, M|
|poke|p2|Froslass, L50, F|
|poke|p2|Lycanroc-Dusk, L50, F|
|poke|p2|Sneasler, L50, F|
|teampreview|4
|showteam|p1|Charizard||CharizarditeY|Blaze|HeatWave,WeatherBall,HelpingHand,Protect|Modest||M|||50|]Venusaur||LifeOrb|Chlorophyll|LeafStorm,SludgeBomb,EarthPower,Protect|Modest||F|||50|]Farigiraf||SitrusBerry|ArmorTail|TrickRoom,Thunderbolt,Psychic,HelpingHand|Sassy||M|||50|]Mawile||Mawilite|HyperCutter|PlayRough,RockSlide,SuckerPunch,Protect|Adamant||F|||50|]Incineroar||Leftovers|Intimidate|FakeOut,FlareBlitz,ThroatChop,PartingShot|Impish||M|||50|]Garchomp||ChoiceScarf|RoughSkin|Earthquake,DragonClaw,RockSlide,StompingTantrum|Adamant||M|||50|
|showteam|p2|Scovillain||Scovillainite|Moody|RagePowder,GigaDrain,Overheat,Protect|Bold||M|||50|]Araquanid||Leftovers|WaterBubble|WideGuard,Liquidation,LeechLife,Protect|Sassy||F|||50|]Archaludon||ChopleBerry|Stamina|AuraSphere,FlashCannon,DragonPulse,Protect|Modest||M|||50|]Froslass||Froslassite|SnowCloak|Blizzard,ShadowBall,AuroraVeil,Protect|Timid||F|||50|]Lycanroc-Dusk||FocusSash|ToughClaws|CloseCombat,Accelerock,RockSlide,Protect|Jolly||F|||50|]Sneasler||WhiteHerb|Unburden|FakeOut,CloseCombat,GunkShot,Protect|Jolly||F|||50|
|inactive|Battle timer is ON: inactive players will automatically lose when time's up. (requested by WestyLiam's House)
|inactive|WestyLiam's House has 60 seconds left.
|inactive|XayVGC has 60 seconds left.
|inactive|XayVGC has 30 seconds left.
|
|t:|1783609992
|teamsize|p1|4
|teamsize|p2|4
|start
|switch|p1a: Farigiraf|Farigiraf, L50, M|100/100
|switch|p1b: Incineroar|Incineroar, L50, M|100/100
|switch|p2a: Froslass|Froslass, L50, F|100/100
|switch|p2b: Sneasler|Sneasler, L50, F|100/100
|-ability|p1b: Incineroar|Intimidate|boost
|-unboost|p2a: Froslass|atk|1
|-unboost|p2b: Sneasler|atk|1
|-enditem|p2b: Sneasler|White Herb
|-clearnegativeboost|p2b: Sneasler|[silent]
|turn|1
|inactive|WestyLiam's House has 30 seconds left.
|inactive|XayVGC has 30 seconds left.
|inactive|XayVGC has 20 seconds left.
|
|t:|1783610027
|detailschange|p2a: Froslass|Froslass-Mega, L50, F
|-mega|p2a: Froslass|Froslass|Froslassite
|-weather|Snowscape|[from] ability: Snow Warning|[of] p2a: Froslass
|move|p2b: Sneasler|Close Combat|p1b: Incineroar
|-supereffective|p1b: Incineroar|1
|-damage|p1b: Incineroar|7/100
|-unboost|p2b: Sneasler|def|1
|-unboost|p2b: Sneasler|spd|1
|move|p2a: Froslass|Aurora Veil|p2a: Froslass
|-sidestart|p2: XayVGC|move: Aurora Veil
|move|p1b: Incineroar|Flare Blitz|p2a: Froslass
|-supereffective|p2a: Froslass|1
|-damage|p2a: Froslass|44/100
|-damage|p1b: Incineroar|0 fnt|[from] Recoil
|faint|p1b: Incineroar
|move|p1a: Farigiraf|Trick Room|p1a: Farigiraf
|-fieldstart|move: Trick Room|[of] p1a: Farigiraf
|
|-weather|Snowscape|[upkeep]
|upkeep
|
|t:|1783610043
|switch|p1b: Mawile|Mawile, L50, F|100/100
|turn|2
|
|t:|1783610062
|detailschange|p1b: Mawile|Mawile-Mega, L50, F
|-mega|p1b: Mawile|Mawile|Mawilite
|move|p2a: Froslass|Protect|p2a: Froslass
|-singleturn|p2a: Froslass|Protect
|move|p2b: Sneasler|Protect|p2b: Sneasler
|-singleturn|p2b: Sneasler|Protect
|move|p1b: Mawile|Play Rough|p2b: Sneasler
|-activate|p2b: Sneasler|move: Protect
|move|p1a: Farigiraf|Psychic|p2a: Froslass
|-activate|p2a: Froslass|move: Protect
|
|-weather|Snowscape|[upkeep]
|upkeep
|turn|3
|
|t:|1783610085
|switch|p2a: Araquanid|Araquanid, L50, F|100/100
|switch|p2b: Lycanroc|Lycanroc-Dusk, L50, F|100/100
|move|p1b: Mawile|Play Rough|p2a: Araquanid
|-damage|p2a: Araquanid|37/100
|move|p1a: Farigiraf|Psychic|p2b: Lycanroc
|-damage|p2b: Lycanroc|60/100
|
|-weather|Snowscape|[upkeep]
|-heal|p2a: Araquanid|42/100|[from] item: Leftovers
|upkeep
|turn|4
|inactive|WestyLiam's House has 30 seconds left.
|inactive|XayVGC has 30 seconds left.
|
|t:|1783610118
|move|p2a: Araquanid|Leech Life|p1a: Farigiraf
|-supereffective|p1a: Farigiraf|1
|-damage|p1a: Farigiraf|55/100
|-heal|p2a: Araquanid|72/100|[from] drain|[of] p1a: Farigiraf
|move|p1b: Mawile|Play Rough|p2b: Lycanroc
|-damage|p2b: Lycanroc|0 fnt
|faint|p2b: Lycanroc
|move|p1a: Farigiraf|Thunderbolt|p2a: Araquanid
|-supereffective|p2a: Araquanid|1
|-damage|p2a: Araquanid|49/100
|
|-weather|Snowscape|[upkeep]
|-heal|p2a: Araquanid|55/100|[from] item: Leftovers
|upkeep
|
|t:|1783610129
|switch|p2b: Froslass|Froslass-Mega, L50, F|44/100
|turn|5
|
|t:|1783610147
|switch|p2b: Sneasler|Sneasler, L50, F|100/100
|move|p2a: Araquanid|Leech Life|p1a: Farigiraf
|-supereffective|p1a: Farigiraf|1
|-damage|p1a: Farigiraf|7/100
|-heal|p2a: Araquanid|86/100|[from] drain|[of] p1a: Farigiraf
|-enditem|p1a: Farigiraf|Sitrus Berry|[eat]
|-heal|p1a: Farigiraf|32/100|[from] item: Sitrus Berry
|move|p1b: Mawile|Rock Slide|p2b: Sneasler|[spread] p2a,p2b
|-supereffective|p2a: Araquanid|1
|-resisted|p2b: Sneasler|1
|-damage|p2a: Araquanid|38/100
|-damage|p2b: Sneasler|78/100
|move|p1a: Farigiraf|Psychic|p2b: Sneasler
|-supereffective|p2b: Sneasler|2
|-damage|p2b: Sneasler|0 fnt
|faint|p2b: Sneasler
|
|-weather|none
|-heal|p2a: Araquanid|44/100|[from] item: Leftovers
|-sideend|p2: XayVGC|move: Aurora Veil
|-fieldend|move: Trick Room
|upkeep
|
|t:|1783610155
|switch|p2b: Froslass|Froslass-Mega, L50, F|44/100
|-weather|Snowscape|[from] ability: Snow Warning|[of] p2b: Froslass
|turn|6
|inactive|WestyLiam's House has 30 seconds left.
|inactive|XayVGC has 30 seconds left.
|
|t:|1783610191
|move|p2b: Froslass|Protect|p2b: Froslass
|-singleturn|p2b: Froslass|Protect
|move|p1a: Farigiraf|Thunderbolt|p2a: Araquanid
|-supereffective|p2a: Araquanid|1
|-damage|p2a: Araquanid|12/100
|move|p1b: Mawile|Play Rough|p2b: Froslass
|-activate|p2b: Froslass|move: Protect
|move|p2a: Araquanid|Leech Life|p1a: Farigiraf
|-supereffective|p1a: Farigiraf|1
|-damage|p1a: Farigiraf|0 fnt
|-heal|p2a: Araquanid|33/100|[from] drain|[of] p1a: Farigiraf
|faint|p1a: Farigiraf
|
|-weather|Snowscape|[upkeep]
|-heal|p2a: Araquanid|38/100|[from] item: Leftovers
|upkeep
|
|t:|1783610198
|switch|p1a: Garchomp|Garchomp, L50, M|100/100
|turn|7
|inactive|XayVGC has 30 seconds left.
|
|t:|1783610224
|move|p2a: Araquanid|Wide Guard|p2a: Araquanid
|-singleturn|p2a: Araquanid|Wide Guard
|move|p1b: Mawile|Sucker Punch||[still]
|-fail|p1b: Mawile
|move|p1a: Garchomp|Dragon Claw|p2a: Araquanid
|-damage|p2a: Araquanid|0 fnt
|faint|p2a: Araquanid
|move|p2b: Froslass|Aurora Veil|p2b: Froslass
|-sidestart|p2: XayVGC|move: Aurora Veil
|
|-weather|Snowscape|[upkeep]
|upkeep
|turn|8
|
|t:|1783610235
|move|p1b: Mawile|Sucker Punch|p2b: Froslass
|-supereffective|p2b: Froslass|1
|-damage|p2b: Froslass|0 fnt
|faint|p2b: Froslass
|
|win|WestyLiam's House
|l|☆XayVGC
|player|p2|
||WestyLiam's House is ready for game 2.
||XayVGC is ready for game 2.
|uhtml|next|Next: Game 2 of 3
