|j|☆strifesada
|j|☆JFT1331
|html|strifesadaJFT1331    
|uhtml|bestof|Game 2 of a best-of-3
|t:|1784080119
|gametype|doubles
|player|p1|strifesada|piers|1226
|player|p2|JFT1331|ethan|1142
|gen|9
|tier|[Gen 9 Champions] VGC 2026 Reg M-B (Bo3)
|rated|
|rule|Species Clause: Limit one of each Pokémon
|rule|Item Clause: Limit 1 of each item
|clearpoke
|poke|p1|Raichu, L50, F|
|poke|p1|Incineroar, L50, F|
|poke|p1|Sylveon, L50, F|
|poke|p1|Whimsicott, L50, F|
|poke|p1|Mamoswine, L50, F|
|poke|p1|Charizard, L50, M|
|poke|p2|Archaludon, L50, F|
|poke|p2|Swampert, L50, F|
|poke|p2|Pelipper, L50, F|
|poke|p2|Tyranitar, L50, M|
|poke|p2|Garchomp, L50, M|
|poke|p2|Sableye, L50, F|
|teampreview|4
|showteam|p1|Raichu||RaichuniteY|LightningRod|ZapCannon,FocusBlast,FakeOut,Protect|Timid||F|||50|]Incineroar||PasshoBerry|Intimidate|FakeOut,FlareBlitz,ThroatChop,PartingShot|Careful||F|||50|]Sylveon||FairyFeather|Pixilate|HyperVoice,CalmMind,QuickAttack,Protect|Modest||F|||50|]Whimsicott||FocusSash|Prankster|Encore,Protect,Tailwind,EnergyBall|Timid||F|||50|]Mamoswine||LifeOrb|Oblivious|HighHorsepower,IceShard,IcicleCrash,Protect|Adamant||F|||50|]Charizard||CharizarditeY|Blaze|HeatWave,WeatherBall,SolarBeam,Protect|Modest||M|||50|
|showteam|p2|Archaludon||Leftovers|Stamina|ElectroShot,FlashCannon,Protect,DragonPulse|Modest||F|||50|]Swampert||Swampertite|Torrent|Protect,WaveCrash,Earthquake,IcePunch|Adamant||F|||50|]Pelipper||DampRock|Drizzle|Hurricane,WeatherBall,Tailwind,WideGuard|Modest||F|||50|]Tyranitar||Tyranitarite|SandStream|RockSlide,KnockOff,Protect,LowKick|Adamant||M|||50|]Garchomp||LifeOrb|RoughSkin|DragonClaw,RockSlide,Earthquake,Protect|Jolly||M|||50|]Sableye||LightClay|Prankster|LightScreen,Reflect,FakeOut,WillOWisp|Careful||F|||50|
|
|t:|1784080175
|teamsize|p1|4
|teamsize|p2|4
|start
|switch|p1a: Raichu|Raichu, L50, F|100/100
|switch|p1b: Sylveon|Sylveon, L50, F|100/100
|switch|p2a: Archaludon|Archaludon, L50, F|100/100
|switch|p2b: Sableye|Sableye, L50, F|100/100
|turn|1
|
|t:|1784080218
|switch|p1b: Whimsicott|Whimsicott, L50, F|100/100
|detailschange|p1a: Raichu|Raichu-Mega-Y, L50, F
|-mega|p1a: Raichu|Raichu|Raichunite Y
|move|p2b: Sableye|Fake Out|p1a: Raichu
|-damage|p1a: Raichu|89/100
|cant|p1a: Raichu|flinch
|move|p2a: Archaludon|Dragon Pulse|p1a: Raichu
|-damage|p1a: Raichu|35/100
|
|upkeep
|turn|2
|
|t:|1784080243
|move|p1b: Whimsicott|Tailwind|p1b: Whimsicott
|-sidestart|p1: strifesada|move: Tailwind
|move|p2b: Sableye|Light Screen|p2b: Sableye
|-sidestart|p2: JFT1331|move: Light Screen
|move|p1a: Raichu|Focus Blast|p2a: Archaludon
|-supereffective|p2a: Archaludon|1
|-damage|p2a: Archaludon|49/100
|-ability|p2a: Archaludon|Stamina|boost
|-boost|p2a: Archaludon|def|1
|move|p2a: Archaludon|Dragon Pulse|p1a: Raichu
|-damage|p1a: Raichu|0 fnt
|faint|p1a: Raichu
|
|-heal|p2a: Archaludon|55/100|[from] item: Leftovers
|upkeep
|
|t:|1784080255
|switch|p1a: Sylveon|Sylveon, L50, F|100/100
|turn|3
|
|t:|1784080279
|switch|p2b: Pelipper|Pelipper, L50, F|100/100
|-weather|RainDance|[from] ability: Drizzle|[of] p2b: Pelipper
|move|p2a: Archaludon|Protect|p2a: Archaludon
|-singleturn|p2a: Archaludon|Protect
|move|p1b: Whimsicott|Encore|p2a: Archaludon
|-activate|p2a: Archaludon|move: Protect
|move|p1a: Sylveon|Calm Mind|p1a: Sylveon
|-boost|p1a: Sylveon|spa|1
|-boost|p1a: Sylveon|spd|1
|
|-weather|RainDance|[upkeep]
|-heal|p2a: Archaludon|61/100|[from] item: Leftovers
|upkeep
|turn|4
|
|t:|1784080310
|move|p1b: Whimsicott|Protect|p1b: Whimsicott
|-singleturn|p1b: Whimsicott|Protect
|move|p1a: Sylveon|Hyper Voice|p2b: Pelipper|[spread] p2a,p2b
|-damage|p2a: Archaludon|14/100
|-damage|p2b: Pelipper|11/100
|-ability|p2a: Archaludon|Stamina|boost
|-boost|p2a: Archaludon|def|1
|move|p2b: Pelipper|Hurricane|p1b: Whimsicott
|-activate|p1b: Whimsicott|move: Protect
|move|p2a: Archaludon|Flash Cannon|p1a: Sylveon
|-supereffective|p1a: Sylveon|1
|-damage|p1a: Sylveon|55/100
|
|-weather|RainDance|[upkeep]
|-heal|p2a: Archaludon|20/100y|[from] item: Leftovers
|upkeep
|turn|5
|
|t:|1784080348
|move|p2b: Pelipper|Wide Guard|p2b: Pelipper
|-singleturn|p2b: Pelipper|Wide Guard
|move|p1b: Whimsicott|Energy Ball|p2b: Pelipper
|-damage|p2b: Pelipper|0 fnt
|faint|p2b: Pelipper
|move|p1a: Sylveon|Hyper Voice|p2a: Archaludon
|-activate|p2a: Archaludon|move: Wide Guard
|move|p2a: Archaludon|Flash Cannon|p1b: Whimsicott
|-supereffective|p1b: Whimsicott|1
|-enditem|p1b: Whimsicott|Focus Sash
|-damage|p1b: Whimsicott|1/100
|-unboost|p1b: Whimsicott|spd|1
|
|-weather|RainDance|[upkeep]
|-heal|p2a: Archaludon|26/100|[from] item: Leftovers
|-sideend|p1: strifesada|move: Tailwind
|upkeep
|
|t:|1784080371
|switch|p2b: Swampert|Swampert, L50, F|100/100
|turn|6
|
|t:|1784080387
|detailschange|p2b: Swampert|Swampert-Mega, L50, F
|-mega|p2b: Swampert|Swampert|Swampertite
|move|p2a: Archaludon|Protect|p2a: Archaludon
|-singleturn|p2a: Archaludon|Protect
|move|p1a: Sylveon|Protect|p1a: Sylveon
|-singleturn|p1a: Sylveon|Protect
|move|p2b: Swampert|Earthquake|p1b: Whimsicott|[spread] p1b
|-activate|p2a: Archaludon|move: Protect
|-activate|p1a: Sylveon|move: Protect
|-resisted|p1b: Whimsicott|1
|-damage|p1b: Whimsicott|0 fnt
|faint|p1b: Whimsicott
|
|-weather|RainDance|[upkeep]
|-heal|p2a: Archaludon|32/100|[from] item: Leftovers
|upkeep
|
|t:|1784080397
|switch|p1b: Mamoswine|Mamoswine, L50, F|100/100
|turn|7
|
|t:|1784080419
|move|p1b: Mamoswine|Ice Shard|p2b: Swampert
|-damage|p2b: Swampert|72/100
|-damage|p1b: Mamoswine|90/100|[from] item: Life Orb
|move|p2b: Swampert|Wave Crash|p1b: Mamoswine
|-supereffective|p1b: Mamoswine|1
|-crit|p1b: Mamoswine
|-damage|p1b: Mamoswine|0 fnt
|faint|p1b: Mamoswine
|-damage|p2b: Swampert|38/100|[from] Recoil
|move|p2a: Archaludon|Flash Cannon|p1a: Sylveon
|-supereffective|p1a: Sylveon|1
|-damage|p1a: Sylveon|16/100
|move|p1a: Sylveon|Hyper Voice|p2b: Swampert|[spread] p2a,p2b
|-damage|p2a: Archaludon|0 fnt
|-damage|p2b: Swampert|0 fnt
|faint|p2a: Archaludon
|faint|p2b: Swampert
|
|-weather|RainDance|[upkeep]
|upkeep
|
|t:|1784080439
|switch|p2a: Sableye|Sableye, L50, F|100/100
|turn|8
|
|t:|1784080447
|move|p2a: Sableye|Fake Out|p1a: Sylveon
|-damage|p1a: Sylveon|7/100
|cant|p1a: Sylveon|flinch
|
|-weather|RainDance|[upkeep]
|upkeep
|turn|9
|
|t:|1784080454
|move|p2a: Sableye|Will-O-Wisp|p1a: Sylveon|[miss]
|-miss|p2a: Sableye|p1a: Sylveon
|move|p1a: Sylveon|Hyper Voice|p2a: Sableye
|-supereffective|p2a: Sableye|1
|-damage|p2a: Sableye|0 fnt
|faint|p2a: Sableye
|
|win|strifesada
