|j|☆Balruch
|j|☆chocokoala vgc
|html|Balruchchocokoala vgc    
|uhtml|bestof|Game 2 of a best-of-3
|t:|1782502322
|gametype|doubles
|player|p1|Balruch|veteran|1126
|player|p2|chocokoala vgc|benga|1247
|gen|9
|tier|[Gen 9 Champions] VGC 2026 Reg M-B (Bo3)
|rated|
|rule|Species Clause: Limit one of each Pokémon
|rule|Item Clause: Limit 1 of each item
|clearpoke
|poke|p1|Charizard, L50, M|
|poke|p1|Garchomp, L50, F|
|poke|p1|Basculegion, L50, M|
|poke|p1|Floette-Eternal, L50, F|
|poke|p1|Aerodactyl, L50, M|
|poke|p1|Venusaur, L50, F|
|poke|p2|Kangaskhan, L50, F|
|poke|p2|Incineroar, L50, M|
|poke|p2|Farigiraf, L50, M|
|poke|p2|Whimsicott, L50, F|
|poke|p2|Gholdengo, L50|
|poke|p2|Raichu, L50, F, shiny|
|teampreview|4
|showteam|p1|Charizard||CharizarditeY|Blaze|HeatWave,SolarBeam,DragonPulse,Protect|Timid||M|||50|]Garchomp||LifeOrb|RoughSkin|StompingTantrum,RockSlide,Protect,PoisonJab|Jolly||F|||50|]Basculegion||ChoiceScarf|Adaptability|LastRespects,AquaJet,WaveCrash,FlipTurn|Adamant||M|||50|]Floette-Eternal||Floettite|FlowerVeil|DazzlingGleam,DrainingKiss,GigaDrain,Protect|Timid||F|||50|]Aerodactyl||FocusSash|Unnerve|RockSlide,Tailwind,DualWingbeat,WideGuard|Jolly||M|||50|]Venusaur||WideLens|Chlorophyll|EarthPower,SludgeBomb,SleepPowder,Protect|Modest||F|||50|
|showteam|p2|Kangaskhan||Kangaskhanite|Scrappy|FakeOut,DoubleEdge,Protect,LowKick|Adamant||F|||50|]Incineroar||Leftovers|Intimidate|FakeOut,PartingShot,FlareBlitz,DarkestLariat|Sassy||M|||50|]Farigiraf||SitrusBerry|ArmorTail|Psychic,HelpingHand,Protect,TrickRoom|Bold||M|||50|]Whimsicott||FocusSash|Prankster|Tailwind,FakeTears,Encore,Moonblast|Timid||F|||50|]Gholdengo||LifeOrb|GoodasGold|MakeItRain,ShadowBall,Protect,NastyPlot|Modest|||||50|]Raichu||RaichuniteY|LightningRod|ZapCannon,FocusBlast,Protect,GrassKnot|Timid||F|||50|
|inactive|Battle timer is ON: inactive players will automatically lose when time's up. (requested by chocokoala vgc)
|
|t:|1782502348
|teamsize|p1|4
|teamsize|p2|4
|start
|switch|p1a: Garchomp|Garchomp, L50, F|100/100
|switch|p1b: Venusaur|Venusaur, L50, F|100/100
|switch|p2a: Kangaskhan|Kangaskhan, L50, F|100/100
|switch|p2b: Farigiraf|Farigiraf, L50, M|100/100
|turn|1
|
|t:|1782502361
|detailschange|p2a: Kangaskhan|Kangaskhan-Mega, L50, F
|-mega|p2a: Kangaskhan|Kangaskhan|Kangaskhanite
|move|p2a: Kangaskhan|Fake Out|p1b: Venusaur
|-damage|p1b: Venusaur|72/100
|-damage|p1b: Venusaur|65/100
|-hitcount|p1b: Venusaur|2
|move|p1a: Garchomp|Rock Slide|p2a: Kangaskhan|[spread] p2a
|-miss|p1a: Garchomp|p2b: Farigiraf
|-damage|p2a: Kangaskhan|77/100
|-damage|p1a: Garchomp|90/100|[from] item: Life Orb
|cant|p1b: Venusaur|flinch
|move|p2b: Farigiraf|Trick Room|p2b: Farigiraf
|-fieldstart|move: Trick Room|[of] p2b: Farigiraf
|
|upkeep
|turn|2
|inactive|Balruch has 30 seconds left.
|
|t:|1782502390
|move|p1b: Venusaur|Protect|p1b: Venusaur
|-singleturn|p1b: Venusaur|Protect
|move|p2b: Farigiraf|Psychic|p1b: Venusaur
|-activate|p1b: Venusaur|move: Protect
|move|p2a: Kangaskhan|Double-Edge|p1a: Garchomp
|-damage|p1a: Garchomp|20/100r
|-damage|p2a: Kangaskhan|65/100|[from] ability: Rough Skin|[of] p1a: Garchomp
|-damage|p1a: Garchomp|3/100
|-damage|p2a: Kangaskhan|53/100|[from] ability: Rough Skin|[of] p1a: Garchomp
|-hitcount|p1a: Garchomp|2
|-damage|p2a: Kangaskhan|26/100|[from] Recoil
|move|p1a: Garchomp|Stomping Tantrum|p2a: Kangaskhan
|-damage|p2a: Kangaskhan|0 fnt
|faint|p2a: Kangaskhan
|-damage|p1a: Garchomp|0 fnt|[from] item: Life Orb
|faint|p1a: Garchomp
|
|upkeep
|
|t:|1782502413
|switch|p2a: Gholdengo|Gholdengo, L50|100/100
|switch|p1a: Aerodactyl|Aerodactyl, L50, M|100/100
|-ability|p1a: Aerodactyl|Unnerve
|turn|3
|inactive|Balruch has 30 seconds left.
|inactive|Balruch has 20 seconds left.
|
|t:|1782502452
|move|p1b: Venusaur|Protect||[still]
|-fail|p1b: Venusaur
|move|p2b: Farigiraf|Psychic|p1b: Venusaur
|-supereffective|p1b: Venusaur|1
|-damage|p1b: Venusaur|1/100
|move|p2a: Gholdengo|Shadow Ball|p1a: Aerodactyl
|-damage|p1a: Aerodactyl|15/100
|-damage|p2a: Gholdengo|90/100|[from] item: Life Orb
|move|p1a: Aerodactyl|Dual Wingbeat|p2b: Farigiraf
|-damage|p2b: Farigiraf|85/100
|-damage|p2b: Farigiraf|71/100
|-hitcount|p2b: Farigiraf|2
|
|upkeep
|turn|4
|
|t:|1782502472
|move|p1b: Venusaur|Protect|p1b: Venusaur
|-singleturn|p1b: Venusaur|Protect
|move|p2b: Farigiraf|Psychic|p1b: Venusaur
|-activate|p1b: Venusaur|move: Protect
|move|p2a: Gholdengo|Make It Rain|p1b: Venusaur|[spread] p1a
|-activate|p1b: Venusaur|move: Protect
|-supereffective|p1a: Aerodactyl|1
|-crit|p1a: Aerodactyl
|-damage|p1a: Aerodactyl|0 fnt
|-unboost|p2a: Gholdengo|spa|2
|faint|p1a: Aerodactyl
|-damage|p2a: Gholdengo|81/100|[from] item: Life Orb
|
|upkeep
|
|t:|1782502484
|switch|p1a: Charizard|Charizard, L50, M|100/100
|turn|5
|
|t:|1782502489
|switch|p2a: Incineroar|Incineroar, L50, M|100/100
|-ability|p2a: Incineroar|Intimidate|boost
|-unboost|p1a: Charizard|atk|1
|-unboost|p1b: Venusaur|atk|1
|move|p2b: Farigiraf|Protect|p2b: Farigiraf
|-singleturn|p2b: Farigiraf|Protect
|move|p1b: Venusaur|Protect|p1b: Venusaur
|-singleturn|p1b: Venusaur|Protect
|move|p1a: Charizard|Protect||[still]
|-fail|p1a: Charizard
|
|-fieldend|move: Trick Room
|upkeep
|turn|6
|-message|Balruch forfeited.
|
|win|chocokoala vgc
|raw|Balruch's rating: 1126 → 1109(-17 for losing)
|raw|chocokoala vgc's rating: 1247 → 1264(+17 for winning)
