|j|☆failandimprove2
|j|☆pokeplaygg
|html|failandimprove2pokeplaygg    
|uhtml|bestof|Game 2 of a best-of-3
|t:|1782690554
|gametype|doubles
|player|p1|failandimprove2|101|1133
|player|p2|pokeplaygg|266|1325
|gen|9
|tier|[Gen 9 Champions] VGC 2026 Reg M-B (Bo3)
|rated|
|rule|Species Clause: Limit one of each Pokémon
|rule|Item Clause: Limit 1 of each item
|clearpoke
|poke|p1|Kingambit, L50, M|
|poke|p1|Charizard, L50, F|
|poke|p1|Aerodactyl, L50, F|
|poke|p1|Farigiraf, L50, F|
|poke|p1|Garchomp, L50, M|
|poke|p1|Sylveon, L50, M|
|poke|p2|Pelipper, L50, M|
|poke|p2|Archaludon, L50, M|
|poke|p2|Swampert, L50, F|
|poke|p2|Venusaur, L50, F|
|poke|p2|Aerodactyl, L50, M|
|poke|p2|Scrafty, L50, M|
|teampreview|4
|showteam|p1|Kingambit||FocusSash|Defiant|KowtowCleave,IronHead,SuckerPunch,LowKick|Adamant||M|||50|]Charizard||CharizarditeY|Blaze|HeatWave,SolarBeam,WeatherBall,Protect|Modest||F|||50|]Aerodactyl||Aerodactylite|Unnerve|RockSlide,DualWingbeat,IceFang,Tailwind|Jolly||F|||50|]Farigiraf||SitrusBerry|ArmorTail|Psychic,Thunderbolt,TrickRoom,Protect|Bold||F|||50|]Garchomp||LifeOrb|RoughSkin|Earthquake,DragonClaw,StompingTantrum,Protect|Jolly||M|||50|]Sylveon||FairyFeather|Pixilate|HyperVoice,HyperBeam,QuickAttack,Protect|Modest||M|||50|
|showteam|p2|Pelipper||LifeOrb|Drizzle|Protect,Hurricane,MuddyWater,Tailwind|Modest||M|||50|]Archaludon||Leftovers|Stamina|Protect,ElectroShot,DracoMeteor,FlashCannon|Modest||M|||50|]Swampert||Swampertite|Torrent|Protect,WaveCrash,Earthquake,IcePunch|Adamant||F|||50|]Venusaur||Venusaurite|Chlorophyll|Protect,SleepPowder,SludgeBomb,EarthPower|Modest||F|||50|]Aerodactyl||FocusSash|Unnerve|Protect,Tailwind,RockSlide,PsychicFangs|Jolly||M|||50|]Scrafty||SitrusBerry|Intimidate|Protect,BrickBreak,KnockOff,FakeOut|Careful||M|||50|
|inactive|Battle timer is ON: inactive players will automatically lose when time's up. (requested by pokeplaygg)
|inactive|failandimprove2 has 60 seconds left.
|
|t:|1782690587
|teamsize|p1|4
|teamsize|p2|4
|start
|switch|p1a: Garchomp|Garchomp, L50, M|100/100
|switch|p1b: Aerodactyl|Aerodactyl, L50, F|100/100
|switch|p2a: Pelipper|Pelipper, L50, M|100/100
|switch|p2b: Swampert|Swampert, L50, F|100/100
|-ability|p1b: Aerodactyl|Unnerve
|-weather|RainDance|[from] ability: Drizzle|[of] p2a: Pelipper
|turn|1
|inactive|failandimprove2 has 30 seconds left.
|
|t:|1782690616
|switch|p1b: Kingambit|Kingambit, L50, M|100/100
|detailschange|p2b: Swampert|Swampert-Mega, L50, F
|-mega|p2b: Swampert|Swampert|Swampertite
|move|p2b: Swampert|Wave Crash|p1b: Kingambit
|-damage|p1b: Kingambit|2/100
|-damage|p2b: Swampert|67/100|[from] Recoil
|move|p1a: Garchomp|Dragon Claw|p2b: Swampert
|-damage|p2b: Swampert|18/100
|-damage|p1a: Garchomp|90/100|[from] item: Life Orb
|move|p2a: Pelipper|Tailwind|p2a: Pelipper
|-sidestart|p2: pokeplaygg|move: Tailwind
|
|-weather|RainDance|[upkeep]
|upkeep
|turn|2
|inactive|pokeplaygg has 30 seconds left.
|
|t:|1782690645
|move|p2b: Swampert|Protect|p2b: Swampert
|-singleturn|p2b: Swampert|Protect
|move|p1b: Kingambit|Sucker Punch|p2a: Pelipper
|-damage|p2a: Pelipper|59/100
|move|p2a: Pelipper|Muddy Water|p1b: Kingambit|[spread] p1a,p1b
|-crit|p1b: Kingambit
|-damage|p1a: Garchomp|28/100
|-damage|p1b: Kingambit|0 fnt
|faint|p1b: Kingambit
|-damage|p2a: Pelipper|50/100g|[from] item: Life Orb
|move|p1a: Garchomp|Dragon Claw|p2a: Pelipper
|-damage|p2a: Pelipper|0 fnt
|faint|p2a: Pelipper
|-damage|p1a: Garchomp|19/100|[from] item: Life Orb
|
|-weather|RainDance|[upkeep]
|upkeep
|
|t:|1782690662
|switch|p1b: Sylveon|Sylveon, L50, M|100/100
|switch|p2a: Aerodactyl|Aerodactyl, L50, M|100/100
|-ability|p2a: Aerodactyl|Unnerve
|turn|3
|inactive|failandimprove2 has 30 seconds left.
|
|t:|1782690690
|move|p1b: Sylveon|Protect|p1b: Sylveon
|-singleturn|p1b: Sylveon|Protect
|move|p2b: Swampert|Wave Crash|p1b: Sylveon
|-activate|p1b: Sylveon|move: Protect
|move|p2a: Aerodactyl|Psychic Fangs|p1a: Garchomp
|-damage|p1a: Garchomp|0 fnt
|-damage|p2a: Aerodactyl|87/100|[from] ability: Rough Skin|[of] p1a: Garchomp
|faint|p1a: Garchomp
|
|-weather|RainDance|[upkeep]
|upkeep
|
|t:|1782690696
|switch|p1a: Aerodactyl|Aerodactyl, L50, F|100/100
|-ability|p1a: Aerodactyl|Unnerve
|turn|4
|
|t:|1782690714
|detailschange|p1a: Aerodactyl|Aerodactyl-Mega, L50, F
|-mega|p1a: Aerodactyl|Aerodactyl|Aerodactylite
|move|p2b: Swampert|Wave Crash|p1b: Sylveon
|-damage|p1b: Sylveon|0 fnt
|faint|p1b: Sylveon
|-damage|p2b: Swampert|0 fnt|[from] Recoil
|faint|p2b: Swampert
|move|p2a: Aerodactyl|Rock Slide|p1a: Aerodactyl
|-supereffective|p1a: Aerodactyl|1
|-damage|p1a: Aerodactyl|24/100
|move|p1a: Aerodactyl|Rock Slide|p2a: Aerodactyl|[miss]
|-miss|p1a: Aerodactyl|p2a: Aerodactyl
|
|-weather|RainDance|[upkeep]
|-sideend|p2: pokeplaygg|move: Tailwind
|upkeep
|
|t:|1782690726
|switch|p2b: Venusaur|Venusaur, L50, F|100/100
|turn|5
|
|t:|1782690734
|move|p1a: Aerodactyl|Rock Slide|p2a: Aerodactyl|[spread] p2a,p2b
|-supereffective|p2a: Aerodactyl|1
|-damage|p2a: Aerodactyl|0 fnt
|-damage|p2b: Venusaur|68/100
|faint|p2a: Aerodactyl
|cant|p2b: Venusaur|flinch
|
|-weather|none
|upkeep
|turn|6
|
|t:|1782690757
|move|p1a: Aerodactyl|Dual Wingbeat|p2b: Venusaur
|-supereffective|p2b: Venusaur|1
|-damage|p2b: Venusaur|16/100
|-supereffective|p2b: Venusaur|1
|-damage|p2b: Venusaur|0 fnt
|faint|p2b: Venusaur
|-hitcount|p2: Venusaur|2
|
|win|failandimprove2
|raw|failandimprove2's rating: 1133 → 1171(+38 for winning)
|raw|pokeplaygg's rating: 1325 → 1295(-30 for losing)
