|j|☆Freudianbreath
|j|☆Bujero A subir
|html|FreudianbreathBujero A subir    
|uhtml|bestof|Game 2 of a best-of-3
|t:|1756490472
|gametype|doubles
|player|p1|Freudianbreath|1|1057
|player|p2|Bujero A subir|acetrainercouple|1040
|gen|9
|tier|[Gen 9] VGC 2025 Reg H (Bo3)
|rated|
|rule|Species Clause: Limit one of each Pokémon
|rule|Item Clause: Limit 1 of each item
|clearpoke
|poke|p1|Rillaboom, L50, M|
|poke|p1|Gholdengo, L50|
|poke|p1|Amoonguss, L50, M|
|poke|p1|Incineroar, L50, M|
|poke|p1|Pelipper, L50, F|
|poke|p1|Palafin, L50, F|
|poke|p2|Rillaboom, L50, M|
|poke|p2|Kingambit, L50, M|
|poke|p2|Sneasler, L50, M|
|poke|p2|Electabuzz, L50, M|
|poke|p2|Dragonite, L50, M|
|poke|p2|Volcarona, L50, M|
|teampreview|4
|showteam|p1|Rillaboom||AssaultVest|GrassySurge|WoodHammer,GrassyGlide,FakeOut,HighHorsepower|||M|||50|,,,,,Fire]Gholdengo||ChoiceSpecs|GoodasGold|MakeItRain,ShadowBall,PowerGem,Thunder||||||50|,,,,,Steel]Amoonguss||RockyHelmet|Regenerator|PollenPuff,Spore,RagePowder,ClearSmog|||M|||50|,,,,,Fairy]Incineroar||SafetyGoggles|Intimidate|FakeOut,KnockOff,WillOWisp,PartingShot|||M|||50|,,,,,Ghost]Pelipper||FocusSash|Drizzle|Hurricane,WeatherBall,Tailwind,Protect|||F|||50|,,,,,Stellar]Palafin||ChoiceBand|ZerotoHero|JetPunch,WaveCrash,FlipTurn,CloseCombat|||F|||50|,,,,,Water
|showteam|p2|Rillaboom||AssaultVest|GrassySurge|FakeOut,WoodHammer,HighHorsepower,GrassyGlide|||M|||50|,,,,,Fire]Kingambit||BlackGlasses|Defiant|KowtowCleave,SuckerPunch,SwordsDance,Protect|||M|||50|,,,,,Dark]Sneasler||GrassySeed|Unburden|CloseCombat,DireClaw,Protect,Coaching|||M|||50|,,,,,Stellar]Electabuzz||Eviolite|VitalSpirit|Electroweb,Taunt,FollowMe,Protect|||M|||50|,,,,,Dragon]Dragonite||LoadedDice|Multiscale|ScaleShot,Tailwind,Protect,Haze|||M|||50|,,,,,Fairy]Volcarona||CovertCloak|FlameBody|QuiverDance,TeraBlast,HeatWave,Protect|||M|||50|,,,,,Fairy
|inactive|Battle timer is ON: inactive players will automatically lose when time's up. (requested by Bujero A subir)
|c|☆Bujero A subir|glhf
|inactive|Freudianbreath has 60 seconds left.
|
|t:|1756490519
|teamsize|p1|4
|teamsize|p2|4
|start
|switch|p1a: Palafin|Palafin, L50, F|100/100
|switch|p1b: Pelipper|Pelipper, L50, F|100/100
|switch|p2a: Volcarona|Volcarona, L50, M|100/100
|switch|p2b: Sneasler|Sneasler, L50, M, shiny|100/100
|-weather|RainDance|[from] ability: Drizzle|[of] p1b: Pelipper
|turn|1
|inactive|Freudianbreath has 30 seconds left.
|inactive|Bujero A subir has 30 seconds left.
|inactive|Freudianbreath has 20 seconds left.
|inactive|Freudianbreath has 15 seconds left.
|inactive|Freudianbreath has 10 seconds left.
|
|t:|1756490568
|move|p2a: Volcarona|Protect|p2a: Volcarona
|-singleturn|p2a: Volcarona|Protect
|move|p2b: Sneasler|Dire Claw|p1a: Palafin
|-damage|p1a: Palafin|37/100
|move|p1a: Palafin|Flip Turn|p2b: Sneasler
|-damage|p2b: Sneasler|15/100
|
|t:|1756490580
|detailschange|p1a: Palafin|Palafin-Hero, L50, F
|switch|p1a: Rillaboom|Rillaboom, L50, M|100/100|[from] Flip Turn
|-fieldstart|move: Grassy Terrain|[from] ability: Grassy Surge|[of] p1a: Rillaboom
|-enditem|p2b: Sneasler|Grassy Seed
|-boost|p2b: Sneasler|def|1|[from] item: Grassy Seed
|move|p1b: Pelipper|Hurricane|p2a: Volcarona
|-activate|p2a: Volcarona|move: Protect
|
|-weather|RainDance|[upkeep]
|-heal|p2b: Sneasler|20/100|[from] Grassy Terrain
|upkeep
|turn|2
|inactive|Freudianbreath has 30 seconds left.
|inactive|Freudianbreath has 20 seconds left.
|inactive|Freudianbreath has 15 seconds left.
|inactive|Freudianbreath has 10 seconds left.
|
|t:|1756490627
|switch|p2a: Electabuzz|Electabuzz, L50, M, shiny|100/100
|move|p2b: Sneasler|Protect|p2b: Sneasler
|-singleturn|p2b: Sneasler|Protect
|move|p1a: Rillaboom|Grassy Glide|p2b: Sneasler
|-activate|p2b: Sneasler|move: Protect
|move|p1b: Pelipper|Hurricane|p2a: Electabuzz
|-resisted|p2a: Electabuzz
|-damage|p2a: Electabuzz|79/100
|
|-weather|RainDance|[upkeep]
|-heal|p2b: Sneasler|26/100|[from] Grassy Terrain
|-heal|p2a: Electabuzz|85/100|[from] Grassy Terrain
|upkeep
|turn|3
|inactive|Freudianbreath has 30 seconds left.
|inactive|Freudianbreath has 20 seconds left.
|inactive|Freudianbreath has 15 seconds left.
|inactive|Freudianbreath has 10 seconds left.
|
|t:|1756490672
|-terastallize|p1a: Rillaboom|Fire
|move|p1b: Pelipper|Protect|p1b: Pelipper
|-singleturn|p1b: Pelipper|Protect
|move|p2a: Electabuzz|Follow Me|p2a: Electabuzz
|-singleturn|p2a: Electabuzz|move: Follow Me
|move|p2b: Sneasler|Dire Claw|p1b: Pelipper
|-activate|p1b: Pelipper|move: Protect
|move|p1a: Rillaboom|High Horsepower|p2a: Electabuzz
|-supereffective|p2a: Electabuzz
|-damage|p2a: Electabuzz|31/100
|
|-weather|RainDance|[upkeep]
|-heal|p2b: Sneasler|32/100|[from] Grassy Terrain
|-heal|p2a: Electabuzz|37/100|[from] Grassy Terrain
|upkeep
|turn|4
|inactive|Freudianbreath has 30 seconds left.
|inactive|Freudianbreath has 20 seconds left.
|inactive|Freudianbreath has 15 seconds left.
|inactive|Freudianbreath has 10 seconds left.
|inactive|Freudianbreath has 5 seconds left.
|
|t:|1756490725
|switch|p1b: Gholdengo|Gholdengo, L50|100/100
|move|p2a: Electabuzz|Follow Me|p2a: Electabuzz
|-singleturn|p2a: Electabuzz|move: Follow Me
|move|p2b: Sneasler|Dire Claw|p1b: Gholdengo
|-immune|p1b: Gholdengo
|move|p1a: Rillaboom|High Horsepower|p2a: Electabuzz
|-supereffective|p2a: Electabuzz
|-damage|p2a: Electabuzz|0 fnt
|faint|p2a: Electabuzz
|
|-weather|RainDance|[upkeep]
|-heal|p2b: Sneasler|38/100|[from] Grassy Terrain
|upkeep
|
|t:|1756490738
|switch|p2a: Volcarona|Volcarona, L50, M|100/100
|turn|5
|inactive|Freudianbreath has 30 seconds left.
|inactive|Freudianbreath has 20 seconds left.
|inactive|Freudianbreath has 15 seconds left.
|
|t:|1756490779
|move|p2a: Volcarona|Protect|p2a: Volcarona
|-singleturn|p2a: Volcarona|Protect
|move|p2b: Sneasler|Dire Claw|p1a: Rillaboom
|-damage|p1a: Rillaboom|59/100
|-status|p1a: Rillaboom|psn
|move|p1b: Gholdengo|Make It Rain|p2b: Sneasler|[spread] p2b
|-activate|p2a: Volcarona|move: Protect
|-damage|p2b: Sneasler|0 fnt
|-unboost|p1b: Gholdengo|spa|1
|faint|p2b: Sneasler
|move|p1a: Rillaboom|High Horsepower|p2a: Volcarona
|-activate|p2a: Volcarona|move: Protect
|
|-weather|none
|-heal|p1a: Rillaboom|65/100 psn|[from] Grassy Terrain
|-damage|p1a: Rillaboom|53/100 psn|[from] psn
|-fieldend|move: Grassy Terrain
|upkeep
|
|t:|1756490792
|switch|p2b: Kingambit|Kingambit, L50, M, shiny|100/100
|turn|6
|inactive|Freudianbreath has 30 seconds left.
|inactive|Bujero A subir has 30 seconds left.
|inactive|Freudianbreath has 20 seconds left.
|inactive|Bujero A subir has 20 seconds left.
|inactive|Freudianbreath has 15 seconds left.
|inactive|Freudianbreath has 10 seconds left.
|
|t:|1756490838
|switch|p1b: Pelipper|Pelipper, L50, F|100/100
|-weather|RainDance|[from] ability: Drizzle|[of] p1b: Pelipper
|-terastallize|p2b: Kingambit|Dark
|move|p2a: Volcarona|Heat Wave|p1b: Pelipper|[spread] p1a,p1b
|-resisted|p1a: Rillaboom
|-resisted|p1b: Pelipper
|-damage|p1a: Rillaboom|47/100 psn
|-damage|p1b: Pelipper|85/100
|move|p1a: Rillaboom|High Horsepower|p2b: Kingambit
|-damage|p2b: Kingambit|75/100
|move|p2b: Kingambit|Kowtow Cleave|p1a: Rillaboom
|-damage|p1a: Rillaboom|0 fnt
|faint|p1a: Rillaboom
|
|-weather|RainDance|[upkeep]
|upkeep
|inactive|Freudianbreath has 30 seconds left.
|inactive|Freudianbreath has 20 seconds left.
|inactive|Freudianbreath has 15 seconds left.
|
|t:|1756490880
|switch|p1a: Gholdengo|Gholdengo, L50|100/100
|turn|7
|inactive|Freudianbreath has 30 seconds left.
|
|t:|1756490913
|move|p2b: Kingambit|Sucker Punch|p1b: Pelipper
|-crit|p1b: Pelipper
|-damage|p1b: Pelipper|0 fnt
|faint|p1b: Pelipper
|move|p1a: Gholdengo|Power Gem|p2a: Volcarona
|-supereffective|p2a: Volcarona
|-damage|p2a: Volcarona|0 fnt
|faint|p2a: Volcarona
|
|-weather|RainDance|[upkeep]
|upkeep
|
|t:|1756490919
|switch|p1b: Palafin|Palafin-Hero, L50, F|37/100
|-activate|p1b: Palafin|ability: Zero to Hero
|turn|8
|
|t:|1756490943
|move|p1b: Palafin|Jet Punch|p2b: Kingambit
|-damage|p2b: Kingambit|8/100
|move|p2b: Kingambit|Sucker Punch||[still]
|-fail|p2b: Kingambit
|move|p1a: Gholdengo|Power Gem|p2b: Kingambit
|-damage|p2b: Kingambit|0 fnt
|faint|p2b: Kingambit
|
|win|Freudianbreath
||Bujero A subir is ready for game 3.
||Freudianbreath is ready for game 3.
|uhtml|next|Next: Game 3 of 3
