|j|☆regitron 21
|j|☆its eeffoc tuah!
|html|regitron 21its eeffoc tuah!    
|uhtml|bestof|Game 2 of a best-of-3
|t:|1756621462
|gametype|doubles
|player|p1|regitron 21|shauntal|1090
|player|p2|its eeffoc tuah!|carmine-festival|1109
|gen|9
|tier|[Gen 9] VGC 2025 Reg H (Bo3)
|rated|
|rule|Species Clause: Limit one of each Pokémon
|rule|Item Clause: Limit 1 of each item
|clearpoke
|poke|p1|Ursaluna, L50, F|
|poke|p1|Farigiraf, L50, F|
|poke|p1|Volcarona, L50, M|
|poke|p1|Typhlosion-Hisui, L50, F|
|poke|p1|Whimsicott, L50, F|
|poke|p1|Dragonite, L50, F|
|poke|p2|Pelipper, L50, M|
|poke|p2|Basculegion, L50, M|
|poke|p2|Incineroar, L50, F|
|poke|p2|Archaludon, L50, F|
|poke|p2|Sinistcha, L50|
|poke|p2|Ursaluna, L50, F|
|teampreview|4
|showteam|p1|Ursaluna||FlameOrb|Guts|Facade,HeadlongRush,Earthquake,Protect|||F|||50|,,,,,Ghost]Farigiraf||ThroatSpray|ArmorTail|TrickRoom,Imprison,HyperVoice,Protect|||F|||50|,,,,,Fairy]Volcarona||Leftovers|FlameBody|GigaDrain,QuiverDance,BugBuzz,HeatWave|||M|||50|,,,,,Grass]Typhlosion-Hisui||LifeOrb|Blaze|Eruption,ShadowBall,HeatWave,Protect|||F|||50|,,,,,Fire]Whimsicott||FocusSash|Prankster|Moonblast,Taunt,SunnyDay,Tailwind|||F|||50|,,,,,Dark]Dragonite||ClearAmulet|Multiscale|Tailwind,Haze,ExtremeSpeed,DragonClaw|||F|||50|,,,,,Normal
|showteam|p2|Pelipper||FocusSash|Drizzle|Protect,Hurricane,WeatherBall,Tailwind|||M|||50|,,,,,Stellar]Basculegion||ChoiceBand|SwiftSwim|WaveCrash,AquaJet,FlipTurn,LastRespects|||M|||50|,,,,,Water]Incineroar||SafetyGoggles|Intimidate|Taunt,KnockOff,FakeOut,PartingShot|||F|||50|,,,,,Flying]Archaludon||AssaultVest|Stamina|ElectroShot,BodyPress,Snarl,DragonPulse|||F|||50|,,,,,Bug]Sinistcha||SitrusBerry|Hospitality|MatchaGotcha,RagePowder,LifeDew,TrickRoom||||||50|,,,,,Water]Ursaluna||FlameOrb|Guts|Protect,HeadlongRush,Facade,Earthquake|||F|||50|,,,,,Ghost
|c|☆regitron 21|hey good luck man
|c|☆regitron 21|nice team again
|
|t:|1756621493
|teamsize|p1|4
|teamsize|p2|4
|start
|switch|p1a: Sugar|Whimsicott, L50, F|100/100
|switch|p1b: Sada|Ursaluna, L50, F|100/100
|switch|p2a: Incineroar|Incineroar, L50, F|100/100
|switch|p2b: Sinistcha|Sinistcha, L50|100/100
|-ability|p2a: Incineroar|Intimidate|boost
|-unboost|p1a: Sugar|atk|1
|-unboost|p1b: Sada|atk|1
|turn|1
|
|t:|1756621518
|switch|p1b: Jenny|Dragonite, L50, F|100/100
|move|p2a: Incineroar|Fake Out|p1a: Sugar
|-damage|p1a: Sugar|83/100
|cant|p1a: Sugar|flinch
|move|p2b: Sinistcha|Matcha Gotcha|p1b: Jenny|[spread] p1a,p1b
|-resisted|p1a: Sugar
|-crit|p1a: Sugar
|-resisted|p1b: Jenny
|-damage|p1a: Sugar|52/100
|-damage|p1b: Jenny|97/100
|
|upkeep
|turn|2
|
|t:|1756621552
|move|p1a: Sugar|Taunt|p2b: Sinistcha
|-start|p2b: Sinistcha|move: Taunt
|move|p1b: Jenny|Tailwind|p1b: Jenny
|-sidestart|p1: regitron 21|move: Tailwind
|move|p2a: Incineroar|Knock Off|p1b: Jenny
|-damage|p1b: Jenny|64/100
|-enditem|p1b: Jenny|Clear Amulet|[from] move: Knock Off|[of] p2a: Incineroar
|cant|p2b: Sinistcha|move: Taunt|Trick Room
|
|upkeep
|turn|3
|
|t:|1756621567
|move|p1a: Sugar|Tailwind||[still]
|-fail|p1a: Sugar
|move|p1b: Jenny|Dragon Claw|p2a: Incineroar
|-damage|p2a: Incineroar|55/100
|move|p2a: Incineroar|Parting Shot|p1b: Jenny
|-unboost|p1b: Jenny|atk|1
|-unboost|p1b: Jenny|spa|1
|
|t:|1756621581
|switch|p2a: Archaludon|Archaludon, L50, F|100/100|[from] Parting Shot
|move|p2b: Sinistcha|Matcha Gotcha|p1b: Jenny|[spread] p1a,p1b
|-resisted|p1a: Sugar
|-resisted|p1b: Jenny
|-damage|p1a: Sugar|31/100
|-damage|p1b: Jenny|59/100
|-status|p1b: Jenny|brn
|
|-damage|p1b: Jenny|53/100 brn|[from] brn
|upkeep
|turn|4
|
|t:|1756621604
|switch|p1a: Jully|Typhlosion-Hisui, L50, F|100/100
|move|p1b: Jenny|Haze|p1b: Jenny
|-clearallboost
|move|p2a: Archaludon|Dragon Pulse|p1b: Jenny
|-supereffective|p1b: Jenny
|-damage|p1b: Jenny|0 fnt
|faint|p1b: Jenny
|move|p2b: Sinistcha|Matcha Gotcha|p1a: Jully
|-resisted|p1a: Jully
|-damage|p1a: Jully|78/100
|
|-end|p2b: Sinistcha|move: Taunt
|upkeep
|
|t:|1756621614
|switch|p1b: Sugar|Whimsicott, L50, F|31/100
|turn|5
|
|t:|1756621629
|-terastallize|p1a: Jully|Fire
|-terastallize|p2b: Sinistcha|Water
|move|p1b: Sugar|Taunt|p2b: Sinistcha
|-start|p2b: Sinistcha|move: Taunt
|move|p1a: Jully|Eruption|p2b: Sinistcha|[spread] p2a,p2b
|-resisted|p2b: Sinistcha
|-damage|p2a: Archaludon|46/100
|-damage|p2b: Sinistcha|66/100
|-ability|p2a: Archaludon|Stamina|boost
|-boost|p2a: Archaludon|def|1
|-damage|p1a: Jully|68/100|[from] item: Life Orb
|move|p2a: Archaludon|Snarl|p1a: Jully|[spread] p1a,p1b
|-resisted|p1b: Sugar
|-damage|p1a: Jully|47/100
|-damage|p1b: Sugar|19/100
|-unboost|p1a: Jully|spa|1
|-unboost|p1b: Sugar|spa|1
|move|p2b: Sinistcha|Matcha Gotcha|p1a: Jully|[spread] p1a,p1b
|-resisted|p1a: Jully
|-resisted|p1b: Sugar
|-damage|p1a: Jully|29/100
|-heal|p2b: Sinistcha|74/100|[from] drain|[of] p1a: Jully
|-damage|p1b: Sugar|0 fnt
|-heal|p2b: Sinistcha|81/100|[from] drain|[of] p1b: Sugar
|faint|p1b: Sugar
|
|-sideend|p1: regitron 21|move: Tailwind
|upkeep
|
|t:|1756621634
|switch|p1b: Sada|Ursaluna, L50, F|100/100
|turn|6
|
|t:|1756621664
|move|p1a: Jully|Protect|p1a: Jully
|-singleturn|p1a: Jully|Protect
|move|p1b: Sada|Protect|p1b: Sada
|-singleturn|p1b: Sada|Protect
|move|p2a: Archaludon|Dragon Pulse|p1a: Jully
|-activate|p1a: Jully|move: Protect
|move|p2b: Sinistcha|Matcha Gotcha|p1b: Sada|[spread] 
|-activate|p1a: Jully|move: Protect
|-activate|p1b: Sada|move: Protect
|
|-status|p1b: Sada|brn|[from] item: Flame Orb
|upkeep
|turn|7
|
|t:|1756621691
|move|p1a: Jully|Shadow Ball|p2b: Sinistcha
|-damage|p2b: Sinistcha|52/100
|-damage|p1a: Jully|20/100|[from] item: Life Orb
|move|p2a: Archaludon|Body Press|p1b: Sada
|-supereffective|p1b: Sada
|-damage|p1b: Sada|48/100 brn
|move|p1b: Sada|Facade|p2b: Sinistcha
|-damage|p2b: Sinistcha|0 fnt
|faint|p2b: Sinistcha
|
|-damage|p1b: Sada|42/100 brn|[from] brn
|upkeep
|
|t:|1756621703
|switch|p2b: Incineroar|Incineroar, L50, F|55/100
|-ability|p2b: Incineroar|Intimidate|boost
|-unboost|p1a: Jully|atk|1
|-unboost|p1b: Sada|atk|1
|turn|8
|
|t:|1756621715
|switch|p2b: Ursaluna|Ursaluna, L50, F|100/100
|move|p1a: Jully|Heat Wave|p2b: Ursaluna|[spread] p2a,p2b
|-damage|p2a: Archaludon|0 fnt
|-damage|p2b: Ursaluna|42/100
|faint|p2a: Archaludon
|-damage|p1a: Jully|11/100|[from] item: Life Orb
|move|p1b: Sada|Earthquake|p2b: Ursaluna|[spread] p1a,p2b
|-supereffective|p1a: Jully
|-damage|p1a: Jully|0 fnt
|-damage|p2b: Ursaluna|13/100
|faint|p1a: Jully
|
|-damage|p1b: Sada|36/100 brn|[from] brn
|-status|p2b: Ursaluna|brn|[from] item: Flame Orb
|upkeep
|
|t:|1756621729
|switch|p2a: Incineroar|Incineroar, L50, F|55/100
|-ability|p2a: Incineroar|Intimidate|boost
|-unboost|p1b: Sada|atk|1
|turn|9
|
|t:|1756621745
|move|p1b: Sada|Protect|p1b: Sada
|-singleturn|p1b: Sada|Protect
|move|p2a: Incineroar|Fake Out|p1b: Sada
|-activate|p1b: Sada|move: Protect
|move|p2b: Ursaluna|Headlong Rush|p1b: Sada
|-activate|p1b: Sada|move: Protect
|
|-damage|p1b: Sada|30/100 brn|[from] brn
|-damage|p2b: Ursaluna|7/100 brn|[from] brn
|upkeep
|turn|10
|
|t:|1756621753
|move|p2a: Incineroar|Knock Off|p1b: Sada
|-damage|p1b: Sada|2/100 brn
|-enditem|p1b: Sada|Flame Orb|[from] move: Knock Off|[of] p2a: Incineroar
|move|p1b: Sada|Earthquake|p2b: Ursaluna|[spread] p2a,p2b
|-supereffective|p2a: Incineroar
|-damage|p2a: Incineroar|0 fnt
|-damage|p2b: Ursaluna|0 fnt
|faint|p2a: Incineroar
|faint|p2b: Ursaluna
|
|win|regitron 21
|raw|regitron 21's rating: 1090 → 1118(+28 for winning)
|raw|its eeffoc tuah!'s rating: 1109 → 1083(-26 for losing)
|l|☆its eeffoc tuah!
|player|p2|
|c|☆regitron 21|gg man
|c|☆regitron 21|you are very good
