|j|☆Sincubii
|j|☆cbninjask4uber
|html|Sincubiicbninjask4uber    
|uhtml|bestof|Game 1 of a best-of-3
|t:|1757819180
|gametype|doubles
|player|p1|Sincubii|palmer|1094
|player|p2|cbninjask4uber|falkner|1287
|gen|9
|tier|[Gen 9] VGC 2025 Reg H (Bo3)
|rated|
|rule|Species Clause: Limit one of each Pokémon
|rule|Item Clause: Limit 1 of each item
|clearpoke
|poke|p1|Weavile, L50, M|
|poke|p1|Weezing-Galar, L50, F|
|poke|p1|Tyranitar, L50, F|
|poke|p1|Dragonite, L50, F|
|poke|p1|Typhlosion-Hisui, L50, F|
|poke|p1|Toedscruel, L50, F|
|poke|p2|Kingambit, L50, F|
|poke|p2|Dragonite, L50, F|
|poke|p2|Rillaboom, L50, M|
|poke|p2|Sneasler, L50, M|
|poke|p2|Electabuzz, L50, M|
|poke|p2|Volcarona, L50, F|
|teampreview|4
|showteam|p1|Weavile||LifeOrb|Pressure|FakeOut,IceSpinner,KnockOff,LowKick|||M|||50|,,,,,Ghost]Weezing-Galar||SafetyGoggles|NeutralizingGas|StrangeSteam,WillOWisp,Taunt,Protect|||F|||50|,,,,,Fire]Tyranitar||AssaultVest|SandStream|KnockOff,RockSlide,TeraBlast,LowKick|||F|||50|,,,,,Flying]Dragonite||LoadedDice|InnerFocus|Protect,ScaleShot,Tailwind,IronHead|||F|||50|,,,,,Steel]Typhlosion-Hisui||ChoiceScarf|Blaze|Eruption,HeatWave,ShadowBall,Overheat|||F|||50|,,,,,Fire]Toedscruel||FocusSash|MyceliumMight|Spore,EarthPower,LeafStorm,Protect|||F|||50|,,,,,Fairy
|showteam|p2|Kingambit||BlackGlasses|Defiant|KowtowCleave,SuckerPunch,SwordsDance,Protect|||F|||50|,,,,,Dark]Dragonite||LoadedDice|Multiscale|ExtremeSpeed,ScaleShot,Haze,Protect|||F|||50|,,,,,Fairy]Rillaboom||AssaultVest|GrassySurge|GrassyGlide,WoodHammer,HighHorsepower,FakeOut|||M|||50|,,,,,Fire]Sneasler||FocusSash|PoisonTouch|DireClaw,CloseCombat,FakeOut,Protect|||M|||50|,,,,,Ghost]Electabuzz||Eviolite|VitalSpirit|FollowMe,Thunderbolt,Taunt,Protect|||M|||50|,,,,,Ghost]Volcarona||CovertCloak|FlameBody|HeatWave,QuiverDance,TeraBlast,Protect|||F|||50|,,,,,Fairy
|inactive|Battle timer is ON: inactive players will automatically lose when time's up. (requested by cbninjask4uber)
|inactive|Sincubii has 60 seconds left.
|inactive|cbninjask4uber has 60 seconds left.
|inactive|Sincubii has 30 seconds left.
|inactive|cbninjask4uber has 30 seconds left.
|inactive|Sincubii has 20 seconds left.
|inactive|cbninjask4uber has 20 seconds left.
|inactive|Sincubii has 15 seconds left.
|inactive|cbninjask4uber has 15 seconds left.
|inactive|cbninjask4uber has 10 seconds left.
|
|t:|1757819264
|teamsize|p1|4
|teamsize|p2|4
|start
|switch|p1a: Weezing|Weezing-Galar, L50, F|100/100
|switch|p1b: Big Boss|Dragonite, L50, F, shiny|100/100
|switch|p2a: Electabuzz|Electabuzz, L50, M|100/100
|switch|p2b: Volcarona|Volcarona, L50, F|100/100
|-ability|p1a: Weezing|Neutralizing Gas
|turn|1
|j| We_Are_Toasted
|inactive|Sincubii has 30 seconds left.
|inactive|cbninjask4uber has 30 seconds left.
|
|t:|1757819297
|move|p1b: Big Boss|Protect|p1b: Big Boss
|-singleturn|p1b: Big Boss|Protect
|move|p2a: Electabuzz|Taunt|p1a: Weezing
|-start|p1a: Weezing|move: Taunt
|move|p2b: Volcarona|Quiver Dance|p2b: Volcarona
|-boost|p2b: Volcarona|spa|1
|-boost|p2b: Volcarona|spd|1
|-boost|p2b: Volcarona|spe|1
|cant|p1a: Weezing|move: Taunt|Taunt
|
|upkeep
|turn|2
|
|t:|1757819317
|move|p2a: Electabuzz|Follow Me|p2a: Electabuzz
|-singleturn|p2a: Electabuzz|move: Follow Me
|move|p2b: Volcarona|Quiver Dance|p2b: Volcarona
|-boost|p2b: Volcarona|spa|1
|-boost|p2b: Volcarona|spd|1
|-boost|p2b: Volcarona|spe|1
|move|p1b: Big Boss|Scale Shot|p2a: Electabuzz|[miss]
|-miss|p1b: Big Boss|p2a: Electabuzz
|move|p1a: Weezing|Strange Steam|p2a: Electabuzz
|-damage|p2a: Electabuzz|78/100
|
|upkeep
|turn|3
|
|t:|1757819336
|move|p2a: Electabuzz|Follow Me|p2a: Electabuzz
|-singleturn|p2a: Electabuzz|move: Follow Me
|move|p2b: Volcarona|Heat Wave|p1a: Weezing|[spread] p1a,p1b
|-resisted|p1b: Big Boss
|-damage|p1a: Weezing|2/100
|-damage|p1b: Big Boss|68/100
|move|p1b: Big Boss|Scale Shot|p2a: Electabuzz
|-damage|p2a: Electabuzz|65/100
|-damage|p2a: Electabuzz|54/100
|-damage|p2a: Electabuzz|42/100
|-crit|p2a: Electabuzz
|-damage|p2a: Electabuzz|24/100
|-damage|p2a: Electabuzz|12/100
|-hitcount|p2a: Electabuzz|5
|-unboost|p1b: Big Boss|def|1
|-boost|p1b: Big Boss|spe|1
|move|p1a: Weezing|Strange Steam|p2a: Electabuzz
|-damage|p2a: Electabuzz|0 fnt
|faint|p2a: Electabuzz
|
|-end|p1a: Weezing|move: Taunt
|upkeep
|l| We_Are_Toasted
|
|t:|1757819349
|switch|p2a: Sneasler|Sneasler, L50, M|100/100
|turn|4
|
|t:|1757819363
|-terastallize|p2b: Volcarona|Fairy
|move|p1b: Big Boss|Protect|p1b: Big Boss
|-singleturn|p1b: Big Boss|Protect
|move|p2b: Volcarona|Tera Blast|p1b: Big Boss|[anim] Tera Blast Fairy
|-activate|p1b: Big Boss|move: Protect
|move|p2a: Sneasler|Dire Claw|p1a: Weezing
|-damage|p1a: Weezing|0 fnt
|faint|p1a: Weezing
|-end|p1a: Weezing|ability: Neutralizing Gas
|
|upkeep
|
|t:|1757819380
|switch|p1a: Typhlosion|Typhlosion-Hisui, L50, F|100/100
|turn|5
|
|t:|1757819403
|-terastallize|p1b: Big Boss|Steel
|move|p2b: Volcarona|Heat Wave|p1b: Big Boss|[spread] p1a
|-miss|p2b: Volcarona|p1b: Big Boss
|-resisted|p1a: Typhlosion
|-damage|p1a: Typhlosion|55/100
|move|p1a: Typhlosion|Eruption|p2a: Sneasler|[spread] p2a,p2b
|-damage|p2a: Sneasler|59/100
|-damage|p2b: Volcarona|86/100
|move|p2a: Sneasler|Dire Claw|p1a: Typhlosion
|-resisted|p1a: Typhlosion
|-damage|p1a: Typhlosion|26/100
|-status|p1a: Typhlosion|slp
|move|p1b: Big Boss|Iron Head|p2b: Volcarona
|-supereffective|p2b: Volcarona
|-damage|p2b: Volcarona|0 fnt
|faint|p2b: Volcarona
|
|upkeep
|
|t:|1757819415
|switch|p2b: Kingambit|Kingambit, L50, F|100/100
|turn|6
|inactive|cbninjask4uber has 30 seconds left.
|inactive|cbninjask4uber has 20 seconds left.
|inactive|cbninjask4uber has 15 seconds left.
|
|t:|1757819455
|move|p2a: Sneasler|Protect|p2a: Sneasler
|-singleturn|p2a: Sneasler|Protect
|move|p1b: Big Boss|Protect|p1b: Big Boss
|-singleturn|p1b: Big Boss|Protect
|cant|p1a: Typhlosion|slp
|move|p2b: Kingambit|Kowtow Cleave|p1b: Big Boss
|-activate|p1b: Big Boss|move: Protect
|
|upkeep
|turn|7
|
|t:|1757819476
|switch|p1b: Toedscruel|Toedscruel, L50, F|100/100
|move|p2b: Kingambit|Sucker Punch||[still]
|-fail|p2b: Kingambit
|-curestatus|p1a: Typhlosion|slp|[msg]
|move|p1a: Typhlosion|Eruption|p2a: Sneasler|[spread] p2a,p2b
|-supereffective|p2b: Kingambit
|-crit|p2b: Kingambit
|-damage|p2a: Sneasler|31/100
|-damage|p2b: Kingambit|43/100
|move|p2a: Sneasler|Dire Claw|p1a: Typhlosion
|-resisted|p1a: Typhlosion
|-damage|p1a: Typhlosion|0 fnt
|faint|p1a: Typhlosion
|
|upkeep
|
|t:|1757819488
|switch|p1a: Big Boss|Dragonite, L50, F, shiny, tera:Steel|68/100
|turn|8
|inactive|cbninjask4uber has 30 seconds left.
|
|t:|1757819522
|move|p2b: Kingambit|Sucker Punch||[still]
|-fail|p2b: Kingambit
|move|p2a: Sneasler|Dire Claw|p1b: Toedscruel
|-damage|p1b: Toedscruel|35/100
|-status|p1b: Toedscruel|slp
|move|p1a: Big Boss|Tailwind|p1a: Big Boss
|-sidestart|p1: Sincubii|move: Tailwind
|cant|p1b: Toedscruel|slp
|
|upkeep
|turn|9
|
|t:|1757819543
|-curestatus|p1b: Toedscruel|slp|[msg]
|move|p1b: Toedscruel|Earth Power|p2b: Kingambit
|-supereffective|p2b: Kingambit
|-damage|p2b: Kingambit|0 fnt
|faint|p2b: Kingambit
|move|p1a: Big Boss|Scale Shot|p2a: Sneasler
|-damage|p2a: Sneasler|8/100
|-damage|p2a: Sneasler|0 fnt
|faint|p2a: Sneasler
|-hitcount|p2: Sneasler|2
|
|win|Sincubii
||cbninjask4uber is ready for game 2.
||Sincubii is ready for game 2.
|uhtml|next|Next: Game 2 of 3
