|j|☆itmaybetime
|j|☆josedawp
|html|itmaybetimejosedawp    
|uhtml|bestof|Game 1 of a best-of-3
|t:|1782334793
|gametype|doubles
|player|p1|itmaybetime|170|1154
|player|p2|josedawp|hilbert|1153
|gen|9
|tier|[Gen 9 Champions] VGC 2026 Reg M-B (Bo3)
|rated|
|rule|Species Clause: Limit one of each Pokémon
|rule|Item Clause: Limit 1 of each item
|clearpoke
|poke|p1|Gholdengo, L50|
|poke|p1|Incineroar, L50, M|
|poke|p1|Garchomp, L50, F|
|poke|p1|Charizard, L50, F|
|poke|p1|Basculegion, L50, M|
|poke|p1|Whimsicott, L50, M|
|poke|p2|Charizard, L50, F|
|poke|p2|Whimsicott, L50, F|
|poke|p2|Gholdengo, L50|
|poke|p2|Scrafty, L50, M|
|poke|p2|Garchomp, L50, M|
|poke|p2|Farigiraf, L50, M|
|teampreview|4
|showteam|p1|Gholdengo||SpellTag|GoodasGold|MakeItRain,ShadowBall,NastyPlot,Protect|Modest|||||50|]Incineroar||SitrusBerry|Intimidate|PartingShot,FlareBlitz,ThroatChop,FakeOut|Impish||M|||50|]Garchomp||LifeOrb|RoughSkin|Earthquake,DragonClaw,RockSlide,Protect|Jolly||F|||50|]Charizard||CharizarditeY|Blaze|HeatWave,SolarBeam,WeatherBall,Protect|Modest||F|||50|]Basculegion||ChoiceScarf|Adaptability|WaveCrash,LastRespects,AquaJet,FlipTurn|Jolly||M|||50|]Whimsicott||FocusSash|Prankster|Tailwind,Encore,Moonblast,Protect|Timid||M|||50|
|showteam|p2|Charizard||CharizarditeY|Blaze|WeatherBall,HeatWave,SolarBeam,Protect|Timid||F|||50|]Whimsicott||FocusSash|Prankster|Tailwind,Moonblast,FakeTears,Protect|Timid||F|||50|]Gholdengo||WhiteHerb|GoodasGold|MakeItRain,ShadowBall,Thunderbolt,Protect|Modest|||||50|]Scrafty||Scraftinite|Intimidate|FakeOut,DrainPunch,IcePunch,KnockOff|Adamant||M|||50|]Garchomp||LifeOrb|RoughSkin|DragonClaw,RockSlide,StompingTantrum,Protect|Jolly||M|||50|]Farigiraf||SitrusBerry|ArmorTail|Psychic,Imprison,TrickRoom,Protect|Quiet||M|||50|
|inactive|Battle timer is ON: inactive players will automatically lose when time's up. (requested by itmaybetime)
|
|t:|1782334881
|teamsize|p1|4
|teamsize|p2|4
|start
|switch|p1a: Incineroar|Incineroar, L50, M|100/100
|switch|p1b: Gholdengo|Gholdengo, L50|100/100
|switch|p2a: Scrafty|Scrafty, L50, M|100/100
|switch|p2b: Garchomp|Garchomp, L50, M|100/100
|-ability|p1a: Incineroar|Intimidate|boost
|-unboost|p2a: Scrafty|atk|1
|-unboost|p2b: Garchomp|atk|1
|-ability|p2a: Scrafty|Intimidate|boost
|-unboost|p1a: Incineroar|atk|1
|-unboost|p1b: Gholdengo|atk|1
|turn|1
|inactive|josedawp has 30 seconds left.
|
|t:|1782334916
|detailschange|p2a: Scrafty|Scrafty-Mega, L50, M
|-mega|p2a: Scrafty|Scrafty|Scraftinite
|-ability|p2a: Scrafty|Intimidate|boost
|-unboost|p1a: Incineroar|atk|1
|-unboost|p1b: Gholdengo|atk|1
|move|p2a: Scrafty|Fake Out|p1a: Incineroar
|-damage|p1a: Incineroar|92/100
|cant|p1a: Incineroar|flinch
|move|p2b: Garchomp|Stomping Tantrum|p1b: Gholdengo
|-supereffective|p1b: Gholdengo|1
|-damage|p1b: Gholdengo|36/100
|-damage|p2b: Garchomp|90/100|[from] item: Life Orb
|move|p1b: Gholdengo|Make It Rain|p2a: Scrafty|[spread] p2b
|-miss|p1b: Gholdengo|p2a: Scrafty
|-damage|p2b: Garchomp|31/100
|-unboost|p1b: Gholdengo|spa|2
|
|upkeep
|turn|2
|
|t:|1782334939
|move|p2b: Garchomp|Protect|p2b: Garchomp
|-singleturn|p2b: Garchomp|Protect
|move|p1b: Gholdengo|Protect|p1b: Gholdengo
|-singleturn|p1b: Gholdengo|Protect
|move|p2a: Scrafty|Knock Off|p1b: Gholdengo
|-activate|p1b: Gholdengo|move: Protect
|move|p1a: Incineroar|Parting Shot|p2a: Scrafty
|-unboost|p2a: Scrafty|atk|1
|-unboost|p2a: Scrafty|spa|1
|inactive|itmaybetime has 30 seconds left.
|
|t:|1782334967
|switch|p1a: Charizard|Charizard, L50, F|100/100|[from] Parting Shot
|
|upkeep
|turn|3
|
|t:|1782334982
|switch|p2b: Farigiraf|Farigiraf, L50, M|100/100
|switch|p1b: Incineroar|Incineroar, L50, M|92/100
|-ability|p1b: Incineroar|Intimidate|boost
|-unboost|p2a: Scrafty|atk|1
|-unboost|p2b: Farigiraf|atk|1
|detailschange|p1a: Charizard|Charizard-Mega-Y, L50, F
|-mega|p1a: Charizard|Charizard|Charizardite Y
|-weather|SunnyDay|[from] ability: Drought|[of] p1a: Charizard
|move|p1a: Charizard|Heat Wave|p2a: Scrafty|[spread] p2a,p2b
|-damage|p2a: Scrafty|51/100
|-damage|p2b: Farigiraf|32/100
|-enditem|p2b: Farigiraf|Sitrus Berry|[eat]
|-heal|p2b: Farigiraf|57/100|[from] item: Sitrus Berry
|move|p2a: Scrafty|Knock Off|p1b: Incineroar
|-resisted|p1b: Incineroar|1
|-damage|p1b: Incineroar|84/100
|-enditem|p1b: Incineroar|Sitrus Berry|[from] move: Knock Off|[of] p2a: Scrafty
|
|-weather|SunnyDay|[upkeep]
|upkeep
|turn|4
|inactive|itmaybetime has 30 seconds left.
|inactive|itmaybetime has 20 seconds left.
|
|t:|1782335021
|switch|p2a: Whimsicott|Whimsicott, L50, F|100/100
|move|p2b: Farigiraf|Protect|p2b: Farigiraf
|-singleturn|p2b: Farigiraf|Protect
|move|p1a: Charizard|Heat Wave|p2a: Whimsicott|[spread] p2a
|-activate|p2b: Farigiraf|move: Protect
|-supereffective|p2a: Whimsicott|1
|-enditem|p2a: Whimsicott|Focus Sash
|-damage|p2a: Whimsicott|1/100
|move|p1b: Incineroar|Parting Shot|p2a: Whimsicott
|-unboost|p2a: Whimsicott|atk|1
|-unboost|p2a: Whimsicott|spa|1
|
|t:|1782335034
|switch|p1b: Gholdengo|Gholdengo, L50|36/100|[from] Parting Shot
|
|-weather|SunnyDay|[upkeep]
|upkeep
|turn|5
|
|t:|1782335045
|move|p2a: Whimsicott|Tailwind|p2a: Whimsicott
|-sidestart|p2: josedawp|move: Tailwind
|move|p2b: Farigiraf|Psychic|p1a: Charizard
|-damage|p1a: Charizard|60/100
|move|p1b: Gholdengo|Make It Rain|p2a: Whimsicott|[spread] p2a,p2b
|-supereffective|p2a: Whimsicott|1
|-damage|p2a: Whimsicott|0 fnt
|-damage|p2b: Farigiraf|9/100
|-unboost|p1b: Gholdengo|spa|2
|faint|p2a: Whimsicott
|move|p1a: Charizard|Weather Ball|p2b: Farigiraf
|-damage|p2b: Farigiraf|0 fnt
|faint|p2b: Farigiraf
|
|-weather|SunnyDay|[upkeep]
|upkeep
|
|t:|1782335063
|switch|p2a: Scrafty|Scrafty-Mega, L50, M|51/100
|switch|p2b: Garchomp|Garchomp, L50, M|31/100
|-ability|p2a: Scrafty|Intimidate|boost
|-unboost|p1a: Charizard|atk|1
|-unboost|p1b: Gholdengo|atk|1
|turn|6
|
|t:|1782335076
|switch|p1b: Incineroar|Incineroar, L50, M|84/100
|-ability|p1b: Incineroar|Intimidate|boost
|-unboost|p2a: Scrafty|atk|1
|-unboost|p2b: Garchomp|atk|1
|move|p1a: Charizard|Protect|p1a: Charizard
|-singleturn|p1a: Charizard|Protect
|move|p2b: Garchomp|Rock Slide|p1b: Incineroar|[spread] p1b
|-activate|p1a: Charizard|move: Protect
|-supereffective|p1b: Incineroar|1
|-damage|p1b: Incineroar|63/100
|-damage|p2b: Garchomp|22/100|[from] item: Life Orb
|move|p2a: Scrafty|Knock Off|p1b: Incineroar
|-resisted|p1b: Incineroar|1
|-damage|p1b: Incineroar|52/100
|
|-weather|SunnyDay|[upkeep]
|upkeep
|turn|7
|
|t:|1782335095
|move|p2b: Garchomp|Protect|p2b: Garchomp
|-singleturn|p2b: Garchomp|Protect
|move|p1b: Incineroar|Fake Out|p2b: Garchomp
|-activate|p2b: Garchomp|move: Protect
|move|p2a: Scrafty|Drain Punch|p1b: Incineroar
|-supereffective|p1b: Incineroar|1
|-damage|p1b: Incineroar|5/100
|-heal|p2a: Scrafty|79/100|[from] drain|[of] p1b: Incineroar
|move|p1a: Charizard|Heat Wave|p2a: Scrafty|[spread] p2a
|-activate|p2b: Garchomp|move: Protect
|-damage|p2a: Scrafty|26/100
|-status|p2a: Scrafty|brn
|
|-weather|none
|-damage|p2a: Scrafty|20/100y brn|[from] brn
|upkeep
|turn|8
|
|t:|1782335115
|switch|p1b: Gholdengo|Gholdengo, L50|36/100
|move|p2b: Garchomp|Rock Slide|p1a: Charizard|[spread] p1a,p1b
|-supereffective|p1a: Charizard|2
|-resisted|p1b: Gholdengo|1
|-damage|p1a: Charizard|0 fnt
|-damage|p1b: Gholdengo|28/100
|faint|p1a: Charizard
|-damage|p2b: Garchomp|12/100|[from] item: Life Orb
|move|p2a: Scrafty|Drain Punch|p1b: Gholdengo
|-immune|p1b: Gholdengo
|
|-damage|p2a: Scrafty|14/100 brn|[from] brn
|-sideend|p2: josedawp|move: Tailwind
|upkeep
|
|t:|1782335128
|switch|p1a: Incineroar|Incineroar, L50, M|5/100
|-ability|p1a: Incineroar|Intimidate|boost
|-unboost|p2a: Scrafty|atk|1
|-unboost|p2b: Garchomp|atk|1
|turn|9
|
|t:|1782335150
|move|p1a: Incineroar|Fake Out|p2b: Garchomp
|-damage|p2b: Garchomp|4/100
|-damage|p1a: Incineroar|0 fnt|[from] ability: Rough Skin|[of] p2b: Garchomp
|faint|p1a: Incineroar
|cant|p2b: Garchomp|flinch
|move|p1b: Gholdengo|Make It Rain|p2b: Garchomp|[spread] p2a,p2b
|-damage|p2a: Scrafty|0 fnt
|-damage|p2b: Garchomp|0 fnt
|-unboost|p1b: Gholdengo|spa|2
|faint|p2a: Scrafty
|faint|p2b: Garchomp
|
|win|itmaybetime
||josedawp is ready for game 2.
