|j|☆NoitUK_VGC
|j|☆salvulcano24
|html|NoitUK_VGCsalvulcano24    
|uhtml|bestof|Game 1 of a best-of-3
|t:|1784838278
|gametype|doubles
|player|p1|NoitUK_VGC|102|1122
|player|p2|salvulcano24|pokemonbreederf|1116
|gen|9
|tier|[Gen 9 Champions] VGC 2026 Reg M-B (Bo3)
|rated|
|rule|Species Clause: Limit one of each Pokémon
|rule|Item Clause: Limit 1 of each item
|clearpoke
|poke|p1|Gengar, L50, M|
|poke|p1|Ninetales-Alola, L50, M|
|poke|p1|Incineroar, L50, M|
|poke|p1|Kingambit, L50, F|
|poke|p1|Staraptor, L50, M|
|poke|p1|Garchomp, L50, M|
|poke|p2|Farigiraf, L50, M|
|poke|p2|Gardevoir, L50, M|
|poke|p2|Venusaur, L50, M|
|poke|p2|Aerodactyl, L50, M|
|poke|p2|Garchomp, L50, F|
|poke|p2|Rampardos, L50, M, shiny|
|teampreview|4
|showteam|p1|Gengar||Gengarite|CursedBody|ShadowBall,SludgeBomb,Protect,PerishSong|Timid||M|||50|]Ninetales-Alola||NeverMeltIce|SnowWarning|Blizzard,Encore,Protect,Disable|Timid||M|||50|]Incineroar||SitrusBerry|Intimidate|FlareBlitz,PartingShot,Protect,FakeOut|Relaxed||M|||50|]Kingambit||BlackGlasses|Defiant|KowtowCleave,SuckerPunch,Protect,LowKick|Adamant||F|||50|]Staraptor||ChoiceScarf|Intimidate|FinalGambit,CloseCombat,BraveBird,Uturn|Jolly||M|||50|]Garchomp||LifeOrb|RoughSkin|Protect,RockSlide,StompingTantrum,DragonClaw|Adamant||M|||50|
|showteam|p2|Farigiraf||SitrusBerry|ArmorTail|Psychic,TrickRoom,Protect,HelpingHand|Bold||M|||50|]Gardevoir||Gardevoirite|Synchronize|Protect,AuraSphere,HyperVoice,TrickRoom|Modest||M|||50|]Venusaur||Venusaurite|Overgrow|Protect,GigaDrain,SludgeBomb,EarthPower|Modest||M|||50|]Aerodactyl||FocusSash|Unnerve|RockSlide,DualWingbeat,Tailwind,WideGuard|Jolly||M|||50|]Garchomp||RoseliBerry|RoughSkin|StompingTantrum,DragonClaw,SwordsDance,Protect|Jolly||F|||50|]Rampardos||LifeOrb|SheerForce|RockSlide,FirePunch,ThunderPunch,Protect|Adamant||M|||50|
|inactive|Battle timer is ON: inactive players will automatically lose when time's up. (requested by NoitUK_VGC)
|inactive|NoitUK_VGC has 60 seconds left.
|c|☆salvulcano24|glhf
|
|t:|1784838324
|teamsize|p1|4
|teamsize|p2|4
|start
|switch|p1a: Gengar|Gengar, L50, M|100/100
|switch|p1b: Staraptor|Staraptor, L50, M|100/100
|switch|p2a: Gardevoir|Gardevoir, L50, M|100/100
|switch|p2b: Farigiraf|Farigiraf, L50, M|100/100
|-ability|p1b: Staraptor|Intimidate|boost
|-unboost|p2a: Gardevoir|atk|1
|-unboost|p2b: Farigiraf|atk|1
|turn|1
|
|t:|1784838349
|detailschange|p1a: Gengar|Gengar-Mega, L50, M
|-mega|p1a: Gengar|Gengar|Gengarite
|detailschange|p2a: Gardevoir|Gardevoir-Mega, L50, M
|-mega|p2a: Gardevoir|Gardevoir|Gardevoirite
|move|p1b: Staraptor|Final Gambit|p2a: Gardevoir
|-damage|p2a: Gardevoir|0 fnt
|faint|p1b: Staraptor
|faint|p2a: Gardevoir
|move|p1a: Gengar|Perish Song|p1a: Gengar
|-start|p1a: Gengar|perish3|[silent]
|-start|p2b: Farigiraf|perish3|[silent]
|-fieldactivate|move: Perish Song
|move|p2b: Farigiraf|Psychic|p1a: Gengar
|-supereffective|p1a: Gengar|1
|-damage|p1a: Gengar|18/100
|
|-start|p1a: Gengar|perish3
|-start|p2b: Farigiraf|perish3
|upkeep
|
|t:|1784838365
|switch|p1b: Ninetales|Ninetales-Alola, L50, M|100/100
|switch|p2a: Rampardos|Rampardos, L50, M, shiny|100/100
|-weather|Snowscape|[from] ability: Snow Warning|[of] p1b: Ninetales
|turn|2
|inactive|NoitUK_VGC has 30 seconds left.
|inactive|NoitUK_VGC has 20 seconds left.
|
|t:|1784838401
|switch|p1a: Incineroar|Incineroar, L50, M|100/100
|-ability|p1a: Incineroar|Intimidate|boost
|-unboost|p2a: Rampardos|atk|1
|-unboost|p2b: Farigiraf|atk|1
|move|p1b: Ninetales|Blizzard|p2b: Farigiraf|[spread] p2a,p2b
|-damage|p2a: Rampardos|64/100
|-damage|p2b: Farigiraf|72/100
|move|p2a: Rampardos|Rock Slide|p1b: Ninetales|[spread] p1a
|-miss|p2a: Rampardos|p1b: Ninetales
|-supereffective|p1a: Incineroar|1
|-damage|p1a: Incineroar|32/100
|-enditem|p1a: Incineroar|Sitrus Berry|[eat]
|-heal|p1a: Incineroar|57/100|[from] item: Sitrus Berry
|move|p2b: Farigiraf|Trick Room|p2b: Farigiraf
|-fieldstart|move: Trick Room|[of] p2b: Farigiraf
|
|-weather|Snowscape|[upkeep]
|-start|p2b: Farigiraf|perish2
|upkeep
|turn|3
|inactive|NoitUK_VGC has 30 seconds left.
|
|t:|1784838430
|move|p2b: Farigiraf|Helping Hand|p2a: Rampardos
|-singleturn|p2a: Rampardos|Helping Hand|[of] p2b: Farigiraf
|move|p1a: Incineroar|Parting Shot|p2a: Rampardos
|-unboost|p2a: Rampardos|atk|1
|-unboost|p2a: Rampardos|spa|1
|
|t:|1784838435
|switch|p1a: Gengar|Gengar-Mega, L50, M|18/100|[from] Parting Shot
|move|p2a: Rampardos|Rock Slide|p1b: Ninetales|[spread] p1a,p1b
|-supereffective|p1b: Ninetales|1
|-damage|p1a: Gengar|0 fnt
|-damage|p1b: Ninetales|23/100
|faint|p1a: Gengar
|move|p1b: Ninetales|Blizzard|p2b: Farigiraf|[spread] p2a,p2b
|-damage|p2a: Rampardos|25/100
|-damage|p2b: Farigiraf|45/100
|-enditem|p2b: Farigiraf|Sitrus Berry|[eat]
|-heal|p2b: Farigiraf|70/100|[from] item: Sitrus Berry
|
|-weather|Snowscape|[upkeep]
|-start|p2b: Farigiraf|perish1
|upkeep
|
|t:|1784838448
|switch|p1a: Incineroar|Incineroar, L50, M|57/100
|-ability|p1a: Incineroar|Intimidate|boost
|-unboost|p2a: Rampardos|atk|1
|-unboost|p2b: Farigiraf|atk|1
|turn|4
|inactive|salvulcano24 has 30 seconds left.
|
|t:|1784838473
|switch|p2a: Garchomp|Garchomp, L50, F|100/100
|move|p1a: Incineroar|Fake Out||[still]
|cant|p2b: Farigiraf|ability: Armor Tail|Fake Out|[of] p1a: Incineroar
|move|p2b: Farigiraf|Psychic|p1b: Ninetales
|-damage|p1b: Ninetales|0 fnt
|faint|p1b: Ninetales
|
|-weather|Snowscape|[upkeep]
|-start|p2b: Farigiraf|perish0
|faint|p2b: Farigiraf
|upkeep
|
|t:|1784838483
|switch|p2b: Rampardos|Rampardos, L50, M, shiny|25/100
|turn|5
|-message|NoitUK_VGC forfeited.
|
|win|salvulcano24
||salvulcano24 is ready for game 2.
||NoitUK_VGC is ready for game 2.
|uhtml|next|Next: Game 2 of 3
