|j|☆PYS_Max2
|j|☆metvgc
|html|PYS_Max2metvgc    
|uhtml|bestof|Game 3 of a best-of-3
|t:|1785059485
|gametype|doubles
|player|p1|PYS_Max2|clay|1368
|player|p2|metvgc|linebacker|1209
|gen|9
|tier|[Gen 9 Champions] VGC 2026 Reg M-B (Bo3)
|rated|
|rule|Species Clause: Limit one of each Pokémon
|rule|Item Clause: Limit 1 of each item
|clearpoke
|poke|p1|Garchomp, L50, F|
|poke|p1|Venusaur, L50, M|
|poke|p1|Incineroar, L50, M|
|poke|p1|Charizard, L50, F|
|poke|p1|Toxapex, L50, M|
|poke|p1|Sneasler, L50, M|
|poke|p2|Gengar, L50, M|
|poke|p2|Incineroar, L50, M|
|poke|p2|Kommo-o, L50, M|
|poke|p2|Raichu, L50, F|
|poke|p2|Ninetales-Alola, L50, F|
|poke|p2|Volcarona, L50, M|
|teampreview|4
|showteam|p1|Garchomp||LifeOrb|RoughSkin|StompingTantrum,RockSlide,DragonClaw,Protect|Jolly||F|||50|]Venusaur||FocusSash|Chlorophyll|SludgeBomb,SolarBeam,SleepPowder,Protect|Modest||M|||50|]Incineroar||SitrusBerry|Intimidate|FakeOut,FlareBlitz,ThroatChop,PartingShot|Impish||M|||50|]Charizard||CharizarditeY|Blaze|HeatWave,WeatherBall,Protect,HelpingHand|Modest||F|||50|]Toxapex||Leftovers|Regenerator|Infestation,Toxic,WideGuard,BanefulBunker|Impish||M|||50|]Sneasler||WhiteHerb|Unburden|CloseCombat,DireClaw,QuickGuard,FakeOut|Jolly||M|||50|
|showteam|p2|Gengar||Gengarite|CursedBody|SludgeBomb,ShadowBall,Substitute,Protect|Modest||M|||50|]Incineroar||PasshoBerry|Intimidate|FlareBlitz,ThroatChop,FakeOut,PartingShot|Adamant||M|||50|]Kommo-o||Leftovers|Soundproof|ClangingScales,AuraSphere,ClangorousSoul,Protect|Modest||M|||50|]Raichu||RaichuniteX|LightningRod|VoltTackle,VoltSwitch,FakeOut,Protect|Jolly||F|||50|]Ninetales-Alola||ChoiceScarf|SnowWarning|Blizzard,FreezeDry,IcyWind,Moonblast|Timid||F|||50|]Volcarona||SitrusBerry|FlameBody|Flamethrower,StruggleBug,RagePowder,Protect|Bold||M|||50|
|inactive|Battle timer is ON: inactive players will automatically lose when time's up. (requested by metvgc)
|
|t:|1785059506
|teamsize|p1|4
|teamsize|p2|4
|start
|switch|p1a: Sneasler|Sneasler, L50, M|100/100
|switch|p1b: Toxapex|Toxapex, L50, M|100/100
|switch|p2a: Raichu|Raichu, L50, F|100/100
|switch|p2b: Kommo-o|Kommo-o, L50, M|100/100
|turn|1
|inactive|PYS_Max2 has 30 seconds left.
|inactive|metvgc has 30 seconds left.
|
|t:|1785059540
|move|p2a: Raichu|Protect|p2a: Raichu
|-singleturn|p2a: Raichu|Protect
|move|p1a: Sneasler|Quick Guard|p1a: Sneasler
|-singleturn|p1a: Sneasler|Quick Guard
|move|p2b: Kommo-o|Clangorous Soul|p2b: Kommo-o
|-boost|p2b: Kommo-o|atk|1
|-boost|p2b: Kommo-o|def|1
|-boost|p2b: Kommo-o|spa|1
|-boost|p2b: Kommo-o|spd|1
|-boost|p2b: Kommo-o|spe|1
|-damage|p2b: Kommo-o|67/100
|move|p1b: Toxapex|Toxic|p2b: Kommo-o
|-status|p2b: Kommo-o|tox
|
|-heal|p2b: Kommo-o|73/100 tox|[from] item: Leftovers
|-damage|p2b: Kommo-o|67/100 tox|[from] psn
|upkeep
|turn|2
|
|t:|1785059563
|detailschange|p2a: Raichu|Raichu-Mega-X, L50, F
|-mega|p2a: Raichu|Raichu|Raichunite X
|-fieldstart|move: Electric Terrain|[from] ability: Electric Surge|[of] p2a: Raichu
|move|p1b: Toxapex|Baneful Bunker|p1b: Toxapex
|-singleturn|p1b: Toxapex|move: Protect
|move|p2b: Kommo-o|Clanging Scales|p1a: Sneasler|[spread] p1a
|-activate|p1b: Toxapex|move: Protect
|-damage|p1a: Sneasler|39/100
|-unboost|p2b: Kommo-o|def|1
|move|p2a: Raichu|Volt Switch|p1a: Sneasler
|-damage|p1a: Sneasler|9/100
|
|t:|1785059574
|switch|p2a: Ninetales|Ninetales-Alola, L50, F|100/100|[from] Volt Switch
|-weather|Snowscape|[from] ability: Snow Warning|[of] p2a: Ninetales
|move|p1a: Sneasler|Close Combat|p2a: Ninetales
|-damage|p2a: Ninetales|38/100
|-unboost|p1a: Sneasler|def|1
|-unboost|p1a: Sneasler|spd|1
|-enditem|p1a: Sneasler|White Herb
|-clearnegativeboost|p1a: Sneasler|[silent]
|
|-weather|Snowscape|[upkeep]
|-heal|p2b: Kommo-o|73/100 tox|[from] item: Leftovers
|-damage|p2b: Kommo-o|60/100 tox|[from] psn
|upkeep
|turn|3
|inactive|PYS_Max2 has 30 seconds left.
|
|t:|1785059602
|move|p1a: Sneasler|Close Combat|p2a: Ninetales
|-damage|p2a: Ninetales|0 fnt
|-unboost|p1a: Sneasler|def|1
|-unboost|p1a: Sneasler|spd|1
|faint|p2a: Ninetales
|move|p2b: Kommo-o|Aura Sphere|p1a: Sneasler
|-resisted|p1a: Sneasler|1
|-damage|p1a: Sneasler|0 fnt
|faint|p1a: Sneasler
|move|p1b: Toxapex|Infestation|p2b: Kommo-o
|-resisted|p2b: Kommo-o|1
|-damage|p2b: Kommo-o|59/100 tox
|-activate|p2b: Kommo-o|move: Infestation|[of] p1b: Toxapex
|
|-weather|Snowscape|[upkeep]
|-heal|p2b: Kommo-o|65/100 tox|[from] item: Leftovers
|-damage|p2b: Kommo-o|47/100 tox|[from] psn
|-damage|p2b: Kommo-o|35/100 tox|[from] move: Infestation|[partiallytrapped]
|upkeep
|inactive|PYS_Max2 has 30 seconds left.
|
|t:|1785059629
|switch|p2a: Incineroar|Incineroar, L50, M|100/100
|switch|p1a: Venusaur|Venusaur, L50, M|100/100
|-ability|p2a: Incineroar|Intimidate|boost
|-unboost|p1a: Venusaur|atk|1
|-unboost|p1b: Toxapex|atk|1
|turn|4
|
|t:|1785059649
|move|p1a: Venusaur|Protect|p1a: Venusaur
|-singleturn|p1a: Venusaur|Protect
|move|p1b: Toxapex|Baneful Bunker|p1b: Toxapex
|-singleturn|p1b: Toxapex|move: Protect
|move|p2b: Kommo-o|Clangorous Soul|p2b: Kommo-o
|-boost|p2b: Kommo-o|atk|1
|-boost|p2b: Kommo-o|def|1
|-boost|p2b: Kommo-o|spa|1
|-boost|p2b: Kommo-o|spd|1
|-boost|p2b: Kommo-o|spe|1
|-damage|p2b: Kommo-o|2/100 tox
|move|p2a: Incineroar|Flare Blitz|p1a: Venusaur
|-activate|p1a: Venusaur|move: Protect
|
|-weather|Snowscape|[upkeep]
|-heal|p2b: Kommo-o|8/100 tox|[from] item: Leftovers
|-damage|p2b: Kommo-o|0 fnt|[from] psn
|faint|p2b: Kommo-o
|upkeep
|
|t:|1785059651
|switch|p2b: Raichu|Raichu-Mega-X, L50, F|100/100
|turn|5
|inactive|PYS_Max2 has 30 seconds left.
|inactive|PYS_Max2 has 20 seconds left.
|
|t:|1785059687
|move|p2b: Raichu|Volt Tackle|p1b: Toxapex
|-supereffective|p1b: Toxapex|1
|-damage|p1b: Toxapex|0 fnt
|faint|p1b: Toxapex
|-damage|p2b: Raichu|62/100|[from] Recoil
|move|p1a: Venusaur|Sludge Bomb|p2b: Raichu
|-damage|p2b: Raichu|0 fnt
|faint|p2b: Raichu
|move|p2a: Incineroar|Flare Blitz|p1a: Venusaur
|-supereffective|p1a: Venusaur|1
|-enditem|p1a: Venusaur|Focus Sash
|-damage|p1a: Venusaur|1/100
|-damage|p2a: Incineroar|74/100|[from] Recoil
|
|-weather|Snowscape|[upkeep]
|upkeep
|
|t:|1785059702
|switch|p1b: Charizard|Charizard, L50, F|100/100
|turn|6
|
|t:|1785059708
|detailschange|p1b: Charizard|Charizard-Mega-Y, L50, F
|-mega|p1b: Charizard|Charizard|Charizardite Y
|-weather|SunnyDay|[from] ability: Drought|[of] p1b: Charizard
|move|p1a: Venusaur|Protect|p1a: Venusaur
|-singleturn|p1a: Venusaur|Protect
|move|p1b: Charizard|Weather Ball|p2a: Incineroar
|-resisted|p2a: Incineroar|1
|-damage|p2a: Incineroar|37/100
|move|p2a: Incineroar|Throat Chop|p1a: Venusaur
|-activate|p1a: Venusaur|move: Protect
|
|-weather|SunnyDay|[upkeep]
|-fieldend|move: Electric Terrain
|upkeep
|turn|7
|-message|metvgc forfeited.
|raw|PYS_Max2's rating: 1368 → 1379(+11 for winning)
|raw|metvgc's rating: 1209 → 1195(-14 for losing)
|
|win|PYS_Max2
|l|☆metvgc
|player|p2|
