|j|☆MinasDevilCrobats
|j|☆Blitzball Ace
|html|MinasDevilCrobatsBlitzball Ace    
|uhtml|bestof|Game 1 of a best-of-3
|t:|1756864222
|gametype|doubles
|player|p1|MinasDevilCrobats|darach-caitlin|1259
|player|p2|Blitzball Ace|kamado-armor|1241
|gen|9
|tier|[Gen 9] VGC 2025 Reg H (Bo3)
|rated|
|rule|Species Clause: Limit one of each Pokémon
|rule|Item Clause: Limit 1 of each item
|clearpoke
|poke|p1|Indeedee, L50, M|
|poke|p1|Sneasler, L50, M|
|poke|p1|Dondozo, L50, M|
|poke|p1|Tatsugiri, L50, M|
|poke|p1|Talonflame, L50, F|
|poke|p1|Glimmora, L50, F|
|poke|p2|Garchomp, L50, F|
|poke|p2|Sneasler, L50, M|
|poke|p2|Incineroar, L50, M|
|poke|p2|Dragonite, L50, M|
|poke|p2|Gholdengo, L50|
|poke|p2|Vivillon, L50, M|
|teampreview|4
|showteam|p1|Indeedee||ChoiceScarf|PsychicSurge|ExpandingForce,DazzlingGleam,Trick,Protect|||M|||50|,,,,,Psychic]Sneasler||PsychicSeed|Unburden|CloseCombat,DireClaw,ThroatChop,Protect|||M|||50|,,,,,Dark]Dondozo||Leftovers|Unaware|WaveCrash,OrderUp,Earthquake,Protect|||M|||50|,,,,,Grass]Tatsugiri||LifeOrb|Commander|MuddyWater,DracoMeteor,DragonPulse,Protect|||M|||50|,,,,,Steel]Talonflame||CovertCloak|GaleWings|FlareBlitz,WillOWisp,Tailwind,Taunt|||F|||50|,,,,,Water]Glimmora||PowerHerb|ToxicDebris|MeteorBeam,SludgeBomb,EarthPower,SpikyShield|||F|||50|,,,,,Grass
|showteam|p2|Garchomp||LifeOrb|RoughSkin|Earthquake,DragonClaw,StompingTantrum,Protect|||F|||50|,,,,,Ground]Sneasler||WhiteHerb|Unburden|Coaching,Protect,DireClaw,CloseCombat|||M|||50|,,,,,Ghost]Incineroar||SafetyGoggles|Intimidate|FakeOut,FlareBlitz,KnockOff,PartingShot|||M|||50|,,,,,Ghost]Dragonite||LoadedDice|InnerFocus|TeraBlast,ScaleShot,Tailwind,Protect|||M|||50|,,,,,Flying]Gholdengo||ChoiceScarf|GoodasGold|MakeItRain,ShadowBall,Trick,Thunderbolt||||||50|,,,,,Steel]Vivillon||FocusSash|CompoundEyes|Hurricane,SleepPowder,RagePowder,Protect|||M|||50|,,,,,Ghost
|inactive|Battle timer is ON: inactive players will automatically lose when time's up. (requested by MinasDevilCrobats)
|
|t:|1756864268
|teamsize|p1|4
|teamsize|p2|4
|start
|switch|p1a: Talonflame|Talonflame, L50, F|100/100
|switch|p1b: Glimmora|Glimmora, L50, F|100/100
|switch|p2a: Gholdengo|Gholdengo, L50|100/100
|switch|p2b: Vivillon|Vivillon, L50, M|100/100
|turn|1
|inactive|MinasDevilCrobats has 30 seconds left.
|inactive|Blitzball Ace has 30 seconds left.
|inactive|Blitzball Ace has 20 seconds left.
|inactive|MinasDevilCrobats has 20 seconds left.
|inactive|MinasDevilCrobats has 15 seconds left.
|
|t:|1756864316
|switch|p2a: Dragonite|Dragonite, L50, M, shiny|100/100
|move|p1a: Talonflame|Flare Blitz|p2a: Dragonite
|-resisted|p2a: Dragonite
|-damage|p2a: Dragonite|75/100
|-damage|p1a: Talonflame|92/100|[from] Recoil
|move|p2b: Vivillon|Sleep Powder|p1a: Talonflame
|-status|p1a: Talonflame|slp|[from] move: Sleep Powder
|move|p1b: Glimmora|Meteor Beam||[still]
|-prepare|p1b: Glimmora|Meteor Beam
|-boost|p1b: Glimmora|spa|1
|-enditem|p1b: Glimmora|Power Herb
|-anim|p1b: Glimmora|Meteor Beam|p2b: Vivillon
|-supereffective|p2b: Vivillon
|-enditem|p2b: Vivillon|Focus Sash
|-damage|p2b: Vivillon|1/100
|
|upkeep
|turn|2
|inactive|Blitzball Ace has 30 seconds left.
|
|t:|1756864347
|move|p1b: Glimmora|Spiky Shield|p1b: Glimmora
|-singleturn|p1b: Glimmora|move: Protect
|cant|p1a: Talonflame|slp
|move|p2b: Vivillon|Hurricane|p1b: Glimmora
|-activate|p1b: Glimmora|move: Protect
|move|p2a: Dragonite|Scale Shot|p1a: Talonflame|[miss]
|-miss|p2a: Dragonite|p1a: Talonflame
|
|upkeep
|turn|3
|
|t:|1756864359
|-curestatus|p1a: Talonflame|slp|[msg]
|move|p1a: Talonflame|Will-O-Wisp|p2a: Dragonite
|-status|p2a: Dragonite|brn
|move|p2b: Vivillon|Sleep Powder|p1b: Glimmora
|-status|p1b: Glimmora|slp|[from] move: Sleep Powder
|cant|p1b: Glimmora|slp
|move|p2a: Dragonite|Scale Shot|p1a: Talonflame
|-damage|p1a: Talonflame|80/100
|-damage|p1a: Talonflame|68/100
|-damage|p1a: Talonflame|58/100
|-damage|p1a: Talonflame|47/100
|-damage|p1a: Talonflame|35/100
|-hitcount|p1a: Talonflame|5
|-unboost|p2a: Dragonite|def|1
|-boost|p2a: Dragonite|spe|1
|
|-damage|p2a: Dragonite|69/100 brn|[from] brn
|upkeep
|turn|4
|
|t:|1756864375
|switch|p2b: Gholdengo|Gholdengo, L50|100/100
|move|p2a: Dragonite|Scale Shot|p1a: Talonflame
|-damage|p1a: Talonflame|24/100
|-damage|p1a: Talonflame|12/100
|-damage|p1a: Talonflame|0 fnt
|faint|p1a: Talonflame
|-hitcount|p1: Talonflame|3
|-unboost|p2a: Dragonite|def|1
|-boost|p2a: Dragonite|spe|1
|-curestatus|p1b: Glimmora|slp|[msg]
|move|p1b: Glimmora|Sludge Bomb|p2a: Dragonite
|-damage|p2a: Dragonite|0 fnt
|faint|p2a: Dragonite
|
|upkeep
|
|t:|1756864386
|switch|p1a: Dondozo|Dondozo, L50, M|100/100
|switch|p2a: Dalinar|Incineroar, L50, M, shiny|100/100
|-ability|p2a: Dalinar|Intimidate|boost
|-unboost|p1a: Dondozo|atk|1
|-unboost|p1b: Glimmora|atk|1
|turn|5
|
|t:|1756864405
|switch|p2a: Vivillon|Vivillon, L50, M|1/100
|-terastallize|p2b: Gholdengo|Steel
|move|p1b: Glimmora|Spiky Shield|p1b: Glimmora
|-singleturn|p1b: Glimmora|move: Protect
|move|p1a: Dondozo|Protect|p1a: Dondozo
|-singleturn|p1a: Dondozo|Protect
|move|p2b: Gholdengo|Make It Rain|p1a: Dondozo|[spread] 
|-activate|p1a: Dondozo|move: Protect
|-activate|p1b: Glimmora|move: Protect
|
|upkeep
|turn|6
|inactive|MinasDevilCrobats has 30 seconds left.
|
|t:|1756864435
|switch|p1b: Tatsugiri|Tatsugiri, L50, M|100/100
|-activate|p1b: Tatsugiri|ability: Commander|[of] p1a: Dondozo
|-boost|p1a: Dondozo|atk|2
|-boost|p1a: Dondozo|spa|2
|-boost|p1a: Dondozo|spe|2
|-boost|p1a: Dondozo|def|2
|-boost|p1a: Dondozo|spd|2
|-terastallize|p1a: Dondozo|Grass
|move|p2b: Gholdengo|Make It Rain|p1b: Tatsugiri|[spread] p1a
|-miss|p2b: Gholdengo|p1b: Tatsugiri
|-damage|p1a: Dondozo|72/100
|-unboost|p2b: Gholdengo|spa|1
|move|p1a: Dondozo|Order Up|p2a: Vivillon
|-damage|p2a: Vivillon|0 fnt
|faint|p2a: Vivillon
|-boost|p1a: Dondozo|atk|1
|
|-heal|p1a: Dondozo|78/100|[from] item: Leftovers
|upkeep
|
|t:|1756864440
|switch|p2a: Dalinar|Incineroar, L50, M, shiny|100/100
|-ability|p2a: Dalinar|Intimidate|boost
|-unboost|p1a: Dondozo|atk|1
|-unboost|p1b: Tatsugiri|atk|1
|turn|7
|
|t:|1756864451
|move|p1a: Dondozo|Protect|p1a: Dondozo
|-singleturn|p1a: Dondozo|Protect
|move|p2a: Dalinar|Fake Out|p1a: Dondozo
|-activate|p1a: Dondozo|move: Protect
|move|p2b: Gholdengo|Make It Rain|p1b: Tatsugiri|[spread] 
|-miss|p2b: Gholdengo|p1b: Tatsugiri
|-activate|p1a: Dondozo|move: Protect
|
|-heal|p1a: Dondozo|85/100|[from] item: Leftovers
|upkeep
|turn|8
|
|t:|1756864459
|move|p2b: Gholdengo|Make It Rain|p1b: Tatsugiri|[spread] p1a
|-miss|p2b: Gholdengo|p1b: Tatsugiri
|-damage|p1a: Dondozo|57/100
|-unboost|p2b: Gholdengo|spa|1
|move|p1a: Dondozo|Wave Crash|p2b: Gholdengo
|-damage|p2b: Gholdengo|20/100
|-damage|p1a: Dondozo|38/100|[from] Recoil
|move|p2a: Dalinar|Flare Blitz|p1a: Dondozo
|-supereffective|p1a: Dondozo
|-damage|p1a: Dondozo|0 fnt
|faint|p1a: Dondozo
|-damage|p2a: Dalinar|86/100|[from] Recoil
|
|upkeep
|
|t:|1756864470
|switch|p1a: Glimmora|Glimmora, L50, F|100/100
|turn|9
|
|t:|1756864475
|move|p1a: Glimmora|Spiky Shield|p1a: Glimmora
|-singleturn|p1a: Glimmora|move: Protect
|move|p2b: Gholdengo|Make It Rain|p1a: Glimmora|[spread] p1b
|-activate|p1a: Glimmora|move: Protect
|-resisted|p1b: Tatsugiri
|-damage|p1b: Tatsugiri|82/100
|-unboost|p2b: Gholdengo|spa|1
|move|p1b: Tatsugiri|Muddy Water|p2a: Dalinar|[spread] 
|-miss|p1b: Tatsugiri|p2a: Dalinar
|-miss|p1b: Tatsugiri|p2b: Gholdengo
|move|p2a: Dalinar|Knock Off|p1b: Tatsugiri
|-damage|p1b: Tatsugiri|28/100
|-enditem|p1b: Tatsugiri|Life Orb|[from] move: Knock Off|[of] p2a: Dalinar
|
|upkeep
|turn|10
|
|t:|1756864491
|move|p1a: Glimmora|Spiky Shield||[still]
|-fail|p1a: Glimmora
|move|p2b: Gholdengo|Make It Rain|p1b: Tatsugiri|[spread] p1a,p1b
|-supereffective|p1a: Glimmora
|-resisted|p1b: Tatsugiri
|-damage|p1a: Glimmora|28/100
|-damage|p1b: Tatsugiri|13/100
|-unboost|p2b: Gholdengo|spa|1
|move|p1b: Tatsugiri|Muddy Water|p2b: Gholdengo|[spread] p2a,p2b
|-supereffective|p2a: Dalinar
|-damage|p2a: Dalinar|30/100
|-damage|p2b: Gholdengo|0 fnt
|-unboost|p2a: Dalinar|accuracy|1
|faint|p2b: Gholdengo
|move|p2a: Dalinar|Knock Off|p1a: Glimmora|[miss]
|-miss|p2a: Dalinar|p1a: Glimmora
|
|upkeep
|turn|11
|
|t:|1756864509
|move|p1a: Glimmora|Earth Power|p2a: Dalinar
|-supereffective|p2a: Dalinar
|-damage|p2a: Dalinar|0 fnt
|faint|p2a: Dalinar
|
|win|MinasDevilCrobats
