|j|☆Karlye
|j|☆Park2
|html|KarlyePark2    
|uhtml|bestof|Game 2 of a best-of-3
|t:|1757788007
|gametype|doubles
|player|p1|Karlye|hilbert-wonderlauncher|1164
|player|p2|Park2|1|1295
|gen|9
|tier|[Gen 9] VGC 2025 Reg H (Bo3)
|rated|
|rule|Species Clause: Limit one of each Pokémon
|rule|Item Clause: Limit 1 of each item
|clearpoke
|poke|p1|Dragonite, L50, F|
|poke|p1|Ursaluna-Bloodmoon, L50, M|
|poke|p1|Gholdengo, L50|
|poke|p1|Maushold-Four, L50|
|poke|p1|Annihilape, L50, F|
|poke|p1|Rillaboom, L50, F|
|poke|p2|Gholdengo, L50|
|poke|p2|Incineroar, L50, M|
|poke|p2|Pelipper, L50, M|
|poke|p2|Basculegion, L50, M|
|poke|p2|Archaludon, L50, F|
|poke|p2|Amoonguss, L50, M|
|teampreview|4
|showteam|p1|Dragonite||LoadedDice|Multiscale|ScaleShot,Tailwind,Haze,Protect|||F|||50|,,,,,Fairy]Ursaluna-Bloodmoon||AssaultVest|MindsEye|BloodMoon,EarthPower,HyperVoice,VacuumWave|||M|||50|,,,,,Water]Gholdengo||LifeOrb|GoodasGold|MakeItRain,ShadowBall,NastyPlot,Protect||||||50|,,,,,Dragon]Maushold-Four||FocusSash|FriendGuard|Taunt,FollowMe,BeatUp,Protect||||||50|,,,,,Ghost]Annihilape||SitrusBerry|Defiant|RageFist,DrainPunch,BulkUp,Protect|||F|||50|,,,,,Fire]Rillaboom||MiracleSeed|GrassySurge|WoodHammer,GrassyGlide,HighHorsepower,FakeOut|||F|||50|,,,,,Fire
|showteam|p2|Gholdengo||LifeOrb|GoodasGold|MakeItRain,ShadowBall,NastyPlot,Protect||||||50|,,,,,Water]Incineroar||RockyHelmet|Intimidate|KnockOff,Taunt,FakeOut,PartingShot|||M|||50|,,,,,Ghost]Pelipper||FocusSash|Drizzle|Hurricane,WeatherBall,Tailwind,Protect|||M|||50|,,,,,Ground]Basculegion||ChoiceBand|SwiftSwim|WaveCrash,LastRespects,FlipTurn,AquaJet|||M|||50|,,,,,Water]Archaludon||AssaultVest|Stamina|ElectroShot,DragonPulse,FlashCannon,BodyPress|||F|||50|,,,,,Bug]Amoonguss||SitrusBerry|Regenerator|PollenPuff,Protect,RagePowder,Spore|||M|||50|,,,,,Fairy
|inactive|Battle timer is ON: inactive players will automatically lose when time's up. (requested by Karlye)
|
|t:|1757788025
|teamsize|p1|4
|teamsize|p2|4
|start
|switch|p1a: Dragonite|Dragonite, L50, F|100/100
|switch|p1b: Ursaluna|Ursaluna-Bloodmoon, L50, M|100/100
|switch|p2a: Archaludon|Archaludon, L50, F|100/100
|switch|p2b: Pelipper|Pelipper, L50, M|100/100
|-weather|RainDance|[from] ability: Drizzle|[of] p2b: Pelipper
|turn|1
|inactive|Karlye has 30 seconds left.
|
|t:|1757788059
|-terastallize|p2a: Archaludon|Bug
|move|p1a: Dragonite|Scale Shot|p2b: Pelipper
|-damage|p2b: Pelipper|81/100
|-damage|p2b: Pelipper|61/100
|-damage|p2b: Pelipper|42/100
|-damage|p2b: Pelipper|22/100
|-hitcount|p2b: Pelipper|4
|-unboost|p1a: Dragonite|def|1
|-boost|p1a: Dragonite|spe|1
|move|p2a: Archaludon|Electro Shot||[still]
|-prepare|p2a: Archaludon|Electro Shot
|-boost|p2a: Archaludon|spa|1
|-anim|p2a: Archaludon|Electro Shot|p1b: Ursaluna
|-immune|p1b: Ursaluna
|move|p2b: Pelipper|Weather Ball|p1b: Ursaluna
|-supereffective|p1b: Ursaluna
|-damage|p1b: Ursaluna|4/100
|move|p1b: Ursaluna|Earth Power|p2a: Archaludon
|-resisted|p2a: Archaludon
|-damage|p2a: Archaludon|83/100
|-ability|p2a: Archaludon|Stamina|boost
|-boost|p2a: Archaludon|def|1
|
|-weather|RainDance|[upkeep]
|upkeep
|turn|2
|inactive|Karlye has 30 seconds left.
|
|t:|1757788090
|move|p1a: Dragonite|Tailwind|p1a: Dragonite
|-sidestart|p1: Karlye|move: Tailwind
|move|p1b: Ursaluna|Hyper Voice|p2b: Pelipper|[spread] p2a,p2b
|-damage|p2a: Archaludon|57/100
|-damage|p2b: Pelipper|0 fnt
|-ability|p2a: Archaludon|Stamina|boost
|-boost|p2a: Archaludon|def|1
|faint|p2b: Pelipper
|move|p2a: Archaludon|Electro Shot||[still]
|-prepare|p2a: Archaludon|Electro Shot
|-boost|p2a: Archaludon|spa|1
|-anim|p2a: Archaludon|Electro Shot|p1a: Dragonite
|-damage|p1a: Dragonite|55/100
|
|-weather|RainDance|[upkeep]
|upkeep
|
|t:|1757788100
|switch|p2b: Amoonguss|Amoonguss, L50, M|100/100
|turn|3
|
|t:|1757788120
|move|p2b: Amoonguss|Rage Powder|p2b: Amoonguss
|-singleturn|p2b: Amoonguss|move: Rage Powder
|move|p1a: Dragonite|Scale Shot|p2b: Amoonguss
|-damage|p2b: Amoonguss|86/100
|-damage|p2b: Amoonguss|73/100
|-damage|p2b: Amoonguss|59/100
|-damage|p2b: Amoonguss|45/100
|-enditem|p2b: Amoonguss|Sitrus Berry|[eat]
|-heal|p2b: Amoonguss|70/100|[from] item: Sitrus Berry
|-hitcount|p2b: Amoonguss|4
|-unboost|p1a: Dragonite|def|1
|-boost|p1a: Dragonite|spe|1
|move|p1b: Ursaluna|Blood Moon|p2b: Amoonguss
|-damage|p2b: Amoonguss|13/100
|move|p2a: Archaludon|Electro Shot||[still]
|-prepare|p2a: Archaludon|Electro Shot
|-boost|p2a: Archaludon|spa|1
|-anim|p2a: Archaludon|Electro Shot|p1a: Dragonite
|-damage|p1a: Dragonite|0 fnt
|faint|p1a: Dragonite
|
|-weather|RainDance|[upkeep]
|upkeep
|
|t:|1757788145
|switch|p1a: Gholdengo|Gholdengo, L50|100/100
|turn|4
|inactive|Karlye has 30 seconds left.
|inactive|Park2 has 30 seconds left.
|
|t:|1757788177
|switch|p2b: Gholdengo|Gholdengo, L50|100/100
|-terastallize|p1a: Gholdengo|Dragon
|move|p1a: Gholdengo|Make It Rain|p2a: Archaludon|[spread] p2a,p2b
|-resisted|p2b: Gholdengo
|-damage|p2a: Archaludon|10/100
|-damage|p2b: Gholdengo|69/100
|-unboost|p1a: Gholdengo|spa|1
|-ability|p2a: Archaludon|Stamina|boost
|-boost|p2a: Archaludon|def|1
|-damage|p1a: Gholdengo|91/100|[from] item: Life Orb
|move|p1b: Ursaluna|Hyper Voice|p2b: Gholdengo|[spread] p2a,p2b
|-resisted|p2b: Gholdengo
|-damage|p2a: Archaludon|0 fnt
|-damage|p2b: Gholdengo|51/100
|faint|p2a: Archaludon
|
|-weather|RainDance|[upkeep]
|upkeep
|
|t:|1757788193
|switch|p2a: Amoonguss|Amoonguss, L50, M|46/100
|turn|5
|inactive|Park2 has 30 seconds left.
|inactive|Park2 has 20 seconds left.
|inactive|Park2 has 15 seconds left.
|inactive|Park2 has 10 seconds left.
|
|t:|1757788239
|move|p1a: Gholdengo|Nasty Plot|p1a: Gholdengo
|-boost|p1a: Gholdengo|spa|2
|move|p1b: Ursaluna|Blood Moon|p2a: Amoonguss
|-damage|p2a: Amoonguss|0 fnt
|faint|p2a: Amoonguss
|move|p2b: Gholdengo|Nasty Plot|p2b: Gholdengo
|-boost|p2b: Gholdengo|spa|2
|
|-weather|none
|-sideend|p1: Karlye|move: Tailwind
|upkeep
|turn|6
|inactive|Karlye has 30 seconds left.
|inactive|Karlye has 20 seconds left.
|
|t:|1757788274
|switch|p1b: Rillaboom|Rillaboom, L50, F|100/100
|-fieldstart|move: Grassy Terrain|[from] ability: Grassy Surge|[of] p1b: Rillaboom
|move|p1a: Gholdengo|Protect|p1a: Gholdengo
|-singleturn|p1a: Gholdengo|Protect
|move|p2b: Gholdengo|Make It Rain|p1a: Gholdengo|[spread] p1b
|-activate|p1a: Gholdengo|move: Protect
|-damage|p1b: Rillaboom|0 fnt
|-unboost|p2b: Gholdengo|spa|1
|faint|p1b: Rillaboom
|-damage|p2b: Gholdengo|42/100|[from] item: Life Orb
|
|-heal|p2b: Gholdengo|48/100|[from] Grassy Terrain
|-heal|p1a: Gholdengo|97/100|[from] Grassy Terrain
|upkeep
|
|t:|1757788278
|switch|p1b: Ursaluna|Ursaluna-Bloodmoon, L50, M|4/100
|turn|7
|inactive|Park2 has 30 seconds left.
|
|t:|1757788304
|move|p2b: Gholdengo|Make It Rain|p1b: Ursaluna|[spread] p1a,p1b
|-damage|p1a: Gholdengo|9/100
|-damage|p1b: Ursaluna|0 fnt
|-unboost|p2b: Gholdengo|spa|1
|faint|p1b: Ursaluna
|-damage|p2b: Gholdengo|38/100|[from] item: Life Orb
|move|p1a: Gholdengo|Shadow Ball|p2b: Gholdengo
|-supereffective|p2b: Gholdengo
|-damage|p2b: Gholdengo|0 fnt
|faint|p2b: Gholdengo
|-damage|p1a: Gholdengo|0 fnt|[from] item: Life Orb
|faint|p1a: Gholdengo
|
|win|Karlye
|raw|Karlye's rating: 1164 → 1198(+34 for winning)
|raw|Park2's rating: 1295 → 1261(-34 for losing)
|l|☆Park2
|player|p2|
