|j|☆zaharba
|j|☆ackergaul
|html|zaharbaackergaul    
|uhtml|bestof|Game 1 of a best-of-3
|t:|1783197725
|gametype|doubles
|player|p1|zaharba|170|1093
|player|p2|ackergaul|pilot|1000
|gen|9
|tier|[Gen 9 Champions] VGC 2026 Reg M-B (Bo3)
|rated|
|rule|Species Clause: Limit one of each Pokémon
|rule|Item Clause: Limit 1 of each item
|clearpoke
|poke|p1|Raichu, L50, M, shiny|
|poke|p1|Vivillon, L50, M|
|poke|p1|Ninetales-Alola, L50, M, shiny|
|poke|p1|Tyranitar, L50, M|
|poke|p1|Basculegion-F, L50, F|
|poke|p1|Talonflame, L50, M|
|poke|p2|Sceptile, L50, M|
|poke|p2|Rotom-Heat, L50|
|poke|p2|Garchomp, L50, M|
|poke|p2|Manectric, L50, F|
|poke|p2|Grimmsnarl, L50, M|
|poke|p2|Sneasler, L50, F|
|teampreview|4
|showteam|p1|Raichu||RaichuniteY|LightningRod|FocusBlast,ZapCannon,UpperHand,FakeOut|Timid||M|||50|]Vivillon||ChoiceScarf|CompoundEyes|SleepPowder,RagePowder,Hurricane,Tailwind|Timid||M|||50|]Ninetales-Alola||NeverMeltIce|SnowWarning|Protect,FreezeDry,Blizzard,Encore|Timid||M|||50|]Tyranitar||PasshoBerry|SandStream|RockSlide,HighHorsepower,Protect,DragonDance|Adamant||M|||50|]Basculegion-F||SpellTag|Adaptability|Protect,Hex,HydroPump,MuddyWater|Modest||F|||50|]Talonflame||LifeOrb|GaleWings|Whirlwind,BraveBird,Overheat,Tailwind|Naive||M|||50|
|showteam|p2|Sceptile||Sceptilite|Overgrow|DragonPulse,GigaDrain,EarthPower,Detect|Timid||M|||50|]Rotom-Heat||ChoiceScarf|Levitate|Overheat,Discharge,VoltSwitch,Trick|Timid|||||50|]Garchomp||SitrusBerry|RoughSkin|StompingTantrum,RockSlide,DragonClaw,Protect|Jolly||M|||50|]Manectric||Manectite|LightningRod|Snarl,Discharge,VoltSwitch,Protect|Timid||F|||50|]Grimmsnarl||LightClay|Prankster|Reflect,LightScreen,PartingShot,SpiritBreak|Impish||M|||50|]Sneasler||WhiteHerb|Unburden|CloseCombat,GunkShot,FakeOut,Protect|Adamant||F|||50|
|inactive|Battle timer is ON: inactive players will automatically lose when time's up. (requested by zaharba)
|inactive|ackergaul has 60 seconds left.
|inactive|ackergaul has 30 seconds left.
|
|t:|1783197794
|teamsize|p1|4
|teamsize|p2|4
|start
|switch|p1a: Vivillon|Vivillon, L50, M|100/100
|switch|p1b: Talonflame|Talonflame, L50, M|100/100
|switch|p2a: Sneasler|Sneasler, L50, F|100/100
|switch|p2b: Garchomp|Garchomp, L50, M|100/100
|turn|1
|inactive|zaharba has 30 seconds left.
|inactive|zaharba has 20 seconds left.
|inactive|zaharba has 15 seconds left.
|inactive|zaharba has 10 seconds left.
|inactive|zaharba has 5 seconds left.
|
|t:|1783197845
|switch|p1a: Tyranitar|Tyranitar, L50, M|100/100
|-weather|Sandstorm|[from] ability: Sand Stream|[of] p1a: Tyranitar
|move|p2a: Sneasler|Fake Out|p1a: Tyranitar
|-resisted|p1a: Tyranitar|1
|-damage|p1a: Tyranitar|93/100
|move|p1b: Talonflame|Tailwind|p1b: Talonflame
|-sidestart|p1: zaharba|move: Tailwind
|move|p2b: Garchomp|Rock Slide|p1b: Talonflame|[spread] p1a,p1b
|-supereffective|p1b: Talonflame|2
|-damage|p1a: Tyranitar|75/100
|-damage|p1b: Talonflame|0 fnt
|faint|p1b: Talonflame
|
|-weather|Sandstorm|[upkeep]
|-damage|p2a: Sneasler|94/100|[from] Sandstorm
|upkeep
|
|t:|1783197863
|switch|p1b: Ninetales|Ninetales-Alola, L50, M, shiny|100/100
|-weather|Snowscape|[from] ability: Snow Warning|[of] p1b: Ninetales
|turn|2
|
|t:|1783197883
|switch|p2b: Rotom|Rotom-Heat, L50|100/100
|move|p1b: Ninetales|Blizzard|p2b: Rotom|[spread] p2a,p2b
|-resisted|p2b: Rotom|1
|-damage|p2a: Sneasler|46/100
|-damage|p2b: Rotom|74/100
|move|p1a: Tyranitar|Rock Slide|p2b: Rotom|[spread] p2a,p2b
|-resisted|p2a: Sneasler|1
|-supereffective|p2b: Rotom|1
|-damage|p2a: Sneasler|19/100
|-damage|p2b: Rotom|0 fnt
|faint|p2b: Rotom
|move|p2a: Sneasler|Gunk Shot|p1b: Ninetales
|-supereffective|p1b: Ninetales|1
|-crit|p1b: Ninetales
|-damage|p1b: Ninetales|0 fnt
|faint|p1b: Ninetales
|
|-weather|Snowscape|[upkeep]
|upkeep
|
|t:|1783197899
|switch|p1b: Vivillon|Vivillon, L50, M|100/100
|switch|p2b: Garchomp|Garchomp, L50, M|100/100
|turn|3
|
|t:|1783197917
|switch|p2a: Sceptile|Sceptile, L50, M|100/100
|move|p2b: Garchomp|Protect|p2b: Garchomp
|-singleturn|p2b: Garchomp|Protect
|move|p1b: Vivillon|Sleep Powder|p2b: Garchomp
|-activate|p2b: Garchomp|move: Protect
|move|p1a: Tyranitar|Rock Slide|p2b: Garchomp|[spread] p2a
|-activate|p2b: Garchomp|move: Protect
|-damage|p2a: Sceptile|48/100
|
|-weather|Snowscape|[upkeep]
|upkeep
|turn|4
|inactive|ackergaul has 30 seconds left.
|
|t:|1783197945
|detailschange|p2a: Sceptile|Sceptile-Mega, L50, M
|-mega|p2a: Sceptile|Sceptile|Sceptilite
|move|p2a: Sceptile|Detect|p2a: Sceptile
|-singleturn|p2a: Sceptile|Protect
|move|p1b: Vivillon|Sleep Powder|p2b: Garchomp
|-status|p2b: Garchomp|slp|[from] move: Sleep Powder
|move|p1a: Tyranitar|Dragon Dance|p1a: Tyranitar
|-boost|p1a: Tyranitar|atk|1
|-boost|p1a: Tyranitar|spe|1
|cant|p2b: Garchomp|slp
|
|-weather|Snowscape|[upkeep]
|-sideend|p1: zaharba|move: Tailwind
|upkeep
|turn|5
|
|t:|1783197963
|move|p1b: Vivillon|Sleep Powder|p2b: Garchomp
|-fail|p2b: Garchomp|slp
|move|p2a: Sceptile|Giga Drain|p1a: Tyranitar
|-supereffective|p1a: Tyranitar|1
|-damage|p1a: Tyranitar|0 fnt
|-heal|p2a: Sceptile|94/100|[from] drain|[of] p1a: Tyranitar
|faint|p1a: Tyranitar
|-curestatus|p2b: Garchomp|slp|[msg]
|move|p2b: Garchomp|Rock Slide|p1b: Vivillon
|-supereffective|p1b: Vivillon|2
|-damage|p1b: Vivillon|0 fnt
|faint|p1b: Vivillon
|
|win|ackergaul
||zaharba is ready for game 2.
|inactive|ackergaul has 30 seconds to confirm battle start!
||ackergaul is ready for game 2.
|uhtml|next|Next: Game 2 of 3
|l|☆zaharba
|player|p1|
