|j|☆MudkipBestp0kem0n
|j|☆AbadanRiyi92
|html|MudkipBestp0kem0nAbadanRiyi92    
|uhtml|bestof|Game 1 of a best-of-3
|t:|1784943424
|gametype|doubles
|player|p1|MudkipBestp0kem0n|1|1177
|player|p2|AbadanRiyi92|colress|1191
|gen|9
|tier|[Gen 9 Champions] VGC 2026 Reg M-B (Bo3)
|rated|
|rule|Species Clause: Limit one of each Pokémon
|rule|Item Clause: Limit 1 of each item
|clearpoke
|poke|p1|Torkoal, L50, F|
|poke|p1|Annihilape, L50, M, shiny|
|poke|p1|Skarmory, L50, M|
|poke|p1|Whimsicott, L50, F, shiny|
|poke|p1|Houndoom, L50, F|
|poke|p1|Sinistcha-Masterpiece, L50|
|poke|p2|Gengar, L50, M, shiny|
|poke|p2|Maushold-Four, L50|
|poke|p2|Annihilape, L50, M|
|poke|p2|Incineroar, L50, M|
|poke|p2|Politoed, L50, M, shiny|
|poke|p2|Archaludon, L50, F|
|teampreview|4
|showteam|p1|Torkoal||SitrusBerry|Drought|LavaPlume,Protect,HelpingHand,EarthPower|Bold||F|||50|]Annihilape||LifeOrb|Defiant|Protect,DrainPunch,RageFist,Uturn|Brave||M|||50|]Skarmory||Skarmorite|KeenEye|BraveBird,Protect,SwordsDance,IronHead|Jolly||M|||50|]Whimsicott||FocusSash|Prankster|SunnyDay,Encore,HelpingHand,Tailwind|Calm||F|||50|]Houndoom||Houndoominite|FlashFire|HeatWave,Protect,DarkPulse,SolarBeam|Timid||F|||50|]Sinistcha-Masterpiece||Leftovers|Hospitality|MatchaGotcha,Protect,RagePowder,LifeDew|Bold|||||50|
|showteam|p2|Gengar||Gengarite|CursedBody|ShadowBall,Disable,PerishSong,Protect|Timid||M|||50|]Maushold-Four||FocusSash|FriendGuard|FollowMe,Encore,BeatUp,Protect|Jolly|||||50|]Annihilape||RoseliBerry|Defiant|RageFist,CloseCombat,Encore,Protect|Jolly||M|||50|]Incineroar||PasshoBerry|Blaze|PartingShot,ThroatChop,Protect,FakeOut|Sassy||M|||50|]Politoed||SitrusBerry|Drizzle|WeatherBall,Encore,PerishSong,Protect|Calm||M|||50|]Archaludon||Leftovers|Stamina|DragonPulse,FlashCannon,ElectroShot,Protect|Bold||F|||50|
|inactive|Battle timer is ON: inactive players will automatically lose when time's up. (requested by AbadanRiyi92)
|inactive|AbadanRiyi92 has 60 seconds left.
|
|t:|1784943499
|teamsize|p1|4
|teamsize|p2|4
|start
|switch|p1a: Whimsicott|Whimsicott, L50, F, shiny|100/100
|switch|p1b: Houndoom|Houndoom, L50, F|100/100
|switch|p2a: Gengar|Gengar, L50, M, shiny|100/100
|switch|p2b: Maushold|Maushold-Four, L50|100/100
|turn|1
|inactive|MudkipBestp0kem0n has 30 seconds left.
|inactive|AbadanRiyi92 has 30 seconds left.
|inactive|MudkipBestp0kem0n has 20 seconds left.
|inactive|MudkipBestp0kem0n has 15 seconds left.
|
|t:|1784943542
|detailschange|p1b: Houndoom|Houndoom-Mega, L50, F
|-mega|p1b: Houndoom|Houndoom|Houndoominite
|detailschange|p2a: Gengar|Gengar-Mega, L50, M, shiny
|-mega|p2a: Gengar|Gengar|Gengarite
|move|p2b: Maushold|Follow Me|p2b: Maushold
|-singleturn|p2b: Maushold|move: Follow Me
|move|p1a: Whimsicott|Sunny Day|p1a: Whimsicott
|-weather|SunnyDay
|move|p1b: Houndoom|Heat Wave|p2a: Gengar|[spread] p2b
|-miss|p1b: Houndoom|p2a: Gengar
|-enditem|p2b: Maushold|Focus Sash
|-damage|p2b: Maushold|1/100
|move|p2a: Gengar|Perish Song|p2a: Gengar
|-start|p1a: Whimsicott|perish3|[silent]
|-start|p1b: Houndoom|perish3|[silent]
|-start|p2a: Gengar|perish3|[silent]
|-start|p2b: Maushold|perish3|[silent]
|-fieldactivate|move: Perish Song
|
|-weather|SunnyDay|[upkeep]
|-damage|p1b: Houndoom|88/100|[from] ability: Solar Power|[of] p1b: Houndoom
|-start|p1b: Houndoom|perish3
|-start|p2b: Maushold|perish3
|-start|p2a: Gengar|perish3
|-start|p1a: Whimsicott|perish3
|upkeep
|turn|2
|inactive|MudkipBestp0kem0n has 30 seconds left.
|inactive|AbadanRiyi92 has 30 seconds left.
|
|t:|1784943573
|move|p1a: Whimsicott|Helping Hand|p1b: Houndoom
|-singleturn|p1b: Houndoom|Helping Hand|[of] p1a: Whimsicott
|move|p2b: Maushold|Protect|p2b: Maushold
|-singleturn|p2b: Maushold|Protect
|move|p2a: Gengar|Protect|p2a: Gengar
|-singleturn|p2a: Gengar|Protect
|move|p1b: Houndoom|Heat Wave|p2a: Gengar|[spread] 
|-activate|p2a: Gengar|move: Protect
|-activate|p2b: Maushold|move: Protect
|
|-weather|SunnyDay|[upkeep]
|-damage|p1b: Houndoom|76/100|[from] ability: Solar Power|[of] p1b: Houndoom
|-start|p1b: Houndoom|perish2
|-start|p2b: Maushold|perish2
|-start|p2a: Gengar|perish2
|-start|p1a: Whimsicott|perish2
|upkeep
|turn|3
|inactive|AbadanRiyi92 has 30 seconds left.
|
|t:|1784943600
|switch|p2b: Politoed|Politoed, L50, M, shiny|100/100
|-weather|RainDance|[from] ability: Drizzle|[of] p2b: Politoed
|move|p1a: Whimsicott|Helping Hand|p1b: Houndoom
|-singleturn|p1b: Houndoom|Helping Hand|[of] p1a: Whimsicott
|move|p1b: Houndoom|Heat Wave|p2a: Gengar|[spread] p2a,p2b
|-resisted|p2b: Politoed|1
|-damage|p2a: Gengar|72/100
|-damage|p2b: Politoed|89/100
|move|p2a: Gengar|Disable|p1b: Houndoom
|-start|p1b: Houndoom|Disable|Heat Wave
|
|-weather|RainDance|[upkeep]
|-start|p1b: Houndoom|perish1
|-start|p2a: Gengar|perish1
|-start|p1a: Whimsicott|perish1
|upkeep
|turn|4
|
|t:|1784943622
|switch|p2a: Archaludon|Archaludon, L50, F|100/100
|move|p1a: Whimsicott|Helping Hand|p1b: Houndoom
|-singleturn|p1b: Houndoom|Helping Hand|[of] p1a: Whimsicott
|move|p2b: Politoed|Protect|p2b: Politoed
|-singleturn|p2b: Politoed|Protect
|move|p1b: Houndoom|Solar Beam||[still]
|-prepare|p1b: Houndoom|Solar Beam
|
|-weather|RainDance|[upkeep]
|-start|p1b: Houndoom|perish0
|-start|p1a: Whimsicott|perish0
|faint|p1b: Houndoom
|faint|p1a: Whimsicott
|upkeep
|
|t:|1784943627
|switch|p1b: Torkoal|Torkoal, L50, F|100/100
|switch|p1a: Annihilape|Annihilape, L50, M, shiny|100/100
|-weather|SunnyDay|[from] ability: Drought|[of] p1b: Torkoal
|turn|5
|
|t:|1784943646
|switch|p2b: Maushold|Maushold-Four, L50|1/100
|move|p2a: Archaludon|Protect|p2a: Archaludon
|-singleturn|p2a: Archaludon|Protect
|move|p1a: Annihilape|Rage Fist|p2b: Maushold
|-immune|p2b: Maushold
|move|p1b: Torkoal|Earth Power|p2a: Archaludon
|-activate|p2a: Archaludon|move: Protect
|
|-weather|SunnyDay|[upkeep]
|upkeep
|turn|6
|inactive|AbadanRiyi92 has 30 seconds left.
|inactive|AbadanRiyi92 has 20 seconds left.
|
|t:|1784943686
|switch|p2a: Politoed|Politoed, L50, M, shiny|89/100
|-weather|RainDance|[from] ability: Drizzle|[of] p2a: Politoed
|move|p2b: Maushold|Encore|p1a: Annihilape
|-start|p1a: Annihilape|Encore
|move|p1a: Annihilape|Rage Fist|p2a: Politoed
|-damage|p2a: Politoed|66/100
|-damage|p1a: Annihilape|90/100|[from] item: Life Orb
|move|p1b: Torkoal|Earth Power|p2a: Politoed
|-damage|p2a: Politoed|54/100
|
|-weather|RainDance|[upkeep]
|upkeep
|turn|7
|
|t:|1784943708
|move|p2b: Maushold|Follow Me|p2b: Maushold
|-singleturn|p2b: Maushold|move: Follow Me
|move|p1a: Annihilape|Rage Fist|p2b: Maushold
|-immune|p2b: Maushold
|move|p2a: Politoed|Perish Song|p2a: Politoed
|-start|p1a: Annihilape|perish3|[silent]
|-start|p1b: Torkoal|perish3|[silent]
|-start|p2a: Politoed|perish3|[silent]
|-start|p2b: Maushold|perish3|[silent]
|-fieldactivate|move: Perish Song
|move|p1b: Torkoal|Lava Plume|p2a: Politoed|[spread] p1a,p2a,p2b
|-resisted|p2a: Politoed|1
|-damage|p1a: Annihilape|82/100
|-damage|p2a: Politoed|52/100
|-damage|p2b: Maushold|0 fnt
|-status|p1a: Annihilape|brn
|faint|p2b: Maushold
|
|-weather|RainDance|[upkeep]
|-damage|p1a: Annihilape|76/100 brn|[from] brn
|-start|p1a: Annihilape|perish3
|-start|p2a: Politoed|perish3
|-start|p1b: Torkoal|perish3
|upkeep
|-message|MudkipBestp0kem0n forfeited.
|
|win|AbadanRiyi92
|l|☆MudkipBestp0kem0n
|player|p1|
||MudkipBestp0kem0n is ready for game 2.
