|j|☆frost1810
|j|☆Blake_the_Snake
|html|frost1810Blake_the_Snake    
|uhtml|bestof|Game 1 of a best-of-3
|t:|1782211099
|gametype|doubles
|player|p1|frost1810|drayden|
|player|p2|Blake_the_Snake|byron|
|gen|9
|tier|[Gen 9 Champions] VGC 2026 Reg M-B (Bo3)
|rule|Species Clause: Limit one of each Pokémon
|rule|Item Clause: Limit 1 of each item
|clearpoke
|poke|p1|Pyroar, L50, F|
|poke|p1|Whimsicott, L50, M|
|poke|p1|Ninetales, L50, F|
|poke|p1|Farigiraf, L50, M|
|poke|p1|Basculegion, L50, M|
|poke|p1|Floette-Eternal, L50, F|
|poke|p2|Pyroar, L50, M|
|poke|p2|Ninetales, L50, M|
|poke|p2|Whimsicott, L50, F|
|poke|p2|Froslass, L50, F|
|poke|p2|Grimmsnarl, L50, M|
|poke|p2|Farigiraf, L50, F|
|teampreview|4
|showteam|p1|Pyroar||Pyroarite|Unnerve|Protect,HeatWave,SolarBeam,Overheat|Timid||F|||50|]Whimsicott||FocusSash|Prankster|Protect,SunnyDay,Moonblast,Tailwind|Timid||M|||50|]Ninetales||ChoiceScarf|Drought|FakeTears,SolarBeam,HeatWave,Overheat|Modest||F|||50|]Farigiraf||SitrusBerry|ArmorTail|Protect,TrickRoom,TwinBeam,Thunderbolt|Bold||M|||50|]Basculegion||LifeOrb|Adaptability|Protect,AquaJet,WaveCrash,LastRespects|Adamant||M|||50|]Floette-Eternal||Floettite|FlowerVeil|Protect,LightofRuin,Moonblast,DazzlingGleam|Modest||F|||50|
|showteam|p2|Pyroar||Pyroarite|Unnerve|HeatWave,HyperVoice,SolarBeam,Protect|Timid||M|||50|]Ninetales||ChoiceScarf|Drought|Overheat,SunnyDay,SolarBeam,HeatWave|Timid||M|||50|]Whimsicott||FocusSash|Prankster|Tailwind,Moonblast,SunnyDay,Encore|Modest||F|||50|]Froslass||Froslassite|CursedBody|Blizzard,AuroraVeil,ShadowBall,Protect|Modest||F|||50|]Grimmsnarl||LightClay|Prankster|FakeOut,LightScreen,Reflect,FoulPlay|Careful||M|||50|]Farigiraf||SitrusBerry|ArmorTail|TwinBeam,HelpingHand,HyperVoice,Protect|Modest||F|||50|
|inactive|Battle timer is ON: inactive players will automatically lose when time's up. (requested by frost1810)
|inactive|Blake_the_Snake also wants the timer to be on.
|c|☆frost1810|wait a minute
|inactive|frost1810 no longer wants the timer on, but the timer is staying on because blakethesnake still does.
|c|☆Blake_the_Snake|I think we have the same insp
|inactive|frost1810 has 60 seconds left.
|inactive|Blake_the_Snake has 60 seconds left.
|c|☆frost1810|yo stop the timer, lemme share the link
|inactiveoff|Battle timer is now OFF.
|c|☆Blake_the_Snake|Yee
|
|t:|1782211210
|teamsize|p1|4
|teamsize|p2|4
|start
|switch|p1a: Whimsicott|Whimsicott, L50, M|100/100
|switch|p1b: Basculegion|Basculegion, L50, M|100/100
|switch|p2a: Whimsicott|Whimsicott, L50, F|100/100
|switch|p2b: Pyroar|Pyroar, L50, M|100/100
|-ability|p2b: Pyroar|Unnerve
|turn|1
|
|t:|1782211238
|detailschange|p2b: Pyroar|Pyroar-Mega, L50, M
|-mega|p2b: Pyroar|Pyroar|Pyroarite
|move|p1a: Whimsicott|Tailwind|p1a: Whimsicott
|-sidestart|p1: frost1810|move: Tailwind
|move|p2a: Whimsicott|Sunny Day|p2a: Whimsicott
|-weather|SunnyDay
|move|p1b: Basculegion|Wave Crash|p2b: Pyroar
|-supereffective|p2b: Pyroar|1
|-damage|p2b: Pyroar|0 fnt
|faint|p2b: Pyroar
|-damage|p1b: Basculegion|75/100|[from] Recoil
|-damage|p1b: Basculegion|65/100|[from] item: Life Orb
|
|-weather|SunnyDay|[upkeep]
|upkeep
|
|t:|1782211255
|switch|p2b: Ninetales|Ninetales, L50, M|100/100
|turn|2
|
|t:|1782211269
|move|p1a: Whimsicott|Protect|p1a: Whimsicott
|-singleturn|p1a: Whimsicott|Protect
|move|p2a: Whimsicott|Tailwind|p2a: Whimsicott
|-sidestart|p2: Blake_the_Snake|move: Tailwind
|move|p2b: Ninetales|Solar Beam||[still]
|-prepare|p2b: Ninetales|Solar Beam
|-anim|p2b: Ninetales|Solar Beam|p1b: Basculegion
|-supereffective|p1b: Basculegion|1
|-damage|p1b: Basculegion|4/100
|move|p1b: Basculegion|Wave Crash|p2b: Ninetales
|-supereffective|p2b: Ninetales|1
|-damage|p2b: Ninetales|0 fnt
|faint|p2b: Ninetales
|-damage|p1b: Basculegion|0 fnt|[from] Recoil
|faint|p1b: Basculegion
|
|-weather|SunnyDay|[upkeep]
|upkeep
|
|t:|1782211283
|switch|p2b: Grimmsnarl|Grimmsnarl, L50, M|100/100
|switch|p1b: Pyroar|Pyroar, L50, F|100/100
|-ability|p1b: Pyroar|Unnerve
|turn|3
|
|t:|1782211292
|detailschange|p1b: Pyroar|Pyroar-Mega, L50, F
|-mega|p1b: Pyroar|Pyroar|Pyroarite
|move|p2b: Grimmsnarl|Fake Out|p1b: Pyroar
|-damage|p1b: Pyroar|85/100
|move|p2a: Whimsicott|Encore|p1a: Whimsicott
|-start|p1a: Whimsicott|Encore
|move|p1a: Whimsicott|Protect||[still]
|-fail|p1a: Whimsicott
|cant|p1b: Pyroar|flinch
|
|-weather|SunnyDay|[upkeep]
|upkeep
|turn|4
|
|t:|1782211311
|switch|p1a: Ninetales|Ninetales, L50, F|100/100
|move|p1b: Pyroar|Heat Wave|p2b: Grimmsnarl|[spread] p2a,p2b
|-supereffective|p2a: Whimsicott|1
|-enditem|p2a: Whimsicott|Focus Sash
|-damage|p2a: Whimsicott|1/100
|-damage|p2b: Grimmsnarl|34/100
|move|p2a: Whimsicott|Moonblast|p1b: Pyroar
|-resisted|p1b: Pyroar|1
|-damage|p1b: Pyroar|61/100
|move|p2b: Grimmsnarl|Foul Play|p1b: Pyroar
|-damage|p1b: Pyroar|31/100
|
|-weather|SunnyDay|[upkeep]
|-sideend|p1: frost1810|move: Tailwind
|upkeep
|turn|5
|
|t:|1782211330
|switch|p1b: Whimsicott|Whimsicott, L50, M|100/100
|move|p2a: Whimsicott|Moonblast|p1b: Whimsicott
|-damage|p1b: Whimsicott|36/100
|-unboost|p1b: Whimsicott|spa|1
|move|p1a: Ninetales|Heat Wave|p2a: Whimsicott|[spread] p2a,p2b
|-supereffective|p2a: Whimsicott|1
|-damage|p2a: Whimsicott|0 fnt
|-damage|p2b: Grimmsnarl|0 fnt
|faint|p2a: Whimsicott
|faint|p2b: Grimmsnarl
|
|win|frost1810
||frost1810 is ready for game 2.
|inactive|Blake_the_Snake has 30 seconds to confirm battle start!
||Blake_the_Snake is ready for game 2.
|uhtml|next|Next: Game 2 of 3
|j| SoupForSale
