|j|☆AtomicTwilight
|j|☆Caballero plateado
|html|AtomicTwilightCaballero plateado    
|uhtml|bestof|Game 2 of a best-of-3
|t:|1785675639
|gametype|doubles
|player|p1|AtomicTwilight|swimmerf-gen4|1018
|player|p2|Caballero plateado|170|1000
|gen|9
|tier|[Gen 9 Champions] VGC 2026 Reg M-B (Bo3)
|rated|
|rule|Species Clause: Limit one of each Pokémon
|rule|Item Clause: Limit 1 of each item
|clearpoke
|poke|p1|Froslass, L50, F|
|poke|p1|Beartic, L50, M|
|poke|p1|Ninetales-Alola, L50, M|
|poke|p1|Avalugg-Hisui, L50, F|
|poke|p1|Weavile, L50, M|
|poke|p1|Vanilluxe, L50, F|
|poke|p2|Cofagrigus, L50, M|
|poke|p2|Espathra, L50, F|
|poke|p2|Lucario, L50, M|
|poke|p2|Torkoal, L50, M|
|poke|p2|Krookodile, L50, F|
|poke|p2|Volcarona, L50, F|
|teampreview|4
|showteam|p1|Froslass||Froslassite|SnowCloak|Blizzard,ShadowBall,Protect,Taunt|Timid||F|||50|]Beartic||LifeOrb|SlushRush|IcicleCrash,Protect,CloseCombat,RockSlide|Jolly||M|||50|]Ninetales-Alola||LightClay|SnowWarning|AuroraVeil,Blizzard,Protect,Moonblast|Timid||M|||50|]Avalugg-Hisui||QuickClaw|Sturdy|IceSpinner,Protect,WideGuard,RockSlide|Jolly||F|||50|]Weavile||FocusSash|Pressure|FakeOut,KnockOff,TripleAxel,Protect|Jolly||M|||50|]Vanilluxe||NeverMeltIce|WeakArmor|FreezeDry,Blizzard,IcyWind,Protect|Timid||F|||50|
|showteam|p2|Cofagrigus||Leftovers|Mummy|BodyPress,AllySwitch,TrickRoom,WillOWisp|Careful||M|||50|]Espathra||FocusSash|SpeedBoost|Hypnosis,Protect,SkillSwap,LuminaCrash|Hasty||F|||50|]Lucario||OccaBerry|InnerFocus|FinalGambit,AuraSphere,BulletPunch,Protect|Rash||M|||50|]Torkoal||Charcoal|Drought|Eruption,EarthPower,WeatherBall,Protect|Calm||M|||50|]Krookodile||ExpertBelt|Intimidate|Earthquake,KnockOff,LowKick,HighHorsepower|Naive||F|||50|]Volcarona||SitrusBerry|FlameBody|Tailwind,SunnyDay,GigaDrain,FieryDance|Modest||F|||50|
|inactive|Battle timer is ON: inactive players will automatically lose when time's up. (requested by Caballero plateado)
|
|t:|1785675672
|teamsize|p1|4
|teamsize|p2|4
|start
|switch|p1a: Froslass|Froslass, L50, F|100/100
|switch|p1b: Beartic|Beartic, L50, M|100/100
|switch|p2a: Cofagrigus|Cofagrigus, L50, M|100/100
|switch|p2b: Lucario|Lucario, L50, M|100/100
|turn|1
|
|t:|1785675694
|detailschange|p1a: Froslass|Froslass-Mega, L50, F
|-mega|p1a: Froslass|Froslass|Froslassite
|-weather|Snowscape|[from] ability: Snow Warning|[of] p1a: Froslass
|move|p2b: Lucario|Bullet Punch|p1b: Beartic
|-supereffective|p1b: Beartic|1
|-damage|p1b: Beartic|74/100
|move|p1b: Beartic|Close Combat|p2b: Lucario
|-supereffective|p2b: Lucario|1
|-damage|p2b: Lucario|0 fnt
|-unboost|p1b: Beartic|def|1
|-unboost|p1b: Beartic|spd|1
|faint|p2b: Lucario
|-damage|p1b: Beartic|64/100|[from] item: Life Orb
|move|p1a: Froslass|Taunt|p2a: Cofagrigus
|-start|p2a: Cofagrigus|move: Taunt
|cant|p2a: Cofagrigus|move: Taunt|Trick Room
|
|-weather|Snowscape|[upkeep]
|upkeep
|inactive|Caballero plateado has 30 seconds left.
|
|t:|1785675723
|switch|p2b: Torkoal|Torkoal, L50, M|100/100
|-weather|SunnyDay|[from] ability: Drought|[of] p2b: Torkoal
|turn|2
|inactive|AtomicTwilight has 30 seconds left.
|
|t:|1785675751
|switch|p1b: Ninetales|Ninetales-Alola, L50, M|100/100
|-weather|Snowscape|[from] ability: Snow Warning|[of] p1b: Ninetales
|switch|p2a: Volcarona|Volcarona, L50, F|100/100
|move|p2b: Torkoal|Protect|p2b: Torkoal
|-singleturn|p2b: Torkoal|Protect
|move|p1a: Froslass|Shadow Ball|p2b: Torkoal
|-activate|p2b: Torkoal|move: Protect
|
|-weather|Snowscape|[upkeep]
|upkeep
|turn|3
|inactive|AtomicTwilight has 30 seconds left.
|inactive|Caballero plateado has 30 seconds left.
|
|t:|1785675779
|move|p1a: Froslass|Shadow Ball|p2a: Volcarona
|-damage|p2a: Volcarona|57/100
|move|p1b: Ninetales|Aurora Veil|p1b: Ninetales
|-sidestart|p1: AtomicTwilight|move: Aurora Veil
|move|p2a: Volcarona|Fiery Dance|p1a: Froslass
|-supereffective|p1a: Froslass|1
|-damage|p1a: Froslass|28/100
|-boost|p2a: Volcarona|spa|1
|move|p2b: Torkoal|Eruption|p1a: Froslass|[spread] p1a,p1b
|-supereffective|p1a: Froslass|1
|-supereffective|p1b: Ninetales|1
|-damage|p1a: Froslass|0 fnt
|-damage|p1b: Ninetales|11/100
|faint|p1a: Froslass
|
|-weather|Snowscape|[upkeep]
|upkeep
|
|t:|1785675794
|switch|p1a: Avalugg|Avalugg-Hisui, L50, F|100/100
|turn|4
|
|t:|1785675817
|move|p1b: Ninetales|Protect|p1b: Ninetales
|-singleturn|p1b: Ninetales|Protect
|move|p2b: Torkoal|Protect|p2b: Torkoal
|-singleturn|p2b: Torkoal|Protect
|move|p2a: Volcarona|Giga Drain|p1a: Avalugg
|-supereffective|p1a: Avalugg|1
|-ability|p1a: Avalugg|Sturdy
|-damage|p1a: Avalugg|1/100
|-heal|p2a: Volcarona|100/100|[from] drain|[of] p1a: Avalugg
|move|p1a: Avalugg|Rock Slide|p2b: Torkoal|[spread] p2a
|-activate|p2b: Torkoal|move: Protect
|-supereffective|p2a: Volcarona|2
|-damage|p2a: Volcarona|0 fnt
|faint|p2a: Volcarona
|
|-weather|Snowscape|[upkeep]
|upkeep
|
|t:|1785675840
|switch|p2a: Cofagrigus|Cofagrigus, L50, M|100/100
|turn|5
|
|t:|1785675852
|move|p1b: Ninetales|Blizzard|p2b: Torkoal|[spread] p2a,p2b
|-resisted|p2b: Torkoal|1
|-damage|p2a: Cofagrigus|74/100
|-damage|p2b: Torkoal|80/100
|move|p1a: Avalugg|Rock Slide|p2b: Torkoal|[spread] p2a,p2b
|-supereffective|p2b: Torkoal|1
|-crit|p2b: Torkoal
|-damage|p2a: Cofagrigus|52/100
|-damage|p2b: Torkoal|9/100
|move|p2b: Torkoal|Eruption|p1b: Ninetales|[spread] p1a,p1b
|-supereffective|p1b: Ninetales|1
|-damage|p1a: Avalugg|0 fnt
|-damage|p1b: Ninetales|3/100
|faint|p1a: Avalugg
|move|p2a: Cofagrigus|Trick Room|p2a: Cofagrigus
|-fieldstart|move: Trick Room|[of] p2a: Cofagrigus
|
|-weather|Snowscape|[upkeep]
|-heal|p2a: Cofagrigus|58/100|[from] item: Leftovers
|upkeep
|
|t:|1785675867
|switch|p1a: Beartic|Beartic, L50, M|64/100
|turn|6
|
|t:|1785675886
|move|p2b: Torkoal|Earth Power|p1b: Ninetales
|-damage|p1b: Ninetales|0 fnt
|faint|p1b: Ninetales
|move|p2a: Cofagrigus|Body Press|p1a: Beartic
|-supereffective|p1a: Beartic|1
|-damage|p1a: Beartic|36/100
|move|p1a: Beartic|Rock Slide|p2b: Torkoal|[spread] p2b
|-miss|p1a: Beartic|p2a: Cofagrigus
|-supereffective|p2b: Torkoal|1
|-damage|p2b: Torkoal|0 fnt
|faint|p2b: Torkoal
|-damage|p1a: Beartic|26/100|[from] item: Life Orb
|
|-weather|none
|-heal|p2a: Cofagrigus|64/100|[from] item: Leftovers
|upkeep
|turn|7
|inactive|AtomicTwilight has 30 seconds left.
|inactive|Caballero plateado has 30 seconds left.
|
|t:|1785675916
|move|p2a: Cofagrigus|Will-O-Wisp|p1a: Beartic
|-status|p1a: Beartic|brn
|move|p1a: Beartic|Icicle Crash|p2a: Cofagrigus
|-damage|p2a: Cofagrigus|46/100
|-damage|p1a: Beartic|16/100 brn|[from] item: Life Orb
|
|-heal|p2a: Cofagrigus|52/100|[from] item: Leftovers
|-damage|p1a: Beartic|10/100 brn|[from] brn
|upkeep
|turn|8
|
|t:|1785675937
|move|p2a: Cofagrigus|Body Press|p1a: Beartic
|-supereffective|p1a: Beartic|1
|-damage|p1a: Beartic|0 fnt
|faint|p1a: Beartic
|
|win|Caballero plateado
|raw|AtomicTwilight's rating: 1018 → 1005(-13 for losing)
|raw|Caballero plateado's rating: 1000 → 1042(+42 for winning)
|l|☆AtomicTwilight
|player|p1|
