|j|☆Danidelaserna20
|j|☆naibot2814
|html|Danidelaserna20naibot2814    
|uhtml|bestof|Game 1 of a best-of-3
|t:|1783816651
|gametype|doubles
|player|p1|Danidelaserna20|ethan|1312
|player|p2|naibot2814|colress|1357
|gen|9
|tier|[Gen 9 Champions] VGC 2026 Reg M-B (Bo3)
|rated|
|rule|Species Clause: Limit one of each Pokémon
|rule|Item Clause: Limit 1 of each item
|clearpoke
|poke|p1|Kingambit, L50, M, shiny|
|poke|p1|Aerodactyl, L50, M|
|poke|p1|Farigiraf, L50, M|
|poke|p1|Sylveon, L50, M|
|poke|p1|Garchomp, L50, F|
|poke|p1|Charizard, L50, M|
|poke|p2|Garchomp, L50, M, shiny|
|poke|p2|Venusaur, L50, M|
|poke|p2|Incineroar, L50, M|
|poke|p2|Charizard, L50, M|
|poke|p2|Toxapex, L50, M|
|poke|p2|Annihilape, L50, M|
|teampreview|4
|showteam|p1|Kingambit||FocusSash|Defiant|KowtowCleave,LowKick,SuckerPunch,IronHead|Adamant||M|||50|]Aerodactyl||Aerodactylite|Unnerve|DualWingbeat,IceFang,Tailwind,RockSlide|Jolly||M|||50|]Farigiraf||SitrusBerry|ArmorTail|Thunderbolt,PsychicFangs,TrickRoom,SunnyDay|Relaxed||M|||50|]Sylveon||FairyFeather|Pixilate|HyperVoice,Protect,QuickAttack,HyperBeam|Modest||M|||50|]Garchomp||LifeOrb|RoughSkin|Earthquake,StompingTantrum,Protect,DragonClaw|Jolly||F|||50|]Charizard||CharizarditeY|Blaze|HeatWave,Protect,WeatherBall,SolarBeam|Modest||M|||50|
|showteam|p2|Garchomp||ChoiceScarf|RoughSkin|Earthquake,RockSlide,DragonClaw,StompingTantrum|Adamant||M|||50|]Venusaur||LifeOrb|Chlorophyll|SludgeBomb,SolarBeam,EarthPower,Protect|Modest||M|||50|]Incineroar||SitrusBerry|Intimidate|FakeOut,FlareBlitz,ThroatChop,PartingShot|Impish||M|||50|]Charizard||CharizarditeY|Blaze|HeatWave,WeatherBall,Protect,HelpingHand|Modest||M|||50|]Toxapex||Leftovers|Regenerator|Infestation,Toxic,WideGuard,BanefulBunker|Impish||M|||50|]Annihilape||FocusSash|Defiant|CloseCombat,PhantomForce,RockTomb,Protect|Jolly||M|||50|
|inactive|Battle timer is ON: inactive players will automatically lose when time's up. (requested by Danidelaserna20)
|
|t:|1783816701
|teamsize|p1|4
|teamsize|p2|4
|start
|switch|p1a: Farigiraf|Farigiraf, L50, M|100/100
|switch|p1b: Aerodactyl|Aerodactyl, L50, M|100/100
|switch|p2a: Charizard|Charizard, L50, M|100/100
|switch|p2b: Venusaur|Venusaur, L50, M|100/100
|-ability|p1b: Aerodactyl|Unnerve
|turn|1
|inactive|naibot2814 has 30 seconds left.
|inactive|naibot2814 has 20 seconds left.
|inactive|naibot2814 has 15 seconds left.
|inactive|naibot2814 has 10 seconds left.
|inactive|naibot2814 has 5 seconds left.
|
|t:|1783816752
|detailschange|p1b: Aerodactyl|Aerodactyl-Mega, L50, M
|-mega|p1b: Aerodactyl|Aerodactyl|Aerodactylite
|detailschange|p2a: Charizard|Charizard-Mega-Y, L50, M
|-mega|p2a: Charizard|Charizard|Charizardite Y
|-weather|SunnyDay|[from] ability: Drought|[of] p2a: Charizard
|move|p2a: Charizard|Helping Hand|p2b: Venusaur
|-singleturn|p2b: Venusaur|Helping Hand|[of] p2a: Charizard
|move|p2b: Venusaur|Solar Beam||[still]
|-prepare|p2b: Venusaur|Solar Beam
|-anim|p2b: Venusaur|Solar Beam|p1b: Aerodactyl
|-damage|p1b: Aerodactyl|0 fnt
|faint|p1b: Aerodactyl
|-damage|p2b: Venusaur|90/100|[from] item: Life Orb
|move|p1a: Farigiraf|Psychic Fangs|p2b: Venusaur
|-supereffective|p2b: Venusaur|1
|-damage|p2b: Venusaur|25/100
|
|-weather|SunnyDay|[upkeep]
|upkeep
|
|t:|1783816776
|switch|p1b: Garchomp|Garchomp, L50, F|100/100
|turn|2
|
|t:|1783816790
|move|p2a: Charizard|Helping Hand|p2b: Venusaur
|-singleturn|p2b: Venusaur|Helping Hand|[of] p2a: Charizard
|move|p2b: Venusaur|Solar Beam||[still]
|-prepare|p2b: Venusaur|Solar Beam
|-anim|p2b: Venusaur|Solar Beam|p1b: Garchomp
|-damage|p1b: Garchomp|0 fnt
|faint|p1b: Garchomp
|-damage|p2b: Venusaur|15/100|[from] item: Life Orb
|move|p1a: Farigiraf|Thunderbolt|p2a: Charizard
|-supereffective|p2a: Charizard|1
|-damage|p2a: Charizard|56/100
|-status|p2a: Charizard|par
|
|-weather|SunnyDay|[upkeep]
|upkeep
|
|t:|1783816802
|switch|p1b: Sylveon|Sylveon, L50, M|100/100
|turn|3
|
|t:|1783816815
|move|p1b: Sylveon|Protect|p1b: Sylveon
|-singleturn|p1b: Sylveon|Protect
|move|p2b: Venusaur|Sludge Bomb|p1b: Sylveon
|-activate|p1b: Sylveon|move: Protect
|move|p1a: Farigiraf|Psychic Fangs|p2b: Venusaur
|-supereffective|p2b: Venusaur|1
|-damage|p2b: Venusaur|0 fnt
|faint|p2b: Venusaur
|move|p2a: Charizard|Weather Ball|p1a: Farigiraf
|-damage|p1a: Farigiraf|19/100
|-enditem|p1a: Farigiraf|Sitrus Berry|[eat]
|-heal|p1a: Farigiraf|44/100|[from] item: Sitrus Berry
|
|-weather|SunnyDay|[upkeep]
|upkeep
|
|t:|1783816826
|switch|p2b: Incineroar|Incineroar, L50, M|100/100
|-ability|p2b: Incineroar|Intimidate|boost
|-unboost|p1a: Farigiraf|atk|1
|-unboost|p1b: Sylveon|atk|1
|turn|4
|
|t:|1783816833
|move|p1b: Sylveon|Hyper Voice|p2b: Incineroar|[spread] p2a,p2b
|-resisted|p2a: Charizard|1
|-damage|p2a: Charizard|35/100 par
|-damage|p2b: Incineroar|58/100
|move|p2b: Incineroar|Flare Blitz|p1a: Farigiraf
|-damage|p1a: Farigiraf|0 fnt
|faint|p1a: Farigiraf
|-damage|p2b: Incineroar|42/100|[from] Recoil
|-enditem|p2b: Incineroar|Sitrus Berry|[eat]
|-heal|p2b: Incineroar|67/100|[from] item: Sitrus Berry
|cant|p2a: Charizard|par
|
|-weather|SunnyDay|[upkeep]
|upkeep
|turn|5
|
|t:|1783816849
|switch|p2a: Toxapex|Toxapex, L50, M|100/100
|move|p1b: Sylveon|Hyper Voice|p2a: Toxapex|[spread] p2a,p2b
|-resisted|p2a: Toxapex|1
|-damage|p2a: Toxapex|82/100
|-damage|p2b: Incineroar|26/100
|move|p2b: Incineroar|Throat Chop|p1b: Sylveon
|-resisted|p1b: Sylveon|1
|-damage|p1b: Sylveon|81/100
|-start|p1b: Sylveon|Throat Chop|[silent]
|
|-weather|none
|-heal|p2a: Toxapex|88/100|[from] item: Leftovers
|upkeep
|turn|6
|-message|Danidelaserna20 forfeited.
|
|win|naibot2814
||Danidelaserna20 is ready for game 2.
||naibot2814 is ready for game 2.
|uhtml|next|Next: Game 2 of 3
