|j|☆RonJohn
|j|☆JXD500
|html|RonJohnJXD500    
|uhtml|bestof|Game 3 of a best-of-3
|t:|1756343081
|gametype|doubles
|player|p1|RonJohn|169|1043
|player|p2|JXD500|102|1000
|gen|9
|tier|[Gen 9] VGC 2025 Reg H (Bo3)
|rated|
|rule|Species Clause: Limit one of each Pokémon
|rule|Item Clause: Limit 1 of each item
|clearpoke
|poke|p1|Ninetales-Alola, L50, F|
|poke|p1|Dragonite, L50, F|
|poke|p1|Amoonguss, L50, M|
|poke|p1|Incineroar, L50, M|
|poke|p1|Gholdengo, L50|
|poke|p1|Ursaluna-Bloodmoon, L50, M|
|poke|p2|Gholdengo, L50|
|poke|p2|Basculegion, L50, M|
|poke|p2|Politoed, L50, F|
|poke|p2|Sneasler, L50, F|
|poke|p2|Dragonite, L50, F|
|poke|p2|Annihilape, L50, F|
|teampreview|4
|showteam|p1|Ninetales-Alola||FocusSash|SnowWarning|Blizzard,IcyWind,Protect,Encore|||F|||50|,,,,,Ice]Dragonite||LoadedDice|Multiscale|ScaleShot,Tailwind,Protect,Haze|||F|||50|,,,,,Fairy]Amoonguss||SitrusBerry|Regenerator|PollenPuff,Spore,Protect,RagePowder|||M|||50|,,,,,Psychic]Incineroar||SafetyGoggles|Intimidate|FlareBlitz,KnockOff,FakeOut,PartingShot|||M|||50|,,,,,Ghost]Gholdengo||LifeOrb|GoodasGold|MakeItRain,ShadowBall,Protect,NastyPlot||||||50|,,,,,Water]Ursaluna-Bloodmoon||AssaultVest|MindsEye|BloodMoon,EarthPower,HyperVoice,VacuumWave|||M|||50|,,,,,Water
|showteam|p2|Gholdengo||ChoiceScarf|GoodasGold|MakeItRain,ShadowBall,Thunder,Trick||||||50|,,,,,Steel]Basculegion||ChoiceBand|SwiftSwim|AquaJet,WaveCrash,LastRespects,PsychicFangs|||M|||50|,,,,,Water]Politoed||DampRock|Drizzle|Encore,IceBeam,Protect,HelpingHand|||F|||50|,,,,,Ice]Sneasler||AssaultVest|PoisonTouch|FakeOut,DireClaw,CloseCombat,Uturn|||F|||50|,,,,,Ghost]Dragonite||Leftovers|Multiscale|ExtremeSpeed,Roost,Tailwind,BreakingSwipe|||F|||50|,,,,,Normal]Annihilape||LifeOrb|Defiant|FinalGambit,RageFist,CloseCombat,Coaching|||F|||50|,,,,,Fighting
|inactive|Battle timer is ON: inactive players will automatically lose when time's up. (requested by RonJohn)
|
|t:|1756343112
|teamsize|p1|4
|teamsize|p2|4
|start
|switch|p1a: 1989|Dragonite, L50, F|100/100
|switch|p1b: Fearless|Amoonguss, L50, M|100/100
|switch|p2a: Sneasler|Sneasler, L50, F|100/100
|switch|p2b: Dragonite|Dragonite, L50, F|100/100
|turn|1
|inactive|RonJohn has 30 seconds left.
|
|t:|1756343137
|-terastallize|p2b: Dragonite|Normal
|-terastallize|p1a: 1989|Fairy
|move|p2a: Sneasler|Fake Out|p1b: Fearless
|-damage|p1b: Fearless|89/100
|cant|p1b: Fearless|flinch
|move|p2b: Dragonite|Tailwind|p2b: Dragonite
|-sidestart|p2: JXD500|move: Tailwind
|move|p1a: 1989|Scale Shot|p2b: Dragonite
|-damage|p2b: Dragonite|94/100
|-damage|p2b: Dragonite|79/100
|-damage|p2b: Dragonite|64/100
|-damage|p2b: Dragonite|49/100
|-damage|p2b: Dragonite|34/100
|-hitcount|p2b: Dragonite|5
|-unboost|p1a: 1989|def|1
|-boost|p1a: 1989|spe|1
|
|-heal|p2b: Dragonite|40/100|[from] item: Leftovers
|upkeep
|turn|2
|inactive|JXD500 has 30 seconds left.
|
|t:|1756343163
|move|p2b: Dragonite|Extreme Speed|p1a: 1989
|-damage|p1a: 1989|70/100
|move|p1b: Fearless|Rage Powder|p1b: Fearless
|-singleturn|p1b: Fearless|move: Rage Powder
|move|p2a: Sneasler|Dire Claw|p1b: Fearless
|-damage|p1b: Fearless|55/100
|move|p1a: 1989|Scale Shot|p2b: Dragonite
|-damage|p2b: Dragonite|25/100
|-damage|p2b: Dragonite|10/100
|-damage|p2b: Dragonite|0 fnt
|faint|p2b: Dragonite
|-hitcount|p2: Dragonite|3
|-unboost|p1a: 1989|def|1
|-boost|p1a: 1989|spe|1
|
|upkeep
|
|t:|1756343182
|switch|p2b: Gholdengo|Gholdengo, L50|100/100
|turn|3
|
|t:|1756343202
|move|p1a: 1989|Protect|p1a: 1989
|-singleturn|p1a: 1989|Protect
|move|p1b: Fearless|Protect|p1b: Fearless
|-singleturn|p1b: Fearless|Protect
|move|p2b: Gholdengo|Make It Rain|p1b: Fearless|[spread] 
|-activate|p1a: 1989|move: Protect
|-activate|p1b: Fearless|move: Protect
|move|p2a: Sneasler|U-turn|p1a: 1989
|-activate|p1a: 1989|move: Protect
|
|upkeep
|turn|4
|inactive|RonJohn has 30 seconds left.
|inactive|RonJohn has 20 seconds left.
|
|t:|1756343240
|switch|p1a: Folklore|Gholdengo, L50|100/100
|move|p2b: Gholdengo|Make It Rain|p1a: Folklore|[spread] p1a,p1b
|-resisted|p1a: Folklore
|-damage|p1a: Folklore|78/100
|-damage|p1b: Fearless|18/100
|-unboost|p2b: Gholdengo|spa|1
|-enditem|p1b: Fearless|Sitrus Berry|[eat]
|-heal|p1b: Fearless|43/100|[from] item: Sitrus Berry
|move|p2a: Sneasler|U-turn|p1a: Folklore
|-resisted|p1a: Folklore
|-damage|p1a: Folklore|73/100
|
|t:|1756343251
|switch|p2a: Annihilape|Annihilape, L50, F|100/100|[from] U-turn
|move|p1b: Fearless|Spore|p2a: Annihilape
|-status|p2a: Annihilape|slp|[from] move: Spore
|
|-sideend|p2: JXD500|move: Tailwind
|upkeep
|turn|5
|
|t:|1756343270
|switch|p2b: Sneasler|Sneasler, L50, F|100/100
|cant|p2a: Annihilape|slp
|move|p1a: Folklore|Nasty Plot|p1a: Folklore
|-boost|p1a: Folklore|spa|2
|move|p1b: Fearless|Spore|p2b: Sneasler
|-status|p2b: Sneasler|slp|[from] move: Spore
|
|upkeep
|turn|6
|inactive|RonJohn has 30 seconds left.
|
|t:|1756343296
|move|p1b: Fearless|Rage Powder|p1b: Fearless
|-singleturn|p1b: Fearless|move: Rage Powder
|cant|p2b: Sneasler|slp
|cant|p2a: Annihilape|slp
|move|p1a: Folklore|Shadow Ball|p2a: Annihilape
|-supereffective|p2a: Annihilape
|-damage|p2a: Annihilape|0 fnt
|faint|p2a: Annihilape
|-damage|p1a: Folklore|63/100|[from] item: Life Orb
|
|upkeep
|
|t:|1756343305
|switch|p2a: Gholdengo|Gholdengo, L50|100/100
|turn|7
|
|t:|1756343326
|move|p1b: Fearless|Rage Powder|p1b: Fearless
|-singleturn|p1b: Fearless|move: Rage Powder
|move|p2a: Gholdengo|Shadow Ball|p1b: Fearless
|-damage|p1b: Fearless|11/100
|cant|p2b: Sneasler|slp
|move|p1a: Folklore|Shadow Ball|p2a: Gholdengo
|-supereffective|p2a: Gholdengo
|-damage|p2a: Gholdengo|0 fnt
|faint|p2a: Gholdengo
|-damage|p1a: Folklore|53/100|[from] item: Life Orb
|
|upkeep
|turn|8
|
|t:|1756343341
|move|p1b: Fearless|Rage Powder|p1b: Fearless
|-singleturn|p1b: Fearless|move: Rage Powder
|-curestatus|p2b: Sneasler|slp|[msg]
|move|p2b: Sneasler|Dire Claw|p1b: Fearless
|-damage|p1b: Fearless|0 fnt
|faint|p1b: Fearless
|move|p1a: Folklore|Make It Rain|p2b: Sneasler
|-damage|p2b: Sneasler|0 fnt
|-unboost|p1a: Folklore|spa|1
|faint|p2b: Sneasler
|-damage|p1a: Folklore|43/100|[from] item: Life Orb
|
|win|RonJohn
|raw|RonJohn's rating: 1043 → 1072(+29 for winning)
|raw|JXD500's rating: 1000 → 1000(+0 for losing)
|l|☆JXD500
|player|p2|
