|j|☆frog herbert
|j|☆natemac11
|html|frog herbertnatemac11    
|uhtml|bestof|Game 1 of a best-of-3
|t:|1757775518
|gametype|doubles
|player|p1|frog herbert|juan|1082
|player|p2|natemac11|2|1065
|gen|9
|tier|[Gen 9] VGC 2025 Reg H (Bo3)
|rated|
|rule|Species Clause: Limit one of each Pokémon
|rule|Item Clause: Limit 1 of each item
|clearpoke
|poke|p1|Garchomp, L50, F|
|poke|p1|Gardevoir, L50, F|
|poke|p1|Talonflame, L50, F|
|poke|p1|Toxtricity, L50, M|
|poke|p1|Tsareena, L50, F|
|poke|p1|Basculegion, L50, M|
|poke|p2|Clefable, L50, M|
|poke|p2|Lilligant-Hisui, L50, F|
|poke|p2|Torkoal, L50, F|
|poke|p2|Typhlosion-Hisui, L50, M|
|poke|p2|Hydreigon, L50, M|
|poke|p2|Garchomp, L50, M|
|teampreview|4
|showteam|p1|Garchomp||ClearAmulet|RoughSkin|Protect,Earthquake,DragonClaw,StompingTantrum|||F|||50|,,,,,Steel]Gardevoir||FocusSash|Telepathy|DazzlingGleam,Psychic,TrickRoom,Imprison|||F|||50|,,,,,Ghost]Talonflame||SharpBeak|GaleWings|Protect,BraveBird,WillOWisp,Tailwind|||F|||50|,,,,,Ghost]Toxtricity||ChoiceSpecs|PunkRock|Overdrive,Boomburst,SludgeBomb,Thunderbolt|||M|||50|,,,,,Normal]Tsareena||WideLens|QueenlyMajesty|Protect,PowerWhip,TripleAxel,Taunt|||F|||50|,,,,,Ghost]Basculegion||ChoiceScarf|Adaptability|WaveCrash,LastRespects,FlipTurn,AquaJet|||M|||50|,,,,,Water
|showteam|p2|Clefable||SitrusBerry|Unaware|FollowMe,Moonblast,SunnyDay,Protect|||M|||50|,,,,,Water]Lilligant-Hisui||FocusSash|Chlorophyll|SleepPowder,CloseCombat,AfterYou,SolarBlade|||F|||50|,,,,,Ghost]Torkoal||EjectPack|Drought|Eruption,Overheat,HelpingHand,Protect|||F|||50|,,,,,Fire]Typhlosion-Hisui||ChoiceSpecs|Blaze|Eruption,HeatWave,Overheat,ShadowBall|||M|||50|,,,,,Fire]Hydreigon||LifeOrb|Levitate|DarkPulse,DracoMeteor,Protect,HeatWave|||M|||50|,,,,,Fire]Garchomp||LoadedDice|RoughSkin|Earthquake,StompingTantrum,ScaleShot,Protect|||M|||50|,,,,,Ground
|inactive|Battle timer is ON: inactive players will automatically lose when time's up. (requested by frog herbert)
|
|t:|1757775598
|teamsize|p1|4
|teamsize|p2|4
|start
|switch|p1a: Talonflame|Talonflame, L50, F|100/100
|switch|p1b: Tsareena|Tsareena, L50, F|100/100
|switch|p2a: Torkoal|Torkoal, L50, F|100/100
|switch|p2b: Typhlosion|Typhlosion-Hisui, L50, M, shiny|100/100
|-weather|SunnyDay|[from] ability: Drought|[of] p2a: Torkoal
|turn|1
|inactive|frog herbert has 30 seconds left.
|inactive|natemac11 has 30 seconds left.
|inactive|frog herbert has 20 seconds left.
|inactive|natemac11 has 20 seconds left.
|inactive|frog herbert has 15 seconds left.
|inactive|frog herbert has 10 seconds left.
|
|t:|1757775645
|-terastallize|p2b: Typhlosion|Fire
|move|p1b: Tsareena|Protect|p1b: Tsareena
|-singleturn|p1b: Tsareena|Protect
|move|p1a: Talonflame|Brave Bird|p2b: Typhlosion
|-damage|p2b: Typhlosion|25/100
|-damage|p1a: Talonflame|76/100|[from] Recoil
|move|p2b: Typhlosion|Eruption|p1a: Talonflame|[spread] p1a
|-activate|p1b: Tsareena|move: Protect
|-resisted|p1a: Talonflame
|-damage|p1a: Talonflame|29/100
|move|p2a: Torkoal|Overheat|p1a: Talonflame|[miss]
|-miss|p2a: Torkoal|p1a: Talonflame
|
|-weather|SunnyDay|[upkeep]
|upkeep
|turn|2
|inactive|frog herbert has 30 seconds left.
|inactive|natemac11 has 30 seconds left.
|
|t:|1757775675
|switch|p2b: Clefable|Clefable, L50, M|100/100
|-terastallize|p1b: Tsareena|Ghost
|move|p1a: Talonflame|Tailwind|p1a: Talonflame
|-sidestart|p1: frog herbert|move: Tailwind
|move|p1b: Tsareena|Triple Axel|p2b: Clefable
|-damage|p2b: Clefable|94/100
|-damage|p2b: Clefable|83/100
|-damage|p2b: Clefable|67/100
|-hitcount|p2b: Clefable|3
|move|p2a: Torkoal|Overheat|p1b: Tsareena
|-damage|p1b: Tsareena|4/100
|-unboost|p2a: Torkoal|spa|2
|-enditem|p2a: Torkoal|Eject Pack
|
|t:|1757775691
|switch|p2a: Lilligant|Lilligant-Hisui, L50, F|100/100
|
|-weather|SunnyDay|[upkeep]
|upkeep
|turn|3
|inactive|natemac11 has 30 seconds left.
|inactive|natemac11 has 20 seconds left.
|inactive|natemac11 has 15 seconds left.
|inactive|natemac11 has 10 seconds left.
|inactive|natemac11 has 5 seconds left.
|
|t:|1757775744
|move|p1a: Talonflame|Protect|p1a: Talonflame
|-singleturn|p1a: Talonflame|Protect
|move|p2b: Clefable|Follow Me|p2b: Clefable
|-singleturn|p2b: Clefable|move: Follow Me
|move|p2a: Lilligant|Solar Blade||[still]
|-prepare|p2a: Lilligant|Solar Blade
|-anim|p2a: Lilligant|Solar Blade|p1b: Tsareena
|-damage|p1b: Tsareena|0 fnt
|faint|p1b: Tsareena
|
|-weather|SunnyDay|[upkeep]
|upkeep
|
|t:|1757775754
|switch|p1b: Gardevoir|Gardevoir, L50, F|100/100
|turn|4
|inactive|natemac11 has 30 seconds left.
|
|t:|1757775780
|switch|p1a: Toxtricity|Toxtricity, L50, M|100/100
|move|p2b: Clefable|Follow Me|p2b: Clefable
|-singleturn|p2b: Clefable|move: Follow Me
|move|p2a: Lilligant|Solar Blade||[still]
|-prepare|p2a: Lilligant|Solar Blade
|-anim|p2a: Lilligant|Solar Blade|p1b: Gardevoir
|-damage|p1b: Gardevoir|10/100
|move|p1b: Gardevoir|Dazzling Gleam|p2a: Lilligant|[spread] p2a,p2b
|-supereffective|p2a: Lilligant
|-enditem|p2a: Lilligant|Focus Sash
|-damage|p2a: Lilligant|1/100
|-damage|p2b: Clefable|37/100
|-enditem|p2b: Clefable|Sitrus Berry|[eat]
|-heal|p2b: Clefable|61/100|[from] item: Sitrus Berry
|
|-weather|SunnyDay|[upkeep]
|upkeep
|turn|5
|inactive|frog herbert has 30 seconds left.
|inactive|natemac11 has 30 seconds left.
|inactive|frog herbert has 20 seconds left.
|
|t:|1757775819
|move|p2a: Lilligant|Sleep Powder|p1a: Toxtricity
|-status|p1a: Toxtricity|slp|[from] move: Sleep Powder
|cant|p1a: Toxtricity|slp
|move|p1b: Gardevoir|Dazzling Gleam|p2a: Lilligant|[spread] p2a,p2b
|-supereffective|p2a: Lilligant
|-damage|p2a: Lilligant|0 fnt
|-damage|p2b: Clefable|32/100
|faint|p2a: Lilligant
|move|p2b: Clefable|Moonblast|p1b: Gardevoir
|-damage|p1b: Gardevoir|0 fnt
|faint|p1b: Gardevoir
|
|-weather|none
|-sideend|p1: frog herbert|move: Tailwind
|upkeep
|
|t:|1757775835
|switch|p2a: Torkoal|Torkoal, L50, F|100/100
|switch|p1b: Talonflame|Talonflame, L50, F|29/100
|-weather|SunnyDay|[from] ability: Drought|[of] p2a: Torkoal
|turn|6
|inactive|natemac11 has 30 seconds left.
|inactive|frog herbert has 30 seconds left.
|inactive|natemac11 has 20 seconds left.
|inactive|natemac11 has 15 seconds left.
|inactive|natemac11 has 10 seconds left.
|
|t:|1757775885
|move|p1b: Talonflame|Tailwind|p1b: Talonflame
|-sidestart|p1: frog herbert|move: Tailwind
|-curestatus|p1a: Toxtricity|slp|[msg]
|move|p1a: Toxtricity|Boomburst|p2a: Torkoal|[spread] p1b,p2a,p2b
|-damage|p1b: Talonflame|0 fnt
|-damage|p2a: Torkoal|21/100
|-damage|p2b: Clefable|0 fnt
|faint|p1b: Talonflame
|faint|p2b: Clefable
|move|p2a: Torkoal|Eruption|p1a: Toxtricity
|-damage|p1a: Toxtricity|73/100
|
|-weather|SunnyDay|[upkeep]
|upkeep
|
|t:|1757775900
|switch|p2b: Typhlosion|Typhlosion-Hisui, L50, M, shiny, tera:Fire|25/100
|turn|7
|
|t:|1757775922
|move|p1a: Toxtricity|Boomburst|p2b: Typhlosion|[spread] p2a,p2b
|-damage|p2a: Torkoal|0 fnt
|-damage|p2b: Typhlosion|0 fnt
|faint|p2a: Torkoal
|faint|p2b: Typhlosion
|
|win|frog herbert
||frog herbert is ready for game 2.
||natemac11 is ready for game 2.
|uhtml|next|Next: Game 2 of 3
