|j|☆Kotestplayer
|j|☆Hankk1995
|html|KotestplayerHankk1995    
|uhtml|bestof|Game 1 of a best-of-3
|t:|1786159210
|gametype|doubles
|player|p1|Kotestplayer|266|
|player|p2|Hankk1995|miriam|
|gen|9
|tier|[Gen 9 Champions] VGC 2026 Reg M-B (Bo3)
|rule|Species Clause: Limit one of each Pokémon
|rule|Item Clause: Limit 1 of each item
|clearpoke
|poke|p1|Whimsicott, L50, M|
|poke|p1|Garchomp, L50, M|
|poke|p1|Sylveon, L50, F|
|poke|p1|Gholdengo, L50|
|poke|p1|Gyarados, L50, M|
|poke|p1|Raichu, L50, M|
|poke|p2|Raichu, L50, F|
|poke|p2|Staraptor, L50, F|
|poke|p2|Arcanine-Hisui, L50, M|
|poke|p2|Farigiraf, L50, M|
|poke|p2|Sylveon, L50, F|
|poke|p2|Kingambit, L50, M|
|teampreview|4
|showteam|p1|Whimsicott||FocusSash|Prankster|Moonblast,Tailwind,Encore,Protect|Timid||M|||50|]Garchomp||LifeOrb|RoughSkin|DragonClaw,StompingTantrum,RockSlide,Protect|Jolly||M|||50|]Sylveon||FairyFeather|Pixilate|HyperVoice,HyperBeam,QuickAttack,Detect|Modest||F|||50|]Gholdengo||SitrusBerry|GoodasGold|MakeItRain,ShadowBall,NastyPlot,Protect|Modest|||||50|]Gyarados||Gyaradosite|Intimidate|Waterfall,LashOut,DragonDance,Protect|Adamant||M|||50|]Raichu||RaichuniteY|Static|FakeOut,ZapCannon,FocusBlast,Protect|Timid||M|||50|
|showteam|p2|Raichu||RaichuniteY|LightningRod|ZapCannon,FocusBlast,FakeOut,Protect|Timid||F|||50|]Staraptor||Staraptite|Intimidate|CloseCombat,DualWingbeat,Tailwind,Protect|Jolly||F|||50|]Arcanine-Hisui||FocusSash|RockHead|FlareBlitz,HeadSmash,ExtremeSpeed,Protect|Jolly||M|||50|]Farigiraf||SitrusBerry|ArmorTail|Psychic,HelpingHand,TrickRoom,Protect|Calm||M|||50|]Sylveon||FairyFeather|Pixilate|HyperVoice,QuickAttack,HyperBeam,Detect|Modest||F|||50|]Kingambit||LifeOrb|Defiant|KowtowCleave,SuckerPunch,SwordsDance,Protect|Adamant||M|||50|
|j| moreiraxyz07
|l| moreiraxyz07
|
|t:|1786159365
|teamsize|p1|4
|teamsize|p2|4
|start
|switch|p1a: Raichu|Raichu, L50, M|100/100
|switch|p1b: Sylveon|Sylveon, L50, F|100/100
|switch|p2a: Staraptor|Staraptor, L50, F|100/100
|switch|p2b: Sylveon|Sylveon, L50, F|100/100
|-ability|p2a: Staraptor|Intimidate|boost
|-unboost|p1a: Raichu|atk|1
|-unboost|p1b: Sylveon|atk|1
|turn|1
|
|t:|1786159400
|move|p1a: Raichu|Protect|p1a: Raichu
|-singleturn|p1a: Raichu|Protect
|move|p2a: Staraptor|Protect|p2a: Staraptor
|-singleturn|p2a: Staraptor|Protect
|move|p2b: Sylveon|Detect|p2b: Sylveon
|-singleturn|p2b: Sylveon|Protect
|move|p1b: Sylveon|Hyper Voice|p2a: Staraptor|[spread] 
|-activate|p2a: Staraptor|move: Protect
|-activate|p2b: Sylveon|move: Protect
|
|upkeep
|turn|2
|
|t:|1786159448
|switch|p1a: Gholdengo|Gholdengo, L50|100/100
|move|p2a: Staraptor|Tailwind|p2a: Staraptor
|-sidestart|p2: Hankk1995|move: Tailwind
|move|p2b: Sylveon|Hyper Voice|p1b: Sylveon|[spread] p1a,p1b
|-resisted|p1a: Gholdengo|1
|-damage|p1a: Gholdengo|75/100
|-damage|p1b: Sylveon|65/100
|move|p1b: Sylveon|Hyper Voice|p2a: Staraptor|[spread] p2a,p2b
|-damage|p2a: Staraptor|32/100
|-damage|p2b: Sylveon|65/100
|
|upkeep
|turn|3
|
|t:|1786159509
|switch|p2a: Farigiraf|Farigiraf, L50, M|100/100
|move|p1b: Sylveon|Detect|p1b: Sylveon
|-singleturn|p1b: Sylveon|Protect
|move|p2b: Sylveon|Hyper Voice|p1b: Sylveon|[spread] p1a
|-activate|p1b: Sylveon|move: Protect
|-resisted|p1a: Gholdengo|1
|-damage|p1a: Gholdengo|51/100
|move|p1a: Gholdengo|Make It Rain|p2b: Sylveon|[spread] p2b
|-miss|p1a: Gholdengo|p2a: Farigiraf
|-supereffective|p2b: Sylveon|1
|-damage|p2b: Sylveon|0 fnt
|-unboost|p1a: Gholdengo|spa|2
|faint|p2b: Sylveon
|
|upkeep
|
|t:|1786159521
|switch|p2b: Kingambit|Kingambit, L50, M|100/100
|turn|4
|
|t:|1786159566
|switch|p1a: Garchomp|Garchomp, L50, M|100/100
|move|p2a: Farigiraf|Psychic|p1b: Sylveon
|-damage|p1b: Sylveon|39/100
|move|p2b: Kingambit|Kowtow Cleave|p1b: Sylveon
|-resisted|p1b: Sylveon|1
|-damage|p1b: Sylveon|1/100
|-damage|p2b: Kingambit|90/100|[from] item: Life Orb
|move|p1b: Sylveon|Hyper Beam|p2b: Kingambit
|-damage|p2b: Kingambit|0 fnt
|-mustrecharge|p1b: Sylveon
|faint|p2b: Kingambit
|
|upkeep
|
|t:|1786159577
|switch|p2b: Staraptor|Staraptor, L50, F|32/100
|-ability|p2b: Staraptor|Intimidate|boost
|-unboost|p1a: Garchomp|atk|1
|-unboost|p1b: Sylveon|atk|1
|turn|5
|
|t:|1786159630
|detailschange|p2b: Staraptor|Staraptor-Mega, L50, F
|-mega|p2b: Staraptor|Staraptor|Staraptite
|move|p1a: Garchomp|Protect|p1a: Garchomp
|-singleturn|p1a: Garchomp|Protect
|move|p2b: Staraptor|Close Combat|p1b: Sylveon
|-resisted|p1b: Sylveon|1
|-damage|p1b: Sylveon|0 fnt
|-boost|p2b: Staraptor|def|1
|-boost|p2b: Staraptor|spd|1
|faint|p1b: Sylveon
|move|p2a: Farigiraf|Psychic|p1a: Garchomp
|-activate|p1a: Garchomp|move: Protect
|
|-sideend|p2: Hankk1995|move: Tailwind
|upkeep
|
|t:|1786159639
|switch|p1b: Raichu|Raichu, L50, M|100/100
|turn|6
|
|t:|1786159670
|switch|p1a: Gholdengo|Gholdengo, L50|51/100
|detailschange|p1b: Raichu|Raichu-Mega-Y, L50, M
|-mega|p1b: Raichu|Raichu|Raichunite Y
|move|p2b: Staraptor|Protect|p2b: Staraptor
|-singleturn|p2b: Staraptor|Protect
|move|p1b: Raichu|Zap Cannon|p2b: Staraptor
|-activate|p2b: Staraptor|move: Protect
|move|p2a: Farigiraf|Trick Room|p2a: Farigiraf
|-fieldstart|move: Trick Room|[of] p2a: Farigiraf
|
|upkeep
|turn|7
|
|t:|1786159714
|move|p1b: Raichu|Protect|p1b: Raichu
|-singleturn|p1b: Raichu|Protect
|move|p2a: Farigiraf|Psychic|p1a: Gholdengo
|-resisted|p1a: Gholdengo|1
|-damage|p1a: Gholdengo|35/100
|-enditem|p1a: Gholdengo|Sitrus Berry|[eat]
|-heal|p1a: Gholdengo|60/100|[from] item: Sitrus Berry
|move|p1a: Gholdengo|Make It Rain|p2a: Farigiraf|[spread] p2a,p2b
|-damage|p2a: Farigiraf|59/100
|-damage|p2b: Staraptor|0 fnt
|-unboost|p1a: Gholdengo|spa|2
|faint|p2b: Staraptor
|
|upkeep
|turn|8
|-message|Hankk1995 forfeited.
|
|win|Kotestplayer
||Hankk1995 is ready for game 2.
|inactive|Kotestplayer has 30 seconds to confirm battle start!
||Kotestplayer is ready for game 2.
|uhtml|next|Next: Game 2 of 3
