|j|☆d_malicious
|j|☆MurQrow
|html|d_maliciousMurQrow    
|uhtml|bestof|Game 3 of a best-of-3
|t:|1756853099
|gametype|doubles
|player|p1|d_malicious|265|1217
|player|p2|MurQrow|101|1101
|gen|9
|tier|[Gen 9] VGC 2025 Reg H (Bo3)
|rated|
|rule|Species Clause: Limit one of each Pokémon
|rule|Item Clause: Limit 1 of each item
|clearpoke
|poke|p1|Dragonite, L50, F|
|poke|p1|Whimsicott, L50, F|
|poke|p1|Arcanine-Hisui, L50, F|
|poke|p1|Rillaboom, L50, M|
|poke|p1|Torkoal, L50, M|
|poke|p1|Archaludon, L50, M|
|poke|p2|Ninetales-Alola, L50, F|
|poke|p2|Baxcalibur, L50, F|
|poke|p2|Gholdengo, L50|
|poke|p2|Magmar, L50, F|
|poke|p2|Rillaboom, L50, M|
|poke|p2|Flamigo, L50, F|
|teampreview|4
|showteam|p1|Dragonite||ChoiceBand|InnerFocus|ExtremeSpeed,Outrage,AerialAce,StompingTantrum|||F|||50|,,,,,Normal]Whimsicott||CovertCloak|Prankster|Tailwind,Moonblast,TrickRoom,Encore|||F|||50|,,,,,Water]Arcanine-Hisui||ClearAmulet|Intimidate|RockSlide,FlareBlitz,ExtremeSpeed,Protect|||F|||50|,,,,,Dragon]Rillaboom||AssaultVest|GrassySurge|GrassyGlide,HighHorsepower,FakeOut,Uturn|||M|||50|,,,,,Grass]Torkoal||EjectPack|Drought|Protect,Eruption,Overheat,HelpingHand|||M|||50|,,,,,Fire]Archaludon||PowerHerb|Sturdy|Protect,ElectroShot,FlashCannon,DragonPulse|||M|||50|,,,,,Electric
|showteam|p2|Ninetales-Alola||CovertCloak|SnowWarning|Blizzard,IcyWind,Encore,AuroraVeil|||F|||50|,,,,,Fire]Baxcalibur||LoadedDice|ThermalExchange|Protect,IceShard,IcicleSpear,ScaleShot|||F|||50|,,,,,Water]Gholdengo||LifeOrb|GoodasGold|NastyPlot,Protect,MakeItRain,ShadowBall||||||50|,,,,,Water]Magmar||Eviolite|VitalSpirit|ClearSmog,FollowMe,Protect,Flamethrower|||F|||50|,,,,,Ghost]Rillaboom||AssaultVest|GrassySurge|FakeOut,GrassyGlide,WoodHammer,HighHorsepower|||M|||50|,,,,,Fire]Flamigo||ChoiceScarf|Scrappy|CloseCombat,BraveBird,DualWingbeat,Tailwind|||F|||50|,,,,,Ghost
|inactive|Battle timer is ON: inactive players will automatically lose when time's up. (requested by MurQrow)
|
|t:|1756853111
|teamsize|p1|4
|teamsize|p2|4
|start
|switch|p1a: Whimsicott|Whimsicott, L50, F|100/100
|switch|p1b: Arcanine|Arcanine-Hisui, L50, F|100/100
|switch|p2a: Gholdengo|Gholdengo, L50|100/100
|switch|p2b: Flamigo|Flamigo, L50, F|100/100
|-ability|p1b: Arcanine|Intimidate|boost
|-unboost|p2a: Gholdengo|atk|1
|-fail|p2b: Flamigo|unboost|Attack|[from] ability: Scrappy|[of] p2b: Flamigo
|turn|1
|inactive|d_malicious has 30 seconds left.
|inactive|MurQrow has 30 seconds left.
|inactive|MurQrow has 20 seconds left.
|
|t:|1756853148
|-terastallize|p2a: Gholdengo|Water
|move|p1a: Whimsicott|Tailwind|p1a: Whimsicott
|-sidestart|p1: d_malicious|move: Tailwind
|move|p1b: Arcanine|Flare Blitz|p2b: Flamigo
|-damage|p2b: Flamigo|20/100
|-damage|p1b: Arcanine|76/100|[from] Recoil
|move|p2b: Flamigo|Close Combat|p1a: Whimsicott
|-resisted|p1a: Whimsicott
|-damage|p1a: Whimsicott|60/100
|-unboost|p2b: Flamigo|def|1
|-unboost|p2b: Flamigo|spd|1
|move|p2a: Gholdengo|Make It Rain|p1b: Arcanine|[spread] p1a,p1b
|-supereffective|p1a: Whimsicott
|-damage|p1a: Whimsicott|0 fnt
|-damage|p1b: Arcanine|0 fnt
|-unboost|p2a: Gholdengo|spa|1
|faint|p1a: Whimsicott
|faint|p1b: Arcanine
|-damage|p2a: Gholdengo|90/100|[from] item: Life Orb
|
|upkeep
|
|t:|1756853156
|switch|p1b: Archaludon|Archaludon, L50, M|100/100
|switch|p1a: Torkoal|Torkoal, L50, M|100/100
|-weather|SunnyDay|[from] ability: Drought|[of] p1a: Torkoal
|turn|2
|inactive|MurQrow has 30 seconds left.
|inactive|MurQrow has 20 seconds left.
|
|t:|1756853195
|move|p1b: Archaludon|Protect|p1b: Archaludon
|-singleturn|p1b: Archaludon|Protect
|move|p2a: Gholdengo|Protect|p2a: Gholdengo
|-singleturn|p2a: Gholdengo|Protect
|move|p2b: Flamigo|Close Combat|p1b: Archaludon
|-activate|p1b: Archaludon|move: Protect
|move|p1a: Torkoal|Eruption|p2b: Flamigo|[spread] p2b
|-activate|p2a: Gholdengo|move: Protect
|-damage|p2b: Flamigo|0 fnt
|faint|p2b: Flamigo
|
|-weather|SunnyDay|[upkeep]
|upkeep
|
|t:|1756853205
|switch|p2b: Ninetales|Ninetales-Alola, L50, F|100/100
|-weather|Snowscape|[from] ability: Snow Warning|[of] p2b: Ninetales
|turn|3
|
|t:|1756853216
|switch|p2a: Magmar|Magmar, L50, F|100/100
|move|p1b: Archaludon|Flash Cannon|p2b: Ninetales
|-supereffective|p2b: Ninetales
|-damage|p2b: Ninetales|0 fnt
|faint|p2b: Ninetales
|move|p1a: Torkoal|Eruption|p2a: Magmar
|-resisted|p2a: Magmar
|-damage|p2a: Magmar|78/100
|
|-weather|Snowscape|[upkeep]
|upkeep
|
|t:|1756853224
|switch|p2b: Gholdengo|Gholdengo, L50, tera:Water|90/100
|turn|4
|
|t:|1756853236
|move|p2a: Magmar|Follow Me|p2a: Magmar
|-singleturn|p2a: Magmar|move: Follow Me
|move|p1b: Archaludon|Dragon Pulse|p2a: Magmar
|-damage|p2a: Magmar|45/100
|move|p2b: Gholdengo|Shadow Ball|p1a: Torkoal
|-damage|p1a: Torkoal|27/100
|-damage|p2b: Gholdengo|80/100|[from] item: Life Orb
|move|p1a: Torkoal|Eruption|p2b: Gholdengo|[spread] p2a,p2b
|-resisted|p2a: Magmar
|-resisted|p2b: Gholdengo
|-damage|p2a: Magmar|41/100
|-damage|p2b: Gholdengo|73/100
|
|-weather|Snowscape|[upkeep]
|-sideend|p1: d_malicious|move: Tailwind
|upkeep
|turn|5
|inactive|d_malicious has 30 seconds left.
|inactive|MurQrow has 30 seconds left.
|inactive|MurQrow has 20 seconds left.
|
|t:|1756853275
|move|p2a: Magmar|Follow Me|p2a: Magmar
|-singleturn|p2a: Magmar|move: Follow Me
|move|p2b: Gholdengo|Shadow Ball|p1b: Archaludon
|-damage|p1b: Archaludon|36/100
|-damage|p2b: Gholdengo|63/100|[from] item: Life Orb
|move|p1b: Archaludon|Electro Shot||[still]
|-prepare|p1b: Archaludon|Electro Shot
|-boost|p1b: Archaludon|spa|1
|-enditem|p1b: Archaludon|Power Herb
|-anim|p1b: Archaludon|Electro Shot|p2a: Magmar
|-damage|p2a: Magmar|0 fnt
|faint|p2a: Magmar
|move|p1a: Torkoal|Overheat|p2b: Gholdengo
|-resisted|p2b: Gholdengo
|-crit|p2b: Gholdengo
|-damage|p2b: Gholdengo|13/100
|-unboost|p1a: Torkoal|spa|2
|
|-weather|Snowscape|[upkeep]
|upkeep
|turn|6
|
|t:|1756853298
|move|p2b: Gholdengo|Make It Rain|p1a: Torkoal|[spread] p1a,p1b
|-resisted|p1a: Torkoal
|-resisted|p1b: Archaludon
|-damage|p1a: Torkoal|0 fnt
|-damage|p1b: Archaludon|0 fnt
|-unboost|p2b: Gholdengo|spa|1
|faint|p1a: Torkoal
|faint|p1b: Archaludon
|-damage|p2b: Gholdengo|3/100|[from] item: Life Orb
|
|win|MurQrow
|raw|d_malicious's rating: 1217 → 1184(-33 for losing)
|raw|MurQrow's rating: 1101 → 1134(+33 for winning)
