|j|☆grumpig#1hero
|j|☆gargatest
|html|grumpig#1herogargatest    
|uhtml|bestof|Game 3 of a best-of-3
|t:|1755506759
|gametype|doubles
|player|p1|grumpig#1hero|miku-flying|1266
|player|p2|gargatest|cyclist|1143
|gen|9
|tier|[Gen 9] VGC 2025 Reg H (Bo3)
|rated|
|rule|Species Clause: Limit one of each Pokémon
|rule|Item Clause: Limit 1 of each item
|clearpoke
|poke|p1|Dragonite, L50, F|
|poke|p1|Kingambit, L50, M|
|poke|p1|Ursaluna-Bloodmoon, L50, M|
|poke|p1|Electabuzz, L50, F|
|poke|p1|Sneasler, L50, F|
|poke|p1|Rillaboom, L50, M|
|poke|p2|Gyarados, L50, F|
|poke|p2|Garchomp, L50, M|
|poke|p2|Sneasler, L50, F|
|poke|p2|Ceruledge, L50, F|
|poke|p2|Kingambit, L50, M|
|poke|p2|Abomasnow, L50, F|
|teampreview|4
|showteam|p1|Dragonite||LoadedDice|Multiscale|ScaleShot,Haze,Tailwind,Protect|||F|||50|,,,,,Fairy]Kingambit||BlackGlasses|Defiant|KowtowCleave,SuckerPunch,SwordsDance,Protect|||M|||50|,,,,,Dark]Ursaluna-Bloodmoon||LifeOrb|MindsEye|HyperVoice,EarthPower,BloodMoon,Protect|||M|||50|,,,,,Normal]Electabuzz||Eviolite|VitalSpirit|Electroweb,FollowMe,Taunt,Protect|||F|||50|,,,,,Ghost]Sneasler||FocusSash|PoisonTouch|FakeOut,DireClaw,CloseCombat,Protect|||F|||50|,,,,,Stellar]Rillaboom||AssaultVest|GrassySurge|FakeOut,WoodHammer,GrassyGlide,Uturn|||M|||50|,,,,,Fire
|showteam|p2|Gyarados||SitrusBerry|Intimidate|Waterfall,TemperFlare,Protect,DragonDance|||F|||50|,,,,,Fire]Garchomp||LoadedDice|RoughSkin|StompingTantrum,ScaleShot,Earthquake,Protect|||M|||50|,,,,,Fairy]Sneasler||FocusSash|Unburden|DireClaw,CloseCombat,Coaching,Protect|||F|||50|,,,,,Flying]Ceruledge||AssaultVest|FlashFire|BitterBlade,CloseCombat,Poltergeist,ShadowSneak|||F|||50|,,,,,Grass]Kingambit||SafetyGoggles|Defiant|KowtowCleave,Protect,SwordsDance,SuckerPunch|||M|||50|,,,,,Dark]Abomasnow||LifeOrb|SnowWarning|Protect,AuroraVeil,Blizzard,LeafStorm|||F|||50|,,,,,Ice
|
|t:|1755506800
|teamsize|p1|4
|teamsize|p2|4
|start
|switch|p1a: Kingambit|Kingambit, L50, M|100/100
|switch|p1b: Sneasler|Sneasler, L50, F|100/100
|switch|p2a: Sneasler|Sneasler, L50, F|100/100
|switch|p2b: Kingambit|Kingambit, L50, M|100/100
|turn|1
|
|t:|1755506817
|move|p2b: Kingambit|Protect|p2b: Kingambit
|-singleturn|p2b: Kingambit|Protect
|move|p2a: Sneasler|Dire Claw|p1b: Sneasler
|-resisted|p1b: Sneasler
|-damage|p1b: Sneasler|62/100
|move|p1b: Sneasler|Close Combat|p2b: Kingambit
|-activate|p2b: Kingambit|move: Protect
|move|p1a: Kingambit|Swords Dance|p1a: Kingambit
|-boost|p1a: Kingambit|atk|2
|
|upkeep
|turn|2
|
|t:|1755506844
|-terastallize|p2b: Kingambit|Dark
|-terastallize|p1a: Kingambit|Dark
|move|p2a: Sneasler|Close Combat|p1a: Kingambit
|-supereffective|p1a: Kingambit
|-damage|p1a: Kingambit|7/100
|-unboost|p2a: Sneasler|def|1
|-unboost|p2a: Sneasler|spd|1
|move|p1b: Sneasler|Close Combat|p2b: Kingambit
|-supereffective|p2b: Kingambit
|-damage|p2b: Kingambit|5/100
|-unboost|p1b: Sneasler|def|1
|-unboost|p1b: Sneasler|spd|1
|move|p2b: Kingambit|Kowtow Cleave|p1a: Kingambit
|-resisted|p1a: Kingambit
|-damage|p1a: Kingambit|0 fnt
|faint|p1a: Kingambit
|
|upkeep
|
|t:|1755506857
|switch|p1a: Electabuzz|Electabuzz, L50, F, shiny|100/100
|turn|3
|
|t:|1755506867
|switch|p2a: Ceruledge|Ceruledge, L50, F|100/100
|switch|p2b: Garchomp|Garchomp, L50, M|100/100
|move|p1b: Sneasler|Protect|p1b: Sneasler
|-singleturn|p1b: Sneasler|Protect
|move|p1a: Electabuzz|Electroweb|p2a: Ceruledge|[spread] p2a
|-immune|p2b: Garchomp
|-damage|p2a: Ceruledge|91/100
|-unboost|p2a: Ceruledge|spe|1
|
|upkeep
|turn|4
|
|t:|1755506887
|switch|p1a: Rillaboom|Rillaboom, L50, M|100/100
|-fieldstart|move: Grassy Terrain|[from] ability: Grassy Surge|[of] p1a: Rillaboom
|move|p1b: Sneasler|Dire Claw|p2a: Ceruledge
|-resisted|p2a: Ceruledge
|-damage|p2a: Ceruledge|61/100
|-status|p2a: Ceruledge|psn|[from] ability: Poison Touch|[of] p1b: Sneasler
|move|p2b: Garchomp|Stomping Tantrum|p1b: Sneasler
|-supereffective|p1b: Sneasler
|-damage|p1b: Sneasler|0 fnt
|faint|p1b: Sneasler
|move|p2a: Ceruledge|Bitter Blade|p1a: Rillaboom
|-supereffective|p1a: Rillaboom
|-damage|p1a: Rillaboom|0 fnt
|-heal|p2a: Ceruledge|100/100 psn|[from] drain|[of] p1a: Rillaboom
|faint|p1a: Rillaboom
|
|-damage|p2a: Ceruledge|88/100 psn|[from] psn
|upkeep
|
|t:|1755506898
|switch|p1b: Electabuzz|Electabuzz, L50, F, shiny|100/100
|turn|5
|-message|grumpig#1hero forfeited.
|
|win|gargatest
|raw|grumpig#1hero's rating: 1266 → 1233(-33 for losing)
|raw|gargatest's rating: 1143 → 1176(+33 for winning)
|l|☆grumpig#1hero
|player|p1|
