|j|☆buf15 jeremay
|j|☆minccino fan
|html|buf15 jeremayminccino fan    
|uhtml|bestof|Game 2 of a best-of-3
|t:|1756272988
|gametype|doubles
|player|p1|buf15 jeremay|101|1259
|player|p2|minccino fan|170|1130
|gen|9
|tier|[Gen 9] VGC 2025 Reg H (Bo3)
|rated|
|rule|Species Clause: Limit one of each Pokémon
|rule|Item Clause: Limit 1 of each item
|clearpoke
|poke|p1|Talonflame, L50, F|
|poke|p1|Sneasler, L50, M|
|poke|p1|Dragapult, L50, M|
|poke|p1|Tatsugiri, L50, M|
|poke|p1|Typhlosion-Hisui, L50, M|
|poke|p1|Dondozo, L50, M|
|poke|p2|Charizard, L50, F|
|poke|p2|Torkoal, L50, M|
|poke|p2|Porygon2, L50|
|poke|p2|Incineroar, L50, M|
|poke|p2|Jumpluff, L50, M|
|poke|p2|Ursaluna, L50, M|
|teampreview|4
|showteam|p1|Talonflame||CovertCloak|GaleWings|DualWingbeat,FlareBlitz,Tailwind,SunnyDay|||F|||50|,,,,,Ghost]Sneasler||FocusSash|Unburden|FakeOut,DireClaw,CloseCombat,Taunt|||M|||50|,,,,,Ghost]Dragapult||ChoiceBand|ClearBody|DragonDarts,Outrage,PhantomForce,Uturn|||M|||50|,,,,,Dragon]Tatsugiri||ChoiceScarf|Commander|DracoMeteor,MuddyWater,TeraBlast,IcyWind|||M|||50|,,,,,Grass]Typhlosion-Hisui||ChoiceSpecs|Blaze|Eruption,Overheat,ShadowBall,HeatWave|||M|||50|,,,,,Fire]Dondozo||Leftovers|Unaware|OrderUp,WaveCrash,Earthquake,Protect|||M|||50|,,,,,Steel
|showteam|p2|Charizard||ChoiceSpecs|SolarPower|HeatWave,Overheat,WeatherBall,AirSlash|||F|||50|,,,,,Ghost]Torkoal||EjectPack|Drought|Eruption,Overheat,HelpingHand,Protect|||M|||50|,,,,,Fire]Porygon2||Eviolite|Download|TeraBlast,IceBeam,Recover,TrickRoom||||||50|,,,,,Fighting]Incineroar||SitrusBerry|Intimidate|FlareBlitz,KnockOff,FakeOut,PartingShot|||M|||50|,,,,,Ghost]Jumpluff||CovertCloak|Chlorophyll|SleepPowder,SunnyDay,RagePowder,Tailwind|||M|||50|,,,,,Water]Ursaluna||FlameOrb|Guts|HeadlongRush,Facade,Earthquake,Protect|||M|||50|,,,,,Ghost
|inactive|Battle timer is ON: inactive players will automatically lose when time's up. (requested by minccino fan)
|inactive|minccino fan has 60 seconds left.
|inactive|minccino fan has 30 seconds left.
|inactive|minccino fan has 20 seconds left.
|inactive|minccino fan has 15 seconds left.
|inactive|minccino fan has 10 seconds left.
|inactive|minccino fan has 5 seconds left.
|
|t:|1756273077
|teamsize|p1|4
|teamsize|p2|4
|start
|switch|p1a: Talonflame|Talonflame, L50, F|100/100
|switch|p1b: Typhlosion|Typhlosion-Hisui, L50, M|100/100
|switch|p2a: Jumpluff|Jumpluff, L50, M|100/100
|switch|p2b: Torkoal|Torkoal, L50, M|100/100
|-weather|SunnyDay|[from] ability: Drought|[of] p2b: Torkoal
|turn|1
|inactive|minccino fan has 30 seconds left.
|
|t:|1756273108
|-terastallize|p2a: Jumpluff|Water
|-terastallize|p1b: Typhlosion|Fire
|move|p2b: Torkoal|Protect|p2b: Torkoal
|-singleturn|p2b: Torkoal|Protect
|move|p1a: Talonflame|Tailwind|p1a: Talonflame
|-sidestart|p1: buf15 jeremay|move: Tailwind
|move|p2a: Jumpluff|Sleep Powder|p1b: Typhlosion
|-status|p1b: Typhlosion|slp|[from] move: Sleep Powder
|cant|p1b: Typhlosion|slp
|
|-weather|SunnyDay|[upkeep]
|upkeep
|turn|2
|inactive|buf15 jeremay has 30 seconds left.
|
|t:|1756273137
|move|p1a: Talonflame|Dual Wingbeat|p2a: Jumpluff|[miss]
|-miss|p1a: Talonflame|p2a: Jumpluff
|move|p2a: Jumpluff|Tailwind|p2a: Jumpluff
|-sidestart|p2: minccino fan|move: Tailwind
|cant|p1b: Typhlosion|slp
|move|p2b: Torkoal|Overheat|p1b: Typhlosion
|-resisted|p1b: Typhlosion
|-damage|p1b: Typhlosion|39/100 slp
|-unboost|p2b: Torkoal|spa|2
|-enditem|p2b: Torkoal|Eject Pack
|
|t:|1756273149
|switch|p2b: Charizard|Charizard, L50, F|100/100
|
|-weather|SunnyDay|[upkeep]
|-damage|p2b: Charizard|88/100|[from] ability: Solar Power|[of] p2b: Charizard
|upkeep
|turn|3
|
|t:|1756273161
|move|p2a: Jumpluff|Rage Powder|p2a: Jumpluff
|-singleturn|p2a: Jumpluff|move: Rage Powder
|move|p1a: Talonflame|Dual Wingbeat|p2a: Jumpluff
|-damage|p2a: Jumpluff|77/100
|-damage|p2a: Jumpluff|55/100
|-hitcount|p2a: Jumpluff|2
|move|p2b: Charizard|Heat Wave|p1a: Talonflame|[spread] p1a,p1b
|-resisted|p1a: Talonflame
|-resisted|p1b: Typhlosion
|-damage|p1a: Talonflame|19/100
|-damage|p1b: Typhlosion|0 fnt
|faint|p1b: Typhlosion
|
|-weather|SunnyDay|[upkeep]
|-damage|p2b: Charizard|76/100|[from] ability: Solar Power|[of] p2b: Charizard
|upkeep
|
|t:|1756273177
|switch|p1b: Dondozo|Dondozo, L50, M|100/100
|turn|4
|inactive|minccino fan has 30 seconds left.
|
|t:|1756273203
|move|p1b: Dondozo|Protect|p1b: Dondozo
|-singleturn|p1b: Dondozo|Protect
|move|p2a: Jumpluff|Sleep Powder|p1b: Dondozo
|-activate|p1b: Dondozo|move: Protect
|move|p1a: Talonflame|Dual Wingbeat|p2a: Jumpluff
|-damage|p2a: Jumpluff|36/100
|-damage|p2a: Jumpluff|13/100
|-hitcount|p2a: Jumpluff|2
|move|p2b: Charizard|Heat Wave|p1b: Dondozo|[spread] p1a
|-activate|p1b: Dondozo|move: Protect
|-resisted|p1a: Talonflame
|-damage|p1a: Talonflame|0 fnt
|faint|p1a: Talonflame
|
|-weather|SunnyDay|[upkeep]
|-damage|p2b: Charizard|63/100|[from] ability: Solar Power|[of] p2b: Charizard
|-sideend|p1: buf15 jeremay|move: Tailwind
|upkeep
|
|t:|1756273223
|switch|p1a: Tatsugiri|Tatsugiri, L50, M|100/100
|-activate|p1a: Tatsugiri|ability: Commander|[of] p1b: Dondozo
|-boost|p1b: Dondozo|atk|2
|-boost|p1b: Dondozo|spa|2
|-boost|p1b: Dondozo|spe|2
|-boost|p1b: Dondozo|def|2
|-boost|p1b: Dondozo|spd|2
|turn|5
|
|t:|1756273233
|move|p2a: Jumpluff|Sleep Powder|p1b: Dondozo
|-status|p1b: Dondozo|slp|[from] move: Sleep Powder
|move|p2b: Charizard|Heat Wave|p1a: Tatsugiri|[spread] p1b
|-miss|p2b: Charizard|p1a: Tatsugiri
|-resisted|p1b: Dondozo
|-damage|p1b: Dondozo|72/100 slp
|cant|p1b: Dondozo|slp
|
|-weather|none
|-heal|p1b: Dondozo|78/100 slp|[from] item: Leftovers
|-sideend|p2: minccino fan|move: Tailwind
|upkeep
|turn|6
|
|t:|1756273253
|switch|p2a: Torkoal|Torkoal, L50, M|100/100
|-weather|SunnyDay|[from] ability: Drought|[of] p2a: Torkoal
|-curestatus|p1b: Dondozo|slp|[msg]
|move|p1b: Dondozo|Order Up|p2a: Torkoal
|-damage|p2a: Torkoal|67/100
|-boost|p1b: Dondozo|atk|1
|move|p2b: Charizard|Heat Wave|p1b: Dondozo|[spread] p1b
|-miss|p2b: Charizard|p1a: Tatsugiri
|-resisted|p1b: Dondozo
|-damage|p1b: Dondozo|49/100
|
|-weather|SunnyDay|[upkeep]
|-damage|p2b: Charizard|51/100|[from] ability: Solar Power|[of] p2b: Charizard
|-heal|p1b: Dondozo|55/100|[from] item: Leftovers
|upkeep
|turn|7
|
|t:|1756273271
|move|p1b: Dondozo|Protect|p1b: Dondozo
|-singleturn|p1b: Dondozo|Protect
|move|p2a: Torkoal|Protect|p2a: Torkoal
|-singleturn|p2a: Torkoal|Protect
|move|p2b: Charizard|Heat Wave|p1b: Dondozo|[spread] 
|-miss|p2b: Charizard|p1a: Tatsugiri
|-activate|p1b: Dondozo|move: Protect
|
|-weather|SunnyDay|[upkeep]
|-damage|p2b: Charizard|38/100|[from] ability: Solar Power|[of] p2b: Charizard
|-heal|p1b: Dondozo|61/100|[from] item: Leftovers
|upkeep
|turn|8
|
|t:|1756273294
|switch|p2a: Jumpluff|Jumpluff, L50, M, tera:Water|13/100
|move|p1b: Dondozo|Earthquake|p2b: Charizard|[spread] p2a
|-miss|p1b: Dondozo|p1a: Tatsugiri
|-immune|p2b: Charizard
|-damage|p2a: Jumpluff|0 fnt
|faint|p2a: Jumpluff
|move|p2b: Charizard|Heat Wave|p1a: Tatsugiri|[spread] p1b
|-miss|p2b: Charizard|p1a: Tatsugiri
|-resisted|p1b: Dondozo
|-damage|p1b: Dondozo|32/100
|
|-weather|SunnyDay|[upkeep]
|-damage|p2b: Charizard|26/100|[from] ability: Solar Power|[of] p2b: Charizard
|-heal|p1b: Dondozo|39/100|[from] item: Leftovers
|upkeep
|
|t:|1756273299
|switch|p2a: Ursaluna|Ursaluna, L50, M|100/100
|turn|9
|
|t:|1756273319
|move|p1b: Dondozo|Protect|p1b: Dondozo
|-singleturn|p1b: Dondozo|Protect
|move|p2b: Charizard|Heat Wave|p1b: Dondozo|[spread] 
|-miss|p2b: Charizard|p1a: Tatsugiri
|-activate|p1b: Dondozo|move: Protect
|move|p2a: Ursaluna|Facade|p1b: Dondozo
|-activate|p1b: Dondozo|move: Protect
|
|-weather|SunnyDay|[upkeep]
|-damage|p2b: Charizard|14/100|[from] ability: Solar Power|[of] p2b: Charizard
|-heal|p1b: Dondozo|45/100|[from] item: Leftovers
|-status|p2a: Ursaluna|brn|[from] item: Flame Orb
|upkeep
|turn|10
|inactive|buf15 jeremay has 30 seconds left.
|
|t:|1756273349
|switch|p2b: Torkoal|Torkoal, L50, M|67/100
|move|p1b: Dondozo|Order Up|p2b: Torkoal
|-damage|p2b: Torkoal|24/100
|-boost|p1b: Dondozo|atk|1
|move|p2a: Ursaluna|Headlong Rush|p1b: Dondozo
|-damage|p1b: Dondozo|9/100
|-unboost|p2a: Ursaluna|def|1
|-unboost|p2a: Ursaluna|spd|1
|
|-weather|none
|-heal|p1b: Dondozo|15/100|[from] item: Leftovers
|-damage|p2a: Ursaluna|95/100 brn|[from] brn
|upkeep
|turn|11
|inactive|minccino fan has 30 seconds left.
|
|t:|1756273376
|switch|p2a: Charizard|Charizard, L50, F|14/100
|move|p1b: Dondozo|Earthquake|p2b: Torkoal|[spread] p2b
|-miss|p1b: Dondozo|p1a: Tatsugiri
|-immune|p2a: Charizard
|-supereffective|p2b: Torkoal
|-damage|p2b: Torkoal|0 fnt
|faint|p2b: Torkoal
|
|-heal|p1b: Dondozo|21/100|[from] item: Leftovers
|upkeep
|
|t:|1756273380
|switch|p2b: Ursaluna|Ursaluna, L50, M|95/100 brn
|turn|12
|
|t:|1756273394
|move|p1b: Dondozo|Protect|p1b: Dondozo
|-singleturn|p1b: Dondozo|Protect
|move|p2a: Charizard|Air Slash|p1b: Dondozo
|-activate|p1b: Dondozo|move: Protect
|move|p2b: Ursaluna|Earthquake|p1a: Tatsugiri|[spread] 
|-miss|p2b: Ursaluna|p1a: Tatsugiri
|-activate|p1b: Dondozo|move: Protect
|-immune|p2a: Charizard
|
|-heal|p1b: Dondozo|27/100|[from] item: Leftovers
|-damage|p2b: Ursaluna|89/100 brn|[from] brn
|upkeep
|turn|13
|
|t:|1756273413
|move|p1b: Dondozo|Order Up|p2a: Charizard
|-damage|p2a: Charizard|0 fnt
|faint|p2a: Charizard
|-boost|p1b: Dondozo|atk|1
|move|p2b: Ursaluna|Facade|p1b: Dondozo
|-damage|p1b: Dondozo|0 fnt
|faint|p1b: Dondozo
|
|-damage|p2b: Ursaluna|83/100 brn|[from] brn
|upkeep
|turn|14
|
|t:|1756273423
|move|p1a: Tatsugiri|Draco Meteor|p2b: Ursaluna
|-damage|p2b: Ursaluna|18/100 brn
|-unboost|p1a: Tatsugiri|spa|2
|move|p2b: Ursaluna|Facade|p1a: Tatsugiri
|-damage|p1a: Tatsugiri|0 fnt
|faint|p1a: Tatsugiri
|
|win|minccino fan
