|j|☆Frisk Azzy
|j|☆LittleSunLight
|html|Frisk AzzyLittleSunLight    
|uhtml|bestof|Game 1 of a best-of-3
|t:|1783539184
|gametype|doubles
|player|p1|Frisk Azzy|riley|
|player|p2|LittleSunLight|beauty|
|gen|9
|tier|[Gen 9 Champions] VGC 2026 Reg M-B (Bo3)
|rule|Species Clause: Limit one of each Pokémon
|rule|Item Clause: Limit 1 of each item
|clearpoke
|poke|p1|Charizard, L50, M, shiny|
|poke|p1|Venusaur, L50, M|
|poke|p1|Whimsicott, L50, M|
|poke|p1|Luxray, L50, M, shiny|
|poke|p1|Aegislash, L50, F|
|poke|p1|Garchomp, L50, F, shiny|
|poke|p2|Dragonite, L50, F|
|poke|p2|Froslass, L50, F|
|poke|p2|Sneasler, L50, M|
|poke|p2|Arcanine-Hisui, L50, M|
|poke|p2|Basculegion, L50, M|
|poke|p2|Kingambit, L50, F|
|teampreview|4
|showteam|p1|Charizard||CharizarditeY|SolarPower|HeatWave,Protect,SolarBeam,AirSlash|Timid||M|||50|]Venusaur||LifeOrb|Chlorophyll|GigaDrain,SludgeBomb,Protect,EarthPower|Modest||M|||50|]Whimsicott||FocusSash|Prankster|Moonblast,Tailwind,Taunt,SunnyDay|Timid||M|||50|]Luxray||SitrusBerry|Intimidate|Crunch,WildCharge,Protect,VoltSwitch|Sassy||M|||50|]Aegislash||SpellTag|StanceChange|IronHead,KingsShield,WideGuard,ShadowSneak|Adamant||F|||50|]Garchomp||ExpertBelt|RoughSkin|DragonClaw,Protect,Earthquake,RockSlide|Jolly||F|||50|
|showteam|p2|Dragonite||Dragoninite|Multiscale|Protect,Tailwind,DragonPulse,Flamethrower|Modest||F|||50|]Froslass||Froslassite|CursedBody|Protect,Blizzard,ShadowBall,AuroraVeil|Timid||F|||50|]Sneasler||WhiteHerb|Unburden|Protect,CloseCombat,DireClaw,FakeOut|Jolly||M|||50|]Arcanine-Hisui||FocusSash|RockHead|FlareBlitz,HeadSmash,RockSlide,ExtremeSpeed|Jolly||M|||50|]Basculegion||LifeOrb|Adaptability|Protect,WaveCrash,AquaJet,LastRespects|Adamant||M|||50|]Kingambit||ChopleBerry|Defiant|Protect,KowtowCleave,IronHead,SuckerPunch|Adamant||F|||50|
|inactive|Battle timer is ON: inactive players will automatically lose when time's up. (requested by LittleSunLight)
|c|☆Frisk Azzy|Glhf
|inactive|LittleSunLight has 60 seconds left.
|c|☆LittleSunLight|glhf
|
|t:|1783539254
|teamsize|p1|4
|teamsize|p2|4
|start
|switch|p1a: Garchomp|Garchomp, L50, F, shiny|100/100
|switch|p1b: Whimsicott|Whimsicott, L50, M|100/100
|switch|p2a: Mochi|Sneasler, L50, M|100/100
|switch|p2b: Frisk|Arcanine-Hisui, L50, M|100/100
|turn|1
|
|t:|1783539276
|switch|p1b: Charizard|Charizard, L50, M, shiny|100/100
|move|p1a: Garchomp|Protect|p1a: Garchomp
|-singleturn|p1a: Garchomp|Protect
|move|p2a: Mochi|Fake Out|p1a: Garchomp
|-activate|p1a: Garchomp|move: Protect
|move|p2b: Frisk|Flare Blitz|p1b: Charizard
|-resisted|p1b: Charizard|1
|-damage|p1b: Charizard|59/100
|
|upkeep
|turn|2
|inactive|LittleSunLight has 30 seconds left.
|
|t:|1783539311
|switch|p2b: MyLuv!|Dragonite, L50, F|100/100
|detailschange|p1b: Charizard|Charizard-Mega-Y, L50, M, shiny
|-mega|p1b: Charizard|Charizard|Charizardite Y
|-weather|SunnyDay|[from] ability: Drought|[of] p1b: Charizard
|move|p1b: Charizard|Protect|p1b: Charizard
|-singleturn|p1b: Charizard|Protect
|move|p2a: Mochi|Close Combat|p1b: Charizard
|-activate|p1b: Charizard|move: Protect
|move|p1a: Garchomp|Earthquake|p2a: Mochi|[spread] p2a
|-activate|p1b: Charizard|move: Protect
|-immune|p2b: MyLuv!
|-supereffective|p2a: Mochi|1
|-damage|p2a: Mochi|0 fnt
|faint|p2a: Mochi
|
|-weather|SunnyDay|[upkeep]
|upkeep
|
|t:|1783539329
|switch|p2a: Elssssa|Froslass, L50, F|100/100
|turn|3
|inactive|LittleSunLight has 30 seconds left.
|inactive|LittleSunLight has 20 seconds left.
|
|t:|1783539367
|detailschange|p2a: Elssssa|Froslass-Mega, L50, F
|-mega|p2a: Elssssa|Froslass|Froslassite
|-weather|Snowscape|[from] ability: Snow Warning|[of] p2a: Elssssa
|move|p1a: Garchomp|Protect|p1a: Garchomp
|-singleturn|p1a: Garchomp|Protect
|move|p2a: Elssssa|Blizzard|p1b: Charizard|[spread] p1b
|-activate|p1a: Garchomp|move: Protect
|-damage|p1b: Charizard|12/100
|move|p1b: Charizard|Heat Wave|p2b: MyLuv!|[spread] p2a,p2b
|-supereffective|p2a: Elssssa|1
|-resisted|p2b: MyLuv!|1
|-damage|p2a: Elssssa|0 fnt
|-damage|p2b: MyLuv!|89/100
|faint|p2a: Elssssa
|move|p2b: MyLuv!|Tailwind|p2b: MyLuv!
|-sidestart|p2: LittleSunLight|move: Tailwind
|
|-weather|Snowscape|[upkeep]
|upkeep
|
|t:|1783539383
|switch|p2a: Frisk|Arcanine-Hisui, L50, M|100/100
|turn|4
|inactive|LittleSunLight has 30 seconds left.
|inactive|LittleSunLight has 20 seconds left.
|
|t:|1783539422
|switch|p1a: Whimsicott|Whimsicott, L50, M|100/100
|switch|p1b: Venusaur|Venusaur, L50, M|100/100
|move|p2a: Frisk|Flare Blitz|p1b: Venusaur
|-supereffective|p1b: Venusaur|1
|-damage|p1b: Venusaur|0 fnt
|faint|p1b: Venusaur
|move|p2b: MyLuv!|Dragon Pulse|p1a: Whimsicott
|-immune|p1a: Whimsicott
|
|-weather|Snowscape|[upkeep]
|upkeep
|
|t:|1783539437
|switch|p1b: Garchomp|Garchomp, L50, F, shiny|100/100
|turn|5
|inactive|LittleSunLight has 30 seconds left.
|inactive|LittleSunLight has 20 seconds left.
|inactive|LittleSunLight has 15 seconds left.
|
|t:|1783539478
|move|p1a: Whimsicott|Tailwind|p1a: Whimsicott
|-sidestart|p1: Frisk Azzy|move: Tailwind
|move|p1b: Garchomp|Earthquake|p2b: MyLuv!|[spread] p1a,p2a
|-immune|p2b: MyLuv!
|-resisted|p1a: Whimsicott|1
|-supereffective|p2a: Frisk|2
|-damage|p1a: Whimsicott|72/100
|-enditem|p2a: Frisk|Focus Sash
|-damage|p2a: Frisk|1/100
|move|p2a: Frisk|Flare Blitz|p1a: Whimsicott
|-supereffective|p1a: Whimsicott|1
|-damage|p1a: Whimsicott|0 fnt
|faint|p1a: Whimsicott
|move|p2b: MyLuv!|Dragon Pulse|p1b: Garchomp
|-supereffective|p1b: Garchomp|1
|-damage|p1b: Garchomp|10/100
|
|-weather|Snowscape|[upkeep]
|upkeep
|
|t:|1783539495
|switch|p1a: Charizard|Charizard-Mega-Y, L50, M, shiny|12/100
|-weather|SunnyDay|[from] ability: Drought|[of] p1a: Charizard
|turn|6
|
|t:|1783539515
|move|p1a: Charizard|Protect|p1a: Charizard
|-singleturn|p1a: Charizard|Protect
|move|p2a: Frisk|Extreme Speed|p1b: Garchomp
|-damage|p1b: Garchomp|0 fnt
|-damage|p2a: Frisk|0 fnt|[from] ability: Rough Skin|[of] p1b: Garchomp
|faint|p1b: Garchomp
|faint|p2a: Frisk
|move|p2b: MyLuv!|Dragon Pulse|p1a: Charizard
|-activate|p1a: Charizard|move: Protect
|
|-weather|SunnyDay|[upkeep]
|-sideend|p2: LittleSunLight|move: Tailwind
|upkeep
|turn|7
|
|t:|1783539530
|move|p1a: Charizard|Air Slash|p2b: MyLuv!
|-damage|p2b: MyLuv!|41/100
|move|p2b: MyLuv!|Dragon Pulse|p1a: Charizard
|-damage|p1a: Charizard|0 fnt
|faint|p1a: Charizard
|
|win|LittleSunLight
|inactive|Frisk Azzy has 30 seconds to confirm battle start!
|inactive|LittleSunLight has 30 seconds to confirm battle start!
|c|☆Frisk Azzy|Ggwp
||Frisk Azzy is ready for game 2.
|inactive|LittleSunLight has 20 seconds to confirm battle start!
|c|☆LittleSunLight|gg
||LittleSunLight is ready for game 2.
|uhtml|next|Next: Game 2 of 3
|l|☆Frisk Azzy
|player|p1|
|j|☆Frisk Azzy
|player|p1|Frisk Azzy|riley|
|l|☆LittleSunLight
|player|p2|
