|j|☆Sizzle2466
|j|☆wingblade33
|html|Sizzle2466wingblade33    
|uhtml|bestof|Game 3 of a best-of-3
|t:|1786045686
|gametype|doubles
|player|p1|Sizzle2466|169|1286
|player|p2|wingblade33|102|1326
|gen|9
|tier|[Gen 9 Champions] VGC 2026 Reg M-B (Bo3)
|rated|
|rule|Species Clause: Limit one of each Pokémon
|rule|Item Clause: Limit 1 of each item
|clearpoke
|poke|p1|Excadrill, L50, M|
|poke|p1|Tyranitar, L50, F|
|poke|p1|Sinistcha, L50|
|poke|p1|Incineroar, L50, F|
|poke|p1|Floette-Eternal, L50, F|
|poke|p1|Sneasler, L50, M|
|poke|p2|Tyranitar, L50, F|
|poke|p2|Sylveon, L50, F|
|poke|p2|Farigiraf, L50, M|
|poke|p2|Gholdengo, L50|
|poke|p2|Excadrill, L50, F|
|poke|p2|Staraptor, L50, M|
|teampreview|4
|showteam|p1|Excadrill||FocusSash|SandRush|IronHead,HighHorsepower,Earthquake,Protect|Adamant||M|||50|]Tyranitar||Tyranitarite|SandStream|DragonDance,RockSlide,KnockOff,Protect|Adamant||F|||50|]Sinistcha||CobaBerry|Hospitality|RagePowder,MatchaGotcha,TrickRoom,Protect|Bold|||||50|]Incineroar||SitrusBerry|Intimidate|FakeOut,FlareBlitz,HelpingHand,PartingShot|Careful||F|||50|]Floette-Eternal||Floettite|FlowerVeil|CalmMind,Moonblast,DazzlingGleam,Protect|Modest||F|||50|]Sneasler||WhiteHerb|Unburden|FakeOut,CloseCombat,DireClaw,Protect|Adamant||M|||50|
|showteam|p2|Tyranitar||Tyranitarite|SandStream|KnockOff,DragonDance,RockSlide,Protect|Adamant||F|||50|]Sylveon||FairyFeather|Pixilate|HyperVoice,Detect,HyperBeam,Yawn|Modest||F|||50|]Farigiraf||SitrusBerry|ArmorTail|Psychic,TrickRoom,Roar,Protect|Modest||M|||50|]Gholdengo||LifeOrb|GoodasGold|MakeItRain,ShadowBall,NastyPlot,Protect|Modest|||||50|]Excadrill||FocusSash|SandRush|HighHorsepower,IronHead,RockSlide,Protect|Adamant||F|||50|]Staraptor||Staraptite|Intimidate|CloseCombat,BraveBird,Tailwind,Protect|Jolly||M|||50|
|inactive|Battle timer is ON: inactive players will automatically lose when time's up. (requested by wingblade33)
|inactive|wingblade33 has 60 seconds left.
|
|t:|1786045748
|teamsize|p1|4
|teamsize|p2|4
|start
|switch|p1a: Incineroar|Incineroar, L50, F|100/100
|switch|p1b: Floette|Floette-Eternal, L50, F|100/100
|switch|p2a: Sylveon|Sylveon, L50, F|100/100
|switch|p2b: Gholdengo|Gholdengo, L50|100/100
|-ability|p1a: Incineroar|Intimidate|boost
|-unboost|p2a: Sylveon|atk|1
|-unboost|p2b: Gholdengo|atk|1
|turn|1
|inactive|Sizzle2466 has 30 seconds left.
|inactive|wingblade33 has 30 seconds left.
|inactive|Sizzle2466 has 20 seconds left.
|inactive|wingblade33 has 20 seconds left.
|inactive|wingblade33 has 15 seconds left.
|inactive|wingblade33 has 10 seconds left.
|inactive|wingblade33 has 5 seconds left.
|
|t:|1786045800
|move|p2b: Gholdengo|Protect|p2b: Gholdengo
|-singleturn|p2b: Gholdengo|Protect
|move|p1b: Floette|Protect|p1b: Floette
|-singleturn|p1b: Floette|Protect
|move|p1a: Incineroar|Flare Blitz|p2b: Gholdengo
|-activate|p2b: Gholdengo|move: Protect
|move|p2a: Sylveon|Hyper Beam|p1a: Incineroar
|-damage|p1a: Incineroar|24/100
|-mustrecharge|p2a: Sylveon
|-enditem|p1a: Incineroar|Sitrus Berry|[eat]
|-heal|p1a: Incineroar|49/100|[from] item: Sitrus Berry
|
|upkeep
|turn|2
|
|t:|1786045817
|switch|p2b: Farigiraf|Farigiraf, L50, M|100/100
|detailschange|p1b: Floette|Floette-Mega, L50, F
|-mega|p1b: Floette|Floette|Floettite
|-ability|p1b: Floette|Fairy Aura
|move|p1b: Floette|Dazzling Gleam|p2a: Sylveon|[spread] p2a,p2b
|-damage|p2a: Sylveon|66/100
|-damage|p2b: Farigiraf|46/100
|-enditem|p2b: Farigiraf|Sitrus Berry|[eat]
|-heal|p2b: Farigiraf|71/100|[from] item: Sitrus Berry
|move|p1a: Incineroar|Flare Blitz|p2b: Farigiraf
|-damage|p2b: Farigiraf|35/100
|-damage|p1a: Incineroar|35/100|[from] Recoil
|cant|p2a: Sylveon|recharge
|
|upkeep
|turn|3
|inactive|wingblade33 has 30 seconds left.
|
|t:|1786045844
|switch|p2b: Gholdengo|Gholdengo, L50|100/100
|move|p1b: Floette|Calm Mind|p1b: Floette
|-boost|p1b: Floette|spa|1
|-boost|p1b: Floette|spd|1
|move|p1a: Incineroar|Parting Shot|p2a: Sylveon
|-unboost|p2a: Sylveon|atk|1
|-unboost|p2a: Sylveon|spa|1
|
|t:|1786045851
|switch|p1a: Excadrill|Excadrill, L50, M|100/100|[from] Parting Shot
|move|p2a: Sylveon|Hyper Voice|p1b: Floette|[spread] p1a,p1b
|-resisted|p1a: Excadrill|1
|-damage|p1a: Excadrill|71/100
|-damage|p1b: Floette|80/100
|
|upkeep
|turn|4
|
|t:|1786045863
|switch|p2a: Staraptor|Staraptor, L50, M|100/100
|-ability|p2a: Staraptor|Intimidate|boost
|-unboost|p1a: Excadrill|atk|1
|-unboost|p1b: Floette|atk|1
|move|p1b: Floette|Protect|p1b: Floette
|-singleturn|p1b: Floette|Protect
|move|p1a: Excadrill|High Horsepower|p2b: Gholdengo
|-supereffective|p2b: Gholdengo|1
|-damage|p2b: Gholdengo|32/100
|move|p2b: Gholdengo|Make It Rain|p1a: Excadrill|[spread] p1a
|-activate|p1b: Floette|move: Protect
|-resisted|p1a: Excadrill|1
|-damage|p1a: Excadrill|32/100
|-unboost|p2b: Gholdengo|spa|2
|-damage|p2b: Gholdengo|23/100|[from] item: Life Orb
|
|upkeep
|turn|5
|inactive|wingblade33 has 30 seconds left.
|
|t:|1786045895
|switch|p1a: Sinistcha|Sinistcha, L50|100/100
|-heal|p1b: Floette|100/100|[from] ability: Hospitality|[of] p1a: Sinistcha
|detailschange|p2a: Staraptor|Staraptor-Mega, L50, M
|-mega|p2a: Staraptor|Staraptor|Staraptite
|move|p2a: Staraptor|Brave Bird|p1b: Floette
|-damage|p1b: Floette|33/100
|-damage|p2a: Staraptor|75/100|[from] Recoil
|move|p1b: Floette|Dazzling Gleam|p2a: Staraptor|[spread] p2a,p2b
|-supereffective|p2a: Staraptor|1
|-resisted|p2b: Gholdengo|1
|-damage|p2a: Staraptor|0 fnt
|-damage|p2b: Gholdengo|0 fnt
|faint|p2a: Staraptor
|faint|p2b: Gholdengo
|
|upkeep
|
|t:|1786045909
|switch|p2a: Farigiraf|Farigiraf, L50, M|35/100
|switch|p2b: Sylveon|Sylveon, L50, F|66/100
|turn|6
|-message|wingblade33 forfeited.
|
|win|Sizzle2466
|raw|Sizzle2466's rating: 1286 → 1314(+28 for winning)
|raw|wingblade33's rating: 1326 → 1304(-22 for losing)
