|j|☆nenu18
|j|☆ApostrofoRosaVGC
|html|nenu18ApostrofoRosaVGC    
|uhtml|bestof|Game 3 of a best-of-3
|t:|1755895656
|gametype|doubles
|player|p1|nenu18|266|1126
|player|p2|ApostrofoRosaVGC|170|1206
|gen|9
|tier|[Gen 9] VGC 2025 Reg H (Bo3)
|rated|
|rule|Species Clause: Limit one of each Pokémon
|rule|Item Clause: Limit 1 of each item
|clearpoke
|poke|p1|Pelipper, L50, F|
|poke|p1|Archaludon, L50, F|
|poke|p1|Basculegion, L50, M|
|poke|p1|Amoonguss, L50, M|
|poke|p1|Incineroar, L50, F|
|poke|p1|Gholdengo, L50|
|poke|p2|Gholdengo, L50|
|poke|p2|Archaludon, L50, M|
|poke|p2|Dragonite, L50, M|
|poke|p2|Pelipper, L50, M|
|poke|p2|Maushold-Four, L50|
|poke|p2|Grimmsnarl, L50, M|
|teampreview|4
|showteam|p1|Pelipper||FocusSash|Drizzle|WeatherBall,Hurricane,Protect,Tailwind|||F|||50|,,,,,Ghost]Archaludon||AssaultVest|Stamina|ElectroShot,DragonPulse,FlashCannon,BodyPress|||F|||50|,,,,,Bug]Basculegion||ChoiceBand|SwiftSwim|WaveCrash,LastRespects,FlipTurn,AquaJet|||M|||50|,,,,,Water]Amoonguss||SitrusBerry|Regenerator|PollenPuff,RagePowder,Spore,Protect|||M|||50|,,,,,Fairy]Incineroar||SafetyGoggles|Intimidate|KnockOff,FakeOut,PartingShot,Taunt|||F|||50|,,,,,Ghost]Gholdengo||LifeOrb|GoodasGold|MakeItRain,ShadowBall,Protect,NastyPlot||||||50|,,,,,Water
|showteam|p2|Gholdengo||LifeOrb|GoodasGold|MakeItRain,ShadowBall,NastyPlot,Protect||||||50|,,,,,Water]Archaludon||AssaultVest|Stamina|DragonPulse,ElectroShot,BodyPress,Snarl|||M|||50|,,,,,Bug]Dragonite||LoadedDice|Multiscale|ScaleShot,ExtremeSpeed,Tailwind,Protect|||M|||50|,,,,,Steel]Pelipper||FocusSash|Drizzle|WeatherBall,Hurricane,Tailwind,Protect|||M|||50|,,,,,Ground]Maushold-Four||SafetyGoggles|FriendGuard|BeatUp,Taunt,FollowMe,Protect||||||50|,,,,,Ghost]Grimmsnarl||LightClay|Prankster|SpiritBreak,ThunderWave,Reflect,LightScreen|||M|||50|,,,,,Ghost
|inactive|Battle timer is ON: inactive players will automatically lose when time's up. (requested by ApostrofoRosaVGC)
|
|t:|1755895714
|teamsize|p1|4
|teamsize|p2|4
|start
|switch|p1a: Pelipper|Pelipper, L50, F|100/100
|switch|p1b: Basculegion|Basculegion, L50, M|100/100
|switch|p2a: Maushold|Maushold-Four, L50|100/100
|switch|p2b: Gholdengo|Gholdengo, L50|100/100
|-weather|RainDance|[from] ability: Drizzle|[of] p1a: Pelipper
|turn|1
|
|t:|1755895725
|-terastallize|p1b: Basculegion|Water
|move|p2a: Maushold|Protect|p2a: Maushold
|-singleturn|p2a: Maushold|Protect
|move|p2b: Gholdengo|Protect|p2b: Gholdengo
|-singleturn|p2b: Gholdengo|Protect
|move|p1b: Basculegion|Wave Crash|p2b: Gholdengo
|-activate|p2b: Gholdengo|move: Protect
|move|p1a: Pelipper|Tailwind|p1a: Pelipper
|-sidestart|p1: nenu18|move: Tailwind
|
|-weather|RainDance|[upkeep]
|upkeep
|turn|2
|inactive|ApostrofoRosaVGC has 30 seconds left.
|inactive|ApostrofoRosaVGC has 20 seconds left.
|inactive|ApostrofoRosaVGC has 15 seconds left.
|inactive|ApostrofoRosaVGC has 10 seconds left.
|inactive|ApostrofoRosaVGC has 5 seconds left.
|
|t:|1755895777
|-terastallize|p2b: Gholdengo|Water
|move|p2a: Maushold|Follow Me|p2a: Maushold
|-singleturn|p2a: Maushold|move: Follow Me
|move|p1b: Basculegion|Wave Crash|p2a: Maushold
|-damage|p2a: Maushold|0 fnt
|faint|p2a: Maushold
|-damage|p1b: Basculegion|70/100|[from] Recoil
|move|p1a: Pelipper|Hurricane|p2b: Gholdengo
|-damage|p2b: Gholdengo|38/100
|move|p2b: Gholdengo|Nasty Plot|p2b: Gholdengo
|-boost|p2b: Gholdengo|spa|2
|
|-weather|RainDance|[upkeep]
|upkeep
|
|t:|1755895793
|switch|p2a: Archaludon|Archaludon, L50, M|100/100
|turn|3
|
|t:|1755895810
|move|p2b: Gholdengo|Protect|p2b: Gholdengo
|-singleturn|p2b: Gholdengo|Protect
|move|p1b: Basculegion|Wave Crash|p2a: Archaludon
|-resisted|p2a: Archaludon
|-damage|p2a: Archaludon|42/100
|-ability|p2a: Archaludon|Stamina|boost
|-boost|p2a: Archaludon|def|1
|-damage|p1b: Basculegion|51/100|[from] Recoil
|move|p1a: Pelipper|Hurricane|p2b: Gholdengo
|-activate|p2b: Gholdengo|move: Protect
|move|p2a: Archaludon|Electro Shot||[still]
|-prepare|p2a: Archaludon|Electro Shot
|-boost|p2a: Archaludon|spa|1
|-anim|p2a: Archaludon|Electro Shot|p1a: Pelipper
|-supereffective|p1a: Pelipper
|-enditem|p1a: Pelipper|Focus Sash
|-damage|p1a: Pelipper|1/100
|
|-weather|RainDance|[upkeep]
|upkeep
|turn|4
|
|t:|1755895833
|switch|p2b: Pelipper|Pelipper, L50, M|100/100
|move|p1b: Basculegion|Wave Crash|p2a: Archaludon
|-resisted|p2a: Archaludon
|-damage|p2a: Archaludon|3/100
|-ability|p2a: Archaludon|Stamina|boost
|-boost|p2a: Archaludon|def|1
|-damage|p1b: Basculegion|38/100|[from] Recoil
|move|p1a: Pelipper|Hurricane|p2b: Pelipper
|-damage|p2b: Pelipper|7/100
|-start|p2b: Pelipper|confusion
|move|p2a: Archaludon|Snarl|p1b: Basculegion|[spread] p1b
|-miss|p2a: Archaludon|p1a: Pelipper
|-damage|p1b: Basculegion|19/100
|-unboost|p1b: Basculegion|spa|1
|
|-weather|RainDance|[upkeep]
|-sideend|p1: nenu18|move: Tailwind
|upkeep
|turn|5
|
|t:|1755895854
|move|p1b: Basculegion|Wave Crash|p2a: Archaludon
|-resisted|p2a: Archaludon
|-damage|p2a: Archaludon|0 fnt
|faint|p2a: Archaludon
|-damage|p1b: Basculegion|18/100|[from] Recoil
|-activate|p2b: Pelipper|confusion
|move|p2b: Pelipper|Tailwind|p2b: Pelipper
|-sidestart|p2: ApostrofoRosaVGC|move: Tailwind
|move|p1a: Pelipper|Weather Ball|p2b: Pelipper
|-resisted|p2b: Pelipper
|-damage|p2b: Pelipper|0 fnt
|faint|p2b: Pelipper
|
|-weather|none
|upkeep
|
|t:|1755895857
|switch|p2a: Gholdengo|Gholdengo, L50, tera:Water|38/100
|turn|6
|
|t:|1755895864
|move|p2a: Gholdengo|Make It Rain|p1a: Pelipper|[spread] p1a,p1b
|-resisted|p1a: Pelipper
|-resisted|p1b: Basculegion
|-damage|p1a: Pelipper|0 fnt
|-damage|p1b: Basculegion|0 fnt
|-unboost|p2a: Gholdengo|spa|1
|faint|p1a: Pelipper
|faint|p1b: Basculegion
|-damage|p2a: Gholdengo|29/100|[from] item: Life Orb
|
|upkeep
|
|t:|1755895866
|switch|p1b: Gholdengo|Gholdengo, L50|100/100
|switch|p1a: Archaludon|Archaludon, L50, F, shiny|100/100
|turn|7
|
|t:|1755895871
|move|p2a: Gholdengo|Shadow Ball|p1b: Gholdengo
|-supereffective|p1b: Gholdengo
|-damage|p1b: Gholdengo|18/100
|-damage|p2a: Gholdengo|19/100|[from] item: Life Orb
|move|p1b: Gholdengo|Shadow Ball|p2a: Gholdengo
|-damage|p2a: Gholdengo|0 fnt
|faint|p2a: Gholdengo
|-damage|p1b: Gholdengo|8/100|[from] item: Life Orb
|
|win|nenu18
|raw|nenu18's rating: 1126 → 1157(+31 for winning)
|raw|ApostrofoRosaVGC's rating: 1206 → 1175(-31 for losing)
