|j|☆pawmifleet
|j|‽Giraldo567
|html|pawmifleetGiraldo567    
|uhtml|bestof|Game 3 of a best-of-3
|t:|1784134980
|gametype|doubles
|player|p1|pawmifleet|fisherman-gen4|1178
|player|p2|Giraldo567|2|1086
|gen|9
|tier|[Gen 9 Champions] VGC 2026 Reg M-B (Bo3)
|rated|
|rule|Species Clause: Limit one of each Pokémon
|rule|Item Clause: Limit 1 of each item
|clearpoke
|poke|p1|Incineroar, L50, M|
|poke|p1|Venusaur, L50, M|
|poke|p1|Charizard, L50, M|
|poke|p1|Garchomp, L50, M|
|poke|p1|Toxapex, L50, M|
|poke|p1|Annihilape, L50, F|
|poke|p2|Garchomp, L50, M|
|poke|p2|Floette-Eternal, L50, F|
|poke|p2|Whimsicott, L50, F|
|poke|p2|Milotic, L50, M|
|poke|p2|Charizard, L50, M|
|poke|p2|Clefable, L50, M|
|teampreview|4
|showteam|p1|Incineroar||SitrusBerry|Intimidate|FakeOut,ThroatChop,FlareBlitz,PartingShot|Impish||M|||50|]Venusaur||LifeOrb|Chlorophyll|SolarBeam,SludgeBomb,EarthPower,Protect|Modest||M|||50|]Charizard||CharizarditeY|Blaze|HeatWave,WeatherBall,HelpingHand,Protect|Modest||M|||50|]Garchomp||ChoiceScarf|RoughSkin|DragonClaw,Earthquake,RockSlide,StompingTantrum|Adamant||M|||50|]Toxapex||Leftovers|Regenerator|Infestation,Toxic,BanefulBunker,WideGuard|Bold||M|||50|]Annihilape||FocusSash|Defiant|PhantomForce,CloseCombat,RockTomb,Protect|Jolly||F|||50|
|showteam|p2|Garchomp||LifeOrb|RoughSkin|RockSlide,Protect,Earthquake,SwordsDance|Jolly||M|||50|]Floette-Eternal||Floettite|FlowerVeil|Protect,CalmMind,DazzlingGleam,Moonblast|Timid||F|||50|]Whimsicott||FocusSash|Prankster|Tailwind,Encore,Moonblast,Protect|Bold||F|||50|]Milotic||Leftovers|Competitive|Coil,Hypnosis,Protect,MuddyWater|Calm||M|||50|]Charizard||CharizarditeY|Blaze|HeatWave,WeatherBall,Protect,SolarBeam|Timid||M|||50|]Clefable||SitrusBerry|Unaware|LifeDew,FollowMe,Protect,DazzlingGleam|Calm||M|||50|
|inactive|Battle timer is ON: inactive players will automatically lose when time's up. (requested by pawmifleet)
|
|t:|1784135010
|teamsize|p1|4
|teamsize|p2|4
|start
|switch|p1a: Venusaur|Venusaur, L50, M|100/100
|switch|p1b: Charizard|Charizard, L50, M|100/100
|switch|p2a: Milotic|Milotic, L50, M|100/100
|switch|p2b: Garchomp|Garchomp, L50, M|100/100
|turn|1
|
|t:|1784135028
|detailschange|p1b: Charizard|Charizard-Mega-Y, L50, M
|-mega|p1b: Charizard|Charizard|Charizardite Y
|-weather|SunnyDay|[from] ability: Drought|[of] p1b: Charizard
|move|p1b: Charizard|Helping Hand|p1a: Venusaur
|-singleturn|p1a: Venusaur|Helping Hand|[of] p1b: Charizard
|move|p1a: Venusaur|Solar Beam||[still]
|-prepare|p1a: Venusaur|Solar Beam
|-anim|p1a: Venusaur|Solar Beam|p2a: Milotic
|-supereffective|p2a: Milotic|1
|-damage|p2a: Milotic|0 fnt
|faint|p2a: Milotic
|-damage|p1a: Venusaur|90/100|[from] item: Life Orb
|move|p2b: Garchomp|Rock Slide|p1b: Charizard|[spread] p1a
|-miss|p2b: Garchomp|p1b: Charizard
|-damage|p1a: Venusaur|54/100
|-damage|p2b: Garchomp|90/100|[from] item: Life Orb
|
|-weather|SunnyDay|[upkeep]
|upkeep
|
|t:|1784135047
|switch|p2a: Charizard|Charizard, L50, M|100/100
|turn|2
|
|t:|1784135054
|detailschange|p2a: Charizard|Charizard-Mega-Y, L50, M
|-mega|p2a: Charizard|Charizard|Charizardite Y
|move|p1a: Venusaur|Protect|p1a: Venusaur
|-singleturn|p1a: Venusaur|Protect
|move|p2b: Garchomp|Rock Slide|p1a: Venusaur|[spread] p1b
|-activate|p1a: Venusaur|move: Protect
|-supereffective|p1b: Charizard|2
|-damage|p1b: Charizard|0 fnt
|faint|p1b: Charizard
|-damage|p2b: Garchomp|80/100|[from] item: Life Orb
|move|p2a: Charizard|Heat Wave|p1a: Venusaur
|-activate|p1a: Venusaur|move: Protect
|
|-weather|SunnyDay|[upkeep]
|upkeep
|
|t:|1784135058
|switch|p1b: Garchomp|Garchomp, L50, M|100/100
|turn|3
|
|t:|1784135076
|move|p1a: Venusaur|Solar Beam||[still]
|-prepare|p1a: Venusaur|Solar Beam
|-anim|p1a: Venusaur|Solar Beam|p2b: Garchomp
|-damage|p2b: Garchomp|0 fnt
|faint|p2b: Garchomp
|-damage|p1a: Venusaur|44/100|[from] item: Life Orb
|move|p1b: Garchomp|Rock Slide|p2a: Charizard
|-supereffective|p2a: Charizard|2
|-crit|p2a: Charizard
|-damage|p2a: Charizard|0 fnt
|faint|p2a: Charizard
|
|-weather|SunnyDay|[upkeep]
|upkeep
|
|t:|1784135086
|switch|p2b: Floette|Floette-Eternal, L50, F|100/100
|turn|4
|
|t:|1784135094
|move|p2b: Floette|Protect|p2b: Floette
|-singleturn|p2b: Floette|Protect
|move|p1a: Venusaur|Sludge Bomb|p2b: Floette
|-activate|p2b: Floette|move: Protect
|move|p1b: Garchomp|Rock Slide|p2b: Floette
|-activate|p2b: Floette|move: Protect
|
|-weather|SunnyDay|[upkeep]
|upkeep
|turn|5
|
|t:|1784135098
|move|p2b: Floette|Protect||[still]
|-fail|p2b: Floette
|move|p1a: Venusaur|Sludge Bomb|p2b: Floette
|-supereffective|p2b: Floette|1
|-damage|p2b: Floette|0 fnt
|faint|p2b: Floette
|-damage|p1a: Venusaur|35/100|[from] item: Life Orb
|
|win|pawmifleet
|raw|pawmifleet's rating: 1178 → 1197(+19 for winning)
|raw|Giraldo567's rating: 1086 → 1069(-17 for losing)
