|j|☆The OG Trainer Red
|j|☆Plopy14
|html|The OG Trainer RedPlopy14    
|uhtml|bestof|Game 1 of a best-of-3
|t:|1785469904
|gametype|doubles
|player|p1|The OG Trainer Red|266|1135
|player|p2|Plopy14|bugcatcher|1226
|gen|9
|tier|[Gen 9 Champions] VGC 2026 Reg M-B (Bo3)
|rated|
|rule|Species Clause: Limit one of each Pokémon
|rule|Item Clause: Limit 1 of each item
|clearpoke
|poke|p1|Charizard, L50, F|
|poke|p1|Venusaur, L50, F|
|poke|p1|Garchomp, L50, F|
|poke|p1|Annihilape, L50, F|
|poke|p1|Ninetales-Alola, L50, F|
|poke|p1|Dragonite, L50, F|
|poke|p2|Toxapex, L50, F|
|poke|p2|Annihilape, L50, F|
|poke|p2|Incineroar, L50, F|
|poke|p2|Garchomp, L50, M|
|poke|p2|Venusaur, L50, F|
|poke|p2|Charizard, L50, F|
|teampreview|4
|showteam|p1|Charizard||CharizarditeY|Blaze|HeatWave,SolarBeam,AirSlash,Protect|Timid||F|||50|]Venusaur||WideLens|Chlorophyll|SleepPowder,SludgeBomb,GigaDrain,EarthPower|Modest||F|||50|]Garchomp||LifeOrb|RoughSkin|Earthquake,RockSlide,DragonClaw,Crunch|Jolly||F|||50|]Annihilape||SitrusBerry|Defiant|DrainPunch,RageFist,RockSlide,BulkUp|Jolly||F|||50|]Ninetales-Alola||FocusSash|SnowWarning|AuroraVeil,Blizzard,FreezeDry,Protect|Timid||F|||50|]Dragonite||Dragoninite|Multiscale|WeatherBall,Hurricane,DracoMeteor,Tailwind|Serious||F|||50|
|showteam|p2|Toxapex||Leftovers|Regenerator|WideGuard,Infestation,Toxic,BanefulBunker|Bold||F|||50|]Annihilape||FocusSash|Defiant|PhantomForce,CloseCombat,Taunt,Protect|Jolly||F|||50|]Incineroar||SitrusBerry|Intimidate|FlareBlitz,DarkestLariat,FakeOut,PartingShot|Careful||F|||50|]Garchomp||ChoiceScarf|RoughSkin|StompingTantrum,DragonClaw,RockSlide,Earthquake|Jolly||M|||50|]Venusaur||LifeOrb|Chlorophyll|SludgeBomb,SolarBeam,EarthPower,Protect|Modest||F|||50|]Charizard||CharizarditeY|Blaze|HeatWave,WeatherBall,HelpingHand,Protect|Modest||F|||50|
|inactive|Battle timer is ON: inactive players will automatically lose when time's up. (requested by The OG Trainer Red)
|inactive|Plopy14 has 60 seconds left.
|
|t:|1785469989
|teamsize|p1|4
|teamsize|p2|4
|start
|switch|p1a: Annihilape|Annihilape, L50, F|100/100
|switch|p1b: Ninetales|Ninetales-Alola, L50, F|100/100
|switch|p2a: Charizard|Charizard, L50, F|100/100
|switch|p2b: Incineroar|Incineroar, L50, F|100/100
|-weather|Snowscape|[from] ability: Snow Warning|[of] p1b: Ninetales
|-ability|p2b: Incineroar|Intimidate|boost
|-unboost|p1a: Annihilape|atk|1
|-ability|p1a: Annihilape|Defiant|boost
|-boost|p1a: Annihilape|atk|2
|-unboost|p1b: Ninetales|atk|1
|turn|1
|j| Tindall64
|l| Tindall64
|
|t:|1785470006
|switch|p2a: Toxapex|Toxapex, L50, F|100/100
|move|p1b: Ninetales|Protect|p1b: Ninetales
|-singleturn|p1b: Ninetales|Protect
|move|p1a: Annihilape|Rock Slide|p2a: Toxapex|[spread] p2a,p2b
|-supereffective|p2b: Incineroar|1
|-damage|p2a: Toxapex|83/100
|-damage|p2b: Incineroar|52/100
|move|p2b: Incineroar|Parting Shot|p1b: Ninetales
|-activate|p1b: Ninetales|move: Protect
|
|-weather|Snowscape|[upkeep]
|-heal|p2a: Toxapex|89/100|[from] item: Leftovers
|upkeep
|turn|2
|inactive|Plopy14 has 30 seconds left.
|inactive|Plopy14 has 20 seconds left.
|
|t:|1785470042
|switch|p2b: Charizard|Charizard, L50, F|100/100
|move|p1b: Ninetales|Aurora Veil|p1b: Ninetales
|-sidestart|p1: The OG Trainer Red|move: Aurora Veil
|move|p1a: Annihilape|Drain Punch|p2b: Charizard
|-resisted|p2b: Charizard|1
|-damage|p2b: Charizard|72/100
|move|p2a: Toxapex|Toxic|p1a: Annihilape
|-status|p1a: Annihilape|tox
|
|-weather|Snowscape|[upkeep]
|-heal|p2a: Toxapex|94/100|[from] item: Leftovers
|-damage|p1a: Annihilape|94/100 tox|[from] psn
|upkeep
|turn|3
|inactive|Plopy14 has 30 seconds left.
|
|t:|1785470075
|switch|p1b: Garchomp|Garchomp, L50, F|100/100
|detailschange|p2b: Charizard|Charizard-Mega-Y, L50, F
|-mega|p2b: Charizard|Charizard|Charizardite Y
|-weather|SunnyDay|[from] ability: Drought|[of] p2b: Charizard
|move|p2a: Toxapex|Wide Guard|p2a: Toxapex
|-singleturn|p2a: Toxapex|Wide Guard
|move|p1a: Annihilape|Rock Slide|p2b: Charizard|[spread] 
|-activate|p2a: Toxapex|move: Wide Guard
|-activate|p2b: Charizard|move: Wide Guard
|move|p2b: Charizard|Heat Wave|p1b: Garchomp|[spread] p1b
|-miss|p2b: Charizard|p1a: Annihilape
|-resisted|p1b: Garchomp|1
|-damage|p1b: Garchomp|76/100
|
|-weather|SunnyDay|[upkeep]
|-heal|p2a: Toxapex|100/100|[from] item: Leftovers
|-damage|p1a: Annihilape|82/100 tox|[from] psn
|upkeep
|turn|4
|inactive|Plopy14 has 30 seconds left.
|
|t:|1785470101
|switch|p1b: Ninetales|Ninetales-Alola, L50, F|100/100
|-weather|Snowscape|[from] ability: Snow Warning|[of] p1b: Ninetales
|move|p2b: Charizard|Protect|p2b: Charizard
|-singleturn|p2b: Charizard|Protect
|move|p2a: Toxapex|Baneful Bunker||[still]
|-fail|p2a: Toxapex
|move|p1a: Annihilape|Rage Fist|p2b: Charizard
|-activate|p2b: Charizard|move: Protect
|
|-weather|Snowscape|[upkeep]
|-damage|p1a: Annihilape|64/100 tox|[from] psn
|upkeep
|turn|5
|inactive|Plopy14 has 30 seconds left.
|
|t:|1785470135
|move|p2a: Toxapex|Wide Guard|p2a: Toxapex
|-singleturn|p2a: Toxapex|Wide Guard
|move|p1b: Ninetales|Freeze-Dry|p2a: Toxapex
|-supereffective|p2a: Toxapex|1
|-damage|p2a: Toxapex|60/100
|move|p1a: Annihilape|Rock Slide|p2b: Charizard|[spread] 
|-activate|p2a: Toxapex|move: Wide Guard
|-activate|p2b: Charizard|move: Wide Guard
|move|p2b: Charizard|Heat Wave|p1a: Annihilape|[spread] p1a,p1b
|-supereffective|p1b: Ninetales|1
|-damage|p1a: Annihilape|38/100 tox
|-damage|p1b: Ninetales|32/100
|-enditem|p1a: Annihilape|Sitrus Berry|[eat]
|-heal|p1a: Annihilape|63/100 tox|[from] item: Sitrus Berry
|
|-weather|Snowscape|[upkeep]
|-heal|p2a: Toxapex|66/100|[from] item: Leftovers
|-damage|p1a: Annihilape|39/100 tox|[from] psn
|upkeep
|turn|6
|inactive|The OG Trainer Red has 30 seconds left.
|inactive|Plopy14 has 30 seconds left.
|inactive|Plopy14 has 20 seconds left.
|inactive|Plopy14 has 15 seconds left.
|
|t:|1785470177
|move|p1b: Ninetales|Freeze-Dry|p2a: Toxapex
|-supereffective|p2a: Toxapex|1
|-damage|p2a: Toxapex|24/100
|move|p1a: Annihilape|Rock Slide|p2a: Toxapex|[spread] p2a,p2b
|-supereffective|p2b: Charizard|2
|-damage|p2a: Toxapex|6/100
|-damage|p2b: Charizard|0 fnt
|faint|p2b: Charizard
|move|p2a: Toxapex|Infestation|p1a: Annihilape
|-resisted|p1a: Annihilape|2
|-damage|p1a: Annihilape|39/100 tox
|-activate|p1a: Annihilape|move: Infestation|[of] p2a: Toxapex
|
|-weather|Snowscape|[upkeep]
|-heal|p2a: Toxapex|12/100|[from] item: Leftovers
|-damage|p1a: Annihilape|9/100 tox|[from] psn
|-damage|p1a: Annihilape|0 fnt|[from] move: Infestation|[partiallytrapped]
|faint|p1a: Annihilape
|-sideend|p1: The OG Trainer Red|move: Aurora Veil
|upkeep
|inactive|Plopy14 has 30 seconds left.
|
|t:|1785470210
|switch|p1a: Garchomp|Garchomp, L50, F|76/100
|switch|p2b: Incineroar|Incineroar, L50, F|52/100
|-ability|p2b: Incineroar|Intimidate|boost
|-unboost|p1a: Garchomp|atk|1
|-unboost|p1b: Ninetales|atk|1
|turn|7
|
|t:|1785470226
|switch|p1a: Dragonite|Dragonite, L50, F|100/100
|move|p2a: Toxapex|Wide Guard|p2a: Toxapex
|-singleturn|p2a: Toxapex|Wide Guard
|move|p1b: Ninetales|Aurora Veil|p1b: Ninetales
|-sidestart|p1: The OG Trainer Red|move: Aurora Veil
|move|p2b: Incineroar|Parting Shot|p1a: Dragonite
|-unboost|p1a: Dragonite|atk|1
|-unboost|p1a: Dragonite|spa|1
|
|t:|1785470232
|switch|p2b: Garchomp|Garchomp, L50, M|100/100|[from] Parting Shot
|
|-weather|Snowscape|[upkeep]
|-heal|p2a: Toxapex|17/100|[from] item: Leftovers
|upkeep
|turn|8
|
|t:|1785470252
|detailschange|p1a: Dragonite|Dragonite-Mega, L50, F
|-mega|p1a: Dragonite|Dragonite|Dragoninite
|move|p2b: Garchomp|Rock Slide|p1b: Ninetales|[spread] p1a,p1b
|-supereffective|p1a: Dragonite|1
|-supereffective|p1b: Ninetales|1
|-damage|p1a: Dragonite|89/100
|-damage|p1b: Ninetales|3/100
|move|p1b: Ninetales|Freeze-Dry|p2a: Toxapex
|-supereffective|p2a: Toxapex|1
|-damage|p2a: Toxapex|0 fnt
|faint|p2a: Toxapex
|move|p1a: Dragonite|Draco Meteor|p2b: Garchomp
|-supereffective|p2b: Garchomp|1
|-damage|p2b: Garchomp|1/100
|-unboost|p1a: Dragonite|spa|2
|
|-weather|none
|upkeep
|
|t:|1785470258
|switch|p2a: Incineroar|Incineroar, L50, F|52/100
|-ability|p2a: Incineroar|Intimidate|boost
|-unboost|p1a: Dragonite|atk|1
|-unboost|p1b: Ninetales|atk|1
|turn|9
|-message|Plopy14 forfeited.
|
|win|The OG Trainer Red
