|j|☆tonsofpax
|j|☆themadshow
|html|tonsofpaxthemadshow    
|uhtml|bestof|Game 1 of a best-of-3
|t:|1756747516
|gametype|doubles
|player|p1|tonsofpax|bellelba|
|player|p2|themadshow|1|
|gen|9
|tier|[Gen 9] VGC 2025 Reg H (Bo3)
|rule|Species Clause: Limit one of each Pokémon
|rule|Item Clause: Limit 1 of each item
|clearpoke
|poke|p1|Indeedee-F, L50, F|
|poke|p1|Oricorio-Sensu, L50, F|
|poke|p1|Tauros-Paldea-Blaze, L50, M|
|poke|p1|Gastrodon-East, L50, F|
|poke|p1|Ribombee, L50, M|
|poke|p1|Raichu, L50, M|
|poke|p2|Torkoal, L50, M|
|poke|p2|Lilligant-Hisui, L50, F|
|poke|p2|Maushold, L50|
|poke|p2|Zebstrika, L50, M|
|poke|p2|Clefairy, L50, M|
|poke|p2|Gastrodon, L50, F|
|teampreview|4
|showteam|p1|Indeedee-F||RockyHelmet|PsychicSurge|FollowMe,TrickRoom,DazzlingGleam,HelpingHand|||F|||50|,,,,,Grass]Oricorio-Sensu||LifeOrb|Dancer|RevelationDance,AirSlash,QuiverDance,Protect|||F|||50|,,,,,Grass]Tauros-Paldea-Blaze||SafetyGoggles|Intimidate|FlareBlitz,CloseCombat,Protect,RagingBull|||M|||50|,,,,,Fire]Gastrodon-East||SitrusBerry|StormDrain|ClearSmog,EarthPower,Yawn,Protect|||F|||50|,,,,,Ghost]Ribombee||FocusSash|ShieldDust|Tailwind,QuiverDance,PollenPuff,Moonblast|||M|||50|,,,,,Fairy]Raichu||AssaultVest|LightningRod|FakeOut,Nuzzle,KnockOff,VoltSwitch|||M|||50|,,,,,Ghost
|showteam|p2|Torkoal||Charcoal|Drought|Protect,Eruption,HeatWave,EarthPower|||M|||50|,,,,,Fire]Lilligant-Hisui||FocusSash|Chlorophyll|AfterYou,SleepPowder,PetalBlizzard,CloseCombat|||F|||50|,,,,,Ghost]Maushold||WideLens|Technician|PopulationBomb,Bite,Feint,Protect||||||50|,,,,,Normal]Zebstrika||LifeOrb|SapSipper|VoltSwitch,HighHorsepower,WildCharge,FlameCharge|||M|||50|,,,,,Ground]Clefairy||Eviolite|FriendGuard|FollowMe,LifeDew,HelpingHand,Protect|||M|||50|,,,,,Ghost]Gastrodon||Leftovers|StormDrain|ClearSmog,IcyWind,Yawn,Protect|||F|||50|,,,,,Poison
|c|☆tonsofpax|Glhf
|inactive|Battle timer is ON: inactive players will automatically lose when time's up. (requested by tonsofpax)
|c|☆themadshow|u2
|inactive|tonsofpax has 60 seconds left.
|
|t:|1756747573
|teamsize|p1|4
|teamsize|p2|4
|start
|switch|p1a: Oriconsensus|Oricorio-Sensu, L50, F|100/100
|switch|p1b: Ribombagree|Ribombee, L50, M, shiny|100/100
|switch|p2a: Torkoal|Torkoal, L50, M|100/100
|switch|p2b: Lilligant|Lilligant-Hisui, L50, F|100/100
|-weather|SunnyDay|[from] ability: Drought|[of] p2a: Torkoal
|turn|1
|inactive|themadshow has 30 seconds left.
|inactive|themadshow has 20 seconds left.
|inactive|themadshow has 15 seconds left.
|inactive|themadshow has 10 seconds left.
|inactive|themadshow has 5 seconds left.
|
|t:|1756747624
|move|p1a: Oriconsensus|Protect|p1a: Oriconsensus
|-singleturn|p1a: Oriconsensus|Protect
|move|p2b: Lilligant|After You|p2a: Torkoal
|-activate|p2a: Torkoal|move: After You
|move|p2a: Torkoal|Eruption|p1a: Oriconsensus|[spread] p1b
|-activate|p1a: Oriconsensus|move: Protect
|-supereffective|p1b: Ribombagree
|-enditem|p1b: Ribombagree|Focus Sash
|-damage|p1b: Ribombagree|1/100
|move|p1b: Ribombagree|Tailwind|p1b: Ribombagree
|-sidestart|p1: tonsofpax|move: Tailwind
|
|-weather|SunnyDay|[upkeep]
|upkeep
|turn|2
|
|t:|1756747647
|move|p1b: Ribombagree|Quiver Dance|p1b: Ribombagree
|-boost|p1b: Ribombagree|spa|1
|-boost|p1b: Ribombagree|spd|1
|-boost|p1b: Ribombagree|spe|1
|-activate|p1a: Oriconsensus|ability: Dancer
|move|p1a: Oriconsensus|Quiver Dance|p1a: Oriconsensus|[from] ability: Dancer
|-boost|p1a: Oriconsensus|spa|1
|-boost|p1a: Oriconsensus|spd|1
|-boost|p1a: Oriconsensus|spe|1
|move|p1a: Oriconsensus|Revelation Dance|p2a: Torkoal
|-damage|p2a: Torkoal|0 fnt
|faint|p2a: Torkoal
|-damage|p1a: Oriconsensus|91/100|[from] item: Life Orb
|move|p2b: Lilligant|After You|p2: Torkoal|[notarget]
|-fail|p2b: Lilligant
|
|-weather|SunnyDay|[upkeep]
|upkeep
|
|t:|1756747664
|switch|p2a: Zebstrika|Zebstrika, L50, M|100/100
|turn|3
|
|t:|1756747684
|move|p1b: Ribombagree|Moonblast|p2b: Lilligant
|-supereffective|p2b: Lilligant
|-enditem|p2b: Lilligant|Focus Sash
|-damage|p2b: Lilligant|1/100
|move|p1a: Oriconsensus|Revelation Dance|p2b: Lilligant
|-damage|p2b: Lilligant|0 fnt
|faint|p2b: Lilligant
|-damage|p1a: Oriconsensus|81/100|[from] item: Life Orb
|move|p2a: Zebstrika|Wild Charge|p1a: Oriconsensus
|-supereffective|p1a: Oriconsensus
|-damage|p1a: Oriconsensus|0 fnt
|faint|p1a: Oriconsensus
|-damage|p2a: Zebstrika|78/100|[from] Recoil
|-damage|p2a: Zebstrika|68/100|[from] item: Life Orb
|
|-weather|SunnyDay|[upkeep]
|upkeep
|
|t:|1756747702
|switch|p2b: Clefairy|Clefairy, L50, M|100/100
|switch|p1a: Truthos|Tauros-Paldea-Blaze, L50, M|100/100
|-ability|p1a: Truthos|Intimidate|boost
|-unboost|p2a: Zebstrika|atk|1
|-unboost|p2b: Clefairy|atk|1
|turn|4
|inactive|tonsofpax has 30 seconds left.
|inactive|themadshow has 30 seconds left.
|inactive|tonsofpax has 20 seconds left.
|
|t:|1756747741
|move|p1b: Ribombagree|Moonblast|p2a: Zebstrika
|-damage|p2a: Zebstrika|0 fnt
|faint|p2a: Zebstrika
|move|p1a: Truthos|Flare Blitz|p2b: Clefairy
|-damage|p2b: Clefairy|4/100
|-damage|p1a: Truthos|63/100|[from] Recoil
|move|p2b: Clefairy|Life Dew|p2b: Clefairy
|-heal|p2b: Clefairy|29/100
|
|-weather|SunnyDay|[upkeep]
|-sideend|p1: tonsofpax|move: Tailwind
|upkeep
|turn|5
|
|t:|1756747756
|move|p2b: Clefairy|Protect|p2b: Clefairy
|-singleturn|p2b: Clefairy|Protect
|move|p1b: Ribombagree|Moonblast|p2b: Clefairy
|-activate|p2b: Clefairy|move: Protect
|move|p1a: Truthos|Flare Blitz|p2b: Clefairy
|-activate|p2b: Clefairy|move: Protect
|
|-weather|none
|upkeep
|turn|6
|
|t:|1756747764
|move|p2b: Clefairy|Protect||[still]
|-fail|p2b: Clefairy
|move|p1b: Ribombagree|Moonblast|p2b: Clefairy
|-damage|p2b: Clefairy|0 fnt
|faint|p2b: Clefairy
|
|win|tonsofpax
||tonsofpax is ready for game 2.
||themadshow is ready for game 2.
|uhtml|next|Next: Game 2 of 3
|l|☆themadshow
|player|p2|
