|j|☆importarcade
|j|☆Aaroneplayz
|html|importarcadeAaroneplayz    
|uhtml|bestof|Game 2 of a best-of-3
|t:|1784688725
|gametype|doubles
|player|p1|importarcade|ethan|1098
|player|p2|Aaroneplayz|170|1000
|gen|9
|tier|[Gen 9 Champions] VGC 2026 Reg M-B (Bo3)
|rated|
|rule|Species Clause: Limit one of each Pokémon
|rule|Item Clause: Limit 1 of each item
|clearpoke
|poke|p1|Sneasler, L50, M|
|poke|p1|Blastoise, L50, M|
|poke|p1|Kingambit, L50, M|
|poke|p1|Incineroar, L50, M|
|poke|p1|Delphox, L50, F|
|poke|p1|Sinistcha, L50|
|poke|p2|Gengar, L50, M|
|poke|p2|Archaludon, L50, M|
|poke|p2|Politoed, L50, F|
|poke|p2|Swampert, L50, M|
|poke|p2|Vivillon-Fancy, L50, M|
|poke|p2|Incineroar, L50, F|
|teampreview|4
|showteam|p1|Sneasler||FocusSash|PoisonTouch|PoisonJab,CloseCombat,FakeOut,QuickGuard|Jolly||M|||50|]Blastoise||Blastoisinite|RainDish|DarkPulse,WaterSpout,ShellSmash,Protect|Modest||M|||50|]Kingambit||BlackGlasses|Defiant|KowtowCleave,SuckerPunch,SwordsDance,Protect|Adamant||M|||50|]Incineroar||SitrusBerry|Intimidate|FlareBlitz,HelpingHand,PartingShot,FakeOut|Careful||M|||50|]Delphox||Delphoxite|Blaze|HeatWave,NastyPlot,Psyshock,Protect|Modest||F|||50|]Sinistcha||KasibBerry|Hospitality|MatchaGotcha,RagePowder,TrickRoom,Protect|Bold|||||50|
|showteam|p2|Gengar||Gengarite|CursedBody|ShadowBall,SludgeBomb,PerishSong,Protect|Modest||M|||50|]Archaludon||Leftovers|Stamina|ElectroShot,DragonPulse,FlashCannon,Protect|Bold||M|||50|]Politoed||SitrusBerry|Drizzle|WeatherBall,Hypnosis,PerishSong,Protect|Calm||F|||50|]Swampert||Swampertite|Torrent|WaveCrash,Earthquake,IcePunch,Protect|Adamant||M|||50|]Vivillon-Fancy||FocusSash|CompoundEyes|Hurricane,SleepPowder,RagePowder,Protect|Timid||M|||50|]Incineroar||PasshoBerry|Intimidate|FakeOut,PartingShot,DarkestLariat,Protect|Impish||F|||50|
|
|t:|1784688751
|teamsize|p1|4
|teamsize|p2|4
|start
|switch|p1a: Blastoise|Blastoise, L50, M|100/100
|switch|p1b: Sneasler|Sneasler, L50, M|100/100
|switch|p2a: Swampert|Swampert, L50, M|100/100
|switch|p2b: Vivillon|Vivillon-Fancy, L50, M|100/100
|turn|1
|
|t:|1784688774
|detailschange|p1a: Blastoise|Blastoise-Mega, L50, M
|-mega|p1a: Blastoise|Blastoise|Blastoisinite
|detailschange|p2a: Swampert|Swampert-Mega, L50, M
|-mega|p2a: Swampert|Swampert|Swampertite
|move|p2b: Vivillon|Protect|p2b: Vivillon
|-singleturn|p2b: Vivillon|Protect
|move|p1b: Sneasler|Fake Out|p2b: Vivillon
|-activate|p2b: Vivillon|move: Protect
|move|p1a: Blastoise|Shell Smash|p1a: Blastoise
|-unboost|p1a: Blastoise|def|1
|-unboost|p1a: Blastoise|spd|1
|-boost|p1a: Blastoise|atk|2
|-boost|p1a: Blastoise|spa|2
|-boost|p1a: Blastoise|spe|2
|move|p2a: Swampert|Earthquake|p1b: Sneasler|[spread] p1a,p1b
|-activate|p2b: Vivillon|move: Protect
|-supereffective|p1b: Sneasler|1
|-damage|p1a: Blastoise|27/100
|-enditem|p1b: Sneasler|Focus Sash
|-damage|p1b: Sneasler|1/100
|
|upkeep
|turn|2
|
|t:|1784688816
|switch|p2b: Archaludon|Archaludon, L50, M|100/100
|move|p1a: Blastoise|Dark Pulse|p2a: Swampert
|-damage|p2a: Swampert|7/100
|move|p1b: Sneasler|Poison Jab|p2b: Archaludon
|-immune|p2b: Archaludon
|move|p2a: Swampert|Earthquake|p1a: Blastoise|[spread] p2b,p1a,p1b
|-supereffective|p2b: Archaludon|1
|-supereffective|p1b: Sneasler|1
|-crit|p1b: Sneasler
|-damage|p2b: Archaludon|35/100
|-damage|p1a: Blastoise|0 fnt
|-damage|p1b: Sneasler|0 fnt
|-ability|p2b: Archaludon|Stamina|boost
|-boost|p2b: Archaludon|def|1
|faint|p1a: Blastoise
|faint|p1b: Sneasler
|
|-heal|p2b: Archaludon|41/100|[from] item: Leftovers
|upkeep
|
|t:|1784688833
|switch|p1b: Kingambit|Kingambit, L50, M|100/100
|switch|p1a: Sinistcha|Sinistcha, L50|100/100
|turn|3
|
|t:|1784688853
|switch|p2a: Politoed|Politoed, L50, F|100/100
|-weather|RainDance|[from] ability: Drizzle|[of] p2a: Politoed
|move|p1b: Kingambit|Sucker Punch||[still]
|-fail|p1b: Kingambit
|move|p2b: Archaludon|Electro Shot||[still]
|-prepare|p2b: Archaludon|Electro Shot
|-boost|p2b: Archaludon|spa|1
|-anim|p2b: Archaludon|Electro Shot|p1b: Kingambit
|-damage|p1b: Kingambit|57/100
|move|p1a: Sinistcha|Matcha Gotcha|p2a: Politoed|[spread] p2b
|-miss|p1a: Sinistcha|p2a: Politoed
|-resisted|p2b: Archaludon|2
|-damage|p2b: Archaludon|36/100
|-ability|p2b: Archaludon|Stamina|boost
|-boost|p2b: Archaludon|def|1
|
|-weather|RainDance|[upkeep]
|-heal|p2b: Archaludon|42/100|[from] item: Leftovers
|upkeep
|turn|4
|
|t:|1784688882
|move|p1a: Sinistcha|Rage Powder|p1a: Sinistcha
|-singleturn|p1a: Sinistcha|move: Rage Powder
|move|p2b: Archaludon|Electro Shot||[still]
|-prepare|p2b: Archaludon|Electro Shot
|-boost|p2b: Archaludon|spa|1
|-anim|p2b: Archaludon|Electro Shot|p1a: Sinistcha
|-resisted|p1a: Sinistcha|1
|-crit|p1a: Sinistcha
|-damage|p1a: Sinistcha|48/100
|move|p2a: Politoed|Perish Song|p2a: Politoed
|-start|p1a: Sinistcha|perish3|[silent]
|-start|p1b: Kingambit|perish3|[silent]
|-start|p2a: Politoed|perish3|[silent]
|-start|p2b: Archaludon|perish3|[silent]
|-fieldactivate|move: Perish Song
|move|p1b: Kingambit|Kowtow Cleave|p2a: Politoed
|-damage|p2a: Politoed|48/100
|-enditem|p2a: Politoed|Sitrus Berry|[eat]
|-heal|p2a: Politoed|73/100|[from] item: Sitrus Berry
|
|-weather|RainDance|[upkeep]
|-heal|p2b: Archaludon|48/100|[from] item: Leftovers
|-start|p2b: Archaludon|perish3
|-start|p2a: Politoed|perish3
|-start|p1a: Sinistcha|perish3
|-start|p1b: Kingambit|perish3
|upkeep
|turn|5
|
|t:|1784688909
|move|p2b: Archaludon|Electro Shot||[still]
|-prepare|p2b: Archaludon|Electro Shot
|-boost|p2b: Archaludon|spa|1
|-anim|p2b: Archaludon|Electro Shot|p1b: Kingambit
|-damage|p1b: Kingambit|0 fnt
|faint|p1b: Kingambit
|move|p1a: Sinistcha|Matcha Gotcha|p2a: Politoed|[spread] p2b
|-miss|p1a: Sinistcha|p2a: Politoed
|-resisted|p2b: Archaludon|2
|-damage|p2b: Archaludon|42/100
|-heal|p1a: Sinistcha|52/100|[from] drain|[of] p2b: Archaludon
|-ability|p2b: Archaludon|Stamina|boost
|-boost|p2b: Archaludon|def|1
|move|p2a: Politoed|Hypnosis|p1a: Sinistcha
|-status|p1a: Sinistcha|slp|[from] move: Hypnosis
|
|-weather|RainDance|[upkeep]
|-heal|p2b: Archaludon|48/100|[from] item: Leftovers
|-start|p2b: Archaludon|perish2
|-start|p1a: Sinistcha|perish2
|-start|p2a: Politoed|perish2
|upkeep
|turn|6
|-message|importarcade forfeited.
|
|win|Aaroneplayz
||Aaroneplayz is ready for game 3.
||importarcade is ready for game 3.
|uhtml|next|Next: Game 3 of 3
|l|☆Aaroneplayz
|player|p2|
