|j|☆crimsonkidd
|j|☆WeVibein
|html|crimsonkiddWeVibein    
|uhtml|bestof|Game 2 of a best-of-3
|t:|1756259371
|gametype|doubles
|player|p1|crimsonkidd|lance|1118
|player|p2|WeVibein|2|1101
|gen|9
|tier|[Gen 9] VGC 2025 Reg H (Bo3)
|rated|
|rule|Species Clause: Limit one of each Pokémon
|rule|Item Clause: Limit 1 of each item
|clearpoke
|poke|p1|Tyranitar, L50, F|
|poke|p1|Garchomp, L50, F|
|poke|p1|Gyarados, L50, M|
|poke|p1|Amoonguss, L50, F|
|poke|p1|Volcarona, L50, M|
|poke|p1|Kilowattrel, L50, F|
|poke|p2|Ursaluna, L50, F|
|poke|p2|Torkoal, L50, F|
|poke|p2|Porygon2, L50|
|poke|p2|Dragonite, L50, M|
|poke|p2|Incineroar, L50, M|
|poke|p2|Amoonguss, L50, F|
|teampreview|4
|showteam|p1|Tyranitar||AssaultVest|SandStream|KnockOff,RockSlide,TeraBlast,LowKick|||F|||50|,,,,,Flying]Garchomp||LifeOrb|SandVeil|Earthquake,SwordsDance,Protect,DragonClaw|||F|||50|,,,,,Ground]Gyarados||SafetyGoggles|Intimidate|Waterfall,ThunderWave,Taunt,Protect|||M|||50|,,,,,Steel]Amoonguss||SitrusBerry|Regenerator|RagePowder,Spore,PollenPuff,ClearSmog|||F|||50|,,,,,Water]Volcarona||Leftovers|FlameBody|QuiverDance,HeatWave,GigaDrain,Protect|||M|||50|,,,,,Grass]Kilowattrel||FocusSash|Competitive|Thunderbolt,Tailwind,AirSlash,Protect|||F|||50|,,,,,Ghost
|showteam|p2|Ursaluna||FlameOrb|Guts|Facade,HeadlongRush,CloseCombat,Protect|||F|||50|,,,,,Normal]Torkoal||Charcoal|Drought|Eruption,HeatWave,EarthPower,Protect|||F|||50|,,,,,Fire]Porygon2||Eviolite|Download|TeraBlast,TrickRoom,Thunderbolt,Protect||||||50|,,,,,Water]Dragonite||LoadedDice|Multiscale|ScaleShot,ExtremeSpeed,IceSpinner,Protect|||M|||50|,,,,,Normal]Incineroar||SafetyGoggles|Intimidate|FlareBlitz,KnockOff,PartingShot,FakeOut|||M|||50|,,,,,Grass]Amoonguss||RockyHelmet|Regenerator|Spore,RagePowder,GigaDrain,Protect|||F|||50|,,,,,Water
|j| teamthief420
|
|t:|1756259425
|teamsize|p1|4
|teamsize|p2|4
|start
|switch|p1a: Gyarados|Gyarados, L50, M|100/100
|switch|p1b: Amoonguss|Amoonguss, L50, F, shiny|100/100
|switch|p2a: Porygon2|Porygon2, L50|100/100
|switch|p2b: Incineroar|Incineroar, L50, M|100/100
|-ability|p1a: Gyarados|Intimidate|boost
|-unboost|p2a: Porygon2|atk|1
|-unboost|p2b: Incineroar|atk|1
|-ability|p2b: Incineroar|Intimidate|boost
|-unboost|p1a: Gyarados|atk|1
|-unboost|p1b: Amoonguss|atk|1
|-ability|p2a: Porygon2|Download|boost
|-boost|p2a: Porygon2|atk|1
|turn|1
|inactive|Battle timer is ON: inactive players will automatically lose when time's up. (requested by crimsonkidd)
|
|t:|1756259454
|move|p2a: Porygon2|Protect|p2a: Porygon2
|-singleturn|p2a: Porygon2|Protect
|move|p1a: Gyarados|Taunt|p2a: Porygon2
|-activate|p2a: Porygon2|move: Protect
|move|p2b: Incineroar|Flare Blitz|p1b: Amoonguss
|-supereffective|p1b: Amoonguss
|-damage|p1b: Amoonguss|35/100
|-status|p1b: Amoonguss|brn
|-enditem|p1b: Amoonguss|Sitrus Berry|[eat]
|-heal|p1b: Amoonguss|60/100 brn|[from] item: Sitrus Berry
|-damage|p2b: Incineroar|73/100|[from] Recoil
|move|p1b: Amoonguss|Spore|p2a: Porygon2
|-activate|p2a: Porygon2|move: Protect
|
|-damage|p1b: Amoonguss|53/100 brn|[from] brn
|upkeep
|turn|2
|inactive|crimsonkidd has 30 seconds left.
|
|t:|1756259483
|-terastallize|p1b: Amoonguss|Water
|move|p1a: Gyarados|Protect|p1a: Gyarados
|-singleturn|p1a: Gyarados|Protect
|move|p2b: Incineroar|Flare Blitz|p1b: Amoonguss
|-resisted|p1b: Amoonguss
|-damage|p1b: Amoonguss|36/100 brn
|-damage|p2b: Incineroar|66/100|[from] Recoil
|move|p2a: Porygon2|Thunderbolt|p1a: Gyarados
|-activate|p1a: Gyarados|move: Protect
|move|p1b: Amoonguss|Spore|p2a: Porygon2
|-status|p2a: Porygon2|slp|[from] move: Spore
|
|-damage|p1b: Amoonguss|30/100 brn|[from] brn
|upkeep
|turn|3
|inactive|crimsonkidd has 30 seconds left.
|inactive|WeVibein has 30 seconds left.
|inactive|crimsonkidd has 20 seconds left.
|
|t:|1756259523
|switch|p1b: Volcarona|Volcarona, L50, M|100/100
|move|p1a: Gyarados|Waterfall|p2b: Incineroar
|-supereffective|p2b: Incineroar
|-damage|p2b: Incineroar|10/100
|move|p2b: Incineroar|Knock Off|p1b: Volcarona
|-damage|p1b: Volcarona|62/100
|-enditem|p1b: Volcarona|Leftovers|[from] move: Knock Off|[of] p2b: Incineroar
|cant|p2a: Porygon2|slp
|
|upkeep
|turn|4
|l| teamthief420
|inactive|crimsonkidd has 30 seconds left.
|inactive|WeVibein has 30 seconds left.
|
|t:|1756259552
|move|p1b: Volcarona|Giga Drain|p2b: Incineroar
|-resisted|p2b: Incineroar
|-damage|p2b: Incineroar|0 fnt
|-heal|p1b: Volcarona|66/100|[from] drain|[of] p2b: Incineroar
|faint|p2b: Incineroar
|move|p1a: Gyarados|Taunt|p2a: Porygon2
|-start|p2a: Porygon2|move: Taunt
|cant|p2a: Porygon2|slp
|
|upkeep
|
|t:|1756259565
|switch|p2b: Ursaluna|Ursaluna, L50, F, shiny|100/100
|turn|5
|inactive|crimsonkidd has 30 seconds left.
|inactive|crimsonkidd has 20 seconds left.
|inactive|crimsonkidd has 15 seconds left.
|
|t:|1756259609
|switch|p1a: Amoonguss|Amoonguss, L50, F, shiny, tera:Water|63/100 brn
|move|p2b: Ursaluna|Protect|p2b: Ursaluna
|-singleturn|p2b: Ursaluna|Protect
|move|p1b: Volcarona|Quiver Dance|p1b: Volcarona
|-boost|p1b: Volcarona|spa|1
|-boost|p1b: Volcarona|spd|1
|-boost|p1b: Volcarona|spe|1
|cant|p2a: Porygon2|slp
|
|-damage|p1a: Amoonguss|57/100 brn|[from] brn
|-status|p2b: Ursaluna|brn|[from] item: Flame Orb
|upkeep
|turn|6
|
|t:|1756259633
|-terastallize|p2b: Ursaluna|Normal
|move|p1a: Amoonguss|Rage Powder|p1a: Amoonguss
|-singleturn|p1a: Amoonguss|move: Rage Powder
|move|p1b: Volcarona|Heat Wave|p2a: Porygon2|[spread] p2a,p2b
|-damage|p2a: Porygon2|63/100 slp
|-damage|p2b: Ursaluna|58/100 brn
|-curestatus|p2a: Porygon2|slp|[msg]
|move|p2a: Porygon2|Thunderbolt|p1a: Amoonguss
|-supereffective|p1a: Amoonguss
|-damage|p1a: Amoonguss|10/100 brn
|move|p2b: Ursaluna|Facade|p1a: Amoonguss
|-damage|p1a: Amoonguss|0 fnt
|faint|p1a: Amoonguss
|
|-damage|p2b: Ursaluna|52/100 brn|[from] brn
|-end|p2a: Porygon2|move: Taunt
|upkeep
|
|t:|1756259645
|switch|p1a: Gyarados|Gyarados, L50, M|100/100
|-ability|p1a: Gyarados|Intimidate|boost
|-unboost|p2a: Porygon2|atk|1
|-unboost|p2b: Ursaluna|atk|1
|turn|7
|inactive|WeVibein has 30 seconds left.
|inactive|WeVibein has 20 seconds left.
|inactive|WeVibein has 15 seconds left.
|
|t:|1756259686
|move|p1b: Volcarona|Giga Drain|p2b: Ursaluna
|-damage|p2b: Ursaluna|21/100 brn
|-heal|p1b: Volcarona|85/100|[from] drain|[of] p2b: Ursaluna
|move|p1a: Gyarados|Taunt|p2a: Porygon2
|-start|p2a: Porygon2|move: Taunt
|move|p2a: Porygon2|Thunderbolt|p1a: Gyarados
|-supereffective|p1a: Gyarados
|-damage|p1a: Gyarados|9/100
|move|p2b: Ursaluna|Facade|p1b: Volcarona
|-damage|p1b: Volcarona|0 fnt
|faint|p1b: Volcarona
|
|-damage|p2b: Ursaluna|15/100 brn|[from] brn
|upkeep
|
|t:|1756259698
|switch|p1b: Tyranitar|Tyranitar, L50, F, shiny|100/100
|-weather|Sandstorm|[from] ability: Sand Stream|[of] p1b: Tyranitar
|turn|8
|inactive|crimsonkidd has 30 seconds left.
|
|t:|1756259729
|switch|p2a: Torkoal|Torkoal, L50, F|100/100
|-weather|SunnyDay|[from] ability: Drought|[of] p2a: Torkoal
|move|p2b: Ursaluna|Protect|p2b: Ursaluna
|-singleturn|p2b: Ursaluna|Protect
|move|p1a: Gyarados|Waterfall|p2b: Ursaluna
|-activate|p2b: Ursaluna|move: Protect
|move|p1b: Tyranitar|Knock Off|p2a: Torkoal
|-damage|p2a: Torkoal|53/100
|-enditem|p2a: Torkoal|Charcoal|[from] move: Knock Off|[of] p1b: Tyranitar
|
|-weather|SunnyDay|[upkeep]
|-damage|p2b: Ursaluna|9/100 brn|[from] brn
|upkeep
|turn|9
|inactive|crimsonkidd has 30 seconds left.
|inactive|WeVibein has 30 seconds left.
|inactive|WeVibein has 20 seconds left.
|inactive|WeVibein has 15 seconds left.
|
|t:|1756259770
|switch|p2b: Porygon2|Porygon2, L50|63/100
|-ability|p2b: Porygon2|Download|boost
|-boost|p2b: Porygon2|atk|1
|move|p2a: Torkoal|Protect|p2a: Torkoal
|-singleturn|p2a: Torkoal|Protect
|move|p1a: Gyarados|Waterfall|p2a: Torkoal
|-activate|p2a: Torkoal|move: Protect
|move|p1b: Tyranitar|Rock Slide|p2a: Torkoal|[spread] p2b
|-activate|p2a: Torkoal|move: Protect
|-damage|p2b: Porygon2|41/100
|
|-weather|SunnyDay|[upkeep]
|upkeep
|turn|10
|inactive|crimsonkidd has 30 seconds left.
|inactive|WeVibein has 30 seconds left.
|inactive|crimsonkidd has 20 seconds left.
|inactive|WeVibein has 20 seconds left.
|inactive|crimsonkidd has 15 seconds left.
|inactive|crimsonkidd has 10 seconds left.
|inactive|crimsonkidd has 5 seconds left.
|
|t:|1756259823
|move|p2b: Porygon2|Protect|p2b: Porygon2
|-singleturn|p2b: Porygon2|Protect
|move|p1a: Gyarados|Taunt|p2b: Porygon2
|-activate|p2b: Porygon2|move: Protect
|move|p1b: Tyranitar|Knock Off|p2b: Porygon2
|-activate|p2b: Porygon2|move: Protect
|move|p2a: Torkoal|Heat Wave|p1b: Tyranitar|[spread] p1a,p1b
|-resisted|p1a: Gyarados
|-resisted|p1b: Tyranitar
|-damage|p1a: Gyarados|0 fnt
|-damage|p1b: Tyranitar|88/100
|faint|p1a: Gyarados
|
|-weather|SunnyDay|[upkeep]
|upkeep
|turn|11
|
|t:|1756259846
|move|p1b: Tyranitar|Knock Off|p2b: Porygon2
|-damage|p2b: Porygon2|5/100
|-enditem|p2b: Porygon2|Eviolite|[from] move: Knock Off|[of] p1b: Tyranitar
|move|p2a: Torkoal|Earth Power|p1b: Tyranitar
|-supereffective|p1b: Tyranitar
|-damage|p1b: Tyranitar|58/100
|move|p2b: Porygon2|Trick Room|p2b: Porygon2
|-fieldstart|move: Trick Room|[of] p2b: Porygon2
|
|-weather|SunnyDay|[upkeep]
|upkeep
|turn|12
|
|t:|1756259860
|move|p2a: Torkoal|Earth Power|p1b: Tyranitar
|-supereffective|p1b: Tyranitar
|-damage|p1b: Tyranitar|27/100
|move|p2b: Porygon2|Thunderbolt|p1b: Tyranitar
|-damage|p1b: Tyranitar|13/100
|move|p1b: Tyranitar|Rock Slide|p2b: Porygon2|[spread] p2a,p2b
|-supereffective|p2a: Torkoal
|-damage|p2a: Torkoal|2/100
|-damage|p2b: Porygon2|0 fnt
|faint|p2b: Porygon2
|
|-weather|none
|upkeep
|
|t:|1756259873
|switch|p2b: Ursaluna|Ursaluna, L50, F, shiny, tera:Normal|9/100 brn
|turn|13
|
|t:|1756259881
|move|p2a: Torkoal|Earth Power|p1b: Tyranitar
|-supereffective|p1b: Tyranitar
|-damage|p1b: Tyranitar|0 fnt
|faint|p1b: Tyranitar
|
|win|WeVibein
|raw|crimsonkidd's rating: 1118 → 1092(-26 for losing)
|raw|WeVibein's rating: 1101 → 1127(+26 for winning)
|l|☆WeVibein
|player|p2|
