|j|☆eklyst
|j|☆boncuss
|html|eklystboncuss    
|uhtml|bestof|Game 2 of a best-of-3
|t:|1756791956
|gametype|doubles
|player|p1|eklyst|pokemaniac|1105
|player|p2|boncuss|wattson|1089
|gen|9
|tier|[Gen 9] VGC 2025 Reg H (Bo3)
|rated|
|rule|Species Clause: Limit one of each Pokémon
|rule|Item Clause: Limit 1 of each item
|clearpoke
|poke|p1|Ursaluna-Bloodmoon, L50, M|
|poke|p1|Incineroar, L50, M|
|poke|p1|Rillaboom, L50, F|
|poke|p1|Farigiraf, L50, F|
|poke|p1|Sneasler, L50, F|
|poke|p1|Volcarona, L50, F|
|poke|p2|Grimmsnarl, L50, M|
|poke|p2|Hawlucha, L50, M|
|poke|p2|Tinkaton, L50, F|
|poke|p2|Incineroar, L50, F|
|poke|p2|Pincurchin, L50, M|
|poke|p2|Ursaluna-Bloodmoon, L50, M|
|teampreview|4
|showteam|p1|Ursaluna-Bloodmoon||LifeOrb|MindsEye|HyperVoice,BloodMoon,EarthPower,Protect|||M|||50|,,,,,Normal]Incineroar||SitrusBerry|Intimidate|FakeOut,FlareBlitz,KnockOff,PartingShot|||M|||50|,,,,,Bug]Rillaboom||AssaultVest|GrassySurge|Uturn,WoodHammer,GrassyGlide,FakeOut|||F|||50|,,,,,Fire]Farigiraf||ThroatSpray|ArmorTail|HyperVoice,Protect,Psychic,TrickRoom|||F|||50|,,,,,Fairy]Sneasler||FocusSash|Unburden|CloseCombat,Protect,FakeOut,ThroatChop|||F|||50|,,,,,Dark]Volcarona||CovertCloak|FlameBody|HeatWave,Protect,StruggleBug,RagePowder|||F|||50|,,,,,Water
|showteam|p2|Grimmsnarl||WideLens|Prankster|ThunderWave,Swagger,LightScreen,SpiritBreak|||M|||50|,,,,,Ghost]Hawlucha||MirrorHerb|Unburden|Acrobatics,CloseCombat,ThroatChop,Protect|||M|||50|,,,,,Stellar]Tinkaton||AssaultVest|OwnTempo|GigatonHammer,FakeOut,KnockOff,PlayRough|||F|||50|,,,,,Water]Incineroar||SitrusBerry|Intimidate|FakeOut,PartingShot,FlareBlitz,KnockOff|||F|||50|,,,,,Ghost]Pincurchin||LifeOrb|ElectricSurge|Discharge,Thunderbolt,SuckerPunch,HydroPump|||M|||50|,,,,,Stellar]Ursaluna-Bloodmoon||ThroatSpray|MindsEye|HyperVoice,EarthPower,BloodMoon,Protect|||M|||50|,,,,,Normal
|inactive|Battle timer is ON: inactive players will automatically lose when time's up. (requested by boncuss)
|inactive|eklyst has 60 seconds left.
|
|t:|1756792004
|teamsize|p1|4
|teamsize|p2|4
|start
|switch|p1a: Ursaluna|Ursaluna-Bloodmoon, L50, M|100/100
|switch|p1b: Sneasler|Sneasler, L50, F|100/100
|switch|p2a: Grimmsnarl|Grimmsnarl, L50, M|100/100
|switch|p2b: Tinkaton|Tinkaton, L50, F|100/100
|turn|1
|inactive|boncuss has 30 seconds left.
|
|t:|1756792035
|switch|p2b: Incineroar|Incineroar, L50, F|100/100
|-ability|p2b: Incineroar|Intimidate|boost
|-unboost|p1a: Ursaluna|atk|1
|-unboost|p1b: Sneasler|atk|1
|move|p1b: Sneasler|Fake Out|p2a: Grimmsnarl
|-damage|p2a: Grimmsnarl|89/100
|move|p1a: Ursaluna|Earth Power|p2b: Incineroar
|-supereffective|p2b: Incineroar
|-damage|p2b: Incineroar|0 fnt
|faint|p2b: Incineroar
|-damage|p1a: Ursaluna|90/100|[from] item: Life Orb
|cant|p2a: Grimmsnarl|flinch
|
|upkeep
|
|t:|1756792056
|switch|p2b: Hawlucha|Hawlucha, L50, M|100/100
|turn|2
|
|t:|1756792070
|switch|p1b: Incineroar|Incineroar, L50, M|100/100
|-ability|p1b: Incineroar|Intimidate|boost
|-unboost|p2a: Grimmsnarl|atk|1
|-unboost|p2b: Hawlucha|atk|1
|move|p1a: Ursaluna|Protect|p1a: Ursaluna
|-singleturn|p1a: Ursaluna|Protect
|move|p2a: Grimmsnarl|Swagger|p1a: Ursaluna
|-activate|p1a: Ursaluna|move: Protect
|move|p2b: Hawlucha|Close Combat|p1a: Ursaluna
|-activate|p1a: Ursaluna|move: Protect
|
|upkeep
|turn|3
|
|t:|1756792086
|switch|p2b: Tinkaton|Tinkaton, L50, F|100/100
|-terastallize|p1a: Ursaluna|Normal
|move|p1b: Incineroar|Fake Out|p2b: Tinkaton
|-resisted|p2b: Tinkaton
|-damage|p2b: Tinkaton|93/100
|move|p2a: Grimmsnarl|Light Screen|p2a: Grimmsnarl
|-sidestart|p2: boncuss|move: Light Screen
|move|p1a: Ursaluna|Hyper Voice|p2b: Tinkaton|[spread] p2a,p2b
|-resisted|p2b: Tinkaton
|-damage|p2a: Grimmsnarl|37/100
|-damage|p2b: Tinkaton|79/100
|-damage|p1a: Ursaluna|80/100|[from] item: Life Orb
|
|upkeep
|turn|4
|
|t:|1756792101
|-terastallize|p2b: Tinkaton|Water
|move|p2a: Grimmsnarl|Swagger|p2b: Tinkaton
|-boost|p2b: Tinkaton|atk|2
|-immune|p2b: Tinkaton|confusion|[from] ability: Own Tempo
|move|p2b: Tinkaton|Gigaton Hammer|p1a: Ursaluna
|-damage|p1a: Ursaluna|0 fnt
|faint|p1a: Ursaluna
|move|p1b: Incineroar|Flare Blitz|p2b: Tinkaton
|-resisted|p2b: Tinkaton
|-damage|p2b: Tinkaton|49/100
|-damage|p1b: Incineroar|92/100|[from] Recoil
|
|upkeep
|
|t:|1756792117
|switch|p1a: Sneasler|Sneasler, L50, F|100/100
|turn|5
|
|t:|1756792139
|move|p1a: Sneasler|Fake Out|p2a: Grimmsnarl
|-damage|p2a: Grimmsnarl|20/100
|cant|p2a: Grimmsnarl|flinch
|move|p2b: Tinkaton|Play Rough|p1a: Sneasler
|-enditem|p1a: Sneasler|Focus Sash
|-damage|p1a: Sneasler|1/100
|move|p1b: Incineroar|Knock Off|p2b: Tinkaton
|-damage|p2b: Tinkaton|0 fnt
|-enditem|p2b: Tinkaton|Assault Vest|[from] move: Knock Off|[of] p1b: Incineroar
|faint|p2b: Tinkaton
|
|upkeep
|
|t:|1756792142
|switch|p2b: Hawlucha|Hawlucha, L50, M|100/100
|turn|6
|
|t:|1756792166
|move|p1a: Sneasler|Protect|p1a: Sneasler
|-singleturn|p1a: Sneasler|Protect
|move|p2a: Grimmsnarl|Swagger|p1a: Sneasler
|-activate|p1a: Sneasler|move: Protect
|move|p2b: Hawlucha|Close Combat|p1b: Incineroar
|-supereffective|p1b: Incineroar
|-crit|p1b: Incineroar
|-damage|p1b: Incineroar|0 fnt
|-unboost|p2b: Hawlucha|def|1
|-unboost|p2b: Hawlucha|spd|1
|faint|p1b: Incineroar
|
|upkeep
|
|t:|1756792177
|switch|p1b: Farigiraf|Farigiraf, L50, F|100/100
|turn|7
|
|t:|1756792191
|move|p1a: Sneasler|Close Combat|p2a: Grimmsnarl
|-damage|p2a: Grimmsnarl|0 fnt
|-unboost|p1a: Sneasler|def|1
|-unboost|p1a: Sneasler|spd|1
|faint|p2a: Grimmsnarl
|move|p2b: Hawlucha|Acrobatics|p1a: Sneasler
|-supereffective|p1a: Sneasler
|-damage|p1a: Sneasler|0 fnt
|faint|p1a: Sneasler
|move|p1b: Farigiraf|Psychic|p2b: Hawlucha
|-supereffective|p2b: Hawlucha
|-damage|p2b: Hawlucha|0 fnt
|faint|p2b: Hawlucha
|
|win|eklyst
|raw|eklyst's rating: 1105 → 1129(+24 for winning)
|raw|boncuss's rating: 1089 → 1067(-22 for losing)
|c|☆boncuss|gg
