|j|☆Autin Mago
|j|☆farbeaglefriday
|html|Autin Magofarbeaglefriday    
|uhtml|bestof|Game 1 of a best-of-3
|t:|1784674639
|gametype|doubles
|player|p1|Autin Mago|arezu|
|player|p2|farbeaglefriday|bugcatcher-gen4dp|
|gen|9
|tier|[Gen 9 Champions] VGC 2026 Reg M-B (Bo3)
|rule|Species Clause: Limit one of each Pokémon
|rule|Item Clause: Limit 1 of each item
|clearpoke
|poke|p1|Scizor, L50, F|
|poke|p1|Sylveon, L50, F|
|poke|p1|Scovillain, L50, M|
|poke|p1|Infernape, L50, F|
|poke|p1|Ninetales-Alola, L50, F|
|poke|p1|Tauros-Paldea-Aqua, L50, M|
|poke|p2|Farigiraf, L50, F|
|poke|p2|Toxicroak, L50, F|
|poke|p2|Kingambit, L50, M|
|poke|p2|Garbodor, L50, F|
|poke|p2|Altaria, L50, M|
|poke|p2|Floette-Eternal, L50, F|
|teampreview|4
|showteam|p1|Scizor||SilverPowder|Technician|Protect,CloseCombat,BugBite,BulletPunch|Brave||F|||50|]Sylveon||FairyFeather|Pixilate|Detect,Roar,HyperVoice,HyperBeam|Quiet||F|||50|]Scovillain||Scovillainite|Moody|Protect,RagePowder,Flamethrower,GigaDrain|Bold||M|||50|]Infernape||FocusSash|IronFist|Protect,FirePunch,CloseCombat,GunkShot|Timid||F|||50|]Ninetales-Alola||NeverMeltIce|SnowWarning|Protect,AuroraVeil,Moonblast,Blizzard|Timid||F|||50|]Tauros-Paldea-Aqua||MysticWater|Intimidate|Protect,WaveCrash,CloseCombat,BulkUp|Adamant||M|||50|
|showteam|p2|Farigiraf||TangaBerry|ArmorTail|NastyPlot,TrickRoom,ShadowBall,BatonPass|Quiet||F|||50|]Toxicroak||FocusSash|PoisonTouch|Coaching,FakeOut,CloseCombat,PoisonJab|Jolly||F|||50|]Kingambit||ChopleBerry|Defiant|BrickBreak,IronHead,SuckerPunch,Protect|Brave||M|||50|]Garbodor||LumBerry|Stench|DrainPunch,PoisonJab,Curse,Protect|Brave||F|||50|]Altaria||Altarianite|CloudNine|HeatWave,HyperVoice,Roost,Protect|Quiet||M|||50|]Floette-Eternal||Floettite|FlowerVeil|DrainingKiss,DazzlingGleam,CalmMind,Protect|Bold||F|||50|
|
|t:|1784674746
|teamsize|p1|4
|teamsize|p2|4
|start
|switch|p1a: Scizor|Scizor, L50, F|100/100
|switch|p1b: Scovillain|Scovillain, L50, M|100/100
|switch|p2a: Farigiraf|Farigiraf, L50, F|100/100
|switch|p2b: Toxicroak|Toxicroak, L50, F|100/100
|turn|1
|j| priest_of_talos
|c| priest_of_talos|KICK HIS AAS
|
|t:|1784674776
|detailschange|p1b: Scovillain|Scovillain-Mega, L50, M
|-mega|p1b: Scovillain|Scovillain|Scovillainite
|move|p2b: Toxicroak|Fake Out|p1a: Scizor
|-resisted|p1a: Scizor|1
|-damage|p1a: Scizor|94/100
|move|p1b: Scovillain|Flamethrower|p2a: Farigiraf
|-damage|p2a: Farigiraf|55/100
|cant|p1a: Scizor|flinch
|move|p2a: Farigiraf|Trick Room|p2a: Farigiraf
|-fieldstart|move: Trick Room|[of] p2a: Farigiraf
|
|upkeep
|turn|2
|
|t:|1784674833
|move|p1b: Scovillain|Rage Powder|p1b: Scovillain
|-singleturn|p1b: Scovillain|move: Rage Powder
|move|p2a: Farigiraf|Baton Pass|p2a: Farigiraf
|
|t:|1784674836
|switch|p2a: Garbodor|Garbodor, L50, F|100/100|[from] Baton Pass
|move|p1a: Scizor|Bug Bite|p2a: Garbodor
|-resisted|p2a: Garbodor|1
|-damage|p2a: Garbodor|70/100
|-enditem|p2a: Garbodor|Lum Berry|[from] stealeat|[move] Bug Bite|[of] p1a: Scizor
|move|p2b: Toxicroak|Coaching|p2a: Garbodor
|-boost|p2a: Garbodor|atk|1
|-boost|p2a: Garbodor|def|1
|
|upkeep
|turn|3
|l| priest_of_talos
|j| priest_of_talos
|
|t:|1784674886
|move|p2a: Garbodor|Protect|p2a: Garbodor
|-singleturn|p2a: Garbodor|Protect
|move|p1b: Scovillain|Rage Powder|p1b: Scovillain
|-singleturn|p1b: Scovillain|move: Rage Powder
|move|p1a: Scizor|Bug Bite|p2b: Toxicroak
|-resisted|p2b: Toxicroak|2
|-damage|p2b: Toxicroak|74/100
|move|p2b: Toxicroak|Coaching|p2a: Garbodor
|-boost|p2a: Garbodor|atk|1
|-boost|p2a: Garbodor|def|1
|
|upkeep
|turn|4
|
|t:|1784674909
|move|p1b: Scovillain|Rage Powder|p1b: Scovillain
|-singleturn|p1b: Scovillain|move: Rage Powder
|move|p1a: Scizor|Bug Bite|p2a: Garbodor
|-resisted|p2a: Garbodor|1
|-damage|p2a: Garbodor|54/100
|move|p2a: Garbodor|Curse|p2a: Garbodor
|-unboost|p2a: Garbodor|spe|1
|-boost|p2a: Garbodor|atk|1
|-boost|p2a: Garbodor|def|1
|move|p2b: Toxicroak|Coaching|p2a: Garbodor
|-boost|p2a: Garbodor|atk|1
|-boost|p2a: Garbodor|def|1
|
|upkeep
|turn|5
|
|t:|1784674934
|switch|p2b: Farigiraf|Farigiraf, L50, F|55/100
|move|p1a: Scizor|Protect|p1a: Scizor
|-singleturn|p1a: Scizor|Protect
|move|p1b: Scovillain|Protect|p1b: Scovillain
|-singleturn|p1b: Scovillain|Protect
|move|p2a: Garbodor|Drain Punch|p1a: Scizor
|-activate|p1a: Scizor|move: Protect
|
|-fieldend|move: Trick Room
|upkeep
|turn|6
|
|t:|1784674963
|move|p1b: Scovillain|Flamethrower|p2b: Farigiraf
|-damage|p2b: Farigiraf|13/100
|move|p1a: Scizor|Bug Bite|p2b: Farigiraf
|-supereffective|p2b: Farigiraf|1
|-crit|p2b: Farigiraf
|-enditem|p2b: Farigiraf|Tanga Berry|[eat]
|-enditem|p2b: Farigiraf|Tanga Berry|[weaken]
|-damage|p2b: Farigiraf|0 fnt
|faint|p2b: Farigiraf
|move|p2a: Garbodor|Drain Punch|p1a: Scizor
|-damage|p1a: Scizor|28/100
|-heal|p2a: Garbodor|85/100|[from] drain|[of] p1a: Scizor
|
|upkeep
|
|t:|1784674991
|switch|p2b: Toxicroak|Toxicroak, L50, F|74/100
|turn|7
|
|t:|1784675005
|move|p1a: Scizor|Protect|p1a: Scizor
|-singleturn|p1a: Scizor|Protect
|move|p2b: Toxicroak|Poison Jab|p1b: Scovillain
|-supereffective|p1b: Scovillain|1
|-damage|p1b: Scovillain|32/100
|-status|p2b: Toxicroak|brn|[from] ability: Spicy Spray|[of] p1b: Scovillain
|-status|p1b: Scovillain|psn|[from] ability: Poison Touch|[of] p2b: Toxicroak
|move|p1b: Scovillain|Flamethrower|p2a: Garbodor
|-damage|p2a: Garbodor|35/100
|move|p2a: Garbodor|Curse|p2a: Garbodor
|-unboost|p2a: Garbodor|spe|1
|-boost|p2a: Garbodor|atk|1
|-boost|p2a: Garbodor|def|1
|
|-damage|p1b: Scovillain|20/100y psn|[from] psn
|-damage|p2b: Toxicroak|68/100 brn|[from] brn
|upkeep
|turn|8
|
|t:|1784675040
|move|p1b: Scovillain|Protect|p1b: Scovillain
|-singleturn|p1b: Scovillain|Protect
|move|p1a: Scizor|Bullet Punch|p2b: Toxicroak
|-damage|p2b: Toxicroak|15/100 brn
|move|p2b: Toxicroak|Poison Jab|p1b: Scovillain
|-activate|p1b: Scovillain|move: Protect
|move|p2a: Garbodor|Drain Punch|p1a: Scizor
|-damage|p1a: Scizor|0 fnt
|-heal|p2a: Garbodor|49/100|[from] drain|[of] p1a: Scizor
|faint|p1a: Scizor
|
|-damage|p1b: Scovillain|8/100 psn|[from] psn
|-damage|p2b: Toxicroak|10/100 brn|[from] brn
|upkeep
|
|t:|1784675052
|switch|p1a: Ninetales|Ninetales-Alola, L50, F|100/100
|-weather|Snowscape|[from] ability: Snow Warning|[of] p1a: Ninetales
|turn|9
|
|t:|1784675064
|switch|p1b: Sylveon|Sylveon, L50, F|100/100
|move|p2a: Garbodor|Protect|p2a: Garbodor
|-singleturn|p2a: Garbodor|Protect
|move|p1a: Ninetales|Blizzard|p2b: Toxicroak|[spread] p2b
|-activate|p2a: Garbodor|move: Protect
|-damage|p2b: Toxicroak|0 fnt
|faint|p2b: Toxicroak
|
|-weather|Snowscape|[upkeep]
|upkeep
|
|t:|1784675070
|switch|p2b: Floette|Floette-Eternal, L50, F|100/100
|turn|10
|
|t:|1784675124
|detailschange|p2b: Floette|Floette-Mega, L50, F
|-mega|p2b: Floette|Floette|Floettite
|-ability|p2b: Floette|Fairy Aura
|move|p1a: Ninetales|Blizzard|p2b: Floette|[spread] p2a,p2b
|-damage|p2a: Garbodor|8/100
|-damage|p2b: Floette|72/100
|move|p2b: Floette|Draining Kiss|p1a: Ninetales
|-damage|p1a: Ninetales|60/100
|-heal|p2b: Floette|97/100|[from] drain|[of] p1a: Ninetales
|move|p1b: Sylveon|Hyper Voice|p2b: Floette|[spread] p2a,p2b
|-resisted|p2a: Garbodor|1
|-damage|p2a: Garbodor|0 fnt
|-damage|p2b: Floette|54/100
|faint|p2a: Garbodor
|
|-weather|Snowscape|[upkeep]
|upkeep
|turn|11
|
|t:|1784675141
|move|p1a: Ninetales|Blizzard|p2b: Floette
|-crit|p2b: Floette
|-damage|p2b: Floette|4/100
|move|p2b: Floette|Draining Kiss|p1a: Ninetales
|-damage|p1a: Ninetales|15/100
|-heal|p2b: Floette|32/100|[from] drain|[of] p1a: Ninetales
|move|p1b: Sylveon|Hyper Voice|p2b: Floette
|-damage|p2b: Floette|0 fnt
|faint|p2b: Floette
|
|win|Autin Mago
||farbeaglefriday is ready for game 2.
|inactive|Autin Mago has 30 seconds to confirm battle start!
||Autin Mago is ready for game 2.
|uhtml|next|Next: Game 2 of 3
