|j|☆regitron 21
|j|‽jfaria97
|html|regitron 21jfaria97    
|uhtml|bestof|Game 1 of a best-of-3
|t:|1756427548
|gametype|doubles
|player|p1|regitron 21|shauntal|1082
|player|p2|jfaria97|red|1050
|gen|9
|tier|[Gen 9] VGC 2025 Reg H (Bo3)
|rated|
|rule|Species Clause: Limit one of each Pokémon
|rule|Item Clause: Limit 1 of each item
|clearpoke
|poke|p1|Slaking, L50, M|
|poke|p1|Meowstic, L50, M|
|poke|p1|Volcarona, L50, M|
|poke|p1|Delphox, L50, F|
|poke|p1|Indeedee-F, L50, F|
|poke|p1|Garchomp, L50, M|
|poke|p2|Gholdengo, L50|
|poke|p2|Incineroar, L50, F|
|poke|p2|Garchomp, L50, F|
|poke|p2|Dragonite, L50, F|
|poke|p2|Weezing, L50, M|
|poke|p2|Ursaluna-Bloodmoon, L50, M|
|teampreview|4
|showteam|p1|Slaking||ClearAmulet|Truant|Protect,HighHorsepower,DoubleEdge,BulkUp|||M|||50|,,,,,Fire]Meowstic||CovertCloak|Prankster|SkillSwap,Psychic,ThunderWave,SunnyDay|||M|||50|,,,,,Dark]Volcarona||FocusSash|FlameBody|Tailwind,QuiverDance,BugBuzz,HeatWave|||M|||50|,,,,,Grass]Delphox||LifeOrb|Blaze|HeatWave,ExpandingForce,ShadowBall,Protect|||F|||50|,,,,,Dark]Indeedee-F||PsychicSeed|PsychicSurge|FollowMe,Imprison,TrickRoom,Psychic|||F|||50|,,,,,Fairy]Garchomp||EjectPack|RoughSkin|StompingTantrum,Earthquake,DragonClaw,Protect|||M|||50|,,,,,Flying
|showteam|p2|Gholdengo||LifeOrb|GoodasGold|MakeItRain,ShadowBall,NastyPlot,Protect||||||50|,,,,,Water]Incineroar||AbilityShield|Intimidate|FlareBlitz,KnockOff,FakeOut,PartingShot|||F|||50|,,,,,Ghost]Garchomp||SafetyGoggles|RoughSkin|Earthquake,StompingTantrum,RockSlide,Protect|||F|||50|,,,,,Ground]Dragonite||LoadedDice|Multiscale|ScaleShot,ExtremeSpeed,Tailwind,Protect|||F|||50|,,,,,Steel]Weezing||SitrusBerry|NeutralizingGas|SludgeBomb,WillOWisp,Taunt,Protect|||M|||50|,,,,,Flying]Ursaluna-Bloodmoon||AssaultVest|MindsEye|HyperVoice,EarthPower,BloodMoon,VacuumWave|||M|||50|,,,,,Water
|inactive|Battle timer is ON: inactive players will automatically lose when time's up. (requested by jfaria97)
|c|☆regitron 21|hey good luck man
|c|☆regitron 21|nice team
|c|☆regitron 21|pretty cool
|inactive|regitron 21 has 60 seconds left.
|inactive|jfaria97 has 60 seconds left.
|inactive|jfaria97 has 30 seconds left.
|inactive|jfaria97 has 20 seconds left.
|inactive|jfaria97 has 15 seconds left.
|inactive|jfaria97 has 10 seconds left.
|
|t:|1756427633
|teamsize|p1|4
|teamsize|p2|4
|start
|switch|p1a: Meowstic|Meowstic, L50, M|100/100
|switch|p1b: Slaking|Slaking, L50, M|100/100
|switch|p2a: Garchomp|Garchomp, L50, F|100/100
|switch|p2b: Dragonite|Dragonite, L50, F|100/100
|turn|1
|
|t:|1756427649
|move|p1a: Meowstic|Thunder Wave|p2b: Dragonite
|-status|p2b: Dragonite|par
|move|p2a: Garchomp|Earthquake|p1b: Slaking|[spread] p1a,p1b
|-immune|p2b: Dragonite
|-damage|p1a: Meowstic|49/100
|-damage|p1b: Slaking|70/100
|move|p1b: Slaking|Bulk Up|p1b: Slaking
|-boost|p1b: Slaking|atk|1
|-boost|p1b: Slaking|def|1
|move|p2b: Dragonite|Tailwind|p2b: Dragonite
|-sidestart|p2: jfaria97|move: Tailwind
|
|upkeep
|turn|2
|
|t:|1756427670
|move|p2b: Dragonite|Extreme Speed|p1a: Meowstic
|-damage|p1a: Meowstic|10/100
|move|p1a: Meowstic|Skill Swap|p1b: Slaking
|-activate|p1a: Meowstic|move: Skill Swap|||[of] p1b: Slaking
|move|p1b: Slaking|Bulk Up|p1b: Slaking
|-boost|p1b: Slaking|atk|1
|-boost|p1b: Slaking|def|1
|move|p2a: Garchomp|Earthquake|p1b: Slaking|[spread] p1a,p1b
|-immune|p2b: Dragonite
|-damage|p1a: Meowstic|0 fnt
|-damage|p1b: Slaking|53/100
|faint|p1a: Meowstic
|
|upkeep
|
|t:|1756427682
|switch|p1a: Volcarona|Volcarona, L50, M|100/100
|turn|3
|
|t:|1756427690
|move|p2b: Dragonite|Extreme Speed|p1b: Slaking
|-damage|p1b: Slaking|41/100
|move|p2a: Garchomp|Earthquake|p1b: Slaking|[spread] p1a,p1b
|-immune|p2b: Dragonite
|-damage|p1a: Volcarona|44/100
|-damage|p1b: Slaking|26/100
|move|p1a: Volcarona|Tailwind|p1a: Volcarona
|-sidestart|p1: regitron 21|move: Tailwind
|move|p1b: Slaking|High Horsepower|p2a: Garchomp
|-damage|p2a: Garchomp|17/100
|-damage|p1b: Slaking|14/100|[from] ability: Rough Skin|[of] p2a: Garchomp
|
|upkeep
|turn|4
|inactive|regitron 21 has 30 seconds left.
|inactive|regitron 21 has 20 seconds left.
|
|t:|1756427727
|move|p1b: Slaking|Protect|p1b: Slaking
|-singleturn|p1b: Slaking|Protect
|move|p2b: Dragonite|Extreme Speed|p1b: Slaking
|-activate|p1b: Slaking|move: Protect
|move|p2a: Garchomp|Rock Slide|p1a: Volcarona|[spread] p1a
|-activate|p1b: Slaking|move: Protect
|-supereffective|p1a: Volcarona
|-damage|p1a: Volcarona|0 fnt
|faint|p1a: Volcarona
|
|-sideend|p2: jfaria97|move: Tailwind
|upkeep
|
|t:|1756427736
|switch|p1a: Garchomp|Garchomp, L50, M|100/100
|turn|5
|
|t:|1756427757
|cant|p2b: Dragonite|par
|move|p1a: Garchomp|Stomping Tantrum|p2a: Garchomp
|-damage|p2a: Garchomp|0 fnt
|-damage|p1a: Garchomp|88/100|[from] ability: Rough Skin|[of] p2a: Garchomp
|faint|p2a: Garchomp
|move|p1b: Slaking|Double-Edge|p2b: Dragonite
|-damage|p2b: Dragonite|28/100 par
|-damage|p1b: Slaking|0 fnt|[from] Recoil
|faint|p1b: Slaking
|
|upkeep
|
|t:|1756427768
|switch|p2a: Incineroar|Incineroar, L50, F|100/100
|-ability|p2a: Incineroar|Intimidate|boost
|-unboost|p1a: Garchomp|atk|1
|turn|6
|
|t:|1756427785
|move|p2a: Incineroar|Fake Out|p1a: Garchomp
|-crit|p1a: Garchomp
|-damage|p1a: Garchomp|71/100
|-damage|p2a: Incineroar|88/100|[from] ability: Rough Skin|[of] p1a: Garchomp
|cant|p1a: Garchomp|flinch
|move|p2b: Dragonite|Tailwind|p2b: Dragonite
|-sidestart|p2: jfaria97|move: Tailwind
|
|-sideend|p1: regitron 21|move: Tailwind
|upkeep
|turn|7
|
|t:|1756427795
|move|p1a: Garchomp|Dragon Claw|p2b: Dragonite
|-supereffective|p2b: Dragonite
|-damage|p2b: Dragonite|0 fnt
|faint|p2b: Dragonite
|move|p2a: Incineroar|Parting Shot|p1a: Garchomp
|-unboost|p1a: Garchomp|atk|1
|-unboost|p1a: Garchomp|spa|1
|
|t:|1756427797
|switch|p2a: Gholdengo|Gholdengo, L50|100/100|[from] Parting Shot
|
|upkeep
|
|t:|1756427799
|switch|p2b: Incineroar|Incineroar, L50, F|88/100
|-ability|p2b: Incineroar|Intimidate|boost
|-unboost|p1a: Garchomp|atk|1
|turn|8
|
|t:|1756427808
|move|p1a: Garchomp|Protect|p1a: Garchomp
|-singleturn|p1a: Garchomp|Protect
|move|p2b: Incineroar|Fake Out|p1a: Garchomp
|-activate|p1a: Garchomp|move: Protect
|move|p2a: Gholdengo|Nasty Plot|p2a: Gholdengo
|-boost|p2a: Gholdengo|spa|2
|
|upkeep
|turn|9
|
|t:|1756427822
|-terastallize|p2a: Gholdengo|Water
|move|p2a: Gholdengo|Shadow Ball|p1a: Garchomp
|-damage|p1a: Garchomp|0 fnt
|faint|p1a: Garchomp
|-damage|p2a: Gholdengo|91/100|[from] item: Life Orb
|
|win|jfaria97
||regitron 21 is ready for game 2.
||jfaria97 is ready for game 2.
|uhtml|next|Next: Game 2 of 3
