|j|☆Miriajohn
|j|☆new mental
|html|Miriajohnnew mental    
|uhtml|bestof|Game 2 of a best-of-3
|t:|1784476418
|gametype|doubles
|player|p1|Miriajohn|blue|1259
|player|p2|new mental|volkner|1216
|gen|9
|tier|[Gen 9 Champions] VGC 2026 Reg M-B (Bo3)
|rated|
|rule|Species Clause: Limit one of each Pokémon
|rule|Item Clause: Limit 1 of each item
|clearpoke
|poke|p1|Talonflame, L50, M|
|poke|p1|Garchomp, L50, F|
|poke|p1|Froslass, L50, F|
|poke|p1|Rotom-Wash, L50|
|poke|p1|Kingambit, L50, M|
|poke|p1|Blaziken, L50, F|
|poke|p2|Aerodactyl, L50, M|
|poke|p2|Garchomp, L50, F|
|poke|p2|Kingambit, L50, F|
|poke|p2|Charizard, L50, M|
|poke|p2|Sylveon, L50, M|
|poke|p2|Farigiraf, L50, F|
|teampreview|4
|showteam|p1|Talonflame||SharpBeak|GaleWings|Tailwind,FlareBlitz,BraveBird,Protect|Jolly||M|||50|]Garchomp||LifeOrb|RoughSkin|DragonClaw,RockSlide,Earthquake,Protect|Jolly||F|||50|]Froslass||Froslassite|SnowCloak|Blizzard,ShadowBall,AuroraVeil,Protect|Timid||F|||50|]Rotom-Wash||ChoiceScarf|Levitate|HydroPump,Thunderbolt,WillOWisp,Electroweb|Timid|||||50|]Kingambit||ChopleBerry|Defiant|SuckerPunch,KowtowCleave,IronHead,Protect|Adamant||M|||50|]Blaziken||Blazikenite|SpeedBoost|FlareBlitz,CloseCombat,RockSlide,Protect|Jolly||F|||50|
|showteam|p2|Aerodactyl||Aerodactylite|Unnerve|IceFang,RockSlide,Tailwind,DualWingbeat|Jolly||M|||50|]Garchomp||LifeOrb|RoughSkin|DragonClaw,RockSlide,Earthquake,Protect|Jolly||F|||50|]Kingambit||FocusSash|Defiant|SuckerPunch,KowtowCleave,IronHead,LowKick|Adamant||F|||50|]Charizard||CharizarditeY|SolarPower|Protect,WeatherBall,HeatWave,SolarBeam|Modest||M|||50|]Sylveon||FairyFeather|Pixilate|Protect,HyperVoice,HyperBeam,QuickAttack|Modest||M|||50|]Farigiraf||SitrusBerry|ArmorTail|TrickRoom,Thunderbolt,Roar,Psychic|Bold||F|||50|
|j| MyComradeCommie
|inactive|Battle timer is ON: inactive players will automatically lose when time's up. (requested by new mental)
|
|t:|1784476472
|teamsize|p1|4
|teamsize|p2|4
|start
|switch|p1a: Kingambit|Kingambit, L50, M|100/100
|switch|p1b: Rotom|Rotom-Wash, L50|100/100
|switch|p2a: Sylveon|Sylveon, L50, M|100/100
|switch|p2b: Farigiraf|Farigiraf, L50, F|100/100
|turn|1
|
|t:|1784476495
|move|p1b: Rotom|Hydro Pump|p2a: Sylveon
|-damage|p2a: Sylveon|62/100
|move|p2a: Sylveon|Hyper Beam|p1a: Kingambit
|-damage|p1a: Kingambit|0 fnt
|-mustrecharge|p2a: Sylveon
|faint|p1a: Kingambit
|move|p2b: Farigiraf|Roar|p2a: Sylveon
|drag|p2a: Charizard|Charizard, L50, M|100/100
|
|upkeep
|
|t:|1784476508
|switch|p1a: Garchomp|Garchomp, L50, F|100/100
|turn|2
|
|t:|1784476528
|detailschange|p2a: Charizard|Charizard-Mega-Y, L50, M
|-mega|p2a: Charizard|Charizard|Charizardite Y
|-weather|SunnyDay|[from] ability: Drought|[of] p2a: Charizard
|move|p2a: Charizard|Protect|p2a: Charizard
|-singleturn|p2a: Charizard|Protect
|move|p1b: Rotom|Hydro Pump|p2b: Farigiraf
|-damage|p2b: Farigiraf|79/100
|move|p1a: Garchomp|Rock Slide|p2a: Charizard|[spread] p2b
|-activate|p2a: Charizard|move: Protect
|-damage|p2b: Farigiraf|59/100
|-damage|p1a: Garchomp|90/100|[from] item: Life Orb
|cant|p2b: Farigiraf|flinch
|
|-weather|SunnyDay|[upkeep]
|upkeep
|turn|3
|
|t:|1784476550
|switch|p1b: Blaziken|Blaziken, L50, F|100/100
|move|p1a: Garchomp|Rock Slide|p2a: Charizard|[spread] p2a,p2b
|-supereffective|p2a: Charizard|2
|-damage|p2a: Charizard|0 fnt
|-damage|p2b: Farigiraf|39/100
|-enditem|p2b: Farigiraf|Sitrus Berry|[eat]
|-heal|p2b: Farigiraf|64/100|[from] item: Sitrus Berry
|faint|p2a: Charizard
|-damage|p1a: Garchomp|80/100|[from] item: Life Orb
|move|p2b: Farigiraf|Trick Room|p2b: Farigiraf
|-fieldstart|move: Trick Room|[of] p2b: Farigiraf
|
|-weather|SunnyDay|[upkeep]
|upkeep
|
|t:|1784476558
|switch|p2a: Sylveon|Sylveon, L50, M|62/100
|turn|4
|
|t:|1784476574
|detailschange|p1b: Blaziken|Blaziken-Mega, L50, F
|-mega|p1b: Blaziken|Blaziken|Blazikenite
|move|p1a: Garchomp|Protect|p1a: Garchomp
|-singleturn|p1a: Garchomp|Protect
|move|p2b: Farigiraf|Psychic|p1b: Blaziken
|-supereffective|p1b: Blaziken|1
|-damage|p1b: Blaziken|0 fnt
|faint|p1b: Blaziken
|move|p2a: Sylveon|Hyper Voice|p1a: Garchomp
|-activate|p1a: Garchomp|move: Protect
|
|-weather|SunnyDay|[upkeep]
|upkeep
|
|t:|1784476580
|switch|p1b: Rotom|Rotom-Wash, L50|100/100
|turn|5
|
|t:|1784476586
|move|p1a: Garchomp|Protect|p1a: Garchomp
|-singleturn|p1a: Garchomp|Protect
|move|p2b: Farigiraf|Psychic|p1b: Rotom
|-damage|p1b: Rotom|57/100
|move|p2a: Sylveon|Hyper Voice|p1b: Rotom|[spread] p1b
|-activate|p1a: Garchomp|move: Protect
|-damage|p1b: Rotom|0 fnt
|faint|p1b: Rotom
|
|-weather|SunnyDay|[upkeep]
|upkeep
|turn|6
|-message|Miriajohn forfeited.
|raw|Miriajohn's rating: 1259 → 1231(-28 for losing)
|raw|new mental's rating: 1216 → 1244(+28 for winning)
|
|win|new mental
