|j|☆princeofunderworld
|j|☆BlRD BOY
|html|princeofunderworldBlRD BOY    
|uhtml|bestof|Game 1 of a best-of-3
|t:|1783439379
|gametype|doubles
|player|p1|princeofunderworld|102|1130
|player|p2|BlRD BOY|brycen|1160
|gen|9
|tier|[Gen 9 Champions] VGC 2026 Reg M-B (Bo3)
|rated|
|rule|Species Clause: Limit one of each Pokémon
|rule|Item Clause: Limit 1 of each item
|clearpoke
|poke|p1|Kingambit, L50, F|
|poke|p1|Farigiraf, L50, F|
|poke|p1|Garchomp, L50, M|
|poke|p1|Charizard, L50, F|
|poke|p1|Whimsicott, L50, M|
|poke|p1|Toxapex, L50, F|
|poke|p2|Torkoal, L50, M|
|poke|p2|Avalugg-Hisui, L50, F|
|poke|p2|Farigiraf, L50, M|
|poke|p2|Scrafty, L50, M|
|poke|p2|Typhlosion-Hisui, L50, F|
|poke|p2|Sinistcha-Masterpiece, L50|
|teampreview|4
|showteam|p1|Kingambit||BlackGlasses|Defiant|Protect,SuckerPunch,KowtowCleave,IronHead|Adamant||F|||50|]Farigiraf||SitrusBerry|ArmorTail|TrickRoom,TwinBeam,Thunderbolt,Protect|Relaxed||F|||50|]Garchomp||LifeOrb|RoughSkin|Earthquake,DragonClaw,RockSlide,Protect|Adamant||M|||50|]Charizard||CharizarditeY|Blaze|HeatWave,WeatherBall,SolarBeam,Protect|Modest||F|||50|]Whimsicott||FocusSash|Prankster|Tailwind,Encore,Moonblast,Protect|Timid||M|||50|]Toxapex||Leftovers|Regenerator|Toxic,WideGuard,Infestation,BanefulBunker|Relaxed||F|||50|
|showteam|p2|Torkoal||Charcoal|Drought|Protect,Eruption,WeatherBall,EarthPower|Quiet||M|||50|]Avalugg-Hisui||WideLens|Sturdy|MountainGale,RockSlide,BodyPress,WideGuard|Brave||F|||50|]Farigiraf||SitrusBerry|ArmorTail|PsychicFangs,Thunderbolt,HelpingHand,TrickRoom|Relaxed||M|||50|]Scrafty||Scraftinite|Intimidate|Detect,KnockOff,CloseCombat,FakeOut|Brave||M|||50|]Typhlosion-Hisui||ChoiceScarf|Frisk|Eruption,HeatWave,ShadowBall,SolarBeam|Modest||F|||50|]Sinistcha-Masterpiece||KasibBerry|Hospitality|MatchaGotcha,ShadowBall,RagePowder,TrickRoom|Sassy|||||50|
|inactive|Battle timer is ON: inactive players will automatically lose when time's up. (requested by princeofunderworld)
|inactive|princeofunderworld has 60 seconds left.
|inactive|BlRD BOY has 60 seconds left.
|
|t:|1783439426
|teamsize|p1|4
|teamsize|p2|4
|start
|switch|p1a: Toxapex|Toxapex, L50, F|100/100
|switch|p1b: Kingambit|Kingambit, L50, F|100/100
|switch|p2a: Farigiraf|Farigiraf, L50, M|100/100
|switch|p2b: Scrafty|Scrafty, L50, M|100/100
|-ability|p2b: Scrafty|Intimidate|boost
|-unboost|p1a: Toxapex|atk|1
|-unboost|p1b: Kingambit|atk|1
|-ability|p1b: Kingambit|Defiant|boost
|-boost|p1b: Kingambit|atk|2
|turn|1
|
|t:|1783439449
|detailschange|p2b: Scrafty|Scrafty-Mega, L50, M
|-mega|p2b: Scrafty|Scrafty|Scraftinite
|-ability|p2b: Scrafty|Intimidate|boost
|-unboost|p1a: Toxapex|atk|1
|-unboost|p1b: Kingambit|atk|1
|-ability|p1b: Kingambit|Defiant|boost
|-boost|p1b: Kingambit|atk|2
|move|p1b: Kingambit|Protect|p1b: Kingambit
|-singleturn|p1b: Kingambit|Protect
|move|p2b: Scrafty|Close Combat|p1b: Kingambit
|-activate|p1b: Kingambit|move: Protect
|move|p2a: Farigiraf|Psychic Fangs|p1a: Toxapex
|-supereffective|p1a: Toxapex|1
|-damage|p1a: Toxapex|61/100
|move|p1a: Toxapex|Toxic|p2b: Scrafty
|-status|p2b: Scrafty|tox
|
|-heal|p1a: Toxapex|67/100|[from] item: Leftovers
|-damage|p2b: Scrafty|94/100 tox|[from] psn
|upkeep
|turn|2
|
|t:|1783439473
|switch|p1b: Garchomp|Garchomp, L50, M|100/100
|move|p2b: Scrafty|Close Combat|p1b: Garchomp
|-damage|p1b: Garchomp|25/100
|-unboost|p2b: Scrafty|def|1
|-unboost|p2b: Scrafty|spd|1
|-damage|p2b: Scrafty|81/100 tox|[from] ability: Rough Skin|[of] p1b: Garchomp
|move|p2a: Farigiraf|Thunderbolt|p1a: Toxapex
|-supereffective|p1a: Toxapex|1
|-damage|p1a: Toxapex|34/100
|-status|p1a: Toxapex|par
|move|p1a: Toxapex|Infestation|p2b: Scrafty
|-damage|p2b: Scrafty|77/100 tox
|-activate|p2b: Scrafty|move: Infestation|[of] p1a: Toxapex
|
|-heal|p1a: Toxapex|40/100 par|[from] item: Leftovers
|-damage|p2b: Scrafty|66/100 tox|[from] psn
|-damage|p2b: Scrafty|54/100 tox|[from] move: Infestation|[partiallytrapped]
|upkeep
|turn|3
|
|t:|1783439489
|-heal|p1a: Toxapex|73/100 par|[from] ability: Regenerator|[silent]
|switch|p1a: Kingambit|Kingambit, L50, F|100/100
|move|p1b: Garchomp|Protect|p1b: Garchomp
|-singleturn|p1b: Garchomp|Protect
|move|p2b: Scrafty|Knock Off|p1a: Kingambit
|-resisted|p1a: Kingambit|1
|-damage|p1a: Kingambit|77/100
|-enditem|p1a: Kingambit|Black Glasses|[from] move: Knock Off|[of] p2b: Scrafty
|move|p2a: Farigiraf|Psychic Fangs|p1b: Garchomp
|-activate|p1b: Garchomp|move: Protect
|
|-damage|p2b: Scrafty|36/100 tox|[from] psn
|-end|p2b: Scrafty|Infestation|[partiallytrapped]|[silent]
|upkeep
|turn|4
|inactive|BlRD BOY has 30 seconds left.
|
|t:|1783439521
|switch|p2b: Avalugg|Avalugg-Hisui, L50, F|100/100
|move|p1a: Kingambit|Protect|p1a: Kingambit
|-singleturn|p1a: Kingambit|Protect
|move|p1b: Garchomp|Earthquake|p2a: Farigiraf|[spread] p2a,p2b
|-activate|p1a: Kingambit|move: Protect
|-supereffective|p2b: Avalugg|1
|-damage|p2a: Farigiraf|57/100
|-damage|p2b: Avalugg|44/100
|-damage|p1b: Garchomp|15/100|[from] item: Life Orb
|move|p2a: Farigiraf|Trick Room|p2a: Farigiraf
|-fieldstart|move: Trick Room|[of] p2a: Farigiraf
|
|upkeep
|turn|5
|
|t:|1783439543
|switch|p1a: Toxapex|Toxapex, L50, F|73/100 par
|move|p2b: Avalugg|Body Press|p1a: Toxapex
|-resisted|p1a: Toxapex|1
|-damage|p1a: Toxapex|59/100 par
|move|p2a: Farigiraf|Psychic Fangs|p1b: Garchomp
|-damage|p1b: Garchomp|0 fnt
|-damage|p2a: Farigiraf|45/100|[from] ability: Rough Skin|[of] p1b: Garchomp
|-enditem|p2a: Farigiraf|Sitrus Berry|[eat]
|-heal|p2a: Farigiraf|70/100|[from] item: Sitrus Berry
|faint|p1b: Garchomp
|
|-heal|p1a: Toxapex|65/100 par|[from] item: Leftovers
|upkeep
|
|t:|1783439556
|switch|p1b: Charizard|Charizard, L50, F|100/100
|turn|6
|
|t:|1783439567
|detailschange|p1b: Charizard|Charizard-Mega-Y, L50, F
|-mega|p1b: Charizard|Charizard|Charizardite Y
|-weather|SunnyDay|[from] ability: Drought|[of] p1b: Charizard
|move|p1a: Toxapex|Wide Guard|p1a: Toxapex
|-singleturn|p1a: Toxapex|Wide Guard
|move|p2b: Avalugg|Mountain Gale|p1b: Charizard
|-damage|p1b: Charizard|10/100
|move|p2a: Farigiraf|Thunderbolt|p1b: Charizard
|-supereffective|p1b: Charizard|1
|-damage|p1b: Charizard|0 fnt
|faint|p1b: Charizard
|
|-weather|SunnyDay|[upkeep]
|-heal|p1a: Toxapex|71/100 par|[from] item: Leftovers
|upkeep
|
|t:|1783439571
|switch|p1b: Kingambit|Kingambit, L50, F|77/100
|turn|7
|
|t:|1783439582
|move|p1b: Kingambit|Protect|p1b: Kingambit
|-singleturn|p1b: Kingambit|Protect
|move|p1a: Toxapex|Toxic|p2b: Avalugg
|-status|p2b: Avalugg|tox
|move|p2b: Avalugg|Body Press|p1b: Kingambit
|-activate|p1b: Kingambit|move: Protect
|move|p2a: Farigiraf|Thunderbolt|p1a: Toxapex
|-supereffective|p1a: Toxapex|1
|-damage|p1a: Toxapex|36/100 par
|
|-weather|SunnyDay|[upkeep]
|-heal|p1a: Toxapex|42/100 par|[from] item: Leftovers
|-damage|p2b: Avalugg|38/100 tox|[from] psn
|upkeep
|turn|8
|
|t:|1783439600
|move|p1a: Toxapex|Baneful Bunker|p1a: Toxapex
|-singleturn|p1a: Toxapex|move: Protect
|move|p1b: Kingambit|Protect||[still]
|-fail|p1b: Kingambit
|move|p2b: Avalugg|Body Press|p1b: Kingambit
|-supereffective|p1b: Kingambit|2
|-damage|p1b: Kingambit|0 fnt
|faint|p1b: Kingambit
|move|p2a: Farigiraf|Thunderbolt|p1a: Toxapex
|-activate|p1a: Toxapex|move: Protect
|
|-weather|SunnyDay|[upkeep]
|-heal|p1a: Toxapex|48/100 par|[from] item: Leftovers
|-damage|p2b: Avalugg|26/100 tox|[from] psn
|-fieldend|move: Trick Room
|upkeep
|turn|9
|
|t:|1783439608
|move|p2a: Farigiraf|Thunderbolt|p1a: Toxapex
|-supereffective|p1a: Toxapex|1
|-damage|p1a: Toxapex|14/100 par
|move|p2b: Avalugg|Rock Slide|p1a: Toxapex
|-damage|p1a: Toxapex|0 fnt
|faint|p1a: Toxapex
|
|win|BlRD BOY
||princeofunderworld is ready for game 2.
|inactive|BlRD BOY has 30 seconds to confirm battle start!
||BlRD BOY is ready for game 2.
|uhtml|next|Next: Game 2 of 3
