|j|☆ToastedArt
|j|☆bearlover997
|html|ToastedArtbearlover997    
|uhtml|bestof|Game 1 of a best-of-3
|t:|1784535397
|gametype|doubles
|player|p1|ToastedArt|iris|1103
|player|p2|bearlover997|sage|1169
|gen|9
|tier|[Gen 9 Champions] VGC 2026 Reg M-B (Bo3)
|rated|
|rule|Species Clause: Limit one of each Pokémon
|rule|Item Clause: Limit 1 of each item
|clearpoke
|poke|p1|Falinks, L50, shiny|
|poke|p1|Incineroar, L50, F|
|poke|p1|Basculegion, L50, M|
|poke|p1|Sneasler, L50, F|
|poke|p1|Vanilluxe, L50, F, shiny|
|poke|p1|Dragonite, L50, M|
|poke|p2|Mamoswine, L50, F, shiny|
|poke|p2|Ninetales-Alola, L50, M|
|poke|p2|Eelektross, L50, M, shiny|
|poke|p2|Oranguru, L50, M|
|poke|p2|Whimsicott, L50, F|
|poke|p2|Incineroar, L50, M|
|teampreview|4
|showteam|p1|Falinks||Falinksite|Defiant|NoRetreat,CloseCombat,RockSlide,Protect|Adamant|||||50|]Incineroar||PasshoBerry|Intimidate|FlareBlitz,ThroatChop,FakeOut,PartingShot|Adamant||F|||50|]Basculegion||SitrusBerry|Adaptability|WaveCrash,LastRespects,AquaJet,Protect|Adamant||M|||50|]Sneasler||FocusSash|PoisonTouch|PoisonJab,CloseCombat,FakeOut,Coaching|Jolly||F|||50|]Vanilluxe||ChoiceScarf|SnowWarning|Blizzard,FreezeDry,IcyWind,SheerCold|Modest||F|||50|]Dragonite||LifeOrb|InnerFocus|DragonClaw,ExtremeSpeed,ThunderPunch,Tailwind|Adamant||M|||50|
|showteam|p2|Mamoswine||LifeOrb|Oblivious|IceShard,Earthquake,Protect,RockSlide|Adamant||F|||50|]Ninetales-Alola||FocusSash|SnowWarning|Encore,Disable,Blizzard,Protect|Timid||M|||50|]Eelektross||Eelektrossite|Levitate|Discharge,Protect,Flamethrower,GigaDrain|Modest||M|||50|]Oranguru||MentalHerb|Telepathy|TrickRoom,Instruct,Protect,PsychicNoise|Sassy||M|||50|]Whimsicott||Leftovers|Prankster|Encore,Tailwind,FakeTears,Moonblast|Bold||F|||50|]Incineroar||PasshoBerry|Intimidate|FakeOut,PartingShot,FlareBlitz,CloseCombat|Adamant||M|||50|
|inactive|Battle timer is ON: inactive players will automatically lose when time's up. (requested by ToastedArt)
|inactive|bearlover997 also wants the timer to be on.
|inactive|ToastedArt has 60 seconds left.
|
|t:|1784535445
|teamsize|p1|4
|teamsize|p2|4
|start
|switch|p1a: Sneasler|Sneasler, L50, F|100/100
|switch|p1b: Incineroar|Incineroar, L50, F|100/100
|switch|p2a: Oranguru|Oranguru, L50, M|100/100
|switch|p2b: Incineroar|Incineroar, L50, M|100/100
|-ability|p1b: Incineroar|Intimidate|boost
|-unboost|p2a: Oranguru|atk|1
|-unboost|p2b: Incineroar|atk|1
|-ability|p2b: Incineroar|Intimidate|boost
|-unboost|p1a: Sneasler|atk|1
|-unboost|p1b: Incineroar|atk|1
|turn|1
|
|t:|1784535460
|move|p1a: Sneasler|Fake Out|p2b: Incineroar
|-damage|p2b: Incineroar|90/100
|-status|p2b: Incineroar|psn|[from] ability: Poison Touch|[of] p1a: Sneasler
|cant|p2b: Incineroar|flinch
|move|p1b: Incineroar|Parting Shot|p2b: Incineroar
|-unboost|p2b: Incineroar|atk|1
|-unboost|p2b: Incineroar|spa|1
|
|t:|1784535469
|switch|p1b: Basculegion|Basculegion, L50, M|100/100|[from] Parting Shot
|move|p2a: Oranguru|Psychic Noise|p1a: Sneasler
|-supereffective|p1a: Sneasler|2
|-enditem|p1a: Sneasler|Focus Sash
|-damage|p1a: Sneasler|1/100
|-start|p1a: Sneasler|move: Heal Block
|
|-damage|p2b: Incineroar|78/100 psn|[from] psn
|upkeep
|turn|2
|
|t:|1784535488
|move|p1a: Sneasler|Coaching|p1b: Basculegion
|-boost|p1b: Basculegion|atk|1
|-boost|p1b: Basculegion|def|1
|move|p1b: Basculegion|Wave Crash|p2a: Oranguru
|-damage|p2a: Oranguru|0 fnt
|faint|p2a: Oranguru
|-damage|p1b: Basculegion|68/100|[from] Recoil
|move|p2b: Incineroar|Parting Shot|p1b: Basculegion
|-unboost|p1b: Basculegion|atk|1
|-unboost|p1b: Basculegion|spa|1
|
|t:|1784535502
|switch|p2b: Eelektross|Eelektross, L50, M, shiny|100/100|[from] Parting Shot
|
|-end|p1a: Sneasler|move: Heal Block
|upkeep
|
|t:|1784535506
|switch|p2a: Incineroar|Incineroar, L50, M|78/100 psn
|-ability|p2a: Incineroar|Intimidate|boost
|-unboost|p1a: Sneasler|atk|1
|-unboost|p1b: Basculegion|atk|1
|turn|3
|
|t:|1784535522
|switch|p1a: Incineroar|Incineroar, L50, F|100/100
|-ability|p1a: Incineroar|Intimidate|boost
|-unboost|p2a: Incineroar|atk|1
|-unboost|p2b: Eelektross|atk|1
|detailschange|p2b: Eelektross|Eelektross-Mega, L50, M, shiny
|-mega|p2b: Eelektross|Eelektross|Eelektrossite
|move|p1b: Basculegion|Protect|p1b: Basculegion
|-singleturn|p1b: Basculegion|Protect
|move|p2a: Incineroar|Fake Out|p1a: Incineroar
|-damage|p1a: Incineroar|90/100
|move|p2b: Eelektross|Discharge|p1b: Basculegion|[spread] p2a,p1a
|-activate|p1b: Basculegion|move: Protect
|-damage|p2a: Incineroar|45/100 psn
|-damage|p1a: Incineroar|56/100
|
|-damage|p2a: Incineroar|32/100 psn|[from] psn
|upkeep
|turn|4
|inactive|ToastedArt has 30 seconds left.
|inactive|ToastedArt has 20 seconds left.
|
|t:|1784535562
|switch|p1b: Sneasler|Sneasler, L50, F|1/100
|move|p2b: Eelektross|Protect|p2b: Eelektross
|-singleturn|p2b: Eelektross|Protect
|move|p1a: Incineroar|Fake Out|p2b: Eelektross
|-activate|p2b: Eelektross|move: Protect
|move|p2a: Incineroar|Parting Shot|p1b: Sneasler
|-unboost|p1b: Sneasler|atk|1
|-unboost|p1b: Sneasler|spa|1
|
|t:|1784535574
|switch|p2a: Mamoswine|Mamoswine, L50, F, shiny|100/100|[from] Parting Shot
|
|upkeep
|turn|5
|
|t:|1784535595
|move|p1b: Sneasler|Fake Out|p2a: Mamoswine
|-damage|p2a: Mamoswine|91/100
|cant|p2a: Mamoswine|flinch
|move|p2b: Eelektross|Discharge|p1b: Sneasler|[spread] p1a,p1b
|-immune|p2a: Mamoswine
|-damage|p1a: Incineroar|23/100
|-damage|p1b: Sneasler|0 fnt
|faint|p1b: Sneasler
|-ability|p2b: Eelektross|Eelevate|boost
|-boost|p2b: Eelektross|spa|1
|move|p1a: Incineroar|Flare Blitz|p2b: Eelektross
|-damage|p2b: Eelektross|24/100
|-damage|p1a: Incineroar|2/100|[from] Recoil
|
|upkeep
|
|t:|1784535613
|switch|p1b: Basculegion|Basculegion, L50, M|68/100
|turn|6
|
|t:|1784535627
|move|p1b: Basculegion|Aqua Jet|p2b: Eelektross
|-damage|p2b: Eelektross|0 fnt
|faint|p2b: Eelektross
|move|p2a: Mamoswine|Earthquake|p1a: Incineroar|[spread] p1a,p1b
|-supereffective|p1a: Incineroar|1
|-damage|p1a: Incineroar|0 fnt
|-damage|p1b: Basculegion|1/100
|-enditem|p1b: Basculegion|Sitrus Berry|[eat]
|-heal|p1b: Basculegion|26/100|[from] item: Sitrus Berry
|faint|p1a: Incineroar
|-damage|p2a: Mamoswine|82/100|[from] item: Life Orb
|
|upkeep
|
|t:|1784535639
|switch|p2b: Incineroar|Incineroar, L50, M|32/100 psn
|switch|p1a: Falinks|Falinks, L50, shiny|100/100
|-ability|p2b: Incineroar|Intimidate|boost
|-unboost|p1a: Falinks|atk|1
|-ability|p1a: Falinks|Defiant|boost
|-boost|p1a: Falinks|atk|2
|-unboost|p1b: Basculegion|atk|1
|turn|7
|
|t:|1784535656
|detailschange|p1a: Falinks|Falinks-Mega, L50, shiny
|-mega|p1a: Falinks|Falinks|Falinksite
|move|p1a: Falinks|Protect|p1a: Falinks
|-singleturn|p1a: Falinks|Protect
|move|p2b: Incineroar|Fake Out|p1a: Falinks
|-activate|p1a: Falinks|move: Protect
|move|p2a: Mamoswine|Ice Shard|p1b: Basculegion
|-resisted|p1b: Basculegion|1
|-damage|p1b: Basculegion|6/100
|-damage|p2a: Mamoswine|72/100|[from] item: Life Orb
|move|p1b: Basculegion|Wave Crash|p2a: Mamoswine
|-supereffective|p2a: Mamoswine|1
|-damage|p2a: Mamoswine|0 fnt
|faint|p2a: Mamoswine
|-damage|p1b: Basculegion|0 fnt|[from] Recoil
|faint|p1b: Basculegion
|
|-damage|p2b: Incineroar|20/100y psn|[from] psn
|upkeep
|turn|8
|
|t:|1784535671
|move|p1a: Falinks|Close Combat|p2b: Incineroar
|-supereffective|p2b: Incineroar|1
|-damage|p2b: Incineroar|0 fnt
|-unboost|p1a: Falinks|def|1
|-unboost|p1a: Falinks|spd|1
|faint|p2b: Incineroar
|
|win|ToastedArt
