|j|☆Charizard0420
|j|☆miro kart ds
|html|Charizard0420miro kart ds    
|uhtml|bestof|Game 3 of a best-of-3
|t:|1785375599
|gametype|doubles
|player|p1|Charizard0420|pokemaniac|1313
|player|p2|miro kart ds|swimmerf-gen4dp|1280
|gen|9
|tier|[Gen 9 Champions] VGC 2026 Reg M-B (Bo3)
|rated|
|rule|Species Clause: Limit one of each Pokémon
|rule|Item Clause: Limit 1 of each item
|clearpoke
|poke|p1|Whimsicott, L50, M, shiny|
|poke|p1|Staraptor, L50, M, shiny|
|poke|p1|Garchomp, L50, F|
|poke|p1|Kingambit, L50, M, shiny|
|poke|p1|Ceruledge, L50, M, shiny|
|poke|p1|Gholdengo, L50, shiny|
|poke|p2|Grimmsnarl, L50, M|
|poke|p2|Incineroar, L50, M|
|poke|p2|Maushold-Four, L50|
|poke|p2|Annihilape, L50, M|
|poke|p2|Floette-Eternal, L50, F|
|poke|p2|Gholdengo, L50|
|teampreview|4
|showteam|p1|Whimsicott||FocusSash|Prankster|Protect,Charm,Tailwind,Moonblast|Timid||M|||50|]Staraptor||Staraptite|Intimidate|Protect,CloseCombat,BraveBird,Roost|Jolly||M|||50|]Garchomp||LifeOrb|RoughSkin|Protect,Earthquake,RockSlide,DragonClaw|Jolly||F|||50|]Kingambit||ChopleBerry|Defiant|SuckerPunch,KowtowCleave,LowKick,IronHead|Adamant||M|||50|]Ceruledge||ColburBerry|FlashFire|Protect,BitterBlade,ShadowSneak,BulkUp|Adamant||M|||50|]Gholdengo||SpellTag|GoodasGold|Protect,MakeItRain,ShadowBall,NastyPlot|Modest|||||50|
|showteam|p2|Grimmsnarl||LightClay|Prankster|SpiritBreak,Reflect,LightScreen,PartingShot|Impish||M|||50|]Incineroar||SitrusBerry|Intimidate|FakeOut,FlareBlitz,ThroatChop,PartingShot|Impish||M|||50|]Maushold-Four||FocusSash|FriendGuard|FollowMe,SuperFang,Encore,Protect|Timid|||||50|]Annihilape||Leftovers|Defiant|RageFist,DrainPunch,BulkUp,Protect|Adamant||M|||50|]Floette-Eternal||Floettite|FlowerVeil|DrainingKiss,Moonblast,CalmMind,Protect|Modest||F|||50|]Gholdengo||ChoiceScarf|GoodasGold|MakeItRain,ShadowBall,Trick,PowerGem|Timid|||||50|
|inactive|Battle timer is ON: inactive players will automatically lose when time's up. (requested by miro kart ds)
|inactive|miro kart ds has 60 seconds left.
|
|t:|1785375644
|teamsize|p1|4
|teamsize|p2|4
|start
|switch|p1a: Kingambit|Kingambit, L50, M, shiny|100/100
|switch|p1b: Staraptor|Staraptor, L50, M, shiny|100/100
|switch|p2a: Incineroar|Incineroar, L50, M|100/100
|switch|p2b: Annihilape|Annihilape, L50, M|100/100
|-ability|p1b: Staraptor|Intimidate|boost
|-unboost|p2a: Incineroar|atk|1
|-unboost|p2b: Annihilape|atk|1
|-ability|p2b: Annihilape|Defiant|boost
|-boost|p2b: Annihilape|atk|2
|-ability|p2a: Incineroar|Intimidate|boost
|-unboost|p1a: Kingambit|atk|1
|-ability|p1a: Kingambit|Defiant|boost
|-boost|p1a: Kingambit|atk|2
|-unboost|p1b: Staraptor|atk|1
|turn|1
|inactive|Charizard0420 has 30 seconds left.
|
|t:|1785375674
|detailschange|p1b: Staraptor|Staraptor-Mega, L50, M, shiny
|-mega|p1b: Staraptor|Staraptor|Staraptite
|move|p2a: Incineroar|Fake Out|p1b: Staraptor
|-crit|p1b: Staraptor
|-damage|p1b: Staraptor|84/100
|cant|p1b: Staraptor|flinch
|move|p2b: Annihilape|Bulk Up|p2b: Annihilape
|-boost|p2b: Annihilape|atk|1
|-boost|p2b: Annihilape|def|1
|move|p1a: Kingambit|Low Kick|p2a: Incineroar
|-supereffective|p2a: Incineroar|1
|-damage|p2a: Incineroar|28/100
|-enditem|p2a: Incineroar|Sitrus Berry|[eat]
|-heal|p2a: Incineroar|53/100|[from] item: Sitrus Berry
|
|upkeep
|turn|2
|inactive|miro kart ds has 30 seconds left.
|
|t:|1785375699
|move|p1a: Kingambit|Sucker Punch|p2b: Annihilape
|-damage|p2b: Annihilape|56/100
|move|p1b: Staraptor|Brave Bird|p2b: Annihilape
|-supereffective|p2b: Annihilape|1
|-damage|p2b: Annihilape|7/100
|-damage|p1b: Staraptor|67/100|[from] Recoil
|move|p2b: Annihilape|Drain Punch|p1a: Kingambit
|-supereffective|p1a: Kingambit|2
|-enditem|p1a: Kingambit|Chople Berry|[eat]
|-enditem|p1a: Kingambit|Chople Berry|[weaken]
|-damage|p1a: Kingambit|0 fnt
|-heal|p2b: Annihilape|55/100|[from] drain|[of] p1a: Kingambit
|faint|p1a: Kingambit
|move|p2a: Incineroar|Flare Blitz|p1b: Staraptor
|-damage|p1b: Staraptor|36/100
|-damage|p2a: Incineroar|44/100|[from] Recoil
|
|-heal|p2b: Annihilape|62/100|[from] item: Leftovers
|upkeep
|
|t:|1785375718
|switch|p1a: Whimsicott|Whimsicott, L50, M, shiny|100/100
|turn|3
|
|t:|1785375729
|move|p2b: Annihilape|Protect|p2b: Annihilape
|-singleturn|p2b: Annihilape|Protect
|move|p1a: Whimsicott|Moonblast|p2b: Annihilape
|-activate|p2b: Annihilape|move: Protect
|move|p1b: Staraptor|Close Combat|p2a: Incineroar
|-supereffective|p2a: Incineroar|1
|-damage|p2a: Incineroar|0 fnt
|-boost|p1b: Staraptor|def|1
|-boost|p1b: Staraptor|spd|1
|faint|p2a: Incineroar
|
|-heal|p2b: Annihilape|68/100|[from] item: Leftovers
|upkeep
|
|t:|1785375745
|switch|p2a: Maushold|Maushold-Four, L50|100/100
|turn|4
|inactive|Charizard0420 has 30 seconds left.
|
|t:|1785375780
|move|p1a: Whimsicott|Charm|p1b: Staraptor
|-boost|p1b: Staraptor|atk|2
|move|p2a: Maushold|Encore|p1b: Staraptor
|-start|p1b: Staraptor|Encore
|move|p1b: Staraptor|Close Combat|p2a: Maushold
|-supereffective|p2a: Maushold|1
|-enditem|p2a: Maushold|Focus Sash
|-damage|p2a: Maushold|1/100
|-boost|p1b: Staraptor|def|1
|-boost|p1b: Staraptor|spd|1
|move|p2b: Annihilape|Drain Punch|p1a: Whimsicott
|-resisted|p1a: Whimsicott|1
|-damage|p1a: Whimsicott|53/100
|-heal|p2b: Annihilape|83/100|[from] drain|[of] p1a: Whimsicott
|
|-heal|p2b: Annihilape|89/100|[from] item: Leftovers
|upkeep
|turn|5
|inactive|Charizard0420 has 30 seconds left.
|
|t:|1785375809
|move|p1a: Whimsicott|Protect|p1a: Whimsicott
|-singleturn|p1a: Whimsicott|Protect
|move|p2a: Maushold|Protect|p2a: Maushold
|-singleturn|p2a: Maushold|Protect
|move|p1b: Staraptor|Close Combat|p2a: Maushold
|-activate|p2a: Maushold|move: Protect
|move|p2b: Annihilape|Rage Fist|p1a: Whimsicott
|-activate|p1a: Whimsicott|move: Protect
|
|-heal|p2b: Annihilape|96/100|[from] item: Leftovers
|upkeep
|turn|6
|
|t:|1785375834
|move|p2a: Maushold|Follow Me|p2a: Maushold
|-singleturn|p2a: Maushold|move: Follow Me
|move|p1a: Whimsicott|Tailwind|p1a: Whimsicott
|-sidestart|p1: Charizard0420|move: Tailwind
|move|p1b: Staraptor|Close Combat|p2a: Maushold
|-supereffective|p2a: Maushold|1
|-damage|p2a: Maushold|0 fnt
|-boost|p1b: Staraptor|def|1
|-boost|p1b: Staraptor|spd|1
|faint|p2a: Maushold
|move|p2b: Annihilape|Rage Fist|p1a: Whimsicott
|-damage|p1a: Whimsicott|0 fnt
|faint|p1a: Whimsicott
|
|-heal|p2b: Annihilape|100/100|[from] item: Leftovers
|-end|p1b: Staraptor|Encore
|upkeep
|
|t:|1785375849
|switch|p1a: Gholdengo|Gholdengo, L50, shiny|100/100
|switch|p2a: Floette|Floette-Eternal, L50, F|100/100
|turn|7
|inactive|Charizard0420 has 30 seconds left.
|inactive|miro kart ds has 30 seconds left.
|
|t:|1785375877
|detailschange|p2a: Floette|Floette-Mega, L50, F
|-mega|p2a: Floette|Floette|Floettite
|-ability|p2a: Floette|Fairy Aura
|move|p1b: Staraptor|Protect|p1b: Staraptor
|-singleturn|p1b: Staraptor|Protect
|move|p1a: Gholdengo|Nasty Plot|p1a: Gholdengo
|-boost|p1a: Gholdengo|spa|2
|move|p2a: Floette|Draining Kiss|p1b: Staraptor
|-activate|p1b: Staraptor|move: Protect
|move|p2b: Annihilape|Rage Fist|p1b: Staraptor
|-activate|p1b: Staraptor|move: Protect
|
|upkeep
|turn|8
|inactive|Charizard0420 has 30 seconds left.
|
|t:|1785375905
|move|p2a: Floette|Protect|p2a: Floette
|-singleturn|p2a: Floette|Protect
|move|p2b: Annihilape|Protect|p2b: Annihilape
|-singleturn|p2b: Annihilape|Protect
|move|p1b: Staraptor|Brave Bird|p2b: Annihilape
|-activate|p2b: Annihilape|move: Protect
|move|p1a: Gholdengo|Make It Rain|p2a: Floette|[spread] 
|-activate|p2a: Floette|move: Protect
|-activate|p2b: Annihilape|move: Protect
|
|upkeep
|turn|9
|
|t:|1785375926
|move|p2a: Floette|Protect|p2a: Floette
|-singleturn|p2a: Floette|Protect
|move|p2b: Annihilape|Protect||[still]
|-fail|p2b: Annihilape
|move|p1b: Staraptor|Brave Bird|p2b: Annihilape
|-supereffective|p2b: Annihilape|1
|-damage|p2b: Annihilape|0 fnt
|faint|p2b: Annihilape
|-damage|p1b: Staraptor|1/100|[from] Recoil
|move|p1a: Gholdengo|Make It Rain|p2a: Floette
|-activate|p2a: Floette|move: Protect
|
|-sideend|p1: Charizard0420|move: Tailwind
|upkeep
|turn|10
|-message|miro kart ds forfeited.
|raw|Charizard0420's rating: 1313 → 1331(+18 for winning)
|raw|miro kart ds's rating: 1280 → 1257(-23 for losing)
|
|win|Charizard0420
|l|☆miro kart ds
|player|p2|
|j| tedidn
