|j|☆Billieholi
|j|☆yosiel
|html|Billieholiyosiel    
|uhtml|bestof|Game 1 of a best-of-3
|t:|1782193660
|gametype|doubles
|player|p1|Billieholi|101|1000
|player|p2|yosiel|acetrainersnow|1013
|gen|9
|tier|[Gen 9 Champions] VGC 2026 Reg M-B (Bo3)
|rated|
|rule|Species Clause: Limit one of each Pokémon
|rule|Item Clause: Limit 1 of each item
|clearpoke
|poke|p1|Audino, L50, F, shiny|
|poke|p1|Hatterene, L50, F|
|poke|p1|Sinistcha, L50|
|poke|p1|Sneasler, L50, F, shiny|
|poke|p1|Incineroar, L50, M|
|poke|p1|Torkoal, L50, F|
|poke|p2|Floette-Eternal, L50, F|
|poke|p2|Incineroar, L50, M, shiny|
|poke|p2|Sableye, L50, M, shiny|
|poke|p2|Swampert, L50, M, shiny|
|poke|p2|Dragonite, L50, M, shiny|
|poke|p2|Sinistcha, L50, shiny|
|teampreview|4
|showteam|p1|Audino||Audinite|Regenerator|SimpleBeam,CalmMind,DazzlingGleam,Wish|Modest||F|||50|]Hatterene||LifeOrb|MagicBounce|DazzlingGleam,Psychic,TrickRoom,Reflect|Quiet||F|||50|]Sinistcha||SitrusBerry|Hospitality|LifeDew,ShadowBall,MatchaGotcha,RagePowder|Bold|||||50|]Sneasler||MentalHerb|Unburden|CloseCombat,DireClaw,FakeOut,BrickBreak|Adamant||F|||50|]Incineroar||Leftovers|Intimidate|FlareBlitz,ThroatChop,FakeOut,PartingShot|Adamant||M|||50|]Torkoal||Charcoal|Drought|Eruption,SolarBeam,EarthPower,ShellSmash|Quiet||F|||50|
|showteam|p2|Floette-Eternal||Floettite|FlowerVeil|CalmMind,Protect,DazzlingGleam,GigaDrain|Bold||F|||50|]Incineroar||ChopleBerry|Intimidate|FakeOut,DarkestLariat,FlareBlitz,PartingShot|Impish||M|||50|]Sableye||DampRock|Prankster|RainDance,FakeOut,KnockOff,WillOWisp|Careful||M|||50|]Swampert||Swampertite|Damp|Earthquake,IcePunch,FlipTurn,WaveCrash|Adamant||M|||50|]Dragonite||Leftovers|InnerFocus|Protect,Hurricane,ThunderWave,DracoMeteor|Modest||M|||50|]Sinistcha||SitrusBerry|Hospitality|MatchaGotcha,TrickRoom,LifeDew,RagePowder|Calm|||||50|
|inactive|Battle timer is ON: inactive players will automatically lose when time's up. (requested by Billieholi)
|
|t:|1782193686
|teamsize|p1|4
|teamsize|p2|4
|start
|switch|p1a: Audino|Audino, L50, F, shiny|100/100
|switch|p1b: Hatterene|Hatterene, L50, F|100/100
|switch|p2a: Sableye|Sableye, L50, M, shiny|100/100
|switch|p2b: Floette|Floette-Eternal, L50, F|100/100
|turn|1
|
|t:|1782193698
|detailschange|p1a: Audino|Audino-Mega, L50, F, shiny
|-mega|p1a: Audino|Audino|Audinite
|move|p2a: Sableye|Fake Out|p1a: Audino
|-damage|p1a: Audino|95/100
|move|p2b: Floette|Calm Mind|p2b: Floette
|-boost|p2b: Floette|spa|1
|-boost|p2b: Floette|spd|1
|cant|p1a: Audino|flinch
|move|p1b: Hatterene|Trick Room|p1b: Hatterene
|-fieldstart|move: Trick Room|[of] p1b: Hatterene
|
|upkeep
|turn|2
|
|t:|1782193719
|switch|p2a: Dragonite|Dragonite, L50, M, shiny|100/100
|detailschange|p2b: Floette|Floette-Mega, L50, F
|-mega|p2b: Floette|Floette|Floettite
|-ability|p2b: Floette|Fairy Aura
|move|p1b: Hatterene|Dazzling Gleam|p2b: Floette|[spread] p2a,p2b
|-supereffective|p2a: Dragonite|1
|-damage|p2a: Dragonite|0 fnt
|-damage|p2b: Floette|67/100
|faint|p2a: Dragonite
|-damage|p1b: Hatterene|90/100|[from] item: Life Orb
|move|p1a: Audino|Simple Beam|p1b: Hatterene
|move|p1b: Hatterene|Simple Beam|p1a: Audino|[from] ability: Magic Bounce
|-ability|p1a: Audino|Simple|Healer|[from] move: Simple Beam
|move|p2b: Floette|Dazzling Gleam|p1b: Hatterene|[spread] p1a,p1b
|-damage|p1a: Audino|46/100
|-damage|p1b: Hatterene|23/100
|
|upkeep
|
|t:|1782193737
|switch|p2a: Sableye|Sableye, L50, M, shiny|100/100
|turn|3
|
|t:|1782193746
|switch|p1b: Sinistcha|Sinistcha, L50|100/100
|-heal|p1a: Audino|70/100|[from] ability: Hospitality|[of] p1b: Sinistcha
|move|p2a: Sableye|Fake Out|p1b: Sinistcha
|-immune|p1b: Sinistcha
|move|p1a: Audino|Calm Mind|p1a: Audino
|-boost|p1a: Audino|spa|2
|-boost|p1a: Audino|spd|2
|move|p2b: Floette|Dazzling Gleam|p1b: Sinistcha|[spread] p1a,p1b
|-damage|p1a: Audino|47/100
|-damage|p1b: Sinistcha|13/100
|-enditem|p1b: Sinistcha|Sitrus Berry|[eat]
|-heal|p1b: Sinistcha|38/100|[from] item: Sitrus Berry
|
|upkeep
|turn|4
|
|t:|1782193762
|move|p2a: Sableye|Rain Dance|p2a: Sableye
|-weather|RainDance
|move|p1a: Audino|Dazzling Gleam|p2b: Floette|[spread] p2a,p2b
|-supereffective|p2a: Sableye|1
|-damage|p2a: Sableye|0 fnt
|-damage|p2b: Floette|41/100
|faint|p2a: Sableye
|move|p1b: Sinistcha|Life Dew|p1b: Sinistcha|[spread] p1a,p1b
|-heal|p1a: Audino|72/100
|-heal|p1b: Sinistcha|63/100
|move|p2b: Floette|Calm Mind|p2b: Floette
|-boost|p2b: Floette|spa|1
|-boost|p2b: Floette|spd|1
|
|-weather|RainDance|[upkeep]
|upkeep
|
|t:|1782193774
|switch|p2a: Swampert|Swampert, L50, M, shiny|100/100
|turn|5
|
|t:|1782193799
|switch|p1b: Hatterene|Hatterene, L50, F|23/100
|move|p1a: Audino|Calm Mind|p1a: Audino
|-boost|p1a: Audino|spa|2
|-boost|p1a: Audino|spd|2
|move|p2a: Swampert|Ice Punch|p1b: Hatterene
|-damage|p1b: Hatterene|0 fnt
|faint|p1b: Hatterene
|move|p2b: Floette|Dazzling Gleam|p1a: Audino
|-damage|p1a: Audino|44/100
|
|-weather|RainDance|[upkeep]
|-fieldend|move: Trick Room
|upkeep
|
|t:|1782193806
|switch|p1b: Sinistcha|Sinistcha, L50|63/100
|-heal|p1a: Audino|69/100|[from] ability: Hospitality|[of] p1b: Sinistcha
|turn|6
|
|t:|1782193815
|move|p2b: Floette|Dazzling Gleam|p1a: Audino|[spread] p1a,p1b
|-damage|p1a: Audino|49/100
|-damage|p1b: Sinistcha|0 fnt
|faint|p1b: Sinistcha
|move|p2a: Swampert|Ice Punch|p1a: Audino
|-damage|p1a: Audino|35/100
|-status|p1a: Audino|frz
|cant|p1a: Audino|frz
|
|-weather|RainDance|[upkeep]
|upkeep
|
|t:|1782193822
|switch|p1b: Sneasler|Sneasler, L50, F, shiny|100/100
|turn|7
|
|t:|1782193832
|move|p2b: Floette|Protect|p2b: Floette
|-singleturn|p2b: Floette|Protect
|move|p1b: Sneasler|Dire Claw|p2b: Floette
|-activate|p2b: Floette|move: Protect
|move|p2a: Swampert|Earthquake|p1a: Audino|[spread] p1a,p1b
|-activate|p2b: Floette|move: Protect
|-supereffective|p1b: Sneasler|1
|-damage|p1a: Audino|12/100 frz
|-damage|p1b: Sneasler|0 fnt
|faint|p1b: Sneasler
|cant|p1a: Audino|frz
|
|-weather|RainDance|[upkeep]
|upkeep
|turn|8
|-message|Billieholi forfeited.
|
|win|yosiel
|l|☆Billieholi
|player|p1|
|raw|Billieholi's rating: 1000 → 1000(+0 for losing)
|raw|yosiel's rating: 1013 → 1050(+37 for winning)
