|j|☆ruti3131
|j|☆CarrettaVGC
|html|ruti3131CarrettaVGC    
|uhtml|bestof|Game 1 of a best-of-3
|t:|1783645405
|gametype|doubles
|player|p1|ruti3131|265|1009
|player|p2|CarrettaVGC|169|1104
|gen|9
|tier|[Gen 9 Champions] VGC 2026 Reg M-B (Bo3)
|rated|
|rule|Species Clause: Limit one of each Pokémon
|rule|Item Clause: Limit 1 of each item
|clearpoke
|poke|p1|Drampa, L50, M|
|poke|p1|Torkoal, L50, M|
|poke|p1|Sylveon, L50, F|
|poke|p1|Farigiraf, L50, M|
|poke|p1|Blastoise, L50, F|
|poke|p1|Sinistcha, L50|
|poke|p2|Garchomp, L50, M|
|poke|p2|Venusaur, L50, M|
|poke|p2|Incineroar, L50, F|
|poke|p2|Charizard, L50, F|
|poke|p2|Toxapex, L50, F|
|poke|p2|Annihilape, L50, F|
|teampreview|4
|showteam|p1|Drampa||Drampanite|CloudNine|HeatWave,Protect,DracoMeteor,TriAttack|Quiet||M|||50|]Torkoal||HeatRock|Drought|Protect,Eruption,SolarBeam,Amnesia|Sassy||M|||50|]Sylveon||FairyFeather|Pixilate|HyperBeam,HyperVoice,Protect,Moonblast|Relaxed||F|||50|]Farigiraf||Leftovers|ArmorTail|HelpingHand,Thunderbolt,TrickRoom,TwinBeam|Quiet||M|||50|]Blastoise||Blastoisinite|Torrent|FakeOut,WaterSpout,DarkPulse,Protect|Quiet||F|||50|]Sinistcha||SitrusBerry|Hospitality|TrickRoom,MatchaGotcha,LifeDew,RagePowder|Quiet|||||50|
|showteam|p2|Garchomp||ChoiceScarf|RoughSkin|Earthquake,RockSlide,DragonClaw,StompingTantrum|Adamant||M|||50|]Venusaur||LifeOrb|Chlorophyll|SludgeBomb,SolarBeam,EarthPower,Protect|Modest||M|||50|]Incineroar||SitrusBerry|Intimidate|FakeOut,FlareBlitz,ThroatChop,PartingShot|Impish||F|||50|]Charizard||CharizarditeY|Blaze|HeatWave,WeatherBall,Protect,HelpingHand|Modest||F|||50|]Toxapex||Leftovers|Regenerator|Infestation,Toxic,WideGuard,BanefulBunker|Impish||F|||50|]Annihilape||FocusSash|Defiant|CloseCombat,PhantomForce,RockTomb,Protect|Jolly||F|||50|
|inactive|Battle timer is ON: inactive players will automatically lose when time's up. (requested by CarrettaVGC)
|inactive|ruti3131 has 60 seconds left.
|inactive|CarrettaVGC has 60 seconds left.
|
|t:|1783645458
|teamsize|p1|4
|teamsize|p2|4
|start
|switch|p1a: Farigiraf|Farigiraf, L50, M|100/100
|switch|p1b: Blastoise|Blastoise, L50, F|100/100
|switch|p2a: Garchomp|Garchomp, L50, M|100/100
|switch|p2b: Charizard|Charizard, L50, F|100/100
|turn|1
|inactive|ruti3131 has 30 seconds left.
|
|t:|1783645486
|detailschange|p2b: Charizard|Charizard-Mega-Y, L50, F
|-mega|p2b: Charizard|Charizard|Charizardite Y
|-weather|SunnyDay|[from] ability: Drought|[of] p2b: Charizard
|detailschange|p1b: Blastoise|Blastoise-Mega, L50, F
|-mega|p1b: Blastoise|Blastoise|Blastoisinite
|move|p1b: Blastoise|Fake Out|p2b: Charizard
|-damage|p2b: Charizard|91/100
|move|p2a: Garchomp|Earthquake|p1b: Blastoise|[spread] p1a,p1b
|-immune|p2b: Charizard
|-damage|p1a: Farigiraf|65/100
|-damage|p1b: Blastoise|66/100
|cant|p2b: Charizard|flinch
|move|p1a: Farigiraf|Trick Room|p1a: Farigiraf
|-fieldstart|move: Trick Room|[of] p1a: Farigiraf
|
|-weather|SunnyDay|[upkeep]
|-heal|p1a: Farigiraf|71/100|[from] item: Leftovers
|upkeep
|turn|2
|
|t:|1783645507
|switch|p2a: Toxapex|Toxapex, L50, F|100/100
|move|p1a: Farigiraf|Helping Hand|p1b: Blastoise
|-singleturn|p1b: Blastoise|Helping Hand|[of] p1a: Farigiraf
|move|p2b: Charizard|Protect|p2b: Charizard
|-singleturn|p2b: Charizard|Protect
|move|p1b: Blastoise|Water Spout|p2b: Charizard|[spread] p2a
|-activate|p2b: Charizard|move: Protect
|-resisted|p2a: Toxapex|1
|-crit|p2a: Toxapex
|-damage|p2a: Toxapex|83/100
|
|-weather|SunnyDay|[upkeep]
|-heal|p2a: Toxapex|89/100|[from] item: Leftovers
|-heal|p1a: Farigiraf|77/100|[from] item: Leftovers
|upkeep
|turn|3
|inactive|CarrettaVGC has 30 seconds left.
|
|t:|1783645542
|move|p1a: Farigiraf|Helping Hand|p1b: Blastoise
|-singleturn|p1b: Blastoise|Helping Hand|[of] p1a: Farigiraf
|move|p2a: Toxapex|Baneful Bunker|p2a: Toxapex
|-singleturn|p2a: Toxapex|move: Protect
|move|p1b: Blastoise|Water Spout|p2b: Charizard|[spread] p2b
|-activate|p2a: Toxapex|move: Protect
|-supereffective|p2b: Charizard|1
|-crit|p2b: Charizard
|-damage|p2b: Charizard|8/100
|move|p2b: Charizard|Weather Ball|p1a: Farigiraf
|-damage|p1a: Farigiraf|7/100
|
|-weather|SunnyDay|[upkeep]
|-heal|p2a: Toxapex|94/100|[from] item: Leftovers
|-heal|p1a: Farigiraf|13/100|[from] item: Leftovers
|upkeep
|turn|4
|
|t:|1783645564
|move|p2b: Charizard|Protect|p2b: Charizard
|-singleturn|p2b: Charizard|Protect
|move|p2a: Toxapex|Toxic|p1b: Blastoise
|-status|p1b: Blastoise|tox
|move|p1a: Farigiraf|Twin Beam|p2a: Toxapex
|-supereffective|p2a: Toxapex|1
|-damage|p2a: Toxapex|66/100
|-supereffective|p2a: Toxapex|1
|-crit|p2a: Toxapex
|-damage|p2a: Toxapex|28/100
|-hitcount|p2a: Toxapex|2
|move|p1b: Blastoise|Water Spout|p2b: Charizard|[spread] p2a
|-activate|p2b: Charizard|move: Protect
|-resisted|p2a: Toxapex|1
|-damage|p2a: Toxapex|19/100
|
|-weather|SunnyDay|[upkeep]
|-heal|p2a: Toxapex|25/100|[from] item: Leftovers
|-heal|p1a: Farigiraf|19/100|[from] item: Leftovers
|-damage|p1b: Blastoise|60/100 tox|[from] psn
|upkeep
|turn|5
|
|t:|1783645588
|switch|p2b: Garchomp|Garchomp, L50, M|100/100
|move|p2a: Toxapex|Wide Guard|p2a: Toxapex
|-singleturn|p2a: Toxapex|Wide Guard
|move|p1a: Farigiraf|Thunderbolt|p2b: Garchomp
|-immune|p2b: Garchomp
|move|p1b: Blastoise|Dark Pulse|p2a: Toxapex
|-damage|p2a: Toxapex|0 fnt
|faint|p2a: Toxapex
|
|-weather|none
|-heal|p1a: Farigiraf|25/100|[from] item: Leftovers
|-damage|p1b: Blastoise|49/100 tox|[from] psn
|-fieldend|move: Trick Room
|upkeep
|inactive|CarrettaVGC has 30 seconds left.
|
|t:|1783645619
|switch|p2a: Charizard|Charizard-Mega-Y, L50, F|8/100
|-weather|SunnyDay|[from] ability: Drought|[of] p2a: Charizard
|turn|6
|inactive|ruti3131 has 30 seconds left.
|
|t:|1783645646
|switch|p1a: Sinistcha|Sinistcha, L50|100/100
|-heal|p1b: Blastoise|74/100 tox|[from] ability: Hospitality|[of] p1a: Sinistcha
|move|p1b: Blastoise|Protect|p1b: Blastoise
|-singleturn|p1b: Blastoise|Protect
|move|p2b: Garchomp|Earthquake|p1a: Sinistcha|[spread] p1a
|-activate|p1b: Blastoise|move: Protect
|-immune|p2a: Charizard
|-resisted|p1a: Sinistcha|1
|-damage|p1a: Sinistcha|81/100
|move|p2a: Charizard|Weather Ball|p1b: Blastoise
|-activate|p1b: Blastoise|move: Protect
|
|-weather|SunnyDay|[upkeep]
|-damage|p1b: Blastoise|56/100 tox|[from] psn
|upkeep
|turn|7
|inactive|ruti3131 has 30 seconds left.
|
|t:|1783645680
|switch|p1b: Farigiraf|Farigiraf, L50, M|25/100
|move|p2b: Garchomp|Earthquake|p1a: Sinistcha|[spread] p1a,p1b
|-immune|p2a: Charizard
|-resisted|p1a: Sinistcha|1
|-crit|p1a: Sinistcha
|-damage|p1a: Sinistcha|54/100
|-damage|p1b: Farigiraf|0 fnt
|faint|p1b: Farigiraf
|move|p2a: Charizard|Heat Wave|p1a: Sinistcha
|-supereffective|p1a: Sinistcha|1
|-damage|p1a: Sinistcha|0 fnt
|faint|p1a: Sinistcha
|
|-weather|SunnyDay|[upkeep]
|upkeep
|
|t:|1783645696
|switch|p1a: Sylveon|Sylveon, L50, F|100/100
|switch|p1b: Blastoise|Blastoise-Mega, L50, F|56/100 tox
|turn|8
|
|t:|1783645708
|move|p2a: Charizard|Protect|p2a: Charizard
|-singleturn|p2a: Charizard|Protect
|move|p1b: Blastoise|Fake Out|p2b: Garchomp
|-damage|p2b: Garchomp|91/100
|-damage|p1b: Blastoise|44/100 tox|[from] ability: Rough Skin|[of] p2b: Garchomp
|cant|p2b: Garchomp|flinch
|move|p1a: Sylveon|Hyper Voice|p2b: Garchomp|[spread] p2b
|-activate|p2a: Charizard|move: Protect
|-supereffective|p2b: Garchomp|1
|-damage|p2b: Garchomp|0 fnt
|faint|p2b: Garchomp
|
|-weather|SunnyDay|[upkeep]
|-damage|p1b: Blastoise|39/100 tox|[from] psn
|upkeep
|
|t:|1783645713
|switch|p2b: Venusaur|Venusaur, L50, M|100/100
|turn|9
|inactive|ruti3131 has 30 seconds left.
|
|t:|1783645738
|move|p1b: Blastoise|Protect|p1b: Blastoise
|-singleturn|p1b: Blastoise|Protect
|move|p1a: Sylveon|Protect|p1a: Sylveon
|-singleturn|p1a: Sylveon|Protect
|move|p2b: Venusaur|Sludge Bomb|p1a: Sylveon
|-activate|p1a: Sylveon|move: Protect
|move|p2a: Charizard|Heat Wave|p1b: Blastoise|[spread] 
|-activate|p1a: Sylveon|move: Protect
|-activate|p1b: Blastoise|move: Protect
|
|-weather|SunnyDay|[upkeep]
|-damage|p1b: Blastoise|27/100 tox|[from] psn
|upkeep
|turn|10
|inactive|CarrettaVGC has 30 seconds left.
|
|t:|1783645765
|move|p1a: Sylveon|Protect|p1a: Sylveon
|-singleturn|p1a: Sylveon|Protect
|move|p2b: Venusaur|Sludge Bomb|p1a: Sylveon
|-activate|p1a: Sylveon|move: Protect
|move|p2a: Charizard|Weather Ball|p1b: Blastoise
|-resisted|p1b: Blastoise|1
|-damage|p1b: Blastoise|0 fnt
|faint|p1b: Blastoise
|
|-weather|none
|upkeep
|turn|11
|
|t:|1783645778
|move|p2a: Charizard|Heat Wave|p1a: Sylveon
|-damage|p1a: Sylveon|56/100
|move|p2b: Venusaur|Sludge Bomb|p1a: Sylveon
|-supereffective|p1a: Sylveon|1
|-damage|p1a: Sylveon|0 fnt
|faint|p1a: Sylveon
|-damage|p2b: Venusaur|90/100|[from] item: Life Orb
|
|win|CarrettaVGC
||CarrettaVGC is ready for game 2.
|inactive|ruti3131 has 30 seconds to confirm battle start!
|inactive|ruti3131 has 20 seconds to confirm battle start!
|inactive|ruti3131 has 10 seconds to confirm battle start!
|uhtml|next|Next: Game 2 of 3
