|j|☆epic17x
|j|☆GionnyBravo
|html|epic17xGionnyBravo    
|uhtml|bestof|Game 2 of a best-of-3
|t:|1756487672
|gametype|doubles
|player|p1|epic17x|steven|1352
|player|p2|GionnyBravo|rood|1352
|gen|9
|tier|[Gen 9] VGC 2025 Reg H (Bo3)
|rated|
|rule|Species Clause: Limit one of each Pokémon
|rule|Item Clause: Limit 1 of each item
|clearpoke
|poke|p1|Ninetales-Alola, L50, F|
|poke|p1|Rillaboom, L50, F|
|poke|p1|Magmar, L50, F|
|poke|p1|Sneasler, L50, M|
|poke|p1|Kingambit, L50, M|
|poke|p1|Basculegion, L50, M|
|poke|p2|Volcarona, L50, M|
|poke|p2|Indeedee, L50, M|
|poke|p2|Ursaluna-Bloodmoon, L50, M|
|poke|p2|Sneasler, L50, M|
|poke|p2|Tyranitar, L50, F|
|poke|p2|Annihilape, L50, F|
|teampreview|4
|showteam|p1|Ninetales-Alola||NeverMeltIce|SnowWarning|Blizzard,FreezeDry,Encore,Protect|||F|||50|,,,,,Ghost]Rillaboom||AssaultVest|GrassySurge|WoodHammer,FakeOut,Uturn,GrassyGlide|||F|||50|,,,,,Ghost]Magmar||Eviolite|VitalSpirit|Protect,HeatWave,WillOWisp,FollowMe|||F|||50|,,,,,Ghost]Sneasler||FocusSash|PoisonTouch|FakeOut,DireClaw,CloseCombat,Protect|||M|||50|,,,,,Ghost]Kingambit||BlackGlasses|Defiant|KowtowCleave,SwordsDance,SuckerPunch,Protect|||M|||50|,,,,,Fire]Basculegion||ChoiceScarf|Adaptability|WaveCrash,FlipTurn,TeraBlast,LastRespects|||M|||50|,,,,,Fighting
|showteam|p2|Volcarona||SitrusBerry|FlameBody|RagePowder,Tailwind,StruggleBug,Overheat|||M|||50|,,,,,Water]Indeedee||ChoiceScarf|PsychicSurge|ExpandingForce,TeraBlast,Trick,Protect|||M|||50|,,,,,Fairy]Ursaluna-Bloodmoon||LifeOrb|MindsEye|EarthPower,BloodMoon,HyperVoice,Protect|||M|||50|,,,,,Normal]Sneasler||PsychicSeed|Unburden|DireClaw,CloseCombat,Taunt,Protect|||M|||50|,,,,,Stellar]Tyranitar||AssaultVest|SandStream|RockSlide,KnockOff,TeraBlast,LowKick|||F|||50|,,,,,Flying]Annihilape||SafetyGoggles|Defiant|BulkUp,DrainPunch,RageFist,Protect|||F|||50|,,,,,Water
|inactive|Battle timer is ON: inactive players will automatically lose when time's up. (requested by epic17x)
|inactive|GionnyBravo has 60 seconds left.
|
|t:|1756487706
|teamsize|p1|4
|teamsize|p2|4
|start
|switch|p1a: Magmar|Magmar, L50, F|100/100
|switch|p1b: Kingambit|Kingambit, L50, M|100/100
|switch|p2a: Ursaluna|Ursaluna-Bloodmoon, L50, M|100/100
|switch|p2b: Tyranitar|Tyranitar, L50, F|100/100
|-weather|Sandstorm|[from] ability: Sand Stream|[of] p2b: Tyranitar
|turn|1
|
|t:|1756487731
|move|p1a: Magmar|Follow Me|p1a: Magmar
|-singleturn|p1a: Magmar|move: Follow Me
|move|p2b: Tyranitar|Knock Off|p1a: Magmar
|-damage|p1a: Magmar|59/100
|-enditem|p1a: Magmar|Eviolite|[from] move: Knock Off|[of] p2b: Tyranitar
|move|p2a: Ursaluna|Earth Power|p1a: Magmar
|-supereffective|p1a: Magmar
|-damage|p1a: Magmar|0 fnt
|faint|p1a: Magmar
|-damage|p2a: Ursaluna|91/100|[from] item: Life Orb
|move|p1b: Kingambit|Swords Dance|p1b: Kingambit
|-boost|p1b: Kingambit|atk|2
|
|-weather|Sandstorm|[upkeep]
|upkeep
|
|t:|1756487740
|switch|p1a: Sneasler|Sneasler, L50, M|100/100
|turn|2
|inactive|GionnyBravo has 30 seconds left.
|
|t:|1756487768
|switch|p2a: Volcarona|Volcarona, L50, M|100/100
|-terastallize|p1b: Kingambit|Fire
|move|p1a: Sneasler|Close Combat|p2a: Volcarona
|-resisted|p2a: Volcarona
|-damage|p2a: Volcarona|69/100
|-unboost|p1a: Sneasler|def|1
|-unboost|p1a: Sneasler|spd|1
|move|p2b: Tyranitar|Low Kick|p1b: Kingambit
|-damage|p1b: Kingambit|72/100
|move|p1b: Kingambit|Kowtow Cleave|p2b: Tyranitar
|-resisted|p2b: Tyranitar
|-damage|p2b: Tyranitar|48/100
|
|-weather|Sandstorm|[upkeep]
|-damage|p1a: Sneasler|95/100|[from] Sandstorm
|-damage|p2a: Volcarona|63/100|[from] Sandstorm
|-damage|p1b: Kingambit|66/100|[from] Sandstorm
|upkeep
|turn|3
|inactive|GionnyBravo has 30 seconds left.
|
|t:|1756487801
|move|p1a: Sneasler|Protect|p1a: Sneasler
|-singleturn|p1a: Sneasler|Protect
|move|p2a: Volcarona|Rage Powder|p2a: Volcarona
|-singleturn|p2a: Volcarona|move: Rage Powder
|move|p2b: Tyranitar|Rock Slide|p1b: Kingambit|[spread] p1b
|-activate|p1a: Sneasler|move: Protect
|-supereffective|p1b: Kingambit
|-damage|p1b: Kingambit|17/100
|move|p1b: Kingambit|Kowtow Cleave|p2a: Volcarona
|-damage|p2a: Volcarona|0 fnt
|faint|p2a: Volcarona
|
|-weather|Sandstorm|[upkeep]
|-damage|p1a: Sneasler|89/100|[from] Sandstorm
|-damage|p1b: Kingambit|11/100|[from] Sandstorm
|upkeep
|
|t:|1756487818
|switch|p2a: Sneasler|Sneasler, L50, M|100/100
|turn|4
|
|t:|1756487829
|-terastallize|p2b: Tyranitar|Flying
|move|p1b: Kingambit|Sucker Punch|p2a: Sneasler
|-resisted|p2a: Sneasler
|-damage|p2a: Sneasler|10/100
|move|p1a: Sneasler|Dire Claw|p2a: Sneasler
|-resisted|p2a: Sneasler
|-damage|p2a: Sneasler|0 fnt
|faint|p2a: Sneasler
|move|p2b: Tyranitar|Tera Blast|p1a: Sneasler|[anim] Tera Blast Flying
|-supereffective|p1a: Sneasler
|-damage|p1a: Sneasler|0 fnt
|faint|p1a: Sneasler
|
|-weather|Sandstorm|[upkeep]
|-damage|p2b: Tyranitar|42/100|[from] Sandstorm
|-damage|p1b: Kingambit|5/100|[from] Sandstorm
|upkeep
|
|t:|1756487838
|switch|p1a: Rillaboom|Rillaboom, L50, F|100/100
|switch|p2a: Ursaluna|Ursaluna-Bloodmoon, L50, M|91/100
|-fieldstart|move: Grassy Terrain|[from] ability: Grassy Surge|[of] p1a: Rillaboom
|turn|5
|
|t:|1756487852
|move|p2a: Ursaluna|Protect|p2a: Ursaluna
|-singleturn|p2a: Ursaluna|Protect
|move|p1b: Kingambit|Sucker Punch|p2b: Tyranitar
|-damage|p2b: Tyranitar|0 fnt
|faint|p2b: Tyranitar
|move|p1a: Rillaboom|Wood Hammer|p2a: Ursaluna
|-activate|p2a: Ursaluna|move: Protect
|
|-weather|none
|-heal|p2a: Ursaluna|97/100|[from] Grassy Terrain
|-heal|p1b: Kingambit|11/100|[from] Grassy Terrain
|upkeep
|turn|6
|-message|GionnyBravo forfeited.
|raw|epic17x's rating: 1352 → 1372(+20 for winning)
|raw|GionnyBravo's rating: 1352 → 1332(-20 for losing)
|
|win|epic17x
|l|☆GionnyBravo
|player|p2|
|l|☆epic17x
|player|p1|
|j|☆epic17x
|player|p1|epic17x|steven|
