|j|☆nastynye
|j|☆lootlock
|html|nastynyelootlock    
|uhtml|bestof|Game 1 of a best-of-3
|t:|1783724617
|gametype|doubles
|player|p1|nastynye|pokemonranger-gen4|
|player|p2|lootlock|ghetsis|
|gen|9
|tier|[Gen 9 Champions] VGC 2026 Reg M-B (Bo3)
|rule|Species Clause: Limit one of each Pokémon
|rule|Item Clause: Limit 1 of each item
|clearpoke
|poke|p1|Aggron, L50, F, shiny|
|poke|p1|Sneasler, L50, F|
|poke|p1|Scizor, L50, M|
|poke|p1|Garchomp, L50, F, shiny|
|poke|p1|Weavile, L50, M, shiny|
|poke|p1|Dragapult, L50, M, shiny|
|poke|p2|Annihilape, L50, M, shiny|
|poke|p2|Maushold, L50, shiny|
|poke|p2|Farigiraf, L50, F, shiny|
|poke|p2|Zoroark-Hisui, L50, M, shiny|
|poke|p2|Alakazam, L50, M, shiny|
|poke|p2|Dragonite, L50, M, shiny|
|teampreview|4
|showteam|p1|Aggron||Aggronite|HeavyMetal|HeavySlam,Earthquake,BodyPress,Outrage|Adamant||F|||50|]Sneasler||WhiteHerb|Unburden|CloseCombat,FakeOut,Protect,XScissor|Adamant||F|||50|]Scizor||OccaBerry|Technician|CloseCombat,BulletPunch,BugBite,AerialAce|Adamant||M|||50|]Garchomp||Leftovers|RoughSkin|Protect,Earthquake,DragonTail,IronHead|Jolly||F|||50|]Weavile||LifeOrb|Pickpocket|FakeOut,KnockOff,IceShard,PoisonJab|Jolly||M|||50|]Dragapult||ExpertBelt|ClearBody|Outrage,Fly,BodySlam,SuckerPunch|Jolly||M|||50|
|showteam|p2|Annihilape||SitrusBerry|Defiant|RageFist,DrainPunch,ShadowClaw,IcePunch|Quirky||M|||50|]Maushold||FocusSash|FriendGuard|FollowMe,Protect,BabyDollEyes,BeatUp|Serious|||||50|]Farigiraf||QuickClaw|ArmorTail|TwinBeam,DazzlingGleam,TrickRoom,Psychic|Serious||F|||50|]Zoroark-Hisui||LifeOrb|Illusion|IcyWind,ShadowBall,Flamethrower,WillOWisp|Serious||M|||50|]Alakazam||Alakazite|InnerFocus|CalmMind,Psychic,FocusBlast,Psyshock|Serious||M|||50|]Dragonite||Dragoninite|Multiscale|DracoMeteor,ExtremeSpeed,Thunder,Flamethrower|Serious||M|||50|
|inactive|Battle timer is ON: inactive players will automatically lose when time's up. (requested by nastynye)
|
|t:|1783724643
|teamsize|p1|4
|teamsize|p2|4
|start
|switch|p1a: SneazyFBaby|Sneasler, L50, F|100/100
|switch|p1b: BORDERPATROL|Aggron, L50, F, shiny|100/100
|switch|p2a: Farigiraf|Farigiraf, L50, F, shiny|100/100
|switch|p2b: Annihilape|Annihilape, L50, M, shiny|100/100
|turn|1
|inactive|nastynye has 30 seconds left.
|inactive|lootlock has 30 seconds left.
|
|t:|1783724672
|detailschange|p1b: BORDERPATROL|Aggron-Mega, L50, F, shiny
|-mega|p1b: BORDERPATROL|Aggron|Aggronite
|move|p1a: SneazyFBaby|Fake Out||[still]
|cant|p2a: Farigiraf|ability: Armor Tail|Fake Out|[of] p1a: SneazyFBaby
|move|p2b: Annihilape|Flamethrower|p1b: BORDERPATROL
|-supereffective|p1b: BORDERPATROL|1
|-damage|p1b: BORDERPATROL|12/100
|-damage|p2b: Annihilape|90/100|[from] item: Life Orb
|move|p1b: BORDERPATROL|Heavy Slam|p2b: Annihilape
|-damage|p2b: Annihilape|0 fnt
|replace|p2b: Zoroark|Zoroark-Hisui, L50, M, shiny
|-end|p2b: Zoroark|Illusion
|faint|p2b: Zoroark
|move|p2a: Farigiraf|Trick Room|p2a: Farigiraf
|-fieldstart|move: Trick Room|[of] p2a: Farigiraf
|
|upkeep
|
|t:|1783724695
|switch|p2b: Alakazam|Alakazam, L50, M, shiny|100/100
|turn|2
|
|t:|1783724712
|move|p1a: SneazyFBaby|Protect|p1a: SneazyFBaby
|-singleturn|p1a: SneazyFBaby|Protect
|move|p1b: BORDERPATROL|Outrage|p2a: Farigiraf
|-damage|p2a: Farigiraf|46/100
|move|p2a: Farigiraf|Twin Beam|p1a: SneazyFBaby
|-activate|p1a: SneazyFBaby|move: Protect
|move|p2b: Alakazam|Focus Blast|p1b: BORDERPATROL|[miss]
|-miss|p2b: Alakazam|p1b: BORDERPATROL
|
|upkeep
|turn|3
|inactive|lootlock has 30 seconds left.
|
|t:|1783724740
|move|p1b: BORDERPATROL|Outrage|p2b: Alakazam|[from] lockedmove
|-damage|p2b: Alakazam|0 fnt
|faint|p2b: Alakazam
|move|p2a: Farigiraf|Twin Beam|p1a: SneazyFBaby
|-supereffective|p1a: SneazyFBaby|2
|-damage|p1a: SneazyFBaby|1/100
|-supereffective|p1a: SneazyFBaby|2
|-damage|p1a: SneazyFBaby|0 fnt
|faint|p1a: SneazyFBaby
|-hitcount|p1: SneazyFBaby|2
|
|upkeep
|
|t:|1783724755
|switch|p2b: Annihilape|Annihilape, L50, M, shiny|100/100
|switch|p1a: GhostofTsushima|Dragapult, L50, M, shiny|100/100
|turn|4
|
|t:|1783724774
|move|p1a: GhostofTsushima|Sucker Punch||[still]
|cant|p2a: Farigiraf|ability: Armor Tail|Sucker Punch|[of] p1a: GhostofTsushima
|move|p1b: BORDERPATROL|Outrage|p2b: Annihilape|[from] lockedmove
|-damage|p2b: Annihilape|54/100
|-start|p1b: BORDERPATROL|confusion|[fatigue]
|move|p2a: Farigiraf|Dazzling Gleam|p1a: GhostofTsushima|[spread] p1a,p1b
|-supereffective|p1a: GhostofTsushima|1
|-resisted|p1b: BORDERPATROL|1
|-damage|p1a: GhostofTsushima|52/100
|-damage|p1b: BORDERPATROL|0 fnt
|faint|p1b: BORDERPATROL
|move|p2b: Annihilape|Ice Punch|p1a: GhostofTsushima
|-supereffective|p1a: GhostofTsushima|1
|-damage|p1a: GhostofTsushima|0 fnt
|faint|p1a: GhostofTsushima
|
|upkeep
|
|t:|1783724793
|switch|p1b: Sinnoh'sPlague|Garchomp, L50, F, shiny|100/100
|turn|5
|
|t:|1783724802
|move|p2a: Farigiraf|Dazzling Gleam|p1b: Sinnoh'sPlague
|-supereffective|p1b: Sinnoh'sPlague|1
|-damage|p1b: Sinnoh'sPlague|42/100
|move|p2b: Annihilape|Ice Punch|p1b: Sinnoh'sPlague
|-supereffective|p1b: Sinnoh'sPlague|2
|-damage|p1b: Sinnoh'sPlague|0 fnt
|-damage|p2b: Annihilape|41/100|[from] ability: Rough Skin|[of] p1b: Sinnoh'sPlague
|-enditem|p2b: Annihilape|Sitrus Berry|[eat]
|-heal|p2b: Annihilape|66/100|[from] item: Sitrus Berry
|faint|p1b: Sinnoh'sPlague
|
|win|lootlock
|inactive|nastynye has 30 seconds to confirm battle start!
|inactive|lootlock has 30 seconds to confirm battle start!
