|j|â˜†Merisan
|j|â˜†castoriceball
|html|Merisancastoriceball    
|uhtml|bestof|Game 2 of a best-of-3
|t:|1783736955
|gametype|doubles
|player|p1|Merisan|kieran|
|player|p2|castoriceball|miku-flying|
|gen|9
|tier|[Gen 9 Champions] VGC 2026 Reg M-B (Bo3)
|rule|Species Clause: Limit one of each PokÃ©mon
|rule|Item Clause: Limit 1 of each item
|clearpoke
|poke|p1|Tyranitar, L50, M|
|poke|p1|Corviknight, L50, F|
|poke|p1|Kommo-o, L50, F|
|poke|p1|Whimsicott, L50, F|
|poke|p1|Ceruledge, L50, F|
|poke|p1|Milotic, L50, F|
|poke|p2|Garchomp, L50, M|
|poke|p2|Floette-Eternal, L50, F|
|poke|p2|Talonflame, L50, F|
|poke|p2|Rotom-Wash, L50, shiny|
|poke|p2|Ceruledge, L50, M|
|poke|p2|Sneasler, L50, F|
|teampreview|4
|showteam|p1|Tyranitar||Tyranitarite|SandStream|KnockOff,RockSlide,LowKick,Protect|Adamant||M|||50|]Corviknight||OccaBerry|MirrorArmor|IronHead,BraveBird,BulkUp,Roost|Careful||F|||50|]Kommo-o||LifeOrb|Soundproof|AuraSphere,ClangingScales,FlashCannon,Protect|Modest||F|||50|]Whimsicott||FairyFeather|Prankster|Moonblast,Encore,Protect,Tailwind|Bold||F|||50|]Ceruledge||ColburBerry|FlashFire|BitterBlade,Poltergeist,ShadowSneak,Protect|Adamant||F|||50|]Milotic||Leftovers|Competitive|MuddyWater,Hypnosis,Protect,Coil|Bold||F|||50|
|showteam|p2|Garchomp||LifeOrb|RoughSkin|DragonClaw,Earthquake,RockSlide,Protect|Adamant||M|||50|]Floette-Eternal||Floettite|FlowerVeil|Moonblast,DazzlingGleam,LightofRuin,Protect|Modest||F|||50|]Talonflame||SharpBeak|GaleWings|Tailwind,DualWingbeat,QuickGuard,Protect|Jolly||F|||50|]Rotom-Wash||Magnet|Levitate|Thunderbolt,HydroPump,Electroweb,Protect|Modest|||||50|]Ceruledge||ColburBerry|FlashFire|Poltergeist,BitterBlade,ShadowSneak,Protect|Adamant||M|||50|]Sneasler||FocusSash|PoisonTouch|FakeOut,CloseCombat,DireClaw,Protect|Adamant||F|||50|
|c|â˜†Merisan|anyways
|c|â˜†Merisan|game 2 anyone
|c|â˜†castoriceball|@merisan were you tryna give floette head
|c|â˜†Merisan|then im the freak innit
|
|t:|1783736996
|teamsize|p1|4
|teamsize|p2|4
|start
|switch|p1a: Corviknight|Corviknight, L50, F|100/100
|switch|p1b: Milotic|Milotic, L50, F|100/100
|switch|p2a: Snoobler|Sneasler, L50, F|100/100
|switch|p2b: $70 flutter|Floette-Eternal, L50, F|100/100
|turn|1
|
|t:|1783737017
|switch|p2b: Laundry List|Rotom-Wash, L50, shiny|100/100
|move|p2a: Snoobler|Dire Claw|p1b: Milotic
|-damage|p1b: Milotic|59/100
|move|p1b: Milotic|Coil|p1b: Milotic
|-boost|p1b: Milotic|atk|1
|-boost|p1b: Milotic|def|1
|-boost|p1b: Milotic|accuracy|1
|move|p1a: Corviknight|Bulk Up|p1a: Corviknight
|-boost|p1a: Corviknight|atk|1
|-boost|p1a: Corviknight|def|1
|
|-heal|p1b: Milotic|65/100|[from] item: Leftovers
|upkeep
|turn|2
|
|t:|1783737035
|switch|p1a: Tyranitar|Tyranitar, L50, M|100/100
|-weather|Sandstorm|[from] ability: Sand Stream|[of] p1a: Tyranitar
|move|p2a: Snoobler|Dire Claw|p1b: Milotic
|-damage|p1b: Milotic|42/100
|move|p2b: Laundry List|Electroweb|p1a: Tyranitar|[spread] p1a
|-miss|p2b: Laundry List|p1b: Milotic
|-damage|p1a: Tyranitar|86/100
|-unboost|p1a: Tyranitar|spe|1
|move|p1b: Milotic|Hypnosis|p2b: Laundry List
|-status|p2b: Laundry List|slp|[from] move: Hypnosis
|
|-weather|Sandstorm|[upkeep]
|-damage|p2a: Snoobler|94/100|[from] Sandstorm
|-damage|p2b: Laundry List|94/100 slp|[from] Sandstorm
|-damage|p1b: Milotic|36/100|[from] Sandstorm
|-heal|p1b: Milotic|42/100|[from] item: Leftovers
|upkeep
|turn|3
|c|â˜†castoriceball|my life
|
|t:|1783737054
|switch|p1a: Ceruledge|Ceruledge, L50, F|100/100
|move|p2a: Snoobler|Protect|p2a: Snoobler
|-singleturn|p2a: Snoobler|Protect
|cant|p2b: Laundry List|slp
|move|p1b: Milotic|Coil|p1b: Milotic
|-boost|p1b: Milotic|atk|1
|-boost|p1b: Milotic|def|1
|-boost|p1b: Milotic|accuracy|1
|
|-weather|Sandstorm|[upkeep]
|-damage|p2a: Snoobler|88/100|[from] Sandstorm
|-damage|p2b: Laundry List|88/100 slp|[from] Sandstorm
|-damage|p1a: Ceruledge|93/100|[from] Sandstorm
|-damage|p1b: Milotic|36/100|[from] Sandstorm
|-heal|p1b: Milotic|42/100|[from] item: Leftovers
|upkeep
|turn|4
|j| NOT_A_PENGUIN81
|
|t:|1783737069
|move|p1b: Milotic|Protect|p1b: Milotic
|-singleturn|p1b: Milotic|Protect
|move|p2a: Snoobler|Dire Claw|p1a: Ceruledge
|-resisted|p1a: Ceruledge|1
|-damage|p1a: Ceruledge|69/100
|cant|p2b: Laundry List|slp
|move|p1a: Ceruledge|Poltergeist|p2b: Laundry List
|-activate|p2b: Laundry List|move: Poltergeist|Magnet
|-damage|p2b: Laundry List|28/100 slp
|
|-weather|Sandstorm|[upkeep]
|-damage|p2a: Snoobler|83/100|[from] Sandstorm
|-damage|p2b: Laundry List|22/100 slp|[from] Sandstorm
|-damage|p1a: Ceruledge|63/100|[from] Sandstorm
|-damage|p1b: Milotic|36/100|[from] Sandstorm
|-heal|p1b: Milotic|42/100|[from] item: Leftovers
|upkeep
|turn|5
|c|â˜†castoriceball|no status
|c|â˜†castoriceball|really
|
|t:|1783737092
|move|p1a: Ceruledge|Shadow Sneak|p2b: Laundry List
|-damage|p2b: Laundry List|0 fnt
|faint|p2b: Laundry List
|move|p2a: Snoobler|Close Combat|p1a: Ceruledge
|-immune|p1a: Ceruledge
|move|p1b: Milotic|Hypnosis|p2a: Snoobler
|-status|p2a: Snoobler|slp|[from] move: Hypnosis
|
|-weather|Sandstorm|[upkeep]
|-damage|p2a: Snoobler|77/100 slp|[from] Sandstorm
|-damage|p1a: Ceruledge|57/100|[from] Sandstorm
|-damage|p1b: Milotic|36/100|[from] Sandstorm
|-heal|p1b: Milotic|42/100|[from] item: Leftovers
|upkeep
|
|t:|1783737096
|switch|p2b: jarchomp|Garchomp, L50, M|100/100
|turn|6
|
|t:|1783737108
|switch|p1a: Corviknight|Corviknight, L50, F|100/100
|cant|p2a: Snoobler|slp
|move|p2b: jarchomp|Earthquake|p1a: Corviknight|[spread] p2a,p1b
|-immune|p1a: Corviknight
|-supereffective|p2a: Snoobler|1
|-damage|p2a: Snoobler|0 fnt
|-damage|p1b: Milotic|18/100
|faint|p2a: Snoobler
|-damage|p2b: jarchomp|90/100|[from] item: Life Orb
|move|p1b: Milotic|Hypnosis|p2b: jarchomp
|-status|p2b: jarchomp|slp|[from] move: Hypnosis
|
|-weather|none
|-heal|p1b: Milotic|24/100|[from] item: Leftovers
|upkeep
|
|t:|1783737114
|switch|p2a: $70 flutter|Floette-Eternal, L50, F|100/100
|turn|7
|
|t:|1783737123
|switch|p1b: Ceruledge|Ceruledge, L50, F|57/100
|detailschange|p2a: $70 flutter|Floette-Mega, L50, F
|-mega|p2a: $70 flutter|Floette|Floettite
|-ability|p2a: $70 flutter|Fairy Aura
|move|p2a: $70 flutter|Protect|p2a: $70 flutter
|-singleturn|p2a: $70 flutter|Protect
|cant|p2b: jarchomp|slp
|move|p1a: Corviknight|Iron Head|p2a: $70 flutter
|-activate|p2a: $70 flutter|move: Protect
|
|upkeep
|turn|8
|
|t:|1783737140
|move|p1b: Ceruledge|Protect|p1b: Ceruledge
|-singleturn|p1b: Ceruledge|Protect
|cant|p2b: jarchomp|slp
|move|p2a: $70 flutter|Moonblast|p1b: Ceruledge
|-activate|p1b: Ceruledge|move: Protect
|move|p1a: Corviknight|Bulk Up|p1a: Corviknight
|-boost|p1a: Corviknight|atk|1
|-boost|p1a: Corviknight|def|1
|
|upkeep
|turn|9
|
|t:|1783737153
|move|p2a: $70 flutter|Protect|p2a: $70 flutter
|-singleturn|p2a: $70 flutter|Protect
|-curestatus|p2b: jarchomp|slp|[msg]
|move|p2b: jarchomp|Earthquake|p1b: Ceruledge|[spread] p1b
|-activate|p2a: $70 flutter|move: Protect
|-immune|p1a: Corviknight
|-supereffective|p1b: Ceruledge|1
|-damage|p1b: Ceruledge|0 fnt
|faint|p1b: Ceruledge
|-damage|p2b: jarchomp|80/100|[from] item: Life Orb
|move|p1a: Corviknight|Iron Head|p2a: $70 flutter
|-activate|p2a: $70 flutter|move: Protect
|
|upkeep
|
|t:|1783737157
|switch|p1b: Milotic|Milotic, L50, F|24/100
|turn|10
|
|t:|1783737162
|move|p1b: Milotic|Protect|p1b: Milotic
|-singleturn|p1b: Milotic|Protect
|move|p2b: jarchomp|Rock Slide|p1b: Milotic|[spread] p1a
|-activate|p1b: Milotic|move: Protect
|-damage|p1a: Corviknight|84/100
|-damage|p2b: jarchomp|71/100|[from] item: Life Orb
|move|p2a: $70 flutter|Moonblast|p1a: Corviknight
|-resisted|p1a: Corviknight|1
|-damage|p1a: Corviknight|50/100g
|move|p1a: Corviknight|Bulk Up|p1a: Corviknight
|-boost|p1a: Corviknight|atk|1
|-boost|p1a: Corviknight|def|1
|
|-heal|p1b: Milotic|30/100|[from] item: Leftovers
|upkeep
|turn|11
|
|t:|1783737188
|move|p2b: jarchomp|Dragon Claw|p1a: Corviknight
|-resisted|p1a: Corviknight|1
|-damage|p1a: Corviknight|39/100
|-damage|p2b: jarchomp|61/100|[from] item: Life Orb
|move|p2a: $70 flutter|Light of Ruin|p1a: Corviknight
|-resisted|p1a: Corviknight|1
|-damage|p1a: Corviknight|0 fnt
|faint|p1a: Corviknight
|-damage|p2a: $70 flutter|74/100|[from] Recoil
|move|p1b: Milotic|Muddy Water|p2a: $70 flutter|[spread] p2a
|-miss|p1b: Milotic|p2b: jarchomp
|-damage|p2a: $70 flutter|54/100
|
|-heal|p1b: Milotic|36/100|[from] item: Leftovers
|upkeep
|c|â˜†castoriceball|miss didn't even matter lmao
|
|t:|1783737200
|switch|p1a: Tyranitar|Tyranitar, L50, M|86/100
|-weather|Sandstorm|[from] ability: Sand Stream|[of] p1a: Tyranitar
|turn|12
|
|t:|1783737213
|detailschange|p1a: Tyranitar|Tyranitar-Mega, L50, M
|-mega|p1a: Tyranitar|Tyranitar|Tyranitarite
|move|p2a: $70 flutter|Light of Ruin|p1a: Tyranitar
|-supereffective|p1a: Tyranitar|1
|-damage|p1a: Tyranitar|0 fnt
|faint|p1a: Tyranitar
|-damage|p2a: $70 flutter|0 fnt|[from] Recoil
|faint|p2a: $70 flutter
|move|p2b: jarchomp|Dragon Claw|p1b: Milotic
|-damage|p1b: Milotic|0 fnt
|faint|p1b: Milotic
|-damage|p2b: jarchomp|51/100|[from] item: Life Orb
|
|win|castoriceball
|c|â˜†Merisan|gg honey buns
