|j|☆S.electrowebs
|j|☆rdyjyukujkhk
|html|S.electrowebsrdyjyukujkhk    
|uhtml|bestof|Game 1 of a best-of-3
|t:|1756664091
|gametype|doubles
|player|p1|S.electrowebs|2|
|player|p2|rdyjyukujkhk|hilda|
|gen|9
|tier|[Gen 9] VGC 2025 Reg H (Bo3)
|rule|Species Clause: Limit one of each Pokémon
|rule|Item Clause: Limit 1 of each item
|clearpoke
|poke|p1|Rillaboom, L50, M|
|poke|p1|Electabuzz, L50, M|
|poke|p1|Archaludon, L50, F|
|poke|p1|Kingambit, L50, M|
|poke|p1|Pelipper, L50, M|
|poke|p1|Basculegion, L50, M|
|poke|p2|Whimsicott, L50, F|
|poke|p2|Indeedee, L50, M|
|poke|p2|Sneasler, L50, M|
|poke|p2|Delphox, L50, F|
|poke|p2|Maushold, L50|
|poke|p2|Basculegion, L50, M|
|teampreview|4
|showteam|p1|Rillaboom||LoadedDice|GrassySurge|HighHorsepower,BulletSeed,GrassyGlide,FakeOut|||M|||50|,,,,,Fire]Electabuzz||Eviolite|VitalSpirit|Electroweb,Taunt,Protect,FollowMe|||M|||50|,,,,,Ghost]Archaludon||AssaultVest|Stamina|ElectroShot,BodyPress,FlashCannon,DracoMeteor|||F|||50|,,,,,Water]Kingambit||BlackGlasses|Defiant|Protect,KowtowCleave,SwordsDance,SuckerPunch|||M|||50|,,,,,Dark]Pelipper||FocusSash|Drizzle|WeatherBall,Hurricane,Tailwind,Protect|||M|||50|,,,,,Dark]Basculegion||ChoiceBand|SwiftSwim|WaveCrash,AquaJet,FlipTurn,LastRespects|||M|||50|,,,,,Grass
|showteam|p2|Whimsicott||CovertCloak|Prankster|Tailwind,Moonblast,HelpingHand,SunnyDay|||F|||50|,,,,,Water]Indeedee||FocusSash|PsychicSurge|ExpandingForce,TeraBlast,Imprison,TrickRoom|||M|||50|,,,,,Fighting]Sneasler||PsychicSeed|Unburden|DireClaw,CloseCombat,ThroatChop,Protect|||M|||50|,,,,,Dark]Delphox||LifeOrb|Blaze|ExpandingForce,HeatWave,Protect,Flamethrower|||F|||50|,,,,,Fire]Maushold||WideLens|Technician|PopulationBomb,FollowMe,Taunt,Protect||||||50|,,,,,Ghost]Basculegion||ChoiceScarf|Adaptability|WaveCrash,FlipTurn,LastRespects,TeraBlast|||M|||50|,,,,,Grass
|c|☆S.electrowebs|Glhf!
|c|☆rdyjyukujkhk|Glhf!
|
|t:|1756664131
|teamsize|p1|4
|teamsize|p2|4
|start
|switch|p1a: Mooses|Archaludon, L50, F|100/100
|switch|p1b: Haven|Pelipper, L50, M|100/100
|switch|p2a: Sneasler|Sneasler, L50, M|100/100
|switch|p2b: Maushold|Maushold, L50|100/100
|-weather|RainDance|[from] ability: Drizzle|[of] p1b: Haven
|turn|1
|
|t:|1756664178
|move|p1b: Haven|Protect|p1b: Haven
|-singleturn|p1b: Haven|Protect
|move|p2b: Maushold|Population Bomb|p1b: Haven
|-activate|p1b: Haven|move: Protect
|move|p2a: Sneasler|Close Combat|p1a: Mooses
|-supereffective|p1a: Mooses
|-damage|p1a: Mooses|8/100
|-unboost|p2a: Sneasler|def|1
|-unboost|p2a: Sneasler|spd|1
|-ability|p1a: Mooses|Stamina|boost
|-boost|p1a: Mooses|def|1
|move|p1a: Mooses|Electro Shot||[still]
|-prepare|p1a: Mooses|Electro Shot
|-boost|p1a: Mooses|spa|1
|-anim|p1a: Mooses|Electro Shot|p2a: Sneasler
|-damage|p2a: Sneasler|0 fnt
|faint|p2a: Sneasler
|
|-weather|RainDance|[upkeep]
|upkeep
|
|t:|1756664202
|switch|p2a: Basculegion|Basculegion, L50, M|100/100
|turn|2
|
|t:|1756664237
|switch|p1b: King Arthur|Kingambit, L50, M|100/100
|switch|p1a: The Beast|Rillaboom, L50, M|100/100
|-fieldstart|move: Grassy Terrain|[from] ability: Grassy Surge|[of] p1a: The Beast
|move|p2a: Basculegion|Flip Turn|p1a: The Beast
|-resisted|p1a: The Beast
|-damage|p1a: The Beast|73/100
|
|t:|1756664246
|switch|p2a: Indeedee|Indeedee, L50, M|100/100|[from] Flip Turn
|-fieldstart|move: Psychic Terrain|[from] ability: Psychic Surge|[of] p2a: Indeedee
|move|p2b: Maushold|Population Bomb|p1b: King Arthur
|-resisted|p1b: King Arthur
|-damage|p1b: King Arthur|96/100
|-resisted|p1b: King Arthur
|-damage|p1b: King Arthur|92/100
|-resisted|p1b: King Arthur
|-damage|p1b: King Arthur|88/100
|-resisted|p1b: King Arthur
|-damage|p1b: King Arthur|83/100
|-resisted|p1b: King Arthur
|-damage|p1b: King Arthur|79/100
|-resisted|p1b: King Arthur
|-damage|p1b: King Arthur|75/100
|-resisted|p1b: King Arthur
|-crit|p1b: King Arthur
|-damage|p1b: King Arthur|69/100
|-resisted|p1b: King Arthur
|-damage|p1b: King Arthur|65/100
|-resisted|p1b: King Arthur
|-damage|p1b: King Arthur|61/100
|-resisted|p1b: King Arthur
|-damage|p1b: King Arthur|57/100
|-hitcount|p1b: King Arthur|10
|
|-weather|RainDance|[upkeep]
|upkeep
|turn|3
|
|t:|1756664307
|switch|p1a: Mooses|Archaludon, L50, F|8/100
|-terastallize|p2a: Indeedee|Fighting
|move|p1b: King Arthur|Protect|p1b: King Arthur
|-singleturn|p1b: King Arthur|Protect
|move|p2b: Maushold|Population Bomb|p1a: Mooses
|-resisted|p1a: Mooses
|-damage|p1a: Mooses|5/100
|-ability|p1a: Mooses|Stamina|boost
|-boost|p1a: Mooses|def|1
|-resisted|p1a: Mooses
|-damage|p1a: Mooses|2/100
|-ability|p1a: Mooses|Stamina|boost
|-boost|p1a: Mooses|def|1
|-resisted|p1a: Mooses
|-damage|p1a: Mooses|0 fnt
|faint|p1a: Mooses
|-hitcount|p1: Mooses|3
|move|p2a: Indeedee|Tera Blast|p1b: King Arthur|[anim] Tera Blast Fighting
|-activate|p1b: King Arthur|move: Protect
|
|-weather|RainDance|[upkeep]
|upkeep
|
|t:|1756664316
|switch|p1a: The Beast|Rillaboom, L50, M|73/100
|-fieldstart|move: Grassy Terrain|[from] ability: Grassy Surge|[of] p1a: The Beast
|turn|4
|
|t:|1756664364
|switch|p2a: Basculegion|Basculegion, L50, M|100/100
|move|p2b: Maushold|Protect|p2b: Maushold
|-singleturn|p2b: Maushold|Protect
|move|p1a: The Beast|Fake Out|p2a: Basculegion
|-immune|p2a: Basculegion
|move|p1b: King Arthur|Kowtow Cleave|p2a: Basculegion
|-supereffective|p2a: Basculegion
|-damage|p2a: Basculegion|0 fnt
|faint|p2a: Basculegion
|
|-weather|RainDance|[upkeep]
|-heal|p1a: The Beast|79/100|[from] Grassy Terrain
|-heal|p1b: King Arthur|63/100|[from] Grassy Terrain
|upkeep
|
|t:|1756664373
|switch|p2a: Indeedee|Indeedee, L50, M, tera:Fighting|100/100
|-fieldstart|move: Psychic Terrain|[from] ability: Psychic Surge|[of] p2a: Indeedee
|turn|5
|
|t:|1756664481
|switch|p1a: Haven|Pelipper, L50, M|100/100
|move|p1b: King Arthur|Protect|p1b: King Arthur
|-singleturn|p1b: King Arthur|Protect
|move|p2b: Maushold|Population Bomb|p1a: Haven
|-damage|p1a: Haven|85/100
|-damage|p1a: Haven|71/100
|-damage|p1a: Haven|58/100
|-damage|p1a: Haven|43/100
|-damage|p1a: Haven|29/100
|-damage|p1a: Haven|15/100
|-damage|p1a: Haven|1/100
|-damage|p1a: Haven|0 fnt
|faint|p1a: Haven
|-hitcount|p1: Haven|8
|move|p2a: Indeedee|Tera Blast|p1b: King Arthur|[anim] Tera Blast Fighting
|-activate|p1b: King Arthur|move: Protect
|
|-weather|none
|upkeep
|
|t:|1756664483
|switch|p1a: The Beast|Rillaboom, L50, M|79/100
|-fieldstart|move: Grassy Terrain|[from] ability: Grassy Surge|[of] p1a: The Beast
|turn|6
|
|t:|1756664534
|-terastallize|p1b: King Arthur|Dark
|move|p1a: The Beast|Fake Out|p2a: Indeedee
|-damage|p2a: Indeedee|75/100
|move|p2b: Maushold|Population Bomb|p1a: The Beast
|-damage|p1a: The Beast|67/100
|-damage|p1a: The Beast|55/100
|-damage|p1a: The Beast|43/100
|-damage|p1a: The Beast|33/100
|-damage|p1a: The Beast|22/100
|-damage|p1a: The Beast|10/100
|-damage|p1a: The Beast|0 fnt
|faint|p1a: The Beast
|-hitcount|p1: The Beast|7
|cant|p2a: Indeedee|flinch
|move|p1b: King Arthur|Kowtow Cleave|p2b: Maushold
|-damage|p2b: Maushold|0 fnt
|faint|p2b: Maushold
|
|-heal|p2a: Indeedee|81/100|[from] Grassy Terrain
|-heal|p1b: King Arthur|69/100|[from] Grassy Terrain
|upkeep
|turn|7
|
|t:|1756664565
|move|p1b: King Arthur|Protect|p1b: King Arthur
|-singleturn|p1b: King Arthur|Protect
|move|p2a: Indeedee|Tera Blast|p1b: King Arthur|[anim] Tera Blast Fighting
|-activate|p1b: King Arthur|move: Protect
|
|-heal|p2a: Indeedee|87/100|[from] Grassy Terrain
|-heal|p1b: King Arthur|75/100|[from] Grassy Terrain
|upkeep
|turn|8
|
|t:|1756664581
|move|p2a: Indeedee|Tera Blast|p1b: King Arthur|[anim] Tera Blast Fighting
|-supereffective|p1b: King Arthur
|-damage|p1b: King Arthur|0 fnt
|faint|p1b: King Arthur
|
|win|rdyjyukujkhk
|inactive|S.electrowebs has 30 seconds to confirm battle start!
|inactive|rdyjyukujkhk has 30 seconds to confirm battle start!
||S.electrowebs is ready for game 2.
||rdyjyukujkhk is ready for game 2.
|uhtml|next|Next: Game 2 of 3
