|j|☆owbd
|j|☆ushitsune
|html|owbdushitsune    
|uhtml|bestof|Game 3 of a best-of-3
|t:|1756713385
|gametype|doubles
|player|p1|owbd|cynthia-gen4|1094
|player|p2|ushitsune|steven|1122
|gen|9
|tier|[Gen 9] VGC 2025 Reg H (Bo3)
|rated|
|rule|Species Clause: Limit one of each Pokémon
|rule|Item Clause: Limit 1 of each item
|clearpoke
|poke|p1|Gholdengo, L50|
|poke|p1|Incineroar, L50, M|
|poke|p1|Ursaluna-Bloodmoon, L50, M|
|poke|p1|Indeedee, L50, M|
|poke|p1|Sneasler, L50, F|
|poke|p1|Murkrow, L50, M|
|poke|p2|Lanturn, L50, F|
|poke|p2|Hydreigon, L50, F|
|poke|p2|Farigiraf, L50, F|
|poke|p2|Decidueye-Hisui, L50, F|
|poke|p2|Arcanine, L50, F|
|poke|p2|Garchomp, L50, F|
|teampreview|4
|showteam|p1|Gholdengo||ChoiceSpecs|GoodasGold|MakeItRain,ShadowBall,Thunderbolt,Trick||||||50|,,,,,Steel]Incineroar||SafetyGoggles|Intimidate|FlareBlitz,PartingShot,FakeOut,KnockOff|||M|||50|,,,,,Ghost]Ursaluna-Bloodmoon||AssaultVest|MindsEye|BloodMoon,EarthPower,HyperVoice,Moonblast|||M|||50|,,,,,Normal]Indeedee||FocusSash|PsychicSurge|ExpandingForce,Protect,TrickRoom,Imprison|||M|||50|,,,,,Psychic]Sneasler||PsychicSeed|Unburden|CloseCombat,DireClaw,FakeOut,ThroatChop|||F|||50|,,,,,Stellar]Murkrow||CovertCloak|Prankster|FoulPlay,Haze,SunnyDay,Tailwind|||M|||50|,,,,,Dark
|showteam|p2|Lanturn||AssaultVest|VoltAbsorb|Scald,Thunderbolt,IcyWind,VoltSwitch|||F|||50|,,,,,Grass]Hydreigon||LifeOrb|Levitate|Snarl,DragonPulse,Protect,EarthPower|||F|||50|,,,,,Poison]Farigiraf||SafetyGoggles|ArmorTail|HyperVoice,Psychic,Imprison,TrickRoom|||F|||50|,,,,,Fairy]Decidueye-Hisui||FocusSash|Scrappy|TripleArrows,LeafBlade,Protect,Haze|||F|||50|,,,,,Water]Arcanine||SitrusBerry|Intimidate|WillOWisp,FlareBlitz,ExtremeSpeed,Protect|||F|||50|,,,,,Grass]Garchomp||ClearAmulet|RoughSkin|DragonClaw,Earthquake,RockSlide,Protect|||F|||50|,,,,,Poison
|
|t:|1756713402
|teamsize|p1|4
|teamsize|p2|4
|start
|switch|p1a: Ursaluna|Ursaluna-Bloodmoon, L50, M|100/100
|switch|p1b: Murkrow|Murkrow, L50, M|100/100
|switch|p2a: Garchomp|Garchomp, L50, F|100/100
|switch|p2b: Hydreigon|Hydreigon, L50, F|100/100
|turn|1
|
|t:|1756713420
|-terastallize|p1a: Ursaluna|Normal
|move|p1b: Murkrow|Tailwind|p1b: Murkrow
|-sidestart|p1: owbd|move: Tailwind
|move|p1a: Ursaluna|Hyper Voice|p2b: Hydreigon|[spread] p2a,p2b
|-damage|p2a: Garchomp|47/100
|-damage|p2b: Hydreigon|39/100
|move|p2a: Garchomp|Rock Slide|p1a: Ursaluna|[spread] p1a
|-miss|p2a: Garchomp|p1b: Murkrow
|-damage|p1a: Ursaluna|83/100
|move|p2b: Hydreigon|Snarl|p1a: Ursaluna|[spread] p1a,p1b
|-resisted|p1b: Murkrow
|-damage|p1a: Ursaluna|61/100
|-damage|p1b: Murkrow|78/100
|-unboost|p1a: Ursaluna|spa|1
|-damage|p2b: Hydreigon|30/100|[from] item: Life Orb
|
|upkeep
|turn|2
|
|t:|1756713444
|move|p1b: Murkrow|Haze|p1b: Murkrow
|-clearallboost
|move|p1a: Ursaluna|Hyper Voice|p2a: Garchomp|[spread] p2a,p2b
|-damage|p2a: Garchomp|0 fnt
|-damage|p2b: Hydreigon|0 fnt
|faint|p2a: Garchomp
|faint|p2b: Hydreigon
|
|upkeep
|
|t:|1756713451
|switch|p2a: Lanturn|Lanturn, L50, F, shiny|100/100
|switch|p2b: Decidueye|Decidueye-Hisui, L50, F, shiny|100/100
|turn|3
|
|t:|1756713462
|move|p1a: Ursaluna|Moonblast|p2b: Decidueye
|-supereffective|p2b: Decidueye
|-damage|p2b: Decidueye|31/100
|move|p1b: Murkrow|Foul Play|p2b: Decidueye
|-resisted|p2b: Decidueye
|-damage|p2b: Decidueye|2/100
|move|p2b: Decidueye|Triple Arrows|p1a: Ursaluna
|-supereffective|p1a: Ursaluna
|-damage|p1a: Ursaluna|0 fnt
|faint|p1a: Ursaluna
|move|p2a: Lanturn|Icy Wind|p1b: Murkrow
|-supereffective|p1b: Murkrow
|-damage|p1b: Murkrow|44/100
|
|upkeep
|
|t:|1756713476
|switch|p1a: Gholdengo|Gholdengo, L50|100/100
|turn|4
|
|t:|1756713483
|move|p2b: Decidueye|Protect|p2b: Decidueye
|-singleturn|p2b: Decidueye|Protect
|move|p1b: Murkrow|Sunny Day|p1b: Murkrow
|-weather|SunnyDay
|move|p1a: Gholdengo|Make It Rain|p2b: Decidueye|[spread] p2a
|-activate|p2b: Decidueye|move: Protect
|-resisted|p2a: Lanturn
|-damage|p2a: Lanturn|90/100
|-unboost|p1a: Gholdengo|spa|1
|move|p2a: Lanturn|Thunderbolt|p1b: Murkrow
|-supereffective|p1b: Murkrow
|-damage|p1b: Murkrow|0 fnt
|faint|p1b: Murkrow
|
|-weather|SunnyDay|[upkeep]
|-sideend|p1: owbd|move: Tailwind
|upkeep
|
|t:|1756713497
|switch|p1b: Indeedee|Indeedee, L50, M|100/100
|-fieldstart|move: Psychic Terrain|[from] ability: Psychic Surge|[of] p1b: Indeedee
|turn|5
|
|t:|1756713509
|move|p2b: Decidueye|Protect|p2b: Decidueye
|-singleturn|p2b: Decidueye|Protect
|move|p1b: Indeedee|Expanding Force|p2b: Decidueye|[spread] p2a
|-activate|p2b: Decidueye|move: Protect
|-damage|p2a: Lanturn|59/100
|move|p1a: Gholdengo|Make It Rain|p2b: Decidueye|[spread] p2a
|-activate|p2b: Decidueye|move: Protect
|-resisted|p2a: Lanturn
|-crit|p2a: Lanturn
|-damage|p2a: Lanturn|42/100
|-unboost|p1a: Gholdengo|spa|1
|move|p2a: Lanturn|Icy Wind|p1b: Indeedee|[spread] p1a,p1b
|-resisted|p1a: Gholdengo
|-damage|p1a: Gholdengo|96/100
|-damage|p1b: Indeedee|89/100
|-unboost|p1a: Gholdengo|spe|1
|-unboost|p1b: Indeedee|spe|1
|
|-weather|SunnyDay|[upkeep]
|upkeep
|turn|6
|
|t:|1756713543
|move|p1b: Indeedee|Expanding Force|p2a: Lanturn|[spread] p2a,p2b
|-supereffective|p2b: Decidueye
|-damage|p2a: Lanturn|7/100
|-damage|p2b: Decidueye|0 fnt
|faint|p2b: Decidueye
|move|p1a: Gholdengo|Make It Rain|p2a: Lanturn
|-resisted|p2a: Lanturn
|-damage|p2a: Lanturn|0 fnt
|-unboost|p1a: Gholdengo|spa|1
|faint|p2a: Lanturn
|
|win|owbd
|raw|owbd's rating: 1094 → 1122(+28 for winning)
|raw|ushitsune's rating: 1122 → 1095(-27 for losing)
|l|☆ushitsune
|player|p2|
