|j|☆Devta
|j|☆zaharba
|html|Devtazaharba    
|uhtml|bestof|Game 3 of a best-of-3
|t:|1782569997
|gametype|doubles
|player|p1|Devta|hexmaniac-gen6|1116
|player|p2|zaharba|101|1087
|gen|9
|tier|[Gen 9 Champions] VGC 2026 Reg M-B (Bo3)
|rated|
|rule|Species Clause: Limit one of each Pokémon
|rule|Item Clause: Limit 1 of each item
|clearpoke
|poke|p1|Charizard, L50, F, shiny|
|poke|p1|Garchomp, L50, F|
|poke|p1|Gholdengo, L50|
|poke|p1|Whimsicott, L50, M, shiny|
|poke|p1|Incineroar, L50, F|
|poke|p1|Basculegion, L50, M, shiny|
|poke|p2|Raichu, L50, M, shiny|
|poke|p2|Basculegion-F, L50, F|
|poke|p2|Ninetales-Alola, L50, F, shiny|
|poke|p2|Talonflame, L50, F|
|poke|p2|Vivillon, L50, F|
|poke|p2|Tyranitar, L50, M|
|teampreview|4
|showteam|p1|Charizard||CharizarditeY|Blaze|Protect,HeatWave,WeatherBall,SolarBeam|Modest||F|||50|]Garchomp||LifeOrb|RoughSkin|Protect,DragonClaw,StompingTantrum,RockSlide|Jolly||F|||50|]Gholdengo||SpellTag|GoodasGold|Protect,ShadowBall,MakeItRain,NastyPlot|Timid|||||50|]Whimsicott||FocusSash|Prankster|Protect,Moonblast,Encore,Tailwind|Timid||M|||50|]Incineroar||SitrusBerry|Intimidate|FlareBlitz,ThroatChop,PartingShot,FakeOut|Impish||F|||50|]Basculegion||ChoiceScarf|Adaptability|WaveCrash,LastRespects,FlipTurn,AquaJet|Jolly||M|||50|
|showteam|p2|Raichu||RaichuniteY|LightningRod|FocusBlast,ZapCannon,UpperHand,FakeOut|Timid||M|||50|]Basculegion-F||SpellTag|Adaptability|Protect,Hex,HydroPump,MuddyWater|Modest||F|||50|]Ninetales-Alola||NeverMeltIce|SnowWarning|Protect,FreezeDry,Blizzard,Encore|Timid||F|||50|]Talonflame||LifeOrb|GaleWings|Protect,BraveBird,Overheat,Tailwind|Naive||F|||50|]Vivillon||ChoiceScarf|CompoundEyes|SleepPowder,RagePowder,Hurricane,Tailwind|Timid||F|||50|]Tyranitar||ExpertBelt|SandStream|RockSlide,HighHorsepower,Protect,DragonDance|Adamant||M|||50|
|inactive|Battle timer is ON: inactive players will automatically lose when time's up. (requested by zaharba)
|inactive|Devta has 60 seconds left.
|
|t:|1782570040
|teamsize|p1|4
|teamsize|p2|4
|start
|switch|p1a: Whimsicott|Whimsicott, L50, M, shiny|100/100
|switch|p1b: Garchomp|Garchomp, L50, F|100/100
|switch|p2a: Raichu|Raichu, L50, M, shiny|100/100
|switch|p2b: Ninetales|Ninetales-Alola, L50, F, shiny|100/100
|-weather|Snowscape|[from] ability: Snow Warning|[of] p2b: Ninetales
|turn|1
|inactive|Devta has 30 seconds left.
|inactive|Devta has 20 seconds left.
|
|t:|1782570076
|switch|p1a: Incineroar|Incineroar, L50, F|100/100
|-ability|p1a: Incineroar|Intimidate|boost
|-unboost|p2a: Raichu|atk|1
|-unboost|p2b: Ninetales|atk|1
|detailschange|p2a: Raichu|Raichu-Mega-Y, L50, M, shiny
|-mega|p2a: Raichu|Raichu|Raichunite Y
|move|p1b: Garchomp|Protect|p1b: Garchomp
|-singleturn|p1b: Garchomp|Protect
|move|p2a: Raichu|Fake Out|p1a: Incineroar
|-damage|p1a: Incineroar|95/100
|move|p2b: Ninetales|Blizzard|p1a: Incineroar|[spread] p1a
|-activate|p1b: Garchomp|move: Protect
|-resisted|p1a: Incineroar|1
|-damage|p1a: Incineroar|81/100
|
|-weather|Snowscape|[upkeep]
|upkeep
|turn|2
|inactive|Devta has 30 seconds left.
|inactive|zaharba has 30 seconds left.
|inactive|Devta has 20 seconds left.
|
|t:|1782570115
|switch|p1b: Gholdengo|Gholdengo, L50|100/100
|move|p2a: Raichu|Zap Cannon|p1a: Incineroar
|-damage|p1a: Incineroar|21/100
|-status|p1a: Incineroar|par
|-enditem|p1a: Incineroar|Sitrus Berry|[eat]
|-heal|p1a: Incineroar|46/100 par|[from] item: Sitrus Berry
|move|p2b: Ninetales|Blizzard|p1a: Incineroar|[spread] p1a,p1b
|-resisted|p1a: Incineroar|1
|-resisted|p1b: Gholdengo|1
|-damage|p1a: Incineroar|30/100 par
|-damage|p1b: Gholdengo|76/100
|move|p1a: Incineroar|Flare Blitz|p2a: Raichu
|-damage|p2a: Raichu|4/100
|-damage|p1a: Incineroar|8/100 par|[from] Recoil
|
|-weather|Snowscape|[upkeep]
|upkeep
|turn|3
|inactive|Devta has 30 seconds left.
|
|t:|1782570144
|move|p1b: Gholdengo|Protect|p1b: Gholdengo
|-singleturn|p1b: Gholdengo|Protect
|move|p2a: Raichu|Zap Cannon|p1b: Gholdengo
|-activate|p1b: Gholdengo|move: Protect
|move|p2b: Ninetales|Blizzard|p1b: Gholdengo|[spread] p1a
|-activate|p1b: Gholdengo|move: Protect
|-resisted|p1a: Incineroar|1
|-damage|p1a: Incineroar|0 fnt
|faint|p1a: Incineroar
|
|-weather|Snowscape|[upkeep]
|upkeep
|
|t:|1782570152
|switch|p1a: Whimsicott|Whimsicott, L50, M, shiny|100/100
|turn|4
|
|t:|1782570169
|switch|p2a: Talonflame|Talonflame, L50, F|100/100
|move|p1a: Whimsicott|Tailwind|p1a: Whimsicott
|-sidestart|p1: Devta|move: Tailwind
|move|p1b: Gholdengo|Make It Rain|p2a: Talonflame|[spread] p2a,p2b
|-resisted|p2a: Talonflame|1
|-supereffective|p2b: Ninetales|2
|-damage|p2a: Talonflame|59/100
|-damage|p2b: Ninetales|0 fnt
|-unboost|p1b: Gholdengo|spa|2
|faint|p2b: Ninetales
|
|-weather|Snowscape|[upkeep]
|upkeep
|
|t:|1782570181
|switch|p2b: Raichu|Raichu-Mega-Y, L50, M, shiny|4/100
|turn|5
|inactive|Devta has 30 seconds left.
|
|t:|1782570212
|move|p1a: Whimsicott|Protect|p1a: Whimsicott
|-singleturn|p1a: Whimsicott|Protect
|move|p1b: Gholdengo|Shadow Ball|p2b: Raichu
|-damage|p2b: Raichu|0 fnt
|faint|p2b: Raichu
|move|p2a: Talonflame|Tailwind|p2a: Talonflame
|-sidestart|p2: zaharba|move: Tailwind
|
|-weather|none
|upkeep
|
|t:|1782570222
|switch|p2b: Basculegion|Basculegion-F, L50, F|100/100
|turn|6
|
|t:|1782570235
|move|p2a: Talonflame|Protect|p2a: Talonflame
|-singleturn|p2a: Talonflame|Protect
|move|p1a: Whimsicott|Encore|p2a: Talonflame
|-activate|p2a: Talonflame|move: Protect
|move|p1b: Gholdengo|Shadow Ball|p2b: Basculegion
|-supereffective|p2b: Basculegion|1
|-damage|p2b: Basculegion|46/100
|move|p2b: Basculegion|Hex|p1b: Gholdengo
|-supereffective|p1b: Gholdengo|1
|-damage|p1b: Gholdengo|0 fnt
|faint|p1b: Gholdengo
|
|upkeep
|
|t:|1782570244
|switch|p1b: Garchomp|Garchomp, L50, F|100/100
|turn|7
|
|t:|1782570256
|move|p1a: Whimsicott|Encore|p2a: Talonflame
|-start|p2a: Talonflame|Encore
|move|p2a: Talonflame|Protect|p2a: Talonflame
|-singleturn|p2a: Talonflame|Protect
|move|p1b: Garchomp|Dragon Claw|p2b: Basculegion
|-damage|p2b: Basculegion|0 fnt
|faint|p2b: Basculegion
|-damage|p1b: Garchomp|90/100|[from] item: Life Orb
|
|-sideend|p1: Devta|move: Tailwind
|upkeep
|turn|8
|-message|zaharba forfeited.
|raw|Devta's rating: 1116 → 1139(+23 for winning)
|raw|zaharba's rating: 1087 → 1066(-21 for losing)
|
|win|Devta
