|j|☆GS Barnabe
|j|‽antopeizYZ
|html|GS BarnabeantopeizYZ    
|uhtml|bestof|Game 2 of a best-of-3
|t:|1785767110
|gametype|doubles
|player|p1|GS Barnabe|102|1248
|player|p2|antopeizYZ|hilda|1196
|gen|9
|tier|[Gen 9 Champions] VGC 2026 Reg M-B (Bo3)
|rated|
|rule|Species Clause: Limit one of each Pokémon
|rule|Item Clause: Limit 1 of each item
|clearpoke
|poke|p1|Clefable, L50, M|
|poke|p1|Tyranitar, L50, F|
|poke|p1|Garchomp, L50, M|
|poke|p1|Gholdengo, L50|
|poke|p1|Rotom-Wash, L50|
|poke|p1|Aerodactyl, L50, M|
|poke|p2|Hatterene, L50, F, shiny|
|poke|p2|Farigiraf, L50, M|
|poke|p2|Camerupt, L50, F|
|poke|p2|Grimmsnarl, L50, M, shiny|
|poke|p2|Crabominable, L50, F|
|poke|p2|Primarina, L50, F|
|teampreview|4
|showteam|p1|Clefable||SitrusBerry|Unaware|Moonblast,LifeDew,FollowMe,Protect|Bold||M|||50|]Tyranitar||ChoiceScarf|SandStream|RockSlide,KnockOff,IcePunch,Superpower|Jolly||F|||50|]Garchomp||Garchompite|SandVeil|DracoMeteor,EarthPower,PowerGem,Protect|Modest||M|||50|]Gholdengo||LifeOrb|GoodasGold|MakeItRain,ShadowBall,NastyPlot,Protect|Modest|||||50|]Rotom-Wash||Leftovers|Levitate|HydroPump,VoltSwitch,WillOWisp,Protect|Calm|||||50|]Aerodactyl||Aerodactylite|RockHead|RockSlide,DualWingbeat,Tailwind,Protect|Jolly||M|||50|
|showteam|p2|Hatterene||LifeOrb|MagicBounce|DazzlingGleam,TrickRoom,Psychic,Protect|Quiet||F|||50|]Farigiraf||SitrusBerry|ArmorTail|TrickRoom,TwinBeam,Protect,HelpingHand|Relaxed||M|||50|]Camerupt||Cameruptite|SolidRock|AncientPower,HeatWave,EarthPower,Protect|Quiet||F|||50|]Grimmsnarl||LightClay|Prankster|SpiritBreak,Reflect,LightScreen,PartingShot|Sassy||M|||50|]Crabominable||Crabominite|HyperCutter|DrainPunch,IceHammer,MachPunch,Protect|Brave||F|||50|]Primarina||Leftovers|LiquidVoice|HyperVoice,EnergyBall,CalmMind,Protect|Relaxed||F|||50|
|inactive|Battle timer is ON: inactive players will automatically lose when time's up. (requested by antopeizYZ)
|inactive|GS Barnabe has 60 seconds left.
|
|t:|1785767154
|teamsize|p1|4
|teamsize|p2|4
|start
|switch|p1a: Garchomp|Garchomp, L50, M|100/100
|switch|p1b: Tyranitar|Tyranitar, L50, F|100/100
|switch|p2a: Hatterene|Hatterene, L50, F, shiny|100/100
|switch|p2b: Grimmsnarl|Grimmsnarl, L50, M, shiny|100/100
|-weather|Sandstorm|[from] ability: Sand Stream|[of] p1b: Tyranitar
|turn|1
|
|t:|1785767168
|detailschange|p1a: Garchomp|Garchomp-Mega, L50, M
|-mega|p1a: Garchomp|Garchomp|Garchompite
|move|p2a: Hatterene|Protect|p2a: Hatterene
|-singleturn|p2a: Hatterene|Protect
|move|p2b: Grimmsnarl|Light Screen|p2b: Grimmsnarl
|-sidestart|p2: antopeizYZ|move: Light Screen
|move|p1b: Tyranitar|Rock Slide|p2a: Hatterene|[spread] 
|-activate|p2a: Hatterene|move: Protect
|-miss|p1b: Tyranitar|p2b: Grimmsnarl
|move|p1a: Garchomp|Earth Power|p2a: Hatterene
|-activate|p2a: Hatterene|move: Protect
|
|-weather|Sandstorm|[upkeep]
|-damage|p2b: Grimmsnarl|94/100|[from] Sandstorm
|-damage|p2a: Hatterene|93/100|[from] Sandstorm
|upkeep
|turn|2
|
|t:|1785767182
|move|p2b: Grimmsnarl|Reflect|p2b: Grimmsnarl
|-sidestart|p2: antopeizYZ|Reflect
|move|p1b: Tyranitar|Rock Slide|p2b: Grimmsnarl|[spread] p2b
|-miss|p1b: Tyranitar|p2a: Hatterene
|-damage|p2b: Grimmsnarl|72/100
|move|p1a: Garchomp|Earth Power|p2a: Hatterene
|-crit|p2a: Hatterene
|-damage|p2a: Hatterene|0 fnt
|faint|p2a: Hatterene
|
|-weather|Sandstorm|[upkeep]
|-damage|p2b: Grimmsnarl|66/100|[from] Sandstorm
|upkeep
|
|t:|1785767203
|switch|p2a: Primarina|Primarina, L50, F|100/100
|turn|3
|
|t:|1785767219
|move|p2b: Grimmsnarl|Parting Shot|p1a: Garchomp
|-unboost|p1a: Garchomp|atk|1
|-unboost|p1a: Garchomp|spa|1
|
|t:|1785767223
|switch|p2b: Camerupt|Camerupt, L50, F|100/100|[from] Parting Shot
|move|p1b: Tyranitar|Rock Slide|p2b: Camerupt|[spread] 
|-miss|p1b: Tyranitar|p2a: Primarina
|-miss|p1b: Tyranitar|p2b: Camerupt
|move|p1a: Garchomp|Earth Power|p2a: Primarina
|-damage|p2a: Primarina|78/100
|move|p2a: Primarina|Calm Mind|p2a: Primarina
|-boost|p2a: Primarina|spa|1
|-boost|p2a: Primarina|spd|1
|
|-weather|Sandstorm|[upkeep]
|-damage|p2a: Primarina|72/100|[from] Sandstorm
|-heal|p2a: Primarina|78/100|[from] item: Leftovers
|upkeep
|turn|4
|inactive|GS Barnabe has 30 seconds left.
|inactive|GS Barnabe has 20 seconds left.
|inactive|GS Barnabe has 15 seconds left.
|
|t:|1785767265
|switch|p1a: Rotom|Rotom-Wash, L50|100/100
|switch|p2b: Grimmsnarl|Grimmsnarl, L50, M, shiny|66/100
|move|p1b: Tyranitar|Rock Slide|p2a: Primarina|[spread] p2a,p2b
|-crit|p2b: Grimmsnarl
|-damage|p2a: Primarina|62/100
|-damage|p2b: Grimmsnarl|19/100
|move|p2a: Primarina|Calm Mind|p2a: Primarina
|-boost|p2a: Primarina|spa|1
|-boost|p2a: Primarina|spd|1
|
|-weather|Sandstorm|[upkeep]
|-damage|p1a: Rotom|94/100|[from] Sandstorm
|-damage|p2b: Grimmsnarl|13/100|[from] Sandstorm
|-damage|p2a: Primarina|56/100|[from] Sandstorm
|-heal|p1a: Rotom|100/100|[from] item: Leftovers
|-heal|p2a: Primarina|62/100|[from] item: Leftovers
|upkeep
|turn|5
|inactive|antopeizYZ has 30 seconds left.
|
|t:|1785767290
|move|p2b: Grimmsnarl|Parting Shot|p1a: Rotom
|-unboost|p1a: Rotom|atk|1
|-unboost|p1a: Rotom|spa|1
|
|t:|1785767293
|switch|p2b: Camerupt|Camerupt, L50, F|100/100|[from] Parting Shot
|move|p1b: Tyranitar|Rock Slide|p2a: Primarina|[spread] p2a
|-miss|p1b: Tyranitar|p2b: Camerupt
|-damage|p2a: Primarina|45/100
|move|p1a: Rotom|Volt Switch|p2a: Primarina
|-supereffective|p2a: Primarina|1
|-damage|p2a: Primarina|36/100
|
|t:|1785767308
|switch|p1a: Garchomp|Garchomp-Mega, L50, M|100/100|[from] Volt Switch
|cant|p2a: Primarina|flinch
|
|-weather|none
|-heal|p2a: Primarina|42/100|[from] item: Leftovers
|upkeep
|turn|6
|
|t:|1785767324
|detailschange|p2b: Camerupt|Camerupt-Mega, L50, F
|-mega|p2b: Camerupt|Camerupt|Cameruptite
|move|p2b: Camerupt|Protect|p2b: Camerupt
|-singleturn|p2b: Camerupt|Protect
|move|p1b: Tyranitar|Rock Slide|p2b: Camerupt|[spread] p2a
|-activate|p2b: Camerupt|move: Protect
|-damage|p2a: Primarina|25/100
|move|p1a: Garchomp|Earth Power|p2b: Camerupt
|-activate|p2b: Camerupt|move: Protect
|move|p2a: Primarina|Hyper Voice|p1a: Garchomp|[spread] p1a,p1b
|-supereffective|p1b: Tyranitar|1
|-damage|p1a: Garchomp|50/100g
|-damage|p1b: Tyranitar|0 fnt
|faint|p1b: Tyranitar
|
|-heal|p2a: Primarina|31/100|[from] item: Leftovers
|upkeep
|
|t:|1785767331
|switch|p1b: Rotom|Rotom-Wash, L50|100/100
|turn|7
|
|t:|1785767347
|move|p2a: Primarina|Protect|p2a: Primarina
|-singleturn|p2a: Primarina|Protect
|move|p1a: Garchomp|Earth Power|p2a: Primarina
|-activate|p2a: Primarina|move: Protect
|move|p1b: Rotom|Hydro Pump|p2b: Camerupt
|-supereffective|p2b: Camerupt|2
|-damage|p2b: Camerupt|0 fnt
|faint|p2b: Camerupt
|
|-heal|p2a: Primarina|36/100|[from] item: Leftovers
|upkeep
|
|t:|1785767357
|switch|p2b: Grimmsnarl|Grimmsnarl, L50, M, shiny|13/100
|turn|8
|
|t:|1785767372
|move|p2b: Grimmsnarl|Parting Shot|p1b: Rotom
|-unboost|p1b: Rotom|atk|1
|-unboost|p1b: Rotom|spa|1
|move|p1a: Garchomp|Earth Power|p2a: Primarina
|-damage|p2a: Primarina|24/100
|move|p1b: Rotom|Hydro Pump|p2b: Grimmsnarl
|-damage|p2b: Grimmsnarl|0 fnt
|faint|p2b: Grimmsnarl
|move|p2a: Primarina|Hyper Voice|p1a: Garchomp|[spread] p1a,p1b
|-resisted|p1b: Rotom|1
|-damage|p1a: Garchomp|0 fnt
|-damage|p1b: Rotom|74/100
|faint|p1a: Garchomp
|
|-heal|p1b: Rotom|80/100|[from] item: Leftovers
|-heal|p2a: Primarina|29/100|[from] item: Leftovers
|-sideend|p2: antopeizYZ|move: Light Screen
|upkeep
|
|t:|1785767381
|switch|p1a: Gholdengo|Gholdengo, L50|100/100
|turn|9
|
|t:|1785767390
|move|p1b: Rotom|Volt Switch|p2a: Primarina
|-supereffective|p2a: Primarina|1
|-damage|p2a: Primarina|13/100
|move|p1a: Gholdengo|Make It Rain|p2a: Primarina
|-damage|p2a: Primarina|0 fnt
|-unboost|p1a: Gholdengo|spa|2
|faint|p2a: Primarina
|-damage|p1a: Gholdengo|90/100|[from] item: Life Orb
|
|win|GS Barnabe
|raw|GS Barnabe's rating: 1248 → 1269(+21 for winning)
|raw|antopeizYZ's rating: 1196 → 1175(-21 for losing)
|l|‽antopeizYZ
|player|p2|
