|j|☆Light_Nova7
|j|☆x-demon18
|html|Light_Nova7x-demon18    
|uhtml|bestof|Game 1 of a best-of-3
|t:|1784539051
|gametype|doubles
|player|p1|Light_Nova7|hilbert|1107
|player|p2|x-demon18|lucas|1100
|gen|9
|tier|[Gen 9 Champions] VGC 2026 Reg M-B (Bo3)
|rated|
|rule|Species Clause: Limit one of each Pokémon
|rule|Item Clause: Limit 1 of each item
|clearpoke
|poke|p1|Staraptor, L50, F|
|poke|p1|Tyranitar, L50, M|
|poke|p1|Rotom-Wash, L50|
|poke|p1|Excadrill, L50, F|
|poke|p1|Venusaur, L50, F|
|poke|p1|Charizard, L50, M|
|poke|p2|Incineroar, L50, M|
|poke|p2|Rotom-Wash, L50|
|poke|p2|Venusaur, L50, F|
|poke|p2|Corviknight, L50, M|
|poke|p2|Sylveon, L50, F|
|poke|p2|Garchomp, L50, M|
|teampreview|4
|showteam|p1|Staraptor||Staraptite|Intimidate|BraveBird,CloseCombat,Tailwind,Protect|Jolly||F|||50|]Tyranitar||ChoiceScarf|SandStream|RockSlide,KnockOff,IcePunch,LowKick|Jolly||M|||50|]Rotom-Wash||Magnet|Levitate|HydroPump,Thunderbolt,VoltSwitch,Protect|Modest|||||50|]Excadrill||FocusSash|SandRush|Earthquake,IronHead,RockSlide,Protect|Adamant||F|||50|]Venusaur||Venusaurite|Chlorophyll|SludgeBomb,GigaDrain,SleepPowder,Protect|Modest||F|||50|]Charizard||CharizarditeY|Blaze|HeatWave,WeatherBall,AirSlash,Protect|Hasty||M|||50|
|showteam|p2|Incineroar||ExpertBelt|Intimidate|FakeOut,TemperFlare,ThroatChop,PartingShot|Adamant||M|||50|]Rotom-Wash||RindoBerry|Levitate|HydroPump,Electroweb,WillOWisp,VoltSwitch|Modest|||||50|]Venusaur||Venusaurite|Chlorophyll|GigaDrain,SludgeBomb,EarthPower,Protect|Modest||F|||50|]Corviknight||OccaBerry|MirrorArmor|Tailwind,DualWingbeat,IronHead,BodyPress|Adamant||M|||50|]Sylveon||FairyFeather|Pixilate|HyperVoice,QuickAttack,Yawn,Detect|Modest||F|||50|]Garchomp||LifeOrb|RoughSkin|RockSlide,DragonClaw,StompingTantrum,Protect|Jolly||M|||50|
|inactive|Battle timer is ON: inactive players will automatically lose when time's up. (requested by Light_Nova7)
|inactive|Light_Nova7 has 60 seconds left.
|inactive|x-demon18 has 60 seconds left.
|inactive|x-demon18 has 30 seconds left.
|
|t:|1784539116
|teamsize|p1|4
|teamsize|p2|4
|start
|switch|p1a: Staraptor|Staraptor, L50, F|100/100
|switch|p1b: Rotom|Rotom-Wash, L50|100/100
|switch|p2a: Wolverine|Incineroar, L50, M|100/100
|switch|p2b: Berserk|Garchomp, L50, M|100/100
|-ability|p1a: Staraptor|Intimidate|boost
|-unboost|p2a: Wolverine|atk|1
|-unboost|p2b: Berserk|atk|1
|-ability|p2a: Wolverine|Intimidate|boost
|-unboost|p1a: Staraptor|atk|1
|-unboost|p1b: Rotom|atk|1
|turn|1
|inactive|x-demon18 has 30 seconds left.
|
|t:|1784539146
|switch|p2b: Frieren|Sylveon, L50, F|100/100
|move|p1a: Staraptor|Protect|p1a: Staraptor
|-singleturn|p1a: Staraptor|Protect
|move|p1b: Rotom|Protect|p1b: Rotom
|-singleturn|p1b: Rotom|Protect
|move|p2a: Wolverine|Parting Shot|p1b: Rotom
|-activate|p1b: Rotom|move: Protect
|
|upkeep
|turn|2
|inactive|Light_Nova7 has 30 seconds left.
|inactive|x-demon18 has 30 seconds left.
|
|t:|1784539180
|move|p1a: Staraptor|Tailwind|p1a: Staraptor
|-sidestart|p1: Light_Nova7|move: Tailwind
|move|p1b: Rotom|Hydro Pump|p2a: Wolverine
|-supereffective|p2a: Wolverine|1
|-damage|p2a: Wolverine|12/100
|move|p2a: Wolverine|Parting Shot|p1b: Rotom
|-unboost|p1b: Rotom|atk|1
|-unboost|p1b: Rotom|spa|1
|
|t:|1784539191
|switch|p2a: Griffith|Corviknight, L50, M|100/100|[from] Parting Shot
|move|p2b: Frieren|Yawn|p1a: Staraptor
|-start|p1a: Staraptor|move: Yawn|[of] p2b: Frieren
|
|upkeep
|turn|3
|
|t:|1784539212
|move|p1a: Staraptor|Close Combat|p2a: Griffith
|-damage|p2a: Griffith|82/100
|-unboost|p1a: Staraptor|def|1
|-unboost|p1a: Staraptor|spd|1
|move|p1b: Rotom|Thunderbolt|p2a: Griffith
|-supereffective|p2a: Griffith|1
|-damage|p2a: Griffith|32/100
|-status|p2a: Griffith|par
|move|p2b: Frieren|Hyper Voice|p1b: Rotom|[spread] p1a,p1b
|-damage|p1a: Staraptor|18/100
|-damage|p1b: Rotom|57/100
|move|p2a: Griffith|Tailwind|p2a: Griffith
|-sidestart|p2: x-demon18|move: Tailwind
|
|-end|p1a: Staraptor|move: Yawn|[silent]
|-status|p1a: Staraptor|slp
|upkeep
|turn|4
|inactive|Light_Nova7 has 30 seconds left.
|
|t:|1784539241
|switch|p2a: Berserk|Garchomp, L50, M|100/100
|cant|p1a: Staraptor|slp
|move|p1b: Rotom|Volt Switch|p2a: Berserk
|-immune|p2a: Berserk
|move|p2b: Frieren|Hyper Voice|p1b: Rotom|[spread] p1a,p1b
|-crit|p1a: Staraptor
|-damage|p1a: Staraptor|0 fnt
|-damage|p1b: Rotom|9/100
|faint|p1a: Staraptor
|
|upkeep
|
|t:|1784539254
|switch|p1a: Venusaur|Venusaur, L50, F|100/100
|turn|5
|inactive|Light_Nova7 has 30 seconds left.
|
|t:|1784539282
|switch|p2b: Griffith|Corviknight, L50, M|32/100 par
|move|p1a: Venusaur|Protect|p1a: Venusaur
|-singleturn|p1a: Venusaur|Protect
|move|p2a: Berserk|Rock Slide|p1a: Venusaur|[spread] p1b
|-activate|p1a: Venusaur|move: Protect
|-damage|p1b: Rotom|0 fnt
|faint|p1b: Rotom
|-damage|p2a: Berserk|90/100|[from] item: Life Orb
|
|-sideend|p1: Light_Nova7|move: Tailwind
|upkeep
|
|t:|1784539294
|switch|p1b: Charizard|Charizard, L50, M|100/100
|turn|6
|inactive|Light_Nova7 has 30 seconds left.
|inactive|Light_Nova7 has 20 seconds left.
|inactive|Light_Nova7 has 15 seconds left.
|inactive|Light_Nova7 has 10 seconds left.
|
|t:|1784539342
|switch|p2a: Wolverine|Incineroar, L50, M|12/100
|-ability|p2a: Wolverine|Intimidate|boost
|-unboost|p1a: Venusaur|atk|1
|-unboost|p1b: Charizard|atk|1
|move|p1b: Charizard|Protect|p1b: Charizard
|-singleturn|p1b: Charizard|Protect
|move|p1a: Venusaur|Giga Drain|p2a: Wolverine
|-resisted|p2a: Wolverine|1
|-damage|p2a: Wolverine|0 fnt
|faint|p2a: Wolverine
|move|p2b: Griffith|Dual Wingbeat|p1a: Venusaur|[miss]
|-miss|p2b: Griffith|p1a: Venusaur
|
|-sideend|p2: x-demon18|move: Tailwind
|upkeep
|
|t:|1784539360
|switch|p2a: Berserk|Garchomp, L50, M|90/100
|turn|7
|
|t:|1784539382
|detailschange|p1b: Charizard|Charizard-Mega-Y, L50, M
|-mega|p1b: Charizard|Charizard|Charizardite Y
|-weather|SunnyDay|[from] ability: Drought|[of] p1b: Charizard
|move|p1a: Venusaur|Sleep Powder|p2a: Berserk
|-status|p2a: Berserk|slp|[from] move: Sleep Powder
|cant|p2a: Berserk|slp
|move|p1b: Charizard|Heat Wave|p2b: Griffith|[spread] p2a,p2b
|-resisted|p2a: Berserk|1
|-supereffective|p2b: Griffith|1
|-enditem|p2b: Griffith|Occa Berry|[eat]
|-enditem|p2b: Griffith|Occa Berry|[weaken]
|-damage|p2a: Berserk|57/100 slp
|-damage|p2b: Griffith|0 fnt
|faint|p2b: Griffith
|
|-weather|SunnyDay|[upkeep]
|upkeep
|
|t:|1784539398
|switch|p2b: Frieren|Sylveon, L50, F|100/100
|turn|8
|inactive|Light_Nova7 has 30 seconds left.
|
|t:|1784539428
|move|p1a: Venusaur|Giga Drain|p2a: Berserk
|-damage|p2a: Berserk|21/100 slp
|-curestatus|p2a: Berserk|slp|[msg]
|move|p2a: Berserk|Rock Slide|p1b: Charizard|[spread] p1a,p1b
|-supereffective|p1b: Charizard|2
|-damage|p1a: Venusaur|70/100
|-damage|p1b: Charizard|0 fnt
|faint|p1b: Charizard
|-damage|p2a: Berserk|11/100|[from] item: Life Orb
|move|p2b: Frieren|Yawn|p1a: Venusaur
|-start|p1a: Venusaur|move: Yawn|[of] p2b: Frieren
|
|-weather|SunnyDay|[upkeep]
|upkeep
|turn|9
|-message|Light_Nova7 forfeited.
|
|win|x-demon18
|l|☆Light_Nova7
|player|p1|
