|j|☆pablittoo
|j|☆jrohn33
|html|pablittoojrohn33    
|uhtml|bestof|Game 1 of a best-of-3
|t:|1782220004
|gametype|doubles
|player|p1|pablittoo|266|1196
|player|p2|jrohn33|artist-gen4|1119
|gen|9
|tier|[Gen 9 Champions] VGC 2026 Reg M-B (Bo3)
|rated|
|rule|Species Clause: Limit one of each Pokémon
|rule|Item Clause: Limit 1 of each item
|clearpoke
|poke|p1|Sylveon, L50, M|
|poke|p1|Garchomp, L50, M|
|poke|p1|Kingambit, L50, M|
|poke|p1|Charizard, L50, M|
|poke|p1|Sneasler, L50, F|
|poke|p1|Aerodactyl, L50, F|
|poke|p2|Raichu, L50, M|
|poke|p2|Gholdengo, L50, shiny|
|poke|p2|Whimsicott, L50, M, shiny|
|poke|p2|Garchomp, L50, M, shiny|
|poke|p2|Basculegion, L50, M|
|poke|p2|Blaziken, L50, M, shiny|
|teampreview|4
|showteam|p1|Sylveon||FairyFeather|Pixilate|HyperBeam,HyperVoice,Protect,QuickAttack|Modest||M|||50|]Garchomp||LifeOrb|RoughSkin|RockSlide,Earthquake,DragonClaw,Protect|Jolly||M|||50|]Kingambit||FocusSash|Defiant|LowKick,KowtowCleave,SuckerPunch,Protect|Adamant||M|||50|]Charizard||CharizarditeY|Blaze|WeatherBall,HeatWave,Protect,SolarBeam|Timid||M|||50|]Sneasler||WhiteHerb|Unburden|DireClaw,FakeOut,CloseCombat,Protect|Jolly||F|||50|]Aerodactyl||Aerodactylite|RockHead|RockSlide,Tailwind,Protect,DualWingbeat|Jolly||F|||50|
|showteam|p2|Raichu||RaichuniteY|Static|FocusBlast,ZapCannon,FakeOut,Protect|Modest||M|||50|]Gholdengo||LifeOrb|GoodasGold|NastyPlot,MakeItRain,Protect,ShadowBall|Modest|||||50|]Whimsicott||FocusSash|Prankster|Moonblast,Tailwind,Protect,Encore|Timid||M|||50|]Garchomp||ExpertBelt|RoughSkin|Earthquake,DragonClaw,Protect,RockSlide|Adamant||M|||50|]Basculegion||MysticWater|Adaptability|Liquidation,AquaJet,Protect,LastRespects|Jolly||M|||50|]Blaziken||Blazikenite|SpeedBoost|CloseCombat,FlareBlitz,Protect,BulkUp|Jolly||M|||50|
|inactive|Battle timer is ON: inactive players will automatically lose when time's up. (requested by jrohn33)
|inactive|pablittoo has 60 seconds left.
|inactive|jrohn33 has 60 seconds left.
|inactive|pablittoo has 30 seconds left.
|inactive|pablittoo has 20 seconds left.
|inactive|pablittoo has 15 seconds left.
|inactive|pablittoo has 10 seconds left.
|
|t:|1782220089
|teamsize|p1|4
|teamsize|p2|4
|start
|switch|p1a: Aerodactyl|Aerodactyl, L50, F|100/100
|switch|p1b: Garchomp|Garchomp, L50, M|100/100
|switch|p2a: Whimsicott|Whimsicott, L50, M, shiny|100/100
|switch|p2b: Raichu|Raichu, L50, M|100/100
|turn|1
|inactive|pablittoo has 30 seconds left.
|inactive|pablittoo has 20 seconds left.
|
|t:|1782220127
|detailschange|p1a: Aerodactyl|Aerodactyl-Mega, L50, F
|-mega|p1a: Aerodactyl|Aerodactyl|Aerodactylite
|detailschange|p2b: Raichu|Raichu-Mega-Y, L50, M
|-mega|p2b: Raichu|Raichu|Raichunite Y
|move|p1a: Aerodactyl|Protect|p1a: Aerodactyl
|-singleturn|p1a: Aerodactyl|Protect
|move|p2b: Raichu|Protect|p2b: Raichu
|-singleturn|p2b: Raichu|Protect
|move|p2a: Whimsicott|Tailwind|p2a: Whimsicott
|-sidestart|p2: jrohn33|move: Tailwind
|move|p1b: Garchomp|Earthquake|p2a: Whimsicott|[spread] p2a
|-activate|p1a: Aerodactyl|move: Protect
|-activate|p2b: Raichu|move: Protect
|-resisted|p2a: Whimsicott|1
|-damage|p2a: Whimsicott|64/100
|-damage|p1b: Garchomp|90/100|[from] item: Life Orb
|
|upkeep
|turn|2
|
|t:|1782220151
|move|p2a: Whimsicott|Moonblast|p1b: Garchomp
|-supereffective|p1b: Garchomp|1
|-damage|p1b: Garchomp|20/100y
|move|p2b: Raichu|Zap Cannon|p1a: Aerodactyl
|-supereffective|p1a: Aerodactyl|1
|-damage|p1a: Aerodactyl|0 fnt
|faint|p1a: Aerodactyl
|move|p1b: Garchomp|Earthquake|p2a: Whimsicott|[spread] p2a,p2b
|-resisted|p2a: Whimsicott|1
|-supereffective|p2b: Raichu|1
|-damage|p2a: Whimsicott|29/100
|-damage|p2b: Raichu|0 fnt
|faint|p2b: Raichu
|-damage|p1b: Garchomp|10/100|[from] item: Life Orb
|
|upkeep
|inactive|pablittoo has 30 seconds left.
|
|t:|1782220177
|switch|p1a: Kingambit|Kingambit, L50, M|100/100
|switch|p2b: Gholdengo|Gholdengo, L50, shiny|100/100
|turn|3
|inactive|pablittoo has 30 seconds left.
|inactive|pablittoo has 20 seconds left.
|
|t:|1782220215
|switch|p2b: Garchomp|Garchomp, L50, M, shiny|100/100
|switch|p1b: Sneasler|Sneasler, L50, F|100/100
|move|p2a: Whimsicott|Moonblast|p1b: Sneasler
|-damage|p1b: Sneasler|55/100
|move|p1a: Kingambit|Kowtow Cleave|p2b: Garchomp
|-damage|p2b: Garchomp|52/100
|-damage|p1a: Kingambit|87/100|[from] ability: Rough Skin|[of] p2b: Garchomp
|
|upkeep
|turn|4
|inactive|pablittoo has 30 seconds left.
|inactive|jrohn33 has 30 seconds left.
|inactive|pablittoo has 20 seconds left.
|
|t:|1782220252
|switch|p1a: Garchomp|Garchomp, L50, M|10/100
|move|p2a: Whimsicott|Protect|p2a: Whimsicott
|-singleturn|p2a: Whimsicott|Protect
|move|p2b: Garchomp|Protect|p2b: Garchomp
|-singleturn|p2b: Garchomp|Protect
|move|p1b: Sneasler|Close Combat|p1a: Garchomp
|-damage|p1a: Garchomp|0 fnt
|-unboost|p1b: Sneasler|def|1
|-unboost|p1b: Sneasler|spd|1
|-damage|p1b: Sneasler|43/100|[from] ability: Rough Skin|[of] p1a: Garchomp
|faint|p1a: Garchomp
|-enditem|p1b: Sneasler|White Herb
|-clearnegativeboost|p1b: Sneasler|[silent]
|
|-sideend|p2: jrohn33|move: Tailwind
|upkeep
|
|t:|1782220260
|switch|p1a: Kingambit|Kingambit, L50, M|87/100
|turn|5
|inactive|pablittoo has 30 seconds left.
|inactive|pablittoo has 20 seconds left.
|
|t:|1782220296
|move|p2a: Whimsicott|Tailwind|p2a: Whimsicott
|-sidestart|p2: jrohn33|move: Tailwind
|move|p1b: Sneasler|Close Combat|p2b: Garchomp
|-damage|p2b: Garchomp|0 fnt
|-unboost|p1b: Sneasler|def|1
|-unboost|p1b: Sneasler|spd|1
|-damage|p1b: Sneasler|31/100|[from] ability: Rough Skin|[of] p2b: Garchomp
|faint|p2b: Garchomp
|move|p1a: Kingambit|Kowtow Cleave|p2a: Whimsicott
|-resisted|p2a: Whimsicott|1
|-damage|p2a: Whimsicott|0 fnt
|faint|p2a: Whimsicott
|
|upkeep
|
|t:|1782220302
|switch|p2b: Gholdengo|Gholdengo, L50, shiny|100/100
|turn|6
|-message|jrohn33 forfeited.
|
|win|pablittoo
|l|☆jrohn33
|player|p2|
||jrohn33 is ready for game 2.
