|j|☆KodeBeast0526
|j|☆Agf79
|html|KodeBeast0526Agf79    
|uhtml|bestof|Game 1 of a best-of-3
|t:|1784124633
|gametype|doubles
|player|p1|KodeBeast0526|hiker|1137
|player|p2|Agf79|2|1251
|gen|9
|tier|[Gen 9 Champions] VGC 2026 Reg M-B (Bo3)
|rated|
|rule|Species Clause: Limit one of each Pokémon
|rule|Item Clause: Limit 1 of each item
|clearpoke
|poke|p1|Aerodactyl, L50, M|
|poke|p1|Kingambit, L50, M|
|poke|p1|Sylveon, L50, M|
|poke|p1|Garchomp, L50, M|
|poke|p1|Charizard, L50, M|
|poke|p1|Incineroar, L50, M|
|poke|p2|Staraptor, L50, F|
|poke|p2|Gholdengo, L50|
|poke|p2|Sylveon, L50, F|
|poke|p2|Garchomp, L50, M|
|poke|p2|Sinistcha-Masterpiece, L50|
|poke|p2|Grimmsnarl, L50, M|
|teampreview|4
|showteam|p1|Aerodactyl||Aerodactylite|Unnerve|RockSlide,IceFang,Tailwind,WideGuard|Jolly||M|||50|]Kingambit||FocusSash|Defiant|KowtowCleave,SuckerPunch,IronHead,Protect|Adamant||M|||50|]Sylveon||FairyFeather|Pixilate|Detect,HyperVoice,HyperBeam,QuickAttack|Modest||M|||50|]Garchomp||LifeOrb|RoughSkin|Earthquake,DragonClaw,StompingTantrum,Protect|Jolly||M|||50|]Charizard||CharizarditeY|Blaze|Protect,HeatWave,SolarBeam,WeatherBall|Modest||M|||50|]Incineroar||SitrusBerry|Intimidate|DarkestLariat,FlareBlitz,FakeOut,PartingShot|Impish||M|||50|
|showteam|p2|Staraptor||Staraptite|Intimidate|CloseCombat,BraveBird,Tailwind,Protect|Jolly||F|||50|]Gholdengo||Leftovers|GoodasGold|MakeItRain,ShadowBall,NastyPlot,Protect|Modest|||||50|]Sylveon||FairyFeather|Pixilate|HyperVoice,Detect,HyperBeam,QuickAttack|Modest||F|||50|]Garchomp||LifeOrb|RoughSkin|Earthquake,Protect,DragonClaw,RockSlide|Jolly||M|||50|]Sinistcha-Masterpiece||SitrusBerry|Hospitality|MatchaGotcha,RagePowder,TrickRoom,LifeDew|Bold|||||50|]Grimmsnarl||LightClay|Prankster|Reflect,LightScreen,PartingShot,FoulPlay|Calm||M|||50|
|
|t:|1784124704
|teamsize|p1|4
|teamsize|p2|4
|start
|switch|p1a: Kingambit|Kingambit, L50, M|100/100
|switch|p1b: Sylveon|Sylveon, L50, M|100/100
|switch|p2a: Staraptor|Staraptor, L50, F|100/100
|switch|p2b: Grimmsnarl|Grimmsnarl, L50, M|100/100
|-ability|p2a: Staraptor|Intimidate|boost
|-unboost|p1a: Kingambit|atk|1
|-ability|p1a: Kingambit|Defiant|boost
|-boost|p1a: Kingambit|atk|2
|-unboost|p1b: Sylveon|atk|1
|turn|1
|inactive|Battle timer is ON: inactive players will automatically lose when time's up. (requested by Agf79)
|
|t:|1784124726
|detailschange|p2a: Staraptor|Staraptor-Mega, L50, F
|-mega|p2a: Staraptor|Staraptor|Staraptite
|move|p2a: Staraptor|Protect|p2a: Staraptor
|-singleturn|p2a: Staraptor|Protect
|move|p2b: Grimmsnarl|Reflect|p2b: Grimmsnarl
|-sidestart|p2: Agf79|Reflect
|move|p1b: Sylveon|Hyper Voice|p2b: Grimmsnarl|[spread] p2b
|-activate|p2a: Staraptor|move: Protect
|-supereffective|p2b: Grimmsnarl|1
|-damage|p2b: Grimmsnarl|21/100
|move|p1a: Kingambit|Iron Head|p2b: Grimmsnarl
|-supereffective|p2b: Grimmsnarl|1
|-damage|p2b: Grimmsnarl|0 fnt
|faint|p2b: Grimmsnarl
|
|upkeep
|
|t:|1784124736
|switch|p2b: Garchomp|Garchomp, L50, M|100/100
|turn|2
|
|t:|1784124752
|move|p1a: Kingambit|Sucker Punch|p2b: Garchomp
|-damage|p2b: Garchomp|60/100
|-damage|p1a: Kingambit|87/100|[from] ability: Rough Skin|[of] p2b: Garchomp
|move|p2a: Staraptor|Close Combat|p1b: Sylveon
|-resisted|p1b: Sylveon|1
|-damage|p1b: Sylveon|62/100
|-boost|p2a: Staraptor|def|1
|-boost|p2a: Staraptor|spd|1
|move|p2b: Garchomp|Earthquake|p1a: Kingambit|[spread] p1a,p1b
|-immune|p2a: Staraptor
|-supereffective|p1a: Kingambit|1
|-damage|p1a: Kingambit|7/100
|-damage|p1b: Sylveon|0 fnt
|faint|p1b: Sylveon
|-damage|p2b: Garchomp|50/100g|[from] item: Life Orb
|
|upkeep
|
|t:|1784124766
|switch|p1b: Garchomp|Garchomp, L50, M|100/100
|turn|3
|
|t:|1784124778
|move|p1a: Kingambit|Sucker Punch|p2b: Garchomp
|-damage|p2b: Garchomp|9/100
|-damage|p1a: Kingambit|0 fnt|[from] ability: Rough Skin|[of] p2b: Garchomp
|faint|p1a: Kingambit
|move|p2a: Staraptor|Tailwind|p2a: Staraptor
|-sidestart|p2: Agf79|move: Tailwind
|move|p2b: Garchomp|Dragon Claw|p1b: Garchomp
|-supereffective|p1b: Garchomp|1
|-damage|p1b: Garchomp|0 fnt
|-damage|p2b: Garchomp|0 fnt|[from] ability: Rough Skin|[of] p1b: Garchomp
|faint|p1b: Garchomp
|faint|p2b: Garchomp
|
|upkeep
|
|t:|1784124788
|switch|p1b: Charizard|Charizard, L50, M|100/100
|switch|p2b: Sylveon|Sylveon, L50, F|100/100
|turn|4
|
|t:|1784124795
|detailschange|p1b: Charizard|Charizard-Mega-Y, L50, M
|-mega|p1b: Charizard|Charizard|Charizardite Y
|-weather|SunnyDay|[from] ability: Drought|[of] p1b: Charizard
|move|p2a: Staraptor|Close Combat|p1b: Charizard
|-resisted|p1b: Charizard|1
|-crit|p1b: Charizard
|-damage|p1b: Charizard|58/100
|-boost|p2a: Staraptor|def|1
|-boost|p2a: Staraptor|spd|1
|move|p2b: Sylveon|Hyper Voice|p1b: Charizard
|-resisted|p1b: Charizard|1
|-damage|p1b: Charizard|29/100
|move|p1b: Charizard|Heat Wave|p2b: Sylveon|[spread] p2a,p2b
|-crit|p2a: Staraptor
|-damage|p2a: Staraptor|4/100
|-damage|p2b: Sylveon|51/100
|
|-weather|SunnyDay|[upkeep]
|upkeep
|turn|5
|
|t:|1784124811
|move|p2a: Staraptor|Brave Bird|p1b: Charizard
|-damage|p1b: Charizard|0 fnt
|faint|p1b: Charizard
|-damage|p2a: Staraptor|0 fnt|[from] Recoil
|faint|p2a: Staraptor
|
|win|Agf79
||Agf79 is ready for game 2.
||KodeBeast0526 is ready for game 2.
|uhtml|next|Next: Game 2 of 3
