|j|☆We_Are_Toasted
|j|☆Lenk H
|html|We_Are_ToastedLenk H    
|uhtml|bestof|Game 2 of a best-of-3
|t:|1756324130
|gametype|doubles
|player|p1|We_Are_Toasted|larry|1175
|player|p2|Lenk H|1|1083
|gen|9
|tier|[Gen 9] VGC 2025 Reg H (Bo3)
|rated|
|rule|Species Clause: Limit one of each Pokémon
|rule|Item Clause: Limit 1 of each item
|clearpoke
|poke|p1|Gholdengo, L50|
|poke|p1|Garganacl, L50, F|
|poke|p1|Sneasler, L50, M|
|poke|p1|Dondozo, L50, M|
|poke|p1|Incineroar, L50, M|
|poke|p1|Ninetales-Alola, L50, M|
|poke|p2|Farigiraf, L50, F|
|poke|p2|Ursaluna-Bloodmoon, L50, M|
|poke|p2|Incineroar, L50, M|
|poke|p2|Palafin, L50, F|
|poke|p2|Whimsicott, L50, F|
|poke|p2|Annihilape, L50, M|
|teampreview|4
|showteam|p1|Gholdengo||ChoiceScarf|GoodasGold|MakeItRain,ShadowBall,PowerGem,Trick||||||50|,,,,,Steel]Garganacl||MarangaBerry|PurifyingSalt|SaltCure,Recover,Protect,StealthRock|||F|||50|,,,,,Flying]Sneasler||FocusSash|PoisonTouch|DireClaw,CloseCombat,Coaching,Protect|||M|||50|,,,,,Ghost]Dondozo||Leftovers|Unaware|Liquidation,Yawn,Curse,Protect|||M|||50|,,,,,Poison]Incineroar||AssaultVest|Intimidate|KnockOff,FlareBlitz,DrainPunch,FakeOut|||M|||50|,,,,,Grass]Ninetales-Alola||NeverMeltIce|SnowWarning|Blizzard,AuroraVeil,FreezeDry,Protect|||M|||50|,,,,,Ice
|showteam|p2|Farigiraf||SafetyGoggles|ArmorTail|Uproar,Psychic,TrickRoom,HelpingHand|||F|||50|,,,,,Fairy]Ursaluna-Bloodmoon||LifeOrb|MindsEye|Protect,BloodMoon,HyperVoice,EarthPower|||M|||50|,,,,,Normal]Incineroar||AssaultVest|Intimidate|FakeOut,Uturn,KnockOff,FlareBlitz|||M|||50|,,,,,Grass]Palafin||MysticWater|ZerotoHero|JetPunch,WaveCrash,Haze,Protect|||F|||50|,,,,,Water]Whimsicott||FocusSash|Prankster|Moonblast,BeatUp,Tailwind,LightScreen|||F|||50|,,,,,Ghost]Annihilape||Leftovers|Defiant|RageFist,DrainPunch,BulkUp,Protect|||M|||50|,,,,,Fire
|inactive|Battle timer is ON: inactive players will automatically lose when time's up. (requested by We_Are_Toasted)
|inactive|We_Are_Toasted has 60 seconds left.
|inactive|Lenk H has 60 seconds left.
|inactive|We_Are_Toasted has 30 seconds left.
|inactive|Lenk H has 30 seconds left.
|inactive|We_Are_Toasted has 20 seconds left.
|inactive|Lenk H has 20 seconds left.
|inactive|Lenk H has 15 seconds left.
|
|t:|1756324211
|teamsize|p1|4
|teamsize|p2|4
|start
|switch|p1a: Gholdengo|Gholdengo, L50|100/100
|switch|p1b: Ninetales|Ninetales-Alola, L50, M|100/100
|switch|p2a: Palafin|Palafin, L50, F|100/100
|switch|p2b: Annihilape|Annihilape, L50, M|100/100
|-weather|Snowscape|[from] ability: Snow Warning|[of] p1b: Ninetales
|turn|1
|inactive|We_Are_Toasted has 30 seconds left.
|inactive|Lenk H has 30 seconds left.
|inactive|We_Are_Toasted has 20 seconds left.
|inactive|We_Are_Toasted has 15 seconds left.
|inactive|We_Are_Toasted has 10 seconds left.
|inactive|We_Are_Toasted has 5 seconds left.
|
|t:|1756324263
|detailschange|p2a: Palafin|Palafin-Hero, L50, F
|switch|p2a: Whimsicott|Whimsicott, L50, F|100/100
|move|p2b: Annihilape|Protect|p2b: Annihilape
|-singleturn|p2b: Annihilape|Protect
|move|p1a: Gholdengo|Trick|p2b: Annihilape
|-activate|p2b: Annihilape|move: Protect
|move|p1b: Ninetales|Freeze-Dry|p2a: Whimsicott
|-supereffective|p2a: Whimsicott
|-damage|p2a: Whimsicott|3/100
|
|-weather|Snowscape|[upkeep]
|upkeep
|turn|2
|inactive|We_Are_Toasted has 30 seconds left.
|inactive|Lenk H has 30 seconds left.
|inactive|Lenk H has 20 seconds left.
|inactive|Lenk H has 15 seconds left.
|inactive|We_Are_Toasted has 20 seconds left.
|inactive|Lenk H has 10 seconds left.
|inactive|We_Are_Toasted has 15 seconds left.
|
|t:|1756324314
|move|p2a: Whimsicott|Tailwind|p2a: Whimsicott
|-sidestart|p2: Lenk H|move: Tailwind
|move|p2b: Annihilape|Rage Fist|p1a: Gholdengo
|-supereffective|p1a: Gholdengo
|-damage|p1a: Gholdengo|48/100
|move|p1a: Gholdengo|Trick|p2b: Annihilape
|-activate|p1a: Gholdengo|move: Trick|[of] p2b: Annihilape
|-item|p2b: Annihilape|Choice Scarf|[from] move: Trick
|-item|p1a: Gholdengo|Leftovers|[from] move: Trick
|move|p1b: Ninetales|Freeze-Dry|p2a: Whimsicott
|-supereffective|p2a: Whimsicott
|-damage|p2a: Whimsicott|0 fnt
|faint|p2a: Whimsicott
|
|-weather|Snowscape|[upkeep]
|-heal|p1a: Gholdengo|54/100|[from] item: Leftovers
|upkeep
|
|t:|1756324329
|switch|p2a: Palafin|Palafin-Hero, L50, F|100/100
|-activate|p2a: Palafin|ability: Zero to Hero
|turn|3
|inactive|We_Are_Toasted has 30 seconds left.
|inactive|Lenk H has 30 seconds left.
|inactive|We_Are_Toasted has 20 seconds left.
|inactive|We_Are_Toasted has 15 seconds left.
|
|t:|1756324370
|switch|p1a: Dondozo|Dondozo, L50, M|100/100
|move|p1b: Ninetales|Protect|p1b: Ninetales
|-singleturn|p1b: Ninetales|Protect
|move|p2b: Annihilape|Rage Fist|p1a: Dondozo
|-damage|p1a: Dondozo|86/100
|move|p2a: Palafin|Wave Crash|p1b: Ninetales
|-activate|p1b: Ninetales|move: Protect
|
|-weather|Snowscape|[upkeep]
|-heal|p1a: Dondozo|92/100|[from] item: Leftovers
|upkeep
|turn|4
|inactive|We_Are_Toasted has 30 seconds left.
|inactive|We_Are_Toasted has 20 seconds left.
|
|t:|1756324407
|move|p2b: Annihilape|Rage Fist|p1b: Ninetales
|-damage|p1b: Ninetales|81/100
|move|p2a: Palafin|Wave Crash|p1b: Ninetales
|-damage|p1b: Ninetales|0 fnt
|faint|p1b: Ninetales
|-damage|p2a: Palafin|81/100|[from] Recoil
|move|p1a: Dondozo|Curse|p1a: Dondozo
|-unboost|p1a: Dondozo|spe|1
|-boost|p1a: Dondozo|atk|1
|-boost|p1a: Dondozo|def|1
|
|-weather|Snowscape|[upkeep]
|-heal|p1a: Dondozo|98/100|[from] item: Leftovers
|upkeep
|
|t:|1756324419
|switch|p1b: Sneasler|Sneasler, L50, M|100/100
|turn|5
|inactive|We_Are_Toasted has 30 seconds left.
|inactive|Lenk H has 30 seconds left.
|inactive|We_Are_Toasted has 20 seconds left.
|inactive|Lenk H has 20 seconds left.
|inactive|We_Are_Toasted has 15 seconds left.
|inactive|Lenk H has 15 seconds left.
|inactive|We_Are_Toasted has 10 seconds left.
|inactive|We_Are_Toasted has 5 seconds left.
|
|t:|1756324472
|move|p2a: Palafin|Protect|p2a: Palafin
|-singleturn|p2a: Palafin|Protect
|move|p1b: Sneasler|Protect|p1b: Sneasler
|-singleturn|p1b: Sneasler|Protect
|move|p2b: Annihilape|Rage Fist|p1b: Sneasler
|-activate|p1b: Sneasler|move: Protect
|move|p1a: Dondozo|Liquidation|p2b: Annihilape
|-damage|p2b: Annihilape|49/100
|-unboost|p2b: Annihilape|def|1
|-ability|p2b: Annihilape|Defiant|boost
|-boost|p2b: Annihilape|atk|2
|
|-weather|none
|-heal|p1a: Dondozo|100/100|[from] item: Leftovers
|-sideend|p2: Lenk H|move: Tailwind
|upkeep
|turn|6
|inactive|We_Are_Toasted has 30 seconds left.
|inactive|Lenk H has 30 seconds left.
|inactive|Lenk H has 20 seconds left.
|inactive|Lenk H has 15 seconds left.
|
|t:|1756324516
|move|p2b: Annihilape|Rage Fist|p1b: Sneasler
|-enditem|p1b: Sneasler|Focus Sash
|-damage|p1b: Sneasler|1/100
|move|p1b: Sneasler|Close Combat|p2a: Palafin
|-damage|p2a: Palafin|28/100
|-unboost|p1b: Sneasler|def|1
|-unboost|p1b: Sneasler|spd|1
|move|p2a: Palafin|Haze|p2a: Palafin
|-clearallboost
|move|p1a: Dondozo|Liquidation|p2b: Annihilape
|-damage|p2b: Annihilape|9/100
|
|upkeep
|turn|7
|inactive|We_Are_Toasted has 30 seconds left.
|inactive|We_Are_Toasted has 20 seconds left.
|inactive|We_Are_Toasted has 15 seconds left.
|inactive|We_Are_Toasted has 10 seconds left.
|inactive|We_Are_Toasted has 5 seconds left.
|
|t:|1756324567
|move|p1b: Sneasler|Protect|p1b: Sneasler
|-singleturn|p1b: Sneasler|Protect
|move|p2a: Palafin|Jet Punch|p1b: Sneasler
|-activate|p1b: Sneasler|move: Protect
|move|p2b: Annihilape|Rage Fist|p1a: Dondozo
|-damage|p1a: Dondozo|57/100
|move|p1a: Dondozo|Liquidation|p2b: Annihilape
|-damage|p2b: Annihilape|0 fnt
|faint|p2b: Annihilape
|
|-heal|p1a: Dondozo|63/100|[from] item: Leftovers
|upkeep
|
|t:|1756324578
|switch|p2b: Ursaluna|Ursaluna-Bloodmoon, L50, M|100/100
|turn|8
|inactive|We_Are_Toasted has 30 seconds left.
|inactive|We_Are_Toasted has 20 seconds left.
|inactive|We_Are_Toasted has 15 seconds left.
|inactive|We_Are_Toasted has 10 seconds left.
|
|t:|1756324628
|switch|p1b: Gholdengo|Gholdengo, L50|54/100
|-terastallize|p2b: Ursaluna|Normal
|move|p1a: Dondozo|Protect|p1a: Dondozo
|-singleturn|p1a: Dondozo|Protect
|move|p2a: Palafin|Jet Punch|p1b: Gholdengo
|-damage|p1b: Gholdengo|0 fnt
|faint|p1b: Gholdengo
|move|p2b: Ursaluna|Blood Moon|p1a: Dondozo
|-activate|p1a: Dondozo|move: Protect
|
|-heal|p1a: Dondozo|69/100|[from] item: Leftovers
|upkeep
|
|t:|1756324639
|switch|p1b: Sneasler|Sneasler, L50, M|1/100
|turn|9
|
|t:|1756324660
|move|p1b: Sneasler|Protect|p1b: Sneasler
|-singleturn|p1b: Sneasler|Protect
|move|p2a: Palafin|Jet Punch|p1b: Sneasler
|-activate|p1b: Sneasler|move: Protect
|move|p2b: Ursaluna|Hyper Voice|p1b: Sneasler|[spread] p1a
|-activate|p1b: Sneasler|move: Protect
|-damage|p1a: Dondozo|19/100
|-damage|p2b: Ursaluna|91/100|[from] item: Life Orb
|move|p1a: Dondozo|Yawn|p2b: Ursaluna
|-start|p2b: Ursaluna|move: Yawn|[of] p1a: Dondozo
|
|-heal|p1a: Dondozo|25/100|[from] item: Leftovers
|upkeep
|turn|10
|inactive|We_Are_Toasted has 30 seconds left.
|inactive|We_Are_Toasted has 20 seconds left.
|inactive|Lenk H has 30 seconds left.
|
|t:|1756324689
|move|p1a: Dondozo|Protect|p1a: Dondozo
|-singleturn|p1a: Dondozo|Protect
|move|p2a: Palafin|Jet Punch|p1b: Sneasler
|-damage|p1b: Sneasler|0 fnt
|faint|p1b: Sneasler
|move|p2b: Ursaluna|Hyper Voice|p1a: Dondozo
|-activate|p1a: Dondozo|move: Protect
|
|-heal|p1a: Dondozo|32/100|[from] item: Leftovers
|-end|p2b: Ursaluna|move: Yawn|[silent]
|-status|p2b: Ursaluna|slp
|upkeep
|turn|11
|inactive|We_Are_Toasted has 20 seconds left this turn.
|inactive|We_Are_Toasted has 15 seconds left.
|
|t:|1756324705
|move|p2a: Palafin|Wave Crash|p1a: Dondozo
|-resisted|p1a: Dondozo
|-damage|p1a: Dondozo|0 fnt
|faint|p1a: Dondozo
|-damage|p2a: Palafin|16/100|[from] Recoil
|
|win|Lenk H
||We_Are_Toasted is ready for game 3.
