|j|☆deltazero21
|j|☆andiom123
|html|deltazero21andiom123    
|uhtml|bestof|Game 1 of a best-of-3
|t:|1783298730
|gametype|doubles
|player|p1|deltazero21|ash-sinnoh|1245
|player|p2|andiom123|red|1153
|gen|9
|tier|[Gen 9 Champions] VGC 2026 Reg M-B (Bo3)
|rated|
|rule|Species Clause: Limit one of each Pokémon
|rule|Item Clause: Limit 1 of each item
|clearpoke
|poke|p1|Staraptor, L50, M|
|poke|p1|Whimsicott, L50, F|
|poke|p1|Gholdengo, L50|
|poke|p1|Rotom-Wash, L50|
|poke|p1|Garchomp, L50, F|
|poke|p1|Charizard, L50, F|
|poke|p2|Incineroar, L50, F|
|poke|p2|Farigiraf, L50, M|
|poke|p2|Sylveon, L50, M|
|poke|p2|Torkoal, L50, F|
|poke|p2|Kangaskhan, L50, F|
|poke|p2|Mawile, L50, F|
|teampreview|4
|showteam|p1|Staraptor||Staraptite|Intimidate|CloseCombat,BraveBird,Roost,Protect|Jolly||M|||50|]Whimsicott||FocusSash|Prankster|Tailwind,Moonblast,Charm,Encore|Modest||F|||50|]Gholdengo||MetalCoat|GoodasGold|MakeItRain,ShadowBall,NastyPlot,Protect|Modest|||||50|]Rotom-Wash||SitrusBerry|Levitate|Protect,WillOWisp,VoltSwitch,HydroPump|Calm|||||50|]Garchomp||LifeOrb|RoughSkin|Earthquake,DragonClaw,RockSlide,Protect|Jolly||F|||50|]Charizard||CharizarditeY|Blaze|Protect,HeatWave,SolarBeam,WeatherBall|Timid||F|||50|
|showteam|p2|Incineroar||MuscleBand|Intimidate|ThroatChop,FlareBlitz,FakeOut,PartingShot|Brave||F|||50|]Farigiraf||SitrusBerry|ArmorTail|FoulPlay,PsychicNoise,TrickRoom,HelpingHand|Relaxed||M|||50|]Sylveon||LifeOrb|Pixilate|HyperVoice,HyperBeam,QuickAttack,Detect|Modest||M|||50|]Torkoal||Charcoal|Drought|Eruption,EarthPower,Flamethrower,Protect|Quiet||F|||50|]Kangaskhan||Kangaskhanite|Scrappy|DoubleEdge,FakeOut,IcePunch,HammerArm|Brave||F|||50|]Mawile||Mawilite|HyperCutter|RockSlide,PlayRough,SuckerPunch,Protect|Brave||F|||50|
|inactive|Battle timer is ON: inactive players will automatically lose when time's up. (requested by deltazero21)
|
|t:|1783298760
|teamsize|p1|4
|teamsize|p2|4
|start
|switch|p1a: Staraptor|Staraptor, L50, M|100/100
|switch|p1b: Whimsicott|Whimsicott, L50, F|100/100
|switch|p2a: Farigiraf|Farigiraf, L50, M|100/100
|switch|p2b: Incineroar|Incineroar, L50, F|100/100
|-ability|p1a: Staraptor|Intimidate|boost
|-unboost|p2a: Farigiraf|atk|1
|-unboost|p2b: Incineroar|atk|1
|-ability|p2b: Incineroar|Intimidate|boost
|-unboost|p1a: Staraptor|atk|1
|-unboost|p1b: Whimsicott|atk|1
|turn|1
|
|t:|1783298783
|move|p1a: Staraptor|Protect|p1a: Staraptor
|-singleturn|p1a: Staraptor|Protect
|move|p2b: Incineroar|Fake Out|p1a: Staraptor
|-activate|p1a: Staraptor|move: Protect
|move|p1b: Whimsicott|Moonblast|p2a: Farigiraf
|-damage|p2a: Farigiraf|61/100
|move|p2a: Farigiraf|Trick Room|p2a: Farigiraf
|-fieldstart|move: Trick Room|[of] p2a: Farigiraf
|
|upkeep
|turn|2
|
|t:|1783298804
|switch|p1b: Rotom|Rotom-Wash, L50|100/100
|detailschange|p1a: Staraptor|Staraptor-Mega, L50, M
|-mega|p1a: Staraptor|Staraptor|Staraptite
|move|p2a: Farigiraf|Psychic Noise|p1a: Staraptor
|-supereffective|p1a: Staraptor|1
|-damage|p1a: Staraptor|32/100
|-start|p1a: Staraptor|move: Heal Block
|move|p2b: Incineroar|Flare Blitz|p1a: Staraptor
|-damage|p1a: Staraptor|0 fnt
|faint|p1a: Staraptor
|-damage|p2b: Incineroar|91/100|[from] Recoil
|
|upkeep
|
|t:|1783298816
|switch|p1a: Garchomp|Garchomp, L50, F|100/100
|turn|3
|
|t:|1783298825
|move|p2a: Farigiraf|Psychic Noise|p1b: Rotom
|-damage|p1b: Rotom|76/100
|-start|p1b: Rotom|move: Heal Block
|move|p2b: Incineroar|Parting Shot|p1b: Rotom
|-unboost|p1b: Rotom|atk|1
|-unboost|p1b: Rotom|spa|1
|
|t:|1783298834
|switch|p2b: Sylveon|Sylveon, L50, M|100/100|[from] Parting Shot
|move|p1b: Rotom|Hydro Pump|p2b: Sylveon|[miss]
|-miss|p1b: Rotom|p2b: Sylveon
|move|p1a: Garchomp|Earthquake|p2b: Sylveon|[spread] p2a,p2b
|-immune|p1b: Rotom|[from] ability: Levitate
|-damage|p2a: Farigiraf|20/100y
|-damage|p2b: Sylveon|45/100
|-enditem|p2a: Farigiraf|Sitrus Berry|[eat]
|-heal|p2a: Farigiraf|45/100|[from] item: Sitrus Berry
|-damage|p1a: Garchomp|90/100|[from] item: Life Orb
|
|upkeep
|turn|4
|
|t:|1783298851
|move|p1a: Garchomp|Protect|p1a: Garchomp
|-singleturn|p1a: Garchomp|Protect
|move|p2a: Farigiraf|Psychic Noise|p1b: Rotom
|-damage|p1b: Rotom|54/100
|move|p2b: Sylveon|Hyper Voice|p1b: Rotom|[spread] p1b
|-activate|p1a: Garchomp|move: Protect
|-damage|p1b: Rotom|14/100
|-damage|p2b: Sylveon|35/100|[from] item: Life Orb
|move|p1b: Rotom|Volt Switch|p2a: Farigiraf
|-damage|p2a: Farigiraf|30/100
|
|t:|1783298863
|switch|p1b: Whimsicott|Whimsicott, L50, F|100/100|[from] Volt Switch
|
|upkeep
|turn|5
|
|t:|1783298870
|switch|p1a: Rotom|Rotom-Wash, L50|14/100
|-enditem|p1a: Rotom|Sitrus Berry|[eat]
|-heal|p1a: Rotom|38/100|[from] item: Sitrus Berry
|move|p2a: Farigiraf|Psychic Noise|p1b: Whimsicott
|-damage|p1b: Whimsicott|51/100
|-start|p1b: Whimsicott|move: Heal Block
|move|p2b: Sylveon|Hyper Voice|p1b: Whimsicott|[spread] p1a,p1b
|-damage|p1a: Rotom|1/100
|-damage|p1b: Whimsicott|0 fnt
|faint|p1b: Whimsicott
|-damage|p2b: Sylveon|26/100|[from] item: Life Orb
|
|-fieldend|move: Trick Room
|upkeep
|
|t:|1783298880
|switch|p1b: Garchomp|Garchomp, L50, F|90/100
|turn|6
|
|t:|1783298890
|move|p2b: Sylveon|Quick Attack|p1a: Rotom
|-damage|p1a: Rotom|0 fnt
|faint|p1a: Rotom
|-damage|p2b: Sylveon|16/100|[from] item: Life Orb
|move|p1b: Garchomp|Earthquake|p2a: Farigiraf|[spread] p2a,p2b
|-damage|p2a: Farigiraf|0 fnt
|-damage|p2b: Sylveon|0 fnt
|faint|p2a: Farigiraf
|faint|p2b: Sylveon
|-damage|p1b: Garchomp|80/100|[from] item: Life Orb
|
|upkeep
|
|t:|1783298901
|switch|p2b: Incineroar|Incineroar, L50, F|91/100
|switch|p2a: Kangaskhan|Kangaskhan, L50, F|100/100
|-ability|p2b: Incineroar|Intimidate|boost
|-unboost|p1b: Garchomp|atk|1
|turn|7
|
|t:|1783298912
|detailschange|p2a: Kangaskhan|Kangaskhan-Mega, L50, F
|-mega|p2a: Kangaskhan|Kangaskhan|Kangaskhanite
|move|p1b: Garchomp|Protect|p1b: Garchomp
|-singleturn|p1b: Garchomp|Protect
|move|p2a: Kangaskhan|Fake Out|p1b: Garchomp
|-activate|p1b: Garchomp|move: Protect
|move|p2b: Incineroar|Fake Out|p1b: Garchomp
|-activate|p1b: Garchomp|move: Protect
|
|upkeep
|turn|8
|
|t:|1783298926
|move|p1b: Garchomp|Earthquake|p2b: Incineroar|[spread] p2a,p2b
|-supereffective|p2b: Incineroar|1
|-damage|p2a: Kangaskhan|73/100
|-damage|p2b: Incineroar|24/100
|-damage|p1b: Garchomp|70/100|[from] item: Life Orb
|move|p2a: Kangaskhan|Ice Punch|p1b: Garchomp
|-supereffective|p1b: Garchomp|2
|-damage|p1b: Garchomp|0 fnt
|-damage|p2a: Kangaskhan|61/100|[from] ability: Rough Skin|[of] p1b: Garchomp
|faint|p1b: Garchomp
|
|win|andiom123
||deltazero21 is ready for game 2.
||andiom123 is ready for game 2.
|uhtml|next|Next: Game 2 of 3
|l|☆deltazero21
|player|p1|
