|j|â˜†Posto 311
|j|â˜†SupernovaSZ8
|html|Posto 311SupernovaSZ8    
|uhtml|bestof|Game 1 of a best-of-3
|t:|1783470491
|gametype|doubles
|player|p1|Posto 311|101|1076
|player|p2|SupernovaSZ8|canari|1115
|gen|9
|tier|[Gen 9 Champions] VGC 2026 Reg M-B (Bo3)
|rated|
|rule|Species Clause: Limit one of each PokÃ©mon
|rule|Item Clause: Limit 1 of each item
|clearpoke
|poke|p1|Vileplume, L50, F|
|poke|p1|Torkoal, L50, F|
|poke|p1|Sinistcha, L50|
|poke|p1|Garchomp, L50, M|
|poke|p1|Basculegion, L50, M|
|poke|p1|Sneasler, L50, F|
|poke|p2|Gengar, L50, F|
|poke|p2|Incineroar, L50, F|
|poke|p2|Swampert, L50, M|
|poke|p2|Politoed, L50, M|
|poke|p2|Archaludon, L50, M, shiny|
|poke|p2|Sinistcha-Masterpiece, L50|
|teampreview|4
|showteam|p1|Vileplume||WideLens|Chlorophyll|StrengthSap,SleepPowder,SludgeBomb,AfterYou|Timid||F|||50|]Torkoal||Charcoal|Drought|Eruption,SolarBeam,EarthPower,Protect|Modest||F|||50|]Sinistcha||Leftovers|Hospitality|MatchaGotcha,LifeDew,Protect,GigaDrain|Bold|||||50|]Garchomp||HardStone|RoughSkin|RockSlide,Earthquake,DragonClaw,PoisonJab|Jolly||M|||50|]Basculegion||ChoiceScarf|Adaptability|WaveCrash,FlipTurn,LastRespects,IceFang|Jolly||M|||50|]Sneasler||LifeOrb|PoisonTouch|DireClaw,CloseCombat,FakeOut,BrickBreak|Jolly||F|||50|
|showteam|p2|Gengar||Gengarite|CursedBody|PerishSong,Protect,Substitute,ShadowBall|Modest||F|||50|]Incineroar||PasshoBerry|Intimidate|FakeOut,PartingShot,DarkestLariat,Protect|Sassy||F|||50|]Swampert||Swampertite|Torrent|WaveCrash,HighHorsepower,FlipTurn,Protect|Adamant||M|||50|]Politoed||SitrusBerry|Drizzle|WeatherBall,Encore,Protect,PerishSong|Calm||M|||50|]Archaludon||Magnet|Sturdy|ElectroShot,FlashCannon,DragonPulse,Protect|Timid||M|||50|]Sinistcha-Masterpiece||KasibBerry|Hospitality|MatchaGotcha,RagePowder,Protect,TrickRoom|Sassy|||||50|
|
|t:|1783470537
|teamsize|p1|4
|teamsize|p2|4
|start
|switch|p1a: Torkoal|Torkoal, L50, F|100/100
|switch|p1b: Sinistcha|Sinistcha, L50|100/100
|switch|p2a: Incineroar|Incineroar, L50, F|100/100
|switch|p2b: Gengar|Gengar, L50, F|100/100
|-ability|p2a: Incineroar|Intimidate|boost
|-unboost|p1a: Torkoal|atk|1
|-unboost|p1b: Sinistcha|atk|1
|-weather|SunnyDay|[from] ability: Drought|[of] p1a: Torkoal
|turn|1
|
|t:|1783470553
|switch|p1b: Vileplume|Vileplume, L50, F|100/100
|detailschange|p2b: Gengar|Gengar-Mega, L50, F
|-mega|p2b: Gengar|Gengar|Gengarite
|move|p1a: Torkoal|Protect|p1a: Torkoal
|-singleturn|p1a: Torkoal|Protect
|move|p2a: Incineroar|Fake Out|p1a: Torkoal
|-activate|p1a: Torkoal|move: Protect
|move|p2b: Gengar|Perish Song|p2b: Gengar
|-start|p1a: Torkoal|perish3|[silent]
|-start|p1b: Vileplume|perish3|[silent]
|-start|p2a: Incineroar|perish3|[silent]
|-start|p2b: Gengar|perish3|[silent]
|-fieldactivate|move: Perish Song
|
|-weather|SunnyDay|[upkeep]
|-start|p1b: Vileplume|perish3
|-start|p2b: Gengar|perish3
|-start|p2a: Incineroar|perish3
|-start|p1a: Torkoal|perish3
|upkeep
|turn|2
|
|t:|1783470572
|move|p2b: Gengar|Protect|p2b: Gengar
|-singleturn|p2b: Gengar|Protect
|move|p2a: Incineroar|Protect|p2a: Incineroar
|-singleturn|p2a: Incineroar|Protect
|move|p1b: Vileplume|After You|p1a: Torkoal
|-activate|p1a: Torkoal|move: After You
|move|p1a: Torkoal|Eruption|p2b: Gengar|[spread] 
|-activate|p2a: Incineroar|move: Protect
|-activate|p2b: Gengar|move: Protect
|
|-weather|SunnyDay|[upkeep]
|-start|p1b: Vileplume|perish2
|-start|p2b: Gengar|perish2
|-start|p2a: Incineroar|perish2
|-start|p1a: Torkoal|perish2
|upkeep
|turn|3
|
|t:|1783470590
|switch|p2a: Politoed|Politoed, L50, M|100/100
|-weather|RainDance|[from] ability: Drizzle|[of] p2a: Politoed
|move|p2b: Gengar|Substitute|p2b: Gengar
|-start|p2b: Gengar|Substitute
|-damage|p2b: Gengar|75/100
|move|p1b: Vileplume|After You|p1a: Torkoal
|-activate|p1a: Torkoal|move: After You
|move|p1a: Torkoal|Eruption|p2b: Gengar|[spread] p2a,p2b
|-crit|p2b: Gengar
|-end|p2b: Gengar|Substitute
|-resisted|p2a: Politoed|1
|-damage|p2a: Politoed|88/100
|
|-weather|RainDance|[upkeep]
|-start|p2b: Gengar|perish1
|-start|p1b: Vileplume|perish1
|-start|p1a: Torkoal|perish1
|upkeep
|turn|4
|
|t:|1783470621
|switch|p2b: Incineroar|Incineroar, L50, F|100/100
|-ability|p2b: Incineroar|Intimidate|boost
|-unboost|p1a: Torkoal|atk|1
|-unboost|p1b: Vileplume|atk|1
|move|p2a: Politoed|Protect|p2a: Politoed
|-singleturn|p2a: Politoed|Protect
|move|p1b: Vileplume|Sleep Powder|p2a: Politoed
|-activate|p2a: Politoed|move: Protect
|move|p1a: Torkoal|Earth Power|p2b: Incineroar
|-supereffective|p2b: Incineroar|1
|-damage|p2b: Incineroar|64/100
|
|-weather|RainDance|[upkeep]
|-start|p1b: Vileplume|perish0
|-start|p1a: Torkoal|perish0
|faint|p1b: Vileplume
|faint|p1a: Torkoal
|upkeep
|
|t:|1783470636
|switch|p1b: Basculegion|Basculegion, L50, M|100/100
|switch|p1a: Sinistcha|Sinistcha, L50|100/100
|turn|5
|c|â˜†Posto 311|gooner strat right?
|c|â˜†SupernovaSZ8|?
|
|t:|1783470658
|move|p1b: Basculegion|Wave Crash|p2b: Incineroar
|-supereffective|p2b: Incineroar|1
|-enditem|p2b: Incineroar|Passho Berry|[eat]
|-enditem|p2b: Incineroar|Passho Berry|[weaken]
|-damage|p2b: Incineroar|0 fnt
|faint|p2b: Incineroar
|-damage|p1b: Basculegion|78/100|[from] Recoil
|move|p2a: Politoed|Perish Song|p2a: Politoed
|-start|p1a: Sinistcha|perish3|[silent]
|-start|p1b: Basculegion|perish3|[silent]
|-start|p2a: Politoed|perish3|[silent]
|-fieldactivate|move: Perish Song
|move|p1a: Sinistcha|Matcha Gotcha|p2a: Politoed
|-supereffective|p2a: Politoed|1
|-damage|p2a: Politoed|34/100
|-enditem|p2a: Politoed|Sitrus Berry|[eat]
|-heal|p2a: Politoed|58/100|[from] item: Sitrus Berry
|
|-weather|RainDance|[upkeep]
|-start|p1b: Basculegion|perish3
|-start|p2a: Politoed|perish3
|-start|p1a: Sinistcha|perish3
|upkeep
|c|â˜†Posto 311|i see thath on yt
|c|â˜†Posto 311|and the youtuber said this is gooner strat
|c|â˜†SupernovaSZ8|how is it a goon strat?
|
|t:|1783470677
|switch|p2b: Sinistcha|Sinistcha-Masterpiece, L50|100/100
|-heal|p2a: Politoed|83/100|[from] ability: Hospitality|[of] p2b: Sinistcha
|turn|6
|c|â˜†Posto 311|sick of mind bro
|c|â˜†Posto 311|u're sick bro
|c|â˜†Posto 311|im sick
|c|â˜†SupernovaSZ8|uh
|inactive|Battle timer is ON: inactive players will automatically lose when time's up. (requested by SupernovaSZ8)
|c|â˜†Posto 311|illness for everyone
|
|t:|1783470717
|move|p2a: Politoed|Protect|p2a: Politoed
|-singleturn|p2a: Politoed|Protect
|move|p2b: Sinistcha|Protect|p2b: Sinistcha
|-singleturn|p2b: Sinistcha|Protect
|move|p1b: Basculegion|Wave Crash|p2a: Politoed
|-activate|p2a: Politoed|move: Protect
|move|p1a: Sinistcha|Matcha Gotcha|p2b: Sinistcha|[spread] 
|-activate|p2a: Politoed|move: Protect
|-activate|p2b: Sinistcha|move: Protect
|
|-weather|RainDance|[upkeep]
|-start|p1b: Basculegion|perish2
|-start|p2a: Politoed|perish2
|-start|p1a: Sinistcha|perish2
|upkeep
|turn|7
|inactive|Posto 311 has 30 seconds left.
|c|â˜†Posto 311|your skin color is like a gengar shiny right?
|c|â˜†SupernovaSZ8|no
|c|â˜†SupernovaSZ8|wtf
|inactive|Posto 311 has 20 seconds left.
|inactive|Posto 311 has 15 seconds left.
|inactive|Posto 311 has 10 seconds left.
|c|â˜†Posto 311|or karkol?
|inactive|Posto 311 has 5 seconds left.
|
|t:|1783470769
|move|p1a: Sinistcha|Protect|p1a: Sinistcha
|-singleturn|p1a: Sinistcha|Protect
|move|p1b: Basculegion|Wave Crash|p2a: Politoed
|-resisted|p2a: Politoed|1
|-damage|p2a: Politoed|27/100
|-damage|p1b: Basculegion|59/100|[from] Recoil
|move|p2a: Politoed|Weather Ball|p1b: Basculegion
|-resisted|p1b: Basculegion|1
|-damage|p1b: Basculegion|29/100
|move|p2b: Sinistcha|Matcha Gotcha|p1a: Sinistcha|[spread] p1b
|-activate|p1a: Sinistcha|move: Protect
|-supereffective|p1b: Basculegion|1
|-damage|p1b: Basculegion|0 fnt
|faint|p1b: Basculegion
|
|-weather|none
|-start|p2a: Politoed|perish1
|-start|p1a: Sinistcha|perish1
|upkeep
|turn|8
|c|â˜†SupernovaSZ8|huh?!
|c|â˜†Posto 311|Your skin
|c|â˜†Posto 311|Is the color of carkol pokemon
|c|â˜†Posto 311|right?
|c|â˜†SupernovaSZ8|are you ok?
|
|t:|1783470792
|switch|p2a: Gengar|Gengar-Mega, L50, F|75/100
|move|p1a: Sinistcha|Life Dew||[still]
|-fail|p1a: Sinistcha|heal
|move|p2b: Sinistcha|Matcha Gotcha|p1a: Sinistcha
|-resisted|p1a: Sinistcha|1
|-damage|p1a: Sinistcha|81/100
|
|-heal|p1a: Sinistcha|87/100|[from] item: Leftovers
|-start|p1a: Sinistcha|perish0
|upkeep
|faint|p1a: Sinistcha
|
|win|SupernovaSZ8
|c|â˜†Posto 311|you sems like of the hood
||SupernovaSZ8 is ready for game 2.
|inactive|Posto 311 has 30 seconds to confirm battle start!
|c|â˜†Posto 311|gheto
|c|â˜†Posto 311|black man
|l|â˜†Posto 311
|player|p1|
|raw|Posto 311's rating: 1076 → 1057(-19 for losing)
|raw|SupernovaSZ8's rating: 1115 → 1137(+22 for winning)
