|j|☆mang0
|j|☆cryguana17
|html|mang0cryguana17    
|uhtml|bestof|Game 1 of a best-of-3
|t:|1756666607
|gametype|doubles
|player|p1|mang0|101|
|player|p2|cryguana17|clemont|
|gen|9
|tier|[Gen 9] VGC 2025 Reg H (Bo3)
|rule|Species Clause: Limit one of each Pokémon
|rule|Item Clause: Limit 1 of each item
|clearpoke
|poke|p1|Charizard, L50, F|
|poke|p1|Torkoal, L50, F|
|poke|p1|Porygon2, L50|
|poke|p1|Incineroar, L50, M|
|poke|p1|Jumpluff, L50, F|
|poke|p1|Ursaluna, L50, M|
|poke|p2|Gholdengo, L50|
|poke|p2|Sneasler, L50, M|
|poke|p2|Rillaboom, L50, M|
|poke|p2|Dragonite, L50, F|
|poke|p2|Ninetales-Alola, L50, F|
|poke|p2|Arcanine-Hisui, L50, F|
|teampreview|4
|showteam|p1|Charizard||ChoiceSpecs|SolarPower|HeatWave,Overheat,WeatherBall,AirSlash|||F|||50|,,,,,Ghost]Torkoal||EjectPack|Drought|Eruption,Overheat,HelpingHand,Protect|||F|||50|,,,,,Fire]Porygon2||Eviolite|Download|IceBeam,TeraBlast,TrickRoom,Recover||||||50|,,,,,Fighting]Incineroar||SitrusBerry|Intimidate|FlareBlitz,KnockOff,FakeOut,PartingShot|||M|||50|,,,,,Ghost]Jumpluff||CovertCloak|Chlorophyll|SleepPowder,SunnyDay,RagePowder,Tailwind|||F|||50|,,,,,Water]Ursaluna||FlameOrb|Guts|HeadlongRush,Facade,Earthquake,Protect|||M|||50|,,,,,Ghost
|showteam|p2|Gholdengo||GrassySeed|GoodasGold|NastyPlot,MakeItRain,ShadowBall,Protect||||||50|,,,,,Water]Sneasler||WhiteHerb|Unburden|CloseCombat,DireClaw,Coaching,Protect|||M|||50|,,,,,Ghost]Rillaboom||AssaultVest|GrassySurge|FakeOut,GrassyGlide,DrumBeating,HighHorsepower|||M|||50|,,,,,Fire]Dragonite||LoadedDice|Multiscale|ScaleShot,Haze,StompingTantrum,Protect|||F|||50|,,,,,Ground]Ninetales-Alola||FocusSash|SnowWarning|Blizzard,IcyWind,Encore,AuroraVeil|||F|||50|,,,,,Ghost]Arcanine-Hisui||ClearAmulet|Intimidate|RockSlide,FlareBlitz,ExtremeSpeed,Protect|||F|||50|,,,,,Water
|inactive|Battle timer is ON: inactive players will automatically lose when time's up. (requested by cryguana17)
|c|☆mang0|sending link
|c|☆cryguana17|me too
|c|☆cryguana17|hf
|c|☆mang0|you too!
|inactive|mang0 has 60 seconds left.
|inactive|cryguana17 has 60 seconds left.
|j| Lelandvgc
|j| Retking
|inactive|mang0 has 30 seconds left.
|j| yeffers
|inactive|mang0 has 20 seconds left.
|
|t:|1756666679
|teamsize|p1|4
|teamsize|p2|4
|start
|switch|p1a: Incineroar|Incineroar, L50, M|100/100
|switch|p1b: Porygon2|Porygon2, L50|100/100
|switch|p2a: Gholdengo|Gholdengo, L50|100/100
|switch|p2b: Rillaboom|Rillaboom, L50, M|100/100
|-fieldstart|move: Grassy Terrain|[from] ability: Grassy Surge|[of] p2b: Rillaboom
|-enditem|p2a: Gholdengo|Grassy Seed
|-boost|p2a: Gholdengo|def|1|[from] item: Grassy Seed
|-ability|p1a: Incineroar|Intimidate|boost
|-unboost|p2a: Gholdengo|atk|1
|-unboost|p2b: Rillaboom|atk|1
|-ability|p1b: Porygon2|Download|boost
|-boost|p1b: Porygon2|spa|1
|turn|1
|j| Draxolotl
|j| Christianfinity
|inactive|mang0 has 30 seconds left.
|inactive|cryguana17 has 30 seconds left.
|
|t:|1756666710
|move|p2b: Rillaboom|Fake Out|p1a: Incineroar
|-damage|p1a: Incineroar|93/100
|move|p2a: Gholdengo|Nasty Plot|p2a: Gholdengo
|-boost|p2a: Gholdengo|spa|2
|cant|p1a: Incineroar|flinch
|move|p1b: Porygon2|Trick Room|p1b: Porygon2
|-fieldstart|move: Trick Room|[of] p1b: Porygon2
|
|-heal|p1a: Incineroar|99/100|[from] Grassy Terrain
|upkeep
|turn|2
|inactive|cryguana17 has 30 seconds left.
|l| Lelandvgc
|inactive|mang0 has 30 seconds left.
|
|t:|1756666742
|switch|p2b: Arcanine|Arcanine-Hisui, L50, F|100/100
|-ability|p2b: Arcanine|Intimidate|boost
|-unboost|p1a: Incineroar|atk|1
|-unboost|p1b: Porygon2|atk|1
|move|p1b: Porygon2|Ice Beam|p2b: Arcanine
|-resisted|p2b: Arcanine
|-damage|p2b: Arcanine|72/100
|move|p1a: Incineroar|Flare Blitz|p2a: Gholdengo
|-supereffective|p2a: Gholdengo
|-damage|p2a: Gholdengo|49/100
|-damage|p1a: Incineroar|84/100|[from] Recoil
|move|p2a: Gholdengo|Nasty Plot|p2a: Gholdengo
|-boost|p2a: Gholdengo|spa|2
|
|-heal|p1a: Incineroar|90/100|[from] Grassy Terrain
|-heal|p2a: Gholdengo|55/100|[from] Grassy Terrain
|-heal|p2b: Arcanine|78/100|[from] Grassy Terrain
|upkeep
|turn|3
|j| Lelandvgc
|j| TalonMasterJ
|inactive|mang0 has 30 seconds left.
|inactive|mang0 has 20 seconds left.
|j| Trying2Scoop
|j| code_anish
|inactive|mang0 has 15 seconds left.
|inactive|mang0 has 10 seconds left.
|inactive|mang0 has 5 seconds left.
|
|t:|1756666793
|switch|p1a: Torkoal|Torkoal, L50, F|100/100
|-weather|SunnyDay|[from] ability: Drought|[of] p1a: Torkoal
|switch|p2b: Rillaboom|Rillaboom, L50, M|100/100
|move|p2a: Gholdengo|Protect|p2a: Gholdengo
|-singleturn|p2a: Gholdengo|Protect
|move|p1b: Porygon2|Tera Blast|p2a: Gholdengo
|-activate|p2a: Gholdengo|move: Protect
|
|-weather|SunnyDay|[upkeep]
|-heal|p2a: Gholdengo|62/100|[from] Grassy Terrain
|upkeep
|turn|4
|inactive|mang0 has 30 seconds left.
|inactive|cryguana17 has 30 seconds left.
|
|t:|1756666836
|move|p2b: Rillaboom|Fake Out|p1a: Torkoal
|-damage|p1a: Torkoal|91/100
|cant|p1a: Torkoal|flinch
|move|p1b: Porygon2|Tera Blast|p2a: Gholdengo
|-immune|p2a: Gholdengo
|move|p2a: Gholdengo|Nasty Plot|p2a: Gholdengo
|-boost|p2a: Gholdengo|spa|2
|
|-weather|SunnyDay|[upkeep]
|-heal|p1a: Torkoal|97/100|[from] Grassy Terrain
|-heal|p2a: Gholdengo|68/100|[from] Grassy Terrain
|upkeep
|turn|5
|l| code_anish
|inactive|mang0 has 30 seconds left.
|
|t:|1756666871
|switch|p2b: Arcanine|Arcanine-Hisui, L50, F|78/100
|-ability|p2b: Arcanine|Intimidate|boost
|-unboost|p1a: Torkoal|atk|1
|-unboost|p1b: Porygon2|atk|1
|-enditem|p1a: Torkoal|Eject Pack
|j| carneyasada
|
|t:|1756666880
|switch|p1a: Ursaluna|Ursaluna, L50, M|100/100
|move|p1b: Porygon2|Ice Beam|p2b: Arcanine
|-resisted|p2b: Arcanine
|-damage|p2b: Arcanine|54/100
|move|p2a: Gholdengo|Make It Rain|p1a: Ursaluna|[spread] p1a,p1b
|-damage|p1a: Ursaluna|0 fnt
|-damage|p1b: Porygon2|0 fnt
|-unboost|p2a: Gholdengo|spa|1
|faint|p1a: Ursaluna
|faint|p1b: Porygon2
|
|-weather|SunnyDay|[upkeep]
|-heal|p2a: Gholdengo|74/100|[from] Grassy Terrain
|-heal|p2b: Arcanine|60/100|[from] Grassy Terrain
|-fieldend|move: Trick Room
|-fieldend|move: Grassy Terrain
|upkeep
|
|t:|1756666886
|switch|p1a: Incineroar|Incineroar, L50, M|90/100
|switch|p1b: Torkoal|Torkoal, L50, F|97/100
|-ability|p1a: Incineroar|Intimidate|boost
|-unboost|p2a: Gholdengo|atk|1
|-fail|p2b: Arcanine|unboost|[from] item: Clear Amulet|[of] p2b: Arcanine
|turn|6
|
|t:|1756666910
|move|p2b: Arcanine|Protect|p2b: Arcanine
|-singleturn|p2b: Arcanine|Protect
|move|p2a: Gholdengo|Protect|p2a: Gholdengo
|-singleturn|p2a: Gholdengo|Protect
|move|p1a: Incineroar|Flare Blitz|p2a: Gholdengo
|-activate|p2a: Gholdengo|move: Protect
|move|p1b: Torkoal|Eruption|p2b: Arcanine|[spread] 
|-activate|p2a: Gholdengo|move: Protect
|-activate|p2b: Arcanine|move: Protect
|
|-weather|SunnyDay|[upkeep]
|upkeep
|turn|7
|
|t:|1756666920
|-terastallize|p2a: Gholdengo|Water
|move|p2b: Arcanine|Flare Blitz|p1a: Incineroar
|-resisted|p1a: Incineroar
|-damage|p1a: Incineroar|50/100
|-enditem|p1a: Incineroar|Sitrus Berry|[eat]
|-heal|p1a: Incineroar|75/100|[from] item: Sitrus Berry
|-damage|p2b: Arcanine|44/100|[from] Recoil
|move|p2a: Gholdengo|Make It Rain|p1b: Torkoal|[spread] p1a,p1b
|-resisted|p1a: Incineroar
|-resisted|p1b: Torkoal
|-damage|p1a: Incineroar|2/100
|-damage|p1b: Torkoal|0 fnt
|-unboost|p2a: Gholdengo|spa|1
|faint|p1b: Torkoal
|move|p1a: Incineroar|Flare Blitz|p2a: Gholdengo
|-resisted|p2a: Gholdengo
|-damage|p2a: Gholdengo|47/100
|-damage|p1a: Incineroar|0 fnt|[from] Recoil
|faint|p1a: Incineroar
|
|win|cryguana17
|l| Lelandvgc
|inactive|mang0 has 30 seconds to confirm battle start!
|inactive|cryguana17 has 30 seconds to confirm battle start!
||mang0 is ready for game 2.
||cryguana17 is ready for game 2.
|uhtml|next|Next: Game 2 of 3
|j| Trafalgar_VGC
|j| Jesuuuus
|l| Jesuuuus
|j| Jesuuuus
|l| carneyasada
|j| Lelandvgc
|l| Draxolotl
|l| Lelandvgc
|l| Trying2Scoop
|l|☆mang0
|player|p1|
|l| TalonMasterJ
|l| Jesuuuus
|l| Christianfinity
|l| yeffers
