|j|☆GymGlofer
|j|☆KodeBeast0526
|html|GymGloferKodeBeast0526    
|uhtml|bestof|Game 1 of a best-of-3
|t:|1784774265
|gametype|doubles
|player|p1|GymGlofer|blackbelt|1110
|player|p2|KodeBeast0526|hiker|1189
|gen|9
|tier|[Gen 9 Champions] VGC 2026 Reg M-B (Bo3)
|rated|
|rule|Species Clause: Limit one of each Pokémon
|rule|Item Clause: Limit 1 of each item
|clearpoke
|poke|p1|Swampert, L50, M|
|poke|p1|Milotic, L50, M|
|poke|p1|Basculegion-F, L50, F|
|poke|p1|Pelipper, L50, M|
|poke|p1|Quaquaval, L50, F|
|poke|p1|Greninja, L50, M|
|poke|p2|Aerodactyl, L50, M, shiny|
|poke|p2|Kingambit, L50, M, shiny|
|poke|p2|Sylveon, L50, M, shiny|
|poke|p2|Garchomp, L50, M, shiny|
|poke|p2|Charizard, L50, M, shiny|
|poke|p2|Farigiraf, L50, M, shiny|
|teampreview|4
|showteam|p1|Swampert||Swampertite|Damp|Liquidation,Earthquake,BulkUp,Protect|Adamant||M|||50|]Milotic||Leftovers|Competitive|HydroPump,IceBeam,Coil,LifeDew|Calm||M|||50|]Basculegion-F||LifeOrb|SwiftSwim|ChillingWater,ShadowBall,AquaJet,Protect|Modest||F|||50|]Pelipper||DampRock|Drizzle|WaterPulse,Hurricane,WideGuard,Tailwind|Modest||M|||50|]Quaquaval||FocusSash|Moxie|AquaStep,CloseCombat,SwordsDance,Detect|Jolly||F|||50|]Greninja||Greninjite|Protean|FlipTurn,DarkPulse,IcyWind,Protect|Hasty||M|||50|
|showteam|p2|Aerodactyl||Aerodactylite|Unnerve|RockSlide,IceFang,Tailwind,WideGuard|Jolly||M|||50|]Kingambit||FocusSash|Defiant|KowtowCleave,SuckerPunch,IronHead,LowKick|Adamant||M|||50|]Sylveon||FairyFeather|Pixilate|Detect,HyperVoice,HyperBeam,QuickAttack|Modest||M|||50|]Garchomp||LifeOrb|RoughSkin|Earthquake,DragonClaw,StompingTantrum,Protect|Jolly||M|||50|]Charizard||CharizarditeY|Blaze|Protect,HeatWave,SolarBeam,WeatherBall|Modest||M|||50|]Farigiraf||SitrusBerry|ArmorTail|Thunderbolt,PsychicNoise,TrickRoom,HelpingHand|Bold||M|||50|
|inactive|Battle timer is ON: inactive players will automatically lose when time's up. (requested by GymGlofer)
|
|t:|1784774317
|teamsize|p1|4
|teamsize|p2|4
|start
|switch|p1a: Greninja|Greninja, L50, M|100/100
|switch|p1b: Basculegion|Basculegion-F, L50, F|100/100
|switch|p2a: Aerodactyl|Aerodactyl, L50, M, shiny|100/100
|switch|p2b: Charizard|Charizard, L50, M, shiny|100/100
|-ability|p2a: Aerodactyl|Unnerve
|turn|1
|inactive|GymGlofer has 30 seconds left.
|
|t:|1784774344
|detailschange|p1a: Greninja|Greninja-Mega, L50, M
|-mega|p1a: Greninja|Greninja|Greninjite
|detailschange|p2b: Charizard|Charizard-Mega-Y, L50, M, shiny
|-mega|p2b: Charizard|Charizard|Charizardite Y
|-weather|SunnyDay|[from] ability: Drought|[of] p2b: Charizard
|move|p1a: Greninja|Flip Turn|p2a: Aerodactyl
|-start|p1a: Greninja|typechange|Water|[from] ability: Protean
|-supereffective|p2a: Aerodactyl|1
|-damage|p2a: Aerodactyl|62/100
|
|t:|1784774355
|switch|p1a: Pelipper|Pelipper, L50, M|100/100|[from] Flip Turn
|-weather|RainDance|[from] ability: Drizzle|[of] p1a: Pelipper
|move|p1b: Basculegion|Chilling Water|p2a: Aerodactyl
|-supereffective|p2a: Aerodactyl|1
|-crit|p2a: Aerodactyl
|-damage|p2a: Aerodactyl|0 fnt
|faint|p2a: Aerodactyl
|-damage|p1b: Basculegion|90/100|[from] item: Life Orb
|move|p2b: Charizard|Solar Beam||[still]
|-prepare|p2b: Charizard|Solar Beam
|
|-weather|RainDance|[upkeep]
|upkeep
|
|t:|1784774362
|switch|p2a: Kingambit|Kingambit, L50, M, shiny|100/100
|turn|2
|
|t:|1784774374
|move|p1b: Basculegion|Aqua Jet|p2b: Charizard
|-supereffective|p2b: Charizard|1
|-damage|p2b: Charizard|51/100
|-damage|p1b: Basculegion|80/100|[from] item: Life Orb
|move|p2a: Kingambit|Sucker Punch||[still]
|-fail|p2a: Kingambit
|move|p2b: Charizard|Solar Beam|p1a: Pelipper|[from] lockedmove
|-damage|p1a: Pelipper|68/100
|move|p1a: Pelipper|Water Pulse|p2b: Charizard
|-supereffective|p2b: Charizard|1
|-damage|p2b: Charizard|0 fnt
|faint|p2b: Charizard
|
|-weather|RainDance|[upkeep]
|upkeep
|
|t:|1784774383
|switch|p2b: Sylveon|Sylveon, L50, M, shiny|100/100
|turn|3
|
|t:|1784774393
|move|p2b: Sylveon|Detect|p2b: Sylveon
|-singleturn|p2b: Sylveon|Protect
|move|p1b: Basculegion|Chilling Water|p2a: Kingambit
|-damage|p2a: Kingambit|45/100
|-unboost|p2a: Kingambit|atk|1
|-ability|p2a: Kingambit|Defiant|boost
|-boost|p2a: Kingambit|atk|2
|-damage|p1b: Basculegion|71/100|[from] item: Life Orb
|move|p2a: Kingambit|Kowtow Cleave|p1b: Basculegion
|-supereffective|p1b: Basculegion|1
|-damage|p1b: Basculegion|0 fnt
|faint|p1b: Basculegion
|move|p1a: Pelipper|Water Pulse|p2a: Kingambit
|-damage|p2a: Kingambit|6/100
|-start|p2a: Kingambit|confusion
|
|-weather|RainDance|[upkeep]
|upkeep
|
|t:|1784774414
|switch|p1b: Milotic|Milotic, L50, M|100/100
|turn|4
|
|t:|1784774422
|-activate|p2a: Kingambit|confusion
|move|p2a: Kingambit|Sucker Punch|p1a: Pelipper
|-damage|p1a: Pelipper|14/100
|move|p1b: Milotic|Coil|p1b: Milotic
|-boost|p1b: Milotic|atk|1
|-boost|p1b: Milotic|def|1
|-boost|p1b: Milotic|accuracy|1
|move|p2b: Sylveon|Hyper Voice|p1a: Pelipper|[spread] p1a,p1b
|-damage|p1a: Pelipper|0 fnt
|-damage|p1b: Milotic|69/100
|faint|p1a: Pelipper
|
|-weather|RainDance|[upkeep]
|-heal|p1b: Milotic|75/100|[from] item: Leftovers
|upkeep
|
|t:|1784774431
|switch|p1a: Greninja|Greninja-Mega, L50, M|100/100
|turn|5
|
|t:|1784774440
|-activate|p2a: Kingambit|confusion
|move|p2a: Kingambit|Sucker Punch|p1a: Greninja
|-resisted|p1a: Greninja|1
|-damage|p1a: Greninja|54/100
|move|p1a: Greninja|Flip Turn|p2b: Sylveon
|-start|p1a: Greninja|typechange|Water|[from] ability: Protean
|-damage|p2b: Sylveon|47/100
|move|p1b: Milotic|Hydro Pump|p2a: Kingambit
|-damage|p2a: Kingambit|0 fnt
|faint|p2a: Kingambit
|move|p2b: Sylveon|Hyper Beam|p1b: Milotic
|-damage|p1b: Milotic|8/100
|-mustrecharge|p2b: Sylveon
|
|-weather|RainDance|[upkeep]
|-heal|p1b: Milotic|14/100|[from] item: Leftovers
|upkeep
|turn|6
|
|t:|1784774458
|move|p1a: Greninja|Flip Turn|p2b: Sylveon
|-damage|p2b: Sylveon|0 fnt
|faint|p2b: Sylveon
|
|win|GymGlofer
