|j|☆Bucketeering
|j|☆magicalarcher57
|html|Bucketeeringmagicalarcher57    
|uhtml|bestof|Game 3 of a best-of-3
|t:|1784169365
|gametype|doubles
|player|p1|Bucketeering|gentleman-gen4|1209
|player|p2|magicalarcher57|diantha|1299
|gen|9
|tier|[Gen 9 Champions] VGC 2026 Reg M-B (Bo3)
|rated|
|rule|Species Clause: Limit one of each Pokémon
|rule|Item Clause: Limit 1 of each item
|clearpoke
|poke|p1|Staraptor, L50, M, shiny|
|poke|p1|Whimsicott, L50, F|
|poke|p1|Incineroar, L50, F|
|poke|p1|Dragonite, L50, M|
|poke|p1|Aegislash, L50, M|
|poke|p1|Milotic, L50, F|
|poke|p2|Garchomp, L50, F|
|poke|p2|Basculegion, L50, M|
|poke|p2|Whimsicott, L50, M|
|poke|p2|Glimmora, L50, M|
|poke|p2|Metagross, L50|
|poke|p2|Annihilape, L50, F|
|teampreview|4
|showteam|p1|Staraptor||Staraptite|Intimidate|CloseCombat,BraveBird,Protect,Roost|Jolly||M|||50|]Whimsicott||MentalHerb|Prankster|Tailwind,Encore,Moonblast,Charm|Bold||F|||50|]Incineroar||PasshoBerry|Intimidate|ThroatChop,FlareBlitz,FakeOut,PartingShot|Adamant||F|||50|]Dragonite||Dragoninite|Multiscale|Protect,DracoMeteor,Hurricane,Flamethrower|Modest||M|||50|]Aegislash||SpellTag|StanceChange|IronHead,CloseCombat,ShadowSneak,KingsShield|Adamant||M|||50|]Milotic||SitrusBerry|Competitive|Haze,IcyWind,Protect,Scald|Modest||F|||50|
|showteam|p2|Garchomp||SitrusBerry|RoughSkin|Earthquake,DragonClaw,Protect,StompingTantrum|Jolly||F|||50|]Basculegion||ChoiceScarf|Adaptability|WaveCrash,LastRespects,AquaJet,FlipTurn|Jolly||M|||50|]Whimsicott||FocusSash|Prankster|Tailwind,Moonblast,Encore,Protect|Timid||M|||50|]Glimmora||LifeOrb|ToxicDebris|PowerGem,EarthPower,SludgeBomb,SpikyShield|Timid||M|||50|]Metagross||Metagrossite|ClearBody|IcePunch,IronHead,Protect,PsychicFangs|Jolly|||||50|]Annihilape||Leftovers|Defiant|CloseCombat,RageFist,Taunt,Protect|Adamant||F|||50|
|inactive|Battle timer is ON: inactive players will automatically lose when time's up. (requested by magicalarcher57)
|j| x2muz
|
|t:|1784169387
|teamsize|p1|4
|teamsize|p2|4
|start
|switch|p1a: Staraptor|Staraptor, L50, M, shiny|100/100
|switch|p1b: Whimsicott|Whimsicott, L50, F|100/100
|switch|p2a: Lilith|Glimmora, L50, M|100/100
|switch|p2b: Persephone|Whimsicott, L50, M|100/100
|-ability|p1a: Staraptor|Intimidate|boost
|-unboost|p2a: Lilith|atk|1
|-unboost|p2b: Persephone|atk|1
|turn|1
|l| x2muz
|
|t:|1784169411
|detailschange|p1a: Staraptor|Staraptor-Mega, L50, M, shiny
|-mega|p1a: Staraptor|Staraptor|Staraptite
|move|p2b: Persephone|Tailwind|p2b: Persephone
|-sidestart|p2: magicalarcher57|move: Tailwind
|move|p1b: Whimsicott|Tailwind|p1b: Whimsicott
|-sidestart|p1: Bucketeering|move: Tailwind
|move|p1a: Staraptor|Close Combat|p2a: Lilith
|-damage|p2a: Lilith|13/100
|-boost|p1a: Staraptor|def|1
|-boost|p1a: Staraptor|spd|1
|-activate|p2a: Lilith|ability: Toxic Debris
|-sidestart|p1: Bucketeering|move: Toxic Spikes
|move|p2a: Lilith|Sludge Bomb|p1b: Whimsicott
|-supereffective|p1b: Whimsicott|2
|-damage|p1b: Whimsicott|0 fnt
|faint|p1b: Whimsicott
|-damage|p2a: Lilith|3/100|[from] item: Life Orb
|
|upkeep
|
|t:|1784169429
|switch|p1b: Aegislash|Aegislash, L50, M|100/100
|turn|2
|
|t:|1784169441
|move|p2b: Persephone|Moonblast|p1a: Staraptor
|-supereffective|p1a: Staraptor|1
|-damage|p1a: Staraptor|43/100
|move|p1a: Staraptor|Brave Bird|p2a: Lilith
|-resisted|p2a: Lilith|1
|-damage|p2a: Lilith|0 fnt
|-activate|p2a: Lilith|ability: Toxic Debris
|-sidestart|p1: Bucketeering|move: Toxic Spikes
|faint|p2a: Lilith
|-damage|p1a: Staraptor|41/100|[from] Recoil
|-formechange|p1b: Aegislash|Aegislash-Blade|
|move|p1b: Aegislash|Iron Head|p2b: Persephone
|-supereffective|p2b: Persephone|1
|-enditem|p2b: Persephone|Focus Sash
|-damage|p2b: Persephone|1/100
|
|upkeep
|
|t:|1784169447
|switch|p2a: Nikke|Basculegion, L50, M|100/100
|turn|3
|
|t:|1784169457
|move|p2b: Persephone|Encore|p1b: Aegislash
|-start|p1b: Aegislash|Encore
|move|p2a: Nikke|Last Respects|p1b: Aegislash
|-supereffective|p1b: Aegislash|1
|-crit|p1b: Aegislash
|-damage|p1b: Aegislash|0 fnt
|faint|p1b: Aegislash
|move|p1a: Staraptor|Brave Bird|p2b: Persephone
|-supereffective|p2b: Persephone|1
|-damage|p2b: Persephone|0 fnt
|faint|p2b: Persephone
|-damage|p1a: Staraptor|41/100|[from] Recoil
|
|upkeep
|
|t:|1784169465
|switch|p2b: Lucifer|Garchomp, L50, F|100/100
|switch|p1b: Incineroar|Incineroar, L50, F|100/100
|-status|p1b: Incineroar|tox
|-ability|p1b: Incineroar|Intimidate|boost
|-unboost|p2a: Nikke|atk|1
|-unboost|p2b: Lucifer|atk|1
|turn|4
|inactive|Bucketeering has 30 seconds left.
|
|t:|1784169497
|move|p1a: Staraptor|Protect|p1a: Staraptor
|-singleturn|p1a: Staraptor|Protect
|move|p2a: Nikke|Last Respects|p1b: Incineroar
|-resisted|p1b: Incineroar|1
|-damage|p1b: Incineroar|70/100 tox
|move|p2b: Lucifer|Stomping Tantrum|p1b: Incineroar
|-supereffective|p1b: Incineroar|1
|-damage|p1b: Incineroar|18/100 tox
|move|p1b: Incineroar|Throat Chop|p2a: Nikke
|-supereffective|p2a: Nikke|1
|-damage|p2a: Nikke|1/100
|-start|p2a: Nikke|Throat Chop|[silent]
|
|-damage|p1b: Incineroar|12/100 tox|[from] psn
|-sideend|p2: magicalarcher57|move: Tailwind
|-sideend|p1: Bucketeering|move: Tailwind
|upkeep
|turn|5
|
|t:|1784169517
|move|p2a: Nikke|Last Respects|p1a: Staraptor
|-damage|p1a: Staraptor|0 fnt
|faint|p1a: Staraptor
|move|p2b: Lucifer|Stomping Tantrum|p1b: Incineroar
|-supereffective|p1b: Incineroar|1
|-damage|p1b: Incineroar|0 fnt
|faint|p1b: Incineroar
|
|win|magicalarcher57
|raw|Bucketeering's rating: 1209 → 1190(-19 for losing)
|raw|magicalarcher57's rating: 1299 → 1318(+19 for winning)
