|j|☆KodeBeast0526
|j|☆vulpisfoglia
|html|KodeBeast0526vulpisfoglia    
|uhtml|bestof|Game 1 of a best-of-3
|t:|1785904821
|gametype|doubles
|player|p1|KodeBeast0526|wattson|1255
|player|p2|vulpisfoglia|gwynn|1251
|gen|9
|tier|[Gen 9 Champions] VGC 2026 Reg M-B (Bo3)
|rated|
|rule|Species Clause: Limit one of each Pokémon
|rule|Item Clause: Limit 1 of each item
|clearpoke
|poke|p1|Basculegion, L50, M|
|poke|p1|Garchomp, L50, F|
|poke|p1|Scizor, L50, F|
|poke|p1|Tyranitar, L50, F|
|poke|p1|Sneasler, L50, F|
|poke|p1|Corviknight, L50, F|
|poke|p2|Aerodactyl, L50, M|
|poke|p2|Charizard, L50, M|
|poke|p2|Venusaur, L50, M|
|poke|p2|Sylveon, L50, F|
|poke|p2|Basculegion, L50, M|
|poke|p2|Garchomp, L50, M|
|teampreview|4
|showteam|p1|Basculegion||SitrusBerry|Adaptability|WaveCrash,LastRespects,AquaJet,Protect|Jolly||M|||50|]Garchomp||Garchompite|RoughSkin|EarthPower,DracoMeteor,PowerGem,Protect|Modest||F|||50|]Scizor||LifeOrb|Technician|BulletPunch,BugBite,SwordsDance,Protect|Adamant||F|||50|]Tyranitar||ChoiceScarf|SandStream|RockSlide,KnockOff,IcePunch,Superpower|Jolly||F|||50|]Sneasler||FocusSash|PoisonTouch|PoisonJab,CloseCombat,FakeOut,Protect|Jolly||F|||50|]Corviknight||Leftovers|MirrorArmor|IronHead,BraveBird,Tailwind,Protect|Impish||F|||50|
|showteam|p2|Aerodactyl||Aerodactylite|Pressure|Protect,Tailwind,RockSlide,DualWingbeat|Jolly||M|||50|]Charizard||CharizarditeY|Blaze|Protect,HeatWave,WeatherBall,SolarBeam|Modest||M|||50|]Venusaur||FocusSash|Chlorophyll|Protect,EarthPower,SludgeBomb,SleepPowder|Modest||M|||50|]Sylveon||FairyFeather|Pixilate|HyperVoice,HyperBeam,Protect,QuickAttack|Modest||F|||50|]Basculegion||ChoiceScarf|Adaptability|AquaJet,FlipTurn,WaveCrash,LastRespects|Jolly||M|||50|]Garchomp||LifeOrb|RoughSkin|Protect,Earthquake,RockSlide,DragonClaw|Jolly||M|||50|
|inactive|Battle timer is ON: inactive players will automatically lose when time's up. (requested by KodeBeast0526)
|
|t:|1785904855
|teamsize|p1|4
|teamsize|p2|4
|start
|switch|p1a: Sneasler|Sneasler, L50, F|100/100
|switch|p1b: Corviknight|Corviknight, L50, F|100/100
|switch|p2a: Aerodactyl|Aerodactyl, L50, M|100/100
|switch|p2b: Garchomp|Garchomp, L50, M|100/100
|-ability|p2a: Aerodactyl|Pressure
|turn|1
|
|t:|1785904862
|move|p1a: Sneasler|Fake Out|p2a: Aerodactyl
|-resisted|p2a: Aerodactyl|1
|-damage|p2a: Aerodactyl|90/100
|cant|p2a: Aerodactyl|flinch
|move|p2b: Garchomp|Earthquake|p1a: Sneasler|[spread] p1a
|-immune|p2a: Aerodactyl
|-immune|p1b: Corviknight
|-supereffective|p1a: Sneasler|1
|-crit|p1a: Sneasler
|-enditem|p1a: Sneasler|Focus Sash
|-damage|p1a: Sneasler|1/100
|-damage|p2b: Garchomp|90/100|[from] item: Life Orb
|move|p1b: Corviknight|Tailwind|p1b: Corviknight
|-sidestart|p1: KodeBeast0526|move: Tailwind
|
|upkeep
|turn|2
|
|t:|1785904879
|move|p1a: Sneasler|Close Combat|p2a: Aerodactyl
|-damage|p2a: Aerodactyl|0 fnt
|-unboost|p1a: Sneasler|def|1
|-unboost|p1a: Sneasler|spd|1
|faint|p2a: Aerodactyl
|move|p1b: Corviknight|Iron Head|p2b: Garchomp
|-crit|p2b: Garchomp
|-damage|p2b: Garchomp|55/100
|-damage|p1b: Corviknight|87/100|[from] ability: Rough Skin|[of] p2b: Garchomp
|move|p2b: Garchomp|Rock Slide|p1b: Corviknight|[spread] p1a,p1b
|-resisted|p1a: Sneasler|1
|-damage|p1a: Sneasler|0 fnt
|-damage|p1b: Corviknight|68/100
|faint|p1a: Sneasler
|-damage|p2b: Garchomp|45/100|[from] item: Life Orb
|
|-heal|p1b: Corviknight|74/100|[from] item: Leftovers
|upkeep
|
|t:|1785904896
|switch|p2a: Basculegion|Basculegion, L50, M|100/100
|switch|p1a: Garchomp|Garchomp, L50, F|100/100
|turn|3
|
|t:|1785904908
|detailschange|p1a: Garchomp|Garchomp-Mega, L50, F
|-mega|p1a: Garchomp|Garchomp|Garchompite
|move|p1a: Garchomp|Earth Power|p2b: Garchomp
|-damage|p2b: Garchomp|0 fnt
|faint|p2b: Garchomp
|move|p2a: Basculegion|Flip Turn|p1a: Garchomp
|-damage|p1a: Garchomp|64/100
|
|t:|1785904920
|switch|p2a: Charizard|Charizard, L50, M|100/100|[from] Flip Turn
|move|p1b: Corviknight|Brave Bird|p2a: Charizard
|-damage|p2a: Charizard|65/100
|-damage|p1b: Corviknight|63/100|[from] Recoil
|
|-heal|p1b: Corviknight|69/100|[from] item: Leftovers
|upkeep
|
|t:|1785904928
|switch|p2b: Basculegion|Basculegion, L50, M|100/100
|turn|4
|
|t:|1785904938
|move|p2a: Charizard|Protect|p2a: Charizard
|-singleturn|p2a: Charizard|Protect
|move|p1a: Garchomp|Power Gem|p2a: Charizard
|-activate|p2a: Charizard|move: Protect
|move|p2b: Basculegion|Last Respects|p1b: Corviknight
|-damage|p1b: Corviknight|0 fnt
|faint|p1b: Corviknight
|
|-sideend|p1: KodeBeast0526|move: Tailwind
|upkeep
|
|t:|1785904945
|switch|p1b: Tyranitar|Tyranitar, L50, F|100/100
|-weather|Sandstorm|[from] ability: Sand Stream|[of] p1b: Tyranitar
|turn|5
|
|t:|1785904959
|detailschange|p2a: Charizard|Charizard-Mega-Y, L50, M
|-mega|p2a: Charizard|Charizard|Charizardite Y
|-weather|SunnyDay|[from] ability: Drought|[of] p2a: Charizard
|move|p2b: Basculegion|Last Respects|p1a: Garchomp
|-damage|p1a: Garchomp|0 fnt
|faint|p1a: Garchomp
|move|p1b: Tyranitar|Knock Off|p2b: Basculegion
|-supereffective|p2b: Basculegion|1
|-crit|p2b: Basculegion
|-damage|p2b: Basculegion|0 fnt
|-enditem|p2b: Basculegion|Choice Scarf|[from] move: Knock Off|[of] p1b: Tyranitar
|faint|p2b: Basculegion
|move|p2a: Charizard|Solar Beam||[still]
|-prepare|p2a: Charizard|Solar Beam
|-anim|p2a: Charizard|Solar Beam|p1b: Tyranitar
|-supereffective|p1b: Tyranitar|1
|-damage|p1b: Tyranitar|2/100
|
|-weather|SunnyDay|[upkeep]
|upkeep
|turn|6
|
|t:|1785904974
|move|p1b: Tyranitar|Knock Off|p2a: Charizard
|-damage|p2a: Charizard|36/100
|move|p2a: Charizard|Solar Beam||[still]
|-prepare|p2a: Charizard|Solar Beam
|-anim|p2a: Charizard|Solar Beam|p1b: Tyranitar
|-supereffective|p1b: Tyranitar|1
|-damage|p1b: Tyranitar|0 fnt
|faint|p1b: Tyranitar
|
|win|vulpisfoglia
