|j|☆jerry_cilantro
|j|☆Helmet User
|html|jerry_cilantroHelmet User    
|uhtml|bestof|Game 1 of a best-of-3
|t:|1756902396
|gametype|doubles
|player|p1|jerry_cilantro|101|1044
|player|p2|Helmet User|dawn|1053
|gen|9
|tier|[Gen 9] VGC 2025 Reg H (Bo3)
|rated|
|rule|Species Clause: Limit one of each Pokémon
|rule|Item Clause: Limit 1 of each item
|clearpoke
|poke|p1|Dragapult, L50, M|
|poke|p1|Primarina, L50, F|
|poke|p1|Electabuzz, L50, M|
|poke|p1|Rillaboom, L50, M|
|poke|p1|Ursaluna, L50, F|
|poke|p1|Whimsicott, L50, M|
|poke|p2|Metagross, L50|
|poke|p2|Dragonite, L50, M|
|poke|p2|Sneasler, L50, F|
|poke|p2|Magmar, L50, F|
|poke|p2|Primarina, L50, M|
|poke|p2|Rillaboom, L50, F|
|teampreview|4
|showteam|p1|Dragapult||ChoiceBand|ClearBody|Uturn,DragonDarts,Outrage,PhantomForce|||M|||50|,,,,,Dragon]Primarina||ThroatSpray|Torrent|HyperVoice,Moonblast,Protect,Haze|||F|||50|,,,,,Fairy]Electabuzz||Eviolite|VitalSpirit|FollowMe,Protect,Electroweb,Thunderbolt|||M|||50|,,,,,Electric]Rillaboom||AssaultVest|GrassySurge|FakeOut,GrassyGlide,WoodHammer,HighHorsepower|||M|||50|,,,,,Ghost]Ursaluna||FlameOrb|Guts|Facade,Earthquake,HeadlongRush,Protect|||F|||50|,,,,,Normal]Whimsicott||FocusSash|Prankster|Encore,Tailwind,Moonblast,FakeTears|||M|||50|,,,,,Ghost
|showteam|p2|Metagross||AssaultVest|ClearBody|HeavySlam,PsychicFangs,BulletPunch,StompingTantrum||||||50|,,,,,Water]Dragonite||LoadedDice|Multiscale|ScaleShot,Tailwind,Haze,Protect|||M|||50|,,,,,Fairy]Sneasler||FocusSash|Unburden|CloseCombat,Coaching,DireClaw,Protect|||F|||50|,,,,,Ghost]Magmar||Eviolite|VitalSpirit|Overheat,FollowMe,Taunt,Protect|||F|||50|,,,,,Ghost]Primarina||SitrusBerry|LiquidVoice|HyperVoice,Moonblast,CalmMind,Protect|||M|||50|,,,,,Grass]Rillaboom||MiracleSeed|GrassySurge|WoodHammer,Uturn,GrassyGlide,FakeOut|||F|||50|,,,,,Grass
|inactive|Battle timer is ON: inactive players will automatically lose when time's up. (requested by Helmet User)
|
|t:|1756902425
|teamsize|p1|4
|teamsize|p2|4
|start
|switch|p1a: Whimsicott|Whimsicott, L50, M|100/100
|switch|p1b: Dragapult|Dragapult, L50, M, shiny|100/100
|switch|p2a: Dragonite|Dragonite, L50, M|100/100
|switch|p2b: Sneasler|Sneasler, L50, F|100/100
|turn|1
|inactive|jerry_cilantro has 30 seconds left.
|
|t:|1756902455
|-terastallize|p1a: Whimsicott|Ghost
|move|p1a: Whimsicott|Tailwind|p1a: Whimsicott
|-sidestart|p1: jerry_cilantro|move: Tailwind
|move|p1b: Dragapult|Phantom Force||[still]
|-prepare|p1b: Dragapult|Phantom Force
|move|p2b: Sneasler|Dire Claw|p1b: Dragapult|[miss]
|-miss|p2b: Sneasler|p1b: Dragapult
|move|p2a: Dragonite|Scale Shot|p1b: Dragapult|[miss]
|-miss|p2a: Dragonite|p1b: Dragapult
|
|upkeep
|turn|2
|
|t:|1756902478
|move|p1b: Dragapult|Phantom Force|p2a: Dragonite|[from] lockedmove
|-damage|p2a: Dragonite|68/100
|move|p1a: Whimsicott|Moonblast|p2a: Dragonite
|-supereffective|p2a: Dragonite
|-damage|p2a: Dragonite|25/100
|-unboost|p2a: Dragonite|spa|1
|move|p2b: Sneasler|Dire Claw|p1a: Whimsicott
|-resisted|p1a: Whimsicott
|-damage|p1a: Whimsicott|74/100
|-status|p1a: Whimsicott|psn
|move|p2a: Dragonite|Tailwind|p2a: Dragonite
|-sidestart|p2: Helmet User|move: Tailwind
|
|-damage|p1a: Whimsicott|62/100 psn|[from] psn
|upkeep
|turn|3
|inactive|jerry_cilantro has 30 seconds left.
|inactive|Helmet User has 30 seconds left.
|inactive|jerry_cilantro has 20 seconds left.
|inactive|jerry_cilantro has 15 seconds left.
|
|t:|1756902521
|switch|p1b: Primarina|Primarina, L50, F|100/100
|switch|p2a: Metagross|Metagross, L50, shiny|100/100
|move|p1a: Whimsicott|Encore||[still]
|-fail|p1a: Whimsicott
|move|p2b: Sneasler|Coaching|p2a: Metagross
|-boost|p2a: Metagross|atk|1
|-boost|p2a: Metagross|def|1
|
|-damage|p1a: Whimsicott|50/100 psn|[from] psn
|upkeep
|turn|4
|inactive|jerry_cilantro has 30 seconds left.
|inactive|Helmet User has 30 seconds left.
|inactive|jerry_cilantro has 20 seconds left.
|
|t:|1756902557
|switch|p2b: Dragonite|Dragonite, L50, M|25/100
|move|p1a: Whimsicott|Encore||[still]
|-fail|p1a: Whimsicott
|move|p2a: Metagross|Bullet Punch|p1a: Whimsicott
|-damage|p1a: Whimsicott|8/100 psn
|move|p1b: Primarina|Hyper Voice|p2b: Dragonite|[spread] p2a,p2b
|-resisted|p2a: Metagross
|-damage|p2a: Metagross|94/100
|-damage|p2b: Dragonite|5/100
|-enditem|p1b: Primarina|Throat Spray
|-boost|p1b: Primarina|spa|1|[from] item: Throat Spray
|
|-damage|p1a: Whimsicott|0 fnt|[from] psn
|faint|p1a: Whimsicott
|-sideend|p1: jerry_cilantro|move: Tailwind
|upkeep
|
|t:|1756902576
|switch|p1a: Dragapult|Dragapult, L50, M, shiny|100/100
|turn|5
|inactive|jerry_cilantro has 30 seconds left.
|
|t:|1756902607
|move|p2b: Dragonite|Scale Shot|p1a: Dragapult|[miss]
|-miss|p2b: Dragonite|p1a: Dragapult
|move|p1a: Dragapult|U-turn|p2b: Dragonite
|-resisted|p2b: Dragonite
|-damage|p2b: Dragonite|0 fnt
|faint|p2b: Dragonite
|
|t:|1756902614
|switch|p1a: Ursaluna|Ursaluna, L50, F|100/100|[from] U-turn
|move|p2a: Metagross|Heavy Slam|p1b: Primarina
|-damage|p1b: Primarina|0 fnt
|faint|p1b: Primarina
|
|-sideend|p2: Helmet User|move: Tailwind
|-status|p1a: Ursaluna|brn|[from] item: Flame Orb
|upkeep
|c|☆Helmet User|I enjoy pokemon
|
|t:|1756902628
|switch|p2b: Sneasler|Sneasler, L50, F|100/100
|switch|p1b: Dragapult|Dragapult, L50, M, shiny|100/100
|turn|6
|inactive|jerry_cilantro has 30 seconds left.
|inactive|Helmet User has 30 seconds left.
|
|t:|1756902657
|move|p1b: Dragapult|Outrage|p2a: Metagross
|-resisted|p2a: Metagross
|-damage|p2a: Metagross|71/100
|move|p2b: Sneasler|Dire Claw|p1b: Dragapult
|-resisted|p1b: Dragapult
|-damage|p1b: Dragapult|69/100
|move|p1a: Ursaluna|Facade|p2b: Sneasler
|-enditem|p2b: Sneasler|Focus Sash
|-damage|p2b: Sneasler|1/100
|move|p2a: Metagross|Psychic Fangs|p1a: Ursaluna
|-damage|p1a: Ursaluna|44/100 brn
|
|-damage|p1a: Ursaluna|39/100 brn|[from] brn
|upkeep
|turn|7
|
|t:|1756902680
|move|p2b: Sneasler|Protect|p2b: Sneasler
|-singleturn|p2b: Sneasler|Protect
|move|p1b: Dragapult|Outrage|p2a: Metagross|[from] lockedmove
|-resisted|p2a: Metagross
|-damage|p2a: Metagross|47/100
|move|p1a: Ursaluna|Facade|p2b: Sneasler
|-activate|p2b: Sneasler|move: Protect
|move|p2a: Metagross|Heavy Slam|p1a: Ursaluna
|-damage|p1a: Ursaluna|12/100 brn
|
|-damage|p1a: Ursaluna|6/100 brn|[from] brn
|upkeep
|turn|8
|
|t:|1756902701
|move|p2b: Sneasler|Protect|p2b: Sneasler
|-singleturn|p2b: Sneasler|Protect
|move|p2a: Metagross|Bullet Punch|p1a: Ursaluna
|-damage|p1a: Ursaluna|0 fnt
|faint|p1a: Ursaluna
|move|p1b: Dragapult|Outrage|p2b: Sneasler|[from] lockedmove
|-activate|p2b: Sneasler|move: Protect
|-start|p1b: Dragapult|confusion|[fatigue]
|
|upkeep
|turn|9
|
|t:|1756902717
|move|p2b: Sneasler|Dire Claw|p1b: Dragapult
|-resisted|p1b: Dragapult
|-damage|p1b: Dragapult|40/100
|-activate|p1b: Dragapult|confusion
|move|p1b: Dragapult|Outrage|p2b: Sneasler
|-damage|p2b: Sneasler|0 fnt
|faint|p2b: Sneasler
|move|p2a: Metagross|Heavy Slam|p1b: Dragapult
|-damage|p1b: Dragapult|0 fnt
|faint|p1b: Dragapult
|
|win|Helmet User
|l|☆jerry_cilantro
|player|p1|
||jerry_cilantro is ready for game 2.
|inactive|Helmet User has 30 seconds to confirm battle start!
||Helmet User is ready for game 2.
|uhtml|next|Next: Game 2 of 3
