|j|☆CostlessGem1
|j|☆Timothim Chalombre
|html|CostlessGem1Timothim Chalombre    
|uhtml|bestof|Game 1 of a best-of-3
|t:|1757643243
|gametype|doubles
|player|p1|CostlessGem1|steven|1097
|player|p2|Timothim Chalombre|cynthia-gen4|1113
|gen|9
|tier|[Gen 9] VGC 2025 Reg H (Bo3)
|rated|
|rule|Species Clause: Limit one of each Pokémon
|rule|Item Clause: Limit 1 of each item
|clearpoke
|poke|p1|Gholdengo, L50|
|poke|p1|Incineroar, L50, F|
|poke|p1|Amoonguss, L50, M|
|poke|p1|Garchomp, L50, F|
|poke|p1|Kilowattrel, L50, F|
|poke|p1|Tyranitar, L50, M|
|poke|p2|Arcanine-Hisui, L50, M|
|poke|p2|Electabuzz, L50, M|
|poke|p2|Rillaboom, L50, M|
|poke|p2|Sneasler, L50, M|
|poke|p2|Gliscor, L50, M|
|poke|p2|Primarina, L50, F|
|teampreview|4
|showteam|p1|Gholdengo||MetalCoat|GoodasGold|MakeItRain,NastyPlot,ShadowBall,Protect||||||50|,,,,,Flying]Incineroar||SafetyGoggles|Intimidate|FakeOut,FlareBlitz,PartingShot,KnockOff|||F|||50|,,,,,Grass]Amoonguss||SitrusBerry|Regenerator|Spore,RagePowder,PollenPuff,Protect|||M|||50|,,,,,Psychic]Garchomp||LifeOrb|RoughSkin|DragonClaw,StompingTantrum,Earthquake,Protect|||F|||50|,,,,,Fire]Kilowattrel||CovertCloak|Competitive|AirSlash,Tailwind,Thunderbolt,Protect|||F|||50|,,,,,Fairy]Tyranitar||AssaultVest|SandStream|RockSlide,KnockOff,LowKick,TeraBlast|||M|||50|,,,,,Flying
|showteam|p2|Arcanine-Hisui||ClearAmulet|Intimidate|FlareBlitz,RockSlide,ExtremeSpeed,Protect|||M|||50|,,,,,Water]Electabuzz||Eviolite|VitalSpirit|Thunderbolt,ThunderWave,FollowMe,Protect|||M|||50|,,,,,Ghost]Rillaboom||AssaultVest|GrassySurge|FakeOut,WoodHammer,GrassyGlide,Uturn|||M|||50|,,,,,Fire]Sneasler||FocusSash|PoisonTouch|FakeOut,CloseCombat,DireClaw,Coaching|||M|||50|,,,,,Ghost]Gliscor||ToxicOrb|PoisonHeal|HighHorsepower,DualWingbeat,SwordsDance,Protect|||M|||50|,,,,,Water]Primarina||LifeOrb|LiquidVoice|HyperVoice,Moonblast,Haze,Protect|||F|||50|,,,,,Steel
|
|t:|1757643283
|teamsize|p1|4
|teamsize|p2|4
|start
|switch|p1a: Kilowattrel|Kilowattrel, L50, F|100/100
|switch|p1b: Garchomp|Garchomp, L50, F|100/100
|switch|p2a: Sneasler|Sneasler, L50, M|100/100
|switch|p2b: Gliscor|Gliscor, L50, M|100/100
|turn|1
|inactive|Battle timer is ON: inactive players will automatically lose when time's up. (requested by Timothim Chalombre)
|
|t:|1757643329
|switch|p1b: Gholdengo|Gholdengo, L50|100/100
|move|p2a: Sneasler|Fake Out|p1b: Gholdengo
|-immune|p1b: Gholdengo
|move|p1a: Kilowattrel|Tailwind|p1a: Kilowattrel
|-sidestart|p1: CostlessGem1|move: Tailwind
|move|p2b: Gliscor|Swords Dance|p2b: Gliscor
|-boost|p2b: Gliscor|atk|2
|
|-status|p2b: Gliscor|tox|[from] item: Toxic Orb
|upkeep
|turn|2
|inactive|Timothim Chalombre has 30 seconds left.
|inactive|Timothim Chalombre has 20 seconds left.
|inactive|Timothim Chalombre has 15 seconds left.
|inactive|Timothim Chalombre has 10 seconds left.
|
|t:|1757643374
|switch|p1a: Incineroar|Incineroar, L50, F|100/100
|-ability|p1a: Incineroar|Intimidate|boost
|-unboost|p2a: Sneasler|atk|1
|-unboost|p2b: Gliscor|atk|1
|move|p1b: Gholdengo|Make It Rain|p2a: Sneasler|[spread] p2a,p2b
|-damage|p2a: Sneasler|19/100
|-damage|p2b: Gliscor|31/100 tox
|-unboost|p1b: Gholdengo|spa|1
|move|p2a: Sneasler|Coaching|p2b: Gliscor
|-boost|p2b: Gliscor|atk|1
|-boost|p2b: Gliscor|def|1
|move|p2b: Gliscor|High Horsepower|p1b: Gholdengo
|-supereffective|p1b: Gholdengo
|-damage|p1b: Gholdengo|0 fnt
|faint|p1b: Gholdengo
|
|-heal|p2b: Gliscor|43/100 tox|[from] ability: Poison Heal
|upkeep
|
|t:|1757643399
|switch|p1b: Kilowattrel|Kilowattrel, L50, F|100/100
|turn|3
|
|t:|1757643423
|switch|p2a: Primarina|Primarina, L50, F|100/100
|move|p2b: Gliscor|Protect|p2b: Gliscor
|-singleturn|p2b: Gliscor|Protect
|move|p1a: Incineroar|Fake Out|p2b: Gliscor
|-activate|p2b: Gliscor|move: Protect
|move|p1b: Kilowattrel|Air Slash|p2a: Primarina
|-damage|p2a: Primarina|72/100
|
|-heal|p2b: Gliscor|56/100 tox|[from] ability: Poison Heal
|upkeep
|turn|4
|inactive|Timothim Chalombre has 30 seconds left.
|inactive|Timothim Chalombre has 20 seconds left.
|inactive|Timothim Chalombre has 15 seconds left.
|
|t:|1757643464
|move|p1b: Kilowattrel|Air Slash|p2b: Gliscor
|-damage|p2b: Gliscor|19/100 tox
|move|p1a: Incineroar|Parting Shot|p2b: Gliscor
|-unboost|p2b: Gliscor|atk|1
|-unboost|p2b: Gliscor|spa|1
|
|t:|1757643471
|switch|p1a: Garchomp|Garchomp, L50, F|100/100|[from] Parting Shot
|move|p2b: Gliscor|Dual Wingbeat|p1b: Kilowattrel|[miss]
|-miss|p2b: Gliscor|p1b: Kilowattrel
|move|p2a: Primarina|Hyper Voice|p1b: Kilowattrel|[spread] p1a,p1b
|-damage|p1a: Garchomp|53/100
|-damage|p1b: Kilowattrel|18/100
|-damage|p2a: Primarina|62/100|[from] item: Life Orb
|
|-heal|p2b: Gliscor|32/100 tox|[from] ability: Poison Heal
|-sideend|p1: CostlessGem1|move: Tailwind
|upkeep
|turn|5
|
|t:|1757643489
|move|p2b: Gliscor|Protect|p2b: Gliscor
|-singleturn|p2b: Gliscor|Protect
|move|p1b: Kilowattrel|Tailwind|p1b: Kilowattrel
|-sidestart|p1: CostlessGem1|move: Tailwind
|move|p1a: Garchomp|Earthquake|p2a: Primarina|[spread] p2a
|-activate|p2b: Gliscor|move: Protect
|-immune|p1b: Kilowattrel
|-damage|p2a: Primarina|0 fnt
|faint|p2a: Primarina
|-damage|p1a: Garchomp|43/100|[from] item: Life Orb
|
|-heal|p2b: Gliscor|44/100 tox|[from] ability: Poison Heal
|upkeep
|
|t:|1757643493
|switch|p2a: Sneasler|Sneasler, L50, M|19/100
|turn|6
|inactive|Timothim Chalombre has 30 seconds left.
|
|t:|1757643525
|move|p2a: Sneasler|Fake Out|p1a: Garchomp
|-damage|p1a: Garchomp|29/100
|-damage|p2a: Sneasler|7/100|[from] ability: Rough Skin|[of] p1a: Garchomp
|move|p1b: Kilowattrel|Air Slash|p2b: Gliscor
|-damage|p2b: Gliscor|6/100 tox
|cant|p1a: Garchomp|flinch
|cant|p2b: Gliscor|flinch
|
|-heal|p2b: Gliscor|19/100 tox|[from] ability: Poison Heal
|upkeep
|turn|7
|
|t:|1757643539
|move|p2b: Gliscor|Protect|p2b: Gliscor
|-singleturn|p2b: Gliscor|Protect
|move|p1b: Kilowattrel|Air Slash|p2b: Gliscor
|-activate|p2b: Gliscor|move: Protect
|move|p1a: Garchomp|Earthquake|p2a: Sneasler|[spread] p2a
|-activate|p2b: Gliscor|move: Protect
|-immune|p1b: Kilowattrel
|-supereffective|p2a: Sneasler
|-damage|p2a: Sneasler|0 fnt
|faint|p2a: Sneasler
|-damage|p1a: Garchomp|19/100|[from] item: Life Orb
|
|-heal|p2b: Gliscor|31/100 tox|[from] ability: Poison Heal
|upkeep
|
|t:|1757643543
|switch|p2a: Arcanine|Arcanine-Hisui, L50, M|100/100
|-ability|p2a: Arcanine|Intimidate|boost
|-unboost|p1a: Garchomp|atk|1
|-unboost|p1b: Kilowattrel|atk|1
|-ability|p1b: Kilowattrel|Competitive|boost
|-boost|p1b: Kilowattrel|spa|2
|turn|8
|
|t:|1757643560
|-terastallize|p2a: Arcanine|Water
|move|p2a: Arcanine|Extreme Speed|p1b: Kilowattrel
|-damage|p1b: Kilowattrel|0 fnt
|faint|p1b: Kilowattrel
|move|p1a: Garchomp|Earthquake|p2a: Arcanine|[spread] p2a
|-immune|p2b: Gliscor
|-damage|p2a: Arcanine|61/100
|-damage|p1a: Garchomp|9/100|[from] item: Life Orb
|move|p2b: Gliscor|High Horsepower|p1a: Garchomp
|-damage|p1a: Garchomp|0 fnt
|-damage|p2b: Gliscor|19/100 tox|[from] ability: Rough Skin|[of] p1a: Garchomp
|faint|p1a: Garchomp
|
|-heal|p2b: Gliscor|31/100 tox|[from] ability: Poison Heal
|-sideend|p1: CostlessGem1|move: Tailwind
|upkeep
|
|t:|1757643572
|switch|p1a: Incineroar|Incineroar, L50, F|100/100
|-ability|p1a: Incineroar|Intimidate|boost
|-fail|p2a: Arcanine|unboost|[from] item: Clear Amulet|[of] p2a: Arcanine
|-unboost|p2b: Gliscor|atk|1
|turn|9
|
|t:|1757643581
|move|p2b: Gliscor|High Horsepower|p1a: Incineroar
|-supereffective|p1a: Incineroar
|-damage|p1a: Incineroar|30/100
|move|p2a: Arcanine|Rock Slide|p1a: Incineroar
|-supereffective|p1a: Incineroar
|-damage|p1a: Incineroar|0 fnt
|faint|p1a: Incineroar
|
|win|Timothim Chalombre
||CostlessGem1 is ready for game 2.
||Timothim Chalombre is ready for game 2.
|uhtml|next|Next: Game 2 of 3
