|j|☆Chandeliere
|j|☆TheMarrsterVGC
|html|ChandeliereTheMarrsterVGC    
|uhtml|bestof|Game 3 of a best-of-3
|t:|1756355250
|gametype|doubles
|player|p1|Chandeliere|ethan|1190
|player|p2|TheMarrsterVGC|170|1308
|gen|9
|tier|[Gen 9] VGC 2025 Reg H (Bo3)
|rated|
|rule|Species Clause: Limit one of each Pokémon
|rule|Item Clause: Limit 1 of each item
|clearpoke
|poke|p1|Incineroar, L50, M|
|poke|p1|Dragonite, L50, F|
|poke|p1|Porygon2, L50|
|poke|p1|Ursaluna-Bloodmoon, L50, M|
|poke|p1|Ninetales-Alola, L50, M|
|poke|p1|Annihilape, L50, M|
|poke|p2|Ursaluna, L50, F|
|poke|p2|Pelipper, L50, F|
|poke|p2|Archaludon, L50, M|
|poke|p2|Sinistcha, L50|
|poke|p2|Dragonite, L50, F|
|poke|p2|Gholdengo, L50|
|teampreview|4
|showteam|p1|Incineroar||ChopleBerry|Intimidate|FlareBlitz,KnockOff,FakeOut,PartingShot|||M|||50|,,,,,Grass]Dragonite||LoadedDice|Multiscale|ScaleShot,Tailwind,Haze,Protect|||F|||50|,,,,,Steel]Porygon2||Eviolite|Download|TeraBlast,IceBeam,Recover,TrickRoom||||||50|,,,,,Fighting]Ursaluna-Bloodmoon||AssaultVest|MindsEye|HyperVoice,BloodMoon,VacuumWave,EarthPower|||M|||50|,,,,,Water]Ninetales-Alola||LightClay|SnowWarning|IcicleSpear,Encore,IcyWind,AuroraVeil|||M|||50|,,,,,Ghost]Annihilape||SafetyGoggles|Defiant|DrainPunch,RageFist,BulkUp,Protect|||M|||50|,,,,,Fire
|showteam|p2|Ursaluna||FlameOrb|Guts|Facade,HeadlongRush,Earthquake,Protect|||F|||50|,,,,,Ghost]Pelipper||FocusSash|Drizzle|MuddyWater,Hurricane,Tailwind,Protect|||F|||50|,,,,,Ghost]Archaludon||AssaultVest|Stamina|ElectroShot,Snarl,BodyPress,DragonPulse|||M|||50|,,,,,Grass]Sinistcha||SitrusBerry|Hospitality|MatchaGotcha,RagePowder,TrickRoom,LifeDew||||||50|,,,,,Dark]Dragonite||LoadedDice|Multiscale|ScaleShot,Tailwind,Haze,Protect|||F|||50|,,,,,Fairy]Gholdengo||ChoiceScarf|GoodasGold|MakeItRain,ShadowBall,PowerGem,Trick||||||50|,,,,,Steel
|
|t:|1756355288
|teamsize|p1|4
|teamsize|p2|4
|start
|switch|p1a: Ursaluna|Ursaluna-Bloodmoon, L50, M|100/100
|switch|p1b: Dragonite|Dragonite, L50, F|100/100
|switch|p2a: Dragonite|Dragonite, L50, F|100/100
|switch|p2b: Archaludon|Archaludon, L50, M|100/100
|turn|1
|
|t:|1756355335
|-terastallize|p2b: Archaludon|Grass
|move|p1b: Dragonite|Tailwind|p1b: Dragonite
|-sidestart|p1: Chandeliere|move: Tailwind
|move|p1a: Ursaluna|Blood Moon|p2a: Dragonite
|-damage|p2a: Dragonite|64/100
|move|p2a: Dragonite|Scale Shot|p2b: Archaludon|[miss]
|-miss|p2a: Dragonite|p2b: Archaludon
|move|p2b: Archaludon|Body Press|p1a: Ursaluna
|-supereffective|p1a: Ursaluna
|-damage|p1a: Ursaluna|62/100
|
|upkeep
|turn|2
|
|t:|1756355397
|-terastallize|p1a: Ursaluna|Water
|move|p1b: Dragonite|Protect|p1b: Dragonite
|-singleturn|p1b: Dragonite|Protect
|move|p2a: Dragonite|Protect|p2a: Dragonite
|-singleturn|p2a: Dragonite|Protect
|move|p1a: Ursaluna|Hyper Voice|p2b: Archaludon|[spread] p2b
|-activate|p2a: Dragonite|move: Protect
|-damage|p2b: Archaludon|76/100
|-ability|p2b: Archaludon|Stamina|boost
|-boost|p2b: Archaludon|def|1
|move|p2b: Archaludon|Snarl|p1b: Dragonite|[spread] p1a
|-activate|p1b: Dragonite|move: Protect
|-damage|p1a: Ursaluna|53/100
|-unboost|p1a: Ursaluna|spa|1
|
|upkeep
|turn|3
|inactive|Battle timer is ON: inactive players will automatically lose when time's up. (requested by TheMarrsterVGC)
|inactive|Chandeliere has 60 seconds left.
|
|t:|1756355434
|switch|p1a: Annihilape|Annihilape, L50, M|100/100
|switch|p2a: Pelipper|Pelipper, L50, F|100/100
|-weather|RainDance|[from] ability: Drizzle|[of] p2a: Pelipper
|move|p1b: Dragonite|Scale Shot|p2a: Pelipper
|-damage|p2a: Pelipper|82/100
|-damage|p2a: Pelipper|62/100
|-damage|p2a: Pelipper|42/100
|-damage|p2a: Pelipper|24/100
|-damage|p2a: Pelipper|6/100
|-hitcount|p2a: Pelipper|5
|-unboost|p1b: Dragonite|def|1
|-boost|p1b: Dragonite|spe|1
|move|p2b: Archaludon|Electro Shot||[still]
|-prepare|p2b: Archaludon|Electro Shot
|-boost|p2b: Archaludon|spa|1
|-anim|p2b: Archaludon|Electro Shot|p1a: Annihilape
|-damage|p1a: Annihilape|46/100
|
|-weather|RainDance|[upkeep]
|upkeep
|turn|4
|inactive|Chandeliere has 30 seconds left.
|inactive|TheMarrsterVGC has 30 seconds left.
|inactive|Chandeliere has 20 seconds left.
|inactive|Chandeliere has 15 seconds left.
|inactive|Chandeliere has 10 seconds left.
|inactive|TheMarrsterVGC has 20 seconds left.
|
|t:|1756355484
|switch|p1a: Ninetales|Ninetales-Alola, L50, M|100/100
|-weather|Snowscape|[from] ability: Snow Warning|[of] p1a: Ninetales
|move|p2a: Pelipper|Protect|p2a: Pelipper
|-singleturn|p2a: Pelipper|Protect
|move|p1b: Dragonite|Scale Shot|p2a: Pelipper
|-activate|p2a: Pelipper|move: Protect
|move|p2b: Archaludon|Dragon Pulse|p1b: Dragonite
|-supereffective|p1b: Dragonite
|-damage|p1b: Dragonite|42/100
|
|-weather|Snowscape|[upkeep]
|-sideend|p1: Chandeliere|move: Tailwind
|upkeep
|turn|5
|inactive|Chandeliere has 30 seconds left.
|inactive|TheMarrsterVGC has 30 seconds left.
|inactive|Chandeliere has 20 seconds left.
|inactive|TheMarrsterVGC has 20 seconds left.
|inactive|Chandeliere has 15 seconds left.
|inactive|TheMarrsterVGC has 15 seconds left.
|inactive|Chandeliere has 10 seconds left.
|
|t:|1756355530
|move|p1b: Dragonite|Tailwind|p1b: Dragonite
|-sidestart|p1: Chandeliere|move: Tailwind
|move|p1a: Ninetales|Icy Wind|p2b: Archaludon|[spread] p2a,p2b
|-supereffective|p2b: Archaludon
|-damage|p2a: Pelipper|0 fnt
|-damage|p2b: Archaludon|60/100
|-unboost|p2b: Archaludon|spe|1
|-ability|p2b: Archaludon|Stamina|boost
|-boost|p2b: Archaludon|def|1
|faint|p2a: Pelipper
|move|p2b: Archaludon|Dragon Pulse|p1b: Dragonite
|-supereffective|p1b: Dragonite
|-damage|p1b: Dragonite|0 fnt
|faint|p1b: Dragonite
|
|-weather|Snowscape|[upkeep]
|upkeep
|
|t:|1756355552
|switch|p1b: Ursaluna|Ursaluna-Bloodmoon, L50, M, tera:Water|53/100
|switch|p2a: Gholdengo|Gholdengo, L50|100/100
|turn|6
|inactive|Chandeliere has 30 seconds left.
|inactive|TheMarrsterVGC has 30 seconds left.
|inactive|Chandeliere has 20 seconds left.
|inactive|TheMarrsterVGC has 20 seconds left.
|inactive|Chandeliere has 15 seconds left.
|inactive|TheMarrsterVGC has 15 seconds left.
|
|t:|1756355595
|switch|p2a: Dragonite|Dragonite, L50, F|64/100
|move|p1a: Ninetales|Icy Wind|p2b: Archaludon|[spread] p2a,p2b
|-supereffective|p2a: Dragonite
|-supereffective|p2b: Archaludon
|-damage|p2a: Dragonite|18/100
|-damage|p2b: Archaludon|43/100
|-unboost|p2a: Dragonite|spe|1
|-unboost|p2b: Archaludon|spe|1
|-ability|p2b: Archaludon|Stamina|boost
|-boost|p2b: Archaludon|def|1
|move|p1b: Ursaluna|Earth Power|p2a: Dragonite
|-immune|p2a: Dragonite
|move|p2b: Archaludon|Body Press|p1b: Ursaluna
|-damage|p1b: Ursaluna|9/100
|
|-weather|Snowscape|[upkeep]
|upkeep
|turn|7
|inactive|TheMarrsterVGC has 30 seconds left.
|inactive|TheMarrsterVGC has 20 seconds left.
|inactive|TheMarrsterVGC has 15 seconds left.
|
|t:|1756355635
|switch|p2a: Gholdengo|Gholdengo, L50|100/100
|move|p1a: Ninetales|Icy Wind|p2b: Archaludon|[spread] p2a,p2b
|-resisted|p2a: Gholdengo
|-supereffective|p2b: Archaludon
|-damage|p2a: Gholdengo|93/100
|-damage|p2b: Archaludon|27/100
|-unboost|p2a: Gholdengo|spe|1
|-unboost|p2b: Archaludon|spe|1
|-ability|p2b: Archaludon|Stamina|boost
|-boost|p2b: Archaludon|def|1
|move|p1b: Ursaluna|Blood Moon|p2b: Archaludon
|-damage|p2b: Archaludon|0 fnt
|faint|p2b: Archaludon
|
|-weather|Snowscape|[upkeep]
|upkeep
|
|t:|1756355652
|switch|p2b: Dragonite|Dragonite, L50, F|18/100
|turn|8
|
|t:|1756355661
|move|p2b: Dragonite|Protect|p2b: Dragonite
|-singleturn|p2b: Dragonite|Protect
|move|p1a: Ninetales|Icy Wind|p2a: Gholdengo|[spread] 
|-activate|p2b: Dragonite|move: Protect
|-miss|p1a: Ninetales|p2a: Gholdengo
|move|p1b: Ursaluna|Earth Power|p2a: Gholdengo
|-supereffective|p2a: Gholdengo
|-damage|p2a: Gholdengo|0 fnt
|faint|p2a: Gholdengo
|
|-weather|none
|-sideend|p1: Chandeliere|move: Tailwind
|upkeep
|turn|9
|l|☆TheMarrsterVGC
|inactive|TheMarrsterVGC disconnected and has a minute to reconnect!
|player|p2|
|inactive|Chandeliere has 30 seconds left.
|inactive|TheMarrsterVGC has 30 seconds left.
|inactive|TheMarrsterVGC has 20 seconds left.
|inactive|TheMarrsterVGC has 15 seconds left.
|inactive|TheMarrsterVGC has 10 seconds left.
|inactive|TheMarrsterVGC has 5 seconds left.
|-message|TheMarrsterVGC lost due to inactivity.
|
|win|Chandeliere
|raw|Chandeliere's rating: 1190 → 1223(+33 for winning)
|raw|TheMarrsterVGC's rating: 1308 → 1281(-27 for losing)
