|j|☆artyowls
|j|☆kontstomper
|html|artyowlskontstomper    
|uhtml|bestof|Game 3 of a best-of-3
|t:|1756838861
|gametype|doubles
|player|p1|artyowls|plasmagrunt|1084
|player|p2|kontstomper|169|1037
|gen|9
|tier|[Gen 9] VGC 2025 Reg H (Bo3)
|rated|
|rule|Species Clause: Limit one of each Pokémon
|rule|Item Clause: Limit 1 of each item
|clearpoke
|poke|p1|Gholdengo, L50|
|poke|p1|Sneasler, L50, M|
|poke|p1|Whimsicott, L50, M|
|poke|p1|Kingambit, L50, F|
|poke|p1|Rillaboom, L50, M|
|poke|p1|Volcarona, L50, F|
|poke|p2|Tyranitar, L50, F|
|poke|p2|Corviknight, L50, F|
|poke|p2|Excadrill, L50, M|
|poke|p2|Rotom-Wash, L50|
|poke|p2|Sneasler, L50, F|
|poke|p2|Indeedee-F, L50, F|
|teampreview|4
|showteam|p1|Gholdengo||LifeOrb|GoodasGold|MakeItRain,ShadowBall,Protect,NastyPlot||||||50|,,,,,Fairy]Sneasler||FocusSash|Unburden|CloseCombat,DireClaw,Protect,FakeOut|||M|||50|,,,,,Dark]Whimsicott||CovertCloak|Prankster|Tailwind,Encore,Moonblast,Taunt|||M|||50|,,,,,Water]Kingambit||BlackGlasses|Defiant|SuckerPunch,KowtowCleave,Protect,SwordsDance|||F|||50|,,,,,Dark]Rillaboom||AssaultVest|GrassySurge|GrassyGlide,FakeOut,WoodHammer,HighHorsepower|||M|||50|,,,,,Fire]Volcarona||RockyHelmet|FlameBody|StruggleBug,RagePowder,FieryDance,WillOWisp|||F|||50|,,,,,Water
|showteam|p2|Tyranitar||AssaultVest|SandStream|RockSlide,KnockOff,IcyWind,DragonTail|||F|||50|,,,,,Flying]Corviknight||RockyHelmet|MirrorArmor|Tailwind,BraveBird,BodyPress,Roost|||F|||50|,,,,,Dragon]Excadrill||LifeOrb|SandRush|SwordsDance,Protect,Earthquake,IronHead|||M|||50|,,,,,Ghost]Rotom-Wash||ChoiceSpecs|Levitate|Trick,VoltSwitch,Thunderbolt,HydroPump||||||50|,,,,,Grass]Sneasler||PsychicSeed|Unburden|Protect,CloseCombat,DireClaw,ShadowClaw|||F|||50|,,,,,Dark]Indeedee-F||MentalHerb|PsychicSurge|Protect,TrickRoom,Psychic,FollowMe|||F|||50|,,,,,Psychic
|
|t:|1756838895
|teamsize|p1|4
|teamsize|p2|4
|start
|switch|p1a: Whimsicott|Whimsicott, L50, M|100/100
|switch|p1b: Gholdengo|Gholdengo, L50|100/100
|switch|p2a: Tyranitar|Tyranitar, L50, F|100/100
|switch|p2b: Excadrill|Excadrill, L50, M|100/100
|-weather|Sandstorm|[from] ability: Sand Stream|[of] p2a: Tyranitar
|turn|1
|
|t:|1756838948
|-terastallize|p2a: Tyranitar|Flying
|move|p1b: Gholdengo|Protect|p1b: Gholdengo
|-singleturn|p1b: Gholdengo|Protect
|move|p1a: Whimsicott|Tailwind|p1a: Whimsicott
|-sidestart|p1: artyowls|move: Tailwind
|move|p2b: Excadrill|Swords Dance|p2b: Excadrill
|-boost|p2b: Excadrill|atk|2
|move|p2a: Tyranitar|Knock Off|p1b: Gholdengo
|-activate|p1b: Gholdengo|move: Protect
|
|-weather|Sandstorm|[upkeep]
|-damage|p1a: Whimsicott|95/100|[from] Sandstorm
|-damage|p2a: Tyranitar|94/100|[from] Sandstorm
|upkeep
|turn|2
|
|t:|1756838982
|-terastallize|p1b: Gholdengo|Fairy
|move|p1a: Whimsicott|Encore|p2b: Excadrill
|-start|p2b: Excadrill|Encore
|move|p1b: Gholdengo|Nasty Plot|p1b: Gholdengo
|-boost|p1b: Gholdengo|spa|2
|move|p2b: Excadrill|Swords Dance|p2b: Excadrill
|-boost|p2b: Excadrill|atk|2
|move|p2a: Tyranitar|Rock Slide|p1a: Whimsicott|[spread] p1a,p1b
|-damage|p1a: Whimsicott|67/100
|-damage|p1b: Gholdengo|67/100
|
|-weather|Sandstorm|[upkeep]
|-damage|p1a: Whimsicott|61/100|[from] Sandstorm
|-damage|p1b: Gholdengo|61/100|[from] Sandstorm
|-damage|p2a: Tyranitar|88/100|[from] Sandstorm
|upkeep
|turn|3
|
|t:|1756839017
|switch|p1a: Rillaboom|Rillaboom, L50, M|100/100
|-fieldstart|move: Grassy Terrain|[from] ability: Grassy Surge|[of] p1a: Rillaboom
|switch|p2b: Indeedee|Indeedee-F, L50, F|100/100
|-fieldstart|move: Psychic Terrain|[from] ability: Psychic Surge|[of] p2b: Indeedee
|move|p1b: Gholdengo|Make It Rain|p2b: Indeedee|[spread] p2a,p2b
|-damage|p2a: Tyranitar|12/100
|-damage|p2b: Indeedee|0 fnt
|-unboost|p1b: Gholdengo|spa|1
|faint|p2b: Indeedee
|-damage|p1b: Gholdengo|51/100|[from] item: Life Orb
|move|p2a: Tyranitar|Rock Slide|p1a: Rillaboom|[spread] p1a,p1b
|-damage|p1a: Rillaboom|73/100
|-damage|p1b: Gholdengo|22/100
|
|-weather|Sandstorm|[upkeep]
|-damage|p1b: Gholdengo|16/100|[from] Sandstorm
|-damage|p1a: Rillaboom|67/100|[from] Sandstorm
|-damage|p2a: Tyranitar|6/100|[from] Sandstorm
|upkeep
|
|t:|1756839049
|switch|p2b: Excadrill|Excadrill, L50, M|100/100
|turn|4
|
|t:|1756839075
|move|p2b: Excadrill|Protect|p2b: Excadrill
|-singleturn|p2b: Excadrill|Protect
|move|p1b: Gholdengo|Make It Rain|p2b: Excadrill|[spread] p2a
|-activate|p2b: Excadrill|move: Protect
|-damage|p2a: Tyranitar|0 fnt
|-unboost|p1b: Gholdengo|spa|1
|faint|p2a: Tyranitar
|-damage|p1b: Gholdengo|6/100|[from] item: Life Orb
|move|p1a: Rillaboom|Wood Hammer|p2b: Excadrill
|-activate|p2b: Excadrill|move: Protect
|
|-weather|Sandstorm|[upkeep]
|-damage|p1b: Gholdengo|0 fnt|[from] Sandstorm
|-damage|p1a: Rillaboom|61/100|[from] Sandstorm
|faint|p1b: Gholdengo
|-sideend|p1: artyowls|move: Tailwind
|upkeep
|
|t:|1756839091
|switch|p1b: Whimsicott|Whimsicott, L50, M|61/100
|switch|p2a: Sneasler|Sneasler, L50, F|100/100
|-enditem|p2a: Sneasler|Psychic Seed
|-boost|p2a: Sneasler|spd|1|[from] item: Psychic Seed
|turn|5
|
|t:|1756839122
|switch|p1a: Volcarona|Volcarona, L50, F|100/100
|move|p1b: Whimsicott|Tailwind|p1b: Whimsicott
|-sidestart|p1: artyowls|move: Tailwind
|move|p2a: Sneasler|Dire Claw|p1a: Volcarona
|-damage|p1a: Volcarona|45/100
|-damage|p2a: Sneasler|84/100|[from] item: Rocky Helmet|[of] p1a: Volcarona
|move|p2b: Excadrill|Iron Head|p1b: Whimsicott
|-supereffective|p1b: Whimsicott
|-damage|p1b: Whimsicott|0 fnt
|faint|p1b: Whimsicott
|-damage|p2b: Excadrill|91/100|[from] item: Life Orb
|
|-weather|none
|upkeep
|
|t:|1756839135
|switch|p1b: Rillaboom|Rillaboom, L50, M|61/100
|-fieldstart|move: Grassy Terrain|[from] ability: Grassy Surge|[of] p1b: Rillaboom
|turn|6
|
|t:|1756839163
|move|p1b: Rillaboom|Fake Out|p2a: Sneasler
|-damage|p2a: Sneasler|61/100
|cant|p2a: Sneasler|flinch
|move|p1a: Volcarona|Fiery Dance|p2b: Excadrill
|-supereffective|p2b: Excadrill
|-crit|p2b: Excadrill
|-damage|p2b: Excadrill|0 fnt
|-boost|p1a: Volcarona|spa|1
|faint|p2b: Excadrill
|
|-heal|p2a: Sneasler|67/100|[from] Grassy Terrain
|-heal|p1a: Volcarona|52/100|[from] Grassy Terrain
|-heal|p1b: Rillaboom|67/100|[from] Grassy Terrain
|upkeep
|turn|7
|
|t:|1756839198
|move|p2a: Sneasler|Dire Claw|p1b: Rillaboom
|-supereffective|p1b: Rillaboom
|-damage|p1b: Rillaboom|0 fnt
|faint|p1b: Rillaboom
|move|p1a: Volcarona|Fiery Dance|p2a: Sneasler
|-damage|p2a: Sneasler|21/100
|
|-heal|p2a: Sneasler|27/100|[from] Grassy Terrain
|-heal|p1a: Volcarona|58/100|[from] Grassy Terrain
|upkeep
|turn|8
|
|t:|1756839226
|move|p2a: Sneasler|Dire Claw|p1a: Volcarona
|-damage|p1a: Volcarona|3/100
|-status|p1a: Volcarona|par
|-damage|p2a: Sneasler|10/100|[from] item: Rocky Helmet|[of] p1a: Volcarona
|-status|p2a: Sneasler|brn|[from] ability: Flame Body|[of] p1a: Volcarona
|move|p1a: Volcarona|Fiery Dance|p2a: Sneasler
|-damage|p2a: Sneasler|0 fnt
|-boost|p1a: Volcarona|spa|1
|faint|p2a: Sneasler
|
|win|artyowls
