|j|☆vgac
|j|☆sweetlysunny
|html|vgacsweetlysunny    
|uhtml|bestof|Game 3 of a best-of-3
|t:|1783742102
|gametype|doubles
|player|p1|vgac|marlon|1162
|player|p2|sweetlysunny|serena|1193
|gen|9
|tier|[Gen 9 Champions] VGC 2026 Reg M-B (Bo3)
|rated|
|rule|Species Clause: Limit one of each Pokémon
|rule|Item Clause: Limit 1 of each item
|clearpoke
|poke|p1|Pelipper, L50, F|
|poke|p1|Swampert, L50, F|
|poke|p1|Archaludon, L50, F|
|poke|p1|Sinistcha, L50|
|poke|p1|Whimsicott, L50, F|
|poke|p1|Aerodactyl, L50, F|
|poke|p2|Torkoal, L50, M|
|poke|p2|Pyroar, L50, F|
|poke|p2|Vileplume, L50, M|
|poke|p2|Scrafty, L50, M|
|poke|p2|Farigiraf, L50, M|
|poke|p2|Sylveon, L50, M|
|teampreview|4
|showteam|p1|Pelipper||FocusSash|Drizzle|WideGuard,Hurricane,Tailwind,Surf|Modest||F|||50|]Swampert||Swampertite|Damp|Earthquake,WaveCrash,IcePunch,Protect|Jolly||F|||50|]Archaludon||Leftovers|Stamina|ElectroShot,DragonPulse,FlashCannon,Protect|Modest||F|||50|]Sinistcha||SitrusBerry|Hospitality|MatchaGotcha,LifeDew,TrickRoom,Protect|Relaxed|||||50|]Whimsicott||MentalHerb|Prankster|LightScreen,Charm,Tailwind,Moonblast|Bold||F|||50|]Aerodactyl||ChoiceScarf|RockHead|RockSlide,IronHead,DualWingbeat,PsychicFangs|Jolly||F|||50|
|showteam|p2|Torkoal||Charcoal|Drought|HeatWave,Eruption,HelpingHand,Protect|Quiet||M|||50|]Pyroar||Pyroarite|Unnerve|HeatWave,Overheat,ScorchingSands,Protect|Timid||F|||50|]Vileplume||FocusSash|Chlorophyll|EnergyBall,SludgeBomb,SleepPowder,AfterYou|Timid||M|||50|]Scrafty||Scraftinite|Intimidate|FakeOut,CloseCombat,PoisonJab,KnockOff|Brave||M|||50|]Farigiraf||SitrusBerry|ArmorTail|HyperVoice,Psychic,HelpingHand,TrickRoom|Bold||M|||50|]Sylveon||FairyFeather|Pixilate|HyperVoice,HyperBeam,QuickAttack,Protect|Quiet||M|||50|
|inactive|Battle timer is ON: inactive players will automatically lose when time's up. (requested by sweetlysunny)
|
|t:|1783742130
|teamsize|p1|4
|teamsize|p2|4
|start
|switch|p1a: Aerodactyl|Aerodactyl, L50, F|100/100
|switch|p1b: Sinistcha|Sinistcha, L50|100/100
|switch|p2a: Pyroar|Pyroar, L50, F|100/100
|switch|p2b: Vileplume|Vileplume, L50, M|100/100
|-ability|p2a: Pyroar|Unnerve
|turn|1
|
|t:|1783742155
|switch|p2a: Scrafty|Scrafty, L50, M|100/100
|-ability|p2a: Scrafty|Intimidate|boost
|-unboost|p1a: Aerodactyl|atk|1
|-unboost|p1b: Sinistcha|atk|1
|move|p1a: Aerodactyl|Rock Slide|p2b: Vileplume|[spread] p2a,p2b
|-resisted|p2a: Scrafty|1
|-damage|p2a: Scrafty|93/100
|-damage|p2b: Vileplume|75/100
|move|p2b: Vileplume|Sleep Powder|p1a: Aerodactyl
|-status|p1a: Aerodactyl|slp|[from] move: Sleep Powder
|move|p1b: Sinistcha|Matcha Gotcha|p2a: Scrafty|[spread] p2a,p2b
|-resisted|p2b: Vileplume|2
|-damage|p2a: Scrafty|71/100
|-damage|p2b: Vileplume|67/100
|
|upkeep
|turn|2
|inactive|sweetlysunny has 30 seconds left.
|
|t:|1783742188
|switch|p1a: Archaludon|Archaludon, L50, F|100/100
|switch|p1b: Pelipper|Pelipper, L50, F|100/100
|-weather|RainDance|[from] ability: Drizzle|[of] p1b: Pelipper
|detailschange|p2a: Scrafty|Scrafty-Mega, L50, M
|-mega|p2a: Scrafty|Scrafty|Scraftinite
|-ability|p2a: Scrafty|Intimidate|boost
|-unboost|p1a: Archaludon|atk|1
|-unboost|p1b: Pelipper|atk|1
|move|p2b: Vileplume|Sludge Bomb|p1b: Pelipper
|-damage|p1b: Pelipper|32/100
|move|p2a: Scrafty|Knock Off|p1b: Pelipper
|-damage|p1b: Pelipper|0 fnt
|-enditem|p1b: Pelipper|Focus Sash|[from] move: Knock Off|[of] p2a: Scrafty
|faint|p1b: Pelipper
|
|-weather|RainDance|[upkeep]
|upkeep
|
|t:|1783742201
|switch|p1b: Aerodactyl|Aerodactyl, L50, F|100/100 slp
|turn|3
|
|t:|1783742220
|switch|p2a: Torkoal|Torkoal, L50, M|100/100
|-weather|SunnyDay|[from] ability: Drought|[of] p2a: Torkoal
|cant|p1b: Aerodactyl|slp
|move|p2b: Vileplume|Sleep Powder|p1a: Archaludon
|-status|p1a: Archaludon|slp|[from] move: Sleep Powder
|cant|p1a: Archaludon|slp
|
|-weather|SunnyDay|[upkeep]
|upkeep
|turn|4
|
|t:|1783742231
|cant|p1b: Aerodactyl|slp
|move|p2b: Vileplume|After You|p2a: Torkoal
|-activate|p2a: Torkoal|move: After You
|move|p2a: Torkoal|Heat Wave|p1a: Archaludon|[spread] p1b
|-miss|p2a: Torkoal|p1a: Archaludon
|-resisted|p1b: Aerodactyl|1
|-damage|p1b: Aerodactyl|61/100 slp
|cant|p1a: Archaludon|slp
|
|-weather|SunnyDay|[upkeep]
|upkeep
|turn|5
|
|t:|1783742243
|switch|p1a: Sinistcha|Sinistcha, L50|100/100
|-heal|p1b: Aerodactyl|86/100 slp|[from] ability: Hospitality|[of] p1a: Sinistcha
|-curestatus|p1b: Aerodactyl|slp|[msg]
|move|p1b: Aerodactyl|Rock Slide|p2b: Vileplume|[spread] p2b
|-miss|p1b: Aerodactyl|p2a: Torkoal
|-damage|p2b: Vileplume|33/100
|move|p2b: Vileplume|After You|p2a: Torkoal
|-activate|p2a: Torkoal|move: After You
|move|p2a: Torkoal|Heat Wave|p1a: Sinistcha|[spread] p1a,p1b
|-supereffective|p1a: Sinistcha|1
|-resisted|p1b: Aerodactyl|1
|-damage|p1a: Sinistcha|0 fnt
|-damage|p1b: Aerodactyl|48/100
|faint|p1a: Sinistcha
|
|-weather|SunnyDay|[upkeep]
|upkeep
|
|t:|1783742254
|switch|p1a: Archaludon|Archaludon, L50, F|100/100 slp
|turn|6
|
|t:|1783742265
|switch|p2b: Scrafty|Scrafty-Mega, L50, M|71/100
|-ability|p2b: Scrafty|Intimidate|boost
|-unboost|p1a: Archaludon|atk|1
|-unboost|p1b: Aerodactyl|atk|1
|move|p2a: Torkoal|Protect|p2a: Torkoal
|-singleturn|p2a: Torkoal|Protect
|move|p1b: Aerodactyl|Rock Slide|p2b: Scrafty|[spread] p2b
|-activate|p2a: Torkoal|move: Protect
|-resisted|p2b: Scrafty|1
|-damage|p2b: Scrafty|65/100
|-curestatus|p1a: Archaludon|slp|[msg]
|move|p1a: Archaludon|Electro Shot||[still]
|-prepare|p1a: Archaludon|Electro Shot
|-boost|p1a: Archaludon|spa|1
|
|-weather|SunnyDay|[upkeep]
|upkeep
|turn|7
|
|t:|1783742280
|move|p2b: Scrafty|Fake Out|p1b: Aerodactyl
|-resisted|p1b: Aerodactyl|1
|-damage|p1b: Aerodactyl|36/100
|cant|p1b: Aerodactyl|flinch
|move|p1a: Archaludon|Electro Shot|p2b: Scrafty|[from] lockedmove
|-damage|p2b: Scrafty|11/100
|move|p2a: Torkoal|Heat Wave|p1a: Archaludon|[spread] p1a,p1b
|-resisted|p1b: Aerodactyl|1
|-damage|p1a: Archaludon|42/100
|-damage|p1b: Aerodactyl|0 fnt
|-ability|p1a: Archaludon|Stamina|boost
|-boost|p1a: Archaludon|def|1
|faint|p1b: Aerodactyl
|
|-weather|none
|-heal|p1a: Archaludon|48/100|[from] item: Leftovers
|upkeep
|turn|8
|l|☆vgac
|inactive|vgac disconnected and has a minute to reconnect!
|player|p1|
|inactive|vgac has 30 seconds left.
|inactive|vgac has 20 seconds left.
|inactive|vgac has 15 seconds left.
|inactive|vgac has 10 seconds left.
|inactive|vgac has 5 seconds left.
|-message|vgac lost due to inactivity.
|
|win|sweetlysunny
|raw|vgac's rating: 1162 → 1139(-23 for losing)
|raw|sweetlysunny's rating: 1193 → 1216(+23 for winning)
