|j|☆Missed Ledgedash
|j|☆plsbringregi
|html|Missed Ledgedashplsbringregi    
|uhtml|bestof|Game 2 of a best-of-3
|t:|1784584213
|gametype|doubles
|player|p1|Missed Ledgedash|juan-gen3|1223
|player|p2|plsbringregi|2|1467
|gen|9
|tier|[Gen 9 Champions] VGC 2026 Reg M-B (Bo3)
|rated|
|rule|Species Clause: Limit one of each Pokémon
|rule|Item Clause: Limit 1 of each item
|clearpoke
|poke|p1|Gengar, L50, F|
|poke|p1|Incineroar, L50, M|
|poke|p1|Swampert, L50, M|
|poke|p1|Politoed, L50, F|
|poke|p1|Archaludon, L50, F|
|poke|p1|Vivillon, L50, M|
|poke|p2|Staraptor, L50, F|
|poke|p2|Kleavor, L50, F|
|poke|p2|Gholdengo, L50|
|poke|p2|Primarina, L50, M|
|poke|p2|Talonflame, L50, F|
|poke|p2|Venusaur, L50, M|
|teampreview|4
|showteam|p1|Gengar||Gengarite|CursedBody|Protect,ShadowBall,SludgeBomb,PerishSong|Timid||F|||50|]Incineroar||PasshoBerry|Intimidate|Protect,DarkestLariat,PartingShot,FakeOut|Relaxed||M|||50|]Swampert||Swampertite|Torrent|Protect,WaveCrash,HighHorsepower,IcePunch|Adamant||M|||50|]Politoed||SitrusBerry|Drizzle|Protect,WeatherBall,PerishSong,Encore|Calm||F|||50|]Archaludon||Leftovers|Stamina|Protect,DragonPulse,FlashCannon,ElectroShot|Bold||F|||50|]Vivillon||FocusSash|CompoundEyes|Protect,Hurricane,SleepPowder,RagePowder|Timid||M|||50|
|showteam|p2|Staraptor||Staraptite|Intimidate|CloseCombat,BraveBird,Roost,Protect|Jolly||F|||50|]Kleavor||FocusSash|Sharpness|StoneAxe,XScissor,CloseCombat,Protect|Jolly||F|||50|]Gholdengo||LifeOrb|GoodasGold|ShadowBall,MakeItRain,NastyPlot,Protect|Modest|||||50|]Primarina||MysticWater|LiquidVoice|HyperVoice,Moonblast,HydroCannon,Protect|Modest||M|||50|]Talonflame||SharpBeak|GaleWings|BraveBird,FlareBlitz,Tailwind,Protect|Jolly||F|||50|]Venusaur||Venusaurite|Overgrow|GigaDrain,SludgeBomb,EarthPower,Protect|Modest||M|||50|
|
|t:|1784584257
|teamsize|p1|4
|teamsize|p2|4
|start
|switch|p1a: Swampert|Swampert, L50, M|100/100
|switch|p1b: Politoed|Politoed, L50, F|100/100
|switch|p2a: Talonflame|Talonflame, L50, F|100/100
|switch|p2b: Gholdengo|Gholdengo, L50|100/100
|-weather|RainDance|[from] ability: Drizzle|[of] p1b: Politoed
|turn|1
|
|t:|1784584291
|switch|p2b: Venusaur|Venusaur, L50, M|100/100
|detailschange|p1a: Swampert|Swampert-Mega, L50, M
|-mega|p1a: Swampert|Swampert|Swampertite
|move|p2a: Talonflame|Protect|p2a: Talonflame
|-singleturn|p2a: Talonflame|Protect
|move|p1a: Swampert|Wave Crash|p2b: Venusaur
|-resisted|p2b: Venusaur|1
|-damage|p2b: Venusaur|39/100
|-damage|p1a: Swampert|79/100|[from] Recoil
|move|p1b: Politoed|Weather Ball|p2a: Talonflame
|-activate|p2a: Talonflame|move: Protect
|
|-weather|RainDance|[upkeep]
|upkeep
|turn|2
|
|t:|1784584313
|switch|p1b: Vivillon|Vivillon, L50, M|100/100
|detailschange|p2b: Venusaur|Venusaur-Mega, L50, M
|-mega|p2b: Venusaur|Venusaur|Venusaurite
|move|p1a: Swampert|Protect|p1a: Swampert
|-singleturn|p1a: Swampert|Protect
|move|p2a: Talonflame|Tailwind|p2a: Talonflame
|-sidestart|p2: plsbringregi|move: Tailwind
|move|p2b: Venusaur|Giga Drain|p1b: Vivillon
|-resisted|p1b: Vivillon|2
|-damage|p1b: Vivillon|82/100
|-heal|p2b: Venusaur|46/100|[from] drain|[of] p1b: Vivillon
|
|-weather|RainDance|[upkeep]
|upkeep
|turn|3
|
|t:|1784584342
|switch|p1a: Archaludon|Archaludon, L50, F|100/100
|move|p1b: Vivillon|Protect|p1b: Vivillon
|-singleturn|p1b: Vivillon|Protect
|move|p2a: Talonflame|Brave Bird|p1b: Vivillon
|-activate|p1b: Vivillon|move: Protect
|move|p2b: Venusaur|Giga Drain|p1a: Archaludon
|-resisted|p1a: Archaludon|2
|-damage|p1a: Archaludon|87/100
|-heal|p2b: Venusaur|52/100|[from] drain|[of] p1a: Archaludon
|-ability|p1a: Archaludon|Stamina|boost
|-boost|p1a: Archaludon|def|1
|
|-weather|RainDance|[upkeep]
|-heal|p1a: Archaludon|93/100|[from] item: Leftovers
|upkeep
|turn|4
|
|t:|1784584357
|move|p2a: Talonflame|Protect|p2a: Talonflame
|-singleturn|p2a: Talonflame|Protect
|move|p2b: Venusaur|Earth Power|p1a: Archaludon
|-supereffective|p1a: Archaludon|1
|-damage|p1a: Archaludon|15/100
|-ability|p1a: Archaludon|Stamina|boost
|-boost|p1a: Archaludon|def|1
|move|p1b: Vivillon|Hurricane|p2b: Venusaur
|-supereffective|p2b: Venusaur|1
|-damage|p2b: Venusaur|0 fnt
|faint|p2b: Venusaur
|move|p1a: Archaludon|Electro Shot||[still]
|-prepare|p1a: Archaludon|Electro Shot
|-boost|p1a: Archaludon|spa|1
|-anim|p1a: Archaludon|Electro Shot|p2a: Talonflame
|-activate|p2a: Talonflame|move: Protect
|
|-weather|RainDance|[upkeep]
|-heal|p1a: Archaludon|21/100|[from] item: Leftovers
|upkeep
|
|t:|1784584366
|switch|p2b: Gholdengo|Gholdengo, L50|100/100
|turn|5
|
|t:|1784584391
|move|p1b: Vivillon|Rage Powder|p1b: Vivillon
|-singleturn|p1b: Vivillon|move: Rage Powder
|move|p2a: Talonflame|Tailwind||[still]
|-fail|p2a: Talonflame
|move|p2b: Gholdengo|Make It Rain|p1a: Archaludon|[spread] p1a,p1b
|-resisted|p1a: Archaludon|1
|-damage|p1a: Archaludon|0 fnt
|-damage|p1b: Vivillon|0 fnt
|-unboost|p2b: Gholdengo|spa|2
|faint|p1a: Archaludon
|faint|p1b: Vivillon
|-damage|p2b: Gholdengo|90/100|[from] item: Life Orb
|
|-weather|none
|-sideend|p2: plsbringregi|move: Tailwind
|upkeep
|
|t:|1784584399
|switch|p1b: Politoed|Politoed, L50, F|100/100
|switch|p1a: Swampert|Swampert-Mega, L50, M|79/100
|-weather|RainDance|[from] ability: Drizzle|[of] p1b: Politoed
|turn|6
|
|t:|1784584418
|move|p2a: Talonflame|Protect|p2a: Talonflame
|-singleturn|p2a: Talonflame|Protect
|move|p1a: Swampert|Wave Crash|p2b: Gholdengo
|-damage|p2b: Gholdengo|0 fnt
|faint|p2b: Gholdengo
|-damage|p1a: Swampert|51/100|[from] Recoil
|move|p1b: Politoed|Weather Ball|p2a: Talonflame
|-activate|p2a: Talonflame|move: Protect
|
|-weather|RainDance|[upkeep]
|upkeep
|
|t:|1784584423
|switch|p2b: Kleavor|Kleavor, L50, F|100/100
|turn|7
|
|t:|1784584431
|move|p2a: Talonflame|Brave Bird|p1b: Politoed
|-damage|p1b: Politoed|48/100
|-enditem|p1b: Politoed|Sitrus Berry|[eat]
|-heal|p1b: Politoed|73/100|[from] item: Sitrus Berry
|-damage|p2a: Talonflame|78/100|[from] Recoil
|move|p1a: Swampert|Wave Crash|p2b: Kleavor
|-supereffective|p2b: Kleavor|1
|-enditem|p2b: Kleavor|Focus Sash
|-damage|p2b: Kleavor|1/100
|-damage|p1a: Swampert|25/100|[from] Recoil
|move|p2b: Kleavor|Stone Axe|p1b: Politoed
|-damage|p1b: Politoed|23/100
|-sidestart|p1: Missed Ledgedash|move: Stealth Rock
|move|p1b: Politoed|Weather Ball|p2a: Talonflame
|-supereffective|p2a: Talonflame|1
|-damage|p2a: Talonflame|0 fnt
|faint|p2a: Talonflame
|
|-weather|RainDance|[upkeep]
|upkeep
|turn|8
|
|t:|1784584445
|move|p1a: Swampert|Wave Crash|p2b: Kleavor
|-supereffective|p2b: Kleavor|1
|-damage|p2b: Kleavor|0 fnt
|faint|p2b: Kleavor
|-damage|p1a: Swampert|25/100|[from] Recoil
|
|win|Missed Ledgedash
