|j|☆h4ckrmans
|j|☆RosieAndJim
|html|h4ckrmansRosieAndJim    
|uhtml|bestof|Game 2 of a best-of-3
|t:|1756691992
|gametype|doubles
|player|p1|h4ckrmans|101|1101
|player|p2|RosieAndJim|1|1144
|gen|9
|tier|[Gen 9] VGC 2025 Reg H (Bo3)
|rated|
|rule|Species Clause: Limit one of each Pokémon
|rule|Item Clause: Limit 1 of each item
|clearpoke
|poke|p1|Porygon2, L50|
|poke|p1|Ursaluna, L50, M|
|poke|p1|Incineroar, L50, M|
|poke|p1|Yanmega, L50, F|
|poke|p1|Sneasler, L50, M|
|poke|p1|Archaludon, L50, M|
|poke|p2|Archaludon, L50, M|
|poke|p2|Garchomp, L50, F|
|poke|p2|Incineroar, L50, F|
|poke|p2|Pelipper, L50, F|
|poke|p2|Talonflame, L50, M|
|poke|p2|Hydreigon, L50, M|
|teampreview|4
|showteam|p1|Porygon2||Eviolite|Download|TrickRoom,IceBeam,Recover,TeraBlast||||||50|,,,,,Flying]Ursaluna||FlameOrb|Guts|Protect,Facade,HeadlongRush,Earthquake|||M|||50|,,,,,Ghost]Incineroar||SafetyGoggles|Intimidate|FakeOut,PartingShot,KnockOff,FlareBlitz|||M|||50|,,,,,Ghost]Yanmega||FocusSash|SpeedBoost|AirSlash,BugBuzz,Tailwind,Detect|||F|||50|,,,,,Ghost]Sneasler||WhiteHerb|Unburden|Protect,CloseCombat,DireClaw,ThroatChop|||M|||50|,,,,,Stellar]Archaludon||PowerHerb|Stalwart|DragonPulse,ElectroShot,Protect,Thunderbolt|||M|||50|,,,,,Electric
|showteam|p2|Archaludon||AssaultVest|Stamina|ElectroShot,DragonPulse,BodyPress,Snarl|||M|||50|,,,,,Grass]Garchomp||LifeOrb|RoughSkin|Earthquake,DragonClaw,StompingTantrum,Protect|||F|||50|,,,,,Ground]Incineroar||SafetyGoggles|Intimidate|FlareBlitz,KnockOff,PartingShot,FakeOut|||F|||50|,,,,,Ghost]Pelipper||FocusSash|Drizzle|WeatherBall,Hurricane,Tailwind,Protect|||F|||50|,,,,,Stellar]Talonflame||CovertCloak|GaleWings|BraveBird,Tailwind,Taunt,RainDance|||M|||50|,,,,,Flying]Hydreigon||ChoiceScarf|Levitate|DracoMeteor,DarkPulse,HeatWave,Snarl|||M|||50|,,,,,Fire
|inactive|Battle timer is ON: inactive players will automatically lose when time's up. (requested by RosieAndJim)
|
|t:|1756692030
|teamsize|p1|4
|teamsize|p2|4
|start
|switch|p1a: Porygon2|Porygon2, L50|100/100
|switch|p1b: Incineroar|Incineroar, L50, M|100/100
|switch|p2a: Talonflame|Talonflame, L50, M|100/100
|switch|p2b: Incineroar|Incineroar, L50, F|100/100
|-ability|p1b: Incineroar|Intimidate|boost
|-unboost|p2a: Talonflame|atk|1
|-unboost|p2b: Incineroar|atk|1
|-ability|p1a: Porygon2|Download|boost
|-boost|p1a: Porygon2|atk|1
|-ability|p2b: Incineroar|Intimidate|boost
|-unboost|p1a: Porygon2|atk|1
|-unboost|p1b: Incineroar|atk|1
|turn|1
|inactive|h4ckrmans has 30 seconds left.
|inactive|RosieAndJim has 30 seconds left.
|inactive|h4ckrmans has 20 seconds left.
|inactive|h4ckrmans has 15 seconds left.
|
|t:|1756692071
|switch|p1a: Sneasler|Sneasler, L50, M|100/100
|move|p2a: Talonflame|Taunt|p1a: Sneasler
|-start|p1a: Sneasler|move: Taunt
|move|p1b: Incineroar|Parting Shot|p2a: Talonflame
|-unboost|p2a: Talonflame|atk|1
|-unboost|p2a: Talonflame|spa|1
|
|t:|1756692084
|switch|p1b: Porygon2|Porygon2, L50|100/100|[from] Parting Shot
|-ability|p1b: Porygon2|Download|boost
|-boost|p1b: Porygon2|atk|1
|move|p2b: Incineroar|Knock Off|p1b: Porygon2
|-damage|p1b: Porygon2|85/100
|-enditem|p1b: Porygon2|Eviolite|[from] move: Knock Off|[of] p2b: Incineroar
|
|upkeep
|turn|2
|inactive|h4ckrmans has 30 seconds left.
|inactive|RosieAndJim has 30 seconds left.
|inactive|h4ckrmans has 20 seconds left.
|inactive|h4ckrmans has 15 seconds left.
|inactive|h4ckrmans has 10 seconds left.
|inactive|RosieAndJim has 20 seconds left.
|
|t:|1756692137
|-terastallize|p2b: Incineroar|Ghost
|move|p2a: Talonflame|Taunt|p1b: Porygon2
|-start|p1b: Porygon2|move: Taunt
|move|p1a: Sneasler|Close Combat|p2b: Incineroar
|-immune|p2b: Incineroar
|move|p1b: Porygon2|Ice Beam|p2b: Incineroar
|-damage|p2b: Incineroar|85/100
|move|p2b: Incineroar|Parting Shot|p1b: Porygon2
|-unboost|p1b: Porygon2|atk|1
|-unboost|p1b: Porygon2|spa|1
|
|t:|1756692148
|switch|p2b: Garchomp|Garchomp, L50, F|100/100|[from] Parting Shot
|
|upkeep
|turn|3
|inactive|h4ckrmans has 30 seconds left.
|inactive|RosieAndJim has 30 seconds left.
|inactive|RosieAndJim has 20 seconds left.
|inactive|RosieAndJim has 15 seconds left.
|
|t:|1756692192
|switch|p1a: Incineroar|Incineroar, L50, M|100/100
|-ability|p1a: Incineroar|Intimidate|boost
|-unboost|p2a: Talonflame|atk|1
|-unboost|p2b: Garchomp|atk|1
|move|p2a: Talonflame|Tailwind|p2a: Talonflame
|-sidestart|p2: RosieAndJim|move: Tailwind
|move|p2b: Garchomp|Earthquake|p1b: Porygon2|[spread] p1a,p1b
|-immune|p2a: Talonflame
|-supereffective|p1a: Incineroar
|-damage|p1a: Incineroar|36/100
|-damage|p1b: Porygon2|54/100
|-damage|p2b: Garchomp|91/100|[from] item: Life Orb
|move|p1b: Porygon2|Tera Blast|p2a: Talonflame
|-damage|p2a: Talonflame|73/100
|
|upkeep
|turn|4
|inactive|h4ckrmans has 30 seconds left.
|inactive|RosieAndJim has 30 seconds left.
|
|t:|1756692226
|switch|p2b: Incineroar|Incineroar, L50, F, tera:Ghost|85/100
|-ability|p2b: Incineroar|Intimidate|boost
|-unboost|p1a: Incineroar|atk|1
|-unboost|p1b: Porygon2|atk|1
|move|p2a: Talonflame|Taunt|p1a: Incineroar
|-start|p1a: Incineroar|move: Taunt
|move|p1a: Incineroar|Knock Off|p2a: Talonflame
|-damage|p2a: Talonflame|33/100
|-enditem|p2a: Talonflame|Covert Cloak|[from] move: Knock Off|[of] p1a: Incineroar
|move|p1b: Porygon2|Tera Blast|p2a: Talonflame
|-damage|p2a: Talonflame|3/100
|
|-end|p1b: Porygon2|move: Taunt
|upkeep
|turn|5
|inactive|h4ckrmans has 30 seconds left.
|inactive|RosieAndJim has 30 seconds left.
|
|t:|1756692253
|switch|p1b: Sneasler|Sneasler, L50, M|100/100
|move|p2a: Talonflame|Taunt|p1b: Sneasler
|-start|p1b: Sneasler|move: Taunt
|move|p2b: Incineroar|Flare Blitz|p1b: Sneasler
|-damage|p1b: Sneasler|33/100
|-status|p1b: Sneasler|brn
|-damage|p2b: Incineroar|66/100|[from] Recoil
|move|p1a: Incineroar|Knock Off|p2b: Incineroar
|-supereffective|p2b: Incineroar
|-damage|p2b: Incineroar|23/100
|-enditem|p2b: Incineroar|Safety Goggles|[from] move: Knock Off|[of] p1a: Incineroar
|
|-damage|p1b: Sneasler|27/100 brn|[from] brn
|upkeep
|turn|6
|inactive|h4ckrmans has 30 seconds left.
|inactive|RosieAndJim has 30 seconds left.
|
|t:|1756692285
|switch|p2a: Garchomp|Garchomp, L50, F|91/100
|switch|p1b: Porygon2|Porygon2, L50|54/100
|-ability|p1b: Porygon2|Download|boost
|-boost|p1b: Porygon2|atk|1
|move|p2b: Incineroar|Flare Blitz|p1b: Porygon2
|-damage|p1b: Porygon2|7/100
|-status|p1b: Porygon2|brn
|-damage|p2b: Incineroar|8/100|[from] Recoil
|move|p1a: Incineroar|Knock Off|p2a: Garchomp
|-damage|p2a: Garchomp|62/100
|-damage|p1a: Incineroar|24/100|[from] ability: Rough Skin|[of] p2a: Garchomp
|-enditem|p2a: Garchomp|Life Orb|[from] move: Knock Off|[of] p1a: Incineroar
|
|-damage|p1b: Porygon2|0 fnt|[from] brn
|faint|p1b: Porygon2
|-end|p1a: Incineroar|move: Taunt
|-sideend|p2: RosieAndJim|move: Tailwind
|upkeep
|
|t:|1756692309
|switch|p1b: Ursaluna|Ursaluna, L50, M|100/100
|turn|7
|
|t:|1756692329
|move|p1b: Ursaluna|Protect|p1b: Ursaluna
|-singleturn|p1b: Ursaluna|Protect
|move|p2a: Garchomp|Stomping Tantrum|p1a: Incineroar
|-supereffective|p1a: Incineroar
|-damage|p1a: Incineroar|0 fnt
|faint|p1a: Incineroar
|move|p2b: Incineroar|Knock Off|p1b: Ursaluna
|-activate|p1b: Ursaluna|move: Protect
|
|-status|p1b: Ursaluna|brn|[from] item: Flame Orb
|upkeep
|
|t:|1756692334
|switch|p1a: Sneasler|Sneasler, L50, M|27/100 brn
|turn|8
|inactive|RosieAndJim has 30 seconds left.
|inactive|RosieAndJim has 20 seconds left.
|inactive|h4ckrmans has 30 seconds left.
|inactive|RosieAndJim has 15 seconds left.
|
|t:|1756692382
|move|p1a: Sneasler|Protect|p1a: Sneasler
|-singleturn|p1a: Sneasler|Protect
|move|p2a: Garchomp|Protect|p2a: Garchomp
|-singleturn|p2a: Garchomp|Protect
|move|p2b: Incineroar|Flare Blitz|p1a: Sneasler
|-activate|p1a: Sneasler|move: Protect
|move|p1b: Ursaluna|Earthquake|p2b: Incineroar|[spread] p2b
|-activate|p1a: Sneasler|move: Protect
|-activate|p2a: Garchomp|move: Protect
|-crit|p2b: Incineroar
|-damage|p2b: Incineroar|0 fnt
|faint|p2b: Incineroar
|
|-damage|p1a: Sneasler|20/100 brn|[from] brn
|-damage|p1b: Ursaluna|95/100 brn|[from] brn
|upkeep
|
|t:|1756692395
|switch|p2b: Talonflame|Talonflame, L50, M|3/100
|turn|9
|
|t:|1756692410
|move|p2b: Talonflame|Tailwind|p2b: Talonflame
|-sidestart|p2: RosieAndJim|move: Tailwind
|move|p2a: Garchomp|Earthquake|p1a: Sneasler|[spread] p1a,p1b
|-immune|p2b: Talonflame
|-supereffective|p1a: Sneasler
|-damage|p1a: Sneasler|0 fnt
|-damage|p1b: Ursaluna|67/100 brn
|faint|p1a: Sneasler
|move|p1b: Ursaluna|Facade|p2a: Garchomp
|-damage|p2a: Garchomp|0 fnt
|-damage|p1b: Ursaluna|55/100 brn|[from] ability: Rough Skin|[of] p2a: Garchomp
|faint|p2a: Garchomp
|
|-damage|p1b: Ursaluna|49/100 brn|[from] brn
|upkeep
|
|t:|1756692422
|switch|p2a: Hydreigon|Hydreigon, L50, M|100/100
|turn|10
|inactive|RosieAndJim has 30 seconds left.
|
|t:|1756692447
|move|p2a: Hydreigon|Dark Pulse|p1b: Ursaluna
|-damage|p1b: Ursaluna|13/100 brn
|move|p2b: Talonflame|Brave Bird|p1b: Ursaluna
|-damage|p1b: Ursaluna|0 fnt
|faint|p1b: Ursaluna
|-damage|p2b: Talonflame|0 fnt|[from] Recoil
|faint|p2b: Talonflame
|
|win|RosieAndJim
|raw|h4ckrmans's rating: 1101 → 1079(-22 for losing)
|raw|RosieAndJim's rating: 1144 → 1166(+22 for winning)
