|j|☆Paco Amores
|j|☆OnikiTwelve
|html|Paco AmoresOnikiTwelve    
|uhtml|bestof|Game 1 of a best-of-3
|t:|1782412290
|gametype|doubles
|player|p1|Paco Amores|101|1000
|player|p2|OnikiTwelve|n|1116
|gen|9
|tier|[Gen 9 Champions] VGC 2026 Reg M-B (Bo3)
|rated|
|rule|Species Clause: Limit one of each Pokémon
|rule|Item Clause: Limit 1 of each item
|clearpoke
|poke|p1|Grimmsnarl, L50, M|
|poke|p1|Staraptor, L50, M|
|poke|p1|Incineroar, L50, M|
|poke|p1|Metagross, L50|
|poke|p1|Sinistcha, L50|
|poke|p1|Basculegion, L50, M|
|poke|p2|Dragalge, L50, F|
|poke|p2|Floette-Eternal, L50, F|
|poke|p2|Maushold, L50|
|poke|p2|Annihilape, L50, M|
|poke|p2|Sinistcha, L50|
|poke|p2|Incineroar, L50, M|
|teampreview|4
|showteam|p1|Grimmsnarl||LightClay|Prankster|SpiritBreak,LightScreen,Reflect,PartingShot|Careful||M|||50|]Staraptor||Staraptite|Intimidate|BraveBird,CloseCombat,Roost,Protect|Jolly||M|||50|]Incineroar||PasshoBerry|Intimidate|FakeOut,PartingShot,FlareBlitz,DarkestLariat|Careful||M|||50|]Metagross||Metagrossite|ClearBody|PsychicFangs,RockSlide,IronHead,Protect|Jolly|||||50|]Sinistcha||SitrusBerry|Hospitality|MatchaGotcha,RagePowder,LifeDew,Protect|Bold|||||50|]Basculegion||ChoiceScarf|Adaptability|FlipTurn,AquaJet,LastRespects,WaveCrash|Adamant||M|||50|
|showteam|p2|Dragalge||Dragalgite|PoisonPoint|DracoMeteor,DragonPulse,Protect,SludgeBomb|Modest||F|||50|]Floette-Eternal||Floettite|FlowerVeil|DazzlingGleam,Moonblast,Protect,LightofRuin|Timid||F|||50|]Maushold||WideLens|Technician|PopulationBomb,FollowMe,BeatUp,Protect|Jolly|||||50|]Annihilape||SpellTag|Defiant|HelpingHand,RageFist,CloseCombat,Protect|Jolly||M|||50|]Sinistcha||OccaBerry|Hospitality|MatchaGotcha,Protect,TrickRoom,RagePowder|Relaxed|||||50|]Incineroar||SitrusBerry|Intimidate|FlareBlitz,FakeOut,PartingShot,DarkestLariat|Adamant||M|||50|
|inactive|Battle timer is ON: inactive players will automatically lose when time's up. (requested by OnikiTwelve)
|
|t:|1782412333
|teamsize|p1|4
|teamsize|p2|4
|start
|switch|p1a: Grimmsnarl|Grimmsnarl, L50, M|100/100
|switch|p1b: Metagross|Metagross, L50|100/100
|switch|p2a: Floette|Floette-Eternal, L50, F|100/100
|switch|p2b: Incineroar|Incineroar, L50, M|100/100
|-ability|p2b: Incineroar|Intimidate|boost
|-unboost|p1a: Grimmsnarl|atk|1
|-fail|p1b: Metagross|unboost|[from] ability: Clear Body|[of] p1b: Metagross
|turn|1
|inactive|Paco Amores has 30 seconds left.
|
|t:|1782412364
|detailschange|p2a: Floette|Floette-Mega, L50, F
|-mega|p2a: Floette|Floette|Floettite
|-ability|p2a: Floette|Fairy Aura
|detailschange|p1b: Metagross|Metagross-Mega, L50
|-mega|p1b: Metagross|Metagross|Metagrossite
|move|p2a: Floette|Protect|p2a: Floette
|-singleturn|p2a: Floette|Protect
|move|p1a: Grimmsnarl|Light Screen|p1a: Grimmsnarl
|-sidestart|p1: Paco Amores|move: Light Screen
|move|p1b: Metagross|Iron Head|p2a: Floette
|-activate|p2a: Floette|move: Protect
|move|p2b: Incineroar|Flare Blitz|p1b: Metagross
|-supereffective|p1b: Metagross|1
|-damage|p1b: Metagross|0 fnt
|faint|p1b: Metagross
|-damage|p2b: Incineroar|73/100|[from] Recoil
|
|upkeep
|
|t:|1782412386
|switch|p1b: Incineroar|Incineroar, L50, M|100/100
|-ability|p1b: Incineroar|Intimidate|boost
|-unboost|p2a: Floette|atk|1
|-unboost|p2b: Incineroar|atk|1
|turn|2
|
|t:|1782412411
|move|p1b: Incineroar|Fake Out|p2a: Floette
|-damage|p2a: Floette|86/100
|cant|p2a: Floette|flinch
|move|p2b: Incineroar|Parting Shot|p1b: Incineroar
|-unboost|p1b: Incineroar|atk|1
|-unboost|p1b: Incineroar|spa|1
|
|t:|1782412420
|switch|p2b: Sinistcha|Sinistcha, L50|100/100|[from] Parting Shot
|-heal|p2a: Floette|100/100|[from] ability: Hospitality|[of] p2b: Sinistcha
|move|p1a: Grimmsnarl|Spirit Break|p2a: Floette
|-damage|p2a: Floette|65/100
|-unboost|p2a: Floette|spa|1
|
|upkeep
|turn|3
|
|t:|1782412442
|move|p2b: Sinistcha|Rage Powder|p2b: Sinistcha
|-singleturn|p2b: Sinistcha|move: Rage Powder
|move|p2a: Floette|Moonblast|p1b: Incineroar
|-damage|p1b: Incineroar|75/100
|move|p1b: Incineroar|Parting Shot|p2b: Sinistcha
|-unboost|p2b: Sinistcha|atk|1
|-unboost|p2b: Sinistcha|spa|1
|
|t:|1782412450
|switch|p1b: Basculegion|Basculegion, L50, M|100/100|[from] Parting Shot
|move|p1a: Grimmsnarl|Spirit Break|p2b: Sinistcha
|-damage|p2b: Sinistcha|79/100
|-unboost|p2b: Sinistcha|spa|1
|
|upkeep
|turn|4
|inactive|Paco Amores has 30 seconds left.
|
|t:|1782412485
|move|p2a: Floette|Protect|p2a: Floette
|-singleturn|p2a: Floette|Protect
|move|p1a: Grimmsnarl|Parting Shot|p2a: Floette
|-activate|p2a: Floette|move: Protect
|move|p1b: Basculegion|Last Respects|p2a: Floette
|-activate|p2a: Floette|move: Protect
|move|p2b: Sinistcha|Matcha Gotcha|p1b: Basculegion|[spread] p1b
|-miss|p2b: Sinistcha|p1a: Grimmsnarl
|-supereffective|p1b: Basculegion|1
|-damage|p1b: Basculegion|82/100
|-heal|p2b: Sinistcha|91/100|[from] drain|[of] p1b: Basculegion
|
|upkeep
|turn|5
|inactive|Paco Amores has 30 seconds left.
|
|t:|1782412514
|switch|p2a: Incineroar|Incineroar, L50, M|73/100
|-ability|p2a: Incineroar|Intimidate|boost
|-unboost|p1a: Grimmsnarl|atk|1
|-unboost|p1b: Basculegion|atk|1
|move|p2b: Sinistcha|Rage Powder|p2b: Sinistcha
|-singleturn|p2b: Sinistcha|move: Rage Powder
|move|p1a: Grimmsnarl|Parting Shot|p2b: Sinistcha
|-unboost|p2b: Sinistcha|atk|1
|-unboost|p2b: Sinistcha|spa|1
|
|t:|1782412523
|switch|p1a: Incineroar|Incineroar, L50, M|75/100|[from] Parting Shot
|-ability|p1a: Incineroar|Intimidate|boost
|-unboost|p2a: Incineroar|atk|1
|-unboost|p2b: Sinistcha|atk|1
|move|p1b: Basculegion|Last Respects|p2b: Sinistcha
|-supereffective|p2b: Sinistcha|1
|-damage|p2b: Sinistcha|32/100
|
|upkeep
|turn|6
|
|t:|1782412544
|switch|p1b: Grimmsnarl|Grimmsnarl, L50, M|100/100
|switch|p2b: Maushold|Maushold, L50|100/100
|move|p2a: Incineroar|Fake Out|p1a: Incineroar
|-damage|p1a: Incineroar|66/100
|cant|p1a: Incineroar|flinch
|
|upkeep
|turn|7
|inactive|OnikiTwelve has 30 seconds left.
|
|t:|1782412573
|move|p1b: Grimmsnarl|Reflect|p1b: Grimmsnarl
|-sidestart|p1: Paco Amores|Reflect
|move|p2b: Maushold|Population Bomb|p1a: Incineroar
|-damage|p1a: Incineroar|59/100
|-damage|p1a: Incineroar|53/100
|-damage|p1a: Incineroar|46/100
|-damage|p1a: Incineroar|39/100
|-damage|p1a: Incineroar|33/100
|-damage|p1a: Incineroar|25/100
|-damage|p1a: Incineroar|19/100
|-damage|p1a: Incineroar|12/100
|-damage|p1a: Incineroar|6/100
|-damage|p1a: Incineroar|1/100
|-hitcount|p1a: Incineroar|10
|move|p2a: Incineroar|Flare Blitz|p1b: Grimmsnarl
|-damage|p1b: Grimmsnarl|68/100
|-status|p1b: Grimmsnarl|brn
|-damage|p2a: Incineroar|62/100|[from] Recoil
|move|p1a: Incineroar|Flare Blitz|p2b: Maushold
|-damage|p2b: Maushold|27/100
|-damage|p1a: Incineroar|0 fnt|[from] Recoil
|faint|p1a: Incineroar
|
|-damage|p1b: Grimmsnarl|62/100 brn|[from] brn
|upkeep
|
|t:|1782412596
|switch|p1a: Basculegion|Basculegion, L50, M|82/100
|turn|8
|inactive|Paco Amores has 30 seconds left.
|
|t:|1782412623
|switch|p2a: Sinistcha|Sinistcha, L50|32/100
|-heal|p2b: Maushold|52/100|[from] ability: Hospitality|[of] p2a: Sinistcha
|move|p2b: Maushold|Protect|p2b: Maushold
|-singleturn|p2b: Maushold|Protect
|move|p1b: Grimmsnarl|Parting Shot|p2a: Sinistcha
|-unboost|p2a: Sinistcha|atk|1
|-unboost|p2a: Sinistcha|spa|1
|move|p1a: Basculegion|Wave Crash|p2a: Sinistcha
|-resisted|p2a: Sinistcha|1
|-damage|p2a: Sinistcha|8/100
|-damage|p1a: Basculegion|76/100|[from] Recoil
|
|-damage|p1b: Grimmsnarl|56/100 brn|[from] brn
|-sideend|p1: Paco Amores|move: Light Screen
|upkeep
|turn|9
|inactive|OnikiTwelve has 30 seconds left.
|
|t:|1782412650
|move|p2a: Sinistcha|Protect|p2a: Sinistcha
|-singleturn|p2a: Sinistcha|Protect
|move|p1b: Grimmsnarl|Light Screen|p1b: Grimmsnarl
|-sidestart|p1: Paco Amores|move: Light Screen
|move|p1a: Basculegion|Wave Crash|p2b: Maushold
|-damage|p2b: Maushold|0 fnt
|faint|p2b: Maushold
|-damage|p1a: Basculegion|64/100|[from] Recoil
|
|-damage|p1b: Grimmsnarl|50/100g brn|[from] brn
|upkeep
|
|t:|1782412657
|switch|p2b: Incineroar|Incineroar, L50, M|62/100
|-ability|p2b: Incineroar|Intimidate|boost
|-unboost|p1a: Basculegion|atk|1
|-unboost|p1b: Grimmsnarl|atk|1
|turn|10
|
|t:|1782412682
|move|p2a: Sinistcha|Protect|p2a: Sinistcha
|-singleturn|p2a: Sinistcha|Protect
|move|p1a: Basculegion|Wave Crash|p2b: Incineroar
|-supereffective|p2b: Incineroar|1
|-damage|p2b: Incineroar|0 fnt
|faint|p2b: Incineroar
|-damage|p1a: Basculegion|45/100|[from] Recoil
|move|p1b: Grimmsnarl|Spirit Break|p2a: Sinistcha
|-activate|p2a: Sinistcha|move: Protect
|
|-damage|p1b: Grimmsnarl|45/100 brn|[from] brn
|upkeep
|
|t:|1782412687
|switch|p2b: Floette|Floette-Mega, L50, F|65/100
|-ability|p2b: Floette|Fairy Aura
|turn|11
|
|t:|1782412698
|move|p2a: Sinistcha|Rage Powder|p2a: Sinistcha
|-singleturn|p2a: Sinistcha|move: Rage Powder
|move|p1b: Grimmsnarl|Parting Shot|p2a: Sinistcha
|-unboost|p2a: Sinistcha|atk|1
|-unboost|p2a: Sinistcha|spa|1
|move|p1a: Basculegion|Wave Crash|p2a: Sinistcha
|-resisted|p2a: Sinistcha|1
|-damage|p2a: Sinistcha|0 fnt
|faint|p2a: Sinistcha
|-damage|p1a: Basculegion|43/100|[from] Recoil
|move|p2b: Floette|Dazzling Gleam|p1a: Basculegion|[spread] p1a,p1b
|-supereffective|p1b: Grimmsnarl|1
|-damage|p1a: Basculegion|13/100
|-damage|p1b: Grimmsnarl|0 fnt
|faint|p1b: Grimmsnarl
|
|upkeep
|turn|12
|
|t:|1782412715
|move|p1a: Basculegion|Wave Crash|p2b: Floette
|-damage|p2b: Floette|0 fnt
|faint|p2b: Floette
|-damage|p1a: Basculegion|0 fnt|[from] Recoil
|faint|p1a: Basculegion
|
|win|Paco Amores
||OnikiTwelve is ready for game 2.
|inactive|Paco Amores has 30 seconds to confirm battle start!
