|j|☆viatles
|j|☆GymGlofer
|html|viatlesGymGlofer    
|uhtml|bestof|Game 2 of a best-of-3
|t:|1784396976
|gametype|doubles
|player|p1|viatles|hiker|1132
|player|p2|GymGlofer|blackbelt|1093
|gen|9
|tier|[Gen 9 Champions] VGC 2026 Reg M-B (Bo3)
|rated|
|rule|Species Clause: Limit one of each Pokémon
|rule|Item Clause: Limit 1 of each item
|clearpoke
|poke|p1|Beedrill, L50, F, shiny|
|poke|p1|Farigiraf, L50, M|
|poke|p1|Sableye, L50, M|
|poke|p1|Torkoal, L50, F|
|poke|p1|Chandelure, L50, F|
|poke|p1|Garchomp, L50, F|
|poke|p2|Arcanine-Hisui, L50, F|
|poke|p2|Ninetales, L50, F|
|poke|p2|Talonflame, L50, F|
|poke|p2|Incineroar, L50, F|
|poke|p2|Delphox, L50, M|
|poke|p2|Emboar, L50, F|
|teampreview|4
|showteam|p1|Beedrill||Beedrillite|Swarm|Uturn,DrillRun,PoisonJab,Protect|Jolly||F|||50|]Farigiraf||SitrusBerry|ArmorTail|TrickRoom,Thunderbolt,TwinBeam,HelpingHand|Bold||M|||50|]Sableye||RoseliBerry|Prankster|FakeOut,FoulPlay,SunnyDay,Quash|Sassy||M|||50|]Torkoal||Charcoal|Drought|Eruption,HelpingHand,EarthPower,Protect|Quiet||F|||50|]Chandelure||FocusSash|FlashFire|TrickRoom,HeatWave,ShadowBall,Protect|Quiet||F|||50|]Garchomp||Garchompite|RoughSkin|Earthquake,RockSlide,DragonClaw,Protect|Adamant||F|||50|
|showteam|p2|Arcanine-Hisui||ChoiceScarf|RockHead|RagingFury,HeadSmash,ExtremeSpeed,RockSlide|Jolly||F|||50|]Ninetales||HeatRock|Drought|MysticalFire,SolarBeam,Encore,Disable|Timid||F|||50|]Talonflame||FocusSash|GaleWings|BlazeKick,DualWingbeat,Tailwind,QuickGuard|Jolly||F|||50|]Incineroar||Leftovers|Intimidate|DarkestLariat,PartingShot,WillOWisp,FakeOut|Serious||F|||50|]Delphox||Delphoxite|Magician|HeatWave,Psyshock,NastyPlot,Protect|Timid||M|||50|]Emboar||Emboarite|Blaze|FlareBlitz,DrainPunch,SuckerPunch,Earthquake|Adamant||F|||50|
|inactive|Battle timer is ON: inactive players will automatically lose when time's up. (requested by viatles)
|
|t:|1784397002
|teamsize|p1|4
|teamsize|p2|4
|start
|switch|p1a: Sableye|Sableye, L50, M|100/100
|switch|p1b: Torkoal|Torkoal, L50, F|100/100
|switch|p2a: Incineroar|Incineroar, L50, F|100/100
|switch|p2b: Arcanine|Arcanine-Hisui, L50, F|100/100
|-ability|p2a: Incineroar|Intimidate|boost
|-unboost|p1a: Sableye|atk|1
|-unboost|p1b: Torkoal|atk|1
|-weather|SunnyDay|[from] ability: Drought|[of] p1b: Torkoal
|turn|1
|inactive|GymGlofer has 30 seconds left.
|
|t:|1784397036
|switch|p1b: Chandelure|Chandelure, L50, F|100/100
|move|p2a: Incineroar|Fake Out|p1b: Chandelure
|-immune|p1b: Chandelure
|move|p1a: Sableye|Fake Out|p2b: Arcanine
|-resisted|p2b: Arcanine|1
|-damage|p2b: Arcanine|96/100
|cant|p2b: Arcanine|flinch
|
|-weather|SunnyDay|[upkeep]
|upkeep
|turn|2
|
|t:|1784397052
|move|p1b: Chandelure|Protect|p1b: Chandelure
|-singleturn|p1b: Chandelure|Protect
|move|p2b: Arcanine|Rock Slide|p1b: Chandelure|[spread] p1a
|-activate|p1b: Chandelure|move: Protect
|-damage|p1a: Sableye|65/100
|move|p2a: Incineroar|Darkest Lariat|p1a: Sableye
|-damage|p1a: Sableye|21/100
|move|p1a: Sableye|Foul Play|p2b: Arcanine
|-damage|p2b: Arcanine|43/100
|
|-weather|SunnyDay|[upkeep]
|upkeep
|turn|3
|
|t:|1784397068
|move|p1a: Sableye|Quash|p2b: Arcanine
|-activate|p2b: Arcanine|move: Quash
|move|p1b: Chandelure|Shadow Ball|p2b: Arcanine
|-damage|p2b: Arcanine|0 fnt
|faint|p2b: Arcanine
|move|p2a: Incineroar|Darkest Lariat|p1b: Chandelure
|-supereffective|p1b: Chandelure|1
|-damage|p1b: Chandelure|22/100
|
|-weather|SunnyDay|[upkeep]
|upkeep
|
|t:|1784397080
|switch|p2b: Delphox|Delphox, L50, M|100/100
|turn|4
|
|t:|1784397092
|switch|p1a: Torkoal|Torkoal, L50, F|100/100
|detailschange|p2b: Delphox|Delphox-Mega, L50, M
|-mega|p2b: Delphox|Delphox|Delphoxite
|move|p2b: Delphox|Protect|p2b: Delphox
|-singleturn|p2b: Delphox|Protect
|move|p1b: Chandelure|Protect|p1b: Chandelure
|-singleturn|p1b: Chandelure|Protect
|move|p2a: Incineroar|Darkest Lariat|p1b: Chandelure
|-activate|p1b: Chandelure|move: Protect
|
|-weather|SunnyDay|[upkeep]
|upkeep
|turn|5
|
|t:|1784397110
|switch|p2b: Ninetales|Ninetales, L50, F|100/100
|switch|p1b: Sableye|Sableye, L50, M|21/100
|move|p2a: Incineroar|Darkest Lariat|p1b: Sableye
|-damage|p1b: Sableye|0 fnt
|faint|p1b: Sableye
|move|p1a: Torkoal|Earth Power|p2a: Incineroar
|-supereffective|p2a: Incineroar|1
|-damage|p2a: Incineroar|47/100
|
|-weather|none
|-heal|p2a: Incineroar|53/100|[from] item: Leftovers
|upkeep
|
|t:|1784397125
|switch|p1b: Garchomp|Garchomp, L50, F|100/100
|turn|6
|
|t:|1784397134
|detailschange|p1b: Garchomp|Garchomp-Mega, L50, F
|-mega|p1b: Garchomp|Garchomp|Garchompite
|move|p1a: Torkoal|Helping Hand|p1b: Garchomp
|-singleturn|p1b: Garchomp|Helping Hand|[of] p1a: Torkoal
|move|p2b: Ninetales|Mystical Fire|p1a: Torkoal
|-resisted|p1a: Torkoal|1
|-damage|p1a: Torkoal|83/100
|-unboost|p1a: Torkoal|spa|1
|move|p1b: Garchomp|Rock Slide|p2b: Ninetales|[spread] p2a
|-miss|p1b: Garchomp|p2b: Ninetales
|-supereffective|p2a: Incineroar|1
|-damage|p2a: Incineroar|0 fnt
|faint|p2a: Incineroar
|
|upkeep
|
|t:|1784397147
|switch|p2a: Delphox|Delphox-Mega, L50, M|100/100
|turn|7
|
|t:|1784397154
|move|p1a: Torkoal|Helping Hand|p1b: Garchomp
|-singleturn|p1b: Garchomp|Helping Hand|[of] p1a: Torkoal
|move|p2a: Delphox|Nasty Plot|p2a: Delphox
|-boost|p2a: Delphox|spa|2
|move|p2b: Ninetales|Disable|p1b: Garchomp
|-start|p1b: Garchomp|Disable|Rock Slide
|cant|p1b: Garchomp|Disable|Rock Slide
|
|upkeep
|turn|8
|
|t:|1784397177
|switch|p1b: Chandelure|Chandelure, L50, F|22/100
|move|p2a: Delphox|Psyshock|p1b: Chandelure
|-damage|p1b: Chandelure|0 fnt
|faint|p1b: Chandelure
|move|p2b: Ninetales|Mystical Fire|p1a: Torkoal
|-resisted|p1a: Torkoal|1
|-damage|p1a: Torkoal|64/100
|-unboost|p1a: Torkoal|spa|1
|move|p1a: Torkoal|Eruption|p2b: Ninetales|[spread] p2a,p2b
|-resisted|p2a: Delphox|1
|-resisted|p2b: Ninetales|1
|-damage|p2a: Delphox|91/100
|-damage|p2b: Ninetales|88/100
|
|upkeep
|
|t:|1784397186
|switch|p1b: Garchomp|Garchomp-Mega, L50, F|100/100
|turn|9
|
|t:|1784397200
|move|p1a: Torkoal|Helping Hand|p1b: Garchomp
|-singleturn|p1b: Garchomp|Helping Hand|[of] p1a: Torkoal
|move|p2a: Delphox|Psyshock|p1b: Garchomp
|-damage|p1b: Garchomp|36/100
|move|p2b: Ninetales|Encore|p1a: Torkoal
|-start|p1a: Torkoal|Encore
|move|p1b: Garchomp|Rock Slide|p2a: Delphox|[spread] p2a,p2b
|-supereffective|p2a: Delphox|1
|-supereffective|p2b: Ninetales|1
|-damage|p2a: Delphox|0 fnt
|-damage|p2b: Ninetales|0 fnt
|faint|p2a: Delphox
|faint|p2b: Ninetales
|
|win|viatles
||GymGlofer is ready for game 3.
