|j|☆Oscarm92
|j|☆Z4RDEL
|html|Oscarm92Z4RDEL    
|uhtml|bestof|Game 3 of a best-of-3
|t:|1783181580
|gametype|doubles
|player|p1|Oscarm92|266|1269
|player|p2|Z4RDEL|miku-fire|1191
|gen|9
|tier|[Gen 9 Champions] VGC 2026 Reg M-B (Bo3)
|rated|
|rule|Species Clause: Limit one of each Pokémon
|rule|Item Clause: Limit 1 of each item
|clearpoke
|poke|p1|Charizard, L50, M, shiny|
|poke|p1|Aerodactyl, L50, M|
|poke|p1|Garchomp, L50, F, shiny|
|poke|p1|Kingambit, L50, M|
|poke|p1|Sylveon, L50, F|
|poke|p1|Farigiraf, L50, F|
|poke|p2|Froslass, L50, F|
|poke|p2|Glimmora, L50, F|
|poke|p2|Sinistcha-Masterpiece, L50|
|poke|p2|Archaludon, L50, M|
|poke|p2|Incineroar, L50, F|
|poke|p2|Tyranitar, L50, M|
|teampreview|4
|showteam|p1|Charizard||CharizarditeY|Blaze|HeatWave,WeatherBall,SolarBeam,Protect|Modest||M|||50|]Aerodactyl||Aerodactylite|RockHead|IceFang,RockSlide,Tailwind,DualWingbeat|Jolly||M|||50|]Garchomp||LifeOrb|RoughSkin|DragonClaw,StompingTantrum,Earthquake,Protect|Jolly||F|||50|]Kingambit||FocusSash|Defiant|SuckerPunch,KowtowCleave,IronHead,LowKick|Adamant||M|||50|]Sylveon||FairyFeather|Pixilate|QuickAttack,HyperVoice,HyperBeam,Protect|Modest||F|||50|]Farigiraf||SitrusBerry|ArmorTail|TrickRoom,Thunderbolt,GrassKnot,TwinBeam|Bold||F|||50|
|showteam|p2|Froslass||Froslassite|SnowCloak|AuroraVeil,Blizzard,ShadowBall,Protect|Modest||F|||50|]Glimmora||FocusSash|ToxicDebris|PowerGem,EarthPower,MortalSpin,StealthRock|Modest||F|||50|]Sinistcha-Masterpiece||SitrusBerry|Hospitality|MatchaGotcha,TrickRoom,RagePowder,LifeDew|Sassy|||||50|]Archaludon||Leftovers|Stamina|ElectroShot,FlashCannon,DracoMeteor,Protect|Bold||M|||50|]Incineroar||QuickClaw|Intimidate|PartingShot,FakeOut,FlareBlitz,DarkestLariat|Adamant||F|||50|]Tyranitar||Tyranitarite|SandStream|RockSlide,Curse,Crunch,Roar|Adamant||M|||50|
|inactive|Battle timer is ON: inactive players will automatically lose when time's up. (requested by Z4RDEL)
|
|t:|1783181589
|teamsize|p1|4
|teamsize|p2|4
|start
|switch|p1a: Farigiraf|Farigiraf, L50, F|100/100
|switch|p1b: Sylveon|Sylveon, L50, F|100/100
|switch|p2a: Tyranitar|Tyranitar, L50, M|100/100
|switch|p2b: Glimmora|Glimmora, L50, F|100/100
|-weather|Sandstorm|[from] ability: Sand Stream|[of] p2a: Tyranitar
|turn|1
|
|t:|1783181604
|detailschange|p2a: Tyranitar|Tyranitar-Mega, L50, M
|-mega|p2a: Tyranitar|Tyranitar|Tyranitarite
|move|p1b: Sylveon|Protect|p1b: Sylveon
|-singleturn|p1b: Sylveon|Protect
|move|p2b: Glimmora|Stealth Rock|p1a: Farigiraf
|-sidestart|p1: Oscarm92|move: Stealth Rock
|move|p2a: Tyranitar|Rock Slide|p1b: Sylveon|[spread] p1a
|-activate|p1b: Sylveon|move: Protect
|-damage|p1a: Farigiraf|76/100
|move|p1a: Farigiraf|Trick Room|p1a: Farigiraf
|-fieldstart|move: Trick Room|[of] p1a: Farigiraf
|
|-weather|Sandstorm|[upkeep]
|-damage|p1a: Farigiraf|70/100|[from] Sandstorm
|-damage|p1b: Sylveon|93/100|[from] Sandstorm
|upkeep
|turn|2
|inactive|Z4RDEL has 30 seconds left.
|
|t:|1783181635
|move|p1a: Farigiraf|Twin Beam|p2b: Glimmora
|-supereffective|p2b: Glimmora|1
|-damage|p2b: Glimmora|73/100
|-supereffective|p2b: Glimmora|1
|-crit|p2b: Glimmora
|-damage|p2b: Glimmora|34/100
|-hitcount|p2b: Glimmora|2
|move|p1b: Sylveon|Hyper Voice|p2b: Glimmora|[spread] p2a,p2b
|-supereffective|p2a: Tyranitar|1
|-crit|p2a: Tyranitar
|-resisted|p2b: Glimmora|1
|-damage|p2a: Tyranitar|32/100
|-damage|p2b: Glimmora|13/100
|move|p2a: Tyranitar|Curse|p2a: Tyranitar
|-unboost|p2a: Tyranitar|spe|1
|-boost|p2a: Tyranitar|atk|1
|-boost|p2a: Tyranitar|def|1
|move|p2b: Glimmora|Mortal Spin|p1b: Sylveon|[spread] p1a,p1b
|-supereffective|p1b: Sylveon|1
|-damage|p1a: Farigiraf|66/100
|-damage|p1b: Sylveon|83/100
|-status|p1a: Farigiraf|psn
|-status|p1b: Sylveon|psn
|
|-weather|Sandstorm|[upkeep]
|-damage|p1a: Farigiraf|60/100 psn|[from] Sandstorm
|-damage|p1b: Sylveon|77/100 psn|[from] Sandstorm
|-damage|p1a: Farigiraf|48/100 psn|[from] psn
|-damage|p1b: Sylveon|64/100 psn|[from] psn
|upkeep
|-enditem|p1a: Farigiraf|Sitrus Berry|[eat]
|-heal|p1a: Farigiraf|73/100 psn|[from] item: Sitrus Berry
|turn|3
|
|t:|1783181654
|switch|p2b: Sinistcha|Sinistcha-Masterpiece, L50|100/100
|-heal|p2a: Tyranitar|57/100|[from] ability: Hospitality|[of] p2b: Sinistcha
|move|p2a: Tyranitar|Rock Slide|p1a: Farigiraf|[spread] p1a
|-miss|p2a: Tyranitar|p1b: Sylveon
|-damage|p1a: Farigiraf|37/100 psn
|move|p1a: Farigiraf|Twin Beam|p2b: Sinistcha
|-damage|p2b: Sinistcha|85/100
|-damage|p2b: Sinistcha|73/100
|-hitcount|p2b: Sinistcha|2
|move|p1b: Sylveon|Hyper Voice|p2a: Tyranitar|[spread] p2a,p2b
|-supereffective|p2a: Tyranitar|1
|-damage|p2a: Tyranitar|7/100
|-damage|p2b: Sinistcha|30/100
|-enditem|p2b: Sinistcha|Sitrus Berry|[eat]
|-heal|p2b: Sinistcha|55/100|[from] item: Sitrus Berry
|
|-weather|Sandstorm|[upkeep]
|-damage|p1a: Farigiraf|31/100 psn|[from] Sandstorm
|-damage|p2b: Sinistcha|49/100|[from] Sandstorm
|-damage|p1b: Sylveon|58/100 psn|[from] Sandstorm
|-damage|p1a: Farigiraf|19/100 psn|[from] psn
|-damage|p1b: Sylveon|46/100 psn|[from] psn
|upkeep
|turn|4
|
|t:|1783181668
|move|p2a: Tyranitar|Rock Slide|p1a: Farigiraf|[spread] p1a,p1b
|-damage|p1a: Farigiraf|0 fnt
|-damage|p1b: Sylveon|0 fnt
|faint|p1a: Farigiraf
|faint|p1b: Sylveon
|move|p2b: Sinistcha|Matcha Gotcha|p1: Farigiraf|[notarget]
|-fail|p2b: Sinistcha
|
|-weather|Sandstorm|[upkeep]
|-damage|p2b: Sinistcha|43/100|[from] Sandstorm
|upkeep
|
|t:|1783181674
|switch|p1a: Charizard|Charizard, L50, M, shiny|100/100
|switch|p1b: Kingambit|Kingambit, L50, M|100/100
|-damage|p1b: Kingambit|93/100|[from] Stealth Rock
|-damage|p1a: Charizard|50/100g|[from] Stealth Rock
|turn|5
|inactive|Z4RDEL has 30 seconds left.
|
|t:|1783181706
|switch|p2a: Glimmora|Glimmora, L50, F|13/100
|switch|p2b: Archaludon|Archaludon, L50, M|100/100
|move|p1b: Kingambit|Sucker Punch||[still]
|-fail|p1b: Kingambit
|move|p1a: Charizard|Heat Wave|p2b: Archaludon|[spread] p2a,p2b
|-resisted|p2a: Glimmora|1
|-damage|p2a: Glimmora|1/100
|-damage|p2b: Archaludon|60/100
|-ability|p2b: Archaludon|Stamina|boost
|-boost|p2b: Archaludon|def|1
|
|-weather|none
|-heal|p2b: Archaludon|66/100|[from] item: Leftovers
|-fieldend|move: Trick Room
|upkeep
|turn|6
|inactive|Oscarm92 has 30 seconds left.
|inactive|Z4RDEL has 30 seconds left.
|inactive|Z4RDEL has 20 seconds left.
|
|t:|1783181745
|detailschange|p1a: Charizard|Charizard-Mega-Y, L50, M, shiny
|-mega|p1a: Charizard|Charizard|Charizardite Y
|-weather|SunnyDay|[from] ability: Drought|[of] p1a: Charizard
|move|p1b: Kingambit|Sucker Punch|p2a: Glimmora
|-damage|p2a: Glimmora|0 fnt
|-activate|p2a: Glimmora|ability: Toxic Debris
|-sidestart|p1: Oscarm92|move: Toxic Spikes
|faint|p2a: Glimmora
|move|p1a: Charizard|Heat Wave|p2b: Archaludon
|-damage|p2b: Archaludon|0 fnt
|faint|p2b: Archaludon
|
|-weather|SunnyDay|[upkeep]
|upkeep
|
|t:|1783181747
|switch|p2a: Tyranitar|Tyranitar-Mega, L50, M|7/100
|switch|p2b: Sinistcha|Sinistcha-Masterpiece, L50|43/100
|-weather|Sandstorm|[from] ability: Sand Stream|[of] p2a: Tyranitar
|-heal|p2a: Tyranitar|32/100|[from] ability: Hospitality|[of] p2b: Sinistcha
|turn|7
|inactive|Oscarm92 has 30 seconds left.
|inactive|Z4RDEL has 30 seconds left.
|inactive|Oscarm92 has 20 seconds left.
|inactive|Z4RDEL has 20 seconds left.
|inactive|Oscarm92 has 15 seconds left.
|inactive|Z4RDEL has 15 seconds left.
|inactive|Z4RDEL has 10 seconds left.
|inactive|Z4RDEL has 5 seconds left.
|
|t:|1783181809
|move|p1a: Charizard|Protect|p1a: Charizard
|-singleturn|p1a: Charizard|Protect
|move|p1b: Kingambit|Kowtow Cleave|p2a: Tyranitar
|-resisted|p2a: Tyranitar|1
|-damage|p2a: Tyranitar|19/100
|move|p2a: Tyranitar|Rock Slide|p1a: Charizard|[spread] p1b
|-activate|p1a: Charizard|move: Protect
|-resisted|p1b: Kingambit|1
|-damage|p1b: Kingambit|80/100
|move|p2b: Sinistcha|Matcha Gotcha|p1a: Charizard|[spread] p1b
|-activate|p1a: Charizard|move: Protect
|-resisted|p1b: Kingambit|1
|-damage|p1b: Kingambit|65/100
|-heal|p2b: Sinistcha|50/100g|[from] drain|[of] p1b: Kingambit
|
|-weather|Sandstorm|[upkeep]
|-damage|p1a: Charizard|44/100|[from] Sandstorm
|-damage|p2b: Sinistcha|44/100|[from] Sandstorm
|upkeep
|turn|8
|inactive|Oscarm92 has 30 seconds left.
|c|☆Z4RDEL|Why you put speed on gambit
|
|t:|1783181834
|move|p1a: Charizard|Heat Wave|p2a: Tyranitar|[spread] p2a,p2b
|-resisted|p2a: Tyranitar|1
|-supereffective|p2b: Sinistcha|1
|-damage|p2a: Tyranitar|9/100
|-damage|p2b: Sinistcha|0 fnt
|-status|p2a: Tyranitar|brn
|faint|p2b: Sinistcha
|move|p1b: Kingambit|Kowtow Cleave|p2a: Tyranitar
|-resisted|p2a: Tyranitar|1
|-damage|p2a: Tyranitar|0 fnt
|faint|p2a: Tyranitar
|
|win|Oscarm92
|raw|Oscarm92's rating: 1269 → 1288(+19 for winning)
|raw|Z4RDEL's rating: 1191 → 1172(-19 for losing)
|l|☆Z4RDEL
|player|p2|
