|j|☆Harry Koekenpan
|j|☆liludragonbossetti
|html|Harry Koekenpanliludragonbossetti    
|uhtml|bestof|Game 3 of a best-of-3
|t:|1755339252
|gametype|doubles
|player|p1|Harry Koekenpan|169|1278
|player|p2|liludragonbossetti|interviewers|1282
|gen|9
|tier|[Gen 9] VGC 2025 Reg H (Bo3)
|rated|
|rule|Species Clause: Limit one of each Pokémon
|rule|Item Clause: Limit 1 of each item
|clearpoke
|poke|p1|Typhlosion-Hisui, L50, M|
|poke|p1|Toedscruel, L50, F|
|poke|p1|Weezing-Galar, L50, F|
|poke|p1|Garchomp, L50, F|
|poke|p1|Kilowattrel, L50, M|
|poke|p1|Incineroar, L50, F|
|poke|p2|Gholdengo, L50|
|poke|p2|Sneasler, L50, M|
|poke|p2|Rillaboom, L50, M|
|poke|p2|Dragonite, L50, F|
|poke|p2|Ninetales-Alola, L50, F|
|poke|p2|Arcanine-Hisui, L50, M|
|teampreview|4
|showteam|p1|Typhlosion-Hisui||ChoiceScarf|Blaze|Eruption,ShadowBall,SleepTalk,HeatWave|||M|||50|,,,,,Fire]Toedscruel||CovertCloak|MyceliumMight|Spore,RagePowder,AcidSpray,EarthPower|||F|||50|,,,,,Water]Weezing-Galar||ChoiceSpecs|NeutralizingGas|DazzlingGleam,SludgeBomb,StrangeSteam,TeraBlast|||F|||50|,,,,,Water]Garchomp||LifeOrb|RoughSkin|Protect,Earthquake,DragonClaw,StompingTantrum|||F|||50|,,,,,Ground]Kilowattrel||FocusSash|Competitive|Discharge,AirSlash,Tailwind,Protect|||M|||50|,,,,,Ghost]Incineroar||AssaultVest|Intimidate|FlareBlitz,KnockOff,Uturn,FakeOut|||F|||50|,,,,,Grass
|showteam|p2|Gholdengo||GrassySeed|GoodasGold|NastyPlot,MakeItRain,ShadowBall,Protect||||||50|,,,,,Water]Sneasler||WhiteHerb|Unburden|CloseCombat,DireClaw,Coaching,Protect|||M|||50|,,,,,Ghost]Rillaboom||AssaultVest|GrassySurge|FakeOut,GrassyGlide,DrumBeating,HighHorsepower|||M|||50|,,,,,Fire]Dragonite||LoadedDice|Multiscale|ScaleShot,Haze,StompingTantrum,Protect|||F|||50|,,,,,Ground]Ninetales-Alola||FocusSash|SnowWarning|Blizzard,IcyWind,Encore,AuroraVeil|||F|||50|,,,,,Ghost]Arcanine-Hisui||ClearAmulet|Intimidate|RockSlide,FlareBlitz,ExtremeSpeed,Protect|||M|||50|,,,,,Water
|
|t:|1755339282
|teamsize|p1|4
|teamsize|p2|4
|start
|switch|p1a: Weezing|Weezing-Galar, L50, F|100/100
|switch|p1b: Typhlosion|Typhlosion-Hisui, L50, M|100/100
|switch|p2a: Ninetales|Ninetales-Alola, L50, F|100/100
|switch|p2b: Gholdengo|Gholdengo, L50|100/100
|-ability|p1a: Weezing|Neutralizing Gas
|turn|1
|inactive|Battle timer is ON: inactive players will automatically lose when time's up. (requested by Harry Koekenpan)
|inactive|Harry Koekenpan has 60 seconds left.
|
|t:|1755339330
|switch|p2a: Arcanine|Arcanine-Hisui, L50, M|100/100
|-terastallize|p2b: Gholdengo|Water
|move|p1b: Typhlosion|Eruption|p2b: Gholdengo|[spread] p2a,p2b
|-resisted|p2a: Arcanine
|-resisted|p2b: Gholdengo
|-damage|p2a: Arcanine|83/100
|-damage|p2b: Gholdengo|70/100
|move|p2b: Gholdengo|Make It Rain|p1b: Typhlosion|[spread] p1a,p1b
|-supereffective|p1a: Weezing
|-resisted|p1b: Typhlosion
|-damage|p1a: Weezing|0 fnt
|-damage|p1b: Typhlosion|72/100
|-unboost|p2b: Gholdengo|spa|1
|faint|p1a: Weezing
|-end|p1a: Weezing|ability: Neutralizing Gas
|-ability|p2a: Arcanine|Intimidate|boost
|-unboost|p1b: Typhlosion|atk|1
|
|upkeep
|inactive|Harry Koekenpan has 30 seconds left.
|
|t:|1755339359
|switch|p1a: Garchomp|Garchomp, L50, F|100/100
|turn|2
|
|t:|1755339369
|switch|p1b: Kilowattrel|Kilowattrel, L50, M|100/100
|-terastallize|p1a: Garchomp|Ground
|move|p2a: Arcanine|Protect|p2a: Arcanine
|-singleturn|p2a: Arcanine|Protect
|move|p1a: Garchomp|Earthquake|p2a: Arcanine|[spread] p2b
|-activate|p2a: Arcanine|move: Protect
|-immune|p1b: Kilowattrel
|-crit|p2b: Gholdengo
|-damage|p2b: Gholdengo|0 fnt
|faint|p2b: Gholdengo
|-damage|p1a: Garchomp|91/100|[from] item: Life Orb
|
|upkeep
|
|t:|1755339374
|switch|p2b: Ninetales|Ninetales-Alola, L50, F|100/100
|-weather|Snowscape|[from] ability: Snow Warning|[of] p2b: Ninetales
|turn|3
|inactive|Harry Koekenpan has 30 seconds left.
|
|t:|1755339403
|switch|p2a: Sneasler|Sneasler, L50, M|100/100
|move|p1a: Garchomp|Protect|p1a: Garchomp
|-singleturn|p1a: Garchomp|Protect
|move|p1b: Kilowattrel|Tailwind|p1b: Kilowattrel
|-sidestart|p1: Harry Koekenpan|move: Tailwind
|move|p2b: Ninetales|Blizzard|p1a: Garchomp|[spread] p1b
|-activate|p1a: Garchomp|move: Protect
|-supereffective|p1b: Kilowattrel
|-enditem|p1b: Kilowattrel|Focus Sash
|-damage|p1b: Kilowattrel|1/100
|
|-weather|Snowscape|[upkeep]
|upkeep
|turn|4
|
|t:|1755339421
|move|p2a: Sneasler|Protect|p2a: Sneasler
|-singleturn|p2a: Sneasler|Protect
|move|p1b: Kilowattrel|Discharge|p2a: Sneasler|[spread] p2b
|-activate|p2a: Sneasler|move: Protect
|-immune|p1a: Garchomp
|-damage|p2b: Ninetales|66/100
|move|p1a: Garchomp|Earthquake|p2a: Sneasler|[spread] p2b
|-activate|p2a: Sneasler|move: Protect
|-immune|p1b: Kilowattrel
|-damage|p2b: Ninetales|0 fnt
|faint|p2b: Ninetales
|-damage|p1a: Garchomp|81/100|[from] item: Life Orb
|
|-weather|Snowscape|[upkeep]
|upkeep
|
|t:|1755339431
|switch|p2b: Arcanine|Arcanine-Hisui, L50, M|83/100
|-ability|p2b: Arcanine|Intimidate|boost
|-unboost|p1a: Garchomp|atk|1
|-unboost|p1b: Kilowattrel|atk|1
|-ability|p1b: Kilowattrel|Competitive|boost
|-boost|p1b: Kilowattrel|spa|2
|turn|5
|inactive|Harry Koekenpan has 30 seconds left.
|inactive|liludragonbossetti has 30 seconds left.
|
|t:|1755339460
|move|p1b: Kilowattrel|Protect|p1b: Kilowattrel
|-singleturn|p1b: Kilowattrel|Protect
|move|p2b: Arcanine|Protect|p2b: Arcanine
|-singleturn|p2b: Arcanine|Protect
|move|p1a: Garchomp|Earthquake|p2a: Sneasler|[spread] p2a
|-activate|p1b: Kilowattrel|move: Protect
|-activate|p2b: Arcanine|move: Protect
|-supereffective|p2a: Sneasler
|-damage|p2a: Sneasler|0 fnt
|faint|p2a: Sneasler
|-damage|p1a: Garchomp|71/100|[from] item: Life Orb
|
|-weather|Snowscape|[upkeep]
|upkeep
|turn|6
|
|t:|1755339479
|move|p2b: Arcanine|Protect||[still]
|-fail|p2b: Arcanine
|move|p1b: Kilowattrel|Discharge|p2b: Arcanine|[spread] p2b
|-immune|p1a: Garchomp
|-damage|p2b: Arcanine|16/100
|move|p1a: Garchomp|Earthquake|p2b: Arcanine|[spread] p2b
|-immune|p1b: Kilowattrel
|-supereffective|p2b: Arcanine
|-damage|p2b: Arcanine|0 fnt
|faint|p2b: Arcanine
|-damage|p1a: Garchomp|61/100|[from] item: Life Orb
|
|win|Harry Koekenpan
|raw|Harry Koekenpan's rating: 1278 → 1303(+25 for winning)
|raw|liludragonbossetti's rating: 1282 → 1257(-25 for losing)
|l|☆liludragonbossetti
|player|p2|
