|j|☆Jhayco69
|j|☆zzz noise
|html|Jhayco69zzz noise    
|uhtml|bestof|Game 1 of a best-of-3
|t:|1782483855
|gametype|doubles
|player|p1|Jhayco69|101|1082
|player|p2|zzz noise|twins-gen4dp|1130
|gen|9
|tier|[Gen 9 Champions] VGC 2026 Reg M-B (Bo3)
|rated|
|rule|Species Clause: Limit one of each Pokémon
|rule|Item Clause: Limit 1 of each item
|clearpoke
|poke|p1|Swampert, L50, M, shiny|
|poke|p1|Politoed, L50, F|
|poke|p1|Cofagrigus, L50, M, shiny|
|poke|p1|Sinistcha-Masterpiece, L50|
|poke|p1|Archaludon, L50, M|
|poke|p1|Ampharos, L50, M, shiny|
|poke|p2|Kingambit, L50, F|
|poke|p2|Farigiraf, L50, F|
|poke|p2|Aerodactyl, L50, F|
|poke|p2|Charizard, L50, M|
|poke|p2|Garchomp, L50, M|
|poke|p2|Sylveon, L50, F|
|teampreview|4
|showteam|p1|Swampert||Swampertite|Torrent|WaveCrash,HighHorsepower,Protect,IcePunch|Adamant||M|||50|]Politoed||DampRock|Drizzle|WeatherBall,IcyWind,Protect,HelpingHand|Calm||F|||50|]Cofagrigus||ColburBerry|Mummy|ShadowBall,WillOWisp,Haze,TrickRoom|Relaxed||M|||50|]Sinistcha-Masterpiece||SitrusBerry|Hospitality|MatchaGotcha,LifeDew,StrengthSap,RagePowder|Calm|||||50|]Archaludon||Leftovers|Stamina|FlashCannon,DragonPulse,ElectroShot,Protect|Modest||M|||50|]Ampharos||Ampharosite|Static|Thunder,DragonPulse,Protect,CottonGuard|Quiet||M|||50|
|showteam|p2|Kingambit||FocusSash|Defiant|KowtowCleave,SuckerPunch,LowKick,IronHead|Adamant||F|||50|]Farigiraf||SitrusBerry|ArmorTail|Thunderbolt,Psychic,TrickRoom,Roar|Bold||F|||50|]Aerodactyl||Aerodactylite|Unnerve|IceFang,RockSlide,DualWingbeat,Tailwind|Jolly||F|||50|]Charizard||CharizarditeY|SolarPower|Protect,HeatWave,WeatherBall,SolarBeam|Modest||M|||50|]Garchomp||LifeOrb|RoughSkin|Protect,Earthquake,DragonClaw,StompingTantrum|Jolly||M|||50|]Sylveon||FairyFeather|Pixilate|Detect,HyperVoice,HyperBeam,QuickAttack|Modest||F|||50|
|inactive|Battle timer is ON: inactive players will automatically lose when time's up. (requested by Jhayco69)
|inactive|zzz noise has 60 seconds left.
|
|t:|1782483900
|teamsize|p1|4
|teamsize|p2|4
|start
|switch|p1a: Tchoumeni|Swampert, L50, M, shiny|100/100
|switch|p1b: ElXokas|Politoed, L50, F|100/100
|switch|p2a: Farigiraf|Farigiraf, L50, F|100/100
|switch|p2b: Charizard|Charizard, L50, M|100/100
|-weather|RainDance|[from] ability: Drizzle|[of] p1b: ElXokas
|turn|1
|inactive|Jhayco69 has 30 seconds left.
|inactive|zzz noise has 30 seconds left.
|inactive|Jhayco69 has 20 seconds left.
|inactive|zzz noise has 20 seconds left.
|inactive|Jhayco69 has 15 seconds left.
|inactive|zzz noise has 15 seconds left.
|inactive|Jhayco69 has 10 seconds left.
|inactive|zzz noise has 10 seconds left.
|
|t:|1782483948
|detailschange|p2b: Charizard|Charizard-Mega-Y, L50, M
|-mega|p2b: Charizard|Charizard|Charizardite Y
|-weather|SunnyDay|[from] ability: Drought|[of] p2b: Charizard
|detailschange|p1a: Tchoumeni|Swampert-Mega, L50, M, shiny
|-mega|p1a: Tchoumeni|Swampert|Swampertite
|move|p2b: Charizard|Heat Wave|p1b: ElXokas|[spread] p1a,p1b
|-resisted|p1a: Tchoumeni|1
|-resisted|p1b: ElXokas|1
|-crit|p1b: ElXokas
|-damage|p1a: Tchoumeni|76/100
|-damage|p1b: ElXokas|63/100
|move|p1a: Tchoumeni|Ice Punch|p2b: Charizard
|-crit|p2b: Charizard
|-damage|p2b: Charizard|57/100
|move|p1b: ElXokas|Icy Wind|p2a: Farigiraf|[spread] p2a,p2b
|-damage|p2a: Farigiraf|91/100
|-damage|p2b: Charizard|48/100
|-unboost|p2a: Farigiraf|spe|1
|-unboost|p2b: Charizard|spe|1
|move|p2a: Farigiraf|Trick Room|p2a: Farigiraf
|-fieldstart|move: Trick Room|[of] p2a: Farigiraf
|
|-weather|SunnyDay|[upkeep]
|upkeep
|turn|2
|inactive|Jhayco69 has 30 seconds left.
|inactive|zzz noise has 30 seconds left.
|
|t:|1782483980
|switch|p1b: Perfomativo|Sinistcha-Masterpiece, L50|100/100
|-heal|p1a: Tchoumeni|100/100|[from] ability: Hospitality|[of] p1b: Perfomativo
|move|p2b: Charizard|Solar Beam||[still]
|-prepare|p2b: Charizard|Solar Beam
|-anim|p2b: Charizard|Solar Beam|p1a: Tchoumeni
|-supereffective|p1a: Tchoumeni|2
|-damage|p1a: Tchoumeni|0 fnt
|faint|p1a: Tchoumeni
|move|p2a: Farigiraf|Roar|p2b: Charizard
|drag|p2b: Kingambit|Kingambit, L50, F|100/100
|
|-weather|SunnyDay|[upkeep]
|upkeep
|
|t:|1782483993
|switch|p1a: ElXokas|Politoed, L50, F|63/100
|-weather|RainDance|[from] ability: Drizzle|[of] p1a: ElXokas
|turn|3
|
|t:|1782484004
|move|p2a: Farigiraf|Psychic|p1b: Perfomativo
|-damage|p1b: Perfomativo|67/100
|move|p1b: Perfomativo|Strength Sap|p2b: Kingambit
|-unboost|p2b: Kingambit|atk|1
|-ability|p2b: Kingambit|Defiant|boost
|-boost|p2b: Kingambit|atk|2
|-heal|p1b: Perfomativo|100/100
|move|p1a: ElXokas|Icy Wind|p2b: Kingambit|[spread] p2a,p2b
|-resisted|p2b: Kingambit|1
|-damage|p2a: Farigiraf|83/100
|-damage|p2b: Kingambit|94/100
|-unboost|p2a: Farigiraf|spe|1
|-unboost|p2b: Kingambit|spe|1
|-ability|p2b: Kingambit|Defiant|boost
|-boost|p2b: Kingambit|atk|2
|move|p2b: Kingambit|Kowtow Cleave|p1b: Perfomativo
|-supereffective|p1b: Perfomativo|1
|-damage|p1b: Perfomativo|0 fnt
|faint|p1b: Perfomativo
|
|-weather|RainDance|[upkeep]
|upkeep
|
|t:|1782484021
|switch|p1b: FernandoTorres|Archaludon, L50, M|100/100
|turn|4
|inactive|zzz noise has 30 seconds left.
|
|t:|1782484051
|move|p2a: Farigiraf|Thunderbolt|p1a: ElXokas
|-supereffective|p1a: ElXokas|1
|-damage|p1a: ElXokas|27/100
|move|p2b: Kingambit|Low Kick|p1b: FernandoTorres
|-supereffective|p1b: FernandoTorres|1
|-damage|p1b: FernandoTorres|0 fnt
|faint|p1b: FernandoTorres
|move|p1a: ElXokas|Weather Ball|p2b: Kingambit
|-damage|p2b: Kingambit|40/100
|
|-weather|RainDance|[upkeep]
|upkeep
|turn|5
|
|t:|1782484063
|move|p2a: Farigiraf|Psychic|p1a: ElXokas
|-damage|p1a: ElXokas|2/100
|move|p2b: Kingambit|Kowtow Cleave|p1a: ElXokas
|-damage|p1a: ElXokas|0 fnt
|faint|p1a: ElXokas
|
|win|zzz noise
