|j|☆raineyluvsu
|j|☆megafraudette
|html|raineyluvsumegafraudette    
|uhtml|bestof|Game 1 of a best-of-3
|t:|1782617806
|gametype|doubles
|player|p1|raineyluvsu|1|1113
|player|p2|megafraudette|170|1367
|gen|9
|tier|[Gen 9 Champions] VGC 2026 Reg M-B (Bo3)
|rated|
|rule|Species Clause: Limit one of each Pokémon
|rule|Item Clause: Limit 1 of each item
|clearpoke
|poke|p1|Metagross, L50|
|poke|p1|Basculegion, L50, M|
|poke|p1|Blaziken, L50, M|
|poke|p1|Politoed, L50, M|
|poke|p1|Tsareena, L50, F|
|poke|p1|Kingambit, L50, F|
|poke|p2|Floette-Eternal, L50, F|
|poke|p2|Whimsicott, L50, F|
|poke|p2|Basculegion, L50, M|
|poke|p2|Farigiraf, L50, M|
|poke|p2|Kingambit, L50, F|
|poke|p2|Arcanine-Hisui, L50, M|
|teampreview|4
|showteam|p1|Metagross||Metagrossite|ClearBody|IronHead,PsychicFangs,StompingTantrum,Protect|Jolly|||||50|]Basculegion||LifeOrb|Adaptability|WaveCrash,LastRespects,AquaJet,Protect|Jolly||M|||50|]Blaziken||FocusSash|SpeedBoost|Overheat,AuraSphere,Coaching,Detect|Modest||M|||50|]Politoed||SitrusBerry|Drizzle|WeatherBall,IceBeam,PerishSong,Protect|Bold||M|||50|]Tsareena||ChoiceScarf|QueenlyMajesty|TropKick,TripleAxel,LowKick,Uturn|Jolly||F|||50|]Kingambit||BlackGlasses|Defiant|KowtowCleave,SuckerPunch,SwordsDance,Protect|Brave||F|||50|
|showteam|p2|Floette-Eternal||Floettite|FlowerVeil|Moonblast,DazzlingGleam,LightofRuin,Protect|Modest||F|||50|]Whimsicott||FairyFeather|Prankster|Moonblast,Encore,Tailwind,Protect|Bold||F|||50|]Basculegion||LifeOrb|Adaptability|WaveCrash,AquaJet,LastRespects,Protect|Jolly||M|||50|]Farigiraf||ColburBerry|ArmorTail|Psyshock,TrickRoom,HelpingHand,Imprison|Calm||M|||50|]Kingambit||BlackGlasses|Defiant|KowtowCleave,SuckerPunch,IronHead,Protect|Adamant||F|||50|]Arcanine-Hisui||FocusSash|RockHead|FlareBlitz,HeadSmash,ExtremeSpeed,Protect|Jolly||M|||50|
|
|t:|1782617844
|teamsize|p1|4
|teamsize|p2|4
|start
|switch|p1a: Basculegion|Basculegion, L50, M|100/100
|switch|p1b: Blaziken|Blaziken, L50, M|100/100
|switch|p2a: Floette|Floette-Eternal, L50, F|100/100
|switch|p2b: Whimsicott|Whimsicott, L50, F|100/100
|turn|1
|
|t:|1782617864
|detailschange|p2a: Floette|Floette-Mega, L50, F
|-mega|p2a: Floette|Floette|Floettite
|-ability|p2a: Floette|Fairy Aura
|move|p2a: Floette|Light of Ruin|p1a: Basculegion
|-damage|p1a: Basculegion|0 fnt
|faint|p1a: Basculegion
|-damage|p2a: Floette|36/100|[from] Recoil
|move|p2b: Whimsicott|Moonblast|p1b: Blaziken
|-damage|p1b: Blaziken|36/100
|move|p1b: Blaziken|Overheat|p2b: Whimsicott
|-supereffective|p2b: Whimsicott|1
|-damage|p2b: Whimsicott|0 fnt
|-unboost|p1b: Blaziken|spa|2
|faint|p2b: Whimsicott
|
|-ability|p1b: Blaziken|Speed Boost|boost
|-boost|p1b: Blaziken|spe|1
|upkeep
|
|t:|1782617885
|switch|p1a: Kingambit|Kingambit, L50, F|100/100
|switch|p2b: Farigiraf|Farigiraf, L50, M|100/100
|turn|2
|
|t:|1782617899
|move|p2a: Floette|Protect|p2a: Floette
|-singleturn|p2a: Floette|Protect
|move|p1b: Blaziken|Coaching|p1a: Kingambit
|-boost|p1a: Kingambit|atk|1
|-boost|p1a: Kingambit|def|1
|move|p2b: Farigiraf|Psyshock|p1b: Blaziken
|-supereffective|p1b: Blaziken|1
|-damage|p1b: Blaziken|0 fnt
|faint|p1b: Blaziken
|move|p1a: Kingambit|Kowtow Cleave|p2b: Farigiraf
|-supereffective|p2b: Farigiraf|1
|-enditem|p2b: Farigiraf|Colbur Berry|[eat]
|-enditem|p2b: Farigiraf|Colbur Berry|[weaken]
|-damage|p2b: Farigiraf|18/100
|
|upkeep
|
|t:|1782617912
|switch|p1b: Metagross|Metagross, L50|100/100
|turn|3
|
|t:|1782617934
|switch|p2a: Basculegion|Basculegion, L50, M|100/100
|detailschange|p1b: Metagross|Metagross-Mega, L50
|-mega|p1b: Metagross|Metagross|Metagrossite
|move|p1b: Metagross|Protect|p1b: Metagross
|-singleturn|p1b: Metagross|Protect
|move|p2b: Farigiraf|Psyshock|p1b: Metagross
|-activate|p1b: Metagross|move: Protect
|move|p1a: Kingambit|Kowtow Cleave|p2b: Farigiraf
|-supereffective|p2b: Farigiraf|1
|-damage|p2b: Farigiraf|0 fnt
|faint|p2b: Farigiraf
|
|upkeep
|
|t:|1782617936
|switch|p2b: Floette|Floette-Mega, L50, F|36/100
|-ability|p2b: Floette|Fairy Aura
|turn|4
|
|t:|1782617946
|move|p2a: Basculegion|Protect|p2a: Basculegion
|-singleturn|p2a: Basculegion|Protect
|move|p1a: Kingambit|Sucker Punch||[still]
|-fail|p1a: Kingambit
|move|p1b: Metagross|Iron Head|p2b: Floette
|-supereffective|p2b: Floette|1
|-crit|p2b: Floette
|-damage|p2b: Floette|0 fnt
|faint|p2b: Floette
|
|upkeep
|turn|5
|
|t:|1782617957
|move|p2a: Basculegion|Aqua Jet|p1b: Metagross
|-damage|p1b: Metagross|76/100
|-damage|p2a: Basculegion|90/100|[from] item: Life Orb
|move|p1b: Metagross|Psychic Fangs|p2a: Basculegion
|-damage|p2a: Basculegion|12/100
|move|p1a: Kingambit|Kowtow Cleave|p2a: Basculegion
|-supereffective|p2a: Basculegion|1
|-damage|p2a: Basculegion|0 fnt
|faint|p2a: Basculegion
|
|win|raineyluvsu
||megafraudette is ready for game 2.
