|j|☆RalleB314
|j|☆takuabionicle
|html|RalleB314takuabionicle    
|uhtml|bestof|Game 2 of a best-of-3
|t:|1757680720
|gametype|doubles
|player|p1|RalleB314|collector|1027
|player|p2|takuabionicle|lillie-z|1049
|gen|9
|tier|[Gen 9] VGC 2025 Reg H (Bo3)
|rated|
|rule|Species Clause: Limit one of each Pokémon
|rule|Item Clause: Limit 1 of each item
|clearpoke
|poke|p1|Falinks, L50|
|poke|p1|Amoonguss, L50, F|
|poke|p1|Rillaboom, L50, F|
|poke|p1|Incineroar, L50, M|
|poke|p1|Porygon2, L50|
|poke|p1|Ursaluna, L50, F|
|poke|p2|Kommo-o, L50, F|
|poke|p2|Volcarona, L50, M|
|poke|p2|Clefable, L50, M|
|poke|p2|Tauros-Paldea-Aqua, L50, M|
|poke|p2|Rillaboom, L50, M|
|poke|p2|Grimmsnarl, L50, M|
|teampreview|4
|showteam|p1|Falinks||LifeOrb|Defiant|NoRetreat,FirstImpression,KnockOff,CloseCombat||||||50|,,,,,Grass]Amoonguss||RockyHelmet|Regenerator|Spore,SludgeBomb,RagePowder,Protect|||F|||50|,,,,,Fire]Rillaboom||AssaultVest|GrassySurge|GrassyGlide,FakeOut,WoodHammer,Uturn|||F|||50|,,,,,Steel]Incineroar||SitrusBerry|Intimidate|FakeOut,PartingShot,FlareBlitz,HelpingHand|||M|||50|,,,,,Ghost]Porygon2||Eviolite|Download|TriAttack,TrickRoom,ShadowBall,Recover||||||50|,,,,,Normal]Ursaluna||FlameOrb|Guts|Protect,Facade,Earthquake,DrainPunch|||F|||50|,,,,,Normal
|showteam|p2|Kommo-o||ThroatSpray|Overcoat|ClangingScales,ClangorousSoul,Boomburst,Flamethrower|||F|||50|,,,,,Steel]Volcarona||Leftovers|FlameBody|QuiverDance,Protect,GigaDrain,FieryDance|||M|||50|,,,,,Grass]Clefable||SafetyGoggles|Unaware|FollowMe,ThunderWave,Protect,Moonblast|||M|||50|,,,,,Water]Tauros-Paldea-Aqua||ClearAmulet|Intimidate|AquaJet,RagingBull,Trailblaze,CloseCombat|||M|||50|,,,,,Grass]Rillaboom||AssaultVest|GrassySurge|WoodHammer,GrassyGlide,FakeOut,HighHorsepower|||M|||50|,,,,,Grass]Grimmsnarl||LightClay|Prankster|Reflect,LightScreen,ThunderWave,SpiritBreak|||M|||50|,,,,,Ghost
|
|t:|1757680756
|teamsize|p1|4
|teamsize|p2|4
|start
|switch|p1a: Falinks|Falinks, L50|100/100
|switch|p1b: Porygon2|Porygon2, L50|100/100
|switch|p2a: Tauros|Tauros-Paldea-Aqua, L50, M|100/100
|switch|p2b: Rillaboom|Rillaboom, L50, M|100/100
|-ability|p2a: Tauros|Intimidate|boost
|-unboost|p1a: Falinks|atk|1
|-ability|p1a: Falinks|Defiant|boost
|-boost|p1a: Falinks|atk|2
|-unboost|p1b: Porygon2|atk|1
|-fieldstart|move: Grassy Terrain|[from] ability: Grassy Surge|[of] p2b: Rillaboom
|-ability|p1b: Porygon2|Download|boost
|-boost|p1b: Porygon2|spa|1
|turn|1
|inactive|Battle timer is ON: inactive players will automatically lose when time's up. (requested by RalleB314)
|inactive|takuabionicle has 60 seconds left.
|
|t:|1757680787
|move|p2b: Rillaboom|Fake Out|p1a: Falinks
|-damage|p1a: Falinks|86/100
|move|p2a: Tauros|Close Combat|p1b: Porygon2
|-supereffective|p1b: Porygon2
|-damage|p1b: Porygon2|24/100
|-unboost|p2a: Tauros|def|1
|-unboost|p2a: Tauros|spd|1
|cant|p1a: Falinks|flinch
|move|p1b: Porygon2|Trick Room|p1b: Porygon2
|-fieldstart|move: Trick Room|[of] p1b: Porygon2
|
|-heal|p1b: Porygon2|30/100|[from] Grassy Terrain
|-heal|p1a: Falinks|92/100|[from] Grassy Terrain
|upkeep
|turn|2
|inactive|RalleB314 has 30 seconds left.
|inactive|RalleB314 has 20 seconds left.
|inactive|RalleB314 has 15 seconds left.
|inactive|RalleB314 has 10 seconds left.
|inactive|RalleB314 has 5 seconds left.
|
|t:|1757680838
|move|p2b: Rillaboom|Grassy Glide|p1b: Porygon2
|-damage|p1b: Porygon2|5/100
|move|p2a: Tauros|Aqua Jet|p1b: Porygon2
|-damage|p1b: Porygon2|0 fnt
|faint|p1b: Porygon2
|move|p1a: Falinks|No Retreat|p1a: Falinks
|-boost|p1a: Falinks|atk|1
|-boost|p1a: Falinks|def|1
|-boost|p1a: Falinks|spa|1
|-boost|p1a: Falinks|spd|1
|-boost|p1a: Falinks|spe|1
|-start|p1a: Falinks|move: No Retreat
|
|-heal|p1a: Falinks|98/100|[from] Grassy Terrain
|upkeep
|
|t:|1757680854
|switch|p1b: Incineroar|Incineroar, L50, M|100/100
|-ability|p1b: Incineroar|Intimidate|boost
|-fail|p2a: Tauros|unboost|[from] item: Clear Amulet|[of] p2a: Tauros
|-unboost|p2b: Rillaboom|atk|1
|turn|3
|
|t:|1757680867
|switch|p2b: Clefable|Clefable, L50, M|100/100
|move|p1b: Incineroar|Flare Blitz|p2b: Clefable
|-damage|p2b: Clefable|66/100
|-damage|p1b: Incineroar|89/100|[from] Recoil
|move|p1a: Falinks|Close Combat|p2a: Tauros
|-damage|p2a: Tauros|0 fnt
|-unboost|p1a: Falinks|def|1
|-unboost|p1a: Falinks|spd|1
|faint|p2a: Tauros
|-damage|p1a: Falinks|88/100|[from] item: Life Orb
|
|-heal|p1b: Incineroar|95/100|[from] Grassy Terrain
|-heal|p2b: Clefable|72/100|[from] Grassy Terrain
|-heal|p1a: Falinks|94/100|[from] Grassy Terrain
|upkeep
|
|t:|1757680885
|switch|p2a: Kommo-o|Kommo-o, L50, F, shiny|100/100
|turn|4
|
|t:|1757680903
|move|p1b: Incineroar|Helping Hand|p1a: Falinks
|-singleturn|p1a: Falinks|Helping Hand|[of] p1b: Incineroar
|move|p2b: Clefable|Follow Me|p2b: Clefable
|-singleturn|p2b: Clefable|move: Follow Me
|move|p1a: Falinks|Close Combat|p2b: Clefable
|-resisted|p2b: Clefable
|-damage|p2b: Clefable|31/100
|-unboost|p1a: Falinks|def|1
|-unboost|p1a: Falinks|spd|1
|-damage|p1a: Falinks|84/100|[from] item: Life Orb
|move|p2a: Kommo-o|Clangorous Soul|p2a: Kommo-o
|-boost|p2a: Kommo-o|atk|1
|-boost|p2a: Kommo-o|def|1
|-boost|p2a: Kommo-o|spa|1
|-boost|p2a: Kommo-o|spd|1
|-boost|p2a: Kommo-o|spe|1
|-damage|p2a: Kommo-o|68/100
|-enditem|p2a: Kommo-o|Throat Spray
|-boost|p2a: Kommo-o|spa|1|[from] item: Throat Spray
|
|-heal|p2b: Clefable|37/100|[from] Grassy Terrain
|-heal|p1b: Incineroar|100/100|[from] Grassy Terrain
|-heal|p1a: Falinks|89/100|[from] Grassy Terrain
|-heal|p2a: Kommo-o|74/100|[from] Grassy Terrain
|upkeep
|turn|5
|inactive|RalleB314 has 30 seconds left.
|inactive|RalleB314 has 20 seconds left.
|inactive|RalleB314 has 15 seconds left.
|inactive|RalleB314 has 10 seconds left.
|inactive|RalleB314 has 5 seconds left.
|
|t:|1757680958
|move|p2b: Clefable|Follow Me|p2b: Clefable
|-singleturn|p2b: Clefable|move: Follow Me
|move|p1b: Incineroar|Flare Blitz|p2b: Clefable
|-damage|p2b: Clefable|0 fnt
|faint|p2b: Clefable
|-damage|p1b: Incineroar|89/100|[from] Recoil
|move|p1a: Falinks|Close Combat|p2a: Kommo-o
|-damage|p2a: Kommo-o|0 fnt
|-unboost|p1a: Falinks|def|1
|-unboost|p1a: Falinks|spd|1
|faint|p2a: Kommo-o
|-damage|p1a: Falinks|80/100|[from] item: Life Orb
|
|-heal|p1b: Incineroar|95/100|[from] Grassy Terrain
|-heal|p1a: Falinks|85/100|[from] Grassy Terrain
|-fieldend|move: Trick Room
|-fieldend|move: Grassy Terrain
|upkeep
|
|t:|1757680969
|switch|p2a: Rillaboom|Rillaboom, L50, M|100/100
|-fieldstart|move: Grassy Terrain|[from] ability: Grassy Surge|[of] p2a: Rillaboom
|turn|6
|
|t:|1757680980
|-terastallize|p2a: Rillaboom|Grass
|move|p2a: Rillaboom|Grassy Glide|p1a: Falinks
|-damage|p1a: Falinks|0 fnt
|faint|p1a: Falinks
|move|p1b: Incineroar|Flare Blitz|p2a: Rillaboom
|-supereffective|p2a: Rillaboom
|-damage|p2a: Rillaboom|22/100
|-damage|p1b: Incineroar|68/100|[from] Recoil
|
|-heal|p2a: Rillaboom|28/100|[from] Grassy Terrain
|-heal|p1b: Incineroar|74/100|[from] Grassy Terrain
|upkeep
|
|t:|1757681001
|switch|p1a: Ursaluna|Ursaluna, L50, F|100/100
|turn|7
|
|t:|1757681018
|move|p1a: Ursaluna|Protect|p1a: Ursaluna
|-singleturn|p1a: Ursaluna|Protect
|move|p2a: Rillaboom|High Horsepower|p1b: Incineroar
|-supereffective|p1b: Incineroar
|-damage|p1b: Incineroar|23/100
|-enditem|p1b: Incineroar|Sitrus Berry|[eat]
|-heal|p1b: Incineroar|48/100|[from] item: Sitrus Berry
|move|p1b: Incineroar|Flare Blitz|p2a: Rillaboom
|-supereffective|p2a: Rillaboom
|-damage|p2a: Rillaboom|0 fnt
|faint|p2a: Rillaboom
|-damage|p1b: Incineroar|38/100|[from] Recoil
|
|win|RalleB314
||RalleB314 is ready for game 3.
||takuabionicle is ready for game 3.
|uhtml|next|Next: Game 3 of 3
|l|☆RalleB314
|player|p1|
