|j|☆KptainFr
|j|☆sawawa256
|html|KptainFrsawawa256    
|uhtml|bestof|Game 2 of a best-of-3
|t:|1757666652
|gametype|doubles
|player|p1|KptainFr|steven|1086
|player|p2|sawawa256|hilbert|1106
|gen|9
|tier|[Gen 9] VGC 2025 Reg H (Bo3)
|rated|
|rule|Species Clause: Limit one of each Pokémon
|rule|Item Clause: Limit 1 of each item
|clearpoke
|poke|p1|Ceruledge, L50, M|
|poke|p1|Gastrodon, L50, F|
|poke|p1|Gyarados, L50, F|
|poke|p1|Rillaboom, L50, M|
|poke|p1|Sneasler, L50, F|
|poke|p1|Hydreigon, L50, F|
|poke|p2|Rillaboom, L50, M|
|poke|p2|Gholdengo, L50|
|poke|p2|Maushold-Four, L50|
|poke|p2|Dragonite, L50, M|
|poke|p2|Garchomp, L50, M|
|poke|p2|Sneasler, L50, M|
|teampreview|4
|showteam|p1|Ceruledge||Leftovers|WeakArmor|BitterBlade,ShadowSneak,BulkUp,Protect|||M|||50|,,,,,Water]Gastrodon||SitrusBerry|StormDrain|IceBeam,EarthPower,ClearSmog,Protect|||F|||50|,,,,,Grass]Gyarados||LifeOrb|Intimidate|Waterfall,Crunch,DragonDance,Protect|||F|||50|,,,,,Grass]Rillaboom||AssaultVest|GrassySurge|WoodHammer,GrassyGlide,HighHorsepower,FakeOut|||M|||50|,,,,,Fire]Sneasler||FocusSash|PoisonTouch|CloseCombat,DireClaw,Coaching,Protect|||F|||50|,,,,,Stellar]Hydreigon||CovertCloak|Levitate|DracoMeteor,Snarl,HeatWave,Tailwind|||F|||50|,,,,,Fire
|showteam|p2|Rillaboom||AssaultVest|GrassySurge|WoodHammer,GrassyGlide,HighHorsepower,FakeOut|||M|||50|,,,,,Fire]Gholdengo||ChoiceSpecs|GoodasGold|MakeItRain,ShadowBall,SteelBeam,TeraBlast||||||50|,,,,,Dragon]Maushold-Four||RockyHelmet|FriendGuard|FollowMe,SuperFang,Protect,Taunt||||||50|,,,,,Ghost]Dragonite||LoadedDice|Multiscale|ExtremeSpeed,ScaleShot,Tailwind,Haze|||M|||50|,,,,,Normal]Garchomp||EarthPlate|RoughSkin|SwordsDance,Protect,StompingTantrum,DragonClaw|||M|||50|,,,,,Fire]Sneasler||GrassySeed|Unburden|Protect,CloseCombat,DireClaw,ThroatChop|||M|||50|,,,,,Dark
|inactive|Battle timer is ON: inactive players will automatically lose when time's up. (requested by KptainFr)
|inactive|KptainFr has 60 seconds left.
|inactive|KptainFr has 30 seconds left.
|inactive|KptainFr has 20 seconds left.
|inactive|KptainFr has 15 seconds left.
|
|t:|1757666730
|teamsize|p1|4
|teamsize|p2|4
|start
|switch|p1a: Gyarados|Gyarados, L50, F|100/100
|switch|p1b: Hydreigon|Hydreigon, L50, F|100/100
|switch|p2a: Gholdengo|Gholdengo, L50|100/100
|switch|p2b: Maushold|Maushold-Four, L50|100/100
|-ability|p1a: Gyarados|Intimidate|boost
|-unboost|p2a: Gholdengo|atk|1
|-unboost|p2b: Maushold|atk|1
|turn|1
|inactive|sawawa256 has 30 seconds left.
|
|t:|1757666763
|move|p2b: Maushold|Taunt|p1a: Gyarados
|-start|p1a: Gyarados|move: Taunt
|move|p1b: Hydreigon|Tailwind|p1b: Hydreigon
|-sidestart|p1: KptainFr|move: Tailwind
|move|p1a: Gyarados|Crunch|p2a: Gholdengo
|-supereffective|p2a: Gholdengo
|-damage|p2a: Gholdengo|47/100
|-damage|p1a: Gyarados|91/100|[from] item: Life Orb
|move|p2a: Gholdengo|Make It Rain|p1b: Hydreigon|[spread] p1a,p1b
|-resisted|p1a: Gyarados
|-damage|p1a: Gyarados|58/100
|-damage|p1b: Hydreigon|32/100
|-unboost|p2a: Gholdengo|spa|1
|
|upkeep
|turn|2
|inactive|KptainFr has 30 seconds left.
|inactive|sawawa256 has 30 seconds left.
|
|t:|1757666795
|switch|p1a: Gastrodon|Gastrodon, L50, F|100/100
|switch|p2a: Dragonite|Dragonite, L50, M|100/100
|move|p2b: Maushold|Protect|p2b: Maushold
|-singleturn|p2b: Maushold|Protect
|move|p1b: Hydreigon|Heat Wave|p2b: Maushold|[spread] p2a
|-activate|p2b: Maushold|move: Protect
|-resisted|p2a: Dragonite
|-damage|p2a: Dragonite|96/100
|
|upkeep
|turn|3
|
|t:|1757666814
|switch|p1b: Gyarados|Gyarados, L50, F|58/100
|-ability|p1b: Gyarados|Intimidate|boost
|-unboost|p2a: Dragonite|atk|1
|-unboost|p2b: Maushold|atk|1
|move|p2b: Maushold|Follow Me|p2b: Maushold
|-singleturn|p2b: Maushold|move: Follow Me
|move|p2a: Dragonite|Extreme Speed|p1b: Gyarados
|-damage|p1b: Gyarados|35/100
|move|p1a: Gastrodon|Ice Beam|p2b: Maushold
|-damage|p2b: Maushold|65/100
|
|upkeep
|turn|4
|
|t:|1757666833
|move|p1b: Gyarados|Protect|p1b: Gyarados
|-singleturn|p1b: Gyarados|Protect
|move|p2b: Maushold|Follow Me|p2b: Maushold
|-singleturn|p2b: Maushold|move: Follow Me
|move|p2a: Dragonite|Haze|p2a: Dragonite
|-clearallboost
|move|p1a: Gastrodon|Earth Power|p2b: Maushold
|-damage|p2b: Maushold|21/100
|
|-sideend|p1: KptainFr|move: Tailwind
|upkeep
|turn|5
|inactive|sawawa256 has 30 seconds left.
|
|t:|1757666862
|-terastallize|p2a: Dragonite|Normal
|move|p2a: Dragonite|Extreme Speed|p1b: Gyarados
|-damage|p1b: Gyarados|0 fnt
|faint|p1b: Gyarados
|move|p2b: Maushold|Super Fang|p1a: Gastrodon
|-damage|p1a: Gastrodon|50/100
|-enditem|p1a: Gastrodon|Sitrus Berry|[eat]
|-heal|p1a: Gastrodon|75/100|[from] item: Sitrus Berry
|move|p1a: Gastrodon|Ice Beam|p2a: Dragonite
|-crit|p2a: Dragonite
|-damage|p2a: Dragonite|68/100
|
|upkeep
|
|t:|1757666872
|switch|p1b: Ceruledge|Ceruledge, L50, M|100/100
|turn|6
|
|t:|1757666888
|move|p2b: Maushold|Follow Me|p2b: Maushold
|-singleturn|p2b: Maushold|move: Follow Me
|move|p2a: Dragonite|Tailwind|p2a: Dragonite
|-sidestart|p2: sawawa256|move: Tailwind
|move|p1b: Ceruledge|Bitter Blade|p2b: Maushold
|-damage|p2b: Maushold|0 fnt
|-damage|p1b: Ceruledge|84/100|[from] item: Rocky Helmet|[of] p2b: Maushold
|faint|p2b: Maushold
|move|p1a: Gastrodon|Earth Power|p2a: Dragonite
|-damage|p2a: Dragonite|28/100
|
|-heal|p1b: Ceruledge|90/100|[from] item: Leftovers
|upkeep
|
|t:|1757666902
|switch|p2b: Gholdengo|Gholdengo, L50|47/100
|turn|7
|
|t:|1757666920
|move|p2a: Dragonite|Extreme Speed|p1a: Gastrodon
|-damage|p1a: Gastrodon|33/100
|move|p2b: Gholdengo|Shadow Ball|p1a: Gastrodon
|-damage|p1a: Gastrodon|0 fnt
|faint|p1a: Gastrodon
|move|p1b: Ceruledge|Bitter Blade|p2b: Gholdengo
|-supereffective|p2b: Gholdengo
|-damage|p2b: Gholdengo|0 fnt
|-heal|p1b: Ceruledge|100/100|[from] drain|[of] p2b: Gholdengo
|faint|p2b: Gholdengo
|
|upkeep
|
|t:|1757666931
|switch|p2b: Sneasler|Sneasler, L50, M|100/100
|switch|p1a: Hydreigon|Hydreigon, L50, F|32/100
|turn|8
|
|t:|1757666944
|-terastallize|p1b: Ceruledge|Water
|move|p2b: Sneasler|Dire Claw|p1a: Hydreigon
|-damage|p1a: Hydreigon|0 fnt
|faint|p1a: Hydreigon
|move|p2a: Dragonite|Scale Shot|p1b: Ceruledge
|-damage|p1b: Ceruledge|83/100
|-ability|p1b: Ceruledge|Weak Armor|boost
|-unboost|p1b: Ceruledge|def|1
|-boost|p1b: Ceruledge|spe|2
|-damage|p1b: Ceruledge|59/100
|-ability|p1b: Ceruledge|Weak Armor|boost
|-unboost|p1b: Ceruledge|def|1
|-boost|p1b: Ceruledge|spe|2
|-damage|p1b: Ceruledge|29/100
|-ability|p1b: Ceruledge|Weak Armor|boost
|-unboost|p1b: Ceruledge|def|1
|-boost|p1b: Ceruledge|spe|2
|-damage|p1b: Ceruledge|0 fnt
|faint|p1b: Ceruledge
|-hitcount|p1: Ceruledge|4
|
|win|sawawa256
||KptainFr is ready for game 3.
|inactive|sawawa256 has 30 seconds to confirm battle start!
|inactive|sawawa256 has 20 seconds to confirm battle start!
||sawawa256 is ready for game 3.
|uhtml|next|Next: Game 3 of 3
