|j|☆Reg H merchant
|j|☆Sonja Hilmer
|html|Reg H merchantSonja Hilmer    
|uhtml|bestof|Game 3 of a best-of-3
|t:|1757018325
|gametype|doubles
|player|p1|Reg H merchant|hilbert|1369
|player|p2|Sonja Hilmer|lady|1398
|gen|9
|tier|[Gen 9] VGC 2025 Reg H (Bo3)
|rated|
|rule|Species Clause: Limit one of each Pokémon
|rule|Item Clause: Limit 1 of each item
|clearpoke
|poke|p1|Electabuzz, L50, F|
|poke|p1|Sneasler, L50, F|
|poke|p1|Ursaluna-Bloodmoon, L50, M|
|poke|p1|Indeedee, L50, M|
|poke|p1|Incineroar, L50, F|
|poke|p1|Dragonite, L50, F|
|poke|p2|Dachsbun, L50, M|
|poke|p2|Typhlosion-Hisui, L50, F|
|poke|p2|Kingambit, L50, F|
|poke|p2|Jumpluff, L50, M|
|poke|p2|Rillaboom, L50, M|
|poke|p2|Torkoal, L50, M|
|teampreview|4
|showteam|p1|Electabuzz||Eviolite|VitalSpirit|Electroweb,FollowMe,Taunt,Protect|||F|||50|,,,,,Dragon]Sneasler||PsychicSeed|Unburden|DireClaw,ThroatChop,CloseCombat,Protect|||F|||50|,,,,,Dark]Ursaluna-Bloodmoon||LifeOrb|MindsEye|HyperVoice,BloodMoon,EarthPower,Protect|||M|||50|,,,,,Normal]Indeedee||FocusSash|PsychicSurge|ExpandingForce,Protect,TrickRoom,HelpingHand|||M|||50|,,,,,Psychic]Incineroar||SafetyGoggles|Intimidate|FakeOut,KnockOff,FlareBlitz,PartingShot|||F|||50|,,,,,Ghost]Dragonite||LoadedDice|Multiscale|ScaleShot,Haze,Protect,Tailwind|||F|||50|,,,,,Fairy
|showteam|p2|Dachsbun||Leftovers|WellBakedBody|BodyPress,Snarl,HelpingHand,Protect|||M|||50|,,,,,Steel]Typhlosion-Hisui||ChoiceSpecs|Blaze|Eruption,LavaPlume,Overheat,ShadowBall|||F|||50|,,,,,Fire]Kingambit||AssaultVest|Defiant|KowtowCleave,SuckerPunch,LowKick,TeraBlast|||F|||50|,,,,,Fairy]Jumpluff||CovertCloak|Chlorophyll|SleepPowder,SunnyDay,RagePowder,Tailwind|||M|||50|,,,,,Water]Rillaboom||LifeOrb|GrassySurge|WoodHammer,GrassyGlide,HighHorsepower,FakeOut|||M|||50|,,,,,Water]Torkoal||SitrusBerry|Drought|HeatWave,LavaPlume,ClearSmog,Protect|||M|||50|,,,,,Fairy
|inactive|Battle timer is ON: inactive players will automatically lose when time's up. (requested by Sonja Hilmer)
|inactive|Reg H merchant has 60 seconds left.
|inactive|Sonja Hilmer has 60 seconds left.
|inactive|Reg H merchant has 30 seconds left.
|inactive|Sonja Hilmer has 30 seconds left.
|inactive|Reg H merchant has 20 seconds left.
|inactive|Reg H merchant has 15 seconds left.
|inactive|Reg H merchant has 10 seconds left.
|
|t:|1757018407
|teamsize|p1|4
|teamsize|p2|4
|start
|switch|p1a: Sneasler|Sneasler, L50, F|100/100
|switch|p1b: Indeedee|Indeedee, L50, M|100/100
|switch|p2a: Jumpluff|Jumpluff, L50, M|100/100
|switch|p2b: Torkoal|Torkoal, L50, M|100/100
|-fieldstart|move: Psychic Terrain|[from] ability: Psychic Surge|[of] p1b: Indeedee
|-enditem|p1a: Sneasler|Psychic Seed
|-boost|p1a: Sneasler|spd|1|[from] item: Psychic Seed
|-weather|SunnyDay|[from] ability: Drought|[of] p2b: Torkoal
|turn|1
|inactive|Reg H merchant has 30 seconds left.
|
|t:|1757018432
|switch|p2b: Rillaboom|Rillaboom, L50, M|100/100
|-fieldstart|move: Grassy Terrain|[from] ability: Grassy Surge|[of] p2b: Rillaboom
|move|p2a: Jumpluff|Sleep Powder|p1a: Sneasler
|-status|p1a: Sneasler|slp|[from] move: Sleep Powder
|cant|p1a: Sneasler|slp
|move|p1b: Indeedee|Expanding Force|p2a: Jumpluff
|-damage|p2a: Jumpluff|64/100
|
|-weather|SunnyDay|[upkeep]
|upkeep
|turn|2
|inactive|Sonja Hilmer has 30 seconds left.
|inactive|Reg H merchant has 30 seconds left.
|inactive|Sonja Hilmer has 20 seconds left.
|inactive|Reg H merchant has 20 seconds left.
|inactive|Sonja Hilmer has 15 seconds left.
|inactive|Reg H merchant has 15 seconds left.
|inactive|Reg H merchant has 10 seconds left.
|
|t:|1757018491
|switch|p1a: Incineroar|Incineroar, L50, F|100/100
|-ability|p1a: Incineroar|Intimidate|boost
|-unboost|p2a: Jumpluff|atk|1
|-unboost|p2b: Rillaboom|atk|1
|move|p1b: Indeedee|Protect|p1b: Indeedee
|-singleturn|p1b: Indeedee|Protect
|move|p2a: Jumpluff|Sleep Powder|p1b: Indeedee
|-activate|p1b: Indeedee|move: Protect
|move|p2b: Rillaboom|High Horsepower|p1a: Incineroar
|-supereffective|p1a: Incineroar
|-damage|p1a: Incineroar|39/100
|-damage|p2b: Rillaboom|91/100|[from] item: Life Orb
|
|-weather|SunnyDay|[upkeep]
|-heal|p1a: Incineroar|45/100|[from] Grassy Terrain
|-heal|p2b: Rillaboom|97/100|[from] Grassy Terrain
|upkeep
|turn|3
|inactive|Reg H merchant has 30 seconds left.
|
|t:|1757018524
|switch|p1b: Sneasler|Sneasler, L50, F|100/100 slp
|move|p1a: Incineroar|Fake Out|p2b: Rillaboom
|-damage|p2b: Rillaboom|84/100
|move|p2a: Jumpluff|Sleep Powder|p1b: Sneasler
|-fail|p1b: Sneasler|slp
|cant|p2b: Rillaboom|flinch
|
|-weather|SunnyDay|[upkeep]
|-heal|p1a: Incineroar|52/100|[from] Grassy Terrain
|-heal|p2b: Rillaboom|90/100|[from] Grassy Terrain
|upkeep
|turn|4
|inactive|Reg H merchant has 30 seconds left.
|
|t:|1757018551
|-terastallize|p1a: Incineroar|Ghost
|move|p2a: Jumpluff|Tailwind|p2a: Jumpluff
|-sidestart|p2: Sonja Hilmer|move: Tailwind
|move|p2b: Rillaboom|High Horsepower|p1b: Sneasler
|-supereffective|p1b: Sneasler
|-damage|p1b: Sneasler|0 fnt
|faint|p1b: Sneasler
|-damage|p2b: Rillaboom|81/100|[from] item: Life Orb
|move|p1a: Incineroar|Flare Blitz|p2a: Jumpluff
|-supereffective|p2a: Jumpluff
|-damage|p2a: Jumpluff|0 fnt
|faint|p2a: Jumpluff
|-damage|p1a: Incineroar|33/100|[from] Recoil
|
|-weather|SunnyDay|[upkeep]
|-heal|p2b: Rillaboom|87/100|[from] Grassy Terrain
|-heal|p1a: Incineroar|39/100|[from] Grassy Terrain
|upkeep
|
|t:|1757018569
|switch|p2a: Typhlosion|Typhlosion-Hisui, L50, F|100/100
|switch|p1b: Indeedee|Indeedee, L50, M|100/100
|-fieldstart|move: Psychic Terrain|[from] ability: Psychic Surge|[of] p1b: Indeedee
|turn|5
|
|t:|1757018589
|move|p2a: Typhlosion|Eruption|p1a: Incineroar|[spread] p1a,p1b
|-damage|p1a: Incineroar|0 fnt
|-enditem|p1b: Indeedee|Focus Sash
|-damage|p1b: Indeedee|1/100
|faint|p1a: Incineroar
|move|p2b: Rillaboom|Wood Hammer|p1b: Indeedee
|-damage|p1b: Indeedee|0 fnt
|faint|p1b: Indeedee
|-damage|p2b: Rillaboom|86/100|[from] Recoil
|-damage|p2b: Rillaboom|77/100|[from] item: Life Orb
|
|-weather|none
|upkeep
|-message|Reg H merchant forfeited.
|
|win|Sonja Hilmer
|raw|Reg H merchant's rating: 1369 → 1351(-18 for losing)
|raw|Sonja Hilmer's rating: 1398 → 1416(+18 for winning)
