|j|☆kyoshi44
|j|☆nicodemus3
|html|kyoshi44nicodemus3    
|uhtml|bestof|Game 1 of a best-of-3
|t:|1757838789
|gametype|doubles
|player|p1|kyoshi44|dawn-gen4pt|1140
|player|p2|nicodemus3|101|1177
|gen|9
|tier|[Gen 9] VGC 2025 Reg H (Bo3)
|rated|
|rule|Species Clause: Limit one of each Pokémon
|rule|Item Clause: Limit 1 of each item
|clearpoke
|poke|p1|Porygon2, L50|
|poke|p1|Hydreigon, L50, M|
|poke|p1|Garchomp, L50, F|
|poke|p1|Amoonguss, L50, M|
|poke|p1|Gholdengo, L50|
|poke|p1|Incineroar, L50, M|
|poke|p2|Dondozo, L50, M|
|poke|p2|Tatsugiri, L50, F|
|poke|p2|Indeedee, L50, M|
|poke|p2|Sneasler, L50, F|
|poke|p2|Ursaluna-Bloodmoon, L50, M|
|poke|p2|Whimsicott, L50, M|
|teampreview|4
|showteam|p1|Porygon2||Eviolite|Download|TeraBlast,IceBeam,TrickRoom,Recover||||||50|,,,,,Fighting]Hydreigon||SafetyGoggles|Levitate|Snarl,DracoMeteor,Tailwind,Protect|||M|||50|,,,,,Ghost]Garchomp||ClearAmulet|RoughSkin|DragonClaw,Earthquake,StompingTantrum,Protect|||F|||50|,,,,,Fire]Amoonguss||CovertCloak|Regenerator|PollenPuff,Spore,RagePowder,Protect|||M|||50|,,,,,Water]Gholdengo||IronPlate|GoodasGold|MakeItRain,ShadowBall,NastyPlot,Protect||||||50|,,,,,Flying]Incineroar||SitrusBerry|Intimidate|FlareBlitz,KnockOff,FakeOut,PartingShot|||M|||50|,,,,,Ghost
|showteam|p2|Dondozo||Leftovers|Unaware|WaveCrash,Earthquake,OrderUp,Protect|||M|||50|,,,,,Grass]Tatsugiri||ChoiceScarf|Commander|DracoMeteor,MuddyWater,IcyWind,SleepTalk|||F|||50|,,,,,Steel]Indeedee||FocusSash|PsychicSurge|ExpandingForce,TeraBlast,TrickRoom,Imprison|||M|||50|,,,,,Psychic]Sneasler||PsychicSeed|Unburden|DireClaw,ThroatChop,CloseCombat,Protect|||F|||50|,,,,,Stellar]Ursaluna-Bloodmoon||LifeOrb|MindsEye|HyperVoice,BloodMoon,EarthPower,Protect|||M|||50|,,,,,Normal]Whimsicott||CovertCloak|Prankster|Tailwind,HelpingHand,Moonblast,Encore|||M|||50|,,,,,Water
|inactive|Battle timer is ON: inactive players will automatically lose when time's up. (requested by kyoshi44)
|inactive|kyoshi44 has 60 seconds left.
|
|t:|1757838849
|teamsize|p1|4
|teamsize|p2|4
|start
|switch|p1a: Hydreigon|Hydreigon, L50, M|100/100
|switch|p1b: Garchomp|Garchomp, L50, F|100/100
|switch|p2a: Ursaluna|Ursaluna-Bloodmoon, L50, M|100/100
|switch|p2b: Whimsicott|Whimsicott, L50, M|100/100
|turn|1
|inactive|kyoshi44 has 30 seconds left.
|
|t:|1757838878
|switch|p1a: Gholdengo|Gholdengo, L50|100/100
|move|p1b: Garchomp|Protect|p1b: Garchomp
|-singleturn|p1b: Garchomp|Protect
|move|p2b: Whimsicott|Tailwind|p2b: Whimsicott
|-sidestart|p2: nicodemus3|move: Tailwind
|move|p2a: Ursaluna|Hyper Voice|p1a: Gholdengo|[spread] p1a
|-activate|p1b: Garchomp|move: Protect
|-resisted|p1a: Gholdengo
|-damage|p1a: Gholdengo|76/100
|-damage|p2a: Ursaluna|91/100|[from] item: Life Orb
|
|upkeep
|turn|2
|
|t:|1757838896
|switch|p1b: Amoonguss|Amoonguss, L50, M|100/100
|move|p1a: Gholdengo|Protect|p1a: Gholdengo
|-singleturn|p1a: Gholdengo|Protect
|move|p2b: Whimsicott|Moonblast|p1b: Amoonguss
|-resisted|p1b: Amoonguss
|-damage|p1b: Amoonguss|91/100
|move|p2a: Ursaluna|Hyper Voice|p1b: Amoonguss|[spread] p1b
|-activate|p1a: Gholdengo|move: Protect
|-damage|p1b: Amoonguss|57/100
|-damage|p2a: Ursaluna|81/100|[from] item: Life Orb
|
|upkeep
|turn|3
|inactive|kyoshi44 has 30 seconds left.
|
|t:|1757838922
|move|p2b: Whimsicott|Helping Hand|p2a: Ursaluna
|-singleturn|p2a: Ursaluna|Helping Hand|[of] p2b: Whimsicott
|move|p1b: Amoonguss|Rage Powder|p1b: Amoonguss
|-singleturn|p1b: Amoonguss|move: Rage Powder
|move|p2a: Ursaluna|Blood Moon|p1b: Amoonguss
|-damage|p1b: Amoonguss|0 fnt
|faint|p1b: Amoonguss
|-damage|p2a: Ursaluna|72/100|[from] item: Life Orb
|move|p1a: Gholdengo|Make It Rain|p2b: Whimsicott|[spread] p2a,p2b
|-supereffective|p2b: Whimsicott
|-damage|p2a: Ursaluna|0 fnt
|-damage|p2b: Whimsicott|0 fnt
|-unboost|p1a: Gholdengo|spa|1
|faint|p2a: Ursaluna
|faint|p2b: Whimsicott
|
|upkeep
|
|t:|1757838940
|switch|p2b: Tatsugiri|Tatsugiri, L50, F|100/100
|switch|p2a: Dondozo|Dondozo, L50, M|100/100
|switch|p1b: Hydreigon|Hydreigon, L50, M|100/100
|-activate|p2b: Tatsugiri|ability: Commander|[of] p2a: Dondozo
|-boost|p2a: Dondozo|atk|2
|-boost|p2a: Dondozo|spa|2
|-boost|p2a: Dondozo|spe|2
|-boost|p2a: Dondozo|def|2
|-boost|p2a: Dondozo|spd|2
|turn|4
|
|t:|1757838954
|switch|p1a: Garchomp|Garchomp, L50, F|100/100
|move|p2a: Dondozo|Order Up|p1b: Hydreigon
|-supereffective|p1b: Hydreigon
|-damage|p1b: Hydreigon|10/100
|-boost|p2a: Dondozo|atk|1
|move|p1b: Hydreigon|Draco Meteor|p2a: Dondozo
|-damage|p2a: Dondozo|74/100
|-unboost|p1b: Hydreigon|spa|2
|
|-heal|p2a: Dondozo|80/100|[from] item: Leftovers
|-sideend|p2: nicodemus3|move: Tailwind
|upkeep
|turn|5
|
|t:|1757838979
|switch|p1b: Gholdengo|Gholdengo, L50|76/100
|move|p1a: Garchomp|Protect|p1a: Garchomp
|-singleturn|p1a: Garchomp|Protect
|move|p2a: Dondozo|Order Up|p1a: Garchomp
|-activate|p1a: Garchomp|move: Protect
|
|-heal|p2a: Dondozo|86/100|[from] item: Leftovers
|upkeep
|turn|6
|
|t:|1757838999
|switch|p1a: Hydreigon|Hydreigon, L50, M|10/100
|move|p2a: Dondozo|Earthquake|p1a: Hydreigon|[spread] p1b
|-miss|p2a: Dondozo|p2b: Tatsugiri
|-immune|p1a: Hydreigon|[from] ability: Levitate
|-supereffective|p1b: Gholdengo
|-damage|p1b: Gholdengo|0 fnt
|faint|p1b: Gholdengo
|
|-heal|p2a: Dondozo|92/100|[from] item: Leftovers
|upkeep
|
|t:|1757839009
|switch|p1b: Garchomp|Garchomp, L50, F|100/100
|turn|7
|
|t:|1757839016
|move|p2a: Dondozo|Order Up|p1a: Hydreigon
|-supereffective|p1a: Hydreigon
|-damage|p1a: Hydreigon|0 fnt
|faint|p1a: Hydreigon
|-boost|p2a: Dondozo|atk|1
|move|p1b: Garchomp|Earthquake|p2b: Tatsugiri|[spread] p2a
|-miss|p1b: Garchomp|p2b: Tatsugiri
|-damage|p2a: Dondozo|79/100
|
|-heal|p2a: Dondozo|85/100|[from] item: Leftovers
|upkeep
|turn|8
|-message|kyoshi44 forfeited.
|
|win|nicodemus3
|l|☆kyoshi44
|player|p1|
||nicodemus3 is ready for game 2.
||kyoshi44 is ready for game 2.
|uhtml|next|Next: Game 2 of 3
|l|☆nicodemus3
|player|p2|
