|j|☆LorGhez
|j|‽Sora hoshino
|html|LorGhezSora hoshino    
|uhtml|bestof|Game 2 of a best-of-3
|t:|1782423926
|gametype|doubles
|player|p1|LorGhez|169|1032
|player|p2|Sora hoshino|170|1019
|gen|9
|tier|[Gen 9 Champions] VGC 2026 Reg M-B (Bo3)
|rated|
|rule|Species Clause: Limit one of each Pokémon
|rule|Item Clause: Limit 1 of each item
|clearpoke
|poke|p1|Sceptile, L50, M|
|poke|p1|Tinkaton, L50, F|
|poke|p1|Rotom-Wash, L50|
|poke|p1|Aerodactyl, L50, F|
|poke|p1|Gyarados, L50, M|
|poke|p1|Kingambit, L50, F|
|poke|p2|Milotic, L50, F, shiny|
|poke|p2|Pelipper, L50, F, shiny|
|poke|p2|Sylveon, L50, F, shiny|
|poke|p2|Jolteon, L50, F, shiny|
|poke|p2|Sceptile, L50, F, shiny|
|poke|p2|Sneasler, L50, F, shiny|
|teampreview|4
|showteam|p1|Sceptile||Sceptilite|Overgrow|Protect,GrassKnot,DragonPulse,EarthPower|Timid||M|||50|]Tinkaton||FocusSash|MoldBreaker|Protect,FakeOut,GigatonHammer,PlayRough|Adamant||F|||50|]Rotom-Wash||ChoiceScarf|Levitate|WillOWisp,Discharge,HydroPump,LightScreen|Timid|||||50|]Aerodactyl||Aerodactylite|RockHead|Protect,Tailwind,RockSlide,DualWingbeat|Jolly||F|||50|]Gyarados||ExpertBelt|Intimidate|Protect,DragonCheer,Waterfall,TemperFlare|Jolly||M|||50|]Kingambit||ChopleBerry|Defiant|Protect,SuckerPunch,KowtowCleave,IronHead|Adamant||F|||50|
|showteam|p2|Milotic||Leftovers|Competitive|IceBeam,Scald,Recover,Protect|Bold||F|||50|]Pelipper||FocusSash|Drizzle|Hurricane,Protect,Tailwind,WeatherBall|Bold||F|||50|]Sylveon||FairyFeather|Pixilate|HyperBeam,Detect,HyperVoice,CalmMind|Modest||F|||50|]Jolteon||LifeOrb|VoltAbsorb|Detect,VoltSwitch,Discharge,QuickAttack|Timid||F|||50|]Sceptile||Sceptilite|Unburden|DragonPulse,EarthPower,GigaDrain,Protect|Modest||F|||50|]Sneasler||WhiteHerb|Unburden|CloseCombat,DireClaw,Protect,FakeOut|Adamant||F|||50|
|inactive|Battle timer is ON: inactive players will automatically lose when time's up. (requested by LorGhez)
|inactive|LorGhez has 60 seconds left.
|
|t:|1782423966
|teamsize|p1|4
|teamsize|p2|4
|start
|switch|p1a: Sceptile|Sceptile, L50, M|100/100
|switch|p1b: Rotom|Rotom-Wash, L50|100/100
|switch|p2a: Sylveon|Sylveon, L50, F, shiny|100/100
|switch|p2b: Jolteon|Jolteon, L50, F, shiny|100/100
|turn|1
|inactive|LorGhez has 30 seconds left.
|inactive|LorGhez has 20 seconds left.
|inactive|LorGhez has 15 seconds left.
|inactive|LorGhez has 10 seconds left.
|inactive|LorGhez has 5 seconds left.
|
|t:|1782424017
|detailschange|p1a: Sceptile|Sceptile-Mega, L50, M
|-mega|p1a: Sceptile|Sceptile|Sceptilite
|move|p2b: Jolteon|Detect|p2b: Jolteon
|-singleturn|p2b: Jolteon|Protect
|move|p1b: Rotom|Discharge|p2b: Jolteon|[spread] p2a
|-activate|p2b: Jolteon|move: Protect
|-ability|p1a: Sceptile|Lightning Rod|boost
|-boost|p1a: Sceptile|spa|1
|-damage|p2a: Sylveon|83/100
|move|p1a: Sceptile|Earth Power|p2a: Sylveon
|-damage|p2a: Sylveon|51/100
|move|p2a: Sylveon|Hyper Beam|p1b: Rotom
|-damage|p1b: Rotom|5/100
|-mustrecharge|p2a: Sylveon
|
|upkeep
|turn|2
|inactive|LorGhez has 30 seconds left.
|inactive|LorGhez has 20 seconds left.
|inactive|LorGhez has 15 seconds left.
|inactive|LorGhez has 10 seconds left.
|
|t:|1782424065
|move|p2b: Jolteon|Quick Attack|p1b: Rotom
|-damage|p1b: Rotom|0 fnt
|faint|p1b: Rotom
|-damage|p2b: Jolteon|90/100|[from] item: Life Orb
|move|p1a: Sceptile|Earth Power|p2a: Sylveon
|-damage|p2a: Sylveon|22/100
|-unboost|p2a: Sylveon|spd|1
|cant|p2a: Sylveon|recharge
|
|upkeep
|
|t:|1782424076
|switch|p1b: Kingambit|Kingambit, L50, F|100/100
|turn|3
|
|t:|1782424098
|switch|p2b: Sceptile|Sceptile, L50, F, shiny|100/100
|move|p2a: Sylveon|Detect|p2a: Sylveon
|-singleturn|p2a: Sylveon|Protect
|move|p1b: Kingambit|Sucker Punch||[still]
|-fail|p1b: Kingambit
|move|p1a: Sceptile|Grass Knot|p2b: Sceptile
|-resisted|p2b: Sceptile|1
|-damage|p2b: Sceptile|57/100
|
|upkeep
|turn|4
|
|t:|1782424114
|detailschange|p2b: Sceptile|Sceptile-Mega, L50, F, shiny
|-mega|p2b: Sceptile|Sceptile|Sceptilite
|move|p2b: Sceptile|Protect|p2b: Sceptile
|-singleturn|p2b: Sceptile|Protect
|move|p1b: Kingambit|Sucker Punch|p2a: Sylveon
|-resisted|p2a: Sylveon|1
|-damage|p2a: Sylveon|5/100
|move|p1a: Sceptile|Dragon Pulse|p2b: Sceptile
|-activate|p2b: Sceptile|move: Protect
|move|p2a: Sylveon|Hyper Beam|p1a: Sceptile|[miss]
|-miss|p2a: Sylveon|p1a: Sceptile
|
|upkeep
|turn|5
|inactive|LorGhez has 30 seconds left.
|
|t:|1782424142
|switch|p2b: Jolteon|Jolteon, L50, F, shiny|90/100
|move|p2a: Sylveon|Detect|p2a: Sylveon
|-singleturn|p2a: Sylveon|Protect
|move|p1b: Kingambit|Sucker Punch||[still]
|-fail|p1b: Kingambit
|move|p1a: Sceptile|Dragon Pulse|p2b: Jolteon
|-damage|p2b: Jolteon|7/100
|
|upkeep
|turn|6
|
|t:|1782424164
|move|p2b: Jolteon|Detect|p2b: Jolteon
|-singleturn|p2b: Jolteon|Protect
|move|p1b: Kingambit|Sucker Punch||[still]
|-fail|p1b: Kingambit
|move|p1a: Sceptile|Dragon Pulse|p2b: Jolteon
|-activate|p2b: Jolteon|move: Protect
|move|p2a: Sylveon|Calm Mind|p2a: Sylveon
|-boost|p2a: Sylveon|spa|1
|-boost|p2a: Sylveon|spd|1
|
|upkeep
|turn|7
|
|t:|1782424188
|move|p2a: Sylveon|Detect|p2a: Sylveon
|-singleturn|p2a: Sylveon|Protect
|move|p2b: Jolteon|Quick Attack|p1b: Kingambit
|-resisted|p1b: Kingambit|1
|-damage|p1b: Kingambit|97/100
|-damage|p2b: Jolteon|0 fnt|[from] item: Life Orb
|faint|p2b: Jolteon
|move|p1b: Kingambit|Sucker Punch||[still]
|-fail|p1b: Kingambit
|move|p1a: Sceptile|Dragon Pulse|p2a: Sylveon
|-activate|p2a: Sylveon|move: Protect
|
|upkeep
|
|t:|1782424199
|switch|p2b: Sneasler|Sneasler, L50, F, shiny|100/100
|turn|8
|
|t:|1782424214
|switch|p1b: Tinkaton|Tinkaton, L50, F|100/100
|-ability|p1b: Tinkaton|Mold Breaker
|move|p1a: Sceptile|Protect|p1a: Sceptile
|-singleturn|p1a: Sceptile|Protect
|move|p2b: Sneasler|Fake Out|p1b: Tinkaton
|-resisted|p1b: Tinkaton|1
|-crit|p1b: Tinkaton
|-damage|p1b: Tinkaton|82/100
|move|p2a: Sylveon|Hyper Beam|p1a: Sceptile
|-activate|p1a: Sceptile|move: Protect
|
|upkeep
|turn|9
|inactive|LorGhez has 30 seconds left.
|
|t:|1782424242
|move|p2b: Sneasler|Protect|p2b: Sneasler
|-singleturn|p2b: Sneasler|Protect
|move|p2a: Sylveon|Detect|p2a: Sylveon
|-singleturn|p2a: Sylveon|Protect
|move|p1b: Tinkaton|Fake Out|p2a: Sylveon
|-activate|p2a: Sylveon|move: Protect
|move|p1a: Sceptile|Earth Power|p2b: Sneasler
|-activate|p2b: Sneasler|move: Protect
|
|upkeep
|turn|10
|
|t:|1782424261
|move|p1a: Sceptile|Earth Power|p2b: Sneasler
|-supereffective|p2b: Sneasler|1
|-damage|p2b: Sneasler|0 fnt
|faint|p2b: Sneasler
|move|p1b: Tinkaton|Gigaton Hammer|p2a: Sylveon
|-supereffective|p2a: Sylveon|1
|-damage|p2a: Sylveon|0 fnt
|faint|p2a: Sylveon
|
|upkeep
|-message|Sora hoshino forfeited.
|
|win|LorGhez
|raw|LorGhez's rating: 1032 → 1066(+34 for winning)
|raw|Sora hoshino's rating: 1019 → 1007(-12 for losing)
|l|‽Sora hoshino
|player|p2|
