|j|☆emb3rrr
|j|☆SHOMA_WIN
|html|emb3rrrSHOMA_WIN    
|uhtml|bestof|Game 1 of a best-of-3
|t:|1782222853
|gametype|doubles
|player|p1|emb3rrr|caitlin|1209
|player|p2|SHOMA_WIN|scientist|1278
|gen|9
|tier|[Gen 9 Champions] VGC 2026 Reg M-B (Bo3)
|rated|
|rule|Species Clause: Limit one of each Pokémon
|rule|Item Clause: Limit 1 of each item
|clearpoke
|poke|p1|Pyroar, L50, F|
|poke|p1|Torkoal, L50, M|
|poke|p1|Venusaur, L50, M|
|poke|p1|Garchomp, L50, M|
|poke|p1|Aerodactyl, L50, M|
|poke|p1|Basculegion, L50, M|
|poke|p2|Charizard, L50, M|
|poke|p2|Whimsicott, L50, F|
|poke|p2|Floette-Eternal, L50, F|
|poke|p2|Kingambit, L50, F|
|poke|p2|Basculegion, L50, M|
|poke|p2|Garchomp, L50, M|
|teampreview|4
|showteam|p1|Pyroar||Pyroarite|Unnerve|HeatWave,Overheat,SolarBeam,Protect|Modest||F|||50|]Torkoal||HeatRock|Drought|HeatWave,HelpingHand,Yawn,Protect|Relaxed||M|||50|]Venusaur||FocusSash|Chlorophyll|LeafStorm,SludgeBomb,SleepPowder,Protect|Modest||M|||50|]Garchomp||LifeOrb|RoughSkin|StompingTantrum,RockSlide,DragonClaw,Protect|Jolly||M|||50|]Aerodactyl||Aerodactylite|Unnerve|RockSlide,IceFang,DualWingbeat,Tailwind|Jolly||M|||50|]Basculegion||MuscleBand|Adaptability|WaveCrash,AquaJet,LastRespects,Protect|Adamant||M|||50|
|showteam|p2|Charizard||CharizarditeY|Blaze|HeatWave,WeatherBall,SolarBeam,Protect|Modest||M|||50|]Whimsicott||FocusSash|Prankster|Moonblast,Tailwind,Encore,Protect|Timid||F|||50|]Floette-Eternal||Floettite|FlowerVeil|Moonblast,DazzlingGleam,LightofRuin,Protect|Timid||F|||50|]Kingambit||BlackGlasses|Defiant|KowtowCleave,SuckerPunch,IronHead,Protect|Adamant||F|||50|]Basculegion||MysticWater|Adaptability|WaveCrash,LastRespects,AquaJet,Protect|Adamant||M|||50|]Garchomp||LifeOrb|RoughSkin|Earthquake,DragonClaw,RockSlide,Protect|Jolly||M|||50|
|inactive|Battle timer is ON: inactive players will automatically lose when time's up. (requested by emb3rrr)
|inactive|emb3rrr has 60 seconds left.
|inactive|SHOMA_WIN has 60 seconds left.
|
|t:|1782222909
|teamsize|p1|4
|teamsize|p2|4
|start
|switch|p1a: Pyroar|Pyroar, L50, F|100/100
|switch|p1b: Aerodactyl|Aerodactyl, L50, M|100/100
|switch|p2a: Kingambit|Kingambit, L50, F|100/100
|switch|p2b: Basculegion|Basculegion, L50, M|100/100
|-ability|p1b: Aerodactyl|Unnerve
|-ability|p1a: Pyroar|Unnerve
|turn|1
|
|t:|1782222928
|switch|p1b: Torkoal|Torkoal, L50, M|100/100
|-weather|SunnyDay|[from] ability: Drought|[of] p1b: Torkoal
|detailschange|p1a: Pyroar|Pyroar-Mega, L50, F
|-mega|p1a: Pyroar|Pyroar|Pyroarite
|move|p2b: Basculegion|Aqua Jet|p1a: Pyroar
|-supereffective|p1a: Pyroar|1
|-damage|p1a: Pyroar|60/100
|move|p2a: Kingambit|Sucker Punch|p1a: Pyroar
|-damage|p1a: Pyroar|0 fnt
|faint|p1a: Pyroar
|
|-weather|SunnyDay|[upkeep]
|upkeep
|
|t:|1782222947
|switch|p1a: Venusaur|Venusaur, L50, M|100/100
|turn|2
|inactive|SHOMA_WIN has 30 seconds left.
|
|t:|1782222974
|move|p2b: Basculegion|Protect|p2b: Basculegion
|-singleturn|p2b: Basculegion|Protect
|move|p1a: Venusaur|Leaf Storm|p2b: Basculegion
|-activate|p2b: Basculegion|move: Protect
|move|p2a: Kingambit|Kowtow Cleave|p1a: Venusaur
|-damage|p1a: Venusaur|15/100
|move|p1b: Torkoal|Heat Wave|p2b: Basculegion|[spread] p2a
|-activate|p2b: Basculegion|move: Protect
|-supereffective|p2a: Kingambit|1
|-damage|p2a: Kingambit|21/100
|
|-weather|SunnyDay|[upkeep]
|upkeep
|turn|3
|
|t:|1782222992
|move|p2a: Kingambit|Sucker Punch||[still]
|-fail|p2a: Kingambit
|move|p1a: Venusaur|Sleep Powder|p2b: Basculegion
|-status|p2b: Basculegion|slp|[from] move: Sleep Powder
|cant|p2b: Basculegion|slp
|move|p1b: Torkoal|Heat Wave|p2a: Kingambit|[spread] p2b
|-miss|p1b: Torkoal|p2a: Kingambit
|-resisted|p2b: Basculegion|1
|-damage|p2b: Basculegion|82/100 slp
|
|-weather|SunnyDay|[upkeep]
|upkeep
|turn|4
|
|t:|1782223005
|move|p2a: Kingambit|Sucker Punch||[still]
|-fail|p2a: Kingambit
|move|p1a: Venusaur|Sleep Powder|p2a: Kingambit
|-status|p2a: Kingambit|slp|[from] move: Sleep Powder
|cant|p2b: Basculegion|slp
|move|p1b: Torkoal|Heat Wave|p2b: Basculegion|[spread] p2a,p2b
|-supereffective|p2a: Kingambit|1
|-resisted|p2b: Basculegion|1
|-damage|p2a: Kingambit|0 fnt
|-damage|p2b: Basculegion|65/100 slp
|faint|p2a: Kingambit
|
|-weather|SunnyDay|[upkeep]
|upkeep
|
|t:|1782223019
|switch|p2a: Whimsicott|Whimsicott, L50, F|100/100
|turn|5
|
|t:|1782223032
|-curestatus|p2b: Basculegion|slp|[msg]
|move|p2b: Basculegion|Protect|p2b: Basculegion
|-singleturn|p2b: Basculegion|Protect
|move|p1a: Venusaur|Leaf Storm|p2b: Basculegion
|-activate|p2b: Basculegion|move: Protect
|move|p2a: Whimsicott|Moonblast|p1a: Venusaur
|-resisted|p1a: Venusaur|1
|-damage|p1a: Venusaur|0 fnt
|faint|p1a: Venusaur
|move|p1b: Torkoal|Heat Wave|p2b: Basculegion|[spread] p2a
|-activate|p2b: Basculegion|move: Protect
|-supereffective|p2a: Whimsicott|1
|-enditem|p2a: Whimsicott|Focus Sash
|-damage|p2a: Whimsicott|1/100
|
|-weather|SunnyDay|[upkeep]
|upkeep
|
|t:|1782223047
|switch|p1a: Aerodactyl|Aerodactyl, L50, M|100/100
|-ability|p1a: Aerodactyl|Unnerve
|turn|6
|
|t:|1782223059
|move|p2a: Whimsicott|Tailwind|p2a: Whimsicott
|-sidestart|p2: SHOMA_WIN|move: Tailwind
|move|p2b: Basculegion|Wave Crash|p1a: Aerodactyl
|-supereffective|p1a: Aerodactyl|1
|-damage|p1a: Aerodactyl|0 fnt
|faint|p1a: Aerodactyl
|-damage|p2b: Basculegion|37/100|[from] Recoil
|move|p1b: Torkoal|Yawn|p2b: Basculegion
|-start|p2b: Basculegion|move: Yawn|[of] p1b: Torkoal
|
|-weather|SunnyDay|[upkeep]
|upkeep
|turn|7
|inactive|SHOMA_WIN has 30 seconds left.
|
|t:|1782223085
|switch|p2b: Floette|Floette-Eternal, L50, F|100/100
|move|p2a: Whimsicott|Encore|p1b: Torkoal
|-start|p1b: Torkoal|Encore
|move|p1b: Torkoal|Yawn|p2a: Whimsicott
|-block|p2a: Whimsicott|ability: Flower Veil|[of] p2b: Floette
|
|-weather|SunnyDay|[upkeep]
|upkeep
|turn|8
|
|t:|1782223095
|detailschange|p2b: Floette|Floette-Mega, L50, F
|-mega|p2b: Floette|Floette|Floettite
|-ability|p2b: Floette|Fairy Aura
|move|p2a: Whimsicott|Moonblast|p1b: Torkoal
|-resisted|p1b: Torkoal|1
|-damage|p1b: Torkoal|76/100
|move|p2b: Floette|Moonblast|p1b: Torkoal
|-resisted|p1b: Torkoal|1
|-damage|p1b: Torkoal|38/100
|move|p1b: Torkoal|Yawn|p2b: Floette
|-start|p2b: Floette|move: Yawn|[of] p1b: Torkoal
|
|-weather|none
|upkeep
|turn|9
|inactive|SHOMA_WIN has 30 seconds left.
|
|t:|1782223123
|move|p2a: Whimsicott|Moonblast|p1b: Torkoal
|-resisted|p1b: Torkoal|1
|-crit|p1b: Torkoal
|-damage|p1b: Torkoal|1/100
|move|p2b: Floette|Moonblast|p1b: Torkoal
|-resisted|p1b: Torkoal|1
|-damage|p1b: Torkoal|0 fnt
|faint|p1b: Torkoal
|
|win|SHOMA_WIN
