|j|‽Fakedomrilla
|j|☆rafaah_09
|html|Fakedomrillarafaah_09    
|uhtml|bestof|Game 1 of a best-of-3
|t:|1756615207
|gametype|doubles
|player|p1|Fakedomrilla|red|1023
|player|p2|rafaah_09|265|1046
|gen|9
|tier|[Gen 9] VGC 2025 Reg H (Bo3)
|rated|
|rule|Species Clause: Limit one of each Pokémon
|rule|Item Clause: Limit 1 of each item
|clearpoke
|poke|p1|Palafin, L50, M|
|poke|p1|Ursaluna-Bloodmoon, L50, M|
|poke|p1|Pelipper, L50, M|
|poke|p1|Archaludon, L50, F|
|poke|p1|Armarouge, L50, M|
|poke|p1|Indeedee-F, L50, F|
|poke|p2|Delphox, L50, F|
|poke|p2|Indeedee-F, L50, F|
|poke|p2|Gholdengo, L50|
|poke|p2|Sneasler, L50, F|
|poke|p2|Murkrow, L50, M|
|poke|p2|Ursaluna, L50, F|
|teampreview|4
|showteam|p1|Palafin||MysticWater|ZerotoHero|FlipTurn,JetPunch,WaveCrash,Protect|||M|||50|,,,,,Water]Ursaluna-Bloodmoon||LifeOrb|MindsEye|BloodMoon,HyperVoice,EarthPower,Protect|||M|||50|,,,,,Normal]Pelipper||RockyHelmet|Drizzle|WeatherBall,Hurricane,Uturn,Protect|||M|||50|,,,,,Grass]Archaludon||AssaultVest|Stamina|ElectroShot,BodyPress,DragonPulse,Snarl|||F|||50|,,,,,Flying]Armarouge||PowerHerb|FlashFire|ExpandingForce,MeteorBeam,ArmorCannon,Protect|||M|||50|,,,,,Grass]Indeedee-F||SitrusBerry|PsychicSurge|FollowMe,TrickRoom,Psychic,Protect|||F|||50|,,,,,Grass
|showteam|p2|Delphox||ChoiceSpecs|Blaze|ExpandingForce,HeatWave,TeraBlast,DazzlingGleam|||F|||50|,,,,,Fighting]Indeedee-F||SafetyGoggles|PsychicSurge|FollowMe,TrickRoom,HelpingHand,Psychic|||F|||50|,,,,,Fairy]Gholdengo||LifeOrb|GoodasGold|MakeItRain,ShadowBall,NastyPlot,Protect||||||50|,,,,,Steel]Sneasler||FocusSash|Unburden|FakeOut,CloseCombat,DireClaw,Protect|||F|||50|,,,,,Dark]Murkrow||Eviolite|Insomnia|Tailwind,SunnyDay,FoulPlay,Haze|||M|||50|,,,,,Ghost]Ursaluna||FlameOrb|Guts|Facade,HeadlongRush,Earthquake,Protect|||F|||50|,,,,,Ghost
|inactive|Battle timer is ON: inactive players will automatically lose when time's up. (requested by Fakedomrilla)
|
|t:|1756615313
|teamsize|p1|4
|teamsize|p2|4
|start
|switch|p1a: Pelipper|Pelipper, L50, M|100/100
|switch|p1b: Palafin|Palafin, L50, M|100/100
|switch|p2a: Delphox|Delphox, L50, F, shiny|100/100
|switch|p2b: Sneasler|Sneasler, L50, F|100/100
|-weather|RainDance|[from] ability: Drizzle|[of] p1a: Pelipper
|turn|1
|inactive|Fakedomrilla has 30 seconds left.
|inactive|rafaah_09 has 30 seconds left.
|inactive|rafaah_09 has 20 seconds left.
|inactive|rafaah_09 has 15 seconds left.
|
|t:|1756615356
|switch|p2b: Indeedee|Indeedee-F, L50, F|100/100
|-fieldstart|move: Psychic Terrain|[from] ability: Psychic Surge|[of] p2b: Indeedee
|detailschange|p1b: Palafin|Palafin-Hero, L50, M
|switch|p1b: Archaludon|Archaludon, L50, F|100/100
|-terastallize|p2a: Delphox|Fighting
|move|p1a: Pelipper|Protect|p1a: Pelipper
|-singleturn|p1a: Pelipper|Protect
|move|p2a: Delphox|Expanding Force|p1a: Pelipper|[spread] p1b
|-activate|p1a: Pelipper|move: Protect
|-resisted|p1b: Archaludon
|-damage|p1b: Archaludon|73/100
|-ability|p1b: Archaludon|Stamina|boost
|-boost|p1b: Archaludon|def|1
|
|-weather|RainDance|[upkeep]
|upkeep
|turn|2
|inactive|rafaah_09 has 30 seconds left.
|inactive|rafaah_09 has 20 seconds left.
|inactive|Fakedomrilla has 30 seconds left.
|inactive|rafaah_09 has 15 seconds left.
|
|t:|1756615403
|move|p2b: Indeedee|Helping Hand|p2a: Delphox
|-singleturn|p2a: Delphox|Helping Hand|[of] p2b: Indeedee
|move|p2a: Delphox|Expanding Force|p1b: Archaludon|[spread] p1a,p1b
|-resisted|p1b: Archaludon
|-crit|p1b: Archaludon
|-damage|p1a: Pelipper|0 fnt
|-damage|p1b: Archaludon|12/100
|-ability|p1b: Archaludon|Stamina|boost
|-boost|p1b: Archaludon|def|1
|faint|p1a: Pelipper
|move|p1b: Archaludon|Snarl|p2b: Indeedee|[spread] p2a,p2b
|-resisted|p2a: Delphox
|-supereffective|p2b: Indeedee
|-damage|p2a: Delphox|93/100
|-damage|p2b: Indeedee|77/100
|-unboost|p2a: Delphox|spa|1
|-unboost|p2b: Indeedee|spa|1
|
|-weather|RainDance|[upkeep]
|upkeep
|
|t:|1756615414
|switch|p1a: Armarouge|Armarouge, L50, M|100/100
|turn|3
|
|t:|1756615432
|move|p2b: Indeedee|Helping Hand|p2a: Delphox
|-singleturn|p2a: Delphox|Helping Hand|[of] p2b: Indeedee
|move|p2a: Delphox|Expanding Force|p1a: Armarouge|[spread] p1a,p1b
|-resisted|p1a: Armarouge
|-resisted|p1b: Archaludon
|-crit|p1b: Archaludon
|-damage|p1a: Armarouge|57/100
|-damage|p1b: Archaludon|0 fnt
|faint|p1b: Archaludon
|move|p1a: Armarouge|Expanding Force|p2a: Delphox|[spread] p2a,p2b
|-supereffective|p2a: Delphox
|-resisted|p2b: Indeedee
|-damage|p2a: Delphox|0 fnt
|-damage|p2b: Indeedee|48/100
|faint|p2a: Delphox
|
|-weather|RainDance|[upkeep]
|upkeep
|
|t:|1756615448
|switch|p2a: Ursaluna|Ursaluna, L50, F, shiny|100/100
|switch|p1b: Palafin|Palafin-Hero, L50, M|100/100
|-activate|p1b: Palafin|ability: Zero to Hero
|turn|4
|inactive|rafaah_09 has 30 seconds left.
|
|t:|1756615483
|move|p2a: Ursaluna|Protect|p2a: Ursaluna
|-singleturn|p2a: Ursaluna|Protect
|move|p1b: Palafin|Flip Turn|p2b: Indeedee
|-damage|p2b: Indeedee|0 fnt
|faint|p2b: Indeedee
|move|p1a: Armarouge|Expanding Force|p2a: Ursaluna
|-activate|p2a: Ursaluna|move: Protect
|
|-weather|RainDance|[upkeep]
|-status|p2a: Ursaluna|brn|[from] item: Flame Orb
|upkeep
|
|t:|1756615492
|switch|p2b: Sneasler|Sneasler, L50, F|100/100
|turn|5
|
|t:|1756615513
|move|p2b: Sneasler|Protect|p2b: Sneasler
|-singleturn|p2b: Sneasler|Protect
|move|p2a: Ursaluna|Protect|p2a: Ursaluna
|-singleturn|p2a: Ursaluna|Protect
|move|p1b: Palafin|Wave Crash|p2a: Ursaluna
|-activate|p2a: Ursaluna|move: Protect
|move|p1a: Armarouge|Expanding Force|p2a: Ursaluna|[spread] 
|-activate|p2a: Ursaluna|move: Protect
|-activate|p2b: Sneasler|move: Protect
|
|-weather|none
|-damage|p2a: Ursaluna|95/100 brn|[from] brn
|-fieldend|move: Psychic Terrain
|upkeep
|turn|6
|inactive|Fakedomrilla has 30 seconds left.
|inactive|rafaah_09 has 30 seconds left.
|inactive|rafaah_09 has 20 seconds left.
|inactive|rafaah_09 has 15 seconds left.
|
|t:|1756615555
|-terastallize|p1b: Palafin|Water
|move|p2b: Sneasler|Dire Claw|p1b: Palafin
|-damage|p1b: Palafin|61/100
|move|p1b: Palafin|Wave Crash|p2a: Ursaluna
|-supereffective|p2a: Ursaluna
|-damage|p2a: Ursaluna|0 fnt
|faint|p2a: Ursaluna
|-damage|p1b: Palafin|29/100|[from] Recoil
|move|p1a: Armarouge|Expanding Force|p2b: Sneasler
|-supereffective|p2b: Sneasler
|-enditem|p2b: Sneasler|Focus Sash
|-damage|p2b: Sneasler|1/100
|
|upkeep
|turn|7
|
|t:|1756615577
|move|p1b: Palafin|Jet Punch|p2b: Sneasler
|-damage|p2b: Sneasler|0 fnt
|faint|p2b: Sneasler
|
|win|Fakedomrilla
||Fakedomrilla is ready for game 2.
|inactive|rafaah_09 has 30 seconds to confirm battle start!
||rafaah_09 is ready for game 2.
|uhtml|next|Next: Game 2 of 3
