|j|☆boober_magmar
|j|☆MrTedno
|html|boober_magmarMrTedno    
|uhtml|bestof|Game 2 of a best-of-3
|t:|1756900775
|gametype|doubles
|player|p1|boober_magmar|gambler|1250
|player|p2|MrTedno|barry|1217
|gen|9
|tier|[Gen 9] VGC 2025 Reg H (Bo3)
|rated|
|rule|Species Clause: Limit one of each Pokémon
|rule|Item Clause: Limit 1 of each item
|clearpoke
|poke|p1|Dragonite, L50, F|
|poke|p1|Annihilape, L50, M|
|poke|p1|Incineroar, L50, F|
|poke|p1|Gholdengo, L50|
|poke|p1|Porygon2, L50|
|poke|p1|Ursaluna, L50, F|
|poke|p2|Ninetales-Alola, L50, F|
|poke|p2|Garchomp, L50, F|
|poke|p2|Dragonite, L50, M|
|poke|p2|Incineroar, L50, F|
|poke|p2|Gholdengo, L50|
|poke|p2|Farigiraf, L50, F|
|teampreview|4
|showteam|p1|Dragonite||LoadedDice|Multiscale|ScaleShot,IronHead,Tailwind,Protect|||F|||50|,,,,,Steel]Annihilape||FocusSash|Defiant|RageFist,CloseCombat,Taunt,Protect|||M|||50|,,,,,Stellar]Incineroar||SafetyGoggles|Intimidate|FakeOut,KnockOff,FlareBlitz,PartingShot|||F|||50|,,,,,Ghost]Gholdengo||LifeOrb|GoodasGold|ShadowBall,MakeItRain,NastyPlot,Protect||||||50|,,,,,Water]Porygon2||Eviolite|Download|TeraBlast,IceBeam,TrickRoom,Recover||||||50|,,,,,Flying]Ursaluna||FlameOrb|Guts|Facade,Earthquake,HeadlongRush,Protect|||F|||50|,,,,,Ghost
|showteam|p2|Ninetales-Alola||FocusSash|SnowWarning|Encore,Blizzard,FreezeDry,Protect|||F|||50|,,,,,Ghost]Garchomp||ClearAmulet|RoughSkin|Earthquake,DragonClaw,StompingTantrum,Protect|||F|||50|,,,,,Ground]Dragonite||LumBerry|InnerFocus|TeraBlast,LowKick,ExtremeSpeed,Protect|||M|||50|,,,,,Flying]Incineroar||SafetyGoggles|Intimidate|FakeOut,PartingShot,FlareBlitz,KnockOff|||F|||50|,,,,,Ghost]Gholdengo||LifeOrb|GoodasGold|ShadowBall,MakeItRain,NastyPlot,Protect||||||50|,,,,,Flying]Farigiraf||SitrusBerry|ArmorTail|TrickRoom,Protect,TeraBlast,PsychicNoise|||F|||50|,,,,,Fighting
|inactive|Battle timer is ON: inactive players will automatically lose when time's up. (requested by MrTedno)
|inactive|MrTedno has 60 seconds left.
|inactive|MrTedno has 30 seconds left.
|
|t:|1756900836
|teamsize|p1|4
|teamsize|p2|4
|start
|switch|p1a: Incineroar|Incineroar, L50, F|100/100
|switch|p1b: Porygon2|Porygon2, L50|100/100
|switch|p2a: Skipper|Gholdengo, L50|100/100
|switch|p2b: Julien|Incineroar, L50, F|100/100
|-ability|p1a: Incineroar|Intimidate|boost
|-unboost|p2a: Skipper|atk|1
|-unboost|p2b: Julien|atk|1
|-ability|p1b: Porygon2|Download|boost
|-boost|p1b: Porygon2|atk|1
|-ability|p2b: Julien|Intimidate|boost
|-unboost|p1a: Incineroar|atk|1
|-unboost|p1b: Porygon2|atk|1
|turn|1
|inactive|MrTedno has 30 seconds left.
|
|t:|1756900863
|switch|p1b: Gholdengo|Gholdengo, L50|100/100
|move|p2a: Skipper|Protect|p2a: Skipper
|-singleturn|p2a: Skipper|Protect
|move|p1a: Incineroar|Parting Shot|p2b: Julien
|-unboost|p2b: Julien|atk|1
|-unboost|p2b: Julien|spa|1
|
|t:|1756900871
|switch|p1a: Porygon2|Porygon2, L50|100/100|[from] Parting Shot
|-ability|p1a: Porygon2|Download|boost
|-boost|p1a: Porygon2|atk|1
|move|p2b: Julien|Parting Shot|p1a: Porygon2
|-unboost|p1a: Porygon2|atk|1
|-unboost|p1a: Porygon2|spa|1
|
|t:|1756900878
|switch|p2b: Alex|Garchomp, L50, F|100/100|[from] Parting Shot
|
|upkeep
|turn|2
|inactive|boober_magmar has 30 seconds left.
|inactive|MrTedno has 30 seconds left.
|inactive|MrTedno has 20 seconds left.
|inactive|MrTedno has 15 seconds left.
|
|t:|1756900920
|switch|p2a: Julien|Incineroar, L50, F|100/100
|-ability|p2a: Julien|Intimidate|boost
|-unboost|p1a: Porygon2|atk|1
|-unboost|p1b: Gholdengo|atk|1
|-terastallize|p2b: Alex|Ground
|-terastallize|p1a: Porygon2|Flying
|move|p2b: Alex|Stomping Tantrum|p1b: Gholdengo
|-supereffective|p1b: Gholdengo
|-damage|p1b: Gholdengo|0 fnt
|faint|p1b: Gholdengo
|move|p1a: Porygon2|Trick Room|p1a: Porygon2
|-fieldstart|move: Trick Room|[of] p1a: Porygon2
|
|upkeep
|
|t:|1756900935
|switch|p1b: Incineroar|Incineroar, L50, F|100/100
|-ability|p1b: Incineroar|Intimidate|boost
|-unboost|p2a: Julien|atk|1
|-fail|p2b: Alex|unboost|[from] item: Clear Amulet|[of] p2b: Alex
|turn|3
|inactive|MrTedno has 30 seconds left.
|
|t:|1756900966
|switch|p1a: Ursaluna|Ursaluna, L50, F|100/100
|move|p2a: Julien|Fake Out|p1a: Ursaluna
|-damage|p1a: Ursaluna|94/100
|move|p1b: Incineroar|Fake Out|p2b: Alex
|-damage|p2b: Alex|91/100
|-damage|p1b: Incineroar|88/100|[from] ability: Rough Skin|[of] p2b: Alex
|cant|p2b: Alex|flinch
|
|-status|p1a: Ursaluna|brn|[from] item: Flame Orb
|upkeep
|turn|4
|
|t:|1756900986
|move|p2b: Alex|Protect|p2b: Alex
|-singleturn|p2b: Alex|Protect
|move|p2a: Julien|Parting Shot|p1a: Ursaluna
|-unboost|p1a: Ursaluna|atk|1
|-unboost|p1a: Ursaluna|spa|1
|inactive|MrTedno has 30 seconds left.
|inactive|MrTedno has 20 seconds left.
|inactive|MrTedno has 15 seconds left.
|
|t:|1756901028
|switch|p2a: Melman|Farigiraf, L50, F|100/100|[from] Parting Shot
|move|p1a: Ursaluna|Headlong Rush|p2a: Melman
|-damage|p2a: Melman|37/100
|-unboost|p1a: Ursaluna|def|1
|-unboost|p1a: Ursaluna|spd|1
|-enditem|p2a: Melman|Sitrus Berry|[eat]
|-heal|p2a: Melman|62/100|[from] item: Sitrus Berry
|move|p1b: Incineroar|Parting Shot|p2a: Melman
|-unboost|p2a: Melman|atk|1
|-unboost|p2a: Melman|spa|1
|
|t:|1756901040
|switch|p1b: Porygon2|Porygon2, L50, tera:Flying|100/100|[from] Parting Shot
|-ability|p1b: Porygon2|Download|boost
|-boost|p1b: Porygon2|spa|1
|
|-damage|p1a: Ursaluna|88/100 brn|[from] brn
|upkeep
|turn|5
|inactive|MrTedno has 30 seconds left.
|inactive|MrTedno has 20 seconds left.
|inactive|MrTedno has 15 seconds left.
|
|t:|1756901084
|switch|p2b: Julien|Incineroar, L50, F|100/100
|-ability|p2b: Julien|Intimidate|boost
|-unboost|p1a: Ursaluna|atk|1
|-unboost|p1b: Porygon2|atk|1
|move|p2a: Melman|Tera Blast|p1a: Ursaluna
|-damage|p1a: Ursaluna|59/100 brn
|move|p1a: Ursaluna|Earthquake|p2b: Julien|[spread] p2a,p2b
|-immune|p1b: Porygon2
|-supereffective|p2b: Julien
|-damage|p2a: Melman|36/100
|-damage|p2b: Julien|42/100
|move|p1b: Porygon2|Ice Beam|p2b: Julien
|-resisted|p2b: Julien
|-damage|p2b: Julien|27/100
|
|-damage|p1a: Ursaluna|53/100 brn|[from] brn
|upkeep
|turn|6
|inactive|boober_magmar has 30 seconds left.
|inactive|MrTedno has 30 seconds left.
|inactive|MrTedno has 20 seconds left.
|inactive|boober_magmar has 20 seconds left.
|inactive|MrTedno has 15 seconds left.
|inactive|MrTedno has 10 seconds left.
|
|t:|1756901129
|switch|p1a: Incineroar|Incineroar, L50, F|88/100
|-ability|p1a: Incineroar|Intimidate|boost
|-unboost|p2a: Melman|atk|1
|-unboost|p2b: Julien|atk|1
|move|p2a: Melman|Tera Blast|p1a: Incineroar
|-damage|p1a: Incineroar|66/100
|move|p2b: Julien|Knock Off|p1b: Porygon2
|-damage|p1b: Porygon2|83/100
|-enditem|p1b: Porygon2|Eviolite|[from] move: Knock Off|[of] p2b: Julien
|move|p1b: Porygon2|Tera Blast|p2a: Melman|[anim] Tera Blast Flying
|-damage|p2a: Melman|0 fnt
|faint|p2a: Melman
|
|-fieldend|move: Trick Room
|upkeep
|
|t:|1756901137
|switch|p2a: Alex|Garchomp, L50, F, tera:Ground|91/100
|turn|7
|
|t:|1756901163
|move|p1a: Incineroar|Fake Out|p2a: Alex
|-damage|p2a: Alex|80/100
|-damage|p1a: Incineroar|53/100|[from] ability: Rough Skin|[of] p2a: Alex
|cant|p2a: Alex|flinch
|move|p2b: Julien|Parting Shot|p1b: Porygon2
|-unboost|p1b: Porygon2|atk|1
|-unboost|p1b: Porygon2|spa|1
|
|t:|1756901166
|switch|p2b: Skipper|Gholdengo, L50|100/100|[from] Parting Shot
|move|p1b: Porygon2|Trick Room|p1b: Porygon2
|-fieldstart|move: Trick Room|[of] p1b: Porygon2
|
|upkeep
|turn|8
|inactive|MrTedno has 30 seconds left.
|
|t:|1756901196
|switch|p2b: Julien|Incineroar, L50, F|27/100
|-ability|p2b: Julien|Intimidate|boost
|-unboost|p1a: Incineroar|atk|1
|-unboost|p1b: Porygon2|atk|1
|move|p1b: Porygon2|Tera Blast|p2b: Julien|[anim] Tera Blast Flying
|-damage|p2b: Julien|0 fnt
|faint|p2b: Julien
|move|p1a: Incineroar|Knock Off|p2a: Alex
|-damage|p2a: Alex|54/100
|-damage|p1a: Incineroar|41/100|[from] ability: Rough Skin|[of] p2a: Alex
|-enditem|p2a: Alex|Clear Amulet|[from] move: Knock Off|[of] p1a: Incineroar
|move|p2a: Alex|Stomping Tantrum|p1a: Incineroar
|-supereffective|p1a: Incineroar
|-damage|p1a: Incineroar|0 fnt
|faint|p1a: Incineroar
|
|upkeep
|
|t:|1756901211
|switch|p2b: Skipper|Gholdengo, L50|100/100
|switch|p1a: Ursaluna|Ursaluna, L50, F|53/100 brn
|turn|9
|
|t:|1756901229
|move|p1a: Ursaluna|Earthquake|p2a: Alex|[spread] p2a,p2b
|-immune|p1b: Porygon2
|-supereffective|p2b: Skipper
|-damage|p2a: Alex|0 fnt
|-damage|p2b: Skipper|0 fnt
|faint|p2a: Alex
|faint|p2b: Skipper
|
|win|boober_magmar
|raw|boober_magmar's rating: 1250 → 1273(+23 for winning)
|raw|MrTedno's rating: 1217 → 1194(-23 for losing)
