|j|☆lelatez
|j|☆JuanGuerrero09
|html|lelatezJuanGuerrero09    
|uhtml|bestof|Game 2 of a best-of-3
|t:|1756992595
|gametype|doubles
|player|p1|lelatez|266|1033
|player|p2|JuanGuerrero09|169|1121
|gen|9
|tier|[Gen 9] VGC 2025 Reg H (Bo3)
|rated|
|rule|Species Clause: Limit one of each Pokémon
|rule|Item Clause: Limit 1 of each item
|clearpoke
|poke|p1|Annihilape, L50, F|
|poke|p1|Primarina, L50, M|
|poke|p1|Rillaboom, L50, M|
|poke|p1|Arcanine, L50, F|
|poke|p1|Hydreigon, L50, M|
|poke|p1|Farigiraf, L50, M|
|poke|p2|Sneasler, L50, M|
|poke|p2|Indeedee, L50, M|
|poke|p2|Tyranitar, L50, M|
|poke|p2|Excadrill, L50, M|
|poke|p2|Gholdengo, L50|
|poke|p2|Incineroar, L50, F|
|teampreview|4
|showteam|p1|Annihilape||Leftovers|Defiant|Protect,BulkUp,RageFist,DrainPunch|||F|||50|,,,,,Fire]Primarina||ThroatSpray|LiquidVoice|HyperVoice,Moonblast,Haze,Protect|||M|||50|,,,,,Poison]Rillaboom||AssaultVest|GrassySurge|FakeOut,GrassyGlide,Uturn,WoodHammer|||M|||50|,,,,,Grass]Arcanine||SitrusBerry|Intimidate|FlareBlitz,ExtremeSpeed,Snarl,Protect|||F|||50|,,,,,Grass]Hydreigon||CovertCloak|Levitate|Tailwind,DracoMeteor,DarkPulse,Protect|||M|||50|,,,,,Poison]Farigiraf||ColburBerry|ArmorTail|TrickRoom,Protect,Imprison,ExpandingForce|||M|||50|,,,,,Fairy
|showteam|p2|Sneasler||WhiteHerb|Unburden|CloseCombat,DireClaw,FakeOut,Protect|||M|||50|,,,,,Dark]Indeedee||ChoiceScarf|PsychicSurge|ExpandingForce,TeraBlast,Trick,Protect|||M|||50|,,,,,Fire]Tyranitar||AssaultVest|SandStream|RockSlide,KnockOff,TeraBlast,LowKick|||M|||50|,,,,,Flying]Excadrill||FocusSash|SandRush|HighHorsepower,Earthquake,IronHead,Protect|||M|||50|,,,,,Ground]Gholdengo||MetalCoat|GoodasGold|ShadowBall,Protect,MakeItRain,NastyPlot||||||50|,,,,,Water]Incineroar||SafetyGoggles|Intimidate|FakeOut,KnockOff,FlareBlitz,PartingShot|||F|||50|,,,,,Ghost
|inactive|Battle timer is ON: inactive players will automatically lose when time's up. (requested by lelatez)
|inactive|lelatez has 60 seconds left.
|inactive|JuanGuerrero09 has 60 seconds left.
|
|t:|1756992630
|teamsize|p1|4
|teamsize|p2|4
|start
|switch|p1a: Arcanine|Arcanine, L50, F|100/100
|switch|p1b: Farigiraf|Farigiraf, L50, M|100/100
|switch|p2a: Gholdengo|Gholdengo, L50|100/100
|switch|p2b: Tyranitar|Tyranitar, L50, M|100/100
|-ability|p1a: Arcanine|Intimidate|boost
|-unboost|p2a: Gholdengo|atk|1
|-unboost|p2b: Tyranitar|atk|1
|-weather|Sandstorm|[from] ability: Sand Stream|[of] p2b: Tyranitar
|turn|1
|inactive|lelatez has 30 seconds left.
|
|t:|1756992658
|-terastallize|p2a: Gholdengo|Water
|move|p2a: Gholdengo|Make It Rain|p1b: Farigiraf|[spread] p1a,p1b
|-resisted|p1a: Arcanine
|-damage|p1a: Arcanine|75/100
|-damage|p1b: Farigiraf|42/100
|-unboost|p2a: Gholdengo|spa|1
|move|p1a: Arcanine|Snarl|p2b: Tyranitar|[spread] p2a,p2b
|-resisted|p2b: Tyranitar
|-damage|p2a: Gholdengo|91/100
|-damage|p2b: Tyranitar|99/100
|-unboost|p2a: Gholdengo|spa|1
|-unboost|p2b: Tyranitar|spa|1
|move|p2b: Tyranitar|Rock Slide|p1a: Arcanine|[spread] p1a,p1b
|-supereffective|p1a: Arcanine
|-damage|p1a: Arcanine|32/100
|-damage|p1b: Farigiraf|26/100
|-enditem|p1a: Arcanine|Sitrus Berry|[eat]
|-heal|p1a: Arcanine|57/100|[from] item: Sitrus Berry
|cant|p1b: Farigiraf|flinch
|
|-weather|Sandstorm|[upkeep]
|-damage|p2a: Gholdengo|84/100|[from] Sandstorm
|-damage|p1a: Arcanine|50/100|[from] Sandstorm
|-damage|p1b: Farigiraf|20/100|[from] Sandstorm
|upkeep
|turn|2
|inactive|lelatez has 30 seconds left.
|inactive|JuanGuerrero09 has 30 seconds left.
|
|t:|1756992688
|switch|p1a: Rillaboom|Rillaboom, L50, M|100/100
|-fieldstart|move: Grassy Terrain|[from] ability: Grassy Surge|[of] p1a: Rillaboom
|move|p2a: Gholdengo|Protect|p2a: Gholdengo
|-singleturn|p2a: Gholdengo|Protect
|move|p2b: Tyranitar|Rock Slide|p1b: Farigiraf|[spread] p1a,p1b
|-damage|p1a: Rillaboom|80/100
|-damage|p1b: Farigiraf|4/100
|cant|p1b: Farigiraf|flinch
|
|-weather|Sandstorm|[upkeep]
|-damage|p2a: Gholdengo|78/100|[from] Sandstorm
|-damage|p1a: Rillaboom|74/100|[from] Sandstorm
|-damage|p1b: Farigiraf|0 fnt|[from] Sandstorm
|faint|p1b: Farigiraf
|-heal|p2a: Gholdengo|84/100|[from] Grassy Terrain
|-heal|p1a: Rillaboom|80/100|[from] Grassy Terrain
|-heal|p2b: Tyranitar|100/100|[from] Grassy Terrain
|upkeep
|
|t:|1756992703
|switch|p1b: Annihilape|Annihilape, L50, F|100/100
|turn|3
|
|t:|1756992722
|switch|p2a: Indeedee|Indeedee, L50, M|100/100
|-fieldstart|move: Psychic Terrain|[from] ability: Psychic Surge|[of] p2a: Indeedee
|move|p1b: Annihilape|Bulk Up|p1b: Annihilape
|-boost|p1b: Annihilape|atk|1
|-boost|p1b: Annihilape|def|1
|move|p1a: Rillaboom|Grassy Glide|p2a: Indeedee
|-damage|p2a: Indeedee|38/100
|move|p2b: Tyranitar|Knock Off|p1b: Annihilape
|-damage|p1b: Annihilape|71/100
|-enditem|p1b: Annihilape|Leftovers|[from] move: Knock Off|[of] p2b: Tyranitar
|
|-weather|Sandstorm|[upkeep]
|-damage|p2a: Indeedee|32/100|[from] Sandstorm
|-damage|p1b: Annihilape|65/100|[from] Sandstorm
|-damage|p1a: Rillaboom|74/100|[from] Sandstorm
|upkeep
|turn|4
|inactive|JuanGuerrero09 has 30 seconds left.
|
|t:|1756992752
|switch|p1a: Arcanine|Arcanine, L50, F|50/100
|-ability|p1a: Arcanine|Intimidate|boost
|-unboost|p2a: Indeedee|atk|1
|-unboost|p2b: Tyranitar|atk|1
|switch|p2b: Gholdengo|Gholdengo, L50, tera:Water|84/100
|move|p1b: Annihilape|Protect|p1b: Annihilape
|-singleturn|p1b: Annihilape|Protect
|move|p2a: Indeedee|Expanding Force|p1b: Annihilape|[spread] p1a
|-activate|p1b: Annihilape|move: Protect
|-damage|p1a: Arcanine|6/100
|
|-weather|Sandstorm|[upkeep]
|-damage|p2a: Indeedee|26/100|[from] Sandstorm
|-damage|p1b: Annihilape|58/100|[from] Sandstorm
|-damage|p2b: Gholdengo|78/100|[from] Sandstorm
|-damage|p1a: Arcanine|0 fnt|[from] Sandstorm
|faint|p1a: Arcanine
|upkeep
|
|t:|1756992767
|switch|p1a: Rillaboom|Rillaboom, L50, M|74/100
|-fieldstart|move: Grassy Terrain|[from] ability: Grassy Surge|[of] p1a: Rillaboom
|turn|5
|inactive|lelatez has 30 seconds left.
|inactive|JuanGuerrero09 has 30 seconds left.
|inactive|JuanGuerrero09 has 20 seconds left.
|
|t:|1756992802
|switch|p2a: Excadrill|Excadrill, L50, M|100/100
|-terastallize|p1a: Rillaboom|Grass
|move|p1a: Rillaboom|Grassy Glide|p2b: Gholdengo
|-supereffective|p2b: Gholdengo
|-damage|p2b: Gholdengo|0 fnt
|faint|p2b: Gholdengo
|move|p1b: Annihilape|Drain Punch|p2a: Excadrill
|-supereffective|p2a: Excadrill
|-enditem|p2a: Excadrill|Focus Sash
|-damage|p2a: Excadrill|1/100
|-heal|p1b: Annihilape|100/100|[from] drain|[of] p2a: Excadrill
|
|-weather|none
|-heal|p2a: Excadrill|7/100|[from] Grassy Terrain
|-heal|p1a: Rillaboom|80/100|[from] Grassy Terrain
|upkeep
|
|t:|1756992813
|switch|p2b: Indeedee|Indeedee, L50, M|26/100
|-fieldstart|move: Psychic Terrain|[from] ability: Psychic Surge|[of] p2b: Indeedee
|turn|6
|
|t:|1756992828
|move|p1b: Annihilape|Protect|p1b: Annihilape
|-singleturn|p1b: Annihilape|Protect
|move|p2b: Indeedee|Expanding Force|p1b: Annihilape|[spread] p1a
|-activate|p1b: Annihilape|move: Protect
|-damage|p1a: Rillaboom|48/100
|move|p2a: Excadrill|Iron Head|p1a: Rillaboom
|-damage|p1a: Rillaboom|7/100
|move|p1a: Rillaboom|Grassy Glide|p2b: Indeedee
|-crit|p2b: Indeedee
|-damage|p2b: Indeedee|0 fnt
|faint|p2b: Indeedee
|
|upkeep
|
|t:|1756992840
|switch|p2b: Tyranitar|Tyranitar, L50, M|100/100
|-weather|Sandstorm|[from] ability: Sand Stream|[of] p2b: Tyranitar
|turn|7
|
|t:|1756992852
|move|p2a: Excadrill|High Horsepower|p1b: Annihilape
|-damage|p1b: Annihilape|60/100
|move|p1b: Annihilape|Drain Punch|p2b: Tyranitar
|-supereffective|p2b: Tyranitar
|-damage|p2b: Tyranitar|0 fnt
|-heal|p1b: Annihilape|100/100|[from] drain|[of] p2b: Tyranitar
|faint|p2b: Tyranitar
|move|p1a: Rillaboom|Grassy Glide|p2a: Excadrill
|-damage|p2a: Excadrill|0 fnt
|faint|p2a: Excadrill
|
|win|lelatez
|raw|lelatez's rating: 1033 → 1077(+44 for winning)
|raw|JuanGuerrero09's rating: 1121 → 1090(-31 for losing)
