|j|☆300376L
|j|☆heyitsmegiff
|html|300376Lheyitsmegiff    
|uhtml|bestof|Game 2 of a best-of-3
|t:|1756672766
|gametype|doubles
|player|p1|300376L|102|1044
|player|p2|heyitsmegiff|hiker-gen4|1126
|gen|9
|tier|[Gen 9] VGC 2025 Reg H (Bo3)
|rated|
|rule|Species Clause: Limit one of each Pokémon
|rule|Item Clause: Limit 1 of each item
|clearpoke
|poke|p1|Feraligatr, L50, M|
|poke|p1|Indeedee-F, L50, F|
|poke|p1|Incineroar, L50, M|
|poke|p1|Kingdra, L50, M|
|poke|p1|Ursaluna-Bloodmoon, L50, M|
|poke|p1|Pelipper, L50, M|
|poke|p2|Tyranitar, L50, F|
|poke|p2|Garchomp, L50, F|
|poke|p2|Spiritomb, L50, M|
|poke|p2|Indeedee-F, L50, F|
|poke|p2|Armarouge, L50, F|
|poke|p2|Magnezone, L50|
|teampreview|4
|showteam|p1|Feraligatr||LifeOrb|SheerForce|AquaJet,Waterfall,IcePunch,Protect|||M|||50|,,,,,Steel]Indeedee-F||SafetyGoggles|PsychicSurge|TrickRoom,FollowMe,Protect,DazzlingGleam|||F|||50|,,,,,Fairy]Incineroar||AssaultVest|Intimidate|FakeOut,KnockOff,Uturn,FlareBlitz|||M|||50|,,,,,Grass]Kingdra||MysticWater|SwiftSwim|WeatherBall,MuddyWater,DracoMeteor,Protect|||M|||50|,,,,,Stellar]Ursaluna-Bloodmoon||ChopleBerry|MindsEye|BloodMoon,EarthPower,HyperVoice,Protect|||M|||50|,,,,,Ghost]Pelipper||FocusSash|Drizzle|WeatherBall,Tailwind,WideGuard,HelpingHand|||M|||50|,,,,,Grass
|showteam|p2|Tyranitar||AssaultVest|SandStream|RockSlide,KnockOff,LowKick,TeraBlast|||F|||50|,,,,,Flying]Garchomp||ClearAmulet|SandVeil|Earthquake,StompingTantrum,DragonClaw,Protect|||F|||50|,,,,,Fairy]Spiritomb||LumBerry|Infiltrator|TrickRoom,Curse,PainSplit,WillOWisp|||M|||50|,,,,,Water]Indeedee-F||SafetyGoggles|PsychicSurge|FollowMe,HelpingHand,TrickRoom,DazzlingGleam|||F|||50|,,,,,Dragon]Armarouge||LifeOrb|FlashFire|ExpandingForce,ArmorCannon,Protect,WideGuard|||F|||50|,,,,,Psychic]Magnezone||ChoiceScarf|Sturdy|Thunderbolt,FlashCannon,VoltSwitch,SteelBeam||||||50|,,,,,Electric
|inactive|Battle timer is ON: inactive players will automatically lose when time's up. (requested by 300376L)
|j| Legacy251
|inactive|heyitsmegiff has 60 seconds left.
|
|t:|1756672809
|teamsize|p1|4
|teamsize|p2|4
|start
|switch|p1a: Rainly|Pelipper, L50, M|100/100
|switch|p1b: Whirlpool|Kingdra, L50, M|100/100
|switch|p2a: Spiritomb|Spiritomb, L50, M|100/100
|switch|p2b: Magnezone|Magnezone, L50|100/100
|-weather|RainDance|[from] ability: Drizzle|[of] p1a: Rainly
|turn|1
|
|t:|1756672832
|switch|p2a: Tyranitar|Tyranitar, L50, F|100/100
|-weather|Sandstorm|[from] ability: Sand Stream|[of] p2a: Tyranitar
|-terastallize|p1b: Whirlpool|Stellar
|move|p1a: Rainly|Helping Hand|p1b: Whirlpool
|-singleturn|p1b: Whirlpool|Helping Hand|[of] p1a: Rainly
|move|p2b: Magnezone|Volt Switch|p1a: Rainly
|-supereffective|p1a: Rainly
|-enditem|p1a: Rainly|Focus Sash
|-damage|p1a: Rainly|1/100
|
|t:|1756672845
|switch|p2b: Spiritomb|Spiritomb, L50, M|100/100|[from] Volt Switch
|move|p1b: Whirlpool|Muddy Water|p2a: Tyranitar|[spread] p2a,p2b
|-supereffective|p2a: Tyranitar
|-damage|p2a: Tyranitar|39/100
|-damage|p2b: Spiritomb|43/100
|
|-weather|Sandstorm|[upkeep]
|-damage|p1a: Rainly|0 fnt|[from] Sandstorm
|-damage|p1b: Whirlpool|95/100|[from] Sandstorm
|-damage|p2b: Spiritomb|37/100|[from] Sandstorm
|faint|p1a: Rainly
|upkeep
|
|t:|1756672857
|switch|p1a: Combustion|Incineroar, L50, M|100/100
|-ability|p1a: Combustion|Intimidate|boost
|-unboost|p2a: Tyranitar|atk|1
|-unboost|p2b: Spiritomb|atk|1
|turn|2
|
|t:|1756672870
|switch|p2a: Magnezone|Magnezone, L50|100/100
|-terastallize|p2b: Spiritomb|Water
|move|p1a: Combustion|Fake Out|p2a: Magnezone
|-resisted|p2a: Magnezone
|-damage|p2a: Magnezone|95/100
|move|p1b: Whirlpool|Muddy Water|p2a: Magnezone|[spread] p2a,p2b
|-resisted|p2b: Spiritomb
|-damage|p2a: Magnezone|43/100
|-damage|p2b: Spiritomb|23/100
|move|p2b: Spiritomb|Pain Split|p1b: Whirlpool
|-sethp|p1b: Whirlpool|58/100|[from] move: Pain Split|[silent]
|-sethp|p2b: Spiritomb|62/100|[from] move: Pain Split
|
|-weather|Sandstorm|[upkeep]
|-damage|p1b: Whirlpool|52/100|[from] Sandstorm
|-damage|p1a: Combustion|94/100|[from] Sandstorm
|-damage|p2b: Spiritomb|56/100|[from] Sandstorm
|upkeep
|turn|3
|inactive|300376L has 30 seconds left.
|inactive|heyitsmegiff has 30 seconds left.
|inactive|300376L has 20 seconds left.
|inactive|heyitsmegiff has 20 seconds left.
|inactive|300376L has 15 seconds left.
|inactive|300376L has 10 seconds left.
|
|t:|1756672916
|move|p2a: Magnezone|Volt Switch|p1b: Whirlpool
|-damage|p1b: Whirlpool|7/100
|
|t:|1756672923
|switch|p2a: Tyranitar|Tyranitar, L50, F|39/100|[from] Volt Switch
|move|p1b: Whirlpool|Draco Meteor|p2b: Spiritomb|[miss]
|-miss|p1b: Whirlpool|p2b: Spiritomb
|move|p1a: Combustion|U-turn|p2b: Spiritomb
|-damage|p2b: Spiritomb|37/100
|
|t:|1756672933
|switch|p1a: Kitakami|Ursaluna-Bloodmoon, L50, M|100/100|[from] U-turn
|move|p2b: Spiritomb|Pain Split|p1a: Kitakami
|-sethp|p1a: Kitakami|64/100|[from] move: Pain Split|[silent]
|-sethp|p2b: Spiritomb|85/100|[from] move: Pain Split
|
|-weather|Sandstorm|[upkeep]
|-damage|p1b: Whirlpool|1/100|[from] Sandstorm
|-damage|p2b: Spiritomb|79/100|[from] Sandstorm
|upkeep
|turn|4
|inactive|heyitsmegiff has 30 seconds left.
|inactive|heyitsmegiff has 20 seconds left.
|
|t:|1756672972
|move|p1b: Whirlpool|Muddy Water|p2b: Spiritomb|[spread] p2a,p2b
|-supereffective|p2a: Tyranitar
|-resisted|p2b: Spiritomb
|-crit|p2b: Spiritomb
|-damage|p2a: Tyranitar|13/100
|-damage|p2b: Spiritomb|56/100
|move|p2a: Tyranitar|Rock Slide|p1a: Kitakami|[spread] p1a,p1b
|-resisted|p1a: Kitakami
|-damage|p1a: Kitakami|53/100
|-damage|p1b: Whirlpool|0 fnt
|faint|p1b: Whirlpool
|move|p1a: Kitakami|Blood Moon|p2b: Spiritomb
|-damage|p2b: Spiritomb|0 fnt
|faint|p2b: Spiritomb
|
|-weather|Sandstorm|[upkeep]
|upkeep
|
|t:|1756672988
|switch|p1b: Combustion|Incineroar, L50, M|94/100
|switch|p2b: Magnezone|Magnezone, L50|43/100
|-ability|p1b: Combustion|Intimidate|boost
|-unboost|p2a: Tyranitar|atk|1
|-unboost|p2b: Magnezone|atk|1
|turn|5
|inactive|300376L has 30 seconds left.
|inactive|heyitsmegiff has 30 seconds left.
|inactive|heyitsmegiff has 20 seconds left.
|
|t:|1756673025
|move|p2b: Magnezone|Flash Cannon|p1a: Kitakami
|-damage|p1a: Kitakami|0 fnt
|faint|p1a: Kitakami
|move|p2a: Tyranitar|Rock Slide|p1b: Combustion
|-supereffective|p1b: Combustion
|-damage|p1b: Combustion|51/100
|move|p1b: Combustion|U-turn|p2a: Tyranitar
|-supereffective|p2a: Tyranitar
|-damage|p2a: Tyranitar|0 fnt
|faint|p2a: Tyranitar
|
|-weather|none
|upkeep
|
|t:|1756673033
|switch|p2a: Armarouge|Armarouge, L50, F|100/100
|turn|6
|
|t:|1756673045
|move|p2b: Magnezone|Flash Cannon|p1b: Combustion
|-resisted|p1b: Combustion
|-damage|p1b: Combustion|36/100
|move|p2a: Armarouge|Armor Cannon|p1b: Combustion
|-resisted|p1b: Combustion
|-damage|p1b: Combustion|12/100
|-unboost|p2a: Armarouge|def|1
|-unboost|p2a: Armarouge|spd|1
|-damage|p2a: Armarouge|91/100|[from] item: Life Orb
|move|p1b: Combustion|Flare Blitz|p2b: Magnezone
|-supereffective|p2b: Magnezone
|-damage|p2b: Magnezone|0 fnt
|faint|p2b: Magnezone
|-damage|p1b: Combustion|1/100|[from] Recoil
|
|upkeep
|turn|7
|
|t:|1756673068
|move|p1b: Combustion|Knock Off|p2a: Armarouge
|-supereffective|p2a: Armarouge
|-damage|p2a: Armarouge|0 fnt
|-enditem|p2a: Armarouge|Life Orb|[from] move: Knock Off|[of] p1b: Combustion
|faint|p2a: Armarouge
|
|win|300376L
|raw|300376L's rating: 1044 → 1085(+41 for winning)
|raw|heyitsmegiff's rating: 1126 → 1095(-31 for losing)
