|j|☆nutbuster151
|j|☆2BStellar
|html|nutbuster1512BStellar    
|uhtml|bestof|Game 2 of a best-of-3
|t:|1785954994
|gametype|doubles
|player|p1|nutbuster151|acetrainer|
|player|p2|2BStellar|hilbert-wonderlauncher|
|gen|9
|tier|[Gen 9 Champions] VGC 2026 Reg M-B (Bo3)
|rule|Species Clause: Limit one of each Pokémon
|rule|Item Clause: Limit 1 of each item
|clearpoke
|poke|p1|Kingambit, L50, M, shiny|
|poke|p1|Charizard, L50, F, shiny|
|poke|p1|Aerodactyl, L50, F, shiny|
|poke|p1|Farigiraf, L50, F, shiny|
|poke|p1|Garchomp, L50, M, shiny|
|poke|p1|Sylveon, L50, M, shiny|
|poke|p2|Sylveon, L50, F, shiny|
|poke|p2|Garchomp, L50, M, shiny|
|poke|p2|Kingambit, L50, M, shiny|
|poke|p2|Charizard, L50, M, shiny|
|poke|p2|Aerodactyl, L50, M, shiny|
|poke|p2|Farigiraf, L50, F, shiny|
|teampreview|4
|showteam|p1|Kingambit||FocusSash|Defiant|KowtowCleave,IronHead,SuckerPunch,LowKick|Adamant||M|||50|]Charizard||CharizarditeY|Blaze|HeatWave,SolarBeam,WeatherBall,Protect|Modest||F|||50|]Aerodactyl||Aerodactylite|Unnerve|RockSlide,DualWingbeat,IceFang,Tailwind|Jolly||F|||50|]Farigiraf||SitrusBerry|ArmorTail|Psychic,Thunderbolt,TrickRoom,Protect|Bold||F|||50|]Garchomp||LifeOrb|RoughSkin|Earthquake,DragonClaw,StompingTantrum,Protect|Jolly||M|||50|]Sylveon||FairyFeather|Pixilate|HyperVoice,HyperBeam,QuickAttack,Protect|Modest||M|||50|
|showteam|p2|Sylveon||FairyFeather|Pixilate|Detect,HyperVoice,QuickAttack,HyperBeam|Modest||F|||50|]Garchomp||ChoiceScarf|RoughSkin|StompingTantrum,Earthquake,DragonClaw,StoneEdge|Adamant||M|||50|]Kingambit||LifeOrb|Defiant|SuckerPunch,KowtowCleave,IronHead,BrickBreak|Adamant||M|||50|]Charizard||CharizarditeY|Blaze|Protect,HeatWave,SolarBeam,WeatherBall|Modest||M|||50|]Aerodactyl||Aerodactylite|RockHead|Tailwind,RockSlide,WideGuard,DualWingbeat|Jolly||M|||50|]Farigiraf||SitrusBerry|ArmorTail|Protect,Thunderbolt,TwinBeam,TrickRoom|Bold||F|||50|
|
|t:|1785955058
|teamsize|p1|4
|teamsize|p2|4
|start
|switch|p1a: Kingambit|Kingambit, L50, M, shiny|100/100
|switch|p1b: Aerodactyl|Aerodactyl, L50, F, shiny|100/100
|switch|p2a: AAAAAA|Aerodactyl, L50, M, shiny|100/100
|switch|p2b: WHEEEE|Sylveon, L50, F, shiny|100/100
|-ability|p1b: Aerodactyl|Unnerve
|turn|1
|
|t:|1785955103
|detailschange|p2a: AAAAAA|Aerodactyl-Mega, L50, M, shiny
|-mega|p2a: AAAAAA|Aerodactyl|Aerodactylite
|detailschange|p1b: Aerodactyl|Aerodactyl-Mega, L50, F, shiny
|-mega|p1b: Aerodactyl|Aerodactyl|Aerodactylite
|move|p2b: WHEEEE|Detect|p2b: WHEEEE
|-singleturn|p2b: WHEEEE|Protect
|move|p2a: AAAAAA|Tailwind|p2a: AAAAAA
|-sidestart|p2: 2BStellar|move: Tailwind
|move|p1b: Aerodactyl|Tailwind|p1b: Aerodactyl
|-sidestart|p1: nutbuster151|move: Tailwind
|move|p1a: Kingambit|Iron Head|p2b: WHEEEE
|-activate|p2b: WHEEEE|move: Protect
|
|upkeep
|turn|2
|
|t:|1785955144
|switch|p2b: piano|Garchomp, L50, M, shiny|100/100
|move|p2a: AAAAAA|Rock Slide|p1a: Kingambit|[spread] p1a
|-miss|p2a: AAAAAA|p1b: Aerodactyl
|-resisted|p1a: Kingambit|1
|-crit|p1a: Kingambit
|-damage|p1a: Kingambit|79/100
|move|p1b: Aerodactyl|Ice Fang|p2a: AAAAAA
|-supereffective|p2a: AAAAAA|1
|-crit|p2a: AAAAAA
|-damage|p2a: AAAAAA|7/100
|-status|p2a: AAAAAA|frz
|move|p1a: Kingambit|Iron Head|p2b: piano
|-damage|p2b: piano|49/100
|-damage|p1a: Kingambit|67/100|[from] ability: Rough Skin|[of] p2b: piano
|
|upkeep
|turn|3
|
|t:|1785955229
|switch|p1a: Garchomp|Garchomp, L50, M, shiny|100/100
|move|p2b: piano|Stone Edge|p1b: Aerodactyl
|-supereffective|p1b: Aerodactyl|1
|-damage|p1b: Aerodactyl|14/100
|move|p1b: Aerodactyl|Ice Fang|p2b: piano
|-supereffective|p2b: piano|2
|-damage|p2b: piano|0 fnt
|-damage|p1b: Aerodactyl|2/100|[from] ability: Rough Skin|[of] p2b: piano
|faint|p2b: piano
|cant|p2a: AAAAAA|frz
|
|upkeep
|
|t:|1785955253
|switch|p2b: WHEEEE|Sylveon, L50, F, shiny|100/100
|turn|4
|
|t:|1785955298
|switch|p1b: Sylveon|Sylveon, L50, M, shiny|100/100
|switch|p2a: e4e5f4|Kingambit, L50, M, shiny|100/100
|move|p1a: Garchomp|Stomping Tantrum|p2b: WHEEEE
|-damage|p2b: WHEEEE|53/100
|-damage|p1a: Garchomp|90/100|[from] item: Life Orb
|move|p2b: WHEEEE|Hyper Voice|p1b: Sylveon|[spread] p1a,p1b
|-supereffective|p1a: Garchomp|1
|-damage|p1a: Garchomp|0 fnt
|-damage|p1b: Sylveon|65/100
|faint|p1a: Garchomp
|
|-sideend|p2: 2BStellar|move: Tailwind
|-sideend|p1: nutbuster151|move: Tailwind
|upkeep
|
|t:|1785955323
|switch|p1a: Aerodactyl|Aerodactyl-Mega, L50, F, shiny|2/100
|turn|5
|
|t:|1785955367
|move|p2b: WHEEEE|Quick Attack|p1a: Aerodactyl
|-damage|p1a: Aerodactyl|0 fnt
|faint|p1a: Aerodactyl
|move|p2a: e4e5f4|Iron Head|p1b: Sylveon
|-supereffective|p1b: Sylveon|1
|-damage|p1b: Sylveon|0 fnt
|faint|p1b: Sylveon
|-damage|p2a: e4e5f4|90/100|[from] item: Life Orb
|
|upkeep
|
|t:|1785955379
|switch|p1b: Kingambit|Kingambit, L50, M, shiny|67/100
|turn|6
|
|t:|1785955396
|move|p1b: Kingambit|Low Kick|p2a: e4e5f4
|-supereffective|p2a: e4e5f4|2
|-damage|p2a: e4e5f4|0 fnt
|faint|p2a: e4e5f4
|move|p2b: WHEEEE|Hyper Beam|p1b: Kingambit
|-damage|p1b: Kingambit|0 fnt
|-mustrecharge|p2b: WHEEEE
|faint|p1b: Kingambit
|
|win|2BStellar
|c|☆2BStellar|ggs
|c|☆nutbuster151|gg
|c|☆2BStellar|gl with your games and have a good day :)
