|j|☆THESEES
|j|☆ron97202
|html|THESEESron97202    
|uhtml|bestof|Game 2 of a best-of-3
|t:|1783805152
|gametype|doubles
|player|p1|THESEES|hilbert|1050
|player|p2|ron97202|101|1040
|gen|9
|tier|[Gen 9 Champions] VGC 2026 Reg M-B (Bo3)
|rated|
|rule|Species Clause: Limit one of each Pokémon
|rule|Item Clause: Limit 1 of each item
|clearpoke
|poke|p1|Pelipper, L50, M|
|poke|p1|Archaludon, L50, F|
|poke|p1|Basculegion, L50, M|
|poke|p1|Grimmsnarl, L50, M|
|poke|p1|Sceptile, L50, M|
|poke|p1|Rotom-Wash, L50|
|poke|p2|Ceruledge, L50, F|
|poke|p2|Annihilape, L50, F|
|poke|p2|Toxapex, L50, F|
|poke|p2|Goodra-Hisui, L50, F|
|poke|p2|Basculegion, L50, M|
|poke|p2|Metagross, L50|
|teampreview|4
|showteam|p1|Pelipper||DampRock|Drizzle|WeatherBall,WideGuard,Hurricane,HelpingHand|Modest||M|||50|]Archaludon||LifeOrb|Stamina|DracoMeteor,ElectroShot,Protect,FlashCannon|Timid||F|||50|]Basculegion||ChoiceScarf|Adaptability|FlipTurn,LastRespects,WaveCrash,Crunch|Adamant||M|||50|]Grimmsnarl||LightClay|Prankster|Reflect,LightScreen,PartingShot,SpiritBreak|Careful||M|||50|]Sceptile||Sceptilite|Overgrow|EnergyBall,EarthPower,DragonPulse,Detect|Timid||M|||50|]Rotom-Wash||SitrusBerry|Levitate|WillOWisp,RainDance,Electroweb,Discharge|Timid|||||50|
|showteam|p2|Ceruledge||Charcoal|FlashFire|BitterBlade,BulkUp,ShadowSneak,Protect|Adamant||F|||50|]Annihilape||Leftovers|Defiant|Coaching,DrainPunch,RageFist,BulkUp|Careful||F|||50|]Toxapex||SitrusBerry|Regenerator|PoisonJab,Liquidation,WideGuard,BanefulBunker|Adamant||F|||50|]Goodra-Hisui||ChopleBerry|Gooey|BodyPress,IronHead,BreakingSwipe,LifeDew|Careful||F|||50|]Basculegion||LifeOrb|Adaptability|WaveCrash,AquaJet,LastRespects,Protect|Adamant||M|||50|]Metagross||Metagrossite|ClearBody|Protect,PsychicFangs,BulletPunch,MeteorMash|Adamant|||||50|
|inactive|Battle timer is ON: inactive players will automatically lose when time's up. (requested by THESEES)
|inactive|THESEES has 60 seconds left.
|inactive|ron97202 has 60 seconds left.
|
|t:|1783805183
|teamsize|p1|4
|teamsize|p2|4
|start
|switch|p1a: Grimmsnarl|Grimmsnarl, L50, M|100/100
|switch|p1b: Basculegion|Basculegion, L50, M|100/100
|switch|p2a: Annihilape|Annihilape, L50, F|100/100
|switch|p2b: Metagross|Metagross, L50|100/100
|turn|1
|
|t:|1783805197
|detailschange|p2b: Metagross|Metagross-Mega, L50
|-mega|p2b: Metagross|Metagross|Metagrossite
|move|p1a: Grimmsnarl|Reflect|p1a: Grimmsnarl
|-sidestart|p1: THESEES|Reflect
|move|p1b: Basculegion|Crunch|p2b: Metagross
|-supereffective|p2b: Metagross|1
|-damage|p2b: Metagross|64/100
|move|p2b: Metagross|Meteor Mash|p1a: Grimmsnarl
|-supereffective|p1a: Grimmsnarl|1
|-damage|p1a: Grimmsnarl|0 fnt
|-boost|p2b: Metagross|atk|1
|faint|p1a: Grimmsnarl
|move|p2a: Annihilape|Coaching|p2b: Metagross
|-boost|p2b: Metagross|atk|1
|-boost|p2b: Metagross|def|1
|
|upkeep
|
|t:|1783805212
|switch|p1a: Rotom|Rotom-Wash, L50|100/100
|turn|2
|inactive|ron97202 has 30 seconds left.
|inactive|ron97202 has 20 seconds left.
|inactive|ron97202 has 15 seconds left.
|inactive|ron97202 has 10 seconds left.
|inactive|ron97202 has 5 seconds left.
|
|t:|1783805266
|switch|p1b: Archaludon|Archaludon, L50, F|100/100
|move|p1a: Rotom|Electroweb|p2a: Annihilape|[spread] p2a,p2b
|-damage|p2a: Annihilape|88/100
|-damage|p2b: Metagross|47/100
|-unboost|p2a: Annihilape|spe|1
|-ability|p2a: Annihilape|Defiant|boost
|-boost|p2a: Annihilape|atk|2
|-unboost|p2b: Metagross|spe|1
|move|p2b: Metagross|Psychic Fangs|p1b: Archaludon
|-sideend|p1: THESEES|Reflect
|-resisted|p1b: Archaludon|1
|-damage|p1b: Archaludon|50/100g
|-ability|p1b: Archaludon|Stamina|boost
|-boost|p1b: Archaludon|def|1
|move|p2a: Annihilape|Coaching|p2b: Metagross
|-boost|p2b: Metagross|atk|1
|-boost|p2b: Metagross|def|1
|
|-heal|p2a: Annihilape|94/100|[from] item: Leftovers
|upkeep
|turn|3
|
|t:|1783805286
|move|p1a: Rotom|Rain Dance|p1a: Rotom
|-weather|RainDance
|move|p1b: Archaludon|Electro Shot||[still]
|-prepare|p1b: Archaludon|Electro Shot
|-boost|p1b: Archaludon|spa|1
|-anim|p1b: Archaludon|Electro Shot|p2a: Annihilape
|-damage|p2a: Annihilape|41/100
|-damage|p1b: Archaludon|41/100|[from] item: Life Orb
|move|p2b: Metagross|Meteor Mash|p1a: Rotom
|-resisted|p1a: Rotom|2
|-crit|p1a: Rotom
|-damage|p1a: Rotom|7/100
|-enditem|p1a: Rotom|Sitrus Berry|[eat]
|-heal|p1a: Rotom|31/100|[from] item: Sitrus Berry
|move|p2a: Annihilape|Drain Punch|p1b: Archaludon
|-supereffective|p1b: Archaludon|1
|-damage|p1b: Archaludon|0 fnt
|-heal|p2a: Annihilape|58/100|[from] drain|[of] p1b: Archaludon
|faint|p1b: Archaludon
|
|-weather|RainDance|[upkeep]
|-heal|p2a: Annihilape|64/100|[from] item: Leftovers
|upkeep
|
|t:|1783805294
|switch|p1b: Basculegion|Basculegion, L50, M|100/100
|turn|4
|
|t:|1783805317
|move|p2b: Metagross|Bullet Punch|p1b: Basculegion
|-resisted|p1b: Basculegion|1
|-damage|p1b: Basculegion|47/100
|move|p1b: Basculegion|Last Respects|p2a: Annihilape
|-supereffective|p2a: Annihilape|1
|-crit|p2a: Annihilape
|-damage|p2a: Annihilape|0 fnt
|faint|p2a: Annihilape
|move|p1a: Rotom|Electroweb|p2b: Metagross
|-damage|p2b: Metagross|25/100
|-unboost|p2b: Metagross|spe|1
|
|-weather|RainDance|[upkeep]
|upkeep
|
|t:|1783805330
|switch|p2a: Basculegion|Basculegion, L50, M|100/100
|turn|5
|
|t:|1783805338
|move|p2a: Basculegion|Aqua Jet|p1b: Basculegion
|-resisted|p1b: Basculegion|1
|-damage|p1b: Basculegion|12/100
|-damage|p2a: Basculegion|90/100|[from] item: Life Orb
|move|p2b: Metagross|Bullet Punch|p1b: Basculegion
|-resisted|p1b: Basculegion|1
|-damage|p1b: Basculegion|0 fnt
|faint|p1b: Basculegion
|move|p1a: Rotom|Electroweb|p2b: Metagross|[spread] p2a,p2b
|-supereffective|p2a: Basculegion|1
|-damage|p2a: Basculegion|56/100
|-damage|p2b: Metagross|10/100
|-unboost|p2a: Basculegion|spe|1
|-unboost|p2b: Metagross|spe|1
|
|-weather|RainDance|[upkeep]
|upkeep
|turn|6
|
|t:|1783805351
|move|p1a: Rotom|Discharge|p2b: Metagross|[spread] p2a,p2b
|-supereffective|p2a: Basculegion|1
|-damage|p2a: Basculegion|0 fnt
|-damage|p2b: Metagross|0 fnt
|faint|p2a: Basculegion
|faint|p2b: Metagross
|
|-weather|RainDance|[upkeep]
|upkeep
|
|t:|1783805354
|switch|p2b: Toxapex|Toxapex, L50, F|100/100
|turn|7
|
|t:|1783805363
|move|p1a: Rotom|Discharge|p2b: Toxapex
|-supereffective|p2b: Toxapex|1
|-damage|p2b: Toxapex|38/100
|-status|p2b: Toxapex|par
|-enditem|p2b: Toxapex|Sitrus Berry|[eat]
|-heal|p2b: Toxapex|63/100 par|[from] item: Sitrus Berry
|cant|p2b: Toxapex|par
|
|-weather|none
|upkeep
|turn|8
|
|t:|1783805374
|move|p1a: Rotom|Discharge|p2b: Toxapex
|-supereffective|p2b: Toxapex|1
|-damage|p2b: Toxapex|5/100 par
|cant|p2b: Toxapex|par
|
|upkeep
|turn|9
|
|t:|1783805381
|move|p2b: Toxapex|Baneful Bunker|p2b: Toxapex
|-singleturn|p2b: Toxapex|move: Protect
|move|p1a: Rotom|Electroweb|p2b: Toxapex
|-activate|p2b: Toxapex|move: Protect
|
|upkeep
|turn|10
|
|t:|1783805386
|move|p1a: Rotom|Electroweb|p2b: Toxapex
|-supereffective|p2b: Toxapex|1
|-crit|p2b: Toxapex
|-damage|p2b: Toxapex|0 fnt
|faint|p2b: Toxapex
|
|win|THESEES
|raw|THESEES's rating: 1050 → 1082(+32 for winning)
|raw|ron97202's rating: 1040 → 1024(-16 for losing)
