|j|☆Basura2U
|j|☆BerryCekodok
|html|Basura2UBerryCekodok    
|uhtml|bestof|Game 1 of a best-of-3
|t:|1757770861
|gametype|doubles
|player|p1|Basura2U|lucas|1080
|player|p2|BerryCekodok|pokefan|1117
|gen|9
|tier|[Gen 9] VGC 2025 Reg H (Bo3)
|rated|
|rule|Species Clause: Limit one of each Pokémon
|rule|Item Clause: Limit 1 of each item
|clearpoke
|poke|p1|Talonflame, L50, M|
|poke|p1|Glimmora, L50, M|
|poke|p1|Gallade, L50, M|
|poke|p1|Dragapult, L50, F|
|poke|p1|Electabuzz, L50, M|
|poke|p1|Brambleghast, L50, M|
|poke|p2|Porygon2, L50|
|poke|p2|Ursaluna, L50, M|
|poke|p2|Incineroar, L50, M|
|poke|p2|Gholdengo, L50|
|poke|p2|Sneasler, L50, F|
|poke|p2|Vivillon-Savanna, L50, F|
|teampreview|4
|showteam|p1|Talonflame|||GaleWings|Acrobatics,FlareBlitz,Tailwind,Protect|||M|||50|,,,,,Ghost]Glimmora||PowerHerb|ToxicDebris|SpikyShield,EarthPower,MeteorBeam,SludgeBomb|||M|||50|,,,,,Flying]Gallade||ClearAmulet|Sharpness|Protect,SacredSword,PsychoCut,NightSlash|||M|||50|,,,,,Stellar]Dragapult||ChoiceScarf|ClearBody|DragonDarts,PhantomForce,PsychicFangs,Uturn|||F|||50|,,,,,Dragon]Electabuzz||Eviolite|VitalSpirit|FollowMe,Electroweb,Taunt,HelpingHand|||M|||50|,,,,,Fairy]Brambleghast||FocusSash|WindRider|Poltergeist,PowerWhip,ShadowSneak,StrengthSap|||M|||50|,,,,,Ghost
|showteam|p2|Porygon2||Eviolite|Download|TeraBlast,IceBeam,TrickRoom,Recover||||||50|,,,,,Fighting]Ursaluna||FlameOrb|Guts|Facade,HeadlongRush,Earthquake,Protect|||M|||50|,,,,,Ghost]Incineroar||SafetyGoggles|Intimidate|FlareBlitz,KnockOff,FakeOut,HelpingHand|||M|||50|,,,,,Ghost]Gholdengo||LifeOrb|GoodasGold|MakeItRain,ShadowBall,Protect,NastyPlot||||||50|,,,,,Dragon]Sneasler||WhiteHerb|Unburden|CloseCombat,DireClaw,ThroatChop,Protect|||F|||50|,,,,,Dark]Vivillon-Savanna||FocusSash|CompoundEyes|Hurricane,SleepPowder,RagePowder,Tailwind|||F|||50|,,,,,Ghost
|
|t:|1757770914
|teamsize|p1|4
|teamsize|p2|4
|start
|switch|p1a: Electabuzz|Electabuzz, L50, M|100/100
|switch|p1b: Gallade|Gallade, L50, M|100/100
|switch|p2a: Squishy|Porygon2, L50|100/100
|switch|p2b: Bearfoot|Ursaluna, L50, M|100/100
|-ability|p2a: Squishy|Download|boost
|-boost|p2a: Squishy|atk|1
|turn|1
|
|t:|1757770947
|move|p1a: Electabuzz|Helping Hand|p1b: Gallade
|-singleturn|p1b: Gallade|Helping Hand|[of] p1a: Electabuzz
|move|p1b: Gallade|Sacred Sword|p2a: Squishy
|-supereffective|p2a: Squishy
|-damage|p2a: Squishy|0 fnt
|faint|p2a: Squishy
|move|p2b: Bearfoot|Headlong Rush|p1a: Electabuzz
|-supereffective|p1a: Electabuzz
|-damage|p1a: Electabuzz|0 fnt
|-unboost|p2b: Bearfoot|def|1
|-unboost|p2b: Bearfoot|spd|1
|faint|p1a: Electabuzz
|
|-status|p2b: Bearfoot|brn|[from] item: Flame Orb
|upkeep
|
|t:|1757770964
|switch|p1a: Talonflame|Talonflame, L50, M|100/100
|switch|p2a: Hunter|Incineroar, L50, M|100/100
|-ability|p2a: Hunter|Intimidate|boost
|-unboost|p1a: Talonflame|atk|1
|-fail|p1b: Gallade|unboost|[from] item: Clear Amulet|[of] p1b: Gallade
|turn|2
|inactive|Battle timer is ON: inactive players will automatically lose when time's up. (requested by Basura2U)
|
|t:|1757771019
|-terastallize|p1a: Talonflame|Ghost
|move|p1b: Gallade|Protect|p1b: Gallade
|-singleturn|p1b: Gallade|Protect
|move|p2a: Hunter|Fake Out|p1b: Gallade
|-activate|p1b: Gallade|move: Protect
|move|p1a: Talonflame|Tailwind|p1a: Talonflame
|-sidestart|p1: Basura2U|move: Tailwind
|move|p2b: Bearfoot|Facade|p1a: Talonflame
|-immune|p1a: Talonflame
|
|-damage|p2b: Bearfoot|95/100 brn|[from] brn
|upkeep
|turn|3
|
|t:|1757771038
|move|p2b: Bearfoot|Protect|p2b: Bearfoot
|-singleturn|p2b: Bearfoot|Protect
|move|p1a: Talonflame|Acrobatics|p2b: Bearfoot
|-activate|p2b: Bearfoot|move: Protect
|move|p1b: Gallade|Sacred Sword|p2a: Hunter
|-supereffective|p2a: Hunter
|-damage|p2a: Hunter|0 fnt
|faint|p2a: Hunter
|
|-damage|p2b: Bearfoot|89/100 brn|[from] brn
|upkeep
|
|t:|1757771045
|switch|p2a: Cliffhanger|Sneasler, L50, F|100/100
|turn|4
|inactive|Basura2U has 30 seconds left.
|inactive|BerryCekodok has 30 seconds left.
|
|t:|1757771072
|-terastallize|p2a: Cliffhanger|Dark
|move|p1b: Gallade|Protect|p1b: Gallade
|-singleturn|p1b: Gallade|Protect
|move|p1a: Talonflame|Acrobatics|p2a: Cliffhanger
|-damage|p2a: Cliffhanger|50/100
|move|p2a: Cliffhanger|Throat Chop|p1a: Talonflame
|-supereffective|p1a: Talonflame
|-damage|p1a: Talonflame|0 fnt
|faint|p1a: Talonflame
|move|p2b: Bearfoot|Facade|p1b: Gallade
|-activate|p1b: Gallade|move: Protect
|
|-damage|p2b: Bearfoot|83/100 brn|[from] brn
|upkeep
|
|t:|1757771076
|switch|p1a: Brambleghast|Brambleghast, L50, M|100/100
|-ability|p1a: Brambleghast|Wind Rider|boost
|-boost|p1a: Brambleghast|atk|1
|turn|5
|
|t:|1757771100
|move|p2a: Cliffhanger|Protect|p2a: Cliffhanger
|-singleturn|p2a: Cliffhanger|Protect
|move|p2b: Bearfoot|Protect|p2b: Bearfoot
|-singleturn|p2b: Bearfoot|Protect
|move|p1a: Brambleghast|Power Whip|p2b: Bearfoot
|-activate|p2b: Bearfoot|move: Protect
|move|p1b: Gallade|Sacred Sword|p2a: Cliffhanger
|-activate|p2a: Cliffhanger|move: Protect
|
|-damage|p2b: Bearfoot|77/100 brn|[from] brn
|-sideend|p1: Basura2U|move: Tailwind
|upkeep
|turn|6
|
|t:|1757771124
|move|p1b: Gallade|Protect|p1b: Gallade
|-singleturn|p1b: Gallade|Protect
|move|p2a: Cliffhanger|Throat Chop|p1a: Brambleghast
|-supereffective|p1a: Brambleghast
|-enditem|p1a: Brambleghast|Focus Sash
|-damage|p1a: Brambleghast|1/100
|-start|p1a: Brambleghast|Throat Chop|[silent]
|move|p1a: Brambleghast|Power Whip|p2a: Cliffhanger
|-damage|p2a: Cliffhanger|0 fnt
|faint|p2a: Cliffhanger
|move|p2b: Bearfoot|Facade|p1b: Gallade
|-activate|p1b: Gallade|move: Protect
|
|-damage|p2b: Bearfoot|71/100 brn|[from] brn
|upkeep
|turn|7
|
|t:|1757771146
|move|p1a: Brambleghast|Strength Sap|p2b: Bearfoot
|-unboost|p2b: Bearfoot|atk|1
|-heal|p1a: Brambleghast|100/100
|move|p1b: Gallade|Sacred Sword|p2b: Bearfoot
|-supereffective|p2b: Bearfoot
|-damage|p2b: Bearfoot|0 fnt
|faint|p2b: Bearfoot
|
|win|Basura2U
||BerryCekodok is ready for game 2.
||Basura2U is ready for game 2.
|uhtml|next|Next: Game 2 of 3
|l|☆BerryCekodok
|player|p2|
