|j|☆Advertisementish
|j|☆bruGno
|html|AdvertisementishbruGno    
|uhtml|bestof|Game 1 of a best-of-3
|t:|1786117874
|gametype|doubles
|player|p1|Advertisementish|ghetsis|1248
|player|p2|bruGno|ash-kalos|1402
|gen|9
|tier|[Gen 9 Champions] VGC 2026 Reg M-B (Bo3)
|rated|
|rule|Species Clause: Limit one of each Pokémon
|rule|Item Clause: Limit 1 of each item
|clearpoke
|poke|p1|Glimmora, L50, M|
|poke|p1|Maushold, L50|
|poke|p1|Annihilape, L50, F|
|poke|p1|Ninetales-Alola, L50, F|
|poke|p1|Primarina, L50, M|
|poke|p1|Hydreigon, L50, F|
|poke|p2|Venusaur, L50, M|
|poke|p2|Charizard, L50, M|
|poke|p2|Grimmsnarl, L50, M|
|poke|p2|Archaludon, L50, F|
|poke|p2|Pelipper, L50, F|
|poke|p2|Swampert, L50, M|
|teampreview|4
|showteam|p1|Glimmora||Glimmoranite|ToxicDebris|PowerGem,SludgeBomb,EarthPower,SpikyShield|Modest||M|||50|]Maushold||ChopleBerry|FriendGuard|BeatUp,FollowMe,Protect,Feint|Bold|||||50|]Annihilape||Leftovers|Defiant|RageFist,DrainPunch,BulkUp,Protect|Adamant||F|||50|]Ninetales-Alola||NeverMeltIce|SnowWarning|Blizzard,FreezeDry,AuroraVeil,Protect|Timid||F|||50|]Primarina||LifeOrb|LiquidVoice|HyperVoice,DazzlingGleam,Moonblast,Protect|Modest||M|||50|]Hydreigon||FocusSash|Levitate|DarkPulse,DracoMeteor,Tailwind,Protect|Timid||F|||50|
|showteam|p2|Venusaur||FocusSash|Chlorophyll|SludgeBomb,EarthPower,SleepPowder,Protect|Modest||M|||50|]Charizard||CharizarditeY|Blaze|Protect,HeatWave,SolarBeam,WeatherBall|Modest||M|||50|]Grimmsnarl||LightClay|Prankster|SpiritBreak,LightScreen,Reflect,PartingShot|Sassy||M|||50|]Archaludon||Leftovers|Stamina|ElectroShot,DragonPulse,FlashCannon,Protect|Calm||F|||50|]Pelipper||SitrusBerry|Drizzle|Hurricane,WeatherBall,Tailwind,WideGuard|Modest||F|||50|]Swampert||Swampertite|Torrent|WaveCrash,Earthquake,IcePunch,Protect|Adamant||M|||50|
|inactive|Battle timer is ON: inactive players will automatically lose when time's up. (requested by Advertisementish)
|inactive|Advertisementish has 60 seconds left.
|inactive|bruGno has 60 seconds left.
|
|t:|1786117930
|teamsize|p1|4
|teamsize|p2|4
|start
|switch|p1a: Annihilape|Annihilape, L50, F|100/100
|switch|p1b: Maushold|Maushold, L50|100/100
|switch|p2a: Charizard|Charizard, L50, M|100/100
|switch|p2b: Venusaur|Venusaur, L50, M|100/100
|turn|1
|
|t:|1786117951
|detailschange|p2a: Charizard|Charizard-Mega-Y, L50, M
|-mega|p2a: Charizard|Charizard|Charizardite Y
|-weather|SunnyDay|[from] ability: Drought|[of] p2a: Charizard
|move|p1b: Maushold|Follow Me|p1b: Maushold
|-singleturn|p1b: Maushold|move: Follow Me
|move|p2b: Venusaur|Sleep Powder|p1b: Maushold
|-status|p1b: Maushold|slp|[from] move: Sleep Powder
|move|p2a: Charizard|Heat Wave|p1a: Annihilape|[spread] p1a,p1b
|-damage|p1a: Annihilape|67/100
|-damage|p1b: Maushold|31/100 slp
|move|p1a: Annihilape|Bulk Up|p1a: Annihilape
|-boost|p1a: Annihilape|atk|1
|-boost|p1a: Annihilape|def|1
|
|-weather|SunnyDay|[upkeep]
|-heal|p1a: Annihilape|73/100|[from] item: Leftovers
|upkeep
|turn|2
|
|t:|1786117974
|move|p1a: Annihilape|Protect|p1a: Annihilape
|-singleturn|p1a: Annihilape|Protect
|cant|p1b: Maushold|slp
|move|p2b: Venusaur|Sludge Bomb|p1a: Annihilape
|-activate|p1a: Annihilape|move: Protect
|move|p2a: Charizard|Heat Wave|p1b: Maushold|[spread] p1b
|-activate|p1a: Annihilape|move: Protect
|-damage|p1b: Maushold|0 fnt
|faint|p1b: Maushold
|
|-weather|SunnyDay|[upkeep]
|-heal|p1a: Annihilape|79/100|[from] item: Leftovers
|upkeep
|
|t:|1786117986
|switch|p1b: Ninetales|Ninetales-Alola, L50, F|100/100
|-weather|Snowscape|[from] ability: Snow Warning|[of] p1b: Ninetales
|turn|3
|inactive|bruGno has 30 seconds left.
|
|t:|1786118014
|switch|p2a: Pelipper|Pelipper, L50, F|100/100
|-weather|RainDance|[from] ability: Drizzle|[of] p2a: Pelipper
|move|p1b: Ninetales|Blizzard|p2b: Venusaur|[spread] p2a,p2b
|-supereffective|p2b: Venusaur|1
|-damage|p2a: Pelipper|62/100
|-damage|p2b: Venusaur|22/100
|move|p2b: Venusaur|Sleep Powder|p1a: Annihilape
|-status|p1a: Annihilape|slp|[from] move: Sleep Powder
|cant|p1a: Annihilape|slp
|
|-weather|RainDance|[upkeep]
|-heal|p1a: Annihilape|86/100 slp|[from] item: Leftovers
|upkeep
|turn|4
|inactive|Advertisementish has 30 seconds left.
|inactive|bruGno has 30 seconds left.
|inactive|Advertisementish has 20 seconds left.
|inactive|Advertisementish has 15 seconds left.
|inactive|bruGno has 20 seconds left.
|inactive|Advertisementish has 10 seconds left.
|inactive|bruGno has 15 seconds left.
|
|t:|1786118064
|-curestatus|p1a: Annihilape|slp|[msg]
|move|p1a: Annihilape|Protect|p1a: Annihilape
|-singleturn|p1a: Annihilape|Protect
|move|p1b: Ninetales|Blizzard|p2a: Pelipper|[spread] p2a,p2b
|-supereffective|p2b: Venusaur|1
|-damage|p2a: Pelipper|27/100
|-damage|p2b: Venusaur|0 fnt
|-enditem|p2a: Pelipper|Sitrus Berry|[eat]
|-heal|p2a: Pelipper|51/100|[from] item: Sitrus Berry
|faint|p2b: Venusaur
|move|p2a: Pelipper|Hurricane|p1a: Annihilape
|-activate|p1a: Annihilape|move: Protect
|
|-weather|RainDance|[upkeep]
|-heal|p1a: Annihilape|92/100|[from] item: Leftovers
|upkeep
|
|t:|1786118071
|switch|p2b: Charizard|Charizard-Mega-Y, L50, M|100/100
|-weather|SunnyDay|[from] ability: Drought|[of] p2b: Charizard
|turn|5
|
|t:|1786118080
|move|p1b: Ninetales|Freeze-Dry|p2a: Pelipper
|-supereffective|p2a: Pelipper|2
|-damage|p2a: Pelipper|0 fnt
|faint|p2a: Pelipper
|move|p2b: Charizard|Heat Wave|p1b: Ninetales|[spread] p1a,p1b
|-supereffective|p1b: Ninetales|1
|-damage|p1a: Annihilape|47/100
|-damage|p1b: Ninetales|0 fnt
|faint|p1b: Ninetales
|move|p1a: Annihilape|Rage Fist|p2b: Charizard
|-damage|p2b: Charizard|1/100
|
|-weather|SunnyDay|[upkeep]
|-heal|p1a: Annihilape|53/100|[from] item: Leftovers
|upkeep
|
|t:|1786118093
|switch|p1b: Primarina|Primarina, L50, M|100/100
|switch|p2a: Archaludon|Archaludon, L50, F|100/100
|turn|6
|
|t:|1786118105
|move|p2b: Charizard|Protect|p2b: Charizard
|-singleturn|p2b: Charizard|Protect
|move|p1b: Primarina|Protect|p1b: Primarina
|-singleturn|p1b: Primarina|Protect
|move|p1a: Annihilape|Drain Punch|p2b: Charizard
|-activate|p2b: Charizard|move: Protect
|move|p2a: Archaludon|Electro Shot||[still]
|-prepare|p2a: Archaludon|Electro Shot
|-boost|p2a: Archaludon|spa|1
|
|-weather|SunnyDay|[upkeep]
|-heal|p1a: Annihilape|60/100|[from] item: Leftovers
|upkeep
|turn|7
|inactive|bruGno has 30 seconds left.
|inactive|bruGno has 20 seconds left.
|
|t:|1786118141
|move|p2b: Charizard|Weather Ball|p1a: Annihilape
|-damage|p1a: Annihilape|0 fnt
|faint|p1a: Annihilape
|move|p2a: Archaludon|Electro Shot|p1b: Primarina|[from] lockedmove
|-supereffective|p1b: Primarina|1
|-damage|p1b: Primarina|0 fnt
|faint|p1b: Primarina
|
|win|bruGno
||Advertisementish is ready for game 2.
|l|☆Advertisementish
|player|p1|
