|j|☆FR45
|j|☆BigWy2000
|html|FR45BigWy2000    
|uhtml|bestof|Game 3 of a best-of-3
|t:|1782185337
|gametype|doubles
|player|p1|FR45|ethan|1164
|player|p2|BigWy2000|101|1102
|gen|9
|tier|[Gen 9 Champions] VGC 2026 Reg M-B (Bo3)
|rated|
|rule|Species Clause: Limit one of each Pokémon
|rule|Item Clause: Limit 1 of each item
|clearpoke
|poke|p1|Garchomp, L50, M|
|poke|p1|Mawile, L50, M, shiny|
|poke|p1|Charizard, L50, M, shiny|
|poke|p1|Sneasler, L50, F|
|poke|p1|Farigiraf, L50, M|
|poke|p1|Milotic, L50, F|
|poke|p2|Charizard, L50, F|
|poke|p2|Garchomp, L50, M|
|poke|p2|Rotom-Wash, L50|
|poke|p2|Torkoal, L50, F|
|poke|p2|Incineroar, L50, M|
|poke|p2|Venusaur, L50, F|
|teampreview|4
|showteam|p1|Garchomp||LifeOrb|RoughSkin|DragonClaw,StompingTantrum,RockSlide,Protect|Jolly||M|||50|]Mawile||Mawilite|Intimidate|IronHead,SuckerPunch,PlayRough,Protect|Adamant||M|||50|]Charizard||CharizarditeY|SolarPower|HeatWave,SolarBeam,WeatherBall,Protect|Timid||M|||50|]Sneasler||WhiteHerb|Unburden|FakeOut,DireClaw,CloseCombat,Protect|Jolly||F|||50|]Farigiraf||SitrusBerry|ArmorTail|Psychic,Thunderbolt,HelpingHand,TrickRoom|Quiet||M|||50|]Milotic||Leftovers|Competitive|Scald,IceBeam,Recover,Protect|Modest||F|||50|
|showteam|p2|Charizard||CharizarditeY|Blaze|HeatWave,Overheat,SolarBeam,Protect|Timid||F|||50|]Garchomp||ChoiceScarf|RoughSkin|Earthquake,RockSlide,DragonClaw,IronHead|Jolly||M|||50|]Rotom-Wash||Magnet|Levitate|Thunderbolt,HydroPump,WillOWisp,Protect|Calm|||||50|]Torkoal||Charcoal|Drought|Eruption,HeatWave,Protect,EarthPower|Modest||F|||50|]Incineroar||SitrusBerry|Intimidate|FakeOut,FlareBlitz,PartingShot,Taunt|Adamant||M|||50|]Venusaur||FocusSash|Chlorophyll|SleepPowder,SludgeBomb,GigaDrain,Protect|Modest||F|||50|
|inactive|Battle timer is ON: inactive players will automatically lose when time's up. (requested by FR45)
|
|t:|1782185356
|teamsize|p1|4
|teamsize|p2|4
|start
|switch|p1a: Charizard|Charizard, L50, M, shiny|100/100
|switch|p1b: Sneasler|Sneasler, L50, F|100/100
|switch|p2a: Garchomp|Garchomp, L50, M|100/100
|switch|p2b: Charizard|Charizard, L50, F|100/100
|turn|1
|
|t:|1782185379
|detailschange|p2b: Charizard|Charizard-Mega-Y, L50, F
|-mega|p2b: Charizard|Charizard|Charizardite Y
|-weather|SunnyDay|[from] ability: Drought|[of] p2b: Charizard
|detailschange|p1a: Charizard|Charizard-Mega-Y, L50, M, shiny
|-mega|p1a: Charizard|Charizard|Charizardite Y
|move|p1b: Sneasler|Fake Out|p2a: Garchomp
|-damage|p2a: Garchomp|85/100
|-damage|p1b: Sneasler|87/100|[from] ability: Rough Skin|[of] p2a: Garchomp
|cant|p2a: Garchomp|flinch
|move|p2b: Charizard|Heat Wave|p1b: Sneasler|[spread] p1a,p1b
|-resisted|p1a: Charizard|1
|-damage|p1a: Charizard|66/100
|-damage|p1b: Sneasler|0 fnt
|faint|p1b: Sneasler
|move|p1a: Charizard|Weather Ball|p2a: Garchomp
|-resisted|p2a: Garchomp|1
|-damage|p2a: Garchomp|35/100
|
|-weather|SunnyDay|[upkeep]
|upkeep
|
|t:|1782185399
|switch|p1b: Milotic|Milotic, L50, F|100/100
|turn|2
|
|t:|1782185408
|move|p1a: Charizard|Protect|p1a: Charizard
|-singleturn|p1a: Charizard|Protect
|move|p1b: Milotic|Protect|p1b: Milotic
|-singleturn|p1b: Milotic|Protect
|move|p2a: Garchomp|Rock Slide|p1a: Charizard|[spread] 
|-activate|p1a: Charizard|move: Protect
|-activate|p1b: Milotic|move: Protect
|move|p2b: Charizard|Solar Beam||[still]
|-prepare|p2b: Charizard|Solar Beam
|-anim|p2b: Charizard|Solar Beam|p1b: Milotic
|-activate|p1b: Milotic|move: Protect
|
|-weather|SunnyDay|[upkeep]
|upkeep
|turn|3
|inactive|FR45 has 30 seconds left.
|
|t:|1782185437
|move|p2a: Garchomp|Rock Slide|p1b: Milotic|[spread] p1a,p1b
|-supereffective|p1a: Charizard|2
|-damage|p1a: Charizard|0 fnt
|-damage|p1b: Milotic|84/100
|faint|p1a: Charizard
|move|p2b: Charizard|Solar Beam||[still]
|-prepare|p2b: Charizard|Solar Beam
|-anim|p2b: Charizard|Solar Beam|p1b: Milotic
|-supereffective|p1b: Milotic|1
|-damage|p1b: Milotic|10/100
|move|p1b: Milotic|Ice Beam|p2a: Garchomp
|-supereffective|p2a: Garchomp|2
|-damage|p2a: Garchomp|0 fnt
|faint|p2a: Garchomp
|
|-weather|SunnyDay|[upkeep]
|-heal|p1b: Milotic|16/100|[from] item: Leftovers
|upkeep
|
|t:|1782185450
|switch|p2a: Venusaur|Venusaur, L50, F|100/100
|switch|p1a: Garchomp|Garchomp, L50, M|100/100
|turn|4
|
|t:|1782185462
|move|p1b: Milotic|Protect|p1b: Milotic
|-singleturn|p1b: Milotic|Protect
|move|p2a: Venusaur|Giga Drain|p1b: Milotic
|-activate|p1b: Milotic|move: Protect
|move|p2b: Charizard|Solar Beam||[still]
|-prepare|p2b: Charizard|Solar Beam
|-anim|p2b: Charizard|Solar Beam|p1a: Garchomp
|-damage|p1a: Garchomp|53/100
|move|p1a: Garchomp|Rock Slide|p2b: Charizard|[spread] p2a,p2b
|-supereffective|p2b: Charizard|2
|-damage|p2a: Venusaur|63/100
|-damage|p2b: Charizard|0 fnt
|faint|p2b: Charizard
|-damage|p1a: Garchomp|43/100|[from] item: Life Orb
|
|-weather|SunnyDay|[upkeep]
|-heal|p1b: Milotic|22/100|[from] item: Leftovers
|upkeep
|
|t:|1782185477
|switch|p2b: Torkoal|Torkoal, L50, F|100/100
|turn|5
|
|t:|1782185484
|move|p1a: Garchomp|Protect|p1a: Garchomp
|-singleturn|p1a: Garchomp|Protect
|move|p2a: Venusaur|Giga Drain|p1b: Milotic
|-supereffective|p1b: Milotic|1
|-damage|p1b: Milotic|0 fnt
|-heal|p2a: Venusaur|77/100|[from] drain|[of] p1b: Milotic
|faint|p1b: Milotic
|move|p2b: Torkoal|Heat Wave|p1a: Garchomp
|-activate|p1a: Garchomp|move: Protect
|
|-weather|none
|upkeep
|turn|6
|
|t:|1782185504
|move|p1a: Garchomp|Rock Slide|p2a: Venusaur|[spread] p2a,p2b
|-supereffective|p2b: Torkoal|1
|-damage|p2a: Venusaur|43/100
|-damage|p2b: Torkoal|61/100
|-damage|p1a: Garchomp|33/100|[from] item: Life Orb
|cant|p2a: Venusaur|flinch
|move|p2b: Torkoal|Heat Wave|p1a: Garchomp
|-resisted|p1a: Garchomp|1
|-damage|p1a: Garchomp|9/100
|
|upkeep
|turn|7
|
|t:|1782185519
|move|p1a: Garchomp|Rock Slide|p2a: Venusaur|[spread] p2a,p2b
|-supereffective|p2b: Torkoal|1
|-damage|p2a: Venusaur|10/100
|-damage|p2b: Torkoal|24/100
|-damage|p1a: Garchomp|0 fnt|[from] item: Life Orb
|faint|p1a: Garchomp
|
|win|BigWy2000
|raw|FR45's rating: 1164 → 1135(-29 for losing)
|raw|BigWy2000's rating: 1102 → 1131(+29 for winning)
