|j|☆Professor_J93
|j|☆Keith Jones
|html|Professor_J93Keith Jones    
|uhtml|bestof|Game 2 of a best-of-3
|t:|1783372739
|gametype|doubles
|player|p1|Professor_J93|n|1354
|player|p2|Keith Jones|benga|1365
|gen|9
|tier|[Gen 9 Champions] VGC 2026 Reg M-B (Bo3)
|rated|
|rule|Species Clause: Limit one of each Pokémon
|rule|Item Clause: Limit 1 of each item
|clearpoke
|poke|p1|Raichu, L50, M|
|poke|p1|Vivillon-Ocean, L50, F|
|poke|p1|Infernape, L50, M|
|poke|p1|Sylveon, L50, F|
|poke|p1|Farigiraf, L50, M|
|poke|p1|Mawile, L50, F|
|poke|p2|Swampert, L50, M|
|poke|p2|Pelipper, L50, M|
|poke|p2|Aerodactyl, L50, F|
|poke|p2|Archaludon, L50, F|
|poke|p2|Kingambit, L50, M|
|poke|p2|Incineroar, L50, M|
|teampreview|4
|showteam|p1|Raichu||RaichuniteY|LightningRod|ZapCannon,FocusBlast,FakeOut,Protect|Modest||M|||50|]Vivillon-Ocean||FocusSash|CompoundEyes|Hurricane,Tailwind,SleepPowder,Protect|Timid||F|||50|]Infernape||Charcoal|Blaze|Overheat,FakeOut,Encore,Protect|Timid||M|||50|]Sylveon||FairyFeather|Pixilate|HyperVoice,HyperBeam,QuickAttack,Protect|Modest||F|||50|]Farigiraf||SitrusBerry|ArmorTail|Psyshock,Roar,TrickRoom,HelpingHand|Relaxed||M|||50|]Mawile||Mawilite|Intimidate|SuckerPunch,IronHead,SwordsDance,Protect|Adamant||F|||50|
|showteam|p2|Swampert||Swampertite|Torrent|WaveCrash,Earthquake,IcePunch,Protect|Adamant||M|||50|]Pelipper||FocusSash|Drizzle|WeatherBall,Hurricane,Tailwind,Protect|Modest||M|||50|]Aerodactyl||Aerodactylite|Unnerve|RockSlide,DualWingbeat,Tailwind,Protect|Jolly||F|||50|]Archaludon||Leftovers|Stamina|DragonPulse,FlashCannon,ElectroShot,Protect|Bold||F|||50|]Kingambit||BlackGlasses|Defiant|KowtowCleave,SuckerPunch,SwordsDance,Protect|Adamant||M|||50|]Incineroar||SitrusBerry|Intimidate|FlareBlitz,ThroatChop,PartingShot,FakeOut|Careful||M|||50|
|
|t:|1783372804
|teamsize|p1|4
|teamsize|p2|4
|start
|switch|p1a: Mawile|Mawile, L50, F|100/100
|switch|p1b: Farigiraf|Farigiraf, L50, M|100/100
|switch|p2a: Pelipper|Pelipper, L50, M|100/100
|switch|p2b: Swampert|Swampert, L50, M|100/100
|-weather|RainDance|[from] ability: Drizzle|[of] p2a: Pelipper
|-ability|p1a: Mawile|Intimidate|boost
|-unboost|p2a: Pelipper|atk|1
|-unboost|p2b: Swampert|atk|1
|turn|1
|
|t:|1783372817
|detailschange|p2b: Swampert|Swampert-Mega, L50, M
|-mega|p2b: Swampert|Swampert|Swampertite
|move|p1a: Mawile|Protect|p1a: Mawile
|-singleturn|p1a: Mawile|Protect
|move|p2b: Swampert|Earthquake|p1a: Mawile|[spread] p1b
|-activate|p1a: Mawile|move: Protect
|-immune|p2a: Pelipper
|-damage|p1b: Farigiraf|73/100
|move|p2a: Pelipper|Weather Ball|p1a: Mawile
|-activate|p1a: Mawile|move: Protect
|move|p1b: Farigiraf|Trick Room|p1b: Farigiraf
|-fieldstart|move: Trick Room|[of] p1b: Farigiraf
|
|-weather|RainDance|[upkeep]
|upkeep
|turn|2
|
|t:|1783372831
|detailschange|p1a: Mawile|Mawile-Mega, L50, F
|-mega|p1a: Mawile|Mawile|Mawilite
|move|p1a: Mawile|Swords Dance|p1a: Mawile
|-boost|p1a: Mawile|atk|2
|move|p1b: Farigiraf|Psyshock|p2a: Pelipper
|-damage|p2a: Pelipper|62/100
|move|p2a: Pelipper|Weather Ball|p1a: Mawile
|-damage|p1a: Mawile|15/100
|move|p2b: Swampert|Earthquake|p1a: Mawile|[spread] p1a,p1b
|-immune|p2a: Pelipper
|-supereffective|p1a: Mawile|1
|-damage|p1a: Mawile|0 fnt
|-damage|p1b: Farigiraf|50/100y
|-enditem|p1b: Farigiraf|Sitrus Berry|[eat]
|-heal|p1b: Farigiraf|75/100|[from] item: Sitrus Berry
|faint|p1a: Mawile
|
|-weather|RainDance|[upkeep]
|upkeep
|
|t:|1783372841
|switch|p1a: Sylveon|Sylveon, L50, F|100/100
|turn|3
|
|t:|1783372855
|move|p2a: Pelipper|Protect|p2a: Pelipper
|-singleturn|p2a: Pelipper|Protect
|move|p2b: Swampert|Protect|p2b: Swampert
|-singleturn|p2b: Swampert|Protect
|move|p1b: Farigiraf|Psyshock|p2b: Swampert
|-activate|p2b: Swampert|move: Protect
|move|p1a: Sylveon|Hyper Voice|p2b: Swampert|[spread] 
|-activate|p2a: Pelipper|move: Protect
|-activate|p2b: Swampert|move: Protect
|
|-weather|RainDance|[upkeep]
|upkeep
|turn|4
|
|t:|1783372861
|switch|p2a: Aerodactyl|Aerodactyl, L50, F|100/100
|-ability|p2a: Aerodactyl|Unnerve
|switch|p2b: Kingambit|Kingambit, L50, M|100/100
|move|p1b: Farigiraf|Psyshock|p2b: Kingambit
|-immune|p2b: Kingambit
|move|p1a: Sylveon|Hyper Voice|p2a: Aerodactyl|[spread] p2a,p2b
|-damage|p2a: Aerodactyl|44/100
|-damage|p2b: Kingambit|51/100
|
|-weather|RainDance|[upkeep]
|upkeep
|turn|5
|
|t:|1783372881
|move|p2b: Kingambit|Protect|p2b: Kingambit
|-singleturn|p2b: Kingambit|Protect
|move|p2a: Aerodactyl|Protect|p2a: Aerodactyl
|-singleturn|p2a: Aerodactyl|Protect
|move|p1a: Sylveon|Hyper Voice|p2b: Kingambit|[spread] 
|-activate|p2a: Aerodactyl|move: Protect
|-activate|p2b: Kingambit|move: Protect
|move|p1b: Farigiraf|Roar|p2a: Aerodactyl
|drag|p2a: Pelipper|Pelipper, L50, M|62/100
|
|-weather|none
|-fieldend|move: Trick Room
|upkeep
|turn|6
|
|t:|1783372896
|switch|p2a: Aerodactyl|Aerodactyl, L50, F|44/100
|-ability|p2a: Aerodactyl|Unnerve
|move|p2b: Kingambit|Kowtow Cleave|p1b: Farigiraf
|-supereffective|p1b: Farigiraf|1
|-damage|p1b: Farigiraf|0 fnt
|faint|p1b: Farigiraf
|move|p1a: Sylveon|Hyper Voice|p2b: Kingambit|[spread] p2a,p2b
|-damage|p2a: Aerodactyl|0 fnt
|-damage|p2b: Kingambit|0 fnt
|faint|p2a: Aerodactyl
|faint|p2b: Kingambit
|
|upkeep
|
|t:|1783372903
|switch|p2a: Swampert|Swampert-Mega, L50, M|100/100
|switch|p2b: Pelipper|Pelipper, L50, M|62/100
|switch|p1b: Vivillon|Vivillon-Ocean, L50, F|100/100
|-weather|RainDance|[from] ability: Drizzle|[of] p2b: Pelipper
|turn|7
|
|t:|1783372925
|move|p2b: Pelipper|Protect|p2b: Pelipper
|-singleturn|p2b: Pelipper|Protect
|move|p1a: Sylveon|Protect|p1a: Sylveon
|-singleturn|p1a: Sylveon|Protect
|move|p2a: Swampert|Ice Punch|p1b: Vivillon
|-supereffective|p1b: Vivillon|1
|-enditem|p1b: Vivillon|Focus Sash
|-damage|p1b: Vivillon|1/100
|move|p1b: Vivillon|Sleep Powder|p2a: Swampert
|-status|p2a: Swampert|slp|[from] move: Sleep Powder
|
|-weather|RainDance|[upkeep]
|upkeep
|turn|8
|
|t:|1783372939
|move|p2b: Pelipper|Protect||[still]
|-fail|p2b: Pelipper
|cant|p2a: Swampert|slp
|move|p1b: Vivillon|Hurricane|p2b: Pelipper
|-damage|p2b: Pelipper|0 fnt
|faint|p2b: Pelipper
|move|p1a: Sylveon|Hyper Voice|p2a: Swampert
|-damage|p2a: Swampert|46/100 slp
|
|-weather|RainDance|[upkeep]
|upkeep
|turn|9
|
|t:|1783372945
|-curestatus|p2a: Swampert|slp|[msg]
|move|p2a: Swampert|Wave Crash|p1a: Sylveon
|-damage|p1a: Sylveon|0 fnt
|faint|p1a: Sylveon
|-damage|p2a: Swampert|15/100|[from] Recoil
|move|p1b: Vivillon|Tailwind|p1b: Vivillon
|-sidestart|p1: Professor_J93|move: Tailwind
|
|-weather|RainDance|[upkeep]
|upkeep
|turn|10
|
|t:|1783372958
|move|p1b: Vivillon|Hurricane|p2a: Swampert
|-damage|p2a: Swampert|0 fnt
|faint|p2a: Swampert
|
|win|Professor_J93
|raw|Professor_J93's rating: 1354 → 1375(+21 for winning)
|raw|Keith Jones's rating: 1365 → 1344(-21 for losing)
