|j|☆FrosteXD
|j|☆Kripo405
|html|FrosteXDKripo405    
|uhtml|bestof|Game 2 of a best-of-3
|t:|1756385783
|gametype|doubles
|player|p1|FrosteXD|1|1084
|player|p2|Kripo405|266|1031
|gen|9
|tier|[Gen 9] VGC 2025 Reg H (Bo3)
|rated|
|rule|Species Clause: Limit one of each Pokémon
|rule|Item Clause: Limit 1 of each item
|clearpoke
|poke|p1|Maushold-Four, L50|
|poke|p1|Dragonite, L50, M|
|poke|p1|Volcarona, L50, F|
|poke|p1|Sneasler, L50, M|
|poke|p1|Rillaboom, L50, M|
|poke|p1|Swampert, L50, F|
|poke|p2|Smeargle, L50, M|
|poke|p2|Hydreigon, L50, M|
|poke|p2|Garchomp, L50, F|
|poke|p2|Whimsicott, L50, F|
|poke|p2|Incineroar, L50, M|
|poke|p2|Primarina, L50, F|
|teampreview|4
|showteam|p1|Maushold-Four||WideLens|FriendGuard|FollowMe,Encore,PopulationBomb,Taunt||||||50|,,,,,Ground]Dragonite||LoadedDice|Multiscale|ScaleShot,Protect,IceSpinner,Tailwind|||M|||50|,,,,,Steel]Volcarona||LifeOrb|FlameBody|GigaDrain,FieryDance,Protect,QuiverDance|||F|||50|,,,,,Grass]Sneasler||GrassySeed|Unburden|DireClaw,CloseCombat,ThroatChop,FakeOut|||M|||50|,,,,,Dark]Rillaboom||AssaultVest|GrassySurge|FakeOut,Uturn,GrassyGlide,WoodHammer|||M|||50|,,,,,Ground]Swampert||ClearAmulet|Torrent|HighHorsepower,BulkUp,WideGuard,Liquidation|||F|||50|,,,,,Ghost
|showteam|p2|Smeargle||FocusSash|Moody|FakeOut,Decorate,FollowMe,Spore|||M|||50|,,,,,Grass]Hydreigon||SafetyGoggles|Levitate|DracoMeteor,DarkPulse,Protect,Snarl|||M|||50|,,,,,Poison]Garchomp||LifeOrb|RoughSkin|Earthquake,StompingTantrum,DragonClaw,Protect|||F|||50|,,,,,Steel]Whimsicott||CovertCloak|Prankster|Moonblast,Tailwind,LightScreen,HelpingHand|||F|||50|,,,,,Dark]Incineroar||AssaultVest|Intimidate|KnockOff,FlareBlitz,Uturn,FakeOut|||M|||50|,,,,,Ghost]Primarina||ThroatSpray|LiquidVoice|Protect,Moonblast,HyperVoice,Haze|||F|||50|,,,,,Fire
|inactive|Battle timer is ON: inactive players will automatically lose when time's up. (requested by FrosteXD)
|inactive|FrosteXD has 60 seconds left.
|inactive|Kripo405 has 60 seconds left.
|
|t:|1756385841
|teamsize|p1|4
|teamsize|p2|4
|start
|switch|p1a: Maushold|Maushold-Four, L50, shiny|100/100
|switch|p1b: Dragonite|Dragonite, L50, M|100/100
|switch|p2a: Garchomp|Garchomp, L50, F|100/100
|switch|p2b: Incineroar|Incineroar, L50, M|100/100
|-ability|p2b: Incineroar|Intimidate|boost
|-unboost|p1a: Maushold|atk|1
|-unboost|p1b: Dragonite|atk|1
|turn|1
|inactive|FrosteXD has 30 seconds left.
|inactive|Kripo405 has 30 seconds left.
|inactive|FrosteXD has 20 seconds left.
|inactive|Kripo405 has 20 seconds left.
|inactive|Kripo405 has 15 seconds left.
|inactive|FrosteXD has 15 seconds left.
|inactive|Kripo405 has 10 seconds left.
|
|t:|1756385891
|switch|p1a: Sneasler|Sneasler, L50, M|100/100
|move|p1b: Dragonite|Protect|p1b: Dragonite
|-singleturn|p1b: Dragonite|Protect
|move|p2b: Incineroar|Fake Out|p1b: Dragonite
|-activate|p1b: Dragonite|move: Protect
|move|p2a: Garchomp|Dragon Claw|p1b: Dragonite
|-activate|p1b: Dragonite|move: Protect
|
|upkeep
|turn|2
|inactive|Kripo405 has 30 seconds left.
|inactive|Kripo405 has 20 seconds left.
|inactive|Kripo405 has 15 seconds left.
|inactive|Kripo405 has 10 seconds left.
|
|t:|1756385937
|move|p1a: Sneasler|Fake Out|p2a: Garchomp
|-damage|p2a: Garchomp|87/100
|-damage|p1a: Sneasler|88/100|[from] ability: Rough Skin|[of] p2a: Garchomp
|cant|p2a: Garchomp|flinch
|move|p1b: Dragonite|Scale Shot|p2a: Garchomp
|-supereffective|p2a: Garchomp
|-damage|p2a: Garchomp|63/100
|-supereffective|p2a: Garchomp
|-damage|p2a: Garchomp|42/100
|-supereffective|p2a: Garchomp
|-damage|p2a: Garchomp|19/100
|-supereffective|p2a: Garchomp
|-damage|p2a: Garchomp|0 fnt
|faint|p2a: Garchomp
|-hitcount|p2: Garchomp|4
|-unboost|p1b: Dragonite|def|1
|-boost|p1b: Dragonite|spe|1
|move|p2b: Incineroar|Knock Off|p1b: Dragonite
|-damage|p1b: Dragonite|64/100
|-enditem|p1b: Dragonite|Loaded Dice|[from] move: Knock Off|[of] p2b: Incineroar
|
|upkeep
|
|t:|1756385950
|switch|p2a: Hydreigon|Hydreigon, L50, M|100/100
|turn|3
|
|t:|1756385974
|switch|p1b: Volcarona|Volcarona, L50, F|100/100
|-terastallize|p2a: Hydreigon|Poison
|move|p1a: Sneasler|Close Combat|p2a: Hydreigon
|-resisted|p2a: Hydreigon
|-damage|p2a: Hydreigon|70/100
|-unboost|p1a: Sneasler|def|1
|-unboost|p1a: Sneasler|spd|1
|move|p2a: Hydreigon|Draco Meteor|p1b: Volcarona
|-damage|p1b: Volcarona|25/100
|-unboost|p2a: Hydreigon|spa|2
|move|p2b: Incineroar|Flare Blitz|p1a: Sneasler
|-damage|p1a: Sneasler|0 fnt
|faint|p1a: Sneasler
|-damage|p2b: Incineroar|78/100|[from] Recoil
|
|upkeep
|inactive|FrosteXD has 30 seconds left.
|
|t:|1756386001
|switch|p1a: Maushold|Maushold-Four, L50, shiny|100/100
|turn|4
|
|t:|1756386023
|switch|p2a: Smeargle|Smeargle, L50, M|100/100
|move|p1a: Maushold|Follow Me|p1a: Maushold
|-singleturn|p1a: Maushold|move: Follow Me
|move|p1b: Volcarona|Quiver Dance|p1b: Volcarona
|-boost|p1b: Volcarona|spa|1
|-boost|p1b: Volcarona|spd|1
|-boost|p1b: Volcarona|spe|1
|move|p2b: Incineroar|Flare Blitz|p1a: Maushold
|-damage|p1a: Maushold|31/100
|-damage|p2b: Incineroar|57/100|[from] Recoil
|
|-ability|p2a: Smeargle|Moody|boost
|-boost|p2a: Smeargle|spa|2
|-unboost|p2a: Smeargle|def|1
|upkeep
|turn|5
|inactive|Kripo405 has 30 seconds left.
|inactive|Kripo405 has 20 seconds left.
|inactive|Kripo405 has 15 seconds left.
|inactive|Kripo405 has 10 seconds left.
|
|t:|1756386071
|move|p1b: Volcarona|Protect|p1b: Volcarona
|-singleturn|p1b: Volcarona|Protect
|move|p2a: Smeargle|Follow Me|p2a: Smeargle
|-singleturn|p2a: Smeargle|move: Follow Me
|move|p1a: Maushold|Population Bomb|p2a: Smeargle
|-damage|p2a: Smeargle|80/100
|-damage|p2a: Smeargle|61/100
|-damage|p2a: Smeargle|42/100
|-damage|p2a: Smeargle|23/100
|-damage|p2a: Smeargle|4/100
|-damage|p2a: Smeargle|0 fnt
|faint|p2a: Smeargle
|-hitcount|p2: Smeargle|6
|move|p2b: Incineroar|Flare Blitz|p1a: Maushold
|-damage|p1a: Maushold|0 fnt
|faint|p1a: Maushold
|-damage|p2b: Incineroar|49/100|[from] Recoil
|
|upkeep
|
|t:|1756386088
|switch|p1a: Dragonite|Dragonite, L50, M|64/100
|switch|p2a: Hydreigon|Hydreigon, L50, M, tera:Poison|70/100
|turn|6
|inactive|FrosteXD has 30 seconds left.
|
|t:|1756386119
|-terastallize|p1a: Dragonite|Steel
|move|p1b: Volcarona|Fiery Dance|p2a: Hydreigon
|-damage|p2a: Hydreigon|0 fnt
|-boost|p1b: Volcarona|spa|1
|faint|p2a: Hydreigon
|-damage|p1b: Volcarona|15/100|[from] item: Life Orb
|move|p1a: Dragonite|Scale Shot|p2b: Incineroar
|-damage|p2b: Incineroar|35/100
|-damage|p2b: Incineroar|21/100
|-damage|p2b: Incineroar|8/100
|-damage|p2b: Incineroar|0 fnt
|faint|p2b: Incineroar
|-hitcount|p2: Incineroar|4
|
|win|FrosteXD
||Kripo405 is ready for game 3.
|inactive|FrosteXD has 30 seconds to confirm battle start!
||FrosteXD is ready for game 3.
|uhtml|next|Next: Game 3 of 3
|l|☆FrosteXD
|player|p1|
