|j|☆zeguy099
|j|☆Milesymiles
|html|zeguy099Milesymiles    
|uhtml|bestof|Game 2 of a best-of-3
|t:|1785169519
|gametype|doubles
|player|p1|zeguy099|hilbert|1104
|player|p2|Milesymiles|veteran|1198
|gen|9
|tier|[Gen 9 Champions] VGC 2026 Reg M-B (Bo3)
|rated|
|rule|Species Clause: Limit one of each Pokémon
|rule|Item Clause: Limit 1 of each item
|clearpoke
|poke|p1|Swampert, L50, M|
|poke|p1|Sneasler, L50, F, shiny|
|poke|p1|Pelipper, L50, F|
|poke|p1|Meowscarada, L50, F, shiny|
|poke|p1|Whimsicott, L50, M, shiny|
|poke|p1|Archaludon, L50, M, shiny|
|poke|p2|Chandelure, L50, M|
|poke|p2|Staraptor, L50, M|
|poke|p2|Vanilluxe, L50, F, shiny|
|poke|p2|Grimmsnarl, L50, M|
|poke|p2|Excadrill, L50, F|
|poke|p2|Rotom-Wash, L50, shiny|
|teampreview|4
|showteam|p1|Swampert||Swampertite|Damp|WaveCrash,Protect,HighHorsepower,PoisonJab|Adamant||M|||50|]Sneasler||WhiteHerb|PoisonTouch|FakeOut,CloseCombat,DireClaw,RockSlide|Jolly||F|||50|]Pelipper||DampRock|Drizzle|Hurricane,WeatherBall,Tailwind,WideGuard|Calm||F|||50|]Meowscarada||ExpertBelt|Protean|Uturn,FlowerTrick,KnockOff,PlayRough|Jolly||F|||50|]Whimsicott||FocusSash|Prankster|Moonblast,TrickRoom,Encore,Tailwind|Timid||M|||50|]Archaludon||Leftovers|Stamina|ElectroShot,FlashCannon,Protect,DracoMeteor|Modest||M|||50|
|showteam|p2|Chandelure||FocusSash|FlashFire|HeatWave,ShadowBall,TrickRoom,Protect|Modest||M|||50|]Staraptor||Staraptite|Intimidate|Tailwind,Roost,CloseCombat,BraveBird|Adamant||M|||50|]Vanilluxe||LightClay|SnowWarning|FreezeDry,Blizzard,AuroraVeil,Protect|Calm||F|||50|]Grimmsnarl||RoseliBerry|Prankster|FakeOut,PartingShot,SpiritBreak,LightScreen|Adamant||M|||50|]Excadrill||Excadrite|MoldBreaker|Earthquake,IronHead,Protect,RockSlide|Jolly||F|||50|]Rotom-Wash||Magnet|Levitate|Thunderbolt,Electroweb,WillOWisp,HydroPump|Modest|||||50|
|j| Galen6ixGod
|inactive|Battle timer is ON: inactive players will automatically lose when time's up. (requested by zeguy099)
|
|t:|1785169577
|teamsize|p1|4
|teamsize|p2|4
|start
|switch|p1a: Driz Kin|Pelipper, L50, F|100/100
|switch|p1b: Fake out?|Sneasler, L50, F, shiny|100/100
|switch|p2a: Staraptor|Staraptor, L50, M|100/100
|switch|p2b: Grimmsnarl|Grimmsnarl, L50, M|100/100
|-ability|p2a: Staraptor|Intimidate|boost
|-unboost|p1a: Driz Kin|atk|1
|-unboost|p1b: Fake out?|atk|1
|-weather|RainDance|[from] ability: Drizzle|[of] p1a: Driz Kin
|-enditem|p1b: Fake out?|White Herb
|-clearnegativeboost|p1b: Fake out?|[silent]
|turn|1
|
|t:|1785169600
|switch|p2a: Rotom|Rotom-Wash, L50, shiny|100/100
|move|p1b: Fake out?|Fake Out|p2b: Grimmsnarl
|-damage|p2b: Grimmsnarl|84/100
|cant|p2b: Grimmsnarl|flinch
|move|p1a: Driz Kin|Hurricane|p2a: Rotom
|-resisted|p2a: Rotom|1
|-damage|p2a: Rotom|77/100
|-start|p2a: Rotom|confusion
|
|-weather|RainDance|[upkeep]
|upkeep
|turn|2
|
|t:|1785169614
|move|p2b: Grimmsnarl|Parting Shot|p1a: Driz Kin
|-unboost|p1a: Driz Kin|atk|1
|-unboost|p1a: Driz Kin|spa|1
|
|t:|1785169616
|switch|p2b: Vanilluxe|Vanilluxe, L50, F, shiny|100/100|[from] Parting Shot
|-weather|Snowscape|[from] ability: Snow Warning|[of] p2b: Vanilluxe
|move|p1b: Fake out?|Close Combat|p2a: Rotom
|-damage|p2a: Rotom|8/100
|-unboost|p1b: Fake out?|def|1
|-unboost|p1b: Fake out?|spd|1
|-status|p2a: Rotom|psn|[from] ability: Poison Touch|[of] p1b: Fake out?
|-activate|p2a: Rotom|confusion
|move|p2a: Rotom|Electroweb|p1b: Fake out?|[spread] p1b
|-miss|p2a: Rotom|p1a: Driz Kin
|-damage|p1b: Fake out?|49/100
|-unboost|p1b: Fake out?|spe|1
|move|p1a: Driz Kin|Tailwind|p1a: Driz Kin
|-sidestart|p1: zeguy099|move: Tailwind
|
|-weather|Snowscape|[upkeep]
|-damage|p2a: Rotom|0 fnt|[from] psn
|faint|p2a: Rotom
|upkeep
|
|t:|1785169633
|switch|p2a: Staraptor|Staraptor, L50, M|100/100
|-ability|p2a: Staraptor|Intimidate|boost
|-unboost|p1a: Driz Kin|atk|1
|-unboost|p1b: Fake out?|atk|1
|turn|3
|
|t:|1785169646
|detailschange|p2a: Staraptor|Staraptor-Mega, L50, M
|-mega|p2a: Staraptor|Staraptor|Staraptite
|move|p1b: Fake out?|Close Combat|p2b: Vanilluxe
|-supereffective|p2b: Vanilluxe|1
|-damage|p2b: Vanilluxe|38/100
|-unboost|p1b: Fake out?|def|1
|-unboost|p1b: Fake out?|spd|1
|move|p1a: Driz Kin|Weather Ball|p2a: Staraptor
|-supereffective|p2a: Staraptor|1
|-damage|p2a: Staraptor|66/100
|move|p2a: Staraptor|Tailwind|p2a: Staraptor
|-sidestart|p2: Milesymiles|move: Tailwind
|move|p2b: Vanilluxe|Freeze-Dry|p1a: Driz Kin
|-supereffective|p1a: Driz Kin|2
|-damage|p1a: Driz Kin|0 fnt
|faint|p1a: Driz Kin
|
|-weather|Snowscape|[upkeep]
|upkeep
|
|t:|1785169662
|switch|p1a: Boi|Swampert, L50, M|100/100
|turn|4
|
|t:|1785169682
|detailschange|p1a: Boi|Swampert-Mega, L50, M
|-mega|p1a: Boi|Swampert|Swampertite
|move|p2b: Vanilluxe|Protect|p2b: Vanilluxe
|-singleturn|p2b: Vanilluxe|Protect
|move|p2a: Staraptor|Close Combat|p1b: Fake out?
|-resisted|p1b: Fake out?|1
|-damage|p1b: Fake out?|0 fnt
|-boost|p2a: Staraptor|def|1
|-boost|p2a: Staraptor|spd|1
|faint|p1b: Fake out?
|move|p1a: Boi|Wave Crash|p2a: Staraptor
|-damage|p2a: Staraptor|22/100
|-damage|p1a: Boi|84/100|[from] Recoil
|
|-weather|Snowscape|[upkeep]
|upkeep
|
|t:|1785169689
|switch|p1b: Kitty|Meowscarada, L50, F, shiny|100/100
|turn|5
|
|t:|1785169703
|move|p1b: Kitty|Play Rough|p2a: Staraptor
|-start|p1b: Kitty|typechange|Fairy|[from] ability: Protean
|-supereffective|p2a: Staraptor|1
|-damage|p2a: Staraptor|0 fnt
|faint|p2a: Staraptor
|move|p2b: Vanilluxe|Freeze-Dry|p1a: Boi
|-supereffective|p1a: Boi|2
|-damage|p1a: Boi|0 fnt
|faint|p1a: Boi
|
|-weather|Snowscape|[upkeep]
|-sideend|p1: zeguy099|move: Tailwind
|upkeep
|
|t:|1785169707
|switch|p2a: Grimmsnarl|Grimmsnarl, L50, M|84/100
|turn|6
|
|t:|1785169713
|move|p2a: Grimmsnarl|Fake Out|p1b: Kitty
|-damage|p1b: Kitty|79/100
|move|p2b: Vanilluxe|Blizzard|p1b: Kitty
|-damage|p1b: Kitty|3/100
|cant|p1b: Kitty|flinch
|
|-weather|none
|-sideend|p2: Milesymiles|move: Tailwind
|upkeep
|turn|7
|j| tedidn
|
|t:|1785169723
|move|p1b: Kitty|Play Rough|p2a: Grimmsnarl
|-supereffective|p2a: Grimmsnarl|1
|-enditem|p2a: Grimmsnarl|Roseli Berry|[eat]
|-enditem|p2a: Grimmsnarl|Roseli Berry|[weaken]
|-damage|p2a: Grimmsnarl|36/100
|move|p2b: Vanilluxe|Freeze-Dry|p1b: Kitty
|-damage|p1b: Kitty|0 fnt
|faint|p1b: Kitty
|
|win|Milesymiles
