|j|☆Quyt_DZ
|j|☆Ossi1590
|html|Quyt_DZOssi1590    
|uhtml|bestof|Game 1 of a best-of-3
|t:|1783598321
|gametype|doubles
|player|p1|Quyt_DZ|iris-gen5bw2|1289
|player|p2|Ossi1590|colress|1294
|gen|9
|tier|[Gen 9 Champions] VGC 2026 Reg M-B (Bo3)
|rated|
|rule|Species Clause: Limit one of each Pokémon
|rule|Item Clause: Limit 1 of each item
|clearpoke
|poke|p1|Charizard, L50, F, shiny|
|poke|p1|Basculegion, L50, M, shiny|
|poke|p1|Kingambit, L50, M|
|poke|p1|Floette-Eternal, L50, F|
|poke|p1|Whimsicott, L50, F|
|poke|p1|Garchomp, L50, M, shiny|
|poke|p2|Raichu, L50, M|
|poke|p2|Floette-Eternal, L50, F|
|poke|p2|Sinistcha, L50|
|poke|p2|Ceruledge, L50, F|
|poke|p2|Milotic, L50, F|
|poke|p2|Incineroar, L50, M|
|teampreview|4
|showteam|p1|Charizard||CharizarditeY|Blaze|HeatWave,SolarBeam,WeatherBall,Protect|Modest||F|||50|]Basculegion||MysticWater|Adaptability|WaveCrash,AquaJet,LastRespects,Protect|Adamant||M|||50|]Kingambit||ChopleBerry|Defiant|KowtowCleave,SuckerPunch,LowKick,Protect|Adamant||M|||50|]Floette-Eternal||Floettite|FlowerVeil|Moonblast,DazzlingGleam,LightofRuin,Protect|Modest||F|||50|]Whimsicott||FocusSash|Prankster|Moonblast,Protect,Encore,Tailwind|Timid||F|||50|]Garchomp||LifeOrb|RoughSkin|StompingTantrum,DragonClaw,RockSlide,Protect|Jolly||M|||50|
|showteam|p2|Raichu||RaichuniteY|LightningRod|ZapCannon,FocusBlast,FakeOut,Protect|Timid||M|||50|]Floette-Eternal||Floettite|FlowerVeil|Protect,DazzlingGleam,DrainingKiss,CalmMind|Bold||F|||50|]Sinistcha||KasibBerry|Hospitality|MatchaGotcha,LifeDew,RagePowder,Protect|Relaxed|||||50|]Ceruledge||ColburBerry|FlashFire|BitterBlade,ShadowSneak,BulkUp,Protect|Adamant||F|||50|]Milotic||Leftovers|Competitive|MuddyWater,Coil,Hypnosis,Protect|Calm||F|||50|]Incineroar||SitrusBerry|Intimidate|FlareBlitz,ThroatChop,FakeOut,PartingShot|Impish||M|||50|
|inactive|Battle timer is ON: inactive players will automatically lose when time's up. (requested by Quyt_DZ)
|inactive|Quyt_DZ has 60 seconds left.
|inactive|Quyt_DZ has 30 seconds left.
|
|t:|1783598382
|teamsize|p1|4
|teamsize|p2|4
|start
|switch|p1a: Basculegion|Basculegion, L50, M, shiny|100/100
|switch|p1b: Whimsicott|Whimsicott, L50, F|100/100
|switch|p2a: Incineroar|Incineroar, L50, M|100/100
|switch|p2b: Milotic|Milotic, L50, F|100/100
|-ability|p2a: Incineroar|Intimidate|boost
|-unboost|p1a: Basculegion|atk|1
|-unboost|p1b: Whimsicott|atk|1
|turn|1
|inactive|Quyt_DZ has 30 seconds left.
|
|t:|1783598408
|move|p1b: Whimsicott|Protect|p1b: Whimsicott
|-singleturn|p1b: Whimsicott|Protect
|move|p1a: Basculegion|Wave Crash|p2a: Incineroar
|-supereffective|p2a: Incineroar|1
|-damage|p2a: Incineroar|10/100
|-enditem|p2a: Incineroar|Sitrus Berry|[eat]
|-heal|p2a: Incineroar|35/100|[from] item: Sitrus Berry
|-damage|p1a: Basculegion|69/100|[from] Recoil
|move|p2b: Milotic|Coil|p2b: Milotic
|-boost|p2b: Milotic|atk|1
|-boost|p2b: Milotic|def|1
|-boost|p2b: Milotic|accuracy|1
|move|p2a: Incineroar|Parting Shot|p1a: Basculegion
|-unboost|p1a: Basculegion|atk|1
|-unboost|p1a: Basculegion|spa|1
|
|t:|1783598421
|switch|p2a: Raichu|Raichu, L50, M|100/100|[from] Parting Shot
|
|upkeep
|turn|2
|
|t:|1783598433
|switch|p1a: Garchomp|Garchomp, L50, M, shiny|100/100
|detailschange|p2a: Raichu|Raichu-Mega-Y, L50, M
|-mega|p2a: Raichu|Raichu|Raichunite Y
|move|p2a: Raichu|Fake Out|p1b: Whimsicott
|-damage|p1b: Whimsicott|87/100
|cant|p1b: Whimsicott|flinch
|move|p2b: Milotic|Hypnosis|p1b: Whimsicott
|-status|p1b: Whimsicott|slp|[from] move: Hypnosis
|
|upkeep
|turn|3
|inactive|Quyt_DZ has 30 seconds left.
|inactive|Ossi1590 has 30 seconds left.
|inactive|Ossi1590 has 20 seconds left.
|inactive|Quyt_DZ has 20 seconds left.
|inactive|Ossi1590 has 15 seconds left.
|
|t:|1783598480
|switch|p2a: Incineroar|Incineroar, L50, M|35/100
|-ability|p2a: Incineroar|Intimidate|boost
|-unboost|p1a: Garchomp|atk|1
|-unboost|p1b: Whimsicott|atk|1
|cant|p1b: Whimsicott|slp
|move|p1a: Garchomp|Dragon Claw|p2b: Milotic
|-damage|p2b: Milotic|80/100
|-damage|p1a: Garchomp|90/100|[from] item: Life Orb
|move|p2b: Milotic|Muddy Water|p1a: Garchomp|[spread] p1a,p1b
|-resisted|p1b: Whimsicott|1
|-damage|p1a: Garchomp|65/100
|-damage|p1b: Whimsicott|67/100 slp
|-unboost|p1a: Garchomp|accuracy|1
|-unboost|p1b: Whimsicott|accuracy|1
|
|-heal|p2b: Milotic|86/100|[from] item: Leftovers
|upkeep
|turn|4
|inactive|Ossi1590 has 30 seconds left.
|
|t:|1783598507
|move|p2a: Incineroar|Fake Out|p1a: Garchomp
|-damage|p1a: Garchomp|54/100
|-damage|p2a: Incineroar|23/100|[from] ability: Rough Skin|[of] p1a: Garchomp
|-curestatus|p1b: Whimsicott|slp|[msg]
|move|p1b: Whimsicott|Encore|p2b: Milotic
|-start|p2b: Milotic|Encore
|cant|p1a: Garchomp|flinch
|move|p2b: Milotic|Muddy Water|p1b: Whimsicott|[spread] p1a,p1b
|-resisted|p1b: Whimsicott|1
|-damage|p1a: Garchomp|28/100
|-damage|p1b: Whimsicott|48/100
|-unboost|p1a: Garchomp|accuracy|1
|-unboost|p1b: Whimsicott|accuracy|1
|
|-heal|p2b: Milotic|92/100|[from] item: Leftovers
|upkeep
|turn|5
|
|t:|1783598528
|switch|p1a: Floette|Floette-Eternal, L50, F|100/100
|move|p1b: Whimsicott|Tailwind|p1b: Whimsicott
|-sidestart|p1: Quyt_DZ|move: Tailwind
|move|p2b: Milotic|Muddy Water|p1b: Whimsicott|[spread] p1a,p1b
|-resisted|p1b: Whimsicott|1
|-damage|p1a: Floette|79/100
|-damage|p1b: Whimsicott|27/100
|move|p2a: Incineroar|Parting Shot|p1a: Floette
|-unboost|p1a: Floette|atk|1
|-unboost|p1a: Floette|spa|1
|
|t:|1783598537
|switch|p2a: Ceruledge|Ceruledge, L50, F|100/100|[from] Parting Shot
|
|-heal|p2b: Milotic|98/100|[from] item: Leftovers
|upkeep
|turn|6
|inactive|Quyt_DZ has 30 seconds left.
|
|t:|1783598567
|switch|p1b: Basculegion|Basculegion, L50, M, shiny|69/100
|detailschange|p1a: Floette|Floette-Mega, L50, F
|-mega|p1a: Floette|Floette|Floettite
|-ability|p1a: Floette|Fairy Aura
|move|p2a: Ceruledge|Shadow Sneak|p1b: Basculegion
|-supereffective|p1b: Basculegion|1
|-damage|p1b: Basculegion|17/100
|move|p1a: Floette|Light of Ruin|p2b: Milotic
|-damage|p2b: Milotic|49/100
|-damage|p1a: Floette|46/100|[from] Recoil
|move|p2b: Milotic|Muddy Water|p1b: Basculegion|[spread] p1a,p1b
|-resisted|p1b: Basculegion|1
|-damage|p1a: Floette|27/100
|-damage|p1b: Basculegion|6/100
|
|-heal|p2b: Milotic|55/100|[from] item: Leftovers
|-end|p2b: Milotic|Encore
|upkeep
|turn|7
|inactive|Quyt_DZ has 30 seconds left.
|
|t:|1783598598
|switch|p1a: Whimsicott|Whimsicott, L50, F|27/100
|move|p2b: Milotic|Protect|p2b: Milotic
|-singleturn|p2b: Milotic|Protect
|move|p2a: Ceruledge|Shadow Sneak|p1b: Basculegion
|-supereffective|p1b: Basculegion|1
|-damage|p1b: Basculegion|0 fnt
|faint|p1b: Basculegion
|
|-heal|p2b: Milotic|61/100|[from] item: Leftovers
|upkeep
|
|t:|1783598606
|switch|p1b: Floette|Floette-Mega, L50, F|27/100
|-ability|p1b: Floette|Fairy Aura
|turn|8
|
|t:|1783598626
|move|p1b: Floette|Protect|p1b: Floette
|-singleturn|p1b: Floette|Protect
|move|p2a: Ceruledge|Shadow Sneak|p1a: Whimsicott
|-damage|p1a: Whimsicott|0 fnt
|faint|p1a: Whimsicott
|move|p2b: Milotic|Muddy Water|p1b: Floette
|-activate|p1b: Floette|move: Protect
|
|-heal|p2b: Milotic|67/100|[from] item: Leftovers
|-sideend|p1: Quyt_DZ|move: Tailwind
|upkeep
|
|t:|1783598632
|switch|p1a: Garchomp|Garchomp, L50, M, shiny|28/100
|turn|9
|
|t:|1783598641
|switch|p2a: Incineroar|Incineroar, L50, M|23/100
|-ability|p2a: Incineroar|Intimidate|boost
|-unboost|p1a: Garchomp|atk|1
|-unboost|p1b: Floette|atk|1
|move|p1a: Garchomp|Stomping Tantrum|p2a: Incineroar
|-supereffective|p2a: Incineroar|1
|-damage|p2a: Incineroar|0 fnt
|faint|p2a: Incineroar
|-damage|p1a: Garchomp|18/100|[from] item: Life Orb
|move|p1b: Floette|Dazzling Gleam|p2b: Milotic
|-damage|p2b: Milotic|20/100y
|move|p2b: Milotic|Hypnosis|p1a: Garchomp
|-status|p1a: Garchomp|slp|[from] move: Hypnosis
|
|-heal|p2b: Milotic|26/100|[from] item: Leftovers
|upkeep
|
|t:|1783598657
|switch|p2a: Ceruledge|Ceruledge, L50, F|100/100
|turn|10
|
|t:|1783598664
|move|p2b: Milotic|Protect|p2b: Milotic
|-singleturn|p2b: Milotic|Protect
|cant|p1a: Garchomp|slp
|move|p1b: Floette|Dazzling Gleam|p2a: Ceruledge|[spread] p2a
|-activate|p2b: Milotic|move: Protect
|-resisted|p2a: Ceruledge|1
|-damage|p2a: Ceruledge|73/100
|move|p2a: Ceruledge|Bulk Up|p2a: Ceruledge
|-boost|p2a: Ceruledge|atk|1
|-boost|p2a: Ceruledge|def|1
|
|-heal|p2b: Milotic|32/100|[from] item: Leftovers
|upkeep
|turn|11
|
|t:|1783598678
|move|p2a: Ceruledge|Shadow Sneak|p1b: Floette
|-damage|p1b: Floette|0 fnt
|faint|p1b: Floette
|cant|p1a: Garchomp|slp
|move|p2b: Milotic|Muddy Water|p1a: Garchomp
|-damage|p1a: Garchomp|0 fnt
|faint|p1a: Garchomp
|
|win|Ossi1590
||Quyt_DZ is ready for game 2.
