|j|☆Pardigrado
|j|☆Panexeri
|html|PardigradoPanexeri    
|uhtml|bestof|Game 1 of a best-of-3
|t:|1756931152
|gametype|doubles
|player|p1|Pardigrado|hala|1083
|player|p2|Panexeri|guitarist|1000
|gen|9
|tier|[Gen 9] VGC 2025 Reg H (Bo3)
|rated|
|rule|Species Clause: Limit one of each Pokémon
|rule|Item Clause: Limit 1 of each item
|clearpoke
|poke|p1|Excadrill, L50, M|
|poke|p1|Sneasler, L50, F|
|poke|p1|Indeedee, L50, M|
|poke|p1|Annihilape, L50, F|
|poke|p1|Tyranitar, L50, F|
|poke|p1|Corviknight, L50, M|
|poke|p2|Rillaboom, L50, M|
|poke|p2|Dragonite, L50, F|
|poke|p2|Sneasler, L50, M|
|poke|p2|Kingambit, L50, F|
|poke|p2|Electabuzz, L50, F|
|poke|p2|Volcarona, L50, M|
|teampreview|4
|showteam|p1|Excadrill||FocusSash|SandRush|IronHead,HighHorsepower,Earthquake,Protect|||M|||50|,,,,,Stellar]Sneasler||PsychicSeed|Unburden|DireClaw,CloseCombat,ThroatChop,Protect|||F|||50|,,,,,Dark]Indeedee||ChoiceScarf|PsychicSurge|ExpandingForce,TeraBlast,Protect,Trick|||M|||50|,,,,,Psychic]Annihilape||SafetyGoggles|Defiant|CloseCombat,FinalGambit,RageFist,Taunt|||F|||50|,,,,,Water]Tyranitar||AssaultVest|SandStream|RockSlide,KnockOff,LowKick,TeraBlast|||F|||50|,,,,,Flying]Corviknight||Leftovers|MirrorArmor|Tailwind,Roost,BulkUp,BraveBird|||M|||50|,,,,,Dragon
|showteam|p2|Rillaboom||AssaultVest|GrassySurge|FakeOut,HighHorsepower,WoodHammer,GrassyGlide|||M|||50|,,,,,Fire]Dragonite||LoadedDice|Multiscale|ExtremeSpeed,ScaleShot,Protect,Haze|||F|||50|,,,,,Steel]Sneasler||FocusSash|PoisonTouch|DireClaw,CloseCombat,FakeOut,Coaching|||M|||50|,,,,,Stellar]Kingambit||BlackGlasses|Defiant|KowtowCleave,SuckerPunch,SwordsDance,Protect|||F|||50|,,,,,Dark]Electabuzz||Eviolite|VitalSpirit|Thunderbolt,Taunt,FollowMe,Protect|||F|||50|,,,,,Ghost]Volcarona||Leftovers|FlameBody|HeatWave,TeraBlast,QuiverDance,Protect|||M|||50|,,,,,Fairy
|
|t:|1756931190
|teamsize|p1|4
|teamsize|p2|4
|start
|switch|p1a: Annihilape|Annihilape, L50, F|100/100
|switch|p1b: Tyranitar|Tyranitar, L50, F|100/100
|switch|p2a: Electabuzz|Electabuzz, L50, F|100/100
|switch|p2b: Volcarona|Volcarona, L50, M|100/100
|-weather|Sandstorm|[from] ability: Sand Stream|[of] p1b: Tyranitar
|turn|1
|
|t:|1756931206
|-terastallize|p2b: Volcarona|Fairy
|move|p2a: Electabuzz|Follow Me|p2a: Electabuzz
|-singleturn|p2a: Electabuzz|move: Follow Me
|move|p2b: Volcarona|Quiver Dance|p2b: Volcarona
|-boost|p2b: Volcarona|spa|1
|-boost|p2b: Volcarona|spd|1
|-boost|p2b: Volcarona|spe|1
|move|p1a: Annihilape|Taunt|p2a: Electabuzz
|-start|p2a: Electabuzz|move: Taunt
|move|p1b: Tyranitar|Rock Slide|p2b: Volcarona|[spread] p2a,p2b
|-damage|p2a: Electabuzz|75/100
|-damage|p2b: Volcarona|61/100
|
|-weather|Sandstorm|[upkeep]
|-damage|p2b: Volcarona|55/100|[from] Sandstorm
|-damage|p2a: Electabuzz|69/100|[from] Sandstorm
|-heal|p2b: Volcarona|61/100|[from] item: Leftovers
|upkeep
|turn|2
|
|t:|1756931227
|-terastallize|p1a: Annihilape|Water
|move|p2b: Volcarona|Protect|p2b: Volcarona
|-singleturn|p2b: Volcarona|Protect
|move|p2a: Electabuzz|Thunderbolt|p1a: Annihilape
|-supereffective|p1a: Annihilape
|-damage|p1a: Annihilape|43/100
|-status|p1a: Annihilape|par
|move|p1b: Tyranitar|Knock Off|p2a: Electabuzz
|-damage|p2a: Electabuzz|28/100
|-enditem|p2a: Electabuzz|Eviolite|[from] move: Knock Off|[of] p1b: Tyranitar
|move|p1a: Annihilape|Final Gambit|p2b: Volcarona
|-activate|p2b: Volcarona|move: Protect
|
|-weather|Sandstorm|[upkeep]
|-damage|p2b: Volcarona|55/100|[from] Sandstorm
|-damage|p2a: Electabuzz|22/100|[from] Sandstorm
|-heal|p2b: Volcarona|61/100|[from] item: Leftovers
|upkeep
|turn|3
|
|t:|1756931269
|switch|p2a: Rillaboom|Rillaboom, L50, M|100/100
|-fieldstart|move: Grassy Terrain|[from] ability: Grassy Surge|[of] p2a: Rillaboom
|switch|p1a: Excadrill|Excadrill, L50, M|100/100
|move|p2b: Volcarona|Tera Blast|p1b: Tyranitar|[anim] Tera Blast Fairy
|-supereffective|p1b: Tyranitar
|-damage|p1b: Tyranitar|53/100
|move|p1b: Tyranitar|Rock Slide|p2b: Volcarona|[spread] p2a,p2b
|-damage|p2a: Rillaboom|70/100
|-damage|p2b: Volcarona|24/100
|
|-weather|Sandstorm|[upkeep]
|-damage|p2b: Volcarona|18/100|[from] Sandstorm
|-damage|p2a: Rillaboom|64/100|[from] Sandstorm
|-heal|p2b: Volcarona|24/100|[from] Grassy Terrain
|-heal|p2b: Volcarona|30/100|[from] item: Leftovers
|-heal|p2a: Rillaboom|70/100|[from] Grassy Terrain
|-heal|p1b: Tyranitar|59/100|[from] Grassy Terrain
|upkeep
|turn|4
|
|t:|1756931308
|switch|p1b: Indeedee|Indeedee, L50, M|100/100
|-fieldstart|move: Psychic Terrain|[from] ability: Psychic Surge|[of] p1b: Indeedee
|move|p2b: Volcarona|Protect|p2b: Volcarona
|-singleturn|p2b: Volcarona|Protect
|move|p1a: Excadrill|Iron Head|p2b: Volcarona
|-activate|p2b: Volcarona|move: Protect
|move|p2a: Rillaboom|Wood Hammer|p1b: Indeedee
|-damage|p1b: Indeedee|0 fnt
|faint|p1b: Indeedee
|-damage|p2a: Rillaboom|48/100|[from] Recoil
|
|-weather|Sandstorm|[upkeep]
|-damage|p2b: Volcarona|24/100|[from] Sandstorm
|-damage|p2a: Rillaboom|42/100|[from] Sandstorm
|-heal|p2b: Volcarona|30/100|[from] item: Leftovers
|upkeep
|
|t:|1756931318
|switch|p1b: Tyranitar|Tyranitar, L50, F|59/100
|turn|5
|
|t:|1756931336
|switch|p2a: Electabuzz|Electabuzz, L50, F|22/100
|switch|p1b: Annihilape|Annihilape, L50, F, tera:Water|43/100 par
|move|p1a: Excadrill|Earthquake|p2b: Volcarona|[spread] p1b,p2a,p2b
|-supereffective|p2a: Electabuzz
|-damage|p1b: Annihilape|0 fnt
|-damage|p2a: Electabuzz|0 fnt
|-damage|p2b: Volcarona|0 fnt
|faint|p1b: Annihilape
|faint|p2a: Electabuzz
|faint|p2b: Volcarona
|
|-weather|none
|upkeep
|
|t:|1756931348
|switch|p2b: Rillaboom|Rillaboom, L50, M|42/100
|switch|p2a: Sneasler|Sneasler, L50, M|100/100
|switch|p1b: Tyranitar|Tyranitar, L50, F|59/100
|-fieldstart|move: Grassy Terrain|[from] ability: Grassy Surge|[of] p2b: Rillaboom
|-weather|Sandstorm|[from] ability: Sand Stream|[of] p1b: Tyranitar
|turn|6
|
|t:|1756931372
|move|p2b: Rillaboom|Fake Out|p1a: Excadrill
|-resisted|p1a: Excadrill
|-damage|p1a: Excadrill|91/100
|cant|p1a: Excadrill|flinch
|move|p2a: Sneasler|Close Combat|p1b: Tyranitar
|-supereffective|p1b: Tyranitar
|-damage|p1b: Tyranitar|0 fnt
|-unboost|p2a: Sneasler|def|1
|-unboost|p2a: Sneasler|spd|1
|faint|p1b: Tyranitar
|
|-weather|Sandstorm|[upkeep]
|-damage|p2a: Sneasler|95/100|[from] Sandstorm
|-damage|p2b: Rillaboom|36/100|[from] Sandstorm
|-heal|p1a: Excadrill|97/100|[from] Grassy Terrain
|-heal|p2a: Sneasler|100/100|[from] Grassy Terrain
|-heal|p2b: Rillaboom|42/100|[from] Grassy Terrain
|upkeep
|turn|7
|-message|Pardigrado forfeited.
|
|win|Panexeri
|l|☆Pardigrado
|player|p1|
||Panexeri is ready for game 2.
||Pardigrado is ready for game 2.
|uhtml|next|Next: Game 2 of 3
