|j|☆Farigi no Raf
|j|☆Sonja Hilmer
|html|Farigi no RafSonja Hilmer    
|uhtml|bestof|Game 3 of a best-of-3
|t:|1757121800
|gametype|doubles
|player|p1|Farigi no Raf|vince|1387
|player|p2|Sonja Hilmer|lady|1478
|gen|9
|tier|[Gen 9] VGC 2025 Reg H (Bo3)
|rated|
|rule|Species Clause: Limit one of each Pokémon
|rule|Item Clause: Limit 1 of each item
|clearpoke
|poke|p1|Dragonite, L50, F|
|poke|p1|Gholdengo, L50|
|poke|p1|Sneasler, L50, F|
|poke|p1|Rillaboom, L50, M|
|poke|p1|Ursaluna-Bloodmoon, L50, M|
|poke|p1|Magmar, L50, F|
|poke|p2|Dachsbun, L50, F|
|poke|p2|Typhlosion-Hisui, L50, M|
|poke|p2|Basculegion, L50, M|
|poke|p2|Jumpluff, L50, M|
|poke|p2|Rillaboom, L50, F|
|poke|p2|Torkoal, L50, F|
|teampreview|4
|showteam|p1|Dragonite||LoadedDice|Multiscale|ScaleShot,Tailwind,ExtremeSpeed,Protect|||F|||50|,,,,,Fairy]Gholdengo||LifeOrb|GoodasGold|MakeItRain,ShadowBall,NastyPlot,Protect||||||50|,,,,,Water]Sneasler||FocusSash|PoisonTouch|CloseCombat,DireClaw,Coaching,FakeOut|||F|||50|,,,,,Ghost]Rillaboom||AssaultVest|GrassySurge|WoodHammer,FakeOut,GrassyGlide,HighHorsepower|||M|||50|,,,,,Fire]Ursaluna-Bloodmoon||SilkScarf|MindsEye|HyperVoice,EarthPower,BloodMoon,Protect|||M|||50|,,,,,Water]Magmar||Eviolite|VitalSpirit|FollowMe,BurningJealousy,ClearSmog,Protect|||F|||50|,,,,,Dragon
|showteam|p2|Dachsbun||Leftovers|WellBakedBody|BodyPress,Snarl,HelpingHand,Protect|||F|||50|,,,,,Steel]Typhlosion-Hisui||ChoiceSpecs|Blaze|Eruption,LavaPlume,Overheat,ShadowBall|||M|||50|,,,,,Fire]Basculegion||ChoiceScarf|Adaptability|WaveCrash,FlipTurn,LastRespects,TeraBlast|||M|||50|,,,,,Fairy]Jumpluff||CovertCloak|Chlorophyll|SleepPowder,SunnyDay,RagePowder,Tailwind|||M|||50|,,,,,Water]Rillaboom||LifeOrb|GrassySurge|WoodHammer,GrassyGlide,HighHorsepower,FakeOut|||F|||50|,,,,,Stellar]Torkoal||SitrusBerry|Drought|HeatWave,LavaPlume,ClearSmog,Protect|||F|||50|,,,,,Fairy
|inactive|Battle timer is ON: inactive players will automatically lose when time's up. (requested by Sonja Hilmer)
|inactive|Farigi no Raf has 60 seconds left.
|inactive|Sonja Hilmer has 60 seconds left.
|
|t:|1757121854
|teamsize|p1|4
|teamsize|p2|4
|start
|switch|p1a: Ursaluna|Ursaluna-Bloodmoon, L50, M|100/100
|switch|p1b: Sneasler|Sneasler, L50, F|100/100
|switch|p2a: Typhlosion|Typhlosion-Hisui, L50, M|100/100
|switch|p2b: Basculegion|Basculegion, L50, M|100/100
|turn|1
|
|t:|1757121871
|move|p1a: Ursaluna|Protect|p1a: Ursaluna
|-singleturn|p1a: Ursaluna|Protect
|move|p2b: Basculegion|Flip Turn|p1b: Sneasler
|-damage|p1b: Sneasler|30/100
|
|t:|1757121875
|switch|p2b: Dachsbun|Dachsbun, L50, F|100/100|[from] Flip Turn
|move|p1b: Sneasler|Dire Claw|p2a: Typhlosion
|-resisted|p2a: Typhlosion
|-damage|p2a: Typhlosion|75/100
|-status|p2a: Typhlosion|psn|[from] ability: Poison Touch|[of] p1b: Sneasler
|move|p2a: Typhlosion|Lava Plume|p1b: Sneasler|[spread] p1b
|-activate|p1a: Ursaluna|move: Protect
|-ability|p2b: Dachsbun|Well-Baked Body|boost
|-boost|p2b: Dachsbun|def|2
|-damage|p1b: Sneasler|0 fnt
|faint|p1b: Sneasler
|
|-damage|p2a: Typhlosion|63/100 psn|[from] psn
|upkeep
|
|t:|1757121887
|switch|p1b: Magmar|Magmar, L50, F|100/100
|turn|2
|
|t:|1757121896
|-terastallize|p2b: Dachsbun|Steel
|move|p1b: Magmar|Follow Me|p1b: Magmar
|-singleturn|p1b: Magmar|move: Follow Me
|move|p2a: Typhlosion|Lava Plume|p1a: Ursaluna|[spread] p1a,p1b
|-ability|p2b: Dachsbun|Well-Baked Body|boost
|-boost|p2b: Dachsbun|def|2
|-resisted|p1b: Magmar
|-damage|p1a: Ursaluna|50/100
|-damage|p1b: Magmar|84/100
|move|p2b: Dachsbun|Body Press|p1b: Magmar
|-crit|p1b: Magmar
|-damage|p1b: Magmar|0 fnt
|faint|p1b: Magmar
|move|p1a: Ursaluna|Hyper Voice|p2a: Typhlosion|[spread] p2a,p2b
|-crit|p2a: Typhlosion
|-resisted|p2b: Dachsbun
|-damage|p2a: Typhlosion|0 fnt
|-damage|p2b: Dachsbun|76/100
|faint|p2a: Typhlosion
|
|-heal|p2b: Dachsbun|82/100|[from] item: Leftovers
|upkeep
|
|t:|1757121911
|switch|p2a: Rillaboom|Rillaboom, L50, F|100/100
|switch|p1b: Gholdengo|Gholdengo, L50|100/100
|-fieldstart|move: Grassy Terrain|[from] ability: Grassy Surge|[of] p2a: Rillaboom
|turn|3
|
|t:|1757121923
|move|p1a: Ursaluna|Protect|p1a: Ursaluna
|-singleturn|p1a: Ursaluna|Protect
|move|p2a: Rillaboom|Grassy Glide|p1a: Ursaluna
|-activate|p1a: Ursaluna|move: Protect
|move|p1b: Gholdengo|Nasty Plot|p1b: Gholdengo
|-boost|p1b: Gholdengo|spa|2
|move|p2b: Dachsbun|Snarl|p1a: Ursaluna|[spread] p1b
|-activate|p1a: Ursaluna|move: Protect
|-supereffective|p1b: Gholdengo
|-damage|p1b: Gholdengo|88/100
|-unboost|p1b: Gholdengo|spa|1
|
|-heal|p1b: Gholdengo|94/100|[from] Grassy Terrain
|-heal|p2b: Dachsbun|88/100|[from] Grassy Terrain
|-heal|p2b: Dachsbun|94/100|[from] item: Leftovers
|-heal|p1a: Ursaluna|56/100|[from] Grassy Terrain
|upkeep
|turn|4
|
|t:|1757121927
|move|p1a: Ursaluna|Protect||[still]
|-fail|p1a: Ursaluna
|move|p2a: Rillaboom|Grassy Glide|p1a: Ursaluna
|-supereffective|p1a: Ursaluna
|-damage|p1a: Ursaluna|0 fnt
|faint|p1a: Ursaluna
|-damage|p2a: Rillaboom|91/100|[from] item: Life Orb
|move|p1b: Gholdengo|Make It Rain|p2b: Dachsbun|[spread] p2a,p2b
|-crit|p2a: Rillaboom
|-resisted|p2b: Dachsbun
|-damage|p2a: Rillaboom|0 fnt
|-damage|p2b: Dachsbun|39/100
|-unboost|p1b: Gholdengo|spa|1
|faint|p2a: Rillaboom
|-damage|p1b: Gholdengo|85/100|[from] item: Life Orb
|move|p2b: Dachsbun|Snarl|p1b: Gholdengo
|-supereffective|p1b: Gholdengo
|-damage|p1b: Gholdengo|69/100
|-unboost|p1b: Gholdengo|spa|1
|
|-heal|p1b: Gholdengo|75/100|[from] Grassy Terrain
|-heal|p2b: Dachsbun|45/100|[from] Grassy Terrain
|-heal|p2b: Dachsbun|51/100|[from] item: Leftovers
|upkeep
|
|t:|1757121930
|switch|p2a: Basculegion|Basculegion, L50, M|100/100
|turn|5
|
|t:|1757121936
|-terastallize|p1b: Gholdengo|Water
|move|p2b: Dachsbun|Helping Hand|p2a: Basculegion
|-singleturn|p2a: Basculegion|Helping Hand|[of] p2b: Dachsbun
|move|p2a: Basculegion|Last Respects|p1b: Gholdengo
|-damage|p1b: Gholdengo|0 fnt
|faint|p1b: Gholdengo
|
|win|Sonja Hilmer
|raw|Farigi no Raf's rating: 1387 → 1372(-15 for losing)
|raw|Sonja Hilmer's rating: 1478 → 1493(+15 for winning)
