|j|☆Lamburrito
|j|☆theberrybandit
|html|Lamburritotheberrybandit    
|uhtml|bestof|Game 3 of a best-of-3
|t:|1782273299
|gametype|doubles
|player|p1|Lamburrito|marlon|1107
|player|p2|theberrybandit|hiker-gen4|1180
|gen|9
|tier|[Gen 9 Champions] VGC 2026 Reg M-B (Bo3)
|rated|
|rule|Species Clause: Limit one of each Pokémon
|rule|Item Clause: Limit 1 of each item
|clearpoke
|poke|p1|Scrafty, L50, M, shiny|
|poke|p1|Trevenant, L50, M, shiny|
|poke|p1|Reuniclus, L50, M, shiny|
|poke|p1|Blastoise, L50, M, shiny|
|poke|p1|Staraptor, L50, F, shiny|
|poke|p1|Scizor, L50, M|
|poke|p2|Metagross, L50|
|poke|p2|Maushold, L50|
|poke|p2|Annihilape, L50, M|
|poke|p2|Hydreigon, L50, F|
|poke|p2|Ninetales-Alola, L50, M|
|poke|p2|Aerodactyl, L50, F|
|teampreview|4
|showteam|p1|Scrafty||Scraftinite|Intimidate|Crunch,DrainPunch,Coaching,Protect|Brave||M|||50|]Trevenant||KasibBerry|NaturalCure|Poltergeist,DrainPunch,TrickRoom,Protect|Adamant||M|||50|]Reuniclus||LifeOrb|MagicGuard|Psychic,Superpower,RainDance,TrickRoom|Quiet||M|||50|]Blastoise||Blastoisinite|Torrent|WaterSpout,DarkPulse,Protect,ShellSmash|Modest||M|||50|]Staraptor||ChoiceScarf|Intimidate|FinalGambit,DualWingbeat,CloseCombat,Tailwind|Jolly||F|||50|]Scizor||SitrusBerry|Technician|BulletPunch,BugBite,QuickGuard,Protect|Adamant||M|||50|
|showteam|p2|Metagross||Metagrossite|ClearBody|Protect,HardPress,PsychicFangs,BulletPunch|Adamant|||||50|]Maushold||ChopleBerry|FriendGuard|Protect,FollowMe,BeatUp,Taunt|Bold|||||50|]Annihilape||Leftovers|Defiant|Protect,RageFist,DrainPunch,BulkUp|Adamant||M|||50|]Hydreigon||LifeOrb|Levitate|Protect,DarkPulse,DracoMeteor,Snarl|Modest||F|||50|]Ninetales-Alola||NeverMeltIce|SnowWarning|Protect,Blizzard,FreezeDry,AuroraVeil|Timid||M|||50|]Aerodactyl||Aerodactylite|RockHead|RockSlide,DualWingbeat,Tailwind,Protect|Jolly||F|||50|
|
|t:|1782273330
|teamsize|p1|4
|teamsize|p2|4
|start
|switch|p1a: Dont Do It|Staraptor, L50, F, shiny|100/100
|switch|p1b: Blake|Blastoise, L50, M, shiny|100/100
|switch|p2a: Hydreigon|Hydreigon, L50, F|100/100
|switch|p2b: Maushold|Maushold, L50|100/100
|-ability|p1a: Dont Do It|Intimidate|boost
|-unboost|p2a: Hydreigon|atk|1
|-unboost|p2b: Maushold|atk|1
|turn|1
|
|t:|1782273366
|detailschange|p1b: Blake|Blastoise-Mega, L50, M, shiny
|-mega|p1b: Blake|Blastoise|Blastoisinite
|move|p1a: Dont Do It|Final Gambit|p2a: Hydreigon
|-damage|p2a: Hydreigon|0 fnt
|faint|p1a: Dont Do It
|faint|p2a: Hydreigon
|move|p2b: Maushold|Taunt|p1b: Blake
|-start|p1b: Blake|move: Taunt
|cant|p1b: Blake|move: Taunt|Shell Smash
|
|upkeep
|
|t:|1782273375
|switch|p1a: Callum|Scrafty, L50, M, shiny|100/100
|switch|p2a: Metagross|Metagross, L50|100/100
|-ability|p1a: Callum|Intimidate|boost
|-fail|p2a: Metagross|unboost|[from] ability: Clear Body|[of] p2a: Metagross
|-unboost|p2b: Maushold|atk|1
|turn|2
|
|t:|1782273405
|switch|p1b: Scizor|Scizor, L50, M|100/100
|detailschange|p2a: Metagross|Metagross-Mega, L50
|-mega|p2a: Metagross|Metagross|Metagrossite
|move|p2b: Maushold|Follow Me|p2b: Maushold
|-singleturn|p2b: Maushold|move: Follow Me
|move|p2a: Metagross|Hard Press|p1a: Callum
|-damage|p1a: Callum|22/100
|move|p1a: Callum|Crunch|p2b: Maushold
|-damage|p2b: Maushold|64/100
|
|upkeep
|turn|3
|
|t:|1782273424
|move|p2b: Maushold|Follow Me|p2b: Maushold
|-singleturn|p2b: Maushold|move: Follow Me
|move|p2a: Metagross|Bullet Punch|p1a: Callum
|-damage|p1a: Callum|0 fnt
|faint|p1a: Callum
|move|p1b: Scizor|Bug Bite|p2b: Maushold
|-damage|p2b: Maushold|11/100
|-enditem|p2b: Maushold|Chople Berry|[from] stealeat|[move] Bug Bite|[of] p1b: Scizor
|
|upkeep
|
|t:|1782273429
|switch|p1a: Blake|Blastoise-Mega, L50, M, shiny|100/100
|turn|4
|
|t:|1782273445
|move|p1a: Blake|Protect|p1a: Blake
|-singleturn|p1a: Blake|Protect
|move|p2b: Maushold|Follow Me|p2b: Maushold
|-singleturn|p2b: Maushold|move: Follow Me
|move|p2a: Metagross|Psychic Fangs|p1a: Blake
|-activate|p1a: Blake|move: Protect
|move|p1b: Scizor|Bug Bite|p2b: Maushold
|-damage|p2b: Maushold|0 fnt
|faint|p2b: Maushold
|
|upkeep
|
|t:|1782273448
|switch|p2b: Ninetales|Ninetales-Alola, L50, M|100/100
|-weather|Snowscape|[from] ability: Snow Warning|[of] p2b: Ninetales
|turn|5
|
|t:|1782273463
|move|p1b: Scizor|Bullet Punch|p2b: Ninetales
|-supereffective|p2b: Ninetales|2
|-damage|p2b: Ninetales|0 fnt
|faint|p2b: Ninetales
|move|p2a: Metagross|Psychic Fangs|p1a: Blake
|-damage|p1a: Blake|36/100
|move|p1a: Blake|Shell Smash|p1a: Blake
|-unboost|p1a: Blake|def|1
|-unboost|p1a: Blake|spd|1
|-boost|p1a: Blake|atk|2
|-boost|p1a: Blake|spa|2
|-boost|p1a: Blake|spe|2
|
|-weather|Snowscape|[upkeep]
|upkeep
|turn|6
|
|t:|1782273501
|move|p1a: Blake|Protect|p1a: Blake
|-singleturn|p1a: Blake|Protect
|move|p2a: Metagross|Bullet Punch|p1a: Blake
|-activate|p1a: Blake|move: Protect
|move|p1b: Scizor|Bug Bite|p2a: Metagross
|-damage|p2a: Metagross|58/100
|
|-weather|Snowscape|[upkeep]
|upkeep
|turn|7
|
|t:|1782273511
|move|p2a: Metagross|Bullet Punch|p1a: Blake
|-resisted|p1a: Blake|1
|-damage|p1a: Blake|16/100
|move|p1a: Blake|Dark Pulse|p2a: Metagross
|-supereffective|p2a: Metagross|1
|-damage|p2a: Metagross|0 fnt
|faint|p2a: Metagross
|
|win|Lamburrito
|raw|Lamburrito's rating: 1107 → 1137(+30 for winning)
|raw|theberrybandit's rating: 1180 → 1150(-30 for losing)
|l|☆theberrybandit
|player|p2|
|c|☆Lamburrito|gg
