|j|☆gergef
|j|☆Ferran Tiburon
|html|gergefFerran Tiburon    
|uhtml|bestof|Game 3 of a best-of-3
|t:|1783683192
|gametype|doubles
|player|p1|gergef|colress|1174
|player|p2|Ferran Tiburon|170|1190
|gen|9
|tier|[Gen 9 Champions] VGC 2026 Reg M-B (Bo3)
|rated|
|rule|Species Clause: Limit one of each Pokémon
|rule|Item Clause: Limit 1 of each item
|clearpoke
|poke|p1|Pelipper, L50, F|
|poke|p1|Swampert, L50, M|
|poke|p1|Archaludon, L50, M|
|poke|p1|Sinistcha, L50|
|poke|p1|Metagross, L50|
|poke|p1|Sableye, L50, F|
|poke|p2|Aerodactyl, L50, F|
|poke|p2|Metagross, L50|
|poke|p2|Sneasler, L50, F|
|poke|p2|Hydreigon, L50, M|
|poke|p2|Sylveon, L50, F|
|poke|p2|Farigiraf, L50, M|
|teampreview|4
|showteam|p1|Pelipper||SitrusBerry|Drizzle|Hurricane,WeatherBall,Tailwind,WideGuard|Modest||F|||50|]Swampert||Swampertite|Damp|WaveCrash,Earthquake,IcePunch,Protect|Adamant||M|||50|]Archaludon||Leftovers|Stamina|ElectroShot,DragonPulse,FlashCannon,Protect|Modest||M|||50|]Sinistcha||CobaBerry|Hospitality|MatchaGotcha,RagePowder,TrickRoom,LifeDew|Relaxed|||||50|]Metagross||Metagrossite|ClearBody|IronHead,PsychicFangs,BodyPress,Protect|Jolly|||||50|]Sableye||LightClay|Prankster|FoulPlay,Reflect,LightScreen,RainDance|Relaxed||F|||50|
|showteam|p2|Aerodactyl||Aerodactylite|Unnerve|RockSlide,Tailwind,DualWingbeat,IceFang|Jolly||F|||50|]Metagross||Metagrossite|ClearBody|Protect,PsychicFangs,IronHead,StompingTantrum|Adamant|||||50|]Sneasler||FocusSash|Unburden|CloseCombat,Coaching,DireClaw,FakeOut|Naive||F|||50|]Hydreigon||ChoiceScarf|Levitate|DarkPulse,DracoMeteor,Snarl,EarthPower|Modest||M|||50|]Sylveon||FairyFeather|Pixilate|Detect,HyperVoice,HyperBeam,QuickAttack|Modest||F|||50|]Farigiraf||SitrusBerry|ArmorTail|TwinBeam,Thunderbolt,HelpingHand,TrickRoom|Bold||M|||50|
|inactive|Battle timer is ON: inactive players will automatically lose when time's up. (requested by Ferran Tiburon)
|inactive|Ferran Tiburon has 60 seconds left.
|
|t:|1783683248
|teamsize|p1|4
|teamsize|p2|4
|start
|switch|p1a: Pelipper|Pelipper, L50, F|100/100
|switch|p1b: Swampert|Swampert, L50, M|100/100
|switch|p2a: Sneasler|Sneasler, L50, F|100/100
|switch|p2b: Sylveon|Sylveon, L50, F|100/100
|-weather|RainDance|[from] ability: Drizzle|[of] p1a: Pelipper
|turn|1
|inactive|gergef has 30 seconds left.
|
|t:|1783683276
|move|p1b: Swampert|Protect|p1b: Swampert
|-singleturn|p1b: Swampert|Protect
|move|p2a: Sneasler|Fake Out|p1a: Pelipper
|-damage|p1a: Pelipper|83/100
|cant|p1a: Pelipper|flinch
|move|p2b: Sylveon|Hyper Voice|p1b: Swampert|[spread] p1a
|-activate|p1b: Swampert|move: Protect
|-damage|p1a: Pelipper|22/100
|-enditem|p1a: Pelipper|Sitrus Berry|[eat]
|-heal|p1a: Pelipper|46/100|[from] item: Sitrus Berry
|
|-weather|RainDance|[upkeep]
|upkeep
|turn|2
|
|t:|1783683299
|switch|p2b: Hydreigon|Hydreigon, L50, M|100/100
|detailschange|p1b: Swampert|Swampert-Mega, L50, M
|-mega|p1b: Swampert|Swampert|Swampertite
|move|p1b: Swampert|Earthquake|p2a: Sneasler|[spread] p2a
|-immune|p1a: Pelipper
|-immune|p2b: Hydreigon|[from] ability: Levitate
|-supereffective|p2a: Sneasler|1
|-enditem|p2a: Sneasler|Focus Sash
|-damage|p2a: Sneasler|1/100
|move|p2a: Sneasler|Dire Claw|p1a: Pelipper
|-damage|p1a: Pelipper|1/100
|move|p1a: Pelipper|Tailwind|p1a: Pelipper
|-sidestart|p1: gergef|move: Tailwind
|
|-weather|RainDance|[upkeep]
|upkeep
|turn|3
|inactive|Ferran Tiburon has 30 seconds left.
|
|t:|1783683329
|move|p1b: Swampert|Ice Punch|p2b: Hydreigon
|-supereffective|p2b: Hydreigon|1
|-damage|p2b: Hydreigon|30/100
|move|p2a: Sneasler|Close Combat|p1b: Swampert
|-damage|p1b: Swampert|45/100
|-unboost|p2a: Sneasler|def|1
|-unboost|p2a: Sneasler|spd|1
|move|p2b: Hydreigon|Snarl|p1b: Swampert|[spread] p1a
|-miss|p2b: Hydreigon|p1b: Swampert
|-damage|p1a: Pelipper|0 fnt
|faint|p1a: Pelipper
|
|-weather|RainDance|[upkeep]
|upkeep
|
|t:|1783683343
|switch|p1a: Sinistcha|Sinistcha, L50|100/100
|-heal|p1b: Swampert|70/100|[from] ability: Hospitality|[of] p1a: Sinistcha
|turn|4
|
|t:|1783683361
|switch|p2b: Metagross|Metagross, L50|100/100
|move|p1b: Swampert|Ice Punch|p2b: Metagross
|-resisted|p2b: Metagross|1
|-damage|p2b: Metagross|86/100
|move|p2a: Sneasler|Dire Claw|p1a: Sinistcha
|-damage|p1a: Sinistcha|67/100
|move|p1a: Sinistcha|Matcha Gotcha|p2b: Metagross|[spread] p2a,p2b
|-resisted|p2a: Sneasler|1
|-resisted|p2b: Metagross|1
|-damage|p2a: Sneasler|0 fnt
|-heal|p1a: Sinistcha|67/100|[from] drain|[of] p2a: Sneasler
|-damage|p2b: Metagross|73/100
|-heal|p1a: Sinistcha|74/100|[from] drain|[of] p2b: Metagross
|faint|p2a: Sneasler
|
|-weather|RainDance|[upkeep]
|upkeep
|
|t:|1783683373
|switch|p2a: Sylveon|Sylveon, L50, F|100/100
|turn|5
|
|t:|1783683387
|detailschange|p2b: Metagross|Metagross-Mega, L50
|-mega|p2b: Metagross|Metagross|Metagrossite
|move|p1b: Swampert|Wave Crash|p2a: Sylveon
|-damage|p2a: Sylveon|0 fnt
|faint|p2a: Sylveon
|-damage|p1b: Swampert|40/100|[from] Recoil
|move|p2b: Metagross|Psychic Fangs|p1b: Swampert
|-damage|p1b: Swampert|0 fnt
|faint|p1b: Swampert
|move|p1a: Sinistcha|Trick Room|p1a: Sinistcha
|-fieldstart|move: Trick Room|[of] p1a: Sinistcha
|
|-weather|none
|-sideend|p1: gergef|move: Tailwind
|upkeep
|
|t:|1783683395
|switch|p2a: Hydreigon|Hydreigon, L50, M|30/100
|switch|p1b: Archaludon|Archaludon, L50, M|100/100
|turn|6
|
|t:|1783683413
|move|p1a: Sinistcha|Matcha Gotcha|p2b: Metagross|[spread] p2a,p2b
|-resisted|p2a: Hydreigon|1
|-resisted|p2b: Metagross|1
|-damage|p2a: Hydreigon|15/100
|-heal|p1a: Sinistcha|81/100|[from] drain|[of] p2a: Hydreigon
|-damage|p2b: Metagross|60/100
|-heal|p1a: Sinistcha|87/100|[from] drain|[of] p2b: Metagross
|-status|p2b: Metagross|brn
|move|p1b: Archaludon|Dragon Pulse|p2a: Hydreigon
|-supereffective|p2a: Hydreigon|1
|-damage|p2a: Hydreigon|0 fnt
|faint|p2a: Hydreigon
|move|p2b: Metagross|Psychic Fangs|p1a: Sinistcha
|-damage|p1a: Sinistcha|58/100
|
|-damage|p2b: Metagross|54/100 brn|[from] brn
|upkeep
|turn|7
|-message|Ferran Tiburon forfeited.
|
|win|gergef
|raw|gergef's rating: 1174 → 1200(+26 for winning)
|raw|Ferran Tiburon's rating: 1190 → 1164(-26 for losing)
