|j|☆xx_junior_rx7_xx
|j|☆colemarcusvgc
|html|xx_junior_rx7_xxcolemarcusvgc    
|uhtml|bestof|Game 1 of a best-of-3
|t:|1756527446
|gametype|doubles
|player|p1|xx_junior_rx7_xx|2|1040
|player|p2|colemarcusvgc|n|1003
|gen|9
|tier|[Gen 9] VGC 2025 Reg H (Bo3)
|rated|
|rule|Species Clause: Limit one of each Pokémon
|rule|Item Clause: Limit 1 of each item
|clearpoke
|poke|p1|Tyranitar, L50, M|
|poke|p1|Excadrill, L50, M|
|poke|p1|Magmar, L50, M|
|poke|p1|Sneasler, L50, M|
|poke|p1|Corviknight, L50, M|
|poke|p1|Indeedee, L50, M|
|poke|p2|Indeedee-F, L50, F|
|poke|p2|Hatterene, L50, F|
|poke|p2|Ursaluna, L50, F|
|poke|p2|Amoonguss, L50, M|
|poke|p2|Porygon2, L50|
|poke|p2|Tyranitar, L50, M|
|teampreview|4
|showteam|p1|Tyranitar||AssaultVest|SandStream|RockSlide,KnockOff,LowKick,TeraBlast|||M|||50|,,,,,Flying]Excadrill||FocusSash|SandRush|EarthPower,IronHead,SwordsDance,Protect|||M|||50|,,,,,Ground]Magmar||Eviolite|VitalSpirit|Protect,HelpingHand,FollowMe,HeatWave|||M|||50|,,,,,Ghost]Sneasler||WhiteHerb|Unburden|FakeOut,CloseCombat,DireClaw,Coaching|||M|||50|,,,,,Flying]Corviknight||PsychicSeed|MirrorArmor|BraveBird,PowerTrip,BulkUp,Roost|||M|||50|,,,,,Water]Indeedee||ChoiceScarf|PsychicSurge|ExpandingForce,TeraBlast,Trick,Protect|||M|||50|,,,,,Psychic
|showteam|p2|Indeedee-F||RockyHelmet|PsychicSurge|FollowMe,HelpingHand,TrickRoom,DazzlingGleam|||F|||50|,,,,,Steel]Hatterene||LifeOrb|MagicBounce|TrickRoom,ExpandingForce,MysticalFire,DazzlingGleam|||F|||50|,,,,,Ghost]Ursaluna||FlameOrb|Guts|Facade,HeadlongRush,Earthquake,Protect|||F|||50|,,,,,Ghost]Amoonguss||SitrusBerry|Regenerator|Spore,RagePowder,PollenPuff,SludgeBomb|||M|||50|,,,,,Water]Porygon2||Eviolite|Download|IceBeam,TeraBlast,Recover,TrickRoom||||||50|,,,,,Grass]Tyranitar||SafetyGoggles|SandStream|RockSlide,Crunch,LowKick,IcePunch|||M|||50|,,,,,Fairy
|l|☆xx_junior_rx7_xx
|player|p1|
|inactive|Battle timer is ON: inactive players will automatically lose when time's up. (requested by colemarcusvgc)
|inactive|xx_junior_rx7_xx has 30 seconds to reconnect!
|inactive|xx_junior_rx7_xx has 20 seconds to reconnect!
|inactive|xx_junior_rx7_xx has 15 seconds to reconnect!
|inactive|xx_junior_rx7_xx has 10 seconds to reconnect!
|inactive|xx_junior_rx7_xx has 5 seconds to reconnect!
|j|☆xx_junior_rx7_xx
|inactive|xx_junior_rx7_xx reconnected and has 35 seconds left.
|player|p1|xx_junior_rx7_xx|2|
|inactive|xx_junior_rx7_xx has 30 seconds left.
|
|t:|1756527586
|teamsize|p1|4
|teamsize|p2|4
|start
|switch|p1a: Tyranitar|Tyranitar, L50, M|100/100
|switch|p1b: Magmar|Magmar, L50, M|100/100
|switch|p2a: Indeedee|Indeedee-F, L50, F|100/100
|switch|p2b: Amoonguss|Amoonguss, L50, M|100/100
|-weather|Sandstorm|[from] ability: Sand Stream|[of] p1a: Tyranitar
|-fieldstart|move: Psychic Terrain|[from] ability: Psychic Surge|[of] p2a: Indeedee
|turn|1
|
|t:|1756527609
|-terastallize|p2b: Amoonguss|Water
|move|p1b: Magmar|Follow Me|p1b: Magmar
|-singleturn|p1b: Magmar|move: Follow Me
|move|p2b: Amoonguss|Rage Powder|p2b: Amoonguss
|-singleturn|p2b: Amoonguss|move: Rage Powder
|move|p1a: Tyranitar|Knock Off|p2b: Amoonguss
|-damage|p2b: Amoonguss|47/100
|-enditem|p2b: Amoonguss|Sitrus Berry|[from] move: Knock Off|[of] p1a: Tyranitar
|move|p2a: Indeedee|Trick Room|p2a: Indeedee
|-fieldstart|move: Trick Room|[of] p2a: Indeedee
|
|-weather|Sandstorm|[upkeep]
|-damage|p2b: Amoonguss|41/100|[from] Sandstorm
|-damage|p2a: Indeedee|94/100|[from] Sandstorm
|-damage|p1b: Magmar|95/100|[from] Sandstorm
|upkeep
|turn|2
|
|t:|1756527627
|switch|p2a: Ursaluna|Ursaluna, L50, F|100/100
|move|p1b: Magmar|Follow Me|p1b: Magmar
|-singleturn|p1b: Magmar|move: Follow Me
|move|p2b: Amoonguss|Spore|p1b: Magmar
|-immune|p1b: Magmar|[from] ability: Vital Spirit
|move|p1a: Tyranitar|Knock Off|p2a: Ursaluna
|-damage|p2a: Ursaluna|62/100
|-enditem|p2a: Ursaluna|Flame Orb|[from] move: Knock Off|[of] p1a: Tyranitar
|
|-weather|Sandstorm|[upkeep]
|-damage|p2b: Amoonguss|35/100|[from] Sandstorm
|-damage|p1b: Magmar|89/100|[from] Sandstorm
|upkeep
|turn|3
|
|t:|1756527651
|move|p1b: Magmar|Follow Me|p1b: Magmar
|-singleturn|p1b: Magmar|move: Follow Me
|move|p2b: Amoonguss|Pollen Puff|p1b: Magmar
|-resisted|p1b: Magmar
|-damage|p1b: Magmar|82/100
|move|p2a: Ursaluna|Earthquake|p1a: Tyranitar|[spread] p2b,p1a,p1b
|-supereffective|p1a: Tyranitar
|-supereffective|p1b: Magmar
|-damage|p2b: Amoonguss|0 fnt
|-damage|p1a: Tyranitar|32/100
|-damage|p1b: Magmar|13/100
|faint|p2b: Amoonguss
|move|p1a: Tyranitar|Low Kick|p2a: Ursaluna
|-supereffective|p2a: Ursaluna
|-damage|p2a: Ursaluna|3/100
|
|-weather|Sandstorm|[upkeep]
|-damage|p1b: Magmar|7/100|[from] Sandstorm
|upkeep
|
|t:|1756527670
|switch|p2b: Tyranitar|Tyranitar, L50, M|100/100
|turn|4
|
|t:|1756527692
|-terastallize|p1a: Tyranitar|Flying
|move|p1b: Magmar|Follow Me|p1b: Magmar
|-singleturn|p1b: Magmar|move: Follow Me
|move|p2a: Ursaluna|Headlong Rush|p1b: Magmar
|-supereffective|p1b: Magmar
|-damage|p1b: Magmar|0 fnt
|-unboost|p2a: Ursaluna|def|1
|-unboost|p2a: Ursaluna|spd|1
|faint|p1b: Magmar
|move|p2b: Tyranitar|Rock Slide|p1a: Tyranitar
|-supereffective|p1a: Tyranitar
|-damage|p1a: Tyranitar|0 fnt
|faint|p1a: Tyranitar
|
|-weather|Sandstorm|[upkeep]
|upkeep
|
|t:|1756527706
|switch|p1a: Corviknight|Corviknight, L50, M|100/100
|switch|p1b: Sneasler|Sneasler, L50, M|100/100
|-enditem|p1a: Corviknight|Psychic Seed
|-boost|p1a: Corviknight|spd|1|[from] item: Psychic Seed
|turn|5
|inactive|colemarcusvgc has 30 seconds left.
|
|t:|1756527731
|move|p1b: Sneasler|Fake Out|p2a: Ursaluna
|-activate|p2a: Ursaluna|move: Psychic Terrain
|move|p2a: Ursaluna|Headlong Rush|p1b: Sneasler
|-supereffective|p1b: Sneasler
|-damage|p1b: Sneasler|0 fnt
|-unboost|p2a: Ursaluna|def|1
|-unboost|p2a: Ursaluna|spd|1
|faint|p1b: Sneasler
|move|p2b: Tyranitar|Rock Slide|p1a: Corviknight|[miss]
|-miss|p2b: Tyranitar|p1a: Corviknight
|move|p1a: Corviknight|Bulk Up|p1a: Corviknight
|-boost|p1a: Corviknight|atk|1
|-boost|p1a: Corviknight|def|1
|
|-weather|none
|-fieldend|move: Trick Room
|-fieldend|move: Psychic Terrain
|upkeep
|turn|6
|
|t:|1756527754
|switch|p2b: Indeedee|Indeedee-F, L50, F|94/100
|-fieldstart|move: Psychic Terrain|[from] ability: Psychic Surge|[of] p2b: Indeedee
|move|p1a: Corviknight|Bulk Up|p1a: Corviknight
|-boost|p1a: Corviknight|atk|1
|-boost|p1a: Corviknight|def|1
|move|p2a: Ursaluna|Headlong Rush|p1a: Corviknight
|-immune|p1a: Corviknight
|
|upkeep
|turn|7
|
|t:|1756527769
|move|p1a: Corviknight|Bulk Up|p1a: Corviknight
|-boost|p1a: Corviknight|atk|1
|-boost|p1a: Corviknight|def|1
|move|p2a: Ursaluna|Facade|p1a: Corviknight
|-resisted|p1a: Corviknight
|-damage|p1a: Corviknight|93/100
|move|p2b: Indeedee|Trick Room|p2b: Indeedee
|-fieldstart|move: Trick Room|[of] p2b: Indeedee
|
|upkeep
|turn|8
|inactive|colemarcusvgc has 30 seconds left.
|
|t:|1756527796
|switch|p2b: Tyranitar|Tyranitar, L50, M|100/100
|-weather|Sandstorm|[from] ability: Sand Stream|[of] p2b: Tyranitar
|move|p2a: Ursaluna|Protect|p2a: Ursaluna
|-singleturn|p2a: Ursaluna|Protect
|move|p1a: Corviknight|Bulk Up|p1a: Corviknight
|-boost|p1a: Corviknight|atk|1
|-boost|p1a: Corviknight|def|1
|
|-weather|Sandstorm|[upkeep]
|upkeep
|turn|9
|inactive|colemarcusvgc has 30 seconds left.
|c|☆xx_junior_rx7_xx|gg
|inactive|colemarcusvgc has 20 seconds left.
|
|t:|1756527831
|move|p2a: Ursaluna|Facade|p1a: Corviknight
|-resisted|p1a: Corviknight
|-damage|p1a: Corviknight|87/100
|move|p2b: Tyranitar|Low Kick|p1a: Corviknight
|-damage|p1a: Corviknight|79/100
|move|p1a: Corviknight|Bulk Up|p1a: Corviknight
|-boost|p1a: Corviknight|atk|1
|-boost|p1a: Corviknight|def|1
|
|-weather|Sandstorm|[upkeep]
|upkeep
|turn|10
|
|t:|1756527849
|switch|p2a: Indeedee|Indeedee-F, L50, F|94/100
|move|p2b: Tyranitar|Ice Punch|p1a: Corviknight
|-damage|p1a: Corviknight|71/100
|move|p1a: Corviknight|Power Trip|p2b: Tyranitar
|-resisted|p2b: Tyranitar
|-damage|p2b: Tyranitar|21/100
|
|-weather|Sandstorm|[upkeep]
|-damage|p2a: Indeedee|88/100|[from] Sandstorm
|-fieldend|move: Psychic Terrain
|upkeep
|turn|11
|
|t:|1756527871
|move|p2a: Indeedee|Helping Hand|p2b: Tyranitar
|-singleturn|p2b: Tyranitar|Helping Hand|[of] p2a: Indeedee
|move|p2b: Tyranitar|Rock Slide|p1a: Corviknight
|-damage|p1a: Corviknight|55/100
|cant|p1a: Corviknight|flinch
|
|-weather|Sandstorm|[upkeep]
|-damage|p2a: Indeedee|82/100|[from] Sandstorm
|-fieldend|move: Trick Room
|upkeep
|turn|12
|
|t:|1756527881
|move|p2a: Indeedee|Helping Hand|p2b: Tyranitar
|-singleturn|p2b: Tyranitar|Helping Hand|[of] p2a: Indeedee
|move|p1a: Corviknight|Roost|p1a: Corviknight
|-heal|p1a: Corviknight|100/100
|-singleturn|p1a: Corviknight|move: Roost
|move|p2b: Tyranitar|Rock Slide|p1a: Corviknight
|-resisted|p1a: Corviknight
|-damage|p1a: Corviknight|92/100
|
|-weather|none
|upkeep
|turn|13
|
|t:|1756527893
|move|p2a: Indeedee|Helping Hand|p2b: Tyranitar
|-singleturn|p2b: Tyranitar|Helping Hand|[of] p2a: Indeedee
|move|p1a: Corviknight|Power Trip|p2b: Tyranitar
|-resisted|p2b: Tyranitar
|-damage|p2b: Tyranitar|0 fnt
|faint|p2b: Tyranitar
|
|upkeep
|
|t:|1756527899
|switch|p2b: Ursaluna|Ursaluna, L50, F|3/100
|turn|14
|
|t:|1756527908
|move|p2a: Indeedee|Helping Hand|p2b: Ursaluna
|-singleturn|p2b: Ursaluna|Helping Hand|[of] p2a: Indeedee
|move|p1a: Corviknight|Power Trip|p2a: Indeedee
|-supereffective|p2a: Indeedee
|-damage|p2a: Indeedee|0 fnt
|-damage|p1a: Corviknight|75/100|[from] item: Rocky Helmet|[of] p2a: Indeedee
|faint|p2a: Indeedee
|move|p2b: Ursaluna|Facade|p1a: Corviknight
|-resisted|p1a: Corviknight
|-damage|p1a: Corviknight|68/100
|
|upkeep
|turn|15
|
|t:|1756527921
|move|p1a: Corviknight|Bulk Up|p1a: Corviknight
|-boost|p1a: Corviknight|atk|1
|-boost|p1a: Corviknight|def|1
|move|p2b: Ursaluna|Facade|p1a: Corviknight
|-resisted|p1a: Corviknight
|-damage|p1a: Corviknight|63/100
|
|upkeep
|turn|16
|
|t:|1756527929
|move|p1a: Corviknight|Roost|p1a: Corviknight
|-heal|p1a: Corviknight|100/100
|-singleturn|p1a: Corviknight|move: Roost
|move|p2b: Ursaluna|Facade|p1a: Corviknight
|-resisted|p1a: Corviknight
|-damage|p1a: Corviknight|96/100
|
|upkeep
|turn|17
|
|t:|1756527936
|move|p1a: Corviknight|Bulk Up|p1a: Corviknight
|-boost|p1a: Corviknight|atk|0
|-boost|p1a: Corviknight|def|0
|move|p2b: Ursaluna|Facade|p1a: Corviknight
|-resisted|p1a: Corviknight
|-damage|p1a: Corviknight|91/100
|
|upkeep
|turn|18
|
|t:|1756527945
|move|p2b: Ursaluna|Protect|p2b: Ursaluna
|-singleturn|p2b: Ursaluna|Protect
|move|p1a: Corviknight|Power Trip|p2b: Ursaluna
|-activate|p2b: Ursaluna|move: Protect
|
|upkeep
|turn|19
|
|t:|1756527952
|move|p1a: Corviknight|Power Trip|p2b: Ursaluna
|-damage|p2b: Ursaluna|0 fnt
|faint|p2b: Ursaluna
|
|win|xx_junior_rx7_xx
||colemarcusvgc is ready for game 2.
||xx_junior_rx7_xx is ready for game 2.
|uhtml|next|Next: Game 2 of 3
