|j|☆jagheter
|j|☆ScrewSalesman
|html|jagheterScrewSalesman    
|uhtml|bestof|Game 2 of a best-of-3
|t:|1756440019
|gametype|doubles
|player|p1|jagheter|worker|1032
|player|p2|ScrewSalesman|cynthia-gen4|1168
|gen|9
|tier|[Gen 9] VGC 2025 Reg H (Bo3)
|rated|
|rule|Species Clause: Limit one of each Pokémon
|rule|Item Clause: Limit 1 of each item
|clearpoke
|poke|p1|Venusaur, L50, F|
|poke|p1|Volcarona, L50, F|
|poke|p1|Incineroar, L50, M|
|poke|p1|Grimmsnarl, L50, M|
|poke|p1|Dondozo, L50, M|
|poke|p1|Rillaboom, L50, F|
|poke|p2|Porygon2, L50|
|poke|p2|Incineroar, L50, M|
|poke|p2|Ursaluna, L50, F|
|poke|p2|Jumpluff, L50, M|
|poke|p2|Charizard, L50, M|
|poke|p2|Torkoal, L50, M|
|teampreview|4
|showteam|p1|Venusaur||WideLens|Chlorophyll|SleepPowder,Protect,SludgeBomb,EarthPower|||F|||50|,,,,,Ghost]Volcarona||CovertCloak|FlameBody|FieryDance,GigaDrain,QuiverDance,Protect|||F|||50|,,,,,Dragon]Incineroar||MirrorHerb|Intimidate|FakeOut,KnockOff,Taunt,FlareBlitz|||M|||50|,,,,,Ghost]Grimmsnarl||BlackGlasses|Prankster|Reflect,LightScreen,SpiritBreak,SuckerPunch|||M|||50|,,,,,Dark]Dondozo||Leftovers|Unaware|Fissure,Protect,Liquidation,Yawn|||M|||50|,,,,,Ghost]Rillaboom||AssaultVest|GrassySurge|FakeOut,WoodHammer,GrassyGlide,Uturn|||F|||50|,,,,,Fire
|showteam|p2|Porygon2||Eviolite|Download|TeraBlast,IceBeam,TrickRoom,Recover||||||50|,,,,,Fighting]Incineroar||SitrusBerry|Intimidate|FakeOut,KnockOff,FlareBlitz,PartingShot|||M|||50|,,,,,Ghost]Ursaluna||FlameOrb|Guts|HeadlongRush,Facade,Earthquake,Protect|||F|||50|,,,,,Ghost]Jumpluff||CovertCloak|Chlorophyll|RagePowder,PollenPuff,Tailwind,SleepPowder|||M|||50|,,,,,Water]Charizard||ChoiceSpecs|SolarPower|HeatWave,Overheat,WeatherBall,DragonPulse|||M|||50|,,,,,Ghost]Torkoal||EjectPack|Drought|Overheat,Eruption,HelpingHand,Protect|||M|||50|,,,,,Fire
|inactive|Battle timer is ON: inactive players will automatically lose when time's up. (requested by ScrewSalesman)
|
|t:|1756440046
|teamsize|p1|4
|teamsize|p2|4
|start
|switch|p1a: Venusaur|Venusaur, L50, F, shiny|100/100
|switch|p1b: Volcarona|Volcarona, L50, F, shiny|100/100
|switch|p2a: Ursaluna|Ursaluna, L50, F|100/100
|switch|p2b: Jumpluff|Jumpluff, L50, M|100/100
|turn|1
|inactive|jagheter has 30 seconds left.
|
|t:|1756440072
|move|p2b: Jumpluff|Tailwind|p2b: Jumpluff
|-sidestart|p2: ScrewSalesman|move: Tailwind
|move|p2a: Ursaluna|Earthquake|p1b: Volcarona|[spread] p1a,p1b
|-immune|p2b: Jumpluff
|-damage|p1a: Venusaur|50/100
|-damage|p1b: Volcarona|54/100
|move|p1a: Venusaur|Sleep Powder|p2a: Ursaluna
|-status|p2a: Ursaluna|slp|[from] move: Sleep Powder
|move|p1b: Volcarona|Quiver Dance|p1b: Volcarona
|-boost|p1b: Volcarona|spa|1
|-boost|p1b: Volcarona|spd|1
|-boost|p1b: Volcarona|spe|1
|
|upkeep
|turn|2
|
|t:|1756440087
|-terastallize|p2b: Jumpluff|Water
|move|p2b: Jumpluff|Sleep Powder|p1b: Volcarona|[miss]
|-miss|p2b: Jumpluff|p1b: Volcarona
|move|p1b: Volcarona|Giga Drain|p2a: Ursaluna
|-supereffective|p2a: Ursaluna
|-damage|p2a: Ursaluna|31/100 slp
|-heal|p1b: Volcarona|94/100|[from] drain|[of] p2a: Ursaluna
|cant|p2a: Ursaluna|slp
|move|p1a: Venusaur|Sludge Bomb|p2b: Jumpluff
|-damage|p2b: Jumpluff|65/100
|
|upkeep
|turn|3
|
|t:|1756440106
|move|p1b: Volcarona|Protect|p1b: Volcarona
|-singleturn|p1b: Volcarona|Protect
|move|p2b: Jumpluff|Pollen Puff|p2a: Ursaluna
|-heal|p2a: Ursaluna|81/100 slp
|cant|p2a: Ursaluna|slp
|move|p1a: Venusaur|Sleep Powder|p2b: Jumpluff
|-status|p2b: Jumpluff|slp|[from] move: Sleep Powder
|
|upkeep
|turn|4
|
|t:|1756440125
|switch|p2b: Incineroar|Incineroar, L50, M|100/100
|-ability|p2b: Incineroar|Intimidate|boost
|-unboost|p1a: Venusaur|atk|1
|-unboost|p1b: Volcarona|atk|1
|move|p1a: Venusaur|Protect|p1a: Venusaur
|-singleturn|p1a: Venusaur|Protect
|move|p1b: Volcarona|Giga Drain|p2a: Ursaluna
|-supereffective|p2a: Ursaluna
|-damage|p2a: Ursaluna|3/100 slp
|-heal|p1b: Volcarona|100/100|[from] drain|[of] p2a: Ursaluna
|-curestatus|p2a: Ursaluna|slp|[msg]
|move|p2a: Ursaluna|Earthquake|p1b: Volcarona|[spread] p2b,p1b
|-activate|p1a: Venusaur|move: Protect
|-supereffective|p2b: Incineroar
|-damage|p2b: Incineroar|17/100
|-damage|p1b: Volcarona|46/100
|-enditem|p2b: Incineroar|Sitrus Berry|[eat]
|-heal|p2b: Incineroar|42/100|[from] item: Sitrus Berry
|
|-sideend|p2: ScrewSalesman|move: Tailwind
|-status|p2a: Ursaluna|brn|[from] item: Flame Orb
|upkeep
|turn|5
|-message|ScrewSalesman forfeited.
|
|win|jagheter
||ScrewSalesman is ready for game 3.
||jagheter is ready for game 3.
|uhtml|next|Next: Game 3 of 3
