|j|☆itbeasher
|j|☆udnsydg
|html|itbeasherudnsydg    
|uhtml|bestof|Game 2 of a best-of-3
|t:|1757756206
|gametype|doubles
|player|p1|itbeasher|1|1095
|player|p2|udnsydg|101|1000
|gen|9
|tier|[Gen 9] VGC 2025 Reg H (Bo3)
|rated|
|rule|Species Clause: Limit one of each Pokémon
|rule|Item Clause: Limit 1 of each item
|clearpoke
|poke|p1|Dondozo, L50, F|
|poke|p1|Tatsugiri, L50, F|
|poke|p1|Whimsicott, L50, M|
|poke|p1|Ursaluna-Bloodmoon, L50, M|
|poke|p1|Indeedee, L50, M|
|poke|p1|Sneasler, L50, M|
|poke|p2|Baxcalibur, L50, M|
|poke|p2|Garchomp, L50, M|
|poke|p2|Gholdengo, L50|
|poke|p2|Amoonguss, L50, F|
|poke|p2|Annihilape, L50, M|
|poke|p2|Incineroar, L50, F|
|teampreview|4
|showteam|p1|Dondozo||Leftovers|Unaware|Protect,HeavySlam,WaveCrash,OrderUp|||F|||50|,,,,,Steel]Tatsugiri||FocusSash|Commander|MuddyWater,DracoMeteor,IcyWind,Protect|||F|||50|,,,,,Fairy]Whimsicott||CovertCloak|Prankster|Moonblast,Tailwind,HelpingHand,LightScreen|||M|||50|,,,,,Water]Ursaluna-Bloodmoon||LifeOrb|MindsEye|Protect,HyperVoice,BloodMoon,EarthPower|||M|||50|,,,,,Normal]Indeedee||ChoiceScarf|PsychicSurge|Protect,Trick,ExpandingForce,TeraBlast|||M|||50|,,,,,Psychic]Sneasler||PsychicSeed|Unburden|Protect,DireClaw,CloseCombat,ThroatChop|||M|||50|,,,,,Dark
|showteam|p2|Baxcalibur||LoadedDice|ThermalExchange|Protect,IcicleSpear,ScaleShot,IceShard|||M|||50|,,,,,Poison]Garchomp||ChoiceBand|RoughSkin|RockSlide,StompingTantrum,DragonClaw,Earthquake|||M|||50|,,,,,Steel]Gholdengo||LifeOrb|GoodasGold|MakeItRain,ShadowBall,NastyPlot,Protect||||||50|,,,,,Water]Amoonguss||SitrusBerry|Regenerator|Spore,PollenPuff,RagePowder,ClearSmog|||F|||50|,,,,,Water]Annihilape||ChoiceScarf|Defiant|FinalGambit,CloseCombat,Uturn,Coaching|||M|||50|,,,,,Flying]Incineroar||SafetyGoggles|Intimidate|KnockOff,Taunt,FakeOut,PartingShot|||F|||50|,,,,,Ghost
|
|t:|1757756219
|teamsize|p1|4
|teamsize|p2|4
|start
|switch|p1a: Whimsicott|Whimsicott, L50, M|100/100
|switch|p1b: Ursaluna|Ursaluna-Bloodmoon, L50, M|100/100
|switch|p2a: Garchomp|Garchomp, L50, M|100/100
|switch|p2b: Annihilape|Annihilape, L50, M|100/100
|turn|1
|
|t:|1757756249
|switch|p2a: Gholdengo|Gholdengo, L50|100/100
|move|p1b: Ursaluna|Protect|p1b: Ursaluna
|-singleturn|p1b: Ursaluna|Protect
|move|p1a: Whimsicott|Tailwind|p1a: Whimsicott
|-sidestart|p1: itbeasher|move: Tailwind
|move|p2b: Annihilape|Close Combat|p1b: Ursaluna
|-activate|p1b: Ursaluna|move: Protect
|
|upkeep
|turn|2
|
|t:|1757756279
|switch|p1b: Indeedee|Indeedee, L50, M|100/100
|-fieldstart|move: Psychic Terrain|[from] ability: Psychic Surge|[of] p1b: Indeedee
|move|p2a: Gholdengo|Protect|p2a: Gholdengo
|-singleturn|p2a: Gholdengo|Protect
|move|p1a: Whimsicott|Moonblast|p2b: Annihilape
|-supereffective|p2b: Annihilape
|-damage|p2b: Annihilape|47/100
|move|p2b: Annihilape|Close Combat|p1b: Indeedee
|-damage|p1b: Indeedee|0 fnt
|-unboost|p2b: Annihilape|def|1
|-unboost|p2b: Annihilape|spd|1
|faint|p1b: Indeedee
|
|upkeep
|
|t:|1757756294
|switch|p1b: Ursaluna|Ursaluna-Bloodmoon, L50, M|100/100
|turn|3
|
|t:|1757756340
|switch|p2b: Amoonguss|Amoonguss, L50, F|100/100
|-terastallize|p2a: Gholdengo|Water
|move|p1b: Ursaluna|Protect|p1b: Ursaluna
|-singleturn|p1b: Ursaluna|Protect
|move|p1a: Whimsicott|Moonblast|p2b: Amoonguss
|-resisted|p2b: Amoonguss
|-damage|p2b: Amoonguss|90/100
|move|p2a: Gholdengo|Make It Rain|p1b: Ursaluna|[spread] p1a
|-activate|p1b: Ursaluna|move: Protect
|-supereffective|p1a: Whimsicott
|-damage|p1a: Whimsicott|0 fnt
|-unboost|p2a: Gholdengo|spa|1
|faint|p1a: Whimsicott
|-damage|p2a: Gholdengo|91/100|[from] item: Life Orb
|
|upkeep
|
|t:|1757756344
|switch|p1a: Sneasler|Sneasler, L50, M|100/100
|-enditem|p1a: Sneasler|Psychic Seed
|-boost|p1a: Sneasler|spd|1|[from] item: Psychic Seed
|turn|4
|
|t:|1757756377
|-terastallize|p1b: Ursaluna|Normal
|move|p2b: Amoonguss|Rage Powder|p2b: Amoonguss
|-singleturn|p2b: Amoonguss|move: Rage Powder
|move|p1a: Sneasler|Dire Claw|p2b: Amoonguss
|-damage|p2b: Amoonguss|54/100
|-status|p2b: Amoonguss|par
|move|p1b: Ursaluna|Hyper Voice|p2a: Gholdengo|[spread] p2a,p2b
|-damage|p2a: Gholdengo|20/100
|-damage|p2b: Amoonguss|0 fnt
|faint|p2b: Amoonguss
|-damage|p1b: Ursaluna|91/100|[from] item: Life Orb
|move|p2a: Gholdengo|Make It Rain|p1b: Ursaluna|[spread] p1a,p1b
|-damage|p1a: Sneasler|63/100
|-damage|p1b: Ursaluna|41/100
|-unboost|p2a: Gholdengo|spa|1
|-damage|p2a: Gholdengo|11/100|[from] item: Life Orb
|
|-sideend|p1: itbeasher|move: Tailwind
|upkeep
|
|t:|1757756410
|switch|p2b: Garchomp|Garchomp, L50, M|100/100
|turn|5
|
|t:|1757756423
|move|p2a: Gholdengo|Protect|p2a: Gholdengo
|-singleturn|p2a: Gholdengo|Protect
|move|p1a: Sneasler|Dire Claw|p2b: Garchomp
|-resisted|p2b: Garchomp
|-damage|p2b: Garchomp|77/100
|-status|p2b: Garchomp|par
|-damage|p1a: Sneasler|51/100|[from] ability: Rough Skin|[of] p2b: Garchomp
|move|p1b: Ursaluna|Hyper Voice|p2b: Garchomp|[spread] p2b
|-activate|p2a: Gholdengo|move: Protect
|-damage|p2b: Garchomp|3/100 par
|-damage|p1b: Ursaluna|31/100|[from] item: Life Orb
|move|p2b: Garchomp|Earthquake|p1a: Sneasler|[spread] p1a,p1b
|-activate|p2a: Gholdengo|move: Protect
|-supereffective|p1a: Sneasler
|-damage|p1a: Sneasler|0 fnt
|-damage|p1b: Ursaluna|0 fnt
|faint|p1a: Sneasler
|faint|p1b: Ursaluna
|
|win|udnsydg
|inactive|itbeasher has 30 seconds to confirm battle start!
|inactive|udnsydg has 30 seconds to confirm battle start!
