|j|☆Professor_J93
|j|☆epic17x
|html|Professor_J93epic17x    
|uhtml|bestof|Game 3 of a best-of-3
|t:|1756489661
|gametype|doubles
|player|p1|Professor_J93|265|1337
|player|p2|epic17x|steven|1349
|gen|9
|tier|[Gen 9] VGC 2025 Reg H (Bo3)
|rated|
|rule|Species Clause: Limit one of each Pokémon
|rule|Item Clause: Limit 1 of each item
|clearpoke
|poke|p1|Decidueye-Hisui, L50, M|
|poke|p1|Electabuzz, L50, M|
|poke|p1|Yanmega, L50, M|
|poke|p1|Chandelure, L50, M|
|poke|p1|Metagross, L50|
|poke|p1|Ursaluna, L50, M|
|poke|p2|Ninetales-Alola, L50, F|
|poke|p2|Rillaboom, L50, F|
|poke|p2|Magmar, L50, M|
|poke|p2|Sneasler, L50, F|
|poke|p2|Kingambit, L50, F|
|poke|p2|Basculegion, L50, M|
|teampreview|4
|showteam|p1|Decidueye-Hisui||ScopeLens|Scrappy|TripleArrows,LeafBlade,Haze,Protect|||M|||50|,,,,,Fire]Electabuzz||Eviolite|VitalSpirit|Electroweb,FollowMe,Taunt,Thunderbolt|||M|||50|,,,,,Dragon]Yanmega||FocusSash|SpeedBoost|AirSlash,BugBuzz,Tailwind,Protect|||M|||50|,,,,,Ghost]Chandelure||FlamePlate|FlashFire|ShadowBall,HeatWave,TrickRoom,Protect|||M|||50|,,,,,Grass]Metagross||AssaultVest|ClearBody|HeavySlam,PsychicFangs,KnockOff,BulletPunch||||||50|,,,,,Dark]Ursaluna||FlameOrb|Guts|Facade,HeadlongRush,Earthquake,Protect|||M|||50|,,,,,Fairy
|showteam|p2|Ninetales-Alola||NeverMeltIce|SnowWarning|Blizzard,FreezeDry,Encore,Protect|||F|||50|,,,,,Ghost]Rillaboom||AssaultVest|GrassySurge|WoodHammer,FakeOut,Uturn,GrassyGlide|||F|||50|,,,,,Ghost]Magmar||Eviolite|VitalSpirit|Protect,HeatWave,WillOWisp,FollowMe|||M|||50|,,,,,Ghost]Sneasler||FocusSash|PoisonTouch|FakeOut,DireClaw,CloseCombat,Protect|||F|||50|,,,,,Ghost]Kingambit||BlackGlasses|Defiant|KowtowCleave,SwordsDance,SuckerPunch,Protect|||F|||50|,,,,,Fire]Basculegion||ChoiceScarf|Adaptability|WaveCrash,FlipTurn,TeraBlast,LastRespects|||M|||50|,,,,,Fighting
|inactive|Battle timer is ON: inactive players will automatically lose when time's up. (requested by Professor_J93)
|inactive|epic17x also wants the timer to be on.
|
|t:|1756489684
|teamsize|p1|4
|teamsize|p2|4
|start
|switch|p1a: Chandelure|Chandelure, L50, M|100/100
|switch|p1b: Ursaluna|Ursaluna, L50, M|100/100
|switch|p2a: Basculegion|Basculegion, L50, M|100/100
|switch|p2b: Kingambit|Kingambit, L50, F|100/100
|turn|1
|inactive|epic17x has 30 seconds left.
|
|t:|1756489713
|-terastallize|p2b: Kingambit|Fire
|move|p1b: Ursaluna|Protect|p1b: Ursaluna
|-singleturn|p1b: Ursaluna|Protect
|move|p2a: Basculegion|Flip Turn|p1a: Chandelure
|-supereffective|p1a: Chandelure
|-damage|p1a: Chandelure|0 fnt
|faint|p1a: Chandelure
|
|t:|1756489719
|switch|p2a: Sneasler|Sneasler, L50, F|100/100|[from] Flip Turn
|move|p2b: Kingambit|Kowtow Cleave|p1b: Ursaluna
|-activate|p1b: Ursaluna|move: Protect
|
|-status|p1b: Ursaluna|brn|[from] item: Flame Orb
|upkeep
|
|t:|1756489730
|switch|p1a: ElectaGOAT|Electabuzz, L50, M, shiny|100/100
|turn|2
|
|t:|1756489740
|switch|p1b: Sparx|Yanmega, L50, M, shiny|100/100
|move|p2a: Sneasler|Fake Out|p1b: Sparx
|-damage|p1b: Sparx|81/100
|move|p1a: ElectaGOAT|Thunderbolt|p2a: Sneasler
|-damage|p2a: Sneasler|58/100
|move|p2b: Kingambit|Swords Dance|p2b: Kingambit
|-boost|p2b: Kingambit|atk|2
|
|upkeep
|turn|3
|
|t:|1756489755
|switch|p2a: Magmar|Magmar, L50, M|100/100
|move|p1a: ElectaGOAT|Follow Me|p1a: ElectaGOAT
|-singleturn|p1a: ElectaGOAT|move: Follow Me
|move|p1b: Sparx|Air Slash|p2a: Magmar
|-damage|p2a: Magmar|70/100
|move|p2b: Kingambit|Kowtow Cleave|p1a: ElectaGOAT
|-damage|p1a: ElectaGOAT|0 fnt
|faint|p1a: ElectaGOAT
|
|-ability|p1b: Sparx|Speed Boost|boost
|-boost|p1b: Sparx|spe|1
|upkeep
|
|t:|1756489764
|switch|p1a: Ursaluna|Ursaluna, L50, M|100/100 brn
|turn|4
|inactive|epic17x has 30 seconds left.
|
|t:|1756489790
|-terastallize|p1a: Ursaluna|Fairy
|move|p1b: Sparx|Protect|p1b: Sparx
|-singleturn|p1b: Sparx|Protect
|move|p2a: Magmar|Protect|p2a: Magmar
|-singleturn|p2a: Magmar|Protect
|move|p2b: Kingambit|Protect|p2b: Kingambit
|-singleturn|p2b: Kingambit|Protect
|move|p1a: Ursaluna|Earthquake|p2b: Kingambit|[spread] 
|-activate|p1b: Sparx|move: Protect
|-activate|p2a: Magmar|move: Protect
|-activate|p2b: Kingambit|move: Protect
|
|-damage|p1a: Ursaluna|95/100 brn|[from] brn
|-ability|p1b: Sparx|Speed Boost|boost
|-boost|p1b: Sparx|spe|1
|upkeep
|turn|5
|
|t:|1756489808
|move|p2b: Kingambit|Sucker Punch|p1a: Ursaluna
|-resisted|p1a: Ursaluna
|-damage|p1a: Ursaluna|61/100 brn
|move|p1b: Sparx|Air Slash|p2a: Magmar
|-damage|p2a: Magmar|39/100
|move|p2a: Magmar|Heat Wave|p1a: Ursaluna|[spread] p1a,p1b
|-supereffective|p1b: Sparx
|-damage|p1a: Ursaluna|39/100 brn
|-damage|p1b: Sparx|0 fnt
|faint|p1b: Sparx
|move|p1a: Ursaluna|Earthquake|p2a: Magmar|[spread] p2a,p2b
|-supereffective|p2a: Magmar
|-supereffective|p2b: Kingambit
|-crit|p2b: Kingambit
|-damage|p2a: Magmar|0 fnt
|-damage|p2b: Kingambit|0 fnt
|faint|p2a: Magmar
|faint|p2b: Kingambit
|
|-damage|p1a: Ursaluna|33/100 brn|[from] brn
|upkeep
|
|t:|1756489815
|switch|p2a: Basculegion|Basculegion, L50, M|100/100
|switch|p2b: Sneasler|Sneasler, L50, F|58/100
|turn|6
|-message|Professor_J93 forfeited.
|raw|Professor_J93's rating: 1337 → 1318(-19 for losing)
|raw|epic17x's rating: 1349 → 1368(+19 for winning)
|
|win|epic17x
