|j|☆Lolome
|j|☆dialghite
|html|Lolomedialghite    
|uhtml|bestof|Game 1 of a best-of-3
|t:|1756454725
|gametype|doubles
|player|p1|Lolome|170|1339
|player|p2|dialghite|volkner|1480
|gen|9
|tier|[Gen 9] VGC 2025 Reg H (Bo3)
|rated|
|rule|Species Clause: Limit one of each Pokémon
|rule|Item Clause: Limit 1 of each item
|clearpoke
|poke|p1|Volcarona, L50, F|
|poke|p1|Rillaboom, L50, F|
|poke|p1|Ninetales-Alola, L50, M|
|poke|p1|Sneasler, L50, F|
|poke|p1|Kingambit, L50, M|
|poke|p1|Dragonite, L50, M|
|poke|p2|Whimsicott, L50, F|
|poke|p2|Garchomp, L50, M|
|poke|p2|Indeedee, L50, M|
|poke|p2|Sneasler, L50, F|
|poke|p2|Ursaluna-Bloodmoon, L50, M|
|poke|p2|Archaludon, L50, M|
|teampreview|4
|showteam|p1|Volcarona||GrassySeed|FlameBody|HeatWave,TeraBlast,QuiverDance,Protect|||F|||50|,,,,,Fairy]Rillaboom||AssaultVest|GrassySurge|GrassyGlide,WoodHammer,FakeOut,HighHorsepower|||F|||50|,,,,,Fire]Ninetales-Alola||LightClay|SnowWarning|Blizzard,Encore,AuroraVeil,Protect|||M|||50|,,,,,Ghost]Sneasler||WhiteHerb|Unburden|CloseCombat,DireClaw,Coaching,Protect|||F|||50|,,,,,Ghost]Kingambit||SafetyGoggles|Defiant|KowtowCleave,SuckerPunch,SwordsDance,Protect|||M|||50|,,,,,Dark]Dragonite||LoadedDice|Multiscale|ScaleShot,StompingTantrum,Haze,Protect|||M|||50|,,,,,Ground
|showteam|p2|Whimsicott||CovertCloak|Prankster|Moonblast,Taunt,Tailwind,FakeTears|||F|||50|,,,,,Water]Garchomp||LoadedDice|RoughSkin|ScaleShot,StompingTantrum,SwordsDance,Protect|||M|||50|,,,,,Steel]Indeedee||FocusSash|PsychicSurge|ExpandingForce,TeraBlast,Imprison,TrickRoom|||M|||50|,,,,,Psychic]Sneasler||PsychicSeed|Unburden|CloseCombat,DireClaw,ThroatChop,Protect|||F|||50|,,,,,Dark]Ursaluna-Bloodmoon||LifeOrb|MindsEye|HyperVoice,BloodMoon,EarthPower,Protect|||M|||50|,,,,,Normal]Archaludon||PowerHerb|Stalwart|ElectroShot,DragonPulse,Thunderbolt,Protect|||M|||50|,,,,,Electric
|inactive|Battle timer is ON: inactive players will automatically lose when time's up. (requested by dialghite)
|inactive|Lolome has 60 seconds left.
|
|t:|1756454763
|teamsize|p1|4
|teamsize|p2|4
|start
|switch|p1a: Dragonite|Dragonite, L50, M|100/100
|switch|p1b: Ninetales|Ninetales-Alola, L50, M|100/100
|switch|p2a: Whimsicott|Whimsicott, L50, F|100/100
|switch|p2b: Ursaluna|Ursaluna-Bloodmoon, L50, M|100/100
|-weather|Snowscape|[from] ability: Snow Warning|[of] p1b: Ninetales
|turn|1
|
|t:|1756454784
|move|p2a: Whimsicott|Tailwind|p2a: Whimsicott
|-sidestart|p2: dialghite|move: Tailwind
|move|p2b: Ursaluna|Blood Moon|p1b: Ninetales
|-damage|p1b: Ninetales|0 fnt
|faint|p1b: Ninetales
|-damage|p2b: Ursaluna|91/100|[from] item: Life Orb
|move|p1a: Dragonite|Scale Shot|p2b: Ursaluna|[miss]
|-miss|p1a: Dragonite|p2b: Ursaluna
|
|-weather|Snowscape|[upkeep]
|upkeep
|
|t:|1756454794
|switch|p1b: Rillaboom|Rillaboom, L50, F|100/100
|-fieldstart|move: Grassy Terrain|[from] ability: Grassy Surge|[of] p1b: Rillaboom
|turn|2
|
|t:|1756454807
|move|p2b: Ursaluna|Protect|p2b: Ursaluna
|-singleturn|p2b: Ursaluna|Protect
|move|p2a: Whimsicott|Moonblast|p1a: Dragonite
|-supereffective|p1a: Dragonite
|-damage|p1a: Dragonite|75/100
|move|p1a: Dragonite|Scale Shot|p2b: Ursaluna
|-activate|p2b: Ursaluna|move: Protect
|move|p1b: Rillaboom|Wood Hammer|p2a: Whimsicott
|-resisted|p2a: Whimsicott
|-damage|p2a: Whimsicott|53/100
|-damage|p1b: Rillaboom|88/100|[from] Recoil
|
|-weather|Snowscape|[upkeep]
|-heal|p2a: Whimsicott|58/100|[from] Grassy Terrain
|-heal|p2b: Ursaluna|97/100|[from] Grassy Terrain
|-heal|p1b: Rillaboom|94/100|[from] Grassy Terrain
|upkeep
|turn|3
|
|t:|1756454817
|move|p1a: Dragonite|Protect|p1a: Dragonite
|-singleturn|p1a: Dragonite|Protect
|move|p2a: Whimsicott|Fake Tears|p1b: Rillaboom
|-unboost|p1b: Rillaboom|spd|2
|move|p2b: Ursaluna|Blood Moon|p1b: Rillaboom
|-damage|p1b: Rillaboom|0 fnt
|faint|p1b: Rillaboom
|-damage|p2b: Ursaluna|87/100|[from] item: Life Orb
|
|-weather|Snowscape|[upkeep]
|-heal|p2a: Whimsicott|64/100|[from] Grassy Terrain
|-heal|p2b: Ursaluna|93/100|[from] Grassy Terrain
|upkeep
|
|t:|1756454822
|switch|p1b: Kingambit|Kingambit, L50, M|100/100
|turn|4
|
|t:|1756454830
|-terastallize|p2b: Ursaluna|Normal
|-terastallize|p1b: Kingambit|Dark
|move|p2a: Whimsicott|Fake Tears|p1a: Dragonite
|-unboost|p1a: Dragonite|spd|2
|move|p2b: Ursaluna|Hyper Voice|p1a: Dragonite|[spread] p1a,p1b
|-damage|p1a: Dragonite|0 fnt
|-damage|p1b: Kingambit|36/100
|faint|p1a: Dragonite
|-damage|p2b: Ursaluna|84/100|[from] item: Life Orb
|move|p1b: Kingambit|Swords Dance|p1b: Kingambit
|-boost|p1b: Kingambit|atk|2
|
|-weather|Snowscape|[upkeep]
|-heal|p2a: Whimsicott|70/100|[from] Grassy Terrain
|-heal|p2b: Ursaluna|89/100|[from] Grassy Terrain
|-heal|p1b: Kingambit|42/100|[from] Grassy Terrain
|-sideend|p2: dialghite|move: Tailwind
|upkeep
|turn|5
|
|t:|1756454840
|move|p1b: Kingambit|Sucker Punch|p2b: Ursaluna
|-crit|p2b: Ursaluna
|-damage|p2b: Ursaluna|0 fnt
|faint|p2b: Ursaluna
|move|p2a: Whimsicott|Moonblast|p1b: Kingambit
|-supereffective|p1b: Kingambit
|-damage|p1b: Kingambit|0 fnt
|faint|p1b: Kingambit
|
|win|dialghite
||dialghite is ready for game 2.
||Lolome is ready for game 2.
|uhtml|next|Next: Game 2 of 3
|l|☆dialghite
|player|p2|
