|j|☆balance bro
|j|☆HeracrossVGC
|html|balance broHeracrossVGC    
|uhtml|bestof|Game 3 of a best-of-3
|t:|1757645774
|gametype|doubles
|player|p1|balance bro|buck|1201
|player|p2|HeracrossVGC|2|1202
|gen|9
|tier|[Gen 9] VGC 2025 Reg H (Bo3)
|rated|
|rule|Species Clause: Limit one of each Pokémon
|rule|Item Clause: Limit 1 of each item
|clearpoke
|poke|p1|Porygon2, L50|
|poke|p1|Hydreigon, L50, M|
|poke|p1|Incineroar, L50, F|
|poke|p1|Garchomp, L50, M|
|poke|p1|Amoonguss, L50, F|
|poke|p1|Gholdengo, L50|
|poke|p2|Gholdengo, L50|
|poke|p2|Sneasler, L50, M|
|poke|p2|Rillaboom, L50, F|
|poke|p2|Dragonite, L50, M|
|poke|p2|Ninetales-Alola, L50, F|
|poke|p2|Arcanine-Hisui, L50, F|
|teampreview|4
|showteam|p1|Porygon2||Eviolite|Download|TeraBlast,IceBeam,TrickRoom,Recover||||||50|,,,,,Fighting]Hydreigon||SafetyGoggles|Levitate|Snarl,DracoMeteor,Tailwind,Protect|||M|||50|,,,,,Ghost]Incineroar||SitrusBerry|Intimidate|FlareBlitz,KnockOff,PartingShot,FakeOut|||F|||50|,,,,,Grass]Garchomp||LoadedDice|RoughSkin|ScaleShot,Earthquake,StompingTantrum,Protect|||M|||50|,,,,,Fire]Amoonguss||CovertCloak|Regenerator|PollenPuff,Spore,RagePowder,Protect|||F|||50|,,,,,Fire]Gholdengo||MetalCoat|GoodasGold|MakeItRain,ShadowBall,NastyPlot,Protect||||||50|,,,,,Flying
|showteam|p2|Gholdengo||GrassySeed|GoodasGold|NastyPlot,MakeItRain,ShadowBall,Protect||||||50|,,,,,Water]Sneasler||WhiteHerb|Unburden|CloseCombat,DireClaw,Coaching,Protect|||M|||50|,,,,,Ghost]Rillaboom||AssaultVest|GrassySurge|FakeOut,GrassyGlide,DrumBeating,HighHorsepower|||F|||50|,,,,,Fire]Dragonite||LoadedDice|Multiscale|ScaleShot,Haze,Tailwind,Protect|||M|||50|,,,,,Steel]Ninetales-Alola||FocusSash|SnowWarning|Blizzard,IcyWind,Encore,AuroraVeil|||F|||50|,,,,,Ghost]Arcanine-Hisui||ClearAmulet|Intimidate|RockSlide,FlareBlitz,ExtremeSpeed,Protect|||F|||50|,,,,,Water
|inactive|Battle timer is ON: inactive players will automatically lose when time's up. (requested by HeracrossVGC)
|
|t:|1757645803
|teamsize|p1|4
|teamsize|p2|4
|start
|switch|p1a: Incineroar|Incineroar, L50, F, shiny|100/100
|switch|p1b: Garchomp|Garchomp, L50, M, shiny|100/100
|switch|p2a: Arcanine|Arcanine-Hisui, L50, F|100/100
|switch|p2b: Gholdengo|Gholdengo, L50|100/100
|-ability|p2a: Arcanine|Intimidate|boost
|-unboost|p1a: Incineroar|atk|1
|-unboost|p1b: Garchomp|atk|1
|-ability|p1a: Incineroar|Intimidate|boost
|-fail|p2a: Arcanine|unboost|[from] item: Clear Amulet|[of] p2a: Arcanine
|-unboost|p2b: Gholdengo|atk|1
|turn|1
|
|t:|1757645825
|switch|p2a: Rillaboom|Rillaboom, L50, F|100/100
|-fieldstart|move: Grassy Terrain|[from] ability: Grassy Surge|[of] p2a: Rillaboom
|-enditem|p2b: Gholdengo|Grassy Seed
|-boost|p2b: Gholdengo|def|1|[from] item: Grassy Seed
|-terastallize|p2b: Gholdengo|Water
|move|p1b: Garchomp|Scale Shot|p2a: Rillaboom
|-damage|p2a: Rillaboom|89/100
|-damage|p2a: Rillaboom|78/100
|-damage|p2a: Rillaboom|68/100
|-damage|p2a: Rillaboom|58/100
|-hitcount|p2a: Rillaboom|4
|-unboost|p1b: Garchomp|def|1
|-boost|p1b: Garchomp|spe|1
|move|p2b: Gholdengo|Nasty Plot|p2b: Gholdengo
|-boost|p2b: Gholdengo|spa|2
|move|p1a: Incineroar|Knock Off|p2b: Gholdengo
|-damage|p2b: Gholdengo|89/100
|
|-heal|p2a: Rillaboom|64/100|[from] Grassy Terrain
|-heal|p2b: Gholdengo|95/100|[from] Grassy Terrain
|upkeep
|turn|2
|inactive|balance bro has 30 seconds left.
|inactive|HeracrossVGC has 30 seconds left.
|inactive|HeracrossVGC has 20 seconds left.
|inactive|HeracrossVGC has 15 seconds left.
|inactive|HeracrossVGC has 10 seconds left.
|
|t:|1757645871
|switch|p1a: Porygon2|Porygon2, L50, shiny|100/100
|-ability|p1a: Porygon2|Download|boost
|-boost|p1a: Porygon2|spa|1
|move|p1b: Garchomp|Protect|p1b: Garchomp
|-singleturn|p1b: Garchomp|Protect
|move|p2a: Rillaboom|Fake Out|p1b: Garchomp
|-activate|p1b: Garchomp|move: Protect
|move|p2b: Gholdengo|Nasty Plot|p2b: Gholdengo
|-boost|p2b: Gholdengo|spa|2
|
|-heal|p2a: Rillaboom|70/100|[from] Grassy Terrain
|-heal|p2b: Gholdengo|100/100|[from] Grassy Terrain
|upkeep
|turn|3
|inactive|HeracrossVGC has 30 seconds left.
|inactive|HeracrossVGC has 20 seconds left.
|
|t:|1757645909
|switch|p2a: Arcanine|Arcanine-Hisui, L50, F|100/100
|-ability|p2a: Arcanine|Intimidate|boost
|-unboost|p1a: Porygon2|atk|1
|-unboost|p1b: Garchomp|atk|1
|move|p1b: Garchomp|Scale Shot|p2b: Gholdengo
|-damage|p2b: Gholdengo|95/100
|-damage|p2b: Gholdengo|90/100
|-damage|p2b: Gholdengo|85/100
|-damage|p2b: Gholdengo|80/100
|-hitcount|p2b: Gholdengo|4
|-unboost|p1b: Garchomp|def|1
|-boost|p1b: Garchomp|spe|1
|move|p2b: Gholdengo|Make It Rain|p1a: Porygon2|[spread] p1a,p1b
|-damage|p1a: Porygon2|22/100
|-damage|p1b: Garchomp|0 fnt
|-unboost|p2b: Gholdengo|spa|1
|faint|p1b: Garchomp
|move|p1a: Porygon2|Tera Blast|p2b: Gholdengo
|-crit|p2b: Gholdengo
|-damage|p2b: Gholdengo|0 fnt
|faint|p2b: Gholdengo
|
|-heal|p1a: Porygon2|29/100|[from] Grassy Terrain
|upkeep
|inactive|balance bro has 30 seconds left.
|inactive|HeracrossVGC has 30 seconds left.
|inactive|balance bro has 20 seconds left.
|inactive|balance bro has 15 seconds left.
|
|t:|1757645950
|switch|p1b: Incineroar|Incineroar, L50, F, shiny|100/100
|switch|p2b: Rillaboom|Rillaboom, L50, F|70/100
|-ability|p1b: Incineroar|Intimidate|boost
|-fail|p2a: Arcanine|unboost|[from] item: Clear Amulet|[of] p2a: Arcanine
|-unboost|p2b: Rillaboom|atk|1
|turn|4
|
|t:|1757645966
|switch|p2a: Sneasler|Sneasler, L50, M|100/100
|-terastallize|p1b: Incineroar|Grass
|move|p2b: Rillaboom|Fake Out|p1a: Porygon2
|-damage|p1a: Porygon2|22/100
|move|p1b: Incineroar|Fake Out|p2a: Sneasler
|-damage|p2a: Sneasler|84/100
|cant|p1a: Porygon2|flinch
|
|-heal|p2a: Sneasler|90/100|[from] Grassy Terrain
|-heal|p2b: Rillaboom|76/100|[from] Grassy Terrain
|-heal|p1a: Porygon2|29/100|[from] Grassy Terrain
|upkeep
|turn|5
|
|t:|1757645983
|switch|p2b: Arcanine|Arcanine-Hisui, L50, F|100/100
|-ability|p2b: Arcanine|Intimidate|boost
|-unboost|p1a: Porygon2|atk|1
|-unboost|p1b: Incineroar|atk|1
|switch|p1b: Gholdengo|Gholdengo, L50|100/100
|move|p2a: Sneasler|Close Combat|p1a: Porygon2
|-supereffective|p1a: Porygon2
|-damage|p1a: Porygon2|0 fnt
|-unboost|p2a: Sneasler|def|1
|-unboost|p2a: Sneasler|spd|1
|faint|p1a: Porygon2
|-enditem|p2a: Sneasler|White Herb
|-clearnegativeboost|p2a: Sneasler|[silent]
|
|-heal|p2a: Sneasler|97/100|[from] Grassy Terrain
|-fieldend|move: Grassy Terrain
|upkeep
|
|t:|1757645991
|switch|p1a: Incineroar|Incineroar, L50, F, shiny, tera:Grass|100/100
|-ability|p1a: Incineroar|Intimidate|boost
|-unboost|p2a: Sneasler|atk|1
|-fail|p2b: Arcanine|unboost|[from] item: Clear Amulet|[of] p2b: Arcanine
|turn|6
|
|t:|1757646013
|move|p2a: Sneasler|Close Combat|p1a: Incineroar
|-damage|p1a: Incineroar|61/100
|-unboost|p2a: Sneasler|def|1
|-unboost|p2a: Sneasler|spd|1
|move|p2b: Arcanine|Flare Blitz|p1b: Gholdengo
|-supereffective|p1b: Gholdengo
|-damage|p1b: Gholdengo|0 fnt
|faint|p1b: Gholdengo
|-damage|p2b: Arcanine|64/100|[from] Recoil
|move|p1a: Incineroar|Knock Off|p2b: Arcanine
|-damage|p2b: Arcanine|15/100
|-enditem|p2b: Arcanine|Clear Amulet|[from] move: Knock Off|[of] p1a: Incineroar
|
|upkeep
|turn|7
|-message|balance bro forfeited.
|
|win|HeracrossVGC
|raw|balance bro's rating: 1201 → 1176(-25 for losing)
|raw|HeracrossVGC's rating: 1202 → 1227(+25 for winning)
