|j|☆ToastedArt
|j|☆MsLn
|html|ToastedArtMsLn    
|uhtml|bestof|Game 1 of a best-of-3
|t:|1784413145
|gametype|doubles
|player|p1|ToastedArt|iris|1092
|player|p2|MsLn|backpacker|1189
|gen|9
|tier|[Gen 9 Champions] VGC 2026 Reg M-B (Bo3)
|rated|
|rule|Species Clause: Limit one of each Pokémon
|rule|Item Clause: Limit 1 of each item
|clearpoke
|poke|p1|Falinks, L50, shiny|
|poke|p1|Gholdengo, L50|
|poke|p1|Hydreigon, L50, M, shiny|
|poke|p1|Sneasler, L50, M|
|poke|p1|Talonflame, L50, F, shiny|
|poke|p1|Kingambit, L50, F|
|poke|p2|Charizard, L50, M|
|poke|p2|Oranguru, L50, M|
|poke|p2|Torkoal, L50, F|
|poke|p2|Pelipper, L50, F|
|poke|p2|Mawile, L50, M|
|poke|p2|Sinistcha-Masterpiece, L50|
|teampreview|4
|showteam|p1|Falinks||Falinksite|Defiant|NoRetreat,BulkUp,CloseCombat,Protect|Careful|||||50|]Gholdengo||SpellTag|GoodasGold|MakeItRain,ShadowBall,NastyPlot,Protect|Modest|||||50|]Hydreigon||LifeOrb|Levitate|DracoMeteor,Snarl,EarthPower,DarkPulse|Modest||M|||50|]Sneasler||FocusSash|PoisonTouch|CloseCombat,PoisonJab,Coaching,FakeOut|Jolly||M|||50|]Talonflame||SharpBeak|GaleWings|BraveBird,Tailwind,Uturn,QuickGuard|Adamant||F|||50|]Kingambit||BlackGlasses|Defiant|KowtowCleave,SuckerPunch,SwordsDance,Protect|Adamant||F|||50|
|showteam|p2|Charizard||CharizarditeY|SolarPower|SolarBeam,WeatherBall,HeatWave,Protect|Modest||M|||50|]Oranguru||MentalHerb|InnerFocus|TrickRoom,AfterYou,Instruct,PsychicNoise|Sassy||M|||50|]Torkoal||Charcoal|Drought|Eruption,EarthPower,Protect,HeatWave|Quiet||F|||50|]Pelipper||FocusSash|Drizzle|Uturn,WeatherBall,Hurricane,WideGuard|Modest||F|||50|]Mawile||Mawilite|HyperCutter|Protect,PlayRough,SwordsDance,SuckerPunch|Adamant||M|||50|]Sinistcha-Masterpiece||Leftovers|Hospitality|TrickRoom,MatchaGotcha,Protect,RagePowder|Relaxed|||||50|
|inactive|Battle timer is ON: inactive players will automatically lose when time's up. (requested by MsLn)
|inactive|ToastedArt also wants the timer to be on.
|inactive|ToastedArt has 60 seconds left.
|inactive|MsLn has 60 seconds left.
|
|t:|1784413197
|teamsize|p1|4
|teamsize|p2|4
|start
|switch|p1a: Sneasler|Sneasler, L50, M|100/100
|switch|p1b: Kingambit|Kingambit, L50, F|100/100
|switch|p2a: Charizard|Charizard, L50, M|100/100
|switch|p2b: Oranguru|Oranguru, L50, M|100/100
|turn|1
|inactive|MsLn has 30 seconds left.
|inactive|MsLn has 20 seconds left.
|inactive|MsLn has 15 seconds left.
|
|t:|1784413240
|switch|p2b: Pelipper|Pelipper, L50, F|100/100
|-weather|RainDance|[from] ability: Drizzle|[of] p2b: Pelipper
|move|p2a: Charizard|Protect|p2a: Charizard
|-singleturn|p2a: Charizard|Protect
|move|p1a: Sneasler|Fake Out|p2a: Charizard
|-activate|p2a: Charizard|move: Protect
|move|p1b: Kingambit|Swords Dance|p1b: Kingambit
|-boost|p1b: Kingambit|atk|2
|
|-weather|RainDance|[upkeep]
|upkeep
|turn|2
|
|t:|1784413256
|detailschange|p2a: Charizard|Charizard-Mega-Y, L50, M
|-mega|p2a: Charizard|Charizard|Charizardite Y
|-weather|SunnyDay|[from] ability: Drought|[of] p2a: Charizard
|move|p1b: Kingambit|Sucker Punch|p2a: Charizard
|-damage|p2a: Charizard|0 fnt
|faint|p2a: Charizard
|move|p1a: Sneasler|Coaching|p1b: Kingambit
|-boost|p1b: Kingambit|atk|1
|-boost|p1b: Kingambit|def|1
|move|p2b: Pelipper|Weather Ball|p1b: Kingambit
|-supereffective|p1b: Kingambit|1
|-damage|p1b: Kingambit|10/100
|
|-weather|SunnyDay|[upkeep]
|upkeep
|
|t:|1784413268
|switch|p2a: Oranguru|Oranguru, L50, M|100/100
|turn|3
|
|t:|1784413290
|move|p1b: Kingambit|Sucker Punch|p2b: Pelipper
|-enditem|p2b: Pelipper|Focus Sash
|-damage|p2b: Pelipper|1/100
|move|p1a: Sneasler|Poison Jab|p2b: Pelipper
|-damage|p2b: Pelipper|0 fnt
|faint|p2b: Pelipper
|move|p2a: Oranguru|Trick Room|p2a: Oranguru
|-fieldstart|move: Trick Room|[of] p2a: Oranguru
|
|-weather|SunnyDay|[upkeep]
|upkeep
|
|t:|1784413297
|switch|p2b: Torkoal|Torkoal, L50, F|100/100
|turn|4
|
|t:|1784413308
|switch|p1a: Hydreigon|Hydreigon, L50, M, shiny|100/100
|move|p1b: Kingambit|Sucker Punch|p2b: Torkoal
|-damage|p2b: Torkoal|3/100
|move|p2b: Torkoal|Heat Wave|p1a: Hydreigon|[spread] p1a,p1b
|-resisted|p1a: Hydreigon|1
|-supereffective|p1b: Kingambit|1
|-damage|p1a: Hydreigon|69/100
|-damage|p1b: Kingambit|0 fnt
|faint|p1b: Kingambit
|move|p2a: Oranguru|Instruct|p2b: Torkoal
|-singleturn|p2b: Torkoal|move: Instruct|[of] p2a: Oranguru
|move|p2b: Torkoal|Heat Wave|p1a: Hydreigon
|-resisted|p1a: Hydreigon|1
|-crit|p1a: Hydreigon
|-damage|p1a: Hydreigon|4/100
|
|-weather|SunnyDay|[upkeep]
|upkeep
|
|t:|1784413317
|switch|p1b: Sneasler|Sneasler, L50, M|100/100
|turn|5
|
|t:|1784413330
|move|p2b: Torkoal|Protect|p2b: Torkoal
|-singleturn|p2b: Torkoal|Protect
|move|p1b: Sneasler|Fake Out|p2b: Torkoal
|-activate|p2b: Torkoal|move: Protect
|move|p2a: Oranguru|Psychic Noise|p1b: Sneasler
|-supereffective|p1b: Sneasler|2
|-enditem|p1b: Sneasler|Focus Sash
|-damage|p1b: Sneasler|1/100
|-start|p1b: Sneasler|move: Heal Block
|move|p1a: Hydreigon|Dark Pulse|p2a: Oranguru
|-supereffective|p2a: Oranguru|1
|-damage|p2a: Oranguru|15/100
|-damage|p1a: Hydreigon|0 fnt|[from] item: Life Orb
|faint|p1a: Hydreigon
|
|-weather|SunnyDay|[upkeep]
|upkeep
|
|t:|1784413335
|switch|p1a: Falinks|Falinks, L50, shiny|100/100
|turn|6
|
|t:|1784413347
|detailschange|p1a: Falinks|Falinks-Mega, L50, shiny
|-mega|p1a: Falinks|Falinks|Falinksite
|move|p1a: Falinks|Protect|p1a: Falinks
|-singleturn|p1a: Falinks|Protect
|move|p2b: Torkoal|Heat Wave|p1b: Sneasler|[spread] p1b
|-activate|p1a: Falinks|move: Protect
|-damage|p1b: Sneasler|0 fnt
|faint|p1b: Sneasler
|move|p2a: Oranguru|Instruct|p2b: Torkoal
|-singleturn|p2b: Torkoal|move: Instruct|[of] p2a: Oranguru
|move|p2b: Torkoal|Heat Wave|p1a: Falinks
|-activate|p1a: Falinks|move: Protect
|
|-weather|none
|upkeep
|turn|7
|inactive|MsLn has 30 seconds left.
|
|t:|1784413382
|move|p1a: Falinks|Protect|p1a: Falinks
|-singleturn|p1a: Falinks|Protect
|move|p2b: Torkoal|Heat Wave|p1a: Falinks
|-activate|p1a: Falinks|move: Protect
|move|p2a: Oranguru|Psychic Noise|p1a: Falinks
|-activate|p1a: Falinks|move: Protect
|
|-fieldend|move: Trick Room
|upkeep
|turn|8
|
|t:|1784413389
|move|p2b: Torkoal|Protect|p2b: Torkoal
|-singleturn|p2b: Torkoal|Protect
|move|p1a: Falinks|Close Combat|p2a: Oranguru
|-damage|p2a: Oranguru|0 fnt
|-unboost|p1a: Falinks|def|1
|-unboost|p1a: Falinks|spd|1
|faint|p2a: Oranguru
|
|upkeep
|turn|9
|-message|MsLn forfeited.
|
|win|ToastedArt
