|j|☆joniboyee
|j|☆sum1dum
|html|joniboyeesum1dum    
|uhtml|bestof|Game 2 of a best-of-3
|t:|1783303225
|gametype|doubles
|player|p1|joniboyee|265|1175
|player|p2|sum1dum|rosa|1135
|gen|9
|tier|[Gen 9 Champions] VGC 2026 Reg M-B (Bo3)
|rated|
|rule|Species Clause: Limit one of each Pokémon
|rule|Item Clause: Limit 1 of each item
|clearpoke
|poke|p1|Charizard, L50, F|
|poke|p1|Whimsicott, L50, F|
|poke|p1|Annihilape, L50, F|
|poke|p1|Garchomp, L50, M|
|poke|p1|Eelektross, L50, M|
|poke|p1|Aerodactyl, L50, M|
|poke|p2|Gliscor, L50, M|
|poke|p2|Primarina, L50, M|
|poke|p2|Metagross, L50|
|poke|p2|Ninetales-Alola, L50, M|
|poke|p2|Incineroar, L50, F|
|poke|p2|Sinistcha, L50|
|teampreview|4
|showteam|p1|Charizard||CharizarditeY|Blaze|HeatWave,SolarBeam,WeatherBall,Protect|Timid||F|||50|]Whimsicott||MentalHerb|Prankster|Tailwind,BeatUp,Moonblast,Encore|Bold||F|||50|]Annihilape||SitrusBerry|Defiant|RageFist,CloseCombat,DrainPunch,Protect|Jolly||F|||50|]Garchomp||LifeOrb|RoughSkin|SwordsDance,Earthquake,DragonClaw,Protect|Jolly||M|||50|]Eelektross||Eelektrossite|Levitate|Discharge,VoltSwitch,Flamethrower,Thunderbolt|Timid||M|||50|]Aerodactyl||FocusSash|RockHead|WideGuard,RockSlide,DualWingbeat,Protect|Jolly||M|||50|
|showteam|p2|Gliscor||LifeOrb|HyperCutter|DualWingbeat,HighHorsepower,Protect,RockSlide|Jolly||M|||50|]Primarina||Leftovers|LiquidVoice|CalmMind,HyperVoice,Moonblast,Protect|Modest||M|||50|]Metagross||Metagrossite|ClearBody|BulletPunch,IronHead,Protect,PsychicFangs|Jolly|||||50|]Ninetales-Alola||LightClay|SnowWarning|AuroraVeil,FreezeDry,Moonblast,Protect|Timid||M|||50|]Incineroar||ChopleBerry|Intimidate|FakeOut,FlareBlitz,DarkestLariat,PartingShot|Impish||F|||50|]Sinistcha||SitrusBerry|Hospitality|MatchaGotcha,Protect,LifeDew,RagePowder|Bold|||||50|
|inactive|Battle timer is ON: inactive players will automatically lose when time's up. (requested by sum1dum)
|
|t:|1783303253
|teamsize|p1|4
|teamsize|p2|4
|start
|switch|p1a: Charizard|Charizard, L50, F|100/100
|switch|p1b: Aerodactyl|Aerodactyl, L50, M|100/100
|switch|p2a: Perserverance|Metagross, L50|100/100
|switch|p2b: Justice|Incineroar, L50, F|100/100
|-ability|p2b: Justice|Intimidate|boost
|-unboost|p1a: Charizard|atk|1
|-unboost|p1b: Aerodactyl|atk|1
|turn|1
|inactive|joniboyee has 30 seconds left.
|inactive|joniboyee has 20 seconds left.
|inactive|sum1dum has 30 seconds left.
|inactive|sum1dum has 20 seconds left.
|
|t:|1783303300
|detailschange|p2a: Perserverance|Metagross-Mega, L50
|-mega|p2a: Perserverance|Metagross|Metagrossite
|move|p1b: Aerodactyl|Protect|p1b: Aerodactyl
|-singleturn|p1b: Aerodactyl|Protect
|move|p1a: Charizard|Protect|p1a: Charizard
|-singleturn|p1a: Charizard|Protect
|move|p2b: Justice|Fake Out|p1a: Charizard
|-activate|p1a: Charizard|move: Protect
|move|p2a: Perserverance|Psychic Fangs|p1a: Charizard
|-activate|p1a: Charizard|move: Protect
|
|upkeep
|turn|2
|inactive|joniboyee has 30 seconds left.
|inactive|joniboyee has 20 seconds left.
|inactive|joniboyee has 15 seconds left.
|inactive|joniboyee has 10 seconds left.
|inactive|joniboyee has 5 seconds left.
|
|t:|1783303351
|switch|p1b: Garchomp|Garchomp, L50, M|100/100
|detailschange|p1a: Charizard|Charizard-Mega-Y, L50, F
|-mega|p1a: Charizard|Charizard|Charizardite Y
|-weather|SunnyDay|[from] ability: Drought|[of] p1a: Charizard
|move|p2a: Perserverance|Protect|p2a: Perserverance
|-singleturn|p2a: Perserverance|Protect
|move|p1a: Charizard|Weather Ball|p2a: Perserverance
|-activate|p2a: Perserverance|move: Protect
|move|p2b: Justice|Parting Shot|p1a: Charizard
|-unboost|p1a: Charizard|atk|1
|-unboost|p1a: Charizard|spa|1
|c|☆sum1dum|You sure you wanted rock head on dactyl?
|
|t:|1783303369
|switch|p2b: Integrity|Ninetales-Alola, L50, M|100/100|[from] Parting Shot
|-weather|Snowscape|[from] ability: Snow Warning|[of] p2b: Integrity
|
|-weather|Snowscape|[upkeep]
|upkeep
|turn|3
|
|t:|1783303389
|move|p1b: Garchomp|Protect|p1b: Garchomp
|-singleturn|p1b: Garchomp|Protect
|move|p2a: Perserverance|Psychic Fangs|p1a: Charizard
|-damage|p1a: Charizard|10/100
|move|p2b: Integrity|Aurora Veil|p2b: Integrity
|-sidestart|p2: sum1dum|move: Aurora Veil
|move|p1a: Charizard|Heat Wave|p2a: Perserverance|[spread] p2a,p2b
|-supereffective|p2a: Perserverance|1
|-supereffective|p2b: Integrity|1
|-damage|p2a: Perserverance|61/100
|-damage|p2b: Integrity|59/100
|
|-weather|Snowscape|[upkeep]
|upkeep
|turn|4
|inactive|joniboyee has 30 seconds left.
|
|t:|1783303416
|switch|p1a: Whimsicott|Whimsicott, L50, F|100/100
|move|p1b: Garchomp|Protect||[still]
|-fail|p1b: Garchomp
|move|p2a: Perserverance|Psychic Fangs|p1a: Whimsicott
|-damage|p1a: Whimsicott|49/100
|move|p2b: Integrity|Freeze-Dry|p1b: Garchomp
|-supereffective|p1b: Garchomp|2
|-damage|p1b: Garchomp|0 fnt
|faint|p1b: Garchomp
|
|-weather|Snowscape|[upkeep]
|upkeep
|
|t:|1783303431
|switch|p1b: Charizard|Charizard-Mega-Y, L50, F|10/100
|-weather|SunnyDay|[from] ability: Drought|[of] p1b: Charizard
|turn|5
|
|t:|1783303440
|move|p2a: Perserverance|Bullet Punch|p1a: Whimsicott
|-supereffective|p1a: Whimsicott|1
|-damage|p1a: Whimsicott|0 fnt
|faint|p1a: Whimsicott
|move|p2b: Integrity|Freeze-Dry|p1b: Charizard
|-damage|p1b: Charizard|0 fnt
|faint|p1b: Charizard
|
|-weather|SunnyDay|[upkeep]
|upkeep
|
|t:|1783303450
|switch|p1a: Aerodactyl|Aerodactyl, L50, M|100/100
|turn|6
|
|t:|1783303458
|move|p1a: Aerodactyl|Rock Slide|p2a: Perserverance|[spread] p2a,p2b
|-resisted|p2a: Perserverance|1
|-supereffective|p2b: Integrity|1
|-damage|p2a: Perserverance|55/100
|-damage|p2b: Integrity|10/100
|move|p2a: Perserverance|Iron Head|p1a: Aerodactyl
|-supereffective|p1a: Aerodactyl|1
|-enditem|p1a: Aerodactyl|Focus Sash
|-damage|p1a: Aerodactyl|1/100
|move|p2b: Integrity|Freeze-Dry|p1a: Aerodactyl
|-supereffective|p1a: Aerodactyl|1
|-damage|p1a: Aerodactyl|0 fnt
|faint|p1a: Aerodactyl
|
|win|sum1dum
|raw|joniboyee's rating: 1175 → 1147(-28 for losing)
|raw|sum1dum's rating: 1135 → 1163(+28 for winning)
