|j|☆NoMasRegH
|j|☆bsscck
|html|NoMasRegHbsscck    
|uhtml|bestof|Game 2 of a best-of-3
|t:|1755859174
|gametype|doubles
|player|p1|NoMasRegH|scientist-gen4dp|1140
|player|p2|bsscck|bugcatcher-gen4dp|1188
|gen|9
|tier|[Gen 9] VGC 2025 Reg H (Bo3)
|rated|
|rule|Species Clause: Limit one of each Pokémon
|rule|Item Clause: Limit 1 of each item
|clearpoke
|poke|p1|Talonflame, L50, M|
|poke|p1|Ursaluna, L50, M|
|poke|p1|Pelipper, L50, M|
|poke|p1|Sinistcha-Masterpiece, L50|
|poke|p1|Archaludon, L50, M|
|poke|p1|Dragonite, L50, M|
|poke|p2|Ninetales-Alola, L50, F|
|poke|p2|Ursaluna-Bloodmoon, L50, M|
|poke|p2|Maushold-Four, L50|
|poke|p2|Annihilape, L50, F|
|poke|p2|Klefki, L50, M|
|poke|p2|Sinistcha-Masterpiece, L50|
|teampreview|4
|showteam|p1|Talonflame||CovertCloak|GaleWings|DualWingbeat,Taunt,RainDance,Tailwind|||M|||50|,,,,,Grass]Ursaluna||FlameOrb|Guts|Facade,Earthquake,HeadlongRush,Protect|||M|||50|,,,,,Fairy]Pelipper||FocusSash|Drizzle|WeatherBall,Hurricane,WideGuard,Protect|||M|||50|,,,,,Stellar]Sinistcha-Masterpiece||SitrusBerry|Hospitality|MatchaGotcha,RagePowder,LifeDew,TrickRoom||||||50|,,,,,Dark]Archaludon||AssaultVest|Stamina|ElectroShot,DracoMeteor,BodyPress,Snarl|||M|||50|,,,,,Fighting]Dragonite||LoadedDice|Multiscale|ScaleShot,Haze,Tailwind,Protect|||M|||50|,,,,,Fairy
|showteam|p2|Ninetales-Alola||FocusSash|SnowWarning|Blizzard,FreezeDry,Encore,Protect|||F|||50|,,,,,Ghost]Ursaluna-Bloodmoon||AssaultVest|MindsEye|BloodMoon,EarthPower,HyperVoice,VacuumWave|||M|||50|,,,,,Water]Maushold-Four||SafetyGoggles|FriendGuard|BeatUp,Taunt,FollowMe,Protect||||||50|,,,,,Ghost]Annihilape||Leftovers|Defiant|DrainPunch,RageFist,BulkUp,Protect|||F|||50|,,,,,Fire]Klefki||LightClay|Prankster|DazzlingGleam,Reflect,LightScreen,MistyTerrain|||M|||50|,,,,,Ghost]Sinistcha-Masterpiece||SitrusBerry|Hospitality|MatchaGotcha,RagePowder,LifeDew,TrickRoom||||||50|,,,,,Water
|
|t:|1755859202
|teamsize|p1|4
|teamsize|p2|4
|start
|switch|p1a: Talonflame|Talonflame, L50, M|100/100
|switch|p1b: Ursaluna|Ursaluna, L50, M, shiny|100/100
|switch|p2a: Ninetales|Ninetales-Alola, L50, F|100/100
|switch|p2b: Klefki|Klefki, L50, M|100/100
|-weather|Snowscape|[from] ability: Snow Warning|[of] p2a: Ninetales
|turn|1
|
|t:|1755859211
|-terastallize|p1b: Ursaluna|Fairy
|move|p2b: Klefki|Misty Terrain|p2b: Klefki
|-fieldstart|move: Misty Terrain
|move|p1a: Talonflame|Rain Dance|p1a: Talonflame
|-weather|RainDance
|move|p2a: Ninetales|Blizzard|p1b: Ursaluna|[spread] p1a
|-miss|p2a: Ninetales|p1b: Ursaluna
|-crit|p1a: Talonflame
|-damage|p1a: Talonflame|33/100
|move|p1b: Ursaluna|Earthquake|p2a: Ninetales|[spread] p2a,p2b
|-immune|p1a: Talonflame
|-supereffective|p2b: Klefki
|-damage|p2a: Ninetales|29/100
|-damage|p2b: Klefki|22/100
|
|-weather|RainDance|[upkeep]
|upkeep
|turn|2
|
|t:|1755859224
|move|p2b: Klefki|Reflect|p2b: Klefki
|-sidestart|p2: bsscck|Reflect
|move|p1a: Talonflame|Tailwind|p1a: Talonflame
|-sidestart|p1: NoMasRegH|move: Tailwind
|move|p1b: Ursaluna|Earthquake|p2a: Ninetales|[spread] p2a,p2b
|-immune|p1a: Talonflame
|-supereffective|p2b: Klefki
|-damage|p2a: Ninetales|0 fnt
|-damage|p2b: Klefki|0 fnt
|faint|p2a: Ninetales
|faint|p2b: Klefki
|
|-weather|RainDance|[upkeep]
|upkeep
|
|t:|1755859228
|switch|p2a: Annihilape|Annihilape, L50, F|100/100
|switch|p2b: Maushold|Maushold-Four, L50|100/100
|turn|3
|
|t:|1755859243
|switch|p1b: Archaludon|Archaludon, L50, M, shiny|100/100
|move|p1a: Talonflame|Dual Wingbeat|p1b: Archaludon|[miss]
|-miss|p1a: Talonflame|p1b: Archaludon
|move|p2b: Maushold|Beat Up|p2a: Annihilape
|-damage|p2a: Annihilape|99/100
|-damage|p2a: Annihilape|97/100
|-hitcount|p2a: Annihilape|2
|move|p2a: Annihilape|Rage Fist|p1a: Talonflame
|-damage|p1a: Talonflame|0 fnt
|faint|p1a: Talonflame
|
|-weather|RainDance|[upkeep]
|-heal|p2a: Annihilape|100/100|[from] item: Leftovers
|upkeep
|
|t:|1755859250
|switch|p1a: Pelipper|Pelipper, L50, M, shiny|100/100
|turn|4
|
|t:|1755859260
|move|p2a: Annihilape|Protect|p2a: Annihilape
|-singleturn|p2a: Annihilape|Protect
|move|p1a: Pelipper|Weather Ball|p2a: Annihilape
|-activate|p2a: Annihilape|move: Protect
|move|p1b: Archaludon|Electro Shot||[still]
|-prepare|p1b: Archaludon|Electro Shot
|-boost|p1b: Archaludon|spa|1
|-anim|p1b: Archaludon|Electro Shot|p2a: Annihilape
|-activate|p2a: Annihilape|move: Protect
|move|p2b: Maushold|Beat Up|p1a: Pelipper
|-damage|p1a: Pelipper|96/100
|-damage|p1a: Pelipper|92/100
|-hitcount|p1a: Pelipper|2
|
|-weather|RainDance|[upkeep]
|upkeep
|turn|5
|
|t:|1755859280
|move|p2b: Maushold|Follow Me|p2b: Maushold
|-singleturn|p2b: Maushold|move: Follow Me
|move|p1a: Pelipper|Weather Ball|p2b: Maushold
|-damage|p2b: Maushold|27/100
|move|p1b: Archaludon|Electro Shot||[still]
|-prepare|p1b: Archaludon|Electro Shot
|-boost|p1b: Archaludon|spa|1
|-anim|p1b: Archaludon|Electro Shot|p2b: Maushold
|-damage|p2b: Maushold|0 fnt
|faint|p2b: Maushold
|move|p2a: Annihilape|Rage Fist|p1b: Archaludon
|-damage|p1b: Archaludon|56/100
|-ability|p1b: Archaludon|Stamina|boost
|-boost|p1b: Archaludon|def|1
|
|-weather|none
|-sideend|p1: NoMasRegH|move: Tailwind
|-fieldend|Misty Terrain
|upkeep
|turn|6
|
|t:|1755859292
|move|p2a: Annihilape|Rage Fist|p1a: Pelipper
|-damage|p1a: Pelipper|16/100
|move|p1a: Pelipper|Hurricane|p2a: Annihilape
|-supereffective|p2a: Annihilape
|-damage|p2a: Annihilape|11/100
|move|p1b: Archaludon|Draco Meteor|p2a: Annihilape
|-damage|p2a: Annihilape|0 fnt
|-unboost|p1b: Archaludon|spa|2
|faint|p2a: Annihilape
|
|win|NoMasRegH
|raw|NoMasRegH's rating: 1140 → 1168(+28 for winning)
|raw|bsscck's rating: 1188 → 1160(-28 for losing)
