|j|☆VicSaus53
|j|☆Hossss
|html|VicSaus53Hossss    
|uhtml|bestof|Game 1 of a best-of-3
|t:|1757199295
|gametype|doubles
|player|p1|VicSaus53|265|1127
|player|p2|Hossss|102|1154
|gen|9
|tier|[Gen 9] VGC 2025 Reg H (Bo3)
|rated|
|rule|Species Clause: Limit one of each Pokémon
|rule|Item Clause: Limit 1 of each item
|clearpoke
|poke|p1|Incineroar, L50, F|
|poke|p1|Sinistcha-Masterpiece, L50|
|poke|p1|Palafin, L50, M|
|poke|p1|Toxtricity, L50, F|
|poke|p1|Kommo-o, L50, F|
|poke|p1|Ribombee, L50, M|
|poke|p2|Electabuzz, L50, M|
|poke|p2|Basculegion, L50, M|
|poke|p2|Pelipper, L50, F|
|poke|p2|Archaludon, L50, M|
|poke|p2|Sneasler, L50, M|
|poke|p2|Rillaboom, L50, F|
|teampreview|4
|showteam|p1|Incineroar||AssaultVest|Intimidate|FlareBlitz,KnockOff,Uturn,FakeOut|||F|||50|,,,,,Bug]Sinistcha-Masterpiece||EjectButton|Hospitality|ShadowBall,StrengthSap,RagePowder,Protect||||||50|,,,,,Fairy]Palafin||MysticWater|ZerotoHero|WaveCrash,JetPunch,Taunt,Protect|||M|||50|,,,,,Water]Toxtricity||ChoiceSpecs|PunkRock|Boomburst,Overdrive,SludgeBomb,VoltSwitch|||F|||50|,,,,,Normal]Kommo-o||SitrusBerry|Soundproof|DrainPunch,IronHead,BellyDrum,Protect|||F|||50|,,,,,Steel]Ribombee||FocusSash|ShieldDust|Moonblast,PollenPuff,Tailwind,Protect|||M|||50|,,,,,Stellar
|showteam|p2|Electabuzz||Eviolite|VitalSpirit|FollowMe,Protect,Taunt,Electroweb|||M|||50|,,,,,Ghost]Basculegion||ChoiceScarf|Adaptability|WaveCrash,FlipTurn,LastRespects,AquaJet|||M|||50|,,,,,Water]Pelipper||FocusSash|Drizzle|Tailwind,Hurricane,WeatherBall,Protect|||F|||50|,,,,,Ghost]Archaludon||AssaultVest|Stamina|ElectroShot,FlashCannon,BodyPress,DragonPulse|||M|||50|,,,,,Bug]Sneasler||GrassySeed|Unburden|Coaching,CloseCombat,DireClaw,ThroatChop|||M|||50|,,,,,Dark]Rillaboom||LoadedDice|GrassySurge|BulletSeed,GrassyGlide,FakeOut,HighHorsepower|||F|||50|,,,,,Fire
|inactive|Battle timer is ON: inactive players will automatically lose when time's up. (requested by Hossss)
|inactive|VicSaus53 has 60 seconds left.
|
|t:|1757199383
|teamsize|p1|4
|teamsize|p2|4
|start
|switch|p1a: Kommo-o|Kommo-o, L50, F|100/100
|switch|p1b: Incineroar|Incineroar, L50, F|100/100
|switch|p2a: Rillaboom|Rillaboom, L50, F|100/100
|switch|p2b: Sneasler|Sneasler, L50, M|100/100
|-fieldstart|move: Grassy Terrain|[from] ability: Grassy Surge|[of] p2a: Rillaboom
|-enditem|p2b: Sneasler|Grassy Seed
|-boost|p2b: Sneasler|def|1|[from] item: Grassy Seed
|-ability|p1b: Incineroar|Intimidate|boost
|-unboost|p2a: Rillaboom|atk|1
|-unboost|p2b: Sneasler|atk|1
|turn|1
|
|t:|1757199408
|move|p2a: Rillaboom|Fake Out|p1b: Incineroar
|-damage|p1b: Incineroar|91/100
|cant|p1b: Incineroar|flinch
|move|p2b: Sneasler|Dire Claw|p1a: Kommo-o
|-crit|p1a: Kommo-o
|-damage|p1a: Kommo-o|49/100
|-status|p1a: Kommo-o|par
|-enditem|p1a: Kommo-o|Sitrus Berry|[eat]
|-heal|p1a: Kommo-o|73/100 par|[from] item: Sitrus Berry
|move|p1a: Kommo-o|Belly Drum|p1a: Kommo-o
|-damage|p1a: Kommo-o|23/100 par
|-setboost|p1a: Kommo-o|atk|6|[from] move: Belly Drum
|
|-heal|p1b: Incineroar|97/100|[from] Grassy Terrain
|-heal|p1a: Kommo-o|29/100 par|[from] Grassy Terrain
|upkeep
|turn|2
|inactive|Hossss has 30 seconds left.
|
|t:|1757199436
|move|p1a: Kommo-o|Protect|p1a: Kommo-o
|-singleturn|p1a: Kommo-o|Protect
|move|p2b: Sneasler|Close Combat|p1a: Kommo-o
|-activate|p1a: Kommo-o|move: Protect
|move|p2a: Rillaboom|High Horsepower|p1b: Incineroar
|-supereffective|p1b: Incineroar
|-damage|p1b: Incineroar|54/100
|move|p1b: Incineroar|U-turn|p2a: Rillaboom
|-supereffective|p2a: Rillaboom
|-damage|p2a: Rillaboom|61/100
|
|t:|1757199449
|switch|p1b: Ribombee|Ribombee, L50, M|100/100|[from] U-turn
|
|-heal|p2a: Rillaboom|67/100|[from] Grassy Terrain
|-heal|p1a: Kommo-o|35/100 par|[from] Grassy Terrain
|upkeep
|turn|3
|
|t:|1757199467
|switch|p1b: Incineroar|Incineroar, L50, F|54/100
|-ability|p1b: Incineroar|Intimidate|boost
|-unboost|p2a: Rillaboom|atk|1
|-unboost|p2b: Sneasler|atk|1
|switch|p2a: Electabuzz|Electabuzz, L50, M|100/100
|move|p2b: Sneasler|Close Combat|p1a: Kommo-o
|-damage|p1a: Kommo-o|5/100 par
|-unboost|p2b: Sneasler|def|1
|-unboost|p2b: Sneasler|spd|1
|move|p1a: Kommo-o|Drain Punch|p2b: Sneasler
|-resisted|p2b: Sneasler
|-damage|p2b: Sneasler|0 fnt
|-heal|p1a: Kommo-o|52/100 par|[from] drain|[of] p2b: Sneasler
|faint|p2b: Sneasler
|
|-heal|p1b: Incineroar|60/100|[from] Grassy Terrain
|-heal|p1a: Kommo-o|58/100 par|[from] Grassy Terrain
|upkeep
|
|t:|1757199486
|switch|p2b: Archaludon|Archaludon, L50, M|100/100
|turn|4
|inactive|VicSaus53 has 30 seconds left.
|
|t:|1757199513
|-terastallize|p2b: Archaludon|Bug
|move|p1a: Kommo-o|Protect|p1a: Kommo-o
|-singleturn|p1a: Kommo-o|Protect
|move|p2a: Electabuzz|Electroweb|p1b: Incineroar|[spread] p1b
|-activate|p1a: Kommo-o|move: Protect
|-damage|p1b: Incineroar|51/100
|-unboost|p1b: Incineroar|spe|1
|move|p2b: Archaludon|Dragon Pulse|p1a: Kommo-o
|-activate|p1a: Kommo-o|move: Protect
|move|p1b: Incineroar|Knock Off|p2a: Electabuzz
|-damage|p2a: Electabuzz|56/100
|-enditem|p2a: Electabuzz|Eviolite|[from] move: Knock Off|[of] p1b: Incineroar
|
|-heal|p2a: Electabuzz|62/100|[from] Grassy Terrain
|-heal|p1a: Kommo-o|64/100 par|[from] Grassy Terrain
|-heal|p1b: Incineroar|57/100|[from] Grassy Terrain
|upkeep
|turn|5
|inactive|VicSaus53 has 30 seconds left.
|inactive|Hossss has 30 seconds left.
|
|t:|1757199541
|move|p2a: Electabuzz|Electroweb|p1a: Kommo-o|[spread] p1a,p1b
|-resisted|p1a: Kommo-o
|-damage|p1a: Kommo-o|57/100 par
|-damage|p1b: Incineroar|49/100
|-unboost|p1a: Kommo-o|spe|1
|-unboost|p1b: Incineroar|spe|1
|move|p2b: Archaludon|Body Press|p1a: Kommo-o
|-damage|p1a: Kommo-o|36/100 par
|move|p1a: Kommo-o|Iron Head|p2b: Archaludon
|-damage|p2b: Archaludon|35/100
|-ability|p2b: Archaludon|Stamina|boost
|-boost|p2b: Archaludon|def|1
|move|p1b: Incineroar|U-turn|p2a: Electabuzz
|-damage|p2a: Electabuzz|28/100
|
|t:|1757199558
|switch|p1b: Ribombee|Ribombee, L50, M|100/100|[from] U-turn
|
|-heal|p2a: Electabuzz|34/100|[from] Grassy Terrain
|-heal|p2b: Archaludon|41/100|[from] Grassy Terrain
|-heal|p1a: Kommo-o|42/100 par|[from] Grassy Terrain
|-fieldend|move: Grassy Terrain
|upkeep
|turn|6
|
|t:|1757199574
|move|p2a: Electabuzz|Follow Me|p2a: Electabuzz
|-singleturn|p2a: Electabuzz|move: Follow Me
|move|p1b: Ribombee|Moonblast|p2a: Electabuzz
|-damage|p2a: Electabuzz|0 fnt
|faint|p2a: Electabuzz
|move|p2b: Archaludon|Dragon Pulse|p1a: Kommo-o
|-supereffective|p1a: Kommo-o
|-damage|p1a: Kommo-o|0 fnt
|faint|p1a: Kommo-o
|
|upkeep
|
|t:|1757199593
|switch|p2a: Rillaboom|Rillaboom, L50, F|67/100
|switch|p1a: Toxtricity|Toxtricity, L50, F|100/100
|-fieldstart|move: Grassy Terrain|[from] ability: Grassy Surge|[of] p2a: Rillaboom
|turn|7
|
|t:|1757199612
|switch|p1a: Incineroar|Incineroar, L50, F|49/100
|-ability|p1a: Incineroar|Intimidate|boost
|-unboost|p2a: Rillaboom|atk|1
|-unboost|p2b: Archaludon|atk|1
|move|p2a: Rillaboom|Fake Out|p1a: Incineroar
|-damage|p1a: Incineroar|39/100
|move|p1b: Ribombee|Pollen Puff|p2a: Rillaboom
|-supereffective|p2a: Rillaboom
|-damage|p2a: Rillaboom|0 fnt
|faint|p2a: Rillaboom
|move|p2b: Archaludon|Flash Cannon|p1b: Ribombee
|-supereffective|p1b: Ribombee
|-enditem|p1b: Ribombee|Focus Sash
|-damage|p1b: Ribombee|1/100
|
|-heal|p1b: Ribombee|7/100|[from] Grassy Terrain
|-heal|p2b: Archaludon|47/100|[from] Grassy Terrain
|-heal|p1a: Incineroar|45/100|[from] Grassy Terrain
|upkeep
|turn|8
|-message|Hossss forfeited.
|
|win|VicSaus53
|l|☆Hossss
|player|p2|
||VicSaus53 is ready for game 2.
|inactive|Hossss has 30 seconds to confirm battle start!
|raw|VicSaus53's rating: 1127 → 1154(+27 for winning)
|raw|Hossss's rating: 1154 → 1127(-27 for losing)
