|j|‽azazel78/
|j|☆Heavy panda
|html|azazel78/Heavy panda    
|uhtml|bestof|Game 2 of a best-of-3
|t:|1783096436
|gametype|doubles
|player|p1|azazel78/|riley|1043
|player|p2|Heavy panda|2|1108
|gen|9
|tier|[Gen 9 Champions] VGC 2026 Reg M-B (Bo3)
|rated|
|rule|Species Clause: Limit one of each Pokémon
|rule|Item Clause: Limit 1 of each item
|clearpoke
|poke|p1|Delphox, L50, M|
|poke|p1|Ninetales, L50, M|
|poke|p1|Mawile, L50, M|
|poke|p1|Sinistcha-Masterpiece, L50|
|poke|p1|Sneasler, L50, F|
|poke|p1|Mamoswine, L50, M|
|poke|p2|Gengar, L50, M|
|poke|p2|Sneasler, L50, M|
|poke|p2|Incineroar, L50, F|
|poke|p2|Kingambit, L50, M|
|poke|p2|Kommo-o, L50, F|
|poke|p2|Floette-Eternal, L50, F|
|teampreview|4
|showteam|p1|Delphox||Delphoxite|Blaze|HeatWave,Psyshock,NastyPlot,Protect|Timid||M|||50|]Ninetales||FocusSash|Drought|Encore,WillOWisp,Disable,Protect|Careful||M|||50|]Mawile||Mawilite|HyperCutter|BrickBreak,PlayRough,SuckerPunch,Protect|Adamant||M|||50|]Sinistcha-Masterpiece||KasibBerry|Hospitality|RagePowder,MatchaGotcha,TrickRoom,Protect|Bold|||||50|]Sneasler||WhiteHerb|Unburden|Protect,FakeOut,CloseCombat,GunkShot|Adamant||F|||50|]Mamoswine||ChoiceScarf|Oblivious|IceShard,IcicleCrash,HighHorsepower,RockSlide|Jolly||M|||50|
|showteam|p2|Gengar||Gengarite|CursedBody|PerishSong,Disable,ShadowBall,Protect|Modest||M|||50|]Sneasler||WhiteHerb|Unburden|FakeOut,Protect,CloseCombat,DireClaw|Adamant||M|||50|]Incineroar||SitrusBerry|Intimidate|FakeOut,PartingShot,DarkestLariat,Protect|Relaxed||F|||50|]Kingambit||ChopleBerry|Defiant|KowtowCleave,SuckerPunch,Protect,LowKick|Adamant||M|||50|]Kommo-o||HabanBerry|Overcoat|ClangingScales,AuraSphere,Protect,ClangorousSoul|Modest||F|||50|]Floette-Eternal||Floettite|FlowerVeil|Protect,Moonblast,DazzlingGleam,LightofRuin|Modest||F|||50|
|inactive|Battle timer is ON: inactive players will automatically lose when time's up. (requested by Heavy panda)
|inactive|azazel78/ has 60 seconds left.
|
|t:|1783096501
|teamsize|p1|4
|teamsize|p2|4
|start
|switch|p1a: Delphox|Delphox, L50, M|100/100
|switch|p1b: Ninetales|Ninetales, L50, M|100/100
|switch|p2a: Gengar|Gengar, L50, M|100/100
|switch|p2b: Sneasler|Sneasler, L50, M|100/100
|-weather|SunnyDay|[from] ability: Drought|[of] p1b: Ninetales
|turn|1
|inactive|azazel78/ has 30 seconds left.
|
|t:|1783096530
|detailschange|p1a: Delphox|Delphox-Mega, L50, M
|-mega|p1a: Delphox|Delphox|Delphoxite
|detailschange|p2a: Gengar|Gengar-Mega, L50, M
|-mega|p2a: Gengar|Gengar|Gengarite
|move|p1a: Delphox|Protect|p1a: Delphox
|-singleturn|p1a: Delphox|Protect
|move|p2b: Sneasler|Fake Out|p1a: Delphox
|-activate|p1a: Delphox|move: Protect
|move|p2a: Gengar|Perish Song|p2a: Gengar
|-start|p1a: Delphox|perish3|[silent]
|-start|p1b: Ninetales|perish3|[silent]
|-start|p2a: Gengar|perish3|[silent]
|-start|p2b: Sneasler|perish3|[silent]
|-fieldactivate|move: Perish Song
|move|p1b: Ninetales|Will-O-Wisp|p2b: Sneasler
|-status|p2b: Sneasler|brn
|
|-weather|SunnyDay|[upkeep]
|-damage|p2b: Sneasler|94/100 brn|[from] brn
|-start|p1a: Delphox|perish3
|-start|p2a: Gengar|perish3
|-start|p2b: Sneasler|perish3
|-start|p1b: Ninetales|perish3
|upkeep
|turn|2
|inactive|azazel78/ has 30 seconds left.
|inactive|azazel78/ has 20 seconds left.
|
|t:|1783096565
|switch|p2b: Incineroar|Incineroar, L50, F|100/100
|-ability|p2b: Incineroar|Intimidate|boost
|-unboost|p1a: Delphox|atk|1
|-unboost|p1b: Ninetales|atk|1
|move|p2a: Gengar|Protect|p2a: Gengar
|-singleturn|p2a: Gengar|Protect
|move|p1a: Delphox|Heat Wave|p2a: Gengar|[spread] 
|-activate|p2a: Gengar|move: Protect
|-miss|p1a: Delphox|p2b: Incineroar
|move|p1b: Ninetales|Encore|p2a: Gengar
|-activate|p2a: Gengar|move: Protect
|
|-weather|SunnyDay|[upkeep]
|-start|p1a: Delphox|perish2
|-start|p2a: Gengar|perish2
|-start|p1b: Ninetales|perish2
|upkeep
|turn|3
|inactive|azazel78/ has 30 seconds left.
|inactive|Heavy panda has 30 seconds left.
|inactive|azazel78/ has 20 seconds left.
|
|t:|1783096601
|move|p1a: Delphox|Protect|p1a: Delphox
|-singleturn|p1a: Delphox|Protect
|move|p2b: Incineroar|Fake Out|p1a: Delphox
|-activate|p1a: Delphox|move: Protect
|move|p2a: Gengar|Disable|p1b: Ninetales
|-start|p1b: Ninetales|Disable|Encore
|move|p1b: Ninetales|Disable|p2a: Gengar
|-start|p2a: Gengar|Disable|Disable
|
|-weather|SunnyDay|[upkeep]
|-start|p1a: Delphox|perish1
|-start|p2a: Gengar|perish1
|-start|p1b: Ninetales|perish1
|upkeep
|turn|4
|inactive|azazel78/ has 30 seconds left.
|inactive|Heavy panda has 30 seconds left.
|inactive|azazel78/ has 20 seconds left.
|inactive|Heavy panda has 20 seconds left.
|inactive|Heavy panda has 15 seconds left.
|inactive|azazel78/ has 15 seconds left.
|inactive|Heavy panda has 10 seconds left.
|
|t:|1783096651
|switch|p2a: Kingambit|Kingambit, L50, M|100/100
|switch|p2b: Sneasler|Sneasler, L50, M|94/100 brn
|move|p1a: Delphox|Heat Wave|p2a: Kingambit|[spread] p2a,p2b
|-supereffective|p2a: Kingambit|1
|-damage|p2a: Kingambit|0 fnt
|-damage|p2b: Sneasler|3/100 brn
|faint|p2a: Kingambit
|move|p1b: Ninetales|Will-O-Wisp|p2b: Sneasler
|-fail|p2b: Sneasler|brn
|
|-weather|SunnyDay|[upkeep]
|-damage|p2b: Sneasler|0 fnt|[from] brn
|faint|p2b: Sneasler
|-start|p1a: Delphox|perish0
|-start|p1b: Ninetales|perish0
|upkeep
|faint|p1a: Delphox
|faint|p1b: Ninetales
|
|t:|1783096668
|switch|p1a: Sneasler|Sneasler, L50, F|100/100
|switch|p2b: Gengar|Gengar-Mega, L50, M|100/100
|switch|p1b: Mamoswine|Mamoswine, L50, M|100/100
|switch|p2a: Incineroar|Incineroar, L50, F|100/100
|-ability|p2a: Incineroar|Intimidate|boost
|-unboost|p1a: Sneasler|atk|1
|-fail|p1b: Mamoswine|unboost|Attack|[from] ability: Oblivious|[of] p1b: Mamoswine
|-enditem|p1a: Sneasler|White Herb
|-clearnegativeboost|p1a: Sneasler|[silent]
|turn|5
|
|t:|1783096686
|move|p2b: Gengar|Protect|p2b: Gengar
|-singleturn|p2b: Gengar|Protect
|move|p2a: Incineroar|Protect|p2a: Incineroar
|-singleturn|p2a: Incineroar|Protect
|move|p1a: Sneasler|Fake Out|p2a: Incineroar
|-activate|p2a: Incineroar|move: Protect
|move|p1b: Mamoswine|High Horsepower|p2b: Gengar
|-activate|p2b: Gengar|move: Protect
|
|-weather|none
|upkeep
|turn|6
|
|t:|1783096706
|move|p1a: Sneasler|Close Combat|p2a: Incineroar
|-supereffective|p2a: Incineroar|1
|-damage|p2a: Incineroar|0 fnt
|-unboost|p1a: Sneasler|def|1
|-unboost|p1a: Sneasler|spd|1
|faint|p2a: Incineroar
|move|p1b: Mamoswine|High Horsepower|p2b: Gengar
|-supereffective|p2b: Gengar|1
|-damage|p2b: Gengar|0 fnt
|faint|p2b: Gengar
|
|win|azazel78/
|raw|azazel78/'s rating: 1043 → 1083(+40 for winning)
|raw|Heavy panda's rating: 1108 → 1078(-30 for losing)
|l|☆Heavy panda
|player|p2|
