|j|☆KChiefs7
|j|☆PlayzNSlayz
|html|KChiefs7PlayzNSlayz    
|uhtml|bestof|Game 1 of a best-of-3
|t:|1756823901
|gametype|doubles
|player|p1|KChiefs7|swimmer-gen4|1041
|player|p2|PlayzNSlayz|parasollady|1000
|gen|9
|tier|[Gen 9] VGC 2025 Reg H (Bo3)
|rated|
|rule|Species Clause: Limit one of each Pokémon
|rule|Item Clause: Limit 1 of each item
|clearpoke
|poke|p1|Ursaluna, L50, F|
|poke|p1|Gholdengo, L50|
|poke|p1|Flamigo, L50, F|
|poke|p1|Amoonguss, L50, F|
|poke|p1|Porygon2, L50|
|poke|p1|Incineroar, L50, F|
|poke|p2|Lilligant-Hisui, L50, F|
|poke|p2|Ursaluna, L50, F|
|poke|p2|Hatterene, L50, F|
|poke|p2|Indeedee-F, L50, F|
|poke|p2|Gallade, L50, M|
|poke|p2|Torkoal, L50, F|
|teampreview|4
|showteam|p1|Ursaluna||FlameOrb|Guts|Facade,HeadlongRush,Earthquake,Protect|||F|||50|,,,,,Ghost]Gholdengo||LifeOrb|GoodasGold|MakeItRain,ShadowBall,NastyPlot,Protect||||||50|,,,,,Water]Flamigo||FocusSash|Scrappy|Detect,CloseCombat,WideGuard,DualWingbeat|||F|||50|,,,,,Ghost]Amoonguss||CovertCloak|Regenerator|RagePowder,Spore,PollenPuff,ClearSmog|||F|||50|,,,,,Fairy]Porygon2||Eviolite|Download|TeraBlast,IceBeam,Recover,TrickRoom||||||50|,,,,,Fighting]Incineroar||SafetyGoggles|Intimidate|FlareBlitz,KnockOff,FakeOut,PartingShot|||F|||50|,,,,,Ghost
|showteam|p2|Lilligant-Hisui||FocusSash|Chlorophyll|SolarBlade,CloseCombat,SleepPowder,AfterYou|||F|||50|,,,,,Ghost]Ursaluna||FlameOrb|Guts|Facade,HeadlongRush,Earthquake,Protect|||F|||50|,,,,,Ghost]Hatterene||LifeOrb|MagicBounce|ExpandingForce,DazzlingGleam,TeraBlast,TrickRoom|||F|||50|,,,,,Fire]Indeedee-F||PsychicSeed|PsychicSurge|FollowMe,HelpingHand,TrickRoom,Psyshock|||F|||50|,,,,,Water]Gallade||ClearAmulet|Sharpness|SacredSword,PsychoCut,WideGuard,TrickRoom|||M|||50|,,,,,Grass]Torkoal||ChoiceSpecs|Drought|Eruption,HeatWave,WeatherBall,EarthPower|||F|||50|,,,,,Fire
|inactive|Battle timer is ON: inactive players will automatically lose when time's up. (requested by KChiefs7)
|inactive|KChiefs7 has 60 seconds left.
|inactive|PlayzNSlayz has 60 seconds left.
|inactive|KChiefs7 has 30 seconds left.
|
|t:|1756823970
|teamsize|p1|4
|teamsize|p2|4
|start
|switch|p1a: Incineroar|Incineroar, L50, F|100/100
|switch|p1b: Flamigo|Flamigo, L50, F|100/100
|switch|p2a: Gallade|Gallade, L50, M|100/100
|switch|p2b: Torkoal|Torkoal, L50, F|100/100
|-ability|p1a: Incineroar|Intimidate|boost
|-fail|p2a: Gallade|unboost|[from] item: Clear Amulet|[of] p2a: Gallade
|-unboost|p2b: Torkoal|atk|1
|-weather|SunnyDay|[from] ability: Drought|[of] p2b: Torkoal
|turn|1
|inactive|KChiefs7 has 30 seconds left.
|
|t:|1756823996
|-terastallize|p2a: Gallade|Grass
|move|p1b: Flamigo|Wide Guard|p1b: Flamigo
|-singleturn|p1b: Flamigo|Wide Guard
|move|p1a: Incineroar|Knock Off|p2b: Torkoal
|-damage|p2b: Torkoal|68/100
|-enditem|p2b: Torkoal|Choice Specs|[from] move: Knock Off|[of] p1a: Incineroar
|move|p2b: Torkoal|Eruption|p1b: Flamigo|[spread] 
|-activate|p1a: Incineroar|move: Wide Guard
|-activate|p1b: Flamigo|move: Wide Guard
|move|p2a: Gallade|Trick Room|p2a: Gallade
|-fieldstart|move: Trick Room|[of] p2a: Gallade
|
|-weather|SunnyDay|[upkeep]
|upkeep
|turn|2
|inactive|KChiefs7 has 30 seconds left.
|inactive|KChiefs7 has 20 seconds left.
|
|t:|1756824034
|switch|p1b: Ursaluna|Ursaluna, L50, F|100/100
|move|p2b: Torkoal|Eruption|p1b: Ursaluna|[spread] p1a,p1b
|-resisted|p1a: Incineroar
|-damage|p1a: Incineroar|78/100
|-damage|p1b: Ursaluna|57/100
|move|p2a: Gallade|Sacred Sword|p1a: Incineroar
|-supereffective|p1a: Incineroar
|-crit|p1a: Incineroar
|-damage|p1a: Incineroar|0 fnt
|faint|p1a: Incineroar
|
|-weather|SunnyDay|[upkeep]
|-status|p1b: Ursaluna|brn|[from] item: Flame Orb
|upkeep
|
|t:|1756824052
|switch|p1a: Amoonguss|Amoonguss, L50, F|100/100
|turn|3
|
|t:|1756824070
|-terastallize|p1a: Amoonguss|Fairy
|move|p1b: Ursaluna|Protect|p1b: Ursaluna
|-singleturn|p1b: Ursaluna|Protect
|move|p2b: Torkoal|Eruption|p1a: Amoonguss|[spread] p1a
|-activate|p1b: Ursaluna|move: Protect
|-damage|p1a: Amoonguss|61/100
|move|p1a: Amoonguss|Spore|p2b: Torkoal
|-status|p2b: Torkoal|slp|[from] move: Spore
|move|p2a: Gallade|Sacred Sword|p1a: Amoonguss
|-resisted|p1a: Amoonguss
|-crit|p1a: Amoonguss
|-damage|p1a: Amoonguss|11/100
|
|-weather|SunnyDay|[upkeep]
|-damage|p1b: Ursaluna|52/100 brn|[from] brn
|upkeep
|turn|4
|
|t:|1756824090
|switch|p1a: Flamigo|Flamigo, L50, F|100/100
|cant|p2b: Torkoal|slp
|move|p1b: Ursaluna|Facade|p2a: Gallade
|-damage|p2a: Gallade|0 fnt
|faint|p2a: Gallade
|
|-weather|SunnyDay|[upkeep]
|-damage|p1b: Ursaluna|46/100 brn|[from] brn
|upkeep
|
|t:|1756824100
|switch|p2a: Ursaluna|Ursaluna, L50, F|100/100
|turn|5
|
|t:|1756824111
|cant|p2b: Torkoal|slp
|move|p1b: Ursaluna|Facade|p2b: Torkoal
|-damage|p2b: Torkoal|0 fnt
|faint|p2b: Torkoal
|move|p2a: Ursaluna|Facade|p1a: Flamigo
|-damage|p1a: Flamigo|38/100
|move|p1a: Flamigo|Close Combat|p2a: Ursaluna
|-supereffective|p2a: Ursaluna
|-damage|p2a: Ursaluna|7/100
|-unboost|p1a: Flamigo|def|1
|-unboost|p1a: Flamigo|spd|1
|
|-weather|none
|-damage|p1b: Ursaluna|40/100 brn|[from] brn
|-fieldend|move: Trick Room
|-status|p2a: Ursaluna|brn|[from] item: Flame Orb
|upkeep
|
|t:|1756824126
|switch|p2b: Hatterene|Hatterene, L50, F|100/100
|turn|6
|
|t:|1756824142
|move|p1a: Flamigo|Detect|p1a: Flamigo
|-singleturn|p1a: Flamigo|Protect
|move|p2a: Ursaluna|Protect|p2a: Ursaluna
|-singleturn|p2a: Ursaluna|Protect
|move|p1b: Ursaluna|Protect|p1b: Ursaluna
|-singleturn|p1b: Ursaluna|Protect
|move|p2b: Hatterene|Trick Room|p2b: Hatterene
|-fieldstart|move: Trick Room|[of] p2b: Hatterene
|
|-damage|p1b: Ursaluna|34/100 brn|[from] brn
|-damage|p2a: Ursaluna|1/100 brn|[from] brn
|upkeep
|turn|7
|inactive|PlayzNSlayz has 30 seconds left.
|inactive|PlayzNSlayz has 20 seconds left.
|inactive|PlayzNSlayz has 15 seconds left.
|inactive|PlayzNSlayz has 10 seconds left.
|inactive|PlayzNSlayz has 5 seconds left.
|
|t:|1756824197
|switch|p1a: Amoonguss|Amoonguss, L50, F, tera:Fairy|44/100
|move|p2b: Hatterene|Expanding Force|p1a: Amoonguss
|-damage|p1a: Amoonguss|0 fnt
|faint|p1a: Amoonguss
|-damage|p2b: Hatterene|91/100|[from] item: Life Orb
|move|p1b: Ursaluna|Facade|p2b: Hatterene
|-damage|p2b: Hatterene|0 fnt
|faint|p2b: Hatterene
|move|p2a: Ursaluna|Facade|p1b: Ursaluna
|-damage|p1b: Ursaluna|0 fnt
|faint|p1b: Ursaluna
|
|-damage|p2a: Ursaluna|0 fnt|[from] brn
|faint|p2a: Ursaluna
|
|win|KChiefs7
|inactive|KChiefs7 has 30 seconds to confirm battle start!
|inactive|PlayzNSlayz has 30 seconds to confirm battle start!
||KChiefs7 is ready for game 2.
|inactive|PlayzNSlayz has 20 seconds to confirm battle start!
|inactive|PlayzNSlayz has 10 seconds to confirm battle start!
|uhtml|next|Next: Game 2 of 3
|l|☆PlayzNSlayz
|player|p2|
