|j|☆Allat78
|j|☆worldenddominat0r
|html|Allat78worldenddominat0r    
|uhtml|bestof|Game 2 of a best-of-3
|t:|1782582913
|gametype|doubles
|player|p1|Allat78|hilbert-wonderlauncher|1067
|player|p2|worldenddominat0r|maid-gen6|1166
|gen|9
|tier|[Gen 9 Champions] VGC 2026 Reg M-B (Bo3)
|rated|
|rule|Species Clause: Limit one of each Pokémon
|rule|Item Clause: Limit 1 of each item
|clearpoke
|poke|p1|Incineroar, L50, M|
|poke|p1|Audino, L50, F|
|poke|p1|Sinistcha, L50|
|poke|p1|Aggron, L50, M|
|poke|p1|Dragalge, L50, F|
|poke|p1|Slowking, L50, M|
|poke|p2|Staraptor, L50, M|
|poke|p2|Maushold-Four, L50|
|poke|p2|Ninetales-Alola, L50, M|
|poke|p2|Delphox, L50, M|
|poke|p2|Basculegion, L50, M|
|poke|p2|Kingambit, L50, M|
|teampreview|4
|showteam|p1|Incineroar||ChopleBerry|Intimidate|FlareBlitz,ThroatChop,FakeOut,PartingShot|Adamant||M|||50|]Audino||Leftovers|Regenerator|HyperVoice,Protect,LifeDew,BabyDollEyes|Bold||F|||50|]Sinistcha||BigRoot|Hospitality|MatchaGotcha,RagePowder,Protect,LifeDew|Calm|||||50|]Aggron||Aggronite|Sturdy|BodyPress,HeavySlam,IronDefense,Protect|Careful||M|||50|]Dragalge||Dragalgite|PoisonPoint|SludgeBomb,DracoMeteor,Protect,FocusBlast|Calm||F|||50|]Slowking||SitrusBerry|Regenerator|Scald,Psyshock,ChillyReception,LightScreen|Modest||M|||50|
|showteam|p2|Staraptor||Staraptite|Intimidate|CloseCombat,BraveBird,Protect,Tailwind|Adamant||M|||50|]Maushold-Four||FocusSash|FriendGuard|SuperFang,Protect,FollowMe,Encore|Jolly|||||50|]Ninetales-Alola||NeverMeltIce|SnowWarning|Blizzard,FreezeDry,IcyWind,Protect|Timid||M|||50|]Delphox||Delphoxite|Blaze|HeatWave,Psyshock,Protect,Substitute|Timid||M|||50|]Basculegion||ChoiceScarf|Adaptability|WaveCrash,LastRespects,FlipTurn,AquaJet|Jolly||M|||50|]Kingambit||BlackGlasses|Defiant|KowtowCleave,SuckerPunch,IronHead,Protect|Adamant||M|||50|
|inactive|Battle timer is ON: inactive players will automatically lose when time's up. (requested by worldenddominat0r)
|
|t:|1782582937
|teamsize|p1|4
|teamsize|p2|4
|start
|switch|p1a: Aggron|Aggron, L50, M|100/100
|switch|p1b: Lingote|Incineroar, L50, M|100/100
|switch|p2a: Staraptor|Staraptor, L50, M|100/100
|switch|p2b: Maushold|Maushold-Four, L50|100/100
|-ability|p2a: Staraptor|Intimidate|boost
|-unboost|p1a: Aggron|atk|1
|-unboost|p1b: Lingote|atk|1
|-ability|p1b: Lingote|Intimidate|boost
|-unboost|p2a: Staraptor|atk|1
|-unboost|p2b: Maushold|atk|1
|turn|1
|
|t:|1782582947
|detailschange|p2a: Staraptor|Staraptor-Mega, L50, M
|-mega|p2a: Staraptor|Staraptor|Staraptite
|detailschange|p1a: Aggron|Aggron-Mega, L50, M
|-mega|p1a: Aggron|Aggron|Aggronite
|move|p2b: Maushold|Protect|p2b: Maushold
|-singleturn|p2b: Maushold|Protect
|move|p2a: Staraptor|Protect|p2a: Staraptor
|-singleturn|p2a: Staraptor|Protect
|move|p1b: Lingote|Fake Out|p2a: Staraptor
|-activate|p2a: Staraptor|move: Protect
|move|p1a: Aggron|Iron Defense|p1a: Aggron
|-boost|p1a: Aggron|def|2
|
|upkeep
|turn|2
|
|t:|1782582973
|move|p2b: Maushold|Encore|p1b: Lingote
|-start|p1b: Lingote|Encore
|move|p1b: Lingote|Fake Out||[still]
|-hint|Fake Out only works on your first turn out.
|-fail|p1b: Lingote
|move|p2a: Staraptor|Close Combat|p1a: Aggron
|-supereffective|p1a: Aggron|1
|-damage|p1a: Aggron|84/100
|-boost|p2a: Staraptor|def|1
|-boost|p2a: Staraptor|spd|1
|move|p1a: Aggron|Body Press|p2a: Staraptor
|-resisted|p2a: Staraptor|1
|-damage|p2a: Staraptor|81/100
|
|upkeep
|turn|3
|
|t:|1782582996
|switch|p1b: Sinistcha|Sinistcha, L50|100/100
|-heal|p1a: Aggron|100/100|[from] ability: Hospitality|[of] p1b: Sinistcha
|move|p2b: Maushold|Super Fang|p1a: Aggron
|-damage|p1a: Aggron|50/100g
|move|p2a: Staraptor|Close Combat|p1a: Aggron
|-supereffective|p1a: Aggron|1
|-damage|p1a: Aggron|31/100
|-boost|p2a: Staraptor|def|1
|-boost|p2a: Staraptor|spd|1
|move|p1a: Aggron|Body Press|p2a: Staraptor
|-resisted|p2a: Staraptor|1
|-damage|p2a: Staraptor|67/100
|
|upkeep
|turn|4
|inactive|worldenddominat0r has 30 seconds left.
|
|t:|1782583025
|switch|p2b: Kingambit|Kingambit, L50, M|100/100
|move|p2a: Staraptor|Brave Bird|p1b: Sinistcha
|-supereffective|p1b: Sinistcha|1
|-damage|p1b: Sinistcha|4/100
|-damage|p2a: Staraptor|36/100|[from] Recoil
|move|p1b: Sinistcha|Life Dew|p1b: Sinistcha|[spread] p1a,p1b
|-heal|p1a: Aggron|56/100
|-heal|p1b: Sinistcha|29/100
|move|p1a: Aggron|Body Press|p2a: Staraptor
|-resisted|p2a: Staraptor|1
|-damage|p2a: Staraptor|17/100
|
|upkeep
|turn|5
|
|t:|1782583049
|move|p2a: Staraptor|Close Combat|p1a: Aggron
|-supereffective|p1a: Aggron|1
|-damage|p1a: Aggron|38/100
|-boost|p2a: Staraptor|def|1
|-boost|p2a: Staraptor|spd|1
|move|p1b: Sinistcha|Life Dew|p1b: Sinistcha|[spread] p1a,p1b
|-heal|p1a: Aggron|63/100
|-heal|p1b: Sinistcha|55/100
|move|p2b: Kingambit|Kowtow Cleave|p1b: Sinistcha
|-supereffective|p1b: Sinistcha|1
|-damage|p1b: Sinistcha|0 fnt
|faint|p1b: Sinistcha
|move|p1a: Aggron|Body Press|p2a: Staraptor
|-resisted|p2a: Staraptor|1
|-damage|p2a: Staraptor|2/100
|
|upkeep
|
|t:|1782583062
|switch|p1b: Slowking|Slowking, L50, M|100/100
|turn|6
|inactive|Allat78 has 30 seconds left.
|
|t:|1782583089
|move|p2a: Staraptor|Close Combat|p1b: Slowking
|-resisted|p1b: Slowking|1
|-damage|p1b: Slowking|74/100
|-boost|p2a: Staraptor|def|1
|-boost|p2a: Staraptor|spd|1
|move|p2b: Kingambit|Kowtow Cleave|p1b: Slowking
|-supereffective|p1b: Slowking|1
|-damage|p1b: Slowking|0 fnt
|faint|p1b: Slowking
|move|p1a: Aggron|Body Press|p2b: Kingambit
|-supereffective|p2b: Kingambit|2
|-damage|p2b: Kingambit|0 fnt
|faint|p2b: Kingambit
|
|upkeep
|
|t:|1782583096
|switch|p2b: Maushold|Maushold-Four, L50|100/100
|switch|p1b: Lingote|Incineroar, L50, M|100/100
|-ability|p1b: Lingote|Intimidate|boost
|-boost|p2a: Staraptor|atk|1
|-unboost|p2b: Maushold|atk|1
|turn|7
|
|t:|1782583105
|move|p2b: Maushold|Protect|p2b: Maushold
|-singleturn|p2b: Maushold|Protect
|move|p2a: Staraptor|Protect|p2a: Staraptor
|-singleturn|p2a: Staraptor|Protect
|move|p1b: Lingote|Flare Blitz|p2a: Staraptor
|-activate|p2a: Staraptor|move: Protect
|move|p1a: Aggron|Body Press|p2a: Staraptor
|-activate|p2a: Staraptor|move: Protect
|
|upkeep
|turn|8
|
|t:|1782583120
|move|p2b: Maushold|Encore|p1a: Aggron
|-start|p1a: Aggron|Encore
|move|p2a: Staraptor|Close Combat|p1b: Lingote
|-supereffective|p1b: Lingote|1
|-enditem|p1b: Lingote|Chople Berry|[eat]
|-enditem|p1b: Lingote|Chople Berry|[weaken]
|-damage|p1b: Lingote|31/100
|-boost|p2a: Staraptor|def|1
|-boost|p2a: Staraptor|spd|1
|move|p1b: Lingote|Flare Blitz|p2a: Staraptor
|-damage|p2a: Staraptor|0 fnt
|faint|p2a: Staraptor
|-damage|p1b: Lingote|31/100|[from] Recoil
|move|p1a: Aggron|Body Press|p2b: Maushold
|-supereffective|p2b: Maushold|1
|-enditem|p2b: Maushold|Focus Sash
|-damage|p2b: Maushold|1/100
|
|upkeep
|
|t:|1782583123
|switch|p2a: Basculegion|Basculegion, L50, M|100/100
|turn|9
|inactive|worldenddominat0r has 30 seconds left.
|inactive|worldenddominat0r has 20 seconds left.
|
|t:|1782583159
|move|p2b: Maushold|Follow Me|p2b: Maushold
|-singleturn|p2b: Maushold|move: Follow Me
|move|p2a: Basculegion|Last Respects|p1b: Lingote
|-resisted|p1b: Lingote|1
|-damage|p1b: Lingote|0 fnt
|faint|p1b: Lingote
|move|p1a: Aggron|Body Press|p2b: Maushold
|-supereffective|p2b: Maushold|1
|-damage|p2b: Maushold|0 fnt
|faint|p2b: Maushold
|
|upkeep
|turn|10
|
|t:|1782583171
|move|p2a: Basculegion|Last Respects|p1a: Aggron
|-damage|p1a: Aggron|33/100
|move|p1a: Aggron|Body Press|p2a: Basculegion
|-immune|p2a: Basculegion
|
|-end|p1a: Aggron|Encore
|upkeep
|turn|11
|
|t:|1782583179
|move|p2a: Basculegion|Last Respects|p1a: Aggron
|-damage|p1a: Aggron|2/100
|move|p1a: Aggron|Heavy Slam|p2a: Basculegion
|-resisted|p2a: Basculegion|1
|-damage|p2a: Basculegion|83/100
|
|upkeep
|turn|12
|
|t:|1782583184
|move|p2a: Basculegion|Last Respects|p1a: Aggron
|-damage|p1a: Aggron|0 fnt
|faint|p1a: Aggron
|
|win|worldenddominat0r
|raw|Allat78's rating: 1067 → 1053(-14 for losing)
|raw|worldenddominat0r's rating: 1166 → 1184(+18 for winning)
|c|☆worldenddominat0r|ggwp
