|j|☆Chandeliere
|j|☆GrassyKyogre
|html|ChandeliereGrassyKyogre    
|uhtml|bestof|Game 3 of a best-of-3
|t:|1756684971
|gametype|doubles
|player|p1|Chandeliere|ethan|1175
|player|p2|GrassyKyogre|265|1142
|gen|9
|tier|[Gen 9] VGC 2025 Reg H (Bo3)
|rated|
|rule|Species Clause: Limit one of each Pokémon
|rule|Item Clause: Limit 1 of each item
|clearpoke
|poke|p1|Ninetales-Alola, L50, F|
|poke|p1|Gholdengo, L50|
|poke|p1|Garchomp, L50, F|
|poke|p1|Incineroar, L50, F|
|poke|p1|Sneasler, L50, M|
|poke|p1|Corviknight, L50, M|
|poke|p2|Basculegion, L50, M|
|poke|p2|Pelipper, L50, F|
|poke|p2|Archaludon, L50, M|
|poke|p2|Rillaboom, L50, F|
|poke|p2|Electabuzz, L50, F|
|poke|p2|Kingambit, L50, F|
|teampreview|4
|showteam|p1|Ninetales-Alola||LightClay|SnowWarning|AuroraVeil,Blizzard,FreezeDry,Protect|||F|||50|,,,,,Ghost]Gholdengo||LifeOrb|GoodasGold|MakeItRain,ShadowBall,NastyPlot,Protect||||||50|,,,,,Water]Garchomp||ClearAmulet|RoughSkin|Earthquake,StompingTantrum,DragonClaw,Protect|||F|||50|,,,,,Ground]Incineroar||SafetyGoggles|Intimidate|FakeOut,KnockOff,FlareBlitz,PartingShot|||F|||50|,,,,,Ghost]Sneasler||WhiteHerb|Unburden|Coaching,CloseCombat,DireClaw,Protect|||M|||50|,,,,,Ghost]Corviknight||SitrusBerry|MirrorArmor|BodyPress,BraveBird,Tailwind,Protect|||M|||50|,,,,,Fire
|showteam|p2|Basculegion||ChoiceBand|SwiftSwim|WaveCrash,FlipTurn,AquaJet,LastRespects|||M|||50|,,,,,Water]Pelipper||FocusSash|Drizzle|WeatherBall,Hurricane,Tailwind,Protect|||F|||50|,,,,,Ghost]Archaludon||AssaultVest|Stamina|ElectroShot,DracoMeteor,FlashCannon,BodyPress|||M|||50|,,,,,Bug]Rillaboom||LoadedDice|GrassySurge|FakeOut,GrassyGlide,BulletSeed,Uturn|||F|||50|,,,,,Fire]Electabuzz||Eviolite|VitalSpirit|Electroweb,Taunt,FollowMe,Protect|||F|||50|,,,,,Dragon]Kingambit||SafetyGoggles|Defiant|KowtowCleave,SuckerPunch,SwordsDance,Protect|||F|||50|,,,,,Ghost
|inactive|Battle timer is ON: inactive players will automatically lose when time's up. (requested by GrassyKyogre)
|
|t:|1756684994
|teamsize|p1|4
|teamsize|p2|4
|start
|switch|p1a: Sneasler|Sneasler, L50, M|100/100
|switch|p1b: Garchomp|Garchomp, L50, F|100/100
|switch|p2a: Pelipper|Pelipper, L50, F|100/100
|switch|p2b: Archaludon|Archaludon, L50, M|100/100
|-weather|RainDance|[from] ability: Drizzle|[of] p2a: Pelipper
|turn|1
|inactive|GrassyKyogre has 30 seconds left.
|
|t:|1756685020
|-terastallize|p2b: Archaludon|Bug
|move|p1a: Sneasler|Dire Claw|p2a: Pelipper
|-damage|p2a: Pelipper|43/100
|-status|p2a: Pelipper|par
|move|p1b: Garchomp|Dragon Claw|p2a: Pelipper
|-damage|p2a: Pelipper|0 fnt
|faint|p2a: Pelipper
|move|p2b: Archaludon|Electro Shot||[still]
|-prepare|p2b: Archaludon|Electro Shot
|-boost|p2b: Archaludon|spa|1
|-anim|p2b: Archaludon|Electro Shot|p1a: Sneasler
|-damage|p1a: Sneasler|21/100
|
|-weather|RainDance|[upkeep]
|upkeep
|
|t:|1756685030
|switch|p2a: Basculegion|Basculegion, L50, M|100/100
|turn|2
|
|t:|1756685043
|switch|p1b: Ninetales|Ninetales-Alola, L50, F|100/100
|-weather|Snowscape|[from] ability: Snow Warning|[of] p1b: Ninetales
|move|p1a: Sneasler|Protect|p1a: Sneasler
|-singleturn|p1a: Sneasler|Protect
|move|p2a: Basculegion|Aqua Jet|p1a: Sneasler
|-activate|p1a: Sneasler|move: Protect
|move|p2b: Archaludon|Draco Meteor|p1b: Ninetales
|-immune|p1b: Ninetales
|
|-weather|Snowscape|[upkeep]
|upkeep
|turn|3
|
|t:|1756685068
|switch|p1a: Garchomp|Garchomp, L50, F|100/100
|switch|p2a: Kingambit|Kingambit, L50, F|100/100
|-terastallize|p1b: Ninetales|Ghost
|move|p1b: Ninetales|Aurora Veil|p1b: Ninetales
|-sidestart|p1: Chandeliere|move: Aurora Veil
|move|p2b: Archaludon|Flash Cannon|p1a: Garchomp
|-damage|p1a: Garchomp|56/100
|
|-weather|Snowscape|[upkeep]
|upkeep
|turn|4
|inactive|Chandeliere has 30 seconds left.
|inactive|GrassyKyogre has 30 seconds left.
|inactive|GrassyKyogre has 20 seconds left.
|inactive|Chandeliere has 20 seconds left.
|
|t:|1756685110
|switch|p1b: Gholdengo|Gholdengo, L50|100/100
|move|p1a: Garchomp|Stomping Tantrum|p2a: Kingambit
|-supereffective|p2a: Kingambit
|-damage|p2a: Kingambit|47/100
|move|p2b: Archaludon|Draco Meteor|p1a: Garchomp|[miss]
|-miss|p2b: Archaludon|p1a: Garchomp
|move|p2a: Kingambit|Swords Dance|p2a: Kingambit
|-boost|p2a: Kingambit|atk|2
|
|-weather|Snowscape|[upkeep]
|upkeep
|turn|5
|inactive|GrassyKyogre has 30 seconds left.
|
|t:|1756685143
|move|p1a: Garchomp|Stomping Tantrum|p2a: Kingambit
|-supereffective|p2a: Kingambit
|-damage|p2a: Kingambit|0 fnt
|faint|p2a: Kingambit
|move|p1b: Gholdengo|Nasty Plot|p1b: Gholdengo
|-boost|p1b: Gholdengo|spa|2
|move|p2b: Archaludon|Flash Cannon|p1a: Garchomp
|-damage|p1a: Garchomp|14/100
|
|-weather|Snowscape|[upkeep]
|upkeep
|
|t:|1756685147
|switch|p2a: Basculegion|Basculegion, L50, M|100/100
|turn|6
|
|t:|1756685161
|move|p1a: Garchomp|Protect|p1a: Garchomp
|-singleturn|p1a: Garchomp|Protect
|move|p2b: Archaludon|Flash Cannon|p1a: Garchomp
|-activate|p1a: Garchomp|move: Protect
|move|p1b: Gholdengo|Shadow Ball|p2a: Basculegion
|-supereffective|p2a: Basculegion
|-damage|p2a: Basculegion|0 fnt
|faint|p2a: Basculegion
|-damage|p1b: Gholdengo|91/100|[from] item: Life Orb
|
|-weather|none
|upkeep
|turn|7
|-message|GrassyKyogre forfeited.
|
|win|Chandeliere
|raw|Chandeliere's rating: 1175 → 1198(+23 for winning)
|raw|GrassyKyogre's rating: 1142 → 1119(-23 for losing)
|l|☆GrassyKyogre
|player|p2|
|c|☆Chandeliere|gg
