|j|☆WumblesNSuch
|j|☆UntilBreakingFree
|html|WumblesNSuchUntilBreakingFree    
|uhtml|bestof|Game 3 of a best-of-3
|t:|1755452898
|gametype|doubles
|player|p1|WumblesNSuch|blue|1230
|player|p2|UntilBreakingFree|gambler|1246
|gen|9
|tier|[Gen 9] VGC 2025 Reg H (Bo3)
|rated|
|rule|Species Clause: Limit one of each Pokémon
|rule|Item Clause: Limit 1 of each item
|clearpoke
|poke|p1|Delphox, L50, F|
|poke|p1|Indeedee-F, L50, F|
|poke|p1|Ursaluna, L50, M|
|poke|p1|Sneasler, L50, F|
|poke|p1|Hydreigon, L50, M|
|poke|p2|Charizard, L50, M|
|poke|p2|Dragapult, L50, M|
|poke|p2|Sneasler, L50, F|
|poke|p2|Farigiraf, L50, F|
|poke|p2|Ursaluna-Bloodmoon, L50, M|
|poke|p2|Whimsicott, L50, F|
|teampreview|4
|showteam|p1|Delphox||LifeOrb|Blaze|Overheat,HeatWave,ExpandingForce,Protect|||F|||50|,,,,,Fire]Indeedee-F||SafetyGoggles|PsychicSurge|DazzlingGleam,FollowMe,HelpingHand,TrickRoom|||F|||50|,,,,,Fairy]Ursaluna||FlameOrb|Guts|HeadlongRush,Earthquake,Facade,Protect|||M|||50|,,,,,Water]Sneasler||PsychicSeed|Unburden|CloseCombat,DireClaw,ThroatChop,Protect|||F|||50|,,,,,Dark]Hydreigon||SitrusBerry|Levitate|DracoMeteor,DarkPulse,Snarl,Tailwind|||M|||50|,,,,,Psychic
|showteam|p2|Charizard||ChoiceSpecs|SolarPower|HeatWave,Overheat,WeatherBall,SolarBeam|||M|||50|,,,,,Ghost]Dragapult||ChoiceBand|ClearBody|DragonDarts,Outrage,PhantomForce,Uturn|||M|||50|,,,,,Dragon]Sneasler||FocusSash|Unburden|DireClaw,CloseCombat,ThroatChop,Protect|||F|||50|,,,,,Dark]Farigiraf||SafetyGoggles|ArmorTail|TwinBeam,HelpingHand,TrickRoom,Imprison|||F|||50|,,,,,Fairy]Ursaluna-Bloodmoon||LifeOrb|MindsEye|BloodMoon,HyperVoice,EarthPower,Protect|||M|||50|,,,,,Normal]Whimsicott||CovertCloak|Prankster|Moonblast,Tailwind,Encore,SunnyDay|||F|||50|,,,,,Poison
|inactive|Battle timer is ON: inactive players will automatically lose when time's up. (requested by UntilBreakingFree)
|
|t:|1755452915
|teamsize|p1|4
|teamsize|p2|4
|start
|switch|p1a: Delphox|Delphox, L50, F|100/100
|switch|p1b: Indeedee|Indeedee-F, L50, F|100/100
|switch|p2a: Shāhmat|Ursaluna-Bloodmoon, L50, M|100/100
|switch|p2b: Mary|Whimsicott, L50, F|100/100
|-fieldstart|move: Psychic Terrain|[from] ability: Psychic Surge|[of] p1b: Indeedee
|turn|1
|
|t:|1755452939
|-terastallize|p2a: Shāhmat|Normal
|move|p1a: Delphox|Protect|p1a: Delphox
|-singleturn|p1a: Delphox|Protect
|move|p2b: Mary|Tailwind|p2b: Mary
|-sidestart|p2: UntilBreakingFree|move: Tailwind
|move|p2a: Shāhmat|Blood Moon|p1b: Indeedee
|-damage|p1b: Indeedee|0 fnt
|faint|p1b: Indeedee
|-damage|p2a: Shāhmat|91/100|[from] item: Life Orb
|
|upkeep
|
|t:|1755452951
|switch|p1b: Sneasler|Sneasler, L50, F|100/100
|-enditem|p1b: Sneasler|Psychic Seed
|-boost|p1b: Sneasler|spd|1|[from] item: Psychic Seed
|turn|2
|
|t:|1755452958
|move|p2a: Shāhmat|Protect|p2a: Shāhmat
|-singleturn|p2a: Shāhmat|Protect
|move|p1b: Sneasler|Close Combat|p2a: Shāhmat
|-activate|p2a: Shāhmat|move: Protect
|move|p2b: Mary|Moonblast|p1b: Sneasler
|-damage|p1b: Sneasler|77/100
|-unboost|p1b: Sneasler|spa|1
|move|p1a: Delphox|Heat Wave|p2a: Shāhmat|[spread] p2b
|-activate|p2a: Shāhmat|move: Protect
|-supereffective|p2b: Mary
|-damage|p2b: Mary|0 fnt
|faint|p2b: Mary
|-damage|p1a: Delphox|90/100|[from] item: Life Orb
|
|upkeep
|
|t:|1755452971
|switch|p2b: Rudra|Dragapult, L50, M|100/100
|turn|3
|
|t:|1755452985
|move|p2b: Rudra|Outrage|p1a: Delphox
|-damage|p1a: Delphox|0 fnt
|faint|p1a: Delphox
|move|p1b: Sneasler|Close Combat|p2a: Shāhmat
|-supereffective|p2a: Shāhmat
|-damage|p2a: Shāhmat|0 fnt
|-unboost|p1b: Sneasler|def|1
|-unboost|p1b: Sneasler|spd|1
|faint|p2a: Shāhmat
|
|upkeep
|
|t:|1755452998
|switch|p1a: Ursaluna|Ursaluna, L50, M|100/100
|switch|p2a: D'oro|Sneasler, L50, F|100/100
|turn|4
|
|t:|1755453015
|move|p1b: Sneasler|Protect|p1b: Sneasler
|-singleturn|p1b: Sneasler|Protect
|move|p1a: Ursaluna|Protect|p1a: Ursaluna
|-singleturn|p1a: Ursaluna|Protect
|move|p2b: Rudra|Outrage|p1a: Ursaluna|[from] lockedmove
|-activate|p1a: Ursaluna|move: Protect
|move|p2a: D'oro|Dire Claw|p1b: Sneasler
|-activate|p1b: Sneasler|move: Protect
|
|-sideend|p2: UntilBreakingFree|move: Tailwind
|-status|p1a: Ursaluna|brn|[from] item: Flame Orb
|upkeep
|turn|5
|inactive|UntilBreakingFree has 30 seconds left.
|
|t:|1755453043
|-terastallize|p1b: Sneasler|Dark
|move|p1b: Sneasler|Throat Chop|p2b: Rudra
|-supereffective|p2b: Rudra
|-damage|p2b: Rudra|0 fnt
|faint|p2b: Rudra
|move|p2a: D'oro|Close Combat|p1b: Sneasler
|-supereffective|p1b: Sneasler
|-damage|p1b: Sneasler|0 fnt
|-unboost|p2a: D'oro|def|1
|-unboost|p2a: D'oro|spd|1
|faint|p1b: Sneasler
|move|p1a: Ursaluna|Facade|p2a: D'oro
|-enditem|p2a: D'oro|Focus Sash
|-damage|p2a: D'oro|1/100
|
|-damage|p1a: Ursaluna|94/100 brn|[from] brn
|-fieldend|move: Psychic Terrain
|upkeep
|turn|6
|
|t:|1755453054
|move|p2a: D'oro|Protect|p2a: D'oro
|-singleturn|p2a: D'oro|Protect
|move|p1a: Ursaluna|Facade|p2a: D'oro
|-activate|p2a: D'oro|move: Protect
|
|-damage|p1a: Ursaluna|88/100 brn|[from] brn
|upkeep
|turn|7
|
|t:|1755453059
|move|p2a: D'oro|Close Combat|p1a: Ursaluna
|-supereffective|p1a: Ursaluna
|-damage|p1a: Ursaluna|0 fnt
|-unboost|p2a: D'oro|def|1
|-unboost|p2a: D'oro|spd|1
|faint|p1a: Ursaluna
|
|win|UntilBreakingFree
|raw|WumblesNSuch's rating: 1230 → 1206(-24 for losing)
|raw|UntilBreakingFree's rating: 1246 → 1270(+24 for winning)
