|j|☆Jortchamp
|j|☆mochuary
|html|Jortchampmochuary    
|uhtml|bestof|Game 1 of a best-of-3
|t:|1782685558
|gametype|doubles
|player|p1|Jortchamp|#smogonxnpa2025draftee|
|player|p2|mochuary|brycenman|
|gen|9
|tier|[Gen 9 Champions] VGC 2026 Reg M-B (Bo3)
|rule|Species Clause: Limit one of each Pokémon
|rule|Item Clause: Limit 1 of each item
|clearpoke
|poke|p1|Mamoswine, L50, F|
|poke|p1|Torkoal, L50, M|
|poke|p1|Pyroar, L50, M|
|poke|p1|Venusaur, L50, F|
|poke|p1|Farigiraf, L50, M|
|poke|p1|Scrafty, L50, F|
|poke|p2|Garchomp, L50, F|
|poke|p2|Farigiraf, L50, F|
|poke|p2|Sylveon, L50, F, shiny|
|poke|p2|Venusaur, L50, F|
|poke|p2|Incineroar, L50, M|
|poke|p2|Charizard, L50, F, shiny|
|teampreview|4
|showteam|p1|Mamoswine||FocusSash|Oblivious|HighHorsepower,IceShard,RockSlide,Protect|Jolly||F|||50|]Torkoal||HeatRock|Drought|Eruption,WeatherBall,HelpingHand,Protect|Quiet||M|||50|]Pyroar||Pyroarite|Unnerve|HeatWave,Overheat,Yawn,Protect|Timid||M|||50|]Venusaur||LifeOrb|Chlorophyll|EnergyBall,EarthPower,SludgeBomb,Protect|Modest||F|||50|]Farigiraf||SitrusBerry|ArmorTail|Psychic,Thunderbolt,TrickRoom,Protect|Quiet||M|||50|]Scrafty||Scraftinite|Intimidate|FakeOut,DrainPunch,IcePunch,KnockOff|Adamant||F|||50|
|showteam|p2|Garchomp||LifeOrb|RoughSkin|Earthquake,DragonClaw,Protect,RockSlide|Jolly||F|||50|]Farigiraf||ColburBerry|ArmorTail|HelpingHand,TrickRoom,Psychic,Thunderbolt|Modest||F|||50|]Sylveon||FairyFeather|Pixilate|Detect,QuickAttack,HyperBeam,HyperVoice|Modest||F|||50|]Venusaur||FocusSash|Chlorophyll|LeafStorm,SludgeBomb,SleepPowder,Protect|Modest||F|||50|]Incineroar||SitrusBerry|Intimidate|FlareBlitz,ThroatChop,PartingShot,FakeOut|Careful||M|||50|]Charizard||CharizarditeY|Blaze|WeatherBall,HeatWave,SolarBeam,Protect|Modest||F|||50|
|j| scott the wott
|l|☆Jortchamp
|player|p1|
|j|☆Jortchamp
|player|p1|Jortchamp|#smogonxnpa2025draftee|
|j| sugarfreeVGC
|c|☆Jortchamp|GLHF
|c|☆mochuary|glhf!
|j| Hatsune Chi-Yu
|j| xmarsh
|l| scott the wott
|j| TailwindMakeItRain
|l| xmarsh
|l| TailwindMakeItRain
|j| scott the wott
|l| scott the wott
|
|t:|1782685744
|teamsize|p1|4
|teamsize|p2|4
|start
|switch|p1a: Mamoswine|Mamoswine, L50, F|100/100
|switch|p1b: Scrafty|Scrafty, L50, F|100/100
|switch|p2a: Charizard|Charizard, L50, F, shiny|100/100
|switch|p2b: Venusaur|Venusaur, L50, F|100/100
|-ability|p1b: Scrafty|Intimidate|boost
|-unboost|p2a: Charizard|atk|1
|-unboost|p2b: Venusaur|atk|1
|turn|1
|j| scott the wott
|
|t:|1782685773
|switch|p1b: Venusaur|Venusaur, L50, F|100/100
|detailschange|p2a: Charizard|Charizard-Mega-Y, L50, F, shiny
|-mega|p2a: Charizard|Charizard|Charizardite Y
|-weather|SunnyDay|[from] ability: Drought|[of] p2a: Charizard
|move|p2b: Venusaur|Protect|p2b: Venusaur
|-singleturn|p2b: Venusaur|Protect
|move|p2a: Charizard|Protect|p2a: Charizard
|-singleturn|p2a: Charizard|Protect
|move|p1a: Mamoswine|Rock Slide|p2b: Venusaur|[spread] 
|-activate|p2a: Charizard|move: Protect
|-activate|p2b: Venusaur|move: Protect
|
|-weather|SunnyDay|[upkeep]
|upkeep
|turn|2
|l|☆Jortchamp
|player|p1|
|j| Mogo
|j|☆Jortchamp
|player|p1|Jortchamp|#smogonxnpa2025draftee|
|
|t:|1782685815
|move|p1b: Venusaur|Sludge Bomb|p2b: Venusaur
|-crit|p2b: Venusaur
|-damage|p2b: Venusaur|5/100
|-damage|p1b: Venusaur|90/100|[from] item: Life Orb
|move|p2b: Venusaur|Sludge Bomb|p1a: Mamoswine
|-resisted|p1a: Mamoswine|1
|-damage|p1a: Mamoswine|68/100
|move|p2a: Charizard|Heat Wave|p1a: Mamoswine|[spread] p1a,p1b
|-supereffective|p1a: Mamoswine|1
|-supereffective|p1b: Venusaur|1
|-damage|p1a: Mamoswine|0 fnt
|-damage|p1b: Venusaur|0 fnt
|faint|p1a: Mamoswine
|faint|p1b: Venusaur
|
|-weather|SunnyDay|[upkeep]
|upkeep
|
|t:|1782685819
|switch|p1a: Scrafty|Scrafty, L50, F|100/100
|switch|p1b: Pyroar|Pyroar, L50, M|100/100
|-ability|p1b: Pyroar|Unnerve
|-ability|p1a: Scrafty|Intimidate|boost
|-unboost|p2a: Charizard|atk|1
|-unboost|p2b: Venusaur|atk|1
|turn|3
|
|t:|1782685841
|move|p2b: Venusaur|Protect|p2b: Venusaur
|-singleturn|p2b: Venusaur|Protect
|move|p2a: Charizard|Protect|p2a: Charizard
|-singleturn|p2a: Charizard|Protect
|move|p1a: Scrafty|Fake Out|p2b: Venusaur
|-activate|p2b: Venusaur|move: Protect
|move|p1b: Pyroar|Heat Wave|p2a: Charizard|[spread] 
|-activate|p2a: Charizard|move: Protect
|-activate|p2b: Venusaur|move: Protect
|
|-weather|SunnyDay|[upkeep]
|upkeep
|turn|4
|l| scott the wott
|
|t:|1782685863
|detailschange|p1b: Pyroar|Pyroar-Mega, L50, M
|-mega|p1b: Pyroar|Pyroar|Pyroarite
|move|p2b: Venusaur|Sleep Powder|p1b: Pyroar
|-status|p1b: Pyroar|slp|[from] move: Sleep Powder
|cant|p1b: Pyroar|slp
|move|p2a: Charizard|Weather Ball|p1a: Scrafty
|-damage|p1a: Scrafty|19/100
|move|p1a: Scrafty|Knock Off|p2a: Charizard
|-damage|p2a: Charizard|67/100
|
|-weather|SunnyDay|[upkeep]
|upkeep
|turn|5
|j| scott the wott
|j| imissthem
|
|t:|1782685877
|move|p2b: Venusaur|Sludge Bomb|p1a: Scrafty
|-damage|p1a: Scrafty|0 fnt
|faint|p1a: Scrafty
|-curestatus|p1b: Pyroar|slp|[msg]
|move|p1b: Pyroar|Heat Wave|p2b: Venusaur|[spread] p2a,p2b
|-resisted|p2a: Charizard|1
|-supereffective|p2b: Venusaur|1
|-damage|p2a: Charizard|26/100
|-damage|p2b: Venusaur|0 fnt
|faint|p2b: Venusaur
|move|p2a: Charizard|Weather Ball|p1b: Pyroar
|-resisted|p1b: Pyroar|1
|-damage|p1b: Pyroar|41/100
|
|-weather|none
|upkeep
|
|t:|1782685894
|switch|p2b: Farigiraf|Farigiraf, L50, F|100/100
|turn|6
|
|t:|1782685903
|move|p1b: Pyroar|Heat Wave|p2b: Farigiraf|[spread] p2a,p2b
|-resisted|p2a: Charizard|1
|-damage|p2a: Charizard|0 fnt
|-damage|p2b: Farigiraf|51/100
|faint|p2a: Charizard
|move|p2b: Farigiraf|Trick Room|p2b: Farigiraf
|-fieldstart|move: Trick Room|[of] p2b: Farigiraf
|
|upkeep
|
|t:|1782685908
|switch|p2a: Sylveon|Sylveon, L50, F, shiny|100/100
|turn|7
|
|t:|1782685914
|move|p1b: Pyroar|Protect|p1b: Pyroar
|-singleturn|p1b: Pyroar|Protect
|move|p2b: Farigiraf|Psychic|p1b: Pyroar
|-activate|p1b: Pyroar|move: Protect
|move|p2a: Sylveon|Hyper Voice|p1b: Pyroar
|-activate|p1b: Pyroar|move: Protect
|
|upkeep
|turn|8
|
|t:|1782685918
|move|p2b: Farigiraf|Psychic|p1b: Pyroar
|-damage|p1b: Pyroar|0 fnt
|faint|p1b: Pyroar
|
|win|mochuary
||Jortchamp is ready for game 2.
||mochuary is ready for game 2.
|uhtml|next|Next: Game 2 of 3
|j| I didn't make this
|j| CiccioCT29
|l| scott the wott
|l| Hatsune Chi-Yu
|l| I didn't make this
|l|☆Jortchamp
|player|p1|
|j| TailwindMakeItRain
|l| Mogo
|j| I didn't make this
