|j|☆SeniaKC
|j|☆zileu
|html|SeniaKCzileu    
|uhtml|bestof|Game 2 of a best-of-3
|t:|1784026302
|gametype|doubles
|player|p1|SeniaKC|bianca-pwt|1147
|player|p2|zileu|cyclist-gen4|1085
|gen|9
|tier|[Gen 9 Champions] VGC 2026 Reg M-B (Bo3)
|rated|
|rule|Species Clause: Limit one of each Pokémon
|rule|Item Clause: Limit 1 of each item
|clearpoke
|poke|p1|Charizard, L50, F|
|poke|p1|Garchomp, L50, F|
|poke|p1|Aerodactyl, L50, F|
|poke|p1|Sableye, L50, F|
|poke|p1|Gardevoir, L50, M|
|poke|p1|Vileplume, L50, M|
|poke|p2|Delphox, L50, M|
|poke|p2|Sneasler, L50, F|
|poke|p2|Incineroar, L50, F|
|poke|p2|Sinistcha, L50|
|poke|p2|Blastoise, L50, M|
|poke|p2|Kingambit, L50, F|
|teampreview|4
|showteam|p1|Charizard||CharizarditeY|Blaze|HeatWave,WeatherBall,SolarBeam,Protect|Modest||F|||50|]Garchomp||LifeOrb|RoughSkin|Earthquake,DragonClaw,RockSlide,Protect|Adamant||F|||50|]Aerodactyl||FocusSash|Pressure|Tailwind,DualWingbeat,RockSlide,WideGuard|Jolly||F|||50|]Sableye||RoseliBerry|Prankster|LightScreen,Disable,IcyWind,FoulPlay|Calm||F|||50|]Gardevoir||ChoiceScarf|Telepathy|Moonblast,Psychic,DazzlingGleam,IcyWind|Timid||M|||50|]Vileplume||ZoomLens|Chlorophyll|SleepPowder,AfterYou,SludgeBomb,EnergyBall|Timid||M|||50|
|showteam|p2|Delphox||Delphoxite|Blaze|HeatWave,Psyshock,NastyPlot,Protect|Timid||M|||50|]Sneasler||FocusSash|PoisonTouch|QuickGuard,Protect,DireClaw,CloseCombat|Jolly||F|||50|]Incineroar||SitrusBerry|Intimidate|FakeOut,PartingShot,HelpingHand,FlareBlitz|Impish||F|||50|]Sinistcha||OccaBerry|Hospitality|MatchaGotcha,RagePowder,TrickRoom,Protect|Bold|||||50|]Blastoise||Blastoisinite|RainDish|WaterSpout,DarkPulse,ShellSmash,Protect|Modest||M|||50|]Kingambit||BlackGlasses|Defiant|Protect,SwordsDance,KowtowCleave,SuckerPunch|Adamant||F|||50|
|inactive|Battle timer is ON: inactive players will automatically lose when time's up. (requested by SeniaKC)
|inactive|SeniaKC has 60 seconds left.
|inactive|zileu has 60 seconds left.
|
|t:|1784026351
|teamsize|p1|4
|teamsize|p2|4
|start
|switch|p1a: Sableye|Sableye, L50, F|100/100
|switch|p1b: Charizard|Charizard, L50, F|100/100
|switch|p2a: Sneasler|Sneasler, L50, F|100/100
|switch|p2b: Incineroar|Incineroar, L50, F|100/100
|-ability|p2b: Incineroar|Intimidate|boost
|-unboost|p1a: Sableye|atk|1
|-unboost|p1b: Charizard|atk|1
|turn|1
|inactive|zileu has 30 seconds left.
|inactive|zileu has 20 seconds left.
|inactive|SeniaKC has 30 seconds left.
|inactive|zileu has 15 seconds left.
|inactive|zileu has 10 seconds left.
|
|t:|1784026400
|detailschange|p1b: Charizard|Charizard-Mega-Y, L50, F
|-mega|p1b: Charizard|Charizard|Charizardite Y
|-weather|SunnyDay|[from] ability: Drought|[of] p1b: Charizard
|move|p1b: Charizard|Protect|p1b: Charizard
|-singleturn|p1b: Charizard|Protect
|move|p2a: Sneasler|Dire Claw|p1b: Charizard
|-activate|p1b: Charizard|move: Protect
|move|p2b: Incineroar|Flare Blitz|p1a: Sableye
|-damage|p1a: Sableye|13/100
|-damage|p2b: Incineroar|73/100|[from] Recoil
|move|p1a: Sableye|Icy Wind|p2b: Incineroar|[spread] p2a,p2b
|-resisted|p2b: Incineroar|1
|-damage|p2a: Sneasler|90/100
|-damage|p2b: Incineroar|69/100
|-unboost|p2a: Sneasler|spe|1
|-unboost|p2b: Incineroar|spe|1
|
|-weather|SunnyDay|[upkeep]
|upkeep
|turn|2
|inactive|SeniaKC has 30 seconds left.
|inactive|zileu has 30 seconds left.
|inactive|zileu has 20 seconds left.
|
|t:|1784026436
|switch|p2a: Sinistcha|Sinistcha, L50|100/100
|-heal|p2b: Incineroar|94/100|[from] ability: Hospitality|[of] p2a: Sinistcha
|move|p1a: Sableye|Disable||[still]
|-fail|p1a: Sableye
|move|p1b: Charizard|Heat Wave|p2b: Incineroar|[spread] p2a,p2b
|-supereffective|p2a: Sinistcha|1
|-enditem|p2a: Sinistcha|Occa Berry|[eat]
|-enditem|p2a: Sinistcha|Occa Berry|[weaken]
|-resisted|p2b: Incineroar|1
|-damage|p2a: Sinistcha|11/100
|-damage|p2b: Incineroar|57/100
|-status|p2a: Sinistcha|brn
|move|p2b: Incineroar|Parting Shot|p1b: Charizard
|-unboost|p1b: Charizard|atk|1
|-unboost|p1b: Charizard|spa|1
|
|t:|1784026454
|switch|p2b: Blastoise|Blastoise, L50, M|100/100|[from] Parting Shot
|
|-weather|SunnyDay|[upkeep]
|-damage|p2a: Sinistcha|5/100 brn|[from] brn
|upkeep
|turn|3
|
|t:|1784026476
|switch|p2a: Incineroar|Incineroar, L50, F|57/100
|-ability|p2a: Incineroar|Intimidate|boost
|-unboost|p1a: Sableye|atk|1
|-unboost|p1b: Charizard|atk|1
|detailschange|p2b: Blastoise|Blastoise-Mega, L50, M
|-mega|p2b: Blastoise|Blastoise|Blastoisinite
|move|p1a: Sableye|Light Screen|p1a: Sableye
|-sidestart|p1: SeniaKC|move: Light Screen
|move|p1b: Charizard|Solar Beam||[still]
|-prepare|p1b: Charizard|Solar Beam
|-anim|p1b: Charizard|Solar Beam|p2b: Blastoise
|-supereffective|p2b: Blastoise|1
|-damage|p2b: Blastoise|38/100
|move|p2b: Blastoise|Water Spout|p1b: Charizard|[spread] p1a,p1b
|-supereffective|p1b: Charizard|1
|-damage|p1a: Sableye|5/100
|-damage|p1b: Charizard|88/100
|
|-weather|SunnyDay|[upkeep]
|upkeep
|turn|4
|inactive|SeniaKC has 30 seconds left.
|
|t:|1784026509
|switch|p1a: Garchomp|Garchomp, L50, F|100/100
|move|p2a: Incineroar|Fake Out|p1b: Charizard
|-damage|p1b: Charizard|77/100
|cant|p1b: Charizard|flinch
|move|p2b: Blastoise|Shell Smash|p2b: Blastoise
|-unboost|p2b: Blastoise|def|1
|-unboost|p2b: Blastoise|spd|1
|-boost|p2b: Blastoise|atk|2
|-boost|p2b: Blastoise|spa|2
|-boost|p2b: Blastoise|spe|2
|
|-weather|SunnyDay|[upkeep]
|upkeep
|turn|5
|
|t:|1784026524
|switch|p2a: Sinistcha|Sinistcha, L50|5/100 brn
|-heal|p2b: Blastoise|63/100|[from] ability: Hospitality|[of] p2a: Sinistcha
|move|p2b: Blastoise|Protect|p2b: Blastoise
|-singleturn|p2b: Blastoise|Protect
|move|p1a: Garchomp|Earthquake|p2b: Blastoise|[spread] p2a
|-activate|p2b: Blastoise|move: Protect
|-immune|p1b: Charizard
|-resisted|p2a: Sinistcha|1
|-crit|p2a: Sinistcha
|-damage|p2a: Sinistcha|0 fnt
|faint|p2a: Sinistcha
|-damage|p1a: Garchomp|90/100|[from] item: Life Orb
|move|p1b: Charizard|Heat Wave|p2b: Blastoise
|-activate|p2b: Blastoise|move: Protect
|
|-weather|none
|upkeep
|
|t:|1784026538
|switch|p2a: Incineroar|Incineroar, L50, F|57/100
|-ability|p2a: Incineroar|Intimidate|boost
|-unboost|p1a: Garchomp|atk|1
|-unboost|p1b: Charizard|atk|1
|turn|6
|
|t:|1784026553
|switch|p1b: Sableye|Sableye, L50, F|5/100
|move|p1a: Garchomp|Protect|p1a: Garchomp
|-singleturn|p1a: Garchomp|Protect
|move|p2a: Incineroar|Fake Out|p1a: Garchomp
|-activate|p1a: Garchomp|move: Protect
|move|p2b: Blastoise|Water Spout|p1a: Garchomp|[spread] p1b
|-activate|p1a: Garchomp|move: Protect
|-damage|p1b: Sableye|0 fnt
|faint|p1b: Sableye
|
|upkeep
|
|t:|1784026560
|switch|p1b: Charizard|Charizard-Mega-Y, L50, F|77/100
|-weather|SunnyDay|[from] ability: Drought|[of] p1b: Charizard
|turn|7
|
|t:|1784026577
|switch|p2a: Sneasler|Sneasler, L50, F|90/100
|move|p2b: Blastoise|Protect|p2b: Blastoise
|-singleturn|p2b: Blastoise|Protect
|move|p1a: Garchomp|Earthquake|p2a: Sneasler|[spread] p2a
|-activate|p2b: Blastoise|move: Protect
|-immune|p1b: Charizard
|-supereffective|p2a: Sneasler|1
|-damage|p2a: Sneasler|0 fnt
|faint|p2a: Sneasler
|-damage|p1a: Garchomp|80/100|[from] item: Life Orb
|move|p1b: Charizard|Heat Wave|p2b: Blastoise
|-activate|p2b: Blastoise|move: Protect
|
|-weather|SunnyDay|[upkeep]
|-sideend|p1: SeniaKC|move: Light Screen
|upkeep
|
|t:|1784026586
|switch|p2a: Incineroar|Incineroar, L50, F|57/100
|-ability|p2a: Incineroar|Intimidate|boost
|-unboost|p1a: Garchomp|atk|1
|-unboost|p1b: Charizard|atk|1
|turn|8
|
|t:|1784026596
|move|p2a: Incineroar|Helping Hand|p2b: Blastoise
|-singleturn|p2b: Blastoise|Helping Hand|[of] p2a: Incineroar
|move|p2b: Blastoise|Water Spout|p1a: Garchomp|[spread] p1a,p1b
|-supereffective|p1b: Charizard|1
|-damage|p1a: Garchomp|18/100
|-damage|p1b: Charizard|0 fnt
|faint|p1b: Charizard
|move|p1a: Garchomp|Dragon Claw|p2b: Blastoise
|-damage|p2b: Blastoise|22/100
|-damage|p1a: Garchomp|9/100|[from] item: Life Orb
|
|-weather|SunnyDay|[upkeep]
|upkeep
|
|t:|1784026605
|switch|p1b: Vileplume|Vileplume, L50, M|100/100
|turn|9
|inactive|SeniaKC has 30 seconds left.
|
|t:|1784026638
|move|p2b: Blastoise|Protect|p2b: Blastoise
|-singleturn|p2b: Blastoise|Protect
|move|p1b: Vileplume|Sleep Powder|p2a: Incineroar|[miss]
|-miss|p1b: Vileplume|p2a: Incineroar
|move|p1a: Garchomp|Earthquake|p2a: Incineroar|[spread] p1b,p2a
|-activate|p2b: Blastoise|move: Protect
|-supereffective|p2a: Incineroar|1
|-damage|p1b: Vileplume|65/100
|-damage|p2a: Incineroar|0 fnt
|faint|p2a: Incineroar
|-damage|p1a: Garchomp|0 fnt|[from] item: Life Orb
|faint|p1a: Garchomp
|
|-weather|SunnyDay|[upkeep]
|upkeep
|turn|10
|
|t:|1784026650
|move|p1b: Vileplume|Energy Ball|p2b: Blastoise
|-supereffective|p2b: Blastoise|1
|-damage|p2b: Blastoise|0 fnt
|faint|p2b: Blastoise
|
|win|SeniaKC
||zileu is ready for game 3.
||SeniaKC is ready for game 3.
|uhtml|next|Next: Game 3 of 3
|l|☆zileu
|player|p2|
