|j|☆Furyr
|j|☆janbenet
|html|Furyrjanbenet    
|uhtml|bestof|Game 2 of a best-of-3
|t:|1783529460
|gametype|doubles
|player|p1|Furyr|byron|1107
|player|p2|janbenet|101|1226
|gen|9
|tier|[Gen 9 Champions] VGC 2026 Reg M-B (Bo3)
|rated|
|rule|Species Clause: Limit one of each Pokémon
|rule|Item Clause: Limit 1 of each item
|clearpoke
|poke|p1|Froslass, L50, F|
|poke|p1|Garchomp, L50, M|
|poke|p1|Sneasler, L50, F|
|poke|p1|Whimsicott, L50, F|
|poke|p1|Incineroar, L50, M|
|poke|p1|Milotic, L50, M|
|poke|p2|Kingambit, L50, M|
|poke|p2|Charizard, L50, M|
|poke|p2|Aerodactyl, L50, F|
|poke|p2|Farigiraf, L50, F|
|poke|p2|Garchomp, L50, F|
|poke|p2|Sylveon, L50, F|
|teampreview|4
|showteam|p1|Froslass||Froslassite|SnowCloak|Blizzard,ShadowBall,Thunderbolt,Protect|Modest||F|||50|]Garchomp||LifeOrb|RoughSkin|DragonClaw,Earthquake,RockSlide,Protect|Jolly||M|||50|]Sneasler||WhiteHerb|PoisonTouch|DireClaw,CloseCombat,Protect,FakeOut|Jolly||F|||50|]Whimsicott||FocusSash|Prankster|EnergyBall,Tailwind,WorrySeed,Protect|Timid||F|||50|]Incineroar||SitrusBerry|Intimidate|FakeOut,FlareBlitz,ThroatChop,PartingShot|Careful||M|||50|]Milotic||Leftovers|Competitive|Scald,DrainingKiss,Protect,Haze|Calm||M|||50|
|showteam|p2|Kingambit||FocusSash|Defiant|KowtowCleave,IronHead,SuckerPunch,LowKick|Adamant||M|||50|]Charizard||CharizarditeY|SolarPower|Protect,HeatWave,WeatherBall,SolarBeam|Modest||M|||50|]Aerodactyl||Aerodactylite|Unnerve|RockSlide,DualWingbeat,Tailwind,IceFang|Jolly||F|||50|]Farigiraf||SitrusBerry|ArmorTail|Psychic,Thunderbolt,TrickRoom,Roar|Bold||F|||50|]Garchomp||LifeOrb|RoughSkin|Earthquake,StompingTantrum,DragonClaw,Protect|Jolly||F|||50|]Sylveon||FairyFeather|Pixilate|HyperVoice,HyperBeam,QuickAttack,Detect|Modest||F|||50|
|inactive|Battle timer is ON: inactive players will automatically lose when time's up. (requested by Furyr)
|
|t:|1783529478
|teamsize|p1|4
|teamsize|p2|4
|start
|switch|p1a: Shiori|Milotic, L50, M|100/100
|switch|p1b: Katori|Sneasler, L50, F|100/100
|switch|p2a: Garchomp|Garchomp, L50, F|100/100
|switch|p2b: Kingambit|Kingambit, L50, M|100/100
|turn|1
|
|t:|1783529491
|switch|p2b: Farigiraf|Farigiraf, L50, F|100/100
|move|p1a: Shiori|Protect|p1a: Shiori
|-singleturn|p1a: Shiori|Protect
|move|p1b: Katori|Close Combat|p2b: Farigiraf
|-damage|p2b: Farigiraf|49/100
|-unboost|p1b: Katori|def|1
|-unboost|p1b: Katori|spd|1
|-status|p2b: Farigiraf|psn|[from] ability: Poison Touch|[of] p1b: Katori
|-enditem|p2b: Farigiraf|Sitrus Berry|[eat]
|-heal|p2b: Farigiraf|74/100 psn|[from] item: Sitrus Berry
|-enditem|p1b: Katori|White Herb
|-clearnegativeboost|p1b: Katori|[silent]
|move|p2a: Garchomp|Earthquake|p1b: Katori|[spread] p2b,p1b
|-activate|p1a: Shiori|move: Protect
|-supereffective|p1b: Katori|1
|-damage|p2b: Farigiraf|36/100 psn
|-damage|p1b: Katori|0 fnt
|faint|p1b: Katori
|-damage|p2a: Garchomp|90/100|[from] item: Life Orb
|
|-damage|p2b: Farigiraf|24/100 psn|[from] psn
|upkeep
|inactive|Furyr has 30 seconds left.
|
|t:|1783529523
|switch|p1b: Maki|Whimsicott, L50, F|100/100
|turn|2
|
|t:|1783529532
|move|p1b: Maki|Energy Ball|p2b: Farigiraf
|-damage|p2b: Farigiraf|0 fnt
|faint|p2b: Farigiraf
|move|p2a: Garchomp|Dragon Claw|p1a: Shiori
|-damage|p1a: Shiori|43/100
|-damage|p2a: Garchomp|80/100|[from] item: Life Orb
|move|p1a: Shiori|Draining Kiss|p2a: Garchomp
|-supereffective|p2a: Garchomp|1
|-damage|p2a: Garchomp|53/100
|-heal|p1a: Shiori|63/100|[from] drain|[of] p2a: Garchomp
|-damage|p1a: Shiori|50/100g|[from] ability: Rough Skin|[of] p2a: Garchomp
|
|-heal|p1a: Shiori|56/100|[from] item: Leftovers
|upkeep
|
|t:|1783529540
|switch|p2b: Aerodactyl|Aerodactyl, L50, F|100/100
|-ability|p2b: Aerodactyl|Unnerve
|turn|3
|
|t:|1783529550
|detailschange|p2b: Aerodactyl|Aerodactyl-Mega, L50, F
|-mega|p2b: Aerodactyl|Aerodactyl|Aerodactylite
|move|p1b: Maki|Tailwind|p1b: Maki
|-sidestart|p1: Furyr|move: Tailwind
|move|p2b: Aerodactyl|Tailwind|p2b: Aerodactyl
|-sidestart|p2: janbenet|move: Tailwind
|move|p2a: Garchomp|Earthquake|p1b: Maki|[spread] p1a,p1b
|-immune|p2b: Aerodactyl
|-resisted|p1b: Maki|1
|-damage|p1a: Shiori|6/100
|-damage|p1b: Maki|65/100
|-damage|p2a: Garchomp|43/100|[from] item: Life Orb
|move|p1a: Shiori|Scald|p2b: Aerodactyl
|-supereffective|p2b: Aerodactyl|1
|-damage|p2b: Aerodactyl|45/100
|
|-heal|p1a: Shiori|12/100|[from] item: Leftovers
|upkeep
|turn|4
|inactive|Furyr has 30 seconds left.
|
|t:|1783529581
|move|p1b: Maki|Protect|p1b: Maki
|-singleturn|p1b: Maki|Protect
|move|p1a: Shiori|Protect|p1a: Shiori
|-singleturn|p1a: Shiori|Protect
|move|p2b: Aerodactyl|Dual Wingbeat|p1b: Maki
|-activate|p1b: Maki|move: Protect
|move|p2a: Garchomp|Earthquake|p1a: Shiori|[spread] 
|-activate|p1a: Shiori|move: Protect
|-activate|p1b: Maki|move: Protect
|-immune|p2b: Aerodactyl
|
|-heal|p1a: Shiori|18/100|[from] item: Leftovers
|upkeep
|turn|5
|inactive|Furyr has 30 seconds left.
|
|t:|1783529608
|move|p2b: Aerodactyl|Dual Wingbeat|p1b: Maki
|-supereffective|p1b: Maki|1
|-damage|p1b: Maki|0 fnt
|faint|p1b: Maki
|-hitcount|p1: Maki|1
|move|p2a: Garchomp|Earthquake|p1a: Shiori|[spread] p1a
|-immune|p2b: Aerodactyl
|-damage|p1a: Shiori|0 fnt
|faint|p1a: Shiori
|-damage|p2a: Garchomp|34/100|[from] item: Life Orb
|
|upkeep
|
|t:|1783529619
|switch|p1b: Kako|Froslass, L50, F|100/100
|turn|6
|-message|Furyr forfeited.
|raw|Furyr's rating: 1107 → 1090(-17 for losing)
|raw|janbenet's rating: 1226 → 1243(+17 for winning)
|
|win|janbenet
|l|☆Furyr
|player|p1|
