|j|☆GS Barnabe
|j|☆kotamager34
|html|GS Barnabekotamager34    
|uhtml|bestof|Game 2 of a best-of-3
|t:|1785594611
|gametype|doubles
|player|p1|GS Barnabe|2|1205
|player|p2|kotamager34|grimsley|1205
|gen|9
|tier|[Gen 9 Champions] VGC 2026 Reg M-B (Bo3)
|rated|
|rule|Species Clause: Limit one of each Pokémon
|rule|Item Clause: Limit 1 of each item
|clearpoke
|poke|p1|Meowstic, L50, M|
|poke|p1|Tyranitar, L50, F|
|poke|p1|Scovillain, L50, M|
|poke|p1|Houndstone, L50, M|
|poke|p1|Rotom-Wash, L50|
|poke|p1|Aerodactyl, L50, M|
|poke|p2|Staraptor, L50, F, shiny|
|poke|p2|Gholdengo, L50|
|poke|p2|Ninetales-Alola, L50, M|
|poke|p2|Incineroar, L50, F|
|poke|p2|Whimsicott, L50, M|
|poke|p2|Arcanine-Hisui, L50, M|
|teampreview|4
|showteam|p1|Meowstic||LightClay|Prankster|FakeOut,Reflect,LightScreen,PsychicNoise|Bold||M|||50|]Tyranitar||ChoiceScarf|SandStream|RockSlide,KnockOff,IcePunch,Superpower|Jolly||F|||50|]Scovillain||Scovillainite|Moody|Overheat,LeechSeed,RagePowder,Protect|Calm||M|||50|]Houndstone||SitrusBerry|SandRush|LastRespects,Disable,AllySwitch,Protect|Adamant||M|||50|]Rotom-Wash||Leftovers|Levitate|HydroPump,VoltSwitch,WillOWisp,Protect|Calm|||||50|]Aerodactyl||Aerodactylite|RockHead|RockSlide,DualWingbeat,Tailwind,Protect|Jolly||M|||50|
|showteam|p2|Staraptor||Staraptite|Intimidate|BraveBird,CloseCombat,Roost,Protect|Jolly||F|||50|]Gholdengo||LifeOrb|GoodasGold|MakeItRain,ShadowBall,NastyPlot,Protect|Modest|||||50|]Ninetales-Alola||NeverMeltIce|SnowWarning|Blizzard,FreezeDry,Encore,Protect|Timid||M|||50|]Incineroar||SitrusBerry|Intimidate|FlareBlitz,ThroatChop,PartingShot,FakeOut|Careful||F|||50|]Whimsicott||CobaBerry|Prankster|Tailwind,Moonblast,Charm,FakeTears|Bold||M|||50|]Arcanine-Hisui||FocusSash|RockHead|FlareBlitz,HeadSmash,ExtremeSpeed,Protect|Adamant||M|||50|
|inactive|Battle timer is ON: inactive players will automatically lose when time's up. (requested by kotamager34)
|
|t:|1785594631
|teamsize|p1|4
|teamsize|p2|4
|start
|switch|p1a: Scovillain|Scovillain, L50, M|100/100
|switch|p1b: Meowstic|Meowstic, L50, M|100/100
|switch|p2a: Arcanine|Arcanine-Hisui, L50, M|100/100
|switch|p2b: Whimsicott|Whimsicott, L50, M|100/100
|turn|1
|
|t:|1785594644
|detailschange|p1a: Scovillain|Scovillain-Mega, L50, M
|-mega|p1a: Scovillain|Scovillain|Scovillainite
|move|p1b: Meowstic|Fake Out|p2a: Arcanine
|-resisted|p2a: Arcanine|1
|-damage|p2a: Arcanine|97/100
|cant|p2a: Arcanine|flinch
|move|p2b: Whimsicott|Moonblast|p1b: Meowstic
|-damage|p1b: Meowstic|74/100
|move|p1a: Scovillain|Overheat|p2b: Whimsicott
|-supereffective|p2b: Whimsicott|1
|-damage|p2b: Whimsicott|0 fnt
|-unboost|p1a: Scovillain|spa|2
|faint|p2b: Whimsicott
|
|upkeep
|
|t:|1785594651
|switch|p2b: Gholdengo|Gholdengo, L50|100/100
|turn|2
|inactive|GS Barnabe has 30 seconds left.
|
|t:|1785594681
|switch|p1a: Tyranitar|Tyranitar, L50, F|100/100
|-weather|Sandstorm|[from] ability: Sand Stream|[of] p1a: Tyranitar
|move|p1b: Meowstic|Light Screen|p1b: Meowstic
|-sidestart|p1: GS Barnabe|move: Light Screen
|move|p2a: Arcanine|Head Smash|p1a: Tyranitar
|-damage|p1a: Tyranitar|25/100
|move|p2b: Gholdengo|Shadow Ball|p1b: Meowstic
|-supereffective|p1b: Meowstic|1
|-damage|p1b: Meowstic|0 fnt
|faint|p1b: Meowstic
|-damage|p2b: Gholdengo|90/100|[from] item: Life Orb
|
|-weather|Sandstorm|[upkeep]
|upkeep
|
|t:|1785594689
|switch|p1b: Scovillain|Scovillain-Mega, L50, M|100/100
|turn|3
|
|t:|1785594712
|move|p1a: Tyranitar|Knock Off|p2b: Gholdengo
|-supereffective|p2b: Gholdengo|1
|-damage|p2b: Gholdengo|0 fnt
|-enditem|p2b: Gholdengo|Life Orb|[from] move: Knock Off|[of] p1a: Tyranitar
|faint|p2b: Gholdengo
|move|p2a: Arcanine|Head Smash|p1b: Scovillain
|-supereffective|p1b: Scovillain|1
|-damage|p1b: Scovillain|0 fnt
|-immune|p2a: Arcanine
|faint|p1b: Scovillain
|
|-weather|Sandstorm|[upkeep]
|upkeep
|
|t:|1785594725
|switch|p2b: Incineroar|Incineroar, L50, F|100/100
|switch|p1b: Houndstone|Houndstone, L50, M|100/100
|-ability|p2b: Incineroar|Intimidate|boost
|-unboost|p1a: Tyranitar|atk|1
|-unboost|p1b: Houndstone|atk|1
|turn|4
|
|t:|1785594740
|move|p2b: Incineroar|Fake Out|p1a: Tyranitar
|-resisted|p1a: Tyranitar|1
|-damage|p1a: Tyranitar|20/100y
|move|p1b: Houndstone|Last Respects|p2a: Arcanine
|-damage|p2a: Arcanine|42/100
|cant|p1a: Tyranitar|flinch
|move|p2a: Arcanine|Head Smash|p1b: Houndstone
|-damage|p1b: Houndstone|30/100
|-enditem|p1b: Houndstone|Sitrus Berry|[eat]
|-heal|p1b: Houndstone|55/100|[from] item: Sitrus Berry
|
|-weather|Sandstorm|[upkeep]
|-damage|p2b: Incineroar|94/100|[from] Sandstorm
|upkeep
|turn|5
|
|t:|1785594765
|move|p2a: Arcanine|Protect|p2a: Arcanine
|-singleturn|p2a: Arcanine|Protect
|move|p1b: Houndstone|Last Respects|p2a: Arcanine
|-activate|p2a: Arcanine|move: Protect
|move|p1a: Tyranitar|Knock Off|p2b: Incineroar
|-resisted|p2b: Incineroar|1
|-damage|p2b: Incineroar|77/100
|-enditem|p2b: Incineroar|Sitrus Berry|[from] move: Knock Off|[of] p1a: Tyranitar
|move|p2b: Incineroar|Throat Chop|p1b: Houndstone
|-supereffective|p1b: Houndstone|1
|-damage|p1b: Houndstone|1/100
|-start|p1b: Houndstone|Throat Chop|[silent]
|
|-weather|Sandstorm|[upkeep]
|-damage|p2b: Incineroar|71/100|[from] Sandstorm
|upkeep
|turn|6
|
|t:|1785594780
|move|p2a: Arcanine|Extreme Speed|p1a: Tyranitar
|-resisted|p1a: Tyranitar|1
|-damage|p1a: Tyranitar|6/100
|move|p1b: Houndstone|Last Respects|p2a: Arcanine
|-damage|p2a: Arcanine|0 fnt
|faint|p2a: Arcanine
|move|p1a: Tyranitar|Knock Off|p2b: Incineroar
|-resisted|p2b: Incineroar|1
|-damage|p2b: Incineroar|59/100
|move|p2b: Incineroar|Throat Chop|p1a: Tyranitar
|-resisted|p1a: Tyranitar|1
|-damage|p1a: Tyranitar|0 fnt
|faint|p1a: Tyranitar
|
|-weather|none
|-end|p1b: Houndstone|Throat Chop|[silent]
|upkeep
|turn|7
|
|t:|1785594799
|move|p1b: Houndstone|Disable|p2b: Incineroar
|-start|p2b: Incineroar|Disable|Throat Chop
|cant|p2b: Incineroar|Disable|Throat Chop
|
|upkeep
|turn|8
|
|t:|1785594809
|move|p1b: Houndstone|Last Respects|p2b: Incineroar
|-resisted|p2b: Incineroar|1
|-damage|p2b: Incineroar|37/100
|move|p2b: Incineroar|Flare Blitz|p1b: Houndstone
|-damage|p1b: Houndstone|0 fnt
|faint|p1b: Houndstone
|-damage|p2b: Incineroar|36/100|[from] Recoil
|
|win|kotamager34
|raw|GS Barnabe's rating: 1205 → 1180(-25 for losing)
|raw|kotamager34's rating: 1205 → 1230(+25 for winning)
