|j|☆Alexander.oddGamer
|j|☆merleintje
|html|Alexander.oddGamermerleintje    
|uhtml|bestof|Game 3 of a best-of-3
|t:|1783119951
|gametype|doubles
|player|p1|Alexander.oddGamer|nate|1046
|player|p2|merleintje|1|1124
|gen|9
|tier|[Gen 9 Champions] VGC 2026 Reg M-B (Bo3)
|rated|
|rule|Species Clause: Limit one of each Pokémon
|rule|Item Clause: Limit 1 of each item
|clearpoke
|poke|p1|Staraptor, L50, M, shiny|
|poke|p1|Grimmsnarl, L50, M|
|poke|p1|Garchomp, L50, F|
|poke|p1|Oranguru, L50, F|
|poke|p1|Maushold-Four, L50|
|poke|p1|Gholdengo, L50|
|poke|p2|Chimecho, L50, M|
|poke|p2|Overqwil, L50, M|
|poke|p2|Meowstic, L50, M|
|poke|p2|Sableye, L50, M, shiny|
|poke|p2|Sneasler, L50, F|
|poke|p2|Klefki, L50, F|
|teampreview|4
|showteam|p1|Staraptor||Staraptite|Intimidate|CloseCombat,BraveBird,Roost,Protect|Jolly||M|||50|]Grimmsnarl||MentalHerb|Prankster|SpiritBreak,FakeOut,ScaryFace,PartingShot|Adamant||M|||50|]Garchomp||ChoiceScarf|RoughSkin|Earthquake,DragonClaw,BrickBreak,RockSlide|Adamant||F|||50|]Oranguru||SitrusBerry|Telepathy|StoredPower,PsychUp,Instruct,Gravity|Calm||F|||50|]Maushold-Four||FocusSash|FriendGuard|Feint,FollowMe,Uturn,Protect|Adamant|||||50|]Gholdengo||WhiteHerb|GoodasGold|MakeItRain,ShadowBall,PowerGem,Protect|Modest|||||50|
|showteam|p2|Chimecho||Chimechite|Levitate|StoredPower,Recover,PsychUp,Protect|Calm||M|||50|]Overqwil||Leftovers|Intimidate|BarbBarrage,Stockpile,Minimize,Protect|Careful||M|||50|]Meowstic||BrightPowder|Prankster|FakeOut,Yawn,SkillSwap,SunnyDay|Impish||M|||50|]Sableye||Sablenite|Prankster|CalmMind,DarkPulse,PainSplit,PsychUp|Bold||M|||50|]Sneasler||FocusSash|PoisonTouch|FakeOut,CloseCombat,QuickGuard,PoisonJab|Jolly||F|||50|]Klefki||SitrusBerry|Prankster|CalmMind,Substitute,DrainingKiss,PsychUp|Bold||F|||50|
|
|t:|1783120016
|teamsize|p1|4
|teamsize|p2|4
|start
|switch|p1a: Grimmsnarl|Grimmsnarl, L50, M|100/100
|switch|p1b: Gholdengo|Gholdengo, L50|100/100
|switch|p2a: Overqwil|Overqwil, L50, M|100/100
|switch|p2b: Meowstic|Meowstic, L50, M|100/100
|-ability|p2a: Overqwil|Intimidate|boost
|-unboost|p1a: Grimmsnarl|atk|1
|-unboost|p1b: Gholdengo|atk|1
|-enditem|p1b: Gholdengo|White Herb
|-clearnegativeboost|p1b: Gholdengo|[silent]
|turn|1
|
|t:|1783120049
|move|p2b: Meowstic|Fake Out|p1a: Grimmsnarl
|-damage|p1a: Grimmsnarl|93/100
|cant|p1a: Grimmsnarl|flinch
|move|p1b: Gholdengo|Make It Rain|p2a: Overqwil|[spread] p2a,p2b
|-crit|p2a: Overqwil
|-damage|p2a: Overqwil|31/100
|-damage|p2b: Meowstic|51/100
|-unboost|p1b: Gholdengo|spa|2
|move|p2a: Overqwil|Minimize|p2a: Overqwil
|-boost|p2a: Overqwil|evasion|2
|
|-heal|p2a: Overqwil|37/100|[from] item: Leftovers
|upkeep
|turn|2
|
|t:|1783120086
|move|p2b: Meowstic|Skill Swap|p2a: Overqwil
|-activate|p2b: Meowstic|Skill Swap|||[of] p2a: Overqwil
|-ability|p2b: Meowstic|Intimidate|boost
|-unboost|p1a: Grimmsnarl|atk|1
|-unboost|p1b: Gholdengo|atk|1
|move|p2a: Overqwil|Minimize|p2a: Overqwil
|-boost|p2a: Overqwil|evasion|2
|move|p1a: Grimmsnarl|Parting Shot|p2a: Overqwil
|-hint|Since gen 7, Dark is immune to Prankster moves.
|-immune|p2a: Overqwil
|move|p1b: Gholdengo|Make It Rain|p2b: Meowstic|[spread] p2b
|-miss|p1b: Gholdengo|p2a: Overqwil
|-damage|p2b: Meowstic|26/100
|-unboost|p1b: Gholdengo|spa|2
|
|-heal|p2a: Overqwil|43/100|[from] item: Leftovers
|upkeep
|turn|3
|
|t:|1783120124
|switch|p1b: Staraptor|Staraptor, L50, M, shiny|100/100
|-ability|p1b: Staraptor|Intimidate|boost
|-unboost|p2a: Overqwil|atk|1
|-unboost|p2b: Meowstic|atk|1
|move|p2a: Overqwil|Stockpile|p2a: Overqwil
|-start|p2a: Overqwil|stockpile1
|-boost|p2a: Overqwil|def|1
|-boost|p2a: Overqwil|spd|1
|move|p1a: Grimmsnarl|Parting Shot|p2b: Meowstic
|-unboost|p2b: Meowstic|atk|1
|-unboost|p2b: Meowstic|spa|1
|
|t:|1783120138
|switch|p1a: Oranguru|Oranguru, L50, F|100/100|[from] Parting Shot
|move|p2b: Meowstic|Yawn|p1a: Oranguru
|-start|p1a: Oranguru|move: Yawn|[of] p2b: Meowstic
|
|-heal|p2a: Overqwil|50/100y|[from] item: Leftovers
|upkeep
|turn|4
|
|t:|1783120170
|detailschange|p1b: Staraptor|Staraptor-Mega, L50, M, shiny
|-mega|p1b: Staraptor|Staraptor|Staraptite
|move|p2a: Overqwil|Stockpile|p2a: Overqwil
|-start|p2a: Overqwil|stockpile2
|-boost|p2a: Overqwil|def|1
|-boost|p2a: Overqwil|spd|1
|move|p1b: Staraptor|Close Combat|p2b: Meowstic
|-resisted|p2b: Meowstic|1
|-damage|p2b: Meowstic|1/100
|-boost|p1b: Staraptor|def|1
|-boost|p1b: Staraptor|spd|1
|move|p2b: Meowstic|Skill Swap|p1b: Staraptor
|-activate|p2b: Meowstic|Skill Swap|Contrary|Intimidate|[of] p1b: Staraptor
|-ability|p1b: Staraptor|Intimidate|boost
|-unboost|p2a: Overqwil|atk|1
|-boost|p2b: Meowstic|atk|1
|move|p1a: Oranguru|Gravity|p1a: Oranguru
|-fieldstart|move: Gravity
|
|-heal|p2a: Overqwil|56/100|[from] item: Leftovers
|-end|p1a: Oranguru|move: Yawn|[silent]
|-status|p1a: Oranguru|slp
|upkeep
|turn|5
|
|t:|1783120238
|switch|p1b: Gholdengo|Gholdengo, L50|100/100
|switch|p2b: Klefki|Klefki, L50, F|100/100
|move|p2a: Overqwil|Stockpile|p2a: Overqwil
|-start|p2a: Overqwil|stockpile3
|-boost|p2a: Overqwil|def|1
|-boost|p2a: Overqwil|spd|1
|cant|p1a: Oranguru|slp
|
|-heal|p2a: Overqwil|62/100|[from] item: Leftovers
|upkeep
|turn|6
|
|t:|1783120268
|move|p2a: Overqwil|Stockpile||[still]
|-fail|p2a: Overqwil
|move|p2b: Klefki|Psych Up|p2a: Overqwil
|-copyboost|p2b: Klefki|p2a: Overqwil|[from] move: Psych Up
|move|p1b: Gholdengo|Make It Rain|p2a: Overqwil|[spread] p2a,p2b
|-damage|p2a: Overqwil|41/100
|-damage|p2b: Klefki|73/100
|-unboost|p1b: Gholdengo|spa|2
|cant|p1a: Oranguru|slp
|
|-heal|p2a: Overqwil|47/100|[from] item: Leftovers
|upkeep
|turn|7
|
|t:|1783120304
|switch|p1b: Staraptor|Staraptor-Mega, L50, M, shiny|100/100
|move|p2b: Klefki|Calm Mind|p2b: Klefki
|-boost|p2b: Klefki|spa|1
|-boost|p2b: Klefki|spd|1
|move|p2a: Overqwil|Barb Barrage|p1a: Oranguru
|-damage|p1a: Oranguru|86/100 slp
|-curestatus|p1a: Oranguru|slp|[msg]
|move|p1a: Oranguru|Psych Up|p2a: Overqwil
|-copyboost|p1a: Oranguru|p2a: Overqwil|[from] move: Psych Up
|
|-heal|p2a: Overqwil|54/100|[from] item: Leftovers
|upkeep
|turn|8
|
|t:|1783120346
|move|p2b: Klefki|Calm Mind|p2b: Klefki
|-boost|p2b: Klefki|spa|1
|-boost|p2b: Klefki|spd|1
|move|p1b: Staraptor|Close Combat|p2b: Klefki|[miss]
|-miss|p1b: Staraptor|p2b: Klefki
|move|p2a: Overqwil|Barb Barrage|p1a: Oranguru
|-damage|p1a: Oranguru|81/100
|move|p1a: Oranguru|Stored Power|p2b: Klefki
|-resisted|p2b: Klefki|1
|-damage|p2b: Klefki|60/100
|
|-heal|p2a: Overqwil|60/100|[from] item: Leftovers
|-fieldend|move: Gravity
|upkeep
|turn|9
|
|t:|1783120387
|move|p1b: Staraptor|Protect|p1b: Staraptor
|-singleturn|p1b: Staraptor|Protect
|move|p2a: Overqwil|Barb Barrage|p1a: Oranguru
|-crit|p1a: Oranguru
|-damage|p1a: Oranguru|42/100
|-status|p1a: Oranguru|psn
|-enditem|p1a: Oranguru|Sitrus Berry|[eat]
|-heal|p1a: Oranguru|67/100 psn|[from] item: Sitrus Berry
|move|p2b: Klefki|Draining Kiss|p1b: Staraptor
|-activate|p1b: Staraptor|move: Protect
|move|p1a: Oranguru|Gravity|p1a: Oranguru
|-fieldstart|move: Gravity
|
|-heal|p2a: Overqwil|66/100|[from] item: Leftovers
|-damage|p1a: Oranguru|54/100 psn|[from] psn
|upkeep
|turn|10
|
|t:|1783120422
|move|p2b: Klefki|Substitute|p2b: Klefki
|-start|p2b: Klefki|Substitute
|-damage|p2b: Klefki|35/100
|-enditem|p2b: Klefki|Sitrus Berry|[eat]
|-heal|p2b: Klefki|60/100|[from] item: Sitrus Berry
|move|p1b: Staraptor|Close Combat|p2b: Klefki
|-activate|p2b: Klefki|move: Substitute|[damage]
|-boost|p1b: Staraptor|def|1
|-boost|p1b: Staraptor|spd|1
|move|p2a: Overqwil|Barb Barrage|p1b: Staraptor
|-damage|p1b: Staraptor|92/100
|-status|p1b: Staraptor|psn
|move|p1a: Oranguru|Instruct|p1b: Staraptor
|-singleturn|p1b: Staraptor|move: Instruct|[of] p1a: Oranguru
|move|p1b: Staraptor|Close Combat|p2b: Klefki|[miss]
|-miss|p1b: Staraptor|p2b: Klefki
|
|-heal|p2a: Overqwil|72/100|[from] item: Leftovers
|-damage|p1b: Staraptor|80/100 psn|[from] psn
|-damage|p1a: Oranguru|42/100 psn|[from] psn
|upkeep
|turn|11
|
|t:|1783120456
|move|p1b: Staraptor|Close Combat|p2b: Klefki
|-end|p2b: Klefki|Substitute
|-boost|p1b: Staraptor|def|1
|-boost|p1b: Staraptor|spd|1
|move|p2a: Overqwil|Barb Barrage|p1b: Staraptor
|-damage|p1b: Staraptor|70/100 psn
|move|p2b: Klefki|Draining Kiss|p1b: Staraptor
|-supereffective|p1b: Staraptor|1
|-crit|p1b: Staraptor
|-damage|p1b: Staraptor|0 fnt
|-heal|p2b: Klefki|100/100|[from] drain|[of] p1b: Staraptor
|faint|p1b: Staraptor
|move|p1a: Oranguru|Instruct|p1: Staraptor|[notarget]
|-fail|p1a: Oranguru
|
|-heal|p2a: Overqwil|79/100|[from] item: Leftovers
|-damage|p1a: Oranguru|30/100 psn|[from] psn
|upkeep
|-message|Alexander.oddGamer forfeited.
|
|win|merleintje
|raw|Alexander.oddGamer's rating: 1046 → 1033(-13 for losing)
|raw|merleintje's rating: 1124 → 1143(+19 for winning)
|l|☆Alexander.oddGamer
|player|p1|
