|j|☆satandagiii2005
|j|☆bcam1
|html|satandagiii2005bcam1    
|uhtml|bestof|Game 1 of a best-of-3
|t:|1786035339
|gametype|doubles
|player|p1|satandagiii2005|byron|1102
|player|p2|bcam1|169|1062
|gen|9
|tier|[Gen 9 Champions] VGC 2026 Reg M-B (Bo3)
|rated|
|rule|Species Clause: Limit one of each Pokémon
|rule|Item Clause: Limit 1 of each item
|clearpoke
|poke|p1|Raichu, L50, F|
|poke|p1|Staraptor, L50, M|
|poke|p1|Arcanine-Hisui, L50, M|
|poke|p1|Farigiraf, L50, M|
|poke|p1|Sylveon, L50, F|
|poke|p1|Kingambit, L50, M|
|poke|p2|Floette-Eternal, L50, F|
|poke|p2|Sylveon, L50, M|
|poke|p2|Aegislash, L50, M|
|poke|p2|Pelipper, L50, M|
|poke|p2|Swampert, L50, M|
|poke|p2|Palafin, L50, F|
|teampreview|4
|showteam|p1|Raichu||RaichuniteY|LightningRod|ZapCannon,FocusBlast,FakeOut,Protect|Timid||F|||50|]Staraptor||Staraptite|Intimidate|CloseCombat,DualWingbeat,Tailwind,Protect|Jolly||M|||50|]Arcanine-Hisui||FocusSash|RockHead|FlareBlitz,HeadSmash,ExtremeSpeed,Protect|Jolly||M|||50|]Farigiraf||SitrusBerry|ArmorTail|Psychic,HelpingHand,TrickRoom,Protect|Calm||M|||50|]Sylveon||FairyFeather|Pixilate|HyperVoice,QuickAttack,HyperBeam,Detect|Modest||F|||50|]Kingambit||LifeOrb|Defiant|KowtowCleave,SuckerPunch,SwordsDance,Protect|Adamant||M|||50|
|showteam|p2|Floette-Eternal||Floettite|FlowerVeil|CalmMind,Protect,DazzlingGleam,GigaDrain|Timid||F|||50|]Sylveon||FairyFeather|Pixilate|Protect,Wish,HyperVoice,MysticalFire|Calm||M|||50|]Aegislash||Leftovers|StanceChange|KingsShield,ShadowSneak,IronHead,SwordsDance|Adamant||M|||50|]Pelipper||SitrusBerry|Drizzle|Protect,Tailwind,MuddyWater,WideGuard|Bold||M|||50|]Swampert||Swampertite|Torrent|IcePunch,WaveCrash,FlipTurn,Earthquake|Adamant||M|||50|]Palafin||ChoiceScarf|ZerotoHero|FlipTurn,CloseCombat,WaveCrash,IronHead|Jolly||F|||50|
|inactive|Battle timer is ON: inactive players will automatically lose when time's up. (requested by bcam1)
|inactive|satandagiii2005 has 60 seconds left.
|inactive|bcam1 has 60 seconds left.
|
|t:|1786035396
|teamsize|p1|4
|teamsize|p2|4
|start
|switch|p1a: Staraptor|Staraptor, L50, M|100/100
|switch|p1b: Farigiraf|Farigiraf, L50, M|100/100
|switch|p2a: Floette|Floette-Eternal, L50, F|100/100
|switch|p2b: Sylveon|Sylveon, L50, M|100/100
|-ability|p1a: Staraptor|Intimidate|boost
|-unboost|p2a: Floette|atk|1
|-unboost|p2b: Sylveon|atk|1
|turn|1
|inactive|satandagiii2005 has 30 seconds left.
|inactive|satandagiii2005 has 20 seconds left.
|
|t:|1786035434
|switch|p1a: Arcanine|Arcanine-Hisui, L50, M|100/100
|detailschange|p2a: Floette|Floette-Mega, L50, F
|-mega|p2a: Floette|Floette|Floettite
|-ability|p2a: Floette|Fairy Aura
|move|p2a: Floette|Dazzling Gleam|p1b: Farigiraf|[spread] p1a,p1b
|-resisted|p1a: Arcanine|1
|-damage|p1a: Arcanine|69/100
|-damage|p1b: Farigiraf|58/100
|move|p2b: Sylveon|Hyper Voice|p1b: Farigiraf|[spread] p1a,p1b
|-resisted|p1a: Arcanine|1
|-damage|p1a: Arcanine|36/100
|-damage|p1b: Farigiraf|19/100
|-enditem|p1b: Farigiraf|Sitrus Berry|[eat]
|-heal|p1b: Farigiraf|44/100|[from] item: Sitrus Berry
|move|p1b: Farigiraf|Psychic|p2a: Floette
|-damage|p2a: Floette|71/100
|
|upkeep
|turn|2
|
|t:|1786035450
|move|p1b: Farigiraf|Helping Hand|p1a: Arcanine
|-singleturn|p1a: Arcanine|Helping Hand|[of] p1b: Farigiraf
|move|p2a: Floette|Dazzling Gleam|p1a: Arcanine|[spread] p1a,p1b
|-resisted|p1a: Arcanine|1
|-damage|p1a: Arcanine|9/100
|-damage|p1b: Farigiraf|4/100
|move|p1a: Arcanine|Flare Blitz|p2b: Sylveon
|-damage|p2b: Sylveon|0 fnt
|faint|p2b: Sylveon
|
|upkeep
|
|t:|1786035462
|switch|p2b: Palafin|Palafin, L50, F|100/100
|turn|3
|
|t:|1786035469
|move|p1b: Farigiraf|Helping Hand|p1a: Arcanine
|-singleturn|p1a: Arcanine|Helping Hand|[of] p1b: Farigiraf
|move|p1a: Arcanine|Extreme Speed|p2a: Floette
|-damage|p2a: Floette|22/100
|move|p2b: Palafin|Flip Turn|p1a: Arcanine
|-supereffective|p1a: Arcanine|2
|-damage|p1a: Arcanine|0 fnt
|faint|p1a: Arcanine
|
|t:|1786035474
|detailschange|p2b: Palafin|Palafin-Hero, L50, F
|switch|p2b: Pelipper|Pelipper, L50, M|100/100|[from] Flip Turn
|-weather|RainDance|[from] ability: Drizzle|[of] p2b: Pelipper
|move|p2a: Floette|Dazzling Gleam|p1b: Farigiraf
|-damage|p1b: Farigiraf|0 fnt
|faint|p1b: Farigiraf
|
|-weather|RainDance|[upkeep]
|upkeep
|
|t:|1786035485
|switch|p1a: Staraptor|Staraptor, L50, M|100/100
|switch|p1b: Kingambit|Kingambit, L50, M|100/100
|-ability|p1a: Staraptor|Intimidate|boost
|-unboost|p2a: Floette|atk|1
|-unboost|p2b: Pelipper|atk|1
|turn|4
|
|t:|1786035492
|detailschange|p1a: Staraptor|Staraptor-Mega, L50, M
|-mega|p1a: Staraptor|Staraptor|Staraptite
|move|p1a: Staraptor|Close Combat|p2a: Floette
|-resisted|p2a: Floette|1
|-damage|p2a: Floette|0 fnt
|-boost|p1a: Staraptor|def|1
|-boost|p1a: Staraptor|spd|1
|faint|p2a: Floette
|move|p2b: Pelipper|Muddy Water|p1b: Kingambit|[spread] p1b
|-miss|p2b: Pelipper|p1a: Staraptor
|-damage|p1b: Kingambit|67/100
|move|p1b: Kingambit|Swords Dance|p1b: Kingambit
|-boost|p1b: Kingambit|atk|2
|
|-weather|RainDance|[upkeep]
|upkeep
|
|t:|1786035501
|switch|p2a: Palafin|Palafin-Hero, L50, F|100/100
|-activate|p2a: Palafin|ability: Zero to Hero
|turn|5
|
|t:|1786035509
|move|p1b: Kingambit|Sucker Punch|p2a: Palafin
|-damage|p2a: Palafin|0 fnt
|faint|p2a: Palafin
|-damage|p1b: Kingambit|57/100|[from] item: Life Orb
|move|p1a: Staraptor|Close Combat|p2b: Pelipper
|-resisted|p2b: Pelipper|1
|-crit|p2b: Pelipper
|-damage|p2b: Pelipper|64/100
|-boost|p1a: Staraptor|def|1
|-boost|p1a: Staraptor|spd|1
|move|p2b: Pelipper|Muddy Water|p1b: Kingambit|[spread] p1a,p1b
|-damage|p1a: Staraptor|79/100
|-damage|p1b: Kingambit|21/100
|-unboost|p1b: Kingambit|accuracy|1
|-ability|p1b: Kingambit|Defiant|boost
|-boost|p1b: Kingambit|atk|2
|
|-weather|RainDance|[upkeep]
|upkeep
|turn|6
|
|t:|1786035527
|move|p1b: Kingambit|Sucker Punch|p2b: Pelipper
|-damage|p2b: Pelipper|0 fnt
|faint|p2b: Pelipper
|-damage|p1b: Kingambit|12/100|[from] item: Life Orb
|
|win|satandagiii2005
||satandagiii2005 is ready for game 2.
||bcam1 is ready for game 2.
|uhtml|next|Next: Game 2 of 3
|l|☆bcam1
|player|p2|
|n|☆satandagiii2005|satandagiii2005
