|j|‽adrisntgg
|j|☆ThetaB
|html|adrisntggThetaB    
|uhtml|bestof|Game 2 of a best-of-3
|t:|1782586637
|gametype|doubles
|player|p1|adrisntgg|iris|1000
|player|p2|ThetaB|palmer|1144
|gen|9
|tier|[Gen 9 Champions] VGC 2026 Reg M-B (Bo3)
|rated|
|rule|Species Clause: Limit one of each Pokémon
|rule|Item Clause: Limit 1 of each item
|clearpoke
|poke|p1|Metagross, L50|
|poke|p1|Swampert, L50, M|
|poke|p1|Pelipper, L50, M|
|poke|p1|Sableye, L50, M|
|poke|p1|Archaludon, L50, M|
|poke|p1|Sylveon, L50, F|
|poke|p2|Hydreigon, L50, M|
|poke|p2|Garchomp, L50, M|
|poke|p2|Metagross, L50|
|poke|p2|Charizard, L50, F|
|poke|p2|Grimmsnarl, L50, M|
|poke|p2|Toxapex, L50, M|
|teampreview|4
|showteam|p1|Metagross||Metagrossite|ClearBody|HardPress,Trailblaze,PsychicFangs,Protect|Adamant|||||50|]Swampert||Swampertite|Torrent|WaveCrash,Earthquake,IcePunch,FlipTurn|Adamant||M|||50|]Pelipper||FocusSash|Drizzle|Tailwind,WeatherBall,Hurricane,Protect|Modest||M|||50|]Sableye||LightClay|Prankster|LightScreen,WillOWisp,RainDance,Reflect|Calm||M|||50|]Archaludon||Leftovers|Stamina|ElectroShot,DragonPulse,FlashCannon,Protect|Bold||M|||50|]Sylveon||FairyFeather|Pixilate|Detect,QuickAttack,HyperVoice,HyperBeam|Modest||F|||50|
|showteam|p2|Hydreigon||ChoiceScarf|Levitate|HeatWave,DarkPulse,DracoMeteor,Snarl|Modest||M|||50|]Garchomp||SitrusBerry|RoughSkin|Earthquake,RockSlide,DragonClaw,Protect|Adamant||M|||50|]Metagross||Metagrossite|ClearBody|IronHead,HammerArm,BulletPunch,Protect|Adamant|||||50|]Charizard||CharizarditeY|Blaze|Protect,HeatWave,SolarBeam,WeatherBall|Timid||F|||50|]Grimmsnarl||RoseliBerry|Prankster|FakeOut,FoulPlay,Reflect,PartingShot|Sassy||M|||50|]Toxapex||Leftovers|Regenerator|Infestation,Toxic,BanefulBunker,WideGuard|Bold||M|||50|
|
|t:|1782586665
|teamsize|p1|4
|teamsize|p2|4
|start
|switch|p1a: Pelipper|Pelipper, L50, M|100/100
|switch|p1b: Sylveon|Sylveon, L50, F|100/100
|switch|p2a: Grimmsnarl|Grimmsnarl, L50, M|100/100
|switch|p2b: Charizard|Charizard, L50, F|100/100
|-weather|RainDance|[from] ability: Drizzle|[of] p1a: Pelipper
|turn|1
|inactive|Battle timer is ON: inactive players will automatically lose when time's up. (requested by adrisntgg)
|
|t:|1782586684
|switch|p1b: Sableye|Sableye, L50, M|100/100
|detailschange|p2b: Charizard|Charizard-Mega-Y, L50, F
|-mega|p2b: Charizard|Charizard|Charizardite Y
|-weather|SunnyDay|[from] ability: Drought|[of] p2b: Charizard
|move|p2a: Grimmsnarl|Fake Out|p1b: Sableye
|-immune|p1b: Sableye
|move|p2b: Charizard|Heat Wave|p1a: Pelipper|[spread] p1a,p1b
|-resisted|p1a: Pelipper|1
|-damage|p1a: Pelipper|69/100
|-damage|p1b: Sableye|34/100
|move|p1a: Pelipper|Tailwind|p1a: Pelipper
|-sidestart|p1: adrisntgg|move: Tailwind
|
|-weather|SunnyDay|[upkeep]
|upkeep
|turn|2
|
|t:|1782586708
|switch|p1a: Sylveon|Sylveon, L50, F|100/100
|switch|p2b: Toxapex|Toxapex, L50, M|100/100
|move|p1b: Sableye|Rain Dance|p1b: Sableye
|-weather|RainDance
|move|p2a: Grimmsnarl|Parting Shot|p1a: Sylveon
|-unboost|p1a: Sylveon|atk|1
|-unboost|p1a: Sylveon|spa|1
|
|t:|1782586716
|switch|p2a: Charizard|Charizard-Mega-Y, L50, F|100/100|[from] Parting Shot
|-weather|SunnyDay|[from] ability: Drought|[of] p2a: Charizard
|
|-weather|SunnyDay|[upkeep]
|upkeep
|turn|3
|inactive|adrisntgg has 30 seconds left.
|
|t:|1782586745
|switch|p1a: Swampert|Swampert, L50, M|100/100
|move|p1b: Sableye|Light Screen|p1b: Sableye
|-sidestart|p1: adrisntgg|move: Light Screen
|move|p2a: Charizard|Heat Wave|p1a: Swampert|[spread] p1a,p1b
|-resisted|p1a: Swampert|1
|-damage|p1a: Swampert|80/100
|-damage|p1b: Sableye|0 fnt
|faint|p1b: Sableye
|move|p2b: Toxapex|Infestation|p1a: Swampert
|-damage|p1a: Swampert|78/100
|-activate|p1a: Swampert|move: Infestation|[of] p2b: Toxapex
|
|-weather|SunnyDay|[upkeep]
|-damage|p1a: Swampert|66/100|[from] move: Infestation|[partiallytrapped]
|upkeep
|
|t:|1782586760
|switch|p1b: Sylveon|Sylveon, L50, F|100/100
|turn|4
|inactive|ThetaB has 30 seconds left.
|
|t:|1782586788
|detailschange|p1a: Swampert|Swampert-Mega, L50, M
|-mega|p1a: Swampert|Swampert|Swampertite
|move|p2a: Charizard|Protect|p2a: Charizard
|-singleturn|p2a: Charizard|Protect
|move|p1a: Swampert|Wave Crash|p2a: Charizard
|-activate|p2a: Charizard|move: Protect
|move|p1b: Sylveon|Hyper Voice|p2a: Charizard|[spread] p2b
|-activate|p2a: Charizard|move: Protect
|-resisted|p2b: Toxapex|1
|-damage|p2b: Toxapex|83/100
|move|p2b: Toxapex|Toxic|p1a: Swampert
|-status|p1a: Swampert|tox
|
|-weather|SunnyDay|[upkeep]
|-heal|p2b: Toxapex|89/100|[from] item: Leftovers
|-damage|p1a: Swampert|60/100 tox|[from] psn
|-damage|p1a: Swampert|48/100 tox|[from] move: Infestation|[partiallytrapped]
|-sideend|p1: adrisntgg|move: Tailwind
|upkeep
|turn|5
|inactive|ThetaB has 30 seconds left.
|
|t:|1782586813
|switch|p2a: Hydreigon|Hydreigon, L50, M|100/100
|move|p1b: Sylveon|Detect|p1b: Sylveon
|-singleturn|p1b: Sylveon|Protect
|move|p2b: Toxapex|Wide Guard|p2b: Toxapex
|-singleturn|p2b: Toxapex|Wide Guard
|move|p1a: Swampert|Earthquake|p2b: Toxapex|[spread] 
|-activate|p2a: Hydreigon|move: Wide Guard
|-activate|p2b: Toxapex|move: Wide Guard
|-activate|p1b: Sylveon|move: Protect
|
|-weather|SunnyDay|[upkeep]
|-heal|p2b: Toxapex|94/100|[from] item: Leftovers
|-damage|p1a: Swampert|37/100 tox|[from] psn
|-damage|p1a: Swampert|25/100 tox|[from] move: Infestation|[partiallytrapped]
|upkeep
|turn|6
|
|t:|1782586837
|move|p2b: Toxapex|Wide Guard|p2b: Toxapex
|-singleturn|p2b: Toxapex|Wide Guard
|move|p1b: Sylveon|Quick Attack|p2a: Hydreigon
|-supereffective|p2a: Hydreigon|2
|-damage|p2a: Hydreigon|38/100
|move|p2a: Hydreigon|Snarl|p1b: Sylveon|[spread] p1a,p1b
|-resisted|p1b: Sylveon|1
|-damage|p1a: Swampert|10/100 tox
|-damage|p1b: Sylveon|94/100
|-unboost|p1a: Swampert|spa|1
|-unboost|p1b: Sylveon|spa|1
|move|p1a: Swampert|Ice Punch|p2a: Hydreigon
|-supereffective|p2a: Hydreigon|1
|-damage|p2a: Hydreigon|0 fnt
|faint|p2a: Hydreigon
|
|-weather|none
|-heal|p2b: Toxapex|100/100|[from] item: Leftovers
|-damage|p1a: Swampert|0 fnt|[from] psn
|faint|p1a: Swampert
|upkeep
|
|t:|1782586853
|switch|p2a: Grimmsnarl|Grimmsnarl, L50, M|100/100
|switch|p1a: Pelipper|Pelipper, L50, M|69/100
|-weather|RainDance|[from] ability: Drizzle|[of] p1a: Pelipper
|turn|7
|
|t:|1782586865
|move|p2a: Grimmsnarl|Parting Shot|p1a: Pelipper
|-unboost|p1a: Pelipper|atk|1
|-unboost|p1a: Pelipper|spa|1
|
|t:|1782586868
|switch|p2a: Charizard|Charizard-Mega-Y, L50, F|100/100|[from] Parting Shot
|-weather|SunnyDay|[from] ability: Drought|[of] p2a: Charizard
|move|p1a: Pelipper|Tailwind|p1a: Pelipper
|-sidestart|p1: adrisntgg|move: Tailwind
|move|p1b: Sylveon|Hyper Beam|p2a: Charizard
|-resisted|p2a: Charizard|1
|-damage|p2a: Charizard|72/100
|-mustrecharge|p1b: Sylveon
|move|p2b: Toxapex|Toxic|p1b: Sylveon
|-status|p1b: Sylveon|tox
|
|-weather|SunnyDay|[upkeep]
|-damage|p1b: Sylveon|88/100 tox|[from] psn
|upkeep
|turn|8
|-message|adrisntgg forfeited.
|
|win|ThetaB
|l|‽adrisntgg
|player|p1|
||adrisntgg is ready for game 3.
||ThetaB is ready for game 3.
|uhtml|next|Next: Game 3 of 3
