|j|☆Weridvgc
|j|☆Chknadobovgc
|html|WeridvgcChknadobovgc    
|uhtml|bestof|Game 3 of a best-of-3
|t:|1756676448
|gametype|doubles
|player|p1|Weridvgc|kieran|1223
|player|p2|Chknadobovgc|265|1192
|gen|9
|tier|[Gen 9] VGC 2025 Reg H (Bo3)
|rated|
|rule|Species Clause: Limit one of each Pokémon
|rule|Item Clause: Limit 1 of each item
|clearpoke
|poke|p1|Archaludon, L50, F|
|poke|p1|Pelipper, L50, F|
|poke|p1|Sinistcha, L50|
|poke|p1|Ursaluna, L50, F|
|poke|p1|Dragonite, L50, M|
|poke|p1|Gholdengo, L50|
|poke|p2|Indeedee, L50, M|
|poke|p2|Sneasler, L50, F|
|poke|p2|Excadrill, L50, M|
|poke|p2|Annihilape, L50, M|
|poke|p2|Corviknight, L50, F|
|poke|p2|Tyranitar, L50, M|
|teampreview|4
|showteam|p1|Archaludon||AssaultVest|Stamina|FlashCannon,BodyPress,ElectroShot,Snarl|||F|||50|,,,,,Fighting]Pelipper||FocusSash|Drizzle|Hurricane,MuddyWater,Tailwind,WideGuard|||F|||50|,,,,,Ghost]Sinistcha||SitrusBerry|Hospitality|MatchaGotcha,RagePowder,LifeDew,TrickRoom||||||50|,,,,,Dark]Ursaluna||FlameOrb|Guts|Facade,HeadlongRush,Earthquake,Protect|||F|||50|,,,,,Ghost]Dragonite||LoadedDice|Multiscale|Tailwind,Haze,ScaleShot,Protect|||M|||50|,,,,,Fairy]Gholdengo||ChoiceScarf|GoodasGold|MakeItRain,ShadowBall,TeraBlast,Trick||||||50|,,,,,Water
|showteam|p2|Indeedee||ChoiceScarf|PsychicSurge|ExpandingForce,TeraBlast,Trick,Protect|||M|||50|,,,,,Psychic]Sneasler||PsychicSeed|Unburden|CloseCombat,DireClaw,ThroatChop,Protect|||F|||50|,,,,,Dark]Excadrill||FocusSash|SandRush|Earthquake,IronHead,HighHorsepower,Protect|||M|||50|,,,,,Stellar]Annihilape||SafetyGoggles|Defiant|CloseCombat,RageFist,Taunt,FinalGambit|||M|||50|,,,,,Water]Corviknight||Leftovers|MirrorArmor|BraveBird,Tailwind,BulkUp,Roost|||F|||50|,,,,,Dragon]Tyranitar||AssaultVest|SandStream|RockSlide,KnockOff,LowKick,TeraBlast|||M|||50|,,,,,Flying
|inactive|Battle timer is ON: inactive players will automatically lose when time's up. (requested by Weridvgc)
|
|t:|1756676463
|teamsize|p1|4
|teamsize|p2|4
|start
|switch|p1a: Gholdengo|Gholdengo, L50|100/100
|switch|p1b: Archaludon|Archaludon, L50, F|100/100
|switch|p2a: Indeedee|Indeedee, L50, M|100/100
|switch|p2b: Sneasler|Sneasler, L50, F, shiny|100/100
|-fieldstart|move: Psychic Terrain|[from] ability: Psychic Surge|[of] p2a: Indeedee
|-enditem|p2b: Sneasler|Psychic Seed
|-boost|p2b: Sneasler|spd|1|[from] item: Psychic Seed
|turn|1
|inactive|Weridvgc has 30 seconds left.
|inactive|Chknadobovgc has 30 seconds left.
|inactive|Weridvgc has 20 seconds left.
|
|t:|1756676502
|-terastallize|p2a: Indeedee|Psychic
|move|p2b: Sneasler|Close Combat|p1b: Archaludon
|-supereffective|p1b: Archaludon
|-damage|p1b: Archaludon|21/100
|-unboost|p2b: Sneasler|def|1
|-unboost|p2b: Sneasler|spd|1
|-ability|p1b: Archaludon|Stamina|boost
|-boost|p1b: Archaludon|def|1
|move|p2a: Indeedee|Expanding Force|p1b: Archaludon|[spread] p1a,p1b
|-resisted|p1a: Gholdengo
|-resisted|p1b: Archaludon
|-damage|p1a: Gholdengo|52/100
|-damage|p1b: Archaludon|0 fnt
|faint|p1b: Archaludon
|move|p1a: Gholdengo|Make It Rain|p2b: Sneasler|[spread] p2a,p2b
|-damage|p2a: Indeedee|24/100
|-damage|p2b: Sneasler|29/100
|-unboost|p1a: Gholdengo|spa|1
|
|upkeep
|inactive|Weridvgc has 30 seconds left.
|
|t:|1756676531
|switch|p1b: Sinistcha|Sinistcha, L50|100/100
|-heal|p1a: Gholdengo|77/100|[from] ability: Hospitality|[of] p1b: Sinistcha
|turn|2
|
|t:|1756676552
|move|p2b: Sneasler|Protect|p2b: Sneasler
|-singleturn|p2b: Sneasler|Protect
|move|p1b: Sinistcha|Rage Powder|p1b: Sinistcha
|-singleturn|p1b: Sinistcha|move: Rage Powder
|move|p2a: Indeedee|Expanding Force|p1b: Sinistcha|[spread] p1a,p1b
|-resisted|p1a: Gholdengo
|-damage|p1a: Gholdengo|33/100
|-damage|p1b: Sinistcha|23/100
|-enditem|p1b: Sinistcha|Sitrus Berry|[eat]
|-heal|p1b: Sinistcha|48/100|[from] item: Sitrus Berry
|move|p1a: Gholdengo|Make It Rain|p2a: Indeedee|[spread] p2a
|-activate|p2b: Sneasler|move: Protect
|-damage|p2a: Indeedee|0 fnt
|-unboost|p1a: Gholdengo|spa|1
|faint|p2a: Indeedee
|
|upkeep
|
|t:|1756676565
|switch|p2a: Excadrill|Excadrill, L50, M|100/100
|turn|3
|
|t:|1756676576
|switch|p1a: Pelipper|Pelipper, L50, F|100/100
|-weather|RainDance|[from] ability: Drizzle|[of] p1a: Pelipper
|move|p2a: Excadrill|Protect|p2a: Excadrill
|-singleturn|p2a: Excadrill|Protect
|move|p2b: Sneasler|Throat Chop|p1a: Pelipper
|-damage|p1a: Pelipper|61/100
|-start|p1a: Pelipper|Throat Chop|[silent]
|move|p1b: Sinistcha|Matcha Gotcha|p2a: Excadrill|[spread] p2b
|-activate|p2a: Excadrill|move: Protect
|-resisted|p2b: Sneasler
|-damage|p2b: Sneasler|11/100
|-heal|p1b: Sinistcha|56/100|[from] drain|[of] p2b: Sneasler
|-status|p2b: Sneasler|brn
|
|-weather|RainDance|[upkeep]
|-damage|p2b: Sneasler|6/100 brn|[from] brn
|upkeep
|turn|4
|inactive|Chknadobovgc has 30 seconds left.
|
|t:|1756676609
|move|p1b: Sinistcha|Rage Powder|p1b: Sinistcha
|-singleturn|p1b: Sinistcha|move: Rage Powder
|move|p2b: Sneasler|Dire Claw|p1b: Sinistcha
|-damage|p1b: Sinistcha|36/100
|-status|p1b: Sinistcha|psn
|move|p2a: Excadrill|Iron Head|p1b: Sinistcha
|-damage|p1b: Sinistcha|0 fnt
|faint|p1b: Sinistcha
|move|p1a: Pelipper|Tailwind|p1a: Pelipper
|-sidestart|p1: Weridvgc|move: Tailwind
|
|-weather|RainDance|[upkeep]
|-damage|p2b: Sneasler|0 fnt|[from] brn
|faint|p2b: Sneasler
|-end|p1a: Pelipper|Throat Chop|[silent]
|upkeep
|
|t:|1756676618
|switch|p2b: Tyranitar|Tyranitar, L50, M, shiny|100/100
|switch|p1b: Gholdengo|Gholdengo, L50|33/100
|-weather|Sandstorm|[from] ability: Sand Stream|[of] p2b: Tyranitar
|turn|5
|
|t:|1756676634
|-terastallize|p1b: Gholdengo|Water
|move|p1b: Gholdengo|Tera Blast|p2b: Tyranitar|[anim] Tera Blast Water
|-supereffective|p2b: Tyranitar
|-damage|p2b: Tyranitar|66/100
|move|p2a: Excadrill|High Horsepower|p1b: Gholdengo|[miss]
|-miss|p2a: Excadrill|p1b: Gholdengo
|move|p1a: Pelipper|Muddy Water|p2a: Excadrill|[spread] p2a,p2b
|-supereffective|p2a: Excadrill
|-supereffective|p2b: Tyranitar
|-damage|p2a: Excadrill|9/100
|-damage|p2b: Tyranitar|38/100
|-unboost|p2b: Tyranitar|accuracy|1
|move|p2b: Tyranitar|Knock Off|p1a: Pelipper
|-damage|p1a: Pelipper|0 fnt
|-enditem|p1a: Pelipper|Focus Sash|[from] move: Knock Off|[of] p2b: Tyranitar
|faint|p1a: Pelipper
|
|-weather|Sandstorm|[upkeep]
|-damage|p1b: Gholdengo|26/100|[from] Sandstorm
|-fieldend|move: Psychic Terrain
|upkeep
|turn|6
|
|t:|1756676650
|move|p1b: Gholdengo|Tera Blast|p2a: Excadrill|[anim] Tera Blast Water
|-supereffective|p2a: Excadrill
|-damage|p2a: Excadrill|0 fnt
|faint|p2a: Excadrill
|move|p2b: Tyranitar|Knock Off|p1b: Gholdengo
|-damage|p1b: Gholdengo|0 fnt
|-enditem|p1b: Gholdengo|Choice Scarf|[from] move: Knock Off|[of] p2b: Tyranitar
|faint|p1b: Gholdengo
|
|win|Chknadobovgc
|raw|Weridvgc's rating: 1223 → 1196(-27 for losing)
|raw|Chknadobovgc's rating: 1192 → 1219(+27 for winning)
|l|☆Weridvgc
|player|p1|
|l|☆Chknadobovgc
|player|p2|
|j|☆Chknadobovgc
|player|p2|Chknadobovgc|265|
