|j|☆PaquitoelBollito
|j|☆SylvieVGC
|html|PaquitoelBollitoSylvieVGC    
|uhtml|bestof|Game 3 of a best-of-3
|t:|1783807576
|gametype|doubles
|player|p1|PaquitoelBollito|102|1066
|player|p2|SylvieVGC|jacinthe|1000
|gen|9
|tier|[Gen 9 Champions] VGC 2026 Reg M-B (Bo3)
|rated|
|rule|Species Clause: Limit one of each Pokémon
|rule|Item Clause: Limit 1 of each item
|clearpoke
|poke|p1|Aerodactyl, L50, F|
|poke|p1|Kingambit, L50, F|
|poke|p1|Garchomp, L50, F|
|poke|p1|Farigiraf, L50, F|
|poke|p1|Charizard, L50, F|
|poke|p1|Sylveon, L50, M|
|poke|p2|Staraptor, L50, M|
|poke|p2|Houndstone, L50, M|
|poke|p2|Tyranitar, L50, M|
|poke|p2|Rotom-Wash, L50|
|poke|p2|Excadrill, L50, M|
|poke|p2|Venusaur, L50, F|
|teampreview|4
|showteam|p1|Aerodactyl||Aerodactylite|Unnerve|Tailwind,DualWingbeat,IceFang,RockSlide|Jolly||F|||50|]Kingambit||BlackGlasses|Defiant|SuckerPunch,KowtowCleave,Protect,LowKick|Adamant||F|||50|]Garchomp||LifeOrb|RoughSkin|Protect,DragonClaw,Earthquake,StompingTantrum|Jolly||F|||50|]Farigiraf||SitrusBerry|ArmorTail|PsychicFangs,Thunderbolt,TrickRoom,SunnyDay|Relaxed||F|||50|]Charizard||CharizarditeY|Blaze|Protect,HeatWave,WeatherBall,SolarBeam|Modest||F|||50|]Sylveon||FairyFeather|Pixilate|HyperVoice,Protect,QuickAttack,HyperBeam|Modest||M|||50|
|showteam|p2|Staraptor||Staraptite|Intimidate|BraveBird,CloseCombat,Tailwind,Protect|Jolly||M|||50|]Houndstone||SitrusBerry|SandRush|LastRespects,WillOWisp,AllySwitch,Protect|Adamant||M|||50|]Tyranitar||ChoiceScarf|SandStream|RockSlide,KnockOff,IcePunch,LowKick|Jolly||M|||50|]Rotom-Wash||Magnet|Levitate|HydroPump,Thunderbolt,VoltSwitch,Protect|Modest|||||50|]Excadrill||FocusSash|SandRush|Earthquake,IronHead,RockSlide,Protect|Adamant||M|||50|]Venusaur||Venusaurite|Chlorophyll|SludgeBomb,EarthPower,SleepPowder,Protect|Modest||F|||50|
|inactive|Battle timer is ON: inactive players will automatically lose when time's up. (requested by PaquitoelBollito)
|inactive|PaquitoelBollito has 60 seconds left.
|inactive|SylvieVGC has 60 seconds left.
|
|t:|1783807612
|teamsize|p1|4
|teamsize|p2|4
|start
|switch|p1a: Charizard|Charizard, L50, F|100/100
|switch|p1b: Farigiraf|Farigiraf, L50, F|100/100
|switch|p2a: Venusaur|Venusaur, L50, F|100/100
|switch|p2b: Rotom|Rotom-Wash, L50|100/100
|turn|1
|inactive|PaquitoelBollito has 30 seconds left.
|
|t:|1783807640
|switch|p1a: Garchomp|Garchomp, L50, F|100/100
|detailschange|p2a: Venusaur|Venusaur-Mega, L50, F
|-mega|p2a: Venusaur|Venusaur|Venusaurite
|move|p2a: Venusaur|Sleep Powder|p1b: Farigiraf
|-status|p1b: Farigiraf|slp|[from] move: Sleep Powder
|move|p2b: Rotom|Thunderbolt|p1a: Garchomp
|-immune|p1a: Garchomp
|cant|p1b: Farigiraf|slp
|
|upkeep
|turn|2
|
|t:|1783807653
|switch|p1b: Charizard|Charizard, L50, F|100/100
|move|p1a: Garchomp|Earthquake|p2a: Venusaur|[spread] p2a
|-immune|p1b: Charizard
|-immune|p2b: Rotom|[from] ability: Levitate
|-damage|p2a: Venusaur|61/100
|-damage|p1a: Garchomp|90/100|[from] item: Life Orb
|move|p2a: Venusaur|Earth Power|p1b: Charizard
|-immune|p1b: Charizard
|move|p2b: Rotom|Volt Switch|p1b: Charizard
|-supereffective|p1b: Charizard|1
|-damage|p1b: Charizard|13/100
|
|t:|1783807657
|switch|p2b: Tyranitar|Tyranitar, L50, M|100/100|[from] Volt Switch
|-weather|Sandstorm|[from] ability: Sand Stream|[of] p2b: Tyranitar
|
|-weather|Sandstorm|[upkeep]
|-damage|p1b: Charizard|7/100|[from] Sandstorm
|-damage|p2a: Venusaur|55/100|[from] Sandstorm
|upkeep
|turn|3
|
|t:|1783807672
|detailschange|p1b: Charizard|Charizard-Mega-Y, L50, F
|-mega|p1b: Charizard|Charizard|Charizardite Y
|-weather|SunnyDay|[from] ability: Drought|[of] p1b: Charizard
|move|p1b: Charizard|Protect|p1b: Charizard
|-singleturn|p1b: Charizard|Protect
|move|p2b: Tyranitar|Rock Slide|p1a: Garchomp|[spread] p1a
|-activate|p1b: Charizard|move: Protect
|-resisted|p1a: Garchomp|1
|-damage|p1a: Garchomp|77/100
|move|p1a: Garchomp|Earthquake|p2a: Venusaur|[spread] p2a,p2b
|-activate|p1b: Charizard|move: Protect
|-supereffective|p2b: Tyranitar|1
|-damage|p2a: Venusaur|15/100
|-damage|p2b: Tyranitar|15/100
|-damage|p1a: Garchomp|67/100|[from] item: Life Orb
|move|p2a: Venusaur|Earth Power|p1a: Garchomp
|-damage|p1a: Garchomp|34/100
|
|-weather|SunnyDay|[upkeep]
|upkeep
|turn|4
|
|t:|1783807693
|switch|p2b: Rotom|Rotom-Wash, L50|100/100
|switch|p1b: Farigiraf|Farigiraf, L50, F|100/100 slp
|move|p1a: Garchomp|Protect|p1a: Garchomp
|-singleturn|p1a: Garchomp|Protect
|move|p2a: Venusaur|Earth Power|p1a: Garchomp
|-activate|p1a: Garchomp|move: Protect
|
|-weather|SunnyDay|[upkeep]
|upkeep
|turn|5
|inactive|PaquitoelBollito has 30 seconds left.
|
|t:|1783807719
|move|p1a: Garchomp|Earthquake|p2b: Rotom|[spread] p1b,p2a
|-immune|p2b: Rotom|[from] ability: Levitate
|-damage|p1b: Farigiraf|59/100 slp
|-damage|p2a: Venusaur|0 fnt
|faint|p2a: Venusaur
|-damage|p1a: Garchomp|24/100|[from] item: Life Orb
|move|p2b: Rotom|Thunderbolt|p1b: Farigiraf
|-damage|p1b: Farigiraf|15/100 slp
|-enditem|p1b: Farigiraf|Sitrus Berry|[eat]
|-heal|p1b: Farigiraf|40/100 slp|[from] item: Sitrus Berry
|cant|p1b: Farigiraf|slp
|
|-weather|SunnyDay|[upkeep]
|upkeep
|
|t:|1783807728
|switch|p2a: Tyranitar|Tyranitar, L50, M|15/100
|-weather|Sandstorm|[from] ability: Sand Stream|[of] p2a: Tyranitar
|turn|6
|
|t:|1783807756
|move|p2a: Tyranitar|Knock Off|p1a: Garchomp
|-damage|p1a: Garchomp|0 fnt
|-damage|p2a: Tyranitar|3/100|[from] ability: Rough Skin|[of] p1a: Garchomp
|-enditem|p1a: Garchomp|Life Orb|[from] move: Knock Off|[of] p2a: Tyranitar
|faint|p1a: Garchomp
|move|p2b: Rotom|Thunderbolt|p1b: Farigiraf
|-damage|p1b: Farigiraf|0 fnt
|faint|p1b: Farigiraf
|
|-weather|Sandstorm|[upkeep]
|-damage|p2b: Rotom|94/100|[from] Sandstorm
|upkeep
|
|t:|1783807763
|switch|p1a: Charizard|Charizard-Mega-Y, L50, F|7/100
|switch|p1b: Sylveon|Sylveon, L50, M|100/100
|-weather|SunnyDay|[from] ability: Drought|[of] p1a: Charizard
|turn|7
|
|t:|1783807779
|move|p2b: Rotom|Protect|p2b: Rotom
|-singleturn|p2b: Rotom|Protect
|move|p1b: Sylveon|Quick Attack|p2a: Tyranitar
|-supereffective|p2a: Tyranitar|1
|-damage|p2a: Tyranitar|0 fnt
|faint|p2a: Tyranitar
|move|p1a: Charizard|Solar Beam||[still]
|-prepare|p1a: Charizard|Solar Beam
|-anim|p1a: Charizard|Solar Beam|p2b: Rotom
|-activate|p2b: Rotom|move: Protect
|
|-weather|SunnyDay|[upkeep]
|upkeep
|
|t:|1783807781
|switch|p2a: Excadrill|Excadrill, L50, M|100/100
|turn|8
|inactive|PaquitoelBollito has 30 seconds left.
|inactive|PaquitoelBollito has 20 seconds left.
|inactive|PaquitoelBollito has 15 seconds left.
|
|t:|1783807825
|move|p2a: Excadrill|Iron Head|p1a: Charizard
|-resisted|p1a: Charizard|1
|-crit|p1a: Charizard
|-damage|p1a: Charizard|0 fnt
|faint|p1a: Charizard
|move|p2b: Rotom|Thunderbolt|p1b: Sylveon
|-damage|p1b: Sylveon|59/100
|move|p1b: Sylveon|Hyper Voice|p2b: Rotom|[spread] p2a,p2b
|-resisted|p2a: Excadrill|1
|-damage|p2a: Excadrill|66/100
|-damage|p2b: Rotom|45/100
|
|-weather|SunnyDay|[upkeep]
|upkeep
|turn|9
|
|t:|1783807845
|move|p2a: Excadrill|Iron Head|p1b: Sylveon
|-supereffective|p1b: Sylveon|1
|-damage|p1b: Sylveon|0 fnt
|faint|p1b: Sylveon
|
|win|SylvieVGC
|raw|PaquitoelBollito's rating: 1066 → 1042(-24 for losing)
|raw|SylvieVGC's rating: 1000 → 1048(+48 for winning)
