|j|☆Jiaco5
|j|☆alexander1111
|html|Jiaco5alexander1111    
|uhtml|bestof|Game 2 of a best-of-3
|t:|1784259815
|gametype|doubles
|player|p1|Jiaco5|1|1236
|player|p2|alexander1111|preschooler|1392
|gen|9
|tier|[Gen 9 Champions] VGC 2026 Reg M-B (Bo3)
|rated|
|rule|Species Clause: Limit one of each Pokémon
|rule|Item Clause: Limit 1 of each item
|clearpoke
|poke|p1|Blastoise, L50, M|
|poke|p1|Sinistcha, L50|
|poke|p1|Delphox, L50, F|
|poke|p1|Sneasler, L50, M|
|poke|p1|Incineroar, L50, M|
|poke|p1|Kingambit, L50, F|
|poke|p2|Milotic, L50, F|
|poke|p2|Maushold-Four, L50|
|poke|p2|Charizard, L50, F, shiny|
|poke|p2|Whimsicott, L50, F, shiny|
|poke|p2|Kingambit, L50, F|
|poke|p2|Garchomp, L50, F|
|teampreview|4
|showteam|p1|Blastoise||Blastoisinite|RainDish|WaterSpout,DarkPulse,ShellSmash,Protect|Modest||M|||50|]Sinistcha||OccaBerry|Hospitality|MatchaGotcha,TrickRoom,RagePowder,Protect|Relaxed|||||50|]Delphox||Delphoxite|Blaze|HeatWave,Psychic,NastyPlot,Protect|Timid||F|||50|]Sneasler||FocusSash|PoisonTouch|CloseCombat,PoisonJab,FakeOut,QuickGuard|Jolly||M|||50|]Incineroar||SitrusBerry|Intimidate|FlareBlitz,FakeOut,Taunt,PartingShot|Impish||M|||50|]Kingambit||LifeOrb|Defiant|KowtowCleave,SuckerPunch,SwordsDance,Protect|Adamant||F|||50|
|showteam|p2|Milotic||SitrusBerry|Competitive|Scald,IceBeam,HelpingHand,Protect|Modest||F|||50|]Maushold-Four||WideLens|Technician|PopulationBomb,FollowMe,Protect,SunnyDay|Jolly|||||50|]Charizard||CharizarditeY|Blaze|SolarBeam,HeatWave,WeatherBall,Protect|Timid||F|||50|]Whimsicott||FocusSash|Prankster|Tailwind,Moonblast,Protect,Encore|Timid||F|||50|]Kingambit||ChopleBerry|Defiant|KowtowCleave,SuckerPunch,IronHead,LowKick|Adamant||F|||50|]Garchomp||LifeOrb|RoughSkin|RockSlide,Earthquake,DragonClaw,Protect|Jolly||F|||50|
|
|t:|1784259854
|teamsize|p1|4
|teamsize|p2|4
|start
|switch|p1a: Sneasler|Sneasler, L50, M|100/100
|switch|p1b: Incineroar|Incineroar, L50, M|100/100
|switch|p2a: Milotic|Milotic, L50, F|100/100
|switch|p2b: Garchomp|Garchomp, L50, F|100/100
|-ability|p1b: Incineroar|Intimidate|boost
|-unboost|p2a: Milotic|atk|1
|-ability|p2a: Milotic|Competitive|boost
|-boost|p2a: Milotic|spa|2
|-unboost|p2b: Garchomp|atk|1
|turn|1
|
|t:|1784259880
|move|p2a: Milotic|Protect|p2a: Milotic
|-singleturn|p2a: Milotic|Protect
|move|p1b: Incineroar|Fake Out|p2b: Garchomp
|-damage|p2b: Garchomp|89/100
|-damage|p1b: Incineroar|87/100|[from] ability: Rough Skin|[of] p2b: Garchomp
|move|p1a: Sneasler|Poison Jab|p2a: Milotic
|-activate|p2a: Milotic|move: Protect
|cant|p2b: Garchomp|flinch
|
|upkeep
|turn|2
|
|t:|1784259902
|move|p1a: Sneasler|Poison Jab|p2a: Milotic
|-damage|p2a: Milotic|63/100
|-status|p2a: Milotic|psn|[from] ability: Poison Touch|[of] p1a: Sneasler
|move|p2b: Garchomp|Rock Slide|p1a: Sneasler|[spread] p1a,p1b
|-resisted|p1a: Sneasler|1
|-supereffective|p1b: Incineroar|1
|-damage|p1a: Sneasler|88/100
|-damage|p1b: Incineroar|64/100
|-damage|p2b: Garchomp|79/100|[from] item: Life Orb
|move|p2a: Milotic|Scald|p1b: Incineroar
|-supereffective|p1b: Incineroar|1
|-damage|p1b: Incineroar|0 fnt
|faint|p1b: Incineroar
|
|-damage|p2a: Milotic|51/100 psn|[from] psn
|upkeep
|
|t:|1784259921
|switch|p1b: Sinistcha|Sinistcha, L50|100/100
|-heal|p1a: Sneasler|100/100|[from] ability: Hospitality|[of] p1b: Sinistcha
|turn|3
|
|t:|1784259944
|move|p2a: Milotic|Protect|p2a: Milotic
|-singleturn|p2a: Milotic|Protect
|move|p1a: Sneasler|Close Combat|p2b: Garchomp
|-damage|p2b: Garchomp|15/100
|-unboost|p1a: Sneasler|def|1
|-unboost|p1a: Sneasler|spd|1
|-damage|p1a: Sneasler|87/100|[from] ability: Rough Skin|[of] p2b: Garchomp
|move|p2b: Garchomp|Earthquake|p1b: Sinistcha|[spread] p1a,p1b
|-activate|p2a: Milotic|move: Protect
|-supereffective|p1a: Sneasler|1
|-resisted|p1b: Sinistcha|1
|-damage|p1a: Sneasler|0 fnt
|-damage|p1b: Sinistcha|87/100
|faint|p1a: Sneasler
|-damage|p2b: Garchomp|5/100|[from] item: Life Orb
|move|p1b: Sinistcha|Matcha Gotcha|p2a: Milotic|[spread] p2b
|-activate|p2a: Milotic|move: Protect
|-damage|p2b: Garchomp|0 fnt
|-heal|p1b: Sinistcha|89/100|[from] drain|[of] p2b: Garchomp
|faint|p2b: Garchomp
|
|-damage|p2a: Milotic|39/100 psn|[from] psn
|upkeep
|-enditem|p2a: Milotic|Sitrus Berry|[eat]
|-heal|p2a: Milotic|63/100 psn|[from] item: Sitrus Berry
|
|t:|1784259964
|switch|p1a: Delphox|Delphox, L50, F|100/100
|switch|p2b: Whimsicott|Whimsicott, L50, F, shiny|100/100
|turn|4
|
|t:|1784259985
|detailschange|p1a: Delphox|Delphox-Mega, L50, F
|-mega|p1a: Delphox|Delphox|Delphoxite
|move|p2b: Whimsicott|Tailwind|p2b: Whimsicott
|-sidestart|p2: alexander1111|move: Tailwind
|move|p2a: Milotic|Ice Beam|p1b: Sinistcha
|-supereffective|p1b: Sinistcha|1
|-damage|p1b: Sinistcha|0 fnt
|faint|p1b: Sinistcha
|move|p1a: Delphox|Heat Wave|p2a: Milotic|[spread] p2a,p2b
|-resisted|p2a: Milotic|1
|-supereffective|p2b: Whimsicott|1
|-damage|p2a: Milotic|48/100 psn
|-enditem|p2b: Whimsicott|Focus Sash
|-damage|p2b: Whimsicott|1/100
|
|-damage|p2a: Milotic|36/100 psn|[from] psn
|upkeep
|turn|5
|
|t:|1784260000
|move|p2b: Whimsicott|Protect|p2b: Whimsicott
|-singleturn|p2b: Whimsicott|Protect
|move|p2a: Milotic|Scald|p1a: Delphox
|-supereffective|p1a: Delphox|1
|-damage|p1a: Delphox|0 fnt
|faint|p1a: Delphox
|
|win|alexander1111
||alexander1111 is ready for game 3.
||Jiaco5 is ready for game 3.
|uhtml|next|Next: Game 3 of 3
