|j|☆theycallmephones
|j|☆meattbone
|html|theycallmephonesmeattbone    
|uhtml|bestof|Game 2 of a best-of-3
|t:|1757810396
|gametype|doubles
|player|p1|theycallmephones|sabrina|
|player|p2|meattbone|dancer|
|gen|9
|tier|[Gen 9] VGC 2025 Reg H (Bo3)
|rule|Species Clause: Limit one of each Pokémon
|rule|Item Clause: Limit 1 of each item
|clearpoke
|poke|p1|Archaludon, L50, F|
|poke|p1|Pelipper, L50, M|
|poke|p1|Basculegion, L50, M|
|poke|p1|Gholdengo, L50|
|poke|p1|Ursaluna, L50, F|
|poke|p1|Amoonguss, L50, M|
|poke|p2|Dragonite, L50, M|
|poke|p2|Ursaluna-Bloodmoon, L50, M|
|poke|p2|Gholdengo, L50|
|poke|p2|Ninetales-Alola, L50, F|
|poke|p2|Annihilape, L50, M|
|poke|p2|Rillaboom, L50, F|
|teampreview|4
|showteam|p1|Archaludon||AssaultVest|Stamina|ElectroShot,FlashCannon,DracoMeteor,BodyPress|||F|||50|,,,,,Bug]Pelipper||FocusSash|Drizzle|WeatherBall,Tailwind,Hurricane,Protect|||M|||50|,,,,,Ground]Basculegion||ChoiceBand|SwiftSwim|WaveCrash,AquaJet,LastRespects,FlipTurn|||M|||50|,,,,,Water]Gholdengo||LifeOrb|GoodasGold|MakeItRain,ShadowBall,NastyPlot,Protect||||||50|,,,,,Water]Ursaluna||FlameOrb|Guts|Facade,HeadlongRush,Earthquake,Protect|||F|||50|,,,,,Ghost]Amoonguss||SitrusBerry|Regenerator|Spore,RagePowder,PollenPuff,Protect|||M|||50|,,,,,Psychic
|showteam|p2|Dragonite||LoadedDice|Multiscale|ScaleShot,ExtremeSpeed,Tailwind,Protect|||M|||50|,,,,,Normal]Ursaluna-Bloodmoon||AssaultVest|MindsEye|BloodMoon,EarthPower,VacuumWave,HyperVoice|||M|||50|,,,,,Water]Gholdengo||LifeOrb|GoodasGold|MakeItRain,ShadowBall,NastyPlot,Protect||||||50|,,,,,Water]Ninetales-Alola||FocusSash|SnowWarning|Blizzard,IcyWind,AuroraVeil,IcicleSpear|||F|||50|,,,,,Ghost]Annihilape||SafetyGoggles|Defiant|DrainPunch,RageFist,BulkUp,Protect|||M|||50|,,,,,Fire]Rillaboom||MiracleSeed|GrassySurge|GrassyGlide,WoodHammer,FakeOut,Protect|||F|||50|,,,,,Fire
|
|t:|1757810448
|teamsize|p1|4
|teamsize|p2|4
|start
|switch|p1a: Ursaluna|Ursaluna, L50, F, shiny|100/100
|switch|p1b: Archaludon|Archaludon, L50, F, shiny|100/100
|switch|p2a: Dragonite|Dragonite, L50, M|100/100
|switch|p2b: Ursaluna|Ursaluna-Bloodmoon, L50, M|100/100
|turn|1
|
|t:|1757810479
|-terastallize|p1b: Archaludon|Bug
|move|p1a: Ursaluna|Protect|p1a: Ursaluna
|-singleturn|p1a: Ursaluna|Protect
|move|p2a: Dragonite|Tailwind|p2a: Dragonite
|-sidestart|p2: meattbone|move: Tailwind
|move|p2b: Ursaluna|Earth Power|p1b: Archaludon
|-resisted|p1b: Archaludon
|-damage|p1b: Archaludon|81/100
|-ability|p1b: Archaludon|Stamina|boost
|-boost|p1b: Archaludon|def|1
|move|p1b: Archaludon|Body Press|p2b: Ursaluna
|-supereffective|p2b: Ursaluna
|-damage|p2b: Ursaluna|50/100
|
|-status|p1a: Ursaluna|brn|[from] item: Flame Orb
|upkeep
|turn|2
|
|t:|1757810527
|switch|p2b: Gholdengo|Gholdengo, L50|100/100
|switch|p1b: Pelipper|Pelipper, L50, M|100/100
|-weather|RainDance|[from] ability: Drizzle|[of] p1b: Pelipper
|move|p2a: Dragonite|Scale Shot|p1b: Pelipper
|-damage|p1b: Pelipper|82/100
|-damage|p1b: Pelipper|62/100
|-crit|p1b: Pelipper
|-damage|p1b: Pelipper|31/100
|-damage|p1b: Pelipper|12/100
|-damage|p1b: Pelipper|0 fnt
|faint|p1b: Pelipper
|-hitcount|p1: Pelipper|5
|-unboost|p2a: Dragonite|def|1
|-boost|p2a: Dragonite|spe|1
|move|p1a: Ursaluna|Earthquake|p2a: Dragonite|[spread] p2b
|-immune|p2a: Dragonite
|-supereffective|p2b: Gholdengo
|-damage|p2b: Gholdengo|0 fnt
|faint|p2b: Gholdengo
|
|-weather|RainDance|[upkeep]
|-damage|p1a: Ursaluna|95/100 brn|[from] brn
|upkeep
|
|t:|1757810556
|switch|p2b: Ninetales|Ninetales-Alola, L50, F, shiny|100/100
|switch|p1b: Gholdengo|Gholdengo, L50, shiny|100/100
|-weather|Snowscape|[from] ability: Snow Warning|[of] p2b: Ninetales
|turn|3
|
|t:|1757810577
|move|p2a: Dragonite|Scale Shot|p1b: Gholdengo|[miss]
|-miss|p2a: Dragonite|p1b: Gholdengo
|move|p2b: Ninetales|Blizzard|p1a: Ursaluna|[spread] p1a,p1b
|-supereffective|p1a: Ursaluna
|-resisted|p1b: Gholdengo
|-damage|p1a: Ursaluna|47/100 brn
|-damage|p1b: Gholdengo|86/100
|move|p1b: Gholdengo|Make It Rain|p2a: Dragonite|[spread] p2a,p2b
|-supereffective|p2b: Ninetales
|-damage|p2a: Dragonite|70/100
|-enditem|p2b: Ninetales|Focus Sash
|-damage|p2b: Ninetales|1/100
|-unboost|p1b: Gholdengo|spa|1
|-damage|p1b: Gholdengo|77/100|[from] item: Life Orb
|move|p1a: Ursaluna|Facade|p2a: Dragonite
|-damage|p2a: Dragonite|0 fnt
|faint|p2a: Dragonite
|
|-weather|Snowscape|[upkeep]
|-damage|p1a: Ursaluna|41/100 brn|[from] brn
|upkeep
|
|t:|1757810595
|switch|p2a: Ursaluna|Ursaluna-Bloodmoon, L50, M|50/100
|turn|4
|
|t:|1757810631
|move|p1b: Gholdengo|Protect|p1b: Gholdengo
|-singleturn|p1b: Gholdengo|Protect
|move|p2b: Ninetales|Blizzard|p1a: Ursaluna|[spread] p1a
|-activate|p1b: Gholdengo|move: Protect
|-supereffective|p1a: Ursaluna
|-damage|p1a: Ursaluna|0 fnt
|faint|p1a: Ursaluna
|move|p2a: Ursaluna|Blood Moon|p1b: Gholdengo
|-activate|p1b: Gholdengo|move: Protect
|
|-weather|Snowscape|[upkeep]
|-sideend|p2: meattbone|move: Tailwind
|upkeep
|
|t:|1757810643
|switch|p1a: Archaludon|Archaludon, L50, F, shiny, tera:Bug|81/100
|turn|5
|
|t:|1757810661
|-terastallize|p2a: Ursaluna|Water
|move|p2b: Ninetales|Icy Wind|p1a: Archaludon|[spread] p1a,p1b
|-resisted|p1b: Gholdengo
|-damage|p1a: Archaludon|72/100
|-damage|p1b: Gholdengo|70/100
|-unboost|p1a: Archaludon|spe|1
|-unboost|p1b: Gholdengo|spe|1
|-ability|p1a: Archaludon|Stamina|boost
|-boost|p1a: Archaludon|def|1
|move|p1b: Gholdengo|Make It Rain|p2b: Ninetales|[spread] p2a,p2b
|-resisted|p2a: Ursaluna
|-supereffective|p2b: Ninetales
|-damage|p2a: Ursaluna|34/100
|-damage|p2b: Ninetales|0 fnt
|-unboost|p1b: Gholdengo|spa|1
|faint|p2b: Ninetales
|-damage|p1b: Gholdengo|60/100|[from] item: Life Orb
|move|p1a: Archaludon|Body Press|p2a: Ursaluna
|-damage|p2a: Ursaluna|8/100
|move|p2a: Ursaluna|Hyper Voice|p1b: Gholdengo|[spread] p1a,p1b
|-resisted|p1b: Gholdengo
|-damage|p1a: Archaludon|41/100
|-damage|p1b: Gholdengo|37/100
|-ability|p1a: Archaludon|Stamina|boost
|-boost|p1a: Archaludon|def|1
|
|-weather|Snowscape|[upkeep]
|upkeep
|turn|6
|
|t:|1757810692
|move|p1b: Gholdengo|Make It Rain|p2a: Ursaluna
|-resisted|p2a: Ursaluna
|-damage|p2a: Ursaluna|0 fnt
|-unboost|p1b: Gholdengo|spa|1
|faint|p2a: Ursaluna
|-damage|p1b: Gholdengo|28/100|[from] item: Life Orb
|
|win|theycallmephones
||theycallmephones is ready for game 3.
