|j|☆floettefan670
|j|☆CaldoDePatas
|html|floettefan670CaldoDePatas    
|uhtml|bestof|Game 2 of a best-of-3
|t:|1783870523
|gametype|doubles
|player|p1|floettefan670|miku-psychic|1135
|player|p2|CaldoDePatas|sage|1128
|gen|9
|tier|[Gen 9 Champions] VGC 2026 Reg M-B (Bo3)
|rated|
|rule|Species Clause: Limit one of each Pokémon
|rule|Item Clause: Limit 1 of each item
|clearpoke
|poke|p1|Floette-Eternal, L50, F|
|poke|p1|Delphox, L50, M|
|poke|p1|Garchomp, L50, M|
|poke|p1|Sneasler, L50, F|
|poke|p1|Sinistcha, L50|
|poke|p1|Incineroar, L50, F|
|poke|p2|Torkoal, L50, M|
|poke|p2|Sylveon, L50, F|
|poke|p2|Farigiraf, L50, M|
|poke|p2|Mawile, L50, F|
|poke|p2|Kangaskhan, L50, F|
|poke|p2|Incineroar, L50, M|
|teampreview|4
|showteam|p1|Floette-Eternal||Floettite|FlowerVeil|Protect,CalmMind,DazzlingGleam,DrainingKiss|Modest||F|||50|]Delphox||Delphoxite|Blaze|HeatWave,Psychic,NastyPlot,Protect|Timid||M|||50|]Garchomp||ChoiceScarf|RoughSkin|RockTomb,Earthquake,StompingTantrum,DragonClaw|Adamant||M|||50|]Sneasler||FocusSash|PoisonTouch|FakeOut,PoisonJab,CloseCombat,QuickGuard|Jolly||F|||50|]Sinistcha||KasibBerry|Hospitality|MatchaGotcha,RagePowder,Protect,TrickRoom|Calm|||||50|]Incineroar||SitrusBerry|Intimidate|FakeOut,FlareBlitz,ThroatChop,PartingShot|Impish||F|||50|
|showteam|p2|Torkoal||Charcoal|Drought|Eruption,SolarBeam,WeatherBall,Protect|Quiet||M|||50|]Sylveon||LifeOrb|Pixilate|HyperVoice,HyperBeam,WeatherBall,Detect|Quiet||F|||50|]Farigiraf||SitrusBerry|ArmorTail|TrickRoom,GrassKnot,TwinBeam,HelpingHand|Sassy||M|||50|]Mawile||Mawilite|Intimidate|PlayRough,SuckerPunch,SwordsDance,Protect|Brave||F|||50|]Kangaskhan||Kangaskhanite|Scrappy|DoubleEdge,FakeOut,HammerArm,SuckerPunch|Brave||F|||50|]Incineroar||ChopleBerry|Intimidate|FlareBlitz,FakeOut,PartingShot,LowKick|Careful||M|||50|
|
|t:|1783870554
|teamsize|p1|4
|teamsize|p2|4
|start
|switch|p1a: Sneasler|Sneasler, L50, F|100/100
|switch|p1b: Delphox|Delphox, L50, M|100/100
|switch|p2a: Farigiraf|Farigiraf, L50, M|100/100
|switch|p2b: Kangaskhan|Kangaskhan, L50, F|100/100
|turn|1
|
|t:|1783870559
|detailschange|p1b: Delphox|Delphox-Mega, L50, M
|-mega|p1b: Delphox|Delphox|Delphoxite
|move|p2b: Kangaskhan|Fake Out|p1b: Delphox
|-damage|p1b: Delphox|79/100
|cant|p1b: Delphox|flinch
|move|p1a: Sneasler|Close Combat|p2b: Kangaskhan
|-supereffective|p2b: Kangaskhan|1
|-damage|p2b: Kangaskhan|0 fnt
|-unboost|p1a: Sneasler|def|1
|-unboost|p1a: Sneasler|spd|1
|faint|p2b: Kangaskhan
|move|p2a: Farigiraf|Twin Beam|p1a: Sneasler
|-supereffective|p1a: Sneasler|2
|-enditem|p1a: Sneasler|Focus Sash
|-damage|p1a: Sneasler|1/100
|-supereffective|p1a: Sneasler|2
|-damage|p1a: Sneasler|0 fnt
|faint|p1a: Sneasler
|-hitcount|p1: Sneasler|2
|
|upkeep
|
|t:|1783870571
|switch|p1a: Incineroar|Incineroar, L50, F|100/100
|switch|p2b: Incineroar|Incineroar, L50, M|100/100
|-ability|p1a: Incineroar|Intimidate|boost
|-unboost|p2a: Farigiraf|atk|1
|-unboost|p2b: Incineroar|atk|1
|-ability|p2b: Incineroar|Intimidate|boost
|-unboost|p1a: Incineroar|atk|1
|-unboost|p1b: Delphox|atk|1
|turn|2
|
|t:|1783870581
|move|p2b: Incineroar|Fake Out|p1b: Delphox
|-damage|p1b: Delphox|70/100
|cant|p1b: Delphox|flinch
|move|p1a: Incineroar|Parting Shot|p2b: Incineroar
|-unboost|p2b: Incineroar|atk|1
|-unboost|p2b: Incineroar|spa|1
|
|t:|1783870584
|switch|p1a: Garchomp|Garchomp, L50, M|100/100|[from] Parting Shot
|move|p2a: Farigiraf|Trick Room|p2a: Farigiraf
|-fieldstart|move: Trick Room|[of] p2a: Farigiraf
|
|upkeep
|turn|3
|
|t:|1783870591
|switch|p1a: Incineroar|Incineroar, L50, F|100/100
|-ability|p1a: Incineroar|Intimidate|boost
|-unboost|p2a: Farigiraf|atk|1
|-unboost|p2b: Incineroar|atk|1
|move|p2a: Farigiraf|Twin Beam|p1b: Delphox
|-resisted|p1b: Delphox|1
|-damage|p1b: Delphox|63/100
|-resisted|p1b: Delphox|1
|-damage|p1b: Delphox|56/100
|-hitcount|p1b: Delphox|2
|move|p2b: Incineroar|Parting Shot|p1a: Incineroar
|-unboost|p1a: Incineroar|atk|1
|-unboost|p1a: Incineroar|spa|1
|
|t:|1783870594
|switch|p2b: Mawile|Mawile, L50, F|100/100|[from] Parting Shot
|-ability|p2b: Mawile|Intimidate|boost
|-unboost|p1a: Incineroar|atk|1
|-unboost|p1b: Delphox|atk|1
|move|p1b: Delphox|Nasty Plot|p1b: Delphox
|-boost|p1b: Delphox|spa|2
|
|upkeep
|turn|4
|
|t:|1783870615
|switch|p2a: Incineroar|Incineroar, L50, M|100/100
|-ability|p2a: Incineroar|Intimidate|boost
|-unboost|p1a: Incineroar|atk|1
|-unboost|p1b: Delphox|atk|1
|detailschange|p2b: Mawile|Mawile-Mega, L50, F
|-mega|p2b: Mawile|Mawile|Mawilite
|move|p2b: Mawile|Protect|p2b: Mawile
|-singleturn|p2b: Mawile|Protect
|move|p1a: Incineroar|Flare Blitz|p2b: Mawile
|-activate|p2b: Mawile|move: Protect
|move|p1b: Delphox|Heat Wave|p2b: Mawile|[spread] p2a
|-activate|p2b: Mawile|move: Protect
|-resisted|p2a: Incineroar|1
|-damage|p2a: Incineroar|70/100
|
|upkeep
|turn|5
|
|t:|1783870632
|move|p1b: Delphox|Protect|p1b: Delphox
|-singleturn|p1b: Delphox|Protect
|move|p2a: Incineroar|Fake Out|p1a: Incineroar
|-damage|p1a: Incineroar|90/100
|move|p2b: Mawile|Play Rough|p1b: Delphox
|-activate|p1b: Delphox|move: Protect
|cant|p1a: Incineroar|flinch
|
|upkeep
|turn|6
|
|t:|1783870644
|move|p2b: Mawile|Play Rough|p1b: Delphox
|-resisted|p1b: Delphox|1
|-damage|p1b: Delphox|1/100
|move|p2a: Incineroar|Parting Shot|p1a: Incineroar
|-unboost|p1a: Incineroar|atk|1
|-unboost|p1a: Incineroar|spa|1
|
|t:|1783870650
|switch|p2a: Farigiraf|Farigiraf, L50, M|100/100|[from] Parting Shot
|move|p1a: Incineroar|Parting Shot|p2b: Mawile
|-unboost|p2b: Mawile|atk|1
|-unboost|p2b: Mawile|spa|1
|
|t:|1783870653
|switch|p1a: Garchomp|Garchomp, L50, M|100/100|[from] Parting Shot
|move|p1b: Delphox|Nasty Plot|p1b: Delphox
|-boost|p1b: Delphox|spa|2
|
|-fieldend|move: Trick Room
|upkeep
|turn|7
|
|t:|1783870670
|move|p2b: Mawile|Protect|p2b: Mawile
|-singleturn|p2b: Mawile|Protect
|move|p1a: Garchomp|Earthquake|p2b: Mawile|[spread] p2a
|-activate|p2b: Mawile|move: Protect
|-immune|p1b: Delphox|[from] ability: Levitate
|-damage|p2a: Farigiraf|60/100
|move|p1b: Delphox|Heat Wave|p2b: Mawile|[spread] p2a
|-activate|p2b: Mawile|move: Protect
|-damage|p2a: Farigiraf|0 fnt
|faint|p2a: Farigiraf
|
|upkeep
|
|t:|1783870729
|switch|p2a: Incineroar|Incineroar, L50, M|70/100
|-ability|p2a: Incineroar|Intimidate|boost
|-unboost|p1a: Garchomp|atk|1
|-unboost|p1b: Delphox|atk|1
|turn|8
|
|t:|1783870765
|switch|p1a: Incineroar|Incineroar, L50, F|90/100
|-ability|p1a: Incineroar|Intimidate|boost
|-unboost|p2a: Incineroar|atk|1
|-unboost|p2b: Mawile|atk|1
|move|p1b: Delphox|Protect|p1b: Delphox
|-singleturn|p1b: Delphox|Protect
|move|p2a: Incineroar|Fake Out|p1b: Delphox
|-activate|p1b: Delphox|move: Protect
|move|p2b: Mawile|Swords Dance|p2b: Mawile
|-boost|p2b: Mawile|atk|2
|
|upkeep
|turn|9
|
|t:|1783870794
|move|p2b: Mawile|Protect|p2b: Mawile
|-singleturn|p2b: Mawile|Protect
|move|p1a: Incineroar|Fake Out|p2b: Mawile
|-activate|p2b: Mawile|move: Protect
|move|p1b: Delphox|Heat Wave|p2a: Incineroar|[spread] p2a
|-activate|p2b: Mawile|move: Protect
|-resisted|p2a: Incineroar|1
|-damage|p2a: Incineroar|23/100
|move|p2a: Incineroar|Parting Shot|p1a: Incineroar
|-unboost|p1a: Incineroar|atk|1
|-unboost|p1a: Incineroar|spa|1
|
|upkeep
|turn|10
|l|☆CaldoDePatas
|player|p2|
|inactive|Battle timer is ON: inactive players will automatically lose when time's up. (requested by floettefan670)
|inactive|CaldoDePatas has 30 seconds to reconnect!
|inactive|CaldoDePatas has 20 seconds to reconnect!
|inactive|CaldoDePatas has 15 seconds to reconnect!
|inactive|CaldoDePatas has 10 seconds to reconnect!
|inactive|CaldoDePatas has 5 seconds to reconnect!
|-message|CaldoDePatas lost due to inactivity.
|
|win|floettefan670
|raw|floettefan670's rating: 1135 → 1159(+24 for winning)
|raw|CaldoDePatas's rating: 1128 → 1104(-24 for losing)
