|j|☆Huasometa
|j|☆Fcjavic01
|html|HuasometaFcjavic01    
|uhtml|bestof|Game 1 of a best-of-3
|t:|1784930827
|gametype|doubles
|player|p1|Huasometa|elesa|1327
|player|p2|Fcjavic01|1|1247
|gen|9
|tier|[Gen 9 Champions] VGC 2026 Reg M-B (Bo3)
|rated|
|rule|Species Clause: Limit one of each Pokémon
|rule|Item Clause: Limit 1 of each item
|clearpoke
|poke|p1|Chandelure, L50, F|
|poke|p1|Kangaskhan, L50, F|
|poke|p1|Sylveon, L50, M|
|poke|p1|Archaludon, L50, F|
|poke|p1|Rotom-Wash, L50|
|poke|p1|Meowscarada, L50, M|
|poke|p2|Floette-Eternal, L50, F|
|poke|p2|Charizard, L50, F|
|poke|p2|Basculegion, L50, M|
|poke|p2|Garchomp, L50, M|
|poke|p2|Whimsicott, L50, F|
|poke|p2|Kingambit, L50, M|
|teampreview|4
|showteam|p1|Chandelure||FocusSash|FlashFire|HeatWave,ShadowBall,TrickRoom,Taunt|Quiet||F|||50|]Kangaskhan||Kangaskhanite|InnerFocus|FakeOut,DoubleEdge,SuckerPunch,HammerArm|Brave||F|||50|]Sylveon||FairyFeather|Pixilate|HyperVoice,Protect,HyperBeam,HelpingHand|Quiet||M|||50|]Archaludon||Leftovers|Stamina|AuraSphere,DracoMeteor,FlashCannon,Protect|Quiet||F|||50|]Rotom-Wash||SitrusBerry|Levitate|ThunderWave,VoltSwitch,HydroPump,Protect|Calm|||||50|]Meowscarada||LifeOrb|Overgrow|KnockOff,FlowerTrick,TripleAxel,Protect|Jolly||M|||50|
|showteam|p2|Floette-Eternal||Floettite|FlowerVeil|DazzlingGleam,Protect,Moonblast,LightofRuin|Modest||F|||50|]Charizard||CharizarditeY|SolarPower|Protect,SolarBeam,WeatherBall,HeatWave|Modest||F|||50|]Basculegion||ChoiceScarf|Adaptability|FlipTurn,WaveCrash,LastRespects,AquaJet|Jolly||M|||50|]Garchomp||LifeOrb|RoughSkin|Protect,Earthquake,DragonClaw,RockSlide|Jolly||M|||50|]Whimsicott||FocusSash|Prankster|Moonblast,Encore,Protect,Tailwind|Timid||F|||50|]Kingambit||BlackGlasses|Defiant|Protect,KowtowCleave,IronHead,SuckerPunch|Adamant||M|||50|
|inactive|Battle timer is ON: inactive players will automatically lose when time's up. (requested by Fcjavic01)
|
|t:|1784930874
|teamsize|p1|4
|teamsize|p2|4
|start
|switch|p1a: Meowscarada|Meowscarada, L50, M|100/100
|switch|p1b: Kangaskhan|Kangaskhan, L50, F|100/100
|switch|p2a: Basculegion|Basculegion, L50, M|100/100
|switch|p2b: Whimsicott|Whimsicott, L50, F|100/100
|turn|1
|inactive|Huasometa has 30 seconds left.
|inactive|Huasometa has 20 seconds left.
|inactive|Huasometa has 15 seconds left.
|inactive|Huasometa has 10 seconds left.
|inactive|Huasometa has 5 seconds left.
|
|t:|1784930926
|detailschange|p1b: Kangaskhan|Kangaskhan-Mega, L50, F
|-mega|p1b: Kangaskhan|Kangaskhan|Kangaskhanite
|move|p2b: Whimsicott|Protect|p2b: Whimsicott
|-singleturn|p2b: Whimsicott|Protect
|move|p1b: Kangaskhan|Sucker Punch|p2a: Basculegion
|-supereffective|p2a: Basculegion|1
|-damage|p2a: Basculegion|41/100
|-supereffective|p2a: Basculegion|1
|-damage|p2a: Basculegion|29/100
|-hitcount|p2a: Basculegion|2
|move|p2a: Basculegion|Flip Turn|p1b: Kangaskhan
|-damage|p1b: Kangaskhan|72/100
|
|t:|1784930936
|switch|p2a: Charizard|Charizard, L50, F|100/100|[from] Flip Turn
|move|p1a: Meowscarada|Triple Axel|p2a: Charizard
|-damage|p2a: Charizard|90/100
|-damage|p2a: Charizard|74/100
|-damage|p2a: Charizard|50/100g
|-hitcount|p2a: Charizard|3
|-damage|p1a: Meowscarada|90/100|[from] item: Life Orb
|
|upkeep
|turn|2
|
|t:|1784930956
|switch|p1a: Chandelure|Chandelure, L50, F|100/100
|switch|p1b: Rotom|Rotom-Wash, L50|100/100
|detailschange|p2a: Charizard|Charizard-Mega-Y, L50, F
|-mega|p2a: Charizard|Charizard|Charizardite Y
|-weather|SunnyDay|[from] ability: Drought|[of] p2a: Charizard
|move|p2b: Whimsicott|Tailwind|p2b: Whimsicott
|-sidestart|p2: Fcjavic01|move: Tailwind
|move|p2a: Charizard|Heat Wave|p1a: Chandelure|[spread] p1b
|-start|p1a: Chandelure|ability: Flash Fire
|-resisted|p1b: Rotom|1
|-damage|p1b: Rotom|75/100
|
|-weather|SunnyDay|[upkeep]
|upkeep
|turn|3
|inactive|Fcjavic01 has 30 seconds left.
|inactive|Fcjavic01 has 20 seconds left.
|
|t:|1784930992
|move|p2b: Whimsicott|Moonblast|p1a: Chandelure
|-resisted|p1a: Chandelure|1
|-damage|p1a: Chandelure|79/100
|move|p2a: Charizard|Solar Beam||[still]
|-prepare|p2a: Charizard|Solar Beam
|-anim|p2a: Charizard|Solar Beam|p1b: Rotom
|-supereffective|p1b: Rotom|1
|-damage|p1b: Rotom|3/100
|-enditem|p1b: Rotom|Sitrus Berry|[eat]
|-heal|p1b: Rotom|28/100|[from] item: Sitrus Berry
|move|p1b: Rotom|Volt Switch|p2b: Whimsicott
|-resisted|p2b: Whimsicott|1
|-damage|p2b: Whimsicott|80/100
|
|t:|1784930996
|switch|p1b: Kangaskhan|Kangaskhan-Mega, L50, F|72/100|[from] Volt Switch
|move|p1a: Chandelure|Trick Room|p1a: Chandelure
|-fieldstart|move: Trick Room|[of] p1a: Chandelure
|
|-weather|SunnyDay|[upkeep]
|upkeep
|turn|4
|
|t:|1784931008
|move|p2a: Charizard|Protect|p2a: Charizard
|-singleturn|p2a: Charizard|Protect
|move|p2b: Whimsicott|Encore|p1a: Chandelure
|-start|p1a: Chandelure|Encore
|move|p1b: Kangaskhan|Double-Edge|p2a: Charizard
|-activate|p2a: Charizard|move: Protect
|move|p1a: Chandelure|Trick Room|p1a: Chandelure
|-fieldend|move: Trick Room
|
|-weather|SunnyDay|[upkeep]
|upkeep
|turn|5
|
|t:|1784931026
|switch|p2b: Garchomp|Garchomp, L50, M|100/100
|switch|p1b: Rotom|Rotom-Wash, L50|28/100
|move|p2a: Charizard|Weather Ball|p1b: Rotom
|-resisted|p1b: Rotom|1
|-damage|p1b: Rotom|0 fnt
|faint|p1b: Rotom
|move|p1a: Chandelure|Trick Room|p1a: Chandelure
|-fieldstart|move: Trick Room|[of] p1a: Chandelure
|
|-weather|SunnyDay|[upkeep]
|-sideend|p2: Fcjavic01|move: Tailwind
|upkeep
|
|t:|1784931032
|switch|p1b: Kangaskhan|Kangaskhan-Mega, L50, F|72/100
|turn|6
|
|t:|1784931042
|-end|p1a: Chandelure|ability: Flash Fire|[silent]
|switch|p1a: Meowscarada|Meowscarada, L50, M|90/100
|switch|p2a: Basculegion|Basculegion, L50, M|29/100
|move|p1b: Kangaskhan|Double-Edge|p2a: Basculegion
|-immune|p2a: Basculegion
|move|p2b: Garchomp|Rock Slide|p1b: Kangaskhan|[spread] p1a,p1b
|-damage|p1a: Meowscarada|52/100
|-damage|p1b: Kangaskhan|54/100
|-damage|p2b: Garchomp|90/100|[from] item: Life Orb
|
|-weather|none
|upkeep
|turn|7
|inactive|Fcjavic01 has 30 seconds left.
|
|t:|1784931069
|move|p1b: Kangaskhan|Sucker Punch|p2a: Basculegion
|-supereffective|p2a: Basculegion|1
|-damage|p2a: Basculegion|0 fnt
|faint|p2a: Basculegion
|move|p2b: Garchomp|Dragon Claw|p1a: Meowscarada
|-damage|p1a: Meowscarada|0 fnt
|faint|p1a: Meowscarada
|-damage|p2b: Garchomp|80/100|[from] item: Life Orb
|
|upkeep
|inactive|Huasometa has 30 seconds left.
|inactive|Huasometa has 20 seconds left.
|inactive|Huasometa has 15 seconds left.
|inactive|Huasometa has 10 seconds left.
|inactive|Huasometa has 5 seconds left.
|
|t:|1784931124
|switch|p2a: Whimsicott|Whimsicott, L50, F|80/100
|switch|p1a: Chandelure|Chandelure, L50, F|79/100
|turn|8
|inactive|Huasometa has 30 seconds left.
|inactive|Huasometa has 20 seconds left.
|inactive|Huasometa has 15 seconds left.
|inactive|Huasometa has 10 seconds left.
|inactive|Huasometa has 5 seconds left.
|
|t:|1784931179
|move|p2a: Whimsicott|Encore|p1b: Kangaskhan
|-start|p1b: Kangaskhan|Encore
|move|p1b: Kangaskhan|Sucker Punch|p2b: Garchomp
|-damage|p2b: Garchomp|56/100
|-damage|p1b: Kangaskhan|42/100|[from] ability: Rough Skin|[of] p2b: Garchomp
|-damage|p2b: Garchomp|50/100g
|-damage|p1b: Kangaskhan|30/100|[from] ability: Rough Skin|[of] p2b: Garchomp
|-hitcount|p2b: Garchomp|2
|move|p1a: Chandelure|Heat Wave|p2a: Whimsicott|[spread] p2b
|-miss|p1a: Chandelure|p2a: Whimsicott
|-resisted|p2b: Garchomp|1
|-damage|p2b: Garchomp|25/100
|move|p2b: Garchomp|Earthquake|p1b: Kangaskhan|[spread] p2a,p1a,p1b
|-resisted|p2a: Whimsicott|1
|-supereffective|p1a: Chandelure|1
|-damage|p2a: Whimsicott|44/100
|-damage|p1a: Chandelure|0 fnt
|-damage|p1b: Kangaskhan|0 fnt
|faint|p1a: Chandelure
|faint|p1b: Kangaskhan
|-damage|p2b: Garchomp|16/100|[from] item: Life Orb
|
|win|Fcjavic01
|inactive|Huasometa has 30 seconds to confirm battle start!
|inactive|Fcjavic01 has 30 seconds to confirm battle start!
||Fcjavic01 is ready for game 2.
|inactive|Huasometa has 20 seconds to confirm battle start!
|inactive|Huasometa has 10 seconds to confirm battle start!
|uhtml|next|Next: Game 2 of 3
|l|☆Fcjavic01
|player|p2|
