|j|☆benjitulio
|j|☆ice peak blade
|html|benjitulioice peak blade    
|uhtml|bestof|Game 2 of a best-of-3
|t:|1783212901
|gametype|doubles
|player|p1|benjitulio|wattson|1115
|player|p2|ice peak blade|170|1000
|gen|9
|tier|[Gen 9 Champions] VGC 2026 Reg M-B (Bo3)
|rated|
|rule|Species Clause: Limit one of each Pokémon
|rule|Item Clause: Limit 1 of each item
|clearpoke
|poke|p1|Maushold-Four, L50|
|poke|p1|Incineroar, L50, F|
|poke|p1|Metagross, L50|
|poke|p1|Aerodactyl, L50, M|
|poke|p1|Primarina, L50, M|
|poke|p1|Sinistcha, L50|
|poke|p2|Archaludon, L50, M|
|poke|p2|Pelipper, L50, F|
|poke|p2|Swampert, L50, M|
|poke|p2|Sneasler, L50, F|
|poke|p2|Sableye, L50, F|
|poke|p2|Ceruledge, L50, M, shiny|
|teampreview|4
|showteam|p1|Maushold-Four||FocusSash|FriendGuard|FollowMe,RainDance,PopulationBomb,SuperFang|Jolly|||||50|]Incineroar||ChopleBerry|Intimidate|FakeOut,FlareBlitz,PartingShot,DarkestLariat|Impish||F|||50|]Metagross||Metagrossite|ClearBody|IronHead,Protect,PsychicFangs,Earthquake|Adamant|||||50|]Aerodactyl||FocusBand|Unnerve|RockSlide,Protect,Tailwind,IceFang|Jolly||M|||50|]Primarina||ChoiceScarf|LiquidVoice|HyperVoice,HydroPump,IcyWind,Moonblast|Modest||M|||50|]Sinistcha||Leftovers|Hospitality|MatchaGotcha,LifeDew,ShadowBall,RagePowder|Calm|||||50|
|showteam|p2|Archaludon||ExpertBelt|Stalwart|DragonPulse,Protect,ElectroShot,FlashCannon|Modest||M|||50|]Pelipper||MysticWater|Drizzle|IcyWind,WeatherBall,Hurricane,WideGuard|Bold||F|||50|]Swampert||Swampertite|Damp|WaveCrash,IcePunch,HighHorsepower,KnockOff|Adamant||M|||50|]Sneasler||WhiteHerb|Unburden|CloseCombat,FakeOut,SwordsDance,DireClaw|Adamant||F|||50|]Sableye||LightClay|Prankster|Snarl,Reflect,LightScreen,WillOWisp|Sassy||F|||50|]Ceruledge||ColburBerry|WeakArmor|SwordsDance,Protect,Poltergeist,BitterBlade|Jolly||M|||50|
|
|t:|1783212916
|teamsize|p1|4
|teamsize|p2|4
|start
|switch|p1a: Primarina|Primarina, L50, M|100/100
|switch|p1b: Sinistcha|Sinistcha, L50|100/100
|switch|p2a: Sneasler|Sneasler, L50, F|100/100
|switch|p2b: Sableye|Sableye, L50, F|100/100
|turn|1
|
|t:|1783212936
|switch|p1a: Metagross|Metagross, L50|100/100
|move|p2a: Sneasler|Fake Out|p1a: Metagross
|-resisted|p1a: Metagross|1
|-damage|p1a: Metagross|92/100
|move|p1b: Sinistcha|Matcha Gotcha|p2a: Sneasler|[spread] p2a,p2b
|-resisted|p2a: Sneasler|1
|-damage|p2a: Sneasler|84/100
|-damage|p2b: Sableye|69/100
|move|p2b: Sableye|Snarl|p1b: Sinistcha|[spread] p1a,p1b
|-supereffective|p1a: Metagross|1
|-supereffective|p1b: Sinistcha|1
|-damage|p1a: Metagross|66/100
|-damage|p1b: Sinistcha|82/100
|-unboost|p1b: Sinistcha|spa|1
|
|-heal|p1b: Sinistcha|88/100|[from] item: Leftovers
|upkeep
|turn|2
|
|t:|1783212966
|detailschange|p1a: Metagross|Metagross-Mega, L50
|-mega|p1a: Metagross|Metagross|Metagrossite
|move|p2b: Sableye|Will-O-Wisp|p1a: Metagross
|-status|p1a: Metagross|brn
|move|p2a: Sneasler|Close Combat|p1a: Metagross
|-damage|p1a: Metagross|5/100 brn
|-unboost|p2a: Sneasler|def|1
|-unboost|p2a: Sneasler|spd|1
|-enditem|p2a: Sneasler|White Herb
|-clearnegativeboost|p2a: Sneasler|[silent]
|move|p1a: Metagross|Earthquake|p2a: Sneasler|[spread] p1b,p2a,p2b
|-resisted|p1b: Sinistcha|1
|-supereffective|p2a: Sneasler|1
|-damage|p1b: Sinistcha|81/100
|-damage|p2a: Sneasler|35/100
|-damage|p2b: Sableye|45/100
|move|p1b: Sinistcha|Life Dew|p1b: Sinistcha|[spread] p1a,p1b
|-heal|p1a: Metagross|29/100 brn
|-heal|p1b: Sinistcha|100/100
|
|-damage|p1a: Metagross|24/100 brn|[from] brn
|upkeep
|turn|3
|
|t:|1783213019
|switch|p1a: Incineroar|Incineroar, L50, F|100/100
|-ability|p1a: Incineroar|Intimidate|boost
|-unboost|p2a: Sneasler|atk|1
|-unboost|p2b: Sableye|atk|1
|move|p2b: Sableye|Reflect|p2b: Sableye
|-sidestart|p2: ice peak blade|Reflect
|move|p2a: Sneasler|Close Combat|p1a: Incineroar
|-supereffective|p1a: Incineroar|1
|-enditem|p1a: Incineroar|Chople Berry|[eat]
|-enditem|p1a: Incineroar|Chople Berry|[weaken]
|-damage|p1a: Incineroar|61/100
|-unboost|p2a: Sneasler|def|1
|-unboost|p2a: Sneasler|spd|1
|move|p1b: Sinistcha|Matcha Gotcha|p2a: Sneasler|[spread] p2a,p2b
|-resisted|p2a: Sneasler|1
|-damage|p2a: Sneasler|20/100y
|-damage|p2b: Sableye|26/100
|
|upkeep
|turn|4
|
|t:|1783213065
|switch|p2a: Ceruledge|Ceruledge, L50, M, shiny|100/100
|move|p1a: Incineroar|Fake Out|p2a: Ceruledge
|-immune|p2a: Ceruledge
|move|p2b: Sableye|Light Screen|p2b: Sableye
|-sidestart|p2: ice peak blade|move: Light Screen
|move|p1b: Sinistcha|Matcha Gotcha|p2a: Ceruledge|[spread] p2a,p2b
|-resisted|p2a: Ceruledge|1
|-damage|p2a: Ceruledge|95/100
|-damage|p2b: Sableye|12/100
|
|upkeep
|turn|5
|
|t:|1783213084
|switch|p2b: Archaludon|Archaludon, L50, M|100/100
|move|p2a: Ceruledge|Swords Dance|p2a: Ceruledge
|-boost|p2a: Ceruledge|atk|2
|move|p1a: Incineroar|Parting Shot|p2a: Ceruledge
|-unboost|p2a: Ceruledge|atk|1
|-unboost|p2a: Ceruledge|spa|1
|
|t:|1783213092
|switch|p1a: Primarina|Primarina, L50, M|100/100|[from] Parting Shot
|move|p1b: Sinistcha|Shadow Ball|p2a: Ceruledge
|-supereffective|p2a: Ceruledge|1
|-damage|p2a: Ceruledge|62/100
|
|upkeep
|turn|6
|
|t:|1783213137
|switch|p1b: Incineroar|Incineroar, L50, F|61/100
|-ability|p1b: Incineroar|Intimidate|boost
|-unboost|p2a: Ceruledge|atk|1
|-unboost|p2b: Archaludon|atk|1
|move|p1a: Primarina|Hydro Pump|p2a: Ceruledge|[miss]
|-miss|p1a: Primarina|p2a: Ceruledge
|move|p2a: Ceruledge|Poltergeist|p1a: Primarina
|-activate|p1a: Primarina|move: Poltergeist|Choice Scarf
|-damage|p1a: Primarina|13/100
|move|p2b: Archaludon|Flash Cannon|p1a: Primarina
|-damage|p1a: Primarina|0 fnt
|faint|p1a: Primarina
|
|upkeep
|
|t:|1783213150
|switch|p1a: Sinistcha|Sinistcha, L50|100/100
|-heal|p1b: Incineroar|86/100|[from] ability: Hospitality|[of] p1a: Sinistcha
|turn|7
|inactive|Battle timer is ON: inactive players will automatically lose when time's up. (requested by benjitulio)
|
|t:|1783213195
|move|p1b: Incineroar|Fake Out|p2b: Archaludon
|-resisted|p2b: Archaludon|1
|-damage|p2b: Archaludon|97/100
|move|p2a: Ceruledge|Swords Dance|p2a: Ceruledge
|-boost|p2a: Ceruledge|atk|2
|cant|p2b: Archaludon|flinch
|move|p1a: Sinistcha|Shadow Ball|p2a: Ceruledge
|-supereffective|p2a: Ceruledge|1
|-damage|p2a: Ceruledge|12/100
|
|upkeep
|turn|8
|inactive|benjitulio has 30 seconds left.
|inactive|ice peak blade has 30 seconds left.
|inactive|benjitulio has 20 seconds left.
|
|t:|1783213234
|move|p2a: Ceruledge|Poltergeist|p1a: Sinistcha
|-activate|p1a: Sinistcha|move: Poltergeist|Leftovers
|-supereffective|p1a: Sinistcha|1
|-damage|p1a: Sinistcha|0 fnt
|faint|p1a: Sinistcha
|move|p1b: Incineroar|Parting Shot|p2b: Archaludon
|-unboost|p2b: Archaludon|atk|1
|-unboost|p2b: Archaludon|spa|1
|
|t:|1783213239
|switch|p1b: Metagross|Metagross-Mega, L50|24/100 brn|[from] Parting Shot
|move|p2b: Archaludon|Dragon Pulse|p1b: Metagross
|-resisted|p1b: Metagross|1
|-damage|p1b: Metagross|8/100 brn
|
|-damage|p1b: Metagross|3/100 brn|[from] brn
|upkeep
|
|t:|1783213241
|switch|p1a: Incineroar|Incineroar, L50, F|86/100
|-ability|p1a: Incineroar|Intimidate|boost
|-unboost|p2a: Ceruledge|atk|1
|-unboost|p2b: Archaludon|atk|1
|turn|9
|inactive|ice peak blade has 30 seconds left.
|
|t:|1783213272
|move|p1b: Metagross|Psychic Fangs|p2a: Ceruledge
|-sideend|p2: ice peak blade|Reflect
|-sideend|p2: ice peak blade|move: Light Screen
|-damage|p2a: Ceruledge|0 fnt
|faint|p2a: Ceruledge
|move|p1a: Incineroar|Flare Blitz|p2b: Archaludon
|-damage|p2b: Archaludon|63/100
|-damage|p1a: Incineroar|75/100|[from] Recoil
|move|p2b: Archaludon|Flash Cannon|p1b: Metagross
|-resisted|p1b: Metagross|1
|-damage|p1b: Metagross|0 fnt
|faint|p1b: Metagross
|
|upkeep
|
|t:|1783213288
|switch|p2a: Sableye|Sableye, L50, F|12/100
|turn|10
|
|t:|1783213298
|move|p2a: Sableye|Reflect|p2a: Sableye
|-sidestart|p2: ice peak blade|Reflect
|move|p1a: Incineroar|Flare Blitz|p2a: Sableye
|-damage|p2a: Sableye|0 fnt
|faint|p2a: Sableye
|-damage|p1a: Incineroar|71/100|[from] Recoil
|move|p2b: Archaludon|Dragon Pulse|p1a: Incineroar
|-damage|p1a: Incineroar|44/100
|
|upkeep
|
|t:|1783213310
|switch|p2a: Sneasler|Sneasler, L50, F|20/100y
|turn|11
|
|t:|1783213321
|move|p2a: Sneasler|Fake Out|p1a: Incineroar
|-damage|p1a: Incineroar|31/100
|cant|p1a: Incineroar|flinch
|move|p2b: Archaludon|Electro Shot||[still]
|-prepare|p2b: Archaludon|Electro Shot
|-boost|p2b: Archaludon|spa|1
|
|upkeep
|turn|12
|
|t:|1783213333
|move|p2a: Sneasler|Dire Claw|p1a: Incineroar
|-damage|p1a: Incineroar|0 fnt
|faint|p1a: Incineroar
|
|win|ice peak blade
