|j|☆jomivgc
|j|☆memeberserk
|html|jomivgcmemeberserk    
|uhtml|bestof|Game 2 of a best-of-3
|t:|1784594419
|gametype|doubles
|player|p1|jomivgc|falkner-gen2|1222
|player|p2|memeberserk|lance|1212
|gen|9
|tier|[Gen 9 Champions] VGC 2026 Reg M-B (Bo3)
|rated|
|rule|Species Clause: Limit one of each Pokémon
|rule|Item Clause: Limit 1 of each item
|clearpoke
|poke|p1|Aerodactyl, L50, M|
|poke|p1|Charizard, L50, M|
|poke|p1|Incineroar, L50, M|
|poke|p1|Kingambit, L50, F|
|poke|p1|Sylveon, L50, M|
|poke|p1|Garchomp, L50, M|
|poke|p2|Raichu, L50, F|
|poke|p2|Corviknight, L50, M|
|poke|p2|Sylveon, L50, F|
|poke|p2|Basculegion, L50, M|
|poke|p2|Mamoswine, L50, M|
|poke|p2|Tyranitar, L50, M|
|teampreview|4
|showteam|p1|Aerodactyl||Aerodactylite|Unnerve|RockSlide,DualWingbeat,WideGuard,Tailwind|Jolly||M|||50|]Charizard||CharizarditeY|Blaze|HeatWave,WeatherBall,SolarBeam,Protect|Modest||M|||50|]Incineroar||SitrusBerry|Intimidate|FlareBlitz,DarkestLariat,FakeOut,PartingShot|Impish||M|||50|]Kingambit||FocusSash|Defiant|KowtowCleave,IronHead,SuckerPunch,LowKick|Adamant||F|||50|]Sylveon||FairyFeather|Pixilate|HyperVoice,HyperBeam,QuickAttack,Detect|Modest||M|||50|]Garchomp||LifeOrb|RoughSkin|Earthquake,DragonClaw,RockSlide,Protect|Jolly||M|||50|
|showteam|p2|Raichu||RaichuniteY|LightningRod|ZapCannon,FocusBlast,FakeOut,Protect|Timid||F|||50|]Corviknight||Leftovers|Unnerve|BraveBird,IronHead,Tailwind,Protect|Careful||M|||50|]Sylveon||FairyFeather|Pixilate|HyperVoice,QuickAttack,Protect,Yawn|Modest||F|||50|]Basculegion||MysticWater|SwiftSwim|WaveCrash,LastRespects,AquaJet,Protect|Adamant||M|||50|]Mamoswine||LifeOrb|Oblivious|HighHorsepower,IceShard,IcicleCrash,Protect|Adamant||M|||50|]Tyranitar||FocusSash|SandStream|RockSlide,KnockOff,Superpower,Protect|Adamant||M|||50|
|inactive|Battle timer is ON: inactive players will automatically lose when time's up. (requested by jomivgc)
|inactive|jomivgc has 60 seconds left.
|
|t:|1784594469
|teamsize|p1|4
|teamsize|p2|4
|start
|switch|p1a: Garchomp|Garchomp, L50, M|100/100
|switch|p1b: Aerodactyl|Aerodactyl, L50, M|100/100
|switch|p2a: Raichu|Raichu, L50, F|100/100
|switch|p2b: Basculegion|Basculegion, L50, M|100/100
|-ability|p1b: Aerodactyl|Unnerve
|turn|1
|inactive|jomivgc has 30 seconds left.
|
|t:|1784594504
|detailschange|p1b: Aerodactyl|Aerodactyl-Mega, L50, M
|-mega|p1b: Aerodactyl|Aerodactyl|Aerodactylite
|detailschange|p2a: Raichu|Raichu-Mega-Y, L50, F
|-mega|p2a: Raichu|Raichu|Raichunite Y
|move|p2a: Raichu|Fake Out|p1a: Garchomp
|-damage|p1a: Garchomp|90/100
|-damage|p2a: Raichu|88/100|[from] ability: Rough Skin|[of] p1a: Garchomp
|move|p1b: Aerodactyl|Tailwind|p1b: Aerodactyl
|-sidestart|p1: jomivgc|move: Tailwind
|cant|p1a: Garchomp|flinch
|move|p2b: Basculegion|Wave Crash|p1b: Aerodactyl
|-supereffective|p1b: Aerodactyl|1
|-damage|p1b: Aerodactyl|0 fnt
|faint|p1b: Aerodactyl
|-damage|p2b: Basculegion|73/100|[from] Recoil
|
|upkeep
|
|t:|1784594518
|switch|p1b: Incineroar|Incineroar, L50, M|100/100
|-ability|p1b: Incineroar|Intimidate|boost
|-unboost|p2a: Raichu|atk|1
|-unboost|p2b: Basculegion|atk|1
|turn|2
|
|t:|1784594533
|move|p2a: Raichu|Protect|p2a: Raichu
|-singleturn|p2a: Raichu|Protect
|move|p1a: Garchomp|Rock Slide|p2b: Basculegion|[spread] p2b
|-activate|p2a: Raichu|move: Protect
|-crit|p2b: Basculegion
|-damage|p2b: Basculegion|31/100
|-damage|p1a: Garchomp|80/100|[from] item: Life Orb
|move|p1b: Incineroar|Darkest Lariat|p2b: Basculegion
|-supereffective|p2b: Basculegion|1
|-damage|p2b: Basculegion|0 fnt
|faint|p2b: Basculegion
|
|upkeep
|
|t:|1784594545
|switch|p2b: Mamoswine|Mamoswine, L50, M|100/100
|turn|3
|
|t:|1784594564
|move|p1a: Garchomp|Protect|p1a: Garchomp
|-singleturn|p1a: Garchomp|Protect
|move|p2b: Mamoswine|Ice Shard|p1a: Garchomp
|-activate|p1a: Garchomp|move: Protect
|move|p2a: Raichu|Focus Blast|p1b: Incineroar
|-supereffective|p1b: Incineroar|1
|-damage|p1b: Incineroar|18/100
|-enditem|p1b: Incineroar|Sitrus Berry|[eat]
|-heal|p1b: Incineroar|43/100|[from] item: Sitrus Berry
|move|p1b: Incineroar|Flare Blitz|p2a: Raichu
|-damage|p2a: Raichu|2/100
|-damage|p1b: Incineroar|23/100|[from] Recoil
|
|upkeep
|turn|4
|inactive|jomivgc has 30 seconds left.
|inactive|memeberserk has 30 seconds left.
|
|t:|1784594596
|move|p2b: Mamoswine|Ice Shard|p1a: Garchomp
|-supereffective|p1a: Garchomp|2
|-damage|p1a: Garchomp|0 fnt
|faint|p1a: Garchomp
|-damage|p2b: Mamoswine|90/100|[from] item: Life Orb
|move|p2a: Raichu|Focus Blast|p1b: Incineroar
|-supereffective|p1b: Incineroar|1
|-damage|p1b: Incineroar|0 fnt
|faint|p1b: Incineroar
|
|-sideend|p1: jomivgc|move: Tailwind
|upkeep
|
|t:|1784594602
|switch|p1a: Kingambit|Kingambit, L50, F|100/100
|turn|5
|
|t:|1784594611
|move|p1a: Kingambit|Sucker Punch|p2a: Raichu
|-damage|p2a: Raichu|0 fnt
|faint|p2a: Raichu
|move|p2b: Mamoswine|High Horsepower|p1a: Kingambit
|-supereffective|p1a: Kingambit|1
|-enditem|p1a: Kingambit|Focus Sash
|-damage|p1a: Kingambit|1/100
|-damage|p2b: Mamoswine|80/100|[from] item: Life Orb
|
|upkeep
|
|t:|1784594618
|switch|p2a: Tyranitar|Tyranitar, L50, M|100/100
|-weather|Sandstorm|[from] ability: Sand Stream|[of] p2a: Tyranitar
|turn|6
|-message|jomivgc forfeited.
|
|win|memeberserk
