|j|☆x-demon18
|j|☆oiedjqwd
|html|x-demon18oiedjqwd    
|uhtml|bestof|Game 1 of a best-of-3
|t:|1785333226
|gametype|doubles
|player|p1|x-demon18|pokefan-gen4|1094
|player|p2|oiedjqwd|101|1000
|gen|9
|tier|[Gen 9 Champions] VGC 2026 Reg M-B (Bo3)
|rated|
|rule|Species Clause: Limit one of each Pokémon
|rule|Item Clause: Limit 1 of each item
|clearpoke
|poke|p1|Incineroar, L50, M|
|poke|p1|Rotom-Wash, L50|
|poke|p1|Venusaur, L50, M|
|poke|p1|Corviknight, L50, M|
|poke|p1|Sylveon, L50, F|
|poke|p1|Garchomp, L50, M|
|poke|p2|Sceptile, L50, F|
|poke|p2|Heliolisk, L50, M|
|poke|p2|Rotom-Heat, L50|
|poke|p2|Sinistcha, L50|
|poke|p2|Annihilape, L50, F|
|poke|p2|Basculegion, L50, M|
|teampreview|4
|showteam|p1|Incineroar||ExpertBelt|Intimidate|FakeOut,TemperFlare,ThroatChop,PartingShot|Adamant||M|||50|]Rotom-Wash||RindoBerry|Levitate|HydroPump,Electroweb,WillOWisp,VoltSwitch|Modest|||||50|]Venusaur||Venusaurite|Chlorophyll|GigaDrain,SludgeBomb,EarthPower,Protect|Modest||M|||50|]Corviknight||OccaBerry|MirrorArmor|Tailwind,DualWingbeat,IronHead,BodyPress|Adamant||M|||50|]Sylveon||FairyFeather|Pixilate|HyperVoice,QuickAttack,Yawn,Detect|Modest||F|||50|]Garchomp||LifeOrb|RoughSkin|RockSlide,DragonClaw,StompingTantrum,Protect|Jolly||M|||50|
|showteam|p2|Sceptile||Sceptilite|Overgrow|DragonPulse,LeafStorm,Protect,EarthPower|Timid||F|||50|]Heliolisk||ChoiceScarf|SolarPower|Discharge,Electrify,Protect,Thunder|Timid||M|||50|]Rotom-Heat||FocusSash|Levitate|Discharge,WillOWisp,Thunderbolt,Protect|Modest|||||50|]Sinistcha||ColburBerry|Hospitality|TrickRoom,MatchaGotcha,LifeDew,RagePowder|Calm|||||50|]Annihilape||Leftovers|InnerFocus|BulkUp,RageFist,DrainPunch,Protect|Adamant||F|||50|]Basculegion||LifeOrb|Adaptability|AquaJet,LastRespects,WaveCrash,Protect|Jolly||M|||50|
|
|t:|1785333263
|teamsize|p1|4
|teamsize|p2|4
|start
|switch|p1a: Yggdrasil|Venusaur, L50, M|100/100
|switch|p1b: Griffith|Corviknight, L50, M|100/100
|switch|p2a: Sceptile|Sceptile, L50, F|100/100
|switch|p2b: Heliolisk|Heliolisk, L50, M|100/100
|turn|1
|
|t:|1785333314
|switch|p1b: Frieren|Sylveon, L50, F|100/100
|detailschange|p2a: Sceptile|Sceptile-Mega, L50, F
|-mega|p2a: Sceptile|Sceptile|Sceptilite
|detailschange|p1a: Yggdrasil|Venusaur-Mega, L50, M
|-mega|p1a: Yggdrasil|Venusaur|Venusaurite
|move|p2b: Heliolisk|Electrify|p2a: Sceptile
|-activate|p2a: Sceptile|ability: Lightning Rod
|-ability|p2a: Sceptile|Lightning Rod|boost
|-boost|p2a: Sceptile|spa|1
|move|p2a: Sceptile|Leaf Storm|p1a: Yggdrasil
|-resisted|p1a: Yggdrasil|2
|-damage|p1a: Yggdrasil|78/100
|-unboost|p2a: Sceptile|spa|2
|move|p1a: Yggdrasil|Earth Power|p2b: Heliolisk
|-supereffective|p2b: Heliolisk|1
|-damage|p2b: Heliolisk|12/100
|
|upkeep
|turn|2
|
|t:|1785333358
|move|p2b: Heliolisk|Electrify|p2a: Sceptile
|-activate|p2a: Sceptile|ability: Lightning Rod
|-ability|p2a: Sceptile|Lightning Rod|boost
|-boost|p2a: Sceptile|spa|1
|move|p2a: Sceptile|Leaf Storm|p1b: Frieren
|-damage|p1b: Frieren|44/100
|-unboost|p2a: Sceptile|spa|2
|move|p1a: Yggdrasil|Sludge Bomb|p2a: Sceptile
|-supereffective|p2a: Sceptile|1
|-damage|p2a: Sceptile|0 fnt
|faint|p2a: Sceptile
|move|p1b: Frieren|Hyper Voice|p2b: Heliolisk
|-damage|p2b: Heliolisk|0 fnt
|faint|p2b: Heliolisk
|
|upkeep
|
|t:|1785333373
|switch|p2a: Sinistcha|Sinistcha, L50|100/100
|switch|p2b: Basculegion|Basculegion, L50, M|100/100
|turn|3
|
|t:|1785333385
|switch|p1b: Wolverine|Incineroar, L50, M|100/100
|-ability|p1b: Wolverine|Intimidate|boost
|-unboost|p2a: Sinistcha|atk|1
|-unboost|p2b: Basculegion|atk|1
|move|p2a: Sinistcha|Rage Powder|p2a: Sinistcha
|-singleturn|p2a: Sinistcha|move: Rage Powder
|move|p2b: Basculegion|Last Respects|p1a: Yggdrasil
|-damage|p1a: Yggdrasil|14/100
|-damage|p2b: Basculegion|90/100|[from] item: Life Orb
|move|p1a: Yggdrasil|Giga Drain|p2b: Basculegion
|-supereffective|p2b: Basculegion|1
|-damage|p2b: Basculegion|0 fnt
|-heal|p1a: Yggdrasil|62/100|[from] drain|[of] p2b: Basculegion
|faint|p2b: Basculegion
|
|upkeep
|turn|4
|
|t:|1785333410
|move|p1a: Yggdrasil|Sludge Bomb|p2a: Sinistcha
|-damage|p2a: Sinistcha|53/100
|move|p2a: Sinistcha|Matcha Gotcha|p1b: Wolverine|[spread] p1a
|-miss|p2a: Sinistcha|p1b: Wolverine
|-resisted|p1a: Yggdrasil|2
|-damage|p1a: Yggdrasil|57/100
|-heal|p2a: Sinistcha|56/100|[from] drain|[of] p1a: Yggdrasil
|move|p1b: Wolverine|Throat Chop|p2a: Sinistcha
|-supereffective|p2a: Sinistcha|1
|-enditem|p2a: Sinistcha|Colbur Berry|[eat]
|-enditem|p2a: Sinistcha|Colbur Berry|[weaken]
|-damage|p2a: Sinistcha|15/100
|-start|p2a: Sinistcha|Throat Chop|[silent]
|
|upkeep
|turn|5
|
|t:|1785333429
|move|p1a: Yggdrasil|Sludge Bomb|p2a: Sinistcha
|-damage|p2a: Sinistcha|0 fnt
|faint|p2a: Sinistcha
|
|win|x-demon18
