|j|☆araragi koyomy
|j|☆BlackStag52
|html|araragi koyomyBlackStag52    
|uhtml|bestof|Game 1 of a best-of-3
|t:|1782348345
|gametype|doubles
|player|p1|araragi koyomy|blue|1127
|player|p2|BlackStag52|lorelei-gen3|1157
|gen|9
|tier|[Gen 9 Champions] VGC 2026 Reg M-B (Bo3)
|rated|
|rule|Species Clause: Limit one of each Pokémon
|rule|Item Clause: Limit 1 of each item
|clearpoke
|poke|p1|Charizard, L50, F|
|poke|p1|Garchomp, L50, M|
|poke|p1|Sylveon, L50, M|
|poke|p1|Farigiraf, L50, F|
|poke|p1|Kingambit, L50, F|
|poke|p1|Aerodactyl, L50, F|
|poke|p2|Garchomp, L50, M|
|poke|p2|Eelektross, L50, M|
|poke|p2|Sinistcha, L50|
|poke|p2|Primarina, L50, F|
|poke|p2|Vivillon-High Plains, L50, F|
|poke|p2|Sneasler, L50, F|
|teampreview|4
|showteam|p1|Charizard||CharizarditeY|Blaze|Protect,HeatWave,WeatherBall,SolarBeam|Timid||F|||50|]Garchomp||SoftSand|RoughSkin|Protect,DragonClaw,StompingTantrum,Earthquake|Jolly||M|||50|]Sylveon||FairyFeather|Pixilate|Detect,QuickAttack,HyperVoice,HyperBeam|Modest||M|||50|]Farigiraf||SitrusBerry|ArmorTail|TwinBeam,Thunderbolt,Roar,TrickRoom|Quiet||F|||50|]Kingambit||FocusSash|Defiant|KowtowCleave,IronHead,SuckerPunch,LowKick|Adamant||F|||50|]Aerodactyl||Aerodactylite|RockHead|RockSlide,DualWingbeat,IceFang,Tailwind|Jolly||F|||50|
|showteam|p2|Garchomp||LifeOrb|RoughSkin|DragonClaw,Earthquake,Protect,RockSlide|Impish||M|||50|]Eelektross||Eelektrossite|Levitate|GrassKnot,Thunderbolt,Protect,Flamethrower|Modest||M|||50|]Sinistcha||KasibBerry|Hospitality|MatchaGotcha,RagePowder,TrickRoom,LifeDew|Bold|||||50|]Primarina||FairyFeather|LiquidVoice|DazzlingGleam,EnergyBall,HyperVoice,Protect|Modest||F|||50|]Vivillon-High Plains||FocusSash|FriendGuard|Tailwind,AirSlash,PollenPuff,Protect|Timid||F|||50|]Sneasler||WhiteHerb|Unburden|FakeOut,CloseCombat,DireClaw,Protect|Adamant||F|||50|
|inactive|Battle timer is ON: inactive players will automatically lose when time's up. (requested by araragi koyomy)
|inactive|araragi koyomy has 60 seconds left.
|
|t:|1782348381
|teamsize|p1|4
|teamsize|p2|4
|start
|switch|p1a: Charizard|Charizard, L50, F|100/100
|switch|p1b: Garchomp|Garchomp, L50, M|100/100
|switch|p2a: Eelektross|Eelektross, L50, M|100/100
|switch|p2b: Sneasler|Sneasler, L50, F|100/100
|turn|1
|inactive|araragi koyomy has 30 seconds left.
|
|t:|1782348415
|switch|p1a: Farigiraf|Farigiraf, L50, F|100/100
|detailschange|p2a: Eelektross|Eelektross-Mega, L50, M
|-mega|p2a: Eelektross|Eelektross|Eelektrossite
|move|p2b: Sneasler|Fake Out||[still]
|cant|p1a: Farigiraf|ability: Armor Tail|Fake Out|[of] p2b: Sneasler
|move|p1b: Garchomp|Stomping Tantrum|p2b: Sneasler
|-supereffective|p2b: Sneasler|1
|-damage|p2b: Sneasler|0 fnt
|faint|p2b: Sneasler
|move|p2a: Eelektross|Thunderbolt|p1a: Farigiraf
|-damage|p1a: Farigiraf|58/100
|
|upkeep
|
|t:|1782348433
|switch|p2b: Garchomp|Garchomp, L50, M|100/100
|turn|2
|inactive|araragi koyomy has 30 seconds left.
|
|t:|1782348465
|move|p2b: Garchomp|Protect|p2b: Garchomp
|-singleturn|p2b: Garchomp|Protect
|move|p1b: Garchomp|Dragon Claw|p2b: Garchomp
|-activate|p2b: Garchomp|move: Protect
|move|p2a: Eelektross|Thunderbolt|p1a: Farigiraf
|-damage|p1a: Farigiraf|14/100
|-enditem|p1a: Farigiraf|Sitrus Berry|[eat]
|-heal|p1a: Farigiraf|39/100|[from] item: Sitrus Berry
|move|p1a: Farigiraf|Twin Beam|p2a: Eelektross
|-damage|p2a: Eelektross|80/100
|-damage|p2a: Eelektross|63/100
|-hitcount|p2a: Eelektross|2
|
|upkeep
|turn|3
|inactive|BlackStag52 has 30 seconds left.
|
|t:|1782348495
|switch|p2b: Vivillon|Vivillon-High Plains, L50, F|100/100
|move|p1b: Garchomp|Dragon Claw|p2b: Vivillon
|-damage|p2b: Vivillon|12/100
|move|p2a: Eelektross|Thunderbolt|p1a: Farigiraf
|-damage|p1a: Farigiraf|0 fnt
|faint|p1a: Farigiraf
|-ability|p2a: Eelektross|Eelevate|boost
|-boost|p2a: Eelektross|spa|1
|
|upkeep
|
|t:|1782348511
|switch|p1a: Sylveon|Sylveon, L50, M|100/100
|turn|4
|
|t:|1782348525
|move|p1b: Garchomp|Dragon Claw|p2b: Vivillon
|-damage|p2b: Vivillon|0 fnt
|faint|p2b: Vivillon
|move|p2a: Eelektross|Thunderbolt|p1a: Sylveon
|-damage|p1a: Sylveon|41/100
|move|p1a: Sylveon|Hyper Beam|p2a: Eelektross|[miss]
|-miss|p1a: Sylveon|p2a: Eelektross
|
|upkeep
|
|t:|1782348532
|switch|p2b: Garchomp|Garchomp, L50, M|100/100
|turn|5
|
|t:|1782348551
|move|p2b: Garchomp|Protect|p2b: Garchomp
|-singleturn|p2b: Garchomp|Protect
|move|p1b: Garchomp|Dragon Claw|p2a: Eelektross
|-damage|p2a: Eelektross|15/100
|move|p2a: Eelektross|Thunderbolt|p1a: Sylveon
|-damage|p1a: Sylveon|0 fnt
|faint|p1a: Sylveon
|-ability|p2a: Eelektross|Eelevate|boost
|-boost|p2a: Eelektross|spa|1
|
|upkeep
|
|t:|1782348562
|switch|p1a: Charizard|Charizard, L50, F|100/100
|turn|6
|
|t:|1782348570
|detailschange|p1a: Charizard|Charizard-Mega-Y, L50, F
|-mega|p1a: Charizard|Charizard|Charizardite Y
|-weather|SunnyDay|[from] ability: Drought|[of] p1a: Charizard
|move|p1b: Garchomp|Dragon Claw|p2b: Garchomp
|-supereffective|p2b: Garchomp|1
|-damage|p2b: Garchomp|35/100
|-damage|p1b: Garchomp|87/100|[from] ability: Rough Skin|[of] p2b: Garchomp
|move|p1a: Charizard|Weather Ball|p2a: Eelektross
|-damage|p2a: Eelektross|0 fnt
|faint|p2a: Eelektross
|move|p2b: Garchomp|Dragon Claw|p1b: Garchomp
|-supereffective|p1b: Garchomp|1
|-damage|p1b: Garchomp|5/100
|-damage|p2b: Garchomp|22/100|[from] ability: Rough Skin|[of] p1b: Garchomp
|-damage|p2b: Garchomp|12/100|[from] item: Life Orb
|
|-weather|SunnyDay|[upkeep]
|upkeep
|turn|7
|
|t:|1782348589
|move|p1b: Garchomp|Dragon Claw|p2b: Garchomp
|-supereffective|p2b: Garchomp|1
|-damage|p2b: Garchomp|0 fnt
|-damage|p1b: Garchomp|0 fnt|[from] ability: Rough Skin|[of] p2b: Garchomp
|faint|p2b: Garchomp
|faint|p1b: Garchomp
|
|win|araragi koyomy
