|j|☆Astonished25
|j|☆TheGayOneVGC
|html|Astonished25TheGayOneVGC    
|uhtml|bestof|Game 1 of a best-of-3
|t:|1786081739
|gametype|doubles
|player|p1|Astonished25|unknown|1163
|player|p2|TheGayOneVGC|102|1063
|gen|9
|tier|[Gen 9 Champions] VGC 2026 Reg M-B (Bo3)
|rated|
|rule|Species Clause: Limit one of each Pokémon
|rule|Item Clause: Limit 1 of each item
|clearpoke
|poke|p1|Sinistcha, L50|
|poke|p1|Incineroar, L50, F|
|poke|p1|Floette-Eternal, L50, F|
|poke|p1|Staraptor, L50, M|
|poke|p1|Kingambit, L50, F|
|poke|p1|Maushold, L50|
|poke|p2|Sinistcha, L50|
|poke|p2|Staraptor, L50, M|
|poke|p2|Talonflame, L50, M|
|poke|p2|Incineroar, L50, F|
|poke|p2|Garchomp, L50, M|
|poke|p2|Blastoise, L50, F|
|teampreview|4
|showteam|p1|Sinistcha||ColburBerry|Hospitality|MatchaGotcha,RagePowder,TrickRoom,LifeDew|Relaxed|||||50|]Incineroar||PasshoBerry|Intimidate|ThroatChop,FlareBlitz,PartingShot,FakeOut|Adamant||F|||50|]Floette-Eternal||Floettite|FlowerVeil|Protect,CalmMind,Moonblast,DazzlingGleam|Modest||F|||50|]Staraptor||Staraptite|Intimidate|CloseCombat,DualWingbeat,Roost,Protect|Jolly||M|||50|]Kingambit||LifeOrb|Defiant|SuckerPunch,IronHead,KowtowCleave,Protect|Brave||F|||50|]Maushold||ChopleBerry|FriendGuard|Feint,FollowMe,Protect,BabyDollEyes|Careful|||||50|
|showteam|p2|Sinistcha||OccaBerry|Hospitality|ShadowBall,MatchaGotcha,LifeDew,RagePowder|Modest|||||50|]Staraptor||Staraptite|Intimidate|CloseCombat,Roost,Protect,BraveBird|Jolly||M|||50|]Talonflame||FocusSash|GaleWings|DualWingbeat,FeatherDance,Protect,Tailwind|Adamant||M|||50|]Incineroar||SitrusBerry|Intimidate|FakeOut,FlareBlitz,PartingShot,DarkestLariat|Adamant||F|||50|]Garchomp||WideLens|SandVeil|RockSlide,DragonRush,Protect,Earthquake|Jolly||M|||50|]Blastoise||Blastoisinite|Torrent|WaterSpout,DarkPulse,Protect,AuraSphere|Modest||F|||50|
|inactive|Battle timer is ON: inactive players will automatically lose when time's up. (requested by Astonished25)
|j| Fragoclock
|inactive|TheGayOneVGC has 60 seconds left.
|
|t:|1786081772
|teamsize|p1|4
|teamsize|p2|4
|start
|switch|p1a: Floette|Floette-Eternal, L50, F|100/100
|switch|p1b: Incineroar|Incineroar, L50, F|100/100
|switch|p2a: Staraptor|Staraptor, L50, M|100/100
|switch|p2b: Talonflame|Talonflame, L50, M|100/100
|-ability|p2a: Staraptor|Intimidate|boost
|-unboost|p1a: Floette|atk|1
|-unboost|p1b: Incineroar|atk|1
|-ability|p1b: Incineroar|Intimidate|boost
|-unboost|p2a: Staraptor|atk|1
|-unboost|p2b: Talonflame|atk|1
|turn|1
|inactive|Astonished25 has 30 seconds left.
|inactive|TheGayOneVGC has 30 seconds left.
|
|t:|1786081805
|switch|p2b: Sinistcha|Sinistcha, L50|100/100
|switch|p2a: Incineroar|Incineroar, L50, F|100/100
|-ability|p2a: Incineroar|Intimidate|boost
|-unboost|p1a: Floette|atk|1
|-unboost|p1b: Incineroar|atk|1
|detailschange|p1a: Floette|Floette-Mega, L50, F
|-mega|p1a: Floette|Floette|Floettite
|-ability|p1a: Floette|Fairy Aura
|move|p1a: Floette|Dazzling Gleam|p2a: Incineroar|[spread] p2a,p2b
|-damage|p2a: Incineroar|57/100
|-damage|p2b: Sinistcha|45/100
|move|p1b: Incineroar|Parting Shot|p2b: Sinistcha
|-unboost|p2b: Sinistcha|atk|1
|-unboost|p2b: Sinistcha|spa|1
|
|t:|1786081812
|switch|p1b: Maushold|Maushold, L50|100/100|[from] Parting Shot
|
|upkeep
|turn|2
|
|t:|1786081835
|switch|p1b: Incineroar|Incineroar, L50, F|100/100
|-ability|p1b: Incineroar|Intimidate|boost
|-unboost|p2a: Incineroar|atk|1
|-unboost|p2b: Sinistcha|atk|1
|move|p2a: Incineroar|Fake Out|p1b: Incineroar
|-damage|p1b: Incineroar|91/100
|move|p1a: Floette|Calm Mind|p1a: Floette
|-boost|p1a: Floette|spa|1
|-boost|p1a: Floette|spd|1
|move|p2b: Sinistcha|Life Dew|p2b: Sinistcha|[spread] p2a,p2b
|-heal|p2a: Incineroar|82/100
|-heal|p2b: Sinistcha|70/100
|
|upkeep
|turn|3
|l| Fragoclock
|inactive|Astonished25 has 30 seconds left.
|inactive|TheGayOneVGC has 30 seconds left.
|
|t:|1786081869
|move|p2b: Sinistcha|Rage Powder|p2b: Sinistcha
|-singleturn|p2b: Sinistcha|move: Rage Powder
|move|p1a: Floette|Moonblast|p2b: Sinistcha
|-damage|p2b: Sinistcha|0 fnt
|faint|p2b: Sinistcha
|move|p1b: Incineroar|Parting Shot|p2a: Incineroar
|-unboost|p2a: Incineroar|atk|1
|-unboost|p2a: Incineroar|spa|1
|
|t:|1786081872
|switch|p1b: Maushold|Maushold, L50|100/100|[from] Parting Shot
|move|p2a: Incineroar|Parting Shot|p1a: Floette
|-unboost|p1a: Floette|atk|1
|-unboost|p1a: Floette|spa|1
|
|t:|1786081885
|switch|p2a: Staraptor|Staraptor, L50, M|100/100|[from] Parting Shot
|-ability|p2a: Staraptor|Intimidate|boost
|-unboost|p1a: Floette|atk|1
|-unboost|p1b: Maushold|atk|1
|
|upkeep
|
|t:|1786081891
|switch|p2b: Talonflame|Talonflame, L50, M|100/100
|turn|4
|inactive|TheGayOneVGC has 30 seconds left.
|inactive|TheGayOneVGC has 20 seconds left.
|inactive|TheGayOneVGC has 15 seconds left.
|
|t:|1786081933
|switch|p1b: Incineroar|Incineroar, L50, F|91/100
|-ability|p1b: Incineroar|Intimidate|boost
|-unboost|p2a: Staraptor|atk|1
|-unboost|p2b: Talonflame|atk|1
|detailschange|p2a: Staraptor|Staraptor-Mega, L50, M
|-mega|p2a: Staraptor|Staraptor|Staraptite
|move|p2a: Staraptor|Protect|p2a: Staraptor
|-singleturn|p2a: Staraptor|Protect
|move|p2b: Talonflame|Tailwind|p2b: Talonflame
|-sidestart|p2: TheGayOneVGC|move: Tailwind
|move|p1a: Floette|Dazzling Gleam|p2a: Staraptor|[spread] p2b
|-activate|p2a: Staraptor|move: Protect
|-resisted|p2b: Talonflame|1
|-damage|p2b: Talonflame|58/100
|
|upkeep
|turn|5
|inactive|TheGayOneVGC has 30 seconds left.
|
|t:|1786081964
|switch|p2a: Incineroar|Incineroar, L50, F|82/100
|-ability|p2a: Incineroar|Intimidate|boost
|-unboost|p1a: Floette|atk|1
|-unboost|p1b: Incineroar|atk|1
|move|p1b: Incineroar|Fake Out|p2a: Incineroar
|-damage|p2a: Incineroar|75/100
|move|p2b: Talonflame|Feather Dance|p1b: Incineroar
|-unboost|p1b: Incineroar|atk|2
|move|p1a: Floette|Moonblast|p2a: Incineroar
|-damage|p2a: Incineroar|10/100
|-enditem|p2a: Incineroar|Sitrus Berry|[eat]
|-heal|p2a: Incineroar|35/100|[from] item: Sitrus Berry
|
|upkeep
|turn|6
|inactive|TheGayOneVGC has 30 seconds left.
|
|t:|1786081993
|switch|p1a: Maushold|Maushold, L50|100/100
|move|p2a: Incineroar|Fake Out|p1a: Maushold
|-damage|p1a: Maushold|85/100
|move|p2b: Talonflame|Dual Wingbeat|p1a: Maushold
|-damage|p1a: Maushold|73/100
|-damage|p1a: Maushold|61/100
|-hitcount|p1a: Maushold|2
|move|p1b: Incineroar|Parting Shot|p2a: Incineroar
|-unboost|p2a: Incineroar|atk|1
|-unboost|p2a: Incineroar|spa|1
|j| Fragoclock
|
|t:|1786082004
|switch|p1b: Floette|Floette-Mega, L50, F|100/100|[from] Parting Shot
|-ability|p1b: Floette|Fairy Aura
|
|upkeep
|turn|7
|
|t:|1786082013
|switch|p1a: Incineroar|Incineroar, L50, F|91/100
|-ability|p1a: Incineroar|Intimidate|boost
|-unboost|p2a: Incineroar|atk|1
|-unboost|p2b: Talonflame|atk|1
|move|p2b: Talonflame|Protect|p2b: Talonflame
|-singleturn|p2b: Talonflame|Protect
|move|p2a: Incineroar|Flare Blitz|p1b: Floette
|-crit|p1b: Floette
|-damage|p1b: Floette|20/100y
|-damage|p2a: Incineroar|12/100|[from] Recoil
|move|p1b: Floette|Calm Mind|p1b: Floette
|-boost|p1b: Floette|spa|1
|-boost|p1b: Floette|spd|1
|
|-sideend|p2: TheGayOneVGC|move: Tailwind
|upkeep
|turn|8
|
|t:|1786082031
|move|p1b: Floette|Protect|p1b: Floette
|-singleturn|p1b: Floette|Protect
|move|p2b: Talonflame|Tailwind|p2b: Talonflame
|-sidestart|p2: TheGayOneVGC|move: Tailwind
|move|p2a: Incineroar|Flare Blitz|p1b: Floette
|-activate|p1b: Floette|move: Protect
|move|p1a: Incineroar|Parting Shot|p2b: Talonflame
|-unboost|p2b: Talonflame|atk|1
|-unboost|p2b: Talonflame|spa|1
|
|t:|1786082036
|switch|p1a: Sinistcha|Sinistcha, L50|100/100|[from] Parting Shot
|-heal|p1b: Floette|44/100|[from] ability: Hospitality|[of] p1a: Sinistcha
|
|upkeep
|turn|9
|
|t:|1786082048
|move|p2b: Talonflame|Dual Wingbeat|p1b: Floette|[miss]
|-miss|p2b: Talonflame|p1b: Floette
|move|p2a: Incineroar|Parting Shot|p1b: Floette
|-unboost|p1b: Floette|atk|1
|-unboost|p1b: Floette|spa|1
|
|t:|1786082056
|switch|p2a: Staraptor|Staraptor-Mega, L50, M|100/100|[from] Parting Shot
|move|p1b: Floette|Dazzling Gleam|p2b: Talonflame|[spread] p2a,p2b
|-supereffective|p2a: Staraptor|1
|-resisted|p2b: Talonflame|1
|-damage|p2a: Staraptor|0 fnt
|-damage|p2b: Talonflame|20/100y
|faint|p2a: Staraptor
|move|p1a: Sinistcha|Trick Room|p1a: Sinistcha
|-fieldstart|move: Trick Room|[of] p1a: Sinistcha
|
|upkeep
|
|t:|1786082072
|switch|p2a: Incineroar|Incineroar, L50, F|12/100
|-ability|p2a: Incineroar|Intimidate|boost
|-unboost|p1a: Sinistcha|atk|1
|-unboost|p1b: Floette|atk|1
|turn|10
|
|t:|1786082078
|switch|p1a: Incineroar|Incineroar, L50, F|91/100
|-ability|p1a: Incineroar|Intimidate|boost
|-unboost|p2a: Incineroar|atk|1
|-unboost|p2b: Talonflame|atk|1
|move|p1b: Floette|Dazzling Gleam|p2b: Talonflame|[spread] p2a,p2b
|-resisted|p2b: Talonflame|1
|-damage|p2a: Incineroar|0 fnt
|-damage|p2b: Talonflame|0 fnt
|faint|p2a: Incineroar
|faint|p2b: Talonflame
|
|win|Astonished25
||Astonished25 is ready for game 2.
|inactive|TheGayOneVGC has 30 seconds to confirm battle start!
|inactive|TheGayOneVGC has 20 seconds to confirm battle start!
||TheGayOneVGC is ready for game 2.
|uhtml|next|Next: Game 2 of 3
|l| Fragoclock
