|j|☆Truevillany123
|j|☆Caporosso74
|html|Truevillany123Caporosso74    
|uhtml|bestof|Game 1 of a best-of-3
|t:|1756910673
|gametype|doubles
|player|p1|Truevillany123|steven|1024
|player|p2|Caporosso74|170|1022
|gen|9
|tier|[Gen 9] VGC 2025 Reg H (Bo3)
|rated|
|rule|Species Clause: Limit one of each Pokémon
|rule|Item Clause: Limit 1 of each item
|clearpoke
|poke|p1|Ursaluna-Bloodmoon, L50, M|
|poke|p1|Gholdengo, L50|
|poke|p1|Dragonite, L50, F|
|poke|p1|Sneasler, L50, F|
|poke|p1|Incineroar, L50, M|
|poke|p1|Amoonguss, L50, F|
|poke|p2|Pelipper, L50, F|
|poke|p2|Basculegion, L50, M|
|poke|p2|Archaludon, L50, F|
|poke|p2|Rillaboom, L50, F|
|poke|p2|Ursaluna-Bloodmoon, L50, M|
|poke|p2|Sableye, L50, M|
|teampreview|4
|showteam|p1|Ursaluna-Bloodmoon||AssaultVest|MindsEye|BloodMoon,EarthPower,VacuumWave,HyperVoice|||M|||50|,,,,,Water]Gholdengo||LifeOrb|GoodasGold|Protect,MakeItRain,ShadowBall,NastyPlot||||||50|,,,,,Water]Dragonite||LoadedDice|Multiscale|ScaleShot,Tailwind,Haze,Protect|||F|||50|,,,,,Fairy]Sneasler||FocusSash|Unburden|Protect,DireClaw,CloseCombat,ThroatChop|||F|||50|,,,,,Stellar]Incineroar||SafetyGoggles|Intimidate|KnockOff,PartingShot,FlareBlitz,FakeOut|||M|||50|,,,,,Ghost]Amoonguss||SitrusBerry|Regenerator|RagePowder,Spore,PollenPuff,Protect|||F|||50|,,,,,Psychic
|showteam|p2|Pelipper||FocusSash|Drizzle|Hurricane,Protect,WeatherBall,Tailwind|||F|||50|,,,,,Ghost]Basculegion||LifeOrb|SwiftSwim|LastRespects,AquaJet,WaveCrash,Protect|||M|||50|,,,,,Water]Archaludon||PowerHerb|Sturdy|DragonPulse,ElectroShot,Protect,FlashCannon|||F|||50|,,,,,Electric]Rillaboom||AssaultVest|GrassySurge|FakeOut,HighHorsepower,GrassyGlide,Uturn|||F|||50|,,,,,Water]Ursaluna-Bloodmoon||SafetyGoggles|MindsEye|BloodMoon,Protect,EarthPower,HyperVoice|||M|||50|,,,,,Normal]Sableye||CovertCloak|Prankster|Disable,Encore,Taunt,FoulPlay|||M|||50|,,,,,Dark
|
|t:|1756910687
|teamsize|p1|4
|teamsize|p2|4
|start
|switch|p1a: Dragonite|Dragonite, L50, F|100/100
|switch|p1b: Sneasler|Sneasler, L50, F|100/100
|switch|p2a: Sableye|Sableye, L50, M|100/100
|switch|p2b: Archaludon|Archaludon, L50, F|100/100
|turn|1
|
|t:|1756910708
|switch|p1a: Incineroar|Incineroar, L50, M|100/100
|-ability|p1a: Incineroar|Intimidate|boost
|-unboost|p2a: Sableye|atk|1
|-unboost|p2b: Archaludon|atk|1
|move|p1b: Sneasler|Protect|p1b: Sneasler
|-singleturn|p1b: Sneasler|Protect
|move|p2b: Archaludon|Protect|p2b: Archaludon
|-singleturn|p2b: Archaludon|Protect
|move|p2a: Sableye|Taunt|p1b: Sneasler
|-activate|p1b: Sneasler|move: Protect
|
|upkeep
|turn|2
|inactive|Battle timer is ON: inactive players will automatically lose when time's up. (requested by Caporosso74)
|
|t:|1756910722
|move|p2b: Archaludon|Protect||[still]
|-fail|p2b: Archaludon
|move|p2a: Sableye|Encore|p1b: Sneasler
|-start|p1b: Sneasler|Encore
|move|p1b: Sneasler|Protect|p1b: Sneasler
|-singleturn|p1b: Sneasler|Protect
|move|p1a: Incineroar|Knock Off|p2b: Archaludon
|-damage|p2b: Archaludon|65/100
|-enditem|p2b: Archaludon|Power Herb|[from] move: Knock Off|[of] p1a: Incineroar
|
|upkeep
|turn|3
|
|t:|1756910743
|switch|p1b: Amoonguss|Amoonguss, L50, F|100/100
|move|p2a: Sableye|Disable|p1a: Incineroar
|-hint|Since gen 7, Dark is immune to Prankster moves.
|-immune|p1a: Incineroar
|move|p2b: Archaludon|Flash Cannon|p1b: Amoonguss
|-damage|p1b: Amoonguss|63/100
|move|p1a: Incineroar|Parting Shot|p2a: Sableye
|-unboost|p2a: Sableye|atk|1
|-unboost|p2a: Sableye|spa|1
|
|t:|1756910748
|switch|p1a: Sneasler|Sneasler, L50, F|100/100|[from] Parting Shot
|
|upkeep
|turn|4
|
|t:|1756910770
|move|p1b: Amoonguss|Rage Powder|p1b: Amoonguss
|-singleturn|p1b: Amoonguss|move: Rage Powder
|move|p2a: Sableye|Taunt|p1b: Amoonguss
|-start|p1b: Amoonguss|move: Taunt
|move|p1a: Sneasler|Dire Claw|p2a: Sableye
|-resisted|p2a: Sableye
|-damage|p2a: Sableye|81/100
|move|p2b: Archaludon|Flash Cannon|p1b: Amoonguss
|-damage|p1b: Amoonguss|23/100
|-enditem|p1b: Amoonguss|Sitrus Berry|[eat]
|-heal|p1b: Amoonguss|48/100|[from] item: Sitrus Berry
|
|upkeep
|turn|5
|c|☆Truevillany123|Gg
|
|t:|1756910788
|switch|p1b: Incineroar|Incineroar, L50, M|100/100
|-ability|p1b: Incineroar|Intimidate|boost
|-unboost|p2a: Sableye|atk|1
|-unboost|p2b: Archaludon|atk|1
|-terastallize|p1a: Sneasler|Stellar
|move|p2a: Sableye|Disable|p1a: Sneasler
|-start|p1a: Sneasler|Disable|Dire Claw
|move|p1a: Sneasler|Throat Chop|p2a: Sableye
|-damage|p2a: Sableye|48/100
|move|p2b: Archaludon|Flash Cannon|p1b: Incineroar
|-resisted|p1b: Incineroar
|-damage|p1b: Incineroar|79/100
|
|upkeep
|turn|6
|
|t:|1756910806
|move|p2b: Archaludon|Protect|p2b: Archaludon
|-singleturn|p2b: Archaludon|Protect
|move|p2a: Sableye|Encore|p1a: Sneasler
|-start|p1a: Sneasler|Encore
|move|p1a: Sneasler|Throat Chop|p2a: Sableye
|-damage|p2a: Sableye|20/100
|move|p1b: Incineroar|Flare Blitz|p2a: Sableye
|-damage|p2a: Sableye|0 fnt
|faint|p2a: Sableye
|-damage|p1b: Incineroar|74/100|[from] Recoil
|
|upkeep
|n|!Truevillany123|truevillany123
|
|t:|1756910817
|switch|p2a: Pelipper|Pelipper, L50, F|100/100
|-weather|RainDance|[from] ability: Drizzle|[of] p2a: Pelipper
|turn|7
|
|t:|1756910828
|switch|p1a: Amoonguss|Amoonguss, L50, F|81/100
|switch|p2b: Basculegion|Basculegion, L50, M|100/100
|switch|p1b: Dragonite|Dragonite, L50, F|100/100
|move|p2a: Pelipper|Weather Ball|p1b: Dragonite
|-resisted|p1b: Dragonite
|-damage|p1b: Dragonite|82/100
|
|-weather|RainDance|[upkeep]
|upkeep
|turn|8
|
|t:|1756910842
|-terastallize|p2b: Basculegion|Water
|move|p1a: Amoonguss|Protect|p1a: Amoonguss
|-singleturn|p1a: Amoonguss|Protect
|move|p2b: Basculegion|Wave Crash|p1b: Dragonite
|-resisted|p1b: Dragonite
|-damage|p1b: Dragonite|0 fnt
|faint|p1b: Dragonite
|-damage|p2b: Basculegion|77/100|[from] Recoil
|-damage|p2b: Basculegion|68/100|[from] item: Life Orb
|move|p2a: Pelipper|Hurricane|p1a: Amoonguss
|-activate|p1a: Amoonguss|move: Protect
|
|-weather|RainDance|[upkeep]
|upkeep
|
|t:|1756910849
|switch|p1b: Incineroar|Incineroar, L50, M|74/100
|-ability|p1b: Incineroar|Intimidate|boost
|-unboost|p2a: Pelipper|atk|1
|-unboost|p2b: Basculegion|atk|1
|turn|9
|-message|Truevillany123 forfeited.
|
|win|Caporosso74
