|j|☆TetheredAvian74
|j|☆Rugss
|html|TetheredAvian74Rugss    
|uhtml|bestof|Game 2 of a best-of-3
|t:|1784158701
|gametype|doubles
|player|p1|TetheredAvian74|101|1096
|player|p2|Rugss|lucas|1000
|gen|9
|tier|[Gen 9 Champions] VGC 2026 Reg M-B (Bo3)
|rated|
|rule|Species Clause: Limit one of each Pokémon
|rule|Item Clause: Limit 1 of each item
|clearpoke
|poke|p1|Pelipper, L50, F|
|poke|p1|Grimmsnarl, L50, M|
|poke|p1|Sinistcha, L50|
|poke|p1|Blastoise, L50, M|
|poke|p1|Archaludon, L50, F|
|poke|p1|Raichu, L50, F|
|poke|p2|Toxapex, L50, M|
|poke|p2|Charizard, L50, F, shiny|
|poke|p2|Gliscor, L50, M|
|poke|p2|Incineroar, L50, F|
|poke|p2|Mamoswine, L50, M|
|poke|p2|Raichu, L50, M|
|teampreview|4
|showteam|p1|Pelipper||DampRock|Drizzle|Tailwind,Uturn,Hurricane,WeatherBall|Modest||F|||50|]Grimmsnarl||LightClay|Prankster|Reflect,LightScreen,PartingShot,SuckerPunch|Impish||M|||50|]Sinistcha||SitrusBerry|Hospitality|RagePowder,LifeDew,MatchaGotcha,StrengthSap|Calm|||||50|]Blastoise||Blastoisinite|RainDish|ShellSmash,WaterSpout,DarkPulse,Protect|Modest||M|||50|]Archaludon||Leftovers|Stamina|ElectroShot,DragonPulse,FlashCannon,Protect|Calm||F|||50|]Raichu||RaichuniteX|LightningRod|FakeOut,VoltTackle,VoltSwitch,BrickBreak|Jolly||F|||50|
|showteam|p2|Toxapex||Leftovers|Regenerator|Infestation,Toxic,WideGuard,BanefulBunker|Bold||M|||50|]Charizard||CharizarditeY|Blaze|HeatWave,Protect,SolarBeam,WeatherBall|Timid||F|||50|]Gliscor||YacheBerry|HyperCutter|StealthRock,RockSlide,Protect,DualWingbeat|Jolly||M|||50|]Incineroar||SitrusBerry|Intimidate|FakeOut,PartingShot,FlareBlitz,ThroatChop|Impish||F|||50|]Mamoswine||FocusSash|Oblivious|Earthquake,IceShard,IcicleCrash,Protect|Adamant||M|||50|]Raichu||RaichuniteY|Static|FakeOut,Protect,ZapCannon,FocusBlast|Timid||M|||50|
|inactive|Battle timer is ON: inactive players will automatically lose when time's up. (requested by TetheredAvian74)
|inactive|Rugss has 60 seconds left.
|
|t:|1784158741
|teamsize|p1|4
|teamsize|p2|4
|start
|switch|p1a: Raichu|Raichu, L50, F|100/100
|switch|p1b: Pelipper|Pelipper, L50, F|100/100
|switch|p2a: Incineroar|Incineroar, L50, F|100/100
|switch|p2b: Toxapex|Toxapex, L50, M|100/100
|-ability|p2a: Incineroar|Intimidate|boost
|-unboost|p1a: Raichu|atk|1
|-unboost|p1b: Pelipper|atk|1
|-weather|RainDance|[from] ability: Drizzle|[of] p1b: Pelipper
|turn|1
|inactive|Rugss has 30 seconds left.
|
|t:|1784158775
|move|p1a: Raichu|Fake Out|p2a: Incineroar
|-damage|p2a: Incineroar|94/100
|cant|p2a: Incineroar|flinch
|move|p1b: Pelipper|Tailwind|p1b: Pelipper
|-sidestart|p1: TetheredAvian74|move: Tailwind
|move|p2b: Toxapex|Toxic|p1b: Pelipper
|-status|p1b: Pelipper|tox
|
|-weather|RainDance|[upkeep]
|-damage|p1b: Pelipper|94/100 tox|[from] psn
|upkeep
|turn|2
|inactive|Rugss has 30 seconds left.
|
|t:|1784158807
|move|p1a: Raichu|Brick Break|p2a: Incineroar
|-supereffective|p2a: Incineroar|1
|-damage|p2a: Incineroar|70/100
|move|p1b: Pelipper|U-turn|p2a: Incineroar
|-damage|p2a: Incineroar|65/100
|
|t:|1784158813
|switch|p1b: Archaludon|Archaludon, L50, F|100/100|[from] U-turn
|move|p2a: Incineroar|Parting Shot|p1a: Raichu
|-unboost|p1a: Raichu|atk|1
|-unboost|p1a: Raichu|spa|1
|
|t:|1784158823
|switch|p2a: Mamoswine|Mamoswine, L50, M|100/100|[from] Parting Shot
|move|p2b: Toxapex|Toxic|p1a: Raichu
|-status|p1a: Raichu|tox
|
|-weather|RainDance|[upkeep]
|-damage|p1a: Raichu|94/100 tox|[from] psn
|upkeep
|turn|3
|inactive|TetheredAvian74 has 30 seconds left.
|inactive|Rugss has 30 seconds left.
|inactive|Rugss has 20 seconds left.
|inactive|Rugss has 15 seconds left.
|
|t:|1784158865
|switch|p2b: Incineroar|Incineroar, L50, F|65/100
|-ability|p2b: Incineroar|Intimidate|boost
|-unboost|p1a: Raichu|atk|1
|-unboost|p1b: Archaludon|atk|1
|detailschange|p1a: Raichu|Raichu-Mega-X, L50, F
|-mega|p1a: Raichu|Raichu|Raichunite X
|-fieldstart|move: Electric Terrain|[from] ability: Electric Surge|[of] p1a: Raichu
|move|p2a: Mamoswine|Protect|p2a: Mamoswine
|-singleturn|p2a: Mamoswine|Protect
|move|p1a: Raichu|Brick Break|p2a: Mamoswine
|-activate|p2a: Mamoswine|move: Protect
|move|p1b: Archaludon|Flash Cannon|p2a: Mamoswine
|-activate|p2a: Mamoswine|move: Protect
|
|-weather|RainDance|[upkeep]
|-damage|p1a: Raichu|82/100 tox|[from] psn
|upkeep
|turn|4
|inactive|Rugss has 30 seconds left.
|inactive|Rugss has 20 seconds left.
|inactive|Rugss has 15 seconds left.
|inactive|Rugss has 10 seconds left.
|inactive|Rugss has 5 seconds left.
|
|t:|1784158915
|move|p2b: Incineroar|Fake Out|p1a: Raichu
|-damage|p1a: Raichu|67/100 tox
|cant|p1a: Raichu|flinch
|move|p1b: Archaludon|Flash Cannon|p2a: Mamoswine
|-supereffective|p2a: Mamoswine|1
|-damage|p2a: Mamoswine|8/100
|move|p2a: Mamoswine|Icicle Crash|p1b: Archaludon
|-damage|p1b: Archaludon|63/100
|-ability|p1b: Archaludon|Stamina|boost
|-boost|p1b: Archaludon|def|1
|
|-weather|RainDance|[upkeep]
|-heal|p1b: Archaludon|69/100|[from] item: Leftovers
|-damage|p1a: Raichu|49/100 tox|[from] psn
|-sideend|p1: TetheredAvian74|move: Tailwind
|upkeep
|turn|5
|inactive|Rugss has 30 seconds left.
|
|t:|1784158943
|switch|p1a: Blastoise|Blastoise, L50, M|100/100
|move|p2a: Mamoswine|Ice Shard|p1a: Blastoise
|-resisted|p1a: Blastoise|1
|-damage|p1a: Blastoise|88/100
|move|p1b: Archaludon|Electro Shot||[still]
|-prepare|p1b: Archaludon|Electro Shot
|-boost|p1b: Archaludon|spa|1
|-anim|p1b: Archaludon|Electro Shot|p2b: Incineroar
|-damage|p2b: Incineroar|2/100
|-enditem|p2b: Incineroar|Sitrus Berry|[eat]
|-heal|p2b: Incineroar|27/100|[from] item: Sitrus Berry
|move|p2b: Incineroar|Parting Shot|p1b: Archaludon
|-unboost|p1b: Archaludon|atk|1
|-unboost|p1b: Archaludon|spa|1
|
|t:|1784158962
|switch|p2b: Toxapex|Toxapex, L50, M|100/100|[from] Parting Shot
|
|-weather|RainDance|[upkeep]
|-heal|p1a: Blastoise|94/100|[from] ability: Rain Dish
|-heal|p1b: Archaludon|75/100|[from] item: Leftovers
|upkeep
|turn|6
|inactive|Rugss has 30 seconds left.
|inactive|TetheredAvian74 has 30 seconds left.
|
|t:|1784158998
|move|p2b: Toxapex|Wide Guard|p2b: Toxapex
|-singleturn|p2b: Toxapex|Wide Guard
|move|p2a: Mamoswine|Earthquake|p1a: Blastoise|[spread] p1a,p1b
|-activate|p2b: Toxapex|move: Wide Guard
|-supereffective|p1b: Archaludon|1
|-damage|p1a: Blastoise|53/100
|-damage|p1b: Archaludon|31/100
|-ability|p1b: Archaludon|Stamina|boost
|-boost|p1b: Archaludon|def|1
|move|p1b: Archaludon|Flash Cannon|p2a: Mamoswine
|-supereffective|p2a: Mamoswine|1
|-damage|p2a: Mamoswine|0 fnt
|faint|p2a: Mamoswine
|move|p1a: Blastoise|Water Spout|p2b: Toxapex
|-activate|p2b: Toxapex|move: Wide Guard
|
|-weather|RainDance|[upkeep]
|-heal|p1a: Blastoise|59/100|[from] ability: Rain Dish
|-heal|p1b: Archaludon|38/100|[from] item: Leftovers
|upkeep
|
|t:|1784159020
|switch|p2a: Charizard|Charizard, L50, F, shiny|100/100
|turn|7
|inactive|Rugss has 30 seconds left.
|
|t:|1784159053
|move|p2a: Charizard|Protect|p2a: Charizard
|-singleturn|p2a: Charizard|Protect
|move|p1b: Archaludon|Protect|p1b: Archaludon
|-singleturn|p1b: Archaludon|Protect
|move|p1a: Blastoise|Water Spout|p2b: Toxapex|[spread] p2b
|-activate|p2a: Charizard|move: Protect
|-resisted|p2b: Toxapex|1
|-damage|p2b: Toxapex|84/100
|move|p2b: Toxapex|Infestation|p1a: Blastoise
|-damage|p1a: Blastoise|56/100
|-activate|p1a: Blastoise|move: Infestation|[of] p2b: Toxapex
|
|-weather|RainDance|[upkeep]
|-heal|p1a: Blastoise|62/100|[from] ability: Rain Dish
|-heal|p1b: Archaludon|44/100|[from] item: Leftovers
|-heal|p2b: Toxapex|90/100|[from] item: Leftovers
|-damage|p1a: Blastoise|50/100y|[from] move: Infestation|[partiallytrapped]
|-fieldend|move: Electric Terrain
|upkeep
|turn|8
|inactive|TetheredAvian74 has 30 seconds left.
|inactive|Rugss has 30 seconds left.
|inactive|TetheredAvian74 has 20 seconds left.
|inactive|Rugss has 20 seconds left.
|
|t:|1784159089
|switch|p2a: Incineroar|Incineroar, L50, F|27/100
|-ability|p2a: Incineroar|Intimidate|boost
|-unboost|p1a: Blastoise|atk|1
|-unboost|p1b: Archaludon|atk|1
|switch|p1b: Raichu|Raichu-Mega-X, L50, F|49/100 tox
|-fieldstart|move: Electric Terrain|[from] ability: Electric Surge|[of] p1b: Raichu
|move|p2b: Toxapex|Wide Guard|p2b: Toxapex
|-singleturn|p2b: Toxapex|Wide Guard
|move|p1a: Blastoise|Shell Smash|p1a: Blastoise
|-unboost|p1a: Blastoise|def|1
|-unboost|p1a: Blastoise|spd|1
|-boost|p1a: Blastoise|atk|2
|-boost|p1a: Blastoise|spa|2
|-boost|p1a: Blastoise|spe|2
|
|-weather|none
|-heal|p2b: Toxapex|96/100|[from] item: Leftovers
|-damage|p1b: Raichu|43/100 tox|[from] psn
|-damage|p1a: Blastoise|37/100|[from] move: Infestation|[partiallytrapped]
|upkeep
|turn|9
|inactive|TetheredAvian74 has 30 seconds left.
|inactive|Rugss has 30 seconds left.
|
|t:|1784159120
|move|p1b: Raichu|Fake Out|p2a: Incineroar
|-damage|p2a: Incineroar|15/100
|cant|p2a: Incineroar|flinch
|move|p1a: Blastoise|Dark Pulse|p2b: Toxapex
|-damage|p2b: Toxapex|59/100
|move|p2b: Toxapex|Toxic|p1a: Blastoise
|-status|p1a: Blastoise|tox
|
|-heal|p2b: Toxapex|64/100|[from] item: Leftovers
|-damage|p1a: Blastoise|31/100 tox|[from] psn
|-damage|p1b: Raichu|32/100 tox|[from] psn
|-damage|p1a: Blastoise|19/100 tox|[from] move: Infestation|[partiallytrapped]
|upkeep
|turn|10
|inactive|Rugss has 30 seconds left.
|inactive|Rugss has 20 seconds left.
|inactive|Rugss has 15 seconds left.
|
|t:|1784159161
|move|p2b: Toxapex|Baneful Bunker|p2b: Toxapex
|-singleturn|p2b: Toxapex|move: Protect
|move|p1a: Blastoise|Water Spout|p2a: Incineroar|[spread] p2a
|-activate|p2b: Toxapex|move: Protect
|-supereffective|p2a: Incineroar|1
|-damage|p2a: Incineroar|0 fnt
|faint|p2a: Incineroar
|move|p1b: Raichu|Volt Switch|p2b: Toxapex
|-activate|p2b: Toxapex|move: Protect
|
|-heal|p2b: Toxapex|70/100|[from] item: Leftovers
|-damage|p1a: Blastoise|7/100 tox|[from] psn
|-damage|p1b: Raichu|14/100 tox|[from] psn
|-damage|p1a: Blastoise|0 fnt|[from] move: Infestation|[partiallytrapped]
|faint|p1a: Blastoise
|upkeep
|
|t:|1784159176
|switch|p1a: Archaludon|Archaludon, L50, F|44/100
|switch|p2a: Charizard|Charizard, L50, F, shiny|100/100
|turn|11
|inactive|Rugss has 30 seconds left.
|inactive|Rugss has 20 seconds left.
|inactive|Rugss has 15 seconds left.
|inactive|Rugss has 10 seconds left.
|inactive|Rugss has 5 seconds left.
|
|t:|1784159208
|move|p2a: Charizard|Protect|p2a: Charizard
|-singleturn|p2a: Charizard|Protect
|move|p1a: Archaludon|Protect|p1a: Archaludon
|-singleturn|p1a: Archaludon|Protect
|move|p1b: Raichu|Volt Tackle|p2a: Charizard
|-activate|p2a: Charizard|move: Protect
|move|p2b: Toxapex|Infestation|p1a: Archaludon
|-activate|p1a: Archaludon|move: Protect
|
|-heal|p1a: Archaludon|50/100g|[from] item: Leftovers
|-heal|p2b: Toxapex|76/100|[from] item: Leftovers
|-damage|p1b: Raichu|0 fnt|[from] psn
|faint|p1b: Raichu
|upkeep
|
|t:|1784159217
|switch|p1b: Pelipper|Pelipper, L50, F|94/100 tox
|-weather|RainDance|[from] ability: Drizzle|[of] p1b: Pelipper
|turn|12
|inactive|Rugss has 5 seconds left this turn.
|-message|Rugss lost due to inactivity.
|
|win|TetheredAvian74
|raw|TetheredAvian74's rating: 1096 → 1115(+19 for winning)
|raw|Rugss's rating: 1000 → 1000(+0 for losing)
|l|☆TetheredAvian74
|player|p1|
