|j|☆fa15eh0pe
|j|☆ClefableBot
|html|fa15eh0peClefableBot    
|uhtml|bestof|Game 1 of a best-of-3
|t:|1782764878
|gametype|doubles
|player|p1|fa15eh0pe|169|1134
|player|p2|ClefableBot|koga|1257
|gen|9
|tier|[Gen 9 Champions] VGC 2026 Reg M-B (Bo3)
|rated|
|rule|Species Clause: Limit one of each Pokémon
|rule|Item Clause: Limit 1 of each item
|clearpoke
|poke|p1|Raichu, L50, M|
|poke|p1|Gholdengo, L50|
|poke|p1|Whimsicott, L50, F|
|poke|p1|Garchomp, L50, M|
|poke|p1|Floette-Eternal, L50, F|
|poke|p1|Basculegion, L50, M|
|poke|p2|Floette-Eternal, L50, F|
|poke|p2|Delphox, L50, M|
|poke|p2|Incineroar, L50, F|
|poke|p2|Sinistcha-Masterpiece, L50|
|poke|p2|Maushold-Four, L50|
|poke|p2|Vivillon, L50, M|
|teampreview|4
|showteam|p1|Raichu||RaichuniteY|LightningRod|ZapCannon,FakeOut,FocusBlast,Protect|Modest||M|||50|]Gholdengo||LifeOrb|GoodasGold|MakeItRain,NastyPlot,ShadowBall,Protect|Modest|||||50|]Whimsicott||FocusSash|Prankster|Tailwind,Moonblast,Encore,Protect|Modest||F|||50|]Garchomp||SitrusBerry|RoughSkin|RockSlide,StompingTantrum,DragonClaw,Protect|Adamant||M|||50|]Floette-Eternal||Floettite|FlowerVeil|Protect,Moonblast,LightofRuin,DazzlingGleam|Timid||F|||50|]Basculegion||MysticWater|Adaptability|Protect,WaveCrash,LastRespects,AquaJet|Adamant||M|||50|
|showteam|p2|Floette-Eternal||Floettite|FlowerVeil|Protect,DrainingKiss,Moonblast,CalmMind|Bold||F|||50|]Delphox||Delphoxite|Blaze|HeatWave,Psychic,NastyPlot,Protect|Timid||M|||50|]Incineroar||PasshoBerry|Intimidate|FlareBlitz,ThroatChop,PartingShot,FakeOut|Careful||F|||50|]Sinistcha-Masterpiece||KasibBerry|Hospitality|Protect,RagePowder,MatchaGotcha,LifeDew|Bold|||||50|]Maushold-Four||FocusSash|FriendGuard|Protect,FollowMe,SuperFang,Feint|Timid|||||50|]Vivillon||ChoiceScarf|CompoundEyes|SleepPowder,Hurricane,RagePowder,PollenPuff|Timid||M|||50|
|inactive|Battle timer is ON: inactive players will automatically lose when time's up. (requested by ClefableBot)
|inactive|fa15eh0pe also wants the timer to be on.
|inactive|ClefableBot has 60 seconds left.
|inactive|fa15eh0pe has 60 seconds left.
|
|t:|1782764945
|teamsize|p1|4
|teamsize|p2|4
|start
|switch|p1a: Raichu|Raichu, L50, M|100/100
|switch|p1b: Whimsicott|Whimsicott, L50, F|100/100
|switch|p2a: Delphox|Delphox, L50, M|100/100
|switch|p2b: Incineroar|Incineroar, L50, F|100/100
|-ability|p2b: Incineroar|Intimidate|boost
|-unboost|p1a: Raichu|atk|1
|-unboost|p1b: Whimsicott|atk|1
|turn|1
|
|t:|1782764960
|detailschange|p2a: Delphox|Delphox-Mega, L50, M
|-mega|p2a: Delphox|Delphox|Delphoxite
|detailschange|p1a: Raichu|Raichu-Mega-Y, L50, M
|-mega|p1a: Raichu|Raichu|Raichunite Y
|move|p1a: Raichu|Fake Out|p2a: Delphox
|-damage|p2a: Delphox|92/100
|move|p1b: Whimsicott|Tailwind|p1b: Whimsicott
|-sidestart|p1: fa15eh0pe|move: Tailwind
|cant|p2a: Delphox|flinch
|move|p2b: Incineroar|Flare Blitz|p1b: Whimsicott
|-supereffective|p1b: Whimsicott|1
|-enditem|p1b: Whimsicott|Focus Sash
|-damage|p1b: Whimsicott|1/100
|-status|p1b: Whimsicott|brn
|-damage|p2b: Incineroar|77/100|[from] Recoil
|
|-damage|p1b: Whimsicott|0 fnt|[from] brn
|faint|p1b: Whimsicott
|upkeep
|
|t:|1782764973
|switch|p1b: Basculegion|Basculegion, L50, M|100/100
|turn|2
|
|t:|1782764993
|switch|p2b: Sinistcha|Sinistcha-Masterpiece, L50|100/100
|-heal|p2a: Delphox|100/100|[from] ability: Hospitality|[of] p2b: Sinistcha
|move|p2a: Delphox|Protect|p2a: Delphox
|-singleturn|p2a: Delphox|Protect
|move|p1a: Raichu|Zap Cannon|p2a: Delphox
|-activate|p2a: Delphox|move: Protect
|move|p1b: Basculegion|Wave Crash|p2b: Sinistcha
|-resisted|p2b: Sinistcha|1
|-damage|p2b: Sinistcha|58/100
|-damage|p1b: Basculegion|88/100|[from] Recoil
|
|upkeep
|turn|3
|inactive|ClefableBot has 30 seconds left.
|inactive|ClefableBot has 20 seconds left.
|
|t:|1782765032
|move|p2b: Sinistcha|Rage Powder|p2b: Sinistcha
|-singleturn|p2b: Sinistcha|move: Rage Powder
|move|p1a: Raichu|Zap Cannon|p2b: Sinistcha
|-resisted|p2b: Sinistcha|1
|-damage|p2b: Sinistcha|19/100
|-status|p2b: Sinistcha|par
|move|p1b: Basculegion|Last Respects|p2b: Sinistcha
|-supereffective|p2b: Sinistcha|1
|-enditem|p2b: Sinistcha|Kasib Berry|[eat]
|-enditem|p2b: Sinistcha|Kasib Berry|[weaken]
|-damage|p2b: Sinistcha|0 fnt
|faint|p2b: Sinistcha
|move|p2a: Delphox|Heat Wave|p1a: Raichu|[spread] p1a,p1b
|-resisted|p1b: Basculegion|1
|-damage|p1a: Raichu|47/100
|-damage|p1b: Basculegion|68/100
|
|upkeep
|
|t:|1782765049
|switch|p2b: Incineroar|Incineroar, L50, F|77/100
|-ability|p2b: Incineroar|Intimidate|boost
|-unboost|p1a: Raichu|atk|1
|-unboost|p1b: Basculegion|atk|1
|turn|4
|
|t:|1782765059
|move|p2a: Delphox|Protect|p2a: Delphox
|-singleturn|p2a: Delphox|Protect
|move|p1b: Basculegion|Aqua Jet|p2b: Incineroar
|-supereffective|p2b: Incineroar|1
|-crit|p2b: Incineroar
|-enditem|p2b: Incineroar|Passho Berry|[eat]
|-enditem|p2b: Incineroar|Passho Berry|[weaken]
|-damage|p2b: Incineroar|30/100
|move|p1a: Raichu|Zap Cannon|p2a: Delphox
|-activate|p2a: Delphox|move: Protect
|move|p2b: Incineroar|Parting Shot|p1b: Basculegion
|-unboost|p1b: Basculegion|atk|1
|-unboost|p1b: Basculegion|spa|1
|
|t:|1782765068
|switch|p2b: Maushold|Maushold-Four, L50|100/100|[from] Parting Shot
|
|-sideend|p1: fa15eh0pe|move: Tailwind
|upkeep
|turn|5
|
|t:|1782765078
|switch|p1b: Gholdengo|Gholdengo, L50|100/100
|move|p2b: Maushold|Follow Me|p2b: Maushold
|-singleturn|p2b: Maushold|move: Follow Me
|move|p2a: Delphox|Heat Wave|p1b: Gholdengo|[spread] p1a,p1b
|-supereffective|p1b: Gholdengo|1
|-damage|p1a: Raichu|0 fnt
|-damage|p1b: Gholdengo|22/100
|faint|p1a: Raichu
|
|upkeep
|
|t:|1782765084
|switch|p1a: Basculegion|Basculegion, L50, M|68/100
|turn|6
|
|t:|1782765098
|move|p1b: Gholdengo|Protect|p1b: Gholdengo
|-singleturn|p1b: Gholdengo|Protect
|move|p2b: Maushold|Follow Me|p2b: Maushold
|-singleturn|p2b: Maushold|move: Follow Me
|move|p2a: Delphox|Heat Wave|p1a: Basculegion|[spread] p1a
|-activate|p1b: Gholdengo|move: Protect
|-resisted|p1a: Basculegion|1
|-damage|p1a: Basculegion|44/100
|move|p1a: Basculegion|Last Respects|p2b: Maushold
|-immune|p2b: Maushold
|
|upkeep
|turn|7
|
|t:|1782765109
|move|p2b: Maushold|Follow Me|p2b: Maushold
|-singleturn|p2b: Maushold|move: Follow Me
|move|p2a: Delphox|Heat Wave|p1b: Gholdengo|[spread] p1a,p1b
|-resisted|p1a: Basculegion|1
|-supereffective|p1b: Gholdengo|1
|-damage|p1a: Basculegion|24/100
|-damage|p1b: Gholdengo|0 fnt
|faint|p1b: Gholdengo
|move|p1a: Basculegion|Wave Crash|p2b: Maushold
|-enditem|p2b: Maushold|Focus Sash
|-damage|p2b: Maushold|1/100
|-damage|p1a: Basculegion|0 fnt|[from] Recoil
|faint|p1a: Basculegion
|
|win|ClefableBot
||fa15eh0pe is ready for game 2.
||ClefableBot is ready for game 2.
|uhtml|next|Next: Game 2 of 3
|l|☆fa15eh0pe
|player|p1|
