|j|☆pulidios
|j|☆dropddead
|html|pulidiosdropddead    
|uhtml|bestof|Game 2 of a best-of-3
|t:|1785089773
|gametype|doubles
|player|p1|pulidios|102|1167
|player|p2|dropddead|101|1167
|gen|9
|tier|[Gen 9 Champions] VGC 2026 Reg M-B (Bo3)
|rated|
|rule|Species Clause: Limit one of each Pokémon
|rule|Item Clause: Limit 1 of each item
|clearpoke
|poke|p1|Kingambit, L50, M|
|poke|p1|Charizard, L50, F|
|poke|p1|Sylveon, L50, F|
|poke|p1|Farigiraf, L50, M|
|poke|p1|Garchomp, L50, M|
|poke|p1|Aerodactyl, L50, F|
|poke|p2|Staraptor, L50, M|
|poke|p2|Vanilluxe, L50, M|
|poke|p2|Farigiraf, L50, F|
|poke|p2|Blastoise, L50, M|
|poke|p2|Kingambit, L50, M|
|poke|p2|Camerupt, L50, M|
|teampreview|4
|showteam|p1|Kingambit||FocusSash|Defiant|SuckerPunch,KowtowCleave,IronHead,LowKick|Adamant||M|||50|]Charizard||CharizarditeY|SolarPower|WeatherBall,HeatWave,SolarBeam,Protect|Modest||F|||50|]Sylveon||FairyFeather|Pixilate|Protect,HyperVoice,HyperBeam,QuickAttack|Modest||F|||50|]Farigiraf||SitrusBerry|ArmorTail|TwinBeam,Thunderbolt,TrickRoom,GrassKnot|Bold||M|||50|]Garchomp||LifeOrb|RoughSkin|Protect,DragonClaw,Earthquake,StompingTantrum|Jolly||M|||50|]Aerodactyl||Aerodactylite|Unnerve|DualWingbeat,Tailwind,RockSlide,IceFang|Jolly||F|||50|
|showteam|p2|Staraptor||ChoiceScarf|Intimidate|FinalGambit,BraveBird,CloseCombat,Uturn|Jolly||M|||50|]Vanilluxe||NeverMeltIce|SnowWarning|Blizzard,FreezeDry,Protect,IceShard|Quiet||M|||50|]Farigiraf||SitrusBerry|ArmorTail|PsychicFangs,HyperVoice,HelpingHand,TrickRoom|Relaxed||F|||50|]Blastoise||Blastoisinite|RainDish|FakeOut,WaterSpout,AuraSphere,DarkPulse|Quiet||M|||50|]Kingambit||LifeOrb|Defiant|KowtowCleave,IronHead,Protect,SuckerPunch|Brave||M|||50|]Camerupt||Cameruptite|SolidRock|HeatWave,EarthPower,Protect,AncientPower|Quiet||M|||50|
|
|t:|1785089794
|teamsize|p1|4
|teamsize|p2|4
|start
|switch|p1a: Juan Miguel|Kingambit, L50, M|100/100
|switch|p1b: Casquete volador|Aerodactyl, L50, F|100/100
|switch|p2a: Farigiraf|Farigiraf, L50, F|100/100
|switch|p2b: Blastoise|Blastoise, L50, M|100/100
|-ability|p1b: Casquete volador|Unnerve
|turn|1
|
|t:|1785089826
|switch|p1b: Sylveon|Sylveon, L50, F|100/100
|detailschange|p2b: Blastoise|Blastoise-Mega, L50, M
|-mega|p2b: Blastoise|Blastoise|Blastoisinite
|move|p2b: Blastoise|Fake Out|p1a: Juan Miguel
|-resisted|p1a: Juan Miguel|1
|-crit|p1a: Juan Miguel
|-damage|p1a: Juan Miguel|93/100
|cant|p1a: Juan Miguel|flinch
|move|p2a: Farigiraf|Trick Room|p2a: Farigiraf
|-fieldstart|move: Trick Room|[of] p2a: Farigiraf
|
|upkeep
|turn|2
|inactive|Battle timer is ON: inactive players will automatically lose when time's up. (requested by dropddead)
|
|t:|1785089858
|move|p2a: Farigiraf|Hyper Voice|p1b: Sylveon|[spread] p1a,p1b
|-resisted|p1a: Juan Miguel|1
|-damage|p1a: Juan Miguel|79/100
|-damage|p1b: Sylveon|79/100
|move|p1b: Sylveon|Hyper Voice|p2a: Farigiraf|[spread] p2a,p2b
|-damage|p2a: Farigiraf|57/100
|-damage|p2b: Blastoise|59/100
|move|p2b: Blastoise|Aura Sphere|p1a: Juan Miguel
|-supereffective|p1a: Juan Miguel|2
|-damage|p1a: Juan Miguel|0 fnt
|faint|p1a: Juan Miguel
|
|upkeep
|
|t:|1785089874
|switch|p1a: Salchizard|Charizard, L50, F|100/100
|turn|3
|
|t:|1785089893
|move|p2a: Farigiraf|Helping Hand|p2b: Blastoise
|-singleturn|p2b: Blastoise|Helping Hand|[of] p2a: Farigiraf
|move|p1a: Salchizard|Protect|p1a: Salchizard
|-singleturn|p1a: Salchizard|Protect
|move|p1b: Sylveon|Hyper Voice|p2b: Blastoise|[spread] p2a,p2b
|-damage|p2a: Farigiraf|15/100
|-damage|p2b: Blastoise|20/100y
|-enditem|p2a: Farigiraf|Sitrus Berry|[eat]
|-heal|p2a: Farigiraf|40/100|[from] item: Sitrus Berry
|move|p2b: Blastoise|Dark Pulse|p1a: Salchizard
|-activate|p1a: Salchizard|move: Protect
|
|upkeep
|turn|4
|inactive|pulidios has 30 seconds left.
|
|t:|1785089922
|move|p2a: Farigiraf|Helping Hand|p2b: Blastoise
|-singleturn|p2b: Blastoise|Helping Hand|[of] p2a: Farigiraf
|move|p1b: Sylveon|Hyper Voice|p2a: Farigiraf|[spread] p2a,p2b
|-damage|p2a: Farigiraf|0 fnt
|-damage|p2b: Blastoise|0 fnt
|faint|p2a: Farigiraf
|faint|p2b: Blastoise
|move|p1a: Salchizard|Heat Wave|p2: Farigiraf|[notarget]
|-fail|p1a: Salchizard
|
|upkeep
|
|t:|1785089930
|switch|p2a: Vanilluxe|Vanilluxe, L50, M|100/100
|switch|p2b: Staraptor|Staraptor, L50, M|100/100
|-weather|Snowscape|[from] ability: Snow Warning|[of] p2a: Vanilluxe
|-ability|p2b: Staraptor|Intimidate|boost
|-unboost|p1a: Salchizard|atk|1
|-unboost|p1b: Sylveon|atk|1
|turn|5
|inactive|pulidios has 30 seconds left.
|inactive|dropddead has 30 seconds left.
|
|t:|1785089967
|detailschange|p1a: Salchizard|Charizard-Mega-Y, L50, F
|-mega|p1a: Salchizard|Charizard|Charizardite Y
|-weather|SunnyDay|[from] ability: Drought|[of] p1a: Salchizard
|move|p1a: Salchizard|Protect|p1a: Salchizard
|-singleturn|p1a: Salchizard|Protect
|move|p1b: Sylveon|Hyper Beam|p2b: Staraptor
|-damage|p2b: Staraptor|0 fnt
|-mustrecharge|p1b: Sylveon
|faint|p2b: Staraptor
|move|p2a: Vanilluxe|Blizzard|p1a: Salchizard|[spread] 
|-activate|p1a: Salchizard|move: Protect
|-miss|p2a: Vanilluxe|p1b: Sylveon
|
|-weather|SunnyDay|[upkeep]
|-fieldend|move: Trick Room
|upkeep
|turn|6
|
|t:|1785089979
|move|p1a: Salchizard|Weather Ball|p2a: Vanilluxe
|-supereffective|p2a: Vanilluxe|1
|-damage|p2a: Vanilluxe|0 fnt
|faint|p2a: Vanilluxe
|
|win|pulidios
