|j|☆Shishio Moroso
|j|☆jrohn33
|html|Shishio Morosojrohn33    
|uhtml|bestof|Game 2 of a best-of-3
|t:|1782395782
|gametype|doubles
|player|p1|Shishio Moroso|gambler|1088
|player|p2|jrohn33|artist-gen4|1099
|gen|9
|tier|[Gen 9 Champions] VGC 2026 Reg M-B (Bo3)
|rated|
|rule|Species Clause: Limit one of each Pokémon
|rule|Item Clause: Limit 1 of each item
|clearpoke
|poke|p1|Floette-Eternal, L50, F|
|poke|p1|Incineroar, L50, F|
|poke|p1|Sinistcha, L50|
|poke|p1|Ditto, L50|
|poke|p1|Delphox, L50, F|
|poke|p1|Swampert, L50, F|
|poke|p2|Raichu, L50, M|
|poke|p2|Gholdengo, L50, shiny|
|poke|p2|Whimsicott, L50, M, shiny|
|poke|p2|Garchomp, L50, M, shiny|
|poke|p2|Basculegion, L50, M|
|poke|p2|Blaziken, L50, M, shiny|
|teampreview|4
|showteam|p1|Floette-Eternal||Floettite|FlowerVeil|Protect,DazzlingGleam,CalmMind,DrainingKiss|Modest||F|||50|]Incineroar||Charcoal|Intimidate|FakeOut,FlareBlitz,PartingShot,ThroatChop|Adamant||F|||50|]Sinistcha||KasibBerry|Hospitality|StrengthSap,MatchaGotcha,RagePowder,TrickRoom|Bold|||||50|]Ditto||FocusSash|Imposter|Transform|Timid|||||50|]Delphox||Delphoxite|Blaze|Protect,NastyPlot,HeatWave,Psychic|Timid||F|||50|]Swampert||SitrusBerry|Torrent|Protect,Liquidation,HighHorsepower,WideGuard|Adamant||F|||50|
|showteam|p2|Raichu||RaichuniteY|Static|FocusBlast,ZapCannon,FakeOut,Protect|Modest||M|||50|]Gholdengo||LifeOrb|GoodasGold|NastyPlot,MakeItRain,Protect,ShadowBall|Modest|||||50|]Whimsicott||FocusSash|Prankster|Moonblast,Tailwind,Protect,Encore|Timid||M|||50|]Garchomp||ExpertBelt|RoughSkin|Earthquake,DragonClaw,Protect,RockSlide|Jolly||M|||50|]Basculegion||MysticWater|Adaptability|Liquidation,AquaJet,Protect,LastRespects|Jolly||M|||50|]Blaziken||Blazikenite|SpeedBoost|CloseCombat,FlareBlitz,Protect,BulkUp|Jolly||M|||50|
|inactive|Battle timer is ON: inactive players will automatically lose when time's up. (requested by jrohn33)
|inactive|Shishio Moroso also wants the timer to be on.
|
|t:|1782395804
|teamsize|p1|4
|teamsize|p2|4
|start
|switch|p1a: Incineroar|Incineroar, L50, F|100/100
|switch|p1b: Floette|Floette-Eternal, L50, F|100/100
|switch|p2a: Raichu|Raichu, L50, M|100/100
|switch|p2b: Whimsicott|Whimsicott, L50, M, shiny|100/100
|-ability|p1a: Incineroar|Intimidate|boost
|-unboost|p2a: Raichu|atk|1
|-unboost|p2b: Whimsicott|atk|1
|turn|1
|inactive|Shishio Moroso has 30 seconds left.
|inactive|Shishio Moroso has 20 seconds left.
|inactive|Shishio Moroso has 15 seconds left.
|inactive|Shishio Moroso has 10 seconds left.
|
|t:|1782395852
|detailschange|p2a: Raichu|Raichu-Mega-Y, L50, M
|-mega|p2a: Raichu|Raichu|Raichunite Y
|detailschange|p1b: Floette|Floette-Mega, L50, F
|-mega|p1b: Floette|Floette|Floettite
|-ability|p1b: Floette|Fairy Aura
|move|p2b: Whimsicott|Protect|p2b: Whimsicott
|-singleturn|p2b: Whimsicott|Protect
|move|p2a: Raichu|Fake Out|p1b: Floette
|-damage|p1b: Floette|93/100
|move|p1a: Incineroar|Fake Out|p2b: Whimsicott
|-activate|p2b: Whimsicott|move: Protect
|cant|p1b: Floette|flinch
|
|upkeep
|turn|2
|
|t:|1782395869
|switch|p1b: Swampert|Swampert, L50, F|100/100
|move|p2b: Whimsicott|Tailwind|p2b: Whimsicott
|-sidestart|p2: jrohn33|move: Tailwind
|move|p2a: Raichu|Zap Cannon|p1b: Swampert
|-immune|p1b: Swampert
|move|p1a: Incineroar|Parting Shot|p2a: Raichu
|-unboost|p2a: Raichu|atk|1
|-unboost|p2a: Raichu|spa|1
|
|t:|1782395878
|switch|p1a: Floette|Floette-Mega, L50, F|93/100|[from] Parting Shot
|-ability|p1a: Floette|Fairy Aura
|
|upkeep
|turn|3
|
|t:|1782395891
|move|p2b: Whimsicott|Protect|p2b: Whimsicott
|-singleturn|p2b: Whimsicott|Protect
|move|p1a: Floette|Protect|p1a: Floette
|-singleturn|p1a: Floette|Protect
|move|p2a: Raichu|Zap Cannon|p1a: Floette
|-activate|p1a: Floette|move: Protect
|move|p1b: Swampert|High Horsepower|p2a: Raichu
|-supereffective|p2a: Raichu|1
|-damage|p2a: Raichu|0 fnt
|faint|p2a: Raichu
|
|upkeep
|
|t:|1782395896
|switch|p2a: Gholdengo|Gholdengo, L50, shiny|100/100
|turn|4
|
|t:|1782395908
|switch|p1a: Incineroar|Incineroar, L50, F|100/100
|-ability|p1a: Incineroar|Intimidate|boost
|-unboost|p2a: Gholdengo|atk|1
|-unboost|p2b: Whimsicott|atk|1
|move|p2a: Gholdengo|Protect|p2a: Gholdengo
|-singleturn|p2a: Gholdengo|Protect
|move|p2b: Whimsicott|Encore|p1a: Incineroar
|-hint|Since gen 7, Dark is immune to Prankster moves.
|-immune|p1a: Incineroar
|move|p1b: Swampert|High Horsepower|p2a: Gholdengo
|-activate|p2a: Gholdengo|move: Protect
|
|upkeep
|turn|5
|
|t:|1782395927
|switch|p2a: Garchomp|Garchomp, L50, M, shiny|100/100
|move|p2b: Whimsicott|Protect|p2b: Whimsicott
|-singleturn|p2b: Whimsicott|Protect
|move|p1a: Incineroar|Parting Shot|p2b: Whimsicott
|-activate|p2b: Whimsicott|move: Protect
|move|p1b: Swampert|High Horsepower|p2a: Garchomp
|-damage|p2a: Garchomp|63/100
|-damage|p1b: Swampert|87/100|[from] ability: Rough Skin|[of] p2a: Garchomp
|
|-sideend|p2: jrohn33|move: Tailwind
|upkeep
|turn|6
|
|t:|1782395941
|move|p1b: Swampert|Wide Guard|p1b: Swampert
|-singleturn|p1b: Swampert|Wide Guard
|move|p2b: Whimsicott|Tailwind|p2b: Whimsicott
|-sidestart|p2: jrohn33|move: Tailwind
|move|p2a: Garchomp|Earthquake|p1b: Swampert|[spread] p2b
|-activate|p1a: Incineroar|move: Wide Guard
|-activate|p1b: Swampert|move: Wide Guard
|-resisted|p2b: Whimsicott|1
|-damage|p2b: Whimsicott|76/100
|move|p1a: Incineroar|Parting Shot|p2a: Garchomp
|-unboost|p2a: Garchomp|atk|1
|-unboost|p2a: Garchomp|spa|1
|
|t:|1782395957
|switch|p1a: Floette|Floette-Mega, L50, F|93/100|[from] Parting Shot
|-ability|p1a: Floette|Fairy Aura
|
|upkeep
|turn|7
|
|t:|1782395963
|switch|p2a: Gholdengo|Gholdengo, L50, shiny|100/100
|move|p1b: Swampert|Wide Guard|p1b: Swampert
|-singleturn|p1b: Swampert|Wide Guard
|move|p2b: Whimsicott|Encore|p1b: Swampert
|-start|p1b: Swampert|Encore
|move|p1a: Floette|Dazzling Gleam|p2b: Whimsicott|[spread] p2a,p2b
|-resisted|p2a: Gholdengo|1
|-damage|p2a: Gholdengo|79/100
|-damage|p2b: Whimsicott|10/100
|
|upkeep
|turn|8
|
|t:|1782395976
|move|p1b: Swampert|Wide Guard|p1b: Swampert
|-singleturn|p1b: Swampert|Wide Guard
|move|p2b: Whimsicott|Moonblast|p1b: Swampert
|-damage|p1b: Swampert|49/100
|-enditem|p1b: Swampert|Sitrus Berry|[eat]
|-heal|p1b: Swampert|74/100|[from] item: Sitrus Berry
|move|p2a: Gholdengo|Nasty Plot|p2a: Gholdengo
|-boost|p2a: Gholdengo|spa|2
|move|p1a: Floette|Dazzling Gleam|p2b: Whimsicott|[spread] p2a,p2b
|-resisted|p2a: Gholdengo|1
|-damage|p2a: Gholdengo|58/100
|-damage|p2b: Whimsicott|0 fnt
|faint|p2b: Whimsicott
|
|upkeep
|
|t:|1782395982
|switch|p2b: Garchomp|Garchomp, L50, M, shiny|63/100
|turn|9
|
|t:|1782396003
|move|p1b: Swampert|Wide Guard|p1b: Swampert
|-singleturn|p1b: Swampert|Wide Guard
|move|p2b: Garchomp|Dragon Claw|p1b: Swampert
|-damage|p1b: Swampert|42/100
|move|p2a: Gholdengo|Shadow Ball|p1b: Swampert
|-crit|p1b: Swampert
|-damage|p1b: Swampert|0 fnt
|faint|p1b: Swampert
|-damage|p2a: Gholdengo|48/100|[from] item: Life Orb
|move|p1a: Floette|Dazzling Gleam|p2a: Gholdengo|[spread] p2a,p2b
|-resisted|p2a: Gholdengo|1
|-supereffective|p2b: Garchomp|1
|-damage|p2a: Gholdengo|28/100
|-damage|p2b: Garchomp|0 fnt
|faint|p2b: Garchomp
|
|-sideend|p2: jrohn33|move: Tailwind
|upkeep
|-message|jrohn33 forfeited.
|
|win|Shishio Moroso
