|j|☆FefoVGC
|j|☆just for fun fren
|html|FefoVGCjust for fun fren    
|uhtml|bestof|Game 1 of a best-of-3
|t:|1756237946
|gametype|doubles
|player|p1|FefoVGC|170|1041
|player|p2|just for fun fren|colress|1146
|gen|9
|tier|[Gen 9] VGC 2025 Reg H (Bo3)
|rated|
|rule|Species Clause: Limit one of each Pokémon
|rule|Item Clause: Limit 1 of each item
|clearpoke
|poke|p1|Charizard, L50, M|
|poke|p1|Torkoal, L50, F|
|poke|p1|Porygon2, L50|
|poke|p1|Incineroar, L50, F|
|poke|p1|Jumpluff, L50, M|
|poke|p1|Ursaluna, L50, M|
|poke|p2|Gholdengo, L50|
|poke|p2|Primarina, L50, F|
|poke|p2|Sneasler, L50, F|
|poke|p2|Rillaboom, L50, F|
|poke|p2|Incineroar, L50, F|
|poke|p2|Dragonite, L50, M|
|teampreview|4
|showteam|p1|Charizard||ChoiceSpecs|SolarPower|HeatWave,SolarBeam,WeatherBall,AirSlash|||M|||50|,,,,,Ghost]Torkoal||EjectPack|Drought|Eruption,Overheat,EarthPower,Protect|||F|||50|,,,,,Fire]Porygon2||Eviolite|Download|IceBeam,TeraBlast,TrickRoom,Recover||||||50|,,,,,Fighting]Incineroar||SitrusBerry|Intimidate|FlareBlitz,KnockOff,FakeOut,PartingShot|||F|||50|,,,,,Ghost]Jumpluff||CovertCloak|Chlorophyll|SleepPowder,SunnyDay,RagePowder,Tailwind|||M|||50|,,,,,Water]Ursaluna||FlameOrb|Guts|HeadlongRush,Facade,Earthquake,Protect|||M|||50|,,,,,Ghost
|showteam|p2|Gholdengo||ChoiceScarf|GoodasGold|MakeItRain,ShadowBall,Protect,Trick||||||50|,,,,,Steel]Primarina||GrassySeed|LiquidVoice|HyperVoice,Moonblast,CalmMind,Protect|||F|||50|,,,,,Poison]Sneasler||FocusSash|PoisonTouch|DireClaw,CloseCombat,ThroatChop,Protect|||F|||50|,,,,,Dark]Rillaboom||AssaultVest|GrassySurge|WoodHammer,GrassyGlide,HighHorsepower,FakeOut|||F|||50|,,,,,Fire]Incineroar||SafetyGoggles|Intimidate|FlareBlitz,KnockOff,PartingShot,FakeOut|||F|||50|,,,,,Ghost]Dragonite||LoadedDice|Multiscale|ScaleShot,StompingTantrum,Tailwind,Protect|||M|||50|,,,,,Steel
|inactive|Battle timer is ON: inactive players will automatically lose when time's up. (requested by FefoVGC)
|c|☆just for fun fren|glhf
|inactive|FefoVGC has 60 seconds left.
|inactive|just for fun fren has 60 seconds left.
|
|t:|1756238006
|teamsize|p1|4
|teamsize|p2|4
|start
|switch|p1a: Porygon2|Porygon2, L50|100/100
|switch|p1b: Incineroar|Incineroar, L50, F, shiny|100/100
|switch|p2a: Incineroar|Incineroar, L50, F|100/100
|switch|p2b: Sneasler|Sneasler, L50, F|100/100
|-ability|p1b: Incineroar|Intimidate|boost
|-unboost|p2a: Incineroar|atk|1
|-unboost|p2b: Sneasler|atk|1
|-ability|p1a: Porygon2|Download|boost
|-boost|p1a: Porygon2|atk|1
|-ability|p2a: Incineroar|Intimidate|boost
|-unboost|p1a: Porygon2|atk|1
|-unboost|p1b: Incineroar|atk|1
|turn|1
|inactive|FefoVGC has 30 seconds left.
|inactive|just for fun fren has 30 seconds left.
|
|t:|1756238039
|switch|p2b: Primarina|Primarina, L50, F|100/100
|move|p1b: Incineroar|Fake Out|p2b: Primarina
|-damage|p2b: Primarina|91/100
|move|p2a: Incineroar|Knock Off|p1a: Porygon2
|-damage|p1a: Porygon2|84/100
|-enditem|p1a: Porygon2|Eviolite|[from] move: Knock Off|[of] p2a: Incineroar
|move|p1a: Porygon2|Trick Room|p1a: Porygon2
|-fieldstart|move: Trick Room|[of] p1a: Porygon2
|
|upkeep
|turn|2
|inactive|FefoVGC has 30 seconds left.
|
|t:|1756238072
|switch|p1a: Torkoal|Torkoal, L50, F|100/100
|-weather|SunnyDay|[from] ability: Drought|[of] p1a: Torkoal
|move|p2a: Incineroar|Parting Shot|p1b: Incineroar
|-unboost|p1b: Incineroar|atk|1
|-unboost|p1b: Incineroar|spa|1
|
|t:|1756238083
|switch|p2a: Rillaboom|Rillaboom, L50, F|100/100|[from] Parting Shot
|-fieldstart|move: Grassy Terrain|[from] ability: Grassy Surge|[of] p2a: Rillaboom
|-enditem|p2b: Primarina|Grassy Seed
|-boost|p2b: Primarina|def|1|[from] item: Grassy Seed
|move|p2b: Primarina|Hyper Voice|p1b: Incineroar|[spread] p1a,p1b
|-supereffective|p1a: Torkoal
|-supereffective|p1b: Incineroar
|-damage|p1a: Torkoal|52/100
|-damage|p1b: Incineroar|68/100
|move|p1b: Incineroar|Parting Shot|p2b: Primarina
|-unboost|p2b: Primarina|atk|1
|-unboost|p2b: Primarina|spa|1
|
|t:|1756238102
|switch|p1b: Ursaluna|Ursaluna, L50, M|100/100|[from] Parting Shot
|
|-weather|SunnyDay|[upkeep]
|-heal|p1a: Torkoal|58/100|[from] Grassy Terrain
|-heal|p2b: Primarina|97/100|[from] Grassy Terrain
|-status|p1b: Ursaluna|brn|[from] item: Flame Orb
|upkeep
|turn|3
|inactive|just for fun fren has 30 seconds left.
|
|t:|1756238130
|switch|p2a: Incineroar|Incineroar, L50, F|100/100
|-ability|p2a: Incineroar|Intimidate|boost
|-unboost|p1a: Torkoal|atk|1
|-unboost|p1b: Ursaluna|atk|1
|-enditem|p1a: Torkoal|Eject Pack
|
|t:|1756238139
|switch|p1a: Incineroar|Incineroar, L50, F, shiny|68/100
|-ability|p1a: Incineroar|Intimidate|boost
|-unboost|p2a: Incineroar|atk|1
|-unboost|p2b: Primarina|atk|1
|move|p2b: Primarina|Protect|p2b: Primarina
|-singleturn|p2b: Primarina|Protect
|move|p1b: Ursaluna|Protect||[still]
|-fail|p1b: Ursaluna
|
|-weather|SunnyDay|[upkeep]
|-heal|p2b: Primarina|100/100|[from] Grassy Terrain
|-heal|p1a: Incineroar|74/100|[from] Grassy Terrain
|-damage|p1b: Ursaluna|95/100 brn|[from] brn
|upkeep
|turn|4
|inactive|FefoVGC has 30 seconds left.
|inactive|just for fun fren has 30 seconds left.
|
|t:|1756238171
|-terastallize|p1b: Ursaluna|Ghost
|move|p1a: Incineroar|Fake Out|p2b: Primarina
|-damage|p2b: Primarina|91/100
|move|p2a: Incineroar|Flare Blitz|p1a: Incineroar
|-resisted|p1a: Incineroar
|-damage|p1a: Incineroar|50/100
|-enditem|p1a: Incineroar|Sitrus Berry|[eat]
|-heal|p1a: Incineroar|75/100|[from] item: Sitrus Berry
|-damage|p2a: Incineroar|92/100|[from] Recoil
|cant|p2b: Primarina|flinch
|move|p1b: Ursaluna|Facade|p2a: Incineroar
|-crit|p2a: Incineroar
|-damage|p2a: Incineroar|0 fnt
|faint|p2a: Incineroar
|
|-weather|SunnyDay|[upkeep]
|-heal|p2b: Primarina|97/100|[from] Grassy Terrain
|-heal|p1b: Ursaluna|100/100 brn|[from] Grassy Terrain
|-heal|p1a: Incineroar|81/100|[from] Grassy Terrain
|-damage|p1b: Ursaluna|95/100 brn|[from] brn
|upkeep
|
|t:|1756238190
|switch|p2a: Sneasler|Sneasler, L50, F|100/100
|turn|5
|inactive|FefoVGC has 30 seconds left.
|inactive|FefoVGC has 20 seconds left.
|
|t:|1756238227
|switch|p2b: Rillaboom|Rillaboom, L50, F|100/100
|move|p2a: Sneasler|Protect|p2a: Sneasler
|-singleturn|p2a: Sneasler|Protect
|move|p1b: Ursaluna|Facade|p2b: Rillaboom
|-damage|p2b: Rillaboom|24/100
|move|p1a: Incineroar|Flare Blitz|p2a: Sneasler
|-activate|p2a: Sneasler|move: Protect
|
|-weather|SunnyDay|[upkeep]
|-heal|p1b: Ursaluna|100/100 brn|[from] Grassy Terrain
|-heal|p2b: Rillaboom|29/100|[from] Grassy Terrain
|-heal|p1a: Incineroar|87/100|[from] Grassy Terrain
|-damage|p1b: Ursaluna|95/100 brn|[from] brn
|-fieldend|move: Trick Room
|upkeep
|turn|6
|inactive|FefoVGC has 30 seconds left.
|inactive|FefoVGC has 20 seconds left.
|
|t:|1756238266
|switch|p1a: Torkoal|Torkoal, L50, F|58/100
|switch|p1b: Porygon2|Porygon2, L50|84/100
|-ability|p1b: Porygon2|Download|boost
|-boost|p1b: Porygon2|atk|1
|move|p2a: Sneasler|Close Combat|p1a: Torkoal
|-damage|p1a: Torkoal|9/100
|-unboost|p2a: Sneasler|def|1
|-unboost|p2a: Sneasler|spd|1
|move|p2b: Rillaboom|Wood Hammer|p1b: Porygon2
|-damage|p1b: Porygon2|1/100
|-damage|p2b: Rillaboom|4/100|[from] Recoil
|
|-weather|none
|-heal|p2b: Rillaboom|10/100|[from] Grassy Terrain
|-heal|p1b: Porygon2|7/100|[from] Grassy Terrain
|-heal|p1a: Torkoal|15/100|[from] Grassy Terrain
|-fieldend|move: Grassy Terrain
|upkeep
|turn|7
|inactive|FefoVGC has 30 seconds left.
|inactive|just for fun fren has 30 seconds left.
|inactive|FefoVGC has 20 seconds left.
|inactive|FefoVGC has 15 seconds left.
|inactive|FefoVGC has 10 seconds left.
|inactive|FefoVGC has 5 seconds left.
|
|t:|1756238319
|switch|p1b: Incineroar|Incineroar, L50, F, shiny|87/100
|-ability|p1b: Incineroar|Intimidate|boost
|-unboost|p2a: Sneasler|atk|1
|-unboost|p2b: Rillaboom|atk|1
|move|p1a: Torkoal|Protect|p1a: Torkoal
|-singleturn|p1a: Torkoal|Protect
|move|p2a: Sneasler|Throat Chop|p1b: Incineroar
|-resisted|p1b: Incineroar
|-damage|p1b: Incineroar|77/100
|-start|p1b: Incineroar|Throat Chop|[silent]
|move|p2b: Rillaboom|High Horsepower|p1a: Torkoal
|-activate|p1a: Torkoal|move: Protect
|
|upkeep
|turn|8
|inactive|FefoVGC has 30 seconds left.
|
|t:|1756238350
|switch|p2b: Primarina|Primarina, L50, F|97/100
|move|p2a: Sneasler|Protect|p2a: Sneasler
|-singleturn|p2a: Sneasler|Protect
|move|p1b: Incineroar|Fake Out|p2b: Primarina
|-crit|p2b: Primarina
|-damage|p2b: Primarina|77/100
|move|p1a: Torkoal|Earth Power|p2a: Sneasler
|-activate|p2a: Sneasler|move: Protect
|
|-end|p1b: Incineroar|Throat Chop|[silent]
|upkeep
|turn|9
|inactive|FefoVGC has 30 seconds left.
|
|t:|1756238383
|switch|p1b: Ursaluna|Ursaluna, L50, M, tera:Ghost|95/100 brn
|move|p1a: Torkoal|Protect|p1a: Torkoal
|-singleturn|p1a: Torkoal|Protect
|move|p2a: Sneasler|Close Combat|p1b: Ursaluna
|-immune|p1b: Ursaluna
|move|p2b: Primarina|Hyper Voice|p1a: Torkoal|[spread] p1b
|-activate|p1a: Torkoal|move: Protect
|-damage|p1b: Ursaluna|62/100 brn
|
|-damage|p1b: Ursaluna|57/100 brn|[from] brn
|upkeep
|turn|10
|inactive|FefoVGC has 30 seconds left.
|inactive|just for fun fren has 30 seconds left.
|inactive|FefoVGC has 20 seconds left.
|
|t:|1756238422
|switch|p1a: Incineroar|Incineroar, L50, F, shiny|77/100
|-ability|p1a: Incineroar|Intimidate|boost
|-unboost|p2a: Sneasler|atk|1
|-unboost|p2b: Primarina|atk|1
|-terastallize|p2a: Sneasler|Dark
|move|p1b: Ursaluna|Protect|p1b: Ursaluna
|-singleturn|p1b: Ursaluna|Protect
|move|p2a: Sneasler|Throat Chop|p1b: Ursaluna
|-activate|p1b: Ursaluna|move: Protect
|move|p2b: Primarina|Hyper Voice|p1b: Ursaluna|[spread] p1a
|-activate|p1b: Ursaluna|move: Protect
|-supereffective|p1a: Incineroar
|-damage|p1a: Incineroar|11/100
|
|-damage|p1b: Ursaluna|51/100 brn|[from] brn
|upkeep
|turn|11
|inactive|FefoVGC has 30 seconds left.
|inactive|FefoVGC has 20 seconds left.
|inactive|FefoVGC has 15 seconds left.
|inactive|FefoVGC has 10 seconds left.
|
|t:|1756238472
|switch|p2a: Rillaboom|Rillaboom, L50, F|10/100
|-fieldstart|move: Grassy Terrain|[from] ability: Grassy Surge|[of] p2a: Rillaboom
|move|p2b: Primarina|Protect|p2b: Primarina
|-singleturn|p2b: Primarina|Protect
|move|p1a: Incineroar|Fake Out|p2b: Primarina
|-activate|p2b: Primarina|move: Protect
|move|p1b: Ursaluna|Facade|p2b: Primarina
|-activate|p2b: Primarina|move: Protect
|
|-heal|p1a: Incineroar|17/100|[from] Grassy Terrain
|-heal|p2a: Rillaboom|15/100|[from] Grassy Terrain
|-heal|p1b: Ursaluna|57/100 brn|[from] Grassy Terrain
|-heal|p2b: Primarina|83/100|[from] Grassy Terrain
|-damage|p1b: Ursaluna|51/100 brn|[from] brn
|upkeep
|turn|12
|inactive|FefoVGC has 30 seconds left.
|inactive|FefoVGC has 20 seconds left.
|inactive|FefoVGC has 15 seconds left.
|inactive|just for fun fren has 30 seconds left.
|inactive|FefoVGC has 10 seconds left.
|inactive|FefoVGC has 5 seconds left.
|
|t:|1756238507
|switch|p1a: Porygon2|Porygon2, L50|7/100
|-ability|p1a: Porygon2|Download|boost
|-boost|p1a: Porygon2|atk|1
|move|p2a: Rillaboom|Wood Hammer|p1b: Ursaluna
|-damage|p1b: Ursaluna|0 fnt
|faint|p1b: Ursaluna
|-damage|p2a: Rillaboom|0 fnt|[from] Recoil
|faint|p2a: Rillaboom
|move|p2b: Primarina|Hyper Voice|p1a: Porygon2
|-damage|p1a: Porygon2|0 fnt
|faint|p1a: Porygon2
|
|-heal|p2b: Primarina|89/100|[from] Grassy Terrain
|upkeep
|inactive|FefoVGC has 5 seconds left this turn.
|
|t:|1756238517
|switch|p2a: Sneasler|Sneasler, L50, F, tera:Dark|100/100
|switch|p1b: Torkoal|Torkoal, L50, F|15/100
|switch|p1a: Incineroar|Incineroar, L50, F, shiny|17/100
|-ability|p1a: Incineroar|Intimidate|boost
|-unboost|p2a: Sneasler|atk|1
|-unboost|p2b: Primarina|atk|1
|-weather|SunnyDay|[from] ability: Drought|[of] p1b: Torkoal
|turn|13
|inactive|FefoVGC has 5 seconds left this turn.
|
|t:|1756238521
|move|p2a: Sneasler|Protect|p2a: Sneasler
|-singleturn|p2a: Sneasler|Protect
|move|p2b: Primarina|Protect|p2b: Primarina
|-singleturn|p2b: Primarina|Protect
|move|p1a: Incineroar|Knock Off|p2a: Sneasler
|-activate|p2a: Sneasler|move: Protect
|move|p1b: Torkoal|Overheat|p2a: Sneasler
|-activate|p2a: Sneasler|move: Protect
|
|-weather|SunnyDay|[upkeep]
|-heal|p1a: Incineroar|23/100|[from] Grassy Terrain
|-heal|p2b: Primarina|95/100|[from] Grassy Terrain
|-heal|p1b: Torkoal|21/100|[from] Grassy Terrain
|upkeep
|turn|14
|inactive|FefoVGC has 5 seconds left this turn.
|-message|FefoVGC lost due to inactivity.
|
|win|just for fun fren
|l|☆FefoVGC
|player|p1|
