|j|☆battle sim trainer
|j|☆silver moon boy
|html|battle sim trainersilver moon boy    
|uhtml|bestof|Game 3 of a best-of-3
|t:|1783608396
|gametype|doubles
|player|p1|battle sim trainer|turo|1165
|player|p2|silver moon boy|unknown|1201
|gen|9
|tier|[Gen 9 Champions] VGC 2026 Reg M-B (Bo3)
|rated|
|rule|Species Clause: Limit one of each Pokémon
|rule|Item Clause: Limit 1 of each item
|clearpoke
|poke|p1|Swampert, L50, F|
|poke|p1|Pelipper, L50, M|
|poke|p1|Archaludon, L50, F|
|poke|p1|Grimmsnarl, L50, M|
|poke|p1|Sinistcha, L50|
|poke|p1|Greninja, L50, M|
|poke|p2|Tyranitar, L50, M|
|poke|p2|Sneasler, L50, F, shiny|
|poke|p2|Blastoise, L50, M|
|poke|p2|Sinistcha-Masterpiece, L50|
|poke|p2|Ninetales-Alola, L50, F|
|poke|p2|Tinkaton, L50, F|
|teampreview|4
|showteam|p1|Swampert||Swampertite|Damp|WaveCrash,Earthquake,IcePunch,Protect|Adamant||F|||50|]Pelipper||SitrusBerry|Drizzle|Hurricane,WeatherBall,Tailwind,Protect|Modest||M|||50|]Archaludon||Leftovers|Stamina|ElectroShot,DragonPulse,FlashCannon,Protect|Modest||F|||50|]Grimmsnarl||LightClay|Prankster|SpiritBreak,Reflect,LightScreen,PartingShot|Careful||M|||50|]Sinistcha|||Hospitality|LifeDew,MatchaGotcha,TrickRoom,RagePowder|Bold|||||50|]Greninja||FocusSash|Protean|SludgeWave,FlipTurn,WaterShuriken,DarkPulse|Modest||M|||50|
|showteam|p2|Tyranitar||Tyranitarite|SandStream|Curse,KnockOff,RockSlide,Protect|Brave||M|||50|]Sneasler||WhiteHerb|Unburden|CloseCombat,DireClaw,FakeOut,Protect|Adamant||F|||50|]Blastoise||Blastoisinite|Torrent|DarkPulse,ShellSmash,Protect,WaterSpout|Timid||M|||50|]Sinistcha-Masterpiece||ColburBerry|Hospitality|TrickRoom,RagePowder,MatchaGotcha,Protect|Relaxed|||||50|]Ninetales-Alola||NeverMeltIce|SnowCloak|Blizzard,FreezeDry,Protect,Encore|Timid||F|||50|]Tinkaton||ExpertBelt|MoldBreaker|FakeOut,GigatonHammer,Feint,PlayRough|Impish||F|||50|
|inactive|Battle timer is ON: inactive players will automatically lose when time's up. (requested by silver moon boy)
|
|t:|1783608433
|teamsize|p1|4
|teamsize|p2|4
|start
|switch|p1a: Archaludon|Archaludon, L50, F|100/100
|switch|p1b: Sinistcha|Sinistcha, L50|100/100
|switch|p2a: Sneasler|Sneasler, L50, F, shiny|100/100
|switch|p2b: Blastoise|Blastoise, L50, M|100/100
|turn|1
|inactive|battle sim trainer has 30 seconds left.
|inactive|silver moon boy has 30 seconds left.
|inactive|silver moon boy has 20 seconds left.
|inactive|silver moon boy has 15 seconds left.
|inactive|silver moon boy has 10 seconds left.
|inactive|silver moon boy has 5 seconds left.
|
|t:|1783608483
|detailschange|p2b: Blastoise|Blastoise-Mega, L50, M
|-mega|p2b: Blastoise|Blastoise|Blastoisinite
|move|p1a: Archaludon|Protect|p1a: Archaludon
|-singleturn|p1a: Archaludon|Protect
|move|p2a: Sneasler|Close Combat|p1a: Archaludon
|-activate|p1a: Archaludon|move: Protect
|move|p2b: Blastoise|Shell Smash|p2b: Blastoise
|-unboost|p2b: Blastoise|def|1
|-unboost|p2b: Blastoise|spd|1
|-boost|p2b: Blastoise|atk|2
|-boost|p2b: Blastoise|spa|2
|-boost|p2b: Blastoise|spe|2
|move|p1b: Sinistcha|Matcha Gotcha|p2a: Sneasler|[spread] p2b
|-miss|p1b: Sinistcha|p2a: Sneasler
|-supereffective|p2b: Blastoise|1
|-damage|p2b: Blastoise|32/100
|
|upkeep
|turn|2
|inactive|battle sim trainer has 30 seconds left.
|inactive|silver moon boy has 30 seconds left.
|inactive|battle sim trainer has 20 seconds left.
|inactive|silver moon boy has 20 seconds left.
|inactive|battle sim trainer has 15 seconds left.
|inactive|silver moon boy has 15 seconds left.
|inactive|battle sim trainer has 10 seconds left.
|inactive|silver moon boy has 10 seconds left.
|inactive|silver moon boy has 5 seconds left.
|
|t:|1783608536
|move|p1b: Sinistcha|Rage Powder|p1b: Sinistcha
|-singleturn|p1b: Sinistcha|move: Rage Powder
|move|p2b: Blastoise|Dark Pulse|p1b: Sinistcha
|-supereffective|p1b: Sinistcha|1
|-damage|p1b: Sinistcha|0 fnt
|faint|p1b: Sinistcha
|move|p2a: Sneasler|Dire Claw|p1a: Archaludon
|-immune|p1a: Archaludon
|move|p1a: Archaludon|Dragon Pulse|p2b: Blastoise
|-damage|p2b: Blastoise|0 fnt
|faint|p2b: Blastoise
|
|upkeep
|
|t:|1783608557
|switch|p2b: Sinistcha|Sinistcha-Masterpiece, L50|100/100
|switch|p1b: Greninja|Greninja, L50, M|100/100
|turn|3
|
|t:|1783608577
|move|p1a: Archaludon|Protect|p1a: Archaludon
|-singleturn|p1a: Archaludon|Protect
|move|p1b: Greninja|Dark Pulse|p2b: Sinistcha
|-start|p1b: Greninja|typechange|Dark|[from] ability: Protean
|-supereffective|p2b: Sinistcha|1
|-crit|p2b: Sinistcha
|-enditem|p2b: Sinistcha|Colbur Berry|[eat]
|-enditem|p2b: Sinistcha|Colbur Berry|[weaken]
|-damage|p2b: Sinistcha|46/100
|move|p2a: Sneasler|Close Combat|p1a: Archaludon
|-activate|p1a: Archaludon|move: Protect
|move|p2b: Sinistcha|Trick Room|p2b: Sinistcha
|-fieldstart|move: Trick Room|[of] p2b: Sinistcha
|
|upkeep
|turn|4
|
|t:|1783608596
|move|p1b: Greninja|Water Shuriken|p1a: Archaludon
|-resisted|p1a: Archaludon|1
|-damage|p1a: Archaludon|97/100
|-ability|p1a: Archaludon|Stamina|boost
|-boost|p1a: Archaludon|def|1
|-resisted|p1a: Archaludon|1
|-damage|p1a: Archaludon|94/100
|-ability|p1a: Archaludon|Stamina|boost
|-boost|p1a: Archaludon|def|1
|-resisted|p1a: Archaludon|1
|-damage|p1a: Archaludon|92/100
|-ability|p1a: Archaludon|Stamina|boost
|-boost|p1a: Archaludon|def|1
|-resisted|p1a: Archaludon|1
|-damage|p1a: Archaludon|89/100
|-ability|p1a: Archaludon|Stamina|boost
|-boost|p1a: Archaludon|def|1
|-resisted|p1a: Archaludon|1
|-damage|p1a: Archaludon|87/100
|-ability|p1a: Archaludon|Stamina|boost
|-boost|p1a: Archaludon|def|1
|-hitcount|p1a: Archaludon|5
|move|p2b: Sinistcha|Matcha Gotcha|p1b: Greninja|[spread] p1a,p1b
|-resisted|p1a: Archaludon|2
|-damage|p1a: Archaludon|81/100
|-heal|p2b: Sinistcha|49/100|[from] drain|[of] p1a: Archaludon
|-damage|p1b: Greninja|63/100
|-heal|p2b: Sinistcha|65/100|[from] drain|[of] p1b: Greninja
|-status|p1b: Greninja|brn
|-ability|p1a: Archaludon|Stamina|boost
|-boost|p1a: Archaludon|def|1
|move|p1a: Archaludon|Dragon Pulse|p2a: Sneasler
|-damage|p2a: Sneasler|42/100
|move|p2a: Sneasler|Close Combat|p1a: Archaludon
|-supereffective|p1a: Archaludon|1
|-damage|p1a: Archaludon|56/100
|-unboost|p2a: Sneasler|def|1
|-unboost|p2a: Sneasler|spd|1
|-enditem|p2a: Sneasler|White Herb
|-clearnegativeboost|p2a: Sneasler|[silent]
|
|-heal|p1a: Archaludon|62/100|[from] item: Leftovers
|-damage|p1b: Greninja|57/100 brn|[from] brn
|upkeep
|turn|5
|-message|silver moon boy forfeited.
|
|win|battle sim trainer
|raw|battle sim trainer's rating: 1165 → 1193(+28 for winning)
|raw|silver moon boy's rating: 1201 → 1173(-28 for losing)
|l|☆silver moon boy
|player|p2|
|c|☆battle sim trainer|gg
