|j|☆CallMeDG
|j|☆sandy ghost 5
|html|CallMeDGsandy ghost 5    
|uhtml|bestof|Game 1 of a best-of-3
|t:|1756902262
|gametype|doubles
|player|p1|CallMeDG|byron|1081
|player|p2|sandy ghost 5|baker|1195
|gen|9
|tier|[Gen 9] VGC 2025 Reg H (Bo3)
|rated|
|rule|Species Clause: Limit one of each Pokémon
|rule|Item Clause: Limit 1 of each item
|clearpoke
|poke|p1|Gastrodon, L50, F|
|poke|p1|Maushold-Four, L50|
|poke|p1|Houndstone, L50, M|
|poke|p1|Excadrill, L50, M|
|poke|p1|Whimsicott, L50, F|
|poke|p1|Tyranitar, L50, M|
|poke|p2|Tyranitar, L50, M|
|poke|p2|Excadrill, L50, M|
|poke|p2|Sinistcha-Masterpiece, L50|
|poke|p2|Salamence, L50, M|
|poke|p2|Blaziken, L50, M|
|poke|p2|Bruxish, L50, M|
|teampreview|4
|showteam|p1|Gastrodon||Leftovers|StormDrain|EarthPower,IcyWind,Yawn,Protect|||F|||50|,,,,,Water]Maushold-Four||FocusSash|FriendGuard|PopulationBomb,HelpingHand,FollowMe,Uturn||||||50|,,,,,Normal]Houndstone||ChoiceBand|SandRush|LastRespects,PlayRough,Crunch,StompingTantrum|||M|||50|,,,,,Ghost]Excadrill||ChoiceScarf|SandForce|HighHorsepower,IronHead,RockSlide,RapidSpin|||M|||50|,,,,,Steel]Whimsicott||CovertCloak|Prankster|Moonblast,Tailwind,Encore,StunSpore|||F|||50|,,,,,Fairy]Tyranitar||SafetyGoggles|SandStream|RockSlide,Crunch,LowKick,Protect|||M|||50|,,,,,Flying
|showteam|p2|Tyranitar||ClearAmulet|SandStream|RockSlide,KnockOff,DragonDance,Protect|||M|||50|,,,,,Grass]Excadrill||AssaultVest|SandRush|Earthquake,IronHead,HighHorsepower,RockSlide|||M|||50|,,,,,Ghost]Sinistcha-Masterpiece||SitrusBerry|Hospitality|ShadowBall,MatchaGotcha,RagePowder,Protect||||||50|,,,,,Dark]Salamence||LifeOrb|Intimidate|DracoMeteor,AirSlash,Protect,Tailwind|||M|||50|,,,,,Ghost]Blaziken||CovertCloak|SpeedBoost|AuraSphere,HeatWave,Coaching,WillOWisp|||M|||50|,,,,,Dragon]Bruxish||ChoiceScarf|Dazzling|PsychicFangs,FlipTurn,WaveCrash,SuperFang|||M|||50|,,,,,Water
|
|t:|1756902319
|teamsize|p1|4
|teamsize|p2|4
|start
|switch|p1a: Whimsicott|Whimsicott, L50, F, shiny|100/100
|switch|p1b: Tyranitar|Tyranitar, L50, M, shiny|100/100
|switch|p2a: Blaziken|Blaziken, L50, M|100/100
|switch|p2b: Salamence|Salamence, L50, M|100/100
|-ability|p2b: Salamence|Intimidate|boost
|-unboost|p1a: Whimsicott|atk|1
|-unboost|p1b: Tyranitar|atk|1
|-weather|Sandstorm|[from] ability: Sand Stream|[of] p1b: Tyranitar
|turn|1
|inactive|Battle timer is ON: inactive players will automatically lose when time's up. (requested by CallMeDG)
|inactive|CallMeDG has 60 seconds left.
|
|t:|1756902355
|switch|p2b: Excadrill|Excadrill, L50, M|100/100
|move|p1a: Whimsicott|Stun Spore|p2b: Excadrill
|-status|p2b: Excadrill|par
|move|p2a: Blaziken|Will-O-Wisp|p1b: Tyranitar
|-status|p1b: Tyranitar|brn
|move|p1b: Tyranitar|Rock Slide|p2b: Excadrill|[spread] p2a,p2b
|-resisted|p2b: Excadrill
|-damage|p2a: Blaziken|87/100
|-damage|p2b: Excadrill|97/100 par
|
|-weather|Sandstorm|[upkeep]
|-damage|p1a: Whimsicott|95/100|[from] Sandstorm
|-damage|p2a: Blaziken|81/100|[from] Sandstorm
|-damage|p1b: Tyranitar|95/100 brn|[from] brn
|-ability|p2a: Blaziken|Speed Boost|boost
|-boost|p2a: Blaziken|spe|1
|upkeep
|turn|2
|inactive|CallMeDG has 30 seconds left.
|inactive|CallMeDG has 20 seconds left.
|
|t:|1756902392
|move|p1b: Tyranitar|Protect|p1b: Tyranitar
|-singleturn|p1b: Tyranitar|Protect
|move|p1a: Whimsicott|Tailwind|p1a: Whimsicott
|-sidestart|p1: CallMeDG|move: Tailwind
|move|p2a: Blaziken|Heat Wave|p1a: Whimsicott|[spread] p1a
|-activate|p1b: Tyranitar|move: Protect
|-supereffective|p1a: Whimsicott
|-damage|p1a: Whimsicott|14/100
|cant|p2b: Excadrill|par
|
|-weather|Sandstorm|[upkeep]
|-damage|p1a: Whimsicott|8/100|[from] Sandstorm
|-damage|p2a: Blaziken|75/100|[from] Sandstorm
|-damage|p1b: Tyranitar|89/100 brn|[from] brn
|-ability|p2a: Blaziken|Speed Boost|boost
|-boost|p2a: Blaziken|spe|1
|upkeep
|turn|3
|inactive|sandy ghost 5 has 30 seconds left.
|inactive|sandy ghost 5 has 20 seconds left.
|inactive|sandy ghost 5 has 15 seconds left.
|inactive|sandy ghost 5 has 10 seconds left.
|inactive|sandy ghost 5 has 5 seconds left.
|
|t:|1756902447
|move|p1a: Whimsicott|Stun Spore|p2a: Blaziken
|-status|p2a: Blaziken|par
|move|p1b: Tyranitar|Rock Slide|p2b: Excadrill|[spread] p2a,p2b
|-resisted|p2b: Excadrill
|-damage|p2a: Blaziken|59/100 par
|-damage|p2b: Excadrill|93/100 par
|move|p2a: Blaziken|Coaching|p2b: Excadrill
|-boost|p2b: Excadrill|atk|1
|-boost|p2b: Excadrill|def|1
|move|p2b: Excadrill|High Horsepower|p1b: Tyranitar
|-supereffective|p1b: Tyranitar
|-damage|p1b: Tyranitar|0 fnt
|faint|p1b: Tyranitar
|
|-weather|Sandstorm|[upkeep]
|-damage|p1a: Whimsicott|2/100|[from] Sandstorm
|-damage|p2a: Blaziken|53/100 par|[from] Sandstorm
|-ability|p2a: Blaziken|Speed Boost|boost
|-boost|p2a: Blaziken|spe|1
|upkeep
|
|t:|1756902455
|switch|p1b: Houndstone|Houndstone, L50, M, shiny|100/100
|turn|4
|inactive|CallMeDG has 30 seconds left.
|inactive|sandy ghost 5 has 30 seconds left.
|inactive|CallMeDG has 20 seconds left.
|
|t:|1756902491
|switch|p1a: Maushold|Maushold-Four, L50, shiny|100/100
|switch|p2a: Salamence|Salamence, L50, M|100/100
|-ability|p2a: Salamence|Intimidate|boost
|-unboost|p1a: Maushold|atk|1
|-unboost|p1b: Houndstone|atk|1
|-terastallize|p1b: Houndstone|Ghost
|move|p1b: Houndstone|Last Respects|p2b: Excadrill
|-damage|p2b: Excadrill|32/100 par
|move|p2b: Excadrill|Earthquake|p1a: Maushold|[spread] p1a,p1b
|-immune|p2a: Salamence
|-damage|p1a: Maushold|2/100
|-damage|p1b: Houndstone|39/100
|
|-weather|Sandstorm|[upkeep]
|-damage|p1a: Maushold|0 fnt|[from] Sandstorm
|-damage|p2a: Salamence|95/100|[from] Sandstorm
|faint|p1a: Maushold
|upkeep
|
|t:|1756902501
|switch|p1a: Whimsicott|Whimsicott, L50, F, shiny|2/100
|turn|5
|inactive|sandy ghost 5 has 30 seconds left.
|
|t:|1756902528
|move|p2a: Salamence|Protect|p2a: Salamence
|-singleturn|p2a: Salamence|Protect
|move|p1a: Whimsicott|Stun Spore|p2a: Salamence
|-activate|p2a: Salamence|move: Protect
|move|p1b: Houndstone|Last Respects|p2b: Excadrill
|-damage|p2b: Excadrill|0 fnt
|faint|p2b: Excadrill
|
|-weather|none
|-sideend|p1: CallMeDG|move: Tailwind
|upkeep
|
|t:|1756902536
|switch|p2b: Puppet|Sinistcha-Masterpiece, L50|100/100
|-heal|p2a: Salamence|100/100|[from] ability: Hospitality|[of] p2b: Puppet
|turn|6
|
|t:|1756902553
|-terastallize|p2a: Salamence|Ghost
|move|p2b: Puppet|Rage Powder|p2b: Puppet
|-singleturn|p2b: Puppet|move: Rage Powder
|move|p1a: Whimsicott|Tailwind|p1a: Whimsicott
|-sidestart|p1: CallMeDG|move: Tailwind
|move|p1b: Houndstone|Last Respects|p2b: Puppet
|-supereffective|p2b: Puppet
|-damage|p2b: Puppet|0 fnt
|faint|p2b: Puppet
|move|p2a: Salamence|Air Slash|p1b: Houndstone
|-damage|p1b: Houndstone|0 fnt
|faint|p1b: Houndstone
|-damage|p2a: Salamence|91/100|[from] item: Life Orb
|
|upkeep
|
|t:|1756902565
|switch|p2b: Blaziken|Blaziken, L50, M|53/100 par
|turn|7
|
|t:|1756902570
|move|p1a: Whimsicott|Moonblast|p2a: Salamence
|-damage|p2a: Salamence|58/100
|move|p2a: Salamence|Air Slash|p1a: Whimsicott
|-supereffective|p1a: Whimsicott
|-damage|p1a: Whimsicott|0 fnt
|faint|p1a: Whimsicott
|-damage|p2a: Salamence|48/100|[from] item: Life Orb
|
|win|sandy ghost 5
||sandy ghost 5 is ready for game 2.
||CallMeDG is ready for game 2.
|uhtml|next|Next: Game 2 of 3
|l|☆CallMeDG
|player|p1|
