|j|☆Cosentino
|j|☆solati
|html|Cosentinosolati    
|uhtml|bestof|Game 1 of a best-of-3
|t:|1757830071
|gametype|doubles
|player|p1|Cosentino|clown|1165
|player|p2|solati|hilbert|1040
|gen|9
|tier|[Gen 9] VGC 2025 Reg H (Bo3)
|rated|
|rule|Species Clause: Limit one of each Pokémon
|rule|Item Clause: Limit 1 of each item
|clearpoke
|poke|p1|Incineroar, L50, M|
|poke|p1|Amoonguss, L50, F|
|poke|p1|Dragonite, L50, F|
|poke|p1|Palafin, L50, M|
|poke|p1|Kingambit, L50, M|
|poke|p1|Garchomp, L50, F|
|poke|p2|Typhlosion-Hisui, L50, M|
|poke|p2|Whimsicott, L50, F|
|poke|p2|Rillaboom, L50, M|
|poke|p2|Incineroar, L50, F|
|poke|p2|Gholdengo, L50|
|poke|p2|Garganacl, L50, M|
|teampreview|4
|showteam|p1|Incineroar||AssaultVest|Intimidate|KnockOff,FakeOut,FlareBlitz,Uturn|||M|||50|,,,,,Grass]Amoonguss||FocusSash|Regenerator|Spore,LeafStorm,RagePowder,Protect|||F|||50|,,,,,Water]Dragonite||LoadedDice|Multiscale|ScaleShot,Protect,Haze,ExtremeSpeed|||F|||50|,,,,,Normal]Palafin||MysticWater|ZerotoHero|WaveCrash,JetPunch,Protect,BulkUp|||M|||50|,,,,,Grass]Kingambit||LifeOrb|Defiant|KowtowCleave,Protect,SuckerPunch,IronHead|||M|||50|,,,,,Dark]Garchomp||RockyHelmet|RoughSkin|Protect,RockSlide,StompingTantrum,SwordsDance|||F|||50|,,,,,Fire
|showteam|p2|Typhlosion-Hisui||Charcoal|Blaze|Eruption,InfernalParade,ShadowBall,Protect|||M|||50|,,,,,Ghost]Whimsicott||FocusSash|Prankster|Tailwind,SunnyDay,Encore,Moonblast|||F|||50|,,,,,Ghost]Rillaboom||AssaultVest|GrassySurge|FakeOut,GrassyGlide,HighHorsepower,Uturn|||M|||50|,,,,,Fire]Incineroar||SafetyGoggles|Intimidate|FakeOut,PartingShot,KnockOff,FlareBlitz|||F|||50|,,,,,Water]Gholdengo||CovertCloak|GoodasGold|MakeItRain,ShadowBall,NastyPlot,Protect||||||50|,,,,,Steel]Garganacl||Leftovers|PurifyingSalt|SaltCure,WideGuard,Recover,Protect|||M|||50|,,,,,Flying
|inactive|Battle timer is ON: inactive players will automatically lose when time's up. (requested by solati)
|
|t:|1757830099
|teamsize|p1|4
|teamsize|p2|4
|start
|switch|p1a: Incineroar|Incineroar, L50, M|100/100
|switch|p1b: Palafin|Palafin, L50, M|100/100
|switch|p2a: Blaze|Typhlosion-Hisui, L50, M|100/100
|switch|p2b: Puffball|Whimsicott, L50, F|100/100
|-ability|p1a: Incineroar|Intimidate|boost
|-unboost|p2a: Blaze|atk|1
|-unboost|p2b: Puffball|atk|1
|turn|1
|
|t:|1757830121
|detailschange|p1b: Palafin|Palafin-Hero, L50, M
|switch|p1b: Garchomp|Garchomp, L50, F|100/100
|move|p2a: Blaze|Protect|p2a: Blaze
|-singleturn|p2a: Blaze|Protect
|move|p1a: Incineroar|Fake Out|p2b: Puffball
|-damage|p2b: Puffball|87/100
|cant|p2b: Puffball|flinch
|
|upkeep
|turn|2
|inactive|Cosentino has 30 seconds left.
|
|t:|1757830152
|-terastallize|p2a: Blaze|Ghost
|move|p2b: Puffball|Tailwind|p2b: Puffball
|-sidestart|p2: solati|move: Tailwind
|move|p2a: Blaze|Infernal Parade|p1b: Garchomp
|-damage|p1b: Garchomp|57/100
|move|p1b: Garchomp|Stomping Tantrum|p2a: Blaze
|-damage|p2a: Blaze|43/100
|move|p1a: Incineroar|Knock Off|p2a: Blaze
|-supereffective|p2a: Blaze
|-damage|p2a: Blaze|0 fnt
|-enditem|p2a: Blaze|Charcoal|[from] move: Knock Off|[of] p1a: Incineroar
|faint|p2a: Blaze
|
|upkeep
|
|t:|1757830169
|switch|p2a: Nurikabe|Garganacl, L50, M|100/100
|turn|3
|
|t:|1757830186
|move|p2b: Puffball|Moonblast|p1b: Garchomp
|-supereffective|p1b: Garchomp
|-crit|p1b: Garchomp
|-damage|p1b: Garchomp|0 fnt
|faint|p1b: Garchomp
|move|p2a: Nurikabe|Salt Cure|p1a: Incineroar
|-supereffective|p1a: Incineroar
|-damage|p1a: Incineroar|82/100
|-start|p1a: Incineroar|Salt Cure
|move|p1a: Incineroar|Flare Blitz|p2b: Puffball
|-supereffective|p2b: Puffball
|-damage|p2b: Puffball|0 fnt
|faint|p2b: Puffball
|-damage|p1a: Incineroar|58/100|[from] Recoil
|
|-damage|p1a: Incineroar|45/100|[from] Salt Cure
|upkeep
|
|t:|1757830198
|switch|p2b: Gholdilocks|Gholdengo, L50|100/100
|switch|p1b: Palafin|Palafin-Hero, L50, M|100/100
|-activate|p1b: Palafin|ability: Zero to Hero
|turn|4
|inactive|Cosentino has 30 seconds left.
|
|t:|1757830226
|move|p2a: Nurikabe|Protect|p2a: Nurikabe
|-singleturn|p2a: Nurikabe|Protect
|move|p2b: Gholdilocks|Nasty Plot|p2b: Gholdilocks
|-boost|p2b: Gholdilocks|spa|2
|move|p1b: Palafin|Wave Crash|p2a: Nurikabe
|-activate|p2a: Nurikabe|move: Protect
|move|p1a: Incineroar|U-turn|p2b: Gholdilocks
|-resisted|p2b: Gholdilocks
|-damage|p2b: Gholdilocks|96/100
|
|t:|1757830237
|switch|p1a: Kingambit|Kingambit, L50, M|100/100|[from] U-turn
|
|upkeep
|turn|5
|inactive|solati has 30 seconds left.
|inactive|solati has 20 seconds left.
|
|t:|1757830276
|-terastallize|p1a: Kingambit|Dark
|move|p2a: Nurikabe|Protect||[still]
|-fail|p2a: Nurikabe
|move|p1a: Kingambit|Sucker Punch|p2b: Gholdilocks
|-supereffective|p2b: Gholdilocks
|-damage|p2b: Gholdilocks|0 fnt
|faint|p2b: Gholdilocks
|-damage|p1a: Kingambit|91/100|[from] item: Life Orb
|move|p1b: Palafin|Wave Crash|p2a: Nurikabe
|-supereffective|p2a: Nurikabe
|-damage|p2a: Nurikabe|0 fnt
|faint|p2a: Nurikabe
|-damage|p1b: Palafin|67/100|[from] Recoil
|
|win|Cosentino
||solati is ready for game 2.
|inactive|Cosentino has 30 seconds to confirm battle start!
||Cosentino is ready for game 2.
|uhtml|next|Next: Game 2 of 3
