|j|☆fetru
|j|☆TicklemyStaraptor
|html|fetruTicklemyStaraptor    
|uhtml|bestof|Game 1 of a best-of-3
|t:|1784501901
|gametype|doubles
|player|p1|fetru|266|1136
|player|p2|TicklemyStaraptor|sisandbro|1114
|gen|9
|tier|[Gen 9 Champions] VGC 2026 Reg M-B (Bo3)
|rated|
|rule|Species Clause: Limit one of each Pokémon
|rule|Item Clause: Limit 1 of each item
|clearpoke
|poke|p1|Aerodactyl, L50, M|
|poke|p1|Sylveon, L50, M|
|poke|p1|Charizard, L50, F|
|poke|p1|Kingambit, L50, M|
|poke|p1|Farigiraf, L50, F|
|poke|p1|Garchomp, L50, F|
|poke|p2|Barbaracle, L50, M, shiny|
|poke|p2|Beedrill, L50, M, shiny|
|poke|p2|Maushold, L50|
|poke|p2|Kingambit, L50, M, shiny|
|poke|p2|Incineroar, L50, F, shiny|
|poke|p2|Empoleon, L50, F, shiny|
|teampreview|4
|showteam|p1|Aerodactyl||Aerodactylite|Unnerve|RockSlide,DualWingbeat,IceFang,Tailwind|Jolly||M|||50|]Sylveon||FairyFeather|Pixilate|Detect,QuickAttack,HyperVoice,HyperBeam|Modest||M|||50|]Charizard||CharizarditeY|SolarPower|Protect,WeatherBall,SolarBeam,HeatWave|Modest||F|||50|]Kingambit||FocusSash|Defiant|LowKick,IronHead,SuckerPunch,KowtowCleave|Adamant||M|||50|]Farigiraf||SitrusBerry|ArmorTail|PsychicFangs,Thunderbolt,TrickRoom,SunnyDay|Relaxed||F|||50|]Garchomp||LifeOrb|RoughSkin|Protect,DragonClaw,StompingTantrum,Earthquake|Jolly||F|||50|
|showteam|p2|Barbaracle||Barbaracite|ToughClaws|CloseCombat,Protect,RockSlide,ShellSmash|Adamant||M|||50|]Beedrill||Beedrillite|Swarm|Uturn,DrillRun,KnockOff,PoisonJab|Jolly||M|||50|]Maushold||WideLens|Technician|FollowMe,Encore,PopulationBomb,Protect|Jolly|||||50|]Kingambit||ShucaBerry|Defiant|IronHead,BrickBreak,KowtowCleave,SuckerPunch|Adamant||M|||50|]Incineroar||PasshoBerry|Intimidate|FakeOut,PartingShot,ThroatChop,WillOWisp|Careful||F|||50|]Empoleon||ChoiceScarf|Competitive|IcyWind,FlashCannon,GrassKnot,AirSlash|Timid||F|||50|
|
|t:|1784501966
|teamsize|p1|4
|teamsize|p2|4
|start
|switch|p1a: Aerodactyl|Aerodactyl, L50, M|100/100
|switch|p1b: Charizard|Charizard, L50, F|100/100
|switch|p2a: Barbaracle|Barbaracle, L50, M, shiny|100/100
|switch|p2b: Maushold|Maushold, L50|100/100
|-ability|p1a: Aerodactyl|Unnerve
|turn|1
|
|t:|1784501993
|detailschange|p1b: Charizard|Charizard-Mega-Y, L50, F
|-mega|p1b: Charizard|Charizard|Charizardite Y
|-weather|SunnyDay|[from] ability: Drought|[of] p1b: Charizard
|move|p2b: Maushold|Follow Me|p2b: Maushold
|-singleturn|p2b: Maushold|move: Follow Me
|move|p1a: Aerodactyl|Rock Slide|p2b: Maushold|[spread] p2a,p2b
|-damage|p2a: Barbaracle|78/100
|-damage|p2b: Maushold|62/100
|move|p1b: Charizard|Solar Beam||[still]
|-prepare|p1b: Charizard|Solar Beam
|-anim|p1b: Charizard|Solar Beam|p2b: Maushold
|-damage|p2b: Maushold|0 fnt
|faint|p2b: Maushold
|cant|p2a: Barbaracle|flinch
|
|-weather|SunnyDay|[upkeep]
|upkeep
|
|t:|1784502010
|switch|p2b: Incineroar|Incineroar, L50, F, shiny|100/100
|-ability|p2b: Incineroar|Intimidate|boost
|-unboost|p1a: Aerodactyl|atk|1
|-unboost|p1b: Charizard|atk|1
|turn|2
|
|t:|1784502024
|switch|p1b: Kingambit|Kingambit, L50, M|100/100
|detailschange|p2a: Barbaracle|Barbaracle-Mega, L50, M, shiny
|-mega|p2a: Barbaracle|Barbaracle|Barbaracite
|move|p2b: Incineroar|Fake Out|p1b: Kingambit
|-resisted|p1b: Kingambit|1
|-damage|p1b: Kingambit|94/100
|move|p1a: Aerodactyl|Tailwind|p1a: Aerodactyl
|-sidestart|p1: fetru|move: Tailwind
|move|p2a: Barbaracle|Shell Smash|p2a: Barbaracle
|-unboost|p2a: Barbaracle|def|1
|-unboost|p2a: Barbaracle|spd|1
|-boost|p2a: Barbaracle|atk|2
|-boost|p2a: Barbaracle|spa|2
|-boost|p2a: Barbaracle|spe|2
|
|-weather|SunnyDay|[upkeep]
|upkeep
|turn|3
|
|t:|1784502048
|move|p2a: Barbaracle|Protect|p2a: Barbaracle
|-singleturn|p2a: Barbaracle|Protect
|move|p1a: Aerodactyl|Rock Slide|p2a: Barbaracle|[spread] 
|-activate|p2a: Barbaracle|move: Protect
|-miss|p1a: Aerodactyl|p2b: Incineroar
|move|p1b: Kingambit|Iron Head|p2a: Barbaracle
|-activate|p2a: Barbaracle|move: Protect
|move|p2b: Incineroar|Will-O-Wisp|p1b: Kingambit
|-status|p1b: Kingambit|brn
|
|-weather|SunnyDay|[upkeep]
|-damage|p1b: Kingambit|88/100 brn|[from] brn
|upkeep
|turn|4
|
|t:|1784502074
|switch|p1a: Garchomp|Garchomp, L50, F|100/100
|move|p2a: Barbaracle|Close Combat|p1b: Kingambit
|-supereffective|p1b: Kingambit|2
|-damage|p1b: Kingambit|0 fnt
|-unboost|p2a: Barbaracle|def|1
|-unboost|p2a: Barbaracle|spd|1
|faint|p1b: Kingambit
|move|p2b: Incineroar|Parting Shot|p1a: Garchomp
|-unboost|p1a: Garchomp|atk|1
|-unboost|p1a: Garchomp|spa|1
|
|t:|1784502079
|switch|p2b: Kingambit|Kingambit, L50, M, shiny|100/100|[from] Parting Shot
|
|-weather|SunnyDay|[upkeep]
|upkeep
|
|t:|1784502087
|switch|p1b: Charizard|Charizard-Mega-Y, L50, F|100/100
|turn|5
|
|t:|1784502121
|move|p2a: Barbaracle|Protect|p2a: Barbaracle
|-singleturn|p2a: Barbaracle|Protect
|move|p2b: Kingambit|Sucker Punch|p1a: Garchomp
|-damage|p1a: Garchomp|59/100
|-damage|p2b: Kingambit|87/100|[from] ability: Rough Skin|[of] p1a: Garchomp
|move|p1a: Garchomp|Earthquake|p2b: Kingambit|[spread] p2b
|-activate|p2a: Barbaracle|move: Protect
|-immune|p1b: Charizard
|-supereffective|p2b: Kingambit|1
|-enditem|p2b: Kingambit|Shuca Berry|[eat]
|-enditem|p2b: Kingambit|Shuca Berry|[weaken]
|-damage|p2b: Kingambit|64/100
|-damage|p1a: Garchomp|50/100g|[from] item: Life Orb
|move|p1b: Charizard|Heat Wave|p2a: Barbaracle|[spread] p2b
|-activate|p2a: Barbaracle|move: Protect
|-supereffective|p2b: Kingambit|1
|-damage|p2b: Kingambit|0 fnt
|faint|p2b: Kingambit
|
|-weather|none
|-sideend|p1: fetru|move: Tailwind
|upkeep
|
|t:|1784502137
|switch|p2b: Incineroar|Incineroar, L50, F, shiny|100/100
|-ability|p2b: Incineroar|Intimidate|boost
|-unboost|p1a: Garchomp|atk|1
|-unboost|p1b: Charizard|atk|1
|turn|6
|
|t:|1784502161
|move|p2b: Incineroar|Fake Out|p1a: Garchomp
|-damage|p1a: Garchomp|38/100
|-damage|p2b: Incineroar|87/100|[from] ability: Rough Skin|[of] p1a: Garchomp
|move|p2a: Barbaracle|Rock Slide|p1b: Charizard|[spread] p1b
|-miss|p2a: Barbaracle|p1a: Garchomp
|-supereffective|p1b: Charizard|2
|-damage|p1b: Charizard|0 fnt
|faint|p1b: Charizard
|cant|p1a: Garchomp|flinch
|
|upkeep
|
|t:|1784502171
|switch|p1b: Aerodactyl|Aerodactyl, L50, M|100/100
|-ability|p1b: Aerodactyl|Unnerve
|turn|7
|
|t:|1784502180
|move|p1a: Garchomp|Protect|p1a: Garchomp
|-singleturn|p1a: Garchomp|Protect
|move|p2a: Barbaracle|Rock Slide|p1a: Garchomp|[spread] p1b
|-activate|p1a: Garchomp|move: Protect
|-supereffective|p1b: Aerodactyl|1
|-damage|p1b: Aerodactyl|0 fnt
|faint|p1b: Aerodactyl
|move|p2b: Incineroar|Throat Chop|p1a: Garchomp
|-activate|p1a: Garchomp|move: Protect
|
|upkeep
|turn|8
|
|t:|1784502186
|move|p2a: Barbaracle|Close Combat|p1a: Garchomp
|-damage|p1a: Garchomp|0 fnt
|-unboost|p2a: Barbaracle|def|1
|-unboost|p2a: Barbaracle|spd|1
|-damage|p2a: Barbaracle|66/100|[from] ability: Rough Skin|[of] p1a: Garchomp
|faint|p1a: Garchomp
|
|win|TicklemyStaraptor
||fetru is ready for game 2.
