|j|☆sturmkitten69
|j|☆x-demon18
|html|sturmkitten69x-demon18    
|uhtml|bestof|Game 2 of a best-of-3
|t:|1784538329
|gametype|doubles
|player|p1|sturmkitten69|fisherman-gen4|1114
|player|p2|x-demon18|lucas|1066
|gen|9
|tier|[Gen 9 Champions] VGC 2026 Reg M-B (Bo3)
|rated|
|rule|Species Clause: Limit one of each Pokémon
|rule|Item Clause: Limit 1 of each item
|clearpoke
|poke|p1|Incineroar, L50, M, shiny|
|poke|p1|Rotom-Wash, L50, shiny|
|poke|p1|Delphox, L50, M|
|poke|p1|Farigiraf, L50, F, shiny|
|poke|p1|Sinistcha, L50|
|poke|p1|Basculegion, L50, M|
|poke|p2|Incineroar, L50, M|
|poke|p2|Rotom-Wash, L50|
|poke|p2|Venusaur, L50, F|
|poke|p2|Corviknight, L50, M|
|poke|p2|Sylveon, L50, F|
|poke|p2|Garchomp, L50, M|
|teampreview|4
|showteam|p1|Incineroar||PasshoBerry|Intimidate|FakeOut,PartingShot,ThroatChop,FlareBlitz|Impish||M|||50|]Rotom-Wash||ChoiceScarf|Levitate|VoltSwitch,Electroweb,WillOWisp,HydroPump|Timid|||||50|]Delphox||Delphoxite|Blaze|HeatWave,CalmMind,Psychic,Protect|Modest||M|||50|]Farigiraf||ColburBerry|ArmorTail|Psychic,Thunderbolt,HelpingHand,TrickRoom|Bold||F|||50|]Sinistcha||SitrusBerry|Hospitality|Protect,RagePowder,LifeDew,MatchaGotcha|Bold|||||50|]Basculegion||LifeOrb|Adaptability|LastRespects,WaveCrash,Protect,AquaJet|Adamant||M|||50|
|showteam|p2|Incineroar||ExpertBelt|Intimidate|FakeOut,TemperFlare,ThroatChop,PartingShot|Adamant||M|||50|]Rotom-Wash||RindoBerry|Levitate|HydroPump,Electroweb,WillOWisp,VoltSwitch|Modest|||||50|]Venusaur||Venusaurite|Chlorophyll|GigaDrain,SludgeBomb,EarthPower,Protect|Modest||F|||50|]Corviknight||OccaBerry|MirrorArmor|Tailwind,DualWingbeat,IronHead,BodyPress|Adamant||M|||50|]Sylveon||FairyFeather|Pixilate|HyperVoice,QuickAttack,Yawn,Detect|Modest||F|||50|]Garchomp||LifeOrb|RoughSkin|RockSlide,DragonClaw,StompingTantrum,Protect|Jolly||M|||50|
|
|t:|1784538382
|teamsize|p1|4
|teamsize|p2|4
|start
|switch|p1a: Delphox|Delphox, L50, M|100/100
|switch|p1b: Incineroar|Incineroar, L50, M, shiny|100/100
|switch|p2a: Yggdrasil|Venusaur, L50, F|100/100
|switch|p2b: Wolverine|Incineroar, L50, M|100/100
|-ability|p2b: Wolverine|Intimidate|boost
|-unboost|p1a: Delphox|atk|1
|-unboost|p1b: Incineroar|atk|1
|-ability|p1b: Incineroar|Intimidate|boost
|-unboost|p2a: Yggdrasil|atk|1
|-unboost|p2b: Wolverine|atk|1
|turn|1
|
|t:|1784538410
|detailschange|p1a: Delphox|Delphox-Mega, L50, M
|-mega|p1a: Delphox|Delphox|Delphoxite
|detailschange|p2a: Yggdrasil|Venusaur-Mega, L50, F
|-mega|p2a: Yggdrasil|Venusaur|Venusaurite
|move|p2a: Yggdrasil|Protect|p2a: Yggdrasil
|-singleturn|p2a: Yggdrasil|Protect
|move|p1b: Incineroar|Fake Out|p2b: Wolverine
|-damage|p2b: Wolverine|93/100
|move|p1a: Delphox|Calm Mind|p1a: Delphox
|-boost|p1a: Delphox|spa|1
|-boost|p1a: Delphox|spd|1
|cant|p2b: Wolverine|flinch
|
|upkeep
|turn|2
|
|t:|1784538437
|switch|p2a: Berserk|Garchomp, L50, M|100/100
|move|p1a: Delphox|Heat Wave|p2b: Wolverine|[spread] p2a,p2b
|-resisted|p2a: Berserk|1
|-resisted|p2b: Wolverine|1
|-damage|p2a: Berserk|71/100
|-damage|p2b: Wolverine|68/100
|move|p2b: Wolverine|Throat Chop|p1a: Delphox
|-supereffective|p1a: Delphox|1
|-damage|p1a: Delphox|23/100
|-start|p1a: Delphox|Throat Chop|[silent]
|move|p1b: Incineroar|Parting Shot|p2a: Berserk
|-unboost|p2a: Berserk|atk|1
|-unboost|p2a: Berserk|spa|1
|
|t:|1784538448
|switch|p1b: Sinistcha|Sinistcha, L50|100/100|[from] Parting Shot
|-heal|p1a: Delphox|48/100|[from] ability: Hospitality|[of] p1b: Sinistcha
|
|upkeep
|turn|3
|
|t:|1784538460
|move|p1b: Sinistcha|Rage Powder|p1b: Sinistcha
|-singleturn|p1b: Sinistcha|move: Rage Powder
|move|p1a: Delphox|Psychic|p2a: Berserk
|-damage|p2a: Berserk|0 fnt
|faint|p2a: Berserk
|move|p2b: Wolverine|Throat Chop|p1b: Sinistcha
|-supereffective|p1b: Sinistcha|1
|-damage|p1b: Sinistcha|50/100y
|-start|p1b: Sinistcha|Throat Chop|[silent]
|-enditem|p1b: Sinistcha|Sitrus Berry|[eat]
|-heal|p1b: Sinistcha|74/100|[from] item: Sitrus Berry
|
|-end|p1a: Delphox|Throat Chop|[silent]
|upkeep
|
|t:|1784538476
|switch|p2a: Yggdrasil|Venusaur-Mega, L50, F|100/100
|turn|4
|
|t:|1784538486
|move|p2a: Yggdrasil|Protect|p2a: Yggdrasil
|-singleturn|p2a: Yggdrasil|Protect
|move|p1b: Sinistcha|Rage Powder|p1b: Sinistcha
|-singleturn|p1b: Sinistcha|move: Rage Powder
|move|p1a: Delphox|Calm Mind|p1a: Delphox
|-boost|p1a: Delphox|spa|1
|-boost|p1a: Delphox|spd|1
|move|p2b: Wolverine|Throat Chop|p1b: Sinistcha
|-supereffective|p1b: Sinistcha|1
|-damage|p1b: Sinistcha|28/100
|
|-end|p1b: Sinistcha|Throat Chop|[silent]
|upkeep
|turn|5
|
|t:|1784538503
|switch|p2a: HydroVolt|Rotom-Wash, L50|100/100
|move|p1b: Sinistcha|Rage Powder|p1b: Sinistcha
|-singleturn|p1b: Sinistcha|move: Rage Powder
|move|p1a: Delphox|Heat Wave|p2b: Wolverine|[spread] p2a,p2b
|-resisted|p2a: HydroVolt|1
|-resisted|p2b: Wolverine|1
|-damage|p2a: HydroVolt|55/100
|-damage|p2b: Wolverine|35/100
|move|p2b: Wolverine|Throat Chop|p1b: Sinistcha
|-supereffective|p1b: Sinistcha|1
|-damage|p1b: Sinistcha|0 fnt
|faint|p1b: Sinistcha
|
|upkeep
|
|t:|1784538517
|switch|p1b: Incineroar|Incineroar, L50, M, shiny|100/100
|-ability|p1b: Incineroar|Intimidate|boost
|-unboost|p2a: HydroVolt|atk|1
|-unboost|p2b: Wolverine|atk|1
|turn|6
|
|t:|1784538524
|switch|p2b: Yggdrasil|Venusaur-Mega, L50, F|100/100
|move|p1b: Incineroar|Fake Out|p2a: HydroVolt
|-damage|p2a: HydroVolt|45/100
|move|p1a: Delphox|Heat Wave|p2a: HydroVolt|[spread] p2a,p2b
|-resisted|p2a: HydroVolt|1
|-supereffective|p2b: Yggdrasil|1
|-damage|p2a: HydroVolt|7/100
|-damage|p2b: Yggdrasil|34/100
|cant|p2a: HydroVolt|flinch
|
|upkeep
|turn|7
|
|t:|1784538543
|move|p1a: Delphox|Heat Wave|p2b: Yggdrasil|[spread] p2a,p2b
|-resisted|p2a: HydroVolt|1
|-supereffective|p2b: Yggdrasil|1
|-damage|p2a: HydroVolt|0 fnt
|-damage|p2b: Yggdrasil|0 fnt
|faint|p2a: HydroVolt
|faint|p2b: Yggdrasil
|move|p1b: Incineroar|Parting Shot|p2: HydroVolt|[notarget]
|-fail|p1b: Incineroar
|
|upkeep
|
|t:|1784538552
|switch|p2b: Wolverine|Incineroar, L50, M|35/100
|-ability|p2b: Wolverine|Intimidate|boost
|-unboost|p1a: Delphox|atk|1
|-unboost|p1b: Incineroar|atk|1
|turn|8
|
|t:|1784538567
|move|p1a: Delphox|Heat Wave|p2b: Wolverine
|-resisted|p2b: Wolverine|1
|-damage|p2b: Wolverine|0 fnt
|faint|p2b: Wolverine
|
|win|sturmkitten69
||sturmkitten69 is ready for game 3.
