|j|☆CrazyyBoi
|j|☆P!nkbearz07
|html|CrazyyBoiP!nkbearz07    
|uhtml|bestof|Game 2 of a best-of-3
|t:|1757040206
|gametype|doubles
|player|p1|CrazyyBoi|170|1040
|player|p2|P!nkbearz07|marlon|1076
|gen|9
|tier|[Gen 9] VGC 2025 Reg H (Bo3)
|rated|
|rule|Species Clause: Limit one of each Pokémon
|rule|Item Clause: Limit 1 of each item
|clearpoke
|poke|p1|Maushold-Four, L50|
|poke|p1|Sableye, L50, M|
|poke|p1|Sinistcha, L50|
|poke|p1|Kommo-o, L50, F|
|poke|p1|Incineroar, L50, M|
|poke|p1|Primarina, L50, M|
|poke|p2|Empoleon, L50, F|
|poke|p2|Pelipper, L50, M|
|poke|p2|Ursaluna-Bloodmoon, L50, M|
|poke|p2|Sceptile, L50, M|
|poke|p2|Hydreigon, L50, M|
|poke|p2|Incineroar, L50, M|
|teampreview|4
|showteam|p1|Maushold-Four||WideLens|Technician|Protect,PopulationBomb,Bite,FollowMe||||||50|,,,,,Normal]Sableye||FocusSash|Prankster|FakeOut,Quash,Disable,Encore|||M|||50|,,,,,Grass]Sinistcha||MentalHerb|Hospitality|RagePowder,MatchaGotcha,StrengthSap,Protect||||||50|,,,,,Fire]Kommo-o||ThroatSpray|Overcoat|ClangorousSoul,ClangingScales,Protect,AuraSphere|||F|||50|,,,,,Steel]Incineroar||SafetyGoggles|Intimidate|FakeOut,PartingShot,KnockOff,Taunt|||M|||50|,,,,,Ghost]Primarina||LifeOrb|LiquidVoice|HyperVoice,Moonblast,PerishSong,Protect|||M|||50|,,,,,Dragon
|showteam|p2|Empoleon||CovertCloak|Competitive|WaterPledge,FlashCannon,IcyWind,Protect|||F|||50|,,,,,Bug]Pelipper||ChoiceScarf|Drizzle|Hurricane,MuddyWater,WeatherBall,Tailwind|||M|||50|,,,,,Ghost]Ursaluna-Bloodmoon||AssaultVest|MindsEye|EarthPower,BloodMoon,HyperVoice,VacuumWave|||M|||50|,,,,,Ghost]Sceptile||LumBerry|Unburden|GrassPledge,DragonPulse,VacuumWave,Detect|||M|||50|,,,,,Ghost]Hydreigon||ChoiceSpecs|Levitate|Snarl,DarkPulse,DracoMeteor,TeraBlast|||M|||50|,,,,,Poison]Incineroar||SafetyGoggles|Intimidate|FakeOut,FirePledge,KnockOff,PartingShot|||M|||50|,,,,,Ghost
|inactive|Battle timer is ON: inactive players will automatically lose when time's up. (requested by P!nkbearz07)
|inactive|P!nkbearz07 has 60 seconds left.
|
|t:|1757040255
|teamsize|p1|4
|teamsize|p2|4
|start
|switch|p1a: Sableye|Sableye, L50, M|100/100
|switch|p1b: Kommo-o|Kommo-o, L50, F|100/100
|switch|p2a: Atlantis|Empoleon, L50, F, shiny|100/100
|switch|p2b: Ursa Major|Ursaluna-Bloodmoon, L50, M|100/100
|turn|1
|inactive|CrazyyBoi has 30 seconds left.
|
|t:|1757040285
|-terastallize|p1b: Kommo-o|Steel
|-terastallize|p2b: Ursa Major|Ghost
|move|p1a: Sableye|Fake Out|p2a: Atlantis
|-resisted|p2a: Atlantis
|-damage|p2a: Atlantis|97/100
|move|p1b: Kommo-o|Clangorous Soul|p1b: Kommo-o
|-boost|p1b: Kommo-o|atk|1
|-boost|p1b: Kommo-o|def|1
|-boost|p1b: Kommo-o|spa|1
|-boost|p1b: Kommo-o|spd|1
|-boost|p1b: Kommo-o|spe|1
|-damage|p1b: Kommo-o|68/100
|-enditem|p1b: Kommo-o|Throat Spray
|-boost|p1b: Kommo-o|spa|1|[from] item: Throat Spray
|move|p2a: Atlantis|Icy Wind|p1b: Kommo-o|[spread] p1a,p1b
|-resisted|p1b: Kommo-o
|-damage|p1a: Sableye|90/100
|-damage|p1b: Kommo-o|64/100
|-unboost|p1a: Sableye|spe|1
|-unboost|p1b: Kommo-o|spe|1
|move|p2b: Ursa Major|Hyper Voice|p1b: Kommo-o|[spread] p1a,p1b
|-resisted|p1b: Kommo-o
|-damage|p1a: Sableye|49/100
|-damage|p1b: Kommo-o|53/100
|
|upkeep
|turn|2
|inactive|CrazyyBoi has 30 seconds left.
|inactive|P!nkbearz07 has 30 seconds left.
|
|t:|1757040318
|switch|p2a: Lorb|Pelipper, L50, M, shiny|100/100
|-weather|RainDance|[from] ability: Drizzle|[of] p2a: Lorb
|move|p1a: Sableye|Encore|p2b: Ursa Major
|-start|p2b: Ursa Major|Encore
|move|p1b: Kommo-o|Aura Sphere|p2a: Lorb
|-resisted|p2a: Lorb
|-damage|p2a: Lorb|38/100
|move|p2b: Ursa Major|Hyper Voice|p1b: Kommo-o|[spread] p1a,p1b
|-resisted|p1b: Kommo-o
|-damage|p1a: Sableye|3/100
|-damage|p1b: Kommo-o|41/100
|
|-weather|RainDance|[upkeep]
|upkeep
|turn|3
|
|t:|1757040341
|move|p1b: Kommo-o|Protect|p1b: Kommo-o
|-singleturn|p1b: Kommo-o|Protect
|move|p1a: Sableye|Disable|p2b: Ursa Major
|-start|p2b: Ursa Major|Disable|Hyper Voice
|move|p2a: Lorb|Tailwind|p2a: Lorb
|-sidestart|p2: P!nkbearz07|move: Tailwind
|cant|p2b: Ursa Major|Disable|Hyper Voice
|
|-weather|RainDance|[upkeep]
|upkeep
|turn|4
|
|t:|1757040360
|switch|p2a: Atlantis|Empoleon, L50, F, shiny|97/100
|switch|p2b: Nightmare|Hydreigon, L50, M|100/100
|switch|p1a: Sinistcha|Sinistcha, L50|100/100
|-heal|p1b: Kommo-o|65/100|[from] ability: Hospitality|[of] p1a: Sinistcha
|move|p1b: Kommo-o|Clanging Scales|p2b: Nightmare|[spread] p2a,p2b
|-resisted|p2a: Atlantis
|-supereffective|p2b: Nightmare
|-damage|p2a: Atlantis|68/100
|-damage|p2b: Nightmare|0 fnt
|faint|p2b: Nightmare
|-unboost|p1b: Kommo-o|def|1
|
|-weather|RainDance|[upkeep]
|upkeep
|
|t:|1757040375
|switch|p2b: Lorb|Pelipper, L50, M, shiny|38/100
|turn|5
|
|t:|1757040392
|move|p1a: Sinistcha|Rage Powder|p1a: Sinistcha
|-singleturn|p1a: Sinistcha|move: Rage Powder
|move|p2b: Lorb|Hurricane|p1a: Sinistcha
|-supereffective|p1a: Sinistcha
|-damage|p1a: Sinistcha|0 fnt
|faint|p1a: Sinistcha
|move|p2a: Atlantis|Water Pledge|p1b: Kommo-o
|-damage|p1b: Kommo-o|34/100
|move|p1b: Kommo-o|Aura Sphere|p2a: Atlantis
|-supereffective|p2a: Atlantis
|-damage|p2a: Atlantis|0 fnt
|faint|p2a: Atlantis
|
|-weather|RainDance|[upkeep]
|upkeep
|
|t:|1757040412
|switch|p1a: Sableye|Sableye, L50, M|3/100
|switch|p2a: Ursa Major|Ursaluna-Bloodmoon, L50, M, tera:Ghost|100/100
|turn|6
|
|t:|1757040430
|move|p1b: Kommo-o|Protect|p1b: Kommo-o
|-singleturn|p1b: Kommo-o|Protect
|move|p1a: Sableye|Disable|p2b: Lorb
|-start|p2b: Lorb|Disable|Hurricane
|cant|p2b: Lorb|Disable|Hurricane
|move|p2a: Ursa Major|Earth Power|p1b: Kommo-o
|-activate|p1b: Kommo-o|move: Protect
|
|-weather|none
|-sideend|p2: P!nkbearz07|move: Tailwind
|upkeep
|turn|7
|
|t:|1757040451
|move|p2a: Ursa Major|Vacuum Wave|p1b: Kommo-o
|-supereffective|p1b: Kommo-o
|-damage|p1b: Kommo-o|12/100
|move|p1a: Sableye|Disable|p2a: Ursa Major
|-start|p2a: Ursa Major|Disable|Vacuum Wave
|-activate|p2b: Lorb|move: Struggle
|move|p2b: Lorb|Struggle|p1b: Kommo-o
|-damage|p1b: Kommo-o|8/100
|-damage|p2b: Lorb|13/100|[from] recoil
|move|p1b: Kommo-o|Clanging Scales|p2b: Lorb|[spread] p2a,p2b
|-damage|p2a: Ursa Major|43/100
|-damage|p2b: Lorb|0 fnt
|faint|p2b: Lorb
|-unboost|p1b: Kommo-o|def|1
|
|upkeep
|turn|8
|-message|P!nkbearz07 forfeited.
|
|win|CrazyyBoi
|raw|CrazyyBoi's rating: 1040 → 1078(+38 for winning)
|raw|P!nkbearz07's rating: 1076 → 1052(-24 for losing)
