|j|☆dragapultintin
|j|☆marcosdeltasena31
|html|dragapultintinmarcosdeltasena31    
|uhtml|bestof|Game 3 of a best-of-3
|t:|1785967677
|gametype|doubles
|player|p1|dragapultintin|ethan-gen2|1135
|player|p2|marcosdeltasena31|hilbert|1273
|gen|9
|tier|[Gen 9 Champions] VGC 2026 Reg M-B (Bo3)
|rated|
|rule|Species Clause: Limit one of each Pokémon
|rule|Item Clause: Limit 1 of each item
|clearpoke
|poke|p1|Staraptor, L50, M|
|poke|p1|Raichu, L50, F, shiny|
|poke|p1|Sylveon, L50, F|
|poke|p1|Farigiraf, L50, F, shiny|
|poke|p1|Arcanine-Hisui, L50, M, shiny|
|poke|p1|Kingambit, L50, M|
|poke|p2|Charizard, L50, M, shiny|
|poke|p2|Raichu, L50, F|
|poke|p2|Sylveon, L50, F|
|poke|p2|Whimsicott, L50, F|
|poke|p2|Garchomp, L50, M|
|poke|p2|Kingambit, L50, F|
|teampreview|4
|showteam|p1|Staraptor||Staraptite|Intimidate|Tailwind,Protect,CloseCombat,DualWingbeat|Jolly||M|||50|]Raichu||RaichuniteY|LightningRod|FakeOut,ZapCannon,FocusBlast,Protect|Timid||F|||50|]Sylveon||FairyFeather|Pixilate|Detect,HyperVoice,QuickAttack,HyperBeam|Modest||F|||50|]Farigiraf||SitrusBerry|ArmorTail|Psychic,TrickRoom,HelpingHand,Protect|Calm||F|||50|]Arcanine-Hisui||FocusSash|RockHead|Protect,ExtremeSpeed,HeadSmash,FlareBlitz|Jolly||M|||50|]Kingambit||LifeOrb|Defiant|Protect,KowtowCleave,SwordsDance,SuckerPunch|Adamant||M|||50|
|showteam|p2|Charizard||CharizarditeY|Blaze|HeatWave,WeatherBall,SolarBeam,Protect|Modest||M|||50|]Raichu||RaichuniteY|LightningRod|ZapCannon,FocusBlast,FakeOut,Protect|Timid||F|||50|]Sylveon||FairyFeather|Pixilate|HyperVoice,HyperBeam,QuickAttack,Protect|Modest||F|||50|]Whimsicott||FocusSash|Prankster|Moonblast,Tailwind,Encore,Protect|Timid||F|||50|]Garchomp||LifeOrb|RoughSkin|RockSlide,DragonClaw,Earthquake,Protect|Jolly||M|||50|]Kingambit||ChopleBerry|Defiant|KowtowCleave,IronHead,SuckerPunch,LowKick|Adamant||F|||50|
|inactive|Battle timer is ON: inactive players will automatically lose when time's up. (requested by dragapultintin)
|inactive|dragapultintin has 60 seconds left.
|inactive|dragapultintin has 30 seconds left.
|inactive|dragapultintin has 20 seconds left.
|inactive|dragapultintin has 15 seconds left.
|inactive|dragapultintin has 10 seconds left.
|inactive|dragapultintin has 5 seconds left.
|
|t:|1785967763
|teamsize|p1|4
|teamsize|p2|4
|start
|switch|p1a: Raichu|Raichu, L50, F, shiny|100/100
|switch|p1b: Kingambit|Kingambit, L50, M|100/100
|switch|p2a: Charizard|Charizard, L50, M, shiny|100/100
|switch|p2b: Whimsicott|Whimsicott, L50, F|100/100
|turn|1
|
|t:|1785967773
|detailschange|p2a: Charizard|Charizard-Mega-Y, L50, M, shiny
|-mega|p2a: Charizard|Charizard|Charizardite Y
|-weather|SunnyDay|[from] ability: Drought|[of] p2a: Charizard
|move|p1a: Raichu|Fake Out|p2a: Charizard
|-damage|p2a: Charizard|92/100
|move|p2b: Whimsicott|Tailwind|p2b: Whimsicott
|-sidestart|p2: marcosdeltasena31|move: Tailwind
|cant|p2a: Charizard|flinch
|move|p1b: Kingambit|Swords Dance|p1b: Kingambit
|-boost|p1b: Kingambit|atk|2
|
|-weather|SunnyDay|[upkeep]
|upkeep
|turn|2
|inactive|dragapultintin has 30 seconds left.
|
|t:|1785967805
|switch|p2a: Kingambit|Kingambit, L50, F|100/100
|switch|p1a: Arcanine|Arcanine-Hisui, L50, M, shiny|100/100
|move|p2b: Whimsicott|Encore||[still]
|-fail|p2b: Whimsicott
|move|p1b: Kingambit|Sucker Punch||[still]
|-fail|p1b: Kingambit
|
|-weather|SunnyDay|[upkeep]
|upkeep
|turn|3
|
|t:|1785967823
|switch|p2a: Garchomp|Garchomp, L50, M|100/100
|move|p2b: Whimsicott|Moonblast|p1b: Kingambit
|-damage|p1b: Kingambit|63/100
|-unboost|p1b: Kingambit|spa|1
|-ability|p1b: Kingambit|Defiant|boost
|-boost|p1b: Kingambit|atk|2
|move|p1a: Arcanine|Flare Blitz|p2a: Garchomp
|-resisted|p2a: Garchomp|1
|-damage|p2a: Garchomp|56/100
|-damage|p1a: Arcanine|87/100|[from] ability: Rough Skin|[of] p2a: Garchomp
|move|p1b: Kingambit|Kowtow Cleave|p2b: Whimsicott
|-resisted|p2b: Whimsicott|1
|-enditem|p2b: Whimsicott|Focus Sash
|-damage|p2b: Whimsicott|1/100
|-damage|p1b: Kingambit|54/100|[from] item: Life Orb
|
|-weather|SunnyDay|[upkeep]
|upkeep
|turn|4
|inactive|marcosdeltasena31 has 30 seconds left.
|
|t:|1785967857
|switch|p2a: Kingambit|Kingambit, L50, F|100/100
|move|p2b: Whimsicott|Protect|p2b: Whimsicott
|-singleturn|p2b: Whimsicott|Protect
|move|p1a: Arcanine|Extreme Speed|p2b: Whimsicott
|-activate|p2b: Whimsicott|move: Protect
|move|p1b: Kingambit|Sucker Punch||[still]
|-fail|p1b: Kingambit
|
|-weather|SunnyDay|[upkeep]
|-sideend|p2: marcosdeltasena31|move: Tailwind
|upkeep
|turn|5
|
|t:|1785967872
|move|p1b: Kingambit|Protect|p1b: Kingambit
|-singleturn|p1b: Kingambit|Protect
|move|p1a: Arcanine|Extreme Speed|p2b: Whimsicott
|-damage|p2b: Whimsicott|0 fnt
|faint|p2b: Whimsicott
|move|p2a: Kingambit|Low Kick|p1b: Kingambit
|-activate|p1b: Kingambit|move: Protect
|
|-weather|none
|upkeep
|
|t:|1785967877
|switch|p2b: Garchomp|Garchomp, L50, M|56/100
|turn|6
|
|t:|1785967890
|move|p2b: Garchomp|Protect|p2b: Garchomp
|-singleturn|p2b: Garchomp|Protect
|move|p1b: Kingambit|Sucker Punch||[still]
|-fail|p1b: Kingambit
|move|p1a: Arcanine|Flare Blitz|p2a: Kingambit
|-supereffective|p2a: Kingambit|1
|-damage|p2a: Kingambit|21/100
|move|p2a: Kingambit|Low Kick|p1b: Kingambit
|-supereffective|p1b: Kingambit|2
|-damage|p1b: Kingambit|0 fnt
|faint|p1b: Kingambit
|
|upkeep
|
|t:|1785967894
|switch|p1b: Sylveon|Sylveon, L50, F|100/100
|turn|7
|
|t:|1785967911
|switch|p2b: Charizard|Charizard-Mega-Y, L50, M, shiny|92/100
|-weather|SunnyDay|[from] ability: Drought|[of] p2b: Charizard
|move|p1a: Arcanine|Extreme Speed|p2a: Kingambit
|-resisted|p2a: Kingambit|1
|-damage|p2a: Kingambit|13/100
|move|p2a: Kingambit|Sucker Punch||[still]
|-fail|p2a: Kingambit
|move|p1b: Sylveon|Hyper Voice|p2b: Charizard|[spread] p2a,p2b
|-resisted|p2b: Charizard|1
|-damage|p2a: Kingambit|0 fnt
|-damage|p2b: Charizard|73/100
|faint|p2a: Kingambit
|
|-weather|SunnyDay|[upkeep]
|upkeep
|
|t:|1785967920
|switch|p2a: Garchomp|Garchomp, L50, M|56/100
|turn|8
|
|t:|1785967935
|move|p1a: Arcanine|Protect|p1a: Arcanine
|-singleturn|p1a: Arcanine|Protect
|move|p2a: Garchomp|Earthquake|p1a: Arcanine|[spread] p1b
|-activate|p1a: Arcanine|move: Protect
|-immune|p2b: Charizard
|-damage|p1b: Sylveon|47/100
|-damage|p2a: Garchomp|46/100|[from] item: Life Orb
|move|p2b: Charizard|Weather Ball|p1b: Sylveon
|-damage|p1b: Sylveon|0 fnt
|faint|p1b: Sylveon
|
|-weather|SunnyDay|[upkeep]
|upkeep
|
|t:|1785967951
|switch|p1b: Raichu|Raichu, L50, F, shiny|100/100
|turn|9
|
|t:|1785967972
|detailschange|p1b: Raichu|Raichu-Mega-Y, L50, F, shiny
|-mega|p1b: Raichu|Raichu|Raichunite Y
|move|p1b: Raichu|Fake Out|p2a: Garchomp
|-damage|p2a: Garchomp|37/100
|-damage|p1b: Raichu|88/100|[from] ability: Rough Skin|[of] p2a: Garchomp
|cant|p2a: Garchomp|flinch
|move|p1a: Arcanine|Head Smash|p2b: Charizard
|-supereffective|p2b: Charizard|2
|-damage|p2b: Charizard|0 fnt
|faint|p2b: Charizard
|
|-weather|SunnyDay|[upkeep]
|upkeep
|turn|10
|inactive|marcosdeltasena31 has 30 seconds left.
|
|t:|1785968000
|move|p2a: Garchomp|Protect|p2a: Garchomp
|-singleturn|p2a: Garchomp|Protect
|move|p1a: Arcanine|Extreme Speed|p2a: Garchomp
|-activate|p2a: Garchomp|move: Protect
|move|p1b: Raichu|Focus Blast|p2a: Garchomp
|-activate|p2a: Garchomp|move: Protect
|
|-weather|SunnyDay|[upkeep]
|upkeep
|turn|11
|
|t:|1785968014
|move|p1a: Arcanine|Extreme Speed|p2a: Garchomp
|-damage|p2a: Garchomp|9/100
|-damage|p1a: Arcanine|75/100|[from] ability: Rough Skin|[of] p2a: Garchomp
|move|p1b: Raichu|Focus Blast|p2a: Garchomp
|-damage|p2a: Garchomp|0 fnt
|faint|p2a: Garchomp
|
|win|dragapultintin
|raw|dragapultintin's rating: 1135 → 1169(+34 for winning)
|raw|marcosdeltasena31's rating: 1273 → 1239(-34 for losing)
|l|☆marcosdeltasena31
|player|p2|
