|j|☆namboyVGC
|j|☆tortlevgc
|html|namboyVGCtortlevgc    
|uhtml|bestof|Game 2 of a best-of-3
|t:|1785181334
|gametype|doubles
|player|p1|namboyVGC|pokemonranger-gen4|1163
|player|p2|tortlevgc|swimmerf|1040
|gen|9
|tier|[Gen 9 Champions] VGC 2026 Reg M-B (Bo3)
|rated|
|rule|Species Clause: Limit one of each Pokémon
|rule|Item Clause: Limit 1 of each item
|clearpoke
|poke|p1|Tyranitar, L50, F|
|poke|p1|Excadrill, L50, F|
|poke|p1|Milotic, L50, M|
|poke|p1|Sinistcha, L50|
|poke|p1|Staraptor, L50, F|
|poke|p1|Gholdengo, L50|
|poke|p2|Whimsicott, L50, M|
|poke|p2|Floette-Eternal, L50, F|
|poke|p2|Maushold-Four, L50|
|poke|p2|Incineroar, L50, M|
|poke|p2|Charizard, L50, F|
|poke|p2|Venusaur, L50, F|
|teampreview|4
|showteam|p1|Tyranitar||Tyranitarite|SandStream|KnockOff,RockSlide,LowKick,Protect|Jolly||F|||50|]Excadrill||FocusSash|SandRush|HighHorsepower,IronHead,RockTomb,Protect|Adamant||F|||50|]Milotic||SitrusBerry|Competitive|Scald,IceBeam,Recover,Protect|Calm||M|||50|]Sinistcha||ColburBerry|Hospitality|MatchaGotcha,ShadowBall,Protect,RagePowder|Bold|||||50|]Staraptor||Staraptite|Intimidate|CloseCombat,BraveBird,Tailwind,Protect|Jolly||F|||50|]Gholdengo||LifeOrb|GoodasGold|MakeItRain,ShadowBall,NastyPlot,Protect|Modest|||||50|
|showteam|p2|Whimsicott||FocusSash|Prankster|Tailwind,FakeTears,Encore,Moonblast|Timid||M|||50|]Floette-Eternal||Floettite|FlowerVeil|DazzlingGleam,DrainingKiss,CalmMind,Protect|Timid||F|||50|]Maushold-Four||ChopleBerry|FriendGuard|SuperFang,Crunch,FollowMe,Protect|Jolly|||||50|]Incineroar||SitrusBerry|Intimidate|FakeOut,PartingShot,FlareBlitz,DarkestLariat|Adamant||M|||50|]Charizard||CharizarditeY|SolarPower|HeatWave,SolarBeam,WeatherBall,Protect|Timid||F|||50|]Venusaur||WideLens|Chlorophyll|SleepPowder,AcidSpray,GigaDrain,Protect|Timid||F|||50|
|inactive|Battle timer is ON: inactive players will automatically lose when time's up. (requested by tortlevgc)
|inactive|namboyVGC also wants the timer to be on.
|
|t:|1785181355
|teamsize|p1|4
|teamsize|p2|4
|start
|switch|p1a: Excadrill|Excadrill, L50, F|100/100
|switch|p1b: Tyranitar|Tyranitar, L50, F|100/100
|switch|p2a: Floette|Floette-Eternal, L50, F|100/100
|switch|p2b: Maushold|Maushold-Four, L50|100/100
|-weather|Sandstorm|[from] ability: Sand Stream|[of] p1b: Tyranitar
|turn|1
|
|t:|1785181366
|detailschange|p2a: Floette|Floette-Mega, L50, F
|-mega|p2a: Floette|Floette|Floettite
|-ability|p2a: Floette|Fairy Aura
|detailschange|p1b: Tyranitar|Tyranitar-Mega, L50, F
|-mega|p1b: Tyranitar|Tyranitar|Tyranitarite
|move|p2b: Maushold|Follow Me|p2b: Maushold
|-singleturn|p2b: Maushold|move: Follow Me
|move|p1a: Excadrill|Iron Head|p2b: Maushold
|-damage|p2b: Maushold|38/100
|move|p2a: Floette|Dazzling Gleam|p1a: Excadrill|[spread] p1a,p1b
|-resisted|p1a: Excadrill|1
|-supereffective|p1b: Tyranitar|1
|-damage|p1a: Excadrill|68/100
|-damage|p1b: Tyranitar|53/100
|move|p1b: Tyranitar|Rock Slide|p2a: Floette|[spread] p2a,p2b
|-damage|p2a: Floette|70/100
|-damage|p2b: Maushold|0 fnt
|faint|p2b: Maushold
|
|-weather|Sandstorm|[upkeep]
|-damage|p2a: Floette|64/100|[from] Sandstorm
|upkeep
|
|t:|1785181382
|switch|p2b: Whimsicott|Whimsicott, L50, M|100/100
|turn|2
|
|t:|1785181403
|move|p2b: Whimsicott|Tailwind|p2b: Whimsicott
|-sidestart|p2: tortlevgc|move: Tailwind
|move|p2a: Floette|Draining Kiss|p1a: Excadrill
|-resisted|p1a: Excadrill|1
|-damage|p1a: Excadrill|41/100
|-heal|p2a: Floette|89/100|[from] drain|[of] p1a: Excadrill
|move|p1a: Excadrill|Iron Head|p2b: Whimsicott
|-supereffective|p2b: Whimsicott|1
|-crit|p2b: Whimsicott
|-enditem|p2b: Whimsicott|Focus Sash
|-damage|p2b: Whimsicott|1/100
|move|p1b: Tyranitar|Rock Slide|p2b: Whimsicott|[spread] p2a,p2b
|-crit|p2a: Floette
|-damage|p2a: Floette|23/100
|-damage|p2b: Whimsicott|0 fnt
|faint|p2b: Whimsicott
|
|-weather|Sandstorm|[upkeep]
|-damage|p2a: Floette|17/100|[from] Sandstorm
|upkeep
|
|t:|1785181416
|switch|p2b: Incineroar|Incineroar, L50, M|100/100
|-ability|p2b: Incineroar|Intimidate|boost
|-unboost|p1a: Excadrill|atk|1
|-unboost|p1b: Tyranitar|atk|1
|turn|3
|
|t:|1785181429
|switch|p1b: Staraptor|Staraptor, L50, F|100/100
|-ability|p1b: Staraptor|Intimidate|boost
|-unboost|p2a: Floette|atk|1
|-unboost|p2b: Incineroar|atk|1
|move|p1a: Excadrill|Protect|p1a: Excadrill
|-singleturn|p1a: Excadrill|Protect
|move|p2a: Floette|Draining Kiss|p1b: Staraptor
|-damage|p1b: Staraptor|50/100g
|-heal|p2a: Floette|64/100|[from] drain|[of] p1b: Staraptor
|move|p2b: Incineroar|Flare Blitz|p1a: Excadrill
|-activate|p1a: Excadrill|move: Protect
|
|-weather|Sandstorm|[upkeep]
|-damage|p2a: Floette|58/100|[from] Sandstorm
|-damage|p2b: Incineroar|94/100|[from] Sandstorm
|-damage|p1b: Staraptor|44/100|[from] Sandstorm
|upkeep
|turn|4
|inactive|tortlevgc has 30 seconds left.
|
|t:|1785181463
|switch|p1a: Milotic|Milotic, L50, M|100/100
|move|p1b: Staraptor|Protect|p1b: Staraptor
|-singleturn|p1b: Staraptor|Protect
|move|p2a: Floette|Draining Kiss|p1b: Staraptor
|-activate|p1b: Staraptor|move: Protect
|move|p2b: Incineroar|Flare Blitz|p1a: Milotic
|-resisted|p1a: Milotic|1
|-damage|p1a: Milotic|81/100
|-damage|p2b: Incineroar|87/100|[from] Recoil
|
|-weather|Sandstorm|[upkeep]
|-damage|p2a: Floette|52/100|[from] Sandstorm
|-damage|p2b: Incineroar|81/100|[from] Sandstorm
|-damage|p1b: Staraptor|38/100|[from] Sandstorm
|-damage|p1a: Milotic|75/100|[from] Sandstorm
|upkeep
|turn|5
|inactive|namboyVGC has 30 seconds left.
|inactive|namboyVGC has 20 seconds left.
|
|t:|1785181500
|move|p1b: Staraptor|Protect||[still]
|-fail|p1b: Staraptor
|move|p2a: Floette|Dazzling Gleam|p1b: Staraptor|[spread] p1a,p1b
|-damage|p1a: Milotic|41/100
|-damage|p1b: Staraptor|0 fnt
|-enditem|p1a: Milotic|Sitrus Berry|[eat]
|-heal|p1a: Milotic|66/100|[from] item: Sitrus Berry
|faint|p1b: Staraptor
|move|p2b: Incineroar|Darkest Lariat|p1a: Milotic
|-damage|p1a: Milotic|37/100
|move|p1a: Milotic|Scald|p2b: Incineroar
|-supereffective|p2b: Incineroar|1
|-damage|p2b: Incineroar|18/100
|-enditem|p2b: Incineroar|Sitrus Berry|[eat]
|-heal|p2b: Incineroar|43/100|[from] item: Sitrus Berry
|
|-weather|none
|-sideend|p2: tortlevgc|move: Tailwind
|upkeep
|
|t:|1785181518
|switch|p1b: Excadrill|Excadrill, L50, F|41/100
|turn|6
|
|t:|1785181530
|move|p2a: Floette|Protect|p2a: Floette
|-singleturn|p2a: Floette|Protect
|move|p1b: Excadrill|Protect|p1b: Excadrill
|-singleturn|p1b: Excadrill|Protect
|move|p1a: Milotic|Scald|p2b: Incineroar
|-supereffective|p2b: Incineroar|1
|-damage|p2b: Incineroar|0 fnt
|faint|p2b: Incineroar
|
|upkeep
|turn|7
|
|t:|1785181542
|switch|p1a: Tyranitar|Tyranitar-Mega, L50, F|53/100
|-weather|Sandstorm|[from] ability: Sand Stream|[of] p1a: Tyranitar
|move|p1b: Excadrill|Iron Head|p2a: Floette
|-supereffective|p2a: Floette|1
|-damage|p2a: Floette|0 fnt
|faint|p2a: Floette
|
|win|namboyVGC
|raw|namboyVGC's rating: 1163 → 1180(+17 for winning)
|raw|tortlevgc's rating: 1040 → 1029(-11 for losing)
