|j|☆NiftySeeShrekYT
|j|☆Ro4901
|html|NiftySeeShrekYTRo4901    
|uhtml|bestof|Game 1 of a best-of-3
|t:|1783806201
|gametype|doubles
|player|p1|NiftySeeShrekYT|170|
|player|p2|Ro4901|265|
|gen|9
|tier|[Gen 9 Champions] VGC 2026 Reg M-B (Bo3)
|rule|Species Clause: Limit one of each Pokémon
|rule|Item Clause: Limit 1 of each item
|clearpoke
|poke|p1|Charizard, L50, M|
|poke|p1|Torkoal, L50, F|
|poke|p1|Farigiraf, L50, F|
|poke|p1|Staraptor, L50, F|
|poke|p1|Venusaur, L50, F|
|poke|p1|Incineroar, L50, F|
|poke|p2|Grimmsnarl, L50, M|
|poke|p2|Swampert, L50, F|
|poke|p2|Pelipper, L50, M|
|poke|p2|Archaludon, L50, M|
|poke|p2|Mawile, L50, M|
|poke|p2|Farigiraf, L50, M|
|teampreview|4
|showteam|p1|Charizard||CharizarditeY|Blaze|ScorchingSands,HeatWave,Protect,SolarBeam|Modest||M|||50|]Torkoal||Charcoal|Drought|Eruption,HeatWave,WeatherBall,Protect|Quiet||F|||50|]Farigiraf||SitrusBerry|ArmorTail|HyperVoice,Psychic,Protect,TrickRoom|Quiet||F|||50|]Staraptor||ChoiceScarf|Intimidate|FinalGambit,Uturn,BraveBird,Whirlwind|Jolly||F|||50|]Venusaur||FocusSash|Chlorophyll|Protect,EnergyBall,SludgeBomb,SolarBeam|Modest||F|||50|]Incineroar||Leftovers|Intimidate|FakeOut,DarkestLariat,FlareBlitz,PartingShot|Adamant||F|||50|
|showteam|p2|Grimmsnarl||LightClay|Prankster|FoulPlay,PartingShot,Reflect,LightScreen|Calm||M|||50|]Swampert||Swampertite|Damp|WaveCrash,Earthquake,IcePunch,Protect|Adamant||F|||50|]Pelipper||SitrusBerry|Drizzle|Hurricane,WeatherBall,Tailwind,WideGuard|Modest||M|||50|]Archaludon||Leftovers|Stamina|ElectroShot,DragonPulse,FlashCannon,Protect|Modest||M|||50|]Mawile||Mawilite|HyperCutter|PlayRough,IronHead,SuckerPunch,Protect|Adamant||M|||50|]Farigiraf||ColburBerry|ArmorTail|HyperVoice,Psychic,Protect,TrickRoom|Relaxed||M|||50|
|inactive|Battle timer is ON: inactive players will automatically lose when time's up. (requested by NiftySeeShrekYT)
|c|☆NiftySeeShrekYT|Mawile…
|inactive|NiftySeeShrekYT has 60 seconds left.
|inactive|Ro4901 has 60 seconds left.
|inactive|Ro4901 has 30 seconds left.
|
|t:|1783806266
|teamsize|p1|4
|teamsize|p2|4
|start
|switch|p1a: Farigiraf|Farigiraf, L50, F|100/100
|switch|p1b: Gay Bird|Staraptor, L50, F|100/100
|switch|p2a: Grimmsnarl|Grimmsnarl, L50, M|100/100
|switch|p2b: Swampert|Swampert, L50, F|100/100
|-ability|p1b: Gay Bird|Intimidate|boost
|-unboost|p2a: Grimmsnarl|atk|1
|-unboost|p2b: Swampert|atk|1
|turn|1
|inactive|NiftySeeShrekYT has 30 seconds left.
|inactive|Ro4901 has 30 seconds left.
|inactive|NiftySeeShrekYT has 20 seconds left.
|inactive|Ro4901 has 20 seconds left.
|inactive|Ro4901 has 15 seconds left.
|
|t:|1783806308
|detailschange|p2b: Swampert|Swampert-Mega, L50, F
|-mega|p2b: Swampert|Swampert|Swampertite
|move|p2b: Swampert|Protect|p2b: Swampert
|-singleturn|p2b: Swampert|Protect
|move|p2a: Grimmsnarl|Reflect|p2a: Grimmsnarl
|-sidestart|p2: Ro4901|Reflect
|move|p1b: Gay Bird|Final Gambit|p2b: Swampert
|-activate|p2b: Swampert|move: Protect
|move|p1a: Farigiraf|Trick Room|p1a: Farigiraf
|-fieldstart|move: Trick Room|[of] p1a: Farigiraf
|
|upkeep
|turn|2
|
|t:|1783806331
|switch|p2b: Archaludon|Archaludon, L50, M|100/100
|move|p2a: Grimmsnarl|Light Screen|p2a: Grimmsnarl
|-sidestart|p2: Ro4901|move: Light Screen
|move|p1a: Farigiraf|Hyper Voice|p2a: Grimmsnarl|[spread] p2a,p2b
|-resisted|p2b: Archaludon|1
|-damage|p2a: Grimmsnarl|84/100
|-damage|p2b: Archaludon|91/100
|-ability|p2b: Archaludon|Stamina|boost
|-boost|p2b: Archaludon|def|1
|move|p1b: Gay Bird|Final Gambit|p2b: Archaludon
|-damage|p2b: Archaludon|0 fnt
|faint|p1b: Gay Bird
|faint|p2b: Archaludon
|
|upkeep
|
|t:|1783806348
|switch|p2b: Swampert|Swampert-Mega, L50, F|100/100
|switch|p1b: Flowey|Venusaur, L50, F|100/100
|turn|3
|
|t:|1783806367
|switch|p2b: Pelipper|Pelipper, L50, M|100/100
|-weather|RainDance|[from] ability: Drizzle|[of] p2b: Pelipper
|move|p1a: Farigiraf|Hyper Voice|p2b: Pelipper|[spread] p2a,p2b
|-damage|p2a: Grimmsnarl|68/100
|-damage|p2b: Pelipper|78/100
|move|p2a: Grimmsnarl|Foul Play|p1a: Farigiraf
|-supereffective|p1a: Farigiraf|1
|-damage|p1a: Farigiraf|49/100
|-enditem|p1a: Farigiraf|Sitrus Berry|[eat]
|-heal|p1a: Farigiraf|74/100|[from] item: Sitrus Berry
|move|p1b: Flowey|Energy Ball|p2b: Pelipper
|-damage|p2b: Pelipper|41/100
|-enditem|p2b: Pelipper|Sitrus Berry|[eat]
|-heal|p2b: Pelipper|66/100|[from] item: Sitrus Berry
|
|-weather|RainDance|[upkeep]
|upkeep
|turn|4
|inactive|Ro4901 has 30 seconds left.
|inactive|Ro4901 has 20 seconds left.
|
|t:|1783806404
|move|p1a: Farigiraf|Hyper Voice|p2b: Pelipper|[spread] p2a,p2b
|-damage|p2a: Grimmsnarl|50/100y
|-damage|p2b: Pelipper|42/100
|move|p2a: Grimmsnarl|Foul Play|p1a: Farigiraf
|-supereffective|p1a: Farigiraf|1
|-crit|p1a: Farigiraf
|-damage|p1a: Farigiraf|2/100
|move|p2b: Pelipper|Weather Ball|p1b: Flowey
|-resisted|p1b: Flowey|1
|-damage|p1b: Flowey|72/100
|move|p1b: Flowey|Sludge Bomb|p2a: Grimmsnarl
|-supereffective|p2a: Grimmsnarl|1
|-damage|p2a: Grimmsnarl|1/100
|
|-weather|RainDance|[upkeep]
|upkeep
|turn|5
|inactive|Ro4901 has 30 seconds left.
|
|t:|1783806433
|switch|p2a: Swampert|Swampert-Mega, L50, F|100/100
|move|p1a: Farigiraf|Hyper Voice|p2a: Swampert|[spread] p2a,p2b
|-damage|p2a: Swampert|83/100
|-damage|p2b: Pelipper|20/100y
|move|p2b: Pelipper|Tailwind|p2b: Pelipper
|-sidestart|p2: Ro4901|move: Tailwind
|move|p1b: Flowey|Energy Ball|p2b: Pelipper
|-damage|p2b: Pelipper|0 fnt
|faint|p2b: Pelipper
|
|-weather|RainDance|[upkeep]
|-fieldend|move: Trick Room
|upkeep
|
|t:|1783806444
|switch|p2b: Grimmsnarl|Grimmsnarl, L50, M|1/100
|turn|6
|
|t:|1783806454
|switch|p1a: Aura Monster|Torkoal, L50, F|100/100
|-weather|SunnyDay|[from] ability: Drought|[of] p1a: Aura Monster
|move|p2a: Swampert|Ice Punch|p1b: Flowey
|-supereffective|p1b: Flowey|1
|-damage|p1b: Flowey|4/100
|move|p1b: Flowey|Solar Beam||[still]
|-prepare|p1b: Flowey|Solar Beam
|-anim|p1b: Flowey|Solar Beam|p2a: Swampert
|-supereffective|p2a: Swampert|2
|-damage|p2a: Swampert|0 fnt
|faint|p2a: Swampert
|move|p2b: Grimmsnarl|Foul Play|p1a: Aura Monster
|-damage|p1a: Aura Monster|77/100
|
|-weather|SunnyDay|[upkeep]
|upkeep
|turn|7
|
|t:|1783806473
|move|p1b: Flowey|Energy Ball|p2b: Grimmsnarl
|-damage|p2b: Grimmsnarl|0 fnt
|faint|p2b: Grimmsnarl
|
|win|NiftySeeShrekYT
||Ro4901 is ready for game 2.
|inactive|NiftySeeShrekYT has 30 seconds to confirm battle start!
||NiftySeeShrekYT is ready for game 2.
|uhtml|next|Next: Game 2 of 3
|l|☆NiftySeeShrekYT
|player|p1|
|j|☆NiftySeeShrekYT
|player|p1|NiftySeeShrekYT|170|
