|j|☆houseofpros
|j|☆taka89
|html|houseofprostaka89    
|uhtml|bestof|Game 2 of a best-of-3
|t:|1756719629
|gametype|doubles
|player|p1|houseofpros|lucas-gen4pt|1138
|player|p2|taka89|clerk-boss|1040
|gen|9
|tier|[Gen 9] VGC 2025 Reg H (Bo3)
|rated|
|rule|Species Clause: Limit one of each Pokémon
|rule|Item Clause: Limit 1 of each item
|clearpoke
|poke|p1|Amoonguss, L50, M|
|poke|p1|Goodra-Hisui, L50, F|
|poke|p1|Politoed, L50, F|
|poke|p1|Ludicolo, L50, F|
|poke|p1|Staraptor, L50, M|
|poke|p1|Scizor, L50, F|
|poke|p2|Flamigo, L50, M|
|poke|p2|Porygon2, L50|
|poke|p2|Ursaluna, L50, M|
|poke|p2|Archaludon, L50, F|
|poke|p2|Tyranitar, L50, F|
|poke|p2|Incineroar, L50, F|
|teampreview|4
|showteam|p1|Amoonguss||RockyHelmet|Regenerator|Spore,RagePowder,PollenPuff,LeafStorm|||M|||50|,,,,,Bug]Goodra-Hisui||AssaultVest|SapSipper|DragonPulse,WeatherBall,DracoMeteor,HeavySlam|||F|||50|,,,,,Stellar]Politoed||SitrusBerry|Drizzle|Protect,WeatherBall,HelpingHand,PerishSong|||F|||50|,,,,,Grass]Ludicolo||MysticWater|SwiftSwim|FakeOut,WeatherBall,EnergyBall,Protect|||F|||50|,,,,,Stellar]Staraptor||EjectPack|Intimidate|Tailwind,CloseCombat,BraveBird,Protect|||M|||50|,,,,,Fighting]Scizor||ClearAmulet|Technician|CloseCombat,BulletPunch,BugBite,Protect|||F|||50|,,,,,Stellar
|showteam|p2|Flamigo||ChoiceScarf|Scrappy|BraveBird,DualWingbeat,CloseCombat,Uturn|||M|||50|,,,,,Grass]Porygon2||Eviolite|Download|Thunderbolt,TeraBlast,TrickRoom,Protect||||||50|,,,,,Flying]Ursaluna||FlameOrb|Guts|Facade,Earthquake,HeadlongRush,Protect|||M|||50|,,,,,Ghost]Archaludon||AssaultVest|Stamina|ElectroShot,DarkPulse,BodyPress,DracoMeteor|||F|||50|,,,,,Grass]Tyranitar||FocusSash|SandStream|RockSlide,LowKick,KnockOff,Protect|||F|||50|,,,,,Flying]Incineroar||PasshoBerry|Intimidate|KnockOff,FlareBlitz,FakeOut,PartingShot|||F|||50|,,,,,Ghost
|inactive|Battle timer is ON: inactive players will automatically lose when time's up. (requested by taka89)
|inactive|houseofpros has 60 seconds left.
|inactive|taka89 has 60 seconds left.
|inactive|houseofpros has 30 seconds left.
|inactive|houseofpros has 20 seconds left.
|inactive|houseofpros has 15 seconds left.
|
|t:|1756719707
|teamsize|p1|4
|teamsize|p2|4
|start
|switch|p1a: Staraptor|Staraptor, L50, M, shiny|100/100
|switch|p1b: Politoed|Politoed, L50, F|100/100
|switch|p2a: Winglade|Flamigo, L50, M|100/100
|switch|p2b: swatchling|Porygon2, L50|100/100
|-ability|p1a: Staraptor|Intimidate|boost
|-fail|p2a: Winglade|unboost|Attack|[from] ability: Scrappy|[of] p2a: Winglade
|-unboost|p2b: swatchling|atk|1
|-weather|RainDance|[from] ability: Drizzle|[of] p1b: Politoed
|-ability|p2b: swatchling|Download|boost
|-boost|p2b: swatchling|spa|1
|turn|1
|inactive|houseofpros has 30 seconds left.
|inactive|taka89 has 30 seconds left.
|inactive|houseofpros has 20 seconds left.
|inactive|houseofpros has 15 seconds left.
|inactive|houseofpros has 10 seconds left.
|
|t:|1756719753
|switch|p1b: Goodra|Goodra-Hisui, L50, F, shiny|100/100
|move|p2a: Winglade|U-turn|p1b: Goodra
|-resisted|p1b: Goodra
|-damage|p1b: Goodra|90/100
|
|t:|1756719762
|switch|p2a: werewerewire|Archaludon, L50, F|100/100|[from] U-turn
|move|p1a: Staraptor|Brave Bird|p2a: werewerewire
|-resisted|p2a: werewerewire
|-damage|p2a: werewerewire|81/100
|-ability|p2a: werewerewire|Stamina|boost
|-boost|p2a: werewerewire|def|1
|-damage|p1a: Staraptor|92/100|[from] Recoil
|move|p2b: swatchling|Thunderbolt|p1b: Goodra
|-resisted|p1b: Goodra
|-damage|p1b: Goodra|82/100
|
|-weather|RainDance|[upkeep]
|upkeep
|turn|2
|inactive|houseofpros has 30 seconds left.
|inactive|taka89 has 30 seconds left.
|inactive|taka89 has 20 seconds left.
|inactive|taka89 has 15 seconds left.
|
|t:|1756719805
|-terastallize|p1a: Staraptor|Fighting
|move|p1a: Staraptor|Close Combat|p2b: swatchling
|-supereffective|p2b: swatchling
|-damage|p2b: swatchling|25/100
|-unboost|p1a: Staraptor|def|1
|-unboost|p1a: Staraptor|spd|1
|-enditem|p1a: Staraptor|Eject Pack
|
|t:|1756719814
|switch|p1a: Ludicolo|Ludicolo, L50, F|100/100
|move|p2a: werewerewire|Draco Meteor|p1b: Goodra
|-damage|p1b: Goodra|54/100
|-unboost|p2a: werewerewire|spa|2
|move|p2b: swatchling|Thunderbolt|p1a: Ludicolo
|-damage|p1a: Ludicolo|64/100
|move|p1b: Goodra|Dragon Pulse|p2a: werewerewire
|-damage|p2a: werewerewire|47/100
|-ability|p2a: werewerewire|Stamina|boost
|-boost|p2a: werewerewire|def|1
|
|-weather|RainDance|[upkeep]
|upkeep
|turn|3
|inactive|houseofpros has 30 seconds left.
|inactive|taka89 has 30 seconds left.
|inactive|houseofpros has 20 seconds left.
|inactive|houseofpros has 15 seconds left.
|
|t:|1756719854
|move|p1a: Ludicolo|Fake Out|p2a: werewerewire
|-resisted|p2a: werewerewire
|-damage|p2a: werewerewire|46/100
|-ability|p2a: werewerewire|Stamina|boost
|-boost|p2a: werewerewire|def|1
|cant|p2a: werewerewire|flinch
|move|p1b: Goodra|Draco Meteor|p2a: werewerewire
|-damage|p2a: werewerewire|0 fnt
|-unboost|p1b: Goodra|spa|2
|faint|p2a: werewerewire
|move|p2b: swatchling|Trick Room|p2b: swatchling
|-fieldstart|move: Trick Room|[of] p2b: swatchling
|
|-weather|RainDance|[upkeep]
|upkeep
|
|t:|1756719869
|switch|p2a: Balthizard|Ursaluna, L50, M, shiny|100/100
|turn|4
|
|t:|1756719891
|switch|p1a: Staraptor|Staraptor, L50, M, shiny, tera:Fighting|92/100
|-ability|p1a: Staraptor|Intimidate|boost
|-unboost|p2a: Balthizard|atk|1
|-unboost|p2b: swatchling|atk|1
|-terastallize|p2b: swatchling|Flying
|move|p2a: Balthizard|Earthquake|p1a: Staraptor|[spread] p1a,p1b
|-immune|p2b: swatchling
|-crit|p1a: Staraptor
|-supereffective|p1b: Goodra
|-damage|p1a: Staraptor|0 fnt
|-damage|p1b: Goodra|5/100
|faint|p1a: Staraptor
|move|p1b: Goodra|Draco Meteor|p2b: swatchling
|-damage|p2b: swatchling|6/100
|-unboost|p1b: Goodra|spa|2
|move|p2b: swatchling|Tera Blast|p1b: Goodra|[anim] Tera Blast Flying
|-resisted|p1b: Goodra
|-damage|p1b: Goodra|0 fnt
|faint|p1b: Goodra
|
|-weather|RainDance|[upkeep]
|-status|p2a: Balthizard|brn|[from] item: Flame Orb
|upkeep
|
|t:|1756719906
|switch|p1b: Politoed|Politoed, L50, F|100/100
|switch|p1a: Ludicolo|Ludicolo, L50, F|64/100
|turn|5
|inactive|houseofpros has 30 seconds left.
|
|t:|1756719937
|move|p2a: Balthizard|Protect|p2a: Balthizard
|-singleturn|p2a: Balthizard|Protect
|move|p2b: swatchling|Protect|p2b: swatchling
|-singleturn|p2b: swatchling|Protect
|move|p1a: Ludicolo|Fake Out|p2b: swatchling
|-activate|p2b: swatchling|move: Protect
|move|p1b: Politoed|Weather Ball|p2a: Balthizard
|-activate|p2a: Balthizard|move: Protect
|
|-weather|none
|-damage|p2a: Balthizard|94/100 brn|[from] brn
|upkeep
|turn|6
|
|t:|1756719955
|move|p1a: Ludicolo|Protect|p1a: Ludicolo
|-singleturn|p1a: Ludicolo|Protect
|move|p2a: Balthizard|Facade|p1b: Politoed
|-damage|p1b: Politoed|33/100
|-enditem|p1b: Politoed|Sitrus Berry|[eat]
|-heal|p1b: Politoed|58/100|[from] item: Sitrus Berry
|move|p2b: swatchling|Tera Blast|p1a: Ludicolo|[anim] Tera Blast Flying
|-activate|p1a: Ludicolo|move: Protect
|move|p1b: Politoed|Weather Ball|p2b: swatchling
|-damage|p2b: swatchling|0 fnt
|faint|p2b: swatchling
|
|-damage|p2a: Balthizard|88/100 brn|[from] brn
|upkeep
|
|t:|1756719973
|switch|p2b: Winglade|Flamigo, L50, M|100/100
|turn|7
|
|t:|1756719988
|move|p2a: Balthizard|Facade|p1b: Politoed
|-damage|p1b: Politoed|0 fnt
|faint|p1b: Politoed
|move|p1a: Ludicolo|Energy Ball|p2a: Balthizard
|-supereffective|p2a: Balthizard
|-damage|p2a: Balthizard|18/100 brn
|move|p2b: Winglade|Brave Bird|p1a: Ludicolo
|-supereffective|p1a: Ludicolo
|-damage|p1a: Ludicolo|0 fnt
|faint|p1a: Ludicolo
|-damage|p2b: Winglade|78/100|[from] Recoil
|
|win|taka89
|raw|houseofpros's rating: 1138 → 1106(-32 for losing)
|raw|taka89's rating: 1040 → 1083(+43 for winning)
|l|☆houseofpros
|player|p1|
