|j|☆ShackWoods
|j|☆eggwich69
|html|ShackWoodseggwich69    
|uhtml|bestof|Game 2 of a best-of-3
|t:|1756323508
|gametype|doubles
|player|p1|ShackWoods|korrina|1161
|player|p2|eggwich69|266|1270
|gen|9
|tier|[Gen 9] VGC 2025 Reg H (Bo3)
|rated|
|rule|Species Clause: Limit one of each Pokémon
|rule|Item Clause: Limit 1 of each item
|clearpoke
|poke|p1|Lilligant-Hisui, L50, F|
|poke|p1|Armarouge, L50, F|
|poke|p1|Indeedee-F, L50, F|
|poke|p1|Torkoal, L50, F|
|poke|p1|Ursaluna, L50, M|
|poke|p1|Hatterene, L50, F|
|poke|p2|Kingambit, L50, M|
|poke|p2|Rillaboom, L50, F|
|poke|p2|Sneasler, L50, M|
|poke|p2|Dragonite, L50, M|
|poke|p2|Volcarona, L50, F|
|poke|p2|Electabuzz, L50, F|
|teampreview|4
|showteam|p1|Lilligant-Hisui||FocusSash|Chlorophyll|SolarBlade,CloseCombat,TripleAxel,AfterYou|||F|||50|,,,,,Ghost]Armarouge||PsychicSeed|FlashFire|ExpandingForce,ArmorCannon,WideGuard,TrickRoom|||F|||50|,,,,,Grass]Indeedee-F||RockyHelmet|PsychicSurge|AlluringVoice,HelpingHand,FollowMe,TrickRoom|||F|||50|,,,,,Grass]Torkoal||Charcoal|Drought|Eruption,WeatherBall,ClearSmog,Protect|||F|||50|,,,,,Fire]Ursaluna||FlameOrb|Guts|Facade,HeadlongRush,Substitute,Protect|||M|||50|,,,,,Ghost]Hatterene||LifeOrb|MagicBounce|ExpandingForce,DazzlingGleam,MysticalFire,TrickRoom|||F|||50|,,,,,Fire
|showteam|p2|Kingambit||BlackGlasses|Defiant|SwordsDance,KowtowCleave,SuckerPunch,Protect|||M|||50|,,,,,Dark]Rillaboom||AssaultVest|GrassySurge|FakeOut,GrassyGlide,WoodHammer,HighHorsepower|||F|||50|,,,,,Grass]Sneasler||FocusSash|Unburden|CloseCombat,DireClaw,Protect,ThroatChop|||M|||50|,,,,,Stellar]Dragonite||LoadedDice|Multiscale|ScaleShot,Tailwind,Protect,Haze|||M|||50|,,,,,Steel]Volcarona||CovertCloak|FlameBody|HeatWave,QuiverDance,Protect,StruggleBug|||F|||50|,,,,,Water]Electabuzz||Eviolite|VitalSpirit|FollowMe,Protect,Taunt,Electroweb|||F|||50|,,,,,Ghost
|c|☆ShackWoods|gl hf
|
|t:|1756323548
|teamsize|p1|4
|teamsize|p2|4
|start
|switch|p1a: Indeedee|Indeedee-F, L50, F|100/100
|switch|p1b: Hatterene|Hatterene, L50, F|100/100
|switch|p2a: Kingambit|Kingambit, L50, M|100/100
|switch|p2b: Volcarona|Volcarona, L50, F|100/100
|-fieldstart|move: Psychic Terrain|[from] ability: Psychic Surge|[of] p1a: Indeedee
|turn|1
|
|t:|1756323585
|move|p1a: Indeedee|Follow Me|p1a: Indeedee
|-singleturn|p1a: Indeedee|move: Follow Me
|move|p2b: Volcarona|Struggle Bug|p1b: Hatterene|[spread] p1a,p1b
|-supereffective|p1a: Indeedee
|-damage|p1a: Indeedee|63/100
|-damage|p1b: Hatterene|79/100
|-unboost|p1a: Indeedee|spa|1
|-unboost|p1b: Hatterene|spa|1
|move|p2a: Kingambit|Swords Dance|p2a: Kingambit
|-boost|p2a: Kingambit|atk|2
|move|p1b: Hatterene|Trick Room|p1b: Hatterene
|-fieldstart|move: Trick Room|[of] p1b: Hatterene
|
|upkeep
|turn|2
|
|t:|1756323607
|switch|p1a: Ursaluna|Ursaluna, L50, M|100/100
|move|p2a: Kingambit|Protect|p2a: Kingambit
|-singleturn|p2a: Kingambit|Protect
|move|p1b: Hatterene|Mystical Fire|p2a: Kingambit
|-activate|p2a: Kingambit|move: Protect
|move|p2b: Volcarona|Struggle Bug|p1b: Hatterene|[spread] p1a,p1b
|-crit|p1b: Hatterene
|-damage|p1a: Ursaluna|84/100
|-damage|p1b: Hatterene|45/100
|-unboost|p1a: Ursaluna|spa|1
|-unboost|p1b: Hatterene|spa|1
|
|-status|p1a: Ursaluna|brn|[from] item: Flame Orb
|upkeep
|turn|3
|
|t:|1756323637
|switch|p2b: Rillaboom|Rillaboom, L50, F|100/100
|-fieldstart|move: Grassy Terrain|[from] ability: Grassy Surge|[of] p2b: Rillaboom
|-terastallize|p1b: Hatterene|Fire
|-terastallize|p2a: Kingambit|Dark
|move|p2a: Kingambit|Sucker Punch|p1a: Ursaluna
|-damage|p1a: Ursaluna|0 fnt
|faint|p1a: Ursaluna
|move|p1b: Hatterene|Mystical Fire|p2a: Kingambit
|-damage|p2a: Kingambit|67/100
|-unboost|p2a: Kingambit|spa|1
|-ability|p2a: Kingambit|Defiant|boost
|-boost|p2a: Kingambit|atk|2
|-damage|p1b: Hatterene|35/100|[from] item: Life Orb
|
|-heal|p1b: Hatterene|41/100|[from] Grassy Terrain
|-heal|p2a: Kingambit|73/100|[from] Grassy Terrain
|upkeep
|
|t:|1756323653
|switch|p1a: Torkoal|Torkoal, L50, F|100/100
|-weather|SunnyDay|[from] ability: Drought|[of] p1a: Torkoal
|turn|4
|
|t:|1756323668
|switch|p1b: Indeedee|Indeedee-F, L50, F|63/100
|-fieldstart|move: Psychic Terrain|[from] ability: Psychic Surge|[of] p1b: Indeedee
|switch|p2b: Dragonite|Dragonite, L50, M|100/100
|move|p2a: Kingambit|Protect|p2a: Kingambit
|-singleturn|p2a: Kingambit|Protect
|move|p1a: Torkoal|Eruption|p2a: Kingambit|[spread] p2b
|-activate|p2a: Kingambit|move: Protect
|-resisted|p2b: Dragonite
|-damage|p2b: Dragonite|77/100
|
|-weather|SunnyDay|[upkeep]
|upkeep
|turn|5
|
|t:|1756323727
|switch|p1b: Hatterene|Hatterene, L50, F, tera:Fire|41/100
|move|p1a: Torkoal|Eruption|p2a: Kingambit|[spread] p2a,p2b
|-resisted|p2b: Dragonite
|-damage|p2a: Kingambit|0 fnt
|-damage|p2b: Dragonite|29/100
|faint|p2a: Kingambit
|move|p2b: Dragonite|Scale Shot|p1b: Hatterene
|-damage|p1b: Hatterene|25/100
|-damage|p1b: Hatterene|9/100
|-damage|p1b: Hatterene|0 fnt
|faint|p1b: Hatterene
|-hitcount|p1: Hatterene|3
|-unboost|p2b: Dragonite|def|1
|-boost|p2b: Dragonite|spe|1
|
|-weather|SunnyDay|[upkeep]
|-fieldend|move: Trick Room
|upkeep
|
|t:|1756323744
|switch|p2a: Volcarona|Volcarona, L50, F|100/100
|switch|p1b: Indeedee|Indeedee-F, L50, F|63/100
|turn|6
|
|t:|1756323767
|move|p1b: Indeedee|Follow Me|p1b: Indeedee
|-singleturn|p1b: Indeedee|move: Follow Me
|move|p2b: Dragonite|Scale Shot|p1b: Indeedee
|-damage|p1b: Indeedee|48/100
|-damage|p1b: Indeedee|34/100
|-damage|p1b: Indeedee|20/100
|-damage|p1b: Indeedee|6/100
|-damage|p1b: Indeedee|0 fnt
|faint|p1b: Indeedee
|-hitcount|p1: Indeedee|5
|-unboost|p2b: Dragonite|def|1
|-boost|p2b: Dragonite|spe|1
|move|p2a: Volcarona|Struggle Bug|p1a: Torkoal
|-resisted|p1a: Torkoal
|-damage|p1a: Torkoal|83/100
|-unboost|p1a: Torkoal|spa|1
|move|p1a: Torkoal|Eruption|p2b: Dragonite|[spread] p2a,p2b
|-resisted|p2b: Dragonite
|-damage|p2a: Volcarona|58/100
|-damage|p2b: Dragonite|2/100
|
|-weather|SunnyDay|[upkeep]
|upkeep
|turn|7
|
|t:|1756323788
|move|p2b: Dragonite|Scale Shot|p1a: Torkoal
|-damage|p1a: Torkoal|71/100
|-damage|p1a: Torkoal|58/100
|-damage|p1a: Torkoal|46/100
|-damage|p1a: Torkoal|34/100
|-hitcount|p1a: Torkoal|4
|-unboost|p2b: Dragonite|def|1
|-boost|p2b: Dragonite|spe|1
|move|p2a: Volcarona|Struggle Bug|p1a: Torkoal
|-resisted|p1a: Torkoal
|-damage|p1a: Torkoal|17/100
|-unboost|p1a: Torkoal|spa|1
|move|p1a: Torkoal|Weather Ball|p2a: Volcarona
|-damage|p2a: Volcarona|23/100
|
|-weather|SunnyDay|[upkeep]
|upkeep
|turn|8
|
|t:|1756323805
|move|p2b: Dragonite|Scale Shot|p1a: Torkoal
|-damage|p1a: Torkoal|4/100
|-damage|p1a: Torkoal|0 fnt
|faint|p1a: Torkoal
|-hitcount|p1: Torkoal|2
|
|win|eggwich69
|c|☆ShackWoods|gg
||ShackWoods is ready for game 3.
||eggwich69 is ready for game 3.
|uhtml|next|Next: Game 3 of 3
|l|☆eggwich69
|player|p2|
