|j|☆jiaco5
|j|☆Jimboslice149
|html|jiaco5Jimboslice149    
|uhtml|bestof|Game 2 of a best-of-3
|t:|1784083875
|gametype|doubles
|player|p1|jiaco5|2|1269
|player|p2|Jimboslice149|169|1191
|gen|9
|tier|[Gen 9 Champions] VGC 2026 Reg M-B (Bo3)
|rated|
|rule|Species Clause: Limit one of each Pokémon
|rule|Item Clause: Limit 1 of each item
|clearpoke
|poke|p1|Blastoise, L50, F|
|poke|p1|Sinistcha, L50|
|poke|p1|Delphox, L50, M|
|poke|p1|Sneasler, L50, M|
|poke|p1|Incineroar, L50, M|
|poke|p1|Kingambit, L50, M|
|poke|p2|Slowking-Galar, L50, F|
|poke|p2|Kangaskhan, L50, F|
|poke|p2|Chandelure, L50, F|
|poke|p2|Raichu, L50, F|
|poke|p2|Grimmsnarl, L50, M|
|poke|p2|Corviknight, L50, F|
|teampreview|4
|showteam|p1|Blastoise||Blastoisinite|RainDish|WaterSpout,DarkPulse,ShellSmash,Protect|Modest||F|||50|]Sinistcha||OccaBerry|Hospitality|MatchaGotcha,TrickRoom,RagePowder,Protect|Relaxed|||||50|]Delphox||Delphoxite|Blaze|HeatWave,Psychic,NastyPlot,Protect|Timid||M|||50|]Sneasler||FocusSash|PoisonTouch|CloseCombat,PoisonJab,FakeOut,QuickGuard|Jolly||M|||50|]Incineroar||SitrusBerry|Intimidate|FlareBlitz,FakeOut,ThroatChop,PartingShot|Impish||M|||50|]Kingambit||BlackGlasses|Defiant|KowtowCleave,SuckerPunch,SwordsDance,Protect|Adamant||M|||50|
|showteam|p2|Slowking-Galar||SitrusBerry|Regenerator|ChillyReception,SludgeBomb,Yawn,TrickRoom|Sassy||F|||50|]Kangaskhan||Kangaskhanite|Scrappy|FakeOut,Crunch,BodySlam,Earthquake|Adamant||F|||50|]Chandelure||LifeOrb|Infiltrator|HeatWave,ShadowBall,TrickRoom,Protect|Quiet||F|||50|]Raichu||RaichuniteY|LightningRod|ZapCannon,FakeOut,FocusBlast,Protect|Hasty||F|||50|]Grimmsnarl||LightClay|Prankster|PartingShot,FakeOut,Reflect,LightScreen|Careful||M|||50|]Corviknight||Leftovers|MirrorArmor|BulkUp,Roost,BodyPress,BraveBird|Sassy||F|||50|
|inactive|Battle timer is ON: inactive players will automatically lose when time's up. (requested by Jimboslice149)
|inactive|jiaco5 has 60 seconds left.
|inactive|Jimboslice149 has 60 seconds left.
|
|t:|1784083919
|teamsize|p1|4
|teamsize|p2|4
|start
|switch|p1a: Delphox|Delphox, L50, M|100/100
|switch|p1b: Sneasler|Sneasler, L50, M|100/100
|switch|p2a: Raichu|Raichu, L50, F|100/100
|switch|p2b: Chandelure|Chandelure, L50, F|100/100
|turn|1
|
|t:|1784083935
|detailschange|p2a: Raichu|Raichu-Mega-Y, L50, F
|-mega|p2a: Raichu|Raichu|Raichunite Y
|detailschange|p1a: Delphox|Delphox-Mega, L50, M
|-mega|p1a: Delphox|Delphox|Delphoxite
|move|p2a: Raichu|Fake Out|p1b: Sneasler
|-damage|p1b: Sneasler|82/100
|cant|p1b: Sneasler|flinch
|move|p1a: Delphox|Psychic|p2a: Raichu
|-damage|p2a: Raichu|17/100
|-unboost|p2a: Raichu|spd|1
|move|p2b: Chandelure|Trick Room|p2b: Chandelure
|-fieldstart|move: Trick Room|[of] p2b: Chandelure
|
|upkeep
|turn|2
|
|t:|1784083956
|switch|p1a: Incineroar|Incineroar, L50, M|100/100
|-ability|p1a: Incineroar|Intimidate|boost
|-unboost|p2a: Raichu|atk|1
|-unboost|p2b: Chandelure|atk|1
|move|p2b: Chandelure|Heat Wave|p1a: Incineroar|[spread] p1a,p1b
|-resisted|p1a: Incineroar|1
|-crit|p1a: Incineroar
|-damage|p1a: Incineroar|61/100
|-damage|p1b: Sneasler|0 fnt
|faint|p1b: Sneasler
|-damage|p2b: Chandelure|90/100|[from] item: Life Orb
|move|p2a: Raichu|Zap Cannon|p1a: Incineroar
|-damage|p1a: Incineroar|1/100
|-status|p1a: Incineroar|par
|-enditem|p1a: Incineroar|Sitrus Berry|[eat]
|-heal|p1a: Incineroar|26/100 par|[from] item: Sitrus Berry
|
|upkeep
|
|t:|1784083971
|switch|p1b: Kingambit|Kingambit, L50, M|100/100
|turn|3
|
|t:|1784083993
|move|p1a: Incineroar|Throat Chop|p2a: Raichu
|-damage|p2a: Raichu|0 fnt
|faint|p2a: Raichu
|move|p1b: Kingambit|Kowtow Cleave|p2b: Chandelure
|-supereffective|p2b: Chandelure|1
|-damage|p2b: Chandelure|0 fnt
|faint|p2b: Chandelure
|
|upkeep
|
|t:|1784084004
|switch|p2b: Slowking|Slowking-Galar, L50, F|100/100
|switch|p2a: Corviknight|Corviknight, L50, F|100/100
|turn|4
|
|t:|1784084020
|move|p1a: Incineroar|Flare Blitz|p2a: Corviknight
|-supereffective|p2a: Corviknight|1
|-damage|p2a: Corviknight|22/100
|-damage|p1a: Incineroar|1/100 par|[from] Recoil
|move|p2b: Slowking|Sludge Bomb|p1a: Incineroar
|-damage|p1a: Incineroar|0 fnt
|faint|p1a: Incineroar
|move|p1b: Kingambit|Kowtow Cleave|p2b: Slowking
|-supereffective|p2b: Slowking|1
|-damage|p2b: Slowking|0 fnt
|faint|p2b: Slowking
|move|p2a: Corviknight|Bulk Up|p2a: Corviknight
|-boost|p2a: Corviknight|atk|1
|-boost|p2a: Corviknight|def|1
|
|-heal|p2a: Corviknight|28/100|[from] item: Leftovers
|upkeep
|
|t:|1784084032
|switch|p1a: Delphox|Delphox-Mega, L50, M|100/100
|turn|5
|
|t:|1784084041
|move|p1b: Kingambit|Kowtow Cleave|p2a: Corviknight
|-crit|p2a: Corviknight
|-damage|p2a: Corviknight|0 fnt
|faint|p2a: Corviknight
|
|win|jiaco5
|raw|jiaco5's rating: 1269 → 1288(+19 for winning)
|raw|Jimboslice149's rating: 1191 → 1172(-19 for losing)
|l|☆Jimboslice149
|player|p2|
