|j|☆alemolgaa
|j|☆100%swag0%fur
|html|alemolgaa100%swag0%fur    
|uhtml|bestof|Game 1 of a best-of-3
|t:|1782596030
|gametype|doubles
|player|p1|alemolgaa|miku-fire|
|player|p2|100%swag0%fur|102|
|gen|9
|tier|[Gen 9 Champions] VGC 2026 Reg M-B (Bo3)
|rule|Species Clause: Limit one of each Pokémon
|rule|Item Clause: Limit 1 of each item
|clearpoke
|poke|p1|Staraptor, L50, M|
|poke|p1|Typhlosion-Hisui, L50, M|
|poke|p1|Gholdengo, L50|
|poke|p1|Garchomp, L50, M|
|poke|p1|Whimsicott, L50, M|
|poke|p1|Basculegion, L50, M|
|poke|p2|Raichu, L50, F|
|poke|p2|Gyarados, L50, F|
|poke|p2|Mamoswine, L50, M|
|poke|p2|Ceruledge, L50, F|
|poke|p2|Clefable, L50, F|
|poke|p2|Kingambit, L50, F|
|teampreview|4
|showteam|p1|Staraptor||Staraptite|Intimidate|Roost,CloseCombat,BraveBird,Protect|Jolly||M|||50|]Typhlosion-Hisui||ChoiceScarf|Frisk|Eruption,ShadowBall,HeatWave,BurnUp|Modest||M|||50|]Gholdengo||LifeOrb|GoodasGold|PowerGem,ShadowBall,MakeItRain,Protect|Modest|||||50|]Garchomp||RoseliBerry|RoughSkin|DragonClaw,StompingTantrum,PoisonJab,RockTomb|Jolly||M|||50|]Whimsicott||FocusSash|Prankster|Moonblast,Tailwind,Tickle,FakeTears|Timid||M|||50|]Basculegion||MysticWater|Adaptability|WaveCrash,LastRespects,AquaJet,Protect|Adamant||M|||50|
|showteam|p2|Raichu||RaichuniteY|Static|ZapCannon,FocusBlast,FakeOut,Protect|Timid||F|||50|]Gyarados||Gyaradosite|Intimidate|Waterfall,PowerWhip,DragonDance,Protect|Adamant||F|||50|]Mamoswine||LifeOrb|Oblivious|HighHorsepower,IceShard,IcicleCrash,Protect|Jolly||M|||50|]Ceruledge||ColburBerry|FlashFire|BitterBlade,ShadowSneak,BulkUp,Protect|Adamant||F|||50|]Clefable||SitrusBerry|Unaware|Moonblast,FollowMe,HelpingHand,Protect|Bold||F|||50|]Kingambit||FocusSash|Defiant|IronHead,KowtowCleave,SuckerPunch,LowKick|Adamant||F|||50|
|c|☆alemolgaa|Suertee
|c|☆100%swag0%fur|tu tambiennn
|
|t:|1782596155
|teamsize|p1|4
|teamsize|p2|4
|start
|switch|p1a: Garchomp|Garchomp, L50, M|100/100
|switch|p1b: Whimsicott|Whimsicott, L50, M|100/100
|switch|p2a: Raichu|Raichu, L50, F|100/100
|switch|p2b: Mamoswine|Mamoswine, L50, M|100/100
|turn|1
|
|t:|1782596230
|switch|p1a: Typhlosion|Typhlosion-Hisui, L50, M|100/100
|-item|p2a: Raichu|Raichunite Y|[from] ability: Frisk|[of] p1a: Typhlosion
|-item|p2b: Mamoswine|Life Orb|[from] ability: Frisk|[of] p1a: Typhlosion
|move|p2a: Raichu|Fake Out|p1b: Whimsicott
|-damage|p1b: Whimsicott|87/100
|cant|p1b: Whimsicott|flinch
|move|p2b: Mamoswine|Ice Shard|p1a: Typhlosion
|-resisted|p1a: Typhlosion|1
|-damage|p1a: Typhlosion|80/100
|-damage|p2b: Mamoswine|90/100|[from] item: Life Orb
|
|upkeep
|turn|2
|
|t:|1782596291
|switch|p2b: Ceruledge|Ceruledge, L50, F|100/100
|move|p2a: Raichu|Protect|p2a: Raichu
|-singleturn|p2a: Raichu|Protect
|move|p1b: Whimsicott|Fake Tears|p2a: Raichu
|-activate|p2a: Raichu|move: Protect
|move|p1a: Typhlosion|Eruption|p2b: Ceruledge|[spread] 
|-activate|p2a: Raichu|move: Protect
|-start|p2b: Ceruledge|ability: Flash Fire
|
|upkeep
|turn|3
|
|t:|1782596354
|switch|p1a: Garchomp|Garchomp, L50, M|100/100
|detailschange|p2a: Raichu|Raichu-Mega-Y, L50, F
|-mega|p2a: Raichu|Raichu|Raichunite Y
|move|p1b: Whimsicott|Tailwind|p1b: Whimsicott
|-sidestart|p1: alemolgaa|move: Tailwind
|move|p2b: Ceruledge|Shadow Sneak|p1a: Garchomp
|-damage|p1a: Garchomp|77/100
|-damage|p2b: Ceruledge|87/100|[from] ability: Rough Skin|[of] p1a: Garchomp
|move|p2a: Raichu|Zap Cannon|p1b: Whimsicott
|-resisted|p1b: Whimsicott|1
|-damage|p1b: Whimsicott|37/100
|-status|p1b: Whimsicott|par
|
|upkeep
|turn|4
|
|t:|1782596390
|-end|p2b: Ceruledge|ability: Flash Fire|[silent]
|switch|p2b: Mamoswine|Mamoswine, L50, M|90/100
|move|p2a: Raichu|Protect|p2a: Raichu
|-singleturn|p2a: Raichu|Protect
|move|p1a: Garchomp|Stomping Tantrum|p2a: Raichu
|-activate|p2a: Raichu|move: Protect
|move|p1b: Whimsicott|Moonblast|p2b: Mamoswine
|-damage|p2b: Mamoswine|43/100
|
|upkeep
|turn|5
|
|t:|1782596404
|move|p2b: Mamoswine|Ice Shard|p1a: Garchomp
|-supereffective|p1a: Garchomp|2
|-damage|p1a: Garchomp|0 fnt
|faint|p1a: Garchomp
|-damage|p2b: Mamoswine|33/100|[from] item: Life Orb
|move|p1b: Whimsicott|Moonblast|p2b: Mamoswine
|-damage|p2b: Mamoswine|0 fnt
|faint|p2b: Mamoswine
|move|p2a: Raichu|Zap Cannon|p1b: Whimsicott
|-resisted|p1b: Whimsicott|1
|-damage|p1b: Whimsicott|0 fnt
|faint|p1b: Whimsicott
|
|upkeep
|
|t:|1782596418
|switch|p1b: Typhlosion|Typhlosion-Hisui, L50, M|80/100
|switch|p1a: Staraptor|Staraptor, L50, M|100/100
|switch|p2b: Kingambit|Kingambit, L50, F|100/100
|-item|p2a: Raichu|Raichunite Y|[from] ability: Frisk|[of] p1b: Typhlosion
|-item|p2b: Kingambit|Focus Sash|[from] ability: Frisk|[of] p1b: Typhlosion
|-ability|p1a: Staraptor|Intimidate|boost
|-unboost|p2a: Raichu|atk|1
|-unboost|p2b: Kingambit|atk|1
|-ability|p2b: Kingambit|Defiant|boost
|-boost|p2b: Kingambit|atk|2
|turn|6
|
|t:|1782596471
|detailschange|p1a: Staraptor|Staraptor-Mega, L50, M
|-mega|p1a: Staraptor|Staraptor|Staraptite
|move|p2a: Raichu|Protect|p2a: Raichu
|-singleturn|p2a: Raichu|Protect
|move|p2b: Kingambit|Sucker Punch|p1b: Typhlosion
|-supereffective|p1b: Typhlosion|1
|-damage|p1b: Typhlosion|0 fnt
|faint|p1b: Typhlosion
|move|p1a: Staraptor|Close Combat|p2a: Raichu
|-activate|p2a: Raichu|move: Protect
|
|-sideend|p1: alemolgaa|move: Tailwind
|upkeep
|turn|7
|c|☆alemolgaa|GG
|
|t:|1782596492
|move|p2a: Raichu|Zap Cannon|p1a: Staraptor
|-supereffective|p1a: Staraptor|1
|-damage|p1a: Staraptor|0 fnt
|faint|p1a: Staraptor
|
|win|100%swag0%fur
