|j|☆Terminator7006
|j|☆maestro zoroli
|html|Terminator7006maestro zoroli    
|uhtml|bestof|Game 1 of a best-of-3
|t:|1757842351
|gametype|doubles
|player|p1|Terminator7006|drayden|1120
|player|p2|maestro zoroli|266|1157
|gen|9
|tier|[Gen 9] VGC 2025 Reg H (Bo3)
|rated|
|rule|Species Clause: Limit one of each Pokémon
|rule|Item Clause: Limit 1 of each item
|clearpoke
|poke|p1|Gholdengo, L50|
|poke|p1|Talonflame, L50, F|
|poke|p1|Dragonite, L50, M|
|poke|p1|Dondozo, L50, F|
|poke|p1|Tatsugiri, L50, M|
|poke|p1|Rillaboom, L50, M|
|poke|p2|Gholdengo, L50|
|poke|p2|Incineroar, L50, M|
|poke|p2|Amoonguss, L50, M|
|poke|p2|Braviary, L50, M|
|poke|p2|Garchomp, L50, F|
|poke|p2|Porygon2, L50|
|teampreview|4
|showteam|p1|Gholdengo||ChoiceSpecs|GoodasGold|MakeItRain,ShadowBall,PowerGem,Thunderbolt||||||50|,,,,,Steel]Talonflame||LifeOrb|GaleWings|BraveBird,FlareBlitz,Tailwind,WillOWisp|||F|||50|,,,,,Ghost]Dragonite||ChoiceBand|Multiscale|ExtremeSpeed,Outrage,AerialAce,Earthquake|||M|||50|,,,,,Normal]Dondozo||Leftovers|Unaware|WaveCrash,Earthquake,OrderUp,Protect|||F|||50|,,,,,Grass]Tatsugiri||FocusSash|Commander|DracoMeteor,MuddyWater,HelpingHand,Protect|||M|||50|,,,,,Stellar]Rillaboom||AssaultVest|GrassySurge|WoodHammer,GrassyGlide,Uturn,FakeOut|||M|||50|,,,,,Water
|showteam|p2|Gholdengo||LifeOrb|GoodasGold|MakeItRain,ShadowBall,NastyPlot,Protect||||||50|,,,,,Water]Incineroar||SafetyGoggles|Intimidate|FlareBlitz,KnockOff,FakeOut,PartingShot|||M|||50|,,,,,Ghost]Amoonguss||SitrusBerry|Regenerator|Spore,RagePowder,SludgeBomb,PollenPuff|||M|||50|,,,,,Steel]Braviary||LumBerry|Defiant|BraveBird,CloseCombat,Tailwind,Protect|||M|||50|,,,,,Ghost]Garchomp||ChoiceBand|RoughSkin|Earthquake,StompingTantrum,DragonClaw,RockSlide|||F|||50|,,,,,Fairy]Porygon2||Eviolite|Download|TeraBlast,IceBeam,Recover,TrickRoom||||||50|,,,,,Fighting
|inactive|Battle timer is ON: inactive players will automatically lose when time's up. (requested by maestro zoroli)
|inactive|Terminator7006 has 60 seconds left.
|inactive|maestro zoroli has 60 seconds left.
|
|t:|1757842406
|teamsize|p1|4
|teamsize|p2|4
|start
|switch|p1a: Rillaboom|Rillaboom, L50, M, shiny|100/100
|switch|p1b: Dragonite|Dragonite, L50, M|100/100
|switch|p2a: Incineroar|Incineroar, L50, M|100/100
|switch|p2b: Porygon2|Porygon2, L50|100/100
|-fieldstart|move: Grassy Terrain|[from] ability: Grassy Surge|[of] p1a: Rillaboom
|-ability|p2a: Incineroar|Intimidate|boost
|-unboost|p1a: Rillaboom|atk|1
|-unboost|p1b: Dragonite|atk|1
|-ability|p2b: Porygon2|Download|boost
|-boost|p2b: Porygon2|spa|1
|turn|1
|inactive|Terminator7006 has 30 seconds left.
|inactive|Terminator7006 has 20 seconds left.
|inactive|Terminator7006 has 15 seconds left.
|inactive|maestro zoroli has 30 seconds left.
|inactive|Terminator7006 has 10 seconds left.
|inactive|Terminator7006 has 5 seconds left.
|
|t:|1757842456
|switch|p1b: Dondozo|Dondozo, L50, F|100/100
|move|p1a: Rillaboom|Fake Out|p2b: Porygon2
|-damage|p2b: Porygon2|95/100
|move|p2a: Incineroar|Knock Off|p1b: Dondozo
|-damage|p1b: Dondozo|72/100
|-enditem|p1b: Dondozo|Leftovers|[from] move: Knock Off|[of] p2a: Incineroar
|cant|p2b: Porygon2|flinch
|
|-heal|p1b: Dondozo|78/100|[from] Grassy Terrain
|-heal|p2b: Porygon2|100/100|[from] Grassy Terrain
|upkeep
|turn|2
|inactive|maestro zoroli has 30 seconds left.
|
|t:|1757842485
|switch|p1a: Tatsugiri|Tatsugiri, L50, M|100/100
|-activate|p1a: Tatsugiri|ability: Commander|[of] p1b: Dondozo
|-boost|p1b: Dondozo|atk|2
|-boost|p1b: Dondozo|spa|2
|-boost|p1b: Dondozo|spe|2
|-boost|p1b: Dondozo|def|2
|-boost|p1b: Dondozo|spd|2
|switch|p2a: Amoonguss|Amoonguss, L50, M|100/100
|move|p1b: Dondozo|Order Up|p2a: Amoonguss
|-damage|p2a: Amoonguss|53/100
|-boost|p1b: Dondozo|atk|1
|move|p2b: Porygon2|Trick Room|p2b: Porygon2
|-fieldstart|move: Trick Room|[of] p2b: Porygon2
|
|-heal|p2a: Amoonguss|58/100|[from] Grassy Terrain
|-heal|p1b: Dondozo|85/100|[from] Grassy Terrain
|upkeep
|turn|3
|inactive|maestro zoroli has 30 seconds left.
|inactive|maestro zoroli has 20 seconds left.
|inactive|maestro zoroli has 15 seconds left.
|inactive|maestro zoroli has 10 seconds left.
|
|t:|1757842533
|move|p1b: Dondozo|Protect|p1b: Dondozo
|-singleturn|p1b: Dondozo|Protect
|move|p2a: Amoonguss|Sludge Bomb|p1b: Dondozo
|-activate|p1b: Dondozo|move: Protect
|move|p2b: Porygon2|Ice Beam|p1b: Dondozo
|-activate|p1b: Dondozo|move: Protect
|
|-heal|p2a: Amoonguss|64/100|[from] Grassy Terrain
|-heal|p1b: Dondozo|91/100|[from] Grassy Terrain
|upkeep
|turn|4
|
|t:|1757842549
|move|p2a: Amoonguss|Spore|p1b: Dondozo
|-status|p1b: Dondozo|slp|[from] move: Spore
|move|p2b: Porygon2|Ice Beam|p1b: Dondozo
|-resisted|p1b: Dondozo
|-damage|p1b: Dondozo|83/100 slp
|cant|p1b: Dondozo|slp
|
|-heal|p2a: Amoonguss|70/100|[from] Grassy Terrain
|-heal|p1b: Dondozo|89/100 slp|[from] Grassy Terrain
|upkeep
|turn|5
|
|t:|1757842561
|switch|p2b: Incineroar|Incineroar, L50, M|100/100
|-ability|p2b: Incineroar|Intimidate|boost
|-unboost|p1a: Tatsugiri|atk|1
|-unboost|p1b: Dondozo|atk|1
|move|p2a: Amoonguss|Sludge Bomb|p1b: Dondozo
|-damage|p1b: Dondozo|76/100 slp
|cant|p1b: Dondozo|slp
|
|-heal|p2a: Amoonguss|76/100|[from] Grassy Terrain
|-heal|p1b: Dondozo|82/100 slp|[from] Grassy Terrain
|-fieldend|move: Grassy Terrain
|upkeep
|turn|6
|
|t:|1757842580
|switch|p2b: Porygon2|Porygon2, L50|100/100
|-ability|p2b: Porygon2|Download|boost
|-boost|p2b: Porygon2|spa|1
|move|p2a: Amoonguss|Sludge Bomb|p1b: Dondozo
|-damage|p1b: Dondozo|68/100 slp
|-curestatus|p1b: Dondozo|slp|[msg]
|move|p1b: Dondozo|Order Up|p2b: Porygon2
|-damage|p2b: Porygon2|69/100
|-boost|p1b: Dondozo|atk|1
|
|-fieldend|move: Trick Room
|upkeep
|turn|7
|
|t:|1757842599
|move|p1b: Dondozo|Earthquake|p2a: Amoonguss|[spread] p2a,p2b
|-miss|p1b: Dondozo|p1a: Tatsugiri
|-damage|p2a: Amoonguss|16/100
|-damage|p2b: Porygon2|32/100
|-enditem|p2a: Amoonguss|Sitrus Berry|[eat]
|-heal|p2a: Amoonguss|40/100|[from] item: Sitrus Berry
|move|p2a: Amoonguss|Spore|p1b: Dondozo
|-status|p1b: Dondozo|slp|[from] move: Spore
|move|p2b: Porygon2|Trick Room|p2b: Porygon2
|-fieldstart|move: Trick Room|[of] p2b: Porygon2
|
|upkeep
|turn|8
|
|t:|1757842613
|switch|p2b: Incineroar|Incineroar, L50, M|100/100
|-ability|p2b: Incineroar|Intimidate|boost
|-unboost|p1a: Tatsugiri|atk|1
|-unboost|p1b: Dondozo|atk|1
|cant|p1b: Dondozo|slp
|move|p2a: Amoonguss|Sludge Bomb|p1b: Dondozo
|-damage|p1b: Dondozo|53/100 slp
|
|upkeep
|turn|9
|
|t:|1757842625
|switch|p2a: Porygon2|Porygon2, L50|32/100
|-ability|p2a: Porygon2|Download|boost
|-boost|p2a: Porygon2|spa|1
|move|p2b: Incineroar|Parting Shot|p1b: Dondozo
|-unboost|p1b: Dondozo|atk|1
|-unboost|p1b: Dondozo|spa|1
|
|t:|1757842632
|switch|p2b: Amoonguss|Amoonguss, L50, M|74/100|[from] Parting Shot
|-curestatus|p1b: Dondozo|slp|[msg]
|move|p1b: Dondozo|Order Up|p2b: Amoonguss
|-damage|p2b: Amoonguss|32/100
|-boost|p1b: Dondozo|atk|1
|
|upkeep
|turn|10
|
|t:|1757842649
|switch|p2b: Incineroar|Incineroar, L50, M|100/100
|-ability|p2b: Incineroar|Intimidate|boost
|-unboost|p1a: Tatsugiri|atk|1
|-unboost|p1b: Dondozo|atk|1
|-terastallize|p1b: Dondozo|Grass
|move|p2a: Porygon2|Recover|p2a: Porygon2
|-heal|p2a: Porygon2|82/100
|move|p1b: Dondozo|Earthquake|p2a: Porygon2|[spread] p2a,p2b
|-miss|p1b: Dondozo|p1a: Tatsugiri
|-supereffective|p2b: Incineroar
|-damage|p2a: Porygon2|61/100
|-damage|p2b: Incineroar|33/100
|
|upkeep
|turn|11
|inactive|maestro zoroli has 30 seconds left.
|
|t:|1757842679
|move|p2b: Incineroar|Fake Out|p1b: Dondozo
|-damage|p1b: Dondozo|49/100
|move|p2a: Porygon2|Recover|p2a: Porygon2
|-heal|p2a: Porygon2|100/100
|cant|p1b: Dondozo|flinch
|
|-fieldend|move: Trick Room
|upkeep
|turn|12
|
|t:|1757842697
|switch|p2b: Amoonguss|Amoonguss, L50, M|65/100
|move|p1b: Dondozo|Order Up|p2a: Porygon2
|-damage|p2a: Porygon2|76/100
|-boost|p1b: Dondozo|atk|1
|move|p2a: Porygon2|Trick Room|p2a: Porygon2
|-fieldstart|move: Trick Room|[of] p2a: Porygon2
|
|upkeep
|turn|13
|
|t:|1757842708
|move|p2b: Amoonguss|Sludge Bomb|p1b: Dondozo
|-supereffective|p1b: Dondozo
|-crit|p1b: Dondozo
|-damage|p1b: Dondozo|0 fnt
|faint|p1b: Dondozo
|move|p2a: Porygon2|Ice Beam|p1a: Tatsugiri
|-damage|p1a: Tatsugiri|45/100
|
|upkeep
|
|t:|1757842716
|switch|p1b: Rillaboom|Rillaboom, L50, M, shiny|100/100
|-fieldstart|move: Grassy Terrain|[from] ability: Grassy Surge|[of] p1b: Rillaboom
|turn|14
|inactive|Terminator7006 has 30 seconds left.
|
|t:|1757842750
|move|p1b: Rillaboom|Fake Out|p2b: Amoonguss
|-damage|p2b: Amoonguss|51/100
|cant|p2b: Amoonguss|flinch
|move|p2a: Porygon2|Tera Blast|p1a: Tatsugiri
|-damage|p1a: Tatsugiri|0 fnt
|faint|p1a: Tatsugiri
|
|-heal|p2b: Amoonguss|57/100|[from] Grassy Terrain
|-heal|p2a: Porygon2|82/100|[from] Grassy Terrain
|upkeep
|
|t:|1757842757
|switch|p1a: Dragonite|Dragonite, L50, M|100/100
|turn|15
|
|t:|1757842769
|switch|p2b: Incineroar|Incineroar, L50, M|33/100
|-ability|p2b: Incineroar|Intimidate|boost
|-unboost|p1a: Dragonite|atk|1
|-unboost|p1b: Rillaboom|atk|1
|move|p1a: Dragonite|Extreme Speed|p2b: Incineroar
|-damage|p2b: Incineroar|4/100
|move|p2a: Porygon2|Ice Beam|p1a: Dragonite
|-supereffective|p1a: Dragonite
|-damage|p1a: Dragonite|33/100
|move|p1b: Rillaboom|Wood Hammer|p2a: Porygon2
|-damage|p2a: Porygon2|53/100
|-damage|p1b: Rillaboom|90/100|[from] Recoil
|
|-heal|p2a: Porygon2|59/100|[from] Grassy Terrain
|-heal|p2b: Incineroar|10/100|[from] Grassy Terrain
|-heal|p1b: Rillaboom|96/100|[from] Grassy Terrain
|upkeep
|turn|16
|
|t:|1757842786
|move|p2b: Incineroar|Fake Out|p1b: Rillaboom
|-damage|p1b: Rillaboom|84/100
|move|p1a: Dragonite|Extreme Speed|p2b: Incineroar
|-damage|p2b: Incineroar|0 fnt
|faint|p2b: Incineroar
|move|p2a: Porygon2|Ice Beam|p1a: Dragonite
|-supereffective|p1a: Dragonite
|-damage|p1a: Dragonite|0 fnt
|faint|p1a: Dragonite
|cant|p1b: Rillaboom|flinch
|
|-heal|p2a: Porygon2|65/100|[from] Grassy Terrain
|-heal|p1b: Rillaboom|90/100|[from] Grassy Terrain
|-fieldend|move: Trick Room
|upkeep
|
|t:|1757842789
|switch|p2b: Amoonguss|Amoonguss, L50, M|90/100
|turn|17
|-message|Terminator7006 forfeited.
|
|win|maestro zoroli
|l|☆Terminator7006
|player|p1|
||Terminator7006 is ready for game 2.
||maestro zoroli is ready for game 2.
|uhtml|next|Next: Game 2 of 3
|l|☆maestro zoroli
|player|p2|
