|j|☆matteo2002
|j|☆mumu2
|html|matteo2002mumu2    
|uhtml|bestof|Game 1 of a best-of-3
|t:|1784766689
|gametype|doubles
|player|p1|matteo2002|170|1127
|player|p2|mumu2|cyclistf|1185
|gen|9
|tier|[Gen 9 Champions] VGC 2026 Reg M-B (Bo3)
|rated|
|rule|Species Clause: Limit one of each Pokémon
|rule|Item Clause: Limit 1 of each item
|clearpoke
|poke|p1|Hydreigon, L50, M|
|poke|p1|Metagross, L50, shiny|
|poke|p1|Charizard, L50, F|
|poke|p1|Toxapex, L50, F|
|poke|p1|Annihilape, L50, F|
|poke|p1|Incineroar, L50, M|
|poke|p2|Charizard, L50, M|
|poke|p2|Venusaur, L50, F|
|poke|p2|Garchomp, L50, M|
|poke|p2|Annihilape, L50, F|
|poke|p2|Incineroar, L50, F|
|poke|p2|Toxapex, L50, M|
|teampreview|4
|showteam|p1|Hydreigon||ChoiceScarf|Levitate|EarthPower,DarkPulse,DracoMeteor,Snarl|Modest||M|||50|]Metagross||Metagrossite|ClearBody|PsychicFangs,IcePunch,BulletPunch,Protect|Jolly|||||50|]Charizard||CharizarditeY|Blaze|Protect,HeatWave,SolarBeam,WeatherBall|Modest||F|||50|]Toxapex||Leftovers|Regenerator|Infestation,Toxic,BanefulBunker,WideGuard|Bold||F|||50|]Annihilape||FocusSash|Defiant|CloseCombat,PhantomForce,Protect,RockTomb|Jolly||F|||50|]Incineroar||SitrusBerry|Intimidate|FakeOut,FlareBlitz,ThroatChop,PartingShot|Impish||M|||50|
|showteam|p2|Charizard||CharizarditeY|Blaze|HeatWave,WeatherBall,HelpingHand,Protect|Modest||M|||50|]Venusaur||LifeOrb|Chlorophyll|SludgeBomb,SolarBeam,EarthPower,Protect|Modest||F|||50|]Garchomp||ChoiceScarf|RoughSkin|DragonClaw,Earthquake,RockSlide,StompingTantrum|Adamant||M|||50|]Annihilape||FocusSash|Defiant|PhantomForce,CloseCombat,Protect,RockTomb|Jolly||F|||50|]Incineroar||SitrusBerry|Intimidate|FlareBlitz,ThroatChop,PartingShot,FakeOut|Impish||F|||50|]Toxapex||Leftovers|Regenerator|Toxic,Infestation,WideGuard,BanefulBunker|Bold||M|||50|
|inactive|Battle timer is ON: inactive players will automatically lose when time's up. (requested by mumu2)
|
|t:|1784766822
|teamsize|p1|4
|teamsize|p2|4
|start
|switch|p1a: Hydreigon|Hydreigon, L50, M|100/100
|switch|p1b: Annihilape|Annihilape, L50, F|100/100
|switch|p2a: Toxapex|Toxapex, L50, M|100/100
|switch|p2b: Charizard|Charizard, L50, M|100/100
|turn|1
|inactive|matteo2002 has 30 seconds left.
|inactive|mumu2 has 30 seconds left.
|inactive|mumu2 has 20 seconds left.
|
|t:|1784766861
|detailschange|p2b: Charizard|Charizard-Mega-Y, L50, M
|-mega|p2b: Charizard|Charizard|Charizardite Y
|-weather|SunnyDay|[from] ability: Drought|[of] p2b: Charizard
|move|p2b: Charizard|Protect|p2b: Charizard
|-singleturn|p2b: Charizard|Protect
|move|p1a: Hydreigon|Dark Pulse|p2b: Charizard
|-activate|p2b: Charizard|move: Protect
|move|p1b: Annihilape|Phantom Force||[still]
|-prepare|p1b: Annihilape|Phantom Force
|move|p2a: Toxapex|Toxic|p1a: Hydreigon
|-status|p1a: Hydreigon|tox
|
|-weather|SunnyDay|[upkeep]
|-damage|p1a: Hydreigon|94/100 tox|[from] psn
|upkeep
|turn|2
|inactive|matteo2002 has 30 seconds left.
|inactive|mumu2 has 30 seconds left.
|
|t:|1784766893
|move|p1a: Hydreigon|Dark Pulse|p2b: Charizard
|-damage|p2b: Charizard|64/100
|move|p1b: Annihilape|Phantom Force|p2a: Toxapex|[from] lockedmove
|-damage|p2a: Toxapex|71/100
|move|p2b: Charizard|Weather Ball|p1b: Annihilape
|-damage|p1b: Annihilape|17/100
|move|p2a: Toxapex|Infestation|p1a: Hydreigon
|-supereffective|p1a: Hydreigon|1
|-damage|p1a: Hydreigon|87/100 tox
|-activate|p1a: Hydreigon|move: Infestation|[of] p2a: Toxapex
|
|-weather|SunnyDay|[upkeep]
|-heal|p2a: Toxapex|77/100|[from] item: Leftovers
|-damage|p1a: Hydreigon|76/100 tox|[from] psn
|-damage|p1a: Hydreigon|64/100 tox|[from] move: Infestation|[partiallytrapped]
|upkeep
|turn|3
|
|t:|1784766916
|move|p2b: Charizard|Protect|p2b: Charizard
|-singleturn|p2b: Charizard|Protect
|move|p1a: Hydreigon|Dark Pulse|p2a: Toxapex
|-damage|p2a: Toxapex|46/100
|move|p1b: Annihilape|Rock Tomb|p2b: Charizard
|-activate|p2b: Charizard|move: Protect
|move|p2a: Toxapex|Toxic|p1b: Annihilape
|-status|p1b: Annihilape|tox
|
|-weather|SunnyDay|[upkeep]
|-heal|p2a: Toxapex|52/100|[from] item: Leftovers
|-damage|p1a: Hydreigon|46/100 tox|[from] psn
|-damage|p1b: Annihilape|11/100 tox|[from] psn
|-damage|p1a: Hydreigon|34/100 tox|[from] move: Infestation|[partiallytrapped]
|upkeep
|turn|4
|
|t:|1784766933
|switch|p1b: Toxapex|Toxapex, L50, F|100/100
|switch|p2b: Garchomp|Garchomp, L50, M|100/100
|move|p2a: Toxapex|Baneful Bunker|p2a: Toxapex
|-singleturn|p2a: Toxapex|move: Protect
|move|p1a: Hydreigon|Dark Pulse|p2b: Garchomp
|-damage|p2b: Garchomp|55/100
|
|-weather|SunnyDay|[upkeep]
|-heal|p2a: Toxapex|57/100|[from] item: Leftovers
|-damage|p1a: Hydreigon|12/100 tox|[from] psn
|-damage|p1a: Hydreigon|0 fnt|[from] move: Infestation|[partiallytrapped]
|faint|p1a: Hydreigon
|upkeep
|
|t:|1784766948
|switch|p1a: Metagross|Metagross, L50, shiny|100/100
|turn|5
|
|t:|1784766969
|-heal|p2a: Toxapex|91/100|[from] ability: Regenerator|[silent]
|switch|p2a: Venusaur|Venusaur, L50, F|100/100
|detailschange|p1a: Metagross|Metagross-Mega, L50, shiny
|-mega|p1a: Metagross|Metagross|Metagrossite
|move|p2b: Garchomp|Earthquake|p1a: Metagross|[spread] p2a,p1a,p1b
|-supereffective|p1a: Metagross|1
|-supereffective|p1b: Toxapex|1
|-damage|p2a: Venusaur|48/100
|-damage|p1a: Metagross|38/100
|-damage|p1b: Toxapex|46/100
|move|p1a: Metagross|Ice Punch|p2b: Garchomp
|-supereffective|p2b: Garchomp|2
|-crit|p2b: Garchomp
|-damage|p2b: Garchomp|0 fnt
|-damage|p1a: Metagross|26/100|[from] ability: Rough Skin|[of] p2b: Garchomp
|faint|p2b: Garchomp
|move|p1b: Toxapex|Infestation|p2a: Venusaur
|-damage|p2a: Venusaur|44/100
|-activate|p2a: Venusaur|move: Infestation|[of] p1b: Toxapex
|
|-weather|none
|-heal|p1b: Toxapex|52/100|[from] item: Leftovers
|-damage|p2a: Venusaur|32/100|[from] move: Infestation|[partiallytrapped]
|upkeep
|
|t:|1784766989
|switch|p2b: Charizard|Charizard-Mega-Y, L50, M|64/100
|-weather|SunnyDay|[from] ability: Drought|[of] p2b: Charizard
|turn|6
|inactive|matteo2002 has 30 seconds left.
|
|t:|1784767023
|move|p1a: Metagross|Protect|p1a: Metagross
|-singleturn|p1a: Metagross|Protect
|move|p2b: Charizard|Protect|p2b: Charizard
|-singleturn|p2b: Charizard|Protect
|move|p2a: Venusaur|Earth Power|p1a: Metagross
|-activate|p1a: Metagross|move: Protect
|move|p1b: Toxapex|Infestation|p2b: Charizard
|-activate|p2b: Charizard|move: Protect
|
|-weather|SunnyDay|[upkeep]
|-heal|p1b: Toxapex|57/100|[from] item: Leftovers
|-damage|p2a: Venusaur|20/100y|[from] move: Infestation|[partiallytrapped]
|upkeep
|turn|7
|
|t:|1784767042
|switch|p1a: Annihilape|Annihilape, L50, F|11/100 tox
|move|p1b: Toxapex|Baneful Bunker|p1b: Toxapex
|-singleturn|p1b: Toxapex|move: Protect
|move|p2a: Venusaur|Earth Power|p1a: Annihilape
|-damage|p1a: Annihilape|0 fnt
|faint|p1a: Annihilape
|-damage|p2a: Venusaur|11/100|[from] item: Life Orb
|move|p2b: Charizard|Weather Ball|p1b: Toxapex
|-activate|p1b: Toxapex|move: Protect
|
|-weather|SunnyDay|[upkeep]
|-heal|p1b: Toxapex|63/100|[from] item: Leftovers
|-damage|p2a: Venusaur|0 fnt|[from] move: Infestation|[partiallytrapped]
|faint|p2a: Venusaur
|upkeep
|
|t:|1784767059
|switch|p1a: Metagross|Metagross-Mega, L50, shiny|26/100
|switch|p2a: Toxapex|Toxapex, L50, M|91/100
|turn|8
|
|t:|1784767073
|move|p2b: Charizard|Protect|p2b: Charizard
|-singleturn|p2b: Charizard|Protect
|move|p1a: Metagross|Psychic Fangs|p2b: Charizard
|-activate|p2b: Charizard|move: Protect
|move|p2a: Toxapex|Infestation|p1a: Metagross
|-damage|p1a: Metagross|23/100
|-activate|p1a: Metagross|move: Infestation|[of] p2a: Toxapex
|move|p1b: Toxapex|Infestation|p2a: Toxapex
|-resisted|p2a: Toxapex|1
|-damage|p2a: Toxapex|89/100
|-activate|p2a: Toxapex|move: Infestation|[of] p1b: Toxapex
|
|-weather|SunnyDay|[upkeep]
|-heal|p1b: Toxapex|69/100|[from] item: Leftovers
|-heal|p2a: Toxapex|95/100|[from] item: Leftovers
|-damage|p1a: Metagross|10/100|[from] move: Infestation|[partiallytrapped]
|-damage|p2a: Toxapex|83/100|[from] move: Infestation|[partiallytrapped]
|upkeep
|turn|9
|
|t:|1784767099
|move|p2a: Toxapex|Baneful Bunker|p2a: Toxapex
|-singleturn|p2a: Toxapex|move: Protect
|move|p1a: Metagross|Psychic Fangs|p2b: Charizard
|-damage|p2b: Charizard|0 fnt
|faint|p2b: Charizard
|move|p1b: Toxapex|Infestation|p2a: Toxapex
|-activate|p2a: Toxapex|move: Protect
|
|-weather|SunnyDay|[upkeep]
|-heal|p2a: Toxapex|89/100|[from] item: Leftovers
|-heal|p1b: Toxapex|75/100|[from] item: Leftovers
|-damage|p1a: Metagross|0 fnt|[from] move: Infestation|[partiallytrapped]
|faint|p1a: Metagross
|-damage|p2a: Toxapex|77/100|[from] move: Infestation|[partiallytrapped]
|upkeep
|turn|10
|
|t:|1784767113
|move|p1b: Toxapex|Baneful Bunker|p1b: Toxapex
|-singleturn|p1b: Toxapex|move: Protect
|move|p2a: Toxapex|Infestation|p1b: Toxapex
|-activate|p1b: Toxapex|move: Protect
|
|-weather|none
|-heal|p1b: Toxapex|80/100|[from] item: Leftovers
|-heal|p2a: Toxapex|82/100|[from] item: Leftovers
|-damage|p2a: Toxapex|70/100|[from] move: Infestation|[partiallytrapped]
|upkeep
|turn|11
|
|t:|1784767127
|move|p1b: Toxapex|Infestation|p2a: Toxapex
|-resisted|p2a: Toxapex|1
|-damage|p2a: Toxapex|69/100
|move|p2a: Toxapex|Infestation|p1b: Toxapex
|-resisted|p1b: Toxapex|1
|-damage|p1b: Toxapex|79/100
|-activate|p1b: Toxapex|move: Infestation|[of] p2a: Toxapex
|
|-heal|p1b: Toxapex|85/100|[from] item: Leftovers
|-heal|p2a: Toxapex|75/100|[from] item: Leftovers
|-damage|p1b: Toxapex|73/100|[from] move: Infestation|[partiallytrapped]
|-damage|p2a: Toxapex|63/100|[from] move: Infestation|[partiallytrapped]
|upkeep
|turn|12
|
|t:|1784767138
|move|p1b: Toxapex|Baneful Bunker|p1b: Toxapex
|-singleturn|p1b: Toxapex|move: Protect
|move|p2a: Toxapex|Infestation|p1b: Toxapex
|-activate|p1b: Toxapex|move: Protect
|
|-heal|p2a: Toxapex|68/100|[from] item: Leftovers
|-heal|p1b: Toxapex|78/100|[from] item: Leftovers
|-end|p2a: Toxapex|Infestation|[partiallytrapped]
|-damage|p1b: Toxapex|66/100|[from] move: Infestation|[partiallytrapped]
|upkeep
|turn|13
|
|t:|1784767148
|move|p2a: Toxapex|Baneful Bunker|p2a: Toxapex
|-singleturn|p2a: Toxapex|move: Protect
|move|p1b: Toxapex|Infestation|p2a: Toxapex
|-activate|p2a: Toxapex|move: Protect
|
|-heal|p1b: Toxapex|72/100|[from] item: Leftovers
|-heal|p2a: Toxapex|74/100|[from] item: Leftovers
|-damage|p1b: Toxapex|60/100|[from] move: Infestation|[partiallytrapped]
|upkeep
|turn|14
|
|t:|1784767165
|move|p1b: Toxapex|Infestation|p2a: Toxapex
|-resisted|p2a: Toxapex|1
|-damage|p2a: Toxapex|73/100
|-activate|p2a: Toxapex|move: Infestation|[of] p1b: Toxapex
|move|p2a: Toxapex|Infestation|p1b: Toxapex
|-resisted|p1b: Toxapex|1
|-damage|p1b: Toxapex|59/100
|
|-heal|p2a: Toxapex|78/100|[from] item: Leftovers
|-heal|p1b: Toxapex|64/100|[from] item: Leftovers
|-damage|p1b: Toxapex|52/100|[from] move: Infestation|[partiallytrapped]
|-damage|p2a: Toxapex|66/100|[from] move: Infestation|[partiallytrapped]
|upkeep
|turn|15
|
|t:|1784767186
|move|p1b: Toxapex|Baneful Bunker|p1b: Toxapex
|-singleturn|p1b: Toxapex|move: Protect
|move|p2a: Toxapex|Infestation|p1b: Toxapex
|-activate|p1b: Toxapex|move: Protect
|
|-heal|p2a: Toxapex|72/100|[from] item: Leftovers
|-heal|p1b: Toxapex|58/100|[from] item: Leftovers
|-end|p1b: Toxapex|Infestation|[partiallytrapped]
|-damage|p2a: Toxapex|60/100|[from] move: Infestation|[partiallytrapped]
|upkeep
|turn|16
|
|t:|1784767205
|move|p1b: Toxapex|Baneful Bunker||[still]
|-fail|p1b: Toxapex
|move|p2a: Toxapex|Infestation|p1b: Toxapex
|-resisted|p1b: Toxapex|1
|-damage|p1b: Toxapex|57/100
|-activate|p1b: Toxapex|move: Infestation|[of] p2a: Toxapex
|
|-heal|p1b: Toxapex|63/100|[from] item: Leftovers
|-heal|p2a: Toxapex|66/100|[from] item: Leftovers
|-damage|p2a: Toxapex|54/100|[from] move: Infestation|[partiallytrapped]
|-damage|p1b: Toxapex|50/100g|[from] move: Infestation|[partiallytrapped]
|upkeep
|turn|17
|
|t:|1784767222
|move|p1b: Toxapex|Baneful Bunker|p1b: Toxapex
|-singleturn|p1b: Toxapex|move: Protect
|move|p2a: Toxapex|Infestation|p1b: Toxapex
|-activate|p1b: Toxapex|move: Protect
|
|-heal|p2a: Toxapex|59/100|[from] item: Leftovers
|-heal|p1b: Toxapex|56/100|[from] item: Leftovers
|-damage|p2a: Toxapex|47/100|[from] move: Infestation|[partiallytrapped]
|-damage|p1b: Toxapex|44/100|[from] move: Infestation|[partiallytrapped]
|upkeep
|turn|18
|
|t:|1784767235
|move|p2a: Toxapex|Infestation|p1b: Toxapex
|-resisted|p1b: Toxapex|1
|-damage|p1b: Toxapex|43/100
|move|p1b: Toxapex|Infestation|p2a: Toxapex
|-resisted|p2a: Toxapex|1
|-damage|p2a: Toxapex|46/100
|
|-heal|p1b: Toxapex|49/100|[from] item: Leftovers
|-heal|p2a: Toxapex|52/100|[from] item: Leftovers
|-damage|p1b: Toxapex|36/100|[from] move: Infestation|[partiallytrapped]
|-end|p2a: Toxapex|Infestation|[partiallytrapped]
|upkeep
|turn|19
|
|t:|1784767245
|move|p2a: Toxapex|Baneful Bunker|p2a: Toxapex
|-singleturn|p2a: Toxapex|move: Protect
|move|p1b: Toxapex|Infestation|p2a: Toxapex
|-activate|p2a: Toxapex|move: Protect
|
|-heal|p2a: Toxapex|57/100|[from] item: Leftovers
|-heal|p1b: Toxapex|42/100|[from] item: Leftovers
|-damage|p1b: Toxapex|30/100|[from] move: Infestation|[partiallytrapped]
|upkeep
|turn|20
|
|t:|1784767259
|move|p2a: Toxapex|Baneful Bunker||[still]
|-fail|p2a: Toxapex
|move|p1b: Toxapex|Infestation|p2a: Toxapex
|-resisted|p2a: Toxapex|1
|-damage|p2a: Toxapex|56/100
|-activate|p2a: Toxapex|move: Infestation|[of] p1b: Toxapex
|
|-heal|p1b: Toxapex|36/100|[from] item: Leftovers
|-heal|p2a: Toxapex|62/100|[from] item: Leftovers
|-damage|p1b: Toxapex|24/100|[from] move: Infestation|[partiallytrapped]
|-damage|p2a: Toxapex|50/100g|[from] move: Infestation|[partiallytrapped]
|upkeep
|turn|21
|-message|matteo2002 forfeited.
|
|win|mumu2
|l|☆matteo2002
|player|p1|
||matteo2002 is ready for game 2.
