|j|☆luisecanonserna
|j|☆Dysarster
|html|luisecanonsernaDysarster    
|uhtml|bestof|Game 3 of a best-of-3
|t:|1756236953
|gametype|doubles
|player|p1|luisecanonserna|101|1111
|player|p2|Dysarster|swimmer-gen4dp|1000
|gen|9
|tier|[Gen 9] VGC 2025 Reg H (Bo3)
|rated|
|rule|Species Clause: Limit one of each Pokémon
|rule|Item Clause: Limit 1 of each item
|clearpoke
|poke|p1|Gholdengo, L50|
|poke|p1|Incineroar, L50, F|
|poke|p1|Amoonguss, L50, F|
|poke|p1|Dragonite, L50, M|
|poke|p1|Tyranitar, L50, M|
|poke|p1|Garchomp, L50, F|
|poke|p2|Glaceon, L50, M|
|poke|p2|Ninetales-Alola, L50, F|
|poke|p2|Arcanine-Hisui, L50, F|
|poke|p2|Amoonguss, L50, M|
|poke|p2|Salamence, L50, F|
|poke|p2|Indeedee-F, L50, F|
|teampreview|4
|showteam|p1|Gholdengo||LifeOrb|GoodasGold|MakeItRain,ShadowBall,NastyPlot,Protect||||||50|,,,,,Water]Incineroar||SafetyGoggles|Intimidate|FakeOut,KnockOff,PartingShot,FlareBlitz|||F|||50|,,,,,Ghost]Amoonguss||RockyHelmet|Regenerator|PollenPuff,RagePowder,Spore,Protect|||F|||50|,,,,,Dark]Dragonite||LoadedDice|Multiscale|ScaleShot,Tailwind,Haze,Protect|||M|||50|,,,,,Fairy]Tyranitar||AssaultVest|SandStream|RockSlide,LowKick,TeraBlast,Assurance|||M|||50|,,,,,Flying]Garchomp||ClearAmulet|RoughSkin|DragonClaw,Protect,StompingTantrum,Earthquake|||F|||50|,,,,,Fire
|showteam|p2|Glaceon||ChoiceSpecs|SnowCloak|FreezeDry,Blizzard,AlluringVoice,TeraBlast|||M|||50|,,,,,Ice]Ninetales-Alola||FocusSash|SnowWarning|AuroraVeil,IcyWind,Moonblast,HelpingHand|||F|||50|,,,,,Ghost]Arcanine-Hisui||ChoiceBand|Intimidate|FlareBlitz,RockSlide,PsychicFangs,ExtremeSpeed|||F|||50|,,,,,Ghost]Amoonguss||RockyHelmet|Regenerator|RagePowder,Spore,ClearSmog,Protect|||M|||50|,,,,,Water]Salamence||SafetyGoggles|Intimidate|DracoMeteor,DualWingbeat,Tailwind,Protect|||F|||50|,,,,,Steel]Indeedee-F||MentalHerb|PsychicSurge|FollowMe,DazzlingGleam,Imprison,TrickRoom|||F|||50|,,,,,Fairy
|inactive|Battle timer is ON: inactive players will automatically lose when time's up. (requested by Dysarster)
|
|t:|1756236981
|teamsize|p1|4
|teamsize|p2|4
|start
|switch|p1a: Gholdengo|Gholdengo, L50|100/100
|switch|p1b: Incineroar|Incineroar, L50, F|100/100
|switch|p2a: Glaceon|Glaceon, L50, M|100/100
|switch|p2b: Salamence|Salamence, L50, F|100/100
|-ability|p2b: Salamence|Intimidate|boost
|-unboost|p1a: Gholdengo|atk|1
|-unboost|p1b: Incineroar|atk|1
|-ability|p1b: Incineroar|Intimidate|boost
|-unboost|p2a: Glaceon|atk|1
|-unboost|p2b: Salamence|atk|1
|turn|1
|
|t:|1756237005
|-terastallize|p2a: Glaceon|Ice
|move|p1b: Incineroar|Fake Out|p2a: Glaceon
|-damage|p2a: Glaceon|94/100
|move|p2b: Salamence|Draco Meteor|p1a: Gholdengo
|-resisted|p1a: Gholdengo
|-damage|p1a: Gholdengo|70/100
|-unboost|p2b: Salamence|spa|2
|move|p1a: Gholdengo|Make It Rain|p2a: Glaceon|[spread] p2a,p2b
|-supereffective|p2a: Glaceon
|-damage|p2a: Glaceon|0 fnt
|-damage|p2b: Salamence|28/100
|-unboost|p1a: Gholdengo|spa|1
|faint|p2a: Glaceon
|-damage|p1a: Gholdengo|61/100|[from] item: Life Orb
|
|upkeep
|
|t:|1756237024
|switch|p2a: Arcanine|Arcanine-Hisui, L50, F|100/100
|-ability|p2a: Arcanine|Intimidate|boost
|-unboost|p1a: Gholdengo|atk|1
|-unboost|p1b: Incineroar|atk|1
|turn|2
|inactive|luisecanonserna has 30 seconds left.
|
|t:|1756237055
|switch|p1a: Tyranitar|Tyranitar, L50, M|100/100
|-weather|Sandstorm|[from] ability: Sand Stream|[of] p1a: Tyranitar
|move|p2b: Salamence|Tailwind|p2b: Salamence
|-sidestart|p2: Dysarster|move: Tailwind
|move|p2a: Arcanine|Rock Slide|p1a: Tyranitar|[spread] p1a,p1b
|-supereffective|p1b: Incineroar
|-damage|p1a: Tyranitar|64/100
|-damage|p1b: Incineroar|27/100
|move|p1b: Incineroar|Parting Shot|p2a: Arcanine
|-unboost|p2a: Arcanine|atk|1
|-unboost|p2a: Arcanine|spa|1
|
|t:|1756237071
|switch|p1b: Amoonguss|Amoonguss, L50, F|100/100|[from] Parting Shot
|
|-weather|Sandstorm|[upkeep]
|-damage|p1b: Amoonguss|95/100|[from] Sandstorm
|upkeep
|turn|3
|
|t:|1756237085
|switch|p2a: Ninetales|Ninetales-Alola, L50, F|100/100
|-weather|Snowscape|[from] ability: Snow Warning|[of] p2a: Ninetales
|move|p2b: Salamence|Dual Wingbeat|p1b: Amoonguss
|-supereffective|p1b: Amoonguss
|-damage|p1b: Amoonguss|75/100
|-damage|p2b: Salamence|12/100|[from] item: Rocky Helmet|[of] p1b: Amoonguss
|-supereffective|p1b: Amoonguss
|-damage|p1b: Amoonguss|53/100
|-damage|p2b: Salamence|0 fnt|[from] item: Rocky Helmet|[of] p1b: Amoonguss
|faint|p2b: Salamence
|-hitcount|p1b: Amoonguss|2
|move|p1a: Tyranitar|Rock Slide|p2a: Ninetales
|-supereffective|p2a: Ninetales
|-damage|p2a: Ninetales|20/100
|move|p1b: Amoonguss|Pollen Puff|p1a: Tyranitar
|-heal|p1a: Tyranitar|100/100
|
|-weather|Snowscape|[upkeep]
|upkeep
|
|t:|1756237104
|switch|p2b: Arcanine|Arcanine-Hisui, L50, F|100/100
|-ability|p2b: Arcanine|Intimidate|boost
|-unboost|p1a: Tyranitar|atk|1
|-unboost|p1b: Amoonguss|atk|1
|turn|4
|inactive|luisecanonserna has 30 seconds left.
|
|t:|1756237130
|switch|p1a: Incineroar|Incineroar, L50, F|27/100
|-ability|p1a: Incineroar|Intimidate|boost
|-unboost|p2a: Ninetales|atk|1
|-unboost|p2b: Arcanine|atk|1
|move|p2a: Ninetales|Helping Hand|p2b: Arcanine
|-singleturn|p2b: Arcanine|Helping Hand|[of] p2a: Ninetales
|move|p2b: Arcanine|Rock Slide|p1b: Amoonguss|[spread] p1a,p1b
|-supereffective|p1a: Incineroar
|-damage|p1a: Incineroar|0 fnt
|-damage|p1b: Amoonguss|18/100
|faint|p1a: Incineroar
|move|p1b: Amoonguss|Spore|p2b: Arcanine
|-status|p2b: Arcanine|slp|[from] move: Spore
|
|-weather|Snowscape|[upkeep]
|upkeep
|
|t:|1756237143
|switch|p1a: Tyranitar|Tyranitar, L50, M|100/100
|-weather|Sandstorm|[from] ability: Sand Stream|[of] p1a: Tyranitar
|turn|5
|
|t:|1756237161
|switch|p1b: Gholdengo|Gholdengo, L50|61/100
|move|p2a: Ninetales|Icy Wind|p1a: Tyranitar|[spread] p1a,p1b
|-resisted|p1b: Gholdengo
|-damage|p1a: Tyranitar|94/100
|-damage|p1b: Gholdengo|52/100
|-unboost|p1a: Tyranitar|spe|1
|-unboost|p1b: Gholdengo|spe|1
|cant|p2b: Arcanine|slp
|move|p1a: Tyranitar|Rock Slide|p2b: Arcanine|[spread] p2a,p2b
|-supereffective|p2a: Ninetales
|-supereffective|p2b: Arcanine
|-damage|p2a: Ninetales|0 fnt
|-damage|p2b: Arcanine|32/100 slp
|faint|p2a: Ninetales
|
|-weather|Sandstorm|[upkeep]
|-sideend|p2: Dysarster|move: Tailwind
|upkeep
|turn|6
|
|t:|1756237180
|cant|p2b: Arcanine|slp
|move|p1b: Gholdengo|Make It Rain|p2b: Arcanine
|-damage|p2b: Arcanine|0 fnt
|-unboost|p1b: Gholdengo|spa|1
|faint|p2b: Arcanine
|-damage|p1b: Gholdengo|43/100|[from] item: Life Orb
|
|win|luisecanonserna
|raw|luisecanonserna's rating: 1111 → 1128(+17 for winning)
|raw|Dysarster's rating: 1000 → 1000(+0 for losing)
|l|☆Dysarster
|player|p2|
