|j|☆moicito
|j|☆ThunDragon67
|html|moicitoThunDragon67    
|uhtml|bestof|Game 3 of a best-of-3
|t:|1756352255
|gametype|doubles
|player|p1|moicito|caitlin|1135
|player|p2|ThunDragon67|li|1072
|gen|9
|tier|[Gen 9] VGC 2025 Reg H (Bo3)
|rated|
|rule|Species Clause: Limit one of each Pokémon
|rule|Item Clause: Limit 1 of each item
|clearpoke
|poke|p1|Kingambit, L50, F|
|poke|p1|Rillaboom, L50, F|
|poke|p1|Magmar, L50, M|
|poke|p1|Primarina, L50, M|
|poke|p1|Sneasler, L50, F|
|poke|p1|Dragapult, L50, F|
|poke|p2|Whimsicott, L50, M|
|poke|p2|Dragapult, L50, M|
|poke|p2|Sneasler, L50, M|
|poke|p2|Indeedee, L50, M|
|poke|p2|Armarouge, L50, M|
|poke|p2|Malamar, L50, F|
|teampreview|4
|showteam|p1|Kingambit||BlackGlasses|Defiant|Protect,KowtowCleave,SuckerPunch,SwordsDance|||F|||50|,,,,,Ghost]Rillaboom||AssaultVest|GrassySurge|WoodHammer,GrassyGlide,HighHorsepower,FakeOut|||F|||50|,,,,,Fire]Magmar||Eviolite|VitalSpirit|Overheat,WillOWisp,FollowMe,Protect|||M|||50|,,,,,Ghost]Primarina||SitrusBerry|LiquidVoice|HyperVoice,Moonblast,Haze,Protect|||M|||50|,,,,,Water]Sneasler||FocusSash|PoisonTouch|CloseCombat,DireClaw,Coaching,FakeOut|||F|||50|,,,,,Stellar]Dragapult||ChoiceBand|ClearBody|DragonDarts,TeraBlast,PhantomForce,Uturn|||F|||50|,,,,,Ghost
|showteam|p2|Whimsicott||CovertCloak|Prankster|Tailwind,SunnyDay,Uturn,Protect|||M|||50|,,,,,Water]Dragapult||LifeOrb|ClearBody|DragonDarts,SuckerPunch,Protect,Uturn|||M|||50|,,,,,Dragon]Sneasler||PsychicSeed|Unburden|CloseCombat,Uturn,FakeOut,DireClaw|||M|||50|,,,,,Fighting]Indeedee||EjectButton|PsychicSurge|ExpandingForce,TrickRoom,DrainingKiss,Protect|||M|||50|,,,,,Fairy]Armarouge||SitrusBerry|FlashFire|ArmorCannon,ExpandingForce,ClearSmog,Protect|||M|||50|,,,,,Fire]Malamar||Leftovers|Contrary|TopsyTurvy,Superpower,KnockOff,Protect|||F|||50|,,,,,Ghost
|inactive|Battle timer is ON: inactive players will automatically lose when time's up. (requested by ThunDragon67)
|inactive|moicito has 60 seconds left.
|
|t:|1756352320
|teamsize|p1|4
|teamsize|p2|4
|start
|switch|p1a: Primarina|Primarina, L50, M|100/100
|switch|p1b: Magmar|Magmar, L50, M|100/100
|switch|p2a: Indeedee|Indeedee, L50, M|100/100
|switch|p2b: Malamar|Malamar, L50, F|100/100
|-fieldstart|move: Psychic Terrain|[from] ability: Psychic Surge|[of] p2a: Indeedee
|turn|1
|inactive|moicito has 30 seconds left.
|
|t:|1756352345
|switch|p1b: Rilli|Rillaboom, L50, F, shiny|100/100
|-fieldstart|move: Grassy Terrain|[from] ability: Grassy Surge|[of] p1b: Rilli
|switch|p2b: Sneasler|Sneasler, L50, M|100/100
|move|p1a: Primarina|Moonblast|p2b: Sneasler
|-damage|p2b: Sneasler|33/100
|move|p2a: Indeedee|Expanding Force|p1a: Primarina
|-damage|p1a: Primarina|68/100
|
|-heal|p2b: Sneasler|39/100|[from] Grassy Terrain
|-heal|p1a: Primarina|74/100|[from] Grassy Terrain
|upkeep
|turn|2
|inactive|moicito has 30 seconds left.
|inactive|ThunDragon67 has 30 seconds left.
|inactive|ThunDragon67 has 20 seconds left.
|
|t:|1756352382
|switch|p1a: Dragapult|Dragapult, L50, F|100/100
|move|p2b: Sneasler|Fake Out|p1b: Rilli
|-damage|p1b: Rilli|88/100
|cant|p1b: Rilli|flinch
|move|p2a: Indeedee|Draining Kiss|p1a: Dragapult
|-supereffective|p1a: Dragapult
|-damage|p1a: Dragapult|60/100
|
|-heal|p1a: Dragapult|66/100|[from] Grassy Terrain
|-heal|p2b: Sneasler|45/100|[from] Grassy Terrain
|-heal|p1b: Rilli|94/100|[from] Grassy Terrain
|upkeep
|turn|3
|inactive|ThunDragon67 has 30 seconds left.
|inactive|ThunDragon67 has 20 seconds left.
|
|t:|1756352420
|move|p1a: Dragapult|Dragon Darts|p2b: Sneasler
|-damage|p2b: Sneasler|0 fnt
|-anim|p1a: Dragapult|Dragon Darts|p2a: Indeedee
|-damage|p2a: Indeedee|50/100
|faint|p2b: Sneasler
|-enditem|p2a: Indeedee|Eject Button
|
|t:|1756352426
|switch|p2a: Malamar|Malamar, L50, F|100/100
|move|p1b: Rilli|Wood Hammer|p2a: Malamar
|-damage|p2a: Malamar|24/100
|-damage|p1b: Rilli|70/100|[from] Recoil
|
|-heal|p1a: Dragapult|72/100|[from] Grassy Terrain
|-heal|p1b: Rilli|76/100|[from] Grassy Terrain
|-heal|p2a: Malamar|30/100|[from] Grassy Terrain
|-heal|p2a: Malamar|36/100|[from] item: Leftovers
|upkeep
|
|t:|1756352436
|switch|p2b: Indeedee|Indeedee, L50, M|50/100
|-fieldstart|move: Psychic Terrain|[from] ability: Psychic Surge|[of] p2b: Indeedee
|turn|4
|inactive|moicito has 30 seconds left.
|
|t:|1756352462
|switch|p1a: Primarina|Primarina, L50, M|74/100
|-terastallize|p2b: Indeedee|Fairy
|move|p2a: Malamar|Protect|p2a: Malamar
|-singleturn|p2a: Malamar|Protect
|move|p1b: Rilli|Wood Hammer|p2b: Indeedee
|-damage|p2b: Indeedee|0 fnt
|faint|p2b: Indeedee
|-damage|p1b: Rilli|63/100|[from] Recoil
|
|-heal|p2a: Malamar|42/100|[from] item: Leftovers
|upkeep
|
|t:|1756352474
|switch|p2b: Armarouge|Armarouge, L50, M|100/100
|turn|5
|
|t:|1756352486
|switch|p1b: Magmar|Magmar, L50, M|100/100
|move|p2a: Malamar|Protect||[still]
|-fail|p2a: Malamar
|move|p1a: Primarina|Protect|p1a: Primarina
|-singleturn|p1a: Primarina|Protect
|move|p2b: Armarouge|Expanding Force|p1a: Primarina|[spread] p1b
|-activate|p1a: Primarina|move: Protect
|-damage|p1b: Magmar|62/100
|
|-heal|p2a: Malamar|49/100|[from] item: Leftovers
|upkeep
|turn|6
|inactive|moicito has 30 seconds left.
|
|t:|1756352514
|switch|p1b: Rilli|Rillaboom, L50, F, shiny|63/100
|-fieldstart|move: Grassy Terrain|[from] ability: Grassy Surge|[of] p1b: Rilli
|-terastallize|p1a: Primarina|Water
|move|p2a: Malamar|Superpower|p1b: Rilli
|-damage|p1b: Rilli|38/100
|-boost|p2a: Malamar|atk|1
|-boost|p2a: Malamar|def|1
|move|p1a: Primarina|Hyper Voice|p2b: Armarouge|[spread] p2a,p2b
|-supereffective|p2b: Armarouge
|-damage|p2a: Malamar|2/100
|-damage|p2b: Armarouge|17/100
|-enditem|p2b: Armarouge|Sitrus Berry|[eat]
|-heal|p2b: Armarouge|42/100|[from] item: Sitrus Berry
|move|p2b: Armarouge|Armor Cannon|p1a: Primarina
|-resisted|p1a: Primarina
|-damage|p1a: Primarina|50/100
|-unboost|p2b: Armarouge|def|1
|-unboost|p2b: Armarouge|spd|1
|-enditem|p1a: Primarina|Sitrus Berry|[eat]
|-heal|p1a: Primarina|75/100|[from] item: Sitrus Berry
|
|-heal|p2a: Malamar|8/100|[from] Grassy Terrain
|-heal|p1b: Rilli|43/100|[from] Grassy Terrain
|-heal|p2a: Malamar|14/100|[from] item: Leftovers
|-heal|p1a: Primarina|82/100|[from] Grassy Terrain
|-heal|p2b: Armarouge|48/100|[from] Grassy Terrain
|upkeep
|turn|7
|inactive|moicito has 30 seconds left.
|inactive|ThunDragon67 has 30 seconds left.
|
|t:|1756352544
|move|p2a: Malamar|Protect|p2a: Malamar
|-singleturn|p2a: Malamar|Protect
|move|p2b: Armarouge|Protect|p2b: Armarouge
|-singleturn|p2b: Armarouge|Protect
|move|p1b: Rilli|Fake Out|p2a: Malamar
|-activate|p2a: Malamar|move: Protect
|move|p1a: Primarina|Hyper Voice|p2b: Armarouge|[spread] 
|-activate|p2a: Malamar|move: Protect
|-activate|p2b: Armarouge|move: Protect
|
|-heal|p2a: Malamar|21/100|[from] Grassy Terrain
|-heal|p1b: Rilli|49/100|[from] Grassy Terrain
|-heal|p2a: Malamar|27/100|[from] item: Leftovers
|-heal|p1a: Primarina|88/100|[from] Grassy Terrain
|-heal|p2b: Armarouge|55/100|[from] Grassy Terrain
|upkeep
|turn|8
|inactive|ThunDragon67 has 30 seconds left.
|
|t:|1756352569
|switch|p1b: Magmar|Magmar, L50, M|62/100
|move|p1a: Primarina|Protect|p1a: Primarina
|-singleturn|p1a: Primarina|Protect
|move|p2a: Malamar|Superpower|p1b: Magmar
|-damage|p1b: Magmar|32/100
|-boost|p2a: Malamar|atk|1
|-boost|p2a: Malamar|def|1
|move|p2b: Armarouge|Armor Cannon|p1b: Magmar
|-resisted|p1b: Magmar
|-damage|p1b: Magmar|12/100
|-unboost|p2b: Armarouge|def|1
|-unboost|p2b: Armarouge|spd|1
|
|-heal|p1b: Magmar|17/100|[from] Grassy Terrain
|-heal|p2a: Malamar|33/100|[from] Grassy Terrain
|-heal|p2a: Malamar|39/100|[from] item: Leftovers
|-heal|p1a: Primarina|94/100|[from] Grassy Terrain
|-heal|p2b: Armarouge|61/100|[from] Grassy Terrain
|upkeep
|turn|9
|
|t:|1756352591
|move|p2a: Malamar|Protect|p2a: Malamar
|-singleturn|p2a: Malamar|Protect
|move|p2b: Armarouge|Protect|p2b: Armarouge
|-singleturn|p2b: Armarouge|Protect
|move|p1b: Magmar|Follow Me|p1b: Magmar
|-singleturn|p1b: Magmar|move: Follow Me
|move|p1a: Primarina|Hyper Voice|p2a: Malamar|[spread] 
|-activate|p2a: Malamar|move: Protect
|-activate|p2b: Armarouge|move: Protect
|
|-heal|p1b: Magmar|23/100|[from] Grassy Terrain
|-heal|p2a: Malamar|46/100|[from] Grassy Terrain
|-heal|p2a: Malamar|52/100|[from] item: Leftovers
|-heal|p1a: Primarina|100/100|[from] Grassy Terrain
|-heal|p2b: Armarouge|67/100|[from] Grassy Terrain
|upkeep
|turn|10
|inactive|ThunDragon67 has 30 seconds left.
|
|t:|1756352618
|move|p1b: Magmar|Follow Me|p1b: Magmar
|-singleturn|p1b: Magmar|move: Follow Me
|move|p2a: Malamar|Superpower|p1b: Magmar
|-damage|p1b: Magmar|0 fnt
|-boost|p2a: Malamar|atk|1
|-boost|p2a: Malamar|def|1
|faint|p1b: Magmar
|move|p1a: Primarina|Hyper Voice|p2b: Armarouge|[spread] p2a,p2b
|-supereffective|p2b: Armarouge
|-damage|p2a: Malamar|9/100
|-damage|p2b: Armarouge|0 fnt
|faint|p2b: Armarouge
|
|-heal|p2a: Malamar|16/100|[from] Grassy Terrain
|-heal|p2a: Malamar|22/100|[from] item: Leftovers
|-fieldend|move: Grassy Terrain
|upkeep
|
|t:|1756352632
|switch|p1b: Rilli|Rillaboom, L50, F, shiny|49/100
|-fieldstart|move: Grassy Terrain|[from] ability: Grassy Surge|[of] p1b: Rilli
|turn|11
|
|t:|1756352639
|move|p2a: Malamar|Protect|p2a: Malamar
|-singleturn|p2a: Malamar|Protect
|move|p1b: Rilli|Fake Out|p2a: Malamar
|-activate|p2a: Malamar|move: Protect
|move|p1a: Primarina|Moonblast|p2a: Malamar
|-activate|p2a: Malamar|move: Protect
|
|-heal|p1b: Rilli|55/100|[from] Grassy Terrain
|-heal|p2a: Malamar|28/100|[from] Grassy Terrain
|-heal|p2a: Malamar|34/100|[from] item: Leftovers
|upkeep
|turn|12
|
|t:|1756352663
|move|p1b: Rilli|Grassy Glide|p2a: Malamar
|-damage|p2a: Malamar|19/100
|move|p2a: Malamar|Superpower|p1b: Rilli
|-damage|p1b: Rilli|0 fnt
|-boost|p2a: Malamar|atk|1
|-boost|p2a: Malamar|def|1
|faint|p1b: Rilli
|move|p1a: Primarina|Moonblast|p2a: Malamar
|-supereffective|p2a: Malamar
|-damage|p2a: Malamar|0 fnt
|faint|p2a: Malamar
|
|win|moicito
|raw|moicito's rating: 1135 → 1156(+21 for winning)
|raw|ThunDragon67's rating: 1072 → 1055(-17 for losing)
|c|☆moicito|ggs
|c|☆ThunDragon67|ggh
|l|☆ThunDragon67
|player|p2|
