|j|☆Karwyn
|j|☆rizzlerfrogg
|html|Karwynrizzlerfrogg    
|uhtml|bestof|Game 2 of a best-of-3
|t:|1783254109
|gametype|doubles
|player|p1|Karwyn|cynthia-gen4|
|player|p2|rizzlerfrogg|101|
|gen|9
|tier|[Gen 9 Champions] VGC 2026 Reg M-B (Bo3)
|rule|Species Clause: Limit one of each Pokémon
|rule|Item Clause: Limit 1 of each item
|clearpoke
|poke|p1|Floette-Eternal, L50, F|
|poke|p1|Aerodactyl, L50, F|
|poke|p1|Incineroar, L50, M|
|poke|p1|Garchomp, L50, M|
|poke|p1|Sneasler, L50, F|
|poke|p1|Basculegion, L50, M|
|poke|p2|Espathra, L50, M|
|poke|p2|Sylveon, L50, M|
|poke|p2|Charizard, L50, M|
|poke|p2|Maushold-Four, L50|
|poke|p2|Basculegion, L50, M|
|poke|p2|Whimsicott, L50, F|
|teampreview|4
|showteam|p1|Floette-Eternal||Floettite|FlowerVeil|LightofRuin,DazzlingGleam,Moonblast,Protect|Modest||F|||50|]Aerodactyl||FocusSash|Unnerve|DualWingbeat,RockSlide,Tailwind,Protect|Jolly||F|||50|]Incineroar||SitrusBerry|Intimidate|FlareBlitz,FakeOut,HelpingHand,PartingShot|Careful||M|||50|]Garchomp||LifeOrb|RoughSkin|Earthquake,DragonClaw,RockSlide,Protect|Jolly||M|||50|]Sneasler||WhiteHerb|Unburden|CloseCombat,DireClaw,RockSlide,Protect|Adamant||F|||50|]Basculegion||ChoiceScarf|Adaptability|WaveCrash,LastRespects,FlipTurn,AquaJet|Jolly||M|||50|
|showteam|p2|Espathra||QuickClaw|SpeedBoost|BatonPass,CalmMind,LuminaCrash,Substitute|Timid||M|||50|]Sylveon||FairyFeather|Pixilate|HyperVoice,Protect,Substitute,CalmMind|Modest||M|||50|]Charizard||CharizarditeY|Blaze|HeatWave,WeatherBall,Roost,SolarBeam|Timid||M|||50|]Maushold-Four||KingsRock|Technician|SuperFang,TidyUp,HelpingHand,FollowMe|Adamant|||||50|]Basculegion||ChoiceScarf|Adaptability|WaveCrash,LastRespects,AquaJet,FlipTurn|Adamant||M|||50|]Whimsicott||FocusSash|Prankster|Tailwind,Moonblast,Encore,WorrySeed|Bold||F|||50|
|
|t:|1783254143
|teamsize|p1|4
|teamsize|p2|4
|start
|switch|p1a: Incineroar|Incineroar, L50, M|100/100
|switch|p1b: Aerodactyl|Aerodactyl, L50, F|100/100
|switch|p2a: Emu|Espathra, L50, M|100/100
|switch|p2b: Joyful Family|Maushold-Four, L50|100/100
|-ability|p1b: Aerodactyl|Unnerve
|-ability|p1a: Incineroar|Intimidate|boost
|-unboost|p2a: Emu|atk|1
|-unboost|p2b: Joyful Family|atk|1
|turn|1
|
|t:|1783254176
|move|p1a: Incineroar|Fake Out|p2a: Emu
|-damage|p2a: Emu|82/100
|move|p1b: Aerodactyl|Dual Wingbeat|p2a: Emu
|-damage|p2a: Emu|54/100
|-damage|p2a: Emu|27/100
|-hitcount|p2a: Emu|2
|cant|p2a: Emu|flinch
|move|p2b: Joyful Family|Super Fang|p1b: Aerodactyl
|-damage|p1b: Aerodactyl|50/100g
|
|-ability|p2a: Emu|Speed Boost|boost
|-boost|p2a: Emu|spe|1
|upkeep
|turn|2
|
|t:|1783254196
|move|p1a: Incineroar|Helping Hand|p1b: Aerodactyl
|-singleturn|p1b: Aerodactyl|Helping Hand|[of] p1a: Incineroar
|move|p2a: Emu|Substitute|p2a: Emu
|-start|p2a: Emu|Substitute
|-damage|p2a: Emu|2/100
|move|p1b: Aerodactyl|Rock Slide|p2a: Emu|[spread] p2a,p2b
|-end|p2a: Emu|Substitute
|-damage|p2b: Joyful Family|53/100
|move|p2b: Joyful Family|Super Fang|p1a: Incineroar
|-damage|p1a: Incineroar|50/100y
|-enditem|p1a: Incineroar|Sitrus Berry|[eat]
|-heal|p1a: Incineroar|74/100|[from] item: Sitrus Berry
|
|-ability|p2a: Emu|Speed Boost|boost
|-boost|p2a: Emu|spe|1
|upkeep
|turn|3
|
|t:|1783254216
|move|p1a: Incineroar|Helping Hand|p1b: Aerodactyl
|-singleturn|p1b: Aerodactyl|Helping Hand|[of] p1a: Incineroar
|move|p2b: Joyful Family|Follow Me|p2b: Joyful Family
|-singleturn|p2b: Joyful Family|move: Follow Me
|move|p2a: Emu|Baton Pass|p2a: Emu
|
|t:|1783254228
|switch|p2a: Sunshine&Rainbows|Sylveon, L50, M|100/100|[from] Baton Pass
|move|p1b: Aerodactyl|Rock Slide|p2b: Joyful Family|[spread] p2b
|-miss|p1b: Aerodactyl|p2a: Sunshine&Rainbows
|-damage|p2b: Joyful Family|8/100
|
|upkeep
|turn|4
|
|t:|1783254245
|move|p2b: Joyful Family|Helping Hand|p2a: Sunshine&Rainbows
|-singleturn|p2a: Sunshine&Rainbows|Helping Hand|[of] p2b: Joyful Family
|move|p2a: Sunshine&Rainbows|Hyper Voice|p1b: Aerodactyl|[spread] p1a,p1b
|-damage|p1a: Incineroar|22/100
|-damage|p1b: Aerodactyl|0 fnt
|faint|p1b: Aerodactyl
|move|p1a: Incineroar|Parting Shot|p2a: Sunshine&Rainbows
|-unboost|p2a: Sunshine&Rainbows|atk|1
|-unboost|p2a: Sunshine&Rainbows|spa|1
|
|t:|1783254254
|switch|p1a: Basculegion|Basculegion, L50, M|100/100|[from] Parting Shot
|
|upkeep
|
|t:|1783254258
|switch|p1b: Incineroar|Incineroar, L50, M|22/100
|-ability|p1b: Incineroar|Intimidate|boost
|-unboost|p2a: Sunshine&Rainbows|atk|1
|-unboost|p2b: Joyful Family|atk|1
|turn|5
|
|t:|1783254271
|move|p1b: Incineroar|Fake Out|p2a: Sunshine&Rainbows
|-damage|p2a: Sunshine&Rainbows|84/100
|move|p2b: Joyful Family|Follow Me|p2b: Joyful Family
|-singleturn|p2b: Joyful Family|move: Follow Me
|cant|p2a: Sunshine&Rainbows|flinch
|move|p1a: Basculegion|Flip Turn|p2b: Joyful Family
|-damage|p2b: Joyful Family|0 fnt
|faint|p2b: Joyful Family
|
|t:|1783254280
|switch|p1a: Floette|Floette-Eternal, L50, F|100/100|[from] Flip Turn
|
|upkeep
|
|t:|1783254287
|switch|p2b: Fat Fish|Basculegion, L50, M|100/100
|turn|6
|
|t:|1783254297
|detailschange|p1a: Floette|Floette-Mega, L50, F
|-mega|p1a: Floette|Floette|Floettite
|-ability|p1a: Floette|Fairy Aura
|move|p1b: Incineroar|Helping Hand|p1a: Floette
|-singleturn|p1a: Floette|Helping Hand|[of] p1b: Incineroar
|move|p2a: Sunshine&Rainbows|Calm Mind|p2a: Sunshine&Rainbows
|-boost|p2a: Sunshine&Rainbows|spa|1
|-boost|p2a: Sunshine&Rainbows|spd|1
|move|p2b: Fat Fish|Last Respects|p1a: Floette
|-damage|p1a: Floette|14/100
|move|p1a: Floette|Dazzling Gleam|p2a: Sunshine&Rainbows|[spread] p2a,p2b
|-damage|p2a: Sunshine&Rainbows|37/100
|-damage|p2b: Fat Fish|4/100
|
|upkeep
|turn|7
|
|t:|1783254312
|switch|p1b: Basculegion|Basculegion, L50, M|100/100
|move|p1a: Floette|Protect|p1a: Floette
|-singleturn|p1a: Floette|Protect
|move|p2a: Sunshine&Rainbows|Hyper Voice|p1a: Floette|[spread] p1b
|-activate|p1a: Floette|move: Protect
|-damage|p1b: Basculegion|29/100
|move|p2b: Fat Fish|Last Respects|p1a: Floette
|-activate|p1a: Floette|move: Protect
|
|upkeep
|turn|8
|
|t:|1783254336
|switch|p1a: Incineroar|Incineroar, L50, M|22/100
|-ability|p1a: Incineroar|Intimidate|boost
|-unboost|p2a: Sunshine&Rainbows|atk|1
|-unboost|p2b: Fat Fish|atk|1
|move|p2a: Sunshine&Rainbows|Hyper Voice|p1b: Basculegion|[spread] p1a,p1b
|-damage|p1a: Incineroar|0 fnt
|-damage|p1b: Basculegion|0 fnt
|faint|p1a: Incineroar
|faint|p1b: Basculegion
|move|p2b: Fat Fish|Last Respects|p1: Incineroar|[notarget]
|-fail|p2b: Fat Fish
|
|upkeep
|
|t:|1783254348
|switch|p1b: Floette|Floette-Mega, L50, F|14/100
|-ability|p1b: Floette|Fairy Aura
|turn|9
|
|t:|1783254353
|move|p2a: Sunshine&Rainbows|Hyper Voice|p1b: Floette
|-damage|p1b: Floette|0 fnt
|faint|p1b: Floette
|
|win|rizzlerfrogg
||rizzlerfrogg is ready for game 3.
||Karwyn is ready for game 3.
|uhtml|next|Next: Game 3 of 3
|l|☆rizzlerfrogg
|player|p2|
