|j|☆raucho
|j|☆ga sneasler
|html|rauchoga sneasler    
|uhtml|bestof|Game 3 of a best-of-3
|t:|1756880851
|gametype|doubles
|player|p1|raucho|n|1184
|player|p2|ga sneasler|170|1316
|gen|9
|tier|[Gen 9] VGC 2025 Reg H (Bo3)
|rated|
|rule|Species Clause: Limit one of each Pokémon
|rule|Item Clause: Limit 1 of each item
|clearpoke
|poke|p1|Gholdengo, L50|
|poke|p1|Dragonite, L50, M|
|poke|p1|Indeedee, L50, M|
|poke|p1|Sneasler, L50, M|
|poke|p1|Electabuzz, L50, M|
|poke|p1|Ursaluna-Bloodmoon, L50, M|
|poke|p2|Dragapult, L50, M|
|poke|p2|Kingambit, L50, F|
|poke|p2|Electabuzz, L50, F|
|poke|p2|Blaziken, L50, M|
|poke|p2|Primarina, L50, M|
|poke|p2|Rillaboom, L50, M|
|teampreview|4
|showteam|p1|Gholdengo||IronPlate|GoodasGold|MakeItRain,ShadowBall,NastyPlot,Protect||||||50|,,,,,Dragon]Dragonite||LoadedDice|InnerFocus|ScaleShot,StompingTantrum,Haze,Tailwind|||M|||50|,,,,,Fairy]Indeedee||FocusSash|PsychicSurge|ExpandingForce,Imprison,TrickRoom,Protect|||M|||50|,,,,,Psychic]Sneasler||PsychicSeed|Unburden|ThroatChop,CloseCombat,DireClaw,Protect|||M|||50|,,,,,Dark]Electabuzz||Eviolite|VitalSpirit|Electroweb,Taunt,FollowMe,Protect|||M|||50|,,,,,Dragon]Ursaluna-Bloodmoon||LifeOrb|MindsEye|HyperVoice,BloodMoon,EarthPower,Protect|||M|||50|,,,,,Normal
|showteam|p2|Dragapult||ChoiceBand|ClearBody|Outrage,DragonDarts,PhantomForce,Uturn|||M|||50|,,,,,Dragon]Kingambit||SafetyGoggles|Defiant|KowtowCleave,SuckerPunch,SwordsDance,Protect|||F|||50|,,,,,Dark]Electabuzz||Eviolite|VitalSpirit|Thunderbolt,HelpingHand,FollowMe,Protect|||F|||50|,,,,,Ghost]Blaziken||FocusSash|SpeedBoost|HeatWave,AuraSphere,Coaching,Detect|||M|||50|,,,,,Stellar]Primarina||SitrusBerry|LiquidVoice|Moonblast,HyperVoice,Haze,Protect|||M|||50|,,,,,Water]Rillaboom||AssaultVest|GrassySurge|WoodHammer,GrassyGlide,FakeOut,Uturn|||M|||50|,,,,,Fire
|inactive|Battle timer is ON: inactive players will automatically lose when time's up. (requested by ga sneasler)
|inactive|raucho also wants the timer to be on.
|
|t:|1756880869
|teamsize|p1|4
|teamsize|p2|4
|start
|switch|p1a: Dragonite|Dragonite, L50, M, shiny|100/100
|switch|p1b: Sneasler|Sneasler, L50, M, shiny|100/100
|switch|p2a: Blaziken|Blaziken, L50, M|100/100
|switch|p2b: Rillaboom|Rillaboom, L50, M|100/100
|-fieldstart|move: Grassy Terrain|[from] ability: Grassy Surge|[of] p2b: Rillaboom
|turn|1
|
|t:|1756880885
|move|p2b: Rillaboom|Fake Out|p1a: Dragonite
|-damage|p1a: Dragonite|85/100
|move|p1b: Sneasler|Dire Claw|p2b: Rillaboom
|-supereffective|p2b: Rillaboom
|-damage|p2b: Rillaboom|19/100
|move|p2a: Blaziken|Heat Wave|p1a: Dragonite|[spread] p1a,p1b
|-resisted|p1a: Dragonite
|-damage|p1a: Dragonite|68/100
|-damage|p1b: Sneasler|58/100
|move|p1a: Dragonite|Stomping Tantrum|p2a: Blaziken
|-supereffective|p2a: Blaziken
|-damage|p2a: Blaziken|16/100
|
|-heal|p1b: Sneasler|64/100|[from] Grassy Terrain
|-heal|p2a: Blaziken|22/100|[from] Grassy Terrain
|-heal|p2b: Rillaboom|24/100|[from] Grassy Terrain
|-ability|p2a: Blaziken|Speed Boost|boost
|-boost|p2a: Blaziken|spe|1
|upkeep
|turn|2
|
|t:|1756880907
|switch|p1a: Indeedee|Indeedee, L50, M, shiny|100/100
|-fieldstart|move: Psychic Terrain|[from] ability: Psychic Surge|[of] p1a: Indeedee
|-enditem|p1b: Sneasler|Psychic Seed
|-boost|p1b: Sneasler|spd|1|[from] item: Psychic Seed
|move|p2a: Blaziken|Detect|p2a: Blaziken
|-singleturn|p2a: Blaziken|Protect
|move|p1b: Sneasler|Dire Claw|p2b: Rillaboom
|-supereffective|p2b: Rillaboom
|-damage|p2b: Rillaboom|0 fnt
|faint|p2b: Rillaboom
|
|-ability|p2a: Blaziken|Speed Boost|boost
|-boost|p2a: Blaziken|spe|1
|upkeep
|
|t:|1756880913
|switch|p2b: Dragapult|Dragapult, L50, M|100/100
|turn|3
|
|t:|1756880930
|switch|p2a: Electabuzz|Electabuzz, L50, F|100/100
|-terastallize|p2b: Dragapult|Dragon
|move|p1b: Sneasler|Throat Chop|p2b: Dragapult
|-damage|p2b: Dragapult|62/100
|-start|p2b: Dragapult|Throat Chop|[silent]
|move|p2b: Dragapult|Dragon Darts|p1a: Indeedee
|-enditem|p1a: Indeedee|Focus Sash
|-damage|p1a: Indeedee|1/100
|-anim|p2b: Dragapult|Dragon Darts|p1b: Sneasler
|-damage|p1b: Sneasler|0 fnt
|faint|p1b: Sneasler
|move|p1a: Indeedee|Expanding Force|p2a: Electabuzz|[spread] p2a,p2b
|-damage|p2a: Electabuzz|58/100
|-damage|p2b: Dragapult|0 fnt
|faint|p2b: Dragapult
|
|upkeep
|
|t:|1756880944
|switch|p2b: Blaziken|Blaziken, L50, M|22/100
|switch|p1b: Dragonite|Dragonite, L50, M, shiny|68/100
|turn|4
|
|t:|1756880951
|move|p2b: Blaziken|Detect|p2b: Blaziken
|-singleturn|p2b: Blaziken|Protect
|move|p2a: Electabuzz|Protect|p2a: Electabuzz
|-singleturn|p2a: Electabuzz|Protect
|move|p1a: Indeedee|Expanding Force|p2b: Blaziken|[spread] 
|-activate|p2a: Electabuzz|move: Protect
|-activate|p2b: Blaziken|move: Protect
|move|p1b: Dragonite|Scale Shot|p2a: Electabuzz
|-activate|p2a: Electabuzz|move: Protect
|
|-ability|p2b: Blaziken|Speed Boost|boost
|-boost|p2b: Blaziken|spe|1
|upkeep
|turn|5
|
|t:|1756880972
|move|p1a: Indeedee|Protect|p1a: Indeedee
|-singleturn|p1a: Indeedee|Protect
|move|p2a: Electabuzz|Follow Me|p2a: Electabuzz
|-singleturn|p2a: Electabuzz|move: Follow Me
|move|p2b: Blaziken|Heat Wave|p1a: Indeedee|[spread] p1b
|-activate|p1a: Indeedee|move: Protect
|-resisted|p1b: Dragonite
|-damage|p1b: Dragonite|52/100
|move|p1b: Dragonite|Stomping Tantrum|p2a: Electabuzz
|-supereffective|p2a: Electabuzz
|-damage|p2a: Electabuzz|12/100
|
|-ability|p2b: Blaziken|Speed Boost|boost
|-boost|p2b: Blaziken|spe|1
|upkeep
|turn|6
|
|t:|1756880985
|move|p2b: Blaziken|Heat Wave|p1a: Indeedee|[spread] p1a,p1b
|-resisted|p1b: Dragonite
|-damage|p1a: Indeedee|0 fnt
|-damage|p1b: Dragonite|35/100
|faint|p1a: Indeedee
|move|p1b: Dragonite|Scale Shot|p2b: Blaziken
|-damage|p2b: Blaziken|0 fnt
|faint|p2b: Blaziken
|-hitcount|p2: Blaziken|1
|-unboost|p1b: Dragonite|def|1
|-boost|p1b: Dragonite|spe|1
|move|p2a: Electabuzz|Thunderbolt|p1b: Dragonite
|-damage|p1b: Dragonite|0 fnt
|faint|p1b: Dragonite
|
|-fieldend|move: Psychic Terrain
|upkeep
|
|t:|1756880997
|switch|p1b: Gholdengo|Gholdengo, L50, shiny|100/100
|turn|7
|
|t:|1756881001
|-terastallize|p1b: Gholdengo|Dragon
|move|p1b: Gholdengo|Make It Rain|p2a: Electabuzz
|-resisted|p2a: Electabuzz
|-damage|p2a: Electabuzz|0 fnt
|-unboost|p1b: Gholdengo|spa|1
|faint|p2a: Electabuzz
|
|win|raucho
|raw|raucho's rating: 1184 → 1218(+34 for winning)
|raw|ga sneasler's rating: 1316 → 1289(-27 for losing)
|l|☆ga sneasler
|player|p2|
