|j|☆Nhbobbu
|j|☆sedrav
|html|Nhbobbusedrav    
|uhtml|bestof|Game 1 of a best-of-3
|t:|1757037907
|gametype|doubles
|player|p1|Nhbobbu|1|1040
|player|p2|sedrav|hilbert|1160
|gen|9
|tier|[Gen 9] VGC 2025 Reg H (Bo3)
|rated|
|rule|Species Clause: Limit one of each Pokémon
|rule|Item Clause: Limit 1 of each item
|clearpoke
|poke|p1|Serperior, L50, F|
|poke|p1|Primarina, L50, F|
|poke|p1|Blaziken, L50, M|
|poke|p1|Skeledirge, L50, M|
|poke|p1|Rillaboom, L50, M|
|poke|p1|Incineroar, L50, M|
|poke|p2|Garchomp, L50, M|
|poke|p2|Gholdengo, L50|
|poke|p2|Tyranitar, L50, M|
|poke|p2|Amoonguss, L50, F|
|poke|p2|Kilowattrel, L50, F|
|poke|p2|Incineroar, L50, M|
|teampreview|4
|showteam|p1|Serperior||FocusSash|Contrary|LeafStorm,GrassPledge,Protect,TeraBlast|||F|||50|,,,,,Stellar]Primarina||LifeOrb|LiquidVoice|WaterPledge,HyperVoice,Protect,Moonblast|||F|||50|,,,,,Poison]Blaziken||ClearAmulet|SpeedBoost|FirePledge,CloseCombat,FlareBlitz,Protect|||M|||50|,,,,,Ghost]Skeledirge||CovertCloak|Unaware|WillOWisp,SlackOff,TorchSong,Substitute|||M|||50|,,,,,Fire]Rillaboom||AssaultVest|GrassySurge|FakeOut,GrassPledge,DrumBeating,WoodHammer|||M|||50|,,,,,Ghost]Incineroar||SafetyGoggles|Blaze|FirePledge,KnockOff,Uturn,FakeOut|||M|||50|,,,,,Fire
|showteam|p2|Garchomp||LifeOrb|RoughSkin|DragonClaw,StompingTantrum,Earthquake,Protect|||M|||50|,,,,,Ground]Gholdengo||MetalCoat|GoodasGold|MakeItRain,ShadowBall,NastyPlot,Protect||||||50|,,,,,Flying]Tyranitar||AssaultVest|SandStream|RockSlide,KnockOff,LowKick,TeraBlast|||M|||50|,,,,,Flying]Amoonguss||SitrusBerry|Regenerator|Spore,RagePowder,PollenPuff,Protect|||F|||50|,,,,,Water]Kilowattrel||FocusSash|Competitive|AirSlash,Tailwind,VoltSwitch,Protect|||F|||50|,,,,,Ghost]Incineroar||SafetyGoggles|Intimidate|FakeOut,FlareBlitz,KnockOff,PartingShot|||M|||50|,,,,,Ghost
|inactive|Battle timer is ON: inactive players will automatically lose when time's up. (requested by sedrav)
|inactive|sedrav has 60 seconds left.
|
|t:|1757037960
|teamsize|p1|4
|teamsize|p2|4
|start
|switch|p1a: Serperior|Serperior, L50, F|100/100
|switch|p1b: Blaziken|Blaziken, L50, M|100/100
|switch|p2a: Garchomp|Garchomp, L50, M|100/100
|switch|p2b: Kilowattrel|Kilowattrel, L50, F|100/100
|turn|1
|inactive|sedrav has 30 seconds left.
|inactive|sedrav has 20 seconds left.
|
|t:|1757037999
|move|p1a: Serperior|Protect|p1a: Serperior
|-singleturn|p1a: Serperior|Protect
|move|p1b: Blaziken|Protect|p1b: Blaziken
|-singleturn|p1b: Blaziken|Protect
|move|p2b: Kilowattrel|Volt Switch|p1a: Serperior
|-activate|p1a: Serperior|move: Protect
|move|p2a: Garchomp|Dragon Claw|p1a: Serperior
|-activate|p1a: Serperior|move: Protect
|
|-ability|p1b: Blaziken|Speed Boost|boost
|-boost|p1b: Blaziken|spe|1
|upkeep
|turn|2
|inactive|Nhbobbu has 30 seconds left.
|inactive|sedrav has 30 seconds left.
|
|t:|1757038033
|move|p2b: Kilowattrel|Protect|p2b: Kilowattrel
|-singleturn|p2b: Kilowattrel|Protect
|move|p1b: Blaziken|Flare Blitz|p2b: Kilowattrel
|-activate|p2b: Kilowattrel|move: Protect
|move|p1a: Serperior|Leaf Storm|p2a: Garchomp|[miss]
|-miss|p1a: Serperior|p2a: Garchomp
|move|p2a: Garchomp|Stomping Tantrum|p1b: Blaziken
|-supereffective|p1b: Blaziken
|-damage|p1b: Blaziken|0 fnt
|faint|p1b: Blaziken
|-damage|p2a: Garchomp|91/100|[from] item: Life Orb
|
|upkeep
|
|t:|1757038047
|switch|p1b: Primarina|Primarina, L50, F|100/100
|turn|3
|inactive|Nhbobbu has 30 seconds left.
|inactive|Nhbobbu has 20 seconds left.
|inactive|Nhbobbu has 15 seconds left.
|inactive|Nhbobbu has 10 seconds left.
|inactive|Nhbobbu has 5 seconds left.
|
|t:|1757038102
|move|p2b: Kilowattrel|Air Slash|p1a: Serperior
|-supereffective|p1a: Serperior
|-damage|p1a: Serperior|20/100
|move|p1a: Serperior|Leaf Storm|p2a: Garchomp
|-damage|p2a: Garchomp|40/100
|-boost|p1a: Serperior|spa|2
|move|p2a: Garchomp|Earthquake|p1b: Primarina|[spread] p1a,p1b
|-immune|p2b: Kilowattrel
|-resisted|p1a: Serperior
|-damage|p1a: Serperior|0 fnt
|-damage|p1b: Primarina|37/100
|faint|p1a: Serperior
|-damage|p2a: Garchomp|30/100|[from] item: Life Orb
|move|p1b: Primarina|Water Pledge|p2b: Kilowattrel
|-damage|p2b: Kilowattrel|3/100
|-damage|p1b: Primarina|28/100|[from] item: Life Orb
|
|upkeep
|
|t:|1757038122
|switch|p1a: Rillaboom|Rillaboom, L50, M|100/100
|-fieldstart|move: Grassy Terrain|[from] ability: Grassy Surge|[of] p1a: Rillaboom
|turn|4
|
|t:|1757038142
|move|p2b: Kilowattrel|Protect|p2b: Kilowattrel
|-singleturn|p2b: Kilowattrel|Protect
|move|p1a: Rillaboom|Fake Out|p2a: Garchomp
|-damage|p2a: Garchomp|15/100
|-damage|p1a: Rillaboom|88/100|[from] ability: Rough Skin|[of] p2a: Garchomp
|cant|p2a: Garchomp|flinch
|move|p1b: Primarina|Hyper Voice|p2b: Kilowattrel|[spread] p2a
|-activate|p2b: Kilowattrel|move: Protect
|-damage|p2a: Garchomp|0 fnt
|faint|p2a: Garchomp
|-damage|p1b: Primarina|18/100|[from] item: Life Orb
|
|-heal|p1a: Rillaboom|94/100|[from] Grassy Terrain
|-heal|p1b: Primarina|24/100|[from] Grassy Terrain
|upkeep
|inactive|sedrav has 30 seconds left.
|
|t:|1757038168
|switch|p2a: Tyranitar|Tyranitar, L50, M|100/100
|-weather|Sandstorm|[from] ability: Sand Stream|[of] p2a: Tyranitar
|turn|5
|
|t:|1757038186
|switch|p2b: Amoonguss|Amoonguss, L50, F|100/100
|-terastallize|p2a: Tyranitar|Flying
|move|p1a: Rillaboom|Wood Hammer|p2a: Tyranitar
|-resisted|p2a: Tyranitar
|-damage|p2a: Tyranitar|62/100
|-damage|p1a: Rillaboom|81/100|[from] Recoil
|move|p2a: Tyranitar|Tera Blast|p1b: Primarina|[anim] Tera Blast Flying
|-damage|p1b: Primarina|0 fnt
|faint|p1b: Primarina
|
|-weather|Sandstorm|[upkeep]
|-damage|p1a: Rillaboom|74/100|[from] Sandstorm
|-damage|p2a: Tyranitar|56/100|[from] Sandstorm
|-damage|p2b: Amoonguss|95/100|[from] Sandstorm
|-heal|p1a: Rillaboom|81/100|[from] Grassy Terrain
|-heal|p2b: Amoonguss|100/100|[from] Grassy Terrain
|upkeep
|turn|6
|inactive|Nhbobbu has 30 seconds left.
|-message|Nhbobbu forfeited.
|raw|Nhbobbu's rating: 1040 → 1029(-11 for losing)
|raw|sedrav's rating: 1160 → 1177(+17 for winning)
|
|win|sedrav
|l|☆Nhbobbu
|player|p1|
