|j|☆MafiaPolar6242
|j|☆labiamg
|html|MafiaPolar6242labiamg    
|uhtml|bestof|Game 2 of a best-of-3
|t:|1783799376
|gametype|doubles
|player|p1|MafiaPolar6242|pokemaniac|
|player|p2|labiamg|1|
|gen|9
|tier|[Gen 9 Champions] VGC 2026 Reg M-B (Bo3)
|rule|Species Clause: Limit one of each Pokémon
|rule|Item Clause: Limit 1 of each item
|clearpoke
|poke|p1|Whimsicott, L50, M|
|poke|p1|Camerupt, L50, M|
|poke|p1|Incineroar, L50, M|
|poke|p1|Aegislash, L50, M|
|poke|p1|Torkoal, L50, M|
|poke|p1|Oranguru, L50, F|
|poke|p2|Basculegion, L50, M, shiny|
|poke|p2|Pelipper, L50, M|
|poke|p2|Floette-Eternal, L50, F|
|poke|p2|Incineroar, L50, M, shiny|
|poke|p2|Archaludon, L50, F|
|poke|p2|Swampert, L50, M, shiny|
|teampreview|4
|showteam|p1|Whimsicott||FocusSash|Prankster|TrickRoom,DazzlingGleam,Encore,GigaDrain|Modest||M|||50|]Camerupt||Cameruptite|MagmaArmor|Protect,Eruption,HeatWave,EarthPower|Timid||M|||50|]Incineroar||Charcoal|Intimidate|PartingShot,DarkestLariat,FakeOut,FlareBlitz|Adamant||M|||50|]Aegislash||Leftovers|StanceChange|KingsShield,WideGuard,Poltergeist,SacredSword|Careful||M|||50|]Torkoal||ExpertBelt|Drought|Protect,StealthRock,HeatWave,AncientPower|Bold||M|||50|]Oranguru||LightClay|InnerFocus|Reflect,LightScreen,HyperVoice,Instruct|Bold||F|||50|
|showteam|p2|Basculegion||ChoiceScarf|Adaptability|AquaJet,WaveCrash,LastRespects,FlipTurn|Adamant||M|||50|]Pelipper||FocusSash|Drizzle|Hurricane,WeatherBall,Tailwind,Protect|Modest||M|||50|]Floette-Eternal||Floettite|FlowerVeil|DazzlingGleam,DrainingKiss,CalmMind,Protect|Timid||F|||50|]Incineroar||SitrusBerry|Intimidate|FakeOut,ThroatChop,PartingShot,Taunt|Adamant||M|||50|]Archaludon||Leftovers|Stamina|Protect,ElectroShot,FlashCannon,DragonPulse|Modest||F|||50|]Swampert||Swampertite|Torrent|Earthquake,Protect,WaveCrash,IcePunch|Jolly||M|||50|
|
|t:|1783799414
|teamsize|p1|4
|teamsize|p2|4
|start
|switch|p1a: Oranguru|Oranguru, L50, F|100/100
|switch|p1b: Incineroar|Incineroar, L50, M|100/100
|switch|p2a: Pelipper|Pelipper, L50, M|100/100
|switch|p2b: Basculegion|Basculegion, L50, M, shiny|100/100
|-weather|RainDance|[from] ability: Drizzle|[of] p2a: Pelipper
|-ability|p1b: Incineroar|Intimidate|boost
|-unboost|p2a: Pelipper|atk|1
|-unboost|p2b: Basculegion|atk|1
|turn|1
|
|t:|1783799442
|switch|p2a: Archaludon|Archaludon, L50, F|100/100
|move|p1b: Incineroar|Fake Out|p2a: Archaludon
|-resisted|p2a: Archaludon|1
|-damage|p2a: Archaludon|94/100
|-ability|p2a: Archaludon|Stamina|boost
|-boost|p2a: Archaludon|def|1
|move|p2b: Basculegion|Flip Turn|p1b: Incineroar
|-supereffective|p1b: Incineroar|1
|-damage|p1b: Incineroar|20/100y
|
|t:|1783799472
|switch|p2b: Swampert|Swampert, L50, M, shiny|100/100|[from] Flip Turn
|move|p1a: Oranguru|Reflect|p1a: Oranguru
|-sidestart|p1: MafiaPolar6242|Reflect
|
|-weather|RainDance|[upkeep]
|-heal|p2a: Archaludon|100/100|[from] item: Leftovers
|upkeep
|turn|2
|
|t:|1783799483
|detailschange|p2b: Swampert|Swampert-Mega, L50, M, shiny
|-mega|p2b: Swampert|Swampert|Swampertite
|move|p2a: Archaludon|Protect|p2a: Archaludon
|-singleturn|p2a: Archaludon|Protect
|move|p2b: Swampert|Earthquake|p1b: Incineroar|[spread] p1a,p1b
|-activate|p2a: Archaludon|move: Protect
|-supereffective|p1b: Incineroar|1
|-damage|p1a: Oranguru|77/100
|-damage|p1b: Incineroar|0 fnt
|faint|p1b: Incineroar
|move|p1a: Oranguru|Light Screen|p1a: Oranguru
|-sidestart|p1: MafiaPolar6242|move: Light Screen
|
|-weather|RainDance|[upkeep]
|upkeep
|
|t:|1783799506
|switch|p1b: Torkoal|Torkoal, L50, M|100/100
|-weather|SunnyDay|[from] ability: Drought|[of] p1b: Torkoal
|turn|3
|
|t:|1783799519
|switch|p2a: Pelipper|Pelipper, L50, M|100/100
|-weather|RainDance|[from] ability: Drizzle|[of] p2a: Pelipper
|move|p2b: Swampert|Wave Crash|p1b: Torkoal
|-supereffective|p1b: Torkoal|1
|-damage|p1b: Torkoal|18/100
|-damage|p2b: Swampert|72/100|[from] Recoil
|move|p1a: Oranguru|Hyper Voice|p2a: Pelipper|[spread] p2a,p2b
|-damage|p2a: Pelipper|68/100
|-damage|p2b: Swampert|52/100
|move|p1b: Torkoal|Heat Wave|p2a: Pelipper|[spread] p2a,p2b
|-resisted|p2a: Pelipper|1
|-resisted|p2b: Swampert|1
|-damage|p2a: Pelipper|60/100
|-damage|p2b: Swampert|48/100
|
|-weather|RainDance|[upkeep]
|upkeep
|turn|4
|
|t:|1783799540
|move|p2b: Swampert|Earthquake|p1a: Oranguru|[spread] p1a,p1b
|-immune|p2a: Pelipper
|-supereffective|p1b: Torkoal|1
|-damage|p1a: Oranguru|53/100
|-damage|p1b: Torkoal|0 fnt
|faint|p1b: Torkoal
|move|p2a: Pelipper|Hurricane|p1a: Oranguru
|-crit|p1a: Oranguru
|-damage|p1a: Oranguru|0 fnt
|faint|p1a: Oranguru
|
|-weather|RainDance|[upkeep]
|upkeep
|
|t:|1783799545
|switch|p1b: Aegislash|Aegislash, L50, M|100/100
|turn|5
|
|t:|1783799557
|move|p2b: Swampert|Earthquake|p1b: Aegislash|[spread] p1b
|-immune|p2a: Pelipper
|-supereffective|p1b: Aegislash|1
|-damage|p1b: Aegislash|49/100
|move|p2a: Pelipper|Weather Ball|p1b: Aegislash
|-damage|p1b: Aegislash|24/100
|-formechange|p1b: Aegislash|Aegislash-Blade|
|move|p1b: Aegislash|Poltergeist|p2b: Swampert
|-activate|p2b: Swampert|move: Poltergeist|Swampertite
|-damage|p2b: Swampert|0 fnt
|faint|p2b: Swampert
|
|-weather|RainDance|[upkeep]
|-heal|p1b: Aegislash|30/100|[from] item: Leftovers
|upkeep
|
|t:|1783799565
|switch|p2b: Archaludon|Archaludon, L50, F|100/100
|turn|6
|
|t:|1783799570
|-formechange|p1b: Aegislash|Aegislash|
|move|p1b: Aegislash|King's Shield|p1b: Aegislash
|-singleturn|p1b: Aegislash|Protect
|move|p2b: Archaludon|Electro Shot||[still]
|-prepare|p2b: Archaludon|Electro Shot
|-boost|p2b: Archaludon|spa|1
|-anim|p2b: Archaludon|Electro Shot|p1b: Aegislash
|-activate|p1b: Aegislash|move: Protect
|move|p2a: Pelipper|Weather Ball|p1b: Aegislash
|-activate|p1b: Aegislash|move: Protect
|
|-weather|RainDance|[upkeep]
|-heal|p1b: Aegislash|36/100|[from] item: Leftovers
|upkeep
|turn|7
|
|t:|1783799619
|move|p2b: Archaludon|Electro Shot||[still]
|-prepare|p2b: Archaludon|Electro Shot
|-boost|p2b: Archaludon|spa|1
|-anim|p2b: Archaludon|Electro Shot|p1b: Aegislash
|-damage|p1b: Aegislash|2/100
|move|p2a: Pelipper|Weather Ball|p1b: Aegislash
|-damage|p1b: Aegislash|0 fnt
|faint|p1b: Aegislash
|
|win|labiamg
|l|☆MafiaPolar6242
|player|p1|
