|j|☆robinrambles
|j|☆Lavoosh
|html|robinramblesLavoosh    
|uhtml|bestof|Game 1 of a best-of-3
|t:|1783878910
|gametype|doubles
|player|p1|robinrambles|dawn-gen4pt|1032
|player|p2|Lavoosh|101|1000
|gen|9
|tier|[Gen 9 Champions] VGC 2026 Reg M-B (Bo3)
|rated|
|rule|Species Clause: Limit one of each Pokémon
|rule|Item Clause: Limit 1 of each item
|clearpoke
|poke|p1|Eelektross, L50, M|
|poke|p1|Armarouge, L50, M|
|poke|p1|Farigiraf, L50, F|
|poke|p1|Aggron, L50, F|
|poke|p1|Sylveon, L50, F|
|poke|p1|Kingambit, L50, M|
|poke|p2|Overqwil, L50, M|
|poke|p2|Klefki, L50, M|
|poke|p2|Sableye, L50, F|
|poke|p2|Sneasler, L50, M|
|poke|p2|Delphox, L50, F|
|poke|p2|Meowstic, L50, M|
|teampreview|4
|showteam|p1|Eelektross||Eelektrossite|Levitate|Protect,Thunderbolt,Flamethrower,GigaDrain|Quiet||M|||50|]Armarouge|||FlashFire|ArmorCannon,WideGuard,Psyshock,TrickRoom|Quiet||M|||50|]Farigiraf||ColburBerry|ArmorTail|HelpingHand,Psychic,TrickRoom,Protect|Sassy||F|||50|]Aggron||Aggronite|Sturdy|BodyPress,HeavySlam,IronDefense,Protect|Impish||F|||50|]Sylveon||FairyFeather|Pixilate|HyperVoice,DrainingKiss,HyperBeam,Protect|Quiet||F|||50|]Kingambit||BlackGlasses|Defiant|IronHead,KowtowCleave,SuckerPunch,Protect|Brave||M|||50|
|showteam|p2|Overqwil||Leftovers|Intimidate|Stockpile,Minimize,Protect,BarbBarrage|Impish||M|||50|]Klefki||SitrusBerry|Prankster|PsychUp,CalmMind,DazzlingGleam,Substitute|Bold||M|||50|]Sableye||Sablenite|Prankster|Recover,FoulPlay,NightShade,PsychUp|Sassy||F|||50|]Sneasler||FocusSash|PoisonTouch|PoisonJab,CloseCombat,QuickGuard,FakeOut|Jolly||M|||50|]Delphox||Delphoxite|Blaze|HeatWave,Psychic,PsychUp,Protect|Timid||F|||50|]Meowstic||BrightPowder|Prankster|Yawn,SkillSwap,SunnyDay,FakeOut|Impish||M|||50|
|
|t:|1783878934
|teamsize|p1|4
|teamsize|p2|4
|start
|switch|p1a: Farigiraf|Farigiraf, L50, F|100/100
|switch|p1b: Armarouge|Armarouge, L50, M|100/100
|switch|p2a: Overqwil|Overqwil, L50, M|100/100
|switch|p2b: Meowstic|Meowstic, L50, M|100/100
|-ability|p2a: Overqwil|Intimidate|boost
|-unboost|p1a: Farigiraf|atk|1
|-unboost|p1b: Armarouge|atk|1
|turn|1
|
|t:|1783878959
|move|p2b: Meowstic|Skill Swap|p2a: Overqwil
|-activate|p2b: Meowstic|Skill Swap|||[of] p2a: Overqwil
|-ability|p2b: Meowstic|Intimidate|boost
|-unboost|p1a: Farigiraf|atk|1
|-unboost|p1b: Armarouge|atk|1
|move|p2a: Overqwil|Minimize|p2a: Overqwil
|-boost|p2a: Overqwil|evasion|2
|move|p1b: Armarouge|Armor Cannon|p2a: Overqwil
|-damage|p2a: Overqwil|15/100
|-unboost|p1b: Armarouge|def|1
|-unboost|p1b: Armarouge|spd|1
|move|p1a: Farigiraf|Trick Room|p1a: Farigiraf
|-fieldstart|move: Trick Room|[of] p1a: Farigiraf
|
|-heal|p2a: Overqwil|21/100|[from] item: Leftovers
|upkeep
|turn|2
|
|t:|1783878987
|switch|p1b: Kingambit|Kingambit, L50, M|100/100
|move|p1a: Farigiraf|Protect|p1a: Farigiraf
|-singleturn|p1a: Farigiraf|Protect
|move|p2a: Overqwil|Minimize|p2a: Overqwil
|-boost|p2a: Overqwil|evasion|2
|move|p2b: Meowstic|Skill Swap|p1b: Kingambit
|-activate|p2b: Meowstic|Skill Swap|Defiant|Intimidate|[of] p1b: Kingambit
|-ability|p1b: Kingambit|Intimidate|boost
|-unboost|p2a: Overqwil|atk|1
|-unboost|p2b: Meowstic|atk|1
|-ability|p2b: Meowstic|Defiant|boost
|-boost|p2b: Meowstic|atk|2
|
|-heal|p2a: Overqwil|27/100|[from] item: Leftovers
|upkeep
|turn|3
|
|t:|1783879010
|move|p1a: Farigiraf|Helping Hand|p1b: Kingambit
|-singleturn|p1b: Kingambit|Helping Hand|[of] p1a: Farigiraf
|move|p2a: Overqwil|Protect|p2a: Overqwil
|-singleturn|p2a: Overqwil|Protect
|move|p1b: Kingambit|Kowtow Cleave|p2a: Overqwil
|-activate|p2a: Overqwil|move: Protect
|move|p2b: Meowstic|Yawn|p1b: Kingambit
|-start|p1b: Kingambit|move: Yawn|[of] p2b: Meowstic
|
|-heal|p2a: Overqwil|33/100|[from] item: Leftovers
|upkeep
|turn|4
|
|t:|1783879033
|move|p1a: Farigiraf|Helping Hand|p1b: Kingambit
|-singleturn|p1b: Kingambit|Helping Hand|[of] p1a: Farigiraf
|move|p2a: Overqwil|Stockpile|p2a: Overqwil
|-start|p2a: Overqwil|stockpile1
|-boost|p2a: Overqwil|def|1
|-boost|p2a: Overqwil|spd|1
|move|p1b: Kingambit|Kowtow Cleave|p2a: Overqwil
|-resisted|p2a: Overqwil|1
|-damage|p2a: Overqwil|12/100
|move|p2b: Meowstic|Skill Swap|p1a: Farigiraf
|-activate|p2b: Meowstic|Skill Swap|Armor Tail|Defiant|[of] p1a: Farigiraf
|
|-heal|p2a: Overqwil|18/100|[from] item: Leftovers
|-end|p1b: Kingambit|move: Yawn|[silent]
|-status|p1b: Kingambit|slp
|upkeep
|turn|5
|
|t:|1783879062
|switch|p1a: Armarouge|Armarouge, L50, M|100/100
|cant|p1b: Kingambit|slp
|move|p2a: Overqwil|Stockpile|p2a: Overqwil
|-start|p2a: Overqwil|stockpile2
|-boost|p2a: Overqwil|def|1
|-boost|p2a: Overqwil|spd|1
|move|p2b: Meowstic|Yawn|p1a: Armarouge
|-start|p1a: Armarouge|move: Yawn|[of] p2b: Meowstic
|
|-heal|p2a: Overqwil|25/100|[from] item: Leftovers
|-fieldend|move: Trick Room
|upkeep
|turn|6
|
|t:|1783879079
|switch|p1a: Farigiraf|Farigiraf, L50, F|100/100
|move|p2a: Overqwil|Protect|p2a: Overqwil
|-singleturn|p2a: Overqwil|Protect
|move|p2b: Meowstic|Skill Swap|p1a: Farigiraf
|-activate|p2b: Meowstic|Skill Swap|Armor Tail|Armor Tail|[of] p1a: Farigiraf
|-curestatus|p1b: Kingambit|slp|[msg]
|move|p1b: Kingambit|Kowtow Cleave|p2a: Overqwil
|-activate|p2a: Overqwil|move: Protect
|
|-heal|p2a: Overqwil|31/100|[from] item: Leftovers
|upkeep
|turn|7
|
|t:|1783879097
|move|p1a: Farigiraf|Helping Hand|p1b: Kingambit
|-singleturn|p1b: Kingambit|Helping Hand|[of] p1a: Farigiraf
|move|p2a: Overqwil|Stockpile|p2a: Overqwil
|-start|p2a: Overqwil|stockpile3
|-boost|p2a: Overqwil|def|1
|-boost|p2a: Overqwil|spd|1
|move|p2b: Meowstic|Yawn|p1b: Kingambit
|-start|p1b: Kingambit|move: Yawn|[of] p2b: Meowstic
|move|p1b: Kingambit|Kowtow Cleave|p2a: Overqwil
|-resisted|p2a: Overqwil|1
|-damage|p2a: Overqwil|18/100
|
|-heal|p2a: Overqwil|24/100|[from] item: Leftovers
|upkeep
|turn|8
|
|t:|1783879122
|switch|p1b: Aggron|Aggron, L50, F|100/100
|move|p2a: Overqwil|Stockpile||[still]
|-fail|p2a: Overqwil
|move|p2b: Meowstic|Skill Swap|p1b: Aggron
|-activate|p2b: Meowstic|Skill Swap|Sturdy|Armor Tail|[of] p1b: Aggron
|move|p1a: Farigiraf|Trick Room|p1a: Farigiraf
|-fieldstart|move: Trick Room|[of] p1a: Farigiraf
|
|-heal|p2a: Overqwil|30/100|[from] item: Leftovers
|upkeep
|turn|9
|
|t:|1783879162
|move|p1a: Farigiraf|Protect|p1a: Farigiraf
|-singleturn|p1a: Farigiraf|Protect
|move|p1b: Aggron|Iron Defense|p1b: Aggron
|-boost|p1b: Aggron|def|2
|move|p2a: Overqwil|Barb Barrage|p1a: Farigiraf
|-activate|p1a: Farigiraf|move: Protect
|move|p2b: Meowstic|Sunny Day|p2b: Meowstic
|-weather|SunnyDay
|
|-weather|SunnyDay|[upkeep]
|-heal|p2a: Overqwil|36/100|[from] item: Leftovers
|upkeep
|turn|10
|
|t:|1783879180
|switch|p1a: Kingambit|Kingambit, L50, M|100/100
|move|p1b: Aggron|Iron Defense|p1b: Aggron
|-boost|p1b: Aggron|def|2
|move|p2a: Overqwil|Barb Barrage|p1a: Kingambit
|-immune|p1a: Kingambit
|move|p2b: Meowstic|Yawn|p1b: Aggron
|-start|p1b: Aggron|move: Yawn|[of] p2b: Meowstic
|
|-weather|SunnyDay|[upkeep]
|-heal|p2a: Overqwil|43/100|[from] item: Leftovers
|upkeep
|turn|11
|
|t:|1783879201
|detailschange|p1b: Aggron|Aggron-Mega, L50, F
|-mega|p1b: Aggron|Aggron|Aggronite
|move|p2a: Overqwil|Protect|p2a: Overqwil
|-singleturn|p2a: Overqwil|Protect
|move|p1a: Kingambit|Iron Head|p2b: Meowstic
|-damage|p2b: Meowstic|56/100
|move|p1b: Aggron|Body Press|p2a: Overqwil
|-activate|p2a: Overqwil|move: Protect
|cant|p2b: Meowstic|flinch
|
|-weather|SunnyDay|[upkeep]
|-heal|p2a: Overqwil|49/100|[from] item: Leftovers
|-end|p1b: Aggron|move: Yawn|[silent]
|-status|p1b: Aggron|slp
|upkeep
|turn|12
|
|t:|1783879232
|switch|p2b: Sneasler|Sneasler, L50, M|100/100
|move|p2a: Overqwil|Minimize|p2a: Overqwil
|-boost|p2a: Overqwil|evasion|2
|move|p1a: Kingambit|Kowtow Cleave|p2a: Overqwil
|-resisted|p2a: Overqwil|1
|-damage|p2a: Overqwil|41/100
|cant|p1b: Aggron|slp
|
|-weather|SunnyDay|[upkeep]
|-heal|p2a: Overqwil|47/100|[from] item: Leftovers
|-fieldend|move: Trick Room
|upkeep
|turn|13
|
|t:|1783879254
|switch|p1a: Armarouge|Armarouge, L50, M|100/100
|move|p2a: Overqwil|Protect|p2a: Overqwil
|-singleturn|p2a: Overqwil|Protect
|-curestatus|p1b: Aggron|slp|[msg]
|move|p1b: Aggron|Protect|p1b: Aggron
|-singleturn|p1b: Aggron|Protect
|move|p2b: Sneasler|Close Combat|p1b: Aggron
|-activate|p1b: Aggron|move: Protect
|
|-weather|none
|-heal|p2a: Overqwil|53/100|[from] item: Leftovers
|upkeep
|turn|14
|
|t:|1783879275
|move|p2b: Sneasler|Close Combat|p1b: Aggron
|-supereffective|p1b: Aggron|1
|-damage|p1b: Aggron|85/100
|-unboost|p2b: Sneasler|def|1
|-unboost|p2b: Sneasler|spd|1
|move|p2a: Overqwil|Barb Barrage|p1a: Armarouge
|-damage|p1a: Armarouge|84/100
|-status|p1a: Armarouge|psn
|move|p1b: Aggron|Iron Defense|p1b: Aggron
|-boost|p1b: Aggron|def|2
|move|p1a: Armarouge|Trick Room|p1a: Armarouge
|-fieldstart|move: Trick Room|[of] p1a: Armarouge
|
|-heal|p2a: Overqwil|59/100|[from] item: Leftovers
|-damage|p1a: Armarouge|72/100 psn|[from] psn
|upkeep
|turn|15
|
|t:|1783879306
|move|p1b: Aggron|Body Press|p2a: Overqwil|[miss]
|-miss|p1b: Aggron|p2a: Overqwil
|move|p1a: Armarouge|Psyshock|p2b: Sneasler
|-supereffective|p2b: Sneasler|2
|-enditem|p2b: Sneasler|Focus Sash
|-damage|p2b: Sneasler|1/100
|move|p2a: Overqwil|Barb Barrage|p1a: Armarouge
|-damage|p1a: Armarouge|41/100 psn
|move|p2b: Sneasler|Close Combat|p1b: Aggron
|-supereffective|p1b: Aggron|1
|-damage|p1b: Aggron|74/100
|-unboost|p2b: Sneasler|def|1
|-unboost|p2b: Sneasler|spd|1
|
|-heal|p2a: Overqwil|66/100|[from] item: Leftovers
|-damage|p1a: Armarouge|29/100 psn|[from] psn
|upkeep
|turn|16
|
|t:|1783879358
|switch|p1a: Kingambit|Kingambit, L50, M|100/100
|move|p2a: Overqwil|Protect|p2a: Overqwil
|-singleturn|p2a: Overqwil|Protect
|move|p1b: Aggron|Body Press|p2a: Overqwil
|-activate|p2a: Overqwil|move: Protect
|move|p2b: Sneasler|Close Combat|p1b: Aggron
|-supereffective|p1b: Aggron|1
|-crit|p1b: Aggron
|-damage|p1b: Aggron|12/100
|-unboost|p2b: Sneasler|def|1
|-unboost|p2b: Sneasler|spd|1
|
|-heal|p2a: Overqwil|72/100|[from] item: Leftovers
|upkeep
|turn|17
|
|t:|1783879382
|move|p2b: Sneasler|Quick Guard|p2b: Sneasler
|-singleturn|p2b: Sneasler|Quick Guard
|move|p1a: Kingambit|Sucker Punch||[still]
|-fail|p1a: Kingambit
|move|p1b: Aggron|Body Press|p2a: Overqwil|[miss]
|-miss|p1b: Aggron|p2a: Overqwil
|move|p2a: Overqwil|Barb Barrage|p1b: Aggron
|-immune|p1b: Aggron
|
|-heal|p2a: Overqwil|78/100|[from] item: Leftovers
|upkeep
|turn|18
|
|t:|1783879421
|move|p1a: Kingambit|Sucker Punch|p2b: Sneasler
|-resisted|p2b: Sneasler|1
|-damage|p2b: Sneasler|0 fnt
|faint|p2b: Sneasler
|move|p2a: Overqwil|Minimize|p2a: Overqwil
|-boost|p2a: Overqwil|evasion|0
|move|p1b: Aggron|Body Press|p2a: Overqwil|[miss]
|-miss|p1b: Aggron|p2a: Overqwil
|
|-heal|p2a: Overqwil|84/100|[from] item: Leftovers
|-fieldend|move: Trick Room
|upkeep
|
|t:|1783879431
|switch|p2b: Delphox|Delphox, L50, F|100/100
|turn|19
|
|t:|1783879442
|detailschange|p2b: Delphox|Delphox-Mega, L50, F
|-mega|p2b: Delphox|Delphox|Delphoxite
|move|p1b: Aggron|Protect|p1b: Aggron
|-singleturn|p1b: Aggron|Protect
|move|p1a: Kingambit|Sucker Punch||[still]
|-fail|p1a: Kingambit
|move|p2b: Delphox|Psych Up|p2a: Overqwil
|-copyboost|p2b: Delphox|p2a: Overqwil|[from] move: Psych Up
|move|p2a: Overqwil|Barb Barrage|p1a: Kingambit
|-immune|p1a: Kingambit
|
|-heal|p2a: Overqwil|91/100|[from] item: Leftovers
|upkeep
|turn|20
|
|t:|1783879467
|move|p2b: Delphox|Protect|p2b: Delphox
|-singleturn|p2b: Delphox|Protect
|move|p1a: Kingambit|Sucker Punch||[still]
|-fail|p1a: Kingambit
|move|p2a: Overqwil|Barb Barrage|p1a: Kingambit
|-immune|p1a: Kingambit
|move|p1b: Aggron|Body Press|p2a: Overqwil
|-damage|p2a: Overqwil|42/100
|
|-heal|p2a: Overqwil|48/100|[from] item: Leftovers
|upkeep
|turn|21
|
|t:|1783879487
|move|p2b: Delphox|Protect|p2b: Delphox
|-singleturn|p2b: Delphox|Protect
|move|p2a: Overqwil|Stockpile||[still]
|-fail|p2a: Overqwil
|move|p1a: Kingambit|Sucker Punch||[still]
|-fail|p1a: Kingambit
|move|p1b: Aggron|Body Press|p2a: Overqwil|[miss]
|-miss|p1b: Aggron|p2a: Overqwil
|
|-heal|p2a: Overqwil|54/100|[from] item: Leftovers
|upkeep
|turn|22
|
|t:|1783879510
|move|p1b: Aggron|Protect|p1b: Aggron
|-singleturn|p1b: Aggron|Protect
|move|p2a: Overqwil|Stockpile||[still]
|-fail|p2a: Overqwil
|move|p1a: Kingambit|Sucker Punch|p2b: Delphox|[miss]
|-miss|p1a: Kingambit|p2b: Delphox
|move|p2b: Delphox|Heat Wave|p1b: Aggron|[spread] p1a
|-activate|p1b: Aggron|move: Protect
|-supereffective|p1a: Kingambit|1
|-damage|p1a: Kingambit|20/100y
|
|-heal|p2a: Overqwil|60/100|[from] item: Leftovers
|upkeep
|turn|23
|
|t:|1783879529
|switch|p1b: Farigiraf|Farigiraf, L50, F|100/100
|switch|p1a: Armarouge|Armarouge, L50, M|29/100 psn
|move|p2a: Overqwil|Protect|p2a: Overqwil
|-singleturn|p2a: Overqwil|Protect
|move|p2b: Delphox|Protect||[still]
|-fail|p2b: Delphox
|
|-heal|p2a: Overqwil|67/100|[from] item: Leftovers
|-damage|p1a: Armarouge|17/100 psn|[from] psn
|upkeep
|turn|24
|
|t:|1783879545
|move|p1a: Armarouge|Wide Guard|p1a: Armarouge
|-singleturn|p1a: Armarouge|Wide Guard
|move|p2b: Delphox|Psychic|p1a: Armarouge
|-resisted|p1a: Armarouge|1
|-damage|p1a: Armarouge|0 fnt
|faint|p1a: Armarouge
|move|p2a: Overqwil|Barb Barrage|p1b: Farigiraf
|-crit|p1b: Farigiraf
|-damage|p1b: Farigiraf|62/100
|move|p1b: Farigiraf|Trick Room|p1b: Farigiraf
|-fieldstart|move: Trick Room|[of] p1b: Farigiraf
|
|-heal|p2a: Overqwil|73/100|[from] item: Leftovers
|upkeep
|
|t:|1783879557
|switch|p1a: Kingambit|Kingambit, L50, M|20/100y
|turn|25
|
|t:|1783879564
|move|p1b: Farigiraf|Helping Hand|p1a: Kingambit
|-singleturn|p1a: Kingambit|Helping Hand|[of] p1b: Farigiraf
|move|p1a: Kingambit|Kowtow Cleave|p2b: Delphox
|-supereffective|p2b: Delphox|1
|-damage|p2b: Delphox|7/100
|move|p2a: Overqwil|Barb Barrage|p1b: Farigiraf
|-damage|p1b: Farigiraf|45/100
|-status|p1b: Farigiraf|psn
|move|p2b: Delphox|Heat Wave|p1b: Farigiraf|[spread] p1a,p1b
|-supereffective|p1a: Kingambit|1
|-damage|p1a: Kingambit|0 fnt
|-damage|p1b: Farigiraf|19/100 psn
|faint|p1a: Kingambit
|
|-heal|p2a: Overqwil|79/100|[from] item: Leftovers
|-damage|p1b: Farigiraf|7/100 psn|[from] psn
|upkeep
|
|t:|1783879579
|switch|p1a: Aggron|Aggron-Mega, L50, F|12/100
|turn|26
|
|t:|1783879590
|move|p1b: Farigiraf|Helping Hand|p1a: Aggron
|-singleturn|p1a: Aggron|Helping Hand|[of] p1b: Farigiraf
|move|p1a: Aggron|Heavy Slam|p2b: Delphox
|-resisted|p2b: Delphox|1
|-damage|p2b: Delphox|0 fnt
|faint|p2b: Delphox
|move|p2a: Overqwil|Barb Barrage|p1b: Farigiraf
|-damage|p1b: Farigiraf|0 fnt
|faint|p1b: Farigiraf
|
|-heal|p2a: Overqwil|85/100|[from] item: Leftovers
|upkeep
|
|t:|1783879600
|switch|p2b: Meowstic|Meowstic, L50, M|56/100
|turn|27
|
|t:|1783879609
|move|p2a: Overqwil|Protect|p2a: Overqwil
|-singleturn|p2a: Overqwil|Protect
|move|p1a: Aggron|Protect|p1a: Aggron
|-singleturn|p1a: Aggron|Protect
|move|p2b: Meowstic|Fake Out|p1a: Aggron
|-activate|p1a: Aggron|move: Protect
|
|-heal|p2a: Overqwil|92/100|[from] item: Leftovers
|upkeep
|turn|28
|
|t:|1783879632
|move|p2b: Meowstic|Skill Swap|p1a: Aggron
|-activate|p2b: Meowstic|Skill Swap|Filter|Prankster|[of] p1a: Aggron
|move|p1a: Aggron|Heavy Slam|p2b: Meowstic
|-damage|p2b: Meowstic|8/100
|move|p2a: Overqwil|Barb Barrage|p1a: Aggron
|-immune|p1a: Aggron
|
|-heal|p2a: Overqwil|98/100|[from] item: Leftovers
|-fieldend|move: Trick Room
|upkeep
|turn|29
|
|t:|1783879646
|move|p2a: Overqwil|Minimize|p2a: Overqwil
|-boost|p2a: Overqwil|evasion|0
|move|p2b: Meowstic|Sunny Day|p2b: Meowstic
|-weather|SunnyDay
|move|p1a: Aggron|Heavy Slam|p2b: Meowstic
|-damage|p2b: Meowstic|0 fnt
|faint|p2b: Meowstic
|
|-weather|SunnyDay|[upkeep]
|-heal|p2a: Overqwil|100/100|[from] item: Leftovers
|upkeep
|turn|30
|
|t:|1783879655
|move|p1a: Aggron|Iron Defense|p1a: Aggron
|-boost|p1a: Aggron|def|2
|move|p2a: Overqwil|Barb Barrage|p1a: Aggron
|-immune|p1a: Aggron
|
|-weather|SunnyDay|[upkeep]
|upkeep
|turn|31
|
|t:|1783879670
|move|p2a: Overqwil|Stockpile||[still]
|-fail|p2a: Overqwil
|move|p1a: Aggron|Iron Defense|p1a: Aggron
|-boost|p1a: Aggron|def|2
|
|-weather|SunnyDay|[upkeep]
|upkeep
|turn|32
|
|t:|1783879676
|move|p2a: Overqwil|Stockpile||[still]
|-fail|p2a: Overqwil
|move|p1a: Aggron|Iron Defense|p1a: Aggron
|-boost|p1a: Aggron|def|2
|
|-weather|SunnyDay|[upkeep]
|upkeep
|turn|33
|
|t:|1783879683
|move|p2a: Overqwil|Minimize|p2a: Overqwil
|-boost|p2a: Overqwil|evasion|0
|move|p1a: Aggron|Body Press|p2a: Overqwil|[miss]
|-miss|p1a: Aggron|p2a: Overqwil
|
|-weather|none
|upkeep
|turn|34
|
|t:|1783879695
|move|p2a: Overqwil|Protect|p2a: Overqwil
|-singleturn|p2a: Overqwil|Protect
|move|p1a: Aggron|Heavy Slam|p2a: Overqwil
|-activate|p2a: Overqwil|move: Protect
|
|upkeep
|turn|35
|
|t:|1783879727
|move|p2a: Overqwil|Minimize|p2a: Overqwil
|-boost|p2a: Overqwil|evasion|0
|move|p1a: Aggron|Heavy Slam|p2a: Overqwil
|-damage|p2a: Overqwil|68/100
|
|-heal|p2a: Overqwil|75/100|[from] item: Leftovers
|upkeep
|turn|36
|
|t:|1783879735
|move|p2a: Overqwil|Minimize|p2a: Overqwil
|-boost|p2a: Overqwil|evasion|0
|move|p1a: Aggron|Heavy Slam|p2a: Overqwil
|-damage|p2a: Overqwil|43/100
|
|-heal|p2a: Overqwil|50/100y|[from] item: Leftovers
|upkeep
|turn|37
|
|t:|1783879743
|move|p2a: Overqwil|Stockpile||[still]
|-fail|p2a: Overqwil
|move|p1a: Aggron|Body Press|p2a: Overqwil
|-damage|p2a: Overqwil|3/100
|
|-heal|p2a: Overqwil|9/100|[from] item: Leftovers
|upkeep
|turn|38
|
|t:|1783879754
|move|p2a: Overqwil|Minimize|p2a: Overqwil
|-boost|p2a: Overqwil|evasion|0
|move|p1a: Aggron|Body Press|p2a: Overqwil
|-damage|p2a: Overqwil|0 fnt
|faint|p2a: Overqwil
|
|win|robinrambles
