|j|☆cap10pp
|j|☆magicianmilamber
|html|cap10ppmagicianmilamber    
|uhtml|bestof|Game 1 of a best-of-3
|t:|1783904347
|gametype|doubles
|player|p1|cap10pp|chuck|
|player|p2|magicianmilamber|psychic-gen4|
|gen|9
|tier|[Gen 9 Champions] VGC 2026 Reg M-B (Bo3)
|rule|Species Clause: Limit one of each Pokémon
|rule|Item Clause: Limit 1 of each item
|clearpoke
|poke|p1|Whimsicott, L50, M|
|poke|p1|Maushold-Four, L50|
|poke|p1|Armarouge, L50, M|
|poke|p1|Staraptor, L50, F|
|poke|p1|Lycanroc-Dusk, L50, M, shiny|
|poke|p1|Scizor, L50, M|
|poke|p2|Charizard, L50, M, shiny|
|poke|p2|Floette-Eternal, L50, F|
|poke|p2|Garchomp, L50, M|
|poke|p2|Aerodactyl, L50, M, shiny|
|poke|p2|Sableye, L50, M, shiny|
|poke|p2|Kingambit, L50, M, shiny|
|teampreview|4
|showteam|p1|Whimsicott||SitrusBerry|Prankster|Tailwind,LightScreen,Moonblast,Tickle|Calm||M|||50|]Maushold-Four||Leftovers|FriendGuard|RainDance,Taunt,Protect,PlayRough|Careful|||||50|]Armarouge||WhiteHerb|FlashFire|ArmorCannon,FlashCannon,WideGuard,Psychic|Modest||M|||50|]Staraptor||Staraptite|Intimidate|CloseCombat,BraveBird,Roost,Protect|Adamant||F|||50|]Lycanroc-Dusk||FocusSash|ToughClaws|Accelerock,IronHead,PlayRough,Protect|Adamant||M|||50|]Scizor||MetalCoat|Technician|BugBite,BulletPunch,SwordsDance,Protect|Adamant||M|||50|
|showteam|p2|Charizard||CharizarditeY|SolarPower|HeatWave,Protect,WeatherBall,SolarBeam|Modest||M|||50|]Floette-Eternal||Floettite|FlowerVeil|Moonblast,Protect,DazzlingGleam,LightofRuin|Timid||F|||50|]Garchomp||Garchompite|RoughSkin|DragonClaw,Protect,Earthquake,FireFang|Jolly||M|||50|]Aerodactyl||Aerodactylite|Unnerve|DualWingbeat,Protect,Tailwind,IceFang|Jolly||M|||50|]Sableye||Sablenite|Prankster|Encore,KnockOff,Swagger,FakeOut|Careful||M|||50|]Kingambit||FocusSash|Defiant|LowSweep,IronHead,SuckerPunch,Protect|Adamant||M|||50|
|
|t:|1783904397
|teamsize|p1|4
|teamsize|p2|4
|start
|switch|p1a: The Dog|Lycanroc-Dusk, L50, M, shiny|100/100
|switch|p1b: The Kid's Family|Maushold-Four, L50|100/100
|switch|p2a: Aerials|Aerodactyl, L50, M, shiny|100/100
|switch|p2b: Flo Rida|Floette-Eternal, L50, F|100/100
|-ability|p2a: Aerials|Unnerve
|turn|1
|
|t:|1783904429
|move|p2a: Aerials|Protect|p2a: Aerials
|-singleturn|p2a: Aerials|Protect
|move|p2b: Flo Rida|Protect|p2b: Flo Rida
|-singleturn|p2b: Flo Rida|Protect
|move|p1b: The Kid's Family|Play Rough|p2b: Flo Rida
|-activate|p2b: Flo Rida|move: Protect
|move|p1a: The Dog|Iron Head|p2b: Flo Rida
|-activate|p2b: Flo Rida|move: Protect
|
|upkeep
|turn|2
|
|t:|1783904449
|move|p2a: Aerials|Tailwind|p2a: Aerials
|-sidestart|p2: magicianmilamber|move: Tailwind
|move|p2b: Flo Rida|Light of Ruin|p1a: The Dog
|-damage|p1a: The Dog|7/100
|-damage|p2b: Flo Rida|53/100|[from] Recoil
|move|p1b: The Kid's Family|Taunt|p2a: Aerials
|-start|p2a: Aerials|move: Taunt
|move|p1a: The Dog|Iron Head|p2b: Flo Rida
|-supereffective|p2b: Flo Rida|1
|-damage|p2b: Flo Rida|0 fnt
|faint|p2b: Flo Rida
|
|upkeep
|
|t:|1783904463
|switch|p2b: Cephadrome|Garchomp, L50, M|100/100
|turn|3
|
|t:|1783904472
|move|p1b: The Kid's Family|Protect|p1b: The Kid's Family
|-singleturn|p1b: The Kid's Family|Protect
|move|p1a: The Dog|Protect|p1a: The Dog
|-singleturn|p1a: The Dog|Protect
|move|p2a: Aerials|Dual Wingbeat|p1b: The Kid's Family
|-activate|p1b: The Kid's Family|move: Protect
|move|p2b: Cephadrome|Earthquake|p1b: The Kid's Family|[spread] 
|-activate|p1a: The Dog|move: Protect
|-activate|p1b: The Kid's Family|move: Protect
|-immune|p2a: Aerials
|
|upkeep
|turn|4
|
|t:|1783904493
|move|p1a: The Dog|Accelerock|p2a: Aerials
|-supereffective|p2a: Aerials|1
|-damage|p2a: Aerials|3/100
|move|p2a: Aerials|Ice Fang|p1b: The Kid's Family
|-damage|p1b: The Kid's Family|66/100
|move|p2b: Cephadrome|Dragon Claw|p1a: The Dog
|-damage|p1a: The Dog|0 fnt
|faint|p1a: The Dog
|move|p1b: The Kid's Family|Play Rough|p2b: Cephadrome
|-supereffective|p2b: Cephadrome|1
|-damage|p2b: Cephadrome|65/100
|-damage|p1b: The Kid's Family|54/100|[from] ability: Rough Skin|[of] p2b: Cephadrome
|
|-heal|p1b: The Kid's Family|60/100|[from] item: Leftovers
|upkeep
|
|t:|1783904509
|switch|p1a: The Kid|Whimsicott, L50, M|100/100
|turn|5
|
|t:|1783904521
|move|p2a: Aerials|Dual Wingbeat|p1a: The Kid
|-supereffective|p1a: The Kid|1
|-crit|p1a: The Kid
|-damage|p1a: The Kid|50/100g
|-supereffective|p1a: The Kid|1
|-damage|p1a: The Kid|14/100
|-hitcount|p1a: The Kid|2
|move|p2b: Cephadrome|Earthquake|p1b: The Kid's Family|[spread] p1a,p1b
|-immune|p2a: Aerials
|-resisted|p1a: The Kid|1
|-damage|p1a: The Kid|0 fnt
|-damage|p1b: The Kid's Family|0 fnt
|faint|p1a: The Kid
|faint|p1b: The Kid's Family
|
|-end|p2a: Aerials|move: Taunt
|-sideend|p2: magicianmilamber|move: Tailwind
|upkeep
|
|t:|1783904534
|switch|p1b: The Uncle|Staraptor, L50, F|100/100
|-ability|p1b: The Uncle|Intimidate|boost
|-unboost|p2a: Aerials|atk|1
|-unboost|p2b: Cephadrome|atk|1
|turn|6
|
|t:|1783904554
|detailschange|p1b: The Uncle|Staraptor-Mega, L50, F
|-mega|p1b: The Uncle|Staraptor|Staraptite
|move|p2a: Aerials|Tailwind|p2a: Aerials
|-sidestart|p2: magicianmilamber|move: Tailwind
|move|p2b: Cephadrome|Dragon Claw|p1b: The Uncle
|-damage|p1b: The Uncle|74/100
|move|p1b: The Uncle|Close Combat|p2a: Aerials
|-damage|p2a: Aerials|0 fnt
|-boost|p1b: The Uncle|def|1
|-boost|p1b: The Uncle|spd|1
|faint|p2a: Aerials
|
|upkeep
|
|t:|1783904564
|switch|p2a: Stitch|Sableye, L50, M, shiny|100/100
|turn|7
|
|t:|1783904578
|move|p2b: Cephadrome|Protect|p2b: Cephadrome
|-singleturn|p2b: Cephadrome|Protect
|move|p2a: Stitch|Encore|p1b: The Uncle
|-start|p1b: The Uncle|Encore
|move|p1b: The Uncle|Close Combat|p2b: Cephadrome
|-activate|p2b: Cephadrome|move: Protect
|
|upkeep
|turn|8
|
|t:|1783904590
|move|p2a: Stitch|Swagger|p1b: The Uncle
|-unboost|p1b: The Uncle|atk|2
|-start|p1b: The Uncle|confusion
|move|p2b: Cephadrome|Dragon Claw|p1b: The Uncle
|-damage|p1b: The Uncle|56/100
|-activate|p1b: The Uncle|confusion
|move|p1b: The Uncle|Close Combat|p2b: Cephadrome
|-damage|p2b: Cephadrome|30/100
|-boost|p1b: The Uncle|def|1
|-boost|p1b: The Uncle|spd|1
|-damage|p1b: The Uncle|43/100|[from] ability: Rough Skin|[of] p2b: Cephadrome
|
|upkeep
|turn|9
|
|t:|1783904609
|move|p2b: Cephadrome|Protect|p2b: Cephadrome
|-singleturn|p2b: Cephadrome|Protect
|move|p2a: Stitch|Swagger|p1b: The Uncle
|-unboost|p1b: The Uncle|atk|2
|-end|p1b: The Uncle|confusion
|move|p1b: The Uncle|Close Combat|p2b: Cephadrome
|-activate|p2b: Cephadrome|move: Protect
|
|-end|p1b: The Uncle|Encore
|-sideend|p2: magicianmilamber|move: Tailwind
|upkeep
|turn|10
|
|t:|1783904623
|move|p2a: Stitch|Encore|p1b: The Uncle
|-start|p1b: The Uncle|Encore
|move|p2b: Cephadrome|Dragon Claw|p1b: The Uncle
|-damage|p1b: The Uncle|30/100
|move|p1b: The Uncle|Close Combat|p2a: Stitch
|-immune|p2a: Stitch
|
|upkeep
|turn|11
|
|t:|1783904638
|move|p2a: Stitch|Swagger|p1b: The Uncle
|-unboost|p1b: The Uncle|atk|2
|-start|p1b: The Uncle|confusion
|move|p2b: Cephadrome|Dragon Claw|p1b: The Uncle
|-damage|p1b: The Uncle|18/100
|-activate|p1b: The Uncle|confusion
|-damage|p1b: The Uncle|16/100|[from] confusion
|
|upkeep
|turn|12
|
|t:|1783904652
|move|p2b: Cephadrome|Dragon Claw|p1b: The Uncle
|-damage|p1b: The Uncle|3/100
|-activate|p1b: The Uncle|confusion
|move|p1b: The Uncle|Close Combat|p2b: Cephadrome
|-damage|p2b: Cephadrome|12/100
|-boost|p1b: The Uncle|def|1
|-boost|p1b: The Uncle|spd|1
|-damage|p1b: The Uncle|0 fnt|[from] ability: Rough Skin|[of] p2b: Cephadrome
|faint|p1b: The Uncle
|
|win|magicianmilamber
|inactive|cap10pp has 30 seconds to confirm battle start!
|inactive|magicianmilamber has 30 seconds to confirm battle start!
||cap10pp is ready for game 2.
||magicianmilamber is ready for game 2.
|uhtml|next|Next: Game 2 of 3
