|j|ŌśåSobblesweep
|j|Ōśåstolik44
|html|Sobblesweepstolik44    
|uhtml|bestof|Game 1 of a best-of-3
|t:|1785723408
|gametype|doubles
|player|p1|Sobblesweep|firebreather|
|player|p2|stolik44|heroine2-conquest|
|gen|9
|tier|[Gen 9 Champions] VGC 2026 Reg M-B (Bo3)
|rule|Species Clause: Limit one of each Pok├®mon
|rule|Item Clause: Limit 1 of each item
|clearpoke
|poke|p1|Raichu, L50, M|
|poke|p1|Pelipper, L50, F|
|poke|p1|Quaquaval, L50, F|
|poke|p1|Archaludon, L50, F|
|poke|p1|Florges, L50, F|
|poke|p1|Torterra, L50, M|
|poke|p2|Kangaskhan, L50, F|
|poke|p2|Basculegion, L50, M|
|poke|p2|Alakazam, L50, F|
|poke|p2|Garchomp, L50, M|
|poke|p2|Floette-Eternal, L50, F|
|poke|p2|Qwilfish, L50, F|
|teampreview|4
|showteam|p1|Raichu||RaichuniteY|Static|ZapCannon,FocusBlast,Surf,DazzlingGleam|Modest||M|||50|]Pelipper||DampRock|Drizzle|Hurricane,WeatherBall,Protect,IceBeam|Modest||F|||50|]Quaquaval||LifeOrb|Moxie|AquaStep,CloseCombat,BraveBird,IceSpinner|Jolly||F|||50|]Archaludon||ShucaBerry|Stamina|ElectroShot,DracoMeteor,DarkPulse,Protect|Modest||F|||50|]Florges||Leftovers|Symbiosis|Wish,Moonblast,PollenPuff,CalmMind|Bold||F|||50|]Torterra||WhiteHerb|ShellArmor|ShellSmash,Outrage,HeadlongRush,WoodHammer|Adamant||M|||50|
|showteam|p2|Kangaskhan||SilkScarf|InnerFocus|FakeOut,LastResort|Jolly||F|||50|]Basculegion||FocusSash|Adaptability|Protect,LastRespects,Liquidation,AquaJet|Adamant||M|||50|]Alakazam||Alakazite|Synchronize|Protect,Encore,FocusBlast,Psychic|Timid||F|||50|]Garchomp||LifeOrb|RoughSkin|Protect,SwordsDance,StompingTantrum,DragonClaw|Adamant||M|||50|]Floette-Eternal||FairyFeather|FlowerVeil|Protect,DazzlingGleam,Moonblast,LightofRuin|Timid||F|||50|]Qwilfish||WacanBerry|Intimidate|FlipTurn,Liquidation,AquaJet,DestinyBond|Careful||F|||50|
|c|ŌśåSobblesweep|THERE WE GO
|c|ŌśåSobblesweep|worlds smartest draft player
|
|t:|1785723433
|teamsize|p1|4
|teamsize|p2|4
|start
|switch|p1a: Pelipper|Pelipper, L50, F|100/100
|switch|p1b: Archaludon|Archaludon, L50, F|100/100
|switch|p2a: Kangaskhan|Kangaskhan, L50, F|100/100
|switch|p2b: Floette|Floette-Eternal, L50, F|100/100
|-weather|RainDance|[from] ability: Drizzle|[of] p1a: Pelipper
|turn|1
|c|Ōśåstolik44|2 brain cell > 1 brain cell
|c|ŌśåSobblesweep|Are you kidding me
|c|ŌśåSobblesweep|if you click on the pokemon it spoils
|c|ŌśåSobblesweep|so donŌĆÖt do that eother
|c|ŌśåSobblesweep|either
|c|ŌśåSobblesweep|smh
|
|t:|1785723482
|move|p1a: Pelipper|Protect|p1a: Pelipper
|-singleturn|p1a: Pelipper|Protect
|move|p2a: Kangaskhan|Fake Out|p1a: Pelipper
|-activate|p1a: Pelipper|move: Protect
|move|p2b: Floette|Light of Ruin|p1b: Archaludon
|-damage|p1b: Archaludon|0 fnt
|faint|p1b: Archaludon
|-damage|p2b: Floette|43/100|[from] Recoil
|
|-weather|RainDance|[upkeep]
|upkeep
|c|Ōśåstolik44|oh yea
|
|t:|1785723496
|switch|p1b: Raichu|Raichu, L50, M|100/100
|turn|2
|j| ImYeicob
|c|Ōśåstolik44|i mean there is no setting to make bo3 closed team sheet when you challenge
|c|Ōśåstolik44|so we'd have to use a chall code
|c|ŌśåSobblesweep|Yeah
|
|t:|1785723540
|detailschange|p1b: Raichu|Raichu-Mega-Y, L50, M
|-mega|p1b: Raichu|Raichu|Raichunite Y
|move|p1b: Raichu|Zap Cannon|p2b: Floette
|-damage|p2b: Floette|0 fnt
|faint|p2b: Floette
|move|p2a: Kangaskhan|Last Resort|p1b: Raichu
|-damage|p1b: Raichu|0 fnt
|faint|p1b: Raichu
|move|p1a: Pelipper|Hurricane|p2a: Kangaskhan
|-crit|p2a: Kangaskhan
|-damage|p2a: Kangaskhan|20/100r
|-start|p2a: Kangaskhan|confusion
|
|-weather|RainDance|[upkeep]
|upkeep
|c|ŌśåSobblesweep|I donŌĆÖt know how to make one :p
|
|t:|1785723558
|switch|p1b: Quaquaval|Quaquaval, L50, F|100/100
|switch|p2b: Basculegion|Basculegion, L50, M|100/100
|turn|3
|
|t:|1785723595
|move|p1a: Pelipper|Protect|p1a: Pelipper
|-singleturn|p1a: Pelipper|Protect
|-activate|p2a: Kangaskhan|confusion
|move|p2a: Kangaskhan|Last Resort|p1b: Quaquaval
|-damage|p1b: Quaquaval|10/100
|move|p1b: Quaquaval|Aqua Step|p2a: Kangaskhan
|-damage|p2a: Kangaskhan|0 fnt
|-boost|p1b: Quaquaval|spe|1
|faint|p2a: Kangaskhan
|-ability|p1b: Quaquaval|Moxie|boost
|-boost|p1b: Quaquaval|atk|1
|-damage|p1b: Quaquaval|1/100|[from] item: Life Orb
|move|p2b: Basculegion|Last Respects|p1a: Pelipper
|-activate|p1a: Pelipper|move: Protect
|
|-weather|RainDance|[upkeep]
|upkeep
|
|t:|1785723609
|switch|p2a: Alakazam|Alakazam, L50, F|100/100
|turn|4
|
|t:|1785723622
|detailschange|p2a: Alakazam|Alakazam-Mega, L50, F
|-mega|p2a: Alakazam|Alakazam|Alakazite
|-ability|p2a: Alakazam|Moxie|Trace|[from] ability: Trace|[of] p1b: Quaquaval
|move|p2b: Basculegion|Aqua Jet|p1b: Quaquaval
|-resisted|p1b: Quaquaval|1
|-damage|p1b: Quaquaval|0 fnt
|faint|p1b: Quaquaval
|move|p2a: Alakazam|Encore|p1a: Pelipper
|-start|p1a: Pelipper|Encore
|move|p1a: Pelipper|Protect||[still]
|-fail|p1a: Pelipper
|
|-weather|RainDance|[upkeep]
|upkeep
|turn|5
|
|t:|1785723635
|move|p1a: Pelipper|Protect|p1a: Pelipper
|-singleturn|p1a: Pelipper|Protect
|move|p2a: Alakazam|Psychic|p1a: Pelipper
|-activate|p1a: Pelipper|move: Protect
|move|p2b: Basculegion|Last Respects|p1a: Pelipper
|-activate|p1a: Pelipper|move: Protect
|
|-weather|RainDance|[upkeep]
|upkeep
|turn|6
|
|t:|1785723641
|move|p1a: Pelipper|Protect|p1a: Pelipper
|-singleturn|p1a: Pelipper|Protect
|move|p2a: Alakazam|Psychic|p1a: Pelipper
|-activate|p1a: Pelipper|move: Protect
|move|p2b: Basculegion|Last Respects|p1a: Pelipper
|-activate|p1a: Pelipper|move: Protect
|
|-weather|RainDance|[upkeep]
|-end|p1a: Pelipper|Encore
|upkeep
|turn|7
|
|t:|1785723645
|move|p2a: Alakazam|Psychic|p1a: Pelipper
|-damage|p1a: Pelipper|14/100
|move|p2b: Basculegion|Last Respects|p1a: Pelipper
|-damage|p1a: Pelipper|0 fnt
|faint|p1a: Pelipper
|
|win|stolik44
||stolik44 is ready for game 2.
||Sobblesweep is ready for game 2.
|uhtml|next|Next: Game 2 of 3
|l|ŌśåSobblesweep
|player|p1|
|l|Ōśåstolik44
|player|p2|
|j|Ōśåstolik44
|player|p2|stolik44|heroine2-conquest|
