|j|☆Adam2E
|j|☆regitron 21
|html|Adam2Eregitron 21    
|uhtml|bestof|Game 1 of a best-of-3
|t:|1784920282
|gametype|doubles
|player|p1|Adam2E|170|1185
|player|p2|regitron 21|n|1101
|gen|9
|tier|[Gen 9 Champions] VGC 2026 Reg M-B (Bo3)
|rated|
|rule|Species Clause: Limit one of each Pokémon
|rule|Item Clause: Limit 1 of each item
|clearpoke
|poke|p1|Whimsicott, L50, M|
|poke|p1|Staraptor, L50, F|
|poke|p1|Rotom-Wash, L50|
|poke|p1|Archaludon, L50, M|
|poke|p1|Basculegion, L50, M|
|poke|p1|Incineroar, L50, F|
|poke|p2|Raichu, L50, M|
|poke|p2|Charizard, L50, F|
|poke|p2|Incineroar, L50, F|
|poke|p2|Farigiraf, L50, F|
|poke|p2|Sylveon, L50, M|
|poke|p2|Kingambit, L50, M|
|teampreview|4
|showteam|p1|Whimsicott||FocusSash|Prankster|Tailwind,Encore,Protect,Moonblast|Timid||M|||50|]Staraptor||Staraptite|Intimidate|BraveBird,CloseCombat,Roost,Protect|Jolly||F|||50|]Rotom-Wash||Leftovers|Levitate|WillOWisp,Protect,Thunderbolt,HydroPump|Calm|||||50|]Archaludon||LifeOrb|Stamina|DragonPulse,FlashCannon,ElectroShot,Protect|Modest||M|||50|]Basculegion||ChoiceScarf|Adaptability|LastRespects,FlipTurn,AquaJet,WaveCrash|Adamant||M|||50|]Incineroar||SitrusBerry|Intimidate|FakeOut,PartingShot,DarkestLariat,Protect|Careful||F|||50|
|showteam|p2|Raichu||RaichuniteY|LightningRod|ZapCannon,FocusBlast,FakeOut,Protect|Timid||M|||50|]Charizard||CharizarditeY|Blaze|HeatWave,WeatherBall,SolarBeam,Protect|Modest||F|||50|]Incineroar||SitrusBerry|Intimidate|FakeOut,FlareBlitz,DarkestLariat,PartingShot|Impish||F|||50|]Farigiraf||ColburBerry|ArmorTail|TwinBeam,Thunderbolt,HelpingHand,TrickRoom|Modest||F|||50|]Sylveon||FairyFeather|Pixilate|HyperVoice,Moonblast,Detect,CalmMind|Modest||M|||50|]Kingambit||LifeOrb|Defiant|SuckerPunch,KowtowCleave,Protect,SwordsDance|Adamant||M|||50|
|c|☆regitron 21|hey good luck
|c|☆regitron 21|nice team pal
|
|t:|1784920346
|teamsize|p1|4
|teamsize|p2|4
|start
|switch|p1a: Rotom|Rotom-Wash, L50|100/100
|switch|p1b: Incineroar|Incineroar, L50, F|100/100
|switch|p2a: Lily|Incineroar, L50, F|100/100
|switch|p2b: Soey|Farigiraf, L50, F|100/100
|-ability|p2a: Lily|Intimidate|boost
|-unboost|p1a: Rotom|atk|1
|-unboost|p1b: Incineroar|atk|1
|-ability|p1b: Incineroar|Intimidate|boost
|-unboost|p2a: Lily|atk|1
|-unboost|p2b: Soey|atk|1
|turn|1
|
|t:|1784920380
|move|p2a: Lily|Fake Out|p1a: Rotom
|-damage|p1a: Rotom|91/100
|cant|p1a: Rotom|flinch
|move|p1b: Incineroar|Darkest Lariat|p2b: Soey
|-supereffective|p2b: Soey|1
|-enditem|p2b: Soey|Colbur Berry|[eat]
|-enditem|p2b: Soey|Colbur Berry|[weaken]
|-damage|p2b: Soey|77/100
|move|p2b: Soey|Trick Room|p2b: Soey
|-fieldstart|move: Trick Room|[of] p2b: Soey
|
|-heal|p1a: Rotom|97/100|[from] item: Leftovers
|upkeep
|turn|2
|
|t:|1784920400
|move|p1b: Incineroar|Darkest Lariat|p2b: Soey
|-supereffective|p2b: Soey|1
|-damage|p2b: Soey|32/100
|move|p2a: Lily|Parting Shot|p1a: Rotom
|-unboost|p1a: Rotom|atk|1
|-unboost|p1a: Rotom|spa|1
|
|t:|1784920406
|switch|p2a: Rita|Charizard, L50, F|100/100|[from] Parting Shot
|move|p2b: Soey|Thunderbolt|p1a: Rotom
|-damage|p1a: Rotom|76/100
|move|p1a: Rotom|Hydro Pump|p2a: Rita
|-supereffective|p2a: Rita|1
|-damage|p2a: Rita|32/100
|
|-heal|p1a: Rotom|82/100|[from] item: Leftovers
|upkeep
|turn|3
|
|t:|1784920415
|detailschange|p2a: Rita|Charizard-Mega-Y, L50, F
|-mega|p2a: Rita|Charizard|Charizardite Y
|-weather|SunnyDay|[from] ability: Drought|[of] p2a: Rita
|move|p2b: Soey|Thunderbolt|p1a: Rotom
|-damage|p1a: Rotom|60/100
|move|p1b: Incineroar|Darkest Lariat|p2b: Soey
|-supereffective|p2b: Soey|1
|-damage|p2b: Soey|0 fnt
|faint|p2b: Soey
|move|p1a: Rotom|Thunderbolt|p2a: Rita
|-supereffective|p2a: Rita|1
|-crit|p2a: Rita
|-damage|p2a: Rita|0 fnt
|faint|p2a: Rita
|
|-weather|SunnyDay|[upkeep]
|-heal|p1a: Rotom|66/100|[from] item: Leftovers
|upkeep
|
|t:|1784920425
|switch|p2b: Ryan|Sylveon, L50, M|100/100
|switch|p2a: Lily|Incineroar, L50, F|100/100
|-ability|p2a: Lily|Intimidate|boost
|-unboost|p1a: Rotom|atk|1
|-unboost|p1b: Incineroar|atk|1
|turn|4
|
|t:|1784920445
|switch|p1a: Basculegion|Basculegion, L50, M|100/100
|move|p2a: Lily|Darkest Lariat|p1a: Basculegion
|-supereffective|p1a: Basculegion|1
|-damage|p1a: Basculegion|19/100
|move|p1b: Incineroar|Parting Shot|p2b: Ryan
|-unboost|p2b: Ryan|atk|1
|-unboost|p2b: Ryan|spa|1
|
|t:|1784920452
|switch|p1b: Rotom|Rotom-Wash, L50|66/100|[from] Parting Shot
|move|p2b: Ryan|Calm Mind|p2b: Ryan
|-boost|p2b: Ryan|spa|1
|-boost|p2b: Ryan|spd|1
|
|-weather|SunnyDay|[upkeep]
|-heal|p1b: Rotom|71/100|[from] item: Leftovers
|upkeep
|turn|5
|
|t:|1784920481
|move|p2a: Lily|Darkest Lariat|p1b: Rotom
|-damage|p1b: Rotom|36/100
|move|p2b: Ryan|Hyper Voice|p1a: Basculegion|[spread] p1a,p1b
|-damage|p1a: Basculegion|0 fnt
|-damage|p1b: Rotom|1/100
|faint|p1a: Basculegion
|move|p1b: Rotom|Hydro Pump|p2a: Lily
|-supereffective|p2a: Lily|1
|-damage|p2a: Lily|64/100
|
|-weather|SunnyDay|[upkeep]
|-heal|p1b: Rotom|7/100|[from] item: Leftovers
|-fieldend|move: Trick Room
|upkeep
|
|t:|1784920485
|switch|p1a: Staraptor|Staraptor, L50, F|100/100
|-ability|p1a: Staraptor|Intimidate|boost
|-unboost|p2a: Lily|atk|1
|-unboost|p2b: Ryan|atk|1
|turn|6
|
|t:|1784920499
|detailschange|p1a: Staraptor|Staraptor-Mega, L50, F
|-mega|p1a: Staraptor|Staraptor|Staraptite
|move|p1a: Staraptor|Close Combat|p2a: Lily
|-supereffective|p2a: Lily|1
|-damage|p2a: Lily|0 fnt
|-boost|p1a: Staraptor|def|1
|-boost|p1a: Staraptor|spd|1
|faint|p2a: Lily
|move|p1b: Rotom|Thunderbolt|p2b: Ryan
|-damage|p2b: Ryan|84/100
|move|p2b: Ryan|Hyper Voice|p1a: Staraptor|[spread] p1a,p1b
|-supereffective|p1a: Staraptor|1
|-damage|p1a: Staraptor|34/100
|-damage|p1b: Rotom|0 fnt
|faint|p1b: Rotom
|
|-weather|SunnyDay|[upkeep]
|upkeep
|
|t:|1784920509
|switch|p1b: Incineroar|Incineroar, L50, F|100/100
|-ability|p1b: Incineroar|Intimidate|boost
|-unboost|p2b: Ryan|atk|1
|turn|7
|
|t:|1784920513
|move|p2b: Ryan|Detect|p2b: Ryan
|-singleturn|p2b: Ryan|Protect
|move|p1b: Incineroar|Fake Out|p2b: Ryan
|-activate|p2b: Ryan|move: Protect
|move|p1a: Staraptor|Roost|p1a: Staraptor
|-heal|p1a: Staraptor|84/100
|-singleturn|p1a: Staraptor|move: Roost
|
|-weather|none
|upkeep
|turn|8
|
|t:|1784920518
|move|p1a: Staraptor|Close Combat|p2b: Ryan
|-resisted|p2b: Ryan|1
|-damage|p2b: Ryan|52/100
|-boost|p1a: Staraptor|def|1
|-boost|p1a: Staraptor|spd|1
|move|p2b: Ryan|Hyper Voice|p1b: Incineroar|[spread] p1a,p1b
|-supereffective|p1a: Staraptor|1
|-damage|p1a: Staraptor|36/100
|-damage|p1b: Incineroar|71/100
|move|p1b: Incineroar|Parting Shot|p2b: Ryan
|-unboost|p2b: Ryan|atk|1
|-unboost|p2b: Ryan|spa|1
|
|upkeep
|turn|9
|
|t:|1784920528
|move|p1a: Staraptor|Roost|p1a: Staraptor
|-heal|p1a: Staraptor|86/100
|-singleturn|p1a: Staraptor|move: Roost
|move|p2b: Ryan|Hyper Voice|p1a: Staraptor|[spread] p1a,p1b
|-supereffective|p1a: Staraptor|1
|-damage|p1a: Staraptor|56/100
|-damage|p1b: Incineroar|51/100
|move|p1b: Incineroar|Parting Shot|p2b: Ryan
|-unboost|p2b: Ryan|atk|1
|-unboost|p2b: Ryan|spa|1
|
|upkeep
|turn|10
|
|t:|1784920543
|move|p1a: Staraptor|Roost|p1a: Staraptor
|-heal|p1a: Staraptor|100/100
|-singleturn|p1a: Staraptor|move: Roost
|move|p2b: Ryan|Hyper Voice|p1a: Staraptor|[spread] p1a,p1b
|-supereffective|p1a: Staraptor|1
|-damage|p1a: Staraptor|76/100
|-damage|p1b: Incineroar|36/100
|-enditem|p1b: Incineroar|Sitrus Berry|[eat]
|-heal|p1b: Incineroar|61/100|[from] item: Sitrus Berry
|move|p1b: Incineroar|Darkest Lariat|p2b: Ryan
|-resisted|p2b: Ryan|1
|-damage|p2b: Ryan|35/100
|
|upkeep
|turn|11
|
|t:|1784920547
|move|p1a: Staraptor|Brave Bird|p2b: Ryan
|-damage|p2b: Ryan|0 fnt
|faint|p2b: Ryan
|-damage|p1a: Staraptor|63/100|[from] Recoil
|
|win|Adam2E
||Adam2E is ready for game 2.
||regitron 21 is ready for game 2.
|uhtml|next|Next: Game 2 of 3
|c|☆regitron 21|gg
