|j|☆LedaBMore
|j|☆javi fuego
|html|LedaBMorejavi fuego    
|uhtml|bestof|Game 2 of a best-of-3
|t:|1786009737
|gametype|doubles
|player|p1|LedaBMore|dahlia|1247
|player|p2|javi fuego|1|1346
|gen|9
|tier|[Gen 9 Champions] VGC 2026 Reg M-B (Bo3)
|rated|
|rule|Species Clause: Limit one of each Pokémon
|rule|Item Clause: Limit 1 of each item
|clearpoke
|poke|p1|Mawile, L50, F|
|poke|p1|Incineroar, L50, M|
|poke|p1|Hydrapple, L50, M|
|poke|p1|Farigiraf, L50, F|
|poke|p1|Basculegion-F, L50, F|
|poke|p1|Pelipper, L50, F|
|poke|p2|Glimmora, L50, M|
|poke|p2|Whimsicott, L50, F|
|poke|p2|Ninetales-Alola, L50, F|
|poke|p2|Kingambit, L50, M|
|poke|p2|Kommo-o, L50, M|
|poke|p2|Basculegion, L50, M|
|teampreview|4
|showteam|p1|Mawile||Mawilite|HyperCutter|RockSlide,PlayRough,SuckerPunch,Protect|Adamant||F|||50|]Incineroar||WhiteHerb|Intimidate|FakeOut,PartingShot,FlareBlitz,ThroatChop|Adamant||M|||50|]Hydrapple||LifeOrb|Regenerator|LeafStorm,FickleBeam,EarthPower,Protect|Quiet||M|||50|]Farigiraf||ColburBerry|ArmorTail|TrickRoom,PsychicFangs,LowKick,HelpingHand|Brave||F|||50|]Basculegion-F||MysticWater|SwiftSwim|MuddyWater,HydroPump,ShadowBall,Protect|Modest||F|||50|]Pelipper||SitrusBerry|Drizzle|WeatherBall,Hurricane,Tailwind,WideGuard|Modest||F|||50|
|showteam|p2|Glimmora||Glimmoranite|ToxicDebris|SludgeBomb,PowerGem,EarthPower,SpikyShield|Modest||M|||50|]Whimsicott||FocusSash|Prankster|Moonblast,Tailwind,Encore,Protect|Timid||F|||50|]Ninetales-Alola||NeverMeltIce|SnowWarning|Blizzard,FreezeDry,Disable,Protect|Timid||F|||50|]Kingambit||BlackGlasses|Defiant|KowtowCleave,SuckerPunch,IronHead,Protect|Adamant||M|||50|]Kommo-o||LifeOrb|Overcoat|ClangingScales,AuraSphere,VacuumWave,Protect|Modest||M|||50|]Basculegion||ChoiceScarf|Adaptability|WaveCrash,AquaJet,LastRespects,FlipTurn|Jolly||M|||50|
|
|t:|1786009754
|teamsize|p1|4
|teamsize|p2|4
|start
|switch|p1a: Incineroar|Incineroar, L50, M|100/100
|switch|p1b: Farigiraf|Farigiraf, L50, F|100/100
|switch|p2a: Kingambit|Kingambit, L50, M|100/100
|switch|p2b: Basculegion|Basculegion, L50, M|100/100
|-ability|p1a: Incineroar|Intimidate|boost
|-unboost|p2a: Kingambit|atk|1
|-ability|p2a: Kingambit|Defiant|boost
|-boost|p2a: Kingambit|atk|2
|-unboost|p2b: Basculegion|atk|1
|turn|1
|
|t:|1786009786
|move|p1a: Incineroar|Fake Out|p2a: Kingambit
|-resisted|p2a: Kingambit|1
|-damage|p2a: Kingambit|94/100
|move|p2b: Basculegion|Flip Turn|p1b: Farigiraf
|-damage|p1b: Farigiraf|78/100
|
|t:|1786009800
|switch|p2b: Ninetales|Ninetales-Alola, L50, F|100/100|[from] Flip Turn
|-weather|Snowscape|[from] ability: Snow Warning|[of] p2b: Ninetales
|cant|p2a: Kingambit|flinch
|move|p1b: Farigiraf|Trick Room|p1b: Farigiraf
|-fieldstart|move: Trick Room|[of] p1b: Farigiraf
|
|-weather|Snowscape|[upkeep]
|upkeep
|turn|2
|
|t:|1786009816
|switch|p2b: Basculegion|Basculegion, L50, M|100/100
|move|p1b: Farigiraf|Low Kick|p2a: Kingambit
|-supereffective|p2a: Kingambit|2
|-damage|p2a: Kingambit|4/100
|move|p1a: Incineroar|Flare Blitz|p2b: Basculegion
|-resisted|p2b: Basculegion|1
|-damage|p2b: Basculegion|68/100
|-damage|p1a: Incineroar|90/100|[from] Recoil
|move|p2a: Kingambit|Kowtow Cleave|p1b: Farigiraf
|-supereffective|p1b: Farigiraf|1
|-enditem|p1b: Farigiraf|Colbur Berry|[eat]
|-enditem|p1b: Farigiraf|Colbur Berry|[weaken]
|-damage|p1b: Farigiraf|0 fnt
|faint|p1b: Farigiraf
|
|-weather|Snowscape|[upkeep]
|upkeep
|
|t:|1786009822
|switch|p1b: Hydrapple|Hydrapple, L50, M|100/100
|turn|3
|
|t:|1786009855
|move|p2a: Kingambit|Sucker Punch|p1b: Hydrapple
|-damage|p1b: Hydrapple|38/100
|move|p2b: Basculegion|Aqua Jet|p1b: Hydrapple
|-resisted|p1b: Hydrapple|2
|-damage|p1b: Hydrapple|33/100
|move|p1b: Hydrapple|Leaf Storm|p2b: Basculegion
|-supereffective|p2b: Basculegion|1
|-damage|p2b: Basculegion|0 fnt
|-unboost|p1b: Hydrapple|spa|2
|faint|p2b: Basculegion
|-damage|p1b: Hydrapple|24/100|[from] item: Life Orb
|move|p1a: Incineroar|Throat Chop|p2a: Kingambit
|-resisted|p2a: Kingambit|1
|-damage|p2a: Kingambit|0 fnt
|faint|p2a: Kingambit
|
|-weather|Snowscape|[upkeep]
|upkeep
|
|t:|1786009864
|switch|p2a: Glimmora|Glimmora, L50, M|100/100
|switch|p2b: Ninetales|Ninetales-Alola, L50, F|100/100
|turn|4
|
|t:|1786009895
|detailschange|p2a: Glimmora|Glimmora-Mega, L50, M
|-mega|p2a: Glimmora|Glimmora|Glimmoranite
|move|p2a: Glimmora|Spiky Shield|p2a: Glimmora
|-singleturn|p2a: Glimmora|move: Protect
|move|p1b: Hydrapple|Earth Power|p2a: Glimmora
|-activate|p2a: Glimmora|move: Protect
|move|p1a: Incineroar|Flare Blitz|p2b: Ninetales
|-supereffective|p2b: Ninetales|1
|-damage|p2b: Ninetales|0 fnt
|faint|p2b: Ninetales
|-damage|p1a: Incineroar|65/100|[from] Recoil
|
|-weather|Snowscape|[upkeep]
|upkeep
|turn|5
|
|t:|1786009909
|move|p2a: Glimmora|Spiky Shield||[still]
|-fail|p2a: Glimmora
|move|p1b: Hydrapple|Earth Power|p2a: Glimmora
|-supereffective|p2a: Glimmora|2
|-damage|p2a: Glimmora|11/100
|-damage|p1b: Hydrapple|14/100|[from] item: Life Orb
|move|p1a: Incineroar|Parting Shot|p2a: Glimmora
|-unboost|p2a: Glimmora|atk|1
|-unboost|p2a: Glimmora|spa|1
|
|t:|1786009911
|switch|p1a: Mawile|Mawile, L50, F|100/100|[from] Parting Shot
|
|-weather|none
|-fieldend|move: Trick Room
|upkeep
|turn|6
|
|t:|1786009919
|detailschange|p1a: Mawile|Mawile-Mega, L50, F
|-mega|p1a: Mawile|Mawile|Mawilite
|move|p1a: Mawile|Sucker Punch|p2a: Glimmora
|-damage|p2a: Glimmora|0 fnt
|faint|p2a: Glimmora
|
|win|LedaBMore
|inactive|LedaBMore has 30 seconds to confirm battle start!
|inactive|javi fuego has 30 seconds to confirm battle start!
||LedaBMore is ready for game 3.
|inactive|javi fuego has 20 seconds to confirm battle start!
||javi fuego is ready for game 3.
|uhtml|next|Next: Game 3 of 3
