|j|☆TheDark69420
|j|☆naibot2814
|html|TheDark69420naibot2814    
|uhtml|bestof|Game 1 of a best-of-3
|t:|1782567867
|gametype|doubles
|player|p1|TheDark69420|ghetsis-gen5bw|1212
|player|p2|naibot2814|ghetsis|1356
|gen|9
|tier|[Gen 9 Champions] VGC 2026 Reg M-B (Bo3)
|rated|
|rule|Species Clause: Limit one of each Pokémon
|rule|Item Clause: Limit 1 of each item
|clearpoke
|poke|p1|Feraligatr, L50, M|
|poke|p1|Clefable, L50, F|
|poke|p1|Archaludon, L50, F|
|poke|p1|Pelipper, L50, F|
|poke|p1|Scizor, L50, M|
|poke|p1|Rotom-Wash, L50|
|poke|p2|Metagross, L50, shiny|
|poke|p2|Sneasler, L50, M|
|poke|p2|Hydreigon, L50, M|
|poke|p2|Incineroar, L50, M|
|poke|p2|Aerodactyl, L50, M|
|poke|p2|Floette-Eternal, L50, F|
|teampreview|4
|showteam|p1|Feraligatr||Feraligite|Torrent|BodySlam,Waterfall,DragonDance,Protect|Jolly||M|||50|]Clefable||SitrusBerry|Unaware|FollowMe,HealPulse,Moonblast,Protect|Modest||F|||50|]Archaludon||Leftovers|Stamina|ElectroShot,DragonPulse,Protect,FlashCannon|Modest||F|||50|]Pelipper||LifeOrb|Drizzle|WeatherBall,Tailwind,Hurricane,Protect|Modest||F|||50|]Scizor||Scizorite|Technician|BulletPunch,SwordsDance,BugBite,Protect|Adamant||M|||50|]Rotom-Wash||ChoiceScarf|Levitate|WillOWisp,Thunder,HydroPump,Electroweb|Modest|||||50|
|showteam|p2|Metagross||Metagrossite|ClearBody|PsychicFangs,BodyPress,IronHead,Protect|Jolly|||||50|]Sneasler||WhiteHerb|Unburden|FakeOut,Coaching,CloseCombat,DireClaw|Jolly||M|||50|]Hydreigon||ChoiceScarf|Levitate|DracoMeteor,Snarl,DarkPulse,Flamethrower|Modest||M|||50|]Incineroar||PasshoBerry|Intimidate|FakeOut,DarkestLariat,FlareBlitz,PartingShot|Careful||M|||50|]Aerodactyl||FocusSash|Unnerve|DualWingbeat,RockSlide,WideGuard,Tailwind|Jolly||M|||50|]Floette-Eternal||Floettite|FlowerVeil|DrainingKiss,DazzlingGleam,CalmMind,Protect|Modest||F|||50|
|inactive|Battle timer is ON: inactive players will automatically lose when time's up. (requested by TheDark69420)
|inactive|TheDark69420 has 60 seconds left.
|inactive|naibot2814 has 60 seconds left.
|inactive|TheDark69420 has 30 seconds left.
|inactive|naibot2814 has 30 seconds left.
|inactive|TheDark69420 has 20 seconds left.
|
|t:|1782567943
|teamsize|p1|4
|teamsize|p2|4
|start
|switch|p1a: Feraligatr|Feraligatr, L50, M|100/100
|switch|p1b: Rotom|Rotom-Wash, L50|100/100
|switch|p2a: Madoka Kaname|Floette-Eternal, L50, F|100/100
|switch|p2b: Nagatoro|Sneasler, L50, M|100/100
|turn|1
|
|t:|1782567956
|detailschange|p2a: Madoka Kaname|Floette-Mega, L50, F
|-mega|p2a: Madoka Kaname|Floette|Floettite
|-ability|p2a: Madoka Kaname|Fairy Aura
|move|p1a: Feraligatr|Protect|p1a: Feraligatr
|-singleturn|p1a: Feraligatr|Protect
|move|p2b: Nagatoro|Fake Out|p1a: Feraligatr
|-activate|p1a: Feraligatr|move: Protect
|move|p1b: Rotom|Electroweb|p2a: Madoka Kaname|[spread] p2a,p2b
|-damage|p2a: Madoka Kaname|84/100
|-damage|p2b: Nagatoro|71/100
|-unboost|p2a: Madoka Kaname|spe|1
|-unboost|p2b: Nagatoro|spe|1
|-enditem|p2b: Nagatoro|White Herb
|-clearnegativeboost|p2b: Nagatoro|[silent]
|move|p2a: Madoka Kaname|Calm Mind|p2a: Madoka Kaname
|-boost|p2a: Madoka Kaname|spa|1
|-boost|p2a: Madoka Kaname|spd|1
|
|upkeep
|turn|2
|inactive|TheDark69420 has 30 seconds left.
|inactive|naibot2814 has 30 seconds left.
|
|t:|1782567984
|detailschange|p1a: Feraligatr|Feraligatr-Mega, L50, M
|-mega|p1a: Feraligatr|Feraligatr|Feraligite
|move|p2a: Madoka Kaname|Protect|p2a: Madoka Kaname
|-singleturn|p2a: Madoka Kaname|Protect
|move|p2b: Nagatoro|Close Combat|p1a: Feraligatr
|-damage|p1a: Feraligatr|55/100
|-unboost|p2b: Nagatoro|def|1
|-unboost|p2b: Nagatoro|spd|1
|move|p1b: Rotom|Electroweb|p2a: Madoka Kaname|[spread] p2b
|-activate|p2a: Madoka Kaname|move: Protect
|-damage|p2b: Nagatoro|26/100
|-unboost|p2b: Nagatoro|spe|1
|move|p1a: Feraligatr|Waterfall|p2a: Madoka Kaname
|-activate|p2a: Madoka Kaname|move: Protect
|
|upkeep
|turn|3
|
|t:|1782568004
|switch|p2b: Gumball|Incineroar, L50, M|100/100
|-ability|p2b: Gumball|Intimidate|boost
|-unboost|p1a: Feraligatr|atk|1
|-unboost|p1b: Rotom|atk|1
|move|p1b: Rotom|Electroweb|p2a: Madoka Kaname|[spread] p2a,p2b
|-damage|p2a: Madoka Kaname|72/100
|-damage|p2b: Gumball|85/100
|-unboost|p2a: Madoka Kaname|spe|1
|-unboost|p2b: Gumball|spe|1
|move|p1a: Feraligatr|Waterfall|p2a: Madoka Kaname
|-damage|p2a: Madoka Kaname|44/100
|move|p2a: Madoka Kaname|Draining Kiss|p1a: Feraligatr
|-supereffective|p1a: Feraligatr|1
|-damage|p1a: Feraligatr|0 fnt
|-heal|p2a: Madoka Kaname|94/100|[from] drain|[of] p1a: Feraligatr
|faint|p1a: Feraligatr
|
|upkeep
|inactive|TheDark69420 has 30 seconds left.
|
|t:|1782568030
|switch|p1a: Pelipper|Pelipper, L50, F|100/100
|-weather|RainDance|[from] ability: Drizzle|[of] p1a: Pelipper
|turn|4
|
|t:|1782568036
|move|p1a: Pelipper|Protect|p1a: Pelipper
|-singleturn|p1a: Pelipper|Protect
|move|p2b: Gumball|Fake Out|p1a: Pelipper
|-activate|p1a: Pelipper|move: Protect
|move|p1b: Rotom|Electroweb|p2a: Madoka Kaname|[spread] p2b
|-miss|p1b: Rotom|p2a: Madoka Kaname
|-damage|p2b: Gumball|68/100
|-unboost|p2b: Gumball|spe|1
|move|p2a: Madoka Kaname|Dazzling Gleam|p1b: Rotom|[spread] p1b
|-activate|p1a: Pelipper|move: Protect
|-damage|p1b: Rotom|10/100
|
|-weather|RainDance|[upkeep]
|upkeep
|turn|5
|
|t:|1782568056
|move|p1b: Rotom|Electroweb|p2b: Gumball|[spread] p2a,p2b
|-damage|p2a: Madoka Kaname|82/100
|-damage|p2b: Gumball|51/100
|-unboost|p2a: Madoka Kaname|spe|1
|-unboost|p2b: Gumball|spe|1
|move|p1a: Pelipper|Hurricane|p2a: Madoka Kaname
|-damage|p2a: Madoka Kaname|47/100
|-damage|p1a: Pelipper|90/100|[from] item: Life Orb
|move|p2a: Madoka Kaname|Dazzling Gleam|p1b: Rotom|[spread] p1a,p1b
|-damage|p1a: Pelipper|0 fnt
|-damage|p1b: Rotom|0 fnt
|faint|p1a: Pelipper
|faint|p1b: Rotom
|move|p2b: Gumball|Parting Shot|p1: Pelipper|[notarget]
|-fail|p2b: Gumball
|
|-weather|RainDance|[upkeep]
|upkeep
|
|t:|1782568074
|switch|p1b: Clefable|Clefable, L50, F|100/100
|turn|6
|
|t:|1782568082
|move|p1b: Clefable|Moonblast|p2a: Madoka Kaname
|-damage|p2a: Madoka Kaname|4/100
|move|p2a: Madoka Kaname|Draining Kiss|p1b: Clefable
|-damage|p1b: Clefable|68/100
|-heal|p2a: Madoka Kaname|34/100|[from] drain|[of] p1b: Clefable
|move|p2b: Gumball|Parting Shot|p1b: Clefable
|-unboost|p1b: Clefable|atk|1
|-unboost|p1b: Clefable|spa|1
|
|t:|1782568091
|switch|p2b: Nagatoro|Sneasler, L50, M|26/100|[from] Parting Shot
|
|-weather|RainDance|[upkeep]
|upkeep
|turn|7
|-message|TheDark69420 forfeited.
|
|win|naibot2814
|l|☆TheDark69420
|player|p1|
||naibot2814 is ready for game 2.
||TheDark69420 is ready for game 2.
|uhtml|next|Next: Game 2 of 3
