|j|☆lordtentacle69
|j|☆sergio23perez
|html|lordtentacle69sergio23perez    
|uhtml|bestof|Game 3 of a best-of-3
|t:|1784876254
|gametype|doubles
|player|p1|lordtentacle69|corbeau|1333
|player|p2|sergio23perez|102|1322
|gen|9
|tier|[Gen 9 Champions] VGC 2026 Reg M-B (Bo3)
|rated|
|rule|Species Clause: Limit one of each Pokémon
|rule|Item Clause: Limit 1 of each item
|clearpoke
|poke|p1|Delphox, L50, M|
|poke|p1|Incineroar, L50, M|
|poke|p1|Maushold-Four, L50|
|poke|p1|Sinistcha, L50|
|poke|p1|Sneasler, L50, F|
|poke|p1|Blastoise, L50, M|
|poke|p2|Whimsicott, L50, F|
|poke|p2|Charizard, L50, M, shiny|
|poke|p2|Kingambit, L50, M|
|poke|p2|Floette-Eternal, L50, F|
|poke|p2|Garchomp, L50, M|
|poke|p2|Basculegion, L50, M|
|teampreview|4
|showteam|p1|Delphox||Delphoxite|Blaze|HeatWave,Psychic,NastyPlot,Protect|Timid||M|||50|]Incineroar||SitrusBerry|Intimidate|FakeOut,PartingShot,FlareBlitz,ThroatChop|Impish||M|||50|]Maushold-Four||ChopleBerry|FriendGuard|Feint,HelpingHand,Protect,FollowMe|Impish|||||50|]Sinistcha||ColburBerry|Hospitality|Protect,MatchaGotcha,TrickRoom,RagePowder|Bold|||||50|]Sneasler||FocusSash|PoisonTouch|CloseCombat,PoisonJab,QuickGuard,FakeOut|Adamant||F|||50|]Blastoise||Blastoisinite|RainDish|Protect,WaterSpout,DarkPulse,ShellSmash|Timid||M|||50|
|showteam|p2|Whimsicott||FocusSash|Prankster|Protect,Tailwind,Encore,Moonblast|Timid||F|||50|]Charizard||CharizarditeY|SolarPower|SolarBeam,HeatWave,Protect,WeatherBall|Timid||M|||50|]Kingambit||ChopleBerry|Defiant|Protect,SuckerPunch,KowtowCleave,LowKick|Adamant||M|||50|]Floette-Eternal||Floettite|FlowerVeil|LightofRuin,Moonblast,DazzlingGleam,Protect|Modest||F|||50|]Garchomp||LifeOrb|RoughSkin|RockSlide,Protect,DragonClaw,StompingTantrum|Jolly||M|||50|]Basculegion||ChoiceScarf|Adaptability|AquaJet,LastRespects,WaveCrash,FlipTurn|Jolly||M|||50|
|inactive|Battle timer is ON: inactive players will automatically lose when time's up. (requested by sergio23perez)
|
|t:|1784876272
|teamsize|p1|4
|teamsize|p2|4
|start
|switch|p1a: Unctober|Delphox, L50, M|100/100
|switch|p1b: Gochujang|Incineroar, L50, M|100/100
|switch|p2a: Kingambit|Kingambit, L50, M|100/100
|switch|p2b: Basculegion|Basculegion, L50, M|100/100
|-ability|p1b: Gochujang|Intimidate|boost
|-unboost|p2a: Kingambit|atk|1
|-ability|p2a: Kingambit|Defiant|boost
|-boost|p2a: Kingambit|atk|2
|-unboost|p2b: Basculegion|atk|1
|turn|1
|
|t:|1784876288
|detailschange|p1a: Unctober|Delphox-Mega, L50, M
|-mega|p1a: Unctober|Delphox|Delphoxite
|move|p1a: Unctober|Protect|p1a: Unctober
|-singleturn|p1a: Unctober|Protect
|move|p2b: Basculegion|Wave Crash|p1a: Unctober
|-activate|p1a: Unctober|move: Protect
|move|p1b: Gochujang|Parting Shot|p2b: Basculegion
|-unboost|p2b: Basculegion|atk|1
|-unboost|p2b: Basculegion|spa|1
|
|t:|1784876296
|switch|p1b: MMCH|Maushold-Four, L50|100/100|[from] Parting Shot
|move|p2a: Kingambit|Kowtow Cleave|p1a: Unctober
|-activate|p1a: Unctober|move: Protect
|
|upkeep
|turn|2
|
|t:|1784876303
|move|p1b: MMCH|Follow Me|p1b: MMCH
|-singleturn|p1b: MMCH|move: Follow Me
|move|p2b: Basculegion|Wave Crash|p1b: MMCH
|-damage|p1b: MMCH|62/100
|-damage|p2b: Basculegion|88/100|[from] Recoil
|move|p1a: Unctober|Nasty Plot|p1a: Unctober
|-boost|p1a: Unctober|spa|2
|move|p2a: Kingambit|Kowtow Cleave|p1b: MMCH
|-damage|p1b: MMCH|0 fnt
|faint|p1b: MMCH
|
|upkeep
|
|t:|1784876313
|switch|p1b: Green Day|Sinistcha, L50|100/100
|turn|3
|
|t:|1784876324
|switch|p2b: Garchomp|Garchomp, L50, M|100/100
|move|p2a: Kingambit|Protect|p2a: Kingambit
|-singleturn|p2a: Kingambit|Protect
|move|p1b: Green Day|Rage Powder|p1b: Green Day
|-singleturn|p1b: Green Day|move: Rage Powder
|move|p1a: Unctober|Heat Wave|p2b: Garchomp|[spread] p2b
|-activate|p2a: Kingambit|move: Protect
|-resisted|p2b: Garchomp|1
|-damage|p2b: Garchomp|54/100
|
|upkeep
|turn|4
|
|t:|1784876343
|move|p1b: Green Day|Rage Powder|p1b: Green Day
|-singleturn|p1b: Green Day|move: Rage Powder
|move|p1a: Unctober|Heat Wave|p2a: Kingambit|[spread] p2a,p2b
|-supereffective|p2a: Kingambit|1
|-resisted|p2b: Garchomp|1
|-damage|p2a: Kingambit|0 fnt
|-damage|p2b: Garchomp|6/100
|faint|p2a: Kingambit
|move|p2b: Garchomp|Rock Slide|p1a: Unctober|[spread] p1a,p1b
|-supereffective|p1a: Unctober|1
|-damage|p1a: Unctober|32/100
|-damage|p1b: Green Day|79/100
|-damage|p2b: Garchomp|0 fnt|[from] item: Life Orb
|faint|p2b: Garchomp
|
|upkeep
|
|t:|1784876353
|switch|p2b: Charizard|Charizard, L50, M, shiny|100/100
|switch|p2a: Basculegion|Basculegion, L50, M|88/100
|turn|5
|inactive|sergio23perez has 30 seconds left.
|inactive|lordtentacle69 has 30 seconds left.
|
|t:|1784876397
|switch|p1b: Gochujang|Incineroar, L50, M|100/100
|-ability|p1b: Gochujang|Intimidate|boost
|-unboost|p2a: Basculegion|atk|1
|-unboost|p2b: Charizard|atk|1
|detailschange|p2b: Charizard|Charizard-Mega-Y, L50, M, shiny
|-mega|p2b: Charizard|Charizard|Charizardite Y
|-weather|SunnyDay|[from] ability: Drought|[of] p2b: Charizard
|move|p1a: Unctober|Protect|p1a: Unctober
|-singleturn|p1a: Unctober|Protect
|move|p2a: Basculegion|Last Respects|p1a: Unctober
|-activate|p1a: Unctober|move: Protect
|move|p2b: Charizard|Weather Ball|p1b: Gochujang
|-resisted|p1b: Gochujang|1
|-damage|p1b: Gochujang|60/100
|
|-weather|SunnyDay|[upkeep]
|upkeep
|turn|6
|
|t:|1784876416
|switch|p1a: Green Day|Sinistcha, L50|79/100
|-heal|p1b: Gochujang|85/100|[from] ability: Hospitality|[of] p1a: Green Day
|move|p2a: Basculegion|Last Respects|p1a: Green Day
|-supereffective|p1a: Green Day|1
|-damage|p1a: Green Day|0 fnt
|faint|p1a: Green Day
|move|p2b: Charizard|Weather Ball|p1b: Gochujang
|-resisted|p1b: Gochujang|1
|-damage|p1b: Gochujang|49/100
|-enditem|p1b: Gochujang|Sitrus Berry|[eat]
|-heal|p1b: Gochujang|74/100|[from] item: Sitrus Berry
|move|p1b: Gochujang|Throat Chop|p2a: Basculegion
|-supereffective|p2a: Basculegion|1
|-damage|p2a: Basculegion|5/100
|-start|p2a: Basculegion|Throat Chop|[silent]
|
|-weather|SunnyDay|[upkeep]
|upkeep
|
|t:|1784876431
|switch|p1a: Unctober|Delphox-Mega, L50, M|32/100
|turn|7
|
|t:|1784876441
|move|p1a: Unctober|Protect|p1a: Unctober
|-singleturn|p1a: Unctober|Protect
|move|p2a: Basculegion|Last Respects|p1b: Gochujang
|-resisted|p1b: Gochujang|1
|-damage|p1b: Gochujang|50/100g
|move|p2b: Charizard|Heat Wave|p1b: Gochujang|[spread] p1b
|-activate|p1a: Unctober|move: Protect
|-resisted|p1b: Gochujang|1
|-damage|p1b: Gochujang|22/100
|move|p1b: Gochujang|Throat Chop|p2a: Basculegion
|-supereffective|p2a: Basculegion|1
|-damage|p2a: Basculegion|0 fnt
|faint|p2a: Basculegion
|
|-weather|SunnyDay|[upkeep]
|upkeep
|turn|8
|
|t:|1784876460
|move|p1a: Unctober|Psychic|p2b: Charizard
|-damage|p2b: Charizard|46/100
|move|p2b: Charizard|Heat Wave|p1a: Unctober|[spread] p1a,p1b
|-resisted|p1a: Unctober|1
|-resisted|p1b: Gochujang|1
|-damage|p1a: Unctober|6/100
|-damage|p1b: Gochujang|0 fnt
|faint|p1b: Gochujang
|
|-weather|SunnyDay|[upkeep]
|upkeep
|turn|9
|
|t:|1784876468
|move|p1a: Unctober|Psychic|p2b: Charizard
|-damage|p2b: Charizard|0 fnt
|faint|p2b: Charizard
|
|win|lordtentacle69
|raw|lordtentacle69's rating: 1333 → 1352(+19 for winning)
|raw|sergio23perez's rating: 1322 → 1303(-19 for losing)
|l|☆sergio23perez
|player|p2|
|l|☆lordtentacle69
|player|p1|
|j|☆lordtentacle69
|player|p1|lordtentacle69|corbeau|
