|j|☆Carter.Dev
|j|☆Jasondddd
|html|Carter.DevJasondddd    
|uhtml|bestof|Game 3 of a best-of-3
|t:|1754632773
|gametype|doubles
|player|p1|Carter.Dev|101|1355
|player|p2|Jasondddd|265|1257
|gen|9
|tier|[Gen 9] VGC 2025 Reg H (Bo3)
|rated|
|rule|Species Clause: Limit one of each Pokémon
|rule|Item Clause: Limit 1 of each item
|clearpoke
|poke|p1|Garchomp, L50, F|
|poke|p1|Gholdengo, L50|
|poke|p1|Incineroar, L50, F|
|poke|p1|Amoonguss, L50, F|
|poke|p1|Kilowattrel, L50, M|
|poke|p1|Tyranitar, L50, F|
|poke|p2|Volcarona, L50, M|
|poke|p2|Electabuzz, L50, M|
|poke|p2|Kingambit, L50, M|
|poke|p2|Sneasler, L50, M|
|poke|p2|Rillaboom, L50, M|
|poke|p2|Basculegion, L50, M|
|teampreview|4
|showteam|p1|Garchomp||LifeOrb|SandVeil|DragonClaw,StompingTantrum,Earthquake,Protect|||F|||50|,,,,,Ground]Gholdengo||MetalCoat|GoodasGold|MakeItRain,ShadowBall,NastyPlot,Protect||||||50|,,,,,Flying]Incineroar||SafetyGoggles|Intimidate|FakeOut,FlareBlitz,KnockOff,PartingShot|||F|||50|,,,,,Ghost]Amoonguss||SitrusBerry|Regenerator|Spore,RagePowder,PollenPuff,Protect|||F|||50|,,,,,Water]Kilowattrel||FocusSash|Competitive|Electroweb,VoltSwitch,AirSlash,Tailwind|||M|||50|,,,,,Ghost]Tyranitar||AssaultVest|SandStream|RockSlide,KnockOff,LowKick,TeraBlast|||F|||50|,,,,,Flying
|showteam|p2|Volcarona||CovertCloak|FlameBody|Protect,QuiverDance,HeatWave,TeraBlast|||M|||50|,,,,,Fairy]Electabuzz||Eviolite|VitalSpirit|Protect,Thunderbolt,Taunt,FollowMe|||M|||50|,,,,,Dragon]Kingambit||SafetyGoggles|Defiant|Protect,SwordsDance,SuckerPunch,KowtowCleave|||M|||50|,,,,,Dark]Sneasler||FocusSash|Unburden|FakeOut,DireClaw,Protect,CloseCombat|||M|||50|,,,,,Ghost]Rillaboom||AssaultVest|GrassySurge|FakeOut,GrassyGlide,WoodHammer,Uturn|||M|||50|,,,,,Fire]Basculegion||ChoiceScarf|Adaptability|FlipTurn,AquaJet,LastRespects,WaveCrash|||M|||50|,,,,,Fairy
|
|t:|1754632798
|teamsize|p1|4
|teamsize|p2|4
|start
|switch|p1a: Incineroar|Incineroar, L50, F, shiny|100/100
|switch|p1b: Tyranitar|Tyranitar, L50, F|100/100
|switch|p2a: Volcarona|Volcarona, L50, M|100/100
|switch|p2b: Rillaboom|Rillaboom, L50, M|100/100
|-ability|p1a: Incineroar|Intimidate|boost
|-unboost|p2a: Volcarona|atk|1
|-unboost|p2b: Rillaboom|atk|1
|-fieldstart|move: Grassy Terrain|[from] ability: Grassy Surge|[of] p2b: Rillaboom
|-weather|Sandstorm|[from] ability: Sand Stream|[of] p1b: Tyranitar
|turn|1
|
|t:|1754632831
|-terastallize|p2a: Volcarona|Fairy
|-terastallize|p1b: Tyranitar|Flying
|move|p2a: Volcarona|Tera Blast|p1b: Tyranitar|[anim] Tera Blast Fairy
|-damage|p1b: Tyranitar|78/100
|move|p1a: Incineroar|Flare Blitz|p2a: Volcarona
|-damage|p2a: Volcarona|36/100
|-damage|p1a: Incineroar|81/100|[from] Recoil
|move|p2b: Rillaboom|U-turn|p1b: Tyranitar
|-resisted|p1b: Tyranitar
|-damage|p1b: Tyranitar|71/100
|
|t:|1754632844
|switch|p2b: Basculegion|Basculegion, L50, M|100/100|[from] U-turn
|move|p1b: Tyranitar|Tera Blast|p2b: Basculegion|[anim] Tera Blast Flying
|-damage|p2b: Basculegion|48/100
|
|-weather|Sandstorm|[upkeep]
|-damage|p2b: Basculegion|42/100|[from] Sandstorm
|-damage|p2a: Volcarona|30/100|[from] Sandstorm
|-damage|p1b: Tyranitar|66/100|[from] Sandstorm
|-heal|p2b: Basculegion|48/100|[from] Grassy Terrain
|-heal|p2a: Volcarona|36/100|[from] Grassy Terrain
|-heal|p1a: Incineroar|87/100|[from] Grassy Terrain
|upkeep
|turn|2
|
|t:|1754632865
|move|p2b: Basculegion|Flip Turn|p1b: Tyranitar
|-damage|p1b: Tyranitar|34/100
|
|t:|1754632874
|switch|p2b: Rillaboom|Rillaboom, L50, M|100/100|[from] Flip Turn
|move|p2a: Volcarona|Heat Wave|p1a: Incineroar|[spread] p1b
|-miss|p2a: Volcarona|p1a: Incineroar
|-damage|p1b: Tyranitar|12/100
|-status|p1b: Tyranitar|brn
|move|p1a: Incineroar|Flare Blitz|p2a: Volcarona
|-damage|p2a: Volcarona|0 fnt
|faint|p2a: Volcarona
|-damage|p1a: Incineroar|76/100|[from] Recoil
|move|p1b: Tyranitar|Rock Slide|p2b: Rillaboom
|-damage|p2b: Rillaboom|82/100
|
|-weather|Sandstorm|[upkeep]
|-damage|p2b: Rillaboom|76/100|[from] Sandstorm
|-damage|p1b: Tyranitar|6/100 brn|[from] Sandstorm
|-heal|p1a: Incineroar|82/100|[from] Grassy Terrain
|-heal|p2b: Rillaboom|82/100|[from] Grassy Terrain
|-damage|p1b: Tyranitar|0 fnt|[from] brn
|faint|p1b: Tyranitar
|upkeep
|
|t:|1754632901
|switch|p2a: Basculegion|Basculegion, L50, M|48/100
|switch|p1b: Garchomp|Garchomp, L50, F, shiny|100/100
|turn|3
|
|t:|1754632943
|move|p2b: Rillaboom|Fake Out|p1a: Incineroar
|-damage|p1a: Incineroar|69/100
|move|p2a: Basculegion|Flip Turn|p1a: Incineroar
|-supereffective|p1a: Incineroar
|-damage|p1a: Incineroar|0 fnt
|faint|p1a: Incineroar
|
|t:|1754632950
|switch|p2a: Kingambit|Kingambit, L50, M|100/100|[from] Flip Turn
|move|p1b: Garchomp|Stomping Tantrum|p2a: Kingambit
|-supereffective|p2a: Kingambit
|-damage|p2a: Kingambit|25/100
|-damage|p1b: Garchomp|91/100|[from] item: Life Orb
|
|-weather|Sandstorm|[upkeep]
|-damage|p2b: Rillaboom|76/100|[from] Sandstorm
|-heal|p1b: Garchomp|97/100|[from] Grassy Terrain
|-heal|p2b: Rillaboom|82/100|[from] Grassy Terrain
|-heal|p2a: Kingambit|31/100|[from] Grassy Terrain
|upkeep
|
|t:|1754632953
|switch|p1a: Kilowattrel|Kilowattrel, L50, M, shiny|100/100
|turn|4
|
|t:|1754632987
|move|p2b: Rillaboom|Grassy Glide|p1a: Kilowattrel
|-resisted|p1a: Kilowattrel
|-damage|p1a: Kilowattrel|68/100
|move|p2a: Kingambit|Sucker Punch||[still]
|-fail|p2a: Kingambit
|move|p1a: Kilowattrel|Tailwind|p1a: Kilowattrel
|-sidestart|p1: Carter.Dev|move: Tailwind
|move|p1b: Garchomp|Earthquake|p2a: Kingambit|[spread] p2a,p2b
|-immune|p1a: Kilowattrel
|-supereffective|p2a: Kingambit
|-resisted|p2b: Rillaboom
|-crit|p2b: Rillaboom
|-damage|p2a: Kingambit|0 fnt
|-damage|p2b: Rillaboom|65/100
|faint|p2a: Kingambit
|-damage|p1b: Garchomp|87/100|[from] item: Life Orb
|
|-weather|Sandstorm|[upkeep]
|-damage|p1a: Kilowattrel|61/100|[from] Sandstorm
|-damage|p2b: Rillaboom|59/100|[from] Sandstorm
|-heal|p1b: Garchomp|93/100|[from] Grassy Terrain
|-heal|p2b: Rillaboom|65/100|[from] Grassy Terrain
|upkeep
|
|t:|1754633006
|switch|p2a: Basculegion|Basculegion, L50, M|48/100
|turn|5
|
|t:|1754633023
|move|p2a: Basculegion|Aqua Jet|p1a: Kilowattrel
|-damage|p1a: Kilowattrel|14/100
|move|p1a: Kilowattrel|Air Slash|p2b: Rillaboom
|-supereffective|p2b: Rillaboom
|-damage|p2b: Rillaboom|15/100
|move|p1b: Garchomp|Stomping Tantrum|p2a: Basculegion
|-damage|p2a: Basculegion|0 fnt
|faint|p2a: Basculegion
|-damage|p1b: Garchomp|83/100|[from] item: Life Orb
|cant|p2b: Rillaboom|flinch
|
|-weather|none
|-heal|p1b: Garchomp|89/100|[from] Grassy Terrain
|-heal|p2b: Rillaboom|21/100|[from] Grassy Terrain
|-fieldend|move: Grassy Terrain
|upkeep
|turn|6
|-message|Jasondddd forfeited.
|raw|Carter.Dev's rating: 1355 → 1370(+15 for winning)
|raw|Jasondddd's rating: 1257 → 1239(-18 for losing)
|
|win|Carter.Dev
|c|☆Jasondddd|Gg
