|j|☆DiscBored
|j|☆the_foxdark
|html|DiscBoredthe_foxdark    
|uhtml|bestof|Game 2 of a best-of-3
|t:|1757008710
|gametype|doubles
|player|p1|DiscBored|102|1131
|player|p2|the_foxdark|gambler|1034
|gen|9
|tier|[Gen 9] VGC 2025 Reg H (Bo3)
|rated|
|rule|Species Clause: Limit one of each Pokémon
|rule|Item Clause: Limit 1 of each item
|clearpoke
|poke|p1|Dragonite, L50, M|
|poke|p1|Incineroar, L50, F|
|poke|p1|Rillaboom, L50, F|
|poke|p1|Whimsicott, L50, M|
|poke|p1|Gholdengo, L50|
|poke|p1|Archaludon, L50, F|
|poke|p2|Jolteon, L50, M|
|poke|p2|Corviknight, L50, F|
|poke|p2|Garchomp, L50, F|
|poke|p2|Volcarona, L50, M|
|poke|p2|Amoonguss, L50, F|
|poke|p2|Samurott-Hisui, L50, F|
|teampreview|4
|showteam|p1|Dragonite||LoadedDice|Multiscale|ScaleShot,ExtremeSpeed,Protect,StompingTantrum|||M|||50|,,,,,Normal]Incineroar||SafetyGoggles|Intimidate|FakeOut,KnockOff,PartingShot,Protect|||F|||50|,,,,,Ghost]Rillaboom||AssaultVest|GrassySurge|HighHorsepower,FakeOut,WoodHammer,GrassyGlide|||F|||50|,,,,,Water]Whimsicott||FocusSash|Prankster|Protect,Moonblast,Tailwind,Taunt|||M|||50|,,,,,Ghost]Gholdengo||LifeOrb|GoodasGold|MakeItRain,Protect,NastyPlot,ShadowBall||||||50|,,,,,Dragon]Archaludon||PowerHerb|Sturdy|ElectroShot,DragonPulse,Protect,Snarl|||F|||50|,,,,,Electric
|showteam|p2|Jolteon||FocusSash|VoltAbsorb|Electroweb,VoltSwitch,TeraBlast,Protect|||M|||50|,,,,,Ice]Corviknight||RockyHelmet|MirrorArmor|BraveBird,BodyPress,Roost,Tailwind|||F|||50|,,,,,Dragon]Garchomp||LifeOrb|RoughSkin|DragonClaw,Earthquake,StompingTantrum,Protect|||F|||50|,,,,,Steel]Volcarona||Leftovers|FlameBody|Flamethrower,GigaDrain,QuiverDance,Protect|||M|||50|,,,,,Grass]Amoonguss||MentalHerb|Regenerator|ClearSmog,PollenPuff,RagePowder,Spore|||F|||50|,,,,,Water]Samurott-Hisui||AssaultVest|Sharpness|AquaCutter,NightSlash,SacredSword,SuckerPunch|||F|||50|,,,,,Poison
|
|t:|1757008723
|teamsize|p1|4
|teamsize|p2|4
|start
|switch|p1a: Whimsicott|Whimsicott, L50, M|100/100
|switch|p1b: Archaludon|Archaludon, L50, F|100/100
|switch|p2a: Jolteon|Jolteon, L50, M, shiny|100/100
|switch|p2b: Corviknight|Corviknight, L50, F, shiny|100/100
|turn|1
|
|t:|1757008760
|move|p2a: Jolteon|Electroweb|p1b: Archaludon|[spread] p1a,p1b
|-resisted|p1a: Whimsicott
|-resisted|p1b: Archaludon
|-damage|p1a: Whimsicott|84/100
|-damage|p1b: Archaludon|85/100
|-unboost|p1a: Whimsicott|spe|1
|-unboost|p1b: Archaludon|spe|1
|move|p1a: Whimsicott|Moonblast|p2b: Corviknight
|-resisted|p2b: Corviknight
|-damage|p2b: Corviknight|82/100
|move|p2b: Corviknight|Tailwind|p2b: Corviknight
|-sidestart|p2: the_foxdark|move: Tailwind
|move|p1b: Archaludon|Dragon Pulse|p2b: Corviknight
|-resisted|p2b: Corviknight
|-damage|p2b: Corviknight|58/100
|
|upkeep
|turn|2
|
|t:|1757008792
|move|p2a: Jolteon|Electroweb|p1a: Whimsicott|[spread] p1a,p1b
|-resisted|p1a: Whimsicott
|-resisted|p1b: Archaludon
|-damage|p1a: Whimsicott|67/100
|-damage|p1b: Archaludon|70/100
|-unboost|p1a: Whimsicott|spe|1
|-unboost|p1b: Archaludon|spe|1
|move|p2b: Corviknight|Brave Bird|p1b: Archaludon
|-resisted|p1b: Archaludon
|-damage|p1b: Archaludon|52/100
|-damage|p2b: Corviknight|53/100|[from] Recoil
|move|p1a: Whimsicott|Moonblast|p2b: Corviknight
|-resisted|p2b: Corviknight
|-damage|p2b: Corviknight|35/100
|move|p1b: Archaludon|Electro Shot||[still]
|-prepare|p1b: Archaludon|Electro Shot
|-boost|p1b: Archaludon|spa|1
|-enditem|p1b: Archaludon|Power Herb
|-anim|p1b: Archaludon|Electro Shot|p2b: Corviknight
|-supereffective|p2b: Corviknight
|-damage|p2b: Corviknight|0 fnt
|faint|p2b: Corviknight
|
|upkeep
|
|t:|1757008809
|switch|p2b: Volcarona|Volcarona, L50, M, shiny|100/100
|turn|3
|
|t:|1757008818
|move|p1a: Whimsicott|Taunt|p2b: Volcarona
|-start|p2b: Volcarona|move: Taunt
|move|p2a: Jolteon|Electroweb|p1a: Whimsicott|[spread] p1a,p1b
|-resisted|p1a: Whimsicott
|-resisted|p1b: Archaludon
|-damage|p1a: Whimsicott|52/100
|-damage|p1b: Archaludon|36/100
|-unboost|p1a: Whimsicott|spe|1
|-unboost|p1b: Archaludon|spe|1
|cant|p2b: Volcarona|move: Taunt|Quiver Dance
|move|p1b: Archaludon|Dragon Pulse|p2a: Jolteon
|-damage|p2a: Jolteon|1/100
|
|upkeep
|turn|4
|inactive|Battle timer is ON: inactive players will automatically lose when time's up. (requested by DiscBored)
|
|t:|1757008892
|move|p1b: Archaludon|Protect|p1b: Archaludon
|-singleturn|p1b: Archaludon|Protect
|move|p1a: Whimsicott|Tailwind|p1a: Whimsicott
|-sidestart|p1: DiscBored|move: Tailwind
|move|p2a: Jolteon|Electroweb|p1b: Archaludon|[spread] p1a
|-activate|p1b: Archaludon|move: Protect
|-resisted|p1a: Whimsicott
|-damage|p1a: Whimsicott|37/100
|-unboost|p1a: Whimsicott|spe|1
|move|p2b: Volcarona|Flamethrower|p1b: Archaludon
|-activate|p1b: Archaludon|move: Protect
|
|-sideend|p2: the_foxdark|move: Tailwind
|upkeep
|turn|5
|
|t:|1757008916
|move|p2a: Jolteon|Volt Switch|p1a: Whimsicott
|-resisted|p1a: Whimsicott
|-damage|p1a: Whimsicott|9/100
|
|t:|1757008920
|switch|p2a: Amoonguss|Amoonguss, L50, F, shiny|100/100|[from] Volt Switch
|move|p2b: Volcarona|Flamethrower|p1b: Archaludon
|-damage|p1b: Archaludon|0 fnt
|faint|p1b: Archaludon
|move|p1a: Whimsicott|Moonblast|p2a: Amoonguss
|-resisted|p2a: Amoonguss
|-crit|p2a: Amoonguss
|-damage|p2a: Amoonguss|79/100
|
|-end|p2b: Volcarona|move: Taunt
|upkeep
|
|t:|1757008931
|switch|p1b: Dragonite|Dragonite, L50, M|100/100
|turn|6
|
|t:|1757008942
|move|p2a: Amoonguss|Rage Powder|p2a: Amoonguss
|-singleturn|p2a: Amoonguss|move: Rage Powder
|move|p1a: Whimsicott|Taunt|p2a: Amoonguss
|-start|p2a: Amoonguss|move: Taunt
|-enditem|p2a: Amoonguss|Mental Herb
|-end|p2a: Amoonguss|move: Taunt
|move|p1b: Dragonite|Scale Shot|p2a: Amoonguss
|-damage|p2a: Amoonguss|67/100
|-damage|p2a: Amoonguss|54/100
|-damage|p2a: Amoonguss|40/100
|-damage|p2a: Amoonguss|26/100
|-hitcount|p2a: Amoonguss|4
|-unboost|p1b: Dragonite|def|1
|-boost|p1b: Dragonite|spe|1
|move|p2b: Volcarona|Quiver Dance|p2b: Volcarona
|-boost|p2b: Volcarona|spa|1
|-boost|p2b: Volcarona|spd|1
|-boost|p2b: Volcarona|spe|1
|
|upkeep
|turn|7
|inactive|DiscBored has 30 seconds left.
|
|t:|1757008970
|move|p1a: Whimsicott|Protect|p1a: Whimsicott
|-singleturn|p1a: Whimsicott|Protect
|move|p2b: Volcarona|Protect|p2b: Volcarona
|-singleturn|p2b: Volcarona|Protect
|move|p1b: Dragonite|Scale Shot|p2a: Amoonguss|[miss]
|-miss|p1b: Dragonite|p2a: Amoonguss
|move|p2a: Amoonguss|Spore|p1b: Dragonite
|-status|p1b: Dragonite|slp|[from] move: Spore
|
|-sideend|p1: DiscBored|move: Tailwind
|upkeep
|turn|8
|
|t:|1757008985
|cant|p1b: Dragonite|slp
|move|p2a: Amoonguss|Rage Powder|p2a: Amoonguss
|-singleturn|p2a: Amoonguss|move: Rage Powder
|move|p1a: Whimsicott|Taunt|p2a: Amoonguss
|-start|p2a: Amoonguss|move: Taunt
|move|p2b: Volcarona|Quiver Dance|p2b: Volcarona
|-boost|p2b: Volcarona|spa|1
|-boost|p2b: Volcarona|spd|1
|-boost|p2b: Volcarona|spe|1
|
|upkeep
|turn|9
|
|t:|1757009010
|-curestatus|p1b: Dragonite|slp|[msg]
|move|p1b: Dragonite|Extreme Speed|p2a: Amoonguss
|-damage|p2a: Amoonguss|0 fnt
|faint|p2a: Amoonguss
|move|p2b: Volcarona|Flamethrower|p1b: Dragonite
|-resisted|p1b: Dragonite
|-damage|p1b: Dragonite|77/100
|move|p1a: Whimsicott|Moonblast|p2b: Volcarona
|-resisted|p2b: Volcarona
|-damage|p2b: Volcarona|93/100
|-unboost|p2b: Volcarona|spa|1
|
|-heal|p2b: Volcarona|99/100|[from] item: Leftovers
|upkeep
|
|t:|1757009024
|switch|p2a: Jolteon|Jolteon, L50, M, shiny|1/100
|turn|10
|inactive|DiscBored has 30 seconds left.
|
|t:|1757009050
|move|p2b: Volcarona|Quiver Dance|p2b: Volcarona
|-boost|p2b: Volcarona|spa|1
|-boost|p2b: Volcarona|spd|1
|-boost|p2b: Volcarona|spe|1
|move|p2a: Jolteon|Electroweb|p1b: Dragonite|[spread] p1a,p1b
|-resisted|p1a: Whimsicott
|-damage|p1a: Whimsicott|0 fnt
|-damage|p1b: Dragonite|55/100
|-unboost|p1b: Dragonite|spe|1
|faint|p1a: Whimsicott
|move|p1b: Dragonite|Scale Shot|p2b: Volcarona
|-damage|p2b: Volcarona|80/100
|-damage|p2b: Volcarona|64/100
|-damage|p2b: Volcarona|46/100
|-damage|p2b: Volcarona|29/100
|-hitcount|p2b: Volcarona|4
|-unboost|p1b: Dragonite|def|1
|-boost|p1b: Dragonite|spe|1
|
|-heal|p2b: Volcarona|35/100|[from] item: Leftovers
|upkeep
|
|t:|1757009067
|switch|p1a: Incineroar|Incineroar, L50, F|100/100
|-ability|p1a: Incineroar|Intimidate|boost
|-unboost|p2a: Jolteon|atk|1
|-unboost|p2b: Volcarona|atk|1
|turn|11
|
|t:|1757009076
|-terastallize|p1b: Dragonite|Normal
|move|p2b: Volcarona|Protect|p2b: Volcarona
|-singleturn|p2b: Volcarona|Protect
|move|p2a: Jolteon|Protect|p2a: Jolteon
|-singleturn|p2a: Jolteon|Protect
|move|p1a: Incineroar|Fake Out|p2a: Jolteon
|-activate|p2a: Jolteon|move: Protect
|move|p1b: Dragonite|Extreme Speed|p2b: Volcarona
|-activate|p2b: Volcarona|move: Protect
|
|-heal|p2b: Volcarona|41/100|[from] item: Leftovers
|upkeep
|turn|12
|
|t:|1757009098
|-terastallize|p2b: Volcarona|Grass
|move|p1b: Dragonite|Extreme Speed|p2b: Volcarona
|-damage|p2b: Volcarona|0 fnt
|faint|p2b: Volcarona
|move|p2a: Jolteon|Electroweb|p1b: Dragonite|[spread] p1a,p1b
|-damage|p1a: Incineroar|88/100
|-damage|p1b: Dragonite|33/100
|-unboost|p1a: Incineroar|spe|1
|-unboost|p1b: Dragonite|spe|1
|move|p1a: Incineroar|Knock Off|p2a: Jolteon
|-damage|p2a: Jolteon|0 fnt
|-enditem|p2a: Jolteon|Focus Sash|[from] move: Knock Off|[of] p1a: Incineroar
|faint|p2a: Jolteon
|
|win|DiscBored
|raw|DiscBored's rating: 1131 → 1149(+18 for winning)
|raw|the_foxdark's rating: 1034 → 1023(-11 for losing)
|c|☆DiscBored|gg
|l|☆the_foxdark
|player|p2|
