|j|☆PastrysBaked
|j|☆Kalycgos
|html|PastrysBakedKalycgos    
|uhtml|bestof|Game 2 of a best-of-3
|t:|1785118998
|gametype|doubles
|player|p1|PastrysBaked|ingo|1036
|player|p2|Kalycgos|shadowtriad|1112
|gen|9
|tier|[Gen 9 Champions] VGC 2026 Reg M-B (Bo3)
|rated|
|rule|Species Clause: Limit one of each Pokémon
|rule|Item Clause: Limit 1 of each item
|clearpoke
|poke|p1|Sceptile, L50, M|
|poke|p1|Rotom-Wash, L50|
|poke|p1|Whimsicott, L50, M|
|poke|p1|Eelektross, L50, M, shiny|
|poke|p1|Heliolisk, L50, F|
|poke|p1|Ninetales-Alola, L50, M|
|poke|p2|Garchomp, L50, M, shiny|
|poke|p2|Charizard, L50, M, shiny|
|poke|p2|Whimsicott, L50, F|
|poke|p2|Floette-Eternal, L50, F|
|poke|p2|Kingambit, L50, F|
|poke|p2|Basculegion, L50, M|
|teampreview|4
|showteam|p1|Sceptile||Sceptilite|Overgrow|DragonPulse,EarthPower,EnergyBall,Protect|Timid||M|||50|]Rotom-Wash||Leftovers|Levitate|Discharge,HydroPump,PainSplit,ThunderWave|Modest|||||50|]Whimsicott||MentalHerb|Prankster|Tailwind,Moonblast,Encore,Taunt|Timid||M|||50|]Eelektross||Eelektrossite|Levitate|Thunderbolt,GigaDrain,Flamethrower,Protect|Timid||M|||50|]Heliolisk||FocusSash|DrySkin|WeatherBall,Thunderbolt,Discharge,Glare|Timid||F|||50|]Ninetales-Alola||LightClay|SnowWarning|Blizzard,AuroraVeil,Encore,Moonblast|Timid||M|||50|
|showteam|p2|Garchomp||LifeOrb|RoughSkin|DragonClaw,Earthquake,RockSlide,Protect|Jolly||M|||50|]Charizard||CharizarditeY|Blaze|HeatWave,SolarBeam,AncientPower,Protect|Timid||M|||50|]Whimsicott||FocusSash|Prankster|Moonblast,Tailwind,Encore,Protect|Jolly||F|||50|]Floette-Eternal||Floettite|FlowerVeil|LightofRuin,Moonblast,DazzlingGleam,Protect|Timid||F|||50|]Kingambit||BlackGlasses|Defiant|KowtowCleave,SuckerPunch,LowKick,Protect|Adamant||F|||50|]Basculegion||MysticWater|Adaptability|LastRespects,WaveCrash,AquaJet,Protect|Jolly||M|||50|
|inactive|Battle timer is ON: inactive players will automatically lose when time's up. (requested by Kalycgos)
|inactive|PastrysBaked has 60 seconds left.
|
|t:|1785119033
|teamsize|p1|4
|teamsize|p2|4
|start
|switch|p1a: Viable|Heliolisk, L50, F|100/100
|switch|p1b: Ice Witch|Ninetales-Alola, L50, M|100/100
|switch|p2a: Sage|Floette-Eternal, L50, F|100/100
|switch|p2b: Bard|Whimsicott, L50, F|100/100
|-weather|Snowscape|[from] ability: Snow Warning|[of] p1b: Ice Witch
|turn|1
|
|t:|1785119048
|detailschange|p2a: Sage|Floette-Mega, L50, F
|-mega|p2a: Sage|Floette|Floettite
|-ability|p2a: Sage|Fairy Aura
|move|p2b: Bard|Tailwind|p2b: Bard
|-sidestart|p2: Kalycgos|move: Tailwind
|move|p2a: Sage|Dazzling Gleam|p1b: Ice Witch|[spread] p1a,p1b
|-damage|p1a: Viable|41/100
|-damage|p1b: Ice Witch|42/100
|move|p1b: Ice Witch|Encore|p2b: Bard
|-start|p2b: Bard|Encore
|move|p1a: Viable|Glare|p2a: Sage
|-status|p2a: Sage|par
|
|-weather|Snowscape|[upkeep]
|upkeep
|turn|2
|
|t:|1785119072
|switch|p2b: Dragoon|Garchomp, L50, M, shiny|100/100
|move|p1a: Viable|Thunderbolt|p2a: Sage
|-damage|p2a: Sage|64/100 par
|move|p1b: Ice Witch|Aurora Veil|p1b: Ice Witch
|-sidestart|p1: PastrysBaked|move: Aurora Veil
|move|p2a: Sage|Dazzling Gleam|p1b: Ice Witch|[spread] p1a,p1b
|-damage|p1a: Viable|0 fnt
|-damage|p1b: Ice Witch|4/100
|faint|p1a: Viable
|
|-weather|Snowscape|[upkeep]
|upkeep
|
|t:|1785119089
|switch|p1a: Highvolt|Eelektross, L50, M, shiny|100/100
|turn|3
|
|t:|1785119107
|detailschange|p1a: Highvolt|Eelektross-Mega, L50, M, shiny
|-mega|p1a: Highvolt|Eelektross|Eelektrossite
|move|p2b: Dragoon|Rock Slide|p1b: Ice Witch|[spread] p1a,p1b
|-supereffective|p1b: Ice Witch|1
|-damage|p1a: Highvolt|77/100
|-damage|p1b: Ice Witch|0 fnt
|faint|p1b: Ice Witch
|-damage|p2b: Dragoon|90/100|[from] item: Life Orb
|move|p2a: Sage|Light of Ruin|p1a: Highvolt
|-damage|p1a: Highvolt|0 fnt
|faint|p1a: Highvolt
|-damage|p2a: Sage|22/100 par|[from] Recoil
|
|-weather|Snowscape|[upkeep]
|upkeep
|
|t:|1785119120
|switch|p1a: Joy|Whimsicott, L50, M|100/100
|turn|4
|
|t:|1785119128
|switch|p2b: Samurai|Kingambit, L50, F|100/100
|move|p1a: Joy|Moonblast|p2a: Sage
|-damage|p2a: Sage|0 fnt
|faint|p2a: Sage
|
|-weather|Snowscape|[upkeep]
|-sideend|p2: Kalycgos|move: Tailwind
|upkeep
|
|t:|1785119133
|switch|p2a: Bard|Whimsicott, L50, F|100/100
|turn|5
|
|t:|1785119147
|move|p2a: Bard|Encore|p1a: Joy
|-start|p1a: Joy|Encore
|-enditem|p1a: Joy|Mental Herb
|-end|p1a: Joy|Encore
|move|p1a: Joy|Moonblast|p2b: Samurai
|-damage|p2b: Samurai|73/100
|move|p2b: Samurai|Kowtow Cleave|p1a: Joy
|-resisted|p1a: Joy|1
|-damage|p1a: Joy|74/100
|
|-weather|none
|upkeep
|turn|6
|
|t:|1785119157
|move|p1a: Joy|Taunt|p2a: Bard
|-start|p2a: Bard|move: Taunt
|move|p2a: Bard|Moonblast|p1a: Joy
|-damage|p1a: Joy|52/100
|move|p2b: Samurai|Kowtow Cleave|p1a: Joy
|-resisted|p1a: Joy|1
|-damage|p1a: Joy|29/100
|
|upkeep
|turn|7
|
|t:|1785119168
|move|p2a: Bard|Moonblast|p1a: Joy
|-damage|p1a: Joy|6/100
|move|p1a: Joy|Moonblast|p2b: Samurai
|-damage|p2b: Samurai|47/100
|move|p2b: Samurai|Kowtow Cleave|p1a: Joy
|-resisted|p1a: Joy|1
|-damage|p1a: Joy|0 fnt
|faint|p1a: Joy
|
|win|Kalycgos
|raw|PastrysBaked's rating: 1036 → 1024(-12 for losing)
|raw|Kalycgos's rating: 1112 → 1132(+20 for winning)
|l|☆PastrysBaked
|player|p1|
