|j|☆cjflex8
|j|☆thebrickwall285
|html|cjflex8thebrickwall285    
|uhtml|bestof|Game 3 of a best-of-3
|t:|1783538597
|gametype|doubles
|player|p1|cjflex8|266|1071
|player|p2|thebrickwall285|170|1097
|gen|9
|tier|[Gen 9 Champions] VGC 2026 Reg M-B (Bo3)
|rated|
|rule|Species Clause: Limit one of each Pokémon
|rule|Item Clause: Limit 1 of each item
|clearpoke
|poke|p1|Farigiraf, L50, F|
|poke|p1|Scrafty, L50, M|
|poke|p1|Drampa, L50, F|
|poke|p1|Aegislash, L50, F|
|poke|p1|Slowbro, L50, M|
|poke|p1|Sylveon, L50, F|
|poke|p2|Scovillain, L50, M|
|poke|p2|Aerodactyl, L50, F|
|poke|p2|Sylveon, L50, M|
|poke|p2|Salazzle, L50, F|
|poke|p2|Meowstic, L50, M|
|poke|p2|Kingambit, L50, F|
|teampreview|4
|showteam|p1|Farigiraf||ColburBerry|ArmorTail|TwinBeam,Protect,HyperVoice,TrickRoom|Sassy||F|||50|]Scrafty||Scraftinite|Intimidate|FakeOut,PoisonJab,KnockOff,DrainPunch|Adamant||M|||50|]Drampa||SitrusBerry|Berserk|DragonPulse,EarthPower,Thunderbolt,Protect|Modest||F|||50|]Aegislash||LifeOrb|StanceChange|KingsShield,ShadowSneak,IronHead,ShadowClaw|Adamant||F|||50|]Slowbro||Slowbronite|Regenerator|Flamethrower,Scald,Psychic,Protect|Bold||M|||50|]Sylveon||FairyFeather|Pixilate|HyperVoice,QuickAttack,MysticalFire,Protect|Sassy||F|||50|
|showteam|p2|Scovillain||Scovillainite|Chlorophyll|Flamethrower,GigaDrain,RagePowder,LeechSeed|Modest||M|||50|]Aerodactyl||Aerodactylite|RockHead|DragonClaw,Tailwind,DualWingbeat,RockSlide|Jolly||F|||50|]Sylveon||SitrusBerry|Pixilate|CalmMind,Protect,HyperVoice,ShadowBall|Modest||M|||50|]Salazzle||ShellBell|Corrosion|FakeOut,Flamethrower,SludgeBomb,Toxic|Hasty||F|||50|]Meowstic||FocusSash|Prankster|FakeOut,TrickRoom,Psychic,SunnyDay|Sassy||M|||50|]Kingambit||Leftovers|Defiant|IronHead,LowKick,SuckerPunch,KowtowCleave|Adamant||F|||50|
|
|t:|1783538627
|teamsize|p1|4
|teamsize|p2|4
|start
|switch|p1a: Aegislash|Aegislash, L50, F|100/100
|switch|p1b: Drampa|Drampa, L50, F|100/100
|switch|p2a: Meowstic|Meowstic, L50, M|100/100
|switch|p2b: Sylveon|Sylveon, L50, M|100/100
|turn|1
|
|t:|1783538641
|move|p2a: Meowstic|Fake Out|p1b: Drampa
|-damage|p1b: Drampa|94/100
|move|p2b: Sylveon|Shadow Ball|p1a: Aegislash
|-supereffective|p1a: Aegislash|1
|-damage|p1a: Aegislash|56/100
|-formechange|p1a: Aegislash|Aegislash-Blade|
|move|p1a: Aegislash|Iron Head|p2b: Sylveon
|-supereffective|p2b: Sylveon|1
|-damage|p2b: Sylveon|0 fnt
|faint|p2b: Sylveon
|-damage|p1a: Aegislash|47/100|[from] item: Life Orb
|cant|p1b: Drampa|flinch
|
|upkeep
|
|t:|1783538650
|switch|p2b: Scovillain|Scovillain, L50, M|100/100
|turn|2
|
|t:|1783538681
|detailschange|p2b: Scovillain|Scovillain-Mega, L50, M
|-mega|p2b: Scovillain|Scovillain|Scovillainite
|move|p2a: Meowstic|Sunny Day|p2a: Meowstic
|-weather|SunnyDay
|move|p1a: Aegislash|Shadow Sneak|p2a: Meowstic
|-supereffective|p2a: Meowstic|1
|-damage|p2a: Meowstic|22/100
|-damage|p1a: Aegislash|37/100|[from] item: Life Orb
|move|p2b: Scovillain|Flamethrower|p1a: Aegislash
|-supereffective|p1a: Aegislash|1
|-damage|p1a: Aegislash|0 fnt
|faint|p1a: Aegislash
|move|p1b: Drampa|Dragon Pulse|p2a: Meowstic
|-damage|p2a: Meowstic|0 fnt
|faint|p2a: Meowstic
|
|-weather|SunnyDay|[upkeep]
|upkeep
|
|t:|1783538699
|switch|p2a: Kingambit|Kingambit, L50, F|100/100
|switch|p1a: Farigiraf|Farigiraf, L50, F|100/100
|turn|3
|
|t:|1783538720
|move|p1a: Farigiraf|Protect|p1a: Farigiraf
|-singleturn|p1a: Farigiraf|Protect
|move|p2b: Scovillain|Leech Seed|p1b: Drampa
|-start|p1b: Drampa|move: Leech Seed
|move|p2a: Kingambit|Kowtow Cleave|p1a: Farigiraf
|-activate|p1a: Farigiraf|move: Protect
|move|p1b: Drampa|Earth Power|p2a: Kingambit
|-supereffective|p2a: Kingambit|1
|-damage|p2a: Kingambit|31/100
|
|-weather|SunnyDay|[upkeep]
|-heal|p2a: Kingambit|37/100|[from] item: Leftovers
|-damage|p1b: Drampa|81/100|[from] Leech Seed|[of] p2b: Scovillain
|upkeep
|turn|4
|
|t:|1783538739
|move|p2b: Scovillain|Rage Powder|p2b: Scovillain
|-singleturn|p2b: Scovillain|move: Rage Powder
|move|p2a: Kingambit|Kowtow Cleave|p1a: Farigiraf
|-supereffective|p1a: Farigiraf|1
|-enditem|p1a: Farigiraf|Colbur Berry|[eat]
|-enditem|p1a: Farigiraf|Colbur Berry|[weaken]
|-damage|p1a: Farigiraf|49/100
|move|p1b: Drampa|Earth Power|p2b: Scovillain
|-damage|p2b: Scovillain|59/100
|-status|p1b: Drampa|brn|[from] ability: Spicy Spray|[of] p2b: Scovillain
|move|p1a: Farigiraf|Trick Room|p1a: Farigiraf
|-fieldstart|move: Trick Room|[of] p1a: Farigiraf
|
|-weather|SunnyDay|[upkeep]
|-heal|p2a: Kingambit|42/100|[from] item: Leftovers
|-damage|p1b: Drampa|69/100 brn|[from] Leech Seed|[of] p2b: Scovillain
|-heal|p2b: Scovillain|73/100|[silent]
|-damage|p1b: Drampa|63/100 brn|[from] brn
|upkeep
|turn|5
|
|t:|1783538760
|move|p2b: Scovillain|Rage Powder|p2b: Scovillain
|-singleturn|p2b: Scovillain|move: Rage Powder
|move|p1b: Drampa|Dragon Pulse|p2b: Scovillain
|-damage|p2b: Scovillain|10/100
|move|p2a: Kingambit|Kowtow Cleave|p1a: Farigiraf
|-supereffective|p1a: Farigiraf|1
|-damage|p1a: Farigiraf|0 fnt
|faint|p1a: Farigiraf
|
|-weather|SunnyDay|[upkeep]
|-heal|p2a: Kingambit|48/100|[from] item: Leftovers
|-damage|p1b: Drampa|50/100g brn|[from] Leech Seed|[of] p2b: Scovillain
|-heal|p2b: Scovillain|23/100|[silent]
|-damage|p1b: Drampa|44/100 brn|[from] brn
|upkeep
|-enditem|p1b: Drampa|Sitrus Berry|[eat]
|-heal|p1b: Drampa|69/100 brn|[from] item: Sitrus Berry
|
|t:|1783538772
|switch|p1a: Scrafty|Scrafty, L50, M|100/100
|-ability|p1a: Scrafty|Intimidate|boost
|-unboost|p2a: Kingambit|atk|1
|-ability|p2a: Kingambit|Defiant|boost
|-boost|p2a: Kingambit|atk|2
|-unboost|p2b: Scovillain|atk|1
|turn|6
|
|t:|1783538786
|move|p1a: Scrafty|Fake Out|p2b: Scovillain
|-damage|p2b: Scovillain|9/100
|-status|p1a: Scrafty|brn|[from] ability: Spicy Spray|[of] p2b: Scovillain
|cant|p2b: Scovillain|flinch
|move|p2a: Kingambit|Sucker Punch|p1b: Drampa
|-damage|p1b: Drampa|0 fnt
|faint|p1b: Drampa
|
|-weather|none
|-heal|p2a: Kingambit|54/100|[from] item: Leftovers
|-damage|p1a: Scrafty|94/100 brn|[from] brn
|upkeep
|turn|7
|
|t:|1783538813
|move|p2b: Scovillain|Rage Powder|p2b: Scovillain
|-singleturn|p2b: Scovillain|move: Rage Powder
|move|p2a: Kingambit|Low Kick|p1a: Scrafty
|-supereffective|p1a: Scrafty|1
|-damage|p1a: Scrafty|31/100 brn
|move|p1a: Scrafty|Drain Punch|p2b: Scovillain
|-damage|p2b: Scovillain|0 fnt
|-heal|p1a: Scrafty|36/100 brn|[from] drain|[of] p2b: Scovillain
|faint|p2b: Scovillain
|
|-heal|p2a: Kingambit|60/100|[from] item: Leftovers
|-damage|p1a: Scrafty|30/100 brn|[from] brn
|upkeep
|turn|8
|
|t:|1783538832
|move|p2a: Kingambit|Iron Head|p1a: Scrafty
|-damage|p1a: Scrafty|0 fnt
|faint|p1a: Scrafty
|
|win|thebrickwall285
|raw|cjflex8's rating: 1071 → 1052(-19 for losing)
|raw|thebrickwall285's rating: 1097 → 1121(+24 for winning)
