|j|☆mixxserenade
|j|☆mudkipc4
|html|mixxserenademudkipc4    
|uhtml|bestof|Game 1 of a best-of-3
|t:|1782667436
|gametype|doubles
|player|p1|mixxserenade|170|1000
|player|p2|mudkipc4|pokemaniac|1088
|gen|9
|tier|[Gen 9 Champions] VGC 2026 Reg M-B (Bo3)
|rated|
|rule|Species Clause: Limit one of each Pokémon
|rule|Item Clause: Limit 1 of each item
|clearpoke
|poke|p1|Floette-Eternal, L50, F|
|poke|p1|Whimsicott, L50, F|
|poke|p1|Basculegion, L50, M|
|poke|p1|Charizard, L50, F|
|poke|p1|Kingambit, L50, F|
|poke|p1|Garchomp, L50, M|
|poke|p2|Mawile, L50, M|
|poke|p2|Farigiraf, L50, F|
|poke|p2|Tyranitar, L50, F|
|poke|p2|Gengar, L50, M|
|poke|p2|Grimmsnarl, L50, M|
|poke|p2|Hydreigon, L50, M|
|teampreview|4
|showteam|p1|Floette-Eternal||Floettite|FlowerVeil|DazzlingGleam,Moonblast,LightofRuin,Protect|Timid||F|||50|]Whimsicott||FocusSash|Prankster|Moonblast,Encore,Tailwind,Protect|Timid||F|||50|]Basculegion||MysticWater|Adaptability|WaveCrash,AquaJet,LastRespects,Protect|Adamant||M|||50|]Charizard||CharizarditeY|Blaze|HeatWave,WeatherBall,SolarBeam,Protect|Modest||F|||50|]Kingambit||OccaBerry|Defiant|KowtowCleave,SuckerPunch,IronHead,Protect|Adamant||F|||50|]Garchomp||RoseliBerry|RoughSkin|Earthquake,DragonClaw,RockSlide,PoisonJab|Jolly||M|||50|
|showteam|p2|Mawile||Mawilite|Intimidate|PlayRough,IronHead,SuckerPunch,Protect|Brave||M|||50|]Farigiraf||SitrusBerry|ArmorTail|TrickRoom,Psychic,Protect,Imprison|Bold||F|||50|]Tyranitar||FocusSash|SandStream|RockSlide,BrickBreak,KnockOff,Protect|Adamant||F|||50|]Gengar||Gengarite|CursedBody|SludgeBomb,ShadowBall,Protect,WillOWisp|Timid||M|||50|]Grimmsnarl||LightClay|Prankster|FakeOut,PartingShot,Reflect,SpiritBreak|Impish||M|||50|]Hydreigon||ChoiceScarf|Levitate|DarkPulse,DracoMeteor,EarthPower,Snarl|Modest||M|||50|
|
|t:|1782667458
|teamsize|p1|4
|teamsize|p2|4
|start
|switch|p1a: Basculegion|Basculegion, L50, M|100/100
|switch|p1b: Charizard|Charizard, L50, F|100/100
|switch|p2a: Charybdis|Gengar, L50, M|100/100
|switch|p2b: Gorgon|Grimmsnarl, L50, M|100/100
|turn|1
|
|t:|1782667501
|detailschange|p2a: Charybdis|Gengar-Mega, L50, M
|-mega|p2a: Charybdis|Gengar|Gengarite
|detailschange|p1b: Charizard|Charizard-Mega-Y, L50, F
|-mega|p1b: Charizard|Charizard|Charizardite Y
|-weather|SunnyDay|[from] ability: Drought|[of] p1b: Charizard
|move|p2b: Gorgon|Fake Out|p1b: Charizard
|-damage|p1b: Charizard|83/100
|move|p2a: Charybdis|Shadow Ball|p1a: Basculegion
|-supereffective|p1a: Basculegion|1
|-damage|p1a: Basculegion|0 fnt
|faint|p1a: Basculegion
|cant|p1b: Charizard|flinch
|
|-weather|SunnyDay|[upkeep]
|upkeep
|
|t:|1782667515
|switch|p1a: Floette|Floette-Eternal, L50, F|100/100
|turn|2
|
|t:|1782667522
|move|p2a: Charybdis|Protect|p2a: Charybdis
|-singleturn|p2a: Charybdis|Protect
|move|p1a: Floette|Protect|p1a: Floette
|-singleturn|p1a: Floette|Protect
|move|p2b: Gorgon|Parting Shot|p1b: Charizard
|-unboost|p1b: Charizard|atk|1
|-unboost|p1b: Charizard|spa|1
|
|t:|1782667527
|switch|p2b: Typhon|Tyranitar, L50, F|100/100|[from] Parting Shot
|-weather|Sandstorm|[from] ability: Sand Stream|[of] p2b: Typhon
|move|p1b: Charizard|Heat Wave|p2b: Typhon|[spread] p2b
|-activate|p2a: Charybdis|move: Protect
|-resisted|p2b: Typhon|1
|-damage|p2b: Typhon|92/100
|
|-weather|Sandstorm|[upkeep]
|-damage|p2a: Charybdis|94/100|[from] Sandstorm
|-damage|p1a: Floette|93/100|[from] Sandstorm
|-damage|p1b: Charizard|77/100|[from] Sandstorm
|upkeep
|turn|3
|
|t:|1782667545
|switch|p2b: Gorgon|Grimmsnarl, L50, M|100/100
|move|p1b: Charizard|Protect|p1b: Charizard
|-singleturn|p1b: Charizard|Protect
|move|p2a: Charybdis|Sludge Bomb|p1a: Floette
|-supereffective|p1a: Floette|1
|-damage|p1a: Floette|0 fnt
|faint|p1a: Floette
|
|-weather|Sandstorm|[upkeep]
|-damage|p2a: Charybdis|88/100|[from] Sandstorm
|-damage|p1b: Charizard|71/100|[from] Sandstorm
|-damage|p2b: Gorgon|94/100|[from] Sandstorm
|upkeep
|
|t:|1782667558
|switch|p1a: Whimsicott|Whimsicott, L50, F|100/100
|turn|4
|
|t:|1782667571
|move|p2b: Gorgon|Parting Shot|p1b: Charizard
|-unboost|p1b: Charizard|atk|1
|-unboost|p1b: Charizard|spa|1
|
|t:|1782667574
|switch|p2b: Hydra|Hydreigon, L50, M|100/100|[from] Parting Shot
|move|p2a: Charybdis|Shadow Ball|p1b: Charizard
|-damage|p1b: Charizard|24/100
|move|p1a: Whimsicott|Moonblast|p2b: Hydra
|-supereffective|p2b: Hydra|2
|-damage|p2b: Hydra|0 fnt
|faint|p2b: Hydra
|move|p1b: Charizard|Weather Ball|p2a: Charybdis
|-crit|p2a: Charybdis
|-damage|p2a: Charybdis|25/100
|
|-weather|Sandstorm|[upkeep]
|-damage|p2a: Charybdis|19/100|[from] Sandstorm
|-damage|p1a: Whimsicott|94/100|[from] Sandstorm
|-damage|p1b: Charizard|18/100|[from] Sandstorm
|upkeep
|
|t:|1782667585
|switch|p2b: Typhon|Tyranitar, L50, F|92/100
|turn|5
|
|t:|1782667596
|move|p2a: Charybdis|Sludge Bomb|p1a: Whimsicott
|-supereffective|p1a: Whimsicott|2
|-damage|p1a: Whimsicott|0 fnt
|faint|p1a: Whimsicott
|move|p1b: Charizard|Weather Ball|p2a: Charybdis
|-damage|p2a: Charybdis|0 fnt
|faint|p2a: Charybdis
|move|p2b: Typhon|Rock Slide|p1b: Charizard
|-supereffective|p1b: Charizard|2
|-damage|p1b: Charizard|0 fnt
|faint|p1b: Charizard
|
|win|mudkipc4
||mudkipc4 is ready for game 2.
|inactive|mixxserenade has 30 seconds to confirm battle start!
||mixxserenade is ready for game 2.
|uhtml|next|Next: Game 2 of 3
