|j|☆cooledoregon
|j|☆PizzaSanwitch
|html|cooledoregonPizzaSanwitch    
|uhtml|bestof|Game 1 of a best-of-3
|t:|1783617069
|gametype|doubles
|player|p1|cooledoregon|1|1188
|player|p2|PizzaSanwitch|169|1103
|gen|9
|tier|[Gen 9 Champions] VGC 2026 Reg M-B (Bo3)
|rated|
|rule|Species Clause: Limit one of each Pokémon
|rule|Item Clause: Limit 1 of each item
|clearpoke
|poke|p1|Meganium, L50, F|
|poke|p1|Pelipper, L50, F|
|poke|p1|Swampert, L50, F|
|poke|p1|Archaludon, L50, F|
|poke|p1|Grimmsnarl, L50, M|
|poke|p1|Incineroar, L50, M|
|poke|p2|Pelipper, L50, M|
|poke|p2|Archaludon, L50, F|
|poke|p2|Swampert, L50, F|
|poke|p2|Venusaur, L50, M|
|poke|p2|Basculegion, L50, M|
|poke|p2|Grimmsnarl, L50, M|
|teampreview|4
|showteam|p1|Meganium||Meganiumite|Overgrow|SolarBeam,WeatherBall,DazzlingGleam,Protect|Modest||F|||50|]Pelipper||SitrusBerry|Drizzle|WeatherBall,Hurricane,Tailwind,WideGuard|Modest||F|||50|]Swampert||Swampertite|Torrent|WaveCrash,Earthquake,IcePunch,Protect|Adamant||F|||50|]Archaludon||Leftovers|Stamina|ElectroShot,DragonPulse,Protect,FlashCannon|Calm||F|||50|]Grimmsnarl||LightClay|Prankster|SuckerPunch,PartingShot,LightScreen,Reflect|Careful||M|||50|]Incineroar||ShucaBerry|Intimidate|PartingShot,FakeOut,Snarl,ThroatChop|Careful||M|||50|
|showteam|p2|Pelipper||FocusSash|Drizzle|WeatherBall,Hurricane,Tailwind,Protect|Modest||M|||50|]Archaludon||Leftovers|Stamina|ElectroShot,FlashCannon,DragonPulse,Protect|Modest||F|||50|]Swampert||Swampertite|Damp|WaveCrash,Earthquake,IcePunch,Protect|Adamant||F|||50|]Venusaur||Venusaurite|Chlorophyll|GigaDrain,SludgeBomb,EarthPower,Protect|Modest||M|||50|]Basculegion||ChoiceScarf|Adaptability|WaveCrash,LastRespects,AquaJet,FlipTurn|Jolly||M|||50|]Grimmsnarl||LightClay|Prankster|SpiritBreak,Reflect,LightScreen,PartingShot|Careful||M|||50|
|inactive|Battle timer is ON: inactive players will automatically lose when time's up. (requested by cooledoregon)
|inactive|PizzaSanwitch has 60 seconds left.
|inactive|PizzaSanwitch has 30 seconds left.
|inactive|PizzaSanwitch has 20 seconds left.
|
|t:|1783617144
|teamsize|p1|4
|teamsize|p2|4
|start
|switch|p1a: Incineroar|Incineroar, L50, M|100/100
|switch|p1b: Grimmsnarl|Grimmsnarl, L50, M|100/100
|switch|p2a: Grimmsnarl|Grimmsnarl, L50, M|100/100
|switch|p2b: Venusaur|Venusaur, L50, M|100/100
|-ability|p1a: Incineroar|Intimidate|boost
|-unboost|p2a: Grimmsnarl|atk|1
|-unboost|p2b: Venusaur|atk|1
|turn|1
|inactive|PizzaSanwitch has 30 seconds left.
|inactive|PizzaSanwitch has 20 seconds left.
|inactive|PizzaSanwitch has 15 seconds left.
|inactive|PizzaSanwitch has 10 seconds left.
|
|t:|1783617193
|detailschange|p2b: Venusaur|Venusaur-Mega, L50, M
|-mega|p2b: Venusaur|Venusaur|Venusaurite
|move|p1a: Incineroar|Fake Out|p2b: Venusaur
|-damage|p2b: Venusaur|91/100
|move|p2a: Grimmsnarl|Reflect|p2a: Grimmsnarl
|-sidestart|p2: PizzaSanwitch|Reflect
|move|p1b: Grimmsnarl|Light Screen|p1b: Grimmsnarl
|-sidestart|p1: cooledoregon|move: Light Screen
|cant|p2b: Venusaur|flinch
|
|upkeep
|turn|2
|inactive|PizzaSanwitch has 30 seconds left.
|
|t:|1783617225
|move|p1b: Grimmsnarl|Parting Shot|p2b: Venusaur
|-unboost|p2b: Venusaur|atk|1
|-unboost|p2b: Venusaur|spa|1
|
|t:|1783617228
|switch|p1b: Archaludon|Archaludon, L50, F|100/100|[from] Parting Shot
|move|p2b: Venusaur|Sludge Bomb|p1b: Archaludon
|-immune|p1b: Archaludon
|move|p1a: Incineroar|Snarl|p2a: Grimmsnarl|[spread] p2a,p2b
|-resisted|p2a: Grimmsnarl|2
|-damage|p2a: Grimmsnarl|98/100
|-damage|p2b: Venusaur|81/100
|-unboost|p2a: Grimmsnarl|spa|1
|-unboost|p2b: Venusaur|spa|1
|move|p2a: Grimmsnarl|Spirit Break|p1b: Archaludon
|-damage|p1b: Archaludon|85/100
|-unboost|p1b: Archaludon|spa|1
|-ability|p1b: Archaludon|Stamina|boost
|-boost|p1b: Archaludon|def|1
|
|-heal|p1b: Archaludon|91/100|[from] item: Leftovers
|upkeep
|turn|3
|
|t:|1783617242
|switch|p2b: Swampert|Swampert, L50, F|100/100
|move|p2a: Grimmsnarl|Light Screen|p2a: Grimmsnarl
|-sidestart|p2: PizzaSanwitch|move: Light Screen
|move|p1b: Archaludon|Electro Shot||[still]
|-prepare|p1b: Archaludon|Electro Shot
|-boost|p1b: Archaludon|spa|1
|move|p1a: Incineroar|Parting Shot|p2a: Grimmsnarl
|-unboost|p2a: Grimmsnarl|atk|1
|-unboost|p2a: Grimmsnarl|spa|1
|
|t:|1783617245
|switch|p1a: Grimmsnarl|Grimmsnarl, L50, M|100/100|[from] Parting Shot
|
|-heal|p1b: Archaludon|97/100|[from] item: Leftovers
|upkeep
|turn|4
|inactive|PizzaSanwitch has 30 seconds left.
|
|t:|1783617279
|move|p2a: Grimmsnarl|Parting Shot|p1b: Archaludon
|-unboost|p1b: Archaludon|atk|1
|-unboost|p1b: Archaludon|spa|1
|
|t:|1783617282
|switch|p2a: Archaludon|Archaludon, L50, F|100/100|[from] Parting Shot
|move|p1a: Grimmsnarl|Reflect|p1a: Grimmsnarl
|-sidestart|p1: cooledoregon|Reflect
|move|p1b: Archaludon|Electro Shot|p2b: Swampert|[from] lockedmove
|-immune|p2b: Swampert
|move|p2b: Swampert|Wave Crash|p1a: Grimmsnarl
|-damage|p1a: Grimmsnarl|61/100
|-damage|p2b: Swampert|86/100|[from] Recoil
|
|-heal|p1b: Archaludon|100/100|[from] item: Leftovers
|upkeep
|turn|5
|
|t:|1783617304
|switch|p2b: Venusaur|Venusaur-Mega, L50, M|81/100
|move|p1a: Grimmsnarl|Parting Shot|p2a: Archaludon
|-unboost|p2a: Archaludon|atk|1
|-unboost|p2a: Archaludon|spa|1
|
|t:|1783617309
|switch|p1a: Incineroar|Incineroar, L50, M|100/100|[from] Parting Shot
|-ability|p1a: Incineroar|Intimidate|boost
|-unboost|p2a: Archaludon|atk|1
|-unboost|p2b: Venusaur|atk|1
|move|p1b: Archaludon|Electro Shot||[still]
|-prepare|p1b: Archaludon|Electro Shot
|-boost|p1b: Archaludon|spa|1
|move|p2a: Archaludon|Dragon Pulse|p1b: Archaludon
|-damage|p1b: Archaludon|84/100
|-ability|p1b: Archaludon|Stamina|boost
|-boost|p1b: Archaludon|def|1
|
|-heal|p1b: Archaludon|90/100|[from] item: Leftovers
|upkeep
|turn|6
|
|t:|1783617334
|switch|p2a: Grimmsnarl|Grimmsnarl, L50, M|98/100
|move|p1b: Archaludon|Electro Shot|p2b: Venusaur|[from] lockedmove
|-resisted|p2b: Venusaur|1
|-damage|p2b: Venusaur|72/100
|move|p2b: Venusaur|Earth Power|p1b: Archaludon
|-supereffective|p1b: Archaludon|1
|-damage|p1b: Archaludon|52/100
|-ability|p1b: Archaludon|Stamina|boost
|-boost|p1b: Archaludon|def|1
|move|p1a: Incineroar|Parting Shot|p2a: Grimmsnarl
|-unboost|p2a: Grimmsnarl|atk|1
|-unboost|p2a: Grimmsnarl|spa|1
|
|t:|1783617340
|switch|p1a: Grimmsnarl|Grimmsnarl, L50, M|61/100|[from] Parting Shot
|
|-heal|p1b: Archaludon|58/100|[from] item: Leftovers
|upkeep
|turn|7
|
|t:|1783617362
|move|p1b: Archaludon|Protect|p1b: Archaludon
|-singleturn|p1b: Archaludon|Protect
|move|p2a: Grimmsnarl|Parting Shot|p1b: Archaludon
|-activate|p1b: Archaludon|move: Protect
|move|p1a: Grimmsnarl|Parting Shot|p2b: Venusaur
|-unboost|p2b: Venusaur|atk|1
|-unboost|p2b: Venusaur|spa|1
|
|t:|1783617370
|switch|p1a: Incineroar|Incineroar, L50, M|100/100|[from] Parting Shot
|-ability|p1a: Incineroar|Intimidate|boost
|-unboost|p2a: Grimmsnarl|atk|1
|-unboost|p2b: Venusaur|atk|1
|move|p2b: Venusaur|Sludge Bomb|p1a: Incineroar
|-damage|p1a: Incineroar|82/100
|-status|p1a: Incineroar|psn
|
|-heal|p1b: Archaludon|64/100|[from] item: Leftovers
|-damage|p1a: Incineroar|69/100 psn|[from] psn
|upkeep
|turn|8
|
|t:|1783617391
|switch|p2b: Archaludon|Archaludon, L50, F|100/100
|move|p2a: Grimmsnarl|Parting Shot|p1b: Archaludon
|-unboost|p1b: Archaludon|atk|1
|-unboost|p1b: Archaludon|spa|1
|
|t:|1783617402
|switch|p2a: Venusaur|Venusaur-Mega, L50, M|72/100|[from] Parting Shot
|move|p1b: Archaludon|Electro Shot||[still]
|-prepare|p1b: Archaludon|Electro Shot
|-boost|p1b: Archaludon|spa|1
|move|p1a: Incineroar|Parting Shot|p2a: Venusaur
|-unboost|p2a: Venusaur|atk|1
|-unboost|p2a: Venusaur|spa|1
|
|t:|1783617406
|switch|p1a: Grimmsnarl|Grimmsnarl, L50, M|61/100|[from] Parting Shot
|
|-heal|p1b: Archaludon|70/100|[from] item: Leftovers
|-sideend|p2: PizzaSanwitch|Reflect
|-sideend|p1: cooledoregon|move: Light Screen
|upkeep
|turn|9
|inactive|PizzaSanwitch has 30 seconds left.
|
|t:|1783617439
|move|p2a: Venusaur|Protect|p2a: Venusaur
|-singleturn|p2a: Venusaur|Protect
|move|p1a: Grimmsnarl|Light Screen|p1a: Grimmsnarl
|-sidestart|p1: cooledoregon|move: Light Screen
|move|p1b: Archaludon|Electro Shot|p2b: Archaludon|[from] lockedmove
|-resisted|p2b: Archaludon|1
|-damage|p2b: Archaludon|87/100
|-ability|p2b: Archaludon|Stamina|boost
|-boost|p2b: Archaludon|def|1
|move|p2b: Archaludon|Flash Cannon|p1a: Grimmsnarl
|-supereffective|p1a: Grimmsnarl|1
|-damage|p1a: Grimmsnarl|17/100
|
|-heal|p1b: Archaludon|77/100|[from] item: Leftovers
|-heal|p2b: Archaludon|93/100|[from] item: Leftovers
|upkeep
|turn|10
|
|t:|1783617464
|switch|p2a: Grimmsnarl|Grimmsnarl, L50, M|98/100
|move|p1a: Grimmsnarl|Parting Shot|p2b: Archaludon
|-unboost|p2b: Archaludon|atk|1
|-unboost|p2b: Archaludon|spa|1
|
|t:|1783617470
|switch|p1a: Incineroar|Incineroar, L50, M|69/100 psn|[from] Parting Shot
|-ability|p1a: Incineroar|Intimidate|boost
|-unboost|p2a: Grimmsnarl|atk|1
|-unboost|p2b: Archaludon|atk|1
|move|p1b: Archaludon|Electro Shot||[still]
|-prepare|p1b: Archaludon|Electro Shot
|-boost|p1b: Archaludon|spa|1
|move|p2b: Archaludon|Dragon Pulse|p1a: Incineroar
|-damage|p1a: Incineroar|56/100 psn
|
|-heal|p1b: Archaludon|83/100|[from] item: Leftovers
|-heal|p2b: Archaludon|99/100|[from] item: Leftovers
|-damage|p1a: Incineroar|44/100 psn|[from] psn
|-sideend|p2: PizzaSanwitch|move: Light Screen
|upkeep
|turn|11
|
|t:|1783617486
|switch|p2b: Venusaur|Venusaur-Mega, L50, M|72/100
|move|p1a: Incineroar|Fake Out|p2a: Grimmsnarl
|-damage|p2a: Grimmsnarl|86/100
|cant|p2a: Grimmsnarl|flinch
|move|p1b: Archaludon|Electro Shot|p2a: Grimmsnarl|[from] lockedmove
|-damage|p2a: Grimmsnarl|40/100
|
|-heal|p1b: Archaludon|89/100|[from] item: Leftovers
|-damage|p1a: Incineroar|31/100 psn|[from] psn
|-sideend|p1: cooledoregon|Reflect
|upkeep
|turn|12
|
|t:|1783617501
|move|p2a: Grimmsnarl|Light Screen|p2a: Grimmsnarl
|-sidestart|p2: PizzaSanwitch|move: Light Screen
|move|p1b: Archaludon|Flash Cannon|p2a: Grimmsnarl
|-supereffective|p2a: Grimmsnarl|1
|-damage|p2a: Grimmsnarl|0 fnt
|faint|p2a: Grimmsnarl
|move|p2b: Venusaur|Earth Power|p1b: Archaludon
|-supereffective|p1b: Archaludon|1
|-damage|p1b: Archaludon|52/100
|-ability|p1b: Archaludon|Stamina|boost
|-boost|p1b: Archaludon|def|1
|move|p1a: Incineroar|Parting Shot|p2b: Venusaur
|-unboost|p2b: Venusaur|atk|1
|-unboost|p2b: Venusaur|spa|1
|
|t:|1783617506
|switch|p1a: Grimmsnarl|Grimmsnarl, L50, M|17/100|[from] Parting Shot
|
|-heal|p1b: Archaludon|58/100|[from] item: Leftovers
|upkeep
|
|t:|1783617515
|switch|p2a: Swampert|Swampert, L50, F|86/100
|turn|13
|
|t:|1783617526
|move|p1a: Grimmsnarl|Parting Shot|p2b: Venusaur
|-unboost|p2b: Venusaur|atk|1
|-unboost|p2b: Venusaur|spa|1
|
|t:|1783617529
|switch|p1a: Incineroar|Incineroar, L50, M|31/100 psn|[from] Parting Shot
|-ability|p1a: Incineroar|Intimidate|boost
|-unboost|p2a: Swampert|atk|1
|-unboost|p2b: Venusaur|atk|1
|move|p1b: Archaludon|Dragon Pulse|p2b: Venusaur
|-damage|p2b: Venusaur|44/100
|move|p2b: Venusaur|Earth Power|p1b: Archaludon
|-supereffective|p1b: Archaludon|1
|-damage|p1b: Archaludon|37/100
|-ability|p1b: Archaludon|Stamina|boost
|-boost|p1b: Archaludon|def|1
|move|p2a: Swampert|Wave Crash|p1a: Incineroar
|-supereffective|p1a: Incineroar|1
|-damage|p1a: Incineroar|0 fnt
|faint|p1a: Incineroar
|-damage|p2a: Swampert|75/100|[from] Recoil
|
|-heal|p1b: Archaludon|43/100|[from] item: Leftovers
|upkeep
|
|t:|1783617544
|switch|p1a: Meganium|Meganium, L50, F|100/100
|turn|14
|
|t:|1783617555
|switch|p2b: Archaludon|Archaludon, L50, F|99/100
|detailschange|p1a: Meganium|Meganium-Mega, L50, F
|-mega|p1a: Meganium|Meganium|Meganiumite
|move|p2a: Swampert|Protect|p2a: Swampert
|-singleturn|p2a: Swampert|Protect
|move|p1a: Meganium|Weather Ball|p2b: Archaludon
|-damage|p2b: Archaludon|62/100
|-ability|p2b: Archaludon|Stamina|boost
|-boost|p2b: Archaludon|def|1
|move|p1b: Archaludon|Dragon Pulse|p2b: Archaludon
|-damage|p2b: Archaludon|29/100
|-ability|p2b: Archaludon|Stamina|boost
|-boost|p2b: Archaludon|def|1
|
|-heal|p1b: Archaludon|50/100y|[from] item: Leftovers
|-heal|p2b: Archaludon|35/100|[from] item: Leftovers
|upkeep
|turn|15
|-message|PizzaSanwitch forfeited.
|
|win|cooledoregon
||PizzaSanwitch is ready for game 2.
||cooledoregon is ready for game 2.
|uhtml|next|Next: Game 2 of 3
|l|☆PizzaSanwitch
|player|p2|
