|j|☆lettitripppp
|j|☆Sticky55
|html|lettitrippppSticky55    
|uhtml|bestof|Game 3 of a best-of-3
|t:|1784326030
|gametype|doubles
|player|p1|lettitripppp|lucas|1232
|player|p2|Sticky55|169|1257
|gen|9
|tier|[Gen 9 Champions] VGC 2026 Reg M-B (Bo3)
|rated|
|rule|Species Clause: Limit one of each Pokémon
|rule|Item Clause: Limit 1 of each item
|clearpoke
|poke|p1|Charizard, L50, M, shiny|
|poke|p1|Basculegion, L50, M, shiny|
|poke|p1|Pelipper, L50, F|
|poke|p1|Venusaur, L50, F|
|poke|p1|Archaludon, L50, M|
|poke|p1|Grimmsnarl, L50, M, shiny|
|poke|p2|Blaziken, L50, F|
|poke|p2|Sneasler, L50, F|
|poke|p2|Aerodactyl, L50, M|
|poke|p2|Sinistcha, L50|
|poke|p2|Kingambit, L50, M|
|poke|p2|Floette-Eternal, L50, F|
|teampreview|4
|showteam|p1|Charizard||CharizarditeY|Blaze|WeatherBall,SolarBeam,HeatWave,Protect|Modest||M|||50|]Basculegion||ChoiceScarf|Adaptability|LastRespects,WaveCrash,FlipTurn,AquaJet|Jolly||M|||50|]Pelipper||SitrusBerry|Drizzle|WeatherBall,WideGuard,Hurricane,Tailwind|Modest||F|||50|]Venusaur||FocusSash|Chlorophyll|SleepPowder,SludgeBomb,EarthPower,Protect|Modest||F|||50|]Archaludon||Leftovers|Stamina|FlashCannon,DragonPulse,ElectroShot,Protect|Calm||M|||50|]Grimmsnarl||LightClay|Prankster|PartingShot,LightScreen,SpiritBreak,Reflect|Relaxed||M|||50|
|showteam|p2|Blaziken||LifeOrb|SpeedBoost|FlareBlitz,CloseCombat,Protect,RockSlide|Adamant||F|||50|]Sneasler||WhiteHerb|Unburden|DireClaw,CloseCombat,Protect,FakeOut|Jolly||F|||50|]Aerodactyl||Aerodactylite|Unnerve|IceFang,Tailwind,DualWingbeat,RockSlide|Jolly||M|||50|]Sinistcha||SitrusBerry|Hospitality|MatchaGotcha,Protect,TrickRoom,RagePowder|Bold|||||50|]Kingambit||BlackGlasses|Defiant|Protect,SuckerPunch,KowtowCleave,SwordsDance|Adamant||M|||50|]Floette-Eternal||Floettite|FlowerVeil|DazzlingGleam,Moonblast,Protect,CalmMind|Modest||F|||50|
|inactive|Battle timer is ON: inactive players will automatically lose when time's up. (requested by lettitripppp)
|inactive|Sticky55 has 60 seconds left.
|
|t:|1784326064
|teamsize|p1|4
|teamsize|p2|4
|start
|switch|p1a: GHOSTWAVE|Basculegion, L50, M, shiny|100/100
|switch|p1b: GO JOHAN|Grimmsnarl, L50, M, shiny|100/100
|switch|p2a: Sneasler|Sneasler, L50, F|100/100
|switch|p2b: Aerodactyl|Aerodactyl, L50, M|100/100
|-ability|p2b: Aerodactyl|Unnerve
|turn|1
|
|t:|1784326088
|detailschange|p2b: Aerodactyl|Aerodactyl-Mega, L50, M
|-mega|p2b: Aerodactyl|Aerodactyl|Aerodactylite
|move|p1b: GO JOHAN|Reflect|p1b: GO JOHAN
|-sidestart|p1: lettitripppp|Reflect
|move|p2b: Aerodactyl|Tailwind|p2b: Aerodactyl
|-sidestart|p2: Sticky55|move: Tailwind
|move|p2a: Sneasler|Dire Claw|p1b: GO JOHAN
|-supereffective|p1b: GO JOHAN|1
|-damage|p1b: GO JOHAN|44/100
|-status|p1b: GO JOHAN|psn
|move|p1a: GHOSTWAVE|Wave Crash|p2a: Sneasler
|-damage|p2a: Sneasler|0 fnt
|faint|p2a: Sneasler
|-damage|p1a: GHOSTWAVE|73/100|[from] Recoil
|
|-damage|p1b: GO JOHAN|32/100 psn|[from] psn
|upkeep
|
|t:|1784326106
|switch|p2a: Kingambit|Kingambit, L50, M|100/100
|turn|2
|inactive|Sticky55 has 30 seconds left.
|
|t:|1784326140
|move|p1b: GO JOHAN|Parting Shot|p2b: Aerodactyl
|-unboost|p2b: Aerodactyl|atk|1
|-unboost|p2b: Aerodactyl|spa|1
|
|t:|1784326145
|switch|p1b: BEYOND BRIDGE|Archaludon, L50, M|100/100|[from] Parting Shot
|move|p2b: Aerodactyl|Dual Wingbeat|p1a: GHOSTWAVE
|-damage|p1a: GHOSTWAVE|56/100
|-damage|p1a: GHOSTWAVE|40/100
|-hitcount|p1a: GHOSTWAVE|2
|move|p1a: GHOSTWAVE|Wave Crash|p2b: Aerodactyl
|-supereffective|p2b: Aerodactyl|1
|-damage|p2b: Aerodactyl|0 fnt
|faint|p2b: Aerodactyl
|-damage|p1a: GHOSTWAVE|13/100|[from] Recoil
|move|p2a: Kingambit|Swords Dance|p2a: Kingambit
|-boost|p2a: Kingambit|atk|2
|
|upkeep
|
|t:|1784326161
|switch|p2b: Blaziken|Blaziken, L50, F|100/100
|turn|3
|inactive|Sticky55 has 30 seconds left.
|
|t:|1784326188
|switch|p1a: WET-BEAK|Pelipper, L50, F|100/100
|-weather|RainDance|[from] ability: Drizzle|[of] p1a: WET-BEAK
|move|p2b: Blaziken|Flare Blitz|p1a: WET-BEAK
|-resisted|p1a: WET-BEAK|1
|-damage|p1a: WET-BEAK|83/100
|-damage|p2b: Blaziken|94/100|[from] Recoil
|-damage|p2b: Blaziken|84/100|[from] item: Life Orb
|move|p2a: Kingambit|Swords Dance|p2a: Kingambit
|-boost|p2a: Kingambit|atk|2
|move|p1b: BEYOND BRIDGE|Electro Shot||[still]
|-prepare|p1b: BEYOND BRIDGE|Electro Shot
|-boost|p1b: BEYOND BRIDGE|spa|1
|-anim|p1b: BEYOND BRIDGE|Electro Shot|p2a: Kingambit
|-damage|p2a: Kingambit|47/100
|
|-weather|RainDance|[upkeep]
|-ability|p2b: Blaziken|Speed Boost|boost
|-boost|p2b: Blaziken|spe|1
|upkeep
|turn|4
|inactive|Sticky55 has 30 seconds left.
|inactive|Sticky55 has 20 seconds left.
|inactive|Sticky55 has 15 seconds left.
|inactive|Sticky55 has 10 seconds left.
|
|t:|1784326236
|move|p2b: Blaziken|Close Combat|p1b: BEYOND BRIDGE
|-supereffective|p1b: BEYOND BRIDGE|1
|-damage|p1b: BEYOND BRIDGE|17/100
|-unboost|p2b: Blaziken|def|1
|-unboost|p2b: Blaziken|spd|1
|-ability|p1b: BEYOND BRIDGE|Stamina|boost
|-boost|p1b: BEYOND BRIDGE|def|1
|-damage|p2b: Blaziken|75/100|[from] item: Life Orb
|move|p2a: Kingambit|Kowtow Cleave|p1a: WET-BEAK
|-damage|p1a: WET-BEAK|0 fnt
|faint|p1a: WET-BEAK
|move|p1b: BEYOND BRIDGE|Electro Shot||[still]
|-prepare|p1b: BEYOND BRIDGE|Electro Shot
|-boost|p1b: BEYOND BRIDGE|spa|1
|-anim|p1b: BEYOND BRIDGE|Electro Shot|p2a: Kingambit
|-damage|p2a: Kingambit|0 fnt
|faint|p2a: Kingambit
|
|-weather|RainDance|[upkeep]
|-heal|p1b: BEYOND BRIDGE|23/100|[from] item: Leftovers
|-sideend|p2: Sticky55|move: Tailwind
|-ability|p2b: Blaziken|Speed Boost|boost
|-boost|p2b: Blaziken|spe|1
|upkeep
|
|t:|1784326247
|switch|p1a: GHOSTWAVE|Basculegion, L50, M, shiny|13/100
|turn|5
|c|☆lettitripppp|ggwp
|
|t:|1784326260
|move|p1a: GHOSTWAVE|Aqua Jet|p2b: Blaziken
|-supereffective|p2b: Blaziken|1
|-damage|p2b: Blaziken|0 fnt
|faint|p2b: Blaziken
|
|win|lettitripppp
|raw|lettitripppp's rating: 1232 → 1259(+27 for winning)
|raw|Sticky55's rating: 1257 → 1230(-27 for losing)
