|j|☆cholo haramball
|j|☆B33 R33tt4
|html|cholo haramballB33 R33tt4    
|uhtml|bestof|Game 2 of a best-of-3
|t:|1784124323
|gametype|doubles
|player|p1|cholo haramball|adaman|1235
|player|p2|B33 R33tt4|266|1150
|gen|9
|tier|[Gen 9 Champions] VGC 2026 Reg M-B (Bo3)
|rated|
|rule|Species Clause: Limit one of each Pokémon
|rule|Item Clause: Limit 1 of each item
|clearpoke
|poke|p1|Pelipper, L50, F|
|poke|p1|Archaludon, L50, M|
|poke|p1|Basculegion, L50, M|
|poke|p1|Grimmsnarl, L50, M|
|poke|p1|Venusaur, L50, M|
|poke|p1|Swampert, L50, F|
|poke|p2|Blaziken, L50, F|
|poke|p2|Whimsicott, L50, M|
|poke|p2|Kingambit, L50, F|
|poke|p2|Basculegion, L50, M|
|poke|p2|Sylveon, L50, F|
|poke|p2|Raichu, L50, M|
|teampreview|4
|showteam|p1|Pelipper||FocusSash|Drizzle|WeatherBall,Hurricane,Tailwind,Protect|Timid||F|||50|]Archaludon||Leftovers|Stamina|DragonPulse,FlashCannon,ElectroShot,Protect|Modest||M|||50|]Basculegion||ChoiceScarf|Adaptability|WaveCrash,LastRespects,FlipTurn,AquaJet|Jolly||M|||50|]Grimmsnarl||LightClay|Prankster|SpiritBreak,PartingShot,Reflect,LightScreen|Careful||M|||50|]Venusaur||Venusaurite|Chlorophyll|GigaDrain,SludgeBomb,EarthPower,Protect|Modest||M|||50|]Swampert||Swampertite|Damp|WaveCrash,HighHorsepower,IcePunch,Protect|Adamant||F|||50|
|showteam|p2|Blaziken||Blazikenite|SpeedBoost|FlareBlitz,CloseCombat,Protect,RockSlide|Adamant||F|||50|]Whimsicott||FocusSash|Prankster|Moonblast,Tailwind,Encore,Protect|Timid||M|||50|]Kingambit||LifeOrb|Defiant|KowtowCleave,Protect,IronHead,SuckerPunch|Adamant||F|||50|]Basculegion||ChoiceScarf|Adaptability|WaveCrash,FlipTurn,LastRespects,AquaJet|Jolly||M|||50|]Sylveon||FairyFeather|Pixilate|HyperVoice,Moonblast,HelpingHand,Protect|Modest||F|||50|]Raichu||RaichuniteY|LightningRod|ZapCannon,FocusBlast,GrassKnot,Protect|Timid||M|||50|
|inactive|Battle timer is ON: inactive players will automatically lose when time's up. (requested by cholo haramball)
|inactive|B33 R33tt4 has 60 seconds left.
|inactive|B33 R33tt4 has 30 seconds left.
|inactive|B33 R33tt4 has 20 seconds left.
|
|t:|1784124398
|teamsize|p1|4
|teamsize|p2|4
|start
|switch|p1a: Venusaur|Venusaur, L50, M|100/100
|switch|p1b: Grimmsnarl|Grimmsnarl, L50, M|100/100
|switch|p2a: Blaziken|Blaziken, L50, F|100/100
|switch|p2b: Raichu|Raichu, L50, M|100/100
|turn|1
|inactive|cholo haramball has 30 seconds left.
|inactive|cholo haramball has 20 seconds left.
|inactive|cholo haramball has 15 seconds left.
|
|t:|1784124443
|switch|p2a: Kingambit|Kingambit, L50, F|100/100
|detailschange|p2b: Raichu|Raichu-Mega-Y, L50, M
|-mega|p2b: Raichu|Raichu|Raichunite Y
|detailschange|p1a: Venusaur|Venusaur-Mega, L50, M
|-mega|p1a: Venusaur|Venusaur|Venusaurite
|move|p1b: Grimmsnarl|Light Screen|p1b: Grimmsnarl
|-sidestart|p1: cholo haramball|move: Light Screen
|move|p2b: Raichu|Zap Cannon|p1a: Venusaur
|-resisted|p1a: Venusaur|1
|-damage|p1a: Venusaur|80/100
|-status|p1a: Venusaur|par
|move|p1a: Venusaur|Giga Drain|p2b: Raichu
|-damage|p2b: Raichu|42/100
|-heal|p1a: Venusaur|100/100 par|[from] drain|[of] p2b: Raichu
|
|upkeep
|turn|2
|
|t:|1784124459
|switch|p2b: Blaziken|Blaziken, L50, F|100/100
|move|p1b: Grimmsnarl|Reflect|p1b: Grimmsnarl
|-sidestart|p1: cholo haramball|Reflect
|move|p2a: Kingambit|Iron Head|p1a: Venusaur
|-damage|p1a: Venusaur|73/100 par
|-damage|p2a: Kingambit|90/100|[from] item: Life Orb
|cant|p1a: Venusaur|flinch
|
|upkeep
|turn|3
|
|t:|1784124477
|move|p1b: Grimmsnarl|Parting Shot|p2b: Blaziken
|-unboost|p2b: Blaziken|atk|1
|-unboost|p2b: Blaziken|spa|1
|inactive|cholo haramball has 30 seconds left.
|inactive|cholo haramball has 20 seconds left.
|inactive|cholo haramball has 15 seconds left.
|inactive|cholo haramball has 10 seconds left.
|inactive|cholo haramball has 5 seconds left.
|
|t:|1784124528
|switch|p1b: Pelipper|Pelipper, L50, F|100/100|[from] Parting Shot
|-weather|RainDance|[from] ability: Drizzle|[of] p1b: Pelipper
|move|p2b: Blaziken|Rock Slide|p1b: Pelipper|[spread] p1a,p1b
|-supereffective|p1b: Pelipper|1
|-damage|p1a: Venusaur|66/100 par
|-damage|p1b: Pelipper|78/100
|move|p2a: Kingambit|Iron Head|p1a: Venusaur
|-damage|p1a: Venusaur|40/100 par
|-damage|p2a: Kingambit|80/100|[from] item: Life Orb
|move|p1a: Venusaur|Earth Power|p2a: Kingambit
|-supereffective|p2a: Kingambit|1
|-damage|p2a: Kingambit|20/100y
|
|-weather|RainDance|[upkeep]
|-ability|p2b: Blaziken|Speed Boost|boost
|-boost|p2b: Blaziken|spe|1
|upkeep
|turn|4
|inactive|B33 R33tt4 has 30 seconds left.
|
|t:|1784124554
|move|p1a: Venusaur|Protect|p1a: Venusaur
|-singleturn|p1a: Venusaur|Protect
|move|p2b: Blaziken|Rock Slide|p1b: Pelipper|[spread] p1b
|-activate|p1a: Venusaur|move: Protect
|-supereffective|p1b: Pelipper|1
|-damage|p1b: Pelipper|54/100
|move|p1b: Pelipper|Tailwind|p1b: Pelipper
|-sidestart|p1: cholo haramball|move: Tailwind
|move|p2a: Kingambit|Kowtow Cleave|p1b: Pelipper
|-damage|p1b: Pelipper|0 fnt
|faint|p1b: Pelipper
|-damage|p2a: Kingambit|10/100|[from] item: Life Orb
|
|-weather|RainDance|[upkeep]
|-ability|p2b: Blaziken|Speed Boost|boost
|-boost|p2b: Blaziken|spe|1
|upkeep
|inactive|cholo haramball has 30 seconds left.
|inactive|cholo haramball has 20 seconds left.
|inactive|cholo haramball has 15 seconds left.
|inactive|cholo haramball has 10 seconds left.
|inactive|cholo haramball has 5 seconds left.
|
|t:|1784124609
|switch|p1b: Grimmsnarl|Grimmsnarl, L50, M|100/100
|turn|5
|inactive|B33 R33tt4 has 30 seconds left.
|
|t:|1784124638
|move|p2a: Kingambit|Protect|p2a: Kingambit
|-singleturn|p2a: Kingambit|Protect
|move|p2b: Blaziken|Rock Slide|p1a: Venusaur|[spread] p1a,p1b
|-damage|p1a: Venusaur|33/100 par
|-damage|p1b: Grimmsnarl|91/100
|move|p1b: Grimmsnarl|Spirit Break|p2a: Kingambit
|-activate|p2a: Kingambit|move: Protect
|cant|p1a: Venusaur|flinch
|
|-weather|RainDance|[upkeep]
|-ability|p2b: Blaziken|Speed Boost|boost
|-boost|p2b: Blaziken|spe|1
|upkeep
|turn|6
|
|t:|1784124659
|switch|p2a: Sylveon|Sylveon, L50, F|100/100
|move|p2b: Blaziken|Rock Slide|p1b: Grimmsnarl|[spread] p1a,p1b
|-damage|p1a: Venusaur|26/100 par
|-damage|p1b: Grimmsnarl|81/100
|move|p1b: Grimmsnarl|Spirit Break|p2a: Sylveon
|-damage|p2a: Sylveon|64/100
|-unboost|p2a: Sylveon|spa|1
|cant|p1a: Venusaur|flinch
|
|-weather|RainDance|[upkeep]
|-ability|p2b: Blaziken|Speed Boost|boost
|-boost|p2b: Blaziken|spe|1
|upkeep
|turn|7
|
|t:|1784124681
|switch|p1b: Archaludon|Archaludon, L50, M|100/100
|move|p2b: Blaziken|Protect|p2b: Blaziken
|-singleturn|p2b: Blaziken|Protect
|move|p2a: Sylveon|Protect|p2a: Sylveon
|-singleturn|p2a: Sylveon|Protect
|move|p1a: Venusaur|Sludge Bomb|p2a: Sylveon
|-activate|p2a: Sylveon|move: Protect
|
|-weather|none
|-sideend|p1: cholo haramball|move: Tailwind
|-ability|p2b: Blaziken|Speed Boost|boost
|-boost|p2b: Blaziken|spe|1
|upkeep
|turn|8
|inactive|B33 R33tt4 has 30 seconds left.
|
|t:|1784124715
|move|p2b: Blaziken|Close Combat|p1b: Archaludon
|-supereffective|p1b: Archaludon|1
|-damage|p1b: Archaludon|58/100
|-unboost|p2b: Blaziken|def|1
|-unboost|p2b: Blaziken|spd|1
|-ability|p1b: Archaludon|Stamina|boost
|-boost|p1b: Archaludon|def|1
|move|p1b: Archaludon|Flash Cannon|p2a: Sylveon
|-supereffective|p2a: Sylveon|1
|-damage|p2a: Sylveon|4/100
|move|p2a: Sylveon|Moonblast|p1b: Archaludon
|-damage|p1b: Archaludon|33/100
|-ability|p1b: Archaludon|Stamina|boost
|-boost|p1b: Archaludon|def|1
|move|p1a: Venusaur|Earth Power|p2b: Blaziken
|-supereffective|p2b: Blaziken|1
|-damage|p2b: Blaziken|0 fnt
|faint|p2b: Blaziken
|
|-heal|p1b: Archaludon|40/100|[from] item: Leftovers
|-sideend|p1: cholo haramball|move: Light Screen
|upkeep
|
|t:|1784124731
|switch|p2b: Raichu|Raichu-Mega-Y, L50, M|42/100
|turn|9
|inactive|cholo haramball has 30 seconds left.
|inactive|cholo haramball has 20 seconds left.
|inactive|cholo haramball has 15 seconds left.
|inactive|cholo haramball has 10 seconds left.
|inactive|cholo haramball has 5 seconds left.
|
|t:|1784124783
|move|p2b: Raichu|Focus Blast|p1b: Archaludon
|-supereffective|p1b: Archaludon|1
|-damage|p1b: Archaludon|0 fnt
|faint|p1b: Archaludon
|move|p2a: Sylveon|Hyper Voice|p1a: Venusaur
|-resisted|p1a: Venusaur|1
|-damage|p1a: Venusaur|7/100 par
|cant|p1a: Venusaur|par
|
|-sideend|p1: cholo haramball|Reflect
|upkeep
|
|t:|1784124786
|switch|p1b: Grimmsnarl|Grimmsnarl, L50, M|81/100
|turn|10
|-message|cholo haramball forfeited.
|
|win|B33 R33tt4
|l|☆cholo haramball
|player|p1|
||cholo haramball is ready for game 3.
