|j|☆NerdConsultant
|j|☆Stelvius
|html|NerdConsultantStelvius    
|uhtml|bestof|Game 1 of a best-of-3
|t:|1756297158
|gametype|doubles
|player|p1|NerdConsultant|roxie|1184
|player|p2|Stelvius|265|1284
|gen|9
|tier|[Gen 9] VGC 2025 Reg H (Bo3)
|rated|
|rule|Species Clause: Limit one of each Pokémon
|rule|Item Clause: Limit 1 of each item
|clearpoke
|poke|p1|Dragonite, L50, M|
|poke|p1|Ursaluna-Bloodmoon, L50, M|
|poke|p1|Archaludon, L50, F|
|poke|p1|Whimsicott, L50, F|
|poke|p1|Gholdengo, L50|
|poke|p1|Incineroar, L50, M|
|poke|p2|Annihilape, L50, M|
|poke|p2|Archaludon, L50, M|
|poke|p2|Maushold, L50|
|poke|p2|Pelipper, L50, M|
|poke|p2|Murkrow, L50, M|
|poke|p2|Tauros-Paldea-Aqua, L50, M|
|teampreview|4
|showteam|p1|Dragonite||LoadedDice|Multiscale|ScaleShot,ExtremeSpeed,IceSpinner,Protect|||M|||50|,,,,,Fairy]Ursaluna-Bloodmoon||AssaultVest|MindsEye|BloodMoon,HyperVoice,EarthPower,VacuumWave|||M|||50|,,,,,Normal]Archaludon||PowerHerb|Sturdy|ElectroShot,FlashCannon,DracoMeteor,Protect|||F|||50|,,,,,Stellar]Whimsicott||CovertCloak|Prankster|Tailwind,FakeTears,Encore,Moonblast|||F|||50|,,,,,Poison]Gholdengo||ChoiceSpecs|GoodasGold|MakeItRain,ShadowBall,PowerGem,SteelBeam||||||50|,,,,,Steel]Incineroar||MirrorHerb|Intimidate|FakeOut,KnockOff,PartingShot,FlareBlitz|||M|||50|,,,,,Ghost
|showteam|p2|Annihilape||Leftovers|Defiant|DrainPunch,RageFist,BulkUp,Protect|||M|||50|,,,,,Water]Archaludon||AssaultVest|Stamina|FlashCannon,DracoMeteor,BodyPress,ElectroShot|||M|||50|,,,,,Grass]Maushold||SafetyGoggles|FriendGuard|BeatUp,FollowMe,Taunt,Encore||||||50|,,,,,Ghost]Pelipper||FocusSash|Drizzle|Hurricane,WeatherBall,Tailwind,Protect|||M|||50|,,,,,Ghost]Murkrow||Eviolite|Prankster|FoulPlay,Tailwind,Haze,RainDance|||M|||50|,,,,,Ghost]Tauros-Paldea-Aqua||MirrorHerb|Intimidate|WaveCrash,CloseCombat,AquaJet,Protect|||M|||50|,,,,,Grass
|inactive|Battle timer is ON: inactive players will automatically lose when time's up. (requested by Stelvius)
|inactive|Stelvius has 60 seconds left.
|inactive|Stelvius has 30 seconds left.
|
|t:|1756297231
|teamsize|p1|4
|teamsize|p2|4
|start
|switch|p1a: Whimsicott|Whimsicott, L50, F|100/100
|switch|p1b: Archaludon|Archaludon, L50, F|100/100
|switch|p2a: Annihilape|Annihilape, L50, M|100/100
|switch|p2b: Maushold|Maushold, L50|100/100
|turn|1
|
|t:|1756297252
|move|p2a: Annihilape|Protect|p2a: Annihilape
|-singleturn|p2a: Annihilape|Protect
|move|p1a: Whimsicott|Fake Tears|p2a: Annihilape
|-activate|p2a: Annihilape|move: Protect
|move|p2b: Maushold|Encore|p1a: Whimsicott
|-start|p1a: Whimsicott|Encore
|move|p1b: Archaludon|Electro Shot||[still]
|-prepare|p1b: Archaludon|Electro Shot
|-boost|p1b: Archaludon|spa|1
|-enditem|p1b: Archaludon|Power Herb
|-anim|p1b: Archaludon|Electro Shot|p2a: Annihilape
|-activate|p2a: Annihilape|move: Protect
|
|upkeep
|turn|2
|
|t:|1756297271
|move|p1a: Whimsicott|Fake Tears|p2a: Annihilape
|-unboost|p2a: Annihilape|spd|2
|-ability|p2a: Annihilape|Defiant|boost
|-boost|p2a: Annihilape|atk|2
|move|p2b: Maushold|Encore|p1b: Archaludon
|-start|p1b: Archaludon|Encore
|move|p1b: Archaludon|Electro Shot||[still]
|-prepare|p1b: Archaludon|Electro Shot
|-boost|p1b: Archaludon|spa|1
|move|p2a: Annihilape|Drain Punch|p1b: Archaludon
|-supereffective|p1b: Archaludon
|-ability|p1b: Archaludon|Sturdy
|-damage|p1b: Archaludon|1/100
|
|upkeep
|turn|3
|
|t:|1756297293
|move|p1a: Whimsicott|Fake Tears|p2a: Annihilape
|-unboost|p2a: Annihilape|spd|2
|-ability|p2a: Annihilape|Defiant|boost
|-boost|p2a: Annihilape|atk|2
|move|p2b: Maushold|Beat Up|p1b: Archaludon
|-damage|p1b: Archaludon|0 fnt
|faint|p1b: Archaludon
|-hitcount|p1: Archaludon|1
|move|p2a: Annihilape|Rage Fist|p1a: Whimsicott
|-crit|p1a: Whimsicott
|-damage|p1a: Whimsicott|0 fnt
|faint|p1a: Whimsicott
|
|upkeep
|
|t:|1756297305
|switch|p1a: Ursaluna|Ursaluna-Bloodmoon, L50, M|100/100
|switch|p1b: Gholdengo|Gholdengo, L50|100/100
|turn|4
|
|t:|1756297318
|switch|p2a: Archaludon|Archaludon, L50, M|100/100
|-terastallize|p1a: Ursaluna|Normal
|move|p2b: Maushold|Beat Up|p2a: Archaludon
|-damage|p2a: Archaludon|99/100
|-ability|p2a: Archaludon|Stamina|boost
|-boost|p2a: Archaludon|def|1
|-crit|p2a: Archaludon
|-damage|p2a: Archaludon|97/100
|-ability|p2a: Archaludon|Stamina|boost
|-boost|p2a: Archaludon|def|1
|-damage|p2a: Archaludon|96/100
|-ability|p2a: Archaludon|Stamina|boost
|-boost|p2a: Archaludon|def|1
|-damage|p2a: Archaludon|95/100
|-ability|p2a: Archaludon|Stamina|boost
|-boost|p2a: Archaludon|def|1
|-hitcount|p2a: Archaludon|4
|move|p1b: Gholdengo|Make It Rain|p2a: Archaludon|[spread] p2a,p2b
|-resisted|p2a: Archaludon
|-damage|p2a: Archaludon|76/100
|-damage|p2b: Maushold|2/100
|-unboost|p1b: Gholdengo|spa|1
|-ability|p2a: Archaludon|Stamina|boost
|-boost|p2a: Archaludon|def|1
|move|p1a: Ursaluna|Hyper Voice|p2b: Maushold|[spread] p2a,p2b
|-resisted|p2a: Archaludon
|-damage|p2a: Archaludon|62/100
|-damage|p2b: Maushold|0 fnt
|-ability|p2a: Archaludon|Stamina|boost
|-boost|p2a: Archaludon|def|1
|faint|p2b: Maushold
|
|upkeep
|inactive|Stelvius has 30 seconds left.
|
|t:|1756297347
|switch|p2b: Murkrow|Murkrow, L50, M|100/100
|turn|5
|
|t:|1756297355
|move|p2b: Murkrow|Tailwind|p2b: Murkrow
|-sidestart|p2: Stelvius|move: Tailwind
|move|p2a: Archaludon|Body Press|p1a: Ursaluna
|-supereffective|p1a: Ursaluna
|-damage|p1a: Ursaluna|0 fnt
|faint|p1a: Ursaluna
|move|p1b: Gholdengo|Make It Rain|p2a: Archaludon|[spread] p2a,p2b
|-resisted|p2a: Archaludon
|-damage|p2a: Archaludon|43/100
|-damage|p2b: Murkrow|42/100
|-unboost|p1b: Gholdengo|spa|1
|
|upkeep
|turn|6
|-message|NerdConsultant forfeited.
|
|win|Stelvius
||NerdConsultant is ready for game 2.
||Stelvius is ready for game 2.
|uhtml|next|Next: Game 2 of 3
|l|☆Stelvius
|player|p2|
