|j|☆funtimefuntimes
|j|☆Kiquemo
|html|funtimefuntimesKiquemo    
|uhtml|bestof|Game 3 of a best-of-3
|t:|1785666509
|gametype|doubles
|player|p1|funtimefuntimes|1|1148
|player|p2|Kiquemo|170|1195
|gen|9
|tier|[Gen 9 Champions] VGC 2026 Reg M-B (Bo3)
|rated|
|rule|Species Clause: Limit one of each Pokémon
|rule|Item Clause: Limit 1 of each item
|clearpoke
|poke|p1|Floette-Eternal, L50, F|
|poke|p1|Whimsicott, L50, F|
|poke|p1|Basculegion, L50, M|
|poke|p1|Incineroar, L50, M|
|poke|p1|Glimmora, L50, M|
|poke|p1|Staraptor, L50, M|
|poke|p2|Farigiraf, L50, M|
|poke|p2|Sylveon, L50, M|
|poke|p2|Kingambit, L50, F|
|poke|p2|Incineroar, L50, F|
|poke|p2|Charizard, L50, M|
|poke|p2|Eelektross, L50, M|
|teampreview|4
|showteam|p1|Floette-Eternal||Floettite|FlowerVeil|Moonblast,DazzlingGleam,LightofRuin,Protect|Timid||F|||50|]Whimsicott||OccaBerry|Prankster|Moonblast,FakeTears,Tailwind,Charm|Bold||F|||50|]Basculegion||LifeOrb|Adaptability|WaveCrash,LastRespects,AquaJet,Protect|Jolly||M|||50|]Incineroar||SitrusBerry|Intimidate|FakeOut,PartingShot,FlareBlitz,ThroatChop|Careful||M|||50|]Glimmora||FocusSash|ToxicDebris|PowerGem,EarthPower,SludgeBomb,SpikyShield|Timid||M|||50|]Staraptor||Staraptite|Intimidate|CloseCombat,DualWingbeat,Roost,Protect|Adamant||M|||50|
|showteam|p2|Farigiraf||SitrusBerry|ArmorTail|TwinBeam,Thunderbolt,TrickRoom,Protect|Relaxed||M|||50|]Sylveon||FairyFeather|Pixilate|HyperVoice,Yawn,QuickAttack,Detect|Quiet||M|||50|]Kingambit||ChopleBerry|Defiant|KowtowCleave,IronHead,SuckerPunch,LowKick|Brave||F|||50|]Incineroar||Charcoal|Intimidate|ThroatChop,FlareBlitz,PartingShot,FakeOut|Adamant||F|||50|]Charizard||CharizarditeY|Blaze|HeatWave,SolarBeam,WeatherBall,Protect|Modest||M|||50|]Eelektross||Eelektrossite|Levitate|Superpower,SupercellSlam,RockSlide,Coil|Adamant||M|||50|
|inactive|Battle timer is ON: inactive players will automatically lose when time's up. (requested by Kiquemo)
|inactive|funtimefuntimes has 60 seconds left.
|inactive|funtimefuntimes has 30 seconds left.
|inactive|funtimefuntimes has 20 seconds left.
|
|t:|1785666601
|teamsize|p1|4
|teamsize|p2|4
|start
|switch|p1a: Staraptor|Staraptor, L50, M|100/100
|switch|p1b: Incineroar|Incineroar, L50, M|100/100
|switch|p2a: Farigiraf|Farigiraf, L50, M|100/100
|switch|p2b: Incineroar|Incineroar, L50, F|100/100
|-ability|p1a: Staraptor|Intimidate|boost
|-unboost|p2a: Farigiraf|atk|1
|-unboost|p2b: Incineroar|atk|1
|-ability|p1b: Incineroar|Intimidate|boost
|-unboost|p2a: Farigiraf|atk|1
|-unboost|p2b: Incineroar|atk|1
|-ability|p2b: Incineroar|Intimidate|boost
|-unboost|p1a: Staraptor|atk|1
|-unboost|p1b: Incineroar|atk|1
|turn|1
|
|t:|1785666615
|detailschange|p1a: Staraptor|Staraptor-Mega, L50, M
|-mega|p1a: Staraptor|Staraptor|Staraptite
|move|p1a: Staraptor|Close Combat|p2b: Incineroar
|-supereffective|p2b: Incineroar|1
|-damage|p2b: Incineroar|10/100
|-boost|p1a: Staraptor|def|1
|-boost|p1a: Staraptor|spd|1
|move|p1b: Incineroar|Parting Shot|p2a: Farigiraf
|-unboost|p2a: Farigiraf|atk|1
|-unboost|p2a: Farigiraf|spa|1
|
|t:|1785666621
|switch|p1b: Whimsicott|Whimsicott, L50, F|100/100|[from] Parting Shot
|move|p2b: Incineroar|Flare Blitz|p1a: Staraptor
|-damage|p1a: Staraptor|74/100
|-damage|p2b: Incineroar|3/100|[from] Recoil
|move|p2a: Farigiraf|Trick Room|p2a: Farigiraf
|-fieldstart|move: Trick Room|[of] p2a: Farigiraf
|
|upkeep
|turn|2
|
|t:|1785666634
|move|p1b: Whimsicott|Fake Tears|p1a: Staraptor
|-boost|p1a: Staraptor|spd|2
|move|p2a: Farigiraf|Twin Beam|p1a: Staraptor
|-supereffective|p1a: Staraptor|1
|-damage|p1a: Staraptor|64/100
|-supereffective|p1a: Staraptor|1
|-damage|p1a: Staraptor|54/100
|-hitcount|p1a: Staraptor|2
|move|p2b: Incineroar|Flare Blitz|p1a: Staraptor
|-damage|p1a: Staraptor|27/100
|-damage|p2b: Incineroar|0 fnt|[from] Recoil
|faint|p2b: Incineroar
|move|p1a: Staraptor|Roost|p1a: Staraptor
|-heal|p1a: Staraptor|78/100
|-singleturn|p1a: Staraptor|move: Roost
|
|upkeep
|
|t:|1785666644
|switch|p2b: Sylveon|Sylveon, L50, M|100/100
|turn|3
|
|t:|1785666656
|move|p1b: Whimsicott|Fake Tears|p1a: Staraptor
|-boost|p1a: Staraptor|spd|2
|move|p2b: Sylveon|Yawn|p1a: Staraptor
|-start|p1a: Staraptor|move: Yawn|[of] p2b: Sylveon
|move|p2a: Farigiraf|Twin Beam|p1a: Staraptor
|-supereffective|p1a: Staraptor|1
|-damage|p1a: Staraptor|71/100
|-supereffective|p1a: Staraptor|1
|-damage|p1a: Staraptor|64/100
|-hitcount|p1a: Staraptor|2
|move|p1a: Staraptor|Close Combat|p2a: Farigiraf
|-damage|p2a: Farigiraf|67/100
|-boost|p1a: Staraptor|def|1
|-boost|p1a: Staraptor|spd|1
|
|upkeep
|turn|4
|
|t:|1785666680
|switch|p1a: Incineroar|Incineroar, L50, M|100/100
|-ability|p1a: Incineroar|Intimidate|boost
|-unboost|p2a: Farigiraf|atk|1
|-unboost|p2b: Sylveon|atk|1
|move|p2a: Farigiraf|Twin Beam|p1a: Incineroar
|-immune|p1a: Incineroar
|move|p2b: Sylveon|Hyper Voice|p1b: Whimsicott|[spread] p1a,p1b
|-damage|p1a: Incineroar|63/100
|-damage|p1b: Whimsicott|37/100
|move|p1b: Whimsicott|Moonblast|p2b: Sylveon
|-damage|p2b: Sylveon|79/100
|
|upkeep
|turn|5
|
|t:|1785666694
|switch|p2a: Eelektross|Eelektross, L50, M|100/100
|move|p2b: Sylveon|Hyper Voice|p1a: Incineroar|[spread] p1a,p1b
|-damage|p1a: Incineroar|29/100
|-damage|p1b: Whimsicott|0 fnt
|-enditem|p1a: Incineroar|Sitrus Berry|[eat]
|-heal|p1a: Incineroar|54/100|[from] item: Sitrus Berry
|faint|p1b: Whimsicott
|move|p1a: Incineroar|Flare Blitz|p2b: Sylveon
|-damage|p2b: Sylveon|29/100
|-damage|p1a: Incineroar|39/100|[from] Recoil
|
|-fieldend|move: Trick Room
|upkeep
|
|t:|1785666699
|switch|p1b: Glimmora|Glimmora, L50, M|100/100
|turn|6
|
|t:|1785666707
|detailschange|p2a: Eelektross|Eelektross-Mega, L50, M
|-mega|p2a: Eelektross|Eelektross|Eelektrossite
|move|p1b: Glimmora|Sludge Bomb|p2b: Sylveon
|-supereffective|p2b: Sylveon|1
|-damage|p2b: Sylveon|0 fnt
|faint|p2b: Sylveon
|move|p2a: Eelektross|Coil|p2a: Eelektross
|-boost|p2a: Eelektross|atk|1
|-boost|p2a: Eelektross|def|1
|-boost|p2a: Eelektross|accuracy|1
|move|p1a: Incineroar|Parting Shot|p2a: Eelektross
|-unboost|p2a: Eelektross|atk|1
|-unboost|p2a: Eelektross|spa|1
|
|t:|1785666711
|switch|p1a: Staraptor|Staraptor-Mega, L50, M|64/100|[from] Parting Shot
|
|upkeep
|
|t:|1785666715
|switch|p2b: Farigiraf|Farigiraf, L50, M|67/100
|turn|7
|
|t:|1785666725
|move|p1a: Staraptor|Close Combat|p2a: Eelektross
|-damage|p2a: Eelektross|44/100
|-boost|p1a: Staraptor|def|1
|-boost|p1a: Staraptor|spd|1
|move|p1b: Glimmora|Sludge Bomb|p2a: Eelektross
|-damage|p2a: Eelektross|0 fnt
|faint|p2a: Eelektross
|move|p2b: Farigiraf|Trick Room|p2b: Farigiraf
|-fieldstart|move: Trick Room|[of] p2b: Farigiraf
|
|upkeep
|turn|8
|
|t:|1785666734
|move|p1b: Glimmora|Spiky Shield|p1b: Glimmora
|-singleturn|p1b: Glimmora|move: Protect
|move|p1a: Staraptor|Protect|p1a: Staraptor
|-singleturn|p1a: Staraptor|Protect
|move|p2b: Farigiraf|Twin Beam|p1b: Glimmora
|-activate|p1b: Glimmora|move: Protect
|
|upkeep
|turn|9
|
|t:|1785666738
|move|p2b: Farigiraf|Twin Beam|p1a: Staraptor
|-supereffective|p1a: Staraptor|1
|-damage|p1a: Staraptor|41/100
|-supereffective|p1a: Staraptor|1
|-damage|p1a: Staraptor|17/100
|-hitcount|p1a: Staraptor|2
|move|p1b: Glimmora|Sludge Bomb|p2b: Farigiraf
|-damage|p2b: Farigiraf|15/100
|-status|p2b: Farigiraf|psn
|-enditem|p2b: Farigiraf|Sitrus Berry|[eat]
|-heal|p2b: Farigiraf|40/100 psn|[from] item: Sitrus Berry
|move|p1a: Staraptor|Close Combat|p2b: Farigiraf
|-damage|p2b: Farigiraf|0 fnt
|-boost|p1a: Staraptor|def|1
|-boost|p1a: Staraptor|spd|1
|faint|p2b: Farigiraf
|
|win|funtimefuntimes
|raw|funtimefuntimes's rating: 1148 → 1176(+28 for winning)
|raw|Kiquemo's rating: 1195 → 1167(-28 for losing)
|l|☆Kiquemo
|player|p2|
