|j|☆dondozo ate my son
|j|☆Pyos
|html|dondozo ate my sonPyos    
|uhtml|bestof|Game 3 of a best-of-3
|t:|1784929486
|gametype|doubles
|player|p1|dondozo ate my son|2|
|player|p2|Pyos|tulip|
|gen|9
|tier|[Gen 9 Champions] VGC 2026 Reg M-B (Bo3)
|rule|Species Clause: Limit one of each Pokémon
|rule|Item Clause: Limit 1 of each item
|clearpoke
|poke|p1|Gengar, L50, F|
|poke|p1|Swampert, L50, F|
|poke|p1|Incineroar, L50, M|
|poke|p1|Politoed, L50, F|
|poke|p1|Archaludon, L50, M|
|poke|p1|Vivillon, L50, F|
|poke|p2|Grimmsnarl, L50, M|
|poke|p2|Politoed, L50, F|
|poke|p2|Archaludon, L50, M|
|poke|p2|Venusaur, L50, M|
|poke|p2|Sneasler, L50, F|
|poke|p2|Basculegion, L50, M|
|teampreview|4
|showteam|p1|Gengar||Gengarite|CursedBody|ShadowBall,PerishSong,SludgeBomb,Protect|Timid||F|||50|]Swampert||Swampertite|Torrent|WaveCrash,Earthquake,IcePunch,Protect|Adamant||F|||50|]Incineroar||PasshoBerry|Intimidate|ThroatChop,PartingShot,FakeOut,Protect|Sassy||M|||50|]Politoed||SitrusBerry|Drizzle|WeatherBall,PerishSong,Encore,Protect|Calm||F|||50|]Archaludon||Leftovers|Stamina|DragonPulse,FlashCannon,ElectroShot,Protect|Bold||M|||50|]Vivillon||FocusSash|CompoundEyes|Hurricane,SleepPowder,RagePowder,Protect|Timid||F|||50|
|showteam|p2|Grimmsnarl||LightClay|Prankster|FoulPlay,Reflect,LightScreen,PartingShot|Careful||M|||50|]Politoed||SitrusBerry|Drizzle|WeatherBall,IceBeam,Encore,Protect|Calm||F|||50|]Archaludon||Leftovers|Stamina|ElectroShot,DragonPulse,FlashCannon,Protect|Modest||M|||50|]Venusaur||Venusaurite|Chlorophyll|GigaDrain,SludgeBomb,EarthPower,Protect|Modest||M|||50|]Sneasler||FocusSash|Unburden|CloseCombat,DireClaw,FakeOut,Protect|Jolly||F|||50|]Basculegion||ChoiceScarf|Adaptability|WaveCrash,LastRespects,AquaJet,FlipTurn|Jolly||M|||50|
|
|t:|1784929546
|teamsize|p1|4
|teamsize|p2|4
|start
|switch|p1a: Gengar|Gengar, L50, F|100/100
|switch|p1b: Incineroar|Incineroar, L50, M|100/100
|switch|p2a: Grimmsnarl|Grimmsnarl, L50, M|100/100
|switch|p2b: Venusaur|Venusaur, L50, M|100/100
|-ability|p1b: Incineroar|Intimidate|boost
|-unboost|p2a: Grimmsnarl|atk|1
|-unboost|p2b: Venusaur|atk|1
|turn|1
|
|t:|1784929571
|detailschange|p1a: Gengar|Gengar-Mega, L50, F
|-mega|p1a: Gengar|Gengar|Gengarite
|detailschange|p2b: Venusaur|Venusaur-Mega, L50, M
|-mega|p2b: Venusaur|Venusaur|Venusaurite
|move|p1b: Incineroar|Fake Out|p2b: Venusaur
|-damage|p2b: Venusaur|90/100
|move|p1a: Gengar|Perish Song|p1a: Gengar
|-start|p1a: Gengar|perish3|[silent]
|-start|p1b: Incineroar|perish3|[silent]
|-start|p2a: Grimmsnarl|perish3|[silent]
|-start|p2b: Venusaur|perish3|[silent]
|-fieldactivate|move: Perish Song
|cant|p2b: Venusaur|flinch
|move|p2a: Grimmsnarl|Foul Play|p1a: Gengar
|-supereffective|p1a: Gengar|1
|-damage|p1a: Gengar|49/100
|
|-start|p1a: Gengar|perish3
|-start|p2b: Venusaur|perish3
|-start|p2a: Grimmsnarl|perish3
|-start|p1b: Incineroar|perish3
|upkeep
|turn|2
|
|t:|1784929614
|move|p1a: Gengar|Protect|p1a: Gengar
|-singleturn|p1a: Gengar|Protect
|move|p1b: Incineroar|Protect|p1b: Incineroar
|-singleturn|p1b: Incineroar|Protect
|move|p2a: Grimmsnarl|Parting Shot|p1a: Gengar
|-activate|p1a: Gengar|move: Protect
|move|p2b: Venusaur|Earth Power|p1b: Incineroar
|-activate|p1b: Incineroar|move: Protect
|
|-start|p1a: Gengar|perish2
|-start|p2b: Venusaur|perish2
|-start|p2a: Grimmsnarl|perish2
|-start|p1b: Incineroar|perish2
|upkeep
|turn|3
|
|t:|1784929659
|switch|p1a: Politoed|Politoed, L50, F|100/100
|-weather|RainDance|[from] ability: Drizzle|[of] p1a: Politoed
|move|p2a: Grimmsnarl|Light Screen|p2a: Grimmsnarl
|-sidestart|p2: Pyos|move: Light Screen
|move|p2b: Venusaur|Earth Power|p1b: Incineroar
|-supereffective|p1b: Incineroar|1
|-damage|p1b: Incineroar|49/100
|move|p1b: Incineroar|Parting Shot|p2a: Grimmsnarl
|-unboost|p2a: Grimmsnarl|atk|1
|-unboost|p2a: Grimmsnarl|spa|1
|
|t:|1784929670
|switch|p1b: Gengar|Gengar-Mega, L50, F|49/100|[from] Parting Shot
|
|-weather|RainDance|[upkeep]
|-start|p2b: Venusaur|perish1
|-start|p2a: Grimmsnarl|perish1
|upkeep
|turn|4
|
|t:|1784929682
|move|p1b: Gengar|Protect|p1b: Gengar
|-singleturn|p1b: Gengar|Protect
|move|p1a: Politoed|Protect|p1a: Politoed
|-singleturn|p1a: Politoed|Protect
|move|p2a: Grimmsnarl|Parting Shot|p2b: Venusaur
|-unboost|p2b: Venusaur|atk|1
|-unboost|p2b: Venusaur|spa|1
|
|t:|1784929689
|switch|p2a: Basculegion|Basculegion, L50, M|100/100|[from] Parting Shot
|move|p2b: Venusaur|Giga Drain|p1a: Politoed
|-activate|p1a: Politoed|move: Protect
|
|-weather|RainDance|[upkeep]
|-start|p2b: Venusaur|perish0
|faint|p2b: Venusaur
|upkeep
|
|t:|1784929698
|switch|p2b: Archaludon|Archaludon, L50, M|100/100
|turn|5
|
|t:|1784929716
|switch|p1b: Incineroar|Incineroar, L50, M|49/100
|-ability|p1b: Incineroar|Intimidate|boost
|-unboost|p2a: Basculegion|atk|1
|-unboost|p2b: Archaludon|atk|1
|move|p2a: Basculegion|Wave Crash|p1b: Incineroar
|-supereffective|p1b: Incineroar|1
|-enditem|p1b: Incineroar|Passho Berry|[eat]
|-enditem|p1b: Incineroar|Passho Berry|[weaken]
|-damage|p1b: Incineroar|0 fnt
|faint|p1b: Incineroar
|-damage|p2a: Basculegion|83/100|[from] Recoil
|move|p2b: Archaludon|Electro Shot||[still]
|-prepare|p2b: Archaludon|Electro Shot
|-boost|p2b: Archaludon|spa|1
|-anim|p2b: Archaludon|Electro Shot|p1a: Politoed
|-supereffective|p1a: Politoed|1
|-damage|p1a: Politoed|4/100
|-enditem|p1a: Politoed|Sitrus Berry|[eat]
|-heal|p1a: Politoed|29/100|[from] item: Sitrus Berry
|move|p1a: Politoed|Perish Song|p1a: Politoed
|-start|p1a: Politoed|perish3|[silent]
|-start|p2a: Basculegion|perish3|[silent]
|-start|p2b: Archaludon|perish3|[silent]
|-fieldactivate|move: Perish Song
|
|-weather|RainDance|[upkeep]
|-start|p2a: Basculegion|perish3
|-start|p2b: Archaludon|perish3
|-start|p1a: Politoed|perish3
|upkeep
|
|t:|1784929726
|switch|p1b: Gengar|Gengar-Mega, L50, F|49/100
|turn|6
|
|t:|1784929749
|move|p1b: Gengar|Protect|p1b: Gengar
|-singleturn|p1b: Gengar|Protect
|move|p1a: Politoed|Protect|p1a: Politoed
|-singleturn|p1a: Politoed|Protect
|move|p2a: Basculegion|Wave Crash|p1b: Gengar
|-activate|p1b: Gengar|move: Protect
|move|p2b: Archaludon|Electro Shot||[still]
|-prepare|p2b: Archaludon|Electro Shot
|-boost|p2b: Archaludon|spa|1
|-anim|p2b: Archaludon|Electro Shot|p1a: Politoed
|-activate|p1a: Politoed|move: Protect
|
|-weather|RainDance|[upkeep]
|-start|p2a: Basculegion|perish2
|-start|p2b: Archaludon|perish2
|-start|p1a: Politoed|perish2
|upkeep
|turn|7
|
|t:|1784929782
|switch|p1b: Archaludon|Archaludon, L50, M|100/100
|move|p2a: Basculegion|Wave Crash|p1a: Politoed
|-resisted|p1a: Politoed|1
|-damage|p1a: Politoed|0 fnt
|faint|p1a: Politoed
|-damage|p2a: Basculegion|73/100|[from] Recoil
|move|p2b: Archaludon|Dragon Pulse|p1b: Archaludon
|-damage|p1b: Archaludon|28/100
|-ability|p1b: Archaludon|Stamina|boost
|-boost|p1b: Archaludon|def|1
|
|-weather|none
|-heal|p1b: Archaludon|34/100|[from] item: Leftovers
|-start|p2a: Basculegion|perish1
|-start|p2b: Archaludon|perish1
|upkeep
|
|t:|1784929796
|switch|p1a: Gengar|Gengar-Mega, L50, F|49/100
|turn|8
|
|t:|1784929804
|switch|p2a: Grimmsnarl|Grimmsnarl, L50, M|100/100
|move|p1a: Gengar|Protect|p1a: Gengar
|-singleturn|p1a: Gengar|Protect
|move|p1b: Archaludon|Protect|p1b: Archaludon
|-singleturn|p1b: Archaludon|Protect
|move|p2b: Archaludon|Dragon Pulse|p1a: Gengar
|-activate|p1a: Gengar|move: Protect
|
|-heal|p1b: Archaludon|40/100|[from] item: Leftovers
|-start|p2b: Archaludon|perish0
|faint|p2b: Archaludon
|upkeep
|
|t:|1784929811
|switch|p2b: Basculegion|Basculegion, L50, M|73/100
|turn|9
|
|t:|1784929822
|move|p2b: Basculegion|Last Respects|p1b: Archaludon
|-damage|p1b: Archaludon|0 fnt
|faint|p1b: Archaludon
|move|p1a: Gengar|Shadow Ball|p2b: Basculegion
|-supereffective|p2b: Basculegion|1
|-damage|p2b: Basculegion|0 fnt
|faint|p2b: Basculegion
|move|p2a: Grimmsnarl|Foul Play|p1a: Gengar
|-supereffective|p1a: Gengar|1
|-damage|p1a: Gengar|1/100
|
|upkeep
|turn|10
|
|t:|1784929841
|move|p1a: Gengar|Protect|p1a: Gengar
|-singleturn|p1a: Gengar|Protect
|move|p2a: Grimmsnarl|Foul Play|p1a: Gengar
|-activate|p1a: Gengar|move: Protect
|
|-sideend|p2: Pyos|move: Light Screen
|upkeep
|turn|11
|
|t:|1784929849
|move|p1a: Gengar|Sludge Bomb|p2a: Grimmsnarl
|-supereffective|p2a: Grimmsnarl|1
|-crit|p2a: Grimmsnarl
|-damage|p2a: Grimmsnarl|0 fnt
|faint|p2a: Grimmsnarl
|
|win|dondozo ate my son
|l|☆dondozo ate my son
|player|p1|
|n|☆Pyos|pyos
