|j|☆buf0722shito
|j|☆mackerjuan
|html|buf0722shitomackerjuan    
|uhtml|bestof|Game 1 of a best-of-3
|t:|1756297914
|gametype|doubles
|player|p1|buf0722shito|266|1209
|player|p2|mackerjuan|266|1242
|gen|9
|tier|[Gen 9] VGC 2025 Reg H (Bo3)
|rated|
|rule|Species Clause: Limit one of each Pokémon
|rule|Item Clause: Limit 1 of each item
|clearpoke
|poke|p1|Talonflame, L50, M|
|poke|p1|Glimmora, L50, F|
|poke|p1|Dondozo, L50, F|
|poke|p1|Tatsugiri-Droopy, L50, M|
|poke|p1|Dragonite, L50, F|
|poke|p1|Gholdengo, L50|
|poke|p2|Incineroar, L50, M|
|poke|p2|Gholdengo, L50|
|poke|p2|Porygon2, L50|
|poke|p2|Ursaluna, L50, M|
|poke|p2|Amoonguss, L50, M|
|poke|p2|Hydreigon, L50, F|
|teampreview|4
|showteam|p1|Talonflame||LifeOrb|GaleWings|BraveBird,FlareBlitz,Tailwind,WillOWisp|||M|||50|,,,,,Ghost]Glimmora||PowerHerb|ToxicDebris|MeteorBeam,SludgeBomb,SpikyShield,EarthPower|||F|||50|,,,,,Grass]Dondozo||Leftovers|Unaware|WaveCrash,Protect,BodyPress,Earthquake|||F|||50|,,,,,Grass]Tatsugiri-Droopy||FocusSash|Commander|MuddyWater,Protect,DracoMeteor,DragonPulse|||M|||50|,,,,,Stellar]Dragonite||ChoiceBand|InnerFocus|ExtremeSpeed,Outrage,LowKick,StompingTantrum|||F|||50|,,,,,Normal]Gholdengo||ChoiceSpecs|GoodasGold|Thunderbolt,PowerGem,ShadowBall,MakeItRain||||||50|,,,,,Steel
|showteam|p2|Incineroar||SafetyGoggles|Intimidate|FlareBlitz,KnockOff,FakeOut,PartingShot|||M|||50|,,,,,Ghost]Gholdengo||LifeOrb|GoodasGold|MakeItRain,ShadowBall,NastyPlot,Protect||||||50|,,,,,Water]Porygon2||Eviolite|Download|TeraBlast,IceBeam,Recover,TrickRoom||||||50|,,,,,Fighting]Ursaluna||FlameOrb|Guts|Facade,HeadlongRush,Earthquake,Protect|||M|||50|,,,,,Ghost]Amoonguss||SitrusBerry|Regenerator|PollenPuff,Spore,RagePowder,Protect|||M|||50|,,,,,Water]Hydreigon||CovertCloak|Levitate|Taunt,Tailwind,DracoMeteor,Snarl|||F|||50|,,,,,Steel
|inactive|Battle timer is ON: inactive players will automatically lose when time's up. (requested by mackerjuan)
|inactive|mackerjuan has 60 seconds left.
|inactive|mackerjuan has 30 seconds left.
|
|t:|1756297984
|teamsize|p1|4
|teamsize|p2|4
|start
|switch|p1a: Glimmora|Glimmora, L50, F|100/100
|switch|p1b: Talonflame|Talonflame, L50, M, shiny|100/100
|switch|p2a: Incineroar|Incineroar, L50, M|100/100
|switch|p2b: Gholdengo|Gholdengo, L50|100/100
|-ability|p2a: Incineroar|Intimidate|boost
|-unboost|p1a: Glimmora|atk|1
|-unboost|p1b: Talonflame|atk|1
|turn|1
|inactive|mackerjuan has 30 seconds left.
|
|t:|1756298013
|move|p1a: Glimmora|Spiky Shield|p1a: Glimmora
|-singleturn|p1a: Glimmora|move: Protect
|move|p2a: Incineroar|Fake Out|p1b: Talonflame
|-damage|p1b: Talonflame|84/100
|cant|p1b: Talonflame|flinch
|move|p2b: Gholdengo|Shadow Ball|p1a: Glimmora
|-activate|p1a: Glimmora|move: Protect
|
|upkeep
|turn|2
|
|t:|1756298035
|-terastallize|p2b: Gholdengo|Water
|move|p1b: Talonflame|Flare Blitz|p2b: Gholdengo
|-resisted|p2b: Gholdengo
|-damage|p2b: Gholdengo|81/100
|-damage|p1b: Talonflame|76/100|[from] Recoil
|-damage|p1b: Talonflame|66/100|[from] item: Life Orb
|move|p1a: Glimmora|Meteor Beam||[still]
|-prepare|p1a: Glimmora|Meteor Beam
|-boost|p1a: Glimmora|spa|1
|-enditem|p1a: Glimmora|Power Herb
|-anim|p1a: Glimmora|Meteor Beam|p2a: Incineroar
|-supereffective|p2a: Incineroar
|-damage|p2a: Incineroar|0 fnt
|faint|p2a: Incineroar
|move|p2b: Gholdengo|Nasty Plot|p2b: Gholdengo
|-boost|p2b: Gholdengo|spa|2
|
|upkeep
|
|t:|1756298051
|switch|p2a: Porygon2|Porygon2, L50|100/100
|-ability|p2a: Porygon2|Download|boost
|-boost|p2a: Porygon2|spa|1
|turn|3
|
|t:|1756298062
|move|p1b: Talonflame|Brave Bird|p2a: Porygon2
|-damage|p2a: Porygon2|76/100
|-damage|p1b: Talonflame|55/100|[from] Recoil
|-damage|p1b: Talonflame|46/100|[from] item: Life Orb
|move|p1a: Glimmora|Sludge Bomb|p2a: Porygon2
|-damage|p2a: Porygon2|30/100
|move|p2b: Gholdengo|Make It Rain|p1b: Talonflame|[spread] p1a,p1b
|-supereffective|p1a: Glimmora
|-resisted|p1b: Talonflame
|-damage|p1a: Glimmora|0 fnt
|-damage|p1b: Talonflame|0 fnt
|-unboost|p2b: Gholdengo|spa|1
|faint|p1a: Glimmora
|faint|p1b: Talonflame
|-damage|p2b: Gholdengo|72/100|[from] item: Life Orb
|move|p2a: Porygon2|Trick Room|p2a: Porygon2
|-fieldstart|move: Trick Room|[of] p2a: Porygon2
|
|upkeep
|
|t:|1756298072
|switch|p1a: Dondozo|Dondozo, L50, F, shiny|100/100
|switch|p1b: Tatsugiri|Tatsugiri-Droopy, L50, M|100/100
|-activate|p1b: Tatsugiri|ability: Commander|[of] p1a: Dondozo
|-boost|p1a: Dondozo|atk|2
|-boost|p1a: Dondozo|spa|2
|-boost|p1a: Dondozo|spe|2
|-boost|p1a: Dondozo|def|2
|-boost|p1a: Dondozo|spd|2
|turn|4
|
|t:|1756298090
|switch|p2b: Amoonguss|Amoonguss, L50, M|100/100
|move|p2a: Porygon2|Recover|p2a: Porygon2
|-heal|p2a: Porygon2|80/100
|move|p1a: Dondozo|Earthquake|p2a: Porygon2|[spread] p2a,p2b
|-miss|p1a: Dondozo|p1b: Tatsugiri
|-damage|p2a: Porygon2|53/100
|-damage|p2b: Amoonguss|60/100
|
|upkeep
|turn|5
|
|t:|1756298102
|-terastallize|p1a: Dondozo|Grass
|move|p2b: Amoonguss|Spore|p1a: Dondozo
|-immune|p1a: Dondozo
|move|p2a: Porygon2|Ice Beam|p1a: Dondozo
|-supereffective|p1a: Dondozo
|-damage|p1a: Dondozo|72/100
|-status|p1a: Dondozo|frz
|cant|p1a: Dondozo|frz
|
|-heal|p1a: Dondozo|78/100 frz|[from] item: Leftovers
|upkeep
|turn|6
|c|☆buf0722shito|Fuck
|
|t:|1756298117
|-curestatus|p1a: Dondozo|frz|[msg]
|move|p1a: Dondozo|Protect|p1a: Dondozo
|-singleturn|p1a: Dondozo|Protect
|move|p2b: Amoonguss|Pollen Puff|p2a: Porygon2
|-heal|p2a: Porygon2|100/100
|move|p2a: Porygon2|Ice Beam|p1a: Dondozo
|-activate|p1a: Dondozo|move: Protect
|
|-heal|p1a: Dondozo|84/100|[from] item: Leftovers
|upkeep
|turn|7
|
|t:|1756298128
|move|p2b: Amoonguss|Pollen Puff|p1a: Dondozo
|-supereffective|p1a: Dondozo
|-damage|p1a: Dondozo|63/100
|move|p2a: Porygon2|Ice Beam|p1a: Dondozo
|-supereffective|p1a: Dondozo
|-damage|p1a: Dondozo|32/100
|move|p1a: Dondozo|Body Press|p2a: Porygon2
|-supereffective|p2a: Porygon2
|-damage|p2a: Porygon2|50/100
|
|-heal|p1a: Dondozo|38/100|[from] item: Leftovers
|-fieldend|move: Trick Room
|upkeep
|turn|8
|inactive|mackerjuan has 30 seconds left.
|
|t:|1756298154
|move|p1a: Dondozo|Wave Crash|p2a: Porygon2
|-damage|p2a: Porygon2|0 fnt
|faint|p2a: Porygon2
|-damage|p1a: Dondozo|24/100|[from] Recoil
|move|p2b: Amoonguss|Pollen Puff|p1a: Dondozo
|-supereffective|p1a: Dondozo
|-damage|p1a: Dondozo|4/100
|
|-heal|p1a: Dondozo|10/100|[from] item: Leftovers
|upkeep
|
|t:|1756298163
|switch|p2a: Gholdengo|Gholdengo, L50, tera:Water|72/100
|turn|9
|
|t:|1756298170
|move|p1a: Dondozo|Protect|p1a: Dondozo
|-singleturn|p1a: Dondozo|Protect
|move|p2a: Gholdengo|Protect|p2a: Gholdengo
|-singleturn|p2a: Gholdengo|Protect
|move|p2b: Amoonguss|Pollen Puff|p1a: Dondozo
|-activate|p1a: Dondozo|move: Protect
|
|-heal|p1a: Dondozo|16/100|[from] item: Leftovers
|upkeep
|turn|10
|
|t:|1756298183
|move|p1a: Dondozo|Earthquake|p2b: Amoonguss|[spread] p2a,p2b
|-miss|p1a: Dondozo|p1b: Tatsugiri
|-crit|p2a: Gholdengo
|-damage|p2a: Gholdengo|8/100
|-damage|p2b: Amoonguss|21/100
|-enditem|p2b: Amoonguss|Sitrus Berry|[eat]
|-heal|p2b: Amoonguss|45/100|[from] item: Sitrus Berry
|move|p2a: Gholdengo|Make It Rain|p1b: Tatsugiri|[spread] p1a
|-miss|p2a: Gholdengo|p1b: Tatsugiri
|-damage|p1a: Dondozo|0 fnt
|-unboost|p2a: Gholdengo|spa|1
|faint|p1a: Dondozo
|-damage|p2a: Gholdengo|0 fnt|[from] item: Life Orb
|faint|p2a: Gholdengo
|move|p2b: Amoonguss|Spore|p1b: Tatsugiri
|-status|p1b: Tatsugiri|slp|[from] move: Spore
|
|upkeep
|turn|11
|
|t:|1756298202
|cant|p1b: Tatsugiri|slp
|move|p2b: Amoonguss|Pollen Puff|p1b: Tatsugiri
|-damage|p1b: Tatsugiri|74/100 slp
|
|upkeep
|turn|12
|
|t:|1756298210
|cant|p1b: Tatsugiri|slp
|move|p2b: Amoonguss|Pollen Puff|p1b: Tatsugiri
|-damage|p1b: Tatsugiri|50/100 slp
|
|upkeep
|turn|13
|
|t:|1756298222
|cant|p1b: Tatsugiri|slp
|move|p2b: Amoonguss|Spore|p1b: Tatsugiri
|-fail|p1b: Tatsugiri|slp
|
|upkeep
|turn|14
|
|t:|1756298228
|-curestatus|p1b: Tatsugiri|slp|[msg]
|move|p1b: Tatsugiri|Draco Meteor|p2b: Amoonguss
|-crit|p2b: Amoonguss
|-damage|p2b: Amoonguss|0 fnt
|-unboost|p1b: Tatsugiri|spa|2
|faint|p2b: Amoonguss
|
|win|buf0722shito
||buf0722shito is ready for game 2.
