|j|â˜†Spliffbaeless
|j|â˜†soymalo1
|html|Spliffbaelesssoymalo1    
|uhtml|bestof|Game 1 of a best-of-3
|t:|1785694449
|gametype|doubles
|player|p1|Spliffbaeless|steven|1215
|player|p2|soymalo1|2|1091
|gen|9
|tier|[Gen 9 Champions] VGC 2026 Reg M-B (Bo3)
|rated|
|rule|Species Clause: Limit one of each PokÃ©mon
|rule|Item Clause: Limit 1 of each item
|clearpoke
|poke|p1|Raichu, L50, F, shiny|
|poke|p1|Mawile, L50, F|
|poke|p1|Sinistcha, L50|
|poke|p1|Ceruledge, L50, F|
|poke|p1|Milotic, L50, F|
|poke|p1|Incineroar, L50, M, shiny|
|poke|p2|Aerodactyl, L50, F|
|poke|p2|Kingambit, L50, M|
|poke|p2|Sylveon, L50, M|
|poke|p2|Garchomp, L50, M|
|poke|p2|Charizard, L50, F|
|poke|p2|Incineroar, L50, M|
|teampreview|4
|showteam|p1|Raichu||RaichuniteY|LightningRod|ZapCannon,FocusBlast,FakeOut,Protect|Timid||F|||50|]Mawile||Mawilite|HyperCutter|PlayRough,SuckerPunch,SwordsDance,Protect|Adamant||F|||50|]Sinistcha||KasibBerry|Hospitality|MatchaGotcha,LifeDew,RagePowder,Protect|Relaxed|||||50|]Ceruledge||ColburBerry|FlashFire|BitterBlade,ShadowSneak,BulkUp,Protect|Adamant||F|||50|]Milotic||Leftovers|Competitive|MuddyWater,Coil,Hypnosis,Protect|Calm||F|||50|]Incineroar||SitrusBerry|Intimidate|FlareBlitz,ThroatChop,FakeOut,PartingShot|Impish||M|||50|
|showteam|p2|Aerodactyl||Aerodactylite|Unnerve|RockSlide,IceFang,Tailwind,WideGuard|Jolly||F|||50|]Kingambit||FocusSash|Defiant|KowtowCleave,SuckerPunch,IronHead,Protect|Adamant||M|||50|]Sylveon||FairyFeather|Pixilate|Detect,HyperVoice,HyperBeam,QuickAttack|Modest||M|||50|]Garchomp||LifeOrb|RoughSkin|Earthquake,DragonClaw,StompingTantrum,Protect|Jolly||M|||50|]Charizard||CharizarditeY|Blaze|Protect,HeatWave,SolarBeam,WeatherBall|Modest||F|||50|]Incineroar||SitrusBerry|Intimidate|DarkestLariat,FlareBlitz,FakeOut,PartingShot|Impish||M|||50|
|inactive|Battle timer is ON: inactive players will automatically lose when time's up. (requested by soymalo1)
|inactive|Spliffbaeless has 60 seconds left.
|inactive|soymalo1 has 60 seconds left.
|
|t:|1785694491
|teamsize|p1|4
|teamsize|p2|4
|start
|switch|p1a: Birdman|Milotic, L50, F|100/100
|switch|p1b: Lil Wayne|Raichu, L50, F, shiny|100/100
|switch|p2a: Incineroar|Incineroar, L50, M|100/100
|switch|p2b: Kingambit|Kingambit, L50, M|100/100
|-ability|p2a: Incineroar|Intimidate|boost
|-unboost|p1a: Birdman|atk|1
|-ability|p1a: Birdman|Competitive|boost
|-boost|p1a: Birdman|spa|2
|-unboost|p1b: Lil Wayne|atk|1
|turn|1
|
|t:|1785694508
|detailschange|p1b: Lil Wayne|Raichu-Mega-Y, L50, F, shiny
|-mega|p1b: Lil Wayne|Raichu|Raichunite Y
|move|p1b: Lil Wayne|Fake Out|p2a: Incineroar
|-damage|p2a: Incineroar|95/100
|cant|p2a: Incineroar|flinch
|move|p1a: Birdman|Coil|p1a: Birdman
|-boost|p1a: Birdman|atk|1
|-boost|p1a: Birdman|def|1
|-boost|p1a: Birdman|accuracy|1
|move|p2b: Kingambit|Kowtow Cleave|p1a: Birdman
|-damage|p1a: Birdman|73/100
|
|-heal|p1a: Birdman|79/100|[from] item: Leftovers
|upkeep
|turn|2
|
|t:|1785694524
|move|p1b: Lil Wayne|Protect|p1b: Lil Wayne
|-singleturn|p1b: Lil Wayne|Protect
|move|p1a: Birdman|Hypnosis|p2b: Kingambit|[miss]
|-miss|p1a: Birdman|p2b: Kingambit
|move|p2b: Kingambit|Kowtow Cleave|p1a: Birdman
|-damage|p1a: Birdman|49/100
|move|p2a: Incineroar|Darkest Lariat|p1a: Birdman
|-damage|p1a: Birdman|20/100y
|
|-heal|p1a: Birdman|26/100|[from] item: Leftovers
|upkeep
|turn|3
|
|t:|1785694537
|move|p2b: Kingambit|Protect|p2b: Kingambit
|-singleturn|p2b: Kingambit|Protect
|move|p1b: Lil Wayne|Focus Blast|p2b: Kingambit
|-activate|p2b: Kingambit|move: Protect
|move|p1a: Birdman|Muddy Water|p2a: Incineroar|[spread] p2a
|-activate|p2b: Kingambit|move: Protect
|-supereffective|p2a: Incineroar|1
|-damage|p2a: Incineroar|12/100
|-enditem|p2a: Incineroar|Sitrus Berry|[eat]
|-heal|p2a: Incineroar|37/100|[from] item: Sitrus Berry
|move|p2a: Incineroar|Darkest Lariat|p1a: Birdman
|-damage|p1a: Birdman|0 fnt
|faint|p1a: Birdman
|
|upkeep
|
|t:|1785694542
|switch|p1a: Curren$y|Sinistcha, L50|100/100
|turn|4
|
|t:|1785694558
|move|p2b: Kingambit|Sucker Punch|p1a: Curren$y
|-supereffective|p1a: Curren$y|1
|-damage|p1a: Curren$y|29/100
|move|p1b: Lil Wayne|Focus Blast|p2b: Kingambit
|-supereffective|p2b: Kingambit|2
|-enditem|p2b: Kingambit|Focus Sash
|-damage|p2b: Kingambit|1/100
|move|p1a: Curren$y|Matcha Gotcha|p2a: Incineroar|[spread] p2a,p2b
|-resisted|p2a: Incineroar|1
|-resisted|p2b: Kingambit|1
|-damage|p2a: Incineroar|25/100
|-heal|p1a: Curren$y|35/100|[from] drain|[of] p2a: Incineroar
|-damage|p2b: Kingambit|0 fnt
|-heal|p1a: Curren$y|36/100|[from] drain|[of] p2b: Kingambit
|faint|p2b: Kingambit
|move|p2a: Incineroar|Flare Blitz|p1b: Lil Wayne
|-crit|p1b: Lil Wayne
|-damage|p1b: Lil Wayne|0 fnt
|faint|p1b: Lil Wayne
|-damage|p2a: Incineroar|0 fnt|[from] Recoil
|faint|p2a: Incineroar
|
|upkeep
|
|t:|1785694579
|switch|p1b: Tyga|Incineroar, L50, M, shiny|100/100
|switch|p2b: Aerodactyl|Aerodactyl, L50, F|100/100
|switch|p2a: Garchomp|Garchomp, L50, M|100/100
|-ability|p2b: Aerodactyl|Unnerve
|-ability|p1b: Tyga|Intimidate|boost
|-unboost|p2a: Garchomp|atk|1
|-unboost|p2b: Aerodactyl|atk|1
|turn|5
|
|t:|1785694593
|detailschange|p2b: Aerodactyl|Aerodactyl-Mega, L50, F
|-mega|p2b: Aerodactyl|Aerodactyl|Aerodactylite
|move|p1b: Tyga|Fake Out|p2b: Aerodactyl
|-resisted|p2b: Aerodactyl|1
|-damage|p2b: Aerodactyl|94/100
|cant|p2b: Aerodactyl|flinch
|move|p2a: Garchomp|Earthquake|p1a: Curren$y|[spread] p1a,p1b
|-immune|p2b: Aerodactyl
|-resisted|p1a: Curren$y|1
|-supereffective|p1b: Tyga|1
|-damage|p1a: Curren$y|23/100
|-damage|p1b: Tyga|52/100
|-damage|p2a: Garchomp|90/100|[from] item: Life Orb
|move|p1a: Curren$y|Matcha Gotcha|p2a: Garchomp|[spread] p2a,p2b
|-damage|p2a: Garchomp|65/100
|-heal|p1a: Curren$y|36/100|[from] drain|[of] p2a: Garchomp
|-damage|p2b: Aerodactyl|71/100
|-heal|p1a: Curren$y|48/100|[from] drain|[of] p2b: Aerodactyl
|
|upkeep
|turn|6
|
|t:|1785694614
|move|p2b: Aerodactyl|Ice Fang|p1a: Curren$y
|-supereffective|p1a: Curren$y|1
|-damage|p1a: Curren$y|18/100
|move|p2a: Garchomp|Earthquake|p1b: Tyga|[spread] p1a,p1b
|-immune|p2b: Aerodactyl
|-resisted|p1a: Curren$y|1
|-supereffective|p1b: Tyga|1
|-damage|p1a: Curren$y|4/100
|-damage|p1b: Tyga|5/100
|-enditem|p1b: Tyga|Sitrus Berry|[eat]
|-heal|p1b: Tyga|30/100|[from] item: Sitrus Berry
|-damage|p2a: Garchomp|55/100|[from] item: Life Orb
|move|p1b: Tyga|Throat Chop|p2b: Aerodactyl
|-damage|p2b: Aerodactyl|36/100
|-start|p2b: Aerodactyl|Throat Chop|[silent]
|move|p1a: Curren$y|Matcha Gotcha|p2b: Aerodactyl|[spread] p2a,p2b
|-damage|p2a: Garchomp|30/100
|-heal|p1a: Curren$y|17/100|[from] drain|[of] p2a: Garchomp
|-damage|p2b: Aerodactyl|13/100
|-heal|p1a: Curren$y|29/100|[from] drain|[of] p2b: Aerodactyl
|
|upkeep
|turn|7
|
|t:|1785694637
|move|p1a: Curren$y|Protect|p1a: Curren$y
|-singleturn|p1a: Curren$y|Protect
|move|p2b: Aerodactyl|Rock Slide|p1a: Curren$y|[spread] p1b
|-activate|p1a: Curren$y|move: Protect
|-supereffective|p1b: Tyga|1
|-damage|p1b: Tyga|2/100
|move|p2a: Garchomp|Earthquake|p1b: Tyga|[spread] p1b
|-activate|p1a: Curren$y|move: Protect
|-immune|p2b: Aerodactyl
|-supereffective|p1b: Tyga|1
|-damage|p1b: Tyga|0 fnt
|faint|p1b: Tyga
|-damage|p2a: Garchomp|20/100y|[from] item: Life Orb
|
|-end|p2b: Aerodactyl|Throat Chop|[silent]
|upkeep
|turn|8
|
|t:|1785694652
|move|p2b: Aerodactyl|Ice Fang|p1a: Curren$y
|-supereffective|p1a: Curren$y|1
|-damage|p1a: Curren$y|0 fnt
|faint|p1a: Curren$y
|
|win|soymalo1
||Spliffbaeless is ready for game 2.
|inactive|soymalo1 has 30 seconds to confirm battle start!
|l|â˜†Spliffbaeless
|player|p1|
||soymalo1 is ready for game 2.
|uhtml|next|Next: Game 2 of 3
