|j|☆benjitulio
|j|☆ultearssugardaddy
|html|benjitulioultearssugardaddy    
|uhtml|bestof|Game 1 of a best-of-3
|t:|1783209816
|gametype|doubles
|player|p1|benjitulio|wattson|1000
|player|p2|ultearssugardaddy|blue|1027
|gen|9
|tier|[Gen 9 Champions] VGC 2026 Reg M-B (Bo3)
|rated|
|rule|Species Clause: Limit one of each Pokémon
|rule|Item Clause: Limit 1 of each item
|clearpoke
|poke|p1|Maushold-Four, L50|
|poke|p1|Incineroar, L50, M|
|poke|p1|Metagross, L50|
|poke|p1|Aerodactyl, L50, M|
|poke|p1|Primarina, L50, M|
|poke|p1|Sinistcha, L50|
|poke|p2|Archaludon, L50, F|
|poke|p2|Dragonite, L50, F|
|poke|p2|Dragapult, L50, M|
|poke|p2|Blaziken, L50, M|
|poke|p2|Sneasler, L50, M|
|poke|p2|Basculegion, L50, M|
|teampreview|4
|showteam|p1|Maushold-Four||FocusSash|FriendGuard|FollowMe,RainDance,PopulationBomb,SuperFang|Jolly|||||50|]Incineroar||ChopleBerry|Intimidate|FakeOut,FlareBlitz,PartingShot,DarkestLariat|Impish||M|||50|]Metagross||Metagrossite|ClearBody|IronHead,Protect,PsychicFangs,Earthquake|Adamant|||||50|]Aerodactyl||FocusBand|Unnerve|RockSlide,Protect,Tailwind,IceFang|Jolly||M|||50|]Primarina||ChoiceScarf|LiquidVoice|HyperVoice,HydroPump,IcyWind,Moonblast|Modest||M|||50|]Sinistcha||Leftovers|Hospitality|MatchaGotcha,LifeDew,ShadowBall,RagePowder|Calm|||||50|
|showteam|p2|Archaludon||Leftovers|Stamina|DragonPulse,ElectroShot,SteelBeam,DarkPulse|Timid||F|||50|]Dragonite||ExpertBelt|Multiscale|DragonTail,Earthquake,ExtremeSpeed,DragonDance|Adamant||F|||50|]Dragapult||FocusSash|ClearBody|DragonDarts,BatonPass,PhantomForce,DragonDance|Adamant||M|||50|]Blaziken||Blazikenite|SpeedBoost|FlareBlitz,SwordsDance,Protect,BatonPass|Adamant||M|||50|]Sneasler||WhiteHerb|PoisonTouch|CloseCombat,DireClaw,Uturn,LashOut|Jolly||M|||50|]Basculegion||LifeOrb|Adaptability|AquaJet,LastRespects,RainDance,WaveCrash|Adamant||M|||50|
|inactive|Battle timer is ON: inactive players will automatically lose when time's up. (requested by ultearssugardaddy)
|
|t:|1783209843
|teamsize|p1|4
|teamsize|p2|4
|start
|switch|p1a: Primarina|Primarina, L50, M|100/100
|switch|p1b: Incineroar|Incineroar, L50, M|100/100
|switch|p2a: Blaziken|Blaziken, L50, M|100/100
|switch|p2b: Basculegion|Basculegion, L50, M|100/100
|-ability|p1b: Incineroar|Intimidate|boost
|-unboost|p2a: Blaziken|atk|1
|-unboost|p2b: Basculegion|atk|1
|turn|1
|inactive|benjitulio has 30 seconds left.
|
|t:|1783209872
|move|p1a: Primarina|Hyper Voice|p2b: Basculegion|[spread] p2a,p2b
|-supereffective|p2a: Blaziken|1
|-resisted|p2b: Basculegion|1
|-damage|p2a: Blaziken|0 fnt
|-damage|p2b: Basculegion|81/100
|faint|p2a: Blaziken
|move|p1b: Incineroar|Darkest Lariat|p2b: Basculegion
|-supereffective|p2b: Basculegion|1
|-damage|p2b: Basculegion|7/100
|move|p2b: Basculegion|Rain Dance|p2b: Basculegion
|-weather|RainDance
|
|-weather|RainDance|[upkeep]
|upkeep
|
|t:|1783209882
|switch|p2a: Archaludon|Archaludon, L50, F|100/100
|turn|2
|
|t:|1783209889
|move|p2b: Basculegion|Aqua Jet|p1b: Incineroar
|-supereffective|p1b: Incineroar|1
|-damage|p1b: Incineroar|35/100
|-damage|p2b: Basculegion|0 fnt|[from] item: Life Orb
|faint|p2b: Basculegion
|move|p1a: Primarina|Hyper Voice|p2a: Archaludon
|-resisted|p2a: Archaludon|1
|-damage|p2a: Archaludon|42/100
|-ability|p2a: Archaludon|Stamina|boost
|-boost|p2a: Archaludon|def|1
|move|p2a: Archaludon|Electro Shot||[still]
|-prepare|p2a: Archaludon|Electro Shot
|-boost|p2a: Archaludon|spa|1
|-anim|p2a: Archaludon|Electro Shot|p1a: Primarina
|-supereffective|p1a: Primarina|1
|-damage|p1a: Primarina|0 fnt
|faint|p1a: Primarina
|move|p1b: Incineroar|Parting Shot|p2a: Archaludon
|-unboost|p2a: Archaludon|atk|1
|-unboost|p2a: Archaludon|spa|1
|
|t:|1783209904
|switch|p1b: Metagross|Metagross, L50|100/100|[from] Parting Shot
|
|-weather|RainDance|[upkeep]
|-heal|p2a: Archaludon|48/100|[from] item: Leftovers
|upkeep
|
|t:|1783209911
|switch|p1a: Incineroar|Incineroar, L50, M|35/100
|switch|p2b: Dragapult|Dragapult, L50, M|100/100
|-ability|p1a: Incineroar|Intimidate|boost
|-unboost|p2a: Archaludon|atk|1
|-fail|p2b: Dragapult|unboost|[from] ability: Clear Body|[of] p2b: Dragapult
|turn|3
|inactive|benjitulio has 30 seconds left.
|inactive|benjitulio has 20 seconds left.
|inactive|benjitulio has 15 seconds left.
|inactive|benjitulio has 10 seconds left.
|
|t:|1783209957
|detailschange|p1b: Metagross|Metagross-Mega, L50
|-mega|p1b: Metagross|Metagross|Metagrossite
|move|p1b: Metagross|Protect|p1b: Metagross
|-singleturn|p1b: Metagross|Protect
|move|p2b: Dragapult|Phantom Force||[still]
|-prepare|p2b: Dragapult|Phantom Force
|move|p2a: Archaludon|Steel Beam|p1a: Incineroar
|-resisted|p1a: Incineroar|1
|-damage|p1a: Incineroar|1/100
|-damage|p2a: Archaludon|0 fnt|[from] steelbeam
|faint|p2a: Archaludon
|move|p1a: Incineroar|Darkest Lariat|p2b: Dragapult|[miss]
|-miss|p1a: Incineroar|p2b: Dragapult
|
|-weather|RainDance|[upkeep]
|upkeep
|turn|4
|
|t:|1783209972
|switch|p1b: Aerodactyl|Aerodactyl, L50, M|100/100
|-ability|p1b: Aerodactyl|Unnerve
|move|p2b: Dragapult|Phantom Force|p1b: Aerodactyl|[from] lockedmove
|-damage|p1b: Aerodactyl|24/100
|move|p1a: Incineroar|Darkest Lariat|p2b: Dragapult
|-supereffective|p2b: Dragapult|1
|-damage|p2b: Dragapult|7/100
|
|-weather|RainDance|[upkeep]
|upkeep
|turn|5
|
|t:|1783209988
|move|p1b: Aerodactyl|Tailwind|p1b: Aerodactyl
|-sidestart|p1: benjitulio|move: Tailwind
|move|p1a: Incineroar|Darkest Lariat|p2b: Dragapult
|-supereffective|p2b: Dragapult|1
|-damage|p2b: Dragapult|0 fnt
|faint|p2b: Dragapult
|
|win|benjitulio
