|j|☆trickroom meta
|j|☆GS Barnabe
|html|trickroom metaGS Barnabe    
|uhtml|bestof|Game 2 of a best-of-3
|t:|1786151169
|gametype|doubles
|player|p1|trickroom meta|169|1082
|player|p2|GS Barnabe|2|1179
|gen|9
|tier|[Gen 9 Champions] VGC 2026 Reg M-B (Bo3)
|rated|
|rule|Species Clause: Limit one of each Pokémon
|rule|Item Clause: Limit 1 of each item
|clearpoke
|poke|p1|Talonflame, L50, M|
|poke|p1|Gholdengo, L50|
|poke|p1|Excadrill, L50, F|
|poke|p1|Tyranitar, L50, F|
|poke|p1|Tsareena, L50, F|
|poke|p1|Grimmsnarl, L50, M|
|poke|p2|Clefable, L50, F|
|poke|p2|Tyranitar, L50, F|
|poke|p2|Garchomp, L50, M|
|poke|p2|Gholdengo, L50|
|poke|p2|Talonflame, L50, M|
|poke|p2|Venusaur, L50, M|
|teampreview|4
|showteam|p1|Talonflame||SharpBeak|GaleWings|Tailwind,DualWingbeat,WillOWisp,Taunt|Jolly||M|||50|]Gholdengo||LifeOrb|GoodasGold|Protect,MakeItRain,ShadowBall,NastyPlot|Modest|||||50|]Excadrill||FocusSash|SandRush|Protect,HighHorsepower,IronHead,RockSlide|Jolly||F|||50|]Tyranitar||Tyranitarite|SandStream|Protect,RockSlide,KnockOff,DragonDance|Adamant||F|||50|]Tsareena||WideLens|QueenlyMajesty|Protect,PowerWhip,TripleAxel,LowKick|Adamant||F|||50|]Grimmsnarl||LightClay|Prankster|FakeOut,Reflect,PartingShot,SpiritBreak|Impish||M|||50|
|showteam|p2|Clefable||SitrusBerry|Unaware|Moonblast,FollowMe,IcyWind,Protect|Bold||F|||50|]Tyranitar||ChoiceScarf|SandStream|RockSlide,KnockOff,IcePunch,LowKick|Jolly||F|||50|]Garchomp||Garchompite|SandVeil|DracoMeteor,EarthPower,PowerGem,Protect|Modest||M|||50|]Gholdengo||LifeOrb|GoodasGold|MakeItRain,ShadowBall,NastyPlot,Protect|Modest|||||50|]Talonflame||Charcoal|GaleWings|FlareBlitz,DualWingbeat,Tailwind,Protect|Adamant||M|||50|]Venusaur||Venusaurite|Overgrow|GigaDrain,SludgeBomb,EarthPower,Protect|Modest||M|||50|
|inactive|Battle timer is ON: inactive players will automatically lose when time's up. (requested by GS Barnabe)
|
|t:|1786151214
|teamsize|p1|4
|teamsize|p2|4
|start
|switch|p1a: Excadrill|Excadrill, L50, F|100/100
|switch|p1b: Grimmsnarl|Grimmsnarl, L50, M|100/100
|switch|p2a: Garchomp|Garchomp, L50, M|100/100
|switch|p2b: Tyranitar|Tyranitar, L50, F|100/100
|-weather|Sandstorm|[from] ability: Sand Stream|[of] p2b: Tyranitar
|turn|1
|
|t:|1786151236
|detailschange|p2a: Garchomp|Garchomp-Mega, L50, M
|-mega|p2a: Garchomp|Garchomp|Garchompite
|move|p1b: Grimmsnarl|Fake Out|p2a: Garchomp
|-damage|p2a: Garchomp|89/100
|move|p1a: Excadrill|Iron Head|p2b: Tyranitar
|-supereffective|p2b: Tyranitar|1
|-damage|p2b: Tyranitar|20/100r
|move|p2b: Tyranitar|Rock Slide|p1b: Grimmsnarl|[spread] p1a,p1b
|-resisted|p1a: Excadrill|2
|-damage|p1a: Excadrill|90/100
|-damage|p1b: Grimmsnarl|71/100
|cant|p2a: Garchomp|flinch
|
|-weather|Sandstorm|[upkeep]
|-damage|p1b: Grimmsnarl|65/100|[from] Sandstorm
|upkeep
|turn|2
|inactive|GS Barnabe has 30 seconds left.
|
|t:|1786151265
|move|p1a: Excadrill|Protect|p1a: Excadrill
|-singleturn|p1a: Excadrill|Protect
|move|p1b: Grimmsnarl|Reflect|p1b: Grimmsnarl
|-sidestart|p1: trickroom meta|Reflect
|move|p2b: Tyranitar|Rock Slide|p1b: Grimmsnarl|[spread] p1b
|-activate|p1a: Excadrill|move: Protect
|-damage|p1b: Grimmsnarl|46/100
|move|p2a: Garchomp|Earth Power|p1a: Excadrill
|-activate|p1a: Excadrill|move: Protect
|
|-weather|Sandstorm|[upkeep]
|-damage|p1b: Grimmsnarl|40/100|[from] Sandstorm
|upkeep
|turn|3
|
|t:|1786151284
|switch|p1a: Tsareena|Tsareena, L50, F|100/100
|move|p2b: Tyranitar|Rock Slide|p1b: Grimmsnarl|[spread] p1a
|-miss|p2b: Tyranitar|p1b: Grimmsnarl
|-damage|p1a: Tsareena|77/100
|move|p2a: Garchomp|Earth Power|p1a: Tsareena
|-resisted|p1a: Tsareena|1
|-damage|p1a: Tsareena|43/100
|move|p1b: Grimmsnarl|Spirit Break|p2a: Garchomp
|-supereffective|p2a: Garchomp|1
|-damage|p2a: Garchomp|38/100
|-unboost|p2a: Garchomp|spa|1
|
|-weather|Sandstorm|[upkeep]
|-damage|p1a: Tsareena|37/100|[from] Sandstorm
|-damage|p1b: Grimmsnarl|34/100|[from] Sandstorm
|upkeep
|turn|4
|inactive|trickroom meta has 30 seconds left.
|
|t:|1786151311
|switch|p2a: Gholdengo|Gholdengo, L50|100/100
|move|p1a: Tsareena|Protect|p1a: Tsareena
|-singleturn|p1a: Tsareena|Protect
|move|p2b: Tyranitar|Rock Slide|p1a: Tsareena|[spread] p1b
|-activate|p1a: Tsareena|move: Protect
|-damage|p1b: Grimmsnarl|15/100
|move|p1b: Grimmsnarl|Spirit Break|p2a: Gholdengo
|-resisted|p2a: Gholdengo|1
|-damage|p2a: Gholdengo|86/100
|-unboost|p2a: Gholdengo|spa|1
|
|-weather|Sandstorm|[upkeep]
|-damage|p1a: Tsareena|31/100|[from] Sandstorm
|-damage|p1b: Grimmsnarl|9/100|[from] Sandstorm
|upkeep
|turn|5
|
|t:|1786151336
|move|p2b: Tyranitar|Rock Slide|p1b: Grimmsnarl|[spread] p1a
|-miss|p2b: Tyranitar|p1b: Grimmsnarl
|-damage|p1a: Tsareena|8/100
|move|p2a: Gholdengo|Nasty Plot|p2a: Gholdengo
|-boost|p2a: Gholdengo|spa|2
|cant|p1a: Tsareena|flinch
|move|p1b: Grimmsnarl|Spirit Break|p2a: Gholdengo
|-resisted|p2a: Gholdengo|1
|-damage|p2a: Gholdengo|74/100
|-unboost|p2a: Gholdengo|spa|1
|
|-weather|none
|upkeep
|turn|6
|
|t:|1786151358
|move|p2b: Tyranitar|Rock Slide|p1a: Tsareena|[spread] p1a,p1b
|-damage|p1a: Tsareena|0 fnt
|-damage|p1b: Grimmsnarl|0 fnt
|faint|p1a: Tsareena
|faint|p1b: Grimmsnarl
|move|p2a: Gholdengo|Nasty Plot|p2a: Gholdengo
|-boost|p2a: Gholdengo|spa|2
|
|upkeep
|
|t:|1786151365
|switch|p1a: Excadrill|Excadrill, L50, F|90/100
|switch|p1b: Tyranitar|Tyranitar, L50, F|100/100
|-weather|Sandstorm|[from] ability: Sand Stream|[of] p1b: Tyranitar
|turn|7
|
|t:|1786151376
|move|p2a: Gholdengo|Protect|p2a: Gholdengo
|-singleturn|p2a: Gholdengo|Protect
|move|p1a: Excadrill|High Horsepower|p2a: Gholdengo
|-activate|p2a: Gholdengo|move: Protect
|move|p2b: Tyranitar|Rock Slide|p1b: Tyranitar|[spread] p1a,p1b
|-resisted|p1a: Excadrill|2
|-damage|p1a: Excadrill|83/100
|-damage|p1b: Tyranitar|85/100
|move|p1b: Tyranitar|Dragon Dance|p1b: Tyranitar
|-boost|p1b: Tyranitar|atk|1
|-boost|p1b: Tyranitar|spe|1
|
|-weather|Sandstorm|[upkeep]
|upkeep
|turn|8
|inactive|trickroom meta has 30 seconds left.
|
|t:|1786151402
|move|p1a: Excadrill|High Horsepower|p2a: Gholdengo
|-supereffective|p2a: Gholdengo|1
|-damage|p2a: Gholdengo|0 fnt
|faint|p2a: Gholdengo
|move|p2b: Tyranitar|Rock Slide|p1b: Tyranitar|[spread] p1a,p1b
|-resisted|p1a: Excadrill|2
|-damage|p1a: Excadrill|76/100
|-damage|p1b: Tyranitar|70/100
|cant|p1b: Tyranitar|flinch
|
|-weather|Sandstorm|[upkeep]
|upkeep
|
|t:|1786151415
|switch|p2a: Talonflame|Talonflame, L50, M|100/100
|turn|9
|
|t:|1786151428
|move|p2a: Talonflame|Tailwind|p2a: Talonflame
|-sidestart|p2: GS Barnabe|move: Tailwind
|move|p2b: Tyranitar|Rock Slide|p1a: Excadrill|[spread] p1a
|-miss|p2b: Tyranitar|p1b: Tyranitar
|-resisted|p1a: Excadrill|2
|-damage|p1a: Excadrill|70/100
|cant|p1a: Excadrill|flinch
|move|p1b: Tyranitar|Knock Off|p2b: Tyranitar
|-resisted|p2b: Tyranitar|1
|-damage|p2b: Tyranitar|0 fnt
|-enditem|p2b: Tyranitar|Choice Scarf|[from] move: Knock Off|[of] p1b: Tyranitar
|faint|p2b: Tyranitar
|
|-weather|Sandstorm|[upkeep]
|-damage|p2a: Talonflame|94/100|[from] Sandstorm
|-sideend|p1: trickroom meta|Reflect
|upkeep
|
|t:|1786151445
|switch|p2b: Garchomp|Garchomp-Mega, L50, M|38/100
|turn|10
|
|t:|1786151460
|detailschange|p1b: Tyranitar|Tyranitar-Mega, L50, F
|-mega|p1b: Tyranitar|Tyranitar|Tyranitarite
|move|p1a: Excadrill|Protect|p1a: Excadrill
|-singleturn|p1a: Excadrill|Protect
|move|p2a: Talonflame|Flare Blitz|p1a: Excadrill
|-activate|p1a: Excadrill|move: Protect
|move|p2b: Garchomp|Earth Power|p1b: Tyranitar
|-supereffective|p1b: Tyranitar|1
|-damage|p1b: Tyranitar|5/100
|move|p1b: Tyranitar|Knock Off|p2b: Garchomp
|-damage|p2b: Garchomp|0 fnt
|faint|p2b: Garchomp
|
|-weather|Sandstorm|[upkeep]
|-damage|p2a: Talonflame|88/100|[from] Sandstorm
|upkeep
|turn|11
|inactive|GS Barnabe has 30 seconds left.
|
|t:|1786151486
|move|p2a: Talonflame|Flare Blitz|p1a: Excadrill
|-supereffective|p1a: Excadrill|1
|-damage|p1a: Excadrill|0 fnt
|faint|p1a: Excadrill
|-damage|p2a: Talonflame|60/100|[from] Recoil
|move|p1b: Tyranitar|Rock Slide|p2a: Talonflame
|-supereffective|p2a: Talonflame|2
|-damage|p2a: Talonflame|0 fnt
|faint|p2a: Talonflame
|
|win|trickroom meta
