|j|☆Tyho45
|j|☆imptumnus
|html|Tyho45imptumnus    
|uhtml|bestof|Game 2 of a best-of-3
|t:|1783521525
|gametype|doubles
|player|p1|Tyho45|n|1148
|player|p2|imptumnus|marlon|1077
|gen|9
|tier|[Gen 9 Champions] VGC 2026 Reg M-B (Bo3)
|rated|
|rule|Species Clause: Limit one of each Pokémon
|rule|Item Clause: Limit 1 of each item
|clearpoke
|poke|p1|Incineroar, L50, F|
|poke|p1|Ceruledge, L50, M|
|poke|p1|Sinistcha-Masterpiece, L50|
|poke|p1|Glimmora, L50, M|
|poke|p1|Dragonite, L50, M|
|poke|p1|Ninetales-Alola, L50, M|
|poke|p2|Sneasler, L50, M|
|poke|p2|Blastoise, L50, M|
|poke|p2|Kingambit, L50, M|
|poke|p2|Incineroar, L50, M|
|poke|p2|Delphox, L50, F|
|poke|p2|Sinistcha, L50|
|teampreview|4
|showteam|p1|Incineroar||ChopleBerry|Intimidate|PartingShot,ThroatChop,FlareBlitz,FakeOut|Impish||F|||50|]Ceruledge||ColburBerry|FlashFire|BulkUp,Protect,ShadowSneak,BitterBlade|Adamant||M|||50|]Sinistcha-Masterpiece||SitrusBerry|Hospitality|LifeDew,RagePowder,TrickRoom,MatchaGotcha|Bold|||||50|]Glimmora||Glimmoranite|ToxicDebris|SpikyShield,EarthPower,SludgeBomb,PowerGem|Timid||M|||50|]Dragonite||Dragoninite|Multiscale|DracoMeteor,Thunderbolt,Tailwind,Protect|Calm||M|||50|]Ninetales-Alola||ChoiceScarf|SnowWarning|FreezeDry,Blizzard,IcyWind,Moonblast|Timid||M|||50|
|showteam|p2|Sneasler||FocusSash|PoisonTouch|PoisonJab,CloseCombat,FakeOut,QuickGuard|Jolly||M|||50|]Blastoise||Blastoisinite|RainDish|DarkPulse,WaterSpout,ShellSmash,Protect|Modest||M|||50|]Kingambit||BlackGlasses|Defiant|KowtowCleave,SuckerPunch,SwordsDance,Protect|Adamant||M|||50|]Incineroar||SitrusBerry|Intimidate|FlareBlitz,HelpingHand,PartingShot,FakeOut|Careful||M|||50|]Delphox||Delphoxite|Blaze|HeatWave,NastyPlot,Psyshock,Protect|Modest||F|||50|]Sinistcha||KasibBerry|Hospitality|MatchaGotcha,RagePowder,TrickRoom,Protect|Bold|||||50|
|inactive|Battle timer is ON: inactive players will automatically lose when time's up. (requested by Tyho45)
|
|t:|1783521577
|teamsize|p1|4
|teamsize|p2|4
|start
|switch|p1a: Sinistcha|Sinistcha-Masterpiece, L50|100/100
|switch|p1b: Dragonite|Dragonite, L50, M|100/100
|switch|p2a: Delphox|Delphox, L50, F|100/100
|switch|p2b: Kingambit|Kingambit, L50, M|100/100
|turn|1
|inactive|Tyho45 has 30 seconds left.
|inactive|Tyho45 has 20 seconds left.
|inactive|Tyho45 has 15 seconds left.
|inactive|Tyho45 has 10 seconds left.
|
|t:|1783521625
|switch|p1a: Incineroar|Incineroar, L50, F|100/100
|-ability|p1a: Incineroar|Intimidate|boost
|-unboost|p2a: Delphox|atk|1
|-unboost|p2b: Kingambit|atk|1
|-ability|p2b: Kingambit|Defiant|boost
|-boost|p2b: Kingambit|atk|2
|detailschange|p1b: Dragonite|Dragonite-Mega, L50, M
|-mega|p1b: Dragonite|Dragonite|Dragoninite
|move|p2a: Delphox|Protect|p2a: Delphox
|-singleturn|p2a: Delphox|Protect
|move|p1b: Dragonite|Tailwind|p1b: Dragonite
|-sidestart|p1: Tyho45|move: Tailwind
|move|p2b: Kingambit|Swords Dance|p2b: Kingambit
|-boost|p2b: Kingambit|atk|2
|
|upkeep
|turn|2
|inactive|Tyho45 has 30 seconds left.
|inactive|imptumnus has 30 seconds left.
|
|t:|1783521657
|switch|p2a: Sneasler|Sneasler, L50, M|100/100
|move|p2b: Kingambit|Protect|p2b: Kingambit
|-singleturn|p2b: Kingambit|Protect
|move|p1b: Dragonite|Thunderbolt|p2a: Sneasler
|-damage|p2a: Sneasler|57/100
|move|p1a: Incineroar|Throat Chop|p2a: Sneasler
|-resisted|p2a: Sneasler|1
|-damage|p2a: Sneasler|33/100
|-start|p2a: Sneasler|Throat Chop|[silent]
|
|upkeep
|turn|3
|inactive|Tyho45 has 30 seconds left.
|
|t:|1783521688
|move|p1b: Dragonite|Protect|p1b: Dragonite
|-singleturn|p1b: Dragonite|Protect
|move|p2a: Sneasler|Fake Out|p1b: Dragonite
|-activate|p1b: Dragonite|move: Protect
|move|p1a: Incineroar|Flare Blitz|p2b: Kingambit
|-supereffective|p2b: Kingambit|1
|-damage|p2b: Kingambit|35/100
|-damage|p1a: Incineroar|78/100|[from] Recoil
|move|p2b: Kingambit|Kowtow Cleave|p1b: Dragonite
|-activate|p1b: Dragonite|move: Protect
|
|-end|p2a: Sneasler|Throat Chop|[silent]
|upkeep
|turn|4
|
|t:|1783521705
|move|p2b: Kingambit|Protect|p2b: Kingambit
|-singleturn|p2b: Kingambit|Protect
|move|p1b: Dragonite|Thunderbolt|p2a: Sneasler
|-damage|p2a: Sneasler|0 fnt
|faint|p2a: Sneasler
|move|p1a: Incineroar|Flare Blitz|p2b: Kingambit
|-activate|p2b: Kingambit|move: Protect
|
|-sideend|p1: Tyho45|move: Tailwind
|upkeep
|
|t:|1783521717
|switch|p2a: Sinistcha|Sinistcha, L50|100/100
|-heal|p2b: Kingambit|59/100|[from] ability: Hospitality|[of] p2a: Sinistcha
|turn|5
|inactive|Tyho45 has 30 seconds left.
|inactive|Tyho45 has 20 seconds left.
|inactive|Tyho45 has 15 seconds left.
|inactive|Tyho45 has 10 seconds left.
|
|t:|1783521765
|move|p2a: Sinistcha|Rage Powder|p2a: Sinistcha
|-singleturn|p2a: Sinistcha|move: Rage Powder
|move|p1b: Dragonite|Draco Meteor|p2a: Sinistcha
|-damage|p2a: Sinistcha|44/100
|-unboost|p1b: Dragonite|spa|2
|move|p1a: Incineroar|Flare Blitz|p2a: Sinistcha
|-supereffective|p2a: Sinistcha|1
|-damage|p2a: Sinistcha|0 fnt
|faint|p2a: Sinistcha
|-damage|p1a: Incineroar|65/100|[from] Recoil
|move|p2b: Kingambit|Kowtow Cleave|p1b: Dragonite
|-damage|p1b: Dragonite|51/100
|
|upkeep
|
|t:|1783521778
|switch|p2a: Delphox|Delphox, L50, F|100/100
|turn|6
|inactive|Tyho45 has 30 seconds left.
|
|t:|1783521804
|switch|p1b: Sinistcha|Sinistcha-Masterpiece, L50|100/100
|-heal|p1a: Incineroar|90/100|[from] ability: Hospitality|[of] p1b: Sinistcha
|detailschange|p2a: Delphox|Delphox-Mega, L50, F
|-mega|p2a: Delphox|Delphox|Delphoxite
|move|p2b: Kingambit|Sucker Punch||[still]
|-fail|p2b: Kingambit
|move|p2a: Delphox|Psyshock|p1b: Sinistcha
|-damage|p1b: Sinistcha|60/100
|move|p1a: Incineroar|Throat Chop|p2a: Delphox
|-supereffective|p2a: Delphox|1
|-damage|p2a: Delphox|22/100
|-start|p2a: Delphox|Throat Chop|[silent]
|
|upkeep
|turn|7
|inactive|Tyho45 has 30 seconds left.
|
|t:|1783521838
|move|p2a: Delphox|Protect|p2a: Delphox
|-singleturn|p2a: Delphox|Protect
|move|p1b: Sinistcha|Rage Powder|p1b: Sinistcha
|-singleturn|p1b: Sinistcha|move: Rage Powder
|move|p1a: Incineroar|Throat Chop|p2a: Delphox
|-activate|p2a: Delphox|move: Protect
|move|p2b: Kingambit|Kowtow Cleave|p1b: Sinistcha
|-supereffective|p1b: Sinistcha|1
|-damage|p1b: Sinistcha|0 fnt
|faint|p1b: Sinistcha
|
|-end|p2a: Delphox|Throat Chop|[silent]
|upkeep
|
|t:|1783521852
|switch|p1b: Dragonite|Dragonite-Mega, L50, M|51/100
|turn|8
|
|t:|1783521864
|move|p1b: Dragonite|Protect|p1b: Dragonite
|-singleturn|p1b: Dragonite|Protect
|move|p2b: Kingambit|Sucker Punch||[still]
|-fail|p2b: Kingambit
|move|p2a: Delphox|Psyshock|p1b: Dragonite
|-activate|p1b: Dragonite|move: Protect
|move|p1a: Incineroar|Throat Chop|p2a: Delphox
|-supereffective|p2a: Delphox|1
|-damage|p2a: Delphox|0 fnt
|faint|p2a: Delphox
|
|upkeep
|turn|9
|
|t:|1783521875
|move|p1b: Dragonite|Protect||[still]
|-fail|p1b: Dragonite
|move|p1a: Incineroar|Flare Blitz|p2b: Kingambit
|-supereffective|p2b: Kingambit|1
|-damage|p2b: Kingambit|0 fnt
|faint|p2b: Kingambit
|-damage|p1a: Incineroar|69/100|[from] Recoil
|
|win|Tyho45
|raw|Tyho45's rating: 1148 → 1168(+20 for winning)
|raw|imptumnus's rating: 1077 → 1060(-17 for losing)
|c|☆imptumnus|gg
|l|☆imptumnus
|player|p2|
