|j|☆latios66
|j|☆archaludon_enjoyer
|html|latios66archaludon_enjoyer    
|uhtml|bestof|Game 2 of a best-of-3
|t:|1756502472
|gametype|doubles
|player|p1|latios66|1|1078
|player|p2|archaludon_enjoyer|170|1137
|gen|9
|tier|[Gen 9] VGC 2025 Reg H (Bo3)
|rated|
|rule|Species Clause: Limit one of each Pokémon
|rule|Item Clause: Limit 1 of each item
|clearpoke
|poke|p1|Archaludon, L50, M|
|poke|p1|Pelipper, L50, M|
|poke|p1|Indeedee, L50, M|
|poke|p1|Sinistcha, L50|
|poke|p1|Basculegion, L50, M|
|poke|p1|Sneasler, L50, M|
|poke|p2|Electabuzz, L50, M|
|poke|p2|Basculegion, L50, M|
|poke|p2|Rillaboom, L50, M|
|poke|p2|Kingambit, L50, M|
|poke|p2|Archaludon, L50, M|
|poke|p2|Pelipper, L50, M|
|teampreview|4
|showteam|p1|Archaludon||AssaultVest|Stamina|ElectroShot,DracoMeteor,BodyPress,FlashCannon|||M|||50|,,,,,Grass]Pelipper||FocusSash|Drizzle|WeatherBall,Hurricane,Tailwind,Protect|||M|||50|,,,,,Ghost]Indeedee||ChoiceScarf|PsychicSurge|ExpandingForce,TeraBlast,Trick,DazzlingGleam|||M|||50|,,,,,Ground]Sinistcha||SitrusBerry|Hospitality|MatchaGotcha,LifeDew,RagePowder,TrickRoom||||||50|,,,,,Fairy]Basculegion||ChoiceBand|SwiftSwim|WaveCrash,LastRespects,AquaJet,FlipTurn|||M|||50|,,,,,Grass]Sneasler||PsychicSeed|Unburden|DireClaw,ThroatChop,CloseCombat,Protect|||M|||50|,,,,,Dark
|showteam|p2|Electabuzz||Eviolite|VitalSpirit|Electroweb,FollowMe,Protect,Taunt|||M|||50|,,,,,Ghost]Basculegion||ChoiceBand|SwiftSwim|WaveCrash,FlipTurn,AquaJet,LastRespects|||M|||50|,,,,,Grass]Rillaboom||LoadedDice|GrassySurge|BulletSeed,HighHorsepower,GrassyGlide,FakeOut|||M|||50|,,,,,Fire]Kingambit||BlackGlasses|Defiant|Protect,KowtowCleave,SwordsDance,SuckerPunch|||M|||50|,,,,,Dark]Archaludon||AssaultVest|Stamina|ElectroShot,BodyPress,FlashCannon,DracoMeteor|||M|||50|,,,,,Bug]Pelipper||FocusSash|Drizzle|WeatherBall,Hurricane,Protect,Tailwind|||M|||50|,,,,,Ghost
|
|t:|1756502497
|teamsize|p1|4
|teamsize|p2|4
|start
|switch|p1a: Goodee|Indeedee, L50, M|100/100
|switch|p1b: Deesler|Sneasler, L50, M|100/100
|switch|p2a: Pelipper|Pelipper, L50, M|100/100
|switch|p2b: Basculegion|Basculegion, L50, M, shiny|100/100
|-fieldstart|move: Psychic Terrain|[from] ability: Psychic Surge|[of] p1a: Goodee
|-enditem|p1b: Deesler|Psychic Seed
|-boost|p1b: Deesler|spd|1|[from] item: Psychic Seed
|-weather|RainDance|[from] ability: Drizzle|[of] p2a: Pelipper
|turn|1
|j| We_Are_Toasted
|l| We_Are_Toasted
|
|t:|1756502538
|switch|p1a: Arching|Archaludon, L50, M|100/100
|switch|p2a: Rillaboom|Rillaboom, L50, M, shiny|100/100
|-fieldstart|move: Grassy Terrain|[from] ability: Grassy Surge|[of] p2a: Rillaboom
|move|p1b: Deesler|Dire Claw|p2b: Basculegion
|-resisted|p2b: Basculegion
|-damage|p2b: Basculegion|76/100
|-status|p2b: Basculegion|par
|move|p2b: Basculegion|Wave Crash|p1b: Deesler
|-damage|p1b: Deesler|0 fnt
|faint|p1b: Deesler
|-damage|p2b: Basculegion|48/100 par|[from] Recoil
|
|-weather|RainDance|[upkeep]
|-heal|p2b: Basculegion|54/100 par|[from] Grassy Terrain
|upkeep
|
|t:|1756502556
|switch|p1b: Goodee|Indeedee, L50, M|100/100
|-fieldstart|move: Psychic Terrain|[from] ability: Psychic Surge|[of] p1b: Goodee
|turn|2
|
|t:|1756502577
|switch|p2b: Archaludon|Archaludon, L50, M, shiny|100/100
|move|p1b: Goodee|Expanding Force|p2b: Archaludon|[spread] p2a,p2b
|-resisted|p2b: Archaludon
|-damage|p2a: Rillaboom|42/100
|-damage|p2b: Archaludon|80/100
|-ability|p2b: Archaludon|Stamina|boost
|-boost|p2b: Archaludon|def|1
|move|p2a: Rillaboom|Bullet Seed|p2b: Archaludon
|-resisted|p2b: Archaludon
|-damage|p2b: Archaludon|79/100
|-ability|p2b: Archaludon|Stamina|boost
|-boost|p2b: Archaludon|def|1
|-resisted|p2b: Archaludon
|-damage|p2b: Archaludon|78/100
|-ability|p2b: Archaludon|Stamina|boost
|-boost|p2b: Archaludon|def|1
|-resisted|p2b: Archaludon
|-damage|p2b: Archaludon|78/100
|-ability|p2b: Archaludon|Stamina|boost
|-boost|p2b: Archaludon|def|1
|-resisted|p2b: Archaludon
|-damage|p2b: Archaludon|77/100
|-ability|p2b: Archaludon|Stamina|boost
|-boost|p2b: Archaludon|def|1
|-resisted|p2b: Archaludon
|-damage|p2b: Archaludon|77/100
|-ability|p2b: Archaludon|Stamina|boost
|-boost|p2b: Archaludon|def|1
|-hitcount|p2b: Archaludon|5
|move|p1a: Arching|Draco Meteor|p2b: Archaludon
|-damage|p2b: Archaludon|30/100
|-unboost|p1a: Arching|spa|2
|
|-weather|RainDance|[upkeep]
|upkeep
|turn|3
|
|t:|1756502614
|switch|p2a: Pelipper|Pelipper, L50, M|100/100
|move|p1b: Goodee|Expanding Force|p2b: Archaludon|[spread] p2a,p2b
|-resisted|p2b: Archaludon
|-damage|p2a: Pelipper|5/100
|-damage|p2b: Archaludon|11/100
|move|p2b: Archaludon|Body Press|p1a: Arching
|-supereffective|p1a: Arching
|-damage|p1a: Arching|0 fnt
|faint|p1a: Arching
|
|-weather|RainDance|[upkeep]
|upkeep
|
|t:|1756502621
|switch|p1a: Basculegion|Basculegion, L50, M|100/100
|turn|4
|
|t:|1756502640
|switch|p2a: Rillaboom|Rillaboom, L50, M, shiny|42/100
|-fieldstart|move: Grassy Terrain|[from] ability: Grassy Surge|[of] p2a: Rillaboom
|move|p1a: Basculegion|Last Respects|p2b: Archaludon
|-damage|p2b: Archaludon|0 fnt
|faint|p2b: Archaludon
|move|p1b: Goodee|Expanding Force|p2a: Rillaboom
|-damage|p2a: Rillaboom|5/100
|
|-weather|RainDance|[upkeep]
|-heal|p2a: Rillaboom|11/100|[from] Grassy Terrain
|upkeep
|
|t:|1756502670
|switch|p2b: Basculegion|Basculegion, L50, M, shiny|54/100 par
|turn|5
|
|t:|1756502735
|-terastallize|p1a: Basculegion|Grass
|-terastallize|p2b: Basculegion|Grass
|move|p2a: Rillaboom|Fake Out|p1a: Basculegion
|-damage|p1a: Basculegion|86/100
|cant|p1a: Basculegion|flinch
|move|p1b: Goodee|Expanding Force|p2a: Rillaboom
|-damage|p2a: Rillaboom|0 fnt
|faint|p2a: Rillaboom
|move|p2b: Basculegion|Last Respects|p1a: Basculegion
|-crit|p1a: Basculegion
|-damage|p1a: Basculegion|0 fnt
|faint|p1a: Basculegion
|
|-weather|none
|-heal|p2b: Basculegion|60/100 par|[from] Grassy Terrain
|upkeep
|
|t:|1756502748
|switch|p2a: Pelipper|Pelipper, L50, M|5/100
|-weather|RainDance|[from] ability: Drizzle|[of] p2a: Pelipper
|turn|6
|
|t:|1756502763
|move|p1b: Goodee|Expanding Force|p2a: Pelipper
|-damage|p2a: Pelipper|0 fnt
|faint|p2a: Pelipper
|move|p2b: Basculegion|Last Respects|p1b: Goodee
|-immune|p1b: Goodee
|
|-weather|RainDance|[upkeep]
|-heal|p2b: Basculegion|67/100 par|[from] Grassy Terrain
|upkeep
|turn|7
|-message|archaludon_enjoyer forfeited.
|
|win|latios66
||archaludon_enjoyer is ready for game 3.
