|j|☆WILLuBEMYGF?
|j|☆blackstormgames
|html|WILLuBEMYGF?blackstormgames    
|uhtml|bestof|Game 1 of a best-of-3
|t:|1782412849
|gametype|doubles
|player|p1|WILLuBEMYGF?|nate|1238
|player|p2|blackstormgames|lance|1249
|gen|9
|tier|[Gen 9 Champions] VGC 2026 Reg M-B (Bo3)
|rated|
|rule|Species Clause: Limit one of each Pokémon
|rule|Item Clause: Limit 1 of each item
|clearpoke
|poke|p1|Blaziken, L50, F|
|poke|p1|Sneasler, L50, M|
|poke|p1|Kingambit, L50, F|
|poke|p1|Basculegion, L50, M|
|poke|p1|Floette-Eternal, L50, F|
|poke|p1|Sinistcha-Masterpiece, L50|
|poke|p2|Blaziken, L50, F|
|poke|p2|Aerodactyl, L50, M|
|poke|p2|Kingambit, L50, F|
|poke|p2|Basculegion, L50, M|
|poke|p2|Sylveon, L50, F|
|poke|p2|Torkoal, L50, F|
|teampreview|4
|showteam|p1|Blaziken||Blazikenite|SpeedBoost|CloseCombat,FlareBlitz,RockSlide,Protect|Adamant||F|||50|]Sneasler||FocusSash|PoisonTouch|PoisonJab,CloseCombat,FakeOut,Protect|Adamant||M|||50|]Kingambit||BlackGlasses|Defiant|KowtowCleave,SuckerPunch,SwordsDance,Protect|Adamant||F|||50|]Basculegion||ChoiceScarf|Adaptability|WaveCrash,AquaJet,LastRespects,FlipTurn|Jolly||M|||50|]Floette-Eternal||Floettite|FlowerVeil|CalmMind,DrainingKiss,DazzlingGleam,Protect|Bold||F|||50|]Sinistcha-Masterpiece||KasibBerry|Hospitality|RagePowder,MatchaGotcha,LifeDew,Protect|Calm|||||50|
|showteam|p2|Blaziken||Blazikenite|SpeedBoost|FlareBlitz,CloseCombat,RockSlide,Protect|Adamant||F|||50|]Aerodactyl||Aerodactylite|Unnerve|RockSlide,DualWingbeat,IceFang,Tailwind|Jolly||M|||50|]Kingambit||LifeOrb|Defiant|KowtowCleave,SuckerPunch,IronHead,Protect|Adamant||F|||50|]Basculegion||FocusSash|Adaptability|Liquidation,AquaJet,LastRespects,Protect|Adamant||M|||50|]Sylveon||FairyFeather|Pixilate|HyperVoice,HyperBeam,QuickAttack,Detect|Modest||F|||50|]Torkoal||Leftovers|Drought|Eruption,Yawn,WeatherBall,Protect|Quiet||F|||50|
|inactive|Battle timer is ON: inactive players will automatically lose when time's up. (requested by WILLuBEMYGF?)
|inactive|blackstormgames has 60 seconds left.
|
|t:|1782412902
|teamsize|p1|4
|teamsize|p2|4
|start
|switch|p1a: Sneasler|Sneasler, L50, M|100/100
|switch|p1b: Kingambit|Kingambit, L50, F|100/100
|switch|p2a: Blaziken|Blaziken, L50, F|100/100
|switch|p2b: Basculegion|Basculegion, L50, M|100/100
|turn|1
|
|t:|1782412925
|switch|p1a: Sinistcha|Sinistcha-Masterpiece, L50|100/100
|detailschange|p2a: Blaziken|Blaziken-Mega, L50, F
|-mega|p2a: Blaziken|Blaziken|Blazikenite
|move|p2a: Blaziken|Protect|p2a: Blaziken
|-singleturn|p2a: Blaziken|Protect
|move|p2b: Basculegion|Liquidation|p1a: Sinistcha
|-resisted|p1a: Sinistcha|1
|-damage|p1a: Sinistcha|72/100
|move|p1b: Kingambit|Swords Dance|p1b: Kingambit
|-boost|p1b: Kingambit|atk|2
|
|-ability|p2a: Blaziken|Speed Boost|boost
|-boost|p2a: Blaziken|spe|1
|upkeep
|turn|2
|
|t:|1782412943
|move|p1a: Sinistcha|Rage Powder|p1a: Sinistcha
|-singleturn|p1a: Sinistcha|move: Rage Powder
|move|p2a: Blaziken|Flare Blitz|p1a: Sinistcha
|-supereffective|p1a: Sinistcha|1
|-damage|p1a: Sinistcha|0 fnt
|faint|p1a: Sinistcha
|-damage|p2a: Blaziken|72/100|[from] Recoil
|move|p2b: Basculegion|Liquidation|p1b: Kingambit
|-damage|p1b: Kingambit|51/100
|move|p1b: Kingambit|Kowtow Cleave|p2a: Blaziken
|-resisted|p2a: Blaziken|1
|-damage|p2a: Blaziken|0 fnt
|faint|p2a: Blaziken
|
|upkeep
|
|t:|1782412962
|switch|p2a: Kingambit|Kingambit, L50, F|100/100
|switch|p1a: Sneasler|Sneasler, L50, M|100/100
|turn|3
|
|t:|1782412978
|move|p1a: Sneasler|Fake Out|p2a: Kingambit
|-resisted|p2a: Kingambit|1
|-damage|p2a: Kingambit|94/100
|move|p2b: Basculegion|Liquidation|p1b: Kingambit
|-crit|p1b: Kingambit
|-damage|p1b: Kingambit|0 fnt
|faint|p1b: Kingambit
|cant|p2a: Kingambit|flinch
|
|upkeep
|c|☆WILLuBEMYGF?|dam i was not expected crit
|
|t:|1782412996
|switch|p1b: Blaziken|Blaziken, L50, F|100/100
|turn|4
|
|t:|1782413007
|detailschange|p1b: Blaziken|Blaziken-Mega, L50, F
|-mega|p1b: Blaziken|Blaziken|Blazikenite
|move|p1a: Sneasler|Poison Jab|p2b: Basculegion
|-resisted|p2b: Basculegion|1
|-damage|p2b: Basculegion|69/100
|-status|p2b: Basculegion|psn
|move|p2b: Basculegion|Liquidation|p1a: Sneasler
|-damage|p1a: Sneasler|1/100
|move|p1b: Blaziken|Rock Slide|p2a: Kingambit|[spread] p2a,p2b
|-resisted|p2a: Kingambit|1
|-crit|p2a: Kingambit
|-damage|p2a: Kingambit|80/100
|-damage|p2b: Basculegion|37/100 psn
|move|p2a: Kingambit|Iron Head|p1a: Sneasler
|-damage|p1a: Sneasler|0 fnt
|faint|p1a: Sneasler
|-damage|p2a: Kingambit|70/100|[from] item: Life Orb
|
|-damage|p2b: Basculegion|25/100 psn|[from] psn
|-ability|p1b: Blaziken|Speed Boost|boost
|-boost|p1b: Blaziken|spe|1
|upkeep
|turn|5
|inactive|WILLuBEMYGF? has 30 seconds left.
|
|t:|1782413033
|move|p2b: Basculegion|Aqua Jet|p1b: Blaziken
|-supereffective|p1b: Blaziken|1
|-damage|p1b: Blaziken|37/100
|move|p2a: Kingambit|Sucker Punch|p1b: Blaziken
|-resisted|p1b: Blaziken|1
|-damage|p1b: Blaziken|5/100
|-damage|p2a: Kingambit|61/100|[from] item: Life Orb
|move|p1b: Blaziken|Rock Slide|p2b: Basculegion|[spread] p2a,p2b
|-resisted|p2a: Kingambit|1
|-damage|p2a: Kingambit|51/100
|-damage|p2b: Basculegion|0 fnt
|faint|p2b: Basculegion
|
|-ability|p1b: Blaziken|Speed Boost|boost
|-boost|p1b: Blaziken|spe|1
|upkeep
|-message|WILLuBEMYGF? forfeited.
|
|win|blackstormgames
|l|☆WILLuBEMYGF?
|player|p1|
||WILLuBEMYGF? is ready for game 2.
||blackstormgames is ready for game 2.
|uhtml|next|Next: Game 2 of 3
