|j|â˜†N0PE2050
|j|â˜†GettingWickedBlow
|html|N0PE2050GettingWickedBlow    
|uhtml|bestof|Game 2 of a best-of-3
|t:|1784771009
|gametype|doubles
|player|p1|N0PE2050|doctor|1148
|player|p2|GettingWickedBlow|n|1114
|gen|9
|tier|[Gen 9 Champions] VGC 2026 Reg M-B (Bo3)
|rated|
|rule|Species Clause: Limit one of each PokÃ©mon
|rule|Item Clause: Limit 1 of each item
|clearpoke
|poke|p1|Zoroark-Hisui, L50, F|
|poke|p1|Tyranitar, L50, M|
|poke|p1|Whimsicott, L50, F|
|poke|p1|Charizard, L50, F|
|poke|p1|Greninja, L50, F|
|poke|p1|Archaludon, L50, M|
|poke|p2|Venusaur, L50, M|
|poke|p2|Charizard, L50, M|
|poke|p2|Garchomp, L50, M|
|poke|p2|Annihilape, L50, F|
|poke|p2|Incineroar, L50, M|
|poke|p2|Toxapex, L50, M|
|teampreview|4
|showteam|p1|Zoroark-Hisui||FocusSash|Illusion|Snowscape,RainDance,BitterMalice,IcyWind|Timid||F|||50|]Tyranitar||ChopleBerry|SandStream|RockSlide,Superpower,KnockOff,Protect|Impish||M|||50|]Whimsicott||KebiaBerry|Prankster|Tailwind,SunnyDay,Moonblast,Encore|Timid||F|||50|]Charizard||CharizarditeY|SolarPower|HeatWave,WeatherBall,SolarBeam,Protect|Timid||F|||50|]Greninja||Greninjite|Protean|WeatherBall,SludgeWave,DarkPulse,Protect|Modest||F|||50|]Archaludon||Leftovers|Stamina|ElectroShot,DracoMeteor,FlashCannon,Protect|Calm||M|||50|
|showteam|p2|Venusaur||LifeOrb|Chlorophyll|SolarBeam,SludgeBomb,EarthPower,Protect|Modest||M|||50|]Charizard||CharizarditeY|Blaze|HeatWave,WeatherBall,HelpingHand,Protect|Modest||M|||50|]Garchomp||ChoiceScarf|RoughSkin|DragonClaw,Earthquake,RockSlide,StompingTantrum|Adamant||M|||50|]Annihilape||FocusSash|Defiant|PhantomForce,CloseCombat,RockTomb,Protect|Jolly||F|||50|]Incineroar||SitrusBerry|Intimidate|FakeOut,ThroatChop,FlareBlitz,PartingShot|Impish||M|||50|]Toxapex||Leftovers|Regenerator|Infestation,Toxic,BanefulBunker,WideGuard|Impish||M|||50|
|inactive|Battle timer is ON: inactive players will automatically lose when time's up. (requested by GettingWickedBlow)
|inactive|N0PE2050 has 60 seconds left.
|
|t:|1784771041
|teamsize|p1|4
|teamsize|p2|4
|start
|switch|p1a: THE BRIDGE|Archaludon, L50, M|100/100
|switch|p1b: G-man|Greninja, L50, F|100/100
|switch|p2a: Charizard|Charizard, L50, M|100/100
|switch|p2b: Incineroar|Incineroar, L50, M|100/100
|-ability|p2b: Incineroar|Intimidate|boost
|-unboost|p1a: THE BRIDGE|atk|1
|-unboost|p1b: G-man|atk|1
|turn|1
|inactive|N0PE2050 has 30 seconds left.
|inactive|GettingWickedBlow has 30 seconds left.
|
|t:|1784771075
|move|p1b: G-man|Protect|p1b: G-man
|-start|p1b: G-man|typechange|Normal|[from] ability: Protean
|-singleturn|p1b: G-man|Protect
|move|p2a: Charizard|Protect|p2a: Charizard
|-singleturn|p2a: Charizard|Protect
|move|p1a: THE BRIDGE|Rain Dance|p1a: THE BRIDGE
|-weather|RainDance
|move|p2b: Incineroar|Throat Chop|p1b: G-man
|-activate|p1b: G-man|move: Protect
|
|-weather|RainDance|[upkeep]
|upkeep
|turn|2
|inactive|N0PE2050 has 30 seconds left.
|
|t:|1784771103
|switch|p2a: Toxapex|Toxapex, L50, M|100/100
|detailschange|p1b: G-man|Greninja-Mega, L50, F
|-mega|p1b: G-man|Greninja|Greninjite
|move|p1a: THE BRIDGE|Rain Dance||[still]
|-fail|p1a: THE BRIDGE
|move|p1b: G-man|Weather Ball|p2a: Toxapex
|-start|p1b: G-man|typechange|Water|[from] ability: Protean
|-resisted|p2a: Toxapex|1
|-damage|p2a: Toxapex|64/100
|move|p2b: Incineroar|Throat Chop|p1a: THE BRIDGE
|-supereffective|p1a: THE BRIDGE|1
|-enditem|p1a: THE BRIDGE|Focus Sash
|-damage|p1a: THE BRIDGE|1/100
|-start|p1a: THE BRIDGE|Throat Chop|[silent]
|replace|p1a: Zoroark|Zoroark-Hisui, L50, F
|-end|p1a: Zoroark|Illusion
|
|-weather|RainDance|[upkeep]
|-heal|p2a: Toxapex|70/100|[from] item: Leftovers
|upkeep
|turn|3
|inactive|N0PE2050 has 30 seconds left.
|inactive|GettingWickedBlow has 30 seconds left.
|inactive|N0PE2050 has 20 seconds left.
|
|t:|1784771138
|switch|p2b: Venusaur|Venusaur, L50, M|100/100
|move|p1a: Zoroark|Bitter Malice|p2a: Toxapex
|-damage|p2a: Toxapex|40/100
|-unboost|p2a: Toxapex|atk|1
|move|p1b: G-man|Weather Ball|p2b: Venusaur
|-resisted|p2b: Venusaur|1
|-damage|p2b: Venusaur|53/100
|move|p2a: Toxapex|Infestation|p1b: G-man
|-damage|p1b: G-man|96/100
|-activate|p1b: G-man|move: Infestation|[of] p2a: Toxapex
|
|-weather|RainDance|[upkeep]
|-heal|p2a: Toxapex|45/100|[from] item: Leftovers
|-damage|p1b: G-man|83/100|[from] move: Infestation|[partiallytrapped]
|-end|p1a: Zoroark|Throat Chop|[silent]
|upkeep
|turn|4
|inactive|GettingWickedBlow has 30 seconds left.
|
|t:|1784771166
|switch|p2b: Incineroar|Incineroar, L50, M|100/100
|-ability|p2b: Incineroar|Intimidate|boost
|-unboost|p1a: Zoroark|atk|1
|-unboost|p1b: G-man|atk|1
|move|p2a: Toxapex|Baneful Bunker|p2a: Toxapex
|-singleturn|p2a: Toxapex|move: Protect
|move|p1a: Zoroark|Icy Wind|p2b: Incineroar|[spread] p2b
|-activate|p2a: Toxapex|move: Protect
|-resisted|p2b: Incineroar|1
|-damage|p2b: Incineroar|94/100
|-unboost|p2b: Incineroar|spe|1
|move|p1b: G-man|Dark Pulse|p2a: Toxapex
|-activate|p2a: Toxapex|move: Protect
|
|-weather|RainDance|[upkeep]
|-heal|p2a: Toxapex|51/100|[from] item: Leftovers
|-damage|p1b: G-man|71/100|[from] move: Infestation|[partiallytrapped]
|upkeep
|turn|5
|
|t:|1784771189
|move|p2b: Incineroar|Fake Out|p1b: G-man
|-damage|p1b: G-man|58/100
|move|p1a: Zoroark|Icy Wind|p2b: Incineroar|[spread] p2b
|-miss|p1a: Zoroark|p2a: Toxapex
|-resisted|p2b: Incineroar|1
|-damage|p2b: Incineroar|88/100
|-unboost|p2b: Incineroar|spe|1
|cant|p1b: G-man|flinch
|move|p2a: Toxapex|Infestation|p1a: Zoroark
|-resisted|p1a: Zoroark|1
|-damage|p1a: Zoroark|0 fnt
|faint|p1a: Zoroark
|
|-weather|none
|-heal|p2a: Toxapex|57/100|[from] item: Leftovers
|-damage|p1b: G-man|45/100|[from] move: Infestation|[partiallytrapped]
|upkeep
|
|t:|1784771205
|switch|p1a: Tyranitar|Tyranitar, L50, M|100/100
|-weather|Sandstorm|[from] ability: Sand Stream|[of] p1a: Tyranitar
|turn|6
|
|t:|1784771225
|move|p1b: G-man|Weather Ball|p2a: Toxapex
|-damage|p2a: Toxapex|28/100
|move|p1a: Tyranitar|Rock Slide|p2b: Incineroar|[spread] p2a,p2b
|-supereffective|p2b: Incineroar|1
|-damage|p2a: Toxapex|10/100
|-damage|p2b: Incineroar|49/100
|-enditem|p2b: Incineroar|Sitrus Berry|[eat]
|-heal|p2b: Incineroar|74/100|[from] item: Sitrus Berry
|move|p2a: Toxapex|Infestation|p1a: Tyranitar
|-supereffective|p1a: Tyranitar|1
|-damage|p1a: Tyranitar|96/100
|-activate|p1a: Tyranitar|move: Infestation|[of] p2a: Toxapex
|cant|p2b: Incineroar|flinch
|
|-weather|Sandstorm|[upkeep]
|-damage|p1b: G-man|39/100|[from] Sandstorm
|-damage|p2a: Toxapex|5/100|[from] Sandstorm
|-damage|p2b: Incineroar|68/100|[from] Sandstorm
|-heal|p2a: Toxapex|10/100|[from] item: Leftovers
|-damage|p1b: G-man|27/100|[from] move: Infestation|[partiallytrapped]
|-damage|p1a: Tyranitar|84/100|[from] move: Infestation|[partiallytrapped]
|upkeep
|turn|7
|inactive|N0PE2050 has 30 seconds left.
|inactive|GettingWickedBlow has 30 seconds left.
|inactive|N0PE2050 has 20 seconds left.
|
|t:|1784771262
|switch|p2b: Venusaur|Venusaur, L50, M|53/100
|move|p2a: Toxapex|Baneful Bunker|p2a: Toxapex
|-singleturn|p2a: Toxapex|move: Protect
|move|p1b: G-man|Weather Ball|p2b: Venusaur
|-damage|p2b: Venusaur|6/100
|move|p1a: Tyranitar|Rock Slide|p2b: Venusaur|[spread] 
|-activate|p2a: Toxapex|move: Protect
|-miss|p1a: Tyranitar|p2b: Venusaur
|
|-weather|Sandstorm|[upkeep]
|-damage|p1b: G-man|21/100|[from] Sandstorm
|-damage|p2b: Venusaur|1/100|[from] Sandstorm
|-damage|p2a: Toxapex|5/100|[from] Sandstorm
|-heal|p2a: Toxapex|10/100|[from] item: Leftovers
|-damage|p1b: G-man|8/100|[from] move: Infestation|[partiallytrapped]
|-damage|p1a: Tyranitar|71/100|[from] move: Infestation|[partiallytrapped]
|upkeep
|turn|8
|inactive|GettingWickedBlow has 30 seconds left.
|
|t:|1784771299
|-heal|p2a: Toxapex|43/100|[from] ability: Regenerator|[silent]
|switch|p2a: Incineroar|Incineroar, L50, M|68/100
|-ability|p2a: Incineroar|Intimidate|boost
|-unboost|p1a: Tyranitar|atk|1
|-unboost|p1b: G-man|atk|1
|move|p1b: G-man|Sludge Wave|p2a: Incineroar|[spread] p1a,p2a,p2b
|-resisted|p1a: Tyranitar|1
|-damage|p1a: Tyranitar|64/100
|-damage|p2a: Incineroar|42/100
|-damage|p2b: Venusaur|0 fnt
|faint|p2b: Venusaur
|move|p1a: Tyranitar|Rock Slide|p2a: Incineroar
|-supereffective|p2a: Incineroar|1
|-damage|p2a: Incineroar|9/100
|
|-weather|Sandstorm|[upkeep]
|-damage|p1b: G-man|2/100|[from] Sandstorm
|-damage|p2a: Incineroar|3/100|[from] Sandstorm
|-end|p1b: G-man|Infestation|[partiallytrapped]
|-end|p1a: Tyranitar|Infestation|[partiallytrapped]|[silent]
|upkeep
|
|t:|1784771313
|switch|p2b: Charizard|Charizard, L50, M|100/100
|turn|9
|
|t:|1784771334
|switch|p1b: THE BRIDGE|Archaludon, L50, M|100/100
|detailschange|p2b: Charizard|Charizard-Mega-Y, L50, M
|-mega|p2b: Charizard|Charizard|Charizardite Y
|-weather|SunnyDay|[from] ability: Drought|[of] p2b: Charizard
|move|p2a: Incineroar|Fake Out|p1a: Tyranitar
|-resisted|p1a: Tyranitar|1
|-damage|p1a: Tyranitar|60/100
|move|p2b: Charizard|Heat Wave|p1a: Tyranitar|[spread] p1a,p1b
|-resisted|p1a: Tyranitar|1
|-damage|p1a: Tyranitar|36/100
|-damage|p1b: THE BRIDGE|40/100
|-ability|p1b: THE BRIDGE|Stamina|boost
|-boost|p1b: THE BRIDGE|def|1
|cant|p1a: Tyranitar|flinch
|
|-weather|SunnyDay|[upkeep]
|-heal|p1b: THE BRIDGE|46/100|[from] item: Leftovers
|upkeep
|turn|10
|inactive|N0PE2050 has 30 seconds left.
|
|t:|1784771363
|switch|p2a: Toxapex|Toxapex, L50, M|43/100
|switch|p1a: G-man|Greninja-Mega, L50, F|2/100
|move|p2b: Charizard|Protect|p2b: Charizard
|-singleturn|p2b: Charizard|Protect
|move|p1b: THE BRIDGE|Protect||[still]
|-fail|p1b: THE BRIDGE
|
|-weather|SunnyDay|[upkeep]
|-heal|p1b: THE BRIDGE|52/100|[from] item: Leftovers
|-heal|p2a: Toxapex|49/100|[from] item: Leftovers
|upkeep
|turn|11
|
|t:|1784771387
|switch|p1b: Tyranitar|Tyranitar, L50, M|36/100
|-weather|Sandstorm|[from] ability: Sand Stream|[of] p1b: Tyranitar
|move|p1a: G-man|Weather Ball|p2b: Charizard
|-start|p1a: G-man|typechange|Rock|[from] ability: Protean
|-supereffective|p2b: Charizard|2
|-damage|p2b: Charizard|0 fnt
|faint|p2b: Charizard
|move|p2a: Toxapex|Toxic|p1a: G-man
|-status|p1a: G-man|tox
|
|-weather|Sandstorm|[upkeep]
|-damage|p2a: Toxapex|43/100|[from] Sandstorm
|-heal|p2a: Toxapex|49/100|[from] item: Leftovers
|-damage|p1a: G-man|0 fnt|[from] psn
|faint|p1a: G-man
|upkeep
|
|t:|1784771403
|switch|p1a: THE BRIDGE|Archaludon, L50, M|52/100
|switch|p2b: Incineroar|Incineroar, L50, M|3/100
|-ability|p2b: Incineroar|Intimidate|boost
|-unboost|p1a: THE BRIDGE|atk|1
|-unboost|p1b: Tyranitar|atk|1
|turn|12
|
|t:|1784771425
|move|p2b: Incineroar|Fake Out|p1a: THE BRIDGE
|-resisted|p1a: THE BRIDGE|1
|-damage|p1a: THE BRIDGE|47/100
|-ability|p1a: THE BRIDGE|Stamina|boost
|-boost|p1a: THE BRIDGE|def|1
|cant|p1a: THE BRIDGE|flinch
|move|p1b: Tyranitar|Rock Slide|p2b: Incineroar|[spread] p2a,p2b
|-supereffective|p2b: Incineroar|1
|-damage|p2a: Toxapex|39/100
|-damage|p2b: Incineroar|0 fnt
|faint|p2b: Incineroar
|cant|p2a: Toxapex|flinch
|
|-weather|Sandstorm|[upkeep]
|-damage|p2a: Toxapex|33/100|[from] Sandstorm
|-heal|p1a: THE BRIDGE|53/100|[from] item: Leftovers
|-heal|p2a: Toxapex|39/100|[from] item: Leftovers
|upkeep
|turn|13
|
|t:|1784771444
|move|p1a: THE BRIDGE|Electro Shot||[still]
|-prepare|p1a: THE BRIDGE|Electro Shot
|-boost|p1a: THE BRIDGE|spa|1
|move|p1b: Tyranitar|Knock Off|p2a: Toxapex
|-damage|p2a: Toxapex|17/100
|-enditem|p2a: Toxapex|Leftovers|[from] move: Knock Off|[of] p1b: Tyranitar
|move|p2a: Toxapex|Infestation|p1a: THE BRIDGE
|-resisted|p1a: THE BRIDGE|1
|-damage|p1a: THE BRIDGE|52/100
|-activate|p1a: THE BRIDGE|move: Infestation|[of] p2a: Toxapex
|-ability|p1a: THE BRIDGE|Stamina|boost
|-boost|p1a: THE BRIDGE|def|1
|
|-weather|Sandstorm|[upkeep]
|-damage|p2a: Toxapex|12/100|[from] Sandstorm
|-heal|p1a: THE BRIDGE|58/100|[from] item: Leftovers
|-damage|p1a: THE BRIDGE|46/100|[from] move: Infestation|[partiallytrapped]
|upkeep
|turn|14
|
|t:|1784771463
|move|p1b: Tyranitar|Protect|p1b: Tyranitar
|-singleturn|p1b: Tyranitar|Protect
|move|p2a: Toxapex|Baneful Bunker|p2a: Toxapex
|-singleturn|p2a: Toxapex|move: Protect
|move|p1a: THE BRIDGE|Electro Shot|p2a: Toxapex|[from] lockedmove
|-activate|p2a: Toxapex|move: Protect
|
|-weather|Sandstorm|[upkeep]
|-damage|p2a: Toxapex|6/100|[from] Sandstorm
|-heal|p1a: THE BRIDGE|52/100|[from] item: Leftovers
|-damage|p1a: THE BRIDGE|40/100|[from] move: Infestation|[partiallytrapped]
|upkeep
|turn|15
|-message|GettingWickedBlow forfeited.
|
|win|N0PE2050
|l|â˜†GettingWickedBlow
|player|p2|
|j|â˜†GettingWickedBlow
|player|p2|GettingWickedBlow|n|
||N0PE2050 is ready for game 3.
