|j|☆Togore Gaming
|j|☆matrod
|html|Togore Gamingmatrod    
|uhtml|bestof|Game 2 of a best-of-3
|t:|1756237006
|gametype|doubles
|player|p1|Togore Gaming|richboy-gen4|1193
|player|p2|matrod|steven|1291
|gen|9
|tier|[Gen 9] VGC 2025 Reg H (Bo3)
|rated|
|rule|Species Clause: Limit one of each Pokémon
|rule|Item Clause: Limit 1 of each item
|clearpoke
|poke|p1|Indeedee, L50, M|
|poke|p1|Sneasler, L50, M|
|poke|p1|Drifblim, L50, F|
|poke|p1|Ursaluna-Bloodmoon, L50, M|
|poke|p1|Electabuzz, L50, M|
|poke|p1|Corviknight, L50, M|
|poke|p2|Incineroar, L50, F|
|poke|p2|Amoonguss, L50, F|
|poke|p2|Pelipper, L50, F|
|poke|p2|Archaludon, L50, M|
|poke|p2|Gholdengo, L50|
|poke|p2|Palafin, L50, F|
|teampreview|4
|showteam|p1|Indeedee||FocusSash|PsychicSurge|ExpandingForce,TeraBlast,Imprison,TrickRoom|||M|||50|,,,,,Ground]Sneasler||WhiteHerb|Unburden|DireClaw,CloseCombat,ThroatChop,Protect|||M|||50|,,,,,Dark]Drifblim||PsychicSeed|Unburden|Acrobatics,WillOWisp,Tailwind,Haze|||F|||50|,,,,,Grass]Ursaluna-Bloodmoon||LifeOrb|MindsEye|BloodMoon,HyperVoice,EarthPower,Protect|||M|||50|,,,,,Normal]Electabuzz||Eviolite|VitalSpirit|Electroweb,FollowMe,Taunt,Protect|||M|||50|,,,,,Dragon]Corviknight||SitrusBerry|MirrorArmor|BraveBird,BodyPress,BulkUp,Roost|||M|||50|,,,,,Fire
|showteam|p2|Incineroar||SafetyGoggles|Intimidate|KnockOff,FakeOut,FlareBlitz,Uturn|||F|||50|,,,,,Water]Amoonguss||SitrusBerry|Regenerator|Spore,Protect,RagePowder,PollenPuff|||F|||50|,,,,,Psychic]Pelipper||FocusSash|Drizzle|MuddyWater,Hurricane,Tailwind,Protect|||F|||50|,,,,,Ground]Archaludon||AssaultVest|Stamina|ElectroShot,DracoMeteor,FlashCannon,BodyPress|||M|||50|,,,,,Bug]Gholdengo||LifeOrb|GoodasGold|MakeItRain,ShadowBall,NastyPlot,Protect||||||50|,,,,,Water]Palafin||MysticWater|ZerotoHero|WaveCrash,JetPunch,Haze,Protect|||F|||50|,,,,,Water
|inactive|Battle timer is ON: inactive players will automatically lose when time's up. (requested by Togore Gaming)
|j| Neekzzz
|c|☆matrod|u guys teambuilding partners?
|c|☆Togore Gaming|w ho
|inactive|matrod has 60 seconds left.
|c|☆Togore Gaming|w who
|c|☆matrod|the dude spectating
|c| Neekzzz|im just watchin, to see how people deal with pelliper archaldeon bullshit
|c|☆matrod|oh word LMFAO
|c|☆Togore Gaming|no i have no idea who that is LOL
|inactive|matrod has 30 seconds left.
|c| Neekzzz|yea sry
|c| Neekzzz|lol
|c|☆matrod|dont say sry brooo
|inactive|matrod has 20 seconds left.
|c|☆matrod|have fun
|inactive|matrod has 15 seconds left.
|c| Neekzzz|gl
|inactive|matrod has 10 seconds left.
|inactive|matrod has 5 seconds left.
|
|t:|1756237094
|teamsize|p1|4
|teamsize|p2|4
|start
|switch|p1a: Electabuzz|Electabuzz, L50, M|100/100
|switch|p1b: Ursaluna|Ursaluna-Bloodmoon, L50, M|100/100
|switch|p2a: Gholdengo|Gholdengo, L50|100/100
|switch|p2b: Incineroar|Incineroar, L50, F|100/100
|-ability|p2b: Incineroar|Intimidate|boost
|-unboost|p1a: Electabuzz|atk|1
|-unboost|p1b: Ursaluna|atk|1
|turn|1
|inactive|Togore Gaming has 30 seconds left.
|
|t:|1756237120
|move|p1b: Ursaluna|Protect|p1b: Ursaluna
|-singleturn|p1b: Ursaluna|Protect
|move|p2b: Incineroar|Fake Out|p1b: Ursaluna
|-activate|p1b: Ursaluna|move: Protect
|move|p1a: Electabuzz|Electroweb|p2a: Gholdengo|[spread] p2b
|-miss|p1a: Electabuzz|p2a: Gholdengo
|-damage|p2b: Incineroar|89/100
|-unboost|p2b: Incineroar|spe|1
|move|p2a: Gholdengo|Nasty Plot|p2a: Gholdengo
|-boost|p2a: Gholdengo|spa|2
|
|upkeep
|turn|2
|
|t:|1756237138
|move|p2a: Gholdengo|Protect|p2a: Gholdengo
|-singleturn|p2a: Gholdengo|Protect
|move|p1a: Electabuzz|Electroweb|p2a: Gholdengo|[spread] 
|-activate|p2a: Gholdengo|move: Protect
|-miss|p1a: Electabuzz|p2b: Incineroar
|move|p1b: Ursaluna|Earth Power|p2b: Incineroar
|-supereffective|p2b: Incineroar
|-damage|p2b: Incineroar|0 fnt
|faint|p2b: Incineroar
|-damage|p1b: Ursaluna|91/100|[from] item: Life Orb
|
|upkeep
|
|t:|1756237141
|switch|p2b: Pelipper|Pelipper, L50, F|100/100
|-weather|RainDance|[from] ability: Drizzle|[of] p2b: Pelipper
|turn|3
|
|t:|1756237156
|-terastallize|p2b: Pelipper|Ground
|move|p1b: Ursaluna|Protect|p1b: Ursaluna
|-singleturn|p1b: Ursaluna|Protect
|move|p1a: Electabuzz|Taunt|p2b: Pelipper
|-start|p2b: Pelipper|move: Taunt
|cant|p2b: Pelipper|move: Taunt|Tailwind
|move|p2a: Gholdengo|Make It Rain|p1a: Electabuzz|[spread] p1a
|-activate|p1b: Ursaluna|move: Protect
|-resisted|p1a: Electabuzz
|-damage|p1a: Electabuzz|46/100
|-unboost|p2a: Gholdengo|spa|1
|-damage|p2a: Gholdengo|91/100|[from] item: Life Orb
|
|-weather|RainDance|[upkeep]
|upkeep
|turn|4
|
|t:|1756237177
|move|p1a: Electabuzz|Follow Me|p1a: Electabuzz
|-singleturn|p1a: Electabuzz|move: Follow Me
|move|p2b: Pelipper|Muddy Water|p1b: Ursaluna|[spread] p1a,p1b
|-supereffective|p1b: Ursaluna
|-damage|p1a: Electabuzz|10/100
|-damage|p1b: Ursaluna|0 fnt
|-unboost|p1a: Electabuzz|accuracy|1
|faint|p1b: Ursaluna
|move|p2a: Gholdengo|Make It Rain|p1a: Electabuzz
|-resisted|p1a: Electabuzz
|-crit|p1a: Electabuzz
|-damage|p1a: Electabuzz|0 fnt
|-unboost|p2a: Gholdengo|spa|1
|faint|p1a: Electabuzz
|-damage|p2a: Gholdengo|81/100|[from] item: Life Orb
|
|-weather|RainDance|[upkeep]
|upkeep
|
|t:|1756237192
|switch|p1a: Sneasler|Sneasler, L50, M|100/100
|switch|p1b: Indeedee|Indeedee, L50, M|100/100
|-fieldstart|move: Psychic Terrain|[from] ability: Psychic Surge|[of] p1b: Indeedee
|turn|5
|inactive|Togore Gaming has 30 seconds left.
|
|t:|1756237219
|-terastallize|p1a: Sneasler|Dark
|move|p1a: Sneasler|Throat Chop|p2a: Gholdengo
|-supereffective|p2a: Gholdengo
|-damage|p2a: Gholdengo|0 fnt
|faint|p2a: Gholdengo
|move|p1b: Indeedee|Expanding Force|p2b: Pelipper
|-enditem|p2b: Pelipper|Focus Sash
|-damage|p2b: Pelipper|1/100
|move|p2b: Pelipper|Muddy Water|p1b: Indeedee|[spread] p1a,p1b
|-damage|p1a: Sneasler|41/100
|-damage|p1b: Indeedee|47/100
|-unboost|p1b: Indeedee|accuracy|1
|
|-weather|RainDance|[upkeep]
|-end|p2b: Pelipper|move: Taunt
|upkeep
|
|t:|1756237222
|switch|p2a: Amoonguss|Amoonguss, L50, F, shiny|100/100
|turn|6
|
|t:|1756237240
|move|p1a: Sneasler|Protect|p1a: Sneasler
|-singleturn|p1a: Sneasler|Protect
|move|p1b: Indeedee|Expanding Force|p2a: Amoonguss|[spread] 
|-miss|p1b: Indeedee|p2a: Amoonguss
|-miss|p1b: Indeedee|p2b: Pelipper
|move|p2b: Pelipper|Muddy Water|p1b: Indeedee|[spread] 
|-activate|p1a: Sneasler|move: Protect
|-miss|p2b: Pelipper|p1b: Indeedee
|move|p2a: Amoonguss|Spore|p1b: Indeedee
|-status|p1b: Indeedee|slp|[from] move: Spore
|
|-weather|RainDance|[upkeep]
|upkeep
|turn|7
|c|☆matrod|woww
|c|☆matrod|wowowow
|c|☆Togore Gaming|my mons need glasses
|c|☆Togore Gaming|i dont even know
|
|t:|1756237264
|move|p2a: Amoonguss|Rage Powder|p2a: Amoonguss
|-singleturn|p2a: Amoonguss|move: Rage Powder
|move|p1a: Sneasler|Dire Claw|p2a: Amoonguss
|-crit|p2a: Amoonguss
|-damage|p2a: Amoonguss|32/100
|-enditem|p2a: Amoonguss|Sitrus Berry|[eat]
|-heal|p2a: Amoonguss|56/100|[from] item: Sitrus Berry
|cant|p1b: Indeedee|slp
|move|p2b: Pelipper|Tailwind|p2b: Pelipper
|-sidestart|p2: matrod|move: Tailwind
|
|-weather|none
|upkeep
|turn|8
|c|☆matrod|oh wait rain ended
|c|☆matrod|uh oh
|inactive|Togore Gaming has 30 seconds left.
|
|t:|1756237289
|move|p2a: Amoonguss|Rage Powder|p2a: Amoonguss
|-singleturn|p2a: Amoonguss|move: Rage Powder
|move|p2b: Pelipper|Hurricane|p1b: Indeedee|[miss]
|-miss|p2b: Pelipper|p1b: Indeedee
|move|p1a: Sneasler|Dire Claw|p2a: Amoonguss
|-damage|p2a: Amoonguss|9/100
|cant|p1b: Indeedee|slp
|
|upkeep
|turn|9
|c|☆Togore Gaming|im sorry
|c|☆matrod|i might just be cooked
|
|t:|1756237310
|move|p2b: Pelipper|Hurricane|p1a: Sneasler|[miss]
|-miss|p2b: Pelipper|p1a: Sneasler
|move|p1a: Sneasler|Dire Claw|p2b: Pelipper
|-resisted|p2b: Pelipper
|-damage|p2b: Pelipper|0 fnt
|faint|p2b: Pelipper
|cant|p1b: Indeedee|slp
|move|p2a: Amoonguss|Pollen Puff|p1b: Indeedee
|-supereffective|p1b: Indeedee
|-damage|p1b: Indeedee|0 fnt
|faint|p1b: Indeedee
|
|-fieldend|move: Psychic Terrain
|upkeep
|turn|10
|c|☆Togore Gaming|oh no
|
|t:|1756237321
|move|p1a: Sneasler|Dire Claw|p2a: Amoonguss
|-damage|p2a: Amoonguss|0 fnt
|faint|p2a: Amoonguss
|
|win|Togore Gaming
|c|☆matrod|part of the game all good lolol
||matrod is ready for game 3.
|c|☆Togore Gaming|that was in interesting one lol
|inactive|Togore Gaming has 30 seconds to confirm battle start!
||Togore Gaming is ready for game 3.
|uhtml|next|Next: Game 3 of 3
|l| Neekzzz
