|j|☆Oblivionruler
|j|☆new mental
|html|Oblivionrulernew mental    
|uhtml|bestof|Game 3 of a best-of-3
|t:|1784639912
|gametype|doubles
|player|p1|Oblivionruler|102|1128
|player|p2|new mental|volkner|1235
|gen|9
|tier|[Gen 9 Champions] VGC 2026 Reg M-B (Bo3)
|rated|
|rule|Species Clause: Limit one of each Pokémon
|rule|Item Clause: Limit 1 of each item
|clearpoke
|poke|p1|Raichu, L50, M|
|poke|p1|Milotic, L50, F|
|poke|p1|Mamoswine, L50, F|
|poke|p1|Sinistcha, L50|
|poke|p1|Gholdengo, L50|
|poke|p1|Talonflame, L50, M|
|poke|p2|Aerodactyl, L50, F|
|poke|p2|Garchomp, L50, F|
|poke|p2|Kingambit, L50, F|
|poke|p2|Charizard, L50, M|
|poke|p2|Sylveon, L50, F|
|poke|p2|Farigiraf, L50, F|
|teampreview|4
|showteam|p1|Raichu||RaichuniteY|LightningRod|ZapCannon,FocusBlast,FakeOut,Protect|Timid||M|||50|]Milotic||Leftovers|Competitive|MuddyWater,Hypnosis,Coil,Recover|Calm||F|||50|]Mamoswine||FocusSash|Oblivious|RockSlide,HighHorsepower,IceShard,Protect|Adamant||F|||50|]Sinistcha||ColburBerry|Hospitality|MatchaGotcha,LifeDew,TrickRoom,RagePowder|Calm|||||50|]Gholdengo||LifeOrb|GoodasGold|NastyPlot,ShadowBall,MakeItRain,Protect|Modest|||||50|]Talonflame||SharpBeak|GaleWings|DualWingbeat,WillOWisp,Tailwind,QuickGuard|Jolly||M|||50|
|showteam|p2|Aerodactyl||Aerodactylite|Unnerve|IceFang,RockSlide,Tailwind,DualWingbeat|Jolly||F|||50|]Garchomp||LifeOrb|RoughSkin|DragonClaw,RockSlide,Earthquake,Protect|Jolly||F|||50|]Kingambit||FocusSash|Defiant|SuckerPunch,KowtowCleave,IronHead,LowKick|Adamant||F|||50|]Charizard||CharizarditeY|SolarPower|Protect,WeatherBall,HeatWave,SolarBeam|Modest||M|||50|]Sylveon||FairyFeather|Pixilate|Protect,HyperVoice,HyperBeam,QuickAttack|Modest||F|||50|]Farigiraf||SitrusBerry|ArmorTail|TrickRoom,Thunderbolt,Roar,Psychic|Bold||F|||50|
|inactive|Battle timer is ON: inactive players will automatically lose when time's up. (requested by Oblivionruler)
|inactive|new mental has 60 seconds left.
|inactive|Oblivionruler has 30 seconds left.
|inactive|Oblivionruler has 20 seconds left.
|
|t:|1784639992
|teamsize|p1|4
|teamsize|p2|4
|start
|switch|p1a: Milotic|Milotic, L50, F|100/100
|switch|p1b: Raichu|Raichu, L50, M|100/100
|switch|p2a: Kingambit|Kingambit, L50, F|100/100
|switch|p2b: Farigiraf|Farigiraf, L50, F|100/100
|turn|1
|
|t:|1784640003
|detailschange|p1b: Raichu|Raichu-Mega-Y, L50, M
|-mega|p1b: Raichu|Raichu|Raichunite Y
|move|p1b: Raichu|Focus Blast|p2a: Kingambit
|-supereffective|p2a: Kingambit|2
|-enditem|p2a: Kingambit|Focus Sash
|-damage|p2a: Kingambit|1/100
|move|p1a: Milotic|Coil|p1a: Milotic
|-boost|p1a: Milotic|atk|1
|-boost|p1a: Milotic|def|1
|-boost|p1a: Milotic|accuracy|1
|move|p2a: Kingambit|Kowtow Cleave|p1b: Raichu
|-damage|p1b: Raichu|21/100
|move|p2b: Farigiraf|Trick Room|p2b: Farigiraf
|-fieldstart|move: Trick Room|[of] p2b: Farigiraf
|
|upkeep
|turn|2
|
|t:|1784640021
|move|p1b: Raichu|Protect|p1b: Raichu
|-singleturn|p1b: Raichu|Protect
|move|p2a: Kingambit|Kowtow Cleave|p1b: Raichu
|-activate|p1b: Raichu|move: Protect
|move|p1a: Milotic|Hypnosis|p2a: Kingambit|[miss]
|-miss|p1a: Milotic|p2a: Kingambit
|move|p2b: Farigiraf|Roar|p1a: Milotic
|drag|p1a: Sinistcha|Sinistcha, L50|100/100
|-heal|p1b: Raichu|46/100|[from] ability: Hospitality|[of] p1a: Sinistcha
|
|upkeep
|turn|3
|
|t:|1784640032
|switch|p1b: Milotic|Milotic, L50, F|100/100
|move|p2b: Farigiraf|Psychic|p1a: Sinistcha
|-damage|p1a: Sinistcha|67/100
|move|p2a: Kingambit|Kowtow Cleave|p1b: Milotic
|-damage|p1b: Milotic|61/100
|move|p1a: Sinistcha|Trick Room|p1a: Sinistcha
|-fieldend|move: Trick Room
|
|-heal|p1b: Milotic|67/100|[from] item: Leftovers
|upkeep
|turn|4
|
|t:|1784640049
|move|p1b: Milotic|Muddy Water|p2b: Farigiraf|[spread] p2a,p2b
|-damage|p2a: Kingambit|0 fnt
|-damage|p2b: Farigiraf|77/100
|faint|p2a: Kingambit
|move|p1a: Sinistcha|Matcha Gotcha|p2b: Farigiraf|[miss]
|-miss|p1a: Sinistcha|p2b: Farigiraf
|move|p2b: Farigiraf|Thunderbolt|p1b: Milotic
|-supereffective|p1b: Milotic|1
|-damage|p1b: Milotic|35/100
|
|-heal|p1b: Milotic|41/100|[from] item: Leftovers
|upkeep
|
|t:|1784640054
|switch|p2a: Sylveon|Sylveon, L50, F|100/100
|turn|5
|
|t:|1784640068
|move|p1b: Milotic|Recover|p1b: Milotic
|-heal|p1b: Milotic|91/100
|move|p2a: Sylveon|Hyper Voice|p1a: Sinistcha|[spread] p1a,p1b
|-damage|p1a: Sinistcha|24/100
|-damage|p1b: Milotic|56/100
|move|p1a: Sinistcha|Life Dew|p1a: Sinistcha|[spread] p1a,p1b
|-heal|p1a: Sinistcha|50/100y
|-heal|p1b: Milotic|82/100
|move|p2b: Farigiraf|Trick Room|p2b: Farigiraf
|-fieldstart|move: Trick Room|[of] p2b: Farigiraf
|
|-heal|p1b: Milotic|88/100|[from] item: Leftovers
|upkeep
|turn|6
|
|t:|1784640091
|move|p1a: Sinistcha|Matcha Gotcha|p2a: Sylveon|[spread] p2b
|-miss|p1a: Sinistcha|p2a: Sylveon
|-damage|p2b: Farigiraf|54/100
|-heal|p1a: Sinistcha|64/100|[from] drain|[of] p2b: Farigiraf
|move|p2a: Sylveon|Hyper Voice|p1a: Sinistcha|[spread] p1a,p1b
|-damage|p1a: Sinistcha|19/100
|-damage|p1b: Milotic|55/100
|move|p1b: Milotic|Hypnosis|p2a: Sylveon
|-status|p2a: Sylveon|slp|[from] move: Hypnosis
|move|p2b: Farigiraf|Roar|p1a: Sinistcha
|drag|p1a: Mamoswine|Mamoswine, L50, F|100/100
|
|-heal|p1b: Milotic|61/100|[from] item: Leftovers
|upkeep
|turn|7
|
|t:|1784640111
|move|p1a: Mamoswine|Protect|p1a: Mamoswine
|-singleturn|p1a: Mamoswine|Protect
|move|p2b: Farigiraf|Psychic|p1a: Mamoswine
|-activate|p1a: Mamoswine|move: Protect
|cant|p2a: Sylveon|slp
|move|p1b: Milotic|Coil|p1b: Milotic
|-boost|p1b: Milotic|atk|1
|-boost|p1b: Milotic|def|1
|-boost|p1b: Milotic|accuracy|1
|
|-heal|p1b: Milotic|67/100|[from] item: Leftovers
|upkeep
|turn|8
|
|t:|1784640126
|switch|p1a: Sinistcha|Sinistcha, L50|19/100
|-heal|p1b: Milotic|92/100|[from] ability: Hospitality|[of] p1a: Sinistcha
|move|p2b: Farigiraf|Psychic|p1a: Sinistcha
|-damage|p1a: Sinistcha|0 fnt
|faint|p1a: Sinistcha
|cant|p2a: Sylveon|slp
|move|p1b: Milotic|Muddy Water|p2a: Sylveon|[spread] p2a,p2b
|-damage|p2a: Sylveon|80/100 slp
|-damage|p2b: Farigiraf|33/100
|-unboost|p2a: Sylveon|accuracy|1
|-enditem|p2b: Farigiraf|Sitrus Berry|[eat]
|-heal|p2b: Farigiraf|58/100|[from] item: Sitrus Berry
|
|-heal|p1b: Milotic|98/100|[from] item: Leftovers
|upkeep
|
|t:|1784640141
|switch|p1a: Mamoswine|Mamoswine, L50, F|100/100
|turn|9
|
|t:|1784640150
|move|p1a: Mamoswine|Protect|p1a: Mamoswine
|-singleturn|p1a: Mamoswine|Protect
|-curestatus|p2a: Sylveon|slp|[msg]
|move|p2a: Sylveon|Hyper Voice|p1a: Mamoswine|[spread] 
|-activate|p1a: Mamoswine|move: Protect
|-miss|p2a: Sylveon|p1b: Milotic
|move|p1b: Milotic|Muddy Water|p2a: Sylveon|[spread] p2a,p2b
|-damage|p2a: Sylveon|63/100
|-damage|p2b: Farigiraf|37/100
|-unboost|p2a: Sylveon|accuracy|1
|move|p2b: Farigiraf|Roar|p1b: Milotic
|drag|p1b: Raichu|Raichu-Mega-Y, L50, M|46/100
|
|-fieldend|move: Trick Room
|upkeep
|turn|10
|inactive|Oblivionruler has 30 seconds left.
|
|t:|1784640176
|move|p1b: Raichu|Zap Cannon|p2b: Farigiraf
|-damage|p2b: Farigiraf|0 fnt
|faint|p2b: Farigiraf
|move|p1a: Mamoswine|Rock Slide|p2a: Sylveon
|-damage|p2a: Sylveon|31/100
|cant|p2a: Sylveon|flinch
|
|upkeep
|c|☆new mental|xd
|inactive|new mental has 30 seconds left.
|
|t:|1784640201
|switch|p2b: Charizard|Charizard, L50, M|100/100
|turn|11
|
|t:|1784640211
|detailschange|p2b: Charizard|Charizard-Mega-Y, L50, M
|-mega|p2b: Charizard|Charizard|Charizardite Y
|-weather|SunnyDay|[from] ability: Drought|[of] p2b: Charizard
|move|p1b: Raichu|Zap Cannon|p2b: Charizard
|-supereffective|p2b: Charizard|1
|-damage|p2b: Charizard|0 fnt
|faint|p2b: Charizard
|move|p1a: Mamoswine|Rock Slide|p2a: Sylveon|[miss]
|-miss|p1a: Mamoswine|p2a: Sylveon
|move|p2a: Sylveon|Hyper Voice|p1a: Mamoswine|[spread] p1b
|-miss|p2a: Sylveon|p1a: Mamoswine
|-damage|p1b: Raichu|0 fnt
|faint|p1b: Raichu
|
|-weather|SunnyDay|[upkeep]
|upkeep
|
|t:|1784640223
|switch|p1b: Milotic|Milotic, L50, F|98/100
|turn|12
|
|t:|1784640228
|move|p1a: Mamoswine|High Horsepower|p2a: Sylveon
|-damage|p2a: Sylveon|0 fnt
|faint|p2a: Sylveon
|
|win|Oblivionruler
|raw|Oblivionruler's rating: 1128 → 1160(+32 for winning)
|raw|new mental's rating: 1235 → 1203(-32 for losing)
