|j|☆Patata303
|j|☆tedidn
|html|Patata303tedidn    
|uhtml|bestof|Game 2 of a best-of-3
|t:|1756694401
|gametype|doubles
|player|p1|Patata303|silver|1209
|player|p2|tedidn|marshal|1297
|gen|9
|tier|[Gen 9] VGC 2025 Reg H (Bo3)
|rated|
|rule|Species Clause: Limit one of each Pokémon
|rule|Item Clause: Limit 1 of each item
|clearpoke
|poke|p1|Indeedee, L50, M|
|poke|p1|Drifblim, L50, M|
|poke|p1|Volcarona, L50, F|
|poke|p1|Kommo-o, L50, M|
|poke|p1|Toxtricity, L50, M|
|poke|p1|Hydreigon, L50, M|
|poke|p2|Dragonite, L50, F|
|poke|p2|Ursaluna, L50, F|
|poke|p2|Gholdengo, L50|
|poke|p2|Porygon2, L50|
|poke|p2|Volcarona, L50, M|
|poke|p2|Grimmsnarl, L50, M|
|teampreview|4
|showteam|p1|Indeedee||FocusSash|PsychicSurge|ExpandingForce,TeraBlast,Imprison,TrickRoom|||M|||50|,,,,,Ground]Drifblim||PsychicSeed|Unburden|Acrobatics,WillOWisp,StrengthSap,Tailwind|||M|||50|,,,,,Grass]Volcarona||LifeOrb|FlameBody|BugBuzz,HeatWave,TeraBlast,Protect|||F|||50|,,,,,Fairy]Kommo-o||Leftovers|Soundproof|BodyPress,Flamethrower,IronDefense,Protect|||M|||50|,,,,,Fire]Toxtricity||ChoiceSpecs|PunkRock|Overdrive,SludgeBomb,Boomburst,VoltSwitch|||M|||50|,,,,,Normal]Hydreigon||AssaultVest|Levitate|DarkPulse,DracoMeteor,EarthPower,Snarl|||M|||50|,,,,,Ghost
|showteam|p2|Dragonite||LoadedDice|InnerFocus|ScaleShot,Tailwind,Haze,Protect|||F|||50|,,,,,Fairy]Ursaluna||FlameOrb|Guts|HeadlongRush,Earthquake,Facade,Protect|||F|||50|,,,,,Grass]Gholdengo||LifeOrb|GoodasGold|MakeItRain,ShadowBall,NastyPlot,Protect||||||50|,,,,,Dragon]Porygon2||Eviolite|Download|TeraBlast,Recover,IceBeam,TrickRoom||||||50|,,,,,Fighting]Volcarona||SafetyGoggles|FlameBody|Overheat,Tailwind,StruggleBug,RagePowder|||M|||50|,,,,,Fairy]Grimmsnarl||LightClay|Prankster|FoulPlay,ThunderWave,Reflect,LightScreen|||M|||50|,,,,,Ghost
|inactive|Battle timer is ON: inactive players will automatically lose when time's up. (requested by tedidn)
|inactive|Patata303 has 60 seconds left.
|inactive|Patata303 has 30 seconds left.
|
|t:|1756694463
|teamsize|p1|4
|teamsize|p2|4
|start
|switch|p1a: Volcarona|Volcarona, L50, F|100/100
|switch|p1b: Hydreigon|Hydreigon, L50, M|100/100
|switch|p2a: Douglass|Dragonite, L50, F|100/100
|switch|p2b: Mr.Bigbucks|Gholdengo, L50|100/100
|turn|1
|
|t:|1756694476
|-terastallize|p1b: Hydreigon|Ghost
|-terastallize|p2b: Mr.Bigbucks|Dragon
|move|p1a: Volcarona|Heat Wave|p2a: Douglass|[spread] p2a,p2b
|-resisted|p2a: Douglass
|-resisted|p2b: Mr.Bigbucks
|-damage|p2a: Douglass|75/100
|-damage|p2b: Mr.Bigbucks|75/100
|-damage|p1a: Volcarona|91/100|[from] item: Life Orb
|move|p1b: Hydreigon|Draco Meteor|p2a: Douglass
|-supereffective|p2a: Douglass
|-damage|p2a: Douglass|0 fnt
|-unboost|p1b: Hydreigon|spa|2
|faint|p2a: Douglass
|move|p2b: Mr.Bigbucks|Nasty Plot|p2b: Mr.Bigbucks
|-boost|p2b: Mr.Bigbucks|spa|2
|
|upkeep
|
|t:|1756694490
|switch|p2a: Daquavion|Porygon2, L50|100/100
|-ability|p2a: Daquavion|Download|boost
|-boost|p2a: Daquavion|atk|1
|turn|2
|
|t:|1756694501
|move|p2b: Mr.Bigbucks|Protect|p2b: Mr.Bigbucks
|-singleturn|p2b: Mr.Bigbucks|Protect
|move|p1a: Volcarona|Bug Buzz|p2b: Mr.Bigbucks
|-activate|p2b: Mr.Bigbucks|move: Protect
|move|p1b: Hydreigon|Snarl|p2b: Mr.Bigbucks|[spread] p2a
|-activate|p2b: Mr.Bigbucks|move: Protect
|-damage|p2a: Daquavion|94/100
|-unboost|p2a: Daquavion|spa|1
|move|p2a: Daquavion|Trick Room|p2a: Daquavion
|-fieldstart|move: Trick Room|[of] p2a: Daquavion
|
|upkeep
|turn|3
|
|t:|1756694511
|move|p1a: Volcarona|Protect|p1a: Volcarona
|-singleturn|p1a: Volcarona|Protect
|move|p2a: Daquavion|Tera Blast|p1a: Volcarona
|-activate|p1a: Volcarona|move: Protect
|move|p2b: Mr.Bigbucks|Make It Rain|p1b: Hydreigon|[spread] p1b
|-activate|p1a: Volcarona|move: Protect
|-damage|p1b: Hydreigon|15/100
|-unboost|p2b: Mr.Bigbucks|spa|1
|-damage|p2b: Mr.Bigbucks|65/100|[from] item: Life Orb
|move|p1b: Hydreigon|Snarl|p2b: Mr.Bigbucks|[spread] p2a,p2b
|-damage|p2a: Daquavion|87/100
|-damage|p2b: Mr.Bigbucks|54/100
|-unboost|p2a: Daquavion|spa|1
|-unboost|p2b: Mr.Bigbucks|spa|1
|
|upkeep
|turn|4
|
|t:|1756694529
|move|p2a: Daquavion|Ice Beam|p1b: Hydreigon
|-damage|p1b: Hydreigon|5/100
|-status|p1b: Hydreigon|frz
|move|p2b: Mr.Bigbucks|Nasty Plot|p2b: Mr.Bigbucks
|-boost|p2b: Mr.Bigbucks|spa|2
|cant|p1b: Hydreigon|frz
|move|p1a: Volcarona|Bug Buzz|p2b: Mr.Bigbucks
|-damage|p2b: Mr.Bigbucks|0 fnt
|faint|p2b: Mr.Bigbucks
|-damage|p1a: Volcarona|81/100|[from] item: Life Orb
|
|upkeep
|
|t:|1756694538
|switch|p2b: Freddy|Ursaluna, L50, F|100/100
|turn|5
|
|t:|1756694548
|move|p2b: Freddy|Facade|p1a: Volcarona
|-damage|p1a: Volcarona|17/100
|move|p2a: Daquavion|Ice Beam|p1b: Hydreigon
|-damage|p1b: Hydreigon|0 fnt
|faint|p1b: Hydreigon
|move|p1a: Volcarona|Heat Wave|p2a: Daquavion|[spread] p2a,p2b
|-damage|p2a: Daquavion|58/100
|-damage|p2b: Freddy|53/100
|-damage|p1a: Volcarona|7/100|[from] item: Life Orb
|
|-status|p2b: Freddy|brn|[from] item: Flame Orb
|upkeep
|
|t:|1756694559
|switch|p1b: Kommo-o|Kommo-o, L50, M|100/100
|turn|6
|
|t:|1756694565
|move|p1b: Kommo-o|Protect|p1b: Kommo-o
|-singleturn|p1b: Kommo-o|Protect
|move|p2b: Freddy|Facade|p1b: Kommo-o
|-activate|p1b: Kommo-o|move: Protect
|move|p2a: Daquavion|Recover|p2a: Daquavion
|-heal|p2a: Daquavion|100/100
|move|p1a: Volcarona|Heat Wave|p2a: Daquavion|[spread] p2a,p2b
|-damage|p2a: Daquavion|72/100
|-damage|p2b: Freddy|3/100 brn
|-damage|p1a: Volcarona|0 fnt|[from] item: Life Orb
|faint|p1a: Volcarona
|
|-damage|p2b: Freddy|0 fnt|[from] brn
|faint|p2b: Freddy
|-fieldend|move: Trick Room
|upkeep
|
|t:|1756694573
|switch|p1a: Indeedee|Indeedee, L50, M|100/100
|-fieldstart|move: Psychic Terrain|[from] ability: Psychic Surge|[of] p1a: Indeedee
|turn|7
|
|t:|1756694577
|move|p1a: Indeedee|Expanding Force|p2a: Daquavion
|-damage|p2a: Daquavion|27/100
|move|p1b: Kommo-o|Body Press|p2a: Daquavion
|-supereffective|p2a: Daquavion
|-damage|p2a: Daquavion|0 fnt
|faint|p2a: Daquavion
|
|win|Patata303
