|j|☆GGGoper
|j|‽LovelyDovelyMoment
|html|GGGoperLovelyDovelyMoment    
|uhtml|bestof|Game 1 of a best-of-3
|t:|1786014108
|gametype|doubles
|player|p1|GGGoper|preschoolerf|
|player|p2|LovelyDovelyMoment|iris-gen5bw2|
|gen|9
|tier|[Gen 9 Champions] VGC 2026 Reg M-B (Bo3)
|rule|Species Clause: Limit one of each Pokémon
|rule|Item Clause: Limit 1 of each item
|clearpoke
|poke|p1|Sableye, L50, M, shiny|
|poke|p1|Hippowdon, L50, F|
|poke|p1|Kleavor, L50, F|
|poke|p1|Steelix, L50, M|
|poke|p1|Heliolisk, L50, M|
|poke|p1|Runerigus, L50, F|
|poke|p2|Tinkaton, L50, F|
|poke|p2|Runerigus, L50, M|
|poke|p2|Sableye, L50, M|
|poke|p2|Hippowdon, L50, F|
|poke|p2|Steelix, L50, M|
|poke|p2|Abomasnow, L50, M|
|teampreview|4
|showteam|p1|Sableye||SitrusBerry|Prankster|Encore,PainSplit,FakeOut,WillOWisp|Sassy||M|||50|]Hippowdon||Leftovers|SandStream|SlackOff,Yawn,HighHorsepower,FireFang|Brave||F|||50|]Kleavor||ChoiceScarf|Sharpness|StoneAxe,CloseCombat,NightSlash,XScissor|Adamant||F|||50|]Steelix||Steelixite|RockHead|HeadSmash,DoubleEdge,BodyPress,Protect|Brave||M|||50|]Heliolisk||BrightPowder|SandVeil|Thunderbolt,WeatherBall,HyperVoice,Protect|Timid||M|||50|]Runerigus||MentalHerb|WanderingSpirit|TrickRoom,Protect,Imprison,Poltergeist|Sassy||F|||50|
|showteam|p2|Tinkaton||SitrusBerry|Pickpocket|FakeOut,GigatonHammer,PlayRough,Protect|Adamant||F|||50|]Runerigus||Leftovers|WanderingSpirit|Imprison,TrickRoom,Protect,Earthquake|Relaxed||M|||50|]Sableye||FocusSash|Prankster|Encore,FakeOut,Quash,Detect|Relaxed||M|||50|]Hippowdon||SmoothRock|SandStream|Protect,Earthquake,SlackOff,Whirlwind|Brave||F|||50|]Steelix||Steelixite|SheerForce|Earthquake,PsychicFangs,HeavySlam,Protect|Brave||M|||50|]Abomasnow||Abomasite|SnowWarning|EnergyBall,Blizzard,AuroraVeil,Protect|Quiet||M|||50|
|
|t:|1786014149
|teamsize|p1|4
|teamsize|p2|4
|start
|switch|p1a: Hippowdon|Hippowdon, L50, F|100/100
|switch|p1b: Heliolisk|Heliolisk, L50, M|100/100
|switch|p2a: Tinkaton|Tinkaton, L50, F|100/100
|switch|p2b: Runerigus|Runerigus, L50, M|100/100
|-weather|Sandstorm|[from] ability: Sand Stream|[of] p1a: Hippowdon
|turn|1
|
|t:|1786014191
|move|p1b: Heliolisk|Protect|p1b: Heliolisk
|-singleturn|p1b: Heliolisk|Protect
|move|p2a: Tinkaton|Fake Out|p1a: Hippowdon
|-damage|p1a: Hippowdon|92/100
|cant|p1a: Hippowdon|flinch
|move|p2b: Runerigus|Trick Room|p2b: Runerigus
|-fieldstart|move: Trick Room|[of] p2b: Runerigus
|
|-weather|Sandstorm|[upkeep]
|-heal|p1a: Hippowdon|98/100|[from] item: Leftovers
|upkeep
|turn|2
|
|t:|1786014203
|switch|p1b: Steelix|Steelix, L50, M|100/100
|move|p2a: Tinkaton|Protect|p2a: Tinkaton
|-singleturn|p2a: Tinkaton|Protect
|move|p2b: Runerigus|Earthquake|p1b: Steelix|[spread] p1a,p1b
|-activate|p2a: Tinkaton|move: Protect
|-supereffective|p1b: Steelix|1
|-damage|p1a: Hippowdon|79/100
|-damage|p1b: Steelix|70/100
|move|p1a: Hippowdon|High Horsepower|p2a: Tinkaton
|-activate|p2a: Tinkaton|move: Protect
|
|-weather|Sandstorm|[upkeep]
|-heal|p1a: Hippowdon|85/100|[from] item: Leftovers
|upkeep
|turn|3
|
|t:|1786014238
|switch|p2a: Sableye|Sableye, L50, M|100/100
|detailschange|p1b: Steelix|Steelix-Mega, L50, M
|-mega|p1b: Steelix|Steelix|Steelixite
|move|p2b: Runerigus|Earthquake|p1a: Hippowdon|[spread] p2a,p1a,p1b
|-crit|p2a: Sableye
|-supereffective|p1b: Steelix|1
|-damage|p2a: Sableye|61/100
|-damage|p1a: Hippowdon|67/100
|-damage|p1b: Steelix|46/100
|move|p1b: Steelix|Head Smash|p2b: Runerigus|[miss]
|-miss|p1b: Steelix|p2b: Runerigus
|move|p1a: Hippowdon|High Horsepower|p2a: Sableye
|-damage|p2a: Sableye|14/100
|
|-weather|Sandstorm|[upkeep]
|-damage|p2a: Sableye|8/100|[from] Sandstorm
|-heal|p1a: Hippowdon|73/100|[from] item: Leftovers
|upkeep
|turn|4
|
|t:|1786014273
|move|p2a: Sableye|Fake Out|p1b: Steelix
|-resisted|p1b: Steelix|1
|-damage|p1b: Steelix|44/100
|cant|p1b: Steelix|flinch
|move|p2b: Runerigus|Earthquake|p1b: Steelix|[spread] p2a,p1a,p1b
|-supereffective|p1b: Steelix|1
|-damage|p2a: Sableye|0 fnt
|-damage|p1a: Hippowdon|55/100
|-damage|p1b: Steelix|18/100
|faint|p2a: Sableye
|move|p1a: Hippowdon|Yawn|p2b: Runerigus
|-start|p2b: Runerigus|move: Yawn|[of] p1a: Hippowdon
|
|-weather|Sandstorm|[upkeep]
|-heal|p1a: Hippowdon|61/100|[from] item: Leftovers
|upkeep
|
|t:|1786014296
|switch|p2a: Abomasnow|Abomasnow, L50, M|100/100
|-weather|Snowscape|[from] ability: Snow Warning|[of] p2a: Abomasnow
|turn|5
|
|t:|1786014316
|detailschange|p2a: Abomasnow|Abomasnow-Mega, L50, M
|-mega|p2a: Abomasnow|Abomasnow|Abomasite
|move|p2a: Abomasnow|Blizzard|p1b: Steelix|[spread] p1a,p1b
|-supereffective|p1a: Hippowdon|1
|-damage|p1a: Hippowdon|0 fnt
|-damage|p1b: Steelix|0 fnt
|faint|p1a: Hippowdon
|faint|p1b: Steelix
|move|p2b: Runerigus|Imprison|p2b: Runerigus
|-start|p2b: Runerigus|move: Imprison
|
|-weather|Snowscape|[upkeep]
|-end|p2b: Runerigus|move: Yawn|[silent]
|-status|p2b: Runerigus|slp
|-fieldend|move: Trick Room
|upkeep
|
|t:|1786014321
|switch|p1a: Kleavor|Kleavor, L50, F|100/100
|switch|p1b: Heliolisk|Heliolisk, L50, M|100/100
|turn|6
|
|t:|1786014389
|move|p2a: Abomasnow|Protect|p2a: Abomasnow
|-singleturn|p2a: Abomasnow|Protect
|move|p1a: Kleavor|X-Scissor|p2a: Abomasnow
|-activate|p2a: Abomasnow|move: Protect
|move|p1b: Heliolisk|Weather Ball|p2b: Runerigus
|-supereffective|p2b: Runerigus|1
|-damage|p2b: Runerigus|32/100 slp
|cant|p2b: Runerigus|slp
|
|-weather|Snowscape|[upkeep]
|-heal|p2b: Runerigus|38/100 slp|[from] item: Leftovers
|upkeep
|turn|7
|
|t:|1786014408
|-curestatus|p2b: Runerigus|slp|[msg]
|move|p2b: Runerigus|Protect|p2b: Runerigus
|-singleturn|p2b: Runerigus|Protect
|move|p1a: Kleavor|X-Scissor|p2a: Abomasnow
|-supereffective|p2a: Abomasnow|1
|-damage|p2a: Abomasnow|14/100
|move|p1b: Heliolisk|Weather Ball|p2b: Runerigus
|-activate|p2b: Runerigus|move: Protect
|move|p2a: Abomasnow|Blizzard|p1a: Kleavor|[spread] p1a,p1b
|-damage|p1a: Kleavor|24/100
|-damage|p1b: Heliolisk|38/100
|-status|p1b: Heliolisk|frz
|
|-weather|Snowscape|[upkeep]
|-heal|p2b: Runerigus|44/100|[from] item: Leftovers
|upkeep
|turn|8
|
|t:|1786014419
|move|p1a: Kleavor|X-Scissor|p2a: Abomasnow
|-supereffective|p2a: Abomasnow|1
|-damage|p2a: Abomasnow|0 fnt
|faint|p2a: Abomasnow
|cant|p1b: Heliolisk|frz
|move|p2b: Runerigus|Earthquake|p1b: Heliolisk|[spread] p1a,p1b
|-supereffective|p1b: Heliolisk|1
|-damage|p1a: Kleavor|0 fnt
|-damage|p1b: Heliolisk|0 fnt
|faint|p1a: Kleavor
|faint|p1b: Heliolisk
|
|win|LovelyDovelyMoment
||LovelyDovelyMoment is ready for game 2.
||GGGoper is ready for game 2.
|uhtml|next|Next: Game 2 of 3
