|j|☆Ameliaaa12
|j|☆itbeasher
|html|Ameliaaa12itbeasher    
|uhtml|bestof|Game 2 of a best-of-3
|t:|1757098402
|gametype|doubles
|player|p1|Ameliaaa12|2|1105
|player|p2|itbeasher|1|1157
|gen|9
|tier|[Gen 9] VGC 2025 Reg H (Bo3)
|rated|
|rule|Species Clause: Limit one of each Pokémon
|rule|Item Clause: Limit 1 of each item
|clearpoke
|poke|p1|Frosmoth, L50, F|
|poke|p1|Volcarona, L50, M|
|poke|p1|Ninetales-Alola, L50, M|
|poke|p1|Garchomp, L50, F|
|poke|p1|Incineroar, L50, M|
|poke|p1|Rillaboom, L50, F|
|poke|p2|Excadrill, L50, M|
|poke|p2|Tyranitar, L50, M|
|poke|p2|Sneasler, L50, M|
|poke|p2|Indeedee, L50, M|
|poke|p2|Corviknight, L50, F|
|poke|p2|Annihilape, L50, F|
|teampreview|4
|showteam|p1|Frosmoth||Leftovers|IceScales|Blizzard,TeraBlast,QuiverDance,Protect|||F|||50|,,,,,Water]Volcarona||RockyHelmet|FlameBody|HeatWave,Protect,RagePowder,StruggleBug|||M|||50|,,,,,Steel]Ninetales-Alola||LightClay|SnowWarning|Blizzard,Moonblast,AuroraVeil,Encore|||M|||50|,,,,,Ghost]Garchomp||ClearAmulet|RoughSkin|StompingTantrum,Protect,RockSlide,BreakingSwipe|||F|||50|,,,,,Fire]Incineroar||SafetyGoggles|Intimidate|Taunt,KnockOff,FakeOut,PartingShot|||M|||50|,,,,,Ghost]Rillaboom||AssaultVest|GrassySurge|FakeOut,WoodHammer,GrassyGlide,Uturn|||F|||50|,,,,,Fire
|showteam|p2|Excadrill||FocusSash|SandRush|IronHead,HighHorsepower,Earthquake,Protect|||M|||50|,,,,,Stellar]Tyranitar||AssaultVest|SandStream|RockSlide,KnockOff,TeraBlast,LowKick|||M|||50|,,,,,Flying]Sneasler||PsychicSeed|Unburden|DireClaw,CloseCombat,ThroatChop,Protect|||M|||50|,,,,,Dark]Indeedee||ChoiceScarf|PsychicSurge|ExpandingForce,TeraBlast,Protect,Trick|||M|||50|,,,,,Psychic]Corviknight||Leftovers|MirrorArmor|BraveBird,BulkUp,Roost,Tailwind|||F|||50|,,,,,Dragon]Annihilape||SafetyGoggles|Defiant|CloseCombat,FinalGambit,RageFist,Taunt|||F|||50|,,,,,Water
|
|t:|1757098420
|teamsize|p1|4
|teamsize|p2|4
|start
|switch|p1a: Volcarona|Volcarona, L50, M|100/100
|switch|p1b: Garchomp|Garchomp, L50, F|100/100
|switch|p2a: Corviknight|Corviknight, L50, F|100/100
|switch|p2b: Annihilape|Annihilape, L50, F|100/100
|turn|1
|
|t:|1757098452
|-terastallize|p2b: Annihilape|Water
|move|p1b: Garchomp|Protect|p1b: Garchomp
|-singleturn|p1b: Garchomp|Protect
|move|p2b: Annihilape|Taunt|p1a: Volcarona
|-start|p1a: Volcarona|move: Taunt
|move|p1a: Volcarona|Heat Wave|p2a: Corviknight|[spread] p2a,p2b
|-supereffective|p2a: Corviknight
|-resisted|p2b: Annihilape
|-crit|p2b: Annihilape
|-damage|p2a: Corviknight|57/100
|-damage|p2b: Annihilape|76/100
|move|p2a: Corviknight|Tailwind|p2a: Corviknight
|-sidestart|p2: itbeasher|move: Tailwind
|
|-heal|p2a: Corviknight|62/100|[from] item: Leftovers
|upkeep
|turn|2
|
|t:|1757098488
|move|p2b: Annihilape|Rage Fist|p1b: Garchomp
|-damage|p1b: Garchomp|51/100
|-damage|p2b: Annihilape|64/100|[from] ability: Rough Skin|[of] p1b: Garchomp
|move|p2a: Corviknight|Brave Bird|p1a: Volcarona
|-supereffective|p1a: Volcarona
|-damage|p1a: Volcarona|32/100
|-damage|p2a: Corviknight|46/100|[from] item: Rocky Helmet|[of] p1a: Volcarona
|-status|p2a: Corviknight|brn|[from] ability: Flame Body|[of] p1a: Volcarona
|-damage|p2a: Corviknight|24/100 brn|[from] Recoil
|move|p1b: Garchomp|Stomping Tantrum|p2b: Annihilape
|-damage|p2b: Annihilape|20/100
|move|p1a: Volcarona|Heat Wave|p2a: Corviknight|[spread] p2a,p2b
|-supereffective|p2a: Corviknight
|-crit|p2a: Corviknight
|-resisted|p2b: Annihilape
|-damage|p2a: Corviknight|0 fnt
|-damage|p2b: Annihilape|3/100
|-status|p2b: Annihilape|brn
|faint|p2a: Corviknight
|
|-damage|p2b: Annihilape|0 fnt|[from] brn
|faint|p2b: Annihilape
|upkeep
|
|t:|1757098507
|switch|p2b: Excadrill|Excadrill, L50, M, shiny|100/100
|switch|p2a: Tyranitar|Tyranitar, L50, M, shiny|100/100
|-weather|Sandstorm|[from] ability: Sand Stream|[of] p2a: Tyranitar
|turn|3
|
|t:|1757098516
|switch|p1a: Incineroar|Incineroar, L50, M, shiny|100/100
|-ability|p1a: Incineroar|Intimidate|boost
|-unboost|p2a: Tyranitar|atk|1
|-unboost|p2b: Excadrill|atk|1
|move|p2b: Excadrill|High Horsepower|p1b: Garchomp
|-damage|p1b: Garchomp|15/100
|-damage|p2b: Excadrill|88/100|[from] ability: Rough Skin|[of] p1b: Garchomp
|move|p1b: Garchomp|Breaking Swipe|p2b: Excadrill|[spread] p2a,p2b
|-resisted|p2b: Excadrill
|-damage|p2a: Tyranitar|82/100
|-damage|p2b: Excadrill|70/100
|-unboost|p2a: Tyranitar|atk|1
|-unboost|p2b: Excadrill|atk|1
|move|p2a: Tyranitar|Rock Slide|p1b: Garchomp|[spread] p1a,p1b
|-supereffective|p1a: Incineroar
|-resisted|p1b: Garchomp
|-damage|p1a: Incineroar|70/100
|-damage|p1b: Garchomp|7/100
|
|-weather|Sandstorm|[upkeep]
|upkeep
|turn|4
|
|t:|1757098539
|switch|p1a: Rillaboom|Rillaboom, L50, F|100/100
|-fieldstart|move: Grassy Terrain|[from] ability: Grassy Surge|[of] p1a: Rillaboom
|move|p1b: Garchomp|Protect|p1b: Garchomp
|-singleturn|p1b: Garchomp|Protect
|move|p2b: Excadrill|High Horsepower|p1b: Garchomp
|-activate|p1b: Garchomp|move: Protect
|move|p2a: Tyranitar|Rock Slide|p1a: Rillaboom|[spread] p1a
|-activate|p1b: Garchomp|move: Protect
|-damage|p1a: Rillaboom|86/100
|
|-weather|Sandstorm|[upkeep]
|-damage|p1a: Rillaboom|80/100|[from] Sandstorm
|-heal|p2b: Excadrill|76/100|[from] Grassy Terrain
|-heal|p1b: Garchomp|13/100|[from] Grassy Terrain
|-heal|p2a: Tyranitar|87/100|[from] Grassy Terrain
|-heal|p1a: Rillaboom|86/100|[from] Grassy Terrain
|-sideend|p2: itbeasher|move: Tailwind
|upkeep
|turn|5
|
|t:|1757098550
|move|p1a: Rillaboom|Fake Out|p2b: Excadrill
|-resisted|p2b: Excadrill
|-damage|p2b: Excadrill|66/100
|cant|p2b: Excadrill|flinch
|move|p1b: Garchomp|Breaking Swipe|p2a: Tyranitar|[spread] p2a,p2b
|-resisted|p2b: Excadrill
|-damage|p2a: Tyranitar|69/100
|-damage|p2b: Excadrill|50/100
|-unboost|p2a: Tyranitar|atk|1
|-unboost|p2b: Excadrill|atk|1
|move|p2a: Tyranitar|Rock Slide|p1a: Rillaboom|[spread] p1a,p1b
|-resisted|p1b: Garchomp
|-damage|p1a: Rillaboom|72/100
|-damage|p1b: Garchomp|6/100
|
|-weather|Sandstorm|[upkeep]
|-damage|p1a: Rillaboom|67/100|[from] Sandstorm
|-heal|p2b: Excadrill|56/100|[from] Grassy Terrain
|-heal|p1b: Garchomp|12/100|[from] Grassy Terrain
|-heal|p1a: Rillaboom|72/100|[from] Grassy Terrain
|-heal|p2a: Tyranitar|74/100|[from] Grassy Terrain
|upkeep
|turn|6
|
|t:|1757098579
|move|p1b: Garchomp|Protect|p1b: Garchomp
|-singleturn|p1b: Garchomp|Protect
|move|p2b: Excadrill|High Horsepower|p1a: Rillaboom
|-resisted|p1a: Rillaboom
|-damage|p1a: Rillaboom|62/100
|move|p1a: Rillaboom|Wood Hammer|p2a: Tyranitar
|-supereffective|p2a: Tyranitar
|-damage|p2a: Tyranitar|0 fnt
|faint|p2a: Tyranitar
|-damage|p1a: Rillaboom|38/100|[from] Recoil
|
|-weather|Sandstorm|[upkeep]
|-damage|p1a: Rillaboom|32/100|[from] Sandstorm
|-heal|p2b: Excadrill|62/100|[from] Grassy Terrain
|-heal|p1b: Garchomp|18/100|[from] Grassy Terrain
|-heal|p1a: Rillaboom|38/100|[from] Grassy Terrain
|upkeep
|turn|7
|-message|itbeasher forfeited.
|raw|Ameliaaa12's rating: 1105 → 1134(+29 for winning)
|raw|itbeasher's rating: 1157 → 1128(-29 for losing)
|
|win|Ameliaaa12
|l|☆itbeasher
|player|p2|
