|j|☆eternatusgaming
|j|☆tryson69
|html|eternatusgamingtryson69    
|uhtml|bestof|Game 1 of a best-of-3
|t:|1783003130
|gametype|doubles
|player|p1|eternatusgaming|iono|1311
|player|p2|tryson69|crasherwake|1258
|gen|9
|tier|[Gen 9 Champions] VGC 2026 Reg M-B (Bo3)
|rated|
|rule|Species Clause: Limit one of each Pokémon
|rule|Item Clause: Limit 1 of each item
|clearpoke
|poke|p1|Pyroar, L50, M|
|poke|p1|Mamoswine, L50, M|
|poke|p1|Whimsicott, L50, F|
|poke|p1|Torkoal, L50, M, shiny|
|poke|p1|Floette-Eternal, L50, F|
|poke|p1|Basculegion, L50, M|
|poke|p2|Tyranitar, L50, F|
|poke|p2|Sinistcha, L50|
|poke|p2|Sneasler, L50, M|
|poke|p2|Garchomp, L50, F|
|poke|p2|Corviknight, L50, F|
|poke|p2|Gholdengo, L50|
|teampreview|4
|showteam|p1|Pyroar||Pyroarite|Unnerve|HeatWave,Overheat,WillOWisp,Protect|Modest||M|||50|]Mamoswine||FocusSash|Oblivious|IcicleCrash,IceShard,HighHorsepower,Protect|Adamant||M|||50|]Whimsicott||FairyFeather|Prankster|Moonblast,SunnyDay,Tailwind,Protect|Timid||F|||50|]Torkoal||SitrusBerry|Drought|Overheat,Yawn,HelpingHand,Protect|Serious||M|||50|]Floette-Eternal||Floettite|FlowerVeil|Moonblast,DazzlingGleam,LightofRuin,Protect|Modest||F|||50|]Basculegion||LifeOrb|Adaptability|WaveCrash,AquaJet,LastRespects,Protect|Jolly||M|||50|
|showteam|p2|Tyranitar||Tyranitarite|SandStream|KnockOff,RockSlide,Protect,DragonDance|Adamant||F|||50|]Sinistcha||SitrusBerry|Hospitality|TrickRoom,MatchaGotcha,RagePowder,Protect|Bold|||||50|]Sneasler||WhiteHerb|Unburden|CloseCombat,DireClaw,FakeOut,Protect|Jolly||M|||50|]Garchomp||LifeOrb|RoughSkin|Earthquake,RockSlide,Protect,DragonClaw|Adamant||F|||50|]Corviknight||Leftovers|MirrorArmor|Tailwind,BulkUp,Protect,BraveBird|Careful||F|||50|]Gholdengo||SpellTag|GoodasGold|MakeItRain,NastyPlot,ShadowBall,Protect|Modest|||||50|
|
|t:|1783003193
|teamsize|p1|4
|teamsize|p2|4
|start
|switch|p1a: Basculegion|Basculegion, L50, M|100/100
|switch|p1b: Pyroar|Pyroar, L50, M|100/100
|switch|p2a: Tyranitar|Tyranitar, L50, F|100/100
|switch|p2b: Sneasler|Sneasler, L50, M|100/100
|-ability|p1b: Pyroar|Unnerve
|-weather|Sandstorm|[from] ability: Sand Stream|[of] p2a: Tyranitar
|turn|1
|
|t:|1783003221
|move|p1b: Pyroar|Protect|p1b: Pyroar
|-singleturn|p1b: Pyroar|Protect
|move|p2b: Sneasler|Close Combat|p1b: Pyroar
|-activate|p1b: Pyroar|move: Protect
|move|p1a: Basculegion|Wave Crash|p2a: Tyranitar
|-supereffective|p2a: Tyranitar|1
|-damage|p2a: Tyranitar|0 fnt
|faint|p2a: Tyranitar
|-damage|p1a: Basculegion|65/100|[from] Recoil
|-damage|p1a: Basculegion|55/100|[from] item: Life Orb
|
|-weather|Sandstorm|[upkeep]
|-damage|p2b: Sneasler|94/100|[from] Sandstorm
|-damage|p1b: Pyroar|93/100|[from] Sandstorm
|-damage|p1a: Basculegion|49/100|[from] Sandstorm
|upkeep
|
|t:|1783003226
|switch|p2a: Sinistcha|Sinistcha, L50|100/100
|-heal|p2b: Sneasler|100/100|[from] ability: Hospitality|[of] p2a: Sinistcha
|turn|2
|
|t:|1783003250
|detailschange|p1b: Pyroar|Pyroar-Mega, L50, M
|-mega|p1b: Pyroar|Pyroar|Pyroarite
|move|p2b: Sneasler|Close Combat|p1b: Pyroar
|-supereffective|p1b: Pyroar|1
|-damage|p1b: Pyroar|0 fnt
|-unboost|p2b: Sneasler|def|1
|-unboost|p2b: Sneasler|spd|1
|faint|p1b: Pyroar
|-enditem|p2b: Sneasler|White Herb
|-clearnegativeboost|p2b: Sneasler|[silent]
|move|p1a: Basculegion|Last Respects|p2b: Sneasler
|-damage|p2b: Sneasler|0 fnt
|faint|p2b: Sneasler
|-damage|p1a: Basculegion|40/100|[from] item: Life Orb
|move|p2a: Sinistcha|Matcha Gotcha|p1a: Basculegion|[miss]
|-miss|p2a: Sinistcha|p1a: Basculegion
|
|-weather|Sandstorm|[upkeep]
|-damage|p1a: Basculegion|34/100|[from] Sandstorm
|-damage|p2a: Sinistcha|93/100|[from] Sandstorm
|upkeep
|c|☆tryson69|bruh
|
|t:|1783003270
|switch|p2b: Garchomp|Garchomp, L50, F|100/100
|switch|p1b: Torkoal|Torkoal, L50, M, shiny|100/100
|-weather|SunnyDay|[from] ability: Drought|[of] p1b: Torkoal
|turn|3
|
|t:|1783003285
|move|p1a: Basculegion|Protect|p1a: Basculegion
|-singleturn|p1a: Basculegion|Protect
|move|p2a: Sinistcha|Protect|p2a: Sinistcha
|-singleturn|p2a: Sinistcha|Protect
|move|p2b: Garchomp|Earthquake|p1a: Basculegion|[spread] p1b
|-activate|p2a: Sinistcha|move: Protect
|-activate|p1a: Basculegion|move: Protect
|-supereffective|p1b: Torkoal|1
|-damage|p1b: Torkoal|24/100
|-enditem|p1b: Torkoal|Sitrus Berry|[eat]
|-heal|p1b: Torkoal|49/100|[from] item: Sitrus Berry
|-damage|p2b: Garchomp|90/100|[from] item: Life Orb
|move|p1b: Torkoal|Yawn|p2b: Garchomp
|-start|p2b: Garchomp|move: Yawn|[of] p1b: Torkoal
|
|-weather|SunnyDay|[upkeep]
|upkeep
|turn|4
|
|t:|1783003297
|move|p1a: Basculegion|Last Respects|p2a: Sinistcha
|-supereffective|p2a: Sinistcha|1
|-damage|p2a: Sinistcha|0 fnt
|faint|p2a: Sinistcha
|-damage|p1a: Basculegion|24/100|[from] item: Life Orb
|move|p2b: Garchomp|Earthquake|p1a: Basculegion|[spread] p1a,p1b
|-supereffective|p1b: Torkoal|1
|-damage|p1a: Basculegion|0 fnt
|-damage|p1b: Torkoal|0 fnt
|faint|p1a: Basculegion
|faint|p1b: Torkoal
|-damage|p2b: Garchomp|80/100|[from] item: Life Orb
|
|-weather|SunnyDay|[upkeep]
|-end|p2b: Garchomp|move: Yawn|[silent]
|-status|p2b: Garchomp|slp
|upkeep
|
|t:|1783003304
|switch|p1b: Mamoswine|Mamoswine, L50, M|100/100
|turn|5
|-message|tryson69 forfeited.
|
|win|eternatusgaming
||eternatusgaming is ready for game 2.
||tryson69 is ready for game 2.
|uhtml|next|Next: Game 2 of 3
