|j|☆kodehue
|j|☆chocokoala vgc
|html|kodehuechocokoala vgc    
|uhtml|bestof|Game 1 of a best-of-3
|t:|1784478399
|gametype|doubles
|player|p1|kodehue|170|1117
|player|p2|chocokoala vgc|benga|1288
|gen|9
|tier|[Gen 9 Champions] VGC 2026 Reg M-B (Bo3)
|rated|
|rule|Species Clause: Limit one of each Pokémon
|rule|Item Clause: Limit 1 of each item
|clearpoke
|poke|p1|Vivillon, L50, F|
|poke|p1|Lopunny, L50, F|
|poke|p1|Malamar, L50, M|
|poke|p1|Aerodactyl, L50, F|
|poke|p1|Volcarona, L50, M|
|poke|p1|Basculegion-F, L50, F|
|poke|p2|Scovillain, L50, M|
|poke|p2|Primarina, L50, F|
|poke|p2|Aerodactyl, L50, M|
|poke|p2|Garchomp, L50, F|
|poke|p2|Gholdengo, L50|
|poke|p2|Grimmsnarl, L50, M|
|teampreview|4
|showteam|p1|Vivillon||FocusSash|CompoundEyes|SleepPowder,Hurricane,Whirlwind,Protect|Timid||F|||50|]Lopunny||Lopunnite|CuteCharm|FakeOut,ThunderPunch,FirePunch,HighJumpKick|Jolly||F|||50|]Malamar||Malamarite|Contrary|Superpower,ThroatChop,PoisonJab,PsychoCut|Serious||M|||50|]Aerodactyl||Aerodactylite|RockHead|Tailwind,Taunt,Earthquake,RockSlide|Jolly||F|||50|]Volcarona||BigRoot|FlameBody|Flamethrower,BugBuzz,Protect,GigaDrain|Modest||M|||50|]Basculegion-F||ExpertBelt|Adaptability|IceBeam,MuddyWater,ShadowBall,Protect|Modest||F|||50|
|showteam|p2|Scovillain||Scovillainite|Moody|Flamethrower,GigaDrain,Protect,RagePowder|Bold||M|||50|]Primarina||Leftovers|LiquidVoice|HyperVoice,Moonblast,Protect,CalmMind|Modest||F|||50|]Aerodactyl||Aerodactylite|Unnerve|RockSlide,DualWingbeat,Protect,Tailwind|Jolly||M|||50|]Garchomp||SoftSand|RoughSkin|Earthquake,StompingTantrum,Protect,DragonClaw|Jolly||F|||50|]Gholdengo||LifeOrb|GoodasGold|MakeItRain,ShadowBall,Protect,NastyPlot|Modest|||||50|]Grimmsnarl||LightClay|Prankster|LightScreen,Reflect,PartingShot,SpiritBreak|Sassy||M|||50|
|inactive|Battle timer is ON: inactive players will automatically lose when time's up. (requested by kodehue)
|inactive|chocokoala vgc also wants the timer to be on.
|inactive|kodehue has 60 seconds left.
|inactive|chocokoala vgc has 60 seconds left.
|
|t:|1784478449
|teamsize|p1|4
|teamsize|p2|4
|start
|switch|p1a: Vivillon|Vivillon, L50, F|100/100
|switch|p1b: Lopunny|Lopunny, L50, F|100/100
|switch|p2a: Aerodactyl|Aerodactyl, L50, M|100/100
|switch|p2b: Primarina|Primarina, L50, F|100/100
|-ability|p2a: Aerodactyl|Unnerve
|turn|1
|
|t:|1784478471
|detailschange|p1b: Lopunny|Lopunny-Mega, L50, F
|-mega|p1b: Lopunny|Lopunny|Lopunnite
|move|p2a: Aerodactyl|Protect|p2a: Aerodactyl
|-singleturn|p2a: Aerodactyl|Protect
|move|p2b: Primarina|Protect|p2b: Primarina
|-singleturn|p2b: Primarina|Protect
|move|p1b: Lopunny|Fake Out|p2a: Aerodactyl
|-activate|p2a: Aerodactyl|move: Protect
|move|p1a: Vivillon|Sleep Powder|p2b: Primarina
|-activate|p2b: Primarina|move: Protect
|
|upkeep
|turn|2
|
|t:|1784478496
|detailschange|p2a: Aerodactyl|Aerodactyl-Mega, L50, M
|-mega|p2a: Aerodactyl|Aerodactyl|Aerodactylite
|move|p2a: Aerodactyl|Dual Wingbeat|p1a: Vivillon|[miss]
|-miss|p2a: Aerodactyl|p1a: Vivillon
|move|p1b: Lopunny|Thunder Punch|p2a: Aerodactyl
|-supereffective|p2a: Aerodactyl|1
|-damage|p2a: Aerodactyl|28/100
|move|p1a: Vivillon|Sleep Powder|p2b: Primarina
|-status|p2b: Primarina|slp|[from] move: Sleep Powder
|cant|p2b: Primarina|slp
|
|upkeep
|turn|3
|
|t:|1784478520
|move|p1a: Vivillon|Protect|p1a: Vivillon
|-singleturn|p1a: Vivillon|Protect
|move|p2a: Aerodactyl|Dual Wingbeat|p1b: Lopunny
|-supereffective|p1b: Lopunny|1
|-damage|p1b: Lopunny|26/100
|-supereffective|p1b: Lopunny|1
|-crit|p1b: Lopunny
|-damage|p1b: Lopunny|0 fnt
|faint|p1b: Lopunny
|-hitcount|p1: Lopunny|2
|cant|p2b: Primarina|slp
|
|upkeep
|
|t:|1784478533
|switch|p1b: Basculegion|Basculegion-F, L50, F|100/100
|turn|4
|
|t:|1784478553
|switch|p1a: Malamar|Malamar, L50, M|100/100
|move|p2a: Aerodactyl|Dual Wingbeat|p1a: Malamar
|-damage|p1a: Malamar|65/100
|-damage|p1a: Malamar|30/100
|-hitcount|p1a: Malamar|2
|move|p1b: Basculegion|Muddy Water|p2a: Aerodactyl|[spread] p2a,p2b
|-supereffective|p2a: Aerodactyl|1
|-resisted|p2b: Primarina|1
|-damage|p2a: Aerodactyl|0 fnt
|-damage|p2b: Primarina|82/100 slp
|faint|p2a: Aerodactyl
|-curestatus|p2b: Primarina|slp|[msg]
|move|p2b: Primarina|Moonblast|p1b: Basculegion
|-damage|p1b: Basculegion|40/100
|
|-heal|p2b: Primarina|88/100|[from] item: Leftovers
|upkeep
|
|t:|1784478568
|switch|p2a: Garchomp|Garchomp, L50, F|100/100
|turn|5
|
|t:|1784478582
|move|p2b: Primarina|Protect|p2b: Primarina
|-singleturn|p2b: Primarina|Protect
|move|p2a: Garchomp|Earthquake|p1b: Basculegion|[spread] p1a,p1b
|-activate|p2b: Primarina|move: Protect
|-damage|p1a: Malamar|0 fnt
|-damage|p1b: Basculegion|0 fnt
|faint|p1a: Malamar
|faint|p1b: Basculegion
|
|-heal|p2b: Primarina|94/100|[from] item: Leftovers
|upkeep
|inactive|kodehue has 30 seconds left.
|
|t:|1784478616
|switch|p1a: Vivillon|Vivillon, L50, F|100/100
|turn|6
|
|t:|1784478635
|move|p2a: Garchomp|Dragon Claw|p1a: Vivillon
|-damage|p1a: Vivillon|23/100
|move|p1a: Vivillon|Sleep Powder|p2a: Garchomp
|-status|p2a: Garchomp|slp|[from] move: Sleep Powder
|move|p2b: Primarina|Moonblast|p1a: Vivillon
|-damage|p1a: Vivillon|0 fnt
|faint|p1a: Vivillon
|
|win|chocokoala vgc
