|j|☆LeonardPlayz
|j|☆Toslowbro30
|html|LeonardPlayzToslowbro30    
|uhtml|bestof|Game 1 of a best-of-3
|t:|1757753998
|gametype|doubles
|player|p1|LeonardPlayz|hilbert-wonderlauncher|1139
|player|p2|Toslowbro30|265|1225
|gen|9
|tier|[Gen 9] VGC 2025 Reg H (Bo3)
|rated|
|rule|Species Clause: Limit one of each Pokémon
|rule|Item Clause: Limit 1 of each item
|clearpoke
|poke|p1|Indeedee-F, L50, F|
|poke|p1|Amoonguss, L50, F|
|poke|p1|Slowking-Galar, L50, M|
|poke|p1|Ursaluna, L50, F|
|poke|p1|Torkoal, L50, M|
|poke|p1|Sneasler, L50, F|
|poke|p2|Tyranitar, L50, F|
|poke|p2|Lycanroc, L50, M|
|poke|p2|Indeedee, L50, M|
|poke|p2|Gastrodon-East, L50, F|
|poke|p2|Annihilape, L50, F|
|poke|p2|Gholdengo, L50|
|teampreview|4
|showteam|p1|Indeedee-F||MentalHerb|PsychicSurge|FollowMe,Psychic,HelpingHand,TrickRoom|||F|||50|,,,,,Grass]Amoonguss||SitrusBerry|Regenerator|Spore,RagePowder,ClearSmog,Protect|||F|||50|,,,,,Water]Slowking-Galar||LifeOrb|Regenerator|ExpandingForce,SludgeBomb,Flamethrower,TrickRoom|||M|||50|,,,,,Water]Ursaluna||FlameOrb|Guts|Facade,HeadlongRush,Protect,SwordsDance|||F|||50|,,,,,Ghost]Torkoal||Charcoal|Drought|Eruption,Flamethrower,EarthPower,Protect|||M|||50|,,,,,Fire]Sneasler||PsychicSeed|Unburden|DireClaw,CloseCombat,Taunt,ThroatChop|||F|||50|,,,,,Dark
|showteam|p2|Tyranitar||AguavBerry|SandStream|RockSlide,KnockOff,TeraBlast,Protect|||F|||50|,,,,,Flying]Lycanroc||FocusSash|SandRush|RockSlide,CloseCombat,Taunt,Protect|||M|||50|,,,,,Fighting]Indeedee||ChoiceScarf|PsychicSurge|ExpandingForce,TeraBlast,Trick,Protect|||M|||50|,,,,,Psychic]Gastrodon-East||Leftovers|StormDrain|EarthPower,Yawn,ClearSmog,Protect|||F|||50|,,,,,Grass]Annihilape||PsychicSeed|Defiant|DrainPunch,RageFist,BulkUp,Protect|||F|||50|,,,,,Bug]Gholdengo||LifeOrb|GoodasGold|MakeItRain,ShadowBall,NastyPlot,Protect||||||50|,,,,,Flying
|inactive|Battle timer is ON: inactive players will automatically lose when time's up. (requested by LeonardPlayz)
|inactive|LeonardPlayz has 60 seconds left.
|
|t:|1757754040
|teamsize|p1|4
|teamsize|p2|4
|start
|switch|p1a: Off Course|Indeedee-F, L50, F|100/100
|switch|p1b: Charles|Slowking-Galar, L50, M|100/100
|switch|p2a: Tyranitar|Tyranitar, L50, F|100/100
|switch|p2b: Lycanroc|Lycanroc, L50, M|100/100
|-fieldstart|move: Psychic Terrain|[from] ability: Psychic Surge|[of] p1a: Off Course
|-weather|Sandstorm|[from] ability: Sand Stream|[of] p2a: Tyranitar
|turn|1
|
|t:|1757754051
|move|p1a: Off Course|Follow Me|p1a: Off Course
|-singleturn|p1a: Off Course|move: Follow Me
|move|p2b: Lycanroc|Rock Slide|p1b: Charles|[spread] p1a,p1b
|-damage|p1a: Off Course|65/100
|-damage|p1b: Charles|72/100
|move|p2a: Tyranitar|Rock Slide|p1b: Charles|[spread] p1a,p1b
|-damage|p1a: Off Course|28/100
|-damage|p1b: Charles|40/100
|move|p1b: Charles|Trick Room|p1b: Charles
|-fieldstart|move: Trick Room|[of] p1b: Charles
|
|-weather|Sandstorm|[upkeep]
|-damage|p1b: Charles|34/100|[from] Sandstorm
|-damage|p1a: Off Course|22/100|[from] Sandstorm
|upkeep
|turn|2
|inactive|LeonardPlayz has 30 seconds left.
|inactive|LeonardPlayz has 20 seconds left.
|inactive|LeonardPlayz has 15 seconds left.
|inactive|LeonardPlayz has 10 seconds left.
|
|t:|1757754097
|move|p2a: Tyranitar|Protect|p2a: Tyranitar
|-singleturn|p2a: Tyranitar|Protect
|move|p2b: Lycanroc|Protect|p2b: Lycanroc
|-singleturn|p2b: Lycanroc|Protect
|move|p1b: Charles|Expanding Force|p2a: Tyranitar|[spread] 
|-activate|p2a: Tyranitar|move: Protect
|-activate|p2b: Lycanroc|move: Protect
|move|p1a: Off Course|Psychic|p2b: Lycanroc
|-activate|p2b: Lycanroc|move: Protect
|
|-weather|Sandstorm|[upkeep]
|-damage|p1b: Charles|28/100|[from] Sandstorm
|-damage|p1a: Off Course|16/100|[from] Sandstorm
|upkeep
|turn|3
|
|t:|1757754115
|switch|p2b: Gholdengo|Gholdengo, L50|100/100
|move|p1b: Charles|Expanding Force|p2b: Gholdengo|[spread] p2b
|-immune|p2a: Tyranitar
|-resisted|p2b: Gholdengo
|-damage|p2b: Gholdengo|60/100
|-damage|p1b: Charles|18/100|[from] item: Life Orb
|move|p2a: Tyranitar|Rock Slide|p1a: Off Course|[spread] p1a,p1b
|-damage|p1a: Off Course|0 fnt
|-damage|p1b: Charles|0 fnt
|faint|p1a: Off Course
|faint|p1b: Charles
|
|-weather|Sandstorm|[upkeep]
|upkeep
|
|t:|1757754122
|switch|p1b: Amanita|Amoonguss, L50, F|100/100
|switch|p1a: Smoker|Torkoal, L50, M|100/100
|-weather|SunnyDay|[from] ability: Drought|[of] p1a: Smoker
|turn|4
|
|t:|1757754137
|switch|p2b: Gastrodon|Gastrodon-East, L50, F|100/100
|-terastallize|p1a: Smoker|Fire
|move|p2a: Tyranitar|Protect|p2a: Tyranitar
|-singleturn|p2a: Tyranitar|Protect
|move|p1a: Smoker|Eruption|p2b: Gastrodon|[spread] p2b
|-activate|p2a: Tyranitar|move: Protect
|-resisted|p2b: Gastrodon
|-crit|p2b: Gastrodon
|-damage|p2b: Gastrodon|23/100
|move|p1b: Amanita|Spore|p2a: Tyranitar
|-activate|p2a: Tyranitar|move: Protect
|
|-weather|SunnyDay|[upkeep]
|-heal|p2b: Gastrodon|29/100|[from] item: Leftovers
|upkeep
|turn|5
|
|t:|1757754156
|switch|p2a: Lycanroc|Lycanroc, L50, M|100/100
|move|p2b: Gastrodon|Protect|p2b: Gastrodon
|-singleturn|p2b: Gastrodon|Protect
|move|p1a: Smoker|Eruption|p2b: Gastrodon|[spread] p2a
|-activate|p2b: Gastrodon|move: Protect
|-resisted|p2a: Lycanroc
|-damage|p2a: Lycanroc|5/100
|move|p1b: Amanita|Spore|p2a: Lycanroc
|-status|p2a: Lycanroc|slp|[from] move: Spore
|
|-weather|SunnyDay|[upkeep]
|-heal|p2b: Gastrodon|35/100|[from] item: Leftovers
|-fieldend|move: Trick Room
|-fieldend|move: Psychic Terrain
|upkeep
|turn|6
|
|t:|1757754172
|switch|p2a: Tyranitar|Tyranitar, L50, F|100/100
|-weather|Sandstorm|[from] ability: Sand Stream|[of] p2a: Tyranitar
|move|p1b: Amanita|Rage Powder|p1b: Amanita
|-singleturn|p1b: Amanita|move: Rage Powder
|move|p2b: Gastrodon|Earth Power|p1b: Amanita
|-damage|p1b: Amanita|74/100
|move|p1a: Smoker|Eruption|p2b: Gastrodon|[spread] p2a,p2b
|-resisted|p2a: Tyranitar
|-resisted|p2b: Gastrodon
|-damage|p2a: Tyranitar|76/100
|-damage|p2b: Gastrodon|2/100
|
|-weather|Sandstorm|[upkeep]
|-damage|p1b: Amanita|68/100|[from] Sandstorm
|-damage|p1a: Smoker|94/100|[from] Sandstorm
|-heal|p2b: Gastrodon|9/100|[from] item: Leftovers
|upkeep
|turn|7
|-message|LeonardPlayz forfeited.
|
|win|Toslowbro30
|l|☆LeonardPlayz
|player|p1|
||LeonardPlayz is ready for game 2.
|c|☆Toslowbro30|Gg wp
||Toslowbro30 is ready for game 2.
|uhtml|next|Next: Game 2 of 3
|l|☆Toslowbro30
|player|p2|
