|badge|p2|silver|gen9ou|30-6
|uhtml|medal-msg|Curious what those medals under the avatar are? PS now has Ladder Seasons! For more information, check out the thread on Smogon.
|j|☆ShabazXVGC
|j|☆JackRG1
|html|ShabazXVGCJackRG1    
|uhtml|bestof|Game 3 of a best-of-3
|t:|1757727337
|gametype|doubles
|player|p1|ShabazXVGC|marlon|1062
|player|p2|JackRG1|dawn-gen4pt|1139
|gen|9
|tier|[Gen 9] VGC 2025 Reg H (Bo3)
|rated|
|rule|Species Clause: Limit one of each Pokémon
|rule|Item Clause: Limit 1 of each item
|clearpoke
|poke|p1|Rillaboom, L50, F|
|poke|p1|Pelipper, L50, M|
|poke|p1|Archaludon, L50, M|
|poke|p1|Bellibolt, L50, M|
|poke|p1|Palafin, L50, F|
|poke|p1|Overqwil, L50, M|
|poke|p2|Tyranitar, L50, F|
|poke|p2|Excadrill, L50, F|
|poke|p2|Gastrodon-East, L50, M|
|poke|p2|Annihilape, L50, M|
|poke|p2|Grimmsnarl, L50, M|
|poke|p2|Corviknight, L50, M|
|teampreview|4
|showteam|p1|Rillaboom||GrassySeed|GrassySurge|FakeOut,HighHorsepower,GrassyGlide,WoodHammer|||F|||50|,,,,,Fire]Pelipper||FocusSash|Drizzle|Hurricane,Protect,Tailwind,WeatherBall|||M|||50|,,,,,Flying]Archaludon||SitrusBerry|Stamina|FlashCannon,DracoMeteor,ElectroShot,BodyPress|||M|||50|,,,,,Grass]Bellibolt||AssaultVest|Electromorphosis|ParabolicCharge,ChillingWater,VoltSwitch,Electroweb|||M|||50|,,,,,Water]Palafin||ChoiceScarf|ZerotoHero|JetPunch,FlipTurn,WaveCrash,ZenHeadbutt|||F|||50|,,,,,Water]Overqwil||LifeOrb|SwiftSwim|PoisonJab,Crunch,Liquidation,SwordsDance|||M|||50|,,,,,Water
|showteam|p2|Tyranitar||AssaultVest|SandStream|RockSlide,KnockOff,TeraBlast,LowKick|||F|||50|,,,,,Flying]Excadrill||FocusSash|SandRush|Earthquake,HighHorsepower,IronHead,Protect|||F|||50|,,,,,Ground]Gastrodon-East||Leftovers|StormDrain|EarthPower,HydroPump,ClearSmog,Protect|||M|||50|,,,,,Poison]Annihilape||ChoiceScarf|Defiant|CloseCombat,Uturn,Coaching,FinalGambit|||M|||50|,,,,,Grass]Grimmsnarl||LightClay|Prankster|SpiritBreak,Reflect,LightScreen,MistyTerrain|||M|||50|,,,,,Ghost]Corviknight||CovertCloak|MirrorArmor|BraveBird,PowerTrip,BulkUp,Roost|||M|||50|,,,,,Dragon
|inactive|Battle timer is ON: inactive players will automatically lose when time's up. (requested by JackRG1)
|j| Sbinnotto
|inactive|JackRG1 has 60 seconds left.
|
|t:|1757727398
|teamsize|p1|4
|teamsize|p2|4
|start
|switch|p1a: Franky|Archaludon, L50, M|100/100
|switch|p1b: Palafin|Palafin, L50, F|100/100
|switch|p2a: Corviknight|Corviknight, L50, M|100/100
|switch|p2b: Annihilape|Annihilape, L50, M|100/100
|turn|1
|inactive|ShabazXVGC has 30 seconds left.
|inactive|ShabazXVGC has 20 seconds left.
|inactive|ShabazXVGC has 15 seconds left.
|
|t:|1757727439
|switch|p1a: Big News|Pelipper, L50, M|100/100
|-weather|RainDance|[from] ability: Drizzle|[of] p1a: Big News
|move|p2b: Annihilape|Final Gambit|p1a: Big News
|-enditem|p1a: Big News|Focus Sash
|-damage|p1a: Big News|1/100
|faint|p2b: Annihilape
|move|p1b: Palafin|Flip Turn|p2a: Corviknight
|-damage|p2a: Corviknight|75/100
|
|t:|1757727449
|detailschange|p1b: Palafin|Palafin-Hero, L50, F
|switch|p1b: Franky|Archaludon, L50, M|100/100|[from] Flip Turn
|move|p2a: Corviknight|Bulk Up|p2a: Corviknight
|-boost|p2a: Corviknight|atk|1
|-boost|p2a: Corviknight|def|1
|
|-weather|RainDance|[upkeep]
|upkeep
|
|t:|1757727454
|switch|p2b: Tyranitar|Tyranitar, L50, F|100/100
|-weather|Sandstorm|[from] ability: Sand Stream|[of] p2b: Tyranitar
|turn|2
|
|t:|1757727470
|switch|p1a: Liberation|Rillaboom, L50, F|100/100
|-fieldstart|move: Grassy Terrain|[from] ability: Grassy Surge|[of] p1a: Liberation
|-enditem|p1a: Liberation|Grassy Seed
|-boost|p1a: Liberation|def|1|[from] item: Grassy Seed
|switch|p2b: Grimmsnarl|Grimmsnarl, L50, M|100/100
|move|p1b: Franky|Body Press|p2b: Grimmsnarl
|-damage|p2b: Grimmsnarl|74/100
|move|p2a: Corviknight|Bulk Up|p2a: Corviknight
|-boost|p2a: Corviknight|atk|1
|-boost|p2a: Corviknight|def|1
|
|-weather|Sandstorm|[upkeep]
|-damage|p1a: Liberation|94/100|[from] Sandstorm
|-damage|p2b: Grimmsnarl|68/100|[from] Sandstorm
|-heal|p1a: Liberation|100/100|[from] Grassy Terrain
|-heal|p2b: Grimmsnarl|74/100|[from] Grassy Terrain
|upkeep
|turn|3
|inactive|JackRG1 has 30 seconds left.
|
|t:|1757727498
|move|p2b: Grimmsnarl|Light Screen|p2b: Grimmsnarl
|-sidestart|p2: JackRG1|move: Light Screen
|move|p1a: Liberation|Wood Hammer|p2b: Grimmsnarl
|-damage|p2b: Grimmsnarl|0 fnt
|faint|p2b: Grimmsnarl
|-damage|p1a: Liberation|73/100|[from] Recoil
|move|p1b: Franky|Electro Shot||[still]
|-prepare|p1b: Franky|Electro Shot
|-boost|p1b: Franky|spa|1
|move|p2a: Corviknight|Bulk Up|p2a: Corviknight
|-boost|p2a: Corviknight|atk|1
|-boost|p2a: Corviknight|def|1
|
|-weather|Sandstorm|[upkeep]
|-damage|p1a: Liberation|66/100|[from] Sandstorm
|-heal|p1a: Liberation|73/100|[from] Grassy Terrain
|upkeep
|
|t:|1757727502
|switch|p2b: Tyranitar|Tyranitar, L50, F|100/100
|turn|4
|
|t:|1757727521
|switch|p1a: Big News|Pelipper, L50, M|1/100
|-weather|RainDance|[from] ability: Drizzle|[of] p1a: Big News
|move|p1b: Franky|Electro Shot|p2a: Corviknight|[from] lockedmove
|-supereffective|p2a: Corviknight
|-damage|p2a: Corviknight|0 fnt
|faint|p2a: Corviknight
|move|p2b: Tyranitar|Low Kick|p1b: Franky
|-supereffective|p1b: Franky
|-damage|p1b: Franky|57/100
|-ability|p1b: Franky|Stamina|boost
|-boost|p1b: Franky|def|1
|
|-weather|RainDance|[upkeep]
|-heal|p1b: Franky|63/100|[from] Grassy Terrain
|upkeep
|turn|5
|-message|JackRG1 forfeited.
|
|win|ShabazXVGC
|raw|ShabazXVGC's rating: 1062 → 1099(+37 for winning)
|raw|JackRG1's rating: 1139 → 1109(-30 for losing)
|l|☆JackRG1
|player|p2|
|c| Sbinnotto|I did you lose the first round
|c| Sbinnotto|How*
|l| Sbinnotto
