|j|☆Oldarbladeborn
|j|☆Malgooee
|html|OldarbladebornMalgooee    
|uhtml|bestof|Game 2 of a best-of-3
|t:|1757059484
|gametype|doubles
|player|p1|Oldarbladeborn|1|1069
|player|p2|Malgooee|170|1082
|gen|9
|tier|[Gen 9] VGC 2025 Reg H (Bo3)
|rated|
|rule|Species Clause: Limit one of each Pokémon
|rule|Item Clause: Limit 1 of each item
|clearpoke
|poke|p1|Archaludon, L50, F|
|poke|p1|Garchomp, L50, M|
|poke|p1|Pelipper, L50, M|
|poke|p1|Basculegion, L50, M|
|poke|p1|Incineroar, L50, F|
|poke|p1|Amoonguss, L50, M|
|poke|p2|Gothitelle, L50, M|
|poke|p2|Archaludon, L50, M|
|poke|p2|Amoonguss, L50, M|
|poke|p2|Politoed, L50, M|
|poke|p2|Gholdengo, L50|
|poke|p2|Kingdra, L50, M|
|teampreview|4
|showteam|p1|Archaludon||PowerHerb|Stalwart|AuraSphere,ElectroShot,DragonPulse,Protect|||F|||50|,,,,,Ghost]Garchomp||LoadedDice|SandVeil|ScaleShot,Earthquake,StompingTantrum,Protect|||M|||50|,,,,,Ground]Pelipper||FocusSash|Drizzle|Tailwind,Hurricane,WeatherBall,Protect|||M|||50|,,,,,Grass]Basculegion||LifeOrb|SwiftSwim|WaveCrash,Protect,FlipTurn,AquaJet|||M|||50|,,,,,Water]Incineroar||SafetyGoggles|Intimidate|FakeOut,PartingShot,KnockOff,Taunt|||F|||50|,,,,,Ghost]Amoonguss||SitrusBerry|Regenerator|SludgeBomb,Spore,RagePowder,Protect|||M|||50|,,,,,Dark
|showteam|p2|Gothitelle||Leftovers|ShadowTag|TrickRoom,FakeOut,Protect,Taunt|||M|||50|,,,,,Grass]Archaludon||AssaultVest|Stamina|BodyPress,DracoMeteor,ElectroShot,FlashCannon|||M|||50|,,,,,Electric]Amoonguss||RockyHelmet|Regenerator|Spore,Protect,RagePowder,PollenPuff|||M|||50|,,,,,Dark]Politoed||SitrusBerry|Drizzle|PerishSong,Protect,Encore,WeatherBall|||M|||50|,,,,,Grass]Gholdengo||ClearAmulet|GoodasGold|Protect,MakeItRain,ShadowBall,NastyPlot||||||50|,,,,,Dark]Kingdra||LifeOrb|SwiftSwim|Disable,Protect,DracoMeteor,WeatherBall|||M|||50|,,,,,Grass
|inactive|Battle timer is ON: inactive players will automatically lose when time's up. (requested by Malgooee)
|inactive|Oldarbladeborn also wants the timer to be on.
|
|t:|1757059498
|teamsize|p1|4
|teamsize|p2|4
|start
|switch|p1a: Garchomp|Garchomp, L50, M|100/100
|switch|p1b: Pelipper|Pelipper, L50, M|100/100
|switch|p2a: Archaludon|Archaludon, L50, M|100/100
|switch|p2b: Gholdengo|Gholdengo, L50|100/100
|-weather|RainDance|[from] ability: Drizzle|[of] p1b: Pelipper
|turn|1
|inactive|Oldarbladeborn has 30 seconds left.
|inactive|Oldarbladeborn has 20 seconds left.
|
|t:|1757059533
|switch|p2b: Politoed|Politoed, L50, M|100/100
|switch|p2a: Gothitelle|Gothitelle, L50, M|100/100
|-terastallize|p1a: Garchomp|Ground
|move|p1a: Garchomp|Earthquake|p2b: Politoed|[spread] p2a,p2b
|-immune|p1b: Pelipper
|-damage|p2a: Gothitelle|55/100
|-damage|p2b: Politoed|42/100
|-enditem|p2b: Politoed|Sitrus Berry|[eat]
|-heal|p2b: Politoed|66/100|[from] item: Sitrus Berry
|move|p1b: Pelipper|Tailwind|p1b: Pelipper
|-sidestart|p1: Oldarbladeborn|move: Tailwind
|
|-weather|RainDance|[upkeep]
|-heal|p2a: Gothitelle|62/100|[from] item: Leftovers
|upkeep
|turn|2
|inactive|Oldarbladeborn has 30 seconds left.
|inactive|Malgooee has 30 seconds left.
|inactive|Malgooee has 20 seconds left.
|
|t:|1757059571
|-terastallize|p2a: Gothitelle|Grass
|move|p2a: Gothitelle|Fake Out|p1a: Garchomp
|-damage|p1a: Garchomp|95/100
|cant|p1a: Garchomp|flinch
|move|p1b: Pelipper|Weather Ball|p2a: Gothitelle
|-resisted|p2a: Gothitelle
|-damage|p2a: Gothitelle|41/100
|move|p2b: Politoed|Perish Song|p2b: Politoed
|-start|p1a: Garchomp|perish3|[silent]
|-start|p1b: Pelipper|perish3|[silent]
|-start|p2a: Gothitelle|perish3|[silent]
|-start|p2b: Politoed|perish3|[silent]
|-fieldactivate|move: Perish Song
|
|-weather|RainDance|[upkeep]
|-heal|p2a: Gothitelle|47/100|[from] item: Leftovers
|-start|p1a: Garchomp|perish3
|-start|p1b: Pelipper|perish3
|-start|p2b: Politoed|perish3
|-start|p2a: Gothitelle|perish3
|upkeep
|turn|3
|inactive|Oldarbladeborn has 30 seconds left.
|inactive|Malgooee has 30 seconds left.
|inactive|Oldarbladeborn has 20 seconds left.
|inactive|Malgooee has 20 seconds left.
|inactive|Oldarbladeborn has 15 seconds left.
|inactive|Malgooee has 15 seconds left.
|
|t:|1757059613
|switch|p2a: Archaludon|Archaludon, L50, M|100/100
|move|p2b: Politoed|Protect|p2b: Politoed
|-singleturn|p2b: Politoed|Protect
|move|p1a: Garchomp|Scale Shot|p2a: Archaludon
|-damage|p2a: Archaludon|91/100
|-ability|p2a: Archaludon|Stamina|boost
|-boost|p2a: Archaludon|def|1
|-damage|p2a: Archaludon|85/100
|-ability|p2a: Archaludon|Stamina|boost
|-boost|p2a: Archaludon|def|1
|-damage|p2a: Archaludon|80/100
|-ability|p2a: Archaludon|Stamina|boost
|-boost|p2a: Archaludon|def|1
|-damage|p2a: Archaludon|76/100
|-ability|p2a: Archaludon|Stamina|boost
|-boost|p2a: Archaludon|def|1
|-damage|p2a: Archaludon|72/100
|-ability|p2a: Archaludon|Stamina|boost
|-boost|p2a: Archaludon|def|1
|-hitcount|p2a: Archaludon|5
|-unboost|p1a: Garchomp|def|1
|-boost|p1a: Garchomp|spe|1
|move|p1b: Pelipper|Hurricane|p2a: Archaludon
|-resisted|p2a: Archaludon
|-damage|p2a: Archaludon|60/100
|-ability|p2a: Archaludon|Stamina|boost
|-boost|p2a: Archaludon|def|1
|
|-weather|RainDance|[upkeep]
|-start|p1a: Garchomp|perish2
|-start|p1b: Pelipper|perish2
|-start|p2b: Politoed|perish2
|upkeep
|turn|4
|inactive|Oldarbladeborn has 30 seconds left.
|inactive|Malgooee has 30 seconds left.
|inactive|Oldarbladeborn has 20 seconds left.
|
|t:|1757059650
|switch|p2b: Gothitelle|Gothitelle, L50, M, tera:Grass|47/100
|move|p1a: Garchomp|Scale Shot|p2b: Gothitelle
|-damage|p2b: Gothitelle|35/100
|-damage|p2b: Gothitelle|23/100
|-damage|p2b: Gothitelle|9/100
|-damage|p2b: Gothitelle|0 fnt
|faint|p2b: Gothitelle
|-hitcount|p2: Gothitelle|4
|-unboost|p1a: Garchomp|def|1
|-boost|p1a: Garchomp|spe|1
|move|p1b: Pelipper|Hurricane|p2a: Archaludon
|-resisted|p2a: Archaludon
|-damage|p2a: Archaludon|47/100
|-start|p2a: Archaludon|confusion
|-activate|p2a: Archaludon|confusion
|move|p2a: Archaludon|Body Press|p1a: Garchomp
|-damage|p1a: Garchomp|0 fnt
|faint|p1a: Garchomp
|
|-weather|RainDance|[upkeep]
|-start|p1b: Pelipper|perish1
|-sideend|p1: Oldarbladeborn|move: Tailwind
|upkeep
|inactive|Malgooee has 30 seconds left.
|
|t:|1757059678
|switch|p1a: Archaludon|Archaludon, L50, F|100/100
|switch|p2b: Gholdengo|Gholdengo, L50|100/100
|turn|5
|inactive|Oldarbladeborn has 30 seconds left.
|inactive|Oldarbladeborn has 20 seconds left.
|inactive|Oldarbladeborn has 15 seconds left.
|
|t:|1757059720
|move|p2b: Gholdengo|Make It Rain|p1a: Archaludon|[spread] p1a,p1b
|-resisted|p1a: Archaludon
|-resisted|p1b: Pelipper
|-damage|p1a: Archaludon|66/100
|-damage|p1b: Pelipper|76/100
|-unboost|p2b: Gholdengo|spa|1
|move|p1a: Archaludon|Dragon Pulse|p2a: Archaludon
|-damage|p2a: Archaludon|14/100
|-activate|p2a: Archaludon|confusion
|move|p2a: Archaludon|Body Press|p1a: Archaludon
|-supereffective|p1a: Archaludon
|-damage|p1a: Archaludon|0 fnt
|faint|p1a: Archaludon
|move|p1b: Pelipper|Tailwind|p1b: Pelipper
|-sidestart|p1: Oldarbladeborn|move: Tailwind
|
|-weather|none
|-start|p1b: Pelipper|perish0
|faint|p1b: Pelipper
|upkeep
|
|t:|1757059735
|switch|p1b: Basculegion|Basculegion, L50, M|100/100
|turn|6
|-message|Oldarbladeborn forfeited.
|
|win|Malgooee
||Malgooee is ready for game 3.
|inactive|Oldarbladeborn has 30 seconds to confirm battle start!
|inactive|Oldarbladeborn has 20 seconds to confirm battle start!
||Oldarbladeborn is ready for game 3.
|uhtml|next|Next: Game 3 of 3
|l|☆Malgooee
|player|p2|
