|j|☆StarDoor01
|j|☆Maatja
|html|StarDoor01Maatja    
|uhtml|bestof|Game 1 of a best-of-3
|t:|1785315981
|gametype|doubles
|player|p1|StarDoor01|2|1138
|player|p2|Maatja|1|1056
|gen|9
|tier|[Gen 9 Champions] VGC 2026 Reg M-B (Bo3)
|rated|
|rule|Species Clause: Limit one of each Pokémon
|rule|Item Clause: Limit 1 of each item
|clearpoke
|poke|p1|Scovillain, L50, F|
|poke|p1|Sylveon, L50, F|
|poke|p1|Kingambit, L50, F|
|poke|p1|Lycanroc-Dusk, L50, F|
|poke|p1|Basculegion, L50, M|
|poke|p1|Metagross, L50|
|poke|p2|Raichu, L50, M|
|poke|p2|Maushold, L50|
|poke|p2|Sinistcha, L50|
|poke|p2|Sneasler, L50, M|
|poke|p2|Incineroar, L50, M|
|poke|p2|Weavile, L50, F|
|teampreview|4
|showteam|p1|Scovillain||Scovillainite|Moody|GigaDrain,Overheat,RagePowder,Protect|Bold||F|||50|]Sylveon||FairyFeather|Pixilate|HyperVoice,HyperBeam,QuickAttack,Detect|Modest||F|||50|]Kingambit||BlackGlasses|Defiant|KowtowCleave,SuckerPunch,SwordsDance,Protect|Adamant||F|||50|]Lycanroc-Dusk||FocusSash|ToughClaws|CloseCombat,Accelerock,RockSlide,Protect|Adamant||F|||50|]Basculegion||SitrusBerry|Adaptability|WaveCrash,LastRespects,AquaJet,Protect|Adamant||M|||50|]Metagross||Metagrossite|ClearBody|IronHead,PsychicFangs,IcePunch,Protect|Jolly|||||50|
|showteam|p2|Raichu||RaichuniteY|LightningRod|ZapCannon,FocusBlast,VoltSwitch,Protect|Serious||M|||50|]Maushold||FocusSash|FriendGuard|PopulationBomb,Protect,FollowMe,Encore|Serious|||||50|]Sinistcha||SitrusBerry|Hospitality|MatchaGotcha,Protect,RagePowder,StrengthSap|Bold|||||50|]Sneasler||BlackBelt|PoisonTouch|CloseCombat,DireClaw,FakeOut,Protect|Jolly||M|||50|]Incineroar||BlackGlasses|Intimidate|CloseCombat,FakeOut,PartingShot,DarkestLariat|Adamant||M|||50|]Weavile||NeverMeltIce|Pressure|IcicleCrash,FoulPlay,PoisonJab,XScissor|Adamant||F|||50|
|inactive|Battle timer is ON: inactive players will automatically lose when time's up. (requested by Maatja)
|inactive|StarDoor01 has 60 seconds left.
|
|t:|1785316031
|teamsize|p1|4
|teamsize|p2|4
|start
|switch|p1a: Kindred|Lycanroc-Dusk, L50, F|100/100
|switch|p1b: Antonio|Metagross, L50|100/100
|switch|p2a: Raichu|Raichu, L50, M|100/100
|switch|p2b: Incineroar|Incineroar, L50, M|100/100
|-ability|p2b: Incineroar|Intimidate|boost
|-unboost|p1a: Kindred|atk|1
|-fail|p1b: Antonio|unboost|[from] ability: Clear Body|[of] p1b: Antonio
|turn|1
|
|t:|1785316050
|detailschange|p2a: Raichu|Raichu-Mega-Y, L50, M
|-mega|p2a: Raichu|Raichu|Raichunite Y
|move|p1a: Kindred|Protect|p1a: Kindred
|-singleturn|p1a: Kindred|Protect
|move|p1b: Antonio|Protect|p1b: Antonio
|-singleturn|p1b: Antonio|Protect
|move|p2b: Incineroar|Fake Out|p1b: Antonio
|-activate|p1b: Antonio|move: Protect
|move|p2a: Raichu|Focus Blast|p1a: Kindred
|-activate|p1a: Kindred|move: Protect
|
|upkeep
|turn|2
|
|t:|1785316067
|detailschange|p1b: Antonio|Metagross-Mega, L50
|-mega|p1b: Antonio|Metagross|Metagrossite
|move|p2a: Raichu|Focus Blast|p1a: Kindred
|-supereffective|p1a: Kindred|1
|-enditem|p1a: Kindred|Focus Sash
|-damage|p1a: Kindred|1/100
|move|p1b: Antonio|Psychic Fangs|p2a: Raichu
|-damage|p2a: Raichu|0 fnt
|faint|p2a: Raichu
|move|p1a: Kindred|Rock Slide|p2b: Incineroar
|-supereffective|p2b: Incineroar|1
|-damage|p2b: Incineroar|49/100
|move|p2b: Incineroar|Darkest Lariat|p1b: Antonio
|-supereffective|p1b: Antonio|1
|-damage|p1b: Antonio|24/100
|
|upkeep
|
|t:|1785316082
|switch|p2a: Maushold|Maushold, L50|100/100
|turn|3
|inactive|StarDoor01 has 30 seconds left.
|
|t:|1785316114
|move|p2a: Maushold|Follow Me|p2a: Maushold
|-singleturn|p2a: Maushold|move: Follow Me
|move|p1b: Antonio|Iron Head|p2a: Maushold
|-crit|p2a: Maushold
|-enditem|p2a: Maushold|Focus Sash
|-damage|p2a: Maushold|1/100
|move|p1a: Kindred|Close Combat|p2a: Maushold
|-supereffective|p2a: Maushold|1
|-damage|p2a: Maushold|0 fnt
|-unboost|p1a: Kindred|def|1
|-unboost|p1a: Kindred|spd|1
|faint|p2a: Maushold
|move|p2b: Incineroar|Darkest Lariat|p1b: Antonio
|-supereffective|p1b: Antonio|1
|-damage|p1b: Antonio|0 fnt
|faint|p1b: Antonio
|
|upkeep
|
|t:|1785316128
|switch|p1b: Scovillain|Scovillain, L50, F|100/100
|switch|p2a: Sneasler|Sneasler, L50, M|100/100
|turn|4
|
|t:|1785316153
|switch|p1a: Basculegion|Basculegion, L50, M|100/100
|move|p2a: Sneasler|Fake Out|p1a: Basculegion
|-immune|p1a: Basculegion
|move|p1b: Scovillain|Overheat|p2a: Sneasler
|-damage|p2a: Sneasler|38/100
|-unboost|p1b: Scovillain|spa|2
|move|p2b: Incineroar|Close Combat|p1b: Scovillain
|-damage|p1b: Scovillain|45/100
|-unboost|p2b: Incineroar|def|1
|-unboost|p2b: Incineroar|spd|1
|
|-ability|p1b: Scovillain|Moody|boost
|-boost|p1b: Scovillain|atk|2
|-unboost|p1b: Scovillain|def|1
|upkeep
|turn|5
|inactive|StarDoor01 has 30 seconds left.
|c|☆Maatja|gg
|inactive|StarDoor01 has 20 seconds left.
|inactive|StarDoor01 has 15 seconds left.
|inactive|StarDoor01 has 10 seconds left.
|
|t:|1785316201
|move|p1b: Scovillain|Rage Powder|p1b: Scovillain
|-singleturn|p1b: Scovillain|move: Rage Powder
|move|p1a: Basculegion|Aqua Jet|p2b: Incineroar
|-supereffective|p2b: Incineroar|1
|-damage|p2b: Incineroar|0 fnt
|faint|p2b: Incineroar
|move|p2a: Sneasler|Dire Claw|p1b: Scovillain
|-supereffective|p1b: Scovillain|1
|-damage|p1b: Scovillain|0 fnt
|faint|p1b: Scovillain
|
|upkeep
|-message|Maatja forfeited.
|
|win|StarDoor01
|l|☆Maatja
|player|p2|
|raw|StarDoor01's rating: 1138 → 1157(+19 for winning)
|raw|Maatja's rating: 1056 → 1042(-14 for losing)
