|j|☆Mumpho0
|j|☆Dosa16
|html|Mumpho0Dosa16    
|uhtml|bestof|Game 3 of a best-of-3
|t:|1757660658
|gametype|doubles
|player|p1|Mumpho0|265|1071
|player|p2|Dosa16|unknown|1062
|gen|9
|tier|[Gen 9] VGC 2025 Reg H (Bo3)
|rated|
|rule|Species Clause: Limit one of each Pokémon
|rule|Item Clause: Limit 1 of each item
|clearpoke
|poke|p1|Indeedee, L50, M|
|poke|p1|Excadrill, L50, F|
|poke|p1|Corviknight, L50, F|
|poke|p1|Sneasler, L50, F|
|poke|p1|Magmar, L50, F|
|poke|p1|Tyranitar, L50, M|
|poke|p2|Flapple, L50, F|
|poke|p2|Sableye, L50, M|
|poke|p2|Yanmega, L50, M|
|poke|p2|Ursaluna, L50, M|
|poke|p2|Volcarona, L50, M|
|poke|p2|Milotic, L50, M|
|teampreview|4
|showteam|p1|Indeedee||ChoiceScarf|PsychicSurge|ExpandingForce,TeraBlast,Trick,Protect|||M|||50|,,,,,Psychic]Excadrill||FocusSash|SandRush|Earthquake,IronHead,SwordsDance,Protect|||F|||50|,,,,,Ground]Corviknight||PsychicSeed|MirrorArmor|BraveBird,BulkUp,PowerTrip,Roost|||F|||50|,,,,,Water]Sneasler||WhiteHerb|Unburden|FakeOut,CloseCombat,DireClaw,Coaching|||F|||50|,,,,,Flying]Magmar||Eviolite|VitalSpirit|HeatWave,FollowMe,WillOWisp,Protect|||F|||50|,,,,,Flying]Tyranitar||AssaultVest|SandStream|RockSlide,KnockOff,LowKick,TeraBlast|||M|||50|,,,,,Flying
|showteam|p2|Flapple||ChoiceBand|Hustle|GravApple,DragonRush,SuckerPunch,Uturn|||F|||50|,,,,,Fire]Sableye||MentalHerb|Prankster|Quash,Gravity,Encore,Disable|||M|||50|,,,,,Dark]Yanmega||CovertCloak|SpeedBoost|Tailwind,Hypnosis,BugBuzz,Protect|||M|||50|,,,,,Water]Ursaluna||FlameOrb|Guts|HeadlongRush,Facade,Protect,SupercellSlam|||M|||50|,,,,,Ghost]Volcarona||ChoiceSpecs|FlameBody|HeatWave,FireBlast,BugBuzz,TeraBlast|||M|||50|,,,,,Fairy]Milotic||SafetyGoggles|Competitive|LifeDew,HydroPump,Haze,Hypnosis|||M|||50|,,,,,Water
|inactive|Battle timer is ON: inactive players will automatically lose when time's up. (requested by Dosa16)
|inactive|Mumpho0 has 60 seconds left.
|inactive|Mumpho0 has 30 seconds left.
|
|t:|1757660720
|teamsize|p1|4
|teamsize|p2|4
|start
|switch|p1a: Excadrill|Excadrill, L50, F, shiny|100/100
|switch|p1b: Tyranitar|Tyranitar, L50, M, shiny|100/100
|switch|p2a: Milotic|Milotic, L50, M|100/100
|switch|p2b: Sableye|Sableye, L50, M|100/100
|-weather|Sandstorm|[from] ability: Sand Stream|[of] p1b: Tyranitar
|turn|1
|inactive|Mumpho0 has 30 seconds left.
|inactive|Dosa16 has 30 seconds left.
|inactive|Mumpho0 has 20 seconds left.
|inactive|Dosa16 has 20 seconds left.
|inactive|Mumpho0 has 15 seconds left.
|inactive|Dosa16 has 15 seconds left.
|inactive|Mumpho0 has 10 seconds left.
|
|t:|1757660766
|switch|p1b: Magmar|Magmar, L50, F, shiny|100/100
|move|p2b: Sableye|Gravity|p2b: Sableye
|-fieldstart|move: Gravity
|move|p1a: Excadrill|Swords Dance|p1a: Excadrill
|-boost|p1a: Excadrill|atk|2
|move|p2a: Milotic|Hypnosis|p1a: Excadrill
|-status|p1a: Excadrill|slp|[from] move: Hypnosis
|
|-weather|Sandstorm|[upkeep]
|-damage|p1b: Magmar|95/100|[from] Sandstorm
|-damage|p2b: Sableye|95/100|[from] Sandstorm
|upkeep
|turn|2
|
|t:|1757660790
|move|p1b: Magmar|Follow Me|p1b: Magmar
|-singleturn|p1b: Magmar|move: Follow Me
|move|p2b: Sableye|Quash||[still]
|-fail|p2b: Sableye
|cant|p1a: Excadrill|slp
|move|p2a: Milotic|Hydro Pump|p1b: Magmar
|-supereffective|p1b: Magmar
|-damage|p1b: Magmar|48/100
|
|-weather|Sandstorm|[upkeep]
|-damage|p1b: Magmar|42/100|[from] Sandstorm
|-damage|p2b: Sableye|89/100|[from] Sandstorm
|upkeep
|turn|3
|
|t:|1757660805
|move|p1b: Magmar|Follow Me|p1b: Magmar
|-singleturn|p1b: Magmar|move: Follow Me
|move|p2b: Sableye|Disable|p1b: Magmar
|-start|p1b: Magmar|Disable|Follow Me
|cant|p1a: Excadrill|slp
|move|p2a: Milotic|Hydro Pump|p1b: Magmar
|-supereffective|p1b: Magmar
|-damage|p1b: Magmar|0 fnt
|faint|p1b: Magmar
|
|-weather|Sandstorm|[upkeep]
|-damage|p2b: Sableye|83/100|[from] Sandstorm
|upkeep
|
|t:|1757660824
|switch|p1b: Corviknight|Corviknight, L50, F, shiny|100/100
|turn|4
|
|t:|1757660838
|move|p2b: Sableye|Quash|p1a: Excadrill
|-activate|p1a: Excadrill|move: Quash
|move|p1b: Corviknight|Bulk Up|p1b: Corviknight
|-boost|p1b: Corviknight|atk|1
|-boost|p1b: Corviknight|def|1
|move|p2a: Milotic|Hydro Pump|p1a: Excadrill
|-supereffective|p1a: Excadrill
|-damage|p1a: Excadrill|3/100 slp
|cant|p1a: Excadrill|slp
|
|-weather|Sandstorm|[upkeep]
|-damage|p2b: Sableye|78/100|[from] Sandstorm
|upkeep
|turn|5
|
|t:|1757660859
|-curestatus|p1a: Excadrill|slp|[msg]
|move|p1a: Excadrill|Protect|p1a: Excadrill
|-singleturn|p1a: Excadrill|Protect
|move|p2b: Sableye|Encore|p1b: Corviknight
|-start|p1b: Corviknight|Encore
|move|p1b: Corviknight|Bulk Up|p1b: Corviknight
|-boost|p1b: Corviknight|atk|1
|-boost|p1b: Corviknight|def|1
|move|p2a: Milotic|Haze|p2a: Milotic
|-clearallboost
|
|-weather|none
|-fieldend|move: Gravity
|upkeep
|turn|6
|inactive|Dosa16 has 30 seconds left.
|inactive|Mumpho0 has 30 seconds left.
|inactive|Dosa16 has 20 seconds left.
|inactive|Mumpho0 has 20 seconds left.
|
|t:|1757660907
|move|p2b: Sableye|Encore|p1a: Excadrill
|-start|p1a: Excadrill|Encore
|move|p1a: Excadrill|Protect|p1a: Excadrill
|-singleturn|p1a: Excadrill|Protect
|move|p1b: Corviknight|Bulk Up|p1b: Corviknight
|-boost|p1b: Corviknight|atk|1
|-boost|p1b: Corviknight|def|1
|move|p2a: Milotic|Hydro Pump|p1a: Excadrill
|-activate|p1a: Excadrill|move: Protect
|
|upkeep
|turn|7
|inactive|Dosa16 has 30 seconds left.
|
|t:|1757660932
|switch|p1a: Tyranitar|Tyranitar, L50, M, shiny|100/100
|-weather|Sandstorm|[from] ability: Sand Stream|[of] p1a: Tyranitar
|switch|p2b: Flapple|Flapple, L50, F|100/100
|move|p1b: Corviknight|Bulk Up|p1b: Corviknight
|-boost|p1b: Corviknight|atk|1
|-boost|p1b: Corviknight|def|1
|move|p2a: Milotic|Hydro Pump|p1a: Tyranitar
|-supereffective|p1a: Tyranitar
|-damage|p1a: Tyranitar|73/100
|
|-weather|Sandstorm|[upkeep]
|-damage|p2b: Flapple|94/100|[from] Sandstorm
|-end|p1b: Corviknight|Encore
|upkeep
|turn|8
|inactive|Mumpho0 has 30 seconds left.
|inactive|Dosa16 has 30 seconds left.
|inactive|Mumpho0 has 20 seconds left.
|inactive|Dosa16 has 20 seconds left.
|inactive|Mumpho0 has 15 seconds left.
|inactive|Mumpho0 has 10 seconds left.
|
|t:|1757660978
|-terastallize|p2b: Flapple|Fire
|-terastallize|p1a: Tyranitar|Flying
|move|p2b: Flapple|Grav Apple|p1a: Tyranitar|[miss]
|-miss|p2b: Flapple|p1a: Tyranitar
|move|p1b: Corviknight|Brave Bird|p2b: Flapple
|-damage|p2b: Flapple|0 fnt
|faint|p2b: Flapple
|-damage|p1b: Corviknight|79/100|[from] Recoil
|move|p2a: Milotic|Haze|p2a: Milotic
|-clearallboost
|move|p1a: Tyranitar|Tera Blast|p2a: Milotic|[anim] Tera Blast Flying
|-damage|p2a: Milotic|55/100
|
|-weather|Sandstorm|[upkeep]
|-damage|p1a: Tyranitar|68/100|[from] Sandstorm
|upkeep
|
|t:|1757660988
|switch|p2b: Sableye|Sableye, L50, M|78/100
|turn|9
|
|t:|1757661007
|move|p2b: Sableye|Gravity|p2b: Sableye
|-fieldstart|move: Gravity
|move|p1b: Corviknight|Brave Bird|p2a: Milotic
|-damage|p2a: Milotic|18/100
|-damage|p1b: Corviknight|68/100|[from] Recoil
|move|p2a: Milotic|Hypnosis|p1a: Tyranitar
|-status|p1a: Tyranitar|slp|[from] move: Hypnosis
|cant|p1a: Tyranitar|slp
|
|-weather|Sandstorm|[upkeep]
|-damage|p1a: Tyranitar|62/100 slp|[from] Sandstorm
|-damage|p2b: Sableye|72/100|[from] Sandstorm
|upkeep
|turn|10
|
|t:|1757661027
|move|p2b: Sableye|Disable|p1b: Corviknight
|-start|p1b: Corviknight|Disable|Brave Bird
|move|p1b: Corviknight|Roost|p1b: Corviknight
|-heal|p1b: Corviknight|100/100
|-singleturn|p1b: Corviknight|move: Roost
|move|p2a: Milotic|Life Dew|p2a: Milotic|[spread] p2a,p2b
|-heal|p2a: Milotic|43/100
|-heal|p2b: Sableye|97/100
|cant|p1a: Tyranitar|slp
|
|-weather|Sandstorm|[upkeep]
|-damage|p1a: Tyranitar|56/100 slp|[from] Sandstorm
|-damage|p2b: Sableye|91/100|[from] Sandstorm
|upkeep
|turn|11
|inactive|Mumpho0 has 30 seconds left.
|
|t:|1757661057
|switch|p2b: Volcarona|Volcarona, L50, M|100/100
|move|p1b: Corviknight|Bulk Up|p1b: Corviknight
|-boost|p1b: Corviknight|atk|1
|-boost|p1b: Corviknight|def|1
|move|p2a: Milotic|Hydro Pump|p1a: Tyranitar
|-damage|p1a: Tyranitar|35/100 slp
|cant|p1a: Tyranitar|slp
|
|-weather|none
|upkeep
|turn|12
|
|t:|1757661082
|move|p2b: Volcarona|Heat Wave|p1b: Corviknight|[spread] p1a,p1b
|-supereffective|p1b: Corviknight
|-damage|p1a: Tyranitar|0 fnt
|-damage|p1b: Corviknight|12/100
|faint|p1a: Tyranitar
|move|p1b: Corviknight|Power Trip|p2b: Volcarona
|-damage|p2b: Volcarona|74/100
|move|p2a: Milotic|Life Dew|p2a: Milotic|[spread] p2a,p2b
|-heal|p2a: Milotic|68/100
|-heal|p2b: Volcarona|99/100
|
|upkeep
|
|t:|1757661092
|switch|p1a: Excadrill|Excadrill, L50, F, shiny|3/100
|turn|13
|
|t:|1757661110
|move|p1a: Excadrill|Earthquake|p2a: Milotic|[spread] p1b,p2a,p2b
|-supereffective|p1b: Corviknight
|-damage|p1b: Corviknight|0 fnt
|-damage|p2a: Milotic|23/100
|-damage|p2b: Volcarona|32/100
|faint|p1b: Corviknight
|move|p2b: Volcarona|Heat Wave|p1a: Excadrill
|-supereffective|p1a: Excadrill
|-damage|p1a: Excadrill|0 fnt
|faint|p1a: Excadrill
|
|win|Dosa16
|raw|Mumpho0's rating: 1071 → 1050(-21 for losing)
|raw|Dosa16's rating: 1062 → 1093(+31 for winning)
|l|☆Mumpho0
|player|p1|
|c|☆Dosa16|gg
|l|☆Dosa16
|player|p2|
