|j|☆sorecruiser
|j|☆HunterOnShowdown
|html|sorecruiserHunterOnShowdown    
|uhtml|bestof|Game 2 of a best-of-3
|t:|1757119921
|gametype|doubles
|player|p1|sorecruiser|furisodegirl-black|1137
|player|p2|HunterOnShowdown|hilbert-masters2|1160
|gen|9
|tier|[Gen 9] VGC 2025 Reg H (Bo3)
|rated|
|rule|Species Clause: Limit one of each Pokémon
|rule|Item Clause: Limit 1 of each item
|clearpoke
|poke|p1|Gholdengo, L50|
|poke|p1|Whimsicott, L50, M|
|poke|p1|Sneasler, L50, F|
|poke|p1|Basculegion, L50, M|
|poke|p1|Hydreigon, L50, M|
|poke|p1|Magmar, L50, M|
|poke|p2|Volcarona, L50, F|
|poke|p2|Dragonite, L50, M|
|poke|p2|Sneasler, L50, M|
|poke|p2|Meowscarada, L50, F|
|poke|p2|Kingambit, L50, M|
|poke|p2|Electabuzz, L50, M|
|teampreview|4
|showteam|p1|Gholdengo||MetalCoat|GoodasGold|MakeItRain,ShadowBall,NastyPlot,Protect||||||50|,,,,,Steel]Whimsicott||CovertCloak|Prankster|Tailwind,Encore,FakeTears,Moonblast|||M|||50|,,,,,Dark]Sneasler||FocusSash|PoisonTouch|Protect,CloseCombat,DireClaw,ThroatChop|||F|||50|,,,,,Dark]Basculegion||ChoiceScarf|Adaptability|LastRespects,WaveCrash,AquaJet,FlipTurn|||M|||50|,,,,,Ghost]Hydreigon||ChoiceSpecs|Levitate|DarkPulse,DracoMeteor,Snarl,HeatWave|||M|||50|,,,,,Fire]Magmar||Eviolite|VitalSpirit|Protect,FollowMe,HeatWave,Taunt|||M|||50|,,,,,Ghost
|showteam|p2|Volcarona||Leftovers|FlameBody|FieryDance,QuiverDance,TeraBlast,Protect|||F|||50|,,,,,Dragon]Dragonite||LoadedDice|Multiscale|Haze,ScaleShot,StompingTantrum,Protect|||M|||50|,,,,,Fairy]Sneasler||WhiteHerb|Unburden|Coaching,CloseCombat,DireClaw,FakeOut|||M|||50|,,,,,Ghost]Meowscarada||FocusSash|Overgrow|KnockOff,FlowerTrick,TripleAxel,Protect|||F|||50|,,,,,Ghost]Kingambit||BlackGlasses|Defiant|SuckerPunch,KowtowCleave,SwordsDance,Protect|||M|||50|,,,,,Dark]Electabuzz||Eviolite|VitalSpirit|Taunt,Electroweb,FollowMe,Protect|||M|||50|,,,,,Ghost
|inactive|Battle timer is ON: inactive players will automatically lose when time's up. (requested by HunterOnShowdown)
|inactive|sorecruiser has 60 seconds left.
|inactive|HunterOnShowdown has 60 seconds left.
|
|t:|1757119969
|teamsize|p1|4
|teamsize|p2|4
|start
|switch|p1a: Hydreigon|Hydreigon, L50, M|100/100
|switch|p1b: Magmar|Magmar, L50, M|100/100
|switch|p2a: Sneasler|Sneasler, L50, M|100/100
|switch|p2b: Kingambit|Kingambit, L50, M, shiny|100/100
|turn|1
|inactive|sorecruiser has 30 seconds left.
|
|t:|1757119997
|move|p2a: Sneasler|Fake Out|p1a: Hydreigon
|-damage|p1a: Hydreigon|84/100
|cant|p1a: Hydreigon|flinch
|move|p1b: Magmar|Taunt|p2b: Kingambit
|-start|p2b: Kingambit|move: Taunt
|cant|p2b: Kingambit|move: Taunt|Swords Dance
|
|upkeep
|turn|2
|
|t:|1757120009
|-terastallize|p1a: Hydreigon|Fire
|-terastallize|p2b: Kingambit|Dark
|move|p1b: Magmar|Follow Me|p1b: Magmar
|-singleturn|p1b: Magmar|move: Follow Me
|move|p2a: Sneasler|Coaching|p2b: Kingambit
|-boost|p2b: Kingambit|atk|1
|-boost|p2b: Kingambit|def|1
|move|p1a: Hydreigon|Heat Wave|p2b: Kingambit|[spread] p2a,p2b
|-damage|p2a: Sneasler|21/100
|-damage|p2b: Kingambit|39/100
|move|p2b: Kingambit|Kowtow Cleave|p1b: Magmar
|-damage|p1b: Magmar|15/100
|
|upkeep
|turn|3
|inactive|HunterOnShowdown has 30 seconds left.
|
|t:|1757120036
|move|p1b: Magmar|Follow Me|p1b: Magmar
|-singleturn|p1b: Magmar|move: Follow Me
|move|p2a: Sneasler|Dire Claw|p1b: Magmar
|-damage|p1b: Magmar|0 fnt
|faint|p1b: Magmar
|move|p1a: Hydreigon|Heat Wave|p2a: Sneasler|[spread] p2a,p2b
|-damage|p2a: Sneasler|0 fnt
|-damage|p2b: Kingambit|0 fnt
|faint|p2a: Sneasler
|faint|p2b: Kingambit
|
|upkeep
|
|t:|1757120057
|switch|p2a: Electabuzz|Electabuzz, L50, M|100/100
|switch|p1b: Sneasler|Sneasler, L50, F|100/100
|switch|p2b: Meowscarada|Meowscarada, L50, F|100/100
|turn|4
|
|t:|1757120062
|move|p2b: Meowscarada|Protect|p2b: Meowscarada
|-singleturn|p2b: Meowscarada|Protect
|move|p2a: Electabuzz|Protect|p2a: Electabuzz
|-singleturn|p2a: Electabuzz|Protect
|move|p1b: Sneasler|Dire Claw|p2b: Meowscarada
|-activate|p2b: Meowscarada|move: Protect
|move|p1a: Hydreigon|Heat Wave|p2a: Electabuzz|[spread] 
|-activate|p2a: Electabuzz|move: Protect
|-activate|p2b: Meowscarada|move: Protect
|
|upkeep
|turn|5
|
|t:|1757120074
|move|p2b: Meowscarada|Knock Off|p1a: Hydreigon
|-damage|p1a: Hydreigon|28/100
|-enditem|p1a: Hydreigon|Choice Specs|[from] move: Knock Off|[of] p2b: Meowscarada
|move|p1b: Sneasler|Dire Claw|p2b: Meowscarada
|-supereffective|p2b: Meowscarada
|-enditem|p2b: Meowscarada|Focus Sash
|-damage|p2b: Meowscarada|1/100
|move|p1a: Hydreigon|Heat Wave|p2b: Meowscarada|[spread] p2a,p2b
|-supereffective|p2b: Meowscarada
|-damage|p2a: Electabuzz|71/100
|-damage|p2b: Meowscarada|0 fnt
|faint|p2b: Meowscarada
|move|p2a: Electabuzz|Electroweb|p1a: Hydreigon|[spread] p1a,p1b
|-damage|p1a: Hydreigon|11/100
|-damage|p1b: Sneasler|82/100
|-unboost|p1a: Hydreigon|spe|1
|-unboost|p1b: Sneasler|spe|1
|
|upkeep
|turn|6
|
|t:|1757120094
|move|p2a: Electabuzz|Electroweb|p1b: Sneasler|[spread] p1a,p1b
|-damage|p1a: Hydreigon|0 fnt
|-damage|p1b: Sneasler|66/100
|-unboost|p1b: Sneasler|spe|1
|faint|p1a: Hydreigon
|move|p1b: Sneasler|Dire Claw|p2a: Electabuzz
|-damage|p2a: Electabuzz|39/100
|-status|p2a: Electabuzz|psn|[from] ability: Poison Touch|[of] p1b: Sneasler
|
|-damage|p2a: Electabuzz|27/100 psn|[from] psn
|upkeep
|-message|HunterOnShowdown forfeited.
|
|win|sorecruiser
|c|☆HunterOnShowdown|gg2
||HunterOnShowdown is ready for game 3.
|c|☆sorecruiser|gg
