|j|☆sparshjha
|j|☆meikh_neiht
|html|sparshjhameikh_neiht    
|uhtml|bestof|Game 1 of a best-of-3
|t:|1783248764
|gametype|doubles
|player|p1|sparshjha|1|1209
|player|p2|meikh_neiht|lucas|1305
|gen|9
|tier|[Gen 9 Champions] VGC 2026 Reg M-B (Bo3)
|rated|
|rule|Species Clause: Limit one of each Pokémon
|rule|Item Clause: Limit 1 of each item
|clearpoke
|poke|p1|Charizard, L50, M|
|poke|p1|Whimsicott, L50, M|
|poke|p1|Garchomp, L50, F|
|poke|p1|Incineroar, L50, F|
|poke|p1|Basculegion, L50, M|
|poke|p1|Floette-Eternal, L50, F|
|poke|p2|Staraptor, L50, F|
|poke|p2|Sinistcha, L50|
|poke|p2|Maushold, L50|
|poke|p2|Kingambit, L50, M|
|poke|p2|Sneasler, L50, F|
|poke|p2|Delphox, L50, M|
|teampreview|4
|showteam|p1|Charizard||CharizarditeY|Blaze|Protect,HeatWave,WeatherBall,SolarBeam|Modest||M|||50|]Whimsicott||FocusSash|Prankster|Moonblast,Encore,Protect,Tailwind|Timid||M|||50|]Garchomp||RoseliBerry|RoughSkin|RockTomb,Protect,Earthquake,DragonClaw|Adamant||F|||50|]Incineroar||SitrusBerry|Intimidate|FakeOut,FlareBlitz,DarkestLariat,PartingShot|Adamant||F|||50|]Basculegion||LifeOrb|Adaptability|AquaJet,LastRespects,WaveCrash,Protect|Adamant||M|||50|]Floette-Eternal||Floettite|FlowerVeil|Protect,LightofRuin,DazzlingGleam,Moonblast|Timid||F|||50|
|showteam|p2|Staraptor||Staraptite|Intimidate|CloseCombat,BraveBird,Roost,Protect|Adamant||F|||50|]Sinistcha||SitrusBerry|Hospitality|RagePowder,MatchaGotcha,StrengthSap,LifeDew|Calm|||||50|]Maushold||ChopleBerry|FriendGuard|Encore,Charm,FollowMe,Protect|Timid|||||50|]Kingambit||BlackGlasses|Defiant|KowtowCleave,SuckerPunch,SwordsDance,Protect|Adamant||M|||50|]Sneasler||WhiteHerb|Unburden|CloseCombat,DireClaw,FakeOut,Protect|Jolly||F|||50|]Delphox||Delphoxite|Blaze|HeatWave,Psyshock,NastyPlot,Protect|Timid||M|||50|
|inactive|Battle timer is ON: inactive players will automatically lose when time's up. (requested by sparshjha)
|inactive|sparshjha has 60 seconds left.
|
|t:|1783248823
|teamsize|p1|4
|teamsize|p2|4
|start
|switch|p1a: Charizard|Charizard, L50, M|100/100
|switch|p1b: Whimsicott|Whimsicott, L50, M|100/100
|switch|p2a: Maushold|Maushold, L50|100/100
|switch|p2b: Delphox|Delphox, L50, M|100/100
|turn|1
|inactive|sparshjha has 30 seconds left.
|inactive|sparshjha has 20 seconds left.
|
|t:|1783248860
|detailschange|p2b: Delphox|Delphox-Mega, L50, M
|-mega|p2b: Delphox|Delphox|Delphoxite
|detailschange|p1a: Charizard|Charizard-Mega-Y, L50, M
|-mega|p1a: Charizard|Charizard|Charizardite Y
|-weather|SunnyDay|[from] ability: Drought|[of] p1a: Charizard
|move|p2a: Maushold|Protect|p2a: Maushold
|-singleturn|p2a: Maushold|Protect
|move|p1b: Whimsicott|Tailwind|p1b: Whimsicott
|-sidestart|p1: sparshjha|move: Tailwind
|move|p1a: Charizard|Heat Wave|p2a: Maushold|[spread] p2b
|-activate|p2a: Maushold|move: Protect
|-resisted|p2b: Delphox|1
|-damage|p2b: Delphox|76/100
|move|p2b: Delphox|Nasty Plot|p2b: Delphox
|-boost|p2b: Delphox|spa|2
|
|-weather|SunnyDay|[upkeep]
|upkeep
|turn|2
|inactive|sparshjha has 30 seconds left.
|
|t:|1783248888
|move|p2a: Maushold|Follow Me|p2a: Maushold
|-singleturn|p2a: Maushold|move: Follow Me
|move|p1b: Whimsicott|Encore|p2a: Maushold
|-start|p2a: Maushold|Encore
|move|p1a: Charizard|Heat Wave|p2a: Maushold|[spread] p2a
|-miss|p1a: Charizard|p2b: Delphox
|-damage|p2a: Maushold|8/100
|move|p2b: Delphox|Heat Wave|p1a: Charizard|[spread] p1a,p1b
|-resisted|p1a: Charizard|1
|-supereffective|p1b: Whimsicott|1
|-damage|p1a: Charizard|43/100
|-enditem|p1b: Whimsicott|Focus Sash
|-damage|p1b: Whimsicott|1/100
|
|-weather|SunnyDay|[upkeep]
|upkeep
|turn|3
|inactive|sparshjha has 30 seconds left.
|inactive|sparshjha has 20 seconds left.
|
|t:|1783248926
|move|p1b: Whimsicott|Protect|p1b: Whimsicott
|-singleturn|p1b: Whimsicott|Protect
|move|p1a: Charizard|Protect|p1a: Charizard
|-singleturn|p1a: Charizard|Protect
|move|p2a: Maushold|Follow Me|p2a: Maushold
|-singleturn|p2a: Maushold|move: Follow Me
|move|p2b: Delphox|Heat Wave|p1a: Charizard|[spread] 
|-activate|p1a: Charizard|move: Protect
|-activate|p1b: Whimsicott|move: Protect
|
|-weather|SunnyDay|[upkeep]
|upkeep
|turn|4
|
|t:|1783248943
|switch|p1b: Incineroar|Incineroar, L50, F|100/100
|-ability|p1b: Incineroar|Intimidate|boost
|-unboost|p2a: Maushold|atk|1
|-unboost|p2b: Delphox|atk|1
|move|p2a: Maushold|Follow Me|p2a: Maushold
|-singleturn|p2a: Maushold|move: Follow Me
|move|p1a: Charizard|Heat Wave|p2a: Maushold|[spread] p2a,p2b
|-resisted|p2b: Delphox|1
|-crit|p2b: Delphox
|-damage|p2a: Maushold|0 fnt
|-damage|p2b: Delphox|45/100
|faint|p2a: Maushold
|move|p2b: Delphox|Heat Wave|p1a: Charizard|[spread] 
|-miss|p2b: Delphox|p1a: Charizard
|-miss|p2b: Delphox|p1b: Incineroar
|
|-weather|SunnyDay|[upkeep]
|-sideend|p1: sparshjha|move: Tailwind
|upkeep
|
|t:|1783248956
|switch|p2a: Sneasler|Sneasler, L50, F|100/100
|turn|5
|inactive|sparshjha has 30 seconds left.
|
|t:|1783248990
|move|p2a: Sneasler|Fake Out|p1b: Incineroar
|-damage|p1b: Incineroar|87/100
|move|p2b: Delphox|Psyshock|p1a: Charizard
|-damage|p1a: Charizard|0 fnt
|faint|p1a: Charizard
|cant|p1b: Incineroar|flinch
|
|-weather|none
|upkeep
|
|t:|1783249005
|switch|p1a: Whimsicott|Whimsicott, L50, M|1/100
|turn|6
|
|t:|1783249019
|move|p2a: Sneasler|Protect|p2a: Sneasler
|-singleturn|p2a: Sneasler|Protect
|move|p1a: Whimsicott|Tailwind|p1a: Whimsicott
|-sidestart|p1: sparshjha|move: Tailwind
|move|p2b: Delphox|Heat Wave|p1a: Whimsicott|[spread] p1a,p1b
|-supereffective|p1a: Whimsicott|1
|-resisted|p1b: Incineroar|1
|-damage|p1a: Whimsicott|0 fnt
|-damage|p1b: Incineroar|52/100
|faint|p1a: Whimsicott
|move|p1b: Incineroar|Darkest Lariat|p2b: Delphox
|-supereffective|p2b: Delphox|1
|-damage|p2b: Delphox|0 fnt
|faint|p2b: Delphox
|
|upkeep
|
|t:|1783249029
|switch|p2b: Kingambit|Kingambit, L50, M|100/100
|switch|p1a: Basculegion|Basculegion, L50, M|100/100
|turn|7
|inactive|sparshjha has 30 seconds left.
|inactive|sparshjha has 20 seconds left.
|inactive|sparshjha has 15 seconds left.
|
|t:|1783249069
|move|p2b: Kingambit|Protect|p2b: Kingambit
|-singleturn|p2b: Kingambit|Protect
|move|p1a: Basculegion|Last Respects|p2a: Sneasler
|-damage|p2a: Sneasler|0 fnt
|faint|p2a: Sneasler
|-damage|p1a: Basculegion|90/100|[from] item: Life Orb
|move|p1b: Incineroar|Flare Blitz|p2b: Kingambit
|-activate|p2b: Kingambit|move: Protect
|
|upkeep
|turn|8
|c|☆meikh_neiht|sigh
|c|☆meikh_neiht|i threw there
|
|t:|1783249093
|move|p1a: Basculegion|Protect|p1a: Basculegion
|-singleturn|p1a: Basculegion|Protect
|move|p1b: Incineroar|Flare Blitz|p2b: Kingambit
|-supereffective|p2b: Kingambit|1
|-crit|p2b: Kingambit
|-damage|p2b: Kingambit|0 fnt
|faint|p2b: Kingambit
|-damage|p1b: Incineroar|18/100|[from] Recoil
|-enditem|p1b: Incineroar|Sitrus Berry|[eat]
|-heal|p1b: Incineroar|43/100|[from] item: Sitrus Berry
|
|win|sparshjha
||sparshjha is ready for game 2.
||meikh_neiht is ready for game 2.
|uhtml|next|Next: Game 2 of 3
|l|☆sparshjha
|player|p1|
