|j|☆josius111
|j|☆GS Barnabe
|html|josius111GS Barnabe    
|uhtml|bestof|Game 2 of a best-of-3
|t:|1785942552
|gametype|doubles
|player|p1|josius111|266|1049
|player|p2|GS Barnabe|1|1127
|gen|9
|tier|[Gen 9 Champions] VGC 2026 Reg M-B (Bo3)
|rated|
|rule|Species Clause: Limit one of each Pokémon
|rule|Item Clause: Limit 1 of each item
|clearpoke
|poke|p1|Typhlosion-Hisui, L50, M|
|poke|p1|Sneasler, L50, M|
|poke|p1|Tsareena, L50, F|
|poke|p1|Aerodactyl, L50, M|
|poke|p1|Blastoise, L50, M|
|poke|p1|Excadrill, L50, F|
|poke|p2|Clefable, L50, F|
|poke|p2|Tyranitar, L50, F|
|poke|p2|Garchomp, L50, M|
|poke|p2|Gholdengo, L50|
|poke|p2|Rotom-Wash, L50|
|poke|p2|Aerodactyl, L50, M|
|teampreview|4
|showteam|p1|Typhlosion-Hisui||ChoiceScarf|Frisk|HeatWave,ShadowBall,Overheat,Eruption|Timid||M|||50|]Sneasler||WhiteHerb|Unburden|Coaching,CloseCombat,FakeOut,DireClaw|Adamant||M|||50|]Tsareena||MiracleSeed|QueenlyMajesty|Protect,TropKick,LowKick,TripleAxel|Adamant||F|||50|]Aerodactyl||FocusSash|Unnerve|Protect,RockSlide,Tailwind,DualWingbeat|Jolly||M|||50|]Blastoise||Blastoisinite|RainDish|Protect,DarkPulse,WaterSpout,AuraSphere|Modest||M|||50|]Excadrill||Excadrite|MoldBreaker|Protect,IronHead,RockSlide,HighHorsepower|Jolly||F|||50|
|showteam|p2|Clefable||SitrusBerry|Unaware|Moonblast,FollowMe,HealPulse,Protect|Bold||F|||50|]Tyranitar||ChoiceScarf|SandStream|RockSlide,KnockOff,IcePunch,Superpower|Jolly||F|||50|]Garchomp||Garchompite|SandVeil|DracoMeteor,EarthPower,PowerGem,Protect|Modest||M|||50|]Gholdengo||LifeOrb|GoodasGold|MakeItRain,ShadowBall,NastyPlot,Protect|Modest|||||50|]Rotom-Wash||Leftovers|Levitate|HydroPump,VoltSwitch,WillOWisp,Protect|Calm|||||50|]Aerodactyl||Aerodactylite|RockHead|RockSlide,DualWingbeat,Tailwind,Protect|Jolly||M|||50|
|
|t:|1785942622
|teamsize|p1|4
|teamsize|p2|4
|start
|switch|p1a: Blastoise|Blastoise, L50, M|100/100
|switch|p1b: Aerodactyl|Aerodactyl, L50, M|100/100
|switch|p2a: Rotom|Rotom-Wash, L50|100/100
|switch|p2b: Aerodactyl|Aerodactyl, L50, M|100/100
|-ability|p1b: Aerodactyl|Unnerve
|turn|1
|
|t:|1785942650
|detailschange|p2b: Aerodactyl|Aerodactyl-Mega, L50, M
|-mega|p2b: Aerodactyl|Aerodactyl|Aerodactylite
|detailschange|p1a: Blastoise|Blastoise-Mega, L50, M
|-mega|p1a: Blastoise|Blastoise|Blastoisinite
|move|p2b: Aerodactyl|Tailwind|p2b: Aerodactyl
|-sidestart|p2: GS Barnabe|move: Tailwind
|move|p2a: Rotom|Volt Switch|p1a: Blastoise
|-supereffective|p1a: Blastoise|1
|-damage|p1a: Blastoise|53/100
|
|t:|1785942665
|switch|p2a: Garchomp|Garchomp, L50, M|100/100|[from] Volt Switch
|move|p1b: Aerodactyl|Tailwind|p1b: Aerodactyl
|-sidestart|p1: josius111|move: Tailwind
|move|p1a: Blastoise|Dark Pulse|p2a: Garchomp
|-damage|p2a: Garchomp|47/100
|
|upkeep
|turn|2
|
|t:|1785942690
|move|p1b: Aerodactyl|Protect|p1b: Aerodactyl
|-singleturn|p1b: Aerodactyl|Protect
|move|p2b: Aerodactyl|Rock Slide|p1b: Aerodactyl|[spread] p1a
|-activate|p1b: Aerodactyl|move: Protect
|-damage|p1a: Blastoise|27/100
|move|p2a: Garchomp|Earth Power|p1a: Blastoise
|-damage|p1a: Blastoise|0 fnt
|faint|p1a: Blastoise
|
|upkeep
|
|t:|1785942697
|switch|p1a: Tsareena|Tsareena, L50, F|100/100
|turn|3
|
|t:|1785942712
|move|p2b: Aerodactyl|Dual Wingbeat|p1a: Tsareena|[miss]
|-miss|p2b: Aerodactyl|p1a: Tsareena
|move|p1b: Aerodactyl|Rock Slide|p2b: Aerodactyl|[spread] p2b
|-miss|p1b: Aerodactyl|p2a: Garchomp
|-supereffective|p2b: Aerodactyl|1
|-damage|p2b: Aerodactyl|41/100
|move|p2a: Garchomp|Power Gem|p1b: Aerodactyl
|-supereffective|p1b: Aerodactyl|1
|-damage|p1b: Aerodactyl|40/100
|move|p1a: Tsareena|Triple Axel|p2a: Garchomp
|-supereffective|p2a: Garchomp|2
|-damage|p2a: Garchomp|18/100
|-hitcount|p2a: Garchomp|1
|
|upkeep
|turn|4
|inactive|Battle timer is ON: inactive players will automatically lose when time's up. (requested by GS Barnabe)
|inactive|josius111 has 60 seconds left.
|
|t:|1785942826
|move|p2b: Aerodactyl|Dual Wingbeat|p1a: Tsareena
|-supereffective|p1a: Tsareena|1
|-damage|p1a: Tsareena|43/100
|-supereffective|p1a: Tsareena|1
|-damage|p1a: Tsareena|0 fnt
|faint|p1a: Tsareena
|-hitcount|p1: Tsareena|2
|move|p1b: Aerodactyl|Rock Slide|p2a: Garchomp|[spread] p2a,p2b
|-resisted|p2a: Garchomp|1
|-supereffective|p2b: Aerodactyl|1
|-damage|p2a: Garchomp|6/100
|-damage|p2b: Aerodactyl|0 fnt
|faint|p2b: Aerodactyl
|move|p2a: Garchomp|Power Gem|p1b: Aerodactyl
|-supereffective|p1b: Aerodactyl|1
|-damage|p1b: Aerodactyl|0 fnt
|faint|p1b: Aerodactyl
|
|-sideend|p1: josius111|move: Tailwind
|-sideend|p2: GS Barnabe|move: Tailwind
|upkeep
|
|t:|1785942849
|switch|p2b: Rotom|Rotom-Wash, L50|100/100
|switch|p1b: Sneasler|Sneasler, L50, M|100/100
|turn|5
|
|t:|1785942867
|move|p2a: Garchomp|Protect|p2a: Garchomp
|-singleturn|p2a: Garchomp|Protect
|move|p2b: Rotom|Protect|p2b: Rotom
|-singleturn|p2b: Rotom|Protect
|move|p1b: Sneasler|Fake Out|p2a: Garchomp
|-activate|p2a: Garchomp|move: Protect
|
|upkeep
|turn|6
|inactive|GS Barnabe has 30 seconds left.
|
|t:|1785942899
|move|p1b: Sneasler|Dire Claw|p2a: Garchomp
|-resisted|p2a: Garchomp|1
|-damage|p2a: Garchomp|0 fnt
|faint|p2a: Garchomp
|move|p2b: Rotom|Will-O-Wisp|p1b: Sneasler
|-status|p1b: Sneasler|brn
|
|-damage|p1b: Sneasler|94/100 brn|[from] brn
|upkeep
|
|t:|1785942909
|switch|p2a: Gholdengo|Gholdengo, L50|100/100
|turn|7
|
|t:|1785942917
|move|p1b: Sneasler|Close Combat|p2b: Rotom
|-damage|p2b: Rotom|62/100
|-unboost|p1b: Sneasler|def|1
|-unboost|p1b: Sneasler|spd|1
|-enditem|p1b: Sneasler|White Herb
|-clearnegativeboost|p1b: Sneasler|[silent]
|move|p2b: Rotom|Hydro Pump|p1b: Sneasler|[miss]
|-miss|p2b: Rotom|p1b: Sneasler
|move|p2a: Gholdengo|Nasty Plot|p2a: Gholdengo
|-boost|p2a: Gholdengo|spa|2
|
|-heal|p2b: Rotom|68/100|[from] item: Leftovers
|-damage|p1b: Sneasler|88/100 brn|[from] brn
|upkeep
|turn|8
|
|t:|1785942936
|move|p1b: Sneasler|Close Combat|p2b: Rotom
|-damage|p2b: Rotom|28/100
|-unboost|p1b: Sneasler|def|1
|-unboost|p1b: Sneasler|spd|1
|move|p2b: Rotom|Hydro Pump|p1b: Sneasler
|-damage|p1b: Sneasler|8/100 brn
|move|p2a: Gholdengo|Make It Rain|p1b: Sneasler
|-damage|p1b: Sneasler|0 fnt
|-unboost|p2a: Gholdengo|spa|2
|faint|p1b: Sneasler
|-damage|p2a: Gholdengo|90/100|[from] item: Life Orb
|
|win|GS Barnabe
|inactive|josius111 has 29 seconds to confirm battle start!
|inactive|GS Barnabe has 29 seconds to confirm battle start!
