|j|☆don zaloog is real
|j|☆NicoHax
|html|don zaloog is realNicoHax    
|uhtml|bestof|Game 2 of a best-of-3
|t:|1756482484
|gametype|doubles
|player|p1|don zaloog is real|collector|1254
|player|p2|NicoHax|ethan|1243
|gen|9
|tier|[Gen 9] VGC 2025 Reg H (Bo3)
|rated|
|rule|Species Clause: Limit one of each Pokémon
|rule|Item Clause: Limit 1 of each item
|clearpoke
|poke|p1|Murkrow, L50, F|
|poke|p1|Basculegion, L50, M|
|poke|p1|Gholdengo, L50|
|poke|p1|Pawmot, L50, M|
|poke|p1|Kommo-o, L50, F|
|poke|p1|Amoonguss, L50, M|
|poke|p2|Sneasler, L50, M|
|poke|p2|Volcarona, L50, M|
|poke|p2|Baxcalibur, L50, F|
|poke|p2|Rillaboom, L50, M|
|poke|p2|Kingambit, L50, M|
|poke|p2|Dondozo, L50, M|
|teampreview|4
|showteam|p1|Murkrow||Eviolite|Prankster|BraveBird,Tailwind,Quash,Haze|||F|||50|,,,,,Ghost]Basculegion||ChoiceScarf|Adaptability|LastRespects,WaveCrash,FlipTurn,AquaJet|||M|||50|,,,,,Grass]Gholdengo||ChoiceSpecs|GoodasGold|MakeItRain,ShadowBall,PowerGem,SteelBeam||||||50|,,,,,Steel]Pawmot||FocusSash|VoltAbsorb|CloseCombat,DoubleShock,Protect,RevivalBlessing|||M|||50|,,,,,Electric]Kommo-o||LifeOrb|Overcoat|ClangingScales,AuraSphere,Flamethrower,Protect|||F|||50|,,,,,Fire]Amoonguss||CovertCloak|Regenerator|LeafStorm,Protect,Spore,RagePowder|||M|||50|,,,,,Water
|showteam|p2|Sneasler||FocusSash|Unburden|FakeOut,CloseCombat,DireClaw,Coaching|||M|||50|,,,,,Stellar]Volcarona||CovertCloak|FlameBody|QuiverDance,HeatWave,TeraBlast,Protect|||M|||50|,,,,,Fairy]Baxcalibur||LoadedDice|ThermalExchange|Protect,IceShard,ScaleShot,IcicleSpear|||F|||50|,,,,,Ghost]Rillaboom||AssaultVest|GrassySurge|WoodHammer,GrassyGlide,HighHorsepower,FakeOut|||M|||50|,,,,,Water]Kingambit||SafetyGoggles|Defiant|KowtowCleave,SuckerPunch,SwordsDance,Protect|||M|||50|,,,,,Ghost]Dondozo||Leftovers|Unaware|Protect,Yawn,Liquidation,Fissure|||M|||50|,,,,,Poison
|
|t:|1756482503
|teamsize|p1|4
|teamsize|p2|4
|start
|switch|p1a: Kommo-o|Kommo-o, L50, F|100/100
|switch|p1b: Amoonguss|Amoonguss, L50, M|100/100
|switch|p2a: Jonathan|Rillaboom, L50, M|100/100
|switch|p2b: Kaisen|Kingambit, L50, M|100/100
|-fieldstart|move: Grassy Terrain|[from] ability: Grassy Surge|[of] p2a: Jonathan
|turn|1
|
|t:|1756482525
|switch|p1b: Gholdengo|Gholdengo, L50|100/100
|move|p2a: Jonathan|Fake Out|p1a: Kommo-o
|-damage|p1a: Kommo-o|88/100
|cant|p1a: Kommo-o|flinch
|move|p2b: Kaisen|Swords Dance|p2b: Kaisen
|-boost|p2b: Kaisen|atk|2
|
|-heal|p1a: Kommo-o|94/100|[from] Grassy Terrain
|upkeep
|turn|2
|
|t:|1756482560
|-terastallize|p1b: Gholdengo|Steel
|-terastallize|p2b: Kaisen|Ghost
|move|p2b: Kaisen|Sucker Punch|p1b: Gholdengo
|-damage|p1b: Gholdengo|3/100
|move|p1a: Kommo-o|Clanging Scales|p2a: Jonathan|[spread] p2a,p2b
|-damage|p2a: Jonathan|57/100
|-damage|p2b: Kaisen|55/100
|-unboost|p1a: Kommo-o|def|1
|-damage|p1a: Kommo-o|84/100|[from] item: Life Orb
|move|p1b: Gholdengo|Make It Rain|p2a: Jonathan|[spread] p2a,p2b
|-damage|p2a: Jonathan|0 fnt
|-damage|p2b: Kaisen|0 fnt
|-unboost|p1b: Gholdengo|spa|1
|faint|p2a: Jonathan
|faint|p2b: Kaisen
|
|-heal|p1a: Kommo-o|90/100|[from] Grassy Terrain
|-heal|p1b: Gholdengo|9/100|[from] Grassy Terrain
|upkeep
|
|t:|1756482567
|switch|p2a: Laertes|Sneasler, L50, M|100/100
|switch|p2b: Velosa|Volcarona, L50, M|100/100
|turn|3
|
|t:|1756482589
|move|p2a: Laertes|Dire Claw|p1a: Kommo-o
|-damage|p1a: Kommo-o|33/100
|-status|p1a: Kommo-o|par
|move|p2b: Velosa|Heat Wave|p1b: Gholdengo|[spread] p1a,p1b
|-resisted|p1a: Kommo-o
|-supereffective|p1b: Gholdengo
|-damage|p1a: Kommo-o|12/100 par
|-damage|p1b: Gholdengo|0 fnt
|faint|p1b: Gholdengo
|cant|p1a: Kommo-o|par
|
|-heal|p1a: Kommo-o|18/100 par|[from] Grassy Terrain
|upkeep
|
|t:|1756482611
|switch|p1b: Basculegion|Basculegion, L50, M|100/100
|turn|4
|
|t:|1756482643
|move|p2b: Velosa|Protect|p2b: Velosa
|-singleturn|p2b: Velosa|Protect
|move|p1b: Basculegion|Flip Turn|p2a: Laertes
|-damage|p2a: Laertes|35/100
|
|t:|1756482647
|switch|p1b: Amoonguss|Amoonguss, L50, M|100/100|[from] Flip Turn
|move|p2a: Laertes|Dire Claw|p1b: Amoonguss
|-damage|p1b: Amoonguss|61/100
|cant|p1a: Kommo-o|par
|
|-heal|p2a: Laertes|41/100|[from] Grassy Terrain
|-heal|p1a: Kommo-o|24/100 par|[from] Grassy Terrain
|-heal|p1b: Amoonguss|67/100|[from] Grassy Terrain
|upkeep
|turn|5
|
|t:|1756482665
|move|p2a: Laertes|Close Combat|p1b: Amoonguss
|-resisted|p1b: Amoonguss
|-damage|p1b: Amoonguss|40/100
|-unboost|p2a: Laertes|def|1
|-unboost|p2a: Laertes|spd|1
|move|p2b: Velosa|Heat Wave|p1b: Amoonguss|[spread] p1a,p1b
|-resisted|p1a: Kommo-o
|-supereffective|p1b: Amoonguss
|-damage|p1a: Kommo-o|2/100 par
|-damage|p1b: Amoonguss|0 fnt
|faint|p1b: Amoonguss
|move|p1a: Kommo-o|Clanging Scales|p2b: Velosa|[spread] p2a,p2b
|-damage|p2a: Laertes|0 fnt
|-damage|p2b: Velosa|57/100
|faint|p2a: Laertes
|-unboost|p1a: Kommo-o|def|1
|-damage|p1a: Kommo-o|0 fnt|[from] item: Life Orb
|faint|p1a: Kommo-o
|
|-heal|p2b: Velosa|64/100|[from] Grassy Terrain
|-fieldend|move: Grassy Terrain
|upkeep
|
|t:|1756482673
|switch|p1b: Basculegion|Basculegion, L50, M|100/100
|turn|6
|-message|NicoHax forfeited.
|
|win|don zaloog is real
||don zaloog is real is ready for game 3.
||NicoHax is ready for game 3.
|uhtml|next|Next: Game 3 of 3
|l|☆NicoHax
|player|p2|
