|j|☆washingtongargacha
|j|☆Atc13
|html|washingtongargachaAtc13    
|uhtml|bestof|Game 1 of a best-of-3
|t:|1756890678
|gametype|doubles
|player|p1|washingtongargacha|102|1146
|player|p2|Atc13|265|1000
|gen|9
|tier|[Gen 9] VGC 2025 Reg H (Bo3)
|rated|
|rule|Species Clause: Limit one of each Pokémon
|rule|Item Clause: Limit 1 of each item
|clearpoke
|poke|p1|Talonflame, L50, M|
|poke|p1|Gholdengo, L50|
|poke|p1|Dragonite, L50, F|
|poke|p1|Archaludon, L50, M|
|poke|p1|Tyranitar, L50, M|
|poke|p1|Garchomp, L50, M|
|poke|p2|Sneasler, L50, F|
|poke|p2|Ninetales-Alola, L50, F|
|poke|p2|Electabuzz, L50, M|
|poke|p2|Incineroar, L50, M|
|poke|p2|Quaquaval, L50, F|
|poke|p2|Amoonguss, L50, M|
|teampreview|4
|showteam|p1|Talonflame||CovertCloak|GaleWings|Tailwind,BraveBird,Taunt,WillOWisp|||M|||50|,,,,,Ghost]Gholdengo||ChoiceSpecs|GoodasGold|MakeItRain,SteelBeam,ShadowBall,PowerGem||||||50|,,,,,Steel]Dragonite||LoadedDice|Multiscale|ScaleShot,IceSpinner,Haze,Protect|||F|||50|,,,,,Steel]Archaludon||PowerHerb|Sturdy|FlashCannon,ElectroShot,DracoMeteor,Protect|||M|||50|,,,,,Flying]Tyranitar||AssaultVest|SandStream|KnockOff,RockSlide,TeraBlast,LowKick|||M|||50|,,,,,Flying]Garchomp||LifeOrb|RoughSkin|DragonClaw,StompingTantrum,Earthquake,Protect|||M|||50|,,,,,Steel
|showteam|p2|Sneasler||FocusSash|Unburden|Coaching,DireClaw,Acrobatics,Protect|||F|||50|,,,,,Flying]Ninetales-Alola||NeverMeltIce|SnowWarning|AuroraVeil,Encore,Blizzard,Protect|||F|||50|,,,,,Ghost]Electabuzz||Eviolite|VitalSpirit|Taunt,Electroweb,FollowMe,Leer|||M|||50|,,,,,Ghost]Incineroar||SafetyGoggles|Intimidate|FakeOut,FlareBlitz,KnockOff,PartingShot|||M|||50|,,,,,Water]Quaquaval||ClearAmulet|Moxie|AquaStep,CloseCombat,Detect,BulkUp|||F|||50|,,,,,Grass]Amoonguss||RockyHelmet|Regenerator|Spore,PollenPuff,RagePowder,EnergyBall|||M|||50|,,,,,Dark
|
|t:|1756890722
|teamsize|p1|4
|teamsize|p2|4
|start
|switch|p1a: Talonflame|Talonflame, L50, M|100/100
|switch|p1b: Gholdengo|Gholdengo, L50|100/100
|switch|p2a: Ninetales|Ninetales-Alola, L50, F|100/100
|switch|p2b: Quaquaval|Quaquaval, L50, F|100/100
|-weather|Snowscape|[from] ability: Snow Warning|[of] p2a: Ninetales
|turn|1
|
|t:|1756890757
|switch|p2b: Incineroar|Incineroar, L50, M, shiny|100/100
|-ability|p2b: Incineroar|Intimidate|boost
|-unboost|p1a: Talonflame|atk|1
|-unboost|p1b: Gholdengo|atk|1
|move|p1a: Talonflame|Brave Bird|p2b: Incineroar
|-damage|p2b: Incineroar|78/100
|-damage|p1a: Talonflame|92/100|[from] Recoil
|move|p2a: Ninetales|Aurora Veil|p2a: Ninetales
|-sidestart|p2: Atc13|move: Aurora Veil
|move|p1b: Gholdengo|Make It Rain|p2b: Incineroar|[spread] p2a,p2b
|-supereffective|p2a: Ninetales
|-resisted|p2b: Incineroar
|-damage|p2a: Ninetales|0 fnt
|-damage|p2b: Incineroar|53/100
|-unboost|p1b: Gholdengo|spa|1
|faint|p2a: Ninetales
|
|-weather|Snowscape|[upkeep]
|upkeep
|
|t:|1756890776
|switch|p2a: Electabuzz|Electabuzz, L50, M|100/100
|turn|2
|
|t:|1756890794
|switch|p1b: Garchomp|Garchomp, L50, M|100/100
|move|p2a: Electabuzz|Follow Me|p2a: Electabuzz
|-singleturn|p2a: Electabuzz|move: Follow Me
|move|p1a: Talonflame|Taunt|p2a: Electabuzz
|-start|p2a: Electabuzz|move: Taunt
|move|p2b: Incineroar|Knock Off|p1b: Garchomp
|-damage|p1b: Garchomp|45/100
|-damage|p2b: Incineroar|41/100|[from] ability: Rough Skin|[of] p1b: Garchomp
|-enditem|p1b: Garchomp|Life Orb|[from] move: Knock Off|[of] p2b: Incineroar
|
|-weather|Snowscape|[upkeep]
|upkeep
|turn|3
|
|t:|1756890823
|switch|p2a: Quaquaval|Quaquaval, L50, F|100/100
|-terastallize|p2b: Incineroar|Water
|move|p1a: Talonflame|Tailwind|p1a: Talonflame
|-sidestart|p1: washingtongargacha|move: Tailwind
|move|p1b: Garchomp|Earthquake|p2a: Quaquaval|[spread] p2a,p2b
|-immune|p1a: Talonflame
|-damage|p2a: Quaquaval|72/100
|-damage|p2b: Incineroar|16/100
|move|p2b: Incineroar|Parting Shot|p1b: Garchomp
|-unboost|p1b: Garchomp|atk|1
|-unboost|p1b: Garchomp|spa|1
|
|t:|1756890837
|switch|p2b: Electabuzz|Electabuzz, L50, M|100/100|[from] Parting Shot
|
|-weather|Snowscape|[upkeep]
|upkeep
|turn|4
|
|t:|1756890851
|switch|p1b: Gholdengo|Gholdengo, L50|100/100
|move|p2b: Electabuzz|Follow Me|p2b: Electabuzz
|-singleturn|p2b: Electabuzz|move: Follow Me
|move|p1a: Talonflame|Brave Bird|p2b: Electabuzz
|-resisted|p2b: Electabuzz
|-damage|p2b: Electabuzz|95/100
|-damage|p1a: Talonflame|90/100|[from] Recoil
|move|p2a: Quaquaval|Bulk Up|p2a: Quaquaval
|-boost|p2a: Quaquaval|atk|1
|-boost|p2a: Quaquaval|def|1
|
|-weather|Snowscape|[upkeep]
|upkeep
|turn|5
|
|t:|1756890879
|move|p2a: Quaquaval|Detect|p2a: Quaquaval
|-singleturn|p2a: Quaquaval|Protect
|move|p1a: Talonflame|Taunt|p2b: Electabuzz
|-start|p2b: Electabuzz|move: Taunt
|move|p1b: Gholdengo|Make It Rain|p2b: Electabuzz|[spread] p2b
|-activate|p2a: Quaquaval|move: Protect
|-resisted|p2b: Electabuzz
|-damage|p2b: Electabuzz|78/100
|-unboost|p1b: Gholdengo|spa|1
|move|p2b: Electabuzz|Electroweb|p1b: Gholdengo|[spread] p1a,p1b
|-supereffective|p1a: Talonflame
|-damage|p1a: Talonflame|52/100
|-damage|p1b: Gholdengo|85/100
|-unboost|p1b: Gholdengo|spe|1
|
|-weather|none
|-sideend|p2: Atc13|move: Aurora Veil
|upkeep
|turn|6
|
|t:|1756890909
|move|p1a: Talonflame|Brave Bird|p2a: Quaquaval
|-supereffective|p2a: Quaquaval
|-damage|p2a: Quaquaval|34/100
|-damage|p1a: Talonflame|39/100|[from] Recoil
|move|p1b: Gholdengo|Make It Rain|p2a: Quaquaval|[spread] p2a,p2b
|-resisted|p2a: Quaquaval
|-resisted|p2b: Electabuzz
|-damage|p2a: Quaquaval|8/100
|-damage|p2b: Electabuzz|61/100
|-unboost|p1b: Gholdengo|spa|1
|move|p2a: Quaquaval|Bulk Up|p2a: Quaquaval
|-boost|p2a: Quaquaval|atk|1
|-boost|p2a: Quaquaval|def|1
|move|p2b: Electabuzz|Electroweb|p1a: Talonflame|[spread] p1a,p1b
|-supereffective|p1a: Talonflame
|-damage|p1a: Talonflame|6/100
|-damage|p1b: Gholdengo|69/100
|-unboost|p1b: Gholdengo|spe|1
|
|-sideend|p1: washingtongargacha|move: Tailwind
|upkeep
|turn|7
|
|t:|1756890934
|move|p2a: Quaquaval|Detect|p2a: Quaquaval
|-singleturn|p2a: Quaquaval|Protect
|move|p1a: Talonflame|Tailwind|p1a: Talonflame
|-sidestart|p1: washingtongargacha|move: Tailwind
|move|p2b: Electabuzz|Electroweb|p1b: Gholdengo|[spread] p1a,p1b
|-supereffective|p1a: Talonflame
|-damage|p1a: Talonflame|0 fnt
|-damage|p1b: Gholdengo|55/100
|-unboost|p1b: Gholdengo|spe|1
|faint|p1a: Talonflame
|move|p1b: Gholdengo|Make It Rain|p2a: Quaquaval|[spread] p2b
|-activate|p2a: Quaquaval|move: Protect
|-resisted|p2b: Electabuzz
|-damage|p2b: Electabuzz|48/100
|-unboost|p1b: Gholdengo|spa|1
|
|-end|p2b: Electabuzz|move: Taunt
|upkeep
|
|t:|1756890954
|switch|p1a: Garchomp|Garchomp, L50, M|45/100
|turn|8
|
|t:|1756890972
|move|p2b: Electabuzz|Follow Me|p2b: Electabuzz
|-singleturn|p2b: Electabuzz|move: Follow Me
|move|p1a: Garchomp|Earthquake|p2a: Quaquaval|[spread] p1b,p2a,p2b
|-supereffective|p1b: Gholdengo
|-supereffective|p2b: Electabuzz
|-damage|p1b: Gholdengo|0 fnt
|-damage|p2a: Quaquaval|0 fnt
|-damage|p2b: Electabuzz|0 fnt
|faint|p1b: Gholdengo
|faint|p2a: Quaquaval
|faint|p2b: Electabuzz
|
|upkeep
|
|t:|1756890983
|switch|p2b: Incineroar|Incineroar, L50, M, shiny, tera:Water|16/100
|switch|p1b: Archaludon|Archaludon, L50, M|100/100
|-ability|p2b: Incineroar|Intimidate|boost
|-unboost|p1a: Garchomp|atk|1
|-unboost|p1b: Archaludon|atk|1
|turn|9
|-message|Atc13 forfeited.
|
|win|washingtongargacha
|l|☆Atc13
|player|p2|
