|j|☆Joriot
|j|☆DONTARIC
|html|JoriotDONTARIC    
|uhtml|bestof|Game 1 of a best-of-3
|t:|1785751247
|gametype|doubles
|player|p1|Joriot|falkner|1188
|player|p2|DONTARIC|265|1109
|gen|9
|tier|[Gen 9 Champions] VGC 2026 Reg M-B (Bo3)
|rated|
|rule|Species Clause: Limit one of each Pokémon
|rule|Item Clause: Limit 1 of each item
|clearpoke
|poke|p1|Staraptor, L50, M|
|poke|p1|Arcanine-Hisui, L50, M|
|poke|p1|Kingambit, L50, M|
|poke|p1|Raichu, L50, M|
|poke|p1|Farigiraf, L50, M|
|poke|p1|Sylveon, L50, M|
|poke|p2|Venusaur, L50, F|
|poke|p2|Charizard, L50, M|
|poke|p2|Garchomp, L50, M|
|poke|p2|Incineroar, L50, F|
|poke|p2|Floette-Eternal, L50, F|
|poke|p2|Sinistcha, L50|
|teampreview|4
|showteam|p1|Staraptor||Staraptite|Intimidate|DualWingbeat,CloseCombat,Tailwind,Protect|Jolly||M|||50|]Arcanine-Hisui||FocusSash|RockHead|FlareBlitz,HeadSmash,ExtremeSpeed,Protect|Jolly||M|||50|]Kingambit||LifeOrb|Defiant|KowtowCleave,SuckerPunch,SwordsDance,Protect|Adamant||M|||50|]Raichu||RaichuniteY|LightningRod|ZapCannon,FocusBlast,FakeOut,Protect|Timid||M|||50|]Farigiraf||SitrusBerry|ArmorTail|Psychic,HelpingHand,TrickRoom,Protect|Calm||M|||50|]Sylveon||FairyFeather|Pixilate|HyperVoice,HyperBeam,QuickAttack,Detect|Modest||M|||50|
|showteam|p2|Venusaur||FocusSash|Chlorophyll|SleepPowder,SludgeBomb,EarthPower,Protect|Timid||F|||50|]Charizard||CharizarditeY|Blaze|HeatWave,SolarBeam,WeatherBall,Protect|Modest||M|||50|]Garchomp||ChoiceScarf|RoughSkin|Earthquake,RockSlide,StompingTantrum,DragonClaw|Adamant||M|||50|]Incineroar||SitrusBerry|Intimidate|FakeOut,FlareBlitz,PartingShot,ThroatChop|Careful||F|||50|]Floette-Eternal||Floettite|FlowerVeil|Moonblast,DazzlingGleam,CalmMind,Protect|Modest||F|||50|]Sinistcha||KasibBerry|Hospitality|MatchaGotcha,RagePowder,TrickRoom,Protect|Relaxed|||||50|
|inactive|Battle timer is ON: inactive players will automatically lose when time's up. (requested by DONTARIC)
|inactive|Joriot has 60 seconds left.
|inactive|Joriot has 30 seconds left.
|inactive|Joriot has 20 seconds left.
|inactive|Joriot has 15 seconds left.
|
|t:|1785751327
|teamsize|p1|4
|teamsize|p2|4
|start
|switch|p1a: Staraptor|Staraptor, L50, M|100/100
|switch|p1b: Raichu|Raichu, L50, M|100/100
|switch|p2a: Incineroar|Incineroar, L50, F|100/100
|switch|p2b: Charizard|Charizard, L50, M|100/100
|-ability|p1a: Staraptor|Intimidate|boost
|-unboost|p2a: Incineroar|atk|1
|-unboost|p2b: Charizard|atk|1
|-ability|p2a: Incineroar|Intimidate|boost
|-unboost|p1a: Staraptor|atk|1
|-unboost|p1b: Raichu|atk|1
|turn|1
|inactive|Joriot has 30 seconds left.
|
|t:|1785751361
|detailschange|p1b: Raichu|Raichu-Mega-Y, L50, M
|-mega|p1b: Raichu|Raichu|Raichunite Y
|move|p2b: Charizard|Protect|p2b: Charizard
|-singleturn|p2b: Charizard|Protect
|move|p1b: Raichu|Fake Out|p2a: Incineroar
|-damage|p2a: Incineroar|94/100
|cant|p2a: Incineroar|flinch
|move|p1a: Staraptor|Tailwind|p1a: Staraptor
|-sidestart|p1: Joriot|move: Tailwind
|
|upkeep
|turn|2
|inactive|Joriot has 30 seconds left.
|
|t:|1785751391
|switch|p2b: Sinistcha|Sinistcha, L50|100/100
|-heal|p2a: Incineroar|100/100|[from] ability: Hospitality|[of] p2b: Sinistcha
|move|p1b: Raichu|Focus Blast|p2a: Incineroar
|-supereffective|p2a: Incineroar|1
|-damage|p2a: Incineroar|9/100
|-enditem|p2a: Incineroar|Sitrus Berry|[eat]
|-heal|p2a: Incineroar|34/100|[from] item: Sitrus Berry
|move|p1a: Staraptor|Close Combat|p2a: Incineroar
|-supereffective|p2a: Incineroar|1
|-damage|p2a: Incineroar|0 fnt
|-unboost|p1a: Staraptor|def|1
|-unboost|p1a: Staraptor|spd|1
|faint|p2a: Incineroar
|
|upkeep
|inactive|DONTARIC has 30 seconds left.
|
|t:|1785751424
|switch|p2a: Charizard|Charizard, L50, M|100/100
|turn|3
|inactive|Joriot has 30 seconds left.
|
|t:|1785751449
|detailschange|p2a: Charizard|Charizard-Mega-Y, L50, M
|-mega|p2a: Charizard|Charizard|Charizardite Y
|-weather|SunnyDay|[from] ability: Drought|[of] p2a: Charizard
|move|p2a: Charizard|Protect|p2a: Charizard
|-singleturn|p2a: Charizard|Protect
|move|p1b: Raichu|Zap Cannon|p2a: Charizard
|-activate|p2a: Charizard|move: Protect
|move|p1a: Staraptor|Dual Wingbeat|p2b: Sinistcha
|-supereffective|p2b: Sinistcha|1
|-crit|p2b: Sinistcha
|-damage|p2b: Sinistcha|66/100
|-supereffective|p2b: Sinistcha|1
|-damage|p2b: Sinistcha|49/100
|-hitcount|p2b: Sinistcha|2
|move|p2b: Sinistcha|Trick Room|p2b: Sinistcha
|-fieldstart|move: Trick Room|[of] p2b: Sinistcha
|
|-weather|SunnyDay|[upkeep]
|upkeep
|turn|4
|
|t:|1785751470
|move|p1b: Raichu|Protect|p1b: Raichu
|-singleturn|p1b: Raichu|Protect
|move|p2b: Sinistcha|Rage Powder|p2b: Sinistcha
|-singleturn|p2b: Sinistcha|move: Rage Powder
|move|p2a: Charizard|Heat Wave|p1b: Raichu|[spread] p1a
|-activate|p1b: Raichu|move: Protect
|-damage|p1a: Staraptor|0 fnt
|faint|p1a: Staraptor
|
|-weather|SunnyDay|[upkeep]
|-sideend|p1: Joriot|move: Tailwind
|upkeep
|
|t:|1785751480
|switch|p1a: Farigiraf|Farigiraf, L50, M|100/100
|turn|5
|inactive|Joriot has 30 seconds left.
|
|t:|1785751513
|switch|p1b: Sylveon|Sylveon, L50, M|100/100
|move|p1a: Farigiraf|Psychic|p2a: Charizard
|-damage|p2a: Charizard|67/100
|move|p2b: Sinistcha|Matcha Gotcha|p1a: Farigiraf|[spread] p1a
|-miss|p2b: Sinistcha|p1b: Sylveon
|-damage|p1a: Farigiraf|78/100
|-heal|p2b: Sinistcha|62/100|[from] drain|[of] p1a: Farigiraf
|move|p2a: Charizard|Heat Wave|p1b: Sylveon|[spread] p1b
|-miss|p2a: Charizard|p1a: Farigiraf
|-damage|p1b: Sylveon|50/100g
|
|-weather|SunnyDay|[upkeep]
|upkeep
|turn|6
|
|t:|1785751535
|switch|p2b: Venusaur|Venusaur, L50, F|100/100
|move|p1a: Farigiraf|Psychic|p2b: Venusaur
|-supereffective|p2b: Venusaur|1
|-damage|p2b: Venusaur|18/100
|move|p1b: Sylveon|Hyper Voice|p2a: Charizard|[spread] p2a,p2b
|-resisted|p2a: Charizard|1
|-resisted|p2b: Venusaur|1
|-damage|p2a: Charizard|40/100
|-damage|p2b: Venusaur|0 fnt
|faint|p2b: Venusaur
|move|p2a: Charizard|Weather Ball|p1b: Sylveon
|-damage|p1b: Sylveon|0 fnt
|faint|p1b: Sylveon
|
|-weather|SunnyDay|[upkeep]
|upkeep
|
|t:|1785751548
|switch|p1b: Raichu|Raichu-Mega-Y, L50, M|100/100
|switch|p2b: Sinistcha|Sinistcha, L50|62/100
|-heal|p2a: Charizard|65/100|[from] ability: Hospitality|[of] p2b: Sinistcha
|turn|7
|
|t:|1785751556
|move|p1b: Raichu|Fake Out|p2a: Charizard
|-damage|p2a: Charizard|52/100
|move|p1a: Farigiraf|Psychic|p2b: Sinistcha
|-damage|p2b: Sinistcha|20/100y
|move|p2b: Sinistcha|Matcha Gotcha|p1b: Raichu|[spread] p1b
|-miss|p2b: Sinistcha|p1a: Farigiraf
|-damage|p1b: Raichu|62/100
|-heal|p2b: Sinistcha|35/100|[from] drain|[of] p1b: Raichu
|cant|p2a: Charizard|flinch
|
|-weather|none
|-fieldend|move: Trick Room
|upkeep
|turn|8
|
|t:|1785751575
|move|p2b: Sinistcha|Rage Powder|p2b: Sinistcha
|-singleturn|p2b: Sinistcha|move: Rage Powder
|move|p1b: Raichu|Zap Cannon|p2b: Sinistcha
|-resisted|p2b: Sinistcha|1
|-damage|p2b: Sinistcha|0 fnt
|faint|p2b: Sinistcha
|move|p2a: Charizard|Heat Wave|p1b: Raichu|[spread] p1a,p1b
|-damage|p1a: Farigiraf|41/100
|-damage|p1b: Raichu|0 fnt
|-enditem|p1a: Farigiraf|Sitrus Berry|[eat]
|-heal|p1a: Farigiraf|66/100|[from] item: Sitrus Berry
|faint|p1b: Raichu
|move|p1a: Farigiraf|Psychic|p2a: Charizard
|-damage|p2a: Charizard|18/100
|
|upkeep
|turn|9
|
|t:|1785751588
|move|p2a: Charizard|Heat Wave|p1a: Farigiraf|[miss]
|-miss|p2a: Charizard|p1a: Farigiraf
|move|p1a: Farigiraf|Psychic|p2a: Charizard
|-damage|p2a: Charizard|0 fnt
|faint|p2a: Charizard
|
|win|Joriot
||DONTARIC is ready for game 2.
||Joriot is ready for game 2.
|uhtml|next|Next: Game 2 of 3
