|j|☆alysonz
|j|☆Curebo
|html|alysonzCurebo    
|uhtml|bestof|Game 1 of a best-of-3
|t:|1782356187
|gametype|doubles
|player|p1|alysonz|n|1041
|player|p2|Curebo|clay|1105
|gen|9
|tier|[Gen 9 Champions] VGC 2026 Reg M-B (Bo3)
|rated|
|rule|Species Clause: Limit one of each Pokémon
|rule|Item Clause: Limit 1 of each item
|clearpoke
|poke|p1|Gardevoir, L50, F|
|poke|p1|Pelipper, L50, M|
|poke|p1|Basculegion, L50, M|
|poke|p1|Archaludon, L50, M|
|poke|p1|Whimsicott, L50, M|
|poke|p1|Scrafty, L50, M|
|poke|p2|Excadrill, L50, M, shiny|
|poke|p2|Tyranitar, L50, M, shiny|
|poke|p2|Corviknight, L50, F, shiny|
|poke|p2|Hydreigon, L50, M, shiny|
|poke|p2|Scovillain, L50, M, shiny|
|poke|p2|Houndstone, L50, F, shiny|
|teampreview|4
|showteam|p1|Gardevoir||Gardevoirite|Telepathy|Protect,EnergyBall,HyperVoice,Psyshock|Modest||F|||50|]Pelipper||DampRock|Drizzle|Protect,Surf,Hurricane,IceBeam|Modest||M|||50|]Basculegion||LifeOrb|SwiftSwim|AquaJet,Protect,WaveCrash,LastRespects|Adamant||M|||50|]Archaludon||ExpertBelt|Stamina|Protect,ElectroShot,DragonPulse,FlashCannon|Modest||M|||50|]Whimsicott||FocusSash|Prankster|Encore,Tailwind,Taunt,DazzlingGleam|Timid||M|||50|]Scrafty||SitrusBerry|Intimidate|FakeOut,RainDance,CloseCombat,KnockOff|Adamant||M|||50|
|showteam|p2|Excadrill||FocusSash|SandRush|Earthquake,IronHead,RockSlide,Protect|Adamant||M|||50|]Tyranitar||Tyranitarite|SandStream|RockSlide,KnockOff,LowKick,Protect|Adamant||M|||50|]Corviknight||Leftovers|MirrorArmor|BraveBird,BulkUp,Roost,Tailwind|Careful||F|||50|]Hydreigon||ChoiceScarf|Levitate|DracoMeteor,DarkPulse,HeatWave,Snarl|Modest||M|||50|]Scovillain||Scovillainite|Moody|Overheat,GigaDrain,RagePowder,Protect|Calm||M|||50|]Houndstone||SitrusBerry|SandRush|LastRespects,WillOWisp,BodyPress,Protect|Adamant||F|||50|
|inactive|Battle timer is ON: inactive players will automatically lose when time's up. (requested by Curebo)
|inactive|Curebo has 60 seconds left.
|
|t:|1782356239
|teamsize|p1|4
|teamsize|p2|4
|start
|switch|p1a: Echidna|Whimsicott, L50, M|100/100
|switch|p1b: Regulus|Archaludon, L50, M|100/100
|switch|p2a: Hydreigon|Hydreigon, L50, M, shiny|100/100
|switch|p2b: Scovillain|Scovillain, L50, M, shiny|100/100
|turn|1
|inactive|alysonz has 30 seconds left.
|inactive|Curebo has 30 seconds left.
|inactive|Curebo has 20 seconds left.
|
|t:|1782356277
|switch|p2a: Tyranitar|Tyranitar, L50, M, shiny|100/100
|-weather|Sandstorm|[from] ability: Sand Stream|[of] p2a: Tyranitar
|detailschange|p2b: Scovillain|Scovillain-Mega, L50, M, shiny
|-mega|p2b: Scovillain|Scovillain|Scovillainite
|move|p1a: Echidna|Dazzling Gleam|p2b: Scovillain|[spread] p2a,p2b
|-supereffective|p2a: Tyranitar|1
|-resisted|p2b: Scovillain|1
|-damage|p2a: Tyranitar|73/100
|-damage|p2b: Scovillain|89/100
|-status|p1a: Echidna|brn|[from] ability: Spicy Spray|[of] p2b: Scovillain
|move|p1b: Regulus|Dragon Pulse|p2b: Scovillain
|-damage|p2b: Scovillain|46/100
|-status|p1b: Regulus|brn|[from] ability: Spicy Spray|[of] p2b: Scovillain
|move|p2b: Scovillain|Overheat|p1b: Regulus
|-damage|p1b: Regulus|21/100 brn
|-unboost|p2b: Scovillain|spa|2
|-ability|p1b: Regulus|Stamina|boost
|-boost|p1b: Regulus|def|1
|
|-weather|Sandstorm|[upkeep]
|-damage|p1a: Echidna|94/100 brn|[from] Sandstorm
|-damage|p2b: Scovillain|40/100|[from] Sandstorm
|-damage|p1a: Echidna|88/100 brn|[from] brn
|-damage|p1b: Regulus|15/100 brn|[from] brn
|upkeep
|turn|2
|inactive|alysonz has 30 seconds left.
|inactive|Curebo has 30 seconds left.
|inactive|Curebo has 20 seconds left.
|inactive|Curebo has 15 seconds left.
|
|t:|1782356322
|move|p2a: Tyranitar|Protect|p2a: Tyranitar
|-singleturn|p2a: Tyranitar|Protect
|move|p1a: Echidna|Tailwind|p1a: Echidna
|-sidestart|p1: alysonz|move: Tailwind
|move|p1b: Regulus|Flash Cannon|p2a: Tyranitar
|-activate|p2a: Tyranitar|move: Protect
|move|p2b: Scovillain|Overheat|p1a: Echidna
|-supereffective|p1a: Echidna|1
|-damage|p1a: Echidna|0 fnt
|-unboost|p2b: Scovillain|spa|2
|faint|p1a: Echidna
|
|-weather|Sandstorm|[upkeep]
|-damage|p2b: Scovillain|34/100|[from] Sandstorm
|-damage|p1b: Regulus|9/100 brn|[from] brn
|upkeep
|
|t:|1782356347
|switch|p1a: Rigel|Basculegion, L50, M|100/100
|turn|3
|
|t:|1782356370
|switch|p2a: Hydreigon|Hydreigon, L50, M, shiny|100/100
|move|p2b: Scovillain|Protect|p2b: Scovillain
|-singleturn|p2b: Scovillain|Protect
|move|p1a: Rigel|Wave Crash|p2a: Hydreigon
|-resisted|p2a: Hydreigon|1
|-damage|p2a: Hydreigon|53/100
|-damage|p1a: Rigel|86/100|[from] Recoil
|-damage|p1a: Rigel|76/100|[from] item: Life Orb
|move|p1b: Regulus|Dragon Pulse|p2b: Scovillain
|-activate|p2b: Scovillain|move: Protect
|
|-weather|Sandstorm|[upkeep]
|-damage|p1a: Rigel|70/100|[from] Sandstorm
|-damage|p2a: Hydreigon|47/100|[from] Sandstorm
|-damage|p2b: Scovillain|28/100|[from] Sandstorm
|-damage|p1b: Regulus|3/100 brn|[from] brn
|upkeep
|turn|4
|inactive|Curebo has 30 seconds left.
|
|t:|1782356397
|switch|p2a: Houndstone|Houndstone, L50, F, shiny|100/100
|move|p2b: Scovillain|Rage Powder|p2b: Scovillain
|-singleturn|p2b: Scovillain|move: Rage Powder
|move|p1a: Rigel|Wave Crash|p2b: Scovillain
|-damage|p2b: Scovillain|0 fnt
|-status|p1a: Rigel|brn|[from] ability: Spicy Spray|[of] p2b: Scovillain
|faint|p2b: Scovillain
|-damage|p1a: Rigel|62/100 brn|[from] Recoil
|-damage|p1a: Rigel|52/100 brn|[from] item: Life Orb
|move|p1b: Regulus|Dragon Pulse|p2a: Houndstone
|-damage|p2a: Houndstone|50/100g
|
|-weather|Sandstorm|[upkeep]
|-damage|p1a: Rigel|46/100 brn|[from] Sandstorm
|-damage|p1a: Rigel|40/100 brn|[from] brn
|-damage|p1b: Regulus|0 fnt|[from] brn
|faint|p1b: Regulus
|upkeep
|inactive|Curebo has 30 seconds left.
|
|t:|1782356424
|switch|p1b: Betelgeulse|Pelipper, L50, M|100/100
|switch|p2b: Hydreigon|Hydreigon, L50, M, shiny|47/100
|-weather|RainDance|[from] ability: Drizzle|[of] p1b: Betelgeulse
|turn|5
|
|t:|1782356447
|move|p1a: Rigel|Protect|p1a: Rigel
|-singleturn|p1a: Rigel|Protect
|move|p2a: Houndstone|Protect|p2a: Houndstone
|-singleturn|p2a: Houndstone|Protect
|move|p2b: Hydreigon|Snarl|p1b: Betelgeulse|[spread] p1b
|-activate|p1a: Rigel|move: Protect
|-damage|p1b: Betelgeulse|62/100
|-unboost|p1b: Betelgeulse|spa|1
|move|p1b: Betelgeulse|Surf|p2a: Houndstone|[spread] p2b
|-activate|p1a: Rigel|move: Protect
|-activate|p2a: Houndstone|move: Protect
|-resisted|p2b: Hydreigon|1
|-damage|p2b: Hydreigon|30/100
|
|-weather|RainDance|[upkeep]
|-damage|p1a: Rigel|34/100 brn|[from] brn
|-sideend|p1: alysonz|move: Tailwind
|upkeep
|turn|6
|inactive|alysonz has 30 seconds left.
|inactive|Curebo has 30 seconds left.
|
|t:|1782356477
|switch|p2b: Tyranitar|Tyranitar, L50, M, shiny|73/100
|-weather|Sandstorm|[from] ability: Sand Stream|[of] p2b: Tyranitar
|move|p1a: Rigel|Aqua Jet|p2b: Tyranitar
|-supereffective|p2b: Tyranitar|1
|-damage|p2b: Tyranitar|52/100
|-damage|p1a: Rigel|24/100 brn|[from] item: Life Orb
|move|p2a: Houndstone|Last Respects|p1a: Rigel
|-supereffective|p1a: Rigel|1
|-damage|p1a: Rigel|0 fnt
|faint|p1a: Rigel
|move|p1b: Betelgeulse|Hurricane|p2a: Houndstone
|-crit|p2a: Houndstone
|-damage|p2a: Houndstone|0 fnt
|faint|p2a: Houndstone
|
|-weather|Sandstorm|[upkeep]
|-damage|p1b: Betelgeulse|56/100|[from] Sandstorm
|upkeep
|
|t:|1782356496
|switch|p2a: Hydreigon|Hydreigon, L50, M, shiny|30/100
|turn|7
|
|t:|1782356508
|move|p2a: Hydreigon|Dark Pulse|p1b: Betelgeulse
|-damage|p1b: Betelgeulse|0 fnt
|faint|p1b: Betelgeulse
|
|win|Curebo
||Curebo is ready for game 2.
|inactive|alysonz has 30 seconds to confirm battle start!
|inactive|alysonz has 20 seconds to confirm battle start!
|inactive|alysonz has 10 seconds to confirm battle start!
|uhtml|next|Next: Game 2 of 3
|l|☆alysonz
|player|p1|
