|j|☆TrafalgarLaw773
|j|☆slimeko325
|html|TrafalgarLaw773slimeko325    
|uhtml|bestof|Game 2 of a best-of-3
|t:|1785652778
|gametype|doubles
|player|p1|TrafalgarLaw773|trinnia-masters|
|player|p2|slimeko325|miku-fairy|
|gen|9
|tier|[Gen 9 Champions] VGC 2026 Reg M-B (Bo3)
|rule|Species Clause: Limit one of each Pokémon
|rule|Item Clause: Limit 1 of each item
|clearpoke
|poke|p1|Garbodor, L50, F|
|poke|p1|Heliolisk, L50, F|
|poke|p1|Simisear, L50, F|
|poke|p1|Tinkaton, L50, F|
|poke|p1|Toucannon, L50, M|
|poke|p1|Zoroark, L50, M|
|poke|p2|Simipour, L50, M|
|poke|p2|Mr. Rime, L50, M|
|poke|p2|Tinkaton, L50, F|
|poke|p2|Simisear, L50, F|
|poke|p2|Heliolisk, L50, M|
|poke|p2|Zoroark, L50, F|
|teampreview|4
|showteam|p1|Garbodor||WhiteHerb|WeakArmor|GunkShot,StompingTantrum,Explosion,Protect|Adamant||F|||50|]Heliolisk||FocusSash|DrySkin|HyperVoice,Electroweb,GrassKnot,Protect|Timid||F|||50|]Simisear||Charcoal|Blaze|FlareBlitz,FakeOut,WillOWisp,Protect|Jolly||F|||50|]Tinkaton||Leftovers|OwnTempo|GigatonHammer,FakeOut,Encore,Protect|Jolly||F|||50|]Toucannon||SitrusBerry|SkillLink|BraveBird,BulletSeed,Tailwind,Protect|Adamant||M|||50|]Zoroark||LifeOrb|Illusion|DarkPulse,Flamethrower,NastyPlot,Protect|Timid||M|||50|
|showteam|p2|Simipour||NeverMeltIce|Torrent|Blizzard,Scald,FakeOut,GrassKnot|Hasty||M|||50|]Mr. Rime||Leftovers|IceBody|Blizzard,Snowscape,Protect,FakeOut|Timid||M|||50|]Tinkaton||SitrusBerry|Pickpocket|FakeOut,KnockOff,WoodHammer,SwordsDance|Adamant||F|||50|]Simisear||HeatRock|Blaze|SunnyDay,HeatWave,Protect,ScorchingSands|Timid||F|||50|]Heliolisk||LifeOrb|SolarPower|Discharge,Protect,GrassKnot,HyperVoice|Timid||M|||50|]Zoroark||FocusSash|Illusion|KnockOff,Encore,SludgeBomb,Flamethrower|Hasty||F|||50|
|inactive|Battle timer is ON: inactive players will automatically lose when time's up. (requested by slimeko325)
|
|t:|1785652803
|teamsize|p1|4
|teamsize|p2|4
|start
|switch|p1a: Heliolisk|Heliolisk, L50, F|100/100
|switch|p1b: Simisear|Simisear, L50, F|100/100
|switch|p2a: Heliolisk|Heliolisk, L50, M|100/100
|switch|p2b: Simisear|Simisear, L50, F|100/100
|turn|1
|inactive|slimeko325 has 30 seconds left.
|
|t:|1785652829
|move|p1b: Simisear|Protect|p1b: Simisear
|-singleturn|p1b: Simisear|Protect
|move|p2b: Simisear|Protect|p2b: Simisear
|-singleturn|p2b: Simisear|Protect
|move|p1a: Heliolisk|Hyper Voice|p2b: Simisear|[spread] p2a
|-activate|p2b: Simisear|move: Protect
|-damage|p2a: Heliolisk|41/100
|replace|p2a: Zoroark|Zoroark, L50, F
|-end|p2a: Zoroark|Illusion
|move|p2a: Zoroark|Sludge Bomb|p1a: Heliolisk
|-crit|p1a: Heliolisk
|-damage|p1a: Heliolisk|43/100
|-status|p1a: Heliolisk|psn
|
|-damage|p1a: Heliolisk|31/100 psn|[from] psn
|upkeep
|turn|2
|
|t:|1785652854
|move|p1a: Heliolisk|Hyper Voice|p2b: Simisear|[spread] p2a,p2b
|-damage|p2a: Zoroark|0 fnt
|-damage|p2b: Simisear|44/100
|faint|p2a: Zoroark
|move|p1b: Simisear|Dark Pulse|p2b: Simisear
|-damage|p2b: Simisear|0 fnt
|faint|p2b: Simisear
|-damage|p1b: Simisear|90/100|[from] item: Life Orb
|
|-damage|p1a: Heliolisk|19/100 psn|[from] psn
|upkeep
|
|t:|1785652861
|switch|p2a: Heliolisk|Heliolisk, L50, M|100/100
|switch|p2b: Simipour|Simipour, L50, M|100/100
|turn|3
|
|t:|1785652873
|move|p1b: Simisear|Protect|p1b: Simisear
|-singleturn|p1b: Simisear|Protect
|move|p2b: Simipour|Fake Out|p1b: Simisear
|-activate|p1b: Simisear|move: Protect
|move|p1a: Heliolisk|Electroweb|p2a: Heliolisk|[spread] p2a,p2b
|-resisted|p2a: Heliolisk|1
|-supereffective|p2b: Simipour|1
|-damage|p2a: Heliolisk|87/100
|-damage|p2b: Simipour|36/100
|-unboost|p2a: Heliolisk|spe|1
|-unboost|p2b: Simipour|spe|1
|move|p2a: Heliolisk|Hyper Voice|p1a: Heliolisk|[spread] p1a
|-activate|p1b: Simisear|move: Protect
|-damage|p1a: Heliolisk|0 fnt
|faint|p1a: Heliolisk
|-damage|p2a: Heliolisk|77/100|[from] item: Life Orb
|
|upkeep
|
|t:|1785652886
|switch|p1a: Simisear|Simisear, L50, F|100/100
|turn|4
|
|t:|1785652893
|move|p1a: Simisear|Fake Out|p2a: Heliolisk
|-damage|p2a: Heliolisk|55/100
|move|p1b: Simisear|Dark Pulse|p2b: Simipour
|-damage|p2b: Simipour|0 fnt
|faint|p2b: Simipour
|-damage|p1b: Simisear|81/100|[from] item: Life Orb
|cant|p2a: Heliolisk|flinch
|
|upkeep
|turn|5
|
|t:|1785652900
|move|p1b: Simisear|Dark Pulse|p2a: Heliolisk
|-damage|p2a: Heliolisk|0 fnt
|faint|p2a: Heliolisk
|-damage|p1b: Simisear|71/100|[from] item: Life Orb
|
|win|TrafalgarLaw773
||slimeko325 is ready for game 3.
||slimeko325 is ready for game 3.
||TrafalgarLaw773 is ready for game 3.
|uhtml|next|Next: Game 3 of 3
