|j|☆Pakaan64
|j|☆lox1sm
|html|Pakaan64lox1sm    
|uhtml|bestof|Game 2 of a best-of-3
|t:|1783000994
|gametype|doubles
|player|p1|Pakaan64|1|1282
|player|p2|lox1sm|veteran|1235
|gen|9
|tier|[Gen 9 Champions] VGC 2026 Reg M-B (Bo3)
|rated|
|rule|Species Clause: Limit one of each Pokémon
|rule|Item Clause: Limit 1 of each item
|clearpoke
|poke|p1|Staraptor, L50, F|
|poke|p1|Grimmsnarl, L50, M|
|poke|p1|Sinistcha, L50|
|poke|p1|Toxapex, L50, F|
|poke|p1|Incineroar, L50, M|
|poke|p1|Charizard, L50, F|
|poke|p2|Charizard, L50, M|
|poke|p2|Aerodactyl, L50, F|
|poke|p2|Garchomp, L50, F|
|poke|p2|Kingambit, L50, M|
|poke|p2|Farigiraf, L50, M|
|poke|p2|Primarina, L50, F|
|teampreview|4
|showteam|p1|Staraptor||Staraptite|Intimidate|Roost,CloseCombat,BraveBird,Protect|Jolly||F|||50|]Grimmsnarl||LightClay|Prankster|PartingShot,Reflect,LightScreen,SpiritBreak|Careful||M|||50|]Sinistcha||ColburBerry|Hospitality|RagePowder,Protect,LifeDew,MatchaGotcha|Calm|||||50|]Toxapex||Leftovers|Regenerator|WideGuard,Toxic,BanefulBunker,Infestation|Bold||F|||50|]Incineroar||SitrusBerry|Intimidate|FakeOut,PartingShot,DarkestLariat,FlareBlitz|Careful||M|||50|]Charizard||CharizarditeY|Blaze|WeatherBall,Protect,HeatWave,SolarBeam|Timid||F|||50|
|showteam|p2|Charizard||CharizarditeY|Blaze|HeatWave,WeatherBall,SolarBeam,Protect|Modest||M|||50|]Aerodactyl||Aerodactylite|RockHead|RockSlide,IceFang,Tailwind,Protect|Jolly||F|||50|]Garchomp||LifeOrb|RoughSkin|DragonClaw,Earthquake,RockSlide,Protect|Jolly||F|||50|]Kingambit||FocusSash|Defiant|KowtowCleave,SuckerPunch,IronHead,LowKick|Adamant||M|||50|]Farigiraf||ExpertBelt|ArmorTail|Psychic,DazzlingGleam,Thunderbolt,TrickRoom|Modest||M|||50|]Primarina||MysticWater|LiquidVoice|HyperVoice,Moonblast,Haze,Protect|Modest||F|||50|
|inactive|Battle timer is ON: inactive players will automatically lose when time's up. (requested by Pakaan64)
|c|☆Pakaan64|Sorry that was too much luck for one game
|inactive|Pakaan64 has 60 seconds left.
|
|t:|1783001026
|teamsize|p1|4
|teamsize|p2|4
|start
|switch|p1a: Staraptor|Staraptor, L50, F|100/100
|switch|p1b: Grimmsnarl|Grimmsnarl, L50, M|100/100
|switch|p2a: Farigiraf|Farigiraf, L50, M|100/100
|switch|p2b: Primarina|Primarina, L50, F|100/100
|-ability|p1a: Staraptor|Intimidate|boost
|-unboost|p2a: Farigiraf|atk|1
|-unboost|p2b: Primarina|atk|1
|turn|1
|c|☆lox1sm|No worries man
|c|☆Pakaan64|Some people get real mad about that
|inactive|Pakaan64 has 30 seconds left.
|
|t:|1783001059
|switch|p1a: Toxapex|Toxapex, L50, F|100/100
|move|p2b: Primarina|Haze|p2b: Primarina
|-clearallboost
|move|p1b: Grimmsnarl|Spirit Break|p2a: Farigiraf
|-damage|p2a: Farigiraf|66/100
|-unboost|p2a: Farigiraf|spa|1
|move|p2a: Farigiraf|Trick Room|p2a: Farigiraf
|-fieldstart|move: Trick Room|[of] p2a: Farigiraf
|
|upkeep
|turn|2
|
|t:|1783001080
|move|p1b: Grimmsnarl|Light Screen|p1b: Grimmsnarl
|-sidestart|p1: Pakaan64|move: Light Screen
|move|p1a: Toxapex|Toxic|p2a: Farigiraf
|-status|p2a: Farigiraf|tox
|move|p2a: Farigiraf|Dazzling Gleam|p1a: Toxapex|[spread] p1a,p1b
|-resisted|p1a: Toxapex|1
|-supereffective|p1b: Grimmsnarl|1
|-damage|p1a: Toxapex|96/100
|-damage|p1b: Grimmsnarl|83/100
|move|p2b: Primarina|Moonblast|p1b: Grimmsnarl
|-supereffective|p1b: Grimmsnarl|1
|-damage|p1b: Grimmsnarl|33/100
|
|-heal|p1a: Toxapex|100/100|[from] item: Leftovers
|-damage|p2a: Farigiraf|60/100 tox|[from] psn
|upkeep
|turn|3
|inactive|Pakaan64 has 30 seconds left.
|inactive|lox1sm has 30 seconds left.
|inactive|lox1sm has 20 seconds left.
|
|t:|1783001117
|switch|p2b: Kingambit|Kingambit, L50, M|100/100
|move|p1a: Toxapex|Infestation|p2a: Farigiraf
|-supereffective|p2a: Farigiraf|1
|-damage|p2a: Farigiraf|53/100 tox
|-activate|p2a: Farigiraf|move: Infestation|[of] p1a: Toxapex
|move|p1b: Grimmsnarl|Spirit Break|p2b: Kingambit
|-damage|p2b: Kingambit|70/100
|-unboost|p2b: Kingambit|spa|1
|-ability|p2b: Kingambit|Defiant|boost
|-boost|p2b: Kingambit|atk|2
|move|p2a: Farigiraf|Thunderbolt|p1a: Toxapex
|-supereffective|p1a: Toxapex|1
|-damage|p1a: Toxapex|72/100
|
|-heal|p1a: Toxapex|78/100|[from] item: Leftovers
|-damage|p2a: Farigiraf|42/100 tox|[from] psn
|-damage|p2a: Farigiraf|29/100 tox|[from] move: Infestation|[partiallytrapped]
|upkeep
|turn|4
|inactive|Pakaan64 has 30 seconds left.
|inactive|lox1sm has 30 seconds left.
|c|☆Pakaan64|Why not use psycic
|inactive|Pakaan64 has 20 seconds left.
|
|t:|1783001156
|move|p1a: Toxapex|Baneful Bunker|p1a: Toxapex
|-singleturn|p1a: Toxapex|move: Protect
|move|p1b: Grimmsnarl|Reflect|p1b: Grimmsnarl
|-sidestart|p1: Pakaan64|Reflect
|move|p2a: Farigiraf|Thunderbolt|p1a: Toxapex
|-activate|p1a: Toxapex|move: Protect
|move|p2b: Kingambit|Iron Head|p1b: Grimmsnarl
|-supereffective|p1b: Grimmsnarl|1
|-damage|p1b: Grimmsnarl|0 fnt
|faint|p1b: Grimmsnarl
|
|-heal|p1a: Toxapex|84/100|[from] item: Leftovers
|-damage|p2a: Farigiraf|12/100 tox|[from] psn
|-damage|p2a: Farigiraf|0 fnt|[from] move: Infestation|[partiallytrapped]
|faint|p2a: Farigiraf
|upkeep
|inactive|lox1sm has 30 seconds left.
|
|t:|1783001186
|switch|p1b: Sinistcha|Sinistcha, L50|100/100
|switch|p2a: Charizard|Charizard, L50, M|100/100
|-heal|p1a: Toxapex|100/100|[from] ability: Hospitality|[of] p1b: Sinistcha
|turn|5
|inactive|lox1sm has 30 seconds left.
|
|t:|1783001213
|detailschange|p2a: Charizard|Charizard-Mega-Y, L50, M
|-mega|p2a: Charizard|Charizard|Charizardite Y
|-weather|SunnyDay|[from] ability: Drought|[of] p2a: Charizard
|move|p1a: Toxapex|Infestation|p2b: Kingambit
|-damage|p2b: Kingambit|66/100
|-activate|p2b: Kingambit|move: Infestation|[of] p1a: Toxapex
|move|p1b: Sinistcha|Life Dew||[still]|[still]|[spread] 
|-fail|p1a: Toxapex|heal
|-fail|p1b: Sinistcha|heal
|move|p2b: Kingambit|Kowtow Cleave|p1b: Sinistcha
|-supereffective|p1b: Sinistcha|1
|-enditem|p1b: Sinistcha|Colbur Berry|[eat]
|-enditem|p1b: Sinistcha|Colbur Berry|[weaken]
|-damage|p1b: Sinistcha|36/100
|move|p2a: Charizard|Heat Wave|p1b: Sinistcha|[spread] p1a,p1b
|-resisted|p1a: Toxapex|1
|-supereffective|p1b: Sinistcha|1
|-damage|p1a: Toxapex|80/100
|-damage|p1b: Sinistcha|0 fnt
|faint|p1b: Sinistcha
|
|-weather|SunnyDay|[upkeep]
|-heal|p1a: Toxapex|86/100|[from] item: Leftovers
|-damage|p2b: Kingambit|54/100|[from] move: Infestation|[partiallytrapped]
|-fieldend|move: Trick Room
|upkeep
|
|t:|1783001228
|switch|p1b: Staraptor|Staraptor, L50, F|100/100
|-ability|p1b: Staraptor|Intimidate|boost
|-unboost|p2a: Charizard|atk|1
|-unboost|p2b: Kingambit|atk|1
|-ability|p2b: Kingambit|Defiant|boost
|-boost|p2b: Kingambit|atk|2
|turn|6
|
|t:|1783001245
|detailschange|p1b: Staraptor|Staraptor-Mega, L50, F
|-mega|p1b: Staraptor|Staraptor|Staraptite
|move|p2b: Kingambit|Sucker Punch|p1b: Staraptor
|-resisted|p1b: Staraptor|1
|-crit|p1b: Staraptor
|-damage|p1b: Staraptor|31/100
|move|p1b: Staraptor|Close Combat|p2b: Kingambit
|-supereffective|p2b: Kingambit|2
|-damage|p2b: Kingambit|0 fnt
|-boost|p1b: Staraptor|def|1
|-boost|p1b: Staraptor|spd|1
|faint|p2b: Kingambit
|move|p2a: Charizard|Weather Ball|p1b: Staraptor
|-damage|p1b: Staraptor|0 fnt
|faint|p1b: Staraptor
|move|p1a: Toxapex|Toxic|p2a: Charizard
|-status|p2a: Charizard|tox
|
|-weather|SunnyDay|[upkeep]
|-heal|p1a: Toxapex|92/100|[from] item: Leftovers
|-damage|p2a: Charizard|93/100 tox|[from] psn
|upkeep
|
|t:|1783001258
|switch|p2b: Primarina|Primarina, L50, F|100/100
|turn|7
|
|t:|1783001275
|move|p2b: Primarina|Protect|p2b: Primarina
|-singleturn|p2b: Primarina|Protect
|move|p1a: Toxapex|Baneful Bunker|p1a: Toxapex
|-singleturn|p1a: Toxapex|move: Protect
|move|p2a: Charizard|Solar Beam||[still]
|-prepare|p2a: Charizard|Solar Beam
|-anim|p2a: Charizard|Solar Beam|p1a: Toxapex
|-activate|p1a: Toxapex|move: Protect
|
|-weather|SunnyDay|[upkeep]
|-heal|p1a: Toxapex|98/100|[from] item: Leftovers
|-damage|p2a: Charizard|81/100 tox|[from] psn
|upkeep
|turn|8
|
|t:|1783001290
|move|p2a: Charizard|Solar Beam||[still]
|-prepare|p2a: Charizard|Solar Beam
|-anim|p2a: Charizard|Solar Beam|p1a: Toxapex
|-damage|p1a: Toxapex|70/100
|move|p2b: Primarina|Moonblast|p1a: Toxapex
|-resisted|p1a: Toxapex|1
|-damage|p1a: Toxapex|57/100
|move|p1a: Toxapex|Toxic|p2b: Primarina
|-status|p2b: Primarina|tox
|
|-weather|SunnyDay|[upkeep]
|-heal|p1a: Toxapex|63/100|[from] item: Leftovers
|-damage|p2a: Charizard|62/100 tox|[from] psn
|-damage|p2b: Primarina|94/100 tox|[from] psn
|upkeep
|turn|9
|
|t:|1783001311
|move|p1a: Toxapex|Baneful Bunker|p1a: Toxapex
|-singleturn|p1a: Toxapex|move: Protect
|move|p2a: Charizard|Solar Beam||[still]
|-prepare|p2a: Charizard|Solar Beam
|-anim|p2a: Charizard|Solar Beam|p1a: Toxapex
|-activate|p1a: Toxapex|move: Protect
|move|p2b: Primarina|Moonblast|p1a: Toxapex
|-activate|p1a: Toxapex|move: Protect
|
|-weather|none
|-heal|p1a: Toxapex|68/100|[from] item: Leftovers
|-damage|p2a: Charizard|37/100 tox|[from] psn
|-damage|p2b: Primarina|82/100 tox|[from] psn
|-sideend|p1: Pakaan64|move: Light Screen
|upkeep
|turn|10
|
|t:|1783001322
|move|p2a: Charizard|Heat Wave|p1a: Toxapex|[miss]
|-miss|p2a: Charizard|p1a: Toxapex
|move|p2b: Primarina|Hyper Voice|p1a: Toxapex
|-resisted|p1a: Toxapex|1
|-damage|p1a: Toxapex|42/100
|move|p1a: Toxapex|Infestation|p2a: Charizard
|-resisted|p2a: Charizard|2
|-damage|p2a: Charizard|37/100 tox
|-activate|p2a: Charizard|move: Infestation|[of] p1a: Toxapex
|
|-heal|p1a: Toxapex|48/100|[from] item: Leftovers
|-damage|p2a: Charizard|6/100 tox|[from] psn
|-damage|p2b: Primarina|65/100 tox|[from] psn
|-damage|p2a: Charizard|0 fnt|[from] move: Infestation|[partiallytrapped]
|faint|p2a: Charizard
|upkeep
|turn|11
|
|t:|1783001340
|move|p2b: Primarina|Hyper Voice|p1a: Toxapex
|-resisted|p1a: Toxapex|1
|-damage|p1a: Toxapex|22/100
|move|p1a: Toxapex|Infestation|p2b: Primarina
|-resisted|p2b: Primarina|1
|-damage|p2b: Primarina|64/100 tox
|-activate|p2b: Primarina|move: Infestation|[of] p1a: Toxapex
|
|-heal|p1a: Toxapex|28/100|[from] item: Leftovers
|-damage|p2b: Primarina|41/100 tox|[from] psn
|-damage|p2b: Primarina|29/100 tox|[from] move: Infestation|[partiallytrapped]
|-sideend|p1: Pakaan64|Reflect
|upkeep
|turn|12
|
|t:|1783001349
|move|p1a: Toxapex|Baneful Bunker|p1a: Toxapex
|-singleturn|p1a: Toxapex|move: Protect
|move|p2b: Primarina|Hyper Voice|p1a: Toxapex
|-activate|p1a: Toxapex|move: Protect
|
|-heal|p1a: Toxapex|33/100|[from] item: Leftovers
|-damage|p2b: Primarina|1/100 tox|[from] psn
|-damage|p2b: Primarina|0 fnt|[from] move: Infestation|[partiallytrapped]
|faint|p2b: Primarina
|
|win|Pakaan64
|raw|Pakaan64's rating: 1282 → 1304(+22 for winning)
|raw|lox1sm's rating: 1235 → 1213(-22 for losing)
|c|☆Pakaan64|Gg
|c|☆lox1sm|gg
|c|☆lox1sm|Damn toxapex
|c|☆Pakaan64|Yeah all thx to wolfe
|c|☆lox1sm|What i was supposed to to
|c|☆lox1sm|*do
|c|☆Pakaan64|Mabye chomp
|c|☆lox1sm|Already tried
|c|☆lox1sm|Doesn't work so much
|c|☆Pakaan64|But with screens is crazy
|c|☆Pakaan64|I dont really know I dont play against it very often
|c|☆lox1sm|I used to play Metagross till 3 days ago, i said "oh cmon not a big problem screens"
|c|☆lox1sm|And now all toxapex
|c|☆Pakaan64|You face a lot of toxapex?
|c|☆lox1sm|4 on 16 Bo3
|c|☆lox1sm|It's uprising
|c|☆Pakaan64|Yeah it just so good
|c|☆lox1sm|With waiters and screens tes
|c|☆lox1sm|*yes
|c|☆lox1sm|And against teams like mine, aggro good stuff ecc it's a nightmare
|c|☆lox1sm|You had wide guard as well
|c|☆Pakaan64|Yeah Well got to go gg
|c|☆lox1sm|gg
