|j|☆SirVala
|j|☆epicfailtesting
|html|SirValaepicfailtesting    
|uhtml|bestof|Game 1 of a best-of-3
|t:|1756855713
|gametype|doubles
|player|p1|SirVala|bruno|1241
|player|p2|epicfailtesting|265|1232
|gen|9
|tier|[Gen 9] VGC 2025 Reg H (Bo3)
|rated|
|rule|Species Clause: Limit one of each Pokémon
|rule|Item Clause: Limit 1 of each item
|clearpoke
|poke|p1|Garchomp, L50, M|
|poke|p1|Dragonite, L50, M|
|poke|p1|Amoonguss, L50, M|
|poke|p1|Incineroar, L50, F|
|poke|p1|Ninetales-Alola, L50, F|
|poke|p1|Kingambit, L50, F|
|poke|p2|Annihilape, L50, F|
|poke|p2|Sinistcha, L50|
|poke|p2|Maushold-Four, L50|
|poke|p2|Klefki, L50, M|
|poke|p2|Ursaluna-Bloodmoon, L50, M|
|poke|p2|Ninetales-Alola, L50, F|
|teampreview|4
|showteam|p1|Garchomp||ChoiceBand|RoughSkin|Earthquake,DragonClaw,StompingTantrum,IronHead|||M|||50|,,,,,Steel]Dragonite||LoadedDice|Multiscale|ScaleShot,ExtremeSpeed,LowKick,Protect|||M|||50|,,,,,Fairy]Amoonguss||SitrusBerry|Regenerator|PollenPuff,ClearSmog,Spore,RagePowder|||M|||50|,,,,,Water]Incineroar||SafetyGoggles|Intimidate|FlareBlitz,KnockOff,FakeOut,PartingShot|||F|||50|,,,,,Ghost]Ninetales-Alola||ChoiceSpecs|SnowWarning|Blizzard,IceBeam,Moonblast,FreezeDry|||F|||50|,,,,,Ice]Kingambit||AssaultVest|Defiant|KowtowCleave,IronHead,SuckerPunch,LowKick|||F|||50|,,,,,Dark
|showteam|p2|Annihilape||Leftovers|Defiant|Protect,BulkUp,DrainPunch,RageFist|||F|||50|,,,,,Fire]Sinistcha||SitrusBerry|Hospitality|MatchaGotcha,TrickRoom,LifeDew,RagePowder||||||50|,,,,,Water]Maushold-Four||SafetyGoggles|FriendGuard|FollowMe,Taunt,BeatUp,Protect||||||50|,,,,,Ghost]Klefki||LightClay|Prankster|Reflect,LightScreen,MistyTerrain,DazzlingGleam|||M|||50|,,,,,Ghost]Ursaluna-Bloodmoon||AssaultVest|MindsEye|BloodMoon,HyperVoice,EarthPower,VacuumWave|||M|||50|,,,,,Water]Ninetales-Alola||FocusSash|SnowWarning|Protect,Encore,FreezeDry,Blizzard|||F|||50|,,,,,Ghost
|inactive|Battle timer is ON: inactive players will automatically lose when time's up. (requested by SirVala)
|inactive|SirVala has 60 seconds left.
|inactive|SirVala has 30 seconds left.
|inactive|SirVala has 20 seconds left.
|inactive|SirVala has 15 seconds left.
|inactive|SirVala has 10 seconds left.
|inactive|SirVala has 5 seconds left.
|
|t:|1756855803
|teamsize|p1|4
|teamsize|p2|4
|start
|switch|p1a: Garchomp|Garchomp, L50, M|100/100
|switch|p1b: Dragonite|Dragonite, L50, M|100/100
|switch|p2a: Annihilape|Annihilape, L50, F, shiny|100/100
|switch|p2b: Maushold|Maushold-Four, L50|100/100
|turn|1
|inactive|SirVala has 30 seconds left.
|inactive|epicfailtesting has 30 seconds left.
|inactive|SirVala has 20 seconds left.
|inactive|epicfailtesting has 20 seconds left.
|inactive|epicfailtesting has 15 seconds left.
|inactive|epicfailtesting has 10 seconds left.
|inactive|epicfailtesting has 5 seconds left.
|
|t:|1756855855
|move|p2b: Maushold|Taunt|p1b: Dragonite
|-start|p1b: Dragonite|move: Taunt
|move|p1a: Garchomp|Earthquake|p2b: Maushold|[spread] p2a,p2b
|-immune|p1b: Dragonite
|-crit|p2b: Maushold
|-damage|p2a: Annihilape|55/100
|-damage|p2b: Maushold|0 fnt
|faint|p2b: Maushold
|move|p2a: Annihilape|Bulk Up|p2a: Annihilape
|-boost|p2a: Annihilape|atk|1
|-boost|p2a: Annihilape|def|1
|move|p1b: Dragonite|Scale Shot|p2a: Annihilape
|-damage|p2a: Annihilape|45/100
|-damage|p2a: Annihilape|34/100
|-damage|p2a: Annihilape|23/100
|-damage|p2a: Annihilape|13/100
|-damage|p2a: Annihilape|3/100
|-hitcount|p2a: Annihilape|5
|-unboost|p1b: Dragonite|def|1
|-boost|p1b: Dragonite|spe|1
|
|-heal|p2a: Annihilape|10/100|[from] item: Leftovers
|upkeep
|
|t:|1756855868
|switch|p2b: Sinistcha|Sinistcha, L50|100/100
|-heal|p2a: Annihilape|35/100|[from] ability: Hospitality|[of] p2b: Sinistcha
|turn|2
|inactive|SirVala has 30 seconds left.
|inactive|SirVala has 20 seconds left.
|
|t:|1756855906
|move|p2a: Annihilape|Protect|p2a: Annihilape
|-singleturn|p2a: Annihilape|Protect
|move|p1b: Dragonite|Scale Shot|p2b: Sinistcha
|-damage|p2b: Sinistcha|89/100
|-damage|p2b: Sinistcha|77/100
|-damage|p2b: Sinistcha|66/100
|-damage|p2b: Sinistcha|54/100
|-hitcount|p2b: Sinistcha|4
|-unboost|p1b: Dragonite|def|1
|-boost|p1b: Dragonite|spe|1
|move|p1a: Garchomp|Earthquake|p2b: Sinistcha|[spread] p2b
|-activate|p2a: Annihilape|move: Protect
|-immune|p1b: Dragonite
|-resisted|p2b: Sinistcha
|-damage|p2b: Sinistcha|32/100
|-enditem|p2b: Sinistcha|Sitrus Berry|[eat]
|-heal|p2b: Sinistcha|57/100|[from] item: Sitrus Berry
|move|p2b: Sinistcha|Trick Room|p2b: Sinistcha
|-fieldstart|move: Trick Room|[of] p2b: Sinistcha
|
|-heal|p2a: Annihilape|41/100|[from] item: Leftovers
|upkeep
|turn|3
|inactive|SirVala has 30 seconds left.
|inactive|epicfailtesting has 30 seconds left.
|inactive|epicfailtesting has 20 seconds left.
|inactive|epicfailtesting has 15 seconds left.
|inactive|epicfailtesting has 10 seconds left.
|
|t:|1756855955
|-terastallize|p2a: Annihilape|Fire
|move|p2b: Sinistcha|Life Dew|p2b: Sinistcha|[spread] p2a,p2b
|-heal|p2a: Annihilape|66/100
|-heal|p2b: Sinistcha|82/100
|move|p2a: Annihilape|Rage Fist|p1a: Garchomp
|-damage|p1a: Garchomp|0 fnt
|-damage|p2a: Annihilape|53/100|[from] ability: Rough Skin|[of] p1a: Garchomp
|faint|p1a: Garchomp
|move|p1b: Dragonite|Scale Shot|p2a: Annihilape
|-damage|p2a: Annihilape|44/100
|-damage|p2a: Annihilape|35/100
|-damage|p2a: Annihilape|25/100
|-damage|p2a: Annihilape|15/100
|-damage|p2a: Annihilape|5/100
|-hitcount|p2a: Annihilape|5
|-unboost|p1b: Dragonite|def|1
|-boost|p1b: Dragonite|spe|1
|
|-heal|p2a: Annihilape|11/100|[from] item: Leftovers
|-end|p1b: Dragonite|move: Taunt
|upkeep
|
|t:|1756855978
|switch|p1a: Amoonguss|Amoonguss, L50, M|100/100
|turn|4
|
|t:|1756855997
|switch|p2b: Klefki|Klefki, L50, M|100/100
|move|p2a: Annihilape|Protect|p2a: Annihilape
|-singleturn|p2a: Annihilape|Protect
|move|p1a: Amoonguss|Spore|p2a: Annihilape
|-activate|p2a: Annihilape|move: Protect
|move|p1b: Dragonite|Scale Shot|p2b: Klefki
|-immune|p2b: Klefki
|
|-heal|p2a: Annihilape|17/100|[from] item: Leftovers
|upkeep
|turn|5
|inactive|SirVala has 30 seconds left.
|inactive|epicfailtesting has 30 seconds left.
|inactive|SirVala has 20 seconds left.
|inactive|SirVala has 15 seconds left.
|inactive|SirVala has 10 seconds left.
|inactive|SirVala has 5 seconds left.
|
|t:|1756856051
|move|p1a: Amoonguss|Rage Powder|p1a: Amoonguss
|-singleturn|p1a: Amoonguss|move: Rage Powder
|move|p2b: Klefki|Misty Terrain|p2b: Klefki
|-fieldstart|move: Misty Terrain
|move|p2a: Annihilape|Drain Punch|p1a: Amoonguss
|-resisted|p1a: Amoonguss
|-damage|p1a: Amoonguss|84/100
|-heal|p2a: Annihilape|26/100|[from] drain|[of] p1a: Amoonguss
|move|p1b: Dragonite|Scale Shot|p2a: Annihilape|[miss]
|-miss|p1b: Dragonite|p2a: Annihilape
|
|-heal|p2a: Annihilape|33/100|[from] item: Leftovers
|upkeep
|turn|6
|inactive|SirVala has 30 seconds left.
|inactive|SirVala has 20 seconds left.
|inactive|SirVala has 15 seconds left.
|inactive|SirVala has 10 seconds left.
|
|t:|1756856100
|move|p2b: Klefki|Reflect|p2b: Klefki
|-sidestart|p2: epicfailtesting|Reflect
|move|p1a: Amoonguss|Clear Smog|p2a: Annihilape
|-damage|p2a: Annihilape|20/100
|-clearboost|p2a: Annihilape
|move|p2a: Annihilape|Rage Fist|p1a: Amoonguss
|-damage|p1a: Amoonguss|0 fnt
|faint|p1a: Amoonguss
|move|p1b: Dragonite|Scale Shot|p2a: Annihilape
|-crit|p2a: Annihilape
|-damage|p2a: Annihilape|9/100
|-damage|p2a: Annihilape|4/100
|-damage|p2a: Annihilape|0 fnt
|faint|p2a: Annihilape
|-hitcount|p2: Annihilape|3
|-unboost|p1b: Dragonite|def|1
|-boost|p1b: Dragonite|spe|1
|
|-fieldend|move: Trick Room
|upkeep
|
|t:|1756856118
|switch|p2a: Sinistcha|Sinistcha, L50|82/100
|switch|p1a: Incineroar|Incineroar, L50, F|100/100
|-ability|p1a: Incineroar|Intimidate|boost
|-unboost|p2a: Sinistcha|atk|1
|-unboost|p2b: Klefki|atk|1
|turn|7
|
|t:|1756856138
|-terastallize|p1b: Dragonite|Fairy
|move|p2b: Klefki|Reflect||[still]
|-fail|p2b: Klefki
|move|p1b: Dragonite|Scale Shot|p2a: Sinistcha
|-damage|p2a: Sinistcha|78/100
|-damage|p2a: Sinistcha|74/100
|-damage|p2a: Sinistcha|70/100
|-damage|p2a: Sinistcha|66/100
|-damage|p2a: Sinistcha|62/100
|-hitcount|p2a: Sinistcha|5
|-unboost|p1b: Dragonite|def|1
|-boost|p1b: Dragonite|spe|1
|move|p1a: Incineroar|Knock Off|p2a: Sinistcha
|-supereffective|p2a: Sinistcha
|-damage|p2a: Sinistcha|34/100
|move|p2a: Sinistcha|Trick Room|p2a: Sinistcha
|-fieldstart|move: Trick Room|[of] p2a: Sinistcha
|
|upkeep
|turn|8
|inactive|SirVala has 30 seconds left.
|inactive|SirVala has 20 seconds left.
|
|t:|1756856175
|move|p1b: Dragonite|Protect|p1b: Dragonite
|-singleturn|p1b: Dragonite|Protect
|move|p1a: Incineroar|Flare Blitz|p2a: Sinistcha
|-supereffective|p2a: Sinistcha
|-damage|p2a: Sinistcha|0 fnt
|faint|p2a: Sinistcha
|-damage|p1a: Incineroar|91/100|[from] Recoil
|move|p2b: Klefki|Dazzling Gleam|p1b: Dragonite|[spread] p1a
|-activate|p1b: Dragonite|move: Protect
|-damage|p1a: Incineroar|78/100
|
|upkeep
|turn|9
|
|t:|1756856190
|move|p1a: Incineroar|Flare Blitz|p2b: Klefki
|-supereffective|p2b: Klefki
|-damage|p2b: Klefki|37/100
|-damage|p1a: Incineroar|61/100|[from] Recoil
|move|p2b: Klefki|Dazzling Gleam|p1b: Dragonite|[spread] p1a,p1b
|-damage|p1a: Incineroar|49/100
|-damage|p1b: Dragonite|92/100
|move|p1b: Dragonite|Low Kick|p2b: Klefki
|-damage|p2b: Klefki|32/100
|
|-fieldend|Misty Terrain
|upkeep
|turn|10
|
|t:|1756856210
|move|p1b: Dragonite|Extreme Speed|p2b: Klefki
|-resisted|p2b: Klefki
|-damage|p2b: Klefki|19/100
|move|p1a: Incineroar|Flare Blitz|p2b: Klefki
|-supereffective|p2b: Klefki
|-damage|p2b: Klefki|0 fnt
|faint|p2b: Klefki
|-damage|p1a: Incineroar|44/100|[from] Recoil
|
|win|SirVala
||epicfailtesting is ready for game 2.
||SirVala is ready for game 2.
|uhtml|next|Next: Game 2 of 3
