|j|☆SunshineTufo
|j|☆dogpeg
|html|SunshineTufodogpeg    
|uhtml|bestof|Game 3 of a best-of-3
|t:|1784235121
|gametype|doubles
|player|p1|SunshineTufo|li|1223
|player|p2|dogpeg|265|1224
|gen|9
|tier|[Gen 9 Champions] VGC 2026 Reg M-B (Bo3)
|rated|
|rule|Species Clause: Limit one of each Pokémon
|rule|Item Clause: Limit 1 of each item
|clearpoke
|poke|p1|Charizard, L50, M, shiny|
|poke|p1|Incineroar, L50, M, shiny|
|poke|p1|Sylveon, L50, M, shiny|
|poke|p1|Aerodactyl, L50, M, shiny|
|poke|p1|Garchomp, L50, M, shiny|
|poke|p1|Farigiraf, L50, M, shiny|
|poke|p2|Charizard, L50, F|
|poke|p2|Garchomp, L50, F|
|poke|p2|Sylveon, L50, M|
|poke|p2|Aerodactyl, L50, M|
|poke|p2|Kingambit, L50, M|
|poke|p2|Sneasler, L50, F|
|teampreview|4
|showteam|p1|Charizard||CharizarditeY|SolarPower|HeatWave,WeatherBall,SolarBeam,Protect|Modest||M|||50|]Incineroar||Charcoal|Intimidate|FlareBlitz,DarkestLariat,PartingShot,FakeOut|Brave||M|||50|]Sylveon||FairyFeather|Pixilate|HyperVoice,QuickAttack,HyperBeam,Detect|Modest||M|||50|]Aerodactyl||Aerodactylite|Unnerve|WideGuard,RockSlide,DualWingbeat,Tailwind|Jolly||M|||50|]Garchomp||LifeOrb|RoughSkin|Protect,StompingTantrum,DragonClaw,Earthquake|Adamant||M|||50|]Farigiraf||SitrusBerry|ArmorTail|SunnyDay,PsychicFangs,Thunderbolt,TrickRoom|Relaxed||M|||50|
|showteam|p2|Charizard||CharizarditeY|Blaze|HeatWave,WeatherBall,SolarBeam,Protect|Modest||F|||50|]Garchomp||LifeOrb|RoughSkin|Earthquake,DragonClaw,RockSlide,Protect|Adamant||F|||50|]Sylveon||FairyFeather|Pixilate|HyperVoice,HyperBeam,QuickAttack,Protect|Modest||M|||50|]Aerodactyl||Aerodactylite|RockHead|Tailwind,RockSlide,DualWingbeat,IceFang|Jolly||M|||50|]Kingambit||BlackGlasses|Defiant|SuckerPunch,IronHead,KowtowCleave,Protect|Jolly||M|||50|]Sneasler||WhiteHerb|Unburden|FakeOut,CloseCombat,DireClaw,Protect|Adamant||F|||50|
|inactive|Battle timer is ON: inactive players will automatically lose when time's up. (requested by SunshineTufo)
|
|t:|1784235152
|teamsize|p1|4
|teamsize|p2|4
|start
|switch|p1a: Incineroar|Incineroar, L50, M, shiny|100/100
|switch|p1b: Farigiraf|Farigiraf, L50, M, shiny|100/100
|switch|p2a: Kingambit|Kingambit, L50, M|100/100
|switch|p2b: Sneasler|Sneasler, L50, F|100/100
|-ability|p1a: Incineroar|Intimidate|boost
|-unboost|p2a: Kingambit|atk|1
|-ability|p2a: Kingambit|Defiant|boost
|-boost|p2a: Kingambit|atk|2
|-unboost|p2b: Sneasler|atk|1
|-enditem|p2b: Sneasler|White Herb
|-clearnegativeboost|p2b: Sneasler|[silent]
|turn|1
|
|t:|1784235168
|move|p1a: Incineroar|Fake Out|p2a: Kingambit
|-resisted|p2a: Kingambit|1
|-damage|p2a: Kingambit|94/100
|move|p2b: Sneasler|Close Combat|p1a: Incineroar
|-supereffective|p1a: Incineroar|1
|-damage|p1a: Incineroar|0 fnt
|-unboost|p2b: Sneasler|def|1
|-unboost|p2b: Sneasler|spd|1
|faint|p1a: Incineroar
|cant|p2a: Kingambit|flinch
|move|p1b: Farigiraf|Trick Room|p1b: Farigiraf
|-fieldstart|move: Trick Room|[of] p1b: Farigiraf
|
|upkeep
|
|t:|1784235170
|switch|p1a: Charizard|Charizard, L50, M, shiny|100/100
|turn|2
|inactive|dogpeg has 30 seconds left.
|inactive|dogpeg has 20 seconds left.
|inactive|dogpeg has 15 seconds left.
|
|t:|1784235210
|move|p2a: Kingambit|Protect|p2a: Kingambit
|-singleturn|p2a: Kingambit|Protect
|move|p1a: Charizard|Protect|p1a: Charizard
|-singleturn|p1a: Charizard|Protect
|move|p2b: Sneasler|Protect|p2b: Sneasler
|-singleturn|p2b: Sneasler|Protect
|move|p1b: Farigiraf|Psychic Fangs|p2b: Sneasler
|-activate|p2b: Sneasler|move: Protect
|
|upkeep
|turn|3
|inactive|dogpeg has 30 seconds left.
|
|t:|1784235245
|switch|p1b: Garchomp|Garchomp, L50, M, shiny|100/100
|detailschange|p1a: Charizard|Charizard-Mega-Y, L50, M, shiny
|-mega|p1a: Charizard|Charizard|Charizardite Y
|-weather|SunnyDay|[from] ability: Drought|[of] p1a: Charizard
|move|p2a: Kingambit|Kowtow Cleave|p1b: Garchomp
|-damage|p1b: Garchomp|27/100
|-damage|p2a: Kingambit|82/100|[from] ability: Rough Skin|[of] p1b: Garchomp
|move|p1a: Charizard|Heat Wave|p2a: Kingambit|[spread] p2a,p2b
|-supereffective|p2a: Kingambit|1
|-damage|p2a: Kingambit|0 fnt
|-damage|p2b: Sneasler|0 fnt
|faint|p2a: Kingambit
|faint|p2b: Sneasler
|
|-weather|SunnyDay|[upkeep]
|upkeep
|
|t:|1784235263
|switch|p2a: Sylveon|Sylveon, L50, M|100/100
|switch|p2b: Garchomp|Garchomp, L50, F|100/100
|turn|4
|
|t:|1784235272
|switch|p1b: Farigiraf|Farigiraf, L50, M, shiny|100/100
|move|p1a: Charizard|Protect|p1a: Charizard
|-singleturn|p1a: Charizard|Protect
|move|p2a: Sylveon|Hyper Voice|p1a: Charizard|[spread] p1b
|-activate|p1a: Charizard|move: Protect
|-crit|p1b: Farigiraf
|-damage|p1b: Farigiraf|31/100
|-enditem|p1b: Farigiraf|Sitrus Berry|[eat]
|-heal|p1b: Farigiraf|56/100|[from] item: Sitrus Berry
|move|p2b: Garchomp|Rock Slide|p1b: Farigiraf|[spread] 
|-activate|p1a: Charizard|move: Protect
|-miss|p2b: Garchomp|p1b: Farigiraf
|
|-weather|SunnyDay|[upkeep]
|upkeep
|turn|5
|
|t:|1784235280
|move|p1b: Farigiraf|Psychic Fangs|p2b: Garchomp
|-damage|p2b: Garchomp|73/100
|-damage|p1b: Farigiraf|44/100|[from] ability: Rough Skin|[of] p2b: Garchomp
|move|p2a: Sylveon|Hyper Voice|p1a: Charizard|[spread] p1a,p1b
|-resisted|p1a: Charizard|1
|-damage|p1a: Charizard|79/100
|-damage|p1b: Farigiraf|0 fnt
|faint|p1b: Farigiraf
|move|p1a: Charizard|Solar Beam||[still]
|-prepare|p1a: Charizard|Solar Beam
|-anim|p1a: Charizard|Solar Beam|p2b: Garchomp
|-damage|p2b: Garchomp|21/100
|move|p2b: Garchomp|Rock Slide|p1a: Charizard
|-supereffective|p1a: Charizard|2
|-damage|p1a: Charizard|0 fnt
|faint|p1a: Charizard
|-damage|p2b: Garchomp|11/100|[from] item: Life Orb
|
|-weather|SunnyDay|[upkeep]
|-fieldend|move: Trick Room
|upkeep
|
|t:|1784235283
|switch|p1b: Garchomp|Garchomp, L50, M, shiny|27/100
|turn|6
|-message|SunshineTufo forfeited.
|
|win|dogpeg
|raw|SunshineTufo's rating: 1223 → 1198(-25 for losing)
|raw|dogpeg's rating: 1224 → 1249(+25 for winning)
