|j|☆upoiuz
|j|☆raksbachtesting1
|html|upoiuzraksbachtesting1    
|uhtml|bestof|Game 2 of a best-of-3
|t:|1785228864
|gametype|doubles
|player|p1|upoiuz|hilbert|1226
|player|p2|raksbachtesting1|doubleteam|1147
|gen|9
|tier|[Gen 9 Champions] VGC 2026 Reg M-B (Bo3)
|rated|
|rule|Species Clause: Limit one of each Pokémon
|rule|Item Clause: Limit 1 of each item
|clearpoke
|poke|p1|Incineroar, L50, M, shiny|
|poke|p1|Archaludon, L50, M, shiny|
|poke|p1|Pelipper, L50, F|
|poke|p1|Meganium, L50, M, shiny|
|poke|p1|Garchomp, L50, F, shiny|
|poke|p1|Swampert, L50, M|
|poke|p2|Charizard, L50, M|
|poke|p2|Garchomp, L50, F|
|poke|p2|Incineroar, L50, F|
|poke|p2|Venusaur, L50, M|
|poke|p2|Toxapex, L50, M|
|poke|p2|Sylveon, L50, M|
|teampreview|4
|showteam|p1|Incineroar||SitrusBerry|Intimidate|FakeOut,PartingShot,FlareBlitz,ThroatChop|Calm||M|||50|]Archaludon||WhiteHerb|Stamina|DracoMeteor,ElectroShot,FlashCannon,Protect|Modest||M|||50|]Pelipper||Leftovers|Drizzle|Hurricane,Tailwind,Protect,MuddyWater|Timid||F|||50|]Meganium||Meganiumite|Overgrow|WeatherBall,SolarBeam,Protect,DazzlingGleam|Modest||M|||50|]Garchomp||ChoiceScarf|RoughSkin|DragonClaw,StompingTantrum,Earthquake,RockSlide|Jolly||F|||50|]Swampert||Swampertite|Torrent|Earthquake,WaveCrash,IcePunch,Protect|Adamant||M|||50|
|showteam|p2|Charizard||CharizarditeY|SolarPower|WeatherBall,HeatWave,AncientPower,Protect|Modest||M|||50|]Garchomp||ChoiceScarf|RoughSkin|RockSlide,DragonClaw,Earthquake,StompingTantrum|Adamant||F|||50|]Incineroar||SitrusBerry|Intimidate|FlareBlitz,FakeOut,DarkestLariat,PartingShot|Impish||F|||50|]Venusaur||LifeOrb|Chlorophyll|SludgeBomb,LeafStorm,EarthPower,Protect|Modest||M|||50|]Toxapex||Leftovers|Regenerator|Infestation,Toxic,WideGuard,BanefulBunker|Bold||M|||50|]Sylveon||FairyFeather|Pixilate|HyperVoice,QuickAttack,Yawn,Detect|Modest||M|||50|
|inactive|Battle timer is ON: inactive players will automatically lose when time's up. (requested by upoiuz)
|inactive|raksbachtesting1 also wants the timer to be on.
|inactive|upoiuz has 60 seconds left.
|
|t:|1785228897
|teamsize|p1|4
|teamsize|p2|4
|start
|switch|p1a: Incineroar|Incineroar, L50, M, shiny|100/100
|switch|p1b: Swampert|Swampert, L50, M|100/100
|switch|p2a: Incineroar|Incineroar, L50, F|100/100
|switch|p2b: Sylveon|Sylveon, L50, M|100/100
|-ability|p2a: Incineroar|Intimidate|boost
|-unboost|p1a: Incineroar|atk|1
|-unboost|p1b: Swampert|atk|1
|-ability|p1a: Incineroar|Intimidate|boost
|-unboost|p2a: Incineroar|atk|1
|-unboost|p2b: Sylveon|atk|1
|turn|1
|
|t:|1785228920
|switch|p1b: Archaludon|Archaludon, L50, M, shiny|100/100
|move|p1a: Incineroar|Fake Out|p2b: Sylveon
|-damage|p2b: Sylveon|92/100
|cant|p2b: Sylveon|flinch
|move|p2a: Incineroar|Parting Shot|p1a: Incineroar
|-unboost|p1a: Incineroar|atk|1
|-unboost|p1a: Incineroar|spa|1
|
|t:|1785228930
|switch|p2a: Venusaur|Venusaur, L50, M|100/100|[from] Parting Shot
|
|upkeep
|turn|2
|
|t:|1785228942
|move|p2a: Venusaur|Protect|p2a: Venusaur
|-singleturn|p2a: Venusaur|Protect
|move|p1b: Archaludon|Protect|p1b: Archaludon
|-singleturn|p1b: Archaludon|Protect
|move|p2b: Sylveon|Yawn|p1a: Incineroar
|-start|p1a: Incineroar|move: Yawn|[of] p2b: Sylveon
|move|p1a: Incineroar|Parting Shot|p2b: Sylveon
|-unboost|p2b: Sylveon|atk|1
|-unboost|p2b: Sylveon|spa|1
|
|t:|1785228952
|switch|p1a: Pelipper|Pelipper, L50, F|100/100|[from] Parting Shot
|-weather|RainDance|[from] ability: Drizzle|[of] p1a: Pelipper
|
|-weather|RainDance|[upkeep]
|upkeep
|turn|3
|
|t:|1785228965
|move|p1a: Pelipper|Tailwind|p1a: Pelipper
|-sidestart|p1: upoiuz|move: Tailwind
|move|p1b: Archaludon|Flash Cannon|p2b: Sylveon
|-supereffective|p2b: Sylveon|1
|-damage|p2b: Sylveon|29/100
|move|p2a: Venusaur|Earth Power|p1b: Archaludon
|-supereffective|p1b: Archaludon|1
|-damage|p1b: Archaludon|7/100
|-ability|p1b: Archaludon|Stamina|boost
|-boost|p1b: Archaludon|def|1
|-damage|p2a: Venusaur|90/100|[from] item: Life Orb
|move|p2b: Sylveon|Hyper Voice|p1a: Pelipper|[spread] p1a,p1b
|-damage|p1a: Pelipper|48/100
|-damage|p1b: Archaludon|0 fnt
|faint|p1b: Archaludon
|
|-weather|RainDance|[upkeep]
|-heal|p1a: Pelipper|54/100|[from] item: Leftovers
|upkeep
|
|t:|1785228984
|switch|p1b: Swampert|Swampert, L50, M|100/100
|turn|4
|
|t:|1785228993
|switch|p2b: Incineroar|Incineroar, L50, F|100/100
|-ability|p2b: Incineroar|Intimidate|boost
|-unboost|p1a: Pelipper|atk|1
|-unboost|p1b: Swampert|atk|1
|detailschange|p1b: Swampert|Swampert-Mega, L50, M
|-mega|p1b: Swampert|Swampert|Swampertite
|move|p2a: Venusaur|Protect|p2a: Venusaur
|-singleturn|p2a: Venusaur|Protect
|move|p1b: Swampert|Earthquake|p2a: Venusaur|[spread] p2b
|-activate|p2a: Venusaur|move: Protect
|-immune|p1a: Pelipper
|-supereffective|p2b: Incineroar|1
|-crit|p2b: Incineroar
|-damage|p2b: Incineroar|1/100
|-enditem|p2b: Incineroar|Sitrus Berry|[eat]
|-heal|p2b: Incineroar|25/100|[from] item: Sitrus Berry
|move|p1a: Pelipper|Hurricane|p2a: Venusaur
|-activate|p2a: Venusaur|move: Protect
|
|-weather|RainDance|[upkeep]
|-heal|p1a: Pelipper|60/100|[from] item: Leftovers
|upkeep
|turn|5
|inactive|raksbachtesting1 has 30 seconds left.
|inactive|upoiuz has 30 seconds left.
|inactive|raksbachtesting1 has 20 seconds left.
|inactive|upoiuz has 20 seconds left.
|
|t:|1785229035
|switch|p2a: Sylveon|Sylveon, L50, M|29/100
|move|p1b: Swampert|Earthquake|p2b: Incineroar|[spread] p2a,p2b
|-immune|p1a: Pelipper
|-supereffective|p2b: Incineroar|1
|-damage|p2a: Sylveon|0 fnt
|-damage|p2b: Incineroar|0 fnt
|faint|p2a: Sylveon
|faint|p2b: Incineroar
|move|p1a: Pelipper|Hurricane|p2: Sylveon|[notarget]
|-fail|p1a: Pelipper
|
|-weather|RainDance|[upkeep]
|-heal|p1a: Pelipper|66/100|[from] item: Leftovers
|upkeep
|
|t:|1785229041
|switch|p2a: Charizard|Charizard, L50, M|100/100
|switch|p2b: Venusaur|Venusaur, L50, M|90/100
|turn|6
|
|t:|1785229060
|switch|p1b: Incineroar|Incineroar, L50, M, shiny|100/100
|-ability|p1b: Incineroar|Intimidate|boost
|-unboost|p2a: Charizard|atk|1
|-unboost|p2b: Venusaur|atk|1
|move|p1a: Pelipper|Protect|p1a: Pelipper
|-singleturn|p1a: Pelipper|Protect
|move|p2a: Charizard|Protect|p2a: Charizard
|-singleturn|p2a: Charizard|Protect
|move|p2b: Venusaur|Protect||[still]
|-fail|p2b: Venusaur
|
|-weather|none
|-heal|p1a: Pelipper|72/100|[from] item: Leftovers
|-sideend|p1: upoiuz|move: Tailwind
|upkeep
|turn|7
|inactive|upoiuz has 30 seconds left.
|
|t:|1785229088
|detailschange|p2a: Charizard|Charizard-Mega-Y, L50, M
|-mega|p2a: Charizard|Charizard|Charizardite Y
|-weather|SunnyDay|[from] ability: Drought|[of] p2a: Charizard
|move|p1b: Incineroar|Fake Out|p2a: Charizard
|-damage|p2a: Charizard|91/100
|move|p2b: Venusaur|Earth Power|p1b: Incineroar
|-supereffective|p1b: Incineroar|1
|-damage|p1b: Incineroar|44/100
|-enditem|p1b: Incineroar|Sitrus Berry|[eat]
|-heal|p1b: Incineroar|69/100|[from] item: Sitrus Berry
|-damage|p2b: Venusaur|81/100|[from] item: Life Orb
|move|p1a: Pelipper|Muddy Water|p2b: Venusaur|[spread] p2a,p2b
|-supereffective|p2a: Charizard|1
|-resisted|p2b: Venusaur|1
|-damage|p2a: Charizard|65/100
|-damage|p2b: Venusaur|73/100
|-unboost|p2b: Venusaur|accuracy|1
|cant|p2a: Charizard|flinch
|
|-weather|SunnyDay|[upkeep]
|-heal|p1a: Pelipper|78/100|[from] item: Leftovers
|upkeep
|turn|8
|inactive|raksbachtesting1 has 30 seconds left.
|
|t:|1785229116
|switch|p1a: Swampert|Swampert-Mega, L50, M|100/100
|move|p2b: Venusaur|Sludge Bomb|p1a: Swampert|[miss]
|-miss|p2b: Venusaur|p1a: Swampert
|move|p2a: Charizard|Ancient Power|p1a: Swampert
|-resisted|p1a: Swampert|1
|-damage|p1a: Swampert|89/100
|-boost|p2a: Charizard|atk|1
|-boost|p2a: Charizard|def|1
|-boost|p2a: Charizard|spa|1
|-boost|p2a: Charizard|spd|1
|-boost|p2a: Charizard|spe|1
|move|p1b: Incineroar|Parting Shot|p2b: Venusaur
|-unboost|p2b: Venusaur|atk|1
|-unboost|p2b: Venusaur|spa|1
|
|t:|1785229129
|switch|p1b: Pelipper|Pelipper, L50, F|78/100|[from] Parting Shot
|-weather|RainDance|[from] ability: Drizzle|[of] p1b: Pelipper
|
|-weather|RainDance|[upkeep]
|-heal|p1b: Pelipper|83/100|[from] item: Leftovers
|upkeep
|turn|9
|
|t:|1785229142
|move|p1a: Swampert|Wave Crash|p2a: Charizard
|-supereffective|p2a: Charizard|1
|-damage|p2a: Charizard|0 fnt
|faint|p2a: Charizard
|-damage|p1a: Swampert|66/100|[from] Recoil
|move|p1b: Pelipper|Tailwind|p1b: Pelipper
|-sidestart|p1: upoiuz|move: Tailwind
|move|p2b: Venusaur|Leaf Storm|p1a: Swampert
|-supereffective|p1a: Swampert|2
|-damage|p1a: Swampert|0 fnt
|-unboost|p2b: Venusaur|spa|2
|faint|p1a: Swampert
|-damage|p2b: Venusaur|64/100|[from] item: Life Orb
|
|-weather|RainDance|[upkeep]
|-heal|p1b: Pelipper|89/100|[from] item: Leftovers
|upkeep
|
|t:|1785229155
|switch|p1a: Incineroar|Incineroar, L50, M, shiny|69/100
|-ability|p1a: Incineroar|Intimidate|boost
|-unboost|p2b: Venusaur|atk|1
|turn|10
|-message|raksbachtesting1 forfeited.
|
|win|upoiuz
