|j|☆precisiondepicasso
|j|☆hugoleitor
|html|precisiondepicassohugoleitor    
|uhtml|bestof|Game 1 of a best-of-3
|t:|1782764952
|gametype|doubles
|player|p1|precisiondepicasso|cyclistf-gen4|1256
|player|p2|hugoleitor|pokekid|1148
|gen|9
|tier|[Gen 9 Champions] VGC 2026 Reg M-B (Bo3)
|rated|
|rule|Species Clause: Limit one of each Pokémon
|rule|Item Clause: Limit 1 of each item
|clearpoke
|poke|p1|Charizard, L50, F|
|poke|p1|Kingambit, L50, M|
|poke|p1|Sylveon, L50, F|
|poke|p1|Garchomp, L50, M|
|poke|p1|Aerodactyl, L50, M|
|poke|p1|Farigiraf, L50, M|
|poke|p2|Charizard, L50, M|
|poke|p2|Aerodactyl, L50, M|
|poke|p2|Garchomp, L50, M|
|poke|p2|Sylveon, L50, M, shiny|
|poke|p2|Kingambit, L50, M, shiny|
|poke|p2|Farigiraf, L50, F|
|teampreview|4
|showteam|p1|Charizard||CharizarditeY|SolarPower|Protect,HeatWave,SolarBeam,WeatherBall|Modest||F|||50|]Kingambit||FocusSash|Defiant|IronHead,SuckerPunch,KowtowCleave,LowKick|Adamant||M|||50|]Sylveon||FairyFeather|Pixilate|Detect,HyperVoice,HyperBeam,QuickAttack|Modest||F|||50|]Garchomp||LifeOrb|RoughSkin|Protect,DragonClaw,Earthquake,StompingTantrum|Jolly||M|||50|]Aerodactyl||Aerodactylite|RockHead|IceFang,RockSlide,Tailwind,DualWingbeat|Jolly||M|||50|]Farigiraf||SitrusBerry|ArmorTail|TrickRoom,Psychic,Thunderbolt,Roar|Bold||M|||50|
|showteam|p2|Charizard||CharizarditeY|Blaze|HeatWave,SolarBeam,WeatherBall,Protect|Timid||M|||50|]Aerodactyl||Aerodactylite|Unnerve|Tailwind,DualWingbeat,RockSlide,IceFang|Jolly||M|||50|]Garchomp||LifeOrb|RoughSkin|RockTomb,Earthquake,DragonClaw,Protect|Adamant||M|||50|]Sylveon||FairyFeather|Pixilate|Detect,QuickAttack,HyperVoice,HyperBeam|Modest||M|||50|]Kingambit||FocusSash|Defiant|LowKick,KowtowCleave,SuckerPunch,IronHead|Adamant||M|||50|]Farigiraf||SitrusBerry|ArmorTail|TrickRoom,HelpingHand,TwinBeam,GrassKnot|Bold||F|||50|
|inactive|Battle timer is ON: inactive players will automatically lose when time's up. (requested by hugoleitor)
|inactive|precisiondepicasso also wants the timer to be on.
|inactive|precisiondepicasso has 60 seconds left.
|
|t:|1782764991
|teamsize|p1|4
|teamsize|p2|4
|start
|switch|p1a: Aerodactyl|Aerodactyl, L50, M|100/100
|switch|p1b: Kingambit|Kingambit, L50, M|100/100
|switch|p2a: Farigiraf|Farigiraf, L50, F|100/100
|switch|p2b: GATITA SALVAJE|Sylveon, L50, M, shiny|100/100
|turn|1
|inactive|hugoleitor has 30 seconds left.
|
|t:|1782765017
|switch|p2b: PATRIARCA GITANO|Kingambit, L50, M, shiny|100/100
|detailschange|p1a: Aerodactyl|Aerodactyl-Mega, L50, M
|-mega|p1a: Aerodactyl|Aerodactyl|Aerodactylite
|move|p1a: Aerodactyl|Rock Slide|p2b: PATRIARCA GITANO|[spread] p2a,p2b
|-resisted|p2b: PATRIARCA GITANO|1
|-damage|p2a: Farigiraf|81/100
|-damage|p2b: PATRIARCA GITANO|90/100
|move|p1b: Kingambit|Kowtow Cleave|p2a: Farigiraf
|-supereffective|p2a: Farigiraf|1
|-damage|p2a: Farigiraf|3/100
|-enditem|p2a: Farigiraf|Sitrus Berry|[eat]
|-heal|p2a: Farigiraf|28/100|[from] item: Sitrus Berry
|move|p2a: Farigiraf|Trick Room|p2a: Farigiraf
|-fieldstart|move: Trick Room|[of] p2a: Farigiraf
|
|upkeep
|turn|2
|inactive|precisiondepicasso has 30 seconds left.
|inactive|hugoleitor has 30 seconds left.
|inactive|hugoleitor has 20 seconds left.
|
|t:|1782765056
|switch|p2a: GATITA SALVAJE|Sylveon, L50, M, shiny|100/100
|switch|p1a: Garchomp|Garchomp, L50, M|100/100
|move|p2b: PATRIARCA GITANO|Low Kick|p1b: Kingambit
|-supereffective|p1b: Kingambit|2
|-enditem|p1b: Kingambit|Focus Sash
|-damage|p1b: Kingambit|1/100
|move|p1b: Kingambit|Low Kick|p2b: PATRIARCA GITANO
|-supereffective|p2b: PATRIARCA GITANO|2
|-damage|p2b: PATRIARCA GITANO|0 fnt
|faint|p2b: PATRIARCA GITANO
|
|upkeep
|
|t:|1782765077
|switch|p2b: GARRINCHA|Garchomp, L50, M|100/100
|turn|3
|
|t:|1782765097
|move|p1a: Garchomp|Protect|p1a: Garchomp
|-singleturn|p1a: Garchomp|Protect
|move|p2a: GATITA SALVAJE|Quick Attack|p1b: Kingambit
|-damage|p1b: Kingambit|0 fnt
|faint|p1b: Kingambit
|move|p2b: GARRINCHA|Dragon Claw|p1a: Garchomp
|-activate|p1a: Garchomp|move: Protect
|
|upkeep
|
|t:|1782765107
|switch|p1b: Sylveon|Sylveon, L50, F|100/100
|turn|4
|
|t:|1782765119
|switch|p1a: Aerodactyl|Aerodactyl-Mega, L50, M|100/100
|move|p2b: GARRINCHA|Protect|p2b: GARRINCHA
|-singleturn|p2b: GARRINCHA|Protect
|move|p2a: GATITA SALVAJE|Hyper Voice|p1b: Sylveon|[spread] p1a,p1b
|-damage|p1a: Aerodactyl|51/100
|-damage|p1b: Sylveon|58/100
|move|p1b: Sylveon|Hyper Voice|p2a: GATITA SALVAJE|[spread] p2a
|-activate|p2b: GARRINCHA|move: Protect
|-damage|p2a: GATITA SALVAJE|57/100
|
|upkeep
|turn|5
|
|t:|1782765137
|move|p2a: GATITA SALVAJE|Hyper Beam|p1b: Sylveon
|-damage|p1b: Sylveon|0 fnt
|-mustrecharge|p2a: GATITA SALVAJE
|faint|p1b: Sylveon
|move|p2b: GARRINCHA|Rock Tomb|p1a: Aerodactyl
|-supereffective|p1a: Aerodactyl|1
|-damage|p1a: Aerodactyl|0 fnt
|faint|p1a: Aerodactyl
|-damage|p2b: GARRINCHA|90/100|[from] item: Life Orb
|
|-fieldend|move: Trick Room
|upkeep
|
|t:|1782765142
|switch|p1b: Garchomp|Garchomp, L50, M|100/100
|turn|6
|
|t:|1782765149
|move|p2b: GARRINCHA|Protect|p2b: GARRINCHA
|-singleturn|p2b: GARRINCHA|Protect
|move|p1b: Garchomp|Dragon Claw|p2b: GARRINCHA
|-activate|p2b: GARRINCHA|move: Protect
|cant|p2a: GATITA SALVAJE|recharge
|
|upkeep
|turn|7
|
|t:|1782765157
|move|p1b: Garchomp|Earthquake|p2b: GARRINCHA|[spread] p2a,p2b
|-damage|p2a: GATITA SALVAJE|6/100
|-damage|p2b: GARRINCHA|41/100
|-damage|p1b: Garchomp|90/100|[from] item: Life Orb
|move|p2b: GARRINCHA|Dragon Claw|p1b: Garchomp
|-supereffective|p1b: Garchomp|1
|-damage|p1b: Garchomp|0 fnt
|-damage|p2b: GARRINCHA|29/100|[from] ability: Rough Skin|[of] p1b: Garchomp
|faint|p1b: Garchomp
|-damage|p2b: GARRINCHA|19/100|[from] item: Life Orb
|
|win|hugoleitor
||precisiondepicasso is ready for game 2.
|inactive|hugoleitor has 30 seconds to confirm battle start!
|inactive|hugoleitor has 20 seconds to confirm battle start!
