|j|☆OOF? YEE?
|j|☆RebL123
|html|OOF? YEE?RebL123    
|uhtml|bestof|Game 3 of a best-of-3
|t:|1757859495
|gametype|doubles
|player|p1|OOF? YEE?|1|1341
|player|p2|RebL123|psychicf-gen4|1255
|gen|9
|tier|[Gen 9] VGC 2025 Reg H (Bo3)
|rated|
|rule|Species Clause: Limit one of each Pokémon
|rule|Item Clause: Limit 1 of each item
|clearpoke
|poke|p1|Archaludon, L50, F|
|poke|p1|Pelipper, L50, F|
|poke|p1|Kingdra, L50, F|
|poke|p1|Toedscruel, L50, M|
|poke|p1|Comfey, L50, M|
|poke|p1|Weezing-Galar, L50, M|
|poke|p2|Farigiraf, L50, M|
|poke|p2|Torkoal, L50, F|
|poke|p2|Ursaluna, L50, M|
|poke|p2|Gallade, L50, M|
|poke|p2|Charizard, L50, F|
|poke|p2|Jumpluff, L50, F|
|teampreview|4
|showteam|p1|Archaludon||AssaultVest|Stamina|ElectroShot,BodyPress,FlashCannon,Snarl|||F|||50|,,,,,Grass]Pelipper||ChoiceScarf|Drizzle|Tailwind,Hurricane,WeatherBall,Uturn|||F|||50|,,,,,Ghost]Kingdra||LifeOrb|SwiftSwim|Protect,WeatherBall,DracoMeteor,Surf|||F|||50|,,,,,Steel]Toedscruel||CovertCloak|MyceliumMight|Spore,EarthPower,BulletSeed,Protect|||M|||50|,,,,,Water]Comfey||SafetyGoggles|Triage|DrainingKiss,FloralHealing,LightScreen,Protect|||M|||50|,,,,,Steel]Weezing-Galar||SitrusBerry|NeutralizingGas|Protect,SludgeBomb,Taunt,DazzlingGleam|||M|||50|,,,,,Ghost
|showteam|p2|Farigiraf||ThroatSpray|ArmorTail|HyperVoice,Imprison,Protect,TrickRoom|||M|||50|,,,,,Dark]Torkoal||ChoiceSpecs|Drought|Eruption,HeatWave,WeatherBall,EarthPower|||F|||50|,,,,,Fire]Ursaluna||FlameOrb|Guts|Facade,HeadlongRush,Earthquake,Protect|||M|||50|,,,,,Ghost]Gallade||ClearAmulet|Sharpness|SacredSword,PsychoCut,TrickRoom,WideGuard|||M|||50|,,,,,Grass]Charizard||ChoiceScarf|SolarPower|HeatWave,AirSlash,WeatherBall,AncientPower|||F|||50|,,,,,Fire]Jumpluff||CovertCloak|Chlorophyll|Tailwind,SleepPowder,RagePowder,SunnyDay|||F|||50|,,,,,Water
|inactive|Battle timer is ON: inactive players will automatically lose when time's up. (requested by RebL123)
|l|☆OOF? YEE?
|inactive|OOF? YEE? disconnected and has a minute to reconnect!
|player|p1|
|j|☆OOF? YEE?
|inactive|OOF? YEE? reconnected and has 60 seconds left.
|player|p1|OOF? YEE?|1|
|
|t:|1757859535
|teamsize|p1|4
|teamsize|p2|4
|start
|switch|p1a: Weezing|Weezing-Galar, L50, M|100/100
|switch|p1b: Toedscruel|Toedscruel, L50, M|100/100
|switch|p2a: InYourEyes|Jumpluff, L50, F|100/100
|switch|p2b: Gallade|Gallade, L50, M|100/100
|-ability|p1a: Weezing|Neutralizing Gas
|turn|1
|
|t:|1757859560
|switch|p1b: Pelipper|Pelipper, L50, F|100/100
|-terastallize|p2b: Gallade|Grass
|move|p2a: InYourEyes|Sleep Powder|p1a: Weezing|[miss]
|-miss|p2a: InYourEyes|p1a: Weezing
|move|p1a: Weezing|Sludge Bomb|p2b: Gallade
|-supereffective|p2b: Gallade
|-damage|p2b: Gallade|37/100
|move|p2b: Gallade|Trick Room|p2b: Gallade
|-fieldstart|move: Trick Room|[of] p2b: Gallade
|
|upkeep
|turn|2
|
|t:|1757859577
|move|p1a: Weezing|Sludge Bomb|p2b: Gallade
|-supereffective|p2b: Gallade
|-damage|p2b: Gallade|0 fnt
|faint|p2b: Gallade
|move|p2a: InYourEyes|Sunny Day|p2a: InYourEyes
|-weather|SunnyDay
|move|p1b: Pelipper|Hurricane|p2a: InYourEyes|[miss]
|-miss|p1b: Pelipper|p2a: InYourEyes
|
|-weather|SunnyDay|[upkeep]
|upkeep
|
|t:|1757859583
|switch|p2b: Torkoal|Torkoal, L50, F|100/100
|turn|3
|
|t:|1757859598
|-end|p1a: Weezing|ability: Neutralizing Gas
|-weather|RainDance|[from] ability: Drizzle|[of] p1b: Pelipper
|switch|p1a: Toedscruel|Toedscruel, L50, M|100/100
|move|p2a: InYourEyes|Rage Powder|p2a: InYourEyes
|-singleturn|p2a: InYourEyes|move: Rage Powder
|move|p2b: Torkoal|Eruption|p1b: Pelipper|[spread] p1a,p1b
|-supereffective|p1a: Toedscruel
|-resisted|p1b: Pelipper
|-damage|p1a: Toedscruel|46/100
|-damage|p1b: Pelipper|72/100
|move|p1b: Pelipper|Hurricane|p2a: InYourEyes
|-supereffective|p2a: InYourEyes
|-damage|p2a: InYourEyes|11/100
|
|-weather|RainDance|[upkeep]
|upkeep
|turn|4
|c|☆RebL123|wait what where the heck is drought
|inactive|RebL123 has 30 seconds left.
|inactive|RebL123 has 20 seconds left.
|inactive|RebL123 has 15 seconds left.
|
|t:|1757859639
|switch|p1b: Weezing|Weezing-Galar, L50, M|100/100
|-ability|p1b: Weezing|Neutralizing Gas
|-terastallize|p1a: Toedscruel|Water
|move|p2b: Torkoal|Eruption|p1a: Toedscruel|[spread] p1a,p1b
|-resisted|p1a: Toedscruel
|-damage|p1a: Toedscruel|32/100
|-damage|p1b: Weezing|62/100
|move|p2a: InYourEyes|Sunny Day|p2a: InYourEyes
|-weather|SunnyDay
|move|p1a: Toedscruel|Spore|p2b: Torkoal
|-status|p2b: Torkoal|slp|[from] move: Spore
|
|-weather|SunnyDay|[upkeep]
|upkeep
|turn|5
|
|t:|1757859658
|switch|p2a: Ursaluna|Ursaluna, L50, M|100/100
|cant|p2b: Torkoal|slp
|move|p1b: Weezing|Sludge Bomb|p2a: Ursaluna
|-resisted|p2a: Ursaluna
|-damage|p2a: Ursaluna|84/100
|move|p1a: Toedscruel|Earth Power|p2b: Torkoal
|-supereffective|p2b: Torkoal
|-damage|p2b: Torkoal|36/100 slp
|
|-weather|SunnyDay|[upkeep]
|-fieldend|move: Trick Room
|-status|p2a: Ursaluna|brn|[from] item: Flame Orb
|upkeep
|turn|6
|
|t:|1757859676
|switch|p2b: InYourEyes|Jumpluff, L50, F|11/100
|move|p1a: Toedscruel|Earth Power|p2b: InYourEyes
|-immune|p2b: InYourEyes
|move|p1b: Weezing|Sludge Bomb|p2b: InYourEyes
|-supereffective|p2b: InYourEyes
|-crit|p2b: InYourEyes
|-damage|p2b: InYourEyes|0 fnt
|faint|p2b: InYourEyes
|move|p2a: Ursaluna|Earthquake|p1a: Toedscruel|[spread] p1a,p1b
|-supereffective|p1b: Weezing
|-damage|p1a: Toedscruel|5/100
|-damage|p1b: Weezing|23/100
|-enditem|p1b: Weezing|Sitrus Berry|[eat]
|-heal|p1b: Weezing|48/100|[from] item: Sitrus Berry
|
|-weather|SunnyDay|[upkeep]
|-damage|p2a: Ursaluna|79/100 brn|[from] brn
|upkeep
|
|t:|1757859683
|switch|p2b: Torkoal|Torkoal, L50, F|36/100 slp
|turn|7
|
|t:|1757859692
|move|p1a: Toedscruel|Earth Power|p2b: Torkoal
|-supereffective|p2b: Torkoal
|-damage|p2b: Torkoal|0 fnt
|faint|p2b: Torkoal
|move|p1b: Weezing|Dazzling Gleam|p2a: Ursaluna
|-damage|p2a: Ursaluna|48/100 brn
|move|p2a: Ursaluna|Facade|p1b: Weezing
|-damage|p1b: Weezing|0 fnt
|faint|p1b: Weezing
|-end|p1b: Weezing|ability: Neutralizing Gas
|
|-weather|SunnyDay|[upkeep]
|-damage|p2a: Ursaluna|42/100 brn|[from] brn
|upkeep
|-message|RebL123 forfeited.
|
|win|OOF? YEE?
|raw|OOF? YEE?'s rating: 1341 → 1356(+15 for winning)
|raw|RebL123's rating: 1255 → 1236(-19 for losing)
|l|☆RebL123
|player|p2|
|j|☆RebL123
|player|p2|RebL123|psychicf-gen4|
|c|☆RebL123|ohh drought didn’t activate because sun was up right k
