|j|☆sbhaga34
|j|☆Bucketeering
|html|sbhaga34Bucketeering    
|uhtml|bestof|Game 1 of a best-of-3
|t:|1784577278
|gametype|doubles
|player|p1|sbhaga34|hugh|1365
|player|p2|Bucketeering|gentleman-gen4|1262
|gen|9
|tier|[Gen 9 Champions] VGC 2026 Reg M-B (Bo3)
|rated|
|rule|Species Clause: Limit one of each Pokémon
|rule|Item Clause: Limit 1 of each item
|clearpoke
|poke|p1|Excadrill, L50, F|
|poke|p1|Tyranitar, L50, F|
|poke|p1|Corviknight, L50, F|
|poke|p1|Rotom-Wash, L50|
|poke|p1|Chandelure, L50, F|
|poke|p1|Scovillain, L50, M|
|poke|p2|Raichu, L50, M|
|poke|p2|Mamoswine, L50, F|
|poke|p2|Kingambit, L50, M|
|poke|p2|Delphox, L50, M|
|poke|p2|Glimmora, L50, F|
|poke|p2|Sylveon, L50, F|
|teampreview|4
|showteam|p1|Excadrill||FocusSash|SandRush|Earthquake,IronHead,SwordsDance,Protect|Adamant||F|||50|]Tyranitar||Tyranitarite|SandStream|RockSlide,KnockOff,LowKick,Protect|Adamant||F|||50|]Corviknight||SharpBeak|MirrorArmor|BraveBird,Tailwind,BulkUp,Roost|Careful||F|||50|]Rotom-Wash||ChoiceScarf|Levitate|VoltSwitch,Thunderbolt,Electroweb,HydroPump|Timid|||||50|]Chandelure||ShucaBerry|FlashFire|HeatWave,ShadowBall,TrickRoom,Protect|Modest||F|||50|]Scovillain||Scovillainite|Chlorophyll|RagePowder,Overheat,GigaDrain,Protect|Calm||M|||50|
|showteam|p2|Raichu||RaichuniteY|LightningRod|ZapCannon,FakeOut,Protect,FocusBlast|Timid||M|||50|]Mamoswine||LifeOrb|Oblivious|IcicleCrash,IceShard,HighHorsepower,Protect|Adamant||F|||50|]Kingambit||BlackGlasses|Defiant|KowtowCleave,SuckerPunch,SwordsDance,Protect|Brave||M|||50|]Delphox||Delphoxite|Magician|HeatWave,Psyshock,NastyPlot,Protect|Timid||M|||50|]Glimmora||FocusSash|ToxicDebris|SludgeBomb,PowerGem,EarthPower,SpikyShield|Timid||F|||50|]Sylveon||FairyFeather|Pixilate|HyperVoice,HyperBeam,CalmMind,Detect|Modest||F|||50|
|inactive|Battle timer is ON: inactive players will automatically lose when time's up. (requested by Bucketeering)
|inactive|sbhaga34 has 60 seconds left.
|
|t:|1784577359
|teamsize|p1|4
|teamsize|p2|4
|start
|switch|p1a: Corviknight|Corviknight, L50, F|100/100
|switch|p1b: Chandelure|Chandelure, L50, F|100/100
|switch|p2a: Raichu|Raichu, L50, M|100/100
|switch|p2b: Mamoswine|Mamoswine, L50, F|100/100
|turn|1
|
|t:|1784577382
|detailschange|p2a: Raichu|Raichu-Mega-Y, L50, M
|-mega|p2a: Raichu|Raichu|Raichunite Y
|move|p2a: Raichu|Zap Cannon|p1b: Chandelure
|-damage|p1b: Chandelure|24/100
|-status|p1b: Chandelure|par
|move|p2b: Mamoswine|High Horsepower|p1b: Chandelure
|-supereffective|p1b: Chandelure|1
|-enditem|p1b: Chandelure|Shuca Berry|[eat]
|-enditem|p1b: Chandelure|Shuca Berry|[weaken]
|-damage|p1b: Chandelure|0 fnt
|faint|p1b: Chandelure
|-damage|p2b: Mamoswine|90/100|[from] item: Life Orb
|move|p1a: Corviknight|Tailwind|p1a: Corviknight
|-sidestart|p1: sbhaga34|move: Tailwind
|
|upkeep
|
|t:|1784577393
|switch|p1b: Excadrill|Excadrill, L50, F|100/100
|turn|2
|
|t:|1784577405
|move|p2a: Raichu|Protect|p2a: Raichu
|-singleturn|p2a: Raichu|Protect
|move|p1b: Excadrill|Earthquake|p2b: Mamoswine|[spread] p2b
|-activate|p2a: Raichu|move: Protect
|-immune|p1a: Corviknight
|-damage|p2b: Mamoswine|41/100
|move|p1a: Corviknight|Brave Bird|p2b: Mamoswine
|-damage|p2b: Mamoswine|0 fnt
|faint|p2b: Mamoswine
|-damage|p1a: Corviknight|86/100|[from] Recoil
|
|upkeep
|
|t:|1784577426
|switch|p2b: Kingambit|Kingambit, L50, M|100/100
|turn|3
|
|t:|1784577434
|switch|p2a: Glimmora|Glimmora, L50, F|100/100
|move|p2b: Kingambit|Protect|p2b: Kingambit
|-singleturn|p2b: Kingambit|Protect
|move|p1b: Excadrill|Earthquake|p2b: Kingambit|[spread] p2a
|-activate|p2b: Kingambit|move: Protect
|-immune|p1a: Corviknight
|-supereffective|p2a: Glimmora|2
|-enditem|p2a: Glimmora|Focus Sash
|-damage|p2a: Glimmora|1/100
|-activate|p2a: Glimmora|ability: Toxic Debris
|-sidestart|p1: sbhaga34|move: Toxic Spikes
|move|p1a: Corviknight|Bulk Up|p1a: Corviknight
|-boost|p1a: Corviknight|atk|1
|-boost|p1a: Corviknight|def|1
|
|upkeep
|turn|4
|inactive|sbhaga34 has 30 seconds left.
|
|t:|1784577471
|move|p1b: Excadrill|Protect|p1b: Excadrill
|-singleturn|p1b: Excadrill|Protect
|move|p2a: Glimmora|Spiky Shield|p2a: Glimmora
|-singleturn|p2a: Glimmora|move: Protect
|move|p2b: Kingambit|Sucker Punch||[still]
|-fail|p2b: Kingambit
|move|p1a: Corviknight|Bulk Up|p1a: Corviknight
|-boost|p1a: Corviknight|atk|1
|-boost|p1a: Corviknight|def|1
|
|-sideend|p1: sbhaga34|move: Tailwind
|upkeep
|turn|5
|
|t:|1784577494
|switch|p1b: Tyranitar|Tyranitar, L50, F|100/100
|-status|p1b: Tyranitar|psn
|-weather|Sandstorm|[from] ability: Sand Stream|[of] p1b: Tyranitar
|move|p2b: Kingambit|Sucker Punch||[still]
|-fail|p2b: Kingambit
|move|p2a: Glimmora|Earth Power|p1b: Tyranitar
|-supereffective|p1b: Tyranitar|1
|-damage|p1b: Tyranitar|62/100 psn
|move|p1a: Corviknight|Tailwind|p1a: Corviknight
|-sidestart|p1: sbhaga34|move: Tailwind
|
|-weather|Sandstorm|[upkeep]
|-damage|p1b: Tyranitar|50/100g psn|[from] psn
|upkeep
|turn|6
|
|t:|1784577516
|detailschange|p1b: Tyranitar|Tyranitar-Mega, L50, F
|-mega|p1b: Tyranitar|Tyranitar|Tyranitarite
|move|p2a: Glimmora|Spiky Shield|p2a: Glimmora
|-singleturn|p2a: Glimmora|move: Protect
|move|p1b: Tyranitar|Low Kick|p2b: Kingambit
|-supereffective|p2b: Kingambit|2
|-damage|p2b: Kingambit|0 fnt
|faint|p2b: Kingambit
|move|p1a: Corviknight|Brave Bird|p2a: Glimmora
|-activate|p2a: Glimmora|move: Protect
|-damage|p1a: Corviknight|73/100|[from] Spiky Shield|[of] p2a: Glimmora
|
|-weather|Sandstorm|[upkeep]
|-damage|p1b: Tyranitar|38/100 psn|[from] psn
|upkeep
|
|t:|1784577521
|switch|p2b: Raichu|Raichu-Mega-Y, L50, M|100/100
|turn|7
|
|t:|1784577541
|move|p2b: Raichu|Fake Out|p1a: Corviknight
|-resisted|p1a: Corviknight|1
|-damage|p1a: Corviknight|71/100
|move|p1b: Tyranitar|Rock Slide|p2b: Raichu|[spread] p2a,p2b
|-damage|p2a: Glimmora|0 fnt
|-damage|p2b: Raichu|47/100
|-activate|p2a: Glimmora|ability: Toxic Debris
|-sidestart|p1: sbhaga34|move: Toxic Spikes
|faint|p2a: Glimmora
|cant|p1a: Corviknight|flinch
|
|-weather|Sandstorm|[upkeep]
|-damage|p2b: Raichu|41/100|[from] Sandstorm
|-damage|p1b: Tyranitar|26/100 psn|[from] psn
|upkeep
|turn|8
|
|t:|1784577551
|switch|p1b: Excadrill|Excadrill, L50, F|100/100
|move|p2b: Raichu|Protect|p2b: Raichu
|-singleturn|p2b: Raichu|Protect
|move|p1a: Corviknight|Brave Bird|p2b: Raichu
|-activate|p2b: Raichu|move: Protect
|
|-weather|Sandstorm|[upkeep]
|-damage|p2b: Raichu|35/100|[from] Sandstorm
|-sideend|p1: sbhaga34|move: Tailwind
|upkeep
|turn|9
|
|t:|1784577556
|move|p1b: Excadrill|Earthquake|p2b: Raichu|[spread] p2b
|-immune|p1a: Corviknight
|-supereffective|p2b: Raichu|1
|-damage|p2b: Raichu|0 fnt
|faint|p2b: Raichu
|
|win|sbhaga34
