|j|â˜†hakeezy
|j|â˜†GlitchXDGOAT
|html|hakeezyGlitchXDGOAT    
|uhtml|bestof|Game 2 of a best-of-3
|t:|1783634989
|gametype|doubles
|player|p1|hakeezy|101|1091
|player|p2|GlitchXDGOAT|266|1186
|gen|9
|tier|[Gen 9 Champions] VGC 2026 Reg M-B (Bo3)
|rated|
|rule|Species Clause: Limit one of each PokÃ©mon
|rule|Item Clause: Limit 1 of each item
|clearpoke
|poke|p1|Delphox, L50, F|
|poke|p1|Sneasler, L50, M|
|poke|p1|Whimsicott, L50, M|
|poke|p1|Incineroar, L50, F|
|poke|p1|Basculegion, L50, M|
|poke|p1|Raichu, L50, F|
|poke|p2|Floette-Eternal, L50, F|
|poke|p2|Torkoal, L50, F|
|poke|p2|Farigiraf, L50, M|
|poke|p2|Aerodactyl, L50, M|
|poke|p2|Garchomp, L50, M|
|poke|p2|Kingambit, L50, M|
|teampreview|4
|showteam|p1|Delphox||Delphoxite|Blaze|NastyPlot,Psychic,HeatWave,Protect|Timid||F|||50|]Sneasler||WhiteHerb|Unburden|CloseCombat,DireClaw,FakeOut,Taunt|Jolly||M|||50|]Whimsicott||FocusSash|Prankster|SunnyDay,Moonblast,Tailwind,Encore|Timid||M|||50|]Incineroar||SitrusBerry|Intimidate|Taunt,FlareBlitz,FakeOut,PartingShot|Adamant||F|||50|]Basculegion||LifeOrb|Adaptability|WaveCrash,LastRespects,AquaJet,Protect|Jolly||M|||50|]Raichu||RaichuniteY|LightningRod|ZapCannon,FakeOut,FocusBlast,Protect|Timid||F|||50|
|showteam|p2|Floette-Eternal||Floettite|FlowerVeil|Moonblast,DazzlingGleam,LightofRuin,Protect|Timid||F|||50|]Torkoal||Charcoal|Drought|Eruption,WeatherBall,EarthPower,Protect|Quiet||F|||50|]Farigiraf||SitrusBerry|ArmorTail|Psychic,HelpingHand,EnergyBall,TrickRoom|Bold||M|||50|]Aerodactyl||Aerodactylite|Unnerve|RockSlide,DualWingbeat,IceFang,Tailwind|Jolly||M|||50|]Garchomp||LifeOrb|RoughSkin|DragonClaw,StompingTantrum,RockSlide,Earthquake|Jolly||M|||50|]Kingambit||BlackGlasses|Defiant|SuckerPunch,KowtowCleave,IronHead,Protect|Adamant||M|||50|
|inactive|Battle timer is ON: inactive players will automatically lose when time's up. (requested by GlitchXDGOAT)
|inactive|hakeezy has 60 seconds left.
|
|t:|1783635020
|teamsize|p1|4
|teamsize|p2|4
|start
|switch|p1a: Sneasler|Sneasler, L50, M|100/100
|switch|p1b: Raichu|Raichu, L50, F|100/100
|switch|p2a: Aerodactyl|Aerodactyl, L50, M|100/100
|switch|p2b: Kingambit|Kingambit, L50, M|100/100
|-ability|p2a: Aerodactyl|Unnerve
|turn|1
|inactive|hakeezy has 30 seconds left.
|inactive|hakeezy has 20 seconds left.
|
|t:|1783635059
|detailschange|p2a: Aerodactyl|Aerodactyl-Mega, L50, M
|-mega|p2a: Aerodactyl|Aerodactyl|Aerodactylite
|detailschange|p1b: Raichu|Raichu-Mega-Y, L50, F
|-mega|p1b: Raichu|Raichu|Raichunite Y
|move|p2b: Kingambit|Sucker Punch|p1b: Raichu
|-damage|p1b: Raichu|5/100
|move|p2a: Aerodactyl|Dual Wingbeat|p1a: Sneasler
|-supereffective|p1a: Sneasler|1
|-damage|p1a: Sneasler|7/100
|-supereffective|p1a: Sneasler|1
|-crit|p1a: Sneasler
|-damage|p1a: Sneasler|0 fnt
|faint|p1a: Sneasler
|-hitcount|p1: Sneasler|2
|move|p1b: Raichu|Zap Cannon|p2a: Aerodactyl
|-supereffective|p2a: Aerodactyl|1
|-damage|p2a: Aerodactyl|0 fnt
|faint|p2a: Aerodactyl
|
|upkeep
|inactive|hakeezy has 30 seconds left.
|inactive|hakeezy has 20 seconds left.
|inactive|hakeezy has 15 seconds left.
|inactive|hakeezy has 10 seconds left.
|
|t:|1783635104
|switch|p2a: Farigiraf|Farigiraf, L50, M|100/100
|switch|p1a: Basculegion|Basculegion, L50, M|100/100
|turn|2
|
|t:|1783635123
|move|p2b: Kingambit|Sucker Punch|p1b: Raichu
|-damage|p1b: Raichu|0 fnt
|faint|p1b: Raichu
|move|p1a: Basculegion|Wave Crash|p2b: Kingambit
|-damage|p2b: Kingambit|32/100
|-damage|p1a: Basculegion|76/100|[from] Recoil
|-damage|p1a: Basculegion|66/100|[from] item: Life Orb
|move|p2a: Farigiraf|Trick Room|p2a: Farigiraf
|-fieldstart|move: Trick Room|[of] p2a: Farigiraf
|
|upkeep
|
|t:|1783635126
|switch|p1b: Whimsicott|Whimsicott, L50, M|100/100
|turn|3
|
|t:|1783635146
|move|p2b: Kingambit|Iron Head|p1b: Whimsicott
|-supereffective|p1b: Whimsicott|1
|-enditem|p1b: Whimsicott|Focus Sash
|-damage|p1b: Whimsicott|1/100
|move|p2a: Farigiraf|Psychic|p1b: Whimsicott
|-damage|p1b: Whimsicott|0 fnt
|faint|p1b: Whimsicott
|move|p1a: Basculegion|Wave Crash|p2b: Kingambit
|-damage|p2b: Kingambit|0 fnt
|faint|p2b: Kingambit
|-damage|p1a: Basculegion|55/100|[from] Recoil
|-damage|p1a: Basculegion|45/100|[from] item: Life Orb
|
|upkeep
|
|t:|1783635150
|switch|p2b: Garchomp|Garchomp, L50, M|100/100
|turn|4
|c|â˜†GlitchXDGOAT|GG
|
|t:|1783635157
|move|p1a: Basculegion|Protect|p1a: Basculegion
|-singleturn|p1a: Basculegion|Protect
|move|p2a: Farigiraf|Energy Ball|p1a: Basculegion
|-activate|p1a: Basculegion|move: Protect
|move|p2b: Garchomp|Dragon Claw|p1a: Basculegion
|-activate|p1a: Basculegion|move: Protect
|
|upkeep
|turn|5
|c|â˜†hakeezy|gg
|
|t:|1783635167
|move|p1a: Basculegion|Protect|p1a: Basculegion
|-singleturn|p1a: Basculegion|Protect
|move|p2a: Farigiraf|Energy Ball|p1a: Basculegion
|-activate|p1a: Basculegion|move: Protect
|move|p2b: Garchomp|Dragon Claw|p1a: Basculegion
|-activate|p1a: Basculegion|move: Protect
|
|upkeep
|turn|6
|
|t:|1783635176
|move|p2a: Farigiraf|Energy Ball|p1a: Basculegion
|-supereffective|p1a: Basculegion|1
|-damage|p1a: Basculegion|0 fnt
|faint|p1a: Basculegion
|
|win|GlitchXDGOAT
|raw|hakeezy's rating: 1091 → 1074(-17 for losing)
|raw|GlitchXDGOAT's rating: 1186 → 1204(+18 for winning)
|c|â˜†GlitchXDGOAT|GG
|l|â˜†hakeezy
|player|p1|
