|j|☆WestyLiam
|j|☆65th
|html|WestyLiam65th    
|uhtml|bestof|Game 2 of a best-of-3
|t:|1756743246
|gametype|doubles
|player|p1|WestyLiam|169|
|player|p2|65th|red|
|gen|9
|tier|[Gen 9] VGC 2025 Reg H (Bo3)
|rule|Species Clause: Limit one of each Pokémon
|rule|Item Clause: Limit 1 of each item
|clearpoke
|poke|p1|Garchomp, L50, M|
|poke|p1|Jumpluff, L50, M|
|poke|p1|Torkoal, L50, M|
|poke|p1|Dragonite, L50, F|
|poke|p1|Kingambit, L50, F|
|poke|p1|Typhlosion-Hisui, L50, M|
|poke|p2|Gallade, L50, M|
|poke|p2|Ursaluna, L50, M|
|poke|p2|Torkoal, L50, M|
|poke|p2|Indeedee-F, L50, F|
|poke|p2|Hatterene, L50, F|
|poke|p2|Maushold, L50|
|teampreview|4
|showteam|p1|Garchomp||LifeOrb|RoughSkin|DragonClaw,StompingTantrum,Earthquake,Protect|||M|||50|,,,,,Fairy]Jumpluff||CovertCloak|Chlorophyll|LeafStorm,SleepPowder,Encore,Tailwind|||M|||50|,,,,,Poison]Torkoal||EjectPack|Drought|Overheat,BurningJealousy,HelpingHand,Protect|||M|||50|,,,,,Flying]Dragonite||LoadedDice|Multiscale|ScaleShot,ExtremeSpeed,IceSpinner,Protect|||F|||50|,,,,,Fairy]Kingambit||AssaultVest|Defiant|IronHead,SuckerPunch,Assurance,LowKick|||F|||50|,,,,,Flying]Typhlosion-Hisui||ChoiceSpecs|Blaze|Eruption,ShadowBall,HeatWave,Overheat|||M|||50|,,,,,Fire
|showteam|p2|Gallade||ClearAmulet|Sharpness|SacredSword,PsychoCut,WideGuard,TrickRoom|||M|||50|,,,,,Grass]Ursaluna||FlameOrb|Guts|Facade,HeadlongRush,Protect,Earthquake|||M|||50|,,,,,Ghost]Torkoal||ChoiceSpecs|Drought|Eruption,WeatherBall,HeatWave,EarthPower|||M|||50|,,,,,Fire]Indeedee-F||PsychicSeed|PsychicSurge|FollowMe,TrickRoom,Psychic,HelpingHand|||F|||50|,,,,,Water]Hatterene||LifeOrb|MagicBounce|ExpandingForce,DazzlingGleam,TeraBlast,TrickRoom|||F|||50|,,,,,Fire]Maushold||WideLens|Technician|PopulationBomb,Taunt,FollowMe,Protect||||||50|,,,,,Poison
|inactive|Battle timer is ON: inactive players will automatically lose when time's up. (requested by 65th)
|inactive|WestyLiam has 60 seconds left.
|
|t:|1756743288
|teamsize|p1|4
|teamsize|p2|4
|start
|switch|p1a: Torkoal|Torkoal, L50, M|100/100
|switch|p1b: Typhlosion|Typhlosion-Hisui, L50, M|100/100
|switch|p2a: Indeedee|Indeedee-F, L50, F|100/100
|switch|p2b: Hatterene|Hatterene, L50, F|100/100
|-fieldstart|move: Psychic Terrain|[from] ability: Psychic Surge|[of] p2a: Indeedee
|-enditem|p2a: Indeedee|Psychic Seed
|-boost|p2a: Indeedee|spd|1|[from] item: Psychic Seed
|-weather|SunnyDay|[from] ability: Drought|[of] p1a: Torkoal
|turn|1
|inactive|WestyLiam has 30 seconds left.
|inactive|WestyLiam has 20 seconds left.
|inactive|WestyLiam has 15 seconds left.
|
|t:|1756743331
|switch|p2b: Ursaluna|Ursaluna, L50, M|100/100
|-terastallize|p1b: Typhlosion|Fire
|-terastallize|p2a: Indeedee|Water
|move|p1b: Typhlosion|Eruption|p2b: Ursaluna|[spread] p2a,p2b
|-resisted|p2a: Indeedee
|-damage|p2a: Indeedee|47/100
|-damage|p2b: Ursaluna|0 fnt
|faint|p2b: Ursaluna
|move|p1a: Torkoal|Overheat|p2a: Indeedee
|-resisted|p2a: Indeedee
|-damage|p2a: Indeedee|23/100
|-unboost|p1a: Torkoal|spa|2
|-enditem|p1a: Torkoal|Eject Pack
|
|t:|1756743340
|switch|p1a: Dragonite|Dragonite, L50, F|100/100
|move|p2a: Indeedee|Trick Room|p2a: Indeedee
|-fieldstart|move: Trick Room|[of] p2a: Indeedee
|
|-weather|SunnyDay|[upkeep]
|upkeep
|
|t:|1756743353
|switch|p2b: Hatterene|Hatterene, L50, F|100/100
|turn|2
|
|t:|1756743365
|switch|p2a: Torkoal|Torkoal, L50, M|100/100
|switch|p1b: Garchomp|Garchomp, L50, M|100/100
|move|p2b: Hatterene|Expanding Force|p1b: Garchomp|[spread] p1a,p1b
|-damage|p1a: Dragonite|56/100
|-damage|p1b: Garchomp|4/100
|-damage|p2b: Hatterene|91/100|[from] item: Life Orb
|move|p1a: Dragonite|Ice Spinner|p2a: Torkoal
|-resisted|p2a: Torkoal
|-damage|p2a: Torkoal|89/100
|-fieldend|move: Psychic Terrain
|
|-weather|SunnyDay|[upkeep]
|upkeep
|turn|3
|
|t:|1756743382
|move|p1a: Dragonite|Protect|p1a: Dragonite
|-singleturn|p1a: Dragonite|Protect
|move|p1b: Garchomp|Protect|p1b: Garchomp
|-singleturn|p1b: Garchomp|Protect
|move|p2a: Torkoal|Eruption|p1a: Dragonite|[spread] 
|-activate|p1a: Dragonite|move: Protect
|-activate|p1b: Garchomp|move: Protect
|move|p2b: Hatterene|Dazzling Gleam|p1a: Dragonite|[spread] 
|-activate|p1a: Dragonite|move: Protect
|-activate|p1b: Garchomp|move: Protect
|
|-weather|SunnyDay|[upkeep]
|upkeep
|turn|4
|
|t:|1756743396
|switch|p1a: Typhlosion|Typhlosion-Hisui, L50, M, tera:Fire|100/100
|switch|p1b: Torkoal|Torkoal, L50, M|100/100
|move|p2a: Torkoal|Eruption|p1b: Torkoal|[spread] p1a,p1b
|-resisted|p1a: Typhlosion
|-resisted|p1b: Torkoal
|-damage|p1a: Typhlosion|31/100
|-damage|p1b: Torkoal|39/100
|move|p2b: Hatterene|Expanding Force|p1a: Typhlosion
|-damage|p1a: Typhlosion|0 fnt
|faint|p1a: Typhlosion
|-damage|p2b: Hatterene|82/100|[from] item: Life Orb
|
|-weather|SunnyDay|[upkeep]
|upkeep
|
|t:|1756743401
|switch|p1a: Dragonite|Dragonite, L50, F|56/100
|turn|5
|-message|WestyLiam forfeited.
|
|win|65th
||WestyLiam is ready for game 3.
|c|☆65th|ez
|inactive|65th has 30 seconds to confirm battle start!
||65th is ready for game 3.
|uhtml|next|Next: Game 3 of 3
