|j|☆raksbach
|j|☆katkraydel
|html|raksbachkatkraydel    
|uhtml|bestof|Game 1 of a best-of-3
|t:|1783952458
|gametype|doubles
|player|p1|raksbach|102|1222
|player|p2|katkraydel|lebanne|1413
|gen|9
|tier|[Gen 9 Champions] VGC 2026 Reg M-B (Bo3)
|rated|
|rule|Species Clause: Limit one of each Pokémon
|rule|Item Clause: Limit 1 of each item
|clearpoke
|poke|p1|Incineroar, L50, M|
|poke|p1|Maushold, L50|
|poke|p1|Sinistcha, L50|
|poke|p1|Sneasler, L50, M|
|poke|p1|Blastoise, L50, F|
|poke|p1|Delphox, L50, M|
|poke|p2|Whimsicott, L50, F|
|poke|p2|Tyranitar, L50, F|
|poke|p2|Kommo-o, L50, F|
|poke|p2|Excadrill, L50, F|
|poke|p2|Venusaur, L50, M|
|poke|p2|Basculegion, L50, M|
|teampreview|4
|showteam|p1|Incineroar||SitrusBerry|Intimidate|FakeOut,FlareBlitz,DarkestLariat,PartingShot|Impish||M|||50|]Maushold||ChopleBerry|FriendGuard|SuperFang,FollowMe,Protect,Feint|Impish|||||50|]Sinistcha||OccaBerry|Hospitality|MatchaGotcha,LifeDew,RagePowder,Protect|Bold|||||50|]Sneasler||FocusSash|PoisonTouch|FakeOut,CloseCombat,DireClaw,QuickGuard|Jolly||M|||50|]Blastoise||Blastoisinite|Torrent|WaterSpout,DarkPulse,ShellSmash,Protect|Modest||F|||50|]Delphox||Delphoxite|Blaze|HeatWave,Psychic,NastyPlot,Protect|Timid||M|||50|
|showteam|p2|Whimsicott||MentalHerb|Prankster|Moonblast,Tailwind,FakeTears,Protect|Bold||F|||50|]Tyranitar||Tyranitarite|SandStream|RockSlide,KnockOff,IcePunch,Protect|Adamant||F|||50|]Kommo-o||LifeOrb|Overcoat|ClangingScales,AuraSphere,FlashCannon,Protect|Modest||F|||50|]Excadrill||FocusSash|SandRush|HighHorsepower,IronHead,RockTomb,Protect|Adamant||F|||50|]Venusaur||Venusaurite|Chlorophyll|EnergyBall,SludgeBomb,EarthPower,Protect|Modest||M|||50|]Basculegion||ChoiceScarf|Adaptability|WaveCrash,LastRespects,FlipTurn,AquaJet|Adamant||M|||50|
|inactive|Battle timer is ON: inactive players will automatically lose when time's up. (requested by raksbach)
|inactive|katkraydel has 60 seconds left.
|
|t:|1783952509
|teamsize|p1|4
|teamsize|p2|4
|start
|switch|p1a: Incineroar|Incineroar, L50, M|100/100
|switch|p1b: Sneasler|Sneasler, L50, M|100/100
|switch|p2a: Basculegion|Basculegion, L50, M|100/100
|switch|p2b: Whimsicott|Whimsicott, L50, F|100/100
|-ability|p1a: Incineroar|Intimidate|boost
|-unboost|p2a: Basculegion|atk|1
|-unboost|p2b: Whimsicott|atk|1
|turn|1
|
|t:|1783952524
|move|p2b: Whimsicott|Tailwind|p2b: Whimsicott
|-sidestart|p2: katkraydel|move: Tailwind
|move|p2a: Basculegion|Flip Turn|p1a: Incineroar
|-supereffective|p1a: Incineroar|1
|-damage|p1a: Incineroar|60/100
|
|t:|1783952529
|switch|p2a: Kommo-o|Kommo-o, L50, F|100/100|[from] Flip Turn
|move|p1b: Sneasler|Dire Claw|p2b: Whimsicott
|-supereffective|p2b: Whimsicott|2
|-damage|p2b: Whimsicott|0 fnt
|faint|p2b: Whimsicott
|move|p1a: Incineroar|Darkest Lariat|p2a: Kommo-o
|-resisted|p2a: Kommo-o|1
|-damage|p2a: Kommo-o|85/100
|
|upkeep
|
|t:|1783952542
|switch|p2b: Basculegion|Basculegion, L50, M|100/100
|turn|2
|
|t:|1783952564
|move|p2b: Basculegion|Last Respects|p1b: Sneasler
|-enditem|p1b: Sneasler|Focus Sash
|-damage|p1b: Sneasler|1/100
|move|p2a: Kommo-o|Aura Sphere|p1a: Incineroar
|-supereffective|p1a: Incineroar|1
|-damage|p1a: Incineroar|0 fnt
|faint|p1a: Incineroar
|-damage|p2a: Kommo-o|76/100|[from] item: Life Orb
|move|p1b: Sneasler|Dire Claw|p2a: Kommo-o
|-crit|p2a: Kommo-o
|-damage|p2a: Kommo-o|26/100
|-status|p2a: Kommo-o|psn|[from] ability: Poison Touch|[of] p1b: Sneasler
|
|-damage|p2a: Kommo-o|13/100 psn|[from] psn
|upkeep
|
|t:|1783952579
|switch|p1a: Sinistcha|Sinistcha, L50|100/100
|-heal|p1b: Sneasler|25/100|[from] ability: Hospitality|[of] p1a: Sinistcha
|turn|3
|inactive|katkraydel has 30 seconds left.
|inactive|katkraydel has 20 seconds left.
|
|t:|1783952617
|move|p1a: Sinistcha|Protect|p1a: Sinistcha
|-singleturn|p1a: Sinistcha|Protect
|move|p2b: Basculegion|Last Respects|p1a: Sinistcha
|-activate|p1a: Sinistcha|move: Protect
|move|p2a: Kommo-o|Clanging Scales|p1a: Sinistcha|[spread] p1b
|-activate|p1a: Sinistcha|move: Protect
|-damage|p1b: Sneasler|0 fnt
|faint|p1b: Sneasler
|-unboost|p2a: Kommo-o|def|1
|-damage|p2a: Kommo-o|4/100 psn|[from] item: Life Orb
|
|-damage|p2a: Kommo-o|0 fnt|[from] psn
|faint|p2a: Kommo-o
|upkeep
|
|t:|1783952630
|switch|p1b: Blastoise|Blastoise, L50, F|100/100
|switch|p2a: Venusaur|Venusaur, L50, M|100/100
|turn|4
|inactive|raksbach has 30 seconds left.
|
|t:|1783952661
|detailschange|p2a: Venusaur|Venusaur-Mega, L50, M
|-mega|p2a: Venusaur|Venusaur|Venusaurite
|detailschange|p1b: Blastoise|Blastoise-Mega, L50, F
|-mega|p1b: Blastoise|Blastoise|Blastoisinite
|move|p2b: Basculegion|Last Respects|p1a: Sinistcha
|-supereffective|p1a: Sinistcha|1
|-damage|p1a: Sinistcha|0 fnt
|faint|p1a: Sinistcha
|move|p2a: Venusaur|Energy Ball|p1b: Blastoise
|-supereffective|p1b: Blastoise|1
|-damage|p1b: Blastoise|1/100
|move|p1b: Blastoise|Shell Smash|p1b: Blastoise
|-unboost|p1b: Blastoise|def|1
|-unboost|p1b: Blastoise|spd|1
|-boost|p1b: Blastoise|atk|2
|-boost|p1b: Blastoise|spa|2
|-boost|p1b: Blastoise|spe|2
|
|-sideend|p2: katkraydel|move: Tailwind
|upkeep
|turn|5
|-message|raksbach forfeited.
|
|win|katkraydel
