|j|☆epicfailtesting
|j|☆Villbs37
|html|epicfailtestingVillbs37    
|uhtml|bestof|Game 1 of a best-of-3
|t:|1757645394
|gametype|doubles
|player|p1|epicfailtesting|169|
|player|p2|Villbs37|102|
|gen|9
|tier|[Gen 9] VGC 2025 Reg H (Bo3)
|rule|Species Clause: Limit one of each Pokémon
|rule|Item Clause: Limit 1 of each item
|clearpoke
|poke|p1|Annihilape, L50, F|
|poke|p1|Sinistcha, L50|
|poke|p1|Maushold-Four, L50|
|poke|p1|Klefki, L50, M|
|poke|p1|Ursaluna-Bloodmoon, L50, M|
|poke|p1|Ninetales-Alola, L50, F|
|poke|p2|Gholdengo, L50|
|poke|p2|Incineroar, L50, M|
|poke|p2|Dragapult, L50, F|
|poke|p2|Sneasler, L50, F|
|poke|p2|Primarina, L50, F|
|poke|p2|Amoonguss, L50, M|
|teampreview|4
|showteam|p1|Annihilape||Leftovers|Defiant|Protect,BulkUp,DrainPunch,RageFist|||F|||50|,,,,,Fire]Sinistcha||SitrusBerry|Hospitality|MatchaGotcha,TrickRoom,LifeDew,RagePowder||||||50|,,,,,Water]Maushold-Four||SafetyGoggles|FriendGuard|FollowMe,Taunt,BeatUp,Protect||||||50|,,,,,Ghost]Klefki||LightClay|Prankster|Reflect,LightScreen,MistyTerrain,DazzlingGleam|||M|||50|,,,,,Ghost]Ursaluna-Bloodmoon||AssaultVest|MindsEye|BloodMoon,HyperVoice,EarthPower,VacuumWave|||M|||50|,,,,,Water]Ninetales-Alola||FocusSash|SnowWarning|Protect,Encore,FreezeDry,Blizzard|||F|||50|,,,,,Ghost
|showteam|p2|Gholdengo||LifeOrb|GoodasGold|MakeItRain,NastyPlot,ShadowBall,Protect||||||50|,,,,,Water]Incineroar||SafetyGoggles|Intimidate|FakeOut,FlareBlitz,KnockOff,PartingShot|||M|||50|,,,,,Fairy]Dragapult||ChoiceBand|ClearBody|DragonDarts,PhantomForce,WillOWisp,PsychicFangs|||F|||50|,,,,,Ghost]Sneasler||FocusSash|Unburden|ThroatChop,DireClaw,FakeOut,CloseCombat|||F|||50|,,,,,Ghost]Primarina||CovertCloak|LiquidVoice|CalmMind,Moonblast,Haze,HyperVoice|||F|||50|,,,,,Poison]Amoonguss||RockyHelmet|Regenerator|PollenPuff,Protect,RagePowder,Spore|||M|||50|,,,,,Water
|c|☆epicfailtesting|suerte brp
|c|☆epicfailtesting|bro*
|inactive|Battle timer is ON: inactive players will automatically lose when time's up. (requested by epicfailtesting)
|inactive|Villbs37 has 60 seconds left.
|
|t:|1757645461
|teamsize|p1|4
|teamsize|p2|4
|start
|switch|p1a: Annihilape|Annihilape, L50, F, shiny|100/100
|switch|p1b: Maushold|Maushold-Four, L50|100/100
|switch|p2a: Dragapult|Dragapult, L50, F, shiny|100/100
|switch|p2b: Sneasler|Sneasler, L50, F|100/100
|turn|1
|inactive|Villbs37 has 30 seconds left.
|inactive|Villbs37 has 20 seconds left.
|
|t:|1757645496
|-terastallize|p1a: Annihilape|Fire
|move|p1b: Maushold|Protect|p1b: Maushold
|-singleturn|p1b: Maushold|Protect
|move|p2a: Dragapult|Dragon Darts|p1a: Annihilape
|-damage|p1a: Annihilape|74/100
|-anim|p2a: Dragapult|Dragon Darts|p1a: Annihilape
|-damage|p1a: Annihilape|47/100
|move|p2b: Sneasler|Throat Chop|p1a: Annihilape
|-damage|p1a: Annihilape|26/100
|-start|p1a: Annihilape|Throat Chop|[silent]
|move|p1a: Annihilape|Bulk Up|p1a: Annihilape
|-boost|p1a: Annihilape|atk|1
|-boost|p1a: Annihilape|def|1
|
|-heal|p1a: Annihilape|33/100|[from] item: Leftovers
|upkeep
|turn|2
|inactive|epicfailtesting has 30 seconds left.
|inactive|Villbs37 has 30 seconds left.
|inactive|Villbs37 has 20 seconds left.
|inactive|epicfailtesting has 20 seconds left.
|inactive|Villbs37 has 15 seconds left.
|
|t:|1757645540
|move|p1b: Maushold|Follow Me|p1b: Maushold
|-singleturn|p1b: Maushold|move: Follow Me
|move|p2a: Dragapult|Dragon Darts|p1b: Maushold
|-damage|p1b: Maushold|56/100
|-anim|p2a: Dragapult|Dragon Darts|p1b: Maushold
|-damage|p1b: Maushold|13/100
|move|p2b: Sneasler|Dire Claw|p1b: Maushold
|-damage|p1b: Maushold|0 fnt
|faint|p1b: Maushold
|move|p1a: Annihilape|Drain Punch|p2b: Sneasler
|-resisted|p2b: Sneasler
|-damage|p2b: Sneasler|59/100
|-heal|p1a: Annihilape|49/100|[from] drain|[of] p2b: Sneasler
|
|-heal|p1a: Annihilape|55/100|[from] item: Leftovers
|-end|p1a: Annihilape|Throat Chop|[silent]
|upkeep
|
|t:|1757645555
|switch|p1b: Sinistcha|Sinistcha, L50|100/100
|-heal|p1a: Annihilape|80/100|[from] ability: Hospitality|[of] p1b: Sinistcha
|turn|3
|
|t:|1757645574
|switch|p1b: Klefki|Klefki, L50, M|100/100
|move|p1a: Annihilape|Protect|p1a: Annihilape
|-singleturn|p1a: Annihilape|Protect
|move|p2a: Dragapult|Dragon Darts|p1a: Annihilape
|-immune|p1b: Klefki
|move|p2b: Sneasler|Dire Claw|p1a: Annihilape
|-activate|p1a: Annihilape|move: Protect
|
|-heal|p1a: Annihilape|86/100|[from] item: Leftovers
|upkeep
|turn|4
|inactive|Villbs37 has 30 seconds left.
|
|t:|1757645600
|switch|p2a: Primarina|Primarina, L50, F|100/100
|move|p1b: Klefki|Reflect|p1b: Klefki
|-sidestart|p1: epicfailtesting|Reflect
|move|p2b: Sneasler|Dire Claw|p1a: Annihilape
|-damage|p1a: Annihilape|67/100
|-status|p1a: Annihilape|par
|move|p1a: Annihilape|Rage Fist|p2a: Primarina
|-damage|p2a: Primarina|0 fnt
|faint|p2a: Primarina
|
|-heal|p1a: Annihilape|73/100 par|[from] item: Leftovers
|upkeep
|inactive|Villbs37 has 30 seconds left.
|
|t:|1757645632
|switch|p2a: Dragapult|Dragapult, L50, F, shiny|100/100
|turn|5
|
|t:|1757645644
|move|p2a: Dragapult|Dragon Darts|p1a: Annihilape
|-damage|p1a: Annihilape|55/100 par
|-anim|p2a: Dragapult|Dragon Darts|p1a: Annihilape
|-damage|p1a: Annihilape|37/100 par
|move|p2b: Sneasler|Close Combat|p1a: Annihilape
|-damage|p1a: Annihilape|9/100 par
|-unboost|p2b: Sneasler|def|1
|-unboost|p2b: Sneasler|spd|1
|move|p1b: Klefki|Dazzling Gleam|p2b: Sneasler|[spread] p2a,p2b
|-supereffective|p2a: Dragapult
|-damage|p2a: Dragapult|53/100
|-damage|p2b: Sneasler|24/100
|cant|p1a: Annihilape|par
|
|-heal|p1a: Annihilape|15/100 par|[from] item: Leftovers
|upkeep
|turn|6
|inactive|Villbs37 has 30 seconds left.
|
|t:|1757645675
|move|p1a: Annihilape|Protect|p1a: Annihilape
|-singleturn|p1a: Annihilape|Protect
|move|p2a: Dragapult|Dragon Darts|p1a: Annihilape
|-immune|p1b: Klefki
|move|p2b: Sneasler|Close Combat|p1b: Klefki
|-damage|p1b: Klefki|55/100
|-unboost|p2b: Sneasler|def|1
|-unboost|p2b: Sneasler|spd|1
|move|p1b: Klefki|Dazzling Gleam|p2b: Sneasler|[spread] p2a,p2b
|-supereffective|p2a: Dragapult
|-damage|p2a: Dragapult|9/100
|-damage|p2b: Sneasler|0 fnt
|faint|p2b: Sneasler
|
|-heal|p1a: Annihilape|22/100 par|[from] item: Leftovers
|upkeep
|
|t:|1757645691
|switch|p2b: Gholdengo|Gholdengo, L50|100/100
|turn|7
|l|☆Villbs37
|inactive|Villbs37 disconnected and has 300 seconds to reconnect!
|player|p2|
|inactive|epicfailtesting has 30 seconds left.
|inactive|Villbs37 has 270 seconds to reconnect!
|inactive|epicfailtesting has 20 seconds left.
|inactive|Villbs37 has 240 seconds to reconnect!
|inactive|Villbs37 has 210 seconds to reconnect!
|j|☆Villbs37
|inactive|Villbs37 reconnected and has 55 seconds left.
|player|p2|Villbs37|102|
|inactive|epicfailtesting has 15 seconds left.
|
|t:|1757645820
|move|p1a: Annihilape|Protect||[still]
|-fail|p1a: Annihilape
|move|p2a: Dragapult|Dragon Darts|p1a: Annihilape
|-damage|p1a: Annihilape|4/100 par
|-anim|p2a: Dragapult|Dragon Darts|p1a: Annihilape
|-damage|p1a: Annihilape|0 fnt
|faint|p1a: Annihilape
|move|p2b: Gholdengo|Nasty Plot|p2b: Gholdengo
|-boost|p2b: Gholdengo|spa|2
|move|p1b: Klefki|Dazzling Gleam|p2b: Gholdengo|[spread] p2a,p2b
|-supereffective|p2a: Dragapult
|-resisted|p2b: Gholdengo
|-damage|p2a: Dragapult|0 fnt
|-damage|p2b: Gholdengo|92/100
|faint|p2a: Dragapult
|
|upkeep
|
|t:|1757645826
|switch|p1a: Sinistcha|Sinistcha, L50|100/100
|-heal|p1b: Klefki|80/100|[from] ability: Hospitality|[of] p1a: Sinistcha
|turn|8
|
|t:|1757645846
|-terastallize|p2b: Gholdengo|Water
|move|p1b: Klefki|Light Screen|p1b: Klefki
|-sidestart|p1: epicfailtesting|move: Light Screen
|move|p2b: Gholdengo|Make It Rain|p1b: Klefki|[spread] p1a,p1b
|-damage|p1a: Sinistcha|29/100
|-damage|p1b: Klefki|15/100
|-unboost|p2b: Gholdengo|spa|1
|-enditem|p1a: Sinistcha|Sitrus Berry|[eat]
|-heal|p1a: Sinistcha|53/100|[from] item: Sitrus Berry
|-damage|p2b: Gholdengo|83/100|[from] item: Life Orb
|move|p1a: Sinistcha|Trick Room|p1a: Sinistcha
|-fieldstart|move: Trick Room|[of] p1a: Sinistcha
|
|upkeep
|turn|9
|
|t:|1757645860
|move|p1a: Sinistcha|Matcha Gotcha|p2b: Gholdengo
|-supereffective|p2b: Gholdengo
|-damage|p2b: Gholdengo|15/100
|-heal|p1a: Sinistcha|89/100|[from] drain|[of] p2b: Gholdengo
|move|p1b: Klefki|Dazzling Gleam|p2b: Gholdengo
|-damage|p2b: Gholdengo|0 fnt
|faint|p2b: Gholdengo
|
|win|epicfailtesting
||epicfailtesting is ready for game 2.
|inactive|Villbs37 has 30 seconds to confirm battle start!
||Villbs37 is ready for game 2.
|uhtml|next|Next: Game 2 of 3
