|j|☆antopeizYZ
|j|☆Chocokoala VGC
|html|antopeizYZChocokoala VGC    
|uhtml|bestof|Game 1 of a best-of-3
|t:|1785414024
|gametype|doubles
|player|p1|antopeizYZ|hilda|1250
|player|p2|Chocokoala VGC|aaron|1348
|gen|9
|tier|[Gen 9 Champions] VGC 2026 Reg M-B (Bo3)
|rated|
|rule|Species Clause: Limit one of each Pokémon
|rule|Item Clause: Limit 1 of each item
|clearpoke
|poke|p1|Hatterene, L50, F, shiny|
|poke|p1|Farigiraf, L50, F|
|poke|p1|Camerupt, L50, M|
|poke|p1|Grimmsnarl, L50, M, shiny|
|poke|p1|Primarina, L50, M|
|poke|p1|Corviknight, L50, F, shiny|
|poke|p2|Scrafty, L50, F|
|poke|p2|Farigiraf, L50, F|
|poke|p2|Corviknight, L50, F|
|poke|p2|Ninetales-Alola, L50, M|
|poke|p2|Glimmora, L50, M|
|poke|p2|Volcarona, L50, M|
|teampreview|4
|showteam|p1|Hatterene||LifeOrb|MagicBounce|DazzlingGleam,TrickRoom,ExpandingForce,Protect|Quiet||F|||50|]Farigiraf||SitrusBerry|ArmorTail|TrickRoom,PsychicTerrain,ExpandingForce,Protect|Relaxed||F|||50|]Camerupt||Cameruptite|MagmaArmor|AncientPower,HeatWave,EarthPower,Protect|Quiet||M|||50|]Grimmsnarl||LightClay|Prankster|SpiritBreak,Reflect,LightScreen,PartingShot|Sassy||M|||50|]Primarina||Leftovers|LiquidVoice|HyperVoice,CalmMind,Moonblast,Protect|Relaxed||M|||50|]Corviknight||OccaBerry|MirrorArmor|BraveBird,IronHead,BulkUp,Roost|Sassy||F|||50|
|showteam|p2|Scrafty||Scraftinite|Intimidate|FakeOut,DrainPunch,Detect,KnockOff|Adamant||F|||50|]Farigiraf||ColburBerry|ArmorTail|TwinBeam,HyperVoice,Protect,TrickRoom|Bold||F|||50|]Corviknight||Leftovers|MirrorArmor|BraveBird,IronHead,Roost,Tailwind|Careful||F|||50|]Ninetales-Alola||LightClay|SnowWarning|Blizzard,FreezeDry,Protect,AuroraVeil|Timid||M|||50|]Glimmora||Glimmoranite|ToxicDebris|SludgeBomb,PowerGem,SpikyShield,EarthPower|Modest||M|||50|]Volcarona||SitrusBerry|FlameBody|HeatWave,BugBuzz,Protect,QuiverDance|Modest||M|||50|
|inactive|Battle timer is ON: inactive players will automatically lose when time's up. (requested by antopeizYZ)
|inactive|Chocokoala VGC also wants the timer to be on.
|inactive|Chocokoala VGC has 60 seconds left.
|
|t:|1785414084
|teamsize|p1|4
|teamsize|p2|4
|start
|switch|p1a: Hatterene|Hatterene, L50, F, shiny|100/100
|switch|p1b: Grimmsnarl|Grimmsnarl, L50, M, shiny|100/100
|switch|p2a: Scrafty|Scrafty, L50, F|100/100
|switch|p2b: Volcarona|Volcarona, L50, M|100/100
|-ability|p2a: Scrafty|Intimidate|boost
|-unboost|p1a: Hatterene|atk|1
|-unboost|p1b: Grimmsnarl|atk|1
|turn|1
|inactive|antopeizYZ has 30 seconds left.
|
|t:|1785414111
|switch|p2a: Farigiraf|Farigiraf, L50, F|100/100
|switch|p1b: Farigiraf|Farigiraf, L50, F|100/100
|move|p2b: Volcarona|Quiver Dance|p2b: Volcarona
|-boost|p2b: Volcarona|spa|1
|-boost|p2b: Volcarona|spd|1
|-boost|p2b: Volcarona|spe|1
|move|p1a: Hatterene|Trick Room|p1a: Hatterene
|-fieldstart|move: Trick Room|[of] p1a: Hatterene
|
|upkeep
|turn|2
|
|t:|1785414122
|switch|p1a: Camerupt|Camerupt, L50, M|100/100
|move|p2b: Volcarona|Protect|p2b: Volcarona
|-singleturn|p2b: Volcarona|Protect
|move|p1b: Farigiraf|Psychic Terrain|p1b: Farigiraf
|-fieldstart|move: Psychic Terrain
|move|p2a: Farigiraf|Trick Room|p2a: Farigiraf
|-fieldend|move: Trick Room
|
|upkeep
|turn|3
|
|t:|1785414140
|detailschange|p1a: Camerupt|Camerupt-Mega, L50, M
|-mega|p1a: Camerupt|Camerupt|Cameruptite
|move|p2b: Volcarona|Bug Buzz|p1b: Farigiraf
|-supereffective|p1b: Farigiraf|1
|-damage|p1b: Farigiraf|0 fnt
|faint|p1b: Farigiraf
|move|p2a: Farigiraf|Twin Beam|p1a: Camerupt
|-damage|p1a: Camerupt|81/100
|-damage|p1a: Camerupt|63/100
|-hitcount|p1a: Camerupt|2
|move|p1a: Camerupt|Ancient Power|p2b: Volcarona
|-supereffective|p2b: Volcarona|2
|-damage|p2b: Volcarona|25/100
|-enditem|p2b: Volcarona|Sitrus Berry|[eat]
|-heal|p2b: Volcarona|50/100y|[from] item: Sitrus Berry
|
|upkeep
|
|t:|1785414154
|switch|p1b: Grimmsnarl|Grimmsnarl, L50, M, shiny|100/100
|turn|4
|
|t:|1785414164
|move|p1b: Grimmsnarl|Light Screen|p1b: Grimmsnarl
|-sidestart|p1: antopeizYZ|move: Light Screen
|move|p2b: Volcarona|Heat Wave|p1a: Camerupt|[spread] p1a,p1b
|-resisted|p1a: Camerupt|1
|-damage|p1a: Camerupt|47/100
|-damage|p1b: Grimmsnarl|68/100
|move|p2a: Farigiraf|Twin Beam|p1a: Camerupt
|-damage|p1a: Camerupt|35/100
|-damage|p1a: Camerupt|23/100
|-hitcount|p1a: Camerupt|2
|move|p1a: Camerupt|Heat Wave|p2b: Volcarona|[spread] p2a
|-miss|p1a: Camerupt|p2b: Volcarona
|-damage|p2a: Farigiraf|50/100g
|
|upkeep
|turn|5
|inactive|antopeizYZ has 30 seconds left.
|
|t:|1785414191
|move|p1a: Camerupt|Protect|p1a: Camerupt
|-singleturn|p1a: Camerupt|Protect
|move|p2b: Volcarona|Bug Buzz|p1b: Grimmsnarl
|-damage|p1b: Grimmsnarl|28/100
|move|p2a: Farigiraf|Twin Beam|p1a: Camerupt
|-activate|p1a: Camerupt|move: Protect
|move|p1b: Grimmsnarl|Spirit Break|p2b: Volcarona
|-resisted|p2b: Volcarona|1
|-damage|p2b: Volcarona|30/100
|-unboost|p2b: Volcarona|spa|1
|
|upkeep
|turn|6
|
|t:|1785414210
|switch|p1a: Hatterene|Hatterene, L50, F, shiny|100/100
|move|p2b: Volcarona|Bug Buzz|p1b: Grimmsnarl
|-damage|p1b: Grimmsnarl|3/100
|move|p2a: Farigiraf|Twin Beam|p1a: Hatterene
|-resisted|p1a: Hatterene|1
|-damage|p1a: Hatterene|93/100
|-resisted|p1a: Hatterene|1
|-damage|p1a: Hatterene|86/100
|-hitcount|p1a: Hatterene|2
|move|p1b: Grimmsnarl|Spirit Break|p2a: Farigiraf
|-damage|p2a: Farigiraf|27/100
|-unboost|p2a: Farigiraf|spa|1
|
|-fieldend|move: Psychic Terrain
|upkeep
|turn|7
|inactive|antopeizYZ has 30 seconds left.
|inactive|antopeizYZ has 20 seconds left.
|
|t:|1785414246
|move|p2b: Volcarona|Bug Buzz|p1a: Hatterene
|-damage|p1a: Hatterene|54/100
|move|p2a: Farigiraf|Hyper Voice|p1a: Hatterene|[spread] p1a,p1b
|-damage|p1a: Hatterene|42/100
|-damage|p1b: Grimmsnarl|0 fnt
|faint|p1b: Grimmsnarl
|move|p1a: Hatterene|Dazzling Gleam|p2b: Volcarona|[spread] p2a,p2b
|-resisted|p2b: Volcarona|1
|-damage|p2a: Farigiraf|0 fnt
|-damage|p2b: Volcarona|18/100
|faint|p2a: Farigiraf
|-damage|p1a: Hatterene|32/100|[from] item: Life Orb
|
|upkeep
|
|t:|1785414258
|switch|p2a: Scrafty|Scrafty, L50, F|100/100
|switch|p1b: Camerupt|Camerupt-Mega, L50, M|23/100
|-ability|p2a: Scrafty|Intimidate|boost
|-unboost|p1a: Hatterene|atk|1
|-unboost|p1b: Camerupt|atk|1
|turn|8
|
|t:|1785414269
|detailschange|p2a: Scrafty|Scrafty-Mega, L50, F
|-mega|p2a: Scrafty|Scrafty|Scraftinite
|-ability|p2a: Scrafty|Intimidate|boost
|-unboost|p1a: Hatterene|atk|1
|-unboost|p1b: Camerupt|atk|1
|move|p1a: Hatterene|Protect|p1a: Hatterene
|-singleturn|p1a: Hatterene|Protect
|move|p1b: Camerupt|Protect|p1b: Camerupt
|-singleturn|p1b: Camerupt|Protect
|move|p2a: Scrafty|Fake Out|p1b: Camerupt
|-activate|p1b: Camerupt|move: Protect
|move|p2b: Volcarona|Bug Buzz|p1a: Hatterene
|-activate|p1a: Hatterene|move: Protect
|
|upkeep
|turn|9
|
|t:|1785414286
|move|p2a: Scrafty|Detect|p2a: Scrafty
|-singleturn|p2a: Scrafty|Protect
|move|p2b: Volcarona|Bug Buzz|p1a: Hatterene
|-damage|p1a: Hatterene|1/100
|move|p1a: Hatterene|Dazzling Gleam|p2a: Scrafty|[spread] p2b
|-activate|p2a: Scrafty|move: Protect
|-resisted|p2b: Volcarona|1
|-damage|p2b: Volcarona|5/100
|-damage|p1a: Hatterene|0 fnt|[from] item: Life Orb
|faint|p1a: Hatterene
|move|p1b: Camerupt|Heat Wave|p2b: Volcarona|[spread] 
|-activate|p2a: Scrafty|move: Protect
|-miss|p1b: Camerupt|p2b: Volcarona
|
|upkeep
|turn|10
|-message|antopeizYZ forfeited.
|
|win|Chocokoala VGC
