|j|☆maxspeedincineroar
|j|☆GFCMayor
|html|maxspeedincineroarGFCMayor    
|uhtml|bestof|Game 1 of a best-of-3
|t:|1757630617
|gametype|doubles
|player|p1|maxspeedincineroar|hugh|1021
|player|p2|GFCMayor|102|1112
|gen|9
|tier|[Gen 9] VGC 2025 Reg H (Bo3)
|rated|
|rule|Species Clause: Limit one of each Pokémon
|rule|Item Clause: Limit 1 of each item
|clearpoke
|poke|p1|Pelipper, L50, F|
|poke|p1|Archaludon, L50, M|
|poke|p1|Basculegion, L50, M|
|poke|p1|Gholdengo, L50|
|poke|p1|Incineroar, L50, F|
|poke|p1|Amoonguss, L50, F|
|poke|p2|Primarina, L50, M|
|poke|p2|Garchomp, L50, M|
|poke|p2|Rillaboom, L50, F|
|poke|p2|Mandibuzz, L50, F|
|poke|p2|Tyranitar, L50, M|
|poke|p2|Sneasler, L50, M|
|teampreview|4
|showteam|p1|Pelipper||FocusSash|Drizzle|Protect,WeatherBall,Hurricane,Tailwind|||F|||50|,,,,,Ghost]Archaludon||AssaultVest|Stamina|DracoMeteor,ElectroShot,BodyPress,Snarl|||M|||50|,,,,,Grass]Basculegion||ChoiceScarf|Adaptability|WaveCrash,FlipTurn,LastRespects,IcyWind|||M|||50|,,,,,Water]Gholdengo||MetalCoat|GoodasGold|Protect,MakeItRain,ShadowBall,NastyPlot||||||50|,,,,,Water]Incineroar||SafetyGoggles|Intimidate|FlareBlitz,KnockOff,PartingShot,FakeOut|||F|||50|,,,,,Ghost]Amoonguss||SitrusBerry|Regenerator|Protect,PollenPuff,Spore,RagePowder|||F|||50|,,,,,Fairy
|showteam|p2|Primarina||ThroatSpray|LiquidVoice|HyperVoice,Moonblast,Protect,Haze|||M|||50|,,,,,Poison]Garchomp||ClearAmulet|RoughSkin|Protect,SwordsDance,StompingTantrum,DragonClaw|||M|||50|,,,,,Steel]Rillaboom||MiracleSeed|GrassySurge|FakeOut,Uturn,GrassyGlide,WoodHammer|||F|||50|,,,,,Fire]Mandibuzz||Leftovers|Overcoat|FoulPlay,Snarl,Tailwind,Protect|||F|||50|,,,,,Ghost]Tyranitar||AssaultVest|SandStream|RockSlide,LowKick,TeraBlast,KnockOff|||M|||50|,,,,,Flying]Sneasler||GrassySeed|Unburden|Protect,Coaching,CloseCombat,DireClaw|||M|||50|,,,,,Dark
|
|t:|1757630691
|teamsize|p1|4
|teamsize|p2|4
|start
|switch|p1a: Basculegion|Basculegion, L50, M|100/100
|switch|p1b: Gholdengo|Gholdengo, L50|100/100
|switch|p2a: Tyranitar|Tyranitar, L50, M|100/100
|switch|p2b: Garchomp|Garchomp, L50, M|100/100
|-weather|Sandstorm|[from] ability: Sand Stream|[of] p2a: Tyranitar
|turn|1
|
|t:|1757630778
|switch|p2b: Mandibuzz|Mandibuzz, L50, F|100/100
|switch|p1b: Pelipper|Pelipper, L50, F|100/100
|-weather|RainDance|[from] ability: Drizzle|[of] p1b: Pelipper
|-terastallize|p2a: Tyranitar|Flying
|move|p1a: Basculegion|Wave Crash|p2a: Tyranitar
|-damage|p2a: Tyranitar|3/100
|-damage|p1a: Basculegion|67/100|[from] Recoil
|move|p2a: Tyranitar|Knock Off|p1a: Basculegion
|-supereffective|p1a: Basculegion
|-damage|p1a: Basculegion|0 fnt
|-enditem|p1a: Basculegion|Choice Scarf|[from] move: Knock Off|[of] p2a: Tyranitar
|faint|p1a: Basculegion
|
|-weather|RainDance|[upkeep]
|upkeep
|
|t:|1757630805
|switch|p1a: Gholdengo|Gholdengo, L50|100/100
|turn|2
|
|t:|1757630823
|switch|p2a: Rillaboom|Rillaboom, L50, F|100/100
|-fieldstart|move: Grassy Terrain|[from] ability: Grassy Surge|[of] p2a: Rillaboom
|-terastallize|p1a: Gholdengo|Water
|move|p1a: Gholdengo|Nasty Plot|p1a: Gholdengo
|-boost|p1a: Gholdengo|spa|2
|move|p1b: Pelipper|Tailwind|p1b: Pelipper
|-sidestart|p1: maxspeedincineroar|move: Tailwind
|move|p2b: Mandibuzz|Snarl|p1b: Pelipper|[spread] p1a,p1b
|-damage|p1a: Gholdengo|89/100
|-damage|p1b: Pelipper|84/100
|-unboost|p1a: Gholdengo|spa|1
|-unboost|p1b: Pelipper|spa|1
|
|-weather|RainDance|[upkeep]
|-heal|p1a: Gholdengo|96/100|[from] Grassy Terrain
|upkeep
|turn|3
|
|t:|1757630865
|move|p2a: Rillaboom|Fake Out|p1b: Pelipper
|-damage|p1b: Pelipper|67/100
|move|p1a: Gholdengo|Make It Rain|p2b: Mandibuzz|[spread] p2a,p2b
|-damage|p2a: Rillaboom|16/100
|-damage|p2b: Mandibuzz|37/100
|-unboost|p1a: Gholdengo|spa|1
|cant|p1b: Pelipper|flinch
|move|p2b: Mandibuzz|Snarl|p1b: Pelipper|[spread] p1a,p1b
|-damage|p1a: Gholdengo|86/100
|-damage|p1b: Pelipper|52/100
|-unboost|p1a: Gholdengo|spa|1
|-unboost|p1b: Pelipper|spa|1
|
|-weather|RainDance|[upkeep]
|-heal|p1a: Gholdengo|92/100|[from] Grassy Terrain
|-heal|p2a: Rillaboom|22/100|[from] Grassy Terrain
|-heal|p2b: Mandibuzz|43/100|[from] item: Leftovers
|upkeep
|turn|4
|
|t:|1757630888
|move|p2a: Rillaboom|Grassy Glide|p1b: Pelipper
|-damage|p1b: Pelipper|0 fnt
|faint|p1b: Pelipper
|move|p1a: Gholdengo|Make It Rain|p2b: Mandibuzz|[spread] p2a,p2b
|-damage|p2a: Rillaboom|0 fnt
|-damage|p2b: Mandibuzz|11/100
|-unboost|p1a: Gholdengo|spa|1
|faint|p2a: Rillaboom
|move|p2b: Mandibuzz|Tailwind|p2b: Mandibuzz
|-sidestart|p2: GFCMayor|move: Tailwind
|
|-weather|RainDance|[upkeep]
|-heal|p1a: Gholdengo|98/100|[from] Grassy Terrain
|-heal|p2b: Mandibuzz|17/100|[from] item: Leftovers
|upkeep
|
|t:|1757630895
|switch|p1b: Amoonguss|Amoonguss, L50, F|100/100
|switch|p2a: Garchomp|Garchomp, L50, M|100/100
|turn|5
|
|t:|1757630917
|move|p2a: Garchomp|Protect|p2a: Garchomp
|-singleturn|p2a: Garchomp|Protect
|move|p1a: Gholdengo|Make It Rain|p2b: Mandibuzz|[spread] p2b
|-activate|p2a: Garchomp|move: Protect
|-damage|p2b: Mandibuzz|0 fnt
|-unboost|p1a: Gholdengo|spa|1
|faint|p2b: Mandibuzz
|move|p1b: Amoonguss|Spore|p2a: Garchomp
|-activate|p2a: Garchomp|move: Protect
|
|-weather|none
|-heal|p1a: Gholdengo|100/100|[from] Grassy Terrain
|-sideend|p1: maxspeedincineroar|move: Tailwind
|upkeep
|
|t:|1757630924
|switch|p2b: Tyranitar|Tyranitar, L50, M, tera:Flying|3/100
|-weather|Sandstorm|[from] ability: Sand Stream|[of] p2b: Tyranitar
|turn|6
|
|t:|1757630950
|move|p1b: Amoonguss|Protect|p1b: Amoonguss
|-singleturn|p1b: Amoonguss|Protect
|move|p2a: Garchomp|Dragon Claw|p1b: Amoonguss
|-activate|p1b: Amoonguss|move: Protect
|move|p2b: Tyranitar|Low Kick|p1b: Amoonguss
|-activate|p1b: Amoonguss|move: Protect
|move|p1a: Gholdengo|Nasty Plot|p1a: Gholdengo
|-boost|p1a: Gholdengo|spa|2
|
|-weather|Sandstorm|[upkeep]
|-damage|p2b: Tyranitar|0 fnt|[from] Sandstorm
|-damage|p1a: Gholdengo|94/100|[from] Sandstorm
|-damage|p1b: Amoonguss|95/100|[from] Sandstorm
|faint|p2b: Tyranitar
|-heal|p1a: Gholdengo|100/100|[from] Grassy Terrain
|-heal|p1b: Amoonguss|100/100|[from] Grassy Terrain
|-fieldend|move: Grassy Terrain
|upkeep
|turn|7
|
|t:|1757630968
|move|p1a: Gholdengo|Protect|p1a: Gholdengo
|-singleturn|p1a: Gholdengo|Protect
|move|p2a: Garchomp|Stomping Tantrum|p1a: Gholdengo
|-activate|p1a: Gholdengo|move: Protect
|move|p1b: Amoonguss|Spore|p2a: Garchomp
|-status|p2a: Garchomp|slp|[from] move: Spore
|
|-weather|Sandstorm|[upkeep]
|-damage|p1a: Gholdengo|94/100|[from] Sandstorm
|-damage|p1b: Amoonguss|95/100|[from] Sandstorm
|-sideend|p2: GFCMayor|move: Tailwind
|upkeep
|turn|8
|-message|GFCMayor forfeited.
|
|win|maxspeedincineroar
|l|☆GFCMayor
|player|p2|
||maxspeedincineroar is ready for game 2.
||GFCMayor is ready for game 2.
|uhtml|next|Next: Game 2 of 3
