|j|☆Baxter1357924680
|j|☆hypergamer_2422
|html|Baxter1357924680hypergamer_2422    
|uhtml|bestof|Game 2 of a best-of-3
|t:|1783380745
|gametype|doubles
|player|p1|Baxter1357924680|101|
|player|p2|hypergamer_2422|pokemaniac|
|gen|9
|tier|[Gen 9 Champions] VGC 2026 Reg M-B (Bo3)
|rule|Species Clause: Limit one of each Pokémon
|rule|Item Clause: Limit 1 of each item
|clearpoke
|poke|p1|Aegislash, L50, M, shiny|
|poke|p1|Lucario, L50, M, shiny|
|poke|p1|Dragonite, L50, M, shiny|
|poke|p1|Ditto, L50, shiny|
|poke|p1|Annihilape, L50, M, shiny|
|poke|p1|Greninja, L50, M, shiny|
|poke|p2|Staraptor, L50, F|
|poke|p2|Ditto, L50|
|poke|p2|Grimmsnarl, L50, M|
|poke|p2|Garchomp, L50, F|
|poke|p2|Goodra-Hisui, L50, M|
|poke|p2|Espathra, L50, M|
|teampreview|4
|showteam|p1|Aegislash||Leftovers|StanceChange|RockSlide,SacredSword,AirSlash,CloseCombat|Serious||M|||50|]Lucario||Lucarionite|InnerFocus|Agility,CrossChop,ThunderPunch,BlazeKick|Serious||M|||50|]Dragonite||Dragoninite|Multiscale|DracoMeteor,Flamethrower,Superpower,StoneEdge|Serious||M|||50|]Ditto||ExpertBelt|Imposter|Transform|Serious|||||50|]Annihilape||ChoiceScarf|VitalSpirit|BrickBreak,CloseCombat,CrossChop,RockSlide|Serious||M|||50|]Greninja||Greninjite|Protean|Liquidation,WaterShuriken,QuickAttack,FlipTurn|Serious||M|||50|
|showteam|p2|Staraptor||Staraptite|Intimidate|CloseCombat,Facade,Protect,BraveBird|Jolly||F|||50|]Ditto||FocusSash|Imposter|Transform|Relaxed|||||50|]Grimmsnarl||LightClay|Prankster|FakeOut,LightScreen,Reflect,FoulPlay|Careful||M|||50|]Garchomp||ChoiceScarf|RoughSkin|Outrage,Earthquake,StoneEdge,BodySlam|Jolly||F|||50|]Goodra-Hisui||QuickClaw|Gooey|Rest,SleepTalk,FireBlast,FlashCannon|Modest||M|||50|]Espathra||LifeOrb|SpeedBoost|LuminaCrash,CalmMind,ShadowBall,Uturn|Modest||M|||50|
|
|t:|1783380762
|teamsize|p1|4
|teamsize|p2|4
|start
|switch|p1a: Greninja|Greninja, L50, M, shiny|100/100
|switch|p1b: Annihilape|Annihilape, L50, M, shiny|100/100
|switch|p2a: Grimmsnarl|Grimmsnarl, L50, M|100/100
|switch|p2b: Garchomp|Garchomp, L50, F|100/100
|turn|1
|
|t:|1783380780
|move|p2a: Grimmsnarl|Reflect|p2a: Grimmsnarl
|-sidestart|p2: hypergamer_2422|Reflect
|move|p2b: Garchomp|Outrage|p1a: Greninja
|-damage|p1a: Greninja|12/100
|move|p1b: Annihilape|Rock Slide|p2a: Grimmsnarl|[spread] p2a,p2b
|-resisted|p2b: Garchomp|1
|-damage|p2a: Grimmsnarl|88/100
|-damage|p2b: Garchomp|94/100
|move|p1a: Greninja|Liquidation|p2a: Grimmsnarl
|-start|p1a: Greninja|typechange|Water|[from] ability: Protean
|-damage|p2a: Grimmsnarl|63/100
|
|upkeep
|turn|2
|
|t:|1783380802
|detailschange|p1a: Greninja|Greninja-Mega, L50, M, shiny
|-mega|p1a: Greninja|Greninja|Greninjite
|move|p1a: Greninja|Water Shuriken|p2a: Grimmsnarl
|-start|p1a: Greninja|typechange|Water|[from] ability: Protean
|-crit|p2a: Grimmsnarl
|-damage|p2a: Grimmsnarl|55/100
|-damage|p2a: Grimmsnarl|50/100g
|-damage|p2a: Grimmsnarl|44/100
|-hitcount|p2a: Grimmsnarl|3
|move|p2a: Grimmsnarl|Light Screen|p2a: Grimmsnarl
|-sidestart|p2: hypergamer_2422|move: Light Screen
|move|p2b: Garchomp|Outrage|p1b: Annihilape|[from] lockedmove
|-damage|p1b: Annihilape|41/100
|move|p1b: Annihilape|Rock Slide|p2b: Garchomp|[spread] p2a,p2b
|-resisted|p2b: Garchomp|1
|-damage|p2a: Grimmsnarl|31/100
|-damage|p2b: Garchomp|89/100
|
|upkeep
|turn|3
|
|t:|1783380826
|move|p1a: Greninja|Water Shuriken|p2a: Grimmsnarl
|-damage|p2a: Grimmsnarl|27/100
|-damage|p2a: Grimmsnarl|24/100
|-hitcount|p2a: Grimmsnarl|2
|move|p2b: Garchomp|Outrage|p1b: Annihilape|[from] lockedmove
|-damage|p1b: Annihilape|0 fnt
|faint|p1b: Annihilape
|-start|p2b: Garchomp|confusion|[fatigue]
|move|p2a: Grimmsnarl|Foul Play|p1a: Greninja
|-damage|p1a: Greninja|0 fnt
|faint|p1a: Greninja
|
|upkeep
|
|t:|1783380840
|switch|p1a: Ditto|Ditto, L50, shiny|100/100
|switch|p1b: Dragonite|Dragonite, L50, M, shiny|100/100
|-transform|p1a: Ditto|p2b: Garchomp|[from] ability: Imposter
|turn|4
|
|t:|1783380866
|switch|p2b: Staraptor|Staraptor, L50, F|100/100
|-ability|p2b: Staraptor|Intimidate|boost
|-unboost|p1a: Ditto|atk|1
|-unboost|p1b: Dragonite|atk|1
|switch|p2a: Ditto|Ditto, L50|100/100
|-transform|p2a: Ditto|p1b: Dragonite|[from] ability: Imposter
|move|p1a: Ditto|Outrage|p2b: Staraptor
|-damage|p2b: Staraptor|59/100
|move|p1b: Dragonite|Flamethrower|p2a: Ditto
|-resisted|p2a: Ditto|1
|-damage|p2a: Ditto|94/100
|
|upkeep
|turn|5
|
|t:|1783380888
|detailschange|p2b: Staraptor|Staraptor-Mega, L50, F
|-mega|p2b: Staraptor|Staraptor|Staraptite
|move|p2b: Staraptor|Protect|p2b: Staraptor
|-singleturn|p2b: Staraptor|Protect
|move|p1a: Ditto|Outrage|p2a: Ditto|[from] lockedmove
|-supereffective|p2a: Ditto|1
|-damage|p2a: Ditto|7/100
|-start|p1a: Ditto|confusion|[fatigue]
|move|p1b: Dragonite|Draco Meteor|p2a: Ditto
|-supereffective|p2a: Ditto|1
|-damage|p2a: Ditto|0 fnt
|-unboost|p1b: Dragonite|spa|2
|faint|p2a: Ditto
|
|upkeep
|
|t:|1783380901
|switch|p2a: Grimmsnarl|Grimmsnarl, L50, M|24/100
|turn|6
|
|t:|1783380926
|move|p2a: Grimmsnarl|Fake Out|p1b: Dragonite
|-damage|p1b: Dragonite|94/100
|move|p2b: Staraptor|Close Combat|p1a: Ditto
|-damage|p1a: Ditto|9/100
|-boost|p2b: Staraptor|def|1
|-boost|p2b: Staraptor|spd|1
|-damage|p2b: Staraptor|46/100|[from] ability: Rough Skin|[of] p1a: Ditto
|-activate|p1a: Ditto|confusion
|move|p1a: Ditto|Stone Edge|p2a: Grimmsnarl
|-damage|p2a: Grimmsnarl|2/100
|cant|p1b: Dragonite|flinch
|
|upkeep
|turn|7
|
|t:|1783380950
|move|p2b: Staraptor|Brave Bird|p1b: Dragonite
|-damage|p1b: Dragonite|36/100
|-damage|p2b: Staraptor|25/100|[from] Recoil
|-activate|p1a: Ditto|confusion
|-damage|p1a: Ditto|0 fnt|[from] confusion
|faint|p1a: Ditto
|move|p1b: Dragonite|Draco Meteor|p2a: Grimmsnarl
|-immune|p2a: Grimmsnarl
|move|p2a: Grimmsnarl|Foul Play|p1b: Dragonite
|-damage|p1b: Dragonite|9/100
|
|upkeep
|turn|8
|
|t:|1783380971
|move|p2b: Staraptor|Brave Bird|p1b: Dragonite
|-damage|p1b: Dragonite|0 fnt
|faint|p1b: Dragonite
|-damage|p2b: Staraptor|22/100|[from] Recoil
|
|win|hypergamer_2422
|c|☆hypergamer_2422|gg
|c|☆Baxter1357924680|gg
