|j|☆foolkom
|j|☆TheCrazyMonkey14
|html|foolkomTheCrazyMonkey14    
|uhtml|bestof|Game 1 of a best-of-3
|t:|1756327778
|gametype|doubles
|player|p1|foolkom|bugcatcher-gen4dp|1052
|player|p2|TheCrazyMonkey14|benga|1000
|gen|9
|tier|[Gen 9] VGC 2025 Reg H (Bo3)
|rated|
|rule|Species Clause: Limit one of each Pokémon
|rule|Item Clause: Limit 1 of each item
|clearpoke
|poke|p1|Annihilape, L50, F|
|poke|p1|Maushold, L50|
|poke|p1|Incineroar, L50, F|
|poke|p1|Dragonite, L50, F|
|poke|p1|Tyranitar, L50, M|
|poke|p1|Rillaboom, L50, F|
|poke|p2|Ursaluna-Bloodmoon, L50, M|
|poke|p2|Gholdengo, L50|
|poke|p2|Dragonite, L50, F|
|poke|p2|Sneasler, L50, F|
|poke|p2|Incineroar, L50, M|
|poke|p2|Amoonguss, L50, F|
|teampreview|4
|showteam|p1|Annihilape||Leftovers|Defiant|DrainPunch,RageFist,BulkUp,Coaching|||F|||50|,,,,,Fire]Maushold||SafetyGoggles|FriendGuard|BeatUp,Taunt,FollowMe,Protect||||||50|,,,,,Ghost]Incineroar||SitrusBerry|Intimidate|KnockOff,WillOWisp,PartingShot,FakeOut|||F|||50|,,,,,Ghost]Dragonite||LoadedDice|Multiscale|ScaleShot,Haze,Tailwind,Protect|||F|||50|,,,,,Fairy]Tyranitar||AssaultVest|SandStream|RockSlide,KnockOff,LowKick,TeraBlast|||M|||50|,,,,,Flying]Rillaboom||GrassySeed|GrassySurge|FakeOut,GrassyGlide,WoodHammer,Protect|||F|||50|,,,,,Fire
|showteam|p2|Ursaluna-Bloodmoon||AssaultVest|MindsEye|BloodMoon,EarthPower,VacuumWave,HyperVoice|||M|||50|,,,,,Water]Gholdengo||LifeOrb|GoodasGold|Protect,MakeItRain,ShadowBall,NastyPlot||||||50|,,,,,Water]Dragonite||LoadedDice|Multiscale|ScaleShot,Tailwind,Haze,Protect|||F|||50|,,,,,Fairy]Sneasler||FocusSash|Unburden|Protect,DireClaw,CloseCombat,ThroatChop|||F|||50|,,,,,Stellar]Incineroar||SafetyGoggles|Intimidate|KnockOff,PartingShot,FlareBlitz,FakeOut|||M|||50|,,,,,Ghost]Amoonguss||SitrusBerry|Regenerator|RagePowder,Spore,PollenPuff,Protect|||F|||50|,,,,,Psychic
|inactive|Battle timer is ON: inactive players will automatically lose when time's up. (requested by foolkom)
|inactive|foolkom has 60 seconds left.
|inactive|foolkom has 30 seconds left.
|
|t:|1756327847
|teamsize|p1|4
|teamsize|p2|4
|start
|switch|p1a: Maushold|Maushold, L50|100/100
|switch|p1b: Annihilape|Annihilape, L50, F|100/100
|switch|p2a: Incineroar|Incineroar, L50, M|100/100
|switch|p2b: Dragonite|Dragonite, L50, F|100/100
|-ability|p2a: Incineroar|Intimidate|boost
|-unboost|p1a: Maushold|atk|1
|-unboost|p1b: Annihilape|atk|1
|-ability|p1b: Annihilape|Defiant|boost
|-boost|p1b: Annihilape|atk|2
|turn|1
|
|t:|1756327871
|move|p1a: Maushold|Protect|p1a: Maushold
|-singleturn|p1a: Maushold|Protect
|move|p2a: Incineroar|Fake Out|p1a: Maushold
|-activate|p1a: Maushold|move: Protect
|move|p1b: Annihilape|Bulk Up|p1b: Annihilape
|-boost|p1b: Annihilape|atk|1
|-boost|p1b: Annihilape|def|1
|move|p2b: Dragonite|Haze|p2b: Dragonite
|-clearallboost
|
|upkeep
|turn|2
|
|t:|1756327890
|switch|p1a: Incineroar|Incineroar, L50, F|100/100
|-ability|p1a: Incineroar|Intimidate|boost
|-unboost|p2a: Incineroar|atk|1
|-unboost|p2b: Dragonite|atk|1
|move|p1b: Annihilape|Bulk Up|p1b: Annihilape
|-boost|p1b: Annihilape|atk|1
|-boost|p1b: Annihilape|def|1
|move|p2b: Dragonite|Tailwind|p2b: Dragonite
|-sidestart|p2: TheCrazyMonkey14|move: Tailwind
|move|p2a: Incineroar|Parting Shot|p1b: Annihilape
|-unboost|p1b: Annihilape|atk|1
|-ability|p1b: Annihilape|Defiant|boost
|-boost|p1b: Annihilape|atk|2
|-unboost|p1b: Annihilape|spa|1
|-ability|p1b: Annihilape|Defiant|boost
|-boost|p1b: Annihilape|atk|2
|
|t:|1756327906
|switch|p2a: Amoonguss|Amoonguss, L50, F|100/100|[from] Parting Shot
|
|upkeep
|turn|3
|
|t:|1756327928
|move|p2b: Dragonite|Haze|p2b: Dragonite
|-clearallboost
|move|p1b: Annihilape|Rage Fist|p2a: Amoonguss
|-damage|p2a: Amoonguss|84/100
|move|p2a: Amoonguss|Spore|p1b: Annihilape
|-status|p1b: Annihilape|slp|[from] move: Spore
|move|p1a: Incineroar|Knock Off|p2a: Amoonguss
|-crit|p2a: Amoonguss
|-damage|p2a: Amoonguss|40/100
|-enditem|p2a: Amoonguss|Sitrus Berry|[from] move: Knock Off|[of] p1a: Incineroar
|
|upkeep
|turn|4
|
|t:|1756327949
|move|p2b: Dragonite|Scale Shot|p1b: Annihilape
|-damage|p1b: Annihilape|86/100 slp
|-damage|p1b: Annihilape|70/100 slp
|-damage|p1b: Annihilape|55/100 slp
|-damage|p1b: Annihilape|38/100 slp
|-damage|p1b: Annihilape|23/100 slp
|-hitcount|p1b: Annihilape|5
|-unboost|p2b: Dragonite|def|1
|-boost|p2b: Dragonite|spe|1
|cant|p1b: Annihilape|slp
|move|p2a: Amoonguss|Spore|p1a: Incineroar
|-status|p1a: Incineroar|slp|[from] move: Spore
|cant|p1a: Incineroar|slp
|
|-heal|p1b: Annihilape|29/100 slp|[from] item: Leftovers
|upkeep
|turn|5
|
|t:|1756327974
|switch|p1b: Rillaboom|Rillaboom, L50, F|100/100
|-fieldstart|move: Grassy Terrain|[from] ability: Grassy Surge|[of] p1b: Rillaboom
|-enditem|p1b: Rillaboom|Grassy Seed
|-boost|p1b: Rillaboom|def|1|[from] item: Grassy Seed
|switch|p2a: Incineroar|Incineroar, L50, M|100/100
|-ability|p2a: Incineroar|Intimidate|boost
|-unboost|p1a: Incineroar|atk|1
|-unboost|p1b: Rillaboom|atk|1
|move|p2b: Dragonite|Scale Shot|p1b: Rillaboom
|-damage|p1b: Rillaboom|91/100
|-damage|p1b: Rillaboom|81/100
|-damage|p1b: Rillaboom|70/100
|-crit|p1b: Rillaboom
|-damage|p1b: Rillaboom|50/100
|-hitcount|p1b: Rillaboom|4
|-unboost|p2b: Dragonite|def|1
|-boost|p2b: Dragonite|spe|1
|cant|p1a: Incineroar|slp
|
|-heal|p1b: Rillaboom|56/100|[from] Grassy Terrain
|-sideend|p2: TheCrazyMonkey14|move: Tailwind
|upkeep
|turn|6
|inactive|foolkom has 30 seconds left.
|inactive|TheCrazyMonkey14 has 30 seconds left.
|
|t:|1756328009
|move|p2b: Dragonite|Protect|p2b: Dragonite
|-singleturn|p2b: Dragonite|Protect
|move|p1b: Rillaboom|Fake Out|p2a: Incineroar
|-damage|p2a: Incineroar|92/100
|cant|p2a: Incineroar|flinch
|-curestatus|p1a: Incineroar|slp|[msg]
|move|p1a: Incineroar|Will-O-Wisp|p2b: Dragonite
|-activate|p2b: Dragonite|move: Protect
|
|-heal|p1b: Rillaboom|62/100|[from] Grassy Terrain
|-heal|p2a: Incineroar|98/100|[from] Grassy Terrain
|upkeep
|turn|7
|
|t:|1756328028
|move|p1b: Rillaboom|Protect|p1b: Rillaboom
|-singleturn|p1b: Rillaboom|Protect
|move|p2b: Dragonite|Tailwind|p2b: Dragonite
|-sidestart|p2: TheCrazyMonkey14|move: Tailwind
|move|p2a: Incineroar|Flare Blitz|p1b: Rillaboom
|-activate|p1b: Rillaboom|move: Protect
|move|p1a: Incineroar|Will-O-Wisp|p2b: Dragonite
|-status|p2b: Dragonite|brn
|
|-heal|p2a: Incineroar|100/100|[from] Grassy Terrain
|-heal|p1b: Rillaboom|67/100|[from] Grassy Terrain
|-damage|p2b: Dragonite|94/100 brn|[from] brn
|upkeep
|turn|8
|inactive|foolkom has 30 seconds left.
|inactive|TheCrazyMonkey14 has 30 seconds left.
|
|t:|1756328061
|switch|p1b: Maushold|Maushold, L50|100/100
|move|p2b: Dragonite|Haze|p2b: Dragonite
|-clearallboost
|move|p2a: Incineroar|Flare Blitz|p1b: Maushold
|-damage|p1b: Maushold|32/100
|-damage|p2a: Incineroar|82/100|[from] Recoil
|move|p1a: Incineroar|Parting Shot|p2a: Incineroar
|-unboost|p2a: Incineroar|atk|1
|-unboost|p2a: Incineroar|spa|1
|
|t:|1756328069
|switch|p1a: Annihilape|Annihilape, L50, F|29/100 slp|[from] Parting Shot
|
|-heal|p2a: Incineroar|88/100|[from] Grassy Terrain
|-heal|p1b: Maushold|39/100|[from] Grassy Terrain
|-heal|p1a: Annihilape|35/100 slp|[from] Grassy Terrain
|-heal|p1a: Annihilape|41/100 slp|[from] item: Leftovers
|-damage|p2b: Dragonite|88/100 brn|[from] brn
|upkeep
|turn|9
|
|t:|1756328085
|switch|p2a: Amoonguss|Amoonguss, L50, F|73/100
|switch|p1b: Incineroar|Incineroar, L50, F|100/100
|-ability|p1b: Incineroar|Intimidate|boost
|-unboost|p2a: Amoonguss|atk|1
|-unboost|p2b: Dragonite|atk|1
|move|p2b: Dragonite|Scale Shot|p1a: Annihilape
|-damage|p1a: Annihilape|37/100 slp
|-damage|p1a: Annihilape|32/100 slp
|-damage|p1a: Annihilape|27/100 slp
|-damage|p1a: Annihilape|22/100 slp
|-damage|p1a: Annihilape|17/100 slp
|-hitcount|p1a: Annihilape|5
|-unboost|p2b: Dragonite|def|1
|-boost|p2b: Dragonite|spe|1
|cant|p1a: Annihilape|slp
|
|-heal|p1a: Annihilape|24/100 slp|[from] Grassy Terrain
|-heal|p1a: Annihilape|30/100 slp|[from] item: Leftovers
|-heal|p2a: Amoonguss|79/100|[from] Grassy Terrain
|-damage|p2b: Dragonite|82/100 brn|[from] brn
|-fieldend|move: Grassy Terrain
|upkeep
|turn|10
|inactive|TheCrazyMonkey14 has 30 seconds left.
|inactive|TheCrazyMonkey14 has 20 seconds left.
|inactive|foolkom has 30 seconds left.
|inactive|TheCrazyMonkey14 has 15 seconds left.
|
|t:|1756328128
|switch|p2b: Incineroar|Incineroar, L50, M|88/100
|-ability|p2b: Incineroar|Intimidate|boost
|-unboost|p1a: Annihilape|atk|1
|-ability|p1a: Annihilape|Defiant|boost
|-boost|p1a: Annihilape|atk|2
|-unboost|p1b: Incineroar|atk|1
|switch|p1b: Rillaboom|Rillaboom, L50, F|67/100
|-fieldstart|move: Grassy Terrain|[from] ability: Grassy Surge|[of] p1b: Rillaboom
|-curestatus|p1a: Annihilape|slp|[msg]
|move|p1a: Annihilape|Rage Fist|p2a: Amoonguss
|-damage|p2a: Amoonguss|0 fnt
|faint|p2a: Amoonguss
|
|-heal|p2b: Incineroar|94/100|[from] Grassy Terrain
|-heal|p1a: Annihilape|36/100|[from] Grassy Terrain
|-heal|p1a: Annihilape|42/100|[from] item: Leftovers
|-heal|p1b: Rillaboom|73/100|[from] Grassy Terrain
|-sideend|p2: TheCrazyMonkey14|move: Tailwind
|upkeep
|
|t:|1756328151
|switch|p2a: Dragonite|Dragonite, L50, F|82/100 brn
|turn|11
|
|t:|1756328172
|switch|p1b: Incineroar|Incineroar, L50, F|100/100
|-ability|p1b: Incineroar|Intimidate|boost
|-unboost|p2a: Dragonite|atk|1
|-unboost|p2b: Incineroar|atk|1
|-terastallize|p1a: Annihilape|Fire
|-terastallize|p2b: Incineroar|Ghost
|move|p2a: Dragonite|Protect|p2a: Dragonite
|-singleturn|p2a: Dragonite|Protect
|move|p1a: Annihilape|Rage Fist|p2b: Incineroar
|-supereffective|p2b: Incineroar
|-damage|p2b: Incineroar|0 fnt
|faint|p2b: Incineroar
|
|-heal|p1a: Annihilape|49/100|[from] Grassy Terrain
|-heal|p1a: Annihilape|55/100|[from] item: Leftovers
|-damage|p2a: Dragonite|76/100 brn|[from] brn
|upkeep
|
|t:|1756328188
|switch|p2b: Gholdengo|Gholdengo, L50|100/100
|turn|12
|
|t:|1756328198
|move|p1b: Incineroar|Fake Out|p2a: Dragonite
|-damage|p2a: Dragonite|66/100 brn
|move|p1a: Annihilape|Rage Fist|p2b: Gholdengo
|-supereffective|p2b: Gholdengo
|-damage|p2b: Gholdengo|0 fnt
|faint|p2b: Gholdengo
|cant|p2a: Dragonite|flinch
|
|-heal|p1a: Annihilape|61/100|[from] Grassy Terrain
|-heal|p1a: Annihilape|67/100|[from] item: Leftovers
|-damage|p2a: Dragonite|60/100 brn|[from] brn
|upkeep
|turn|13
|
|t:|1756328214
|move|p1a: Annihilape|Rage Fist|p2a: Dragonite
|-damage|p2a: Dragonite|0 fnt
|faint|p2a: Dragonite
|
|win|foolkom
||foolkom is ready for game 2.
||TheCrazyMonkey14 is ready for game 2.
|uhtml|next|Next: Game 2 of 3
|l|☆foolkom
|player|p1|
