|j|☆BVSelf
|j|☆lalalaing
|html|BVSelflalalaing    
|uhtml|bestof|Game 2 of a best-of-3
|t:|1783269742
|gametype|doubles
|player|p1|BVSelf|juan|1297
|player|p2|lalalaing|chili|1432
|gen|9
|tier|[Gen 9 Champions] VGC 2026 Reg M-B (Bo3)
|rated|
|rule|Species Clause: Limit one of each Pokémon
|rule|Item Clause: Limit 1 of each item
|clearpoke
|poke|p1|Torkoal, L50, M|
|poke|p1|Venusaur, L50, F|
|poke|p1|Farigiraf, L50, M|
|poke|p1|Scrafty, L50, M|
|poke|p1|Mamoswine, L50, M|
|poke|p1|Pyroar, L50, M|
|poke|p2|Charizard, L50, F|
|poke|p2|Raichu, L50, M|
|poke|p2|Sneasler, L50, F|
|poke|p2|Sinistcha, L50|
|poke|p2|Kingambit, L50, M|
|poke|p2|Milotic, L50, F|
|teampreview|4
|showteam|p1|Torkoal||HeatRock|Drought|Eruption,WeatherBall,HelpingHand,Protect|Quiet||M|||50|]Venusaur||LifeOrb|Chlorophyll|EnergyBall,SludgeBomb,EarthPower,Protect|Modest||F|||50|]Farigiraf||SitrusBerry|ArmorTail|Psychic,Thunderbolt,TrickRoom,Protect|Quiet||M|||50|]Scrafty||Scraftinite|Intimidate|KnockOff,DrainPunch,IcePunch,FakeOut|Adamant||M|||50|]Mamoswine||FocusSash|Oblivious|HighHorsepower,RockSlide,IceShard,Protect|Jolly||M|||50|]Pyroar||Pyroarite|Unnerve|HeatWave,Overheat,Yawn,Protect|Timid||M|||50|
|showteam|p2|Charizard||CharizarditeX|Blaze|FlareBlitz,DragonClaw,DragonDance,Protect|Adamant||F|||50|]Raichu||RaichuniteY|Static|ZapCannon,FocusBlast,FakeOut,Protect|Timid||M|||50|]Sneasler||WhiteHerb|Unburden|DireClaw,CloseCombat,FakeOut,Protect|Adamant||F|||50|]Sinistcha||SitrusBerry|Hospitality|MatchaGotcha,RagePowder,TrickRoom,Protect|Calm|||||50|]Kingambit||BlackGlasses|Defiant|KowtowCleave,SuckerPunch,SwordsDance,Protect|Adamant||M|||50|]Milotic||Leftovers|Competitive|MuddyWater,Coil,Hypnosis,Protect|Bold||F|||50|
|inactive|Battle timer is ON: inactive players will automatically lose when time's up. (requested by lalalaing)
|
|t:|1783269755
|teamsize|p1|4
|teamsize|p2|4
|start
|switch|p1a: Venusaur|Venusaur, L50, F|100/100
|switch|p1b: Pyroar|Pyroar, L50, M|100/100
|switch|p2a: Milotic|Milotic, L50, F|100/100
|switch|p2b: Raichu|Raichu, L50, M|100/100
|-ability|p1b: Pyroar|Unnerve
|turn|1
|
|t:|1783269776
|detailschange|p2b: Raichu|Raichu-Mega-Y, L50, M
|-mega|p2b: Raichu|Raichu|Raichunite Y
|move|p1b: Pyroar|Protect|p1b: Pyroar
|-singleturn|p1b: Pyroar|Protect
|move|p2b: Raichu|Zap Cannon|p1a: Venusaur
|-resisted|p1a: Venusaur|1
|-damage|p1a: Venusaur|59/100
|-status|p1a: Venusaur|par
|move|p2a: Milotic|Muddy Water|p1b: Pyroar|[spread] 
|-activate|p1b: Pyroar|move: Protect
|-miss|p2a: Milotic|p1a: Venusaur
|move|p1a: Venusaur|Energy Ball|p2a: Milotic
|-supereffective|p2a: Milotic|1
|-damage|p2a: Milotic|10/100
|-damage|p1a: Venusaur|49/100 par|[from] item: Life Orb
|
|-heal|p2a: Milotic|16/100|[from] item: Leftovers
|upkeep
|turn|2
|
|t:|1783269796
|switch|p1b: Farigiraf|Farigiraf, L50, M|100/100
|move|p2b: Raichu|Protect|p2b: Raichu
|-singleturn|p2b: Raichu|Protect
|move|p2a: Milotic|Muddy Water|p1b: Farigiraf|[spread] p1a,p1b
|-resisted|p1a: Venusaur|1
|-crit|p1b: Farigiraf
|-damage|p1a: Venusaur|35/100 par
|-damage|p1b: Farigiraf|59/100
|-unboost|p1a: Venusaur|accuracy|1
|move|p1a: Venusaur|Earth Power|p2b: Raichu
|-activate|p2b: Raichu|move: Protect
|
|-heal|p2a: Milotic|22/100|[from] item: Leftovers
|upkeep
|turn|3
|
|t:|1783269809
|move|p2b: Raichu|Zap Cannon|p1b: Farigiraf
|-damage|p1b: Farigiraf|0 fnt
|faint|p1b: Farigiraf
|move|p2a: Milotic|Muddy Water|p1a: Venusaur
|-resisted|p1a: Venusaur|1
|-damage|p1a: Venusaur|15/100 par
|-unboost|p1a: Venusaur|accuracy|1
|move|p1a: Venusaur|Earth Power|p2b: Raichu
|-supereffective|p2b: Raichu|1
|-damage|p2b: Raichu|0 fnt
|faint|p2b: Raichu
|-damage|p1a: Venusaur|6/100 par|[from] item: Life Orb
|
|-heal|p2a: Milotic|29/100|[from] item: Leftovers
|upkeep
|
|t:|1783269821
|switch|p2b: Sneasler|Sneasler, L50, F|100/100
|switch|p1b: Pyroar|Pyroar, L50, M|100/100
|-ability|p1b: Pyroar|Unnerve
|turn|4
|
|t:|1783269830
|move|p1b: Pyroar|Protect|p1b: Pyroar
|-singleturn|p1b: Pyroar|Protect
|move|p1a: Venusaur|Protect|p1a: Venusaur
|-singleturn|p1a: Venusaur|Protect
|move|p2b: Sneasler|Close Combat|p1b: Pyroar
|-activate|p1b: Pyroar|move: Protect
|move|p2a: Milotic|Muddy Water|p1b: Pyroar|[spread] 
|-activate|p1a: Venusaur|move: Protect
|-activate|p1b: Pyroar|move: Protect
|
|-heal|p2a: Milotic|35/100|[from] item: Leftovers
|upkeep
|turn|5
|
|t:|1783269836
|switch|p1a: Torkoal|Torkoal, L50, M|100/100
|-weather|SunnyDay|[from] ability: Drought|[of] p1a: Torkoal
|detailschange|p1b: Pyroar|Pyroar-Mega, L50, M
|-mega|p1b: Pyroar|Pyroar|Pyroarite
|move|p1b: Pyroar|Heat Wave|p2a: Milotic|[spread] p2a,p2b
|-resisted|p2a: Milotic|1
|-damage|p2a: Milotic|5/100
|-damage|p2b: Sneasler|0 fnt
|faint|p2b: Sneasler
|move|p2a: Milotic|Hypnosis|p1b: Pyroar
|-status|p1b: Pyroar|slp|[from] move: Hypnosis
|
|-weather|SunnyDay|[upkeep]
|-heal|p2a: Milotic|11/100|[from] item: Leftovers
|upkeep
|
|t:|1783269846
|switch|p2b: Kingambit|Kingambit, L50, M|100/100
|turn|6
|
|t:|1783269853
|cant|p1b: Pyroar|slp
|move|p2a: Milotic|Muddy Water|p1a: Torkoal|[spread] p1a,p1b
|-supereffective|p1a: Torkoal|1
|-supereffective|p1b: Pyroar|1
|-damage|p1a: Torkoal|66/100
|-damage|p1b: Pyroar|68/100 slp
|move|p2b: Kingambit|Kowtow Cleave|p1a: Torkoal
|-crit|p1a: Torkoal
|-damage|p1a: Torkoal|0 fnt
|faint|p1a: Torkoal
|
|-weather|SunnyDay|[upkeep]
|-heal|p2a: Milotic|18/100|[from] item: Leftovers
|upkeep
|
|t:|1783269864
|switch|p1a: Venusaur|Venusaur, L50, F|6/100 par
|turn|7
|
|t:|1783269872
|move|p2b: Kingambit|Sucker Punch|p1a: Venusaur
|-damage|p1a: Venusaur|0 fnt
|faint|p1a: Venusaur
|cant|p1b: Pyroar|slp
|move|p2a: Milotic|Muddy Water|p1b: Pyroar
|-supereffective|p1b: Pyroar|1
|-crit|p1b: Pyroar
|-damage|p1b: Pyroar|5/100 slp
|
|-weather|SunnyDay|[upkeep]
|-heal|p2a: Milotic|24/100|[from] item: Leftovers
|upkeep
|turn|8
|c|☆BVSelf|lol
|
|t:|1783269885
|move|p2b: Kingambit|Sucker Punch|p1b: Pyroar
|-damage|p1b: Pyroar|0 fnt
|faint|p1b: Pyroar
|
|win|lalalaing
|raw|BVSelf's rating: 1297 → 1281(-16 for losing)
|raw|lalalaing's rating: 1432 → 1445(+13 for winning)
