|j|☆Trafalgar-Froakie
|j|☆DayyChan
|html|Trafalgar-FroakieDayyChan    
|uhtml|bestof|Game 2 of a best-of-3
|t:|1756926033
|gametype|doubles
|player|p1|Trafalgar-Froakie|marshal|1097
|player|p2|DayyChan|miku-flying|1086
|gen|9
|tier|[Gen 9] VGC 2025 Reg H (Bo3)
|rated|
|rule|Species Clause: Limit one of each Pokémon
|rule|Item Clause: Limit 1 of each item
|clearpoke
|poke|p1|Archaludon, L50, M|
|poke|p1|Pelipper, L50, M|
|poke|p1|Sinistcha, L50|
|poke|p1|Ursaluna, L50, F|
|poke|p1|Dragonite, L50, M|
|poke|p1|Gholdengo, L50|
|poke|p2|Incineroar, L50, M|
|poke|p2|Ninetales-Alola, L50, M|
|poke|p2|Rillaboom, L50, M|
|poke|p2|Dragonite, L50, M|
|poke|p2|Basculegion, L50, M|
|poke|p2|Frosmoth, L50, M|
|teampreview|4
|showteam|p1|Archaludon||AssaultVest|Stamina|FlashCannon,BodyPress,ElectroShot,Snarl|||M|||50|,,,,,Fighting]Pelipper||FocusSash|Drizzle|Hurricane,MuddyWater,Tailwind,WideGuard|||M|||50|,,,,,Ghost]Sinistcha||SitrusBerry|Hospitality|MatchaGotcha,RagePowder,LifeDew,TrickRoom||||||50|,,,,,Dark]Ursaluna||FlameOrb|Guts|Facade,HeadlongRush,Earthquake,Protect|||F|||50|,,,,,Ghost]Dragonite||LoadedDice|Multiscale|Tailwind,Haze,ScaleShot,Protect|||M|||50|,,,,,Fairy]Gholdengo||ChoiceScarf|GoodasGold|MakeItRain,ShadowBall,TeraBlast,Trick||||||50|,,,,,Water
|showteam|p2|Incineroar||SafetyGoggles|Intimidate|FakeOut,KnockOff,PartingShot,FlareBlitz|||M|||50|,,,,,Ghost]Ninetales-Alola||LightClay|SnowWarning|Disable,Encore,AuroraVeil,Blizzard|||M|||50|,,,,,Ghost]Rillaboom||AssaultVest|GrassySurge|GrassyGlide,FakeOut,WoodHammer,Uturn|||M|||50|,,,,,Fire]Dragonite||LoadedDice|Multiscale|ScaleShot,ExtremeSpeed,Tailwind,Protect|||M|||50|,,,,,Fairy]Basculegion||ChoiceScarf|Adaptability|FlipTurn,AquaJet,WaveCrash,LastRespects|||M|||50|,,,,,Water]Frosmoth||Leftovers|IceScales|TeraBlast,Blizzard,Protect,QuiverDance|||M|||50|,,,,,Water
|inactive|Battle timer is ON: inactive players will automatically lose when time's up. (requested by DayyChan)
|inactive|Trafalgar-Froakie has 60 seconds left.
|inactive|DayyChan has 60 seconds left.
|inactive|Trafalgar-Froakie has 30 seconds left.
|inactive|Trafalgar-Froakie has 20 seconds left.
|inactive|Trafalgar-Froakie has 15 seconds left.
|inactive|Trafalgar-Froakie has 10 seconds left.
|
|t:|1756926117
|teamsize|p1|4
|teamsize|p2|4
|start
|switch|p1a: Archaludon|Archaludon, L50, M|100/100
|switch|p1b: Dragonite|Dragonite, L50, M|100/100
|switch|p2a: Muth|Frosmoth, L50, M|100/100
|switch|p2b: Monke|Rillaboom, L50, M|100/100
|-fieldstart|move: Grassy Terrain|[from] ability: Grassy Surge|[of] p2b: Monke
|turn|1
|inactive|Trafalgar-Froakie has 30 seconds left.
|
|t:|1756926147
|move|p1b: Dragonite|Protect|p1b: Dragonite
|-singleturn|p1b: Dragonite|Protect
|move|p2a: Muth|Protect|p2a: Muth
|-singleturn|p2a: Muth|Protect
|move|p2b: Monke|U-turn|p1b: Dragonite
|-activate|p1b: Dragonite|move: Protect
|move|p1a: Archaludon|Snarl|p2b: Monke|[spread] p2b
|-activate|p2a: Muth|move: Protect
|-damage|p2b: Monke|92/100
|-unboost|p2b: Monke|spa|1
|
|-heal|p2b: Monke|98/100|[from] Grassy Terrain
|upkeep
|turn|2
|inactive|Trafalgar-Froakie has 30 seconds left.
|
|t:|1756926180
|-terastallize|p1b: Dragonite|Fairy
|move|p1b: Dragonite|Tailwind|p1b: Dragonite
|-sidestart|p1: Trafalgar-Froakie|move: Tailwind
|move|p1a: Archaludon|Flash Cannon|p2a: Muth
|-supereffective|p2a: Muth
|-damage|p2a: Muth|61/100
|move|p2b: Monke|U-turn|p1b: Dragonite
|-resisted|p1b: Dragonite
|-crit|p1b: Dragonite
|-damage|p1b: Dragonite|92/100
|
|t:|1756926189
|switch|p2b: HTAFL|Ninetales-Alola, L50, M|100/100|[from] U-turn
|-weather|Snowscape|[from] ability: Snow Warning|[of] p2b: HTAFL
|move|p2a: Muth|Quiver Dance|p2a: Muth
|-boost|p2a: Muth|spa|1
|-boost|p2a: Muth|spd|1
|-boost|p2a: Muth|spe|1
|
|-weather|Snowscape|[upkeep]
|-heal|p1b: Dragonite|98/100|[from] Grassy Terrain
|-heal|p2a: Muth|67/100|[from] Grassy Terrain
|-heal|p2a: Muth|73/100|[from] item: Leftovers
|upkeep
|turn|3
|inactive|Trafalgar-Froakie has 30 seconds left.
|
|t:|1756926223
|move|p1b: Dragonite|Haze|p1b: Dragonite
|-clearallboost
|move|p1a: Archaludon|Flash Cannon|p2b: HTAFL
|-supereffective|p2b: HTAFL
|-damage|p2b: HTAFL|0 fnt
|faint|p2b: HTAFL
|move|p2a: Muth|Blizzard|p1b: Dragonite|[spread] p1a,p1b
|-damage|p1a: Archaludon|75/100
|-damage|p1b: Dragonite|55/100
|-ability|p1a: Archaludon|Stamina|boost
|-boost|p1a: Archaludon|def|1
|
|-weather|Snowscape|[upkeep]
|-heal|p1b: Dragonite|61/100|[from] Grassy Terrain
|-heal|p1a: Archaludon|81/100|[from] Grassy Terrain
|-heal|p2a: Muth|80/100|[from] Grassy Terrain
|-heal|p2a: Muth|86/100|[from] item: Leftovers
|upkeep
|
|t:|1756926235
|switch|p2b: Monke|Rillaboom, L50, M|98/100
|turn|4
|inactive|Trafalgar-Froakie has 30 seconds left.
|
|t:|1756926260
|switch|p1b: Pelipper|Pelipper, L50, M|100/100
|-weather|RainDance|[from] ability: Drizzle|[of] p1b: Pelipper
|move|p1a: Archaludon|Snarl|p2a: Muth|[spread] p2a,p2b
|-damage|p2a: Muth|80/100
|-damage|p2b: Monke|90/100
|-unboost|p2a: Muth|spa|1
|-unboost|p2b: Monke|spa|1
|move|p2b: Monke|U-turn|p1a: Archaludon
|-resisted|p1a: Archaludon
|-damage|p1a: Archaludon|76/100
|-ability|p1a: Archaludon|Stamina|boost
|-boost|p1a: Archaludon|def|1
|
|t:|1756926271
|switch|p2b: Feesh|Basculegion, L50, M|100/100|[from] U-turn
|move|p2a: Muth|Blizzard|p1b: Pelipper|[spread] p1a,p1b
|-damage|p1a: Archaludon|57/100
|-damage|p1b: Pelipper|60/100
|-ability|p1a: Archaludon|Stamina|boost
|-boost|p1a: Archaludon|def|1
|
|-weather|RainDance|[upkeep]
|-heal|p1a: Archaludon|64/100|[from] Grassy Terrain
|-heal|p2a: Muth|86/100|[from] Grassy Terrain
|-heal|p2a: Muth|92/100|[from] item: Leftovers
|upkeep
|turn|5
|
|t:|1756926287
|move|p1b: Pelipper|Wide Guard|p1b: Pelipper
|-singleturn|p1b: Pelipper|Wide Guard
|move|p1a: Archaludon|Electro Shot||[still]
|-prepare|p1a: Archaludon|Electro Shot
|-boost|p1a: Archaludon|spa|1
|-anim|p1a: Archaludon|Electro Shot|p2b: Feesh
|-supereffective|p2b: Feesh
|-damage|p2b: Feesh|0 fnt
|faint|p2b: Feesh
|move|p2a: Muth|Blizzard|p1a: Archaludon|[spread] 
|-activate|p1a: Archaludon|move: Wide Guard
|-activate|p1b: Pelipper|move: Wide Guard
|
|-weather|RainDance|[upkeep]
|-heal|p1a: Archaludon|70/100|[from] Grassy Terrain
|-heal|p2a: Muth|98/100|[from] Grassy Terrain
|-heal|p2a: Muth|100/100|[from] item: Leftovers
|-sideend|p1: Trafalgar-Froakie|move: Tailwind
|-fieldend|move: Grassy Terrain
|upkeep
|-message|DayyChan forfeited.
|
|win|Trafalgar-Froakie
|raw|Trafalgar-Froakie's rating: 1097 → 1122(+25 for winning)
|raw|DayyChan's rating: 1086 → 1064(-22 for losing)
|l|☆DayyChan
|player|p2|
