|j|☆glofer
|j|☆natsukivgc
|html|glofernatsukivgc    
|uhtml|bestof|Game 1 of a best-of-3
|t:|1785416082
|gametype|doubles
|player|p1|glofer|blackbelt|1061
|player|p2|natsukivgc|265|1161
|gen|9
|tier|[Gen 9 Champions] VGC 2026 Reg M-B (Bo3)
|rated|
|rule|Species Clause: Limit one of each Pokémon
|rule|Item Clause: Limit 1 of each item
|clearpoke
|poke|p1|Bellibolt, L50, F|
|poke|p1|Raichu, L50, F|
|poke|p1|Manectric, L50, F|
|poke|p1|Eelektross, L50, F|
|poke|p1|Emolga, L50, F|
|poke|p1|Heliolisk, L50, F|
|poke|p2|Charizard, L50, F|
|poke|p2|Sneasler, L50, M|
|poke|p2|Kingambit, L50, F|
|poke|p2|Dragonite, L50, F|
|poke|p2|Floette-Eternal, L50, F|
|poke|p2|Whimsicott, L50, M|
|teampreview|4
|showteam|p1|Bellibolt||Leftovers|Electromorphosis|ParabolicCharge,AcidSpray,Soak,Protect|Modest||F|||50|]Raichu||RaichuniteY|LightningRod|ZapCannon,FocusBlast,FakeOut,Protect|Timid||F|||50|]Manectric||Manectite|LightningRod|VoltSwitch,Flamethrower,Snarl,Protect|Timid||F|||50|]Eelektross||LifeOrb|Levitate|SupercellSlam,DrainPunch,Bulldoze,Coil|Brave||F|||50|]Emolga||FocusSash|MotorDrive|Electroweb,AirSlash,Taunt,Protect|Timid||F|||50|]Heliolisk||ChoiceScarf|DrySkin|Thunderbolt,HyperVoice,DragonPulse,DarkPulse|Timid||F|||50|
|showteam|p2|Charizard||CharizarditeY|Blaze|HeatWave,SolarBeam,WeatherBall,Protect|Modest||F|||50|]Sneasler||WhiteHerb|Unburden|CloseCombat,DireClaw,FakeOut,Coaching|Jolly||M|||50|]Kingambit||BlackGlasses|Defiant|KowtowCleave,SuckerPunch,SwordsDance,Protect|Adamant||F|||50|]Dragonite||LifeOrb|InnerFocus|DragonClaw,LowKick,ExtremeSpeed,Protect|Adamant||F|||50|]Floette-Eternal||Floettite|FlowerVeil|Moonblast,DazzlingGleam,LightofRuin,Protect|Modest||F|||50|]Whimsicott||FocusSash|Prankster|Moonblast,Tailwind,Encore,Protect|Timid||M|||50|
|
|t:|1785416103
|teamsize|p1|4
|teamsize|p2|4
|start
|switch|p1a: Raichu|Raichu, L50, F|100/100
|switch|p1b: Eelektross|Eelektross, L50, F|100/100
|switch|p2a: Whimsicott|Whimsicott, L50, M|100/100
|switch|p2b: Floette|Floette-Eternal, L50, F|100/100
|turn|1
|
|t:|1785416127
|detailschange|p1a: Raichu|Raichu-Mega-Y, L50, F
|-mega|p1a: Raichu|Raichu|Raichunite Y
|detailschange|p2b: Floette|Floette-Mega, L50, F
|-mega|p2b: Floette|Floette|Floettite
|-ability|p2b: Floette|Fairy Aura
|move|p2a: Whimsicott|Protect|p2a: Whimsicott
|-singleturn|p2a: Whimsicott|Protect
|move|p2b: Floette|Protect|p2b: Floette
|-singleturn|p2b: Floette|Protect
|move|p1a: Raichu|Fake Out|p2a: Whimsicott
|-activate|p2a: Whimsicott|move: Protect
|move|p1b: Eelektross|Coil|p1b: Eelektross
|-boost|p1b: Eelektross|atk|1
|-boost|p1b: Eelektross|def|1
|-boost|p1b: Eelektross|accuracy|1
|
|upkeep
|turn|2
|
|t:|1785416151
|move|p1a: Raichu|Protect|p1a: Raichu
|-singleturn|p1a: Raichu|Protect
|move|p2a: Whimsicott|Encore|p1b: Eelektross
|-start|p1b: Eelektross|Encore
|move|p2b: Floette|Moonblast|p1a: Raichu
|-activate|p1a: Raichu|move: Protect
|move|p1b: Eelektross|Coil|p1b: Eelektross
|-boost|p1b: Eelektross|atk|1
|-boost|p1b: Eelektross|def|1
|-boost|p1b: Eelektross|accuracy|1
|
|upkeep
|turn|3
|
|t:|1785416171
|switch|p1a: Heliolisk|Heliolisk, L50, F|100/100
|move|p2a: Whimsicott|Encore||[still]
|-fail|p2a: Whimsicott
|move|p2b: Floette|Moonblast|p1a: Heliolisk
|-damage|p1a: Heliolisk|0 fnt
|faint|p1a: Heliolisk
|move|p1b: Eelektross|Coil|p1b: Eelektross
|-boost|p1b: Eelektross|atk|1
|-boost|p1b: Eelektross|def|1
|-boost|p1b: Eelektross|accuracy|1
|
|upkeep
|
|t:|1785416178
|switch|p1a: Raichu|Raichu-Mega-Y, L50, F|100/100
|turn|4
|
|t:|1785416187
|move|p2a: Whimsicott|Protect|p2a: Whimsicott
|-singleturn|p2a: Whimsicott|Protect
|move|p2b: Floette|Protect|p2b: Floette
|-singleturn|p2b: Floette|Protect
|move|p1a: Raichu|Zap Cannon|p2b: Floette
|-activate|p2b: Floette|move: Protect
|move|p1b: Eelektross|Coil|p1b: Eelektross
|-boost|p1b: Eelektross|atk|1
|-boost|p1b: Eelektross|def|1
|-boost|p1b: Eelektross|accuracy|1
|
|-end|p1b: Eelektross|Encore
|upkeep
|turn|5
|
|t:|1785416205
|move|p2a: Whimsicott|Encore|p1b: Eelektross
|-start|p1b: Eelektross|Encore
|move|p1a: Raichu|Zap Cannon|p2b: Floette
|-damage|p2b: Floette|40/100
|-status|p2b: Floette|par
|move|p2b: Floette|Moonblast|p1a: Raichu
|-damage|p1a: Raichu|0 fnt
|faint|p1a: Raichu
|move|p1b: Eelektross|Coil|p1b: Eelektross
|-boost|p1b: Eelektross|atk|1
|-boost|p1b: Eelektross|def|1
|-boost|p1b: Eelektross|accuracy|1
|
|upkeep
|
|t:|1785416214
|switch|p1a: Bellibolt|Bellibolt, L50, F|100/100
|turn|6
|
|t:|1785416229
|move|p2a: Whimsicott|Tailwind|p2a: Whimsicott
|-sidestart|p2: natsukivgc|move: Tailwind
|move|p2b: Floette|Light of Ruin|p1a: Bellibolt
|-damage|p1a: Bellibolt|0 fnt
|faint|p1a: Bellibolt
|-damage|p2b: Floette|0 fnt|[from] Recoil
|faint|p2b: Floette
|move|p1b: Eelektross|Coil|p1b: Eelektross
|-boost|p1b: Eelektross|atk|1
|-boost|p1b: Eelektross|def|1
|-boost|p1b: Eelektross|accuracy|1
|
|upkeep
|
|t:|1785416242
|switch|p2b: Dragonite|Dragonite, L50, F|100/100
|turn|7
|
|t:|1785416250
|move|p2a: Whimsicott|Moonblast|p1b: Eelektross
|-damage|p1b: Eelektross|62/100
|-unboost|p1b: Eelektross|spa|1
|move|p2b: Dragonite|Dragon Claw|p1b: Eelektross
|-damage|p1b: Eelektross|49/100
|-damage|p2b: Dragonite|90/100|[from] item: Life Orb
|move|p1b: Eelektross|Coil|p1b: Eelektross
|-boost|p1b: Eelektross|atk|0
|-boost|p1b: Eelektross|def|0
|-boost|p1b: Eelektross|accuracy|0
|
|-end|p1b: Eelektross|Encore
|upkeep
|turn|8
|
|t:|1785416275
|move|p2a: Whimsicott|Encore|p1b: Eelektross
|-start|p1b: Eelektross|Encore
|move|p2b: Dragonite|Dragon Claw|p1b: Eelektross
|-damage|p1b: Eelektross|35/100
|-damage|p2b: Dragonite|81/100|[from] item: Life Orb
|move|p1b: Eelektross|Coil|p1b: Eelektross
|-boost|p1b: Eelektross|atk|0
|-boost|p1b: Eelektross|def|0
|-boost|p1b: Eelektross|accuracy|0
|
|upkeep
|turn|9
|
|t:|1785416289
|move|p2a: Whimsicott|Moonblast|p1b: Eelektross
|-damage|p1b: Eelektross|0 fnt
|faint|p1b: Eelektross
|
|win|natsukivgc
