|j|☆Cristante terabug
|j|☆mario16172005
|html|Cristante terabugmario16172005    
|uhtml|bestof|Game 1 of a best-of-3
|t:|1756240169
|gametype|doubles
|player|p1|Cristante terabug|kieran-champion|1144
|player|p2|mario16172005|workerice|1151
|gen|9
|tier|[Gen 9] VGC 2025 Reg H (Bo3)
|rated|
|rule|Species Clause: Limit one of each Pokémon
|rule|Item Clause: Limit 1 of each item
|clearpoke
|poke|p1|Kommo-o, L50, M|
|poke|p1|Gholdengo, L50|
|poke|p1|Sneasler, L50, M|
|poke|p1|Rillaboom, L50, M|
|poke|p1|Dondozo, L50, F|
|poke|p1|Electabuzz, L50, F|
|poke|p2|Excadrill, L50, F|
|poke|p2|Tyranitar, L50, F|
|poke|p2|Dragonite, L50, M|
|poke|p2|Indeedee-F, L50, F|
|poke|p2|Gholdengo, L50|
|poke|p2|Sneasler, L50, F|
|teampreview|4
|showteam|p1|Kommo-o||ThroatSpray|Overcoat|ClangorousSoul,ClangingScales,Flamethrower,Protect|||M|||50|,,,,,Fire]Gholdengo||ChoiceSpecs|GoodasGold|MakeItRain,Thunderbolt,DazzlingGleam,ShadowBall||||||50|,,,,,Fairy]Sneasler||FocusSash|PoisonTouch|FakeOut,DireClaw,CloseCombat,Protect|||M|||50|,,,,,Stellar]Rillaboom||AssaultVest|GrassySurge|FakeOut,GrassyGlide,DrumBeating,HighHorsepower|||M|||50|,,,,,Fire]Dondozo||Leftovers|Unaware|WaveCrash,Fissure,Yawn,Protect|||F|||50|,,,,,Poison]Electabuzz||Eviolite|VitalSpirit|Electroweb,FollowMe,Taunt,Protect|||F|||50|,,,,,Ghost
|showteam|p2|Excadrill||FocusSash|SandRush|Earthquake,HighHorsepower,IronHead,Protect|||F|||50|,,,,,Stellar]Tyranitar||AssaultVest|SandStream|KnockOff,RockSlide,LowKick,TeraBlast|||F|||50|,,,,,Flying]Dragonite||LoadedDice|Multiscale|ScaleShot,Tailwind,Haze,Protect|||M|||50|,,,,,Fairy]Indeedee-F||PsychicSeed|PsychicSurge|Psychic,Imprison,TrickRoom,Protect|||F|||50|,,,,,Psychic]Gholdengo||LifeOrb|GoodasGold|MakeItRain,ShadowBall,NastyPlot,Protect||||||50|,,,,,Water]Sneasler||WhiteHerb|Unburden|DireClaw,CloseCombat,Coaching,FakeOut|||F|||50|,,,,,Flying
|inactive|Battle timer is ON: inactive players will automatically lose when time's up. (requested by Cristante terabug)
|inactive|mario16172005 has 60 seconds left.
|
|t:|1756240243
|teamsize|p1|4
|teamsize|p2|4
|start
|switch|p1a: Sneasler|Sneasler, L50, M|100/100
|switch|p1b: Kommo-o|Kommo-o, L50, M|100/100
|switch|p2a: Dragonite|Dragonite, L50, M|100/100
|switch|p2b: Sneasler|Sneasler, L50, F|100/100
|turn|1
|
|t:|1756240265
|move|p2b: Sneasler|Fake Out|p1a: Sneasler
|-damage|p1a: Sneasler|79/100
|cant|p1a: Sneasler|flinch
|move|p1b: Kommo-o|Clangorous Soul|p1b: Kommo-o
|-boost|p1b: Kommo-o|atk|1
|-boost|p1b: Kommo-o|def|1
|-boost|p1b: Kommo-o|spa|1
|-boost|p1b: Kommo-o|spd|1
|-boost|p1b: Kommo-o|spe|1
|-damage|p1b: Kommo-o|68/100
|-enditem|p1b: Kommo-o|Throat Spray
|-boost|p1b: Kommo-o|spa|1|[from] item: Throat Spray
|move|p2a: Dragonite|Tailwind|p2a: Dragonite
|-sidestart|p2: mario16172005|move: Tailwind
|
|upkeep
|turn|2
|inactive|mario16172005 has 30 seconds left.
|inactive|mario16172005 has 20 seconds left.
|
|t:|1756240300
|-terastallize|p1b: Kommo-o|Fire
|move|p2b: Sneasler|Close Combat|p1a: Sneasler
|-resisted|p1a: Sneasler
|-damage|p1a: Sneasler|20/100
|-unboost|p2b: Sneasler|def|1
|-unboost|p2b: Sneasler|spd|1
|-enditem|p2b: Sneasler|White Herb
|-clearnegativeboost|p2b: Sneasler|[silent]
|move|p2a: Dragonite|Haze|p2a: Dragonite
|-clearallboost
|move|p1a: Sneasler|Dire Claw|p2a: Dragonite
|-damage|p2a: Dragonite|78/100
|-status|p2a: Dragonite|psn|[from] ability: Poison Touch|[of] p1a: Sneasler
|move|p1b: Kommo-o|Clanging Scales|p2a: Dragonite|[spread] p2a,p2b
|-supereffective|p2a: Dragonite
|-damage|p2a: Dragonite|15/100 psn
|-damage|p2b: Sneasler|57/100
|-unboost|p1b: Kommo-o|def|1
|
|-damage|p2a: Dragonite|3/100 psn|[from] psn
|upkeep
|turn|3
|inactive|mario16172005 has 30 seconds left.
|
|t:|1756240333
|switch|p2a: Tyranitar|Tyranitar, L50, F, shiny|100/100
|-weather|Sandstorm|[from] ability: Sand Stream|[of] p2a: Tyranitar
|move|p1b: Kommo-o|Protect|p1b: Kommo-o
|-singleturn|p1b: Kommo-o|Protect
|move|p2b: Sneasler|Coaching|p2a: Tyranitar
|-boost|p2a: Tyranitar|atk|1
|-boost|p2a: Tyranitar|def|1
|move|p1a: Sneasler|Dire Claw|p2b: Sneasler
|-resisted|p2b: Sneasler
|-damage|p2b: Sneasler|24/100
|
|-weather|Sandstorm|[upkeep]
|-damage|p2b: Sneasler|19/100|[from] Sandstorm
|-damage|p1a: Sneasler|15/100|[from] Sandstorm
|upkeep
|turn|4
|inactive|mario16172005 has 30 seconds left.
|
|t:|1756240366
|switch|p2b: Excadrill|Excadrill, L50, F|100/100
|switch|p1b: Dondozo|Dondozo, L50, F|100/100
|move|p1a: Sneasler|Protect|p1a: Sneasler
|-singleturn|p1a: Sneasler|Protect
|move|p2a: Tyranitar|Rock Slide|p1a: Sneasler|[spread] p1b
|-activate|p1a: Sneasler|move: Protect
|-damage|p1b: Dondozo|79/100
|
|-weather|Sandstorm|[upkeep]
|-damage|p1a: Sneasler|9/100|[from] Sandstorm
|-damage|p1b: Dondozo|73/100|[from] Sandstorm
|-heal|p1b: Dondozo|79/100|[from] item: Leftovers
|-sideend|p2: mario16172005|move: Tailwind
|upkeep
|turn|5
|inactive|Cristante terabug has 30 seconds left.
|inactive|mario16172005 has 30 seconds left.
|inactive|mario16172005 has 20 seconds left.
|inactive|mario16172005 has 15 seconds left.
|inactive|mario16172005 has 10 seconds left.
|
|t:|1756240413
|-terastallize|p2a: Tyranitar|Flying
|move|p2b: Excadrill|Protect|p2b: Excadrill
|-singleturn|p2b: Excadrill|Protect
|move|p1a: Sneasler|Close Combat|p2b: Excadrill
|-activate|p2b: Excadrill|move: Protect
|move|p2a: Tyranitar|Knock Off|p1b: Dondozo
|-damage|p1b: Dondozo|46/100
|-enditem|p1b: Dondozo|Leftovers|[from] move: Knock Off|[of] p2a: Tyranitar
|move|p1b: Dondozo|Wave Crash|p2b: Excadrill
|-activate|p2b: Excadrill|move: Protect
|
|-weather|Sandstorm|[upkeep]
|-damage|p1a: Sneasler|3/100|[from] Sandstorm
|-damage|p2a: Tyranitar|95/100|[from] Sandstorm
|-damage|p1b: Dondozo|40/100|[from] Sandstorm
|upkeep
|turn|6
|
|t:|1756240437
|switch|p2b: Dragonite|Dragonite, L50, M|3/100 psn
|move|p1a: Sneasler|Close Combat|p2b: Dragonite
|-resisted|p2b: Dragonite
|-damage|p2b: Dragonite|0 fnt
|-unboost|p1a: Sneasler|def|1
|-unboost|p1a: Sneasler|spd|1
|faint|p2b: Dragonite
|move|p2a: Tyranitar|Rock Slide|p1b: Dondozo|[spread] p1a
|-miss|p2a: Tyranitar|p1b: Dondozo
|-resisted|p1a: Sneasler
|-damage|p1a: Sneasler|0 fnt
|faint|p1a: Sneasler
|move|p1b: Dondozo|Wave Crash|p2a: Tyranitar
|-damage|p2a: Tyranitar|50/100
|-damage|p1b: Dondozo|28/100|[from] Recoil
|
|-weather|Sandstorm|[upkeep]
|-damage|p2a: Tyranitar|45/100|[from] Sandstorm
|-damage|p1b: Dondozo|22/100|[from] Sandstorm
|upkeep
|
|t:|1756240458
|switch|p1a: Rillaboom|Rillaboom, L50, M|100/100
|switch|p2b: Sneasler|Sneasler, L50, F|19/100
|-fieldstart|move: Grassy Terrain|[from] ability: Grassy Surge|[of] p1a: Rillaboom
|turn|7
|
|t:|1756240471
|move|p2b: Sneasler|Fake Out|p1a: Rillaboom
|-damage|p1a: Rillaboom|86/100
|cant|p1a: Rillaboom|flinch
|move|p2a: Tyranitar|Tera Blast|p1a: Rillaboom|[anim] Tera Blast Flying
|-supereffective|p1a: Rillaboom
|-damage|p1a: Rillaboom|0 fnt
|faint|p1a: Rillaboom
|move|p1b: Dondozo|Wave Crash|p2a: Tyranitar
|-damage|p2a: Tyranitar|0 fnt
|faint|p2a: Tyranitar
|-damage|p1b: Dondozo|10/100|[from] Recoil
|
|-weather|none
|-heal|p2b: Sneasler|24/100|[from] Grassy Terrain
|-heal|p1b: Dondozo|17/100|[from] Grassy Terrain
|upkeep
|
|t:|1756240486
|switch|p1a: Kommo-o|Kommo-o, L50, M, tera:Fire|68/100
|switch|p2a: Excadrill|Excadrill, L50, F|100/100
|turn|8
|inactive|mario16172005 has 30 seconds left.
|inactive|mario16172005 has 20 seconds left.
|inactive|mario16172005 has 15 seconds left.
|
|t:|1756240527
|move|p1a: Kommo-o|Protect|p1a: Kommo-o
|-singleturn|p1a: Kommo-o|Protect
|move|p2b: Sneasler|Close Combat|p1b: Dondozo
|-damage|p1b: Dondozo|0 fnt
|-unboost|p2b: Sneasler|def|1
|-unboost|p2b: Sneasler|spd|1
|faint|p1b: Dondozo
|move|p2a: Excadrill|High Horsepower|p1a: Kommo-o
|-activate|p1a: Kommo-o|move: Protect
|
|-heal|p2b: Sneasler|30/100|[from] Grassy Terrain
|-heal|p1a: Kommo-o|74/100|[from] Grassy Terrain
|upkeep
|turn|9
|
|t:|1756240541
|move|p2b: Sneasler|Close Combat|p1a: Kommo-o
|-damage|p1a: Kommo-o|20/100
|-unboost|p2b: Sneasler|def|1
|-unboost|p2b: Sneasler|spd|1
|move|p2a: Excadrill|Earthquake|p1a: Kommo-o|[spread] p2b,p1a
|-supereffective|p2b: Sneasler
|-supereffective|p1a: Kommo-o
|-damage|p2b: Sneasler|0 fnt
|-damage|p1a: Kommo-o|0 fnt
|faint|p2b: Sneasler
|faint|p1a: Kommo-o
|
|win|mario16172005
