|j|☆Spearstorms
|j|☆Autin Mago
|html|SpearstormsAutin Mago    
|uhtml|bestof|Game 1 of a best-of-3
|t:|1783907578
|gametype|doubles
|player|p1|Spearstorms|marley|
|player|p2|Autin Mago|arezu|
|gen|9
|tier|[Gen 9 Champions] VGC 2026 Reg M-B (Bo3)
|rule|Species Clause: Limit one of each Pokémon
|rule|Item Clause: Limit 1 of each item
|clearpoke
|poke|p1|Sneasler, L50, M|
|poke|p1|Sinistcha, L50|
|poke|p1|Gardevoir, L50, F, shiny|
|poke|p1|Rotom-Heat, L50|
|poke|p1|Blastoise, L50, M|
|poke|p1|Toucannon, L50, M, shiny|
|poke|p2|Noivern, L50, M|
|poke|p2|Sylveon, L50, M|
|poke|p2|Scovillain, L50, F|
|poke|p2|Rotom-Frost, L50|
|poke|p2|Ninetales-Alola, L50, M|
|poke|p2|Tauros-Paldea-Aqua, L50, M|
|teampreview|4
|showteam|p1|Sneasler||WhiteHerb|Unburden|FakeOut,DireClaw,CloseCombat,Protect|Adamant||M|||50|]Sinistcha||OccaBerry|Hospitality|RagePowder,MatchaGotcha,ShadowBall,TrickRoom|Relaxed|||||50|]Gardevoir||Gardevoirite|Synchronize|HyperVoice,Psychic,Protect,Moonblast|Modest||F|||50|]Rotom-Heat||ChoiceScarf|Levitate|Thunderbolt,Overheat,Trick,VoltSwitch|Modest|||||50|]Blastoise||Blastoisinite|Torrent|FakeOut,WaterSpout,DarkPulse,WaterPulse|Quiet||M|||50|]Toucannon||LumBerry|SkillLink|RockBlast,BeakBlast,BulletSeed,Protect|Brave||M|||50|
|showteam|p2|Noivern||FocusSash|Infiltrator|Protect,Tailwind,DragonPulse,AirSlash|Modest||M|||50|]Sylveon||FairyFeather|Pixilate|Protect,QuickAttack,HyperVoice,HyperBeam|Quiet||M|||50|]Scovillain||Scovillainite|Moody|Protect,RagePowder,Flamethrower,GigaDrain|Bold||F|||50|]Rotom-Frost||ChoiceScarf|Levitate|Electroweb,VoltSwitch,Blizzard,Thunderbolt|Modest|||||50|]Ninetales-Alola||NeverMeltIce|SnowWarning|Protect,FreezeDry,Moonblast,Blizzard|Timid||M|||50|]Tauros-Paldea-Aqua||MysticWater|Intimidate|Protect,WaveCrash,CloseCombat,Bulldoze|Jolly||M|||50|
|j| legoinmyeggo
|j| priest_of_talos
|
|t:|1783907727
|teamsize|p1|4
|teamsize|p2|4
|start
|switch|p1a: Blastoise|Blastoise, L50, M|100/100
|switch|p1b: Sinistcha|Sinistcha, L50|100/100
|switch|p2a: Scovillain|Scovillain, L50, F|100/100
|switch|p2b: Noivern|Noivern, L50, M|100/100
|turn|1
|
|t:|1783907775
|detailschange|p2a: Scovillain|Scovillain-Mega, L50, F
|-mega|p2a: Scovillain|Scovillain|Scovillainite
|detailschange|p1a: Blastoise|Blastoise-Mega, L50, M
|-mega|p1a: Blastoise|Blastoise|Blastoisinite
|move|p2b: Noivern|Protect|p2b: Noivern
|-singleturn|p2b: Noivern|Protect
|move|p1a: Blastoise|Fake Out|p2a: Scovillain
|-damage|p2a: Scovillain|90/100
|-status|p1a: Blastoise|brn|[from] ability: Spicy Spray|[of] p2a: Scovillain
|cant|p2a: Scovillain|flinch
|move|p1b: Sinistcha|Trick Room|p1b: Sinistcha
|-fieldstart|move: Trick Room|[of] p1b: Sinistcha
|
|-damage|p1a: Blastoise|94/100 brn|[from] brn
|upkeep
|turn|2
|
|t:|1783907795
|move|p2a: Scovillain|Protect|p2a: Scovillain
|-singleturn|p2a: Scovillain|Protect
|move|p1b: Sinistcha|Shadow Ball|p2b: Noivern
|-damage|p2b: Noivern|55/100
|move|p1a: Blastoise|Water Spout|p2b: Noivern|[spread] p2b
|-activate|p2a: Scovillain|move: Protect
|-resisted|p2b: Noivern|1
|-crit|p2b: Noivern
|-damage|p2b: Noivern|0 fnt
|faint|p2b: Noivern
|
|-damage|p1a: Blastoise|88/100 brn|[from] brn
|upkeep
|
|t:|1783907807
|switch|p2b: Sylveon|Sylveon, L50, M|100/100
|turn|3
|
|t:|1783907820
|move|p1b: Sinistcha|Rage Powder|p1b: Sinistcha
|-singleturn|p1b: Sinistcha|move: Rage Powder
|move|p2b: Sylveon|Hyper Voice|p1a: Blastoise|[spread] p1a,p1b
|-damage|p1a: Blastoise|48/100 brn
|-damage|p1b: Sinistcha|43/100
|move|p1a: Blastoise|Water Spout|p2a: Scovillain|[spread] p2a,p2b
|-damage|p2a: Scovillain|59/100
|-damage|p2b: Sylveon|79/100
|move|p2a: Scovillain|Giga Drain|p1a: Blastoise
|-supereffective|p1a: Blastoise|1
|-damage|p1a: Blastoise|0 fnt
|-heal|p2a: Scovillain|86/100|[from] drain|[of] p1a: Blastoise
|faint|p1a: Blastoise
|
|upkeep
|
|t:|1783907826
|switch|p1a: Toucannon|Toucannon, L50, M, shiny|100/100
|turn|4
|
|t:|1783907844
|move|p2a: Scovillain|Protect|p2a: Scovillain
|-singleturn|p2a: Scovillain|Protect
|move|p2b: Sylveon|Hyper Voice|p1a: Toucannon|[spread] p1a,p1b
|-damage|p1a: Toucannon|43/100
|-damage|p1b: Sinistcha|0 fnt
|faint|p1b: Sinistcha
|move|p1a: Toucannon|Rock Blast|p2a: Scovillain
|-activate|p2a: Scovillain|move: Protect
|
|upkeep
|
|t:|1783907846
|switch|p1b: Rotom|Rotom-Heat, L50|100/100
|turn|5
|
|t:|1783907879
|move|p2a: Scovillain|Rage Powder|p2a: Scovillain
|-singleturn|p2a: Scovillain|move: Rage Powder
|move|p1a: Toucannon|Rock Blast|p2a: Scovillain
|-supereffective|p2a: Scovillain|1
|-damage|p2a: Scovillain|67/100
|-status|p1a: Toucannon|brn|[from] ability: Spicy Spray|[of] p2a: Scovillain
|-enditem|p1a: Toucannon|Lum Berry|[eat]
|-curestatus|p1a: Toucannon|brn|[msg]
|-supereffective|p2a: Scovillain|1
|-damage|p2a: Scovillain|50/100y
|-status|p1a: Toucannon|brn|[from] ability: Spicy Spray|[of] p2a: Scovillain
|-supereffective|p2a: Scovillain|1
|-damage|p2a: Scovillain|41/100
|-supereffective|p2a: Scovillain|1
|-crit|p2a: Scovillain
|-damage|p2a: Scovillain|28/100
|-supereffective|p2a: Scovillain|1
|-damage|p2a: Scovillain|19/100
|-hitcount|p2a: Scovillain|5
|move|p2b: Sylveon|Hyper Voice|p1a: Toucannon|[spread] p1a,p1b
|-resisted|p1b: Rotom|1
|-damage|p1a: Toucannon|0 fnt
|-damage|p1b: Rotom|64/100
|faint|p1a: Toucannon
|move|p1b: Rotom|Thunderbolt|p2a: Scovillain
|-resisted|p2a: Scovillain|1
|-damage|p2a: Scovillain|0 fnt
|-immune|p1b: Rotom
|faint|p2a: Scovillain
|
|-fieldend|move: Trick Room
|upkeep
|
|t:|1783907898
|switch|p2a: Ninetales|Ninetales-Alola, L50, M|100/100
|-weather|Snowscape|[from] ability: Snow Warning|[of] p2a: Ninetales
|turn|6
|
|t:|1783907904
|move|p1b: Rotom|Thunderbolt|p2b: Sylveon
|-damage|p2b: Sylveon|46/100
|move|p2a: Ninetales|Moonblast|p1b: Rotom
|-resisted|p1b: Rotom|1
|-damage|p1b: Rotom|41/100
|move|p2b: Sylveon|Hyper Voice|p1b: Rotom
|-resisted|p1b: Rotom|1
|-damage|p1b: Rotom|0 fnt
|faint|p1b: Rotom
|
|win|Autin Mago
||Spearstorms is ready for game 2.
|inactive|Autin Mago has 30 seconds to confirm battle start!
||Autin Mago is ready for game 2.
|uhtml|next|Next: Game 2 of 3
|l|☆Spearstorms
|player|p1|
