|j|☆KodeBeast0526
|j|☆CxVariable
|html|KodeBeast0526CxVariable    
|uhtml|bestof|Game 1 of a best-of-3
|t:|1783998758
|gametype|doubles
|player|p1|KodeBeast0526|hiker|1213
|player|p2|CxVariable|1|1152
|gen|9
|tier|[Gen 9 Champions] VGC 2026 Reg M-B (Bo3)
|rated|
|rule|Species Clause: Limit one of each Pokémon
|rule|Item Clause: Limit 1 of each item
|clearpoke
|poke|p1|Kingambit, L50, M, shiny|
|poke|p1|Garchomp, L50, M, shiny|
|poke|p1|Charizard, L50, M, shiny|
|poke|p1|Incineroar, L50, M, shiny|
|poke|p1|Whimsicott, L50, F, shiny|
|poke|p1|Basculegion, L50, M|
|poke|p2|Charizard, L50, F|
|poke|p2|Venusaur, L50, M|
|poke|p2|Mamoswine, L50, F|
|poke|p2|Garchomp, L50, M|
|poke|p2|Incineroar, L50, M|
|poke|p2|Toxapex, L50, M|
|teampreview|4
|showteam|p1|Kingambit||ChopleBerry|Defiant|KowtowCleave,SuckerPunch,IronHead,Protect|Adamant||M|||50|]Garchomp||LifeOrb|RoughSkin|DragonClaw,Earthquake,Protect,RockSlide|Jolly||M|||50|]Charizard||CharizarditeY|Blaze|Protect,HeatWave,SolarBeam,WeatherBall|Modest||M|||50|]Incineroar||SitrusBerry|Intimidate|HelpingHand,FlareBlitz,FakeOut,PartingShot|Careful||M|||50|]Whimsicott||FocusSash|Prankster|Moonblast,Tailwind,Protect,Encore|Timid||F|||50|]Basculegion||ChoiceScarf|Adaptability|WaveCrash,LastRespects,AquaJet,FlipTurn|Jolly||M|||50|
|showteam|p2|Charizard||CharizarditeY|Blaze|HeatWave,WeatherBall,HelpingHand,Protect|Modest||F|||50|]Venusaur||LifeOrb|Chlorophyll|LeafStorm,SludgeBomb,EarthPower,Protect|Modest||M|||50|]Mamoswine||FocusSash|Oblivious|HighHorsepower,RockTomb,IceShard,Protect|Jolly||F|||50|]Garchomp||ChoiceScarf|RoughSkin|DragonClaw,Earthquake,RockSlide,StompingTantrum|Adamant||M|||50|]Incineroar||SitrusBerry|Intimidate|FlareBlitz,ThroatChop,PartingShot,FakeOut|Impish||M|||50|]Toxapex||Leftovers|Regenerator|Toxic,Infestation,WideGuard,BanefulBunker|Bold||M|||50|
|inactive|Battle timer is ON: inactive players will automatically lose when time's up. (requested by CxVariable)
|
|t:|1783998847
|teamsize|p1|4
|teamsize|p2|4
|start
|switch|p1a: Basculegion|Basculegion, L50, M|100/100
|switch|p1b: Incineroar|Incineroar, L50, M, shiny|100/100
|switch|p2a: Incineroar|Incineroar, L50, M|100/100
|switch|p2b: Toxapex|Toxapex, L50, M|100/100
|-ability|p2a: Incineroar|Intimidate|boost
|-unboost|p1a: Basculegion|atk|1
|-unboost|p1b: Incineroar|atk|1
|-ability|p1b: Incineroar|Intimidate|boost
|-unboost|p2a: Incineroar|atk|1
|-unboost|p2b: Toxapex|atk|1
|turn|1
|inactive|CxVariable has 30 seconds left.
|
|t:|1783998881
|move|p1b: Incineroar|Helping Hand|p1a: Basculegion
|-singleturn|p1a: Basculegion|Helping Hand|[of] p1b: Incineroar
|move|p1a: Basculegion|Wave Crash|p2a: Incineroar
|-supereffective|p2a: Incineroar|1
|-damage|p2a: Incineroar|0 fnt
|faint|p2a: Incineroar
|-damage|p1a: Basculegion|65/100|[from] Recoil
|move|p2b: Toxapex|Infestation|p1a: Basculegion
|-resisted|p1a: Basculegion|1
|-damage|p1a: Basculegion|64/100
|-activate|p1a: Basculegion|move: Infestation|[of] p2b: Toxapex
|
|-damage|p1a: Basculegion|52/100|[from] move: Infestation|[partiallytrapped]
|upkeep
|
|t:|1783998895
|switch|p2a: Garchomp|Garchomp, L50, M|100/100
|turn|2
|
|t:|1783998910
|move|p1b: Incineroar|Helping Hand|p1a: Basculegion
|-singleturn|p1a: Basculegion|Helping Hand|[of] p1b: Incineroar
|move|p2b: Toxapex|Baneful Bunker|p2b: Toxapex
|-singleturn|p2b: Toxapex|move: Protect
|move|p2a: Garchomp|Dragon Claw|p1a: Basculegion
|-damage|p1a: Basculegion|0 fnt
|faint|p1a: Basculegion
|
|upkeep
|
|t:|1783998919
|switch|p1a: Whimsicott|Whimsicott, L50, F, shiny|100/100
|turn|3
|
|t:|1783998943
|switch|p2b: Mamoswine|Mamoswine, L50, F|100/100
|move|p1a: Whimsicott|Encore||[still]
|-fail|p1a: Whimsicott
|move|p2a: Garchomp|Dragon Claw|p1b: Incineroar
|-damage|p1b: Incineroar|63/100
|move|p1b: Incineroar|Parting Shot|p2a: Garchomp
|-unboost|p2a: Garchomp|atk|1
|-unboost|p2a: Garchomp|spa|1
|
|t:|1783998965
|switch|p1b: Charizard|Charizard, L50, M, shiny|100/100|[from] Parting Shot
|
|upkeep
|turn|4
|
|t:|1783998981
|switch|p2a: Toxapex|Toxapex, L50, M|100/100
|move|p2b: Mamoswine|Protect|p2b: Mamoswine
|-singleturn|p2b: Mamoswine|Protect
|move|p1b: Charizard|Protect|p1b: Charizard
|-singleturn|p1b: Charizard|Protect
|move|p1a: Whimsicott|Moonblast|p2b: Mamoswine
|-activate|p2b: Mamoswine|move: Protect
|
|upkeep
|turn|5
|
|t:|1783999004
|detailschange|p1b: Charizard|Charizard-Mega-Y, L50, M, shiny
|-mega|p1b: Charizard|Charizard|Charizardite Y
|-weather|SunnyDay|[from] ability: Drought|[of] p1b: Charizard
|move|p1a: Whimsicott|Encore|p2b: Mamoswine
|-start|p2b: Mamoswine|Encore
|move|p2b: Mamoswine|Protect|p2b: Mamoswine
|-singleturn|p2b: Mamoswine|Protect
|move|p1b: Charizard|Solar Beam||[still]
|-prepare|p1b: Charizard|Solar Beam
|-anim|p1b: Charizard|Solar Beam|p2a: Toxapex
|-damage|p2a: Toxapex|61/100
|move|p2a: Toxapex|Infestation|p1a: Whimsicott
|-crit|p1a: Whimsicott
|-damage|p1a: Whimsicott|91/100
|-activate|p1a: Whimsicott|move: Infestation|[of] p2a: Toxapex
|
|-weather|SunnyDay|[upkeep]
|-heal|p2a: Toxapex|67/100|[from] item: Leftovers
|-damage|p1a: Whimsicott|79/100|[from] move: Infestation|[partiallytrapped]
|upkeep
|turn|6
|inactive|CxVariable has 30 seconds left.
|
|t:|1783999034
|switch|p2b: Garchomp|Garchomp, L50, M|100/100
|move|p1a: Whimsicott|Moonblast|p2b: Garchomp
|-supereffective|p2b: Garchomp|1
|-damage|p2b: Garchomp|18/100
|move|p1b: Charizard|Heat Wave|p2a: Toxapex|[spread] p2a,p2b
|-resisted|p2a: Toxapex|1
|-resisted|p2b: Garchomp|1
|-damage|p2a: Toxapex|43/100
|-damage|p2b: Garchomp|0 fnt
|faint|p2b: Garchomp
|move|p2a: Toxapex|Infestation|p1b: Charizard
|-resisted|p1b: Charizard|2
|-damage|p1b: Charizard|99/100
|-activate|p1b: Charizard|move: Infestation|[of] p2a: Toxapex
|
|-weather|SunnyDay|[upkeep]
|-heal|p2a: Toxapex|49/100|[from] item: Leftovers
|-damage|p1a: Whimsicott|67/100|[from] move: Infestation|[partiallytrapped]
|-damage|p1b: Charizard|87/100|[from] move: Infestation|[partiallytrapped]
|upkeep
|
|t:|1783999037
|switch|p2b: Mamoswine|Mamoswine, L50, F|100/100
|turn|7
|inactive|KodeBeast0526 has 30 seconds left.
|inactive|CxVariable has 30 seconds left.
|inactive|KodeBeast0526 has 20 seconds left.
|inactive|CxVariable has 20 seconds left.
|
|t:|1783999076
|move|p1a: Whimsicott|Tailwind|p1a: Whimsicott
|-sidestart|p1: KodeBeast0526|move: Tailwind
|move|p1b: Charizard|Heat Wave|p2b: Mamoswine|[spread] p2b
|-miss|p1b: Charizard|p2a: Toxapex
|-supereffective|p2b: Mamoswine|1
|-enditem|p2b: Mamoswine|Focus Sash
|-damage|p2b: Mamoswine|1/100
|move|p2b: Mamoswine|Rock Tomb|p1b: Charizard
|-supereffective|p1b: Charizard|2
|-damage|p1b: Charizard|0 fnt
|faint|p1b: Charizard
|move|p2a: Toxapex|Toxic|p1a: Whimsicott
|-status|p1a: Whimsicott|tox
|
|-weather|SunnyDay|[upkeep]
|-heal|p2a: Toxapex|54/100|[from] item: Leftovers
|-damage|p1a: Whimsicott|61/100 tox|[from] psn
|-damage|p1a: Whimsicott|48/100 tox|[from] move: Infestation|[partiallytrapped]
|upkeep
|
|t:|1783999088
|switch|p1b: Incineroar|Incineroar, L50, M, shiny|63/100
|-ability|p1b: Incineroar|Intimidate|boost
|-unboost|p2a: Toxapex|atk|1
|-fail|p2b: Mamoswine|unboost|Attack|[from] ability: Oblivious|[of] p2b: Mamoswine
|turn|8
|
|t:|1783999107
|move|p2b: Mamoswine|Protect|p2b: Mamoswine
|-singleturn|p2b: Mamoswine|Protect
|move|p1b: Incineroar|Fake Out|p2b: Mamoswine
|-activate|p2b: Mamoswine|move: Protect
|move|p1a: Whimsicott|Encore|p2a: Toxapex
|-start|p2a: Toxapex|Encore
|move|p2a: Toxapex|Toxic|p1b: Incineroar
|-status|p1b: Incineroar|tox
|
|-weather|SunnyDay|[upkeep]
|-heal|p2a: Toxapex|60/100|[from] item: Leftovers
|-damage|p1a: Whimsicott|37/100 tox|[from] psn
|-damage|p1b: Incineroar|57/100 tox|[from] psn
|-damage|p1a: Whimsicott|24/100 tox|[from] move: Infestation|[partiallytrapped]
|upkeep
|turn|9
|
|t:|1783999130
|move|p1a: Whimsicott|Encore|p2b: Mamoswine
|-start|p2b: Mamoswine|Encore
|move|p2b: Mamoswine|Protect||[still]
|-fail|p2b: Mamoswine
|move|p1b: Incineroar|Flare Blitz|p2a: Toxapex
|-resisted|p2a: Toxapex|1
|-damage|p2a: Toxapex|38/100
|-damage|p1b: Incineroar|51/100 tox|[from] Recoil
|move|p2a: Toxapex|Toxic|p1b: Incineroar
|-fail|p1b: Incineroar|tox
|
|-weather|none
|-heal|p2a: Toxapex|43/100|[from] item: Leftovers
|-damage|p1a: Whimsicott|7/100 tox|[from] psn
|-damage|p1b: Incineroar|39/100 tox|[from] psn
|-damage|p1a: Whimsicott|0 fnt|[from] move: Infestation|[partiallytrapped]
|faint|p1a: Whimsicott
|upkeep
|-enditem|p1b: Incineroar|Sitrus Berry|[eat]
|-heal|p1b: Incineroar|64/100 tox|[from] item: Sitrus Berry
|turn|10
|-message|KodeBeast0526 forfeited.
|
|win|CxVariable
|l|☆KodeBeast0526
|player|p1|
|j|☆KodeBeast0526
|player|p1|KodeBeast0526|hiker|
