|j|☆tedidn
|j|☆HutchencemanR
|html|tedidnHutchencemanR    
|uhtml|bestof|Game 3 of a best-of-3
|t:|1754172604
|gametype|doubles
|player|p1|tedidn|marshal|1193
|player|p2|HutchencemanR|acetrainersnow|1179
|gen|9
|tier|[Gen 9] VGC 2025 Reg H (Bo3)
|rated|
|rule|Species Clause: Limit one of each Pokémon
|rule|Item Clause: Limit 1 of each item
|clearpoke
|poke|p1|Dragonite, L50, M|
|poke|p1|Rillaboom, L50, M|
|poke|p1|Sneasler, L50, F|
|poke|p1|Volcarona, L50, M|
|poke|p1|Electabuzz, L50, M|
|poke|p1|Kingambit, L50, M|
|poke|p2|Rillaboom, L50, M|
|poke|p2|Sneasler, L50, M|
|poke|p2|Kommo-o, L50, M|
|poke|p2|Gholdengo, L50|
|poke|p2|Electabuzz, L50, M|
|poke|p2|Garganacl, L50, M|
|teampreview|4
|showteam|p1|Dragonite||LoadedDice|Multiscale|ScaleShot,ExtremeSpeed,Haze,Protect|||M|||50|,,,,,Fairy]Rillaboom||AssaultVest|GrassySurge|WoodHammer,GrassyGlide,FakeOut,Uturn|||M|||50|,,,,,Fire]Sneasler||FocusSash|Unburden|CloseCombat,Coaching,DireClaw,FakeOut|||F|||50|,,,,,Stellar]Volcarona||GrassySeed|FlameBody|HeatWave,QuiverDance,GigaDrain,Protect|||M|||50|,,,,,Grass]Electabuzz||Eviolite|VitalSpirit|Thunderbolt,Taunt,FollowMe,Protect|||M|||50|,,,,,Ghost]Kingambit||SafetyGoggles|Defiant|KowtowCleave,SuckerPunch,SwordsDance,Protect|||M|||50|,,,,,Dark
|showteam|p2|Rillaboom||AssaultVest|GrassySurge|FakeOut,GrassyGlide,WoodHammer,HighHorsepower|||M|||50|,,,,,Fire]Sneasler||FocusSash|Unburden|FakeOut,Protect,DireClaw,CloseCombat|||M|||50|,,,,,Stellar]Kommo-o||ThroatSpray|Soundproof|ClangingScales,ClangorousSoul,Flamethrower,Protect|||M|||50|,,,,,Fire]Gholdengo||ChoiceScarf|GoodasGold|Trick,MakeItRain,ShadowBall,PowerGem||||||50|,,,,,Stellar]Electabuzz||Eviolite|VitalSpirit|Protect,HelpingHand,FollowMe,Electroweb|||M|||50|,,,,,Grass]Garganacl||MarangaBerry|PurifyingSalt|SaltCure,Recover,IronDefense,WideGuard|||M|||50|,,,,,Flying
|inactive|Battle timer is ON: inactive players will automatically lose when time's up. (requested by HutchencemanR)
|
|t:|1754172641
|teamsize|p1|4
|teamsize|p2|4
|start
|switch|p1a: Sinatra|Volcarona, L50, M|100/100
|switch|p1b: Michael|Electabuzz, L50, M|100/100
|switch|p2a: Rillaboom|Rillaboom, L50, M|100/100
|switch|p2b: Kommo-o|Kommo-o, L50, M|100/100
|-fieldstart|move: Grassy Terrain|[from] ability: Grassy Surge|[of] p2a: Rillaboom
|-enditem|p1a: Sinatra|Grassy Seed
|-boost|p1a: Sinatra|def|1|[from] item: Grassy Seed
|turn|1
|
|t:|1754172661
|switch|p1b: Douglass|Dragonite, L50, M|100/100
|-terastallize|p2a: Rillaboom|Fire
|move|p2a: Rillaboom|Fake Out|p1a: Sinatra
|-damage|p1a: Sinatra|89/100
|move|p2b: Kommo-o|Clangorous Soul|p2b: Kommo-o
|-boost|p2b: Kommo-o|atk|1
|-boost|p2b: Kommo-o|def|1
|-boost|p2b: Kommo-o|spa|1
|-boost|p2b: Kommo-o|spd|1
|-boost|p2b: Kommo-o|spe|1
|-damage|p2b: Kommo-o|68/100
|-enditem|p2b: Kommo-o|Throat Spray
|-boost|p2b: Kommo-o|spa|1|[from] item: Throat Spray
|cant|p1a: Sinatra|flinch
|
|-heal|p2b: Kommo-o|74/100|[from] Grassy Terrain
|-heal|p1a: Sinatra|95/100|[from] Grassy Terrain
|upkeep
|turn|2
|inactive|HutchencemanR has 30 seconds left.
|inactive|tedidn has 30 seconds left.
|
|t:|1754172692
|switch|p2a: Sneasler|Sneasler, L50, M, shiny|100/100
|-terastallize|p1b: Douglass|Fairy
|move|p2b: Kommo-o|Protect|p2b: Kommo-o
|-singleturn|p2b: Kommo-o|Protect
|move|p1a: Sinatra|Protect|p1a: Sinatra
|-singleturn|p1a: Sinatra|Protect
|move|p1b: Douglass|Haze|p1b: Douglass
|-clearallboost
|
|-heal|p2b: Kommo-o|79/100|[from] Grassy Terrain
|-heal|p1a: Sinatra|100/100|[from] Grassy Terrain
|upkeep
|turn|3
|inactive|HutchencemanR has 30 seconds left.
|
|t:|1754172722
|move|p2a: Sneasler|Fake Out|p1b: Douglass
|-damage|p1b: Douglass|93/100
|move|p2b: Kommo-o|Clangorous Soul|p2b: Kommo-o
|-boost|p2b: Kommo-o|atk|1
|-boost|p2b: Kommo-o|def|1
|-boost|p2b: Kommo-o|spa|1
|-boost|p2b: Kommo-o|spd|1
|-boost|p2b: Kommo-o|spe|1
|-damage|p2b: Kommo-o|47/100
|move|p1a: Sinatra|Quiver Dance|p1a: Sinatra
|-boost|p1a: Sinatra|spa|1
|-boost|p1a: Sinatra|spd|1
|-boost|p1a: Sinatra|spe|1
|cant|p1b: Douglass|flinch
|
|-heal|p2b: Kommo-o|52/100|[from] Grassy Terrain
|-heal|p1b: Douglass|99/100|[from] Grassy Terrain
|upkeep
|turn|4
|
|t:|1754172743
|move|p1b: Douglass|Protect|p1b: Douglass
|-singleturn|p1b: Douglass|Protect
|move|p2b: Kommo-o|Flamethrower|p1b: Douglass
|-activate|p1b: Douglass|move: Protect
|move|p1a: Sinatra|Heat Wave|p2b: Kommo-o|[spread] p2b
|-miss|p1a: Sinatra|p2a: Sneasler
|-resisted|p2b: Kommo-o
|-damage|p2b: Kommo-o|34/100
|move|p2a: Sneasler|Dire Claw|p1b: Douglass
|-activate|p1b: Douglass|move: Protect
|
|-heal|p2b: Kommo-o|39/100|[from] Grassy Terrain
|-heal|p1b: Douglass|100/100|[from] Grassy Terrain
|upkeep
|turn|5
|inactive|HutchencemanR has 30 seconds left.
|
|t:|1754172769
|move|p1b: Douglass|Extreme Speed|p2a: Sneasler
|-damage|p2a: Sneasler|46/100
|move|p2b: Kommo-o|Flamethrower|p1b: Douglass
|-damage|p1b: Douglass|83/100
|move|p1a: Sinatra|Heat Wave|p2b: Kommo-o|[spread] p2a,p2b
|-resisted|p2b: Kommo-o
|-damage|p2a: Sneasler|0 fnt
|-damage|p2b: Kommo-o|20/100
|faint|p2a: Sneasler
|
|-heal|p2b: Kommo-o|26/100|[from] Grassy Terrain
|-heal|p1b: Douglass|89/100|[from] Grassy Terrain
|-fieldend|move: Grassy Terrain
|upkeep
|
|t:|1754172785
|switch|p2a: Rillaboom|Rillaboom, L50, M, tera:Fire|100/100
|-fieldstart|move: Grassy Terrain|[from] ability: Grassy Surge|[of] p2a: Rillaboom
|turn|6
|
|t:|1754172793
|move|p2a: Rillaboom|Fake Out|p1b: Douglass
|-damage|p1b: Douglass|71/100
|move|p2b: Kommo-o|Flamethrower|p1a: Sinatra
|-damage|p1a: Sinatra|79/100
|move|p1a: Sinatra|Heat Wave|p2a: Rillaboom|[spread] p2a,p2b
|-resisted|p2a: Rillaboom
|-resisted|p2b: Kommo-o
|-damage|p2a: Rillaboom|81/100
|-damage|p2b: Kommo-o|10/100
|cant|p1b: Douglass|flinch
|
|-heal|p2b: Kommo-o|15/100|[from] Grassy Terrain
|-heal|p1a: Sinatra|86/100|[from] Grassy Terrain
|-heal|p1b: Douglass|77/100|[from] Grassy Terrain
|-heal|p2a: Rillaboom|87/100|[from] Grassy Terrain
|upkeep
|turn|7
|
|t:|1754172814
|move|p2b: Kommo-o|Protect|p2b: Kommo-o
|-singleturn|p2b: Kommo-o|Protect
|move|p1b: Douglass|Extreme Speed|p2b: Kommo-o
|-activate|p2b: Kommo-o|move: Protect
|move|p1a: Sinatra|Quiver Dance|p1a: Sinatra
|-boost|p1a: Sinatra|spa|1
|-boost|p1a: Sinatra|spd|1
|-boost|p1a: Sinatra|spe|1
|move|p2a: Rillaboom|High Horsepower|p1a: Sinatra
|-damage|p1a: Sinatra|44/100
|
|-heal|p1a: Sinatra|50/100|[from] Grassy Terrain
|-heal|p2b: Kommo-o|21/100|[from] Grassy Terrain
|-heal|p1b: Douglass|83/100|[from] Grassy Terrain
|-heal|p2a: Rillaboom|93/100|[from] Grassy Terrain
|upkeep
|turn|8
|inactive|HutchencemanR has 30 seconds left.
|
|t:|1754172839
|switch|p2b: Garganacl|Garganacl, L50, M, shiny|100/100
|move|p1a: Sinatra|Heat Wave|p2a: Rillaboom|[spread] p2a,p2b
|-resisted|p2a: Rillaboom
|-resisted|p2b: Garganacl
|-damage|p2a: Rillaboom|68/100
|-damage|p2b: Garganacl|73/100
|-enditem|p2b: Garganacl|Maranga Berry|[eat]
|-boost|p2b: Garganacl|spd|1|[from] item: Maranga Berry
|move|p1b: Douglass|Scale Shot|p2a: Rillaboom
|-damage|p2a: Rillaboom|53/100
|-damage|p2a: Rillaboom|39/100
|-damage|p2a: Rillaboom|26/100
|-damage|p2a: Rillaboom|12/100
|-damage|p2a: Rillaboom|0 fnt
|faint|p2a: Rillaboom
|-hitcount|p2: Rillaboom|5
|-unboost|p1b: Douglass|def|1
|-boost|p1b: Douglass|spe|1
|
|-heal|p1a: Sinatra|57/100|[from] Grassy Terrain
|-heal|p1b: Douglass|89/100|[from] Grassy Terrain
|-heal|p2b: Garganacl|79/100|[from] Grassy Terrain
|upkeep
|-message|HutchencemanR forfeited.
|
|win|tedidn
|raw|tedidn's rating: 1193 → 1217(+24 for winning)
|raw|HutchencemanR's rating: 1179 → 1155(-24 for losing)
|l|☆HutchencemanR
|player|p2|
