|j|☆Duyheeee
|j|☆Moonlight Flutter
|html|DuyheeeeMoonlight Flutter    
|uhtml|bestof|Game 3 of a best-of-3
|t:|1782478510
|gametype|doubles
|player|p1|Duyheeee|lass|
|player|p2|Moonlight Flutter|miku-flying|
|gen|9
|tier|[Gen 9 Champions] VGC 2026 Reg M-B (Bo3)
|rule|Species Clause: Limit one of each Pokémon
|rule|Item Clause: Limit 1 of each item
|clearpoke
|poke|p1|Staraptor, L50, M|
|poke|p1|Camerupt, L50, F|
|poke|p1|Farigiraf, L50, F|
|poke|p1|Kingambit, L50, M|
|poke|p1|Hatterene, L50, F|
|poke|p1|Scrafty, L50, M|
|poke|p2|Sinistcha, L50|
|poke|p2|Incineroar, L50, F|
|poke|p2|Milotic, L50, M|
|poke|p2|Raichu, L50, M|
|poke|p2|Ceruledge, L50, M|
|poke|p2|Mawile, L50, F|
|teampreview|4
|showteam|p1|Staraptor||ChoiceScarf|Reckless|FinalGambit,Uturn,BraveBird,CloseCombat|Jolly||M|||50|]Camerupt||Cameruptite|MagmaArmor|Eruption,EarthPower,Protect,HeatWave|Quiet||F|||50|]Farigiraf||SitrusBerry|ArmorTail|Psychic,TrickRoom,HelpingHand,GrassKnot|Sassy||F|||50|]Kingambit||BlackGlasses|Defiant|KowtowCleave,IronHead,SuckerPunch,LowKick|Brave||M|||50|]Hatterene||LifeOrb|MagicBounce|Protect,Psychic,TrickRoom,DazzlingGleam|Quiet||F|||50|]Scrafty||Scraftinite|Intimidate|CloseCombat,KnockOff,FakeOut,Taunt|Brave||M|||50|
|showteam|p2|Sinistcha||KasibBerry|Hospitality|MatchaGotcha,LifeDew,RagePowder,Protect|Relaxed|||||50|]Incineroar||SitrusBerry|Intimidate|FlareBlitz,ThroatChop,FakeOut,PartingShot|Impish||F|||50|]Milotic||Leftovers|Competitive|MuddyWater,Coil,Hypnosis,Protect|Calm||M|||50|]Raichu||RaichuniteY|LightningRod|ZapCannon,FocusBlast,FakeOut,Protect|Timid||M|||50|]Ceruledge||ColburBerry|FlashFire|BitterBlade,ShadowSneak,BulkUp,Protect|Adamant||M|||50|]Mawile||Mawilite|HyperCutter|PlayRough,SuckerPunch,SwordsDance,Protect|Adamant||F|||50|
|
|t:|1782478527
|teamsize|p1|4
|teamsize|p2|4
|start
|switch|p1a: Farigiraf|Farigiraf, L50, F|100/100
|switch|p1b: Staraptor|Staraptor, L50, M|100/100
|switch|p2a: Milotic|Milotic, L50, M|100/100
|switch|p2b: Ceruledge|Ceruledge, L50, M|100/100
|turn|1
|
|t:|1782478533
|move|p1a: Farigiraf|Helping Hand|p1b: Staraptor
|-singleturn|p1b: Staraptor|Helping Hand|[of] p1a: Farigiraf
|move|p2a: Milotic|Protect|p2a: Milotic
|-singleturn|p2a: Milotic|Protect
|move|p1b: Staraptor|Brave Bird|p2b: Ceruledge
|-damage|p2b: Ceruledge|12/100
|-damage|p1b: Staraptor|72/100|[from] Recoil
|move|p2b: Ceruledge|Bulk Up|p2b: Ceruledge
|-boost|p2b: Ceruledge|atk|1
|-boost|p2b: Ceruledge|def|1
|
|upkeep
|turn|2
|
|t:|1782478548
|switch|p1b: Camerupt|Camerupt, L50, F|100/100
|move|p2b: Ceruledge|Protect|p2b: Ceruledge
|-singleturn|p2b: Ceruledge|Protect
|move|p2a: Milotic|Coil|p2a: Milotic
|-boost|p2a: Milotic|atk|1
|-boost|p2a: Milotic|def|1
|-boost|p2a: Milotic|accuracy|1
|move|p1a: Farigiraf|Trick Room|p1a: Farigiraf
|-fieldstart|move: Trick Room|[of] p1a: Farigiraf
|
|upkeep
|turn|3
|
|t:|1782478578
|detailschange|p1b: Camerupt|Camerupt-Mega, L50, F
|-mega|p1b: Camerupt|Camerupt|Cameruptite
|move|p2b: Ceruledge|Protect||[still]
|-fail|p2b: Ceruledge
|move|p1b: Camerupt|Earth Power|p2a: Milotic
|-damage|p2a: Milotic|55/100
|move|p1a: Farigiraf|Psychic|p2b: Ceruledge
|-damage|p2b: Ceruledge|0 fnt
|faint|p2b: Ceruledge
|move|p2a: Milotic|Muddy Water|p1a: Farigiraf|[spread] p1a,p1b
|-supereffective|p1b: Camerupt|2
|-damage|p1a: Farigiraf|78/100
|-damage|p1b: Camerupt|11/100
|
|-heal|p2a: Milotic|61/100|[from] item: Leftovers
|upkeep
|
|t:|1782478594
|switch|p2b: Sinistcha|Sinistcha, L50|100/100
|-heal|p2a: Milotic|86/100|[from] ability: Hospitality|[of] p2b: Sinistcha
|turn|4
|
|t:|1782478599
|move|p1a: Farigiraf|Helping Hand|p1b: Camerupt
|-singleturn|p1b: Camerupt|Helping Hand|[of] p1a: Farigiraf
|move|p2b: Sinistcha|Protect|p2b: Sinistcha
|-singleturn|p2b: Sinistcha|Protect
|move|p2a: Milotic|Protect|p2a: Milotic
|-singleturn|p2a: Milotic|Protect
|move|p1b: Camerupt|Heat Wave|p2b: Sinistcha|[spread] 
|-activate|p2a: Milotic|move: Protect
|-activate|p2b: Sinistcha|move: Protect
|
|-heal|p2a: Milotic|92/100|[from] item: Leftovers
|upkeep
|turn|5
|
|t:|1782478615
|move|p1a: Farigiraf|Helping Hand|p1b: Camerupt
|-singleturn|p1b: Camerupt|Helping Hand|[of] p1a: Farigiraf
|move|p1b: Camerupt|Heat Wave|p2a: Milotic|[spread] p2a,p2b
|-resisted|p2a: Milotic|1
|-supereffective|p2b: Sinistcha|1
|-damage|p2a: Milotic|62/100
|-damage|p2b: Sinistcha|0 fnt
|faint|p2b: Sinistcha
|move|p2a: Milotic|Hypnosis|p1a: Farigiraf
|-status|p1a: Farigiraf|slp|[from] move: Hypnosis
|
|-heal|p2a: Milotic|68/100|[from] item: Leftovers
|upkeep
|
|t:|1782478619
|switch|p2b: Mawile|Mawile, L50, F|100/100
|turn|6
|
|t:|1782478639
|switch|p1a: Staraptor|Staraptor, L50, M|72/100
|move|p2b: Mawile|Protect|p2b: Mawile
|-singleturn|p2b: Mawile|Protect
|move|p1b: Camerupt|Earth Power|p2a: Milotic
|-damage|p2a: Milotic|25/100
|move|p2a: Milotic|Hypnosis|p1b: Camerupt
|-status|p1b: Camerupt|slp|[from] move: Hypnosis
|
|-heal|p2a: Milotic|31/100|[from] item: Leftovers
|-fieldend|move: Trick Room
|upkeep
|turn|7
|
|t:|1782478653
|detailschange|p2b: Mawile|Mawile-Mega, L50, F
|-mega|p2b: Mawile|Mawile|Mawilite
|move|p2a: Milotic|Protect|p2a: Milotic
|-singleturn|p2a: Milotic|Protect
|move|p1a: Staraptor|Final Gambit|p2b: Mawile
|-damage|p2b: Mawile|10/100
|faint|p1a: Staraptor
|move|p2b: Mawile|Play Rough|p1b: Camerupt|[miss]
|-miss|p2b: Mawile|p1b: Camerupt
|cant|p1b: Camerupt|slp
|
|-heal|p2a: Milotic|37/100|[from] item: Leftovers
|upkeep
|
|t:|1782478660
|switch|p1a: Kingambit|Kingambit, L50, M|100/100
|turn|8
|
|t:|1782478666
|switch|p1b: Farigiraf|Farigiraf, L50, F|78/100 slp
|move|p2b: Mawile|Sucker Punch||[still]
|cant|p1b: Farigiraf|ability: Armor Tail|Sucker Punch|[of] p2b: Mawile
|move|p1a: Kingambit|Sucker Punch||[still]
|-fail|p1a: Kingambit
|move|p2a: Milotic|Hypnosis|p1a: Kingambit
|-status|p1a: Kingambit|slp|[from] move: Hypnosis
|
|-heal|p2a: Milotic|43/100|[from] item: Leftovers
|upkeep
|turn|9
|
|t:|1782478677
|switch|p1a: Camerupt|Camerupt-Mega, L50, F|11/100 slp
|move|p2a: Milotic|Muddy Water|p1a: Camerupt|[spread] p1a,p1b
|-supereffective|p1a: Camerupt|2
|-damage|p1a: Camerupt|0 fnt
|-damage|p1b: Farigiraf|58/100 slp
|faint|p1a: Camerupt
|cant|p1b: Farigiraf|slp
|move|p2b: Mawile|Play Rough|p1b: Farigiraf
|-damage|p1b: Farigiraf|0 fnt
|faint|p1b: Farigiraf
|
|-heal|p2a: Milotic|49/100|[from] item: Leftovers
|upkeep
|
|t:|1782478682
|switch|p1b: Kingambit|Kingambit, L50, M|100/100 slp
|turn|10
|
|t:|1782478690
|move|p2a: Milotic|Coil|p2a: Milotic
|-boost|p2a: Milotic|atk|1
|-boost|p2a: Milotic|def|1
|-boost|p2a: Milotic|accuracy|1
|move|p2b: Mawile|Play Rough|p1b: Kingambit
|-damage|p1b: Kingambit|47/100 slp
|-unboost|p1b: Kingambit|atk|1
|-ability|p1b: Kingambit|Defiant|boost
|-boost|p1b: Kingambit|atk|2
|cant|p1b: Kingambit|slp
|
|-heal|p2a: Milotic|54/100|[from] item: Leftovers
|upkeep
|turn|11
|
|t:|1782478709
|cant|p1b: Kingambit|slp
|move|p2a: Milotic|Muddy Water|p1b: Kingambit
|-damage|p1b: Kingambit|23/100 slp
|-unboost|p1b: Kingambit|accuracy|1
|-ability|p1b: Kingambit|Defiant|boost
|-boost|p1b: Kingambit|atk|2
|move|p2b: Mawile|Play Rough|p1b: Kingambit
|-damage|p1b: Kingambit|0 fnt
|faint|p1b: Kingambit
|
|win|Moonlight Flutter
|l|☆Duyheeee
|player|p1|
