|j|☆IneverfinishedOR
|j|☆Olciax34
|html|IneverfinishedOROlciax34    
|uhtml|bestof|Game 2 of a best-of-3
|t:|1782512459
|gametype|doubles
|player|p1|IneverfinishedOR|169|1144
|player|p2|Olciax34|clair|1206
|gen|9
|tier|[Gen 9 Champions] VGC 2026 Reg M-B (Bo3)
|rated|
|rule|Species Clause: Limit one of each Pokémon
|rule|Item Clause: Limit 1 of each item
|clearpoke
|poke|p1|Ninetales-Alola, L50, M|
|poke|p1|Froslass, L50, F|
|poke|p1|Milotic, L50, M|
|poke|p1|Aerodactyl, L50, F|
|poke|p1|Sneasler, L50, M|
|poke|p1|Kingambit, L50, F|
|poke|p2|Charizard, L50, M|
|poke|p2|Whimsicott, L50, F|
|poke|p2|Garchomp, L50, F|
|poke|p2|Gholdengo, L50|
|poke|p2|Kangaskhan, L50, F|
|poke|p2|Incineroar, L50, M|
|teampreview|4
|showteam|p1|Ninetales-Alola||FocusSash|SnowWarning|Protect,FreezeDry,Blizzard,Moonblast|Timid||M|||50|]Froslass||Froslassite|CursedBody|Protect,AuroraVeil,Blizzard,ShadowBall|Timid||F|||50|]Milotic||Leftovers|Competitive|Protect,Coil,MuddyWater,Hypnosis|Bold||M|||50|]Aerodactyl||Aerodactylite|Unnerve|Protect,DualWingbeat,RockSlide,Tailwind|Jolly||F|||50|]Sneasler||WhiteHerb|Unburden|Protect,FakeOut,CloseCombat,DireClaw|Adamant||M|||50|]Kingambit||ChopleBerry|Defiant|Protect,SwordsDance,SuckerPunch,KowtowCleave|Adamant||F|||50|
|showteam|p2|Charizard||CharizarditeY|SolarPower|HeatWave,WeatherBall,SolarBeam,Protect|Modest||M|||50|]Whimsicott||FocusSash|Prankster|Moonblast,Tailwind,Encore,Protect|Timid||F|||50|]Garchomp||LifeOrb|RoughSkin|Earthquake,DragonClaw,RockSlide,Protect|Jolly||F|||50|]Gholdengo||SpellTag|GoodasGold|MakeItRain,ShadowBall,NastyPlot,Protect|Modest|||||50|]Kangaskhan||Kangaskhanite|Scrappy|DoubleEdge,IcePunch,LowKick,FakeOut|Adamant||F|||50|]Incineroar||SitrusBerry|Intimidate|FakeOut,ThroatChop,FlareBlitz,PartingShot|Careful||M|||50|
|inactive|Battle timer is ON: inactive players will automatically lose when time's up. (requested by Olciax34)
|inactive|IneverfinishedOR has 60 seconds left.
|inactive|IneverfinishedOR has 30 seconds left.
|
|t:|1782512523
|teamsize|p1|4
|teamsize|p2|4
|start
|switch|p1a: Aerodactyl|Aerodactyl, L50, F|100/100
|switch|p1b: Froslass|Froslass, L50, F|100/100
|switch|p2a: Charizard|Charizard, L50, M|100/100
|switch|p2b: Gholdengo|Gholdengo, L50|100/100
|-ability|p1a: Aerodactyl|Unnerve
|turn|1
|inactive|IneverfinishedOR has 30 seconds left.
|inactive|Olciax34 has 30 seconds left.
|inactive|IneverfinishedOR has 20 seconds left.
|inactive|IneverfinishedOR has 15 seconds left.
|inactive|IneverfinishedOR has 10 seconds left.
|inactive|IneverfinishedOR has 5 seconds left.
|
|t:|1782512574
|detailschange|p1b: Froslass|Froslass-Mega, L50, F
|-mega|p1b: Froslass|Froslass|Froslassite
|-weather|Snowscape|[from] ability: Snow Warning|[of] p1b: Froslass
|move|p2a: Charizard|Protect|p2a: Charizard
|-singleturn|p2a: Charizard|Protect
|move|p1a: Aerodactyl|Rock Slide|p2b: Gholdengo|[spread] p2b
|-activate|p2a: Charizard|move: Protect
|-resisted|p2b: Gholdengo|1
|-damage|p2b: Gholdengo|87/100
|move|p1b: Froslass|Blizzard|p2b: Gholdengo|[spread] p2b
|-activate|p2a: Charizard|move: Protect
|-resisted|p2b: Gholdengo|1
|-damage|p2b: Gholdengo|67/100
|-status|p2b: Gholdengo|frz
|cant|p2b: Gholdengo|frz
|
|-weather|Snowscape|[upkeep]
|upkeep
|turn|2
|inactive|Olciax34 has 30 seconds left.
|inactive|Olciax34 has 20 seconds left.
|
|t:|1782512610
|switch|p2a: Kangaskhan|Kangaskhan, L50, F|100/100
|move|p1a: Aerodactyl|Rock Slide|p2b: Gholdengo|[spread] p2a,p2b
|-resisted|p2b: Gholdengo|1
|-damage|p2a: Kangaskhan|74/100
|-damage|p2b: Gholdengo|54/100 frz
|move|p1b: Froslass|Shadow Ball|p2b: Gholdengo
|-supereffective|p2b: Gholdengo|1
|-damage|p2b: Gholdengo|0 fnt
|faint|p2b: Gholdengo
|
|-weather|Snowscape|[upkeep]
|upkeep
|inactive|Olciax34 has 30 seconds left.
|
|t:|1782512645
|switch|p2b: Charizard|Charizard, L50, M|100/100
|turn|3
|inactive|IneverfinishedOR has 30 seconds left.
|inactive|Olciax34 has 30 seconds left.
|inactive|Olciax34 has 20 seconds left.
|
|t:|1782512684
|detailschange|p2b: Charizard|Charizard-Mega-Y, L50, M
|-mega|p2b: Charizard|Charizard|Charizardite Y
|-weather|SunnyDay|[from] ability: Drought|[of] p2b: Charizard
|move|p1a: Aerodactyl|Protect|p1a: Aerodactyl
|-singleturn|p1a: Aerodactyl|Protect
|move|p1b: Froslass|Protect|p1b: Froslass
|-singleturn|p1b: Froslass|Protect
|move|p2a: Kangaskhan|Fake Out|p1a: Aerodactyl
|-activate|p1a: Aerodactyl|move: Protect
|move|p2b: Charizard|Weather Ball|p1b: Froslass
|-activate|p1b: Froslass|move: Protect
|
|-weather|SunnyDay|[upkeep]
|upkeep
|turn|4
|
|t:|1782512706
|switch|p1b: Ninetales|Ninetales-Alola, L50, M|100/100
|-weather|Snowscape|[from] ability: Snow Warning|[of] p1b: Ninetales
|switch|p2b: Garchomp|Garchomp, L50, F|100/100
|move|p1a: Aerodactyl|Rock Slide|p2b: Garchomp|[spread] p2a,p2b
|-resisted|p2b: Garchomp|1
|-damage|p2a: Kangaskhan|48/100
|-damage|p2b: Garchomp|88/100
|move|p2a: Kangaskhan|Ice Punch|p1a: Aerodactyl
|-supereffective|p1a: Aerodactyl|1
|-damage|p1a: Aerodactyl|26/100
|
|-weather|Snowscape|[upkeep]
|upkeep
|turn|5
|inactive|IneverfinishedOR has 30 seconds left.
|
|t:|1782512733
|switch|p1a: Kingambit|Kingambit, L50, F|100/100
|move|p2b: Garchomp|Protect|p2b: Garchomp
|-singleturn|p2b: Garchomp|Protect
|move|p1b: Ninetales|Blizzard|p2a: Kangaskhan|[spread] p2a
|-activate|p2b: Garchomp|move: Protect
|-damage|p2a: Kangaskhan|19/100
|move|p2a: Kangaskhan|Ice Punch|p1a: Kingambit
|-resisted|p1a: Kingambit|1
|-damage|p1a: Kingambit|91/100
|
|-weather|Snowscape|[upkeep]
|upkeep
|turn|6
|-message|Olciax34 forfeited.
|
|win|IneverfinishedOR
