|j|☆Wild Card Kid
|j|☆teyvgc
|html|Wild Card Kidteyvgc    
|uhtml|bestof|Game 2 of a best-of-3
|t:|1782404619
|gametype|doubles
|player|p1|Wild Card Kid|pokemaniac|1085
|player|p2|teyvgc|rood|1168
|gen|9
|tier|[Gen 9 Champions] VGC 2026 Reg M-B (Bo3)
|rated|
|rule|Species Clause: Limit one of each Pokémon
|rule|Item Clause: Limit 1 of each item
|clearpoke
|poke|p1|Raichu, L50, M|
|poke|p1|Farigiraf, L50, F, shiny|
|poke|p1|Palafin, L50, F|
|poke|p1|Whimsicott, L50, M|
|poke|p1|Incineroar, L50, M|
|poke|p1|Mawile, L50, F|
|poke|p2|Dragalge, L50, F, shiny|
|poke|p2|Gholdengo, L50|
|poke|p2|Staraptor, L50, M, shiny|
|poke|p2|Whimsicott, L50, F, shiny|
|poke|p2|Incineroar, L50, M, shiny|
|poke|p2|Farigiraf, L50, F, shiny|
|teampreview|4
|showteam|p1|Raichu||RaichuniteY|LightningRod|FocusBlast,ZapCannon,FakeOut,Protect|Modest||M|||50|]Farigiraf||Leftovers|ArmorTail|Thunderbolt,TrickRoom,Psychic,Protect|Quiet||F|||50|]Palafin|||ZerotoHero|FlipTurn,Protect,WaveCrash,Taunt|Jolly||F|||50|]Whimsicott||FocusSash|Prankster|Tailwind,Encore,Moonblast,Protect|Calm||M|||50|]Incineroar||ChestoBerry|Intimidate|Protect,PartingShot,FakeOut,FlareBlitz|Jolly||M|||50|]Mawile||Mawilite|Intimidate|ThunderPunch,IronHead,PlayRough,Protect|Adamant||F|||50|
|showteam|p2|Dragalge||Dragalgite|PoisonPoint|DracoMeteor,SludgeBomb,DragonPulse,Protect|Calm||F|||50|]Gholdengo||MetalCoat|GoodasGold|MakeItRain,Protect,NastyPlot,ShadowBall|Modest|||||50|]Staraptor||Staraptite|Intimidate|CloseCombat,DualWingbeat,Roost,Protect|Jolly||M|||50|]Whimsicott||FocusSash|Prankster|Tailwind,Charm,Moonblast,Protect|Timid||F|||50|]Incineroar||Charcoal|Intimidate|FakeOut,FlareBlitz,DarkestLariat,PartingShot|Adamant||M|||50|]Farigiraf||SitrusBerry|ArmorTail|TrickRoom,TwinBeam,Thunderbolt,Protect|Quiet||F|||50|
|
|t:|1782404669
|teamsize|p1|4
|teamsize|p2|4
|start
|switch|p1a: Farigiraf|Farigiraf, L50, F, shiny|100/100
|switch|p1b: Incineroar|Incineroar, L50, M|100/100
|switch|p2a: DJ Dan|Incineroar, L50, M, shiny|100/100
|switch|p2b: Kano Kyuseki|Farigiraf, L50, F, shiny|100/100
|-ability|p1b: Incineroar|Intimidate|boost
|-unboost|p2a: DJ Dan|atk|1
|-unboost|p2b: Kano Kyuseki|atk|1
|-ability|p2a: DJ Dan|Intimidate|boost
|-unboost|p1a: Farigiraf|atk|1
|-unboost|p1b: Incineroar|atk|1
|turn|1
|inactive|Battle timer is ON: inactive players will automatically lose when time's up. (requested by Wild Card Kid)
|
|t:|1782404697
|move|p1b: Incineroar|Fake Out||[still]
|cant|p2b: Kano Kyuseki|ability: Armor Tail|Fake Out|[of] p1b: Incineroar
|move|p2a: DJ Dan|Parting Shot|p1a: Farigiraf
|-unboost|p1a: Farigiraf|atk|1
|-unboost|p1a: Farigiraf|spa|1
|
|t:|1782404706
|switch|p2a: Sam Bankman|Gholdengo, L50|100/100|[from] Parting Shot
|move|p1a: Farigiraf|Thunderbolt|p2a: Sam Bankman
|-damage|p2a: Sam Bankman|81/100
|move|p2b: Kano Kyuseki|Thunderbolt|p1a: Farigiraf
|-damage|p1a: Farigiraf|74/100
|
|-heal|p1a: Farigiraf|80/100|[from] item: Leftovers
|upkeep
|turn|2
|inactive|teyvgc has 30 seconds left.
|
|t:|1782404735
|switch|p2b: DJ Dan|Incineroar, L50, M, shiny|100/100
|-ability|p2b: DJ Dan|Intimidate|boost
|-unboost|p1a: Farigiraf|atk|1
|-unboost|p1b: Incineroar|atk|1
|move|p2a: Sam Bankman|Protect|p2a: Sam Bankman
|-singleturn|p2a: Sam Bankman|Protect
|move|p1b: Incineroar|Flare Blitz|p2a: Sam Bankman
|-activate|p2a: Sam Bankman|move: Protect
|move|p1a: Farigiraf|Thunderbolt|p2a: Sam Bankman
|-activate|p2a: Sam Bankman|move: Protect
|
|-heal|p1a: Farigiraf|86/100|[from] item: Leftovers
|upkeep
|turn|3
|inactive|teyvgc has 30 seconds left.
|
|t:|1782404768
|switch|p2a: Kano Kyuseki|Farigiraf, L50, F, shiny|100/100
|move|p1b: Incineroar|Flare Blitz|p2a: Kano Kyuseki
|-damage|p2a: Kano Kyuseki|78/100
|-damage|p1b: Incineroar|92/100|[from] Recoil
|move|p2b: DJ Dan|Parting Shot|p1a: Farigiraf
|-unboost|p1a: Farigiraf|atk|1
|-unboost|p1a: Farigiraf|spa|1
|
|t:|1782404784
|switch|p2b: Sam Bankman|Gholdengo, L50|81/100|[from] Parting Shot
|move|p1a: Farigiraf|Trick Room|p1a: Farigiraf
|-fieldstart|move: Trick Room|[of] p1a: Farigiraf
|
|-heal|p1a: Farigiraf|92/100|[from] item: Leftovers
|upkeep
|turn|4
|inactive|teyvgc has 30 seconds left.
|
|t:|1782404811
|switch|p1a: Palafin|Palafin, L50, F|100/100
|switch|p2b: DJ Dan|Incineroar, L50, M, shiny|100/100
|-ability|p2b: DJ Dan|Intimidate|boost
|-unboost|p1a: Palafin|atk|1
|-unboost|p1b: Incineroar|atk|1
|move|p2a: Kano Kyuseki|Thunderbolt|p1a: Palafin
|-supereffective|p1a: Palafin|1
|-damage|p1a: Palafin|24/100
|move|p1b: Incineroar|Flare Blitz|p2b: DJ Dan
|-resisted|p2b: DJ Dan|1
|-damage|p2b: DJ Dan|91/100
|-damage|p1b: Incineroar|89/100|[from] Recoil
|
|upkeep
|turn|5
|inactive|Wild Card Kid has 30 seconds left.
|
|t:|1782404842
|detailschange|p1a: Palafin|Palafin-Hero, L50, F
|switch|p1a: Farigiraf|Farigiraf, L50, F, shiny|92/100
|move|p2a: Kano Kyuseki|Thunderbolt|p1a: Farigiraf
|-damage|p1a: Farigiraf|62/100
|move|p2b: DJ Dan|Parting Shot|p1b: Incineroar
|-unboost|p1b: Incineroar|atk|1
|-unboost|p1b: Incineroar|spa|1
|
|t:|1782404855
|switch|p2b: Staraptor|Staraptor, L50, M, shiny|100/100|[from] Parting Shot
|-ability|p2b: Staraptor|Intimidate|boost
|-unboost|p1a: Farigiraf|atk|1
|-unboost|p1b: Incineroar|atk|1
|move|p1b: Incineroar|Parting Shot|p2a: Kano Kyuseki
|-unboost|p2a: Kano Kyuseki|atk|1
|-unboost|p2a: Kano Kyuseki|spa|1
|
|t:|1782404862
|switch|p1b: Mawile|Mawile, L50, F|100/100|[from] Parting Shot
|-ability|p1b: Mawile|Intimidate|boost
|-unboost|p2a: Kano Kyuseki|atk|1
|-unboost|p2b: Staraptor|atk|1
|
|-heal|p1a: Farigiraf|69/100|[from] item: Leftovers
|upkeep
|turn|6
|inactive|teyvgc has 30 seconds left.
|
|t:|1782404893
|switch|p2a: Sam Bankman|Gholdengo, L50|81/100
|switch|p2b: DJ Dan|Incineroar, L50, M, shiny|91/100
|-ability|p2b: DJ Dan|Intimidate|boost
|-unboost|p1a: Farigiraf|atk|1
|-unboost|p1b: Mawile|atk|1
|detailschange|p1b: Mawile|Mawile-Mega, L50, F
|-mega|p1b: Mawile|Mawile|Mawilite
|move|p1a: Farigiraf|Thunderbolt|p2b: DJ Dan
|-damage|p2b: DJ Dan|63/100
|move|p1b: Mawile|Play Rough|p2b: DJ Dan
|-damage|p2b: DJ Dan|3/100
|
|-heal|p1a: Farigiraf|75/100|[from] item: Leftovers
|upkeep
|turn|7
|
|t:|1782404916
|move|p1a: Farigiraf|Thunderbolt|p2b: DJ Dan
|-damage|p2b: DJ Dan|0 fnt
|faint|p2b: DJ Dan
|move|p1b: Mawile|Thunder Punch|p2a: Sam Bankman
|-damage|p2a: Sam Bankman|48/100
|move|p2a: Sam Bankman|Nasty Plot|p2a: Sam Bankman
|-boost|p2a: Sam Bankman|spa|2
|
|-heal|p1a: Farigiraf|81/100|[from] item: Leftovers
|-fieldend|move: Trick Room
|upkeep
|
|t:|1782404928
|switch|p2b: Staraptor|Staraptor, L50, M, shiny|100/100
|-ability|p2b: Staraptor|Intimidate|boost
|-unboost|p1a: Farigiraf|atk|1
|-unboost|p1b: Mawile|atk|1
|turn|8
|
|t:|1782404937
|detailschange|p2b: Staraptor|Staraptor-Mega, L50, M, shiny
|-mega|p2b: Staraptor|Staraptor|Staraptite
|move|p1b: Mawile|Protect|p1b: Mawile
|-singleturn|p1b: Mawile|Protect
|move|p1a: Farigiraf|Protect|p1a: Farigiraf
|-singleturn|p1a: Farigiraf|Protect
|move|p2b: Staraptor|Close Combat|p1b: Mawile
|-activate|p1b: Mawile|move: Protect
|move|p2a: Sam Bankman|Make It Rain|p1a: Farigiraf|[spread] 
|-activate|p1a: Farigiraf|move: Protect
|-activate|p1b: Mawile|move: Protect
|
|-heal|p1a: Farigiraf|87/100|[from] item: Leftovers
|upkeep
|turn|9
|inactive|Wild Card Kid has 30 seconds left.
|
|t:|1782404963
|switch|p1b: Incineroar|Incineroar, L50, M|89/100
|-ability|p1b: Incineroar|Intimidate|boost
|-unboost|p2a: Sam Bankman|atk|1
|-boost|p2b: Staraptor|atk|1
|switch|p1a: Palafin|Palafin-Hero, L50, F|24/100
|-activate|p1a: Palafin|ability: Zero to Hero
|move|p2b: Staraptor|Close Combat|p1b: Incineroar
|-supereffective|p1b: Incineroar|1
|-damage|p1b: Incineroar|0 fnt
|-boost|p2b: Staraptor|def|1
|-boost|p2b: Staraptor|spd|1
|faint|p1b: Incineroar
|move|p2a: Sam Bankman|Make It Rain|p1a: Palafin
|-resisted|p1a: Palafin|1
|-damage|p1a: Palafin|0 fnt
|-unboost|p2a: Sam Bankman|spa|2
|faint|p1a: Palafin
|
|upkeep
|
|t:|1782404981
|switch|p1a: Farigiraf|Farigiraf, L50, F, shiny|87/100
|switch|p1b: Mawile|Mawile-Mega, L50, F|100/100
|turn|10
|
|t:|1782404992
|move|p1b: Mawile|Protect|p1b: Mawile
|-singleturn|p1b: Mawile|Protect
|move|p2b: Staraptor|Close Combat|p1b: Mawile
|-activate|p1b: Mawile|move: Protect
|move|p2a: Sam Bankman|Make It Rain|p1a: Farigiraf|[spread] p1a
|-activate|p1b: Mawile|move: Protect
|-damage|p1a: Farigiraf|31/100
|-unboost|p2a: Sam Bankman|spa|2
|move|p1a: Farigiraf|Trick Room|p1a: Farigiraf
|-fieldstart|move: Trick Room|[of] p1a: Farigiraf
|
|-heal|p1a: Farigiraf|37/100|[from] item: Leftovers
|upkeep
|turn|11
|
|t:|1782405012
|move|p2b: Staraptor|Protect|p2b: Staraptor
|-singleturn|p2b: Staraptor|Protect
|move|p1a: Farigiraf|Thunderbolt|p2b: Staraptor
|-activate|p2b: Staraptor|move: Protect
|move|p1b: Mawile|Thunder Punch|p2b: Staraptor
|-activate|p2b: Staraptor|move: Protect
|move|p2a: Sam Bankman|Nasty Plot|p2a: Sam Bankman
|-boost|p2a: Sam Bankman|spa|2
|
|-heal|p1a: Farigiraf|44/100|[from] item: Leftovers
|upkeep
|turn|12
|inactive|teyvgc has 30 seconds left.
|
|t:|1782405040
|move|p1a: Farigiraf|Thunderbolt|p2a: Sam Bankman
|-damage|p2a: Sam Bankman|17/100
|-status|p2a: Sam Bankman|par
|move|p2a: Sam Bankman|Make It Rain|p1b: Mawile|[spread] p1a,p1b
|-crit|p1a: Farigiraf
|-damage|p1a: Farigiraf|0 fnt
|-damage|p1b: Mawile|29/100
|-unboost|p2a: Sam Bankman|spa|2
|faint|p1a: Farigiraf
|move|p1b: Mawile|Thunder Punch|p2b: Staraptor
|-supereffective|p2b: Staraptor|1
|-damage|p2b: Staraptor|29/100
|move|p2b: Staraptor|Close Combat|p1b: Mawile
|-damage|p1b: Mawile|0 fnt
|-boost|p2b: Staraptor|def|1
|-boost|p2b: Staraptor|spd|1
|faint|p1b: Mawile
|
|win|teyvgc
