|j|☆Chelicerate1
|j|☆Gastrosophilipp
|html|Chelicerate1Gastrosophilipp    
|uhtml|bestof|Game 3 of a best-of-3
|t:|1785758446
|gametype|doubles
|player|p1|Chelicerate1|ethan|1302
|player|p2|Gastrosophilipp|juan|1259
|gen|9
|tier|[Gen 9 Champions] VGC 2026 Reg M-B (Bo3)
|rated|
|rule|Species Clause: Limit one of each Pokémon
|rule|Item Clause: Limit 1 of each item
|clearpoke
|poke|p1|Grimmsnarl, L50, M|
|poke|p1|Basculegion, L50, M|
|poke|p1|Charizard, L50, F|
|poke|p1|Pelipper, L50, M|
|poke|p1|Venusaur, L50, M|
|poke|p1|Archaludon, L50, M|
|poke|p2|Sinistcha, L50|
|poke|p2|Incineroar, L50, M|
|poke|p2|Milotic, L50, F|
|poke|p2|Raichu, L50, M|
|poke|p2|Floette-Eternal, L50, F|
|poke|p2|Ceruledge, L50, M|
|teampreview|4
|showteam|p1|Grimmsnarl||LightClay|Prankster|SpiritBreak,PartingShot,Reflect,LightScreen|Sassy||M|||50|]Basculegion||ChoiceScarf|Adaptability|LastRespects,WaveCrash,AquaJet,FlipTurn|Jolly||M|||50|]Charizard||CharizarditeY|Blaze|Protect,HeatWave,WeatherBall,SolarBeam|Modest||F|||50|]Pelipper||SitrusBerry|Drizzle|Hurricane,WeatherBall,Tailwind,WideGuard|Modest||M|||50|]Venusaur||FocusSash|Chlorophyll|SludgeBomb,SleepPowder,EarthPower,Protect|Modest||M|||50|]Archaludon||Leftovers|Stamina|ElectroShot,DragonPulse,FlashCannon,Protect|Calm||M|||50|
|showteam|p2|Sinistcha||KasibBerry|Hospitality|MatchaGotcha,LifeDew,RagePowder,Protect|Relaxed|||||50|]Incineroar||SitrusBerry|Intimidate|FlareBlitz,ThroatChop,FakeOut,PartingShot|Impish||M|||50|]Milotic||Leftovers|Competitive|MuddyWater,Coil,Hypnosis,Protect|Calm||F|||50|]Raichu||RaichuniteY|LightningRod|ZapCannon,FocusBlast,FakeOut,Protect|Timid||M|||50|]Floette-Eternal||Floettite|FlowerVeil|DazzlingGleam,DrainingKiss,CalmMind,Protect|Timid||F|||50|]Ceruledge||FocusSash|FlashFire|BitterBlade,ShadowSneak,BulkUp,Protect|Adamant||M|||50|
|inactive|Battle timer is ON: inactive players will automatically lose when time's up. (requested by Gastrosophilipp)
|inactive|Chelicerate1 also wants the timer to be on.
|inactive|Gastrosophilipp has 60 seconds left.
|
|t:|1785758501
|teamsize|p1|4
|teamsize|p2|4
|start
|switch|p1a: Charizard|Charizard, L50, F|100/100
|switch|p1b: Venusaur|Venusaur, L50, M|100/100
|switch|p2a: Incineroar|Incineroar, L50, M|100/100
|switch|p2b: Raichu|Raichu, L50, M|100/100
|-ability|p2a: Incineroar|Intimidate|boost
|-unboost|p1a: Charizard|atk|1
|-unboost|p1b: Venusaur|atk|1
|turn|1
|inactive|Gastrosophilipp has 30 seconds left.
|
|t:|1785758528
|detailschange|p2b: Raichu|Raichu-Mega-Y, L50, M
|-mega|p2b: Raichu|Raichu|Raichunite Y
|detailschange|p1a: Charizard|Charizard-Mega-Y, L50, F
|-mega|p1a: Charizard|Charizard|Charizardite Y
|-weather|SunnyDay|[from] ability: Drought|[of] p1a: Charizard
|move|p1b: Venusaur|Protect|p1b: Venusaur
|-singleturn|p1b: Venusaur|Protect
|move|p1a: Charizard|Protect|p1a: Charizard
|-singleturn|p1a: Charizard|Protect
|move|p2a: Incineroar|Fake Out|p1b: Venusaur
|-activate|p1b: Venusaur|move: Protect
|move|p2b: Raichu|Zap Cannon|p1a: Charizard
|-activate|p1a: Charizard|move: Protect
|
|-weather|SunnyDay|[upkeep]
|upkeep
|turn|2
|
|t:|1785758548
|switch|p2b: Ceruledge|Ceruledge, L50, M|100/100
|move|p1b: Venusaur|Sleep Powder|p2a: Incineroar
|-status|p2a: Incineroar|slp|[from] move: Sleep Powder
|move|p1a: Charizard|Weather Ball|p2b: Ceruledge
|-start|p2b: Ceruledge|ability: Flash Fire
|cant|p2a: Incineroar|slp
|
|-weather|SunnyDay|[upkeep]
|upkeep
|turn|3
|
|t:|1785758572
|switch|p1b: Pelipper|Pelipper, L50, M|100/100
|-weather|RainDance|[from] ability: Drizzle|[of] p1b: Pelipper
|move|p1a: Charizard|Weather Ball|p2b: Ceruledge
|-supereffective|p2b: Ceruledge|1
|-enditem|p2b: Ceruledge|Focus Sash
|-damage|p2b: Ceruledge|1/100
|move|p2b: Ceruledge|Bitter Blade|p1b: Pelipper
|-resisted|p1b: Pelipper|1
|-damage|p1b: Pelipper|81/100
|-heal|p2b: Ceruledge|8/100|[from] drain|[of] p1b: Pelipper
|cant|p2a: Incineroar|slp
|
|-weather|RainDance|[upkeep]
|upkeep
|turn|4
|
|t:|1785758591
|-end|p2b: Ceruledge|ability: Flash Fire|[silent]
|switch|p2b: Milotic|Milotic, L50, F|100/100
|move|p1a: Charizard|Weather Ball|p2a: Incineroar
|-supereffective|p2a: Incineroar|1
|-damage|p2a: Incineroar|0 fnt
|faint|p2a: Incineroar
|move|p1b: Pelipper|Weather Ball|p2b: Milotic
|-resisted|p2b: Milotic|1
|-damage|p2b: Milotic|80/100
|
|-weather|RainDance|[upkeep]
|-heal|p2b: Milotic|86/100|[from] item: Leftovers
|upkeep
|
|t:|1785758615
|switch|p2a: Raichu|Raichu-Mega-Y, L50, M|100/100
|turn|5
|inactive|Chelicerate1 has 30 seconds left.
|inactive|Chelicerate1 has 20 seconds left.
|
|t:|1785758654
|switch|p1a: Archaludon|Archaludon, L50, M|100/100
|move|p2a: Raichu|Zap Cannon|p1b: Pelipper
|-supereffective|p1b: Pelipper|2
|-damage|p1b: Pelipper|0 fnt
|faint|p1b: Pelipper
|move|p2b: Milotic|Muddy Water|p1a: Archaludon
|-resisted|p1a: Archaludon|1
|-damage|p1a: Archaludon|79/100
|-ability|p1a: Archaludon|Stamina|boost
|-boost|p1a: Archaludon|def|1
|
|-weather|RainDance|[upkeep]
|-heal|p1a: Archaludon|85/100|[from] item: Leftovers
|-heal|p2b: Milotic|92/100|[from] item: Leftovers
|upkeep
|
|t:|1785758660
|switch|p1b: Venusaur|Venusaur, L50, M|100/100
|turn|6
|inactive|Gastrosophilipp has 30 seconds left.
|inactive|Gastrosophilipp has 20 seconds left.
|
|t:|1785758697
|move|p2b: Milotic|Protect|p2b: Milotic
|-singleturn|p2b: Milotic|Protect
|move|p2a: Raichu|Zap Cannon|p1b: Venusaur
|-resisted|p1b: Venusaur|1
|-damage|p1b: Venusaur|63/100
|-status|p1b: Venusaur|par
|move|p1a: Archaludon|Electro Shot||[still]
|-prepare|p1a: Archaludon|Electro Shot
|-boost|p1a: Archaludon|spa|1
|-anim|p1a: Archaludon|Electro Shot|p2b: Milotic
|-activate|p2b: Milotic|move: Protect
|move|p1b: Venusaur|Sleep Powder|p2a: Raichu
|-status|p2a: Raichu|slp|[from] move: Sleep Powder
|
|-weather|RainDance|[upkeep]
|-heal|p1a: Archaludon|91/100|[from] item: Leftovers
|-heal|p2b: Milotic|98/100|[from] item: Leftovers
|upkeep
|turn|7
|inactive|Gastrosophilipp has 30 seconds left.
|inactive|Gastrosophilipp has 20 seconds left.
|inactive|Gastrosophilipp has 15 seconds left.
|inactive|Gastrosophilipp has 10 seconds left.
|
|t:|1785758742
|cant|p2a: Raichu|slp
|move|p1a: Archaludon|Electro Shot||[still]
|-prepare|p1a: Archaludon|Electro Shot
|-boost|p1a: Archaludon|spa|1
|-anim|p1a: Archaludon|Electro Shot|p2b: Milotic
|-supereffective|p2b: Milotic|1
|-damage|p2b: Milotic|0 fnt
|faint|p2b: Milotic
|move|p1b: Venusaur|Earth Power|p2a: Raichu
|-supereffective|p2a: Raichu|1
|-damage|p2a: Raichu|23/100 slp
|
|-weather|none
|-heal|p1a: Archaludon|97/100|[from] item: Leftovers
|upkeep
|
|t:|1785758765
|switch|p2b: Ceruledge|Ceruledge, L50, M|8/100
|turn|8
|c|☆Gastrosophilipp|Sorry but i'm salty - sure thing with all this accuracy issues
|inactive|Gastrosophilipp has 30 seconds left.
|
|t:|1785758795
|-curestatus|p2a: Raichu|slp|[msg]
|move|p2a: Raichu|Focus Blast|p1a: Archaludon
|-supereffective|p1a: Archaludon|1
|-damage|p1a: Archaludon|27/100
|-ability|p1a: Archaludon|Stamina|boost
|-boost|p1a: Archaludon|def|1
|move|p1a: Archaludon|Dragon Pulse|p2a: Raichu
|-damage|p2a: Raichu|0 fnt
|faint|p2a: Raichu
|move|p2b: Ceruledge|Bitter Blade|p1b: Venusaur
|-supereffective|p1b: Venusaur|1
|-damage|p1b: Venusaur|0 fnt
|-heal|p2b: Ceruledge|36/100|[from] drain|[of] p1b: Venusaur
|faint|p1b: Venusaur
|
|-heal|p1a: Archaludon|33/100|[from] item: Leftovers
|upkeep
|
|t:|1785758803
|switch|p1b: Charizard|Charizard-Mega-Y, L50, F|100/100
|-weather|SunnyDay|[from] ability: Drought|[of] p1b: Charizard
|turn|9
|inactive|Gastrosophilipp has 30 seconds left.
|
|t:|1785758830
|move|p1b: Charizard|Protect|p1b: Charizard
|-singleturn|p1b: Charizard|Protect
|move|p1a: Archaludon|Protect|p1a: Archaludon
|-singleturn|p1a: Archaludon|Protect
|move|p2b: Ceruledge|Bitter Blade|p1a: Archaludon
|-activate|p1a: Archaludon|move: Protect
|
|-weather|SunnyDay|[upkeep]
|-heal|p1a: Archaludon|39/100|[from] item: Leftovers
|upkeep
|turn|10
|
|t:|1785758855
|move|p1b: Charizard|Solar Beam||[still]
|-prepare|p1b: Charizard|Solar Beam
|-anim|p1b: Charizard|Solar Beam|p2b: Ceruledge
|-resisted|p2b: Ceruledge|1
|-damage|p2b: Ceruledge|14/100
|move|p1a: Archaludon|Dragon Pulse|p2b: Ceruledge
|-damage|p2b: Ceruledge|0 fnt
|faint|p2b: Ceruledge
|
|win|Chelicerate1
|raw|Chelicerate1's rating: 1302 → 1320(+18 for winning)
|raw|Gastrosophilipp's rating: 1259 → 1237(-22 for losing)
