|j|☆Catzuki
|j|☆WildTamer
|html|CatzukiWildTamer    
|uhtml|bestof|Game 1 of a best-of-3
|t:|1785826259
|gametype|doubles
|player|p1|Catzuki|266|1000
|player|p2|WildTamer|2|1086
|gen|9
|tier|[Gen 9 Champions] VGC 2026 Reg M-B (Bo3)
|rated|
|rule|Species Clause: Limit one of each Pokémon
|rule|Item Clause: Limit 1 of each item
|clearpoke
|poke|p1|Gengar, L50, M|
|poke|p1|Grimmsnarl, L50, M|
|poke|p1|Pelipper, L50, F|
|poke|p1|Sinistcha, L50|
|poke|p1|Archaludon, L50, M|
|poke|p1|Basculegion, L50, M|
|poke|p2|Houndoom, L50, M|
|poke|p2|Whimsicott, L50, F|
|poke|p2|Sneasler, L50, F|
|poke|p2|Venusaur, L50, F|
|poke|p2|Heliolisk, L50, M|
|poke|p2|Aegislash, L50, F|
|teampreview|4
|showteam|p1|Gengar||Gengarite|CursedBody|Protect,ReflectType,DarkPulse,DazzlingGleam|Modest||M|||50|]Grimmsnarl||LightClay|Prankster|FakeOut,PartingShot,LightScreen,FakeTears|Calm||M|||50|]Pelipper||SitrusBerry|Drizzle|Hurricane,WeatherBall,Tailwind,WideGuard|Modest||F|||50|]Sinistcha||CobaBerry|Hospitality|MatchaGotcha,RagePowder,TrickRoom,Protect|Relaxed|||||50|]Archaludon||Leftovers|Stamina|ElectroShot,DragonPulse,FlashCannon,Protect|Modest||M|||50|]Basculegion||ChoiceScarf|Adaptability|LastRespects,FlipTurn,AquaJet,WaveCrash|Jolly||M|||50|
|showteam|p2|Houndoom||Houndoominite|EarlyBird|Protect,DarkPulse,HeatWave,SludgeBomb|Modest||M|||50|]Whimsicott||FocusSash|Prankster|SunnyDay,Moonblast,Tailwind,Protect|Modest||F|||50|]Sneasler||WhiteHerb|Unburden|FakeOut,DireClaw,CloseCombat,Protect|Adamant||F|||50|]Venusaur||LifeOrb|Chlorophyll|SludgeBomb,Protect,EarthPower,SolarBeam|Modest||F|||50|]Heliolisk||ChoiceScarf|DrySkin|Thunderbolt,GrassKnot,Thunder,WeatherBall|Modest||M|||50|]Aegislash||SitrusBerry|StanceChange|WideGuard,IronHead,ShadowSneak,RockSlide|Adamant||F|||50|
|inactive|Battle timer is ON: inactive players will automatically lose when time's up. (requested by Catzuki)
|inactive|WildTamer has 60 seconds left.
|inactive|WildTamer has 30 seconds left.
|
|t:|1785826357
|teamsize|p1|4
|teamsize|p2|4
|start
|switch|p1a: Grimmsnarl|Grimmsnarl, L50, M|100/100
|switch|p1b: Archaludon|Archaludon, L50, M|100/100
|switch|p2a: Whimsicott|Whimsicott, L50, F|100/100
|switch|p2b: Sneasler|Sneasler, L50, F|100/100
|turn|1
|inactive|Catzuki has 30 seconds left.
|inactive|Catzuki has 20 seconds left.
|inactive|Catzuki has 15 seconds left.
|
|t:|1785826397
|move|p2b: Sneasler|Fake Out|p1a: Grimmsnarl
|-damage|p1a: Grimmsnarl|82/100
|cant|p1a: Grimmsnarl|flinch
|move|p2a: Whimsicott|Moonblast|p1a: Grimmsnarl
|-supereffective|p1a: Grimmsnarl|1
|-damage|p1a: Grimmsnarl|11/100
|move|p1b: Archaludon|Flash Cannon|p2a: Whimsicott
|-supereffective|p2a: Whimsicott|1
|-enditem|p2a: Whimsicott|Focus Sash
|-damage|p2a: Whimsicott|1/100
|
|upkeep
|turn|2
|inactive|Catzuki has 30 seconds left.
|inactive|Catzuki has 20 seconds left.
|inactive|Catzuki has 15 seconds left.
|inactive|Catzuki has 10 seconds left.
|
|t:|1785826447
|move|p2a: Whimsicott|Tailwind|p2a: Whimsicott
|-sidestart|p2: WildTamer|move: Tailwind
|move|p1a: Grimmsnarl|Fake Tears|p2b: Sneasler
|-unboost|p2b: Sneasler|spd|2
|-enditem|p2b: Sneasler|White Herb
|-clearnegativeboost|p2b: Sneasler|[silent]
|move|p2b: Sneasler|Close Combat|p1b: Archaludon
|-supereffective|p1b: Archaludon|1
|-damage|p1b: Archaludon|13/100
|-unboost|p2b: Sneasler|def|1
|-unboost|p2b: Sneasler|spd|1
|-ability|p1b: Archaludon|Stamina|boost
|-boost|p1b: Archaludon|def|1
|move|p1b: Archaludon|Dragon Pulse|p2b: Sneasler
|-damage|p2b: Sneasler|12/100
|
|-heal|p1b: Archaludon|19/100|[from] item: Leftovers
|upkeep
|turn|3
|inactive|Catzuki has 30 seconds left.
|inactive|WildTamer has 30 seconds left.
|
|t:|1785826481
|move|p1b: Archaludon|Protect|p1b: Archaludon
|-singleturn|p1b: Archaludon|Protect
|move|p2a: Whimsicott|Sunny Day|p2a: Whimsicott
|-weather|SunnyDay
|move|p1a: Grimmsnarl|Parting Shot|p2b: Sneasler
|-unboost|p2b: Sneasler|atk|1
|-unboost|p2b: Sneasler|spa|1
|inactive|Catzuki has 30 seconds left.
|
|t:|1785826512
|switch|p1a: Sinistcha|Sinistcha, L50|100/100|[from] Parting Shot
|-heal|p1b: Archaludon|44/100|[from] ability: Hospitality|[of] p1a: Sinistcha
|move|p2b: Sneasler|Close Combat|p1b: Archaludon
|-activate|p1b: Archaludon|move: Protect
|
|-weather|SunnyDay|[upkeep]
|-heal|p1b: Archaludon|50/100g|[from] item: Leftovers
|upkeep
|turn|4
|inactive|Catzuki has 30 seconds left.
|
|t:|1785826541
|switch|p1b: Grimmsnarl|Grimmsnarl, L50, M|11/100
|move|p2b: Sneasler|Close Combat|p1b: Grimmsnarl
|-crit|p1b: Grimmsnarl
|-damage|p1b: Grimmsnarl|0 fnt
|-unboost|p2b: Sneasler|def|1
|-unboost|p2b: Sneasler|spd|1
|faint|p1b: Grimmsnarl
|move|p2a: Whimsicott|Moonblast|p1a: Sinistcha
|-damage|p1a: Sinistcha|61/100
|move|p1a: Sinistcha|Matcha Gotcha|p2a: Whimsicott|[spread] p2a,p2b
|-resisted|p2a: Whimsicott|1
|-resisted|p2b: Sneasler|1
|-damage|p2a: Whimsicott|0 fnt
|-heal|p1a: Sinistcha|61/100|[from] drain|[of] p2a: Whimsicott
|-damage|p2b: Sneasler|0 fnt
|-heal|p1a: Sinistcha|67/100|[from] drain|[of] p2b: Sneasler
|faint|p2a: Whimsicott
|faint|p2b: Sneasler
|
|-weather|SunnyDay|[upkeep]
|upkeep
|
|t:|1785826563
|switch|p2b: Venusaur|Venusaur, L50, F|100/100
|switch|p2a: Houndoom|Houndoom, L50, M|100/100
|switch|p1b: Archaludon|Archaludon, L50, M|50/100g
|turn|5
|
|t:|1785826586
|detailschange|p2a: Houndoom|Houndoom-Mega, L50, M
|-mega|p2a: Houndoom|Houndoom|Houndoominite
|move|p1b: Archaludon|Protect|p1b: Archaludon
|-singleturn|p1b: Archaludon|Protect
|move|p2b: Venusaur|Earth Power|p1b: Archaludon
|-activate|p1b: Archaludon|move: Protect
|move|p2a: Houndoom|Heat Wave|p1b: Archaludon|[spread] p1a
|-activate|p1b: Archaludon|move: Protect
|-supereffective|p1a: Sinistcha|1
|-damage|p1a: Sinistcha|0 fnt
|faint|p1a: Sinistcha
|
|-weather|SunnyDay|[upkeep]
|-damage|p2a: Houndoom|87/100|[from] ability: Solar Power|[of] p2a: Houndoom
|-heal|p1b: Archaludon|56/100|[from] item: Leftovers
|-sideend|p2: WildTamer|move: Tailwind
|upkeep
|
|t:|1785826600
|switch|p1a: Pelipper|Pelipper, L50, F|100/100
|-weather|RainDance|[from] ability: Drizzle|[of] p1a: Pelipper
|turn|6
|inactive|WildTamer has 30 seconds left.
|inactive|WildTamer has 20 seconds left.
|
|t:|1785826638
|move|p2a: Houndoom|Dark Pulse|p1b: Archaludon
|-damage|p1b: Archaludon|0 fnt
|faint|p1b: Archaludon
|move|p2b: Venusaur|Earth Power|p1a: Pelipper
|-immune|p1a: Pelipper
|move|p1a: Pelipper|Hurricane|p2b: Venusaur
|-supereffective|p2b: Venusaur|1
|-damage|p2b: Venusaur|15/100
|
|-weather|RainDance|[upkeep]
|upkeep
|turn|7
|
|t:|1785826659
|move|p2a: Houndoom|Dark Pulse|p1a: Pelipper
|-damage|p1a: Pelipper|42/100
|-enditem|p1a: Pelipper|Sitrus Berry|[eat]
|-heal|p1a: Pelipper|67/100|[from] item: Sitrus Berry
|move|p2b: Venusaur|Sludge Bomb|p1a: Pelipper
|-damage|p1a: Pelipper|0 fnt
|faint|p1a: Pelipper
|-damage|p2b: Venusaur|5/100|[from] item: Life Orb
|
|win|WildTamer
