|j|☆jrohn33
|j|☆The_AG_Is_Real
|html|jrohn33The_AG_Is_Real    
|uhtml|bestof|Game 1 of a best-of-3
|t:|1785267739
|gametype|doubles
|player|p1|jrohn33|artist-gen4|1135
|player|p2|The_AG_Is_Real|rika|1233
|gen|9
|tier|[Gen 9 Champions] VGC 2026 Reg M-B (Bo3)
|rated|
|rule|Species Clause: Limit one of each Pokémon
|rule|Item Clause: Limit 1 of each item
|clearpoke
|poke|p1|Farigiraf, L50, F, shiny|
|poke|p1|Whimsicott, L50, F, shiny|
|poke|p1|Raichu, L50, M|
|poke|p1|Mawile, L50, M, shiny|
|poke|p1|Garchomp, L50, M, shiny|
|poke|p1|Basculegion, L50, M, shiny|
|poke|p2|Incineroar, L50, M|
|poke|p2|Milotic, L50, M|
|poke|p2|Sinistcha-Masterpiece, L50|
|poke|p2|Sylveon, L50, F|
|poke|p2|Kingambit, L50, M|
|poke|p2|Blaziken, L50, F|
|teampreview|4
|showteam|p1|Farigiraf||ColburBerry|ArmorTail|Protect,TrickRoom,TwinBeam,LightScreen|Modest||F|||50|]Whimsicott||FocusSash|Prankster|Tailwind,Encore,Moonblast,Protect|Timid||F|||50|]Raichu||RaichuniteY|Static|FakeOut,ZapCannon,FocusBlast,Protect|Modest||M|||50|]Mawile||Mawilite|HyperCutter|IronHead,PlayRough,Protect,SwordsDance|Adamant||M|||50|]Garchomp||LifeOrb|RoughSkin|Earthquake,Protect,DragonClaw,SwordsDance|Jolly||M|||50|]Basculegion||ChoiceScarf|Adaptability|FlipTurn,LastRespects,Liquidation,IceFang|Jolly||M|||50|
|showteam|p2|Incineroar||SitrusBerry|Intimidate|FlareBlitz,DarkestLariat,FakeOut,PartingShot|Careful||M|||50|]Milotic||Leftovers|Competitive|MuddyWater,Hypnosis,Coil,Protect|Bold||M|||50|]Sinistcha-Masterpiece||ColburBerry|Hospitality|MatchaGotcha,RagePowder,TrickRoom,LifeDew|Bold|||||50|]Sylveon||FairyFeather|Pixilate|HyperVoice,HyperBeam,QuickAttack,Protect|Modest||F|||50|]Kingambit||BlackGlasses|Defiant|SuckerPunch,KowtowCleave,SwordsDance,Protect|Adamant||M|||50|]Blaziken||Blazikenite|SpeedBoost|FlareBlitz,CloseCombat,RockSlide,Detect|Adamant||F|||50|
|inactive|Battle timer is ON: inactive players will automatically lose when time's up. (requested by The_AG_Is_Real)
|inactive|jrohn33 also wants the timer to be on.
|inactive|The_AG_Is_Real has 60 seconds left.
|
|t:|1785267778
|teamsize|p1|4
|teamsize|p2|4
|start
|switch|p1a: Whimsicott|Whimsicott, L50, F, shiny|100/100
|switch|p1b: Raichu|Raichu, L50, M|100/100
|switch|p2a: Sylveon|Sylveon, L50, F|100/100
|switch|p2b: Incineroar|Incineroar, L50, M|100/100
|-ability|p2b: Incineroar|Intimidate|boost
|-unboost|p1a: Whimsicott|atk|1
|-unboost|p1b: Raichu|atk|1
|turn|1
|
|t:|1785267793
|switch|p1a: Farigiraf|Farigiraf, L50, F, shiny|100/100
|detailschange|p1b: Raichu|Raichu-Mega-Y, L50, M
|-mega|p1b: Raichu|Raichu|Raichunite Y
|move|p1b: Raichu|Zap Cannon|p2a: Sylveon
|-damage|p2a: Sylveon|37/100
|-status|p2a: Sylveon|par
|move|p2b: Incineroar|Parting Shot|p1a: Farigiraf
|-unboost|p1a: Farigiraf|atk|1
|-unboost|p1a: Farigiraf|spa|1
|
|t:|1785267801
|switch|p2b: Sinistcha|Sinistcha-Masterpiece, L50|100/100|[from] Parting Shot
|-heal|p2a: Sylveon|62/100 par|[from] ability: Hospitality|[of] p2b: Sinistcha
|move|p2a: Sylveon|Hyper Voice|p1b: Raichu|[spread] p1a,p1b
|-damage|p1a: Farigiraf|52/100
|-damage|p1b: Raichu|26/100
|
|upkeep
|turn|2
|
|t:|1785267819
|move|p2a: Sylveon|Protect|p2a: Sylveon
|-singleturn|p2a: Sylveon|Protect
|move|p1b: Raichu|Zap Cannon|p2b: Sinistcha
|-resisted|p2b: Sinistcha|1
|-damage|p2b: Sinistcha|53/100
|-status|p2b: Sinistcha|par
|move|p1a: Farigiraf|Twin Beam|p2b: Sinistcha
|-damage|p2b: Sinistcha|39/100 par
|-damage|p2b: Sinistcha|25/100 par
|-hitcount|p2b: Sinistcha|2
|move|p2b: Sinistcha|Matcha Gotcha|p1b: Raichu|[spread] p1a,p1b
|-damage|p1a: Farigiraf|27/100
|-heal|p2b: Sinistcha|41/100 par|[from] drain|[of] p1a: Farigiraf
|-damage|p1b: Raichu|0 fnt
|-heal|p2b: Sinistcha|52/100 par|[from] drain|[of] p1b: Raichu
|faint|p1b: Raichu
|
|upkeep
|
|t:|1785267831
|switch|p1b: Garchomp|Garchomp, L50, M, shiny|100/100
|turn|3
|
|t:|1785267847
|switch|p2a: Incineroar|Incineroar, L50, M|100/100
|-ability|p2a: Incineroar|Intimidate|boost
|-unboost|p1a: Farigiraf|atk|1
|-unboost|p1b: Garchomp|atk|1
|move|p1b: Garchomp|Protect|p1b: Garchomp
|-singleturn|p1b: Garchomp|Protect
|move|p2b: Sinistcha|Rage Powder|p2b: Sinistcha
|-singleturn|p2b: Sinistcha|move: Rage Powder
|move|p1a: Farigiraf|Twin Beam|p2b: Sinistcha
|-damage|p2b: Sinistcha|39/100 par
|-damage|p2b: Sinistcha|24/100 par
|-hitcount|p2b: Sinistcha|2
|
|upkeep
|turn|4
|inactive|The_AG_Is_Real has 30 seconds left.
|inactive|The_AG_Is_Real has 20 seconds left.
|
|t:|1785267884
|switch|p2b: Kingambit|Kingambit, L50, M|100/100
|move|p1b: Garchomp|Swords Dance|p1b: Garchomp
|-boost|p1b: Garchomp|atk|2
|move|p2a: Incineroar|Parting Shot|p1b: Garchomp
|-unboost|p1b: Garchomp|atk|1
|-unboost|p1b: Garchomp|spa|1
|
|t:|1785267893
|switch|p2a: Sinistcha|Sinistcha-Masterpiece, L50|24/100 par|[from] Parting Shot
|move|p1a: Farigiraf|Light Screen|p1a: Farigiraf
|-sidestart|p1: jrohn33|move: Light Screen
|
|upkeep
|turn|5
|
|t:|1785267903
|switch|p2a: Incineroar|Incineroar, L50, M|100/100
|-ability|p2a: Incineroar|Intimidate|boost
|-unboost|p1a: Farigiraf|atk|1
|-unboost|p1b: Garchomp|atk|1
|move|p1b: Garchomp|Earthquake|p2b: Kingambit|[spread] p1a,p2a,p2b
|-supereffective|p2a: Incineroar|1
|-supereffective|p2b: Kingambit|1
|-damage|p1a: Farigiraf|1/100
|-damage|p2a: Incineroar|45/100
|-damage|p2b: Kingambit|54/100
|-enditem|p2a: Incineroar|Sitrus Berry|[eat]
|-heal|p2a: Incineroar|70/100|[from] item: Sitrus Berry
|-damage|p1b: Garchomp|90/100|[from] item: Life Orb
|move|p1a: Farigiraf|Twin Beam|p2a: Incineroar
|-immune|p2a: Incineroar
|move|p2b: Kingambit|Kowtow Cleave|p1a: Farigiraf
|-supereffective|p1a: Farigiraf|1
|-enditem|p1a: Farigiraf|Colbur Berry|[eat]
|-enditem|p1a: Farigiraf|Colbur Berry|[weaken]
|-damage|p1a: Farigiraf|0 fnt
|faint|p1a: Farigiraf
|
|upkeep
|
|t:|1785267906
|switch|p1a: Whimsicott|Whimsicott, L50, F, shiny|100/100
|turn|6
|
|t:|1785267919
|move|p2a: Incineroar|Fake Out|p1b: Garchomp
|-damage|p1b: Garchomp|79/100
|-damage|p2a: Incineroar|58/100|[from] ability: Rough Skin|[of] p1b: Garchomp
|move|p1a: Whimsicott|Tailwind|p1a: Whimsicott
|-sidestart|p1: jrohn33|move: Tailwind
|cant|p1b: Garchomp|flinch
|move|p2b: Kingambit|Swords Dance|p2b: Kingambit
|-boost|p2b: Kingambit|atk|2
|
|upkeep
|turn|7
|
|t:|1785267930
|move|p2b: Kingambit|Sucker Punch|p1b: Garchomp
|-damage|p1b: Garchomp|0 fnt
|-damage|p2b: Kingambit|41/100|[from] ability: Rough Skin|[of] p1b: Garchomp
|faint|p1b: Garchomp
|move|p1a: Whimsicott|Moonblast|p2b: Kingambit
|-damage|p2b: Kingambit|5/100
|move|p2a: Incineroar|Flare Blitz|p1a: Whimsicott
|-supereffective|p1a: Whimsicott|1
|-enditem|p1a: Whimsicott|Focus Sash
|-damage|p1a: Whimsicott|1/100
|-damage|p2a: Incineroar|36/100|[from] Recoil
|
|upkeep
|turn|8
|-message|jrohn33 forfeited.
|
|win|The_AG_Is_Real
