|j|☆Hoanglatao
|j|☆zytexd
|html|Hoanglataozytexd    
|uhtml|bestof|Game 1 of a best-of-3
|t:|1784336293
|gametype|doubles
|player|p1|Hoanglatao|170|1140
|player|p2|zytexd|lucas|1070
|gen|9
|tier|[Gen 9 Champions] VGC 2026 Reg M-B (Bo3)
|rated|
|rule|Species Clause: Limit one of each Pokémon
|rule|Item Clause: Limit 1 of each item
|clearpoke
|poke|p1|Metagross, L50, shiny|
|poke|p1|Floette-Eternal, L50, F|
|poke|p1|Talonflame, L50, F|
|poke|p1|Hydreigon, L50, M|
|poke|p1|Ceruledge, L50, M|
|poke|p1|Ninetales-Alola, L50, M|
|poke|p2|Malamar, L50, M|
|poke|p2|Maushold-Four, L50|
|poke|p2|Mawile, L50, F|
|poke|p2|Sinistcha-Masterpiece, L50|
|poke|p2|Whimsicott, L50, M|
|poke|p2|Incineroar, L50, M|
|teampreview|4
|showteam|p1|Metagross||Metagrossite|ClearBody|IronHead,BodyPress,PsychicFangs,Protect|Adamant|||||50|]Floette-Eternal||Floettite|FlowerVeil|Moonblast,DazzlingGleam,LightofRuin,Protect|Modest||F|||50|]Talonflame||SharpBeak|GaleWings|Tailwind,DualWingbeat,FlareBlitz,Protect|Jolly||F|||50|]Hydreigon||ChoiceScarf|Levitate|DracoMeteor,Snarl,HeatWave,EarthPower|Modest||M|||50|]Ceruledge||ColburBerry|FlashFire|BitterBlade,BulkUp,ShadowSneak,CloseCombat|Serious||M|||50|]Ninetales-Alola||NeverMeltIce|SnowWarning|AuroraVeil,Encore,FreezeDry,Blizzard|Timid||M|||50|
|showteam|p2|Malamar||Malamarite|Contrary|Superpower,KnockOff,TrickRoom,Protect|Adamant||M|||50|]Maushold-Four||WideLens|Technician|PopulationBomb,FollowMe,Feint,Protect|Jolly|||||50|]Mawile||Mawilite|HyperCutter|PlayRough,RockSlide,SuckerPunch,Protect|Brave||F|||50|]Sinistcha-Masterpiece||ColburBerry|Hospitality|MatchaGotcha,LifeDew,RagePowder,Protect|Calm|||||50|]Whimsicott||FocusSash|Prankster|Moonblast,Tailwind,Charm,FakeTears|Modest||M|||50|]Incineroar||LifeOrb|Intimidate|FlareBlitz,DarkestLariat,PartingShot,FakeOut|Brave||M|||50|
|
|t:|1784336334
|teamsize|p1|4
|teamsize|p2|4
|start
|switch|p1a: Hydreigon|Hydreigon, L50, M|100/100
|switch|p1b: Floette|Floette-Eternal, L50, F|100/100
|switch|p2a: Incineroar|Incineroar, L50, M|100/100
|switch|p2b: Malamar|Malamar, L50, M|100/100
|-ability|p2a: Incineroar|Intimidate|boost
|-unboost|p1a: Hydreigon|atk|1
|-unboost|p1b: Floette|atk|1
|turn|1
|
|t:|1784336344
|detailschange|p1b: Floette|Floette-Mega, L50, F
|-mega|p1b: Floette|Floette|Floettite
|-ability|p1b: Floette|Fairy Aura
|move|p2a: Incineroar|Fake Out|p1b: Floette
|-crit|p1b: Floette
|-damage|p1b: Floette|59/100
|-damage|p2a: Incineroar|90/100|[from] item: Life Orb
|move|p1a: Hydreigon|Draco Meteor|p2b: Malamar|[miss]
|-miss|p1a: Hydreigon|p2b: Malamar
|cant|p1b: Floette|flinch
|move|p2b: Malamar|Trick Room|p2b: Malamar
|-fieldstart|move: Trick Room|[of] p2b: Malamar
|
|upkeep
|turn|2
|c|☆Hoanglatao|tf
|c|☆Hoanglatao|fake out
|c|☆Hoanglatao|40%
|c|☆Hoanglatao|??????????
|
|t:|1784336377
|switch|p1a: Ceruledge|Ceruledge, L50, M|100/100
|move|p2a: Incineroar|Parting Shot|p1b: Floette
|-unboost|p1b: Floette|atk|1
|-unboost|p1b: Floette|spa|1
|
|t:|1784336384
|switch|p2a: Mawile|Mawile, L50, F|100/100|[from] Parting Shot
|move|p2b: Malamar|Superpower|p1a: Ceruledge
|-immune|p1a: Ceruledge
|move|p1b: Floette|Dazzling Gleam|p2b: Malamar|[spread] p2a,p2b
|-resisted|p2a: Mawile|1
|-supereffective|p2b: Malamar|1
|-damage|p2a: Mawile|71/100
|-damage|p2b: Malamar|18/100
|
|upkeep
|turn|3
|
|t:|1784336421
|detailschange|p2a: Mawile|Mawile-Mega, L50, F
|-mega|p2a: Mawile|Mawile|Mawilite
|move|p1b: Floette|Protect|p1b: Floette
|-singleturn|p1b: Floette|Protect
|move|p2a: Mawile|Play Rough|p1b: Floette
|-activate|p1b: Floette|move: Protect
|move|p2b: Malamar|Knock Off|p1a: Ceruledge
|-supereffective|p1a: Ceruledge|1
|-enditem|p1a: Ceruledge|Colbur Berry|[eat]
|-enditem|p1a: Ceruledge|Colbur Berry|[weaken]
|-damage|p1a: Ceruledge|38/100
|move|p1a: Ceruledge|Bitter Blade|p2a: Mawile
|-supereffective|p2a: Mawile|1
|-damage|p2a: Mawile|0 fnt
|-heal|p1a: Ceruledge|76/100|[from] drain|[of] p2a: Mawile
|faint|p2a: Mawile
|
|upkeep
|
|t:|1784336436
|switch|p2a: Incineroar|Incineroar, L50, M|90/100
|-ability|p2a: Incineroar|Intimidate|boost
|-unboost|p1a: Ceruledge|atk|1
|-unboost|p1b: Floette|atk|1
|turn|4
|
|t:|1784336454
|move|p1a: Ceruledge|Shadow Sneak|p2b: Malamar
|-damage|p2b: Malamar|5/100
|move|p2a: Incineroar|Flare Blitz|p1b: Floette
|-damage|p1b: Floette|0 fnt
|faint|p1b: Floette
|-damage|p2a: Incineroar|75/100|[from] Recoil
|-damage|p2a: Incineroar|65/100|[from] item: Life Orb
|move|p2b: Malamar|Knock Off|p1a: Ceruledge
|-supereffective|p1a: Ceruledge|1
|-damage|p1a: Ceruledge|0 fnt
|faint|p1a: Ceruledge
|
|upkeep
|
|t:|1784336465
|switch|p1a: Hydreigon|Hydreigon, L50, M|100/100
|switch|p1b: Ninetales|Ninetales-Alola, L50, M|100/100
|-weather|Snowscape|[from] ability: Snow Warning|[of] p1b: Ninetales
|turn|5
|
|t:|1784336505
|move|p2a: Incineroar|Flare Blitz|p1b: Ninetales
|-supereffective|p1b: Ninetales|1
|-damage|p1b: Ninetales|0 fnt
|faint|p1b: Ninetales
|-damage|p2a: Incineroar|41/100|[from] Recoil
|-damage|p2a: Incineroar|31/100|[from] item: Life Orb
|move|p2b: Malamar|Superpower|p1a: Hydreigon
|-supereffective|p1a: Hydreigon|1
|-damage|p1a: Hydreigon|11/100
|-boost|p2b: Malamar|atk|1
|-boost|p2b: Malamar|def|1
|move|p1a: Hydreigon|Earth Power|p2a: Incineroar
|-supereffective|p2a: Incineroar|1
|-damage|p2a: Incineroar|0 fnt
|faint|p2a: Incineroar
|
|-weather|Snowscape|[upkeep]
|-fieldend|move: Trick Room
|upkeep
|-message|Hoanglatao forfeited.
|
|win|zytexd
|l|☆Hoanglatao
|player|p1|
