|j|‽redpkmntrainer14
|j|☆cocobennyy
|html|redpkmntrainer14cocobennyy    
|uhtml|bestof|Game 2 of a best-of-3
|t:|1784880828
|gametype|doubles
|player|p1|redpkmntrainer14|guitarist|1090
|player|p2|cocobennyy|medium|1164
|gen|9
|tier|[Gen 9 Champions] VGC 2026 Reg M-B (Bo3)
|rated|
|rule|Species Clause: Limit one of each Pokémon
|rule|Item Clause: Limit 1 of each item
|clearpoke
|poke|p1|Toucannon, L50, F|
|poke|p1|Sneasler, L50, F|
|poke|p1|Kingambit, L50, F|
|poke|p1|Scizor, L50, F, shiny|
|poke|p1|Glimmora, L50, M|
|poke|p1|Pelipper, L50, F|
|poke|p2|Charizard, L50, M|
|poke|p2|Mimikyu, L50, F|
|poke|p2|Politoed, L50, M|
|poke|p2|Venusaur, L50, M|
|poke|p2|Archaludon, L50, M|
|poke|p2|Sableye, L50, F|
|teampreview|4
|showteam|p1|Toucannon||KingsRock|SkillLink|BulletSeed,RockBlast,Tailwind,BeakBlast|Adamant||F|||50|]Sneasler||FocusSash|PoisonTouch|DireClaw,Uturn,CloseCombat,FakeOut|Adamant||F|||50|]Kingambit||LifeOrb|SupremeOverlord|Protect,KowtowCleave,IronHead,SuckerPunch|Adamant||F|||50|]Scizor||Scizorite|Technician|BulletPunch,CloseCombat,SwordsDance,BugBite|Adamant||F|||50|]Glimmora||ShucaBerry|ToxicDebris|DazzlingGleam,EarthPower,PowerGem,SludgeBomb|Modest||M|||50|]Pelipper||DampRock|Drizzle|IcyWind,MuddyWater,WideGuard,Hurricane|Modest||F|||50|
|showteam|p2|Charizard||CharizarditeY|Blaze|Protect,HeatWave,WeatherBall,SolarBeam|Modest||M|||50|]Mimikyu||LifeOrb|Disguise|Protect,PlayRough,ShadowClaw,TrickRoom|Adamant||F|||50|]Politoed||SitrusBerry|Drizzle|Protect,PerishSong,IceBeam,WeatherBall|Calm||M|||50|]Venusaur||Venusaurite|Chlorophyll|Protect,SludgeBomb,GigaDrain,EarthPower|Modest||M|||50|]Archaludon||Leftovers|Stamina|Protect,ElectroShot,FlashCannon,DragonPulse|Timid||M|||50|]Sableye||LightClay|Prankster|Quash,RainDance,LightScreen,Reflect|Careful||F|||50|
|
|t:|1784880856
|teamsize|p1|4
|teamsize|p2|4
|start
|switch|p1a: Toucannon|Toucannon, L50, F|100/100
|switch|p1b: Glimmora|Glimmora, L50, M|100/100
|switch|p2a: Venusaur|Venusaur, L50, M|100/100
|switch|p2b: Politoed|Politoed, L50, M|100/100
|-weather|RainDance|[from] ability: Drizzle|[of] p2b: Politoed
|turn|1
|inactive|Battle timer is ON: inactive players will automatically lose when time's up. (requested by redpkmntrainer14)
|inactive|cocobennyy has 60 seconds left.
|
|t:|1784880913
|detailschange|p2a: Venusaur|Venusaur-Mega, L50, M
|-mega|p2a: Venusaur|Venusaur|Venusaurite
|move|p2a: Venusaur|Giga Drain|p1b: Glimmora
|-damage|p1b: Glimmora|42/100
|move|p1a: Toucannon|Bullet Seed|p2b: Politoed
|-supereffective|p2b: Politoed|1
|-damage|p2b: Politoed|81/100
|-supereffective|p2b: Politoed|1
|-damage|p2b: Politoed|63/100
|-supereffective|p2b: Politoed|1
|-damage|p2b: Politoed|43/100
|-enditem|p2b: Politoed|Sitrus Berry|[eat]
|-heal|p2b: Politoed|68/100|[from] item: Sitrus Berry
|-supereffective|p2b: Politoed|1
|-damage|p2b: Politoed|51/100
|-supereffective|p2b: Politoed|1
|-damage|p2b: Politoed|32/100
|-hitcount|p2b: Politoed|5
|move|p1b: Glimmora|Sludge Bomb|p2a: Venusaur
|-damage|p2a: Venusaur|47/100
|cant|p2b: Politoed|flinch
|
|-weather|RainDance|[upkeep]
|upkeep
|turn|2
|inactive|redpkmntrainer14 has 30 seconds left.
|inactive|cocobennyy has 30 seconds left.
|
|t:|1784880942
|switch|p1b: Kingambit|Kingambit, L50, F|100/100
|switch|p2b: Archaludon|Archaludon, L50, M|100/100
|move|p2a: Venusaur|Giga Drain|p1b: Kingambit
|-resisted|p1b: Kingambit|1
|-damage|p1b: Kingambit|77/100
|-heal|p2a: Venusaur|60/100|[from] drain|[of] p1b: Kingambit
|move|p1a: Toucannon|Tailwind|p1a: Toucannon
|-sidestart|p1: redpkmntrainer14|move: Tailwind
|
|-weather|RainDance|[upkeep]
|upkeep
|turn|3
|inactive|cocobennyy has 30 seconds left.
|inactive|cocobennyy has 20 seconds left.
|
|t:|1784880981
|-end|p1b: Kingambit|fallenundefined|[silent]
|switch|p1b: Sneasler|Sneasler, L50, F|100/100
|-singleturn|p1a: Toucannon|move: Beak Blast
|move|p2a: Venusaur|Protect|p2a: Venusaur
|-singleturn|p2a: Venusaur|Protect
|move|p2b: Archaludon|Electro Shot||[still]
|-prepare|p2b: Archaludon|Electro Shot
|-boost|p2b: Archaludon|spa|1
|-anim|p2b: Archaludon|Electro Shot|p1a: Toucannon
|-supereffective|p1a: Toucannon|1
|-damage|p1a: Toucannon|0 fnt
|faint|p1a: Toucannon
|
|-weather|RainDance|[upkeep]
|upkeep
|
|t:|1784880991
|switch|p1a: Kingambit|Kingambit, L50, F|77/100
|-activate|p1a: Kingambit|ability: Supreme Overlord
|-start|p1a: Kingambit|fallen1|[silent]
|turn|4
|
|t:|1784881015
|switch|p2a: Politoed|Politoed, L50, M|32/100
|move|p1b: Sneasler|Close Combat|p2b: Archaludon
|-supereffective|p2b: Archaludon|1
|-damage|p2b: Archaludon|11/100
|-unboost|p1b: Sneasler|def|1
|-unboost|p1b: Sneasler|spd|1
|-ability|p2b: Archaludon|Stamina|boost
|-boost|p2b: Archaludon|def|1
|move|p1a: Kingambit|Kowtow Cleave|p2a: Politoed
|-damage|p2a: Politoed|0 fnt
|faint|p2a: Politoed
|-damage|p1a: Kingambit|67/100|[from] item: Life Orb
|move|p2b: Archaludon|Electro Shot||[still]
|-prepare|p2b: Archaludon|Electro Shot
|-boost|p2b: Archaludon|spa|1
|-anim|p2b: Archaludon|Electro Shot|p1b: Sneasler
|-enditem|p1b: Sneasler|Focus Sash
|-damage|p1b: Sneasler|1/100
|
|-weather|RainDance|[upkeep]
|-heal|p2b: Archaludon|17/100|[from] item: Leftovers
|upkeep
|
|t:|1784881038
|switch|p2a: Charizard|Charizard, L50, M|100/100
|turn|5
|
|t:|1784881051
|move|p2a: Charizard|Protect|p2a: Charizard
|-singleturn|p2a: Charizard|Protect
|move|p2b: Archaludon|Protect|p2b: Archaludon
|-singleturn|p2b: Archaludon|Protect
|move|p1a: Kingambit|Sucker Punch||[still]
|-fail|p1a: Kingambit
|move|p1b: Sneasler|Dire Claw|p2a: Charizard
|-activate|p2a: Charizard|move: Protect
|
|-weather|none
|-heal|p2b: Archaludon|23/100|[from] item: Leftovers
|-sideend|p1: redpkmntrainer14|move: Tailwind
|upkeep
|turn|6
|
|t:|1784881069
|move|p2b: Archaludon|Protect|p2b: Archaludon
|-singleturn|p2b: Archaludon|Protect
|move|p1a: Kingambit|Sucker Punch||[still]
|-fail|p1a: Kingambit
|move|p1b: Sneasler|Dire Claw|p2a: Charizard
|-damage|p2a: Charizard|53/100
|move|p2a: Charizard|Heat Wave|p1a: Kingambit|[spread] p1a,p1b
|-supereffective|p1a: Kingambit|1
|-damage|p1a: Kingambit|0 fnt
|-damage|p1b: Sneasler|0 fnt
|faint|p1a: Kingambit
|-end|p1a: Kingambit|fallen1|[silent]
|faint|p1b: Sneasler
|
|-heal|p2b: Archaludon|29/100|[from] item: Leftovers
|upkeep
|
|t:|1784881078
|switch|p1b: Glimmora|Glimmora, L50, M|42/100
|turn|7
|-message|redpkmntrainer14 forfeited.
|
|win|cocobennyy
|raw|redpkmntrainer14's rating: 1090 → 1071(-19 for losing)
|raw|cocobennyy's rating: 1164 → 1184(+20 for winning)
|l|‽redpkmntrainer14
|player|p1|
