|j|☆tidal otter
|j|☆Galactikitty
|html|tidal otterGalactikitty    
|uhtml|bestof|Game 2 of a best-of-3
|t:|1784403800
|gametype|doubles
|player|p1|tidal otter|siebold|
|player|p2|Galactikitty|galacticgruntf|
|gen|9
|tier|[Gen 9 Champions] VGC 2026 Reg M-B (Bo3)
|rule|Species Clause: Limit one of each Pokémon
|rule|Item Clause: Limit 1 of each item
|clearpoke
|poke|p1|Charizard, L50, F|
|poke|p1|Venusaur, L50, M|
|poke|p1|Annihilape, L50, F|
|poke|p1|Maushold, L50|
|poke|p1|Grimmsnarl, L50, M|
|poke|p1|Glimmora, L50, M|
|poke|p2|Houndoom, L50, F|
|poke|p2|Torkoal, L50, F|
|poke|p2|Leafeon, L50, F|
|poke|p2|Araquanid, L50, M|
|poke|p2|Florges, L50, F|
|poke|p2|Drampa, L50, M|
|teampreview|4
|showteam|p1|Charizard||CharizarditeY|Blaze|HeatWave,SolarBeam,WeatherBall,Protect|Timid||F|||50|]Venusaur||LifeOrb|Chlorophyll|EarthPower,GigaDrain,SleepPowder,Protect|Modest||M|||50|]Annihilape||Leftovers|Defiant|RageFist,DrainPunch,BulkUp,Protect|Adamant||F|||50|]Maushold||ChopleBerry|FriendGuard|BeatUp,SuperFang,FollowMe,Protect|Jolly|||||50|]Grimmsnarl||LightClay|Prankster|FakeOut,LightScreen,Reflect,SpiritBreak|Adamant||M|||50|]Glimmora||FocusSash|ToxicDebris|PowerGem,SludgeBomb,DazzlingGleam,SpikyShield|Timid||M|||50|
|showteam|p2|Houndoom||Houndoominite|FlashFire|DarkPulse,SludgeBomb,HeatWave,Protect|Timid||F|||50|]Torkoal||Charcoal|Drought|Eruption,Protect,HelpingHand,Flamethrower|Calm||F|||50|]Leafeon||FocusSash|Chlorophyll|LeafBlade,SolarBlade,Protect,QuickAttack|Adamant||F|||50|]Araquanid||Leftovers|WaterBubble|LeechLife,Liquidation,WideGuard,Crunch|Adamant||M|||50|]Florges||ChoiceScarf|FlowerVeil|Moonblast,PsychicNoise,GigaDrain,Trick|Modest||F|||50|]Drampa||Drampanite|SapSipper|DragonPulse,EarthPower,IceBeam,Thunderbolt|Modest||M|||50|
|
|t:|1784403851
|teamsize|p1|4
|teamsize|p2|4
|start
|switch|p1a: Zirconis|Glimmora, L50, M|100/100
|switch|p1b: Skiadrum|Annihilape, L50, F|100/100
|switch|p2a: Torkoal|Torkoal, L50, F|100/100
|switch|p2b: Leafeon|Leafeon, L50, F|100/100
|-weather|SunnyDay|[from] ability: Drought|[of] p2a: Torkoal
|turn|1
|j| pokseanz
|
|t:|1784403871
|move|p2b: Leafeon|Solar Blade||[still]
|-prepare|p2b: Leafeon|Solar Blade
|-anim|p2b: Leafeon|Solar Blade|p1a: Zirconis
|-damage|p1a: Zirconis|23/100
|-activate|p1a: Zirconis|ability: Toxic Debris
|-sidestart|p2: Galactikitty|move: Toxic Spikes
|move|p1a: Zirconis|Power Gem|p2a: Torkoal
|-supereffective|p2a: Torkoal|1
|-damage|p2a: Torkoal|18/100
|move|p1b: Skiadrum|Bulk Up|p1b: Skiadrum
|-boost|p1b: Skiadrum|atk|1
|-boost|p1b: Skiadrum|def|1
|move|p2a: Torkoal|Eruption|p1a: Zirconis|[spread] p1a,p1b
|-resisted|p1a: Zirconis|1
|-damage|p1a: Zirconis|16/100
|-damage|p1b: Skiadrum|89/100
|
|-weather|SunnyDay|[upkeep]
|-heal|p1b: Skiadrum|95/100|[from] item: Leftovers
|upkeep
|turn|2
|
|t:|1784403891
|move|p2a: Torkoal|Helping Hand|p2b: Leafeon
|-singleturn|p2b: Leafeon|Helping Hand|[of] p2a: Torkoal
|move|p1a: Zirconis|Spiky Shield|p1a: Zirconis
|-singleturn|p1a: Zirconis|move: Protect
|move|p2b: Leafeon|Solar Blade||[still]
|-prepare|p2b: Leafeon|Solar Blade
|-anim|p2b: Leafeon|Solar Blade|p1b: Skiadrum
|-damage|p1b: Skiadrum|36/100
|move|p1b: Skiadrum|Drain Punch|p2a: Torkoal
|-crit|p2a: Torkoal
|-damage|p2a: Torkoal|0 fnt
|-heal|p1b: Skiadrum|44/100|[from] drain|[of] p2a: Torkoal
|faint|p2a: Torkoal
|
|-weather|SunnyDay|[upkeep]
|-heal|p1b: Skiadrum|50/100g|[from] item: Leftovers
|upkeep
|c|☆Galactikitty|leafeon my GOD
|j| sadkoolaid
|c|☆Galactikitty|please do some damage
|
|t:|1784403914
|switch|p2a: Drampa|Drampa, L50, M|100/100
|-status|p2a: Drampa|psn
|turn|3
|
|t:|1784403968
|move|p2b: Leafeon|Protect|p2b: Leafeon
|-singleturn|p2b: Leafeon|Protect
|move|p1a: Zirconis|Sludge Bomb|p2b: Leafeon
|-activate|p2b: Leafeon|move: Protect
|move|p1b: Skiadrum|Drain Punch|p2a: Drampa
|-supereffective|p2a: Drampa|1
|-damage|p2a: Drampa|0 fnt
|-heal|p1b: Skiadrum|93/100|[from] drain|[of] p2a: Drampa
|faint|p2a: Drampa
|
|-weather|SunnyDay|[upkeep]
|-heal|p1b: Skiadrum|99/100|[from] item: Leftovers
|upkeep
|j| Milkshook♡
|c|☆Galactikitty|i think i forgot to click a button !!! damn
|
|t:|1784403995
|switch|p2a: Araquanid|Araquanid, L50, M|100/100
|-status|p2a: Araquanid|psn
|turn|4
|
|t:|1784404016
|move|p2b: Leafeon|Solar Blade||[still]
|-prepare|p2b: Leafeon|Solar Blade
|-anim|p2b: Leafeon|Solar Blade|p1a: Zirconis
|-damage|p1a: Zirconis|0 fnt
|-activate|p1a: Zirconis|ability: Toxic Debris
|-sidestart|p2: Galactikitty|move: Toxic Spikes
|faint|p1a: Zirconis
|move|p1b: Skiadrum|Rage Fist|p2a: Araquanid
|-damage|p2a: Araquanid|0 fnt
|faint|p2a: Araquanid
|
|-weather|SunnyDay|[upkeep]
|-heal|p1b: Skiadrum|100/100|[from] item: Leftovers
|upkeep
|
|t:|1784404022
|switch|p1a: Igneel|Charizard, L50, F|100/100
|turn|5
|
|t:|1784404033
|move|p2b: Leafeon|Solar Blade||[still]
|-prepare|p2b: Leafeon|Solar Blade
|-anim|p2b: Leafeon|Solar Blade|p1b: Skiadrum
|-damage|p1b: Skiadrum|55/100
|move|p1a: Igneel|Weather Ball|p2b: Leafeon
|-supereffective|p2b: Leafeon|1
|-enditem|p2b: Leafeon|Focus Sash
|-damage|p2b: Leafeon|1/100
|move|p1b: Skiadrum|Rage Fist|p2b: Leafeon
|-damage|p2b: Leafeon|0 fnt
|faint|p2b: Leafeon
|
|win|tidal otter
|c|☆tidal otter|gg
|c|☆Galactikitty|gg
|l| sadkoolaid
