|j|☆PoorMonVgc
|j|☆epic17x
|html|PoorMonVgcepic17x    
|uhtml|bestof|Game 3 of a best-of-3
|t:|1756069687
|gametype|doubles
|player|p1|PoorMonVgc|101|1181
|player|p2|epic17x|dragontamer|1290
|gen|9
|tier|[Gen 9] VGC 2025 Reg H (Bo3)
|rated|
|rule|Species Clause: Limit one of each Pokémon
|rule|Item Clause: Limit 1 of each item
|clearpoke
|poke|p1|Gholdengo, L50|
|poke|p1|Rillaboom, L50, F|
|poke|p1|Dragonite, L50, F|
|poke|p1|Incineroar, L50, M|
|poke|p1|Sneasler, L50, M|
|poke|p1|Archaludon, L50, F|
|poke|p2|Ninetales-Alola, L50, F|
|poke|p2|Rillaboom, L50, F|
|poke|p2|Magmar, L50, F|
|poke|p2|Sneasler, L50, M|
|poke|p2|Kingambit, L50, M|
|poke|p2|Basculegion, L50, M|
|teampreview|4
|showteam|p1|Gholdengo||GrassySeed|GoodasGold|NastyPlot,ShadowBall,MakeItRain,Protect||||||50|,,,,,Dragon]Rillaboom||AssaultVest|GrassySurge|FakeOut,HighHorsepower,DrumBeating,GrassyGlide|||F|||50|,,,,,Fire]Dragonite||LoadedDice|Multiscale|Tailwind,ScaleShot,Haze,Protect|||F|||50|,,,,,Fairy]Incineroar||SafetyGoggles|Intimidate|FlareBlitz,FakeOut,KnockOff,PartingShot|||M|||50|,,,,,Ghost]Sneasler||WhiteHerb|Unburden|ThroatChop,CloseCombat,DireClaw,Protect|||M|||50|,,,,,Ghost]Archaludon||PowerHerb|Sturdy|ElectroShot,Thunderbolt,DragonPulse,Protect|||F|||50|,,,,,Electric
|showteam|p2|Ninetales-Alola||NeverMeltIce|SnowWarning|Blizzard,FreezeDry,Encore,Protect|||F|||50|,,,,,Ghost]Rillaboom||AssaultVest|GrassySurge|WoodHammer,FakeOut,Uturn,GrassyGlide|||F|||50|,,,,,Ghost]Magmar||Eviolite|VitalSpirit|Protect,HeatWave,WillOWisp,FollowMe|||F|||50|,,,,,Ghost]Sneasler||FocusSash|PoisonTouch|FakeOut,DireClaw,CloseCombat,Protect|||M|||50|,,,,,Ghost]Kingambit||BlackGlasses|Defiant|KowtowCleave,SwordsDance,SuckerPunch,Protect|||M|||50|,,,,,Fire]Basculegion||ChoiceScarf|Adaptability|WaveCrash,FlipTurn,TeraBlast,LastRespects|||M|||50|,,,,,Fighting
|inactive|Battle timer is ON: inactive players will automatically lose when time's up. (requested by epic17x)
|
|t:|1756069714
|teamsize|p1|4
|teamsize|p2|4
|start
|switch|p1a: Rillaboom|Rillaboom, L50, F|100/100
|switch|p1b: Gholdengo|Gholdengo, L50|100/100
|switch|p2a: Magmar|Magmar, L50, F|100/100
|switch|p2b: Kingambit|Kingambit, L50, M|100/100
|-fieldstart|move: Grassy Terrain|[from] ability: Grassy Surge|[of] p1a: Rillaboom
|-enditem|p1b: Gholdengo|Grassy Seed
|-boost|p1b: Gholdengo|def|1|[from] item: Grassy Seed
|turn|1
|
|t:|1756069727
|-terastallize|p1b: Gholdengo|Dragon
|move|p1a: Rillaboom|Fake Out|p2a: Magmar
|-damage|p2a: Magmar|89/100
|cant|p2a: Magmar|flinch
|move|p1b: Gholdengo|Nasty Plot|p1b: Gholdengo
|-boost|p1b: Gholdengo|spa|2
|move|p2b: Kingambit|Swords Dance|p2b: Kingambit
|-boost|p2b: Kingambit|atk|2
|
|-heal|p2a: Magmar|95/100|[from] Grassy Terrain
|upkeep
|turn|2
|
|t:|1756069744
|move|p2a: Magmar|Follow Me|p2a: Magmar
|-singleturn|p2a: Magmar|move: Follow Me
|move|p1a: Rillaboom|High Horsepower|p2a: Magmar
|-supereffective|p2a: Magmar
|-damage|p2a: Magmar|47/100
|move|p1b: Gholdengo|Shadow Ball|p2a: Magmar
|-damage|p2a: Magmar|0 fnt
|faint|p2a: Magmar
|move|p2b: Kingambit|Kowtow Cleave|p1b: Gholdengo
|-damage|p1b: Gholdengo|21/100
|
|-heal|p1b: Gholdengo|27/100|[from] Grassy Terrain
|upkeep
|
|t:|1756069752
|switch|p2a: Ninetales|Ninetales-Alola, L50, F|100/100
|-weather|Snowscape|[from] ability: Snow Warning|[of] p2a: Ninetales
|turn|3
|
|t:|1756069762
|move|p1b: Gholdengo|Protect|p1b: Gholdengo
|-singleturn|p1b: Gholdengo|Protect
|move|p2a: Ninetales|Blizzard|p1b: Gholdengo|[spread] p1a
|-activate|p1b: Gholdengo|move: Protect
|-supereffective|p1a: Rillaboom
|-damage|p1a: Rillaboom|35/100
|-status|p1a: Rillaboom|frz
|cant|p1a: Rillaboom|frz
|move|p2b: Kingambit|Kowtow Cleave|p1a: Rillaboom
|-damage|p1a: Rillaboom|0 fnt
|faint|p1a: Rillaboom
|
|-weather|Snowscape|[upkeep]
|-heal|p1b: Gholdengo|33/100|[from] Grassy Terrain
|upkeep
|
|t:|1756069769
|switch|p1a: Sneasler|Sneasler, L50, M|100/100
|turn|4
|inactive|epic17x has 30 seconds left.
|
|t:|1756069799
|-terastallize|p2a: Ninetales|Ghost
|move|p2b: Kingambit|Sucker Punch|p1a: Sneasler
|-resisted|p1a: Sneasler
|-damage|p1a: Sneasler|14/100
|move|p1a: Sneasler|Dire Claw|p2a: Ninetales
|-resisted|p2a: Ninetales
|-damage|p2a: Ninetales|72/100
|-status|p2a: Ninetales|psn
|move|p2a: Ninetales|Blizzard|p1b: Gholdengo|[spread] p1a,p1b
|-supereffective|p1b: Gholdengo
|-damage|p1a: Sneasler|0 fnt
|-damage|p1b: Gholdengo|0 fnt
|faint|p1a: Sneasler
|faint|p1b: Gholdengo
|
|-weather|Snowscape|[upkeep]
|-heal|p2a: Ninetales|78/100 psn|[from] Grassy Terrain
|-damage|p2a: Ninetales|66/100 psn|[from] psn
|upkeep
|
|t:|1756069808
|switch|p1b: Dragonite|Dragonite, L50, F|100/100
|turn|5
|-message|PoorMonVgc forfeited.
|
|win|epic17x
|raw|PoorMonVgc's rating: 1181 → 1164(-17 for losing)
|raw|epic17x's rating: 1290 → 1307(+17 for winning)
|l|☆PoorMonVgc
|player|p1|
