|j|☆FreezyPop439
|j|☆arcacagne
|html|FreezyPop439arcacagne    
|uhtml|bestof|Game 2 of a best-of-3
|t:|1783077513
|gametype|doubles
|player|p1|FreezyPop439|collector|1285
|player|p2|arcacagne|artist|1301
|gen|9
|tier|[Gen 9 Champions] VGC 2026 Reg M-B (Bo3)
|rated|
|rule|Species Clause: Limit one of each Pokémon
|rule|Item Clause: Limit 1 of each item
|clearpoke
|poke|p1|Raichu, L50, M|
|poke|p1|Gyarados, L50, F|
|poke|p1|Mamoswine, L50, M|
|poke|p1|Ceruledge, L50, F|
|poke|p1|Clefable, L50, F|
|poke|p1|Kingambit, L50, M|
|poke|p2|Delphox, L50, F|
|poke|p2|Incineroar, L50, F|
|poke|p2|Blastoise, L50, F|
|poke|p2|Sneasler, L50, M|
|poke|p2|Maushold-Four, L50|
|poke|p2|Sinistcha, L50|
|teampreview|4
|showteam|p1|Raichu||RaichuniteY|Static|ZapCannon,FocusBlast,FakeOut,Protect|Timid||M|||50|]Gyarados||Gyaradosite|Intimidate|Waterfall,PowerWhip,DragonDance,Protect|Adamant||F|||50|]Mamoswine||LifeOrb|Oblivious|HighHorsepower,IceShard,IcicleCrash,Protect|Jolly||M|||50|]Ceruledge||ColburBerry|FlashFire|BitterBlade,ShadowSneak,BulkUp,Protect|Adamant||F|||50|]Clefable||SitrusBerry|Unaware|Moonblast,FollowMe,HelpingHand,Protect|Bold||F|||50|]Kingambit||FocusSash|Defiant|IronHead,KowtowCleave,SuckerPunch,LowKick|Adamant||M|||50|
|showteam|p2|Delphox||Delphoxite|Blaze|HeatWave,Psyshock,NastyPlot,Protect|Timid||F|||50|]Incineroar||PasshoBerry|Intimidate|FlareBlitz,ThroatChop,PartingShot,FakeOut|Careful||F|||50|]Blastoise||Blastoisinite|Torrent|WaterSpout,DarkPulse,ShellSmash,Protect|Modest||F|||50|]Sneasler||FocusSash|Unburden|FakeOut,CloseCombat,DireClaw,Protect|Jolly||M|||50|]Maushold-Four||ChopleBerry|FriendGuard|HelpingHand,Feint,FollowMe,Protect|Impish|||||50|]Sinistcha||KasibBerry|Hospitality|MatchaGotcha,RagePowder,LifeDew,Protect|Bold|||||50|
|inactive|Battle timer is ON: inactive players will automatically lose when time's up. (requested by arcacagne)
|
|t:|1783077543
|teamsize|p1|4
|teamsize|p2|4
|start
|switch|p1a: Raichu|Raichu, L50, M|100/100
|switch|p1b: Gyarados|Gyarados, L50, F|100/100
|switch|p2a: Blastoise|Blastoise, L50, F|100/100
|switch|p2b: Maushold|Maushold-Four, L50|100/100
|-ability|p1b: Gyarados|Intimidate|boost
|-unboost|p2a: Blastoise|atk|1
|-unboost|p2b: Maushold|atk|1
|turn|1
|inactive|arcacagne has 30 seconds left.
|
|t:|1783077568
|detailschange|p1a: Raichu|Raichu-Mega-Y, L50, M
|-mega|p1a: Raichu|Raichu|Raichunite Y
|detailschange|p2a: Blastoise|Blastoise-Mega, L50, F
|-mega|p2a: Blastoise|Blastoise|Blastoisinite
|move|p2b: Maushold|Follow Me|p2b: Maushold
|-singleturn|p2b: Maushold|move: Follow Me
|move|p1a: Raichu|Zap Cannon|p2b: Maushold
|-damage|p2b: Maushold|28/100
|-status|p2b: Maushold|par
|move|p1b: Gyarados|Dragon Dance|p1b: Gyarados
|-boost|p1b: Gyarados|atk|1
|-boost|p1b: Gyarados|spe|1
|move|p2a: Blastoise|Shell Smash|p2a: Blastoise
|-unboost|p2a: Blastoise|def|1
|-unboost|p2a: Blastoise|spd|1
|-boost|p2a: Blastoise|atk|2
|-boost|p2a: Blastoise|spa|2
|-boost|p2a: Blastoise|spe|2
|
|upkeep
|turn|2
|inactive|FreezyPop439 has 30 seconds left.
|inactive|FreezyPop439 has 20 seconds left.
|inactive|FreezyPop439 has 15 seconds left.
|inactive|FreezyPop439 has 10 seconds left.
|inactive|FreezyPop439 has 5 seconds left.
|
|t:|1783077620
|switch|p1a: Clefable|Clefable, L50, F|100/100
|move|p2b: Maushold|Follow Me|p2b: Maushold
|-singleturn|p2b: Maushold|move: Follow Me
|move|p2a: Blastoise|Dark Pulse|p1b: Gyarados
|-damage|p1b: Gyarados|5/100
|move|p1b: Gyarados|Waterfall|p2b: Maushold
|-damage|p2b: Maushold|0 fnt
|faint|p2b: Maushold
|
|upkeep
|
|t:|1783077630
|switch|p2b: Sneasler|Sneasler, L50, M|100/100
|turn|3
|
|t:|1783077634
|move|p1b: Gyarados|Protect|p1b: Gyarados
|-singleturn|p1b: Gyarados|Protect
|move|p1a: Clefable|Protect|p1a: Clefable
|-singleturn|p1a: Clefable|Protect
|move|p2a: Blastoise|Water Spout|p1b: Gyarados|[spread] 
|-activate|p1a: Clefable|move: Protect
|-activate|p1b: Gyarados|move: Protect
|move|p2b: Sneasler|Dire Claw|p1a: Clefable
|-activate|p1a: Clefable|move: Protect
|
|upkeep
|turn|4
|
|t:|1783077658
|switch|p1a: Kingambit|Kingambit, L50, M|100/100
|move|p2a: Blastoise|Water Spout|p1b: Gyarados|[spread] p1a,p1b
|-resisted|p1b: Gyarados|1
|-enditem|p1a: Kingambit|Focus Sash
|-damage|p1a: Kingambit|1/100
|-damage|p1b: Gyarados|0 fnt
|faint|p1b: Gyarados
|move|p2b: Sneasler|Dire Claw|p1a: Kingambit
|-immune|p1a: Kingambit
|
|upkeep
|
|t:|1783077662
|switch|p1b: Raichu|Raichu-Mega-Y, L50, M|100/100
|turn|5
|inactive|arcacagne has 30 seconds left.
|
|t:|1783077691
|switch|p2b: Sinistcha|Sinistcha, L50|100/100
|switch|p1b: Clefable|Clefable, L50, F|100/100
|move|p1a: Kingambit|Sucker Punch|p2a: Blastoise
|-damage|p2a: Blastoise|39/100
|move|p2a: Blastoise|Water Spout|p1b: Clefable|[spread] p1a,p1b
|-damage|p1a: Kingambit|0 fnt
|-damage|p1b: Clefable|74/100
|faint|p1a: Kingambit
|
|upkeep
|
|t:|1783077705
|switch|p1a: Raichu|Raichu-Mega-Y, L50, M|100/100
|turn|6
|
|t:|1783077723
|switch|p2b: Sneasler|Sneasler, L50, M|100/100
|move|p2a: Blastoise|Protect|p2a: Blastoise
|-singleturn|p2a: Blastoise|Protect
|move|p1a: Raichu|Fake Out|p2a: Blastoise
|-activate|p2a: Blastoise|move: Protect
|move|p1b: Clefable|Moonblast|p2b: Sneasler
|-damage|p2b: Sneasler|57/100
|
|upkeep
|turn|7
|
|t:|1783077732
|switch|p2b: Sinistcha|Sinistcha, L50|100/100
|-heal|p2a: Blastoise|64/100|[from] ability: Hospitality|[of] p2b: Sinistcha
|move|p1a: Raichu|Protect|p1a: Raichu
|-singleturn|p1a: Raichu|Protect
|move|p1b: Clefable|Protect|p1b: Clefable
|-singleturn|p1b: Clefable|Protect
|move|p2a: Blastoise|Water Spout|p1a: Raichu|[spread] 
|-activate|p1a: Raichu|move: Protect
|-activate|p1b: Clefable|move: Protect
|
|upkeep
|turn|8
|
|t:|1783077751
|switch|p2b: Sneasler|Sneasler, L50, M|57/100
|move|p2a: Blastoise|Protect|p2a: Blastoise
|-singleturn|p2a: Blastoise|Protect
|move|p1a: Raichu|Zap Cannon|p2b: Sneasler
|-damage|p2b: Sneasler|0 fnt
|faint|p2b: Sneasler
|move|p1b: Clefable|Moonblast|p2a: Blastoise
|-activate|p2a: Blastoise|move: Protect
|
|upkeep
|
|t:|1783077753
|switch|p2b: Sinistcha|Sinistcha, L50|100/100
|-heal|p2a: Blastoise|89/100|[from] ability: Hospitality|[of] p2b: Sinistcha
|turn|9
|
|t:|1783077762
|move|p1a: Raichu|Protect|p1a: Raichu
|-singleturn|p1a: Raichu|Protect
|move|p2b: Sinistcha|Rage Powder|p2b: Sinistcha
|-singleturn|p2b: Sinistcha|move: Rage Powder
|move|p2a: Blastoise|Water Spout|p1b: Clefable|[spread] p1b
|-activate|p1a: Raichu|move: Protect
|-damage|p1b: Clefable|25/100
|-enditem|p1b: Clefable|Sitrus Berry|[eat]
|-heal|p1b: Clefable|50/100g|[from] item: Sitrus Berry
|move|p1b: Clefable|Moonblast|p2b: Sinistcha
|-damage|p2b: Sinistcha|64/100
|
|upkeep
|turn|10
|
|t:|1783077785
|move|p1a: Raichu|Protect|p1a: Raichu
|-singleturn|p1a: Raichu|Protect
|move|p2b: Sinistcha|Rage Powder|p2b: Sinistcha
|-singleturn|p2b: Sinistcha|move: Rage Powder
|move|p2a: Blastoise|Water Spout|p1a: Raichu|[spread] p1b
|-activate|p1a: Raichu|move: Protect
|-damage|p1b: Clefable|0 fnt
|faint|p1b: Clefable
|
|upkeep
|turn|11
|-message|FreezyPop439 forfeited.
|
|win|arcacagne
|raw|FreezyPop439's rating: 1285 → 1261(-24 for losing)
|raw|arcacagne's rating: 1301 → 1320(+19 for winning)
