|j|☆DeinosFanN1
|j|☆JoshSketch
|html|DeinosFanN1JoshSketch    
|uhtml|bestof|Game 1 of a best-of-3
|t:|1756569961
|gametype|doubles
|player|p1|DeinosFanN1|shadowtriad|1012
|player|p2|JoshSketch|101|1038
|gen|9
|tier|[Gen 9] VGC 2025 Reg H (Bo3)
|rated|
|rule|Species Clause: Limit one of each Pokémon
|rule|Item Clause: Limit 1 of each item
|clearpoke
|poke|p1|Hydreigon, L50, F|
|poke|p1|Whimsicott, L50, F|
|poke|p1|Magmar, L50, M|
|poke|p1|Kingambit, L50, F|
|poke|p1|Rillaboom, L50, F|
|poke|p1|Haxorus, L50, M|
|poke|p2|Gholdengo, L50|
|poke|p2|Archaludon, L50, M|
|poke|p2|Pelipper, L50, M|
|poke|p2|Annihilape, L50, M|
|poke|p2|Maushold, L50|
|poke|p2|Basculegion, L50, M|
|teampreview|4
|showteam|p1|Hydreigon||Leftovers|Levitate|DarkPulse,DracoMeteor,Protect,NastyPlot|||F|||50|,,,,,Stellar]Whimsicott||FocusSash|Prankster|Moonblast,Tailwind,LightScreen,Encore|||F|||50|,,,,,Dark]Magmar||Eviolite|FlameBody|WillOWisp,FollowMe,ClearSmog,HelpingHand|||M|||50|,,,,,Fire]Kingambit||LifeOrb|Defiant|Protect,SwordsDance,SuckerPunch,KowtowCleave|||F|||50|,,,,,Dark]Rillaboom||AssaultVest|GrassySurge|DrumBeating,GrassyGlide,Uturn,FakeOut|||F|||50|,,,,,Fire]Haxorus||LoadedDice|MoldBreaker|Protect,CloseCombat,DragonDance,ScaleShot|||M|||50|,,,,,Steel
|showteam|p2|Gholdengo||LifeOrb|GoodasGold|Protect,NastyPlot,MakeItRain,ShadowBall||||||50|,,,,,Water]Archaludon||AssaultVest|Stamina|BodyPress,ElectroShot,FlashCannon,DracoMeteor|||M|||50|,,,,,Fighting]Pelipper||FocusSash|Drizzle|Tailwind,Hurricane,WeatherBall,Protect|||M|||50|,,,,,Grass]Annihilape||SafetyGoggles|Defiant|RageFist,BulkUp,CloseCombat,Protect|||M|||50|,,,,,Fairy]Maushold||WideLens|FriendGuard|BeatUp,FollowMe,Protect,Taunt||||||50|,,,,,Normal]Basculegion||ChoiceBand|SwiftSwim|WaveCrash,AquaJet,LastRespects,FlipTurn|||M|||50|,,,,,Grass
|inactive|Battle timer is ON: inactive players will automatically lose when time's up. (requested by JoshSketch)
|
|t:|1756570027
|teamsize|p1|4
|teamsize|p2|4
|start
|switch|p1a: Whimsicott|Whimsicott, L50, F|100/100
|switch|p1b: Rillaboom|Rillaboom, L50, F|100/100
|switch|p2a: Pelipper|Pelipper, L50, M|100/100
|switch|p2b: Basculegion|Basculegion, L50, M, shiny|100/100
|-fieldstart|move: Grassy Terrain|[from] ability: Grassy Surge|[of] p1b: Rillaboom
|-weather|RainDance|[from] ability: Drizzle|[of] p2a: Pelipper
|turn|1
|inactive|JoshSketch has 30 seconds left.
|inactive|JoshSketch has 20 seconds left.
|inactive|JoshSketch has 15 seconds left.
|inactive|JoshSketch has 10 seconds left.
|inactive|JoshSketch has 5 seconds left.
|
|t:|1756570082
|move|p2a: Pelipper|Protect|p2a: Pelipper
|-singleturn|p2a: Pelipper|Protect
|move|p1b: Rillaboom|Fake Out|p2a: Pelipper
|-activate|p2a: Pelipper|move: Protect
|move|p1a: Whimsicott|Tailwind|p1a: Whimsicott
|-sidestart|p1: DeinosFanN1|move: Tailwind
|move|p2b: Basculegion|Flip Turn|p1a: Whimsicott
|-resisted|p1a: Whimsicott
|-damage|p1a: Whimsicott|57/100
|
|t:|1756570092
|switch|p2b: Archaludon|Archaludon, L50, M|100/100|[from] Flip Turn
|
|-weather|RainDance|[upkeep]
|-heal|p1a: Whimsicott|63/100|[from] Grassy Terrain
|upkeep
|turn|2
|inactive|DeinosFanN1 has 30 seconds left.
|
|t:|1756570124
|move|p1a: Whimsicott|Encore|p2a: Pelipper
|-start|p2a: Pelipper|Encore
|move|p1b: Rillaboom|U-turn|p2b: Archaludon
|-resisted|p2b: Archaludon
|-damage|p2b: Archaludon|92/100
|-ability|p2b: Archaludon|Stamina|boost
|-boost|p2b: Archaludon|def|1
|
|t:|1756570137
|switch|p1b: Haxorus|Haxorus, L50, M, shiny|100/100|[from] U-turn
|-ability|p1b: Haxorus|Mold Breaker
|move|p2a: Pelipper|Protect||[still]
|-fail|p2a: Pelipper
|move|p2b: Archaludon|Flash Cannon|p1a: Whimsicott
|-supereffective|p1a: Whimsicott
|-crit|p1a: Whimsicott
|-damage|p1a: Whimsicott|0 fnt
|faint|p1a: Whimsicott
|
|-weather|RainDance|[upkeep]
|-heal|p2b: Archaludon|98/100|[from] Grassy Terrain
|upkeep
|
|t:|1756570146
|switch|p1a: Rillaboom|Rillaboom, L50, F|100/100
|turn|3
|inactive|DeinosFanN1 has 30 seconds left.
|
|t:|1756570176
|switch|p2a: Annihilape|Annihilape, L50, M|100/100
|-terastallize|p1b: Haxorus|Steel
|move|p1a: Rillaboom|Drum Beating|p2a: Annihilape
|-damage|p2a: Annihilape|51/100
|-unboost|p2a: Annihilape|spe|1
|-ability|p2a: Annihilape|Defiant|boost
|-boost|p2a: Annihilape|atk|2
|move|p1b: Haxorus|Close Combat|p2b: Archaludon
|-supereffective|p2b: Archaludon
|-damage|p2b: Archaludon|49/100
|-unboost|p1b: Haxorus|def|1
|-unboost|p1b: Haxorus|spd|1
|-ability|p2b: Archaludon|Stamina|boost
|-boost|p2b: Archaludon|def|1
|move|p2b: Archaludon|Draco Meteor|p1b: Haxorus
|-resisted|p1b: Haxorus
|-damage|p1b: Haxorus|22/100
|-unboost|p2b: Archaludon|spa|2
|
|-weather|RainDance|[upkeep]
|-heal|p1b: Haxorus|27/100|[from] Grassy Terrain
|-heal|p2b: Archaludon|55/100|[from] Grassy Terrain
|-heal|p2a: Annihilape|57/100|[from] Grassy Terrain
|upkeep
|turn|4
|inactive|DeinosFanN1 has 30 seconds left.
|inactive|JoshSketch has 30 seconds left.
|inactive|DeinosFanN1 has 20 seconds left.
|inactive|JoshSketch has 20 seconds left.
|
|t:|1756570216
|-terastallize|p2a: Annihilape|Fairy
|move|p1a: Rillaboom|Drum Beating|p2a: Annihilape
|-damage|p2a: Annihilape|8/100
|-unboost|p2a: Annihilape|spe|1
|-ability|p2a: Annihilape|Defiant|boost
|-boost|p2a: Annihilape|atk|2
|move|p1b: Haxorus|Close Combat|p2b: Archaludon
|-supereffective|p2b: Archaludon
|-damage|p2b: Archaludon|20/100
|-unboost|p1b: Haxorus|def|1
|-unboost|p1b: Haxorus|spd|1
|-ability|p2b: Archaludon|Stamina|boost
|-boost|p2b: Archaludon|def|1
|move|p2b: Archaludon|Body Press|p1b: Haxorus
|-supereffective|p1b: Haxorus
|-damage|p1b: Haxorus|0 fnt
|faint|p1b: Haxorus
|move|p2a: Annihilape|Rage Fist|p1a: Rillaboom
|-damage|p1a: Rillaboom|0 fnt
|faint|p1a: Rillaboom
|
|-weather|RainDance|[upkeep]
|-heal|p2b: Archaludon|26/100|[from] Grassy Terrain
|-heal|p2a: Annihilape|14/100|[from] Grassy Terrain
|-sideend|p1: DeinosFanN1|move: Tailwind
|upkeep
|
|t:|1756570227
|switch|p1a: Hydreigon|Hydreigon, L50, F, shiny|100/100
|turn|5
|
|t:|1756570246
|move|p1a: Hydreigon|Dark Pulse|p2a: Annihilape
|-resisted|p2a: Annihilape
|-damage|p2a: Annihilape|0 fnt
|faint|p2a: Annihilape
|move|p2b: Archaludon|Body Press|p1a: Hydreigon
|-supereffective|p1a: Hydreigon
|-damage|p1a: Hydreigon|0 fnt
|faint|p1a: Hydreigon
|
|win|JoshSketch
||JoshSketch is ready for game 2.
