|j|☆squidsquidsquids
|j|☆IndianCrackCoffee
|html|squidsquidsquidsIndianCrackCoffee    
|uhtml|bestof|Game 1 of a best-of-3
|t:|1756484063
|gametype|doubles
|player|p1|squidsquidsquids|101|1042
|player|p2|IndianCrackCoffee|brendan-masters|1000
|gen|9
|tier|[Gen 9] VGC 2025 Reg H (Bo3)
|rated|
|rule|Species Clause: Limit one of each Pokémon
|rule|Item Clause: Limit 1 of each item
|clearpoke
|poke|p1|Gholdengo, L50|
|poke|p1|Sneasler, L50, M|
|poke|p1|Rillaboom, L50, M|
|poke|p1|Dragonite, L50, F|
|poke|p1|Ninetales-Alola, L50, M|
|poke|p1|Arcanine-Hisui, L50, F|
|poke|p2|Dragonite, L50, M|
|poke|p2|Ursaluna-Bloodmoon, L50, M|
|poke|p2|Archaludon, L50, F|
|poke|p2|Whimsicott, L50, F|
|poke|p2|Gholdengo, L50|
|poke|p2|Incineroar, L50, F|
|teampreview|4
|showteam|p1|Gholdengo||GrassySeed|GoodasGold|NastyPlot,MakeItRain,ShadowBall,Protect||||||50|,,,,,Water]Sneasler||WhiteHerb|Unburden|CloseCombat,DireClaw,Coaching,Protect|||M|||50|,,,,,Ghost]Rillaboom||AssaultVest|GrassySurge|FakeOut,GrassyGlide,DrumBeating,HighHorsepower|||M|||50|,,,,,Fire]Dragonite||LoadedDice|Multiscale|ScaleShot,StompingTantrum,Tailwind,Protect|||F|||50|,,,,,Ground]Ninetales-Alola||FocusSash|SnowWarning|Blizzard,IcyWind,Encore,AuroraVeil|||M|||50|,,,,,Ghost]Arcanine-Hisui||ClearAmulet|Intimidate|RockSlide,FlareBlitz,ExtremeSpeed,Protect|||F|||50|,,,,,Water
|showteam|p2|Dragonite||LoadedDice|Multiscale|ScaleShot,ExtremeSpeed,IceSpinner,Protect|||M|||50|,,,,,Fairy]Ursaluna-Bloodmoon||AssaultVest|MindsEye|BloodMoon,HyperVoice,EarthPower,VacuumWave|||M|||50|,,,,,Water]Archaludon||PowerHerb|Sturdy|ElectroShot,FlashCannon,DracoMeteor,Protect|||F|||50|,,,,,Stellar]Whimsicott||CovertCloak|Prankster|FakeTears,Tailwind,Encore,Moonblast|||F|||50|,,,,,Poison]Gholdengo||ChoiceSpecs|GoodasGold|MakeItRain,ShadowBall,PowerGem,SteelBeam||||||50|,,,,,Steel]Incineroar||MirrorHerb|Intimidate|FakeOut,PartingShot,KnockOff,FlareBlitz|||F|||50|,,,,,Ghost
|inactive|Battle timer is ON: inactive players will automatically lose when time's up. (requested by squidsquidsquids)
|inactive|squidsquidsquids has 60 seconds left.
|inactive|IndianCrackCoffee has 60 seconds left.
|inactive|squidsquidsquids has 30 seconds left.
|inactive|squidsquidsquids has 20 seconds left.
|inactive|squidsquidsquids has 15 seconds left.
|inactive|squidsquidsquids has 10 seconds left.
|inactive|squidsquidsquids has 5 seconds left.
|
|t:|1756484152
|teamsize|p1|4
|teamsize|p2|4
|start
|switch|p1a: Dragonite|Dragonite, L50, F|100/100
|switch|p1b: Sneasler|Sneasler, L50, M|100/100
|switch|p2a: Incineroar|Incineroar, L50, F|100/100
|switch|p2b: Gholdengo|Gholdengo, L50|100/100
|-ability|p2a: Incineroar|Intimidate|boost
|-unboost|p1a: Dragonite|atk|1
|-unboost|p1b: Sneasler|atk|1
|-enditem|p1b: Sneasler|White Herb
|-clearnegativeboost|p1b: Sneasler|[silent]
|turn|1
|inactive|IndianCrackCoffee has 30 seconds left.
|
|t:|1756484181
|switch|p2a: Whimsicott|Whimsicott, L50, F|100/100
|move|p1b: Sneasler|Close Combat|p2a: Whimsicott
|-resisted|p2a: Whimsicott
|-damage|p2a: Whimsicott|58/100
|-unboost|p1b: Sneasler|def|1
|-unboost|p1b: Sneasler|spd|1
|move|p2b: Gholdengo|Make It Rain|p1b: Sneasler|[spread] p1a,p1b
|-damage|p1a: Dragonite|62/100
|-damage|p1b: Sneasler|0 fnt
|-unboost|p2b: Gholdengo|spa|1
|faint|p1b: Sneasler
|move|p1a: Dragonite|Tailwind|p1a: Dragonite
|-sidestart|p1: squidsquidsquids|move: Tailwind
|
|upkeep
|
|t:|1756484200
|switch|p1b: Arcanine|Arcanine-Hisui, L50, F|100/100
|-ability|p1b: Arcanine|Intimidate|boost
|-unboost|p2a: Whimsicott|atk|1
|-unboost|p2b: Gholdengo|atk|1
|turn|2
|inactive|squidsquidsquids has 30 seconds left.
|
|t:|1756484228
|switch|p1a: Gholdengo|Gholdengo, L50|100/100
|switch|p2b: Incineroar|Incineroar, L50, F|100/100
|-ability|p2b: Incineroar|Intimidate|boost
|-unboost|p1a: Gholdengo|atk|1
|-fail|p1b: Arcanine|unboost|[from] item: Clear Amulet|[of] p1b: Arcanine
|move|p2a: Whimsicott|Tailwind|p2a: Whimsicott
|-sidestart|p2: IndianCrackCoffee|move: Tailwind
|move|p1b: Arcanine|Flare Blitz|p2b: Incineroar
|-resisted|p2b: Incineroar
|-damage|p2b: Incineroar|77/100
|-damage|p1b: Arcanine|91/100|[from] Recoil
|
|upkeep
|turn|3
|inactive|squidsquidsquids has 30 seconds left.
|
|t:|1756484261
|move|p2a: Whimsicott|Encore|p1b: Arcanine
|-start|p1b: Arcanine|Encore
|move|p1b: Arcanine|Flare Blitz|p2b: Incineroar
|-resisted|p2b: Incineroar
|-damage|p2b: Incineroar|49/100
|-damage|p1b: Arcanine|81/100|[from] Recoil
|move|p1a: Gholdengo|Nasty Plot|p1a: Gholdengo
|-boost|p1a: Gholdengo|spa|2
|-enditem|p2b: Incineroar|Mirror Herb
|-boost|p2b: Incineroar|spa|2|[from] item: Mirror Herb
|move|p2b: Incineroar|Knock Off|p1a: Gholdengo
|-supereffective|p1a: Gholdengo
|-damage|p1a: Gholdengo|22/100
|-enditem|p1a: Gholdengo|Grassy Seed|[from] move: Knock Off|[of] p2b: Incineroar
|
|upkeep
|turn|4
|inactive|IndianCrackCoffee has 30 seconds left.
|inactive|IndianCrackCoffee has 20 seconds left.
|
|t:|1756484297
|switch|p1b: Dragonite|Dragonite, L50, F|62/100
|move|p2a: Whimsicott|Moonblast|p1a: Gholdengo
|-resisted|p1a: Gholdengo
|-damage|p1a: Gholdengo|9/100
|move|p1a: Gholdengo|Make It Rain|p2a: Whimsicott|[spread] p2a,p2b
|-supereffective|p2a: Whimsicott
|-resisted|p2b: Incineroar
|-damage|p2a: Whimsicott|0 fnt
|-damage|p2b: Incineroar|8/100
|-unboost|p1a: Gholdengo|spa|1
|faint|p2a: Whimsicott
|move|p2b: Incineroar|Knock Off|p1b: Dragonite
|-damage|p1b: Dragonite|16/100
|-enditem|p1b: Dragonite|Loaded Dice|[from] move: Knock Off|[of] p2b: Incineroar
|
|-sideend|p1: squidsquidsquids|move: Tailwind
|upkeep
|
|t:|1756484313
|switch|p2a: Gholdengo|Gholdengo, L50|100/100
|turn|5
|
|t:|1756484333
|switch|p2b: Archaludon|Archaludon, L50, F|100/100
|move|p1a: Gholdengo|Protect|p1a: Gholdengo
|-singleturn|p1a: Gholdengo|Protect
|move|p1b: Dragonite|Protect|p1b: Dragonite
|-singleturn|p1b: Dragonite|Protect
|move|p2a: Gholdengo|Make It Rain|p1a: Gholdengo|[spread] 
|-activate|p1a: Gholdengo|move: Protect
|-activate|p1b: Dragonite|move: Protect
|
|-sideend|p2: IndianCrackCoffee|move: Tailwind
|upkeep
|turn|6
|inactive|squidsquidsquids has 30 seconds left.
|
|t:|1756484359
|move|p2b: Archaludon|Electro Shot||[still]
|-prepare|p2b: Archaludon|Electro Shot
|-boost|p2b: Archaludon|spa|1
|-enditem|p2b: Archaludon|Power Herb
|-anim|p2b: Archaludon|Electro Shot|p1a: Gholdengo
|-crit|p1a: Gholdengo
|-damage|p1a: Gholdengo|0 fnt
|faint|p1a: Gholdengo
|move|p2a: Gholdengo|Make It Rain|p1b: Dragonite
|-damage|p1b: Dragonite|0 fnt
|-unboost|p2a: Gholdengo|spa|1
|faint|p1b: Dragonite
|
|upkeep
|
|t:|1756484368
|switch|p1b: Arcanine|Arcanine-Hisui, L50, F|81/100
|-ability|p1b: Arcanine|Intimidate|boost
|-unboost|p2a: Gholdengo|atk|1
|-unboost|p2b: Archaludon|atk|1
|turn|7
|-message|squidsquidsquids forfeited.
|
|win|IndianCrackCoffee
|l|☆squidsquidsquids
|player|p1|
||squidsquidsquids is ready for game 2.
