|j|☆bosilek
|j|☆Jessditta
|html|bosilekJessditta    
|uhtml|bestof|Game 2 of a best-of-3
|t:|1755928477
|gametype|doubles
|player|p1|bosilek|hilbert-wonderlauncher|1135
|player|p2|Jessditta|hilda|1235
|gen|9
|tier|[Gen 9] VGC 2025 Reg H (Bo3)
|rated|
|rule|Species Clause: Limit one of each Pokémon
|rule|Item Clause: Limit 1 of each item
|clearpoke
|poke|p1|Garchomp, L50, M|
|poke|p1|Gholdengo, L50|
|poke|p1|Primarina, L50, F|
|poke|p1|Incineroar, L50, M|
|poke|p1|Dragonite, L50, M|
|poke|p1|Farigiraf, L50, F|
|poke|p2|Indeedee-F, L50, F|
|poke|p2|Dondozo, L50, M|
|poke|p2|Weezing-Galar, L50, F|
|poke|p2|Tatsugiri-Droopy, L50, M|
|poke|p2|Typhlosion-Hisui, L50, M|
|poke|p2|Sneasler, L50, M|
|teampreview|4
|showteam|p1|Garchomp||LifeOrb|RoughSkin|Protect,Earthquake,DragonClaw,StompingTantrum|||M|||50|,,,,,Ground]Gholdengo||MetalCoat|GoodasGold|Protect,MakeItRain,ShadowBall,NastyPlot||||||50|,,,,,Flying]Primarina||SitrusBerry|LiquidVoice|Protect,Moonblast,HyperVoice,Haze|||F|||50|,,,,,Poison]Incineroar||SafetyGoggles|Intimidate|FakeOut,PartingShot,KnockOff,FlareBlitz|||M|||50|,,,,,Ghost]Dragonite||LoadedDice|Multiscale|Protect,Tailwind,ScaleShot,ExtremeSpeed|||M|||50|,,,,,Fairy]Farigiraf||RockyHelmet|ArmorTail|DazzlingGleam,PsychicNoise,HelpingHand,TrickRoom|||F|||50|,,,,,Fairy
|showteam|p2|Indeedee-F||RockyHelmet|PsychicSurge|Psychic,FollowMe,HelpingHand,TrickRoom|||F|||50|,,,,,Grass]Dondozo||Leftovers|Unaware|OrderUp,BodyPress,Earthquake,Protect|||M|||50|,,,,,Grass]Weezing-Galar||CovertCloak|NeutralizingGas|StrangeSteam,ToxicSpikes,PoisonGas,Protect|||F|||50|,,,,,Dark]Tatsugiri-Droopy||FocusSash|Commander|DracoMeteor,MuddyWater,HelpingHand,Protect|||M|||50|,,,,,Stellar]Typhlosion-Hisui||ChoiceScarf|Blaze|Eruption,ShadowBall,HeatWave,FocusBlast|||M|||50|,,,,,Fire]Sneasler||PsychicSeed|Unburden|FakeOut,DireClaw,CloseCombat,Protect|||M|||50|,,,,,Dark
|c|☆bosilek|I hate that we have to do this again lol
|
|t:|1755928511
|teamsize|p1|4
|teamsize|p2|4
|start
|switch|p1a: Garchomp|Garchomp, L50, M, shiny|100/100
|switch|p1b: Dragonite|Dragonite, L50, M|100/100
|switch|p2a: Is Don|Dondozo, L50, M|100/100
|switch|p2b: Typhlosion|Typhlosion-Hisui, L50, M|100/100
|turn|1
|
|t:|1755928534
|switch|p2b: Is Good|Tatsugiri-Droopy, L50, M, shiny|100/100
|-activate|p2b: Is Good|ability: Commander|[of] p2a: Is Don
|-boost|p2a: Is Don|atk|2
|-boost|p2a: Is Don|spa|2
|-boost|p2a: Is Don|spe|2
|-boost|p2a: Is Don|def|2
|-boost|p2a: Is Don|spd|2
|move|p1a: Garchomp|Earthquake|p2a: Is Don|[spread] p2a
|-miss|p1a: Garchomp|p2b: Is Good
|-immune|p1b: Dragonite
|-damage|p2a: Is Don|85/100
|-damage|p1a: Garchomp|91/100|[from] item: Life Orb
|move|p1b: Dragonite|Tailwind|p1b: Dragonite
|-sidestart|p1: bosilek|move: Tailwind
|move|p2a: Is Don|Order Up|p1b: Dragonite
|-supereffective|p1b: Dragonite
|-damage|p1b: Dragonite|61/100
|-boost|p2a: Is Don|def|1
|
|-heal|p2a: Is Don|92/100|[from] item: Leftovers
|upkeep
|turn|2
|
|t:|1755928558
|switch|p1a: Farigiraf|Farigiraf, L50, F|100/100
|move|p1b: Dragonite|Protect|p1b: Dragonite
|-singleturn|p1b: Dragonite|Protect
|move|p2a: Is Don|Order Up|p1a: Farigiraf
|-damage|p1a: Farigiraf|73/100
|-boost|p2a: Is Don|def|1
|
|-heal|p2a: Is Don|98/100|[from] item: Leftovers
|upkeep
|turn|3
|
|t:|1755928571
|move|p1b: Dragonite|Scale Shot|p2a: Is Don
|-damage|p2a: Is Don|94/100
|-damage|p2a: Is Don|91/100
|-damage|p2a: Is Don|87/100
|-damage|p2a: Is Don|84/100
|-hitcount|p2a: Is Don|4
|-unboost|p1b: Dragonite|def|1
|-boost|p1b: Dragonite|spe|1
|move|p1a: Farigiraf|Psychic Noise|p2a: Is Don
|-damage|p2a: Is Don|73/100
|-start|p2a: Is Don|move: Heal Block
|move|p2a: Is Don|Body Press|p1a: Farigiraf
|-damage|p1a: Farigiraf|23/100
|-damage|p2a: Is Don|57/100|[from] item: Rocky Helmet|[of] p1a: Farigiraf
|
|upkeep
|turn|4
|
|t:|1755928602
|move|p1b: Dragonite|Scale Shot|p2a: Is Don
|-damage|p2a: Is Don|53/100
|-damage|p2a: Is Don|50/100
|-crit|p2a: Is Don
|-damage|p2a: Is Don|38/100
|-damage|p2a: Is Don|35/100
|-damage|p2a: Is Don|32/100
|-hitcount|p2a: Is Don|5
|-unboost|p1b: Dragonite|def|1
|-boost|p1b: Dragonite|spe|1
|move|p1a: Farigiraf|Dazzling Gleam|p2a: Is Don|[spread] p2a
|-miss|p1a: Farigiraf|p2b: Is Good
|-damage|p2a: Is Don|27/100
|move|p2a: Is Don|Order Up|p1b: Dragonite
|-supereffective|p1b: Dragonite
|-damage|p1b: Dragonite|0 fnt
|faint|p1b: Dragonite
|-boost|p2a: Is Don|def|1
|
|-end|p2a: Is Don|move: Heal Block
|-sideend|p1: bosilek|move: Tailwind
|upkeep
|
|t:|1755928621
|switch|p1b: Primarina|Primarina, L50, F|100/100
|turn|5
|
|t:|1755928630
|move|p2a: Is Don|Earthquake|p1b: Primarina|[spread] p1a,p1b
|-miss|p2a: Is Don|p2b: Is Good
|-damage|p1a: Farigiraf|0 fnt
|-damage|p1b: Primarina|65/100
|faint|p1a: Farigiraf
|move|p1b: Primarina|Moonblast|p2a: Is Don
|-damage|p2a: Is Don|10/100
|
|-heal|p2a: Is Don|16/100|[from] item: Leftovers
|upkeep
|
|t:|1755928639
|switch|p1a: Garchomp|Garchomp, L50, M, shiny|91/100
|turn|6
|
|t:|1755928650
|move|p1a: Garchomp|Protect|p1a: Garchomp
|-singleturn|p1a: Garchomp|Protect
|move|p2a: Is Don|Order Up|p1a: Garchomp
|-activate|p1a: Garchomp|move: Protect
|move|p1b: Primarina|Haze|p1b: Primarina
|-clearallboost
|
|-heal|p2a: Is Don|23/100|[from] item: Leftovers
|upkeep
|turn|7
|
|t:|1755928665
|move|p1a: Garchomp|Dragon Claw|p2a: Is Don
|-damage|p2a: Is Don|0 fnt
|faint|p2a: Is Don
|-damage|p1a: Garchomp|81/100|[from] item: Life Orb
|move|p1b: Primarina|Moonblast|p2b: Is Good
|-supereffective|p2b: Is Good
|-enditem|p2b: Is Good|Focus Sash
|-damage|p2b: Is Good|1/100
|-unboost|p2b: Is Good|spa|1
|
|upkeep
|c|☆bosilek|why did I not think to do that before
|c|☆bosilek|I feel so dumb
|
|t:|1755928680
|switch|p2a: Typhlosion|Typhlosion-Hisui, L50, M|100/100
|turn|8
|c|☆Jessditta|i was wondering
|
|t:|1755928695
|-terastallize|p2a: Typhlosion|Fire
|move|p1b: Primarina|Protect|p1b: Primarina
|-singleturn|p1b: Primarina|Protect
|move|p2a: Typhlosion|Eruption|p1a: Garchomp|[spread] p1a
|-activate|p1b: Primarina|move: Protect
|-resisted|p1a: Garchomp
|-damage|p1a: Garchomp|41/100
|move|p1a: Garchomp|Earthquake|p2b: Is Good|[spread] p2a,p2b
|-activate|p1b: Primarina|move: Protect
|-supereffective|p2a: Typhlosion
|-damage|p2a: Typhlosion|0 fnt
|-damage|p2b: Is Good|0 fnt
|faint|p2a: Typhlosion
|faint|p2b: Is Good
|-damage|p1a: Garchomp|32/100|[from] item: Life Orb
|
|upkeep
|c|☆bosilek|I straight up forgot I had haze lol
|-message|Jessditta forfeited.
|raw|bosilek's rating: 1135 → 1167(+32 for winning)
|raw|Jessditta's rating: 1235 → 1203(-32 for losing)
|
|win|bosilek
|l|☆Jessditta
|player|p2|
|c|☆bosilek|gg
|l|☆bosilek
|player|p1|
|j|☆bosilek
|player|p1|bosilek|hilbert-wonderlauncher|
