|j|☆endershovel
|j|☆Nova2309
|html|endershovelNova2309    
|uhtml|bestof|Game 2 of a best-of-3
|t:|1782227374
|gametype|doubles
|player|p1|endershovel|169|1347
|player|p2|Nova2309|266|1460
|gen|9
|tier|[Gen 9 Champions] VGC 2026 Reg M-B (Bo3)
|rated|
|rule|Species Clause: Limit one of each Pokémon
|rule|Item Clause: Limit 1 of each item
|clearpoke
|poke|p1|Starmie, L50, shiny|
|poke|p1|Sneasler, L50, M|
|poke|p1|Pelipper, L50, M|
|poke|p1|Meowscarada, L50, F|
|poke|p1|Gholdengo, L50|
|poke|p1|Raichu, L50, M|
|poke|p2|Aerodactyl, L50, F|
|poke|p2|Garchomp, L50, M|
|poke|p2|Kingambit, L50, F|
|poke|p2|Charizard, L50, F|
|poke|p2|Sylveon, L50, F|
|poke|p2|Farigiraf, L50, M|
|teampreview|4
|showteam|p1|Starmie||Starminite|NaturalCure|Liquidation,ZenHeadbutt,AquaJet,Protect|Jolly|||||50|]Sneasler||WhiteHerb|Unburden|CloseCombat,DireClaw,Coaching,FakeOut|Adamant||M|||50|]Pelipper||SitrusBerry|Drizzle|Hurricane,WeatherBall,Tailwind,Protect|Modest||M|||50|]Meowscarada||ChoiceScarf|Protean|FlowerTrick,Uturn,TripleAxel,ThroatChop|Adamant||F|||50|]Gholdengo||LifeOrb|GoodasGold|MakeItRain,ShadowBall,NastyPlot,Protect|Modest|||||50|]Raichu||RaichuniteY|LightningRod|FocusBlast,ZapCannon,VoltSwitch,Protect|Serious||M|||50|
|showteam|p2|Aerodactyl||Aerodactylite|Unnerve|IceFang,RockSlide,Tailwind,DualWingbeat|Jolly||F|||50|]Garchomp||LifeOrb|RoughSkin|DragonClaw,StompingTantrum,Earthquake,Protect|Jolly||M|||50|]Kingambit||FocusSash|Defiant|SuckerPunch,KowtowCleave,IronHead,LowKick|Adamant||F|||50|]Charizard||CharizarditeY|Blaze|Protect,WeatherBall,HeatWave,SolarBeam|Modest||F|||50|]Sylveon||FairyFeather|Pixilate|Protect,HyperVoice,HyperBeam,QuickAttack|Modest||F|||50|]Farigiraf||SitrusBerry|ArmorTail|TrickRoom,Thunderbolt,Roar,Psychic|Bold||M|||50|
|inactive|Battle timer is ON: inactive players will automatically lose when time's up. (requested by Nova2309)
|
|t:|1782227390
|teamsize|p1|4
|teamsize|p2|4
|start
|switch|p1a: Meowscarada|Meowscarada, L50, F|100/100
|switch|p1b: Gholdengo|Gholdengo, L50|100/100
|switch|p2a: Aerodactyl|Aerodactyl, L50, F|100/100
|switch|p2b: Farigiraf|Farigiraf, L50, M|100/100
|-ability|p2a: Aerodactyl|Unnerve
|turn|1
|
|t:|1782227404
|switch|p2a: Kingambit|Kingambit, L50, F|100/100
|move|p1a: Meowscarada|Triple Axel|p2a: Kingambit
|-start|p1a: Meowscarada|typechange|Ice|[from] ability: Protean
|-resisted|p2a: Kingambit|1
|-damage|p2a: Kingambit|95/100
|-resisted|p2a: Kingambit|1
|-damage|p2a: Kingambit|86/100
|-resisted|p2a: Kingambit|1
|-damage|p2a: Kingambit|73/100
|-hitcount|p2a: Kingambit|3
|move|p1b: Gholdengo|Nasty Plot|p1b: Gholdengo
|-boost|p1b: Gholdengo|spa|2
|move|p2b: Farigiraf|Trick Room|p2b: Farigiraf
|-fieldstart|move: Trick Room|[of] p2b: Farigiraf
|
|upkeep
|turn|2
|
|t:|1782227424
|move|p2b: Farigiraf|Psychic|p1a: Meowscarada
|-crit|p1a: Meowscarada
|-damage|p1a: Meowscarada|15/100
|move|p2a: Kingambit|Kowtow Cleave|p1b: Gholdengo
|-supereffective|p1b: Gholdengo|1
|-damage|p1b: Gholdengo|10/100
|move|p1b: Gholdengo|Make It Rain|p2a: Kingambit|[spread] p2a,p2b
|-resisted|p2a: Kingambit|1
|-damage|p2a: Kingambit|5/100
|-damage|p2b: Farigiraf|0 fnt
|-unboost|p1b: Gholdengo|spa|2
|faint|p2b: Farigiraf
|-damage|p1b: Gholdengo|1/100|[from] item: Life Orb
|move|p1a: Meowscarada|Triple Axel|p2a: Kingambit
|-resisted|p2a: Kingambit|1
|-damage|p2a: Kingambit|1/100
|-resisted|p2a: Kingambit|1
|-damage|p2a: Kingambit|0 fnt
|faint|p2a: Kingambit
|-hitcount|p2: Kingambit|2
|
|upkeep
|
|t:|1782227433
|switch|p2b: Aerodactyl|Aerodactyl, L50, F|100/100
|switch|p2a: Sylveon|Sylveon, L50, F|100/100
|-ability|p2b: Aerodactyl|Unnerve
|turn|3
|
|t:|1782227452
|move|p2a: Sylveon|Hyper Voice|p1b: Gholdengo|[spread] p1a,p1b
|-resisted|p1b: Gholdengo|1
|-damage|p1a: Meowscarada|0 fnt
|-damage|p1b: Gholdengo|0 fnt
|faint|p1a: Meowscarada
|faint|p1b: Gholdengo
|move|p2b: Aerodactyl|Dual Wingbeat|p1: Meowscarada|[notarget]
|-fail|p2b: Aerodactyl
|
|upkeep
|
|t:|1782227460
|switch|p1b: Pelipper|Pelipper, L50, M|100/100
|switch|p1a: Starmie|Starmie, L50, shiny|100/100
|-weather|RainDance|[from] ability: Drizzle|[of] p1b: Pelipper
|turn|4
|inactive|Nova2309 has 30 seconds left.
|inactive|Nova2309 has 20 seconds left.
|
|t:|1782227497
|detailschange|p1a: Starmie|Starmie-Mega, L50, shiny
|-mega|p1a: Starmie|Starmie|Starminite
|detailschange|p2b: Aerodactyl|Aerodactyl-Mega, L50, F
|-mega|p2b: Aerodactyl|Aerodactyl|Aerodactylite
|move|p1a: Starmie|Aqua Jet|p2b: Aerodactyl
|-supereffective|p2b: Aerodactyl|1
|-damage|p2b: Aerodactyl|0 fnt
|faint|p2b: Aerodactyl
|move|p2a: Sylveon|Hyper Beam|p1a: Starmie
|-damage|p1a: Starmie|0 fnt
|-mustrecharge|p2a: Sylveon
|faint|p1a: Starmie
|move|p1b: Pelipper|Weather Ball|p2a: Sylveon
|-damage|p2a: Sylveon|52/100
|
|-weather|RainDance|[upkeep]
|upkeep
|turn|5
|
|t:|1782227513
|cant|p2a: Sylveon|recharge
|move|p1b: Pelipper|Weather Ball|p2a: Sylveon
|-damage|p2a: Sylveon|8/100
|
|-weather|RainDance|[upkeep]
|-fieldend|move: Trick Room
|upkeep
|turn|6
|
|t:|1782227521
|move|p1b: Pelipper|Weather Ball|p2a: Sylveon
|-damage|p2a: Sylveon|0 fnt
|faint|p2a: Sylveon
|
|win|endershovel
|raw|endershovel's rating: 1347 → 1373(+26 for winning)
|raw|Nova2309's rating: 1460 → 1434(-26 for losing)
