|j|☆BayleefVGC
|j|☆Koszul
|html|BayleefVGCKoszul    
|uhtml|bestof|Game 1 of a best-of-3
|t:|1783786544
|gametype|doubles
|player|p1|BayleefVGC|266|
|player|p2|Koszul|265|
|gen|9
|tier|[Gen 9 Champions] VGC 2026 Reg M-B (Bo3)
|rule|Species Clause: Limit one of each Pokémon
|rule|Item Clause: Limit 1 of each item
|clearpoke
|poke|p1|Grimmsnarl, L50, M|
|poke|p1|Swampert, L50, M|
|poke|p1|Pelipper, L50, M|
|poke|p1|Archaludon, L50, M|
|poke|p1|Sinistcha, L50|
|poke|p1|Gholdengo, L50|
|poke|p2|Sneasler, L50, M|
|poke|p2|Blastoise, L50, M|
|poke|p2|Kingambit, L50, M|
|poke|p2|Incineroar, L50, M|
|poke|p2|Delphox, L50, F|
|poke|p2|Sinistcha, L50|
|teampreview|4
|showteam|p1|Grimmsnarl||LightClay|Prankster|FoulPlay,PartingShot,Reflect,LightScreen|Calm||M|||50|]Swampert||Swampertite|Damp|WaveCrash,Earthquake,IcePunch,Protect|Adamant||M|||50|]Pelipper||SitrusBerry|Drizzle|Hurricane,WeatherBall,Tailwind,WideGuard|Modest||M|||50|]Archaludon||Leftovers|Stamina|ElectroShot,DragonPulse,FlashCannon,Protect|Modest||M|||50|]Sinistcha||CobaBerry|Hospitality|MatchaGotcha,RagePowder,TrickRoom,Protect|Relaxed|||||50|]Gholdengo||LifeOrb|GoodasGold|MakeItRain,ShadowBall,NastyPlot,Protect|Modest|||||50|
|showteam|p2|Sneasler||FocusSash|PoisonTouch|PoisonJab,CloseCombat,FakeOut,QuickGuard|Jolly||M|||50|]Blastoise||Blastoisinite|RainDish|DarkPulse,WaterSpout,ShellSmash,Protect|Modest||M|||50|]Kingambit||BlackGlasses|Defiant|KowtowCleave,SuckerPunch,SwordsDance,Protect|Adamant||M|||50|]Incineroar||SitrusBerry|Intimidate|FlareBlitz,HelpingHand,PartingShot,FakeOut|Careful||M|||50|]Delphox||Delphoxite|Blaze|HeatWave,NastyPlot,Psyshock,Protect|Modest||F|||50|]Sinistcha||KasibBerry|Hospitality|MatchaGotcha,RagePowder,TrickRoom,Protect|Bold|||||50|
|inactive|Battle timer is ON: inactive players will automatically lose when time's up. (requested by BayleefVGC)
|inactive|BayleefVGC has 60 seconds left.
|inactive|Koszul has 60 seconds left.
|inactive|BayleefVGC has 30 seconds left.
|inactive|BayleefVGC has 20 seconds left.
|inactive|BayleefVGC has 15 seconds left.
|
|t:|1783786621
|teamsize|p1|4
|teamsize|p2|4
|start
|switch|p1a: Grimmsnarl|Grimmsnarl, L50, M|100/100
|switch|p1b: Pelipper|Pelipper, L50, M|100/100
|switch|p2a: Blastoise|Blastoise, L50, M|100/100
|switch|p2b: Sneasler|Sneasler, L50, M|100/100
|-weather|RainDance|[from] ability: Drizzle|[of] p1b: Pelipper
|turn|1
|inactive|BayleefVGC has 30 seconds left.
|inactive|Koszul has 30 seconds left.
|inactive|BayleefVGC has 20 seconds left.
|inactive|Koszul has 20 seconds left.
|inactive|BayleefVGC has 15 seconds left.
|
|t:|1783786661
|detailschange|p2a: Blastoise|Blastoise-Mega, L50, M
|-mega|p2a: Blastoise|Blastoise|Blastoisinite
|move|p2b: Sneasler|Fake Out|p1b: Pelipper
|-damage|p1b: Pelipper|83/100
|-status|p1b: Pelipper|psn|[from] ability: Poison Touch|[of] p2b: Sneasler
|move|p1a: Grimmsnarl|Light Screen|p1a: Grimmsnarl
|-sidestart|p1: BayleefVGC|move: Light Screen
|move|p2a: Blastoise|Shell Smash|p2a: Blastoise
|-unboost|p2a: Blastoise|def|1
|-unboost|p2a: Blastoise|spd|1
|-boost|p2a: Blastoise|atk|2
|-boost|p2a: Blastoise|spa|2
|-boost|p2a: Blastoise|spe|2
|cant|p1b: Pelipper|flinch
|
|-weather|RainDance|[upkeep]
|-damage|p1b: Pelipper|71/100 psn|[from] psn
|upkeep
|turn|2
|inactive|BayleefVGC has 30 seconds left.
|
|t:|1783786695
|move|p2b: Sneasler|Quick Guard|p2b: Sneasler
|-singleturn|p2b: Sneasler|Quick Guard
|move|p1b: Pelipper|Wide Guard|p1b: Pelipper
|-singleturn|p1b: Pelipper|Wide Guard
|move|p2a: Blastoise|Dark Pulse|p1b: Pelipper
|-damage|p1b: Pelipper|2/100 psn
|-enditem|p1b: Pelipper|Sitrus Berry|[eat]
|-heal|p1b: Pelipper|27/100 psn|[from] item: Sitrus Berry
|move|p1a: Grimmsnarl|Foul Play|p2a: Blastoise
|-damage|p2a: Blastoise|12/100
|
|-weather|RainDance|[upkeep]
|-damage|p1b: Pelipper|15/100 psn|[from] psn
|upkeep
|turn|3
|inactive|BayleefVGC has 30 seconds left.
|inactive|Koszul has 30 seconds left.
|inactive|BayleefVGC has 20 seconds left.
|inactive|Koszul has 20 seconds left.
|
|t:|1783786731
|move|p2a: Blastoise|Protect|p2a: Blastoise
|-singleturn|p2a: Blastoise|Protect
|move|p1b: Pelipper|Wide Guard|p1b: Pelipper
|-singleturn|p1b: Pelipper|Wide Guard
|move|p2b: Sneasler|Poison Jab|p1b: Pelipper
|-crit|p1b: Pelipper
|-damage|p1b: Pelipper|0 fnt
|faint|p1b: Pelipper
|move|p1a: Grimmsnarl|Foul Play|p2a: Blastoise
|-activate|p2a: Blastoise|move: Protect
|
|-weather|RainDance|[upkeep]
|upkeep
|
|t:|1783786739
|switch|p1b: Swampert|Swampert, L50, M|100/100
|turn|4
|inactive|Koszul has 30 seconds left.
|
|t:|1783786765
|detailschange|p1b: Swampert|Swampert-Mega, L50, M
|-mega|p1b: Swampert|Swampert|Swampertite
|move|p2a: Blastoise|Dark Pulse|p1b: Swampert
|-damage|p1b: Swampert|44/100
|cant|p1b: Swampert|flinch
|move|p2b: Sneasler|Poison Jab|p1a: Grimmsnarl
|-supereffective|p1a: Grimmsnarl|1
|-damage|p1a: Grimmsnarl|12/100
|move|p1a: Grimmsnarl|Foul Play|p2b: Sneasler
|-resisted|p2b: Sneasler|1
|-damage|p2b: Sneasler|54/100
|
|-weather|RainDance|[upkeep]
|upkeep
|turn|5
|inactive|BayleefVGC has 30 seconds left.
|inactive|Koszul has 30 seconds left.
|inactive|BayleefVGC has 20 seconds left.
|c|☆Koszul|Sorry for the flinch
|inactive|BayleefVGC has 15 seconds left.
|inactive|BayleefVGC has 10 seconds left.
|inactive|BayleefVGC has 5 seconds left.
|
|t:|1783786815
|move|p1b: Swampert|Protect|p1b: Swampert
|-singleturn|p1b: Swampert|Protect
|move|p2b: Sneasler|Quick Guard|p2b: Sneasler
|-singleturn|p2b: Sneasler|Quick Guard
|move|p1a: Grimmsnarl|Parting Shot|p2a: Blastoise
|-activate|p2a: Blastoise|move: Quick Guard
|move|p2a: Blastoise|Dark Pulse|p1b: Swampert
|-activate|p1b: Swampert|move: Protect
|
|-weather|none
|upkeep
|turn|6
|inactive|Koszul has 30 seconds left.
|
|t:|1783786845
|switch|p2b: Incineroar|Incineroar, L50, M|100/100
|-ability|p2b: Incineroar|Intimidate|boost
|-unboost|p1a: Grimmsnarl|atk|1
|-unboost|p1b: Swampert|atk|1
|move|p2a: Blastoise|Dark Pulse|p1a: Grimmsnarl
|-resisted|p1a: Grimmsnarl|2
|-damage|p1a: Grimmsnarl|0 fnt
|faint|p1a: Grimmsnarl
|move|p1b: Swampert|Earthquake|p2b: Incineroar|[spread] p2a,p2b
|-supereffective|p2b: Incineroar|1
|-damage|p2a: Blastoise|0 fnt
|-damage|p2b: Incineroar|43/100
|-enditem|p2b: Incineroar|Sitrus Berry|[eat]
|-heal|p2b: Incineroar|68/100|[from] item: Sitrus Berry
|faint|p2a: Blastoise
|
|upkeep
|
|t:|1783786860
|switch|p2a: Sinistcha|Sinistcha, L50|100/100
|switch|p1a: Gholdengo|Gholdengo, L50|100/100
|-heal|p2b: Incineroar|93/100|[from] ability: Hospitality|[of] p2a: Sinistcha
|turn|7
|
|t:|1783786885
|move|p1a: Gholdengo|Nasty Plot|p1a: Gholdengo
|-boost|p1a: Gholdengo|spa|2
|move|p1b: Swampert|Wave Crash|p2b: Incineroar
|-supereffective|p2b: Incineroar|1
|-damage|p2b: Incineroar|0 fnt
|faint|p2b: Incineroar
|-damage|p1b: Swampert|11/100|[from] Recoil
|move|p2a: Sinistcha|Trick Room|p2a: Sinistcha
|-fieldstart|move: Trick Room|[of] p2a: Sinistcha
|
|upkeep
|c|☆BayleefVGC|tricky one to come back from
|
|t:|1783786891
|switch|p2b: Sneasler|Sneasler, L50, M|54/100
|turn|8
|c|☆Koszul|Woah I didn’t know wave crash killed thru intimidate
|inactive|BayleefVGC has 30 seconds left.
|
|t:|1783786916
|move|p2a: Sinistcha|Matcha Gotcha|p1a: Gholdengo|[spread] p1a,p1b
|-resisted|p1a: Gholdengo|1
|-supereffective|p1b: Swampert|2
|-damage|p1a: Gholdengo|90/100
|-damage|p1b: Swampert|0 fnt
|-status|p1a: Gholdengo|brn
|faint|p1b: Swampert
|move|p1a: Gholdengo|Make It Rain|p2a: Sinistcha|[spread] p2a,p2b
|-damage|p2a: Sinistcha|0 fnt
|-damage|p2b: Sneasler|0 fnt
|-unboost|p1a: Gholdengo|spa|2
|faint|p2a: Sinistcha
|faint|p2b: Sneasler
|-damage|p1a: Gholdengo|81/100 brn|[from] item: Life Orb
|
|win|BayleefVGC
|c|☆Koszul|Gg
