|j|☆Cogao vascaino
|j|☆eutherians
|html|Cogao vascainoeutherians    
|uhtml|bestof|Game 1 of a best-of-3
|t:|1756593301
|gametype|doubles
|player|p1|Cogao vascaino|dancer|1336
|player|p2|eutherians|2|1197
|gen|9
|tier|[Gen 9] VGC 2025 Reg H (Bo3)
|rated|
|rule|Species Clause: Limit one of each Pokémon
|rule|Item Clause: Limit 1 of each item
|clearpoke
|poke|p1|Gholdengo, L50|
|poke|p1|Dragonite, L50, F|
|poke|p1|Garchomp, L50, F|
|poke|p1|Rillaboom, L50, M|
|poke|p1|Ninetales-Alola, L50, F|
|poke|p1|Incineroar, L50, F|
|poke|p2|Sinistcha, L50|
|poke|p2|Incineroar, L50, F|
|poke|p2|Rillaboom, L50, M|
|poke|p2|Gholdengo, L50|
|poke|p2|Archaludon, L50, M|
|poke|p2|Pelipper, L50, M|
|teampreview|4
|showteam|p1|Gholdengo||GrassySeed|GoodasGold|MakeItRain,ShadowBall,NastyPlot,Protect||||||50|,,,,,Water]Dragonite||LoadedDice|Multiscale|ScaleShot,Tailwind,Haze,Protect|||F|||50|,,,,,Fairy]Garchomp||LifeOrb|RoughSkin|DragonClaw,RockSlide,StompingTantrum,Protect|||F|||50|,,,,,Fire]Rillaboom||AssaultVest|GrassySurge|GrassyGlide,FakeOut,HighHorsepower,WoodHammer|||M|||50|,,,,,Fire]Ninetales-Alola||CovertCloak|SnowWarning|Blizzard,AuroraVeil,IcyWind,Encore|||F|||50|,,,,,Water]Incineroar||SafetyGoggles|Intimidate|FlareBlitz,KnockOff,FakeOut,PartingShot|||F|||50|,,,,,Ghost
|showteam|p2|Sinistcha||SitrusBerry|Hospitality|MatchaGotcha,RagePowder,CalmMind,Scald||||||50|,,,,,Dark]Incineroar||SafetyGoggles|Intimidate|WillOWisp,KnockOff,PartingShot,FakeOut|||F|||50|,,,,,Bug]Rillaboom||LoadedDice|GrassySurge|BulletSeed,GrassyGlide,HighHorsepower,FakeOut|||M|||50|,,,,,Fire]Gholdengo||LifeOrb|GoodasGold|Protect,NastyPlot,MakeItRain,ShadowBall||||||50|,,,,,Water]Archaludon||AssaultVest|Stamina|ElectroShot,DragonPulse,BodyPress,FlashCannon|||M|||50|,,,,,Bug]Pelipper||FocusSash|Drizzle|Protect,MuddyWater,Hurricane,Tailwind|||M|||50|,,,,,Fairy
|
|t:|1756593343
|teamsize|p1|4
|teamsize|p2|4
|start
|switch|p1a: Gholdengo|Gholdengo, L50|100/100
|switch|p1b: Incineroar|Incineroar, L50, F|100/100
|switch|p2a: Incineroar|Incineroar, L50, F|100/100
|switch|p2b: Pelipper|Pelipper, L50, M|100/100
|-weather|RainDance|[from] ability: Drizzle|[of] p2b: Pelipper
|-ability|p2a: Incineroar|Intimidate|boost
|-unboost|p1a: Gholdengo|atk|1
|-unboost|p1b: Incineroar|atk|1
|-ability|p1b: Incineroar|Intimidate|boost
|-unboost|p2a: Incineroar|atk|1
|-unboost|p2b: Pelipper|atk|1
|turn|1
|inactive|Battle timer is ON: inactive players will automatically lose when time's up. (requested by eutherians)
|
|t:|1756593361
|switch|p1b: Ninetales|Ninetales-Alola, L50, F|100/100
|-weather|Snowscape|[from] ability: Snow Warning|[of] p1b: Ninetales
|-terastallize|p1a: Gholdengo|Water
|move|p2a: Incineroar|Fake Out|p1b: Ninetales
|-damage|p1b: Ninetales|94/100
|move|p1a: Gholdengo|Nasty Plot|p1a: Gholdengo
|-boost|p1a: Gholdengo|spa|2
|move|p2b: Pelipper|Muddy Water|p1a: Gholdengo|[spread] p1b
|-miss|p2b: Pelipper|p1a: Gholdengo
|-damage|p1b: Ninetales|66/100
|
|-weather|Snowscape|[upkeep]
|upkeep
|turn|2
|inactive|eutherians has 30 seconds left.
|
|t:|1756593395
|move|p1b: Ninetales|Aurora Veil|p1b: Ninetales
|-sidestart|p1: Cogao vascaino|move: Aurora Veil
|move|p1a: Gholdengo|Shadow Ball|p2b: Pelipper
|-enditem|p2b: Pelipper|Focus Sash
|-damage|p2b: Pelipper|1/100
|-unboost|p2b: Pelipper|spd|1
|move|p2b: Pelipper|Tailwind|p2b: Pelipper
|-sidestart|p2: eutherians|move: Tailwind
|move|p2a: Incineroar|Parting Shot|p1b: Ninetales
|-unboost|p1b: Ninetales|atk|1
|-unboost|p1b: Ninetales|spa|1
|
|t:|1756593409
|switch|p2a: Rillaboom|Rillaboom, L50, M|100/100|[from] Parting Shot
|-fieldstart|move: Grassy Terrain|[from] ability: Grassy Surge|[of] p2a: Rillaboom
|-enditem|p1a: Gholdengo|Grassy Seed
|-boost|p1a: Gholdengo|def|1|[from] item: Grassy Seed
|
|-weather|Snowscape|[upkeep]
|-heal|p1b: Ninetales|72/100|[from] Grassy Terrain
|upkeep
|turn|3
|
|t:|1756593422
|switch|p2b: Incineroar|Incineroar, L50, F|100/100
|-ability|p2b: Incineroar|Intimidate|boost
|-unboost|p1a: Gholdengo|atk|1
|-unboost|p1b: Ninetales|atk|1
|switch|p1b: Incineroar|Incineroar, L50, F|100/100
|-ability|p1b: Incineroar|Intimidate|boost
|-unboost|p2a: Rillaboom|atk|1
|-unboost|p2b: Incineroar|atk|1
|move|p2a: Rillaboom|Bullet Seed|p1a: Gholdengo
|-supereffective|p1a: Gholdengo
|-damage|p1a: Gholdengo|89/100
|-supereffective|p1a: Gholdengo
|-damage|p1a: Gholdengo|76/100
|-supereffective|p1a: Gholdengo
|-damage|p1a: Gholdengo|64/100
|-supereffective|p1a: Gholdengo
|-damage|p1a: Gholdengo|54/100
|-hitcount|p1a: Gholdengo|4
|move|p1a: Gholdengo|Make It Rain|p2b: Incineroar|[spread] p2a,p2b
|-resisted|p2b: Incineroar
|-damage|p2a: Rillaboom|3/100
|-damage|p2b: Incineroar|65/100
|-unboost|p1a: Gholdengo|spa|1
|
|-weather|Snowscape|[upkeep]
|-heal|p2a: Rillaboom|9/100|[from] Grassy Terrain
|-heal|p2b: Incineroar|71/100|[from] Grassy Terrain
|-heal|p1a: Gholdengo|60/100|[from] Grassy Terrain
|upkeep
|turn|4
|inactive|Cogao vascaino has 30 seconds left.
|inactive|eutherians has 30 seconds left.
|inactive|eutherians has 20 seconds left.
|inactive|Cogao vascaino has 20 seconds left.
|inactive|eutherians has 15 seconds left.
|
|t:|1756593467
|switch|p1b: Dragonite|Dragonite, L50, F|100/100
|move|p1a: Gholdengo|Protect|p1a: Gholdengo
|-singleturn|p1a: Gholdengo|Protect
|move|p2b: Incineroar|Fake Out|p1b: Dragonite
|-damage|p1b: Dragonite|98/100
|move|p2a: Rillaboom|Bullet Seed|p1a: Gholdengo
|-activate|p1a: Gholdengo|move: Protect
|
|-weather|Snowscape|[upkeep]
|-heal|p2a: Rillaboom|15/100|[from] Grassy Terrain
|-heal|p2b: Incineroar|77/100|[from] Grassy Terrain
|-heal|p1a: Gholdengo|66/100|[from] Grassy Terrain
|upkeep
|turn|5
|
|t:|1756593489
|switch|p2a: Pelipper|Pelipper, L50, M|1/100
|-weather|RainDance|[from] ability: Drizzle|[of] p2a: Pelipper
|switch|p2b: Archaludon|Archaludon, L50, M|100/100
|move|p1a: Gholdengo|Shadow Ball|p2a: Pelipper
|-damage|p2a: Pelipper|0 fnt
|faint|p2a: Pelipper
|move|p1b: Dragonite|Scale Shot|p2b: Archaludon
|-damage|p2b: Archaludon|90/100
|-ability|p2b: Archaludon|Stamina|boost
|-boost|p2b: Archaludon|def|1
|-crit|p2b: Archaludon
|-damage|p2b: Archaludon|73/100
|-ability|p2b: Archaludon|Stamina|boost
|-boost|p2b: Archaludon|def|1
|-damage|p2b: Archaludon|68/100
|-ability|p2b: Archaludon|Stamina|boost
|-boost|p2b: Archaludon|def|1
|-damage|p2b: Archaludon|63/100
|-ability|p2b: Archaludon|Stamina|boost
|-boost|p2b: Archaludon|def|1
|-damage|p2b: Archaludon|59/100
|-ability|p2b: Archaludon|Stamina|boost
|-boost|p2b: Archaludon|def|1
|-hitcount|p2b: Archaludon|5
|-unboost|p1b: Dragonite|def|1
|-boost|p1b: Dragonite|spe|1
|
|-weather|RainDance|[upkeep]
|-heal|p2b: Archaludon|65/100|[from] Grassy Terrain
|-heal|p1a: Gholdengo|72/100|[from] Grassy Terrain
|-sideend|p2: eutherians|move: Tailwind
|upkeep
|
|t:|1756593505
|switch|p2a: Incineroar|Incineroar, L50, F|77/100
|-ability|p2a: Incineroar|Intimidate|boost
|-unboost|p1a: Gholdengo|atk|1
|-unboost|p1b: Dragonite|atk|1
|turn|6
|
|t:|1756593528
|move|p2a: Incineroar|Fake Out|p1a: Gholdengo
|-damage|p1a: Gholdengo|67/100
|move|p1b: Dragonite|Haze|p1b: Dragonite
|-clearallboost
|cant|p1a: Gholdengo|flinch
|move|p2b: Archaludon|Flash Cannon|p1b: Dragonite
|-damage|p1b: Dragonite|68/100
|
|-weather|RainDance|[upkeep]
|-heal|p1a: Gholdengo|73/100|[from] Grassy Terrain
|-heal|p2b: Archaludon|71/100|[from] Grassy Terrain
|-heal|p2a: Incineroar|83/100|[from] Grassy Terrain
|-sideend|p1: Cogao vascaino|move: Aurora Veil
|-fieldend|move: Grassy Terrain
|upkeep
|turn|7
|
|t:|1756593552
|switch|p1b: Ninetales|Ninetales-Alola, L50, F|72/100
|-weather|Snowscape|[from] ability: Snow Warning|[of] p1b: Ninetales
|move|p1a: Gholdengo|Nasty Plot|p1a: Gholdengo
|-boost|p1a: Gholdengo|spa|2
|move|p2b: Archaludon|Dragon Pulse|p1b: Ninetales
|-immune|p1b: Ninetales
|move|p2a: Incineroar|Parting Shot|p1b: Ninetales
|-unboost|p1b: Ninetales|atk|1
|-unboost|p1b: Ninetales|spa|1
|
|t:|1756593560
|switch|p2a: Rillaboom|Rillaboom, L50, M|15/100|[from] Parting Shot
|-fieldstart|move: Grassy Terrain|[from] ability: Grassy Surge|[of] p2a: Rillaboom
|
|-weather|Snowscape|[upkeep]
|-heal|p1b: Ninetales|78/100|[from] Grassy Terrain
|-heal|p1a: Gholdengo|79/100|[from] Grassy Terrain
|-heal|p2a: Rillaboom|20/100|[from] Grassy Terrain
|-heal|p2b: Archaludon|77/100|[from] Grassy Terrain
|upkeep
|turn|8
|
|t:|1756593579
|-terastallize|p2a: Rillaboom|Fire
|move|p1b: Ninetales|Encore|p2b: Archaludon
|-start|p2b: Archaludon|Encore
|move|p1a: Gholdengo|Shadow Ball|p2b: Archaludon
|-damage|p2b: Archaludon|21/100
|-ability|p2b: Archaludon|Stamina|boost
|-boost|p2b: Archaludon|def|1
|move|p2a: Rillaboom|Bullet Seed|p1a: Gholdengo
|-supereffective|p1a: Gholdengo
|-damage|p1a: Gholdengo|40/100
|-supereffective|p1a: Gholdengo
|-damage|p1a: Gholdengo|3/100
|-supereffective|p1a: Gholdengo
|-damage|p1a: Gholdengo|0 fnt
|faint|p1a: Gholdengo
|-hitcount|p1: Gholdengo|3
|move|p2b: Archaludon|Dragon Pulse|p1b: Ninetales
|-immune|p1b: Ninetales
|
|-weather|Snowscape|[upkeep]
|-heal|p1b: Ninetales|85/100|[from] Grassy Terrain
|-heal|p2a: Rillaboom|26/100|[from] Grassy Terrain
|-heal|p2b: Archaludon|27/100|[from] Grassy Terrain
|upkeep
|
|t:|1756593604
|switch|p1a: Incineroar|Incineroar, L50, F|100/100
|-ability|p1a: Incineroar|Intimidate|boost
|-unboost|p2a: Rillaboom|atk|1
|-unboost|p2b: Archaludon|atk|1
|turn|9
|
|t:|1756593615
|switch|p2a: Incineroar|Incineroar, L50, F|83/100
|-ability|p2a: Incineroar|Intimidate|boost
|-unboost|p1a: Incineroar|atk|1
|-unboost|p1b: Ninetales|atk|1
|move|p1b: Ninetales|Blizzard|p2a: Incineroar|[spread] p2a,p2b
|-resisted|p2a: Incineroar
|-damage|p2a: Incineroar|77/100
|-damage|p2b: Archaludon|16/100
|-ability|p2b: Archaludon|Stamina|boost
|-boost|p2b: Archaludon|def|1
|move|p2b: Archaludon|Dragon Pulse|p1b: Ninetales
|-immune|p1b: Ninetales
|move|p1a: Incineroar|Knock Off|p2a: Incineroar
|-resisted|p2a: Incineroar
|-damage|p2a: Incineroar|65/100
|-enditem|p2a: Incineroar|Safety Goggles|[from] move: Knock Off|[of] p1a: Incineroar
|
|-weather|Snowscape|[upkeep]
|-heal|p1b: Ninetales|91/100|[from] Grassy Terrain
|-heal|p2b: Archaludon|22/100|[from] Grassy Terrain
|-heal|p2a: Incineroar|71/100|[from] Grassy Terrain
|upkeep
|turn|10
|inactive|eutherians has 30 seconds left.
|
|t:|1756593647
|move|p1b: Ninetales|Blizzard|p2b: Archaludon|[spread] p2a,p2b
|-resisted|p2a: Incineroar
|-damage|p2a: Incineroar|65/100
|-damage|p2b: Archaludon|10/100
|-ability|p2b: Archaludon|Stamina|boost
|-boost|p2b: Archaludon|def|1
|move|p2b: Archaludon|Dragon Pulse|p1a: Incineroar
|-damage|p1a: Incineroar|65/100
|move|p2a: Incineroar|Parting Shot|p1b: Ninetales
|-unboost|p1b: Ninetales|atk|1
|-unboost|p1b: Ninetales|spa|1
|
|t:|1756593658
|switch|p2a: Rillaboom|Rillaboom, L50, M, tera:Fire|26/100|[from] Parting Shot
|move|p1a: Incineroar|Knock Off|p2b: Archaludon
|-damage|p2b: Archaludon|0 fnt
|-enditem|p2b: Archaludon|Assault Vest|[from] move: Knock Off|[of] p1a: Incineroar
|faint|p2b: Archaludon
|
|-weather|Snowscape|[upkeep]
|-heal|p1b: Ninetales|97/100|[from] Grassy Terrain
|-heal|p2a: Rillaboom|32/100|[from] Grassy Terrain
|-heal|p1a: Incineroar|71/100|[from] Grassy Terrain
|upkeep
|
|t:|1756593668
|switch|p2b: Incineroar|Incineroar, L50, F|65/100
|-ability|p2b: Incineroar|Intimidate|boost
|-unboost|p1a: Incineroar|atk|1
|-unboost|p1b: Ninetales|atk|1
|turn|11
|inactive|Cogao vascaino has 30 seconds left.
|
|t:|1756593694
|move|p2b: Incineroar|Fake Out|p1a: Incineroar
|-damage|p1a: Incineroar|61/100
|move|p1b: Ninetales|Aurora Veil|p1b: Ninetales
|-sidestart|p1: Cogao vascaino|move: Aurora Veil
|move|p2a: Rillaboom|Bullet Seed|p1b: Ninetales
|-damage|p1b: Ninetales|88/100
|-damage|p1b: Ninetales|78/100
|-damage|p1b: Ninetales|67/100
|-damage|p1b: Ninetales|57/100
|-damage|p1b: Ninetales|48/100
|-hitcount|p1b: Ninetales|5
|cant|p1a: Incineroar|flinch
|
|-weather|none
|-heal|p1b: Ninetales|54/100|[from] Grassy Terrain
|-heal|p2a: Rillaboom|38/100|[from] Grassy Terrain
|-heal|p2b: Incineroar|71/100|[from] Grassy Terrain
|-heal|p1a: Incineroar|67/100|[from] Grassy Terrain
|-fieldend|move: Grassy Terrain
|upkeep
|turn|12
|inactive|eutherians has 30 seconds left.
|
|t:|1756593722
|move|p1b: Ninetales|Encore|p2b: Incineroar
|-start|p2b: Incineroar|Encore
|move|p2a: Rillaboom|Bullet Seed|p1b: Ninetales
|-damage|p1b: Ninetales|44/100
|-damage|p1b: Ninetales|32/100
|-damage|p1b: Ninetales|21/100
|-damage|p1b: Ninetales|9/100
|-hitcount|p1b: Ninetales|4
|move|p2b: Incineroar|Fake Out||[still]
|-hint|Fake Out only works on your first turn out.
|-fail|p2b: Incineroar
|move|p1a: Incineroar|Parting Shot|p2a: Rillaboom
|-unboost|p2a: Rillaboom|atk|1
|-unboost|p2a: Rillaboom|spa|1
|
|t:|1756593736
|switch|p1a: Dragonite|Dragonite, L50, F|68/100|[from] Parting Shot
|
|upkeep
|turn|13
|
|t:|1756593743
|switch|p1b: Incineroar|Incineroar, L50, F|67/100
|-ability|p1b: Incineroar|Intimidate|boost
|-unboost|p2a: Rillaboom|atk|1
|-unboost|p2b: Incineroar|atk|1
|move|p2b: Incineroar|Fake Out||[still]
|-hint|Fake Out only works on your first turn out.
|-fail|p2b: Incineroar
|move|p1a: Dragonite|Scale Shot|p2a: Rillaboom
|-damage|p2a: Rillaboom|25/100
|-damage|p2a: Rillaboom|12/100
|-damage|p2a: Rillaboom|0 fnt
|faint|p2a: Rillaboom
|-hitcount|p2: Rillaboom|3
|-unboost|p1a: Dragonite|def|1
|-boost|p1a: Dragonite|spe|1
|
|upkeep
|turn|14
|-message|eutherians forfeited.
|
|win|Cogao vascaino
||eutherians is ready for game 2.
||Cogao vascaino is ready for game 2.
|uhtml|next|Next: Game 2 of 3
|l|☆eutherians
|player|p2|
|l|☆Cogao vascaino
|player|p1|
|j|☆Cogao vascaino
|player|p1|Cogao vascaino|dancer|
