|j|☆fetru
|j|☆ShoukoKun
|html|fetruShoukoKun    
|uhtml|bestof|Game 2 of a best-of-3
|t:|1782618163
|gametype|doubles
|player|p1|fetru|266|1058
|player|p2|ShoukoKun|veteranf|1183
|gen|9
|tier|[Gen 9 Champions] VGC 2026 Reg M-B (Bo3)
|rated|
|rule|Species Clause: Limit one of each Pokémon
|rule|Item Clause: Limit 1 of each item
|clearpoke
|poke|p1|Hydreigon, L50, F|
|poke|p1|Garchomp, L50, F|
|poke|p1|Metagross, L50|
|poke|p1|Charizard, L50, M|
|poke|p1|Grimmsnarl, L50, M|
|poke|p1|Toxapex, L50, M|
|poke|p2|Floette-Eternal, L50, F|
|poke|p2|Venusaur, L50, M|
|poke|p2|Kingambit, L50, M|
|poke|p2|Sinistcha, L50|
|poke|p2|Incineroar, L50, F|
|poke|p2|Basculegion, L50, M|
|teampreview|4
|showteam|p1|Hydreigon||ChoiceScarf|Levitate|HeatWave,DarkPulse,DracoMeteor,Snarl|Modest||F|||50|]Garchomp||SitrusBerry|RoughSkin|Earthquake,RockSlide,DragonClaw,Protect|Adamant||F|||50|]Metagross||Metagrossite|ClearBody|IronHead,HammerArm,BulletPunch,Protect|Adamant|||||50|]Charizard||CharizarditeY|Blaze|Protect,HeatWave,SolarBeam,WeatherBall|Timid||M|||50|]Grimmsnarl||RoseliBerry|Prankster|FakeOut,FoulPlay,Reflect,PartingShot|Sassy||M|||50|]Toxapex||Leftovers|Regenerator|Infestation,Toxic,BanefulBunker,WideGuard|Bold||M|||50|
|showteam|p2|Floette-Eternal||Floettite|FlowerVeil|Moonblast,DazzlingGleam,CalmMind,Protect|Modest||F|||50|]Venusaur||Venusaurite|Chlorophyll|GigaDrain,SludgeBomb,EarthPower,Protect|Modest||M|||50|]Kingambit||BlackGlasses|Defiant|KowtowCleave,SuckerPunch,SwordsDance,Protect|Adamant||M|||50|]Sinistcha||Leftovers|Hospitality|MatchaGotcha,RagePowder,TrickRoom,Protect|Bold|||||50|]Incineroar||PasshoBerry|Intimidate|FakeOut,FlareBlitz,ThroatChop,PartingShot|Careful||F|||50|]Basculegion||ChoiceScarf|Adaptability|AquaJet,WaveCrash,FlipTurn,LastRespects|Jolly||M|||50|
|inactive|Battle timer is ON: inactive players will automatically lose when time's up. (requested by ShoukoKun)
|
|t:|1782618197
|teamsize|p1|4
|teamsize|p2|4
|start
|switch|p1a: Metagross|Metagross, L50|100/100
|switch|p1b: Grimmsnarl|Grimmsnarl, L50, M|100/100
|switch|p2a: Venusaur|Venusaur, L50, M|100/100
|switch|p2b: Incineroar|Incineroar, L50, F|100/100
|-ability|p2b: Incineroar|Intimidate|boost
|-fail|p1a: Metagross|unboost|[from] ability: Clear Body|[of] p1a: Metagross
|-unboost|p1b: Grimmsnarl|atk|1
|turn|1
|
|t:|1782618221
|switch|p1a: Garchomp|Garchomp, L50, F|100/100
|detailschange|p2a: Venusaur|Venusaur-Mega, L50, M
|-mega|p2a: Venusaur|Venusaur|Venusaurite
|move|p2b: Incineroar|Fake Out|p1b: Grimmsnarl
|-damage|p1b: Grimmsnarl|90/100
|cant|p1b: Grimmsnarl|flinch
|move|p2a: Venusaur|Sludge Bomb|p1b: Grimmsnarl
|-supereffective|p1b: Grimmsnarl|1
|-damage|p1b: Grimmsnarl|6/100
|-status|p1b: Grimmsnarl|psn
|
|-damage|p1b: Grimmsnarl|0 fnt|[from] psn
|faint|p1b: Grimmsnarl
|upkeep
|
|t:|1782618235
|switch|p1b: Hydreigon|Hydreigon, L50, F|100/100
|turn|2
|inactive|fetru has 30 seconds left.
|inactive|fetru has 20 seconds left.
|inactive|fetru has 15 seconds left.
|inactive|fetru has 10 seconds left.
|
|t:|1782618281
|move|p1b: Hydreigon|Heat Wave|p2b: Incineroar|[spread] p2b
|-miss|p1b: Hydreigon|p2a: Venusaur
|-resisted|p2b: Incineroar|1
|-damage|p2b: Incineroar|90/100
|move|p1a: Garchomp|Earthquake|p2b: Incineroar|[spread] p2a,p2b
|-immune|p1b: Hydreigon|[from] ability: Levitate
|-supereffective|p2b: Incineroar|1
|-damage|p2a: Venusaur|67/100
|-damage|p2b: Incineroar|27/100
|move|p2a: Venusaur|Giga Drain|p1a: Garchomp
|-damage|p1a: Garchomp|60/100
|-heal|p2a: Venusaur|91/100|[from] drain|[of] p1a: Garchomp
|move|p2b: Incineroar|Parting Shot|p1b: Hydreigon
|-unboost|p1b: Hydreigon|atk|1
|-unboost|p1b: Hydreigon|spa|1
|
|t:|1782618297
|switch|p2b: Basculegion|Basculegion, L50, M|100/100|[from] Parting Shot
|
|upkeep
|turn|3
|
|t:|1782618307
|switch|p1b: Metagross|Metagross, L50|100/100
|move|p2b: Basculegion|Flip Turn|p1b: Metagross
|-damage|p1b: Metagross|70/100
|
|t:|1782618314
|switch|p2b: Sinistcha|Sinistcha, L50|100/100|[from] Flip Turn
|-heal|p2a: Venusaur|100/100|[from] ability: Hospitality|[of] p2b: Sinistcha
|move|p1a: Garchomp|Earthquake|p2a: Venusaur|[spread] p1b,p2a,p2b
|-supereffective|p1b: Metagross|1
|-resisted|p2b: Sinistcha|1
|-damage|p1b: Metagross|5/100
|-damage|p2a: Venusaur|66/100
|-damage|p2b: Sinistcha|84/100
|move|p2a: Venusaur|Giga Drain|p1a: Garchomp
|-damage|p1a: Garchomp|22/100
|-heal|p2a: Venusaur|90/100|[from] drain|[of] p1a: Garchomp
|-enditem|p1a: Garchomp|Sitrus Berry|[eat]
|-heal|p1a: Garchomp|47/100|[from] item: Sitrus Berry
|
|-heal|p2b: Sinistcha|90/100|[from] item: Leftovers
|upkeep
|turn|4
|inactive|fetru has 30 seconds left.
|
|t:|1782618340
|detailschange|p1b: Metagross|Metagross-Mega, L50
|-mega|p1b: Metagross|Metagross|Metagrossite
|move|p1a: Garchomp|Rock Slide|p2b: Sinistcha|[spread] p2a
|-miss|p1a: Garchomp|p2b: Sinistcha
|-damage|p2a: Venusaur|71/100
|move|p1b: Metagross|Iron Head|p2a: Venusaur
|-damage|p2a: Venusaur|19/100
|move|p2a: Venusaur|Giga Drain|p1a: Garchomp
|-damage|p1a: Garchomp|7/100
|-heal|p2a: Venusaur|43/100|[from] drain|[of] p1a: Garchomp
|move|p2b: Sinistcha|Matcha Gotcha|p1a: Garchomp|[spread] p1a,p1b
|-resisted|p1b: Metagross|1
|-damage|p1a: Garchomp|0 fnt
|-heal|p2b: Sinistcha|95/100|[from] drain|[of] p1a: Garchomp
|-damage|p1b: Metagross|0 fnt
|-heal|p2b: Sinistcha|98/100|[from] drain|[of] p1b: Metagross
|faint|p1a: Garchomp
|faint|p1b: Metagross
|
|-heal|p2b: Sinistcha|100/100|[from] item: Leftovers
|upkeep
|
|t:|1782618360
|switch|p1a: Hydreigon|Hydreigon, L50, F|100/100
|turn|5
|
|t:|1782618370
|move|p1a: Hydreigon|Snarl|p2b: Sinistcha|[spread] p2a,p2b
|-supereffective|p2b: Sinistcha|1
|-damage|p2a: Venusaur|21/100
|-damage|p2b: Sinistcha|49/100
|-unboost|p2a: Venusaur|spa|1
|-unboost|p2b: Sinistcha|spa|1
|move|p2a: Venusaur|Sludge Bomb|p1a: Hydreigon
|-damage|p1a: Hydreigon|63/100
|move|p2b: Sinistcha|Trick Room|p2b: Sinistcha
|-fieldstart|move: Trick Room|[of] p2b: Sinistcha
|
|-heal|p2b: Sinistcha|55/100|[from] item: Leftovers
|upkeep
|turn|6
|
|t:|1782618384
|move|p2b: Sinistcha|Matcha Gotcha|p1a: Hydreigon
|-resisted|p1a: Hydreigon|1
|-damage|p1a: Hydreigon|51/100
|-heal|p2b: Sinistcha|61/100|[from] drain|[of] p1a: Hydreigon
|move|p2a: Venusaur|Sludge Bomb|p1a: Hydreigon
|-damage|p1a: Hydreigon|13/100
|move|p1a: Hydreigon|Snarl|p2a: Venusaur|[spread] p2a,p2b
|-supereffective|p2b: Sinistcha|1
|-damage|p2a: Venusaur|2/100
|-damage|p2b: Sinistcha|12/100
|-unboost|p2a: Venusaur|spa|1
|-unboost|p2b: Sinistcha|spa|1
|
|-heal|p2b: Sinistcha|19/100|[from] item: Leftovers
|upkeep
|turn|7
|
|t:|1782618398
|move|p2b: Sinistcha|Matcha Gotcha|p1a: Hydreigon
|-resisted|p1a: Hydreigon|1
|-damage|p1a: Hydreigon|5/100
|-heal|p2b: Sinistcha|23/100|[from] drain|[of] p1a: Hydreigon
|-status|p1a: Hydreigon|brn
|move|p2a: Venusaur|Sludge Bomb|p1a: Hydreigon
|-damage|p1a: Hydreigon|0 fnt
|faint|p1a: Hydreigon
|
|win|ShoukoKun
||fetru is ready for game 3.
||ShoukoKun is ready for game 3.
|uhtml|next|Next: Game 3 of 3
