|j|☆Cristante terabug
|j|☆LoveLiveTrickRoom
|html|Cristante terabugLoveLiveTrickRoom    
|uhtml|bestof|Game 2 of a best-of-3
|t:|1756378111
|gametype|doubles
|player|p1|Cristante terabug|kieran-champion|1122
|player|p2|LoveLiveTrickRoom|blackbelt-gen1|1120
|gen|9
|tier|[Gen 9] VGC 2025 Reg H (Bo3)
|rated|
|rule|Species Clause: Limit one of each Pokémon
|rule|Item Clause: Limit 1 of each item
|clearpoke
|poke|p1|Tyranitar, L50, F|
|poke|p1|Kommo-o, L50, F|
|poke|p1|Primarina, L50, F|
|poke|p1|Corviknight, L50, F|
|poke|p1|Incineroar, L50, M|
|poke|p1|Sinistcha, L50|
|poke|p2|Pelipper, L50, M|
|poke|p2|Brambleghast, L50, F|
|poke|p2|Archaludon, L50, M|
|poke|p2|Basculegion, L50, M|
|poke|p2|Kingambit, L50, F|
|poke|p2|Amoonguss, L50, F|
|teampreview|4
|showteam|p1|Tyranitar||AssaultVest|SandStream|KnockOff,LowKick,RockSlide,TeraBlast|||F|||50|,,,,,Flying]Kommo-o||Leftovers|Overcoat|BodyPress,IronDefense,ThroatChop,Protect|||F|||50|,,,,,Steel]Primarina||MysticWater|LiquidVoice|Haze,Moonblast,HyperVoice,Protect|||F|||50|,,,,,Poison]Corviknight||SitrusBerry|MirrorArmor|BraveBird,BulkUp,Roost,Tailwind|||F|||50|,,,,,Ghost]Incineroar||SafetyGoggles|Intimidate|KnockOff,PartingShot,FlareBlitz,FakeOut|||M|||50|,,,,,Ghost]Sinistcha||RockyHelmet|Hospitality|Protect,MatchaGotcha,RagePowder,ShadowBall||||||50|,,,,,Water
|showteam|p2|Pelipper||CovertCloak|Drizzle|Hurricane,WeatherBall,Tailwind,Protect|||M|||50|,,,,,Grass]Brambleghast||FocusSash|WindRider|SeedBomb,Poltergeist,ShadowSneak,Protect|||F|||50|,,,,,Ghost]Archaludon||AssaultVest|Stamina|ElectroShot,DracoMeteor,FlashCannon,BodyPress|||M|||50|,,,,,Bug]Basculegion||ChoiceBand|SwiftSwim|FlipTurn,WaveCrash,AquaJet,LastRespects|||M|||50|,,,,,Grass]Kingambit||BlackGlasses|Defiant|KowtowCleave,SuckerPunch,SwordsDance,Protect|||F|||50|,,,,,Dark]Amoonguss||SitrusBerry|EffectSpore|Spore,RagePowder,PollenPuff,Protect|||F|||50|,,,,,Fire
|j| Jakub666
|l| Jakub666
|inactive|Battle timer is ON: inactive players will automatically lose when time's up. (requested by Cristante terabug)
|
|t:|1756378134
|teamsize|p1|4
|teamsize|p2|4
|start
|switch|p1a: Omori|Kommo-o, L50, F|100/100
|switch|p1b: Aubrey|Primarina, L50, F|100/100
|switch|p2a: Basculegion|Basculegion, L50, M|100/100
|switch|p2b: Archaludon|Archaludon, L50, M, shiny|100/100
|turn|1
|
|t:|1756378152
|switch|p1b: Mari|Sinistcha, L50|100/100
|-terastallize|p1a: Omori|Steel
|move|p2a: Basculegion|Flip Turn|p1a: Omori
|-damage|p1a: Omori|65/100
|
|t:|1756378158
|switch|p2a: Pelipper|Pelipper, L50, M|100/100|[from] Flip Turn
|-weather|RainDance|[from] ability: Drizzle|[of] p2a: Pelipper
|move|p1a: Omori|Iron Defense|p1a: Omori
|-boost|p1a: Omori|def|2
|move|p2b: Archaludon|Electro Shot||[still]
|-prepare|p2b: Archaludon|Electro Shot
|-boost|p2b: Archaludon|spa|1
|-anim|p2b: Archaludon|Electro Shot|p1b: Mari
|-resisted|p1b: Mari
|-damage|p1b: Mari|68/100
|
|-weather|RainDance|[upkeep]
|-heal|p1a: Omori|71/100|[from] item: Leftovers
|upkeep
|turn|2
|inactive|Cristante terabug has 30 seconds left.
|
|t:|1756378192
|switch|p2a: Basculegion|Basculegion, L50, M|100/100
|switch|p1b: Hero|Tyranitar, L50, F|100/100
|-weather|Sandstorm|[from] ability: Sand Stream|[of] p1b: Hero
|-terastallize|p2b: Archaludon|Bug
|move|p1a: Omori|Body Press|p2b: Archaludon
|-resisted|p2b: Archaludon
|-damage|p2b: Archaludon|73/100
|-ability|p2b: Archaludon|Stamina|boost
|-boost|p2b: Archaludon|def|1
|move|p2b: Archaludon|Body Press|p1b: Hero
|-supereffective|p1b: Hero
|-damage|p1b: Hero|0 fnt
|faint|p1b: Hero
|
|-weather|Sandstorm|[upkeep]
|-damage|p2a: Basculegion|94/100|[from] Sandstorm
|-damage|p2b: Archaludon|66/100|[from] Sandstorm
|-heal|p1a: Omori|77/100|[from] item: Leftovers
|upkeep
|
|t:|1756378204
|switch|p1b: Mari|Sinistcha, L50|68/100
|-heal|p1a: Omori|100/100|[from] ability: Hospitality|[of] p1b: Mari
|turn|3
|
|t:|1756378218
|switch|p2a: Pelipper|Pelipper, L50, M|100/100
|-weather|RainDance|[from] ability: Drizzle|[of] p2a: Pelipper
|move|p1a: Omori|Protect|p1a: Omori
|-singleturn|p1a: Omori|Protect
|move|p2b: Archaludon|Electro Shot||[still]
|-prepare|p2b: Archaludon|Electro Shot
|-boost|p2b: Archaludon|spa|1
|-anim|p2b: Archaludon|Electro Shot|p1a: Omori
|-activate|p1a: Omori|move: Protect
|move|p1b: Mari|Matcha Gotcha|p2a: Pelipper|[spread] p2a,p2b
|-resisted|p2b: Archaludon
|-damage|p2a: Pelipper|63/100
|-heal|p1b: Mari|85/100|[from] drain|[of] p2a: Pelipper
|-damage|p2b: Archaludon|58/100
|-heal|p1b: Mari|90/100|[from] drain|[of] p2b: Archaludon
|-ability|p2b: Archaludon|Stamina|boost
|-boost|p2b: Archaludon|def|1
|
|-weather|RainDance|[upkeep]
|upkeep
|turn|4
|
|t:|1756378239
|move|p1b: Mari|Rage Powder|p1b: Mari
|-singleturn|p1b: Mari|move: Rage Powder
|move|p1a: Omori|Iron Defense|p1a: Omori
|-boost|p1a: Omori|def|2
|move|p2a: Pelipper|Hurricane|p1b: Mari
|-supereffective|p1b: Mari
|-damage|p1b: Mari|8/100
|move|p2b: Archaludon|Electro Shot||[still]
|-prepare|p2b: Archaludon|Electro Shot
|-boost|p2b: Archaludon|spa|1
|-anim|p2b: Archaludon|Electro Shot|p1b: Mari
|-resisted|p1b: Mari
|-damage|p1b: Mari|0 fnt
|faint|p1b: Mari
|
|-weather|RainDance|[upkeep]
|upkeep
|
|t:|1756378246
|switch|p1b: Aubrey|Primarina, L50, F|100/100
|turn|5
|
|t:|1756378258
|move|p1a: Omori|Body Press|p2a: Pelipper
|-resisted|p2a: Pelipper
|-damage|p2a: Pelipper|0 fnt
|faint|p2a: Pelipper
|move|p2b: Archaludon|Electro Shot||[still]
|-prepare|p2b: Archaludon|Electro Shot
|-boost|p2b: Archaludon|spa|1
|-anim|p2b: Archaludon|Electro Shot|p1a: Omori
|-damage|p1a: Omori|0 fnt
|faint|p1a: Omori
|move|p1b: Aubrey|Haze|p1b: Aubrey
|-clearallboost
|
|-weather|RainDance|[upkeep]
|upkeep
|
|t:|1756378267
|switch|p2a: Basculegion|Basculegion, L50, M|94/100
|turn|6
|
|t:|1756378272
|move|p2a: Basculegion|Last Respects|p1b: Aubrey
|-damage|p1b: Aubrey|17/100
|move|p2b: Archaludon|Electro Shot||[still]
|-prepare|p2b: Archaludon|Electro Shot
|-boost|p2b: Archaludon|spa|1
|-anim|p2b: Archaludon|Electro Shot|p1b: Aubrey
|-supereffective|p1b: Aubrey
|-damage|p1b: Aubrey|0 fnt
|faint|p1b: Aubrey
|
|win|LoveLiveTrickRoom
|raw|Cristante terabug's rating: 1122 → 1097(-25 for losing)
|raw|LoveLiveTrickRoom's rating: 1120 → 1145(+25 for winning)
