|j|☆JoeGurt_Gaming
|j|☆exposniffer
|html|JoeGurt_Gamingexposniffer    
|uhtml|bestof|Game 2 of a best-of-3
|t:|1757216651
|gametype|doubles
|player|p1|JoeGurt_Gaming|170|1095
|player|p2|exposniffer|blue|1162
|gen|9
|tier|[Gen 9] VGC 2025 Reg H (Bo3)
|rated|
|rule|Species Clause: Limit one of each Pokémon
|rule|Item Clause: Limit 1 of each item
|clearpoke
|poke|p1|Eiscue, L50, F|
|poke|p1|Ursaluna, L50, F|
|poke|p1|Talonflame, L50, F|
|poke|p1|Rillaboom, L50, M|
|poke|p1|Sneasler, L50, M|
|poke|p1|Gastrodon, L50, M|
|poke|p2|Gholdengo, L50|
|poke|p2|Dragonite, L50, F|
|poke|p2|Ursaluna-Bloodmoon, L50, M|
|poke|p2|Ninetales-Alola, L50, M|
|poke|p2|Annihilape, L50, M|
|poke|p2|Incineroar, L50, F|
|teampreview|4
|showteam|p1|Eiscue||SitrusBerry|IceFace|BellyDrum,Protect,IceSpinner,TeraBlast|||F|||50|,,,,,Electric]Ursaluna||FlameOrb|Guts|Earthquake,Facade,Protect,StompingTantrum|||F|||50|,,,,,Ghost]Talonflame||CovertCloak|GaleWings|FlareBlitz,Tailwind,BraveBird,Protect|||F|||50|,,,,,Flying]Rillaboom||AssaultVest|GrassySurge|FakeOut,HighHorsepower,GrassyGlide,WoodHammer|||M|||50|,,,,,Ground]Sneasler||FocusSash|Unburden|FakeOut,CloseCombat,DireClaw,Protect|||M|||50|,,,,,Stellar]Gastrodon||Leftovers|StormDrain|EarthPower,IceBeam,Protect,Yawn|||M|||50|,,,,,Fairy
|showteam|p2|Gholdengo||MetalCoat|GoodasGold|MakeItRain,ShadowBall,NastyPlot,Protect||||||50|,,,,,Water]Dragonite||LoadedDice|Multiscale|ScaleShot,ExtremeSpeed,Haze,Protect|||F|||50|,,,,,Steel]Ursaluna-Bloodmoon||AssaultVest|MindsEye|BloodMoon,HyperVoice,EarthPower,VacuumWave|||M|||50|,,,,,Water]Ninetales-Alola||FocusSash|SnowWarning|Blizzard,IcyWind,AuroraVeil,IcicleSpear|||M|||50|,,,,,Ghost]Annihilape||SafetyGoggles|Defiant|CloseCombat,RageFist,Coaching,Taunt|||M|||50|,,,,,Fire]Incineroar||RockyHelmet|Intimidate|KnockOff,FlareBlitz,PartingShot,FakeOut|||F|||50|,,,,,Ghost
|inactive|Battle timer is ON: inactive players will automatically lose when time's up. (requested by exposniffer)
|inactive|JoeGurt_Gaming has 60 seconds left.
|inactive|exposniffer has 60 seconds left.
|
|t:|1757216712
|teamsize|p1|4
|teamsize|p2|4
|start
|switch|p1a: Talonflame|Talonflame, L50, F|100/100
|switch|p1b: Sneasler|Sneasler, L50, M|100/100
|switch|p2a: Loui|Ninetales-Alola, L50, M|100/100
|switch|p2b: Franklin|Dragonite, L50, F|100/100
|-weather|Snowscape|[from] ability: Snow Warning|[of] p2a: Loui
|turn|1
|
|t:|1757216734
|-terastallize|p2a: Loui|Ghost
|move|p1a: Talonflame|Flare Blitz|p2a: Loui
|-damage|p2a: Loui|51/100
|-damage|p1a: Talonflame|88/100|[from] Recoil
|move|p1b: Sneasler|Dire Claw|p2b: Franklin
|-damage|p2b: Franklin|78/100
|-status|p2b: Franklin|par
|move|p2a: Loui|Icy Wind|p1a: Talonflame|[spread] p1a,p1b
|-crit|p1b: Sneasler
|-damage|p1a: Talonflame|70/100
|-damage|p1b: Sneasler|67/100
|-unboost|p1b: Sneasler|spe|1
|move|p2b: Franklin|Scale Shot|p1b: Sneasler
|-damage|p1b: Sneasler|42/100
|-damage|p1b: Sneasler|17/100
|-damage|p1b: Sneasler|0 fnt
|faint|p1b: Sneasler
|-hitcount|p1: Sneasler|3
|-unboost|p2b: Franklin|def|1
|-boost|p2b: Franklin|spe|1
|
|-weather|Snowscape|[upkeep]
|upkeep
|
|t:|1757216747
|switch|p1b: Eiscue|Eiscue, L50, F|100/100
|turn|2
|
|t:|1757216763
|move|p1a: Talonflame|Tailwind|p1a: Talonflame
|-sidestart|p1: JoeGurt_Gaming|move: Tailwind
|move|p1b: Eiscue|Belly Drum|p1b: Eiscue
|-damage|p1b: Eiscue|50/100
|-setboost|p1b: Eiscue|atk|6|[from] move: Belly Drum
|-enditem|p1b: Eiscue|Sitrus Berry|[eat]
|-heal|p1b: Eiscue|75/100|[from] item: Sitrus Berry
|move|p2a: Loui|Icy Wind|p1b: Eiscue|[spread] p1b
|-miss|p2a: Loui|p1a: Talonflame
|-resisted|p1b: Eiscue
|-damage|p1b: Eiscue|66/100
|-unboost|p1b: Eiscue|spe|1
|move|p2b: Franklin|Scale Shot|p1b: Eiscue
|-activate|p1b: Eiscue|ability: Ice Face
|-damage|p1b: Eiscue|66/100
|detailschange|p1b: Eiscue|Eiscue-Noice, L50, F
|-damage|p1b: Eiscue|52/100
|-damage|p1b: Eiscue|37/100
|-damage|p1b: Eiscue|21/100
|-hitcount|p1b: Eiscue|4
|-unboost|p2b: Franklin|def|1
|-boost|p2b: Franklin|spe|1
|
|-weather|Snowscape|[upkeep]
|upkeep
|turn|3
|inactive|exposniffer has 30 seconds left.
|
|t:|1757216789
|move|p2b: Franklin|Extreme Speed|p1b: Eiscue
|-damage|p1b: Eiscue|0 fnt
|faint|p1b: Eiscue
|move|p1a: Talonflame|Flare Blitz|p2a: Loui
|-damage|p2a: Loui|2/100
|-damage|p1a: Talonflame|57/100|[from] Recoil
|move|p2a: Loui|Aurora Veil|p2a: Loui
|-sidestart|p2: exposniffer|move: Aurora Veil
|
|-weather|Snowscape|[upkeep]
|upkeep
|
|t:|1757216795
|switch|p1b: Ursaluna|Ursaluna, L50, F|100/100
|turn|4
|
|t:|1757216813
|move|p1b: Ursaluna|Protect|p1b: Ursaluna
|-singleturn|p1b: Ursaluna|Protect
|move|p1a: Talonflame|Flare Blitz|p2a: Loui
|-damage|p2a: Loui|0 fnt
|faint|p2a: Loui
|-damage|p1a: Talonflame|56/100|[from] Recoil
|cant|p2b: Franklin|par
|
|-weather|Snowscape|[upkeep]
|-status|p1b: Ursaluna|brn|[from] item: Flame Orb
|upkeep
|
|t:|1757216823
|switch|p2a: jerome|Ursaluna-Bloodmoon, L50, M|100/100
|turn|5
|
|t:|1757216839
|-terastallize|p1b: Ursaluna|Ghost
|move|p1a: Talonflame|Brave Bird|p2a: jerome
|-damage|p2a: jerome|86/100
|-damage|p1a: Talonflame|50/100|[from] Recoil
|move|p1b: Ursaluna|Facade|p2a: jerome
|-damage|p2a: jerome|31/100
|move|p2b: Franklin|Scale Shot|p1b: Ursaluna
|-damage|p1b: Ursaluna|89/100 brn
|-damage|p1b: Ursaluna|77/100 brn
|-damage|p1b: Ursaluna|65/100 brn
|-damage|p1b: Ursaluna|52/100 brn
|-hitcount|p1b: Ursaluna|4
|-unboost|p2b: Franklin|def|1
|-boost|p2b: Franklin|spe|1
|move|p2a: jerome|Blood Moon|p1b: Ursaluna
|-damage|p1b: Ursaluna|0 fnt
|faint|p1b: Ursaluna
|
|-weather|none
|-sideend|p1: JoeGurt_Gaming|move: Tailwind
|upkeep
|turn|6
|
|t:|1757216857
|move|p1a: Talonflame|Brave Bird|p2a: jerome
|-damage|p2a: jerome|15/100
|-damage|p1a: Talonflame|44/100|[from] Recoil
|cant|p2b: Franklin|par
|move|p2a: jerome|Hyper Voice|p1a: Talonflame
|-damage|p1a: Talonflame|0 fnt
|faint|p1a: Talonflame
|
|win|exposniffer
||JoeGurt_Gaming is ready for game 3.
