|j|☆sturmkitten69
|j|☆phuc_lamvgc
|html|sturmkitten69phuc_lamvgc    
|uhtml|bestof|Game 3 of a best-of-3
|t:|1783397799
|gametype|doubles
|player|p1|sturmkitten69|fisherman-gen4|1130
|player|p2|phuc_lamvgc|miku-ghost|1126
|gen|9
|tier|[Gen 9 Champions] VGC 2026 Reg M-B (Bo3)
|rated|
|rule|Species Clause: Limit one of each Pokémon
|rule|Item Clause: Limit 1 of each item
|clearpoke
|poke|p1|Blastoise, L50, M|
|poke|p1|Sinistcha, L50|
|poke|p1|Ninetales-Alola, L50, F|
|poke|p1|Sneasler, L50, M|
|poke|p1|Rotom-Wash, L50|
|poke|p1|Talonflame, L50, M|
|poke|p2|Pyroar, L50, F, shiny|
|poke|p2|Floette-Eternal, L50, F|
|poke|p2|Farigiraf, L50, M|
|poke|p2|Incineroar, L50, M|
|poke|p2|Torkoal, L50, M|
|poke|p2|Vileplume, L50, M|
|teampreview|4
|showteam|p1|Blastoise||Blastoisinite|Torrent|AuraSphere,Protect,DarkPulse,WaterPulse|Modest||M|||50|]Sinistcha||SitrusBerry|Hospitality|TrickRoom,MatchaGotcha,RagePowder,LifeDew|Bold|||||50|]Ninetales-Alola||FocusSash|SnowWarning|Blizzard,AuroraVeil,IcyWind,Encore|Timid||F|||50|]Sneasler||PoisonBarb|PoisonTouch|DireClaw,FakeOut,Protect,CloseCombat|Adamant||M|||50|]Rotom-Wash||Leftovers|Levitate|HydroPump,Thunderbolt,LightScreen,WillOWisp|Bold|||||50|]Talonflame||LifeOrb|GaleWings|BraveBird,Overheat,Tailwind,Protect|Naive||M|||50|
|showteam|p2|Pyroar||Pyroarite|Unnerve|Overheat,SolarBeam,HeatWave,Protect|Timid||F|||50|]Floette-Eternal||Floettite|FlowerVeil|Moonblast,DrainingKiss,CalmMind,Protect|Modest||F|||50|]Farigiraf||SitrusBerry|ArmorTail|HelpingHand,TrickRoom,Psychic,Thunderbolt|Relaxed||M|||50|]Incineroar||WhiteHerb|Intimidate|FakeOut,FlareBlitz,DarkestLariat,CloseCombat|Brave||M|||50|]Torkoal||Charcoal|Drought|WeatherBall,Eruption,HelpingHand,Protect|Quiet||M|||50|]Vileplume||FocusSash|Chlorophyll|SolarBeam,SleepPowder,SludgeBomb,AfterYou|Timid||M|||50|
|
|t:|1783397838
|teamsize|p1|4
|teamsize|p2|4
|start
|switch|p1a: Sneasler|Sneasler, L50, M|100/100
|switch|p1b: Blastoise|Blastoise, L50, M|100/100
|switch|p2a: Vileplume|Vileplume, L50, M|100/100
|switch|p2b: Incineroar|Incineroar, L50, M|100/100
|-ability|p2b: Incineroar|Intimidate|boost
|-unboost|p1a: Sneasler|atk|1
|-unboost|p1b: Blastoise|atk|1
|turn|1
|
|t:|1783397867
|move|p1b: Blastoise|Protect|p1b: Blastoise
|-singleturn|p1b: Blastoise|Protect
|move|p1a: Sneasler|Fake Out|p2a: Vileplume
|-damage|p2a: Vileplume|88/100
|move|p2b: Incineroar|Fake Out|p1a: Sneasler
|-damage|p1a: Sneasler|83/100
|cant|p2a: Vileplume|flinch
|
|upkeep
|turn|2
|
|t:|1783397904
|switch|p2b: Torkoal|Torkoal, L50, M|100/100
|-weather|SunnyDay|[from] ability: Drought|[of] p2b: Torkoal
|detailschange|p1b: Blastoise|Blastoise-Mega, L50, M
|-mega|p1b: Blastoise|Blastoise|Blastoisinite
|move|p2a: Vileplume|Solar Beam||[still]
|-prepare|p2a: Vileplume|Solar Beam
|-anim|p2a: Vileplume|Solar Beam|p1b: Blastoise
|-supereffective|p1b: Blastoise|1
|-damage|p1b: Blastoise|4/100
|move|p1a: Sneasler|Dire Claw|p2a: Vileplume
|-damage|p2a: Vileplume|44/100
|move|p1b: Blastoise|Aura Sphere|p2b: Torkoal
|-damage|p2b: Torkoal|37/100
|
|-weather|SunnyDay|[upkeep]
|upkeep
|turn|3
|
|t:|1783397939
|switch|p1b: Ninetales|Ninetales-Alola, L50, F|100/100
|-weather|Snowscape|[from] ability: Snow Warning|[of] p1b: Ninetales
|move|p1a: Sneasler|Close Combat|p2b: Torkoal
|-damage|p2b: Torkoal|6/100
|-unboost|p1a: Sneasler|def|1
|-unboost|p1a: Sneasler|spd|1
|move|p2a: Vileplume|Sleep Powder|p1a: Sneasler
|-status|p1a: Sneasler|slp|[from] move: Sleep Powder
|move|p2b: Torkoal|Weather Ball|p1a: Sneasler
|-damage|p1a: Sneasler|31/100 slp
|
|-weather|Snowscape|[upkeep]
|upkeep
|turn|4
|
|t:|1783397956
|switch|p2b: Incineroar|Incineroar, L50, M|100/100
|-ability|p2b: Incineroar|Intimidate|boost
|-unboost|p1a: Sneasler|atk|1
|-unboost|p1b: Ninetales|atk|1
|move|p1b: Ninetales|Blizzard|p2b: Incineroar|[spread] p2a,p2b
|-supereffective|p2a: Vileplume|1
|-resisted|p2b: Incineroar|1
|-damage|p2a: Vileplume|0 fnt
|-damage|p2b: Incineroar|84/100
|faint|p2a: Vileplume
|cant|p1a: Sneasler|slp
|
|-weather|Snowscape|[upkeep]
|upkeep
|
|t:|1783397963
|switch|p2a: Pyroar|Pyroar, L50, F, shiny|100/100
|-ability|p2a: Pyroar|Unnerve
|turn|5
|
|t:|1783397985
|switch|p1b: Rotom|Rotom-Wash, L50|100/100
|switch|p2b: Torkoal|Torkoal, L50, M|6/100
|-weather|SunnyDay|[from] ability: Drought|[of] p2b: Torkoal
|detailschange|p2a: Pyroar|Pyroar-Mega, L50, F, shiny
|-mega|p2a: Pyroar|Pyroar|Pyroarite
|-curestatus|p1a: Sneasler|slp|[msg]
|move|p1a: Sneasler|Protect|p1a: Sneasler
|-singleturn|p1a: Sneasler|Protect
|move|p2a: Pyroar|Heat Wave|p1b: Rotom|[spread] p1b
|-activate|p1a: Sneasler|move: Protect
|-resisted|p1b: Rotom|1
|-damage|p1b: Rotom|60/100
|
|-weather|SunnyDay|[upkeep]
|-heal|p1b: Rotom|66/100|[from] item: Leftovers
|upkeep
|turn|6
|
|t:|1783398006
|switch|p2b: Incineroar|Incineroar, L50, M|84/100
|-ability|p2b: Incineroar|Intimidate|boost
|-unboost|p1a: Sneasler|atk|1
|-unboost|p1b: Rotom|atk|1
|move|p2a: Pyroar|Solar Beam||[still]
|-prepare|p2a: Pyroar|Solar Beam
|-anim|p2a: Pyroar|Solar Beam|p1b: Rotom
|-supereffective|p1b: Rotom|1
|-crit|p1b: Rotom
|-damage|p1b: Rotom|0 fnt
|faint|p1b: Rotom
|move|p1a: Sneasler|Close Combat|p2b: Incineroar
|-supereffective|p2b: Incineroar|1
|-damage|p2b: Incineroar|36/100
|-unboost|p1a: Sneasler|def|1
|-unboost|p1a: Sneasler|spd|1
|
|-weather|SunnyDay|[upkeep]
|upkeep
|
|t:|1783398023
|switch|p1b: Ninetales|Ninetales-Alola, L50, F|100/100
|-weather|Snowscape|[from] ability: Snow Warning|[of] p1b: Ninetales
|turn|7
|
|t:|1783398041
|switch|p1b: Blastoise|Blastoise-Mega, L50, M|4/100
|switch|p2b: Torkoal|Torkoal, L50, M|6/100
|-weather|SunnyDay|[from] ability: Drought|[of] p2b: Torkoal
|move|p1a: Sneasler|Protect|p1a: Sneasler
|-singleturn|p1a: Sneasler|Protect
|move|p2a: Pyroar|Heat Wave|p1a: Sneasler|[spread] p1b
|-activate|p1a: Sneasler|move: Protect
|-resisted|p1b: Blastoise|1
|-damage|p1b: Blastoise|0 fnt
|faint|p1b: Blastoise
|
|-weather|SunnyDay|[upkeep]
|upkeep
|
|t:|1783398054
|switch|p1b: Ninetales|Ninetales-Alola, L50, F|100/100
|-weather|Snowscape|[from] ability: Snow Warning|[of] p1b: Ninetales
|turn|8
|
|t:|1783398066
|switch|p2b: Incineroar|Incineroar, L50, M|36/100
|-ability|p2b: Incineroar|Intimidate|boost
|-unboost|p1a: Sneasler|atk|1
|-unboost|p1b: Ninetales|atk|1
|move|p2a: Pyroar|Heat Wave|p1b: Ninetales|[spread] p1a,p1b
|-supereffective|p1b: Ninetales|1
|-damage|p1a: Sneasler|0 fnt
|-enditem|p1b: Ninetales|Focus Sash
|-damage|p1b: Ninetales|1/100
|faint|p1a: Sneasler
|move|p1b: Ninetales|Blizzard|p2a: Pyroar|[spread] p2a,p2b
|-resisted|p2a: Pyroar|1
|-resisted|p2b: Incineroar|1
|-damage|p2a: Pyroar|80/100
|-damage|p2b: Incineroar|21/100
|
|-weather|Snowscape|[upkeep]
|upkeep
|turn|9
|-message|sturmkitten69 forfeited.
|
|win|phuc_lamvgc
|raw|sturmkitten69's rating: 1151 → 1124(-27 for losing)
|raw|phuc_lamvgc's rating: 1126 → 1153(+27 for winning)
|l|☆sturmkitten69
|player|p1|
