|j|☆SleepySilver07
|j|☆TeachMeHow2Hoopa
|html|SleepySilver07TeachMeHow2Hoopa    
|uhtml|bestof|Game 1 of a best-of-3
|t:|1784684579
|gametype|doubles
|player|p1|SleepySilver07|265|1132
|player|p2|TeachMeHow2Hoopa|silver|1191
|gen|9
|tier|[Gen 9 Champions] VGC 2026 Reg M-B (Bo3)
|rated|
|rule|Species Clause: Limit one of each Pokémon
|rule|Item Clause: Limit 1 of each item
|clearpoke
|poke|p1|Scrafty, L50, F|
|poke|p1|Toxapex, L50, F|
|poke|p1|Sinistcha, L50|
|poke|p1|Snorlax, L50, M|
|poke|p1|Dragonite, L50, F|
|poke|p1|Ceruledge, L50, M|
|poke|p2|Pidgeot, L50, M|
|poke|p2|Excadrill, L50, M|
|poke|p2|Tyranitar, L50, M|
|poke|p2|Tsareena, L50, F|
|poke|p2|Gholdengo, L50|
|poke|p2|Rotom-Wash, L50|
|teampreview|4
|showteam|p1|Scrafty||Scraftinite|Moxie|DrainPunch,KnockOff,FakeOut,Detect|Adamant||F|||50|]Toxapex||Leftovers|Regenerator|Infestation,Protect,WideGuard,Toxic|Relaxed||F|||50|]Sinistcha||FocusSash|Hospitality|MatchaGotcha,RagePowder,Protect,TrickRoom|Modest|||||50|]Snorlax||SilkScarf|ThickFat|DoubleEdge,Crunch,Rest,SleepTalk|Brave||M|||50|]Dragonite||LifeOrb|InnerFocus|DragonClaw,LowKick,Protect,ExtremeSpeed|Adamant||F|||50|]Ceruledge||ColburBerry|FlashFire|BitterBlade,ShadowSneak,Protect,BulkUp|Adamant||M|||50|
|showteam|p2|Pidgeot||Pidgeotite|BigPecks|Hurricane,HeatWave,Tailwind,Protect|Timid||M|||50|]Excadrill||FocusSash|SandRush|Earthquake,IronHead,RockSlide,Protect|Adamant||M|||50|]Tyranitar||Tyranitarite|SandStream|RockSlide,KnockOff,Protect,LowKick|Adamant||M|||50|]Tsareena||ChoiceScarf|QueenlyMajesty|PowerWhip,TripleAxel,Uturn,LowKick|Jolly||F|||50|]Gholdengo||Leftovers|GoodasGold|ShadowBall,MakeItRain,NastyPlot,Protect|Modest|||||50|]Rotom-Wash||SitrusBerry|Levitate|HydroPump,Thunderbolt,WillOWisp,Protect|Bold|||||50|
|
|t:|1784684632
|teamsize|p1|4
|teamsize|p2|4
|start
|switch|p1a: Scrafty|Scrafty, L50, F|100/100
|switch|p1b: Sinistcha|Sinistcha, L50|100/100
|switch|p2a: Gholdengo|Gholdengo, L50|100/100
|switch|p2b: Rotom|Rotom-Wash, L50|100/100
|turn|1
|
|t:|1784684654
|move|p1a: Scrafty|Fake Out|p2b: Rotom
|-damage|p2b: Rotom|87/100
|move|p2a: Gholdengo|Make It Rain|p1a: Scrafty|[spread] p1a,p1b
|-damage|p1a: Scrafty|59/100
|-damage|p1b: Sinistcha|47/100
|-unboost|p2a: Gholdengo|spa|2
|cant|p2b: Rotom|flinch
|move|p1b: Sinistcha|Trick Room|p1b: Sinistcha
|-fieldstart|move: Trick Room|[of] p1b: Sinistcha
|
|upkeep
|turn|2
|
|t:|1784684681
|switch|p2a: Tyranitar|Tyranitar, L50, M|100/100
|-weather|Sandstorm|[from] ability: Sand Stream|[of] p2a: Tyranitar
|move|p2b: Rotom|Protect|p2b: Rotom
|-singleturn|p2b: Rotom|Protect
|move|p1a: Scrafty|Knock Off|p2b: Rotom
|-activate|p2b: Rotom|move: Protect
|move|p1b: Sinistcha|Matcha Gotcha|p2a: Tyranitar|[spread] p2a
|-activate|p2b: Rotom|move: Protect
|-supereffective|p2a: Tyranitar|1
|-damage|p2a: Tyranitar|56/100
|-heal|p1b: Sinistcha|71/100|[from] drain|[of] p2a: Tyranitar
|
|-weather|Sandstorm|[upkeep]
|-damage|p1a: Scrafty|53/100|[from] Sandstorm
|-damage|p1b: Sinistcha|65/100|[from] Sandstorm
|-damage|p2b: Rotom|82/100|[from] Sandstorm
|upkeep
|turn|3
|
|t:|1784684698
|move|p1a: Scrafty|Knock Off|p2b: Rotom
|-damage|p2b: Rotom|43/100
|-enditem|p2b: Rotom|Sitrus Berry|[from] move: Knock Off|[of] p1a: Scrafty
|move|p1b: Sinistcha|Matcha Gotcha|p2a: Tyranitar|[spread] p2a,p2b
|-supereffective|p2a: Tyranitar|1
|-supereffective|p2b: Rotom|1
|-damage|p2a: Tyranitar|19/100
|-heal|p1b: Sinistcha|85/100|[from] drain|[of] p2a: Tyranitar
|-damage|p2b: Rotom|0 fnt
|-heal|p1b: Sinistcha|100/100|[from] drain|[of] p2b: Rotom
|faint|p2b: Rotom
|move|p2a: Tyranitar|Knock Off|p1b: Sinistcha
|-supereffective|p1b: Sinistcha|1
|-damage|p1b: Sinistcha|2/100
|-enditem|p1b: Sinistcha|Focus Sash|[from] move: Knock Off|[of] p2a: Tyranitar
|
|-weather|Sandstorm|[upkeep]
|-damage|p1a: Scrafty|47/100|[from] Sandstorm
|-damage|p1b: Sinistcha|0 fnt|[from] Sandstorm
|faint|p1b: Sinistcha
|upkeep
|
|t:|1784684714
|switch|p1b: Toxapex|Toxapex, L50, F|100/100
|switch|p2b: Pidgeot|Pidgeot, L50, M|100/100
|turn|4
|
|t:|1784684746
|detailschange|p2b: Pidgeot|Pidgeot-Mega, L50, M
|-mega|p2b: Pidgeot|Pidgeot|Pidgeotite
|move|p1a: Scrafty|Detect|p1a: Scrafty
|-singleturn|p1a: Scrafty|Protect
|move|p1b: Toxapex|Toxic|p2a: Tyranitar
|-status|p2a: Tyranitar|tox
|move|p2a: Tyranitar|Knock Off|p1b: Toxapex
|-damage|p1b: Toxapex|64/100
|-enditem|p1b: Toxapex|Leftovers|[from] move: Knock Off|[of] p2a: Tyranitar
|move|p2b: Pidgeot|Hurricane|p1a: Scrafty
|-activate|p1a: Scrafty|move: Protect
|
|-weather|Sandstorm|[upkeep]
|-damage|p1b: Toxapex|59/100|[from] Sandstorm
|-damage|p1a: Scrafty|41/100|[from] Sandstorm
|-damage|p2b: Pidgeot|94/100|[from] Sandstorm
|-damage|p2a: Tyranitar|13/100 tox|[from] psn
|upkeep
|turn|5
|
|t:|1784684765
|switch|p1a: Dragonite|Dragonite, L50, F|100/100
|move|p1b: Toxapex|Protect|p1b: Toxapex
|-singleturn|p1b: Toxapex|Protect
|move|p2b: Pidgeot|Protect|p2b: Pidgeot
|-singleturn|p2b: Pidgeot|Protect
|move|p2a: Tyranitar|Rock Slide|p1b: Toxapex|[spread] p1a
|-activate|p1b: Toxapex|move: Protect
|-supereffective|p1a: Dragonite|1
|-damage|p1a: Dragonite|41/100
|
|-weather|Sandstorm|[upkeep]
|-damage|p1b: Toxapex|53/100|[from] Sandstorm
|-damage|p1a: Dragonite|35/100|[from] Sandstorm
|-damage|p2b: Pidgeot|88/100|[from] Sandstorm
|-damage|p2a: Tyranitar|1/100 tox|[from] psn
|-fieldend|move: Trick Room
|upkeep
|turn|6
|
|t:|1784684777
|switch|p2a: Gholdengo|Gholdengo, L50|100/100
|-heal|p1b: Toxapex|86/100|[from] ability: Regenerator|[silent]
|switch|p1b: Scrafty|Scrafty, L50, F|41/100
|move|p1a: Dragonite|Extreme Speed|p2b: Pidgeot
|-damage|p2b: Pidgeot|32/100
|-damage|p1a: Dragonite|25/100|[from] item: Life Orb
|move|p2b: Pidgeot|Hurricane|p1a: Dragonite
|-damage|p1a: Dragonite|0 fnt
|faint|p1a: Dragonite
|
|-weather|none
|upkeep
|
|t:|1784684782
|switch|p1a: Toxapex|Toxapex, L50, F|86/100
|turn|7
|
|t:|1784684800
|detailschange|p1b: Scrafty|Scrafty-Mega, L50, F
|-mega|p1b: Scrafty|Scrafty|Scraftinite
|-ability|p1b: Scrafty|Intimidate|boost
|-unboost|p2a: Gholdengo|atk|1
|-unboost|p2b: Pidgeot|atk|1
|move|p2b: Pidgeot|Protect|p2b: Pidgeot
|-singleturn|p2b: Pidgeot|Protect
|move|p2a: Gholdengo|Protect|p2a: Gholdengo
|-singleturn|p2a: Gholdengo|Protect
|move|p1b: Scrafty|Knock Off|p2a: Gholdengo
|-activate|p2a: Gholdengo|move: Protect
|move|p1a: Toxapex|Infestation|p2a: Gholdengo
|-activate|p2a: Gholdengo|move: Protect
|
|upkeep
|turn|8
|
|t:|1784684820
|move|p2b: Pidgeot|Hurricane|p1b: Scrafty
|-supereffective|p1b: Scrafty|1
|-damage|p1b: Scrafty|0 fnt
|faint|p1b: Scrafty
|move|p2a: Gholdengo|Nasty Plot|p2a: Gholdengo
|-boost|p2a: Gholdengo|spa|2
|move|p1a: Toxapex|Infestation|p2b: Pidgeot
|-resisted|p2b: Pidgeot|1
|-damage|p2b: Pidgeot|30/100
|-activate|p2b: Pidgeot|move: Infestation|[of] p1a: Toxapex
|
|-damage|p2b: Pidgeot|18/100|[from] move: Infestation|[partiallytrapped]
|upkeep
|turn|9
|-message|SleepySilver07 forfeited.
|
|win|TeachMeHow2Hoopa
|l|☆SleepySilver07
|player|p1|
||SleepySilver07 is ready for game 2.
||TeachMeHow2Hoopa is ready for game 2.
|uhtml|next|Next: Game 2 of 3
