|j|☆Not Rain
|j|☆0Zeru
|html|Not Rain0Zeru    
|uhtml|bestof|Game 1 of a best-of-3
|t:|1785866286
|gametype|doubles
|player|p1|Not Rain|169|1184
|player|p2|0Zeru|battlegirl-gen4|1125
|gen|9
|tier|[Gen 9 Champions] VGC 2026 Reg M-B (Bo3)
|rated|
|rule|Species Clause: Limit one of each Pokémon
|rule|Item Clause: Limit 1 of each item
|clearpoke
|poke|p1|Floette-Eternal, L50, F|
|poke|p1|Charizard, L50, M|
|poke|p1|Garchomp, L50, M|
|poke|p1|Basculegion, L50, M|
|poke|p1|Whimsicott, L50, F|
|poke|p1|Incineroar, L50, M|
|poke|p2|Basculegion, L50, M|
|poke|p2|Vivillon, L50, F|
|poke|p2|Farigiraf, L50, M|
|poke|p2|Kingambit, L50, M|
|poke|p2|Incineroar, L50, M|
|poke|p2|Floette-Eternal, L50, F|
|teampreview|4
|showteam|p1|Floette-Eternal||Floettite|FlowerVeil|Moonblast,DazzlingGleam,LightofRuin,Protect|Modest||F|||50|]Charizard||CharizarditeY|SolarPower|WeatherBall,HeatWave,SolarBeam,Protect|Modest||M|||50|]Garchomp||LifeOrb|RoughSkin|RockTomb,DragonClaw,StompingTantrum,Protect|Jolly||M|||50|]Basculegion||MysticWater|Adaptability|WaveCrash,LastRespects,AquaJet,Protect|Adamant||M|||50|]Whimsicott||FocusSash|Prankster|Moonblast,Encore,Tailwind,Protect|Timid||F|||50|]Incineroar||Charcoal|Intimidate|FlareBlitz,Protect,PartingShot,FakeOut|Adamant||M|||50|
|showteam|p2|Basculegion||ChoiceScarf|Adaptability|WaveCrash,FlipTurn,AquaJet,LastRespects|Adamant||M|||50|]Vivillon||FocusSash|CompoundEyes|SleepPowder,Hurricane,Tailwind,Protect|Timid||F|||50|]Farigiraf||ColburBerry|ArmorTail|TrickRoom,Psychic,Thunderbolt,Protect|Calm||M|||50|]Kingambit||BlackGlasses|Defiant|KowtowCleave,IronHead,SuckerPunch,Protect|Adamant||M|||50|]Incineroar||SitrusBerry|Intimidate|FakeOut,FlareBlitz,ThroatChop,PartingShot|Careful||M|||50|]Floette-Eternal||Floettite|FlowerVeil|Moonblast,DazzlingGleam,LightofRuin,Protect|Modest||F|||50|
|inactive|Battle timer is ON: inactive players will automatically lose when time's up. (requested by 0Zeru)
|inactive|Not Rain has 60 seconds left.
|inactive|0Zeru has 60 seconds left.
|inactive|Not Rain has 30 seconds left.
|inactive|0Zeru has 30 seconds left.
|
|t:|1785866355
|teamsize|p1|4
|teamsize|p2|4
|start
|switch|p1a: Incineroar|Incineroar, L50, M|100/100
|switch|p1b: Floette|Floette-Eternal, L50, F|100/100
|switch|p2a: Vivillon|Vivillon, L50, F|100/100
|switch|p2b: Basculegion|Basculegion, L50, M|100/100
|-ability|p1a: Incineroar|Intimidate|boost
|-unboost|p2a: Vivillon|atk|1
|-unboost|p2b: Basculegion|atk|1
|turn|1
|
|t:|1785866372
|move|p2a: Vivillon|Protect|p2a: Vivillon
|-singleturn|p2a: Vivillon|Protect
|move|p1b: Floette|Protect|p1b: Floette
|-singleturn|p1b: Floette|Protect
|move|p2b: Basculegion|Flip Turn|p1a: Incineroar
|-supereffective|p1a: Incineroar|1
|-damage|p1a: Incineroar|30/100
|
|t:|1785866379
|switch|p2b: Kingambit|Kingambit, L50, M|100/100|[from] Flip Turn
|move|p1a: Incineroar|Flare Blitz|p2a: Vivillon
|-activate|p2a: Vivillon|move: Protect
|
|upkeep
|turn|2
|inactive|0Zeru has 30 seconds left.
|
|t:|1785866405
|switch|p1b: Whimsicott|Whimsicott, L50, F|100/100
|move|p2a: Vivillon|Sleep Powder|p1a: Incineroar
|-status|p1a: Incineroar|slp|[from] move: Sleep Powder
|cant|p1a: Incineroar|slp
|move|p2b: Kingambit|Iron Head|p1b: Whimsicott
|-supereffective|p1b: Whimsicott|1
|-enditem|p1b: Whimsicott|Focus Sash
|-damage|p1b: Whimsicott|1/100
|
|upkeep
|turn|3
|
|t:|1785866420
|move|p1b: Whimsicott|Tailwind|p1b: Whimsicott
|-sidestart|p1: Not Rain|move: Tailwind
|-curestatus|p1a: Incineroar|slp|[msg]
|move|p1a: Incineroar|Flare Blitz|p2b: Kingambit
|-supereffective|p2b: Kingambit|1
|-damage|p2b: Kingambit|0 fnt
|faint|p2b: Kingambit
|-damage|p1a: Incineroar|0 fnt|[from] Recoil
|faint|p1a: Incineroar
|move|p2a: Vivillon|Tailwind|p2a: Vivillon
|-sidestart|p2: 0Zeru|move: Tailwind
|
|upkeep
|
|t:|1785866432
|switch|p1a: Floette|Floette-Eternal, L50, F|100/100
|switch|p2b: Floette|Floette-Eternal, L50, F|100/100
|turn|4
|inactive|0Zeru has 30 seconds left.
|inactive|0Zeru has 20 seconds left.
|
|t:|1785866469
|switch|p2a: Basculegion|Basculegion, L50, M|100/100
|detailschange|p2b: Floette|Floette-Mega, L50, F
|-mega|p2b: Floette|Floette|Floettite
|-ability|p2b: Floette|Fairy Aura
|detailschange|p1a: Floette|Floette-Mega, L50, F
|-mega|p1a: Floette|Floette|Floettite
|-ability|p1a: Floette|Fairy Aura
|move|p1b: Whimsicott|Moonblast|p2a: Basculegion
|-damage|p2a: Basculegion|50/100g
|move|p2b: Floette|Light of Ruin|p1a: Floette
|-damage|p1a: Floette|0 fnt
|faint|p1a: Floette
|-damage|p2b: Floette|49/100|[from] Recoil
|
|upkeep
|
|t:|1785866471
|switch|p1a: Basculegion|Basculegion, L50, M|100/100
|turn|5
|inactive|0Zeru has 30 seconds left.
|
|t:|1785866500
|switch|p2a: Vivillon|Vivillon, L50, F|100/100
|move|p1a: Basculegion|Aqua Jet|p2b: Floette
|-damage|p2b: Floette|8/100
|move|p1b: Whimsicott|Moonblast|p2a: Vivillon
|-damage|p2a: Vivillon|26/100
|move|p2b: Floette|Dazzling Gleam|p1b: Whimsicott|[spread] p1a,p1b
|-damage|p1a: Basculegion|45/100
|-damage|p1b: Whimsicott|0 fnt
|faint|p1b: Whimsicott
|
|upkeep
|turn|6
|-message|Not Rain forfeited.
|
|win|0Zeru
||Not Rain is ready for game 2.
||0Zeru is ready for game 2.
|uhtml|next|Next: Game 2 of 3
|l|☆Not Rain
|player|p1|
