|j|☆dialghite
|j|☆Il Mule
|html|dialghiteIl Mule    
|uhtml|bestof|Game 2 of a best-of-3
|t:|1755857369
|gametype|doubles
|player|p1|dialghite|volkner|1386
|player|p2|Il Mule|salvatore|1362
|gen|9
|tier|[Gen 9] VGC 2025 Reg H (Bo3)
|rated|
|rule|Species Clause: Limit one of each Pokémon
|rule|Item Clause: Limit 1 of each item
|clearpoke
|poke|p1|Whimsicott, L50, M|
|poke|p1|Dragonite, L50, M|
|poke|p1|Indeedee, L50, M|
|poke|p1|Sneasler, L50, M|
|poke|p1|Ursaluna-Bloodmoon, L50, M|
|poke|p1|Archaludon, L50, F|
|poke|p2|Corviknight, L50, M|
|poke|p2|Garchomp, L50, M|
|poke|p2|Tyranitar, L50, M|
|poke|p2|Gholdengo, L50|
|poke|p2|Sneasler, L50, M|
|poke|p2|Incineroar, L50, M|
|teampreview|4
|showteam|p1|Whimsicott||CovertCloak|Prankster|Moonblast,Taunt,Tailwind,FakeTears|||M|||50|,,,,,Water]Dragonite||LoadedDice|Multiscale|ScaleShot,StompingTantrum,Haze,Protect|||M|||50|,,,,,Steel]Indeedee||FocusSash|PsychicSurge|ExpandingForce,TeraBlast,Imprison,TrickRoom|||M|||50|,,,,,Psychic]Sneasler||PsychicSeed|Unburden|CloseCombat,DireClaw,ThroatChop,Protect|||M|||50|,,,,,Dark]Ursaluna-Bloodmoon||LifeOrb|MindsEye|HyperVoice,BloodMoon,EarthPower,Protect|||M|||50|,,,,,Normal]Archaludon||PowerHerb|Stalwart|ElectroShot,DragonPulse,Thunderbolt,Protect|||F|||50|,,,,,Electric
|showteam|p2|Corviknight||CovertCloak|MirrorArmor|BraveBird,Taunt,Roost,Tailwind|||M|||50|,,,,,Dragon]Garchomp||ClearAmulet|RoughSkin|Earthquake,DragonClaw,StompingTantrum,Protect|||M|||50|,,,,,Ground]Tyranitar||AssaultVest|SandStream|RockSlide,KnockOff,TeraBlast,LowKick|||M|||50|,,,,,Flying]Gholdengo||LifeOrb|GoodasGold|MakeItRain,ShadowBall,NastyPlot,Protect||||||50|,,,,,Water]Sneasler||WhiteHerb|Unburden|DireClaw,CloseCombat,Coaching,Protect|||M|||50|,,,,,Ghost]Incineroar||SitrusBerry|Intimidate|FlareBlitz,WillOWisp,PartingShot,FakeOut|||M|||50|,,,,,Grass
|inactive|Battle timer is ON: inactive players will automatically lose when time's up. (requested by dialghite)
|
|t:|1755857393
|teamsize|p1|4
|teamsize|p2|4
|start
|switch|p1a: Ursaluna|Ursaluna-Bloodmoon, L50, M|100/100
|switch|p1b: Whimsicott|Whimsicott, L50, M|100/100
|switch|p2a: Incineroar|Incineroar, L50, M|100/100
|switch|p2b: Garchomp|Garchomp, L50, M|100/100
|-ability|p2a: Incineroar|Intimidate|boost
|-unboost|p1a: Ursaluna|atk|1
|-unboost|p1b: Whimsicott|atk|1
|turn|1
|inactive|Il Mule has 30 seconds left.
|inactive|Il Mule has 20 seconds left.
|
|t:|1755857429
|switch|p2b: Corviknight|Corviknight, L50, M, shiny|100/100
|-terastallize|p1a: Ursaluna|Normal
|move|p1b: Whimsicott|Tailwind|p1b: Whimsicott
|-sidestart|p1: dialghite|move: Tailwind
|move|p1a: Ursaluna|Blood Moon|p2a: Incineroar
|-damage|p2a: Incineroar|0 fnt
|faint|p2a: Incineroar
|-damage|p1a: Ursaluna|91/100|[from] item: Life Orb
|
|upkeep
|
|t:|1755857438
|switch|p2a: Tyranitar|Tyranitar, L50, M|100/100
|-weather|Sandstorm|[from] ability: Sand Stream|[of] p2a: Tyranitar
|turn|2
|inactive|dialghite has 30 seconds left.
|inactive|dialghite has 20 seconds left.
|inactive|dialghite has 15 seconds left.
|
|t:|1755857478
|move|p1b: Whimsicott|Taunt|p2b: Corviknight
|-start|p2b: Corviknight|move: Taunt
|move|p1a: Ursaluna|Earth Power|p2a: Tyranitar
|-supereffective|p2a: Tyranitar
|-damage|p2a: Tyranitar|38/100
|-damage|p1a: Ursaluna|81/100|[from] item: Life Orb
|cant|p2b: Corviknight|move: Taunt|Tailwind
|move|p2a: Tyranitar|Low Kick|p1a: Ursaluna
|-supereffective|p1a: Ursaluna
|-damage|p1a: Ursaluna|5/100
|
|-weather|Sandstorm|[upkeep]
|-damage|p1b: Whimsicott|95/100|[from] Sandstorm
|-damage|p1a: Ursaluna|0 fnt|[from] Sandstorm
|faint|p1a: Ursaluna
|upkeep
|
|t:|1755857490
|switch|p1a: Dragonite|Dragonite, L50, M|100/100
|turn|3
|inactive|dialghite has 30 seconds left.
|
|t:|1755857519
|move|p1b: Whimsicott|Moonblast|p2b: Corviknight
|-resisted|p2b: Corviknight
|-crit|p2b: Corviknight
|-damage|p2b: Corviknight|81/100
|move|p1a: Dragonite|Scale Shot|p2a: Tyranitar
|-damage|p2a: Tyranitar|23/100
|-damage|p2a: Tyranitar|10/100
|-damage|p2a: Tyranitar|0 fnt
|faint|p2a: Tyranitar
|-hitcount|p2: Tyranitar|3
|-unboost|p1a: Dragonite|def|1
|-boost|p1a: Dragonite|spe|1
|move|p2b: Corviknight|Brave Bird|p1b: Whimsicott
|-supereffective|p1b: Whimsicott
|-damage|p1b: Whimsicott|0 fnt
|faint|p1b: Whimsicott
|-damage|p2b: Corviknight|56/100|[from] Recoil
|
|-weather|Sandstorm|[upkeep]
|-damage|p1a: Dragonite|95/100|[from] Sandstorm
|upkeep
|
|t:|1755857528
|switch|p1b: Sneasler|Sneasler, L50, M|100/100
|switch|p2a: Garchomp|Garchomp, L50, M|100/100
|turn|4
|inactive|dialghite has 30 seconds left.
|
|t:|1755857562
|-terastallize|p2a: Garchomp|Ground
|move|p1a: Dragonite|Scale Shot|p2a: Garchomp
|-crit|p2a: Garchomp
|-damage|p2a: Garchomp|77/100
|-damage|p2a: Garchomp|62/100
|-damage|p2a: Garchomp|46/100
|-damage|p2a: Garchomp|31/100
|-hitcount|p2a: Garchomp|4
|-unboost|p1a: Dragonite|def|1
|-boost|p1a: Dragonite|spe|1
|move|p1b: Sneasler|Close Combat|p2a: Garchomp
|-damage|p2a: Garchomp|0 fnt
|-unboost|p1b: Sneasler|def|1
|-unboost|p1b: Sneasler|spd|1
|-damage|p1b: Sneasler|88/100|[from] ability: Rough Skin|[of] p2a: Garchomp
|faint|p2a: Garchomp
|move|p2b: Corviknight|Brave Bird|p1b: Sneasler
|-supereffective|p1b: Sneasler
|-damage|p1b: Sneasler|0 fnt
|faint|p1b: Sneasler
|-damage|p2b: Corviknight|34/100|[from] Recoil
|
|-weather|Sandstorm|[upkeep]
|-damage|p1a: Dragonite|89/100|[from] Sandstorm
|-end|p2b: Corviknight|move: Taunt
|-sideend|p1: dialghite|move: Tailwind
|upkeep
|turn|5
|
|t:|1755857580
|move|p1a: Dragonite|Haze|p1a: Dragonite
|-clearallboost
|move|p2b: Corviknight|Brave Bird|p1a: Dragonite
|-damage|p1a: Dragonite|36/100
|-damage|p2b: Corviknight|20/100|[from] Recoil
|
|-weather|Sandstorm|[upkeep]
|-damage|p1a: Dragonite|30/100|[from] Sandstorm
|upkeep
|turn|6
|
|t:|1755857585
|move|p1a: Dragonite|Scale Shot|p2b: Corviknight
|-resisted|p2b: Corviknight
|-damage|p2b: Corviknight|14/100
|-resisted|p2b: Corviknight
|-damage|p2b: Corviknight|8/100
|-resisted|p2b: Corviknight
|-damage|p2b: Corviknight|2/100
|-resisted|p2b: Corviknight
|-damage|p2b: Corviknight|0 fnt
|faint|p2b: Corviknight
|-hitcount|p2: Corviknight|4
|
|win|dialghite
|raw|dialghite's rating: 1386 → 1405(+19 for winning)
|raw|Il Mule's rating: 1362 → 1343(-19 for losing)
