|j|☆VGC_Vapor
|j|☆You’reJustDead!
|html|VGC_VaporYou’reJustDead!    
|uhtml|bestof|Game 2 of a best-of-3
|t:|1783742452
|gametype|doubles
|player|p1|VGC_Vapor|blue|
|player|p2|You’reJustDead!|misty|
|gen|9
|tier|[Gen 9 Champions] VGC 2026 Reg M-B (Bo3)
|rule|Species Clause: Limit one of each Pokémon
|rule|Item Clause: Limit 1 of each item
|clearpoke
|poke|p1|Froslass, L50, F|
|poke|p1|Whimsicott, L50, M, shiny|
|poke|p1|Sneasler, L50, F|
|poke|p1|Kingambit, L50, M|
|poke|p1|Sylveon, L50, F, shiny|
|poke|p1|Basculegion, L50, M|
|poke|p2|Gardevoir, L50, M|
|poke|p2|Mudsdale, L50, M|
|poke|p2|Incineroar, L50, M|
|poke|p2|Gholdengo, L50|
|poke|p2|Hydreigon, L50, M|
|poke|p2|Aerodactyl, L50, M|
|teampreview|4
|showteam|p1|Froslass||Froslassite|CursedBody|Blizzard,ShadowBall,AuroraVeil,Protect|Timid||F|||50|]Whimsicott||FocusSash|Prankster|Tailwind,Moonblast,Encore,FakeTears|Timid||M|||50|]Sneasler||WhiteHerb|Unburden|FakeOut,CloseCombat,DireClaw,RockTomb|Adamant||F|||50|]Kingambit||BlackGlasses|Defiant|KowtowCleave,SuckerPunch,SwordsDance,Protect|Adamant||M|||50|]Sylveon||FairyFeather|Pixilate|HyperBeam,HyperVoice,Moonblast,Protect|Modest||F|||50|]Basculegion||ChoiceScarf|Adaptability|LastRespects,WaveCrash,FlipTurn,AquaJet|Adamant||M|||50|
|showteam|p2|Gardevoir||Gardevoirite|Synchronize|HyperVoice,Psychic,Protect,TrickRoom|Modest||M|||50|]Mudsdale||LifeOrb|InnerFocus|RockSlide,HighHorsepower,HeavySlam,Earthquake|Adamant||M|||50|]Incineroar||SitrusBerry|Intimidate|FakeOut,PartingShot,FlareBlitz,Protect|Impish||M|||50|]Gholdengo||MetalCoat|GoodasGold|MakeItRain,ShadowBall,NastyPlot,Protect|Modest|||||50|]Hydreigon||ChoiceScarf|Levitate|DarkPulse,DracoMeteor,Snarl,EarthPower|Timid||M|||50|]Aerodactyl||FocusSash|Unnerve|DualWingbeat,RockSlide,Tailwind,Protect|Jolly||M|||50|
|inactive|Battle timer is ON: inactive players will automatically lose when time's up. (requested by You’reJustDead!)
|inactive|VGC_Vapor also wants the timer to be on.
|j| pccbml
|inactive|VGC_Vapor has 60 seconds left.
|inactive|You’reJustDead! has 60 seconds left.
|
|t:|1783742496
|teamsize|p1|4
|teamsize|p2|4
|start
|switch|p1a: Kaido|Kingambit, L50, M|100/100
|switch|p1b: Kocho|Sneasler, L50, F|100/100
|switch|p2a: Dih cheese|Gholdengo, L50|100/100
|switch|p2b: Is a bird|Aerodactyl, L50, M|100/100
|-ability|p2b: Is a bird|Unnerve
|turn|1
|
|t:|1783742518
|switch|p2a: German|Hydreigon, L50, M|100/100
|move|p2b: Is a bird|Protect|p2b: Is a bird
|-singleturn|p2b: Is a bird|Protect
|move|p1b: Kocho|Fake Out|p2b: Is a bird
|-activate|p2b: Is a bird|move: Protect
|move|p1a: Kaido|Kowtow Cleave|p2a: German
|-resisted|p2a: German|1
|-damage|p2a: German|65/100
|
|upkeep
|turn|2
|
|t:|1783742536
|move|p1a: Kaido|Sucker Punch|p2b: Is a bird
|-damage|p2b: Is a bird|15/100
|move|p2a: German|Earth Power|p1a: Kaido
|-supereffective|p1a: Kaido|1
|-damage|p1a: Kaido|36/100
|-unboost|p1a: Kaido|spd|1
|-ability|p1a: Kaido|Defiant|boost
|-boost|p1a: Kaido|atk|2
|move|p2b: Is a bird|Dual Wingbeat|p1b: Kocho
|-supereffective|p1b: Kocho|1
|-damage|p1b: Kocho|33/100
|-supereffective|p1b: Kocho|1
|-damage|p1b: Kocho|0 fnt
|faint|p1b: Kocho
|-hitcount|p1: Kocho|2
|
|upkeep
|
|t:|1783742548
|switch|p1b: Himeno|Basculegion, L50, M|100/100
|turn|3
|
|t:|1783742560
|move|p2b: Is a bird|Protect|p2b: Is a bird
|-singleturn|p2b: Is a bird|Protect
|move|p1a: Kaido|Sucker Punch|p2a: German
|-resisted|p2a: German|1
|-damage|p2a: German|10/100
|move|p2a: German|Earth Power|p1a: Kaido
|-supereffective|p1a: Kaido|1
|-damage|p1a: Kaido|0 fnt
|faint|p1a: Kaido
|move|p1b: Himeno|Flip Turn|p2b: Is a bird
|-activate|p2b: Is a bird|move: Protect
|
|upkeep
|
|t:|1783742566
|switch|p1a: Rukia|Froslass, L50, F|100/100
|turn|4
|
|t:|1783742588
|switch|p2a: Dih cheese|Gholdengo, L50|100/100
|detailschange|p1a: Rukia|Froslass-Mega, L50, F
|-mega|p1a: Rukia|Froslass|Froslassite
|-weather|Snowscape|[from] ability: Snow Warning|[of] p1a: Rukia
|move|p2b: Is a bird|Tailwind|p2b: Is a bird
|-sidestart|p2: You’reJustDead!|move: Tailwind
|move|p1b: Himeno|Flip Turn|p2b: Is a bird
|-supereffective|p2b: Is a bird|1
|-damage|p2b: Is a bird|0 fnt
|faint|p2b: Is a bird
|move|p1a: Rukia|Blizzard|p2a: Dih cheese
|-resisted|p2a: Dih cheese|1
|-damage|p2a: Dih cheese|72/100
|
|-weather|Snowscape|[upkeep]
|upkeep
|
|t:|1783742597
|switch|p2b: German|Hydreigon, L50, M|10/100
|turn|5
|
|t:|1783742615
|move|p1a: Rukia|Protect|p1a: Rukia
|-singleturn|p1a: Rukia|Protect
|move|p2b: German|Dark Pulse|p1b: Himeno
|-supereffective|p1b: Himeno|1
|-damage|p1b: Himeno|7/100
|move|p2a: Dih cheese|Nasty Plot|p2a: Dih cheese
|-boost|p2a: Dih cheese|spa|2
|move|p1b: Himeno|Flip Turn|p2b: German
|-resisted|p2b: German|1
|-damage|p2b: German|0 fnt
|faint|p2b: German
|
|-weather|Snowscape|[upkeep]
|upkeep
|
|t:|1783742625
|switch|p2b: Goatevoir|Gardevoir, L50, M|100/100
|turn|6
|
|t:|1783742634
|detailschange|p2b: Goatevoir|Gardevoir-Mega, L50, M
|-mega|p2b: Goatevoir|Gardevoir|Gardevoirite
|move|p2b: Goatevoir|Hyper Voice|p1b: Himeno|[spread] p1a,p1b
|-damage|p1a: Rukia|35/100
|-damage|p1b: Himeno|0 fnt
|faint|p1b: Himeno
|move|p2a: Dih cheese|Make It Rain|p1a: Rukia
|-supereffective|p1a: Rukia|1
|-damage|p1a: Rukia|0 fnt
|-unboost|p2a: Dih cheese|spa|2
|faint|p1a: Rukia
|
|win|You’reJustDead!
