|j|â˜†Tag2004
|j|â˜†ItTakesAScovillage
|html|Tag2004ItTakesAScovillage    
|uhtml|bestof|Game 1 of a best-of-3
|t:|1783702523
|gametype|doubles
|player|p1|Tag2004|koga|1180
|player|p2|ItTakesAScovillage|emmet|1166
|gen|9
|tier|[Gen 9 Champions] VGC 2026 Reg M-B (Bo3)
|rated|
|rule|Species Clause: Limit one of each PokÃ©mon
|rule|Item Clause: Limit 1 of each item
|clearpoke
|poke|p1|Venusaur, L50, F|
|poke|p1|Hydreigon, L50, F|
|poke|p1|Grimmsnarl, L50, M|
|poke|p1|Pelipper, L50, F|
|poke|p1|Archaludon, L50, F|
|poke|p1|Swampert, L50, F|
|poke|p2|Torkoal, L50, M|
|poke|p2|Pyroar, L50, M|
|poke|p2|Trevenant, L50, M|
|poke|p2|Kingambit, L50, M|
|poke|p2|Scrafty, L50, M|
|poke|p2|Mamoswine, L50, F|
|teampreview|4
|showteam|p1|Venusaur||Venusaurite|Chlorophyll|SludgeBomb,Protect,EarthPower,GigaDrain|Modest||F|||50|]Hydreigon||ChoiceScarf|Levitate|DarkPulse,DracoMeteor,Snarl,Uturn|Modest||F|||50|]Grimmsnarl||LightClay|Prankster|PartingShot,Reflect,LightScreen,SpiritBreak|Careful||M|||50|]Pelipper||SitrusBerry|Drizzle|Hurricane,WeatherBall,Tailwind,WideGuard|Modest||F|||50|]Archaludon||Leftovers|Stamina|ElectroShot,FlashCannon,DragonPulse,Protect|Modest||F|||50|]Swampert||Swampertite|Damp|Protect,WaveCrash,HighHorsepower,IcePunch|Adamant||F|||50|
|showteam|p2|Torkoal||Charcoal|Drought|HeatWave,Yawn,HelpingHand,Protect|Relaxed||M|||50|]Pyroar||Pyroarite|Unnerve|Overheat,HeatWave,SunnyDay,Protect|Timid||M|||50|]Trevenant||SitrusBerry|Harvest|TrickRoom,Poltergeist,WillOWisp,ForestsCurse|Sassy||M|||50|]Kingambit||OccaBerry|Defiant|KowtowCleave,IronHead,SuckerPunch,Protect|Adamant||M|||50|]Scrafty||Scraftinite|Intimidate|KnockOff,DrainPunch,IcePunch,FakeOut|Adamant||M|||50|]Mamoswine||FocusSash|Oblivious|HighHorsepower,RockSlide,IceShard,Protect|Jolly||F|||50|
|inactive|Battle timer is ON: inactive players will automatically lose when time's up. (requested by Tag2004)
|inactive|Tag2004 has 60 seconds left.
|inactive|ItTakesAScovillage has 60 seconds left.
|
|t:|1783702568
|teamsize|p1|4
|teamsize|p2|4
|start
|switch|p1a: Grimmsnarl|Grimmsnarl, L50, M|100/100
|switch|p1b: Venusaur|Venusaur, L50, F|100/100
|switch|p2a: Trevenant|Trevenant, L50, M|100/100
|switch|p2b: Pyroar|Pyroar, L50, M|100/100
|-ability|p2b: Pyroar|Unnerve
|turn|1
|inactive|Tag2004 has 30 seconds left.
|inactive|ItTakesAScovillage has 30 seconds left.
|inactive|Tag2004 has 20 seconds left.
|
|t:|1783702606
|detailschange|p2b: Pyroar|Pyroar-Mega, L50, M
|-mega|p2b: Pyroar|Pyroar|Pyroarite
|move|p2b: Pyroar|Protect|p2b: Pyroar
|-singleturn|p2b: Pyroar|Protect
|move|p1b: Venusaur|Protect|p1b: Venusaur
|-singleturn|p1b: Venusaur|Protect
|move|p1a: Grimmsnarl|Light Screen|p1a: Grimmsnarl
|-sidestart|p1: Tag2004|move: Light Screen
|move|p2a: Trevenant|Trick Room|p2a: Trevenant
|-fieldstart|move: Trick Room|[of] p2a: Trevenant
|
|upkeep
|turn|2
|inactive|ItTakesAScovillage has 30 seconds left.
|inactive|ItTakesAScovillage has 20 seconds left.
|inactive|ItTakesAScovillage has 15 seconds left.
|
|t:|1783702647
|detailschange|p1b: Venusaur|Venusaur-Mega, L50, F
|-mega|p1b: Venusaur|Venusaur|Venusaurite
|move|p1a: Grimmsnarl|Reflect|p1a: Grimmsnarl
|-sidestart|p1: Tag2004|Reflect
|move|p2a: Trevenant|Poltergeist|p1b: Venusaur
|-activate|p1b: Venusaur|move: Poltergeist|Venusaurite
|-damage|p1b: Venusaur|80/100
|move|p1b: Venusaur|Earth Power|p2b: Pyroar
|-supereffective|p2b: Pyroar|1
|-damage|p2b: Pyroar|22/100
|move|p2b: Pyroar|Sunny Day|p2b: Pyroar
|-weather|SunnyDay
|
|-weather|SunnyDay|[upkeep]
|upkeep
|turn|3
|
|t:|1783702671
|move|p1a: Grimmsnarl|Parting Shot|p2a: Trevenant
|-unboost|p2a: Trevenant|atk|1
|-unboost|p2a: Trevenant|spa|1
|
|t:|1783702675
|switch|p1a: Pelipper|Pelipper, L50, F|100/100|[from] Parting Shot
|-weather|RainDance|[from] ability: Drizzle|[of] p1a: Pelipper
|move|p2a: Trevenant|Poltergeist|p1b: Venusaur
|-activate|p1b: Venusaur|move: Poltergeist|Venusaurite
|-damage|p1b: Venusaur|64/100
|move|p1b: Venusaur|Earth Power|p2b: Pyroar
|-supereffective|p2b: Pyroar|1
|-damage|p2b: Pyroar|0 fnt
|faint|p2b: Pyroar
|
|-weather|RainDance|[upkeep]
|upkeep
|
|t:|1783702683
|switch|p2b: Torkoal|Torkoal, L50, M|100/100
|-weather|SunnyDay|[from] ability: Drought|[of] p2b: Torkoal
|turn|4
|
|t:|1783702704
|switch|p1a: Grimmsnarl|Grimmsnarl, L50, M|100/100
|move|p1b: Venusaur|Protect|p1b: Venusaur
|-singleturn|p1b: Venusaur|Protect
|move|p2b: Torkoal|Yawn|p1a: Grimmsnarl
|-start|p1a: Grimmsnarl|move: Yawn|[of] p2b: Torkoal
|move|p2a: Trevenant|Poltergeist|p1b: Venusaur
|-activate|p1b: Venusaur|move: Protect
|
|-weather|SunnyDay|[upkeep]
|upkeep
|turn|5
|
|t:|1783702719
|switch|p2b: Mamoswine|Mamoswine, L50, F|100/100
|move|p1a: Grimmsnarl|Parting Shot|p2a: Trevenant
|-unboost|p2a: Trevenant|atk|1
|-unboost|p2a: Trevenant|spa|1
|
|t:|1783702725
|switch|p1a: Pelipper|Pelipper, L50, F|100/100|[from] Parting Shot
|-weather|RainDance|[from] ability: Drizzle|[of] p1a: Pelipper
|move|p2a: Trevenant|Poltergeist|p1b: Venusaur
|-activate|p1b: Venusaur|move: Poltergeist|Venusaurite
|-damage|p1b: Venusaur|52/100
|move|p1b: Venusaur|Earth Power|p2b: Mamoswine
|-damage|p2b: Mamoswine|56/100
|-unboost|p2b: Mamoswine|spd|1
|
|-weather|RainDance|[upkeep]
|-fieldend|move: Trick Room
|upkeep
|turn|6
|
|t:|1783702744
|move|p2b: Mamoswine|Rock Slide|p1a: Pelipper|[spread] p1a
|-miss|p2b: Mamoswine|p1b: Venusaur
|-supereffective|p1a: Pelipper|1
|-damage|p1a: Pelipper|72/100
|move|p1b: Venusaur|Giga Drain|p2b: Mamoswine
|-supereffective|p2b: Mamoswine|1
|-damage|p2b: Mamoswine|0 fnt
|-heal|p1b: Venusaur|80/100|[from] drain|[of] p2b: Mamoswine
|faint|p2b: Mamoswine
|move|p1a: Pelipper|Hurricane|p2a: Trevenant
|-supereffective|p2a: Trevenant|1
|-damage|p2a: Trevenant|20/100y
|-enditem|p2a: Trevenant|Sitrus Berry|[eat]
|-heal|p2a: Trevenant|45/100|[from] item: Sitrus Berry
|move|p2a: Trevenant|Trick Room|p2a: Trevenant
|-fieldstart|move: Trick Room|[of] p2a: Trevenant
|
|-weather|RainDance|[upkeep]
|-item|p2a: Trevenant|Sitrus Berry|[from] ability: Harvest
|upkeep
|-enditem|p2a: Trevenant|Sitrus Berry|[eat]
|-heal|p2a: Trevenant|70/100|[from] item: Sitrus Berry
|
|t:|1783702755
|switch|p2b: Torkoal|Torkoal, L50, M|100/100
|-weather|SunnyDay|[from] ability: Drought|[of] p2b: Torkoal
|turn|7
|
|t:|1783702766
|switch|p1a: Grimmsnarl|Grimmsnarl, L50, M|100/100
|move|p1b: Venusaur|Protect|p1b: Venusaur
|-singleturn|p1b: Venusaur|Protect
|move|p2b: Torkoal|Heat Wave|p1b: Venusaur|[spread] 
|-activate|p1b: Venusaur|move: Protect
|-miss|p2b: Torkoal|p1a: Grimmsnarl
|move|p2a: Trevenant|Forest's Curse|p1a: Grimmsnarl
|-start|p1a: Grimmsnarl|typeadd|Grass|[from] move: Forest's Curse
|
|-weather|SunnyDay|[upkeep]
|-item|p2a: Trevenant|Sitrus Berry|[from] ability: Harvest
|upkeep
|turn|8
|
|t:|1783702783
|move|p1a: Grimmsnarl|Parting Shot|p2b: Torkoal
|-unboost|p2b: Torkoal|atk|1
|-unboost|p2b: Torkoal|spa|1
|
|t:|1783702786
|switch|p1a: Pelipper|Pelipper, L50, F|72/100|[from] Parting Shot
|-weather|RainDance|[from] ability: Drizzle|[of] p1a: Pelipper
|move|p2b: Torkoal|Heat Wave|p1a: Pelipper|[spread] p1b
|-miss|p2b: Torkoal|p1a: Pelipper
|-supereffective|p1b: Venusaur|1
|-damage|p1b: Venusaur|75/100
|move|p2a: Trevenant|Poltergeist|p1b: Venusaur
|-activate|p1b: Venusaur|move: Poltergeist|Venusaurite
|-damage|p1b: Venusaur|64/100
|move|p1b: Venusaur|Earth Power|p2b: Torkoal
|-supereffective|p2b: Torkoal|1
|-damage|p2b: Torkoal|19/100
|
|-weather|RainDance|[upkeep]
|-sideend|p1: Tag2004|move: Light Screen
|upkeep
|turn|9
|-message|ItTakesAScovillage forfeited.
|raw|Tag2004's rating: 1180 → 1204(+24 for winning)
|raw|ItTakesAScovillage's rating: 1166 → 1142(-24 for losing)
|
|win|Tag2004
