|j|☆Monkeydes
|j|☆violetredlin
|html|Monkeydesvioletredlin    
|uhtml|bestof|Game 1 of a best-of-3
|t:|1756694829
|gametype|doubles
|player|p1|Monkeydes|101|1089
|player|p2|violetredlin|hilda-wonderlauncher|1000
|gen|9
|tier|[Gen 9] VGC 2025 Reg H (Bo3)
|rated|
|rule|Species Clause: Limit one of each Pokémon
|rule|Item Clause: Limit 1 of each item
|clearpoke
|poke|p1|Sneasler, L50, F|
|poke|p1|Dragapult, L50, M|
|poke|p1|Primarina, L50, M|
|poke|p1|Rillaboom, L50, F|
|poke|p1|Kingambit, L50, M|
|poke|p1|Magmar, L50, M|
|poke|p2|Maushold, L50|
|poke|p2|Basculegion, L50, M|
|poke|p2|Archaludon, L50, F|
|poke|p2|Pelipper, L50, F|
|poke|p2|Dragonite, L50, M|
|poke|p2|Amoonguss, L50, F|
|teampreview|4
|showteam|p1|Sneasler||FocusSash|PoisonTouch|CloseCombat,DireClaw,FakeOut,Protect|||F|||50|,,,,,Stellar]Dragapult||ChoiceBand|ClearBody|DragonDarts,TeraBlast,PhantomForce,Uturn|||M|||50|,,,,,Dragon]Primarina||ThroatSpray|LiquidVoice|HyperVoice,Moonblast,Haze,Protect|||M|||50|,,,,,Water]Rillaboom||AssaultVest|GrassySurge|WoodHammer,GrassyGlide,HighHorsepower,FakeOut|||F|||50|,,,,,Fire]Kingambit||BlackGlasses|Defiant|KowtowCleave,SuckerPunch,SwordsDance,Protect|||M|||50|,,,,,Ghost]Magmar||Eviolite|VitalSpirit|Overheat,WillOWisp,FollowMe,Protect|||M|||50|,,,,,Ghost
|showteam|p2|Maushold||WideLens|Technician|PopulationBomb,FollowMe,Taunt,BeatUp||||||50|,,,,,Ghost]Basculegion||ChoiceBand|SwiftSwim|FlipTurn,LastRespects,WaveCrash,PsychicFangs|||M|||50|,,,,,Water]Archaludon||AssaultVest|Stamina|DracoMeteor,ElectroShot,BodyPress,MeteorBeam|||F|||50|,,,,,Grass]Pelipper||FocusSash|Drizzle|Hurricane,WeatherBall,WideGuard,Tailwind|||F|||50|,,,,,Water]Dragonite||LoadedDice|InnerFocus|ExtremeSpeed,ScaleShot,TeraBlast,Protect|||M|||50|,,,,,Normal]Amoonguss||SitrusBerry|Regenerator|Spore,RagePowder,PollenPuff,Protect|||F|||50|,,,,,Water
|
|t:|1756694873
|teamsize|p1|4
|teamsize|p2|4
|start
|switch|p1a: Primarina|Primarina, L50, M|100/100
|switch|p1b: Magmar|Magmar, L50, M|100/100
|switch|p2a: Pelipper|Pelipper, L50, F|100/100
|switch|p2b: Basculegion|Basculegion, L50, M|100/100
|-weather|RainDance|[from] ability: Drizzle|[of] p2a: Pelipper
|turn|1
|
|t:|1756694899
|-terastallize|p1a: Primarina|Water
|move|p1b: Magmar|Follow Me|p1b: Magmar
|-singleturn|p1b: Magmar|move: Follow Me
|move|p2b: Basculegion|Flip Turn|p1b: Magmar
|-supereffective|p1b: Magmar
|-damage|p1b: Magmar|0 fnt
|faint|p1b: Magmar
|
|t:|1756694906
|switch|p2b: Maushold|Maushold, L50|100/100|[from] Flip Turn
|move|p2a: Pelipper|Tailwind|p2a: Pelipper
|-sidestart|p2: violetredlin|move: Tailwind
|move|p1a: Primarina|Hyper Voice|p2a: Pelipper|[spread] p2a,p2b
|-resisted|p2a: Pelipper
|-damage|p2a: Pelipper|52/100
|-damage|p2b: Maushold|3/100
|-enditem|p1a: Primarina|Throat Spray
|-boost|p1a: Primarina|spa|1|[from] item: Throat Spray
|
|-weather|RainDance|[upkeep]
|upkeep
|
|t:|1756694932
|switch|p1b: Blep|Dragapult, L50, M|100/100
|turn|2
|
|t:|1756694943
|move|p2b: Maushold|Population Bomb|p1a: Primarina
|-damage|p1a: Primarina|87/100
|-damage|p1a: Primarina|74/100
|-damage|p1a: Primarina|61/100
|-damage|p1a: Primarina|49/100
|-damage|p1a: Primarina|35/100
|-damage|p1a: Primarina|22/100
|-damage|p1a: Primarina|9/100
|-damage|p1a: Primarina|0 fnt
|faint|p1a: Primarina
|-hitcount|p1: Primarina|8
|move|p1b: Blep|Dragon Darts|p2a: Pelipper
|-damage|p2a: Pelipper|8/100
|-anim|p1b: Blep|Dragon Darts|p2b: Maushold
|-damage|p2b: Maushold|0 fnt
|faint|p2b: Maushold
|move|p2a: Pelipper|Weather Ball|p1b: Blep
|-resisted|p1b: Blep
|-damage|p1b: Blep|58/100
|
|-weather|RainDance|[upkeep]
|upkeep
|
|t:|1756694966
|switch|p2b: Basculegion|Basculegion, L50, M|100/100
|switch|p1a: Rat|Sneasler, L50, F|100/100
|turn|3
|
|t:|1756694980
|switch|p2a: Dragonite|Dragonite, L50, M|100/100
|move|p1a: Rat|Fake Out|p2a: Dragonite
|-damage|p2a: Dragonite|81/100
|-status|p2a: Dragonite|psn|[from] ability: Poison Touch|[of] p1a: Rat
|move|p2b: Basculegion|Flip Turn|p1b: Blep
|-resisted|p1b: Blep
|-damage|p1b: Blep|8/100
|
|t:|1756694989
|switch|p2b: Pelipper|Pelipper, L50, F|8/100|[from] Flip Turn
|move|p1b: Blep|Dragon Darts|p2b: Pelipper
|-damage|p2b: Pelipper|0 fnt
|-anim|p1b: Blep|Dragon Darts|p2a: Dragonite
|-supereffective|p2a: Dragonite
|-damage|p2a: Dragonite|0 fnt
|faint|p2b: Pelipper
|faint|p2a: Dragonite
|
|-weather|RainDance|[upkeep]
|upkeep
|c|☆Monkeydes|S I T
|
|t:|1756695002
|switch|p2a: Basculegion|Basculegion, L50, M|100/100
|turn|4
|
|t:|1756695009
|move|p2a: Basculegion|Last Respects|p1b: Blep
|-supereffective|p1b: Blep
|-damage|p1b: Blep|0 fnt
|faint|p1b: Blep
|move|p1a: Rat|Dire Claw|p2a: Basculegion
|-resisted|p2a: Basculegion
|-damage|p2a: Basculegion|74/100
|-status|p2a: Basculegion|par
|
|-weather|RainDance|[upkeep]
|-sideend|p2: violetredlin|move: Tailwind
|upkeep
|turn|5
|
|t:|1756695024
|move|p1a: Rat|Dire Claw|p2a: Basculegion
|-resisted|p2a: Basculegion
|-damage|p2a: Basculegion|48/100 par
|move|p2a: Basculegion|Last Respects|p1a: Rat
|-enditem|p1a: Rat|Focus Sash
|-damage|p1a: Rat|1/100
|
|-weather|none
|upkeep
|turn|6
|
|t:|1756695032
|move|p1a: Rat|Dire Claw|p2a: Basculegion
|-resisted|p2a: Basculegion
|-damage|p2a: Basculegion|24/100 par
|move|p2a: Basculegion|Last Respects|p1a: Rat
|-damage|p1a: Rat|0 fnt
|faint|p1a: Rat
|
|win|violetredlin
||violetredlin is ready for game 2.
||Monkeydes is ready for game 2.
|uhtml|next|Next: Game 2 of 3
|l|☆Monkeydes
|player|p1|
