|j|☆dr_sugus_vgc
|j|☆Game player 28
|html|dr_sugus_vgcGame player 28    
|uhtml|bestof|Game 2 of a best-of-3
|t:|1757187592
|gametype|doubles
|player|p1|dr_sugus_vgc|266|1140
|player|p2|Game player 28|volkner|1014
|gen|9
|tier|[Gen 9] VGC 2025 Reg H (Bo3)
|rated|
|rule|Species Clause: Limit one of each Pokémon
|rule|Item Clause: Limit 1 of each item
|clearpoke
|poke|p1|Amoonguss, L50, F|
|poke|p1|Hydreigon, L50, F|
|poke|p1|Incineroar, L50, M|
|poke|p1|Gholdengo, L50|
|poke|p1|Palafin, L50, M|
|poke|p1|Garchomp, L50, F|
|poke|p2|Zoroark, L50, F|
|poke|p2|Archaludon, L50, M|
|poke|p2|Incineroar, L50, M|
|poke|p2|Farigiraf, L50, F|
|poke|p2|Ursaluna-Bloodmoon, L50, M|
|poke|p2|Indeedee-F, L50, F|
|teampreview|4
|showteam|p1|Amoonguss||RockyHelmet|Regenerator|PollenPuff,Spore,RagePowder,Protect|||F|||50|,,,,,Fairy]Hydreigon||SafetyGoggles|Levitate|DracoMeteor,Protect,Tailwind,Snarl|||F|||50|,,,,,Ghost]Incineroar||SitrusBerry|Intimidate|FlareBlitz,KnockOff,PartingShot,FakeOut|||M|||50|,,,,,Ghost]Gholdengo||MetalCoat|GoodasGold|MakeItRain,ShadowBall,NastyPlot,Protect||||||50|,,,,,Water]Palafin||LifeOrb|ZerotoHero|JetPunch,WaveCrash,CloseCombat,Protect|||M|||50|,,,,,Water]Garchomp||ClearAmulet|RoughSkin|Earthquake,DragonClaw,StompingTantrum,Protect|||F|||50|,,,,,Fire
|showteam|p2|Zoroark||FocusSash|Illusion|Flamethrower,DarkPulse,Protect,Taunt|||F|||50|,,,,,Ghost]Archaludon||PowerHerb|Stalwart|FlashCannon,DracoMeteor,ElectroShot,Protect|||M|||50|,,,,,Fairy]Incineroar||ExpertBelt|Intimidate|FakeOut,FlareBlitz,KnockOff,Protect|||M|||50|,,,,,Ghost]Farigiraf||ThroatSpray|ArmorTail|ExpandingForce,HyperVoice,BatonPass,HelpingHand|||F|||50|,,,,,Psychic]Ursaluna-Bloodmoon||LifeOrb|MindsEye|BloodMoon,EarthPower,HyperVoice,Protect|||M|||50|,,,,,Normal]Indeedee-F||PsychicSeed|PsychicSurge|HelpingHand,Protect,FollowMe,TrickRoom|||F|||50|,,,,,Grass
|
|t:|1757187617
|teamsize|p1|4
|teamsize|p2|4
|start
|switch|p1a: Hydreigon|Hydreigon, L50, F|100/100
|switch|p1b: Garchomp|Garchomp, L50, F|100/100
|switch|p2a: Incineroar|Incineroar, L50, M|100/100
|switch|p2b: Ursaluna|Ursaluna-Bloodmoon, L50, M|100/100
|-ability|p2a: Incineroar|Intimidate|boost
|-unboost|p1a: Hydreigon|atk|1
|-fail|p1b: Garchomp|unboost|[from] item: Clear Amulet|[of] p1b: Garchomp
|turn|1
|
|t:|1757187629
|-terastallize|p2b: Ursaluna|Normal
|move|p1b: Garchomp|Protect|p1b: Garchomp
|-singleturn|p1b: Garchomp|Protect
|move|p1a: Hydreigon|Protect|p1a: Hydreigon
|-singleturn|p1a: Hydreigon|Protect
|move|p2a: Incineroar|Fake Out|p1b: Garchomp
|-activate|p1b: Garchomp|move: Protect
|move|p2b: Ursaluna|Blood Moon|p1a: Hydreigon
|-activate|p1a: Hydreigon|move: Protect
|
|upkeep
|turn|2
|
|t:|1757187644
|move|p1b: Garchomp|Earthquake|p2b: Ursaluna|[spread] p2a,p2b
|-immune|p1a: Hydreigon|[from] ability: Levitate
|-supereffective|p2a: Incineroar
|-damage|p2a: Incineroar|20/100
|-damage|p2b: Ursaluna|72/100
|move|p1a: Hydreigon|Snarl|p2a: Incineroar|[spread] p2a
|-miss|p1a: Hydreigon|p2b: Ursaluna
|-resisted|p2a: Incineroar
|-damage|p2a: Incineroar|14/100
|-unboost|p2a: Incineroar|spa|1
|move|p2a: Incineroar|Knock Off|p1b: Garchomp
|-damage|p1b: Garchomp|60/100
|-damage|p2a: Incineroar|2/100|[from] ability: Rough Skin|[of] p1b: Garchomp
|-enditem|p1b: Garchomp|Clear Amulet|[from] move: Knock Off|[of] p2a: Incineroar
|move|p2b: Ursaluna|Hyper Voice|p1b: Garchomp|[spread] p1a,p1b
|-damage|p1a: Hydreigon|31/100
|-damage|p1b: Garchomp|0 fnt
|faint|p1b: Garchomp
|-damage|p2b: Ursaluna|62/100|[from] item: Life Orb
|
|upkeep
|
|t:|1757187664
|switch|p1b: Incineroar|Incineroar, L50, M|100/100
|-ability|p1b: Incineroar|Intimidate|boost
|-unboost|p2a: Incineroar|atk|1
|-unboost|p2b: Ursaluna|atk|1
|turn|3
|
|t:|1757187676
|move|p2a: Incineroar|Protect|p2a: Incineroar
|-singleturn|p2a: Incineroar|Protect
|move|p1b: Incineroar|Fake Out|p2b: Ursaluna
|-damage|p2b: Ursaluna|55/100
|move|p1a: Hydreigon|Snarl|p2b: Ursaluna|[spread] 
|-activate|p2a: Incineroar|move: Protect
|-miss|p1a: Hydreigon|p2b: Ursaluna
|cant|p2b: Ursaluna|flinch
|
|upkeep
|turn|4
|
|t:|1757187711
|move|p1a: Hydreigon|Draco Meteor|p2b: Ursaluna
|-damage|p2b: Ursaluna|0 fnt
|-unboost|p1a: Hydreigon|spa|2
|faint|p2b: Ursaluna
|move|p1b: Incineroar|Knock Off|p2a: Incineroar
|-resisted|p2a: Incineroar
|-damage|p2a: Incineroar|0 fnt
|-enditem|p2a: Incineroar|Expert Belt|[from] move: Knock Off|[of] p1b: Incineroar
|faint|p2a: Incineroar
|
|upkeep
|
|t:|1757187716
|switch|p2a: Farigiraf|Farigiraf, L50, F|100/100
|switch|p2b: Farigiraf|Farigiraf, L50, F|100/100
|turn|5
|
|t:|1757187734
|switch|p1a: Amoonguss|Amoonguss, L50, F|100/100
|move|p2a: Farigiraf|Protect|p2a: Farigiraf
|-singleturn|p2a: Farigiraf|Protect
|move|p1b: Incineroar|Parting Shot|p2a: Farigiraf
|-activate|p2a: Farigiraf|move: Protect
|move|p2b: Farigiraf|Hyper Voice|p1a: Amoonguss|[spread] p1a,p1b
|-damage|p1a: Amoonguss|73/100
|-damage|p1b: Incineroar|73/100
|-enditem|p2b: Farigiraf|Throat Spray
|-boost|p2b: Farigiraf|spa|1|[from] item: Throat Spray
|
|upkeep
|turn|6
|
|t:|1757187778
|-terastallize|p1a: Amoonguss|Fairy
|move|p2a: Farigiraf|Flamethrower|p1a: Amoonguss
|-damage|p1a: Amoonguss|49/100
|move|p1b: Incineroar|Knock Off|p2a: Farigiraf
|-resisted|p2a: Farigiraf
|-damage|p2a: Farigiraf|63/100
|replace|p2a: Zoroark|Zoroark, L50, F
|-end|p2a: Zoroark|Illusion
|-enditem|p2a: Zoroark|Focus Sash|[from] move: Knock Off|[of] p1b: Incineroar
|move|p2b: Farigiraf|Hyper Voice|p1b: Incineroar|[spread] p1a,p1b
|-crit|p1a: Amoonguss
|-crit|p1b: Incineroar
|-damage|p1a: Amoonguss|0 fnt
|-damage|p1b: Incineroar|17/100
|-enditem|p1b: Incineroar|Sitrus Berry|[eat]
|-heal|p1b: Incineroar|42/100|[from] item: Sitrus Berry
|faint|p1a: Amoonguss
|
|upkeep
|
|t:|1757187793
|switch|p1a: Hydreigon|Hydreigon, L50, F|31/100
|turn|7
|
|t:|1757187810
|move|p2a: Zoroark|Protect|p2a: Zoroark
|-singleturn|p2a: Zoroark|Protect
|move|p1a: Hydreigon|Snarl|p2a: Zoroark|[spread] p2b
|-activate|p2a: Zoroark|move: Protect
|-supereffective|p2b: Farigiraf
|-damage|p2b: Farigiraf|60/100
|-unboost|p2b: Farigiraf|spa|1
|move|p1b: Incineroar|Knock Off|p2b: Farigiraf
|-supereffective|p2b: Farigiraf
|-damage|p2b: Farigiraf|1/100
|move|p2b: Farigiraf|Hyper Voice|p1b: Incineroar|[spread] p1a,p1b
|-crit|p1a: Hydreigon
|-damage|p1a: Hydreigon|0 fnt
|-damage|p1b: Incineroar|15/100
|faint|p1a: Hydreigon
|
|upkeep
|turn|8
|
|t:|1757187830
|move|p2a: Zoroark|Dark Pulse|p1b: Incineroar
|-resisted|p1b: Incineroar
|-damage|p1b: Incineroar|0 fnt
|faint|p1b: Incineroar
|
|win|Game player 28
||dr_sugus_vgc is ready for game 3.
||Game player 28 is ready for game 3.
|uhtml|next|Next: Game 3 of 3
