|j|☆cookbayz
|j|☆Moonlight Flutter
|html|cookbayzMoonlight Flutter    
|uhtml|bestof|Game 1 of a best-of-3
|t:|1782353777
|gametype|doubles
|player|p1|cookbayz|dancer|
|player|p2|Moonlight Flutter|miku-flying|
|gen|9
|tier|[Gen 9 Champions] VGC 2026 Reg M-B (Bo3)
|rule|Species Clause: Limit one of each Pokémon
|rule|Item Clause: Limit 1 of each item
|clearpoke
|poke|p1|Mawile, L50, F|
|poke|p1|Charizard, L50, F|
|poke|p1|Farigiraf, L50, F|
|poke|p1|Gallade, L50, M|
|poke|p1|Torkoal, L50, F|
|poke|p1|Kangaskhan, L50, F|
|poke|p2|Sinistcha, L50|
|poke|p2|Incineroar, L50, M|
|poke|p2|Milotic, L50, M|
|poke|p2|Raichu, L50, M|
|poke|p2|Ceruledge, L50, M|
|poke|p2|Mawile, L50, M|
|teampreview|4
|showteam|p1|Mawile||Mawilite|HyperCutter|PlayRough,RockSlide,SuckerPunch,SwordsDance|Brave||F|||50|]Charizard||CharizarditeY|Blaze|HeatWave,WeatherBall,SolarBeam,Protect|Modest||F|||50|]Farigiraf||SitrusBerry|ArmorTail|Psychic,Thunderbolt,TrickRoom,HelpingHand|Bold||F|||50|]Gallade||IronBall|Sharpness|SacredSword,PsychoCut,TrickRoom,WideGuard|Brave||M|||50|]Torkoal||Charcoal|Drought|Eruption,WeatherBall,EarthPower,Protect|Quiet||F|||50|]Kangaskhan||LifeOrb|Scrappy|FakeOut,LastResort|Brave||F|||50|
|showteam|p2|Sinistcha||KasibBerry|Hospitality|MatchaGotcha,LifeDew,RagePowder,Protect|Relaxed|||||50|]Incineroar||SitrusBerry|Intimidate|FlareBlitz,ThroatChop,FakeOut,PartingShot|Impish||M|||50|]Milotic||Leftovers|Competitive|MuddyWater,Coil,Hypnosis,Protect|Calm||M|||50|]Raichu||RaichuniteY|LightningRod|ZapCannon,FocusBlast,FakeOut,Protect|Timid||M|||50|]Ceruledge||ColburBerry|FlashFire|BitterBlade,ShadowSneak,BulkUp,Protect|Adamant||M|||50|]Mawile||Mawilite|HyperCutter|PlayRough,IronHead,SuckerPunch,Protect|Adamant||M|||50|
|inactive|Battle timer is ON: inactive players will automatically lose when time's up. (requested by cookbayz)
|inactive|cookbayz has 60 seconds left.
|inactive|Moonlight Flutter has 60 seconds left.
|
|t:|1782353837
|teamsize|p1|4
|teamsize|p2|4
|start
|switch|p1a: Farigiraf|Farigiraf, L50, F|100/100
|switch|p1b: Kangaskhan|Kangaskhan, L50, F|100/100
|switch|p2a: Milotic|Milotic, L50, M|100/100
|switch|p2b: Mawile|Mawile, L50, M|100/100
|turn|1
|
|t:|1782353852
|detailschange|p2b: Mawile|Mawile-Mega, L50, M
|-mega|p2b: Mawile|Mawile|Mawilite
|move|p1b: Kangaskhan|Fake Out|p2b: Mawile
|-resisted|p2b: Mawile|1
|-damage|p2b: Mawile|88/100
|-damage|p1b: Kangaskhan|90/100|[from] item: Life Orb
|move|p2a: Milotic|Coil|p2a: Milotic
|-boost|p2a: Milotic|atk|1
|-boost|p2a: Milotic|def|1
|-boost|p2a: Milotic|accuracy|1
|cant|p2b: Mawile|flinch
|move|p1a: Farigiraf|Trick Room|p1a: Farigiraf
|-fieldstart|move: Trick Room|[of] p1a: Farigiraf
|
|upkeep
|turn|2
|
|t:|1782353861
|move|p2b: Mawile|Play Rough|p1a: Farigiraf
|-damage|p1a: Farigiraf|37/100
|-enditem|p1a: Farigiraf|Sitrus Berry|[eat]
|-heal|p1a: Farigiraf|61/100|[from] item: Sitrus Berry
|move|p1a: Farigiraf|Thunderbolt|p2a: Milotic
|-supereffective|p2a: Milotic|1
|-damage|p2a: Milotic|71/100
|move|p1b: Kangaskhan|Last Resort|p2a: Milotic
|-damage|p2a: Milotic|24/100
|-damage|p1b: Kangaskhan|80/100|[from] item: Life Orb
|move|p2a: Milotic|Hypnosis|p1b: Kangaskhan|[miss]
|-miss|p2a: Milotic|p1b: Kangaskhan
|
|-heal|p2a: Milotic|30/100|[from] item: Leftovers
|upkeep
|turn|3
|
|t:|1782353884
|switch|p1a: Torkoal|Torkoal, L50, F|100/100
|-weather|SunnyDay|[from] ability: Drought|[of] p1a: Torkoal
|move|p2b: Mawile|Play Rough|p1b: Kangaskhan
|-damage|p1b: Kangaskhan|0 fnt
|faint|p1b: Kangaskhan
|move|p2a: Milotic|Hypnosis|p1a: Torkoal
|-status|p1a: Torkoal|slp|[from] move: Hypnosis
|
|-weather|SunnyDay|[upkeep]
|-heal|p2a: Milotic|36/100|[from] item: Leftovers
|upkeep
|
|t:|1782353891
|switch|p1b: Mawile|Mawile, L50, F|100/100
|turn|4
|
|t:|1782353905
|switch|p2a: Incineroar|Incineroar, L50, M|100/100
|-ability|p2a: Incineroar|Intimidate|boost
|-unboost|p1a: Torkoal|atk|1
|-fail|p1b: Mawile|unboost|Attack|[from] ability: Hyper Cutter|[of] p1b: Mawile
|detailschange|p1b: Mawile|Mawile-Mega, L50, F
|-mega|p1b: Mawile|Mawile|Mawilite
|cant|p1a: Torkoal|slp
|move|p1b: Mawile|Swords Dance|p1b: Mawile
|-boost|p1b: Mawile|atk|2
|move|p2b: Mawile|Iron Head|p1b: Mawile
|-damage|p1b: Mawile|30/100
|
|-weather|SunnyDay|[upkeep]
|upkeep
|turn|5
|inactive|cookbayz has 30 seconds left.
|inactive|Moonlight Flutter has 30 seconds left.
|
|t:|1782353937
|switch|p1b: Farigiraf|Farigiraf, L50, F|61/100
|switch|p2a: Milotic|Milotic, L50, M|36/100
|move|p2b: Mawile|Protect|p2b: Mawile
|-singleturn|p2b: Mawile|Protect
|cant|p1a: Torkoal|slp
|
|-weather|SunnyDay|[upkeep]
|-heal|p2a: Milotic|42/100|[from] item: Leftovers
|-fieldend|move: Trick Room
|upkeep
|turn|6
|inactive|Moonlight Flutter has 30 seconds left.
|
|t:|1782353967
|move|p2a: Milotic|Muddy Water|p1b: Farigiraf|[spread] p1a,p1b
|-supereffective|p1a: Torkoal|1
|-damage|p1a: Torkoal|71/100 slp
|-damage|p1b: Farigiraf|50/100y
|-unboost|p1a: Torkoal|accuracy|1
|move|p2b: Mawile|Iron Head|p1b: Farigiraf
|-damage|p1b: Farigiraf|0 fnt
|faint|p1b: Farigiraf
|-curestatus|p1a: Torkoal|slp|[msg]
|move|p1a: Torkoal|Eruption|p2b: Mawile|[spread] p2a,p2b
|-resisted|p2a: Milotic|1
|-supereffective|p2b: Mawile|1
|-damage|p2a: Milotic|20/100y
|-damage|p2b: Mawile|0 fnt
|faint|p2b: Mawile
|
|-weather|SunnyDay|[upkeep]
|-heal|p2a: Milotic|26/100|[from] item: Leftovers
|upkeep
|
|t:|1782353979
|switch|p1b: Mawile|Mawile-Mega, L50, F|30/100
|switch|p2b: Incineroar|Incineroar, L50, M|100/100
|-ability|p2b: Incineroar|Intimidate|boost
|-unboost|p1a: Torkoal|atk|1
|-unboost|p1b: Mawile|atk|1
|turn|7
|
|t:|1782353987
|move|p1b: Mawile|Sucker Punch|p2a: Milotic
|-damage|p2a: Milotic|2/100
|move|p2a: Milotic|Muddy Water|p1a: Torkoal|[spread] p1a,p1b
|-supereffective|p1a: Torkoal|1
|-crit|p1b: Mawile
|-damage|p1a: Torkoal|41/100
|-damage|p1b: Mawile|10/100
|-unboost|p1a: Torkoal|accuracy|1
|move|p2b: Incineroar|Flare Blitz|p1b: Mawile
|-supereffective|p1b: Mawile|1
|-damage|p1b: Mawile|0 fnt
|faint|p1b: Mawile
|-damage|p2b: Incineroar|97/100|[from] Recoil
|move|p1a: Torkoal|Earth Power|p2b: Incineroar
|-supereffective|p2b: Incineroar|1
|-damage|p2b: Incineroar|48/100
|-unboost|p2b: Incineroar|spd|1
|-enditem|p2b: Incineroar|Sitrus Berry|[eat]
|-heal|p2b: Incineroar|73/100|[from] item: Sitrus Berry
|
|-weather|none
|-heal|p2a: Milotic|8/100|[from] item: Leftovers
|upkeep
|turn|8
|-message|cookbayz forfeited.
|
|win|Moonlight Flutter
|l|☆cookbayz
|player|p1|
||cookbayz is ready for game 2.
||cookbayz is ready for game 2.
||cookbayz is ready for game 2.
||Moonlight Flutter is ready for game 2.
|uhtml|next|Next: Game 2 of 3
