|j|☆ThierryVGC
|j|☆spearow's nest
|html|ThierryVGCspearow's nest    
|uhtml|bestof|Game 1 of a best-of-3
|t:|1757041721
|gametype|doubles
|player|p1|ThierryVGC|266|1160
|player|p2|spearow's nest|lance|1250
|gen|9
|tier|[Gen 9] VGC 2025 Reg H (Bo3)
|rated|
|rule|Species Clause: Limit one of each Pokémon
|rule|Item Clause: Limit 1 of each item
|clearpoke
|poke|p1|Porygon2, L50|
|poke|p1|Ursaluna, L50, M|
|poke|p1|Amoonguss, L50, M|
|poke|p1|Incineroar, L50, F|
|poke|p1|Murkrow, L50, F|
|poke|p1|Typhlosion-Hisui, L50, M|
|poke|p2|Rillaboom, L50, M|
|poke|p2|Dragonite, L50, M|
|poke|p2|Sneasler, L50, M|
|poke|p2|Ninetales-Alola, L50, F|
|poke|p2|Kingambit, L50, M|
|poke|p2|Volcarona, L50, F|
|teampreview|4
|showteam|p1|Porygon2||Eviolite|Download|IceBeam,TeraBlast,Recover,TrickRoom||||||50|,,,,,Fighting]Ursaluna||FlameOrb|Guts|Facade,Earthquake,HeadlongRush,Protect|||M|||50|,,,,,Fairy]Amoonguss||CovertCloak|Regenerator|PollenPuff,SludgeBomb,RagePowder,Spore|||M|||50|,,,,,Water]Incineroar||SafetyGoggles|Intimidate|KnockOff,PartingShot,FlareBlitz,FakeOut|||F|||50|,,,,,Ghost]Murkrow||FocusSash|Prankster|Tailwind,SunnyDay,Haze,AirSlash|||F|||50|,,,,,Ghost]Typhlosion-Hisui||ChoiceScarf|Blaze|Eruption,HeatWave,ShadowBall,Overheat|||M|||50|,,,,,Fire
|showteam|p2|Rillaboom||AssaultVest|GrassySurge|WoodHammer,GrassyGlide,HighHorsepower,FakeOut|||M|||50|,,,,,Fire]Dragonite||LoadedDice|Multiscale|Protect,ScaleShot,LowKick,Haze|||M|||50|,,,,,Fairy]Sneasler||WhiteHerb|Unburden|Protect,DireClaw,CloseCombat,Coaching|||M|||50|,,,,,Ghost]Ninetales-Alola||ChoiceSpecs|SnowWarning|Blizzard,IcyWind,Moonblast,FreezeDry|||F|||50|,,,,,Ghost]Kingambit||SafetyGoggles|Defiant|Protect,KowtowCleave,SuckerPunch,SwordsDance|||M|||50|,,,,,Dark]Volcarona||CovertCloak|FlameBody|StruggleBug,RagePowder,Overheat,WillOWisp|||F|||50|,,,,,Fairy
|
|t:|1757041768
|teamsize|p1|4
|teamsize|p2|4
|start
|switch|p1a: Typhlosion|Typhlosion-Hisui, L50, M|100/100
|switch|p1b: Murkrow|Murkrow, L50, F|100/100
|switch|p2a: Volcarona|Volcarona, L50, F|100/100
|switch|p2b: Kingambit|Kingambit, L50, M|100/100
|turn|1
|
|t:|1757041796
|switch|p1a: Ursaluna|Ursaluna, L50, M|100/100
|move|p1b: Murkrow|Tailwind|p1b: Murkrow
|-sidestart|p1: ThierryVGC|move: Tailwind
|move|p2b: Kingambit|Sucker Punch||[still]
|-fail|p2b: Kingambit
|move|p2a: Volcarona|Struggle Bug|p1b: Murkrow|[spread] p1a,p1b
|-damage|p1a: Ursaluna|86/100
|-damage|p1b: Murkrow|56/100
|-unboost|p1a: Ursaluna|spa|1
|-unboost|p1b: Murkrow|spa|1
|
|-status|p1a: Ursaluna|brn|[from] item: Flame Orb
|upkeep
|turn|2
|
|t:|1757041829
|-terastallize|p1a: Ursaluna|Fairy
|-terastallize|p2b: Kingambit|Dark
|move|p2a: Volcarona|Rage Powder|p2a: Volcarona
|-singleturn|p2a: Volcarona|move: Rage Powder
|move|p1b: Murkrow|Air Slash|p2a: Volcarona
|-supereffective|p2a: Volcarona
|-damage|p2a: Volcarona|68/100
|move|p1a: Ursaluna|Earthquake|p2b: Kingambit|[spread] p2a,p2b
|-immune|p1b: Murkrow
|-damage|p2a: Volcarona|1/100
|-damage|p2b: Kingambit|58/100
|move|p2b: Kingambit|Kowtow Cleave|p1a: Ursaluna
|-resisted|p1a: Ursaluna
|-damage|p1a: Ursaluna|61/100 brn
|
|-damage|p1a: Ursaluna|56/100 brn|[from] brn
|upkeep
|turn|3
|
|t:|1757041850
|switch|p2a: Rillaboom|Rillaboom, L50, M|100/100
|-fieldstart|move: Grassy Terrain|[from] ability: Grassy Surge|[of] p2a: Rillaboom
|move|p2b: Kingambit|Protect|p2b: Kingambit
|-singleturn|p2b: Kingambit|Protect
|move|p1b: Murkrow|Air Slash|p2a: Rillaboom
|-supereffective|p2a: Rillaboom
|-damage|p2a: Rillaboom|66/100
|move|p1a: Ursaluna|Facade|p2b: Kingambit
|-activate|p2b: Kingambit|move: Protect
|
|-heal|p1a: Ursaluna|61/100 brn|[from] Grassy Terrain
|-heal|p2a: Rillaboom|73/100|[from] Grassy Terrain
|-heal|p2b: Kingambit|64/100|[from] Grassy Terrain
|-damage|p1a: Ursaluna|56/100 brn|[from] brn
|upkeep
|turn|4
|
|t:|1757041871
|move|p1a: Ursaluna|Protect|p1a: Ursaluna
|-singleturn|p1a: Ursaluna|Protect
|move|p1b: Murkrow|Sunny Day|p1b: Murkrow
|-weather|SunnyDay
|move|p2a: Rillaboom|Wood Hammer|p1b: Murkrow
|-resisted|p1b: Murkrow
|-damage|p1b: Murkrow|0 fnt
|faint|p1b: Murkrow
|-damage|p2a: Rillaboom|60/100|[from] Recoil
|move|p2b: Kingambit|Kowtow Cleave|p1a: Ursaluna
|-activate|p1a: Ursaluna|move: Protect
|
|-weather|SunnyDay|[upkeep]
|-heal|p1a: Ursaluna|61/100 brn|[from] Grassy Terrain
|-heal|p2a: Rillaboom|66/100|[from] Grassy Terrain
|-heal|p2b: Kingambit|70/100|[from] Grassy Terrain
|-damage|p1a: Ursaluna|56/100 brn|[from] brn
|-sideend|p1: ThierryVGC|move: Tailwind
|upkeep
|
|t:|1757041880
|switch|p1b: Typhlosion|Typhlosion-Hisui, L50, M|100/100
|turn|5
|
|t:|1757041891
|switch|p1b: Porygon2|Porygon2, L50|100/100
|-ability|p1b: Porygon2|Download|boost
|-boost|p1b: Porygon2|spa|1
|move|p2b: Kingambit|Sucker Punch||[still]
|-fail|p2b: Kingambit
|move|p2a: Rillaboom|Wood Hammer|p1a: Ursaluna
|-damage|p1a: Ursaluna|0 fnt
|faint|p1a: Ursaluna
|-damage|p2a: Rillaboom|45/100|[from] Recoil
|
|-weather|SunnyDay|[upkeep]
|-heal|p2a: Rillaboom|51/100|[from] Grassy Terrain
|-heal|p2b: Kingambit|75/100|[from] Grassy Terrain
|upkeep
|
|t:|1757041900
|switch|p1a: Typhlosion|Typhlosion-Hisui, L50, M|100/100
|turn|6
|
|t:|1757041909
|move|p2b: Kingambit|Sucker Punch|p1a: Typhlosion
|-supereffective|p1a: Typhlosion
|-damage|p1a: Typhlosion|0 fnt
|faint|p1a: Typhlosion
|move|p2a: Rillaboom|Wood Hammer|p1b: Porygon2
|-damage|p1b: Porygon2|48/100
|-damage|p2a: Rillaboom|34/100|[from] Recoil
|move|p1b: Porygon2|Ice Beam|p2a: Rillaboom
|-supereffective|p2a: Rillaboom
|-damage|p2a: Rillaboom|0 fnt
|faint|p2a: Rillaboom
|
|-weather|SunnyDay|[upkeep]
|-heal|p1b: Porygon2|55/100|[from] Grassy Terrain
|-heal|p2b: Kingambit|81/100|[from] Grassy Terrain
|upkeep
|
|t:|1757041915
|switch|p2a: Volcarona|Volcarona, L50, F|1/100
|turn|7
|
|t:|1757041924
|move|p2a: Volcarona|Struggle Bug|p1b: Porygon2
|-damage|p1b: Porygon2|41/100
|-unboost|p1b: Porygon2|spa|1
|move|p1b: Porygon2|Tera Blast|p2a: Volcarona
|-damage|p2a: Volcarona|0 fnt
|faint|p2a: Volcarona
|move|p2b: Kingambit|Kowtow Cleave|p1b: Porygon2
|-crit|p1b: Porygon2
|-damage|p1b: Porygon2|0 fnt
|faint|p1b: Porygon2
|
|win|spearow's nest
