|j|Ōśåartlavgc
|j|ŌśåLuzeleah
|html|artlavgcLuzeleah    
|uhtml|bestof|Game 3 of a best-of-3
|t:|1756816402
|gametype|doubles
|player|p1|artlavgc|170|1096
|player|p2|Luzeleah|lacey|1079
|gen|9
|tier|[Gen 9] VGC 2025 Reg H (Bo3)
|rated|
|rule|Species Clause: Limit one of each Pok├®mon
|rule|Item Clause: Limit 1 of each item
|clearpoke
|poke|p1|Gliscor, L50, F|
|poke|p1|Vivillon, L50, M|
|poke|p1|Kingambit, L50, F|
|poke|p1|Ninetales-Alola, L50, F|
|poke|p1|Incineroar, L50, F|
|poke|p1|Amoonguss, L50, M|
|poke|p2|Spewpa, L50, F|
|poke|p2|Volcarona, L50, F|
|poke|p2|Incineroar, L50, M|
|poke|p2|Rillaboom, L50, F|
|poke|p2|Ninetales-Alola, L50, F|
|poke|p2|Dragonite, L50, F|
|teampreview|4
|showteam|p1|Gliscor||ToxicOrb|PoisonHeal|Earthquake,Protect,DualWingbeat,SwordsDance|||F|||50|,,,,,Water]Vivillon||FocusSash|CompoundEyes|Hurricane,Tailwind,SleepPowder,Protect|||M|||50|,,,,,Ghost]Kingambit||AssaultVest|Defiant|IronHead,Assurance,SuckerPunch,LowKick|||F|||50|,,,,,Flying]Ninetales-Alola||CovertCloak|SnowWarning|Blizzard,FreezeDry,AuroraVeil,Protect|||F|||50|,,,,,Water]Incineroar||RockyHelmet|Intimidate|FakeOut,PartingShot,FlareBlitz,KnockOff|||F|||50|,,,,,Fairy]Amoonguss||SitrusBerry|Regenerator|PollenPuff,RagePowder,Spore,Protect|||M|||50|,,,,,Fairy
|showteam|p2|Spewpa||Eviolite|FriendGuard|StruggleBug,StunSpore,RagePowder,Protect|||F|||50|,,,,,Fire]Volcarona||Leftovers|FlameBody|HeatWave,GigaDrain,QuiverDance,Protect|||F|||50|,,,,,Grass]Incineroar||SafetyGoggles|Intimidate|FakeOut,FlareBlitz,KnockOff,PartingShot|||M|||50|,,,,,Bug]Rillaboom||AssaultVest|GrassySurge|FakeOut,GrassyGlide,WoodHammer,Uturn|||F|||50|,,,,,Fire]Ninetales-Alola||ChoiceScarf|SnowWarning|Blizzard,FreezeDry,IcyWind,Moonblast|||F|||50|,,,,,Fire]Dragonite||CovertCloak|Multiscale|ExtremeSpeed,LowKick,Haze,Protect|||F|||50|,,,,,Normal
|j| redsobased
|
|t:|1756816439
|teamsize|p1|4
|teamsize|p2|4
|start
|switch|p1a: Incineroar|Incineroar, L50, F|100/100
|switch|p1b: Gliscor|Gliscor, L50, F, shiny|100/100
|switch|p2a: blizza|Ninetales-Alola, L50, F, shiny|100/100
|switch|p2b: big melith|Volcarona, L50, F|100/100
|-weather|Snowscape|[from] ability: Snow Warning|[of] p2a: blizza
|-ability|p1a: Incineroar|Intimidate|boost
|-unboost|p2a: blizza|atk|1
|-unboost|p2b: big melith|atk|1
|turn|1
|inactive|Battle timer is ON: inactive players will automatically lose when time's up. (requested by artlavgc)
|c|Ōśåartlavgc|where pewpi
|
|t:|1756816470
|move|p1a: Incineroar|Fake Out|p2a: blizza
|-damage|p2a: blizza|89/100
|cant|p2a: blizza|flinch
|move|p1b: Gliscor|Swords Dance|p1b: Gliscor
|-boost|p1b: Gliscor|atk|2
|move|p2b: big melith|Quiver Dance|p2b: big melith
|-boost|p2b: big melith|spa|1
|-boost|p2b: big melith|spd|1
|-boost|p2b: big melith|spe|1
|
|-weather|Snowscape|[upkeep]
|-status|p1b: Gliscor|tox|[from] item: Toxic Orb
|upkeep
|turn|2
|c|Ōśåartlavgc|:(
|c| redsobased|pewpi
|inactive|Luzeleah has 30 seconds left.
|inactive|Luzeleah has 20 seconds left.
|c|ŌśåLuzeleah|taking a big earned rest
|inactive|Luzeleah has 15 seconds left.
|inactive|Luzeleah has 10 seconds left.
|
|t:|1756816517
|-terastallize|p2b: big melith|Grass
|move|p1b: Gliscor|Protect|p1b: Gliscor
|-singleturn|p1b: Gliscor|Protect
|move|p2a: blizza|Freeze-Dry|p1b: Gliscor
|-activate|p1b: Gliscor|move: Protect
|move|p2b: big melith|Giga Drain|p1b: Gliscor
|-activate|p1b: Gliscor|move: Protect
|move|p1a: Incineroar|Flare Blitz|p2a: blizza
|-supereffective|p2a: blizza
|-damage|p2a: blizza|0 fnt
|faint|p2a: blizza
|-damage|p1a: Incineroar|76/100|[from] Recoil
|
|-weather|Snowscape|[upkeep]
|upkeep
|
|t:|1756816528
|switch|p2a: nya :3|Incineroar, L50, M|100/100
|-ability|p2a: nya :3|Intimidate|boost
|-unboost|p1a: Incineroar|atk|1
|-unboost|p1b: Gliscor|atk|1
|turn|3
|c| redsobased|nya :3
|c|Ōśåartlavgc|nickname game goes strong
|inactive|artlavgc has 30 seconds left.
|inactive|Luzeleah has 30 seconds left.
|inactive|Luzeleah has 20 seconds left.
|c|ŌśåLuzeleah|unfortunately not as strong as the play game
|inactive|Luzeleah has 15 seconds left.
|
|t:|1756816571
|move|p2a: nya :3|Fake Out|p1b: Gliscor
|-damage|p1b: Gliscor|91/100 tox
|move|p2b: big melith|Giga Drain|p1b: Gliscor
|-damage|p1b: Gliscor|3/100 tox
|cant|p1b: Gliscor|flinch
|move|p1a: Incineroar|Knock Off|p2b: big melith
|-damage|p2b: big melith|66/100
|-enditem|p2b: big melith|Leftovers|[from] move: Knock Off|[of] p1a: Incineroar
|
|-weather|Snowscape|[upkeep]
|-heal|p1b: Gliscor|15/100 tox|[from] ability: Poison Heal
|upkeep
|turn|4
|c| redsobased|LOL
|c|Ōśåartlavgc|its alright u won game one
|c|Ōśåartlavgc|SHEESH
|inactive|artlavgc has 30 seconds left.
|
|t:|1756816596
|switch|p2a: beatrice|Dragonite, L50, F|100/100
|move|p2b: big melith|Protect|p2b: big melith
|-singleturn|p2b: big melith|Protect
|move|p1b: Gliscor|Protect|p1b: Gliscor
|-singleturn|p1b: Gliscor|Protect
|move|p1a: Incineroar|Flare Blitz|p2b: big melith
|-activate|p2b: big melith|move: Protect
|
|-weather|Snowscape|[upkeep]
|-heal|p1b: Gliscor|27/100 tox|[from] ability: Poison Heal
|upkeep
|turn|5
|
|t:|1756816619
|move|p2b: big melith|Giga Drain|p1b: Gliscor
|-damage|p1b: Gliscor|0 fnt
|-heal|p2b: big melith|77/100|[from] drain|[of] p1b: Gliscor
|faint|p1b: Gliscor
|move|p2a: beatrice|Low Kick|p1a: Incineroar
|-supereffective|p1a: Incineroar
|-damage|p1a: Incineroar|23/100
|-damage|p2a: beatrice|84/100|[from] item: Rocky Helmet|[of] p1a: Incineroar
|move|p1a: Incineroar|Flare Blitz|p2b: big melith
|-supereffective|p2b: big melith
|-damage|p2b: big melith|0 fnt
|faint|p2b: big melith
|-damage|p1a: Incineroar|0 fnt|[from] Recoil
|faint|p1a: Incineroar
|
|-weather|none
|upkeep
|
|t:|1756816632
|switch|p1b: Ninetales|Ninetales-Alola, L50, F|100/100
|switch|p2b: nya :3|Incineroar, L50, M|100/100
|switch|p1a: Kingambit|Kingambit, L50, F|100/100
|-weather|Snowscape|[from] ability: Snow Warning|[of] p1b: Ninetales
|-ability|p2b: nya :3|Intimidate|boost
|-unboost|p1a: Kingambit|atk|1
|-ability|p1a: Kingambit|Defiant|boost
|-boost|p1a: Kingambit|atk|2
|-unboost|p1b: Ninetales|atk|1
|turn|6
|c|Ōśåartlavgc|r u from europe?
|c|ŌśåLuzeleah|netherlands ye
|inactive|artlavgc has 30 seconds left.
|inactive|Luzeleah has 30 seconds left.
|c|Ōśåartlavgc|are you going to play in fraknfurt?
|c|Ōśåartlavgc|with pewpi?
|c|ŌśåLuzeleah|yep
|c|ŌśåLuzeleah|absolutely
|inactive|artlavgc has 20 seconds left.
|inactive|Luzeleah has 20 seconds left.
|c|Ōśåartlavgc|fr??
|inactive|artlavgc has 15 seconds left.
|inactive|Luzeleah has 15 seconds left.
|c|Ōśåartlavgc|that would be insane
|inactive|artlavgc has 10 seconds left.
|
|t:|1756816680
|move|p1b: Ninetales|Protect|p1b: Ninetales
|-singleturn|p1b: Ninetales|Protect
|move|p2a: beatrice|Low Kick|p1a: Kingambit
|-supereffective|p1a: Kingambit
|-damage|p1a: Kingambit|0 fnt
|faint|p1a: Kingambit
|move|p2b: nya :3|Flare Blitz|p1b: Ninetales
|-activate|p1b: Ninetales|move: Protect
|
|-weather|Snowscape|[upkeep]
|upkeep
|turn|7
|c|ŌśåLuzeleah|im gonna try at least lol
|c|Ōśåartlavgc|whoops
|c|ŌśåLuzeleah|its probably not gonna come to manyt matches
|c|Ōśåartlavgc|i forgor to go tera flying
|c|ŌśåLuzeleah|oops
|inactive|artlavgc has 30 seconds left.
|c|Ōśåartlavgc|ggs
|c|ŌśåLuzeleah|ggs
|c|Ōśåartlavgc|was a fun game!
|c|ŌśåLuzeleah|for sure :D
|
|t:|1756816715
|-terastallize|p1b: Ninetales|Water
|move|p1b: Ninetales|Freeze-Dry|p2a: beatrice
|-supereffective|p2a: beatrice
|-damage|p2a: beatrice|0 fnt
|faint|p2a: beatrice
|move|p2b: nya :3|Flare Blitz|p1b: Ninetales
|-resisted|p1b: Ninetales
|-damage|p1b: Ninetales|72/100
|-damage|p2b: nya :3|92/100|[from] Recoil
|
|-weather|Snowscape|[upkeep]
|upkeep
|turn|8
|
|t:|1756816723
|move|p1b: Ninetales|Aurora Veil|p1b: Ninetales
|-sidestart|p1: artlavgc|move: Aurora Veil
|move|p2b: nya :3|Knock Off|p1b: Ninetales
|-damage|p1b: Ninetales|42/100
|-enditem|p1b: Ninetales|Covert Cloak|[from] move: Knock Off|[of] p2b: nya :3
|
|-weather|Snowscape|[upkeep]
|upkeep
|turn|9
|
|t:|1756816729
|move|p1b: Ninetales|Blizzard|p2b: nya :3
|-resisted|p2b: nya :3
|-damage|p2b: nya :3|76/100
|move|p2b: nya :3|Knock Off|p1b: Ninetales
|-damage|p1b: Ninetales|22/100
|
|-weather|Snowscape|[upkeep]
|upkeep
|turn|10
|c|Ōśåartlavgc|freeze
|c|Ōśåartlavgc|freeze
|c|Ōśåartlavgc|freeze
|c|Ōśåartlavgc|dang
|
|t:|1756816737
|move|p1b: Ninetales|Blizzard|p2b: nya :3
|-resisted|p2b: nya :3
|-damage|p2b: nya :3|60/100
|move|p2b: nya :3|Knock Off|p1b: Ninetales
|-damage|p1b: Ninetales|2/100
|
|-weather|none
|upkeep
|turn|11
|c|ŌśåLuzeleah|lol rip
|
|t:|1756816747
|move|p1b: Ninetales|Blizzard|p2b: nya :3|[miss]
|-miss|p1b: Ninetales|p2b: nya :3
|move|p2b: nya :3|Flare Blitz|p1b: Ninetales
|-resisted|p1b: Ninetales
|-damage|p1b: Ninetales|0 fnt
|faint|p1b: Ninetales
|-damage|p2b: nya :3|59/100|[from] Recoil
|
|win|Luzeleah
|raw|artlavgc's rating: 1096 → 1070(-26 for losing)
|raw|Luzeleah's rating: 1079 → 1109(+30 for winning)
|c|Ōśåartlavgc|ggs!
|c|ŌśåLuzeleah|ggs!!
|c|Ōśåartlavgc|r u on discortd
|c|Ōśåartlavgc|?
|c|ŌśåLuzeleah|i am
|c|Ōśåartlavgc|maybe we can talk at frankfurt about pewpi
|c|ŌśåLuzeleah|sure, you going too then?
|c|Ōśåartlavgc|sure
|c|ŌśåLuzeleah|niceee
|c|Ōśåartlavgc|im bringing gliscorrrr
|l| redsobased
|c|ŌśåLuzeleah|oooo fun
|c|Ōśåartlavgc|im playtesting rn
|c|ŌśåLuzeleah|we both got something unique
|c|Ōśåartlavgc|pewpi = gliscor lmao
|c|ŌśåLuzeleah|basically same thing :P
|c|Ōśåartlavgc|u r basically goijng in with 5 xD
|c|Ōśåartlavgc|anyway artla7577 if you want to add me
|c|ŌśåLuzeleah|spewpa could work in some matchups im sure
|c|Ōśåartlavgc|gotta go now, good luck on you other games!
|c|ŌśåLuzeleah|alrighty ill send
|l|Ōśåartlavgc
|player|p1|
|c|ŌśåLuzeleah|ty, you too :D
