|j|☆Nonna_Cesarina
|j|☆sguarracriaturi
|html|Nonna_Cesarinasguarracriaturi    
|uhtml|bestof|Game 2 of a best-of-3
|t:|1756380974
|gametype|doubles
|player|p1|Nonna_Cesarina|swimmer|1177
|player|p2|sguarracriaturi|266|1109
|gen|9
|tier|[Gen 9] VGC 2025 Reg H (Bo3)
|rated|
|rule|Species Clause: Limit one of each Pokémon
|rule|Item Clause: Limit 1 of each item
|clearpoke
|poke|p1|Indeedee-F, L50, F|
|poke|p1|Hatterene, L50, F|
|poke|p1|Gallade, L50, M|
|poke|p1|Ursaluna, L50, M|
|poke|p1|Torkoal, L50, M|
|poke|p1|Charizard, L50, M|
|poke|p2|Ursaluna, L50, F|
|poke|p2|Gholdengo, L50|
|poke|p2|Porygon2, L50|
|poke|p2|Amoonguss, L50, M|
|poke|p2|Incineroar, L50, F|
|poke|p2|Hydreigon, L50, M|
|teampreview|4
|showteam|p1|Indeedee-F||PsychicSeed|PsychicSurge|TrickRoom,FollowMe,HelpingHand,Psychic|||F|||50|,,,,,Grass]Hatterene||LifeOrb|MagicBounce|ExpandingForce,TrickRoom,DazzlingGleam,Protect|||F|||50|,,,,,Fire]Gallade||ClearAmulet|Sharpness|PsychoCut,TrickRoom,SacredSword,WideGuard|||M|||50|,,,,,Grass]Ursaluna||FlameOrb|Guts|HeadlongRush,Facade,Earthquake,Protect|||M|||50|,,,,,Ghost]Torkoal||Charcoal|Drought|Eruption,HeatWave,WeatherBall,HelpingHand|||M|||50|,,,,,Fire]Charizard||ChoiceScarf|SolarPower|HeatWave,Overheat,AirSlash,DragonPulse|||M|||50|,,,,,Fire
|showteam|p2|Ursaluna||FlameOrb|Guts|Facade,Earthquake,HeadlongRush,Protect|||F|||50|,,,,,Fairy]Gholdengo||MetalCoat|GoodasGold|MakeItRain,ShadowBall,NastyPlot,Protect||||||50|,,,,,Flying]Porygon2||Eviolite|Download|TeraBlast,IceBeam,TrickRoom,Recover||||||50|,,,,,Fighting]Amoonguss||CovertCloak|Regenerator|PollenPuff,Spore,RagePowder,Protect|||M|||50|,,,,,Fire]Incineroar||SitrusBerry|Intimidate|FlareBlitz,KnockOff,PartingShot,FakeOut|||F|||50|,,,,,Grass]Hydreigon||SafetyGoggles|Levitate|DracoMeteor,Snarl,Tailwind,Protect|||M|||50|,,,,,Ghost
|inactive|Battle timer is ON: inactive players will automatically lose when time's up. (requested by sguarracriaturi)
|
|t:|1756380991
|teamsize|p1|4
|teamsize|p2|4
|start
|switch|p1a: Indeedee|Indeedee-F, L50, F|100/100
|switch|p1b: Gallade|Gallade, L50, M|100/100
|switch|p2a: Gholdengo|Gholdengo, L50|100/100
|switch|p2b: Hydreigon|Hydreigon, L50, M|100/100
|-fieldstart|move: Psychic Terrain|[from] ability: Psychic Surge|[of] p1a: Indeedee
|-enditem|p1a: Indeedee|Psychic Seed
|-boost|p1a: Indeedee|spd|1|[from] item: Psychic Seed
|turn|1
|
|t:|1756381015
|move|p2b: Hydreigon|Draco Meteor|p1b: Gallade
|-damage|p1b: Gallade|43/100
|-unboost|p2b: Hydreigon|spa|2
|move|p2a: Gholdengo|Make It Rain|p1a: Indeedee|[spread] p1a,p1b
|-damage|p1a: Indeedee|59/100
|-damage|p1b: Gallade|0 fnt
|-unboost|p2a: Gholdengo|spa|1
|faint|p1b: Gallade
|move|p1a: Indeedee|Trick Room|p1a: Indeedee
|-fieldstart|move: Trick Room|[of] p1a: Indeedee
|
|upkeep
|
|t:|1756381028
|switch|p1b: Torkoal|Torkoal, L50, M|100/100
|-weather|SunnyDay|[from] ability: Drought|[of] p1b: Torkoal
|turn|2
|
|t:|1756381050
|-terastallize|p1b: Torkoal|Fire
|move|p1a: Indeedee|Helping Hand|p1b: Torkoal
|-singleturn|p1b: Torkoal|Helping Hand|[of] p1a: Indeedee
|move|p2b: Hydreigon|Protect|p2b: Hydreigon
|-singleturn|p2b: Hydreigon|Protect
|move|p1b: Torkoal|Eruption|p2b: Hydreigon|[spread] p2a
|-activate|p2b: Hydreigon|move: Protect
|-supereffective|p2a: Gholdengo
|-damage|p2a: Gholdengo|0 fnt
|faint|p2a: Gholdengo
|
|-weather|SunnyDay|[upkeep]
|upkeep
|
|t:|1756381052
|switch|p2a: Incineroar|Incineroar, L50, F|100/100
|-ability|p2a: Incineroar|Intimidate|boost
|-unboost|p1a: Indeedee|atk|1
|-unboost|p1b: Torkoal|atk|1
|turn|3
|
|t:|1756381068
|move|p1a: Indeedee|Helping Hand|p1b: Torkoal
|-singleturn|p1b: Torkoal|Helping Hand|[of] p1a: Indeedee
|move|p1b: Torkoal|Eruption|p2a: Incineroar|[spread] p2a,p2b
|-resisted|p2a: Incineroar
|-resisted|p2b: Hydreigon
|-damage|p2a: Incineroar|17/100
|-damage|p2b: Hydreigon|10/100
|-enditem|p2a: Incineroar|Sitrus Berry|[eat]
|-heal|p2a: Incineroar|42/100|[from] item: Sitrus Berry
|move|p2a: Incineroar|Parting Shot|p1b: Torkoal
|-unboost|p1b: Torkoal|atk|1
|-unboost|p1b: Torkoal|spa|1
|
|t:|1756381078
|switch|p2a: Ursaluna|Ursaluna, L50, F|100/100|[from] Parting Shot
|move|p2b: Hydreigon|Snarl|p1b: Torkoal|[spread] p1a,p1b
|-supereffective|p1a: Indeedee
|-damage|p1a: Indeedee|46/100
|-damage|p1b: Torkoal|85/100
|-unboost|p1a: Indeedee|spa|1
|-unboost|p1b: Torkoal|spa|1
|
|-weather|SunnyDay|[upkeep]
|-status|p2a: Ursaluna|brn|[from] item: Flame Orb
|upkeep
|turn|4
|inactive|sguarracriaturi has 30 seconds left.
|inactive|sguarracriaturi has 20 seconds left.
|inactive|sguarracriaturi has 15 seconds left.
|inactive|sguarracriaturi has 10 seconds left.
|
|t:|1756381126
|switch|p2b: Incineroar|Incineroar, L50, F|42/100
|-ability|p2b: Incineroar|Intimidate|boost
|-unboost|p1a: Indeedee|atk|1
|-unboost|p1b: Torkoal|atk|1
|move|p1a: Indeedee|Helping Hand|p1b: Torkoal
|-singleturn|p1b: Torkoal|Helping Hand|[of] p1a: Indeedee
|move|p2a: Ursaluna|Protect|p2a: Ursaluna
|-singleturn|p2a: Ursaluna|Protect
|move|p1b: Torkoal|Eruption|p2b: Incineroar|[spread] p2b
|-activate|p2a: Ursaluna|move: Protect
|-resisted|p2b: Incineroar
|-damage|p2b: Incineroar|5/100
|
|-weather|SunnyDay|[upkeep]
|-damage|p2a: Ursaluna|95/100 brn|[from] brn
|upkeep
|turn|5
|inactive|sguarracriaturi has 30 seconds left.
|
|t:|1756381159
|move|p1a: Indeedee|Helping Hand|p1b: Torkoal
|-singleturn|p1b: Torkoal|Helping Hand|[of] p1a: Indeedee
|move|p1b: Torkoal|Eruption|p2a: Ursaluna|[spread] p2a,p2b
|-resisted|p2b: Incineroar
|-damage|p2a: Ursaluna|24/100 brn
|-damage|p2b: Incineroar|0 fnt
|faint|p2b: Incineroar
|move|p2a: Ursaluna|Earthquake|p1a: Indeedee|[spread] p1a,p1b
|-supereffective|p1b: Torkoal
|-crit|p1b: Torkoal
|-damage|p1a: Indeedee|0 fnt
|-damage|p1b: Torkoal|0 fnt
|faint|p1a: Indeedee
|faint|p1b: Torkoal
|
|-weather|SunnyDay|[upkeep]
|-damage|p2a: Ursaluna|18/100 brn|[from] brn
|-fieldend|move: Trick Room
|-fieldend|move: Psychic Terrain
|upkeep
|
|t:|1756381169
|switch|p2b: Hydreigon|Hydreigon, L50, M|10/100
|switch|p1b: Charizard|Charizard, L50, M|100/100
|turn|6
|
|t:|1756381183
|move|p1b: Charizard|Heat Wave|p2a: Ursaluna|[spread] p2a,p2b
|-resisted|p2b: Hydreigon
|-damage|p2a: Ursaluna|0 fnt
|-damage|p2b: Hydreigon|0 fnt
|faint|p2a: Ursaluna
|faint|p2b: Hydreigon
|
|win|Nonna_Cesarina
|raw|Nonna_Cesarina's rating: 1177 → 1197(+20 for winning)
|raw|sguarracriaturi's rating: 1109 → 1089(-20 for losing)
|l|☆Nonna_Cesarina
|player|p1|
