|j|☆TimmytheGlueEater
|j|☆FeelTheIceBro
|html|TimmytheGlueEaterFeelTheIceBro    
|uhtml|bestof|Game 1 of a best-of-3
|t:|1757787866
|gametype|doubles
|player|p1|TimmytheGlueEater|265|1414
|player|p2|FeelTheIceBro|2|1303
|gen|9
|tier|[Gen 9] VGC 2025 Reg H (Bo3)
|rated|
|rule|Species Clause: Limit one of each Pokémon
|rule|Item Clause: Limit 1 of each item
|clearpoke
|poke|p1|Ninetales-Alola, L50, M|
|poke|p1|Archaludon, L50, F|
|poke|p1|Dondozo, L50, M|
|poke|p1|Tatsugiri, L50, M|
|poke|p1|Indeedee, L50, M|
|poke|p1|Sneasler, L50, F|
|poke|p2|Kingambit, L50, F|
|poke|p2|Rillaboom, L50, F|
|poke|p2|Ninetales-Alola, L50, M|
|poke|p2|Electabuzz, L50, F|
|poke|p2|Blaziken, L50, F|
|poke|p2|Dondozo, L50, M|
|teampreview|4
|showteam|p1|Ninetales-Alola||CovertCloak|SnowWarning|Blizzard,IcyWind,AuroraVeil,Encore|||M|||50|,,,,,Ice]Archaludon||PowerHerb|Sturdy|ElectroShot,DragonPulse,Thunderbolt,Protect|||F|||50|,,,,,Electric]Dondozo||Leftovers|Unaware|WaveCrash,Earthquake,OrderUp,Protect|||M|||50|,,,,,Grass]Tatsugiri||SafetyGoggles|Commander|DracoMeteor,MuddyWater,Taunt,Protect|||M|||50|,,,,,Ghost]Indeedee||FocusSash|PsychicSurge|ExpandingForce,Imprison,TrickRoom,Protect|||M|||50|,,,,,Psychic]Sneasler||PsychicSeed|Unburden|CloseCombat,DireClaw,ThroatChop,Protect|||F|||50|,,,,,Dark
|showteam|p2|Kingambit||BlackGlasses|Defiant|KowtowCleave,SuckerPunch,SwordsDance,Protect|||F|||50|,,,,,Dark]Rillaboom||AssaultVest|GrassySurge|WoodHammer,GrassyGlide,Uturn,FakeOut|||F|||50|,,,,,Fire]Ninetales-Alola||FocusSash|SnowWarning|Blizzard,FreezeDry,Encore,Protect|||M|||50|,,,,,Ghost]Electabuzz||Eviolite|VitalSpirit|Electroweb,Taunt,FollowMe,Protect|||F|||50|,,,,,Dragon]Blaziken||LifeOrb|SpeedBoost|HeatWave,AuraSphere,Coaching,Protect|||F|||50|,,,,,Stellar]Dondozo||Leftovers|Unaware|Liquidation,Fissure,Yawn,Protect|||M|||50|,,,,,Poison
|inactive|Battle timer is ON: inactive players will automatically lose when time's up. (requested by TimmytheGlueEater)
|inactive|FeelTheIceBro has 60 seconds left.
|
|t:|1757787909
|teamsize|p1|4
|teamsize|p2|4
|start
|switch|p1a: Ninetales|Ninetales-Alola, L50, M|100/100
|switch|p1b: Archaludon|Archaludon, L50, F|100/100
|switch|p2a: Kingambit|Kingambit, L50, F|100/100
|switch|p2b: Electabuzz|Electabuzz, L50, F|100/100
|-weather|Snowscape|[from] ability: Snow Warning|[of] p1a: Ninetales
|turn|1
|
|t:|1757787932
|move|p1a: Ninetales|Aurora Veil|p1a: Ninetales
|-sidestart|p1: TimmytheGlueEater|move: Aurora Veil
|move|p2b: Electabuzz|Electroweb|p1a: Ninetales|[spread] p1a,p1b
|-resisted|p1b: Archaludon
|-damage|p1a: Ninetales|89/100
|-damage|p1b: Archaludon|94/100
|-unboost|p1b: Archaludon|spe|1
|move|p1b: Archaludon|Electro Shot||[still]
|-prepare|p1b: Archaludon|Electro Shot
|-boost|p1b: Archaludon|spa|1
|-enditem|p1b: Archaludon|Power Herb
|-anim|p1b: Archaludon|Electro Shot|p2a: Kingambit
|-damage|p2a: Kingambit|26/100
|move|p2a: Kingambit|Swords Dance|p2a: Kingambit
|-boost|p2a: Kingambit|atk|2
|
|-weather|Snowscape|[upkeep]
|upkeep
|turn|2
|
|t:|1757787954
|move|p2b: Electabuzz|Follow Me|p2b: Electabuzz
|-singleturn|p2b: Electabuzz|move: Follow Me
|move|p1a: Ninetales|Encore|p2b: Electabuzz
|-start|p2b: Electabuzz|Encore
|move|p1b: Archaludon|Dragon Pulse|p2b: Electabuzz
|-damage|p2b: Electabuzz|47/100
|move|p2a: Kingambit|Kowtow Cleave|p1b: Archaludon
|-damage|p1b: Archaludon|24/100
|
|-weather|Snowscape|[upkeep]
|upkeep
|turn|3
|
|t:|1757787972
|move|p2b: Electabuzz|Follow Me|p2b: Electabuzz
|-singleturn|p2b: Electabuzz|move: Follow Me
|move|p2a: Kingambit|Sucker Punch|p1b: Archaludon
|-damage|p1b: Archaludon|0 fnt
|faint|p1b: Archaludon
|move|p1a: Ninetales|Blizzard|p2a: Kingambit|[spread] p2a,p2b
|-resisted|p2a: Kingambit
|-damage|p2a: Kingambit|10/100
|-damage|p2b: Electabuzz|21/100
|
|-weather|Snowscape|[upkeep]
|upkeep
|
|t:|1757787983
|switch|p1b: Indeedee|Indeedee, L50, M|100/100
|-fieldstart|move: Psychic Terrain|[from] ability: Psychic Surge|[of] p1b: Indeedee
|turn|4
|
|t:|1757787993
|switch|p1b: Sneasler|Sneasler, L50, F|100/100
|-enditem|p1b: Sneasler|Psychic Seed
|-boost|p1b: Sneasler|spd|1|[from] item: Psychic Seed
|move|p2a: Kingambit|Protect|p2a: Kingambit
|-singleturn|p2a: Kingambit|Protect
|move|p2b: Electabuzz|Follow Me|p2b: Electabuzz
|-singleturn|p2b: Electabuzz|move: Follow Me
|move|p1a: Ninetales|Blizzard|p2a: Kingambit|[spread] p2b
|-activate|p2a: Kingambit|move: Protect
|-damage|p2b: Electabuzz|0 fnt
|faint|p2b: Electabuzz
|
|-weather|Snowscape|[upkeep]
|upkeep
|
|t:|1757787999
|switch|p2b: Dondozo|Dondozo, L50, M, shiny|100/100
|turn|5
|
|t:|1757788019
|switch|p2b: Rillaboom|Rillaboom, L50, F|100/100
|-fieldstart|move: Grassy Terrain|[from] ability: Grassy Surge|[of] p2b: Rillaboom
|-terastallize|p2a: Kingambit|Dark
|move|p2a: Kingambit|Sucker Punch|p1b: Sneasler
|-resisted|p1b: Sneasler
|-damage|p1b: Sneasler|25/100
|move|p1b: Sneasler|Dire Claw|p2b: Rillaboom
|-supereffective|p2b: Rillaboom
|-damage|p2b: Rillaboom|14/100
|move|p1a: Ninetales|Blizzard|p2b: Rillaboom|[spread] p2a,p2b
|-supereffective|p2b: Rillaboom
|-damage|p2a: Kingambit|0 fnt
|-damage|p2b: Rillaboom|0 fnt
|faint|p2a: Kingambit
|faint|p2b: Rillaboom
|
|-weather|none
|-heal|p1b: Sneasler|31/100|[from] Grassy Terrain
|-heal|p1a: Ninetales|95/100|[from] Grassy Terrain
|-sideend|p1: TimmytheGlueEater|move: Aurora Veil
|upkeep
|
|t:|1757788028
|switch|p2a: Dondozo|Dondozo, L50, M, shiny|100/100
|turn|6
|-message|FeelTheIceBro forfeited.
|
|win|TimmytheGlueEater
||FeelTheIceBro is ready for game 2.
||TimmytheGlueEater is ready for game 2.
|uhtml|next|Next: Game 2 of 3
