|j|☆bignucks
|j|☆Masi_912
|html|bignucksMasi_912    
|uhtml|bestof|Game 2 of a best-of-3
|t:|1756575432
|gametype|doubles
|player|p1|bignucks|cheren|1060
|player|p2|Masi_912|1|1042
|gen|9
|tier|[Gen 9] VGC 2025 Reg H (Bo3)
|rated|
|rule|Species Clause: Limit one of each Pokémon
|rule|Item Clause: Limit 1 of each item
|clearpoke
|poke|p1|Gliscor, L50, M|
|poke|p1|Sneasler, L50, F|
|poke|p1|Rillaboom, L50, F|
|poke|p1|Gholdengo, L50|
|poke|p1|Incineroar, L50, M|
|poke|p1|Dragapult, L50, M|
|poke|p2|Kingdra, L50, M|
|poke|p2|Politoed, L50, M|
|poke|p2|Ninetales, L50, F|
|poke|p2|Zoroark-Hisui, L50, M|
|poke|p2|Arboliva, L50, F|
|poke|p2|Porygon2, L50|
|teampreview|4
|showteam|p1|Gliscor||ToxicOrb|PoisonHeal|HighHorsepower,DualWingbeat,SwordsDance,Protect|||M|||50|,,,,,Steel]Sneasler||FocusSash|Unburden|DireClaw,CloseCombat,Coaching,Protect|||F|||50|,,,,,Stellar]Rillaboom||AssaultVest|GrassySurge|FakeOut,GrassyGlide,WoodHammer,Uturn|||F|||50|,,,,,Poison]Gholdengo||ChoiceSpecs|GoodasGold|MakeItRain,ShadowBall,DazzlingGleam,PowerGem||||||50|,,,,,Fairy]Incineroar||SafetyGoggles|Intimidate|FakeOut,PartingShot,KnockOff,FlareBlitz|||M|||50|,,,,,Ghost]Dragapult||ChoiceBand|ClearBody|DragonDarts,PhantomForce,PsychicFangs,Uturn|||M|||50|,,,,,Dragon
|showteam|p2|Kingdra||LifeOrb|SwiftSwim|WeatherBall,Surf,DracoMeteor,Protect|||M|||50|,,,,,Stellar]Politoed||AssaultVest|Drizzle|MuddyWater,WeatherBall,IceBeam,MudShot|||M|||50|,,,,,Water]Ninetales||AdrenalineOrb|Drought|HeatWave,CalmMind,BatonPass,Protect|||F|||50|,,,,,Grass]Zoroark-Hisui||SilkScarf|Illusion|HyperVoice,ShadowBall,NastyPlot,Substitute|||M|||50|,,,,,Normal]Arboliva||SitrusBerry|SeedSower|HyperVoice,EnergyBall,WeatherBall,Protect|||F|||50|,,,,,Poison]Porygon2||Eviolite|Download|TeraBlast,Substitute,TrickRoom,Recover||||||50|,,,,,Fighting
|
|t:|1756575456
|teamsize|p1|4
|teamsize|p2|4
|start
|switch|p1a: Gholdengo|Gholdengo, L50|100/100
|switch|p1b: Dragapult|Dragapult, L50, M, shiny|100/100
|switch|p2a: Shiryu|Kingdra, L50, M, shiny|100/100
|switch|p2b: Pepe|Politoed, L50, M|100/100
|-weather|RainDance|[from] ability: Drizzle|[of] p2b: Pepe
|turn|1
|
|t:|1756575496
|switch|p1b: Rillaboom|Rillaboom, L50, F|100/100
|-fieldstart|move: Grassy Terrain|[from] ability: Grassy Surge|[of] p1b: Rillaboom
|-terastallize|p2a: Shiryu|Stellar
|-terastallize|p1a: Gholdengo|Fairy
|move|p2a: Shiryu|Surf|p1b: Rillaboom|[spread] p2b,p1a,p1b
|-resisted|p2b: Pepe
|-resisted|p1b: Rillaboom
|-damage|p2b: Pepe|78/100
|-damage|p1a: Gholdengo|8/100
|-damage|p1b: Rillaboom|74/100
|-damage|p2a: Shiryu|91/100|[from] item: Life Orb
|move|p1a: Gholdengo|Dazzling Gleam|p2b: Pepe|[spread] p2a,p2b
|-supereffective|p2a: Shiryu
|-damage|p2a: Shiryu|0 fnt
|-damage|p2b: Pepe|54/100
|faint|p2a: Shiryu
|move|p2b: Pepe|Muddy Water|p1a: Gholdengo|[spread] p1b
|-miss|p2b: Pepe|p1a: Gholdengo
|-resisted|p1b: Rillaboom
|-damage|p1b: Rillaboom|61/100
|
|-weather|RainDance|[upkeep]
|-heal|p1a: Gholdengo|14/100|[from] Grassy Terrain
|-heal|p1b: Rillaboom|67/100|[from] Grassy Terrain
|-heal|p2b: Pepe|60/100|[from] Grassy Terrain
|upkeep
|
|t:|1756575523
|switch|p2a: SSD M.2|Porygon2, L50|100/100
|turn|2
|
|t:|1756575538
|move|p1b: Rillaboom|Grassy Glide|p2b: Pepe
|-supereffective|p2b: Pepe
|-damage|p2b: Pepe|0 fnt
|faint|p2b: Pepe
|move|p2a: SSD M.2|Substitute|p2a: SSD M.2
|-start|p2a: SSD M.2|Substitute
|-damage|p2a: SSD M.2|76/100
|move|p1a: Gholdengo|Dazzling Gleam|p2a: SSD M.2
|-end|p2a: SSD M.2|Substitute
|
|-weather|RainDance|[upkeep]
|-heal|p2a: SSD M.2|82/100|[from] Grassy Terrain
|-heal|p1a: Gholdengo|20/100|[from] Grassy Terrain
|-heal|p1b: Rillaboom|73/100|[from] Grassy Terrain
|upkeep
|
|t:|1756575544
|switch|p2b: SSD M.2|Porygon2, L50|100/100
|-ability|p2b: SSD M.2|Download|boost
|-boost|p2b: SSD M.2|spa|1
|turn|3
|
|t:|1756575578
|move|p2a: SSD M.2|Hyper Voice|p1b: Rillaboom|[spread] p1a,p1b
|-damage|p1a: Gholdengo|0 fnt
|-damage|p1b: Rillaboom|48/100
|faint|p1a: Gholdengo
|move|p1b: Rillaboom|Wood Hammer|p2b: SSD M.2
|-damage|p2b: SSD M.2|49/100
|-damage|p1b: Rillaboom|32/100|[from] Recoil
|move|p2b: SSD M.2|Substitute|p2b: SSD M.2
|-start|p2b: SSD M.2|Substitute
|-damage|p2b: SSD M.2|24/100
|
|-weather|RainDance|[upkeep]
|-heal|p2a: SSD M.2|88/100|[from] Grassy Terrain
|-heal|p1b: Rillaboom|38/100|[from] Grassy Terrain
|-heal|p2b: SSD M.2|30/100|[from] Grassy Terrain
|upkeep
|
|t:|1756575590
|switch|p1a: Dragapult|Dragapult, L50, M, shiny|100/100
|turn|4
|
|t:|1756575616
|move|p1b: Rillaboom|Grassy Glide|p2b: SSD M.2
|-activate|p2b: SSD M.2|move: Substitute|[damage]
|move|p1a: Dragapult|Dragon Darts|p2a: SSD M.2
|-damage|p2a: SSD M.2|2/100
|replace|p2a: GOAT|Zoroark-Hisui, L50, M, shiny
|-end|p2a: GOAT|Illusion
|-anim|p1a: Dragapult|Dragon Darts|p2b: SSD M.2
|-end|p2b: SSD M.2|Substitute
|move|p2a: GOAT|Shadow Ball|p1a: Dragapult
|-supereffective|p1a: Dragapult
|-damage|p1a: Dragapult|0 fnt
|faint|p1a: Dragapult
|move|p2b: SSD M.2|Tera Blast|p1b: Rillaboom
|-damage|p1b: Rillaboom|6/100
|
|-weather|RainDance|[upkeep]
|-heal|p2a: GOAT|8/100|[from] Grassy Terrain
|-heal|p1b: Rillaboom|12/100|[from] Grassy Terrain
|-heal|p2b: SSD M.2|36/100|[from] Grassy Terrain
|upkeep
|
|t:|1756575633
|switch|p1a: Sneasler|Sneasler, L50, F|100/100
|turn|5
|
|t:|1756575640
|move|p1b: Rillaboom|Grassy Glide|p2a: GOAT
|-damage|p2a: GOAT|0 fnt
|faint|p2a: GOAT
|move|p1a: Sneasler|Close Combat|p2b: SSD M.2
|-supereffective|p2b: SSD M.2
|-damage|p2b: SSD M.2|0 fnt
|-unboost|p1a: Sneasler|def|1
|-unboost|p1a: Sneasler|spd|1
|faint|p2b: SSD M.2
|
|win|bignucks
|raw|bignucks's rating: 1060 → 1089(+29 for winning)
|raw|Masi_912's rating: 1042 → 1027(-15 for losing)
|c|☆Masi_912|gg
|c|☆bignucks|gg
|l|☆bignucks
|player|p1|
|l|☆Masi_912
|player|p2|
|j|☆Masi_912
|player|p2|Masi_912|1|
