|j|☆p1ch1pichi
|j|☆narutothe19
|html|p1ch1pichinarutothe19    
|uhtml|bestof|Game 3 of a best-of-3
|t:|1785145512
|gametype|doubles
|player|p1|p1ch1pichi|n|1108
|player|p2|narutothe19|bellelba|1000
|gen|9
|tier|[Gen 9 Champions] VGC 2026 Reg M-B (Bo3)
|rated|
|rule|Species Clause: Limit one of each Pokémon
|rule|Item Clause: Limit 1 of each item
|clearpoke
|poke|p1|Raichu, L50, M, shiny|
|poke|p1|Meganium, L50, M, shiny|
|poke|p1|Pelipper, L50, M|
|poke|p1|Archaludon, L50, M|
|poke|p1|Sableye, L50, M|
|poke|p1|Basculegion, L50, M|
|poke|p2|Staraptor, L50, F|
|poke|p2|Tyranitar, L50, F|
|poke|p2|Gholdengo, L50|
|poke|p2|Milotic, L50, F|
|poke|p2|Sinistcha, L50|
|poke|p2|Excadrill, L50, M|
|teampreview|4
|showteam|p1|Raichu||RaichuniteX|LightningRod|Protect,FakeOut,VoltSwitch,RisingVoltage|Timid||M|||50|]Meganium||Meganiumite|Overgrow|Protect,SolarBeam,WeatherBall,DazzlingGleam|Modest||M|||50|]Pelipper||FocusSash|Drizzle|Soak,Tailwind,Hurricane,WeatherBall|Timid||M|||50|]Archaludon||Leftovers|Stamina|ElectroShot,AuraSphere,DracoMeteor,Protect|Modest||M|||50|]Sableye||RoseliBerry|Prankster|Quash,Reflect,LightScreen,RainDance|Bold||M|||50|]Basculegion||ChoiceScarf|Adaptability|FlipTurn,WaveCrash,AquaJet,LastRespects|Jolly||M|||50|
|showteam|p2|Staraptor||Staraptite|Intimidate|CloseCombat,BraveBird,Protect,Tailwind|Jolly||F|||50|]Tyranitar||Tyranitarite|SandStream|KnockOff,HighHorsepower,RockSlide,Protect|Jolly||F|||50|]Gholdengo||LifeOrb|GoodasGold|MakeItRain,DazzlingGleam,Protect,NastyPlot|Modest|||||50|]Milotic||SitrusBerry|Competitive|Scald,IcyWind,Protect,Haze|Timid||F|||50|]Sinistcha||ColburBerry|Hospitality|MatchaGotcha,RagePowder,ShadowBall,Protect|Bold|||||50|]Excadrill||FocusSash|SandRush|IronHead,Earthquake,RockSlide,Protect|Jolly||M|||50|
|inactive|Battle timer is ON: inactive players will automatically lose when time's up. (requested by p1ch1pichi)
|inactive|narutothe19 also wants the timer to be on.
|
|t:|1785145531
|teamsize|p1|4
|teamsize|p2|4
|start
|switch|p1a: Hikaru|Raichu, L50, M, shiny|100/100
|switch|p1b: San Juanico|Archaludon, L50, M|100/100
|switch|p2a: Staraptor|Staraptor, L50, F|100/100
|switch|p2b: Milotic|Milotic, L50, F|100/100
|-ability|p2a: Staraptor|Intimidate|boost
|-unboost|p1a: Hikaru|atk|1
|-unboost|p1b: San Juanico|atk|1
|turn|1
|
|t:|1785145554
|detailschange|p1a: Hikaru|Raichu-Mega-X, L50, M, shiny
|-mega|p1a: Hikaru|Raichu|Raichunite X
|-fieldstart|move: Electric Terrain|[from] ability: Electric Surge|[of] p1a: Hikaru
|move|p2b: Milotic|Protect|p2b: Milotic
|-singleturn|p2b: Milotic|Protect
|move|p1a: Hikaru|Volt Switch|p2a: Staraptor
|-supereffective|p2a: Staraptor|1
|-damage|p2a: Staraptor|20/100y
|
|t:|1785145563
|switch|p1a: Inidoro|Pelipper, L50, M|100/100|[from] Volt Switch
|-weather|RainDance|[from] ability: Drizzle|[of] p1a: Inidoro
|move|p2a: Staraptor|Tailwind|p2a: Staraptor
|-sidestart|p2: narutothe19|move: Tailwind
|move|p1b: San Juanico|Electro Shot||[still]
|-prepare|p1b: San Juanico|Electro Shot
|-boost|p1b: San Juanico|spa|1
|-anim|p1b: San Juanico|Electro Shot|p2b: Milotic
|-activate|p2b: Milotic|move: Protect
|
|-weather|RainDance|[upkeep]
|upkeep
|turn|2
|
|t:|1785145587
|move|p2a: Staraptor|Close Combat|p1b: San Juanico
|-supereffective|p1b: San Juanico|1
|-damage|p1b: San Juanico|51/100
|-unboost|p2a: Staraptor|def|1
|-unboost|p2a: Staraptor|spd|1
|-ability|p1b: San Juanico|Stamina|boost
|-boost|p1b: San Juanico|def|1
|move|p2b: Milotic|Icy Wind|p1b: San Juanico|[spread] p1a
|-miss|p2b: Milotic|p1b: San Juanico
|-damage|p1a: Inidoro|81/100
|-unboost|p1a: Inidoro|spe|1
|move|p1b: San Juanico|Electro Shot||[still]
|-prepare|p1b: San Juanico|Electro Shot
|-boost|p1b: San Juanico|spa|1
|-anim|p1b: San Juanico|Electro Shot|p2b: Milotic
|-supereffective|p2b: Milotic|1
|-crit|p2b: Milotic
|-damage|p2b: Milotic|0 fnt
|faint|p2b: Milotic
|move|p1a: Inidoro|Tailwind|p1a: Inidoro
|-sidestart|p1: p1ch1pichi|move: Tailwind
|
|-weather|RainDance|[upkeep]
|-heal|p1b: San Juanico|57/100|[from] item: Leftovers
|upkeep
|
|t:|1785145607
|switch|p2b: Tyranitar|Tyranitar, L50, F|100/100
|-weather|Sandstorm|[from] ability: Sand Stream|[of] p2b: Tyranitar
|turn|3
|
|t:|1785145628
|switch|p1a: High Tide|Basculegion, L50, M|100/100
|move|p2a: Staraptor|Close Combat|p1b: San Juanico
|-supereffective|p1b: San Juanico|1
|-damage|p1b: San Juanico|22/100
|-unboost|p2a: Staraptor|def|1
|-unboost|p2a: Staraptor|spd|1
|-ability|p1b: San Juanico|Stamina|boost
|-boost|p1b: San Juanico|def|1
|move|p2b: Tyranitar|Rock Slide|p1b: San Juanico|[spread] p1a,p1b
|-resisted|p1b: San Juanico|1
|-damage|p1a: High Tide|63/100
|-damage|p1b: San Juanico|18/100
|-ability|p1b: San Juanico|Stamina|boost
|-boost|p1b: San Juanico|def|1
|cant|p1b: San Juanico|flinch
|
|-weather|Sandstorm|[upkeep]
|-damage|p1a: High Tide|57/100|[from] Sandstorm
|-damage|p2a: Staraptor|14/100|[from] Sandstorm
|-heal|p1b: San Juanico|24/100|[from] item: Leftovers
|upkeep
|turn|4
|
|t:|1785145651
|move|p1b: San Juanico|Protect|p1b: San Juanico
|-singleturn|p1b: San Juanico|Protect
|move|p1a: High Tide|Flip Turn|p2b: Tyranitar
|-supereffective|p2b: Tyranitar|1
|-damage|p2b: Tyranitar|27/100
|
|t:|1785145659
|switch|p1a: Hikaru|Raichu-Mega-X, L50, M, shiny|100/100|[from] Flip Turn
|move|p2a: Staraptor|Close Combat|p1b: San Juanico
|-activate|p1b: San Juanico|move: Protect
|move|p2b: Tyranitar|Knock Off|p1a: Hikaru
|-damage|p1a: Hikaru|69/100
|
|-weather|Sandstorm|[upkeep]
|-damage|p1a: Hikaru|63/100|[from] Sandstorm
|-damage|p2a: Staraptor|8/100|[from] Sandstorm
|-heal|p1b: San Juanico|30/100|[from] item: Leftovers
|-sideend|p2: narutothe19|move: Tailwind
|upkeep
|turn|5
|
|t:|1785145684
|move|p1a: Hikaru|Fake Out|p2a: Staraptor
|-damage|p2a: Staraptor|0 fnt
|faint|p2a: Staraptor
|move|p1b: San Juanico|Aura Sphere|p2b: Tyranitar
|-supereffective|p2b: Tyranitar|2
|-damage|p2b: Tyranitar|0 fnt
|faint|p2b: Tyranitar
|
|-weather|Sandstorm|[upkeep]
|-damage|p1a: Hikaru|57/100|[from] Sandstorm
|-heal|p1b: San Juanico|36/100|[from] item: Leftovers
|-sideend|p1: p1ch1pichi|move: Tailwind
|-fieldend|move: Electric Terrain
|upkeep
|
|t:|1785145691
|switch|p2b: Excadrill|Excadrill, L50, M|100/100
|turn|6
|
|t:|1785145703
|switch|p1a: Inidoro|Pelipper, L50, M|81/100
|-weather|RainDance|[from] ability: Drizzle|[of] p1a: Inidoro
|move|p2b: Excadrill|Rock Slide|p1a: Inidoro|[spread] p1a,p1b
|-supereffective|p1a: Inidoro|1
|-resisted|p1b: San Juanico|1
|-damage|p1a: Inidoro|24/100
|-damage|p1b: San Juanico|34/100
|-ability|p1b: San Juanico|Stamina|boost
|-boost|p1b: San Juanico|def|1
|cant|p1b: San Juanico|flinch
|
|-weather|RainDance|[upkeep]
|-heal|p1b: San Juanico|40/100|[from] item: Leftovers
|upkeep
|turn|7
|
|t:|1785145720
|move|p1b: San Juanico|Protect|p1b: San Juanico
|-singleturn|p1b: San Juanico|Protect
|move|p2b: Excadrill|Rock Slide|p1b: San Juanico|[spread] 
|-activate|p1b: San Juanico|move: Protect
|-miss|p2b: Excadrill|p1a: Inidoro
|move|p1a: Inidoro|Soak|p2b: Excadrill
|-start|p2b: Excadrill|typechange|Water
|
|-weather|RainDance|[upkeep]
|-heal|p1b: San Juanico|46/100|[from] item: Leftovers
|upkeep
|turn|8
|
|t:|1785145732
|move|p2b: Excadrill|Protect|p2b: Excadrill
|-singleturn|p2b: Excadrill|Protect
|move|p1a: Inidoro|Tailwind|p1a: Inidoro
|-sidestart|p1: p1ch1pichi|move: Tailwind
|move|p1b: San Juanico|Electro Shot||[still]
|-prepare|p1b: San Juanico|Electro Shot
|-boost|p1b: San Juanico|spa|1
|-anim|p1b: San Juanico|Electro Shot|p2b: Excadrill
|-activate|p2b: Excadrill|move: Protect
|
|-weather|RainDance|[upkeep]
|-heal|p1b: San Juanico|52/100|[from] item: Leftovers
|upkeep
|turn|9
|c|☆narutothe19|gg
|
|t:|1785145746
|switch|p1a: Hikaru|Raichu-Mega-X, L50, M, shiny|57/100
|-fieldstart|move: Electric Terrain|[from] ability: Electric Surge|[of] p1a: Hikaru
|move|p1b: San Juanico|Electro Shot||[still]
|-prepare|p1b: San Juanico|Electro Shot
|-boost|p1b: San Juanico|spa|1
|-anim|p1b: San Juanico|Electro Shot|p2b: Excadrill
|-supereffective|p2b: Excadrill|1
|-enditem|p2b: Excadrill|Focus Sash
|-damage|p2b: Excadrill|1/100
|move|p2b: Excadrill|Rock Slide|p1a: Hikaru|[spread] p1a,p1b
|-resisted|p1b: San Juanico|1
|-damage|p1a: Hikaru|37/100
|-damage|p1b: San Juanico|49/100
|-ability|p1b: San Juanico|Stamina|boost
|-boost|p1b: San Juanico|def|1
|
|-weather|RainDance|[upkeep]
|-heal|p1b: San Juanico|55/100|[from] item: Leftovers
|upkeep
|turn|10
|c|☆p1ch1pichi|ggwp
|c|☆narutothe19|man i hate rain teams they take no thought
|inactive|p1ch1pichi has 30 seconds left.
|c|☆p1ch1pichi|?? at least it's not a brain dead stall team
|c|☆p1ch1pichi|i am using my brain
|inactive|p1ch1pichi has 20 seconds left.
|
|t:|1785145786
|move|p2b: Excadrill|Protect|p2b: Excadrill
|-singleturn|p2b: Excadrill|Protect
|move|p1a: Hikaru|Fake Out|p2b: Excadrill
|-activate|p2b: Excadrill|move: Protect
|move|p1b: San Juanico|Electro Shot||[still]
|-prepare|p1b: San Juanico|Electro Shot
|-boost|p1b: San Juanico|spa|1
|-anim|p1b: San Juanico|Electro Shot|p2b: Excadrill
|-activate|p2b: Excadrill|move: Protect
|
|-weather|none
|-heal|p1b: San Juanico|61/100|[from] item: Leftovers
|upkeep
|turn|11
|c|☆narutothe19|id rather face stall then rain
|c|☆narutothe19|everyone and their grandma plats rain
|
|t:|1785145800
|move|p1a: Hikaru|Rising Voltage|p2b: Excadrill
|-hint|Rising Voltage's BP doubled on grounded target.
|-supereffective|p2b: Excadrill|1
|-damage|p2b: Excadrill|0 fnt
|faint|p2b: Excadrill
|
|win|p1ch1pichi
|raw|p1ch1pichi's rating: 1108 → 1125(+17 for winning)
|raw|narutothe19's rating: 1000 → 1000(+0 for losing)
|c|☆p1ch1pichi|just get better ig
|c|☆narutothe19|rain is js "peliper, archaludon, spam electro shot, ez win"
|c|☆narutothe19|zero iq
|l|☆narutothe19
|player|p2|
