|j|☆zweeta
|j|☆snvyy
|html|zweetasnvyy    
|uhtml|bestof|Game 2 of a best-of-3
|t:|1756648000
|gametype|doubles
|player|p1|zweeta|pokekid|1109
|player|p2|snvyy|caitlin|1034
|gen|9
|tier|[Gen 9] VGC 2025 Reg H (Bo3)
|rated|
|rule|Species Clause: Limit one of each Pokémon
|rule|Item Clause: Limit 1 of each item
|clearpoke
|poke|p1|Gholdengo, L50|
|poke|p1|Ursaluna, L50, M|
|poke|p1|Sinistcha, L50|
|poke|p1|Sneasler, L50, F|
|poke|p1|Dragonite, L50, F|
|poke|p1|Incineroar, L50, M|
|poke|p2|Indeedee, L50, M|
|poke|p2|Sneasler, L50, F|
|poke|p2|Excadrill, L50, F|
|poke|p2|Magmar, L50, F|
|poke|p2|Corviknight, L50, F|
|poke|p2|Tyranitar, L50, M|
|teampreview|4
|showteam|p1|Gholdengo||LifeOrb|GoodasGold|MakeItRain,ShadowBall,NastyPlot,Protect||||||50|,,,,,Water]Ursaluna||FlameOrb|Guts|Facade,HeadlongRush,Earthquake,Protect|||M|||50|,,,,,Ghost]Sinistcha||SitrusBerry|Hospitality|MatchaGotcha,LifeDew,RagePowder,TrickRoom||||||50|,,,,,Dark]Sneasler||FocusSash|PoisonTouch|DireClaw,CloseCombat,Coaching,Protect|||F|||50|,,,,,Flying]Dragonite||LoadedDice|Multiscale|ScaleShot,Haze,Tailwind,Protect|||F|||50|,,,,,Fairy]Incineroar||SafetyGoggles|Intimidate|FakeOut,FlareBlitz,KnockOff,PartingShot|||M|||50|,,,,,Ghost
|showteam|p2|Indeedee||ChoiceScarf|PsychicSurge|ExpandingForce,TeraBlast,Trick,Protect|||M|||50|,,,,,Psychic]Sneasler||MentalHerb|Unburden|FakeOut,CloseCombat,DireClaw,Coaching|||F|||50|,,,,,Flying]Excadrill||FocusSash|SandRush|Earthquake,IronHead,SwordsDance,Protect|||F|||50|,,,,,Ground]Magmar||Eviolite|VitalSpirit|HeatWave,FollowMe,HelpingHand,Protect|||F|||50|,,,,,Flying]Corviknight||PsychicSeed|MirrorArmor|BraveBird,PowerTrip,BulkUp,Roost|||F|||50|,,,,,Water]Tyranitar||AssaultVest|SandStream|RockSlide,KnockOff,LowKick,TeraBlast|||M|||50|,,,,,Rock
|inactive|Battle timer is ON: inactive players will automatically lose when time's up. (requested by zweeta)
|
|t:|1756648017
|teamsize|p1|4
|teamsize|p2|4
|start
|switch|p1a: Dragonite|Dragonite, L50, F, shiny|100/100
|switch|p1b: Gholdengo|Gholdengo, L50, shiny|100/100
|switch|p2a: Indeedee|Indeedee, L50, M|100/100
|switch|p2b: Corviknight|Corviknight, L50, F, shiny|100/100
|-fieldstart|move: Psychic Terrain|[from] ability: Psychic Surge|[of] p2a: Indeedee
|-enditem|p2b: Corviknight|Psychic Seed
|-boost|p2b: Corviknight|spd|1|[from] item: Psychic Seed
|turn|1
|
|t:|1756648037
|move|p1b: Gholdengo|Protect|p1b: Gholdengo
|-singleturn|p1b: Gholdengo|Protect
|move|p2a: Indeedee|Expanding Force|p1b: Gholdengo|[spread] p1a
|-activate|p1b: Gholdengo|move: Protect
|-damage|p1a: Dragonite|71/100
|move|p1a: Dragonite|Tailwind|p1a: Dragonite
|-sidestart|p1: zweeta|move: Tailwind
|move|p2b: Corviknight|Bulk Up|p2b: Corviknight
|-boost|p2b: Corviknight|atk|1
|-boost|p2b: Corviknight|def|1
|
|upkeep
|turn|2
|
|t:|1756648052
|move|p1b: Gholdengo|Nasty Plot|p1b: Gholdengo
|-boost|p1b: Gholdengo|spa|2
|move|p1a: Dragonite|Haze|p1a: Dragonite
|-clearallboost
|move|p2a: Indeedee|Expanding Force|p1b: Gholdengo|[spread] p1a,p1b
|-resisted|p1b: Gholdengo
|-damage|p1a: Dragonite|8/100
|-damage|p1b: Gholdengo|69/100
|move|p2b: Corviknight|Power Trip|p1b: Gholdengo
|-supereffective|p1b: Gholdengo
|-damage|p1b: Gholdengo|56/100
|
|upkeep
|turn|3
|c|☆zweeta|what am i even doing
|
|t:|1756648075
|switch|p2b: Excadrill|Excadrill, L50, F|100/100
|move|p1b: Gholdengo|Shadow Ball|p2b: Excadrill
|-damage|p2b: Excadrill|23/100
|-damage|p1b: Gholdengo|46/100|[from] item: Life Orb
|move|p1a: Dragonite|Scale Shot|p2a: Indeedee
|-damage|p2a: Indeedee|71/100
|-damage|p2a: Indeedee|42/100
|-damage|p2a: Indeedee|9/100
|-damage|p2a: Indeedee|0 fnt
|faint|p2a: Indeedee
|-hitcount|p2: Indeedee|4
|-unboost|p1a: Dragonite|def|1
|-boost|p1a: Dragonite|spe|1
|
|upkeep
|
|t:|1756648092
|switch|p2a: Sneasler|Sneasler, L50, F|100/100
|turn|4
|
|t:|1756648099
|move|p1a: Dragonite|Protect|p1a: Dragonite
|-singleturn|p1a: Dragonite|Protect
|move|p2a: Sneasler|Fake Out|p1a: Dragonite
|-hint|Psychic Terrain doesn't affect Pokémon immune to Ground.
|-activate|p1a: Dragonite|move: Protect
|move|p1b: Gholdengo|Make It Rain|p2a: Sneasler|[spread] p2a,p2b
|-resisted|p2b: Excadrill
|-damage|p2a: Sneasler|20/100
|-damage|p2b: Excadrill|0 fnt
|-unboost|p1b: Gholdengo|spa|1
|faint|p2b: Excadrill
|-damage|p1b: Gholdengo|37/100|[from] item: Life Orb
|
|-sideend|p1: zweeta|move: Tailwind
|upkeep
|
|t:|1756648111
|switch|p2b: Corviknight|Corviknight, L50, F, shiny|100/100
|turn|5
|
|t:|1756648122
|-terastallize|p1b: Gholdengo|Water
|move|p1a: Dragonite|Scale Shot|p2a: Sneasler
|-damage|p2a: Sneasler|0 fnt
|faint|p2a: Sneasler
|-hitcount|p2: Sneasler|1
|-unboost|p1a: Dragonite|def|1
|-boost|p1a: Dragonite|spe|1
|move|p1b: Gholdengo|Nasty Plot|p1b: Gholdengo
|-boost|p1b: Gholdengo|spa|2
|move|p2b: Corviknight|Brave Bird|p1b: Gholdengo
|-damage|p1b: Gholdengo|0 fnt
|faint|p1b: Gholdengo
|-damage|p2b: Corviknight|90/100|[from] Recoil
|
|-fieldend|move: Psychic Terrain
|upkeep
|
|t:|1756648128
|switch|p1b: Ursaluna|Ursaluna, L50, M, shiny|100/100
|turn|6
|
|t:|1756648141
|move|p1a: Dragonite|Scale Shot|p2b: Corviknight
|-resisted|p2b: Corviknight
|-damage|p2b: Corviknight|84/100
|-resisted|p2b: Corviknight
|-damage|p2b: Corviknight|78/100
|-resisted|p2b: Corviknight
|-damage|p2b: Corviknight|72/100
|-resisted|p2b: Corviknight
|-damage|p2b: Corviknight|66/100
|-resisted|p2b: Corviknight
|-damage|p2b: Corviknight|60/100
|-hitcount|p2b: Corviknight|5
|-unboost|p1a: Dragonite|def|1
|-boost|p1a: Dragonite|spe|1
|move|p2b: Corviknight|Power Trip|p1a: Dragonite
|-damage|p1a: Dragonite|0 fnt
|faint|p1a: Dragonite
|move|p1b: Ursaluna|Facade|p2b: Corviknight
|-resisted|p2b: Corviknight
|-damage|p2b: Corviknight|42/100
|
|-status|p1b: Ursaluna|brn|[from] item: Flame Orb
|upkeep
|
|t:|1756648152
|switch|p1a: Incineroar|Incineroar, L50, M|100/100
|-ability|p1a: Incineroar|Intimidate|boost
|-ability|p2b: Corviknight|Mirror Armor
|-unboost|p1a: Incineroar|atk|1
|turn|7
|
|t:|1756648166
|move|p1a: Incineroar|Flare Blitz|p2b: Corviknight
|-supereffective|p2b: Corviknight
|-damage|p2b: Corviknight|0 fnt
|faint|p2b: Corviknight
|-damage|p1a: Incineroar|87/100|[from] Recoil
|
|win|zweeta
|raw|zweeta's rating: 1109 → 1129(+20 for winning)
|raw|snvyy's rating: 1034 → 1022(-12 for losing)
|l|☆snvyy
|player|p2|
