|j|☆merrypasta
|j|☆Destroyer212188
|html|merrypastaDestroyer212188    
|uhtml|bestof|Game 1 of a best-of-3
|t:|1757786411
|gametype|doubles
|player|p1|merrypasta|miku-ghost|1142
|player|p2|Destroyer212188|1|1116
|gen|9
|tier|[Gen 9] VGC 2025 Reg H (Bo3)
|rated|
|rule|Species Clause: Limit one of each Pokémon
|rule|Item Clause: Limit 1 of each item
|clearpoke
|poke|p1|Garchomp, L50, F|
|poke|p1|Tyranitar, L50, F|
|poke|p1|Excadrill, L50, M|
|poke|p1|Whimsicott, L50, F|
|poke|p1|Glimmora, L50, F|
|poke|p1|Scrafty, L50, M|
|poke|p2|Gholdengo, L50|
|poke|p2|Rillaboom, L50, F|
|poke|p2|Incineroar, L50, F|
|poke|p2|Ursaluna-Bloodmoon, L50, M|
|poke|p2|Dragonite, L50, F|
|poke|p2|Clefairy, L50, F|
|teampreview|4
|showteam|p1|Garchomp||LifeOrb|SandVeil|DragonClaw,StompingTantrum,Protect,Earthquake|||F|||50|,,,,,Ground]Tyranitar||AssaultVest|SandStream|RockSlide,TeraBlast,KnockOff,LowKick|||F|||50|,,,,,Flying]Excadrill||FocusSash|SandRush|HighHorsepower,IronHead,Protect,SwordsDance|||M|||50|,,,,,Stellar]Whimsicott||CovertCloak|Prankster|Moonblast,Encore,HelpingHand,Tailwind|||F|||50|,,,,,Dark]Glimmora||PowerHerb|ToxicDebris|MeteorBeam,SludgeBomb,Protect,EarthPower|||F|||50|,,,,,Grass]Scrafty||SitrusBerry|Intimidate|CloseCombat,FakeOut,KnockOff,Coaching|||M|||50|,,,,,Poison
|showteam|p2|Gholdengo||LifeOrb|GoodasGold|MakeItRain,ShadowBall,NastyPlot,Protect||||||50|,,,,,Water]Rillaboom||MiracleSeed|GrassySurge|WoodHammer,FakeOut,Protect,GrassyGlide|||F|||50|,,,,,Fire]Incineroar||SafetyGoggles|Intimidate|FakeOut,KnockOff,Taunt,PartingShot|||F|||50|,,,,,Ghost]Ursaluna-Bloodmoon||AssaultVest|MindsEye|BloodMoon,HyperVoice,EarthPower,VacuumWave|||M|||50|,,,,,Normal]Dragonite||LoadedDice|Multiscale|ScaleShot,ExtremeSpeed,Haze,Protect|||F|||50|,,,,,Fairy]Clefairy||Eviolite|FriendGuard|FollowMe,LifeDew,HelpingHand,AfterYou|||F|||50|,,,,,Grass
|j| 2kitkat
|j| anarchyXRRR
|
|t:|1757786501
|teamsize|p1|4
|teamsize|p2|4
|start
|switch|p1a: Whimsicott|Whimsicott, L50, F|100/100
|switch|p1b: Glimmora|Glimmora, L50, F|100/100
|switch|p2a: Rillaboom|Rillaboom, L50, F|100/100
|switch|p2b: Ursaluna|Ursaluna-Bloodmoon, L50, M|100/100
|-fieldstart|move: Grassy Terrain|[from] ability: Grassy Surge|[of] p2a: Rillaboom
|turn|1
|
|t:|1757786532
|switch|p2a: Clefairy|Clefairy, L50, F|100/100
|move|p1a: Whimsicott|Tailwind|p1a: Whimsicott
|-sidestart|p1: merrypasta|move: Tailwind
|move|p1b: Glimmora|Meteor Beam||[still]
|-prepare|p1b: Glimmora|Meteor Beam
|-boost|p1b: Glimmora|spa|1
|-enditem|p1b: Glimmora|Power Herb
|-anim|p1b: Glimmora|Meteor Beam|p2a: Clefairy
|-damage|p2a: Clefairy|0 fnt
|faint|p2a: Clefairy
|move|p2b: Ursaluna|Earth Power|p1b: Glimmora
|-supereffective|p1b: Glimmora
|-damage|p1b: Glimmora|0 fnt
|faint|p1b: Glimmora
|
|upkeep
|
|t:|1757786565
|switch|p1b: Tyranitar|Tyranitar, L50, F|100/100
|switch|p2a: Rillaboom|Rillaboom, L50, F|100/100
|-weather|Sandstorm|[from] ability: Sand Stream|[of] p1b: Tyranitar
|turn|2
|
|t:|1757786592
|-terastallize|p1b: Tyranitar|Flying
|move|p2a: Rillaboom|Fake Out|p1b: Tyranitar
|-damage|p1b: Tyranitar|87/100
|move|p1a: Whimsicott|Encore|p2b: Ursaluna
|-start|p2b: Ursaluna|Encore
|cant|p1b: Tyranitar|flinch
|move|p2b: Ursaluna|Earth Power|p1b: Tyranitar
|-immune|p1b: Tyranitar
|
|-weather|Sandstorm|[upkeep]
|-damage|p1a: Whimsicott|95/100|[from] Sandstorm
|-damage|p1b: Tyranitar|82/100|[from] Sandstorm
|-damage|p2a: Rillaboom|94/100|[from] Sandstorm
|-heal|p1a: Whimsicott|100/100|[from] Grassy Terrain
|-heal|p2a: Rillaboom|100/100|[from] Grassy Terrain
|upkeep
|turn|3
|
|t:|1757786611
|switch|p2b: Dragonite|Dragonite, L50, F|100/100
|move|p1a: Whimsicott|Helping Hand|p1b: Tyranitar
|-singleturn|p1b: Tyranitar|Helping Hand|[of] p1a: Whimsicott
|move|p2a: Rillaboom|Protect|p2a: Rillaboom
|-singleturn|p2a: Rillaboom|Protect
|move|p1b: Tyranitar|Tera Blast|p2a: Rillaboom|[anim] Tera Blast Flying
|-activate|p2a: Rillaboom|move: Protect
|
|-weather|Sandstorm|[upkeep]
|-damage|p1a: Whimsicott|95/100|[from] Sandstorm
|-damage|p1b: Tyranitar|76/100|[from] Sandstorm
|-damage|p2a: Rillaboom|94/100|[from] Sandstorm
|-damage|p2b: Dragonite|94/100|[from] Sandstorm
|-heal|p1a: Whimsicott|100/100|[from] Grassy Terrain
|-heal|p2a: Rillaboom|100/100|[from] Grassy Terrain
|upkeep
|turn|4
|
|t:|1757786654
|switch|p2a: Ursaluna|Ursaluna-Bloodmoon, L50, M|100/100
|move|p1a: Whimsicott|Helping Hand|p1b: Tyranitar
|-singleturn|p1b: Tyranitar|Helping Hand|[of] p1a: Whimsicott
|move|p1b: Tyranitar|Rock Slide|p2a: Ursaluna|[spread] p2a,p2b
|-resisted|p2a: Ursaluna
|-supereffective|p2b: Dragonite
|-damage|p2a: Ursaluna|82/100
|-damage|p2b: Dragonite|0 fnt
|faint|p2b: Dragonite
|
|-weather|Sandstorm|[upkeep]
|-damage|p1a: Whimsicott|95/100|[from] Sandstorm
|-damage|p1b: Tyranitar|70/100|[from] Sandstorm
|-heal|p1a: Whimsicott|100/100|[from] Grassy Terrain
|-heal|p2a: Ursaluna|88/100|[from] Grassy Terrain
|-sideend|p1: merrypasta|move: Tailwind
|upkeep
|
|t:|1757786669
|switch|p2b: Rillaboom|Rillaboom, L50, F|100/100
|turn|5
|
|t:|1757786703
|move|p2b: Rillaboom|Fake Out|p1b: Tyranitar
|-crit|p1b: Tyranitar
|-damage|p1b: Tyranitar|52/100
|move|p1a: Whimsicott|Tailwind|p1a: Whimsicott
|-sidestart|p1: merrypasta|move: Tailwind
|cant|p1b: Tyranitar|flinch
|move|p2a: Ursaluna|Blood Moon|p1b: Tyranitar
|-damage|p1b: Tyranitar|9/100
|
|-weather|Sandstorm|[upkeep]
|-damage|p1a: Whimsicott|95/100|[from] Sandstorm
|-damage|p1b: Tyranitar|3/100|[from] Sandstorm
|-damage|p2b: Rillaboom|94/100|[from] Sandstorm
|-heal|p1a: Whimsicott|100/100|[from] Grassy Terrain
|-heal|p2b: Rillaboom|100/100|[from] Grassy Terrain
|-heal|p2a: Ursaluna|94/100|[from] Grassy Terrain
|-fieldend|move: Grassy Terrain
|upkeep
|turn|6
|
|t:|1757786744
|move|p2b: Rillaboom|Protect|p2b: Rillaboom
|-singleturn|p2b: Rillaboom|Protect
|move|p1a: Whimsicott|Encore|p2a: Ursaluna
|-start|p2a: Ursaluna|Encore
|move|p1b: Tyranitar|Tera Blast|p2b: Rillaboom|[anim] Tera Blast Flying
|-activate|p2b: Rillaboom|move: Protect
|move|p2a: Ursaluna|Blood Moon|p1a: Whimsicott
|-damage|p1a: Whimsicott|10/100
|-hint|Some effects can force a Pokemon to use Blood Moon again in a row.
|
|-weather|none
|upkeep
|turn|7
|
|t:|1757786782
|move|p1a: Whimsicott|Helping Hand|p1b: Tyranitar
|-singleturn|p1b: Tyranitar|Helping Hand|[of] p1a: Whimsicott
|move|p2b: Rillaboom|Protect||[still]
|-fail|p2b: Rillaboom
|move|p1b: Tyranitar|Low Kick|p2a: Ursaluna
|-supereffective|p2a: Ursaluna
|-damage|p2a: Ursaluna|0 fnt
|faint|p2a: Ursaluna
|
|upkeep
|turn|8
|-message|Destroyer212188 forfeited.
|
|win|merrypasta
||merrypasta is ready for game 2.
|inactive|Destroyer212188 has 30 seconds to confirm battle start!
||Destroyer212188 is ready for game 2.
|uhtml|next|Next: Game 2 of 3
