|j|☆Av3z
|j|☆Jjayy09
|html|Av3zJjayy09    
|uhtml|bestof|Game 1 of a best-of-3
|t:|1756553900
|gametype|doubles
|player|p1|Av3z|steven|1045
|player|p2|Jjayy09|lady-gen4|1055
|gen|9
|tier|[Gen 9] VGC 2025 Reg H (Bo3)
|rated|
|rule|Species Clause: Limit one of each Pokémon
|rule|Item Clause: Limit 1 of each item
|clearpoke
|poke|p1|Archaludon, L50, M|
|poke|p1|Kingdra, L50, F|
|poke|p1|Politoed, L50, M|
|poke|p1|Incineroar, L50, M|
|poke|p1|Gothitelle, L50, F|
|poke|p1|Amoonguss, L50, F|
|poke|p2|Annihilape, L50, F|
|poke|p2|Ninetales-Alola, L50, F|
|poke|p2|Talonflame, L50, M|
|poke|p2|Garchomp, L50, M|
|poke|p2|Gholdengo, L50|
|poke|p2|Maushold-Four, L50|
|teampreview|4
|showteam|p1|Archaludon||PowerHerb|Sturdy|Protect,ElectroShot,FlashCannon,DragonPulse|||M|||50|,,,,,Electric]Kingdra||LifeOrb|SwiftSwim|Protect,DracoMeteor,WeatherBall,MuddyWater|||F|||50|,,,,,Stellar]Politoed||Leftovers|Drizzle|Protect,WeatherBall,PerishSong,Encore|||M|||50|,,,,,Grass]Incineroar||SafetyGoggles|Intimidate|FakeOut,KnockOff,PartingShot,Protect|||M|||50|,,,,,Ghost]Gothitelle||SitrusBerry|ShadowTag|Protect,Psychic,FakeOut,TrickRoom|||F|||50|,,,,,Dark]Amoonguss||EjectButton|Regenerator|Protect,RagePowder,Spore,PollenPuff|||F|||50|,,,,,Fairy
|showteam|p2|Annihilape||SitrusBerry|Defiant|RageFist,DrainPunch,BulkUp,Protect|||F|||50|,,,,,Fire]Ninetales-Alola||CovertCloak|SnowWarning|Blizzard,FreezeDry,AuroraVeil,Protect|||F|||50|,,,,,Ice]Talonflame||SharpBeak|GaleWings|DualWingbeat,Tailwind,WillOWisp,Protect|||M|||50|,,,,,Ghost]Garchomp||LifeOrb|RoughSkin|Earthquake,StompingTantrum,DragonClaw,Protect|||M|||50|,,,,,Steel]Gholdengo||ChoiceSpecs|GoodasGold|MakeItRain,ShadowBall,SteelBeam,Thunderbolt||||||50|,,,,,Steel]Maushold-Four||SafetyGoggles|FriendGuard|BeatUp,FollowMe,Taunt,Protect||||||50|,,,,,Poison
|inactive|Battle timer is ON: inactive players will automatically lose when time's up. (requested by Av3z)
|inactive|Av3z has 60 seconds left.
|
|t:|1756553947
|teamsize|p1|4
|teamsize|p2|4
|start
|switch|p1a: John Cena|Archaludon, L50, M|100/100
|switch|p1b: Tatum Paxley|Gothitelle, L50, F|100/100
|switch|p2a: Annihilape|Annihilape, L50, F|100/100
|switch|p2b: Maushold|Maushold-Four, L50|100/100
|turn|1
|
|t:|1756553966
|-terastallize|p1a: John Cena|Electric
|move|p2b: Maushold|Follow Me|p2b: Maushold
|-singleturn|p2b: Maushold|move: Follow Me
|move|p2a: Annihilape|Bulk Up|p2a: Annihilape
|-boost|p2a: Annihilape|atk|1
|-boost|p2a: Annihilape|def|1
|move|p1a: John Cena|Electro Shot||[still]
|-prepare|p1a: John Cena|Electro Shot
|-boost|p1a: John Cena|spa|1
|-enditem|p1a: John Cena|Power Herb
|-anim|p1a: John Cena|Electro Shot|p2b: Maushold
|-damage|p2b: Maushold|0 fnt
|faint|p2b: Maushold
|move|p1b: Tatum Paxley|Psychic|p2a: Annihilape
|-supereffective|p2a: Annihilape
|-damage|p2a: Annihilape|42/100
|-unboost|p2a: Annihilape|spd|1
|-ability|p2a: Annihilape|Defiant|boost
|-boost|p2a: Annihilape|atk|2
|-enditem|p2a: Annihilape|Sitrus Berry|[eat]
|-heal|p2a: Annihilape|66/100|[from] item: Sitrus Berry
|
|upkeep
|
|t:|1756553982
|switch|p2b: Ninetales|Ninetales-Alola, L50, F, shiny|100/100
|-weather|Snowscape|[from] ability: Snow Warning|[of] p2b: Ninetales
|turn|2
|
|t:|1756553999
|-terastallize|p2a: Annihilape|Fire
|move|p2b: Ninetales|Blizzard|p1a: John Cena|[spread] p1a,p1b
|-damage|p1a: John Cena|49/100
|-damage|p1b: Tatum Paxley|75/100
|-status|p1a: John Cena|frz
|move|p2a: Annihilape|Rage Fist|p1a: John Cena
|-damage|p1a: John Cena|0 fnt
|faint|p1a: John Cena
|move|p1b: Tatum Paxley|Psychic|p2a: Annihilape
|-damage|p2a: Annihilape|19/100
|-unboost|p2a: Annihilape|spd|1
|-ability|p2a: Annihilape|Defiant|boost
|-boost|p2a: Annihilape|atk|2
|
|-weather|Snowscape|[upkeep]
|upkeep
|
|t:|1756554017
|switch|p1a: Mr.Iguana|Politoed, L50, M|100/100
|-weather|RainDance|[from] ability: Drizzle|[of] p1a: Mr.Iguana
|turn|3
|
|t:|1756554033
|move|p1b: Tatum Paxley|Protect|p1b: Tatum Paxley
|-singleturn|p1b: Tatum Paxley|Protect
|move|p2b: Ninetales|Freeze-Dry|p1a: Mr.Iguana
|-supereffective|p1a: Mr.Iguana
|-damage|p1a: Mr.Iguana|52/100
|move|p2a: Annihilape|Rage Fist|p1b: Tatum Paxley
|-activate|p1b: Tatum Paxley|move: Protect
|move|p1a: Mr.Iguana|Weather Ball|p2a: Annihilape
|-supereffective|p2a: Annihilape
|-damage|p2a: Annihilape|0 fnt
|faint|p2a: Annihilape
|
|-weather|RainDance|[upkeep]
|-heal|p1a: Mr.Iguana|58/100|[from] item: Leftovers
|upkeep
|
|t:|1756554039
|switch|p2a: Gholdengo|Gholdengo, L50|100/100
|turn|4
|
|t:|1756554064
|move|p2b: Ninetales|Freeze-Dry|p1a: Mr.Iguana
|-supereffective|p1a: Mr.Iguana
|-damage|p1a: Mr.Iguana|8/100
|move|p2a: Gholdengo|Shadow Ball|p1a: Mr.Iguana
|-damage|p1a: Mr.Iguana|0 fnt
|faint|p1a: Mr.Iguana
|move|p1b: Tatum Paxley|Trick Room|p1b: Tatum Paxley
|-fieldstart|move: Trick Room|[of] p1b: Tatum Paxley
|
|-weather|RainDance|[upkeep]
|upkeep
|
|t:|1756554072
|switch|p1a: MJF|Incineroar, L50, M|100/100
|-ability|p1a: MJF|Intimidate|boost
|-unboost|p2a: Gholdengo|atk|1
|-unboost|p2b: Ninetales|atk|1
|turn|5
|-message|Jjayy09 forfeited.
|
|win|Av3z
