|j|☆15Hugs
|j|☆Slothpk
|html|15HugsSlothpk    
|uhtml|bestof|Game 3 of a best-of-3
|t:|1786041716
|gametype|doubles
|player|p1|15Hugs|ingo|1150
|player|p2|Slothpk|265|1155
|gen|9
|tier|[Gen 9 Champions] VGC 2026 Reg M-B (Bo3)
|rated|
|rule|Species Clause: Limit one of each Pokémon
|rule|Item Clause: Limit 1 of each item
|clearpoke
|poke|p1|Mawile, L50, M|
|poke|p1|Sneasler, L50, F|
|poke|p1|Raichu, L50, M|
|poke|p1|Hydreigon, L50, F|
|poke|p1|Farigiraf, L50, M, shiny|
|poke|p1|Sinistcha, L50|
|poke|p2|Garchomp, L50, M|
|poke|p2|Whimsicott, L50, M|
|poke|p2|Tyranitar, L50, M|
|poke|p2|Scizor, L50, F|
|poke|p2|Sinistcha, L50|
|poke|p2|Basculegion, L50, M|
|teampreview|4
|showteam|p1|Mawile||Mawilite|Intimidate|Protect,PlayRough,IronHead,SuckerPunch|Brave||M|||50|]Sneasler||WhiteHerb|Unburden|FakeOut,RockTomb,CloseCombat,DireClaw|Jolly||F|||50|]Raichu||RaichuniteY|LightningRod|Protect,FakeOut,ZapCannon,FocusBlast|Timid||M|||50|]Hydreigon||ChoiceScarf|Levitate|DracoMeteor,Snarl,DarkPulse,EarthPower|Timid||F|||50|]Farigiraf||SitrusBerry|ArmorTail|TrickRoom,HelpingHand,FoulPlay,Psychic|Quiet||M|||50|]Sinistcha||KasibBerry|Hospitality|TrickRoom,Hex,MatchaGotcha,RagePowder|Modest|||||50|
|showteam|p2|Garchomp||Garchompite|SandVeil|Protect,EarthPower,DracoMeteor,PowerGem|Modest||M|||50|]Whimsicott||FairyFeather|Prankster|Protect,Tailwind,LightScreen,Moonblast|Bold||M|||50|]Tyranitar||Leftovers|SandStream|Protect,RockSlide,KnockOff,LowKick|Adamant||M|||50|]Scizor||Scizorite|Technician|BulletPunch,BugBite,Protect,SwordsDance|Brave||F|||50|]Sinistcha||SitrusBerry|Hospitality|Protect,RagePowder,MatchaGotcha,TrickRoom|Modest|||||50|]Basculegion||ChoiceScarf|Adaptability|WaveCrash,LastRespects,FlipTurn,IceFang|Adamant||M|||50|
|inactive|Battle timer is ON: inactive players will automatically lose when time's up. (requested by Slothpk)
|
|t:|1786041735
|teamsize|p1|4
|teamsize|p2|4
|start
|switch|p1a: Raichu|Raichu, L50, M|100/100
|switch|p1b: Sneasler|Sneasler, L50, F|100/100
|switch|p2a: Scizor|Scizor, L50, F|100/100
|switch|p2b: Whimsicott|Whimsicott, L50, M|100/100
|turn|1
|
|t:|1786041755
|detailschange|p1a: Raichu|Raichu-Mega-Y, L50, M
|-mega|p1a: Raichu|Raichu|Raichunite Y
|move|p2b: Whimsicott|Protect|p2b: Whimsicott
|-singleturn|p2b: Whimsicott|Protect
|move|p2a: Scizor|Protect|p2a: Scizor
|-singleturn|p2a: Scizor|Protect
|move|p1a: Raichu|Zap Cannon|p2a: Scizor
|-activate|p2a: Scizor|move: Protect
|move|p1b: Sneasler|Dire Claw|p2b: Whimsicott
|-activate|p2b: Whimsicott|move: Protect
|
|upkeep
|turn|2
|inactive|Slothpk has 30 seconds left.
|inactive|Slothpk has 20 seconds left.
|inactive|Slothpk has 15 seconds left.
|
|t:|1786041800
|move|p2b: Whimsicott|Tailwind|p2b: Whimsicott
|-sidestart|p2: Slothpk|move: Tailwind
|move|p2a: Scizor|Bullet Punch|p1a: Raichu
|-resisted|p1a: Raichu|1
|-damage|p1a: Raichu|70/100
|move|p1a: Raichu|Zap Cannon|p2a: Scizor
|-damage|p2a: Scizor|16/100
|-status|p2a: Scizor|par
|move|p1b: Sneasler|Dire Claw|p2b: Whimsicott
|-supereffective|p2b: Whimsicott|2
|-damage|p2b: Whimsicott|0 fnt
|faint|p2b: Whimsicott
|
|upkeep
|
|t:|1786041811
|switch|p2b: Garchomp|Garchomp, L50, M|100/100
|turn|3
|j| cillianvgc
|l| cillianvgc
|inactive|15Hugs has 30 seconds left.
|inactive|15Hugs has 20 seconds left.
|inactive|15Hugs has 15 seconds left.
|
|t:|1786041855
|switch|p1b: Sinistcha|Sinistcha, L50|100/100
|-heal|p1a: Raichu|95/100|[from] ability: Hospitality|[of] p1b: Sinistcha
|detailschange|p2b: Garchomp|Garchomp-Mega, L50, M
|-mega|p2b: Garchomp|Garchomp|Garchompite
|move|p1a: Raichu|Protect|p1a: Raichu
|-singleturn|p1a: Raichu|Protect
|move|p2a: Scizor|Bullet Punch|p1b: Sinistcha
|-damage|p1b: Sinistcha|67/100
|move|p2b: Garchomp|Earth Power|p1b: Sinistcha
|-resisted|p1b: Sinistcha|1
|-damage|p1b: Sinistcha|41/100
|
|upkeep
|turn|4
|inactive|Slothpk has 30 seconds left.
|
|t:|1786041882
|move|p1b: Sinistcha|Rage Powder|p1b: Sinistcha
|-singleturn|p1b: Sinistcha|move: Rage Powder
|move|p2a: Scizor|Bullet Punch|p1b: Sinistcha
|-damage|p1b: Sinistcha|10/100
|move|p2b: Garchomp|Earth Power|p1b: Sinistcha
|-resisted|p1b: Sinistcha|1
|-damage|p1b: Sinistcha|0 fnt
|faint|p1b: Sinistcha
|move|p1a: Raichu|Zap Cannon|p2a: Scizor
|-damage|p2a: Scizor|0 fnt
|faint|p2a: Scizor
|
|upkeep
|inactive|15Hugs has 30 seconds left.
|inactive|15Hugs has 20 seconds left.
|
|t:|1786041918
|switch|p1b: Sneasler|Sneasler, L50, F|100/100
|switch|p2a: Basculegion|Basculegion, L50, M|100/100
|turn|5
|inactive|Slothpk has 30 seconds left.
|
|t:|1786041952
|move|p2b: Garchomp|Protect|p2b: Garchomp
|-singleturn|p2b: Garchomp|Protect
|move|p1a: Raichu|Protect|p1a: Raichu
|-singleturn|p1a: Raichu|Protect
|move|p1b: Sneasler|Fake Out|p2b: Garchomp
|-activate|p2b: Garchomp|move: Protect
|move|p2a: Basculegion|Last Respects|p1a: Raichu
|-activate|p1a: Raichu|move: Protect
|
|-sideend|p2: Slothpk|move: Tailwind
|upkeep
|turn|6
|inactive|15Hugs has 30 seconds left.
|inactive|15Hugs has 20 seconds left.
|inactive|15Hugs has 15 seconds left.
|
|t:|1786041992
|switch|p1b: Hydreigon|Hydreigon, L50, F|100/100
|move|p1a: Raichu|Zap Cannon|p2a: Basculegion
|-supereffective|p2a: Basculegion|1
|-damage|p2a: Basculegion|0 fnt
|faint|p2a: Basculegion
|move|p2b: Garchomp|Earth Power|p1b: Hydreigon
|-immune|p1b: Hydreigon|[from] ability: Levitate
|
|upkeep
|turn|7
|
|t:|1786042004
|move|p1a: Raichu|Protect|p1a: Raichu
|-singleturn|p1a: Raichu|Protect
|move|p1b: Hydreigon|Draco Meteor|p2b: Garchomp
|-supereffective|p2b: Garchomp|1
|-damage|p2b: Garchomp|0 fnt
|-unboost|p1b: Hydreigon|spa|2
|faint|p2b: Garchomp
|
|win|15Hugs
|raw|15Hugs's rating: 1150 → 1175(+25 for winning)
|raw|Slothpk's rating: 1155 → 1130(-25 for losing)
|l|☆Slothpk
|player|p2|
