|j|☆ReggioVGC
|j|☆mike6972
|html|ReggioVGCmike6972    
|uhtml|bestof|Game 2 of a best-of-3
|t:|1756831035
|gametype|doubles
|player|p1|ReggioVGC|lucas|1096
|player|p2|mike6972|265|1055
|gen|9
|tier|[Gen 9] VGC 2025 Reg H (Bo3)
|rated|
|rule|Species Clause: Limit one of each Pokémon
|rule|Item Clause: Limit 1 of each item
|clearpoke
|poke|p1|Ursaluna, L50, F|
|poke|p1|Kilowattrel, L50, F|
|poke|p1|Gholdengo, L50|
|poke|p1|Incineroar, L50, F|
|poke|p1|Amoonguss, L50, M|
|poke|p1|Porygon2, L50|
|poke|p2|Basculegion, L50, M|
|poke|p2|Archaludon, L50, F|
|poke|p2|Pelipper, L50, M|
|poke|p2|Dragonite, L50, M|
|poke|p2|Gholdengo, L50|
|poke|p2|Incineroar, L50, F|
|teampreview|4
|showteam|p1|Ursaluna||FlameOrb|Guts|Facade,HeadlongRush,Earthquake,Protect|||F|||50|,,,,,Fairy]Kilowattrel||FocusSash|Competitive|Thunderbolt,AirSlash,Tailwind,Protect|||F|||50|,,,,,Ghost]Gholdengo||LifeOrb|GoodasGold|MakeItRain,ShadowBall,NastyPlot,Protect||||||50|,,,,,Flying]Incineroar||AssaultVest|Intimidate|KnockOff,FlareBlitz,Uturn,FakeOut|||F|||50|,,,,,Grass]Amoonguss||SitrusBerry|Regenerator|Spore,RagePowder,SludgeBomb,Protect|||M|||50|,,,,,Water]Porygon2||Eviolite|Download|TeraBlast,IceBeam,Recover,TrickRoom||||||50|,,,,,Fighting
|showteam|p2|Basculegion||LifeOrb|SwiftSwim|AquaJet,WaveCrash,LastRespects,Protect|||M|||50|,,,,,Water]Archaludon||AssaultVest|Stamina|DracoMeteor,ElectroShot,Snarl,BodyPress|||F|||50|,,,,,Grass]Pelipper||FocusSash|Drizzle|Protect,Tailwind,WeatherBall,Hurricane|||M|||50|,,,,,Ghost]Dragonite||LoadedDice|Multiscale|Haze,Protect,ScaleShot,ExtremeSpeed|||M|||50|,,,,,Fairy]Gholdengo||MetalCoat|GoodasGold|NastyPlot,ShadowBall,MakeItRain,Protect||||||50|,,,,,Dragon]Incineroar||SafetyGoggles|Intimidate|FakeOut,KnockOff,Taunt,PartingShot|||F|||50|,,,,,Ghost
|
|t:|1756831091
|teamsize|p1|4
|teamsize|p2|4
|start
|switch|p1a: Dinko|Ursaluna, L50, F|100/100
|switch|p1b: Big Bird|Kilowattrel, L50, F|100/100
|switch|p2a: Basculegion|Basculegion, L50, M|100/100
|switch|p2b: Pelipper|Pelipper, L50, M|100/100
|-weather|RainDance|[from] ability: Drizzle|[of] p2b: Pelipper
|turn|1
|
|t:|1756831146
|-terastallize|p1a: Dinko|Fairy
|move|p2a: Basculegion|Protect|p2a: Basculegion
|-singleturn|p2a: Basculegion|Protect
|move|p1b: Big Bird|Thunderbolt|p2b: Pelipper
|-supereffective|p2b: Pelipper
|-enditem|p2b: Pelipper|Focus Sash
|-damage|p2b: Pelipper|1/100
|move|p2b: Pelipper|Tailwind|p2b: Pelipper
|-sidestart|p2: mike6972|move: Tailwind
|move|p1a: Dinko|Facade|p2b: Pelipper
|-damage|p2b: Pelipper|0 fnt
|faint|p2b: Pelipper
|
|-weather|RainDance|[upkeep]
|-status|p1a: Dinko|brn|[from] item: Flame Orb
|upkeep
|
|t:|1756831159
|switch|p2b: Archaludon|Archaludon, L50, F|100/100
|turn|2
|
|t:|1756831184
|-terastallize|p2a: Basculegion|Water
|move|p1a: Dinko|Protect|p1a: Dinko
|-singleturn|p1a: Dinko|Protect
|move|p2a: Basculegion|Wave Crash|p1a: Dinko
|-activate|p1a: Dinko|move: Protect
|move|p2b: Archaludon|Electro Shot||[still]
|-prepare|p2b: Archaludon|Electro Shot
|-boost|p2b: Archaludon|spa|1
|-anim|p2b: Archaludon|Electro Shot|p1b: Big Bird
|-enditem|p1b: Big Bird|Focus Sash
|-damage|p1b: Big Bird|1/100
|move|p1b: Big Bird|Tailwind|p1b: Big Bird
|-sidestart|p1: ReggioVGC|move: Tailwind
|
|-weather|RainDance|[upkeep]
|-damage|p1a: Dinko|95/100 brn|[from] brn
|upkeep
|turn|3
|
|t:|1756831288
|switch|p1a: 뽀록나|Amoonguss, L50, M, shiny|100/100
|move|p1b: Big Bird|Protect|p1b: Big Bird
|-singleturn|p1b: Big Bird|Protect
|move|p2a: Basculegion|Aqua Jet|p1b: Big Bird
|-activate|p1b: Big Bird|move: Protect
|move|p2b: Archaludon|Electro Shot||[still]
|-prepare|p2b: Archaludon|Electro Shot
|-boost|p2b: Archaludon|spa|1
|-anim|p2b: Archaludon|Electro Shot|p1a: 뽀록나
|-resisted|p1a: 뽀록나
|-damage|p1a: 뽀록나|66/100
|
|-weather|RainDance|[upkeep]
|upkeep
|turn|4
|
|t:|1756831320
|move|p2a: Basculegion|Protect|p2a: Basculegion
|-singleturn|p2a: Basculegion|Protect
|move|p1b: Big Bird|Thunderbolt|p2a: Basculegion
|-activate|p2a: Basculegion|move: Protect
|move|p2b: Archaludon|Snarl|p1b: Big Bird|[spread] p1a,p1b
|-damage|p1a: 뽀록나|45/100
|-damage|p1b: Big Bird|0 fnt
|-unboost|p1a: 뽀록나|spa|1
|-enditem|p1a: 뽀록나|Sitrus Berry|[eat]
|-heal|p1a: 뽀록나|70/100|[from] item: Sitrus Berry
|faint|p1b: Big Bird
|move|p1a: 뽀록나|Spore|p2b: Archaludon
|-status|p2b: Archaludon|slp|[from] move: Spore
|
|-weather|RainDance|[upkeep]
|-sideend|p2: mike6972|move: Tailwind
|upkeep
|
|t:|1756831328
|switch|p1b: Dinko|Ursaluna, L50, F, tera:Fairy|95/100 brn
|turn|5
|
|t:|1756831359
|switch|p2a: Incineroar|Incineroar, L50, F|100/100
|-ability|p2a: Incineroar|Intimidate|boost
|-unboost|p1a: 뽀록나|atk|1
|-unboost|p1b: Dinko|atk|1
|move|p1a: 뽀록나|Rage Powder|p1a: 뽀록나
|-singleturn|p1a: 뽀록나|move: Rage Powder
|move|p1b: Dinko|Facade|p2a: Incineroar
|-damage|p2a: Incineroar|31/100
|cant|p2b: Archaludon|slp
|
|-weather|none
|-damage|p1b: Dinko|89/100 brn|[from] brn
|-sideend|p1: ReggioVGC|move: Tailwind
|upkeep
|turn|6
|
|t:|1756831386
|switch|p1a: Mr Worldwide|Gholdengo, L50|100/100
|-curestatus|p2b: Archaludon|slp|[msg]
|move|p2b: Archaludon|Snarl|p1a: Mr Worldwide|[spread] p1a,p1b
|-supereffective|p1a: Mr Worldwide
|-resisted|p1b: Dinko
|-damage|p1a: Mr Worldwide|46/100
|-damage|p1b: Dinko|75/100 brn
|-unboost|p1a: Mr Worldwide|spa|1
|-unboost|p1b: Dinko|spa|1
|move|p1b: Dinko|Headlong Rush|p2b: Archaludon
|-supereffective|p2b: Archaludon
|-damage|p2b: Archaludon|0 fnt
|-unboost|p1b: Dinko|def|1
|-unboost|p1b: Dinko|spd|1
|faint|p2b: Archaludon
|move|p2a: Incineroar|Taunt|p1a: Mr Worldwide
|-immune|p1a: Mr Worldwide|[from] ability: Good as Gold
|
|-damage|p1b: Dinko|69/100 brn|[from] brn
|upkeep
|
|t:|1756831398
|switch|p2b: Basculegion|Basculegion, L50, M, tera:Water|100/100
|turn|7
|
|t:|1756831428
|switch|p1a: 뽀록나|Amoonguss, L50, M, shiny|100/100
|move|p1b: Dinko|Protect|p1b: Dinko
|-singleturn|p1b: Dinko|Protect
|move|p2b: Basculegion|Last Respects|p1b: Dinko
|-activate|p1b: Dinko|move: Protect
|move|p2a: Incineroar|Knock Off|p1a: 뽀록나
|-damage|p1a: 뽀록나|81/100
|
|-damage|p1b: Dinko|63/100 brn|[from] brn
|upkeep
|turn|8
|
|t:|1756831457
|move|p1a: 뽀록나|Rage Powder|p1a: 뽀록나
|-singleturn|p1a: 뽀록나|move: Rage Powder
|move|p2b: Basculegion|Last Respects|p1a: 뽀록나
|-damage|p1a: 뽀록나|0 fnt
|faint|p1a: 뽀록나
|-damage|p2b: Basculegion|91/100|[from] item: Life Orb
|move|p1b: Dinko|Earthquake|p2b: Basculegion|[spread] p2a,p2b
|-supereffective|p2a: Incineroar
|-damage|p2a: Incineroar|0 fnt
|-damage|p2b: Basculegion|28/100
|faint|p2a: Incineroar
|
|-damage|p1b: Dinko|58/100 brn|[from] brn
|upkeep
|
|t:|1756831467
|switch|p1a: Mr Worldwide|Gholdengo, L50|46/100
|turn|9
|-message|mike6972 forfeited.
|
|win|ReggioVGC
|raw|ReggioVGC's rating: 1096 → 1119(+23 for winning)
|raw|mike6972's rating: 1055 → 1039(-16 for losing)
|l|☆mike6972
|player|p2|
