|j|☆alfre22
|j|☆Bread248
|html|alfre22Bread248    
|uhtml|bestof|Game 3 of a best-of-3
|t:|1756946236
|gametype|doubles
|player|p1|alfre22|benga|1178
|player|p2|Bread248|266|1304
|gen|9
|tier|[Gen 9] VGC 2025 Reg H (Bo3)
|rated|
|rule|Species Clause: Limit one of each Pokémon
|rule|Item Clause: Limit 1 of each item
|clearpoke
|poke|p1|Sneasler, L50, F|
|poke|p1|Dragapult, L50, M|
|poke|p1|Primarina, L50, M|
|poke|p1|Kingambit, L50, F|
|poke|p1|Magmar, L50, M|
|poke|p1|Rillaboom, L50, F|
|poke|p2|Gholdengo, L50|
|poke|p2|Sneasler, L50, M|
|poke|p2|Incineroar, L50, M|
|poke|p2|Amoonguss, L50, F|
|poke|p2|Dragonite, L50, F|
|poke|p2|Ursaluna-Bloodmoon, L50, M|
|teampreview|4
|showteam|p1|Sneasler||FocusSash|PoisonTouch|CloseCombat,DireClaw,FakeOut,Protect|||F|||50|,,,,,Stellar]Dragapult||ChoiceBand|ClearBody|DragonDarts,TeraBlast,PhantomForce,Uturn|||M|||50|,,,,,Ghost]Primarina||SitrusBerry|LiquidVoice|HyperVoice,Moonblast,Haze,Protect|||M|||50|,,,,,Poison]Kingambit||BlackGlasses|Defiant|KowtowCleave,SuckerPunch,SwordsDance,Protect|||F|||50|,,,,,Ghost]Magmar||Eviolite|VitalSpirit|Overheat,WillOWisp,FollowMe,Protect|||M|||50|,,,,,Ghost]Rillaboom||AssaultVest|GrassySurge|WoodHammer,GrassyGlide,HighHorsepower,FakeOut|||F|||50|,,,,,Fire
|showteam|p2|Gholdengo||LifeOrb|GoodasGold|MakeItRain,ShadowBall,NastyPlot,Protect||||||50|,,,,,Steel]Sneasler||FocusSash|PoisonTouch|ThroatChop,CloseCombat,DireClaw,Protect|||M|||50|,,,,,Stellar]Incineroar||SafetyGoggles|Intimidate|FakeOut,FlareBlitz,KnockOff,PartingShot|||M|||50|,,,,,Ghost]Amoonguss||SitrusBerry|Regenerator|Spore,RagePowder,SludgeBomb,Protect|||F|||50|,,,,,Water]Dragonite||LoadedDice|Multiscale|ScaleShot,Haze,Tailwind,Protect|||F|||50|,,,,,Fairy]Ursaluna-Bloodmoon||AssaultVest|MindsEye|HyperVoice,BloodMoon,EarthPower,VacuumWave|||M|||50|,,,,,Normal
|inactive|Battle timer is ON: inactive players will automatically lose when time's up. (requested by alfre22)
|inactive|Bread248 also wants the timer to be on.
|inactive|Bread248 has 60 seconds left.
|
|t:|1756946269
|teamsize|p1|4
|teamsize|p2|4
|start
|switch|p1a: Magmar|Magmar, L50, M|100/100
|switch|p1b: Dragapult|Dragapult, L50, M|100/100
|switch|p2a: Dragonite|Dragonite, L50, F|100/100
|switch|p2b: Ursaluna|Ursaluna-Bloodmoon, L50, M|100/100
|turn|1
|inactive|alfre22 has 30 seconds left.
|
|t:|1756946300
|move|p1a: Magmar|Follow Me|p1a: Magmar
|-singleturn|p1a: Magmar|move: Follow Me
|move|p1b: Dragapult|Phantom Force||[still]
|-prepare|p1b: Dragapult|Phantom Force
|move|p2a: Dragonite|Scale Shot|p1a: Magmar
|-damage|p1a: Magmar|89/100
|-damage|p1a: Magmar|77/100
|-damage|p1a: Magmar|66/100
|-damage|p1a: Magmar|53/100
|-hitcount|p1a: Magmar|4
|-unboost|p2a: Dragonite|def|1
|-boost|p2a: Dragonite|spe|1
|move|p2b: Ursaluna|Earth Power|p1a: Magmar
|-supereffective|p1a: Magmar
|-damage|p1a: Magmar|0 fnt
|faint|p1a: Magmar
|
|upkeep
|
|t:|1756946316
|switch|p1a: Sneasler|Sneasler, L50, F|100/100
|turn|2
|
|t:|1756946327
|move|p1a: Sneasler|Fake Out|p2a: Dragonite
|-damage|p2a: Dragonite|90/100
|-status|p2a: Dragonite|psn|[from] ability: Poison Touch|[of] p1a: Sneasler
|cant|p2a: Dragonite|flinch
|move|p1b: Dragapult|Phantom Force|p2a: Dragonite|[from] lockedmove
|-damage|p2a: Dragonite|0 fnt
|faint|p2a: Dragonite
|move|p2b: Ursaluna|Hyper Voice|p1b: Dragapult|[spread] p1a,p1b
|-damage|p1a: Sneasler|48/100
|-damage|p1b: Dragapult|47/100
|
|upkeep
|
|t:|1756946335
|switch|p2a: Gholdengo|Gholdengo, L50|100/100
|turn|3
|
|t:|1756946347
|switch|p2b: Amoonguss|Amoonguss, L50, F|100/100
|-terastallize|p1a: Sneasler|Stellar
|move|p1b: Dragapult|Phantom Force||[still]
|-prepare|p1b: Dragapult|Phantom Force
|move|p1a: Sneasler|Close Combat|p2b: Amoonguss
|-resisted|p2b: Amoonguss
|-damage|p2b: Amoonguss|65/100
|-unboost|p1a: Sneasler|def|1
|-unboost|p1a: Sneasler|spd|1
|move|p2a: Gholdengo|Make It Rain|p1b: Dragapult|[spread] p1a
|-miss|p2a: Gholdengo|p1b: Dragapult
|-damage|p1a: Sneasler|0 fnt
|-unboost|p2a: Gholdengo|spa|1
|faint|p1a: Sneasler
|-damage|p2a: Gholdengo|91/100|[from] item: Life Orb
|
|upkeep
|
|t:|1756946359
|switch|p1a: Rillaboom|Rillaboom, L50, F|100/100
|-fieldstart|move: Grassy Terrain|[from] ability: Grassy Surge|[of] p1a: Rillaboom
|turn|4
|
|t:|1756946366
|switch|p2a: Ursaluna|Ursaluna-Bloodmoon, L50, M|100/100
|move|p1b: Dragapult|Phantom Force|p2a: Ursaluna|[from] lockedmove
|-immune|p2a: Ursaluna
|move|p1a: Rillaboom|Wood Hammer|p2a: Ursaluna
|-supereffective|p2a: Ursaluna
|-damage|p2a: Ursaluna|0 fnt
|faint|p2a: Ursaluna
|-damage|p1a: Rillaboom|70/100|[from] Recoil
|move|p2b: Amoonguss|Spore|p1b: Dragapult
|-status|p1b: Dragapult|slp|[from] move: Spore
|
|-heal|p1b: Dragapult|53/100 slp|[from] Grassy Terrain
|-heal|p1a: Rillaboom|76/100|[from] Grassy Terrain
|-heal|p2b: Amoonguss|71/100|[from] Grassy Terrain
|upkeep
|
|t:|1756946373
|switch|p2a: Gholdengo|Gholdengo, L50|91/100
|turn|5
|
|t:|1756946379
|-terastallize|p2a: Gholdengo|Steel
|cant|p1b: Dragapult|slp
|move|p2a: Gholdengo|Make It Rain|p1a: Rillaboom|[spread] p1a,p1b
|-crit|p1a: Rillaboom
|-damage|p1a: Rillaboom|0 fnt
|-damage|p1b: Dragapult|0 fnt
|-unboost|p2a: Gholdengo|spa|1
|faint|p1a: Rillaboom
|faint|p1b: Dragapult
|-damage|p2a: Gholdengo|81/100|[from] item: Life Orb
|
|win|Bread248
|raw|alfre22's rating: 1178 → 1162(-16 for losing)
|raw|Bread248's rating: 1304 → 1317(+13 for winning)
