|j|☆54rook54
|j|☆shiroblast
|html|54rook54shiroblast    
|uhtml|bestof|Game 3 of a best-of-3
|t:|1785608507
|gametype|doubles
|player|p1|54rook54|1|1108
|player|p2|shiroblast|benga|1190
|gen|9
|tier|[Gen 9 Champions] VGC 2026 Reg M-B (Bo3)
|rated|
|rule|Species Clause: Limit one of each Pokémon
|rule|Item Clause: Limit 1 of each item
|clearpoke
|poke|p1|Pelipper, L50, M|
|poke|p1|Swampert, L50, F|
|poke|p1|Basculegion, L50, M|
|poke|p1|Archaludon, L50, M|
|poke|p1|Sinistcha, L50|
|poke|p1|Kingambit, L50, F|
|poke|p2|Staraptor, L50, M|
|poke|p2|Garchomp, L50, M|
|poke|p2|Whimsicott, L50, M|
|poke|p2|Delphox, L50, M|
|poke|p2|Glimmora, L50, M|
|poke|p2|Kingambit, L50, M|
|teampreview|4
|showteam|p1|Pelipper||DampRock|Drizzle|Hurricane,WeatherBall,WideGuard,Protect|Bold||M|||50|]Swampert||Swampertite|Torrent|Liquidation,HighHorsepower,IcePunch,Protect|Adamant||F|||50|]Basculegion||MysticWater|Adaptability|WaveCrash,LastRespects,AquaJet,FlipTurn|Adamant||M|||50|]Archaludon||SitrusBerry|Stamina|ElectroShot,FlashCannon,DragonPulse,Protect|Timid||M|||50|]Sinistcha||Leftovers|Hospitality|MatchaGotcha,RagePowder,StrengthSap,Protect|Bold|||||50|]Kingambit||BlackGlasses|Defiant|KowtowCleave,SuckerPunch,IronHead,Protect|Adamant||F|||50|
|showteam|p2|Staraptor||Staraptite|Intimidate|Protect,Roost,CloseCombat,BraveBird|Jolly||M|||50|]Garchomp||LifeOrb|RoughSkin|Protect,RockSlide,Earthquake,DragonClaw|Jolly||M|||50|]Whimsicott||OccaBerry|Prankster|Moonblast,Tailwind,Charm,LightScreen|Timid||M|||50|]Delphox||Delphoxite|Magician|Protect,Psychic,HeatWave,Substitute|Timid||M|||50|]Glimmora||FocusSash|ToxicDebris|SpikyShield,SludgeBomb,EarthPower,PowerGem|Timid||M|||50|]Kingambit||ChopleBerry|Defiant|SuckerPunch,LowKick,IronHead,KowtowCleave|Adamant||M|||50|
|inactive|Battle timer is ON: inactive players will automatically lose when time's up. (requested by 54rook54)
|
|t:|1785608538
|teamsize|p1|4
|teamsize|p2|4
|start
|switch|p1a: Pelipper|Pelipper, L50, M|100/100
|switch|p1b: Archaludon|Archaludon, L50, M|100/100
|switch|p2a: Glimmora|Glimmora, L50, M|100/100
|switch|p2b: Staraptor|Staraptor, L50, M|100/100
|-ability|p2b: Staraptor|Intimidate|boost
|-unboost|p1a: Pelipper|atk|1
|-unboost|p1b: Archaludon|atk|1
|-weather|RainDance|[from] ability: Drizzle|[of] p1a: Pelipper
|turn|1
|inactive|54rook54 has 30 seconds left.
|inactive|shiroblast has 30 seconds left.
|
|t:|1785608573
|detailschange|p2b: Staraptor|Staraptor-Mega, L50, M
|-mega|p2b: Staraptor|Staraptor|Staraptite
|move|p1a: Pelipper|Protect|p1a: Pelipper
|-singleturn|p1a: Pelipper|Protect
|move|p1b: Archaludon|Protect|p1b: Archaludon
|-singleturn|p1b: Archaludon|Protect
|move|p2b: Staraptor|Close Combat|p1b: Archaludon
|-activate|p1b: Archaludon|move: Protect
|move|p2a: Glimmora|Earth Power|p1b: Archaludon
|-activate|p1b: Archaludon|move: Protect
|
|-weather|RainDance|[upkeep]
|upkeep
|turn|2
|
|t:|1785608595
|move|p2b: Staraptor|Close Combat|p1b: Archaludon
|-supereffective|p1b: Archaludon|1
|-damage|p1b: Archaludon|22/100
|-boost|p2b: Staraptor|def|1
|-boost|p2b: Staraptor|spd|1
|-ability|p1b: Archaludon|Stamina|boost
|-boost|p1b: Archaludon|def|1
|-enditem|p1b: Archaludon|Sitrus Berry|[eat]
|-heal|p1b: Archaludon|47/100|[from] item: Sitrus Berry
|move|p2a: Glimmora|Power Gem|p1a: Pelipper
|-supereffective|p1a: Pelipper|1
|-damage|p1a: Pelipper|0 fnt
|faint|p1a: Pelipper
|move|p1b: Archaludon|Electro Shot||[still]
|-prepare|p1b: Archaludon|Electro Shot
|-boost|p1b: Archaludon|spa|1
|-anim|p1b: Archaludon|Electro Shot|p2b: Staraptor
|-supereffective|p2b: Staraptor|1
|-damage|p2b: Staraptor|18/100
|
|-weather|RainDance|[upkeep]
|upkeep
|
|t:|1785608616
|switch|p1a: Basculegion|Basculegion, L50, M|100/100
|turn|3
|
|t:|1785608632
|switch|p2b: Kingambit|Kingambit, L50, M|100/100
|move|p1a: Basculegion|Aqua Jet|p2b: Kingambit
|-damage|p2b: Kingambit|64/100
|move|p2a: Glimmora|Earth Power|p1b: Archaludon
|-supereffective|p1b: Archaludon|1
|-damage|p1b: Archaludon|0 fnt
|faint|p1b: Archaludon
|
|-weather|RainDance|[upkeep]
|upkeep
|
|t:|1785608641
|switch|p1b: Swampert|Swampert, L50, F|100/100
|turn|4
|
|t:|1785608655
|detailschange|p1b: Swampert|Swampert-Mega, L50, F
|-mega|p1b: Swampert|Swampert|Swampertite
|move|p2a: Glimmora|Spiky Shield|p2a: Glimmora
|-singleturn|p2a: Glimmora|move: Protect
|move|p1a: Basculegion|Aqua Jet|p2a: Glimmora
|-activate|p2a: Glimmora|move: Protect
|-damage|p1a: Basculegion|87/100|[from] Spiky Shield|[of] p2a: Glimmora
|move|p2b: Kingambit|Sucker Punch||[still]
|-fail|p2b: Kingambit
|move|p1b: Swampert|High Horsepower|p2a: Glimmora
|-activate|p2a: Glimmora|move: Protect
|-damage|p1b: Swampert|88/100|[from] Spiky Shield|[of] p2a: Glimmora
|
|-weather|RainDance|[upkeep]
|upkeep
|turn|5
|inactive|shiroblast has 30 seconds left.
|inactive|shiroblast has 20 seconds left.
|inactive|shiroblast has 15 seconds left.
|
|t:|1785608697
|move|p1b: Swampert|Liquidation|p2a: Glimmora
|-supereffective|p2a: Glimmora|1
|-enditem|p2a: Glimmora|Focus Sash
|-damage|p2a: Glimmora|1/100
|-activate|p2a: Glimmora|ability: Toxic Debris
|-sidestart|p1: 54rook54|move: Toxic Spikes
|move|p2a: Glimmora|Sludge Bomb|p1b: Swampert
|-resisted|p1b: Swampert|1
|-damage|p1b: Swampert|67/100
|move|p1a: Basculegion|Wave Crash|p2a: Glimmora
|-supereffective|p2a: Glimmora|1
|-damage|p2a: Glimmora|0 fnt
|-activate|p2a: Glimmora|ability: Toxic Debris
|-sidestart|p1: 54rook54|move: Toxic Spikes
|faint|p2a: Glimmora
|-damage|p1a: Basculegion|87/100|[from] Recoil
|move|p2b: Kingambit|Kowtow Cleave|p1a: Basculegion
|-supereffective|p1a: Basculegion|1
|-damage|p1a: Basculegion|0 fnt
|faint|p1a: Basculegion
|
|-weather|RainDance|[upkeep]
|upkeep
|
|t:|1785608716
|switch|p2a: Staraptor|Staraptor-Mega, L50, M|18/100
|turn|6
|
|t:|1785608728
|move|p2b: Kingambit|Sucker Punch|p1b: Swampert
|-damage|p1b: Swampert|29/100
|move|p1b: Swampert|High Horsepower|p2b: Kingambit
|-supereffective|p2b: Kingambit|1
|-damage|p2b: Kingambit|0 fnt
|faint|p2b: Kingambit
|move|p2a: Staraptor|Roost|p2a: Staraptor
|-heal|p2a: Staraptor|68/100
|-singleturn|p2a: Staraptor|move: Roost
|
|-weather|RainDance|[upkeep]
|upkeep
|
|t:|1785608737
|switch|p2b: Garchomp|Garchomp, L50, M|100/100
|turn|7
|
|t:|1785608749
|move|p1b: Swampert|Liquidation|p2a: Staraptor
|-damage|p2a: Staraptor|0 fnt
|faint|p2a: Staraptor
|move|p2b: Garchomp|Dragon Claw|p1b: Swampert
|-damage|p1b: Swampert|0 fnt
|faint|p1b: Swampert
|-damage|p2b: Garchomp|90/100|[from] item: Life Orb
|
|win|shiroblast
|raw|54rook54's rating: 1108 → 1089(-19 for losing)
|raw|shiroblast's rating: 1190 → 1209(+19 for winning)
|c|☆54rook54|gg
|l|☆54rook54
|player|p1|
|c|☆shiroblast|ggwp
|j|☆54rook54
|player|p1|54rook54|1|
