|j|☆new mental
|j|☆stephen greep fan
|html|new mentalstephen greep fan    
|uhtml|bestof|Game 3 of a best-of-3
|t:|1784289284
|gametype|doubles
|player|p1|new mental|volkner|1265
|player|p2|stephen greep fan|265|1225
|gen|9
|tier|[Gen 9 Champions] VGC 2026 Reg M-B (Bo3)
|rated|
|rule|Species Clause: Limit one of each Pokémon
|rule|Item Clause: Limit 1 of each item
|clearpoke
|poke|p1|Charizard, L50, M|
|poke|p1|Kingambit, L50, M|
|poke|p1|Sylveon, L50, M|
|poke|p1|Garchomp, L50, F|
|poke|p1|Aerodactyl, L50, M|
|poke|p1|Farigiraf, L50, M|
|poke|p2|Gardevoir, L50, F|
|poke|p2|Basculegion, L50, M|
|poke|p2|Talonflame, L50, M|
|poke|p2|Maushold, L50|
|poke|p2|Kingambit, L50, M|
|poke|p2|Kommo-o, L50, F|
|teampreview|4
|showteam|p1|Charizard||CharizarditeY|SolarPower|Protect,HeatWave,SolarBeam,WeatherBall|Modest||M|||50|]Kingambit||FocusSash|Defiant|IronHead,SuckerPunch,KowtowCleave,LowKick|Adamant||M|||50|]Sylveon||FairyFeather|Pixilate|Detect,HyperVoice,HyperBeam,QuickAttack|Modest||M|||50|]Garchomp||LifeOrb|RoughSkin|Protect,DragonClaw,Earthquake,RockSlide|Jolly||F|||50|]Aerodactyl||Aerodactylite|Unnerve|IceFang,RockSlide,Tailwind,DualWingbeat|Jolly||M|||50|]Farigiraf||SitrusBerry|ArmorTail|TrickRoom,Psychic,Thunderbolt,Roar|Bold||M|||50|
|showteam|p2|Gardevoir||Gardevoirite|Synchronize|HyperVoice,Psychic,Thunderbolt,Protect|Modest||F|||50|]Basculegion||ChoiceScarf|Adaptability|WaveCrash,LastRespects,FlipTurn,AquaJet|Jolly||M|||50|]Talonflame||SharpBeak|GaleWings|DualWingbeat,FlareBlitz,Tailwind,Protect|Jolly||M|||50|]Maushold||FocusSash|FriendGuard|SuperFang,Feint,FollowMe,Protect|Jolly|||||50|]Kingambit||ExpertBelt|Defiant|KowtowCleave,SuckerPunch,IronHead,LowKick|Jolly||M|||50|]Kommo-o||LifeOrb|Soundproof|ClangingScales,DracoMeteor,AuraSphere,Protect|Modest||F|||50|
|
|t:|1784289313
|teamsize|p1|4
|teamsize|p2|4
|start
|switch|p1a: Charizard|Charizard, L50, M|100/100
|switch|p1b: Kingambit|Kingambit, L50, M|100/100
|switch|p2a: Talonflame|Talonflame, L50, M|100/100
|switch|p2b: Maushold|Maushold, L50|100/100
|turn|1
|
|t:|1784289319
|switch|p1b: Farigiraf|Farigiraf, L50, M|100/100
|detailschange|p1a: Charizard|Charizard-Mega-Y, L50, M
|-mega|p1a: Charizard|Charizard|Charizardite Y
|-weather|SunnyDay|[from] ability: Drought|[of] p1a: Charizard
|move|p2b: Maushold|Feint||[still]
|cant|p1b: Farigiraf|ability: Armor Tail|Feint|[of] p2b: Maushold
|move|p2a: Talonflame|Flare Blitz|p1b: Farigiraf
|-damage|p1b: Farigiraf|46/100
|-enditem|p1b: Farigiraf|Sitrus Berry|[eat]
|-heal|p1b: Farigiraf|71/100|[from] item: Sitrus Berry
|-damage|p2a: Talonflame|74/100|[from] Recoil
|move|p1a: Charizard|Heat Wave|p2a: Talonflame|[spread] p2a
|-miss|p1a: Charizard|p2b: Maushold
|-resisted|p2a: Talonflame|1
|-damage|p2a: Talonflame|41/100
|
|-weather|SunnyDay|[upkeep]
|upkeep
|turn|2
|
|t:|1784289334
|move|p2a: Talonflame|Protect|p2a: Talonflame
|-singleturn|p2a: Talonflame|Protect
|move|p2b: Maushold|Super Fang|p1a: Charizard|[miss]
|-miss|p2b: Maushold|p1a: Charizard
|move|p1a: Charizard|Heat Wave|p2a: Talonflame|[spread] 
|-activate|p2a: Talonflame|move: Protect
|-miss|p1a: Charizard|p2b: Maushold
|move|p1b: Farigiraf|Trick Room|p1b: Farigiraf
|-fieldstart|move: Trick Room|[of] p1b: Farigiraf
|
|-weather|SunnyDay|[upkeep]
|upkeep
|turn|3
|
|t:|1784289350
|move|p1b: Farigiraf|Psychic|p2b: Maushold
|-damage|p2b: Maushold|47/100
|move|p1a: Charizard|Heat Wave|p2b: Maushold|[spread] p2a,p2b
|-resisted|p2a: Talonflame|1
|-damage|p2a: Talonflame|5/100
|-damage|p2b: Maushold|0 fnt
|faint|p2b: Maushold
|move|p2a: Talonflame|Dual Wingbeat|p1a: Charizard
|-damage|p1a: Charizard|83/100
|-damage|p1a: Charizard|65/100
|-hitcount|p1a: Charizard|2
|
|-weather|SunnyDay|[upkeep]
|upkeep
|
|t:|1784289364
|switch|p2b: Gardevoir|Gardevoir, L50, F|100/100
|turn|4
|
|t:|1784289378
|switch|p2a: Kingambit|Kingambit, L50, M|100/100
|detailschange|p2b: Gardevoir|Gardevoir-Mega, L50, F
|-mega|p2b: Gardevoir|Gardevoir|Gardevoirite
|move|p1b: Farigiraf|Psychic|p2a: Kingambit
|-immune|p2a: Kingambit
|move|p2b: Gardevoir|Thunderbolt|p1a: Charizard
|-supereffective|p1a: Charizard|1
|-damage|p1a: Charizard|3/100
|move|p1a: Charizard|Weather Ball|p2b: Gardevoir
|-damage|p2b: Gardevoir|30/100
|
|-weather|SunnyDay|[upkeep]
|upkeep
|turn|5
|
|t:|1784289423
|move|p1b: Farigiraf|Thunderbolt|p2a: Kingambit
|-damage|p2a: Kingambit|72/100
|move|p2a: Kingambit|Low Kick|p1a: Charizard
|-resisted|p1a: Charizard|1
|-damage|p1a: Charizard|0 fnt
|faint|p1a: Charizard
|move|p2b: Gardevoir|Hyper Voice|p1b: Farigiraf
|-crit|p1b: Farigiraf
|-damage|p1b: Farigiraf|0 fnt
|faint|p1b: Farigiraf
|
|-weather|none
|upkeep
|
|t:|1784289427
|switch|p1b: Sylveon|Sylveon, L50, M|100/100
|switch|p1a: Kingambit|Kingambit, L50, M|100/100
|turn|6
|
|t:|1784289439
|switch|p2a: Talonflame|Talonflame, L50, M|5/100
|move|p2b: Gardevoir|Protect|p2b: Gardevoir
|-singleturn|p2b: Gardevoir|Protect
|move|p1b: Sylveon|Hyper Voice|p2b: Gardevoir|[spread] p2a
|-activate|p2b: Gardevoir|move: Protect
|-resisted|p2a: Talonflame|1
|-damage|p2a: Talonflame|0 fnt
|faint|p2a: Talonflame
|move|p1a: Kingambit|Low Kick|p2b: Gardevoir
|-activate|p2b: Gardevoir|move: Protect
|
|-fieldend|move: Trick Room
|upkeep
|
|t:|1784289441
|switch|p2a: Kingambit|Kingambit, L50, M|72/100
|turn|7
|
|t:|1784289483
|move|p2b: Gardevoir|Hyper Voice|p1a: Kingambit|[spread] p1a,p1b
|-damage|p1a: Kingambit|42/100
|-damage|p1b: Sylveon|59/100
|move|p2a: Kingambit|Low Kick|p1a: Kingambit
|-supereffective|p1a: Kingambit|2
|-damage|p1a: Kingambit|0 fnt
|faint|p1a: Kingambit
|move|p1b: Sylveon|Hyper Voice|p2a: Kingambit|[spread] p2a,p2b
|-damage|p2a: Kingambit|16/100
|-damage|p2b: Gardevoir|0 fnt
|faint|p2b: Gardevoir
|
|upkeep
|turn|8
|
|t:|1784289497
|move|p1b: Sylveon|Detect|p1b: Sylveon
|-singleturn|p1b: Sylveon|Protect
|move|p2a: Kingambit|Iron Head|p1b: Sylveon
|-activate|p1b: Sylveon|move: Protect
|
|upkeep
|turn|9
|
|t:|1784289510
|move|p1b: Sylveon|Quick Attack|p2a: Kingambit
|-damage|p2a: Kingambit|5/100
|move|p2a: Kingambit|Iron Head|p1b: Sylveon
|-supereffective|p1b: Sylveon|1
|-damage|p1b: Sylveon|0 fnt
|faint|p1b: Sylveon
|
|win|stephen greep fan
|raw|new mental's rating: 1265 → 1237(-28 for losing)
|raw|stephen greep fan's rating: 1225 → 1253(+28 for winning)
