|j|☆washingtongargacha
|j|☆boykie629
|html|washingtongargachaboykie629    
|uhtml|bestof|Game 2 of a best-of-3
|t:|1756982781
|gametype|doubles
|player|p1|washingtongargacha|2|1174
|player|p2|boykie629|169|1154
|gen|9
|tier|[Gen 9] VGC 2025 Reg H (Bo3)
|rated|
|rule|Species Clause: Limit one of each Pokémon
|rule|Item Clause: Limit 1 of each item
|clearpoke
|poke|p1|Talonflame, L50, M|
|poke|p1|Gholdengo, L50|
|poke|p1|Dragonite, L50, F|
|poke|p1|Archaludon, L50, M|
|poke|p1|Tyranitar, L50, M|
|poke|p1|Garchomp, L50, F|
|poke|p2|Pelipper, L50, M|
|poke|p2|Palafin, L50, M|
|poke|p2|Archaludon, L50, M|
|poke|p2|Gholdengo, L50|
|poke|p2|Rillaboom, L50, M|
|poke|p2|Incineroar, L50, M|
|teampreview|4
|showteam|p1|Talonflame||CovertCloak|GaleWings|Tailwind,BraveBird,Taunt,WillOWisp|||M|||50|,,,,,Ghost]Gholdengo||ChoiceSpecs|GoodasGold|MakeItRain,SteelBeam,ShadowBall,PowerGem||||||50|,,,,,Steel]Dragonite||LoadedDice|Multiscale|ScaleShot,IceSpinner,Haze,Protect|||F|||50|,,,,,Steel]Archaludon||PowerHerb|Sturdy|FlashCannon,ElectroShot,DracoMeteor,Protect|||M|||50|,,,,,Flying]Tyranitar||AssaultVest|SandStream|KnockOff,RockSlide,TeraBlast,LowKick|||M|||50|,,,,,Flying]Garchomp||LifeOrb|RoughSkin|DragonClaw,StompingTantrum,Earthquake,Protect|||F|||50|,,,,,Steel
|showteam|p2|Pelipper||FocusSash|Drizzle|Hurricane,WeatherBall,Tailwind,Protect|||M|||50|,,,,,Stellar]Palafin||MysticWater|ZerotoHero|JetPunch,WaveCrash,Haze,Protect|||M|||50|,,,,,Water]Archaludon||AssaultVest|Stamina|FlashCannon,DracoMeteor,ElectroShot,BodyPress|||M|||50|,,,,,Bug]Gholdengo||GrassySeed|GoodasGold|MakeItRain,ShadowBall,NastyPlot,Protect||||||50|,,,,,Water]Rillaboom||LoadedDice|GrassySurge|BulletSeed,GrassyGlide,Uturn,FakeOut|||M|||50|,,,,,Water]Incineroar||SafetyGoggles|Intimidate|FlareBlitz,PartingShot,KnockOff,FakeOut|||M|||50|,,,,,Ghost
|inactive|Battle timer is ON: inactive players will automatically lose when time's up. (requested by boykie629)
|inactive|washingtongargacha has 60 seconds left.
|inactive|washingtongargacha has 30 seconds left.
|
|t:|1756982865
|teamsize|p1|4
|teamsize|p2|4
|start
|switch|p1a: Archaludon|Archaludon, L50, M|100/100
|switch|p1b: Garchomp|Garchomp, L50, F|100/100
|switch|p2a: Incineroar|Incineroar, L50, M|100/100
|switch|p2b: Palafin|Palafin, L50, M|100/100
|-ability|p2a: Incineroar|Intimidate|boost
|-unboost|p1a: Archaludon|atk|1
|-unboost|p1b: Garchomp|atk|1
|turn|1
|
|t:|1756982877
|detailschange|p2b: Palafin|Palafin-Hero, L50, M
|switch|p2b: Archaludon|Archaludon, L50, M|100/100
|move|p1b: Garchomp|Protect|p1b: Garchomp
|-singleturn|p1b: Garchomp|Protect
|move|p1a: Archaludon|Protect|p1a: Archaludon
|-singleturn|p1a: Archaludon|Protect
|move|p2a: Incineroar|Fake Out|p1a: Archaludon
|-activate|p1a: Archaludon|move: Protect
|
|upkeep
|turn|2
|
|t:|1756982894
|-terastallize|p1a: Archaludon|Flying
|move|p1b: Garchomp|Earthquake|p2b: Archaludon|[spread] p2a,p2b
|-immune|p1a: Archaludon
|-supereffective|p2a: Incineroar
|-supereffective|p2b: Archaludon
|-damage|p2a: Incineroar|35/100
|-damage|p2b: Archaludon|47/100
|-ability|p2b: Archaludon|Stamina|boost
|-boost|p2b: Archaludon|def|1
|-damage|p1b: Garchomp|91/100|[from] item: Life Orb
|move|p1a: Archaludon|Draco Meteor|p2b: Archaludon
|-damage|p2b: Archaludon|5/100
|-unboost|p1a: Archaludon|spa|2
|-ability|p2b: Archaludon|Stamina|boost
|-boost|p2b: Archaludon|def|1
|move|p2b: Archaludon|Body Press|p1a: Archaludon
|-resisted|p1a: Archaludon
|-damage|p1a: Archaludon|82/100
|move|p2a: Incineroar|Parting Shot|p1b: Garchomp
|-unboost|p1b: Garchomp|atk|1
|-unboost|p1b: Garchomp|spa|1
|
|t:|1756982909
|switch|p2a: Palafin|Palafin-Hero, L50, M|100/100|[from] Parting Shot
|-activate|p2a: Palafin|ability: Zero to Hero
|
|upkeep
|turn|3
|
|t:|1756982933
|switch|p1b: Tyranitar|Tyranitar, L50, M|100/100
|-weather|Sandstorm|[from] ability: Sand Stream|[of] p1b: Tyranitar
|-terastallize|p2a: Palafin|Water
|move|p1a: Archaludon|Electro Shot||[still]
|-prepare|p1a: Archaludon|Electro Shot
|-boost|p1a: Archaludon|spa|1
|-enditem|p1a: Archaludon|Power Herb
|-anim|p1a: Archaludon|Electro Shot|p2a: Palafin
|-supereffective|p2a: Palafin
|-damage|p2a: Palafin|42/100
|move|p2a: Palafin|Wave Crash|p1a: Archaludon
|-damage|p1a: Archaludon|0 fnt
|faint|p1a: Archaludon
|-damage|p2a: Palafin|19/100|[from] Recoil
|move|p2b: Archaludon|Draco Meteor|p1b: Tyranitar
|-damage|p1b: Tyranitar|76/100
|-unboost|p2b: Archaludon|spa|2
|
|-weather|Sandstorm|[upkeep]
|-damage|p2a: Palafin|12/100|[from] Sandstorm
|upkeep
|
|t:|1756982956
|switch|p1a: Talonflame|Talonflame, L50, M|100/100
|turn|4
|
|t:|1756982964
|move|p1a: Talonflame|Tailwind|p1a: Talonflame
|-sidestart|p1: washingtongargacha|move: Tailwind
|move|p2a: Palafin|Jet Punch|p1a: Talonflame
|-supereffective|p1a: Talonflame
|-damage|p1a: Talonflame|0 fnt
|faint|p1a: Talonflame
|move|p1b: Tyranitar|Rock Slide|p2b: Archaludon|[spread] p2a
|-miss|p1b: Tyranitar|p2b: Archaludon
|-damage|p2a: Palafin|0 fnt
|faint|p2a: Palafin
|move|p2b: Archaludon|Body Press|p1b: Tyranitar
|-supereffective|p1b: Tyranitar
|-damage|p1b: Tyranitar|0 fnt
|faint|p1b: Tyranitar
|
|-weather|Sandstorm|[upkeep]
|upkeep
|
|t:|1756982978
|switch|p2a: Incineroar|Incineroar, L50, M|35/100
|switch|p1b: Garchomp|Garchomp, L50, F|91/100
|-ability|p2a: Incineroar|Intimidate|boost
|-unboost|p1b: Garchomp|atk|1
|turn|5
|
|t:|1756982986
|move|p1b: Garchomp|Protect|p1b: Garchomp
|-singleturn|p1b: Garchomp|Protect
|move|p2a: Incineroar|Fake Out|p1b: Garchomp
|-activate|p1b: Garchomp|move: Protect
|move|p2b: Archaludon|Body Press|p1b: Garchomp
|-activate|p1b: Garchomp|move: Protect
|
|-weather|Sandstorm|[upkeep]
|upkeep
|turn|6
|
|t:|1756982994
|move|p1b: Garchomp|Earthquake|p2a: Incineroar|[spread] p2a,p2b
|-supereffective|p2a: Incineroar
|-supereffective|p2b: Archaludon
|-damage|p2a: Incineroar|0 fnt
|-damage|p2b: Archaludon|0 fnt
|faint|p2a: Incineroar
|faint|p2b: Archaludon
|-damage|p1b: Garchomp|81/100|[from] item: Life Orb
|
|-weather|Sandstorm|[upkeep]
|upkeep
|
|t:|1756982998
|switch|p2b: Pelipper|Pelipper, L50, M|100/100
|-weather|RainDance|[from] ability: Drizzle|[of] p2b: Pelipper
|turn|7
|
|t:|1756983009
|move|p1b: Garchomp|Dragon Claw|p2b: Pelipper
|-damage|p2b: Pelipper|53/100
|-damage|p1b: Garchomp|71/100|[from] item: Life Orb
|move|p2b: Pelipper|Tailwind|p2b: Pelipper
|-sidestart|p2: boykie629|move: Tailwind
|
|-weather|RainDance|[upkeep]
|-sideend|p1: washingtongargacha|move: Tailwind
|upkeep
|turn|8
|
|t:|1756983034
|move|p2b: Pelipper|Weather Ball|p1b: Garchomp
|-damage|p1b: Garchomp|0 fnt
|faint|p1b: Garchomp
|
|win|boykie629
