|j|☆The_AG_Is_Real
|j|☆threecheeseburgers
|html|The_AG_Is_Realthreecheeseburgers    
|uhtml|bestof|Game 3 of a best-of-3
|t:|1755349967
|gametype|doubles
|player|p1|The_AG_Is_Real|candice|1241
|player|p2|threecheeseburgers|lucas|1189
|gen|9
|tier|[Gen 9] VGC 2025 Reg H (Bo3)
|rated|
|rule|Species Clause: Limit one of each Pokémon
|rule|Item Clause: Limit 1 of each item
|clearpoke
|poke|p1|Indeedee-F, L50, F|
|poke|p1|Hatterene, L50, F|
|poke|p1|Torkoal, L50, M|
|poke|p1|Charizard, L50, F|
|poke|p1|Lilligant-Hisui, L50, F|
|poke|p1|Kingambit, L50, F|
|poke|p2|Whimsicott, L50, M|
|poke|p2|Typhlosion-Hisui, L50, M|
|poke|p2|Sneasler, L50, M|
|poke|p2|Indeedee, L50, M|
|poke|p2|Dragapult, L50, M|
|poke|p2|Ursaluna-Bloodmoon, L50, M|
|teampreview|4
|showteam|p1|Indeedee-F||PsychicSeed|PsychicSurge|FollowMe,Psychic,HelpingHand,TrickRoom|||F|||50|,,,,,Grass]Hatterene||LifeOrb|MagicBounce|ExpandingForce,DazzlingGleam,TrickRoom,Protect|||F|||50|,,,,,Psychic]Torkoal||Charcoal|Drought|Eruption,HeatWave,EarthPower,Protect|||M|||50|,,,,,Fire]Charizard||ChoiceScarf|SolarPower|HeatWave,WeatherBall,Overheat,AirSlash|||F|||50|,,,,,Fire]Lilligant-Hisui||FocusSash|Chlorophyll|CloseCombat,SleepPowder,AfterYou,Protect|||F|||50|,,,,,Ghost]Kingambit||AssaultVest|Defiant|KowtowCleave,SuckerPunch,IronHead,LowKick|||F|||50|,,,,,Dark
|showteam|p2|Whimsicott||CovertCloak|Prankster|Tailwind,Moonblast,Encore,SunnyDay|||M|||50|,,,,,Dark]Typhlosion-Hisui||ChoiceSpecs|Blaze|Eruption,HeatWave,Flamethrower,ShadowBall|||M|||50|,,,,,Fire]Sneasler||WhiteHerb|Unburden|CloseCombat,ThroatChop,DireClaw,Protect|||M|||50|,,,,,Dark]Indeedee||FocusSash|PsychicSurge|ExpandingForce,TeraBlast,Imprison,TrickRoom|||M|||50|,,,,,Fighting]Dragapult||ChoiceBand|ClearBody|DragonDarts,TeraBlast,PhantomForce,Uturn|||M|||50|,,,,,Ghost]Ursaluna-Bloodmoon||LifeOrb|MindsEye|BloodMoon,HyperVoice,EarthPower,Protect|||M|||50|,,,,,Normal
|inactive|Battle timer is ON: inactive players will automatically lose when time's up. (requested by threecheeseburgers)
|inactive|The_AG_Is_Real also wants the timer to be on.
|inactive|threecheeseburgers has 60 seconds left.
|
|t:|1755350000
|teamsize|p1|4
|teamsize|p2|4
|start
|switch|p1a: Kingambit|Kingambit, L50, F|100/100
|switch|p1b: Indeedee|Indeedee-F, L50, F|100/100
|switch|p2a: Whimsicott|Whimsicott, L50, M, shiny|100/100
|switch|p2b: Indeedee|Indeedee, L50, M, shiny|100/100
|-fieldstart|move: Psychic Terrain|[from] ability: Psychic Surge|[of] p2b: Indeedee
|-enditem|p1b: Indeedee|Psychic Seed
|-boost|p1b: Indeedee|spd|1|[from] item: Psychic Seed
|turn|1
|
|t:|1755350014
|move|p2a: Whimsicott|Tailwind|p2a: Whimsicott
|-sidestart|p2: threecheeseburgers|move: Tailwind
|move|p2b: Indeedee|Imprison|p2b: Indeedee
|-start|p2b: Indeedee|move: Imprison
|move|p1b: Indeedee|Psychic|p2b: Indeedee
|-resisted|p2b: Indeedee
|-damage|p2b: Indeedee|75/100
|move|p1a: Kingambit|Iron Head|p2a: Whimsicott
|-supereffective|p2a: Whimsicott
|-damage|p2a: Whimsicott|0 fnt
|faint|p2a: Whimsicott
|
|upkeep
|
|t:|1755350024
|switch|p2a: Typhlosion|Typhlosion-Hisui, L50, M, shiny|100/100
|turn|2
|
|t:|1755350036
|-terastallize|p2b: Indeedee|Fighting
|-terastallize|p1a: Kingambit|Dark
|move|p2b: Indeedee|Tera Blast|p1a: Kingambit|[anim] Tera Blast Fighting
|-supereffective|p1a: Kingambit
|-damage|p1a: Kingambit|57/100
|move|p2a: Typhlosion|Eruption|p1a: Kingambit|[spread] p1a,p1b
|-damage|p1a: Kingambit|2/100
|-damage|p1b: Indeedee|47/100
|move|p1b: Indeedee|Psychic|p2a: Typhlosion
|-damage|p2a: Typhlosion|47/100
|move|p1a: Kingambit|Kowtow Cleave|p2a: Typhlosion
|-supereffective|p2a: Typhlosion
|-damage|p2a: Typhlosion|0 fnt
|faint|p2a: Typhlosion
|
|upkeep
|
|t:|1755350046
|switch|p2a: Sneasler|Sneasler, L50, M, shiny|100/100
|turn|3
|
|t:|1755350058
|move|p1b: Indeedee|Follow Me|p1b: Indeedee
|-singleturn|p1b: Indeedee|move: Follow Me
|move|p2a: Sneasler|Throat Chop|p1b: Indeedee
|-supereffective|p1b: Indeedee
|-damage|p1b: Indeedee|0 fnt
|faint|p1b: Indeedee
|move|p2b: Indeedee|Tera Blast|p1a: Kingambit|[anim] Tera Blast Fighting
|-supereffective|p1a: Kingambit
|-damage|p1a: Kingambit|0 fnt
|faint|p1a: Kingambit
|
|upkeep
|
|t:|1755350063
|switch|p1b: Torkoal|Torkoal, L50, M|100/100
|switch|p1a: Charizard|Charizard, L50, F|100/100
|-weather|SunnyDay|[from] ability: Drought|[of] p1b: Torkoal
|turn|4
|
|t:|1755350072
|move|p2a: Sneasler|Dire Claw|p1a: Charizard
|-damage|p1a: Charizard|40/100
|-status|p1a: Charizard|slp
|move|p2b: Indeedee|Expanding Force|p1a: Charizard|[spread] p1a,p1b
|-damage|p1a: Charizard|0 fnt
|-damage|p1b: Torkoal|32/100
|faint|p1a: Charizard
|move|p1b: Torkoal|Heat Wave|p2a: Sneasler|[spread] p2a,p2b
|-damage|p2a: Sneasler|19/100
|-damage|p2b: Indeedee|6/100
|
|-weather|SunnyDay|[upkeep]
|-sideend|p2: threecheeseburgers|move: Tailwind
|upkeep
|turn|5
|-message|The_AG_Is_Real forfeited.
|raw|The_AG_Is_Real's rating: 1241 → 1212(-29 for losing)
|raw|threecheeseburgers's rating: 1189 → 1218(+29 for winning)
|
|win|threecheeseburgers
|l|☆The_AG_Is_Real
|player|p1|
