|j|☆VOVOMAXBEN10
|j|☆sum1dum
|html|VOVOMAXBEN10sum1dum    
|uhtml|bestof|Game 2 of a best-of-3
|t:|1783135983
|gametype|doubles
|player|p1|VOVOMAXBEN10|wattson|1335
|player|p2|sum1dum|rosa|1293
|gen|9
|tier|[Gen 9 Champions] VGC 2026 Reg M-B (Bo3)
|rated|
|rule|Species Clause: Limit one of each Pokémon
|rule|Item Clause: Limit 1 of each item
|clearpoke
|poke|p1|Gardevoir, L50, F|
|poke|p1|Talonflame, L50, M|
|poke|p1|Maushold-Four, L50|
|poke|p1|Kingambit, L50, F|
|poke|p1|Kommo-o, L50, F|
|poke|p1|Basculegion, L50, M|
|poke|p2|Gliscor, L50, M|
|poke|p2|Primarina, L50, M|
|poke|p2|Metagross, L50|
|poke|p2|Ninetales-Alola, L50, M|
|poke|p2|Incineroar, L50, F|
|poke|p2|Sinistcha, L50|
|teampreview|4
|showteam|p1|Gardevoir||Gardevoirite|Trace|HyperVoice,Psychic,Thunderbolt,Protect|Modest||F|||50|]Talonflame||SharpBeak|GaleWings|DualWingbeat,FlareBlitz,Tailwind,Protect|Jolly||M|||50|]Maushold-Four||FocusSash|FriendGuard|SuperFang,Taunt,FollowMe,Protect|Jolly|||||50|]Kingambit||ExpertBelt|Defiant|KowtowCleave,SuckerPunch,LowKick,IronHead|Jolly||F|||50|]Kommo-o||LifeOrb|Soundproof|ClangingScales,DracoMeteor,AuraSphere,Protect|Modest||F|||50|]Basculegion||ChoiceScarf|Adaptability|WaveCrash,LastRespects,AquaJet,FlipTurn|Jolly||M|||50|
|showteam|p2|Gliscor||LifeOrb|HyperCutter|DualWingbeat,HighHorsepower,Protect,RockSlide|Jolly||M|||50|]Primarina||Leftovers|LiquidVoice|CalmMind,HyperVoice,Moonblast,Protect|Modest||M|||50|]Metagross||Metagrossite|ClearBody|BulletPunch,IronHead,Protect,PsychicFangs|Jolly|||||50|]Ninetales-Alola||LightClay|SnowWarning|AuroraVeil,FreezeDry,Moonblast,Protect|Timid||M|||50|]Incineroar||ChopleBerry|Intimidate|FakeOut,FlareBlitz,DarkestLariat,PartingShot|Impish||F|||50|]Sinistcha||SitrusBerry|Hospitality|MatchaGotcha,Protect,LifeDew,RagePowder|Bold|||||50|
|inactive|Battle timer is ON: inactive players will automatically lose when time's up. (requested by sum1dum)
|inactive|sum1dum has 60 seconds left.
|
|t:|1783136020
|teamsize|p1|4
|teamsize|p2|4
|start
|switch|p1a: Basculegion|Basculegion, L50, M|100/100
|switch|p1b: Kingambit|Kingambit, L50, F|100/100
|switch|p2a: Justice|Incineroar, L50, F|100/100
|switch|p2b: Patience|Primarina, L50, M|100/100
|-ability|p2a: Justice|Intimidate|boost
|-unboost|p1a: Basculegion|atk|1
|-unboost|p1b: Kingambit|atk|1
|-ability|p1b: Kingambit|Defiant|boost
|-boost|p1b: Kingambit|atk|2
|turn|1
|
|t:|1783136042
|move|p2a: Justice|Fake Out|p1b: Kingambit
|-resisted|p1b: Kingambit|1
|-damage|p1b: Kingambit|95/100
|move|p1a: Basculegion|Wave Crash|p2a: Justice
|-supereffective|p2a: Justice|1
|-damage|p2a: Justice|26/100
|-damage|p1a: Basculegion|75/100|[from] Recoil
|cant|p1b: Kingambit|flinch
|move|p2b: Patience|Moonblast|p1b: Kingambit
|-damage|p1b: Kingambit|42/100
|
|upkeep
|turn|2
|
|t:|1783136058
|switch|p2a: Kindness|Sinistcha, L50|100/100
|move|p1a: Basculegion|Wave Crash|p2a: Kindness
|-resisted|p2a: Kindness|1
|-damage|p2a: Kindness|80/100
|-damage|p1a: Basculegion|70/100|[from] Recoil
|move|p1b: Kingambit|Iron Head|p2b: Patience
|-damage|p2b: Patience|35/100
|move|p2b: Patience|Moonblast|p1b: Kingambit
|-damage|p1b: Kingambit|0 fnt
|faint|p1b: Kingambit
|
|-heal|p2b: Patience|41/100|[from] item: Leftovers
|upkeep
|
|t:|1783136062
|switch|p1b: Gardevoir|Gardevoir, L50, F|100/100
|-ability|p1b: Gardevoir|Liquid Voice|Trace|[from] ability: Trace|[of] p2b: Patience
|turn|3
|
|t:|1783136087
|detailschange|p1b: Gardevoir|Gardevoir-Mega, L50, F
|-mega|p1b: Gardevoir|Gardevoir|Gardevoirite
|move|p2b: Patience|Protect|p2b: Patience
|-singleturn|p2b: Patience|Protect
|move|p1a: Basculegion|Wave Crash|p2a: Kindness
|-resisted|p2a: Kindness|1
|-damage|p2a: Kindness|61/100
|-damage|p1a: Basculegion|64/100|[from] Recoil
|move|p1b: Gardevoir|Hyper Voice|p2b: Patience|[spread] p2a
|-activate|p2b: Patience|move: Protect
|-damage|p2a: Kindness|2/100
|-enditem|p2a: Kindness|Sitrus Berry|[eat]
|-heal|p2a: Kindness|27/100|[from] item: Sitrus Berry
|move|p2a: Kindness|Life Dew|p2a: Kindness|[spread] p2a,p2b
|-heal|p2a: Kindness|52/100
|-heal|p2b: Patience|66/100
|
|-heal|p2b: Patience|72/100|[from] item: Leftovers
|upkeep
|turn|4
|
|t:|1783136104
|switch|p2b: Justice|Incineroar, L50, F|26/100
|-ability|p2b: Justice|Intimidate|boost
|-unboost|p1a: Basculegion|atk|1
|-unboost|p1b: Gardevoir|atk|1
|move|p1a: Basculegion|Wave Crash|p2b: Justice
|-supereffective|p2b: Justice|1
|-damage|p2b: Justice|0 fnt
|faint|p2b: Justice
|-damage|p1a: Basculegion|55/100|[from] Recoil
|move|p1b: Gardevoir|Hyper Voice|p2a: Kindness
|-damage|p2a: Kindness|0 fnt
|faint|p2a: Kindness
|
|upkeep
|
|t:|1783136109
|switch|p2a: Patience|Primarina, L50, M|72/100
|switch|p2b: Perserverance|Metagross, L50|100/100
|turn|5
|
|t:|1783136118
|switch|p1a: Talonflame|Talonflame, L50, M|100/100
|detailschange|p2b: Perserverance|Metagross-Mega, L50
|-mega|p2b: Perserverance|Metagross|Metagrossite
|move|p1b: Gardevoir|Protect|p1b: Gardevoir
|-singleturn|p1b: Gardevoir|Protect
|move|p2b: Perserverance|Iron Head|p1b: Gardevoir
|-activate|p1b: Gardevoir|move: Protect
|move|p2a: Patience|Moonblast|p1a: Talonflame
|-resisted|p1a: Talonflame|1
|-damage|p1a: Talonflame|63/100
|
|-heal|p2a: Patience|78/100|[from] item: Leftovers
|upkeep
|turn|6
|
|t:|1783136133
|move|p2b: Perserverance|Bullet Punch|p1b: Gardevoir
|-supereffective|p1b: Gardevoir|1
|-damage|p1b: Gardevoir|0 fnt
|faint|p1b: Gardevoir
|move|p1a: Talonflame|Tailwind|p1a: Talonflame
|-sidestart|p1: VOVOMAXBEN10|move: Tailwind
|move|p2a: Patience|Hyper Voice|p1a: Talonflame
|-supereffective|p1a: Talonflame|1
|-damage|p1a: Talonflame|0 fnt
|faint|p1a: Talonflame
|
|-heal|p2a: Patience|84/100|[from] item: Leftovers
|upkeep
|
|t:|1783136137
|switch|p1b: Basculegion|Basculegion, L50, M|55/100
|turn|7
|
|t:|1783136145
|move|p2b: Perserverance|Protect|p2b: Perserverance
|-singleturn|p2b: Perserverance|Protect
|move|p1b: Basculegion|Last Respects|p2b: Perserverance
|-activate|p2b: Perserverance|move: Protect
|move|p2a: Patience|Moonblast|p1b: Basculegion
|-damage|p1b: Basculegion|1/100
|
|-heal|p2a: Patience|90/100|[from] item: Leftovers
|upkeep
|turn|8
|-message|VOVOMAXBEN10 forfeited.
|
|win|sum1dum
