|j|☆psychic system
|j|☆0hgan
|html|psychic system0hgan    
|uhtml|bestof|Game 3 of a best-of-3
|t:|1756757526
|gametype|doubles
|player|p1|psychic system|lucas|1110
|player|p2|0hgan|brycenman|1226
|gen|9
|tier|[Gen 9] VGC 2025 Reg H (Bo3)
|rated|
|rule|Species Clause: Limit one of each Pokémon
|rule|Item Clause: Limit 1 of each item
|clearpoke
|poke|p1|Rillaboom, L50, F|
|poke|p1|Milotic, L50, M|
|poke|p1|Florges, L50, F|
|poke|p1|Amoonguss, L50, M|
|poke|p1|Kingambit, L50, M|
|poke|p1|Typhlosion-Hisui, L50, F|
|poke|p2|Indeedee, L50, M|
|poke|p2|Sneasler, L50, F|
|poke|p2|Excadrill, L50, F|
|poke|p2|Magmar, L50, F|
|poke|p2|Corviknight, L50, M|
|poke|p2|Tyranitar, L50, M|
|teampreview|4
|showteam|p1|Rillaboom||AssaultVest|GrassySurge|FakeOut,GrassyGlide,DrumBeating,HighHorsepower|||F|||50|,,,,,Fire]Milotic||SafetyGoggles|Competitive|Scald,IcyWind,Haze,Protect|||M|||50|,,,,,Grass]Florges||Leftovers|FlowerVeil|CalmMind,Moonblast,SkillSwap,Protect|||F|||50|,,,,,Poison]Amoonguss||SitrusBerry|Regenerator|ClearSmog,Spore,PollenPuff,RagePowder|||M|||50|,,,,,Water]Kingambit||BlackGlasses|Defiant|Protect,KowtowCleave,SuckerPunch,SwordsDance|||M|||50|,,,,,Dark]Typhlosion-Hisui||ChoiceScarf|Blaze|Eruption,HeatWave,ShadowBall,FocusBlast|||F|||50|,,,,,Fire
|showteam|p2|Indeedee||ChoiceScarf|PsychicSurge|ExpandingForce,TeraBlast,Trick,Protect|||M|||50|,,,,,Psychic]Sneasler||WhiteHerb|Unburden|FakeOut,CloseCombat,DireClaw,Coaching|||F|||50|,,,,,Flying]Excadrill||FocusSash|SandRush|Earthquake,IronHead,SwordsDance,Protect|||F|||50|,,,,,Ground]Magmar||Eviolite|VitalSpirit|HeatWave,FollowMe,HelpingHand,Protect|||F|||50|,,,,,Flying]Corviknight||PsychicSeed|MirrorArmor|BraveBird,PowerTrip,BulkUp,Roost|||M|||50|,,,,,Water]Tyranitar||AssaultVest|SandStream|RockSlide,KnockOff,LowKick,TeraBlast|||M|||50|,,,,,Flying
|inactive|Battle timer is ON: inactive players will automatically lose when time's up. (requested by 0hgan)
|inactive|psychic system has 60 seconds left.
|inactive|0hgan has 60 seconds left.
|inactive|0hgan has 30 seconds left.
|inactive|0hgan has 20 seconds left.
|
|t:|1756757596
|teamsize|p1|4
|teamsize|p2|4
|start
|switch|p1a: Amoonguss|Amoonguss, L50, M|100/100
|switch|p1b: Rillaboom|Rillaboom, L50, F|100/100
|switch|p2a: Sneasler|Sneasler, L50, F|100/100
|switch|p2b: Corviknight|Corviknight, L50, M|100/100
|-fieldstart|move: Grassy Terrain|[from] ability: Grassy Surge|[of] p1b: Rillaboom
|turn|1
|inactive|0hgan has 30 seconds left.
|inactive|0hgan has 20 seconds left.
|inactive|0hgan has 15 seconds left.
|
|t:|1756757640
|switch|p2a: Indeedee|Indeedee, L50, M|100/100
|-fieldstart|move: Psychic Terrain|[from] ability: Psychic Surge|[of] p2a: Indeedee
|-enditem|p2b: Corviknight|Psychic Seed
|-boost|p2b: Corviknight|spd|1|[from] item: Psychic Seed
|move|p2b: Corviknight|Brave Bird|p1b: Rillaboom
|-supereffective|p1b: Rillaboom
|-damage|p1b: Rillaboom|11/100
|-damage|p2b: Corviknight|70/100|[from] Recoil
|move|p1b: Rillaboom|High Horsepower|p2a: Indeedee
|-damage|p2a: Indeedee|31/100
|move|p1a: Amoonguss|Spore|p2b: Corviknight
|-status|p2b: Corviknight|slp|[from] move: Spore
|
|upkeep
|turn|2
|inactive|psychic system has 30 seconds left.
|inactive|psychic system has 20 seconds left.
|inactive|psychic system has 15 seconds left.
|
|t:|1756757681
|switch|p2b: Sneasler|Sneasler, L50, F|100/100
|switch|p1b: Milotic|Milotic, L50, M|100/100
|-terastallize|p2a: Indeedee|Psychic
|-terastallize|p1a: Amoonguss|Water
|move|p2a: Indeedee|Expanding Force|p1b: Milotic|[spread] p1a,p1b
|-damage|p1a: Amoonguss|34/100
|-damage|p1b: Milotic|41/100
|-enditem|p1a: Amoonguss|Sitrus Berry|[eat]
|-heal|p1a: Amoonguss|59/100|[from] item: Sitrus Berry
|move|p1a: Amoonguss|Spore|p2a: Indeedee
|-status|p2a: Indeedee|slp|[from] move: Spore
|
|upkeep
|turn|3
|inactive|psychic system has 30 seconds left.
|
|t:|1756757710
|cant|p2a: Indeedee|slp
|move|p2b: Sneasler|Close Combat|p1a: Amoonguss
|-damage|p1a: Amoonguss|13/100
|-unboost|p2b: Sneasler|def|1
|-unboost|p2b: Sneasler|spd|1
|-enditem|p2b: Sneasler|White Herb
|-clearnegativeboost|p2b: Sneasler|[silent]
|move|p1b: Milotic|Scald|p2b: Sneasler
|-damage|p2b: Sneasler|58/100
|move|p1a: Amoonguss|Spore|p2b: Sneasler
|-status|p2b: Sneasler|slp|[from] move: Spore
|
|upkeep
|turn|4
|
|t:|1756757726
|switch|p1a: Rillaboom|Rillaboom, L50, F|11/100
|-fieldstart|move: Grassy Terrain|[from] ability: Grassy Surge|[of] p1a: Rillaboom
|cant|p2b: Sneasler|slp
|-curestatus|p2a: Indeedee|slp|[msg]
|move|p2a: Indeedee|Expanding Force|p1a: Rillaboom
|-damage|p1a: Rillaboom|0 fnt
|faint|p1a: Rillaboom
|move|p1b: Milotic|Scald|p2a: Indeedee
|-damage|p2a: Indeedee|0 fnt
|faint|p2a: Indeedee
|
|-heal|p2b: Sneasler|64/100 slp|[from] Grassy Terrain
|-heal|p1b: Milotic|47/100|[from] Grassy Terrain
|upkeep
|inactive|psychic system has 30 seconds left.
|
|t:|1756757756
|switch|p2a: Corviknight|Corviknight, L50, M|70/100 slp
|switch|p1a: Amoonguss|Amoonguss, L50, M, tera:Water|46/100
|turn|5
|
|t:|1756757770
|switch|p1a: Florges|Florges, L50, F|100/100
|cant|p2b: Sneasler|slp
|move|p1b: Milotic|Scald|p2b: Sneasler
|-damage|p2b: Sneasler|22/100 slp
|cant|p2a: Corviknight|slp
|
|-heal|p2b: Sneasler|28/100 slp|[from] Grassy Terrain
|-heal|p1b: Milotic|53/100|[from] Grassy Terrain
|upkeep
|turn|6
|
|t:|1756757783
|switch|p1a: Amoonguss|Amoonguss, L50, M, tera:Water|79/100
|cant|p2b: Sneasler|slp
|move|p1b: Milotic|Scald|p2b: Sneasler
|-damage|p2b: Sneasler|0 fnt
|faint|p2b: Sneasler
|-curestatus|p2a: Corviknight|slp|[msg]
|move|p2a: Corviknight|Bulk Up|p2a: Corviknight
|-boost|p2a: Corviknight|atk|1
|-boost|p2a: Corviknight|def|1
|
|-heal|p1b: Milotic|59/100|[from] Grassy Terrain
|-heal|p1a: Amoonguss|84/100|[from] Grassy Terrain
|upkeep
|
|t:|1756757789
|switch|p2b: Tyranitar|Tyranitar, L50, M|100/100
|-weather|Sandstorm|[from] ability: Sand Stream|[of] p2b: Tyranitar
|turn|7
|inactive|psychic system has 30 seconds left.
|inactive|psychic system has 20 seconds left.
|inactive|psychic system has 15 seconds left.
|
|t:|1756757829
|move|p1b: Milotic|Haze|p1b: Milotic
|-clearallboost
|move|p2a: Corviknight|Brave Bird|p1a: Amoonguss
|-damage|p1a: Amoonguss|48/100
|-damage|p2a: Corviknight|57/100|[from] Recoil
|move|p2b: Tyranitar|Rock Slide|p1b: Milotic|[spread] p1a,p1b
|-damage|p1a: Amoonguss|25/100
|-damage|p1b: Milotic|29/100
|move|p1a: Amoonguss|Spore|p2b: Tyranitar
|-status|p2b: Tyranitar|slp|[from] move: Spore
|
|-weather|Sandstorm|[upkeep]
|-damage|p1a: Amoonguss|19/100|[from] Sandstorm
|-heal|p1b: Milotic|35/100|[from] Grassy Terrain
|-heal|p1a: Amoonguss|25/100|[from] Grassy Terrain
|upkeep
|turn|8
|
|t:|1756757847
|move|p1b: Milotic|Icy Wind|p2b: Tyranitar|[spread] p2a,p2b
|-damage|p2a: Corviknight|47/100
|-damage|p2b: Tyranitar|96/100 slp
|-ability|p2a: Corviknight|Mirror Armor
|-unboost|p1b: Milotic|spe|1
|-ability|p1b: Milotic|Competitive|boost
|-boost|p1b: Milotic|spa|2
|-unboost|p2b: Tyranitar|spe|1
|move|p2a: Corviknight|Brave Bird|p1b: Milotic
|-damage|p1b: Milotic|0 fnt
|faint|p1b: Milotic
|-damage|p2a: Corviknight|36/100|[from] Recoil
|cant|p2b: Tyranitar|slp
|move|p1a: Amoonguss|Spore|p2a: Corviknight
|-status|p2a: Corviknight|slp|[from] move: Spore
|
|-weather|Sandstorm|[upkeep]
|-damage|p1a: Amoonguss|19/100|[from] Sandstorm
|-heal|p2b: Tyranitar|100/100 slp|[from] Grassy Terrain
|-heal|p1a: Amoonguss|25/100|[from] Grassy Terrain
|-fieldend|move: Grassy Terrain
|upkeep
|
|t:|1756757867
|switch|p1b: Florges|Florges, L50, F|100/100
|turn|9
|
|t:|1756757888
|cant|p2a: Corviknight|slp
|move|p1b: Florges|Calm Mind|p1b: Florges
|-boost|p1b: Florges|spa|1
|-boost|p1b: Florges|spd|1
|cant|p2b: Tyranitar|slp
|move|p1a: Amoonguss|Pollen Puff|p2b: Tyranitar
|-supereffective|p2b: Tyranitar
|-damage|p2b: Tyranitar|87/100 slp
|
|-weather|Sandstorm|[upkeep]
|-damage|p1b: Florges|94/100|[from] Sandstorm
|-damage|p1a: Amoonguss|19/100|[from] Sandstorm
|-heal|p1b: Florges|100/100|[from] item: Leftovers
|upkeep
|turn|10
|
|t:|1756757910
|cant|p2a: Corviknight|slp
|move|p1b: Florges|Moonblast|p2b: Tyranitar
|-supereffective|p2b: Tyranitar
|-damage|p2b: Tyranitar|43/100 slp
|-unboost|p2b: Tyranitar|spa|1
|cant|p2b: Tyranitar|slp
|move|p1a: Amoonguss|Spore|p2a: Corviknight
|-fail|p2a: Corviknight|slp
|
|-weather|Sandstorm|[upkeep]
|-damage|p1b: Florges|94/100|[from] Sandstorm
|-damage|p1a: Amoonguss|13/100|[from] Sandstorm
|-heal|p1b: Florges|100/100|[from] item: Leftovers
|upkeep
|turn|11
|inactive|0hgan has 30 seconds left.
|
|t:|1756757936
|-curestatus|p2a: Corviknight|slp|[msg]
|move|p2a: Corviknight|Brave Bird|p1a: Amoonguss
|-damage|p1a: Amoonguss|0 fnt
|faint|p1a: Amoonguss
|-damage|p2a: Corviknight|31/100|[from] Recoil
|move|p1b: Florges|Moonblast|p2b: Tyranitar
|-supereffective|p2b: Tyranitar
|-damage|p2b: Tyranitar|1/100 slp
|-curestatus|p2b: Tyranitar|slp|[msg]
|move|p2b: Tyranitar|Rock Slide|p1b: Florges
|-damage|p1b: Florges|64/100
|
|-weather|none
|-heal|p1b: Florges|70/100|[from] item: Leftovers
|upkeep
|turn|12
|
|t:|1756757958
|move|p2a: Corviknight|Roost|p2a: Corviknight
|-heal|p2a: Corviknight|81/100
|-singleturn|p2a: Corviknight|move: Roost
|move|p1b: Florges|Moonblast|p2b: Tyranitar
|-supereffective|p2b: Tyranitar
|-damage|p2b: Tyranitar|0 fnt
|faint|p2b: Tyranitar
|
|-heal|p1b: Florges|77/100|[from] item: Leftovers
|upkeep
|turn|13
|
|t:|1756757977
|move|p2a: Corviknight|Bulk Up|p2a: Corviknight
|-boost|p2a: Corviknight|atk|1
|-boost|p2a: Corviknight|def|1
|move|p1b: Florges|Calm Mind|p1b: Florges
|-boost|p1b: Florges|spa|1
|-boost|p1b: Florges|spd|1
|
|-heal|p1b: Florges|83/100|[from] item: Leftovers
|upkeep
|turn|14
|
|t:|1756757993
|move|p2a: Corviknight|Brave Bird|p1b: Florges
|-damage|p1b: Florges|23/100
|-damage|p2a: Corviknight|64/100|[from] Recoil
|move|p1b: Florges|Moonblast|p2a: Corviknight
|-resisted|p2a: Corviknight
|-damage|p2a: Corviknight|28/100
|-ability|p2a: Corviknight|Mirror Armor
|-unboost|p1b: Florges|spa|1
|
|-heal|p1b: Florges|29/100|[from] item: Leftovers
|upkeep
|turn|15
|
|t:|1756758009
|move|p2a: Corviknight|Brave Bird|p1b: Florges
|-damage|p1b: Florges|0 fnt
|faint|p1b: Florges
|-damage|p2a: Corviknight|19/100|[from] Recoil
|
|win|0hgan
|raw|psychic system's rating: 1110 → 1093(-17 for losing)
|raw|0hgan's rating: 1226 → 1243(+17 for winning)
|l|☆psychic system
|player|p1|
|j|☆psychic system
|player|p1|psychic system|lucas|
