|j|☆ikillmiceforajob
|j|☆HumanPlaysVGC
|html|ikillmiceforajobHumanPlaysVGC    
|uhtml|bestof|Game 2 of a best-of-3
|t:|1756499867
|gametype|doubles
|player|p1|ikillmiceforajob|pokemaniac|1027
|player|p2|HumanPlaysVGC|n-masters3|1014
|gen|9
|tier|[Gen 9] VGC 2025 Reg H (Bo3)
|rated|
|rule|Species Clause: Limit one of each Pokémon
|rule|Item Clause: Limit 1 of each item
|clearpoke
|poke|p1|Sneasler, L50, M|
|poke|p1|Ursaluna, L50, F|
|poke|p1|Dragonite, L50, M|
|poke|p1|Rillaboom, L50, F|
|poke|p1|Incineroar, L50, F|
|poke|p1|Archaludon, L50, M|
|poke|p2|Weezing-Galar, L50, F|
|poke|p2|Toedscruel, L50, M|
|poke|p2|Corviknight, L50, M|
|poke|p2|Incineroar, L50, M|
|poke|p2|Garchomp, L50, F|
|poke|p2|Indeedee, L50, M|
|teampreview|4
|showteam|p1|Sneasler||WhiteHerb|Unburden|Protect,CloseCombat,DireClaw,Coaching|||M|||50|,,,,,Fairy]Ursaluna||FlameOrb|Guts|Protect,HeadlongRush,Facade,Earthquake|||F|||50|,,,,,Ghost]Dragonite||LoadedDice|Multiscale|Protect,ScaleShot,Haze,Tailwind|||M|||50|,,,,,Grass]Rillaboom||AssaultVest|GrassySurge|FakeOut,GrassyGlide,WoodHammer,HighHorsepower|||F|||50|,,,,,Fire]Incineroar||SafetyGoggles|Intimidate|FakeOut,KnockOff,FlareBlitz,PartingShot|||F|||50|,,,,,Ghost]Archaludon||PowerHerb|Stamina|Protect,BodyPress,ElectroShot,DracoMeteor|||M|||50|,,,,,Electric
|showteam|p2|Weezing-Galar||SitrusBerry|NeutralizingGas|DazzlingGleam,SludgeBomb,Protect,Taunt|||F|||50|,,,,,Grass]Toedscruel||CovertCloak|MyceliumMight|Spore,RagePowder,EarthPower,AcidSpray|||M|||50|,,,,,Water]Corviknight||RockyHelmet|MirrorArmor|Tailwind,BraveBird,Protect,Roost|||M|||50|,,,,,Dragon]Incineroar||AbilityShield|Intimidate|FakeOut,KnockOff,PartingShot,Taunt|||M|||50|,,,,,Ghost]Garchomp||LifeOrb|RoughSkin|DragonClaw,Earthquake,Protect,StompingTantrum|||F|||50|,,,,,Ground]Indeedee||FocusSash|PsychicSurge|ExpandingForce,DazzlingGleam,Protect,TrickRoom|||M|||50|,,,,,Psychic
|
|t:|1756499934
|teamsize|p1|4
|teamsize|p2|4
|start
|switch|p1a: Sneasler|Sneasler, L50, M|100/100
|switch|p1b: Incineroar|Incineroar, L50, F|100/100
|switch|p2a: Weezing|Weezing-Galar, L50, F|100/100
|switch|p2b: Toedscruel|Toedscruel, L50, M|100/100
|-ability|p2a: Weezing|Neutralizing Gas
|turn|1
|inactive|Battle timer is ON: inactive players will automatically lose when time's up. (requested by HumanPlaysVGC)
|inactive|ikillmiceforajob has 60 seconds left.
|
|t:|1756499985
|move|p1a: Sneasler|Dire Claw|p2b: Toedscruel
|-damage|p2b: Toedscruel|45/100
|move|p2b: Toedscruel|Earth Power|p1a: Sneasler
|-supereffective|p1a: Sneasler
|-damage|p1a: Sneasler|22/100
|-unboost|p1a: Sneasler|spd|1
|-enditem|p1a: Sneasler|White Herb
|-clearnegativeboost|p1a: Sneasler|[silent]
|move|p2a: Weezing|Dazzling Gleam|p1b: Incineroar|[spread] p1a,p1b
|-damage|p1a: Sneasler|0 fnt
|-damage|p1b: Incineroar|84/100
|faint|p1a: Sneasler
|move|p1b: Incineroar|Knock Off|p2a: Weezing
|-resisted|p2a: Weezing
|-damage|p2a: Weezing|84/100
|-enditem|p2a: Weezing|Sitrus Berry|[from] move: Knock Off|[of] p1b: Incineroar
|
|upkeep
|
|t:|1756500005
|switch|p1a: Ursaluna|Ursaluna, L50, F|100/100
|turn|2
|
|t:|1756500019
|switch|p2b: Garchomp|Garchomp, L50, F|100/100
|switch|p1b: Rillaboom|Rillaboom, L50, F|100/100
|move|p2a: Weezing|Taunt|p1b: Rillaboom
|-start|p1b: Rillaboom|move: Taunt
|move|p1a: Ursaluna|Earthquake|p2a: Weezing|[spread] p1b,p2a,p2b
|-resisted|p1b: Rillaboom
|-supereffective|p2a: Weezing
|-damage|p1b: Rillaboom|84/100
|-damage|p2a: Weezing|13/100
|-damage|p2b: Garchomp|54/100
|
|-status|p1a: Ursaluna|brn|[from] item: Flame Orb
|upkeep
|turn|3
|inactive|ikillmiceforajob has 30 seconds left.
|inactive|HumanPlaysVGC has 30 seconds left.
|
|t:|1756500050
|-end|p2a: Weezing|ability: Neutralizing Gas
|-fieldstart|move: Grassy Terrain|[from] ability: Grassy Surge|[of] p1b: Rillaboom
|switch|p2a: Toedscruel|Toedscruel, L50, M|45/100
|move|p2b: Garchomp|Protect|p2b: Garchomp
|-singleturn|p2b: Garchomp|Protect
|move|p1b: Rillaboom|Wood Hammer|p2b: Garchomp
|-activate|p2b: Garchomp|move: Protect
|move|p1a: Ursaluna|Earthquake|p2a: Toedscruel|[spread] p1b,p2a
|-activate|p2b: Garchomp|move: Protect
|-resisted|p1b: Rillaboom
|-resisted|p2a: Toedscruel
|-damage|p1b: Rillaboom|73/100
|-damage|p2a: Toedscruel|25/100
|
|-heal|p2a: Toedscruel|31/100|[from] Grassy Terrain
|-heal|p2b: Garchomp|60/100|[from] Grassy Terrain
|-heal|p1b: Rillaboom|79/100|[from] Grassy Terrain
|-damage|p1a: Ursaluna|94/100 brn|[from] brn
|upkeep
|turn|4
|inactive|HumanPlaysVGC has 30 seconds left.
|
|t:|1756500084
|switch|p2b: Incineroar|Incineroar, L50, M|100/100
|-ability|p2b: Incineroar|Intimidate|boost
|-unboost|p1a: Ursaluna|atk|1
|-unboost|p1b: Rillaboom|atk|1
|move|p2a: Toedscruel|Acid Spray|p1b: Rillaboom
|-supereffective|p1b: Rillaboom
|-damage|p1b: Rillaboom|67/100
|-unboost|p1b: Rillaboom|spd|2
|move|p1b: Rillaboom|Wood Hammer|p2b: Incineroar
|-resisted|p2b: Incineroar
|-damage|p2b: Incineroar|84/100
|-damage|p1b: Rillaboom|61/100|[from] Recoil
|move|p1a: Ursaluna|Earthquake|p2a: Toedscruel|[spread] p1b,p2a,p2b
|-resisted|p1b: Rillaboom
|-resisted|p2a: Toedscruel
|-supereffective|p2b: Incineroar
|-crit|p2b: Incineroar
|-damage|p1b: Rillaboom|54/100
|-damage|p2a: Toedscruel|15/100
|-damage|p2b: Incineroar|2/100
|
|-heal|p2a: Toedscruel|22/100|[from] Grassy Terrain
|-heal|p1b: Rillaboom|59/100|[from] Grassy Terrain
|-heal|p1a: Ursaluna|100/100 brn|[from] Grassy Terrain
|-heal|p2b: Incineroar|8/100|[from] Grassy Terrain
|-damage|p1a: Ursaluna|94/100 brn|[from] brn
|-end|p1b: Rillaboom|move: Taunt
|upkeep
|turn|5
|inactive|ikillmiceforajob has 30 seconds left.
|inactive|HumanPlaysVGC has 30 seconds left.
|
|t:|1756500119
|switch|p1a: Incineroar|Incineroar, L50, F|84/100
|-ability|p1a: Incineroar|Intimidate|boost
|-unboost|p2a: Toedscruel|atk|1
|-unboost|p2b: Incineroar|atk|1
|move|p2b: Incineroar|Fake Out|p1a: Incineroar
|-damage|p1a: Incineroar|78/100
|move|p1b: Rillaboom|Grassy Glide|p2b: Incineroar
|-resisted|p2b: Incineroar
|-damage|p2b: Incineroar|1/100
|move|p2a: Toedscruel|Acid Spray|p1b: Rillaboom
|-supereffective|p1b: Rillaboom
|-damage|p1b: Rillaboom|35/100
|-unboost|p1b: Rillaboom|spd|2
|
|-heal|p2a: Toedscruel|28/100|[from] Grassy Terrain
|-heal|p1b: Rillaboom|41/100|[from] Grassy Terrain
|-heal|p2b: Incineroar|7/100|[from] Grassy Terrain
|-heal|p1a: Incineroar|84/100|[from] Grassy Terrain
|upkeep
|turn|6
|inactive|ikillmiceforajob has 30 seconds left.
|inactive|HumanPlaysVGC has 30 seconds left.
|inactive|HumanPlaysVGC has 20 seconds left.
|
|t:|1756500156
|move|p1a: Incineroar|Fake Out|p2b: Incineroar
|-crit|p2b: Incineroar
|-damage|p2b: Incineroar|0 fnt
|faint|p2b: Incineroar
|move|p2a: Toedscruel|Earth Power|p1b: Rillaboom
|-resisted|p1b: Rillaboom
|-damage|p1b: Rillaboom|11/100
|move|p1b: Rillaboom|Wood Hammer|p2a: Toedscruel
|-damage|p2a: Toedscruel|0 fnt
|faint|p2a: Toedscruel
|-damage|p1b: Rillaboom|3/100|[from] Recoil
|
|-heal|p1b: Rillaboom|9/100|[from] Grassy Terrain
|-heal|p1a: Incineroar|90/100|[from] Grassy Terrain
|upkeep
|
|t:|1756500164
|switch|p2a: Weezing|Weezing-Galar, L50, F|13/100
|switch|p2b: Garchomp|Garchomp, L50, F|60/100
|-ability|p2a: Weezing|Neutralizing Gas
|turn|7
|inactive|ikillmiceforajob has 30 seconds left.
|inactive|ikillmiceforajob has 20 seconds left.
|
|t:|1756500202
|-terastallize|p1a: Incineroar|Ghost
|move|p2a: Weezing|Protect|p2a: Weezing
|-singleturn|p2a: Weezing|Protect
|move|p2b: Garchomp|Earthquake|p1b: Rillaboom|[spread] p1a,p1b
|-activate|p2a: Weezing|move: Protect
|-resisted|p1b: Rillaboom
|-damage|p1a: Incineroar|71/100
|-damage|p1b: Rillaboom|0 fnt
|faint|p1b: Rillaboom
|-damage|p2b: Garchomp|50/100|[from] item: Life Orb
|move|p1a: Incineroar|Parting Shot|p2b: Garchomp
|-unboost|p2b: Garchomp|atk|1
|-unboost|p2b: Garchomp|spa|1
|
|t:|1756500214
|switch|p1a: Ursaluna|Ursaluna, L50, F|94/100 brn|[from] Parting Shot
|
|-heal|p2b: Garchomp|56/100|[from] Grassy Terrain
|-heal|p2a: Weezing|19/100|[from] Grassy Terrain
|-heal|p1a: Ursaluna|100/100 brn|[from] Grassy Terrain
|-damage|p1a: Ursaluna|94/100 brn|[from] brn
|-fieldend|move: Grassy Terrain
|upkeep
|
|t:|1756500225
|switch|p1b: Incineroar|Incineroar, L50, F, tera:Ghost|71/100
|turn|8
|
|t:|1756500240
|-terastallize|p2a: Weezing|Grass
|move|p2b: Garchomp|Protect|p2b: Garchomp
|-singleturn|p2b: Garchomp|Protect
|move|p1b: Incineroar|Fake Out|p2b: Garchomp
|-activate|p2b: Garchomp|move: Protect
|move|p2a: Weezing|Dazzling Gleam|p1a: Ursaluna|[spread] p1a,p1b
|-damage|p1a: Ursaluna|76/100 brn
|-damage|p1b: Incineroar|54/100
|move|p1a: Ursaluna|Earthquake|p2b: Garchomp|[spread] p1b,p2a
|-activate|p2b: Garchomp|move: Protect
|-resisted|p2a: Weezing
|-damage|p1b: Incineroar|38/100
|-damage|p2a: Weezing|9/100
|
|-damage|p1a: Ursaluna|70/100 brn|[from] brn
|upkeep
|turn|9
|inactive|ikillmiceforajob has 30 seconds left.
|inactive|HumanPlaysVGC has 30 seconds left.
|
|t:|1756500271
|move|p2a: Weezing|Protect|p2a: Weezing
|-singleturn|p2a: Weezing|Protect
|move|p2b: Garchomp|Earthquake|p1b: Incineroar|[spread] p1a,p1b
|-activate|p2a: Weezing|move: Protect
|-damage|p1a: Ursaluna|41/100 brn
|-damage|p1b: Incineroar|14/100
|-damage|p2b: Garchomp|47/100|[from] item: Life Orb
|move|p1a: Ursaluna|Facade|p2b: Garchomp
|-damage|p2b: Garchomp|0 fnt
|faint|p2b: Garchomp
|move|p1b: Incineroar|Flare Blitz|p2a: Weezing
|-activate|p2a: Weezing|move: Protect
|
|-damage|p1a: Ursaluna|34/100 brn|[from] brn
|upkeep
|turn|10
|
|t:|1756500290
|move|p2a: Weezing|Dazzling Gleam|p1b: Incineroar|[spread] p1a,p1b
|-damage|p1a: Ursaluna|18/100 brn
|-damage|p1b: Incineroar|0 fnt
|faint|p1b: Incineroar
|move|p1a: Ursaluna|Facade|p2a: Weezing
|-damage|p2a: Weezing|0 fnt
|faint|p2a: Weezing
|-end|p2a: Weezing|ability: Neutralizing Gas
|
|win|ikillmiceforajob
||ikillmiceforajob is ready for game 3.
||HumanPlaysVGC is ready for game 3.
|uhtml|next|Next: Game 3 of 3
