|j|☆lysha
|j|☆DamEdge
|html|lyshaDamEdge    
|uhtml|bestof|Game 2 of a best-of-3
|t:|1783702431
|gametype|doubles
|player|p1|lysha|parasollady|
|player|p2|DamEdge|teamrocket|
|gen|9
|tier|[Gen 9 Champions] VGC 2026 Reg M-B (Bo3)
|rule|Species Clause: Limit one of each Pokémon
|rule|Item Clause: Limit 1 of each item
|clearpoke
|poke|p1|Delphox, L50, M, shiny|
|poke|p1|Gyarados, L50, F, shiny|
|poke|p1|Incineroar, L50, M, shiny|
|poke|p1|Sinistcha, L50|
|poke|p1|Sneasler, L50, F|
|poke|p1|Kingambit, L50, M|
|poke|p2|Blastoise, L50, F|
|poke|p2|Delphox, L50, F|
|poke|p2|Sneasler, L50, F|
|poke|p2|Kingambit, L50, M|
|poke|p2|Sinistcha, L50|
|poke|p2|Incineroar, L50, F, shiny|
|teampreview|4
|showteam|p1|Delphox||Delphoxite|Blaze|HeatWave,Psyshock,NastyPlot,Protect|Timid||M|||50|]Gyarados||Gyaradosite|Moxie|Waterfall,LashOut,DragonDance,Protect|Adamant||F|||50|]Incineroar||SitrusBerry|Intimidate|FakeOut,FlareBlitz,PartingShot,HelpingHand|Impish||M|||50|]Sinistcha||KasibBerry|Hospitality|MatchaGotcha,RagePowder,TrickRoom,Protect|Bold|||||50|]Sneasler||FocusSash|PoisonTouch|CloseCombat,DireClaw,QuickGuard,FakeOut|Jolly||F|||50|]Kingambit||BlackGlasses|Defiant|KowtowCleave,SuckerPunch,SwordsDance,Protect|Adamant||M|||50|
|showteam|p2|Blastoise||Blastoisinite|Torrent|WaterSpout,DarkPulse,ShellSmash,Protect|Modest||F|||50|]Delphox||Delphoxite|Blaze|HeatWave,Psychic,NastyPlot,Protect|Timid||F|||50|]Sneasler||WhiteHerb|Unburden|CloseCombat,DireClaw,FakeOut,QuickGuard|Jolly||F|||50|]Kingambit||ChopleBerry|Defiant|KowtowCleave,IronHead,SuckerPunch,Protect|Adamant||M|||50|]Sinistcha||ColburBerry|Hospitality|MatchaGotcha,RagePowder,LifeDew,StrengthSap|Bold|||||50|]Incineroar||SitrusBerry|Intimidate|ThroatChop,FlareBlitz,PartingShot,FakeOut|Relaxed||F|||50|
|inactive|Battle timer is ON: inactive players will automatically lose when time's up. (requested by lysha)
|j| Autin Mago
|j| Tyho45
|inactive|lysha has 60 seconds left.
|
|t:|1783702468
|teamsize|p1|4
|teamsize|p2|4
|start
|switch|p1a: Gyarados|Gyarados, L50, F, shiny|100/100
|switch|p1b: Sneasler|Sneasler, L50, F|100/100
|switch|p2a: Blastoise|Blastoise, L50, F|100/100
|switch|p2b: Sneasler|Sneasler, L50, F|100/100
|turn|1
|
|t:|1783702477
|detailschange|p2a: Blastoise|Blastoise-Mega, L50, F
|-mega|p2a: Blastoise|Blastoise|Blastoisinite
|move|p2b: Sneasler|Fake Out|p1b: Sneasler
|-damage|p1b: Sneasler|74/100
|cant|p1b: Sneasler|flinch
|move|p1a: Gyarados|Dragon Dance|p1a: Gyarados
|-boost|p1a: Gyarados|atk|1
|-boost|p1a: Gyarados|spe|1
|move|p2a: Blastoise|Shell Smash|p2a: Blastoise
|-unboost|p2a: Blastoise|def|1
|-unboost|p2a: Blastoise|spd|1
|-boost|p2a: Blastoise|atk|2
|-boost|p2a: Blastoise|spa|2
|-boost|p2a: Blastoise|spe|2
|
|upkeep
|turn|2
|
|t:|1783702498
|switch|p1b: Sinistcha|Sinistcha, L50|100/100
|move|p2a: Blastoise|Water Spout|p1a: Gyarados|[spread] p1a,p1b
|-resisted|p1a: Gyarados|1
|-resisted|p1b: Sinistcha|1
|-damage|p1a: Gyarados|41/100
|-damage|p1b: Sinistcha|39/100
|move|p1a: Gyarados|Lash Out|p2a: Blastoise
|-damage|p2a: Blastoise|53/100
|move|p2b: Sneasler|Dire Claw|p1a: Gyarados
|-damage|p1a: Gyarados|0 fnt
|faint|p1a: Gyarados
|
|upkeep
|
|t:|1783702511
|switch|p1a: Sneasler|Sneasler, L50, F|74/100
|turn|3
|
|t:|1783702523
|move|p1a: Sneasler|Fake Out|p2a: Blastoise
|-damage|p2a: Blastoise|35/100
|cant|p2a: Blastoise|flinch
|move|p2b: Sneasler|Dire Claw|p1b: Sinistcha
|-damage|p1b: Sinistcha|2/100
|move|p1b: Sinistcha|Trick Room|p1b: Sinistcha
|-fieldstart|move: Trick Room|[of] p1b: Sinistcha
|
|upkeep
|turn|4
|
|t:|1783702547
|move|p1b: Sinistcha|Matcha Gotcha|p2b: Sneasler|[spread] p2b
|-miss|p1b: Sinistcha|p2a: Blastoise
|-resisted|p2b: Sneasler|1
|-damage|p2b: Sneasler|84/100
|-heal|p1b: Sinistcha|10/100|[from] drain|[of] p2b: Sneasler
|move|p1a: Sneasler|Close Combat|p2b: Sneasler
|-resisted|p2b: Sneasler|1
|-damage|p2b: Sneasler|26/100
|-unboost|p1a: Sneasler|def|1
|-unboost|p1a: Sneasler|spd|1
|move|p2b: Sneasler|Dire Claw|p1b: Sinistcha
|-damage|p1b: Sinistcha|0 fnt
|faint|p1b: Sinistcha
|move|p2a: Blastoise|Water Spout|p1a: Sneasler
|-damage|p1a: Sneasler|0 fnt
|faint|p1a: Sneasler
|
|upkeep
|
|t:|1783702572
|switch|p1a: Incineroar|Incineroar, L50, M, shiny|100/100
|-ability|p1a: Incineroar|Intimidate|boost
|-unboost|p2a: Blastoise|atk|1
|-unboost|p2b: Sneasler|atk|1
|-enditem|p2b: Sneasler|White Herb
|-clearnegativeboost|p2b: Sneasler|[silent]
|turn|5
|
|t:|1783702581
|move|p1a: Incineroar|Flare Blitz|p2a: Blastoise
|-resisted|p2a: Blastoise|1
|-damage|p2a: Blastoise|4/100
|-damage|p1a: Incineroar|90/100|[from] Recoil
|move|p2a: Blastoise|Water Spout|p1a: Incineroar
|-supereffective|p1a: Incineroar|1
|-damage|p1a: Incineroar|75/100
|move|p2b: Sneasler|Close Combat|p1a: Incineroar
|-supereffective|p1a: Incineroar|1
|-damage|p1a: Incineroar|0 fnt
|-unboost|p2b: Sneasler|def|1
|-unboost|p2b: Sneasler|spd|1
|faint|p1a: Incineroar
|
|win|DamEdge
|c|☆DamEdge|Ggs!
|c|☆lysha|gg
|l|☆lysha
|player|p1|
|l|☆DamEdge
|player|p2|
|l| Autin Mago
|j|☆DamEdge
|player|p2|DamEdge|teamrocket|
|l|☆DamEdge
|player|p2|
|j|☆DamEdge
|player|p2|DamEdge|teamrocket|
