|j|☆vbcsx
|j|☆PuniHina
|html|vbcsxPuniHina    
|uhtml|bestof|Game 1 of a best-of-3
|t:|1783314351
|gametype|doubles
|player|p1|vbcsx|1|1057
|player|p2|PuniHina|lacey|1048
|gen|9
|tier|[Gen 9 Champions] VGC 2026 Reg M-B (Bo3)
|rated|
|rule|Species Clause: Limit one of each Pokémon
|rule|Item Clause: Limit 1 of each item
|clearpoke
|poke|p1|Floette-Eternal, L50, F, shiny|
|poke|p1|Garchomp, L50, M, shiny|
|poke|p1|Vivillon-Pokeball, L50, F, shiny|
|poke|p1|Gholdengo, L50, shiny|
|poke|p1|Ninetales-Alola, L50, F, shiny|
|poke|p1|Raichu, L50, M, shiny|
|poke|p2|Meganium, L50, F, shiny|
|poke|p2|Altaria, L50, F|
|poke|p2|Scrafty, L50, M|
|poke|p2|Gholdengo, L50|
|poke|p2|Basculegion, L50, M|
|poke|p2|Garchomp, L50, F|
|teampreview|4
|showteam|p1|Floette-Eternal||Floettite|FlowerVeil|LightofRuin,Moonblast,DazzlingGleam,Protect|Modest||F|||50|]Garchomp||SoftSand|RoughSkin|Earthquake,StompingTantrum,RockSlide,Protect|Adamant||M|||50|]Vivillon-Pokeball||ChoiceScarf|CompoundEyes|SleepPowder,LightScreen,PollenPuff,Hurricane|Timid||F|||50|]Gholdengo||LifeOrb|GoodasGold|MakeItRain,ShadowBall,Protect,NastyPlot|Bold|||||50|]Ninetales-Alola||LightClay|SnowWarning|AuroraVeil,FreezeDry,Encore,DazzlingGleam|Timid||F|||50|]Raichu||RaichuniteY|Static|ZapCannon,Protect,FakeOut,FocusBlast|Timid||M|||50|
|showteam|p2|Meganium||Meganiumite|LeafGuard|SolarBeam,DazzlingGleam,Protect,WeatherBall|Modest||F|||50|]Altaria||RoseliBerry|CloudNine|BraveBird,Roost,Tailwind,WillOWisp|Impish||F|||50|]Scrafty||Scraftinite|Intimidate|CloseCombat,KnockOff,FakeOut,Protect|Careful||M|||50|]Gholdengo||MetalCoat|GoodasGold|MakeItRain,ShadowBall,NastyPlot,Protect|Modest|||||50|]Basculegion||SitrusBerry|Adaptability|WaveCrash,LastRespects,AquaJet,Protect|Adamant||M|||50|]Garchomp||LifeOrb|RoughSkin|StompingTantrum,DragonClaw,RockSlide,Protect|Jolly||F|||50|
|inactive|Battle timer is ON: inactive players will automatically lose when time's up. (requested by PuniHina)
|
|t:|1783314473
|teamsize|p1|4
|teamsize|p2|4
|start
|switch|p1a: Vivillon|Vivillon-Pokeball, L50, F, shiny|100/100
|switch|p1b: Garchomp|Garchomp, L50, M, shiny|100/100
|switch|p2a: Scrafty|Scrafty, L50, M|100/100
|switch|p2b: Gholdengo|Gholdengo, L50|100/100
|-ability|p2a: Scrafty|Intimidate|boost
|-unboost|p1a: Vivillon|atk|1
|-unboost|p1b: Garchomp|atk|1
|turn|1
|inactive|PuniHina has 30 seconds left.
|inactive|PuniHina has 20 seconds left.
|inactive|PuniHina has 15 seconds left.
|
|t:|1783314516
|detailschange|p2a: Scrafty|Scrafty-Mega, L50, M
|-mega|p2a: Scrafty|Scrafty|Scraftinite
|-ability|p2a: Scrafty|Intimidate|boost
|-unboost|p1a: Vivillon|atk|1
|-unboost|p1b: Garchomp|atk|1
|move|p2a: Scrafty|Fake Out|p1b: Garchomp
|-damage|p1b: Garchomp|87/100
|-damage|p2a: Scrafty|87/100|[from] ability: Rough Skin|[of] p1b: Garchomp
|move|p1a: Vivillon|Sleep Powder|p2a: Scrafty
|-status|p2a: Scrafty|slp|[from] move: Sleep Powder
|cant|p1b: Garchomp|flinch
|move|p2b: Gholdengo|Nasty Plot|p2b: Gholdengo
|-boost|p2b: Gholdengo|spa|2
|
|upkeep
|turn|2
|inactive|vbcsx has 30 seconds left.
|
|t:|1783314551
|switch|p1a: Gholdengo|Gholdengo, L50, shiny|100/100
|switch|p2a: Altaria|Altaria, L50, F|100/100
|-ability|p2a: Altaria|Cloud Nine
|move|p2b: Gholdengo|Protect|p2b: Gholdengo
|-singleturn|p2b: Gholdengo|Protect
|move|p1b: Garchomp|Stomping Tantrum|p2b: Gholdengo
|-activate|p2b: Gholdengo|move: Protect
|
|upkeep
|turn|3
|inactive|vbcsx has 30 seconds left.
|
|t:|1783314582
|switch|p1b: Vivillon|Vivillon-Pokeball, L50, F, shiny|100/100
|move|p1a: Gholdengo|Shadow Ball|p2b: Gholdengo
|-supereffective|p2b: Gholdengo|1
|-damage|p2b: Gholdengo|6/100
|-unboost|p2b: Gholdengo|spd|1
|-damage|p1a: Gholdengo|90/100|[from] item: Life Orb
|move|p2b: Gholdengo|Shadow Ball|p1a: Gholdengo
|-supereffective|p1a: Gholdengo|1
|-damage|p1a: Gholdengo|0 fnt
|faint|p1a: Gholdengo
|move|p2a: Altaria|Tailwind|p2a: Altaria
|-sidestart|p2: PuniHina|move: Tailwind
|
|upkeep
|
|t:|1783314600
|switch|p1a: Garchomp|Garchomp, L50, M, shiny|87/100
|turn|4
|inactive|vbcsx has 30 seconds left.
|
|t:|1783314634
|move|p2b: Gholdengo|Protect|p2b: Gholdengo
|-singleturn|p2b: Gholdengo|Protect
|move|p1b: Vivillon|Hurricane|p2b: Gholdengo
|-activate|p2b: Gholdengo|move: Protect
|move|p2a: Altaria|Brave Bird|p1b: Vivillon
|-supereffective|p1b: Vivillon|1
|-damage|p1b: Vivillon|0 fnt
|faint|p1b: Vivillon
|-damage|p2a: Altaria|71/100|[from] Recoil
|move|p1a: Garchomp|Rock Slide|p2a: Altaria|[spread] p2a
|-activate|p2b: Gholdengo|move: Protect
|-supereffective|p2a: Altaria|1
|-damage|p2a: Altaria|35/100
|
|upkeep
|
|t:|1783314644
|switch|p1b: Floette|Floette-Eternal, L50, F, shiny|100/100
|turn|5
|
|t:|1783314657
|move|p1b: Floette|Protect|p1b: Floette
|-singleturn|p1b: Floette|Protect
|move|p2b: Gholdengo|Make It Rain|p1b: Floette|[spread] 
|-activate|p1b: Floette|move: Protect
|-miss|p2b: Gholdengo|p1a: Garchomp
|move|p2a: Altaria|Roost|p2a: Altaria
|-heal|p2a: Altaria|85/100
|-singleturn|p2a: Altaria|move: Roost
|move|p1a: Garchomp|Rock Slide|p2b: Gholdengo|[spread] p2a,p2b
|-resisted|p2b: Gholdengo|1
|-damage|p2a: Altaria|64/100
|-damage|p2b: Gholdengo|0 fnt
|faint|p2b: Gholdengo
|
|upkeep
|
|t:|1783314664
|switch|p2b: Garchomp|Garchomp, L50, F|100/100
|turn|6
|inactive|vbcsx has 30 seconds left.
|inactive|vbcsx has 20 seconds left.
|
|t:|1783314701
|detailschange|p1b: Floette|Floette-Mega, L50, F, shiny
|-mega|p1b: Floette|Floette|Floettite
|-ability|p1b: Floette|Fairy Aura
|move|p2b: Garchomp|Stomping Tantrum|p1b: Floette
|-damage|p1b: Floette|29/100
|-damage|p2b: Garchomp|90/100|[from] item: Life Orb
|move|p2a: Altaria|Brave Bird|p1b: Floette
|-damage|p1b: Floette|0 fnt
|faint|p1b: Floette
|-damage|p2a: Altaria|56/100|[from] Recoil
|move|p1a: Garchomp|Rock Slide|p2a: Altaria|[spread] p2a,p2b
|-supereffective|p2a: Altaria|1
|-resisted|p2b: Garchomp|1
|-damage|p2a: Altaria|19/100
|-damage|p2b: Garchomp|80/100
|
|-sideend|p2: PuniHina|move: Tailwind
|upkeep
|turn|7
|inactive|PuniHina has 30 seconds left.
|
|t:|1783314735
|switch|p2b: Scrafty|Scrafty-Mega, L50, M|87/100 slp
|-ability|p2b: Scrafty|Intimidate|boost
|-unboost|p1a: Garchomp|atk|1
|move|p1a: Garchomp|Rock Slide|p2b: Scrafty|[spread] p2a,p2b
|-supereffective|p2a: Altaria|1
|-resisted|p2b: Scrafty|1
|-damage|p2a: Altaria|0 fnt
|-damage|p2b: Scrafty|81/100 slp
|faint|p2a: Altaria
|
|upkeep
|
|t:|1783314741
|switch|p2a: Garchomp|Garchomp, L50, F|80/100
|turn|8
|
|t:|1783314745
|move|p2a: Garchomp|Protect|p2a: Garchomp
|-singleturn|p2a: Garchomp|Protect
|cant|p2b: Scrafty|slp
|move|p1a: Garchomp|Earthquake|p2b: Scrafty|[spread] p2b
|-activate|p2a: Garchomp|move: Protect
|-damage|p2b: Scrafty|51/100 slp
|
|upkeep
|turn|9
|
|t:|1783314755
|move|p2a: Garchomp|Dragon Claw|p1a: Garchomp
|-supereffective|p1a: Garchomp|1
|-damage|p1a: Garchomp|0 fnt
|-damage|p2a: Garchomp|68/100|[from] ability: Rough Skin|[of] p1a: Garchomp
|faint|p1a: Garchomp
|-damage|p2a: Garchomp|58/100|[from] item: Life Orb
|
|win|PuniHina
||PuniHina is ready for game 2.
||vbcsx is ready for game 2.
|uhtml|next|Next: Game 2 of 3
