|j|☆Cogao vascaino
|j|☆quecle
|html|Cogao vascainoquecle    
|uhtml|bestof|Game 1 of a best-of-3
|t:|1756399681
|gametype|doubles
|player|p1|Cogao vascaino|dancer|1277
|player|p2|quecle|gambler|1242
|gen|9
|tier|[Gen 9] VGC 2025 Reg H (Bo3)
|rated|
|rule|Species Clause: Limit one of each Pokémon
|rule|Item Clause: Limit 1 of each item
|clearpoke
|poke|p1|Maushold, L50|
|poke|p1|Sinistcha, L50|
|poke|p1|Pelipper, L50, F|
|poke|p1|Annihilape, L50, F|
|poke|p1|Basculegion, L50, M|
|poke|p1|Archaludon, L50, M|
|poke|p2|Archaludon, L50, M|
|poke|p2|Kingdra, L50, F|
|poke|p2|Politoed, L50, M|
|poke|p2|Incineroar, L50, M|
|poke|p2|Gothitelle, L50, F|
|poke|p2|Amoonguss, L50, F|
|teampreview|4
|showteam|p1|Maushold||SafetyGoggles|FriendGuard|BeatUp,FollowMe,Taunt,Protect||||||50|,,,,,Ghost]Sinistcha||RockyHelmet|Hospitality|MatchaGotcha,RagePowder,LifeDew,TrickRoom||||||50|,,,,,Fairy]Pelipper||FocusSash|Drizzle|WeatherBall,Hurricane,Tailwind,Protect|||F|||50|,,,,,Stellar]Annihilape||Leftovers|Defiant|DrainPunch,RageFist,BulkUp,Protect|||F|||50|,,,,,Fire]Basculegion||ChoiceBand|SwiftSwim|WaveCrash,AquaJet,LastRespects,FlipTurn|||M|||50|,,,,,Water]Archaludon||AssaultVest|Stamina|BodyPress,DracoMeteor,ElectroShot,FlashCannon|||M|||50|,,,,,Fighting
|showteam|p2|Archaludon||PowerHerb|Sturdy|Protect,ElectroShot,FlashCannon,DragonPulse|||M|||50|,,,,,Electric]Kingdra||LifeOrb|SwiftSwim|Protect,DracoMeteor,WeatherBall,MuddyWater|||F|||50|,,,,,Stellar]Politoed||Leftovers|Drizzle|Protect,WeatherBall,PerishSong,Encore|||M|||50|,,,,,Grass]Incineroar||SafetyGoggles|Intimidate|FakeOut,KnockOff,PartingShot,Protect|||M|||50|,,,,,Ghost]Gothitelle||SitrusBerry|ShadowTag|Protect,Psychic,FakeOut,TrickRoom|||F|||50|,,,,,Dark]Amoonguss||EjectButton|Regenerator|Protect,RagePowder,Spore,PollenPuff|||F|||50|,,,,,Fairy
|
|t:|1756399731
|teamsize|p1|4
|teamsize|p2|4
|start
|switch|p1a: Maushold|Maushold, L50|100/100
|switch|p1b: Annihilape|Annihilape, L50, F|100/100
|switch|p2a: Politoed|Politoed, L50, M|100/100
|switch|p2b: Archaludon|Archaludon, L50, M|100/100
|-weather|RainDance|[from] ability: Drizzle|[of] p2a: Politoed
|turn|1
|
|t:|1756399764
|move|p2a: Politoed|Protect|p2a: Politoed
|-singleturn|p2a: Politoed|Protect
|move|p1a: Maushold|Beat Up|p1b: Annihilape
|-damage|p1b: Annihilape|98/100
|-damage|p1b: Annihilape|95/100
|-damage|p1b: Annihilape|93/100
|-damage|p1b: Annihilape|91/100
|-hitcount|p1b: Annihilape|4
|move|p1b: Annihilape|Rage Fist|p2b: Archaludon
|-damage|p2b: Archaludon|10/100
|move|p2b: Archaludon|Electro Shot||[still]
|-prepare|p2b: Archaludon|Electro Shot
|-boost|p2b: Archaludon|spa|1
|-anim|p2b: Archaludon|Electro Shot|p1a: Maushold
|-damage|p1a: Maushold|14/100
|
|-weather|RainDance|[upkeep]
|-heal|p1b: Annihilape|97/100|[from] item: Leftovers
|upkeep
|turn|2
|
|t:|1756399798
|move|p1a: Maushold|Protect|p1a: Maushold
|-singleturn|p1a: Maushold|Protect
|move|p2b: Archaludon|Protect|p2b: Archaludon
|-singleturn|p2b: Archaludon|Protect
|move|p1b: Annihilape|Drain Punch|p2b: Archaludon
|-activate|p2b: Archaludon|move: Protect
|move|p2a: Politoed|Weather Ball|p1a: Maushold
|-activate|p1a: Maushold|move: Protect
|
|-weather|RainDance|[upkeep]
|-heal|p1b: Annihilape|100/100|[from] item: Leftovers
|upkeep
|turn|3
|
|t:|1756399822
|switch|p1a: Archaludon|Archaludon, L50, M|100/100
|switch|p2b: Amoonguss|Amoonguss, L50, F|100/100
|move|p1b: Annihilape|Drain Punch|p2b: Amoonguss
|-resisted|p2b: Amoonguss
|-damage|p2b: Amoonguss|87/100
|-enditem|p2b: Amoonguss|Eject Button
|
|t:|1756399831
|switch|p2b: Gothitelle|Gothitelle, L50, F|100/100
|move|p2a: Politoed|Perish Song|p2a: Politoed
|-start|p1a: Archaludon|perish3|[silent]
|-start|p1b: Annihilape|perish3|[silent]
|-start|p2a: Politoed|perish3|[silent]
|-start|p2b: Gothitelle|perish3|[silent]
|-fieldactivate|move: Perish Song
|
|-weather|RainDance|[upkeep]
|-start|p1b: Annihilape|perish3
|-start|p1a: Archaludon|perish3
|-start|p2a: Politoed|perish3
|-start|p2b: Gothitelle|perish3
|upkeep
|turn|4
|
|t:|1756399856
|-terastallize|p2b: Gothitelle|Dark
|move|p2b: Gothitelle|Fake Out|p1a: Archaludon
|-resisted|p1a: Archaludon
|-damage|p1a: Archaludon|99/100
|-ability|p1a: Archaludon|Stamina|boost
|-boost|p1a: Archaludon|def|1
|move|p1b: Annihilape|Rage Fist|p2b: Gothitelle
|-resisted|p2b: Gothitelle
|-damage|p2b: Gothitelle|47/100
|-enditem|p2b: Gothitelle|Sitrus Berry|[eat]
|-heal|p2b: Gothitelle|72/100|[from] item: Sitrus Berry
|cant|p1a: Archaludon|flinch
|move|p2a: Politoed|Encore|p1b: Annihilape
|-start|p1b: Annihilape|Encore
|
|-weather|RainDance|[upkeep]
|-start|p1b: Annihilape|perish2
|-start|p1a: Archaludon|perish2
|-start|p2a: Politoed|perish2
|-start|p2b: Gothitelle|perish2
|upkeep
|turn|5
|
|t:|1756399887
|switch|p2a: Amoonguss|Amoonguss, L50, F|100/100
|move|p2b: Gothitelle|Protect|p2b: Gothitelle
|-singleturn|p2b: Gothitelle|Protect
|move|p1b: Annihilape|Rage Fist|p2a: Amoonguss
|-crit|p2a: Amoonguss
|-damage|p2a: Amoonguss|0 fnt
|faint|p2a: Amoonguss
|move|p1a: Archaludon|Body Press|p2b: Gothitelle
|-activate|p2b: Gothitelle|move: Protect
|
|-weather|none
|-start|p1b: Annihilape|perish1
|-start|p1a: Archaludon|perish1
|-start|p2b: Gothitelle|perish1
|upkeep
|
|t:|1756399907
|switch|p2a: Archaludon|Archaludon, L50, M|10/100
|turn|6
|
|t:|1756399919
|switch|p1b: Sinistcha|Sinistcha, L50|100/100
|-heal|p1a: Archaludon|100/100|[from] ability: Hospitality|[of] p1b: Sinistcha
|switch|p2b: Politoed|Politoed, L50, M|100/100
|-weather|RainDance|[from] ability: Drizzle|[of] p2b: Politoed
|move|p2a: Archaludon|Electro Shot||[still]
|-prepare|p2a: Archaludon|Electro Shot
|-boost|p2a: Archaludon|spa|1
|-anim|p2a: Archaludon|Electro Shot|p1b: Sinistcha
|-resisted|p1b: Sinistcha
|-damage|p1b: Sinistcha|74/100
|move|p1a: Archaludon|Electro Shot||[still]
|-prepare|p1a: Archaludon|Electro Shot
|-boost|p1a: Archaludon|spa|1
|-anim|p1a: Archaludon|Electro Shot|p2b: Politoed
|-supereffective|p2b: Politoed
|-damage|p2b: Politoed|4/100
|
|-weather|RainDance|[upkeep]
|-heal|p2b: Politoed|10/100|[from] item: Leftovers
|-start|p1a: Archaludon|perish0
|upkeep
|faint|p1a: Archaludon
|
|t:|1756399941
|switch|p1a: Annihilape|Annihilape, L50, F|100/100
|turn|7
|
|t:|1756399973
|move|p1a: Annihilape|Rage Fist|p2a: Archaludon
|-damage|p2a: Archaludon|0 fnt
|faint|p2a: Archaludon
|move|p2b: Politoed|Perish Song|p2b: Politoed
|-start|p1a: Annihilape|perish3|[silent]
|-start|p1b: Sinistcha|perish3|[silent]
|-start|p2b: Politoed|perish3|[silent]
|-fieldactivate|move: Perish Song
|move|p1b: Sinistcha|Life Dew||[still]|[spread] p1a,p1b
|-fail|p1a: Annihilape|heal
|-heal|p1b: Sinistcha|99/100
|
|-weather|RainDance|[upkeep]
|-heal|p2b: Politoed|16/100|[from] item: Leftovers
|-start|p1a: Annihilape|perish3
|-start|p2b: Politoed|perish3
|-start|p1b: Sinistcha|perish3
|upkeep
|
|t:|1756399977
|switch|p2a: Gothitelle|Gothitelle, L50, F, tera:Dark|72/100
|turn|8
|-message|quecle forfeited.
|
|win|Cogao vascaino
||Cogao vascaino is ready for game 2.
|inactive|quecle has 30 seconds to confirm battle start!
||quecle is ready for game 2.
|uhtml|next|Next: Game 2 of 3
|l|☆quecle
|player|p2|
