|j|‽Juaner95
|j|☆Orizor
|html|Juaner95Orizor    
|uhtml|bestof|Game 2 of a best-of-3
|t:|1785695010
|gametype|doubles
|player|p1|Juaner95|ash-hoenn|1159
|player|p2|Orizor|265|1000
|gen|9
|tier|[Gen 9 Champions] VGC 2026 Reg M-B (Bo3)
|rated|
|rule|Species Clause: Limit one of each Pokémon
|rule|Item Clause: Limit 1 of each item
|clearpoke
|poke|p1|Eelektross, L50, M|
|poke|p1|Ninetales-Alola, L50, F, shiny|
|poke|p1|Talonflame, L50, F|
|poke|p1|Garchomp, L50, M|
|poke|p1|Incineroar, L50, M, shiny|
|poke|p1|Kingambit, L50, M|
|poke|p2|Staraptor, L50, M|
|poke|p2|Milotic, L50, F|
|poke|p2|Tyranitar, L50, M|
|poke|p2|Gholdengo, L50|
|poke|p2|Excadrill, L50, M|
|poke|p2|Sinistcha, L50|
|teampreview|4
|showteam|p1|Eelektross||Eelektrossite|Levitate|SupercellSlam,DrainPunch,Coil,Protect|Adamant||M|||50|]Ninetales-Alola||ChoiceScarf|SnowWarning|Blizzard,FreezeDry,IcyWind,Moonblast|Modest||F|||50|]Talonflame||SharpBeak|GaleWings|BraveBird,FlareBlitz,Tailwind,Protect|Jolly||F|||50|]Garchomp||LifeOrb|RoughSkin|RockSlide,Earthquake,DragonClaw,Protect|Jolly||M|||50|]Incineroar||SitrusBerry|Intimidate|FlareBlitz,ThroatChop,PartingShot,FakeOut|Careful||M|||50|]Kingambit||FocusSash|Defiant|KowtowCleave,SuckerPunch,LowKick,Protect|Adamant||M|||50|
|showteam|p2|Staraptor||Staraptite|Intimidate|BraveBird,CloseCombat,Tailwind,Protect|Jolly||M|||50|]Milotic||SitrusBerry|Competitive|Scald,IceBeam,IcyWind,Recover|Modest||F|||50|]Tyranitar||Tyranitarite|SandStream|RockSlide,KnockOff,LowKick,Protect|Adamant||M|||50|]Gholdengo||LifeOrb|GoodasGold|ShadowBall,MakeItRain,NastyPlot,Protect|Modest|||||50|]Excadrill||FocusSash|SandRush|HighHorsepower,IronHead,RockSlide,Protect|Adamant||M|||50|]Sinistcha||ColburBerry|Hospitality|MatchaGotcha,RagePowder,TrickRoom,Protect|Bold|||||50|
|inactive|Battle timer is ON: inactive players will automatically lose when time's up. (requested by Orizor)
|inactive|Juaner95 has 60 seconds left.
|inactive|Juaner95 has 30 seconds left.
|inactive|Juaner95 has 20 seconds left.
|inactive|Juaner95 has 15 seconds left.
|inactive|Juaner95 has 10 seconds left.
|
|t:|1785695095
|teamsize|p1|4
|teamsize|p2|4
|start
|switch|p1a: Incineroar|Incineroar, L50, M, shiny|100/100
|switch|p1b: Kingambit|Kingambit, L50, M|100/100
|switch|p2a: Staraptor|Staraptor, L50, M|100/100
|switch|p2b: Milotic|Milotic, L50, F|100/100
|-ability|p2a: Staraptor|Intimidate|boost
|-unboost|p1a: Incineroar|atk|1
|-unboost|p1b: Kingambit|atk|1
|-ability|p1b: Kingambit|Defiant|boost
|-boost|p1b: Kingambit|atk|2
|-ability|p1a: Incineroar|Intimidate|boost
|-unboost|p2a: Staraptor|atk|1
|-unboost|p2b: Milotic|atk|1
|-ability|p2b: Milotic|Competitive|boost
|-boost|p2b: Milotic|spa|2
|turn|1
|inactive|Juaner95 has 30 seconds left.
|inactive|Juaner95 has 20 seconds left.
|inactive|Juaner95 has 15 seconds left.
|
|t:|1785695137
|detailschange|p2a: Staraptor|Staraptor-Mega, L50, M
|-mega|p2a: Staraptor|Staraptor|Staraptite
|move|p1a: Incineroar|Fake Out|p2b: Milotic
|-damage|p2b: Milotic|92/100
|move|p2a: Staraptor|Close Combat|p1b: Kingambit
|-supereffective|p1b: Kingambit|2
|-enditem|p1b: Kingambit|Focus Sash
|-damage|p1b: Kingambit|1/100
|-boost|p2a: Staraptor|def|1
|-boost|p2a: Staraptor|spd|1
|cant|p2b: Milotic|flinch
|move|p1b: Kingambit|Kowtow Cleave|p2b: Milotic
|-damage|p2b: Milotic|25/100
|-enditem|p2b: Milotic|Sitrus Berry|[eat]
|-heal|p2b: Milotic|50/100g|[from] item: Sitrus Berry
|
|upkeep
|turn|2
|inactive|Juaner95 has 30 seconds left.
|inactive|Orizor has 30 seconds left.
|inactive|Juaner95 has 20 seconds left.
|inactive|Orizor has 20 seconds left.
|inactive|Juaner95 has 15 seconds left.
|
|t:|1785695178
|move|p1b: Kingambit|Sucker Punch|p2b: Milotic
|-damage|p2b: Milotic|0 fnt
|faint|p2b: Milotic
|move|p2a: Staraptor|Close Combat|p1a: Incineroar
|-supereffective|p1a: Incineroar|1
|-damage|p1a: Incineroar|30/100
|-boost|p2a: Staraptor|def|1
|-boost|p2a: Staraptor|spd|1
|-enditem|p1a: Incineroar|Sitrus Berry|[eat]
|-heal|p1a: Incineroar|55/100|[from] item: Sitrus Berry
|move|p1a: Incineroar|Parting Shot|p2a: Staraptor
|-boost|p2a: Staraptor|atk|1
|-boost|p2a: Staraptor|spa|1
|
|t:|1785695190
|switch|p1a: Talonflame|Talonflame, L50, F|100/100|[from] Parting Shot
|
|upkeep
|
|t:|1785695196
|switch|p2b: Tyranitar|Tyranitar, L50, M|100/100
|-weather|Sandstorm|[from] ability: Sand Stream|[of] p2b: Tyranitar
|turn|3
|
|t:|1785695205
|move|p2b: Tyranitar|Protect|p2b: Tyranitar
|-singleturn|p2b: Tyranitar|Protect
|move|p1a: Talonflame|Tailwind|p1a: Talonflame
|-sidestart|p1: Juaner95|move: Tailwind
|move|p2a: Staraptor|Tailwind|p2a: Staraptor
|-sidestart|p2: Orizor|move: Tailwind
|move|p1b: Kingambit|Low Kick|p2b: Tyranitar
|-activate|p2b: Tyranitar|move: Protect
|
|-weather|Sandstorm|[upkeep]
|-damage|p1a: Talonflame|94/100|[from] Sandstorm
|-damage|p2a: Staraptor|93/100|[from] Sandstorm
|upkeep
|turn|4
|
|t:|1785695227
|switch|p2b: Sinistcha|Sinistcha, L50|100/100
|-heal|p2a: Staraptor|100/100|[from] ability: Hospitality|[of] p2b: Sinistcha
|move|p1a: Talonflame|Brave Bird|p2a: Staraptor
|-supereffective|p2a: Staraptor|1
|-damage|p2a: Staraptor|44/100
|-damage|p1a: Talonflame|72/100|[from] Recoil
|move|p2a: Staraptor|Close Combat|p1b: Kingambit
|-supereffective|p1b: Kingambit|2
|-damage|p1b: Kingambit|0 fnt
|-boost|p2a: Staraptor|def|1
|-boost|p2a: Staraptor|spd|1
|faint|p1b: Kingambit
|
|-weather|Sandstorm|[upkeep]
|-damage|p1a: Talonflame|66/100|[from] Sandstorm
|-damage|p2a: Staraptor|38/100|[from] Sandstorm
|-damage|p2b: Sinistcha|93/100|[from] Sandstorm
|upkeep
|
|t:|1785695238
|switch|p1b: Incineroar|Incineroar, L50, M, shiny|55/100
|-ability|p1b: Incineroar|Intimidate|boost
|-boost|p2a: Staraptor|atk|1
|-unboost|p2b: Sinistcha|atk|1
|turn|5
|
|t:|1785695247
|move|p2a: Staraptor|Protect|p2a: Staraptor
|-singleturn|p2a: Staraptor|Protect
|move|p2b: Sinistcha|Protect|p2b: Sinistcha
|-singleturn|p2b: Sinistcha|Protect
|move|p1b: Incineroar|Fake Out|p2a: Staraptor
|-activate|p2a: Staraptor|move: Protect
|move|p1a: Talonflame|Flare Blitz|p2b: Sinistcha
|-activate|p2b: Sinistcha|move: Protect
|
|-weather|Sandstorm|[upkeep]
|-damage|p1a: Talonflame|60/100|[from] Sandstorm
|-damage|p2a: Staraptor|32/100|[from] Sandstorm
|-damage|p2b: Sinistcha|87/100|[from] Sandstorm
|-damage|p1b: Incineroar|49/100|[from] Sandstorm
|upkeep
|turn|6
|
|t:|1785695262
|move|p2b: Sinistcha|Rage Powder|p2b: Sinistcha
|-singleturn|p2b: Sinistcha|move: Rage Powder
|move|p1a: Talonflame|Brave Bird|p2b: Sinistcha
|-supereffective|p2b: Sinistcha|1
|-damage|p2b: Sinistcha|0 fnt
|faint|p2b: Sinistcha
|-damage|p1a: Talonflame|27/100|[from] Recoil
|move|p2a: Staraptor|Close Combat|p1b: Incineroar
|-supereffective|p1b: Incineroar|1
|-damage|p1b: Incineroar|0 fnt
|-boost|p2a: Staraptor|def|1
|-boost|p2a: Staraptor|spd|1
|faint|p1b: Incineroar
|
|-weather|Sandstorm|[upkeep]
|-damage|p1a: Talonflame|21/100|[from] Sandstorm
|-damage|p2a: Staraptor|26/100|[from] Sandstorm
|-sideend|p1: Juaner95|move: Tailwind
|-sideend|p2: Orizor|move: Tailwind
|upkeep
|
|t:|1785695270
|switch|p2b: Tyranitar|Tyranitar, L50, M|100/100
|switch|p1b: Eelektross|Eelektross, L50, M|100/100
|turn|7
|
|t:|1785695281
|detailschange|p1b: Eelektross|Eelektross-Mega, L50, M
|-mega|p1b: Eelektross|Eelektross|Eelektrossite
|move|p2a: Staraptor|Protect|p2a: Staraptor
|-singleturn|p2a: Staraptor|Protect
|move|p1a: Talonflame|Tailwind|p1a: Talonflame
|-sidestart|p1: Juaner95|move: Tailwind
|move|p1b: Eelektross|Coil|p1b: Eelektross
|-boost|p1b: Eelektross|atk|1
|-boost|p1b: Eelektross|def|1
|-boost|p1b: Eelektross|accuracy|1
|move|p2b: Tyranitar|Rock Slide|p1a: Talonflame|[spread] p1a,p1b
|-supereffective|p1a: Talonflame|2
|-damage|p1a: Talonflame|0 fnt
|-damage|p1b: Eelektross|78/100
|faint|p1a: Talonflame
|
|-weather|none
|upkeep
|turn|8
|
|t:|1785695297
|move|p1b: Eelektross|Supercell Slam|p2a: Staraptor
|-supereffective|p2a: Staraptor|1
|-damage|p2a: Staraptor|0 fnt
|faint|p2a: Staraptor
|-ability|p1b: Eelektross|Eelevate|boost
|-boost|p1b: Eelektross|atk|1
|move|p2b: Tyranitar|Rock Slide|p1b: Eelektross
|-damage|p1b: Eelektross|49/100
|
|upkeep
|turn|9
|
|t:|1785695305
|move|p1b: Eelektross|Drain Punch|p2b: Tyranitar
|-supereffective|p2b: Tyranitar|2
|-damage|p2b: Tyranitar|0 fnt
|-heal|p1b: Eelektross|100/100|[from] drain|[of] p2b: Tyranitar
|faint|p2b: Tyranitar
|
|win|Juaner95
|l|☆Orizor
|player|p2|
|inactive|Juaner95 has 30 seconds to confirm battle start!
|inactive|Orizor has 30 seconds to confirm battle start!
||Orizor is ready for game 3.
|j|☆Orizor
|player|p2|Orizor|265|
|inactive|Juaner95 has 20 seconds to confirm battle start!
|inactive|Juaner95 has 10 seconds to confirm battle start!
|uhtml|next|Next: Game 3 of 3
