|j|☆onxlaughtvgc
|j|☆Roncolaenjoyer
|html|onxlaughtvgcRoncolaenjoyer    
|uhtml|bestof|Game 1 of a best-of-3
|t:|1785370283
|gametype|doubles
|player|p1|onxlaughtvgc|veteran|1385
|player|p2|Roncolaenjoyer|nate|1531
|gen|9
|tier|[Gen 9 Champions] VGC 2026 Reg M-B (Bo3)
|rated|
|rule|Species Clause: Limit one of each Pokémon
|rule|Item Clause: Limit 1 of each item
|clearpoke
|poke|p1|Swampert, L50, F|
|poke|p1|Pelipper, L50, M|
|poke|p1|Archaludon, L50, M|
|poke|p1|Sinistcha-Masterpiece, L50|
|poke|p1|Grimmsnarl, L50, M|
|poke|p1|Staraptor, L50, F|
|poke|p2|Charizard, L50, M|
|poke|p2|Sylveon, L50, M|
|poke|p2|Farigiraf, L50, M|
|poke|p2|Aerodactyl, L50, M|
|poke|p2|Kingambit, L50, F|
|poke|p2|Garchomp, L50, F|
|teampreview|4
|showteam|p1|Swampert||Swampertite|Damp|WaveCrash,Earthquake,IcePunch,Protect|Adamant||F|||50|]Pelipper||FocusSash|Drizzle|Tailwind,WideGuard,Hurricane,WeatherBall|Timid||M|||50|]Archaludon||Leftovers|Sturdy|ElectroShot,FlashCannon,DracoMeteor,Protect|Timid||M|||50|]Sinistcha-Masterpiece||SitrusBerry|Hospitality|RagePowder,MatchaGotcha,LifeDew,Protect|Calm|||||50|]Grimmsnarl||LightClay|Prankster|SpiritBreak,FakeOut,LightScreen,PartingShot|Impish||M|||50|]Staraptor||Staraptite|Intimidate|CloseCombat,BraveBird,Roost,Protect|Jolly||F|||50|
|showteam|p2|Charizard||CharizarditeY|SolarPower|Protect,WeatherBall,SolarBeam,HeatWave|Modest||M|||50|]Sylveon||FairyFeather|Pixilate|Detect,HyperVoice,QuickAttack,HyperBeam|Modest||M|||50|]Farigiraf||SitrusBerry|ArmorTail|Thunderbolt,TwinBeam,Roar,TrickRoom|Bold||M|||50|]Aerodactyl||Aerodactylite|Unnerve|RockSlide,DualWingbeat,IceFang,Tailwind|Jolly||M|||50|]Kingambit||FocusSash|Defiant|KowtowCleave,SuckerPunch,IronHead,LowKick|Adamant||F|||50|]Garchomp||LifeOrb|RoughSkin|Earthquake,StompingTantrum,DragonClaw,Protect|Jolly||F|||50|
|inactive|Battle timer is ON: inactive players will automatically lose when time's up. (requested by Roncolaenjoyer)
|inactive|onxlaughtvgc has 60 seconds left.
|
|t:|1785370323
|teamsize|p1|4
|teamsize|p2|4
|start
|switch|p1a: Staraptor|Staraptor, L50, F|100/100
|switch|p1b: Grimmsnarl|Grimmsnarl, L50, M|100/100
|switch|p2a: Charizard|Charizard, L50, M|100/100
|switch|p2b: Sylveon|Sylveon, L50, M|100/100
|-ability|p1a: Staraptor|Intimidate|boost
|-unboost|p2a: Charizard|atk|1
|-unboost|p2b: Sylveon|atk|1
|turn|1
|inactive|onxlaughtvgc has 30 seconds left.
|inactive|Roncolaenjoyer has 30 seconds left.
|
|t:|1785370352
|detailschange|p1a: Staraptor|Staraptor-Mega, L50, F
|-mega|p1a: Staraptor|Staraptor|Staraptite
|move|p1b: Grimmsnarl|Fake Out|p2b: Sylveon
|-damage|p2b: Sylveon|88/100
|move|p1a: Staraptor|Close Combat|p2a: Charizard
|-resisted|p2a: Charizard|1
|-damage|p2a: Charizard|71/100
|-boost|p1a: Staraptor|def|1
|-boost|p1a: Staraptor|spd|1
|move|p2a: Charizard|Heat Wave|p1b: Grimmsnarl|[spread] p1a,p1b
|-damage|p1a: Staraptor|80/100
|-damage|p1b: Grimmsnarl|71/100
|cant|p2b: Sylveon|flinch
|
|upkeep
|turn|2
|inactive|onxlaughtvgc has 30 seconds left.
|inactive|Roncolaenjoyer has 30 seconds left.
|
|t:|1785370384
|switch|p2b: Farigiraf|Farigiraf, L50, M|100/100
|move|p1a: Staraptor|Protect|p1a: Staraptor
|-singleturn|p1a: Staraptor|Protect
|move|p2a: Charizard|Protect|p2a: Charizard
|-singleturn|p2a: Charizard|Protect
|move|p1b: Grimmsnarl|Parting Shot||[still]
|cant|p2b: Farigiraf|ability: Armor Tail|Parting Shot|[of] p1b: Grimmsnarl
|
|upkeep
|turn|3
|inactive|Roncolaenjoyer has 30 seconds left.
|
|t:|1785370412
|detailschange|p2a: Charizard|Charizard-Mega-Y, L50, M
|-mega|p2a: Charizard|Charizard|Charizardite Y
|-weather|SunnyDay|[from] ability: Drought|[of] p2a: Charizard
|move|p1b: Grimmsnarl|Light Screen|p1b: Grimmsnarl
|-sidestart|p1: onxlaughtvgc|move: Light Screen
|move|p1a: Staraptor|Close Combat|p2b: Farigiraf
|-damage|p2b: Farigiraf|52/100
|-boost|p1a: Staraptor|def|1
|-boost|p1a: Staraptor|spd|1
|move|p2a: Charizard|Weather Ball|p1a: Staraptor
|-damage|p1a: Staraptor|45/100
|move|p2b: Farigiraf|Twin Beam|p1a: Staraptor
|-supereffective|p1a: Staraptor|1
|-damage|p1a: Staraptor|33/100
|-supereffective|p1a: Staraptor|1
|-damage|p1a: Staraptor|22/100
|-hitcount|p1a: Staraptor|2
|
|-weather|SunnyDay|[upkeep]
|upkeep
|turn|4
|inactive|onxlaughtvgc has 30 seconds left.
|
|t:|1785370445
|move|p1a: Staraptor|Roost|p1a: Staraptor
|-heal|p1a: Staraptor|72/100
|-singleturn|p1a: Staraptor|move: Roost
|move|p2a: Charizard|Weather Ball|p1b: Grimmsnarl
|-damage|p1b: Grimmsnarl|13/100
|move|p1b: Grimmsnarl|Spirit Break|p2b: Farigiraf
|-crit|p2b: Farigiraf
|-damage|p2b: Farigiraf|18/100
|-unboost|p2b: Farigiraf|spa|1
|-enditem|p2b: Farigiraf|Sitrus Berry|[eat]
|-heal|p2b: Farigiraf|43/100|[from] item: Sitrus Berry
|move|p2b: Farigiraf|Thunderbolt|p1b: Grimmsnarl
|-damage|p1b: Grimmsnarl|3/100
|
|-weather|SunnyDay|[upkeep]
|upkeep
|turn|5
|
|t:|1785370467
|switch|p1b: Pelipper|Pelipper, L50, M|100/100
|-weather|RainDance|[from] ability: Drizzle|[of] p1b: Pelipper
|move|p1a: Staraptor|Close Combat|p2b: Farigiraf
|-damage|p2b: Farigiraf|0 fnt
|-boost|p1a: Staraptor|def|1
|-boost|p1a: Staraptor|spd|1
|faint|p2b: Farigiraf
|move|p2a: Charizard|Heat Wave|p1b: Pelipper|[spread] p1b
|-miss|p2a: Charizard|p1a: Staraptor
|-resisted|p1b: Pelipper|1
|-damage|p1b: Pelipper|89/100
|
|-weather|RainDance|[upkeep]
|upkeep
|-message|Roncolaenjoyer forfeited.
|
|win|onxlaughtvgc
