|j|☆caweeb6
|j|☆Whitelightning31
|html|caweeb6Whitelightning31    
|uhtml|bestof|Game 1 of a best-of-3
|t:|1785446330
|gametype|doubles
|player|p1|caweeb6|1|
|player|p2|Whitelightning31|265|
|gen|9
|tier|[Gen 9 Champions] VGC 2026 Reg M-B (Bo3)
|rule|Species Clause: Limit one of each Pokémon
|rule|Item Clause: Limit 1 of each item
|clearpoke
|poke|p1|Sylveon, L50, F|
|poke|p1|Garchomp, L50, F|
|poke|p1|Rotom-Heat, L50|
|poke|p1|Tyranitar, L50, F|
|poke|p1|Raichu, L50, M|
|poke|p1|Maushold, L50|
|poke|p2|Froslass, L50, F|
|poke|p2|Rotom-Frost, L50|
|poke|p2|Toxicroak, L50, M|
|poke|p2|Palafin, L50, M, shiny|
|poke|p2|Whimsicott, L50, F|
|poke|p2|Arcanine-Hisui, L50, F|
|teampreview|4
|showteam|p1|Sylveon||FairyFeather|Pixilate|HyperVoice,MysticalFire,Protect,Psyshock|Modest||F|||50|]Garchomp||BrightPowder|SandVeil|RockSlide,Earthquake,Crunch,IronHead|Jolly||F|||50|]Rotom-Heat||LifeOrb|Levitate|Overheat,Thunderbolt,Discharge,ThunderWave|Timid|||||50|]Tyranitar||PasshoBerry|SandStream|KnockOff,RockSlide,Earthquake,HeavySlam|Adamant||F|||50|]Raichu||FocusSash|Static|FakeOut,Electroweb,Nuzzle,Thunderbolt|Timid||M|||50|]Maushold||WideLens|FriendGuard|Crunch,Encore,PopulationBomb,FollowMe|Jolly|||||50|
|showteam|p2|Froslass||Froslassite|CursedBody|ShadowBall,Blizzard,Thunder,Protect|Modest||F|||50|]Rotom-Frost||SitrusBerry|Levitate|Blizzard,Electroweb,EerieImpulse,Protect|Calm|||||50|]Toxicroak||CobaBerry|DrySkin|LowKick,GunkShot,VacuumWave,FakeOut|Hasty||M|||50|]Palafin||ChoiceScarf|ZerotoHero|FlipTurn,WaveCrash,CloseCombat,IcePunch|Adamant||M|||50|]Whimsicott||FocusSash|Prankster|Moonblast,Tailwind,Encore,Protect|Timid||F|||50|]Arcanine-Hisui||LifeOrb|Intimidate|RockSlide,CloseCombat,PsychicFangs,Protect|Jolly||F|||50|
|c|☆caweeb6|idk how to turn off team sheets
|c|☆caweeb6|but
|c|☆Whitelightning31|We just wont look
|c|☆caweeb6|ye
|c|☆Whitelightning31|nobody has been able to turn them off I think
|
|t:|1785446406
|teamsize|p1|4
|teamsize|p2|4
|start
|switch|p1a: Rotom|Rotom-Heat, L50|100/100
|switch|p1b: Raichu|Raichu, L50, M|100/100
|switch|p2a: Palafin|Palafin, L50, M, shiny|100/100
|switch|p2b: Whimsicott|Whimsicott, L50, F|100/100
|turn|1
|
|t:|1785446440
|move|p1b: Raichu|Fake Out|p2a: Palafin
|-damage|p2a: Palafin|89/100
|move|p2b: Whimsicott|Tailwind|p2b: Whimsicott
|-sidestart|p2: Whitelightning31|move: Tailwind
|cant|p2a: Palafin|flinch
|move|p1a: Rotom|Thunderbolt|p2a: Palafin
|-supereffective|p2a: Palafin|1
|-damage|p2a: Palafin|0 fnt
|faint|p2a: Palafin
|-damage|p1a: Rotom|90/100|[from] item: Life Orb
|
|upkeep
|c|☆Whitelightning31|smart
|
|t:|1785446454
|switch|p2a: Arcanine|Arcanine-Hisui, L50, F|100/100
|-ability|p2a: Arcanine|Intimidate|boost
|-unboost|p1a: Rotom|atk|1
|-unboost|p1b: Raichu|atk|1
|turn|2
|
|t:|1785446480
|move|p2b: Whimsicott|Encore|p1b: Raichu
|-start|p1b: Raichu|Encore
|move|p1b: Raichu|Fake Out||[still]
|-hint|Fake Out only works on your first turn out.
|-fail|p1b: Raichu
|move|p2a: Arcanine|Rock Slide|p1b: Raichu|[spread] p1a
|-miss|p2a: Arcanine|p1b: Raichu
|-supereffective|p1a: Rotom|1
|-damage|p1a: Rotom|0 fnt
|faint|p1a: Rotom
|-damage|p2a: Arcanine|90/100|[from] item: Life Orb
|
|upkeep
|
|t:|1785446498
|switch|p1a: Tyranitar|Tyranitar, L50, F|100/100
|-weather|Sandstorm|[from] ability: Sand Stream|[of] p1a: Tyranitar
|turn|3
|
|t:|1785446528
|switch|p2b: Froslass|Froslass, L50, F|100/100
|switch|p1b: Maushold|Maushold, L50|100/100
|move|p2a: Arcanine|Protect|p2a: Arcanine
|-singleturn|p2a: Arcanine|Protect
|move|p1a: Tyranitar|Earthquake|p2a: Arcanine|[spread] p1b,p2b
|-activate|p2a: Arcanine|move: Protect
|-damage|p1b: Maushold|62/100
|-damage|p2b: Froslass|48/100
|
|-weather|Sandstorm|[upkeep]
|-damage|p2b: Froslass|42/100|[from] Sandstorm
|-damage|p1b: Maushold|56/100|[from] Sandstorm
|upkeep
|turn|4
|
|t:|1785446557
|detailschange|p2b: Froslass|Froslass-Mega, L50, F
|-mega|p2b: Froslass|Froslass|Froslassite
|-weather|Snowscape|[from] ability: Snow Warning|[of] p2b: Froslass
|move|p1b: Maushold|Follow Me|p1b: Maushold
|-singleturn|p1b: Maushold|move: Follow Me
|move|p2b: Froslass|Blizzard|p1a: Tyranitar|[spread] p1a,p1b
|-damage|p1a: Tyranitar|63/100
|-damage|p1b: Maushold|0 fnt
|faint|p1b: Maushold
|move|p2a: Arcanine|Close Combat|p1a: Tyranitar
|-supereffective|p1a: Tyranitar|2
|-damage|p1a: Tyranitar|0 fnt
|-unboost|p2a: Arcanine|def|1
|-unboost|p2a: Arcanine|spd|1
|faint|p1a: Tyranitar
|-damage|p2a: Arcanine|80/100|[from] item: Life Orb
|
|-weather|Snowscape|[upkeep]
|-sideend|p2: Whitelightning31|move: Tailwind
|upkeep
|
|t:|1785446566
|switch|p1a: Raichu|Raichu, L50, M|100/100
|turn|5
|
|t:|1785446591
|move|p1a: Raichu|Thunderbolt|p2a: Arcanine
|-damage|p2a: Arcanine|27/100
|move|p2b: Froslass|Blizzard|p1a: Raichu
|-damage|p1a: Raichu|15/100
|move|p2a: Arcanine|Rock Slide|p1a: Raichu
|-damage|p1a: Raichu|0 fnt
|faint|p1a: Raichu
|-damage|p2a: Arcanine|17/100|[from] item: Life Orb
|
|win|Whitelightning31
|inactive|caweeb6 has 30 seconds to confirm battle start!
|inactive|Whitelightning31 has 30 seconds to confirm battle start!
|c|☆caweeb6|geegeee
||caweeb6 is ready for game 2.
|c|☆Whitelightning31|gg
|inactive|Whitelightning31 has 20 seconds to confirm battle start!
||Whitelightning31 is ready for game 2.
|uhtml|next|Next: Game 2 of 3
