|j|☆galloway2001
|j|☆shinykuzan
|html|galloway2001shinykuzan    
|uhtml|bestof|Game 1 of a best-of-3
|t:|1786026086
|gametype|doubles
|player|p1|galloway2001|265|1320
|player|p2|shinykuzan|266|1220
|gen|9
|tier|[Gen 9 Champions] VGC 2026 Reg M-B (Bo3)
|rated|
|rule|Species Clause: Limit one of each Pokémon
|rule|Item Clause: Limit 1 of each item
|clearpoke
|poke|p1|Scovillain, L50, F|
|poke|p1|Lycanroc-Dusk, L50, M|
|poke|p1|Kingambit, L50, M|
|poke|p1|Basculegion, L50, M|
|poke|p1|Sneasler, L50, M|
|poke|p1|Froslass, L50, F|
|poke|p2|Raichu, L50, F|
|poke|p2|Milotic, L50, M|
|poke|p2|Ceruledge, L50, F|
|poke|p2|Meowscarada, L50, F|
|poke|p2|Ninetales-Alola, L50, F|
|poke|p2|Staraptor, L50, M|
|teampreview|4
|showteam|p1|Scovillain||Scovillainite|Moody|Overheat,GigaDrain,RagePowder,Protect|Bold||F|||50|]Lycanroc-Dusk||FocusSash|ToughClaws|RockSlide,CloseCombat,Accelerock,Protect|Adamant||M|||50|]Kingambit||BlackGlasses|Defiant|KowtowCleave,SuckerPunch,SwordsDance,Protect|Adamant||M|||50|]Basculegion||SitrusBerry|Adaptability|WaveCrash,LastRespects,AquaJet,Protect|Adamant||M|||50|]Sneasler||WhiteHerb|Unburden|FakeOut,GunkShot,CloseCombat,Protect|Adamant||M|||50|]Froslass||Froslassite|CursedBody|Blizzard,ShadowBall,AuroraVeil,Protect|Modest||F|||50|
|showteam|p2|Raichu||RaichuniteY|LightningRod|ZapCannon,FocusBlast,FakeOut,Protect|Timid||F|||50|]Milotic||Leftovers|Competitive|MuddyWater,Hypnosis,Coil,Recover|Calm||M|||50|]Ceruledge||ColburBerry|FlashFire|BitterBlade,ShadowSneak,BulkUp,Protect|Adamant||F|||50|]Meowscarada||FocusSash|Overgrow|FlowerTrick,KnockOff,SuckerPunch,Protect|Jolly||F|||50|]Ninetales-Alola||LightClay|SnowWarning|Blizzard,FreezeDry,AuroraVeil,Protect|Timid||F|||50|]Staraptor||Staraptite|Intimidate|BraveBird,CloseCombat,Roost,Protect|Jolly||M|||50|
|inactive|Battle timer is ON: inactive players will automatically lose when time's up. (requested by shinykuzan)
|
|t:|1786026134
|teamsize|p1|4
|teamsize|p2|4
|start
|switch|p1a: Sneasler|Sneasler, L50, M|100/100
|switch|p1b: Froslass|Froslass, L50, F|100/100
|switch|p2a: Raichu|Raichu, L50, F|100/100
|switch|p2b: Ninetales|Ninetales-Alola, L50, F|100/100
|-weather|Snowscape|[from] ability: Snow Warning|[of] p2b: Ninetales
|turn|1
|
|t:|1786026152
|detailschange|p2a: Raichu|Raichu-Mega-Y, L50, F
|-mega|p2a: Raichu|Raichu|Raichunite Y
|detailschange|p1b: Froslass|Froslass-Mega, L50, F
|-mega|p1b: Froslass|Froslass|Froslassite
|move|p2a: Raichu|Fake Out|p1a: Sneasler
|-damage|p1a: Sneasler|87/100
|cant|p1a: Sneasler|flinch
|move|p2b: Ninetales|Aurora Veil|p2b: Ninetales
|-sidestart|p2: shinykuzan|move: Aurora Veil
|move|p1b: Froslass|Aurora Veil|p1b: Froslass
|-sidestart|p1: galloway2001|move: Aurora Veil
|
|-weather|Snowscape|[upkeep]
|upkeep
|turn|2
|
|t:|1786026173
|move|p2a: Raichu|Zap Cannon|p1a: Sneasler
|-damage|p1a: Sneasler|35/100
|-status|p1a: Sneasler|par
|move|p2b: Ninetales|Blizzard|p1a: Sneasler|[spread] p1a,p1b
|-resisted|p1b: Froslass|1
|-damage|p1a: Sneasler|10/100 par
|-damage|p1b: Froslass|90/100
|move|p1b: Froslass|Blizzard|p2a: Raichu|[spread] p2a,p2b
|-resisted|p2b: Ninetales|1
|-damage|p2a: Raichu|55/100
|-damage|p2b: Ninetales|85/100
|move|p1a: Sneasler|Gunk Shot|p2b: Ninetales
|-supereffective|p2b: Ninetales|1
|-damage|p2b: Ninetales|5/100
|
|-weather|Snowscape|[upkeep]
|upkeep
|turn|3
|inactive|galloway2001 has 30 seconds left.
|
|t:|1786026200
|switch|p2b: Milotic|Milotic, L50, M|100/100
|move|p2a: Raichu|Zap Cannon|p1b: Froslass
|-damage|p1b: Froslass|42/100
|-status|p1b: Froslass|par
|move|p1b: Froslass|Blizzard|p2a: Raichu|[spread] p2a,p2b
|-resisted|p2b: Milotic|1
|-damage|p2a: Raichu|11/100
|-damage|p2b: Milotic|91/100
|-status|p2a: Raichu|frz
|move|p1a: Sneasler|Close Combat|p2a: Raichu
|-damage|p2a: Raichu|0 fnt
|-unboost|p1a: Sneasler|def|1
|-unboost|p1a: Sneasler|spd|1
|faint|p2a: Raichu
|-enditem|p1a: Sneasler|White Herb
|-clearnegativeboost|p1a: Sneasler|[silent]
|
|-weather|Snowscape|[upkeep]
|-heal|p2b: Milotic|97/100|[from] item: Leftovers
|upkeep
|
|t:|1786026205
|switch|p2a: Ceruledge|Ceruledge, L50, F|100/100
|turn|4
|
|t:|1786026229
|move|p1a: Sneasler|Close Combat|p2b: Milotic
|-damage|p2b: Milotic|58/100
|-unboost|p1a: Sneasler|def|1
|-unboost|p1a: Sneasler|spd|1
|move|p2a: Ceruledge|Bulk Up|p2a: Ceruledge
|-boost|p2a: Ceruledge|atk|1
|-boost|p2a: Ceruledge|def|1
|move|p2b: Milotic|Coil|p2b: Milotic
|-boost|p2b: Milotic|atk|1
|-boost|p2b: Milotic|def|1
|-boost|p2b: Milotic|accuracy|1
|cant|p1b: Froslass|par
|
|-weather|Snowscape|[upkeep]
|-heal|p2b: Milotic|64/100|[from] item: Leftovers
|upkeep
|turn|5
|inactive|shinykuzan has 30 seconds left.
|
|t:|1786026259
|cant|p1a: Sneasler|par
|move|p2a: Ceruledge|Bitter Blade|p1b: Froslass
|-supereffective|p1b: Froslass|1
|-damage|p1b: Froslass|0 fnt
|faint|p1b: Froslass
|move|p2b: Milotic|Coil|p2b: Milotic
|-boost|p2b: Milotic|atk|1
|-boost|p2b: Milotic|def|1
|-boost|p2b: Milotic|accuracy|1
|
|-weather|none
|-heal|p2b: Milotic|70/100|[from] item: Leftovers
|-sideend|p1: galloway2001|move: Aurora Veil
|upkeep
|
|t:|1786026276
|switch|p1b: Basculegion|Basculegion, L50, M|100/100
|turn|6
|
|t:|1786026295
|move|p2a: Ceruledge|Protect|p2a: Ceruledge
|-singleturn|p2a: Ceruledge|Protect
|move|p1a: Sneasler|Gunk Shot|p2b: Milotic|[miss]
|-miss|p1a: Sneasler|p2b: Milotic
|move|p1b: Basculegion|Last Respects|p2a: Ceruledge
|-activate|p2a: Ceruledge|move: Protect
|move|p2b: Milotic|Hypnosis|p1b: Basculegion
|-status|p1b: Basculegion|slp|[from] move: Hypnosis
|
|-heal|p2b: Milotic|76/100|[from] item: Leftovers
|upkeep
|turn|7
|
|t:|1786026307
|move|p2a: Ceruledge|Shadow Sneak|p1b: Basculegion
|-supereffective|p1b: Basculegion|1
|-damage|p1b: Basculegion|27/100 slp
|-enditem|p1b: Basculegion|Sitrus Berry|[eat]
|-heal|p1b: Basculegion|52/100 slp|[from] item: Sitrus Berry
|move|p1a: Sneasler|Gunk Shot|p2b: Milotic
|-damage|p2b: Milotic|59/100
|-status|p2b: Milotic|psn
|cant|p1b: Basculegion|slp
|move|p2b: Milotic|Muddy Water|p1a: Sneasler|[spread] p1a,p1b
|-resisted|p1b: Basculegion|1
|-damage|p1a: Sneasler|0 fnt
|-damage|p1b: Basculegion|42/100 slp
|faint|p1a: Sneasler
|
|-heal|p2b: Milotic|65/100 psn|[from] item: Leftovers
|-damage|p2b: Milotic|53/100 psn|[from] psn
|upkeep
|
|t:|1786026311
|switch|p1a: Kingambit|Kingambit, L50, M|100/100
|turn|8
|
|t:|1786026321
|-curestatus|p1b: Basculegion|slp|[msg]
|move|p1b: Basculegion|Protect|p1b: Basculegion
|-singleturn|p1b: Basculegion|Protect
|move|p2a: Ceruledge|Shadow Sneak|p1b: Basculegion
|-activate|p1b: Basculegion|move: Protect
|move|p2b: Milotic|Hypnosis|p1a: Kingambit
|-status|p1a: Kingambit|slp|[from] move: Hypnosis
|cant|p1a: Kingambit|slp
|
|-heal|p2b: Milotic|59/100 psn|[from] item: Leftovers
|-damage|p2b: Milotic|47/100 psn|[from] psn
|-sideend|p2: shinykuzan|move: Aurora Veil
|upkeep
|turn|9
|
|t:|1786026333
|move|p2a: Ceruledge|Shadow Sneak|p1b: Basculegion
|-supereffective|p1b: Basculegion|1
|-damage|p1b: Basculegion|0 fnt
|faint|p1b: Basculegion
|move|p2b: Milotic|Recover|p2b: Milotic
|-heal|p2b: Milotic|97/100 psn
|-curestatus|p1a: Kingambit|slp|[msg]
|move|p1a: Kingambit|Kowtow Cleave|p2a: Ceruledge
|-supereffective|p2a: Ceruledge|1
|-enditem|p2a: Ceruledge|Colbur Berry|[eat]
|-enditem|p2a: Ceruledge|Colbur Berry|[weaken]
|-damage|p2a: Ceruledge|53/100
|
|-heal|p2b: Milotic|100/100 psn|[from] item: Leftovers
|-damage|p2b: Milotic|87/100 psn|[from] psn
|upkeep
|turn|10
|-message|galloway2001 forfeited.
|
|win|shinykuzan
||galloway2001 is ready for game 2.
||shinykuzan is ready for game 2.
|uhtml|next|Next: Game 2 of 3
