|j|☆Chandeliere
|j|☆Jasondddd
|html|ChandeliereJasondddd    
|uhtml|bestof|Game 2 of a best-of-3
|t:|1756705745
|gametype|doubles
|player|p1|Chandeliere|ethan|1239
|player|p2|Jasondddd|2|1271
|gen|9
|tier|[Gen 9] VGC 2025 Reg H (Bo3)
|rated|
|rule|Species Clause: Limit one of each Pokémon
|rule|Item Clause: Limit 1 of each item
|clearpoke
|poke|p1|Ninetales-Alola, L50, F|
|poke|p1|Gholdengo, L50|
|poke|p1|Garchomp, L50, F|
|poke|p1|Incineroar, L50, F|
|poke|p1|Sneasler, L50, M|
|poke|p1|Vivillon-Pokeball, L50, M|
|poke|p2|Volcarona, L50, F|
|poke|p2|Electabuzz, L50, M|
|poke|p2|Kingambit, L50, M|
|poke|p2|Rillaboom, L50, M|
|poke|p2|Quaquaval, L50, F|
|poke|p2|Murkrow, L50, F|
|teampreview|4
|showteam|p1|Ninetales-Alola||LightClay|SnowWarning|AuroraVeil,Blizzard,FreezeDry,Protect|||F|||50|,,,,,Ghost]Gholdengo||LifeOrb|GoodasGold|MakeItRain,ShadowBall,NastyPlot,Protect||||||50|,,,,,Water]Garchomp||ClearAmulet|RoughSkin|Earthquake,StompingTantrum,DragonClaw,Protect|||F|||50|,,,,,Ground]Incineroar||SafetyGoggles|Intimidate|FakeOut,KnockOff,FlareBlitz,PartingShot|||F|||50|,,,,,Ghost]Sneasler||WhiteHerb|Unburden|Coaching,CloseCombat,DireClaw,Protect|||M|||50|,,,,,Ghost]Vivillon-Pokeball||FocusSash|CompoundEyes|SleepPowder,Hurricane,Tailwind,Protect|||M|||50|,,,,,Ghost
|showteam|p2|Volcarona||CovertCloak|FlameBody|Protect,QuiverDance,HeatWave,TeraBlast|||F|||50|,,,,,Dragon]Electabuzz||Eviolite|VitalSpirit|Protect,Thunderbolt,Taunt,FollowMe|||M|||50|,,,,,Fairy]Kingambit||SafetyGoggles|Defiant|Protect,SwordsDance,SuckerPunch,KowtowCleave|||M|||50|,,,,,Dark]Rillaboom||AssaultVest|GrassySurge|FakeOut,GrassyGlide,WoodHammer,Uturn|||M|||50|,,,,,Fire]Quaquaval||ChoiceScarf|Moxie|CloseCombat,AquaJet,WaveCrash,FlipTurn|||F|||50|,,,,,Water]Murkrow||FocusSash|Prankster|Protect,FoulPlay,Tailwind,Haze|||F|||50|,,,,,Ghost
|
|t:|1756705778
|teamsize|p1|4
|teamsize|p2|4
|start
|switch|p1a: Incineroar|Incineroar, L50, F|100/100
|switch|p1b: Garchomp|Garchomp, L50, F|100/100
|switch|p2a: Quaquaval|Quaquaval, L50, F|100/100
|switch|p2b: Volcarona|Volcarona, L50, F|100/100
|-ability|p1a: Incineroar|Intimidate|boost
|-unboost|p2a: Quaquaval|atk|1
|-unboost|p2b: Volcarona|atk|1
|turn|1
|
|t:|1756705798
|switch|p2a: Rillaboom|Rillaboom, L50, M|100/100
|-fieldstart|move: Grassy Terrain|[from] ability: Grassy Surge|[of] p2a: Rillaboom
|move|p1a: Incineroar|Fake Out|p2a: Rillaboom
|-damage|p2a: Rillaboom|91/100
|move|p1b: Garchomp|Dragon Claw|p2a: Rillaboom
|-damage|p2a: Rillaboom|52/100
|move|p2b: Volcarona|Quiver Dance|p2b: Volcarona
|-boost|p2b: Volcarona|spa|1
|-boost|p2b: Volcarona|spd|1
|-boost|p2b: Volcarona|spe|1
|
|-heal|p2a: Rillaboom|58/100|[from] Grassy Terrain
|upkeep
|turn|2
|
|t:|1756705838
|-terastallize|p2b: Volcarona|Dragon
|move|p2b: Volcarona|Tera Blast|p1b: Garchomp|[anim] Tera Blast Dragon
|-supereffective|p1b: Garchomp
|-damage|p1b: Garchomp|0 fnt
|faint|p1b: Garchomp
|move|p2a: Rillaboom|U-turn|p1a: Incineroar
|-damage|p1a: Incineroar|79/100
|
|t:|1756705856
|switch|p2a: Quaquaval|Quaquaval, L50, F|100/100|[from] U-turn
|move|p1a: Incineroar|Flare Blitz|p2b: Volcarona
|-resisted|p2b: Volcarona
|-damage|p2b: Volcarona|72/100
|-damage|p1a: Incineroar|71/100|[from] Recoil
|
|-heal|p2b: Volcarona|78/100|[from] Grassy Terrain
|-heal|p1a: Incineroar|77/100|[from] Grassy Terrain
|upkeep
|
|t:|1756705872
|switch|p1b: Sneasler|Sneasler, L50, M|100/100
|turn|3
|
|t:|1756705893
|-terastallize|p1a: Incineroar|Ghost
|move|p1b: Sneasler|Protect|p1b: Sneasler
|-singleturn|p1b: Sneasler|Protect
|move|p2a: Quaquaval|Flip Turn|p1a: Incineroar
|-damage|p1a: Incineroar|50/100
|
|t:|1756705901
|switch|p2a: Rillaboom|Rillaboom, L50, M|58/100|[from] Flip Turn
|move|p2b: Volcarona|Heat Wave|p1a: Incineroar|[spread] 
|-activate|p1b: Sneasler|move: Protect
|-miss|p2b: Volcarona|p1a: Incineroar
|move|p1a: Incineroar|Knock Off|p2b: Volcarona
|-damage|p2b: Volcarona|32/100
|-enditem|p2b: Volcarona|Covert Cloak|[from] move: Knock Off|[of] p1a: Incineroar
|
|-heal|p2b: Volcarona|38/100|[from] Grassy Terrain
|-heal|p2a: Rillaboom|64/100|[from] Grassy Terrain
|-heal|p1a: Incineroar|56/100|[from] Grassy Terrain
|upkeep
|turn|4
|
|t:|1756705925
|move|p2a: Rillaboom|Fake Out|p1b: Sneasler
|-damage|p1b: Sneasler|81/100
|move|p2b: Volcarona|Heat Wave|p1b: Sneasler|[spread] p1b
|-miss|p2b: Volcarona|p1a: Incineroar
|-damage|p1b: Sneasler|5/100
|-status|p1b: Sneasler|brn
|cant|p1b: Sneasler|flinch
|move|p1a: Incineroar|Flare Blitz|p2a: Rillaboom
|-supereffective|p2a: Rillaboom
|-damage|p2a: Rillaboom|0 fnt
|faint|p2a: Rillaboom
|-damage|p1a: Incineroar|35/100|[from] Recoil
|
|-heal|p2b: Volcarona|44/100|[from] Grassy Terrain
|-heal|p1b: Sneasler|11/100 brn|[from] Grassy Terrain
|-heal|p1a: Incineroar|41/100|[from] Grassy Terrain
|-damage|p1b: Sneasler|5/100 brn|[from] brn
|upkeep
|
|t:|1756705946
|switch|p2a: Quaquaval|Quaquaval, L50, F|100/100
|turn|5
|
|t:|1756705958
|move|p2a: Quaquaval|Wave Crash|p1a: Incineroar
|-damage|p1a: Incineroar|0 fnt
|faint|p1a: Incineroar
|-ability|p2a: Quaquaval|Moxie|boost
|-boost|p2a: Quaquaval|atk|1
|-damage|p2a: Quaquaval|84/100|[from] Recoil
|move|p2b: Volcarona|Tera Blast|p1b: Sneasler|[anim] Tera Blast Dragon
|-damage|p1b: Sneasler|0 fnt
|faint|p1b: Sneasler
|
|-heal|p2a: Quaquaval|90/100|[from] Grassy Terrain
|-heal|p2b: Volcarona|50/100|[from] Grassy Terrain
|-fieldend|move: Grassy Terrain
|upkeep
|-message|Chandeliere forfeited.
|
|win|Jasondddd
||Chandeliere is ready for game 3.
||Jasondddd is ready for game 3.
|uhtml|next|Next: Game 3 of 3
