|j|☆busterbunner
|j|☆eufii
|html|busterbunnereufii    
|uhtml|bestof|Game 1 of a best-of-3
|t:|1785707730
|gametype|doubles
|player|p1|busterbunner|clair|1132
|player|p2|eufii|2|1044
|gen|9
|tier|[Gen 9 Champions] VGC 2026 Reg M-B (Bo3)
|rated|
|rule|Species Clause: Limit one of each Pokémon
|rule|Item Clause: Limit 1 of each item
|clearpoke
|poke|p1|Whimsicott, L50, M|
|poke|p1|Metagross, L50|
|poke|p1|Kingambit, L50, M|
|poke|p1|Garchomp, L50, M|
|poke|p1|Gardevoir, L50, F|
|poke|p1|Pelipper, L50, F|
|poke|p2|Politoed, L50, F|
|poke|p2|Dragonite, L50, M|
|poke|p2|Incineroar, L50, M|
|poke|p2|Raichu, L50, M|
|poke|p2|Primarina, L50, F|
|poke|p2|Whimsicott, L50, F|
|teampreview|4
|showteam|p1|Whimsicott||FocusSash|Prankster|Moonblast,Encore,Tailwind,Protect|Timid||M|||50|]Metagross||Metagrossite|ClearBody|PsychicFangs,Protect,IronHead,StompingTantrum|Jolly|||||50|]Kingambit||BlackGlasses|Defiant|KowtowCleave,SuckerPunch,IronHead,Protect|Adamant||M|||50|]Garchomp||LifeOrb|RoughSkin|DragonClaw,Earthquake,RockSlide,Protect|Jolly||M|||50|]Gardevoir||Gardevoirite|Trace|HyperVoice,Moonblast,TrickRoom,Protect|Timid||F|||50|]Pelipper|||Drizzle|MuddyWater,Hurricane,WideGuard,Protect|Timid||F|||50|
|showteam|p2|Politoed||DampRock|Drizzle|WeatherBall,HelpingHand,IceBeam,Protect|Calm||F|||50|]Dragonite||Dragoninite|Multiscale|Hurricane,DragonPulse,IceBeam,Protect|Modest||M|||50|]Incineroar||SitrusBerry|Intimidate|FakeOut,PartingShot,DarkestLariat,FirePunch|Adamant||M|||50|]Raichu||RaichuniteY|LightningRod|ZapCannon,FocusBlast,Protect,Encore|Timid||M|||50|]Primarina||FairyFeather|LiquidVoice|HyperVoice,Moonblast,IcyWind,Protect|Modest||F|||50|]Whimsicott||FocusSash|Prankster|Encore,FakeTears,EnergyBall,Tailwind|Timid||F|||50|
|inactive|Battle timer is ON: inactive players will automatically lose when time's up. (requested by busterbunner)
|inactive|busterbunner has 60 seconds left.
|
|t:|1785707788
|teamsize|p1|4
|teamsize|p2|4
|start
|switch|p1a: Whimsicott|Whimsicott, L50, M|100/100
|switch|p1b: Pelipper|Pelipper, L50, F|100/100
|switch|p2a: Incineroar|Incineroar, L50, M|100/100
|switch|p2b: Whimsicott|Whimsicott, L50, F|100/100
|-weather|RainDance|[from] ability: Drizzle|[of] p1b: Pelipper
|-ability|p2a: Incineroar|Intimidate|boost
|-unboost|p1a: Whimsicott|atk|1
|-unboost|p1b: Pelipper|atk|1
|turn|1
|
|t:|1785707809
|move|p2a: Incineroar|Fake Out|p1a: Whimsicott
|-damage|p1a: Whimsicott|83/100
|move|p2b: Whimsicott|Tailwind|p2b: Whimsicott
|-sidestart|p2: eufii|move: Tailwind
|cant|p1a: Whimsicott|flinch
|move|p1b: Pelipper|Hurricane|p2b: Whimsicott
|-supereffective|p2b: Whimsicott|1
|-enditem|p2b: Whimsicott|Focus Sash
|-damage|p2b: Whimsicott|1/100
|
|-weather|RainDance|[upkeep]
|upkeep
|turn|2
|inactive|eufii has 30 seconds left.
|
|t:|1785707843
|switch|p2b: Primarina|Primarina, L50, F|100/100
|move|p1a: Whimsicott|Encore||[still]
|-fail|p1a: Whimsicott
|move|p2a: Incineroar|Parting Shot|p1b: Pelipper
|-unboost|p1b: Pelipper|atk|1
|-unboost|p1b: Pelipper|spa|1
|
|t:|1785707855
|switch|p2a: Raichu|Raichu, L50, M|100/100|[from] Parting Shot
|move|p1b: Pelipper|Muddy Water|p2a: Raichu|[spread] p2a,p2b
|-crit|p2a: Raichu
|-resisted|p2b: Primarina|1
|-damage|p2a: Raichu|23/100
|-damage|p2b: Primarina|91/100
|
|-weather|RainDance|[upkeep]
|upkeep
|turn|3
|
|t:|1785707875
|detailschange|p2a: Raichu|Raichu-Mega-Y, L50, M
|-mega|p2a: Raichu|Raichu|Raichunite Y
|move|p1b: Pelipper|Protect|p1b: Pelipper
|-singleturn|p1b: Pelipper|Protect
|move|p1a: Whimsicott|Tailwind|p1a: Whimsicott
|-sidestart|p1: busterbunner|move: Tailwind
|move|p2a: Raichu|Zap Cannon|p1b: Pelipper
|-activate|p1b: Pelipper|move: Protect
|move|p2b: Primarina|Icy Wind|p1b: Pelipper|[spread] p1a
|-activate|p1b: Pelipper|move: Protect
|-supereffective|p1a: Whimsicott|1
|-damage|p1a: Whimsicott|34/100
|-unboost|p1a: Whimsicott|spe|1
|
|-weather|RainDance|[upkeep]
|upkeep
|turn|4
|
|t:|1785707898
|move|p1a: Whimsicott|Protect|p1a: Whimsicott
|-singleturn|p1a: Whimsicott|Protect
|move|p2a: Raichu|Protect|p2a: Raichu
|-singleturn|p2a: Raichu|Protect
|move|p1b: Pelipper|Hurricane|p2a: Raichu
|-activate|p2a: Raichu|move: Protect
|move|p2b: Primarina|Icy Wind|p1a: Whimsicott|[spread] p1b
|-activate|p1a: Whimsicott|move: Protect
|-damage|p1b: Pelipper|70/100
|-unboost|p1b: Pelipper|spe|1
|
|-weather|RainDance|[upkeep]
|-sideend|p2: eufii|move: Tailwind
|upkeep
|turn|5
|
|t:|1785707920
|switch|p2a: Incineroar|Incineroar, L50, M|100/100
|-ability|p2a: Incineroar|Intimidate|boost
|-unboost|p1a: Whimsicott|atk|1
|-unboost|p1b: Pelipper|atk|1
|move|p1a: Whimsicott|Moonblast|p2a: Incineroar
|-damage|p2a: Incineroar|72/100
|move|p1b: Pelipper|Hurricane|p2b: Primarina
|-damage|p2b: Primarina|71/100
|move|p2b: Primarina|Icy Wind|p1a: Whimsicott|[spread] p1a,p1b
|-supereffective|p1a: Whimsicott|1
|-crit|p1a: Whimsicott
|-damage|p1a: Whimsicott|0 fnt
|-damage|p1b: Pelipper|43/100
|-unboost|p1b: Pelipper|spe|1
|faint|p1a: Whimsicott
|
|-weather|none
|upkeep
|
|t:|1785707932
|switch|p1a: Gardevoir|Gardevoir, L50, F|100/100
|-ability|p1a: Gardevoir|Intimidate|Trace|[from] ability: Trace|[of] p2a: Incineroar
|-ability|p1a: Gardevoir|Intimidate|boost
|-unboost|p2a: Incineroar|atk|1
|-unboost|p2b: Primarina|atk|1
|turn|6
|
|t:|1785707950
|switch|p1b: Garchomp|Garchomp, L50, M|100/100
|detailschange|p1a: Gardevoir|Gardevoir-Mega, L50, F
|-mega|p1a: Gardevoir|Gardevoir|Gardevoirite
|move|p1a: Gardevoir|Protect|p1a: Gardevoir
|-singleturn|p1a: Gardevoir|Protect
|move|p2a: Incineroar|Fake Out|p1a: Gardevoir
|-activate|p1a: Gardevoir|move: Protect
|move|p2b: Primarina|Hyper Voice|p1b: Garchomp|[spread] p1b
|-activate|p1a: Gardevoir|move: Protect
|-damage|p1b: Garchomp|60/100
|
|-sideend|p1: busterbunner|move: Tailwind
|upkeep
|turn|7
|
|t:|1785707975
|move|p1b: Garchomp|Rock Slide|p2a: Incineroar|[spread] p2a,p2b
|-supereffective|p2a: Incineroar|1
|-damage|p2a: Incineroar|29/100
|-damage|p2b: Primarina|41/100
|-enditem|p2a: Incineroar|Sitrus Berry|[eat]
|-heal|p2a: Incineroar|54/100|[from] item: Sitrus Berry
|-damage|p1b: Garchomp|50/100g|[from] item: Life Orb
|move|p1a: Gardevoir|Hyper Voice|p2b: Primarina|[spread] p2a,p2b
|-damage|p2a: Incineroar|13/100
|-damage|p2b: Primarina|5/100
|move|p2a: Incineroar|Parting Shot|p1b: Garchomp
|-unboost|p1b: Garchomp|atk|1
|-unboost|p1b: Garchomp|spa|1
|
|t:|1785707988
|switch|p2a: Whimsicott|Whimsicott, L50, F|1/100|[from] Parting Shot
|move|p2b: Primarina|Icy Wind|p1a: Gardevoir|[spread] p1a,p1b
|-supereffective|p1b: Garchomp|2
|-damage|p1a: Gardevoir|86/100
|-damage|p1b: Garchomp|0 fnt
|-unboost|p1a: Gardevoir|spe|1
|faint|p1b: Garchomp
|
|upkeep
|
|t:|1785707991
|switch|p1b: Pelipper|Pelipper, L50, F|43/100
|-weather|RainDance|[from] ability: Drizzle|[of] p1b: Pelipper
|turn|8
|
|t:|1785708010
|move|p1b: Pelipper|Wide Guard|p1b: Pelipper
|-singleturn|p1b: Pelipper|Wide Guard
|move|p2a: Whimsicott|Tailwind|p2a: Whimsicott
|-sidestart|p2: eufii|move: Tailwind
|move|p2b: Primarina|Hyper Voice|p1a: Gardevoir|[spread] 
|-activate|p1a: Gardevoir|move: Wide Guard
|-activate|p1b: Pelipper|move: Wide Guard
|move|p1a: Gardevoir|Trick Room|p1a: Gardevoir
|-fieldstart|move: Trick Room|[of] p1a: Gardevoir
|
|-weather|RainDance|[upkeep]
|upkeep
|turn|9
|
|t:|1785708024
|switch|p2a: Incineroar|Incineroar, L50, M|13/100
|-ability|p2a: Incineroar|Intimidate|boost
|-unboost|p1a: Gardevoir|atk|1
|-unboost|p1b: Pelipper|atk|1
|move|p1a: Gardevoir|Protect|p1a: Gardevoir
|-singleturn|p1a: Gardevoir|Protect
|move|p2b: Primarina|Protect|p2b: Primarina
|-singleturn|p2b: Primarina|Protect
|move|p1b: Pelipper|Muddy Water|p2a: Incineroar|[spread] p2a
|-activate|p2b: Primarina|move: Protect
|-supereffective|p2a: Incineroar|1
|-damage|p2a: Incineroar|0 fnt
|faint|p2a: Incineroar
|
|-weather|RainDance|[upkeep]
|upkeep
|
|t:|1785708040
|switch|p2a: Whimsicott|Whimsicott, L50, F|1/100
|turn|10
|
|t:|1785708053
|move|p2a: Whimsicott|Encore|p1a: Gardevoir
|-start|p1a: Gardevoir|Encore
|move|p1a: Gardevoir|Protect||[still]
|-fail|p1a: Gardevoir
|move|p1b: Pelipper|Muddy Water|p2a: Whimsicott|[spread] p2a,p2b
|-resisted|p2a: Whimsicott|1
|-resisted|p2b: Primarina|1
|-damage|p2a: Whimsicott|0 fnt
|-damage|p2b: Primarina|0 fnt
|faint|p2a: Whimsicott
|faint|p2b: Primarina
|
|-weather|RainDance|[upkeep]
|upkeep
|
|t:|1785708066
|switch|p2b: Raichu|Raichu-Mega-Y, L50, M|23/100
|turn|11
|
|t:|1785708077
|move|p1a: Gardevoir|Protect|p1a: Gardevoir
|-singleturn|p1a: Gardevoir|Protect
|move|p2b: Raichu|Protect|p2b: Raichu
|-singleturn|p2b: Raichu|Protect
|move|p1b: Pelipper|Hurricane|p2b: Raichu
|-activate|p2b: Raichu|move: Protect
|
|-weather|RainDance|[upkeep]
|-sideend|p2: eufii|move: Tailwind
|upkeep
|turn|12
|
|t:|1785708090
|move|p1a: Gardevoir|Protect|p1a: Gardevoir
|-singleturn|p1a: Gardevoir|Protect
|move|p1b: Pelipper|Hurricane|p2b: Raichu
|-resisted|p2b: Raichu|1
|-damage|p2b: Raichu|0 fnt
|faint|p2b: Raichu
|
|win|busterbunner
||busterbunner is ready for game 2.
|l|☆eufii
|player|p2|
|inactive|eufii has 30 seconds to confirm battle start!
|inactive|eufii has 20 seconds to confirm battle start!
|inactive|eufii has 10 seconds to confirm battle start!
|uhtml|next|Next: Game 2 of 3
