|j|☆Alecat
|j|☆averythewustab
|html|Alecataverythewustab    
|uhtml|bestof|Game 1 of a best-of-3
|t:|1757692265
|gametype|doubles
|player|p1|Alecat|scientistf|1089
|player|p2|averythewustab|265|1147
|gen|9
|tier|[Gen 9] VGC 2025 Reg H (Bo3)
|rated|
|rule|Species Clause: Limit one of each Pokémon
|rule|Item Clause: Limit 1 of each item
|clearpoke
|poke|p1|Sneasler, L50, F|
|poke|p1|Magmar, L50, M|
|poke|p1|Rillaboom, L50, M|
|poke|p1|Espathra, L50, F|
|poke|p1|Kingambit, L50, F|
|poke|p1|Arcanine-Hisui, L50, F|
|poke|p2|Pelipper, L50, M|
|poke|p2|Basculegion, L50, M|
|poke|p2|Archaludon, L50, F|
|poke|p2|Greninja-*, L50, M|
|poke|p2|Sinistcha-Masterpiece, L50|
|poke|p2|Annihilape, L50, M|
|teampreview|4
|showteam|p1|Sneasler||FocusSash|Unburden|FakeOut,CloseCombat,DireClaw,Coaching|||F|||50|,,,,,Ghost]Magmar||Eviolite|VitalSpirit|FollowMe,HeatWave,Taunt,Protect|||M|||50|,,,,,Dragon]Rillaboom||AssaultVest|GrassySurge|FakeOut,WoodHammer,GrassyGlide,HighHorsepower|||M|||50|,,,,,Fire]Espathra||GrassySeed|SpeedBoost|StoredPower,TeraBlast,CalmMind,Protect|||F|||50|,,,,,Fighting]Kingambit||SafetyGoggles|Defiant|KowtowCleave,SuckerPunch,SwordsDance,Protect|||F|||50|,,,,,Dark]Arcanine-Hisui||LoadedDice|Intimidate|FlareBlitz,RockBlast,ExtremeSpeed,Protect|||F|||50|,,,,,Ghost
|showteam|p2|Pelipper||FocusSash|Drizzle|Protect,WeatherBall,Hurricane,WideGuard|||M|||50|,,,,,Stellar]Basculegion||ChoiceBand|SwiftSwim|AquaJet,WaveCrash,LastRespects,FlipTurn|||M|||50|,,,,,Water]Archaludon||AssaultVest|Stamina|ElectroShot,DracoMeteor,BodyPress,FlashCannon|||F|||50|,,,,,Bug]Greninja||LoadedDice|Torrent|WaterShuriken,DarkPulse,Haze,RainDance|||M|||50|,,,,,Ghost]Sinistcha-Masterpiece||SitrusBerry|Hospitality|MatchaGotcha,LifeDew,RagePowder,TrickRoom||||||50|,,,,,Fairy]Annihilape||SafetyGoggles|Defiant|Taunt,RageFist,FinalGambit,CloseCombat|||M|||50|,,,,,Water
|inactive|Battle timer is ON: inactive players will automatically lose when time's up. (requested by Alecat)
|inactive|averythewustab has 60 seconds left.
|
|t:|1757692317
|teamsize|p1|4
|teamsize|p2|4
|start
|switch|p1a: Magmar|Magmar, L50, M|100/100
|switch|p1b: Kingambit|Kingambit, L50, F|100/100
|switch|p2a: Pelipper|Pelipper, L50, M, shiny|100/100
|switch|p2b: Sinistcha|Sinistcha-Masterpiece, L50, shiny|100/100
|-weather|RainDance|[from] ability: Drizzle|[of] p2a: Pelipper
|turn|1
|inactive|Alecat has 30 seconds left.
|inactive|averythewustab has 30 seconds left.
|inactive|Alecat has 20 seconds left.
|inactive|averythewustab has 20 seconds left.
|inactive|averythewustab has 15 seconds left.
|inactive|averythewustab has 10 seconds left.
|
|t:|1757692367
|-terastallize|p1a: Magmar|Dragon
|-terastallize|p2b: Sinistcha|Fairy
|move|p2b: Sinistcha|Rage Powder|p2b: Sinistcha
|-singleturn|p2b: Sinistcha|move: Rage Powder
|move|p1a: Magmar|Heat Wave|p2b: Sinistcha|[spread] p2a,p2b
|-resisted|p2a: Pelipper
|-damage|p2a: Pelipper|90/100
|-damage|p2b: Sinistcha|88/100
|move|p2a: Pelipper|Weather Ball|p1a: Magmar
|-resisted|p1a: Magmar
|-damage|p1a: Magmar|74/100
|move|p1b: Kingambit|Kowtow Cleave|p2a: Pelipper
|-damage|p2a: Pelipper|31/100
|
|-weather|RainDance|[upkeep]
|upkeep
|turn|2
|inactive|averythewustab has 30 seconds left.
|
|t:|1757692398
|switch|p2a: Annihilape|Annihilape, L50, M, shiny|100/100
|move|p1a: Magmar|Taunt|p2a: Annihilape
|-start|p2a: Annihilape|move: Taunt
|move|p2b: Sinistcha|Life Dew||[still]|[spread] p2a,p2b
|-fail|p2a: Annihilape|heal
|-heal|p2b: Sinistcha|100/100
|move|p1b: Kingambit|Swords Dance|p1b: Kingambit
|-boost|p1b: Kingambit|atk|2
|
|-weather|RainDance|[upkeep]
|upkeep
|turn|3
|
|t:|1757692418
|move|p1a: Magmar|Follow Me|p1a: Magmar
|-singleturn|p1a: Magmar|move: Follow Me
|move|p2b: Sinistcha|Rage Powder|p2b: Sinistcha
|-singleturn|p2b: Sinistcha|move: Rage Powder
|move|p2a: Annihilape|Close Combat|p1a: Magmar
|-damage|p1a: Magmar|27/100
|-unboost|p2a: Annihilape|def|1
|-unboost|p2a: Annihilape|spd|1
|move|p1b: Kingambit|Kowtow Cleave|p2a: Annihilape
|-damage|p2a: Annihilape|0 fnt
|faint|p2a: Annihilape
|
|-weather|RainDance|[upkeep]
|upkeep
|
|t:|1757692441
|switch|p2a: Archaludon|Archaludon, L50, F, shiny|100/100
|turn|4
|
|t:|1757692458
|move|p1a: Magmar|Follow Me|p1a: Magmar
|-singleturn|p1a: Magmar|move: Follow Me
|move|p2a: Archaludon|Electro Shot||[still]
|-prepare|p2a: Archaludon|Electro Shot
|-boost|p2a: Archaludon|spa|1
|-anim|p2a: Archaludon|Electro Shot|p1a: Magmar
|-resisted|p1a: Magmar
|-damage|p1a: Magmar|6/100
|move|p2b: Sinistcha|Matcha Gotcha|p1a: Magmar|[spread] p1a,p1b
|-resisted|p1a: Magmar
|-resisted|p1b: Kingambit
|-damage|p1a: Magmar|0 fnt
|-damage|p1b: Kingambit|90/100
|faint|p1a: Magmar
|move|p1b: Kingambit|Swords Dance|p1b: Kingambit
|-boost|p1b: Kingambit|atk|2
|
|-weather|RainDance|[upkeep]
|upkeep
|
|t:|1757692474
|switch|p1a: Rillaboom|Rillaboom, L50, M|100/100
|-fieldstart|move: Grassy Terrain|[from] ability: Grassy Surge|[of] p1a: Rillaboom
|turn|5
|
|t:|1757692485
|switch|p2a: Pelipper|Pelipper, L50, M, shiny|31/100
|move|p1a: Rillaboom|Fake Out|p2a: Pelipper
|-damage|p2a: Pelipper|12/100
|move|p2b: Sinistcha|Matcha Gotcha|p1a: Rillaboom|[spread] p1b
|-miss|p2b: Sinistcha|p1a: Rillaboom
|-resisted|p1b: Kingambit
|-damage|p1b: Kingambit|76/100
|move|p1b: Kingambit|Kowtow Cleave|p2a: Pelipper
|-damage|p2a: Pelipper|0 fnt
|faint|p2a: Pelipper
|
|-weather|none
|-heal|p1b: Kingambit|82/100|[from] Grassy Terrain
|upkeep
|
|t:|1757692499
|switch|p2a: Archaludon|Archaludon, L50, F, shiny|100/100
|turn|6
|
|t:|1757692510
|move|p1b: Kingambit|Sucker Punch|p2a: Archaludon
|-damage|p2a: Archaludon|13/100
|-ability|p2a: Archaludon|Stamina|boost
|-boost|p2a: Archaludon|def|1
|move|p2a: Archaludon|Body Press|p1b: Kingambit
|-supereffective|p1b: Kingambit
|-damage|p1b: Kingambit|0 fnt
|faint|p1b: Kingambit
|move|p1a: Rillaboom|Wood Hammer|p2b: Sinistcha
|-damage|p2b: Sinistcha|41/100
|-enditem|p2b: Sinistcha|Sitrus Berry|[eat]
|-heal|p2b: Sinistcha|66/100|[from] item: Sitrus Berry
|-damage|p1a: Rillaboom|84/100|[from] Recoil
|move|p2b: Sinistcha|Matcha Gotcha|p1a: Rillaboom
|-resisted|p1a: Rillaboom
|-damage|p1a: Rillaboom|66/100
|-heal|p2b: Sinistcha|76/100|[from] drain|[of] p1a: Rillaboom
|-status|p1a: Rillaboom|brn
|
|-heal|p2a: Archaludon|19/100|[from] Grassy Terrain
|-heal|p1a: Rillaboom|72/100 brn|[from] Grassy Terrain
|-heal|p2b: Sinistcha|82/100|[from] Grassy Terrain
|-damage|p1a: Rillaboom|66/100 brn|[from] brn
|upkeep
|
|t:|1757692531
|switch|p1b: Espathra|Espathra, L50, F, shiny|100/100
|-enditem|p1b: Espathra|Grassy Seed
|-boost|p1b: Espathra|def|1|[from] item: Grassy Seed
|turn|7
|
|t:|1757692548
|move|p2a: Archaludon|Electro Shot||[still]
|-prepare|p2a: Archaludon|Electro Shot
|-boost|p2a: Archaludon|spa|1
|move|p1b: Espathra|Calm Mind|p1b: Espathra
|-boost|p1b: Espathra|spa|1
|-boost|p1b: Espathra|spd|1
|move|p1a: Rillaboom|High Horsepower|p2a: Archaludon
|-supereffective|p2a: Archaludon
|-damage|p2a: Archaludon|4/100
|-ability|p2a: Archaludon|Stamina|boost
|-boost|p2a: Archaludon|def|1
|move|p2b: Sinistcha|Life Dew|p2b: Sinistcha|[spread] p2a,p2b
|-heal|p2a: Archaludon|29/100
|-heal|p2b: Sinistcha|100/100
|
|-heal|p2a: Archaludon|35/100|[from] Grassy Terrain
|-heal|p1a: Rillaboom|72/100 brn|[from] Grassy Terrain
|-damage|p1a: Rillaboom|66/100 brn|[from] brn
|-ability|p1b: Espathra|Speed Boost|boost
|-boost|p1b: Espathra|spe|1
|upkeep
|turn|8
|
|t:|1757692570
|move|p1b: Espathra|Protect|p1b: Espathra
|-singleturn|p1b: Espathra|Protect
|move|p2b: Sinistcha|Rage Powder|p2b: Sinistcha
|-singleturn|p2b: Sinistcha|move: Rage Powder
|move|p2a: Archaludon|Electro Shot|p1b: Espathra|[from] lockedmove
|-activate|p1b: Espathra|move: Protect
|move|p1a: Rillaboom|Wood Hammer|p2b: Sinistcha
|-damage|p2b: Sinistcha|68/100
|-damage|p1a: Rillaboom|57/100 brn|[from] Recoil
|
|-heal|p2a: Archaludon|41/100|[from] Grassy Terrain
|-heal|p1a: Rillaboom|63/100 brn|[from] Grassy Terrain
|-heal|p2b: Sinistcha|74/100|[from] Grassy Terrain
|-damage|p1a: Rillaboom|57/100 brn|[from] brn
|-ability|p1b: Espathra|Speed Boost|boost
|-boost|p1b: Espathra|spe|1
|upkeep
|turn|9
|
|t:|1757692593
|move|p2b: Sinistcha|Rage Powder|p2b: Sinistcha
|-singleturn|p2b: Sinistcha|move: Rage Powder
|move|p1b: Espathra|Calm Mind|p1b: Espathra
|-boost|p1b: Espathra|spa|1
|-boost|p1b: Espathra|spd|1
|move|p2a: Archaludon|Draco Meteor|p1b: Espathra|[miss]
|-miss|p2a: Archaludon|p1b: Espathra
|move|p1a: Rillaboom|Wood Hammer|p2b: Sinistcha
|-damage|p2b: Sinistcha|43/100
|-damage|p1a: Rillaboom|48/100 brn|[from] Recoil
|
|-heal|p2a: Archaludon|47/100|[from] Grassy Terrain
|-heal|p1a: Rillaboom|54/100 brn|[from] Grassy Terrain
|-heal|p2b: Sinistcha|49/100|[from] Grassy Terrain
|-damage|p1a: Rillaboom|48/100 brn|[from] brn
|-fieldend|move: Grassy Terrain
|-ability|p1b: Espathra|Speed Boost|boost
|-boost|p1b: Espathra|spe|1
|upkeep
|turn|10
|
|t:|1757692617
|move|p2b: Sinistcha|Rage Powder|p2b: Sinistcha
|-singleturn|p2b: Sinistcha|move: Rage Powder
|move|p1b: Espathra|Stored Power|p2b: Sinistcha
|-crit|p2b: Sinistcha
|-damage|p2b: Sinistcha|0 fnt
|faint|p2b: Sinistcha
|move|p2a: Archaludon|Draco Meteor|p1b: Espathra
|-damage|p1b: Espathra|50/100
|-unboost|p2a: Archaludon|spa|2
|move|p1a: Rillaboom|High Horsepower|p2a: Archaludon
|-supereffective|p2a: Archaludon
|-damage|p2a: Archaludon|35/100
|-ability|p2a: Archaludon|Stamina|boost
|-boost|p2a: Archaludon|def|1
|
|-damage|p1a: Rillaboom|43/100 brn|[from] brn
|-ability|p1b: Espathra|Speed Boost|boost
|-boost|p1b: Espathra|spe|1
|upkeep
|turn|11
|inactive|averythewustab has 30 seconds left.
|
|t:|1757692643
|move|p1b: Espathra|Stored Power|p2a: Archaludon
|-resisted|p2a: Archaludon
|-damage|p2a: Archaludon|0 fnt
|faint|p2a: Archaludon
|
|win|Alecat
