|j|☆n-da-npc
|j|☆iloveships
|html|n-da-npciloveships    
|uhtml|bestof|Game 1 of a best-of-3
|t:|1785940680
|gametype|doubles
|player|p1|n-da-npc|nate|1193
|player|p2|iloveships|emmet|1196
|gen|9
|tier|[Gen 9 Champions] VGC 2026 Reg M-B (Bo3)
|rated|
|rule|Species Clause: Limit one of each Pokémon
|rule|Item Clause: Limit 1 of each item
|clearpoke
|poke|p1|Incineroar, L50, F|
|poke|p1|Sneasler, L50, F|
|poke|p1|Sinistcha, L50|
|poke|p1|Raichu, L50, M|
|poke|p1|Mamoswine, L50, M|
|poke|p1|Staraptor, L50, M|
|poke|p2|Sinistcha, L50|
|poke|p2|Milotic, L50, M|
|poke|p2|Incineroar, L50, M|
|poke|p2|Raichu, L50, M|
|poke|p2|Ninetales-Alola, L50, M|
|poke|p2|Garchomp, L50, F|
|teampreview|4
|showteam|p1|Incineroar||WhiteHerb|Intimidate|FakeOut,FlareBlitz,DarkestLariat,PartingShot|Adamant||F|||50|]Sneasler||FocusSash|Unburden|FakeOut,CloseCombat,PoisonJab,Protect|Adamant||F|||50|]Sinistcha||OccaBerry|Hospitality|LifeDew,MatchaGotcha,RagePowder,TrickRoom|Calm|||||50|]Raichu||RaichuniteY|LightningRod|Protect,FakeOut,ZapCannon,Charm|Timid||M|||50|]Mamoswine||LifeOrb|Oblivious|Protect,IceShard,Earthquake,IcicleCrash|Adamant||M|||50|]Staraptor||Staraptite|Intimidate|Protect,DualWingbeat,CloseCombat,Roost|Jolly||M|||50|
|showteam|p2|Sinistcha||KasibBerry|Hospitality|LifeDew,MatchaGotcha,RagePowder,Hex|Calm|||||50|]Milotic||Leftovers|Competitive|MuddyWater,Hypnosis,Coil,Recover|Calm||M|||50|]Incineroar||SitrusBerry|Blaze|FakeOut,PartingShot,DarkestLariat,FlareBlitz|Adamant||M|||50|]Raichu||RaichuniteY|LightningRod|ZapCannon,FocusBlast,FakeOut,Protect|Timid||M|||50|]Ninetales-Alola||FocusSash|SnowWarning|Blizzard,FreezeDry,Protect,Encore|Timid||M|||50|]Garchomp||LifeOrb|RoughSkin|Protect,StompingTantrum,DragonClaw,RockSlide|Jolly||F|||50|
|inactive|Battle timer is ON: inactive players will automatically lose when time's up. (requested by iloveships)
|inactive|n-da-npc also wants the timer to be on.
|c|☆n-da-npc|glhf :D
|c|☆iloveships|you2!
|inactive|n-da-npc has 60 seconds left.
|inactive|iloveships has 60 seconds left.
|
|t:|1785940735
|teamsize|p1|4
|teamsize|p2|4
|start
|switch|p1a: zardy's nightmare|Raichu, L50, M|100/100
|switch|p1b: menace 2|Mamoswine, L50, M|100/100
|switch|p2a: Raichu|Raichu, L50, M|100/100
|switch|p2b: Milotic|Milotic, L50, M|100/100
|turn|1
|inactive|iloveships has 30 seconds left.
|inactive|n-da-npc has 30 seconds left.
|inactive|iloveships has 20 seconds left.
|inactive|n-da-npc has 20 seconds left.
|
|t:|1785940782
|detailschange|p1a: zardy's nightmare|Raichu-Mega-Y, L50, M
|-mega|p1a: zardy's nightmare|Raichu|Raichunite Y
|move|p2a: Raichu|Protect|p2a: Raichu
|-singleturn|p2a: Raichu|Protect
|move|p1a: zardy's nightmare|Fake Out|p2a: Raichu
|-activate|p2a: Raichu|move: Protect
|move|p2b: Milotic|Coil|p2b: Milotic
|-boost|p2b: Milotic|atk|1
|-boost|p2b: Milotic|def|1
|-boost|p2b: Milotic|accuracy|1
|move|p1b: menace 2|Icicle Crash|p2a: Raichu
|-activate|p2a: Raichu|move: Protect
|
|upkeep
|turn|2
|inactive|iloveships has 30 seconds left.
|inactive|iloveships has 20 seconds left.
|
|t:|1785940817
|switch|p2a: Ninetales|Ninetales-Alola, L50, M|100/100
|-weather|Snowscape|[from] ability: Snow Warning|[of] p2a: Ninetales
|move|p1a: zardy's nightmare|Protect|p1a: zardy's nightmare
|-singleturn|p1a: zardy's nightmare|Protect
|move|p2b: Milotic|Hypnosis|p1a: zardy's nightmare
|-activate|p1a: zardy's nightmare|move: Protect
|move|p1b: menace 2|Earthquake|p2a: Ninetales|[spread] p2a,p2b
|-activate|p1a: zardy's nightmare|move: Protect
|-damage|p2a: Ninetales|42/100
|-damage|p2b: Milotic|69/100
|-damage|p1b: menace 2|90/100|[from] item: Life Orb
|
|-weather|Snowscape|[upkeep]
|-heal|p2b: Milotic|75/100|[from] item: Leftovers
|upkeep
|turn|3
|
|t:|1785940840
|move|p2a: Ninetales|Protect|p2a: Ninetales
|-singleturn|p2a: Ninetales|Protect
|move|p1a: zardy's nightmare|Zap Cannon|p2b: Milotic
|-supereffective|p2b: Milotic|1
|-damage|p2b: Milotic|0 fnt
|faint|p2b: Milotic
|move|p1b: menace 2|Earthquake|p2a: Ninetales|[spread] p1a
|-activate|p2a: Ninetales|move: Protect
|-supereffective|p1a: zardy's nightmare|1
|-damage|p1a: zardy's nightmare|0 fnt
|faint|p1a: zardy's nightmare
|-damage|p1b: menace 2|80/100|[from] item: Life Orb
|
|-weather|Snowscape|[upkeep]
|upkeep
|
|t:|1785940858
|switch|p1a: menace 1|Incineroar, L50, F|100/100
|switch|p2b: Raichu|Raichu, L50, M|100/100
|-ability|p1a: menace 1|Intimidate|boost
|-unboost|p2a: Ninetales|atk|1
|-unboost|p2b: Raichu|atk|1
|turn|4
|inactive|n-da-npc has 30 seconds left.
|
|t:|1785940883
|detailschange|p2b: Raichu|Raichu-Mega-Y, L50, M
|-mega|p2b: Raichu|Raichu|Raichunite Y
|move|p1b: menace 2|Protect|p1b: menace 2
|-singleturn|p1b: menace 2|Protect
|move|p2b: Raichu|Fake Out|p1b: menace 2
|-activate|p1b: menace 2|move: Protect
|move|p2a: Ninetales|Freeze-Dry|p1b: menace 2
|-activate|p1b: menace 2|move: Protect
|move|p1a: menace 1|Flare Blitz|p2a: Ninetales
|-supereffective|p2a: Ninetales|1
|-damage|p2a: Ninetales|0 fnt
|faint|p2a: Ninetales
|-damage|p1a: menace 1|89/100|[from] Recoil
|
|-weather|Snowscape|[upkeep]
|upkeep
|
|t:|1785940896
|switch|p2a: Garchomp|Garchomp, L50, F|100/100
|turn|5
|
|t:|1785940915
|switch|p1b: menace 3|Staraptor, L50, M|100/100
|-ability|p1b: menace 3|Intimidate|boost
|-unboost|p2a: Garchomp|atk|1
|-unboost|p2b: Raichu|atk|1
|move|p2a: Garchomp|Protect|p2a: Garchomp
|-singleturn|p2a: Garchomp|Protect
|move|p2b: Raichu|Focus Blast|p1b: menace 3
|-crit|p1b: menace 3
|-damage|p1b: menace 3|15/100
|move|p1a: menace 1|Flare Blitz|p2b: Raichu
|-damage|p2b: Raichu|12/100
|-damage|p1a: menace 1|65/100|[from] Recoil
|
|-weather|Snowscape|[upkeep]
|upkeep
|turn|6
|inactive|n-da-npc has 30 seconds left.
|inactive|iloveships has 30 seconds left.
|inactive|n-da-npc has 20 seconds left.
|inactive|n-da-npc has 15 seconds left.
|inactive|n-da-npc has 10 seconds left.
|
|t:|1785940963
|move|p1b: menace 3|Protect|p1b: menace 3
|-singleturn|p1b: menace 3|Protect
|move|p2b: Raichu|Zap Cannon|p1b: menace 3
|-activate|p1b: menace 3|move: Protect
|move|p2a: Garchomp|Stomping Tantrum|p1a: menace 1
|-supereffective|p1a: menace 1|1
|-damage|p1a: menace 1|2/100
|-damage|p2a: Garchomp|90/100|[from] item: Life Orb
|move|p1a: menace 1|Darkest Lariat|p2b: Raichu
|-damage|p2b: Raichu|0 fnt
|faint|p2b: Raichu
|
|-weather|none
|upkeep
|turn|7
|
|t:|1785940978
|move|p2a: Garchomp|Rock Slide|p1b: menace 3|[spread] p1a,p1b
|-supereffective|p1a: menace 1|1
|-supereffective|p1b: menace 3|1
|-damage|p1a: menace 1|0 fnt
|-damage|p1b: menace 3|0 fnt
|faint|p1a: menace 1
|faint|p1b: menace 3
|-damage|p2a: Garchomp|80/100|[from] item: Life Orb
|
|upkeep
|
|t:|1785940981
|switch|p1b: menace 2|Mamoswine, L50, M|80/100
|turn|8
|-message|iloveships forfeited.
|raw|n-da-npc's rating: 1193 → 1218(+25 for winning)
|raw|iloveships's rating: 1196 → 1171(-25 for losing)
|
|win|n-da-npc
