|j|☆HumbleVillager24
|j|☆natsukivgc
|html|HumbleVillager24natsukivgc    
|uhtml|bestof|Game 1 of a best-of-3
|t:|1785395505
|gametype|doubles
|player|p1|HumbleVillager24|265|1162
|player|p2|natsukivgc|1|1188
|gen|9
|tier|[Gen 9 Champions] VGC 2026 Reg M-B (Bo3)
|rated|
|rule|Species Clause: Limit one of each Pokémon
|rule|Item Clause: Limit 1 of each item
|clearpoke
|poke|p1|Raichu, L50, F|
|poke|p1|Meowscarada, L50, M|
|poke|p1|Ceruledge, L50, M|
|poke|p1|Farigiraf, L50, F|
|poke|p1|Kingambit, L50, F|
|poke|p1|Whimsicott, L50, M|
|poke|p2|Garchomp, L50, F|
|poke|p2|Venusaur, L50, F|
|poke|p2|Incineroar, L50, F|
|poke|p2|Charizard, L50, M|
|poke|p2|Toxapex, L50, M|
|poke|p2|Annihilape, L50, M|
|teampreview|4
|showteam|p1|Raichu||RaichuniteY|LightningRod|Protect,FakeOut,ZapCannon,FocusBlast|Timid||F|||50|]Meowscarada||ChoiceScarf|Protean|KnockOff,FlowerTrick,TripleAxel,BrickBreak|Jolly||M|||50|]Ceruledge||WhiteHerb|FlashFire|Poltergeist,BitterBlade,Protect,SwordsDance|Adamant||M|||50|]Farigiraf||Leftovers|ArmorTail|Psychic,Imprison,TrickRoom,HelpingHand|Bold||F|||50|]Kingambit||LifeOrb|Defiant|SuckerPunch,KowtowCleave,IronHead,LowKick|Adamant||F|||50|]Whimsicott||FocusSash|Prankster|Moonblast,Encore,Protect,Tailwind|Timid||M|||50|
|showteam|p2|Garchomp||ChoiceScarf|RoughSkin|Earthquake,DragonClaw,StompingTantrum,RockSlide|Adamant||F|||50|]Venusaur||LifeOrb|Chlorophyll|SolarBeam,SludgeBomb,EarthPower,Protect|Modest||F|||50|]Incineroar||SitrusBerry|Intimidate|FlareBlitz,ThroatChop,FakeOut,PartingShot|Impish||F|||50|]Charizard||CharizarditeY|Blaze|HeatWave,WeatherBall,HelpingHand,Protect|Modest||M|||50|]Toxapex||Leftovers|Regenerator|Infestation,Toxic,WideGuard,BanefulBunker|Bold||M|||50|]Annihilape||FocusSash|Defiant|CloseCombat,PhantomForce,StealthRock,Protect|Jolly||M|||50|
|
|t:|1785395560
|teamsize|p1|4
|teamsize|p2|4
|start
|switch|p1a: Farigiraf|Farigiraf, L50, F|100/100
|switch|p1b: Kingambit|Kingambit, L50, F|100/100
|switch|p2a: Venusaur|Venusaur, L50, F|100/100
|switch|p2b: Charizard|Charizard, L50, M|100/100
|turn|1
|
|t:|1785395597
|detailschange|p2b: Charizard|Charizard-Mega-Y, L50, M
|-mega|p2b: Charizard|Charizard|Charizardite Y
|-weather|SunnyDay|[from] ability: Drought|[of] p2b: Charizard
|move|p1a: Farigiraf|Helping Hand|p1b: Kingambit
|-singleturn|p1b: Kingambit|Helping Hand|[of] p1a: Farigiraf
|move|p1b: Kingambit|Sucker Punch|p2b: Charizard
|-damage|p2b: Charizard|19/100
|-damage|p1b: Kingambit|90/100|[from] item: Life Orb
|move|p2a: Venusaur|Earth Power|p1b: Kingambit
|-supereffective|p1b: Kingambit|1
|-damage|p1b: Kingambit|0 fnt
|faint|p1b: Kingambit
|-damage|p2a: Venusaur|90/100|[from] item: Life Orb
|move|p2b: Charizard|Heat Wave|p1a: Farigiraf
|-damage|p1a: Farigiraf|25/100
|
|-weather|SunnyDay|[upkeep]
|-heal|p1a: Farigiraf|31/100|[from] item: Leftovers
|upkeep
|
|t:|1785395619
|switch|p1b: The Rat Pack|Raichu, L50, F|100/100
|turn|2
|
|t:|1785395654
|detailschange|p1b: The Rat Pack|Raichu-Mega-Y, L50, F
|-mega|p1b: The Rat Pack|Raichu|Raichunite Y
|move|p1b: The Rat Pack|Fake Out|p2a: Venusaur
|-damage|p2a: Venusaur|80/100
|cant|p2a: Venusaur|flinch
|move|p2b: Charizard|Weather Ball|p1a: Farigiraf
|-damage|p1a: Farigiraf|0 fnt
|faint|p1a: Farigiraf
|
|-weather|SunnyDay|[upkeep]
|upkeep
|
|t:|1785395662
|switch|p1a: Flowery|Meowscarada, L50, M|100/100
|turn|3
|
|t:|1785395688
|move|p2a: Venusaur|Protect|p2a: Venusaur
|-singleturn|p2a: Venusaur|Protect
|move|p2b: Charizard|Protect|p2b: Charizard
|-singleturn|p2b: Charizard|Protect
|move|p1a: Flowery|Triple Axel|p2a: Venusaur
|-start|p1a: Flowery|typechange|Ice|[from] ability: Protean
|-activate|p2a: Venusaur|move: Protect
|move|p1b: The Rat Pack|Zap Cannon|p2b: Charizard
|-activate|p2b: Charizard|move: Protect
|
|-weather|SunnyDay|[upkeep]
|upkeep
|turn|4
|
|t:|1785395728
|move|p1a: Flowery|Triple Axel|p2a: Venusaur
|-supereffective|p2a: Venusaur|1
|-damage|p2a: Venusaur|56/100
|-supereffective|p2a: Venusaur|1
|-damage|p2a: Venusaur|11/100
|-supereffective|p2a: Venusaur|1
|-damage|p2a: Venusaur|0 fnt
|faint|p2a: Venusaur
|-hitcount|p2: Venusaur|3
|move|p1b: The Rat Pack|Zap Cannon|p2b: Charizard
|-supereffective|p2b: Charizard|1
|-damage|p2b: Charizard|0 fnt
|faint|p2b: Charizard
|
|-weather|SunnyDay|[upkeep]
|upkeep
|
|t:|1785395742
|switch|p2b: Garchomp|Garchomp, L50, F|100/100
|switch|p2a: Incineroar|Incineroar, L50, F|100/100
|-ability|p2a: Incineroar|Intimidate|boost
|-unboost|p1a: Flowery|atk|1
|-unboost|p1b: The Rat Pack|atk|1
|turn|5
|
|t:|1785395792
|move|p1b: The Rat Pack|Protect|p1b: The Rat Pack
|-singleturn|p1b: The Rat Pack|Protect
|move|p2a: Incineroar|Fake Out|p1a: Flowery
|-damage|p1a: Flowery|83/100
|cant|p1a: Flowery|flinch
|move|p2b: Garchomp|Rock Slide|p1a: Flowery|[spread] 
|-activate|p1b: The Rat Pack|move: Protect
|-miss|p2b: Garchomp|p1a: Flowery
|
|-weather|none
|upkeep
|turn|6
|
|t:|1785395806
|move|p1a: Flowery|Triple Axel|p2b: Garchomp
|-supereffective|p2b: Garchomp|2
|-damage|p2b: Garchomp|75/100
|-damage|p1a: Flowery|70/100|[from] ability: Rough Skin|[of] p2b: Garchomp
|-supereffective|p2b: Garchomp|2
|-damage|p2b: Garchomp|24/100
|-damage|p1a: Flowery|58/100|[from] ability: Rough Skin|[of] p2b: Garchomp
|-supereffective|p2b: Garchomp|2
|-damage|p2b: Garchomp|0 fnt
|-damage|p1a: Flowery|45/100|[from] ability: Rough Skin|[of] p2b: Garchomp
|faint|p2b: Garchomp
|-hitcount|p2: Garchomp|3
|move|p1b: The Rat Pack|Focus Blast|p2a: Incineroar
|-supereffective|p2a: Incineroar|1
|-damage|p2a: Incineroar|20/100y
|-enditem|p2a: Incineroar|Sitrus Berry|[eat]
|-heal|p2a: Incineroar|45/100|[from] item: Sitrus Berry
|move|p2a: Incineroar|Flare Blitz|p1a: Flowery
|-supereffective|p1a: Flowery|1
|-damage|p1a: Flowery|0 fnt
|faint|p1a: Flowery
|-damage|p2a: Incineroar|34/100|[from] Recoil
|
|upkeep
|turn|7
|
|t:|1785395835
|move|p1b: The Rat Pack|Zap Cannon|p2a: Incineroar
|-damage|p2a: Incineroar|0 fnt
|faint|p2a: Incineroar
|
|win|HumbleVillager24
