|j|â˜†uisksms
|j|â˜†PokemonManiacJohn
|html|uisksmsPokemonManiacJohn    
|uhtml|bestof|Game 2 of a best-of-3
|t:|1784384389
|gametype|doubles
|player|p1|uisksms|265|1042
|player|p2|PokemonManiacJohn|brycenman|1000
|gen|9
|tier|[Gen 9 Champions] VGC 2026 Reg M-B (Bo3)
|rated|
|rule|Species Clause: Limit one of each PokÃ©mon
|rule|Item Clause: Limit 1 of each item
|clearpoke
|poke|p1|Blastoise, L50, M|
|poke|p1|Farigiraf, L50, M|
|poke|p1|Torkoal, L50, M|
|poke|p1|Incineroar, L50, M|
|poke|p1|Sylveon, L50, M, shiny|
|poke|p1|Kingambit, L50, F|
|poke|p2|Charizard, L50, F|
|poke|p2|Arcanine-Hisui, L50, M|
|poke|p2|Manectric, L50, M|
|poke|p2|Sylveon, L50, M|
|poke|p2|Sinistcha, L50|
|poke|p2|Kingambit, L50, M|
|teampreview|4
|showteam|p1|Blastoise||Blastoisinite|Torrent|WaterSpout,FakeOut,DarkPulse,AuraSphere|Quiet||M|||50|]Farigiraf||ColburBerry|ArmorTail|PsychicNoise,TrickRoom,Thunderbolt,HelpingHand|Sassy||M|||50|]Torkoal||Charcoal|Drought|HeatWave,Protect,Eruption,EarthPower|Quiet||M|||50|]Incineroar||Leftovers|Intimidate|DarkestLariat,FakeOut,FlareBlitz,PartingShot|Jolly||M|||50|]Sylveon||FairyFeather|Pixilate|HyperVoice,HyperBeam,QuickAttack,Protect|Quiet||M|||50|]Kingambit||LifeOrb|Defiant|KowtowCleave,SuckerPunch,IronHead,Protect|Adamant||F|||50|
|showteam|p2|Charizard||CharizarditeY|SolarPower|Protect,AirSlash,HeatWave,WeatherBall|Modest||F|||50|]Arcanine-Hisui||PasshoBerry|RockHead|FlareBlitz,HeadSmash,Protect,WillOWisp|Adamant||M|||50|]Manectric||Manectite|LightningRod|Discharge,Overheat,ThunderWave,Protect|Timid||M|||50|]Sylveon||SitrusBerry|Pixilate|Yawn,Protect,QuickAttack,HyperVoice|Quiet||M|||50|]Sinistcha||Leftovers|Hospitality|RagePowder,MatchaGotcha,TrickRoom,LifeDew|Sassy|||||50|]Kingambit||ChopleBerry|Defiant|Protect,IronHead,BrickBreak,SuckerPunch|Brave||M|||50|
|
|t:|1784384404
|teamsize|p1|4
|teamsize|p2|4
|start
|switch|p1a: Blastoise|Blastoise, L50, M|100/100
|switch|p1b: Farigiraf|Farigiraf, L50, M|100/100
|switch|p2a: Sinistcha|Sinistcha, L50|100/100
|switch|p2b: Manectric|Manectric, L50, M|100/100
|turn|1
|
|t:|1784384435
|detailschange|p2b: Manectric|Manectric-Mega, L50, M
|-mega|p2b: Manectric|Manectric|Manectite
|-ability|p2b: Manectric|Intimidate|boost
|-unboost|p1a: Blastoise|atk|1
|-unboost|p1b: Farigiraf|atk|1
|detailschange|p1a: Blastoise|Blastoise-Mega, L50, M
|-mega|p1a: Blastoise|Blastoise|Blastoisinite
|move|p1a: Blastoise|Fake Out|p2b: Manectric
|-damage|p2b: Manectric|89/100
|cant|p2b: Manectric|flinch
|move|p2a: Sinistcha|Matcha Gotcha|p1b: Farigiraf|[spread] p1a,p1b
|-supereffective|p1a: Blastoise|1
|-damage|p1a: Blastoise|61/100
|-damage|p1b: Farigiraf|82/100
|move|p1b: Farigiraf|Trick Room|p1b: Farigiraf
|-fieldstart|move: Trick Room|[of] p1b: Farigiraf
|
|upkeep
|turn|2
|
|t:|1784384460
|switch|p1b: Torkoal|Torkoal, L50, M|100/100
|-weather|SunnyDay|[from] ability: Drought|[of] p1b: Torkoal
|move|p2a: Sinistcha|Matcha Gotcha|p1a: Blastoise|[spread] p1b
|-miss|p2a: Sinistcha|p1a: Blastoise
|-resisted|p1b: Torkoal|1
|-damage|p1b: Torkoal|84/100
|move|p1a: Blastoise|Dark Pulse|p2a: Sinistcha
|-supereffective|p2a: Sinistcha|1
|-damage|p2a: Sinistcha|14/100
|move|p2b: Manectric|Discharge|p1a: Blastoise|[spread] p2a,p1a,p1b
|-resisted|p2a: Sinistcha|1
|-supereffective|p1a: Blastoise|1
|-damage|p2a: Sinistcha|1/100
|-damage|p1a: Blastoise|6/100
|-damage|p1b: Torkoal|41/100
|-status|p1b: Torkoal|par
|
|-weather|SunnyDay|[upkeep]
|-heal|p2a: Sinistcha|6/100|[from] item: Leftovers
|upkeep
|turn|3
|
|t:|1784384486
|switch|p1a: Sylveon|Sylveon, L50, M, shiny|100/100
|move|p1b: Torkoal|Heat Wave|p2a: Sinistcha|[spread] p2a,p2b
|-supereffective|p2a: Sinistcha|1
|-damage|p2a: Sinistcha|0 fnt
|-damage|p2b: Manectric|5/100
|faint|p2a: Sinistcha
|move|p2b: Manectric|Discharge|p1a: Sylveon|[spread] p1a,p1b
|-damage|p1a: Sylveon|74/100
|-damage|p1b: Torkoal|0 fnt
|-status|p1a: Sylveon|par
|faint|p1b: Torkoal
|
|-weather|SunnyDay|[upkeep]
|upkeep
|
|t:|1784384516
|switch|p1b: Farigiraf|Farigiraf, L50, M|82/100
|switch|p2a: Arcanine|Arcanine-Hisui, L50, M|100/100
|turn|4
|
|t:|1784384527
|move|p1b: Farigiraf|Helping Hand|p1a: Sylveon
|-singleturn|p1a: Sylveon|Helping Hand|[of] p1b: Farigiraf
|move|p2b: Manectric|Protect|p2b: Manectric
|-singleturn|p2b: Manectric|Protect
|move|p1a: Sylveon|Hyper Voice|p2b: Manectric|[spread] p2a
|-activate|p2b: Manectric|move: Protect
|-resisted|p2a: Arcanine|1
|-damage|p2a: Arcanine|52/100
|move|p2a: Arcanine|Flare Blitz|p1a: Sylveon
|-damage|p1a: Sylveon|0 fnt
|faint|p1a: Sylveon
|
|-weather|SunnyDay|[upkeep]
|upkeep
|
|t:|1784384543
|switch|p1a: Blastoise|Blastoise-Mega, L50, M|6/100
|turn|5
|
|t:|1784384554
|move|p2a: Arcanine|Protect|p2a: Arcanine
|-singleturn|p2a: Arcanine|Protect
|move|p1b: Farigiraf|Thunderbolt|p2b: Manectric
|-resisted|p2b: Manectric|1
|-damage|p2b: Manectric|0 fnt
|faint|p2b: Manectric
|move|p1a: Blastoise|Aura Sphere|p2a: Arcanine
|-activate|p2a: Arcanine|move: Protect
|
|-weather|SunnyDay|[upkeep]
|-fieldend|move: Trick Room
|upkeep
|
|t:|1784384563
|switch|p2b: Charizard|Charizard, L50, F|100/100
|turn|6
|
|t:|1784384582
|move|p2b: Charizard|Air Slash|p1a: Blastoise
|-damage|p1a: Blastoise|0 fnt
|faint|p1a: Blastoise
|move|p2a: Arcanine|Flare Blitz|p1b: Farigiraf
|-damage|p1b: Farigiraf|0 fnt
|faint|p1b: Farigiraf
|
|win|PokemonManiacJohn
|raw|uisksms's rating: 1104 → 1072(-32 for losing)
|raw|PokemonManiacJohn's rating: 1000 → 1052(+52 for winning)
|l|â˜†uisksms
|player|p1|
