|j|☆kenepa21
|j|☆Brutalandathebozz
|html|kenepa21Brutalandathebozz    
|uhtml|bestof|Game 2 of a best-of-3
|t:|1756316288
|gametype|doubles
|player|p1|kenepa21|101|
|player|p2|Brutalandathebozz|101|
|gen|9
|tier|[Gen 9] VGC 2025 Reg H (Bo3)
|rule|Species Clause: Limit one of each Pokémon
|rule|Item Clause: Limit 1 of each item
|clearpoke
|poke|p1|Garchomp, L50, F|
|poke|p1|Talonflame, L50, F|
|poke|p1|Gholdengo, L50|
|poke|p1|Electabuzz, L50, M|
|poke|p1|Politoed, L50, F|
|poke|p1|Azumarill, L50, M|
|poke|p2|Sneasler, L50, M|
|poke|p2|Electabuzz, L50, F|
|poke|p2|Rillaboom, L50, F|
|poke|p2|Primarina, L50, F|
|poke|p2|Kingambit, L50, F|
|poke|p2|Volcarona, L50, M|
|teampreview|4
|showteam|p1|Garchomp||LifeOrb|RoughSkin|StompingTantrum,Earthquake,DragonClaw,Protect|||F|||50|,,,,,Ground]Talonflame||FocusSash|GaleWings|DualWingbeat,Tailwind,WillOWisp,Protect|||F|||50|,,,,,Ghost]Gholdengo||SpookyPlate|GoodasGold|MakeItRain,ShadowBall,NastyPlot,Protect||||||50|,,,,,Water]Electabuzz||Eviolite|VitalSpirit|Electroweb,FollowMe,Taunt,Protect|||M|||50|,,,,,Dragon]Politoed||SitrusBerry|Drizzle|WeatherBall,IceBeam,Haze,Protect|||F|||50|,,,,,Grass]Azumarill||AssaultVest|HugePower|Liquidation,PlayRough,AquaJet,IceSpinner|||M|||50|,,,,,Fairy
|showteam|p2|Sneasler||FocusSash|PoisonTouch|FakeOut,CloseCombat,DireClaw,Protect|||M|||50|,,,,,Ghost]Electabuzz||Eviolite|VitalSpirit|Protect,Taunt,FollowMe,Electroweb|||F|||50|,,,,,Ghost]Rillaboom||AssaultVest|GrassySurge|WoodHammer,GrassyGlide,FakeOut,HighHorsepower|||F|||50|,,,,,Fire]Primarina||SitrusBerry|LiquidVoice|HyperVoice,Moonblast,Protect,Haze|||F|||50|,,,,,Poison]Kingambit||BlackGlasses|Defiant|KowtowCleave,SuckerPunch,Protect,SwordsDance|||F|||50|,,,,,Dark]Volcarona||Leftovers|FlameBody|HeatWave,TeraBlast,QuiverDance,Protect|||M|||50|,,,,,Fairy
|
|t:|1756316347
|teamsize|p1|4
|teamsize|p2|4
|start
|switch|p1a: Talonflame|Talonflame, L50, F|100/100
|switch|p1b: Politoed|Politoed, L50, F|100/100
|switch|p2a: Rillaboom|Rillaboom, L50, F|100/100
|switch|p2b: Volcarona|Volcarona, L50, M, shiny|100/100
|-fieldstart|move: Grassy Terrain|[from] ability: Grassy Surge|[of] p2a: Rillaboom
|-weather|RainDance|[from] ability: Drizzle|[of] p1b: Politoed
|turn|1
|
|t:|1756316387
|switch|p2b: Primarina|Primarina, L50, F|100/100
|move|p2a: Rillaboom|Fake Out|p1a: Talonflame
|-damage|p1a: Talonflame|82/100
|cant|p1a: Talonflame|flinch
|move|p1b: Politoed|Weather Ball|p2b: Primarina
|-resisted|p2b: Primarina
|-damage|p2b: Primarina|76/100
|
|-weather|RainDance|[upkeep]
|-heal|p2b: Primarina|82/100|[from] Grassy Terrain
|upkeep
|turn|2
|
|t:|1756316416
|switch|p2a: Electabuzz|Electabuzz, L50, F|100/100
|move|p1a: Talonflame|Protect|p1a: Talonflame
|-singleturn|p1a: Talonflame|Protect
|move|p2b: Primarina|Hyper Voice|p1b: Politoed|[spread] p1b
|-activate|p1a: Talonflame|move: Protect
|-resisted|p1b: Politoed
|-damage|p1b: Politoed|78/100
|move|p1b: Politoed|Ice Beam|p2a: Electabuzz
|-damage|p2a: Electabuzz|80/100
|
|-weather|RainDance|[upkeep]
|-heal|p2a: Electabuzz|86/100|[from] Grassy Terrain
|-heal|p2b: Primarina|88/100|[from] Grassy Terrain
|-heal|p1b: Politoed|84/100|[from] Grassy Terrain
|upkeep
|turn|3
|
|t:|1756316427
|switch|p1a: Azumarill|Azumarill, L50, M, shiny|100/100
|move|p2a: Electabuzz|Electroweb|p1a: Azumarill|[spread] p1a,p1b
|-supereffective|p1a: Azumarill
|-supereffective|p1b: Politoed
|-damage|p1a: Azumarill|82/100
|-damage|p1b: Politoed|56/100
|-unboost|p1a: Azumarill|spe|1
|-unboost|p1b: Politoed|spe|1
|move|p2b: Primarina|Hyper Voice|p1a: Azumarill|[spread] p1a,p1b
|-resisted|p1a: Azumarill
|-resisted|p1b: Politoed
|-damage|p1a: Azumarill|63/100
|-damage|p1b: Politoed|32/100
|-enditem|p1b: Politoed|Sitrus Berry|[eat]
|-heal|p1b: Politoed|57/100|[from] item: Sitrus Berry
|move|p1b: Politoed|Weather Ball|p2a: Electabuzz
|-damage|p2a: Electabuzz|38/100
|
|-weather|RainDance|[upkeep]
|-heal|p2a: Electabuzz|44/100|[from] Grassy Terrain
|-heal|p2b: Primarina|94/100|[from] Grassy Terrain
|-heal|p1b: Politoed|63/100|[from] Grassy Terrain
|-heal|p1a: Azumarill|69/100|[from] Grassy Terrain
|upkeep
|turn|4
|
|t:|1756316453
|switch|p2a: Rillaboom|Rillaboom, L50, F|100/100
|move|p2b: Primarina|Protect|p2b: Primarina
|-singleturn|p2b: Primarina|Protect
|move|p1b: Politoed|Ice Beam|p2a: Rillaboom
|-supereffective|p2a: Rillaboom
|-damage|p2a: Rillaboom|66/100
|move|p1a: Azumarill|Play Rough|p2b: Primarina
|-activate|p2b: Primarina|move: Protect
|
|-weather|RainDance|[upkeep]
|-heal|p2a: Rillaboom|72/100|[from] Grassy Terrain
|-heal|p2b: Primarina|99/100|[from] Grassy Terrain
|-heal|p1b: Politoed|69/100|[from] Grassy Terrain
|-heal|p1a: Azumarill|74/100|[from] Grassy Terrain
|upkeep
|turn|5
|
|t:|1756316480
|switch|p1a: Gholdengo|Gholdengo, L50|100/100
|move|p2a: Rillaboom|Fake Out|p1a: Gholdengo
|-immune|p1a: Gholdengo
|move|p2b: Primarina|Moonblast|p1a: Gholdengo
|-resisted|p1a: Gholdengo
|-damage|p1a: Gholdengo|81/100
|-unboost|p1a: Gholdengo|spa|1
|move|p1b: Politoed|Ice Beam|p2a: Rillaboom
|-supereffective|p2a: Rillaboom
|-damage|p2a: Rillaboom|35/100
|
|-weather|none
|-heal|p2a: Rillaboom|41/100|[from] Grassy Terrain
|-heal|p1a: Gholdengo|86/100|[from] Grassy Terrain
|-heal|p2b: Primarina|100/100|[from] Grassy Terrain
|-heal|p1b: Politoed|75/100|[from] Grassy Terrain
|-fieldend|move: Grassy Terrain
|upkeep
|turn|6
|
|t:|1756316514
|switch|p2a: Volcarona|Volcarona, L50, M, shiny|100/100
|-terastallize|p1b: Politoed|Grass
|move|p1a: Gholdengo|Protect|p1a: Gholdengo
|-singleturn|p1a: Gholdengo|Protect
|move|p2b: Primarina|Hyper Voice|p1a: Gholdengo|[spread] p1b
|-activate|p1a: Gholdengo|move: Protect
|-resisted|p1b: Politoed
|-damage|p1b: Politoed|61/100
|move|p1b: Politoed|Haze|p1b: Politoed
|-clearallboost
|
|upkeep
|turn|7
|
|t:|1756316524
|switch|p1a: Talonflame|Talonflame, L50, F|82/100
|switch|p1b: Azumarill|Azumarill, L50, M, shiny|74/100
|move|p2a: Volcarona|Quiver Dance|p2a: Volcarona
|-boost|p2a: Volcarona|spa|1
|-boost|p2a: Volcarona|spd|1
|-boost|p2a: Volcarona|spe|1
|move|p2b: Primarina|Hyper Voice|p1a: Talonflame|[spread] p1a,p1b
|-supereffective|p1a: Talonflame
|-resisted|p1b: Azumarill
|-damage|p1a: Talonflame|0 fnt
|-damage|p1b: Azumarill|62/100
|faint|p1a: Talonflame
|
|upkeep
|
|t:|1756316533
|switch|p1a: Politoed|Politoed, L50, F, tera:Grass|61/100
|-weather|RainDance|[from] ability: Drizzle|[of] p1a: Politoed
|turn|8
|
|t:|1756316546
|-terastallize|p2a: Volcarona|Fairy
|move|p2a: Volcarona|Heat Wave|p1a: Politoed|[spread] p1a,p1b
|-supereffective|p1a: Politoed
|-resisted|p1b: Azumarill
|-damage|p1a: Politoed|12/100
|-damage|p1b: Azumarill|52/100
|move|p2b: Primarina|Hyper Voice|p1b: Azumarill|[spread] p1a,p1b
|-resisted|p1a: Politoed
|-resisted|p1b: Azumarill
|-damage|p1a: Politoed|0 fnt
|-damage|p1b: Azumarill|34/100
|faint|p1a: Politoed
|move|p1b: Azumarill|Liquidation|p2a: Volcarona
|-damage|p2a: Volcarona|0 fnt
|faint|p2a: Volcarona
|
|-weather|RainDance|[upkeep]
|upkeep
|
|t:|1756316562
|switch|p2a: Electabuzz|Electabuzz, L50, F|44/100
|switch|p1a: Gholdengo|Gholdengo, L50|86/100
|turn|9
|
|t:|1756316571
|move|p1b: Azumarill|Aqua Jet|p2a: Electabuzz
|-damage|p2a: Electabuzz|12/100
|move|p2a: Electabuzz|Electroweb|p1b: Azumarill|[spread] p1a,p1b
|-crit|p1a: Gholdengo
|-supereffective|p1b: Azumarill
|-damage|p1a: Gholdengo|68/100
|-damage|p1b: Azumarill|12/100
|-unboost|p1a: Gholdengo|spe|1
|-unboost|p1b: Azumarill|spe|1
|move|p2b: Primarina|Hyper Voice|p1b: Azumarill|[spread] p1a,p1b
|-resisted|p1b: Azumarill
|-damage|p1a: Gholdengo|25/100
|-damage|p1b: Azumarill|0 fnt
|faint|p1b: Azumarill
|move|p1a: Gholdengo|Nasty Plot|p1a: Gholdengo
|-boost|p1a: Gholdengo|spa|2
|
|-weather|RainDance|[upkeep]
|upkeep
|turn|10
|c|☆kenepa21|gg
|-message|kenepa21 forfeited.
|
|win|Brutalandathebozz
|c|☆Brutalandathebozz|gg
|l|☆kenepa21
|player|p1|
