|j|☆lolgz
|j|☆superchungusjoebid
|html|lolgzsuperchungusjoebid    
|uhtml|bestof|Game 2 of a best-of-3
|t:|1782297704
|gametype|doubles
|player|p1|lolgz|dawn|1176
|player|p2|superchungusjoebid|gentleman-gen4dp|1167
|gen|9
|tier|[Gen 9 Champions] VGC 2026 Reg M-B (Bo3)
|rated|
|rule|Species Clause: Limit one of each Pokémon
|rule|Item Clause: Limit 1 of each item
|clearpoke
|poke|p1|Torkoal, L50, M|
|poke|p1|Vileplume, L50, M|
|poke|p1|Farigiraf, L50, F|
|poke|p1|Gallade, L50, M|
|poke|p1|Mawile, L50, F|
|poke|p1|Empoleon, L50, M|
|poke|p2|Chesnaught, L50, M|
|poke|p2|Milotic, L50, M|
|poke|p2|Farigiraf, L50, M|
|poke|p2|Incineroar, L50, F|
|poke|p2|Gengar, L50, M|
|poke|p2|Garchomp, L50, F|
|teampreview|4
|showteam|p1|Torkoal||Charcoal|Drought|Eruption,WeatherBall,EarthPower,Protect|Quiet||M|||50|]Vileplume||FocusSash|Chlorophyll|EnergyBall,SludgeBomb,SleepPowder,AfterYou|Timid||M|||50|]Farigiraf||SitrusBerry|ArmorTail|TrickRoom,Protect,Psychic,HelpingHand|Bold||F|||50|]Gallade||IronBall|Sharpness|SacredSword,PsychoCut,WideGuard,TrickRoom|Brave||M|||50|]Mawile||Mawilite|Intimidate|SuckerPunch,PlayRough,SwordsDance,Protect|Brave||F|||50|]Empoleon||ChopleBerry|Competitive|IceBeam,FlashCannon,HydroPump,Protect|Quiet||M|||50|
|showteam|p2|Chesnaught||Chesnaughtite|Bulletproof|SpikyShield,WideGuard,BodyPress,GigaDrain|Relaxed||M|||50|]Milotic||Leftovers|Competitive|Protect,LifeDew,Scald,IceBeam|Quiet||M|||50|]Farigiraf||SitrusBerry|ArmorTail|Protect,Thunderbolt,TrickRoom,PsychicFangs|Relaxed||M|||50|]Incineroar||ChopleBerry|Intimidate|FakeOut,FlareBlitz,Protect,PartingShot|Relaxed||F|||50|]Gengar||Gengarite|CursedBody|Protect,Disable,ShadowBall,PerishSong|Timid||M|||50|]Garchomp||RoseliBerry|SandVeil|Protect,StompingTantrum,RockSlide,BreakingSwipe|Adamant||F|||50|
|inactive|Battle timer is ON: inactive players will automatically lose when time's up. (requested by lolgz)
|
|t:|1782297734
|teamsize|p1|4
|teamsize|p2|4
|start
|switch|p1a: Vileplume|Vileplume, L50, M|100/100
|switch|p1b: Torkoal|Torkoal, L50, M|100/100
|switch|p2a: Incineroar|Incineroar, L50, F|100/100
|switch|p2b: Chesnaught|Chesnaught, L50, M|100/100
|-ability|p2a: Incineroar|Intimidate|boost
|-unboost|p1a: Vileplume|atk|1
|-unboost|p1b: Torkoal|atk|1
|-weather|SunnyDay|[from] ability: Drought|[of] p1b: Torkoal
|turn|1
|inactive|lolgz has 30 seconds left.
|inactive|superchungusjoebid has 30 seconds left.
|inactive|lolgz has 20 seconds left.
|inactive|lolgz has 15 seconds left.
|inactive|lolgz has 10 seconds left.
|
|t:|1782297785
|move|p1a: Vileplume|Sleep Powder|p2a: Incineroar
|-status|p2a: Incineroar|slp|[from] move: Sleep Powder
|move|p2b: Chesnaught|Body Press|p1a: Vileplume
|-resisted|p1a: Vileplume|1
|-damage|p1a: Vileplume|75/100
|cant|p2a: Incineroar|slp
|move|p1b: Torkoal|Weather Ball|p2b: Chesnaught
|-immune|p2b: Chesnaught|[from] ability: Bulletproof
|
|-weather|SunnyDay|[upkeep]
|upkeep
|turn|2
|
|t:|1782297802
|move|p2b: Chesnaught|Wide Guard|p2b: Chesnaught
|-singleturn|p2b: Chesnaught|Wide Guard
|move|p1a: Vileplume|Sludge Bomb|p2a: Incineroar
|-damage|p2a: Incineroar|62/100 slp
|cant|p2a: Incineroar|slp
|move|p1b: Torkoal|Eruption|p2b: Chesnaught|[spread] 
|-activate|p2a: Incineroar|move: Wide Guard
|-activate|p2b: Chesnaught|move: Wide Guard
|
|-weather|SunnyDay|[upkeep]
|upkeep
|turn|3
|
|t:|1782297815
|move|p2b: Chesnaught|Wide Guard|p2b: Chesnaught
|-singleturn|p2b: Chesnaught|Wide Guard
|move|p1a: Vileplume|Sludge Bomb|p2a: Incineroar
|-damage|p2a: Incineroar|28/100 slp
|-curestatus|p2a: Incineroar|slp|[msg]
|move|p2a: Incineroar|Flare Blitz|p1a: Vileplume
|-supereffective|p1a: Vileplume|1
|-damage|p1a: Vileplume|0 fnt
|faint|p1a: Vileplume
|-damage|p2a: Incineroar|9/100|[from] Recoil
|move|p1b: Torkoal|Earth Power|p2a: Incineroar
|-supereffective|p2a: Incineroar|1
|-damage|p2a: Incineroar|0 fnt
|faint|p2a: Incineroar
|
|-weather|SunnyDay|[upkeep]
|upkeep
|
|t:|1782297832
|switch|p1a: Farigiraf|Farigiraf, L50, F|100/100
|switch|p2a: Gengar|Gengar, L50, M|100/100
|turn|4
|inactive|superchungusjoebid has 30 seconds left.
|
|t:|1782297863
|detailschange|p2a: Gengar|Gengar-Mega, L50, M
|-mega|p2a: Gengar|Gengar|Gengarite
|move|p2a: Gengar|Perish Song|p2a: Gengar
|-start|p1a: Farigiraf|perish3|[silent]
|-start|p1b: Torkoal|perish3|[silent]
|-start|p2a: Gengar|perish3|[silent]
|-start|p2b: Chesnaught|perish3|[silent]
|-fieldactivate|move: Perish Song
|move|p2b: Chesnaught|Body Press|p1b: Torkoal
|-damage|p1b: Torkoal|68/100
|move|p1b: Torkoal|Weather Ball|p2a: Gengar
|-damage|p2a: Gengar|16/100
|move|p1a: Farigiraf|Trick Room|p1a: Farigiraf
|-fieldstart|move: Trick Room|[of] p1a: Farigiraf
|
|-weather|SunnyDay|[upkeep]
|-start|p1b: Torkoal|perish3
|-start|p2b: Chesnaught|perish3
|-start|p1a: Farigiraf|perish3
|-start|p2a: Gengar|perish3
|upkeep
|turn|5
|
|t:|1782297886
|move|p2b: Chesnaught|Spiky Shield|p2b: Chesnaught
|-singleturn|p2b: Chesnaught|move: Protect
|move|p2a: Gengar|Protect|p2a: Gengar
|-singleturn|p2a: Gengar|Protect
|move|p1b: Torkoal|Eruption|p2a: Gengar|[spread] 
|-activate|p2a: Gengar|move: Protect
|-activate|p2b: Chesnaught|move: Protect
|move|p1a: Farigiraf|Psychic|p2a: Gengar
|-activate|p2a: Gengar|move: Protect
|
|-weather|none
|-start|p1b: Torkoal|perish2
|-start|p2b: Chesnaught|perish2
|-start|p1a: Farigiraf|perish2
|-start|p2a: Gengar|perish2
|upkeep
|turn|6
|
|t:|1782297907
|move|p2a: Gengar|Protect||[still]
|-fail|p2a: Gengar
|move|p2b: Chesnaught|Wide Guard|p2b: Chesnaught
|-singleturn|p2b: Chesnaught|Wide Guard
|move|p1b: Torkoal|Earth Power|p2a: Gengar
|-supereffective|p2a: Gengar|1
|-damage|p2a: Gengar|0 fnt
|faint|p2a: Gengar
|move|p1a: Farigiraf|Psychic|p2b: Chesnaught
|-supereffective|p2b: Chesnaught|1
|-damage|p2b: Chesnaught|31/100
|
|-start|p1b: Torkoal|perish1
|-start|p2b: Chesnaught|perish1
|-start|p1a: Farigiraf|perish1
|upkeep
|
|t:|1782297918
|switch|p2a: Milotic|Milotic, L50, M|100/100
|turn|7
|
|t:|1782297925
|move|p1b: Torkoal|Earth Power|p2a: Milotic
|-damage|p2a: Milotic|82/100
|move|p2b: Chesnaught|Body Press|p1b: Torkoal
|-damage|p1b: Torkoal|37/100
|move|p1a: Farigiraf|Psychic|p2a: Milotic
|-crit|p2a: Milotic
|-damage|p2a: Milotic|43/100
|move|p2a: Milotic|Life Dew|p2a: Milotic|[spread] p2a,p2b
|-heal|p2a: Milotic|68/100
|-heal|p2b: Chesnaught|56/100
|
|-heal|p2a: Milotic|74/100|[from] item: Leftovers
|-start|p1b: Torkoal|perish0
|-start|p2b: Chesnaught|perish0
|-start|p1a: Farigiraf|perish0
|faint|p1b: Torkoal
|faint|p2b: Chesnaught
|faint|p1a: Farigiraf
|upkeep
|
|t:|1782297932
|switch|p1b: Mawile|Mawile, L50, F|100/100
|-ability|p1b: Mawile|Intimidate|boost
|-unboost|p2a: Milotic|atk|1
|-ability|p2a: Milotic|Competitive|boost
|-boost|p2a: Milotic|spa|2
|turn|8
|
|t:|1782297942
|detailschange|p1b: Mawile|Mawile-Mega, L50, F
|-mega|p1b: Mawile|Mawile|Mawilite
|move|p2a: Milotic|Protect|p2a: Milotic
|-singleturn|p2a: Milotic|Protect
|move|p1b: Mawile|Play Rough|p2a: Milotic
|-activate|p2a: Milotic|move: Protect
|
|-heal|p2a: Milotic|80/100|[from] item: Leftovers
|-fieldend|move: Trick Room
|upkeep
|turn|9
|
|t:|1782297950
|move|p2a: Milotic|Scald|p1b: Mawile
|-damage|p1b: Mawile|13/100
|-status|p1b: Mawile|brn
|move|p1b: Mawile|Play Rough|p2a: Milotic
|-damage|p2a: Milotic|37/100
|
|-heal|p2a: Milotic|43/100|[from] item: Leftovers
|-damage|p1b: Mawile|7/100 brn|[from] brn
|upkeep
|turn|10
|
|t:|1782297966
|move|p2a: Milotic|Protect|p2a: Milotic
|-singleturn|p2a: Milotic|Protect
|move|p1b: Mawile|Sucker Punch||[still]
|-fail|p1b: Mawile
|
|-heal|p2a: Milotic|49/100|[from] item: Leftovers
|-damage|p1b: Mawile|1/100 brn|[from] brn
|upkeep
|turn|11
|
|t:|1782297974
|move|p2a: Milotic|Life Dew|p2a: Milotic
|-heal|p2a: Milotic|74/100
|move|p1b: Mawile|Play Rough|p2a: Milotic
|-damage|p2a: Milotic|31/100
|
|-heal|p2a: Milotic|37/100|[from] item: Leftovers
|-damage|p1b: Mawile|0 fnt|[from] brn
|faint|p1b: Mawile
|
|win|superchungusjoebid
|raw|lolgz's rating: 1176 → 1150(-26 for losing)
|raw|superchungusjoebid's rating: 1167 → 1193(+26 for winning)
