|j|☆Viridian Q
|j|☆billythegamegoat
|html|Viridian Qbillythegamegoat    
|uhtml|bestof|Game 1 of a best-of-3
|t:|1756398319
|gametype|doubles
|player|p1|Viridian Q|101|1095
|player|p2|billythegamegoat|rocketgrunt|1000
|gen|9
|tier|[Gen 9] VGC 2025 Reg H (Bo3)
|rated|
|rule|Species Clause: Limit one of each Pokémon
|rule|Item Clause: Limit 1 of each item
|clearpoke
|poke|p1|Amoonguss, L50, F|
|poke|p1|Ursaluna-Bloodmoon, L50, M|
|poke|p1|Incineroar, L50, F|
|poke|p1|Archaludon, L50, M|
|poke|p1|Ninetales-Alola, L50, M|
|poke|p1|Annihilape, L50, F|
|poke|p2|Oranguru, L50, M|
|poke|p2|Ursaluna, L50, M|
|poke|p2|Amoonguss, L50, F|
|poke|p2|Torkoal, L50, F|
|poke|p2|Primarina, L50, M|
|poke|p2|Incineroar, L50, M|
|teampreview|4
|showteam|p1|Amoonguss||SitrusBerry|Regenerator|Spore,RagePowder,SludgeBomb,Protect|||F|||50|,,,,,Dark]Ursaluna-Bloodmoon||AssaultVest|MindsEye|EarthPower,BloodMoon,HyperVoice,VacuumWave|||M|||50|,,,,,Ghost]Incineroar||SafetyGoggles|Intimidate|FlareBlitz,KnockOff,PartingShot,FakeOut|||F|||50|,,,,,Ghost]Archaludon||PowerHerb|Stalwart|FlashCannon,DragonPulse,ElectroShot,Protect|||M|||50|,,,,,Stellar]Ninetales-Alola||CovertCloak|SnowWarning|Blizzard,AuroraVeil,Encore,Protect|||M|||50|,,,,,Water]Annihilape||ChoiceScarf|Defiant|CloseCombat,FinalGambit,RageFist,Uturn|||F|||50|,,,,,Grass
|showteam|p2|Oranguru||MentalHerb|InnerFocus|Instruct,Encore,TrickRoom,Yawn|||M|||50|,,,,,Normal]Ursaluna||FlameOrb|Guts|Protect,Facade,Earthquake,HeadlongRush|||M|||50|,,,,,Normal]Amoonguss||RockyHelmet|Regenerator|RagePowder,PollenPuff,Spore,ClearSmog|||F|||50|,,,,,Water]Torkoal||ChoiceSpecs|Drought|Eruption,AncientPower,HeatWave,EarthPower|||F|||50|,,,,,Fire]Primarina||ThroatSpray|LiquidVoice|HyperVoice,DazzlingGleam,Moonblast,Protect|||M|||50|,,,,,Water]Incineroar||SitrusBerry|Intimidate|FakeOut,FlareBlitz,KnockOff,PartingShot|||M|||50|,,,,,Fire
|inactive|Battle timer is ON: inactive players will automatically lose when time's up. (requested by billythegamegoat)
|
|t:|1756398344
|teamsize|p1|4
|teamsize|p2|4
|start
|switch|p1a: Annihilape|Annihilape, L50, F|100/100
|switch|p1b: Incineroar|Incineroar, L50, F|100/100
|switch|p2a: Amoonguss|Amoonguss, L50, F|100/100
|switch|p2b: Oranguru|Oranguru, L50, M|100/100
|-ability|p1b: Incineroar|Intimidate|boost
|-unboost|p2a: Amoonguss|atk|1
|-fail|p2b: Oranguru|unboost|Attack|[from] ability: Inner Focus|[of] p2b: Oranguru
|turn|1
|
|t:|1756398354
|-terastallize|p1a: Annihilape|Grass
|move|p2a: Amoonguss|Rage Powder|p2a: Amoonguss
|-singleturn|p2a: Amoonguss|move: Rage Powder
|move|p1a: Annihilape|Final Gambit|p2b: Oranguru
|-damage|p2b: Oranguru|0 fnt
|faint|p1a: Annihilape
|faint|p2b: Oranguru
|move|p1b: Incineroar|Flare Blitz|p2a: Amoonguss
|-supereffective|p2a: Amoonguss
|-damage|p2a: Amoonguss|8/100
|-damage|p1b: Incineroar|84/100|[from] item: Rocky Helmet|[of] p2a: Amoonguss
|-damage|p1b: Incineroar|50/100|[from] Recoil
|
|upkeep
|
|t:|1756398366
|switch|p1a: Ursaluna|Ursaluna-Bloodmoon, L50, M|100/100
|switch|p2b: Primarina|Primarina, L50, M|100/100
|turn|2
|inactive|Viridian Q has 30 seconds left.
|
|t:|1756398400
|switch|p1a: Amoonguss|Amoonguss, L50, F|100/100
|-terastallize|p2b: Primarina|Water
|move|p1b: Incineroar|Knock Off|p2b: Primarina
|-damage|p2b: Primarina|57/100
|-enditem|p2b: Primarina|Throat Spray|[from] move: Knock Off|[of] p1b: Incineroar
|move|p2b: Primarina|Hyper Voice|p1a: Amoonguss|[spread] p1a,p1b
|-resisted|p1a: Amoonguss
|-supereffective|p1b: Incineroar
|-damage|p1a: Amoonguss|80/100
|-damage|p1b: Incineroar|0 fnt
|faint|p1b: Incineroar
|move|p2a: Amoonguss|Spore|p1a: Amoonguss
|-immune|p1a: Amoonguss
|
|upkeep
|
|t:|1756398410
|switch|p1b: Ursaluna|Ursaluna-Bloodmoon, L50, M|100/100
|turn|3
|
|t:|1756398421
|move|p2b: Primarina|Protect|p2b: Primarina
|-singleturn|p2b: Primarina|Protect
|move|p1b: Ursaluna|Hyper Voice|p2a: Amoonguss|[spread] p2a
|-activate|p2b: Primarina|move: Protect
|-crit|p2a: Amoonguss
|-damage|p2a: Amoonguss|0 fnt
|faint|p2a: Amoonguss
|move|p1a: Amoonguss|Sludge Bomb|p2b: Primarina
|-activate|p2b: Primarina|move: Protect
|
|upkeep
|
|t:|1756398430
|switch|p2a: Torkoal|Torkoal, L50, F|100/100
|-weather|SunnyDay|[from] ability: Drought|[of] p2a: Torkoal
|turn|4
|
|t:|1756398437
|move|p1b: Ursaluna|Hyper Voice|p2a: Torkoal|[spread] p2a,p2b
|-damage|p2a: Torkoal|50/100
|-damage|p2b: Primarina|26/100
|move|p2b: Primarina|Moonblast|p1b: Ursaluna
|-damage|p1b: Ursaluna|68/100
|move|p1a: Amoonguss|Sludge Bomb|p2a: Torkoal
|-damage|p2a: Torkoal|14/100
|-status|p2a: Torkoal|psn
|move|p2a: Torkoal|Heat Wave|p1b: Ursaluna|[spread] p1a
|-miss|p2a: Torkoal|p1b: Ursaluna
|-supereffective|p1a: Amoonguss
|-damage|p1a: Amoonguss|0 fnt
|faint|p1a: Amoonguss
|
|-weather|SunnyDay|[upkeep]
|-damage|p2a: Torkoal|2/100 psn|[from] psn
|upkeep
|turn|5
|
|t:|1756398454
|move|p1b: Ursaluna|Hyper Voice|p2a: Torkoal|[spread] p2a,p2b
|-damage|p2a: Torkoal|0 fnt
|-damage|p2b: Primarina|0 fnt
|faint|p2a: Torkoal
|faint|p2b: Primarina
|
|win|Viridian Q
||Viridian Q is ready for game 2.
||billythegamegoat is ready for game 2.
|uhtml|next|Next: Game 2 of 3
|l|☆billythegamegoat
|player|p2|
