|j|☆Sylviana GL
|j|☆Dire claw gaming
|html|Sylviana GLDire claw gaming    
|uhtml|bestof|Game 3 of a best-of-3
|t:|1784691831
|gametype|doubles
|player|p1|Sylviana GL|caitlin|
|player|p2|Dire claw gaming|miku-ghost|
|gen|9
|tier|[Gen 9 Champions] VGC 2026 Reg M-B (Bo3)
|rule|Species Clause: Limit one of each Pokémon
|rule|Item Clause: Limit 1 of each item
|clearpoke
|poke|p1|Grimmsnarl, L50, M|
|poke|p1|Charizard, L50, M|
|poke|p1|Venusaur, L50, F|
|poke|p1|Pelipper, L50, M|
|poke|p1|Basculegion, L50, M|
|poke|p1|Archaludon, L50, F|
|poke|p2|Blaziken, L50, F|
|poke|p2|Kingambit, L50, M|
|poke|p2|Ninetales-Alola, L50, F|
|poke|p2|Toxapex, L50, F, shiny|
|poke|p2|Aerodactyl, L50, F|
|poke|p2|Sneasler, L50, M|
|teampreview|4
|showteam|p1|Grimmsnarl||LightClay|Prankster|SpiritBreak,Reflect,LightScreen,PartingShot|Careful||M|||50|]Charizard||CharizarditeY|SolarPower|HeatWave,WeatherBall,SolarBeam,Protect|Modest||M|||50|]Venusaur||FocusSash|Chlorophyll|SludgeBomb,EarthPower,SleepPowder,Protect|Modest||F|||50|]Pelipper||SitrusBerry|Drizzle|WeatherBall,Hurricane,Tailwind,WideGuard|Modest||M|||50|]Basculegion||ChoiceScarf|Adaptability|WaveCrash,FlipTurn,AquaJet,LastRespects|Serious||M|||50|]Archaludon||Leftovers|Stamina|ElectroShot,FlashCannon,DragonPulse,Protect|Modest||F|||50|
|showteam|p2|Blaziken||Blazikenite|SpeedBoost|FlareBlitz,CloseCombat,RockTomb,Detect|Adamant||F|||50|]Kingambit||ChopleBerry|Defiant|KowtowCleave,SuckerPunch,SwordsDance,Protect|Adamant||M|||50|]Ninetales-Alola||NeverMeltIce|SnowWarning|Blizzard,FreezeDry,Encore,Protect|Timid||F|||50|]Toxapex||Leftovers|Regenerator|Infestation,Toxic,WideGuard,BanefulBunker|Bold||F|||50|]Aerodactyl||Aerodactylite|Unnerve|RockSlide,DualWingbeat,IceFang,Tailwind|Jolly||F|||50|]Sneasler||FocusSash|PoisonTouch|FakeOut,PoisonJab,CloseCombat,Protect|Jolly||M|||50|
|inactive|Battle timer is ON: inactive players will automatically lose when time's up. (requested by Sylviana GL)
|
|t:|1784691858
|teamsize|p1|4
|teamsize|p2|4
|start
|switch|p1a: Charizard|Charizard, L50, M|100/100
|switch|p1b: Venusaur|Venusaur, L50, F|100/100
|switch|p2a: Aerodactyl|Aerodactyl, L50, F|100/100
|switch|p2b: Sneasler|Sneasler, L50, M|100/100
|-ability|p2a: Aerodactyl|Unnerve
|turn|1
|inactive|Sylviana GL has 30 seconds left.
|inactive|Sylviana GL has 20 seconds left.
|inactive|Sylviana GL has 15 seconds left.
|inactive|Sylviana GL has 10 seconds left.
|
|t:|1784691906
|switch|p1a: Basculegion|Basculegion, L50, M|100/100
|detailschange|p2a: Aerodactyl|Aerodactyl-Mega, L50, F
|-mega|p2a: Aerodactyl|Aerodactyl|Aerodactylite
|move|p1b: Venusaur|Protect|p1b: Venusaur
|-singleturn|p1b: Venusaur|Protect
|move|p2b: Sneasler|Fake Out|p1a: Basculegion
|-immune|p1a: Basculegion
|move|p2a: Aerodactyl|Dual Wingbeat|p1b: Venusaur
|-activate|p1b: Venusaur|move: Protect
|
|upkeep
|turn|2
|inactive|Sylviana GL has 30 seconds left.
|
|t:|1784691932
|switch|p1a: Charizard|Charizard, L50, M|100/100
|move|p2a: Aerodactyl|Dual Wingbeat|p1b: Venusaur
|-supereffective|p1b: Venusaur|1
|-damage|p1b: Venusaur|32/100
|-supereffective|p1b: Venusaur|1
|-damage|p1b: Venusaur|0 fnt
|faint|p1b: Venusaur
|-hitcount|p1: Venusaur|2
|move|p2b: Sneasler|Poison Jab|p1a: Charizard
|-damage|p1a: Charizard|59/100
|
|upkeep
|c|☆Sylviana GL|i forgot i wasnt mega'd
|
|t:|1784691947
|switch|p1b: Basculegion|Basculegion, L50, M|100/100
|turn|3
|
|t:|1784691955
|move|p2b: Sneasler|Protect|p2b: Sneasler
|-singleturn|p2b: Sneasler|Protect
|move|p1a: Charizard|Protect|p1a: Charizard
|-singleturn|p1a: Charizard|Protect
|move|p2a: Aerodactyl|Tailwind|p2a: Aerodactyl
|-sidestart|p2: Dire claw gaming|move: Tailwind
|move|p1b: Basculegion|Wave Crash|p2a: Aerodactyl
|-supereffective|p2a: Aerodactyl|1
|-damage|p2a: Aerodactyl|0 fnt
|faint|p2a: Aerodactyl
|-damage|p1b: Basculegion|69/100|[from] Recoil
|
|upkeep
|
|t:|1784691971
|switch|p2a: Ninetales|Ninetales-Alola, L50, F|100/100
|-weather|Snowscape|[from] ability: Snow Warning|[of] p2a: Ninetales
|turn|4
|
|t:|1784691988
|switch|p1b: Archaludon|Archaludon, L50, F|100/100
|detailschange|p1a: Charizard|Charizard-Mega-Y, L50, M
|-mega|p1a: Charizard|Charizard|Charizardite Y
|-weather|SunnyDay|[from] ability: Drought|[of] p1a: Charizard
|move|p2b: Sneasler|Poison Jab|p1b: Archaludon
|-immune|p1b: Archaludon
|move|p2a: Ninetales|Encore|p1a: Charizard
|-start|p1a: Charizard|Encore
|move|p1a: Charizard|Protect||[still]
|-fail|p1a: Charizard
|
|-weather|SunnyDay|[upkeep]
|upkeep
|turn|5
|
|t:|1784692006
|switch|p2a: Kingambit|Kingambit, L50, M|100/100
|switch|p1a: Basculegion|Basculegion, L50, M|69/100
|move|p1b: Archaludon|Protect|p1b: Archaludon
|-singleturn|p1b: Archaludon|Protect
|move|p2b: Sneasler|Poison Jab|p1a: Basculegion
|-resisted|p1a: Basculegion|1
|-damage|p1a: Basculegion|42/100
|
|-weather|SunnyDay|[upkeep]
|upkeep
|turn|6
|inactive|Sylviana GL has 30 seconds left.
|inactive|Sylviana GL has 20 seconds left.
|
|t:|1784692044
|switch|p1b: Charizard|Charizard-Mega-Y, L50, M|59/100
|move|p1a: Basculegion|Aqua Jet|p2b: Sneasler
|-damage|p2b: Sneasler|78/100
|move|p2b: Sneasler|Close Combat|p1b: Charizard
|-resisted|p1b: Charizard|1
|-damage|p1b: Charizard|29/100
|-unboost|p2b: Sneasler|def|1
|-unboost|p2b: Sneasler|spd|1
|move|p2a: Kingambit|Swords Dance|p2a: Kingambit
|-boost|p2a: Kingambit|atk|2
|
|-weather|SunnyDay|[upkeep]
|-sideend|p2: Dire claw gaming|move: Tailwind
|upkeep
|turn|7
|
|t:|1784692059
|move|p1a: Basculegion|Aqua Jet|p2b: Sneasler
|-damage|p2b: Sneasler|45/100
|move|p2a: Kingambit|Sucker Punch||[still]
|-fail|p2a: Kingambit
|move|p2b: Sneasler|Poison Jab|p1b: Charizard
|-damage|p1b: Charizard|0 fnt
|faint|p1b: Charizard
|
|-weather|SunnyDay|[upkeep]
|upkeep
|
|t:|1784692065
|switch|p1b: Archaludon|Archaludon, L50, F|100/100
|turn|8
|c|☆Dire claw gaming|I forgor you locked into jet
|
|t:|1784692077
|move|p2b: Sneasler|Protect|p2b: Sneasler
|-singleturn|p2b: Sneasler|Protect
|move|p1b: Archaludon|Protect|p1b: Archaludon
|-singleturn|p1b: Archaludon|Protect
|move|p1a: Basculegion|Aqua Jet|p2b: Sneasler
|-activate|p2b: Sneasler|move: Protect
|move|p2a: Kingambit|Kowtow Cleave|p1a: Basculegion
|-supereffective|p1a: Basculegion|1
|-damage|p1a: Basculegion|0 fnt
|faint|p1a: Basculegion
|
|-weather|none
|upkeep
|turn|9
|c|☆Dire claw gaming|I'm stupid
|c|☆Sylviana GL|nah
|c|☆Sylviana GL|i fucked up
|c|☆Sylviana GL|ripppo
|-message|Sylviana GL forfeited.
|
|win|Dire claw gaming
|c|☆Sylviana GL|welp
|c|☆Sylviana GL|oh well
