|j|☆funntymann
|j|☆regalac3
|html|funntymannregalac3    
|uhtml|bestof|Game 1 of a best-of-3
|t:|1783044003
|gametype|doubles
|player|p1|funntymann|266|1154
|player|p2|regalac3|n|1099
|gen|9
|tier|[Gen 9 Champions] VGC 2026 Reg M-B (Bo3)
|rated|
|rule|Species Clause: Limit one of each Pokémon
|rule|Item Clause: Limit 1 of each item
|clearpoke
|poke|p1|Maushold, L50|
|poke|p1|Annihilape, L50, M|
|poke|p1|Floette-Eternal, L50, F|
|poke|p1|Talonflame, L50, M|
|poke|p1|Kingambit, L50, F|
|poke|p1|Basculegion, L50, M|
|poke|p2|Aerodactyl, L50, M|
|poke|p2|Pyroar, L50, M|
|poke|p2|Farigiraf, L50, M|
|poke|p2|Mamoswine, L50, M|
|poke|p2|Venusaur, L50, F|
|poke|p2|Torkoal, L50, F|
|teampreview|4
|showteam|p1|Maushold||FocusSash|FriendGuard|SuperFang,FollowMe,BeatUp,Protect|Jolly|||||50|]Annihilape||LifeOrb|Defiant|DrainPunch,RageFist,BulkUp,Protect|Adamant||M|||50|]Floette-Eternal||Floettite|FlowerVeil|Moonblast,DazzlingGleam,LightofRuin,Protect|Timid||F|||50|]Talonflame||SharpBeak|GaleWings|DualWingbeat,Tailwind,WillOWisp,Protect|Jolly||M|||50|]Kingambit||BlackGlasses|Defiant|KowtowCleave,SuckerPunch,IronHead,Protect|Adamant||F|||50|]Basculegion||MysticWater|Adaptability|WaveCrash,LastRespects,AquaJet,Protect|Adamant||M|||50|
|showteam|p2|Aerodactyl||Aerodactylite|Unnerve|RockSlide,DualWingbeat,IceFang,Tailwind|Jolly||M|||50|]Pyroar||Pyroarite|Unnerve|HeatWave,SolarBeam,Overheat,Protect|Timid||M|||50|]Farigiraf||SitrusBerry|ArmorTail|Psychic,Thunderbolt,HelpingHand,TrickRoom|Modest||M|||50|]Mamoswine||LifeOrb|Oblivious|IcicleCrash,HighHorsepower,IceShard,Protect|Adamant||M|||50|]Venusaur||FocusSash|Chlorophyll|LeafStorm,SludgeBomb,SleepPowder,Protect|Modest||F|||50|]Torkoal||Charcoal|Drought|Eruption,WeatherBall,HelpingHand,Protect|Quiet||F|||50|
|inactive|Battle timer is ON: inactive players will automatically lose when time's up. (requested by funntymann)
|
|t:|1783044047
|teamsize|p1|4
|teamsize|p2|4
|start
|switch|p1a: ummactuall-|Maushold, L50|100/100
|switch|p1b: IMVERYANGRY|Annihilape, L50, M|100/100
|switch|p2a: Farigiraf|Farigiraf, L50, M|100/100
|switch|p2b: Pyroar|Pyroar, L50, M|100/100
|-ability|p2b: Pyroar|Unnerve
|turn|1
|
|t:|1783044072
|switch|p2a: Torkoal|Torkoal, L50, F|100/100
|-weather|SunnyDay|[from] ability: Drought|[of] p2a: Torkoal
|detailschange|p2b: Pyroar|Pyroar-Mega, L50, M
|-mega|p2b: Pyroar|Pyroar|Pyroarite
|move|p1a: ummactuall-|Follow Me|p1a: ummactuall-
|-singleturn|p1a: ummactuall-|move: Follow Me
|move|p2b: Pyroar|Heat Wave|p1b: IMVERYANGRY|[spread] p1a,p1b
|-enditem|p1a: ummactuall-|Focus Sash
|-damage|p1a: ummactuall-|1/100
|-damage|p1b: IMVERYANGRY|39/100
|move|p1b: IMVERYANGRY|Drain Punch|p2b: Pyroar
|-supereffective|p2b: Pyroar|1
|-damage|p2b: Pyroar|0 fnt
|-heal|p1b: IMVERYANGRY|77/100|[from] drain|[of] p2b: Pyroar
|faint|p2b: Pyroar
|-damage|p1b: IMVERYANGRY|67/100|[from] item: Life Orb
|
|-weather|SunnyDay|[upkeep]
|upkeep
|
|t:|1783044086
|switch|p2b: Mamoswine|Mamoswine, L50, M|100/100
|turn|2
|
|t:|1783044106
|move|p1a: ummactuall-|Protect|p1a: ummactuall-
|-singleturn|p1a: ummactuall-|Protect
|move|p1b: IMVERYANGRY|Protect|p1b: IMVERYANGRY
|-singleturn|p1b: IMVERYANGRY|Protect
|move|p2b: Mamoswine|Ice Shard|p1a: ummactuall-
|-activate|p1a: ummactuall-|move: Protect
|move|p2a: Torkoal|Weather Ball|p1b: IMVERYANGRY
|-activate|p1b: IMVERYANGRY|move: Protect
|
|-weather|SunnyDay|[upkeep]
|upkeep
|turn|3
|inactive|funntymann has 30 seconds left.
|inactive|funntymann has 20 seconds left.
|
|t:|1783044144
|switch|p1a: TheStrongestPlayer|Basculegion, L50, M|100/100
|switch|p2b: Farigiraf|Farigiraf, L50, M|100/100
|move|p1b: IMVERYANGRY|Drain Punch|p2b: Farigiraf
|-damage|p2b: Farigiraf|51/100
|-heal|p1b: IMVERYANGRY|92/100|[from] drain|[of] p2b: Farigiraf
|-damage|p1b: IMVERYANGRY|82/100|[from] item: Life Orb
|move|p2a: Torkoal|Eruption|p1a: TheStrongestPlayer|[spread] p1a,p1b
|-resisted|p1a: TheStrongestPlayer|1
|-damage|p1a: TheStrongestPlayer|48/100
|-damage|p1b: IMVERYANGRY|9/100
|
|-weather|SunnyDay|[upkeep]
|upkeep
|turn|4
|inactive|regalac3 has 30 seconds left.
|inactive|funntymann has 30 seconds left.
|inactive|regalac3 has 20 seconds left.
|
|t:|1783044182
|switch|p2a: Mamoswine|Mamoswine, L50, M|100/100
|move|p1b: IMVERYANGRY|Drain Punch|p2b: Farigiraf
|-damage|p2b: Farigiraf|2/100
|-heal|p1b: IMVERYANGRY|34/100|[from] drain|[of] p2b: Farigiraf
|-enditem|p2b: Farigiraf|Sitrus Berry|[eat]
|-heal|p2b: Farigiraf|27/100|[from] item: Sitrus Berry
|-damage|p1b: IMVERYANGRY|24/100|[from] item: Life Orb
|move|p1a: TheStrongestPlayer|Wave Crash|p2b: Farigiraf
|-damage|p2b: Farigiraf|0 fnt
|faint|p2b: Farigiraf
|-damage|p1a: TheStrongestPlayer|39/100|[from] Recoil
|
|-weather|SunnyDay|[upkeep]
|upkeep
|
|t:|1783044193
|switch|p2b: Torkoal|Torkoal, L50, F|100/100
|turn|5
|
|t:|1783044202
|move|p2a: Mamoswine|Ice Shard|p1b: IMVERYANGRY
|-damage|p1b: IMVERYANGRY|0 fnt
|faint|p1b: IMVERYANGRY
|-damage|p2a: Mamoswine|90/100|[from] item: Life Orb
|move|p1a: TheStrongestPlayer|Wave Crash|p2b: Torkoal
|-supereffective|p2b: Torkoal|1
|-damage|p2b: Torkoal|27/100
|-damage|p1a: TheStrongestPlayer|18/100|[from] Recoil
|move|p2b: Torkoal|Eruption|p1a: TheStrongestPlayer
|-resisted|p1a: TheStrongestPlayer|1
|-damage|p1a: TheStrongestPlayer|1/100
|
|-weather|none
|upkeep
|
|t:|1783044211
|switch|p1b: Top3mega4Eva|Floette-Eternal, L50, F|100/100
|turn|6
|
|t:|1783044231
|detailschange|p1b: Top3mega4Eva|Floette-Mega, L50, F
|-mega|p1b: Top3mega4Eva|Floette|Floettite
|-ability|p1b: Top3mega4Eva|Fairy Aura
|move|p2b: Torkoal|Protect|p2b: Torkoal
|-singleturn|p2b: Torkoal|Protect
|move|p2a: Mamoswine|Ice Shard|p1a: TheStrongestPlayer
|-resisted|p1a: TheStrongestPlayer|1
|-damage|p1a: TheStrongestPlayer|0 fnt
|faint|p1a: TheStrongestPlayer
|-damage|p2a: Mamoswine|80/100|[from] item: Life Orb
|move|p1b: Top3mega4Eva|Dazzling Gleam|p2b: Torkoal|[spread] p2a
|-activate|p2b: Torkoal|move: Protect
|-damage|p2a: Mamoswine|9/100
|
|upkeep
|
|t:|1783044243
|switch|p1a: ummactuall-|Maushold, L50|1/100
|turn|7
|-message|regalac3 forfeited.
|
|win|funntymann
