|j|☆komsu
|j|☆darthmorton
|html|komsudarthmorton    
|uhtml|bestof|Game 3 of a best-of-3
|t:|1784226563
|gametype|doubles
|player|p1|komsu|gambler|1279
|player|p2|darthmorton|dragontamer|1357
|gen|9
|tier|[Gen 9 Champions] VGC 2026 Reg M-B (Bo3)
|rated|
|rule|Species Clause: Limit one of each Pokémon
|rule|Item Clause: Limit 1 of each item
|clearpoke
|poke|p1|Kingambit, L50, F|
|poke|p1|Charizard, L50, M|
|poke|p1|Aerodactyl, L50, F|
|poke|p1|Farigiraf, L50, F|
|poke|p1|Garchomp, L50, M|
|poke|p1|Sylveon, L50, F|
|poke|p2|Metagross, L50|
|poke|p2|Hydreigon, L50, M|
|poke|p2|Sneasler, L50, F|
|poke|p2|Sinistcha, L50|
|poke|p2|Tyranitar, L50, M|
|poke|p2|Excadrill, L50, F|
|teampreview|4
|showteam|p1|Kingambit||FocusSash|Defiant|KowtowCleave,IronHead,SuckerPunch,LowKick|Adamant||F|||50|]Charizard||CharizarditeY|Blaze|HeatWave,SolarBeam,WeatherBall,Protect|Modest||M|||50|]Aerodactyl||Aerodactylite|Unnerve|RockSlide,DualWingbeat,IceFang,Tailwind|Jolly||F|||50|]Farigiraf||SitrusBerry|ArmorTail|Psychic,Thunderbolt,TrickRoom,Protect|Bold||F|||50|]Garchomp||LifeOrb|RoughSkin|Earthquake,DragonClaw,RockSlide,Protect|Jolly||M|||50|]Sylveon||FairyFeather|Pixilate|HyperVoice,HyperBeam,QuickAttack,Protect|Modest||F|||50|
|showteam|p2|Metagross||Metagrossite|ClearBody|Protect,IronHead,PsychicFangs,BodyPress|Jolly|||||50|]Hydreigon||ChoiceScarf|Levitate|DracoMeteor,DarkPulse,EarthPower,Snarl|Timid||M|||50|]Sneasler||WhiteHerb|Unburden|CloseCombat,DireClaw,FakeOut,Coaching|Jolly||F|||50|]Sinistcha||ColburBerry|Hospitality|Protect,MatchaGotcha,RagePowder,TrickRoom|Bold|||||50|]Tyranitar||Tyranitarite|SandStream|RockSlide,KnockOff,DragonDance,Protect|Jolly||M|||50|]Excadrill||FocusSash|SandRush|IronHead,HighHorsepower,RockSlide,Protect|Adamant||F|||50|
|inactive|Battle timer is ON: inactive players will automatically lose when time's up. (requested by darthmorton)
|inactive|komsu has 60 seconds left.
|inactive|darthmorton has 60 seconds left.
|inactive|komsu has 30 seconds left.
|inactive|komsu has 20 seconds left.
|
|t:|1784226636
|teamsize|p1|4
|teamsize|p2|4
|start
|switch|p1a: Garchomp|Garchomp, L50, M|100/100
|switch|p1b: Sylveon|Sylveon, L50, F|100/100
|switch|p2a: Sneasler|Sneasler, L50, F|100/100
|switch|p2b: Tyranitar|Tyranitar, L50, M|100/100
|-weather|Sandstorm|[from] ability: Sand Stream|[of] p2b: Tyranitar
|turn|1
|inactive|komsu has 30 seconds left.
|inactive|darthmorton has 30 seconds left.
|inactive|komsu has 20 seconds left.
|
|t:|1784226671
|detailschange|p2b: Tyranitar|Tyranitar-Mega, L50, M
|-mega|p2b: Tyranitar|Tyranitar|Tyranitarite
|move|p1b: Sylveon|Protect|p1b: Sylveon
|-singleturn|p1b: Sylveon|Protect
|move|p2a: Sneasler|Fake Out|p1a: Garchomp
|-damage|p1a: Garchomp|89/100
|-damage|p2a: Sneasler|87/100|[from] ability: Rough Skin|[of] p1a: Garchomp
|cant|p1a: Garchomp|flinch
|move|p2b: Tyranitar|Dragon Dance|p2b: Tyranitar
|-boost|p2b: Tyranitar|atk|1
|-boost|p2b: Tyranitar|spe|1
|
|-weather|Sandstorm|[upkeep]
|-damage|p2a: Sneasler|81/100|[from] Sandstorm
|-damage|p1b: Sylveon|94/100|[from] Sandstorm
|upkeep
|turn|2
|
|t:|1784226695
|switch|p1b: Kingambit|Kingambit, L50, F|100/100
|move|p2b: Tyranitar|Protect|p2b: Tyranitar
|-singleturn|p2b: Tyranitar|Protect
|move|p2a: Sneasler|Dire Claw|p1b: Kingambit
|-immune|p1b: Kingambit
|move|p1a: Garchomp|Earthquake|p2a: Sneasler|[spread] p1b,p2a
|-activate|p2b: Tyranitar|move: Protect
|-supereffective|p1b: Kingambit|1
|-supereffective|p2a: Sneasler|1
|-damage|p1b: Kingambit|10/100
|-damage|p2a: Sneasler|0 fnt
|faint|p2a: Sneasler
|-damage|p1a: Garchomp|79/100|[from] item: Life Orb
|
|-weather|Sandstorm|[upkeep]
|upkeep
|
|t:|1784226704
|switch|p2a: Hydreigon|Hydreigon, L50, M|100/100
|turn|3
|inactive|komsu has 30 seconds left.
|
|t:|1784226735
|move|p1a: Garchomp|Protect|p1a: Garchomp
|-singleturn|p1a: Garchomp|Protect
|move|p1b: Kingambit|Sucker Punch|p2b: Tyranitar
|-resisted|p2b: Tyranitar|1
|-damage|p2b: Tyranitar|84/100
|move|p2a: Hydreigon|Snarl|p1a: Garchomp|[spread] p1b
|-activate|p1a: Garchomp|move: Protect
|-resisted|p1b: Kingambit|1
|-damage|p1b: Kingambit|0 fnt
|faint|p1b: Kingambit
|move|p2b: Tyranitar|Knock Off|p1a: Garchomp
|-activate|p1a: Garchomp|move: Protect
|
|-weather|Sandstorm|[upkeep]
|-damage|p2a: Hydreigon|93/100|[from] Sandstorm
|upkeep
|
|t:|1784226751
|switch|p1b: Sylveon|Sylveon, L50, F|94/100
|turn|4
|inactive|komsu has 30 seconds left.
|inactive|komsu has 20 seconds left.
|inactive|komsu has 15 seconds left.
|inactive|komsu has 10 seconds left.
|inactive|komsu has 5 seconds left.
|
|t:|1784226805
|move|p2b: Tyranitar|Protect|p2b: Tyranitar
|-singleturn|p2b: Tyranitar|Protect
|move|p1b: Sylveon|Protect|p1b: Sylveon
|-singleturn|p1b: Sylveon|Protect
|move|p2a: Hydreigon|Snarl|p1a: Garchomp|[spread] p1a
|-activate|p1b: Sylveon|move: Protect
|-damage|p1a: Garchomp|57/100
|-unboost|p1a: Garchomp|spa|1
|move|p1a: Garchomp|Dragon Claw|p2a: Hydreigon
|-supereffective|p2a: Hydreigon|1
|-damage|p2a: Hydreigon|0 fnt
|faint|p2a: Hydreigon
|-damage|p1a: Garchomp|48/100|[from] item: Life Orb
|
|-weather|Sandstorm|[upkeep]
|-damage|p1b: Sylveon|88/100|[from] Sandstorm
|upkeep
|
|t:|1784226816
|switch|p2a: Excadrill|Excadrill, L50, F|100/100
|turn|5
|inactive|komsu has 30 seconds left.
|
|t:|1784226843
|switch|p1b: Charizard|Charizard, L50, M|100/100
|move|p2a: Excadrill|Iron Head|p1b: Charizard
|-resisted|p1b: Charizard|1
|-damage|p1b: Charizard|79/100
|move|p2b: Tyranitar|Knock Off|p1a: Garchomp
|-damage|p1a: Garchomp|0 fnt
|-damage|p2b: Tyranitar|71/100|[from] ability: Rough Skin|[of] p1a: Garchomp
|-enditem|p1a: Garchomp|Life Orb|[from] move: Knock Off|[of] p2b: Tyranitar
|faint|p1a: Garchomp
|
|-weather|none
|upkeep
|
|t:|1784226850
|switch|p1a: Sylveon|Sylveon, L50, F|88/100
|turn|6
|
|t:|1784226874
|detailschange|p1b: Charizard|Charizard-Mega-Y, L50, M
|-mega|p1b: Charizard|Charizard|Charizardite Y
|-weather|SunnyDay|[from] ability: Drought|[of] p1b: Charizard
|move|p2b: Tyranitar|Rock Slide|p1b: Charizard|[spread] p1a,p1b
|-supereffective|p1b: Charizard|2
|-damage|p1a: Sylveon|25/100
|-damage|p1b: Charizard|0 fnt
|faint|p1b: Charizard
|move|p2a: Excadrill|Iron Head|p1a: Sylveon
|-supereffective|p1a: Sylveon|1
|-damage|p1a: Sylveon|0 fnt
|faint|p1a: Sylveon
|
|win|darthmorton
|raw|komsu's rating: 1279 → 1260(-19 for losing)
|raw|darthmorton's rating: 1357 → 1373(+16 for winning)
