|j|☆TestNumber4
|j|☆moth.o
|html|TestNumber4moth.o    
|uhtml|bestof|Game 1 of a best-of-3
|t:|1756897603
|gametype|doubles
|player|p1|TestNumber4|shadowtriad|1264
|player|p2|moth.o|roxie|1270
|gen|9
|tier|[Gen 9] VGC 2025 Reg H (Bo3)
|rated|
|rule|Species Clause: Limit one of each Pokémon
|rule|Item Clause: Limit 1 of each item
|clearpoke
|poke|p1|Incineroar, L50, M|
|poke|p1|Basculegion, L50, M|
|poke|p1|Tyranitar, L50, M|
|poke|p1|Volcarona, L50, M|
|poke|p1|Dragonite, L50, M|
|poke|p1|Amoonguss, L50, F|
|poke|p2|Arcanine-Hisui, L50, M|
|poke|p2|Indeedee-F, L50, F|
|poke|p2|Gallade, L50, M|
|poke|p2|Gholdengo, L50|
|poke|p2|Whimsicott, L50, M|
|poke|p2|Hydreigon, L50, M|
|teampreview|4
|showteam|p1|Incineroar||SafetyGoggles|Intimidate|FakeOut,KnockOff,PartingShot,Taunt|||M|||50|,,,,,Ghost]Basculegion||ChoiceScarf|Adaptability|WaveCrash,FlipTurn,AquaJet,LastRespects|||M|||50|,,,,,Grass]Tyranitar||AssaultVest|SandStream|KnockOff,TeraBlast,LowKick,RockSlide|||M|||50|,,,,,Flying]Volcarona||Leftovers|FlameBody|HeatWave,TeraBlast,QuiverDance,Protect|||M|||50|,,,,,Fairy]Dragonite||LoadedDice|Multiscale|ScaleShot,Tailwind,Haze,Protect|||M|||50|,,,,,Fairy]Amoonguss||SitrusBerry|Regenerator|RagePowder,Spore,PollenPuff,Protect|||F|||50|,,,,,Fairy
|showteam|p2|Arcanine-Hisui||SafetyGoggles|Intimidate|RockSlide,FlareBlitz,ExtremeSpeed,Protect|||M|||50|,,,,,Fairy]Indeedee-F||SitrusBerry|PsychicSurge|TrickRoom,FollowMe,Psychic,HelpingHand|||F|||50|,,,,,Fairy]Gallade||LifeOrb|Sharpness|Protect,NightSlash,SacredSword,PsychoCut|||M|||50|,,,,,Grass]Gholdengo||ChoiceSpecs|GoodasGold|Trick,ShadowBall,MakeItRain,PowerGem||||||50|,,,,,Water]Whimsicott||CovertCloak|Prankster|SunnyDay,Moonblast,Encore,Tailwind|||M|||50|,,,,,Dark]Hydreigon||AssaultVest|Levitate|Uturn,Snarl,DarkPulse,DracoMeteor|||M|||50|,,,,,Ghost
|
|t:|1756897700
|teamsize|p1|4
|teamsize|p2|4
|start
|switch|p1a: Incineroar|Incineroar, L50, M, shiny|100/100
|switch|p1b: Dragonite|Dragonite, L50, M|100/100
|switch|p2a: Triquiñuela|Whimsicott, L50, M, shiny|100/100
|switch|p2b: Fenrir|Arcanine-Hisui, L50, M|100/100
|-ability|p2b: Fenrir|Intimidate|boost
|-unboost|p1a: Incineroar|atk|1
|-unboost|p1b: Dragonite|atk|1
|-ability|p1a: Incineroar|Intimidate|boost
|-unboost|p2a: Triquiñuela|atk|1
|-unboost|p2b: Fenrir|atk|1
|turn|1
|
|t:|1756897736
|move|p2a: Triquiñuela|Moonblast|p1b: Dragonite
|-supereffective|p1b: Dragonite
|-damage|p1b: Dragonite|72/100
|-unboost|p1b: Dragonite|spa|1
|move|p2b: Fenrir|Rock Slide|p1b: Dragonite|[spread] p1a,p1b
|-supereffective|p1a: Incineroar
|-supereffective|p1b: Dragonite
|-damage|p1a: Incineroar|70/100
|-damage|p1b: Dragonite|31/100
|move|p1b: Dragonite|Tailwind|p1b: Dragonite
|-sidestart|p1: TestNumber4|move: Tailwind
|move|p1a: Incineroar|Parting Shot|p2b: Fenrir
|-unboost|p2b: Fenrir|atk|1
|-unboost|p2b: Fenrir|spa|1
|
|t:|1756897754
|switch|p1a: Tyranitar|Tyranitar, L50, M, shiny|100/100|[from] Parting Shot
|-weather|Sandstorm|[from] ability: Sand Stream|[of] p1a: Tyranitar
|
|-weather|Sandstorm|[upkeep]
|-damage|p1b: Dragonite|25/100|[from] Sandstorm
|-damage|p2a: Triquiñuela|95/100|[from] Sandstorm
|upkeep
|turn|2
|
|t:|1756897776
|switch|p2b: Galantería|Gallade, L50, M, shiny|100/100
|-terastallize|p2a: Triquiñuela|Dark
|move|p2a: Triquiñuela|Encore|p1b: Dragonite
|-start|p1b: Dragonite|Encore
|move|p1b: Dragonite|Tailwind||[still]
|-fail|p1b: Dragonite
|move|p1a: Tyranitar|Rock Slide|p2a: Triquiñuela|[spread] p2a,p2b
|-resisted|p2b: Galantería
|-damage|p2a: Triquiñuela|62/100
|-damage|p2b: Galantería|71/100
|
|-weather|Sandstorm|[upkeep]
|-damage|p1b: Dragonite|19/100|[from] Sandstorm
|-damage|p2a: Triquiñuela|57/100|[from] Sandstorm
|-damage|p2b: Galantería|66/100|[from] Sandstorm
|upkeep
|turn|3
|
|t:|1756897802
|switch|p1b: Basculegion|Basculegion, L50, M|100/100
|switch|p2b: Fenrir|Arcanine-Hisui, L50, M|100/100
|-ability|p2b: Fenrir|Intimidate|boost
|-unboost|p1a: Tyranitar|atk|1
|-unboost|p1b: Basculegion|atk|1
|-terastallize|p1a: Tyranitar|Flying
|move|p1a: Tyranitar|Knock Off|p2b: Fenrir
|-damage|p2b: Fenrir|59/100
|-enditem|p2b: Fenrir|Safety Goggles|[from] move: Knock Off|[of] p1a: Tyranitar
|move|p2a: Triquiñuela|Moonblast|p1a: Tyranitar
|-damage|p1a: Tyranitar|83/100
|-unboost|p1a: Tyranitar|spa|1
|
|-weather|Sandstorm|[upkeep]
|-damage|p1b: Basculegion|94/100|[from] Sandstorm
|-damage|p1a: Tyranitar|77/100|[from] Sandstorm
|-damage|p2a: Triquiñuela|51/100|[from] Sandstorm
|upkeep
|turn|4
|
|t:|1756897830
|switch|p2b: Odisea|Hydreigon, L50, M, shiny|100/100
|move|p2a: Triquiñuela|Tailwind|p2a: Triquiñuela
|-sidestart|p2: moth.o|move: Tailwind
|move|p1b: Basculegion|Wave Crash|p2b: Odisea
|-resisted|p2b: Odisea
|-damage|p2b: Odisea|71/100
|-damage|p1b: Basculegion|85/100|[from] Recoil
|move|p1a: Tyranitar|Low Kick|p2a: Triquiñuela
|-supereffective|p2a: Triquiñuela
|-damage|p2a: Triquiñuela|38/100
|
|-weather|Sandstorm|[upkeep]
|-damage|p1b: Basculegion|79/100|[from] Sandstorm
|-damage|p2a: Triquiñuela|32/100|[from] Sandstorm
|-damage|p2b: Odisea|65/100|[from] Sandstorm
|-damage|p1a: Tyranitar|72/100|[from] Sandstorm
|-sideend|p1: TestNumber4|move: Tailwind
|upkeep
|turn|5
|
|t:|1756897858
|switch|p1b: Dragonite|Dragonite, L50, M|19/100
|switch|p1a: Incineroar|Incineroar, L50, M, shiny|70/100
|-ability|p1a: Incineroar|Intimidate|boost
|-unboost|p2a: Triquiñuela|atk|1
|-unboost|p2b: Odisea|atk|1
|move|p2a: Triquiñuela|Encore|p1a: Incineroar
|-hint|Since gen 7, Dark is immune to Prankster moves.
|-immune|p1a: Incineroar
|move|p2b: Odisea|U-turn|p1b: Dragonite
|-resisted|p1b: Dragonite
|-damage|p1b: Dragonite|14/100
|
|t:|1756897869
|switch|p2b: Fenrir|Arcanine-Hisui, L50, M|59/100|[from] U-turn
|-ability|p2b: Fenrir|Intimidate|boost
|-unboost|p1a: Incineroar|atk|1
|-unboost|p1b: Dragonite|atk|1
|
|-weather|none
|upkeep
|turn|6
|
|t:|1756897898
|move|p1a: Incineroar|Fake Out|p2b: Fenrir
|-resisted|p2b: Fenrir
|-damage|p2b: Fenrir|56/100
|move|p2a: Triquiñuela|Moonblast|p1b: Dragonite
|-supereffective|p1b: Dragonite
|-damage|p1b: Dragonite|0 fnt
|faint|p1b: Dragonite
|cant|p2b: Fenrir|flinch
|
|upkeep
|
|t:|1756897907
|switch|p1b: Tyranitar|Tyranitar, L50, M, shiny, tera:Flying|72/100
|-weather|Sandstorm|[from] ability: Sand Stream|[of] p1b: Tyranitar
|turn|7
|
|t:|1756897932
|switch|p1a: Basculegion|Basculegion, L50, M|79/100
|move|p2a: Triquiñuela|Moonblast|p1b: Tyranitar
|-damage|p1b: Tyranitar|54/100
|move|p2b: Fenrir|Rock Slide|p1b: Tyranitar|[spread] p1a,p1b
|-supereffective|p1b: Tyranitar
|-damage|p1a: Basculegion|47/100
|-damage|p1b: Tyranitar|5/100
|cant|p1b: Tyranitar|flinch
|
|-weather|Sandstorm|[upkeep]
|-damage|p2a: Triquiñuela|27/100|[from] Sandstorm
|-damage|p1a: Basculegion|41/100|[from] Sandstorm
|-damage|p1b: Tyranitar|0 fnt|[from] Sandstorm
|faint|p1b: Tyranitar
|-sideend|p2: moth.o|move: Tailwind
|upkeep
|
|t:|1756897944
|switch|p1b: Incineroar|Incineroar, L50, M, shiny|70/100
|-ability|p1b: Incineroar|Intimidate|boost
|-unboost|p2a: Triquiñuela|atk|1
|-unboost|p2b: Fenrir|atk|1
|turn|8
|
|t:|1756897963
|switch|p2b: Odisea|Hydreigon, L50, M, shiny|65/100
|move|p2a: Triquiñuela|Tailwind|p2a: Triquiñuela
|-sidestart|p2: moth.o|move: Tailwind
|move|p1a: Basculegion|Last Respects|p2b: Odisea
|-resisted|p2b: Odisea
|-damage|p2b: Odisea|9/100
|move|p1b: Incineroar|Knock Off|p2a: Triquiñuela
|-resisted|p2a: Triquiñuela
|-damage|p2a: Triquiñuela|8/100
|-enditem|p2a: Triquiñuela|Covert Cloak|[from] move: Knock Off|[of] p1b: Incineroar
|
|-weather|Sandstorm|[upkeep]
|-damage|p2a: Triquiñuela|2/100|[from] Sandstorm
|-damage|p2b: Odisea|3/100|[from] Sandstorm
|-damage|p1a: Basculegion|35/100|[from] Sandstorm
|upkeep
|turn|9
|
|t:|1756897984
|move|p2a: Triquiñuela|Moonblast|p1b: Incineroar
|-damage|p1b: Incineroar|47/100
|-unboost|p1b: Incineroar|spa|1
|move|p2b: Odisea|Dark Pulse|p1a: Basculegion
|-supereffective|p1a: Basculegion
|-damage|p1a: Basculegion|0 fnt
|faint|p1a: Basculegion
|move|p1b: Incineroar|Knock Off|p2a: Triquiñuela
|-resisted|p2a: Triquiñuela
|-damage|p2a: Triquiñuela|0 fnt
|faint|p2a: Triquiñuela
|
|-weather|Sandstorm|[upkeep]
|-damage|p2b: Odisea|0 fnt|[from] Sandstorm
|faint|p2b: Odisea
|upkeep
|
|t:|1756898000
|switch|p2a: Galantería|Gallade, L50, M, shiny|66/100
|switch|p2b: Fenrir|Arcanine-Hisui, L50, M|56/100
|-ability|p2b: Fenrir|Intimidate|boost
|-unboost|p1b: Incineroar|atk|1
|turn|10
|
|t:|1756898036
|move|p2b: Fenrir|Rock Slide|p1b: Incineroar
|-supereffective|p1b: Incineroar
|-damage|p1b: Incineroar|0 fnt
|faint|p1b: Incineroar
|
|win|moth.o
||TestNumber4 is ready for game 2.
||moth.o is ready for game 2.
|uhtml|next|Next: Game 2 of 3
|l|☆TestNumber4
|player|p1|
