|j|â˜†Hallenteclapea
|j|â˜†CheesyTime
|html|HallenteclapeaCheesyTime    
|uhtml|bestof|Game 1 of a best-of-3
|t:|1782204654
|gametype|doubles
|player|p1|Hallenteclapea|169|1091
|player|p2|CheesyTime|colress|1069
|gen|9
|tier|[Gen 9 Champions] VGC 2026 Reg M-B (Bo3)
|rated|
|rule|Species Clause: Limit one of each PokÃ©mon
|rule|Item Clause: Limit 1 of each item
|clearpoke
|poke|p1|Staraptor, L50, F|
|poke|p1|Whimsicott, L50, M|
|poke|p1|Typhlosion-Hisui, L50, M|
|poke|p1|Garchomp, L50, M|
|poke|p1|Rotom-Wash, L50|
|poke|p1|Gholdengo, L50|
|poke|p2|Pyroar, L50, F|
|poke|p2|Ninetales, L50, F, shiny|
|poke|p2|Whimsicott, L50, F|
|poke|p2|Floette-Eternal, L50, F|
|poke|p2|Basculegion, L50, M|
|poke|p2|Farigiraf, L50, M|
|teampreview|4
|showteam|p1|Staraptor||Staraptite|Intimidate|CloseCombat,Protect,BraveBird,Uturn|Jolly||F|||50|]Whimsicott||FocusSash|Prankster|DazzlingGleam,Encore,Charm,Tailwind|Bold||M|||50|]Typhlosion-Hisui||ChoiceScarf|Frisk|Eruption,BurnUp,HeatWave,ShadowBall|Timid||M|||50|]Garchomp||RoseliBerry|RoughSkin|DragonClaw,StompingTantrum,PoisonJab,RockTomb|Jolly||M|||50|]Rotom-Wash||Leftovers|Levitate|Discharge,HydroPump,VoltSwitch,WillOWisp|Timid|||||50|]Gholdengo||LifeOrb|GoodasGold|PowerGem,ShadowBall,MakeItRain,Protect|Timid|||||50|
|showteam|p2|Pyroar||Pyroarite|Unnerve|HeatWave,Overheat,SolarBeam,Protect|Timid||F|||50|]Ninetales||ChoiceScarf|Drought|HeatWave,Overheat,SolarBeam,FakeTears|Modest||F|||50|]Whimsicott||FocusSash|Prankster|Moonblast,Tailwind,SunnyDay,Protect|Timid||F|||50|]Floette-Eternal||Floettite|FlowerVeil|Moonblast,LightofRuin,DazzlingGleam,Protect|Modest||F|||50|]Basculegion||LifeOrb|Adaptability|WaveCrash,LastRespects,AquaJet,Protect|Adamant||M|||50|]Farigiraf||SitrusBerry|ArmorTail|Psychic,Thunderbolt,TrickRoom,HelpingHand|Bold||M|||50|
|
|t:|1782204680
|teamsize|p1|4
|teamsize|p2|4
|start
|switch|p1a: Staraptor|Staraptor, L50, F|100/100
|switch|p1b: Whimsicott|Whimsicott, L50, M|100/100
|switch|p2a: Pyroar|Pyroar, L50, F|100/100
|switch|p2b: Whimsicott|Whimsicott, L50, F|100/100
|-ability|p2a: Pyroar|Unnerve
|-ability|p1a: Staraptor|Intimidate|boost
|-unboost|p2a: Pyroar|atk|1
|-unboost|p2b: Whimsicott|atk|1
|turn|1
|
|t:|1782204701
|detailschange|p2a: Pyroar|Pyroar-Mega, L50, F
|-mega|p2a: Pyroar|Pyroar|Pyroarite
|detailschange|p1a: Staraptor|Staraptor-Mega, L50, F
|-mega|p1a: Staraptor|Staraptor|Staraptite
|move|p2b: Whimsicott|Tailwind|p2b: Whimsicott
|-sidestart|p2: CheesyTime|move: Tailwind
|move|p1b: Whimsicott|Tailwind|p1b: Whimsicott
|-sidestart|p1: Hallenteclapea|move: Tailwind
|move|p2a: Pyroar|Overheat|p1a: Staraptor
|-damage|p1a: Staraptor|0 fnt
|-unboost|p2a: Pyroar|spa|2
|faint|p1a: Staraptor
|
|upkeep
|
|t:|1782204729
|switch|p1a: Garchomp|Garchomp, L50, M|100/100
|turn|2
|
|t:|1782204753
|switch|p2b: Basculegion|Basculegion, L50, M|100/100
|move|p1b: Whimsicott|Encore|p2a: Pyroar
|-start|p2a: Pyroar|Encore
|move|p2a: Pyroar|Overheat|p1b: Whimsicott|[miss]
|-miss|p2a: Pyroar|p1b: Whimsicott
|move|p1a: Garchomp|Poison Jab|p2b: Basculegion
|-resisted|p2b: Basculegion|1
|-damage|p2b: Basculegion|84/100
|-status|p2b: Basculegion|psn
|
|-damage|p2b: Basculegion|72/100 psn|[from] psn
|upkeep
|turn|3
|c|â˜†CheesyTime|of course
|
|t:|1782204770
|switch|p1b: Rotom|Rotom-Wash, L50|100/100
|move|p2a: Pyroar|Overheat|p1b: Rotom
|-resisted|p1b: Rotom|1
|-damage|p1b: Rotom|64/100
|-unboost|p2a: Pyroar|spa|2
|move|p1a: Garchomp|Stomping Tantrum|p2a: Pyroar
|-supereffective|p2a: Pyroar|1
|-damage|p2a: Pyroar|9/100
|move|p2b: Basculegion|Last Respects|p1a: Garchomp
|-damage|p1a: Garchomp|52/100
|-damage|p2b: Basculegion|63/100 psn|[from] item: Life Orb
|
|-heal|p1b: Rotom|70/100|[from] item: Leftovers
|-damage|p2b: Basculegion|51/100 psn|[from] psn
|upkeep
|turn|4
|c|â˜†CheesyTime|miss and poisen
|
|t:|1782204799
|move|p2b: Basculegion|Protect|p2b: Basculegion
|-singleturn|p2b: Basculegion|Protect
|move|p2a: Pyroar|Overheat|p1a: Garchomp
|-resisted|p1a: Garchomp|1
|-damage|p1a: Garchomp|35/100
|-unboost|p2a: Pyroar|spa|2
|move|p1a: Garchomp|Dragon Claw|p2b: Basculegion
|-activate|p2b: Basculegion|move: Protect
|move|p1b: Rotom|Discharge|p2b: Basculegion|[spread] p2a
|-activate|p2b: Basculegion|move: Protect
|-immune|p1a: Garchomp
|-damage|p2a: Pyroar|0 fnt
|faint|p2a: Pyroar
|
|-heal|p1b: Rotom|75/100|[from] item: Leftovers
|-damage|p2b: Basculegion|39/100 psn|[from] psn
|-sideend|p1: Hallenteclapea|move: Tailwind
|-sideend|p2: CheesyTime|move: Tailwind
|upkeep
|
|t:|1782204802
|switch|p2a: Whimsicott|Whimsicott, L50, F|100/100
|turn|5
|
|t:|1782204813
|switch|p2b: Ninetales|Ninetales, L50, F, shiny|100/100
|-weather|SunnyDay|[from] ability: Drought|[of] p2b: Ninetales
|move|p2a: Whimsicott|Moonblast|p1a: Garchomp
|-supereffective|p1a: Garchomp|1
|-enditem|p1a: Garchomp|Roseli Berry|[eat]
|-enditem|p1a: Garchomp|Roseli Berry|[weaken]
|-damage|p1a: Garchomp|0 fnt
|faint|p1a: Garchomp
|move|p1b: Rotom|Volt Switch|p2b: Ninetales
|-damage|p2b: Ninetales|59/100
|
|t:|1782204820
|switch|p1b: Whimsicott|Whimsicott, L50, M|100/100|[from] Volt Switch
|
|-weather|SunnyDay|[upkeep]
|upkeep
|
|t:|1782204822
|switch|p1a: Rotom|Rotom-Wash, L50|75/100
|turn|6
|
|t:|1782204835
|move|p1b: Whimsicott|Tailwind|p1b: Whimsicott
|-sidestart|p1: Hallenteclapea|move: Tailwind
|move|p1a: Rotom|Discharge|p2a: Whimsicott|[spread] p1b,p2a,p2b
|-resisted|p1b: Whimsicott|1
|-resisted|p2a: Whimsicott|1
|-damage|p1b: Whimsicott|82/100
|-damage|p2a: Whimsicott|78/100
|-damage|p2b: Ninetales|25/100
|-status|p2a: Whimsicott|par
|move|p2b: Ninetales|Solar Beam||[still]
|-prepare|p2b: Ninetales|Solar Beam
|-anim|p2b: Ninetales|Solar Beam|p1a: Rotom
|-supereffective|p1a: Rotom|1
|-damage|p1a: Rotom|0 fnt
|faint|p1a: Rotom
|move|p2a: Whimsicott|Moonblast|p1b: Whimsicott
|-damage|p1b: Whimsicott|31/100
|
|-weather|SunnyDay|[upkeep]
|upkeep
|turn|7
|
|t:|1782204850
|move|p1b: Whimsicott|Dazzling Gleam|p2b: Ninetales|[spread] p2a,p2b
|-resisted|p2b: Ninetales|1
|-damage|p2a: Whimsicott|49/100 par
|-damage|p2b: Ninetales|15/100
|move|p2b: Ninetales|Solar Beam||[still]
|-prepare|p2b: Ninetales|Solar Beam
|-anim|p2b: Ninetales|Solar Beam|p1b: Whimsicott
|-resisted|p1b: Whimsicott|1
|-damage|p1b: Whimsicott|10/100
|move|p2a: Whimsicott|Moonblast|p1b: Whimsicott
|-damage|p1b: Whimsicott|0 fnt
|faint|p1b: Whimsicott
|
|win|CheesyTime
