|j|☆robby w
|j|☆furretusedpunch
|html|robby wfurretusedpunch    
|uhtml|bestof|Game 1 of a best-of-3
|t:|1756678820
|gametype|doubles
|player|p1|robby w|pokefan-gen4|1240
|player|p2|furretusedpunch|lacey|1225
|gen|9
|tier|[Gen 9] VGC 2025 Reg H (Bo3)
|rated|
|rule|Species Clause: Limit one of each Pokémon
|rule|Item Clause: Limit 1 of each item
|clearpoke
|poke|p1|Dondozo, L50, M|
|poke|p1|Tatsugiri, L50, M|
|poke|p1|Sneasler, L50, F|
|poke|p1|Whimsicott, L50, F|
|poke|p1|Ursaluna-Bloodmoon, L50, M|
|poke|p1|Indeedee, L50, M|
|poke|p2|Gholdengo, L50|
|poke|p2|Sneasler, L50, M|
|poke|p2|Rillaboom, L50, M|
|poke|p2|Dragonite, L50, F|
|poke|p2|Ninetales-Alola, L50, M|
|poke|p2|Incineroar, L50, F|
|teampreview|4
|showteam|p1|Dondozo||Leftovers|Unaware|Protect,WaveCrash,Earthquake,OrderUp|||M|||50|,,,,,Grass]Tatsugiri||ChoiceScarf|Commander|DragonPulse,IcyWind,DracoMeteor,MuddyWater|||M|||50|,,,,,Stellar]Sneasler||PsychicSeed|Unburden|DireClaw,CloseCombat,Protect,ThroatChop|||F|||50|,,,,,Dark]Whimsicott||CovertCloak|Prankster|Tailwind,Moonblast,Taunt,HelpingHand|||F|||50|,,,,,Grass]Ursaluna-Bloodmoon||LifeOrb|MindsEye|BloodMoon,HyperVoice,Protect,EarthPower|||M|||50|,,,,,Normal]Indeedee||FocusSash|PsychicSurge|ExpandingForce,TrickRoom,DazzlingGleam,Protect|||M|||50|,,,,,Fairy
|showteam|p2|Gholdengo||LifeOrb|GoodasGold|NastyPlot,MakeItRain,ShadowBall,Protect||||||50|,,,,,Water]Sneasler||WhiteHerb|Unburden|CloseCombat,DireClaw,Coaching,Protect|||M|||50|,,,,,Ghost]Rillaboom||AssaultVest|GrassySurge|FakeOut,GrassyGlide,DrumBeating,HighHorsepower|||M|||50|,,,,,Fire]Dragonite||LoadedDice|Multiscale|ScaleShot,StompingTantrum,Tailwind,Protect|||F|||50|,,,,,Ground]Ninetales-Alola||FocusSash|SnowWarning|IcyWind,Blizzard,FreezeDry,AuroraVeil|||M|||50|,,,,,Ghost]Incineroar||SafetyGoggles|Intimidate|FlareBlitz,KnockOff,FakeOut,PartingShot|||F|||50|,,,,,Ghost
|inactive|Battle timer is ON: inactive players will automatically lose when time's up. (requested by robby w)
|
|t:|1756678897
|teamsize|p1|4
|teamsize|p2|4
|start
|switch|p1a: Dondozo|Dondozo, L50, M, shiny|100/100
|switch|p1b: Sneasler|Sneasler, L50, F|100/100
|switch|p2a: Dragonite|Dragonite, L50, F|100/100
|switch|p2b: Ninetales|Ninetales-Alola, L50, M|100/100
|-weather|Snowscape|[from] ability: Snow Warning|[of] p2b: Ninetales
|turn|1
|inactive|furretusedpunch has 30 seconds left.
|
|t:|1756678930
|switch|p1a: Indeedee|Indeedee, L50, M|100/100
|-fieldstart|move: Psychic Terrain|[from] ability: Psychic Surge|[of] p1a: Indeedee
|-enditem|p1b: Sneasler|Psychic Seed
|-boost|p1b: Sneasler|spd|1|[from] item: Psychic Seed
|move|p1b: Sneasler|Dire Claw|p2b: Ninetales
|-supereffective|p2b: Ninetales
|-damage|p2b: Ninetales|15/100
|move|p2b: Ninetales|Aurora Veil|p2b: Ninetales
|-sidestart|p2: furretusedpunch|move: Aurora Veil
|move|p2a: Dragonite|Tailwind|p2a: Dragonite
|-sidestart|p2: furretusedpunch|move: Tailwind
|
|-weather|Snowscape|[upkeep]
|upkeep
|turn|2
|inactive|robby w has 30 seconds left.
|inactive|furretusedpunch has 30 seconds left.
|inactive|furretusedpunch has 20 seconds left.
|inactive|furretusedpunch has 15 seconds left.
|
|t:|1756678972
|move|p2b: Ninetales|Icy Wind|p1a: Indeedee|[spread] p1a,p1b
|-damage|p1a: Indeedee|78/100
|-damage|p1b: Sneasler|85/100
|-unboost|p1a: Indeedee|spe|1
|-unboost|p1b: Sneasler|spe|1
|move|p2a: Dragonite|Scale Shot|p1a: Indeedee
|-damage|p1a: Indeedee|44/100
|-damage|p1a: Indeedee|11/100
|-damage|p1a: Indeedee|0 fnt
|faint|p1a: Indeedee
|-hitcount|p1: Indeedee|3
|-unboost|p2a: Dragonite|def|1
|-boost|p2a: Dragonite|spe|1
|move|p1b: Sneasler|Dire Claw|p2a: Dragonite
|-damage|p2a: Dragonite|74/100
|-status|p2a: Dragonite|par
|
|-weather|Snowscape|[upkeep]
|upkeep
|
|t:|1756678990
|switch|p1a: Dondozo|Dondozo, L50, M, shiny|100/100
|turn|3
|
|t:|1756679003
|move|p1a: Dondozo|Protect|p1a: Dondozo
|-singleturn|p1a: Dondozo|Protect
|move|p2b: Ninetales|Blizzard|p1b: Sneasler|[spread] p1b
|-activate|p1a: Dondozo|move: Protect
|-damage|p1b: Sneasler|57/100
|move|p1b: Sneasler|Dire Claw|p2b: Ninetales
|-supereffective|p2b: Ninetales
|-damage|p2b: Ninetales|0 fnt
|faint|p2b: Ninetales
|cant|p2a: Dragonite|par
|
|-weather|Snowscape|[upkeep]
|upkeep
|
|t:|1756679020
|switch|p2b: Rillaboom|Rillaboom, L50, M|100/100
|-fieldstart|move: Grassy Terrain|[from] ability: Grassy Surge|[of] p2b: Rillaboom
|turn|4
|
|t:|1756679044
|switch|p1b: Tatsugiri|Tatsugiri, L50, M|100/100
|-activate|p1b: Tatsugiri|ability: Commander|[of] p1a: Dondozo
|-boost|p1a: Dondozo|atk|2
|-boost|p1a: Dondozo|spa|2
|-boost|p1a: Dondozo|spe|2
|-boost|p1a: Dondozo|def|2
|-boost|p1a: Dondozo|spd|2
|-terastallize|p1a: Dondozo|Grass
|move|p2b: Rillaboom|Drum Beating|p1a: Dondozo
|-resisted|p1a: Dondozo
|-damage|p1a: Dondozo|91/100
|-unboost|p1a: Dondozo|spe|1
|move|p2a: Dragonite|Stomping Tantrum|p1b: Tatsugiri|[miss]
|-miss|p2a: Dragonite|p1b: Tatsugiri
|move|p1a: Dondozo|Order Up|p2a: Dragonite
|-supereffective|p2a: Dragonite
|-damage|p2a: Dragonite|0 fnt
|faint|p2a: Dragonite
|-boost|p1a: Dondozo|atk|1
|
|-weather|Snowscape|[upkeep]
|-heal|p1a: Dondozo|97/100|[from] Grassy Terrain
|-heal|p1a: Dondozo|100/100|[from] item: Leftovers
|-sideend|p2: furretusedpunch|move: Tailwind
|upkeep
|
|t:|1756679060
|switch|p2a: Gholdengo|Gholdengo, L50|100/100
|turn|5
|
|t:|1756679081
|move|p2b: Rillaboom|Drum Beating|p1a: Dondozo
|-resisted|p1a: Dondozo
|-damage|p1a: Dondozo|92/100
|-unboost|p1a: Dondozo|spe|1
|move|p2a: Gholdengo|Make It Rain|p1a: Dondozo|[spread] p1a
|-miss|p2a: Gholdengo|p1b: Tatsugiri
|-damage|p1a: Dondozo|57/100
|-unboost|p2a: Gholdengo|spa|1
|-damage|p2a: Gholdengo|91/100|[from] item: Life Orb
|move|p1a: Dondozo|Order Up|p2b: Rillaboom
|-damage|p2b: Rillaboom|56/100
|-boost|p1a: Dondozo|atk|1
|
|-weather|none
|-heal|p2b: Rillaboom|61/100|[from] Grassy Terrain
|-heal|p2a: Gholdengo|97/100|[from] Grassy Terrain
|-heal|p1a: Dondozo|63/100|[from] Grassy Terrain
|-heal|p1a: Dondozo|70/100|[from] item: Leftovers
|-sideend|p2: furretusedpunch|move: Aurora Veil
|upkeep
|turn|6
|
|t:|1756679100
|move|p1a: Dondozo|Protect|p1a: Dondozo
|-singleturn|p1a: Dondozo|Protect
|move|p2b: Rillaboom|Drum Beating|p1a: Dondozo
|-activate|p1a: Dondozo|move: Protect
|move|p2a: Gholdengo|Make It Rain|p1a: Dondozo|[spread] 
|-miss|p2a: Gholdengo|p1b: Tatsugiri
|-activate|p1a: Dondozo|move: Protect
|
|-heal|p2b: Rillaboom|67/100|[from] Grassy Terrain
|-heal|p2a: Gholdengo|100/100|[from] Grassy Terrain
|-heal|p1a: Dondozo|76/100|[from] Grassy Terrain
|-heal|p1a: Dondozo|82/100|[from] item: Leftovers
|upkeep
|turn|7
|
|t:|1756679116
|move|p2b: Rillaboom|Drum Beating|p1a: Dondozo
|-resisted|p1a: Dondozo
|-damage|p1a: Dondozo|73/100
|-unboost|p1a: Dondozo|spe|1
|move|p2a: Gholdengo|Make It Rain|p1a: Dondozo|[spread] p1a
|-miss|p2a: Gholdengo|p1b: Tatsugiri
|-damage|p1a: Dondozo|35/100
|-unboost|p2a: Gholdengo|spa|1
|-damage|p2a: Gholdengo|91/100|[from] item: Life Orb
|move|p1a: Dondozo|Order Up|p2b: Rillaboom
|-damage|p2b: Rillaboom|0 fnt
|faint|p2b: Rillaboom
|-boost|p1a: Dondozo|atk|1
|
|-heal|p2a: Gholdengo|97/100|[from] Grassy Terrain
|-heal|p1a: Dondozo|41/100|[from] Grassy Terrain
|-heal|p1a: Dondozo|47/100|[from] item: Leftovers
|upkeep
|turn|8
|
|t:|1756679135
|move|p1a: Dondozo|Protect|p1a: Dondozo
|-singleturn|p1a: Dondozo|Protect
|move|p2a: Gholdengo|Nasty Plot|p2a: Gholdengo
|-boost|p2a: Gholdengo|spa|2
|
|-heal|p2a: Gholdengo|100/100|[from] Grassy Terrain
|-heal|p1a: Dondozo|53/100|[from] Grassy Terrain
|-heal|p1a: Dondozo|59/100|[from] item: Leftovers
|-fieldend|move: Grassy Terrain
|upkeep
|turn|9
|
|t:|1756679146
|move|p2a: Gholdengo|Make It Rain|p1a: Dondozo|[spread] p1a
|-miss|p2a: Gholdengo|p1b: Tatsugiri
|-damage|p1a: Dondozo|26/100
|-unboost|p2a: Gholdengo|spa|1
|-damage|p2a: Gholdengo|91/100|[from] item: Life Orb
|move|p1a: Dondozo|Earthquake|p2a: Gholdengo|[spread] p2a
|-miss|p1a: Dondozo|p1b: Tatsugiri
|-supereffective|p2a: Gholdengo
|-damage|p2a: Gholdengo|0 fnt
|faint|p2a: Gholdengo
|
|win|robby w
||furretusedpunch is ready for game 2.
|inactive|robby w has 30 seconds to confirm battle start!
||robby w is ready for game 2.
|uhtml|next|Next: Game 2 of 3
|l|☆furretusedpunch
|player|p2|
