|j|☆Imaginary Iris
|j|☆Manitarenios ht
|html|Imaginary IrisManitarenios ht    
|uhtml|bestof|Game 2 of a best-of-3
|t:|1757717394
|gametype|doubles
|player|p1|Imaginary Iris|lady|1126
|player|p2|Manitarenios ht|265|1090
|gen|9
|tier|[Gen 9] VGC 2025 Reg H (Bo3)
|rated|
|rule|Species Clause: Limit one of each Pokémon
|rule|Item Clause: Limit 1 of each item
|clearpoke
|poke|p1|Ninetales-Alola, L50, F|
|poke|p1|Ursaluna-Bloodmoon, L50, M|
|poke|p1|Talonflame, L50, F|
|poke|p1|Gholdengo, L50|
|poke|p1|Rillaboom, L50, F|
|poke|p1|Tauros-Paldea-Aqua, L50, M|
|poke|p2|Toedscruel, L50, F|
|poke|p2|Weezing-Galar, L50, M|
|poke|p2|Corviknight, L50, F|
|poke|p2|Pawmot, L50, M|
|poke|p2|Garchomp, L50, F|
|poke|p2|Typhlosion-Hisui, L50, F|
|teampreview|4
|showteam|p1|Ninetales-Alola||FocusSash|SnowWarning|Blizzard,AuroraVeil,FreezeDry,Moonblast|||F|||50|,,,,,Ghost]Ursaluna-Bloodmoon||AssaultVest|MindsEye|HyperVoice,BloodMoon,EarthPower,VacuumWave|||M|||50|,,,,,Water]Talonflame||CovertCloak|GaleWings|BraveBird,FlareBlitz,QuickGuard,Tailwind|||F|||50|,,,,,Ghost]Gholdengo||LifeOrb|GoodasGold|Protect,MakeItRain,NastyPlot,ShadowBall||||||50|,,,,,Steel]Rillaboom||MiracleSeed|GrassySurge|WoodHammer,FakeOut,GrassyGlide,HighHorsepower|||F|||50|,,,,,Fire]Tauros-Paldea-Aqua||MirrorHerb|Intimidate|Protect,AquaJet,CloseCombat,RagingBull|||M|||50|,,,,,Grass
|showteam|p2|Toedscruel||CovertCloak|MyceliumMight|Spore,EarthPower,AcidSpray,RagePowder|||F|||50|,,,,,Water]Weezing-Galar||ChoiceSpecs|NeutralizingGas|DazzlingGleam,SludgeBomb,StrangeSteam,Flamethrower|||M|||50|,,,,,Fire]Corviknight||SitrusBerry|MirrorArmor|Protect,Tailwind,Roost,BraveBird|||F|||50|,,,,,Dragon]Pawmot||FocusSash|NaturalCure|Protect,CloseCombat,DoubleShock,FakeOut|||M|||50|,,,,,Electric]Garchomp||LifeOrb|RoughSkin|Protect,Earthquake,DragonClaw,StompingTantrum|||F|||50|,,,,,Ground]Typhlosion-Hisui||ChoiceScarf|Blaze|Eruption,SleepTalk,HeatWave,ShadowBall|||F|||50|,,,,,Fire
|inactive|Battle timer is ON: inactive players will automatically lose when time's up. (requested by Manitarenios ht)
|inactive|Imaginary Iris has 60 seconds left.
|
|t:|1757717457
|teamsize|p1|4
|teamsize|p2|4
|start
|switch|p1a: Talonflame|Talonflame, L50, F|100/100
|switch|p1b: Tauros|Tauros-Paldea-Aqua, L50, M|100/100
|switch|p2a: Corviknight|Corviknight, L50, F|100/100
|switch|p2b: Garchomp|Garchomp, L50, F|100/100
|-ability|p1b: Tauros|Intimidate|boost
|-ability|p2a: Corviknight|Mirror Armor
|-unboost|p1b: Tauros|atk|1
|-unboost|p2b: Garchomp|atk|1
|turn|1
|inactive|Imaginary Iris has 30 seconds left.
|inactive|Imaginary Iris has 20 seconds left.
|
|t:|1757717493
|move|p2b: Garchomp|Protect|p2b: Garchomp
|-singleturn|p2b: Garchomp|Protect
|move|p1a: Talonflame|Tailwind|p1a: Talonflame
|-sidestart|p1: Imaginary Iris|move: Tailwind
|move|p1b: Tauros|Raging Bull|p2a: Corviknight
|-damage|p2a: Corviknight|73/100
|move|p2a: Corviknight|Tailwind|p2a: Corviknight
|-sidestart|p2: Manitarenios ht|move: Tailwind
|
|upkeep
|turn|2
|
|t:|1757717516
|move|p1b: Tauros|Protect|p1b: Tauros
|-singleturn|p1b: Tauros|Protect
|move|p1a: Talonflame|Flare Blitz|p2a: Corviknight
|-supereffective|p2a: Corviknight
|-damage|p2a: Corviknight|0 fnt
|faint|p2a: Corviknight
|-damage|p1a: Talonflame|69/100|[from] Recoil
|move|p2b: Garchomp|Dragon Claw|p1b: Tauros
|-activate|p1b: Tauros|move: Protect
|
|upkeep
|
|t:|1757717523
|switch|p2a: Pawmot|Pawmot, L50, M|100/100
|turn|3
|inactive|Imaginary Iris has 30 seconds left.
|
|t:|1757717553
|switch|p1b: Ursaluna|Ursaluna-Bloodmoon, L50, M|100/100
|-terastallize|p2a: Pawmot|Electric
|move|p1a: Talonflame|Brave Bird|p2a: Pawmot
|-resisted|p2a: Pawmot
|-damage|p2a: Pawmot|66/100
|-damage|p1a: Talonflame|58/100|[from] Recoil
|move|p2a: Pawmot|Double Shock|p1b: Ursaluna
|-immune|p1b: Ursaluna
|move|p2b: Garchomp|Dragon Claw|p1a: Talonflame
|-damage|p1a: Talonflame|4/100
|-damage|p2b: Garchomp|91/100|[from] item: Life Orb
|
|upkeep
|turn|4
|inactive|Imaginary Iris has 30 seconds left.
|inactive|Manitarenios ht has 30 seconds left.
|inactive|Manitarenios ht has 20 seconds left.
|
|t:|1757717592
|move|p1a: Talonflame|Flare Blitz|p2a: Pawmot
|-damage|p2a: Pawmot|0 fnt
|faint|p2a: Pawmot
|-damage|p1a: Talonflame|0 fnt|[from] Recoil
|faint|p1a: Talonflame
|move|p2b: Garchomp|Dragon Claw|p1b: Ursaluna
|-damage|p1b: Ursaluna|74/100
|-damage|p2b: Garchomp|81/100|[from] item: Life Orb
|move|p1b: Ursaluna|Blood Moon|p2b: Garchomp
|-damage|p2b: Garchomp|0 fnt
|faint|p2b: Garchomp
|
|-sideend|p2: Manitarenios ht|move: Tailwind
|-sideend|p1: Imaginary Iris|move: Tailwind
|upkeep
|
|t:|1757717602
|switch|p1a: Ninetales|Ninetales-Alola, L50, F, shiny|100/100
|switch|p2b: Typhlosion|Typhlosion-Hisui, L50, F|100/100
|-weather|Snowscape|[from] ability: Snow Warning|[of] p1a: Ninetales
|turn|5
|
|t:|1757717621
|-terastallize|p1b: Ursaluna|Water
|move|p2b: Typhlosion|Eruption|p1b: Ursaluna|[spread] p1a,p1b
|-supereffective|p1a: Ninetales
|-resisted|p1b: Ursaluna
|-enditem|p1a: Ninetales|Focus Sash
|-damage|p1a: Ninetales|1/100
|-damage|p1b: Ursaluna|54/100
|move|p1a: Ninetales|Aurora Veil|p1a: Ninetales
|-sidestart|p1: Imaginary Iris|move: Aurora Veil
|move|p1b: Ursaluna|Earth Power|p2b: Typhlosion
|-supereffective|p2b: Typhlosion
|-crit|p2b: Typhlosion
|-damage|p2b: Typhlosion|0 fnt
|faint|p2b: Typhlosion
|
|win|Imaginary Iris
|raw|Imaginary Iris's rating: 1126 → 1148(+22 for winning)
|raw|Manitarenios ht's rating: 1090 → 1069(-21 for losing)
