|j|☆DINOLONK
|j|☆blackstormgames
|html|DINOLONKblackstormgames    
|uhtml|bestof|Game 1 of a best-of-3
|t:|1782575260
|gametype|doubles
|player|p1|DINOLONK|parasollady-gen4|1150
|player|p2|blackstormgames|lance|1211
|gen|9
|tier|[Gen 9 Champions] VGC 2026 Reg M-B (Bo3)
|rated|
|rule|Species Clause: Limit one of each Pokémon
|rule|Item Clause: Limit 1 of each item
|clearpoke
|poke|p1|Hydreigon, L50, M|
|poke|p1|Garchomp, L50, F|
|poke|p1|Metagross, L50|
|poke|p1|Charizard, L50, M|
|poke|p1|Grimmsnarl, L50, M|
|poke|p1|Toxapex, L50, M|
|poke|p2|Blaziken, L50, M|
|poke|p2|Kingambit, L50, M|
|poke|p2|Basculegion, L50, M|
|poke|p2|Sylveon, L50, M|
|poke|p2|Torkoal, L50, M|
|poke|p2|Whimsicott, L50, M|
|teampreview|4
|showteam|p1|Hydreigon||ChoiceScarf|Levitate|HeatWave,DarkPulse,DracoMeteor,Snarl|Modest||M|||50|]Garchomp||SitrusBerry|RoughSkin|Earthquake,RockSlide,DragonClaw,Protect|Adamant||F|||50|]Metagross||Metagrossite|ClearBody|IronHead,HammerArm,BulletPunch,Protect|Adamant|||||50|]Charizard||CharizarditeY|Blaze|Protect,HeatWave,SolarBeam,WeatherBall|Timid||M|||50|]Grimmsnarl||RoseliBerry|Prankster|FakeOut,FoulPlay,Reflect,PartingShot|Sassy||M|||50|]Toxapex||Leftovers|Regenerator|Infestation,Toxic,BanefulBunker,WideGuard|Bold||M|||50|
|showteam|p2|Blaziken||Blazikenite|SpeedBoost|FlareBlitz,CloseCombat,RockSlide,Protect|Adamant||M|||50|]Kingambit||LifeOrb|Defiant|KowtowCleave,SuckerPunch,IronHead,Protect|Adamant||M|||50|]Basculegion||FocusSash|Adaptability|Liquidation,AquaJet,LastRespects,Protect|Adamant||M|||50|]Sylveon||FairyFeather|Pixilate|HyperVoice,HyperBeam,QuickAttack,Detect|Modest||M|||50|]Torkoal||Leftovers|Drought|Eruption,Yawn,WeatherBall,Protect|Quiet||M|||50|]Whimsicott||CobaBerry|Prankster|Moonblast,Tailwind,Encore,Protect|Bold||M|||50|
|inactive|Battle timer is ON: inactive players will automatically lose when time's up. (requested by DINOLONK)
|inactive|blackstormgames has 60 seconds left.
|
|t:|1782575302
|teamsize|p1|4
|teamsize|p2|4
|start
|switch|p1a: Garchomp|Garchomp, L50, F|100/100
|switch|p1b: Hydreigon|Hydreigon, L50, M|100/100
|switch|p2a: Blaziken|Blaziken, L50, M|100/100
|switch|p2b: Whimsicott|Whimsicott, L50, M|100/100
|turn|1
|
|t:|1782575321
|switch|p2a: Sylveon|Sylveon, L50, M|100/100
|move|p1b: Hydreigon|Heat Wave|p2a: Sylveon|[spread] p2a,p2b
|-supereffective|p2b: Whimsicott|1
|-damage|p2a: Sylveon|78/100
|-damage|p2b: Whimsicott|30/100
|move|p2b: Whimsicott|Moonblast|p1b: Hydreigon
|-supereffective|p1b: Hydreigon|2
|-damage|p1b: Hydreigon|0 fnt
|faint|p1b: Hydreigon
|move|p1a: Garchomp|Earthquake|p2b: Whimsicott|[spread] p2a,p2b
|-resisted|p2b: Whimsicott|1
|-damage|p2a: Sylveon|33/100
|-damage|p2b: Whimsicott|10/100
|
|upkeep
|
|t:|1782575325
|switch|p1b: Charizard|Charizard, L50, M|100/100
|turn|2
|
|t:|1782575338
|detailschange|p1b: Charizard|Charizard-Mega-Y, L50, M
|-mega|p1b: Charizard|Charizard|Charizardite Y
|-weather|SunnyDay|[from] ability: Drought|[of] p1b: Charizard
|move|p1a: Garchomp|Protect|p1a: Garchomp
|-singleturn|p1a: Garchomp|Protect
|move|p2b: Whimsicott|Tailwind|p2b: Whimsicott
|-sidestart|p2: blackstormgames|move: Tailwind
|move|p2a: Sylveon|Hyper Voice|p1b: Charizard|[spread] p1b
|-activate|p1a: Garchomp|move: Protect
|-resisted|p1b: Charizard|1
|-damage|p1b: Charizard|76/100
|move|p1b: Charizard|Heat Wave|p2b: Whimsicott|[spread] p2a
|-miss|p1b: Charizard|p2b: Whimsicott
|-damage|p2a: Sylveon|0 fnt
|faint|p2a: Sylveon
|
|-weather|SunnyDay|[upkeep]
|upkeep
|
|t:|1782575353
|switch|p2a: Basculegion|Basculegion, L50, M|100/100
|turn|3
|
|t:|1782575359
|switch|p1a: Toxapex|Toxapex, L50, M|100/100
|move|p2b: Whimsicott|Encore||[still]
|-fail|p2b: Whimsicott
|move|p2a: Basculegion|Liquidation|p1b: Charizard
|-supereffective|p1b: Charizard|1
|-damage|p1b: Charizard|9/100
|move|p1b: Charizard|Heat Wave|p2b: Whimsicott|[spread] p2a,p2b
|-resisted|p2a: Basculegion|1
|-supereffective|p2b: Whimsicott|1
|-damage|p2a: Basculegion|66/100
|-damage|p2b: Whimsicott|0 fnt
|faint|p2b: Whimsicott
|
|-weather|SunnyDay|[upkeep]
|upkeep
|
|t:|1782575371
|switch|p2b: Blaziken|Blaziken, L50, M|100/100
|turn|4
|
|t:|1782575376
|detailschange|p2b: Blaziken|Blaziken-Mega, L50, M
|-mega|p2b: Blaziken|Blaziken|Blazikenite
|move|p1b: Charizard|Protect|p1b: Charizard
|-singleturn|p1b: Charizard|Protect
|move|p2b: Blaziken|Rock Slide|p1a: Toxapex|[spread] p1a
|-activate|p1b: Charizard|move: Protect
|-damage|p1a: Toxapex|84/100
|move|p2a: Basculegion|Last Respects|p1a: Toxapex
|-damage|p1a: Toxapex|18/100
|move|p1a: Toxapex|Toxic|p2b: Blaziken
|-status|p2b: Blaziken|tox
|
|-weather|SunnyDay|[upkeep]
|-heal|p1a: Toxapex|24/100|[from] item: Leftovers
|-damage|p2b: Blaziken|94/100 tox|[from] psn
|-ability|p2b: Blaziken|Speed Boost|boost
|-boost|p2b: Blaziken|spe|1
|upkeep
|turn|5
|
|t:|1782575395
|switch|p1b: Garchomp|Garchomp, L50, F|100/100
|move|p1a: Toxapex|Baneful Bunker|p1a: Toxapex
|-singleturn|p1a: Toxapex|move: Protect
|move|p2b: Blaziken|Rock Slide|p1a: Toxapex|[spread] p1b
|-activate|p1a: Toxapex|move: Protect
|-resisted|p1b: Garchomp|1
|-damage|p1b: Garchomp|88/100
|move|p2a: Basculegion|Last Respects|p1a: Toxapex
|-activate|p1a: Toxapex|move: Protect
|
|-weather|SunnyDay|[upkeep]
|-heal|p1a: Toxapex|29/100|[from] item: Leftovers
|-damage|p2b: Blaziken|82/100 tox|[from] psn
|-sideend|p2: blackstormgames|move: Tailwind
|-ability|p2b: Blaziken|Speed Boost|boost
|-boost|p2b: Blaziken|spe|1
|upkeep
|turn|6
|
|t:|1782575417
|-heal|p1a: Toxapex|63/100|[from] ability: Regenerator|[silent]
|switch|p1a: Charizard|Charizard-Mega-Y, L50, M|9/100
|move|p2b: Blaziken|Close Combat|p1b: Garchomp
|-damage|p1b: Garchomp|23/100
|-unboost|p2b: Blaziken|def|1
|-unboost|p2b: Blaziken|spd|1
|-damage|p2b: Blaziken|70/100 tox|[from] ability: Rough Skin|[of] p1b: Garchomp
|-enditem|p1b: Garchomp|Sitrus Berry|[eat]
|-heal|p1b: Garchomp|48/100|[from] item: Sitrus Berry
|move|p1b: Garchomp|Earthquake|p2a: Basculegion|[spread] p2a,p2b
|-immune|p1a: Charizard
|-supereffective|p2b: Blaziken|1
|-damage|p2a: Basculegion|15/100
|-damage|p2b: Blaziken|0 fnt
|faint|p2b: Blaziken
|move|p2a: Basculegion|Last Respects|p1a: Charizard
|-damage|p1a: Charizard|0 fnt
|faint|p1a: Charizard
|
|-weather|none
|upkeep
|
|t:|1782575421
|switch|p1a: Toxapex|Toxapex, L50, M|63/100
|turn|7
|-message|blackstormgames forfeited.
|
|win|DINOLONK
