|j|☆Nebbyblast
|j|☆ConnorClub
|html|NebbyblastConnorClub    
|uhtml|bestof|Game 1 of a best-of-3
|t:|1782958280
|gametype|doubles
|player|p1|Nebbyblast|fantina|
|player|p2|ConnorClub|dawn-masters3|
|gen|9
|tier|[Gen 9 Champions] VGC 2026 Reg M-B (Bo3)
|rule|Species Clause: Limit one of each Pokémon
|rule|Item Clause: Limit 1 of each item
|clearpoke
|poke|p1|Kingambit, L50, F|
|poke|p1|Basculegion, L50, M|
|poke|p1|Charizard, L50, M|
|poke|p1|Garchomp, L50, F|
|poke|p1|Sylveon, L50, F|
|poke|p1|Aerodactyl, L50, F|
|poke|p2|Tyranitar, L50, F|
|poke|p2|Excadrill, L50, F|
|poke|p2|Incineroar, L50, F, shiny|
|poke|p2|Sylveon, L50, F, shiny|
|poke|p2|Sinistcha, L50, shiny|
|poke|p2|Staraptor, L50, F, shiny|
|teampreview|4
|showteam|p1|Kingambit||ChopleBerry|Defiant|KowtowCleave,IronHead,SuckerPunch,Protect|Adamant||F|||50|]Basculegion||FocusSash|SwiftSwim|LastRespects,AquaJet,Liquidation,Protect|Jolly||M|||50|]Charizard||CharizarditeY|SolarPower|Protect,WeatherBall,HeatWave,SolarBeam|Timid||M|||50|]Garchomp||ChoiceScarf|RoughSkin|RockSlide,DragonClaw,StompingTantrum,Earthquake|Adamant||F|||50|]Sylveon||FairyFeather|Pixilate|Protect,QuickAttack,HyperBeam,HyperVoice|Modest||F|||50|]Aerodactyl||Aerodactylite|RockHead|Protect,DualWingbeat,Tailwind,RockSlide|Jolly||F|||50|
|showteam|p2|Tyranitar||Tyranitarite|SandStream|RockSlide,KnockOff,LowKick,Protect|Adamant||F|||50|]Excadrill||FocusSash|SandRush|Earthquake,RockSlide,IronHead,Protect|Adamant||F|||50|]Incineroar||PasshoBerry|Intimidate|ThroatChop,FlareBlitz,FakeOut,PartingShot|Impish||F|||50|]Sylveon||FairyFeather|Pixilate|HyperVoice,HyperBeam,QuickAttack,Protect|Modest||F|||50|]Sinistcha||SitrusBerry|Hospitality|MatchaGotcha,RagePowder,TrickRoom,StrengthSap|Calm|||||50|]Staraptor||Staraptite|Intimidate|CloseCombat,BraveBird,Roost,Protect|Jolly||F|||50|
|inactive|Battle timer is ON: inactive players will automatically lose when time's up. (requested by Nebbyblast)
|inactiveoff|Battle timer is now OFF.
|c|☆Nebbyblast|good luck have fun connorchud
|j| iMysticLeafeon
|c|☆ConnorClub|wb reg
|c|☆ConnorClub|a
|c|☆Nebbyblast|wb reg not a
|j| rafoboy
|j| Javy Moment
|c| Javy Moment|GOOD LUCK TEAMMATE
|c| Javy Moment|GO GET EM
|c|☆ConnorClub|ty cap
|c| Javy Moment|NO PRESSURE WE ALL WIN IF YOU LOSE
|c| Javy Moment|:)
|c|☆ConnorClub|we need the 5-0 tho.
|c|☆Nebbyblast|they all lose if you win, the monkey's paw curls
|c| Javy Moment|TRUE!!!
|
|t:|1782958505
|teamsize|p1|4
|teamsize|p2|4
|start
|switch|p1a: Charizard|Charizard, L50, M|100/100
|switch|p1b: Garchomp|Garchomp, L50, F|100/100
|switch|p2a: Shizuku|Excadrill, L50, F|100/100
|switch|p2b: Sora|Sylveon, L50, F, shiny|100/100
|turn|1
|
|t:|1782958546
|detailschange|p1a: Charizard|Charizard-Mega-Y, L50, M
|-mega|p1a: Charizard|Charizard|Charizardite Y
|-weather|SunnyDay|[from] ability: Drought|[of] p1a: Charizard
|move|p2a: Shizuku|Protect|p2a: Shizuku
|-singleturn|p2a: Shizuku|Protect
|move|p2b: Sora|Protect|p2b: Sora
|-singleturn|p2b: Sora|Protect
|move|p1b: Garchomp|Earthquake|p2b: Sora|[spread] 
|-activate|p2a: Shizuku|move: Protect
|-activate|p2b: Sora|move: Protect
|-immune|p1a: Charizard
|move|p1a: Charizard|Heat Wave|p2a: Shizuku|[spread] 
|-activate|p2a: Shizuku|move: Protect
|-activate|p2b: Sora|move: Protect
|
|-weather|SunnyDay|[upkeep]
|upkeep
|turn|2
|
|t:|1782958562
|switch|p2b: Kaori|Tyranitar, L50, F|100/100
|-weather|Sandstorm|[from] ability: Sand Stream|[of] p2b: Kaori
|move|p2a: Shizuku|Rock Slide|p1b: Garchomp|[spread] p1a,p1b
|-supereffective|p1a: Charizard|2
|-resisted|p1b: Garchomp|1
|-damage|p1a: Charizard|0 fnt
|-damage|p1b: Garchomp|88/100
|faint|p1a: Charizard
|move|p1b: Garchomp|Earthquake|p2a: Shizuku|[spread] p2a,p2b
|-supereffective|p2a: Shizuku|1
|-supereffective|p2b: Kaori|1
|-enditem|p2a: Shizuku|Focus Sash
|-damage|p2a: Shizuku|1/100
|-damage|p2b: Kaori|29/100
|
|-weather|Sandstorm|[upkeep]
|upkeep
|
|t:|1782958575
|switch|p1a: Basculegion|Basculegion, L50, M|100/100
|turn|3
|
|t:|1782958615
|move|p2a: Shizuku|Protect|p2a: Shizuku
|-singleturn|p2a: Shizuku|Protect
|move|p1a: Basculegion|Protect|p1a: Basculegion
|-singleturn|p1a: Basculegion|Protect
|move|p2b: Kaori|Protect|p2b: Kaori
|-singleturn|p2b: Kaori|Protect
|move|p1b: Garchomp|Earthquake|p2b: Kaori|[spread] 
|-activate|p1a: Basculegion|move: Protect
|-activate|p2a: Shizuku|move: Protect
|-activate|p2b: Kaori|move: Protect
|
|-weather|Sandstorm|[upkeep]
|-damage|p1a: Basculegion|93/100|[from] Sandstorm
|upkeep
|turn|4
|
|t:|1782958642
|switch|p2a: Naoi|Sinistcha, L50, shiny|100/100
|-heal|p2b: Kaori|54/100|[from] ability: Hospitality|[of] p2a: Naoi
|detailschange|p2b: Kaori|Tyranitar-Mega, L50, F
|-mega|p2b: Kaori|Tyranitar|Tyranitarite
|move|p1a: Basculegion|Aqua Jet|p2a: Naoi
|-resisted|p2a: Naoi|1
|-damage|p2a: Naoi|92/100
|move|p1b: Garchomp|Earthquake|p2b: Kaori|[spread] p1a,p2a,p2b
|-resisted|p2a: Naoi|1
|-supereffective|p2b: Kaori|1
|-damage|p1a: Basculegion|38/100
|-damage|p2a: Naoi|75/100
|-damage|p2b: Kaori|1/100
|move|p2b: Kaori|Knock Off|p1a: Basculegion
|-supereffective|p1a: Basculegion|1
|-crit|p1a: Basculegion
|-damage|p1a: Basculegion|0 fnt
|-enditem|p1a: Basculegion|Focus Sash|[from] move: Knock Off|[of] p2b: Kaori
|faint|p1a: Basculegion
|
|-weather|Sandstorm|[upkeep]
|-damage|p2a: Naoi|69/100|[from] Sandstorm
|upkeep
|
|t:|1782958654
|switch|p1a: Kingambit|Kingambit, L50, F|100/100
|turn|5
|
|t:|1782958688
|move|p2b: Kaori|Protect|p2b: Kaori
|-singleturn|p2b: Kaori|Protect
|move|p1b: Garchomp|Earthquake|p2a: Naoi|[spread] p1a,p2a
|-activate|p2b: Kaori|move: Protect
|-supereffective|p1a: Kingambit|1
|-resisted|p2a: Naoi|1
|-damage|p1a: Kingambit|41/100
|-damage|p2a: Naoi|50/100g
|move|p1a: Kingambit|Kowtow Cleave|p2a: Naoi
|-supereffective|p2a: Naoi|1
|-damage|p2a: Naoi|0 fnt
|faint|p2a: Naoi
|
|-weather|Sandstorm|[upkeep]
|upkeep
|
|t:|1782958699
|switch|p2a: Shizuku|Excadrill, L50, F|1/100
|turn|6
|
|t:|1782958723
|move|p2a: Shizuku|Protect|p2a: Shizuku
|-singleturn|p2a: Shizuku|Protect
|move|p1a: Kingambit|Sucker Punch||[still]
|-fail|p1a: Kingambit
|move|p1b: Garchomp|Earthquake|p2a: Shizuku|[spread] p1a,p2b
|-activate|p2a: Shizuku|move: Protect
|-supereffective|p1a: Kingambit|1
|-supereffective|p2b: Kaori|1
|-damage|p1a: Kingambit|0 fnt
|-damage|p2b: Kaori|0 fnt
|faint|p1a: Kingambit
|faint|p2b: Kaori
|
|-weather|none
|upkeep
|
|t:|1782958728
|switch|p2b: Sora|Sylveon, L50, F, shiny|100/100
|turn|7
|
|t:|1782958742
|move|p1b: Garchomp|Earthquake|p2a: Shizuku|[spread] p2a,p2b
|-supereffective|p2a: Shizuku|1
|-damage|p2a: Shizuku|0 fnt
|-damage|p2b: Sora|49/100
|faint|p2a: Shizuku
|move|p2b: Sora|Hyper Voice|p1b: Garchomp
|-supereffective|p1b: Garchomp|1
|-damage|p1b: Garchomp|0 fnt
|faint|p1b: Garchomp
|
|win|ConnorClub
||ConnorClub is ready for game 2.
||Nebbyblast is ready for game 2.
|uhtml|next|Next: Game 2 of 3
